  <div class='ocr_page' id='page_1' title='image "/cluster/home/n/w/nwhite01/storage/ocr_20150623/123/nnc1.0046979670/282.png"; bbox 0 0 4298 6446; ppageno 0'>
   <div class='ocr_carea' id='block_1_1' title="bbox 295 395 408 460">
    <p class='ocr_par' dir='ltr' id='par_1_1' title="bbox 295 395 408 460">
     <span class='ocr_line' id='line_1_1' title="bbox 295 395 408 460; baseline -0.018 1"><span class='ocrx_word' id='word_1_1' title='bbox 295 395 408 460; x_wconf 63' lang='grc'><strong>545</strong></span> 
     </span>
    </p>
   </div>
   <div class='ocr_carea' id='block_1_2' title="bbox 1011 388 2871 454">
    <p class='ocr_par' dir='ltr' id='par_1_2' title="bbox 1011 388 2871 454">
     <span class='ocr_line' id='line_1_2' title="bbox 1011 388 2871 454; baseline 0.001 -3"><span class='ocrx_word' id='word_1_2' title='bbox 1011 389 1456 451; x_wconf 61' lang='lat' dir='ltr'><strong>ENARRATIO</strong></span> <span class='ocrx_word' id='word_1_3' title='bbox 1496 388 1581 450; x_wconf 84' lang='lat' dir='ltr'><strong>IN</strong></span> <span class='ocrx_word' id='word_1_4' title='bbox 1619 388 2127 452; x_wconf 62' lang='lat' dir='ltr'><strong>EVANGELIUM</strong></span> <span class='ocrx_word' id='word_1_5' title='bbox 2165 389 2435 453; x_wconf 82' lang='lat' dir='ltr'><strong>MARCI.</strong></span> <span class='ocrx_word' id='word_1_6' title='bbox 2465 414 2539 430; x_wconf 91' lang='grc'><strong>·-</strong></span> <span class='ocrx_word' id='word_1_7' title='bbox 2570 390 2728 453; x_wconf 80' lang='lat' dir='ltr'><strong>CAP.</strong></span> <span class='ocrx_word' id='word_1_8' title='bbox 2775 392 2871 454; x_wconf 84' lang='lat' dir='ltr'><strong>Vl.</strong></span> 
     </span>
    </p>
   </div>
   <div class='ocr_carea' id='block_1_3' title="bbox 3478 407 3580 467">
    <p class='ocr_par' dir='ltr' id='par_1_3' title="bbox 3478 407 3580 467">
     <span class='ocr_line' id='line_1_3' title="bbox 3478 407 3580 467; baseline 0.01 -1"><span class='ocrx_word' id='word_1_9' title='bbox 3478 407 3580 467; x_wconf 67' lang='lat'><strong>546</strong></span> 
     </span>
    </p>
   </div>
   <div class='ocr_carea' id='block_1_4' title="bbox 295 503 1992 588">
    <p class='ocr_par' dir='ltr' id='par_1_4' title="bbox 295 503 1959 575">
     <span class='ocr_line' id='line_1_4' title="bbox 295 503 1959 575; baseline -0.005 -7"><span class='ocrx_word' id='word_1_10' title='bbox 295 513 519 568; x_wconf 76' lang='grc' dir='ltr'>κλαίετε</span> <span class='ocrx_word' id='word_1_11' title='bbox 545 526 560 574; x_wconf 88' lang='lat'><strong>;</strong></span> <span class='ocrx_word' id='word_1_12' title='bbox 591 509 653 563; x_wconf 86' lang='grc' dir='ltr'><strong>τδ</strong></span> <span class='ocrx_word' id='word_1_13' title='bbox 695 507 913 563; x_wconf 98' lang='grc' dir='ltr'>παιδίον</span> <span class='ocrx_word' id='word_1_14' title='bbox 939 506 1040 558; x_wconf 75' lang='grc' dir='ltr'>οὐκ</span> <span class='ocrx_word' id='word_1_15' title='bbox 1081 505 1383 568; x_wconf 67' lang='grc' dir='ltr'>ἀπέθανεν,</span> <span class='ocrx_word' id='word_1_16' title='bbox 1419 505 1558 560; x_wconf 86' lang='grc' dir='ltr'><strong>ἀλλά</strong></span> <span class='ocrx_word' id='word_1_17' title='bbox 1605 503 1879 560; x_wconf 79' lang='grc' dir='ltr'><strong>καθεύδει.</strong></span> <span class='ocrx_word' id='word_1_18' title='bbox 1914 515 1959 575; x_wconf 74' lang='grc' dir='ltr'><strong>Α</strong></span> 
     </span>
    </p>
   </div>
   <div class='ocr_carea' id='block_1_5' title="bbox 1882 503 3579 588">
    <p class='ocr_par' dir='ltr' id='par_1_5' title="bbox 1914 503 3579 588">
     <span class='ocr_line' id='line_1_5' title="bbox 1914 503 3579 588; baseline 0.005 -29"><span class='ocrx_word' id='word_1_19' title='bbox 1914 515 1959 575; x_wconf 74' lang='grc' dir='ltr'><strong>Α</strong></span> <span class='ocrx_word' id='word_1_20' title='bbox 1991 513 2075 561; x_wconf 78' lang='lat' dir='ltr'><strong>est</strong></span> <span class='ocrx_word' id='word_1_21' title='bbox 2109 514 2360 570; x_wconf 81' lang='lat' dir='ltr'><strong>mortua,</strong></span> <span class='ocrx_word' id='word_1_22' title='bbox 2411 505 2506 561; x_wconf 81' lang='lat' dir='ltr'><strong>sed</strong></span> <span class='ocrx_word' id='word_1_23' title='bbox 2539 505 2760 561; x_wconf 97' lang='lat' dir='ltr'><strong>dormit.</strong></span> <span class='ocrx_word' id='word_1_24' title='bbox 2815 503 2882 559; x_wconf 82' lang='lat' dir='ltr'><strong>Et</strong></span> <span class='ocrx_word' id='word_1_25' title='bbox 2905 505 3206 588; x_wconf 74' lang='lat' dir='ltr'><strong>irridebant</strong></span> <span class='ocrx_word' id='word_1_26' title='bbox 3254 523 3400 564; x_wconf 84' lang='lat' dir='ltr'><strong>cum.</strong></span> <span class='ocrx_word' id='word_1_27' title='bbox 3459 511 3579 582; x_wconf 68' lang='lat' dir='ltr'><strong>Ipse</strong></span> 
     </span>
    </p>
   </div>
   <div class='ocr_carea' id='block_1_6' title="bbox 303 595 1882 665">
    <p class='ocr_par' dir='ltr' id='par_1_6' title="bbox 303 595 1882 665">
     <span class='ocr_line' id='line_1_6' title="bbox 303 595 1882 665; baseline -0.006 -7"><span class='ocrx_word' id='word_1_28' title='bbox 303 604 421 658; x_wconf 78' lang='lat' dir='ltr'><strong>Kal</strong></span> <span class='ocrx_word' id='word_1_29' title='bbox 453 600 764 665; x_wconf 73' lang='grc' dir='ltr'><strong>κατεγέλων</strong></span> <span class='ocrx_word' id='word_1_30' title='bbox 792 595 1061 650; x_wconf 78' lang='grc' dir='ltr'>αὑτοῦ.⁹0</span> <span class='ocrx_word' id='word_1_31' title='bbox 1106 597 1185 663; x_wconf 77' lang='grc' dir='ltr'>δὲ,</span> <span class='ocrx_word' id='word_1_32' title='bbox 1218 595 1467 651; x_wconf 74' lang='grc' dir='ltr'>ἐκϐαλὼν</span> <span class='ocrx_word' id='word_1_33' title='bbox 1506 596 1742 661; x_wconf 80' lang='grc' dir='ltr'>πάντας,</span> <span class='ocrx_word' id='word_1_34' title='bbox 1773 613 1882 650; x_wconf 86' lang='grc' dir='ltr'>πα-</span> 
     </span>
    </p>
   </div>
   <div class='ocr_carea' id='block_1_7' title="bbox 303 687 1882 766">
    <p class='ocr_par' dir='ltr' id='par_1_7' title="bbox 303 687 1882 766">
     <span class='ocr_line' id='line_1_7' title="bbox 303 687 1882 766; baseline -0.004 -20"><span class='ocrx_word' id='word_1_35' title='bbox 303 691 648 766; x_wconf 76' lang='grc' dir='ltr'>ραλαμϐάνει</span> <span class='ocrx_word' id='word_1_36' title='bbox 677 689 772 742; x_wconf 71' lang='grc' dir='ltr'><strong>τὸν</strong></span> <span class='ocrx_word' id='word_1_37' title='bbox 792 691 1010 759; x_wconf 77' lang='grc' dir='ltr'><strong>πατέρα</strong></span> <span class='ocrx_word' id='word_1_38' title='bbox 1038 687 1135 740; x_wconf 86' lang='grc' dir='ltr'><strong>τοῦ</strong></span> <span class='ocrx_word' id='word_1_39' title='bbox 1165 688 1378 741; x_wconf 79' lang='grc' dir='ltr'><strong>παιδίου</strong></span> <span class='ocrx_word' id='word_1_40' title='bbox 1403 689 1496 741; x_wconf 76' lang='grc' dir='ltr'>καὶ</span> <span class='ocrx_word' id='word_1_41' title='bbox 1519 687 1620 759; x_wconf 80' lang='grc' dir='ltr'>τὴν</span> <span class='ocrx_word' id='word_1_42' title='bbox 1645 688 1882 759; x_wconf 78' lang='grc' dir='ltr'>μητέρα,</span> 
     </span>
    </p>
   </div>
   <div class='ocr_carea' id='block_1_8' title="bbox 299 774 1885 851">
    <p class='ocr_par' dir='ltr' id='par_1_8' title="bbox 299 774 1885 851">
     <span class='ocr_line' id='line_1_8' title="bbox 299 774 1885 851; baseline -0.004 -12"><span class='ocrx_word' id='word_1_43' title='bbox 299 788 400 839; x_wconf 77' lang='grc' dir='ltr'>καὶ</span> <span class='ocrx_word' id='word_1_44' title='bbox 429 787 555 845; x_wconf 73' lang='grc' dir='ltr'>τοὺς</span> <span class='ocrx_word' id='word_1_45' title='bbox 593 781 712 850; x_wconf 84' lang='grc' dir='ltr'>μετ’</span> <span class='ocrx_word' id='word_1_46' title='bbox 747 781 939 846; x_wconf 82' lang='grc' dir='ltr'>αὐτοῦ,</span> <span class='ocrx_word' id='word_1_47' title='bbox 974 781 1070 833; x_wconf 80' lang='grc' dir='ltr'>καὶ</span> <span class='ocrx_word' id='word_1_48' title='bbox 1120 779 1507 848; x_wconf 71' lang='grc' dir='ltr'><strong>εἰσπορεύεται</strong></span> <span class='ocrx_word' id='word_1_49' title='bbox 1542 781 1675 834; x_wconf 86' lang='grc' dir='ltr'>ὅπου</span> <span class='ocrx_word' id='word_1_50' title='bbox 1720 774 1792 851; x_wconf 78' lang='grc' dir='ltr'>ἦν</span> <span class='ocrx_word' id='word_1_51' title='bbox 1823 779 1885 832; x_wconf 82' lang='grc' dir='ltr'>τὸ</span> 
     </span>
    </p>
   </div>
   <div class='ocr_carea' id='block_1_9' title="bbox 301 873 1882 946">
    <p class='ocr_par' dir='ltr' id='par_1_9' title="bbox 301 873 1882 946">
     <span class='ocr_line' id='line_1_9' title="bbox 301 873 1882 946; baseline -0.004 -13"><span class='ocrx_word' id='word_1_52' title='bbox 301 878 520 933; x_wconf 76' lang='grc' dir='ltr'>παιδίον</span> <span class='ocrx_word' id='word_1_53' title='bbox 551 877 934 946; x_wconf 73' lang='grc' dir='ltr'><strong>ἀνακείμενον,</strong></span> <span class='ocrx_word' id='word_1_54' title='bbox 963 875 1054 927; x_wconf 69' lang='grc' dir='ltr'>καὶ</span> <span class='ocrx_word' id='word_1_55' title='bbox 1108 875 1392 945; x_wconf 80' lang='grc' dir='ltr'><strong>κρατήσας</strong></span> <span class='ocrx_word' id='word_1_56' title='bbox 1435 874 1534 942; x_wconf 85' lang='grc' dir='ltr'>τῆς</span> <span class='ocrx_word' id='word_1_57' title='bbox 1566 875 1749 945; x_wconf 76' lang='grc' dir='ltr'>χειρὸς</span> <span class='ocrx_word' id='word_1_58' title='bbox 1786 873 1882 928; x_wconf 90' lang='grc' dir='ltr'><strong>τοῦ</strong></span> 
     </span>
    </p>
   </div>
   <div class='ocr_carea' id='block_1_10' title="bbox 300 965 1885 1038">
    <p class='ocr_par' dir='ltr' id='par_1_10' title="bbox 300 965 1885 1038">
     <span class='ocr_line' id='line_1_10' title="bbox 300 965 1885 1038; baseline -0.003 -14"><span class='ocrx_word' id='word_1_59' title='bbox 300 972 542 1031; x_wconf 87' lang='grc' dir='ltr'>παιδίου,</span> <span class='ocrx_word' id='word_1_60' title='bbox 578 971 728 1036; x_wconf 91' lang='grc' dir='ltr'>λέγει</span> <span class='ocrx_word' id='word_1_61' title='bbox 758 969 918 1038; x_wconf 74' lang='grc' dir='ltr'>αὖτῇο</span> <span class='ocrx_word' id='word_1_62' title='bbox 951 965 1161 1019; x_wconf 80' lang='grc' dir='ltr'>Ταλιθά</span> <span class='ocrx_word' id='word_1_63' title='bbox 1212 967 1402 1035; x_wconf 88' lang='grc' dir='ltr'>κοῦμι,</span> <span class='ocrx_word' id='word_1_64' title='bbox 1453 968 1483 1020; x_wconf 80' lang='grc' dir='ltr'><strong>ὅ</strong></span> <span class='ocrx_word' id='word_1_65' title='bbox 1533 968 1648 1020; x_wconf 80' lang='grc' dir='ltr'>ἐστι</span> <span class='ocrx_word' id='word_1_66' title='bbox 1686 967 1885 1036; x_wconf 84' lang='grc' dir='ltr'>μεθερ-</span> 
     </span>
    </p>
   </div>
   <div class='ocr_carea' id='block_1_11' title="bbox 302 1059 1883 1133">
    <p class='ocr_par' dir='ltr' id='par_1_11' title="bbox 302 1059 1883 1133">
     <span class='ocr_line' id='line_1_11' title="bbox 302 1059 1883 1133; baseline 0 -19"><span class='ocrx_word' id='word_1_67' title='bbox 302 1063 696 1133; x_wconf 60' lang='grc' dir='ltr'>μηνευόμενον</span> <span class='ocrx_word' id='word_1_68' title='bbox 732 1060 805 1112; x_wconf 83' lang='grc' dir='ltr'><strong>Τὸ</strong></span> <span class='ocrx_word' id='word_1_69' title='bbox 848 1060 1127 1130; x_wconf 84' lang='grc' dir='ltr'>κοράσιον,</span> <span class='ocrx_word' id='word_1_70' title='bbox 1165 1060 1248 1112; x_wconf 79' lang='grc' dir='ltr'>σοὶ</span> <span class='ocrx_word' id='word_1_71' title='bbox 1291 1059 1470 1128; x_wconf 73' lang='grc' dir='ltr'>λέγω,</span> <span class='ocrx_word' id='word_1_72' title='bbox 1501 1060 1737 1128; x_wconf 83' lang='grc' dir='ltr'>έγειραι.</span> <span class='ocrx_word' id='word_1_73' title='bbox 1770 1062 1883 1116; x_wconf 76' lang='grc' dir='ltr'><strong>Καὶ</strong></span> 
     </span>
    </p>
   </div>
   <div class='ocr_carea' id='block_1_12' title="bbox 301 1148 1882 1222">
    <p class='ocr_par' dir='ltr' id='par_1_12' title="bbox 301 1148 1882 1222">
     <span class='ocr_line' id='line_1_12' title="bbox 301 1148 1882 1222; baseline -0.001 -16"><span class='ocrx_word' id='word_1_74' title='bbox 301 1155 510 1216; x_wconf 74' lang='grc' dir='ltr'>εὐθέως</span> <span class='ocrx_word' id='word_1_75' title='bbox 571 1153 771 1220; x_wconf 79' lang='grc' dir='ltr'><strong>ἀνέστη</strong></span> <span class='ocrx_word' id='word_1_76' title='bbox 823 1151 885 1203; x_wconf 79' lang='grc' dir='ltr'>τὸ</span> <span class='ocrx_word' id='word_1_77' title='bbox 932 1151 1354 1221; x_wconf 65' lang='grc' dir='ltr'>κοράσιον,καῖ</span> <span class='ocrx_word' id='word_1_78' title='bbox 1412 1153 1738 1221; x_wconf 82' lang='grc' dir='ltr'>περιεπάτει</span> <span class='ocrx_word' id='word_1_79' title='bbox 1790 1148 1882 1222; x_wconf 80' lang='grc' dir='ltr'>(ἦν</span> 
     </span>
    </p>
   </div>
   <div class='ocr_carea' id='block_1_13' title="bbox 297 1241 1879 1316">
    <p class='ocr_par' dir='ltr' id='par_1_13' title="bbox 297 1241 1879 1316">
     <span class='ocr_line' id='line_1_13' title="bbox 297 1241 1879 1316; baseline -0.001 -19"><span class='ocrx_word' id='word_1_80' title='bbox 297 1248 414 1313; x_wconf 83' lang='grc' dir='ltr'>γὰρ</span> <span class='ocrx_word' id='word_1_81' title='bbox 439 1246 575 1296; x_wconf 73' lang='grc' dir='ltr'>ἑτῶν</span> <span class='ocrx_word' id='word_1_82' title='bbox 603 1243 866 1312; x_wconf 85' lang='grc' dir='ltr'>δώδεκα),</span> <span class='ocrx_word' id='word_1_83' title='bbox 899 1244 992 1295; x_wconf 78' lang='grc' dir='ltr'>καὶ</span> <span class='ocrx_word' id='word_1_84' title='bbox 1019 1241 1318 1312; x_wconf 70' lang='grc' dir='ltr'><strong>ἐξέστησαν</strong></span> <span class='ocrx_word' id='word_1_85' title='bbox 1353 1245 1611 1298; x_wconf 76' lang='grc' dir='ltr'><strong>ἐκστάσει</strong></span> <span class='ocrx_word' id='word_1_86' title='bbox 1644 1245 1879 1316; x_wconf 80' lang='grc' dir='ltr'>μεγάλῃ,</span> 
     </span>
    </p>
   </div>
   <div class='ocr_carea' id='block_1_14' title="bbox 299 1331 1880 1402">
    <p class='ocr_par' dir='ltr' id='par_1_14' title="bbox 299 1331 1880 1402">
     <span class='ocr_line' id='line_1_14' title="bbox 299 1331 1880 1402; baseline -0.004 -12"><span class='ocrx_word' id='word_1_87' title='bbox 299 1339 400 1390; x_wconf 64' lang='grc' dir='ltr'>καὶ</span> <span class='ocrx_word' id='word_1_88' title='bbox 425 1334 757 1388; x_wconf 68' lang='grc' dir='ltr'>διεστείλατο</span> <span class='ocrx_word' id='word_1_89' title='bbox 787 1333 973 1394; x_wconf 80' lang='grc' dir='ltr'>αὐτοῖς</span> <span class='ocrx_word' id='word_1_90' title='bbox 1015 1331 1188 1385; x_wconf 88' lang='grc' dir='ltr'>πολλά</span> <span class='ocrx_word' id='word_1_91' title='bbox 1219 1333 1306 1384; x_wconf 81' lang='grc' dir='ltr'>ἵνα</span> <span class='ocrx_word' id='word_1_92' title='bbox 1341 1332 1531 1402; x_wconf 76' lang='grc' dir='ltr'>μηδεὶς</span> <span class='ocrx_word' id='word_1_93' title='bbox 1560 1333 1675 1401; x_wconf 88' lang='grc' dir='ltr'>γνῷ</span> <span class='ocrx_word' id='word_1_94' title='bbox 1701 1331 1880 1396; x_wconf 84' lang='grc' dir='ltr'>τοῦτο,</span> 
     </span>
    </p>
   </div>
   <div class='ocr_carea' id='block_1_15' title="bbox 300 1421 1885 1492">
    <p class='ocr_par' dir='ltr' id='par_1_15' title="bbox 300 1421 1885 1492">
     <span class='ocr_line' id='line_1_15' title="bbox 300 1421 1885 1492; baseline -0.001 -15"><span class='ocrx_word' id='word_1_95' title='bbox 300 1428 399 1478; x_wconf 66' lang='grc' dir='ltr'>καὶ</span> <span class='ocrx_word' id='word_1_96' title='bbox 450 1421 574 1476; x_wconf 76' lang='grc' dir='ltr'>εἶπε</span> <span class='ocrx_word' id='word_1_97' title='bbox 617 1423 838 1492; x_wconf 83' lang='grc' dir='ltr'>δοθῆναι</span> <span class='ocrx_word' id='word_1_98' title='bbox 881 1423 1019 1492; x_wconf 77' lang='grc' dir='ltr'>αὐτῇ</span> <span class='ocrx_word' id='word_1_99' title='bbox 1065 1425 1286 1488; x_wconf 87' lang='grc' dir='ltr'>φαγεῖν.</span> <span class='ocrx_word' id='word_1_100' title='bbox 1321 1440 1339 1475; x_wconf 74' lang='grc' dir='ltr'><strong>ι</strong></span> <span class='ocrx_word' id='word_1_101' title='bbox 1378 1424 1442 1476; x_wconf 84' lang='lat' dir='ltr'><strong>Ol</strong></span> <span class='ocrx_word' id='word_1_102' title='bbox 1484 1422 1578 1475; x_wconf 85' lang='grc' dir='ltr'><strong>τοῦ</strong></span> <span class='ocrx_word' id='word_1_103' title='bbox 1625 1427 1885 1492; x_wconf 82' lang='grc' dir='ltr'>ἀρχισυν-</span> 
     </span>
    </p>
   </div>
   <div class='ocr_carea' id='block_1_16' title="bbox 298 1508 1881 1585">
    <p class='ocr_par' dir='ltr' id='par_1_16' title="bbox 298 1508 1881 1585">
     <span class='ocr_line' id='line_1_16' title="bbox 298 1508 1881 1585; baseline -0.002 -16"><span class='ocrx_word' id='word_1_104' title='bbox 298 1515 546 1585; x_wconf 81' lang='grc' dir='ltr'>αγώγου,</span> <span class='ocrx_word' id='word_1_105' title='bbox 578 1515 892 1584; x_wconf 78' lang='grc' dir='ltr'>νομίζοντες</span> <span class='ocrx_word' id='word_1_106' title='bbox 947 1514 1043 1566; x_wconf 72' lang='grc' dir='ltr'>ἕνα</span> <span class='ocrx_word' id='word_1_107' title='bbox 1090 1513 1200 1567; x_wconf 89' lang='grc' dir='ltr'><strong>τῶν</strong></span> <span class='ocrx_word' id='word_1_108' title='bbox 1250 1512 1591 1566; x_wconf 80' lang='grc' dir='ltr'>διδασκάλων</span> <span class='ocrx_word' id='word_1_109' title='bbox 1619 1508 1758 1566; x_wconf 77' lang='grc' dir='ltr'>εἶναι</span> <span class='ocrx_word' id='word_1_110' title='bbox 1788 1513 1881 1566; x_wconf 80' lang='grc' dir='ltr'><strong>τὸν</strong></span> 
     </span>
    </p>
   </div>
   <div class='ocr_carea' id='block_1_17' title="bbox 297 1600 1882 1678">
    <p class='ocr_par' dir='ltr' id='par_1_17' title="bbox 297 1600 1882 1678">
     <span class='ocr_line' id='line_1_17' title="bbox 297 1600 1882 1678; baseline -0.004 -16"><span class='ocrx_word' id='word_1_111' title='bbox 297 1609 561 1678; x_wconf 83' lang='grc' dir='ltr'>Χριστὸν,</span> <span class='ocrx_word' id='word_1_112' title='bbox 612 1609 700 1660; x_wconf 88' lang='grc' dir='ltr'><strong>διά</strong></span> <span class='ocrx_word' id='word_1_113' title='bbox 729 1606 888 1658; x_wconf 89' lang='grc' dir='ltr'>τοῦτο</span> <span class='ocrx_word' id='word_1_114' title='bbox 919 1600 1268 1675; x_wconf 78' lang='grc' dir='ltr'>παρεκάλουν</span> <span class='ocrx_word' id='word_1_115' title='bbox 1309 1605 1396 1659; x_wconf 79' lang='grc' dir='ltr'>ῐνα</span> <span class='ocrx_word' id='word_1_116' title='bbox 1441 1604 1614 1658; x_wconf 68' lang='grc' dir='ltr'>ιλθὼν</span> <span class='ocrx_word' id='word_1_117' title='bbox 1643 1604 1882 1674; x_wconf 76' lang='grc' dir='ltr'>προσεύο</span> 
     </span>
    </p>
   </div>
   <div class='ocr_carea' id='block_1_18' title="bbox 299 1699 1880 1773">
    <p class='ocr_par' dir='ltr' id='par_1_18' title="bbox 299 1699 1880 1773">
     <span class='ocr_line' id='line_1_18' title="bbox 299 1699 1880 1773; baseline -0.001 -18"><span class='ocrx_word' id='word_1_118' title='bbox 299 1703 464 1773; x_wconf 81' lang='grc' dir='ltr'>ξηται</span> <span class='ocrx_word' id='word_1_119' title='bbox 510 1702 600 1754; x_wconf 78' lang='grc' dir='ltr'><strong>ἐπὶ</strong></span> <span class='ocrx_word' id='word_1_120' title='bbox 646 1700 727 1770; x_wconf 83' lang='grc' dir='ltr'>τῷ</span> <span class='ocrx_word' id='word_1_121' title='bbox 804 1701 1078 1771; x_wconf 61' lang='grc' dir='ltr'>κορασίῳκ</span> <span class='ocrx_word' id='word_1_122' title='bbox 1118 1699 1306 1754; x_wconf 82' lang='grc' dir='ltr'>λοιπὸν</span> <span class='ocrx_word' id='word_1_123' title='bbox 1349 1700 1546 1769; x_wconf 60' lang='grc' dir='ltr'>ἐπειδὴ</span> <span class='ocrx_word' id='word_1_124' title='bbox 1587 1699 1880 1764; x_wconf 78' lang='grc' dir='ltr'>ἀπέθανεν,</span> 
     </span>
    </p>
   </div>
   <div class='ocr_carea' id='block_1_19' title="bbox 296 1788 1881 1868">
    <p class='ocr_par' dir='ltr' id='par_1_19' title="bbox 296 1788 1881 1868">
     <span class='ocr_line' id='line_1_19' title="bbox 296 1788 1881 1868; baseline -0.006 -16"><span class='ocrx_word' id='word_1_125' title='bbox 296 1799 567 1868; x_wconf 69' lang='grc' dir='ltr'>ἐνόμισαν</span> <span class='ocrx_word' id='word_1_126' title='bbox 613 1796 816 1865; x_wconf 83' lang='grc' dir='ltr'>μηκέτι</span> <span class='ocrx_word' id='word_1_127' title='bbox 850 1792 1019 1849; x_wconf 83' lang='grc' dir='ltr'>αὑτοῦ</span> <span class='ocrx_word' id='word_1_128' title='bbox 1051 1794 1239 1864; x_wconf 84' lang='grc' dir='ltr'>χρείαν</span> <span class='ocrx_word' id='word_1_129' title='bbox 1271 1788 1433 1855; x_wconf 76' lang='grc' dir='ltr'>εἷναι,</span> <span class='ocrx_word' id='word_1_130' title='bbox 1466 1792 1554 1846; x_wconf 81' lang='grc' dir='ltr'>διὰ</span> <span class='ocrx_word' id='word_1_131' title='bbox 1596 1793 1658 1846; x_wconf 84' lang='grc' dir='ltr'>τὸ</span> <span class='ocrx_word' id='word_1_132' title='bbox 1685 1791 1881 1862; x_wconf 81' lang='grc' dir='ltr'>τεθνη-</span> 
     </span>
    </p>
   </div>
   <div class='ocr_carea' id='block_1_20' title="bbox 1990 598 3575 670">
    <p class='ocr_par' dir='ltr' id='par_1_20' title="bbox 1990 598 3575 670">
     <span class='ocr_line' id='line_1_20' title="bbox 1990 598 3575 670; baseline 0.004 -18"><span class='ocrx_word' id='word_1_133' title='bbox 1990 613 2119 655; x_wconf 85' lang='lat' dir='ltr'><strong>vero</strong></span> <span class='ocrx_word' id='word_1_134' title='bbox 2152 598 2346 667; x_wconf 78' lang='lat' dir='ltr'><strong>ejectis</strong></span> <span class='ocrx_word' id='word_1_135' title='bbox 2384 598 2638 655; x_wconf 80' lang='lat' dir='ltr'><strong>omnibus</strong></span> <span class='ocrx_word' id='word_1_136' title='bbox 2687 598 2917 654; x_wconf 88' lang='lat' dir='ltr'><strong>assmnit</strong></span> <span class='ocrx_word' id='word_1_137' title='bbox 2965 607 3175 670; x_wconf 86' lang='lat' dir='ltr'><strong>patrem</strong></span> <span class='ocrx_word' id='word_1_138' title='bbox 3237 611 3294 656; x_wconf 90' lang='lat' dir='ltr'><strong>et</strong></span> <span class='ocrx_word' id='word_1_139' title='bbox 3347 610 3575 658; x_wconf 89' lang='lat' dir='ltr'><strong>matrem</strong></span> 
     </span>
    </p>
   </div>
   <div class='ocr_carea' id='block_1_21' title="bbox 1986 690 3580 763">
    <p class='ocr_par' dir='ltr' id='par_1_21' title="bbox 1986 690 3580 763">
     <span class='ocr_line' id='line_1_21' title="bbox 1986 690 3580 763; baseline 0.005 -21"><span class='ocrx_word' id='word_1_140' title='bbox 1986 690 2218 760; x_wconf 71' lang='lat' dir='ltr'><strong>pueilaa,</strong></span> <span class='ocrx_word' id='word_1_141' title='bbox 2269 701 2323 745; x_wconf 91' lang='lat' dir='ltr'><strong>et</strong></span> <span class='ocrx_word' id='word_1_142' title='bbox 2360 705 2454 745; x_wconf 89' lang='lat' dir='ltr'><strong>eos</strong></span> <span class='ocrx_word' id='word_1_143' title='bbox 2497 691 2590 760; x_wconf 88' lang='lat' dir='ltr'><strong>qui</strong></span> <span class='ocrx_word' id='word_1_144' title='bbox 2641 705 2767 744; x_wconf 86' lang='lat' dir='ltr'><strong>cum</strong></span> <span class='ocrx_word' id='word_1_145' title='bbox 2813 691 2932 761; x_wconf 87' lang='lat' dir='ltr'><strong>ipso</strong></span> <span class='ocrx_word' id='word_1_146' title='bbox 2974 704 3151 757; x_wconf 90' lang='lat' dir='ltr'><strong>erant,</strong></span> <span class='ocrx_word' id='word_1_147' title='bbox 3181 702 3236 749; x_wconf 90' lang='lat' dir='ltr'><strong>et</strong></span> <span class='ocrx_word' id='word_1_148' title='bbox 3277 695 3580 763; x_wconf 75' lang='lat' dir='ltr'><strong>ingreditur</strong></span> 
     </span>
    </p>
   </div>
   <div class='ocr_carea' id='block_1_22' title="bbox 1985 783 3575 857">
    <p class='ocr_par' dir='ltr' id='par_1_22' title="bbox 1985 783 3575 857">
     <span class='ocr_line' id='line_1_22' title="bbox 1985 783 3575 857; baseline 0.003 -18"><span class='ocrx_word' id='word_1_149' title='bbox 1985 799 2051 839; x_wconf 93' lang='lat' dir='ltr'><strong>eo</strong></span> <span class='ocrx_word' id='word_1_150' title='bbox 2083 783 2170 838; x_wconf 91' lang='lat' dir='ltr'><strong>ubi</strong></span> <span class='ocrx_word' id='word_1_151' title='bbox 2205 783 2385 853; x_wconf 89' lang='lat' dir='ltr'><strong>puella</strong></span> <span class='ocrx_word' id='word_1_152' title='bbox 2415 785 2656 853; x_wconf 84' lang='lat' dir='ltr'><strong>jac&#39;ebat,</strong></span> <span class='ocrx_word' id='word_1_153' title='bbox 2695 793 2746 838; x_wconf 88' lang='lat' dir='ltr'><strong>et</strong></span> <span class='ocrx_word' id='word_1_154' title='bbox 2784 785 3120 854; x_wconf 86' lang='lat' dir='ltr'><strong>apprehensa</strong></span> <span class='ocrx_word' id='word_1_155' title='bbox 3170 803 3330 842; x_wconf 82' lang='lat' dir='ltr'><strong>manu</strong></span> <span class='ocrx_word' id='word_1_156' title='bbox 3364 788 3575 857; x_wconf 66' lang='lat' dir='ltr'><strong>put-liae,</strong></span> 
     </span>
    </p>
   </div>
   <div class='ocr_carea' id='block_1_23' title="bbox 1986 874 3575 948">
    <p class='ocr_par' dir='ltr' id='par_1_23' title="bbox 1986 874 3575 948">
     <span class='ocr_line' id='line_1_23' title="bbox 1986 874 3575 948; baseline 0.006 -19"><span class='ocrx_word' id='word_1_157' title='bbox 1986 878 2062 931; x_wconf 89' lang='lat' dir='ltr'><strong>ait</strong></span> <span class='ocrx_word' id='word_1_158' title='bbox 2082 876 2200 931; x_wconf 76' lang='lat' dir='ltr'><strong>illi:</strong></span> <span class='ocrx_word' id='word_1_159' title='bbox 2226 874 2614 942; x_wconf 82' lang='lat' dir='ltr'><strong>Talithacumi,</strong></span> <span class='ocrx_word' id='word_1_160' title='bbox 2645 878 2788 945; x_wconf 91' lang='lat' dir='ltr'><strong>quod</strong></span> <span class='ocrx_word' id='word_1_161' title='bbox 2812 887 2896 932; x_wconf 91' lang='lat' dir='ltr'><strong>est</strong></span> <span class='ocrx_word' id='word_1_162' title='bbox 2919 879 2962 932; x_wconf 91' lang='lat' dir='ltr'><strong>si</strong></span> <span class='ocrx_word' id='word_1_163' title='bbox 2989 880 3112 948; x_wconf 82' lang='lat' dir='ltr'><strong>quis</strong></span> <span class='ocrx_word' id='word_1_164' title='bbox 3143 880 3533 948; x_wconf 88' lang='lat' dir='ltr'><strong>interpretetur</strong></span> <span class='ocrx_word' id='word_1_165' title='bbox 3560 901 3575 938; x_wconf 88' lang='lat'><strong>:</strong></span> 
     </span>
    </p>
   </div>
   <div class='ocr_carea' id='block_1_24' title="bbox 1986 966 3579 1038">
    <p class='ocr_par' dir='ltr' id='par_1_24' title="bbox 1986 966 3579 1038">
     <span class='ocr_line' id='line_1_24' title="bbox 1986 966 3579 1038; baseline 0.003 -14"><span class='ocrx_word' id='word_1_166' title='bbox 1986 966 2172 1024; x_wconf 84' lang='lat' dir='ltr'><strong>Puella</strong></span> <span class='ocrx_word' id='word_1_167' title='bbox 2210 1008 2224 1033; x_wconf 90' lang='lat'><strong>,</strong></span> <span class='ocrx_word' id='word_1_168' title='bbox 2283 967 2378 1022; x_wconf 90' lang='lat' dir='ltr'><strong>tibl</strong></span> <span class='ocrx_word' id='word_1_169' title='bbox 2434 969 2596 1030; x_wconf 84' lang='lat' dir='ltr'><strong>dico,</strong></span> <span class='ocrx_word' id='word_1_170' title='bbox 2635 983 2816 1038; x_wconf 86' lang='lat' dir='ltr'><strong>surge.</strong></span> <span class='ocrx_word' id='word_1_171' title='bbox 2873 967 2939 1022; x_wconf 80' lang='lat' dir='ltr'><strong>Et</strong></span> <span class='ocrx_word' id='word_1_172' title='bbox 2992 970 3287 1024; x_wconf 74' lang='lat' dir='ltr'><strong>confestim</strong></span> <span class='ocrx_word' id='word_1_173' title='bbox 3336 974 3579 1029; x_wconf 78' lang='lat' dir='ltr'><strong>surrexit</strong></span> 
     </span>
    </p>
   </div>
   <div class='ocr_carea' id='block_1_25' title="bbox 1988 1060 3574 1137">
    <p class='ocr_par' dir='ltr' id='par_1_25' title="bbox 1988 1060 3574 1137">
     <span class='ocr_line' id='line_1_25' title="bbox 1988 1060 3574 1137; baseline 0.001 -20"><span class='ocrx_word' id='word_1_174' title='bbox 1988 1062 2186 1132; x_wconf 83' lang='lat' dir='ltr'><strong>puella,</strong></span> <span class='ocrx_word' id='word_1_175' title='bbox 2215 1069 2270 1115; x_wconf 88' lang='lat' dir='ltr'><strong>et</strong></span> <span class='ocrx_word' id='word_1_176' title='bbox 2291 1060 2601 1115; x_wconf 82' lang='lat' dir='ltr'><strong>ambulabat</strong></span> <span class='ocrx_word' id='word_1_177' title='bbox 2621 1061 2761 1131; x_wconf 89' lang='lat' dir='ltr'><strong>(erat</strong></span> <span class='ocrx_word' id='word_1_178' title='bbox 2787 1061 2931 1117; x_wconf 88' lang='lat' dir='ltr'><strong>enim</strong></span> <span class='ocrx_word' id='word_1_179' title='bbox 2951 1077 3218 1118; x_wconf 90' lang='lat' dir='ltr'><strong>annorum</strong></span> <span class='ocrx_word' id='word_1_180' title='bbox 3245 1065 3574 1137; x_wconf 75' lang='lat' dir='ltr'><strong>duodecim),</strong></span> 
     </span>
    </p>
   </div>
   <div class='ocr_carea' id='block_1_26' title="bbox 1985 1155 3576 1226">
    <p class='ocr_par' dir='ltr' id='par_1_26' title="bbox 1985 1155 3576 1226">
     <span class='ocr_line' id='line_1_26' title="bbox 1985 1155 3576 1226; baseline 0.004 -18"><span class='ocrx_word' id='word_1_181' title='bbox 1985 1164 2039 1208; x_wconf 92' lang='lat' dir='ltr'><strong>et</strong></span> <span class='ocrx_word' id='word_1_182' title='bbox 2086 1157 2488 1224; x_wconf 74' lang='lat' dir='ltr'><strong>obstupuerunt</strong></span> <span class='ocrx_word' id='word_1_183' title='bbox 2541 1163 2765 1221; x_wconf 82' lang='lat' dir='ltr'><strong>stupore</strong></span> <span class='ocrx_word' id='word_1_184' title='bbox 2801 1168 3021 1223; x_wconf 87' lang='lat' dir='ltr'><strong>magno.</strong></span> <span class='ocrx_word' id='word_1_185' title='bbox 3072 1155 3138 1208; x_wconf 85' lang='lat' dir='ltr'><strong>Et</strong></span> <span class='ocrx_word' id='word_1_186' title='bbox 3173 1159 3431 1226; x_wconf 62' lang='lat' dir='ltr'><strong>praecepit</strong></span> <span class='ocrx_word' id='word_1_187' title='bbox 3471 1158 3576 1214; x_wconf 91' lang='lat' dir='ltr'><strong>illis</strong></span> 
     </span>
    </p>
   </div>
   <div class='ocr_carea' id='block_1_27' title="bbox 1985 1245 3577 1316">
    <p class='ocr_par' dir='ltr' id='par_1_27' title="bbox 1985 1245 3577 1316">
     <span class='ocr_line' id='line_1_27' title="bbox 1985 1245 3577 1316; baseline 0.006 -19"><span class='ocrx_word' id='word_1_188' title='bbox 1985 1246 2340 1301; x_wconf 76' lang='lat' dir='ltr'><strong>vehementer</strong></span> <span class='ocrx_word' id='word_1_189' title='bbox 2396 1261 2463 1300; x_wconf 90' lang='lat' dir='ltr'><strong>ne</strong></span> <span class='ocrx_word' id='word_1_190' title='bbox 2499 1245 2788 1315; x_wconf 81' lang='lat' dir='ltr'><strong>quisquam</strong></span> <span class='ocrx_word' id='word_1_191' title='bbox 2847 1246 2899 1300; x_wconf 89' lang='lat' dir='ltr'><strong>id</strong></span> <span class='ocrx_word' id='word_1_192' title='bbox 2952 1248 3156 1312; x_wconf 84' lang='lat' dir='ltr'><strong>sciret,</strong></span> <span class='ocrx_word' id='word_1_193' title='bbox 3190 1259 3244 1302; x_wconf 86' lang='lat' dir='ltr'><strong>et</strong></span> <span class='ocrx_word' id='word_1_194' title='bbox 3294 1246 3460 1316; x_wconf 87' lang='lat' dir='ltr'><strong>jussit</strong></span> <span class='ocrx_word' id='word_1_195' title='bbox 3517 1261 3577 1306; x_wconf 93' lang='lat' dir='ltr'><strong>ut</strong></span> 
     </span>
    </p>
   </div>
   <div class='ocr_carea' id='block_1_28' title="bbox 1983 1337 3578 1412">
    <p class='ocr_par' dir='ltr' id='par_1_28' title="bbox 1983 1337 3578 1412">
     <span class='ocr_line' id='line_1_28' title="bbox 1983 1337 3578 1412; baseline 0.004 -20"><span class='ocrx_word' id='word_1_196' title='bbox 1983 1337 2208 1392; x_wconf 82' lang='lat' dir='ltr'><strong>daretur</strong></span> <span class='ocrx_word' id='word_1_197' title='bbox 2257 1337 2333 1391; x_wconf 87' lang='lat' dir='ltr'><strong>illi</strong></span> <span class='ocrx_word' id='word_1_198' title='bbox 2393 1338 2536 1406; x_wconf 83' lang='lat' dir='ltr'><strong>quod</strong></span> <span class='ocrx_word' id='word_1_199' title='bbox 2593 1338 2803 1392; x_wconf 80' lang='lat' dir='ltr'><strong>ederet.</strong></span> <span class='ocrx_word' id='word_1_200' title='bbox 2851 1357 2870 1390; x_wconf 77' lang='grc' dir='ltr'><strong>ι</strong></span> <span class='ocrx_word' id='word_1_201' title='bbox 2934 1337 3256 1395; x_wconf 81' lang='lat' dir='ltr'><strong>Familiares</strong></span> <span class='ocrx_word' id='word_1_202' title='bbox 3315 1343 3578 1412; x_wconf 88' lang='lat' dir='ltr'><strong>principis</strong></span> 
     </span>
    </p>
   </div>
   <div class='ocr_carea' id='block_1_29' title="bbox 1987 1429 3580 1501">
    <p class='ocr_par' dir='ltr' id='par_1_29' title="bbox 1987 1429 3580 1501">
     <span class='ocr_line' id='line_1_29' title="bbox 1987 1429 3580 1501; baseline 0.004 -17"><span class='ocrx_word' id='word_1_203' title='bbox 1987 1429 2288 1501; x_wconf 72' lang='lat' dir='ltr'><strong>Synagogze</strong></span> <span class='ocrx_word' id='word_1_204' title='bbox 2318 1430 2733 1486; x_wconf 82' lang='lat' dir='ltr'><strong>arbitrabantur</strong></span> <span class='ocrx_word' id='word_1_205' title='bbox 2767 1431 3048 1486; x_wconf 82' lang='lat' dir='ltr'><strong>Christum</strong></span> <span class='ocrx_word' id='word_1_206' title='bbox 3081 1446 3203 1487; x_wconf 84' lang='lat' dir='ltr'><strong>esse</strong></span> <span class='ocrx_word' id='word_1_207' title='bbox 3233 1449 3297 1488; x_wconf 76' lang='lat' dir='ltr'><strong>ex</strong></span> <span class='ocrx_word' id='word_1_208' title='bbox 3341 1434 3580 1490; x_wconf 75' lang='lat' dir='ltr'><strong>doctori-</strong></span> 
     </span>
    </p>
   </div>
   <div class='ocr_carea' id='block_1_30' title="bbox 1983 1523 3579 1592">
    <p class='ocr_par' dir='ltr' id='par_1_30' title="bbox 1983 1523 3579 1592">
     <span class='ocr_line' id='line_1_30' title="bbox 1983 1523 3579 1592; baseline 0.003 -13"><span class='ocrx_word' id='word_1_209' title='bbox 1983 1523 2425 1592; x_wconf 52' lang='lat' dir='ltr'><strong>bus‘quemdam,</strong></span> <span class='ocrx_word' id='word_1_210' title='bbox 2470 1532 2754 1592; x_wconf 86' lang='lat' dir='ltr'><strong>propterea</strong></span> <span class='ocrx_word' id='word_1_211' title='bbox 2788 1524 3156 1579; x_wconf 66' lang='lat' dir='ltr'><strong>obsecrabant</strong></span> <span class='ocrx_word' id='word_1_212' title='bbox 3185 1536 3244 1579; x_wconf 91' lang='lat' dir='ltr'><strong>ut</strong></span> <span class='ocrx_word' id='word_1_213' title='bbox 3276 1529 3484 1583; x_wconf 82' lang='lat' dir='ltr'><strong>veniret</strong></span> <span class='ocrx_word' id='word_1_214' title='bbox 3525 1538 3579 1583; x_wconf 84' lang='lat' dir='ltr'><strong>et</strong></span> 
     </span>
    </p>
   </div>
   <div class='ocr_carea' id='block_1_31' title="bbox 1983 1616 3576 1688">
    <p class='ocr_par' dir='ltr' id='par_1_31' title="bbox 1983 1616 3576 1688">
     <span class='ocr_line' id='line_1_31' title="bbox 1983 1616 3576 1688; baseline 0.003 -18"><span class='ocrx_word' id='word_1_215' title='bbox 1983 1624 2169 1671; x_wconf 85' lang='lat' dir='ltr'><strong>oraret</strong></span> <span class='ocrx_word' id='word_1_216' title='bbox 2223 1629 2388 1684; x_wconf 87' lang='lat' dir='ltr'><strong>super</strong></span> <span class='ocrx_word' id='word_1_217' title='bbox 2438 1616 2710 1683; x_wconf 84' lang='lat' dir='ltr'><strong>puellam:</strong></span> <span class='ocrx_word' id='word_1_218' title='bbox 2754 1625 2810 1670; x_wconf 87' lang='lat' dir='ltr'><strong>et</strong></span> <span class='ocrx_word' id='word_1_219' title='bbox 2849 1617 2973 1686; x_wconf 86' lang='lat' dir='ltr'><strong>quia</strong></span> <span class='ocrx_word' id='word_1_220' title='bbox 3023 1616 3136 1684; x_wconf 86' lang='lat' dir='ltr'><strong>jam</strong></span> <span class='ocrx_word' id='word_1_221' title='bbox 3171 1628 3382 1674; x_wconf 80' lang='lat' dir='ltr'><strong>mortua</strong></span> <span class='ocrx_word' id='word_1_222' title='bbox 3433 1631 3576 1688; x_wconf 84' lang='lat' dir='ltr'><strong>erat,</strong></span> 
     </span>
    </p>
   </div>
   <div class='ocr_carea' id='block_1_32' title="bbox 1984 1704 3579 1781">
    <p class='ocr_par' dir='ltr' id='par_1_32' title="bbox 1984 1704 3579 1781">
     <span class='ocr_line' id='line_1_32' title="bbox 1984 1704 3579 1781; baseline 0.005 -21"><span class='ocrx_word' id='word_1_223' title='bbox 1984 1716 2314 1777; x_wconf 86' lang='lat' dir='ltr'><strong>putaverunt</strong></span> <span class='ocrx_word' id='word_1_224' title='bbox 2352 1706 2494 1760; x_wconf 91' lang='lat' dir='ltr'><strong>ultra</strong></span> <span class='ocrx_word' id='word_1_225' title='bbox 2529 1707 2648 1778; x_wconf 84' lang='lat' dir='ltr'><strong>ipso</strong></span> <span class='ocrx_word' id='word_1_226' title='bbox 2682 1723 2786 1764; x_wconf 91' lang='lat' dir='ltr'><strong>non</strong></span> <span class='ocrx_word' id='word_1_227' title='bbox 2808 1704 2956 1778; x_wconf 34' lang='lat' dir='ltr'><strong>&#39;opus</strong></span> <span class='ocrx_word' id='word_1_228' title='bbox 2988 1725 3127 1776; x_wconf 88' lang='lat' dir='ltr'><strong>esse,</strong></span> <span class='ocrx_word' id='word_1_229' title='bbox 3158 1726 3224 1767; x_wconf 90' lang='lat' dir='ltr'><strong>eo</strong></span> <span class='ocrx_word' id='word_1_230' title='bbox 3255 1714 3397 1781; x_wconf 90' lang='lat' dir='ltr'><strong>quod</strong></span> <span class='ocrx_word' id='word_1_231' title='bbox 3419 1728 3579 1770; x_wconf 83' lang='lat' dir='ltr'><strong>mor-</strong></span> 
     </span>
    </p>
   </div>
   <div class='ocr_carea' id='block_1_33' title="bbox 1987 1797 3575 1873">
    <p class='ocr_par' dir='ltr' id='par_1_33' title="bbox 1987 1797 3575 1873">
     <span class='ocr_line' id='line_1_33' title="bbox 1987 1797 3575 1873; baseline 0.007 -21"><span class='ocrx_word' id='word_1_232' title='bbox 1987 1809 2076 1854; x_wconf 82' lang='lat' dir='ltr'><strong>tua</strong></span> <span class='ocrx_word' id='word_1_233' title='bbox 2104 1807 2269 1854; x_wconf 82' lang='lat' dir='ltr'><strong>esset.</strong></span> <span class='ocrx_word' id='word_1_234' title='bbox 2300 1797 2409 1854; x_wconf 87' lang='lat' dir='ltr'><strong>Sed</strong></span> <span class='ocrx_word' id='word_1_235' title='bbox 2447 1799 2538 1853; x_wconf 90' lang='lat' dir='ltr'><strong>ille</strong></span> <span class='ocrx_word' id='word_1_236' title='bbox 2565 1809 2772 1868; x_wconf 82' lang='lat' dir='ltr'><strong>patrem</strong></span> <span class='ocrx_word' id='word_1_237' title='bbox 2808 1803 3036 1868; x_wconf 84' lang='lat' dir='ltr'><strong>animat,</strong></span> <span class='ocrx_word' id='word_1_238' title='bbox 3063 1815 3114 1858; x_wconf 89' lang='lat' dir='ltr'><strong>ct</strong></span> <span class='ocrx_word' id='word_1_239' title='bbox 3145 1805 3317 1873; x_wconf 90' lang='lat' dir='ltr'><strong>inquit</strong></span> <span class='ocrx_word' id='word_1_240' title='bbox 3345 1825 3359 1862; x_wconf 87' lang='lat'><strong>:</strong></span> <span class='ocrx_word' id='word_1_241' title='bbox 3389 1805 3575 1863; x_wconf 87' lang='lat' dir='ltr'><strong>Solum</strong></span> 
     </span>
    </p>
   </div>
   <div class='ocr_carea' id='block_1_34' title="bbox 297 1879 1994 1959">
    <p class='ocr_par' dir='ltr' id='par_1_34' title="bbox 297 1879 1994 1955">
     <span class='ocr_line' id='line_1_34' title="bbox 297 1879 1994 1955; baseline -0.004 -14"><span class='ocrx_word' id='word_1_242' title='bbox 297 1890 458 1941; x_wconf 63' lang='grc' dir='ltr'>κέναι</span> <span class='ocrx_word' id='word_1_243' title='bbox 487 1887 676 1955; x_wconf 82' lang='grc' dir='ltr'>αὑτήν.</span> <span class='ocrx_word' id='word_1_244' title='bbox 732 1884 874 1937; x_wconf 84' lang='grc' dir='ltr'>Ἀλλ’</span> <span class='ocrx_word' id='word_1_245' title='bbox 921 1885 1132 1947; x_wconf 71' lang='grc' dir='ltr'>ἐκεῖνος</span> <span class='ocrx_word' id='word_1_246' title='bbox 1185 1881 1448 1955; x_wconf 72' lang='grc' dir='ltr'>θαρρόνει</span> <span class='ocrx_word' id='word_1_247' title='bbox 1497 1882 1591 1936; x_wconf 80' lang='grc' dir='ltr'>τὸν</span> <span class='ocrx_word' id='word_1_248' title='bbox 1645 1883 1878 1952; x_wconf 80' lang='grc' dir='ltr'>πατέρα.</span> <span class='ocrx_word' id='word_1_249' title='bbox 1916 1879 1994 1941; x_wconf 62' lang='grc' dir='ltr'><strong>Β.</strong></span> 
     </span>
    </p>
   </div>
   <div class='ocr_carea' id='block_1_35' title="bbox 1880 1879 3577 1959">
    <p class='ocr_par' dir='ltr' id='par_1_35' title="bbox 1916 1879 3577 1959">
     <span class='ocr_line' id='line_1_35' title="bbox 1916 1879 3577 1959; baseline 0.01 -24"><span class='ocrx_word' id='word_1_250' title='bbox 1916 1879 1957 1935; x_wconf 83' lang='grc' dir='ltr'><strong><em>Β</em></strong></span> <span class='ocrx_word' id='word_1_251' title='bbox 1985 1889 2170 1945; x_wconf 84' lang='lat' dir='ltr'><strong>crede.</strong></span> <span class='ocrx_word' id='word_1_252' title='bbox 2207 1887 2322 1943; x_wconf 87' lang='lat' dir='ltr'><strong>Non</strong></span> <span class='ocrx_word' id='word_1_253' title='bbox 2359 1891 2626 1959; x_wconf 87' lang='lat' dir='ltr'><strong>permittit</strong></span> <span class='ocrx_word' id='word_1_254' title='bbox 2656 1903 2838 1946; x_wconf 89' lang='lat' dir='ltr'><strong>autem</strong></span> <span class='ocrx_word' id='word_1_255' title='bbox 2865 1893 3029 1946; x_wconf 86' lang='lat' dir='ltr'><strong>ullum</strong></span> <span class='ocrx_word' id='word_1_256' title='bbox 3055 1895 3222 1948; x_wconf 87' lang='lat' dir='ltr'><strong>alium</strong></span> <span class='ocrx_word' id='word_1_257' title='bbox 3255 1909 3377 1950; x_wconf 90' lang='lat' dir='ltr'><strong>esse</strong></span> <span class='ocrx_word' id='word_1_258' title='bbox 3407 1900 3577 1953; x_wconf 87' lang='lat' dir='ltr'><strong>comi-</strong></span> 
     </span>
    </p>
   </div>
   <div class='ocr_carea' id='block_1_36' title="bbox 296 1974 1881 2047">
    <p class='ocr_par' dir='ltr' id='par_1_36' title="bbox 296 1974 1881 2047">
     <span class='ocr_line' id='line_1_36' title="bbox 296 1974 1881 2047; baseline -0.003 -15"><span class='ocrx_word' id='word_1_259' title='bbox 296 1981 417 2043; x_wconf 75' lang='grc' dir='ltr'>καὶ,</span> <span class='ocrx_word' id='word_1_260' title='bbox 453 1979 628 2031; x_wconf 81' lang='grc' dir='ltr'>Μόνον</span> <span class='ocrx_word' id='word_1_261' title='bbox 654 1977 904 2042; x_wconf 84' lang='grc' dir='ltr'>πίστευε,</span> <span class='ocrx_word' id='word_1_262' title='bbox 955 1976 1139 2045; x_wconf 86' lang='grc' dir='ltr'>φησίν.</span> <span class='ocrx_word' id='word_1_263' title='bbox 1167 1975 1281 2030; x_wconf 84' lang='grc' dir='ltr'><strong>οὐκ</strong></span> <span class='ocrx_word' id='word_1_264' title='bbox 1337 1976 1532 2047; x_wconf 88' lang='grc' dir='ltr'>ἀφίησι</span> <span class='ocrx_word' id='word_1_265' title='bbox 1585 1974 1642 2029; x_wconf 69' lang='grc' dir='ltr'><strong>δέ</strong></span> <span class='ocrx_word' id='word_1_266' title='bbox 1691 1975 1881 2028; x_wconf 70' lang='grc' dir='ltr'>οὐδένα</span> 
     </span>
    </p>
   </div>
   <div class='ocr_carea' id='block_1_37' title="bbox 294 2066 1878 2170">
    <p class='ocr_par' dir='ltr' id='par_1_37' title="bbox 294 2066 1878 2170">
     <span class='ocr_line' id='line_1_37' title="bbox 294 2066 1878 2170; baseline -0.003 -47"><span class='ocrx_word' id='word_1_267' title='bbox 294 2072 488 2139; x_wconf 72' lang='grc' dir='ltr'>ἕτερον</span> <span class='ocrx_word' id='word_1_268' title='bbox 521 2068 1008 2136; x_wconf 79' lang='grc' dir='ltr'>συνακολουθῆσαι,</span> <span class='ocrx_word' id='word_1_269' title='bbox 1044 2070 1092 2120; x_wconf 84' lang='grc' dir='ltr'><strong>εί</strong></span> <span class='ocrx_word' id='word_1_270' title='bbox 1128 2069 1215 2170; x_wconf 46' lang='grc' dir='ltr'><strong>μη</strong></span> <span class='ocrx_word' id='word_1_271' title='bbox 1251 2069 1378 2131; x_wconf 78' lang='grc' dir='ltr'>τοὺς</span> <span class='ocrx_word' id='word_1_272' title='bbox 1416 2069 1569 2137; x_wconf 80' lang='grc' dir='ltr'>τρεῖς</span> <span class='ocrx_word' id='word_1_273' title='bbox 1608 2066 1878 2137; x_wconf 80' lang='grc' dir='ltr'>μαθητάς.</span> 
     </span>
    </p>
   </div>
   <div class='ocr_carea' id='block_1_38' title="bbox 295 2158 1880 2233">
    <p class='ocr_par' dir='ltr' id='par_1_38' title="bbox 295 2158 1880 2233">
     <span class='ocr_line' id='line_1_38' title="bbox 295 2158 1880 2233; baseline -0.003 -17"><span class='ocrx_word' id='word_1_274' title='bbox 295 2164 372 2216; x_wconf 84' lang='grc' dir='ltr'><strong>Οὐ</strong></span> <span class='ocrx_word' id='word_1_275' title='bbox 407 2164 516 2233; x_wconf 82' lang='grc' dir='ltr'>γὰρ</span> <span class='ocrx_word' id='word_1_276' title='bbox 554 2163 618 2232; x_wconf 81' lang='grc' dir='ltr'>δὴ</span> <span class='ocrx_word' id='word_1_277' title='bbox 665 2163 693 2214; x_wconf 80' lang='grc' dir='ltr'><strong>ὁ</strong></span> <span class='ocrx_word' id='word_1_278' title='bbox 738 2164 995 2224; x_wconf 73' lang='grc' dir='ltr'>ταπεινὸς</span> <span class='ocrx_word' id='word_1_279' title='bbox 1033 2158 1238 2231; x_wconf 79' lang='grc' dir='ltr'>Ἰησοῦς</span> <span class='ocrx_word' id='word_1_280' title='bbox 1276 2159 1420 2212; x_wconf 75' lang='grc' dir='ltr'>θέλει</span> <span class='ocrx_word' id='word_1_281' title='bbox 1459 2158 1595 2230; x_wconf 75' lang='grc' dir='ltr'>πρὸς</span> <span class='ocrx_word' id='word_1_282' title='bbox 1625 2158 1880 2224; x_wconf 74' lang='grc' dir='ltr'>ιπίδειξίν</span> 
     </span>
    </p>
   </div>
   <div class='ocr_carea' id='block_1_39' title="bbox 291 2251 1882 2322">
    <p class='ocr_par' dir='ltr' id='par_1_39' title="bbox 291 2251 1882 2322">
     <span class='ocr_line' id='line_1_39' title="bbox 291 2251 1882 2322; baseline -0.002 -15"><span class='ocrx_word' id='word_1_283' title='bbox 291 2272 372 2307; x_wconf 73' lang='grc' dir='ltr'><strong>τιο</strong></span> <span class='ocrx_word' id='word_1_284' title='bbox 399 2259 596 2308; x_wconf 85' lang='grc' dir='ltr'>ποιεῖν.</span> <span class='ocrx_word' id='word_1_285' title='bbox 647 2256 916 2322; x_wconf 77' lang='grc' dir='ltr'>Λέγοντος</span> <span class='ocrx_word' id='word_1_286' title='bbox 969 2254 1026 2308; x_wconf 73' lang='grc' dir='ltr'>δὶ</span> <span class='ocrx_word' id='word_1_287' title='bbox 1059 2253 1254 2315; x_wconf 82' lang='grc' dir='ltr'>αὐτοῦ,</span> <span class='ocrx_word' id='word_1_288' title='bbox 1297 2253 1380 2309; x_wconf 77' lang='grc' dir='ltr'>ὅτι</span> <span class='ocrx_word' id='word_1_289' title='bbox 1425 2253 1526 2305; x_wconf 80' lang='grc' dir='ltr'>οὐκ</span> <span class='ocrx_word' id='word_1_290' title='bbox 1551 2251 1794 2306; x_wconf 84' lang='grc' dir='ltr'>ἀπέθανε</span> <span class='ocrx_word' id='word_1_291' title='bbox 1820 2253 1882 2304; x_wconf 72' lang='grc' dir='ltr'><strong>τὸ</strong></span> 
     </span>
    </p>
   </div>
   <div class='ocr_carea' id='block_1_40' title="bbox 295 2342 1882 2416">
    <p class='ocr_par' dir='ltr' id='par_1_40' title="bbox 295 2342 1882 2416">
     <span class='ocr_line' id='line_1_40' title="bbox 295 2342 1882 2416; baseline -0.003 -17"><span class='ocrx_word' id='word_1_292' title='bbox 295 2348 578 2416; x_wconf 80' lang='grc' dir='ltr'>κοράσιον,</span> <span class='ocrx_word' id='word_1_293' title='bbox 630 2347 769 2401; x_wconf 90' lang='grc' dir='ltr'><strong>ἀλλά</strong></span> <span class='ocrx_word' id='word_1_294' title='bbox 825 2345 1106 2410; x_wconf 85' lang='grc' dir='ltr'>καθεύδει,</span> <span class='ocrx_word' id='word_1_295' title='bbox 1139 2342 1543 2412; x_wconf 83' lang='grc' dir='ltr'>καταγελῶσιν,</span> <span class='ocrx_word' id='word_1_296' title='bbox 1583 2343 1658 2406; x_wconf 85' lang='grc' dir='ltr'><strong>ὡς</strong></span> <span class='ocrx_word' id='word_1_297' title='bbox 1701 2343 1768 2396; x_wconf 84' lang='grc' dir='ltr'>ἂν</span> <span class='ocrx_word' id='word_1_298' title='bbox 1806 2342 1882 2413; x_wconf 75' lang='grc' dir='ltr'>μὴ</span> 
     </span>
    </p>
   </div>
   <div class='ocr_carea' id='block_1_41' title="bbox 294 2435 1880 2510">
    <p class='ocr_par' dir='ltr' id='par_1_41' title="bbox 294 2435 1880 2510">
     <span class='ocr_line' id='line_1_41' title="bbox 294 2435 1880 2510; baseline -0.003 -18"><span class='ocrx_word' id='word_1_299' title='bbox 294 2439 496 2510; x_wconf 75' lang='grc' dir='ltr'>ἔχωσιν</span> <span class='ocrx_word' id='word_1_300' title='bbox 552 2439 781 2510; x_wconf 80' lang='grc' dir='ltr'>ὕστερον</span> <span class='ocrx_word' id='word_1_301' title='bbox 839 2438 1018 2507; x_wconf 81' lang='grc' dir='ltr'>λέγειν</span> <span class='ocrx_word' id='word_1_302' title='bbox 1078 2438 1160 2490; x_wconf 83' lang='grc' dir='ltr'>ὅτι</span> <span class='ocrx_word' id='word_1_303' title='bbox 1223 2438 1453 2507; x_wconf 81' lang='grc' dir='ltr'>κάτοχος</span> <span class='ocrx_word' id='word_1_304' title='bbox 1500 2435 1738 2504; x_wconf 69' lang='grc' dir='ltr'>ἐγένετο,</span> <span class='ocrx_word' id='word_1_305' title='bbox 1787 2435 1880 2488; x_wconf 76' lang='grc' dir='ltr'>καὶ</span> 
     </span>
    </p>
   </div>
   <div class='ocr_carea' id='block_1_42' title="bbox 293 2527 1882 2601">
    <p class='ocr_par' dir='ltr' id='par_1_42' title="bbox 293 2527 1882 2601">
     <span class='ocr_line' id='line_1_42' title="bbox 293 2527 1882 2601; baseline -0.002 -18"><span class='ocrx_word' id='word_1_306' title='bbox 293 2530 452 2583; x_wconf 74' lang='grc' dir='ltr'>οὐδὲν</span> <span class='ocrx_word' id='word_1_307' title='bbox 500 2530 818 2601; x_wconf 83' lang='grc' dir='ltr'>θαυμαστὸν</span> <span class='ocrx_word' id='word_1_308' title='bbox 849 2532 899 2583; x_wconf 82' lang='grc' dir='ltr'><strong>εί</strong></span> <span class='ocrx_word' id='word_1_309' title='bbox 956 2529 1261 2599; x_wconf 76' lang='grc' dir='ltr'>ἀνέστησεν</span> <span class='ocrx_word' id='word_1_310' title='bbox 1301 2530 1499 2598; x_wconf 82' lang='grc' dir='ltr'>αὐτὴν,</span> <span class='ocrx_word' id='word_1_311' title='bbox 1547 2528 1665 2581; x_wconf 81' lang='grc' dir='ltr'>ἀλλ’</span> <span class='ocrx_word' id='word_1_312' title='bbox 1725 2527 1882 2582; x_wconf 72' lang='grc' dir='ltr'>αὐτοὶ</span> 
     </span>
    </p>
   </div>
   <div class='ocr_carea' id='block_1_43' title="bbox 300 2617 1881 2692">
    <p class='ocr_par' dir='ltr' id='par_1_43' title="bbox 300 2617 1881 2692">
     <span class='ocr_line' id='line_1_43' title="bbox 300 2617 1881 2692; baseline -0.002 -19"><span class='ocrx_word' id='word_1_313' title='bbox 300 2623 514 2675; x_wconf 79' lang='grc' dir='ltr'>ἑαυτῶν</span> <span class='ocrx_word' id='word_1_314' title='bbox 547 2621 1106 2692; x_wconf 76' lang='grc' dir='ltr'>καταμαρτυροῦντες</span> <span class='ocrx_word' id='word_1_315' title='bbox 1142 2620 1499 2690; x_wconf 70' lang='grc' dir='ltr'>ἐλέγχωνται,</span> <span class='ocrx_word' id='word_1_316' title='bbox 1557 2618 1634 2682; x_wconf 84' lang='grc' dir='ltr'>ὼς</span> <span class='ocrx_word' id='word_1_317' title='bbox 1663 2617 1881 2688; x_wconf 86' lang='grc' dir='ltr'>ἀληθῶς</span> 
     </span>
    </p>
   </div>
   <div class='ocr_carea' id='block_1_44' title="bbox 291 2709 1878 2786">
    <p class='ocr_par' dir='ltr' id='par_1_44' title="bbox 291 2709 1878 2786">
     <span class='ocr_line' id='line_1_44' title="bbox 291 2709 1878 2786; baseline -0.002 -19"><span class='ocrx_word' id='word_1_318' title='bbox 291 2713 622 2782; x_wconf 80' lang='grc' dir='ltr'>τεθνηκυῖαν</span> <span class='ocrx_word' id='word_1_319' title='bbox 649 2715 968 2786; x_wconf 85' lang='grc' dir='ltr'>ἀνέστησεν,</span> <span class='ocrx_word' id='word_1_320' title='bbox 989 2715 1123 2767; x_wconf 82' lang='grc' dir='ltr'>ὅπου</span> <span class='ocrx_word' id='word_1_321' title='bbox 1156 2731 1220 2782; x_wconf 91' lang='grc' dir='ltr'><strong>γε</strong></span> <span class='ocrx_word' id='word_1_322' title='bbox 1253 2713 1349 2766; x_wconf 80' lang='grc' dir='ltr'>καὶ</span> <span class='ocrx_word' id='word_1_323' title='bbox 1371 2711 1686 2780; x_wconf 82' lang='grc' dir='ltr'>κατεγέλων</span> <span class='ocrx_word' id='word_1_324' title='bbox 1710 2709 1878 2764; x_wconf 84' lang='grc' dir='ltr'>αὑτοῦ</span> 
     </span>
    </p>
   </div>
   <div class='ocr_carea' id='block_1_45' title="bbox 291 2800 1876 2874">
    <p class='ocr_par' dir='ltr' id='par_1_45' title="bbox 291 2800 1876 2874">
     <span class='ocr_line' id='line_1_45' title="bbox 291 2800 1876 2874; baseline -0.003 -17"><span class='ocrx_word' id='word_1_325' title='bbox 291 2805 568 2874; x_wconf 80' lang='grc' dir='ltr'>λέγοντος,</span> <span class='ocrx_word' id='word_1_326' title='bbox 613 2806 697 2859; x_wconf 82' lang='grc' dir='ltr'>ὅτι</span> <span class='ocrx_word' id='word_1_327' title='bbox 741 2806 843 2858; x_wconf 85' lang='grc' dir='ltr'>οὐκ</span> <span class='ocrx_word' id='word_1_328' title='bbox 891 2805 1150 2860; x_wconf 85' lang='grc' dir='ltr'>ἀπέθανε.</span> <span class='ocrx_word' id='word_1_329' title='bbox 1198 2805 1408 2874; x_wconf 79' lang='grc' dir='ltr'>Κρατεῖ</span> <span class='ocrx_word' id='word_1_330' title='bbox 1446 2802 1505 2855; x_wconf 80' lang='grc' dir='ltr'>δὲ</span> <span class='ocrx_word' id='word_1_331' title='bbox 1540 2803 1644 2873; x_wconf 85' lang='grc' dir='ltr'>τῆς</span> <span class='ocrx_word' id='word_1_332' title='bbox 1671 2800 1876 2874; x_wconf 81' lang='grc' dir='ltr'>χειρὸς,</span> 
     </span>
    </p>
   </div>
   <div class='ocr_carea' id='block_1_46' title="bbox 295 2895 1878 2974">
    <p class='ocr_par' dir='ltr' id='par_1_46' title="bbox 295 2895 1878 2974">
     <span class='ocr_line' id='line_1_46' title="bbox 295 2895 1878 2974; baseline -0.001 -24"><span class='ocrx_word' id='word_1_333' title='bbox 295 2898 383 2951; x_wconf 84' lang='grc' dir='ltr'><strong>ἴνα</strong></span> <span class='ocrx_word' id='word_1_334' title='bbox 414 2898 543 2971; x_wconf 73' lang='grc' dir='ltr'>ένθῇ</span> <span class='ocrx_word' id='word_1_335' title='bbox 575 2898 749 2974; x_wconf 79' lang='grc' dir='ltr'>ταύτῃ</span> <span class='ocrx_word' id='word_1_336' title='bbox 780 2895 1034 2970; x_wconf 80' lang='grc' dir='ltr'>δύναμιν.</span> <span class='ocrx_word' id='word_1_337' title='bbox 1073 2897 1185 2951; x_wconf 80' lang='lat' dir='ltr'><strong>Kal</strong></span> <span class='ocrx_word' id='word_1_338' title='bbox 1215 2897 1438 2951; x_wconf 85' lang='grc' dir='ltr'>δίδωσιν</span> <span class='ocrx_word' id='word_1_339' title='bbox 1475 2895 1618 2966; x_wconf 74' lang='grc' dir='ltr'>αὐτῇ</span> <span class='ocrx_word' id='word_1_340' title='bbox 1650 2897 1878 2966; x_wconf 79' lang='grc' dir='ltr'>φαγεῖν,</span> 
     </span>
    </p>
   </div>
   <div class='ocr_carea' id='block_1_47' title="bbox 291 2989 1878 3063">
    <p class='ocr_par' dir='ltr' id='par_1_47' title="bbox 291 2989 1878 3063">
     <span class='ocr_line' id='line_1_47' title="bbox 291 2989 1878 3063; baseline -0.001 -17"><span class='ocrx_word' id='word_1_341' title='bbox 291 2993 443 3046; x_wconf 85' lang='grc' dir='ltr'>ὠσάν</span> <span class='ocrx_word' id='word_1_342' title='bbox 468 2993 816 3062; x_wconf 82' lang='grc' dir='ltr'>πιστώσηται</span> <span class='ocrx_word' id='word_1_343' title='bbox 848 2995 948 3063; x_wconf 80' lang='grc' dir='ltr'>τὴν</span> <span class='ocrx_word' id='word_1_344' title='bbox 982 2992 1303 3060; x_wconf 84' lang='grc' dir='ltr'>ἀνάστασιν,</span> <span class='ocrx_word' id='word_1_345' title='bbox 1325 2991 1409 3046; x_wconf 79' lang='grc' dir='ltr'><strong>δτι</strong></span> <span class='ocrx_word' id='word_1_346' title='bbox 1433 2989 1654 3063; x_wconf 83' lang='grc' dir='ltr'>ἀληθῶς</span> <span class='ocrx_word' id='word_1_347' title='bbox 1682 2990 1780 3046; x_wconf 79' lang='grc' dir='ltr'>καὶ</span> <span class='ocrx_word' id='word_1_348' title='bbox 1813 2989 1878 3046; x_wconf 81' lang='grc' dir='ltr'>οὐ</span> 
     </span>
    </p>
   </div>
   <div class='ocr_carea' id='block_1_48' title="bbox 291 3083 1534 3154">
    <p class='ocr_par' dir='ltr' id='par_1_48' title="bbox 291 3083 1534 3154">
     <span class='ocr_line' id='line_1_48' title="bbox 291 3083 1534 3154; baseline 0.002 -18"><span class='ocrx_word' id='word_1_349' title='bbox 291 3085 437 3140; x_wconf 85' lang='grc' dir='ltr'><strong>κατά</strong></span> <span class='ocrx_word' id='word_1_350' title='bbox 473 3085 779 3154; x_wconf 80' lang='grc' dir='ltr'>φαντασίαν</span> <span class='ocrx_word' id='word_1_351' title='bbox 807 3085 1060 3153; x_wconf 77' lang='grc' dir='ltr'>γέγονεν.</span> <span class='ocrx_word' id='word_1_352' title='bbox 1250 3151 1256 3154; x_wconf 89' lang='lat'>_</span> <span class='ocrx_word' id='word_1_353' title='bbox 1518 3083 1534 3093; x_wconf 62' lang='grc'><strong>“</strong></span> 
     </span>
    </p>
   </div>
   <div class='ocr_carea' id='block_1_49' title="bbox 895 3198 1276 3267">
    <p class='ocr_par' dir='ltr' id='par_1_49' title="bbox 895 3198 1276 3267">
     <span class='ocr_line' id='line_1_49' title="bbox 895 3198 1276 3267; baseline 0.003 -15"><span class='ocrx_word' id='word_1_354' title='bbox 895 3198 1147 3253; x_wconf 56' lang='lat' dir='ltr'><strong>unum.</strong></span> <span class='ocrx_word' id='word_1_355' title='bbox 1184 3201 1276 3267; x_wconf 74' lang='grc' dir='ltr'>εῖν.</span> 
     </span>
    </p>
   </div>
   <div class='ocr_carea' id='block_1_50' title="bbox 288 3311 1880 3383">
    <p class='ocr_par' dir='ltr' id='par_1_50' title="bbox 288 3311 1880 3383">
     <span class='ocr_line' id='line_1_50' title="bbox 288 3311 1880 3383; baseline -0.001 -15"><span class='ocrx_word' id='word_1_356' title='bbox 288 3314 432 3383; x_wconf 73' lang='grc' dir='ltr'><strong>Περὶ</strong></span> <span class='ocrx_word' id='word_1_357' title='bbox 457 3312 559 3380; x_wconf 84' lang='grc' dir='ltr'>τῆς</span> <span class='ocrx_word' id='word_1_358' title='bbox 581 3313 699 3369; x_wconf 82' lang='grc' dir='ltr'><strong>τῶν</strong></span> <span class='ocrx_word' id='word_1_359' title='bbox 723 3314 1084 3370; x_wconf 69' lang='grc' dir='ltr'>ἀποστόλων</span> <span class='ocrx_word' id='word_1_360' title='bbox 1099 3313 1406 3383; x_wconf 79' lang='grc' dir='ltr'>διοτατῆς.</span> <span class='ocrx_word' id='word_1_361' title='bbox 1434 3313 1574 3382; x_wconf 74' lang='grc' dir='ltr'>Περὶ</span> <span class='ocrx_word' id='word_1_362' title='bbox 1593 3311 1880 3368; x_wconf 76' lang='grc' dir='ltr'>Ἰωάννου</span> 
     </span>
    </p>
   </div>
   <div class='ocr_carea' id='block_1_51' title="bbox 362 3383 1878 3452">
    <p class='ocr_par' dir='ltr' id='par_1_51' title="bbox 362 3383 1878 3452">
     <span class='ocr_line' id='line_1_51' title="bbox 362 3383 1878 3452; baseline -0.001 -16"><span class='ocrx_word' id='word_1_363' title='bbox 362 3385 463 3436; x_wconf 82' lang='grc' dir='ltr'>και</span> <span class='ocrx_word' id='word_1_364' title='bbox 502 3385 774 3452; x_wconf 79' lang='grc' dir='ltr'>Ἡρώδου.</span> <span class='ocrx_word' id='word_1_365' title='bbox 828 3386 966 3452; x_wconf 84' lang='grc' dir='ltr'>Περὶ</span> <span class='ocrx_word' id='word_1_366' title='bbox 1005 3384 1124 3437; x_wconf 87' lang='grc' dir='ltr'><strong>τῶν</strong></span> <span class='ocrx_word' id='word_1_367' title='bbox 1165 3387 1345 3437; x_wconf 78' lang='grc' dir='ltr'>πέντε</span> <span class='ocrx_word' id='word_1_368' title='bbox 1392 3383 1588 3451; x_wconf 78' lang='grc' dir='ltr'>ἀρτων</span> <span class='ocrx_word' id='word_1_369' title='bbox 1628 3383 1878 3436; x_wconf 76' lang='grc' dir='ltr'>καὶτῶν</span> 
     </span>
    </p>
   </div>
   <div class='ocr_carea' id='block_1_52' title="bbox 359 3453 1876 3524">
    <p class='ocr_par' dir='ltr' id='par_1_52' title="bbox 359 3453 1876 3524">
     <span class='ocr_line' id='line_1_52' title="bbox 359 3453 1876 3524; baseline 0 -16"><span class='ocrx_word' id='word_1_370' title='bbox 359 3454 472 3509; x_wconf 76' lang='grc' dir='ltr'>δύο</span> <span class='ocrx_word' id='word_1_371' title='bbox 514 3457 758 3524; x_wconf 68' lang='grc' dir='ltr'>ἰχθύων.</span> <span class='ocrx_word' id='word_1_372' title='bbox 812 3456 951 3523; x_wconf 74' lang='grc' dir='ltr'><strong>Περὶ</strong></span> <span class='ocrx_word' id='word_1_373' title='bbox 981 3454 1086 3509; x_wconf 85' lang='grc' dir='ltr'><strong>τοῦ</strong></span> <span class='ocrx_word' id='word_1_374' title='bbox 1115 3455 1184 3507; x_wconf 77' lang='grc' dir='ltr'>ἐν</span> <span class='ocrx_word' id='word_1_375' title='bbox 1218 3455 1503 3521; x_wconf 73' lang='grc' dir='ltr'>θαλάσσῃ</span> <span class='ocrx_word' id='word_1_376' title='bbox 1527 3453 1876 3522; x_wconf 80' lang='grc' dir='ltr'>περιπάτου.</span> 
     </span>
    </p>
   </div>
   <div class='ocr_carea' id='block_1_53' title="bbox 364 3560 1880 3638">
    <p class='ocr_par' dir='ltr' id='par_1_53' title="bbox 364 3560 1880 3638">
     <span class='ocr_line' id='line_1_53' title="bbox 364 3560 1880 3638; baseline 0 -20"><span class='ocrx_word' id='word_1_377' title='bbox 364 3567 475 3619; x_wconf 78' lang='lat' dir='ltr'><strong>Kal</strong></span> <span class='ocrx_word' id='word_1_378' title='bbox 498 3565 720 3636; x_wconf 75' lang='grc' dir='ltr'>ἐξῆλθεν</span> <span class='ocrx_word' id='word_1_379' title='bbox 753 3565 988 3629; x_wconf 71' lang='grc' dir='ltr'>ἐκεῖθεν,</span> <span class='ocrx_word' id='word_1_380' title='bbox 1022 3566 1115 3618; x_wconf 71' lang='grc' dir='ltr'>καὶ</span> <span class='ocrx_word' id='word_1_381' title='bbox 1152 3560 1317 3635; x_wconf 77' lang='grc' dir='ltr'>ἦλθεν</span> <span class='ocrx_word' id='word_1_382' title='bbox 1369 3565 1452 3626; x_wconf 85' lang='grc' dir='ltr'><strong>είς</strong></span> <span class='ocrx_word' id='word_1_383' title='bbox 1492 3566 1593 3635; x_wconf 79' lang='grc' dir='ltr'>τὴν</span> <span class='ocrx_word' id='word_1_384' title='bbox 1645 3565 1880 3638; x_wconf 80' lang='grc' dir='ltr'>πατρίδα</span> 
     </span>
    </p>
   </div>
   <div class='ocr_carea' id='block_1_54' title="bbox 288 3653 1876 3726">
    <p class='ocr_par' dir='ltr' id='par_1_54' title="bbox 288 3653 1876 3726">
     <span class='ocr_line' id='line_1_54' title="bbox 288 3653 1876 3726; baseline 0 -17"><span class='ocrx_word' id='word_1_385' title='bbox 288 3655 486 3719; x_wconf 77' lang='grc' dir='ltr'>αὐτοῦ,</span> <span class='ocrx_word' id='word_1_386' title='bbox 520 3655 616 3708; x_wconf 79' lang='grc' dir='ltr'><strong>καὶ</strong></span> <span class='ocrx_word' id='word_1_387' title='bbox 644 3654 1035 3709; x_wconf 89' lang='grc' dir='ltr'>ἀκολουθοῦσιν</span> <span class='ocrx_word' id='word_1_388' title='bbox 1077 3653 1227 3723; x_wconf 84' lang='grc' dir='ltr'><strong>αὐτῷ</strong></span> <span class='ocrx_word' id='word_1_389' title='bbox 1277 3654 1329 3707; x_wconf 80' lang='grc' dir='ltr'>οἱ</span> <span class='ocrx_word' id='word_1_390' title='bbox 1393 3653 1640 3726; x_wconf 77' lang='grc' dir='ltr'>μαθηταὶ</span> <span class='ocrx_word' id='word_1_391' title='bbox 1686 3655 1876 3710; x_wconf 88' lang='grc' dir='ltr'>αυτοῦ.</span> 
     </span>
    </p>
   </div>
   <div class='ocr_carea' id='block_1_55' title="bbox 287 3744 1875 3818">
    <p class='ocr_par' dir='ltr' id='par_1_55' title="bbox 287 3744 1875 3818">
     <span class='ocr_line' id='line_1_55' title="bbox 287 3744 1875 3818; baseline 0.004 -26"><span class='ocrx_word' id='word_1_392' title='bbox 287 3745 402 3799; x_wconf 71' lang='grc' dir='ltr'><strong>Καὶ</strong></span> <span class='ocrx_word' id='word_1_393' title='bbox 453 3745 751 3814; x_wconf 81' lang='grc' dir='ltr'>γενομένου</span> <span class='ocrx_word' id='word_1_394' title='bbox 803 3744 1106 3803; x_wconf 83' lang='grc' dir='ltr'>Σαϐϐἀτου.</span> <span class='ocrx_word' id='word_1_395' title='bbox 1143 3744 1346 3814; x_wconf 72' lang='grc' dir='ltr'>ἧρξατο</span> <span class='ocrx_word' id='word_1_396' title='bbox 1376 3746 1435 3797; x_wconf 85' lang='grc' dir='ltr'>ὲν</span> <span class='ocrx_word' id='word_1_397' title='bbox 1479 3749 1543 3815; x_wconf 80' lang='grc' dir='ltr'>τῇ</span> <span class='ocrx_word' id='word_1_398' title='bbox 1574 3747 1875 3818; x_wconf 76' lang='grc' dir='ltr'>Συναγωγῇ</span> 
     </span>
    </p>
   </div>
   <div class='ocr_carea' id='block_1_56' title="bbox 286 3835 1875 3904">
    <p class='ocr_par' dir='ltr' id='par_1_56' title="bbox 286 3835 1875 3904">
     <span class='ocr_line' id='line_1_56' title="bbox 286 3835 1875 3904; baseline 0.002 -16"><span class='ocrx_word' id='word_1_399' title='bbox 286 3835 585 3901; x_wconf 73' lang='grc' dir='ltr'>διδάσκειν,</span> <span class='ocrx_word' id='word_1_400' title='bbox 617 3838 714 3893; x_wconf 73' lang='grc' dir='ltr'>καὶ</span> <span class='ocrx_word' id='word_1_401' title='bbox 762 3835 952 3889; x_wconf 79' lang='grc' dir='ltr'>πολλοὶ</span> <span class='ocrx_word' id='word_1_402' title='bbox 1003 3836 1302 3900; x_wconf 85' lang='grc' dir='ltr'>ἀκούοντες</span> <span class='ocrx_word' id='word_1_403' title='bbox 1324 3836 1745 3904; x_wconf 71' lang='grc' dir='ltr'>ἐξεπλήσσοντο,</span> <span class='ocrx_word' id='word_1_404' title='bbox 1784 3839 1875 3892; x_wconf 79' lang='grc' dir='ltr'>λέ-</span> 
     </span>
    </p>
   </div>
   <div class='ocr_carea' id='block_1_57' title="bbox 285 3928 1875 4002">
    <p class='ocr_par' dir='ltr' id='par_1_57' title="bbox 285 3928 1875 4002">
     <span class='ocr_line' id='line_1_57' title="bbox 285 3928 1875 4002; baseline 0.002 -21"><span class='ocrx_word' id='word_1_405' title='bbox 285 3945 500 3997; x_wconf 60' lang='grc' dir='ltr'>γοντες</span> <span class='ocrx_word' id='word_1_406' title='bbox 532 3929 705 3982; x_wconf 72' lang='grc' dir='ltr'>Πόθεν</span> <span class='ocrx_word' id='word_1_407' title='bbox 735 3928 911 3999; x_wconf 80' lang='grc' dir='ltr'>τούτῳ</span> <span class='ocrx_word' id='word_1_408' title='bbox 952 3929 1161 3994; x_wconf 87' lang='grc' dir='ltr'>ταῦτα;</span> <span class='ocrx_word' id='word_1_409' title='bbox 1194 3931 1290 3983; x_wconf 78' lang='grc' dir='ltr'>καὶ</span> <span class='ocrx_word' id='word_1_410' title='bbox 1320 3936 1404 3992; x_wconf 84' lang='grc' dir='ltr'><strong>τίς</strong></span> <span class='ocrx_word' id='word_1_411' title='bbox 1438 3932 1470 3999; x_wconf 82' lang='grc' dir='ltr'>ἡ</span> <span class='ocrx_word' id='word_1_412' title='bbox 1513 3931 1681 3999; x_wconf 82' lang='grc' dir='ltr'>σοφία</span> <span class='ocrx_word' id='word_1_413' title='bbox 1715 3931 1748 4002; x_wconf 73' lang='grc' dir='ltr'>ἡ</span> <span class='ocrx_word' id='word_1_414' title='bbox 1781 3932 1875 3984; x_wconf 74' lang='lat'><strong>80-</strong></span> 
     </span>
    </p>
   </div>
   <div class='ocr_carea' id='block_1_58' title="bbox 287 4017 1878 4088">
    <p class='ocr_par' dir='ltr' id='par_1_58' title="bbox 287 4017 1878 4088">
     <span class='ocr_line' id='line_1_58' title="bbox 287 4017 1878 4088; baseline -0.001 -15"><span class='ocrx_word' id='word_1_415' title='bbox 287 4019 446 4073; x_wconf 88' lang='grc' dir='ltr'>θεῖσα</span> <span class='ocrx_word' id='word_1_416' title='bbox 476 4020 646 4088; x_wconf 82' lang='grc' dir='ltr'>αὐτῷ,</span> <span class='ocrx_word' id='word_1_417' title='bbox 679 4019 763 4073; x_wconf 86' lang='grc' dir='ltr'>ὅτι</span> <span class='ocrx_word' id='word_1_418' title='bbox 791 4020 887 4072; x_wconf 76' lang='grc' dir='ltr'>καὶ</span> <span class='ocrx_word' id='word_1_419' title='bbox 925 4018 1187 4088; x_wconf 82' lang='grc' dir='ltr'>δυνάμεις</span> <span class='ocrx_word' id='word_1_420' title='bbox 1224 4017 1478 4071; x_wconf 88' lang='grc' dir='ltr'>τοιαῦται</span> <span class='ocrx_word' id='word_1_421' title='bbox 1511 4017 1602 4070; x_wconf 68' lang='grc' dir='ltr'><strong>διὰ</strong></span> <span class='ocrx_word' id='word_1_422' title='bbox 1629 4019 1738 4070; x_wconf 87' lang='grc' dir='ltr'><strong>τῶν</strong></span> <span class='ocrx_word' id='word_1_423' title='bbox 1765 4035 1878 4088; x_wconf 86' lang='grc' dir='ltr'>χει·</span> 
     </span>
    </p>
   </div>
   <div class='ocr_carea' id='block_1_59' title="bbox 286 4104 1876 4186">
    <p class='ocr_par' dir='ltr' id='par_1_59' title="bbox 286 4104 1876 4186">
     <span class='ocr_line' id='line_1_59' title="bbox 286 4104 1876 4186; baseline -0.002 -21"><span class='ocrx_word' id='word_1_424' title='bbox 286 4112 403 4186; x_wconf 85' lang='grc' dir='ltr'><strong>ρῶν</strong></span> <span class='ocrx_word' id='word_1_425' title='bbox 436 4111 604 4166; x_wconf 83' lang='grc' dir='ltr'>αὐτοῦ</span> <span class='ocrx_word' id='word_1_426' title='bbox 638 4112 884 4182; x_wconf 86' lang='grc' dir='ltr'>γίνονται</span> <span class='ocrx_word' id='word_1_427' title='bbox 917 4128 931 4176; x_wconf 89' lang='grc'><strong>;</strong></span> <span class='ocrx_word' id='word_1_428' title='bbox 967 4112 1079 4180; x_wconf 83' lang='grc' dir='ltr'>Οὐχ</span> <span class='ocrx_word' id='word_1_429' title='bbox 1115 4104 1271 4174; x_wconf 76' lang='grc' dir='ltr'>οὗτός</span> <span class='ocrx_word' id='word_1_430' title='bbox 1313 4111 1462 4164; x_wconf 73' lang='grc' dir='ltr'>ἐστιν</span> <span class='ocrx_word' id='word_1_431' title='bbox 1505 4111 1535 4164; x_wconf 83' lang='grc' dir='ltr'>ὁ</span> <span class='ocrx_word' id='word_1_432' title='bbox 1587 4110 1819 4177; x_wconf 85' lang='grc' dir='ltr'>τέκτων,</span> <span class='ocrx_word' id='word_1_433' title='bbox 1847 4111 1876 4162; x_wconf 80' lang='grc' dir='ltr'><strong>ὁ</strong></span> 
     </span>
    </p>
   </div>
   <div class='ocr_carea' id='block_1_60' title="bbox 284 4203 1876 4278">
    <p class='ocr_par' dir='ltr' id='par_1_60' title="bbox 284 4203 1876 4278">
     <span class='ocr_line' id='line_1_60' title="bbox 284 4203 1876 4278; baseline -0.004 -18"><span class='ocrx_word' id='word_1_434' title='bbox 284 4208 405 4270; x_wconf 84' lang='grc' dir='ltr'>υίδς</span> <span class='ocrx_word' id='word_1_435' title='bbox 439 4207 682 4278; x_wconf 76' lang='grc' dir='ltr'>Μαρίας,</span> <span class='ocrx_word' id='word_1_436' title='bbox 736 4204 966 4275; x_wconf 81' lang='grc' dir='ltr'>ἀδελφὸς</span> <span class='ocrx_word' id='word_1_437' title='bbox 1017 4206 1072 4257; x_wconf 72' lang='grc' dir='ltr'>δὲ</span> <span class='ocrx_word' id='word_1_438' title='bbox 1121 4203 1405 4268; x_wconf 82' lang='grc' dir='ltr'>Ἰακώϐου,</span> <span class='ocrx_word' id='word_1_439' title='bbox 1437 4207 1531 4257; x_wconf 83' lang='grc' dir='ltr'><strong>καὶ</strong></span> <span class='ocrx_word' id='word_1_440' title='bbox 1569 4203 1876 4273; x_wconf 52' lang='grc' dir='ltr'>’1ωσῆβιαὶ</span> 
     </span>
    </p>
   </div>
   <div class='ocr_carea' id='block_1_61' title="bbox 296 4283 1875 4368">
    <p class='ocr_par' dir='ltr' id='par_1_61' title="bbox 296 4283 1875 4368">
     <span class='ocr_line' id='line_1_61' title="bbox 296 4283 1875 4368; baseline -0.002 -17"><span class='ocrx_word' id='word_1_441' title='bbox 296 4297 517 4362; x_wconf 83' lang='grc' dir='ltr'>Ἰούδα,</span> <span class='ocrx_word' id='word_1_442' title='bbox 575 4297 669 4349; x_wconf 82' lang='grc' dir='ltr'><strong>και</strong></span> <span class='ocrx_word' id='word_1_443' title='bbox 713 4283 990 4368; x_wconf 44' lang='lat' dir='ltr'><strong>mimos;</strong></span> <span class='ocrx_word' id='word_1_444' title='bbox 1035 4297 1144 4350; x_wconf 76' lang='grc' dir='ltr'><strong>Καὶ</strong></span> <span class='ocrx_word' id='word_1_445' title='bbox 1202 4296 1303 4348; x_wconf 85' lang='grc' dir='ltr'>οὐκ</span> <span class='ocrx_word' id='word_1_446' title='bbox 1349 4295 1487 4350; x_wconf 75' lang='grc' dir='ltr'>είσὶν</span> <span class='ocrx_word' id='word_1_447' title='bbox 1526 4293 1585 4348; x_wconf 84' lang='grc' dir='ltr'><strong>αι</strong></span> <span class='ocrx_word' id='word_1_448' title='bbox 1645 4293 1875 4364; x_wconf 74' lang='grc' dir='ltr'>ἀδελφαὶ</span> 
     </span>
    </p>
   </div>
   <div class='ocr_carea' id='block_1_62' title="bbox 286 4384 1868 4458">
    <p class='ocr_par' dir='ltr' id='par_1_62' title="bbox 286 4384 1868 4458">
     <span class='ocr_line' id='line_1_62' title="bbox 286 4384 1868 4458; baseline -0.003 -16"><span class='ocrx_word' id='word_1_449' title='bbox 286 4389 454 4443; x_wconf 77' lang='grc' dir='ltr'>αὑτοῦ</span> <span class='ocrx_word' id='word_1_450' title='bbox 480 4384 582 4441; x_wconf 75' lang='grc' dir='ltr'><strong>ὦδε</strong></span> <span class='ocrx_word' id='word_1_451' title='bbox 609 4386 746 4458; x_wconf 76' lang='grc' dir='ltr'>πρὸς</span> <span class='ocrx_word' id='word_1_452' title='bbox 767 4389 914 4458; x_wconf 78' lang='grc' dir='ltr'>ἡμᾶς</span> <span class='ocrx_word' id='word_1_453' title='bbox 936 4405 951 4454; x_wconf 88' lang='lat'><strong>;</strong></span> <span class='ocrx_word' id='word_1_454' title='bbox 973 4388 1081 4441; x_wconf 84' lang='lat' dir='ltr'><strong>Kal</strong></span> <span class='ocrx_word' id='word_1_455' title='bbox 1103 4389 1118 4436; x_wconf 84' lang='grc' dir='ltr'><em>ἒ</em></span> <span class='ocrx_word' id='word_1_456' title='bbox 1147 4386 1554 4450; x_wconf 66' lang='grc' dir='ltr'>γκανδαλίζοντο</span> <span class='ocrx_word' id='word_1_457' title='bbox 1580 4388 1638 4438; x_wconf 84' lang='grc' dir='ltr'>ὲν</span> <span class='ocrx_word' id='word_1_458' title='bbox 1668 4386 1868 4456; x_wconf 72' lang='grc' dir='ltr'>αὐτῷ.»</span> 
     </span>
    </p>
   </div>
   <div class='ocr_carea' id='block_1_63' title="bbox 297 4479 1873 4551">
    <p class='ocr_par' dir='ltr' id='par_1_63' title="bbox 297 4479 1873 4551">
     <span class='ocr_line' id='line_1_63' title="bbox 297 4479 1873 4551; baseline -0.003 -16"><span class='ocrx_word' id='word_1_459' title='bbox 297 4481 604 4536; x_wconf 85' lang='grc' dir='ltr'>Ἐπιϐαίνει</span> <span class='ocrx_word' id='word_1_460' title='bbox 653 4481 754 4549; x_wconf 85' lang='grc' dir='ltr'>τῆς</span> <span class='ocrx_word' id='word_1_461' title='bbox 790 4481 1071 4551; x_wconf 82' lang='grc' dir='ltr'>πατρίδος,</span> <span class='ocrx_word' id='word_1_462' title='bbox 1098 4501 1106 4526; x_wconf 72' lang='grc' dir='ltr'><em>ρ</em></span> <span class='ocrx_word' id='word_1_463' title='bbox 1135 4484 1196 4532; x_wconf 63' lang='lat' dir='ltr'><strong>)x</strong></span> <span class='ocrx_word' id='word_1_464' title='bbox 1225 4479 1437 4546; x_wconf 85' lang='grc' dir='ltr'>ἀγνοῶν</span> <span class='ocrx_word' id='word_1_465' title='bbox 1467 4479 1550 4532; x_wconf 80' lang='grc' dir='ltr'>ὅτι</span> <span class='ocrx_word' id='word_1_466' title='bbox 1594 4495 1873 4548; x_wconf 80' lang='grc' dir='ltr'>καταφρο-</span> 
     </span>
    </p>
   </div>
   <div class='ocr_carea' id='block_1_64' title="bbox 1987 1983 3579 2053">
    <p class='ocr_par' dir='ltr' id='par_1_64' title="bbox 1987 1983 3579 2053">
     <span class='ocr_line' id='line_1_64' title="bbox 1987 1983 3579 2053; baseline 0.007 -18"><span class='ocrx_word' id='word_1_467' title='bbox 1987 1991 2120 2046; x_wconf 88' lang='lat' dir='ltr'><strong>tem,</strong></span> <span class='ocrx_word' id='word_1_468' title='bbox 2181 1995 2344 2053; x_wconf 82' lang='lat' dir='ltr'><strong>quam</strong></span> <span class='ocrx_word' id='word_1_469' title='bbox 2409 1990 2518 2036; x_wconf 87' lang='lat' dir='ltr'><strong>tres</strong></span> <span class='ocrx_word' id='word_1_470' title='bbox 2573 1983 2894 2053; x_wconf 86' lang='lat' dir='ltr'><strong>discipulos.</strong></span> <span class='ocrx_word' id='word_1_471' title='bbox 2961 1983 3145 2050; x_wconf 88' lang='lat' dir='ltr'><strong>Neque</strong></span> <span class='ocrx_word' id='word_1_472' title='bbox 3207 1990 3351 2040; x_wconf 85' lang='lat' dir='ltr'><strong>enim</strong></span> <span class='ocrx_word' id='word_1_473' title='bbox 3418 1989 3579 2046; x_wconf 77' lang='lat' dir='ltr'><strong>Jesus</strong></span> 
     </span>
    </p>
   </div>
   <div class='ocr_carea' id='block_1_65' title="bbox 1983 2072 3577 2142">
    <p class='ocr_par' dir='ltr' id='par_1_65' title="bbox 1983 2072 3577 2142">
     <span class='ocr_line' id='line_1_65' title="bbox 1983 2072 3577 2142; baseline 0.004 -15"><span class='ocrx_word' id='word_1_474' title='bbox 1983 2072 2210 2128; x_wconf 82' lang='lat' dir='ltr'><strong>humilis</strong></span> <span class='ocrx_word' id='word_1_475' title='bbox 2271 2073 2340 2127; x_wconf 82' lang='lat' dir='ltr'><strong>ad</strong></span> <span class='ocrx_word' id='word_1_476' title='bbox 2398 2072 2822 2128; x_wconf 87' lang='lat' dir='ltr'><strong>ostentationem</strong></span> <span class='ocrx_word' id='word_1_477' title='bbox 2881 2075 3159 2142; x_wconf 81' lang='lat' dir='ltr'><strong>quidpiam</strong></span> <span class='ocrx_word' id='word_1_478' title='bbox 3213 2077 3325 2131; x_wconf 86' lang='lat' dir='ltr'><strong>vult</strong></span> <span class='ocrx_word' id='word_1_479' title='bbox 3376 2079 3577 2137; x_wconf 75' lang='lat' dir='ltr'><strong>iacere.</strong></span> 
     </span>
    </p>
   </div>
   <div class='ocr_carea' id='block_1_66' title="bbox 1984 2153 3576 2234">
    <p class='ocr_par' dir='ltr' id='par_1_66' title="bbox 1984 2153 3576 2234">
     <span class='ocr_line' id='line_1_66' title="bbox 1984 2153 3576 2234; baseline 0.003 -16"><span class='ocrx_word' id='word_1_480' title='bbox 1984 2163 2212 2220; x_wconf 81' lang='lat' dir='ltr'><strong>Dicente</strong></span> <span class='ocrx_word' id='word_1_481' title='bbox 2240 2153 2424 2218; x_wconf 84' lang='lat' dir='ltr'><strong>autem</strong></span> <span class='ocrx_word' id='word_1_482' title='bbox 2471 2179 2560 2229; x_wconf 91' lang='lat' dir='ltr'><strong>eo,</strong></span> <span class='ocrx_word' id='word_1_483' title='bbox 2587 2161 2708 2218; x_wconf 87' lang='lat' dir='ltr'><strong>Non</strong></span> <span class='ocrx_word' id='word_1_484' title='bbox 2737 2174 2952 2218; x_wconf 88' lang='lat' dir='ltr'><strong>mortua</strong></span> <span class='ocrx_word' id='word_1_485' title='bbox 2983 2174 3064 2218; x_wconf 91' lang='lat' dir='ltr'><strong>est</strong></span> <span class='ocrx_word' id='word_1_486' title='bbox 3097 2167 3293 2234; x_wconf 86' lang='lat' dir='ltr'><strong>puella,</strong></span> <span class='ocrx_word' id='word_1_487' title='bbox 3326 2171 3420 2224; x_wconf 91' lang='lat' dir='ltr'><strong>sed</strong></span> <span class='ocrx_word' id='word_1_488' title='bbox 3448 2171 3576 2223; x_wconf 87' lang='lat' dir='ltr'><strong>dor-</strong></span> 
     </span>
    </p>
   </div>
   <div class='ocr_carea' id='block_1_67' title="bbox 1984 2256 3575 2330">
    <p class='ocr_par' dir='ltr' id='par_1_67' title="bbox 1984 2256 3575 2330">
     <span class='ocr_line' id='line_1_67' title="bbox 1984 2256 3575 2330; baseline 0.003 -19"><span class='ocrx_word' id='word_1_489' title='bbox 1984 2256 2123 2322; x_wconf 84' lang='lat' dir='ltr'><strong>mit,</strong></span> <span class='ocrx_word' id='word_1_490' title='bbox 2174 2256 2465 2312; x_wconf 87' lang='lat' dir='ltr'><strong>derident:</strong></span> <span class='ocrx_word' id='word_1_491' title='bbox 2526 2271 2596 2310; x_wconf 92' lang='lat' dir='ltr'><strong>ne</strong></span> <span class='ocrx_word' id='word_1_492' title='bbox 2642 2257 2862 2330; x_wconf 35' lang='lat' dir='ltr'><strong>possint.</strong></span> <span class='ocrx_word' id='word_1_493' title='bbox 2898 2268 3084 2325; x_wconf 83' lang='lat' dir='ltr'><strong>postea</strong></span> <span class='ocrx_word' id='word_1_494' title='bbox 3127 2260 3310 2314; x_wconf 72' lang='lat' dir='ltr'><strong>dict-re</strong></span> <span class='ocrx_word' id='word_1_495' title='bbox 3339 2263 3482 2330; x_wconf 82' lang='lat' dir='ltr'><strong>quod</strong></span> <span class='ocrx_word' id='word_1_496' title='bbox 3523 2265 3575 2316; x_wconf 88' lang='lat' dir='ltr'><strong>in</strong></span> 
     </span>
    </p>
   </div>
   <div class='ocr_carea' id='block_1_68' title="bbox 1984 2323 3578 2416">
    <p class='ocr_par' dir='ltr' id='par_1_68' title="bbox 1984 2323 3578 2416">
     <span class='ocr_line' id='line_1_68' title="bbox 1984 2323 3578 2416; baseline 0.003 -15"><span class='ocrx_word' id='word_1_497' title='bbox 1984 2362 2213 2402; x_wconf 80' lang='lat' dir='ltr'><strong>excessu</strong></span> <span class='ocrx_word' id='word_1_498' title='bbox 2249 2349 2450 2403; x_wconf 75' lang='lat' dir='ltr'><strong>tuentis</strong></span> <span class='ocrx_word' id='word_1_499' title='bbox 2477 2358 2728 2416; x_wconf 86' lang='lat' dir='ltr'><strong>correpta</strong></span> <span class='ocrx_word' id='word_1_500' title='bbox 2763 2323 2946 2410; x_wconf 65' lang='lat' dir='ltr'><strong>fue’rit,</strong></span> <span class='ocrx_word' id='word_1_501' title='bbox 2986 2358 3041 2403; x_wconf 92' lang='lat' dir='ltr'><strong>et</strong></span> <span class='ocrx_word' id='word_1_502' title='bbox 3069 2365 3174 2405; x_wconf 91' lang='lat' dir='ltr'><strong>non</strong></span> <span class='ocrx_word' id='word_1_503' title='bbox 3218 2349 3383 2406; x_wconf 84' lang='lat' dir='ltr'><strong>fuerit</strong></span> <span class='ocrx_word' id='word_1_504' title='bbox 3407 2353 3578 2408; x_wconf 85' lang='lat' dir='ltr'><strong>mira—</strong></span> 
     </span>
    </p>
   </div>
   <div class='ocr_carea' id='block_1_69' title="bbox 1985 2438 3574 2511">
    <p class='ocr_par' dir='ltr' id='par_1_69' title="bbox 1985 2438 3574 2511">
     <span class='ocr_line' id='line_1_69' title="bbox 1985 2438 3574 2511; baseline 0.003 -17"><span class='ocrx_word' id='word_1_505' title='bbox 1985 2438 2168 2494; x_wconf 89' lang='lat' dir='ltr'><strong>culum</strong></span> <span class='ocrx_word' id='word_1_506' title='bbox 2193 2452 2314 2493; x_wconf 91' lang='lat' dir='ltr'><strong>eam</strong></span> <span class='ocrx_word' id='word_1_507' title='bbox 2345 2439 2656 2494; x_wconf 84' lang='lat' dir='ltr'><strong>suscitare:</strong></span> <span class='ocrx_word' id='word_1_508' title='bbox 2686 2439 2781 2494; x_wconf 88' lang='lat' dir='ltr'><strong>se‘d</strong></span> <span class='ocrx_word' id='word_1_509' title='bbox 2809 2440 2909 2509; x_wconf 88' lang='lat' dir='ltr'><strong>ipsi</strong></span> <span class='ocrx_word' id='word_1_510' title='bbox 2936 2451 3123 2495; x_wconf 86' lang='lat' dir='ltr'><strong>contra</strong></span> <span class='ocrx_word' id='word_1_511' title='bbox 3155 2443 3363 2511; x_wconf 85' lang='lat' dir='ltr'><strong>seipsos</strong></span> <span class='ocrx_word' id='word_1_512' title='bbox 3389 2447 3574 2499; x_wconf 81' lang='lat' dir='ltr'><strong>testari</strong></span> 
     </span>
    </p>
   </div>
   <div class='ocr_carea' id='block_1_70' title="bbox 1987 2532 3574 2602">
    <p class='ocr_par' dir='ltr' id='par_1_70' title="bbox 1987 2532 3574 2602">
     <span class='ocr_line' id='line_1_70' title="bbox 1987 2532 3574 2602; baseline 0 -16"><span class='ocrx_word' id='word_1_513' title='bbox 1987 2532 2387 2588; x_wconf 69' lang='lat' dir='ltr'><strong>convincuntur</strong></span> <span class='ocrx_word' id='word_1_514' title='bbox 2412 2572 2428 2599; x_wconf 87' lang='lat'><strong>,</strong></span> <span class='ocrx_word' id='word_1_515' title='bbox 2480 2532 2622 2602; x_wconf 88' lang='lat' dir='ltr'><strong>quod</strong></span> <span class='ocrx_word' id='word_1_516' title='bbox 2654 2545 2781 2587; x_wconf 83' lang='lat' dir='ltr'><strong>vere</strong></span> <span class='ocrx_word' id='word_1_517' title='bbox 2841 2543 3110 2587; x_wconf 83' lang='lat' dir='ltr'><strong>mortuam</strong></span> <span class='ocrx_word' id='word_1_518' title='bbox 3186 2535 3574 2594; x_wconf 73' lang='lat' dir='ltr'><strong>suscitaverit:</strong></span> 
     </span>
    </p>
   </div>
   <div class='ocr_carea' id='block_1_71' title="bbox 1987 2623 3577 2696">
    <p class='ocr_par' dir='ltr' id='par_1_71' title="bbox 1987 2623 3577 2696">
     <span class='ocr_line' id='line_1_71' title="bbox 1987 2623 3577 2696; baseline 0.004 -19"><span class='ocrx_word' id='word_1_519' title='bbox 1987 2624 2432 2694; x_wconf 83' lang='lat' dir='ltr'><strong>quandoquidem</strong></span> <span class='ocrx_word' id='word_1_520' title='bbox 2469 2623 2770 2679; x_wconf 88' lang='lat' dir='ltr'><strong>deriserint</strong></span> <span class='ocrx_word' id='word_1_521' title='bbox 2798 2641 2921 2678; x_wconf 90' lang='lat' dir='ltr'><strong>eum</strong></span> <span class='ocrx_word' id='word_1_522' title='bbox 2979 2626 3122 2696; x_wconf 89' lang='lat' dir='ltr'><strong>quod</strong></span> <span class='ocrx_word' id='word_1_523' title='bbox 3171 2629 3380 2682; x_wconf 89' lang='lat' dir='ltr'><strong>diceret</strong></span> <span class='ocrx_word' id='word_1_524' title='bbox 3429 2630 3577 2684; x_wconf 76' lang='lat' dir='ltr'><strong>illam</strong></span> 
     </span>
    </p>
   </div>
   <div class='ocr_carea' id='block_1_72' title="bbox 1988 2713 3575 2788">
    <p class='ocr_par' dir='ltr' id='par_1_72' title="bbox 1988 2713 3575 2788">
     <span class='ocr_line' id='line_1_72' title="bbox 1988 2713 3575 2788; baseline 0.003 -19"><span class='ocrx_word' id='word_1_525' title='bbox 1988 2728 2094 2770; x_wconf 86' lang='lat' dir='ltr'><strong>non</strong></span> <span class='ocrx_word' id='word_1_526' title='bbox 2126 2725 2420 2780; x_wconf 88' lang='lat' dir='ltr'><strong>mortuam,</strong></span> <span class='ocrx_word' id='word_1_527' title='bbox 2452 2716 2546 2769; x_wconf 90' lang='lat' dir='ltr'><strong>sed</strong></span> <span class='ocrx_word' id='word_1_528' title='bbox 2570 2714 2829 2770; x_wconf 86' lang='lat' dir='ltr'><strong>dormire.</strong></span> <span class='ocrx_word' id='word_1_529' title='bbox 2850 2713 3070 2769; x_wconf 83' lang='lat' dir='ltr'><strong>Manum</strong></span> <span class='ocrx_word' id='word_1_530' title='bbox 3099 2730 3229 2770; x_wconf 88' lang='lat' dir='ltr'><strong>vero</strong></span> <span class='ocrx_word' id='word_1_531' title='bbox 3263 2719 3575 2788; x_wconf 84' lang='lat' dir='ltr'><strong>apprehen-</strong></span> 
     </span>
    </p>
   </div>
   <div class='ocr_carea' id='block_1_73' title="bbox 1987 2806 3576 2877">
    <p class='ocr_par' dir='ltr' id='par_1_73' title="bbox 1987 2806 3576 2877">
     <span class='ocr_line' id='line_1_73' title="bbox 1987 2806 3576 2877; baseline 0.004 -17"><span class='ocrx_word' id='word_1_532' title='bbox 1987 2807 2086 2873; x_wconf 89' lang='lat' dir='ltr'><strong>dit,</strong></span> <span class='ocrx_word' id='word_1_533' title='bbox 2125 2817 2182 2860; x_wconf 82' lang='lat' dir='ltr'><strong>ut</strong></span> <span class='ocrx_word' id='word_1_534' title='bbox 2220 2806 2473 2860; x_wconf 78' lang='lat' dir='ltr'><strong>virtutem</strong></span> <span class='ocrx_word' id='word_1_535' title='bbox 2529 2806 2580 2861; x_wconf 92' lang='lat' dir='ltr'><strong>ei</strong></span> <span class='ocrx_word' id='word_1_536' title='bbox 2627 2807 2891 2875; x_wconf 84' lang='lat' dir='ltr'><strong>imponat.</strong></span> <span class='ocrx_word' id='word_1_537' title='bbox 2925 2806 2992 2861; x_wconf 75' lang='lat' dir='ltr'><strong>Et</strong></span> <span class='ocrx_word' id='word_1_538' title='bbox 3033 2807 3189 2877; x_wconf 76' lang='lat' dir='ltr'><strong>jubet</strong></span> <span class='ocrx_word' id='word_1_539' title='bbox 3236 2822 3293 2864; x_wconf 92' lang='lat' dir='ltr'><strong>ut</strong></span> <span class='ocrx_word' id='word_1_540' title='bbox 3335 2809 3499 2866; x_wconf 91' lang='lat' dir='ltr'><strong>detur</strong></span> <span class='ocrx_word' id='word_1_541' title='bbox 3528 2814 3576 2866; x_wconf 91' lang='lat' dir='ltr'><strong>ei</strong></span> 
     </span>
    </p>
   </div>
   <div class='ocr_carea' id='block_1_74' title="bbox 1987 2899 3579 2968">
    <p class='ocr_par' dir='ltr' id='par_1_74' title="bbox 1987 2899 3579 2968">
     <span class='ocr_line' id='line_1_74' title="bbox 1987 2899 3579 2968; baseline 0.008 -19"><span class='ocrx_word' id='word_1_542' title='bbox 1987 2899 2129 2968; x_wconf 84' lang='lat' dir='ltr'><strong>quod</strong></span> <span class='ocrx_word' id='word_1_543' title='bbox 2186 2899 2462 2963; x_wconf 87' lang='lat' dir='ltr'><strong>comedat,</strong></span> <span class='ocrx_word' id='word_1_544' title='bbox 2514 2913 2621 2968; x_wconf 90' lang='lat' dir='ltr'><strong>quo</strong></span> <span class='ocrx_word' id='word_1_545' title='bbox 2684 2900 2889 2956; x_wconf 87' lang='lat' dir='ltr'><strong>certius</strong></span> <span class='ocrx_word' id='word_1_546' title='bbox 2936 2903 3194 2957; x_wconf 86' lang='lat' dir='ltr'><strong>credatur</strong></span> <span class='ocrx_word' id='word_1_547' title='bbox 3244 2907 3579 2963; x_wconf 88' lang='lat' dir='ltr'><strong>resurrectio</strong></span> 
     </span>
    </p>
   </div>
   <div class='ocr_carea' id='block_1_75' title="bbox 1936 2979 3137 3064">
    <p class='ocr_par' dir='ltr' id='par_1_75' title="bbox 1936 2979 3137 3064">
     <span class='ocr_line' id='line_1_75' title="bbox 1936 2979 3137 3064; baseline 0.007 -23"><span class='ocrx_word' id='word_1_548' title='bbox 1936 2979 1946 2996; x_wconf 78' lang='lat'><strong>‘</strong></span> <span class='ocrx_word' id='word_1_549' title='bbox 1987 3005 2116 3049; x_wconf 84' lang='lat' dir='ltr'><strong>vero</strong></span> <span class='ocrx_word' id='word_1_550' title='bbox 2143 3001 2197 3046; x_wconf 90' lang='lat' dir='ltr'><strong>et</strong></span> <span class='ocrx_word' id='word_1_551' title='bbox 2229 3007 2336 3048; x_wconf 93' lang='lat' dir='ltr'><strong>non</strong></span> <span class='ocrx_word' id='word_1_552' title='bbox 2362 2999 2690 3064; x_wconf 83' lang='lat' dir='ltr'><strong>apparenter</strong></span> <span class='ocrx_word' id='word_1_553' title='bbox 2723 3002 2931 3048; x_wconf 86' lang='lat' dir='ltr'><strong>tantum</strong></span> <span class='ocrx_word' id='word_1_554' title='bbox 2971 2993 3137 3050; x_wconf 85' lang='lat' dir='ltr'><strong>facta.</strong></span> 
     </span>
    </p>
   </div>
   <div class='ocr_carea' id='block_1_76' title="bbox 2597 3193 2962 3252">
    <p class='ocr_par' dir='ltr' id='par_1_76' title="bbox 2597 3193 2962 3252">
     <span class='ocr_line' id='line_1_76' title="bbox 2597 3193 2962 3252; baseline 0.003 -2"><span class='ocrx_word' id='word_1_555' title='bbox 2597 3193 2830 3252; x_wconf 84' lang='lat' dir='ltr'><strong>CAPUT</strong></span> <span class='ocrx_word' id='word_1_556' title='bbox 2877 3195 2962 3252; x_wconf 79' lang='lat' dir='ltr'><strong>Vl.</strong></span> 
     </span>
    </p>
   </div>
   <div class='ocr_carea' id='block_1_77' title="bbox 1983 3308 3579 3384">
    <p class='ocr_par' dir='ltr' id='par_1_77' title="bbox 1983 3308 3579 3384">
     <span class='ocr_line' id='line_1_77' title="bbox 1983 3308 3579 3384; baseline -0.001 -14"><span class='ocrx_word' id='word_1_557' title='bbox 1983 3314 2062 3370; x_wconf 79' lang='lat' dir='ltr'><strong>De</strong></span> <span class='ocrx_word' id='word_1_558' title='bbox 2117 3313 2303 3368; x_wconf 78' lang='lat' dir='ltr'><strong>ordine</strong></span> <span class='ocrx_word' id='word_1_559' title='bbox 2342 3313 2731 3384; x_wconf 66' lang='lat' dir='ltr'><strong>apostolorum.</strong></span> <span class='ocrx_word' id='word_1_560' title='bbox 2777 3308 2852 3384; x_wconf 71' lang='lat' dir='ltr'><strong>De</strong></span> <span class='ocrx_word' id='word_1_561' title='bbox 2885 3308 3096 3384; x_wconf 68' lang='lat' dir='ltr'><strong>Joanne</strong></span> <span class='ocrx_word' id='word_1_562' title='bbox 3140 3323 3187 3366; x_wconf 84' lang='lat' dir='ltr'><strong>et</strong></span> <span class='ocrx_word' id='word_1_563' title='bbox 3223 3312 3448 3384; x_wconf 77' lang='lat' dir='ltr'><strong>flerode.</strong></span> <span class='ocrx_word' id='word_1_564' title='bbox 3505 3315 3579 3370; x_wconf 82' lang='lat' dir='ltr'><strong>De</strong></span> 
     </span>
    </p>
   </div>
   <div class='ocr_carea' id='block_1_78' title="bbox 2052 3379 3578 3468">
    <p class='ocr_par' dir='ltr' id='par_1_78' title="bbox 2052 3379 3578 3468">
     <span class='ocr_line' id='line_1_78' title="bbox 2052 3379 3578 3468; baseline -0.001 -33"><span class='ocrx_word' id='word_1_565' title='bbox 2052 3386 2280 3468; x_wconf 61' lang='lat' dir='ltr'><strong>quinque</strong></span> <span class='ocrx_word' id='word_1_566' title='bbox 2321 3379 2547 3448; x_wconf 62' lang='lat' dir='ltr'><strong>renibus</strong></span> <span class='ocrx_word' id='word_1_567' title='bbox 2582 3392 2630 3435; x_wconf 84' lang='lat' dir='ltr'><strong>et</strong></span> <span class='ocrx_word' id='word_1_568' title='bbox 2683 3379 2888 3434; x_wconf 77' lang='lat' dir='ltr'><strong>duobus</strong></span> <span class='ocrx_word' id='word_1_569' title='bbox 2916 3381 3171 3448; x_wconf 74' lang='lat' dir='ltr'><strong>piscibus.</strong></span> <span class='ocrx_word' id='word_1_570' title='bbox 3217 3382 3292 3437; x_wconf 84' lang='lat' dir='ltr'><strong>De</strong></span> <span class='ocrx_word' id='word_1_571' title='bbox 3333 3387 3578 3440; x_wconf 74' lang='lat' dir='ltr'><strong>antbala.</strong></span> 
     </span>
    </p>
   </div>
   <div class='ocr_carea' id='block_1_79' title="bbox 2056 3466 2578 3521">
    <p class='ocr_par' dir='ltr' id='par_1_79' title="bbox 2056 3466 2578 3521">
     <span class='ocr_line' id='line_1_79' title="bbox 2056 3466 2578 3521; baseline -0.004 -13"><span class='ocrx_word' id='word_1_572' title='bbox 2056 3466 2195 3508; x_wconf 76' lang='lat' dir='ltr'><strong>tione</strong></span> <span class='ocrx_word' id='word_1_573' title='bbox 2222 3471 2383 3521; x_wconf 74' lang='lat' dir='ltr'><strong>supra</strong></span> <span class='ocrx_word' id='word_1_574' title='bbox 2410 3469 2578 3506; x_wconf 77' lang='lat' dir='ltr'><strong>mare.</strong></span> 
     </span>
    </p>
   </div>
   <div class='ocr_carea' id='block_1_80' title="bbox 2054 3570 3581 3643">
    <p class='ocr_par' dir='ltr' id='par_1_80' title="bbox 2054 3570 3581 3643">
     <span class='ocr_line' id='line_1_80' title="bbox 2054 3570 3581 3643; baseline 0.002 -15"><span class='ocrx_word' id='word_1_575' title='bbox 2054 3573 2220 3628; x_wconf 73' lang='lat' dir='ltr'><strong>Vens.</strong></span> <span class='ocrx_word' id='word_1_576' title='bbox 2254 3572 2374 3626; x_wconf 78' lang='grc'><strong>1-5.</strong></span> <span class='ocrx_word' id='word_1_577' title='bbox 2410 3590 2428 3623; x_wconf 81' lang='grc' dir='ltr'><strong>ι</strong></span> <span class='ocrx_word' id='word_1_578' title='bbox 2467 3570 2534 3626; x_wconf 84' lang='lat' dir='ltr'><strong>Et</strong></span> <span class='ocrx_word' id='word_1_579' title='bbox 2579 3586 2835 3642; x_wconf 83' lang='lat' dir='ltr'><strong>egressus</strong></span> <span class='ocrx_word' id='word_1_580' title='bbox 2882 3582 2966 3627; x_wconf 91' lang='lat' dir='ltr'><strong>est</strong></span> <span class='ocrx_word' id='word_1_581' title='bbox 2999 3571 3167 3637; x_wconf 85' lang='lat' dir='ltr'><strong>illinc,</strong></span> <span class='ocrx_word' id='word_1_582' title='bbox 3220 3573 3478 3643; x_wconf 90' lang='lat' dir='ltr'><strong>venitque</strong></span> <span class='ocrx_word' id='word_1_583' title='bbox 3522 3577 3581 3631; x_wconf 87' lang='lat' dir='ltr'><strong>in</strong></span> 
     </span>
    </p>
   </div>
   <div class='ocr_carea' id='block_1_81' title="bbox 1981 3664 3575 3738">
    <p class='ocr_par' dir='ltr' id='par_1_81' title="bbox 1981 3664 3575 3738">
     <span class='ocr_line' id='line_1_81' title="bbox 1981 3664 3575 3738; baseline 0.003 -18"><span class='ocrx_word' id='word_1_584' title='bbox 1981 3666 2212 3738; x_wconf 75' lang='lat' dir='ltr'><strong>patriam</strong></span> <span class='ocrx_word' id='word_1_585' title='bbox 2270 3680 2467 3729; x_wconf 88' lang='lat' dir='ltr'><strong>suam,</strong></span> <span class='ocrx_word' id='word_1_586' title='bbox 2520 3673 2577 3719; x_wconf 90' lang='lat' dir='ltr'><strong>et</strong></span> <span class='ocrx_word' id='word_1_587' title='bbox 2633 3675 2937 3734; x_wconf 87' lang='lat' dir='ltr'><strong>sequuntur</strong></span> <span class='ocrx_word' id='word_1_588' title='bbox 2988 3680 3114 3720; x_wconf 91' lang='lat' dir='ltr'><strong>eum</strong></span> <span class='ocrx_word' id='word_1_589' title='bbox 3167 3664 3422 3736; x_wconf 83' lang='lat' dir='ltr'><strong>discipuli</strong></span> <span class='ocrx_word' id='word_1_590' title='bbox 3470 3669 3575 3725; x_wconf 88' lang='lat' dir='ltr'><strong>sui.</strong></span> 
     </span>
    </p>
   </div>
   <div class='ocr_carea' id='block_1_82' title="bbox 1981 3753 3578 3830">
    <p class='ocr_par' dir='ltr' id='par_1_82' title="bbox 1981 3753 3578 3830">
     <span class='ocr_line' id='line_1_82' title="bbox 1981 3753 3578 3830; baseline 0.001 -16"><span class='ocrx_word' id='word_1_591' title='bbox 1981 3759 2226 3827; x_wconf 88' lang='lat' dir='ltr'><strong>Cumque</strong></span> <span class='ocrx_word' id='word_1_592' title='bbox 2261 3757 2483 3812; x_wconf 88' lang='lat' dir='ltr'><strong>adesset</strong></span> <span class='ocrx_word' id='word_1_593' title='bbox 2534 3753 2872 3820; x_wconf 88' lang='lat' dir='ltr'><strong>Sabbatum,</strong></span> <span class='ocrx_word' id='word_1_594' title='bbox 2933 3757 3100 3826; x_wconf 58' lang='lat' dir='ltr'><strong>carpit</strong></span> <span class='ocrx_word' id='word_1_595' title='bbox 3163 3758 3216 3811; x_wconf 91' lang='lat' dir='ltr'><strong>in</strong></span> <span class='ocrx_word' id='word_1_596' title='bbox 3289 3756 3578 3830; x_wconf 83' lang='lat' dir='ltr'><strong>Syuagoga</strong></span> 
     </span>
    </p>
   </div>
   <div class='ocr_carea' id='block_1_83' title="bbox 1980 3848 3577 3920">
    <p class='ocr_par' dir='ltr' id='par_1_83' title="bbox 1980 3848 3577 3920">
     <span class='ocr_line' id='line_1_83' title="bbox 1980 3848 3577 3920; baseline 0.001 -15"><span class='ocrx_word' id='word_1_597' title='bbox 1980 3852 2198 3920; x_wconf 88' lang='lat' dir='ltr'><strong>docere,</strong></span> <span class='ocrx_word' id='word_1_598' title='bbox 2237 3849 2506 3920; x_wconf 90' lang='lat' dir='ltr'><strong>multique</strong></span> <span class='ocrx_word' id='word_1_599' title='bbox 2532 3848 2822 3904; x_wconf 84' lang='lat' dir='ltr'><strong>audientes</strong></span> <span class='ocrx_word' id='word_1_600' title='bbox 2855 3848 3260 3918; x_wconf 83' lang='lat' dir='ltr'><strong>obsmpuerunt</strong></span> <span class='ocrx_word' id='word_1_601' title='bbox 3290 3851 3535 3906; x_wconf 79' lang='lat' dir='ltr'><strong>dicentes</strong></span> <span class='ocrx_word' id='word_1_602' title='bbox 3561 3871 3577 3906; x_wconf 88' lang='lat'><strong>:</strong></span> 
     </span>
    </p>
   </div>
   <div class='ocr_carea' id='block_1_84' title="bbox 1981 3941 3581 4012">
    <p class='ocr_par' dir='ltr' id='par_1_84' title="bbox 1981 3941 3581 4012">
     <span class='ocr_line' id='line_1_84' title="bbox 1981 3941 3581 4012; baseline 0 -12"><span class='ocrx_word' id='word_1_603' title='bbox 1981 3944 2136 4000; x_wconf 86' lang='lat' dir='ltr'><strong>Unde</strong></span> <span class='ocrx_word' id='word_1_604' title='bbox 2168 3943 2293 3998; x_wconf 87' lang='lat' dir='ltr'><strong>huic</strong></span> <span class='ocrx_word' id='word_1_605' title='bbox 2334 3945 2448 3997; x_wconf 75' lang='lat' dir='ltr'><strong>haec</strong></span> <span class='ocrx_word' id='word_1_606' title='bbox 2469 3942 2491 3996; x_wconf 83' lang='lat'><strong>?</strong></span> <span class='ocrx_word' id='word_1_607' title='bbox 2515 3950 2570 3996; x_wconf 92' lang='lat' dir='ltr'><strong>et</strong></span> <span class='ocrx_word' id='word_1_608' title='bbox 2598 3956 2720 4012; x_wconf 63' lang='lat' dir='ltr'><strong>qua:</strong></span> <span class='ocrx_word' id='word_1_609' title='bbox 2750 3950 2836 3997; x_wconf 89' lang='lat' dir='ltr'><strong>est</strong></span> <span class='ocrx_word' id='word_1_610' title='bbox 2880 3941 3151 4010; x_wconf 87' lang='lat' dir='ltr'><strong>sapientia</strong></span> <span class='ocrx_word' id='word_1_611' title='bbox 3183 3957 3304 4012; x_wconf 79' lang='lat' dir='ltr'><strong>qua:</strong></span> <span class='ocrx_word' id='word_1_612' title='bbox 3335 3945 3459 3999; x_wconf 78' lang='lat' dir='ltr'><strong>data</strong></span> <span class='ocrx_word' id='word_1_613' title='bbox 3495 3955 3581 4000; x_wconf 89' lang='lat' dir='ltr'><strong>est</strong></span> 
     </span>
    </p>
   </div>
   <div class='ocr_carea' id='block_1_85' title="bbox 1979 4035 3578 4106">
    <p class='ocr_par' dir='ltr' id='par_1_85' title="bbox 1979 4035 3578 4106">
     <span class='ocr_line' id='line_1_85' title="bbox 1979 4035 3578 4106; baseline -0.001 -14"><span class='ocrx_word' id='word_1_614' title='bbox 1979 4036 2080 4102; x_wconf 88' lang='lat' dir='ltr'><strong>illi,</strong></span> <span class='ocrx_word' id='word_1_615' title='bbox 2118 4036 2247 4105; x_wconf 89' lang='lat' dir='ltr'><strong>quia</strong></span> <span class='ocrx_word' id='word_1_616' title='bbox 2298 4043 2352 4090; x_wconf 91' lang='lat' dir='ltr'><strong>et</strong></span> <span class='ocrx_word' id='word_1_617' title='bbox 2384 4036 2617 4089; x_wconf 82' lang='lat' dir='ltr'><strong>virtutes</strong></span> <span class='ocrx_word' id='word_1_618' title='bbox 2645 4035 2785 4090; x_wconf 87' lang='lat' dir='ltr'><strong>tales</strong></span> <span class='ocrx_word' id='word_1_619' title='bbox 2816 4048 2914 4104; x_wconf 90' lang='lat' dir='ltr'><strong>per</strong></span> <span class='ocrx_word' id='word_1_620' title='bbox 2951 4049 3145 4089; x_wconf 89' lang='lat' dir='ltr'><strong>manus</strong></span> <span class='ocrx_word' id='word_1_621' title='bbox 3178 4037 3298 4106; x_wconf 84' lang='lat' dir='ltr'><strong>ejus</strong></span> <span class='ocrx_word' id='word_1_622' title='bbox 3330 4035 3578 4091; x_wconf 74' lang='lat' dir='ltr'><strong>efﬁciun-</strong></span> 
     </span>
    </p>
   </div>
   <div class='ocr_carea' id='block_1_86' title="bbox 1982 4126 3580 4194">
    <p class='ocr_par' dir='ltr' id='par_1_86' title="bbox 1982 4126 3580 4194">
     <span class='ocr_line' id='line_1_86' title="bbox 1982 4126 3580 4194; baseline 0 -10"><span class='ocrx_word' id='word_1_623' title='bbox 1982 4128 2112 4184; x_wconf 80' lang='lat' dir='ltr'><strong>tur?</strong></span> <span class='ocrx_word' id='word_1_624' title='bbox 2146 4128 2338 4184; x_wconf 82' lang='lat' dir='ltr'><strong>Nonne</strong></span> <span class='ocrx_word' id='word_1_625' title='bbox 2363 4128 2451 4182; x_wconf 87' lang='lat' dir='ltr'><strong>hic</strong></span> <span class='ocrx_word' id='word_1_626' title='bbox 2481 4137 2564 4182; x_wconf 86' lang='lat' dir='ltr'><strong>est</strong></span> <span class='ocrx_word' id='word_1_627' title='bbox 2597 4127 2755 4181; x_wconf 80' lang='lat' dir='ltr'><strong>faber</strong></span> <span class='ocrx_word' id='word_1_628' title='bbox 2791 4127 2916 4193; x_wconf 90' lang='lat' dir='ltr'><strong>ille,</strong></span> <span class='ocrx_word' id='word_1_629' title='bbox 2959 4127 3106 4182; x_wconf 88' lang='lat' dir='ltr'><strong>lilius</strong></span> <span class='ocrx_word' id='word_1_630' title='bbox 3150 4126 3354 4194; x_wconf 63' lang='lat' dir='ltr'><strong>Maria,</strong></span> <span class='ocrx_word' id='word_1_631' title='bbox 3408 4129 3580 4184; x_wconf 85' lang='lat' dir='ltr'><strong>frater</strong></span> 
     </span>
    </p>
   </div>
   <div class='ocr_carea' id='block_1_87' title="bbox 1977 4217 3580 4288">
    <p class='ocr_par' dir='ltr' id='par_1_87' title="bbox 1977 4217 3580 4288">
     <span class='ocr_line' id='line_1_87' title="bbox 1977 4217 3580 4288; baseline -0.001 -9"><span class='ocrx_word' id='word_1_632' title='bbox 1977 4223 2192 4288; x_wconf 77' lang='lat' dir='ltr'><strong>Jacobi,</strong></span> <span class='ocrx_word' id='word_1_633' title='bbox 2242 4230 2298 4276; x_wconf 92' lang='lat' dir='ltr'><strong>et</strong></span> <span class='ocrx_word' id='word_1_634' title='bbox 2346 4220 2496 4287; x_wconf 86' lang='lat' dir='ltr'><strong>Jose,</strong></span> <span class='ocrx_word' id='word_1_635' title='bbox 2547 4230 2602 4276; x_wconf 90' lang='lat' dir='ltr'><strong>et</strong></span> <span class='ocrx_word' id='word_1_636' title='bbox 2644 4217 2807 4283; x_wconf 80' lang='lat' dir='ltr'><strong>Juda,</strong></span> <span class='ocrx_word' id='word_1_637' title='bbox 2864 4228 2919 4274; x_wconf 93' lang='lat' dir='ltr'><strong>et</strong></span> <span class='ocrx_word' id='word_1_638' title='bbox 2966 4221 3250 4275; x_wconf 84' lang='lat' dir='ltr'><strong>Simonis?</strong></span> <span class='ocrx_word' id='word_1_639' title='bbox 3301 4219 3490 4278; x_wconf 80' lang='lat' dir='ltr'><strong>Nonne</strong></span> <span class='ocrx_word' id='word_1_640' title='bbox 3524 4232 3580 4278; x_wconf 91' lang='lat' dir='ltr'><strong>et</strong></span> 
     </span>
    </p>
   </div>
   <div class='ocr_carea' id='block_1_88' title="bbox 1977 4309 3579 4382">
    <p class='ocr_par' dir='ltr' id='par_1_88' title="bbox 1977 4309 3579 4382">
     <span class='ocr_line' id='line_1_88' title="bbox 1977 4309 3579 4382; baseline -0.001 -13"><span class='ocrx_word' id='word_1_641' title='bbox 1977 4327 2200 4370; x_wconf 83' lang='lat' dir='ltr'><strong>sorores</strong></span> <span class='ocrx_word' id='word_1_642' title='bbox 2229 4311 2348 4382; x_wconf 85' lang='lat' dir='ltr'><strong>ejus</strong></span> <span class='ocrx_word' id='word_1_643' title='bbox 2378 4311 2466 4368; x_wconf 91' lang='lat' dir='ltr'><strong>hic</strong></span> <span class='ocrx_word' id='word_1_644' title='bbox 2515 4311 2802 4366; x_wconf 84' lang='lat' dir='ltr'><strong>nobiscum</strong></span> <span class='ocrx_word' id='word_1_645' title='bbox 2848 4311 3024 4366; x_wconf 74' lang='lat' dir='ltr'><strong>sunt?</strong></span> <span class='ocrx_word' id='word_1_646' title='bbox 3058 4309 3124 4366; x_wconf 88' lang='lat' dir='ltr'><strong>Et</strong></span> <span class='ocrx_word' id='word_1_647' title='bbox 3158 4309 3579 4367; x_wconf 84' lang='lat' dir='ltr'><strong>oil&#39;endebantur</strong></span> 
     </span>
    </p>
   </div>
   <div class='ocr_carea' id='block_1_89' title="bbox 1978 4402 3580 4476">
    <p class='ocr_par' dir='ltr' id='par_1_89' title="bbox 1978 4402 3580 4476">
     <span class='ocr_line' id='line_1_89' title="bbox 1978 4402 3580 4476; baseline 0.001 -18"><span class='ocrx_word' id='word_1_648' title='bbox 1978 4419 2075 4476; x_wconf 92' lang='lat' dir='ltr'><strong>per</strong></span> <span class='ocrx_word' id='word_1_649' title='bbox 2127 4419 2277 4458; x_wconf 91' lang='lat' dir='ltr'><strong>eum.</strong></span> <span class='ocrx_word' id='word_1_650' title='bbox 2317 4422 2336 4456; x_wconf 85' lang='grc'>›</span> <span class='ocrx_word' id='word_1_651' title='bbox 2372 4402 2632 4458; x_wconf 85' lang='lat' dir='ltr'><strong>Ascendit</strong></span> <span class='ocrx_word' id='word_1_652' title='bbox 2703 4403 2770 4457; x_wconf 86' lang='lat' dir='ltr'><strong>ad</strong></span> <span class='ocrx_word' id='word_1_653' title='bbox 2833 4403 3091 4473; x_wconf 88' lang='lat' dir='ltr'><strong>patriam,</strong></span> <span class='ocrx_word' id='word_1_654' title='bbox 3144 4418 3252 4457; x_wconf 87' lang='lat' dir='ltr'><strong>non</strong></span> <span class='ocrx_word' id='word_1_655' title='bbox 3321 4404 3580 4473; x_wconf 87' lang='lat' dir='ltr'><strong>ignorans</strong></span> 
     </span>
    </p>
   </div>
   <div class='ocr_carea' id='block_1_90' title="bbox 1978 4495 3575 4568">
    <p class='ocr_par' dir='ltr' id='par_1_90' title="bbox 1978 4495 3575 4568">
     <span class='ocr_line' id='line_1_90' title="bbox 1978 4495 3575 4568; baseline -0.001 -17"><span class='ocrx_word' id='word_1_656' title='bbox 1978 4513 2038 4552; x_wconf 87' lang='lat' dir='ltr'><strong>se</strong></span> <span class='ocrx_word' id='word_1_657' title='bbox 2050 4505 2422 4568; x_wconf 89' lang='lat' dir='ltr'><strong>contemptum</strong></span> <span class='ocrx_word' id='word_1_658' title='bbox 2447 4497 2537 4563; x_wconf 90' lang='lat' dir='ltr'><strong>iri,</strong></span> <span class='ocrx_word' id='word_1_659' title='bbox 2560 4497 2656 4551; x_wconf 90' lang='lat' dir='ltr'><strong>sed</strong></span> <span class='ocrx_word' id='word_1_660' title='bbox 2680 4510 2745 4550; x_wconf 92' lang='lat' dir='ltr'><strong>ne</strong></span> <span class='ocrx_word' id='word_1_661' title='bbox 2769 4495 2823 4550; x_wconf 92' lang='lat' dir='ltr'><strong>in</strong></span> <span class='ocrx_word' id='word_1_662' title='bbox 2850 4506 3127 4565; x_wconf 91' lang='lat' dir='ltr'><strong>posterum</strong></span> <span class='ocrx_word' id='word_1_663' title='bbox 3149 4497 3330 4550; x_wconf 85' lang='lat' dir='ltr'><strong>dicere</strong></span> <span class='ocrx_word' id='word_1_664' title='bbox 3348 4509 3575 4565; x_wconf 83' lang='lat' dir='ltr'><strong>queant,</strong></span> 
     </span>
    </p>
   </div>
   <div class='ocr_carea' id='block_1_91' title="bbox 281 4567 1978 4662">
    <p class='ocr_par' dir='ltr' id='par_1_91' title="bbox 281 4567 1949 4643">
     <span class='ocr_line' id='line_1_91' title="bbox 281 4567 1949 4643; baseline -0.002 -17"><span class='ocrx_word' id='word_1_665' title='bbox 281 4573 543 4642; x_wconf 83' lang='grc' dir='ltr'>νήσουσιν</span> <span class='ocrx_word' id='word_1_666' title='bbox 590 4571 781 4638; x_wconf 84' lang='grc' dir='ltr'>αὑτοῦ,</span> <span class='ocrx_word' id='word_1_667' title='bbox 823 4570 939 4624; x_wconf 83' lang='grc' dir='ltr'>ἀλλ’</span> <span class='ocrx_word' id='word_1_668' title='bbox 973 4570 1061 4623; x_wconf 79' lang='grc' dir='ltr'>ἵνα</span> <span class='ocrx_word' id='word_1_669' title='bbox 1103 4571 1177 4641; x_wconf 81' lang='grc' dir='ltr'>μὴ</span> <span class='ocrx_word' id='word_1_670' title='bbox 1208 4569 1404 4640; x_wconf 71' lang='grc' dir='ltr'>ἔχωσιν</span> <span class='ocrx_word' id='word_1_671' title='bbox 1435 4567 1666 4638; x_wconf 75' lang='grc' dir='ltr'>ὕστερον</span> <span class='ocrx_word' id='word_1_672' title='bbox 1692 4569 1872 4637; x_wconf 86' lang='grc' dir='ltr'>λέγειν</span> <span class='ocrx_word' id='word_1_673' title='bbox 1907 4587 1949 4643; x_wconf 75' lang='grc' dir='ltr'><strong>ι)</strong></span> 
     </span>
    </p>
   </div>
   <div class='ocr_carea' id='block_1_92' title="bbox 1881 4567 3578 4662">
    <p class='ocr_par' dir='ltr' id='par_1_92' title="bbox 1907 4567 3578 4662">
     <span class='ocr_line' id='line_1_92' title="bbox 1907 4567 3578 4662; baseline 0.003 -19"><span class='ocrx_word' id='word_1_674' title='bbox 1907 4587 1949 4643; x_wconf 89' lang='lat' dir='ltr'><strong>D</strong></span> <span class='ocrx_word' id='word_1_675' title='bbox 1979 4590 2036 4647; x_wconf 91' lang='lat' dir='ltr'><strong>Si</strong></span> <span class='ocrx_word' id='word_1_676' title='bbox 2069 4567 2328 4658; x_wconf 82' lang='lat' dir='ltr'><strong>venisset,</strong></span> <span class='ocrx_word' id='word_1_677' title='bbox 2359 4591 2549 4661; x_wconf 88' lang='lat' dir='ltr'><strong>utique</strong></span> <span class='ocrx_word' id='word_1_678' title='bbox 2571 4590 2996 4645; x_wconf 87' lang='lat' dir='ltr'><strong>credidissemus</strong></span> <span class='ocrx_word' id='word_1_679' title='bbox 3015 4590 3086 4645; x_wconf 87' lang='lat' dir='ltr'><strong>ei.</strong></span> <span class='ocrx_word' id='word_1_680' title='bbox 3125 4589 3578 4662; x_wconf 55' lang='lat' dir='ltr'><strong>Reprehendebat</strong></span> 
     </span>
    </p>
   </div>
   <div class='ocr_carea' id='block_1_93' title="bbox 281 4660 1871 4736">
    <p class='ocr_par' dir='ltr' id='par_1_93' title="bbox 281 4660 1871 4736">
     <span class='ocr_line' id='line_1_93' title="bbox 281 4660 1871 4736; baseline -0.004 -17"><span class='ocrx_word' id='word_1_681' title='bbox 281 4668 395 4730; x_wconf 85' lang='grc' dir='ltr'>ὅτι,</span> <span class='ocrx_word' id='word_1_682' title='bbox 431 4665 494 4718; x_wconf 84' lang='grc' dir='ltr'>Εί</span> <span class='ocrx_word' id='word_1_683' title='bbox 529 4660 721 4736; x_wconf 73' lang='grc' dir='ltr'>ἦλθεν,</span> <span class='ocrx_word' id='word_1_684' title='bbox 753 4665 1162 4734; x_wconf 73' lang='grc' dir='ltr'>ἐπιστεύσαμεν</span> <span class='ocrx_word' id='word_1_685' title='bbox 1207 4664 1273 4716; x_wconf 84' lang='grc' dir='ltr'><strong>ἀν</strong></span> <span class='ocrx_word' id='word_1_686' title='bbox 1298 4679 1312 4694; x_wconf 86' lang='grc'><strong>·</strong></span> <span class='ocrx_word' id='word_1_687' title='bbox 1350 4662 1468 4732; x_wconf 72' lang='grc' dir='ltr'>ἄμα</span> <span class='ocrx_word' id='word_1_688' title='bbox 1509 4661 1589 4729; x_wconf 80' lang='grc' dir='ltr'>δὲ,</span> <span class='ocrx_word' id='word_1_689' title='bbox 1645 4662 1741 4714; x_wconf 74' lang='grc' dir='ltr'>καὶ</span> <span class='ocrx_word' id='word_1_690' title='bbox 1771 4661 1871 4732; x_wconf 77' lang='grc' dir='ltr'>τὴν</span> 
     </span>
    </p>
   </div>
   <div class='ocr_carea' id='block_1_94' title="bbox 279 4755 1873 4829">
    <p class='ocr_par' dir='ltr' id='par_1_94' title="bbox 279 4755 1873 4829">
     <span class='ocr_line' id='line_1_94' title="bbox 279 4755 1873 4829; baseline -0.001 -19"><span class='ocrx_word' id='word_1_691' title='bbox 279 4759 559 4829; x_wconf 67' lang='grc' dir='ltr'>φθονερὰν</span> <span class='ocrx_word' id='word_1_692' title='bbox 587 4756 816 4828; x_wconf 85' lang='grc' dir='ltr'>γνώμην</span> <span class='ocrx_word' id='word_1_693' title='bbox 871 4757 1052 4811; x_wconf 84' lang='grc' dir='ltr'>αὐτῶν</span> <span class='ocrx_word' id='word_1_694' title='bbox 1085 4757 1350 4828; x_wconf 66' lang='grc' dir='ltr'>ἐλέγχων.</span> <span class='ocrx_word' id='word_1_695' title='bbox 1408 4756 1540 4810; x_wconf 81' lang='grc' dir='ltr'>Δέον</span> <span class='ocrx_word' id='word_1_696' title='bbox 1581 4755 1692 4829; x_wconf 87' lang='grc' dir='ltr'><strong>γάρ</strong></span> <span class='ocrx_word' id='word_1_697' title='bbox 1737 4771 1873 4809; x_wconf 89' lang='grc' dir='ltr'>καυ-</span> 
     </span>
    </p>
   </div>
   <div class='ocr_carea' id='block_1_95' title="bbox 277 4846 1872 4921">
    <p class='ocr_par' dir='ltr' id='par_1_95' title="bbox 277 4846 1872 4921">
     <span class='ocr_line' id='line_1_95' title="bbox 277 4846 1872 4921; baseline -0.002 -18"><span class='ocrx_word' id='word_1_698' title='bbox 277 4850 483 4920; x_wconf 71' lang='grc' dir='ltr'>χᾶσθαι</span> <span class='ocrx_word' id='word_1_699' title='bbox 537 4850 738 4920; x_wconf 84' lang='grc' dir='ltr'>μᾶλλον</span> <span class='ocrx_word' id='word_1_700' title='bbox 791 4850 883 4902; x_wconf 76' lang='grc' dir='ltr'><strong>ἐπὶ</strong></span> <span class='ocrx_word' id='word_1_701' title='bbox 918 4848 997 4920; x_wconf 84' lang='grc' dir='ltr'>τῷ</span> <span class='ocrx_word' id='word_1_702' title='bbox 1051 4849 1241 4921; x_wconf 83' lang='grc' dir='ltr'>κυρίῳ</span> <span class='ocrx_word' id='word_1_703' title='bbox 1265 4891 1279 4913; x_wconf 92' lang='grc'><strong>,</strong></span> <span class='ocrx_word' id='word_1_704' title='bbox 1313 4848 1390 4913; x_wconf 82' lang='grc' dir='ltr'><strong>ὡς</strong></span> <span class='ocrx_word' id='word_1_705' title='bbox 1426 4846 1725 4919; x_wconf 80' lang='grc' dir='ltr'>κοσμοῦντι</span> <span class='ocrx_word' id='word_1_706' title='bbox 1771 4847 1872 4917; x_wconf 79' lang='grc' dir='ltr'>τὴν</span> 
     </span>
    </p>
   </div>
   <div class='ocr_carea' id='block_1_96' title="bbox 278 4940 1870 5014">
    <p class='ocr_par' dir='ltr' id='par_1_96' title="bbox 278 4940 1870 5014">
     <span class='ocr_line' id='line_1_96' title="bbox 278 4940 1870 5014; baseline -0.002 -17"><span class='ocrx_word' id='word_1_707' title='bbox 278 4942 463 4997; x_wconf 78' lang='grc' dir='ltr'>αὐτῶν</span> <span class='ocrx_word' id='word_1_708' title='bbox 519 4941 758 5014; x_wconf 86' lang='grc' dir='ltr'>πατρίδα</span> <span class='ocrx_word' id='word_1_709' title='bbox 815 4942 905 4996; x_wconf 79' lang='grc' dir='ltr'>διά</span> <span class='ocrx_word' id='word_1_710' title='bbox 955 4959 1016 4995; x_wconf 91' lang='grc' dir='ltr'>τε</span> <span class='ocrx_word' id='word_1_711' title='bbox 1051 4945 1149 5013; x_wconf 80' lang='grc' dir='ltr'>τῆς</span> <span class='ocrx_word' id='word_1_712' title='bbox 1187 4940 1542 5004; x_wconf 73' lang='grc' dir='ltr'>διδασκαλίας</span> <span class='ocrx_word' id='word_1_713' title='bbox 1595 4940 1694 4994; x_wconf 75' lang='grc' dir='ltr'>καὶ</span> <span class='ocrx_word' id='word_1_714' title='bbox 1754 4941 1870 4994; x_wconf 91' lang='grc' dir='ltr'><strong>τῶν</strong></span> 
     </span>
    </p>
   </div>
   <div class='ocr_carea' id='block_1_97' title="bbox 279 5018 1874 5105">
    <p class='ocr_par' dir='ltr' id='par_1_97' title="bbox 279 5018 1874 5105">
     <span class='ocr_line' id='line_1_97' title="bbox 279 5018 1874 5105; baseline -0.001 -17"><span class='ocrx_word' id='word_1_715' title='bbox 279 5034 604 5105; x_wconf 84' lang='grc' dir='ltr'>θαυμάτων,</span> <span class='ocrx_word' id='word_1_716' title='bbox 637 5036 688 5089; x_wconf 79' lang='grc' dir='ltr'>οἱ</span> <span class='ocrx_word' id='word_1_717' title='bbox 721 5033 802 5098; x_wconf 83' lang='grc' dir='ltr'>δὲ,</span> <span class='ocrx_word' id='word_1_718' title='bbox 839 5018 1278 5100; x_wconf 76' lang='grc' dir='ltr'>ἐξευτελίζουσιν</span> <span class='ocrx_word' id='word_1_719' title='bbox 1323 5034 1488 5088; x_wconf 79' lang='grc' dir='ltr'>αὐτὸν</span> <span class='ocrx_word' id='word_1_720' title='bbox 1535 5035 1630 5088; x_wconf 68' lang='grc' dir='ltr'><strong>ἐπὶ</strong></span> <span class='ocrx_word' id='word_1_721' title='bbox 1665 5032 1745 5103; x_wconf 81' lang='grc' dir='ltr'>τῷ</span> <span class='ocrx_word' id='word_1_722' title='bbox 1776 5049 1874 5086; x_wconf 79' lang='grc' dir='ltr'>τα·</span> 
     </span>
    </p>
   </div>
   <div class='ocr_carea' id='block_1_98' title="bbox 281 5124 1866 5198">
    <p class='ocr_par' dir='ltr' id='par_1_98' title="bbox 281 5124 1866 5198">
     <span class='ocr_line' id='line_1_98' title="bbox 281 5124 1866 5198; baseline -0.002 -18"><span class='ocrx_word' id='word_1_723' title='bbox 281 5126 456 5198; x_wconf 75' lang='grc' dir='ltr'>πεινῷ</span> <span class='ocrx_word' id='word_1_724' title='bbox 505 5125 600 5179; x_wconf 90' lang='grc' dir='ltr'><strong>τοῦ</strong></span> <span class='ocrx_word' id='word_1_725' title='bbox 657 5126 874 5195; x_wconf 78' lang='grc' dir='ltr'>γένους.</span> <span class='ocrx_word' id='word_1_726' title='bbox 918 5124 1189 5178; x_wconf 74' lang='grc' dir='ltr'>Τοσοῦτον</span> <span class='ocrx_word' id='word_1_727' title='bbox 1231 5127 1349 5180; x_wconf 73' lang='grc' dir='ltr'>ἐστι</span> <span class='ocrx_word' id='word_1_728' title='bbox 1387 5125 1557 5179; x_wconf 76' lang='grc' dir='ltr'>κακὸν</span> <span class='ocrx_word' id='word_1_729' title='bbox 1585 5127 1612 5178; x_wconf 81' lang='grc' dir='ltr'>ὁ</span> <span class='ocrx_word' id='word_1_730' title='bbox 1648 5124 1866 5194; x_wconf 85' lang='grc' dir='ltr'>φθόνος.</span> 
     </span>
    </p>
   </div>
   <div class='ocr_carea' id='block_1_99' title="bbox 292 5219 1872 5292">
    <p class='ocr_par' dir='ltr' id='par_1_99' title="bbox 292 5219 1872 5292">
     <span class='ocr_line' id='line_1_99' title="bbox 292 5219 1872 5292; baseline -0.001 -17"><span class='ocrx_word' id='word_1_731' title='bbox 292 5221 607 5275; x_wconf 82' lang='grc' dir='ltr'>Ἐπισκοτεῖ</span> <span class='ocrx_word' id='word_1_732' title='bbox 637 5221 748 5292; x_wconf 84' lang='grc' dir='ltr'>γὰρ</span> <span class='ocrx_word' id='word_1_733' title='bbox 797 5221 911 5282; x_wconf 90' lang='grc' dir='ltr'>τοῖς</span> <span class='ocrx_word' id='word_1_734' title='bbox 968 5219 1195 5288; x_wconf 83' lang='grc' dir='ltr'>ἀγαθοῖς</span> <span class='ocrx_word' id='word_1_735' title='bbox 1248 5219 1357 5282; x_wconf 73' lang='grc' dir='ltr'>ἀεὶ,</span> <span class='ocrx_word' id='word_1_736' title='bbox 1384 5219 1482 5273; x_wconf 71' lang='lat' dir='ltr'><strong>xal</strong></span> <span class='ocrx_word' id='word_1_737' title='bbox 1523 5219 1624 5272; x_wconf 82' lang='grc' dir='ltr'>οὐκ</span> <span class='ocrx_word' id='word_1_738' title='bbox 1659 5219 1726 5290; x_wconf 76' lang='grc' dir='ltr'>ἐᾷ</span> <span class='ocrx_word' id='word_1_739' title='bbox 1744 5220 1872 5281; x_wconf 82' lang='grc' dir='ltr'>τοὺς</span> 
     </span>
    </p>
   </div>
   <div class='ocr_carea' id='block_1_100' title="bbox 277 5307 1872 5385">
    <p class='ocr_par' dir='ltr' id='par_1_100' title="bbox 277 5307 1872 5385">
     <span class='ocr_line' id='line_1_100' title="bbox 277 5307 1872 5385; baseline -0.003 -16"><span class='ocrx_word' id='word_1_740' title='bbox 277 5313 615 5385; x_wconf 83' lang='grc' dir='ltr'>φθονοῦντας</span> <span class='ocrx_word' id='word_1_741' title='bbox 672 5313 847 5367; x_wconf 69' lang='grc' dir='ltr'>ταῦτα</span> <span class='ocrx_word' id='word_1_742' title='bbox 898 5314 1048 5367; x_wconf 84' lang='grc' dir='ltr'>ίδεῖν.</span> <span class='ocrx_word' id='word_1_743' title='bbox 1104 5313 1217 5368; x_wconf 76' lang='grc' dir='ltr'><strong>Καὶ</strong></span> <span class='ocrx_word' id='word_1_744' title='bbox 1270 5312 1364 5365; x_wconf 86' lang='grc' dir='ltr'><strong>νῦν</strong></span> <span class='ocrx_word' id='word_1_745' title='bbox 1403 5307 1497 5365; x_wconf 83' lang='grc' dir='ltr'>οὖν</span> <span class='ocrx_word' id='word_1_746' title='bbox 1539 5310 1747 5375; x_wconf 81' lang='grc' dir='ltr'>πολλοὶ,</span> <span class='ocrx_word' id='word_1_747' title='bbox 1796 5311 1872 5374; x_wconf 85' lang='grc' dir='ltr'>ὡς</span> 
     </span>
    </p>
   </div>
   <div class='ocr_carea' id='block_1_101' title="bbox 275 5403 1872 5476">
    <p class='ocr_par' dir='ltr' id='par_1_101' title="bbox 275 5403 1872 5476">
     <span class='ocr_line' id='line_1_101' title="bbox 275 5403 1872 5476; baseline -0.002 -15"><span class='ocrx_word' id='word_1_748' title='bbox 275 5409 563 5476; x_wconf 88' lang='grc' dir='ltr'>δυσγενεῖς</span> <span class='ocrx_word' id='word_1_749' title='bbox 601 5423 756 5471; x_wconf 86' lang='grc' dir='ltr'>τινας</span> <span class='ocrx_word' id='word_1_750' title='bbox 805 5407 1208 5471; x_wconf 78' lang='grc' dir='ltr'>διαϐάλλουσιν,</span> <span class='ocrx_word' id='word_1_751' title='bbox 1257 5403 1442 5470; x_wconf 78' lang='grc' dir='ltr'>ἀξίους</span> <span class='ocrx_word' id='word_1_752' title='bbox 1482 5405 1646 5469; x_wconf 81' lang='grc' dir='ltr'>δντας</span> <span class='ocrx_word' id='word_1_753' title='bbox 1701 5407 1872 5464; x_wconf 70' lang='grc' dir='ltr'>τᾶλλα</span> 
     </span>
    </p>
   </div>
   <div class='ocr_carea' id='block_1_102' title="bbox 277 5498 1616 5572">
    <p class='ocr_par' dir='ltr' id='par_1_102' title="bbox 277 5498 1616 5572">
     <span class='ocr_line' id='line_1_102' title="bbox 277 5498 1616 5572; baseline -0.001 -18"><span class='ocrx_word' id='word_1_754' title='bbox 277 5502 470 5572; x_wconf 82' lang='grc' dir='ltr'>τιμῇς,</span> <span class='ocrx_word' id='word_1_755' title='bbox 507 5500 695 5563; x_wconf 86' lang='grc' dir='ltr'>κακῶς</span> <span class='ocrx_word' id='word_1_756' title='bbox 721 5499 1051 5572; x_wconf 85' lang='grc' dir='ltr'>φρονοῦντες</span> <span class='ocrx_word' id='word_1_757' title='bbox 1080 5501 1175 5553; x_wconf 72' lang='grc' dir='ltr'>καὶ</span> <span class='ocrx_word' id='word_1_758' title='bbox 1200 5499 1321 5552; x_wconf 76' lang='grc' dir='ltr'>λίαν</span> <span class='ocrx_word' id='word_1_759' title='bbox 1349 5498 1616 5566; x_wconf 87' lang='grc' dir='ltr'>ἀγεννῶς.</span> 
     </span>
    </p>
   </div>
   <div class='ocr_carea' id='block_1_103' title="bbox 356 5590 1874 5662">
    <p class='ocr_par' dir='ltr' id='par_1_103' title="bbox 356 5590 1874 5662">
     <span class='ocr_line' id='line_1_103' title="bbox 356 5590 1874 5662; baseline -0.001 -16"><span class='ocrx_word' id='word_1_760' title='bbox 356 5612 376 5646; x_wconf 78' lang='grc' dir='ltr'><strong>ι</strong></span> <span class='ocrx_word' id='word_1_761' title='bbox 411 5592 606 5662; x_wconf 82' lang='grc' dir='ltr'>Ἔλεγε</span> <span class='ocrx_word' id='word_1_762' title='bbox 658 5592 715 5646; x_wconf 84' lang='grc' dir='ltr'>δὲ</span> <span class='ocrx_word' id='word_1_763' title='bbox 739 5593 924 5656; x_wconf 75' lang='grc' dir='ltr'>αὐτοῖς</span> <span class='ocrx_word' id='word_1_764' title='bbox 954 5591 982 5643; x_wconf 83' lang='grc' dir='ltr'><strong>ὁ</strong></span> <span class='ocrx_word' id='word_1_765' title='bbox 1027 5590 1238 5661; x_wconf 84' lang='grc' dir='ltr'>Ἰησοῦς</span> <span class='ocrx_word' id='word_1_766' title='bbox 1286 5592 1391 5654; x_wconf 87' lang='grc' dir='ltr'>ὅτι,</span> <span class='ocrx_word' id='word_1_767' title='bbox 1427 5591 1542 5643; x_wconf 80' lang='grc' dir='ltr'>Οὐκ</span> <span class='ocrx_word' id='word_1_768' title='bbox 1577 5591 1693 5643; x_wconf 79' lang='grc' dir='ltr'>ἔστι</span> <span class='ocrx_word' id='word_1_769' title='bbox 1736 5609 1874 5662; x_wconf 81' lang='grc' dir='ltr'>προ-</span> 
     </span>
    </p>
   </div>
   <div class='ocr_carea' id='block_1_104' title="bbox 279 5684 1873 5756">
    <p class='ocr_par' dir='ltr' id='par_1_104' title="bbox 279 5684 1873 5756">
     <span class='ocr_line' id='line_1_104' title="bbox 279 5684 1873 5756; baseline -0.001 -19"><span class='ocrx_word' id='word_1_770' title='bbox 279 5685 462 5756; x_wconf 74' lang='grc' dir='ltr'>φήτης</span> <span class='ocrx_word' id='word_1_771' title='bbox 517 5687 736 5753; x_wconf 76' lang='grc' dir='ltr'>ἄτιμος,</span> <span class='ocrx_word' id='word_1_772' title='bbox 781 5687 830 5738; x_wconf 88' lang='grc' dir='ltr'>εἱ</span> <span class='ocrx_word' id='word_1_773' title='bbox 880 5687 954 5756; x_wconf 79' lang='grc' dir='ltr'>μὴ</span> <span class='ocrx_word' id='word_1_774' title='bbox 995 5686 1053 5736; x_wconf 83' lang='grc' dir='ltr'>ὲν</span> <span class='ocrx_word' id='word_1_775' title='bbox 1085 5686 1152 5755; x_wconf 75' lang='grc' dir='ltr'><strong>τῇ</strong></span> <span class='ocrx_word' id='word_1_776' title='bbox 1195 5685 1415 5755; x_wconf 87' lang='grc' dir='ltr'>πατρίδι</span> <span class='ocrx_word' id='word_1_777' title='bbox 1455 5684 1648 5749; x_wconf 80' lang='grc' dir='ltr'>αὑτοῦ,</span> <span class='ocrx_word' id='word_1_778' title='bbox 1679 5684 1775 5738; x_wconf 78' lang='grc' dir='ltr'>καὶ</span> <span class='ocrx_word' id='word_1_779' title='bbox 1814 5685 1873 5736; x_wconf 84' lang='grc' dir='ltr'>ὲν</span> 
     </span>
    </p>
   </div>
   <div class='ocr_carea' id='block_1_105' title="bbox 273 5776 1874 5848">
    <p class='ocr_par' dir='ltr' id='par_1_105' title="bbox 273 5776 1874 5848">
     <span class='ocr_line' id='line_1_105' title="bbox 273 5776 1874 5848; baseline -0.001 -15"><span class='ocrx_word' id='word_1_780' title='bbox 273 5782 391 5841; x_wconf 80' lang='grc' dir='ltr'>τοῖς</span> <span class='ocrx_word' id='word_1_781' title='bbox 446 5777 761 5847; x_wconf 87' lang='grc' dir='ltr'>συγγενέσι,</span> <span class='ocrx_word' id='word_1_782' title='bbox 815 5778 910 5831; x_wconf 81' lang='grc' dir='ltr'><strong>καὶ</strong></span> <span class='ocrx_word' id='word_1_783' title='bbox 963 5778 1022 5830; x_wconf 82' lang='grc' dir='ltr'>ὲν</span> <span class='ocrx_word' id='word_1_784' title='bbox 1071 5780 1138 5848; x_wconf 79' lang='grc' dir='ltr'>τῇ</span> <span class='ocrx_word' id='word_1_785' title='bbox 1171 5776 1324 5847; x_wconf 83' lang='grc' dir='ltr'>οίκίᾳ</span> <span class='ocrx_word' id='word_1_786' title='bbox 1380 5778 1571 5830; x_wconf 79' lang='grc' dir='ltr'>αὑτοῦ.</span> <span class='ocrx_word' id='word_1_787' title='bbox 1627 5779 1738 5831; x_wconf 72' lang='grc' dir='ltr'><strong>Καὶ</strong></span> <span class='ocrx_word' id='word_1_788' title='bbox 1772 5778 1874 5832; x_wconf 81' lang='grc' dir='ltr'>οὐκ</span> 
     </span>
    </p>
   </div>
   <div class='ocr_carea' id='block_1_106' title="bbox 272 5863 1874 5939">
    <p class='ocr_par' dir='ltr' id='par_1_106' title="bbox 272 5863 1874 5939">
     <span class='ocr_line' id='line_1_106' title="bbox 272 5863 1874 5939; baseline 0.004 -22"><span class='ocrx_word' id='word_1_789' title='bbox 272 5866 514 5938; x_wconf 57' lang='grc' dir='ltr'>ἠδύνατο</span> <span class='ocrx_word' id='word_1_790' title='bbox 541 5867 658 5921; x_wconf 74' lang='grc' dir='ltr'>ἐκεῖ</span> <span class='ocrx_word' id='word_1_791' title='bbox 687 5865 947 5939; x_wconf 80' lang='grc' dir='ltr'>οὐδεμίαν</span> <span class='ocrx_word' id='word_1_792' title='bbox 974 5863 1207 5937; x_wconf 83' lang='grc' dir='ltr'>δύναμιν</span> <span class='ocrx_word' id='word_1_793' title='bbox 1225 5867 1475 5936; x_wconf 82' lang='grc' dir='ltr'>ποιῆσαι,</span> <span class='ocrx_word' id='word_1_794' title='bbox 1496 5871 1542 5920; x_wconf 87' lang='grc' dir='ltr'><strong>εί</strong></span> <span class='ocrx_word' id='word_1_795' title='bbox 1576 5868 1652 5936; x_wconf 84' lang='grc' dir='ltr'><strong>μὴ</strong></span> <span class='ocrx_word' id='word_1_796' title='bbox 1671 5868 1874 5938; x_wconf 83' lang='grc' dir='ltr'>ὀλίγοις</span> 
     </span>
    </p>
   </div>
   <div class='ocr_carea' id='block_1_107' title="bbox 1977 4681 3578 4754">
    <p class='ocr_par' dir='ltr' id='par_1_107' title="bbox 1977 4681 3578 4754">
     <span class='ocr_line' id='line_1_107' title="bbox 1977 4681 3578 4754; baseline 0.001 -14"><span class='ocrx_word' id='word_1_797' title='bbox 1977 4695 2161 4740; x_wconf 87' lang='lat' dir='ltr'><strong>autem</strong></span> <span class='ocrx_word' id='word_1_798' title='bbox 2193 4697 2247 4740; x_wconf 93' lang='lat' dir='ltr'><strong>et</strong></span> <span class='ocrx_word' id='word_1_799' title='bbox 2273 4686 2516 4740; x_wconf 89' lang='lat' dir='ltr'><strong>invidam</strong></span> <span class='ocrx_word' id='word_1_800' title='bbox 2545 4684 2760 4738; x_wconf 89' lang='lat' dir='ltr'><strong>illorum</strong></span> <span class='ocrx_word' id='word_1_801' title='bbox 2787 4693 3025 4737; x_wconf 82' lang='lat' dir='ltr'><strong>mentem</strong></span> <span class='ocrx_word' id='word_1_802' title='bbox 3083 4683 3244 4754; x_wconf 74' lang='lat'><strong>199</strong></span> <span class='ocrx_word' id='word_1_803' title='bbox 3274 4681 3578 4751; x_wconf 88' lang='lat' dir='ltr'><strong>Oportebat</strong></span> 
     </span>
    </p>
   </div>
   <div class='ocr_carea' id='block_1_108' title="bbox 1976 4775 3570 4850">
    <p class='ocr_par' dir='ltr' id='par_1_108' title="bbox 1976 4775 3570 4850">
     <span class='ocr_line' id='line_1_108' title="bbox 1976 4775 3570 4850; baseline -0.001 -14"><span class='ocrx_word' id='word_1_804' title='bbox 1976 4794 2107 4836; x_wconf 81' lang='lat' dir='ltr'><strong>sane</strong></span> <span class='ocrx_word' id='word_1_805' title='bbox 2132 4779 2305 4849; x_wconf 87' lang='lat' dir='ltr'><strong>magis</strong></span> <span class='ocrx_word' id='word_1_806' title='bbox 2329 4777 2550 4850; x_wconf 83' lang='lat' dir='ltr'><strong>gloriari</strong></span> <span class='ocrx_word' id='word_1_807' title='bbox 2579 4779 2648 4832; x_wconf 92' lang='lat' dir='ltr'><strong>de</strong></span> <span class='ocrx_word' id='word_1_808' title='bbox 2670 4775 2923 4842; x_wconf 87' lang='lat' dir='ltr'><strong>Domino,</strong></span> <span class='ocrx_word' id='word_1_809' title='bbox 2950 4775 3041 4844; x_wconf 88' lang='lat' dir='ltr'><strong>qui</strong></span> <span class='ocrx_word' id='word_1_810' title='bbox 3071 4775 3312 4843; x_wconf 89' lang='lat' dir='ltr'><strong>ipsorum</strong></span> <span class='ocrx_word' id='word_1_811' title='bbox 3339 4777 3570 4845; x_wconf 82' lang='lat' dir='ltr'><strong>patriam</strong></span> 
     </span>
    </p>
   </div>
   <div class='ocr_carea' id='block_1_109' title="bbox 1978 4869 3574 4940">
    <p class='ocr_par' dir='ltr' id='par_1_109' title="bbox 1978 4869 3574 4940">
     <span class='ocr_line' id='line_1_109' title="bbox 1978 4869 3574 4940; baseline -0.003 -11"><span class='ocrx_word' id='word_1_812' title='bbox 1978 4875 2050 4930; x_wconf 89' lang='lat' dir='ltr'><strong>ita</strong></span> <span class='ocrx_word' id='word_1_813' title='bbox 2100 4883 2324 4929; x_wconf 87' lang='lat' dir='ltr'><strong>ornaret</strong></span> <span class='ocrx_word' id='word_1_814' title='bbox 2383 4880 2440 4927; x_wconf 86' lang='lat' dir='ltr'><strong>et</strong></span> <span class='ocrx_word' id='word_1_815' title='bbox 2485 4871 2734 4929; x_wconf 89' lang='lat' dir='ltr'><strong>doctrina</strong></span> <span class='ocrx_word' id='word_1_816' title='bbox 2778 4881 2835 4926; x_wconf 85' lang='lat' dir='ltr'><strong>et</strong></span> <span class='ocrx_word' id='word_1_817' title='bbox 2876 4869 3160 4926; x_wconf 85' lang='lat' dir='ltr'><strong>miraculis</strong></span> <span class='ocrx_word' id='word_1_818' title='bbox 3205 4886 3220 4924; x_wconf 89' lang='lat'><strong>:</strong></span> <span class='ocrx_word' id='word_1_819' title='bbox 3271 4870 3421 4940; x_wconf 86' lang='lat' dir='ltr'><strong>atqui</strong></span> <span class='ocrx_word' id='word_1_820' title='bbox 3475 4870 3574 4940; x_wconf 87' lang='lat' dir='ltr'><strong>ipsi</strong></span> 
     </span>
    </p>
   </div>
   <div class='ocr_carea' id='block_1_110' title="bbox 1976 4963 3574 5038">
    <p class='ocr_par' dir='ltr' id='par_1_110' title="bbox 1976 4963 3574 5038">
     <span class='ocr_line' id='line_1_110' title="bbox 1976 4963 3574 5038; baseline -0.006 -15"><span class='ocrx_word' id='word_1_821' title='bbox 1976 4969 2347 5038; x_wconf 76' lang='lat' dir='ltr'><strong>despexerunt</strong></span> <span class='ocrx_word' id='word_1_822' title='bbox 2399 4965 2550 5021; x_wconf 88' lang='lat' dir='ltr'><strong>illum</strong></span> <span class='ocrx_word' id='word_1_823' title='bbox 2599 4966 2670 5019; x_wconf 91' lang='lat' dir='ltr'><strong>ob</strong></span> <span class='ocrx_word' id='word_1_824' title='bbox 2726 4963 3088 5019; x_wconf 85' lang='lat' dir='ltr'><strong>humilitatem</strong></span> <span class='ocrx_word' id='word_1_825' title='bbox 3152 4963 3404 5032; x_wconf 82' lang='lat' dir='ltr'><strong>generis:</strong></span> <span class='ocrx_word' id='word_1_826' title='bbox 3464 4972 3574 5022; x_wconf 83' lang='lat' dir='ltr'><strong>tam</strong></span> 
     </span>
    </p>
   </div>
   <div class='ocr_carea' id='block_1_111' title="bbox 1977 5052 3576 5124">
    <p class='ocr_par' dir='ltr' id='par_1_111' title="bbox 1977 5052 3576 5124">
     <span class='ocr_line' id='line_1_111' title="bbox 1977 5052 3576 5124; baseline -0.006 -10"><span class='ocrx_word' id='word_1_827' title='bbox 1977 5070 2132 5114; x_wconf 82' lang='lat' dir='ltr'><strong>atrox</strong></span> <span class='ocrx_word' id='word_1_828' title='bbox 2185 5057 2385 5111; x_wconf 84' lang='lat' dir='ltr'><strong>malum</strong></span> <span class='ocrx_word' id='word_1_829' title='bbox 2433 5066 2517 5111; x_wconf 88' lang='lat' dir='ltr'><strong>est</strong></span> <span class='ocrx_word' id='word_1_830' title='bbox 2565 5055 2789 5115; x_wconf 84' lang='lat' dir='ltr'><strong>invidia.</strong></span> <span class='ocrx_word' id='word_1_831' title='bbox 2845 5052 3075 5124; x_wconf 87' lang='lat' dir='ltr'><strong>Semper</strong></span> <span class='ocrx_word' id='word_1_832' title='bbox 3121 5054 3267 5109; x_wconf 84' lang='lat' dir='ltr'><strong>enim</strong></span> <span class='ocrx_word' id='word_1_833' title='bbox 3314 5055 3576 5109; x_wconf 75' lang='lat' dir='ltr'><strong>obscurat</strong></span> 
     </span>
    </p>
   </div>
   <div class='ocr_carea' id='block_1_112' title="bbox 1975 5143 3577 5212">
    <p class='ocr_par' dir='ltr' id='par_1_112' title="bbox 1975 5143 3577 5212">
     <span class='ocr_line' id='line_1_112' title="bbox 1975 5143 3577 5212; baseline -0.005 -7"><span class='ocrx_word' id='word_1_834' title='bbox 1975 5150 2142 5212; x_wconf 87' lang='lat' dir='ltr'><strong>bona,</strong></span> <span class='ocrx_word' id='word_1_835' title='bbox 2177 5164 2278 5204; x_wconf 87' lang='lat' dir='ltr'><strong>nec</strong></span> <span class='ocrx_word' id='word_1_836' title='bbox 2309 5149 2396 5204; x_wconf 87' lang='lat' dir='ltr'><strong>illa</strong></span> <span class='ocrx_word' id='word_1_837' title='bbox 2430 5149 2499 5204; x_wconf 80' lang='lat' dir='ltr'><strong>ab</strong></span> <span class='ocrx_word' id='word_1_838' title='bbox 2523 5147 2723 5202; x_wconf 81' lang='lat' dir='ltr'><strong>invidis</strong></span> <span class='ocrx_word' id='word_1_839' title='bbox 2754 5147 2922 5202; x_wconf 88' lang='lat' dir='ltr'><strong>videri</strong></span> <span class='ocrx_word' id='word_1_840' title='bbox 2953 5147 3101 5202; x_wconf 85' lang='lat' dir='ltr'><strong>sinit.</strong></span> <span class='ocrx_word' id='word_1_841' title='bbox 3141 5145 3207 5200; x_wconf 82' lang='lat' dir='ltr'><strong>Et</strong></span> <span class='ocrx_word' id='word_1_842' title='bbox 3237 5160 3379 5200; x_wconf 91' lang='lat' dir='ltr'><strong>nunc</strong></span> <span class='ocrx_word' id='word_1_843' title='bbox 3419 5143 3577 5202; x_wconf 91' lang='lat' dir='ltr'><strong>multi</strong></span> 
     </span>
    </p>
   </div>
   <div class='ocr_carea' id='block_1_113' title="bbox 1977 5237 3577 5312">
    <p class='ocr_par' dir='ltr' id='par_1_113' title="bbox 1977 5237 3577 5312">
     <span class='ocr_line' id='line_1_113' title="bbox 1977 5237 3577 5312; baseline -0.003 -18"><span class='ocrx_word' id='word_1_844' title='bbox 1977 5242 2246 5312; x_wconf 85' lang='lat' dir='ltr'><strong>quosdam</strong></span> <span class='ocrx_word' id='word_1_845' title='bbox 2275 5242 2431 5311; x_wconf 83' lang='lat' dir='ltr'><strong>quasi</strong></span> <span class='ocrx_word' id='word_1_846' title='bbox 2470 5239 2738 5312; x_wconf 76' lang='lat' dir='ltr'><strong>ignobiles</strong></span> <span class='ocrx_word' id='word_1_847' title='bbox 2769 5248 3026 5312; x_wconf 86' lang='lat' dir='ltr'><strong>arguunt,</strong></span> <span class='ocrx_word' id='word_1_848' title='bbox 3069 5245 3160 5308; x_wconf 85' lang='lat' dir='ltr'><strong>qui</strong></span> <span class='ocrx_word' id='word_1_849' title='bbox 3211 5250 3391 5291; x_wconf 84' lang='lat' dir='ltr'><strong>tamen</strong></span> <span class='ocrx_word' id='word_1_850' title='bbox 3425 5237 3577 5295; x_wconf 74' lang='lat' dir='ltr'><strong>onttti</strong></span> 
     </span>
    </p>
   </div>
   <div class='ocr_carea' id='block_1_114' title="bbox 1977 5331 3577 5406">
    <p class='ocr_par' dir='ltr' id='par_1_114' title="bbox 1977 5331 3577 5406">
     <span class='ocr_line' id='line_1_114' title="bbox 1977 5331 3577 5406; baseline -0.002 -16"><span class='ocrx_word' id='word_1_851' title='bbox 1977 5336 2184 5390; x_wconf 87' lang='lat' dir='ltr'><strong>honore</strong></span> <span class='ocrx_word' id='word_1_852' title='bbox 2214 5335 2363 5406; x_wconf 88' lang='lat' dir='ltr'><strong>digni</strong></span> <span class='ocrx_word' id='word_1_853' title='bbox 2392 5345 2544 5400; x_wconf 89' lang='lat' dir='ltr'><strong>sunt,</strong></span> <span class='ocrx_word' id='word_1_854' title='bbox 2584 5334 2675 5404; x_wconf 90' lang='lat' dir='ltr'><strong>qui</strong></span> <span class='ocrx_word' id='word_1_855' title='bbox 2704 5349 2836 5392; x_wconf 87' lang='lat' dir='ltr'><strong>sane</strong></span> <span class='ocrx_word' id='word_1_856' title='bbox 2872 5333 3017 5390; x_wconf 89' lang='lat' dir='ltr'><strong>haud</strong></span> <span class='ocrx_word' id='word_1_857' title='bbox 3047 5333 3186 5388; x_wconf 84' lang='lat' dir='ltr'><strong>bene</strong></span> <span class='ocrx_word' id='word_1_858' title='bbox 3213 5331 3482 5398; x_wconf 83' lang='lat' dir='ltr'><strong>sentiunt,</strong></span> <span class='ocrx_word' id='word_1_859' title='bbox 3520 5340 3577 5387; x_wconf 85' lang='lat' dir='ltr'><strong>et</strong></span> 
     </span>
    </p>
   </div>
   <div class='ocr_carea' id='block_1_115' title="bbox 1977 5430 2607 5499">
    <p class='ocr_par' dir='ltr' id='par_1_115' title="bbox 1977 5430 2607 5499">
     <span class='ocr_line' id='line_1_115' title="bbox 1977 5430 2607 5499; baseline 0.002 -15"><span class='ocrx_word' id='word_1_860' title='bbox 1977 5430 2294 5499; x_wconf 87' lang='lat' dir='ltr'><strong>neutiquam</strong></span> <span class='ocrx_word' id='word_1_861' title='bbox 2321 5441 2607 5498; x_wconf 84' lang='lat' dir='ltr'><strong>generose.</strong></span> 
     </span>
    </p>
   </div>
   <div class='ocr_carea' id='block_1_116' title="bbox 2051 5580 3578 5644">
    <p class='ocr_par' dir='ltr' id='par_1_116' title="bbox 2051 5580 3578 5644">
     <span class='ocr_line' id='line_1_116' title="bbox 2051 5580 3578 5644; baseline -0.007 0"><span class='ocrx_word' id='word_1_862' title='bbox 2051 5589 2218 5644; x_wconf 72' lang='lat' dir='ltr'><strong>Vens.</strong></span> <span class='ocrx_word' id='word_1_863' title='bbox 2255 5587 2372 5643; x_wconf 73' lang='grc'>4-6.</span> <span class='ocrx_word' id='word_1_864' title='bbox 2412 5605 2430 5638; x_wconf 81' lang='grc' dir='ltr'><strong>ι</strong></span> <span class='ocrx_word' id='word_1_865' title='bbox 2472 5583 2698 5642; x_wconf 87' lang='lat' dir='ltr'><strong>Dicebat</strong></span> <span class='ocrx_word' id='word_1_866' title='bbox 2735 5594 2914 5639; x_wconf 79' lang='lat' dir='ltr'><strong>autent</strong></span> <span class='ocrx_word' id='word_1_867' title='bbox 2960 5583 3065 5639; x_wconf 88' lang='lat' dir='ltr'><strong>illis</strong></span> <span class='ocrx_word' id='word_1_868' title='bbox 3101 5583 3299 5639; x_wconf 86' lang='lat' dir='ltr'><strong>Jesus:</strong></span> <span class='ocrx_word' id='word_1_869' title='bbox 3337 5580 3451 5636; x_wconf 89' lang='lat' dir='ltr'><strong>Non</strong></span> <span class='ocrx_word' id='word_1_870' title='bbox 3494 5590 3578 5635; x_wconf 80' lang='lat' dir='ltr'><strong>est</strong></span> 
     </span>
    </p>
   </div>
   <div class='ocr_carea' id='block_1_117' title="bbox 1978 5675 3579 5752">
    <p class='ocr_par' dir='ltr' id='par_1_117' title="bbox 1978 5675 3579 5752">
     <span class='ocr_line' id='line_1_117' title="bbox 1978 5675 3579 5752; baseline -0.007 -14"><span class='ocrx_word' id='word_1_871' title='bbox 1978 5691 2325 5752; x_wconf 86' lang='lat' dir='ltr'><strong>contemptus</strong></span> <span class='ocrx_word' id='word_1_872' title='bbox 2362 5680 2622 5749; x_wconf 86' lang='lat' dir='ltr'><strong>propheta</strong></span> <span class='ocrx_word' id='word_1_873' title='bbox 2676 5679 2780 5732; x_wconf 90' lang='lat' dir='ltr'><strong>nisi</strong></span> <span class='ocrx_word' id='word_1_874' title='bbox 2837 5678 2891 5731; x_wconf 88' lang='lat' dir='ltr'><strong>in</strong></span> <span class='ocrx_word' id='word_1_875' title='bbox 2947 5679 3118 5746; x_wconf 88' lang='lat' dir='ltr'><strong>patria</strong></span> <span class='ocrx_word' id='word_1_876' title='bbox 3169 5693 3287 5741; x_wconf 88' lang='lat' dir='ltr'><strong>sua,</strong></span> <span class='ocrx_word' id='word_1_877' title='bbox 3333 5685 3388 5729; x_wconf 90' lang='lat' dir='ltr'><strong>et</strong></span> <span class='ocrx_word' id='word_1_878' title='bbox 3436 5675 3579 5728; x_wconf 91' lang='lat' dir='ltr'><strong>inter</strong></span> 
     </span>
    </p>
   </div>
   <div class='ocr_carea' id='block_1_118' title="bbox 1980 5768 3582 5846">
    <p class='ocr_par' dir='ltr' id='par_1_118' title="bbox 1980 5768 3582 5846">
     <span class='ocr_line' id='line_1_118' title="bbox 1980 5768 3582 5846; baseline -0.007 -15"><span class='ocrx_word' id='word_1_879' title='bbox 1980 5785 2268 5846; x_wconf 80' lang='lat' dir='ltr'><strong>cognatos,</strong></span> <span class='ocrx_word' id='word_1_880' title='bbox 2299 5785 2354 5828; x_wconf 85' lang='lat' dir='ltr'><strong>et</strong></span> <span class='ocrx_word' id='word_1_881' title='bbox 2389 5775 2440 5828; x_wconf 92' lang='lat' dir='ltr'><strong>in</strong></span> <span class='ocrx_word' id='word_1_882' title='bbox 2471 5773 2678 5827; x_wconf 89' lang='lat' dir='ltr'><strong>familia</strong></span> <span class='ocrx_word' id='word_1_883' title='bbox 2714 5786 2833 5826; x_wconf 78' lang='lat' dir='ltr'><strong>sua.</strong></span> <span class='ocrx_word' id='word_1_884' title='bbox 2863 5770 2928 5825; x_wconf 85' lang='lat' dir='ltr'><strong>Et</strong></span> <span class='ocrx_word' id='word_1_885' title='bbox 2959 5787 3063 5826; x_wconf 91' lang='lat' dir='ltr'><strong>non</strong></span> <span class='ocrx_word' id='word_1_886' title='bbox 3098 5779 3306 5839; x_wconf 78' lang='lat' dir='ltr'><strong>poterat</strong></span> <span class='ocrx_word' id='word_1_887' title='bbox 3344 5768 3415 5822; x_wconf 88' lang='lat' dir='ltr'><strong>ibi</strong></span> <span class='ocrx_word' id='word_1_888' title='bbox 3467 5769 3582 5820; x_wconf 87' lang='lat' dir='ltr'><strong>vir-</strong></span> 
     </span>
    </p>
   </div>
   <div class='ocr_carea' id='block_1_119' title="bbox 1981 5859 3579 5926">
    <p class='ocr_par' dir='ltr' id='par_1_119' title="bbox 1981 5859 3579 5926">
     <span class='ocr_line' id='line_1_119' title="bbox 1981 5859 3579 5926; baseline -0.008 -1"><span class='ocrx_word' id='word_1_889' title='bbox 1981 5878 2153 5926; x_wconf 82' lang='lat' dir='ltr'><strong>tutem</strong></span> <span class='ocrx_word' id='word_1_890' title='bbox 2217 5867 2380 5922; x_wconf 88' lang='lat' dir='ltr'><strong>ullam</strong></span> <span class='ocrx_word' id='word_1_891' title='bbox 2440 5866 2648 5926; x_wconf 86' lang='lat' dir='ltr'><strong>cdere,</strong></span> <span class='ocrx_word' id='word_1_892' title='bbox 2709 5863 2814 5918; x_wconf 86' lang='lat' dir='ltr'><strong>nisi</strong></span> <span class='ocrx_word' id='word_1_893' title='bbox 2867 5867 3012 5926; x_wconf 82' lang='lat' dir='ltr'><strong>quod</strong></span> <span class='ocrx_word' id='word_1_894' title='bbox 3069 5877 3272 5920; x_wconf 79' lang='lat' dir='ltr'><strong>paucos</strong></span> <span class='ocrx_word' id='word_1_895' title='bbox 3331 5859 3579 5919; x_wconf 74' lang='grc' dir='ltr'>ἱιιῦιωος</span> 
     </span>
    </p>
   </div>
  </div>
