4298 6446
797 391 900 465 551
1716 387 2299 452 THEOPHYLACTI
2334 386 2747 451 BULGARIB
2789 387 3144 451 ARCHIEP.
3930 390 4041 456 δεῖ

790 503 1108 571 cecidisset,
1160 500 1469 572 suspicatus
1494 506 1579 555 est
1626 498 1769 570 quod
1798 497 2126 553 surrexisset
2153 508 2183 550 ο
2218 508 2359 550 mor-
2393 499 2433 558 Α
2470 512 2487 566 ι

2347 524 2359 536 -
2393 499 2433 558 Δ
2470 496 2653 567 μάτην
2714 496 2893 552 άνεῐλε
2955 496 3049 549 τὸν
3081 493 3367 561 Ἰωάννην,
3404 494 3671 551 ὑπίλαΰεν
3705 495 3787 550 δτι
3837 497 4044 574 ἀνίστη

794 597 923 662 tuis,
946 604 1002 651 et
1023 610 1120 665 per
1144 574 1596 649 resurrectionem
1617 590 1675 645 in
1704 604 1761 645 se
1785 589 2038 643 virtutem
2061 588 2359 656 accepltset
2469 585 2491 637 ι

2351 598 2359 640 l
2469 585 2534 637 ἐκ
2566 584 2797 655 νεκρῶν,
2852 586 2948 638 καὶ
2989 585 3054 637 ἐκ
3092 582 3579 653 ἠςνάναπάσεως
3632 586 3941 656 προσελασε
3985 593 4048 648 τὸ

793 685 1051 753 opsrandi
1111 681 1388 737 miracula.
1445 680 1683 736 Joannes
1736 682 1878 736 enim
1933 678 2085 749 prius
2150 676 2357 732 nullum
2469 673 2490 727 θ

2348 691 2357 730 I
2469 673 2930 745 θαυματουργείν.
2956 677 3231 748 Πρότερον
3259 676 3369 745 γάρ
3408 679 3436 730 6
3472 677 3723 747 Ἰωάννης
3765 679 3918 733 οὐδὲν
3946 697 4045 751 ση-

798 775 1112 839 miraculum
1146 772 1388 835 fecerat;
1420 770 1666 826 Herodes
1699 780 1877 825 autem
1909 770 2133 840 putabat
2176 768 2360 838 signo-

796 882 915 922 rem
937 865 1303 934 epera'tiouem
1336 865 1384 917 ei
1416 878 1481 920 ex
1519 862 1933 917 resurrectionis
1962 862 2162 915 virtute
2192 862 2358 915 adve-

794 961 958 1015 nisse.
988 961 1056 1013 At
1090 958 1179 1012 alii
1209 957 1478 1019 dicebant,
1515 956 1657 1009 Elias
1682 964 1762 1010 est
1790 972 1803 1010 :
1838 953 2186 1023 reprehendit
2216 952 2363 1015 enim,

794 1052 1011 1115 multos,
1043 1060 1100 1105 ut
1134 1066 1253 1103 cum
1293 1048 1519 1110 diceret,
1552 1046 1596 1102 Ο
1628 1046 1898 1100 incredula
1948 1045 2136 1099 natio!
2181 1044 2358 1099 Hero-

794 1143 888 1195 des
912 1152 1086 1195 autem
1114 1141 1331 1195 timebat
1362 1155 1378 1194 :
1409 1139 1539 1194 adeo
1568 1141 1728 1195 miser
1752 1148 1888 1205 erat,
1917 1147 1975 1192 ut
2001 1148 2058 1193 et
2090 1146 2359 1190 mortuum

791 1237 1024 1289 timeret.

867 1326 1028 1381 Vens.
1068 1325 1130 1379 17
1163 1324 1251 1378 20.
1289 1323 1422 1377 Nam
1454 1323 1566 1391 ipse
1596 1322 1869 1385 Herodes,
1903 1317 2361 1375 missis-satelliti-

796 1419 914 1477 bus.
947 1434 1138 1475 manus
1171 1418 1422 1484 injecerat
1452 1417 1503 1470 in
1537 1415 1694 1487 201
1724 1413 2008 1474 Joannem,
2031 1419 2085 1466 et
2113 1412 2389 1464 vinxerat'

794 1522 916 1562 eum
951 1507 1005 1560 in
1050 1520 1269 1560 carcere
1300 1514 1519 1574 prepter
1555 1504 1916 1558 Herodiadem
1951 1516 2175 1556 uxorem
2228 1498 2359 1553 Phl-

794 1599 921 1669 lippi
960 1596 1143 1652 fratris
1178 1598 1283 1661 sui,
1317 1599 1441 1666 quia
1471 1598 1695 1651 duxerat
1719 1611 1836 1650 eam
1861 1609 2105 1651 uxorem.
2139 1593 2360 1647 Dicebat

795 1690 938 1746 enim
965 1687 1205 1745 Joannes
1231 1687 1426 1743 Herodi
1453 1706 1467 1742 :
1500 1687 1615 1742 Non
1644 1689 1769 1742 licet
1790 1686 1886 1740 tibi
1907 1685 2107 1740 habere
2136 1698 2357 1739 uxorein

796 1783 982 1849 fratris
1033 1784 1129 1838 tui.
1186 1780 1447 1838 llerodias
1480 1790 1658 1836 autem
1692 1779 2049 1834 insidiabatur
2080 1778 2176 1843 illi,
2211 1776 2361 1831 vole-

2470 769 2621 837 μεῖον
2656 767 2911 837 ἐποίησεν
2931 784 2946 799 ο
2982 768 3089 821 ἀπὸ
3118 768 3174 820 δὲ
3227 768 3326 838 τῆς
3357 768 3708 834 ἀναστάσεως
3738 773 3989 843 ἐνόμισεν
4015 774 4045 825 6

2477 856 2723 929 Ἡρώδης
2750 857 3083 928 προσλαϐεῖν
3124 859 3289 913 αὑτὸν
3318 858 3428 912 τῶν
3462 861 3707 929 σημείων
3741 864 3841 934 τὴν
3874 864 4045 930 ἐργα-

2468 949 2608 1003 σίαν.
2635 948 2818 1002 Ἀλλοι
2849 949 2907 1001 δὲ
2941 949 3127 1015 ελεγον
3156 950 3242 1003 ὅτι
3290 949 3476 1013 Ἠλίας
3504 952 3679 1003 ἐστίν’
3703 954 3900 1023 ήλεγχε
3932 955 4044 1025 γάρ

2466 1041 2590 1102 τοὺς
2628 1039 2877 1109 πολλοὺς,
2918 1040 2994 1102 ώς
3040 1039 3170 1093 ὅταν
3211 1039 3420 1109 ἔλεγεν,
3460 1041 3523 1092 Ὠ
3578 1044 3736 1109 γενεὰ
3774 1045 4043 1107 ἀπιστοςί

2477 1130 2723 1202 Ἡρώδης
2764 1130 2821 1188 δέ
2863 1131 3100 1186 δέδοικεν
3125 1147 3140 1162 ο
3168 1132 3340 1195 οὕτως
3357 1128 3452 1186 οὖν
3490 1132 3742 1197 ἐλεεινὸς.
3774 1135 3919 1189 ὥστε
3950 1137 4047 1189 τὸν

2468 1223 2659 1293 νεκρὸν
2688 1223 2993 1292 φοὸείσθαι.

2544 1327 2563 1363 ι
2594 1315 2766 1375 Αὐτὸς
2796 1314 2905 1385 γὰρ
2930 1317 2958 1368 6
2992 1315 3257 1386 Ἡρώδης,
3281 1316 3609 1379 ἀποστείλας
3644 1315 3921 1386 ἐκράτησε
3951 1317 4047 1370 τὸν

2481 1404 2736 1475 Ἰωάννην
2774 1445 2789 1469 ,
2832 1408 2924 1460 καὶ
2977 1408 3163 1477 ἔδησεν
3201 1409 3362 1463 αὐτὸν
3396 1411 3454 1463 ἐν
3493 1409 3706 1479 φυλακῇ
3736 1409 3824 1461 διὰ
3862 1409 4046 1479 Ἥρω-

2466 1493 2622 1549 διάδα
2648 1497 2751 1568 τὴν
2777 1502 3009 1566 γυναῖκα
3039 1501 3307 1554 Φιλίππου
3348 1502 3440 1553 τοῦ
3468 1502 3697 1569 ἀδελφοῦ
3736 1501 3926 1563 αὐτοῦ,
3958 1503 4044 1555 ὅτι

2467 1590 2637 1657 αὐτὴν
2664 1592 2969 1662 ἐγάμησεν.
3013 1595 3207 1663 Ἔλεγε
3233 1596 3340 1664 γὰρ
3366 1598 3395 1649 6
3429 1597 3681 1667 Ἰωάννης
3712 1595 3789 1666 τῷ
3824 1596 4046 1665 Ἡρώδῃ

2466 1680 2572 1748 ὅτι,
2607 1682 2719 1736 Οὐκ
2746 1683 2922 1746 ἔξεστί
2963 1701 3044 1737 σοι
3073 1685 3217 1755 ἔχειν
3255 1688 3357 1755 τὴν
3386 1691 3619 1755 γυναῖκα
3670 1688 3764 1741 τοῦ
3806 1688 4044 1757 ἀδελφοῦ

2470 1790 2584 1826 σου.
2622 1774 2684 1826 Ἠ
2706 1774 2763 1827 δὲ
2796 1776 3063 1845 Ἡρωδιὰς
3098 1779 3304 1847 ἐνεῖχεν
3331 1778 3501 1846 αὐτῷ,
3529 1780 3622 1831 καὶ
3658 1778 3848 1848 ἢθελεν
3873 1780 4045 1833 αὑτὸν

796 1877 995 1955 batque
1024 1876 1275 1931 occidere
1315 1890 1459 1939 eum,
1509 1889 1609 1929 nec
1656 1881 1890 1943 poterat.
1943 1870 2184 1927 Herodes
2217 1870 2361 1923 enim
2390 1849 2437 1910 Β

2348 1885 2361 1923 ι
2390 1849 2437 1910 Β
2469 1866 2812 1931 ἀποκτεῖναι.
2841 1868 2938 1919 καὶ
2969 1866 3068 1920 οὐκ
3105 1865 3346 1920 ἐδύνατο.
3392 1868 3451 1919 Ὀ
3488 1868 3597 1936 γὰρ
3641 1865 3889 1936 Ἡρώδης
3916 1854 4045 1935 ἐφο-

797 1970 1075 2025 metuebat
1109 1968 1395 2031 Joannem,
1432 1968 1611 2022 sciens
1653 1982 1773 2019 eum
1829 1966 2001 2020 virum
2039 1964 2244 2031 justum
2297 1976 2362 2017 ac

796 2072 1039 2117 sanctum
1061 2099 1078 2125 ,
1128 2070 1182 2115 et
1214 2060 1533 2114 observabat
1568 2072 1715 2121 eum,
1748 2056 2039 2122 auditoque
2068 2069 2154 2119 eo,
2192 2054 2361 2108 multa

799 2152 1047 2217 faciebat,
1090 2160 1144 2207 et
1178 2150 1409 2205 libenter
1439 2164 1563 2204 eum
1596 2148 1867 2202 audiebat.
1905 2163 1923 2197 ι
1955 2144 2233 2199 luterserit
2258 2146 2361 2199 hoc

797 2244 916 2299 loco
951 2243 1162 2299 larens
1201 2243 1568 2297 narrationem
1622 2240 1687 2294 de
1720 2246 1893 2294 morte
1922 2233 2144 2292 Joannis
2173 2236 2361 2305 Bapti-

798 2348 917 2401 stae,
949 2336 1234 2390 occasione
1266 2344 1503 2403 sumpta.
1539 2333 1736 2386 Dicunt
1762 2342 1945 2386 autem
1974 2331 2192 2400 quidam
2220 2329 2360 2399 quod

802 2428 1040 2483 Herodes
1088 2428 1331 2497 rapuerit
1360 2425 1716 2480 Herodiadem
1736 2464 1749 2487 ,
1779 2424 1989 2477 vivente
2018 2422 2280 2492 Philippo,
2310 2427 2365 2474 et

799 2518 940 2587 quod
974 2518 1333 2587 reprehensus
1368 2515 1529 2569 fuerit
1554 2521 1609 2567 ut
1644 2512 2047 2584 prmvaricator,
2071 2512 2159 2579 qni
2193 2510 2364 2563 abdu-

799 2612 940 2665 xerit
995 2611 1225 2683 viventis
1281 2609 1463 2661 fratris
1524 2619 1787 2671 uxorem;
1849 2606 1935 2659 alii
1993 2615 2171 2658 autem
2219 2603 2360 2671 quod

799 2710 1043 2754 mortuus
1078 2700 1294 2770 quidem
1342 2698 1507 2753 fuerit
1538 2697 1839 2768 Philippus,
1877 2695 2153 2764 reliquerit
2183 2702 2361 2748 autem

799 2790 1053 2845 filiolam:
1110 2799 1161 2845 et
1212 2803 1332 2847 cum
1386 2789 1550 2843 filiam
1610 2788 1924 2859 reliquerit,
1984 2802 2088 2841 non
2139 2787 2364 2840 debebat

801 2881 1040 2937 Herodes
1068 2896 1290 2937 uxorem
1325 2881 1509 2937 fratris
1542 2880 1743 2936 ducere
1774 2881 1936 2935 etiam
1961 2890 2081 2947 post
2110 2885 2359 2932 mortem.

802 2972 909 3029 Lex
962 2973 1107 3027 enim
1161 2983 1287 3027 tunc
1344 2972 1569 3043 jubebat
1623 2971 1846 3027 fratrem
1902 2969 2085 3027 fratris
2140 2983 2361 3024 uxorem

800 3067 994 3120 ducere
1015 3064 1084 3129 “,
1122 3079 1243 3117 cum
1291 3079 1395 3119 non
1452 3071 1757 3133 superesset
1792 3075 1957 3130 puer:
2012 3075 2151 3115 nunc
2184 3070 2363 3113 autem

2465 1954 2611 2007 σεῖτο
2661 1956 2752 2008 τὸν
2794 1957 3070 2028 Ἰωάννην,
3105 1957 3265 2021 εἰδὼς
3307 1958 3469 2012 αὑτὸν
3506 1958 3671 2028 ἀνδρα
3706 1959 3914 2010 εἶκαιον
3949 1960 4046 2012 καὶ

2465 2046 2638 2115 ἅγιον,
2678 2049 2769 2101 καί
2796 2051 3080 2117 συνετήρει
3101 2050 3281 2112 αὑτὸν.
3312 2052 3404 2103 καὶ
3431 2051 3668 2111 ἀκούσας
3692 2052 3879 2113 αὐτοῦ.
3916 2053 4052 2104 πολ-

2463 2139 2530 2192 λὰ
2559 2142 2755 2205 ἐποίει,
2803 2144 2898 2195 καὶ
2928 2143 3097 2211 ήδέως
3133 2143 3297 2195 αὐτοῦ
3323 2143 3539 2214 ήκουεν.
3583 2162 3600 2193 ι
3645 2145 4047 2215 Παρεντίθησιν

2462 2229 2701 2283 ἐνταῦθα
2728 2232 2825 2300 τὴν
2861 2232 3110 2301 περὶτοῦ
3151 2232 3386 2287 θανάτου
3453 2232 3547 2283 τοῦ
3593 2233 3898 2286 Βαπτιστοῦ
3966 2234 4048 2287 δι-

2468 2323 2668 2391 ήγησιν
2724 2324 2752 2375 6
2796 2324 3063 2392 Μάρκος,
3097 2325 3354 2396 ἀφορμῆς
3407 2324 3763 2396 δραξάμενος.
3824 2328 3935 2398 Ἰὴν
3986 2327 4047 2381 δὲ

2478 2413 2537 2466 Ἠ
2550 2414 2803 2482 ρωδίαδα,
2838 2418 2886 2468 οἰ
2917 2417 3037 2486 μὲν,
3070 2416 3272 2480 ζῶντος
3295 2417 3388 2470 τοῦ
3415 2419 3688 2472 Φιλίππου
3715 2419 3880 2487 φασὶν
3902 2421 4047 2472 sm-

2464 2507 2671 2560 σπάσαι
2722 2508 2813 2563 τὸν
2854 2507 3145 2580 Ἡρώδην,
3203 2511 3296 2569 καὶ
3344 2511 3430 2566 διὰ
3490 2513 3649 2574 τοῦτο
3722 2512 4047 2582 ἐλέγχεσθαι

2464 2600 2625 2652 αὐτὸν
2651 2600 2727 2663 ὡς
2763 2602 3209 2673 παρανομοῦντα,
3242 2602 3335 2655 τοῦ
3383 2604 3583 2668 ζῶντος
3625 2603 3853 2672 ἀδελφοῦ
3904 2604 4049 2656 ἀπο-

2466 2690 2773 2759 ζευγνύντα
2798 2693 2897 2762 τὴν
2932 2696 3166 2762 γυναῖκα
3196 2712 3210 2725 ο
3266 2696 3313 2746 οἰ
3351 2694 3441 2759 δὲ,
3471 2697 3551 2748 ὅτι
3595 2696 3829 2749 ἀπέθανε
3882 2696 3983 2765 μὲν
4020 2697 4049 2749 6

2464 2784 2750 2849 Φίλιππος,
2807 2785 2948 2856 πλὴν
3002 2787 3093 2839 ἐπὶ
3127 2788 3399 2857 θυγατρί*
3437 2786 3703 2857 θυγατρὸς
3760 2788 3817 2840 δὲ
3850 2788 4045 2856 οῦσης,

2467 2877 2567 2929 οὐκ
2615 2878 2726 2929 ἔδει
2782 2876 2874 2930 τὸν
2915 2878 3161 2948 Ἡρώδην
3212 2880 3312 2949 τὴν
3372 2883 3611 2947 γυναῖκα
3664 2878 3759 2932 τοῦ
3807 2879 4049 2946 ἀδελφοῦ

2465 2968 2739 3039 γαμῆσαι,
2782 2970 2903 3022 οὐδὲ
2957 2972 3103 3041 μετά
3142 2971 3390 3031 θάνατον.
3438 2973 3495 3025 Ὀ
3538 2972 3647 3043 γὰρ
3702 2972 3865 3041 νόμος
3916 2972 4048 3024 τότε

2467 3062 2684 3114 ἐκέλευε
2718 3062 2808 3114 τὸν
2839 3061 3070 3131 ἀδελφὸν
3104 3064 3202 3133 τὴν
3235 3063 3328 3116 τοῦ
3374 3063 3602 3134 ἀδελφοῦ
3632 3068 3865 3132 γυναῖκα
3906 3064 4051 3133 λαμ-

802 3153 875 3207 illi
907 3165 1023 3208 erat
1055 3154 1159 3207 filia
1187 3172 1201 3210 :
1235 3154 1525 3224 illegitima:
1574 3154 1743 3225 igitur
1785 3162 1940 3208 erant
1983 3154 2201 3223 nuptiae.
2230 3152 2365 3205 Vide
2394 3192 2436 3250 C
2471 3153 2499 3205 6

2349 3166 2365 3205 ξ
2394 3192 2436 3250 C
2471 3153 2676 3219 δάνειν,
2705 3155 2793 3207 ὅτε
2834 3154 2907 3225 μὴ
2938 3156 3081 3225 ὑπῆν
3132 3157 3349 3208 παιδίον
3398 3174 3410 3186 ·
3452 3156 3685 3209 ἐνταῦθα
3717 3156 3772 3209 δὲ
3794 3157 4046 3226 ὑπῆρχεν

802 3255 979 3301 autem
1007 3246 1131 3316 quid
1160 3246 1321 3301 faciat
1345 3247 1545 3300 amoris
1571 3247 1771 3311 rabies,
1796 3252 1847 3300 et
1870 3254 2131 3315 quantum
2163 3243 2358 3298 valeat.

799 3336 938 3392 Ecce
965 3339 1106 3393 enim
1137 3337 1377 3394 llerodes
1405 3336 1690 3403 Joannem,
1714 3354 1871 3409 quem
1899 3339 1951 3392 in
1981 3346 2129 3392 tanto
2158 3338 2363 3392 honore

798 3437 854 3483 et
914 3432 1211 3485 reverentia
1272 3429 1641 3497 observabat,
1704 3438 1763 3484 ut
1813 3428 2021 3484 libidini
2106 3427 2361 3493 satisfiat,

797 3520 1114 3577 contemnit.

867 3697 1238 3753 Vsas.2l-29.
1278 3715 1296 3751 t
1332 3696 1399 3752 Et
1424 3712 1542 3753 cum
1571 3698 1682 3754 dies
1700 3707 2031 3769 opportunus
2057 3701 2361 3771 accidisset,

796 3806 918 3846 cum
956 3790 1193 3846 Herodes
1223 3792 1276 3846 in
1303 3792 1559 3846 natalitiis
1586 3804 1791 3845 ccenam
1820 3792 2019 3848 faceret
2042 3794 2367 3863 primatibus

798 3897 860 3938 ac
902 3884 1134 3938 tribunis
1161 3894 1215 3937 et
1245 3883 1571 3953 primo‘ribus
1605 3883 1854 3951 Galilm,
1895 3899 2125 3954 cumque
2154 3887 2367 3940 introis-

797 3985 881 4031 set
910 3974 1014 4027 lilia
1047 3958 1577 4043 ipsius'llerodiadis,
1617 3992 1681 4031 ac
1720 3977 1991 4042 saltasset,
2046 3977 2365 4045 placuisset-

794 4082 898 4137 que
929 4066 1146 4131 Herodi,
1184 4084 1246 4123 ac
1268 4068 1424 4123 simul
1452 4070 1911 4136 accumbentibus,
1934 4086 2023 4125 rex
2041 4071 2114 4124 ait
2135 4070 2359 4139 puellae:

796 4156 924 4211 Pete
952 4174 981 4211 a
1015 4172 1099 4212 me
1130 4158 1272 4227 quod
1316 4158 1418 4223 vis,
1451 4168 1507 4213 et
1563 4160 1704 4213 dabo
1754 4160 1870 4213 tibi.
1916 4158 1982 4212 Et
2023 4160 2226 4229 juravit
2265 4160 2362 4226 illi,

794 4246 1065 4316 Quidquid
1089 4261 1118 4299 a
1147 4261 1231 4301 me
1256 4248 1495 4315 petieris,
1522 4249 1657 4302 dabo
1686 4248 1779 4303 tibi
1806 4263 1975 4319 usque
1997 4251 2061 4303 ad
2086 4250 2363 4305 dimidium

792 4334 944 4406 regni
995 4336 1119 4391 mei.
1168 4335 1237 4388 At
1287 4335 1376 4389 illa
1402 4350 1613 4406 egressa
1659 4336 1794 4391 dixit
1836 4336 1994 4393 matri
2028 4350 2139 4391 suae
2178 4353 2192 4391 :
2227 4336 2366 4411 Quid

792 4426 1007 4496 petam?
1043 4424 1134 4480 Illa
1192 4441 1321 4483 vero
1348 4427 1481 4482 dixit
1511 4446 1525 4481 :
1551 4427 1723 4499 Caput
1750 4426 1971 4489 Joannis
1992 4427 2268 4498 Baptistae.
2298 4425 2367 4487 Et

2471 3248 2503 3314 ή
2534 3246 2799 3315 θυγάτηρ,
2837 3249 3155 3317 παράνομος
3183 3248 3291 3314 ἄρα
3324 3250 3350 3300 6
3382 3248 3581 3316 γάμος.
3622 3248 3762 3318 Ὀρα
3791 3249 3847 3301 δὲ
3875 3249 4047 3303 πόσον

2474 3339 2647 3409 ἰσχύει
2677 3342 2711 3411 ή
2748 3341 2918 3395 λύσσα
2963 3341 3059 3394 τοῦ
3096 3343 3315 3411 ἔρωτος,
3353 3340 3493 3394 ὥστε
3534 3343 3749 3395 καὶτὸν
3793 3342 4047 3414 Ἡρώδην

2466 3431 2741 3500 τοσαύτην
2760 3434 2894 3486 αἰδῶ
2929 3436 3027 3487 καὶ
3059 3434 3226 3503 φόϐον
3254 3436 3392 3503 πρὸς
3408 3434 3501 3486 τὸν
3541 3434 3797 3505 Ἰωάννην
3818 3435 4045 3505 ἔχοντα,

2465 3524 2876 3595 καταφρονῆσαι
2941 3525 3149 3592 τούτου,
3215 3526 3352 3596 πρὸς
3400 3525 3461 3579 τὸ
3507 3524 3847 3596 θεραπεῦσαι
3881 3528 4048 3598 μόνον

2464 3611 2785 3668 ἀκολασίαν.

2545 3723 2562 3755 ι
2598 3707 2704 3758 Kal
2732 3707 3030 3778 γενομένης
3076 3708 3290 3779 ἡμέρας
3341 3708 3623 3779 εὐκαίρου,
3660 3710 3749 3763 ὅτε
3790 3710 4044 3783 Ἡρώδης

2466 3796 2578 3854 τοῖς
2606 3795 2871 3861 γενεσίοις
2897 3795 3065 3848 αὑτοῦ
3098 3797 3314 3850 δεῖπνον
3358 3797 3530 3849 ἐποίει
3568 3800 3679 3857 τοῖς
3713 3800 4050 3865 μεγιστᾶσιν

2467 3886 2653 3950 αὑτοῦ,
2685 3886 2778 3938 xal
2810 3888 2922 3949 τοῖς
2953 3887 3255 3959 χιλιάρχοις
3288 3889 3381 3943 καί
3410 3891 3521 3952 τοῖς
3550 3888 3786 3957 πρώτοις
3810 3888 3913 3958 τῆς
3940 3891 4050 3943 Γα,

2471 3976 2682 4039 λιλαίας
2716 3996 2729 4010 ·
2770 3980 2863 4031 καὶ
2905 3979 3252 4049 εἰσελθούσης
3280 3980 3379 4049 τῆς
3413 3981 3681 4051 θυγατρὸς
3741 3981 3912 4051 αὐτῆς
3947 3982 4053 4051 τῆς

2479 4067 2830 4139 Ἡρωδιάδος,
2882 4071 2978 4125 καὶ
3034 4073 3419 4142 ὀρχησαμένης
3486 4074 3578 4125 καὶ
3628 4074 3907 4143 ἀρεσάσης
3967 4074 4052 4145 τῷ

2478 4160 2715 4233 Ἡρώδῃ.
2746 4162 2974 4225 καὶτοῖς
3011 4165 3516 4233 συνανακειμένοις,
3544 4161 3698 4217 εἶπεν
3728 4166 3755 4217 6
3788 4166 4053 4235 βασιλεὺς

2466 4252 2543 4323 τῷ
2574 4255 2845 4323 κορασίῳο
2882 4254 3116 4325 Αἴτησόν
3154 4272 3222 4325 με
3259 4256 3289 4309 6
3314 4258 3409 4309 ἐὰν
3432 4257 3609 4330 θέλῃς,
3629 4258 3721 4310 καὶ
3751 4257 3909 4311 δώσω
3940 4274 4048 4313 σοι.

2466 4343 2574 4395 Kal
2602 4342 2815 4412 ὤμοσεν
2844 4346 2980 4415 αὐτῇ
3004 4346 3113 4409 ὅτι,
3156 4348 3220 4400 Ὀ
3252 4347 3347 4401 ἐάν
3383 4364 3453 4416 με
3493 4350 3726 4419 αἰτήσῃς
3754 4349 3915 4402 δώσω
3939 4366 4051 4416 σοι,

2471 4431 2576 4497 ἕως
2604 4435 2838 4504 ἡμίσους
2860 4435 2958 4506 τῆς
2984 4435 3264 4505 βασιλείας
3289 4455 3415 4508 μου.
3450 4438 3515 4491 Ἥ
3544 4438 3621 4504 δέ,
3648 4439 3944 4505 ἐξελθοῦσα
3970 4438 4054 4494 εἰ-

792 4518 1032 4596 ingrcssa
1070 4520 1251 4576 statim
1285 4534 1406 4574 cum
1434 4520 1779 4578 festinatione
1811 4521 1876 4575 ad
1923 4536 2125 4591 regem,
2176 4522 2366 4592 petivit
2394 4535 2442 4595 ο
2470 4542 2489 4576 1

2355 4530 2366 4576 ἰ
2394 4535 2442 4595 ι)
2470 4542 2538 4579 πε
2564 4530 2630 4598 τῇ
2668 4527 2835 4598 μητρὶ
2866 4528 3057 4598 αὐτῆς,
3082 4528 3147 4585 Τί
3177 4531 3510 4601 αἰτήσομαι;
3555 4530 3619 4583 Ἡ
3649 4530 3707 4583 δέ
3739 4527 3860 4585 εἰπε
3883 4549 3898 4565 ·
3936 4532 4052 4604 Τὴν

790 4611 973 4664 dicens
1010 4611 1184 4672 :Volo
1238 4622 1294 4665 ut
1350 4612 1594 4680 protinus
1639 4614 1733 4667 des
1756 4612 1887 4667 mihi
1928 4615 1981 4667 in
2015 4613 2169 4669 lance
2196 4623 2360 4684 caput

791 4697 1016 4754 Joannis
1061 4696 1338 4766 Baptistae.
1374 4699 1439 4751 Et
1475 4700 1662 4755 dolore
1714 4699 1935 4763 aﬂectus
1980 4716 2096 4767 rex,
2144 4713 2361 4772 propter

787 4790 1187 4861 jusjurandum,
1218 4804 1419 4861 eosque
1447 4792 1536 4860 qui
1572 4792 1732 4846 simul
1755 4795 2163 4860 accumbebant,
2192 4797 2362 4853 noluit

791 4893 909 4935 eam
962 4880 1214 4955 rejicere.
1250 4882 1316 4938 Et
1340 4882 1625 4937 confestim
1659 4897 1770 4950 rex,
1804 4884 1969 4939 misso
2012 4886 2359 4953 spiculatore,

786 4971 946 5043 jussit
980 4972 1163 5027 inferri
1192 4984 1352 5044 caput
1375 4974 1513 5044 ejus.
1558 4974 1740 5030 Atille
1780 4975 1933 5044 abiit,
1963 4992 2025 5031 ac
2085 4977 2370 5032 decollavit

789 5078 909 5119 eum
960 5064 1016 5117 in
1056 5080 1295 5129 carcere,
1344 5074 1398 5120 et
1454 5066 1633 5121 attulit
1681 5080 1842 5137 caput
1878 5068 1994 5137 ejus
2020 5069 2073 5123 in
2110 5069 2285 5133 lance,
2315 5078 2369 5123 et

790 5158 935 5211 dedit
961 5158 1090 5212 illud
1126 5158 1336 5228 puella,
1368 5169 1420 5212 et
1448 5160 1619 5228 puella
1674 5161 1820 5214 dedit
1863 5159 1989 5213 illud
2026 5161 2180 5213 matri
2233 5177 2362 5215 suae.

792 5248 908 5313 Quo
962 5250 1165 5318 audito,
1207 5250 1455 5319 discipuli
1491 5252 1607 5320 ejus
1643 5261 1903 5306 venerunt
1952 5263 2003 5306 et
2030 5254 2367 5307 sustulerunt

791 5342 1023 5396 cadaver
1061 5342 1199 5410 ejus,
1252 5344 1809 5413 posuerunlqueillud
1844 5346 1894 5398 in
1928 5355 2294 5399 monumento.
2341 5365 2359 5397 ι

790 5428 1106 5490 Convivium
1151 5432 1478 5487 celebratur.
1526 5431 1700 5486 Saltat
1729 5450 1823 5503 per
1846 5435 2074 5504 puellam
2097 5436 2362 5502 diabolus,

791 5521 851 5576 ﬁt
887 5524 1265 5593 jusjurandum
1314 5528 1538 5597 impium
1567 5538 1621 5582 et
1655 5527 1936 5595 nefarium,
1973 5531 2078 5584 imo
2120 5530 2360 5585 stultum.

790 5612 1032 5684 Nequam
1086 5624 1262 5671 autem
1294 5619 1484 5675 mulier
1528 5619 1680 5687 dicit,
1714 5618 1789 5673 Da
1809 5620 1937 5676 mibi
1968 5622 2230 5696 protinus,
2264 5621 2369 5677 hoc

854 5796 897 5829 "
930 5797 1082 5856 Deut.
1112 5814 1236 5866 xxv,
1289 5802 1343 5857 5.

2472 4617 2717 4685 κεφαλὴν
2755 4618 3003 4672 Ἰωάννου
3056 4620 3151 4674 τοῦ
3182 4621 3516 4678 Βαπτιστοῦ.
3555 4623 3672 4676 Καὶ
3722 4622 4053 4680 εἰσελθοῦσα

2469 4710 2670 4773 εὐθέως
2720 4711 2858 4780 μετά
2894 4711 3127 4781 σπουδῆς
3167 4712 3302 4782 πρὸς
3350 4714 3443 4766 τὸν
3494 4713 3743 4783 βασιλέα.
3778 4717 4048 4785 ᾐτήσατο,

2469 4799 2702 4865 λέγουσα
2728 4816 2738 4827 ·
2772 4800 2919 4853 Θέλω
2944 4801 3031 4854 ἵνα
3069 4820 3159 4868 μοι
3188 4803 3291 4871 δῷς
3315 4804 3373 4869 ἐξ
3405 4805 3574 4872 αὐτῆς
3610 4806 3702 4857 ἐπὶ
3735 4806 3923 4860 πίνακι
3948 4808 4053 4879 τὴν

2470 4889 2711 4959 κεφαλὴν
2754 4890 2999 4947 Ἰωάννου
3016 4891 3108 4944 τοῦ
3139 4892 3467 4951 Βαπτιστοῦ.
3502 4895 3611 4948 Kal
3637 4896 3936 4968 περίλυπος
3951 4916 4053 4967 γε-

2471 4981 2695 5050 νόμενος
2724 4982 2751 5034 6
2779 4981 3051 5052 βασιλεὺς,
3087 4984 3173 5040 διά
3194 4981 3320 5049 τοῦς
3346 4986 3545 5055 ὅρκους
3578 4988 3673 5040 καὶ
3722 4991 3848 5052 τοὺς
3876 5008 4050 5046 συνα-

2470 5075 2845 5143 νακειμένους,
2875 5077 2975 5129 οὐκ
3003 5076 3271 5147 ἠθέλησεν
3294 5078 3465 5147 αὐτὴν
3494 5078 3783 5151 ἀθετῆσαι.
3813 5082 3923 5135 Καὶ
3951 5083 4051 5137 εὐ-

2468 5164 2605 5228 θέως
2628 5167 2953 5231 ἀποστείλας
2974 5170 3001 5220 6
3028 5168 3283 5238 βασιλεὺς
3308 5171 3760 5245 σπεκουλάτωρα,
3781 5174 4052 5241 ἐπέταξεν

2468 5255 2757 5325 ἀνεχθῆναι
2785 5258 2882 5326 τὴν
2934 5258 3176 5327 κεφαλὴν
3207 5258 3389 5311 αὐτοῦ.
3429 5262 3486 5315 Ὀ
3515 5262 3570 5314 δὲ
3595 5301 3609 5323 ,
3646 5263 3901 5318 ἀπελθὼν
3943 5270 4054 5318 ἀπ-

2482 5348 2807 5415 εκεφάλισεν
2842 5350 3004 5402 αὐτὸν
3032 5352 3088 5405 ἐν
3117 5353 3181 5420 τῇ
3217 5352 3453 5422 φυλακῇ,
3489 5356 3578 5407 καὶ
3600 5356 3798 5426 ήνεγκε
3823 5359 3922 5426 τὴν
3953 5376 4053 5412 κε-

2468 5442 2641 5509 φαλὴν
2668 5441 2833 5494 αὐτοῦ
2867 5444 2959 5494 ἐπὶ
2995 5443 3183 5497 πίνακι
3228 5445 3325 5499 καί
3349 5447 3550 5500 ἔδωκεν
3573 5449 3745 5519 αὐτὴν
3767 5449 3846 5519 τῷ
3878 5468 4052 5522 κορα-

2470 5533 2590 5601 σίῳ,
2622 5534 2791 5588 καὶτὸ
2818 5535 3079 5605 κοράσιον
3112 5535 3314 5591 ἔδωκεν
3344 5540 3514 5611 αὐτὴν
3538 5544 3601 5609 τῇ
3640 5545 3809 5614 μητρὶ
3850 5545 4047 5613 αὐτῆς.

2469 5628 2576 5681 Kal
2614 5628 2944 5693 ἀκούσαντες
2977 5632 3025 5682 οἱ
3062 5630 3302 5705 μαθηταὶ
3340 5632 3531 5703 αὑτοῦ,
3564 5628 3729 5706 ἦλθον
3780 5636 3875 5691 καί
3908 5631 4055 5714 ἦραν
