4298 6446
790 409 895 475 555

1699 392 2280 485 THEOPHYLACTI
2324 395 2737 460 BULGARIE
2776 387 3142 456 ARCHIEP.'

3927 386 4046 456 550

866 520 1024 576 Vens.
1083 516 1275 573 5440.
1319 534 1336 567 ι
1368 515 1429 568 Et
1451 526 1703 584 egressus
1733 511 1865 566 vidit
1895 510 2112 565 turbam
2144 508 2368 564 multam
2396 517 2442 572 Α
2546 525 2563 558 ι

2352 517 2442 572 ιΑ
2546 525 2566 558 ι
2598 507 2708 560 Καὶ
2735 505 2966 571 ἐξελθὼν
3014 507 3042 556 ὁ
3083 501 3312 572 Ἰησοῦς,
3367 495 3474 554 εἶδε
3509 501 3678 555 πολὺν
3721 498 3899 572 ὄχλον,
3945 497 4049 554 καὶ

783 617 964 681 Iesus,
1007 621 1062 668 ct
1090 609 1280 681 allecto
1323 592 1709 668 misericordia:
1752 609 1929 654 tactus
1970 608 2053 657 est
2077 613 2202 668 erga
2228 611 2322 669 eos
2347 637 2366 675 ,

784 709 912 778 quia
969 714 1123 760 crant
1176 699 1318 755 velut
1340 705 1471 754 oves
1527 709 1634 750 non
1681 695 1943 765 habentes
1969 701 2265 762 pastorem.
2300 690 2367 744 Et

786 801 949 868 οωρὶι
975 799 1094 861 illos
1110 795 1307 854 docere
1342 783 1549 844 multa:
1583 797 1638 844 et
1668 801 1793 843 cum
1815 786 1943 856 .jam
1978 780 2202 837 multum
2228 792 2365 852 tem-

786 890 929 960 poris
947 885 1298 958 praeterisset,
1325 876 1766 940 accesseruutad
1800 890 1922 932 eum
1951 872 2201 941 discipuli
2227 870 2366 942 ejus,

785 983 1026 1036 dicentes
1065 993 1077 1028 :
1119 973 1375 1026 Desertus
1415 979 1497 1022 est
1527 968 1699 1031 locus,
1729 972 1783 1020 et
1816 965 1925 1034 iam
1966 961 2195 1016 multum
2234 969 2367 1014 tetu-

784 1067 931 1136 poris
959 1071 1039 1120 est
1073 1080 1086 1116 :
1120 1060 1335 1116 dimitte
1363 1057 1509 1122 illos,
1539 1063 1600 1107 ut
1624 1052 1828 1107 abeant
1869 1051 1924 1104 in
1976 1046 2367 1127 circuiiijaceno

784 1135 865 1212 ies
898 1155 1054 1209 villas
1081 1167 1143 1206 ac
1172 1150 1346 1213 vicos,
1388 1154 1679 1216 emantque
1703 1143 1802 1197 sibi
1836 1156 2000 1212 panes
2025 1157 2040 1193 :
2068 1153 2192 1192 nam
2227 1135 2367 1217 quod

782 1246 945 1318 edant
975 1223 1079 1300 non
1112 1241 1330 1294 habent.
1357 1238 1427 1291 At
1448 1235 1534 1293 illc
1567 1232 1904 1301 respondens
1933 1227 2154 1318 aitgillis
2187 1224 2374 1309 :‘Datc

781 1311 889 1391 illis
936 1347 1036 1388 vos
1071 1330 1215 1402 quod
1258 1328 1441 1384 edant.
1478 1325 1552 1380 Et
1579 1324 1832 1379 dixerunt
1869 1321 1918 1375 ei
1952 1305 2368 1398 :Euntes‘ema-

782 1442 903 1482 mus
947 1424 1209 1495 ducentis,
1246 1419 1482 1486 denariis
1522 1429 1709 1486 panes,
1748 1422 1804 1468 et
1853 1413 2042 1467 demus
2087 1408 2192 1463 illis
2224 1407 2367 1476 quod

787 1519 948 1570 edant
988 1514 1094 1567 ?At
1137 1512 1224 1566 ille
1243 1509 1372 1564 dicit
1395 1507 1476 1564 eis
1511 1507 1694 1573 :Quot
1719 1517 1884 1576 panes
1918 1501 2126 1556 habetis
2159 1497 2282 1553 lite
2314 1504 2370 1551 et

784 1609 981 1661 videte.
1037 1603 1101 1659 Et
1139 1616 1258 1656 cum
1309 1598 1711 1668 cognovissent,
1757 1595 1941 1648 dicunt
1978 1610 1989 1644 :
2032 1591 2279 1659 Quinque
2307 1597 2362 1640 et

781 1696 915 1750 duos
950 1694 1147 1764 pisces.
1171 1690 1235 1746 Et
1254 1687 1512 1759 prtecepit
1545 1685 1651 1739 illis
1677 1695 1732 1738 ut
1771 1685 2087 1738 accumbere
2128 1680 2371 1748 facerem

784 1800 994 1849 omnes,
1045 1781 1349 1838 diatributis
1404 1775 1742 1833 conviviis-iu
1790 1775 1951 1828 viridi
2003 1772 2269 1846 gramine.
2304 1769 2368 1836 Ει

2469 593 2877 664 ισπλαγχνῐσθη
2903 594 2990 645 ἐπ’
3038 593 3248 654 αὐτοῖς,
3280 591 3365 643 ὅτι
3408 585 3548 662 ἦσαν
3574 588 3652 653 ὡς
3685 586 4048 659 πρόδαταμῂ

2467 685 2662 758 Ιχοντα
2688 687 2950 756 ποιμένα.
2973 686 3085 747 Καὶ
3112 681 3317 755 ἦρξατο
3332 679 3823 743 διδάσκειναύτοὺς
3842 675 4044 742 «tu.

2467 777 2563 832 καὶ
2591 777 2692 847 ήδη
2715 777 2864 845 ὥρας
2899 775 3102 844 πολλῆς
3130 773 3451 844 γενομένης.
3481 770 3870 844 προσελθόντες
3889 767 4046 838 αὐτῷ

2466 869 2775 939 οῑ,μαθηταὶ
2799 867 3250 933 αὑτοῦ,λέγουσιν
3273 863 3444 933 αὐτῷ,
3472 864 3578 928 ὅτι,
3614 864 3855 932 Ἔρημός
3890 862 4044 914 ἐστιν

2467 960 2498 1012 ό
2535 959 2721 1022 τόπος,
2748 959 2843 1013 καὶ
2877 959 2978 1027 ήδη
3004 957 3121 1027 ὥρα
3153 957 3344 1024 πολλή.
3376 956 3666 1009 Ἀπόλυσον
3695 955 3915 1016 αὐτοὺς,
3951 953 4041 1005 ἵνα

2443 1051 2794 1131 ’ἀπελθόντες
2832 1052 2910 1112 εις
2932 1051 3055 1111 τοὺς
3085 1049 3270 1116 κύκλῳ
3308 1047 3510 1116 ἀγροὺς
3541 1048 3634 1096 καὶ
3663 1045 3878 1114 κώμας,
3909 1044 4046 1110 άγο-

2473 1143 2710 1213 ράσωσιν
2737 1143 2950 1203 ἑαυτοῖς
2975 1141 3193 1209 άρτους.
3227 1139 3291 1191 Τί
3319 1139 3426 1207 γὰρ
3463 1139 3707 1206 φάγωσιν
3755 1137 3856 1188 οὐκ
3881 1135 4043 1204 ἐχου-

2469 1252 2574 1288 σιν.
2611 1235 2673 1288 Ὀ
2730 1234 2786 1286 δὲ
2840 1234 3160 1302 ἀποκριθεὶς
3211 1229 3364 1284 εἶπεν
3414 1232 3629 1292 αὐτοῖς’
3667 1229 3799 1289 Δότε
3854 1228 4045 1290 αὐτοῖς

2469 1327 2650 1396 ὑμεῖς’
2683 1328 2901 1394 φαγεῖν.
2965 1325 3073 1378 Kal
3124 1325 3374 1390 λέγουσιν
3436 1322 3620 1389 αὐτῷ·
3689 1319 4046 1382 Ἀπελθόντες

2468 1418 2832 1489 ἀγοράσωμεν
2855 1417 3150 1471 διακοσίων
3178 1417 3450 1487 δηναρίων
3487 1417 3707 1484 ἄρτους,
3734 1413 3828 1466 καὶ
3843 1412 4045 1480 -δῶμεν

2472 1512 2654 1572 αὐτοῖς
2690 1511 2922 1578 φαγεῖν;
2957 1509 3018 1562 '0
3052 1508 3108 1561 δὲ
3158 1508 3306 1574 λέγει
3341 1508 3557 1569 αὺτοῖς·
3602 1507 3802 1567 Πόσους
3839 1502 4045 1573 ἄρτους

2469 1602 2653 1672 Exue;
2696 1602 2970 1670 Ὑπάγετε
3021 1601 3116 1654 καὶ
3172 1601 3332 1654 ἴδετε.
3366 1599 3475 1652 Καὶ
3522 1597 3766 1666 γνόντες,
3792 1590 4044 1663 λέγουσι’

2471 1695 2662 1758 Πέντε,
2692 1694 2790 1746 καὶ
2821 1693 2914 1746 δύο
2945 1692 3297 1764 ἰχθύας..Καὶ
3320 1688 3581 1755 ἐπέταξεν
3609 1689 3795 1750 αὐτοῖς
3819 1685 4048 1744 ἀνακλῖ-

2470 1804 2559 1838 ναι
2577 1787 2805 1849 πάντας,
2823 1785 3099 1855 συμπόσια
3117 1783 3409 1854 συμπόσια,
3427 1781 3520 1834 επὶ
3533 1779 3616 1848 τῷ,
3629 1779 3824 1850 χλωρῷ
3837 1779 4042 1847 χόρτῳ.

783 1871 1399 1933 discubueruntdivisim
1422 1871 1475 1924 in
1501 1867 1713 1924 areolas
1740 1866 1899 1949 203
1924 1861 2375 1933 centeniet'quin-
2407 1863 2450 1928 Β

2350 1893 2375 1906 ·
2407 1863 2450 1928 Β
2479 1879 2592 1932 Καὶ
2611 1878 2879 1930 ἀνέπεσον
2906 1877 3138 1946 πρασιαὶ
3169 1874 3422 1944 πρασιαὶ,
3439 1873 3540 1927 άνὰ
3576 1871 3771 1924 ἑκατὸν
3800 1869 3896 1923 καὶ
3938 1869 4047 1923 ἀνὰ

780 1965 1031 2039 quageni.
1084 1984 1103 2017 ι
1161 1962 1418 2018 Pharisari
1465 1975 1586 2014 cum
1620 1970 1805 2014 essent
1839 1959 1946 2026 lupi
1981 1969 2222 2024 rapaces,
2251 1970 2356 2010 non

780 2062 1078 2131 pascebant
1120 2056 1402 2126 populum,
1447 2054 1540 2110 sed
1562 2054 1893 2108 devorabam
1920 2069 1933 2105 :
1959 2061 2239 2122 propterea
2269 2063 2358 2102 re-

779 2153 919 2212 lictis
948 2151 1076 2216 illis,
1105 2150 1169 2204 ad
1205 2147 1476 2203 Christum
1503 2161 1689 2201 verum
1723 2155 1992 2215 pastorem
2026 2145 2192 2197 turhze
2225 2155 2356 2195 con-

779 2252 1089 2316 gregantur,
1124 2240 1266 2296 unde
1292 2248 1339 2296 e'
1391 2240 1503 2307 ipse
1543 2237 1855 2292 alimoniam
1903 2235 1983 2289 eis
2032 2233 2356 2302 suppeditat,

780 2348 833 2390 et
854 2337 1081 2404 primum
1114 2331 1385 2386 utiliorem
1413 2338 1466 2383 ct
1489 2327 1876 2390 honestiorem,
1916 2339 2110 2393 nempe
2137 2325 2358 2376 verbum

779 2445 962 2493 suum,
997 2428 1190 2483 deinde
1216 2435 1269 2481 et
1303 2423 1664 2493 corporalem:
1700 2419 1830 2475 \lide
1857 2429 2034 2474 autem
2071 2418 2361 2484 discipulos

778 2521 1044 2591 quomodo
1100 2518 1153 2572 in
1204 2515 1571 2571 misericordia
1621 2513 1922 2582 proﬁciant.
1986 2509 2358 2573 Misericordia

777 2591 920 2668 enim
994 2608 1120 2663 moti
1174 2621 1299 2675 erga
1359 2605 1580 2668 turbas,
1627 2603 1890 2656 accedunt
1940 2600 2005 2653 ad
2057 2599 2357 2661 Christum,

776 2713 830 2760 et
863 2717 963 2774 pro
993 2701 1096 2755 illis
1126 2707 1306 2755 orant.
1363 2696 1622 2752 Dominus
1653 2705 1833 2749 autem
1895 2701 2110 2747 tentans
2135 2701 2185 2746 et
2233 2707 2360 2762 pro-

777 2796 912 2851 bans
956 2809 1083 2849 num
1125 2806 1274 2847 suam
1321 2799 1672 2860 agnoscerent
1714 2788 1964 2840 virtutem
2005 2787 2145 2853 quod
2193 2787 2364 2856 possit

779 2888 899 2942 illas
938 2885 1103 2950 alere,
1139 2884 1215 2937 ait
1248 2898 1262 2934 :
1295 2881 1428 2936 Date
1459 2881 1563 2935 illis
1591 2893 1687 2933 vos
1743 2879 2005 2949 utedunt.
2054 2877 2131 2930 llli
2182 2887 2360 2930 autem

781 2993 835 3032 et
866 2983 1161 3047 arguerunt
1217 2986 1364 3038 eum,
1415 2981 1471 3024 ut
1501 2971 1835 3042 ignorantem
1877 2977 2078 3038 quanta
2122 2968 2363 3022 laborent

782 3083 961 3124 rerum
997 3066 1242 3136 penuria,
1304 3075 1357 3120 et
1387 3073 1585 3132 quanta
1632 3061 1812 3131 populi
1867 3071 2012 3116 esset
2041 3059 2358 3115 multitudo.

779 3162 1033 3218 Nonnulli
1086 3160 1228 3215 enim
1283 3156 1490 3227 gravati
1535 3155 1716 3209 animo
1763 3155 2014 3209 dicebant
2055 3171 2068 3209 :
2103 3153 2358 3207 Emamus

779 3252 1026 3309 ducentis
1077 3226 1315 3303 denariis
1365 3259 1550 3315 panes,
1583 3256 1636 3298 et
1678 3226 1866 3297 deuius
1909 3230 2020 3297 illis
2061 3251 2116 3296 ut
2146 3244 2358 3298 edant?

779 3345 1021 3413 Denique
1063 3338 1378 3396 recumbere
1408 3338 1537 3393 facit
1567 3351 1754 3392 omnes
1789 3337 1838 3388 in
1877 3336 1998 3389 feno
2036 3346 2310 3404 separatos
2345 3350 2358 3384 :

776 3436 881 3494 hoc
938 3441 1020 3487 est
1056 3432 1198 3487 enim
1235 3428 1545 3484 Distributis
1600 3429 1880 3489 conviviis,
1916 3428 1964 3480 id
2001 3437 2084 3480 cst
2135 3427 2361 3480 diversis

778 3527 1000 3590 mensis,
1040 3524 1181 3594 quod
1215 3524 1406 3577 iterum
1442 3522 1689 3592 designat
1723 3522 1847 3573 dum
1880 3521 2030 3582 dicit,
2064 3518 2357 3572 Discubue-

778 3631 906 3677 runt
958 3618 1171 3672 divisim
1216 3619 1268 3669 in
1312 3613 1543 3679 areolas,
1594 3614 1694 3667 hoc
1736 3624 1817 3666 est
1853 3613 2048 3665 multas
2102 3621 2276 3680 partes
2305 3621 2359 3663 et

778 3709 1065 3766 sectiones.
1122 3706 1331 3761 Areola:
1359 3705 1502 3760 enim
1535 3705 1785 3758 dicuntur
1816 3704 1974 3756 variae
2012 3703 2277 3755 sectiones
2305 3702 2356 3754 in

777 3800 948 3856 hortis
1007 3798 1063 3852 in
1137 3797 1335 3867 quibus
1414 3796 1725 3866 plantantur
1805 3793 1953 3846 varia
2041 3792 2357 3860 plerumque

779 3892 925 3948 olera
937 3931 948 3943 .

848 4076 1015 4131 Vens.
1077 4072 1262 4128 4144.
1307 4090 1326 4124 ι
1377 4070 1593 4126 Etcum
1647 4069 1945 4138 accepisset
1988 4068 2226 4136 quinque
2256 4081 2353 4134 pa-

778 4187 873 4228 nes
903 4183 954 4224 et
989 4169 1120 4224 duos
1143 4169 1340 4237 pisces,
1368 4165 1590 4221 sublatis
1620 4163 1673 4216 in
1705 4162 1902 4217 coelum
1964 4160 2157 4221 oculis,
2193 4159 2358 4212 bene-

778 4266 911 4318 dixit
943 4278 1002 4316 ac
1053 4262 1208 4329 fregit
1245 4274 1429 4327 panes,
1477 4257 1738 4324 ldeditque
1789 4255 2065 4321 discipulis
2108 4254 2236 4317 suis,
2303 4262 2359 4305 ut

779 4364 1111 4424 apponercnt
1168 4353 1272 4405 illis
1307 4361 1403 4404 :et
1454 4352 1587 4405 duos
1635 4349 1818 4419 pisces
1867 4347 2051 4402 divisit
2083 4346 2354 4400 omnibus.

776 4452 845 4506 Et
870 4448 1216 4504 comederunt
1256 4459 1462 4508 onmes,
1497 4461 1559 4498 ac
1602 4423 1840 4497 .saturati
1868 4451 2013 4503 sunt,
2044 4450 2094 4493 et
2126 4438 2354 4493 sustule-

2462 1969 2819 2037 πεντήκοντα.
2851 1984 2868 2017 ι
2907 1967 2972 2019 Oi
2988 1965 3292 2035 Φαρισαῖοι,
3313 1963 3463 2016 λύκοι
3483 1963 3631 2024 δντες
3647 1961 3918 2032 ἅρπαγες,
3939 1957 4047 2010 οὐκ

2461 2059 2779 2125 ἑποὶμαινον
2797 2057 2884 2110 τὸν
2913 2055 3061 2121 λαὸν,
3081 2056 3215 2108 ἀλλὰ
3245 2054 3558 2124 κατήσθιον.
3580 2054 3679 2105 Διὰ
3711 2050 3872 2104 τοῦτο
3904 2050 4045 2116 πρὸς

2461 2152 2550 2204 τὸν
2571 2151 2829 2223 Χριστὸν,
2860 2149 2953 2203 τὸν
2977 2147 3230 2218 ἀληθινὸν
3247 2147 3504 2216 ποιμένα,
3523 2147 3864 2212 συνάγονται,
3893 2142 4043 2196 ὲκεί-

2462 2261 2583 2307 νους
2613 2242 3040 2311 ἀποφεύγοντες,
3060 2237 3183 2292 ὅθεν
3211 2231 3366 2300 οὗτος
3391 2235 3598 2308 τροφὴν
3627 2236 3810 2296 αὐτοῖς
3831 2233 4041 2296 δίδωσι,

2463 2335 2883 2407 προηγουμένως
2926 2333 3026 2402 τὴν
3055 2330 3502 2399 ἑπωφελεστέραν
3551 2328 3642 2381 καὶ
3679 2315 4042 2397 τιμιωτέραν,

2461 2430 2558 2498 τὴν
2606 2428 2696 2481 διὰ
2739 2427 2920 2494 λόγου,
2975 2422 3094 2478 εἶτα
3134 2427 3229 2478 καὶ
3271 2422 3369 2492 τὴν
3409 2421 3747 2492 σωματικήν.
3809 2420 3951 2487 Ὅρα
3983 2417 4044 2473 δὲ

2462 2523 2586 2584 τοὺς
2630 2519 2898 2590 μαθητὰς,
2918 2518 3033 2581 πῶς
3066 2517 3467 2586 προκόπτουσιν
3510 2514 3604 2566 tul
3631 2513 3692 2565 τὸ
3726 2509 4041 2581 φιλανθρω-

2463 2608 2713 2678 πότερον.
2760 2606 3110 2677 Ἐλεήσαντες
3173 2604 3280 2673 γὰρ
3340 2604 3466 2664 τοὺς
3510 2602 3740 2672 δχλους,
3786 2600 4038 2670 «postp-

2463 2721 2648 2772 χονται
2682 2702 2760 2773 τῷ
2789 2699 3030 2772 Χριστῷ,
3077 2699 3171 2754 καὶ
3213 2698 3342 2768 περὶ
3363 2698 3542 2752 αὐτῶν
3581 2697 3846 2762 αξιοῦσιν.
3889 2696 3949 2748 Ὀ
3979 2695 4043 2749 δὲ

2464 2793 2667 2863 Κύριος
2684 2791 2960 2862 πειράζων
2977 2791 3198 2856 αὐτοὺς,
3215 2791 3318 2844 καὶ
3335 2789 3644 2860 δοκιμάζων
3667 2791 3716 2842 εἰ
3741 2789 3841 2858 τὴν
3862 2785 4033 2842 αὐτοῦ

2465 2885 2780 2952 ἐπέγνωσαν
2800 2885 3054 2951 δύναμιν,
3082 2883 3167 2937 ὅτι
3216 2883 3442 2937 δύναται
3474 2876 3682 2944 αὐτοὺς
3720 2879 4037 2950 διαθρέψαι,

2465 2973 2650 3041 λέγει·
2704 2974 2834 3026 Δότε
2864 2975 3048 3037 αὐτοῖς
3089 2975 3245 3045 ὑμεῖς
3272 2976 3502 3043 φαγετνο
3537 2975 3587 3026 οἱ
3625 2975 3682 3027 δὲ
3737 2977 3830 3028 καὶ
3871 2992 4043 3027 κατα-

2469 3065 2772 3134 μέμφονται
2805 3066 2988 3128 αύτὸν,
3020 3065 3094 3129 ὡς
3149 3066 3223 3137 μὴ
3255 3065 3456 3134 γνόντα
3507 3067 3662 3138 nam
3692 3065 4040 3137 -μὲνραὲντοῑς

2463 3158 2495 3226 η
2531 3156 2728 3221 ἔνδεια,
2768 3157 2930 3212 πόσον
2963 3159 3021 3213 δὲ
3051 3159 3146 3212 καὶ
3173 3159 3236 3212 τὸ
3268 3159 3363 3212 τοῦ
3400 3160 3558 3229 ὄχλου
3587 3161 3810 3229 πλῆθος.
3857 3163 4038 3230 Βαρυ-

2463 3249 2676 3317 νόμενοι
2700 3250 2806 3319 γὰρ
2839 3250 3059 3315 λέγουσι
3089 3251 3167 3315 τὸ,
3204 3252 3589 3324 Ἀγορὰσωμεν
3621 3254 3888 3322 δηναρίων
3922 3255 4039 3306 δια-

2465 3343 2661 3394 κοσίων
2689 3341 2906 3410 ἄρτους,
2943 3345 3038 3394 καὶ
3090 3342 3351 3412 δὼσωμεν
3391 3346 3572 3406 αὐτοῖς
3604 3349 3835 3413 φαγείν;
3869 3346 4040 3410 Τέλος

2466 3432 2649 3499 μέντοι
2682 3431 2956 3484 άνακλὶνει
2998 3431 3203 3495 πάντας
3248 3436 3339 3486 ἐπὶ
3383 3435 3470 3503 τῷ
3507 3435 3682 3504 χόρτῳ
3714 3436 4040 3505 διακεχωριο

2464 3523 2712 3590 σμένους.
2737 3523 2906 3576 Τοῦτο
2936 3523 3042 3593 γάρ
3066 3526 3180 3576 ἐστι
3198 3525 3278 3587 τὸ,
3303 3527 3586 3594 Συμπόσια
3599 3527 3899 3595 συμπόσια,
3916 3530 4039 3582 ἀντὶ

2460 3616 2573 3679 τοῦ,
2610 3616 2887 3686 τραπέζας
2909 3617 3223 3687 διαφόρους.
3256 3617 3425 3670 Τοῦτο
3455 3619 3509 3670 δὲ
3542 3620 3911 3690 σημαίνεικαὶ
3952 3623 4034 3685 τὸ,

2463 3709 2697 3775 Πρασιαὶ
2731 3708 3016 3774 ἀνέπεσον,
3071 3709 3335 3771 τουτέστι,
3380 3710 3610 3780 διάφορα
3647 3711 3909 3780 κόμματα
3943 3713 4038 3764 καί

2463 3802 2630 3870 μέρη.
2663 3802 2902 3871 Πρασιαὶ
2922 3802 3032 3870 γὰρ
3069 3799 3317 3868 λέγονται
3348 3801 3415 3854 τά
3448 3804 3505 3854 ὲν
3531 3805 3641 3865 τοῖς
3684 3805 3877 3873 κήποις
3917 3803 4039 3858 διά-

2460 3910 2602 3960 φορα
2633 3898 2914 3967 κόμματα,
2945 3897 3002 3949 ὲν
3026 3888 3106 3958 οἷς
3137 3894 3460 3962 φυτεύονται
3489 3895 3721 3967 διάφορα
3769 3895 4039 3961 πολλάκις

2459 3991 2687 4060 λάχανα.

2538 4083 2692 4136 «Καὶ
2749 4081 2932 4136 λαϐὼν
2967 4081 3094 4143 τοὺς
3159 4082 3318 4132 πέντε
3378 4084 3578 4152 ἄρτους
3624 4084 3720 4136 καὶ
3771 4083 3896 4146 τοὺς
3942 4083 4040 4137 δύο

2464 4173 2671 4242 ἰχθύας,
2707 4173 3013 4241 ἀναϐλέψας
3055 4175 3134 4234 εἰς
3164 4174 3253 4226 τὸν
3302 4176 3549 4244 οὐρανὸν,
3613 4176 3874 4246 εὐλόγησε
3897 4194 3910 4206 ·
3942 4180 4039 4230 καὶ

2462 4267 2767 4320 κατέκλασε
2797 4266 2923 4328 τοὺς
2967 4265 3186 4335 ἄρτους,
3253 4267 3344 4319 καὶ
3401 4267 3573 4320 ἐδίδου
3605 4271 3716 4330 τοῖς
3767 4269 4040 4338 μαθηταῖς

2459 4355 2645 4418 αὑτοῦ,
2701 4355 2787 4408 ἵνα
2829 4354 3148 4425 παραθῶσιν
3177 4356 3392 4417 αὐτοῖς·
3433 4358 3526 4408 καὶ
3562 4359 3683 4420 τοὺς
3720 4358 3812 4410 δύο
3847 4359 4038 4427 ἰχθύας

2459 4445 2681 4515 ἐμέρισε
2721 4445 2875 4498 πᾶσι.
2911 4444 3022 4498 Καὶ
3077 4444 3281 4513 ἔφαγον
3326 4447 3548 4511 πάντες,
3577 4451 3672 4500 καὶ
3709 4451 4039 4521 ἐχορτάσθη-

778 4554 904 4599 runt
957 4544 1382 4612 l'ragmentorum
1423 4536 1704 4592 duodecim
1757 4535 2018 4603 cophinos
2061 4533 2265 4600 plenos,
2302 4541 2356 4585 et
2387 4538 2429 4592 ι)
2462 4557 2475 4588 ε

2339 4541 2356 4584 t
2387 4538 2429 4592 Ι)
2462 4557 2580 4600 σαν,
2615 4539 2709 4590 καὶ
2735 4532 2878 4607 ἦραν
2903 4537 3232 4608 κλασμάτων
3266 4540 3472 4592 δώδεκα
3503 4542 3753 4609 κοφίνους
3783 4545 4035 4615 πλήρεις,

776 4640 841 4688 de
871 4635 1130 4704 piscibus.
1167 4631 1233 4684 Et
1263 4637 1418 4684 erant
1464 4627 1557 4696 qui
1599 4627 1942 4680 comederant
1970 4639 2160 4694 panes,
2196 4626 2354 4694 quin-

778 4744 882 4796 que
932 4725 1100 4779 millia
1151 4723 1413 4776 virorum.
1463 4738 1480 4769 ι
1513 4718 1752 4787 Suspicit
1804 4717 1860 4771 in
1892 4717 2106 4780 caelum,
2157 4716 2350 4784 partim

777 4837 874 4877 nos
909 4824 1106 4874 docens
1139 4831 1169 4871 a
1211 4816 1319 4872 Deo
1346 4823 1527 4884 petere
1559 4811 1758 4875 cibum,
1804 4826 1907 4864 non
1947 4825 1975 4862 a
2009 4808 2220 4863 diabolo
2253 4826 2266 4862 :
2301 4809 2351 4862 id

776 4916 918 4985 quod
980 4911 1184 4966 faciunt
1253 4909 1345 4976 qui
1395 4904 1613 4976 iniustis
1654 4904 1852 4975 pradis
1895 4905 2122 4960 vivunt:
2155 4903 2348 4971 partim

775 5013 1082 5061 monstrans
1133 5001 1304 5056 turbis
1360 5015 1419 5055 se
1474 5002 1593 5067 non;
1638 5012 1759 5054 esse
1795 4997 2162 5053 adversarium
2220 4995 2351 5057 Deo,

776 5109 937 5164 quem
986 5092 1284 5146 invocabat.
1332 5089 1503 5146 Porro
1537 5088 1817 5158 discipulis
1837 5089 1949 5154 dat,
1990 5104 2056 5141 ne
2109 5086 2353 5141 miraculi

778 5186 1163 5241 obliviscantur
1189 5224 1203 5248 ,
1239 5184 1365 5251 Quia
1392 5181 1506 5236 suis
1541 5181 1790 5235 manibus
1832 5179 2128 5233 tenuissent
2167 5192 2354 5246 panes.

781 5276 995 5332 llesidui
1046 5285 1228 5329 autem
1277 5283 1402 5327 sunt
1447 5271 1730 5325 duodecim
1770 5269 2011 5340 cophini,
2073 5268 2264 5323 eadem
2292 5269 2360 5322 de

775 5381 964 5430 causa,
1004 5376 1062 5418 ut
1091 5366 1202 5420 suis
1231 5365 1430 5434 quique
1451 5363 1692 5418 humeris
1721 5379 1882 5416 unuut
1903 5370 2199 5432 gestantes,
2241 5375 2361 5415 me-

779 5458 949 5512 moria
1002 5471 1115 5511 rem
1166 5465 1466 5512 servarent.
1537 5455 1761 5508 Virtutis
1814 5464 1990 5507 autem
2046 5453 2362 5523 magnitudo

777 5551 1078 5611 indicatur,
1133 5550 1271 5617 quod
1322 5565 1426 5603 non
1482 5548 1653 5602 solum
1691 5557 1797 5600 tam
1852 5547 2006 5600 tnulti
2038 5558 2359 5617 pascuntur,

777 5642 870 5695 sed
914 5648 967 5691 et
1015 5638 1178 5690 multa
1232 5639 1604 5708 relinquuntur
1649 5638 1888 5693 residua.
1927 5638 2101 5694 Moses
2143 5637 2359 5695 “enim

850 5821 893 5850 ⁸³
928 5820 1097 5873 Exod.
1136 5839 1184 5881 κ,
1225 5819 1305 5872 12.

2460 4630 2553 4682 καὶ
2604 4629 2712 4681 ἀπὸ
2765 4631 2873 4682 τῶν
2907 4630 3130 4698 ἰχθύων.
3191 4633 3304 4686 Καὶ
3341 4629 3482 4703 ἦσαν
3511 4636 3560 4685 οὶ
3599 4637 3863 4702 φαγόντες
3911 4640 4040 4700 τοὺς

2460 4721 2680 4789 ἄρτους,
2708 4721 3140 4795 πεντακισχζλιοι
3171 4722 3384 4792 ἄνδρες.
3423 4743 3441 4775 ι
3496 4724 3914 4790 Ἀναϐλέπειεις
3943 4730 4037 4781 τὸν

2461 4815 2709 4884 οὐρανὸν,
2745 4814 2860 4883 ἅμα
2898 4814 3000 4882 μὲν
3030 4814 3123 4866 καὶ
3149 4817 3296 4884 ἡμᾶς
3321 4816 3592 4870 διδάσκων
3614 4821 3765 4890 παρὰ
3784 4821 3878 4873 τοῦ
3901 4822 4040 4876 Θεοῦ

2459 4905 2729 4959 αἰτεῖσθαι
2765 4907 2862 4977 τὴν
2897 4907 3128 4976 τροφὴν,
3161 4910 3255 4961 καὶ
3300 4908 3374 4979 μὴ
3426 4912 3578 4980 παρὰ
3607 4913 3702 4965 τοῦ
3743 4913 3995 4968 διαϐόλου
4027 4936 4040 4948 ·

2461 4999 2597 5067 ὅπερ
2656 4995 2902 5050 ποιοῦσιν
2952 4998 3000 5050 οἱ
3035 4998 3094 5062 ἐξ
3132 4999 3333 5053 ἀδίκων
3360 5002 3536 5071 πόρων
3586 5004 4004 5077 διατρεφόμενοι

2463 5090 2580 5159 ἅμα
2635 5089 2813 5144 δὲκαὶ
2854 5092 2966 5154 τοῖς
3005 5091 3184 5162 ὄχλοις
3217 5094 3338 5146 τότε
3369 5095 3726 5161 δεικνύωνὼς
3765 5100 3864 5152 οὐκ
3891 5101 4045 5154 ἔστιν

2464 5182 2730 5246 ἀντίθεος,
2761 5182 2899 5235 ἀλλὰ
2925 5185 3017 5236 τὸν
3051 5183 3185 5236 Θεὸν
3212 5185 3582 5241 ἐπικαλεῖται.
3617 5188 3810 5242 Δίδωσι
3843 5189 3899 5243 δὲ
3931 5194 4046 5257 τοῖς

2462 5271 2756 5341 μαθηταῖς,
2811 5273 2900 5325 ἵνα
2950 5273 3044 5326 τοῦ
3077 5273 3359 5344 θαύματος
3411 5278 3490 5346 μὴ
3524 5278 3914 5344 ἐπιλάθωνται,
3967 5282 4046 5344 ὡς

2458 5366 2578 5426 ταῖς
2609 5363 2843 5426 οἰκείαις
2867 5366 3025 5434 χερσὶ
3063 5366 3352 5435 δεξάμενοι
3375 5369 3502 5433 τοὺς
3536 5370 3757 5439 ἄρτους.
3788 5373 3898 5424 Καὶ
3941 5373 4038 5426 δώ·

2457 5457 2592 5511 δεκα
2617 5458 2676 5510 δὲ
2710 5459 2922 5526 κόφινοι
2952 5461 3358 5530 περιττεύουσι,
3387 5461 3603 5516 διἀύτὸ
3631 5463 3813 5530 τοῦτο,
3842 5465 3929 5523 ἵνα
3958 5469 4046 5518 ἐπ’

2462 5549 2626 5620 ὤμων
2673 5551 2907 5615 ἕκαστος
2938 5553 3076 5622 ἄρας
3114 5553 3354 5620 κόφινον,
3413 5554 3774 5626 άνεπίληστον
3815 5562 3959 5631 τηρῇ
3989 5562 4052 5614 τὸ

2463 5639 3004 5715 Gaium/[Ismeuon
3028 5645 3089 5698 δὲ
3116 5646 3424 5718 δυνάμεως,
3448 5648 3510 5702 τὸ
3543 5649 3619 5719 μὴ
3654 5650 3818 5719 μόνον
3849 5651 4051 5723 θρέψαι
