4298 6446
253 416 362 476 551

969 397 1421 466 ENARRATIO
1451 395 1535 458 ιΝ
1575 391 2079 460 EVANGELIUM
2121 390 2383 453 MARCI.
2437 413 2497 428 -
2533 387 2692 450 CAP.
2737 385 2838 448 VI.

3427 382 3535 448 558

254 522 569 585 τοσούτους,
626 518 764 574 ἀλλά
823 517 917 571 καὶ
952 514 1187 587 περιττὰ
1237 513 1579 567 καταλιπεῖν.
1634 508 1842 578 Μωσῆς
1875 513 1951 569 At

1838 507 2196 577 :Aqttaurvis
2253 519 2450 557 manna
2502 501 2759 562 dedisset,
2822 506 2998 551 tamen
3046 509 3145 564 pro
3199 495 3535 566 singulorum

259 617 365 686 μὲν
384 614 495 684 γάρ
515 614 565 666 ει
591 609 766 665 καὶτὸ
801 606 977 678 μάννα
1006 605 1201 668 ἐδίδου,
1231 603 1369 658 ἀλλά
1405 603 1544 673 πρὸς
1572 600 1672 671 τὴν
1707 602 1837 654 Exa-

258 721 391 759 στου
419 701 609 774 χρείαν
632 717 646 732 ο
677 699 741 750 τὸ
769 697 878 767 γάρ
917 693 1259 766 περιττεῦον,
1308 692 1596 762 σκώληκας
1626 691 1833 757 ἐξέζεε.

258 796 373 852 καὶ
407 794 592 856 Ἠλίας
642 790 700 845 δέ
729 789 829 860 τὴν
867 789 1046 860 χήραν
1076 785 1404 855 διατρέφων,
1445 783 1509 837 τὸ
1559 781 1838 851 αὕταρκες

261 891 540 959 ἐχορήγει.
564 883 772 954 Ἰησοῦς
802 881 882 947 δὲ,
936 879 1011 943 ὡς
1044 879 1344 946 Δεσπότης,
1373 876 1466 930 καὶ
1492 875 1839 946 περιττεύειν

261 983 430 1032 ποιεῖ.
456 976 642 1030 Ταῦτα
676 973 775 1045 μὲν
809 973 902 1026 οὖν
938 970 1086 1025 κατά
1125 969 1224 1038 τὴν
1268 967 1532 1038 ἱστορίαν.
1585 967 1744 1020 Κατά
1781 963 1838 1016 δὲ

260 1065 579 1135 ἀναγωγὴν,
614 1065 778 1117 πέντε
807 1063 983 1131 ἄρτοι,
1037 1059 1088 1110 οἱ
1119 1056 1405 1111 Μωσαῖκοὶ
1447 1054 1617 1121 λόγοι.
1671 1054 1839 1106 Πέντε

261 1161 373 1226 γάρ
400 1156 471 1208 τά
497 1155 592 1208 τοῦ
615 1152 857 1213 Μωσέως
899 1147 1104 1220 βιϐλία,
1137 1147 1377 1210 Γένεσις,
1412 1144 1641 1210 Ἐξόδος,
1682 1143 1842 1196 Λευῖ-

259 1248 436 1310 τικὸν,
481 1244 751 1316 Ἀριθμοὶ,
806 1237 1252 1309 Δευτερονόμιον.
1292 1233 1496 1305 Ἰχθύες
1536 1233 1594 1286 δὲ
1639 1232 1754 1296 δύο,
1789 1233 1839 1284 οί

260 1340 374 1392 τῶν
399 1337 595 1391 ἀλιέων
624 1336 790 1399 λόγοι,
828 1334 856 1385 ό
904 1330 1230 1393 ’Δπόστολος
1276 1329 1370 1382 καὶ
1399 1327 1460 1381 τὸ
1484 1326 1839 1396 Εὐαγγέλιον.

261 1431 491 1492 Τούτοις
527 1425 618 1482 οὖν
663 1427 955 1495 τρέφονται
993 1425 1049 1477 αἱ
1110 1421 1271 1475 πέντε
1322 1419 1482 1492 ἡμῶν
1535 1419 1840 1489 αἰσθήσεις,

262 1517 429 1576 αὗται
480 1521 589 1592 γάρ
646 1520 785 1572 εἰσιν
813 1519 862 1570 οἱ
903 1515 1357 1586 πεντακισχίλιοι.
1391 1514 1510 1585 Οὐχ
1534 1513 1749 1567 ἅπαντα
1787 1512 1844 1566 δὲ

263 1611 542 1681 δυνάμεθα
577 1612 793 1677 φαγεῖν,
852 1605 987 1658 ἀλλά
1018 1604 1192 1658 πολλά
1240 1603 1680 1674 περιττεύουσιν,
1726 1601 1762 1655 ἀ
1794 1602 1844 1653 oi

265 1703 558 1756 ἀπόστολοι
588 1700 845 1753 δύνανται
879 1695 1169 1766 βαστάσαι.
1208 1695 1292 1749 Τά
1322 1695 1432 1764 γάρ
1461 1692 1846 1763 δυσκολώτερα

265 1795 378 1848 τῶν
410 1794 504 1846 105
535 1791 724 1861 Νόμου
763 1789 860 1844 καὶ
893 1788 1003 1841 τῶν
1037 1788 1130 1840 τοῦ
1161 1785 1504 1855 Εὑαγγελίου
1529 1784 1842 1855 νοημάτων,

271 1887 429 1958 ἡμεῖς
465 1884 566 1955 μὲν
600 1886 646 1938 οί
670 1883 751 1936 ἔτι
777 1883 895 1940 ταῖς
931 1880 1092 1933 πέντε
1134 1877 1430 1949 αίσθήσεσι
1477 1875 1846 1941 δουλεύοντες,

266 1978 328 2030 ού
365 1975 733 2046 βαστάζομεν,
774 1974 825 2025 ol
851 1970 1140 2026 ἀπόστολοι
1172 1969 1252 2023 δέ.

345 2086 364 2119 ι
405 2068 515 2122 Καὶ
563 2059 765 2130 εὐθέως
829 2066 1115 2133 ἠνάγκασε
1187 2061 1315 2126 τοὺς
1372 2059 1624 2132 μαθητάς
1687 2059 1854 2114 αὑτοῦ

267 2160 509 2232 ἐμϐῆναι
552 2162 631 2222 είς
669 2159 731 2211 τὸ
765 2157 972 2220 πλοῖον,
1027 2157 1123 2210 καὶ
1156 2155 1425 2224 προάγειν
1467 2155 1550 2217 εἰς
1590 2154 1651 2206 τὸ
1679 2154 1856 2222 πέραν

269 2251 410 2319 πρὸς
432 2249 728 2321 Βηθσαῖδά,
770 2248 872 2311 ἕως
906 2247 1068 2309 αὐτὸς
1123 2245 1371 2316 ἀπολύσῃ
1406 2246 1497 2299 τὸν
1535 2245 1709 2316 ὄχλον.
1749 2246 1858 2298 Καὶ

269 2344 685 2413 ἀποταξάμενος
718 2340 925 2404 αὐτοῖς,
959 2339 1203 2409 ἀπῆλθεν
1248 2339 1328 2401 είς
1356 2339 1418 2391 τὸ
1460 2339 1587 2408 ὅρος
1612 2337 1854 2410 προσεύ-

272 2434 497 2500 ξασθαι.
538 2433 648 2487 Kal.
672 2431 832 2502 ὀψίας
864 2430 1187 2501 γενομένης,
1223 2425 1292 2501 ἦν
1315 2429 1375 2482 τὸ
1408 2428 1594 2483 πλοῖον
1616 2431 1675 2482 ἐν
1704 2431 1858 2500 μέσῳ

268 2527 370 2595 τῆς
411 2526 711 2595 Θαλάσσης,
760 2524 857 2577 καὶ
912 2523 1074 2586 αὐτὸς
1129 2523 1290 2592 μόνος
1321 2523 1415 2575 ἐπί
1449 2522 1549 2591 τῆς
1602 2523 1727 2593 γῆς,
1761 2527 1858 2576 καὶ

271 2612 414 2669 εἶδεν
475 2615 673 2678 αὐτοὺς
707 2610 1170 2684 βασανιζομένους
1214 2613 1272 2665 ἐν
1312 2611 1393 2682 τῷ
1435 2611 1683 2665 ἐλαύνειν
1726 2629 1742 2645 ·
1791 2609 1859 2685 ἦν

275 2706 388 2776 γάρ
419 2708 446 2758 ὁ
499 2706 696 2775 ἄνεμος
730 2704 975 2766 ἐναντίος
1016 2704 1223 2761 αὐτοῖς.
1260 2703 1373 2754 Kal.
1419 2703 1551 2774 περὶ
1589 2704 1859 2774 τετάρτην

278 2791 664 2862 φυλακὴν,τῆς
695 2795 908 2856 νυκτὸς.
945 2792 1162 2862 ἔρχεται
1206 2792 1339 2862 πρὸς
1367 2792 1586 2857 αὐτοὺς,
1625 2809 1863 2864 περιπα-

276 2883 387 2936 τῶν
408 2885 501 2938 ἐπὶ
529 2884 626 2954 τῆς
654 2884 953 2954 θαλάσσης,
1001 2885 1094 2936 καὶ
1134 2882 1291 2954 ἧθελε
1321 2883 1614 2952 παρελθεῖν
1640 2884 1858 2948 αὐτούς.

279 2975 342 3027 Οί
393 2975 448 3026 δὲ
497 2974 694 3037 ίδὸντες
735 2975 896 3027 αὑτὸν
941 2973 1352 3042 περιπατοῦντα
1383 2973 1476 3026 ἐπὶ
1524 2973 1622 3044 τῆς
1658 2971 1856 3028 θαλάσ-

283 3083 406 3134 σης,
440 3065 630 3129 ἔδοξαν
664 3065 955 3134 φάντασμα
983 3063 1145 3125 εἶναι,
1171 3066 1267 3118 καὶ
1291 3066 1622 3137 ἀνέκραξαν.
1654 3066 1863 3130 Πάντες

1942 615 2041 654 mu
2093 599 2252 652 dabat
2288 615 2302 662 ;
2340 611 2466 650 nam
2515 594 2657 661 quod
2681 597 2984 660 supererat,
3011 589 3322 644 vermiculis
3353 601 3539 644 scatu-

1935 692 2137 746 «i-iebat.
2180 690 2328 744 Elias
2367 701 2581 756 quoque
2629 683 2847 739 viduam
2885 696 3134 751 pascens,
3160 681 3540 751 suppeditabat

1939 791 2198 852 quantum
2225 780 2356 834 satis
2377 757 2515 833 erat.
2536 775 2697 832 Jesus
2721 782 2925 838 autem,
2963 780 3022 826 ut
3050 770 3333 836 Dominus,
3373 772 3536 824 etiam

1941 873 2155 928 residua
2208 871 2357 924 facit.
2415 869 2480 923 Et
2513 871 2624 923 haec
2652 866 2871 937 quidem
2895 864 3048 934 juxta
3083 863 3368 917 historiam
3401 876 3414 920 :
3450 877 3542 912 ve.

1946 980 2062 1018 rum
2128 962 2283 1033 jus-ta
2339 974 2636 1031 anagogen,
2691 958 2932 1026 quinque
2990 971 3158 1024 panes
3216 963 3343 1007 sunt
3419 954 3541 1008 libri

1943 1055 2128 1121 Musis,
2154 1055 2243 1125 qui
2267 1054 2506 1123 quinque
2529 1061 2676 1116 sunt,
2698 1049 2947 1115 Genesis,
2976 1047 3217 1112 Exodus,
3248 1046 3542 1109 Leviticus,

1943 1146 2165 1201 Numeri
2209 1156 2264 1200 et
2312 1143 2796 1199 Deuteronomium
2827 1157 2842 1206 ;
2873 1141 2982 1195 duo
3009 1150 3186 1193 autem
3235 1139 3432 1208 pisces,
3471 1139 3546 1205 pi-

1944 1247 2218 1294 scatorum
2251 1235 2397 1300 libri,
2432 1234 2724 1303 Apostolus
2763 1242 2822 1286 et
2850 1230 3228 1300 Evangelium.
3259 1228 3368 1284 illis
3397 1230 3543 1284 enim

1945 1342 2237 1401 pascuntur
2285 1331 2523 1399 quinque
2564 1327 2742 1381 nostri
2797 1340 3018 1391 sensus,
3052 1325 3144 1394 qui
3181 1339 3279 1392 per
3303 1323 3547 1392 quinque

1947 1421 2113 1476 millia
2170 1419 2471 1488 signantur.
2512 1416 2715 1473 Verum
2748 1432 2853 1471 non
2876 1424 3106 1484 possunt
3135 1414 3320 1468 omnia
3348 1416 3539 1479 edere,

1948 1515 2040 1569 sed
2065 1511 2232 1566 multa
2257 1511 2467 1566 residua
2496 1509 2830 1578 relinquunt,
2856 1522 2975 1577 quae
2998 1505 3163 1578 205
3186 1506 3411 1574 apostoli
3457 1521 3552 1576 ge-

1949 1617 2094 1660 suare
2115 1611 2356 1673 possunt.
2389 1600 2523 1655 Nam
2547 1600 2877 1655 diﬂiciliores
2895 1614 3084 1654 sensus
3109 1597 3266 1668 chis
3292 1608 3344 1652 ct
3373 1597 3552 1653 Evano

1950 1698 2210 1768 geliorum
2250 1711 2346 1751 nos
2380 1696 2620 1764 quidem,
2655 1693 2897 1762 quinque
2938 1691 3185 1747 sensibus
3228 1692 3548 1758 servientes.

1953 1807 2057 1846 non
2085 1800 2387 1862 portamus,
2417 1789 2509 1844 sed
2540 1787 2788 1858 apostoli.

2034 2053 2196 2109 Vsus.
2230 2051 2417 2108 45-52.
2466 2072 2484 2104 ι
2530 2051 2594 2107 Ει
2636 2052 2821 2107 statim
2866 2051 3044 2122 coegit
3077 2050 3370 2118 discipulos
3426 2066 3555 2107 suos

1958 2147 2323 2203 conscendere
2346 2146 2547 2211 navim,
2582 2145 2637 2197 ut
2664 2144 3035 2213 praecederent
3060 2145 3382 2199 transmisso
3416 2143 3554 2198 mari

1959 2241 2328 2306 Dethsaidam,
2375 2239 2504 2293 dum
2553 2241 2665 2304 ipse
2718 2238 3013 2292 dimitteret
3052 2239 3282 2292 turbam.
3334 2239 3552 2292 Etcum

1961 2332 2256 2388 dimisisset
2285 2345 2401 2396 eos,
2444 2331 2574 2384 abiit
2627 2331 2678 2383 in
2737 2339 2973 2385 montem
3032 2329 3098 2384 ad
3151 2329 3437 2384 orandmn.
3493 2329 3556 2382 Et

1961 2441 2083 2480 cum
2132 2423 2730 2493 vespera'advenisset,
2789 2430 2908 2476 erat
2935 2421 3160 2475 navisin
3195 2423 3374 2476 medio
3399 2424 3555 2482 mari,

1961 2529 2016 2572 et
2062 2517 2176 2585 ipse
2224 2515 2372 2570 solus
2416 2515 2468 2568 in
2505 2522 2669 2579 terra,
2719 2512 2961 2582 viditque
2999 2528 3093 2568 eos
3139 2512 3455 2568 laborantes
3508 2517 3558 2566 in

1964 2611 2301 2680 tentigando.
2352 2609 2484 2663 Erat
2526 2609 2673 2661 enim
2731 2619 2924 2663 ventus
2976 2607 3287 2662 contrarius
3343 2610 3443 2662 eis.
3499 2609 3564 2662 Et

1962 2701 2106 2754 circa
2161 2705 2411 2768 quartam
2458 2696 2696 2766 vigiliam
2731 2697 2908 2750 noctis
2947 2699 3096 2751 venit
3130 2698 3196 2750 ad
3241 2713 3334 2752 eos
3367 2700 3563 2750 ambu-

1965 2794 2082 2847 lans
2135 2805 2298 2861 Super
2319 2804 2490 2854 mare,
2520 2797 2576 2844 et
2602 2789 2814 2844 volebat
2842 2790 3118 2858 praeterire
3145 2805 3257 2844 cos.
3288 2791 3357 2844 At
3392 2792 3465 2845 illi
3505 2802 3565 2844 ut

1965 2886 2215 2940 viderunt
2244 2898 2368 2939 eum
2399 2882 2765 2937 ambulantem
2810 2897 2975 2951 super
3009 2896 3179 2947 mare,
3235 2894 3564 2950 putaverunt

1966 2986 2242 3046 spcctrmn
2294 2988 2418 3031 esse
2450 2983 2504 3029 et
2537 2973 3000 3029 exclamaverunt.
3054 2972 3257 3030 Omnes
3281 2977 3424 3029 enim
3485 2978 3564 3027 vi-

1969 3068 2167 3123 debant
2205 3081 2350 3132 eum,
2381 3074 2438 3120 et
2462 3066 2772 3121 couturbati
2823 3074 2972 3130 sunt,
3015 3076 3071 3120 et
3120 3067 3304 3121 statim
3358 3067 3567 3122 loculus

282 3160 393 3228 γὰρ
433 3158 595 3210 αὑτὸν
623 3155 785 3220 εἶδον,
812 3158 906 3209 καὶ
940 3156 1352 3227 ἐταράχθησαν,
1376 3159 1474 3211 καὶ
1506 3158 1707 3222 ευθέως
1741 3158 1864 3213 ἐλά·
1893 3189 1941 3254 c
1978 3191 1979 3200 ι

1893 3189 1941 3254 c
1978 3169 2066 3215 est
2095 3174 2219 3215 eum
2259 3159 2362 3223 eis,
2397 3158 2643 3226 dixitque
2702 3158 2782 3212 eis
2817 3170 2832 3215 :
2865 3155 3154 3222 Conﬁdite,
3196 3175 3296 3229 ego
3319 3175 3463 3226 smn,
3500 3177 3565 3214 ne

280 3247 412 3315 λησε
452 3246 568 3316 μετ’
604 3247 807 3312 αὐτῶν,
858 3249 952 3301 καὶ
993 3247 1144 3315 λέγει
1189 3249 1403 3312 αὐτοῖς’
1438 3249 1729 3321 Θαρσεῖτε,
1756 3249 1866 3320 ἐγώ

283 3341 421 3408 είμι,
456 3339 529 3408 μὴ
573 3339 846 3407 φοϐεῖσθε.
889 3340 998 3392 Kal
1045 3340 1212 3410 ἀνέϐη
1265 3341 1401 3411 πρὸς
1450 3342 1648 3406 αὐτοὺς
1697 3344 1776 3405 είς
1806 3344 1868 3396 τὸ

283 3431 489 3494 πλοῖον,
523 3433 621 3484 καὶ
647 3433 917 3484 ἐκόπασεν
942 3434 970 3484 ό
996 3432 1219 3502 ἄνεμος.
1248 3435 1358 3486 Καὶ
1383 3433 1502 3486 λίαν
1532 3435 1866 3505 ἑκπερισσοῦ

283 3524 342 3574 ἐν
366 3525 581 3585 ἑαυτοῖς
615 3521 916 3588 ἐξίσταντο,
960 3524 1054 3576 καὶ
1095 3523 1431 3594 ἐθαύμαζον.
1473 3527 1546 3578 Οὺ
1588 3526 1699 3596 γὰρ
1743 3542 1868 3578 συν-

282 3614 426 3684 ἧκαν
465 3618 556 3669 ἐπί
590 3619 702 3677 τοῖς
731 3617 938 3687 ἄρτοις.
977 3617 1072 3669 ’llv
1101 3617 1208 3687 γὰρ
1243 3617 1422 3671 αὐτῶν
1451 3621 1482 3687 ἡ
1519 3618 1716 3689 καρδία
1769 3636 1867 3670 πε-

283 3709 600 3777 πωρωμένη
640 3720 652 3733 ⁸
694 3726 715 3758 ι
750 3708 1027 3776 ἠνάγκασε
1089 3708 1214 3770 τοὺς
1293 3709 1563 3778 μαθητάς.
1628 3710 1703 3761 Οὔ
1763 3709 1870 3778 γὰρ

287 3799 481 3868 ἤθελον
510 3798 933 3869 ἀποσπασθῆναι
979 3799 1171 3866 αὐτοῦ,
1209 3797 1347 3852 ἀλλά
1399 3800 1492 3872 βία
1519 3801 1868 3871 ἐχιιῳίζοντο,

288 3892 405 3957 ἅμα
432 3889 529 3960 μέν
558 3891 649 3943 διὰ
687 3891 787 3960 τὴν
829 3889 967 3961 πρὸς
1016 3891 1178 3943 αὐτὸν
1229 3892 1471 3962 ἀγάπην,
1521 3893 1636 3962 ἅμα
1681 3893 1736 3944 δὲ
1778 3895 1872 3944 καὶ

284 3975 374 4029 διά
398 3978 458 4028 τὸ
485 3977 712 4048 ἀπορεῖν
741 3977 859 4040 πῶς
897 3980 962 4033 ἂν
1002 3979 1146 4032 έλθοι
1175 3982 1312 4050 πρὸς
1336 3982 1534 4043 αὐτοὺς
1574 3982 1760 4034 πλοίου
1790 3983 1866 4051 μὴ

284 4068 461 4131 ὄντος.
508 4068 815 4131 Ἀπολύσας
851 4068 942 4122 οὖν
1005 4071 1134 4134 τοὺς
1171 4072 1383 4142 ὄχλους,
1418 4074 1587 4142 ἀνέϐη
1632 4075 1838 4145 προσεύ

287 4159 484 4226 ξασθαι
511 4161 630 4214 κατ’
667 4161 825 4214 ἰδίαν.
857 4163 1058 4233 Σχολῆς
1091 4165 1200 4233 γὰρ
1235 4165 1330 4216 καὶ
1364 4165 1671 4234 ἀταραξίας
1697 4166 1869 4220 δεῖται

284 4257 319 4316 ἡ
355 4254 658 4323 προσευχὴ.
696 4253 915 4324 Ἀφίησι
944 4256 1000 4307 δὲ
1029 4256 1155 4317 τοὺς
1192 4256 1439 4326 μαθητὰς
1478 4259 1866 4328 πειρασθῆναι,

291 4347 382 4399 ἵνα
427 4345 673 4415 μάθωσιν
697 4345 1012 4414 ὑπομένειν.
1043 4347 1142 4399 Διά
1181 4349 1339 4401 τοῦτο
1370 4351 1479 4421 γὰρ
1526 4351 1647 4404 ούδέ
1671 4352 1874 4414 εὐθέως

287 4441 472 4502 αὐτοῖς
500 4440 811 4509 ἐφίσταται,
841 4439 975 4493 ἀλλά
997 4439 1064 4492 δι’
1097 4442 1226 4511 ὅλης
1256 4445 1355 4510 τῆς
1373 4443 1566 4507 νυκτὸς
1599 4446 1876 4514 συγχωρεῖ

1974 3249 2308 3307 terreamini.
2338 3251 2404 3304 Et
2444 3251 2690 3306 ascendit
2715 3253 2780 3304 ad
2819 3251 2939 3306 illos
2984 3251 3038 3305 in
3080 3253 3280 3312 navim.
3333 3262 3388 3307 et
3435 3268 3567 3308 con-

1971 3343 2176 3413 quievit
2208 3352 2422 3397 ventus.
2452 3343 2521 3396 Et
2553 3343 2904 3397 vehementer
2946 3358 3108 3410 supra
3164 3343 3383 3397 modum
3423 3344 3564 3398 intra

1972 3449 2031 3490 se
2061 3433 2350 3503 Stupebant
2413 3443 2467 3487 et
2521 3432 2947 3486 admirabantur.
2990 3430 3108 3486 Non
3160 3435 3302 3486 enim
3358 3434 3570 3488 intelle-

1976 3536 2170 3582 xerant
2214 3527 2280 3581 de
2332 3526 2603 3593 panibus:
2642 3533 2761 3580 erat
2805 3525 2950 3578 enim
2986 3541 3080 3579 cor
3100 3539 3288 3578 eorum
3324 3525 3568 3581 obcaeca-

1977 3634 2110 3679 tum.
2153 3643 2170 3674 r
2210 3623 2366 3690 Cepit
2389 3621 2700 3690 discipulos.
2727 3620 2990 3676 Nolebant
3020 3623 3164 3674 enim
3201 3623 3357 3674 avelli
3389 3621 3456 3674 ab
3483 3637 3568 3684 eo,

1975 3724 2070 3773 sed
2114 3717 2162 3770 vi
2193 3715 2605 3785 separabantur,
2664 3715 2859 3783 partim
2913 3725 3134 3782 prepter
3167 3730 3406 3768 amorem
3442 3732 3568 3785 erga

1977 3810 2148 3872 illum,
2213 3809 2408 3879 partim
2471 3807 2614 3877 quod
2668 3807 2988 3861 dubitabant
3050 3806 3452 3874 quomodonam
3506 3809 3572 3859 ad

1977 3905 2122 3971 ipsos
2179 3902 2414 3964 rediret,_
2449 3916 2571 3954 cum
2598 3899 2818 3954 abesset
2859 3900 3028 3953 navis.
3095 3899 3342 3954 Dimissis
3389 3903 3572 3971 itaque

1978 3993 2149 4047 turbis
2177 3994 2420 4047 ascendit
2441 3995 2489 4046 in
2515 4002 2750 4046 montem
2781 4001 2835 4046 ut
2861 4004 3042 4046 oraret
3065 4008 3332 4049 SCOl'alllll.
3383 3995 3575 4060 Quin-te

1976 4085 2122 4138 enim
2163 4094 2214 4137 ct
2249 4085 2639 4151 lt‘anqttillilale
2663 4099 2798 4152 opus
2825 4085 3023 4138 habent
3059 4101 3264 4153 proecs.
3304 4087 3572 4138 (Luterunt

1978 4175 2271 4244 discipulos
2321 4177 2518 4230 tentari
2579 4176 2865 4245 permittit,
2898 4187 2954 4229 ut
2990 4177 3201 4231 diseant
3232 4178 3573 4244 patientiam.

1978 4267 2110 4320 Nam
2145 4277 2427 4336 propterea
2486 4281 2590 4321 non
2655 4268 2836 4321 statim
2889 4269 2995 4323 illis
3053 4271 3280 4335 assistit,
3332 4274 3427 4325 sed
3466 4281 3574 4327 tota

1981 4369 2143 4413 nocte
2166 4359 2296 4412 sinit
2321 4359 2371 4411 in
2404 4367 2729 4428 tempestate
2755 4375 2894 4424 esse,
2928 4371 2988 4414 ut
3014 4363 3205 4416 doceat
3235 4363 3402 4417 fortes
3433 4381 3572 4429 es<e,

1979 4461 2033 4504 et
2088 4466 2191 4504 non
2260 4451 2316 4505 in
2373 4451 2642 4520 principio
2691 4454 3052 4505 tentationum
3102 4455 3422 4522 sperandam
3486 4474 3574 4510 ru.

289 4532 737 4597 κλυδωνίζεσθαι,
799 4534 886 4585 ἵνα
936 4534 1123 4603 διδάξῃ
1186 4538 1495 4605 καρτερεῖν,
1536 4539 1627 4589 καὶ
1686 4538 1762 4607 μὴ
1815 4537 1986 4596 ἐνΙ)‹

1901 4537 1956 4596 Ι)
1983 4543 2184 4612 quiem.
2254 4541 2493 4596 Observa
2540 4553 2593 4595 et
2626 4543 2791 4605 aliud,
2836 4544 2978 4608 quod
3028 4546 3255 4599 daturus
3289 4546 3448 4599 ﬁnem
3486 4563 3573 4600 re.

287 4623 436 4692 ἀρχῇ
461 4621 568 4674 τῶν
594 4622 783 4675 δεινῶν
802 4622 1043 4687 ἐλπίζειν
1071 4623 1276 4677 ἄνεσιν.
1296 4626 1438 4696 Ὅρα
1466 4626 1522 4678 δὲ
1556 4628 1648 4680 καὶ
1666 4627 1751 4678 έτε
1764 4645 1873 4697 ρον,

288 4715 372 4765 ὃτι
420 4714 547 4765 ὅταν
596 4713 764 4784 μέλλῃ
805 4714 1003 4768 παύειν
1056 4716 1125 4767 τά
1180 4716 1352 4782 δεινὰ,
1395 4717 1516 4770 τότε
1554 4717 1755 4788 μᾶλλον
1799 4723 1879 4782 εἰς

293 4804 520 4873 μείζονα
547 4804 713 4873 φόϐον
734 4805 1029 4874 ἐντίθησιν.
1077 4805 1299 4869 Ἰδόντες
1350 4807 1458 4876 γὰρ
1495 4808 1677 4874 αὑτὸν,
1716 4809 1878 4880 ἔκρα-

295 4895 416 4960 ξαν,
447 4897 814 4965 ταραχθέντες
838 4896 913 4960 ὡς
951 4897 1043 4950 ἐπὶ
1095 4899 1482 4969 φαντάσματι·
1539 4901 1634 4952 καὶ
1678 4901 1879 4962 εὐθέως

291 4988 384 5041 διὰ
447 4988 546 5057 τῆς
581 4989 764 5059 φωνῆς
797 4989 1092 5060 θεραπεύει
1121 4991 1338 5058 αὐτοὺς,
1391 4991 1600 5059 λέγων·
1642 4994 1733 5065 Μὴ
1780 5011 1878 5058 φο-

293 5080 503 5152 ϐεῖσθε.
546 5078 681 5134 Εῐτα
709 5084 807 5135 καὶ
830 5082 919 5138 διὰ
946 5083 1040 5136 τοῦ
1074 5083 1311 5154 ἐμϐῆναι
1349 5086 1428 5148 είς
1460 5087 1518 5138 τὸ
1550 5087 1754 5150 πλοῖον,
1781 5087 1880 5157 τὴν

293 5173 637 5244 τελεωτέραν
675 5174 862 5236 αὐτοῖς
923 5174 1230 5245 ἀταραξίαν
1283 5180 1670 5246 περιποιεῖται.
1705 5177 1882 5240 Εὐθὺς

292 5267 404 5335 γάρ
435 5265 706 5320 ἐκόπασεν
734 5268 763 5319 ὁ
812 5266 1034 5337 ἄνεμος.
1064 5267 1224 5333 Μέγα
1250 5266 1305 5319 δὲ
1341 5267 1525 5336 θαῦμα
1564 5268 1626 5320 τὸ
1661 5269 1754 5321 ἐπὶ.
1784 5268 1881 5320 θα-

297 5358 510 5426 λάσσης
547 5350 894 5427 περιπατεῖν,
928 5360 1023 5412 καὶ
1053 5360 1186 5412 Θεοῦ
1215 5360 1291 5429 τῷ
1317 5361 1454 5425 om,
1489 5361 1624 5413 τὸδὲ
1666 5363 1758 5414 καὶ
1789 5380 1882 5414 τα-

297 5453 470 5521 ραχῆς
499 5450 686 5520 οΰσης,
725 5453 819 5506 καὶ
849 5453 944 5506 τοῦ
989 5455 1192 5523 ἀνέμου
1232 5456 1667 5525 ἐναντιουμένου,
1691 5456 1881 5510 ἐπίτα-

298 5561 383 5605 σις
405 5542 499 5596 τοῦ
525 5543 828 5613 θαύματος.
857 5545 921 5598 Οἱ
951 5545 1008 5598 δὲ
1039 5547 1332 5600 ἀπόστολοι
1388 5549 1446 5601 οὐ
1489 5551 1766 5612 συνιέντες
1789 5549 1885 5602 ἐπὶ

296 5637 413 5696 τοῖς
453 5635 663 5704 ἄρτοις,
709 5636 818 5688 ἀπὸ
861 5636 1053 5691 τούτου
1083 5638 1180 5691 τοῦ
1227 5640 1505 5710 θαύματος
1539 5640 1634 5694 τοῦ
1681 5645 1775 5694 ἐπὶ
1814 5646 1882 5714 τῇ

298 5729 543 5800 θαλάσσῃ
569 5733 810 5801 συνῆκαν
834 5747 849 5762 ο
879 5731 1056 5786 έοικεν
1072 5728 1165 5785 οὖν
1193 5734 1220 5785 ὁ
1244 5734 1480 5802 Χριστὸς
1498 5738 1592 5786 καὶ
1619 5734 1708 5791 διὰ
1726 5735 1886 5789 τοῦτο

305 5825 658 5893 συγχωρῆσαι
712 5824 910 5888 αὐτοὺς
944 5826 1332 5895 πειρασθῆναι,
1369 5828 1454 5879 ἴνα
1493 5829 1618 5879 ἐπεὶ
1671 5830 1745 5899 μὴ
1780 5830 1887 5883 ἀπὸ

1986 4647 2101 4685 rum
2149 4631 2580 4697 difficultatibus,
2646 4633 2696 4686 in
2747 4635 3006 4703 majorem
3034 4635 3156 4689 illos
3183 4648 3446 4690 terrorem
3482 4643 3576 4693 ad-

1983 4722 2155 4779 ducit.
2197 4723 2324 4779 Viso
2349 4726 2515 4794 igitur
2542 4726 2652 4790 illo,
2678 4729 3054 4783 claniaverunt
3089 4732 3284 4785 turbati
3317 4742 3572 4803 tanquam

1986 4818 2036 4869 in
2100 4817 2504 4886 phantasmate,
2531 4829 2582 4871 et
2603 4821 2786 4873 statim
2820 4834 2916 4887 per
2945 4837 3132 4875 vocent
3167 4826 3441 4878 succurrit
3475 4829 3574 4889 eis,

1985 4911 2211 4963 dicens:
2245 4909 2318 4963 Ne
2369 4912 2706 4966 terreamiui.
2743 4914 2942 4967 Deinde
2976 4925 3030 4968 et
3055 4931 3151 4986 per
3185 4917 3491 4985 ingressum
3527 4923 3576 4973 in

1987 5003 2186 5068 natim,
2239 5001 2500 5070 majorem
2547 5004 2652 5058 illis
2694 5007 3040 5060 securitatem
3071 5011 3228 5077 parit.
3279 5013 3579 5068 Confestim

1985 5095 2126 5148 enim
2161 5094 2709 5163 conquievitventus.
2746 5097 2995 5168 Magnum
3026 5112 3207 5154 autem
3234 5103 3579 5168 miraculum,

1988 5186 2269 5240 ambulare
2321 5203 2482 5256 super
2531 5206 2700 5252 mare,
2735 5201 2789 5244 et
2824 5205 3010 5244 revera
3038 5189 3279 5246 divinum
3322 5218 3330 5226 -
3369 5208 3420 5248 ct
3461 5214 3582 5250 cum

1987 5288 2132 5332 esset
2184 5289 2329 5332 lania
2410 5292 2723 5351 tempestas,
2767 5294 2985 5352 Iamque
3025 5291 3332 5342 contrarius
3365 5301 3582 5354 ventus,

1987 5369 2235 5423 miraculi
2296 5374 2691 5426 incrementum
2730 5387 2865 5427 crat.
2925 5380 3169 5444 Apostoli
3226 5391 3407 5434 autem
3460 5398 3581 5435 eum

1990 5476 2098 5515 non
2153 5464 2547 5518 intellexissent
2581 5468 2645 5520 de
2692 5471 2940 5534 panibus,
2982 5485 3062 5521 ex
3097 5470 3197 5524 lioc
3229 5472 3495 5527 miraculo
3529 5476 3581 5526 in

1990 5555 2127 5608 mari
2176 5556 2578 5611 intellexerunt.
2633 5558 2862 5614 Videtur
2910 5579 3043 5617 sane
3078 5563 3331 5619 Christus
3363 5577 3588 5634 propter

1990 5647 2093 5702 lioc
2129 5649 2443 5715 permisisse
2495 5651 2614 5704 illos
2659 5655 2876 5718 tentari,
2915 5664 2972 5707 ut
3002 5657 3257 5725 quoniam
3293 5674 3319 5708 a
3355 5659 3589 5725 panibus

1992 5754 2114 5792 eum
2146 5755 2250 5793 nun
2275 5741 2677 5809 cognovissent,
2714 5746 2962 5800 notitiam
2997 5764 3024 5802 a
3056 5750 3190 5802 mari
3223 5751 3589 5820 perciperent,

1993 5839 2156 5902 atque
2185 5833 2474 5887 utilitatem
2505 5851 2992 5907 consetpierentur.

305 5915 414 5968 τῶν
445 5914 624 5983 ἄρτων
649 5914 812 5968 αὑτὸν
842 5915 1178 5984 ἐπέγνωσαν,
1219 5919 1512 5987 ἐπεγνὼσιν
1536 5920 1643 5973 ἀπο
1674 5922 1768 5991 τῆς
1802 5922 2098 5994 θαλάσσης,
2125 5925 2218 5977 καὶ
2239 5924 2618 5996 ὠφεληθῶσιν.
