4298 6446
275 417 387 486 561

968 409 1424 484 ENARRAJ‘IO
1462 408 1548 469 IN
1581 404 2082 468 EVANGEL'IUM
2123 402 2388 463 MARCI.
2426 426 2490 436 —
2529 400 2686 460 CAP.
2716 399 2850 464 VII.

3445 397 3551 461 582

279 531 510 600 ρήσητε.
544 525 748 594 Μωσῆς
770 522 879 595 γάρ
909 517 1031 576 εἷπε
1053 539 1065 553 ·
1104 522 1252 594 Τίμα
1279 521 1369 575 τδν
1392 520 1609 589 πατέρα
1638 535 1732 572 σου
1760 517 1865 570 και
1888 527 1904 574 λ

1968 524 2189 569 matrem
2231 522 2408 579 tuam;
2444 523 2500 569 et
2533 531 2548 568 :
2578 513 2680 580 Qui
2727 509 3074 567 maledixerit
3101 508 3242 577 patri
3298 507 3381 563 vel
3432 526 3548 562 ma-

277 620 381 692 τὴν
421 618 776 690 μητέρασου·
812 617 932 680 καὶ,
985 615 1043 668 ’0
1078 613 1395 682 κακολογῶν
1435 612 1647 681 πατέρα
1679 612 1713 683 ἥ
1761 627 1864 679 μη-

279 709 446 778 τερα,
477 707 695 777 θανάτῳ
748 704 1074 758 τελευτάκτω.
1123 703 1312 772 Ὑμεῖς
1361 702 1421 757 δὲ.
1448 703 1678 769 λέγετε*
1739 700 1865 753 Ἐὰν

280 801 414 869 εἴπῃ
441 796 729 872 ἅνθρωπος
776 793 857 863 τῷ
909 793 1080 863 πατρὶ
1119 792 1153 862 ἢ
1201 794 1268 862 τῇ
1318 793 1512 863 μητρὶ,
1561 790 1805 861 Κορδάν,
1837 789 1867 842 ὅ

287 889 406 943 ἐστι
438 886 643 955 Δῶρον,
673 885 703 937 δ
737 883 832 937 ἐάν
880 883 940 948 ἐξ
983 882 1120 951 ἐμοῦ
1154 882 1463 953 ὠφεληθῇς,
1500 882 1596 935 καὶ
1633 881 1737 934 οὐκ
1785 878 1868 932 ἔτι

279 978 476 1048 ἀφίετε
507 976 670 1031 αὐτὸν
717 961 871 1027 οὐδὲν
899 973 1126 1041 ποιῆσαι
1170 972 1248 1041 τῷ
1299 971 1468 1042 πατρὶ
1507 969 1675 1025 αὐτοῦ
1716 970 1750 1040 ἢ
1797 971 1865 1039 τῇ

244 1120 257 1133 ,
292 1067 465 1137 μητρὶ
517 1063 705 1128 αὑτοῦ,
765 1062 1101 1132 ἀκυροῦντες
1153 1062 1247 1115 τὸν
1300 1061 1456 1131 λόγον
1503 1060 1599 1116 τοῦ
1625 1059 1761 1113 Θεοῦ
1796 1059 1863 1129 τῇ

282 1157 584 1227 παραδόσει
609 1148 813 1228 ύμῶνῇ
836 1155 1190 1224 παρεδώκατε
1227 1192 1242 1217 ,
1275 1155 1370 1207 καὶ
1395 1154 1673 1227 παρόμοια
1690 1151 1868 1206 τοιαῦ-

284 1269 354 1304 τα
387 1248 559 1302 πολλά
616 1250 840 1302 ποιεῖτε.
877 1266 895 1299 ι
943 1246 1401 1316 Ἐμϐριθέστερον
1450 1245 1691 1314 ἐλέγχων
1739 1245 1866 1305 τοὺς

301 1336 593 1402 Ἰουδαίους
624 1340 652 1390 ὁ
707 1336 930 1406 Κύριος,
991 1338 1234 1407 παράγει
1286 1337 1382 1389 καὶ
1440 1335 1532 1388 τὸν
1582 1337 1870 1405 προφήτην

290 1430 704 1501 κατηγοροῦντα
755 1427 954 1491 αὐτῶν.
1007 1429 1240 1482 Ἐκεῖνοι
1280 1429 1377 1498 μὲν
1402 1427 1494 1485 οῦν
1523 1428 1632 1489 τοῖς
1688 1425 1868 1495 μαθη-

288 1526 408 1584 ταῖς
433 1522 724 1593 ἐνεκάλουν
751 1520 832 1573 ὅτι
865 1519 964 1589 τὴν
993 1520 1104 1572 τῶν
1137 1519 1526 1590 πρεσϐυτέρων
1562 1517 1868 1588 παράδοσιν

290 1613 621 1682 παρέϐαινον
655 1653 669 1677 ,
695 1615 725 1666 ὁ
758 1613 963 1685 Κύριος
1021 1615 1078 1667 δὲ
1111 1614 1299 1676 αὐτοῖς
1345 1611 1701 1682 ἀντεπιφέρει
1735 1626 1869 1678 σφο-

286 1706 546 1776 δρότερον
570 1704 844 1776 ἔγκλημα,
879 1705 940 1759 τὸ
966 1705 1058 1758 τὸν
1079 1704 1173 1758 τοῦ
1202 1704 1451 1776 Μωσέως
1483 1705 1648 1773 νόμον
1687 1719 1869 1770 παρα-γ

291 1786 525 1850 ϐαίνειν.
580 1795 638 1849 '0
672 1799 773 1866 μὲν
806 1797 916 1868 γάρ
966 1799 1132 1868 νόμος
1175 1798 1333 1866 φησι,
1383 1796 1564 1862 λέγει·
1602 1796 1750 1863 Τίμα
1781 1794 1873 1846 τὸν

1973 607 2063 670 tri,
2092 614 2265 660 morte
2296 605 2581 660 moriatur.
2616 603 2724 659 Vos
2755 613 2935 658 autent
2983 599 3206 672 dicitis:
3252 600 3308 654 Si
3346 601 3546 654 dixerit

1967 700 2130 755 homo
2176 698 2315 768 patri
2355 707 2446 753 aut
2497 697 2657 752 matri
2710 695 2949 756 Corban,
3001 693 3146 762 quod
3174 703 3277 755 est,
3318 691 3552 758 Donum,

1975 791 2336 861 quodcunque
2369 805 2433 845 ex
2473 795 2559 844 me
2619 789 2673 844 in
2711 799 2860 842 tuum
2901 787 3058 840 cedet
3081 785 3457 847 commodum,
3494 791 3549 836 et

1967 888 2227 948 praeterea
2279 892 2386 932 non
2450 878 2771 934 sinitiseum
2816 875 3114 944 quidquam
3171 872 3354 928 facere
3409 874 3550 940 patri

1968 986 2088 1035 suo,
2117 979 2210 1025 aut
2243 969 2404 1026 matri
2443 984 2581 1034 sum,
2609 977 2663 1022 ct
2701 967 2913 1021 irritum
2948 965 3126 1020 facitis
3178 965 3406 1024 verbum
3458 962 3550 1016 Dci

1969 1078 2066 1131 per
2096 1061 2544 1116 constitutionem
2603 1069 2841 1117 vestram
2904 1073 3065 1126 quam
3114 1054 3453 1119 tradidistis,
3491 1067 3549 1110 et

1970 1154 2134 1225 206
2169 1154 2367 1209 similia
2401 1151 2709 1222 huiusmodi
2730 1150 2902 1205 multa
2929 1149 3140 1205 facitis.
3181 1167 3200 1199 ›
3224 1147 3298 1205 Ut
3337 1147 3557 1216 gravius

1973 1253 2167 1317 arguat
2221 1246 2485 1298 Dominus
2527 1241 2766 1307 Judazos,
2813 1242 3033 1296 adducit
3076 1252 3130 1295 et
3171 1240 3492 1309 prophetam
3525 1254 3553 1292 a

1972 1353 2081 1407 quo
2115 1347 2391 1392 taxantur.
2435 1336 2510 1391 Illi
2542 1336 2688 1391 enim
2726 1335 3022 1403 discipulos
3080 1334 3381 1402 arguebant
3415 1346 3541 1402 ηυοι

1975 1431 2250 1486 seniorum
2291 1430 2640 1483 traditionem
2681 1427 3022 1496 praevaricati
3064 1435 3266 1481 essent.
3297 1425 3530 1481 Dominu

1975 1532 2155 1577 autem
2191 1523 2271 1575 eis
2293 1521 2539 1592 impingit
2557 1522 2766 1574 crimen
2791 1521 2948 1587 longe
2973 1519 3212 1583 pravius,
3239 1518 3380 1585 quod
3399 1515 3550 1573 Mosi:

1975 1615 2143 1684 legem
2175 1615 2681 1684 pmvaricarentur.
2726 1612 2833 1667 Lex
2856 1614 3000 1667 enim
3037 1612 3131 1676 ait,
3159 1610 3288 1664 dicit
3314 1627 3326 1661 ε
3350 1609 3563 1662 llonora

1977 1717 2188 1776 patrem
2207 1717 2352 1759 tuum
2371 1716 2424 1762 et
2443 1717 2672 1761 matrem
2692 1715 2836 1759 tuam
2861 1723 2874 1757 :
2896 1719 2988 1785 vos
3010 1712 3191 1757 autem
3211 1703 3416 1756 docetis
3434 1716 3568 1770 pue-

1979 1814 2068 1853 ros
2085 1808 2142 1851 ut
2169 1799 2353 1852 dicant
2373 1799 2443 1850 ad
2457 1796 2987 1866 parentes,Corban,
3014 1795 3116 1850 hoc
3144 1804 3247 1858 est,
3277 1794 3485 1847 Donum
3515 1803 3570 1846 et

292 1887 509 1957 πατέρα
542 1903 636 1939 σου
667 1889 761 1942 καὶ
788 1889 887 1958 τήν
913 1889 1125 1960 μητέρα
1159 1904 1254 1940 σου
1281 1901 1293 1914 ·
1333 1889 1494 1957 ὑμεῖς»
1520 1887 1575 1940 δὲ
1599 1886 1879 1940 διδάσκετε

1982 1891 2221 1944 oblatum
2286 1890 2397 1945 Deo
2449 1900 2554 1953 est,
2590 1889 2735 1958 quod
2798 1890 3001 1959 quaeris
3040 1903 3104 1945 ex
3156 1904 3262 1942 me.
3308 1887 3564 1944 Pharismi

292 1979 420 2041 τοὺς
465 1978 660 2040 παῖδας
708 1979 884 2048 λέγειν
925 1981 1062 2050 πρὸς
1104 1982 1230 2042 τοὺς
1289 1983 1485 2049 γονεῖς,
1521 1980 1602 2030 ὃτι
1633 1977 1878 2046 Κορϐἀν,

289 2067 562 2131 τουτέστι,
588 2060 774 2139 Δῶρον
799 2070 892 2123 καὶ
927 2069 1351 2139 ἀνατεθειμένον
1399 2069 1477 2140 τῷ
1507 2067 1625 2137 Θεῷ
1655 2069 1826 2128 ὲυτιν,
1851 2065 1880 2118 ὃ

293 2155 479 2226 ζητεῖς
509 2156 568 2220 ἐξ
596 2157 753 2226 ἐμοῦ.
783 2159 846 2210 Oi
868 2157 975 2228 γὰρ
1001 2159 1284 2228 Φαρισαῖοι
1310 2159 1552 2221 θέλοντες
1571 2157 1881 2211 κατεσθίειν

292 2249 366 2301 τά
395 2250 501 2301 τῶν
532 2248 939 2318 ἀφελεστέρων,
973 2243 1254 2303 ἐδίδασκον
1295 2253 1420 2313 τοὺς
1453 2251 1675 2312 παῖδας,
1709 2250 1805 2304 ἐάν
1827 2265 1879 2300 τι

295 2333 443 2408 εἶχον
467 2338 635 2390 οἱονεὶ
665 2337 976 2405 πεκούλιον,
1008 2338 1101 2392 καὶ
1131 2339 1359 2410 ἐζήτουν
1389 2340 1549 2392 τοῦτο
1589 2342 1637 2393 οἱ
1668 2341 1878 2408 γονεῖς,

205 2433 213 2438 ⁷
295 2429 497 2496 λέγειν,
518 2429 600 2481 ὅτι
632 2428 773 2500 ΙἬδη
798 2430 922 2499 ἀφιέ
933 2447 1078 2501 ρωσα
1101 2430 1260 2484 τοῦτο
1282 2432 1359 2502 τῷ
1388 2431 1528 2502 Θεῷ,
1553 2433 1647 2486 καὶ
1684 2429 1882 2501 μηκέτι

296 2523 476 2593 ζήτει,
501 2524 576 2585 ὡς
600 2524 862 2577 ἀνατεθὲν
889 2524 966 2597 τῷ
987 2525 1201 2597 Κυρίῳ.
1233 2526 1419 2590 Οὕτως
1443 2526 1535 2579 οῦν
1565 2526 1883 2587 ἀπατῶντες

295 2614 426 2678 τοὺς
470 2616 687 2679 παῖδας,
759 2618 853 2671 καὶ
899 2617 1298 2688 συμπείθοντες
1352 2620 1551 2680 αὐτοὺς
1612 2617 1877 2688 ἀφιεροῦν

295 2705 460 2776 δῆθεν
499 2707 577 2779 τῷ
618 2709 738 2779 Θεῷ
770 2708 805 2762 a
841 2706 1009 2780 εἶχον,
1066 2710 1192 2772 τοὺς
1240 2710 1340 2782 μὲν
1380 2710 1624 2781 πατέρας
1659 2709 1880 2762 ἐποίουν

299 2801 680 2870 περιφρονεῖν,
738 2787 989 2856 αὑτοὶκδὲ
1028 2803 1097 2857 τὰ
1142 2803 1522 2874 ἀφιερωθέντα
1561 2805 1881 2875 κατήσθιον.

302 2889 474 2944 Τοῦτο
511 2892 602 2946 οῦν
635 2895 818 2958 αὐτοῖς
845 2897 874 2948 ὁ
926 2895 1131 2964 Κύριος
1161 2896 1409 2964 ἐγκαλεῖ,
1433 2895 1508 2959 ὡς
1541 2895 1631 2949 διὰ
1686 2897 1882 2966 κέρδος

303 2984 705 3053 παρασαξνουσι
740 2988 840 3041 τὸν.
861 2987 957 3040 τυῦ
987 2986 1126 3041 Θεοῦ
1175 2988 1362 3058 νόμον.

385 3094 403 3127 ι
434 3078 544 3131 Kal
571 3081 1093 3152 προσκαλεσάμενος
1141 3081 1321 3135 πάντα
1363 3079 1456 3134 τὸν
1485 3080 1664 3151 ἀχλον,
1697 3081 1884 3148 ἔλεγεν

305 3168 489 3232 αὐτοῖς
515 3185 528 3200 ·
569 3171 814 3225 Ἀκούετὲ
851 3191 973 3242 μου,
1019 3176 1246 3237 πάντες,
1290 3175 1384 3227 καὶ
1408 3174 1653 3227 συνίετε·
1716 3173 1884 3238 Οὐδέν

307 3262 456 3314 ἐστιν
486 3261 686 3326 ἔξωθεν
722 3263 818 3316 τοῦ
855 3266 1148 3339 ἀνθρώπου
1176 3265 1636 3336 εἰσπορευόμενον
1672 3267 1754 3328 είς
1792 3265 1890 3318 αύ-

307 3353 424 3416 τδν,
455 3353 485 3406 δ
514 3353 737 3409 δύναται
774 3357 941 3411 αὐτὸν
975 3357 1261 3421 κοινῶσαι,
1311 3356 1453 3410 ἀλλά
1497 3355 1567 3410 τά
1594 3356 1895 3430 ἐκπορευό-

311 3461 452 3514 μενα
475 3447 570 3499 ἀπ’
588 3447 994 3512 αὐτοῦ,’ὲκεϊνὰ
1020 3452 1138 3503 ἐστι
1161 3449 1233 3504 τὰ
1259 3449 1545 3503 κοινοῦντα
1563 3447 1653 3502 τὸν
1687 3447 1898 3518 ἀνθρω-

309 3527 432 3592 Rev.
474 3539 544 3592 Εῐ
592 3557 674 3602 τις
727 3540 841 3610 ἔχει
871 3535 986 3594 ὦτα
1040 3539 1284 3604 ἀκούειν,
1340 3539 1610 3594 ἀκουέτω.
1664 3539 1778 3593 Kal
1805 3539 1895 3592 ὅτε

307 3631 558 3702 εἰσῆλθεν
593 3634 672 3697 είς
698 3630 848 3688 οἶκον
877 3635 984 3688 ἀπὸ
1018 3634 1114 3687 τοῦ
1144 3635 1324 3705 ὄχλου,
1383 3631 1692 3703 ἐπηρώτων
1725 3631 1891 3685 αὐτὸν

310 3721 361 3772 oi
399 3720 638 3792 μαθηταὶ
662 3721 831 3776 αὑτοῦ
885 3724 1144 3795 περὶτῆς
1194 3722 1532 3794 παραϐολῆς.
1587 3724 1698 3776 Kal
1743 3722 1895 3789 λέγει

308 3811 530 3876 αὑτοῖς-ο
566 3812 726 3867 Οὕτω
787 3815 880 3868 καὶ
931 3815 1091 3886 ὑμεῖς
1124 3814 1377 3870 ἀσύνετοί
1412 3816 1572 3880 ἐστε;
1611 3813 1691 3869 Οὐ
1723 3816 1897 3868 νοεῖτε

309 3903 396 3958 ὅτι
432 3905 542 3957 πᾶν
583 3904 644 3959 τὺ
668 3904 869 3970 ἔξωθεν
906 3906 1369 3976 εἰσπορευόμενον
1426 3907 1506 3968 εἰς
1536 3907 1631 3960 τὸν
1680 3903 1897 3976 ἀνθρω-

310 3996 438 4072 ττον,
470 3997 530 4051 οὐ
569 3997 792 4052 δύναται
814 3997 978 4053 αὑτὸν
1003 3998 1287 4060 κοινῶσαι,
1328 4000 1412 4052 ὅτι
1435 3999 1537 4052 οὐκ
1573 3996 1900 4069 εἰσπορεύε-

309 4105 402 4142 ται
428 4073 606 4143 ίαύτοῦ
627 4090 709 4152 είς
731 4089 1110 4161 τὴνκαρδίαν,
1140 4089 1261 4144 ἀλλ’
1288 4092 1371 4153 είς
1401 4091 1502 4159 τὴν
1539 4090 1775 4155 κοιλίαν,
1806 4089 1900 4142 καὶ

310 4181 507 4245 είςετδν
533 4180 823 4252 ἀφεδρῶνα
856 4165 1241 4252 ἐκπορεύεται,
1293 4179 1680 4251 ἐκκαθαρίζων
1719 4179 1899 4233 πάντα

307 4274 378 4327 τά
407 4270 704 4344 βρώματα;
736 4271 931 4341 Ἔλεγε
989 4272 1066 4336 δὲ,
1105 4273 1190 4328 ὅτι
1234 4274 1308 4328 Τὸ
1346 4276 1434 4341 ἐκ,
1467 4273 1565 4326 τοῦ
1603 4273 1898 4344 ἀνθρώπου

306 4364 774 4435 ἐκπορευόμενον,
790 4366 965 4417 ἐκεῖνο
985 4366 1158 4418 κοινοῖ
1200 4365 1295 4418 τὸν
1310 4365 1408 4420 ἀνθ
1417 4381 1622 4436 ρωπον.
1646 4365 1894 4418 Ἐσωθεν

308 4459 421 4530 γὰρ
443 4463 511 4514 ἐκ
543 4458 646 4529 τῆς
668 4458 898 4526 καρδίας
923 4458 1032 4512 τῶν
1060 4458 1368 4530 ἀνθρώπων
1398 4458 1449 4511 oi
1476 4458 1822 4529 διαλογισμοὶ
1848 4462 1898 4513 oi

1983 1983 2126 2035 enim
2161 1982 2408 2046 volentes
2438 1982 2705 2037 devorare
2764 1995 2825 2037 ea
2871 1997 2992 2051 qua:
3023 1992 3180 2036 erant
3211 1982 3569 2051 plebeiorum,

1984 2074 2252 2129 docebant
2286 2088 2511 2142 pueros,
2544 2074 2588 2127 si
2623 2074 2752 2141 quid
2785 2072 3050 2126 haberent
3086 2074 3232 2124 velut
3263 2071 3530 2140 peculium
3558 2109 3571 2132 ,

1983 2174 2038 2221 et
2069 2167 2196 2220 illud
2242 2176 2551 2236 quaererent
2597 2178 2872 2236 parentes,
2902 2166 3147 2220 dicerent
3178 2185 3190 2219 :
3227 2163 3345 2218 Jam
3382 2178 3575 2218 conse-

1985 2260 2128 2313 (ιι-εινί
2167 2259 2268 2314 hoc
2295 2259 2445 2325 Deo;
2474 2277 2540 2316 ne
2589 2261 2727 2321 ultra
2760 2273 2972 2327 quaeras
3029 2259 3142 2327 jam
3189 2259 3432 2312 oblatum
3472 2258 3576 2310 llo-

1987 2351 2153 2404 mino.
2184 2350 2356 2419 Igitur
2386 2352 2466 2408 sic
2498 2352 2847 2422 decipiebant
2886 2366 3103 2421 pueros,
3139 2361 3194 2405 et
3241 2350 3404 2406 simul
3441 2365 3578 2418 per-

1985 2445 2292 2497 suadebant
2329 2446 2410 2498 eis
2451 2453 2508 2503 ut
2547 2455 2944 2500 consecrarent
2985 2443 3215 2497 Domino
3247 2458 3368 2512 qua:
3403 2442 3575 2496 habe-

1989 2542 2111 2587 rent
2142 2520 2154 2586 ὲ
2187 2549 2296 2600 quo
2327 2543 2583 2604 parentes
2613 2534 2886 2590 faciebant
2921 2534 3218 2598 contemni,
3248 2533 3350 2597 ipsi
3387 2541 3569 2585 autem

1989 2626 2321 2681 devorabant
2358 2629 2465 2683 Deo
2500 2639 2742 2682 sacrata.
2776 2622 3072 2694 Propterea
3109 2626 3293 2694 arguit
3338 2639 3431 2679 eos
3477 2623 3582 2677 Do-

1990 2718 2189 2786 minus,
2228 2721 2371 2791 quod
2406 2730 2628 2792 propter
2655 2721 2865 2776 lucrum
2898 2717 3378 2789 transgrediuntur
3408 2715 3579 2786 legem

1988 2809 2106 2864 Dei.

2077 3079 2242 3138 Vens.
2285 3081 2478 3137 14-23.
2518 3101 2535 3134 ι
2579 3082 2644 3134 Ει
2686 3097 2806 3135 cum
2865 3083 3184 3137 advocasset
3217 3082 3390 3135 adse
3421 3090 3588 3134 totam

1995 3173 2229 3236 turbam,
2264 3173 2482 3228 dicebat
2505 3173 2610 3227 illis
2641 3193 2652 3224 :
2679 3173 2876 3227 Audite
2918 3187 3024 3236 ine,
3048 3187 3263 3236 omnes,
3291 3183 3349 3228 et
3390 3172 3591 3226 intelli-

1997 3263 2151 3334 gite:
2200 3264 2346 3319 Nihil
2396 3275 2482 3321 est
2509 3275 2668 3320 extra
2735 3262 3314 3320 hominem'introiens
3347 3266 3400 3320 in
3436 3280 3585 3327 eum,

1996 3357 2142 3426 quod
2166 3358 2338 3427 possit
2369 3371 2493 3411 eum
2551 3357 2879 3425 inquinare:
2945 3357 3039 3411 sed
3071 3372 3193 3426 qua:
3246 3359 3311 3411 de
3368 3357 3592 3410 homine

1999 3450 2326 3518 procedunt,
2385 3449 2478 3504 illa
2531 3458 2658 3504 sunt
2690 3465 2811 3519 quae
2855 3449 3147 3518 inquinant
3189 3449 3486 3503 hominem.
3535 3447 3592 3502 Si

1999 3539 2122 3608 quis
2155 3539 2318 3595 habet
2350 3555 2515 3594 aures
2580 3539 2647 3593 ad
2699 3539 3055 3605 audiendum,
3105 3538 3316 3593 audiat.
3356 3537 3424 3592 Et
3469 3553 3591 3593 cum

2000 3630 2262 3687 intrasset
2303 3632 2357 3686 in
2387 3633 2614 3686 domum
2643 3643 2890 3687 semotus
2917 3646 2943 3684 a
2973 3631 3154 3697 turba,
3185 3634 3597 3702 interrogabant

2000 3735 2127 3776 eum
2159 3722 2412 3792 discipuli
2447 3722 2584 3804 ejus.
2608 3723 2674 3776 de
2706 3721 2989 3791 parabola.
3027 3720 3092 3775 Et
3130 3723 3202 3774 ait
3241 3721 3348 3808 illis
3386 3740 3400 3775 :
3440 3723 3591 3774 Adeo

2001 3824 2059 3870 et
2101 3830 2200 3880 vos
2257 3809 2615 3886 intelligentia
2673 3815 2918 3868 caretis?
2970 3813 3221 3867 Nondum
3295 3813 3598 3887 intelligitis

2002 3910 2146 3978 quod
2184 3922 2348 3963 omne
2379 3905 2514 3962 foris
2555 3908 2821 3963 introieus
2848 3907 2901 3962 in
2929 3907 3232 3972 hominem,
3270 3923 3380 3962 non
3411 3917 3596 3979 potest

2002 4014 2124 4052 eum
2166 3998 2479 4068 inquinare,
2510 3998 2638 4068 quia
2673 4013 2781 4052 non
2834 3999 3002 4052 intrat
3037 3999 3088 4053 in
3122 4013 3218 4053 cor
3244 4001 3386 4068 ejus,
3415 4001 3512 4053 sed
3541 4000 3594 4054 in

2003 4098 2270 4154 ventrem,
2322 4101 2377 4144 et
2424 4091 2474 4142 in
2525 4105 2803 4144 secessum
2857 4092 2990 4158 exit,
3051 4105 3354 4162 repurgans
3407 4105 3598 4148 omnes

2002 4181 2192 4238 escas?
2221 4180 2446 4237 Dicebat
2478 4192 2660 4236 autem
2689 4200 2702 4236 :
2740 4179 2894 4248 Quod
2950 4182 3018 4236 ab
3047 4182 3267 4237 homine
3303 4183 3435 4245 exit,
3469 4183 3599 4237 illud

2005 4277 2259 4346 inquinat
2303 4275 2606 4329 hominem.
2639 4273 2722 4328 Ab
2760 4272 3116 4328 interioribus
3149 4272 3293 4327 enim
3335 4273 3403 4342 de
3431 4273 3596 4328 corde

2005 4368 2288 4422 hominum
2319 4366 2875 4436 malaencogitationes
2923 4366 3249 4436 procedunt,
3299 4367 3594 4432 adulteria,

2004 4468 2215 4528 stupra,
2258 4423 2769 4524 homicidiaJurta,
2815 4458 3085 4524 avaritiae,
3125 4459 3366 4522 fraudes,
3413 4459 3592 4522 dolus,

310 4556 476 4612 κακοὶ
507 4553 927 4625 ἐκπορεύονται,
965 4556 1228 4623 μοιχεῖαι,
1261 4553 1533 4622 πορνεῖαι,
1565 4553 1731 4621 φόνοι,
1773 4552 1899 4605 κλοι-

1968 4551 2371 4622 ,ἰηιριιόίοἰιίο,
2425 4550 2602 4608 malus
2634 4551 2849 4617 oculus,
2904 4551 3268 4620 blasphemia,
3315 4553 3593 4622 superbia,

311 4649 435 4710 παὶ,
475 4643 804 4707 πλεονεξίαι,
835 4644 1120 4712 πονηρίαι,
1148 4641 1322 4705 δόλος,
1374 4640 1654 4711 ἀσέλγεια,
1691 4641 1897 4710 ὀφθαλ-

314 4741 413 4811 μὸς
446 4737 706 4809 πονηρὸς,
767 4734 1110 4806 βλασφημία,
1162 4735 1537 4806 ὑπερηφανία,
1587 4736 1892 4808 ἀφροσύνηο

313 4836 493 4888 πάντα
521 4830 696 4884 ταῦτα
729 4830 800 4885 τὰ
849 4829 1062 4907 πονηρά
1116 4827 1322 4882 ἔσωθεν
1369 4829 1755 4900 ἐκπορεύεται,
1807 4830 1901 4883 καὶ

312 4923 486 4977 κοινοῖ
537 4921 630 4973 τὸν
670 4919 978 4990 ἄνθρωπον.
1019 4937 1038 4970 ι
1092 4918 1152 4971 '0
1197 4918 1403 4985 Κύριος
1453 4918 1725 4972 διδάσκων
1773 4920 1901 4984 τοὺς
1958 4913 1968 4934 ³

311 5015 634 5085 ἀνθρώπους
667 5013 751 5067 ὅτι
785 5013 852 5067 τά
878 5011 989 5065 τῶν
1017 5010 1331 5082 βρωμάτων
1366 5013 1821 5084 παρατηρήματα
1865 5011 1901 5067 ἀ

309 5110 344 5161 ὁ
369 5107 531 5178 νόμος
571 5103 907 5176 διαγορεύει,
951 5105 1053 5156 οὐκ
1086 5102 1378 5172 ὀφείλομεν
1445 5106 1588 5158 νοεῖν
1655 5121 1898 5174 σωματι-

311 5201 448 5266 κῶς,
500 5199 730 5270 ἄρχεται
781 5197 1036 5252 ἐντεῦθεν
1071 5195 1484 5251 ἀποκαλύπτειν
1533 5199 1778 5268 μετρίως
1835 5198 1900 5251 τὸ

309 5291 405 5346 τοῦ
438 5293 603 5362 νόμου
633 5290 900 5361 βούλημα.
941 5288 1052 5344 Καί
1079 5303 1244 5357 φησιν
1270 5288 1353 5342 ὅτι
1387 5287 1541 5342 οὐδὲν
1574 5289 1683 5341 τῶν
1710 5290 1900 5344 είσποο

314 5383 624 5453 ρευομένων
647 5381 872 5435 δύναται
905 5381 1191 5449 κοινῶσαι,
1218 5384 1489 5451 τουτέστι,
1527 5386 1721 5454 μιᾶναί
1755 5404 1899 5453 τινα,

313 5474 451 5526 ἀλλὰ
484 5473 553 5526 τά
584 5473 998 5544 ἐκπορευόμενα
1026 5475 1090 5527 ἐκ
1134 5475 1236 5544 τῆς
1285 5476 1537 5546 καρδίας,
1574 5478 1759 5532 ἐκείνά
1794 5481 1901 5532 είσι

314 5565 384 5616 τὰ
423 5564 733 5634 μιαίνοντα,
770 5565 866 5618 καὶ
913 5565 1203 5633 καταλέγει
1233 5567 1431 5621 ταῦτα.
1472 5567 1787 5640 Ὀφθαλμὸν
1847 5571 1902 5624 δὲ

317 5657 550 5725 πονηρόν
595 5674 784 5726 φησιν,
833 5658 865 5728 ἦ
926 5657 1020 5712 τὸν
1066 5658 1282 5727 φθόνον,
1339 5661 1372 5730 ἢ
1429 5661 1529 5729 τὴν
1571 5662 1900 5716 ἀκολασίαν·

315 5751 408 5802 καὶ
461 5748 570 5818 γὰρ
626 5751 721 5802 καὶ
783 5751 811 5803 ό
866 5750 1100 5820 φθονῶν.
1159 5751 1441 5822 ὀφθαλμὸν
1502 5754 1742 5823 πονηρὸν
1809 5756 1902 5808 καὶ

321 5842 588 5896 Ξάσκανον
619 5841 902 5896 ἐπιϐάλλει
950 5842 1026 5899 τῶ
1050 5842 1402 5911 φθονουμένῳ
1431 5861 1441 5874 ·
1480 5846 1575 5900 καὶ
1600 5845 1901 5911 ἀκόλαστος

2006 4643 2235 4698 stultitia
2272 4662 2285 4699 :
2323 4643 2508 4698 omnia
2538 4643 2655 4700 haec
2688 4642 2831 4698 mala
2869 4643 2937 4698 ab
2974 4643 3221 4697 internis.
3268 4647 3593 4712 procedunt,

2005 4747 2060 4791 et
2090 4737 2763 4806 coinquinanthominem.
2801 4755 2820 4789 ι
2840 4737 3100 4791 Dominus
3116 4738 3316 4791 docens
3346 4739 3596 4794 homines

2004 4829 2150 4908 quod
2183 4829 2431 4883 ciborum
2465 4828 2882 4885 observationes
2913 4842 3050 4896 quas
3083 4828 3165 4881 lex
3189 4829 3456 4897 prmeipit,
3487 4844 3592 4885 non

2007 4921 2306 4976 debeamus
2335 4921 2698 4991 corporaliter
2725 4919 3050 4989 intelligere,
3103 4919 3294 4990 incipit
3346 4922 3446 4974 hoc
3481 4921 3598 4975 loco

1968 5009 1973 5015 ’
2005 5011 2143 5082 legis
2179 5023 2414 5070 mentem
2444 5013 2679 5082 aperire,
2733 5013 2920 5067 dicens
2955 5051 2970 5074 ,
3011 5011 3147 5065 nihil
3189 5013 3332 5080 quod
3359 5013 3599 5084 ingredi-

2008 5115 2120 5168 tur,
2155 5098 2315 5175 posse
2365 5119 2713 5160 communem
2767 5103 2968 5168 l'acerc,
3019 5104 3122 5158 hoc
3175 5113 3260 5158 est
3307 5106 3597 5173 inquinare

2007 5199 2324 5274 quempiam
2353 5216 2366 5253 :
2401 5198 2495 5255 sed
2534 5213 2597 5253 ca
2623 5214 2741 5267 qua:
2779 5197 3139 5268 egrediuntur
3163 5198 3228 5252 de
3259 5199 3445 5251 corde.
3503 5197 3595 5250 Illa

2007 5289 2156 5346 enim
2179 5299 2306 5344 sunt
2340 5304 2461 5360 quae
2493 5289 2805 5358 inquinant,
2832 5296 2886 5340 et
2915 5295 3199 5342 enumerat
3244 5302 3328 5341 ea.
3369 5286 3597 5342 Oculum

2007 5382 2210 5437 malum
2271 5382 2450 5452 inquit
2499 5381 2584 5436 vel
2624 5380 2905 5444 invidiam,
2945 5380 3027 5434 vel
3068 5379 3591 5448 intemperantiam:

2007 5475 2208 5530 etenim
2261 5472 2478 5529 invidus
2511 5471 2727 5526 oculum
2757 5471 2956 5524 malum
2983 5479 3038 5525 et
3079 5469 3349 5525 fascinum
3387 5469 3594 5523 immit-

2011 5567 2073 5621 tit
2099 5567 2150 5620 in
2184 5581 2307 5620 eum
2332 5566 2419 5631 cui
2448 5563 2659 5619 invidet
2692 5603 2705 5629 ,
2743 5572 2799 5617 et
2831 5564 3201 5632 intemperans
3253 5575 3347 5632 per
3380 5559 3597 5615 oculum

2009 5660 2222 5724 videns,
2266 5658 2469 5713 malum
2510 5659 2764 5712 accersit.
2815 5655 3218 5727 Blaspbemiam
3252 5666 3427 5708 autem
3468 5654 3598 5708 dicit

2011 5755 2310 5808 convicium
2370 5752 2424 5806 in
2487 5751 2677 5815 Deum,
2738 5760 2794 5804 ut
2852 5751 2896 5803 si
2976 5751 3098 5820 quis
3182 5749 3327 5803 dicat
3384 5767 3397 5800 :
3482 5746 3598 5801 Non

2008 5857 2089 5904 est
2118 5846 2478 5915 providentia,
2518 5846 2618 5900 hoc
2641 5843 2978 5913 blasphemia
3010 5852 3128 5909 est;
3158 5853 3209 5899 et
3240 5843 3362 5898 ideo
3410 5857 3601 5911 snper-
