4298 6446
771 414 881 480 563

1692 404 2272 469 THEOPHYLACTI
2312 404 2721 469 BULGARLE
2759 405 3112 467 ARCHIEP.

3919 403 4032 468 564

773 526 917 579 binm
964 526 1145 576 statim
1188 517 1468 592 subjungit
1508 516 1759 587 superbia
1783 515 1927 571 enim
1948 522 2031 569 est
2051 527 2203 593 quast
2230 526 2356 566 con-
2384 522 2425 577 Α
2456 516 2470 568 ί

2335 542 2356 552 -
2384 522 2425 577 Α
2456 516 2543 569 διὰ
2587 514 2680 568 τοῦ
2722 515 3003 587 ὀφθαλμοῦ
3063 514 3208 587 όρῶν
3266 514 3329 569 τδ
3377 515 3615 587 πονηρὴν
3674 515 4032 587 μετέρχεται.

779 624 1010 682 temptas
1027 610 1138 671 Del,
1160 610 1378 679 quando
1393 610 1517 678 quis
1533 609 1731 662 bonum
1754 614 2029 674 operatur,
2048 614 2100 658 et
2121 604 2222 657 boe
2247 618 2353 658 non

742 700 997 765 _sscribit
1059 697 1189 765 Deo,
1241 700 1333 753 sed
1366 697 1603 767 propria
1646 697 1857 750 virtuti.
1895 692 2144 749 Stultitia
2173 702 2355 746 autem

2454 606 2810 677 Βλασφημίαν
2830 608 2886 660 δὲ
2909 607 3077 676 λέγει,
3103 608 3206 677 τὴν
3240 609 3322 671 είς
3364 607 3497 661 Θεὸν
3540 606 3719 677 ὕϐριν,
3753 602 3868 660 οἷον
3897 608 4038 661 ὅταν

2454 700 2587 771 λέγῃ
2616 716 2699 762 τις
2732 700 2815 753 ὅτι
2848 701 2969 753 Οὐκ
3003 700 3121 754 ἐστι
3167 700 3418 770 πρόνοια,
3456 699 3619 753 τοῦτο
3675 698 4029 770 βλασφημία·

778 793 1083 847 convicium
1114 790 1264 845 estin
1315 788 1601 854 homines;
1638 801 1826 843 omnes
1880 785 1985 841 illa
2031 784 2351 840 aﬂ’ectiones
2444 790 2474 842 δ

2339 799 2351 839 t
2444 790 2526 843 διδ
2599 792 2955 845 ἐπισυνάπτει
3017 791 3115 862 τὴν
3182 792 3565 862 ὑπερηφανίαν
3591 808 3613 838 .·
3678 791 4036 861 ὑπερηφανία

776 883 1129 951 coinquinant
1174 879 1634 949 animam,,207
1691 880 2109 945 scatnrluntque
2159 891 2223 930 ex
2258 876 2347 931 illa
2443 899 2473 951 γ

2340 894 2347 930 ι
2443 883 2550 954 γάρ
2581 885 2727 937 ἐστιν
2752 884 2953 936 ὡσανεὶ
2981 883 3387 955 καταφρόνησις
3408 882 3567 947 Θεοῦ,
3592 884 3721 936 ὅταν
3757 899 3843 945 τις
3860 884 4037 951 ἐργα-

777 984 832 1025 οι
864 974 1237 1042 egrediuntur.
1278 970 1558 1026 Caeterum
1587 970 1758 1024 turbae
1803 969 2090 1024 obscurius
2134 968 2346 1023 locutus

774 1074 857 1118 est
887 1060 1025 1117 Deus
1059 1075 1074 1120 :
1100 1062 1303 1118 idcirco
1334 1070 1390 1117 et
1422 1062 1635 1118 dicebat
1668 1079 1682 1115 :
1720 1059 1821 1127 Qui
1850 1060 2015 1115 habet
2058 1074 2222 1115 aures
2248 1074 2346 1114 au-

774 1156 975 1219 diendi,
1010 1158 1217 1221 audiat,
1244 1158 1346 1214 hoc
1374 1157 1477 1223 ést,
1519 1156 1834 1227 lntelligens
1880 1156 2161 1225 intelligat.
2199 1154 2343 1225 Apo—

774 1248 900 1301 stoli
932 1259 1110 1304 autem
1154 1250 1475 1321 profundius
1524 1249 1784 1319 quiddam
1835 1249 2017 1303 dicere
2055 1248 2339 1323 Dominum

774 1341 1173 1405 existimarunt,
1203 1353 1255 1396 et
1276 1348 1548 1401 accedunt
1582 1350 1638 1397 et
1692 1339 2139 1411 interrogant’de
2184 1354 2343 1409 para-

771 1430 915 1494 bola,
966 1432 1069 1487 boc
1117 1443 1199 1489 est
1257 1433 1613 1490 obtenebrato
1668 1422 1724 1486 et
1776 1432 2011 1487 obscuro
2067 1445 2337 1487 sermone.

771 1506 1038 1577 Parabola
1095 1526 1237 1579 enim
1268 1540 1449 1581 sermo
1497 1532 1581 1580 est
1636 1525 1977 1580 tenebrosus.
2014 1525 2079 1579 Et
2106 1524 2340 1594 primum

770 1614 986 1680 quidem
1031 1616 1327 1686 increpavit
1366 1632 1459 1673 eos
1487 1618 1673 1672 dicens
1704 1634 1718 1671 :
1762 1614 1979 1673 Siccine
2006 1625 2059 1671 et
2099 1630 2195 1671 vos
2221 1616 2340 1671 sine

771 1704 1047 1761 intellectu
1081 1707 1251 1761 estis?
1273 1707 1467 1762 deinde
1495 1708 1654 1762 solt-it
1682 1708 1823 1775 quod
1856 1710 2107 1779 angebat.

2447 976 2681 1045 σάμενός
2713 991 2767 1028 τι
2799 974 3026 1042 ἀγαθὸν,
3072 974 3135 1027 οὐ
3167 973 3247 1044 τῷ
3275 973 3395 1043 Θιῷ
3443 973 3811 1043 ἐπιγράφεται
3843 971 4033 1031 τοῦτο.

2450 1064 2588 1119 ἀλλὰ
2610 1068 2676 1136 τῇ
2696 1064 2876 1135 eluta
2905 1064 3151 1134 δυνάμει.
3191 1062 3532 1134 ’Δφροσύνην
3564 1062 3623 1116 δέ
3646 1062 3778 1125 νόει,
3805 1060 3912 1133 τὴν
3952 1063 4041 1124 εἰς

2449 1156 2772 1226 ἀνθρώπους
2801 1155 2979 1228 ὖδριν.
3021 1156 3207 1211 Πάντα
3239 1146 3335 1210 οὖν
3384 1154 3560 1209 ταῦτα
3591 1154 3659 1207 τὰ
3690 1152 3840 1221 πάθη
3880 1152 4041 1221 μιαί-

2454 1266 2605 1303 νουσι
2659 1250 2757 1319 τὴν
2790 1248 2990 1321 ψυχὴν,
3017 1248 3075 1315 ἐξ
3103 1249 3275 1317 αὐτῆς
3318 1246 3636 1317 πηγάξοντα
3663 1248 3757 1302 καὶ
3800 1247 4041 1316 ἐξερχό-

2454 1354 2613 1406 μενα.
2654 1339 2800 1409 Πρὸς
2830 1339 2926 1408 μὲν
2977 1332 3070 1391 οὖν
3099 1336 3193 1393 τὸν
3242 1336 3402 1408 δχλον
3449 1336 3826 1406 ἀσαφέστερον
3874 1329 4039 1387 εἶπεν

2448 1431 2478 1484 ό
2507 1430 2737 1501 Κύριος,
2774 1430 2855 1485 διδ
2904 1429 3000 1486 καὶ
3052 1429 3272 1497 ιλιγὶν·
3323 1428 3383 1482 '0
3431 1428 3574 1499 ἔχων
3622 1420 3739 1486 ὦτα
3785 1426 4035 1490 ἀκούειν,

2450 1520 2729 1586 ἀκουέτω·
2756 1521 3056 1585 τουτέστιν,
3088 1521 3149 1577 '0
3172 1518 3309 1575 νοῶν
3336 1510 3550 1575 νοείτω.
3575 1520 3701 1583 Τοῖς
3723 1518 4035 1572 δδάποστό-

2448 1610 2559 1675 λοις
2592 1612 2848 1683 νομίσασι
2883 1612 3183 1684 βαθύτερόν
3223 1629 3276 1666 τι
3307 1604 3493 1681 λέγειν
3521 1611 3616 1665 τὸν
3645 1609 3871 1680 Κύριον,
3937 1609 4038 1661 καὶ

2448 1703 2808 1776 προσελθοῦσι
2862 1705 2957 1758 καὶ
3016 1703 3267 1776 ἐρωτῶσι
3322 1704 3452 1774 περὶ
3519 1702 3623 1773 τῆς
3678 1698 4033 1772 παραϐολῆς,

769 1796 1036 1862 τουτέστι,
1066 1798 1158 1851 τοῦ
1184 1799 1456 1853 σκοτεινοῦ
1486 1800 1667 1867 λόγου,
1703 1798 2014 1870 (παραϐολὴ
2047 1799 2155 1867 γάρ
2189 1800 2339 1851 ἐστιν
2396 1797 2425 1849 ό
2483 1795 2755 1861 σκοτεινὸς
2811 1794 2989 1869 λόγος)
3025 1796 3243 1867 πρῶτον
3280 1795 3382 1866 μὶν
3418 1792 3777 1865 ἐπετίμησεν,
3835 1789 4034 1845 εἰπών’

769 1891 929 1945 Οὕτω
981 1894 1073 1947 καὶ
1123 1895 1282 1963 ὑμεῖς
1347 1895 1599 1948 ἀσύνετοί
1642 1897 1799 1961 ἐστε;
1856 1892 1973 1947 εῐτα
2016 1894 2226 1947 διέλυσε
2290 1891 2352 1946 τὸ
2389 1892 2617 1963 ἄπορον.

844 1982 1009 2038 Vens.
1041 1984 1223 2040 24-50.
1262 2005 1280 2038 ι
1323 1985 1389 2040 Et
1422 2003 1543 2041 cum
1578 1988 1700 2044 inde
1726 1988 2077 2050 surrexisset,
2124 1987 2257 2041 abiit
2288 1987 2340 2041 in
2373 1991 2420 2051 B
2521 1988 2541 2042 1

2373 1991 2420 2051 Β
2521 1988 2635 2042 Kal
2685 1987 2899 2043 ἐκεῖθεν
2938 1986 3200 2050 ἀναστάς,
3254 1984 3500 2056 ἀπῆλθεν
3536 1985 3617 2048 είς
3676 1984 3745 2037 τὰ
3798 1982 4037 2053 μεθόρια

769 2072 1004 2128 conﬁnia
1061 2074 1188 2146 Tyri
1244 2086 1295 2131 et
1357 2076 1573 2132 Sidonis
1621 2087 1738 2147 :et
1766 2076 2048 2147 ingressus
2102 2078 2340 2140 domum,

770 2169 1041 2223 neminem
1096 2170 1263 2225 voluit
1317 2171 1483 2234 scire,
1534 2184 1631 2225 nec
1685 2171 1861 2240 potuit
1893 2170 2082 2226 latere.
2140 2169 2337 2225 Mulier

767 2262 912 2315 enim
945 2264 1126 2317 statim
1164 2274 1220 2319 ut
1247 2265 1453 2321 audivit
1476 2265 1542 2320 de
1583 2280 1669 2332 eo,
1712 2264 1868 2334 cujus
1906 2264 2068 2319 ﬁliola
2112 2264 2347 2319 habebat

766 2351 1018 2419 spiritum
1043 2354 1401 2419 immundum,
1438 2356 1586 2411 venit
1638 2365 1694 2410 ct
1724 2356 1920 2411 accidit
1943 2357 2008 2410 ad
2038 2358 2201 2426 pedes
2228 2360 2344 2424 ejus

768 2442 1097 2509 (eratantem
1123 2446 1313 2501 mulier
1328 2447 1511 2503 Grmca
1529 2446 1944 2519 Syropbrnnissa
1971 2448 2048 2521 (a)
2080 2451 2336 2520 genere).

768 2545 821 2586 et
856 2538 1078 2604 rogabat
1104 2552 1225 2592 eum
1260 2550 1316 2592 ut
1347 2542 1668 2595 daemonium
1710 2541 1935 2609 ejiceret
1984 2543 2049 2596 de
2079 2542 2185 2596 lilia
2213 2560 2330 2599 sua.

764 2625 923 2682 Jesus
958 2640 1138 2683 autem
1191 2629 1331 2684 dixit
1366 2632 1439 2685 illi
1480 2650 1492 2686 :
1530 2633 1661 2688 Sine
1698 2634 1848 2703 prius
1880 2635 2114 2688 saturari
2159 2635 2296 2690 lilios
2327 2655 2339 2691 :

769 2731 872 2770 non
905 2726 989 2771 est
1036 2719 1182 2776 enim
1225 2719 1512 2776 honestum
1565 2737 1783 2779 sumere
1837 2738 2031 2791 panem
2083 2724 2340 2792 filiorum,

766 2819 819 2860 (Ἰ.
848 2810 1115 2879 projicere
1137 2812 1364 2867 catellis.
1398 2815 1461 2868 At
1520 2814 1607 2868 illa
1656 2815 1937 2884 respondit
1976 2823 2029 2871 et
2056 2817 2186 2870 dicit
2215 2818 2289 2871 illi
2326 2837 2339 2871 :

766 2901 939 2956 Etiam
980 2903 1239 2969 Domine;
1278 2920 1401 2959 nam
1442 2907 1620 2961 catelli
1652 2922 1866 2977 quoque
1906 2909 2203 2964 comedunt
2235 2910 2335 2964 sub

768 3011 949 3048 mensa
985 2997 1050 3049 de
1080 2997 1234 3051 micis
1266 2996 1521 3054 filiorum.
1557 3000 1621 3053 Et
1650 3000 1725 3053 ait
1759 3000 1835 3054 illi
1870 3018 1883 3055 :
1917 2998 2147 3069 Propter
2173 3002 2335 3056 istum

764 3100 1071 3141 sermonem
1129 3089 1285 3152 vade,
1336 3092 1469 3145 exiit
1524 3093 1849 3147 daemonium
1904 3109 1932 3146 a
1990 3094 2095 3149 lilia
2135 3106 2246 3148 tua.
2276 3095 2343 3148 Et

763 3193 885 3231 cum
951 3179 1173 3234 abiisset
1219 3181 1441 3236 domum
1493 3198 1681 3251 suam,
1755 3178 1956 3254 reperit
2013 3187 2338 3241 daemonium

763 3269 980 3333 exiisse,
1035 3282 1091 3324 et
1156 3271 1319 3326 liliam
1350 3273 1618 3340 jacentem
1663 3290 1829 3345 super
1872 3278 2091 3334 lectum.
2126 3298 2144 3331 ›
2181 3279 2340 3336 Post--

2443 2080 2623 2152 Τύρου
2686 2080 2783 2134 καὶ
2838 2080 3102 2146 Σιδῶνος,
3147 2079 3242 2133 καὶ
3278 2077 3535 2132 είσελθὼν
3581 2078 3660 2139 εἰς
3700 2076 3901 2139 οἰκίαν,
3936 2075 4037 2126 οὐ⁴

2445 2171 2570 2226 δένα
2633 2172 2792 2244 ἧθελε
2866 2172 3091 2239 γνῶναι.
3173 2169 3284 2224 Καὶ
3355 2170 3457 2224 οὐκ
3510 2167 3756 2238 ἠδυνήθη
3820 2167 4032 2221 λαθεῖν.

2459 2261 2769 2316 Ἀκούσασα
2806 2262 2917 2333 γὰρ
2964 2263 3101 2331 γυνὴ
3132 2261 3262 2332 περὶ
3306 2258 3496 2325 αὑτοῦ,
3526 2254 3596 2331 ἦς
3627 2256 3741 2328 εἶχε
3768 2258 3828 2312 τὸ
3855 2258 4034 2324 θυγά-

2444 2370 2596 2425 τριον
2625 2353 2798 2424 αὐτῆς
2827 2352 3045 2424 πνεῦμα
3080 2352 3415 2425 ἀκάθαρτον,
3446 2352 3679 2405 ἐλθοῦσα
3710 2350 4031 2419 προσέπεσε

2447 2447 2584 2519 πρός
2646 2449 2773 2511 τοὺς
2809 2448 2977 2510 πόδας
3027 2446 3191 2501 αὑτοῦ
3231 2442 3319 2517 (ἦν
3364 2445 3422 2499 δὲ
3482 2447 3515 2516 ὴ
3567 2443 3707 2513 γυνὴ
3775 2440 4033 2512 Ἑλληνὶς

2446 2540 2839 2611 Συροφοίνισσα
2868 2540 2946 2610 τῷ
2963 2540 3162 2609 γένει),
3191 2542 3285 2592 καὶ
3306 2536 3496 2608 ἠρώτα
3524 2536 3688 2589 αὑτὸν
3711 2535 3798 2587 ίνα
3817 2532 3878 2586 τὸ
3911 2532 4033 2585 δαισ

2450 2631 2636 2701 μόνιον
2686 2630 2894 2702 exeam
2925 2634 2989 2684 ἐκ
3042 2631 3141 2699 τῆς
3196 2629 3466 2700 θυγατρὸς
3496 2628 3689 2697 αὐτῆς.
3733 2626 3790 2678 '0
3824 2624 3881 2677 δέ
3920 2622 4033 2689 ’1η-

2447 2722 2574 2785 σοῦς
2616 2718 2770 2776 εἶπεν
2801 2724 2974 2791 αὑτῇ⁴
3035 2723 3204 2790 Ἀρες
3245 2720 3463 2792 πρῶτον
3530 2715 3907 2791 χορτασθῆναι
3960 2714 4031 2767 τὰ

2444 2814 2610 2867 τέκνα
2649 2828 2661 2842 °
2697 2814 2757 2866 οὐ
2793 2812 2904 2883 γὰρ
2956 2813 3121 2867 καλόν
3176 2815 3291 2866 ἐστι
3350 2811 3537 2866 λαϐεῖν
3579 2812 3685 2874 τὸν⁴
3718 2809 3882 2878 ἄρτον
3916 2807 4032 2859 τῶν

2442 2907 2668 2969 τέκνων,
2701 2908 2794 2959 καὶ
2842 2907 3028 2978 βαλεῖν
3051 2910 3164 2970 τοῖς
3195 2907 3495 2987 κυναρίοις.
3545 2904 3609 2958 Ἢ
3639 2904 3698 2957 δέ
3724 2901 4031 2972 ἀπεκρίθη,

2444 2999 2539 3052 καὶ
2586 2999 2734 3067 λέγει
2766 2999 2947 3070 αὐτῷ’
2986 2997 3117 3061 Ναὶ,
3145 2998 3320 3071 Κύριε
3352 3015 3366 3030 ⁸
3394 3000 3485 3051 καὶ
3531 2996 3639 3069 γὰρ
3687 2995 3754 3050 τὰ
3792 2994 4033 3063 κυνάρια

2445 3090 2706 3145 ὑποκάτω
2757 3089 2858 3161 τῆς
2891 3091 3171 3163 τραπέζης
3208 3091 3381 3144 ἐσθίει
3415 3089 3523 3143 ἀπὸ
3552 3088 3663 3142 τῶν
3690 3087 3890 3157 ψιχίων
3922 3084 4032 3138 τῶν

2447 3183 2698 3238 παιδίων.
2741 3184 2849 3237 Καὶ
2897 3178 3053 3236 εἶπεν
3109 3184 3287 3255 αὐτῇ·
3331 3181 3430 3235 Διὰ
3468 3179 3659 3234 τοῦτον
3704 3180 3796 3232 τὸν
3842 3177 4028 3245 λόγον,

2447 3274 2647 3342 ὕπαγε,
2681 3274 2971 3345 ἐξελήλυθε
3001 3274 3063 3327 τὸ
3090 3273 3370 3343 δαιμόνιον
3395 3274 3457 3326 ἐκ
3479 3276 3577 3345 τῆς
3599 3270 3873 3341 θυγατρός
3907 3286 4028 3322 σου.

759 3374 924 3429 quam
947 3362 1012 3417 de
1038 3362 1177 3418 cibis
1210 3364 1425 3420 locutus
1464 3376 1547 3421 est
1584 3367 1868 3432 Dominus,
1898 3378 1953 3423 et
1986 3369 2119 3423 vidit
2162 3371 2338 3425 incre-
2367 3340 2411 3401 Ο
2446 3369 2456 3420 1

2335 3401 2338 3409 ν
2367 3340 2411 3401 C
2446 3340 2905 3421 Καὶήάπελθοῦσα
2936 3368 3017 3430 είς
3048 3366 3142 3420 τὸν
3168 3340 3317 3423 οἶκον
3348 3340 3543 3436 αὐτῆς,
3574 3340 3792 3435 εὖρεστδ
3837 3363 4032 3431 δαιμό-

762 3455 917 3508 dulos
940 3453 1175 3519 Judzeos,
1203 3458 1419 3512 transiit
1443 3460 1497 3513 in
1534 3461 1812 3527 gentilium
1842 3462 1996 3516 lines.
2032 3461 2166 3517 Nam
2215 3480 2335 3518 cum
2444 3478 2459 3513 ι

2331 3484 2335 3516 ι
2444 3475 2557 3513 νιον
2598 3458 3064 3530 ἐξεληλυθδς,,καῖ
3103 3458 3202 3529 τὴν
3243 3458 3521 3529 θυγατέρα
3547 3454 3893 3529 βεϐλημένην
3933 3455 4028 3506 ἐπὶ

762 3546 1031 3599 increduli
1063 3557 1244 3602 essent
1268 3547 1462 3613 Judaei,
1494 3550 1640 3606 salus
1697 3552 1875 3608 futura
1911 3564 2032 3609 erat
2064 3556 2333 3625 gentium.
2441 3568 2459 3602 ἰ

2320 3597 2333 3611 .
2441 3552 2542 3620 τῆς
2570 3551 2779 3623 κλίνης.
2809 3572 2826 3603 ι
2858 3551 3009 3605 Μεθὸ
3034 3552 3164 3622 περὶ
3192 3550 3301 3606 τῶν
3326 3550 3634 3622 βρωμάτων
3658 3544 3813 3601 εἶπεν
3846 3550 3877 3601 ό
3900 3545 4017 3598 Kri-

759 3636 825 3689 Et
862 3637 975 3706 ipse
1016 3638 1248 3707 primum
1286 3641 1535 3709 qumsivit
1563 3642 1749 3708 latere,
1778 3655 1839 3699 ut
1871 3660 1939 3699 ne
1967 3645 2201 3700 habeant
2245 3644 2341 3700 Ju-
2448 3664 2456 3714 ι

2332 3676 2341 3689 ι
2448 3661 2583 3714 ριος,
2620 3646 2713 3698 καὶ
2742 3643 2882 3698 εἶδεν
2912 3644 3275 3707 ἀπειθοῦντας
3320 3646 3447 3706 τοὺς
3509 3642 3816 3705 Ἰουδαίους,
3859 3656 4029 3711 μετα⁴

758 3729 856 3780 dmi
886 3738 1070 3796 postea
1112 3747 1218 3799 quo
1278 3736 1492 3803 possint
1546 3736 1719 3803 ipsum
1768 3751 2050 3806 accusare,
2094 3741 2236 3810 quod
2274 3742 2339 3795 ad
2444 3740 2455 3787 4

2333 3742 2339 3795 l
2444 3737 2623 3790 ϐαίνει
2670 3737 2767 3790 ἐπὶ
2830 3738 2896 3789 τὰ
2946 3737 3053 3790 τῶν
3103 3735 3336 3789 ἐθνικῶν
3375 3735 3520 3807 ὅρια.
3578 3732 4030 3803 Ἀπιστησάντων

760 3820 1064 3876 immundas
1128 3833 1316 3893 gentes
1372 3830 1737 3899 pgrazcnrrerit.
1782 3828 1897 3883 Non
1937 3833 2109 3899 potuit
2160 3842 2336 3887 tamen

757 3909 926 3964 latere
962 3930 974 3964 :
1016 3928 1122 3966 non
1159 3915 1302 3967 enim
1350 3898 1464 3970 ﬁeri
1495 3926 1724 3984 poterat,
1774 3929 1887 3973 uta
1932 3898 2146 3976 nemine
2171 3938 2339 3992 agno-

758 4014 1024 4059 sceretur.
1082 4007 1278 4061 Mulier
1309 4009 1471 4077 igitur
1515 4026 1634 4077 qum
1674 4012 1921 4067 audierat
1952 4015 2017 4068 de
2045 4029 2130 4079 eo,
2157 4025 2337 4071 osten-

756 4096 834 4148 dit
866 4095 1100 4151 alacrem
1131 4098 1286 4152 fidem
1315 4116 1489 4165 suam,
1528 4110 1580 4154 et
1610 4113 1895 4171 propterea
1933 4104 2196 4161 Dominus
2231 4124 2335 4163 non

757 4188 943 4240 statim
982 4189 1220 4253 exaudit,
1278 4192 1371 4245 sed
1412 4203 1659 4248 moratur
1709 4204 1762 4249 et
1813 4196 1993 4252 diﬂ‘ert
2030 4201 2249 4264 donum,
2281 4212 2339 4256 ut

756 4278 1013 4331 osreudat
1075 4281 1317 4336 mulieris
1382 4284 1609 4337 solidam
1681 4286 1863 4355 ﬁdem,
1914 4304 2033 4358 quae
2090 4295 2338 4362 quamvis

753 4369 1117 4437 ablegarelnr,
1150 4377 1541 4442 perseveravit,
1578 4386 1635 4430 ut
1687 4390 1739 4433 et
1786 4396 1886 4435 nos
1914 4383 2189 4455 discamus
2225 4400 2332 4438 non

753 4464 933 4515 statim
970 4466 1181 4517 resilire
1213 4481 1332 4519 cum
1383 4483 1693 4536 precamur,
1739 4473 1782 4525 si
1826 4488 1933 4528 non
1967 4481 2148 4529 statim
2180 4489 2333 4531 voto-

754 4569 873 4605 rum
913 4556 1174 4611 l‘uerimns
1225 4570 1523 4627 compotes.
1563 4563 1655 4615 sccl
1717 4578 2129 4631 perseveremus
2162 4569 2339 4641 donec,

2442 3828 2551 3899 γὰρ
2590 3827 2702 3881 τῶν
2761 3829 3054 3891 Ἰουδαίων,
3102 3828 3135 3899 ἡ
3167 3828 3412 3897 σωτηρία
3444 3828 3557 3888 τοϊς
3592 3825 3804 3878 ἱθνεσιν
3829 3822 4026 3894 ἔμελλε

2441 3923 2717 3989 γενέσθαι.
2774 3920 2947 3982 Αὐτὸς
2997 3919 3183 3990 μέντοι
3235 3918 3668 3989 προηγουμένως
3729 3914 4028 3977 σπουδάζει

2449 4013 2655 4073 >αοεῖν,
2706 4013 2795 4065 ἵνα
2830 4014 2903 4082 μὴ
2937 4012 3133 4081 ἔχωσιν
3176 4012 3405 4082 ὕστερον
3435 4009 3715 4065 αἰτιᾶσθαι
3748 4007 3914 4059 αὑτὸν
3976 4008 4026 4058 οί

2455 4105 2721 4167 Ἰουδαῖοι,
2748 4104 2823 4168 ὡς
2853 4108 2931 4166 είς
2970 4104 3038 4157 τὰ
3065 4103 3363 4175 ἀκάθαρτα
3391 4103 3519 4172 ἐονη
3574 4098 4028 4169 προσδραμόντα.

2442 4197 2515 4251 Οὐ
2557 4197 2739 4268 μέντοι
2771 4197 3009 4267 ἠδυνήθη
3045 4196 3228 4250 λαθεῖν
3254 4212 3268 4227 ο
3302 4197 3363 4248 οὑ
3406 4197 3517 4265 γὰρ
3564 4193 3839 4262 ἐνεδέχετο
3866 4192 4031 4243 αὐτὸν

2441 4289 2643 4354 λαθεῖν,
2686 4292 2779 4343 καὶ
2822 4289 2897 4362 μὴ
2930 4291 3082 4361 παρά
3107 4308 3252 4353 τινος
3288 4290 3597 4358 γνωσθῆναι
3634 4287 3770 4357 (6:2).
3824 4285 3889 4338 Ἦ
3934 4281 4029 4337 οὖν

2440 4382 2577 4452 γυνὴ
2615 4383 2897 4435 ἀκούσασα
2931 4384 3043 4455 (62)
3075 4384 3205 4452 περὶ
3226 4382 3415 4447 αὑτοῦ,
3446 4382 3813 4435 ἐπιδείκνυται
3845 4383 4031 4432 πίστιν

2440 4474 2669 4543 θερμήν.
2725 4474 2824 4527 Διὰ
2871 4474 3033 4527 τοῦτο
3062 4471 3155 4528 οὖν
3198 4476 3295 4529 xal.
3332 4478 3359 4528 δ
3407 4473 3611 4543 Κύριος
3670 4474 3771 4525 οὐκ
3808 4472 4018 4533 εὐθέως

2438 4564 2733 4619 ὑπακούει.
2780 4566 2898 4619 ἀλλ’
2931 4567 3298 4621 άναδάλλεται
3332 4565 3432 4635 τὴν
3482 4564 3718 4634 δωρεὰν.
3756 4564 3847 4617 ἵνα
3876 4564 4027 4634 δεξξῃ

755 4647 1112 4713 accipiamus.
1148 4649 1415 4704 Prm'erca
1465 4666 1627 4706 canes
1662 4657 2174 4725 nominatgeutiles,
2211 4671 2329 4713 tan-
2362 4676 2452 4741 οη

2362 4684 2409 4741 D
2437 4660 2537 4725 τὴν
2577 4659 2675 4728 τῆς
2711 4659 2971 4726 γυναικὸς
3030 4660 3293 4731 ἐπίμονον
3329 4659 3537 4723 πίστιν,
3590 4658 3683 4711 καὶ
3731 4657 3811 4709 ὅτι
3849 4657 4028 4708 καίτοι

751 4754 913 4803 quam
948 4754 1145 4795 exosos
1168 4740 1368 4797 Iudaeis
1402 4743 1638 4798 habitos.
1688 4744 1888 4800 Panem
1940 4760 2117 4802 autem
2168 4751 2329 4805 bene-

750 4830 954 4894 ﬁcium,
1001 4837 1146 4901 quod
1196 4837 1397 4903 pueris,
1436 4836 1536 4890 hoc
1575 4848 1657 4891 est
1708 4838 1971 4906 Hebraeis,
2019 4855 2333 4913 segregarat

751 4922 914 4975 Dens.
960 4923 1229 4979 Beneficia
1296 4940 1475 4982 autem
1544 4928 1787 4985 llebrazis
1859 4931 2168 5000 impartitus
2228 4946 2328 4991 est.

757 5012 895 5067 Dicit
930 5015 1089 5079 igitur
1126 5019 1379 5075 Dominus
1420 5040 1430 5074 :
1468 5020 1583 5076 Non
1636 5034 1853 5091 Oportet
1893 5028 2124 5095 gentiles
2159 5032 2330 5098 parti-

750 5107 897 5174 cipes
921 5122 1040 5163 esse
1070 5111 1459 5166 beneﬁciorum
1491 5129 1609 5183 quae
1638 5114 1843 5172 Judzeis
1874 5119 2143 5175 destinata
2180 5131 2327 5176 sunt.

2433 4753 2902 4823 ἀποπεμπομένη,
2956 4753 3381 4824 προσκαρτερεῖ,
3444 4752 3533 4805 ἵνα
3590 4753 3686 4804 καὶ
3717 4751 3880 4821 ἡμεῖς
3920 4750 4027 4817 μά-

2434 4844 2616 4915 Θωμεν
2647 4846 2720 4915 μὴ
2754 4846 3043 4918 ἀποπηδᾷν
3074 4836 3235 4909 εὐθὺς
3260 4846 3390 4900 ὅταν
3436 4842 3727 4915 εὐξάμενοι
3762 4844 3839 4914 μὴ
3874 4845 4027 4895 αὐτί-

2433 4953 2506 5011 κα
2559 4938 2935 5008 τυγχάνωμεν,
2984 4940 3120 4994 ἀλλὰ
3194 4938 3703 5011 προααρτερῶμεν
3764 4937 3925 5005 ἄχρις
3964 4936 4027 4987 ἂν

2433 5008 2709 5100 λάϐωμεν.
2766 5034 2780 5059 '
2826 5033 3019 5105 mpm
3069 5033 3127 5085 δὲ
3172 5008 3584 5103 ὀνομάζειτους
3636 5030 3907 5093 ἐθνικοὺς,
3948 5030 4024 5093 ὡς

2438 5125 2666 5195 μιαροὺς
2716 5124 3011 5191 δουῦντας
3068 5128 3184 5192 τοῖς
3246 5127 3519 5191 Ἰουδαίοις
3548 5142 3561 5156 ο
3614 5125 3780 5194 ἄρτον
3816 5122 3894 5189 δὲ,
3932 5124 4028 5193 τὴν

1712 5256 1803 5315 Ex
1844 5255 2190 5317 collatione
2224 5255 2412 5318 codd.
2450 5260 2675 5323 Venet.
2711 5262 2774 5323 S.
2817 5263 3039 5325 Marci.

818 5376 1387 5457 (62l_f3_or_l.“26_:‘ruviq
1412 5382 1465 5457 δὲ
1504 5382 1755 5457 Ἑλληνὶς
1773 5386 1871 5451 μὲν
1894 5388 1987 5456 τὴν
2014 5387 2334 5457 θρησκείαν,

742 5448 893 5515 Σύρα
922 5448 1067 5529 δὲ’τῇ
1094 5448 1385 5520 διαλέκτῳ,
1404 5448 1717 5507 Φοινίκισσα
1746 5448 1797 5507 δέ
1821 5456 1895 5524 τῷ
1919 5448 2085 5524 γ’ἐνεί,
2106 5448 2230 5529 ¹ἦτοι
2259 5448 2335 5525 τῷ

746 5520 1203 5594 ἕΟνΞιΔζὶΦυίνιξεες
1245 5525 1351 5589 γὰρ
1385 5527 1432 5575 οἱ
1480 5526 1771 5578 Χαναναῖοι
1821 5520 2088 5594 ἐλέγοντο,
2134 5520 2235 5582 ’διὰ
2261 5520 2321 5582 τδ

748 5592 1083 5669 μητρόπολιν
1109 5592 1251 5659 ἔχειν
1279 5596 1376 5669 τὴν
1398 5596 1695 5665 Φοινίκην),
1731 5596 1868 5667 αὕτη
1892 5592 2174 5653 ἀκούσασα
2198 5619 2263 5653 πε
2276 5602 2328 5669 ρί

743 5662 933 5719 αιμτνλῦ,
976 5678 1027 5713 κ.
1063 5680 1109 5713 τ.
1146 5665 1193 5713 λ.
1238 5682 1253 5712 ι
1294 5662 1480 5719 Mulier
1515 5662 1717 5733 :llll-t‘ltl,
1757 5662 1939 5723 (limen
1973 5673 2190 5739 quidem
2230 5662 2323 5725 su-

2483 5392 2781 5465 erstitione,
2815 5394 2909 5448 sed
2939 5394 3197 5449 idiomate
3237 5392 3490 5465 Syra,_ac
3522 5405 3721 5462 genere
3748 5387 3974 5465 Pbmuix
4009 5407 4022 5440 :

2483 5407 2781 5456 ersutrone,
2815 5407 2909 5448 seu
2939 5407 3197 5449 rutomate
3237 5407 3397 5465 Syra,
3427 5407 3490 5445 ac
3522 5407 3721 5462 genere
3750 5407 3974 5442 rnmurx
4009 5407 4022 5440 :

2441 5407 2726 5540 Rhmnices
2758 5467 2901 5519 enim
2919 5466 3226 5540 _(‘._hananaai
3277 5462 3617 5540 dicebantur,
3653 5461 3795 5528 quod
3827 5471 4028 5540 metm-

2433 5535 2600 5659 golim
2626 5537 2889 5590 baberent
2918 5536 3255 5593 Phoenicem.
3286 5535 3410 5590 Haec
3431 5535 3594 5603 igitur
3618 5548 3739 5585 cum
3761 5530 4023 5584 audiisset

2470 5621 2499 5660 e
2520 5620 2606 5661 eo.
2646 5624 2665 5657 ι
2698 5616 2805 5661 etc.

2470 5620 2606 5672 eeo,
2646 5624 2665 5657 ι
2698 5620 2805 5665 etc.

818 5776 973 5843 (α)1ιι
1006 5779 1130 5829 edit.
1191 5778 1310 5830 Lut.
1360 5780 1527 5841 deost.
1602 5784 2017 5852 .‘Supegofztsn,
2067 5790 2147 5841 vel
2223 5789 2512 5859 Συροφοίνι

2320 5789 2684 5859 ὶυςροίνικιςσα
2747 5799 2807 5845 ut
2880 5788 3017 5860 apud
3069 5786 3121 5842 Ι.
3193 5785 3418 5840 lllillium
3480 5785 3531 5838 iu
3588 5781 3739 5839 Novo
3782 5780 4017 5837 'lesmm.

743 5846 933 5901 Cra-«:0
965 5850 1027 5900 ad
1061 5850 1201 5904 hunc
1226 5851 1399 5904 locum
1434 5870 1495 5907 ex
1532 5856 1643 5921 ipso
1672 5846 2095 5926 'l'luzopliylacto.
