4298 6446
264 420 377 485 565

954 399 1404 469 ENARRATIO
1445 397 1545 462 IN
1575 394 2082 462 EVANGELIUM
2124 395 2396 457 MARCI.
2438 418 2508 435 -υ
2545 394 2708 456 CAP.
2741 392 2878 455 VII.

3446 388 3552 456 566

267 526 614 601 εὐεργεσίαν,
650 523 719 593 ἥν
742 521 860 584 τοῖς
909 517 1168 582 παιδίοις,
1215 518 1337 589 ἦτοι
1380 516 1494 577 τοῖς
1583 510 1862 582 Εϐραίοις,
1893 509 1942 570 Α

1859 551 1862 570 ,
1893 509 1942 570 Α
1969 507 2109 574 Quia
2141 521 2274 562 vero
2323 505 2632 575 prudenter
2665 503 2949 574 respondit
2981 501 3176 556 mulier
3220 510 3274 556 et
3303 503 3556 566 ﬁdeliter,

267 617 550 688 ἀφώρισεν
575 614 604 667 ὁ
619 611 755 676 Θεός
788 626 802 639 °
834 611 931 672 τάς
946 608 1058 677 γὰρ
1080 607 1404 678 εὐεργεσίας
1424 606 1540 667 τοῖς
1580 601 1860 672 Ἑϐραίοις

269 705 576 762 ἀπέστειλε.
593 703 764 773 Φησὶν
783 700 878 754 οὖν
902 702 931 753 ὁ
960 699 1190 770 Κύριος,
1209 698 1321 759 ὅτι,
1339 695 1417 749 Ού
1443 695 1527 748 δεῖ
1547 695 1676 756 τοὺς
1712 693 1861 746 ἐθνι-

275 799 410 860 κοὺς
457 796 751 867 μετασχεῖν
807 793 908 862 τῆς
963 789 1290 860 εὐεργεσίας
1331 788 1367 858 η
1419 788 1535 848 τοῖς
1581 784 1862 847 Ἰουδαίοις

274 889 624 960 ἀφώρισται·
658 885 784 938 ἐπεὶ
812 884 870 938 δέ
927 882 1166 944 συνετῶς
1195 878 1473 951 ἀπεκρίθη
1512 880 1558 948 ἡ·
1598 877 1738 947 γυνὴ
1766 877 1863 931 καὶ

271 981 507 1046 πιστῶς,
545 978 703 1048 ἔτυχε
757 976 857 1046 τῆς
915 971 1232 1043 ιπιθυμίαςι
1277 972 1344 1025 Oi
1402 970 1504 1040 μὲν
1567 969 1680 1039 γάρ
1718 968 1855 1022 Ἰουο

271 1075 441 1136 δαίοι,
481 1070 639 1138 φησϊ,
671 1067 763 1120 τὸν
792 1067 954 1136 ἀρτον
986 1062 1493 1134 ἐχουσι,τουτέστι,
1528 1061 1591 1112 σὲ
1625 1060 1865 1131 ὁλὸκρη-

278 1182 394 1238 ρον,
435 1163 527 1215 τὸν
550 1160 612 1226 ἐξ
643 1157 876 1230 ούρανοῦ
908 1155 1246 1226 καταϐάντα,
1300 1156 1396 1208 καὶ
1437 1152 1538 1215 τάς
1575 1153 1674 1216 σάς
1705 1153 1865 1222 εὐερ-

273 1254 471 1322 γεσίας
494 1267 509 1281 °
544 1250 656 1318 ἐγὼ
681 1251 741 1304 δέ
768 1247 928 1318 ψιχία
951 1245 1112 1311 αίτῶ,
1138 1243 1410 1308 τουτέστι,
1443 1241 1678 1314 μερικὴν
1707 1242 1866 1313 εὐερ-

275 1349 493 1415 γεσίαν.
525 1347 669 1414 Ὅρα
693 1343 752 1397 δέ
781 1343 883 1396 καὶ·
904 1341 998 1394 τὸν
1028 1339 1268 1408 Κύριον,
1301 1336 1417 1400 πῶς
1443 1336 1546 1388 ούκ
1568 1331 1726 1388 εῐπεν
1758 1335 1866 1400 ὅτι,

281 1434 354 1489 Ἥ
383 1434 613 1503 δύναμίς
654 1450 755 1500 μου
783 1430 956 1484 ἐσωσέ
989 1446 1068 1483 σε.
1087 1426 1250 1483 Ἀλλὰ
1279 1426 1332 1480 τί
1354 1425 1635 1495 φησι’;Διά
1663 1425 1756 1478 τὸν
1785 1424 1873 1477 λό-

275 1543 376 1595 γον
406 1525 618 1588 τοῦτον,
646 1523 918 1584 τουτέστι,
951 1519 1041 1574 διά
1102 1518 1204 1590 τὴν
1262 1517 1447 1571 πίστιν
1479 1533 1598 1580 σου,
1659 1515 1868 1585 ὕπαγε,

1967 598 2226 654 desiderii
2279 595 2432 652 facta
2482 603 2569 650 est
2609 609 2854 664 compos.
2914 592 3084 649 Judaei
3131 585 3310 657 enim,
3363 593 3558 662 inquit,

1966 700 2163 758 panem
2191 686 2418 751 habent,
2441 686 2544 740 hoc
2563 693 2650 742 est
2679 693 2734 740 te
2763 693 2960 748 totum,
2983 682 3077 752 qui
3095 696 3127 735 e
3150 681 3305 737 cmlis
3337 683 3562 736 descen-

1966 780 2120 846 disti,
2144 792 2201 834 et
2234 779 2500 836 beneﬁcia
2535 789 2625 832 tua
2657 795 2670 832 :
2706 787 2763 832 at
2794 791 2897 844 ego
2927 775 3100 830 micas
3146 784 3298 844 peto,
3338 775 3443 830 hoc
3475 783 3563 829 est

1967 872 2298 928 beneﬁcium
2378 869 2735 942 partieulare.
2814 866 2955 922 Vide
3018 874 3200 920 autem
3279 867 3563 920 Dominum

1969 959 2244 1028 quomodo
2269 973 2377 1014 non
2414 959 2616 1012 dixerit
2649 975 2663 1012 :
2704 955 2894 1011 Virtus
2929 969 3049 1010 mea
3078 954 3313 1009 salvavit
3352 965 3403 1009 te
3427 975 3441 1010 :
3469 954 3564 1009 sed

1972 1049 2105 1120 quid
2153 1049 2328 1105 dicit?
2389 1047 2621 1118 Propter
2691 1062 3005 1104 sermonem
3069 1048 3236 1112 hune,
3295 1046 3398 1100 hoc
3453 1055 3561 1109 est,

1971 1154 2198 1216 propter
2235 1144 2400 1200 ﬁdem
2426 1155 2597 1211 tuam,
2638 1143 2780 1199 vade
2813 1162 2830 1198 :
2864 1141 3129 1196 mundata
3163 1141 3311 1196 enim
3341 1149 3424 1195 est
3455 1139 3566 1194 ﬁlia

1967 1250 2091 1294 tua.
2126 1238 2283 1292 Disce
2320 1237 2488 1307 igitur
2511 1246 2564 1293 et
2602 1247 2656 1290 tu
2688 1236 2796 1291 hoc
2828 1237 2950 1291 loco
2982 1236 3174 1290 utilem
3231 1235 3564 1289 doctrinam.

1972 1331 2188 1386 Etenim
2232 1329 2614 1399 unusquisque
2639 1337 2891 1382 nostrum
2917 1327 3086 1397 208
3120 1326 3338 1397 quando
3357 1335 3568 1394 peccat,

1975 1423 2170 1481 mulier
2184 1423 2422 1488 eat,.hoc
2443 1430 2528 1477 est
2553 1422 2767 1476 inﬁrma
2803 1421 2983 1475 anima
3012 1436 3026 1486 ;
3054 1419 3342 1475 thnissa
3363 1428 3571 1478 autem,

1977 1526 2242 1588 tanquam
2297 1518 2522 1570 rubrum
2588 1523 2646 1569 et
2696 1514 3109 1584 sanguinarium
3172 1527 3237 1570 ac
3270 1521 3573 1569 cruentum

277 1613 625 1686 ἐκαθαρίσθη
679 1613 792 1683 γάρ
850 1613 883 1682 ἡ
923 1611 1172 1680 θυγάτηρ
1205 1626 1324 1663 σου.
1363 1607 1622 1663 Μάνθανε
1657 1601 1750 1660 οὖν
1778 1606 1874 1661 καὶ

1978 1618 2264 1678 peccatum
2290 1607 2521 1661 habens.
2557 1605 2757 1660 Filiam
2786 1615 2976 1659 autem
3013 1605 3182 1658 habet
3206 1604 3332 1657 talis
3370 1602 3574 1666 anima,

279 1710 348 1764 σὺ
405 1705 657 1761 ἐντεῦθεν
711 1703 992 1773 ἐπωφελὲς
1056 1702 1312 1773 μάθημα.
1353 1698 1467 1754 Καὶ
1497 1699 1608 1769 γὰρ
1641 1697 1877 1760 ἕκαστος

1979 1705 2186 1759 malum
2219 1719 2381 1775 Opus,
2420 1703 2564 1775 quod
2609 1704 2779 1758 habet
2829 1701 3187 1757 daemonium.
3244 1698 3383 1754 Mala
3432 1699 3577 1753 enim

278 1799 444 1871 ἡμῶν
479 1800 610 1852 ὃταν
643 1795 963 1868 ἁμαρτάνῃ,
1002 1795 1141 1864 γυνή
1190 1795 1329 1858 ἑστι,
1366 1792 1676 1857 τουτέστιν,
1709 1789 1875 1843 ἀσθε-
1911 1855 1951 1871 “

1911 1812 2172 1871 “opera,
2229 1797 2537 1851 damonum
2597 1804 2729 1850 sunt
2781 1811 2795 1846 :
2857 1802 3182 1863 peceatores
3222 1793 3403 1859 itaque
3455 1806 3575 1844 eum

399 1893 574 1961 ψυχή’
600 1855 1027 1953 Φοινίκισσαῖδέ,
1171 1885 1270 1956 τὴν
1303 1855 1873 1954 ᾧοιννκὴνάμαρτίαν
1909 1855 1954 1910 Β

1909 1855 1954 1910 Β
1984 1891 2183 1953 simus,
2214 1904 2381 1944 canes
2417 1888 2790 1952 nominamur,
2843 1885 3194 1940 immunditia
3248 1883 3414 1951 pleni,
3451 1897 3581 1952 pro-

285 1987 386 2040 καὶ
415 1984 701 2055 αἱματώδη
731 1982 828 2036 καὶ
881 1978 1209 2049 φονεύτριαν
1243 1978 1466 2049 ἔχουσα.
1501 1975 1790 2045 Θυγατέρα
1815 1975 1875 2027 δὲ

1985 1991 2103 2052 pter
2137 1982 2282 2052 quod
2314 1991 2368 2036 et
2395 1980 2604 2050 indigni
2669 1993 2863 2034 sumus
2891 1979 2982 2045 qui
3013 1977 3350 2044 accipiamus
3385 1989 3579 2044 panem

285 2079 408 2147 εχει
458 2078 493 2146 ὴ
535 2056 758 2143 τοιαύτη
795 2073 968 2142 ψυχὴ,
1026 2071 1126 2141 τὴν
1170 2069 1416 2140 πονηράν
1474 2068 1699 2140 πρᾶξιν,
1755 2067 1881 2136 ἥτις
1980 2074 1982 2125 ξ

1876 2083 1881 2123 :
1980 2072 2099 2137 Dei,
2117 2073 2221 2126 hoc
2244 2081 2350 2135 est,
2375 2071 2855 2127 eommunieemus
2885 2067 3252 2123 immaculatis
3277 2066 3573 2137 tnysleriis.

284 2170 404 2240 ἔχει
432 2169 735 2237 δαιμόνιον.
786 2166 851 2219 Ai
901 2166 1010 2235 γὰρ
1041 2164 1281 2235 πονηραὶ
1312 2159 1563 2232 πράξεις,
1605 2158 1879 2229 δαιμόνων
1978 2183 1981 2204 ι

1978 2165 2135 2232 Quod
2179 2166 2223 2220 si
2284 2181 2382 2234 per
2427 2164 2792 2220 humilitatem
2863 2164 3234 2233 nosmetipsos
3289 2161 3582 2230 agnoveri-

284 2259 452 2312 είσίν’
511 2256 833 2327 ἁμαρτωλοὶ
879 2254 974 2309 οὖν
1007 2254 1181 2318 ὅντες,
1223 2254 1320 2308 καὶ
1349 2251 1584 2323 κυνάρια
1611 2249 1879 2320 ὁνομαζό-
1960 2264 1966 2287 ί

1960 2264 2134 2323 imus,
2172 2265 2230 2312 et
2269 2255 2508 2314 confessi
2551 2256 2818 2312 fuerimus
2848 2271 2949 2311 nos
2979 2269 3104 2310 esse
3134 2269 3325 2319 canes,
3363 2266 3583 2308 enarra-

289 2349 457 2418 μεθα,
503 2348 847 2417 ἀκαθαρσίας
901 2343 1299 2417 γέμονταοδιά
1347 2344 1508 2397 τοῦτο
1557 2342 1681 2396 οὐδὲ
1733 2341 1878 2408 ἄξιοί
1983 2360 1986 2367 ί

1983 2347 2336 2414 verimusque
2399 2356 2618 2418 peccata
2668 2356 2882 2413 nostra,
2935 2355 3064 2401 tunc
3123 2344 3410 2399 sanabitur
3469 2341 3582 2396 ﬁlia

288 2442 461 2509 ἐσμεν
512 2439 699 2494 λαϐεῖν
727 2439 817 2492 τὸν
848 2439 1015 2510 άρτον
1045 2437 1140 2492 τοῦ
1189 2435 1353 2500 Θεοῦ,
1388 2437 1510 2506 ἦτοι
1547 2433 1877 2506 μεταλαϐεῖν

1311 2435 1353 2500 5,
1388 2437 1510 2506 ἦτοι
1547 2433 1877 2506 μεταλαϐεῖν
1990 2449 2202 2506 nostra,
2232 2440 2335 2496 hoc
2353 2450 2618 2512 est,.opus
2649 2440 3008 2496 diabolicum.

288 2532 402 2587 τῶν
449 2531 737 2601 ἀχράντων
791 2529 1142 2601 μυστηρίων·
1179 2529 1276 2582 ἐὰν
1321 2529 1507 2598 μέντοι
1555 2526 1878 2597 ἑπιγνῶμεν
1917 2529 2150 2594 ἑαυτοὺς
2215 2532 2306 2586 διά
2362 2533 2464 2604 τῆς
2510 2532 3053 2604 ταπεινοφροσύνης,
3089 2535 3186 2588 καὶ
3237 2533 3320 2586 ὅτι
3357 2530 3592 2600 κυνάρια

288 2627 463 2696 ἐσμεν
555 2626 1014 2695 ὁμολογήσωμεν,
1084 2624 1182 2678 καὶ
1239 2620 1700 2694 ἐξαγορεύσωμεν
1787 2622 1887 2687 τὰς
1928 2624 2208 2696 ἁμαρτίας
2246 2627 2428 2698 ἡμῶν,
2494 2627 2620 2681 τότε
2670 2627 2957 2698 ἰαθήσεται
2992 2628 3027 2698 ἡ
3078 2626 3350 2697 θυγάτηρ,
3430 2642 3592 2680 του-δ-

293 2721 466 2786 ιστιν,
492 2721 526 2789 ἠ
563 2721 764 2790 πρᾶξις
799 2721 833 2791 ἡ
864 2717 1247 2792 δαιμονιώδης.

373 2830 392 2862 ι
438 2810 550 2863 Καὶ
597 2809 762 2862 πάλιν
818 2809 1052 2876 ἐξελθὼν
1074 2811 1142 2863 ἐκ
1192 2809 1305 2863 τῶν
1337 2809 1502 2882 ὁρίων
1543 2808 1729 2882 Τύρου
1785 2810 1885 2863 καὶ

295 2904 551 2968 Σιδῶνος,
593 2899 727 2974 ἦλθε
778 2904 918 2975 πρὸς
946 2903 1047 2975 τὴν
1099 2903 1380 2958 θάλασσαν
1429 2905 1530 2974 τῆς
1568 2902 1884 2969 Γαλιλαίας,

300 2997 409 3050 ἀνά
467 2996 633 3066 μέσον
667 2994 780 3048 τῶν
837 2995 1005 3065 ὁρίων
1041 2994 1419 3058 Δεκαπόλεως,
1472 2993 1570 3049 xal.
1627 2994 1888 3065 φέρουσιν

298 3086 454 3158 αὐτῷ
492 3087 676 3155 κωφὸν
747 3086 1060 3155 μογιλάλον,
1112 3087 1210 3140 καὶ
1255 3086 1675 3156 παρακαλοῦσιν
1724 3087 1890 3139 αὐτὸν

300 3182 391 3234 ἵνα
421 3180 582 3251 ἐπιθῇ
615 3180 764 3250 αὐτῷ
814 3166 912 3248 τὴν
939 3181 1120 3249 χεῖρα,
1159 3178 1258 3232 καὶ
1285 3177 1698 3248 ἀπολαϐόμενος
1726 3177 1894 3233 αύτδν

299 3275 410 3329 δ’σὼ
461 3273 556 3327 τοῦ
613 3273 772 3343 ὄχλου
826 3272 946 3327 κατ’
981 3273 1143 3336 ίδίαν,
1191 3270 1355 3325 ἔϐαλε
1403 3271 1533 3333 τοὺς
1587 3270 1895 3335 δακτύλους

301 3362 474 3419 αὑτοῦ
507 3366 587 3427 εἰς
633 3364 701 3417 τά
742 3356 858 3415 ὦτα
890 3362 1057 3415 αὐτοῦ
1093 3377 1108 3391 '
1154 3361 1252 3415 καὶ
1309 3360 1523 3424 πτύσας
1551 3355 1555 3357 λ
1581 3360 1762 3431 ἥψατο
1792 3361 1895 3430 τῆς

301 3456 552 3525 γλώττης
611 3454 801 3520 αὑτοῦ,
849 3454 945 3509 καὶ
1002 3453 1316 3522 ἀναϐλέψας
1382 3455 1463 3516 είς
1514 3453 1606 3506 τὸν
1662 3453 1893 3525 οὐρανὸν

302 3548 578 3613 ἐστέναξε,
604 3547 698 3602 καὶ
731 3547 881 3614 λέγει
907 3545 1086 3616 αύτῷζ,
1134 3544 1385 3614 Ἐφφαθά
1409 3561 1422 3576 ·
1460 3547 1653 3614 ὅέστι,
1681 3546 1896 3602 Διανοίσ

303 3641 490 3713 χθητιο
523 3640 619 3692 καὶ
647 3639 849 3702 εὐθέως
881 3637 1265 3709 διηνοίχθησαν
1287 3637 1453 3692 αὐτοῦ
1485 3639 1544 3692 αί
1578 3639 1764 3706 ἀκοαὶ,
1800 3642 1898 3694 κα)⁵

303 3733 470 3804 ἐλύθη
529 3734 557 3786 ὁ
615 3731 817 3800 δεσμὸς
873 3732 971 3799 τῆς
1013 3730 1263 3801 γλώττης
1310 3730 1499 3796 αὐτοῦ,
1555 3732 1650 3785 καὶ
1710 3733 1898 3787 ἐλάλει

303 3820 506 3891 ὀρθῶς,
543 3819 640 3872 καὶ
683 3819 1020 3871 διεστείλατο
1070 3818 1258 3881 αὐτοῖς
1285 3817 1372 3871 ἴνα
1404 3816 1594 3888 μηδενὶ
1645 3821 1896 3877 εἴπωσιν.

307 3911 478 3965 Ὅσον
499 3910 556 3963 δὲ
587 3909 752 3970 αὐτὸς
769 3909 955 3971 αὐτοῖς
977 3909 1337 3974 διεστέλλετο,
1374 3910 1579 3980 μᾶλλον
1626 3912 1888 3980 περισσό-

310 4017 474 4072 τερον
516 4001 840 4070 ἐκήρυττον,
887 3998 984 4050 καὶ
1020 3998 1449 4068 ὑπερπερισσῶς
1477 3997 1899 4072 ἐξεπλήσσοντο,

311 4091 568 4159 λέγοντες
590 4106 605 4120 ο
636 4087 832 4151 Καλῶς
853 4088 1034 4141 πάντα
1067 4088 1362 4154 πεποίηκε,
1383 4089 1480 4142 καὶ
1509 4091 1637 4153 τοὺς
1681 4093 1902 4159 κωφοὺς

307 4185 456 4236 ποιεῖ
480 4181 724 4247 ἀκούειν,
757 4181 999 4244 καὶτοὺς
1017 4181 1251 4245 ἀλάλους
1269 4182 1475 4237 λαλεῖν.
1514 4201 1532 4234 ι
1560 4185 1675 4236 Οὐκ
1701 4184 1906 4255 ἐμϐρα-

305 4276 456 4329 δύνει
495 4279 607 4339 τοῖς
639 4275 748 4327 τῶν
781 4275 1013 4328 ἐθνικῶν
1056 4276 1265 4341 τόποις,
1318 4277 1458 4330 ἀλλὰ
1498 4277 1712 4346 ταχέως
1767 4278 1904 4347 μεθ-

2067 2807 2237 2864 Vsns.
2291 2807 2484 2864 5-1-37.
2535 2826 2554 2860 ι
2587 2807 2656 2862 Ει
2713 2822 2930 2862 rursum
2969 2819 3226 2874 egressus
3277 2804 3345 2861 de
3391 2803 3593 2861 ﬁnibus

1998 2901 2130 2972 Tyri
2163 2916 2230 2955 ac
2258 2899 2661 2966 Sidonis,\'enit
2706 2901 2774 2953 ad
2803 2913 2954 2954 mare
2993 2897 3234 2955 Galiltete
3263 2912 3359 2968 per
3385 2899 3595 2954 medios

2001 2990 2140 3045 ﬁnes
2179 2989 2485 3059 Decapolis,
2534 3001 2591 3044 et
2653 2991 2931 3044 adducunt
2992 2989 3040 3043 ei
3115 2989 3342 3043 surdum
3408 2989 3595 3060 lingua

1997 3081 2365 3144 haesitantem,
2417 3089 2473 3136 et
2520 3083 2894 3152 deprecantur
2933 3095 3060 3135 eum
3097 3091 3156 3134 nt
3207 3082 3462 3150 imponat
3517 3081 3594 3136 illi

1997 3187 2247 3233 manum.
2267 3178 2322 3226 et
2344 3185 2470 3228 eum
2501 3172 2960 3243 apprehendisset
2990 3187 3113 3227 eum
3149 3173 3217 3228 de
3247 3172 3408 3229 turba
3445 3187 3599 3230 seor—

1998 3279 2141 3331 sum,
2173 3263 2323 3319 misit
2355 3265 2557 3337 digitos
2587 3280 2719 3321 suos
2763 3268 2817 3319 in
2852 3265 3128 3321 auriculas
3156 3264 3297 3335 ejus,
3333 3275 3387 3321 et
3436 3275 3599 3337 sputo

1997 3359 2221 3425 emisso,
2246 3357 2427 3428 tetigit
2455 3357 2697 3428 linguam
2722 3359 2864 3428 ejus,
2892 3375 2955 3414 ac
2978 3359 3284 3428 suspiciens
3312 3361 3364 3415 in
3395 3360 3595 3415 caelum

2000 3451 2287 3518 ingemuit,
2315 3459 2370 3504 et
2402 3452 2479 3504 alt
2513 3451 2586 3506 illi
2618 3468 2631 3504 :
2661 3451 3008 3520 Ephplietha,
3037 3451 3182 3520 quod
3211 3460 3315 3516 est,
3343 3451 3598 3521 Aperire.

2000 3542 2068 3597 Et
2100 3543 2291 3607 statim
2329 3551 2534 3611 aperta:
2561 3553 2694 3599 sunt
2740 3559 2902 3599 aures
2933 3543 3072 3614 ejus,
3122 3553 3177 3600 et
3228 3545 3472 3600 solutum
3514 3556 3599 3600 est

1999 3636 2277 3692 vinculum
2335 3637 2536 3709 linguae
2597 3637 2744 3707 ejus,
2788 3647 2843 3692 et
2895 3637 3225 3708 loquebatur
3279 3649 3431 3695 recte
3489 3657 3502 3693 ε
3548 3649 3604 3694 et

2001 3727 2395 3799 praecepitillis
2433 3742 2500 3783 ne
2535 3729 2624 3783 cui
2661 3729 2932 3784 dicerent.
2984 3727 3094 3785 Sed
3148 3745 3256 3800 quo
3309 3731 3484 3800 magis
3514 3731 3606 3787 ille

2002 3819 2084 3874 eis
2109 3820 2484 3891 praecipiebat,
2524 3822 2628 3876 hoc
2659 3821 2897 3891 amplius
2935 3822 3331 3892 prmdicabant,
3361 3835 3416 3878 et
3440 3839 3605 3894 supra

2004 3913 2227 3965 modum
2275 3912 2578 3981 stupebant
2613 3907 2860 3967 dicentes
2896 3931 2909 3966 :
2945 3913 3088 3969 Bene
3141 3915 3323 3967 omnia
3355 3914 3504 3982 fecit,
3551 3925 3608 3969 et

2005 4003 2204 4057 surdos
2236 4001 2369 4059 facit
2404 4005 2594 4058 audire
2637 4012 2691 4058 et
2725 4015 2907 4060 mutos
2937 4004 3105 4074 loqui.
3147 4024 3164 4056 ι
3203 4005 3321 4060 Νοη
3363 4017 3610 4062 moratur

2006 4093 2094 4148 diu
2128 4095 2184 4148 in
2218 4095 2504 4164 gentilium
2538 4094 2698 4159 locis,
2735 4095 2829 4150 sed
2853 4099 3037 4150 statim
3071 4099 3290 4164 transit,
3332 4114 3425 4164 ne,
3461 4103 3605 4154 sicut

2008 4188 2281 4253 dicebam,
2297 4193 2456 4243 daret
2478 4190 2823 4244 occasionem
2846 4188 3046 4244 Judaeis
3068 4192 3278 4246 dicendi
3306 4194 3448 4261 quod
3468 4209 3609 4262 prm-

2014 4281 2359 4334 varicarctur
2393 4281 2589 4351 legem,
2624 4283 2918 4350 gentilibus
2955 4299 3012 4336 se
3035 4283 3293 4338 miscens.
3334 4284 3612 4342 Secedens

311 4369 546 4431 ίσταται,
587 4366 698 4429 ἵνα,
727 4366 802 4428 ὡς
836 4365 995 4434 ἔφην,
1031 4367 1105 4437 μὴ
1123 4366 1275 4438 δώσῃν
1298 4370 1410 4431 τοῖς
1440 4368 1714 4433 Ἰουδαίοις
1731 4369 1912 4437 λέγειν
1937 4364 1992 4424 Ι)

1937 4364 1992 4424 D
2020 4375 2185 4444 igitur
2211 4391 2238 4426 a
2265 4375 2466 4429 ﬁnibus
2501 4375 2627 4445 Tyri
2661 4387 2714 4428 et
2747 4374 2989 4439 Sidonis,
3021 4377 3170 4430 vadit
3212 4378 3264 4429 in
3306 4379 3609 4435 Galilzeam.

307 4459 385 4522 ώς
415 4460 747 4529 παρανομεῖ,
793 4457 1126 4526 μιγνύμενος
1162 4461 1277 4522 τοῖς
1311 4458 1567 4521 ἐθνικοῖς.
1601 4461 1900 4525 Μεταστᾶς

308 4551 404 4604 οὖν
425 4550 534 4603 τῶν
547 4551 710 4621 ὁρίων
726 4551 902 4620 Τύρου
921 4551 1013 4604 καὶ
1038 4550 1291 4616 Σιδῶνος,
1329 4554 1394 4622 τῇ
1428 4551 1693 4622 Γαλιλαίᾳ
1719 4554 1897 4622 πρόσ-

308 4661 436 4698 εισι.
476 4644 688 4712 Καὶίδὴ
720 4643 906 4712 κωφὸν
961 4643 1280 4711 μογιλάλον,
1318 4645 1429 4697 ἀπὸ
1467 4643 1723 4712 δαίμονος
1753 4645 1810 4697 δὲ
1841 4646 1902 4697 τὸ

310 4737 485 4800 πάθος
509 4733 597 4806 ἦν,
626 4737 790 4789 ἰᾶται.
819 4737 957 4788 Κατ’
989 4736 1122 4790 [δίαν
1155 4737 1256 4806 μὲν
1286 4735 1450 4790 αὑτὸν
1480 4738 1771 4791 ἀπολαϐών
1795 4757 1807 4768 ·
1838 4741 1898 4791 οὐ

312 4831 422 4900 γὰρ
444 4825 513 4898 ἦν
540 4827 877 4898 φιλόκομπος
903 4828 932 4879 ὁ
978 4827 1325 4889 ταπεινώσας
1350 4831 1544 4883 ἑαυτὸν
1601 4831 1768 4900 μέχρι
1802 4832 1902 4898 τῆς
1936 4883 1938 4886 ,

312 4923 596 4991 ἡμετέρας
621 4923 921 4990 πτωχείας,
942 4921 1063 4973 οὑδὲ
1088 4920 1283 4990 ἢθελεν
1322 4922 1398 4985 ὡς
1432 4923 1524 4975 ἐπὶ
1553 4923 1616 4974 τὸ
1651 4923 1900 4977 πλεῖστον

313 5013 625 5082 ἔμπροσθεν
661 5013 873 5064 πολλῶν
927 5011 1394 5082 θαυματουργείν,
1443 5015 1491 5066 εί
1553 5017 1629 5086 μὴ
1682 5018 1789 5086 ἄρα
1812 5017 1902 5071 διὰ

311 5107 410 5174 τὴν
435 5105 543 5158 τῶν
574 5104 828 5175 ὁρώντων
876 5106 1146 5175 ὠφέλειαν
1191 5106 1302 5175 (65)
1351 5124 1364 5136 ·
1395 5107 1608 5171 πτύσας
1641 5110 1698 5162 δὲ
1727 5111 1906 5181 ἥψατο

313 5202 416 5277 τῆς
469 5201 716 5270 γλώττης
769 5201 961 5262 αὑτοῦ,
1005 5200 1094 5255 ἵνα
1120 5202 1270 5274 δείξῃ
1318 5203 1401 5255 ὅτι
1445 5205 1625 5257 πάντα
1654 5207 1723 5258 τὰ
1763 5209 1906 5277 μέρη

315 5297 415 5362 τῆς
447 5295 610 5363 ἀγίας
645 5293 813 5346 αὑτοῦ
844 5294 1046 5363 σαρκὸς
1088 5293 1210 5348 θεῖα
1244 5291 1386 5366 ἦσαν
1411 5295 1505 5348 καὶ
1535 5296 1691 5364 ἆγια,
1715 5296 1904 5370 ὥσπερ

313 5388 411 5440 καὶ
444 5385 503 5440 τὸ
537 5385 762 5456 πτύσμα
788 5385 948 5440 ἐλυσε
969 5385 1065 5442 νῦν
1087 5387 1182 5441 καὶ
1198 5386 1269 5441 τά
1291 5388 1390 5458 τῆς
1419 5386 1673 5464 γλώττης
1701 5391 1901 5462 δεσμὰ’

2013 4467 2184 4522 Port'o
2248 4468 2473 4522 surdum
2535 4479 2588 4522 et
2641 4469 2911 4537 impedita:
2971 4469 3168 4541 linguae
3231 4470 3383 4524 illum
3433 4483 3610 4526 sanat.

2015 4560 2380 4629 Erat‘autcm
2433 4561 2657 4612 morbus
2698 4561 2788 4613 ille
2837 4576 2866 4612 a
2914 4563 3181 4615 «Iannonc.
3208 4560 3327 4616 1am
3367 4565 3513 4632 quod
3548 4567 3610 4620 d':

2014 4656 2170 4706 turba
2192 4662 2439 4714 seorsum
2464 4653 2827 4721 apprehendit
2859 4653 3030 4718 illum,
3059 4655 3179 4708 ideo
3209 4655 3436 4720 factum,
3467 4660 3611 4727 quod

2018 4761 2124 4800 non
2179 4751 2661 4817 erat‘tarrogantim
2718 4759 2982 4812 seetator,
3046 4749 3235 4816 quise
3289 4751 3613 4808 lmmiliarat

2018 4854 2190 4909 usque
2231 4841 2296 4891 ad
2326 4843 2568 4893 nostram
2612 4839 2852 4906 inopiam
2884 4849 2974 4890 :et
3017 4849 3077 4892 ut
3111 4841 3404 4907 plurimum
3439 4843 3616 4898 noluit

2017 4948 2200 4986 coram
2238 4932 2428 4986 multis
2481 4932 2744 4985 miracula
2807 4931 3008 4996 facere,
3043 4932 3147 4985 nisi
3195 4932 3338 4987 forte
3393 4945 3617 5004 promer

2017 5026 2314 5080 videntium
2365 5015 2682 5081 utilitatem.
2739 5024 2876 5080 Cum
2913 5041 3048 5078 vero
3087 5027 3388 5096 expuisset,
3438 5029 3617 5096 tetigit

2015 5120 2254 5190 linguam
2293 5120 2460 5184 illius,
2499 5130 2555 5172 ut
2586 5121 2904 5173 ostenderet
2950 5136 3141 5175 omnes
3172 5133 3354 5190 partes
3407 5135 3615 5178 sanctae

2015 5213 2198 5266 carnis
2224 5229 2336 5268 suae
2365 5224 2584 5268 sanet-..
2611 5229 2673 5266 ac
2705 5213 2919 5267 divinas
2943 5229 3087 5277 esse,
3141 5215 3277 5268 adeo
3304 5225 3363 5268 ut
3406 5227 3459 5270 et
3484 5233 3614 5284 spn-

2025 5314 2138 5356 tum
2174 5322 2317 5358 nunc
2358 5305 2600 5360 solveret
2638 5306 2839 5376 lingua:
2892 5306 3211 5362 vinculum:
3258 5309 3472 5362 tametsi
3521 5324 3616 5361 su-

2014 5395 2297 5464 perﬂuitas
2340 5398 2411 5452 sit
2457 5413 2621 5453 omne
2657 5409 2900 5467 sputum,
2937 5399 3031 5454 sed
3085 5399 3138 5454 in
3180 5398 3414 5454 Domino
3444 5402 3617 5455 admi-

1262 5510 1353 5570 Ex
1387 5492 1737 5572 collatione
1769 5514 1962 5577 codd.
1999 5518 2234 5579 Venet.
2269 5518 2335 5578 S.
2370 5518 2597 5579 Marci.

387 5629 500 5754 (6ὄέ
533 5632 668 5716 Cori.
705 5632 777 5687 ‘26
813 5652 825 5687 :
855 5633 1052 5715 Λαϐὼν
1090 5634 1185 5688 οὖν
1212 5635 1376 5688 αὑτὸν
1400 5639 1522 5692 κατ’
1561 5639 1723 5699 ίδίαν,
1753 5640 1916 5695 ἔϐαλε

387 5717 443 5754 νζ
504 5703 770 5754 ακτυλουε
801 5705 967 5754 αὐτου
1001 5705 1079 5754 είς
1105 5706 1174 5754 τὰ
1200 5700 1315 5754 ὦτα
1341 5707 1510 5754 αὑτοῦ
1558 5711 1656 5754 ἕνα
1694 5711 1792 5754 ιιὲυ
1816 5712 1916 5754 ein:

315 5700 967 5781 f"?¢_51x10)_.ou;_auro§
1001 5700 1315 5781 είςτάῶτιι
1341 5707 1531 5781 αὑτοῦ,
1558 5711 1658 5763 ἕνα
1693 5711 1792 5781 μὲν
1816 5712 1917 5780 τῆς

315 5770 500 5852 δεξιάς
524 5773 716 5852 ’χειρξς
745 5776 828 5852 είς
864 5775 1024 5852 τοῦτο
1051 5776 1113 5828 τὸ
1133 5772 1248 5842 οὖς,
1266 5777 1372 5852 Δἕνα
1406 5779 1461 5832 δὲ
1489 5781 1590 5849 τῆς
1613 5770 1917 5852 ἀριστερᾶς

317 5842 400 5902 είς
426 5842 625 5896 ἐκεῖνο.
658 5845 768 5898 Καὶ
821 5846 1054 5914 πτύσας,
1091 5863 1146 5901 κ.
1181 5865 1232 5902 τ.
1266 5845 1318 5903 λ.
1357 5867 1375 5901 ι
1420 5842 1706 5921 Accipiens
1749 5842 1918 5924 igitur

2021 5646 2173 5702 illum
2210 5651 2440 5702 scorsim
2494 5648 2643 5702 misit
2694 5648 2891 5717 digitos
2924 5663 3055 5701 suos
3087 5648 3138 5699 in
3167 5643 3442 5717 auriculas
3473 5643 3612 5712 ejus.

2020 5733 2184 5770 unum
2219 5718 2472 5772 videlicet
2503 5716 2963 5774 dexterm’manus
2993 5719 3043 5771 in
3080 5719 3245 5770 aliam
3275 5716 3418 5785 ejus,
3444 5732 3610 5770 unum

2021 5804 2216 5844 manus
2242 5790 2544 5844 sinistrmin
2567 5791 2817 5844 alteram.
2847 5789 3090 5858 Cumque
3121 5788 3422 5857 expuisset,
3454 5797 3558 5843 ete.
3588 5805 3607 5840 ι
