4298 6446
778 408 885 478 δετ

1699 401 2279 464 THEOPHYLACTI
2316 402 2723 464 BULGARLE
2764 399 3117 460 ARCHIEP.

3904 396 4015 462 568

778 525 969 578 raliétiu
1009 529 1163 573 erant
1211 533 1271 571 ac
1300 517 1477 571 divina
1516 517 1720 569 omnia.
1759 517 1827 572 Ut
1870 526 2047 569 autem
2100 516 2341 583 suspexit
2368 521 2414 575 Α
2445 533 2475 569 κ

2324 521 2414 575 [Α
2445 517 2616 569 καίτοι
2645 512 2966 582 περίττωμα
3004 512 3119 562 ἐστι
3155 510 3263 561 πᾶν
3295 507 3539 575 πτύσμα.
3578 508 3719 581 ,ἀλλ’
3776 509 3871 564 ἐπὶ
3921 513 4018 565 τοῦ

782 616 835 665 in
872 612 1081 666 malum,
1140 608 1419 672 ingemuit,
1480 604 1725 659 fortassis
1786 614 1839 658 et
1900 619 2063 657 orans
2124 604 2340 657 Patrem

781 716 889 769 quo
924 696 1291 750 misericordia
1337 696 1651 764 dignaretur
1689 696 1985 756 hominem,
2035 703 2090 748 et
2117 708 2212 748 nos
2244 697 2342 748 do-

783 806 910 844 cens
944 788 1159 854 quando
1212 786 1405 839 facturi
1472 802 1656 841 sumus
1702 786 2041 849 miraculum,
2076 786 2141 839 ad
2175 788 2341 840 Deum

782 879 1153 945 respiciamus,
1179 886 1231 929 et
1251 876 1374 930 inde
1394 887 1634 943 petamus
1652 877 2031 930 miraculorum
2047 878 2296 931 virtutem
2326 894 2340 941 ;

780 967 1029 1021 fortassis
1065 967 1225 1020 etiam
1266 965 1639 1019 misericordia
1675 979 1803 1033 erga
1855 966 2145 1018 humanam
2189 975 2342 1017 natu-

778 1074 894 1115 ram
931 1068 1127 1118 tactus,
1154 1071 1260 1124 quo
1298 1066 1453 1123 pacto
1470 1055 1547 1108 sic
1572 1054 1766 1109 tradita
1798 1064 1942 1108 esset
1983 1056 2218 1118 diabolo,
2250 1054 2339 1122 qui

781 1151 855 1202 illi
900 1150 977 1202 sic
1013 1150 1280 1212 illuderet,
1324 1159 1376 1199 et
1402 1162 1429 1199 a
1457 1162 1563 1215 quo
1589 1138 2065 1214 tanta'pateretur.
2108 1143 2259 1200 Unde
2288 1154 2343 1199 et

778 1240 868 1307 qui
909 1249 1146 1299 sanarat,
1193 1253 1220 1290 a
1271 1239 1475 1292 sanatis
1510 1236 1833 1305 praedicatur
1865 1276 1879 1300 ,
1948 1237 2159 1290 tametsi
2234 1236 2340 1290 illis

780 1331 893 1397 ipse
929 1330 1274 1383 interdiceret
1335 1344 1397 1380 ac
1430 1330 1743 1396 prohiberet
1781 1343 1847 1382 ne
1887 1328 2015 1396 quid
2072 1328 2334 1380 dicerent.

779 1418 1045 1473 Docemur
1070 1429 1122 1472 et
1154 1420 1282 1472 item
1314 1420 1417 1472 hoc
1450 1420 1567 1473 loco
1586 1419 1726 1483 quod
1753 1420 1968 1487 quando
2004 1417 2340 1472 benefacturi

776 1526 983 1573 sumus,
1016 1525 1083 1564 ne
1138 1512 1356 1578 plausus
1393 1496 1474 1564 Vel
1527 1510 1872 1564 celebritates
1930 1525 1994 1562 ex
2068 1509 2341 1564 beneﬁciis

776 1616 1086 1669 quaeramus
1121 1618 1133 1653 :
1185 1600 1349 1671 209
1374 1617 1494 1655 cum
1530 1613 1706 1655 autem
1749 1602 2008 1655 beneﬁcia
2067 1601 2340 1667 acceperi-

777 1711 915 1756 mus,
956 1706 1013 1748 ut
1047 1696 1439 1759 benefactores,
1471 1694 1594 1749 licet
1622 1695 1720 1764 ipsi
1756 1704 2030 1757 recusent,
2064 1693 2341 1750 laudemus

776 1799 826 1838 et
860 1789 1251 1854 prmdicemns..

1352 1980 1582 2039 CAPUT
1624 1982 1757 2037 Vill.

774 2088 853 2145 De
880 2104 1076 2164 septem
1104 2095 1343 2159 panibus.
1380 2096 1452 2147 De
1482 2094 1831 2164 qua'rentibus
1863 2094 2095 2162 signum.
2133 2090 2205 2143 De
2228 2090 2339 2164 fer-

849 2174 1019 2216 mento
1055 2163 1467 2217 Phariurorum.
1493 2162 1580 2218 De
1604 2181 1759 2217 ceco.
1803 2164 1878 2217 De
1926 2162 2339 2231 interrogatione

846 2232 1099 2288 Ctesarea:
1132 2234 1290 2300 facta.
1315 2234 1391 2287 De
1417 2237 1771 2303 increpatione
1803 2233 1972 2289 Petri.

848 2412 1012 2467 Vens.
1046 2412 1163 2467 1-9.
1201 2432 1217 2465 ι
1264 2414 1316 2466 In
1347 2412 1531 2469 diebus
1571 2416 1675 2469 illis
1703 2429 1825 2469 cum
1870 2415 2022 2469 turba
2052 2414 2336 2469 admodum

777 2505 940 2559 multa
1005 2513 1181 2569 esset,
1243 2520 1339 2561 nec
1402 2508 1662 2561 baberent
1714 2506 1854 2575 quod
1913 2506 2336 2571 mandbcarent,

775 2598 1053 2653 accersitis
1087 2599 1150 2650 ad
1187 2614 1246 2652 se
1293 2597 1449 2653 Jesus
1495 2598 1793 2667 discipulis,
1824 2598 1900 2652 ait
1930 2597 2078 2651 illis:
2124 2597 2337 2652 Miseri-

774 2693 958 2745 cordia
1000 2702 1191 2758 tangor
1219 2708 1341 2760 erga
1376 2698 1588 2746 turbam
1620 2711 1631 2745 :
1683 2694 1807 2761 quia
1839 2694 1949 2762 jam
1984 2693 2165 2746 triduo
2199 2694 2337 2761 apud

776 2796 860 2835 me
887 2794 1123 2848 manent,
1158 2798 1255 2835 nec
1286 2783 1483 2837 habent
1509 2784 1651 2852 quod
1680 2786 1879 2838 edant:
1914 2795 1968 2838 et
1993 2786 2036 2839 si
2069 2785 2339 2838 demisero

773 2888 867 2927 eos
894 2873 1108 2943 jejunos
1142 2874 1191 2928 in
1228 2876 1445 2929 domum
1475 2892 1650 2938 suam,
1679 2877 1932 2931 deficient
1969 2878 2022 2932 in
2068 2880 2175 2934 via.
2204 2878 2337 2944 Qui-

774 2966 893 3017 dam
936 2968 1076 3019 euim
1109 2982 1173 3022 ex
1204 2969 1283 3023 eis
1312 2982 1341 3022 e
1377 2967 1669 3039 longinquo
1704 2980 1986 3025 venerunt.
2022 2971 2088 3026 Et
2113 2987 2337 3041 respon-

774 3057 967 3111 derunt
996 3058 1044 3110 ei
1087 3060 1332 3127 discipuli
1362 3060 1440 3113 sui
1470 3081 1483 3113 :
1520 3059 1672 3115 Unde
1700 3062 1821 3117 illos
1850 3063 1970 3130 quis
2003 3063 2203 3131 peterit
2249 3061 2337 3119 hic

774 3150 974 3202 satiare
1004 3150 1231 3218 panibus
1264 3152 1313 3202 in
1344 3152 1680 3206 solitudine?
1716 3151 1781 3204 Et
1822 3152 2172 3223 interrogavit
2201 3169 2331 3208 eos:

774 3240 914 3305 Quot
950 3256 1112 3309 panes
1161 3241 1407 3295 habetis?
1459 3242 1535 3295 Ilii
1594 3258 1720 3297 vero
1758 3244 2031 3309 dixerunt,
2090 3242 2330 3316 Septem.

772 3330 841 3388 Et
878 3336 1131 3402 praecepit
1176 3335 1342 3388 turba:
1394 3336 1737 3391 discumbere
1782 3351 1945 3405 super
1990 3345 2233 3392 terram:
2285 3347 2338 3392 et

775 3426 1014 3492 acceptis
1059 3436 1263 3493 septem
1323 3426 1588 3494 panibus,
1661 3442 1781 3481 eum
1841 3418 2041 3497 gratias
2096 3431 2334 3501 egisset,

774 3515 960 3584 fregit,
1010 3517 1260 3585 deditque
1309 3517 1587 3584 discipulis
1617 3519 1765 3582 suis,
1805 3530 1860 3572 ut
1895 3530 2256 3589 apponerent,
2286 3530 2340 3574 ct

773 3619 1144 3676 apposuernnt
1178 3609 1363 3663 turba.
1401 3608 1466 3662 Et
1492 3609 1761 3665 habebant
1785 3611 2069 3679 pisciculos
2104 3626 2334 3679 paucos:

774 3710 827 3753 et
856 3714 975 3754 cum
1010 3700 1393 3764 benedixisset,
1420 3700 1581 3767 jussit
1610 3702 1807 3771 apponi
1846 3713 1899 3756 et
1932 3702 2051 3757 bos.
2085 3701 2341 3759 Comede-

773 3803 899 3845 runt
971 3804 1148 3843 autem
1213 3800 1267 3844 et
1320 3793 1545 3845 saturati
1588 3801 1760 3858 sunt;
1837 3807 1899 3847 ac
1960 3794 2337 3858 sustulerunt,

774 3899 895 3953 qua:
961 3882 1338 3953 superfuerant
1396 3883 1818 3954 fragmentorum
1900 3896 2105 3953 septem
2184 3900 2339 3953 spor-

775 3985 876 4030 tas.
914 3975 1080 4031 Erant
1121 3984 1296 4029 autem
1351 3977 1439 4045 qui
1494 3978 1875 4042 comederant,
1930 3977 2098 4032 ferme
2147 3990 2339 4045 quater

774 4066 957 4122 mille:
991 4075 1045 4121 et
1073 4068 1281 4122 dimisit
1310 4066 1450 4121 illos.
1487 4086 1505 4117 ι
1541 4066 1715 4121 Etiam
1748 4078 1904 4122 antea
1936 4068 2042 4121 tale
2071 4065 2335 4136 Quoddam

775 4158 1092 4209 miraculum
1151 4154 1279 4211 fecit
1333 4154 1623 4223 Dominus,
1674 4169 1729 4213 et
1780 4174 1921 4214 nunc
1976 4160 2114 4213 idem
2170 4162 2341 4214 denuo

774 4255 1033 4315 operatur
1062 4254 1279 4315 sumpta
1320 4248 1605 4303 occasione
1638 4248 1805 4318 justa,
1839 4265 2027 4319 nempe
2059 4253 2201 4318 quod
2234 4262 2342 4306 tres

772 4340 890 4394 dies
922 4350 1195 4394 manserat
1225 4340 1417 4407 turba;
1474 4352 1527 4395 et
1576 4343 1859 4410 absumpta
1907 4354 2062 4398 erant
2100 4344 2339 4397 omnium

771 4432 988 4486 viatica.
1028 4432 1140 4486 Non
1178 4432 1320 4486 enim
1355 4447 1569 4502 semper
1598 4433 1917 4488 miraculum
1972 4433 2098 4489 facit
2149 4434 2198 4488 in
2237 4436 2335 4487 ali-

2444 603 2649 672 Κυρίου
2681 602 2970 670 καινότερα
3011 600 3103 651 καὶ
3127 598 3247 651 θεῖα
3276 598 3453 649 πάντα
3484 595 3623 665 (6.1).
3666 597 4019 669 Ἀναϐλέψας

2444 698 2499 749 δὲ
2531 697 2609 757 είς
2632 696 2723 748 τὸν
2754 694 2981 763 οὐρανὸν
3011 693 3277 755 στενάζει,
3312 690 3452 761 τάχα
3477 693 3577 759 μὲν
3607 695 3703 745 καὶ
3735 694 3811 756 ὡς
3831 713 4015 765 παρα-

2445 788 2623 839 καλῶν
2654 787 2743 839 τὸν
2774 786 2993 851 Πατέρα
3037 785 3123 836 ἵνα
3163 784 3360 854 ἐλεήσῃ
3410 782 3499 836 τὸν
3554 784 3860 854 ἄνθρωπον,
3919 790 4015 840 καὶ

2443 880 2590 947 ἡμᾶς
2622 878 2907 941 διδάσκων,
2963 875 3182 928 ἐπειδάν
3235 874 3518 942 μέλλωμεν
3568 874 3754 941 θαῦμα
3814 881 4013 937 ποιεῖν,
4076 932 4079 935 ν

2445 967 2585 1035 πρὸς
2616 966 2748 1019 Θεὸν
2779 966 2931 1035 όρᾷν,
2959 963 3214 1017 κάκεῖθεν
3244 960 3572 1025 ἐξαιτεῖσθαι
3600 962 3698 1031 τὴν
3732 963 3840 1017 τῶν
3880 966 4016 1017 θαυ-

2449 1059 2633 1124 μάτων
2653 1058 2900 1125 δύναμιψ
2925 1056 3064 1124 τάχα
3087 1055 3143 1107 δὲ
3166 1054 3260 1107 καὶ
3278 1053 3469 1123 ὥσπερ
3499 1053 3665 1106 ἐλεῶν
3682 1053 3780 1123 τὴν
3802 1055 4015 1124 ἀνθρω-

2447 1147 2608 1215 πίνην
2642 1145 2822 1215 φύσιν,
2854 1144 2971 1207 πῶς
3000 1143 3144 1198 οὕτω
3179 1142 3454 1211 παρεδόθη
3486 1142 3563 1212 τῷ
3584 1144 3835 1213 διαῦόλῳ,
3870 1145 4014 1199 ὥστε

2444 1236 2617 1297 οὕτως
2642 1234 3007 1304 ὲμπαίζεσθαι
3036 1234 3131 1287 καὶ
3156 1232 3385 1285 τοιαῦτα
3426 1232 3681 1301 πάσχειν.
3722 1233 3889 1285 Ὀθεν
3918 1237 4015 1286 καὶ

2445 1325 2814 1394 θεραπεύσας,
2850 1323 3178 1393 κηρύττεται
3214 1321 3365 1390 παρά
3390 1320 3501 1373 τῶν
3522 1321 4008 1391 θεραπευομένων,

2446 1417 2547 1470 κᾶν
2597 1417 2760 1478 αὐτὸς
2822 1416 3002 1476 αὐτοῖς
3060 1412 3441 1483 διαστέλληται
3479 1413 3574 1464 καὶ
3650 1411 4013 1481 παραγγέλλῃ

2449 1509 2616 1579 μηδὲν
2659 1509 2861 1577 λέγειν.
2909 1504 3285 1574 Διδασκόμεθα
3321 1506 3430 1573 γὰρ
3464 1502 3718 1556 ἐντεῦθεν
3745 1504 3821 1566 ὡς
3876 1505 4010 1557 ὅταν

2448 1600 2546 1670 μὲν
2573 1598 2973 1669 εὐεργετῶμεν,
3013 1598 3112 1650 οὐκ
3156 1596 3446 1665 ὀφείλομεν
3495 1595 3748 1648 ἀπαιτεῖν
3778 1596 4018 1665 κρότους

2446 1695 2542 1747 καὶ
2576 1690 2986 1761 διαφημισμούς
3012 1706 3027 1721 '
3076 1691 3206 1742 ὅταν
3233 1689 3291 1743 δέ
3317 1687 3757 1758 εὐεργετώμεθα,
3801 1686 4014 1756 κηρύσ-

2447 1803 2561 1839 σειν
2603 1785 2696 1837 καὶ
2721 1781 2987 1853 φημίζειν
3018 1781 3145 1844 τοὺς
3167 1780 3705 1849 ἀγαθοποιήσαντας,
3735 1777 3842 1832 κᾶν
3867 1779 4016 1833 ἐκεῖ·

2449 1893 2526 1931 νοι
2560 1876 2635 1945 μὴ
2669 1874 2914 1928 θέλωσιν.
3618 1886 3621 1887 ⁷

3041 1988 3291 2041 ΚΕΦΑΛ.
3333 1987 3414 2038 Ην.

2444 2100 2583 2169 Περὶ
2617 2102 2735 2153 τῶν
2767 2098 2918 2154 ἑπτὰ
2953 2102 3163 2167 ἀρτων.
3201 2102 3339 2169 Περὶ
3378 2100 3495 2153 τῶν
3532 2098 3863 2166 ζητούντων
3900 2114 4015 2167 ση-

2509 2171 2711 2239 μεῖον.
2745 2173 2884 2239 Περὶ
2926 2170 3037 2238 τῆς
3080 2170 3265 2238 ζύμης
3305 2170 3425 2223 τῶν
3465 2171 3823 2237 Φαρισαίων.
3869 2171 4014 2235 Περὶ

2510 2242 2618 2295 τοῦ
2656 2242 2912 2311 τυφλοῦ.
2945 2243 3083 2311 Περὶ
3118 2241 3229 2309 τῆς
3257 2241 3330 2311 ἐν
3360 2242 3683 2311 Καισαρείᾳ
3714 2240 4013 2311 ἐπερωτή-

2511 2328 2685 2377 σεως.
2720 2310 2860 2379 Περὶ
2889 2310 3000 2379 τῆς
3031 2309 3427 2380 ἐπιτιμήσεως
3462 2310 3713 2379 Πέτρου.

2518 2441 2534 2472 ι
2574 2422 2659 2473 Ἐν
2692 2421 2926 2483 ἐκείναις
2953 2423 3073 2483 ταῖς
3107 2420 3340 2492 ἡμέραις
3375 2420 3697 2490 παμπόλλου
3732 2421 3891 2489 ὄχλου
3924 2421 4014 2473 ὄν-

2440 2532 2552 2579 τος,
2587 2517 2680 2568 καὶ
2720 2516 2794 2584 μὴ
2832 2514 3060 2583 ἐχόντων
3088 2514 3139 2565 τί
3171 2514 3405 2581 φάγωσι,
3440 2512 3956 2581 προσκαλεσάμενος
3988 2514 4016 2564 ό

2454 2607 2658 2677 Ἰησοῦς
2693 2608 2819 2670 τοὺς
2863 2607 3109 2676 μαθητὰς
3152 2605 3338 2669 αὐτοῦ,
3378 2605 3526 2672 λέγει
3568 2605 3789 2666 αὐτοῖς·
3832 2602 4018 2655 Σπλα-

2441 2700 2726 2769 γχνίζομαι
2753 2700 2842 2750 ἐπὶ
2868 2698 2956 2750 τὸν
2980 2697 3153 2767 ὄχλον,
3185 2697 3265 2749 ὅτι
3292 2696 3391 2767 ἤδη
3421 2696 3637 2767 ἡμέρας
3659 2696 3811 2764 τρεῖς
3844 2707 4019 2764 προσ-

2442 2790 2662 2858 μένουσι
2711 2806 2835 2857 μοι,
2878 2792 2973 2841 καὶ
3015 2789 3114 2839 οὐκ
3162 2787 3347 2856 έχουσι
3383 2788 3435 2839 τί
3483 2787 3718 2855 φάγωσι.
3763 2786 3875 2839 Kal
3922 2786 4021 2838 ἐὰν

2438 2880 2691 2933 ἀπολύσω
2714 2879 2913 2943 αὐτοὺς
2938 2883 3151 2946 νήστεις
3176 2880 3256 2942 είς
3279 2872 3429 2930 οῐκον
3454 2870 4016 2945 αὐτῶν,’ἐκλυθήσον-

2438 2989 2528 3025 ται
2558 2974 2613 3024 ἐν
2634 2975 2699 3037 τῇ
2875 2970 3014 3033 τινὲς
3042 2970 3147 3042 γὰρ
3173 2969 3352 3023 αὐτῶν
3381 2969 3652 3038 μακρόθεν
3676 2969 3867 3039 ﬁxam.
3896 2970 4011 3022 Kal

2440 3064 2816 3135 ἀπεκρίθησαν
2839 3063 2989 3133 αὐτῷ
3016 3065 3062 3116 οἱ
3097 3063 3336 3132 μαθηταὶ
3363 3060 3530 3114 αὐτοῦ
3552 3077 3565 3090 '
3596 3060 3766 3113 Πόθεν
3789 3059 4018 3113 τούτους

2441 3153 2733 3222 δυνήσεταί
2760 3170 2844 3215 τις
2873 3147 2974 3205 ὧδε
3006 3151 3267 3221 χορτάσαι
3296 3152 3474 3220 ἀρτων
3502 3151 3588 3203 ἐπ’
3611 3151 3881 3219 ἐρημίας;
3908 3150 4019 3203 Kal

2440 3243 2697 3314 ἐπηρώτα
2728 3244 2943 3307 αὐτούς·
2976 3244 3181 3305 Πόσους
3210 3244 3407 3312 ἄρτους
3435 3242 3620 3312 ﬁxere;
3654 3243 3716 3295 οι
3744 3240 3801 3293 δὲ
3832 3237 4009 3304 εἶπον,

2451 3336 2643 3391 Ἑπτά.
2682 3336 2791 3388 Καὶ
2814 3335 3153 3405 παρήγγειλε
3188 3335 3264 3403 τῷ
3285 3334 3426 3404 ὄχλῳ
3465 3336 3758 3386 ἀναπεσεῖν
3792 3333 3884 3384 ἐπὶ
3918 3332 4019 3401 τῆς

2440 3429 2563 3497 γῆς,
2606 3430 2699 3481 καὶ
2740 3428 2923 3481 λαϐὼν
2966 3429 3093 3490 τοὺς
3140 3427 3280 3479 ἑπτὰ
3324 3428 3545 3495 ἄρτους,
3590 3426 4019 3495 εὐχαριστήσας,

2438 3523 2667 3587 ἔκλασε,
2702 3521 2797 3574 καὶ
2832 3521 3000 3574 ἐδίδου
3034 3523 3143 3583 τοῖς
3179 3518 3446 3588 μαθηταῖς
3481 3518 3644 3571 αὐτοῦ
3667 3558 3681 3581 ,
3718 3518 3803 3569 ἵνα
3840 3534 4022 3584 παρα-

2440 3613 2606 3675 θῶσι,
2647 3613 2742 3667 καὶ
2787 3613 3105 3683 παρέθηκαν
3147 3611 3224 3681 τῷ
3266 3610 3439 3680 ὄχλῳ,
3485 3612 3579 3663 καὶ
3618 3604 3765 3678 εἶχον
3810 3607 4023 3677 ἰχθύδια

2440 3706 2617 3771 ὀλίγα,
2660 3706 2757 3757 καὶ
2804 3704 3130 3771 εὐλογήσας,
3175 3700 3296 3755 είπε
3344 3701 3670 3770 παραθεῖναι
3717 3700 3812 3753 καὶ
3856 3701 4020 3753 αὐτά.

2443 3797 2687 3865 Ἕφαγον
2719 3796 2775 3849 δὲ
2812 3795 2905 3849 καὶ
2941 3794 3364 3871 ἐχορτάσθησαν.
3400 3795 3507 3846 Καὶ
3540 3788 3683 3863 ἦραν
3718 3792 4021 3860 περισσεύ-

2442 3905 2589 3957 ματα
2617 3887 2947 3956 κλασμάτων
2973 3885 3110 3938 ἐπτά
3141 3886 3429 3955 σπυρίδας.
3447 3880 3628 3939 Ἦσαν
3654 3883 3711 3935 δὲ
3738 3885 3788 3936 οί
3822 3884 4027 3950 φαγόν-

2438 3997 2527 4042 τες
2555 3980 2627 4043 ὡς
2658 3981 3113 4049 τετρακισχίλιοι,
3146 3981 3240 4031 καὶ
3266 3977 3547 4031 ἀπέλυσαν
3574 3976 3791 4039 αὐτούς.
3829 3995 3846 4027 ι
3881 3975 4023 4046 Ἤδη

2440 4071 2535 4125 καὶ
2569 4072 2834 4139 πρότερον
2864 4069 3355 4139 ἐθαυματούργησέ
3384 4086 3436 4120 τι
3466 4066 3707 4121 τοιοῦτον
3735 4069 3762 4120 ό
3794 4067 4021 4134 Κύριος,

2443 4163 2537 4216 καὶ
2571 4162 2664 4216 νῦν
2695 4163 2753 4214 δὲ.
2793 4162 3203 4231 θαυματουργεῖ
3224 4202 3239 4225 ,
3275 4160 3533 4231 ἀφορμῆς
3565 4160 3789 4227 εὐλόγου
3822 4160 4029 4229 δραξά-

2445 4271 2626 4323 μενος.
2663 4254 2726 4306 Ἡ
2768 4254 2824 4306 δὲ
2864 4249 2954 4323 ἦν,
2996 4252 3056 4305 τὸ
3096 4255 3246 4324 τρεῖς
3291 4253 3508 4323 ἡμέρας
3550 4254 3889 4321 παραμεῖναι
3934 4251 4028 4305 τὸν

2440 4345 2613 4415 ὄχλον,
2650 4348 2743 4397 καὶ
2773 4343 2841 4397 τὰ
2878 4344 3062 4413 ἐφόδια
3095 4344 3328 4397 ἑκάστου
3362 4344 3733 4413 ἀναλωθῆναι.
3770 4345 3846 4397 Οὐ
3886 4342 4027 4397 πάν-

2441 4455 2557 4489 τοτε
2600 4438 2709 4507 γὰρ
2749 4434 3183 4508 ἐθαυματούργει
3221 4436 3316 4489 ἐπὶ
3357 4437 3480 4499 ταῖς
3516 4438 3770 4507 τροφαῖς,
3815 4436 3906 4490 ἵνα
3952 4438 4031 4508 μὴ

773 4524 988 4590 mentis,
1019 4534 1075 4579 ut
1115 4540 1180 4580 ne
1210 4532 1418 4593 putent,
1451 4525 1592 4594 quod
1642 4536 1861 4595 propter
1906 4527 2056 4581 cibos
2106 4528 2331 4596 populus
2367 4522 2409 4576 D
2437 4531 2470 4583 δ

2367 4522 2409 4576 D
2437 4528 2680 4594 δόξωσιν,
2719 4531 2801 4583 ὃτι
2841 4530 2930 4582 διὰ
2972 4528 3071 4601 τὴν
3111 4529 3316 4602 τροφὴν
3356 4528 3744 4584 ἀκολουθοῦσιν
3785 4532 3939 4600 αὐτῷ
3978 4532 4030 4583 oi

1722 4686 1813 4745 Et
1845 4684 2187 4747 collatione
2226 4687 2409 4746 codd.
2457 4689 2683 4749 Venet.
2716 4689 2777 4748 S.
2814 4686 3035 4749 Marci.

844 4838 955 4905 (6a)
1000 4838 1135 4893 Cod.
1169 4836 1253 4905 ,δε
1304 4838 1486 4891 addit:
1534 4837 1693 4890 ’Δλλὰ
1738 4839 1833 4891 καὶ
1877 4840 2003 4895 τοὺς
2046 4839 2337 4900 δακτύλους

772 4902 945 4962 αὐτοῦ
972 4911 1048 4970 είς
1072 4909 1136 4961 τὰ
1161 4902 1272 4960 ὦτα
1304 4904 1467 4959 αὐτοῦ
1502 4907 1683 4969 ἔϐαλε,
1728 4909 2023 4975 δυνάμενος
2069 4910 2160 4961 καὶ
2196 4909 2338 4978 λόγῳ

772 4978 1080 5032 ἐπιτελέσαι
1098 4978 1268 5030 τδθαῦ
1280 4992 1372 5043 μα’
1398 4979 1607 5040 δεικνὺς
1628 4978 1701 5039 ὡς
1717 4979 1935 5031 πλουτεῖ
1950 4978 2046 5046 τὴν
2072 4981 2167 5048 τῆς
2188 4981 2337 5039 θείας

771 5048 1401 5119 δ’)νάμεωςένέργειαν,
1458 5049 1662 5119 καὶ-τὸ
1708 5049 1905 5101 ένωθέν
1957 5049 2105 5117 αὐτῷ
2156 5051 2335 5119 σῶμα.

787 5117 1002 5184 Ἐπειδὴ
1030 5118 1139 5186 γὰρ
1169 5117 1257 5170 διὰ
1279 5117 1375 5186 τὴν
1398 5120 1456 5169 ἐν
1501 5117 1667 5183 Ἀδὰμ
1696 5119 2009 5186 παράὄασιν
2059 5117 2248 5172 πολλά
2268 5122 2333 5187 τῇ

776 5188 1091 5260 ἀνθρωπεία
1120 5188 1279 5260 φύσει
1313 5188 1605 5260 ὲτῃσυνέὸη
1634 5190 1702 5260 τά
1734 5186 1883 5260 πάθη
1907 5208 1920 5221 ο
1953 5192 2201 5260 πήρωσις
2224 5189 2336 5242 ἐσθ’

772 5247 1090 5339 δτεςμελῷνλ
1119 5247 1211 5339 καὶ
1233 5258 1395 5339 λοιπά
1414 5258 1578 5339 ἕτερα
1595 5247 1760 5339 πάθη,
1781 5247 2057 5339 δηλοῦντα.
2074 5263 2152 5321 είς
2181 5247 2340 5313 ποίαν

776 5329 1092 5400 ἀρρωστίαν
1121 5328 1209 5400 διὰ
1242 5328 1340 5389 τὰς
1372 5328 1646 5400 ἁμαρτιας
1678 5330 1710 5396 ἡ
1752 5328 1844 5381 τοῦ
1890 5330 2176 5400 ἀνθρώπου
2215 5348 2343 5381 κατ-

770 5398 1057 5464 ινήνεκται
1106 5398 1297 5463 φύσις·
1344 5397 1600 5451 εἰσελθὼν
1641 5400 1669 5449 6
1722 5401 1954 5466 Χριστὸς
1986 5397 2079 5452 καὶ
2126 5400 2341 5453 τελείαν

2446 4840 2661 4894 aliunde
2680 4848 2863 4907 posset
2883 4852 3134 4893 sermone
3149 4850 3264 4892 solo
3285 4836 3607 4891 miraculum
3632 4835 3761 4889 illud
3784 4842 4026 4907 patrare:

2446 4922 2503 4963 nt
2529 4906 2777 4964 videlicet
2822 4912 2921 4965 bac
2962 4910 3169 4964 ratione
3213 4910 3546 4969 ostenderet,
3583 4917 3784 4975 quanta
3824 4906 4029 4958 divina:

2445 4980 2661 5035 virtutis
2679 4979 2912 5035 eﬂicacia
2938 4979 3411 5033 abundaretetiam
3431 4978 3640 5033 unitum
3668 4975 3769 5042 ipsi
3801 4989 4028 5043 wrpus.

2444 5048 2704 5113 Quoniam
2724 5052 2867 5104 enim
2896 5059 3120 5119 propter
3149 5048 3277 5100 Atla:
3304 5045 3806 5119 praevaricationem
3843 5046 4033 5119 multm

2445 5112 2690 5173 humana;
2734 5112 2940 5174 natura:
2974 5112 3648 5186 a'eciderunt'passiones‘,
3693 5112 4030 5186 quandoque

2444 5190 2605 5243 etiam
2640 5192 2883 5245 defectus
2907 5189 3293 5249 membrorum,
3324 5184 3379 5241 et
3410 5199 3620 5240 eceterae
3654 5184 4029 5246 inﬁrmitates,

2440 5274 2557 5327 qua}
2584 5262 2893 5323 ostendunt,
2919 5261 2969 5311 in
3002 5268 3258 5326 quantam
3285 5256 3683 5311 imbecilliatem
3711 5268 3805 5327 per
3831 5268 4032 5327 pecca-

2443 5324 2550 5398 tum
2595 5332 2923 5398 praecipitata
2961 5324 3122 5381 fuerit
3167 5329 3401 5381 humana
3450 5336 3684 5398 natura:
3727 5324 4034 5398 adveniens

2440 5393 2704 5461 Christus.
2738 5393 2963 5466 eamque
2984 5399 3035 5451 in
3056 5397 3345 5467 semetipso
3380 5395 3693 5467 perfectam,
3719 5405 3775 5447 et
3802 5393 4025 5467 qualem

774 5468 982 5533 ταύτην
1004 5468 1288 5532 ἀποδείξας
1321 5471 1377 5518 ὲν
1406 5468 1603 5536 ἐαυτῷ,
1632 5469 1724 5521 καὶ
1754 5464 1869 5521 οἷαν
1901 5469 1959 5533 ἐξ
1984 5472 2157 5537 ἀρχῆς
2181 5472 2343 5529 αὐτὸς
2443 5471 2471 5533 il

2331 5487 2343 5529 ;
2443 5471 2555 5533 ipse
2586 5486 2615 5521 ιι
2651 5464 2911 5538 principio
2935 5484 3051 5521 eam
3086 5464 3307 5528 fecerat,
3342 5466 3614 5538 reddens;
3652 5478 3745 5538 per
3776 5464 4028 5515 eamdem

773 5538 943 5602 αὐτὴν
972 5542 1357 5600 κατεσκεύασε,
1378 5538 1442 5590 δι’
1464 5539 1634 5606 αὐτῆς
1656 5542 1723 5590 τὰ
1747 5539 1853 5590 τῶν
1877 5542 2178 5605 όμοουσίων
2202 5543 2339 5607 αὐτῇ

774 5609 1054 5696 νοσηματα
1096 5611 1453 5693 ἐθεράπευσε·
1486 5610 1571 5661 διά
1610 5608 1770 5661 τοῦτο
1802 5612 1893 5661 καὶ
1916 5611 2199 5670 δακτύλοις
2240 5611 2337 5677 μὲν

776 5679 844 5731 ’τά
886 5678 999 5730 ὦτα
1028 5681 1286 5746 διήνοιγε,
1337 5678 1618 5746 πτύσματι
1648 5680 1703 5731 δὲ
1731 5680 1974 5731 ἐπεδίδου
2010 5683 2071 5749 τῇ
2123 5681 2338 5749 γλώττῃ

773 5750 834 5799 ’τὸ
855 5751 1201 5815 ψθὲγγεσθαι.
1229 5750 1559 5819 Ἀναϐλέψας
1582 5750 1637 5802 δὲ
1660 5751 1739 5809 είς
1763 5749 1851 5801 τὸν
1869 5750 2117 5819 οὐρανὸν,
2138 5768 2189 5803 κ.
2212 5769 2261 5802 τ.
2285 5751 2337 5803 λ.

778 5834 797 5867 ι
844 5822 1106 5873 (Lucrum
1163 5832 1216 5871 et
1254 5821 1446 5888 digitos
1496 5821 1547 5874 in
1600 5834 1757 5874 aures
1809 5819 1923 5886 ejus
1976 5819 2154 5886 misit,
2216 5836 2337 5873 cum

2444 5536 2675 5596 illorum.
2708 5542 2796 5606 qui
2829 5539 3064 5603 ejusdem
3088 5536 3402 5591 substantiae
3423 5545 3569 5596 sunt,
3603 5536 3826 5587 merbos
3856 5548 4028 5606 sana-

2450 5610 2546 5666 Vil.
2578 5602 2786 5665 Idcirco
2826 5602 3008 5677 digitis
3060 5622 3220 5661 aures
3261 5606 3592 5677 aperuitfsac
3626 5606 3825 5673 lingua
3855 5602 4031 5677 facul-

2449 5687 2624 5808 metul
2644 5674 2907 5750 loquendi
2926 5688 3088 5747 sputo
3119 5678 3432 5746 impertivit.
3466 5676 3538 5731 Ut
3570 5685 3749 5728 autent
3778 5674 4031 5743 suspexit

2448 5763 2498 5803 tn
2525 5769 2605 5808 cm
2631 5768 2742 5808 um.
2774 5768 2794 5803 ι
2826 5759 2930 5805 etc.

2525 5766 2742 5816 coetum,
2774 5768 2794 5803 ι
2826 5766 2930 5805 etc.
