4298 6446
279 392 391 461 569

950 390 1397 462 ENARBATIO
1435 393 1522 458 IN
1560 391 2070 458 EVANGELIUM
2105 395 2348 458 MARCI
2406 419 2476 432 --
2509 394 2676 458 CAP.
2716 395 2886 461 VIII.

3448 399 3556 464 570

279 510 452 579 θχλοι.
480 509 590 561 Καὶ
617 505 714 562 νῦν
738 503 832 560 οὖν
858 505 909 558 εί
940 505 1016 576 μὴ
1045 501 1116 576 ἧν
1141 504 1387 566 κίνδυνος
1413 504 1770 574 ὲλπιζόμενος
1796 508 1861 561 ὲκ
1889 539 1901 569 Α

1965 503 2115 563 illum
2143 513 2432 575 sequatur,
2459 513 2515 560 et
2548 520 2692 560 nunc
2724 501 3177 575 nisi-periculum
3207 518 3276 559 ex
3308 502 3555 560 ciborum

279 601 383 670 τῆς
416 599 682 670 ἀτροφίας
718 594 1115 666 προσγενέσθαι
1146 595 1224 661 τῷ
1256 594 1434 664 ὄχλῳ,
1468 595 1570 647 οὐκ
1606 594 1674 648 ἀν
1707 595 1866 649 ὲθαυ-

282 691 688 762 ματούργησεν.
710 690 853 759 Ὅρα
877 687 934 740 δὲ
965 686 1062 742 καὶ
1088 686 1218 748 τοὺς
1250 686 1523 756 μαθητὰς,
1555 686 1675 751 πῶς
1704 686 1869 756 ἀνοήι

277 799 390 844 τως
418 781 501 834 ἔτι
529 781 767 850 ἔχουσιν,
794 779 1006 831 οὐδέπω
1034 777 1386 839 πιστεύοντες
1414 779 1481 845 τῇ
1509 777 1739 844 δυνάμει
1760 775 1867 828 αύ-

276 871 375 926 τοῦ
401 871 510 924 ἀπὸ
535 871 644 922 τῶν
669 870 973 940 προτέρων.
999 867 1168 931 Αὐτὸς
1195 867 1254 920 δὲ
1279 867 1434 920 οὐδὲν
1459 867 1864 936 ἐπιμέμφεται,

274 963 548 1016 διδάσκων
573 961 673 1014 καὶ
698 962 844 1030 ἡμᾶς
879 958 955 1029 μὴ
981 959 1340 1029 ἐπιπλήττειν
1365 959 1728 1028 σφοδρότερον
1753 960 1867 1021 τοῖς

275 1055 572 1124 ἀμαθέσιν,
606 1052 721 1107 ἀλλ’
743 1053 893 1106 ἐστιν
926 1050 962 1106 ἀ
996 1053 1091 1104 καὶ
1126 1053 1536 1120 συγγνωμονεῖν
1567 1051 1758 1111 αὐτοῖς
1789 1049 1866 1111 ὡς

273 1147 547 1216 ἀνοήτοις.
586 1142 936 1210 ’Δναλογίζου
977 1142 1034 1195 δὲ
1077 1142 1174 1194 καὶ
1214 1139 1394 1206 τοῦτο,
1441 1141 1524 1192 ὅτι
1565 1141 1594 1192 6
1633 1138 1867 1207 Χριστὸς

273 1238 470 1291 οὐδένα
504 1237 752 1306 βούλεται
785 1235 976 1303 νῆστιν
1006 1231 1300 1287 ἀπολῦσαι.
1332 1231 1548 1293 Πάντας
1579 1231 1690 1301 γάρ
1719 1230 1864 1282 θέλει

275 1328 634 1397 κατατρυφᾷν
678 1325 788 1377 τῶν
832 1322 998 1377 αὑτοῦ
1049 1322 1439 1391 χαρισμάτων,
1490 1322 1582 1373 καὶ
1629 1320 1867 1389 μάλιστα

273 1419 402 1477 τοὺς
433 1421 581 1485 τρεῖς
612 1418 827 1487 ἡμέρας
861 1414 1026 1468 αὑτοῦ
1061 1412 1512 1483 παραμείναντας
1532 1450 1546 1474 ,
1579 1410 1863 1476 τουτέστι,

271 1511 402 1572 τοὺς
447 1508 862 1579 βαπτισθέντας.
895 1505 1048 1559 Ἐπεὶ
1091 1507 1198 1577 γὰρ
1244 1503 1505 1573 φώτισμα
1546 1503 1764 1569 λέγεται
1804 1500 1866 1552 τὸ

275 1601 594 1669 βάπτισμα,
628 1600 689 1652 τὸ
720 1600 773 1651 δὲ
811 1598 1098 1668 βάπτισμα
1137 1599 1193 1650 ὲν
1225 1597 1372 1667 τρισὶ
1411 1595 1742 1650 καταδύσεσι
1778 1610 1866 1646 τε·

271 1691 570 1753 λεῖται,,έν
610 1693 786 1761 τρισὶν
825 1690 1060 1758 ἡμέραις
1104 1687 1242 1739 εἰσὶν
1283 1689 1331 1739 oi
1373 1684 1738 1754 φωτιζόμενοι
1775 1684 1866 1738 διὰ

271 1781 367 1832 τοῦ
399 1780 794 1849 βαπτίσματος.
821 1777 1104 1846 Λαμϐάνει
1127 1775 1310 1830 τοίνυν
1331 1776 1454 1837 τοὺς
1478 1775 1619 1827 ἑπτὰ
1642 1775 1862 1843 ἄρτους,

1973 596 2200 665 penuria
2255 595 2490 658 fuisset,
2545 596 2858 662 neutiquam
2921 593 3149 648 fecisset
3205 595 3548 647 miraculum.

1974 686 2106 742 Vide
2124 694 2304 752 auum
2325 695 2378 744 et
2397 685 2692 754 discipulos
2710 698 2871 753 quam
2892 683 3213 752 insipienter
3228 699 3286 738 se
3302 683 3556 748 habeant,

1970 777 2210 832 nondum
2231 777 2522 833 credentes
2546 776 2773 829 virtutes
2797 774 2943 828 illius
2967 789 3032 827 ex
3059 774 3338 843 prioribus
3363 775 3556 842 signis.

1967 869 2092 938 Ipse
2151 876 2332 923 autem
2380 883 2494 924 non
2545 867 2934 936 reprehendit,
2989 867 3190 920 docens
3244 873 3300 920 et
3355 881 3450 919 nos
3492 881 3561 919 ne

1965 963 2304 1022 morosiores
2337 969 2392 1016 et
2419 962 2752 1016 austeriores
2782 975 2911 1030 erga
2943 960 3205 1014 indociles
3238 961 3432 1024 simus,
3464 959 3557 1012 sed

1969 1067 2097 1109 suat
2141 1069 2263 1124 quae
2315 1054 2426 1108 illis
2475 1063 2693 1124 oportet
2739 1055 3028 1124 ignoscere
3059 1064 3116 1106 ut
3151 1054 3557 1120 insipientibus.

1968 1146 2264 1202 Considera
2319 1155 2502 1200 autem
2545 1155 2599 1199 et
2655 1146 2797 1208 hoc,
2844 1145 2987 1212 quod
3038 1144 3295 1200 Christus
3352 1144 3559 1196 nullum

1967 1238 2082 1291 vult
2113 1236 2386 1291 dimittere
2429 1236 2698 1305 jejunum.
2738 1235 2943 1290 Omnes
2982 1236 3127 1290 enim
3173 1236 3289 1288 vult
3345 1236 3558 1290 deliciis

1968 1343 2189 1383 suorum
2221 1330 2492 1382 donorum
2526 1329 2708 1394 alere,
2745 1337 2802 1382 et
2833 1329 3068 1382 maxime
3095 1343 3191 1382 eos
3233 1329 3322 1396 qui
3382 1328 3562 1382 triduo

1961 1422 2108 1490 apud
2145 1436 2208 1491 se
2240 1429 2503 1484 manent,
2556 1420 2660 1475 hoc
2708 1428 2797 1476 est
2847 1419 3176 1488 baptizatos.
3230 1419 3564 1475 llluminatio

1968 1516 2112 1568 enim
2160 1515 2364 1568 dicitur
2416 1514 2708 1582 baptisma.
2741 1511 2880 1579 Quia
2931 1520 3114 1570 autem
3157 1513 3464 1579 baptismus
3509 1514 3560 1564 in

1973 1608 2145 1660 tribus
2178 1606 2550 1661 mersionibus
2577 1605 2659 1672 ﬁt,
2688 1607 2761 1660 ita
2795 1616 2852 1660 et
2881 1606 3060 1660 triduo
3094 1615 3317 1659 manent
3349 1606 3440 1674 qui
3467 1619 3564 1672 per

1970 1699 2298 1769 baptismum
2360 1699 2768 1757 illuminantnr.
2820 1697 3047 1765 Accepit
3099 1706 3308 1766 septem
3371 1711 3560 1766 panes,

1967 1790 2280 1859 spirituales
2310 1791 2533 1858 inquam
2559 1803 2874 1844 sermones.
2900 1787 3176 1845 Numerus
3196 1791 3346 1842 enim
3382 1796 3562 1856 septe-

269 1838 410 1934 τοὺς.
445 1838 996 1941 πνευματικωτέρους
1041 1870 1231 1936 λόγους
1274 1868 1439 1938 φημί.
1477 1868 1535 1920 Ὀ
1573 1838 1695 1936 γὰρ·
1723 1866 1863 1918 έπτά
1895 1840 1901 1909 ί

1972 1883 2155 1937 narius
2206 1882 2449 1950 Spiritus
2495 1882 2672 1936 sancti
2719 1880 3032 1952 symbolum
3069 1890 3184 1944 est,
3215 1881 3307 1948 qui
3344 1879 3559 1948 perﬁcit

275 1965 531 2035 ἀριθμὸς,
564 1964 657 2018 τοῦ
694 1963 1014 2032 Πνεύματός
1047 1963 1162 2014 ἑστι
1199 1961 1493 2032 σύμϐολον.
1527 1960 1601 2014 Τὸ
1637 1958 1864 2026 Πνεῦμα

272 2058 386 2127 γάρ
416 2059 531 2110 ἐστι
559 2048 619 2108 τδ
650 2054 888 2108 τελειοῦν
917 2055 987 2107 τά
1019 2053 1218 2116 πάντα,
1248 2054 1342 2104 καὶ
1373 2053 1430 2104 έν
1460 2049 1539 2118 τῷ
1571 2050 1711 2103 ἑπτὰ
1743 2047 1864 2114 ἀρι-

273 2150 402 2220 θμῷ
430 2149 732 2202 τελειοῦται
757 2150 786 2201 6
815 2147 928 2218 βίος
957 2147 1138 2218 ήμῶν,
1166 2148 1263 2199 καὶ
1287 2148 1315 2198 6
1344 2144 1481 2198 αἰὼν
1506 2138 1684 2206 οὗτος.
1711 2140 1869 2213 Τρώ-

273 2261 434 2312 γουσι
468 2243 528 2296 δὲ
565 2245 614 2295 οἱ
651 2242 1056 2310 πεφωτισμένοι
1093 2243 1188 2293 καὶ
1224 2237 1603 2309 χορτάζονται,
1637 2237 1734 2290 καὶ
1769 2253 1867 2289 πε-

280 2338 625 2408 ρισσεύματα
649 2335 832 2388 ἐῶσιν.
857 2336 933 2388 Οὐ
959 2335 1067 2404 γὰρ
1092 2335 1270 2388 πάντα
1296 2333 1550 2386 δύνανται
1578 2334 1773 2400 φαγεῖν
1796 2330 1868 2384 τὰ

277 2430 396 2482 θεῖα
426 2431 696 2498 νοήματα.
748 2429 890 2480 Ἀλλ’
910 2429 1025 2479 ἐκεῖ
1055 2427 1153 2495 μὲν
1181 2427 1237 2478 έν
1261 2427 1326 2493 τῇ
1357 2424 1464 2476 τῶν
1491 2422 1656 2475 πέντε
1684 2423 1865 2492 ἀρτων

277 2520 715 2591 θαυματουργία,
761 2518 970 2573 δώδεκα
1017 2519 1250 2587 κόφινοι,
1279 2516 1350 2569 τὰ
1395 2514 1816 2585 περισσεύματα
1847 2530 1861 2544 ·

278 2613 708 2682 πεντακισχίλιοι
757 2612 867 2682 γὰρ
911 2607 1072 2680 ἦσαν,
1118 2624 1366 2662 τουτέστι
1415 2611 1534 2670 ταῖς
1580 2607 1866 2677 αἰσθήσεσι

275 2709 399 2768 ταῖς
431 2705 592 2758 πέντε
620 2703 989 2766 δουλεύοντες.
1019 2703 1128 2755 Καὶ
1157 2703 1247 2754 διὰ
1273 2701 1434 2754 τοῦτο
1463 2701 1562 2753 οὑκ
1591 2699 1867 2770 ἠδυνήθη-

279 2814 381 2849 σαν
412 2796 582 2850 πολλά
615 2798 830 2863 φαγεῖν,
861 2795 977 2847 ἀλλ’
1003 2794 1206 2861 ὀλίγοις
1238 2793 1614 2863 ἠρκέσθησαν.
1649 2792 1740 2844 Διὸ
1772 2791 1867 2843 καὶ

279 2889 451 2942 πολλά
483 2889 552 2942 τά
583 2886 1038 2958 περιττεύσαντα·
1076 2885 1312 2941 ἐνταῦθα
1345 2885 1402 2938 δὲ
1434 2885 1693 2956 σπυρίδες
1725 2883 1868 2937 ἑπτὰ

280 2983 376 3036 καὶ
395 2981 552 3050 ὀλίγα
571 2983 640 3036 τά
661 2981 909 3052 λείψανα,
928 2981 1064 3034 διότι
1079 2979 1510 3051 τετρακισχίλιοι
1534 2975 1696 3050 ἦσαν,
1715 2995 1867 3031 τουτ-

280 3077 436 3139 έστι,
474 3077 593 3138 ταῖς
634 3076 931 3146 τέσσαρσιν
978 3077 1202 3144 ἀρεταῖς
1244 3073 1727 3142 γεγυμνασμένοι,
1771 3069 1867 3122 κα)⁸

1964 1975 2175 2030 omnia.
2235 1973 2563 2042 Septenaria
2614 1973 2761 2028 enim
2820 1987 3052 2027 numero
3109 1972 3392 2041 perﬁcitur
3449 1973 3563 2026 vita

1969 2068 2084 2119 b.t-c
2130 2076 2185 2119 et
2229 2066 2334 2120 hoc
2359 2064 2994 2122 saeculum..Comedunt
3038 2075 3217 2118 autem
3247 2064 3565 2130 illuminati,

1968 2168 2024 2211 et
2051 2167 2394 2224 saturantur,
2424 2167 2481 2212 et
2511 2157 2761 2227 reliquit:
2796 2166 3112 2226 supersunt.
3153 2154 3344 2224 Neque
3369 2170 3566 2213 omnes

1966 2263 2165 2306 sensus
2195 2248 2413 2304 divinos
2441 2249 2606 2304 edere
2640 2248 2846 2303 valent.
2884 2246 3086 2305 Verum
3128 2247 3179 2300 in
3232 2247 3323 2302 illo
3348 2247 3565 2316 quidem

1967 2342 2213 2410 quinque
2245 2357 2448 2408 panum
2487 2338 2774 2401 miraculo,
2810 2338 2976 2407 210
3005 2336 3293 2392 duodecim
3345 2335 3568 2404 cophini

1969 2441 2117 2494 sunt,
2146 2439 2201 2485 et
2233 2432 2420 2497 plures
2443 2429 2692 2497 reliquiae
2718 2444 2733 2484 :
2764 2428 3086 2483 erantenim
3113 2428 3354 2497 quinque
3376 2425 3567 2491 millia,

1971 2527 2072 2581 hoc
2097 2538 2203 2588 est,
2251 2527 2492 2596 quinque
2533 2524 2790 2580 sensibus
2834 2522 3152 2577 serviebant
3187 2531 3240 2572 et
3277 2524 3566 2586 propterea

1971 2636 2076 2675 non
2116 2629 2410 2687 potuerunt
2470 2619 2638 2671 multa
2690 2618 2878 2676 edere.
2930 2617 3024 2670 sed
3075 2613 3268 2682 paucis
3322 2609 3568 2666 contenti

1971 2711 2209 2774 fuerunt,
2237 2711 2442 2765 et’ideo
2466 2709 2647 2777 plures
2671 2717 2801 2762 sunt
2831 2706 3079 2777 reliquia:
3114 2724 3126 2761 :
3164 2706 3252 2759 hic
3277 2718 3406 2758 vero
3438 2717 3568 2770 sep-

1971 2811 2080 2856 tem
2141 2811 2270 2856 sunt
2327 2811 2562 2868 sportac,
2605 2809 2659 2854 et
2711 2799 2968 2868 pauciora
3005 2797 3250 2859 residua,
3304 2809 3370 2848 eo
3420 2792 3566 2862 quod

1967 2903 2208 2964 quatuor
2238 2892 2411 2948 millia
2452 2892 2691 2956 fuerunt,
2725 2891 2828 2944 hoc
2866 2899 2972 2956 est,
3008 2898 3245 2957 quatuor
3275 2885 3573 2940 virtutibus

1970 2987 2279 3052 exercitati,
2303 2995 2363 3042 et
2390 2997 2678 3056 propterea
2708 2993 2979 3053 tauquam
3012 2982 3351 3051 potentiores
3374 3018 3389 3042 ,
3417 2977 3574 3049 plura

1971 3082 2327 3138 comederunt
2367 3089 2422 3133 et
2463 3081 2718 3148 pauciora
2762 3077 3121 3146 reliquerunt.
3155 3072 3245 3126 Illa
3279 3072 3427 3126 enim
3457 3070 3575 3126 sola

276 3168 367 3221 διὰ
396 3167 554 3220 τοῦτο
583 3169 659 3229 ὡς
687 3167 1080 3238 δυνατώτεροι,
1116 3166 1319 3234 ἔφαγον
1349 3165 1549 3227 πολλὰ,
1582 3163 1678 3217 καὶ
1707 3163 1866 3230 ὀλίγα
1891 3197 1901 3243 ε

1973 3186 2078 3225 non
2117 3178 2419 3240 potuerunt
2449 3170 2760 3228 comedere.
2789 3182 2910 3236 quae
2943 3165 3171 3220 fuerunt
3204 3165 3380 3233 magis
3410 3162 3576 3230 spiri-

280 3261 627 3330 κατέλειψαν.
663 3261 877 3313 Ἐκεῖνα
914 3258 1022 3330 γὰρ
1062 3260 1198 3330 μόνα
1238 3259 1340 3311 οὐκ
1376 3258 1725 3328 ἠδυνήθησαν
1760 3273 1867 3324 φα-

277 3357 418 3421 γεῖν,
455 3352 553 3406 ὅσα
589 3346 659 3422 ἦν
694 3349 1188 3420 πνευματικώτερα
1227 3351 1320 3402 καὶ
1361 3346 1635 3418 βαθύτερα
1657 3363 1672 3378 ·
1706 3343 1867 3399 τοῦτο

280 3449 392 3518 γάρ
429 3448 485 3501 αί
522 3445 661 3498 έπτά
703 3445 971 3515 στυρίδες.
1011 3443 1268 3497 Μάνθανε
1304 3441 1363 3493 δὲ
1402 3441 1495 3492 καὶ
1530 3438 1689 3492 τοῦτο
1725 3436 1869 3496 κατά

278 3540 379 3610 τὴν
407 3538 667 3607 ἱστορίαν,
695 3538 778 3590 ὅτι
806 3536 888 3588 δεῖ
912 3536 1058 3605 ἡμᾶς
1085 3535 1215 3604 ἄχρι
1239 3533 1340 3603 τῆς
1369 3531 1557 3603 χρείας
1586 3530 1864 3595 ἵστασθαι,

277 3630 374 3683 καὶ
407 3627 573 3698 μηδὲν
596 3626 760 3679 πλέον
784 3627 990 3696 ζητεῖν.
1029 3625 1163 3678 Ἰδοὺ
1196 3625 1303 3695 γάρ
1329 3625 1378 3676 oi
1405 3622 1577 3693 δχλοι,
1602 3622 1870 3690 φαγόντες

278 3723 377 3775 καὶ
417 3720 843 3791 χορτασθέντες,
881 3719 982 3771 οὐκ
1024 3717 1219 3770 ἐλαὸον
1257 3715 1377 3786 μεθ’
1403 3714 1613 3770 ἑαυτῶν
1647 3714 1720 3767 τά
1759 3714 1870 3767 λεί-

275 3815 425 3885 ψανα
449 3814 556 3867 τῶν
582 3815 784 3884 ἀρτων,
809 3811 922 3865 ἀλλ’
941 3813 989 3864 oi
1024 3810 1264 3881 μαθηταὶ
1290 3804 1432 3881 ἦραν
1456 3807 1653 3874 ταῦτα,
1677 3807 1827 3862 ὥσπε
1837 3826 1869 3880 ρ

278 3908 377 3963 καὶ
412 3906 505 3960 ἐπὶ
537 3904 644 3959 τῶν
681 3905 922 3972 κοφίνων
947 3919 962 3934 ο
1000 3902 1175 3966 οὕτως
1208 3897 1302 3957 οὖν
1337 3902 1421 3955 δεῖ
1457 3902 1550 3956 καὶ
1586 3903 1736 3973 ἡμᾶς
1771 3903 1872 3971 ἀρ-

279 3999 494 4055 κεῖσθαι
524 4000 589 4070 τῇ
622 3996 938 4068 συμμετρίᾳ
966 3997 1064 4064 τῆς
1095 3995 1308 4067 χρείας.

361 4111 381 4144 ι
415 4093 526 4145 Καὶ
552 4091 754 4153 εὐθέως
779 4089 954 4160 έμδάς
981 4091 1062 4152 είς
1086 4089 1147 4141 τὸ
1174 4087 1359 4141 πλοῖον
1388 4085 1527 4158 μετά
1550 4086 1661 4141 τῶν
1691 4086 1870 4158 μαθη-

277 4185 394 4238 τῶν
442 4182 634 4243 αὑτοῦ.
679 4177 844 4253 ἦλθεν
893 4182 974 4244 είς
1022 4180 1092 4234 τά
1140 4181 1284 4251 μέρει,
1334 4179 1715 4250 Δαλμανουθά.
1761 4182 1872 4235 Καὶ

278 4277 505 4350 ἐξῆλθον
549 4279 598 4328 οἱ
642 4277 929 4345 Φαρισαῖοι
971 4274 1068 4328 καὶ
1112 4272 1351 4345 ἧρξαντο
1391 4271 1648 4343 συζητεῖν
1687 4273 1868 4343 αὐτῷ,

281 4371 577 4444 ζητοῦντες
603 4368 736 4439 παρ’
771 4367 936 4421 αὐτοῦ
967 4370 1194 4438 σημεῖον
1217 4367 1325 4421 ἀπὸ
1346 4366 1440 4420 τοῦ
1467 4365 1725 4438 οὐρανοῦ,
1752 4384 1896 4420 πει-λ

283 4465 544 4538 ράζοντες
577 4462 763 4516 αὐτόν.
798 4461 912 4516 Καὶ
950 4458 1324 4524 ἀναστενάξας
1354 4459 1432 4530 τῷ
1464 4459 1740 4530 πνεύματι
1774 4461 1872 4514 αὐ-

1971 3263 2136 3318 tualia
2181 3271 2235 3317 et
2282 3262 2667 3332 profundiore,
2692 3261 2844 3316 unde
2876 3268 2933 3314 et
2964 3273 3063 3329 per
3103 3267 3311 3328 septem
3360 3265 3578 3324 sportas

1971 3354 2347 3424 designantur.
2387 3351 2546 3407 Disce
2597 3353 2790 3406 ethoc
2835 3351 2997 3420 juxta
3055 3349 3373 3413 historiam,
3433 3347 3577 3415 quod

1972 3445 2227 3498 debemus
2261 3444 2349 3498 his
2378 3443 2576 3513 quibus
2607 3444 2951 3512 indigemus,
3010 3439 3254 3496 contenti
3309 3453 3451 3504 esse,
3521 3448 3580 3494 et

1972 3535 2105 3590 nihil
2157 3535 2397 3605 amplius
2458 3549 2724 3604 quaerere.
2788 3530 2929 3591 Ecce
2979 3531 3127 3586 enim
3191 3531 3404 3595 turbat,
3455 3543 3578 3599 quas

1964 3629 2441 3694 comederuntg-et
2474 3636 2740 3683 saturata:
2772 3625 3019 3690 fuerunt,
3076 3637 3183 3678 non
3243 3629 3578 3692 acceperunt

1973 3737 2159 3779 secum
2193 3721 2457 3790 reliquias
2484 3735 2709 3790 panum,
2739 3719 2832 3773 sed
2866 3716 3113 3786 discipuli
3143 3717 3243 3770 has
3267 3725 3577 3787 gestarum,

1973 3815 2432 3888 quemadmodum
2479 3823 2534 3869 et
2591 3814 2644 3866 itt
2701 3811 2951 3881 cophinis
3002 3809 3205 3864 factum
3242 3808 3441 3870 fuerat,
3496 3807 3578 3861 sic

1975 3912 2141 3983 igitur
2188 3919 2252 3965 et
2297 3923 2398 3964 nos
2449 3921 2550 3965 usu
2604 3905 2763 3962 nobis
2810 3917 3054 3974 congruo
3112 3917 3234 3960 esse
3285 3909 3578 3957 contentos

1975 4005 2159 4060 decet.

2053 4094 2216 4151 νειμ.
2254 4093 2436 4149 l0-l‘2.
2481 4110 2500 4144 ι
2539 4092 2602 4145 Ει
2647 4105 2772 4145 mox
2815 4090 3095 4159 ingressus
3130 4087 3186 4140 in
3237 4085 3420 4139 navim
3451 4099 3576 4138 cunt

1978 4189 2261 4258 discipulis
2313 4187 2468 4250 suis,
2526 4184 2676 4238 venit
2727 4183 2778 4236 in
2833 4192 3015 4252 partes
3063 4178 3492 4240 Dalmanuthar
3522 4183 3580 4228 et

1976 4284 2183 4356 egressi
2216 4291 2346 4340 sunt
2377 4280 2665 4344 Pharisaei,
2693 4287 3091 4349 coeperuntque
3123 4275 3411 4344 disputare
3445 4285 3573 4326 cunt

1974 4375 2094 4442 illo,
2113 4386 2420 4446 quaerentes
2445 4373 2513 4428 ab
2541 4386 2607 4426 eo
2633 4371 2848 4441 signum
2873 4385 2902 4424 e
2929 4368 3092 4432 caelo,
3120 4371 3399 4421 tentantes
3428 4377 3575 4417 eum.

1973 4468 2045 4524 Et
2074 4484 2198 4524 cum
2228 4467 2590 4539 ingemuisset
2617 4465 2813 4534 spiritu
2844 4476 2966 4524 suo,
3004 4459 3135 4516 dicit
3161 4475 3176 4514 :
3212 4458 3321 4512 Cur
3349 4469 3580 4525 genera-

277 4555 395 4620 τοῦ,
422 4553 603 4621 λέγει’
631 4551 696 4603 Τί
720 4552 753 4622 ή
777 4552 945 4618 γενεά
969 4550 1109 4619 αῦτη
1136 4552 1364 4620 σημεῖον
1389 4550 1669 4621 ἐπιζητεῖς
1701 4551 1874 4622 Ἀμὴν

1985 4563 2059 4618 ιὶο
2079 4563 2196 4617 haec
2219 4563 2433 4632 signum
2462 4557 2660 4628 quaerit
2679 4557 2704 4609 Ἰ
2729 4555 2901 4609 Amen
2928 4554 3048 4608 dico
3072 4551 3248 4613 vobis,
3285 4549 3329 4603 si
3361 4547 3581 4600 dabitur

279 4646 429 4714 λέγω
463 4643 624 4714 ὑμῖν,
657 4644 705 4696 εἰ
735 4643 1027 4712 δοθήσεται
1055 4645 1123 4713 τῇ
1154 4644 1320 4713 γενεᾷ
1351 4641 1526 4716 ταύτῃ
1558 4646 1805 4712 σημεῖον.
1845 4663 1865 4698 ι
1891 4638 1907 4654 ⁸

281 4739 438 4794 Μετά
466 4737 527 4791 τὸ
564 4734 750 4805 θαῦμα
779 4735 840 4788 τὸ
869 4735 962 4789 ἐπὶ
993 4738 1105 4798 τοῖς
1139 4735 1328 4805 ἀρτοις
1349 4777 1363 4801 ,
1395 4735 1558 4801 εὐθὺς
1592 4740 1873 4808 ἀναχωρεῖ

280 4831 362 4892 είς
395 4827 556 4882 ἄλλον
588 4827 788 4891 τόπον,
825 4827 1161 4897 φοϐούμενος
1202 4829 1402 4897 μήπως
1436 4829 1465 4879 6
1499 4828 1657 4900 ὄχλος
1693 4829 1782 4882 διὰ
1812 4829 1873 4882 τὸ

279 4920 525 4976 τοιοῦτον
552 4914 766 4988 θαῦμα.
798 4920 1093 4990 νεωτερίσῃ
1115 4959 1128 4982 ,
1161 4921 1257 4971 καὶ
1289 4923 1492 4994 ποιήσῃ
1521 4921 1684 4974 αὐτὸν
1713 4921 1871 4992 βασι-

279 5011 399 5066 λέα.
435 5012 500 5064 Oi
532 5010 590 5064 δὲ
623 5012 911 5090 Φαρισαῖοι
947 5015 1184 5082 σημεῖον·
1209 5013 1462 5084 ζητοῦσιν
1497 5014 1557 5079 ἐξ
1601 5015 1868 5086 ούρανοῦ,

280 5097 394 5158 οἷον
421 5101 573 5172 ἣλιον
604 5102 829 5172 στῆσαι,
864 5103 1127 5174 σελήνην,
1159 5106 1458 5175 κεραυνοὺς
1505 5109 1868 5176 καταγαγεῖν,

280 5196 421 5267 ἀέρα.
454 5195 770 5249 ἀλλοιῶσαι.
810 5195 1090 5265 Ἐνόμιζον
1119 5196 1250 5269 γὰρ,
1283 5199 1363 5250 ὅτι
1397 5200 1456 5251 οὺ
1490 5199 1777 5270 δυνήσεται
1812 5200 1871 5268 ἐξ

279 5285 509 5360 οὐρανοῦ
545 5287 770 5356 ποιῆσαι
808 5290 1032 5356 σημεῖον
1056 5329 1069 5352 ,
1104 5281 1192 5342 οἷα
1225 5288 1290 5357 δὴ
1326 5291 1385 5342 ὲν
1417 5288 1493 5359 τῷ
1528 5291 1865 5357 Βεελζεσοὺλ

279 5381 575 5449 δυνάμενος
607 5381 780 5432 ποιεῖν
805 5380 873 5432 τά
901 5380 959 5432 έν
986 5383 1052 5451 τῇ
1085 5383 1155 5452 γῇ
1192 5382 1331 5451 μόνα
1359 5385 1584 5453 σημεῖα.
1614 5384 1786 5450 Αὐτὸς
1812 5383 1869 5438 δὲ

279 5479 339 5531 οὒ
372 5475 619 5529 πείθεται
647 5475 877 5540 τούτοις.
907 5476 1099 5538 Ἀλλος
1131 5475 1239 5548 γὰρ
1266 5479 1294 5529 6
1325 5479 1517 5548 καιρὸς
1544 5460 1653 5531 τῶν
1692 5479 1750 5545 ἐξ
1780 5479 1870 5532 οὐ·

284 5569 446 5642 ρανοῦ
480 5568 741 5638 σημείων,
774 5569 802 5620 6
829 5568 928 5638 τῆς
959 5569 1226 5640 δευτέρας·
1249 5571 1394 5638 λέγω
1420 5571 1748 5644 παρουσίας.
1779 5573 1868 5626 ὅτε

279 5667 333 5717 ai
368 5660 628 5730 δυνάμεις
672 5661 780 5713 τῶν
810 5660 1059 5729 οὐρανῶν
1091 5661 1545 5734 σαλευθήσονται,
1578 5664 1674 5718 καὶ
1708 5666 1739 5733 ἡ
1780 5681 1867 5717 σε-

279 5754 413 5825 λήνη
456 5753 517 5806 οὑ
554 5751 714 5806 δώσει
746 5751 807 5807 τὸ
848 5753 1050 5821 φέγγος
1092 5754 1281 5824 αὐτῆς.
1313 5755 1370 5809 Ὀ
1411 5757 1468 5809 δὲ
1499 5759 1599 5827 τῆς
1639 5758 1866 5828 πρώτης

278 5846 604 5916 παρουσίας,
632 5845 784 5900 οὐδὲν
812 5845 1050 5899 τοιοῦτον
1078 5845 1213 5916 ἔχει,
1244 5848 1379 5901 ἀλλά
1412 5848 1591 5904 πάντα
1625 5850 1864 5920 πραότη-

1980 4653 2319 4724 generationi
2375 4651 2501 4706 huic
2537 4651 2773 4719 signum.
2813 4665 2837 4697 θ
2889 4645 3019 4700 Post
3075 4643 3290 4713 signum
3337 4646 3440 4698 hoc
3492 4653 3582 4692 se-

1977 4756 2124 4816 ptem
2143 4760 2348 4814 panum
2384 4742 2568 4798 statim
2604 4740 2811 4800 secedit
2838 4739 2896 4795 in
2932 4736 3097 4796 alium
3143 4734 3343 4798 locum,
3383 4733 3583 4787 timens

1979 4851 2047 4892 ne
2075 4852 2184 4905 quo
2210 4843 2378 4906 pacto
2410 4833 2568 4892 turba
2628 4839 2782 4886 tanto
2816 4826 3087 4885 miraculo
3129 4826 3368 4881 excitata
3392 4865 3406 4888 ,
3449 4821 3579 4891 quid

1978 4945 2240 4984 novarum
2293 4942 2476 4988 rerum
2513 4925 2834 4990 moliretur,
2886 4933 3180 4991 regemque
3236 4933 3293 4972 se
3354 4916 3578 4969 faceret.

1977 5019 2241 5076 Pharisaei
2273 5021 2491 5091 signum
2548 5022 2803 5087 quaerunt
2847 5014 2918 5069 de
2961 5012 3125 5077 ccelo,
3191 5017 3378 5079 utpote
3433 5011 3578 5076 quod

1967 5114 2144 5176 solem
2196 5112 2357 5170 sistat
2418 5119 2478 5166 et
2527 5109 2738 5173 lunam.
2799 5106 3030 5168 fulmina
3079 5105 3341 5164 deducat,
3387 5116 3573 5159 aerem

1970 5206 2247 5267 immutet.
2271 5205 2699 5264 Arbitrabantur
2729 5200 2876 5262 enim
2901 5214 3030 5264 eum
3057 5212 3168 5261 non
3199 5209 3361 5267 posse
3393 5194 3579 5248 facere

1975 5300 2185 5370 signum
2211 5297 2279 5357 de
2310 5297 2450 5354 ccelo
2486 5306 2745 5365 tanquam
2800 5293 2894 5362 qui
2938 5292 2993 5359 in
3043 5289 3339 5348 Beelzebut
3393 5286 3576 5342 facere

1974 5387 2150 5442 solum
2181 5394 2364 5456 posset
2394 5385 2548 5454 signa
2577 5385 2631 5442 in
2663 5393 2837 5442 terra.
2876 5380 2992 5455 Ipse
3029 5389 3213 5438 autem
3255 5392 3464 5434 morem
3497 5377 3576 5429 eis

1974 5494 2081 5533 non
2109 5476 2266 5546 gerit.
2299 5476 2461 5530 Aliud
2486 5475 2634 5530 enim
2660 5482 2744 5530 est
2771 5485 2988 5544 tempus
3008 5472 3288 5542 signorum
3312 5471 3379 5526 de
3408 5468 3574 5530 coelo,

1972 5588 2168 5641 nempe
2213 5570 2437 5626 secundi
2491 5571 2758 5625 adventus
2811 5575 3047 5636 tempus,
3085 5568 3306 5636 quando
3342 5565 3574 5616 virtutes

1971 5665 2234 5720 cmlorum
2272 5662 2792 5727 commovebuntur,
2817 5668 2871 5717 et
2906 5659 3035 5716 luna
3067 5673 3175 5716 non
3207 5658 3360 5714 dabit
3392 5655 3572 5723 splen-

1971 5759 2157 5811 dorem
2204 5773 2385 5812 suum.
2429 5754 2599 5809 Primi
2638 5763 2818 5809 autem
2855 5750 3124 5806 adventus
3165 5760 3379 5818 tempus
3435 5746 3568 5800 nihil

1973 5850 2080 5906 tale
2111 5850 2293 5917 habet,
2329 5848 2426 5904 sed
2460 5846 2642 5903 omnia
2679 5843 3102 5901 mansuetudine
3142 5841 3298 5913 plena
3334 5850 3479 5904 sunt,
3515 5848 3570 5895 et
