4298 6446
770 403 892 471 571

1708 400 1812 461 ΤΗ
1822 398 2293 460 EOPHYLACTI
2327 394 2741 460 BULGARIE
2772 397 3135 460 ARCHIEP.

3924 392 4043 456 572

785 516 859 569 ita
894 500 998 569 non
1033 510 1245 567 dabitur
1271 510 1605 581 generationi
1654 510 1780 565 huic
1827 511 2038 579 signum
2082 508 2213 573 tale,
2247 508 2348 563 hoc
2376 512 2425 573 Α
2449 524 2482 563 τ

2376 512 2425 573 Δ
2449 524 2543 573 τος
2570 510 2833 579 γίμοντα.
2856 508 3018 562 Ὥστε
3044 507 3107 560 οὐ
3135 504 3424 577 δοθησεται
3454 505 3521 575 τῇ
3554 502 3717 574 γενεᾷ
3740 500 3911 574 ταύτῃ
3941 521 4047 575 ση-

784 612 888 668 est,
925 603 989 656 de
1017 601 1176 655 cceio.

854 694 1012 748 νεεδ.
1048 693 1239 747 iii-2|.
1279 712 1297 744 ι
1337 692 1402 745 Et
1440 691 1642 746 relictis
1687 690 1811 753 illis,
1847 692 2129 761 ingressus
2152 705 2350 748 rursus

781 782 959 837 navim
991 783 1126 835 abiit
1162 782 1385 851 trajecto
1424 782 1561 834 lacti.
1612 779 1676 833 Et
1703 780 1853 835 obliti
1890 780 2103 835 fuerant
2135 793 2351 835 sumere

782 887 974 940 panes,
1009 886 1106 927 nec
1139 883 1333 940 praeter
1366 886 1527 924 unum
1559 885 1753 941 panem
1788 869 2057 925 habebant
2087 884 2269 925 secum
2295 871 2350 924 in

783 963 928 1017 navi.
978 964 1053 1016 Ac
1100 960 1353 1030 praecepit
1410 962 1518 1017 illis
1554 962 1774 1017 dicens:
1830 958 2038 1024 Videte,
2068 967 2271 1017 cavete
2318 976 2351 1015 a

784 1052 1050 1109 fermento
1089 1050 1510 1117 Pharisaeorum,
1544 1062 1598 1105 et
1627 1066 1655 1105 a
1685 1052 1953 1106 fermento
1988 1050 2235 1107 Herodis.
2286 1050 2353 1106 Et

781 1143 1128 1210 disputabant
1174 1143 1313 1196 inter
1340 1132 1481 1206 sese,
1513 1142 1797 1196 dicentes:
1834 1140 2014 1197 Panes
2048 1156 2151 1196 non
2184 1141 2353 1197 habe-

781 1248 921 1287 nms.
952 1233 1015 1287 Et
1040 1246 1107 1288 eo
1130 1233 1361 1302 cognito,
1387 1231 1545 1286 Jesus
1560 1226 1693 1284 dicit
1721 1230 1831 1285 illis
1855 1249 1869 1286 :
1899 1231 2038 1298 Quid
2062 1231 2351 1301 disputatis

781 1325 927 1394 quod
975 1337 1139 1393 panes
1192 1338 1298 1376 non
1349 1322 1602 1377 habetis?
1638 1320 1886 1378 Nondum
1922 1323 2351 1381 animadvertitis

786 1428 885 1467 nee
948 1411 1533 1481 intelligitis‘.?-adhuc
1591 1412 1922 1467 obcaecatum
1985 1412 2197 1469 habetis
2254 1428 2352 1469 cor

782 1500 1061 1554 vestrum?
1091 1496 1279 1555 oculos
1324 1502 1585 1556 habentes
1632 1515 1738 1555 non
1779 1502 2027 1568 cernitis,
2080 1510 2137 1556 et
2191 1518 2352 1560 aures

781 1590 1045 1647 habentes
1095 1606 1200 1646 non
1259 1593 1498 1646 auditis?
1572 1599 1627 1647 et
1676 1607 1784 1648 non
1833 1594 2199 1660 meministis,
2229 1608 2350 1649 cum

781 1684 1019 1752 quinque
1043 1681 1508 1753 panesifregissem
1530 1685 1583 1738 in
1606 1683 1884 1741 hominum
1905 1686 2145 1755 quinque
2163 1685 2348 1751 millia,

784 1782 914 1841 quot
944 1774 1204 1841 cophinos
1234 1772 1554 1841 fragmentis
1578 1775 1767 1845 plenos
1788 1776 2085 1832 sustulistis
2108 1776 2131 1830 2
2156 1776 2351 1831 Dicunt

2453 601 2608 669 μεῖον
2634 599 2898 665 τοιοῦτον,
2927 598 3209 651 τουτέστιν
3236 595 3553 666 οὐρανόθεν.

2529 707 2549 742 ι
2589 688 2701 745 Kal
2734 687 2895 757 ἀφεὶς
2927 686 3160 750 αὐτοὺς,
3196 683 3374 754 ipsa;
3407 684 3571 737 πάλιν
3604 684 3687 746 είς
3716 681 3779 736 τδ
3812 682 4004 737 πλοῖον
4024 724 4045 749 ,

2449 778 2695 849 ἀπῆλθεν
2731 779 2811 841 είς
2847 776 2908 829 τδ
2949 776 3143 846 πέραν.
3184 774 3296 827 Kal
3334 769 3661 827 ἐπελάθοντο
3700 773 3750 824 oi
3800 772 4049 842 μαθηταὶ

2450 869 2614 923 αὐτοῦ
2646 868 2833 922 λαϐεῖν
2862 868 3082 935 ἄρτους,
3112 865 3209 919 καὶ
3251 865 3300 918 εί
3334 864 3408 935 μὴ
3438 864 3533 917 ινα
3565 864 3731 935 ἄρτον
3756 863 3859 917 οὐκ
3894 858 4047 933 εἶχον

2455 959 2805 1030 μεθ’δαυτῶν
2846 960 2905 1011 ιν
2946 956 3026 1026 τῷ
3072 956 3263 1027 πλοίῳ.
3304 956 3414 1009 Kal
3459 954 3797 1007 διεστέλλετο
3837 955 4048 1021 αὐτοῖς,

2450 1050 2663 1118 λιγων·
2701 1049 2919 1119 Ὁρᾶτε,
2949 1047 3179 1118 βλιπετε
3219 1045 3329 1101 ἀπὸ
3364 1045 3464 1115 τῆς
3510 1045 3691 1115 ζύμης
3728 1045 3837 1099 τῶν
3874 1047 4049 1117 Φαρι-

2453 1140 2657 1207 σαίων,
2704 1140 2802 1195 καὶ
2844 1140 2943 1210 τῆς
2989 1138 3169 1210 ζύμης
3206 1136 3474 1207 Ἡρώδου.
3521 1136 3635 1191 Kal
3684 1136 4051 1204 διελογίζοντο

2452 1230 2590 1301 πρὸς
2632 1228 2915 1299 ἀλλήλους,
2959 1228 3241 1297 λέγοντες,
3268 1224 3352 1280 ὅτι
3393 1228 3627 1297 ’Δρτους
3676 1220 3775 1279 οὐκ
3822 1226 4045 1296 ἔχομεν.

2452 1321 2563 1374 Kal
2592 1321 2753 1388 γνοὺς
2779 1321 2809 1373 δ
2842 1319 3069 1387 Ἰησοῦς,
3100 1319 3248 1386 λέγει
3278 1317 3462 1377 αὐτοῖς
3486 1334 3505 1365 .·
3541 1317 3607 1369 Τί
3640 1316 4044 1384 διαλογίζεσθε.

2451 1410 2534 1463 δτι
2556 1408 2754 1481 ἄρτους
2780 1408 2881 1462 οὐκ
2906 1408 3093 1478 εχετες
3120 1406 3286 1462 Οὔπω
3312 1410 3505 1473 νοεῖτε,
3535 1407 3660 1461 οὐδὲ
3688 1407 3931 1470 συνίετε;
3962 1407 4048 1459 ἔτι

2453 1504 2872 1569 πεπωρωμένην
2905 1499 3059 1570 εχετε
3094 1500 3193 1559 τὴν
3227 1499 3455 1568 καρδίαν
3492 1498 3684 1569 ὑμῶν;
3721 1497 4043 1565 ὀφθαλμοὺς

2451 1587 2667 1658 ῑχοντες
2706 1589 2769 1641 οὐ
2808 1588 3057 1659 βλέπετε,
3092 1592 3187 1643 καὶ
3224 1584 3340 1644 ὦτα
3378 1590 3595 1660 ἔχοντες
3634 1591 3737 1643 οὐκ
3776 1587 4043 1651 ἀκούετε;

2452 1679 2549 1732 καὶ
2570 1680 2641 1733 ‘06
2678 1679 3049 1750 μνημονεύετε
3071 1720 3088 1745 ,
3119 1682 3206 1734 ὅτε
3242 1682 3367 1744 τοὺς
3400 1682 3564 1734 πίντε
3597 1682 3807 1749 ἄρτους
3837 1680 4048 1733 ῑκλασα

2454 1769 2535 1832 sic
2571 1770 2699 1832 τοὺς
2739 1770 3235 1840 πεντακισχιλίους,
3277 1772 3477 1833 πόσους
3519 1770 3773 1838 κοφίνους
3812 1770 4048 1839 πλήρεις

783 1864 832 1918 ei
860 1881 873 1917 :
907 1863 1219 1919 Duodecim.
1243 1863 1374 1918 Cum
1396 1875 1574 1920 autem
1599 1875 1802 1934 septem
1828 1867 1883 1921 in
1907 1876 2139 1936 quatuor
2160 1866 2346 1931 millia,
2376 1853 2421 1909 Β
2450 1878 2480 1913 κ

2376 1853 2421 1909 Β
2450 1859 2778 1929 κλασμάτων
2806 1860 3011 1930 ἡρατες
3042 1862 3307 1929 Λέγουσιν
3334 1862 3483 1933 αὐτῷ
3507 1878 3522 1894 ο
3555 1861 3797 1916 Δώδεκα.
3825 1864 3955 1914 Ὀτε
3988 1862 4047 1914 δὲ

782 1963 915 2023 quot
970 1964 1185 2023 sportas
1236 1970 1301 2009 ex
1360 1956 1609 2027 reliquiis
1652 1956 2077 2025 fragmentorum
2111 1956 2350 2012 tulistis?

781 2044 861 2099 Illi
896 2060 1021 2099 vero
1055 2047 1322 2109 dixerunt,
1352 2048 1508 2115 211
1538 2045 1777 2113 Septem.
1810 2046 1877 2101 Et
1905 2048 2042 2101 dixit
2072 2047 2211 2103 illis:
2248 2047 2350 2115 Qui

782 2133 844 2189 ﬁt
871 2145 929 2189 ut
957 2150 1060 2189 non
1088 2134 1443 2204 intelligetis?
1474 2136 1710 2205 Reliquit
1733 2134 2038 2192 Pharisaos
2068 2135 2350 2204 Dominus,

780 2235 842 2279 ut
874 2226 1291 2296 incorrigibiles.
1328 2226 1429 2282 Ubi
1464 2229 1611 2282 enim
1668 2242 1795 2297 spes
1841 2236 1927 2283 est
1971 2229 2343 2295 correctionis,

784 2317 857 2371 ibi
892 2319 1287 2371 immorandum
1322 2330 1447 2374 est:
1487 2320 1576 2375 ubi
1600 2330 1780 2374 autem
1813 2319 1905 2375 illa
1934 2318 2192 2385 defuerit,
2229 2321 2353 2376 inde

782 2410 1191 2462 transeundum.
1228 2409 1499 2478 Singulari
1543 2417 1722 2465 autem
1758 2409 2170 2480 dispensatione
2210 2409 2354 2466 litut

779 2499 1029 2567 discipuli
1056 2500 1450 2555 obliviscantur
1471 2516 1689 2570 panum,
1713 2517 1820 2571 quo
1844 2501 2097 2558 meliores
2114 2502 2349 2558 evadant

780 2590 1075 2660 objurgati,
1108 2602 1161 2647 et
1186 2593 1489 2664 intelligant
1522 2595 1733 2648 Domini
1760 2598 2039 2649 virtutem.
2062 2593 2197 2647 Nam
2227 2609 2351 2647 cum

779 2683 1005 2739 dixisset
1038 2685 1339 2738 cavendum
1388 2700 1416 2737 a
1470 2684 1737 2738 fermento
1786 2683 2222 2747 Pharisaeorum,
2254 2686 2356 2738 hoc

781 2786 886 2837 est,
927 2778 1195 2841 doctrina,
1228 2777 1301 2829 illi
1336 2792 1457 2831 eum
1490 2778 1752 2846 putabant
1773 2777 1838 2831 de
1860 2791 2060 2846 panum
2088 2774 2356 2832 fermento

779 2864 1040 2921 locutum.
1101 2865 1258 2922 Unde
1319 2867 1516 2921 merito
1581 2866 2021 2937 perstringuntur
2099 2877 2352 2936 tanquam

777 2958 1013 3026 stupidi,
1063 2969 1118 3011 et
1150 2972 1257 3010 non
1304 2956 1665 3027 intelligentes
1708 2958 1963 3013 virtutem
1997 2955 2233 3022 Christi,
2260 2958 2354 3026 qui

776 3048 952 3116 possit
989 3062 1053 3100 ex
1105 3047 1281 3101 nihilo.
1329 3045 1513 3101 facere
1561 3061 1747 3115 panes.
1783 3046 2136 3102 Fermentum
2172 3057 2353 3103 autem

780 3137 901 3191 ideo
930 3138 1173 3192 nominat
1214 3138 1515 3191 doctrinam
1545 3134 1943 3193 Pharisaeorum
1996 3148 2051 3193 et
2094 3136 2357 3193 Herodia-

779 3228 1144 3294 norum,quia
1171 3242 1355 3281 amara
1405 3238 1509 3292 est,
1557 3227 1885 3297 malitiaeque
1930 3232 2133 3288 veteris
2173 3230 2351 3300 plena.

781 3316 1097 3384 Quicunque
1144 3319 1288 3371 enim
1336 3317 1539 3371 malitia
1592 3317 1926 3373 inveteratus
1968 3333 2076 3387 est,
2122 3329 2177 3375 et
2218 3320 2352 3375 nihil

777 3408 1059 3475 spirituale
1108 3417 1282 3477 potest
1326 3409 1509 3463 dicere
1562 3410 1704 3479 quod
1752 3410 2237 3479 auditoris—palato
2284 3412 2355 3466 sit

780 3500 954 3559 dulce,
987 3500 1072 3551 ille
1105 3500 1426 3558 fermentum
1458 3500 1654 3563 habet,
1707 3514 1771 3553 ac
1805 3500 2119 3556 mordacem
2150 3504 2353 3557 veteris

778 3589 1000 3643 malitiae
1044 3589 1367 3654 doctrinam,
1406 3606 1526 3659 qua:
1571 3590 1644 3645 illi
1684 3591 2026 3646 obedientem
2075 3593 2140 3646 ad
2182 3592 2356 3660 paeni-

778 3680 1014 3735 tudinem
1036 3682 1246 3736 tandem
1271 3681 1451 3736 ducat.
1478 3681 1767 3736 Herodiani
1795 3690 1973 3735 autem
1997 3691 2153 3735 erant
2170 3683 2356 3737 docto-

779 3786 865 3825 res
916 3772 1135 3840 quidam
1189 3788 1360 3841 nuper
1417 3772 1559 3836 orti,
1616 3772 1861 3829 dicentes
1912 3772 2183 3828 Herodem
2235 3787 2358 3845 esse

778 3864 1074 3925 Christum,
1107 3873 1161 3917 et
1192 3863 1268 3917 illi
1297 3878 1417 3929 esse
1441 3864 1791 3919 credendum.

776 3954 946 4008 διανοί
971 3972 983 4019 ;
1016 3955 1335 4010 Διδάσκαλοί
1380 3972 1522 4020 τινες
1551 3959 1852 4025 νεοφανεῖς,
1879 3957 2075 4021 οἵτινες
2106 3956 2312 4027 ελεγον,
2338 3956 2418 4011 ὅτι

776 4048 1009 4101 στεύειν.

850 4141 1015 4196 Vens.
1047 4140 1242 4197 22-26.
1280 4161 1300 4195 ι
1337 4143 1403 4196 Ει
1426 4143 1573 4199 venit
1605 4145 1972 4212 Bethsaidam,
2000 4156 2054 4200 et
2082 4145 2356 4205 adducunt

781 4236 853 4290 illi
890 4252 1130 4294 cmcum;
1168 4246 1223 4291 et
1250 4238 1614 4293 obsecrahant
1645 4230 1767 4293 eum
1807 4250 1865 4293 ut
1902 4240 2052 4293 illum
2086 4247 2354 4310 tangeret.

780 4324 847 4377 Et
880 4326 1216 4392 apprehensa
1255 4340 1416 4379 manu
1446 4328 1593 4392 caeci,
1623 4329 1812 4383 eduxit
1862 4329 2012 4383 illum
2065 4339 2218 4384 extra
2270 4329 2355 4382 vi-

778 4431 938 4470 cum:
976 4427 1027 4470 et
1059 4433 1182 4470 cum
1213 4418 1492 4485 expuisset
1525 4421 1575 4473 in
1609 4423 1795 4476 oculos
1844 4423 2012 4488 illius,
2062 4424 2353 4492 imposuis-

779 4520 969 4576 setque
997 4510 1068 4562 illi
1109 4526 1323 4573 manus,
1351 4511 1849 4581 interrogavitcum
1878 4515 1920 4567 si
1949 4514 2076 4582 quid
2103 4514 2351 4578 videret:

778 4609 831 4653 ct
864 4611 1076 4667 reiepto
1109 4602 1225 4655 visu
1266 4602 1517 4656 dicebat:
1562 4603 1735 4658 Video
1786 4606 2031 4659 homines
2054 4646 2067 4671 ,
2099 4608 2352 4674 quoniam
2382 4592 2433 4652 D

783 4694 923 4746 velut
972 4696 1196 4746 arbores
1248 4709 1414 4747 cerno
1471 4698 1832 4749 ambulantes.
1882 4696 2082 4750 Deinde
2136 4713 2355 4752 rursum

781 4787 1033 4852 imposuit
1060 4801 1253 4839 manus
1277 4800 1441 4854 super
1460 4787 1647 4841 oculos
1672 4788 1838 4854 illius,
1860 4797 1913 4841 et
1944 4788 2073 4842 fecit
2102 4798 2158 4841 ut
2182 4789 2357 4842 visum

781 4878 1066 4943 reciperet,
1122 4887 1174 4929 et
1234 4875 1519 4931 restitutus
1566 4889 1681 4933 eSt:
1738 4894 1800 4934 ac
1859 4880 2075 4933 videbat
2126 4879 2361 4934 dilucide

778 4981 1001 5019 omnes:
1034 4976 1088 5020 et
1121 4968 1326 5021 dimisit
1362 4969 1511 5044 illum
1568 4972 1617 5023 in
1650 4970 1865 5024 domum
1901 4988 2080 5035 suam,
2129 4972 2314 5026 dicens
2344 4991 2359 5027 :

779 5058 963 5127 Neque
990 5052 1043 5113 in
1077 5060 1258 5114 vicum
1284 5062 1631 5130 ingrediaris,
1672 5079 1847 5132 neque
1871 5064 2073 5118 dixeris
2100 5064 2355 5133 cuiquam

781 5152 832 5203 in
875 5154 1010 5205 vico.
1047 5172 1064 5204 ι
1106 5155 1344 5221 Apparet
1394 5155 1737 5209 Bethsaidam
1774 5158 2150 5212 incredulitate
2187 5158 2353 5212 multa

778 5243 1095 5297 laborasse:
1159 5247 1276 5300 ideo
1326 5259 1380 5300 et
1429 5249 1680 5303 miseram
1733 5265 1851 5303 eam
1904 5250 2034 5304 dicit
2081 5251 2352 5316 Christus,

779 5338 919 5390 sicut
958 5336 1239 5392 Mattbzeus
1274 5338 1481 5407 inquit:
1528 5358 1545 5391 ι
1581 5340 1669 5394 Va:
1697 5342 1789 5394 tibi
1820 5342 2110 5409 Chorazin,
2146 5360 2223 5398 va:
2258 5344 2351 5398 tibi

779 5427 1103 5482 Bctbsaida:
1140 5430 1263 5497 quia
1300 5430 1345 5482 si
1376 5430 1426 5483 in
1452 5428 1597 5500 Tyro
1622 5440 1675 5484 et
1707 5430 1904 5487 Sidone
1944 5434 2095 5488 facta:
2128 5434 2355 5490 fuissent

778 5521 1026 5585 virtutes,
1057 5536 1173 5589 quae
1198 5520 1354 5577 facta:
1381 5534 1508 5577 sunt
1549 5524 1598 5577 in
1632 5524 1804 5591 vobis,
1850 5527 2054 5595 pridem
2100 5528 2354 5597 resipuis-

780 5615 981 5666 scnt”.
1027 5633 1045 5664 ι
1082 5614 1197 5669 lluc
1242 5616 1411 5686 igitur
1439 5631 1561 5671 cum
1605 5620 1837 5673 venisset
1870 5616 2046 5685 Jesus,
2082 5618 2355 5676 adducunt

855 5789 898 5818 ⁸³
944 5790 1125 5843 .‘alnlllt.
1167 5810 1239 5845 ιι.

2452 1949 2577 2011 τοὺς
2605 1949 2745 2002 ἑπτὰ
2771 1951 2851 2013 είς
2874 1950 3000 2014 τοὺς
3029 1952 3526 2021 τετρακισχιλίους,
3554 1954 3737 2005 πόσων
3765 1951 4047 2022 σπυρίδων

2453 2038 2797 2110 πληρώματα
2837 2040 3168 2111 κλασμάτων
3188 2043 3388 2112 ἦρατες
3413 2046 3477 2096 0i
3512 2043 3569 2095 δι
3606 2039 3787 2096 εἷπον·
3841 2042 4042 2096 Ἑπτά.

2453 2131 2564 2185 Καὶ
2586 2131 2770 2198 ἔλεγεν
2788 2132 2975 2193 αὐτοῖς
2995 2147 3009 2163 ο
3034 2130 3159 2193 Πῶς
3178 2130 3333 2185 οὔπω
3356 2132 3600 2196 συνίετε;
3631 2152 3650 2185 ›
3679 2133 3897 2202 Ἀφίησι
3921 2134 4049 2193 τοὺς

2451 2223 2780 2295 Φαρισαίους
2823 2224 2852 2277 ὀ
2902 2222 3129 2293 Κύριος,
3180 2223 3255 2287 ὡς
3303 2224 3689 2295 ἀδιορθώτους.
3722 2225 3896 2278 Ἔνθα
3943 2225 4048 2295 μὲν

2452 2315 2561 2386 γάρ
2603 2314 2751 2368 ἔστιν
2791 2315 2944 2378 ἐλπὶς
2968 2314 3327 2386 διορθώσεως,
3369 2316 3489 2369 εκεῖ
3529 2316 3611 2369 δεῖ
3656 2315 3999 2386 ἐγχρονίζειν
4028 2331 4043 2344 ·

2454 2405 2582 2460 ῐνθα
2638 2406 2696 2459 δὲ
2758 2404 3083 2475 ἀδιόρθωτον
3147 2406 3447 2473 τδικακὸν,
3491 2406 3705 2463 ἐκεῖθεν
3748 2408 4046 2478 άποπηδᾷν

2453 2495 2553 2550 δεῖ.
2585 2494 2961 2567 Οἰκονομικῶς
2998 2495 3055 2549 δὲ
3092 2496 3142 2550 οῖ
3180 2497 3426 2567 μαθηταὶ
3458 2498 3911 2552 ἐπιλανθάνονται
3945 2500 4047 2552 λα-

2455 2586 2569 2639 ϐεῖν
2618 2588 2836 2656 ἄρτους,
2888 2588 2975 2641 ἵνα
3022 2589 3409 2653 ὀνειδισθέντες
3459 2590 3702 2659 βελτίους
3745 2591 4045 2658 γένωνται,

2455 2678 2550 2730 καὶ
2579 2679 2658 2739 si;
2689 2676 2943 2746 αἴσθησιν
2973 2676 3168 2729 ἔλθωσι
3200 2676 3301 2747 τῆς
3332 2677 3429 2730 τοῦ
3461 2677 3700 2749 Χριστοῦ
3728 2678 4044 2748 δυνάμεως.

2456 2768 2719 2832 Εἰπόντος
2753 2772 2863 2839 γὰρ
2891 2768 2984 2822 τοῦ
3023 2770 3228 2840 Κυρίου
3260 2770 3549 2841 προσέχειν
3577 2772 3687 2825 ἀπὸ
3719 2772 3822 2840 τῆς
3861 2773 4048 2843 ζύμης

2455 2861 2565 2913 τῶν
2609 2860 2941 2930 Φαρισαίων,
2986 2862 3105 2932 ἦτοι
3145 2863 3243 2929 τῆς
3288 2860 3902 2927 διδασκαλίας,ἐκεῖνοι
3946 2864 4051 2934 τὴν

2454 2951 2563 3005 τῶν
2600 2951 2783 3023 ἄρτων
2818 2951 3001 3023 ζύμην
3030 2953 3289 3023 ἐνόμισαν
3320 2953 3693 3024 ἀπαγορεύειν
3730 2944 3918 3019 αὐτοῖς
3952 2956 4050 3011 τὸν

2456 3045 2681 3117 Κύριον.
2708 3045 2871 3100 Ὀθεν
2896 3046 3122 3109 εἰκότως
3152 3045 3584 3115 ὲπιπλήσσονται
3613 3047 3689 3110 ὡς
3721 3047 3796 3117 μὴ
3829 3050 4046 3102 συνιέν·

2458 3155 2550 3201 τες
2576 3138 2676 3207 τὴν
2702 3136 2931 3207 δύναμιν
2958 3135 3054 3190 τοῦ
3087 3136 3350 3211 Χριστοῦ,
3381 3137 3463 3190 ὅτι
3491 3137 3717 3192 δύναται
3747 3139 3947 3209 ἄρτους
3979 3142 4047 3193 ἐκ

2464 3230 2538 3301 μὴ
2566 3228 2735 3282 ὅντων
2790 3230 3034 3298 ποιῆσαι.
3074 3228 3262 3299 Ζύμην
3289 3229 3345 3282 δὲ
3377 3229 3631 3299 ὀνομάζει
3656 3230 3756 3301 τὴν
3782 3230 4048 3285 διδασκα-

2456 3319 2578 3371 λίαν
2606 3318 2714 3372 τῶν
2744 3318 3053 3386 Φαρισαίων
3084 3319 3176 3385 καὶ
3206 3318 3315 3370 τῶν
3353 3308 3727 3387 Ἦρωδίανῶν,
3758 3306 4048 3393 ὡς’ὀζὼδη

2456 3406 2620 3464 οὖσαν
2646 3410 2739 3462 καλ⁸
2770 3409 3004 3471 παλαιᾶς
3038 3407 3236 3470 κακίας
3268 3409 3564 3478 γέμουσαν.
3599 3412 3712 3474 Πᾶς
3745 3412 3852 3481 γὰρ
3882 3414 3912 3465 ό
3938 3430 4049 3465 πα-

2455 3500 2709 3563 λαιωθεὶς
2741 3501 2798 3553 ὲν
2824 3502 2891 3571 τῇ
2923 3500 3121 3568 κακίᾳ,
3155 3500 3249 3551 καὶ
3283 3499 3450 3568 μηδὲν
3481 3502 3853 3570 πνευματικὸν
3884 3504 4048 3557 δυνά-

2461 3609 2621 3662 μενος
2674 3592 2876 3658 λέγειν,
2929 3590 3070 3644 ὥστε
3126 3592 3441 3659 γλυκαίνειν
3492 3594 3584 3647 τὸν
3638 3596 3895 3666 λάρυγγα
3947 3596 4043 3649 τοῦ

2458 3682 2770 3747 ἀκούοντος,
2810 3683 2837 3734 ὁ
2878 3684 3121 3747 τοιοῦτος
3164 3683 3346 3753 ζύμην
3388 3685 3523 3755 ἔχει,
3564 3688 3801 3751 παλαιᾶς
3843 3691 4047 3753 κακίας

2459 3771 2808 3826 διδασκαλίαν
2840 3772 3177 3836 δάκνουσαν,
3216 3776 3311 3826 καὶ
3356 3776 3435 3837 είς
3480 3776 3845 3845 μεταμέλειαν
3884 3778 4047 3830 ῦστε-

2464 3881 2555 3935 ρον
2588 3864 2827 3931 ἄγουσαν
2858 3864 2948 3917 τὸν
2982 3866 3295 3920 πεισθέντα.
3331 3867 3487 3931 Τίνες
3524 3869 3577 3920 δὲ
3611 3867 3749 3939 ἦσαν
3781 3872 3829 3922 οἱ
3857 3870 4049 3939 Ἥρω-

2458 3958 2487 4009 ὁ
2520 3957 2765 4029 Ἡρώδης
2809 3958 2955 4013 ἐστὶν
2992 3961 3019 4012 ὁ
3049 3960 3303 4029 Χριστὸς,
3332 3960 3440 4030 ξκαὶ
3506 3961 3584 4013 ὅτι
3609 3962 3794 4031 Ιτούτῳ
3832 3964 3916 4015 δεῖ
3958 3982 4047 4016 m-

2536 4164 2557 4195 ι
2600 4144 2711 4197 Kal
2749 4143 2969 4213 ἔρχεται
3006 4146 3084 4206 εἰς
3124 4143 3429 4212 Βηθσαϊδὰ,
3467 4148 3561 4198 καὶ
3598 4146 3855 4215 φέρουσιν
3894 4147 4047 4217 αὐτῷ

2458 4238 2681 4306 τυφλὸν,
2715 4240 2809 4290 καὶ
2841 4237 3254 4305 παρακαλοῦσιν
3284 4238 3467 4303 αὑτὸν,
3504 4240 3591 4291 ἵνα
3618 4240 3781 4291 αὑτοῦ
3813 4240 4044 4310 ἅψηται.

2458 4330 2567 4381 Kal
2598 4329 2992 4398 ὲπιλαῦόμενος
3024 4329 3123 4397 τῆς
3159 4329 3343 4399 χειρὸς
3374 4329 3468 4382 τοῦ
3500 4330 3735 4399 τυφλοῦ,
3771 4332 4049 4401 ἐξήγαγεν

2457 4422 2620 4475 αὑτὸν
2660 4421 2763 4483 ἔξω
2800 4422 2897 4490 τῆς
2936 4422 3149 4489 κώμης.
3194 4424 3301 4474 Καὶ
3341 4422 3553 4485 πτύσας
3596 4426 3676 4485 είς
3711 4425 3778 4475 τὰ
3816 4424 4050 4493 ὄμματα

2458 4512 2655 4576 αὑτοῦ,
2691 4514 2899 4575 ἐπιθεὶς
2929 4517 3027 4575 τὰς
3060 4518 3247 4582 χεῖρας
3276 4511 3471 4579 αὐτοῦ,
3504 4517 3765 4584 ἐπηρώτα
3798 4518 3967 4569 αὑτὸν
4000 4520 4052 4569 εἰ

2458 4623 2510 4657 τι
2554 4606 2761 4673 βλέπει.
2802 4606 2909 4656 Kal
2950 4606 3287 4673 ἀναϐλέψας,
3326 4607 3477 4674 ἔλεγε
3505 4623 3517 4636 ·
3560 4607 3749 4658 Βλέπω
3783 4610 3910 4671 τοὺς
3952 4610 4049 4661 ἁν-

2457 4697 2735 4767 θρώπους,
2772 4698 2852 4748 ὅτι
2892 4696 2967 4758 ὡς
3010 4698 3199 4767 δένδρα
3253 4700 3363 4768 ὁρῶ
3408 4700 3871 4769 περιπατοῦντας.
3912 4696 4049 4755 Εἶτα

2457 4790 2618 4842 πάλιν
2654 4789 2893 4858 ἐπέθηκε
2928 4790 3024 4853 τὰς
3070 4794 3259 4860 χεῖρας
3302 4792 3390 4846 ἐπὶ
3425 4794 3552 4855 τοὺς
3592 4793 3911 4862 ὀφθαλμοὺς
3950 4795 4048 4845 ai;-

2459 4880 2588 4945 τοῦ,
2632 4882 2726 4933 καὶ
2768 4881 3024 4951 ἐποίησεν
3069 4884 3229 4935 αὑτὸν
3274 4883 3594 4951 ἀναὸλέψαι.
3645 4880 3754 4935 Καὶ
3800 4886 4049 4939 ἀποκατ-

2458 4975 2658 5044 εστάθη
2681 5017 2693 5039 ,
2736 4975 2831 5027 xal
2870 4974 3119 5043 ἐνέϐλεψε
3157 4976 3445 5045 τηλαυγῶς
3484 4976 3764 5040 ἅπαντας,
3802 4978 3898 5029 xal
3938 4981 4048 5030 άπ-

2462 5065 2697 5119 ἐστειλεν
2728 5067 2889 5120 αὐτὸν
2922 5069 2999 5129 είς
3032 5067 3121 5120 τὸν
3150 5065 3297 5119 οἷκον
3327 5067 3515 5130 αὐτοῦ,
3544 5068 3748 5134 λέγων’
3778 5068 3932 5137 Μηδὲ
3967 5072 4046 5131 εὶς

2462 5159 2559 5228 τὴν
2592 5160 2781 5229 κώμην
2810 5158 3087 5229 εἰσέλθῃς,
3124 5160 3257 5229 μηδὲ
3292 5158 3449 5230 εἴπῃς
3479 5161 3587 5212 τινὶ
3615 5162 3670 5212 ἐν
3697 5163 3761 5230 τῇ
3795 5160 3983 5231 κώμῃ.
4023 5180 4041 5211 ι

2462 5250 2713 5304 Φαίνεται
2744 5252 2776 5320 ὴ
2807 5248 3082 5321 Βηθσαϊδὰ
3113 5251 3314 5320 πολλὴν
3341 5251 3603 5303 ἀπιστίαν
3632 5254 3937 5320 νοσήσασα,
3966 5253 4049 5305 διὸ

2464 5342 2556 5394 καὶ
2589 5341 2860 5406 ταλανίζει
2896 5340 3065 5411 αὐτὴν
3095 5343 3123 5393 ὁ
3156 5340 3418 5411 Χριστὸς,
3452 5343 3527 5403 ὡς
3560 5344 3586 5394 ὁ
3621 5343 3904 5405 Ματθαῖὸς
3941 5362 4049 5415 φη-

2464 5450 2573 5485 σιν“
2605 5452 2621 5484 ι
2651 5432 2785 5486 ι’)ὑαί
2814 5450 2916 5499 σοι,
2943 5431 3206 5501 Χοραζεν·
3231 5432 3349 5484 οὐαί
3369 5450 3469 5495 σοι,
3497 5432 3792 5502 Βηθσαῖδὰ,
3817 5435 3899 5485 ὅτι
3923 5438 3970 5487 εί
3991 5436 4049 5487 ὲν

2462 5525 2623 5596 Τύρῳ
2654 5527 2747 5578 καὶ
2776 5524 2966 5577 Σιδῶνι
2997 5526 3241 5592 ἐγένοντο
3270 5528 3323 5577 αἱ
3353 5525 3631 5593 δυνάμεις,
3662 5529 3718 5579 αἱ
3750 5528 4049 5596 γενόμεναι

2461 5620 2517 5673 ἐν
2544 5618 2691 5688 ὑμῖν,
2724 5616 2892 5673 πάλαι
2928 5617 2991 5670 ἂν
3028 5616 3381 5687 μετενόησαν.
3410 5636 3426 5667 ι
3470 5616 3733 5669 Ἐνταῦθα
3749 5618 3930 5672 τοίνυν
3962 5619 4049 5671 ἑ).-
