  <div class='ocr_page' id='page_1' title='image "/cluster/home/n/w/nwhite01/storage/ocr_20150623/123/nnc1.0046979670/296.png"; bbox 0 0 4298 6446; ppageno 0'>
   <div class='ocr_carea' id='block_1_1' title="bbox 257 415 374 485">
    <p class='ocr_par' dir='ltr' id='par_1_1' title="bbox 257 415 374 485">
     <span class='ocr_line' id='line_1_1' title="bbox 257 415 374 485; baseline -0.017 1"><span class='ocrx_word' id='word_1_1' title='bbox 257 415 374 485; x_wconf 78' lang='lat'><strong>573</strong></span> 
     </span>
    </p>
   </div>
   <div class='ocr_carea' id='block_1_2' title="bbox 947 396 2865 479">
    <p class='ocr_par' dir='ltr' id='par_1_2' title="bbox 947 396 2865 479">
     <span class='ocr_line' id='line_1_2' title="bbox 947 396 2865 479; baseline -0.008 -4"><span class='ocrx_word' id='word_1_2' title='bbox 947 406 1520 479; x_wconf 71' lang='lat' dir='ltr'><strong>ENARRATIQIN</strong></span> <span class='ocrx_word' id='word_1_3' title='bbox 1557 404 2068 472; x_wconf 77' lang='lat' dir='ltr'><strong>EVANGELIUM</strong></span> <span class='ocrx_word' id='word_1_4' title='bbox 2106 405 2376 469; x_wconf 82' lang='lat' dir='ltr'><strong>MARCI.</strong></span> <span class='ocrx_word' id='word_1_5' title='bbox 2413 403 2663 465; x_wconf 79' lang='lat' dir='ltr'><strong>-CAP.</strong></span> <span class='ocrx_word' id='word_1_6' title='bbox 2697 396 2865 462; x_wconf 86' lang='lat' dir='ltr'><strong>VIII.</strong></span> 
     </span>
    </p>
   </div>
   <div class='ocr_carea' id='block_1_3' title="bbox 3441 381 3547 449">
    <p class='ocr_par' dir='ltr' id='par_1_3' title="bbox 3441 381 3547 449">
     <span class='ocr_line' id='line_1_3' title="bbox 3441 381 3547 449; baseline 0 0"><span class='ocrx_word' id='word_1_7' title='bbox 3441 381 3547 449; x_wconf 68' lang='grc' dir='ltr'>ιη</span> 
     </span>
    </p>
   </div>
   <div class='ocr_carea' id='block_1_4' title="bbox 258 496 1955 603">
    <p class='ocr_par' dir='ltr' id='par_1_4' title="bbox 258 499 1932 603">
     <span class='ocr_line' id='line_1_4' title="bbox 258 499 1932 603; baseline -0.008 -16"><span class='ocrx_word' id='word_1_8' title='bbox 258 534 411 590; x_wconf 78' lang='grc' dir='ltr'>θόντι</span> <span class='ocrx_word' id='word_1_9' title='bbox 438 532 517 603; x_wconf 83' lang='grc' dir='ltr'>τῷ</span> <span class='ocrx_word' id='word_1_10' title='bbox 546 531 757 602; x_wconf 78' lang='grc' dir='ltr'>Κυρίῳ,</span> <span class='ocrx_word' id='word_1_11' title='bbox 785 529 1157 598; x_wconf 80' lang='grc' dir='ltr'><strong>προσάγουσιν</strong></span> <span class='ocrx_word' id='word_1_12' title='bbox 1185 524 1337 596; x_wconf 80' lang='grc' dir='ltr'>αὐτῷ</span> <span class='ocrx_word' id='word_1_13' title='bbox 1361 522 1582 592; x_wconf 79' lang='grc' dir='ltr'>τυφλόν.</span> <span class='ocrx_word' id='word_1_14' title='bbox 1608 521 1684 576; x_wconf 79' lang='grc' dir='ltr'><strong>Οὐ</strong></span> <span class='ocrx_word' id='word_1_15' title='bbox 1715 499 1932 591; x_wconf 55' lang='grc' dir='ltr'>γνηοἈ</span> 
     </span>
    </p>
   </div>
   <div class='ocr_carea' id='block_1_5' title="bbox 1849 496 3546 603">
    <p class='ocr_par' dir='ltr' id='par_1_5' title="bbox 1862 496 3546 598">
     <span class='ocr_line' id='line_1_5' title="bbox 1862 496 3546 598; baseline -0.02 -12"><span class='ocrx_word' id='word_1_16' title='bbox 1862 499 1932 585; x_wconf 33' lang='grc' dir='ltr'><strong>Ἀ</strong></span> <span class='ocrx_word' id='word_1_17' title='bbox 1961 522 2027 578; x_wconf 82' lang='lat' dir='ltr'><strong>ad</strong></span> <span class='ocrx_word' id='word_1_18' title='bbox 2057 536 2180 578; x_wconf 90' lang='lat' dir='ltr'><strong>eum</strong></span> <span class='ocrx_word' id='word_1_19' title='bbox 2212 533 2439 577; x_wconf 62' lang='lat' dir='ltr'><strong>eccum.</strong></span> <span class='ocrx_word' id='word_1_20' title='bbox 2479 516 2597 598; x_wconf 87' lang='lat' dir='ltr'><strong>Non</strong></span> <span class='ocrx_word' id='word_1_21' title='bbox 2629 523 2749 570; x_wconf 86' lang='lat' dir='ltr'><strong>erat</strong></span> <span class='ocrx_word' id='word_1_22' title='bbox 2772 520 2954 566; x_wconf 85' lang='lat' dir='ltr'><strong>autem</strong></span> <span class='ocrx_word' id='word_1_23' title='bbox 2987 519 3125 577; x_wconf 79' lang='lat' dir='ltr'><strong>pura</strong></span> <span class='ocrx_word' id='word_1_24' title='bbox 3156 496 3546 560; x_wconf 72' lang='lat' dir='ltr'><strong>adducendum</strong></span> 
     </span>
    </p>
   </div>
   <div class='ocr_carea' id='block_1_6' title="bbox 261 613 1856 696">
    <p class='ocr_par' dir='ltr' id='par_1_6' title="bbox 261 613 1856 696">
     <span class='ocr_line' id='line_1_6' title="bbox 261 613 1856 696; baseline -0.008 -18"><span class='ocrx_word' id='word_1_25' title='bbox 261 627 356 680; x_wconf 89' lang='grc' dir='ltr'><strong>σία</strong></span> <span class='ocrx_word' id='word_1_26' title='bbox 379 625 437 678; x_wconf 64' lang='grc' dir='ltr'>δὲ</span> <span class='ocrx_word' id='word_1_27' title='bbox 460 621 531 696; x_wconf 82' lang='grc' dir='ltr'>ἦν</span> <span class='ocrx_word' id='word_1_28' title='bbox 554 627 602 696; x_wconf 77' lang='grc' dir='ltr'>ἡ.</span> <span class='ocrx_word' id='word_1_29' title='bbox 619 623 803 685; x_wconf 87' lang='grc' dir='ltr'>πίστις</span> <span class='ocrx_word' id='word_1_30' title='bbox 828 620 940 676; x_wconf 85' lang='grc' dir='ltr'><strong>τῶν</strong></span> <span class='ocrx_word' id='word_1_31' title='bbox 968 620 1382 691; x_wconf 84' lang='grc' dir='ltr'>προσαγόντων,</span> <span class='ocrx_word' id='word_1_32' title='bbox 1407 614 1534 670; x_wconf 78' lang='grc' dir='ltr'>ὅθεν</span> <span class='ocrx_word' id='word_1_33' title='bbox 1561 615 1658 668; x_wconf 73' lang='grc' dir='ltr'>καὶ</span> <span class='ocrx_word' id='word_1_34' title='bbox 1684 615 1712 668; x_wconf 69' lang='grc'>6</span> <span class='ocrx_word' id='word_1_35' title='bbox 1743 613 1856 667; x_wconf 80' lang='grc' dir='ltr'><strong>Κῦ-</strong></span> 
     </span>
    </p>
   </div>
   <div class='ocr_carea' id='block_1_7' title="bbox 263 704 1861 787">
    <p class='ocr_par' dir='ltr' id='par_1_7' title="bbox 263 704 1861 787">
     <span class='ocr_line' id='line_1_7' title="bbox 263 704 1861 787; baseline -0.008 -16"><span class='ocrx_word' id='word_1_36' title='bbox 263 729 381 787; x_wconf 87' lang='grc' dir='ltr'>ριος</span> <span class='ocrx_word' id='word_1_37' title='bbox 423 717 630 782; x_wconf 60' lang='grc' dir='ltr'>άπάγειι</span> <span class='ocrx_word' id='word_1_38' title='bbox 669 714 760 767; x_wconf 65' lang='grc' dir='ltr'>τὶν</span> <span class='ocrx_word' id='word_1_39' title='bbox 797 712 998 781; x_wconf 79' lang='grc' dir='ltr'>τυφλδν</span> <span class='ocrx_word' id='word_1_40' title='bbox 1034 714 1099 766; x_wconf 64' lang='grc' dir='ltr'><strong>εκ</strong></span> <span class='ocrx_word' id='word_1_41' title='bbox 1133 713 1235 782; x_wconf 78' lang='grc' dir='ltr'><strong>τῆς</strong></span> <span class='ocrx_word' id='word_1_42' title='bbox 1283 709 1499 780; x_wconf 76' lang='grc' dir='ltr'>κώμης,</span> <span class='ocrx_word' id='word_1_43' title='bbox 1541 705 1638 761; x_wconf 78' lang='grc' dir='ltr'>καὶ</span> <span class='ocrx_word' id='word_1_44' title='bbox 1683 704 1861 769; x_wconf 72' lang='grc' dir='ltr'>οὕτως</span> 
     </span>
    </p>
   </div>
   <div class='ocr_carea' id='block_1_8' title="bbox 263 793 1855 871">
    <p class='ocr_par' dir='ltr' id='par_1_8' title="bbox 263 793 1855 871">
     <span class='ocr_line' id='line_1_8' title="bbox 263 793 1855 871; baseline -0.011 -7"><span class='ocrx_word' id='word_1_45' title='bbox 263 811 413 864; x_wconf 73' lang='lat' dir='ltr'><strong>tam</strong></span> <span class='ocrx_word' id='word_1_46' title='bbox 456 807 640 863; x_wconf 75' lang='grc' dir='ltr'>αὐτόν.</span> <span class='ocrx_word' id='word_1_47' title='bbox 679 805 847 862; x_wconf 83' lang='grc' dir='ltr'>Πτύει</span> <span class='ocrx_word' id='word_1_48' title='bbox 889 804 946 857; x_wconf 70' lang='grc' dir='ltr'>δὲ</span> <span class='ocrx_word' id='word_1_49' title='bbox 992 805 1072 867; x_wconf 80' lang='grc' dir='ltr'><strong>είς</strong></span> <span class='ocrx_word' id='word_1_50' title='bbox 1113 801 1180 857; x_wconf 81' lang='grc' dir='ltr'>τὰ</span> <span class='ocrx_word' id='word_1_51' title='bbox 1221 801 1452 871; x_wconf 72' lang='grc' dir='ltr'>ὄμματα</span> <span class='ocrx_word' id='word_1_52' title='bbox 1489 796 1586 852; x_wconf 87' lang='grc' dir='ltr'><strong>τοῦ</strong></span> <span class='ocrx_word' id='word_1_53' title='bbox 1626 793 1855 865; x_wconf 80' lang='grc' dir='ltr'><strong>τυφλοῦ,</strong></span> 
     </span>
    </p>
   </div>
   <div class='ocr_carea' id='block_1_9' title="bbox 262 888 1860 972">
    <p class='ocr_par' dir='ltr' id='par_1_9' title="bbox 262 888 1860 972">
     <span class='ocr_line' id='line_1_9' title="bbox 262 888 1860 972; baseline -0.009 -18"><span class='ocrx_word' id='word_1_54' title='bbox 262 902 362 956; x_wconf 82' lang='grc' dir='ltr'>καὶ</span> <span class='ocrx_word' id='word_1_55' title='bbox 393 902 493 964; x_wconf 87' lang='grc' dir='ltr'><strong>τάς</strong></span> <span class='ocrx_word' id='word_1_56' title='bbox 529 901 720 972; x_wconf 82' lang='grc' dir='ltr'>χεῖρας</span> <span class='ocrx_word' id='word_1_57' title='bbox 747 896 1090 967; x_wconf 53' lang='grc' dir='ltr'>’ίπιτίθησιη</span> <span class='ocrx_word' id='word_1_58' title='bbox 1131 894 1220 948; x_wconf 88' lang='grc' dir='ltr'><strong>ῖνα</strong></span> <span class='ocrx_word' id='word_1_59' title='bbox 1269 891 1535 963; x_wconf 84' lang='grc' dir='ltr'>μάθωμεν</span> <span class='ocrx_word' id='word_1_60' title='bbox 1573 889 1736 962; x_wconf 74' lang='grc' dir='ltr'>ἡμεῖς</span> <span class='ocrx_word' id='word_1_61' title='bbox 1773 888 1860 940; x_wconf 76' lang='grc' dir='ltr'>ὅτι</span> 
     </span>
    </p>
   </div>
   <div class='ocr_carea' id='block_1_10' title="bbox 261 976 1858 1063">
    <p class='ocr_par' dir='ltr' id='par_1_10' title="bbox 261 976 1858 1063">
     <span class='ocr_line' id='line_1_10' title="bbox 261 976 1858 1063; baseline -0.01 -17"><span class='ocrx_word' id='word_1_62' title='bbox 261 990 423 1063; x_wconf 74' lang='grc' dir='ltr'>λόγος</span> <span class='ocrx_word' id='word_1_63' title='bbox 460 994 604 1056; x_wconf 89' lang='grc' dir='ltr'>θεῖος</span> <span class='ocrx_word' id='word_1_64' title='bbox 640 991 737 1045; x_wconf 78' lang='grc' dir='ltr'>καὶ</span> <span class='ocrx_word' id='word_1_65' title='bbox 778 988 980 1058; x_wconf 80' lang='grc' dir='ltr'>πρᾶξις</span> <span class='ocrx_word' id='word_1_66' title='bbox 1015 986 1260 1057; x_wconf 70' lang='grc' dir='ltr'>ι’πομίνη</span> <span class='ocrx_word' id='word_1_67' title='bbox 1291 983 1372 1054; x_wconf 81' lang='grc' dir='ltr'><strong>τῷ</strong></span> <span class='ocrx_word' id='word_1_68' title='bbox 1400 982 1581 1052; x_wconf 72' lang='grc' dir='ltr'>λόγῳ,</span> <span class='ocrx_word' id='word_1_69' title='bbox 1613 979 1684 1033; x_wconf 86' lang='grc' dir='ltr'><strong>τά</strong></span> <span class='ocrx_word' id='word_1_70' title='bbox 1724 976 1858 1031; x_wconf 82' lang='grc' dir='ltr'>θαῦ-</span> 
     </span>
    </p>
   </div>
   <div class='ocr_carea' id='block_1_11' title="bbox 267 1065 1858 1155">
    <p class='ocr_par' dir='ltr' id='par_1_11' title="bbox 267 1065 1858 1155">
     <span class='ocr_line' id='line_1_11' title="bbox 267 1065 1858 1155; baseline -0.008 -17"><span class='ocrx_word' id='word_1_71' title='bbox 267 1094 416 1155; x_wconf 82' lang='grc' dir='ltr'>ματα</span> <span class='ocrx_word' id='word_1_72' title='bbox 443 1085 622 1138; x_wconf 79' lang='grc' dir='ltr'>τελεῖν</span> <span class='ocrx_word' id='word_1_73' title='bbox 649 1083 894 1140; x_wconf 70' lang='grc' dir='ltr'>δύναται.</span> <span class='ocrx_word' id='word_1_74' title='bbox 932 1081 998 1134; x_wconf 86' lang='grc' dir='ltr'><strong><em>Ἦ</em></strong></span> <span class='ocrx_word' id='word_1_75' title='bbox 1032 1079 1132 1150; x_wconf 77' lang='grc' dir='ltr'>μὶν</span> <span class='ocrx_word' id='word_1_76' title='bbox 1161 1077 1272 1147; x_wconf 88' lang='grc' dir='ltr'><strong>γάρ</strong></span> <span class='ocrx_word' id='word_1_77' title='bbox 1298 1076 1441 1146; x_wconf 77' lang='grc' dir='ltr'>χεὶρ,</span> <span class='ocrx_word' id='word_1_78' title='bbox 1471 1073 1574 1143; x_wconf 87' lang='grc' dir='ltr'><strong>τῆς</strong></span> <span class='ocrx_word' id='word_1_79' title='bbox 1601 1065 1858 1143; x_wconf 76' lang='grc' dir='ltr'>πράξεώς</span> 
     </span>
    </p>
   </div>
   <div class='ocr_carea' id='block_1_12' title="bbox 265 1159 1858 1246">
    <p class='ocr_par' dir='ltr' id='par_1_12' title="bbox 265 1159 1858 1246">
     <span class='ocr_line' id='line_1_12' title="bbox 265 1159 1858 1246; baseline -0.01 -16"><span class='ocrx_word' id='word_1_80' title='bbox 265 1179 383 1230; x_wconf 67' lang='grc' dir='ltr'>ἐστι</span> <span class='ocrx_word' id='word_1_81' title='bbox 413 1176 688 1246; x_wconf 74' lang='grc' dir='ltr'>σύμϐολον</span> <span class='ocrx_word' id='word_1_82' title='bbox 706 1168 806 1226; x_wconf 60' lang='lat' dir='ltr'><strong>&quot;to</strong></span> <span class='ocrx_word' id='word_1_83' title='bbox 831 1173 888 1227; x_wconf 67' lang='grc' dir='ltr'>δὲ</span> <span class='ocrx_word' id='word_1_84' title='bbox 915 1171 1162 1241; x_wconf 74' lang='grc' dir='ltr'>πτύσμα,</span> <span class='ocrx_word' id='word_1_85' title='bbox 1187 1167 1284 1223; x_wconf 86' lang='grc' dir='ltr'><strong>τοῦ</strong></span> <span class='ocrx_word' id='word_1_86' title='bbox 1309 1167 1495 1236; x_wconf 84' lang='grc' dir='ltr'>λόγου,</span> <span class='ocrx_word' id='word_1_87' title='bbox 1519 1163 1655 1218; x_wconf 82' lang='grc' dir='ltr'>καθὸ</span> <span class='ocrx_word' id='word_1_88' title='bbox 1677 1165 1744 1216; x_wconf 66' lang='grc' dir='ltr'>ἐκ</span> <span class='ocrx_word' id='word_1_89' title='bbox 1763 1159 1858 1246; x_wconf 76' lang='grc' dir='ltr'><strong>τοῦ</strong></span> 
     </span>
    </p>
   </div>
   <div class='ocr_carea' id='block_1_13' title="bbox 267 1245 1859 1334">
    <p class='ocr_par' dir='ltr' id='par_1_13' title="bbox 267 1245 1859 1334">
     <span class='ocr_line' id='line_1_13' title="bbox 267 1245 1859 1334; baseline -0.011 -16"><span class='ocrx_word' id='word_1_90' title='bbox 267 1245 540 1334; x_wconf 77' lang='grc' dir='ltr'>στόματός</span> <span class='ocrx_word' id='word_1_91' title='bbox 575 1267 744 1317; x_wconf 69' lang='grc' dir='ltr'>ἐστιν.</span> <span class='ocrx_word' id='word_1_92' title='bbox 782 1261 920 1328; x_wconf 67' lang='grc' dir='ltr'>Οὐδὲ</span> <span class='ocrx_word' id='word_1_93' title='bbox 957 1262 987 1314; x_wconf 88' lang='grc' dir='ltr'><strong>ό</strong></span> <span class='ocrx_word' id='word_1_94' title='bbox 1023 1257 1227 1327; x_wconf 76' lang='grc' dir='ltr'>τυφλὸς</span> <span class='ocrx_word' id='word_1_95' title='bbox 1271 1255 1453 1326; x_wconf 67' lang='grc' dir='ltr'>μέντοι</span> <span class='ocrx_word' id='word_1_96' title='bbox 1493 1251 1708 1306; x_wconf 69' lang='grc' dir='ltr'>τελείαν</span> <span class='ocrx_word' id='word_1_97' title='bbox 1741 1245 1859 1319; x_wconf 71' lang='grc' dir='ltr'>εἶχε</span> 
     </span>
    </p>
   </div>
   <div class='ocr_carea' id='block_1_14' title="bbox 266 1340 1862 1425">
    <p class='ocr_par' dir='ltr' id='par_1_14' title="bbox 266 1340 1862 1425">
     <span class='ocr_line' id='line_1_14' title="bbox 266 1340 1862 1425; baseline -0.011 -15"><span class='ocrx_word' id='word_1_98' title='bbox 266 1359 370 1425; x_wconf 68' lang='grc' dir='ltr'>τὴν</span> <span class='ocrx_word' id='word_1_99' title='bbox 405 1357 620 1417; x_wconf 86' lang='grc' dir='ltr'>πίστιν,</span> <span class='ocrx_word' id='word_1_100' title='bbox 659 1353 748 1408; x_wconf 83' lang='grc' dir='ltr'><strong>διά</strong></span> <span class='ocrx_word' id='word_1_101' title='bbox 784 1352 947 1407; x_wconf 85' lang='grc' dir='ltr'>τοῦτο</span> <span class='ocrx_word' id='word_1_102' title='bbox 987 1350 1112 1403; x_wconf 69' lang='grc' dir='ltr'>οὐδὲ</span> <span class='ocrx_word' id='word_1_103' title='bbox 1153 1347 1317 1409; x_wconf 79' lang='grc' dir='ltr'>εὐθὺς</span> <span class='ocrx_word' id='word_1_104' title='bbox 1357 1343 1659 1412; x_wconf 76' lang='grc' dir='ltr'>ἀνασλιψαι</span> <span class='ocrx_word' id='word_1_105' title='bbox 1696 1340 1862 1394; x_wconf 77' lang='grc' dir='ltr'>αὐτὸν</span> 
     </span>
    </p>
   </div>
   <div class='ocr_carea' id='block_1_15' title="bbox 267 1432 1860 1515">
    <p class='ocr_par' dir='ltr' id='par_1_15' title="bbox 267 1432 1860 1515">
     <span class='ocr_line' id='line_1_15' title="bbox 267 1432 1860 1515; baseline -0.011 -12"><span class='ocrx_word' id='word_1_106' title='bbox 267 1453 438 1513; x_wconf 89' lang='grc' dir='ltr'>ποιεῖ,</span> <span class='ocrx_word' id='word_1_107' title='bbox 463 1447 600 1502; x_wconf 75' lang='grc' dir='ltr'>ἀλλὰ</span> <span class='ocrx_word' id='word_1_108' title='bbox 626 1445 767 1500; x_wconf 75' lang='grc' dir='ltr'>κατὰ</span> <span class='ocrx_word' id='word_1_109' title='bbox 797 1446 987 1515; x_wconf 83' lang='grc' dir='ltr'><strong>μέρος,</strong></span> <span class='ocrx_word' id='word_1_110' title='bbox 1011 1441 1087 1504; x_wconf 82' lang='grc' dir='ltr'><strong>ὡς</strong></span> <span class='ocrx_word' id='word_1_111' title='bbox 1119 1440 1193 1511; x_wconf 78' lang='grc' dir='ltr'>μὴ</span> <span class='ocrx_word' id='word_1_112' title='bbox 1221 1438 1514 1510; x_wconf 81' lang='grc' dir='ltr'>ὁλόκληρον</span> <span class='ocrx_word' id='word_1_113' title='bbox 1537 1435 1734 1507; x_wconf 77' lang='grc' dir='ltr'>ῑχοντα</span> <span class='ocrx_word' id='word_1_114' title='bbox 1757 1432 1860 1503; x_wconf 81' lang='grc' dir='ltr'>τὴν</span> 
     </span>
    </p>
   </div>
   <div class='ocr_carea' id='block_1_16' title="bbox 267 1524 1861 1608">
    <p class='ocr_par' dir='ltr' id='par_1_16' title="bbox 267 1524 1861 1608">
     <span class='ocr_line' id='line_1_16' title="bbox 267 1524 1861 1608; baseline -0.011 -13"><span class='ocrx_word' id='word_1_115' title='bbox 267 1543 456 1595; x_wconf 79' lang='grc' dir='ltr'>πίστιν</span> <span class='ocrx_word' id='word_1_116' title='bbox 481 1557 494 1570; x_wconf 93' lang='grc'><strong>·</strong></span> <span class='ocrx_word' id='word_1_117' title='bbox 527 1539 671 1594; x_wconf 83' lang='grc' dir='ltr'>κατά</span> <span class='ocrx_word' id='word_1_118' title='bbox 701 1537 810 1608; x_wconf 78' lang='grc' dir='ltr'><strong>γάρ</strong></span> <span class='ocrx_word' id='word_1_119' title='bbox 841 1535 941 1604; x_wconf 83' lang='grc' dir='ltr'><strong>τὴν</strong></span> <span class='ocrx_word' id='word_1_120' title='bbox 974 1533 1159 1587; x_wconf 82' lang='grc' dir='ltr'>πίστιν</span> <span class='ocrx_word' id='word_1_121' title='bbox 1179 1571 1195 1596; x_wconf 90' lang='grc'><strong>,</strong></span> <span class='ocrx_word' id='word_1_122' title='bbox 1231 1530 1328 1584; x_wconf 77' lang='grc' dir='ltr'>καὶ</span> <span class='ocrx_word' id='word_1_123' title='bbox 1358 1530 1416 1583; x_wconf 83' lang='grc' dir='ltr'>σί</span> <span class='ocrx_word' id='word_1_124' title='bbox 1449 1528 1740 1599; x_wconf 71' lang='grc' dir='ltr'>θεραπεῖαι</span> <span class='ocrx_word' id='word_1_125' title='bbox 1775 1524 1861 1594; x_wconf 87' lang='grc' dir='ltr'>γί-</span> 
     </span>
    </p>
   </div>
   <div class='ocr_carea' id='block_1_17' title="bbox 265 1615 1861 1699">
    <p class='ocr_par' dir='ltr' id='par_1_17' title="bbox 265 1615 1861 1699">
     <span class='ocr_line' id='line_1_17' title="bbox 265 1615 1861 1699; baseline -0.012 -12"><span class='ocrx_word' id='word_1_126' title='bbox 265 1649 475 1686; x_wconf 85' lang='grc' dir='ltr'>νονται.</span> <span class='ocrx_word' id='word_1_127' title='bbox 513 1627 893 1699; x_wconf 67' lang='grc' dir='ltr'>Παραγγέλλει</span> <span class='ocrx_word' id='word_1_128' title='bbox 931 1624 987 1677; x_wconf 67' lang='grc' dir='ltr'>δὲ</span> <span class='ocrx_word' id='word_1_129' title='bbox 1033 1621 1185 1689; x_wconf 79' lang='grc' dir='ltr'><strong>αὑτῷ</strong></span> <span class='ocrx_word' id='word_1_130' title='bbox 1227 1620 1303 1691; x_wconf 76' lang='grc' dir='ltr'>μὴ</span> <span class='ocrx_word' id='word_1_131' title='bbox 1342 1619 1608 1674; x_wconf 74' lang='grc' dir='ltr'><strong>εἰσελθεῖν</strong></span> <span class='ocrx_word' id='word_1_132' title='bbox 1643 1619 1727 1680; x_wconf 76' lang='grc' dir='ltr'><strong>τίς</strong></span> <span class='ocrx_word' id='word_1_133' title='bbox 1760 1615 1861 1687; x_wconf 82' lang='grc' dir='ltr'>τὴν</span> 
     </span>
    </p>
   </div>
   <div class='ocr_carea' id='block_1_18' title="bbox 268 1707 1860 1792">
    <p class='ocr_par' dir='ltr' id='par_1_18' title="bbox 268 1707 1860 1792">
     <span class='ocr_line' id='line_1_18' title="bbox 268 1707 1860 1792; baseline -0.013 -13"><span class='ocrx_word' id='word_1_134' title='bbox 268 1724 491 1792; x_wconf 80' lang='grc' dir='ltr'><strong>κώμην,</strong></span> <span class='ocrx_word' id='word_1_135' title='bbox 530 1723 688 1781; x_wconf 80' lang='grc' dir='ltr'>διότι,</span> <span class='ocrx_word' id='word_1_136' title='bbox 732 1719 809 1781; x_wconf 88' lang='grc' dir='ltr'><strong>ώς</strong></span> <span class='ocrx_word' id='word_1_137' title='bbox 851 1715 1010 1785; x_wconf 79' lang='grc' dir='ltr'>εφην,</span> <span class='ocrx_word' id='word_1_138' title='bbox 1056 1713 1304 1767; x_wconf 84' lang='grc' dir='ltr'>ἀπίστων</span> <span class='ocrx_word' id='word_1_139' title='bbox 1343 1710 1514 1766; x_wconf 72' lang='grc' dir='ltr'>όντων</span> <span class='ocrx_word' id='word_1_140' title='bbox 1549 1708 1660 1762; x_wconf 87' lang='grc' dir='ltr'><strong>τῶν</strong></span> <span class='ocrx_word' id='word_1_141' title='bbox 1697 1709 1755 1761; x_wconf 80' lang='grc' dir='ltr'>ὲν</span> <span class='ocrx_word' id='word_1_142' title='bbox 1791 1707 1860 1778; x_wconf 79' lang='grc' dir='ltr'>τῇ</span> 
     </span>
    </p>
   </div>
   <div class='ocr_carea' id='block_1_19' title="bbox 269 1798 1863 1886">
    <p class='ocr_par' dir='ltr' id='par_1_19' title="bbox 269 1798 1863 1886">
     <span class='ocr_line' id='line_1_19' title="bbox 269 1798 1863 1886; baseline -0.011 -18"><span class='ocrx_word' id='word_1_143' title='bbox 269 1814 582 1886; x_wconf 78' lang='grc' dir='ltr'>Βηθσαῖδᾷ,</span> <span class='ocrx_word' id='word_1_144' title='bbox 617 1810 816 1878; x_wconf 77' lang='grc' dir='ltr'>ὲὸλάση</span> <span class='ocrx_word' id='word_1_145' title='bbox 852 1805 976 1862; x_wconf 63' lang='lat' dir='ltr'><strong>dvo</strong></span> <span class='ocrx_word' id='word_1_146' title='bbox 1009 1806 1297 1877; x_wconf 80' lang='grc' dir='ltr'>ἄνθρωπος</span> <span class='ocrx_word' id='word_1_147' title='bbox 1324 1802 1426 1874; x_wconf 76' lang='grc' dir='ltr'>τὴν</span> <span class='ocrx_word' id='word_1_148' title='bbox 1462 1801 1644 1872; x_wconf 76' lang='grc' dir='ltr'>ψυχήν</span> <span class='ocrx_word' id='word_1_149' title='bbox 1669 1816 1684 1832; x_wconf 75' lang='grc' dir='ltr'><strong>ο</strong></span> <span class='ocrx_word' id='word_1_150' title='bbox 1724 1798 1863 1854; x_wconf 85' lang='grc' dir='ltr'><strong>άλλά</strong></span> 
     </span>
    </p>
   </div>
   <div class='ocr_carea' id='block_1_20' title="bbox 276 1863 1938 1977">
    <p class='ocr_par' dir='ltr' id='par_1_20' title="bbox 276 1863 1938 1977">
     <span class='ocr_line' id='line_1_20' title="bbox 276 1863 1938 1977; baseline -0.012 -18"><span class='ocrx_word' id='word_1_151' title='bbox 431 1863 622 1957; x_wconf 57' lang='grc' dir='ltr'>εἰπεῖν</span> <span class='ocrx_word' id='word_1_152' title='bbox 649 1863 754 1954; x_wconf 80' lang='grc' dir='ltr'>τινι</span> <span class='ocrx_word' id='word_1_153' title='bbox 839 1896 1059 1967; x_wconf 68' lang='grc' dir='ltr'>ιγένετο</span> <span class='ocrx_word' id='word_1_154' title='bbox 1085 1863 1172 1948; x_wconf 66' lang='grc' dir='ltr'><strong>ἐπ’</strong></span> <span class='ocrx_word' id='word_1_155' title='bbox 1192 1863 1489 1963; x_wconf 52' lang='grc' dir='ltr'>αὐτῷ,’ῖνά</span> <span class='ocrx_word' id='word_1_156' title='bbox 1626 1889 1861 1958; x_wconf 77' lang='grc' dir='ltr'>άπιστή-</span> <span class='ocrx_word' id='word_1_157' title='bbox 1897 1863 1938 1917; x_wconf 73' lang='grc' dir='ltr'><strong>Β</strong></span> 
     </span>
    </p>
   </div>
   <div class='ocr_carea' id='block_1_21' title="bbox 273 1977 1865 2062">
    <p class='ocr_par' dir='ltr' id='par_1_21' title="bbox 273 1977 1865 2062">
     <span class='ocr_line' id='line_1_21' title="bbox 273 1977 1865 2062; baseline -0.011 -14"><span class='ocrx_word' id='word_1_158' title='bbox 273 2012 468 2057; x_wconf 84' lang='grc' dir='ltr'>σαντες</span> <span class='ocrx_word' id='word_1_159' title='bbox 488 2033 501 2057; x_wconf 93' lang='grc'><strong>,</strong></span> <span class='ocrx_word' id='word_1_160' title='bbox 535 1995 715 2062; x_wconf 84' lang='grc' dir='ltr'>χεῖρον</span> <span class='ocrx_word' id='word_1_161' title='bbox 744 1991 921 2059; x_wconf 87' lang='grc' dir='ltr'>κρῖμα</span> <span class='ocrx_word' id='word_1_162' title='bbox 953 1987 1390 2041; x_wconf 73' lang='grc' dir='ltr'>ιπισπάσωνται.</span> <span class='ocrx_word' id='word_1_163' title='bbox 1425 1982 1536 2037; x_wconf 72' lang='grc' dir='ltr'><strong>Καὶ</strong></span> <span class='ocrx_word' id='word_1_164' title='bbox 1570 1982 1734 2052; x_wconf 80' lang='grc' dir='ltr'><strong>ἡμεῖς</strong></span> <span class='ocrx_word' id='word_1_165' title='bbox 1770 1977 1865 2033; x_wconf 78' lang='grc' dir='ltr'><strong>οῦν</strong></span> 
     </span>
    </p>
   </div>
   <div class='ocr_carea' id='block_1_22' title="bbox 268 2069 1861 2152">
    <p class='ocr_par' dir='ltr' id='par_1_22' title="bbox 268 2069 1861 2152">
     <span class='ocr_line' id='line_1_22' title="bbox 268 2069 1861 2152; baseline -0.004 -15"><span class='ocrx_word' id='word_1_166' title='bbox 268 2086 533 2148; x_wconf 74' lang='grc' dir='ltr'>πολλάκις</span> <span class='ocrx_word' id='word_1_167' title='bbox 562 2075 728 2152; x_wconf 74' lang='grc' dir='ltr'>ἐσμὲν</span> <span class='ocrx_word' id='word_1_168' title='bbox 753 2081 946 2148; x_wconf 73' lang='grc' dir='ltr'>τυφλοὶ</span> <span class='ocrx_word' id='word_1_169' title='bbox 969 2077 1069 2150; x_wconf 78' lang='grc' dir='ltr'>τὴν</span> <span class='ocrx_word' id='word_1_170' title='bbox 1091 2075 1296 2147; x_wconf 80' lang='grc' dir='ltr'>ψυχὴν,</span> <span class='ocrx_word' id='word_1_171' title='bbox 1323 2076 1380 2128; x_wconf 79' lang='grc' dir='ltr'>ὲν</span> <span class='ocrx_word' id='word_1_172' title='bbox 1403 2075 1469 2143; x_wconf 78' lang='grc' dir='ltr'>τῇ</span> <span class='ocrx_word' id='word_1_173' title='bbox 1498 2070 1664 2143; x_wconf 85' lang='grc' dir='ltr'><strong>κώμῃ</strong></span> <span class='ocrx_word' id='word_1_174' title='bbox 1689 2069 1861 2135; x_wconf 75' lang='grc' dir='ltr'>ὄντες,</span> 
     </span>
    </p>
   </div>
   <div class='ocr_carea' id='block_1_23' title="bbox 269 2160 1866 2244">
    <p class='ocr_par' dir='ltr' id='par_1_23' title="bbox 269 2160 1866 2244">
     <span class='ocr_line' id='line_1_23' title="bbox 269 2160 1866 2244; baseline -0.012 -13"><span class='ocrx_word' id='word_1_175' title='bbox 269 2178 525 2232; x_wconf 79' lang='grc' dir='ltr'><strong>τουτέστι</strong></span> <span class='ocrx_word' id='word_1_176' title='bbox 547 2173 624 2244; x_wconf 83' lang='grc' dir='ltr'>τῷ</span> <span class='ocrx_word' id='word_1_177' title='bbox 650 2174 840 2243; x_wconf 81' lang='grc' dir='ltr'>κόσμῳ</span> <span class='ocrx_word' id='word_1_178' title='bbox 861 2169 1059 2238; x_wconf 79' lang='grc' dir='ltr'>τούτῳ.</span> <span class='ocrx_word' id='word_1_179' title='bbox 1087 2165 1221 2221; x_wconf 77' lang='grc' dir='ltr'>Εἶτα</span> <span class='ocrx_word' id='word_1_180' title='bbox 1247 2165 1353 2233; x_wconf 72' lang='grc' dir='ltr'><strong>[ξω</strong></span> <span class='ocrx_word' id='word_1_181' title='bbox 1376 2164 1478 2233; x_wconf 86' lang='grc' dir='ltr'><strong>τῆς</strong></span> <span class='ocrx_word' id='word_1_182' title='bbox 1501 2162 1718 2232; x_wconf 86' lang='grc' dir='ltr'>κώμης.</span> <span class='ocrx_word' id='word_1_183' title='bbox 1745 2160 1866 2231; x_wconf 74' lang='grc' dir='ltr'>ἦτοι</span> 
     </span>
    </p>
   </div>
   <div class='ocr_carea' id='block_1_24' title="bbox 269 2242 1868 2336">
    <p class='ocr_par' dir='ltr' id='par_1_24' title="bbox 269 2242 1868 2336">
     <span class='ocr_line' id='line_1_24' title="bbox 269 2242 1868 2336; baseline -0.012 -15"><span class='ocrx_word' id='word_1_184' title='bbox 269 2267 372 2322; x_wconf 87' lang='grc' dir='ltr'><strong>τοῦ</strong></span> <span class='ocrx_word' id='word_1_185' title='bbox 403 2242 609 2336; x_wconf 82' lang='grc' dir='ltr'>κόσμου</span> <span class='ocrx_word' id='word_1_186' title='bbox 630 2304 644 2328; x_wconf 93' lang='grc'><strong>,</strong></span> <span class='ocrx_word' id='word_1_187' title='bbox 678 2242 773 2317; x_wconf 66' lang='grc' dir='ltr'><strong>καῖ</strong></span> <span class='ocrx_word' id='word_1_188' title='bbox 802 2242 911 2315; x_wconf 83' lang='grc' dir='ltr'><strong>τῶν</strong></span> <span class='ocrx_word' id='word_1_189' title='bbox 941 2257 1109 2314; x_wconf 84' lang='grc' dir='ltr'>αὐτοῦ</span> <span class='ocrx_word' id='word_1_190' title='bbox 1145 2257 1492 2327; x_wconf 79' lang='grc' dir='ltr'>πραγμάτων</span> <span class='ocrx_word' id='word_1_191' title='bbox 1524 2242 1868 2321; x_wconf 73' lang='grc' dir='ltr'><strong>ἀπαχθέντες</strong></span> 
     </span>
    </p>
   </div>
   <div class='ocr_carea' id='block_1_25' title="bbox 272 2341 1867 2430">
    <p class='ocr_par' dir='ltr' id='par_1_25' title="bbox 272 2341 1867 2430">
     <span class='ocr_line' id='line_1_25' title="bbox 272 2341 1867 2430; baseline -0.013 -15"><span class='ocrx_word' id='word_1_192' title='bbox 272 2361 383 2416; x_wconf 79' lang='grc' dir='ltr'>ὑπδ</span> <span class='ocrx_word' id='word_1_193' title='bbox 426 2355 688 2430; x_wconf 81' lang='grc' dir='ltr'>Χριστοῦ,</span> <span class='ocrx_word' id='word_1_194' title='bbox 729 2352 1169 2426; x_wconf 75' lang='grc' dir='ltr'>θεραπευόμεθα.</span> <span class='ocrx_word' id='word_1_195' title='bbox 1213 2347 1362 2404; x_wconf 82' lang='grc' dir='ltr'>Μεθδ</span> <span class='ocrx_word' id='word_1_196' title='bbox 1403 2347 1462 2401; x_wconf 77' lang='grc' dir='ltr'>δὲ</span> <span class='ocrx_word' id='word_1_197' title='bbox 1507 2341 1867 2416; x_wconf 82' lang='grc' dir='ltr'>θεραπευθῶ-</span> 
     </span>
    </p>
   </div>
   <div class='ocr_carea' id='block_1_26' title="bbox 277 2434 1865 2523">
    <p class='ocr_par' dir='ltr' id='par_1_26' title="bbox 277 2434 1865 2523">
     <span class='ocr_line' id='line_1_26' title="bbox 277 2434 1865 2523; baseline -0.013 -18"><span class='ocrx_word' id='word_1_198' title='bbox 277 2467 414 2523; x_wconf 86' lang='grc' dir='ltr'>μεν,</span> <span class='ocrx_word' id='word_1_199' title='bbox 447 2451 596 2517; x_wconf 83' lang='grc' dir='ltr'>λέγει</span> <span class='ocrx_word' id='word_1_200' title='bbox 633 2449 765 2517; x_wconf 79' lang='grc' dir='ltr'>ἡμῖν</span> <span class='ocrx_word' id='word_1_201' title='bbox 800 2444 998 2516; x_wconf 70' lang='grc' dir='ltr'>μηκέτι</span> <span class='ocrx_word' id='word_1_202' title='bbox 1030 2438 1372 2511; x_wconf 76' lang='grc' dir='ltr'>ὑποστρέψαι</span> <span class='ocrx_word' id='word_1_203' title='bbox 1406 2439 1489 2501; x_wconf 87' lang='grc' dir='ltr'><strong>είς</strong></span> <span class='ocrx_word' id='word_1_204' title='bbox 1517 2435 1618 2506; x_wconf 77' lang='grc' dir='ltr'>τὴν</span> <span class='ocrx_word' id='word_1_205' title='bbox 1649 2434 1865 2505; x_wconf 80' lang='grc' dir='ltr'>κώμην,</span> 
     </span>
    </p>
   </div>
   <div class='ocr_carea' id='block_1_27' title="bbox 273 2524 1870 2605">
    <p class='ocr_par' dir='ltr' id='par_1_27' title="bbox 273 2524 1870 2605">
     <span class='ocr_line' id='line_1_27' title="bbox 273 2524 1870 2605; baseline -0.013 -7"><span class='ocrx_word' id='word_1_206' title='bbox 273 2542 397 2598; x_wconf 78' lang='grc' dir='ltr'>ἀλλ’</span> <span class='ocrx_word' id='word_1_207' title='bbox 415 2543 495 2605; x_wconf 80' lang='grc' dir='ltr'><strong>είς</strong></span> <span class='ocrx_word' id='word_1_208' title='bbox 518 2540 610 2592; x_wconf 71' lang='grc' dir='ltr'><strong>τὸν</strong></span> <span class='ocrx_word' id='word_1_209' title='bbox 632 2533 802 2592; x_wconf 77' lang='grc' dir='ltr'>οἷκον.</span> <span class='ocrx_word' id='word_1_210' title='bbox 827 2531 991 2598; x_wconf 69' lang='grc' dir='ltr'>οἰκος</span> <span class='ocrx_word' id='word_1_211' title='bbox 1015 2533 1074 2588; x_wconf 65' lang='grc' dir='ltr'>δὲ</span> <span class='ocrx_word' id='word_1_212' title='bbox 1099 2532 1336 2587; x_wconf 68' lang='grc' dir='ltr'>ἑκάστου</span> <span class='ocrx_word' id='word_1_213' title='bbox 1363 2527 1521 2600; x_wconf 78' lang='grc' dir='ltr'>ἡμῶν</span> <span class='ocrx_word' id='word_1_214' title='bbox 1544 2566 1559 2592; x_wconf 94' lang='grc'><strong>,</strong></span> <span class='ocrx_word' id='word_1_215' title='bbox 1584 2526 1616 2580; x_wconf 83' lang='grc' dir='ltr'><strong>ό</strong></span> <span class='ocrx_word' id='word_1_216' title='bbox 1639 2524 1870 2596; x_wconf 81' lang='grc' dir='ltr'>οὐρανὸς</span> 
     </span>
    </p>
   </div>
   <div class='ocr_carea' id='block_1_28' title="bbox 275 2624 1123 2697">
    <p class='ocr_par' dir='ltr' id='par_1_28' title="bbox 275 2624 1123 2697">
     <span class='ocr_line' id='line_1_28' title="bbox 275 2624 1123 2697; baseline -0.011 -9"><span class='ocrx_word' id='word_1_217' title='bbox 275 2632 377 2688; x_wconf 66' lang='grc' dir='ltr'>καὶ</span> <span class='ocrx_word' id='word_1_218' title='bbox 403 2633 458 2685; x_wconf 86' lang='grc' dir='ltr'><strong>αί</strong></span> <span class='ocrx_word' id='word_1_219' title='bbox 491 2631 670 2684; x_wconf 66' lang='grc' dir='ltr'>ἐκεῖσε</span> <span class='ocrx_word' id='word_1_220' title='bbox 705 2624 888 2697; x_wconf 78' lang='grc' dir='ltr'>μοναί.</span> <span class='ocrx_word' id='word_1_221' title='bbox 1102 2643 1123 2649; x_wconf 75' lang='grc'><em>’</em></span> 
     </span>
    </p>
   </div>
   <div class='ocr_carea' id='block_1_29' title="bbox 359 2704 1873 2791">
    <p class='ocr_par' dir='ltr' id='par_1_29' title="bbox 359 2704 1873 2791">
     <span class='ocr_line' id='line_1_29' title="bbox 359 2704 1873 2791; baseline -0.014 -13"><span class='ocrx_word' id='word_1_222' title='bbox 359 2745 378 2778; x_wconf 77' lang='grc' dir='ltr'><strong>ι</strong></span> <span class='ocrx_word' id='word_1_223' title='bbox 417 2723 528 2779; x_wconf 75' lang='grc' dir='ltr'><strong>Καὶ</strong></span> <span class='ocrx_word' id='word_1_224' title='bbox 556 2719 783 2791; x_wconf 56' lang='lat' dir='ltr'><strong>tamen</strong></span> <span class='ocrx_word' id='word_1_225' title='bbox 810 2721 838 2773; x_wconf 81' lang='grc' dir='ltr'><strong>ὁ</strong></span> <span class='ocrx_word' id='word_1_226' title='bbox 870 2713 1084 2789; x_wconf 81' lang='grc' dir='ltr'>Ἰησοῦς</span> <span class='ocrx_word' id='word_1_227' title='bbox 1111 2713 1209 2771; x_wconf 78' lang='grc' dir='ltr'>καὶ</span> <span class='ocrx_word' id='word_1_228' title='bbox 1237 2713 1286 2767; x_wconf 84' lang='lat' dir='ltr'><strong>oi</strong></span> <span class='ocrx_word' id='word_1_229' title='bbox 1321 2708 1564 2782; x_wconf 71' lang='grc' dir='ltr'>μαθηταὶ</span> <span class='ocrx_word' id='word_1_230' title='bbox 1594 2704 1761 2762; x_wconf 78' lang='grc' dir='ltr'>αὐτοῦ</span> <span class='ocrx_word' id='word_1_231' title='bbox 1791 2707 1873 2768; x_wconf 73' lang='grc' dir='ltr'><strong>εἰς</strong></span> 
     </span>
    </p>
   </div>
   <div class='ocr_carea' id='block_1_30' title="bbox 277 2798 1875 2885">
    <p class='ocr_par' dir='ltr' id='par_1_30' title="bbox 277 2798 1875 2885">
     <span class='ocr_line' id='line_1_30' title="bbox 277 2798 1875 2885; baseline -0.013 -13"><span class='ocrx_word' id='word_1_232' title='bbox 277 2817 379 2879; x_wconf 83' lang='grc' dir='ltr'><strong>τάς</strong></span> <span class='ocrx_word' id='word_1_233' title='bbox 408 2815 601 2885; x_wconf 86' lang='grc' dir='ltr'>κώμας</span> <span class='ocrx_word' id='word_1_234' title='bbox 630 2808 970 2881; x_wconf 77' lang='grc' dir='ltr'>Καισαρείας</span> <span class='ocrx_word' id='word_1_235' title='bbox 999 2808 1101 2881; x_wconf 85' lang='grc' dir='ltr'><strong>τῆς</strong></span> <span class='ocrx_word' id='word_1_236' title='bbox 1125 2804 1424 2870; x_wconf 66' lang='grc' dir='ltr'>Φιλίππου,</span> <span class='ocrx_word' id='word_1_237' title='bbox 1460 2803 1556 2857; x_wconf 76' lang='grc' dir='ltr'>καὶ</span> <span class='ocrx_word' id='word_1_238' title='bbox 1583 2802 1643 2854; x_wconf 74' lang='grc' dir='ltr'>ὲν</span> <span class='ocrx_word' id='word_1_239' title='bbox 1671 2802 1738 2872; x_wconf 73' lang='grc' dir='ltr'>τῇ</span> <span class='ocrx_word' id='word_1_240' title='bbox 1766 2798 1875 2869; x_wconf 69' lang='grc' dir='ltr'>6δῷ</span> 
     </span>
    </p>
   </div>
   <div class='ocr_carea' id='block_1_31' title="bbox 278 2889 1876 2978">
    <p class='ocr_par' dir='ltr' id='par_1_31' title="bbox 278 2889 1876 2978">
     <span class='ocr_line' id='line_1_31' title="bbox 278 2889 1876 2978; baseline -0.012 -15"><span class='ocrx_word' id='word_1_241' title='bbox 278 2906 546 2978; x_wconf 77' lang='grc' dir='ltr'>ἐπηρώτα</span> <span class='ocrx_word' id='word_1_242' title='bbox 577 2905 706 2967; x_wconf 79' lang='grc' dir='ltr'>τοὺς</span> <span class='ocrx_word' id='word_1_243' title='bbox 748 2899 1001 2972; x_wconf 80' lang='grc' dir='ltr'>μαθητάς</span> <span class='ocrx_word' id='word_1_244' title='bbox 1036 2895 1226 2964; x_wconf 79' lang='grc' dir='ltr'>αὐτοῦ,</span> <span class='ocrx_word' id='word_1_245' title='bbox 1259 2896 1441 2963; x_wconf 71' lang='grc' dir='ltr'>λέγων</span> <span class='ocrx_word' id='word_1_246' title='bbox 1475 2893 1663 2955; x_wconf 75' lang='grc' dir='ltr'>αὐτοῖς</span> <span class='ocrx_word' id='word_1_247' title='bbox 1688 2907 1702 2921; x_wconf 89' lang='grc'><strong>·</strong></span> <span class='ocrx_word' id='word_1_248' title='bbox 1740 2889 1876 2944; x_wconf 86' lang='grc' dir='ltr'>Τίνα</span> 
     </span>
    </p>
   </div>
   <div class='ocr_carea' id='block_1_32' title="bbox 283 2983 1873 3071">
    <p class='ocr_par' dir='ltr' id='par_1_32' title="bbox 283 2983 1873 3071">
     <span class='ocr_line' id='line_1_32' title="bbox 283 2983 1873 3071; baseline -0.013 -16"><span class='ocrx_word' id='word_1_249' title='bbox 283 3018 354 3071; x_wconf 83' lang='grc' dir='ltr'><strong>με</strong></span> <span class='ocrx_word' id='word_1_250' title='bbox 384 3001 638 3068; x_wconf 74' lang='grc' dir='ltr'>λέγουσιν</span> <span class='ocrx_word' id='word_1_251' title='bbox 664 2997 713 3050; x_wconf 84' lang='grc' dir='ltr'><strong>οῖ</strong></span> <span class='ocrx_word' id='word_1_252' title='bbox 745 2993 1024 3063; x_wconf 72' lang='grc' dir='ltr'>ἀνθρωττοι</span> <span class='ocrx_word' id='word_1_253' title='bbox 1055 2987 1233 3056; x_wconf 63' lang='lat' dir='ltr'><strong>clvas;</strong></span> <span class='ocrx_word' id='word_1_254' title='bbox 1267 2989 1334 3042; x_wconf 82' lang='lat' dir='ltr'><strong>Of</strong></span> <span class='ocrx_word' id='word_1_255' title='bbox 1361 2987 1421 3041; x_wconf 69' lang='grc' dir='ltr'>δὲ</span> <span class='ocrx_word' id='word_1_256' title='bbox 1448 2983 1837 3055; x_wconf 75' lang='grc' dir='ltr'><strong>ἀπεκρίθησαν</strong></span> <span class='ocrx_word' id='word_1_257' title='bbox 1856 3020 1873 3047; x_wconf 92' lang='grc'><strong>,</strong></span> 
     </span>
    </p>
   </div>
   <div class='ocr_carea' id='block_1_33' title="bbox 277 3073 1876 3159">
    <p class='ocr_par' dir='ltr' id='par_1_33' title="bbox 277 3073 1876 3159">
     <span class='ocr_line' id='line_1_33' title="bbox 277 3073 1876 3159; baseline -0.013 -13"><span class='ocrx_word' id='word_1_258' title='bbox 277 3091 538 3159; x_wconf 80' lang='grc' dir='ltr'>Ἰωάννην</span> <span class='ocrx_word' id='word_1_259' title='bbox 562 3088 652 3142; x_wconf 67' lang='grc' dir='ltr'><strong>τὸν</strong></span> <span class='ocrx_word' id='word_1_260' title='bbox 697 3083 1031 3153; x_wconf 77' lang='grc' dir='ltr'>Βαπτιστὴν,</span> <span class='ocrx_word' id='word_1_261' title='bbox 1061 3083 1156 3138; x_wconf 79' lang='grc' dir='ltr'>καὶ</span> <span class='ocrx_word' id='word_1_262' title='bbox 1184 3079 1357 3143; x_wconf 52' lang='grc' dir='ltr'>ἄλλοις</span> <span class='ocrx_word' id='word_1_263' title='bbox 1387 3076 1598 3142; x_wconf 83' lang='grc' dir='ltr'>Ἠλίαν,</span> <span class='ocrx_word' id='word_1_264' title='bbox 1621 3075 1772 3131; x_wconf 76' lang='grc' dir='ltr'>ἄλλοι</span> <span class='ocrx_word' id='word_1_265' title='bbox 1797 3073 1876 3141; x_wconf 74' lang='grc' dir='ltr'>δὲ,</span> 
     </span>
    </p>
   </div>
   <div class='ocr_carea' id='block_1_34' title="bbox 1963 590 3550 678">
    <p class='ocr_par' dir='ltr' id='par_1_34' title="bbox 1963 590 3550 678">
     <span class='ocr_line' id='line_1_34' title="bbox 1963 590 3550 678; baseline -0.017 -8"><span class='ocrx_word' id='word_1_266' title='bbox 1963 614 2119 678; x_wconf 85' lang='lat' dir='ltr'><strong>ﬁdes,</strong></span> <span class='ocrx_word' id='word_1_267' title='bbox 2141 613 2286 668; x_wconf 90' lang='lat' dir='ltr'><strong>unde</strong></span> <span class='ocrx_word' id='word_1_268' title='bbox 2315 621 2370 667; x_wconf 90' lang='lat' dir='ltr'><strong>et</strong></span> <span class='ocrx_word' id='word_1_269' title='bbox 2404 593 2665 664; x_wconf 88' lang='lat' dir='ltr'><strong>Dominus</strong></span> <span class='ocrx_word' id='word_1_270' title='bbox 2688 605 2876 660; x_wconf 88' lang='lat' dir='ltr'><strong>educit</strong></span> <span class='ocrx_word' id='word_1_271' title='bbox 2903 612 3106 656; x_wconf 67' lang='lat' dir='ltr'><strong>caecum</strong></span> <span class='ocrx_word' id='word_1_272' title='bbox 3139 610 3169 651; x_wconf 92' lang='lat' dir='ltr'><strong>e</strong></span> <span class='ocrx_word' id='word_1_273' title='bbox 3197 607 3358 664; x_wconf 89' lang='lat' dir='ltr'><strong>pago,</strong></span> <span class='ocrx_word' id='word_1_274' title='bbox 3389 599 3444 645; x_wconf 91' lang='lat' dir='ltr'><strong>et</strong></span> <span class='ocrx_word' id='word_1_275' title='bbox 3469 590 3550 646; x_wconf 86' lang='lat' dir='ltr'><strong>sic</strong></span> 
     </span>
    </p>
   </div>
   <div class='ocr_carea' id='block_1_35' title="bbox 1959 687 3552 770">
    <p class='ocr_par' dir='ltr' id='par_1_35' title="bbox 1959 687 3552 770">
     <span class='ocr_line' id='line_1_35' title="bbox 1959 687 3552 770; baseline -0.018 -8"><span class='ocrx_word' id='word_1_276' title='bbox 1959 716 2116 762; x_wconf 85' lang='lat' dir='ltr'><strong>sanat</strong></span> <span class='ocrx_word' id='word_1_277' title='bbox 2149 704 2320 758; x_wconf 91' lang='lat' dir='ltr'><strong>illum.</strong></span> <span class='ocrx_word' id='word_1_278' title='bbox 2357 700 2560 770; x_wconf 81' lang='lat' dir='ltr'><strong>Expuit</strong></span> <span class='ocrx_word' id='word_1_279' title='bbox 2598 711 2729 753; x_wconf 84' lang='lat' dir='ltr'><strong>vero</strong></span> <span class='ocrx_word' id='word_1_280' title='bbox 2760 697 2813 752; x_wconf 86' lang='lat' dir='ltr'><strong>iu</strong></span> <span class='ocrx_word' id='word_1_281' title='bbox 2846 692 3034 748; x_wconf 88' lang='lat' dir='ltr'><strong>oculos</strong></span> <span class='ocrx_word' id='word_1_282' title='bbox 3066 687 3230 749; x_wconf 76' lang='lat' dir='ltr'><strong>czeci,</strong></span> <span class='ocrx_word' id='word_1_283' title='bbox 3263 695 3320 740; x_wconf 87' lang='lat' dir='ltr'><strong>et</strong></span> <span class='ocrx_word' id='word_1_284' title='bbox 3356 696 3552 737; x_wconf 89' lang='lat' dir='ltr'><strong>manus</strong></span> 
     </span>
    </p>
   </div>
   <div class='ocr_carea' id='block_1_36' title="bbox 1962 776 3554 868">
    <p class='ocr_par' dir='ltr' id='par_1_36' title="bbox 1962 776 3554 868">
     <span class='ocr_line' id='line_1_36' title="bbox 1962 776 3554 868; baseline -0.016 -15"><span class='ocrx_word' id='word_1_285' title='bbox 1962 797 2215 868; x_wconf 87' lang='lat' dir='ltr'><strong>imponit,</strong></span> <span class='ocrx_word' id='word_1_286' title='bbox 2263 805 2321 850; x_wconf 93' lang='lat' dir='ltr'><strong>ut</strong></span> <span class='ocrx_word' id='word_1_287' title='bbox 2366 797 2642 850; x_wconf 85' lang='lat' dir='ltr'><strong>discamus</strong></span> <span class='ocrx_word' id='word_1_288' title='bbox 2688 804 2789 845; x_wconf 90' lang='lat' dir='ltr'><strong>nos</strong></span> <span class='ocrx_word' id='word_1_289' title='bbox 2831 786 2975 857; x_wconf 93' lang='lat' dir='ltr'><strong>quod</strong></span> <span class='ocrx_word' id='word_1_290' title='bbox 3025 787 3205 837; x_wconf 84' lang='lat' dir='ltr'><strong>sermo</strong></span> <span class='ocrx_word' id='word_1_291' title='bbox 3241 776 3456 832; x_wconf 80' lang='lat' dir='ltr'><strong>divinus</strong></span> <span class='ocrx_word' id='word_1_292' title='bbox 3495 783 3554 829; x_wconf 88' lang='lat' dir='ltr'><strong>et</strong></span> 
     </span>
    </p>
   </div>
   <div class='ocr_carea' id='block_1_37' title="bbox 1960 867 3550 962">
    <p class='ocr_par' dir='ltr' id='par_1_37' title="bbox 1960 867 3550 962">
     <span class='ocr_line' id='line_1_37' title="bbox 1960 867 3550 962; baseline -0.019 -14"><span class='ocrx_word' id='word_1_293' title='bbox 1960 891 2208 962; x_wconf 76' lang='lat' dir='ltr'><strong>operatio</strong></span> <span class='ocrx_word' id='word_1_294' title='bbox 2254 889 2408 944; x_wconf 86' lang='lat' dir='ltr'><strong>illum</strong></span> <span class='ocrx_word' id='word_1_295' title='bbox 2459 886 2803 951; x_wconf 87' lang='lat' dir='ltr'><strong>subsequens</strong></span> <span class='ocrx_word' id='word_1_296' title='bbox 2861 879 2928 932; x_wconf 89' lang='lat' dir='ltr'><strong>ad</strong></span> <span class='ocrx_word' id='word_1_297' title='bbox 2986 872 3248 929; x_wconf 87' lang='lat' dir='ltr'><strong>miracula</strong></span> <span class='ocrx_word' id='word_1_298' title='bbox 3304 867 3550 922; x_wconf 88' lang='lat' dir='ltr'><strong>facienda</strong></span> 
     </span>
    </p>
   </div>
   <div class='ocr_carea' id='block_1_38' title="bbox 1960 963 3552 1042">
    <p class='ocr_par' dir='ltr' id='par_1_38' title="bbox 1960 963 3552 1042">
     <span class='ocr_line' id='line_1_38' title="bbox 1960 963 3552 1042; baseline -0.018 -2"><span class='ocrx_word' id='word_1_299' title='bbox 1960 976 2155 1040; x_wconf 66' lang='lat' dir='ltr'><strong>efficax</strong></span> <span class='ocrx_word' id='word_1_300' title='bbox 2188 982 2281 1038; x_wconf 88' lang='lat' dir='ltr'><strong>sit.</strong></span> <span class='ocrx_word' id='word_1_301' title='bbox 2313 980 2505 1036; x_wconf 77' lang='lat' dir='ltr'><strong>Manus</strong></span> <span class='ocrx_word' id='word_1_302' title='bbox 2525 978 2697 1038; x_wconf 89' lang='lat' dir='ltr'><strong>enim,</strong></span> <span class='ocrx_word' id='word_1_303' title='bbox 2729 967 3072 1042; x_wconf 72' lang='lat' dir='ltr'><strong>operationis</strong></span> <span class='ocrx_word' id='word_1_304' title='bbox 3097 963 3403 1035; x_wconf 83' lang='lat' dir='ltr'><strong>symbolum</strong></span> <span class='ocrx_word' id='word_1_305' title='bbox 3435 965 3552 1012; x_wconf 89' lang='lat' dir='ltr'><strong>est:</strong></span> 
     </span>
    </p>
   </div>
   <div class='ocr_carea' id='block_1_39' title="bbox 1963 1046 3553 1148">
    <p class='ocr_par' dir='ltr' id='par_1_39' title="bbox 1963 1046 3553 1148">
     <span class='ocr_line' id='line_1_39' title="bbox 1963 1046 3553 1148; baseline -0.025 -11"><span class='ocrx_word' id='word_1_306' title='bbox 1963 1085 2186 1148; x_wconf 81' lang='lat' dir='ltr'><strong>sputum</strong></span> <span class='ocrx_word' id='word_1_307' title='bbox 2208 1083 2389 1131; x_wconf 86' lang='lat' dir='ltr'><strong>autem</strong></span> <span class='ocrx_word' id='word_1_308' title='bbox 2403 1069 2704 1130; x_wconf 79' lang='lat' dir='ltr'><strong>sermonis,</strong></span> <span class='ocrx_word' id='word_1_309' title='bbox 2728 1060 2962 1130; x_wconf 85' lang='lat' dir='ltr'><strong>eoquod</strong></span> <span class='ocrx_word' id='word_1_310' title='bbox 2989 1072 3058 1113; x_wconf 81' lang='lat' dir='ltr'><strong>ex</strong></span> <span class='ocrx_word' id='word_1_311' title='bbox 3088 1069 3182 1110; x_wconf 89' lang='lat' dir='ltr'><strong>ore</strong></span> <span class='ocrx_word' id='word_1_312' title='bbox 3210 1052 3302 1108; x_wconf 97' lang='lat' dir='ltr'><strong>sit.</strong></span> <span class='ocrx_word' id='word_1_313' title='bbox 3337 1050 3402 1104; x_wconf 85' lang='lat' dir='ltr'><strong>Et</strong></span> <span class='ocrx_word' id='word_1_314' title='bbox 3424 1046 3553 1115; x_wconf 84' lang='lat' dir='ltr'><strong>quia</strong></span> 
     </span>
    </p>
   </div>
   <div class='ocr_carea' id='block_1_40' title="bbox 1963 1142 3555 1242">
    <p class='ocr_par' dir='ltr' id='par_1_40' title="bbox 1963 1142 3555 1242">
     <span class='ocr_line' id='line_1_40' title="bbox 1963 1142 3555 1242; baseline -0.023 -15"><span class='ocrx_word' id='word_1_315' title='bbox 1963 1142 2143 1242; x_wconf 69' lang='lat' dir='ltr'><strong>neque</strong></span> <span class='ocrx_word' id='word_1_316' title='bbox 2172 1151 2350 1231; x_wconf 66' lang='lat' dir='ltr'><strong>exectis</strong></span> <span class='ocrx_word' id='word_1_317' title='bbox 2389 1165 2480 1222; x_wconf 85' lang='lat' dir='ltr'><strong>ille</strong></span> <span class='ocrx_word' id='word_1_318' title='bbox 2515 1159 2819 1235; x_wconf 79' lang='lat' dir='ltr'><strong>perfectam</strong></span> <span class='ocrx_word' id='word_1_319' title='bbox 2869 1150 3058 1209; x_wconf 84' lang='lat' dir='ltr'><strong>habuit</strong></span> <span class='ocrx_word' id='word_1_320' title='bbox 3115 1145 3302 1211; x_wconf 82' lang='lat' dir='ltr'><strong>fidem,</strong></span> <span class='ocrx_word' id='word_1_321' title='bbox 3350 1142 3555 1242; x_wconf 71' lang='lat' dir='ltr'><strong>idcirco</strong></span> 
     </span>
    </p>
   </div>
   <div class='ocr_carea' id='block_1_41' title="bbox 1963 1233 3554 1329">
    <p class='ocr_par' dir='ltr' id='par_1_41' title="bbox 1963 1233 3554 1329">
     <span class='ocr_line' id='line_1_41' title="bbox 1963 1233 3554 1329; baseline -0.022 -9"><span class='ocrx_word' id='word_1_322' title='bbox 1963 1233 2086 1320; x_wconf 74' lang='lat' dir='ltr'><strong>non‘</strong></span> <span class='ocrx_word' id='word_1_323' title='bbox 2116 1265 2305 1318; x_wconf 86' lang='lat' dir='ltr'><strong>statim</strong></span> <span class='ocrx_word' id='word_1_324' title='bbox 2352 1233 2533 1329; x_wconf 76' lang='lat' dir='ltr'><strong>ipsum</strong></span> <span class='ocrx_word' id='word_1_325' title='bbox 2570 1252 2897 1325; x_wconf 79' lang='lat' dir='ltr'><strong>resipiscere</strong></span> <span class='ocrx_word' id='word_1_326' title='bbox 2948 1245 3118 1307; x_wconf 88' lang='lat' dir='ltr'><strong>facit,</strong></span> <span class='ocrx_word' id='word_1_327' title='bbox 3327 1233 3554 1295; x_wconf 83' lang='lat' dir='ltr'><strong>sensim,</strong></span> 
     </span>
    </p>
   </div>
   <div class='ocr_carea' id='block_1_42' title="bbox 1963 1325 3560 1424">
    <p class='ocr_par' dir='ltr' id='par_1_42' title="bbox 1963 1325 3560 1424">
     <span class='ocr_line' id='line_1_42' title="bbox 1963 1325 3560 1424; baseline -0.022 -15"><span class='ocrx_word' id='word_1_328' title='bbox 1963 1362 2150 1424; x_wconf 88' lang='lat' dir='ltr'><strong>utpote</strong></span> <span class='ocrx_word' id='word_1_329' title='bbox 2174 1325 2391 1422; x_wconf 78' lang='lat' dir='ltr'><strong>integra</strong></span> <span class='ocrx_word' id='word_1_330' title='bbox 2418 1353 2696 1405; x_wconf 81' lang='lat' dir='ltr'><strong>carentem</strong></span> <span class='ocrx_word' id='word_1_331' title='bbox 2726 1340 2851 1394; x_wconf 85' lang='lat' dir='ltr'><strong>fide.</strong></span> <span class='ocrx_word' id='word_1_332' title='bbox 2879 1335 3044 1390; x_wconf 76' lang='lat' dir='ltr'><strong>Juxta</strong></span> <span class='ocrx_word' id='word_1_333' title='bbox 3087 1330 3210 1386; x_wconf 80' lang='lat' dir='ltr'><strong>fidei</strong></span> <span class='ocrx_word' id='word_1_334' title='bbox 3237 1325 3384 1383; x_wconf 85' lang='lat' dir='ltr'><strong>enim</strong></span> <span class='ocrx_word' id='word_1_335' title='bbox 3439 1338 3560 1376; x_wconf 83' lang='lat' dir='ltr'><strong>rna-</strong></span> 
     </span>
    </p>
   </div>
   <div class='ocr_carea' id='block_1_43' title="bbox 1963 1423 3559 1518">
    <p class='ocr_par' dir='ltr' id='par_1_43' title="bbox 1963 1423 3559 1518">
     <span class='ocr_line' id='line_1_43' title="bbox 1963 1423 3559 1518; baseline -0.023 -15"><span class='ocrx_word' id='word_1_336' title='bbox 1963 1423 2306 1518; x_wconf 85' lang='lat' dir='ltr'><strong>gnitudinem</strong></span> <span class='ocrx_word' id='word_1_337' title='bbox 2354 1448 2412 1496; x_wconf 89' lang='lat' dir='ltr'><strong>et</strong></span> <span class='ocrx_word' id='word_1_338' title='bbox 2454 1437 2664 1494; x_wconf 75' lang='lat' dir='ltr'><strong>sanitas</strong></span> <span class='ocrx_word' id='word_1_339' title='bbox 2701 1433 2886 1488; x_wconf 87' lang='lat' dir='ltr'><strong>datur.</strong></span> <span class='ocrx_word' id='word_1_340' title='bbox 2942 1423 3208 1481; x_wconf 79' lang='lat' dir='ltr'><strong>Prohibet</strong></span> <span class='ocrx_word' id='word_1_341' title='bbox 3257 1427 3439 1474; x_wconf 90' lang='lat' dir='ltr'><strong>autem</strong></span> <span class='ocrx_word' id='word_1_342' title='bbox 3490 1427 3559 1468; x_wconf 87' lang='lat' dir='ltr'><strong>ne</strong></span> 
     </span>
    </p>
   </div>
   <div class='ocr_carea' id='block_1_44' title="bbox 1965 1507 3556 1609">
    <p class='ocr_par' dir='ltr' id='par_1_44' title="bbox 1965 1507 3556 1609">
     <span class='ocr_line' id='line_1_44' title="bbox 1965 1507 3556 1609; baseline -0.022 -15"><span class='ocrx_word' id='word_1_343' title='bbox 1965 1537 2302 1609; x_wconf 73' lang='lat' dir='ltr'><strong>ingrediatur</strong></span> <span class='ocrx_word' id='word_1_344' title='bbox 2327 1534 2380 1588; x_wconf 91' lang='lat' dir='ltr'><strong>in</strong></span> <span class='ocrx_word' id='word_1_345' title='bbox 2414 1544 2610 1602; x_wconf 89' lang='lat' dir='ltr'><strong>pagum</strong></span> <span class='ocrx_word' id='word_1_346' title='bbox 2645 1539 2804 1583; x_wconf 87' lang='lat' dir='ltr'><strong>suum</strong></span> <span class='ocrx_word' id='word_1_347' title='bbox 2825 1563 2841 1586; x_wconf 91' lang='lat'><strong>,</strong></span> <span class='ocrx_word' id='word_1_348' title='bbox 2874 1534 2942 1576; x_wconf 90' lang='lat' dir='ltr'><strong>eo</strong></span> <span class='ocrx_word' id='word_1_349' title='bbox 2991 1517 3133 1586; x_wconf 92' lang='lat' dir='ltr'><strong>quod</strong></span> <span class='ocrx_word' id='word_1_350' title='bbox 3158 1554 3173 1577; x_wconf 91' lang='lat'><strong>,</strong></span> <span class='ocrx_word' id='word_1_351' title='bbox 3222 1513 3366 1567; x_wconf 85' lang='lat' dir='ltr'><strong>sicut</strong></span> <span class='ocrx_word' id='word_1_352' title='bbox 3418 1507 3556 1571; x_wconf 79' lang='lat' dir='ltr'><strong>dixi,</strong></span> 
     </span>
    </p>
   </div>
   <div class='ocr_carea' id='block_1_45' title="bbox 1965 1598 3554 1687">
    <p class='ocr_par' dir='ltr' id='par_1_45' title="bbox 1965 1598 3554 1687">
     <span class='ocr_line' id='line_1_45' title="bbox 1965 1598 3554 1687; baseline -0.022 0"><span class='ocrx_word' id='word_1_353' title='bbox 1965 1598 2232 1687; x_wconf 71' lang='lat' dir='ltr'><strong>increduli</strong></span> <span class='ocrx_word' id='word_1_354' title='bbox 2282 1598 2442 1682; x_wconf 78' lang='lat' dir='ltr'><strong>erant</strong></span> <span class='ocrx_word' id='word_1_355' title='bbox 2485 1621 2735 1678; x_wconf 87' lang='lat' dir='ltr'><strong>homines</strong></span> <span class='ocrx_word' id='word_1_356' title='bbox 2765 1610 3090 1672; x_wconf 80' lang='lat' dir='ltr'><strong>Bethsaidae,</strong></span> <span class='ocrx_word' id='word_1_357' title='bbox 3124 1616 3179 1661; x_wconf 90' lang='lat' dir='ltr'><strong>et</strong></span> <span class='ocrx_word' id='word_1_358' title='bbox 3205 1603 3403 1658; x_wconf 75' lang='lat' dir='ltr'><strong>anima:</strong></span> <span class='ocrx_word' id='word_1_359' title='bbox 3432 1598 3554 1687; x_wconf 77' lang='lat' dir='ltr'><strong>eius</strong></span> 
     </span>
    </p>
   </div>
   <div class='ocr_carea' id='block_1_46' title="bbox 1968 1685 3556 1778">
    <p class='ocr_par' dir='ltr' id='par_1_46' title="bbox 1968 1685 3556 1778">
     <span class='ocr_line' id='line_1_46' title="bbox 1968 1685 3556 1778; baseline -0.022 -3"><span class='ocrx_word' id='word_1_360' title='bbox 1968 1685 2305 1775; x_wconf 82' lang='lat' dir='ltr'><strong>nocuissent.</strong></span> <span class='ocrx_word' id='word_1_361' title='bbox 2330 1712 2439 1770; x_wconf 87' lang='lat' dir='ltr'><strong>Sed</strong></span> <span class='ocrx_word' id='word_1_362' title='bbox 2469 1721 2644 1778; x_wconf 90' lang='lat' dir='ltr'><strong>neque</strong></span> <span class='ocrx_word' id='word_1_363' title='bbox 2671 1703 2925 1762; x_wconf 84' lang='lat' dir='ltr'><strong>Christus</strong></span> <span class='ocrx_word' id='word_1_364' title='bbox 2948 1698 3053 1752; x_wconf 88' lang='lat' dir='ltr'><strong>hoc</strong></span> <span class='ocrx_word' id='word_1_365' title='bbox 3071 1698 3138 1749; x_wconf 90' lang='lat' dir='ltr'><strong>de</strong></span> <span class='ocrx_word' id='word_1_366' title='bbox 3168 1707 3229 1748; x_wconf 92' lang='lat' dir='ltr'><strong>se</strong></span> <span class='ocrx_word' id='word_1_367' title='bbox 3259 1689 3422 1745; x_wconf 83' lang='lat' dir='ltr'><strong>alicui</strong></span> <span class='ocrx_word' id='word_1_368' title='bbox 3448 1685 3556 1742; x_wconf 88' lang='lat' dir='ltr'><strong>dici</strong></span> 
     </span>
    </p>
   </div>
   <div class='ocr_carea' id='block_1_47' title="bbox 1967 1787 3562 1876">
    <p class='ocr_par' dir='ltr' id='par_1_47' title="bbox 1967 1787 3562 1876">
     <span class='ocr_line' id='line_1_47' title="bbox 1967 1787 3562 1876; baseline -0.018 -13"><span class='ocrx_word' id='word_1_369' title='bbox 1967 1811 2104 1876; x_wconf 79' lang='lat' dir='ltr'><strong>vult,</strong></span> <span class='ocrx_word' id='word_1_370' title='bbox 2139 1819 2195 1864; x_wconf 92' lang='lat' dir='ltr'><strong>ut</strong></span> <span class='ocrx_word' id='word_1_371' title='bbox 2227 1821 2295 1862; x_wconf 89' lang='lat' dir='ltr'><strong>ne</strong></span> <span class='ocrx_word' id='word_1_372' title='bbox 2326 1806 2380 1861; x_wconf 92' lang='lat' dir='ltr'><strong>in</strong></span> <span class='ocrx_word' id='word_1_373' title='bbox 2412 1799 2797 1859; x_wconf 85' lang='lat' dir='ltr'><strong>incredulitate</strong></span> <span class='ocrx_word' id='word_1_374' title='bbox 2835 1807 2929 1848; x_wconf 90' lang='lat' dir='ltr'><strong>sua</strong></span> <span class='ocrx_word' id='word_1_375' title='bbox 2949 1787 3113 1858; x_wconf 74' lang='lat'><strong>212</strong></span> <span class='ocrx_word' id='word_1_376' title='bbox 3135 1789 3562 1854; x_wconf 81' lang='lat' dir='ltr'><strong>perseverantes</strong></span> 
     </span>
    </p>
   </div>
   <div class='ocr_carea' id='block_1_48' title="bbox 1969 1877 3558 1968">
    <p class='ocr_par' dir='ltr' id='par_1_48' title="bbox 1969 1877 3558 1968">
     <span class='ocr_line' id='line_1_48' title="bbox 1969 1877 3558 1968; baseline -0.02 -11"><span class='ocrx_word' id='word_1_377' title='bbox 1969 1901 2069 1968; x_wconf 87' lang='lat' dir='ltr'><strong>illi,</strong></span> <span class='ocrx_word' id='word_1_378' title='bbox 2103 1902 2157 1954; x_wconf 87' lang='lat' dir='ltr'><strong>itt</strong></span> <span class='ocrx_word' id='word_1_379' title='bbox 2187 1898 2411 1968; x_wconf 78' lang='lat' dir='ltr'><strong>gravius</strong></span> <span class='ocrx_word' id='word_1_380' title='bbox 2451 1892 2759 1949; x_wconf 87' lang='lat' dir='ltr'><strong>inciderent</strong></span> <span class='ocrx_word' id='word_1_381' title='bbox 2809 1883 3100 1954; x_wconf 82' lang='lat' dir='ltr'><strong>judicium.</strong></span> <span class='ocrx_word' id='word_1_382' title='bbox 3153 1877 3221 1932; x_wconf 82' lang='lat' dir='ltr'><strong>Et</strong></span> <span class='ocrx_word' id='word_1_383' title='bbox 3251 1890 3350 1931; x_wconf 85' lang='lat' dir='ltr'><strong>nos</strong></span> <span class='ocrx_word' id='word_1_384' title='bbox 3381 1887 3558 1950; x_wconf 54' lang='lat' dir='ltr'><strong>smpe—</strong></span> 
     </span>
    </p>
   </div>
   <div class='ocr_carea' id='block_1_49' title="bbox 1969 1968 3560 2058">
    <p class='ocr_par' dir='ltr' id='par_1_49' title="bbox 1969 1968 3560 2058">
     <span class='ocr_line' id='line_1_49' title="bbox 1969 1968 3560 2058; baseline -0.017 -13"><span class='ocrx_word' id='word_1_385' title='bbox 1969 1975 2198 2045; x_wconf 87' lang='lat' dir='ltr'><strong>numero</strong></span> <span class='ocrx_word' id='word_1_386' title='bbox 2222 1985 2465 2058; x_wconf 87' lang='lat' dir='ltr'><strong>quandiu</strong></span> <span class='ocrx_word' id='word_1_387' title='bbox 2498 1985 2550 2037; x_wconf 91' lang='lat' dir='ltr'><strong>in</strong></span> <span class='ocrx_word' id='word_1_388' title='bbox 2575 1984 2677 2037; x_wconf 90' lang='lat' dir='ltr'><strong>hoc</strong></span> <span class='ocrx_word' id='word_1_389' title='bbox 2701 1993 2859 2050; x_wconf 76' lang='lat' dir='ltr'><strong>pago,</strong></span> <span class='ocrx_word' id='word_1_390' title='bbox 2886 1975 2939 2028; x_wconf 88' lang='lat' dir='ltr'><strong>id</strong></span> <span class='ocrx_word' id='word_1_391' title='bbox 2967 1981 3069 2034; x_wconf 90' lang='lat' dir='ltr'><strong>est,</strong></span> <span class='ocrx_word' id='word_1_392' title='bbox 3099 1968 3300 2023; x_wconf 87' lang='lat' dir='ltr'><strong>mundo</strong></span> <span class='ocrx_word' id='word_1_393' title='bbox 3323 1968 3560 2036; x_wconf 80' lang='lat' dir='ltr'><strong>agimus.</strong></span> 
     </span>
    </p>
   </div>
   <div class='ocr_carea' id='block_1_50' title="bbox 1969 2055 3563 2138">
    <p class='ocr_par' dir='ltr' id='par_1_50' title="bbox 1969 2055 3563 2138">
     <span class='ocr_line' id='line_1_50' title="bbox 1969 2055 3563 2138; baseline -0.018 -1"><span class='ocrx_word' id='word_1_394' title='bbox 1969 2082 2149 2138; x_wconf 85' lang='lat' dir='ltr'><strong>anima</strong></span> <span class='ocrx_word' id='word_1_395' title='bbox 2211 2093 2401 2133; x_wconf 91' lang='lat' dir='ltr'><strong>sumus</strong></span> <span class='ocrx_word' id='word_1_396' title='bbox 2457 2075 2638 2129; x_wconf 71' lang='lat' dir='ltr'><strong>caeci:</strong></span> <span class='ocrx_word' id='word_1_397' title='bbox 2687 2068 2866 2126; x_wconf 81' lang='lat' dir='ltr'><strong>educti</strong></span> <span class='ocrx_word' id='word_1_398' title='bbox 2923 2075 3105 2118; x_wconf 88' lang='lat' dir='ltr'><strong>autem</strong></span> <span class='ocrx_word' id='word_1_399' title='bbox 3164 2073 3196 2114; x_wconf 92' lang='lat' dir='ltr'><strong>e</strong></span> <span class='ocrx_word' id='word_1_400' title='bbox 3251 2055 3452 2113; x_wconf 88' lang='lat' dir='ltr'><strong>mundo</strong></span> <span class='ocrx_word' id='word_1_401' title='bbox 3503 2061 3563 2111; x_wconf 88' lang='lat' dir='ltr'><strong>et</strong></span> 
     </span>
    </p>
   </div>
   <div class='ocr_carea' id='block_1_51' title="bbox 1970 2149 3558 2237">
    <p class='ocr_par' dir='ltr' id='par_1_51' title="bbox 1970 2149 3558 2237">
     <span class='ocr_line' id='line_1_51' title="bbox 1970 2149 3558 2237; baseline -0.02 -6"><span class='ocrx_word' id='word_1_402' title='bbox 1970 2171 2328 2232; x_wconf 58' lang='lat' dir='ltr'><strong>saecularibus</strong></span> <span class='ocrx_word' id='word_1_403' title='bbox 2353 2167 2602 2237; x_wconf 89' lang='lat' dir='ltr'><strong>negotiis,</strong></span> <span class='ocrx_word' id='word_1_404' title='bbox 2634 2180 2664 2218; x_wconf 89' lang='lat' dir='ltr'><strong>a</strong></span> <span class='ocrx_word' id='word_1_405' title='bbox 2697 2161 2920 2218; x_wconf 87' lang='lat' dir='ltr'><strong>Christo</strong></span> <span class='ocrx_word' id='word_1_406' title='bbox 2948 2167 3228 2210; x_wconf 87' lang='lat' dir='ltr'><strong>sanamur.</strong></span> <span class='ocrx_word' id='word_1_407' title='bbox 3265 2149 3558 2216; x_wconf 82' lang='lat' dir='ltr'><strong>Postquam</strong></span> 
     </span>
    </p>
   </div>
   <div class='ocr_carea' id='block_1_52' title="bbox 1970 2247 3557 2325">
    <p class='ocr_par' dir='ltr' id='par_1_52' title="bbox 1970 2247 3557 2325">
     <span class='ocr_line' id='line_1_52' title="bbox 1970 2247 3557 2325; baseline -0.021 0"><span class='ocrx_word' id='word_1_408' title='bbox 1970 2275 2151 2325; x_wconf 89' lang='lat' dir='ltr'><strong>autem</strong></span> <span class='ocrx_word' id='word_1_409' title='bbox 2187 2262 2361 2321; x_wconf 87' lang='lat' dir='ltr'><strong>sanati</strong></span> <span class='ocrx_word' id='word_1_410' title='bbox 2403 2261 2694 2323; x_wconf 88' lang='lat' dir='ltr'><strong>fuerimus,</strong></span> <span class='ocrx_word' id='word_1_411' title='bbox 2725 2256 2860 2311; x_wconf 88' lang='lat' dir='ltr'><strong>dicit</strong></span> <span class='ocrx_word' id='word_1_412' title='bbox 2904 2253 3059 2308; x_wconf 90' lang='lat' dir='ltr'><strong>nobis</strong></span> <span class='ocrx_word' id='word_1_413' title='bbox 3091 2261 3166 2303; x_wconf 81' lang='lat' dir='ltr'><strong>ne</strong></span> <span class='ocrx_word' id='word_1_414' title='bbox 3193 2247 3337 2306; x_wconf 84' lang='lat' dir='ltr'><strong>ultra</strong></span> <span class='ocrx_word' id='word_1_415' title='bbox 3367 2255 3557 2306; x_wconf 45' lang='lat' dir='ltr'><strong>revera</strong></span> 
     </span>
    </p>
   </div>
   <div class='ocr_carea' id='block_1_53' title="bbox 1972 2339 3562 2428">
    <p class='ocr_par' dir='ltr' id='par_1_53' title="bbox 1972 2339 3562 2428">
     <span class='ocr_line' id='line_1_53' title="bbox 1972 2339 3562 2428; baseline -0.021 -11"><span class='ocrx_word' id='word_1_416' title='bbox 1972 2370 2152 2417; x_wconf 86' lang='lat' dir='ltr'><strong>tamur</strong></span> <span class='ocrx_word' id='word_1_417' title='bbox 2190 2358 2245 2414; x_wconf 93' lang='lat' dir='ltr'><strong>in</strong></span> <span class='ocrx_word' id='word_1_418' title='bbox 2300 2369 2521 2428; x_wconf 87' lang='lat' dir='ltr'><strong>pagum,</strong></span> <span class='ocrx_word' id='word_1_419' title='bbox 2581 2355 2676 2407; x_wconf 91' lang='lat' dir='ltr'><strong>sed</strong></span> <span class='ocrx_word' id='word_1_420' title='bbox 2737 2349 2792 2403; x_wconf 91' lang='lat' dir='ltr'><strong>in</strong></span> <span class='ocrx_word' id='word_1_421' title='bbox 2848 2347 3095 2403; x_wconf 89' lang='lat' dir='ltr'><strong>domum.</strong></span> <span class='ocrx_word' id='word_1_422' title='bbox 3137 2339 3343 2396; x_wconf 89' lang='lat' dir='ltr'><strong>Domus</strong></span> <span class='ocrx_word' id='word_1_423' title='bbox 3375 2341 3562 2389; x_wconf 84' lang='lat' dir='ltr'><strong>autem</strong></span> 
     </span>
    </p>
   </div>
   <div class='ocr_carea' id='block_1_54' title="bbox 1971 2421 3565 2518">
    <p class='ocr_par' dir='ltr' id='par_1_54' title="bbox 1971 2421 3565 2518">
     <span class='ocr_line' id='line_1_54' title="bbox 1971 2421 3565 2518; baseline -0.018 -14"><span class='ocrx_word' id='word_1_424' title='bbox 1971 2421 2402 2518; x_wconf 74' lang='lat' dir='ltr'><strong>uniuscujusque</strong></span> <span class='ocrx_word' id='word_1_425' title='bbox 2453 2451 2704 2498; x_wconf 88' lang='lat' dir='ltr'><strong>nostrum</strong></span> <span class='ocrx_word' id='word_1_426' title='bbox 2735 2435 2956 2498; x_wconf 64' lang='lat' dir='ltr'><strong>caelum,</strong></span> <span class='ocrx_word' id='word_1_427' title='bbox 2995 2441 3050 2488; x_wconf 85' lang='lat' dir='ltr'><strong>et</strong></span> <span class='ocrx_word' id='word_1_428' title='bbox 3103 2426 3419 2485; x_wconf 87' lang='lat' dir='ltr'><strong>mansiones</strong></span> <span class='ocrx_word' id='word_1_429' title='bbox 3451 2421 3565 2477; x_wconf 89' lang='lat' dir='ltr'><strong>illic</strong></span> 
     </span>
    </p>
   </div>
   <div class='ocr_carea' id='block_1_55' title="bbox 1973 2552 2128 2600">
    <p class='ocr_par' dir='ltr' id='par_1_55' title="bbox 1973 2552 2128 2600">
     <span class='ocr_line' id='line_1_55' title="bbox 1973 2552 2128 2600; baseline -0.039 0"><span class='ocrx_word' id='word_1_430' title='bbox 1973 2552 2128 2600; x_wconf 88' lang='lat' dir='ltr'><strong>sunt.</strong></span> 
     </span>
    </p>
   </div>
   <div class='ocr_carea' id='block_1_56' title="bbox 2047 2689 3568 2787">
    <p class='ocr_par' dir='ltr' id='par_1_56' title="bbox 2047 2689 3568 2787">
     <span class='ocr_line' id='line_1_56' title="bbox 2047 2689 3568 2787; baseline -0.024 -9"><span class='ocrx_word' id='word_1_431' title='bbox 2047 2720 2213 2778; x_wconf 73' lang='grc' dir='ltr'>γω.</span> <span class='ocrx_word' id='word_1_432' title='bbox 2242 2713 2436 2772; x_wconf 71' lang='lat'><strong>27-50.</strong></span> <span class='ocrx_word' id='word_1_433' title='bbox 2484 2729 2503 2764; x_wconf 84' lang='lat' dir='ltr'><strong>t</strong></span> <span class='ocrx_word' id='word_1_434' title='bbox 2551 2710 2618 2766; x_wconf 83' lang='lat' dir='ltr'><strong>Et</strong></span> <span class='ocrx_word' id='word_1_435' title='bbox 2647 2720 2903 2787; x_wconf 80' lang='lat' dir='ltr'><strong>egressus</strong></span> <span class='ocrx_word' id='word_1_436' title='bbox 2929 2713 3014 2760; x_wconf 86' lang='lat' dir='ltr'><strong>est</strong></span> <span class='ocrx_word' id='word_1_437' title='bbox 3040 2702 3199 2758; x_wconf 79' lang='lat' dir='ltr'><strong>Jesus</strong></span> <span class='ocrx_word' id='word_1_438' title='bbox 3226 2705 3282 2751; x_wconf 91' lang='lat' dir='ltr'><strong>et</strong></span> <span class='ocrx_word' id='word_1_439' title='bbox 3317 2689 3568 2762; x_wconf 69' lang='lat' dir='ltr'><strong>discipuli</strong></span> 
     </span>
    </p>
   </div>
   <div class='ocr_carea' id='block_1_57' title="bbox 1979 2785 3566 2870">
    <p class='ocr_par' dir='ltr' id='par_1_57' title="bbox 1979 2785 3566 2870">
     <span class='ocr_line' id='line_1_57' title="bbox 1979 2785 3566 2870; baseline -0.023 0"><span class='ocrx_word' id='word_1_440' title='bbox 1979 2814 2124 2870; x_wconf 92' lang='lat' dir='ltr'><strong>illius</strong></span> <span class='ocrx_word' id='word_1_441' title='bbox 2145 2813 2199 2866; x_wconf 88' lang='lat' dir='ltr'><strong>iu</strong></span> <span class='ocrx_word' id='word_1_442' title='bbox 2229 2810 2375 2865; x_wconf 86' lang='lat' dir='ltr'><strong>vicos</strong></span> <span class='ocrx_word' id='word_1_443' title='bbox 2398 2785 2668 2860; x_wconf 57' lang='grc' dir='ltr'>ϐάτεαι-οὲ</span> <span class='ocrx_word' id='word_1_444' title='bbox 2691 2815 2813 2870; x_wconf 66' lang='lat' dir='ltr'><strong>qua:</strong></span> <span class='ocrx_word' id='word_1_445' title='bbox 2837 2796 3254 2867; x_wconf 84' lang='lat' dir='ltr'><strong>cognominatur</strong></span> <span class='ocrx_word' id='word_1_446' title='bbox 3283 2785 3522 2855; x_wconf 88' lang='lat' dir='ltr'><strong>Philippi</strong></span> <span class='ocrx_word' id='word_1_447' title='bbox 3553 2800 3566 2834; x_wconf 89' lang='lat'><strong>:</strong></span> 
     </span>
    </p>
   </div>
   <div class='ocr_carea' id='block_1_58' title="bbox 1978 2879 3570 2967">
    <p class='ocr_par' dir='ltr' id='par_1_58' title="bbox 1978 2879 3570 2967">
     <span class='ocr_line' id='line_1_58' title="bbox 1978 2879 3570 2967; baseline -0.023 -2"><span class='ocrx_word' id='word_1_448' title='bbox 1978 2918 2033 2965; x_wconf 90' lang='lat' dir='ltr'><strong>et</strong></span> <span class='ocrx_word' id='word_1_449' title='bbox 2061 2908 2114 2963; x_wconf 91' lang='lat' dir='ltr'><strong>in</strong></span> <span class='ocrx_word' id='word_1_450' title='bbox 2142 2907 2227 2961; x_wconf 86' lang='lat' dir='ltr'><strong>via</strong></span> <span class='ocrx_word' id='word_1_451' title='bbox 2257 2898 2620 2967; x_wconf 81' lang='lat' dir='ltr'><strong>interrogavit</strong></span> <span class='ocrx_word' id='word_1_452' title='bbox 2645 2894 2946 2962; x_wconf 76' lang='lat' dir='ltr'><strong>discipulos</strong></span> <span class='ocrx_word' id='word_1_453' title='bbox 2971 2903 3120 2949; x_wconf 83' lang='lat' dir='ltr'><strong>suos,</strong></span> <span class='ocrx_word' id='word_1_454' title='bbox 3148 2887 3368 2941; x_wconf 83' lang='lat' dir='ltr'><strong>dicens:</strong></span> <span class='ocrx_word' id='word_1_455' title='bbox 3398 2879 3570 2946; x_wconf 79' lang='lat' dir='ltr'><strong>Quem</strong></span> 
     </span>
    </p>
   </div>
   <div class='ocr_carea' id='block_1_59' title="bbox 1982 2976 3569 3055">
    <p class='ocr_par' dir='ltr' id='par_1_59' title="bbox 1982 2976 3569 3055">
     <span class='ocr_line' id='line_1_59' title="bbox 1982 2976 3569 3055; baseline -0.02 0"><span class='ocrx_word' id='word_1_456' title='bbox 1982 3015 2068 3055; x_wconf 88' lang='lat' dir='ltr'><strong>me</strong></span> <span class='ocrx_word' id='word_1_457' title='bbox 2108 2999 2299 3053; x_wconf 91' lang='lat' dir='ltr'><strong>dicunt</strong></span> <span class='ocrx_word' id='word_1_458' title='bbox 2345 2993 2595 3049; x_wconf 87' lang='lat' dir='ltr'><strong>homines</strong></span> <span class='ocrx_word' id='word_1_459' title='bbox 2641 2986 2801 3042; x_wconf 78' lang='lat' dir='ltr'><strong>esse?</strong></span> <span class='ocrx_word' id='word_1_460' title='bbox 2851 2984 2926 3038; x_wconf 91' lang='lat' dir='ltr'><strong>illi</strong></span> <span class='ocrx_word' id='word_1_461' title='bbox 2961 2996 3094 3035; x_wconf 89' lang='lat' dir='ltr'><strong>vero</strong></span> <span class='ocrx_word' id='word_1_462' title='bbox 3147 2976 3569 3046; x_wconf 86' lang='lat' dir='ltr'><strong>responderunt.</strong></span> 
     </span>
    </p>
   </div>
   <div class='ocr_carea' id='block_1_60' title="bbox 1980 3068 3579 3156">
    <p class='ocr_par' dir='ltr' id='par_1_60' title="bbox 1980 3068 3579 3156">
     <span class='ocr_line' id='line_1_60' title="bbox 1980 3068 3579 3156; baseline -0.021 -7"><span class='ocrx_word' id='word_1_463' title='bbox 1980 3093 2247 3149; x_wconf 84' lang='lat' dir='ltr'><strong>J‘oannem</strong></span> <span class='ocrx_word' id='word_1_464' title='bbox 2305 3085 2632 3156; x_wconf 87' lang='lat' dir='ltr'><strong>Baptistam,</strong></span> <span class='ocrx_word' id='word_1_465' title='bbox 2701 3087 2756 3133; x_wconf 88' lang='lat' dir='ltr'><strong>et</strong></span> <span class='ocrx_word' id='word_1_466' title='bbox 2819 3076 2932 3141; x_wconf 88' lang='lat' dir='ltr'><strong>alii,</strong></span> <span class='ocrx_word' id='word_1_467' title='bbox 2985 3068 3328 3132; x_wconf 82' lang='lat' dir='ltr'><strong>Eliam,&#39;alii</strong></span> <span class='ocrx_word' id='word_1_468' title='bbox 3382 3078 3579 3119; x_wconf 83' lang='lat' dir='ltr'><strong>rursus</strong></span> 
     </span>
    </p>
   </div>
   <div class='ocr_carea' id='block_1_61' title="bbox 278 3155 1975 3258">
    <p class='ocr_par' dir='ltr' id='par_1_61' title="bbox 278 3155 1951 3258">
     <span class='ocr_line' id='line_1_61' title="bbox 278 3155 1951 3258; baseline -0.011 -23"><span class='ocrx_word' id='word_1_469' title='bbox 278 3181 378 3236; x_wconf 73' lang='grc' dir='ltr'>ἱνα</span> <span class='ocrx_word' id='word_1_470' title='bbox 401 3155 510 3234; x_wconf 81' lang='grc' dir='ltr'><strong>τῶν</strong></span> <span class='ocrx_word' id='word_1_471' title='bbox 535 3176 850 3250; x_wconf 83' lang='grc' dir='ltr'>προφητῶν.</span> <span class='ocrx_word' id='word_1_472' title='bbox 882 3175 992 3230; x_wconf 81' lang='grc' dir='ltr'><strong>Καὶ</strong></span> <span class='ocrx_word' id='word_1_473' title='bbox 1019 3173 1180 3236; x_wconf 77' lang='grc' dir='ltr'>αὐτὸς</span> <span class='ocrx_word' id='word_1_474' title='bbox 1197 3171 1347 3239; x_wconf 80' lang='grc' dir='ltr'>λέγει</span> <span class='ocrx_word' id='word_1_475' title='bbox 1374 3169 1581 3231; x_wconf 79' lang='grc' dir='ltr'>αὐτοῖς·</span> <span class='ocrx_word' id='word_1_476' title='bbox 1605 3167 1796 3238; x_wconf 83' lang='grc' dir='ltr'>Ὑμεῖς</span> <span class='ocrx_word' id='word_1_477' title='bbox 1819 3165 1878 3218; x_wconf 74' lang='grc' dir='ltr'>δὲ</span> <span class='ocrx_word' id='word_1_478' title='bbox 1904 3194 1951 3258; x_wconf 72' lang='lat' dir='ltr'>C</span> 
     </span>
    </p>
   </div>
   <div class='ocr_carea' id='block_1_62' title="bbox 1878 3155 3575 3258">
    <p class='ocr_par' dir='ltr' id='par_1_62' title="bbox 1904 3155 3575 3258">
     <span class='ocr_line' id='line_1_62' title="bbox 1904 3155 3575 3258; baseline -0.02 -15"><span class='ocrx_word' id='word_1_479' title='bbox 1904 3194 1951 3258; x_wconf 74' lang='grc' dir='ltr'><strong>ρ</strong></span> <span class='ocrx_word' id='word_1_480' title='bbox 1985 3200 2151 3242; x_wconf 91' lang='lat' dir='ltr'><strong>unum</strong></span> <span class='ocrx_word' id='word_1_481' title='bbox 2181 3185 2247 3237; x_wconf 92' lang='lat' dir='ltr'><strong>de</strong></span> <span class='ocrx_word' id='word_1_482' title='bbox 2273 3193 2504 3235; x_wconf 90' lang='lat' dir='ltr'><strong>numero</strong></span> <span class='ocrx_word' id='word_1_483' title='bbox 2542 3174 2956 3244; x_wconf 85' lang='lat' dir='ltr'><strong>prophetarum.</strong></span> <span class='ocrx_word' id='word_1_484' title='bbox 3000 3166 3063 3218; x_wconf 85' lang='lat' dir='ltr'><strong>Et</strong></span> <span class='ocrx_word' id='word_1_485' title='bbox 3094 3164 3210 3232; x_wconf 91' lang='lat' dir='ltr'><strong>ipse</strong></span> <span class='ocrx_word' id='word_1_486' title='bbox 3246 3159 3381 3214; x_wconf 90' lang='lat' dir='ltr'><strong>dicit</strong></span> <span class='ocrx_word' id='word_1_487' title='bbox 3427 3155 3575 3211; x_wconf 80' lang='lat' dir='ltr'><strong>illis:</strong></span> 
     </span>
    </p>
   </div>
   <div class='ocr_carea' id='block_1_63' title="bbox 279 3255 1875 3342">
    <p class='ocr_par' dir='ltr' id='par_1_63' title="bbox 279 3255 1875 3342">
     <span class='ocr_line' id='line_1_63' title="bbox 279 3255 1875 3342; baseline -0.012 -16"><span class='ocrx_word' id='word_1_488' title='bbox 279 3273 408 3326; x_wconf 88' lang='grc' dir='ltr'>τίνα</span> <span class='ocrx_word' id='word_1_489' title='bbox 444 3288 509 3342; x_wconf 72' lang='grc' dir='ltr'><strong>με</strong></span> <span class='ocrx_word' id='word_1_490' title='bbox 542 3271 731 3336; x_wconf 76' lang='grc' dir='ltr'>λέγετε</span> <span class='ocrx_word' id='word_1_491' title='bbox 767 3262 939 3330; x_wconf 65' lang='lat' dir='ltr'><strong>sivest;</strong></span> <span class='ocrx_word' id='word_1_492' title='bbox 973 3262 1318 3332; x_wconf 72' lang='grc' dir='ltr'>Ἀποκριθεὶς</span> <span class='ocrx_word' id='word_1_493' title='bbox 1352 3260 1412 3313; x_wconf 72' lang='grc' dir='ltr'>δὲ</span> <span class='ocrx_word' id='word_1_494' title='bbox 1454 3259 1692 3328; x_wconf 79' lang='grc' dir='ltr'>Πέτρος,</span> <span class='ocrx_word' id='word_1_495' title='bbox 1727 3255 1875 3323; x_wconf 82' lang='grc' dir='ltr'>λέγει</span> 
     </span>
    </p>
   </div>
   <div class='ocr_carea' id='block_1_64' title="bbox 276 3347 1878 3434">
    <p class='ocr_par' dir='ltr' id='par_1_64' title="bbox 276 3347 1878 3434">
     <span class='ocr_line' id='line_1_64' title="bbox 276 3347 1878 3434; baseline -0.014 -13"><span class='ocrx_word' id='word_1_496' title='bbox 276 3364 432 3434; x_wconf 80' lang='grc' dir='ltr'><strong>αὖτῷ</strong></span> <span class='ocrx_word' id='word_1_497' title='bbox 455 3381 470 3396; x_wconf 72' lang='grc' dir='ltr'><strong><em>ο</em></strong></span> <span class='ocrx_word' id='word_1_498' title='bbox 505 3363 578 3416; x_wconf 78' lang='grc' dir='ltr'><strong>Σὺ</strong></span> <span class='ocrx_word' id='word_1_499' title='bbox 609 3359 660 3414; x_wconf 77' lang='lat' dir='ltr'><strong>ei</strong></span> <span class='ocrx_word' id='word_1_500' title='bbox 689 3364 717 3414; x_wconf 80' lang='grc' dir='ltr'>ὁ</span> <span class='ocrx_word' id='word_1_501' title='bbox 747 3357 1007 3429; x_wconf 81' lang='grc' dir='ltr'>Χριστός.</span> <span class='ocrx_word' id='word_1_502' title='bbox 1041 3356 1154 3409; x_wconf 78' lang='grc' dir='ltr'><strong>Καὶ</strong></span> <span class='ocrx_word' id='word_1_503' title='bbox 1182 3352 1521 3423; x_wconf 64' lang='grc' dir='ltr'>ἐπετίμησεν</span> <span class='ocrx_word' id='word_1_504' title='bbox 1551 3351 1755 3412; x_wconf 82' lang='grc' dir='ltr'>αὐτοῖς,</span> <span class='ocrx_word' id='word_1_505' title='bbox 1789 3347 1878 3400; x_wconf 87' lang='grc' dir='ltr'><strong>ῖνα</strong></span> 
     </span>
    </p>
   </div>
   <div class='ocr_carea' id='block_1_65' title="bbox 283 3439 1878 3528">
    <p class='ocr_par' dir='ltr' id='par_1_65' title="bbox 283 3439 1878 3528">
     <span class='ocr_line' id='line_1_65' title="bbox 283 3439 1878 3528; baseline -0.012 -18"><span class='ocrx_word' id='word_1_506' title='bbox 283 3455 480 3528; x_wconf 76' lang='grc' dir='ltr'>μηδενὶ</span> <span class='ocrx_word' id='word_1_507' title='bbox 535 3454 740 3520; x_wconf 82' lang='grc' dir='ltr'>λέγωσι</span> <span class='ocrx_word' id='word_1_508' title='bbox 792 3449 923 3520; x_wconf 80' lang='grc' dir='ltr'>περὶ</span> <span class='ocrx_word' id='word_1_509' title='bbox 975 3445 1164 3501; x_wconf 80' lang='grc' dir='ltr'>αὐτοῦ.</span> <span class='ocrx_word' id='word_1_510' title='bbox 1228 3463 1248 3497; x_wconf 73' lang='grc' dir='ltr'><strong>ι</strong></span> <span class='ocrx_word' id='word_1_511' title='bbox 1293 3441 1628 3512; x_wconf 84' lang='grc' dir='ltr'>Ἀπαγαγὼν</span> <span class='ocrx_word' id='word_1_512' title='bbox 1680 3439 1878 3500; x_wconf 78' lang='grc' dir='ltr'>αὐτοὺς</span> 
     </span>
    </p>
   </div>
   <div class='ocr_carea' id='block_1_66' title="bbox 283 3529 1881 3620">
    <p class='ocr_par' dir='ltr' id='par_1_66' title="bbox 283 3529 1881 3620">
     <span class='ocr_line' id='line_1_66' title="bbox 283 3529 1881 3620; baseline -0.013 -17"><span class='ocrx_word' id='word_1_513' title='bbox 283 3548 477 3620; x_wconf 73' lang='grc' dir='ltr'>πόρρω</span> <span class='ocrx_word' id='word_1_514' title='bbox 505 3545 615 3598; x_wconf 81' lang='grc' dir='ltr'>τῶν</span> <span class='ocrx_word' id='word_1_515' title='bbox 648 3539 923 3596; x_wconf 82' lang='grc' dir='ltr'>Ἰουδαίων</span> <span class='ocrx_word' id='word_1_516' title='bbox 944 3580 959 3606; x_wconf 94' lang='grc'><strong>,</strong></span> <span class='ocrx_word' id='word_1_517' title='bbox 987 3541 1108 3593; x_wconf 83' lang='grc' dir='ltr'>τότε</span> <span class='ocrx_word' id='word_1_518' title='bbox 1139 3537 1324 3608; x_wconf 68' lang='grc' dir='ltr'>ἐρωτᾷ</span> <span class='ocrx_word' id='word_1_519' title='bbox 1353 3537 1486 3607; x_wconf 73' lang='grc' dir='ltr'>περὶ</span> <span class='ocrx_word' id='word_1_520' title='bbox 1519 3531 1718 3586; x_wconf 64' lang='grc' dir='ltr'>ἑαυτοῦ</span> <span class='ocrx_word' id='word_1_521' title='bbox 1745 3571 1759 3595; x_wconf 95' lang='grc'><strong>,</strong></span> <span class='ocrx_word' id='word_1_522' title='bbox 1792 3529 1881 3584; x_wconf 75' lang='grc' dir='ltr'><strong>ἵνα</strong></span> 
     </span>
    </p>
   </div>
   <div class='ocr_carea' id='block_1_67' title="bbox 283 3626 1878 3712">
    <p class='ocr_par' dir='ltr' id='par_1_67' title="bbox 283 3626 1878 3712">
     <span class='ocr_line' id='line_1_67' title="bbox 283 3626 1878 3712; baseline -0.011 -19"><span class='ocrx_word' id='word_1_523' title='bbox 283 3640 493 3712; x_wconf 76' lang='grc' dir='ltr'>μηδένα</span> <span class='ocrx_word' id='word_1_524' title='bbox 543 3635 912 3707; x_wconf 79' lang='grc' dir='ltr'>φοόούμενοι,</span> <span class='ocrx_word' id='word_1_525' title='bbox 967 3633 1064 3702; x_wconf 83' lang='grc' dir='ltr'>τὴν</span> <span class='ocrx_word' id='word_1_526' title='bbox 1117 3630 1380 3702; x_wconf 83' lang='grc' dir='ltr'>ἀλήθειαν</span> <span class='ocrx_word' id='word_1_527' title='bbox 1434 3626 1878 3698; x_wconf 80' lang='grc' dir='ltr'>ὁμολογήσωσιν.</span> 
     </span>
    </p>
   </div>
   <div class='ocr_carea' id='block_1_68' title="bbox 291 3715 1883 3802">
    <p class='ocr_par' dir='ltr' id='par_1_68' title="bbox 291 3715 1883 3802">
     <span class='ocr_line' id='line_1_68' title="bbox 291 3715 1883 3802; baseline -0.013 -16"><span class='ocrx_word' id='word_1_528' title='bbox 291 3731 709 3802; x_wconf 78' lang='grc' dir='ltr'>’Δποκρίνονται</span> <span class='ocrx_word' id='word_1_529' title='bbox 737 3723 831 3780; x_wconf 72' lang='grc' dir='ltr'>οὖν</span> <span class='ocrx_word' id='word_1_530' title='bbox 884 3725 988 3792; x_wconf 87' lang='grc' dir='ltr'>ὅτι,</span> <span class='ocrx_word' id='word_1_531' title='bbox 1025 3724 1088 3777; x_wconf 81' lang='grc' dir='ltr'>υί</span> <span class='ocrx_word' id='word_1_532' title='bbox 1120 3722 1219 3794; x_wconf 73' lang='grc' dir='ltr'>μὲν</span> <span class='ocrx_word' id='word_1_533' title='bbox 1254 3720 1512 3789; x_wconf 79' lang='grc' dir='ltr'>Ἰωάννην</span> <span class='ocrx_word' id='word_1_534' title='bbox 1541 3734 1602 3770; x_wconf 83' lang='grc' dir='ltr'><strong>σε</strong></span> <span class='ocrx_word' id='word_1_535' title='bbox 1635 3715 1883 3783; x_wconf 80' lang='grc' dir='ltr'>ὑπολαμ-</span> 
     </span>
    </p>
   </div>
   <div class='ocr_carea' id='block_1_69' title="bbox 283 3803 1884 3884">
    <p class='ocr_par' dir='ltr' id='par_1_69' title="bbox 283 3803 1884 3884">
     <span class='ocr_line' id='line_1_69' title="bbox 283 3803 1884 3884; baseline -0.012 -8"><span class='ocrx_word' id='word_1_536' title='bbox 283 3824 540 3877; x_wconf 77' lang='grc' dir='ltr'>ϐάνουσιν</span> <span class='ocrx_word' id='word_1_537' title='bbox 567 3835 582 3850; x_wconf 64' lang='grc' dir='ltr'>θ</span> <span class='ocrx_word' id='word_1_538' title='bbox 626 3821 675 3872; x_wconf 82' lang='lat' dir='ltr'><strong>oi</strong></span> <span class='ocrx_word' id='word_1_539' title='bbox 716 3818 806 3884; x_wconf 81' lang='grc' dir='ltr'>δὲ,</span> <span class='ocrx_word' id='word_1_540' title='bbox 844 3816 1056 3869; x_wconf 80' lang='grc' dir='ltr'>Ἠλίαν.</span> <span class='ocrx_word' id='word_1_541' title='bbox 1120 3811 1404 3882; x_wconf 77' lang='grc' dir='ltr'>Ἐνόμιζον</span> <span class='ocrx_word' id='word_1_542' title='bbox 1443 3810 1556 3880; x_wconf 86' lang='grc' dir='ltr'><strong>γάρ</strong></span> <span class='ocrx_word' id='word_1_543' title='bbox 1599 3811 1648 3862; x_wconf 89' lang='grc' dir='ltr'><strong>οῖ</strong></span> <span class='ocrx_word' id='word_1_544' title='bbox 1691 3803 1884 3860; x_wconf 77' lang='grc' dir='ltr'>πολλοὶ</span> 
     </span>
    </p>
   </div>
   <div class='ocr_carea' id='block_1_70' title="bbox 284 3897 1883 3982">
    <p class='ocr_par' dir='ltr' id='par_1_70' title="bbox 284 3897 1883 3982">
     <span class='ocr_line' id='line_1_70' title="bbox 284 3897 1883 3982; baseline -0.012 -14"><span class='ocrx_word' id='word_1_545' title='bbox 284 3913 593 3982; x_wconf 82' lang='grc' dir='ltr'>ἀναστῆναι</span> <span class='ocrx_word' id='word_1_546' title='bbox 637 3909 730 3962; x_wconf 78' lang='grc' dir='ltr'>τὸν</span> <span class='ocrx_word' id='word_1_547' title='bbox 764 3907 1038 3974; x_wconf 83' lang='grc' dir='ltr'>Ἰωάννην,</span> <span class='ocrx_word' id='word_1_548' title='bbox 1079 3903 1272 3974; x_wconf 84' lang='grc' dir='ltr'>ὥσπερ</span> <span class='ocrx_word' id='word_1_549' title='bbox 1317 3902 1382 3971; x_wconf 80' lang='grc' dir='ltr'>δὴ</span> <span class='ocrx_word' id='word_1_550' title='bbox 1425 3903 1519 3954; x_wconf 73' lang='grc' dir='ltr'>καὶ</span> <span class='ocrx_word' id='word_1_551' title='bbox 1566 3902 1595 3953; x_wconf 85' lang='grc' dir='ltr'><strong>ό</strong></span> <span class='ocrx_word' id='word_1_552' title='bbox 1631 3897 1883 3968; x_wconf 78' lang='grc' dir='ltr'>Ἡρώδης</span> 
     </span>
    </p>
   </div>
   <div class='ocr_carea' id='block_1_71' title="bbox 282 3982 1886 4076">
    <p class='ocr_par' dir='ltr' id='par_1_71' title="bbox 282 3982 1886 4076">
     <span class='ocr_line' id='line_1_71' title="bbox 282 3982 1886 4076; baseline -0.008 -17"><span class='ocrx_word' id='word_1_553' title='bbox 282 4007 463 4076; x_wconf 72' lang='grc' dir='ltr'>ᾤετο,</span> <span class='ocrx_word' id='word_1_554' title='bbox 501 3999 832 4073; x_wconf 81' lang='grc' dir='ltr'>προσλαϐεῖν</span> <span class='ocrx_word' id='word_1_555' title='bbox 868 4000 926 4052; x_wconf 80' lang='grc' dir='ltr'>δὲ</span> <span class='ocrx_word' id='word_1_556' title='bbox 963 3999 1074 4051; x_wconf 62' lang='grc' dir='ltr'><strong>ἀπ)</strong></span> <span class='ocrx_word' id='word_1_557' title='bbox 1106 3997 1207 4064; x_wconf 81' lang='grc' dir='ltr'><strong>τῆς</strong></span> <span class='ocrx_word' id='word_1_558' title='bbox 1249 3982 1607 4056; x_wconf 78' lang='grc' dir='ltr'>ἀναστάσεως</span> <span class='ocrx_word' id='word_1_559' title='bbox 1649 3992 1744 4046; x_wconf 80' lang='grc' dir='ltr'>καὶ</span> <span class='ocrx_word' id='word_1_560' title='bbox 1783 3990 1886 4062; x_wconf 83' lang='grc' dir='ltr'>τὴν</span> 
     </span>
    </p>
   </div>
   <div class='ocr_carea' id='block_1_72' title="bbox 283 4085 1885 4168">
    <p class='ocr_par' dir='ltr' id='par_1_72' title="bbox 283 4085 1885 4168">
     <span class='ocr_line' id='line_1_72' title="bbox 283 4085 1885 4168; baseline -0.009 -15"><span class='ocrx_word' id='word_1_561' title='bbox 283 4099 398 4153; x_wconf 86' lang='grc' dir='ltr'><strong>τῶν</strong></span> <span class='ocrx_word' id='word_1_562' title='bbox 434 4095 680 4168; x_wconf 81' lang='grc' dir='ltr'>σημείων</span> <span class='ocrx_word' id='word_1_563' title='bbox 730 4092 995 4163; x_wconf 79' lang='grc' dir='ltr'>ἐργασίαν</span> <span class='ocrx_word' id='word_1_564' title='bbox 1019 4091 1166 4154; x_wconf 81' lang='grc' dir='ltr'><strong>’ζῶν</strong></span> <span class='ocrx_word' id='word_1_565' title='bbox 1197 4089 1307 4157; x_wconf 77' lang='grc' dir='ltr'><strong>γάρ</strong></span> <span class='ocrx_word' id='word_1_566' title='bbox 1345 4090 1372 4140; x_wconf 85' lang='grc' dir='ltr'>ὁ</span> <span class='ocrx_word' id='word_1_567' title='bbox 1405 4085 1696 4156; x_wconf 79' lang='grc' dir='ltr'>Ἰωάννης,</span> <span class='ocrx_word' id='word_1_568' title='bbox 1734 4085 1885 4138; x_wconf 86' lang='grc' dir='ltr'>οὐδὲν</span> 
     </span>
    </p>
   </div>
   <div class='ocr_carea' id='block_1_73' title="bbox 288 4175 1886 4261">
    <p class='ocr_par' dir='ltr' id='par_1_73' title="bbox 288 4175 1886 4261">
     <span class='ocr_line' id='line_1_73' title="bbox 288 4175 1886 4261; baseline -0.01 -15"><span class='ocrx_word' id='word_1_569' title='bbox 288 4192 521 4261; x_wconf 88' lang='grc' dir='ltr'>σημεῖον</span> <span class='ocrx_word' id='word_1_570' title='bbox 541 4188 786 4256; x_wconf 74' lang='grc' dir='ltr'>εποίησε.</span> <span class='ocrx_word' id='word_1_571' title='bbox 811 4183 959 4238; x_wconf 73' lang='lat' dir='ltr'><strong>Matio</strong></span> <span class='ocrx_word' id='word_1_572' title='bbox 983 4183 1078 4238; x_wconf 81' lang='grc' dir='ltr'>οὖν</span> <span class='ocrx_word' id='word_1_573' title='bbox 1103 4185 1130 4233; x_wconf 58' lang='grc' dir='ltr'>ίκ</span> <span class='ocrx_word' id='word_1_574' title='bbox 1149 4180 1390 4250; x_wconf 61' lang='grc' dir='ltr'>λώτησεν</span> <span class='ocrx_word' id='word_1_575' title='bbox 1415 4179 1627 4241; x_wconf 86' lang='grc' dir='ltr'>αὐτοὺς</span> <span class='ocrx_word' id='word_1_576' title='bbox 1655 4177 1753 4240; x_wconf 84' lang='grc' dir='ltr'>τὰς</span> <span class='ocrx_word' id='word_1_577' title='bbox 1775 4175 1886 4230; x_wconf 82' lang='grc' dir='ltr'><strong>τῶν</strong></span> 
     </span>
    </p>
   </div>
   <div class='ocr_carea' id='block_1_74' title="bbox 286 4268 1888 4348">
    <p class='ocr_par' dir='ltr' id='par_1_74' title="bbox 286 4268 1888 4348">
     <span class='ocr_line' id='line_1_74' title="bbox 286 4268 1888 4348; baseline -0.006 -18"><span class='ocrx_word' id='word_1_578' title='bbox 286 4285 466 4340; x_wconf 64' lang='grc' dir='ltr'><strong>⁸ξιὶλων</strong></span> <span class='ocrx_word' id='word_1_579' title='bbox 498 4280 814 4348; x_wconf 60' lang='grc' dir='ltr'>ἐπιλήψεις,</span> <span class='ocrx_word' id='word_1_580' title='bbox 847 4276 1030 4347; x_wconf 82' lang='grc' dir='ltr'>ὲρωτᾷ</span> <span class='ocrx_word' id='word_1_581' title='bbox 1057 4293 1120 4328; x_wconf 75' lang='grc' dir='ltr'><strong>αι.</strong></span> <span class='ocrx_word' id='word_1_582' title='bbox 1170 4275 1255 4336; x_wconf 64' lang='grc' dir='ltr'>οὺς</span> <span class='ocrx_word' id='word_1_583' title='bbox 1293 4273 1384 4325; x_wconf 76' lang='grc' dir='ltr'>καὶ</span> <span class='ocrx_word' id='word_1_584' title='bbox 1407 4275 1510 4341; x_wconf 84' lang='grc' dir='ltr'>τὴν</span> <span class='ocrx_word' id='word_1_585' title='bbox 1536 4270 1720 4324; x_wconf 79' lang='grc' dir='ltr'>αὐτῶν</span> <span class='ocrx_word' id='word_1_586' title='bbox 1747 4268 1888 4337; x_wconf 86' lang='grc' dir='ltr'><strong>γνώ⁴</strong></span> 
     </span>
    </p>
   </div>
   <div class='ocr_carea' id='block_1_75' title="bbox 295 4361 1889 4444">
    <p class='ocr_par' dir='ltr' id='par_1_75' title="bbox 295 4361 1889 4444">
     <span class='ocr_line' id='line_1_75' title="bbox 295 4361 1889 4444; baseline -0.009 -17"><span class='ocrx_word' id='word_1_587' title='bbox 295 4395 423 4444; x_wconf 68' lang='grc' dir='ltr'>μην.</span> <span class='ocrx_word' id='word_1_588' title='bbox 465 4373 764 4440; x_wconf 69' lang='grc' dir='ltr'>Μονονουχὶ</span> <span class='ocrx_word' id='word_1_589' title='bbox 796 4369 955 4422; x_wconf 83' lang='grc' dir='ltr'>τοῦτο</span> <span class='ocrx_word' id='word_1_590' title='bbox 989 4367 1113 4435; x_wconf 80' lang='grc' dir='ltr'>λέγυ</span> <span class='ocrx_word' id='word_1_591' title='bbox 1171 4406 1184 4432; x_wconf 94' lang='grc'><strong>,</strong></span> <span class='ocrx_word' id='word_1_592' title='bbox 1209 4367 1314 4427; x_wconf 78' lang='grc' dir='ltr'>ὅτι,</span> <span class='ocrx_word' id='word_1_593' title='bbox 1356 4364 1587 4417; x_wconf 83' lang='grc' dir='ltr'>Ἐκεῖνοι</span> <span class='ocrx_word' id='word_1_594' title='bbox 1613 4362 1711 4433; x_wconf 82' lang='grc' dir='ltr'>μὲν</span> <span class='ocrx_word' id='word_1_595' title='bbox 1747 4361 1889 4413; x_wconf 77' lang='grc' dir='ltr'>οὕτω</span> 
     </span>
    </p>
   </div>
   <div class='ocr_carea' id='block_1_76' title="bbox 287 4453 1889 4532">
    <p class='ocr_par' dir='ltr' id='par_1_76' title="bbox 287 4453 1889 4532">
     <span class='ocr_line' id='line_1_76' title="bbox 287 4453 1889 4532; baseline -0.011 -11"><span class='ocrx_word' id='word_1_596' title='bbox 287 4468 575 4532; x_wconf 78' lang='grc' dir='ltr'>δοξάζουσι</span> <span class='ocrx_word' id='word_1_597' title='bbox 614 4466 744 4532; x_wconf 69' lang='grc' dir='ltr'>περὶ</span> <span class='ocrx_word' id='word_1_598' title='bbox 781 4460 916 4532; x_wconf 77' lang='grc' dir='ltr'>ἐμοῦ</span> <span class='ocrx_word' id='word_1_599' title='bbox 958 4461 1097 4513; x_wconf 88' lang='grc' dir='ltr'>πλαν</span> <span class='ocrx_word' id='word_1_600' title='bbox 1155 4474 1329 4527; x_wconf 64' lang='grc' dir='ltr'><strong>⁸ιενοι,</strong></span> <span class='ocrx_word' id='word_1_601' title='bbox 1375 4457 1534 4525; x_wconf 84' lang='grc' dir='ltr'>ὑμεῖς</span> <span class='ocrx_word' id='word_1_602' title='bbox 1571 4455 1628 4506; x_wconf 85' lang='grc' dir='ltr'>δὲ</span> <span class='ocrx_word' id='word_1_603' title='bbox 1667 4453 1798 4508; x_wconf 83' lang='grc' dir='ltr'>ἄλλο</span> <span class='ocrx_word' id='word_1_604' title='bbox 1835 4467 1889 4504; x_wconf 84' lang='grc' dir='ltr'><strong>τι</strong></span> 
     </span>
    </p>
   </div>
   <div class='ocr_carea' id='block_1_77' title="bbox 1979 3253 3578 3345">
    <p class='ocr_par' dir='ltr' id='par_1_77' title="bbox 1979 3253 3578 3345">
     <span class='ocr_line' id='line_1_77' title="bbox 1979 3253 3578 3345; baseline -0.021 -10"><span class='ocrx_word' id='word_1_605' title='bbox 1979 3280 2049 3334; x_wconf 82' lang='lat' dir='ltr'><strong>At</strong></span> <span class='ocrx_word' id='word_1_606' title='bbox 2085 3291 2183 3333; x_wconf 87' lang='lat' dir='ltr'><strong>vos</strong></span> <span class='ocrx_word' id='word_1_607' title='bbox 2223 3289 2384 3345; x_wconf 86' lang='lat' dir='ltr'><strong>quem</strong></span> <span class='ocrx_word' id='word_1_608' title='bbox 2439 3283 2525 3324; x_wconf 85' lang='lat' dir='ltr'><strong>me</strong></span> <span class='ocrx_word' id='word_1_609' title='bbox 2565 3266 2746 3322; x_wconf 91' lang='lat' dir='ltr'><strong>dicitis</strong></span> <span class='ocrx_word' id='word_1_610' title='bbox 2783 3261 2968 3325; x_wconf 63' lang='lat' dir='ltr'><strong>esse?</strong></span> <span class='ocrx_word' id='word_1_611' title='bbox 3003 3253 3361 3326; x_wconf 73' lang='lat' dir='ltr'><strong>iteSpoudens</strong></span> <span class='ocrx_word' id='word_1_612' title='bbox 3396 3259 3578 3304; x_wconf 89' lang='lat' dir='ltr'><strong>autem</strong></span> 
     </span>
    </p>
   </div>
   <div class='ocr_carea' id='block_1_78' title="bbox 1980 3341 3579 3427">
    <p class='ocr_par' dir='ltr' id='par_1_78' title="bbox 1980 3341 3579 3427">
     <span class='ocr_line' id='line_1_78' title="bbox 1980 3341 3579 3427; baseline -0.023 0"><span class='ocrx_word' id='word_1_613' title='bbox 1980 3371 2176 3427; x_wconf 81' lang='lat' dir='ltr'><strong>Petrus</strong></span> <span class='ocrx_word' id='word_1_614' title='bbox 2204 3341 2338 3421; x_wconf 81' lang='lat' dir='ltr'><strong>dicit</strong></span> <span class='ocrx_word' id='word_1_615' title='bbox 2373 3362 2450 3416; x_wconf 92' lang='lat' dir='ltr'><strong>illi</strong></span> <span class='ocrx_word' id='word_1_616' title='bbox 2476 3377 2492 3414; x_wconf 73' lang='grc' dir='ltr'><strong>ε</strong></span> <span class='ocrx_word' id='word_1_617' title='bbox 2521 3359 2602 3412; x_wconf 88' lang='lat' dir='ltr'><strong>&#39;l‘u</strong></span> <span class='ocrx_word' id='word_1_618' title='bbox 2629 3373 2690 3412; x_wconf 85' lang='lat' dir='ltr'><strong>es</strong></span> <span class='ocrx_word' id='word_1_619' title='bbox 2721 3354 2812 3409; x_wconf 90' lang='lat' dir='ltr'><strong>ille</strong></span> <span class='ocrx_word' id='word_1_620' title='bbox 2840 3349 3119 3407; x_wconf 75' lang='lat' dir='ltr'><strong>Christus.</strong></span> <span class='ocrx_word' id='word_1_621' title='bbox 3152 3345 3220 3400; x_wconf 85' lang='lat' dir='ltr'><strong>Et</strong></span> <span class='ocrx_word' id='word_1_622' title='bbox 3251 3341 3579 3397; x_wconf 82' lang='lat' dir='ltr'><strong>intermina-</strong></span> 
     </span>
    </p>
   </div>
   <div class='ocr_carea' id='block_1_79' title="bbox 1984 3431 3582 3514">
    <p class='ocr_par' dir='ltr' id='par_1_79' title="bbox 1984 3431 3582 3514">
     <span class='ocr_line' id='line_1_79' title="bbox 1984 3431 3582 3514; baseline -0.02 0"><span class='ocrx_word' id='word_1_623' title='bbox 1984 3469 2074 3514; x_wconf 88' lang='lat' dir='ltr'><strong>tus</strong></span> <span class='ocrx_word' id='word_1_624' title='bbox 2097 3467 2184 3513; x_wconf 86' lang='lat' dir='ltr'><strong>est</strong></span> <span class='ocrx_word' id='word_1_625' title='bbox 2212 3456 2293 3510; x_wconf 89' lang='lat' dir='ltr'><strong>eis</strong></span> <span class='ocrx_word' id='word_1_626' title='bbox 2325 3468 2391 3507; x_wconf 90' lang='lat' dir='ltr'><strong>ne</strong></span> <span class='ocrx_word' id='word_1_627' title='bbox 2423 3451 2509 3505; x_wconf 91' lang='lat' dir='ltr'><strong>cui</strong></span> <span class='ocrx_word' id='word_1_628' title='bbox 2538 3448 2787 3502; x_wconf 82' lang='lat' dir='ltr'><strong>dicerent</strong></span> <span class='ocrx_word' id='word_1_629' title='bbox 2818 3442 2885 3497; x_wconf 90' lang='lat' dir='ltr'><strong>de</strong></span> <span class='ocrx_word' id='word_1_630' title='bbox 2913 3456 2992 3496; x_wconf 87' lang='lat' dir='ltr'><strong>se.</strong></span> <span class='ocrx_word' id='word_1_631' title='bbox 3035 3461 3052 3492; x_wconf 73' lang='grc' dir='ltr'><strong>ι</strong></span> <span class='ocrx_word' id='word_1_632' title='bbox 3085 3436 3220 3492; x_wconf 90' lang='lat' dir='ltr'><strong>Cum</strong></span> <span class='ocrx_word' id='word_1_633' title='bbox 3264 3431 3582 3487; x_wconf 82' lang='lat' dir='ltr'><strong>abduxisset</strong></span> 
     </span>
    </p>
   </div>
   <div class='ocr_carea' id='block_1_80' title="bbox 1982 3516 3584 3618">
    <p class='ocr_par' dir='ltr' id='par_1_80' title="bbox 1982 3516 3584 3618">
     <span class='ocr_line' id='line_1_80' title="bbox 1982 3516 3584 3618; baseline -0.022 -13"><span class='ocrx_word' id='word_1_634' title='bbox 1982 3565 2078 3605; x_wconf 88' lang='lat' dir='ltr'><strong>eos</strong></span> <span class='ocrx_word' id='word_1_635' title='bbox 2111 3545 2299 3618; x_wconf 81' lang='lat' dir='ltr'><strong>procul</strong></span> <span class='ocrx_word' id='word_1_636' title='bbox 2331 3558 2360 3596; x_wconf 90' lang='lat' dir='ltr'><strong>a</strong></span> <span class='ocrx_word' id='word_1_637' title='bbox 2395 3539 2619 3600; x_wconf 72' lang='lat' dir='ltr'><strong>Iudaeis,</strong></span> <span class='ocrx_word' id='word_1_638' title='bbox 2663 3545 2796 3590; x_wconf 91' lang='lat' dir='ltr'><strong>tunc</strong></span> <span class='ocrx_word' id='word_1_639' title='bbox 2826 3532 3127 3595; x_wconf 77' lang='lat' dir='ltr'><strong>interrogat</strong></span> <span class='ocrx_word' id='word_1_640' title='bbox 3155 3527 3220 3580; x_wconf 90' lang='lat' dir='ltr'><strong>de</strong></span> <span class='ocrx_word' id='word_1_641' title='bbox 3253 3539 3333 3587; x_wconf 91' lang='lat' dir='ltr'><strong>se,</strong></span> <span class='ocrx_word' id='word_1_642' title='bbox 3363 3529 3423 3574; x_wconf 87' lang='lat' dir='ltr'><strong>ut</strong></span> <span class='ocrx_word' id='word_1_643' title='bbox 3457 3516 3584 3573; x_wconf 88' lang='lat' dir='ltr'><strong>nul-</strong></span> 
     </span>
    </p>
   </div>
   <div class='ocr_carea' id='block_1_81' title="bbox 1983 3611 3588 3696">
    <p class='ocr_par' dir='ltr' id='par_1_81' title="bbox 1983 3611 3588 3696">
     <span class='ocr_line' id='line_1_81' title="bbox 1983 3611 3588 3696; baseline -0.019 -2"><span class='ocrx_word' id='word_1_644' title='bbox 1983 3611 2442 3696; x_wconf 50' lang='lat' dir='ltr'><strong>lum-timentes,</strong></span> <span class='ocrx_word' id='word_1_645' title='bbox 2487 3629 2774 3681; x_wconf 88' lang='lat' dir='ltr'><strong>veritatem</strong></span> <span class='ocrx_word' id='word_1_646' title='bbox 2839 3620 3172 3675; x_wconf 81' lang='lat' dir='ltr'><strong>faterentur.</strong></span> <span class='ocrx_word' id='word_1_647' title='bbox 3234 3611 3588 3680; x_wconf 80' lang='lat' dir='ltr'><strong>Respondent</strong></span> 
     </span>
    </p>
   </div>
   <div class='ocr_carea' id='block_1_82' title="bbox 1984 3702 3586 3804">
    <p class='ocr_par' dir='ltr' id='par_1_82' title="bbox 1984 3702 3586 3804">
     <span class='ocr_line' id='line_1_82' title="bbox 1984 3702 3586 3804; baseline -0.02 -16"><span class='ocrx_word' id='word_1_648' title='bbox 1984 3734 2150 3804; x_wconf 79' lang='lat' dir='ltr'><strong>igitur</strong></span> <span class='ocrx_word' id='word_1_649' title='bbox 2176 3748 2189 3784; x_wconf 91' lang='lat'><strong>:</strong></span> <span class='ocrx_word' id='word_1_650' title='bbox 2223 3727 2320 3783; x_wconf 79' lang='lat' dir='ltr'><strong>Alii</strong></span> <span class='ocrx_word' id='word_1_651' title='bbox 2349 3725 2565 3795; x_wconf 87' lang='lat' dir='ltr'><strong>quidem</strong></span> <span class='ocrx_word' id='word_1_652' title='bbox 2598 3718 2863 3774; x_wconf 83' lang='lat' dir='ltr'><strong>Joannem</strong></span> <span class='ocrx_word' id='word_1_653' title='bbox 2896 3713 3188 3783; x_wconf 82' lang='lat' dir='ltr'><strong>Baptistam</strong></span> <span class='ocrx_word' id='word_1_654' title='bbox 3217 3717 3268 3762; x_wconf 85' lang='lat' dir='ltr'><strong>te</strong></span> <span class='ocrx_word' id='word_1_655' title='bbox 3299 3702 3586 3774; x_wconf 70' lang='lat' dir='ltr'><strong>suspitan-</strong></span> 
     </span>
    </p>
   </div>
   <div class='ocr_carea' id='block_1_83' title="bbox 1985 3801 3591 3889">
    <p class='ocr_par' dir='ltr' id='par_1_83' title="bbox 1985 3801 3591 3889">
     <span class='ocr_line' id='line_1_83' title="bbox 1985 3801 3591 3889; baseline -0.022 -7"><span class='ocrx_word' id='word_1_656' title='bbox 1985 3801 2099 3889; x_wconf 77' lang='lat' dir='ltr'><strong>tur,</strong></span> <span class='ocrx_word' id='word_1_657' title='bbox 2134 3821 2228 3878; x_wconf 89' lang='lat' dir='ltr'><strong>alii</strong></span> <span class='ocrx_word' id='word_1_658' title='bbox 2259 3835 2390 3875; x_wconf 85' lang='lat' dir='ltr'><strong>vero</strong></span> <span class='ocrx_word' id='word_1_659' title='bbox 2437 3815 2645 3870; x_wconf 86' lang='lat' dir='ltr'><strong>Eliam..</strong></span> <span class='ocrx_word' id='word_1_660' title='bbox 2671 3808 2824 3863; x_wconf 83' lang='lat' dir='ltr'><strong>Multi</strong></span> <span class='ocrx_word' id='word_1_661' title='bbox 2867 3807 3010 3862; x_wconf 89' lang='lat' dir='ltr'><strong>enim</strong></span> <span class='ocrx_word' id='word_1_662' title='bbox 3043 3801 3308 3858; x_wconf 78' lang='lat' dir='ltr'><strong>Joannem</strong></span> <span class='ocrx_word' id='word_1_663' title='bbox 3343 3810 3591 3852; x_wconf 83' lang='lat' dir='ltr'><strong>resurre-</strong></span> 
     </span>
    </p>
   </div>
   <div class='ocr_carea' id='block_1_84' title="bbox 1983 3894 3586 3972">
    <p class='ocr_par' dir='ltr' id='par_1_84' title="bbox 1983 3894 3586 3972">
     <span class='ocr_line' id='line_1_84' title="bbox 1983 3894 3586 3972; baseline -0.02 0"><span class='ocrx_word' id='word_1_664' title='bbox 1983 3917 2132 3972; x_wconf 73' lang='lat' dir='ltr'><strong>xisse</strong></span> <span class='ocrx_word' id='word_1_665' title='bbox 2162 3911 2480 3971; x_wconf 83' lang='lat' dir='ltr'><strong>credebant,</strong></span> <span class='ocrx_word' id='word_1_666' title='bbox 2526 3906 2662 3960; x_wconf 85' lang='lat' dir='ltr'><strong>sicut</strong></span> <span class='ocrx_word' id='word_1_667' title='bbox 2708 3902 2874 3954; x_wconf 70' lang='lat' dir='ltr'><strong>etiam</strong></span> <span class='ocrx_word' id='word_1_668' title='bbox 2925 3897 3168 3952; x_wconf 86' lang='lat' dir='ltr'><strong>Herodes</strong></span> <span class='ocrx_word' id='word_1_669' title='bbox 3192 3894 3449 3962; x_wconf 85' lang='lat' dir='ltr'><strong>Opinatus</strong></span> <span class='ocrx_word' id='word_1_670' title='bbox 3478 3896 3586 3950; x_wconf 85' lang='lat' dir='ltr'><strong>est,</strong></span> 
     </span>
    </p>
   </div>
   <div class='ocr_carea' id='block_1_85' title="bbox 1986 3982 3589 4081">
    <p class='ocr_par' dir='ltr' id='par_1_85' title="bbox 1986 3982 3589 4081">
     <span class='ocr_line' id='line_1_85' title="bbox 1986 3982 3589 4081; baseline -0.019 -16"><span class='ocrx_word' id='word_1_671' title='bbox 1986 4010 2128 4081; x_wconf 87' lang='lat' dir='ltr'><strong>quod</strong></span> <span class='ocrx_word' id='word_1_672' title='bbox 2162 4015 2386 4076; x_wconf 89' lang='lat' dir='ltr'><strong>propter</strong></span> <span class='ocrx_word' id='word_1_673' title='bbox 2436 3998 2898 4056; x_wconf 86' lang='lat' dir='ltr'><strong>resurrectionem</strong></span> <span class='ocrx_word' id='word_1_674' title='bbox 2958 3990 3283 4045; x_wconf 80' lang='lat' dir='ltr'><strong>accessisset</strong></span> <span class='ocrx_word' id='word_1_675' title='bbox 3314 3985 3365 4040; x_wconf 91' lang='lat' dir='ltr'><strong>ei</strong></span> <span class='ocrx_word' id='word_1_676' title='bbox 3411 3982 3589 4036; x_wconf 82' lang='lat' dir='ltr'><strong>virtus</strong></span> 
     </span>
    </p>
   </div>
   <div class='ocr_carea' id='block_1_86' title="bbox 1989 4077 3587 4170">
    <p class='ocr_par' dir='ltr' id='par_1_86' title="bbox 1989 4077 3587 4170">
     <span class='ocr_line' id='line_1_86' title="bbox 1989 4077 3587 4170; baseline -0.021 -12"><span class='ocrx_word' id='word_1_677' title='bbox 1989 4077 2076 4158; x_wconf 78' lang='lat' dir='ltr'><strong>illa</strong></span> <span class='ocrx_word' id='word_1_678' title='bbox 2127 4115 2235 4170; x_wconf 88' lang='lat' dir='ltr'><strong>qua</strong></span> <span class='ocrx_word' id='word_1_679' title='bbox 2297 4093 2557 4151; x_wconf 89' lang='lat' dir='ltr'><strong>miracula</strong></span> <span class='ocrx_word' id='word_1_680' title='bbox 2625 4090 2861 4143; x_wconf 69' lang='lat' dir='ltr'><strong>fat-iebat</strong></span> <span class='ocrx_word' id='word_1_681' title='bbox 2900 4101 2915 4151; x_wconf 90' lang='lat'><strong>;</strong></span> <span class='ocrx_word' id='word_1_682' title='bbox 2953 4082 3195 4139; x_wconf 84' lang='lat' dir='ltr'><strong>Joannes</strong></span> <span class='ocrx_word' id='word_1_683' title='bbox 3257 4077 3402 4132; x_wconf 82' lang='lat' dir='ltr'><strong>enim</strong></span> <span class='ocrx_word' id='word_1_684' title='bbox 3462 4088 3587 4128; x_wconf 56' lang='lat' dir='ltr'><strong>cunt</strong></span> 
     </span>
    </p>
   </div>
   <div class='ocr_carea' id='block_1_87' title="bbox 1987 4169 3592 4258">
    <p class='ocr_par' dir='ltr' id='par_1_87' title="bbox 1987 4169 3592 4258">
     <span class='ocr_line' id='line_1_87' title="bbox 1987 4169 3592 4258; baseline -0.018 -12"><span class='ocrx_word' id='word_1_685' title='bbox 1987 4169 2220 4258; x_wconf 84' lang='lat' dir='ltr'><strong>viveret,</strong></span> <span class='ocrx_word' id='word_1_686' title='bbox 2260 4204 2365 4244; x_wconf 89' lang='lat' dir='ltr'><strong>non</strong></span> <span class='ocrx_word' id='word_1_687' title='bbox 2397 4185 2638 4242; x_wconf 87' lang='lat' dir='ltr'><strong>faciebat</strong></span> <span class='ocrx_word' id='word_1_688' title='bbox 2691 4176 2974 4232; x_wconf 86' lang='lat' dir='ltr'><strong>miracula.</strong></span> <span class='ocrx_word' id='word_1_689' title='bbox 3014 4173 3115 4228; x_wconf 91' lang='lat' dir='ltr'><strong>Ubi</strong></span> <span class='ocrx_word' id='word_1_690' title='bbox 3153 4171 3322 4240; x_wconf 82' lang='lat' dir='ltr'><strong>igitur</strong></span> <span class='ocrx_word' id='word_1_691' title='bbox 3352 4169 3592 4221; x_wconf 86' lang='lat' dir='ltr'><strong>interro-</strong></span> 
     </span>
    </p>
   </div>
   <div class='ocr_carea' id='block_1_88' title="bbox 1990 4260 3594 4359">
    <p class='ocr_par' dir='ltr' id='par_1_88' title="bbox 1990 4260 3594 4359">
     <span class='ocr_line' id='line_1_88' title="bbox 1990 4260 3594 4359; baseline -0.019 -19"><span class='ocrx_word' id='word_1_692' title='bbox 1990 4286 2137 4359; x_wconf 84' lang='lat' dir='ltr'><strong>gavit</strong></span> <span class='ocrx_word' id='word_1_693' title='bbox 2166 4299 2264 4339; x_wconf 89' lang='lat' dir='ltr'><strong>eos</strong></span> <span class='ocrx_word' id='word_1_694' title='bbox 2295 4282 2362 4336; x_wconf 89' lang='lat' dir='ltr'><strong>de</strong></span> <span class='ocrx_word' id='word_1_695' title='bbox 2405 4279 2638 4333; x_wconf 87' lang='lat' dir='ltr'><strong>aliorum</strong></span> <span class='ocrx_word' id='word_1_696' title='bbox 2693 4270 3069 4343; x_wconf 81' lang='lat' dir='ltr'><strong>Opinionibus,</strong></span> <span class='ocrx_word' id='word_1_697' title='bbox 3131 4273 3286 4330; x_wconf 80' lang='lat' dir='ltr'><strong>rogat</strong></span> <span class='ocrx_word' id='word_1_698' title='bbox 3333 4276 3398 4314; x_wconf 76' lang='lat' dir='ltr'><strong>ex</strong></span> <span class='ocrx_word' id='word_1_699' title='bbox 3429 4260 3509 4313; x_wconf 91' lang='lat' dir='ltr'><strong>eis</strong></span> <span class='ocrx_word' id='word_1_700' title='bbox 3539 4268 3594 4312; x_wconf 89' lang='lat' dir='ltr'><strong>et</strong></span> 
     </span>
    </p>
   </div>
   <div class='ocr_carea' id='block_1_89' title="bbox 1990 4355 3594 4444">
    <p class='ocr_par' dir='ltr' id='par_1_89' title="bbox 1990 4355 3594 4444">
     <span class='ocr_line' id='line_1_89' title="bbox 1990 4355 3594 4444; baseline -0.017 -12"><span class='ocrx_word' id='word_1_701' title='bbox 1990 4355 2143 4432; x_wconf 76' lang='lat' dir='ltr'><strong>suam</strong></span> <span class='ocrx_word' id='word_1_702' title='bbox 2171 4375 2412 4444; x_wconf 86' lang='lat' dir='ltr'><strong>ipsorum</strong></span> <span class='ocrx_word' id='word_1_703' title='bbox 2446 4367 2798 4428; x_wconf 90' lang='lat' dir='ltr'><strong>sententiam,</strong></span> <span class='ocrx_word' id='word_1_704' title='bbox 2827 4361 2983 4432; x_wconf 89' lang='lat' dir='ltr'><strong>quasi</strong></span> <span class='ocrx_word' id='word_1_705' title='bbox 3011 4361 3253 4416; x_wconf 86' lang='lat' dir='ltr'><strong>diceret:</strong></span> <span class='ocrx_word' id='word_1_706' title='bbox 3283 4355 3371 4409; x_wconf 88' lang='lat' dir='ltr'><strong>illi</strong></span> <span class='ocrx_word' id='word_1_707' title='bbox 3401 4368 3594 4408; x_wconf 76' lang='lat' dir='ltr'><strong>erran-</strong></span> 
     </span>
    </p>
   </div>
   <div class='ocr_carea' id='block_1_90' title="bbox 1994 4447 3591 4524">
    <p class='ocr_par' dir='ltr' id='par_1_90' title="bbox 1994 4447 3591 4524">
     <span class='ocr_line' id='line_1_90' title="bbox 1994 4447 3591 4524; baseline -0.017 0"><span class='ocrx_word' id='word_1_708' title='bbox 1994 4479 2076 4524; x_wconf 88' lang='lat' dir='ltr'><strong>tes</strong></span> <span class='ocrx_word' id='word_1_709' title='bbox 2113 4468 2192 4523; x_wconf 90' lang='lat' dir='ltr'><strong>sic</strong></span> <span class='ocrx_word' id='word_1_710' title='bbox 2220 4465 2288 4520; x_wconf 90' lang='lat' dir='ltr'><strong>de</strong></span> <span class='ocrx_word' id='word_1_711' title='bbox 2339 4477 2426 4518; x_wconf 87' lang='lat' dir='ltr'><strong>me</strong></span> <span class='ocrx_word' id='word_1_712' title='bbox 2475 4459 2742 4522; x_wconf 84' lang='lat' dir='ltr'><strong>sentiunt,</strong></span> <span class='ocrx_word' id='word_1_713' title='bbox 2787 4471 2888 4510; x_wconf 82' lang='lat' dir='ltr'><strong>vos</strong></span> <span class='ocrx_word' id='word_1_714' title='bbox 2932 4463 3115 4508; x_wconf 90' lang='lat' dir='ltr'><strong>autem</strong></span> <span class='ocrx_word' id='word_1_715' title='bbox 3155 4449 3300 4504; x_wconf 88' lang='lat' dir='ltr'><strong>aliud</strong></span> <span class='ocrx_word' id='word_1_716' title='bbox 3330 4447 3591 4517; x_wconf 79' lang='lat' dir='ltr'><strong>quiddam</strong></span> 
     </span>
    </p>
   </div>
   <div class='ocr_carea' id='block_1_91' title="bbox 289 4531 1986 4624">
    <p class='ocr_par' dir='ltr' id='par_1_91' title="bbox 289 4531 1962 4623">
     <span class='ocr_line' id='line_1_91' title="bbox 289 4531 1962 4623; baseline -0.011 -10"><span class='ocrx_word' id='word_1_717' title='bbox 289 4531 512 4613; x_wconf 62' lang='grc' dir='ltr'>εἴπατε.</span> <span class='ocrx_word' id='word_1_718' title='bbox 543 4557 608 4610; x_wconf 90' lang='grc' dir='ltr'><strong>Τί</strong></span> <span class='ocrx_word' id='word_1_719' title='bbox 648 4531 741 4608; x_wconf 80' lang='grc' dir='ltr'><strong>οῦν</strong></span> <span class='ocrx_word' id='word_1_720' title='bbox 775 4531 1064 4623; x_wconf 13' lang='grc' dir='ltr'>ὁΫΠέτρος;</span> <span class='ocrx_word' id='word_1_721' title='bbox 1093 4550 1380 4619; x_wconf 84' lang='grc' dir='ltr'>Ὁμολογεῖ</span> <span class='ocrx_word' id='word_1_722' title='bbox 1416 4548 1580 4600; x_wconf 75' lang='grc' dir='ltr'>αὑτὸν</span> <span class='ocrx_word' id='word_1_723' title='bbox 1617 4543 1758 4598; x_wconf 80' lang='grc' dir='ltr'>εἶναι</span> <span class='ocrx_word' id='word_1_724' title='bbox 1792 4545 1884 4597; x_wconf 84' lang='grc' dir='ltr'>τὸν</span> <span class='ocrx_word' id='word_1_725' title='bbox 1919 4557 1962 4611; x_wconf 78' lang='grc' dir='ltr'><strong>ι)</strong></span> 
     </span>
    </p>
   </div>
   <div class='ocr_carea' id='block_1_92' title="bbox 1897 4531 3594 4624">
    <p class='ocr_par' dir='ltr' id='par_1_92' title="bbox 1919 4531 3594 4624">
     <span class='ocr_line' id='line_1_92' title="bbox 1919 4531 3594 4624; baseline -0.013 -13"><span class='ocrx_word' id='word_1_726' title='bbox 1919 4557 2179 4616; x_wconf 88' lang='lat' dir='ltr'><strong>Ddicite.</strong></span> <span class='ocrx_word' id='word_1_727' title='bbox 2205 4557 2346 4624; x_wconf 85' lang='lat' dir='ltr'><strong>Quid</strong></span> <span class='ocrx_word' id='word_1_728' title='bbox 2413 4554 2578 4624; x_wconf 59' lang='lat' dir='ltr'><strong>igitur</strong></span> <span class='ocrx_word' id='word_1_729' title='bbox 2635 4549 2875 4604; x_wconf 82' lang='lat' dir='ltr'><strong>Petrus?</strong></span> <span class='ocrx_word' id='word_1_730' title='bbox 2934 4531 3244 4600; x_wconf 80' lang='lat' dir='ltr'><strong>comitetur</strong></span> <span class='ocrx_word' id='word_1_731' title='bbox 3297 4555 3421 4595; x_wconf 89' lang='lat' dir='ltr'><strong>eum</strong></span> <span class='ocrx_word' id='word_1_732' title='bbox 3468 4553 3594 4592; x_wconf 84' lang='lat' dir='ltr'><strong>esse</strong></span> 
     </span>
    </p>
   </div>
   <div class='ocr_carea' id='block_1_93' title="bbox 291 4636 1892 4719">
    <p class='ocr_par' dir='ltr' id='par_1_93' title="bbox 291 4636 1892 4719">
     <span class='ocr_line' id='line_1_93' title="bbox 291 4636 1892 4719; baseline -0.011 -13"><span class='ocrx_word' id='word_1_733' title='bbox 291 4654 399 4706; x_wconf 78' lang='grc' dir='ltr'><strong>ὑπὸ</strong></span> <span class='ocrx_word' id='word_1_734' title='bbox 428 4651 539 4704; x_wconf 85' lang='grc' dir='ltr'>τῶν</span> <span class='ocrx_word' id='word_1_735' title='bbox 572 4647 868 4719; x_wconf 76' lang='grc' dir='ltr'>προφητῶν</span> <span class='ocrx_word' id='word_1_736' title='bbox 901 4642 1412 4711; x_wconf 75' lang='grc' dir='ltr'>καταγγελλόμενον</span> <span class='ocrx_word' id='word_1_737' title='bbox 1445 4638 1702 4709; x_wconf 87' lang='grc' dir='ltr'>Χριστόν.</span> <span class='ocrx_word' id='word_1_738' title='bbox 1732 4636 1798 4689; x_wconf 90' lang='grc' dir='ltr'><strong>Τί</strong></span> <span class='ocrx_word' id='word_1_739' title='bbox 1835 4636 1892 4688; x_wconf 75' lang='grc' dir='ltr'>δὲ</span> 
     </span>
    </p>
   </div>
   <div class='ocr_carea' id='block_1_94' title="bbox 291 4729 1894 4814">
    <p class='ocr_par' dir='ltr' id='par_1_94' title="bbox 291 4729 1894 4814">
     <span class='ocr_line' id='line_1_94' title="bbox 291 4729 1894 4814; baseline -0.009 -18"><span class='ocrx_word' id='word_1_740' title='bbox 291 4747 430 4814; x_wconf 70' lang='grc' dir='ltr'>πρὸς</span> <span class='ocrx_word' id='word_1_741' title='bbox 460 4741 558 4810; x_wconf 84' lang='grc' dir='ltr'><strong>τὴν</strong></span> <span class='ocrx_word' id='word_1_742' title='bbox 585 4739 880 4809; x_wconf 74' lang='grc' dir='ltr'>ὁμολογίαν</span> <span class='ocrx_word' id='word_1_743' title='bbox 911 4738 1004 4790; x_wconf 82' lang='grc' dir='ltr'><strong>τοῦ</strong></span> <span class='ocrx_word' id='word_1_744' title='bbox 1043 4737 1252 4806; x_wconf 81' lang='grc' dir='ltr'>Πέτρου</span> <span class='ocrx_word' id='word_1_745' title='bbox 1287 4729 1443 4786; x_wconf 76' lang='grc' dir='ltr'>εἶπεν</span> <span class='ocrx_word' id='word_1_746' title='bbox 1470 4736 1497 4786; x_wconf 88' lang='grc' dir='ltr'><strong>ό</strong></span> <span class='ocrx_word' id='word_1_747' title='bbox 1531 4732 1767 4801; x_wconf 82' lang='grc' dir='ltr'>Κύριος.</span> <span class='ocrx_word' id='word_1_748' title='bbox 1799 4731 1894 4782; x_wconf 82' lang='grc' dir='ltr'>καὶ</span> 
     </span>
    </p>
   </div>
   <div class='ocr_carea' id='block_1_95' title="bbox 292 4822 1891 4901">
    <p class='ocr_par' dir='ltr' id='par_1_95' title="bbox 292 4822 1891 4901">
     <span class='ocr_line' id='line_1_95' title="bbox 292 4822 1891 4901; baseline -0.01 -13"><span class='ocrx_word' id='word_1_749' title='bbox 292 4835 411 4897; x_wconf 76' lang='grc' dir='ltr'>πῶς</span> <span class='ocrx_word' id='word_1_750' title='bbox 454 4834 791 4901; x_wconf 81' lang='grc' dir='ltr'>ὲμακάρισεν</span> <span class='ocrx_word' id='word_1_751' title='bbox 825 4830 1010 4891; x_wconf 75' lang='grc' dir='ltr'>αὑτὸν,</span> <span class='ocrx_word' id='word_1_752' title='bbox 1051 4830 1079 4881; x_wconf 84' lang='grc' dir='ltr'>ὁ</span> <span class='ocrx_word' id='word_1_753' title='bbox 1127 4827 1228 4896; x_wconf 80' lang='grc' dir='ltr'>μὲν</span> <span class='ocrx_word' id='word_1_754' title='bbox 1268 4827 1498 4895; x_wconf 82' lang='grc' dir='ltr'>Μάρκος</span> <span class='ocrx_word' id='word_1_755' title='bbox 1539 4822 1891 4894; x_wconf 78' lang='grc' dir='ltr'>παρέλειψεν,</span> 
     </span>
    </p>
   </div>
   <div class='ocr_carea' id='block_1_96' title="bbox 293 4917 1897 4996">
    <p class='ocr_par' dir='ltr' id='par_1_96' title="bbox 293 4917 1897 4996">
     <span class='ocr_line' id='line_1_96' title="bbox 293 4917 1897 4996; baseline -0.009 -15"><span class='ocrx_word' id='word_1_756' title='bbox 293 4929 382 4981; x_wconf 79' lang='grc' dir='ltr'><strong>ἶνα</strong></span> <span class='ocrx_word' id='word_1_757' title='bbox 424 4926 500 4996; x_wconf 83' lang='grc' dir='ltr'>μὴ</span> <span class='ocrx_word' id='word_1_758' title='bbox 536 4926 666 4995; x_wconf 79' lang='grc' dir='ltr'>δόξῃ</span> <span class='ocrx_word' id='word_1_759' title='bbox 702 4924 1067 4994; x_wconf 79' lang='grc' dir='ltr'>χαριζόμενος</span> <span class='ocrx_word' id='word_1_760' title='bbox 1093 4921 1172 4991; x_wconf 84' lang='grc' dir='ltr'>τῷ</span> <span class='ocrx_word' id='word_1_761' title='bbox 1211 4921 1424 4990; x_wconf 82' lang='grc' dir='ltr'>Πέτρῳ,</span> <span class='ocrx_word' id='word_1_762' title='bbox 1458 4917 1765 4987; x_wconf 85' lang='grc' dir='ltr'>διδασκάλῳ</span> <span class='ocrx_word' id='word_1_763' title='bbox 1799 4918 1897 4968; x_wconf 87' lang='grc' dir='ltr'><strong>αὐ-</strong></span> 
     </span>
    </p>
   </div>
   <div class='ocr_carea' id='block_1_97' title="bbox 295 5008 1899 5082">
    <p class='ocr_par' dir='ltr' id='par_1_97' title="bbox 295 5008 1899 5082">
     <span class='ocr_line' id='line_1_97' title="bbox 295 5008 1899 5082; baseline -0.007 -10"><span class='ocrx_word' id='word_1_764' title='bbox 295 5019 389 5073; x_wconf 81' lang='grc' dir='ltr'><strong>τοῦ</strong></span> <span class='ocrx_word' id='word_1_765' title='bbox 432 5017 572 5081; x_wconf 74' lang='grc' dir='ltr'>ὄντι,</span> <span class='ocrx_word' id='word_1_766' title='bbox 611 5015 786 5068; x_wconf 88' lang='grc' dir='ltr'>ταῦτα</span> <span class='ocrx_word' id='word_1_767' title='bbox 827 5014 1012 5082; x_wconf 76' lang='grc' dir='ltr'>λέγειν</span> <span class='ocrx_word' id='word_1_768' title='bbox 1048 5029 1062 5042; x_wconf 83' lang='lat'><strong><em>°</em></strong></span> <span class='ocrx_word' id='word_1_769' title='bbox 1098 5013 1126 5064; x_wconf 85' lang='grc' dir='ltr'>ὁ</span> <span class='ocrx_word' id='word_1_770' title='bbox 1167 5012 1222 5065; x_wconf 70' lang='grc' dir='ltr'>δὲ</span> <span class='ocrx_word' id='word_1_771' title='bbox 1269 5011 1549 5073; x_wconf 82' lang='grc' dir='ltr'>Ματθαῖος</span> <span class='ocrx_word' id='word_1_772' title='bbox 1593 5008 1899 5080; x_wconf 81' lang='grc' dir='ltr'>ἀπαραλεί-</span> 
     </span>
    </p>
   </div>
   <div class='ocr_carea' id='block_1_98' title="bbox 297 5101 1897 5190">
    <p class='ocr_par' dir='ltr' id='par_1_98' title="bbox 297 5101 1897 5190">
     <span class='ocr_line' id='line_1_98' title="bbox 297 5101 1897 5190; baseline -0.009 -26"><span class='ocrx_word' id='word_1_773' title='bbox 297 5128 447 5190; x_wconf 80' lang='grc' dir='ltr'>πτως</span> <span class='ocrx_word' id='word_1_774' title='bbox 482 5108 673 5179; x_wconf 72' lang='grc' dir='ltr'>εἴρηκε</span> <span class='ocrx_word' id='word_1_775' title='bbox 713 5107 914 5160; x_wconf 83' lang='grc' dir='ltr'>πάντα.</span> <span class='ocrx_word' id='word_1_776' title='bbox 949 5105 1284 5173; x_wconf 87' lang='grc' dir='ltr'>Ἐπετίμησε</span> <span class='ocrx_word' id='word_1_777' title='bbox 1323 5103 1379 5155; x_wconf 81' lang='grc' dir='ltr'>δὲ</span> <span class='ocrx_word' id='word_1_778' title='bbox 1419 5102 1634 5167; x_wconf 81' lang='grc' dir='ltr'>αὐτοῖς,</span> <span class='ocrx_word' id='word_1_779' title='bbox 1665 5101 1752 5153; x_wconf 85' lang='grc' dir='ltr'>ἵνα</span> <span class='ocrx_word' id='word_1_780' title='bbox 1789 5117 1897 5170; x_wconf 88' lang='grc' dir='ltr'>μη-</span> 
     </span>
    </p>
   </div>
   <div class='ocr_carea' id='block_1_99' title="bbox 297 5191 1896 5268">
    <p class='ocr_par' dir='ltr' id='par_1_99' title="bbox 297 5191 1896 5268">
     <span class='ocr_line' id='line_1_99' title="bbox 297 5191 1896 5268; baseline -0.007 -12"><span class='ocrx_word' id='word_1_781' title='bbox 297 5203 411 5257; x_wconf 73' lang='grc' dir='ltr'>δενὶ</span> <span class='ocrx_word' id='word_1_782' title='bbox 436 5200 636 5268; x_wconf 82' lang='grc' dir='ltr'>λέγωσι</span> <span class='ocrx_word' id='word_1_783' title='bbox 664 5196 792 5267; x_wconf 74' lang='grc' dir='ltr'>περὶ</span> <span class='ocrx_word' id='word_1_784' title='bbox 818 5194 1008 5249; x_wconf 82' lang='grc' dir='ltr'>αὑτοῦ.</span> <span class='ocrx_word' id='word_1_785' title='bbox 1041 5194 1334 5247; x_wconf 79' lang='grc' dir='ltr'>Ἠὁούλετο</span> <span class='ocrx_word' id='word_1_786' title='bbox 1361 5195 1471 5264; x_wconf 75' lang='grc' dir='ltr'><strong>γάρ</strong></span> <span class='ocrx_word' id='word_1_787' title='bbox 1504 5191 1896 5256; x_wconf 82' lang='grc' dir='ltr'>συσκιάζεσθαι</span> 
     </span>
    </p>
   </div>
   <div class='ocr_carea' id='block_1_100' title="bbox 299 5283 1899 5365">
    <p class='ocr_par' dir='ltr' id='par_1_100' title="bbox 299 5283 1899 5365">
     <span class='ocr_line' id='line_1_100' title="bbox 299 5283 1899 5365; baseline -0.006 -18"><span class='ocrx_word' id='word_1_788' title='bbox 299 5294 399 5365; x_wconf 78' lang='grc' dir='ltr'>τὴν</span> <span class='ocrx_word' id='word_1_789' title='bbox 425 5293 555 5362; x_wconf 79' lang='grc' dir='ltr'>περὶ</span> <span class='ocrx_word' id='word_1_790' title='bbox 581 5288 745 5343; x_wconf 85' lang='grc' dir='ltr'>αὑτοῦ</span> <span class='ocrx_word' id='word_1_791' title='bbox 772 5287 1072 5354; x_wconf 81' lang='grc' dir='ltr'>δόξαν,,ῖνα</span> <span class='ocrx_word' id='word_1_792' title='bbox 1105 5287 1180 5360; x_wconf 80' lang='grc' dir='ltr'><strong>μὴ</strong></span> <span class='ocrx_word' id='word_1_793' title='bbox 1212 5287 1399 5339; x_wconf 77' lang='grc' dir='ltr'>πολλοὶ</span> <span class='ocrx_word' id='word_1_794' title='bbox 1429 5283 1899 5348; x_wconf 80' lang='grc' dir='ltr'>σκανδαλίζωνται</span> 
     </span>
    </p>
   </div>
   <div class='ocr_carea' id='block_1_101' title="bbox 301 5378 1898 5453">
    <p class='ocr_par' dir='ltr' id='par_1_101' title="bbox 301 5378 1898 5453">
     <span class='ocr_line' id='line_1_101' title="bbox 301 5378 1898 5453; baseline -0.005 -13"><span class='ocrx_word' id='word_1_795' title='bbox 301 5388 390 5440; x_wconf 72' lang='grc' dir='ltr'><strong>ἐπ’</strong></span> <span class='ocrx_word' id='word_1_796' title='bbox 412 5382 590 5453; x_wconf 72' lang='grc' dir='ltr'>αὐτῷ,</span> <span class='ocrx_word' id='word_1_797' title='bbox 620 5383 716 5435; x_wconf 78' lang='grc' dir='ltr'>καὶ</span> <span class='ocrx_word' id='word_1_798' title='bbox 744 5382 832 5434; x_wconf 77' lang='grc' dir='ltr'><strong>διὰ</strong></span> <span class='ocrx_word' id='word_1_799' title='bbox 854 5379 1013 5434; x_wconf 87' lang='grc' dir='ltr'>τοῦτο</span> <span class='ocrx_word' id='word_1_800' title='bbox 1043 5379 1421 5446; x_wconf 82' lang='grc' dir='ltr'>ἀπιστοῦντες,</span> <span class='ocrx_word' id='word_1_801' title='bbox 1451 5378 1698 5449; x_wconf 76' lang='grc' dir='ltr'>μείζονος</span> <span class='ocrx_word' id='word_1_802' title='bbox 1723 5396 1898 5448; x_wconf 89' lang='grc' dir='ltr'>τιμω-</span> 
     </span>
    </p>
   </div>
   <div class='ocr_carea' id='block_1_102' title="bbox 303 5473 1080 5552">
    <p class='ocr_par' dir='ltr' id='par_1_102' title="bbox 303 5473 1080 5552">
     <span class='ocr_line' id='line_1_102' title="bbox 303 5473 1080 5552; baseline -0.006 -21"><span class='ocrx_word' id='word_1_803' title='bbox 303 5480 427 5552; x_wconf 86' lang='grc' dir='ltr'>ρίας</span> <span class='ocrx_word' id='word_1_804' title='bbox 461 5474 756 5528; x_wconf 80' lang='grc' dir='ltr'>ὑπεύθυνοι</span> <span class='ocrx_word' id='word_1_805' title='bbox 789 5473 1080 5542; x_wconf 79' lang='grc' dir='ltr'>γένωνται.</span> 
     </span>
    </p>
   </div>
   <div class='ocr_carea' id='block_1_103' title="bbox 378 5565 1903 5638">
    <p class='ocr_par' dir='ltr' id='par_1_103' title="bbox 378 5565 1903 5638">
     <span class='ocr_line' id='line_1_103' title="bbox 378 5565 1903 5638; baseline -0.005 -14"><span class='ocrx_word' id='word_1_806' title='bbox 378 5591 396 5624; x_wconf 80' lang='grc' dir='ltr'><strong>ι</strong></span> <span class='ocrx_word' id='word_1_807' title='bbox 440 5571 551 5623; x_wconf 76' lang='grc' dir='ltr'><strong>Καὶ</strong></span> <span class='ocrx_word' id='word_1_808' title='bbox 587 5566 792 5638; x_wconf 76' lang='grc' dir='ltr'>ἧρξατο</span> <span class='ocrx_word' id='word_1_809' title='bbox 828 5567 1108 5620; x_wconf 86' lang='grc' dir='ltr'>διδάσκειν</span> <span class='ocrx_word' id='word_1_810' title='bbox 1147 5565 1370 5633; x_wconf 76' lang='grc' dir='ltr'>αὐτοὺς,</span> <span class='ocrx_word' id='word_1_811' title='bbox 1411 5567 1494 5620; x_wconf 85' lang='grc' dir='ltr'>ὅτι</span> <span class='ocrx_word' id='word_1_812' title='bbox 1529 5567 1612 5620; x_wconf 85' lang='grc' dir='ltr'><strong>δεῖ</strong></span> <span class='ocrx_word' id='word_1_813' title='bbox 1644 5565 1736 5618; x_wconf 85' lang='grc' dir='ltr'>τὸν</span> <span class='ocrx_word' id='word_1_814' title='bbox 1775 5565 1903 5618; x_wconf 81' lang='grc' dir='ltr'>Υίὸν</span> 
     </span>
    </p>
   </div>
   <div class='ocr_carea' id='block_1_104' title="bbox 301 5656 1904 5729">
    <p class='ocr_par' dir='ltr' id='par_1_104' title="bbox 301 5656 1904 5729">
     <span class='ocr_line' id='line_1_104' title="bbox 301 5656 1904 5729; baseline -0.007 -11"><span class='ocrx_word' id='word_1_815' title='bbox 301 5663 398 5718; x_wconf 79' lang='grc' dir='ltr'><strong>τοῦ</strong></span> <span class='ocrx_word' id='word_1_816' title='bbox 447 5657 738 5729; x_wconf 79' lang='grc' dir='ltr'>ἀνθρώπου</span> <span class='ocrx_word' id='word_1_817' title='bbox 791 5657 964 5709; x_wconf 80' lang='grc' dir='ltr'>πολλά</span> <span class='ocrx_word' id='word_1_818' title='bbox 1010 5656 1207 5711; x_wconf 78' lang='grc' dir='ltr'>παθεῖν</span> <span class='ocrx_word' id='word_1_819' title='bbox 1255 5659 1349 5711; x_wconf 76' lang='grc' dir='ltr'>καὶ</span> <span class='ocrx_word' id='word_1_820' title='bbox 1395 5656 1904 5726; x_wconf 83' lang='grc' dir='ltr'>ἀποδοκιμασθῆναι</span> 
     </span>
    </p>
   </div>
   <div class='ocr_carea' id='block_1_105' title="bbox 304 5750 1904 5823">
    <p class='ocr_par' dir='ltr' id='par_1_105' title="bbox 304 5750 1904 5823">
     <span class='ocr_line' id='line_1_105' title="bbox 304 5750 1904 5823; baseline -0.007 -11"><span class='ocrx_word' id='word_1_821' title='bbox 304 5759 414 5812; x_wconf 71' lang='grc' dir='ltr'>ἀπὸ</span> <span class='ocrx_word' id='word_1_822' title='bbox 443 5755 553 5808; x_wconf 81' lang='grc' dir='ltr'><strong>τῶν</strong></span> <span class='ocrx_word' id='word_1_823' title='bbox 580 5751 996 5823; x_wconf 76' lang='grc' dir='ltr'>πρεσϐυτέρων,</span> <span class='ocrx_word' id='word_1_824' title='bbox 1029 5752 1125 5806; x_wconf 73' lang='grc' dir='ltr'>καὶ</span> <span class='ocrx_word' id='word_1_825' title='bbox 1152 5751 1482 5823; x_wconf 84' lang='grc' dir='ltr'>ἀρχιερέων,</span> <span class='ocrx_word' id='word_1_826' title='bbox 1516 5750 1612 5804; x_wconf 71' lang='grc' dir='ltr'>καὶ</span> <span class='ocrx_word' id='word_1_827' title='bbox 1643 5751 1904 5820; x_wconf 83' lang='grc' dir='ltr'>Γραμμα-</span> 
     </span>
    </p>
   </div>
   <div class='ocr_carea' id='block_1_106' title="bbox 305 5843 1905 5916">
    <p class='ocr_par' dir='ltr' id='par_1_106' title="bbox 305 5843 1905 5916">
     <span class='ocr_line' id='line_1_106' title="bbox 305 5843 1905 5916; baseline -0.009 -12"><span class='ocrx_word' id='word_1_828' title='bbox 305 5853 476 5913; x_wconf 80' lang='grc' dir='ltr'>τέων,</span> <span class='ocrx_word' id='word_1_829' title='bbox 527 5845 619 5900; x_wconf 63' lang='grc' dir='ltr'>καὶ</span> <span class='ocrx_word' id='word_1_830' title='bbox 667 5843 1108 5914; x_wconf 80' lang='grc' dir='ltr'>ἀποκτανθῆναι,</span> <span class='ocrx_word' id='word_1_831' title='bbox 1154 5848 1250 5900; x_wconf 77' lang='grc' dir='ltr'>γαὶ</span> <span class='ocrx_word' id='word_1_832' title='bbox 1305 5846 1446 5916; x_wconf 78' lang='grc' dir='ltr'>μετὰ</span> <span class='ocrx_word' id='word_1_833' title='bbox 1491 5847 1640 5914; x_wconf 83' lang='grc' dir='ltr'>τρεῖς</span> <span class='ocrx_word' id='word_1_834' title='bbox 1691 5844 1905 5914; x_wconf 77' lang='grc' dir='ltr'>ἡμέρας</span> 
     </span>
    </p>
   </div>
   <div class='ocr_carea' id='block_1_107' title="bbox 1996 4631 3594 4717">
    <p class='ocr_par' dir='ltr' id='par_1_107' title="bbox 1996 4631 3594 4717">
     <span class='ocr_line' id='line_1_107' title="bbox 1996 4631 3594 4717; baseline -0.019 -4"><span class='ocrx_word' id='word_1_835' title='bbox 1996 4656 2274 4712; x_wconf 89' lang='lat' dir='ltr'><strong>Christum</strong></span> <span class='ocrx_word' id='word_1_836' title='bbox 2308 4652 2458 4706; x_wconf 89' lang='lat' dir='ltr'><strong>illum</strong></span> <span class='ocrx_word' id='word_1_837' title='bbox 2487 4647 2580 4717; x_wconf 91' lang='lat' dir='ltr'><strong>qui</strong></span> <span class='ocrx_word' id='word_1_838' title='bbox 2618 4660 2647 4699; x_wconf 89' lang='lat' dir='ltr'><strong>a</strong></span> <span class='ocrx_word' id='word_1_839' title='bbox 2682 4640 2962 4714; x_wconf 87' lang='lat' dir='ltr'><strong>prophetis</strong></span> <span class='ocrx_word' id='word_1_840' title='bbox 2993 4637 3285 4708; x_wconf 83' lang='lat' dir='ltr'><strong>praedictus</strong></span> <span class='ocrx_word' id='word_1_841' title='bbox 3315 4642 3418 4689; x_wconf 89' lang='lat' dir='ltr'><strong>est.</strong></span> <span class='ocrx_word' id='word_1_842' title='bbox 3451 4631 3594 4698; x_wconf 84' lang='lat' dir='ltr'><strong>Quid</strong></span> 
     </span>
    </p>
   </div>
   <div class='ocr_carea' id='block_1_108' title="bbox 1997 4728 3599 4805">
    <p class='ocr_par' dir='ltr' id='par_1_108' title="bbox 1997 4728 3599 4805">
     <span class='ocr_line' id='line_1_108' title="bbox 1997 4728 3599 4805; baseline -0.017 0"><span class='ocrx_word' id='word_1_843' title='bbox 1997 4759 2178 4805; x_wconf 90' lang='lat' dir='ltr'><strong>autem</strong></span> <span class='ocrx_word' id='word_1_844' title='bbox 2217 4747 2284 4800; x_wconf 86' lang='lat' dir='ltr'><strong>ad</strong></span> <span class='ocrx_word' id='word_1_845' title='bbox 2311 4741 2712 4800; x_wconf 76' lang='lat' dir='ltr'><strong>confessionem</strong></span> <span class='ocrx_word' id='word_1_846' title='bbox 2760 4736 2906 4790; x_wconf 88' lang='lat' dir='ltr'><strong>Petri</strong></span> <span class='ocrx_word' id='word_1_847' title='bbox 2955 4733 3158 4787; x_wconf 81' lang='lat' dir='ltr'><strong>dixerit</strong></span> <span class='ocrx_word' id='word_1_848' title='bbox 3213 4728 3497 4794; x_wconf 83' lang='lat' dir='ltr'><strong>Dominus,</strong></span> <span class='ocrx_word' id='word_1_849' title='bbox 3544 4737 3599 4778; x_wconf 84' lang='lat' dir='ltr'><strong>ct</strong></span> 
     </span>
    </p>
   </div>
   <div class='ocr_carea' id='block_1_109' title="bbox 1997 4823 3596 4912">
    <p class='ocr_par' dir='ltr' id='par_1_109' title="bbox 1997 4823 3596 4912">
     <span class='ocr_line' id='line_1_109' title="bbox 1997 4823 3596 4912; baseline -0.016 -15"><span class='ocrx_word' id='word_1_850' title='bbox 1997 4838 2272 4912; x_wconf 88' lang='lat' dir='ltr'><strong>quomodo</strong></span> <span class='ocrx_word' id='word_1_851' title='bbox 2301 4833 2630 4890; x_wconf 74' lang='lat' dir='ltr'><strong>beatiﬁcarit</strong></span> <span class='ocrx_word' id='word_1_852' title='bbox 2659 4831 2836 4892; x_wconf 90' lang='lat' dir='ltr'><strong>illum,</strong></span> <span class='ocrx_word' id='word_1_853' title='bbox 2865 4827 3081 4880; x_wconf 81' lang='lat' dir='ltr'><strong>Marcus</strong></span> <span class='ocrx_word' id='word_1_854' title='bbox 3115 4823 3336 4894; x_wconf 88' lang='lat' dir='ltr'><strong>quidem</strong></span> <span class='ocrx_word' id='word_1_855' title='bbox 3369 4827 3596 4890; x_wconf 70' lang='lat' dir='ltr'><strong>prteter-</strong></span> 
     </span>
    </p>
   </div>
   <div class='ocr_carea' id='block_1_110' title="bbox 1999 4911 3600 4996">
    <p class='ocr_par' dir='ltr' id='par_1_110' title="bbox 1999 4911 3600 4996">
     <span class='ocr_line' id='line_1_110' title="bbox 1999 4911 3600 4996; baseline -0.016 -10"><span class='ocrx_word' id='word_1_856' title='bbox 1999 4911 2168 4996; x_wconf 82' lang='lat' dir='ltr'><strong>misit,</strong></span> <span class='ocrx_word' id='word_1_857' title='bbox 2213 4943 2282 4984; x_wconf 89' lang='lat' dir='ltr'><strong>ne</strong></span> <span class='ocrx_word' id='word_1_858' title='bbox 2314 4927 2596 4981; x_wconf 82' lang='lat' dir='ltr'><strong>videretur</strong></span> <span class='ocrx_word' id='word_1_859' title='bbox 2647 4921 2714 4975; x_wconf 90' lang='lat' dir='ltr'><strong>ad</strong></span> <span class='ocrx_word' id='word_1_860' title='bbox 2773 4920 3007 4990; x_wconf 83' lang='lat' dir='ltr'><strong>gratiam</strong></span> <span class='ocrx_word' id='word_1_861' title='bbox 3054 4915 3198 4970; x_wconf 89' lang='lat' dir='ltr'><strong>Petri</strong></span> <span class='ocrx_word' id='word_1_862' title='bbox 3249 4911 3600 4982; x_wconf 66' lang='lat' dir='ltr'><strong>praeceptoris</strong></span> 
     </span>
    </p>
   </div>
   <div class='ocr_carea' id='block_1_111' title="bbox 1999 5003 3601 5081">
    <p class='ocr_par' dir='ltr' id='par_1_111' title="bbox 1999 5003 3601 5081">
     <span class='ocr_line' id='line_1_111' title="bbox 1999 5003 3601 5081; baseline -0.016 0"><span class='ocrx_word' id='word_1_863' title='bbox 1999 5027 2082 5081; x_wconf 88' lang='lat' dir='ltr'><strong>sui</strong></span> <span class='ocrx_word' id='word_1_864' title='bbox 2129 5025 2242 5078; x_wconf 61' lang='lat' dir='ltr'><strong>haec</strong></span> <span class='ocrx_word' id='word_1_865' title='bbox 2281 5020 2490 5076; x_wconf 79' lang='lat' dir='ltr'><strong>dixisse</strong></span> <span class='ocrx_word' id='word_1_866' title='bbox 2522 5034 2536 5071; x_wconf 91' lang='lat'><strong>:</strong></span> <span class='ocrx_word' id='word_1_867' title='bbox 2579 5014 2871 5070; x_wconf 70' lang='lat' dir='ltr'><strong>Matthaeus</strong></span> <span class='ocrx_word' id='word_1_868' title='bbox 2901 5021 3084 5064; x_wconf 88' lang='lat' dir='ltr'><strong>autem</strong></span> <span class='ocrx_word' id='word_1_869' title='bbox 3113 5022 3222 5061; x_wconf 89' lang='lat' dir='ltr'><strong>non</strong></span> <span class='ocrx_word' id='word_1_870' title='bbox 3253 5005 3458 5060; x_wconf 91' lang='lat' dir='ltr'><strong>omisit.</strong></span> <span class='ocrx_word' id='word_1_871' title='bbox 3509 5003 3601 5057; x_wconf 84' lang='lat' dir='ltr'><strong>in-</strong></span> 
     </span>
    </p>
   </div>
   <div class='ocr_carea' id='block_1_112' title="bbox 2007 5096 3600 5172">
    <p class='ocr_par' dir='ltr' id='par_1_112' title="bbox 2007 5096 3600 5172">
     <span class='ocr_line' id='line_1_112' title="bbox 2007 5096 3600 5172; baseline -0.014 -2"><span class='ocrx_word' id='word_1_872' title='bbox 2007 5115 2327 5172; x_wconf 81' lang='lat' dir='ltr'><strong>terminatus</strong></span> <span class='ocrx_word' id='word_1_873' title='bbox 2348 5120 2436 5166; x_wconf 85' lang='lat' dir='ltr'><strong>est</strong></span> <span class='ocrx_word' id='word_1_874' title='bbox 2465 5117 2645 5162; x_wconf 87' lang='lat' dir='ltr'><strong>autem</strong></span> <span class='ocrx_word' id='word_1_875' title='bbox 2667 5105 2788 5159; x_wconf 77' lang='lat' dir='ltr'><strong>‘iliis</strong></span> <span class='ocrx_word' id='word_1_876' title='bbox 2839 5113 2900 5158; x_wconf 94' lang='lat' dir='ltr'><strong>ut</strong></span> <span class='ocrx_word' id='word_1_877' title='bbox 2949 5101 3086 5156; x_wconf 89' lang='lat' dir='ltr'><strong>nulli</strong></span> <span class='ocrx_word' id='word_1_878' title='bbox 3139 5099 3206 5154; x_wconf 90' lang='lat' dir='ltr'><strong>de</strong></span> <span class='ocrx_word' id='word_1_879' title='bbox 3275 5112 3334 5151; x_wconf 90' lang='lat' dir='ltr'><strong>se</strong></span> <span class='ocrx_word' id='word_1_880' title='bbox 3393 5096 3600 5157; x_wconf 87' lang='lat' dir='ltr'><strong>dicant.</strong></span> 
     </span>
    </p>
   </div>
   <div class='ocr_carea' id='block_1_113' title="bbox 2001 5196 3590 5268">
    <p class='ocr_par' dir='ltr' id='par_1_113' title="bbox 2001 5196 3590 5268">
     <span class='ocr_line' id='line_1_113' title="bbox 2001 5196 3590 5268; baseline -0.014 -4"><span class='ocrx_word' id='word_1_881' title='bbox 2001 5208 2231 5265; x_wconf 76' lang='lat' dir='ltr'><strong>Volebat</strong></span> <span class='ocrx_word' id='word_1_882' title='bbox 2263 5204 2408 5260; x_wconf 85' lang='lat' dir='ltr'><strong>enim</strong></span> <span class='ocrx_word' id='word_1_883' title='bbox 2437 5198 2753 5257; x_wconf 89' lang='lat' dir='ltr'><strong>adumbrari</strong></span> <span class='ocrx_word' id='word_1_884' title='bbox 2790 5196 3022 5268; x_wconf 87' lang='lat' dir='ltr'><strong>gloriam</strong></span> <span class='ocrx_word' id='word_1_885' title='bbox 3055 5206 3233 5254; x_wconf 89' lang='lat' dir='ltr'><strong>suam,</strong></span> <span class='ocrx_word' id='word_1_886' title='bbox 3284 5205 3356 5244; x_wconf 85' lang='lat' dir='ltr'><strong>ne</strong></span> <span class='ocrx_word' id='word_1_887' title='bbox 3400 5196 3590 5257; x_wconf 85' lang='lat' dir='ltr'><strong>postea</strong></span> 
     </span>
    </p>
   </div>
   <div class='ocr_carea' id='block_1_114' title="bbox 2003 5282 3605 5358">
    <p class='ocr_par' dir='ltr' id='par_1_114' title="bbox 2003 5282 3605 5358">
     <span class='ocr_line' id='line_1_114' title="bbox 2003 5282 3605 5358; baseline -0.011 -4"><span class='ocrx_word' id='word_1_888' title='bbox 2003 5299 2158 5354; x_wconf 88' lang='lat' dir='ltr'><strong>multi</strong></span> <span class='ocrx_word' id='word_1_889' title='bbox 2189 5297 2242 5353; x_wconf 91' lang='lat' dir='ltr'><strong>in</strong></span> <span class='ocrx_word' id='word_1_890' title='bbox 2276 5311 2336 5352; x_wconf 86' lang='lat' dir='ltr'><strong>se</strong></span> <span class='ocrx_word' id='word_1_891' title='bbox 2362 5292 2895 5356; x_wconf 85' lang='lat' dir='ltr'><strong>scandalizarentur,</strong></span> <span class='ocrx_word' id='word_1_892' title='bbox 2921 5300 2976 5343; x_wconf 92' lang='lat' dir='ltr'><strong>et</strong></span> <span class='ocrx_word' id='word_1_893' title='bbox 3007 5295 3293 5358; x_wconf 85' lang='lat' dir='ltr'><strong>propterea</strong></span> <span class='ocrx_word' id='word_1_894' title='bbox 3322 5282 3394 5336; x_wconf 92' lang='lat' dir='ltr'><strong>ob</strong></span> <span class='ocrx_word' id='word_1_895' title='bbox 3422 5282 3573 5337; x_wconf 82' lang='lat' dir='ltr'><strong>incrc</strong></span> <span class='ocrx_word' id='word_1_896' title='bbox 3592 5315 3605 5324; x_wconf 92' lang='lat'><strong>-</strong></span> 
     </span>
    </p>
   </div>
   <div class='ocr_carea' id='block_1_115' title="bbox 2005 5373 3510 5454">
    <p class='ocr_par' dir='ltr' id='par_1_115' title="bbox 2005 5373 3510 5454">
     <span class='ocr_line' id='line_1_115' title="bbox 2005 5373 3510 5454; baseline -0.013 -9"><span class='ocrx_word' id='word_1_897' title='bbox 2005 5390 2289 5445; x_wconf 88' lang='lat' dir='ltr'><strong>dulitatem</strong></span> <span class='ocrx_word' id='word_1_898' title='bbox 2314 5400 2468 5442; x_wconf 85' lang='lat' dir='ltr'><strong>suam</strong></span> <span class='ocrx_word' id='word_1_899' title='bbox 2501 5383 2694 5454; x_wconf 84' lang='lat' dir='ltr'><strong>majori</strong></span> <span class='ocrx_word' id='word_1_900' title='bbox 2726 5378 2995 5451; x_wconf 82' lang='lat' dir='ltr'><strong>supplicio</strong></span> <span class='ocrx_word' id='word_1_901' title='bbox 3027 5377 3224 5432; x_wconf 81' lang='lat' dir='ltr'><strong>fierent</strong></span> <span class='ocrx_word' id='word_1_902' title='bbox 3258 5373 3510 5428; x_wconf 77' lang='lat' dir='ltr'><strong>obnoxii.</strong></span> 
     </span>
    </p>
   </div>
   <div class='ocr_carea' id='block_1_116' title="bbox 2078 5553 3605 5625">
    <p class='ocr_par' dir='ltr' id='par_1_116' title="bbox 2078 5553 3605 5625">
     <span class='ocr_line' id='line_1_116' title="bbox 2078 5553 3605 5625; baseline -0.011 -8"><span class='ocrx_word' id='word_1_903' title='bbox 2078 5562 2248 5619; x_wconf 74' lang='lat' dir='ltr'><strong>Vens.</strong></span> <span class='ocrx_word' id='word_1_904' title='bbox 2283 5562 2479 5622; x_wconf 74' lang='lat'><strong>51-33.</strong></span> <span class='ocrx_word' id='word_1_905' title='bbox 2529 5578 2546 5612; x_wconf 81' lang='grc' dir='ltr'><strong>ι</strong></span> <span class='ocrx_word' id='word_1_906' title='bbox 2589 5559 2653 5612; x_wconf 85' lang='lat' dir='ltr'><strong>Et</strong></span> <span class='ocrx_word' id='word_1_907' title='bbox 2684 5557 2854 5625; x_wconf 75' lang='lat' dir='ltr'><strong>ccepit</strong></span> <span class='ocrx_word' id='word_1_908' title='bbox 2895 5569 3092 5610; x_wconf 87' lang='lat' dir='ltr'><strong>aocere</strong></span> <span class='ocrx_word' id='word_1_909' title='bbox 3124 5567 3241 5618; x_wconf 89' lang='lat' dir='ltr'><strong>eos,</strong></span> <span class='ocrx_word' id='word_1_910' title='bbox 3271 5553 3414 5620; x_wconf 87' lang='lat' dir='ltr'><strong>quod</strong></span> <span class='ocrx_word' id='word_1_911' title='bbox 3438 5564 3605 5618; x_wconf 87' lang='lat' dir='ltr'><strong>opor-</strong></span> 
     </span>
    </p>
   </div>
   <div class='ocr_carea' id='block_1_117' title="bbox 2011 5639 3604 5713">
    <p class='ocr_par' dir='ltr' id='par_1_117' title="bbox 2011 5639 3604 5713">
     <span class='ocr_line' id='line_1_117' title="bbox 2011 5639 3604 5713; baseline -0.011 -4"><span class='ocrx_word' id='word_1_912' title='bbox 2011 5663 2147 5710; x_wconf 89' lang='lat' dir='ltr'><strong>teret</strong></span> <span class='ocrx_word' id='word_1_913' title='bbox 2193 5652 2392 5707; x_wconf 90' lang='lat' dir='ltr'><strong>Filium</strong></span> <span class='ocrx_word' id='word_1_914' title='bbox 2428 5649 2669 5704; x_wconf 86' lang='lat' dir='ltr'><strong>hominis</strong></span> <span class='ocrx_word' id='word_1_915' title='bbox 2711 5646 2880 5700; x_wconf 87' lang='lat' dir='ltr'><strong>multa</strong></span> <span class='ocrx_word' id='word_1_916' title='bbox 2934 5644 3086 5713; x_wconf 88' lang='lat' dir='ltr'><strong>pati,</strong></span> <span class='ocrx_word' id='word_1_917' title='bbox 3134 5651 3188 5697; x_wconf 88' lang='lat' dir='ltr'><strong>et</strong></span> <span class='ocrx_word' id='word_1_918' title='bbox 3233 5639 3517 5707; x_wconf 84' lang='lat' dir='ltr'><strong>reprohari</strong></span> <span class='ocrx_word' id='word_1_919' title='bbox 3574 5653 3604 5692; x_wconf 88' lang='lat' dir='ltr'><strong>a</strong></span> 
     </span>
    </p>
   </div>
   <div class='ocr_carea' id='block_1_118' title="bbox 2011 5731 3607 5810">
    <p class='ocr_par' dir='ltr' id='par_1_118' title="bbox 2011 5731 3607 5810">
     <span class='ocr_line' id='line_1_118' title="bbox 2011 5731 3607 5810; baseline -0.013 -8"><span class='ocrx_word' id='word_1_920' title='bbox 2011 5746 2315 5802; x_wconf 81' lang='lat' dir='ltr'><strong>senioribus</strong></span> <span class='ocrx_word' id='word_1_921' title='bbox 2361 5743 2704 5810; x_wconf 88' lang='lat' dir='ltr'><strong>summisque</strong></span> <span class='ocrx_word' id='word_1_922' title='bbox 2755 5737 3135 5794; x_wconf 80' lang='lat' dir='ltr'><strong>saecrdmibus</strong></span> <span class='ocrx_word' id='word_1_923' title='bbox 3172 5750 3235 5788; x_wconf 78' lang='lat' dir='ltr'><strong>ac</strong></span> <span class='ocrx_word' id='word_1_924' title='bbox 3283 5731 3516 5796; x_wconf 53' lang='lat' dir='ltr'><strong>Scribis,</strong></span> <span class='ocrx_word' id='word_1_925' title='bbox 3552 5740 3607 5783; x_wconf 86' lang='lat' dir='ltr'><strong>ct</strong></span> 
     </span>
    </p>
   </div>
   <div class='ocr_carea' id='block_1_119' title="bbox 2010 5833 3605 5909">
    <p class='ocr_par' dir='ltr' id='par_1_119' title="bbox 2010 5833 3605 5909">
     <span class='ocr_line' id='line_1_119' title="bbox 2010 5833 3605 5909; baseline -0.013 -12"><span class='ocrx_word' id='word_1_926' title='bbox 2010 5841 2207 5908; x_wconf 89' lang='lat' dir='ltr'><strong>occidi,</strong></span> <span class='ocrx_word' id='word_1_927' title='bbox 2253 5850 2307 5895; x_wconf 92' lang='lat' dir='ltr'><strong>ct</strong></span> <span class='ocrx_word' id='word_1_928' title='bbox 2353 5848 2473 5909; x_wconf 81' lang='lat' dir='ltr'><strong>post</strong></span> <span class='ocrx_word' id='word_1_929' title='bbox 2505 5846 2618 5892; x_wconf 86' lang='lat' dir='ltr'><strong>tres</strong></span> <span class='ocrx_word' id='word_1_930' title='bbox 2647 5836 2761 5892; x_wconf 86' lang='lat' dir='ltr'><strong>dics</strong></span> <span class='ocrx_word' id='word_1_931' title='bbox 2797 5845 3124 5899; x_wconf 76' lang='lat' dir='ltr'><strong>resurgerC&#39;</strong></span> <span class='ocrx_word' id='word_1_932' title='bbox 3178 5837 3230 5883; x_wconf 90' lang='lat' dir='ltr'><strong>et</strong></span> <span class='ocrx_word' id='word_1_933' title='bbox 3274 5833 3457 5895; x_wconf 84' lang='lat' dir='ltr'><strong>aperte</strong></span> <span class='ocrx_word' id='word_1_934' title='bbox 3492 5839 3605 5881; x_wconf 78' lang='lat' dir='ltr'><strong>ser-</strong></span> 
     </span>
    </p>
   </div>
  </div>
