4298 6446
808 393 914 455 575

1733 397 2309 461 THEOPHYLACTI
2353 400 2760 461 BULGARI/E
2800 399 3157 460 ARCHIEP.

3935 397 4057 462 576

808 516 1021 557 munem
1064 501 1403 570 loquebatur.
1456 503 1523 556 Et
1555 504 1912 572 apprehendit
1954 503 2104 558 illum
2152 505 2366 571 Petrus,
2400 507 2444 562 Α
2471 505 2505 557 ἀ

2360 507 2444 570 ,Α
2471 505 2787 575 ἀναστῆναι.
2840 505 2951 558 Καὶ
2998 502 3283 576 παρρησίᾳ
3331 498 3423 553 τδν
3470 500 3629 567 λόγον
3680 500 3893 567 ἐλάλει,
3953 505 4057 553 καὶ

806 593 1079 659 crepitque
1132 592 1412 658 increpare
1473 606 1614 645 eum.
1658 594 1725 646 At
1782 591 1871 647 ille
1926 607 2255 657 conversus,
2310 602 2367 648 et

807 684 1031 737 intuitus
1054 682 1345 751 discipulos
1376 699 1519 748 suos,
1548 684 1845 751 increpavit
1871 682 2112 748 Petrum,
2143 685 2364 740 dicens:

802 775 902 828 Abi
950 784 1071 843 post
1104 790 1210 840 me,
1247 775 1465 839 Satana,
1500 776 1755 842 quoniam
1803 790 1908 829 non
1949 776 2093 842 sapis
2119 791 2241 846 qua:
2270 776 2365 830 Dei

804 876 950 930 sunt,
980 866 1071 918 sed
1094 880 1212 931 qua:
1241 876 1365 917 sunt
1392 866 1690 924 hominum.
1730 884 1748 917 ι
1778 865 2001 930 Quando
2016 865 2369 933 deprehendit

802 972 897 1010 eos
942 956 1222 1011 confessos
1262 972 1319 1011 se
1353 972 1473 1011 esse
1512 972 1698 1010 verum
1733 958 1880 1010 illum
1903 956 2200 1020 Christum,
2244 968 2368 1012 tunc

805 1046 1018 1101 tandem
1076 1056 1131 1101 et
1185 1048 1366 1102 crucis
1422 1056 1819 1103 sacramentum
1873 1048 1953 1101 eis
2022 1047 2365 1111 manifestat,

805 1136 1017 1190 tametsi
1054 1151 1158 1190 non
1190 1138 1410 1192 omnino
1454 1140 1626 1191 nude:
1684 1151 1858 1204 neque
1911 1139 2055 1192 enim
2106 1141 2185 1194 sic
2240 1140 2367 1207 quid

800 1226 1007 1283 diceret
1038 1228 1448 1292 intellexissent,
1476 1243 1648 1297 neque
1683 1229 2050 1299 intelligebant
2078 1232 2203 1299 quid
2227 1242 2371 1286 esset

802 1330 1111 1384 resurgere.
1151 1316 1253 1372 Sed
1284 1319 1544 1383 putabant
1601 1316 1795 1373 melius
1838 1332 1959 1373 esse
2009 1319 2230 1375 omnino
2260 1334 2367 1373 non

800 1408 933 1477 pati.
963 1406 1142 1473 Quare
1167 1418 1220 1463 et
1248 1405 1440 1465 Petrus
1474 1409 1696 1479 incepit
1734 1425 1855 1465 eum
1901 1411 2199 1479 increpare,
2228 1412 2367 1477 quod

802 1508 1004 1552 temere
1039 1499 1090 1552 in
1125 1510 1351 1554 mortem
1385 1516 1443 1555 se
1472 1487 1730 1555 offerret:
1781 1505 2043 1570 potuisset
2067 1504 2210 1557 enim
2258 1518 2365 1557 nou

801 1589 928 1657 pati.
966 1590 1125 1662 213
1156 1591 1221 1643 At
1249 1590 1507 1648 Dominus
1532 1602 1836 1647 monstrans
1865 1595 1931 1647 ad
1958 1595 2187 1648 salutem
2214 1609 2365 1649 suam

800 1680 1105 1747 passionem
1136 1685 1441 1750 pertinere,
1480 1696 1532 1737 et
1565 1684 1737 1737 solum
1768 1684 2024 1740 Satanam
2068 1702 2191 1740 eum
2230 1688 2369 1742 nolle

800 1770 951 1838 pati,
1005 1786 1072 1826 ne
1127 1770 1405 1826 salventnr
1461 1774 1739 1830 homines:
1809 1773 2065 1829 Satanam
2127 1776 2367 1829 nominat

2470 596 2907 665 προσλαϐόμενος
2953 594 3118 647 αὑτὸν
3166 596 3195 648 ὀ
3247 593 3475 661 Πέτρος,
3528 592 3732 661 ἤρξατο
3781 594 4059 660 ἐπιτιμᾷν

2469 685 2635 753 αὐτῷ.
2664 686 2723 738 ὐ
2751 687 2806 738 δὲ
2837 687 3195 757 ἐπιστραφεὶς
3227 684 3327 739 καὶ
3354 684 3477 737 ἰδὼν
3510 685 3635 745 τοὺς
3668 684 3915 753 μαθητὰς
3949 685 4059 736 αὑ-

2468 776 2583 842 τοῦ,
2631 777 2931 849 ἐπετίμησε
2975 778 3059 847 τῷ
3102 778 3314 848 Πέτρῳ,
3365 776 3573 844 λέγων·
3605 775 3821 843 Ὕπαγε
3872 775 4062 827 ὀπίσω

2472 882 2606 935 μου,
2638 867 2870 931 Σατανᾶ,
2918 868 3003 920 ὅτι
3037 868 3098 920 ού
3139 869 3355 936 φρονεῖς
3384 866 3453 920 τά
3481 864 3577 919 τοῦ
3614 864 3779 929 Θεοῦ,
3813 864 3957 918 ἀλλὰ
3990 865 4064 918 τά

2468 960 2577 1012 τῶν
2618 959 2939 1029 ἀνθρώπων.
2990 979 3010 1011 ι
3048 961 3175 1012 Ὅτε
3222 958 3490 1028 κατέσχεν
3533 958 3734 1019 αὐτοὺς
3774 956 4061 1026 ὸμολογή·

2472 1064 2689 1114 σαντας,
2717 1052 2797 1103 ὅτι
2823 1050 2985 1114 αὑτός
3010 1052 3158 1104 ἐστιν
3182 1054 3209 1104 ὀ
3233 1049 3485 1114 ἀληθινὸς
3514 1049 3772 1120 Χριστὸς,
3798 1049 3922 1101 τότε
3957 1047 4062 1101 αύ-

2469 1144 2581 1206 τοῖς
2622 1140 2951 1195 ἐκκαλύπτει
2994 1143 3086 1193 καὶ
3121 1142 3183 1193 τὸ
3221 1140 3316 1193 τοῦ
3359 1137 3597 1209 σταυροῦ
3642 1140 3965 1208 μυστήριον,
4007 1138 4059 1190 εί

2471 1231 2565 1282 καὶ
2588 1229 2662 1300 μὴ
2689 1230 2909 1299 γυμνῶς
2941 1230 3116 1299 πάντη
3139 1246 3151 1260 ·
3181 1229 3462 1299 οὐδὲνγὰρ,
3479 1229 3601 1282 οὐδὲ
3622 1227 3765 1282 οὕτω
3793 1228 4063 1282 συνίεσαν

2458 1322 2523 1375 ’τί
2552 1322 2724 1389 λέγει.
2756 1322 2875 1376 οὺδέ
2905 1322 3089 1376 ἐνόουν
3118 1322 3169 1374 τί
3202 1322 3318 1374 ἐστι
3347 1322 3406 1374 τὸ
3436 1322 3758 1391 ἀναστῆναι,
3790 1319 3906 1372 ἀλλ’
3930 1321 4060 1374 ἐνό-

2475 1411 2628 1480 μιζον
2660 1411 2904 1479 κρεῖττον
2934 1405 3073 1465 εἶναι
3104 1411 3165 1464 τὸ
3203 1411 3325 1479 μηδ’
3350 1410 3485 1474 ὅλως
3521 1410 3733 1463 παθεῖν.
3768 1409 3860 1464 Διὸ
3894 1410 3999 1463 καὶ
4030 1410 4063 1461 ὀ

2472 1501 2677 1570 Πέτρος
2698 1501 2923 1569 ἄρχεται
2957 1499 3454 1569 μέμφεσθαιαὺτῷ,
3489 1499 3566 1561 ὡς
3598 1502 3676 1561 είς
3707 1498 3939 1552 θάνατον
3970 1497 4061 1566 ρί-
4114 1572 4119 1573 ν

2471 1606 2657 1644 πτοντι
2694 1591 2906 1654 ἐαυτὸν,
2935 1590 3051 1658 ἐξὸν
3085 1590 3251 1659 μηδὲν
3280 1590 3494 1643 παθεῖν.
3522 1590 3581 1642 'O
3615 1589 3671 1641 δέ
3705 1589 3910 1657 Κύριος
3947 1588 4065 1643 duo

2473 1680 2669 1743 κνύων,
2707 1682 2789 1734 ὅτι
2823 1682 2916 1733 ἐπὶ
2952 1681 3195 1751 σωτηρίᾳ
3230 1680 3292 1739 τὸ
3325 1679 3489 1733 αὑτοῦ
3527 1679 3698 1741 πάθος
3732 1680 4059 1747 γενήσεται,
4128 1674 4133 1679 “

2472 1773 2567 1827 καὶ
2598 1774 2678 1826 ὅτι
2709 1775 2742 1840 ό,
2769 1774 3014 1836 Σατανᾶς
3050 1773 3210 1843 μόνος
3239 1756 3301 1825 οὺ
3333 1771 3669 1824 θέλεικαύτδν
3699 1771 3895 1823 παθεῖν
3914 1810 3933 1833 ,
3970 1771 4065 1827 tua

799 1856 1046 1924 Petrum,
1101 1870 1352 1929 tanquam
1410 1863 1550 1917 idem
1599 1878 1719 1916 cum
1771 1862 1971 1917 Satana
2024 1865 2368 1930 sentientem,
2399 1858 2496 1932 Βι

2366 1858 2447 1921 ,Β
2478 1862 2553 1932 μὴ
2601 1860 2751 1932 σώσῃ
2791 1863 2916 1923 τοὺς
2963 1860 3324 1929 ἀνθρώπους,
3366 1862 3616 1913 Σατανᾶν
3658 1859 3919 1929 ὀνομάζει
3964 1861 4063 1915 τὸν

799 1951 1179 2019 nolentemque
1224 1966 1347 2006 eum
1380 1955 1520 2023 pati,
1559 1960 1653 2009 sed
1689 1956 1858 2023 magis
1894 1970 1951 2009 se
1980 1964 2361 2025 opponentem.

803 2040 1037 2099 Sat-nas
1090 2047 1232 2099 enim
1284 2047 1422 2100 idem
1476 2054 1557 2101 est
1606 2046 1747 2115 quod
1802 2048 2164 2103 adversarius.
2218 2047 2366 2103 Vade

800 2146 977 2194 autem
1006 2148 1125 2208 post
1152 2153 1257 2203 me,
1280 2140 1473 2207 inquit,
1506 2142 1605 2194 hoc
1632 2148 1732 2205 est,
1768 2138 2008 2210 Sequere
2034 2140 2363 2197 voluntatem

800 2242 1000 2294 meam,
1031 2239 1084 2283 et
1124 2245 1229 2283 non
1278 2230 1606 2293 oblucteris,
1649 2246 1823 2300 neque
1859 2246 1924 2285 ex
1974 2224 2200 2288 adverso
2234 2234 2363 2288 mihi

800 2329 933 2385 stes,
971 2321 1063 2375 sed
1092 2330 1211 2389 post
1241 2337 1325 2376 me
1354 2323 1621 2391 sequaris.
1660 2320 1904 2379 Humana
1934 2325 2149 2381 dicebat
2177 2340 2367 2396 sapere

800 2409 1045 2478 Petrum,
1073 2426 1139 2466 eo
1171 2414 1311 2481 quod
1354 2414 1571 2468 humilia
1602 2415 1845 2483 quaedam
1898 2427 1953 2472 et
1997 2417 2231 2472 carnalia
2280 2432 2371 2473 sa-

801 2502 1012 2569 piebat,
1064 2506 1254 2559 volens
1283 2507 1466 2574 quiete
1495 2520 1675 2574 agere,
1715 2516 1771 2562 et
1808 2522 1913 2561 non
1942 2508 2185 2576 crnciflgi
2208 2547 2223 2573 ,
2272 2524 2371 2563 nec

801 2594 854 2645 in
906 2595 1232 2650 tentationes
1289 2596 1530 2653 incidere
1580 2597 1863 2653 Dominum
1918 2608 2137 2669 propter
2182 2600 2371 2653 mundi

800 2686 1049 2749 salutem.

873 2866 1034 2921 Vens.
1062 2867 1251 2922 34-37.
1290 2888 1307 2920 ι
1340 2868 1405 2923 Et
1430 2883 1550 2923 cum
1582 2869 1646 2924 ad
1674 2885 1733 2926 se
1758 2878 2005 2927 vocasset
2032 2872 2243 2927 turbam
2270 2888 2375 2927 una

798 2974 923 3015 cum
982 2960 1261 3029 discipulis
1311 2961 1442 3026 suis,
1501 2961 1637 3015 dixit
1695 2962 1850 3015 illis:
1890 2962 2206 3033 Quicunque
2266 2964 2378 3019 vult

802 3052 958 3120 sequi
1007 3066 1113 3119 me,
1166 3053 1395 3119 abneget
1444 3054 1812 3123 semetipsum,
1864 3064 1919 3109 et
1972 3054 2123 3108 tollat
2162 3070 2375 3112 crucem

801 3154 981 3206 suam,
1016 3149 1071 3194 et
1111 3134 1367 3211 sequatur
1415 3157 1521 3197 me.
1557 3140 1690 3196 Nam
1721 3142 1966 3213 quisquis
1999 3144 2223 3199 voluerit
2258 3147 2377 3200 ani-

802 3248 948 3289 mam
1004 3249 1155 3288 suam
1211 3248 1448 3300 servare,
1486 3235 1676 3304 perdet
1705 3250 1846 3291 eam.
1891 3234 2147 3304 Quisquis
2197 3246 2377 3293 autem

798 3324 1093 3394 perdiderit
1140 3326 1375 3384 animam
1426 3343 1577 3382 suam
1620 3343 1781 3383 causa
1816 3344 1935 3384 mea
1965 3339 2018 3384 et
2069 3329 2376 3402 Evangelii,

795 3418 888 3475 hic
932 3420 1169 3474 servabit
1204 3434 1345 3474 eam.
1399 3419 1539 3487 Quid
1573 3433 1753 3476 autem
1788 3424 2054 3491 profuerit
2092 3424 2294 3478 homini
2333 3425 2379 3478 si

801 3511 1043 3567 lucratus
1071 3511 1240 3568 fuerit
1284 3514 1541 3569 mundum
1595 3515 1911 3571 universum
1936 3524 1995 3571 et
2040 3518 2235 3571 animae
2270 3531 2381 3571 sua

796 3604 1065 3675 iacturam
1112 3605 1342 3660 fecerit?
1389 3609 1497 3662 Aut
1535 3608 1663 3677 quid
1703 3608 1925 3662 daturus
1970 3617 2052 3664 est
2083 3609 2245 3663 homo
2274 3623 2381 3677 quo

804 3706 1055 3765 repenset
1090 3698 1326 3755 animam
1380 3713 1555 3759 suam.
1588 3717 1605 3751 ι
1655 3698 1943 3769 Postquam
1985 3698 2177 3754 Petrus
2203 3700 2381 3755 incre-

803 3800 957 3860 parat
1002 3805 1121 3845 eum
1170 3790 1733 3881 volentem.cruciflgi,
1766 3793 1991 3847 advocat
2022 3794 2234 3845 turbam
2272 3830 2290 3857 ,
2325 3799 2381 3846 et

802 3882 1151 3941 audientibus
1179 3882 1452 3947 omnibus,
1477 3881 1691 3935 Petrum
1715 3884 1895 3937 acrius
1926 3883 2215 3952 alloquitur
2247 3904 2257 3937 :
2297 3882 2376 3939 Tu

801 3988 906 4037 me,
948 3974 1144 4043 inquit,
1175 3974 1547 4042 reprehendis,
1580 3972 1761 4039 Petre,
1793 3975 1934 4043 quod
1965 3986 2181 4030 crucem
2213 3976 2382 4031 tollo?

801 4081 899 4135 ego
931 4076 1109 4122 autem
1138 4066 1259 4120 dico
1290 4066 1405 4138 tibi,
1438 4066 1579 4137 quod
1611 4081 1784 4136 neque
1808 4074 1862 4119 tu
1889 4081 2065 4135 neque
2092 4068 2377 4136 quisquam

799 4157 1122 4217 salvabitur.
1158 4156 1260 4209 nisi
1287 4156 1554 4210 moriatur
1590 4170 1685 4225 pro
1712 4155 1853 4211 bono
1885 4165 1940 4211 et
1984 4158 2229 4213 veritate.
2262 4156 2378 4212 Ca:—

799 4260 975 4303 terum
1012 4247 1133 4303 vide
1162 4248 1302 4315 quod
1333 4262 1438 4301 non
1471 4248 1628 4312 dixit,
1664 4249 1886 4303 Etiamsi
1936 4250 2047 4306 non
2072 4249 2373 4319 velitquis,

800 4342 1079 4406 moriatur,
1104 4338 1557 4408 sed,Quicunqtte
1578 4339 1710 4393 vult.
1738 4337 1951 4393 Nullum
1978 4340 2145 4406 enim,
2172 4340 2373 4411 inquit,

798 4448 952 4502 cogo.
982 4432 1059 4487 Ad
1081 4433 1219 4486 bona
1254 4446 1407 4497 voco,
1431 4447 1534 4487 non
1569 4432 1634 4485 ad
1660 4432 1819 4496 mala,
1840 4439 1899 4485 ut
1920 4441 1973 4487 et
2005 4433 2319 4501 cetnpellam
2358 4451 2373 4489 :

2468 1954 2707 2021 Πέτρον,
2743 1954 2817 2016 ὡς
2844 1953 2915 2005 τὰ
2945 1953 3038 2005 τοῦ
3076 1953 3292 2005 Σατανᾶ
3331 1952 3669 2022 φρονοῦντα,
3705 1953 3802 2005 καὶ
3846 1950 3924 2021 μὴ
3965 1950 4063 2004 θέ-

2467 2043 2627 2097 λοντα
2649 2043 2811 2096 αὑτὸν
2835 2044 3050 2107 παθεῖν,
3073 2043 3185 2095 ἀλλ’
3204 2044 3579 2112 ἀντικείμενον
3600 2042 3795 2110 αὐτῷ.(
3805 2043 4065 2105 Σατανᾶς

2468 2132 2596 2203 γάρ,
2637 2132 3046 2201 ἀντικείμενος
3087 2132 3495 2203 ἑρμηνεύεται.)
3534 2132 3754 2198 ’Υπαγε
3790 2132 3849 2183 δὲ
3878 2132 4064 2184 ὀπίσω

2471 2238 2595 2307 μου,
2617 2221 2769 2292 φησί,
2790 2224 3087 2285 τουτέστιν,
3119 2221 3423 2275 Ἀκολούθει
3438 2222 3514 2292 τῷ
3530 2221 3794 2293 θελήματι
3818 2239 3943 2289 μου,
3966 2222 4061 2273 καὶ

2472 2315 2547 2385 μὴ
2575 2315 2915 2378 ἀντιτάττου,
2950 2315 3085 2385 μηδέ
3116 2314 3355 2378 ἐναντίος
3385 2315 3545 2385 ἔρχου
3564 2316 3709 2383 ἐμοὶ,
3737 2314 3855 2368 ἀλλ’
3879 2313 4062 2366 ὀπίσω

2475 2426 2575 2479 μου
2612 2408 2919 2462 ἀκολούθει.
2954 2408 3033 2461 Τά
3062 2408 3171 2469 τῶν
3202 2406 3504 2476 ἀνθρώπων
3535 2406 3592 2458 δέ
3625 2407 3793 2475 εφησε
3832 2408 4059 2473 φρονεῖν

2471 2500 2564 2555 τὸν
2586 2502 2809 2569 Πέτρον,
2838 2500 2971 2552 καθὸ
2996 2499 3229 2552 ταπεινά
3258 2515 3379 2551 τινα
3408 2498 3623 2566 φρονῶν
3654 2498 3750 2551 καὶ
3782 2498 4051 2568 σαρκικὰ,

2472 2591 2664 2661 ἢθελεν
2692 2594 2749 2643 ἐν
2780 2592 2963 2643 ἀνέσει
3003 2585 3141 2643 εἶναι
3170 2591 3262 2643 τὸν
3291 2589 3527 2662 Κύριον,
3558 2591 3654 2645 καὶ
3694 2592 3768 2661 μὴ
3809 2608 4060 2661 σταυρω-

2475 2682 2632 2751 θῆναι
2667 2684 2760 2735 καὶ
2794 2682 3083 2752 πειρασμῷ
3118 2684 3377 2752 ἐμπεσεῖν
3409 2681 3683 2751 ὺπέρητῆς
3714 2681 3808 2737 τοῦ
3843 2684 4056 2753 κόσμου

2478 2780 2773 2849 σωτηρίας.

2555 2890 2573 2923 ι
2616 2873 2723 2930 Καὶ
2772 2870 3283 2941 προσκαλεσάμενος
3312 2869 3404 2924 τὸν
3450 2870 3603 2940 ὄχλον
3643 2854 3741 2923 σὺν
3770 2872 3885 2934 τοῖς
3942 2888 4053 2939 μα-

2480 2963 2671 3033 θηταῖς
2701 2961 2887 3026 αὑτοῦ,
2924 2959 3076 3014 εἶπεν
3107 2963 3320 3025 αὐτοῖς’
3351 2962 3541 3024 Ὅστις
3575 2961 3717 3015 θέλει
3745 2962 3923 3015 ὀπίσω
3955 2979 4059 3033 μου

2479 3054 2812 3117 ἀκολουθεῖν,
2861 3053 3273 3123 ἀπαρνησάσθω
3319 3053 3530 3120 ἐαυτὸν,
3588 3055 3682 3107 καὶ
3731 3056 3920 3124 ἀράτω
3967 3056 4060 3107 τὸν

2482 3148 2715 3219 σταυρὸν
2760 3145 2947 3212 αὑτοῦ,
3002 3146 3097 3199 καὶ
3144 3144 3509 3199 ἀκολουθείτω
3567 3162 3677 3215 μοι.
3726 3145 3823 3208 Ὃς
3855 3147 3964 3214 γὰρ
3990 3145 4061 3198 ἂν

2484 3240 2614 3311 θέλῃ
2642 3220 2951 3309 τῆν’ψυχὴν
3008 3236 3173 3293 αὑτοῦ
3222 3237 3416 3301 σῶσαι,
3458 3238 3712 3291 ἀπολέσει
3765 3237 3967 3310 αὑτήν·
3999 3238 4061 3303 ὀς

2482 3330 2527 3385 δ’
2558 3332 2625 3383 ἀν
2654 3331 2892 3400 ἀπολέσῃ
2919 3330 3018 3396 τὴν
3045 3329 3223 3399 ψυχὴν
3267 3326 3431 3383 αὑτοῦ
3463 3329 3651 3381 ἐνεκεν
3680 3327 3815 3396 ἐμοῦ
3846 3330 3941 3381 καὶ
3964 3329 4059 3381 τοῦ

2482 3421 2839 3489 Εὐαγγελίου,
2874 3416 3025 3483 οὗτος
3066 3421 3229 3473 σώσει
3277 3421 3469 3489 αὑτήν.
3524 3419 3589 3471 Τί
3637 3420 3745 3490 γὰρ
3788 3419 4060 3491 ὠφελήσει

2481 3512 2766 3579 ἄνθρωπον
2790 3512 2884 3565 ἐὰν
2914 3513 3154 3583 κερδήσῃ
3174 3512 3267 3564 τὸν
3288 3512 3489 3579 κόσμον
3516 3511 3654 3575 ὅλον,
3683 3514 3777 3565 καὶ
3804 3510 4058 3583 ζημιωθῇ

2480 3602 2579 3673 τὴν
2628 3602 2804 3672 ψυχὴν
2862 3601 3025 3655 αὐτοῦ
3078 3605 3152 3672 ςῆ
3190 3604 3247 3655 τί
3307 3603 3466 3656 δώσει
3533 3603 3818 3673 ἄνθρωπος
3863 3606 4063 3659 ἀντάλ-

2486 3698 2673 3765 λαγμα
2706 3696 2806 3765 τῆς
2852 3696 3031 3765 ψυχῆς
3067 3695 3270 3762 αὐτούς
3319 3715 3337 3749 ι
3404 3697 3731 3767 Ἐπειδήπερ
3780 3697 3807 3747 ὀ
3857 3697 4062 3765 Πέτρος

2482 3786 2815 3856 ἐπετίμησεν
2848 3785 2995 3855 αὺτῷ
3024 3787 3100 3847 ὡς
3141 3786 3347 3839 θέλοντι
3378 3785 3782 3857 σταυρωθῆναι,
3821 3802 4064 3856 προσκα-

2484 3881 2657 3933 λεῖται
2695 3880 2784 3931 τὸν
2829 3880 3003 3947 ὄχλον,
3038 3878 3134 3932 καὶ
3166 3880 3223 3929 ἐν
3258 3879 3481 3948 ἐπηκόῳ
3517 3879 3757 3943 πάντων,
3806 3877 3944 3947 πρὸς
3971 3877 4062 3931 τὸν

2486 3973 2695 4044 Πέτρον
2716 3972 2777 4025 τδ
2796 3972 2954 4025 πλέον
2977 3973 3417 4041 ἀποτεινόμενος,
3442 3970 3594 4041 φησι·
3629 3967 3699 4021 Σύ
3725 3985 3814 4039 μοι
3843 3970 4055 4041 μέμφῃ.

2482 4057 2528 4118 ὦ
2558 4065 2753 4134 Πέτρε,
2774 4065 2853 4118 ὅτι
2874 4064 2968 4115 τὸν
2990 4062 3221 4129 σταυρὸν
3242 4062 3539 4132 αιροῦμαι;
3565 4060 3676 4129 ἐγὼ
3702 4060 3759 4113 ὀέ
3787 4078 3870 4113 σοι
3897 4060 4059 4129 λέγω,

2480 4158 2562 4211 ὅτι
2591 4157 2711 4210 οὑδέ
2758 4156 2822 4209 σὺ
2852 4156 2973 4210 ούδέ
3006 4155 3163 4217 ἄλλος
3194 4170 3277 4218 τις
3318 4153 3647 4219 σωθήσεται,
3692 4153 3787 4205 ἐάν
3818 4152 3896 4225 μὴ
3926 4153 4062 4205 ἀπο-

2480 4249 2616 4322 θάνῃ
2649 4248 2789 4319 ὑπὲρ
2816 4248 2911 4302 τοῦ
2942 4247 3111 4301 καλοῦ
3143 4247 3238 4301 καὶ
3267 4247 3363 4316 τῆς
3414 4246 3690 4315 ἀληθείας.
3728 4246 3867 4316 Ὅρα
3882 4246 3950 4326 εδέ
3979 4247 4060 4299 ὅτι

2478 4343 2577 4395 ούκ
2609 4340 2760 4396 εἶπεν
2788 4339 2884 4409 ὡς,
2915 4338 3031 4393 Κᾶν
3065 4339 3141 4409 μὴ
3175 4338 3303 4411 θέλῃ
3340 4356 3441 4403 τις,
3477 4338 3889 4408 ἀποθνησκέτω,
3921 4339 4056 4402 ἀλλ’,

2481 4434 2669 4496 Ὅστις
2698 4432 2862 4487 θέλει.
2894 4432 3095 4485 Οὐδένα
3128 4431 3257 4499 γὰρ,
3288 4430 3443 4501 φησὶ,
3478 4428 3753 4500 βιάζομαι.
3800 4429 3924 4481 Ἐπὶ
3954 4431 4059 4501 γὰρ

794 4536 849 4579 et
882 4525 952 4577 ita
976 4525 1022 4579 si
1054 4525 1174 4591 quis
1227 4537 1330 4577 non
1356 4523 1487 4587 vult,
1517 4537 1623 4577 non
1653 4534 1739 4578 est
1763 4524 1847 4578 bis
1884 4524 2103 4593 dignus.
2138 4524 2274 4589 Quid
2309 4524 2381 4579 sit
2411 4525 2491 4582 Dt

2362 4533 2381 4579 t
2411 4525 2456 4581 Ι)
2480 4526 2660 4595 ἀγαθά
2685 4526 2856 4590 καλῶ,
2885 4526 2985 4577 οὐκ
3012 4524 3102 4577 ἐπὶ
3138 4523 3305 4587 κακὰ,
3332 4522 3419 4575 ἵνα
3442 4522 3537 4576 καὶ
3572 4522 3891 4589 ἀναγκάσω·
3919 4521 4057 4577 ὥστε

795 4628 973 4673 autem
1006 4618 1279 4683 abnegare
1328 4617 1699 4685 semetipsum,
1741 4617 2033 4682 discemus,
2075 4617 2119 4671 si
2161 4616 2365 4673 didice-

799 4712 966 4764 rimus
991 4710 1119 4779 quid
1160 4710 1230 4764 sit
1264 4710 1535 4778 abnegare
1580 4710 1766 4761 alium.
1818 4707 1918 4773 Qui
1953 4710 2096 4761 enim
2138 4709 2370 4777 abnegat

796 4802 982 4867 alium,
1013 4804 1229 4857 fratrem
1290 4801 1557 4859 fortassis.
1612 4799 1692 4853 vel
1749 4798 2096 4865 familiarem,
2141 4802 2220 4852 vel
2271 4815 2367 4868 pa-

798 4904 958 4956 trem,
989 4895 1196 4949 etiamsi
1256 4892 1514 4962 ﬂagellari
1548 4891 1693 4944 illum
1725 4890 1918 4945 viderit
1948 4899 2001 4943 et
2034 4890 2228 4953 occidi,
2266 4906 2368 4945 non

794 4984 1049 5048 advertit,
1098 5001 1205 5038 non
1255 4986 1414 5048 dolet,
1465 4998 1569 5038 non
1618 4982 1946 5049 eompatitur
1994 4981 2160 5036 semel
2210 4981 2279 5035 ab
2308 4997 2373 5035 eo

794 5079 1065 5133 alienatus
1102 5096 1114 5131 :
1148 5079 1226 5133 sic
1275 5092 1488 5146 quoque
1518 5086 1570 5127 et
1613 5090 1713 5130 nos
1745 5073 1857 5127 vult
1905 5089 2099 5143 corpus
2130 5082 2371 5127 nostrum

794 5171 1095 5237 despicere,
1132 5178 1185 5223 ut
1220 5169 1334 5237 sive
1366 5167 1597 5237 flagella,
1633 5166 1747 5225 sive
1787 5165 1929 5219 aliud
1955 5164 2080 5234 quid
2117 5163 2371 5234 patiatur.

802 5278 868 5317 ne
900 5262 973 5318 illi
1010 5276 1323 5331 parcamus.
1380 5258 1552 5316 Tollat
1602 5267 1777 5312 autem
1810 5271 2063 5321 crucem,
2118 5256 2218 5309 hoc
2270 5265 2371 5319 est,

800 5354 1211 5423 ignominiosam
1251 5360 1509 5415 nionem.
1547 5350 1905 5419 lgnominiosa
1954 5348 2096 5402 enim
2132 5357 2259 5401 tunc
2291 5348 2374 5398 vi-

792 5446 1029 5497 debatur
1057 5459 1209 5496 crux.
1250 5442 1517 5499 Pranerea
1552 5442 1679 5511 quia
1719 5442 1867 5493 multi
1903 5440 1955 5493 in
2002 5454 2216 5493 crucem
2255 5454 2378 5509 age—

812 5539 1011 5592 bantur
1042 5537 1303 5601 latrones,
1333 5537 1481 5592 addit
1506 5537 1653 5604 quod
1690 5548 1807 5587 cum
1840 5531 2188 5589 cruciﬁaione
2212 5532 2376 5586 etiam

798 5645 1019 5683 omnem
1057 5630 1220 5683 aliam
1273 5629 1519 5683 virtutem
1579 5626 1793 5682 habeat.
1857 5623 1970 5684 Hoc
2002 5625 2143 5678 enim
2174 5632 2276 5689 cst,
2312 5622 2380 5677 Et

800 5733 1059 5789 sequatur
1090 5737 1196 5777 me.
1233 5722 1300 5773 At
1330 5722 1580 5789 quoniam
1616 5733 1776 5788 grave
1809 5717 1909 5772 hoc
1943 5730 2060 5771 esse
2104 5716 2379 5770 videbatur

802 5822 858 5866 et
884 5816 1096 5872 crudele
1124 5815 1267 5885 quod
1302 5816 1528 5883 imperat
1560 5821 1617 5864 ut
1650 5826 1745 5865 nos
1780 5809 1933 5864 morti
1966 5820 2375 5877 exponeremus,

2470 4618 2526 4671 εῐ
2548 4634 2631 4681 τις
2664 4617 2725 4671 οὐ
2750 4617 2916 4681 θέλει,
2941 4616 3061 4669 οὺδέ
3082 4614 3231 4681 ἄξιός
3266 4618 3380 4668 ἐστι
3418 4613 3645 4667 τούτων.
3675 4612 3739 4664 Τί
3769 4613 3827 4666 δέ
3856 4616 3975 4667 ἐστι
3999 4615 4060 4670 τὺ

2469 4707 2889 4779 ἀπαρνήσασθαι
2912 4706 3123 4769 ἑαυτὸν,
3141 4705 3313 4767 οὕτως
3335 4704 3401 4757 ἂν
3422 4700 3708 4773 μάθοιμεν,
3728 4704 3823 4757 ἐάν
3846 4703 4057 4771 γνῶμεν

2471 4800 2523 4854 τί
2554 4801 2669 4853 ἐστι
2702 4798 2763 4851 τὸ
2791 4795 3133 4867 ἀρνήσασθαι
3162 4794 3370 4865 ἕτερον.
3414 4794 3470 4847 'U
3491 4793 3824 4862 ἀρνούμενος
3853 4795 4053 4866 ἓτερον,

2472 4890 2697 4955 ἀδελφὸν
2721 4888 2899 4957 τυχὸν,
2929 4885 3217 4955 ἢοίκέτην,
3236 4884 3268 4954 ἢ
3290 4885 3525 4953 πατέρα,
3541 4883 3643 4936 κᾶν
3662 4884 4055 4956 μαστιζόμενον

2476 4978 2705 5041 ἴδοι,κάν
2724 4976 3207 5045 φονευόμενον,οὑκ
3220 4974 3631 5042 ἐπιστρέφεται,
3648 4974 3709 5025 ού
3726 4991 3787 5025 συ
3796 4976 4051 5045 μπάσχει,

2478 5069 2573 5123 ἆτε
2605 5067 2752 5131 ἅπαξ
2782 5065 3183 5137 ἀλλοτριωθείς.
3221 5064 3408 5129 Οὕτως
3448 5060 3541 5118 οὖν
3567 5066 3662 5133 καὶ
3688 5066 3836 5135 ἡμᾶς
3872 5064 4054 5135 βούλε-

2476 5176 2565 5213 ται
2596 5160 2688 5212 τοῦ
2732 5160 3002 5229 ἡμετέρου
3039 5158 3291 5227 σώματος
3319 5157 3582 5226 ἀφειδεῖν,
3614 5157 3700 5209 ῐνα
3729 5157 3835 5210 κᾶν
3870 5160 4054 5227 μαστίο

2479 5252 2635 5316 ζωσι,
2681 5252 2783 5307 κᾶν
2810 5250 2989 5304 ὀτιοῦν
3022 5251 3237 5315 ποιῶσι,
3273 5250 3351 5321 μὴ
3374 5248 3709 5318 φειδώμεθα.
3765 5250 3976 5318 Ἀράτω
4001 5250 4052 5302 δὲ

2478 5342 2566 5395 τὸν
2624 5342 2876 5414 σταυρὸν,
2930 5340 3200 5405 τουτέστι,
3246 5340 3337 5393 τὸν
3376 5340 3735 5392 ἐπονείδιστον
3791 5339 4044 5392 θάνατον·

2479 5432 2839 5493 ἐπονείδιστος
2890 5431 2999 5499 γὰρ
3046 5431 3223 5483 ἐδόκει
3297 5431 3416 5484 τότε
3462 5430 3773 5501 ὀσταυρός.
3826 5430 4059 5485 Ἐπεὶδέ

2480 5525 2666 5583 πολλοὶ
2702 5526 3066 5595 σταυροῦνται
3093 5526 3181 5578 διὰ
3202 5526 3262 5578 τὸ
3290 5526 3483 5597 λῃσταὶ
3514 5521 3675 5592 εἶναι,
3706 5524 4059 5595 προστίθησιν

2481 5619 2561 5671 ὅτι
2593 5620 2730 5686 μετά
2755 5618 2848 5671 τοῦ
2888 5618 3289 5689 σταυρωθῆναι.
3313 5621 3408 5671 καὶ
3432 5618 3531 5686 τὴν
3557 5616 3951 5686 ἀλληνάρετὴν
3978 5616 4060 5670 δεῖ

2485 5711 2649 5780 ἔχειν.
2710 5712 2880 5765 Τοῦτο
2930 5690 3035 5783 γάρ
3088 5714 3202 5764 ἐστι
3249 5712 3330 5773 τὸ,
3398 5712 3509 5764 Καὶ
3546 5709 3910 5763 ἀκολουθείτω
3947 5724 4055 5777 μοι.

2498 5806 2649 5857 Ἐπεὶ
2676 5805 2729 5857 δὲ
2758 5806 2925 5859 ἐδόκει
2952 5806 3088 5875 βαρὺ
3115 5803 3250 5859 εἶναι
3277 5803 3431 5856 τοῦτο
3462 5804 3551 5858 καί
3581 5803 3810 5872 ἀπηνὲς,
3844 5802 3870 5854 ὃ
3899 5816 4057 5870 προσ-
