4272 6438
737 381 832 444 ιρι
1643 375 2220 440 THEOPHYLACTI
2262 374 2424 436 BULl

2278 373 2671 438 BULGARIJE
2710 374 3068 442 ARCHIEP.
3858 381 3965 446 592

732 495 951 549 nomine
982 508 1120 556 meo.
1149 493 1329 546 statim
1365 491 1560 560 poterit
1591 492 1658 544 de
1691 506 1777 546 me
1801 490 1940 544 male
1971 488 2137 557 loqui.
2163 485 2295 540 Nam
2326 493 2372 548 Α
2398 498 2419 550 Ί

2293 509 2295 539 ι
2326 493 2372 548 Α
2398 482 2527 552 γάρ,
2557 483 2739 550 φησὶν,
2765 485 2940 548 οὐδεὶς
2969 486 3078 557 γάρ
3102 485 3392 558 δυνήσεται
3430 491 3564 558 ταχὺ
3608 491 3980 561 κακολογῆσαί

729 602 837 656 quo
859 597 1012 656 pacto
1040 584 1174 639 male
1205 585 1510 651 loqueretur
1531 583 1597 638 de
1628 597 1732 645 me,
1768 582 1856 651 qui
1885 593 2078 635 nomen
2115 591 2292 631 meum
2401 591 2416 645 ι

2290 601 2292 629 ι
2401 590 2487 645 με,
2513 574 2570 637 ὃς
2593 576 2809 644 ποιήσει
2835 576 3063 647 δύναμιν
3092 579 3185 633 ἐπὶ
3213 581 3289 649 τῷ
3313 579 3536 651 ὀνόματί
3563 599 3688 652 μου.
3720 584 3844 644 Πῶς
3869 586 3977 654 γάρ

730 681 780 732 in
819 679 1155 734 occasioitem
1198 675 1382 744 gloria:
1426 673 1692 742 praetexit,
1729 682 1783 726 et
1825 666 2124 724 Invocando
2165 664 2292 719 illud
2395 664 2417 718 ὃ

2288 666 2292 718 Ι
2395 664 2461 719 ἃν
2491 666 2877 738 κακολογήσειέ
2913 669 2979 738 με
3012 673 3040 722 ό
3062 671 3122 724 τδ
3167 671 3342 741 ὄνομά
3378 691 3480 741 μου
3523 675 3778 746 άφορμὴν
3813 676 3975 744 δόξης

727 778 984 837 operatur
1026 767 1193 821 mira?
1242 763 1468 819 Videtur
1517 775 1693 818 autem
1747 759 2001 814 Dominus
2033 757 2132 810 sibi
2166 771 2292 808 con-
2395 757 2414 806 ἐ

2286 784 2292 795 ι
2395 757 2564 826 ἔχων,
2629 757 2723 811 καὶ
2784 759 2870 811 διά
2926 759 3022 812 τοῦ
3062 762 3438 816 ἐπικαλεῖσθαι
3500 764 3655 817 τοῦτο
3721 767 3973 832 θαυματ-

727 858 1014 912 tradicere.
1046 857 1418 929 Dixeratenim
1443 855 1596 907 :tlibi:
1628 870 1645 902 ι
1679 850 1780 916 Qui
1810 864 1916 902 non
1947 857 2030 902 est
2055 859 2289 914 mecum,
2392 863 2414 895 ο

2288 887 2289 896 η
2392 845 2602 921 ονργῶν
2653 846 2804 917 (70);
2851 849 3009 929 Δοκεῖ
3070 851 3127 903 δὲ
3180 853 3398 906 ἐναντία
3447 853 3628 921 λέγειν
3681 857 3709 908 ό
3773 855 3975 926 Κύριος

724 961 909 1004 contra
963 964 1047 1001 me
1077 959 1153 1002 est
1190 966 1202 1002 :
1243 968 1261 1000 ι
1299 926 1438 1000 nunc
1463 946 1589 998 dicit
1622 962 1633 997 :
1674 963 1690 995 ι
1731 943 1830 1009 Qui
1859 956 1963 994 non
1991 949 2071 995 est
2099 945 2287 992 contra
2394 939 2411 988 ἐ

2285 976 2287 986 ι
2394 938 2591 1006 ἐαυτῷ.
2641 926 2901 1010 Ἀλλαχὸῦ
2931 943 3038 1010 γὰρ
3068 943 3258 1008 εἰπὼν,
3287 966 3304 996 ι
3347 947 3408 998 '0
3442 948 3514 1015 μὴ
3545 946 3623 999 ὢν
3660 949 3778 1016 μετ’
3815 947 3972 1018 ἐμοῦ⁹

725 1057 843 1106 nos,
871 1056 966 1112 pro
1001 1043 1154 1095 nobis
1183 1050 1282 1094 est.
1311 1058 1328 1088 ι
1366 1037 1627 1090 Videntur
1661 1035 1877 1103 quidem
1907 1033 2021 1087 lier
2052 1031 2284 1091 diversa,
2393 1047 2412 1082 ι

2283 1070 2284 1081 η
2393 1032 2514 1082 κατ’
2536 1031 2666 1100 ἐμοῦ
2690 1033 2826 1096 ἐστι,
2861 1052 2878 1085 ι
2901 1033 2994 1085 νῦν
3017 1033 3194 1101 λέγει,
3220 1055 3238 1086 ι
3270 1039 3362 1098 ‘0;
3387 1039 3485 1089 οὐκ
3510 1038 3626 1089 ἐστι
3650 1039 3770 1092 καθ’
3791 1040 3970 1108 ἡμῶν,

723 1149 830 1187 non
856 1141 981 1187 sunt
1010 1143 1206 1196 autem.
1241 1130 1369 1183 Nam
1405 1145 1523 1182 cum
1557 1129 1711 1192 dicit,
1748 1146 1764 1177 ι
1804 1127 1900 1190 Qui
1929 1140 2032 1179 non
2068 1131 2286 1176 estme-
2392 1126 2410 1177 ε

2285 1154 2286 1157 η
2392 1125 2532 1195 ὑπὲρ
2558 1127 2712 1196 ἡμῶν
2745 1129 2881 1182 ἐστι.
2918 1146 2936 1179 ι
2971 1129 3231 1182 Δοκοῦσιν
3257 1131 3349 1184 οῦν
3375 1131 3550 1185 ταῦτα
3578 1134 3826 1186 ἐναντία·
3865 1136 3972 1186 οῦκ

722 1240 842 1279 cum
875 1265 890 1289 ,
933 1235 1116 1278 contra
1171 1239 1254 1276 me
1307 1235 1387 1275 est
1419 1223 1462 1252 ³⁷
1498 1263 1510 1284 ,
1553 1221 1616 1272 du
1667 1217 1996 1271 daemonibus
2065 1223 2147 1268 est
2208 1212 2287 1263 di-
2389 1233 2409 1268 ε

2283 1243 2287 1255 ι
2389 1217 2499 1268 εἰσὶ
2525 1216 2602 1270 δέ.
2636 1217 2708 1270 Τὸ
2736 1219 2836 1286 μὲν
2867 1219 3024 1290 γὰρ,ι
3059 1221 3120 1272 '0
3146 1221 3218 1290 μὴ
3239 1221 3311 1272 ὢν
3343 1223 3460 1292 μετ’
3492 1225 3652 1292 ἐμοῦ,
3687 1224 3807 1276 κατ’
3836 1225 3970 1293 ἐμοῦ

724 1325 896 1380 ctum,
932 1317 1022 1384 qui
1061 1316 1276 1367 student
1307 1329 1332 1364 ιι
1367 1313 1560 1363 divinis
1583 1310 1894 1362 abstrahere
1916 1346 1931 1368 ,
1961 1315 2015 1359 et
2047 1319 2163 1372 quae
2190 1303 2282 1355 Dei
2388 1307 2411 1358 ὲ

2388 1307 2524 1371 ἐστι,
2564 1325 2582 1359 ι
2627 1309 2755 1378 περὶ
2782 1309 3054 1379 δαιμόνων
3097 1313 3336 1381 ετρηται,
3361 1312 3470 1365 τῶν
3497 1313 3604 1366 ἀπὸ
3631 1304 3787 1366 Θεοῦκ
3804 1315 3971 1382 ἀφίλ-

720 1418 865 1467 sunt,
899 1408 1226 1475 dispergere.
1253 1404 1405 1468 Quod
1440 1412 1615 1455 autem
1653 1415 1814 1463 nunc,
1853 1399 2052 1452 dictum
2086 1397 2152 1450 de
2189 1397 2284 1446 ho-
2387 1415 2407 1452 θ

2278 1424 2284 1435 ’
2387 1415 2504 1452 κειν
2534 1400 2944 1463 σπουδαζόντων
2989 1407 3084 1456 καὶ
3136 1403 3539 1473 σκορπιζόντων
3587 1407 3657 1458 τά
3681 1406 3774 1458 τοῦ
3805 1405 3965 1461 Θεοῦ.

719 1499 972 1561 minibus,
1006 1499 1094 1567 qui
1144 1498 1208 1549 ad
1239 1495 1402 1548 Deum
1444 1493 1699 1562 quosdam
1747 1491 2020 1546 adducunt
2049 1502 2146 1558 per
2183 1487 2282 1539 Ilil-
2387 1492 2406 1542 'l

2387 1490 2458 1542 Τὸ
2477 1491 2534 1544 δὲ
2564 1491 2659 1544 νῦν
2691 1493 2855 1563 ῥηθὲν
2914 1495 3041 1563 περὶ
3071 1495 3395 1566 ἀνθρώπων,
3428 1497 3536 1548 τῶν
3571 1497 3771 1566 μᾶλλον
3800 1514 3969 1568 προσ-

716 1592 1018 1647 raculorum
1049 1588 1436 1656 operationem.
2340 1605 2342 1608 ν
2385 1599 2403 1633 a

2340 1605 2342 1608 ν
2385 1581 2625 1649 αγόντων
2674 1583 2826 1644 τινὰς
2861 1585 2939 1654 τῷ
2983 1585 3100 1654 Θεῷ
3133 1587 3223 1638 διὰ
3256 1587 3351 1639 τοῦ
3386 1587 3639 1658 θαύματα
3677 1589 3967 1641 ἐπιτελεῖν.

782 1683 947 1737 Vens.
981 1682 1070 1742 40,
1091 1682 1175 1735 41.
1203 1699 1220 1731 ι
1257 1679 1507 1748 Quisquis
1537 1680 1679 1732 enim
1713 1678 1777 1731 ad
1809 1675 2099 1731 bibendum
2124 1675 2188 1724 de
2210 1675 2282 1726 'e-
2458 1693 2469 1727 ι

2458 1693 2477 1727 ι
2518 1677 2612 1738 Ὃς
2659 1676 2769 1746 γάρ
2810 1677 2876 1731 ἂν
2911 1680 3106 1749 ποτίσῃ
3158 1680 3304 1746 ὑμᾶς
3355 1683 3616 1750 ποτήριον
3668 1681 3861 1743 ὓδατος
3911 1681 3971 1732 ἐν

713 1778 783 1830 rit
816 1776 969 1829 vobis
1007 1775 1229 1828 calicem
1278 1787 1426 1841 aqua:
1473 1773 1523 1824 in
1557 1771 1776 1825 nomine
1813 1783 1951 1833 meo,
1988 1783 2126 1836 quos.
2163 1766 2280 1820 sitis
2309 1822 2352 1841 ἢ
2383 1781 2400 1816 1

2309 1822 2352 1841 ἢ
2383 1764 2460 1834 τῷ
2489 1766 2710 1835 ὀνόματί
2740 1783 2866 1836 μου,
2898 1769 2982 1820 ὄτι
3014 1770 3252 1838 Χριστοῦ
3279 1771 3420 1835 ἐστε,
3458 1770 3606 1840 ἀμὴν
3633 1771 3780 1837 λέγω
3812 1772 3967 1840 ὑμῖν,

712 1867 911 1919 Christi
954 1883 967 1918 :
1006 1877 1160 1917 amen
1214 1822 1340 1917 dicti
1378 1863 1546 1920 vobis.
1581 1822 1951 1930 nequaquam.
1975 1822 2279 1927 perditurus
2308 1822 2355 1881 Β
2381 1874 2399 1908 ι

2308 1822 2355 1881 Β
2381 1822 2443 1910 οῦ
2474 1859 2546 1930 μὴ
2569 1822 2806 1930 ἀπολέσῃ
2832 1822 2923 1912 τὸν
2959 1822 3152 1930 μισθὸν
3201 1860 3387 1914 αὐτοῦ.
3407 1822 3625 1925 ’καὶ-ῦς
3796 1822 3966 1916 asin:

709 1967 786 2011 est
827 1955 1126 2008 mercedem
1169 1969 1339 2006 suam.
1399 1952 1457 2004 Et
1497 1953 1744 2021 quisquis
1789 1949 2073 2005 oﬂ'enderit
2115 1963 2277 2001 unum
2377 1949 2396 2002 ί

2377 1949 2567 2020 δαλίση
2611 1951 2709 2005 Eva
2753 1951 2862 2004 τῶν
2905 1951 3128 2021 μικρῶν
3157 1952 3268 2004 τῶν
3317 1954 3684 2007 πιστευόντων
3733 1957 3815 2016 είς
3843 1955 3966 2024 ἐμὲ,

709 2065 772 2102 ex
817 2048 1023 2118 pusillis
1051 2049 1138 2114 qui
1173 2045 1450 2098 conﬁdunt
1494 2047 1542 2097 in
1582 2059 1686 2108 me,
1719 2043 1914 2096 melius
1949 2041 2087 2096 foret
2117 2041 2193 2095 illi
2231 2041 2274 2094 si
2379 2059 2396 2092 ι

2379 2041 2542 2093 καλόν
2573 2043 2722 2094 ἐστιν
2745 2041 2894 2111 αὐτῷ
2933 2043 3156 2111 μᾶλλον,
3207 2044 3252 2095 εί
3291 2043 3600 2110 περίκειται
3629 2044 3775 2109 λίθος
3804 2046 3966 2115 μυλι-

707 2139 1133 2194 rircumdaretur
1169 2153 1358 2190 saxum
1391 2138 1593 2190 mulare
1643 2136 1789 2189 circa
1841 2135 2104 2188 cervicem
2136 2134 2274 2204 ejus,
2377 2149 2394 2185 ι

2377 2133 2472 2195 κὸς
2504 2135 2631 2202 περὶ
2659 2133 2751 2185 τδν
2798 2134 3070 2202 τράχηλον
3098 2134 3288 2198 αὑτοῦ,
3315 2136 3407 2188 καὶ
3439 2135 3702 2206 βέϐληται
3747 2139 3832 2201 είς
3857 2139 3965 2213 τὴν

705 2244 758 2285 et
793 2231 1118 2300 abjiceretur
1163 2231 1214 2282 in
1265 2244 1429 2281 mare.
1479 2249 1496 2278 ι
1540 2227 1650 2280 Non
1693 2226 1888 2290 solum,
1945 2225 2140 2294 inquit,
2195 2225 2275 2278 l'u-
2377 2223 2392 2276 ε

2377 2223 2671 2291 θάλασσαν.
2712 2244 2730 2275 ι
2754 2225 2829 2278 Οὐ
2864 2225 3022 2294 μόνον
3092 2228 3248 2294 φησδ,
3282 2227 3370 2278 τὸν
3403 2227 3662 2296 δυνάμεις
3706 2226 3966 2281 ποιοῦντι

705 2323 904 2373 cientes
928 2319 1176 2372 virtutem
1203 2318 1253 2371 in
1279 2320 1494 2372 no:niuc
1529 2333 1669 2382 meo,
1707 2332 1810 2369 non
1845 2316 2104 2384 prohibeo
2135 2333 2146 2368 :
2181 2315 2273 2369 sed
2375 2315 2392 2366 ἐ

2375 2315 2433 2366 ἐν
2465 2313 2542 2382 τῷ
2569 2314 2794 2384 ὀνόματί
2829 2332 2932 2383 μου
2963 2315 3025 2367 οὐ
3079 2316 3298 2376 κωλύω.
3346 2316 3483 2370 ἀλλά
3511 2315 3615 2371 κᾶν
3646 2333 3731 2379 τις
3771 2316 3961 2387 ἐλάχι-

703 2411 746 2463 si
793 2410 914 2479 quis
964 2409 1244 2461 tniuitnum
1295 2407 1547 2477 quiddam
1601 2405 1808 2459 dederit
1865 2403 2014 2458 vobis
2057 2401 2276 2472 propter
2387 2427 2390 2449 ι

2274 2420 2276 2430 '
2387 2404 2512 2456 στόν
2529 2421 2581 2458 τι
2601 2405 2766 2458 δώσει
2791 2406 2920 2474 ὑμῖν
2949 2405 3038 2460 διὰ
3053 2407 3112 2459 τὸ
3135 2406 3266 2474 ἐμὸν
3287 2405 3481 2476 δνομα,
3508 2408 3603 2460 καὶ
3620 2407 3961 2478 ἀποδέξηται

701 2515 899 2554 numen
933 2515 1131 2563 meum,
1185 2509 1237 2553 ct
1273 2499 1572 2566 susceperit
1615 2511 1707 2550 vos
1747 2505 1966 2566 propter
1997 2509 2102 2559 me,
2162 2509 2268 2549 non
2375 2496 2388 2547 i

2375 2496 2518 2565 ὑμᾶς
2549 2495 2616 2548 δι’
2650 2495 2772 2564 ἐμὲ,
2805 2497 2866 2550 οὐ
2900 2496 2967 2549 δι’
2999 2497 3350 2567 ἀνθρωπίνην
3397 2498 3558 2567 χάριν
3588 2498 3620 2569 ἢ
3659 2499 3960 2569 κοσμικὴν,

701 2601 918 2660 propter
952 2591 1244 2644 humanam
1278 2591 1533 2660 gratiam,
1584 2589 1666 2642 vel
1705 2588 2059 2650 mundanam,
2094 2586 2272 2641 neuti-
2372 2602 2388 2640 ι

2372 2587 2436 2643 οὐ
2469 2587 2544 2658 μὴ
2577 2587 2822 2658 ἀπολέσῃ
2863 2588 2954 2642 τὸν
2996 2588 3187 2658 μισθὸν
3212 2589 3398 2642 αὑτοῦ.
3437 2585 3574 2643 Eine
3607 2589 3664 2643 δέ
3697 2589 3757 2643 τὸ
3791 2592 3965 2660 ποτή-

699 2698 860 2751 quam
907 2683 1096 2752 perdet
1126 2683 1430 2736 tnercedcm
1455 2694 1628 2734 suam.
1667 2678 1808 2732 Dixit
1837 2687 2014 2733 autem
2046 2677 2272 2732 calicem
2378 2700 2386 2751 ι

2378 2697 2491 2751 ριον
2530 2679 2624 2733 τοῦ
2671 2678 2882 2745 ὓδατος,
2919 2681 3006 2734 διά
3040 2681 3166 2744 τοῦς
3201 2681 3708 2752 προφασιζομένους
3735 2681 3838 2753 τὴν
3869 2699 3969 2736 πε-

699 2791 874 2840 aquae,
933 2784 1152 2844 propter
1207 2789 1301 2828 eos
1372 2773 1460 2841 qui
1523 2781 1891 2840 paupertatem
1930 2767 2271 2840 praetexunt.
2373 2789 2386 2822 η

2373 2771 2513 2823 νίαν.
2531 2770 2651 2824 Κᾶν
2678 2769 2809 2840 γάρ,
2836 2773 2990 2842 φησὶ,
3018 2774 3272 2842 ποτήριον
3291 2772 3479 2834 ὕδατος
3500 2771 3716 2835 δώσεις,
3729 2772 3791 2826 τδ
3811 2773 3963 2826 etin-

700 2864 876 2919 Etiam
905 2865 949 2919 si
976 2864 1221 2924 calicem.
1265 2865 1460 2930 inquit,
1509 2877 1661 2931 aqua;
1693 2861 1908 2916 dederis
1951 2859 2275 2928 contempti-
2372 2860 2387 2913 i

2272 2888 2275 2897 ν
2372 2860 2648 2928 λέστατον,
2683 2862 2804 2916 οὺδέ
2833 2863 2991 2916 τοῦτο
3039 2864 3353 2926 ἀπολέσεις.
3394 2860 3614 2935 Ὠσπερ
3642 2865 3700 2918 δὲ
3730 2865 3828 2919 ἐὰν
3857 2865 3959 2920 ενα

697 2956 879 3020 bilem,
925 2971 1100 3026 neque
1139 2957 1284 3009 illum
1324 2958 1535 3024 perdes.
1575 2952 2039 3022 Quemadmodum
2089 2962 2271 3007 autem
2371 2971 2384 3001 ε

2371 2954 2480 3008 τῶν
2520 2955 2733 3025 μικρῶν
2782 2958 3044 3028 τιμήσῃς,
3097 2958 3416 3025 εὐαρεστεῖς
3448 2956 3526 3026 τῷ
3579 2957 3722 3028 Θεῷ,
3783 2958 3960 3023 οὕτως

695 3049 740 3099 si
775 3063 939 3100 unum
994 3063 1055 3099 ex
1112 3048 1287 3115 parvis
1327 3046 1700 3110 |t0uoruvcris,
1746 3054 1932 3114 gratus
1965 3046 2073 3100 eris
2107 3045 2221 3100 Deo
2251 3081 2267 3108 ,
2371 3048 2382 3099 l

2371 3048 2468 3101 ἐάν
2517 3047 2614 3102 ἕνα
2640 3048 2750 3100 τῶν
2781 3048 2993 3119 μικρῶν
3040 3049 3422 3119 σκανδαλίσῃς,
3453 3049 3733 3104 τουτέστιν
3762 3053 3962 3121 ἀτιμά·

699 3140 774 3190 sic
796 3139 838 3191 si
868 3151 1032 3190 unum
1064 3152 1129 3189 ex
1165 3137 1342 3203 parvis
1386 3135 1860 3201 scandalizaveris,
1891 3136 1994 3190 hoc
2021 3146 2126 3200 est,
2170 3135 2267 3189 de-
2297 3172 2338 3230 Ο
2374 3157 2386 3190 ‹

2297 3172 2338 3230 C
2374 3156 2492 3210 σῃς,
2543 3139 2932 3213 ὐποσκελίσῃς,
2981 3142 3255 3214 συμφέρει
3304 3160 3408 3209 σοι,
3461 3145 3509 3198 εί
3559 3143 3726 3213 μύλος
3779 3145 3962 3210 ὀνικὸς

695 3230 960 3297 spcxeris,
1009 3228 1317 3292 offenderis,
1348 3231 1623 3298 expediret
1655 3230 1750 3284 tibi
1777 3231 1821 3284 si
1857 3228 1998 3285 mola
2031 3229 2265 3284 asinaria
2313 3228 2322 3230 '
2371 3232 2382 3283 l

2313 3228 2322 3230 Ὗ
2371 3231 2686 3303 ἐκρεμάσθη
2712 3250 2805 3286 σου
2823 3234 2878 3287 ἐν
2896 3233 2974 3303 τῷ
2991 3235 3268 3305 τραχήλῳο
3293 3234 3510 3306 χείρονα
3535 3237 3666 3305 γάρ,
3686 3237 3761 3299 ὡς
3788 3237 3959 3300 ἔοικε,

693 3323 759 3375 de
783 3323 923 3376 collo
947 3331 1036 3376 tuo
1061 3324 1507 3391 suspenderetur.
1543 3323 1845 3392 graviorem
1873 3323 2017 3376 enim
2047 3335 2262 3392 pinnam
2368 3341 2380 3371 ι

2368 3323 2638 3392 τιμωρίαν
2674 3325 3116 3395 ὑποστησόμεθα.
3161 3328 3437 3398 Αίσθητὴν
3474 3328 3534 3382 δὲ
3570 3328 3846 3402 τιμωρίαν
3876 3326 3958 3383 εἴ·

694 3412 1098 3467 sustinebitnus.
1166 3411 1431 3465 Seusilnle
1481 3423 1662 3465 autent
1733 3412 2057 3481 supplicium
2102 3411 2262 3475 dixit,
2370 3434 2381 3467 ι

2370 3433 2492 3480 πεν,
2535 3416 2784 3484 ἐκφοϐῶν
2815 3419 2957 3487 ἡμᾶς
3005 3418 3094 3474 διὰ
3124 3418 3318 3473 τούτου
3371 3418 3466 3473 τοῦ
3515 3419 3780 3490 αἰσθητοῦ
3819 3421 3957 3473 ὑπο-

694 3515 901 3558 tcrrens
929 3519 1026 3558 nos
1055 3520 1150 3573 per
1183 3504 1284 3557 hoc
1329 3504 1585 3558 sensibile
1613 3504 1908 3571 exemplar.
2366 3507 2381 3559 ί

992 3519 1026 3557 ’8
1055 3520 1150 3573 per
1183 3504 1284 3557 hoc
1329 3504 1585 3558 sensibile
1613 3504 1908 3571 exemplar.
2366 3507 2679 3576 δείγματος.

765 3596 926 3651 Vens.
958 3597 1144 3650 ιε-ιο.
1191 3614 1207 3646 t
1256 3597 1319 3649 Et
1345 3598 1387 3650 si
1422 3599 1514 3650 tibi
1556 3596 1717 3650 fuerit
1754 3597 2038 3651 obstaculo
2069 3613 2263 3652 manus
2445 3619 2452 3646 ι

2445 3618 2462 3648 ι
2502 3599 2610 3651 Καὶ
2652 3598 2746 3651 ἐὰν
2778 3598 3109 3668 σκανδαλίζῃ
3155 3615 3215 3652 σε
3260 3600 3292 3668 η
3339 3600 3464 3668 χείρ
3509 3615 3627 3662 σου,
3674 3601 3957 3670 ἀπόκοψον

689 3698 804 3756 tua,
835 3700 1050 3758 amputa
1096 3689 1264 3742 illam.
1312 3688 1517 3741 Bonum
1547 3701 1628 3744 est
1658 3689 1752 3742 tibi
1790 3691 2036 3742 mutilum
2075 3691 2140 3742 ad
2181 3691 2264 3741 vi-
2366 3709 2376 3742 ‹

2366 3692 2554 3761 αὐτήν.
2581 3691 2759 3745 Καλόν
2784 3692 2864 3743 σοί
2897 3694 3013 3744 ἐστι
3039 3691 3233 3745 κυλλὸν
3263 3694 3342 3754 είς
3369 3693 3467 3762 τὴν
3496 3692 3643 3762 ζωὴν
3665 3694 3954 3758 είσελθεῖν,

689 3795 800 3836 tant
851 3782 1078 3852 ingredi,
1116 3783 1296 3852 potius
1331 3799 1490 3852 quam
1539 3783 1678 3836 duas
1723 3799 1914 3837 manus
1970 3784 2259 3837 habentem
2367 3782 2376 3831 ἱ

2367 3781 2396 3849 ἢ
2426 3780 2524 3844 τάς
2545 3780 2640 3833 δύο
2669 3783 2860 3850 χεῖρας
2897 3782 3112 3850 ἔχοντα,
3152 3781 3408 3834 ἀπελθεῖν
3437 3781 3517 3843 είς
3556 3781 3655 3851 τὴν
3700 3782 3954 3848 γέενναν,

689 3875 839 3927 abire
887 3875 939 3927 in
993 3875 1316 3943 gehennam,
1387 3876 1438 3928 in
1495 3876 1673 3944 ignem
1744 3876 2256 3946 ittexstiuguibilem,
2363 3888 2376 3923 ι

2363 3873 2442 3934 είς
2490 3873 2548 3924 τὸ
2576 3870 2688 3941 πῦρ
2718 3872 2777 3925 τὸ
2807 3872 3091 3938 άτσεστον,
3133 3873 3268 3925 ὅπου
3309 3874 3336 3924 ό
3372 3871 3589 3942 σκώληξ
3652 3873 3837 3926 αὐτῶν
3888 3875 3950 3926 οῦ

689 3966 773 4018 ubi
807 3967 1007 4019 verutis
1037 3967 1247 4018 illorum
1276 3981 1378 4020 nou
1405 3968 1656 4029 moritur,
1679 3978 1733 4021 et
1756 3967 1892 4036 ignis
1921 3981 2026 4020 non
2052 3968 2253 4020 exstiti.
2362 3981 2376 4014 π

2362 3963 2605 4032 τελευτᾷ,
2649 3966 2743 4016 καὶ
2773 3964 2832 4016 τὸ
2886 3964 2998 4033 πῦρ
3030 3966 3091 4016 οὑ
3136 3965 3444 4018 σῦἐννυται.
3472 3966 3582 4017 Καὶ
3634 3965 3780 4018 δάνό
3819 3965 3953 4031 ποῦς

687 4060 886 4127 guitur.
926 4058 986 4112 Et
1021 4060 1064 4114 si
1095 4076 1188 4128 pes
1222 4070 1344 4114 tuus
1380 4059 1540 4114 luerit
1577 4061 1672 4114 tibi
1698 4060 1998 4125 obstaculo,
2039 4070 2255 4128 amputa
2365 4073 2374 4103 <

2365 4071 2457 4105 σου
2501 4056 2831 4127 σκανδαλίζῃ
2858 4073 2938 4116 σε,
2964 4056 3239 4125 ἀπόκοψον
3271 4056 3459 4119 αὑτὸν,
3494 4057 3657 4109 καλὸν
3691 4060 3773 4111 σοί
3800 4061 3955 4112 ἐστιν

686 4151 836 4203 illum
869 4167 881 4201 :
918 4150 1114 4204 bonum
1147 4160 1228 4201 est
1255 4149 1347 4204 tibi
1377 4159 1433 4203 ut
1465 4152 1784 4220 ingrediaris
1815 4151 1880 4203 ad
1923 4152 2086 4203 vitam
2117 4151 2259 4204 clau-
2361 4165 2373 4197 ε

2361 4146 2621 4199 εἰσελθεῖν
2660 4148 2740 4209 είς
2785 4147 2882 4216 τὴν
2940 4147 3084 4218 ζωὴ-ι
3132 4148 3327 4215 χωλὸν,
3375 4149 3406 4220 ἢ
3456 4149 3583 4210 τοὺς
3637 4149 3730 4202 δύο
3783 4151 3955 4214 πόδας

683 4238 808 4300 dus,
835 4240 1011 4306 potius
1053 4239 1210 4307 221
1248 4254 1410 4307 quam
1456 4237 1594 4291 duos
1630 4240 1792 4306 pedes
1824 4239 2028 4292 habens
2076 4241 2259 4293 mitta-
2363 4241 2370 4272 ¹

2363 4239 2573 4307 ἔχοντα,
2612 4238 2876 4309 βληθῆναι
2906 4240 2984 4302 εἰς
3032 4238 3126 4309 τὴν
3179 4239 3428 4306 γέενναν,
3487 4243 3569 4303 είς
3623 4242 3684 4292 τὸ
3725 4241 3838 4310 πῦρ
3892 4244 3956 4292 τὸ

684 4328 760 4380 ris
817 4328 867 4379 iu
918 4327 1238 4396 gehennam,
1292 4327 1342 4379 in
1388 4327 1562 4396 ignem
1618 4329 2130 4398 iucxstinguibilem,
2167 4333 2254 4385 ubi
2361 4333 2371 4381 ἐ

2361 4330 2643 4391 ἄσϐεστον,
2675 4332 2808 4383 ὅπου
2839 4332 2865 4382 ὁ
2895 4329 3114 4399 σκώληξ
3144 4330 3323 4382 αὐτῶν
3375 4332 3435 4383 οῦ
3467 4331 3717 4402 τελευτᾷ,
3765 4333 3859 4384 καὶ
3890 4334 3953 4383 τὸ

682 4419 880 4470 vermis
920 4416 1127 4469 illorum
1171 4430 1272 4470 DOII
1308 4418 1625 4479 ttt0ritur,el
1654 4418 1790 4488 ignis
1821 4435 1923 4473 nou
1952 4424 2253 4490 exsnngui-
2361 4440 2369 4470 τ

2361 4422 2469 4492 πῦρ
2501 4423 2560 4473 οὑ
2592 4420 2899 4476 σόέννυται.
2947 4422 3056 4475 Καὶ
3081 4424 3179 4475 ἐὰν
3213 4424 3240 4474 ὁ
3275 4422 3552 4491 ὀφθαλμός
3592 4440 3684 4476 σου
3713 4423 3952 4476 σκανδα-

683 4519 786 4561 ltlt‘.
814 4508 876 4561 Et
905 4510 947 4562 si
972 4508 1157 4562 oculus
1189 4519 1308 4561 tuus
1336 4508 1428 4562 tibi
1459 4508 1735 4562 obstaculo
1766 4523 1868 4575 est,
1899 4526 2029 4566 erue
2054 4513 2199 4567 illum
2231 4529 2246 4567 :
2283 4513 2328 4568 Ι)
2359 4516 2370 4564 i

2283 4513 2328 4568 Ι)
2359 4514 2476 4584 λὶζῃ
2515 4531 2593 4575 σε,
2625 4515 2821 4567 ἐκόιλε
2860 4515 3021 4567 αὐτόν
3045 4531 3058 4544 ·
3095 4515 3258 4568 καλόν
3295 4515 3376 4567 σοί
3410 4517 3530 4569 ἐστι
3566 4515 3948 4584 μονόφθαλμον

680 4603 879 4654 bonum
915 4611 992 4655 est
1044 4603 1136 4653 tibi
1174 4612 1231 4654 ut
1279 4601 1460 4654 luscus
1508 4603 1742 4654 introeas
1777 4604 1826 4653 in
1879 4618 2098 4671 regnum
2137 4605 2250 4669 Dei,
2357 4625 2367 4658 I

2357 4608 2618 4659 εἰσελοεῐν
2663 4607 2743 4668 εἰς
2780 4607 2875 4677 τὴν
2915 4605 3194 4676 βασιλείαν
3227 4607 3322 4661 τοῦ
3356 4606 3514 4671 Θεοῦ,
3619 4608 3712 4661 δύο
3738 4608 3950 4675 ὀφθαλο

684 4695 859 4758 potius
909 4708 1068 4757 (νηοὶ
1108 4703 1165 4744 ut
1219 4691 1354 4744 duos
1407 4689 1593 4745 oculos
1650 4693 1852 4747 habens
1913 4695 2147 4748 mittaris
2201 4697 2254 4748 in
2359 4719 2371 4766 ι

2359 4700 2488 4766 μοὺς
2539 4700 2753 4766 ἔχοντα,
2790 4697 3052 4768 βληθῆναι
3097 4701 3177 4761 εἰς
3226 4698 3324 4768 τὴν
3355 4699 3581 4768 γέενναν
3625 4699 3717 4751 τοῦ
3749 4700 3949 4767 πυρὸς,

680 4791 978 4855 gehennam
1015 4789 1168 4857 ignis,
1201 4787 1286 4840 tibi
1325 4788 1521 4839 verutis
1548 4803 1732 4840 eorum
1772 4805 1874 4840 non
1907 4790 2155 4854 moritur,
2203 4803 2255 4845 et
2354 4790 2367 4840 ε

2354 4790 2486 4841 ὅπου
2519 4792 2545 4840 ὁ
2600 4791 2816 4860 σκώληξ
2865 4790 3046 4843 αὐτῶν
3096 4792 3156 4842 ο)
3194 4792 3441 4860 τελευτᾷ,
3486 4793 3579 4842 καὶ
3629 4790 3690 4842 τὸ
3722 4790 3834 4860 πῦρ
3880 4794 3943 4842 οῦ

679 4883 815 4949 ignis
843 4898 948 4933 mu
984 4880 1364 4950 exstinguitur.
1393 4879 1522 4933 Nam
1556 4880 1730 4932 outuis
1761 4882 1922 4933 hmno
1947 4882 2064 4950 igne
2088 4881 2252 4935 salie-
2356 4900 2366 4932 ι

2356 4881 2661 4934 σϐέννυται.
2701 4882 2814 4943 Πᾶς
2862 4883 2971 4952 γὰρ
3005 4884 3141 4952 πυρὶ
3189 4881 3563 4951 ἁλισθήσεται.
3633 4884 3741 4934 Καὶ
3793 4885 3948 4936 πᾶσι

678 4985 782 5032 iur,
833 4981 884 5022 et
932 4973 1105 5024 omnis
1151 4973 1365 5024 victima
1416 4971 1528 5026 sale
1550 4971 1806 5030 ,snlietur.
1864 4971 2004 5024 Bona
2052 4989 2136 5027 res
2165 4984 2248 5027 est
2355 4972 2365 5023 l

2355 4971 2512 5024 θυσία
2545 4973 2632 5025 ἀλὶ
2673 4972 3050 5043 ἁλισθήσεται.
3099 4973 3278 5026 Καλὸν
3319 4975 3378 5026 τὸ
3418 4974 3573 5036 ἃλας.
3618 4974 3746 5028 Ἐὰν
3781 4974 3837 5026 δὲ
3881 4976 3944 5026 το

675 5063 749 5116 sal
782 5082 793 5115 :
833 5071 1083 5115 czeterum
1115 5064 1154 5114 si
1189 5063 1266 5116 sal
1299 5063 1533 5117 insulsus
1564 5063 1745 5125 fuerit,
1790 5077 1884 5130 per
1914 5063 2039 5130 quiti
2070 5064 2242 5130 ipsum
2353 5065 2362 5115 ὶ

2353 5063 2486 5127 ἃλας
2521 5065 2714 5118 ἄναλον
2750 5065 2998 5136 γένηται,
3034 5067 3092 5117 ἐν
3114 5068 3218 5118 τίνι
3255 5066 3386 5117 αὐτὸ
3410 5065 3678 5136 ἀρτύσετε
3703 5083 3718 5130 ;
3745 5068 3946 5135 Ἔχετε

673 5156 972 5210 condietis?
1019 5155 1218 5210 llubcte
1281 5158 1330 5209 in
1385 5156 1676 5224 vobisipsis
1726 5157 1915 5220 salem,
1966 5165 2020 5209 et
2059 5172 2242 5225 pacem
2355 5161 2360 5209 ἑ

2355 5161 2411 5210 ὲν
2465 5161 2677 5222 ἑαυτοῖς
2743 5160 2898 5226 ἃλας,
2964 5160 3059 5212 καὶ
3118 5159 3429 5230 εἰρηνεύετε
3481 5160 3540 5213 ἐν
3588 5161 3863 5230 ἀλλήλοις.
3924 5183 3940 5213 ι

754 5317 796 5345 ⁸⁷
829 5314 958 5373 Luc.
996 5334 1068 5376 xi.
1109 5317 1197 5371 23.

1629 5407 1716 5464 Ex
1765 5406 2106 5467 collatione
2145 5407 2334 5468 codd.
2376 5409 2596 5468 Venet.
2635 5413 2698 5471 S.
2737 5412 2958 5473 Marci.

740 5532 853 5592 (70)
916 5529 1058 5583 Idem
1114 5530 1231 5580 φημι.
1282 5531 1466 5581 addit:
1518 5526 1822 5601 ξυνεχὼρει
1878 5528 1972 5601 καὶ
2031 5527 2247 5601 τούτοις
2365 5532 2427 5582 ιιιί

2365 5532 2620 5586 miracula
2653 5530 2854 5590 facere.
2893 5543 3002 5584 tttm
3055 5532 3120 5587 ad
3153 5533 3618 5587 conﬁrmationem
3668 5534 3939 5601 pradica-

669 5603 1119 5672 ίἓαῦματουργεῖν,
1159 5601 1270 5668 ἅμα
1288 5600 1397 5680 μὲν
1428 5601 1503 5660 εἰς
1528 5598 1816 5676 βεϐαίωσιν
1837 5600 1926 5648 τοῦ
1956 5599 2247 5666 κηρύγμα-

2365 5604 2525 5685 tionis
2552 5643 2565 5665 ,
2602 5616 2660 5655 ut
2684 5604 2800 5682 hanc
2834 5605 2996 5685 etiam
3042 5620 3136 5672 per
3167 5598 3794 5685 indignos-dilatarrtur:
3825 5618 3939 5663 tum

668 5691 778 5733 τις,
817 5670 1079 5724 ὥστεκαὶ
1112 5673 1199 5722 διὰ
1245 5670 1351 5720 τῶν
1403 5671 1632 5736 ᾲναξίων
1668 5670 1824 5720 τοῦτο
1859 5670 2244 5729 πλατύνεσθαι.

2360 5676 2422 5743 .-_i_d
2467 5673 2859 5727 correctionem
2917 5670 3180 5741 ipsorum,
3213 5670 3302 5743 qui
3363 5674 3497 5728 mira
3543 5679 3935 5743 operabantur.

666 5745 783 5808 ἅμα
815 5743 866 5794 δὲ
898 5746 989 5794 xa't
1037 5746 1112 5803 εἰς
1151 5742 1430 5808 βελτίστην]
1461 5741 1638 5792 αὐτῶν
1669 5741 1730 5809 δὴ
1759 5740 1866 5791 τῶν
1901 5740 2245 5809 θαυματουρ-

1350 5757 1430 5790 σιν
1461 5741 1638 5792 αὐτῶν
1669 5741 1730 5809 δὴ
1759 5740 1866 5791 τῶν
1901 5740 2245 5809 Οαυματουρ-
2366 5741 2582 5798 Videtur
2619 5754 2822 5808 autem,
2858 5740 2963 5798 etc.
3012 5763 3029 5796 ι

666 5830 922 5880 τουτων.
956 5814 1206 5879 Δοκεῐδὲ,
1240 5830 1289 5866 κ.
1324 5829 1372 5865 τ.
1413 5812 1461 5864 λ.
1499 5831 1515 5862 ι
1557 5812 1904 5866 l’crmtttcbut
1933 5817 2091 5864 etiam
2139 5816 2242 5864 illis
