4272 6438
710 392 812 458 5*ἒὸ

1624 385 2196 448 THEOPIIYLACTI
2229 384 2637 447 BULGARIE
2673 381 3029 445 ARCHIEP.

3846 379 3957 444 596

708 525 835 571 suae,
884 515 938 562 et
989 505 1115 562 ﬁent
1157 506 1264 560 duo
1291 517 1425 572 caro
1464 517 1592 558 una.
1643 491 1967 572 Itaque'non
1991 504 2102 572 jam
2149 510 2273 556 sunt
2302 508 2339 562 Α

2302 508 2346 562 Α
2376 502 2469 554 καὶ
2502 499 2601 570 τὴν
2657 499 2891 570 μητέρα.
2931 497 3040 550 Καὶ
3087 494 3626 566 προσκολληθήσεται
3671 495 3809 564 πρὸς
3856 495 3964 563 τὴν

707 603 832 663 duo,
879 599 971 653 sed
1028 613 1130 651 uua
1191 611 1338 651 caro.
1384 594 1535 662 Quod
1583 594 1747 666 igitur
1801 595 1942 649 Deus
1976 593 2267 662 copulavit,

707 701 862 744 nomo
903 704 971 742 ne
1021 697 1249 756 separet.
1305 706 1323 738 ι
1363 686 1744 754 Saepenumero
1795 685 2130 751 relinquebat
2164 684 2271 738 Do-

707 781 884 832 minus
914 777 1125 831 Jttdwos
1156 787 1376 846 prepter
1409 777 1662 830 invidiam
1713 774 1950 838 illorum,
1995 789 2142 829 nunc
2173 789 2270 827 au-

707 881 808 925 tem
841 870 1033 922 iterum
1068 870 1118 922 in
1147 884 1331 922 eorum
1369 869 1641 937 regionem
1667 867 1881 932 transit,
1911 868 2036 936 quia
2064 869 2272 934 passio-

705 963 787 1014 nis
819 973 1028 1030 tempus
1060 959 1542 1029 appropinquabat.
1593 956 1700 1012 Nec
1731 973 1860 1011 vero
1899 957 2268 1028 Hierosolyma

704 1069 846 1108 nunc
871 1056 1134 1115 ascendit,
1186 1052 1276 1105 sed
1323 1052 1374 1103 in
1412 1051 1543 1104 ﬁnes
1568 1049 1788 1116 Judzeae,
1832 1061 1883 1104 ut
1917 1051 2112 1120 populo
2142 1049 2274 1104 sim-

703 1143 827 1214 plici
865 1144 1172 1212 prodesset.
1227 1143 1596 1213 Hierosolyma
1629 1145 1771 1198 enim
1824 1145 2003 1198 omnis
2055 1145 2270 1198 malitia:

702 1238 910 1290 ollicina
943 1246 1118 1298 erant.
1143 1246 1362 1305 propter
1391 1237 1783 1290 Pharisaeorum
1817 1238 2097 1290 malitiam.
2135 1235 2269 1290 Vide

702 1343 829 1398 ergo
862 1328 1117 1382 malitiam
1149 1328 1387 1390 illorum,
1427 1328 1698 1397 quomodo
1725 1338 1930 1382 tentent
1953 1328 2268 1393 Dominum,

702 1434 808 1472 non
843 1418 1204 1492 relinquentes
1251 1417 1420 1480 illum,
1473 1434 1538 1472 ne
1577 1420 1800 1472 credant
1845 1421 1890 1473 ei
1929 1420 2095 1474 turbae
2125 1437 2140 1484 ;
2175 1421 2268 1474 sed

699 1525 911 1577 semper
941 1510 1222 1572 accedunt,
1252 1519 1304 1562 et
1338 1518 1561 1577 sperant
1603 1525 1663 1564 se
1691 1511 2084 1578 quaestionibus
2113 1511 2262 1564 illum

700 1604 937 1658 facturos
968 1602 1276 1671 perplexum
1341 1602 1520 1655 animo
1545 1611 1597 1656 et
1650 1601 2042 1657 conlutaturos.
2092 1605 2268 1672 Roga-

700 1694 827 1746 bant
854 1694 994 1747 enim
1029 1693 1374 1763 quaestionem
1402 1709 1524 1761 quae
1558 1693 1815 1762 utrinque
1842 1694 2140 1763 praecipitia
2179 1695 2270 1750 ha-

699 1784 896 1838 bebat:
936 1801 1001 1836 an
1039 1784 1197 1838 liceat
1239 1785 1443 1837 homini
1473 1800 1692 1839 uxorem
1719 1786 2034 1841 dimittere?
2061 1786 2188 1840 Nam
2222 1786 2267 1841 si

701 1876 907 1927 diceret
941 1873 1080 1942 quod
1128 1873 1314 1927 liceret
1345 1872 1647 1936 absolvere,
1681 1874 2008 1943 obiecissent
2041 1877 2088 1930 ei
2126 1875 2268 1944 quod

699 1965 925 2019 dixisset
961 1975 1111 2019 extra
1154 1980 1372 2020 causam
1418 1965 1791 2019 fornicationis
1827 1982 1931 2021 non
1978 1967 2142 2022 licere
2169 1969 2266 2021 ab-

699 2058 928 2112 solvere.
967 2058 1021 2110 Si
1058 2066 1235 2110 autem
1283 2057 1487 2110 diceret
1521 2058 1663 2124 quod
1713 2071 1816 2108 non
1857 2057 2064 2121 liceret,
2103 2067 2268 2112 taxa-

703 2159 820 2202 rent
845 2164 964 2203 eum
1002 2158 1059 2202 ut
1092 2149 1459 2200 adversarium
1499 2148 1763 2202 doctrinis
1816 2149 1978 2203 Mosi.
2022 2149 2270 2206 Christus

689 2244 883 2311 igitur,
915 2243 1002 2310 qui
1030 2252 1109 2295 εει
1136 2240 1395 2310 sapientia
1429 2241 1565 2310 ipsa,
1592 2240 1881 2308 respondet
1905 2227 1992 2295 eis
2009 2256 2270 2310 responso

701 2347 808 2401 quo
839 2333 1055 2401 laqueos
1097 2332 1308 2385 illorum
1359 2331 1569 2401 emisit,
1601 2330 1772 2400 Rogat
1801 2333 1945 2384 enim
1992 2330 2112 2384 illos
2141 2333 2268 2401 quid

699 2427 778 2478 eis
812 2425 1122 2494 prawceperit
1154 2425 1349 2479 Moses.
1381 2424 1513 2478 Cum
1538 2433 1712 2478 autem
1745 2425 1816 2477 illi
1845 2425 2107 2478 dixissent
2138 2439 2273 2492 prae-

701 2531 912 2587 ceptum
944 2533 1062 2573 esse
1098 2518 1494 2579 dimittendam,
1531 2517 1917 2586 interpretatur
1959 2517 2037 2571 eis
2075 2518 2264 2586 legem.

703 2610 816 2666 Non
861 2614 992 2666 adeo
1027 2612 1264 2666 crudelis
1291 2621 1408 2665 erat
1441 2610 1642 2674 Moses,
1677 2612 1869 2680 inquit,
1903 2619 1958 2664 ut
2003 2611 2160 2664 talem
2192 2611 2271 2665 in-

703 2702 1010 2756 troduceret
1067 2701 1259 2772 legem,
1309 2702 1400 2757 sed
1455 2703 1518 2756 ad
1569 2703 1733 2756 vestri
1788 2702 1970 2757 cordis
2016 2703 2270 2759 duritiam

700 2795 918 2863 scripsit
944 2794 1064 2849 hoc.
1113 2796 1252 2849 Deus
1284 2795 1428 2849 enim
1465 2795 1642 2848 sciens
1669 2793 1972 2849 Judaorum
2010 2795 2273 2850 inhuma-

700 2887 949 2950 nitatem,
979 2886 1121 2952 quod
1154 2886 1243 2954 qui
1275 2884 1438 2938 semel
1486 2899 1548 2938 ex
1582 2885 1659 2938 eis
1686 2884 1812 2938 odio
1840 2885 2038 2939 habere
2071 2887 2272 2954 cuspis-

700 2985 783 3029 εει
816 2975 1114 3039 mulierem,
1149 2976 1436 3030 occidisset
1484 2991 1626 3037 eam,
1657 2975 1928 3029 concessit
1974 2976 2054 3030 eis
2083 2975 2271 3030 dimit-

700 3076 815 3120 tere
850 3081 1096 3130 urorem,
1134 3083 1235 3120 non
1269 3067 1369 3121 sibi
1414 3067 1736 3136 placentem.
1787 3068 1867 3122 Ab
1898 3068 2053 3124 initio
2083 3082 2264 3125 autem

702 3174 805 3212 non
838 3159 916 3212 sic
943 3169 1077 3222 erat,
1112 3160 1201 3211 sed
1223 3158 1312 3212 Dei
1344 3159 1624 3213 consilium
1658 3160 1913 3229 conjuges
1940 3162 2004 3215 ad
2038 3163 2264 3216 invicem
2295 3185 2339 3244 ο

700 3251 999 3319 conjungit,
1035 3263 1086 3304 et
1136 3251 1338 3304 relictis
1383 3253 1695 3319 parentibus
1743 3267 1906 3305 unum
1942 3252 2089 3309 facit.
2140 3255 2272 3310 Vide

701 3349 879 3393 autem
910 3341 1036 3410 quid
1071 3341 1233 3401 dicat,
1292 3343 1433 3407 quod
1484 3343 1622 3393 Deus
1672 3341 1841 3395 noluit
1886 3343 2268 3414 polygamiam,

701 3442 756 3484 ut
785 3433 898 3486 haec
931 3432 1348 3500 relinqueretur,
1384 3443 1434 3485 et
1470 3433 1640 3486 altera
1671 3432 1963 3488 duceretur
2006 3450 2181 3488 uxor:
2218 3445 2272 3490 et

701 3522 898 3575 iterum
931 3523 1322 3592 relinqueretur
1345 3525 1468 3586 ista,
1503 3535 1556 3577 et
1582 3535 1950 3579 assumeretur
1981 3526 2104 3581 alia.
2135 3525 2270 3581 Nam

700 3616 744 3669 si
795 3615 900 3670 hoc
947 3625 1110 3678 esset,
1167 3618 1384 3672 fecisset
1438 3616 1576 3671 Deus
1613 3634 1772 3672 unum
1821 3620 2036 3687 quidem
2072 3623 2268 3681 virum.

707 3710 899 3762 multas
933 3719 1109 3763 autem
1149 3710 1440 3773 mulieres;
1468 3726 1611 3766 nunc
1641 3723 1816 3767 autem
1855 3717 1953 3767 hoc
1985 3730 2088 3767 non
2123 3713 2270 3780 fecit,

699 3803 793 3854 sed
830 3802 1125 3854 masculum
1161 3811 1212 3855 et
1251 3801 1507 3856 feminam
1540 3803 1688 3869 fecit,
1717 3821 1880 3858 unum
1916 3806 2004 3858 uni
2035 3805 2272 3875 copulari

694 3893 910 3957 jubetts.
965 3891 1248 3948 Possemus
1279 3893 1415 3949 torte
1453 3903 1508 3949 et
1539 3896 1615 3950 sic
1661 3897 1801 3950 hunc
1851 3895 2027 3951 locum
2081 3898 2276 3952 intelli-

699 4000 823 4054 gere
853 4000 865 4036 :
904 3984 1096 4038 Sermo
1124 3986 1382 4052 doctoris,
1436 3987 1524 4055 qui
1577 4003 1760 4043 semen
1788 3989 1987 4043 b0uttm
2023 3991 2186 4043 mittit
2220 3993 2271 4044 in

701 4078 753 4129 in
787 4077 1022 4129 animam
1049 4076 1218 4132 titleb's
1242 4077 1502 4143 hominis,
1526 4079 1688 4132 habet
1719 4081 1982 4134 rationem
2014 4082 2112 4134 viri
2148 4097 2274 4151 erga

701 4169 935 4222 animum
971 4186 1088 4239 quae.
1120 4170 1268 4224 illum
1308 4170 1555 4239 suscipit.
1599 4172 1753 4243 Saepe
1789 4175 1951 4243 igitur
1987 4175 2126 4229 ratio
2158 4190 2276 4243 qua

697 4263 843 4330 Cupit
879 4267 1134 4330 prodesse
1163 4263 1376 4327 animm,
1412 4279 1529 4332 qua:
1557 4267 1779 4319 verhum
1827 4268 2075 4336 suscipit,
2109 4269 2273 4322 relin-

697 4354 815 4421 quit
857 4366 1063 4422 patrem
1094 4370 1272 4421 snum,
1303 4356 1465 4425 223
1511 4357 1613 4411 hoc
1671 4367 1754 4411 est
1810 4370 2044 4414 mentem
2101 4361 2275 4414 subli-

698 4461 837 4500 mem
875 4465 888 4499 :
920 4457 973 4499 et.
1004 4461 1227 4502 matrem
1258 4465 1430 4514 suam,
1465 4450 1564 4506 hoc
1591 4461 1694 4512 est,
1726 4453 1946 4505 verbum
1973 4466 2223 4508 ornatum
2260 4473 2273 4509 :

2371 593 2603 661 γυναῖκα
2633 589 2824 656 αὑτοῦ,
2875 592 2970 642 καὶ
2997 588 3213 643 ἔσονται
3242 589 3292 640 οἱ
3313 587 3409 641 δύο
3446 588 3526 649 είς
3569 586 3748 656 σάρκα
3780 585 3916 655 μίαν
3942 599 3960 618 ο

2371 684 2510 738 ὥστε
2540 683 2723 736 οὐκέτι
2759 683 2866 734 εἰσὶ
2891 680 3006 744 δύο,
3030 680 3167 734 ἀλλά
3203 680 3300 750 μία
3330 677 3488 748 σάρξ.
3533 679 3598 731 Ὃ
3638 674 3730 730 οὖν
3756 679 3783 729 6
3822 677 3961 740 Θεὶς

2373 775 2713 838 συνέζευξεν,
2746 772 3032 842 ἄνθρωπος
3076 772 3149 840 μὴ
3183 768 3484 841 χωριζέτω.
3519 787 3538 820 ι
3577 769 3820 836 Συνεχῶς
3851 767 3956 838 τὴν

2384 859 2642 916 Ἰουδαίαν
2677 860 2825 928 ἀφίει
2853 864 2880 912 ὁ
2915 860 3116 928 Κύριος
3140 859 3228 911 διά
3254 857 3353 927 τὴν
3377 857 3677 925 βασκανίαν
3707 857 3959 919 ἐκείνων,

2378 952 2465 1003 νῦν
2494 947 2585 1004 οὗν
2613 951 2991 1021 ἐπιχωριάζει,
3023 950 3211 1018 ἐπειδὴ
3238 950 3298 1001 τὸ
3323 949 3495 1010 πάθος
3527 949 3697 1015 ὲγγὺς
3729 945 3961 1015 ἔμελλεν

2371 1040 2532 1097 εἶναι.
2569 1045 2644 1096 Οὐ
2833 1046 2911 1106 εἰς
2943 1043 3012 1094 τά
3047 1041 3396 1110 Ἱεροσόλυμα
3425 1039 3600 1092 ἄνεισι
3645 1040 3806 1101 τέως,
3839 1037 3961 1089 ἀλλ’

2371 1133 2449 1193 είς
2507 1132 2574 1184 τά
2628 1133 2728 1200 τῆς
2788 1131 3047 1193 ἰουδαίας
3081 1133 3228 1200 ὅρια,
3276 1131 3361 1183 ἵνα
3408 1131 3499 1183 τὸν
3547 1129 3756 1181 ἄκακον
3795 1127 3962 1196 ὄχλον

2370 1222 2647 1294 ὠφελήσῃ.
2689 1223 2769 1275 Τὰ
2795 1224 2903 1291 γάρ
2945 1223 3292 1292 Ἱεροσόλυμα
3321 1223 3502 1290 πάσης
3556 1223 3755 1282 κακίας
3783 1224 3958 1288 ἐργα-

2372 1317 2593 1385 στήριον
2644 1311 2805 1383 ἦσαν,
2859 1316 2944 1368 διά
3003 1316 3100 1384 τὴν
3143 1315 3252 1366 τῶν
3298 1314 3612 1383 Φαρισαίων
3673 1310 3964 1382 πονηρίαν.

2374 1407 2479 1458 Ἴδε
2523 1406 2652 1472 γοῦν
2691 1407 2789 1475 τὴν
2836 1406 3034 1458 κςκίαν
3083 1405 3282 1468 αὐτῶν,
3318 1405 3434 1466 πῶς
3484 1404 3809 1473 πειράζουσι
3858 1395 3959 1456 ςτὸν

2370 1497 2595 1564 Κύριον,
2635 1498 2711 1566 μὴ
2742 1497 2936 1560 ἐῶντες
2980 1498 3161 1560 αὑτὸν,
3210 1498 3296 1550 ἵνα
3319 1496 3688 1549 πιστεύσωσιν
3716 1495 3870 1567 αύτῷ
3910 1497 3963 1550 oi

2369 1593 2540 1662 ὄχλοι,
2596 1593 2709 1644 ἀλλ’
2766 1593 2853 1645 ἀεὶ
2906 1595 3338 1663 προσερχόμενοι
3392 1595 3486 1646 καὶ
3531 1592 3819 1655 δοκοῦντες
3879 1594 3965 1656 είς

2371 1683 2606 1755 ἀπορίαν
2639 1682 2932 1752 ἐμϐάλλειν
2965 1685 3060 1735 καὶ
3107 1672 3483 1751 ἐπιστομίζειν
3512 1683 3600 1736 διὰ
3631 1684 3740 1736 τῶν
3786 1684 3963 1753 ζητη-

2374 1775 2582 1844 μάτων.
2630 1773 2954 1843 Ἥρώτησαν
2989 1777 3097 1845 γὰρ
3131 1775 3294 1826 αὑτὸν
3327 1775 3593 1845 ἐρώτημα
3623 1777 3962 1844 ἀμφοτέρω-

2301 1846 2343 1901 Β
2372 1865 2463 1918 θεν
2504 1864 2623 1934 ἔχον
2663 1864 2972 1934 κρημνούς·
3009 1864 3067 1916 Εἰ
3113 1864 3323 1926 ἔξεστιν
3366 1863 3639 1934 ἀνθρώπῳ
3679 1865 3961 1918 ἀπολῦσαι

2369 1959 2471 2027 τὴν
2491 1960 2723 2025 γυναῖκα
2744 1972 2758 2021 ;
2782 1957 2897 2008 Ἵνα
2927 1956 3021 2008 ἐάν
3047 1956 3146 2025 μὲν
3166 1956 3295 2026 εἴπῃ
3326 1958 3407 2010 ὅτι
3433 1955 3642 2021 ἔξεστιν
3672 1957 3964 2024 ἀπολύειν⁹

2371 2054 2758 2124 ἀπαντήσωσιν
2784 2053 2933 2118 αὐτῷ
2964 2070 2976 2083 ·
3022 2053 3146 2115 Πῶς
3175 2048 3266 2106 οὖν
3298 2048 3457 2115 εῐπας
3491 2055 3574 2107 ὅτι
3609 2055 3766 2116 ἐκτὸς
3797 2055 3962 2123 λόγου

2371 2145 2654 2217 πορνείας,
2705 2145 2804 2209 οὐκ
2856 2145 3068 2208 ἔξεστιν
3116 2145 3419 2211 ἀπολύεινς
3468 2146 3592 2199 Ἐάν
3617 2146 3673 2198 δὲ
3714 2147 3844 2217 εῐπῃ
3880 2147 3964 2199 ὅτι

2370 2235 2470 2287 οὐκ
2519 2234 2752 2298 ἔξεστιν,
2807 2234 3178 2301 ἐγκαλέσωσιν
3233 2234 3382 2304 αὐτῷ
3432 2236 3511 2298 ὼς
3558 2236 3966 2306 ὲναντιουμένῳ

2371 2331 2484 2391 τοῖς
2515 2329 2608 2382 τοῦ
2661 2327 2906 2390 Μωσέως
2936 2327 3228 2397 δόγμασιν.
3282 2327 3342 2380 Ὀ
3374 2325 3467 2380 οὖν
3505 2328 3761 2398 Χριστὸς,
3793 2330 3826 2397 ἡ
3861 2329 3966 2382 αὐ-

2371 2418 2619 2487 τοσοφία,
2646 2419 3006 2488 ἀποκρίνεται
3031 2418 3189 2471 αὐτοί
3198 2441 3212 2479 ς
3242 2417 3535 2488 ἀπόκρισιν
3555 2412 3964 2487 διαφεύγουσαν

2370 2509 2469 2571 τὰς
2507 2509 2688 2561 αὐτῶν
2719 2509 2974 2577 παγίδας.
3031 2509 3248 2581 Ἐρωτᾷ
3290 2510 3399 2581 γάρ
3427 2513 3646 2576 αὐτοὺς,
3680 2512 3732 2564 τί
3771 2513 3963 2575 αὐτοῖς

2371 2601 2676 2654 ἐνετείλατο
2717 2601 2946 2669 Μωσῆς.
2993 2600 3113 2652 Τῶν
3159 2601 3215 2652 δὲ
3261 2603 3527 2656 εἰπόντων
3573 2605 3656 2656 ὃτι
3698 2601 3964 2656 ἀπολύειν

2373 2690 2699 2754 ἐνετείλατο,
2746 2693 3040 2762 ἑρμηνεύει
3093 2693 3278 2756 αὐτοῖς
3329 2693 3421 2746 τὴν
3480 2693 3664 2762 νόμον.
3718 2696 3794 2748 Οὐ
3850 2695 3965 2766 γὰρ

2373 2781 2545 2847 οὓτως
2584 2784 2802 2853 ἀπηνὴς
2833 2780 2901 2854 ἦν
2945 2784 2974 2835 6
3017 2785 3245 2854 Μωσῆς,
3290 2787 3474 2856 φησὶν,
3516 2787 3658 2840 ὥστε
3713 2788 3964 2841 τοιοῦτον

2374 2873 2710 2941 εἰσενεγκεῖν
2737 2875 2923 2943 νόμον,
2953 2875 3089 2929 ἀλλά
3120 2877 3257 2945 πρὸς
3287 2879 3384 2948 τὴν
3417 2860 3688 2948 ὑμετέραν
3722 2879 3960 2948 σκληρο-

2373 2967 2600 3037 καρδίαν
2631 2967 2787 3020 τοῦτο
2829 2967 3088 3038 ἔγραψεν.
3125 2970 3182 3024 '0
3213 2972 3320 3040 γαρ
3351 2971 3502 3037 Θεὸς,
3543 2971 3832 3039 γινώσκων
3861 2973 3966 3036 τὴν

2371 3058 2482 3111 τῶν
2515 3059 2784 3130 Ἐὁραίων
2810 3061 3231 3131 ἀπανθρωπίαν,
3283 3065 3376 3116 καὶ
3418 3065 3501 3115 ὅτι
3555 3063 3751 3134 ῥᾳδίως
3780 3066 3807 3117 6
3837 3063 3968 3134 βου-

2372 3146 2596 3214 λὸμενος
2622 3148 2835 3216 φονεύοι
2862 3148 2928 3201 ἂν
2951 3149 3046 3220 τὴν
3075 3151 3268 3204 ἑαυτοῦ
3287 3154 3520 3220 γυναῖκα
3546 3155 3784 3223 μισήσας
3811 3154 3965 3223 arma

2375 3240 2565 3310 αὐτὴν,
2601 3241 2984 3312 συνεχώρησεν
3016 3242 3275 3297 ἀπολύειν
3316 3243 3413 3314 τὴν
3456 3247 3711 3313 γυναῖκα,
3758 3249 3852 3300 τὸν
3888 3247 3965 3319 μὴ

2374 3333 2744 3404 ἀρεσκόμενον
2797 3335 2961 3405 αὐτῇ.
3008 3333 3129 3388 Ἀπ’
3180 3336 3356 3406 ἀρχῆς
3410 3337 3466 3390 δὲ
3514 3339 3612 3408 οὐχ
3663 3339 3837 3403 οὕτως
3871 3335 3964 3411 ἦν,

2374 3425 2554 3495 ἀλλ’ἢ
2593 3424 2685 3476 τοῦ
2732 3425 2866 3478 Θεοῦ
2903 3426 3069 3496 βουλὴ
3097 3428 3374 3499 συγκολλᾷ
3407 3429 3659 3499 αλλήλοις
3704 3434 3830 3495 τοὺς
3867 3449 3968 3485 συ-

2375 3516 2597 3584 ζύγους,
2631 3518 2725 3570 καὶ
2773 3518 2830 3570 ἓν
2879 3522 3041 3581 ποιεῖ,
3079 3519 3219 3573 ὥστε
3253 3525 3346 3574 καὶ
3375 3523 3578 3590 γονέων
3605 3524 3961 3594 καταμελεῐν.

2377 3609 2520 3680 Ὅρα
2549 3609 2604 3661 δὲ
2635 3610 2688 3661 τί
2737 3610 2907 3678 λέγει,
2943 3611 3025 3664 ὃτι
3059 3613 3086 3665 6
3129 3611 3263 3676 Θεὸς
3305 3614 3367 3665 οὑ
3402 3613 3545 3666 θέλει
3592 3615 3964 3685 πολυγαμίαν,

2378 3702 2517 3756 ὥστε
2551 3703 2754 3773 ταύτην
2794 3705 2892 3773 μὲν
2923 3705 3382 3774 καταλιμπάνειν,
3416 3708 3609 3778 ἑτέραν
3641 3709 3698 3760 δὲ
3729 3710 3966 3777 ἄγεσθαι

2379 3798 2638 3863 γυναῖκα,
2701 3797 2796 3848 καὶ
2863 3797 3024 3851 πάλιν
3080 3797 3290 3869 ταύτην
3343 3801 3800 3870 καταλιμπάνειν,
3871 3803 3970 3856 καὶ

2378 3889 2542 3961 ἑτέρᾳ.
2583 3888 2897 3945 κολλᾶσθαι.
2933 3891 2994 3943 El
3023 3892 3132 3962 γάρ
3157 3891 3320 3945 τοῦτο
3356 3887 3445 3964 ἦν,
3476 3893 3734 3962 ἐποίησεν
3766 3893 3831 3946 ἂν
3869 3894 3969 3946 ἕνα

2380 3981 2477 4050 μὲν
2517 3981 2708 4046 ἀνδρα,
2761 3981 2961 4044 πολλὰς
3004 3983 3061 4035 δὲ
3109 3986 3396 4052 γυναῖκας.
3432 3983 3549 4038 Νῦν
3583 3985 3639 4038 δὲ
3696 3985 3759 4038 ού
3805 3985 3971 4041 τοῦτο

2377 4073 2621 4140 γέγονεν,
2677 4073 2792 4126 ἀλλ’
2841 4074 3007 4143 ἀρσεν
3049 4076 3144 4128 καὶ
3193 4075 3327 4144 Θῆλν
3376 4076 3654 4145 εποίησεν,
3707 4078 3802 4131 ἕνα
3867 4079 3969 4148 μιᾷ

2378 4166 2644 4229 κελεύσας
2692 4167 3084 4222 συνάπτεσθαι.
3151 4170 3382 4239 Μήποτε
3412 4170 3469 4222 δὲ
3516 4172 3606 4223 καὶ
3634 4169 3776 4223 οὕτω
3804 4170 3971 4225 δυνά-

2388 4259 2529 4329 μεθα
2555 4259 2748 4328 νοῆσαι
2779 4259 2840 4312 τὸ
2873 4260 3048 4329 παρὸν
3089 4262 3308 4330 χωρίον.
3374 4262 3433 4315 Ὀ
3467 4263 3621 4330 λόγος
3651 4265 3680 4315 6
3706 4263 3966 4317 διδασκα-

2379 4351 2549 4414 λικὸς,
2605 4351 2898 4422 σπέρματα
2952 4351 3132 4420 ἀγαθά
3178 4353 3466 4422 ἐμϐάλλων
3515 4356 3596 4417 είς
3637 4355 3738 4424 τὴν
3786 4355 3970 4427 ψυχὴν

2379 4444 2471 4497 τοῦ
2504 4443 3043 4511 πιστοῦ’ἀνθρώπου,
3073 4445 3266 4516 ἀνδρὸς
3298 4445 3456 4514 λόγον
3485 4447 3672 4517 ἐπέχει
3697 4447 3834 4515 πρὸς
3868 4449 3970 4520 τὴν

698 4546 749 4590 et
801 4540 1038 4592 adhaeret
1081 4541 1233 4595 uxori
1291 4557 1422 4607 sum,
1459 4544 1872 4611 attemperando
1911 4559 1970 4599 se
2019 4546 2114 4610 illi,
2153 4561 2272 4615 quze
2304 4536 2339 4595 ι]

2304 4536 2351 4595 D
2378 4536 2785 4606 ὑποδεχομένην
2819 4536 2984 4590 αὑτὸν
3025 4535 3228 4606 ψυχήν.
3289 4536 3557 4599 Πολλάκις
3595 4533 3689 4590 οὖν
3739 4540 3766 4589 6
3805 4537 3968 4606 λόγος

699 4631 770 4682 illi
805 4633 1091 4700 expediant
1124 4634 1346 4698 docens,
1379 4643 1431 4687 et
1467 4651 1606 4701 srepe
1642 4651 1858 4691 sensum
1899 4637 2275 4705 imperfectum

2375 4630 2546 4684 Θέλων
2579 4631 2859 4702 ὠφελῆσαι
2893 4631 2991 4701 τὴν
3021 4632 3424 4702 ὑποδεχομένην
3468 4633 3669 4702 ψυχὴν,
3698 4633 3954 4702 καταλιμ-

702 4741 763 4778 ac
800 4728 961 4779 verba
994 4726 1258 4794 simplicia
1292 4738 1342 4779 et
1380 4727 1667 4778 idiotarum
1709 4726 1988 4796 proferens
2021 4746 2032 4781 :
2067 4739 2120 4784 et
2151 4740 2279 4785 tunc

2379 4724 2538 4776 πάνει
2565 4724 2656 4776 τὸν
2684 4724 2898 4794 πατέρα
2936 4723 3126 4785 αὐτοῦ,
3156 4726 3404 4778 τουτέστι
3460 4725 3583 4777 νοῦν
3609 4725 3836 4794 ὑψηλὸν,
3875 4727 3967 4778 καὶ

697 4828 824 4871 sum
859 4817 965 4869 duo
1002 4818 1052 4870 in
1089 4833 1249 4871 carne
1295 4834 1418 4882 una,
1462 4819 1565 4872 hoc
1612 4828 1713 4881 est,
1749 4820 1920 4873 credit
1948 4822 2124 4873 anima
2159 4837 2281 4876 car-

2374 4814 2474 4883 τὴν
2505 4814 2718 4884 μητέρα
2757 4813 2948 4878 αὑτοῦ,
2971 4814 3220 4867 τουτέστι
3244 4813 3388 4879 λέξιν
3419 4815 3966 4886 κεκαλλωπισμένην.

699 4925 817 4962 nem
871 4908 1071 4962 factum
1125 4924 1244 4965 esse
1299 4910 1532 4963 Verbum
1578 4909 1688 4970 Dei,
1737 4919 1790 4963 et
1848 4910 1992 4964 nulla
2043 4911 2279 4966 humana

2378 4906 2474 4958 καὶ
2508 4907 2910 4976 προσκολλάται
2947 4910 3012 4978 τῇ
3052 4911 3276 4975 γυναικὶ
3327 4907 3514 4977 αὑτοῦ,
3550 4909 3670 4978 ἦτοι
3721 4908 3791 4962 τά
3829 4910 3964 4980 πρὸς

697 5002 952 5069 cogitatio
981 5012 1156 5071 potest
1186 5017 1442 5071 separare
1473 5004 1712 5055 animam
1743 5016 1772 5055 a
1809 5002 1899 5056 tali
1937 5002 2062 5057 lidc.

2377 5001 2650 5070 ὠφέλειαν
2684 5002 2780 5072 τῆς
2817 5002 2996 5074 ψυχῆς
3027 5003 3245 5073 ἐκείνης
3277 5003 3543 5071 διδάσκει,
3597 5003 3954 5074 συγκατασαί.

701 5112 807 5145 νων
837 5095 974 5166 αὑτῇ
1012 5096 1104 5148 καὶ
1128 5095 1252 5148 νοῦν
1317 5096 1579 5158 πολλάκις
1643 5095 1834 5167 εὐτελῆ
1902 5097 1997 5151 καὶ
2040 5095 2214 5161 λέξεις
2283 5098 2560 5160 ἰδιωτικὰς
2610 5097 2916 5168 προτιμῶν.
2969 5098 3079 5150 Καὶ
3123 5098 3308 5151 λοιπὸν
3358 5097 3599 5167 γίνονται
3648 5099 3700 5152 οἱ
3749 5099 3844 5153 δύο
3887 5103 3963 5155 είς

700 5190 876 5260 σάρκα
914 5187 1063 5257 μίαν,
1114 5187 1386 5248 τουτέστι,
1422 5187 1672 5240 πιστεύει
1704 5190 1737 5258 η
1773 5187 1919 5259 ψυχὴ
1970 5189 2149 5258 σάρκα
2189 5189 2443 5257 γενέσθαι
2482 5189 2572 5242 τὸν
2614 5189 2791 5258 Λόγον
2822 5189 2915 5243 τοῦ
2984 5189 3145 5244 Θεοῦ.
3215 5193 3326 5246 Καὶ
3391 5191 3567 5258 οὐδεὶς
3620 5191 3962 5264 ἀνθρώπινος

695 5284 954 5352 λογισμὸς
980 5282 1202 5335 δύναται
1226 5280 1456 5352 χωρίσαι
1483 5283 1582 5350 τὴν
1613 5282 1792 5353 ψυχὴν
1823 5284 1931 5337 ἀπὸ
1963 5285 2061 5354 τῆς
2085 5285 2342 5355 τοιαύτης
2367 5286 2624 5347 πίστεως.

770 5377 934 5432 Vens.
985 5378 1062 5441 l0,
1100 5379 1184 5432 ll.
1241 5396 1259 5428 ι
1310 5377 1374 5431 Et
1425 5379 1476 5432 in
1531 5379 1691 5434 domo
1751 5396 1967 5434 rursum
2018 5383 2271 5452 discipuli

2447 5401 2466 5434 ι
2511 5382 2622 5435 Καὶ
2671 5383 2729 5434 ὲν
2769 5384 2837 5452 τῇ
2873 5382 3020 5453 οἰκία
3065 5383 3231 5436 πάλιν
3264 5384 3315 5436 oi
3355 5383 3598 5454 μαθηταὶ
3632 5383 3801 5438 αὐτοῦ
3837 5379 3963 5457 περἱ

697 5473 836 5525 illius
882 5471 1068 5525 eadem
1106 5472 1170 5526 de
1217 5486 1273 5525 re
1315 5472 1786 5542 interrogaverunt
1835 5475 2004 5536 illum,
2043 5484 2097 5530 et
2144 5475 2274 5530 dicit

2367 5475 2461 5529 τοῦ
2493 5474 2657 5529 αὑτοῦ
2697 5475 3067 5548 ἐπηρώτησαν
3087 5478 3269 5544 αὐτὸν,
3306 5479 3401 5532 καὶ
3436 5479 3584 5547 λέγει
3617 5479 3825 5542 αὐτοῖς·
3869 5483 3964 5546 Ὃε,

695 5564 798 5616 illis
845 5583 855 5616 :
913 5561 1230 5632 Quicunque
1293 5565 1662 5634 repudiaverit
1715 5584 1936 5623 uxorem
1987 5584 2165 5632 suam,
2219 5577 2273 5625 et

2368 5569 2464 5623 ἐὰν
2496 5569 2743 5640 ἀπολύσῃ
2773 5571 2872 5640 τὴν
2901 5574 3136 5640 γυναῖκα
3169 5571 3337 5625 αὑτοῦ
3369 5572 3462 5625 καὶ
3490 5573 3721 5644 γαμήσῃ
3767 5571 3956 5644 ἀλλην.

695 5657 908 5708 (luxerit
935 5656 1118 5717 aliam,
1149 5655 1472 5711 adulterium
1502 5658 1786 5713 committit
1807 5658 2067 5714 adversus
2102 5658 2269 5713 illam.

2372 5662 2626 5732 μοιχᾶται
2650 5662 2738 5716 ἐπ’
2761 5663 2958 5734 αὐτήν.
2986 5663 3099 5718 Καὶ
3120 5663 3216 5718 ἑάν
3241 5665 3378 5734 γυνὴ
3401 5663 3652 5737 ἀπολύσῃ
3680 5664 3770 5718 τδν
3790 5665 3964 5736 ἀνδρα

693 5746 757 5799 Et
790 5749 833 5800 si
873 5747 1064 5802 mulier
1101 5749 1469 5817 repudiaverit
1506 5749 1678 5805 virum
1725 5769 1903 5811 suum,
1940 5761 1992 5804 et
2025 5753 2271 5820 nupserit

2367 5753 2560 5822 αὐτῆς,
2597 5755 2690 5807 καὶ
2737 5754 2960 5825 γαμηθῇ
3012 5755 3178 5827 ἄλλῳ,
3221 5757 3502 5828 μοιχᾶται.
3557 5774 3576 5808 ι
3622 5755 3747 5810 Ἔτι
3780 5761 3875 5811 καὶ
3911 5760 3962 5812 οι

696 5838 870 5905 aitet",
907 5838 1225 5896 adulterium
1255 5843 1566 5896 committit.
1609 5860 1627 5894 ι
1679 5840 1873 5898 lterum
1910 5843 2072 5897 etiam
2105 5843 2270 5900 disci-
2331 5866 2337 5872 κ

2331 5866 2337 5872 κ
2371 5847 2613 5917 μαθηταὶ
2643 5846 3113 5913 ὶσκανδαλίζοντο·
3151 5847 3240 5902 διὰ
3269 5848 3429 5902 τοῦτο
3460 5843 3558 5903 οὖν
3586 5851 3679 5903 καὶ
3717 5849 3961 5920 προσέρ-
