4272 6438
270 415 379 482 59⁸1
978 411 1421 474 ENARRATIO
1459 413 1542 474 IN
1583 412 2081 477 EVANGELIUM
2127 416 2387 476 MARCI.
2421 439 2485 451 -
2529 416 2690 475 CAP.
2733 417 2806 477 Χ.
3439 413 3550 477 5‘93

271 549 463 603 χονται
508 529 668 585 πάλιν
696 526 846 599 αὐτῷ
874 528 967 581 καὶ
996 527 1294 599 έρωτῶτιν,
1324 527 1400 589 ὡς
1447 529 1614 598 μήπω
1653 529 1854 593 ίκανῶς
1883 529 1932 590 Α

1883 529 1932 590 Α
1960 531 2066 599 puli
2100 530 2451 584 scandalizati
2483 536 2629 592 sunt,
2669 539 2834 597 atque
2855 541 2974 580 eam
3016 525 3087 579 ob
3122 539 3342 579 causam
3370 525 3545 576 denuo

271 621 772 692 ὲκθεραττευθέντος
822 620 1003 674 αὐτῶν
1051 619 1147 672 τοῦ
1194 619 1481 688 λογισμοῦ.
1537 620 1596 672 Ὀ
1632 620 1687 672 δὲ
1716 622 1852 672 ἀπο-

1958 625 2024 676 ad
2078 637 2202 676 eum
2257 622 2522 676 accedunt
2568 633 2622 677 et
2673 623 3035 690 interrogant,
3097 618 3253 685 quasi
3304 617 3541 668 nondum

270 716 519 782 κρίνεται
547 713 748 774 αὐτοῖς,
799 713 995 778 λέγων·
1033 712 1132 770 ’ος
1185 711 1280 762 ἐὰν
1328 709 1573 780 ἀπολύσῃ
1613 712 1714 780 τὴν
1761 727 1858 776 γυ-

1957 715 2294 769 satisfactum
2333 724 2482 770 esset
2528 715 2695 769 menti
2751 728 2963 767 eorum.
3006 713 3076 764 At
3108 712 3226 778 ipse
3267 708 3549 776 respondit-

273 808 436 858 ναῐκα
468 802 636 856 αὑτοῦ
673 804 768 855 καὶ
798 806 1023 872 γαμήσῃ
1063 802 1252 872 ἄλλην,
1291 802 1475 871 μοιχός
1505 804 1653 854 ἐστιν
1685 803 1856 870 αὐτῆς
1957 832 1960 851 ι

1957 808 2059 871 eis,
2091 807 2281 861 dicens
2315 825 2329 859 :
2377 806 2478 872 Qui
2516 806 2785 860 dimiserit
2812 818 3037 858 uxorem
3074 815 3253 862 suam,
3287 809 3342 852 et
3378 799 3545 849 eluxe-

270 899 369 965 τῆς
431 895 705 963 δευτέρας,
759 894 987 964 Ὀμοῖως
1053 889 1146 946 οὖν
1203 895 1297 946 καὶ
1345 896 1376 964 ἠ
1423 893 1558 963 γυνὴ
1609 895 1855 962 μοιχαλίς

1959 899 2028 951 rit
2060 899 2244 963 aliant,
2274 899 2485 953 adulter
2521 908 2604 953 est
2634 899 2772 969 ejus,
2806 896 3010 951 scilicet
3041 893 3314 948 secundae.
3376 888 3543 942 Simi-

272 988 442 1052 ἰστιν,
478 990 510 1057 ἡ
551 989 752 1056 ἀφεῖσα
796 989 888 1039 τὸν
931 986 1059 1039 ίδιον
1096 986 1286 1056 ἄνδρα,
1331 986 1426 1038 καὶ
1477 985 1651 1054 ἑτέρῳ
1699 984 1858 1049 συξυ-
1957 1034 1959 1040 λ

1957 989 2081 1043 liter
2133 1004 2347 1058 quoque
2395 999 2449 1044 et
2517 1004 2653 1042 uxor
2696 987 2939 1041 adultera
2994 994 3100 1046 est,
3157 995 3278 1050 quia:
3334 977 3551 1046 reliquit

269 1083 451 1148 γεῖσα.
1960 1082 2130 1133 virum
2160 1081 2458 1149 proprium,
2487 1089 2541 1134 et
2567 1080 2721 1134 alteri
2755 1078 3046 1147 conjuncta
3075 1075 3256 1129 fuerit.

352 1188 370 1220 ι
414 1172 882 1241 Καὶ;προαέφερον
906 1168 1053 1238 αὐτῷ
1077 1169 1288 1234 παιδία,
1314 1169 1403 1224 ἴνα
1428 1171 1631 1242 ἅψηται
1655 1171 1852 1224 αὐτῶν·
2031 1174 2039 1192 ‘

2031 1173 2194 1227 Vsus.
2225 1173 2411 1226 1946.
2456 1191 2474 1223 ι
2515 1173 2581 1226 Et
2606 1172 2908 1225 attulerunt
2939 1171 3004 1223 ad
3042 1168 3192 1222 illum
3226 1166 3454 1235 puellos,
3493 1175 3550 1220 ut

268 1259 321 1312 οἱ
355 1259 414 1312 δὲ
448 1261 687 1331 μαθηταὶ
737 1260 1014 1328 ἐπετίμων
1055 1263 1167 1322 τοῖς
1218 1260 1645 1328 προσφέρουσιν.
1711 1259 1856 1312 Ἰδὼν

1959 1273 2204 1336 tangeret
2257 1266 2400 1319 illos.
2455 1262 2715 1332 Discipuli
2757 1275 2889 1317 vero
2924 1260 3284 1328 increpabant
3314 1273 3408 1312 eos
3457 1258 3547 1326 qui

267 1355 326 1407 δὲ
350 1355 378 1407 δ
411 1353 637 1425 Ἰησοῦς,
655 1353 1002 1423 ἠγανάκτησε
1023 1355 1115 1405 καὶ
1148 1349 1299 1404 εἶπεν
1331 1353 1534 1414 αὐτοῖς·
1566 1355 1768 1419 ’Λψετε
1790 1353 1856 1405 τὰ

1957 1357 2316 1412 adducebant.
2344 1356 2480 1410 Cum
2512 1356 2743 1410 vidisset
2775 1362 2956 1408 autem
3004 1352 3184 1418 Jesus,
3235 1352 3549 1419 indignatus

270 1447 464 1498 παιδία
510 1447 758 1517 ἔρχεσθαι
808 1446 942 1514 πρὸς
991 1445 1100 1513 μὲ,
1156 1448 1250 1498 καὶ
1300 1447 1374 1516 μὴ
1416 1447 1658 1498 κωλύετε
1692 1447 1854 1500 αὐτὰ·

1958 1459 2061 1515 est,
2093 1458 2148 1503 et
2190 1449 2326 1503 dixit
2359 1447 2465 1501 illis
2499 1465 2511 1501 :
2562 1445 2736 1500 Sinite
2771 1445 2980 1516 puellos
3026 1443 3214 1496 venire
3244 1443 3310 1495 ad
3347 1455 3453 1504 me,
3486 1456 3552 1494 ne

267 1538 383 1590 τῶν
429 1537 538 1608 γὰρ
563 1537 821 1590 τοιούτων
847 1538 994 1588 ἐστὶν
1027 1539 1059 1607 ἡ
1089 1537 1333 1605 βασιλεία
1363 1537 1456 1590 τοῦ
1486 1538 1641 1590 Θεοῦ.
1686 1539 1857 1607 Ἀμὴν

1961 1545 2243 1614 prohibete
2274 1543 2413 1606 illos,
2450 1542 2636 1595 talium
2665 1542 2809 1595 enim
2842 1551 2926 1594 est
2954 1555 3182 1609 regnum
3223 1537 3341 1592 Dei.
3373 1539 3545 1590 Amen

270 1631 417 1698 λέγω
438 1631 691 1700 ὑμίν,⁹ος
715 1631 809 1682 ἐὰν
836 1630 910 1699 μὴ
934 1629 1152 1700 δέξηται
1173 1630 1271 1699 τὴν
1296 1629 1572 1699 βασιλείαν
1595 1632 1691 1686 τοῦ
1723 1631 1857 1686 Θεοῦ

1960 1640 2082 1691 dico
2133 1638 2324 1690 vobis:
2365 1635 2684 1702 Quicunque
2731 1647 2837 1684 non
2875 1632 3148 1699 acceperit
3185 1645 3410 1697 regnum
3455 1630 3546 1682 Dei

198 1725 200 1732 '
269 1722 348 1785 ὡς
380 1723 611 1796 παιδίον,
644 1723 704 1775 οὐ
744 1721 818 1793 μὴ
849 1722 1066 1792 εἰσέλθῃ
1100 1724 1174 1784 εἰς
1208 1725 1401 1791 αὑτήν.
1446 1725 1559 1776 Καὶ
1611 1726 1858 1792 ἀναγκα-

1964 1742 2219 1799 tanquam
2249 1728 2478 1797 puellus,
2507 1728 2928 1794 haudquaquam
2953 1724 3290 1794 ingredietur
3321 1724 3370 1775 in
3398 1722 3547 1775 illud.

270 1815 564 1884 λισάμενος
607 1815 769 1880 αὐτὰ,
826 1816 918 1866 καὶ
981 1815 1152 1876 τιθεὶς
1183 1816 1281 1877 τὰς
1324 1818 1515 1885 χεῖρας
1561 1819 1647 1869 ἐπ’
1693 1818 1854 1880 αὐτὰ,
1892 1880 1925 1888 _‘

1892 1880 1925 1888 _
1966 1821 2178 1875 Etcum
2225 1818 2461 1888 cepisset
2509 1817 2628 1869 illos
2673 1816 2724 1868 in
2772 1815 2950 1877 ulnas,
3002 1813 3274 1880 impositis
3302 1812 3551 1864 manibus

270 1880 566 1972 εὐλόγησεν
601 1904 758 1957 αὐτά.
797 1925 813 1955 ι
853 1905 1090 1975 [Ιολλὴή
1132 1880 1467 1968 πίστις-τῶν
1507 1880 1702 1975 ὄχλων,
1741 1909 1855 1975 εἴγε
1892 1880 1930 1933 Β

1892 1880 1930 1933 Β
1961 1925 2120 1979 super
2159 1880 2710 1963 illos'benedixiteis.
2765 1925 2784 1956 ι
2834 1903 3025 1974 Magna
3070 1903 3201 1956 fides
3248 1900 3550 1960 turbarum.

270 1997 365 2047 καὶ
408 1998 544 2068 μόνῃ
569 2001 634 2066 τῇ
664 1997 768 2047 τῶν
796 1996 994 2064 χειρῶν
1022 1995 1290 2060 ἐπιθέσει,
1331 1998 1574 2064 εὐλογεῖν
1608 1999 1856 2068 ἐνόμιζον

1961 2019 2080 2074 qua:
2121 2005 2284 2056 etiam
2339 2002 2454 2056 sola
2509 2015 2764 2052 manuum
2823 1996 3170 2066 impositione
3227 1993 3470 2049 benedici
3524 2008 3550 2042 ιι

270 2105 300 2138 τ
333 2103 362 2137 ν
415 2087 648 2156 Χριττὸν
693 2088 820 2150 τοὺς
860 2087 1011 2156 αὐτῷ
1043 2089 1516 2158 προσαγομένους.
1567 2092 1630 2144 Oi
1662 2091 1718 2144 δὲ
1755 2111 1858 2160 μα-

1959 2097 2178 2151 Christo
2203 2092 2586 2147 existimabant
2616 2090 2824 2159 puellos
2856 2102 2994 2157 quos
3020 2085 3342 2140 offerebant.
3382 2083 3555 2137 Disci-

272 2180 471 2248 θηταὶ,
503 2179 816 2249 νομίζοντες
836 2179 1053 2247 ἀνάξιον
1085 2180 1245 2233 τοῦτο
1280 2178 1416 2233 εἶναι
1447 2181 1543 2234 τοῦ
1591 2183 1854 2253 Χριστοῦ,

1962 2189 2070 2257 puli
2107 2203 2235 2242 vero
2271 2188 2554 2256 indignum
2587 2186 2690 2238 hoc
2721 2197 2842 2237 esse
2870 2181 3091 2236 Christo
3123 2179 3553 2240 arbitrabantur,

267 2272 328 2322 τὸ
369 2271 554 2323 παιδία
588 2271 961 2340 προσάγεσθαι
1001 2272 1175 2340 αὐτῷ,
1202 2271 1495 2325 διεκώλυον
1527 2275 1652 2336 τοὺς
1687 2292 1857 2344 προσ-

1961 2280 2103 2350 quod
2146 2278 2296 2347 pueri
2330 2279 2734 2331 adducerentur
2759 2274 2826 2327 ad
2860 2275 3036 2343 ipsum
3068 2291 3080 2325 :
3118 2282 3166 2325 et
3196 2272 3559 2340 prohibebant

267 2364 526 2428 ἄγοντας.
576 2363 642 2415 Τί
683 2359 777 2415 οῦν
803 2365 846 2440 ,ὁ
892 2364 1166 2432 Χριστός;
1199 2364 1481 2417 Διδάσκων
1531 2366 1729 2428 αὐτοὺς
1762 2385 1857 2434 με·

1843 2397 1857 2408 ·
1961 2372 2311 2427 addureutes.
2336 2370 2476 2437 Quid
2499 2370 2660 2439 igitur
2679 2365 3051 2433 ChristusZUt
3072 2365 3262 2418 doceat
3287 2363 3530 2417 humilita

268 2455 636 2524 τριοφρονετν,
689 2456 785 2506 καὶ
832 2453 1001 2521 τῦφον
1053 2457 1393 2507 καταπατεῖν
1441 2456 1726 2524 κοσμικὺν,
1765 2459 1858 2510 καὶ

1965 2477 2069 2520 tem
2122 2475 2176 2519 et
2202 2461 2458 2517 mundani
2490 2463 2656 2516 fastus
2678 2469 3074 2527 contemptum,
3105 2457 3222 2511 illos
3245 2465 3299 2511 et
3336 2455 3563 2520 suscipit

267 2546 538 2615 λαμϐάνει
566 2547 660 2599 καὶ
693 2547 1146 2615 ἁναγκαλίζεται.
1196 2547 1450 2600 Δείκνυσι
1475 2549 1586 2617 γὰρ
1625 2550 1705 2600 ὅτι
1732 2551 1858 2611 τοὺς

1963 2565 2015 2610 et
2036 2555 2174 2609 ulnis
2201 2554 2568 2623 amplectitur.
2597 2550 2849 2606 Ostendit
2879 2549 3024 2604 enim
3050 2549 3194 2617 quod
3217 2547 3492 2615 simplices
3508 2557 3562 2600 ct

267 2638 513 2699 ἀκάκους
539 2637 1046 2708 προσλαμὸἁνεται,
1067 2638 1148 2692 διὸ
1177 2641 1271 2691 καὶ
1303 2640 1474 2707 λέγει,
1495 2658 1512 2690 ι
1547 2639 1667 2691 Τῶν
1691 2640 1859 2692 τοιού-

1963 2648 2281 2702 innocentes
2310 2645 2591 2713 suscipiat,
2638 2644 2868 2711 ideoque
2916 2642 3087 2696 dicit:
3124 2661 3142 2692 ι
3206 2640 3420 2693 Talium
3475 2653 3561 2695 εει

267 2746 378 2780 των
416 2729 526 2797 γάρ
580 2730 729 2780 ἐστιν
772 2730 801 2798 ἡ
853 2728 1106 2799 βασιλεία
1152 2729 1248 2781 τοῦ
1277 2730 1434 2782 Θεοῦ.
1485 2749 1503 2780 ι
1559 2730 1726 2800 ”Ορα,
1759 2732 1860 2781 οὐκ

1965 2739 2110 2793 enim
2147 2753 2371 2809 regnum
2422 2737 2538 2791 Dei.
2595 2755 2612 2787 ›
2662 2733 2818 2797 Vide,
2863 2749 2969 2788 non
3022 2735 3182 2798 dixit,
3223 2732 3427 2787 Horum
3478 2743 3562 2786 est

271 2817 417 2881 εἷπε,
461 2819 682 2872 Τούτων
717 2819 826 2887 γάρ
857 2820 1005 2871 ἐστιν
1035 2821 1068 2889 ἡ
1099 2819 1368 2888 βασιλεία,
1396 2820 1531 2872 ἀλλὰ
1552 2820 1661 2872 τῶν
1690 2820 1862 2872 τοιού-

1963 2832 2107 2886 enim
2134 2844 2358 2899 regnum
2407 2827 2522 2894 Dei,
2554 2827 2672 2890 sed,
2713 2827 2926 2890 talium,
2965 2826 3066 2880 hoc
3097 2837 3202 2889 est,
3251 2840 3438 2880 eorum
3468 2827 3560 2894 qui

272 2928 403 2974 των,
436 2912 684 2963 τουτέστι
734 2911 845 2964 τῶν
874 2911 1111 2980 ἑχόντων
1143 2911 1202 2974 se
1249 2912 1533 2976 ἀσκήσεως
1584 2911 1682 2977 τὴν
1724 2913 1862 2964 ἀκα-

1967 2937 2060 2992 per
2107 2922 2556 2977 exercitationem
2604 2919 2975 2972 innocentiam
3027 2917 3343 2986 acquirunt,
3395 2932 3558 2986 quain

272 3004 423 3067 κίαν,
475 3003 543 3074 ἣν
593 3005 662 3057 τὰ
711 3003 901 3056 παιδία
952 3002 1167 3073 ἔχουσιν
1214 3003 1322 3056 ἀπὺ
1362 3004 1596 3072 φύσεως.
1633 3005 1705 3057 Τὸ
1753 3005 1862 3076 γὰρ

1966 3013 2131 3084 puelli
2166 3029 2195 3068 a
2233 3022 2430 3068 natura
2483 3013 2705 3066 habent.
2755 3009 2900 3063 Puer
2938 3009 3084 3064 enim
3119 3023 3296 3078 neque
3332 3010 3558 3074 invidet,

275 3095 491 3147 παιδίον
530 3094 655 3148 οὒτε
707 3094 912 3162 φθονεῖ,
947 3094 1073 3148 οὔτε
1111 3097 1461 3165 μνησικακεῖ,
1508 3095 1632 3149 οὔτε
1668 3115 1862 3166 μαστι-

1967 3121 2144 3175 neque
2197 3106 2494 3160 vindictam
2552 3105 2869 3166 meditatur,
2937 3117 3114 3171 neque
3163 3102 3207 3158 si
3255 3101 3563 3171 ﬂagellatur

271 3189 501 3257 ξεμενον
557 3187 708 3258 παρα
762 3189 860 3257 τῆς
914 3188 1122 3258 μητρὸς
1169 3188 1488 3256 ἀφίσταται.
1551 3188 1713 3241 Ἀλλα
1759 3190 1862 3242 κᾶν
1895 3216 1938 3273 c

1895 3216 1938 3273 ε
1975 3217 2002 3254 a
2030 3210 2226 3262 matre,
2259 3200 2463 3255 recedit
2492 3213 2506 3251 :
2534 3200 2628 3254 sed
2661 3199 2825 3260 hanc,
2855 3197 3020 3251 etiam
3053 3197 3098 3251 si
3128 3204 3306 3250 vestes
3333 3194 3564 3250 detritas

274 3279 447 3348 ρἱια
476 3279 616 3349 αῦτη
662 3284 826 3350 φορῇ,
874 3280 975 3349 τῆς
1019 3279 1290 3349 βασιλίδος
1335 3281 1544 3349 ταύτην
1600 3284 1868 3353 προτιμᾷ.

1979 3293 2139 3359 ferat,
2180 3295 2378 3360 reginas
2439 3291 2674 3358 praefert.
2716 3291 2806 3345 Sic
2833 3292 2901 3360 let
2931 3291 3025 3359 qui
3059 3289 3354 3344 virtutibus
3386 3300 3563 3355 vacat,

280 3370 442 3424 (ὶῦτω
473 3374 566 3425 καὶ
596 3373 626 3425 δ
655 3373 776 3426 κατ’
803 3372 1006 3444 ἀρετὴν
1040 3373 1168 3437 ζῶν,
1188 3373 1286 3441 τῆς
1321 3375 1524 3442 μητρὸς
1553 3375 1741 3441 αὐτοῦ,
1772 3377 1872 3444 τῆς

1978 3387 2135 3439 matri
2169 3401 2302 3448 sum,
2338 3385 2592 3439 Ecclesia:
2642 3385 2785 3448 dico,
2809 3382 2998 3452 neque
3045 3381 3397 3451 voluptatem.
3445 3398 3565 3451 qua:

287 3462 616 3534 Ἐκκλησίας
664 3463 831 3531 λέγω,
884 3465 1038 3516 οὐδὲν
1090 3466 1359 3534 προτιμᾷ,
1411 3464 1532 3516 οὐδὲ
1582 3465 1680 3533 τὴν
1719 3466 1871 3534 βασι-

1976 3479 2161 3532 multis
2213 3480 2464 3547 imperat,
2500 3492 2677 3544 neque
2713 3475 2992 3545 quippiam
3051 3474 3290 3543 praefert.
3330 3473 3456 3529 Ideo
3511 3477 3563 3526 in

275 3554 540 3608 λεύουσαν
565 3557 675 3608 τῶν
708 3556 919 3609 πολλῶν
951 3557 1168 3627 ἡδονήν.
1195 3549 1287 3609 Διὸ
1316 3558 1411 3609 καὶ
1442 3557 1870 3625 ἁναγκαλίζεται

1974 3571 2129 3626 ulnas
2157 3573 2289 3624 tales
2327 3569 2754 3638 suscipitlcsus,
2790 3571 3020 3622 dicens:
3063 3585 3081 3618 ι
3114 3565 3308 3620 Venite
3353 3568 3419 3620 ad
3456 3582 3566 3632 me,

272 3649 403 3711 τοὺς
438 3649 713 3710 τοιούτους
751 3650 780 3700 δ
816 3648 1043 3719 Κύριος,
1100 3649 1295 3717 λέγων·
1345 3667 1363 3700 ι
1394 3649 1558 3702 Δεῦτε
1598 3650 1738 3720 πρός
1772 3668 1858 3719 με,

1973 3680 2163 3719 ornnes
2195 3666 2285 3733 qui
2322 3664 2578 3720 laboratis
2622 3673 2674 3718 et
2697 3664 2908 3718 onerati
2941 3665 3118 3728 estis;
3147 3680 3164 3712 ι
3197 3671 3250 3715 et
3295 3661 3566 3714 benedicit

275 3742 480 3806 πὲντες
519 3744 567 3794 οἱ
603 3742 904 3805 κοπιῶντες
935 3745 1028 3796 καὶ
1073 3743 1530 3810 πεφορτισμένοι.
1574 3761 1591 3793 ι
1636 3745 1744 3795 Καὶ
1780 3747 1869 3796 εὑ-

1974 3760 2160 3812 dicens
2199 3776 2211 3810 :
2250 3775 2268 3807 ι
2303 3756 2492 3811 Venite
2517 3797 2532 3822 ,
2558 3756 2826 3811 benedicti
2868 3754 3051 3809 Patris
3095 3754 3221 3807 mei.
3259 3771 3276 3803 ι
3320 3753 3565 3822 Regnum

276 3834 448 3902 λογεί,
481 3833 677 3902 λέγων·
713 3854 730 3887 ι
768 3834 960 3900 Δεῦτε,
996 3837 1045 3888 οί
1098 3835 1455 3905 εὐλογημένοι
1506 3833 1601 3886 τοῦ
1657 3837 1868 3905 Πατρός

1972 3859 2150 3902 autem
2192 3850 2305 3911 Dei,
2343 3849 2784 3918 praedicationem
2834 3857 2888 3902 et
2936 3845 3356 3916 promissionem
3395 3845 3566 3898 bouu-

281 3943 409 3998 μου.
444 3947 463 3979 ι
507 3927 792 3980 Βασιλείαν
833 3929 888 3981 δὲ
917 3926 1008 3980 τοῦ
1039 3927 1206 3991 Θεοῦ,
1255 3929 1314 3979 τὸ
1343 3928 1607 3997 κήρυγμα
1644 3931 1739 3980 καὶ
1769 3929 1868 3998 τὴν

1975 3958 2091 3994 rum
2123 3942 2209 3996 hic
2245 3943 2394 3995 dicit.
2433 3941 2690 4010 Quisquis
2722 3942 2884 4012 igitur
2912 3939 3188 4008 acceperit
3221 3939 3567 4005 praedicatio-

275 4017 618 4089 ἐπαγγελίαν
651 4019 759 4072 τῶν
811 4018 1033 4087 ἀγαθῶν
1067 4017 1305 4071 ἐνταῦθα
1338 4035 1525 4087 φησιν.
1558 4019 1748 4080 Ὄςτις
1775 4018 1868 4071 οὖν

1975 4051 2094 4090 nem
2133 4035 2228 4090 Dei
2272 4036 2416 4090 sicut
2446 4051 2602 4104 puer,
2640 4051 2743 4088 non
2780 4033 3092 4104 dijudicans
3120 4033 3202 4086 vel
3227 4033 3567 4093 discrcdens,

277 4111 494 4184 δέξεται
526 4113 587 4165 τὸ
620 4113 884 4182 κήρυγμα
914 4111 1008 4164 τοῦ
1047 4110 1182 4164 Θεοῦ
1224 4111 1321 4173 ὡς,
1347 4110 1581 4175 παιδίον,
1621 4111 1867 4163 τουτέστι

1972 4129 2061 4185 ille
2108 4131 2412 4197 ingreditur
2440 4132 2500 4188 in
2524 4145 2755 4200 regnum
2779 4128 2871 4182 Dei
2939 4136 2993 4182 et
3018 4128 3073 4181 in
3108 4130 3247 4195 bona
3286 4142 3406 4197 quae
3455 4126 3566 4193 jam

282 4207 448 4275 μηδὲν
487 4205 901 4275 διακρινόμενος
939 4205 1268 4275 ήάπιστῶν,
1304 4207 1519 4269 ἐκεῖνος
1558 4206 1867 4276 εἰσέρχεται

701 4206 901 4273 ’άμενος
939 4205 1268 4275 ἧάπιστῶν,
1304 4207 1519 4269 ἐκεῖνος
1558 4206 1867 4276 εἰσέρχεται
1977 4221 2080 4277 [iac
2129 4223 2388 4292 ειιεεερίι,

276 4300 360 4360 si;
405 4297 502 4363 τὴν
555 4297 830 4367 βασιλείαν
875 4296 970 4349 τοῦ
1003 4297 1162 4362 Θεοῦ,
1218 4299 1317 4352 καὶ
1366 4299 1444 4362 είς
1491 4300 1559 4352 τὰ
1599 4297 1782 4367 ἀγαθὰ
1832 4298 1867 4351 ἃ

278 4387 499 4452 ἐδέξατο
524 4388 623 4461 ἠδη
656 4393 721 4460 τῇ
756 4390 956 4444 πίστει.

357 4497 377 4531 ι
416 4480 525 4534 Καὶ
577 4481 1022 4551 ἐκπορευομένου
1055 4481 1222 4536 αὑτοῦ
1266 4484 1348 4548 είς
1394 4483 1537 4547 ὁδὸν,
1587 4484 1864 4555 προσδρα-

2045 4470 2212 4527 Vsas.
2267 4471 2451 4528 l7-22.
2491 4490 2509 4523 ‹
2567 4470 2633 4523 Ει
2683 4485 2806 4524 eum
2843 4470 3018 4525 exiret
3069 4472 3122 4524 in
3176 4468 3344 4534 riam,
3407 4467 3578 4541 226.

282 4571 402 4642 μὼν
447 4566 549 4637 εἷς,
596 4573 690 4626 καὶ
739 4577 1116 4647 γονυπετήσας
1164 4577 1334 4647 αὐτῷ,
1372 4574 1636 4648 ἐπηρώτα
1685 4578 1871 4632 αὐτόν·
1899 4557 1962 4617 D

1899 4557 2219 4619 Daccurrit
2242 4566 2486 4635 quidam,
2524 4579 2587 4619 ac
2632 4579 2806 4633 genua
2838 4562 2987 4618 ﬂexit
3033 4563 3132 4629 illi,
3173 4573 3228 4617 et
3261 4563 3570 4634 interroga-

280 4667 582 4720 Διδάσκαλε
610 4667 808 4734 ἀγαθὲ,
843 4668 895 4721 τί
924 4671 1158 4738 ποιήσω.
1193 4669 1281 4723 ῐνα
1310 4670 1458 4738 ζωὴν
1485 4669 1707 4722 αἰώνιον
1737 4670 1872 4740 κληη

1979 4658 2266 4712 bateum:
2312 4657 2624 4726 Praeceptor
2676 4658 2838 4720 bone,
2872 4657 3000 4726 quid
3055 4656 3250 4710 faciam
3298 4667 3357 4710 ut
3405 4660 3573 4710 vitam

281 4759 604 4828 ρσνομήσως
648 4759 706 4812 '0
727 4759 784 4813 δὲ
830 4760 1040 4830 Ἰησοῦς
1070 4758 1228 4815 εἶπεν
1260 4761 1413 4833 αὺτῷ
1440 4777 1452 4792 ·
1488 4762 1554 4815 Τί
1585 4779 1654 4832 με
1685 4762 1867 4831 λέγεις

1974 4761 2232 4805 aeternam
2269 4750 2624 4820 possideam?
2648 4748 2808 4803 Jesus
2839 4759 3020 4804 autem
3049 4751 3187 4803 dixit
3211 4749 3286 4803 illi
3312 4767 3325 4803 :
3348 4749 3459 4803 Cur
3485 4766 3571 4803 me

281 4849 487 4918 ἀγαθόν
514 4869 529 4918 ;
572 4851 761 4915 Οὐδεὶς
798 4853 1025 4919 ἀγαθὸς,
1059 4855 1107 4905 εί
1138 4855 1210 4924 μὴ
1238 4848 1316 4917 εἷς
1349 4857 1376 4908 δ
1409 4854 1563 4918 Θιόςο
1592 4856 1690 4919 τὰς
1724 4856 1874 4908 ἐντο-

1975 4843 2112 4898 dicis
2138 4841 2372 4898 bonum?
2409 4841 2577 4896 Nemo
2606 4842 2800 4905 bonus,
2835 4842 2939 4895 nisi
2978 4858 3138 4903 unus,
3176 4857 3371 4910 nempe
3405 4841 3569 4896 Deus.

278 4944 376 5006 λάς
407 4940 552 5007 οἶδας
577 4960 591 5009 ;
613 4944 707 5014 Μὴ
741 4943 1059 5016 μοιχεύσῃς,
1094 4944 1170 5016 μὴ
1200 4945 1489 5018 φονεύσῃς,
1535 4947 1609 5016 μὴ
1641 4946 1869 5017 κλέψῃς»

1975 4936 2248 5004 Praecpta
2282 4933 2465 4989 nosti?
2497 4933 2573 4989 Ne
2602 4933 2916 4987 committas
2943 4933 3295 4995 adulterium,
3326 4947 3397 4986 ne
3425 4934 3573 4987 occi-

283 5037 361 5106 μὴ
411 5036 959 5108 ψευδομαρτυρήσῃς,
1015 5039 1091 5107 μὴ
1136 5021 1549 5108 ἀποστερήσῃς.
1582 5039 1731 5107 Τίμα
1775 5038 1868 5092 τὸν

1977 5027 2098 5090 das,
2134 5040 2200 5078 ne
2245 5019 2466 5090 (ureris,
2514 5039 2581 5078 ne
2635 5023 2834 5079 falsum
2868 5023 3242 5078 testimonium
3292 5024 3464 5087 dicas,
3503 5039 3570 5076 ne

280 5126 497 5198 πατέρα
523 5143 617 5180 σου
671 5130 766 5180 καὶ
793 5129 894 5198 τὴν
937 5131 1154 5199 μητέρα
1185 5145 1304 5183 σου.
1346 5128 1408 5184 ‘0
1439 5130 1494 5182 δὲ
1524 5129 1867 5199 ἀποκριθεὶς,

1973 5117 2215 5179 fraudes,
2253 5118 2460 5173 honora
2492 5131 2702 5187 patrem
2734 5124 2889 5170 tuum
2925 5124 2980 5170 et
3029 5125 3261 5170 matrem
3297 5125 3463 5170 tuam.
3503 5117 3571 5169 At

280 5214 435 5271 εἶπεν
455 5219 626 5289 αὐτῷ’
659 5219 984 5284 Διδάσκαλε,
1009 5223 1183 5274 ταῦτα
1211 5222 1394 5276 πάντα
1415 5222 1776 5293 ἐφυλαξάμην
1806 5224 1872 5275 ὲκ

1973 5212 2064 5266 ille
2126 5212 2462 5281 respondens
2509 5210 2643 5263 dixit
2696 5209 2816 5265 illi:
2850 5208 3184 5278 Praeceptor,
3223 5209 3340 5263 base
3387 5211 3567 5263 omnia

280 5313 535 5380 νεότητός
571 5329 695 5381 μου.
745 5313 802 5366 Ὀ
846 5312 904 5367 δὲ
934 5313 1161 5380 Ἰησαῦς
1195 5313 1480 5383 tamen;
1532 5314 1704 5383 αὐτῷ,
1733 5315 1875 5385 ἠγά-

1973 5303 2183 5359 servavi
2239 5303 2313 5357 ab
2341 5301 2706 5357 adolescentia
2746 5315 2888 5354 mea.
2924 5298 3082 5354 Jesus
3111 5310 3290 5354 autem
3341 5301 3573 5355 intuitus

281 5420 460 5470 πησεν
509 5403 693 5493 αὑτὸν)
743 5407 838 5458 καὶ
893 5400 1049 5458 εἶπεν
1095 5403 1246 5475 αὺτῷ
1279 5421 1292 5435 ⁸
1324 5406 1422 5458 Ἕν
1482 5423 1564 5458 σοι
1628 5406 1869 5477 ὑστερεῖ,

1973 5397 2147 5461 illum,
2184 5397 2374 5451 dilexit
2407 5412 2552 5457 eum.
2610 5405 2665 5450 et
2702 5394 2841 5449 dixit
2866 5395 2939 5449 illi
2974 5415 2986 5450 :
3022 5395 3202 5451 Unum
3254 5394 3348 5447 tibi
3385 5396 3572 5458 deest;

279 5492 488 5561 ὕπαγε,
534 5489 828 5566 ὅστιέχεις
874 5495 1151 5564 πώλησον,
1200 5498 1294 5549 καὶ
1340 5496 1429 5557 δὸς
1470 5499 1729 5566 πτωχοῖς,
1778 5497 1874 5549 καὶ

1978 5493 2086 5550 abi.
2123 5504 2466 5560 quaecunque
2498 5489 2666 5543 habes
2704 5489 2899 5554 vende,
2943 5499 3000 5544 et
3029 5494 3093 5543 da
3138 5489 3470 5558 pauperibus
3521 5495 3576 5540 cl

281 5588 427 5653 ἔξεις
455 5586 729 5657 θησαυρὸν
755 5591 814 5641 ὲν
846 5587 1083 5659 οὐρανῷ,
1117 5590 1212 5643 καὶ
1236 5588 1402 5662 δεῦρο
1441 5589 1728 5643 ἀκολούθει
1758 5605 1870 5660 μοι,

1978 5584 2203 5638 habebis
2253 5583 2568 5637 thesaurum
2605 5583 2658 5636 in
2712 5583 2874 5646 caelo,
2929 5593 2983 5637 et
3026 5583 3149 5638 veni
3203 5596 3432 5651 sequere
3467 5595 3573 5642 nte.

284 5683 426 5750 ἄρας
458 5682 550 5736 τὸν
588 5682 841 5753 σταυρόν.
891 5683 950 5737 '0
1004 5683 1069 5736 δὲ
1100 5683 1411 5751 στυγνάσας
1443 5683 1538 5736 ἰπὶ
1572 5681 1650 5753 τῷ
1686 5682 1830 5750 λόγῳ
1856 5721 1870 5745 ,

1978 5677 2190 5733 sublata
2228 5678 2279 5729 iu
2320 5677 2581 5730 humeros
2617 5690 2799 5728 cruce.
2832 5675 2901 5727 At
2931 5675 3022 5727 ille
3066 5674 3312 5727 molestia
3349 5671 3576 5726 aﬂectus

283 5770 494 5842 ἀπῆλθ’(
528 5773 889 5844 λυπούμενος,
917 5769 985 5846 ἦν
1011 5774 1124 5845 γὰρ
1154 5774 1293 5845 ἔχων
1329 5776 1590 5845 κτήματα
1621 5772 1814 5828 πολλά.
1848 5792 1864 5825 ι

1979 5784 2076 5839 per
2110 5783 2442 5829 sermonem.
2478 5767 2789 5822 discedebat
2843 5780 3082 5820 moerens
3110 5784 3124 5832 ;
3165 5766 3399 5819 habebat
3431 5767 3577 5819 enim

283 5865 444 5930 Τινὲς
474 5865 816 5920 διαϐάλλουσι
852 5866 943 5921 τὸν
987 5867 1274 5922 νεανίσκον
1323 5866 1533 5935 τοῦτον,
1581 5868 1658 5931 ὡς
1702 5865 1871 5920 ὕπου-

1978 5863 2354 5934 possessiones
2407 5861 2631 5916 multas.
2695 5880 2712 5911 ι
2760 5859 2990 5926 Quidam
3018 5869 3206 5914 taxant
3257 5859 3581 5916 adolescen-
