4272 6438
717 396 823 460 599

1610 397 2178 459 THEOPHYLACTI
2223 398 2630 460 BULGARI/E
2669 397 3019 459 ARCHIEP.

3837 395 3949 458 600

719 523 824 567 tetu
856 511 1002 566 illum
1032 523 1084 567 et
1111 511 1392 566 subdolum
1436 521 1488 566 et
1526 512 1722 566 malum
1755 523 1805 566 et
1839 522 2181 566 tentatorem.
2231 515 2298 568 At
2333 523 2367 575 Α
2401 514 2406 564 1

2281 525 2298 568 t
2333 523 2367 575 Α
2401 513 2491 566 λόν
2519 528 2639 565 τινα
2674 513 2768 565 καὶ
2801 510 3040 580 πονηρὸν
3066 507 3160 561 καὶ
3210 508 3581 575 πειραστικόν.
3617 507 3732 561 Οὐκ
3764 506 3878 560 ἔστι
3907 511 3965 563 ει

717 617 823 658 non
853 601 926 655 ita
955 615 1012 654 se
1049 616 1133 654 res
1163 602 1346 666 habet,
1377 603 1468 654 sed
1506 604 1720 655 amabat
1752 602 1991 665 divitias,
2028 617 2132 654 non
2169 613 2291 656 ten-

715 693 879 746 tahat.
913 691 1050 744 Audi
1087 692 1231 746 enim
1264 693 1669 761 evangelistam,
1711 695 1853 760 quod
1885 709 2006 746 cum
2059 694 2290 746 intuitus

711 790 854 834 esset
887 795 1008 834 eum
1041 780 1219 847 Jesus,
1254 782 1499 836 dilexerit
1556 782 1724 835 illum.
1767 781 1947 847 Quare
1992 784 2153 851 igitur
2212 786 2289 839 sic

2399 604 2576 657 τοῦτο’
2608 603 2744 655 ἀλλὰ
2785 601 3191 671 φιλοχρήματος
3223 600 3322 668 μὲν
3351 600 3378 651 6
3405 599 3715 668 ἄνθρωπος,
3745 599 3806 652 οὐ
3847 615 3967 650 πει-

2401 694 2599 762 ραστὴς
2653 693 2732 746 δέ.
2804 693 2997 744 Ἀκουε
3057 692 3167 760 γὰρ
3237 690 3332 743 τοῦ
3402 689 3819 757 εὐαγγελιστοῦ,
3881 690 3964 742 ὅτι

2393 784 2667 851 ἐμϐλέψας
2714 782 2864 852 αὖτῷ
2933 785 2962 834 6
2993 782 3222 852 Ἰησοῦς,
3248 781 3536 851 ἠγάπησεν
3581 781 3764 834 αὐτόν.
3799 782 3956 834 Διατί

713 874 988 940 respondit
1010 872 1326 926 eiCltristus
1348 873 1532 926 dicens
1564 891 1575 924 :
1613 872 1796 927 Nullus
1825 875 2035 928 bonus?
2060 871 2192 938 Quia
2225 877 2287 928 ad
2390 893 2400 926 ι

2263 877 2287 928 il
2390 871 2482 928 οὖν
2513 876 2652 928 οὕτω
2681 875 2814 943 πρὸς
2848 875 3009 929 αὑτὸν
3036 875 3370 942 ἀπεκρίνατο
3399 875 3426 925 6
3454 873 3706 942 Χριστὸς,
3742 873 3916 940 λέγων
3937 890 3950 905 ·

718 966 894 1032 ipsum
961 973 1262 1018 accesserat
1318 974 1570 1032 tanquam
1633 968 1698 1018 ad
1757 968 2053 1030 hominem,
2113 977 2166 1020 et
2215 967 2280 1018 ad

712 1073 872 1108 unum
909 1071 970 1110 ex
1011 1057 1305 1125 magistris.
1351 1057 1535 1108 Dicere
1575 1059 1716 1110 enim
1755 1059 1863 1112 vult
1893 1059 2140 1114 Christus
2171 1076 2183 1111 :
2221 1058 2277 1112 Si

708 1146 920 1212 quidem
954 1155 1010 1198 ut
1035 1145 1346 1211 magistrum
1405 1155 1560 1213 putas
1590 1163 1674 1200 me
1696 1160 1812 1200 esse
1847 1149 2068 1214 bonum,
2106 1149 2280 1203 nullus

707 1237 868 1289 homo
903 1235 1092 1299 bonus,
1127 1237 1169 1289 si
1211 1251 1330 1288 cum
1378 1235 1484 1289 Deo
1544 1237 1872 1301 conferatur,
1905 1240 1985 1292 sin
2020 1250 2075 1293 ut
2113 1240 2278 1292 Deum

706 1341 793 1380 me
830 1326 1025 1380 bonum
1062 1342 1178 1380 esse
1217 1341 1424 1390 censes,
1473 1327 1600 1395 quid
1642 1328 1807 1396 igitur
1847 1331 2159 1398 magistrum
2195 1344 2280 1384 me

709 1417 909 1470 vocas?
941 1417 1003 1468 Et
1037 1418 1103 1468 ita
1133 1419 1311 1471 verbis
1348 1420 1468 1472 istis
1497 1417 1746 1473 Christus
1779 1431 2011 1474 mentem
2045 1422 2280 1475 hominis

707 1510 846 1562 illius
884 1508 1250 1564 sublimiorem
1305 1508 1526 1562 reddere
1574 1510 1707 1570 vult,
1759 1519 1812 1563 ut
1861 1511 1974 1579 ipse
2024 1522 2276 1580 tanquam

705 1602 842 1653 Deus
894 1611 1236 1666 agnoscatur.
1294 1599 1397 1652 Sed
1449 1609 1504 1653 et
1543 1600 1685 1654 aliud
1733 1601 1987 1669 quiddam
2034 1605 2275 1671 corrigit,

703 1692 940 1745 docendo
973 1694 1118 1744 illum
1151 1705 1216 1744 ne
1262 1692 1510 1744 aduletur
1539 1691 1620 1745 ltis
1652 1706 1771 1744 cum
1813 1694 2010 1761 quibus
2047 1709 2273 1748 conver-

701 1793 915 1836 saturns
945 1793 1044 1841 est.
1086 1783 1177 1836 scd
1232 1783 1465 1836 radicem
1505 1781 1812 1852 fontemque
1854 1785 2110 1838 hooitatis
2135 1787 2272 1837 sciat

2389 967 2579 1030 Οὐδεὶς
2620 967 2858 1034 ἀγαθό;;
2919 967 3140 1036 Ἐπειδὴ
3192 967 3266 1027 ὼς
3320 964 3591 1035 ἀνθρώπῳ
3646 966 3959 1036 προσῆλθε,

2388 1061 2481 1113 καὶ
2530 1059 2605 1122 ὡς
2654 1061 2734 1112 ἐνὶ
2785 1058 2892 1110 τῶν
2951 1057 3164 1110 πολλῶν
3207 1057 3562 1110 διδασκάλων.
3627 1058 3799 1110 Τοῦτο
3853 1059 3962 1126 γάρ

2385 1151 2534 1217 λέγει
2571 1151 2599 1202 6
2628 1150 2859 1217 Χριστός
2885 1165 2896 1177 ·
2947 1148 3075 1200 Ἐὰν
3107 1147 3207 1216 μὲν
3235 1147 3308 1209 ὡς
3353 1147 3670 1200 διδάσκαλον
3718 1146 3959 1214 νομίζεις

2386 1260 2452 1310 με
2493 1239 2631 1296 εἷναι
2656 1242 2877 1309 ἀγαθὸν,
2914 1241 3088 1302 οὐδεὶς
3119 1241 3403 1308 ἅνθρωπος
3444 1241 3671 1304 ἀγαθὸς,
3710 1240 3788 1301 ὡς
3823 1239 3961 1306 πρὸς

2384 1335 2671 1401 σύγκρισιν
2701 1332 2794 1384 τοῦ
2815 1330 2966 1383 Θεοῦ·
2998 1330 3094 1384 ἐὰν
3123 1330 3179 1382 δὲ
3207 1329 3282 1392 ὡς
3299 1331 3430 1381 Θεὸν
3454 1329 3691 1397 νομίζεις
3726 1345 3791 1397 με
3818 1325 3959 1380 εἶναι

2381 1423 2602 1489 ἀγαθὸν,
2648 1422 2700 1475 τί
2731 1423 2916 1475 λοιπὸν
2963 1421 3284 1475 διδάσκαλόν
3332 1437 3396 1490 με
3429 1421 3752 1487 ὁνομάζειςς
3789 1419 3958 1469 Ὥστε

2379 1517 2536 1570 τοῦτο
2566 1518 2652 1569 διὰ
2691 1517 2797 1568 τῶν
2834 1517 3094 1586 ῥημάτων
3141 1515 3346 1566 τούτων
3374 1515 3401 1564 6
3434 1514 3668 1581 Χριστὸς
3703 1512 3958 1579 βούλεται

2379 1608 2457 1672 τὸ,
2492 1608 2826 1679 ὑψηλοτέραν
2855 1608 3076 1674 ποιῆσαι
3106 1605 3205 1675 τὴν
3237 1603 3331 1657 τοῦ
3361 1604 3652 1672 ἀνθρώπου
3689 1604 3958 1666 διάνοιαν,

2381 1701 2514 1770 πρὸς
2545 1700 2605 1752 τὸ
2634 1700 2929 1768 ἐπιγνῶναι
2974 1699 3136 1751 αὑτὸν
3174 1701 3248 1761 ὼς
3297 1695 3451 1749 Θεόν.
3508 1694 3665 1747 Ἀλλὰ
3708 1701 3801 1770 και
3830 1694 3961 1746 ἄλλο

2380 1809 2433 1845 τι
2486 1791 2764 1862 κατορθοῖ,
2824 1791 2884 1842 τὸ
2934 1790 3138 1852 διδάξαι
3188 1787 3372 1850 αὐτὴν,
3435 1787 3566 1839 ὅταν
3623 1787 3728 1837 τινὶ
3783 1769 3958 1854 μέλλῃ

703 1878 889 1929 “citati.
944 1879 1026 1925 cui
1079 1879 1250 1926 honor
1284 1873 1599 1926 tribuendus
1647 1885 1748 1926 est.
1795 1876 2049 1929 Admiror
2093 1886 2272 1928 autem
2306 1869 2390 1936 De

2268 1901 2272 1927 ι
2306 1869 2346 1924 Β
2376 1885 2651 1954 ὁμιλῆσαι,
2685 1883 2758 1952 μὴ
2789 1880 3192 1941 κολακευτικῶς
3229 1879 3457 1948 ὁμιλεῖν,
3487 1876 3621 1929 ἀλλά
3657 1875 3755 1944 τὴν
3795 1875 3955 1945 ῥίζαν

697 1963 1120 2025 τιιῖοίεδιυιιιοειι,
1171 1966 1312 2032 quod
1361 1978 1480 2016 cum
1515 1963 1602 2017 alii
1638 1967 1876 2032 plerique
1910 1965 2267 2018 sanandorum

698 2061 1006 2110 morborum
1040 2062 1207 2125 gratia
1245 2061 1575 2112 acceSSerint
1599 2100 1613 2123 ,
1646 2059 1732 2113 ille
1767 2059 1888 2112 vita:
1918 2068 2132 2112 auertite
2162 2059 2271 2111 ha:-

699 2150 976 2201 Ιιιίίίιιίυιιι
1031 2150 1328 2216 quaesierit,
1390 2151 1601 2204 tametsi
1648 2150 1966 2219 gravissimo
2023 2151 2266 2205 avaritiae

695 2245 878 2295 morbo
908 2252 1216 2296 teneretur:
1249 2253 1466 2310 propter
1488 2242 1628 2311 quod
1654 2257 1772 2296 cum
1801 2244 2062 2305 audisset,
2100 2241 2262 2307 Vade,

697 2333 882 2389 vende.
911 2343 964 2386 et
994 2335 1053 2386 da
1081 2335 1424 2403 pauperibus.
1458 2334 1588 2386 abiit
1611 2334 1828 2388 tristitia
1857 2334 2098 2388 allectus.
2139 2333 2266 2388 Vide

691 2437 870 2478 autem
896 2427 1034 2492 quod
1061 2441 1166 2479 non
1191 2426 1404 2480 dixerit.
1446 2424 1612 2489 Vade,
1647 2435 1701 2478 et
1723 2440 2054 2494 qua'cunque
2080 2427 2263 2490 habes,

691 2517 1048 2587 particulatim
1099 2516 1290 2578 vende,
1321 2525 1372 2569 et
1402 2519 1465 2570 da
1493 2535 1503 2571 :
1541 2522 1659 2581 sed,
1693 2517 1873 2573 Vende
1897 2519 2084 2581 semel,
2118 2529 2171 2570 et
2198 2519 2262 2571 da

694 2613 1037 2679 pauperibus,
1077 2613 1269 2671 inquit,
1303 2611 1394 2664 sed
1435 2625 1538 2664 non
1572 2609 1948 2664 adulatoribus
1981 2621 2035 2663 et
2071 2610 2263 2664 intem-

691 2703 910 2771 peratis.
945 2701 1168 2768 Insuper
1194 2701 1368 2754 ethoc
1399 2701 1560 2754 dicit:
1595 2699 1749 2763 Veni,
1771 2713 2000 2767 sequere
2031 2714 2135 2764 me,
2163 2700 2263 2754 hoc

689 2803 792 2857 est,
842 2803 894 2847 et
941 2807 1156 2847 omnem
1208 2793 1366 2844 aliam
1424 2791 1678 2844 virtutem
1726 2789 2057 2857 amplexare.
2115 2789 2261 2842 Multi

686 2887 828 2940 enim
861 2874 1123 2952 pauperes
1148 2893 1294 2947 sunt,
1329 2883 1422 2937 Sed
1460 2897 1566 2937 non
1601 2880 1830 2934 humiles
1865 2899 1876 2934 :
1909 2879 1990 2933 vel
2022 2879 2121 2932 etsi
2161 2881 2257 2932 hu-

690 2974 864 3038 miles,
899 2989 1001 3028 nou
1039 2985 1215 3026 tamen
1246 2972 1432 3036 sobrii,
1459 2972 1551 3025 sed
1584 2971 1742 3032 ebrii,
1783 2969 1865 3023 vel
1893 2970 1996 3023 alio
2022 2971 2254 3038 quodam

688 3065 826 3120 malo
859 3065 1124 3134 impliciti.
1157 3061 1222 3117 Et
1253 3073 1533 3133 propterea
1572 3063 1832 3117 Dominus
1864 3063 2024 3117 dicit:
2053 3063 2255 3126 Vende,

686 3165 741 3211 et
770 3157 833 3210 da
885 3157 1235 3226 pauperibus,
1285 3165 1340 3209 et
1386 3169 1614 3224 sequere
1662 3170 1766 3218 me,
1809 3156 2021 3208 sublata
2076 3169 2255 3218 cruce,

688 3249 790 3301 hoc
838 3260 938 3308 εει,
975 3255 1271 3314 praeparato
1309 3247 1480 3312 teipso
1510 3260 1608 3314 pro
1656 3260 1739 3298 me
1789 3246 1852 3298 ad
1891 3255 2141 3299 mortem.
2192 3245 2262 3297 At

685 3338 789 3401 hic,
825 3349 1048 3393 llltBSlllS
1109 3339 1176 3392 ob
1223 3351 1530 3392 sermonem
1585 3335 1758 3399 illum,
1812 3337 1963 3390 abiit.
2015 3335 2259 3390 Habebat

683 3428 826 3482 enim
859 3429 1229 3496 pOssessiones
1255 3428 1469 3484 multas.
1496 3427 1602 3484 Nec
1627 3431 1830 3483 frustra
1864 3429 2086 3493 addidit,
2123 3429 2258 3482 mul-

687 3531 814 3574 tas:
858 3535 963 3573 non
995 3521 1136 3574 enim
1171 3521 1421 3576 similiter
1469 3521 1754 3592 alligantur
1799 3523 1851 3576 hi
1900 3523 1990 3590 qui
2034 3528 2257 3576 multum

683 3623 734 3666 et
773 3614 821 3666 hi
866 3614 958 3680 qui
1009 3629 1196 3681 parum
1250 3615 1545 3682 possident.
1596 3613 1870 3670 Difﬁcilius
1905 3617 2049 3670 enim
2094 3629 2258 3683 expe-

681 3707 904 3759 diuntur
933 3706 1146 3759 vincula
1183 3721 1369 3761 eorum
1405 3709 1495 3776 qui
1531 3708 1695 3761 multa
1727 3709 2021 3774 possident.
2057 3707 2256 3762 Verum

681 3808 735 3852 et
761 3797 804 3850 si
846 3799 968 3865 quis
1013 3798 1331 3854 adolescens
1364 3797 1528 3853 luerit
1567 3799 1788 3868 juvenili
1827 3815 1889 3853 ac
1933 3799 2034 3853 levi
2069 3815 2254 3862 sensu,

680 3897 734 3942 et
767 3889 903 3943 male
945 3889 1244 3958 composita
1291 3900 1496 3956 mente,
1530 3891 1726 3946 vendat
1761 3891 1923 3960 225
1975 3890 2255 3946 facultates

679 3991 826 4041 suas,
861 3985 1044 4046 utpote
1077 3979 1210 4032 iram
1243 3988 1298 4032 et
1337 3979 1854 4049 concupiscentiam,
1896 3988 1951 4036 ct
1986 3997 2254 4049 quaecun—

675 4083 781 4137 que
817 4083 878 4122 et
917 4067 1000 4124 his
1049 4069 1190 4123 mala
1241 4069 1525 4138 pullulant,
1585 4079 1638 4125 et
1687 4073 1776 4124 det
1824 4086 1884 4126 ea
1935 4087 1997 4126 ac
2037 4071 2254 4141 abjiciat

679 4159 1024 4228 pauperibus,
1088 4160 1189 4214 hoc
1245 4169 1328 4215 est
1381 4159 1714 4218 daemonibus
1751 4176 2053 4229 :pauperes
2110 4164 2252 4215 enim

678 4261 804 4303 sunt
864 4251 1115 4319 orimlque
1169 4252 1362 4320 privati
1395 4255 1556 4317 bono,
1608 4261 1661 4307 et
1697 4253 2015 4307 exciderunt
2051 4253 2253 4309 divitiis

677 4343 938 4398 bonitatis
977 4343 1105 4397 Dei:
1144 4353 1197 4396 et
1224 4353 1349 4398 tunc
1375 4352 1632 4410 sequatur
1660 4344 1959 4398 Christum.
1991 4343 2124 4397 Nam
2158 4346 2250 4414 qui

675 4433 888 4486 divitias
920 4442 1268 4500 peccatorum
1295 4432 1632 4488 demonibus
1661 4432 1938 4498 obiecerit,
1977 4436 2124 4502 sequi
2155 4451 2250 4504 po-

2378 1978 2466 2027 καὶ
2492 1973 2590 2044 τὴν
2617 1973 2800 2041 πηγὴν
2829 1971 2923 2039 τῆς
2958 1973 3308 2036 ἁγαθοτητος,
3333 1967 3528 2019 εἰδέναι
3554 1965 3644 2017 τὸν
3675 1963 3831 2027 Θεὸν,
3862 1963 3957 2015 καὶ

2373 2064 2520 2134 αὐτῷ
2560 2065 2658 2126 τάς
2697 2064 2860 2133 τιμάς
2905 2062 3218 2130 ἀναφέρειν.
3261 2058 3544 2125 Θαυμάζω
3574 2057 3630 2108 δὲ
3660 2056 3749 2107 τὸν
3781 2055 3957 2106 νεανί-

2374 2175 2500 2209 σκον
2536 2158 2745 2221 τοῦτον,
2775 2158 2855 2208 ὅτι
2890 2155 2999 2207 τῶν
3052 2153 3228 2207 ἄλλων
3261 2151 3516 2204 ἁπάντων
3552 2151 3676 2217 περὶ
3709 2146 3958 2212 νοσημάο

2369 2265 2475 2300 των
2533 2245 2828 2315 θεραπείας
2874 2245 3233 2312 προσιόντων,
3293 2239 3456 2301 αὐτὸς
3529 2239 3673 2306 ζωῆς
3725 2237 3955 2290 αἰωνίου

2369 2339 2734 2408 κληρονομίαν
2767 2335 2938 2404 ζητεῖ,
2982 2336 3029 2387 εί
3071 2336 3164 2384 καὶ
3205 2331 3363 2384 πάθει
3391 2331 3682 2397 δεινοτάτῳ
3723 2333 3791 2396 τῇ
3829 2330 3955 2396 φιλ-

2367 2427 2606 2498 αργυρία
2655 2428 2959 2494 κατείχετο,
3009 2425 3077 2476 δι’
3135 2423 3197 2492 ἦν
3245 2423 3505 2483 ἀκούσας,
3563 2421 3954 2486 "Tm-1:15.116:-

2366 2519 2548 2587 λησον,
2579 2517 2669 2570 καὶ
2715 2515 2802 2578 δὸς
2841 2517 3099 2583 πτωχοῖς,
3144 2513 3351 2578 ἀπῆλθε
3393 2512 3746 2576 Tauno-(319%;
3809 2513 3951 2579 Ὅρα

2365 2609 2438 2669 δὲ,
2492 2609 2591 2661 οὐκ
2631 2607 2804 2671 εἶπεν,
2852 2607 3199 2673 ὃτιἺῚταγε,
3233 2607 3330 2657 ὅσα
3384 2604 3527 2672 ἔχεις
3578 2604 3745 2655 πώλει
3808 2602 3952 2654 κατά

2370 2702 2534 2769 μέρος
2573 2701 2664 2751 καὶ
2690 2699 2858 2760 δίδου,
2895 2698 3030 2749 ἀλλὰ
3071 2697 3323 2764 πώλησον
3369 2696 3474 2748 ἀπὸ
3510 2697 3659 2763 μιᾶς,
3699 2697 3793 2746 καὶ
3837 2694 3949 2756 δὸς,

2364 2791 2498 2844 ἀλλὰ
2533 2792 2788 2859 πτωχοῖς,
2820 2789 2958 2842 ἀλλά
3014 2788 3089 2858 μὴ
3117 2787 3304 2852 κόλαξι
3355 2788 3445 2840 καὶ
3489 2785 3741 2847 ἀσώτοις.
3788 2785 3951 2836 ’Λὶλά

2365 2869 2454 2934 καὶ
2485 2880 2679 2950 δεῦρο,
2719 2880 3002 2933 ἀκολούθει
3039 2898 3148 2949 μοι,
3185 2879 3454 2942 τουτέστι,
3531 2867 3626 2932 καὶ
3650 2878 3746 2947 τὴν
3779 2878 3952 2945 ἄλλην

2363 2975 2580 3026 ἃπασαν
2612 2974 2812 3042 ἀρετὴν
2849 2972 3094 3041 μέτελθε.
3131 2972 3321 3024 Πολλοὶ
3355 2973 3464 3042 γὰρ
3500 2972 3810 3041 ἀκτήμονες
3847 2970 3952 3039 μέν

2362 3065 2519 3128 είσιν,
2549 3064 2607 3116 οὐ
2641 3064 3064 3132 ταπεινόφρονες
3091 3063 3170 3124 δὲ,
3195 3064 3226 3134 ἢ
3256 3064 3348 3116 καὶ
3372 3063 3798 3132 ταπεινόφρονες
3824 3062 3948 3130 μιν,

2363 3153 2496 3206 ἀλλὰ
2538 3153 2822 3223 μέθυσοιῆ
2870 3153 2995 3205 ἄλλο
3045 3169 3096 3205 τι
3143 3155 3312 3207 κακδν
3364 3153 3602 3224 ἔχοντες.
3645 3154 3746 3204 Διά
3788 3152 3954 3204 τοῦτο

2364 3245 2456 3299 οὖν
2483 3249 2510 3298 6
2540 3245 2742 3315 Κύριος
2770 3245 2939 3313 λέγει·
2978 3245 3256 3315 Πώλησον,
3295 3247 3388 3298 καὶ
3427 3245 3513 3308 δὶς
3561 3245 3820 3316 πτωχοῖς,
3857 3245 3953 3295 καὶ

2363 3334 2647 3390 ἀκολούθει
2690 3351 2817 3405 μοι,
2864 3337 3001 3405 ἀρας
3045 3335 3139 3389 τὸν
3189 3336 3440 3406 σταυρὸν,
3483 3336 3755 3396 τουτέστι,
3808 3335 3950 3406 πρὸς

2362 3428 2592 3480 θάνατον
2620 3426 2711 3479 τὸν
2743 3427 2883 3498 ὑπὲρ
2915 3427 3048 3495 ἐμοῦ
3093 3428 3388 3496 ἑτοιμάσας
3440 3427 3686 3480 σεαυτόν.
3759 3427 3820 3479 ’0
3864 3427 3947 3491 δὲ,

2363 3520 2670 3588 στυγνάσας
2712 3521 2805 3573 ἐπὶ
2851 3519 2928 3590 τῷ
2962 3520 3124 3589 λόγῳ,
3175 3519 3440 3590 ἀπῆλθεν.
3480 3515 3590 3573 Ἦν
3641 3521 3750 3589 γὰρ
3804 3520 3950 3589 ἔχων

2363 3614 2612 3683 κτήματα
2645 3614 2816 3666 πολλά
2849 3629 2863 3644 ·
2903 3613 2966 3666 οὐ
3024 3615 3200 3682 μάτην
3230 3613 3288 3666 δὲ
3322 3613 3640 3684 πρόσκειται
3674 3612 3833 3665 τοῦτο
3862 3611 3947 3675 τὸ,

2361 3705 2550 3757 πολλά.
2581 3705 2692 3758 Καὶ
2725 3704 2833 3774 γάρ
2854 3703 2952 3772 οὐχ
2977 3703 3176 3771 ὁμοίως
3206 3704 3318 3756 οἰτε
3352 3703 3521 3757 πολλὰ
3551 3703 3790 3774 ἔχοντες,
3826 3705 3946 3756 οἵτε

2358 3798 2516 3866 ὀλίγα
2535 3798 2877 3867 κατέχονται,
2905 3797 3040 3851 ἀλλά
3061 3797 3339 3869 δεινότερα
3356 3800 3450 3852 καὶ
3473 3797 3948 3867 δυσδιαλντώτερα

2357 3889 2425 3942 τὰ
2450 3890 2624 3956 δεσμά
2650 3890 2757 3942 τῶν
2796 3889 3008 3942 πολλῶν
3058 3891 3376 3961 κτημάτων.
3433 3890 3594 3944 una
3629 3891 3734 3942 κᾶν
3762 3891 3952 3942 νεανί-

2359 3997 2485 4043 σκος
2519 3983 2602 4050 εῐη
2635 3999 2720 4045 τις
2748 3984 3016 4052 νεώτερος
3055 3984 3148 4036 καὶ
3188 3983 3387 4052 κοῦφος
3415 3985 3516 4053 τὴν
3547 3983 3811 4043 διάνοιαν,
3847 3981 3948 4034 καὶ

2362 4072 2435 4141 μὴ
2483 4073 2843 4143 καθεστηκὼς
2885 4075 2984 4136 τὰς
3016 4076 3240 4143 φρένας,
3278 4075 3588 4146 πωλησάτω
3644 4075 3710 4126 τὰ
3761 4075 3946 4142 ὑπάρ-

2357 4181 2517 4232 χοντα
2545 4165 2692 4235 αὑτῷ
2721 4182 2734 4195 ο
2771 4160 2880 4218 οἷον
2919 4167 3093 4237 θυμὸν
3122 4169 3213 4220 καὶ
3261 4167 3580 4237 ἐπιθυμίαν,
3606 4167 3700 4218 καὶ
3736 4165 3840 4218 ὅσα
3882 4168 3950 4218 ἐκ.

2356 4257 2558 4310 τούτων
2590 4257 2733 4309 κακὰ
2779 4258 3025 4326 φύονται,
3059 4259 3152 4312 καὶ
3185 4260 3322 4312 δότω
3367 4260 3538 4312 ταῦτα
3568 4259 3662 4312 καὶ
3696 4257 3942 4328 ἀπορρι-

2355 4347 2509 4414 ψάτω
2554 4351 2668 4410 τοῖς
2709 4349 2979 4419 δαίμοσιν,
3033 4351 3231 4414 οἵτινές
3277 4353 3384 4404 είσι
3428 4350 3683 4421 πτωχοὶ,
3723 4349 3942 4412 παντὸς

2355 4441 2710 4509 ἐστερημένοι
2755 4442 2963 4510 ἀγαθοῦ
2996 4444 3093 4497 καὶ
3139 4444 3232 4498 τοῦ
3265 4443 3498 4498 πλούτου
3528 4445 3625 4514 τῆς
3657 4441 3946 4513 ἀγαθότη-

679 4526 802 4578 terit
840 4522 1134 4578 Christum.
1176 4541 1194 4576 ι
1233 4523 1452 4579 Declina
1500 4524 1643 4580 enim
1695 4539 1726 4578 a
1763 4525 1902 4580 malo
1932 4525 2000 4592 ⁸⁸,
2051 4528 2244 4596 inquit,
2286 4532 2366 4587 οε

2286 4532 2325 4587 D
2357 4549 2446 4596 τος
2474 4531 2567 4585 τοῦ
2603 4533 2740 4587 Θεοῦ
2772 4536 3213 4599 ἐκπεπτωκότες.
3249 4537 3356 4590 Καὶ
3406 4537 3530 4590 τότε
3564 4537 3942 4593 ἀκολουθείτω

680 4617 779 4668 hoc
805 4625 909 4681 est,
946 4615 1116 4684 abjice
1145 4616 1312 4670 malas
1352 4617 1570 4670 divitias
1603 4617 1928 4685 pauperibus
1961 4620 2247 4688 potestati-

679 4711 794 4764 bus.
847 4711 1180 4764 daamonihus
1231 4711 1472 4778 inquam,
1506 4719 1559 4763 et
1605 4709 1687 4762 fac
1719 4713 1944 4774 bonum,
1995 4715 2094 4766 hoc
2142 4723 2245 4776 est,

675 4813 900 4868 sequere
933 4800 1228 4864 Christum,
1261 4809 1313 4854 et
1343 4799 1471 4854 tolle
1498 4815 1734 4856 crucem.
1829 4785 1838 4804 ’

2353 4623 2431 4694 τῷ
2462 4625 2706 4695 Χριστῷ.
2752 4624 2812 4680 Ὀ
2853 4627 2961 4697 γάρ
2996 4628 3309 4698 ἀπορρίψας
3352 4627 3443 4680 τὸν
3488 4628 3595 4681 τῶν
3648 4629 3944 4698 αμαρτιῶν

2357 4717 2586 4771 πλοῦτον
2626 4723 2739 4782 τοῖς
2764 4721 3039 4789 δαίμοσιν,
3096 4723 3303 4785 ἐκεῖνος
3347 4721 3568 4774 δύναται
3623 4721 3943 4778 ἀκολουθεῖν

2355 4807 2434 4878 τῷ
2467 4809 2708 4879 Χριστῷ.
2750 4829 2766 4863 ι
2823 4811 3108 4866 Ἐκκλινον
3141 4813 3250 4883 γὰρ
3296 4813 3406 4866 ἀπὸ
3449 4812 3622 4867 κακοῦ
3653 4830 3668 4846 ο
3709 4834 3726 4866 ι
3775 4814 3944 4869 τοῦτο

672 4893 732 4946 τὸ
773 4894 1074 4964 ἀπορρίψαι
1113 4895 1204 4947 τὸν
1248 4895 1418 4948 κακὸν
1489 4896 1722 4949 πλοῦτον
1767 4897 1889 4956 ταῖς
1967 4900 2214 4966 πτωχαῐς
2277 4899 2544 4972 δυνάμεσι
2591 4905 2711 4957 τῶν
2755 4905 3047 4977 δαιμόνων·
3096 4906 3192 4959 καὶ
3230 4907 3458 4979 ποίησον
3505 4905 3733 4976 ἀγαθὸν,
3771 4907 3940 4963 τοῦτο

671 4990 728 5040 τὸ
757 4987 1072 5040 ἀκολουθεῖν
1107 4988 1186 5059 τῷ
1223 4989 1465 5060 Χριστῷ,
1504 4989 1601 5043 καὶ
1634 4985 1764 5062 ἆραι
1797 4990 1889 5044 τὸν
1936 4991 2187 5060 σταυρόν.

745 5081 905 5136 Vens.
938 5082 1008 5137 25
1037 5081 1127 5136 2'1.
1170 5102 1188 5134 ι
1237 5083 1302 5136 Ει
1355 5100 1478 5138 cum
1556 5086 2017 5153 :ircumspexisset
2071 5084 2250 5153 Jesus;

671 5173 797 5227 dicit
825 5173 1104 5242 discipulis
1137 5174 1250 5230 suis
1283 5194 1295 5227 :
1325 5173 1496 5241 Quam
1535 5175 1819 5231 diﬂiculter
1869 5178 1902 5231 ii
1938 5178 2030 5248 qui
2087 5194 2249 5248 pecu-

670 5264 787 5315 uias
815 5263 1031 5326 habent,
1091 5265 1142 5319 in
1198 5279 1419 5335 regnum
1479 5266 1568 5320 Dei
1625 5267 1936 5324 intrabunt!
1991 5269 2241 5339 Discipuli

2436 5110 2454 5141 ι
2491 5093 2599 5146 Καὶ
2615 5095 3084 5164 περιϐλεψάμενος
3113 5095 3139 5148 6
3177 5093 3404 5165 Ἰησοῦς,
3432 5095 3582 5164 λέγει
3611 5099 3723 5162 τοῖς
3755 5099 3939 5172 μαθη-

2355 5178 2474 5240 ταῖς
2508 5180 2673 5234 αὑτοῦ
2715 5198 2729 5212 ’
2764 5182 2888 5245 Πῶς
2917 5182 3194 5246 δυσκόλως
3236 5185 3285 5236 ot
3315 5184 3382 5238 τὰ
3411 5188 3667 5257 χρήματα
3719 5188 3938 5260 [χοντες

2351 5270 2429 5332 είς
2454 5272 2554 5339 τὴν
2582 5269 2858 5339 βασιλείαν
2883 5271 2975 5324 τοῦ
2999 5271 3134 5326 Θεοῦ
3167 5273 3568 5329 εἰσελεύσονται
3596 5293 3612 5342 ;
3643 5279 3704 5332 Ol
3739 5279 3795 5331 δὶ
3823 5296 3938 5347 μα-

670 5367 794 5406 vero
826 5355 1182 5423 obstuperuut
1213 5371 1375 5425 super
1407 5359 1588 5413 verbis
1627 5359 1790 5416 illius.
1831 5361 1899 5414 At
1937 5359 2099 5417 Jesus
2127 5377 2247 5416 rur-
2347 5360 2357 5410 ί

2347 5360 2505 5428 θηται
2557 5360 2896 5429 ἐθαμϐοῦντο
2943 5365 3036 5416 ὲπὶ
3095 5367 3209 5428 τοῖς
3265 5365 3447 5434 λόγοις
3501 5367 3695 5461 Quoi.
3777 5370 3837 5423 Ὀ
3875 5372 3935 5425 δὲ

666 5461 782 5498 sum
826 5448 1176 5514 respondens,
1202 5451 1329 5504 dicit
1362 5450 1465 5506 illis
1498 5471 1509 5505 :
1538 5451 1683 5515 Filii,
1727 5467 1887 5522 quam
1926 5452 2139 5507 dilﬁcile
2167 5461 2248 5508 est

2360 5453 2564 5523 Ἰησοῦς
2601 5455 2764 5508 πάλιν
2786 5455 3128 5526 ἀποκριθεὶς,
3159 5457 3306 5525 λέγει
3333 5457 3519 5522 αὐτοῖς
3540 5453 3562 5489 τ
3588 5459 3789 5524 Τέκνα,
3815 5462 3938 5527 πῶς

666 5555 758 5592 eos
783 5541 872 5608 qui
904 5540 1153 5595 ﬁduciam
1203 5541 1404 5597 habent
1467 5546 1516 5598 iu
1565 5545 1828 5613 pecuniis,
1877 5561 2102 5616 regnum
2152 5545 2245 5599 Dei
2345 5549 2353 5598 ἀ

2345 5547 2600 5601 δύσκολόν
2638 5551 2754 5602 ἐστι
2807 5553 2932 5614 τοὺς
2995 5537 3320 5616 πεποιθότας
3385 5553 3481 5605 ἐπὶ
3538 5553 3818 5623 χρήμασιν
3855 5556 3937 5618 είς

672 5633 898 5700 ingredi.
947 5632 1184 5688 Facilius
1230 5645 1312 5688 cst
1349 5639 1614 5692 camelum
1671 5654 1765 5708 per
1811 5637 2059 5695 foramen
2119 5653 2248 5692 acus
2346 5657 2359 5692 1

2247 5676 2248 5685 η
2346 5640 2442 5708 τὴν
2475 5641 2755 5710 βασιλείαν
2780 5642 2874 5696 τοῦ
2911 5641 3046 5697 Θεοῦ
3069 5642 3352 5700 εἰσελθεῖν.
3386 5641 3786 5715 Εὐκοπώτερόν
3810 5645 3934 5701 ἑστι

736 5810 781 5841 ⁸⁸
815 5810 954 5864 Psal.
991 5829 1175 5878 sxxvt,
1209 5814 1299 5866 2'7.
