4272 6438
713 397 814 459 603

1623 379 2197 446 THEOPHYLACTI
2241 369 2653 437 ΒῐῙΙιῧᾹΒΙΑΞ
2686 365 3045 430 ARCIIIEP.

3827 349 3952 411 θοι

715 504 955 572 centupla
990 516 1129 556 nunc
1162 499 1213 553 in
1247 505 1487 572 tempore
1533 495 1655 556 hoc,
1704 494 1915 550 domus,
1942 495 1997 543 ct
2049 487 2262 547 fratres,
2301 486 2344 536 Δ
2372 497 2401 531 τ

2301 486 2344 536 Δ
2372 477 2448 548 τῷ
2479 475 2653 546 καιρῷ
2687 474 2880 542 τούτῳ,
2902 473 3101 534 οίκίας,
3136 467 3229 521 καὶ
3255 463 3541 533 ἀδελφοὺς,
3576 461 3666 515 καὶ
3692 460 3961 529 ἀδελφὰς,

717 550 955 572 υνυ--γ--τ
990 550 1127 556 -σ-ν-ν
1281 570 1286 577 '
1360 550 1372 563 .
1642 550 1653 556 -

717 609 765 652 et
789 610 1019 656 sorores,
1075 603 1125 645 et
1189 599 1409 652 matres,
1452 596 1506 640 et
1561 585 1776 646 liberos,
1829 590 1884 635 et
1934 595 2091 649 agros
2150 593 2270 632 cum
2375 589 2404 624 κ

2375 569 2763 639 καὶ”μητέρας,
2787 567 2882 618 καὶ
2911 565 3099 623 τέκνα,
3122 559 3216 613 καὶ
3245 558 3471 627 ἀγροὺς,
3502 555 3638 624 μετά
3666 550 3959 656 διωγμῶν,

716 684 1193 756 persccutionibus,
1226 680 1366 732 acin
1414 686 1638 730 venturo
1684 672 1878 727 saaculo
1911 673 2073 724 vitam
2119 678 2272 723 teter-

2376 664 2470 716 καὶ
2517 665 2574 713 ἐν
2606 659 2684 729 τῷ
2711 656 2868 712 αίῶνι
2901 655 2979 723 τῷ
3018 648 3325 722 ἐρχομένῳ,
3357 647 3502 716 ζωὴν
3533 643 3772 697 αἰώνιον.
3815 640 3966 692 Πολ-

715 731 860 830 ἷιοιη.
916 771 1069 825 Mulli
1123 780 1299 824 autem
1347 765 1500 836 primi
1548 772 1704 816 erunt
1735 759 2014 828 postremi,
2062 766 2117 813 et
2177 771 2273 824 ρο-
2361 755 2402 808 ,λ

2268 786 2273 794 -
2361 755 2455 808 ,λοὶ
2486 753 2541 804 δέ
2578 752 2790 803 ἔσονται
2821 746 3029 817 πρῶτοι
3059 744 3298 812 ἔσχατοι,
3325 737 3420 791 καὶ
3443 737 3493 789 oi
3531 736 3748 803 ἔσχατοι
3791 731 3955 799 πρῶ-

715 864 894 919 stremi
948 860 1126 929 primi.
1171 878 1189 909 ι
1234 858 1416 917 Petrus
1483 854 1692 907 tametsi
1746 866 1912 919 pauca
1949 849 2270 915 reliqui’svt,

2373 862 2474 896 τοι.
2502 862 2520 894 ι
2554 844 2611 895 '0
2631 842 2834 909 Πέτρος
2865 838 2914 889 εί
2942 836 3035 889 καὶ
3063 835 3221 899 ὀλίγα
3246 830 3479 900 ἀφῆκεν,
3509 826 3624 879 ἀλλ’
3651 822 3744 878 οὗν
3773 825 3959 877 πάντα

714 955 836 1022 quia
883 964 1057 1005 tamen
1091 952 1240 1010 dixit,
1278 949 1476 1010 omnia,
1504 946 1754 998 indicium
1813 951 1896 995 est
1941 942 2080 1007 quod
2113 942 2272 994 etiam
2376 938 2401 988 6

2376 934 2634 1003 ὀνομάζει
2667 932 2863 984 ταῦτα.
2893 931 3000 982 Καὶ
3031 929 3098 979 τά
3125 925 3282 991 ὀλίγα
3308 923 3418 990 γὰρ
3463 919 3662 987 δεσμὸν
3700 931 3962 1022 προσπα-

714 1059 881 1112 paura
937 1043 1146 1096 vinculo
1202 1040 1430 1108 quodam
1488 1038 1633 1090 illum
1701 1034 2154 1089 detinuerintzet
2205 1029 2275 1080 ita
2380 1023 2401 1074 θ

2380 1002 2532 1082 θείας
2581 1020 2824 1088 ἔχουσιν,
2876 1016 3018 1068 ὥστε
3068 1011 3405 1084 μακαριστὸς
3467 1008 3564 1060 καὶ
3609 1007 3638 1057 6
3694 1007 3762 1056 τὰ
3801 1002 3965 1068 ὀλίγα

715 1134 1052 1188 beatificotus
1100 1139 1180 1186 est
1237 1130 1280 1181 is
1348 1127 1438 1196 qui
1491 1127 1651 1179 ctiam
1710 1138 1878 1190 pauca
1964 1122 2274 1187 reliquerat.

715 1224 951 1292 Cumque
1016 1222 1161 1277 solus
1236 1220 1426 1274 Petrus
1481 1226 1756 1287 rogasset,
1809 1218 2056 1269 omnibus
2120 1228 2280 1281 gene-

718 1317 900 1370 raliter
961 1315 1194 1383 loquitur
1260 1315 1537 1376 Christus,
1617 1311 1799 1362 dicens
1860 1327 1870 1361 :
1936 1309 2122 1363 Omnis
2185 1307 2277 1374 qui

718 1408 993 1476 reliquerit
1023 1420 1268 1468 uxorem,
1321 1404 1401 1459 vel
1437 1414 1666 1471 patrem.
1719 1403 1845 1456 Hanc
1903 1403 2028 1455 dicit
2078 1415 2184 1454 non
2223 1409 2282 1453 ut

717 1504 963 1562 parentes
993 1495 1120 1546 velit
1149 1492 1346 1546 auxilio
1372 1491 1612 1552 destitui,
1644 1501 1696 1544 et
1723 1492 1787 1543 ab
1818 1491 2076 1544 uxoribus
2120 1504 2284 1556 sepa-

717 1583 843 1647 rari,
874 1583 964 1636 sed
1003 1585 1154 1637 docet
1197 1597 1292 1634 nos
1323 1580 1577 1648 praeferre
1629 1581 1879 1649 pietatem
1937 1595 2061 1648 erga
2117 1581 2282 1634 Deum

716 1674 964 1729 omnibus
990 1673 1314 1728 carnalibus.
1345 1671 1477 1738 Quia
1510 1671 1650 1725 enim
1692 1685 1816 1724 vere
1865 1669 2060 1724 bellum
2087 1684 2115 1722 a
2149 1685 2286 1737 pra:-

717 1763 987 1815 dicatione
1031 1776 1313 1815 accensum
1367 1769 1505 1820 erat,
1542 1768 1593 1812 et
1649 1757 1891 1828 negaturi
1942 1767 2096 1810 erant
2135 1760 2282 1826 pueri

719 1864 970 1922 parentes
1002 1864 1218 1921 propter
1249 1853 1526 1920 pietatem,
1557 1850 1686 1903 dicit
1709 1821 2008 1918 {Quisquis
2055 1821 2288 1917 relique-
2322 1821 2362 1874 Β
2392 1837 2556 1906 φησίν
2583 1849 2596 1863 ⁸

720 1945 790 1997 rit
817 1953 1069 2013 cognatos
1101 1959 1246 2012 quos
1288 1944 1386 1996 sibi
1431 1950 1618 1995 natura
1653 1942 1818 2005 dedit,
1872 1951 1927 1994 et
1974 1942 2026 1994 iu
2079 1955 2289 1993 summa

718 2035 1018 2103 corporalia
1083 2037 1261 2088 omnia
1328 2044 1544 2102 propter
1616 2033 1982 2099 Evangelium,
2044 2033 2289 2100 ceutupla

719 2128 901 2182 omnia
955 2128 1178 2194 accipiet
1229 2126 1280 2178 in
1328 2127 1575 2194 przesenti
1623 2125 1836 2186 saeculo,
1884 2134 1936 2177 et
1993 2126 2044 2177 in
2111 2123 2292 2176 futuro

721 2220 880 2271 vitam
916 2227 1193 2272 trternam.
1227 2217 1490 2284 Numquid
1531 2231 1657 2285 ergo
1689 2225 1742 2269 et
1795 2215 2051 2271 mulieres
2081 2226 2292 2270 centum

721 2311 986 2376 accipiet?
1034 2311 1228 2363 Etiam.
1270 2309 1506 2363 Tametsi
1552 2309 1864 2362 maledictus
1904 2307 2144 2363 Juliuuts
2194 2309 2296 2364 hoc

724 2399 976 2452 irriserit.
1009 2399 1146 2462 Quid
1179 2398 1387 2449 confert
1439 2410 1574 2449 uxor
1624 2395 1810 2448 domui
1864 2394 2003 2446 tiri?
2057 2392 2293 2448 Omnino

723 2498 876 2541 curat
917 2496 971 2538 ut
1008 2487 1090 2539 vir
1121 2487 1314 2540 habeat
1358 2484 1500 2553 quod
1539 2485 1684 2546 edat,
1724 2483 1918 2551 quibus
1945 2483 2219 2546 induatur,
2245 2490 2297 2534 et

726 2577 915 2629 horum
965 2579 1202 2630 omnium
1253 2569 1461 2630 curam'
1496 2575 1686 2629 adimit
1737 2575 1873 2629 viro.
1933 2573 2067 2629 Vide
2118 2577 2299 2644 itaque

728 2671 828 2723 hoc
881 2670 1044 2722 etiam
1094 2669 1147 2722 in
1183 2669 1460 2737 aposmlis.
1500 2668 1642 2734 Quot
1675 2668 1929 2722 mulieres
1975 2668 2143 2730 fuere,
2177 2670 2299 2737 qui-

726 2759 825 2810 hus
855 2774 982 2812 cura
1021 2770 1139 2811 crat
1173 2760 1237 2812 de
1285 2759 1480 2812 amictu
1529 2769 1582 2812 et
1635 2772 1727 2810 esu
1787 2758 2018 2819 illorum,
2069 2766 2123 2810 et
2184 2772 2301 2824 qua:

730 2851 1104 2903 ministraruut
1147 2850 1245 2916 eis,
1295 2849 1384 2917 qui
1444 2850 1578 2903 nihil
1633 2848 1822 2902 horum
1871 2848 2154 2910 curabant,
2208 2851 2297 2902 sed

729 2941 899 2994 solum
937 2956 1234 2993 sermonem
1266 2953 1321 2994 et
1348 2940 1684 2994 doctrinam?
1727 2939 1987 2994 Similiter
2017 2951 2212 2994 matres
2250 2951 2304 2994 et

728 3041 909 3098 patres
945 3032 1140 3084 multos
1172 3032 1474 3086 balmerunt
1516 3031 1767 3101 apostoli,
1795 3032 1882 3100 qui
1911 3030 2215 3100 diligerent,
2249 3041 2303 3084 et

2379 1112 2537 1178 ἀφείς
2573 1129 2588 1142 ·
2626 1108 2732 1161 Τοῦ
2765 1108 2822 1159 δὲ
2848 1108 3052 1176 Πέτρου
3093 1104 3252 1173 μόνου
3289 1101 3682 1170 ἐρωτήσαντος,
3738 1094 3968 1146 καθολι-

2384 1203 2479 1255 κὸν
2519 1203 2752 1254 ποιεῖται
2805 1198 2899 1250 τὸν
2963 1197 3118 1262 λόγον
3166 1194 3194 1243 6
3227 1192 3452 1259 Κύριος,
3499 1185 3850 1252 λέγωνοΠᾶς
3907 1183 3969 1244 ὃς

2381 1293 2590 1361 ἀφῆκεν
2620 1290 2651 1358 ἢ
2680 1291 2914 1355 γυναῖκα
2947 1287 2979 1355 ἦ
3012 1283 3223 1352 πατέρα
3253 1298 3265 1310 ·
3295 1279 3469 1331 ταῦτα
3524 1277 3581 1329 δὲ
3639 1273 3809 1340 λέγει,
3863 1270 3970 1336 οὐχ

2384 1387 2473 1438 ἵνα
2506 1384 2631 1445 τοὺς
2663 1382 2905 1448 πατέρας
2952 1377 3128 1446 ἐῶμεν
3160 1372 3519 1442 ἀϐοηθήτους,
3552 1367 3643 1420 καὶ
3701 1364 3808 1416 τῶν
3867 1378 3970 1428 γυ-

2385 1474 2590 1529 ναικῶν
2622 1469 3011 1543 χωριζώμεθα,
3047 1467 3180 1520 ἀλλὰ
3215 1462 3488 1517 παιδεύων
3518 1460 3664 1527 ἡμᾶς
3691 1455 3973 1525 προτιμᾷν

2385 1567 2483 1637 τὴν
2517 1567 2596 1627 είς
2625 1564 2758 1616 Θεὸν
2792 1559 3071 1613 εὐσέϐειαν
3101 1559 3320 1609 πάντων
3348 1552 3458 1604 τῶν
3487 1547 3788 1619 σαρκικῶν.
3812 1544 3978 1597 Ἐπεὶ

2388 1634 2498 1726 γάρ
2550 1655 2782 1722 πόλεμος
2813 1652 3086 1719 ἀνήπτετο
3117 1646 3226 1700 ἀπὸ
3280 1643 3371 1696 τοῦ
3435 1640 3820 1726 κηρύγματος,
3876 1634 3976 1688 καὶ

2389 1723 2608 1818 ἐμέλλον
2634 1741 2882 1811 πατέρας
2913 1736 3194 1808 ἀρνεῖσθαι
3222 1733 3410 1793 παῖδες
3434 1730 3517 1782 διὰ
3536 1728 3634 1796 τὴν
3661 1723 3978 1783 εὐσέϐειαν,

2659 1833 2846 1891 Ὅστις
2897 1829 3097 1896 ἀφήσει
3141 1827 3238 1886 τὰς
3298 1819 3565 1890 σαρκικάς
3624 1815 3975 1884 συγγενείας,

2395 1905 2489 1982 καὶ
2520 1923 2707 1986 ἀπλῶς
2763 1921 2940 1973 πάντα
2970 1917 3040 1969 τὰ
3091 1912 3381 1984 σωματικά
3415 1913 3604 1962 ἓνεκεν
3641 1906 3734 1959 τοῦ
3788 1905 3975 1978 Εὐαγ-

2394 2017 2595 2086 γελίου,
2636 2005 3164 2066 ἑκατονταπλασίονα
3197 2005 3374 2054 πάντα
3404 2000 3635 2067 λήψεται
3668 1998 3723 2047 ἐν
3745 1992 3822 2062 τῷ
3879 1991 3977 2043 νῦν

2395 2080 2570 2170 αἰῶνι,
2597 2107 2691 2157 καὶ
2728 2105 2784 2154 ἐν
2812 2100 2887 2169 τῷ
2918 2099 3196 2166 ἐρχομένῳ
3227 2095 3373 2162 ζωὴν
3402 2092 3642 2143 αίώνιον.
3673 2082 3744 2138 Ἀ
3758 2102 3827 2154 ρα
3882 2080 3979 2134 οὖν

2397 2199 2491 2252 καὶ
2522 2198 2784 2264 γυναῖκας
2817 2185 3378 2246 ἑκατονταπλασίονας
3402 2183 3674 2250 λήψεταις
3705 2177 3810 2231 Ναί
3837 2192 3848 2203 ⁸
3874 2173 3980 2228 κάν

2397 2292 2425 2342 6
2482 2288 2785 2354 κατάρατος
2825 2279 3113 2342 Ἰουλιανὸς
3157 2275 3439 2344 ἐκωμῴδει
3478 2273 3637 2324 τοῦτο
3663 2287 3674 2300 ·
3705 2268 3826 2320 εἰπέ
3889 2282 3982 2334 μοι

2399 2382 2530 2450 γὰρ,
2571 2379 2620 2431 τί
2657 2375 3023 2445 συμϐάλλεται
3081 2373 3113 2439 ὴ
3141 2370 3281 2437 γυνὴ
3321 2367 3459 2436 πρὸς
3517 2364 3614 2434 τὴν
3670 2362 3848 2414 οίκίαν
3883 2357 3980 2410 τοῦ

2400 2473 2592 2542 ἀνδρός
2622 2487 2637 2535 ;
2672 2469 2896 2529 Πάντως
2922 2464 3260 2534 ἐπιμελεῖται
3280 2463 3375 2529 τῆς
3406 2458 3613 2529 τροφῆς
3641 2455 3733 2507 τοῦ
3763 2452 3983 2523 ἀνδρὸς,

2400 2566 2506 2618 τῶν
2537 2560 2872 2628 ἐνδυμάτων,
2911 2558 3006 2609 καὶ
3043 2555 3221 2607 πᾶσαν
3251 2552 3603 2622 ἀφροντισίαν
3636 2549 3742 2601 ἀπὸ
3771 2547 3984 2598 τούτων

2403 2657 2524 2724 ἄγει
2555 2655 2581 2705 6
2610 2653 2786 2720 ἀνὴρ..
2816 2648 2918 2701 Ἰδε
2951 2646 3129 2700 τοίνυν
3159 2644 3317 2696 τοῦτο
3346 2642 3438 2694 καὶ
3487 2643 3580 2693 ἐπὶ
3605 2641 3711 2692 τῶν
3748 2635 3989 2693 ἀποστό-

2403 2749 2530 2809 λων,
2569 2745 2730 2796 πόσαι
2759 2741 3017 2807 γυναῖκες
3045 2733 3359 2808 ἐφρόντιζον
3391 2733 3501 2785 τῶν
3536 2731 3853 2800 ἐνδυμάτων
3885 2729 3982 2779 καὶ

2401 2839 2509 2891 τῶν
2597 2835 2900 2904 βρωμάτων
2978 2828 3159 2882 αὐτῶν
3192 2866 3206 2890 ,
3275 2826 3368 2878 καὶ⁵
3449 2819 3727 2892 διηκόνουν
3800 2820 3988 2880 αὐτοῖς

2409 2927 2630 2999 μηδενὸς
2662 2921 3059 2995 φροντίζουσιν,
3107 2920 3155 2971 εί
3216 2917 3291 2987 μὴ
3329 2916 3488 2986 μόνου
3536 2913 3629 2966 τοῦ
3683 2912 3844 2980 λόγου
3893 2907 3993 2963 καὶ

2407 3023 2504 3089 τῆς
2562 3018 2967 3080 διδασκαλίαςς
3027 3012 3260 3082 Ὁμοίως
3311 3011 3405 3064 καὶ
3467 3009 3708 3077 πατέρας
3764 3005 3860 3059 καὶ
3895 3021 3995 3074 μηο

729 3122 903 3175 amico
937 3121 1127 3175 affectu
1159 3137 1285 3192 erga
1328 3138 1384 3176 se
1429 3099 1629 3176 essent.
1669 3121 1731 3175 Et
1788 3099 1978 3176 Petrus
2013 3099 2101 3190 qui
2140 3137 2298 3175 uuam
2409 3130 2416 3145 '

2332 3103 2570 3203 ίἐτέρας
2624 3109 2819 3169 πολλὰς
2872 3104 3017 3176 εἶχον
3053 3107 3102 3158 oi
3165 3103 3477 3167 ἀπόστολοι,
3545 3103 3671 3162 τοὺς
3729 3099 3991 3168 ἀγαπῶν-

729 3215 943 3266 domum
1001 3212 1310 3280 reliquerat,
1360 3222 1543 3282 postea
1606 3213 1845 3266 omnium
1914 3212 2300 3281 discipulorum

727 3304 918 3358 t'omos
951 3304 1200 3360 habebat.
1249 3304 1310 3356 Et
1357 3321 1496 3358 nunc
1538 3320 1748 3372 quoque
1791 3306 1992 3374 ubique
2037 3315 2301 3359 terrarum

730 3401 906 3443 erecta
942 3400 1062 3443 sntit
1095 3391 1289 3459 templa
1320 3393 1370 3445 in
1403 3394 1618 3446 nomine
1645 3394 1782 3462 ejus,
1821 3409 1939 3462 qua
1984 3405 2107 3448 sunt
2147 3395 2306 3448 clara:

731 3480 944 3535 domus.
981 3482 1042 3535 Et
1075 3485 1215 3552 quod
1247 3482 1441 3552 majus.
1486 3486 1599 3539 haec
1628 3490 1802 3539 omnia
1836 3487 1886 3539 in
1919 3486 2306 3555 persecutioni-

731 3570 834 3628 ἐῢς
865 3576 1137 3639 possident
1166 3577 1357 3639 sancti,
1387 3577 1484 3629 hoc
1515 3587 1613 3635 est.
1645 3580 1783 3646 quod
1811 3578 1959 3643 dicit,
1979 3593 2097 3632 cum
2127 3592 2308 3645 perse-

734 3665 1062 3729 cutionibus,
1107 3666 1156 3717 id
1189 3677 1268 3719 est
1301 3669 1728 3733 persecutionem
1776 3669 1940 3735 passi,
1978 3678 2029 3722 et
2067 3671 2201 3720 male
2236 3666 2312 3720 af-

735 3755 857 3810 fecti
884 3769 1044 3826 atque
1082 3757 1282 3811 aﬂlirti.
1325 3758 1475 3813 Unde
1501 3771 1554 3812 et
1591 3761 1682 3828 qui
1719 3760 1889 3813 ultimi
1947 3762 2001 3814 in
2051 3762 2150 3814 hoc
2209 3777 2308 3814 5:8-

734 3849 855 3902 culo
897 3851 1142 3903 videmur
1183 3861 1402 3920 propter
1434 3851 1745 3905 afflictiones
1783 3861 1835 3905 et
1881 3854 2308 3918 persecutiones,

735 3948 892 3991 erunt
919 3940 1070 4008 primi
1111 3952 1327 4008 propter
1357 3957 1505 4011 spem
1559 3943 1610 3995 in
1657 3942 1842 3996 Deum.
1897 3942 2059 4012 227
2121 3941 2222 3996 Sed
2260 3952 2313 3996 et

735 4023 987 4080 Pharisaei
1034 4028 1119 4096 qui
1149 4029 1395 4083 videntur
1431 4031 1586 4099 primi
1614 4069 1628 4093 ,
1674 4029 1798 4084 facti
1854 4041 1980 4084 sunt
2028 4030 2310 4098 postremi.

734 4115 835 4180 Qui
867 4127 1041 4170 autem
1083 4120 1282 4174 relictis
1321 4122 1570 4175 omnibus
1629 4121 1798 4175 secuti
1844 4130 1966 4175 sunt
2041 4120 2315 4175 Christum

736 4205 863 4262 facti
922 4220 1044 4265 sunt
1072 4211 1248 4278 primi.

811 4391 973 4448 Vens.
1017 4395 1200 4450 52-54.
1236 4414 1254 4447 ι
1313 4394 1479 4449 Erant
1530 4405 1708 4451 autem
1741 4395 1794 4448 in
1827 4398 1913 4448 via
1959 4395 2320 4451 ascendentes

2406 3222 2504 3264 τας
2552 3205 2758 3264 πάντας
2828 3202 2924 3252 καὶ
2961 3198 3328 3268 φιλοστόργως
3383 3197 3519 3266 πρὸς
3573 3193 3770 3248 αὐτοὺς
3838 3191 3995 3260 ἔχον-

2407 3314 2525 3357 τας,
2566 3294 2698 3345 ἀλλὰ
2730 3293 2821 3345 καὶ
2854 3291 3033 3343 οἰκίαν
3072 3289 3197 3358 μίαν
3240 3288 3397 3356 ἀςεὶς
3430 3289 3459 3339 6
3488 3286 3712 3356 Πέτρος,
3764 3282 3994 3352 ὕστερον

2407 3389 2504 3447 τὰς
2535 3386 2751 3438 πάντων
2807 3383 2915 3434 τῶν
2976 3381 3232 3451 μαθητῶν
3261 3379 3430 3432 αὑτοῦ
3481 3376 3656 3440 οἰκίας
3714 3371 3849 3444 εἶχε.
3883 3376 3998 3428 Καὶ

2411 3478 2504 3530 νῦν
2531 3477 2586 3529 δὲ
2618 3477 2743 3539 τοὺς
2768 3472 3084 3543 ἁπανταχοῦ
3117 3471 3221 3540 γῆς
3246 3470 3408 3532 ναοὺς
3438 3469 3526 3520 ἐπ’
3556 3468 3779 3536 ὀνόματι
3805 3464 3994 3528 αὑτοῦ,

2411 3571 2585 3631 οἰκίας
2619 3568 2732 3638 ἔχει
2760 3566 3018 3637 λαμπράς
3042 3581 3054 3595 °
3084 3564 3263 3618 καὶτὸ
3297 3563 3502 3632 μεῖζον,
3559 3562 3639 3613 ὅτι
3675 3559 3816 3629 μετά
3870 3557 4000 3610 διω-

2413 3662 2568 3730 γμῶν
2605 3658 2779 3712 ταῦτα
2817 3659 2993 3711 πάντα
3043 3655 3472 3726 κληρονομοῦσιν
3507 3654 3555 3704 οἱ
3615 3651 3784 3717 ἅγιοι,
3840 3666 4003 3702 τουτο

2419 3753 2555 3815 ἐστι,
2625 3749 2999 3818 διωκόμενοι,
3052 3747 3147 3798 καὶ
3219 3746 3320 3796 οὐκ
3398 3739 3762 3803 εὐπαθοῦντες
3799 3780 3812 3802 ,
3868 3739 4006 3790 ἀλλὰ

2417 3843 2744 3911 θλιϐόμενοι.
2794 3839 2958 3892 Ὀοεν
2987 3837 3083 3890 καὶ
3118 3838 3166 3889 οἱ
3204 3837 3425 3905 ἔσχατοι
3481 3836 3538 3885 ἐν
3568 3833 3645 3903 τῷ
3687 3831 3783 3884 νῦν
3838 3831 4001 3882 αίῶνι

2415 3933 2698 3995 δοκοῦντες
2736 3932 2823 3985 διά
2849 3931 2905 3983 τὸ
2931 3929 3215 3982 θλίϐεσθαι
3263 3927 3359 3980 καὶ
3409 3925 3724 3985 διώκεσθαι,
3788 3924 4008 3977 ἔσονται

2418 4027 2626 4094 πρῶτοι
2654 4025 2739 4078 διὸ
2772 4025 2870 4094 τὴν
2901 4026 2982 4088 είς
3039 4023 3171 4076 Θεὸν
3219 4021 3427 4086 ἐλπίδα,
3457 4019 3592 4072 ἀλλὰ
3614 4018 3705 4070 καὶ
3736 4017 3786 4068 ol
3836 4017 4006 4086 Φαρι-

2421 4120 2584 4183 σαϊοι,
2623 4117 2831 4188 πρῶτοι
2860 4116 3032 4177 ὄντες,
3061 4115 3312 4178 ἐγένοντο
3340 4113 3580 4183 ἔσχατοι.
3620 4111 3684 4161 Ol
3727 4108 3784 4161 δὲ
3839 4108 4008 4175 6195's-

2419 4229 2509 4275 τες
2541 4212 2606 4263 τὰ
2647 4212 2848 4271 πάντα,
2882 4207 2976 4261 καὶ
3009 4206 3478 4274 ἀκολουθήσαντες
3507 4203 3584 4272 τῷ
3612 4201 3854 4274 Χριστῷ,
3882 4201 4010 4268 ἐγέ-

2421 4319 2571 4355 νοντο
2603 4301 2828 4372 πρῶτοι.

2499 4411 2518 4444 ι
2555 4388 2728 4444 Ἦσαν
2763 4391 2819 4444 δὲ
2852 4392 2908 4443 ἐν
2954 4393 3020 4460 τῇ
3065 4388 3168 4458 ὁδῷ
3207 4386 3597 4448 ἀναϐαίνοντες
3650 4388 3731 4447 είς
3772 4385 4007 4454 Ἱεροσόο

742 4485 1108 4555 Hierosolyma
1132 4527 1146 4551 ,
1188 4497 1241 4541 et
1284 4487 1625 4555 praecedebat
1677 4487 1796 4540 illos
1828 4484 2008 4551 Jesus,
2044 4495 2309 4555 erantque
2342 4480 2386 4536 D
2414 4485 2429 4535 i

2342 4480 2386 4536 D
2414 4485 2580 4554 λυμα,
2615 4486 2706 4536 καὶ
2737 4479 2804 4554 ἦν
2845 4484 3105 4552 προάγων
3144 4480 3343 4540 αὐτοὺς
3374 4479 3402 4529 6
3433 4475 3666 4548 Ἰησοῦς,
3709 4477 3807 4528 καὶ
3834 4475 4011 4546 ἐθαμο

742 4577 1025 4644 pavefacti,
1055 4589 1107 4632 ct
1137 4588 1426 4648 sequentes
1454 4580 1733 4634 timebant.
1766 4579 1830 4632 Et
1864 4580 2157 4649 assumptis
2187 4596 2326 4634 rur--

743 4683 862 4721 sum
891 4670 1199 4733 duodecim,
1235 4670 1400 4737 cmpit
1422 4670 1528 4723 illis
1561 4670 1740 4724 dicere
1767 4685 1888 4738 quae
1923 4671 2024 4724 sibi
2055 4681 2315 4725 eventura

745 4772 958 4814 essent:
985 4761 1121 4816 Ecce
1151 4764 1495 4816 ascendimus
1519 4759 1911 4831 Hierosolyma,
1947 4772 1999 4816 et
2025 4760 2192 4814 Filius
2218 4763 2317 4816 ho-

746 4851 906 4904 minis
941 4855 1180 4906 tradctur
1218 4853 1553 4922 principibus
1603 4854 1946 4907 sacerdotum
1988 4862 2042 4907 ct
2085 4851 2317 4921 Scribis,

746 4951 801 4998 et
828 4946 1260 4997 condemnabunt
1298 4959 1420 4998 eum
1454 4946 1519 4998 ad
1557 4954 1804 5010 mortem,
1838 4954 1892 4999 et
1918 4945 2133 5000 tradent
2169 4946 2319 4999 illmn

749 5036 1024 5104 gentibus,
1072 5047 1122 5089 et
1168 5037 1394 5091 illudent
1432 5036 1526 5100 illi,
1569 5047 1625 5091 et
1675 5037 2022 5107 ﬂagellabuat
2073 5053 2219 5102 eum,
2268 5047 2323 5092 et

748 5127 1000 5193 inspucnt
1036 5127 1084 5179 in
1132 5126 1303 5190 illum,
1334 5139 1388 5183 et
1437 5128 1688 5183 occident
1727 5123 1886 5192 eum,
1927 5138 1979 5183 et
2014 5132 2172 5183 tertia
2238 5130 2326 5183 die

750 5228 1016 5287 resurget.
1045 5239 1062 5269 ι
1102 5217 1282 5283 Quare
1317 5221 1561 5290 praedicit
1604 5223 1652 5274 ei
1683 5221 1988 5274 eventura?
2018 5220 2089 5276 Ut
2117 5229 2324 5275 mentes

751 5309 1135 5378 discipulorum
1187 5324 1473 5380 praeparet,
1525 5329 1630 5381 quo
1682 5314 1835 5380 prius
1869 5313 2053 5366 audita
2111 5312 2323 5366 facilius

751 5401 947 5467 ferant,
981 5411 1035 5455 et
1084 5419 1188 5456 non
1224 5414 1443 5470 repente
1473 5405 1837 5472 percellautur
1858 5404 2061 5457 animo.
2101 5401 2328 5470 Insuper

755 5505 811 5548 ut
841 5495 1181 5566 sciantquod
1215 5496 1554 5552 voluntarius
1591 5499 1845 5566 patiatur.
1891 5497 2021 5550 Nam
2062 5497 2152 5566 qui
2189 5510 2328 5564 prte-

758 5592 928 5655 novit,
960 5602 1011 5645 et
1041 5591 1275 5662 effugere
1310 5601 1512 5663 potest,
1542 5601 1596 5647 et
1627 5609 1730 5647 non
1770 5592 1902 5662 fugit
1935 5609 1950 5647 :
1981 5591 2326 5645 manifestum

759 5683 901 5753 quod
935 5683 1298 5739 voluntarium
1337 5701 1395 5740 se
1445 5684 1787 5754 passiouihus
1815 5695 2067 5751 exponat.
2089 5683 2328 5737 Scorsim

764 5782 940 5829 autem
972 5776 1200 5832 assumit
1225 5776 1540 5847 diSt-ipulos,
1571 5785 1623 5832 et
1653 5790 1772 5830 cum
1798 5776 1926 5830 solis
1951 5775 2326 5845 illisloquitur.

2418 4576 2628 4637 ϐοῦντο,
2653 4577 2746 4628 κα)⁸
2795 4573 3219 4634 ἀκολουθοῦντες
3253 4569 3552 4639 ἐφοϐοῦντο
3580 4585 3592 4598 ο
3627 4569 3720 4620 καὶ
3755 4568 4014 4635 παραλαο

2421 4667 2530 4720 ϐὼν
2561 4667 2722 4719 πάλιν
2769 4667 2896 4728 τοὺς
2939 4665 3145 4717 δώδεκα
3171 4705 3184 4728 ,
3237 4664 3442 4732 ἢρξατο
3495 4662 3682 4724 αὐτοῖς
3713 4660 3900 4726 λέγειν
3948 4660 4014 4715 τὰ

2425 4759 2686 4829 μέλλοντα
2723 4759 2873 4828 αὑτῷ
2933 4748 3288 4826 σύμϐαίνεινο
3338 4757 3421 4809 ὃτι
3475 4754 3604 4808 Ἰδοὺ
3644 4752 4014 4821 ἀναϐαίνομεν

2421 4854 2497 4914 είς
2533 4851 2906 4922 Ἱεροσόλυμα,
2936 4850 3032 4903 καὶ
3061 4850 3089 4902 ὁ
3120 4851 3248 4910 Υἱὸς
3277 4848 3371 4901 τοῦ
3394 4846 3683 4917 ἀνθρώπου
3698 4845 4016 4916 παραδοθή·

2426 4960 2577 4996 σεται
2610 4946 2720 5005 τοῖς
2752 4941 3077 5012 ἀρχιερεῦσι
3118 4941 3215 4995 καὶ
3252 4938 3646 5009 Γραμματεῦσι
3671 4978 3684 5001 ,
3717 4939 3813 4990 καὶ
3844 4953 4016 4990 κατα-

2426 5035 2703 5107 κρινοῦσιν
2751 5036 2919 5089 αὑτὸν
2955 5034 3210 5103 θανάτῳ,
3261 5031 3358 5085 καὶ
3404 5029 3824 5101 παραδώσουσιν
3854 5028 4018 5081 αὑτὸν

2425 5132 2536 5192 τοῖς
2563 5128 2763 5193 ἔθνεσι,
2794 5127 2889 5180 καὶ
2919 5124 3282 5196 ἐμπαίξουσιν
3308 5121 3481 5191 αὐτῷ,
3515 5122 3608 5174 καὶ
3641 5120 4022 5188 μαστιγώσου-

2429 5239 2511 5274 σιν
2539 5222 2723 5282 αὑτδν,
2761 5221 2857 5272 καὶ
2891 5217 3266 5289 ἐμπτύσουσιν
3315 5215 3464 5284 αὑτῷ
3493 5215 3583 5267 καὶ
3626 5213 4022 5267 ἀποκτενοῦσιν

2427 5313 2610 5377 αὑτὸν,
2654 5312 2747 5364 καὶ
2792 5314 2857 5381 τῇ
2898 5310 3058 5381 τρίτῃ
3101 5309 3286 5379 ἡμέρᾳ
3336 5308 3727 5376 ἀναστήσεται.
3791 5323 3809 5357 ι
3863 5305 4021 5366 Τίνος

2428 5406 2616 5460 ἕνεκεν
2650 5405 2907 5476 προλέγει
2953 5405 3023 5456 τὰ
3061 5403 3328 5472 μέλλοντα
3363 5399 3516 5469 αὐτῷ
3535 5399 3894 5468 συμϐαίνεινξ
3926 5398 4024 5452 Διὰ

2428 5498 2492 5551 τὸ
2525 5497 2887 5568 προομαλίσαι
2937 5496 3046 5548 τῶν
3089 5493 3349 5565 μαθητῶν
3403 5492 3503 5562 τὴν
3550 5491 3815 5554 διάνοιαν,
3869 5487 4021 5545 ὠσάν

2432 5590 2895 5658 προακούσαντες,
2949 5587 3327 5658 εὐφορώτερον
3371 5584 3664 5652 ἐνέγκωσι,
3710 5584 3914 5654 καὶμὴ
3945 5583 4022 5655 τῷ

2434 5681 2616 5751 ἀθρόῳ
2651 5677 3048 5747 καταπλαγῶσι
3078 5719 3093 5742 ,
3134 5679 3226 5730 καὶ
3276 5675 3428 5730 ὠσάν
3463 5675 3654 5728 είδιῖεν
3683 5717 3698 5738 ,
3747 5675 3832 5729 ὅτι
3883 5674 4027 5728 ἐκὼν

2439 5774 2654 5841 πάσχει.
2697 5772 2757 5825 Ὀ
2799 5775 2909 5843 γὰρ
2940 5769 3206 5841 προειδὼς
3255 5771 3346 5824 καὶ
3391 5771 3690 5840 δυνάμενος
3736 5768 4022 5838 ἐκφυγεῖν,
