4272 6438
224 378 333 441 Γιοό

941 373 1387 436 ENARRATIO
1429 373 1510 433 ΙΝ
1552 372 2052 436 EVANGELIUM
2094 369 2357 437 MARCI.
2391 401 2457 412 -
2500 376 2657 438 CAP.
2696 377 2770 436 Χ.

3408 373 3516 437 606

228 493 307 566 μὴ
353 491 572 561 φεύγων
621 491 719 557 δὲ,
774 489 1046 561 πρόδηλον
1087 489 1162 552 ὡς
1208 489 1476 551 ἑκουσίως
1533 487 1818 542 ἐκδίδωσιν

1937 489 2212 544 Secretum
2238 491 2383 546 enim
2421 490 2740 560 mysterium
2778 498 2895 543 erat
2925 487 3127 555 passio,
3153 486 3296 555 qttod
3353 487 3519 540 rami‘

225 585 422 640 ἑαυτὸν
450 586 562 644 τοῖς
585 582 832 637 πάθεσιν.
887 580 1018 650 Ἰδίᾳ
1055 579 1111 632 δὲ
1159 578 1497 648 παραλαϐὼν
1552 580 1680 642 τοὺς
1715 597 1813 649 μα·

227 679 418 749 θητάς,
454 676 638 746 μόνοις
665 675 854 736 αὐτοῖς
890 674 1221 742 διαλέγεται.
1257 673 1578 742 Μυστήριον
1619 674 1726 744 γὰρ
1756 672 1817 725 ὃν

222 770 287 821 τὸ
317 767 510 829 πάθος,
547 769 659 829 τοῖς
684 764 1040 836 οἰκειοτέροις
1075 765 1182 817 ἔδει
1210 764 1688 834 ἀποκαλυφθῆναι.
1715 764 1817 818 Διά

225 859 390 911 τοῦτο
420 856 552 925 γοῦν
588 859 677 909 καὶ
709 854 1084 925 προλαμϐάνει
1108 854 1324 918 πάντας
1359 855 1417 906 ἐν
1437 857 1502 924 τῇ
1535 854 1660 923 ὀδῷ,
1690 854 1816 922 βου-

225 951 452 1015 λόμενος
469 947 811 1016 ἀποχωρίσαι
831 946 926 998 τοῦ
957 947 1116 999 ἄλλου
1143 945 1382 1015 πλήθους
1401 947 1529 1008 τοὺς
1562 946 1815 1016 μαθητὰς

223 1039 415 1092 αὑτοῦ.
467 1039 618 1106 Ἀμα
664 1036 759 1088 καὶ
819 1035 907 1088 διὰ
963 1034 1055 1086 τοῦ
1115 1034 1382 1105 προάγειν
1442 1035 1659 1098 πάντας
1721 1034 1815 1088 καὶ

223 1131 562 1202 προφθάνειν
594 1131 651 1181 ἐν
675 1131 742 1197 τῇ
774 1125 878 1196 ὀδῷ
901 1167 914 1190 ,
954 1124 1227 1178 δείκνυσιν
1260 1127 1343 1178 ὃτι
1375 1126 1705 1196 προστρέχει
1737 1126 1816 1194 τῷ

223 1224 414 1285 πάθει,
448 1223 540 1273 καὶ
569 1221 667 1272 οὐκ
713 1220 1015 1286 ἀποφεύγει
1063 1219 1163 1289 τὴν
1216 1218 1359 1289 ὑπὲρ
1390 1219 1492 1288 τῆς
1536 1220 1817 1290 ήμετέρας

224 1312 508 1381 σωτηρίας
534 1313 801 1382 νέκρωσιν
822 1329 836 1343 ·
854 1311 916 1363 π)
929 1311 995 1382 ὴν
1023 1313 1072 1363 εί
1094 1312 1186 1365 καὶ
1211 1312 1280 1364 τὰ
1301 1312 1605 1382 σκυθρωπά
1673 1314 1857 1367 πάντα

221 1407 308 1469 τὸ,
349 1409 471 1461 Καὶ
511 1410 577 1477 τῇ
595 1408 753 1477 τρίτῃ
781 1406 965 1477 ἡμέρᾳ
996 1407 1387 1475 ἀναστήσεται.

301 1521 320 1553 ι
365 1503 475 1556 Καὶ
501 1501 972 1572 προσπορεύονται
1005 1501 1154 1570 αὑτῷ
1197 1500 1457 1564 Ἰάκωϐος
1487 1502 1584 1554 καὶ
1626 1500 1814 1554 Ἰωάν-

223 1610 345 1662 νης,
374 1596 423 1645 οί
453 1593 559 1644 υίοὶ
583 1593 896 1654 Ζεϐεδαίου,
923 1592 1177 1660 λέγοντες
1196 1606 1211 1622 ⁸
1238 1591 1563 1654 Διδάσκαλε,
1585 1591 1817 1660 θέλομεν

222 1685 314 1738 ἵνα
346 1686 376 1737 ὃ
413 1685 506 1737 ἐάν
532 1684 865 1752 αίτήσωμεν,
901 1686 1135 1755 ποιήσῃς
1160 1686 1311 1754 ἡμῖν.
1359 1684 1418 1737 '0
1450 1684 1506 1737 δὲ
1534 1681 1688 1738 εἶπεν
1719 1684 1820 1736 αὑ-

222 1777 339 1838 τοῖῖ
366 1792 381 1808 ⁸
411 1775 476 1827 Τί
504 1773 685 1826 θέλετε
711 1774 932 1842 ποιῆσαί
966 1791 1032 1843 με
1075 1775 1205 1844 ὑμῖν
1235 1792 1249 1841 ;
1283 1775 1345 1827 Ol
1375 1775 1431 1828 δέ
1460 1771 1612 1827 εἷπον
1638 1771 1816 1842 αὐτῷ·

1922 581 2236 636 liarioribus
2267 583 2530 636 duntaxat
2576 580 2929 636 revelandum
2959 587 3100 641 erat,
3129 589 3180 632 et
3224 587 3516 647 propterea

1921 673 1975 727 in
2004 674 2086 726 via
2106 688 2298 728 omnes
2330 673 2608 741 przeecdit,
2651 672 2840 726 volens
2872 688 2900 724 a
2961 669 3308 724 multitudine
3334 674 3519 739 segre-

1920 779 2051 836 gare
2082 767 2394 832 discipulos.
2443 766 2669 834 Insuper
2703 780 2798 834 per
2833 766 2936 818 hoc
2964 764 3106 831 qUod
3145 776 3335 814 omnes
3371 776 3516 830 prae-

1920 857 2068 913 cedit
2105 867 2159 911 et
2192 858 2454 925 przevenit
2487 858 2538 910 in
2576 859 2661 910 via
2693 897 2708 920 ,
2757 856 2994 910 ostendit
3032 856 3174 920 quod
3209 855 3273 903 ad
3309 853 3520 920 passio-

1925 961 2047 1002 nem
2076 960 2420 1012 accurrat,et
2446 965 2550 1002 non
2578 949 2751 1017 fugiat
2779 959 3004 1000 mortem
3027 957 3247 1014 propter
3277 955 3516 998 nostram

1925 1040 2178 1095 salutem.
2225 1040 2486 1105 Quamvis
2537 1049 2718 1095 autem
2757 1040 2922 1093 multa
2966 1051 3252 1092 enumerat
3302 1053 3519 1104 aspera,

1926 1133 2169 1184 omnium
2214 1142 2392 1186 tamen
2471 1133 2685 1185 illorum
2747 1131 3020 1184 suﬂiciens
3085 1130 3390 1185 consolatio
3440 1138 3521 1183 est

1930 1236 2096 1275 unum
2134 1225 2256 1288 hoc,
2290 1225 2431 1292 quod
2475 1225 2633 1278 tertia
2665 1223 2752 1277 die
2786 1233 3054 1290 resurget.

1928 1316 2248 1383 καταλέγει,
2271 1317 2389 1370 ἀλλ’
2420 1314 2513 1369 οὖν
2545 1317 2763 1370 πάντων
2781 1315 3005 1369 ἐκείνων
3038 1314 3366 1385 παραμυθία
3401 1313 3522 1382 μία,

2003 1500 2165 1553 Vsus.
2203 1495 2398 1551 35-59.
2443 1514 2460 1546 t
2499 1486 2562 1548 Et
2604 1495 2870 1548 accedunt
2915 1493 2979 1544 ad
3011 1507 3132 1545 eum
3189 1491 3427 1544 Jacolius
3467 1501 3524 1544 et

1924 1589 2184 1652 Joannes,
2226 1589 2320 1641 lilii
2360 1587 2626 1648 Zebedaei,
2669 1588 2948 1639 dicentes:
2989 1583 3323 1650 Praeceptor,
3368 1582 3524 1636 volu-

1932 1698 2052 1738 mus
2092 1692 2149 1735 ut
2179 1681 2439 1750 quidquid
2473 1680 2809 1748 petierimus,
2856 1678 3023 1730 facins
3057 1677 3232 1729 nobis.
3279 1675 3369 1729 Ille
3395 1683 3525 1728 vero

1936 1775 2062 1829 dicit
2093 1774 2172 1827 eis
2202 1791 2216 1826 :
2247 1771 2383 1837 Quid
2435 1786 2520 1824 me
2554 1771 2714 1823 vultis
2737 1770 2912 1823 facere
2947 1769 3129 1822 vobis?
3176 1767 3250 1819 llli
3287 1782 3412 1820 vero
3441 1767 3525 1820 di-

221 1866 324 1929 Δὸς
357 1866 489 1934 ἡμῖν
529 1865 614 1918 ἵνα
637 1860 717 1924 εἷς
738 1866 801 1917 ἐκ
827 1865 1015 1929 δεξιῶν
1051 1883 1165 1930 σου,
1194 1867 1289 1919 καὶ
1316 1862 1395 1929 εἷς
1429 1866 1486 1933 ἐξ
1524 1865 1825 1934 εὐωνύμων

1937 1875 2126 1919 lerunt
2159 1865 2207 1918 ei
2247 1883 2260 1920 ζ
2299 1863 2372 1916 Da
2407 1864 2563 1917 nobis
2595 1875 2651 1914 ut
2683 1878 2823 1915 unus
2861 1861 2952 1912 llltl
2986 1878 3011 1911 ει
3042 1860 3268 1920 dextris.
3303 1867 3356 1912 et
3389 1857 3526 1911 alter

223 1971 324 2010 σου
361 1955 690 2024 καθήσωμεν
726 1957 783 2006 ἐν
816 1959 884 2025 τῇ
913 1955 1040 2026 δόξῃ
1067 1974 1186 2011 σου.
1231 1957 1288 2011 '0
1327 1958 1382 2012 δέ
1424 1957 1635 2027 Ἰησοῦς
1665 1953 1821 2011 εἴπεν

221 2051 437 2112 αὐτοῖς’
461 2049 574 2100 Οὐκ
602 2047 782 2100 οἴδατε
813 2049 865 2099 τί
885 2049 1151 2102 αἰτεῖσθε.
1178 2049 1421 2102 Δύνασθε
1452 2053 1597 2104 πιεῖν
1629 2051 1689 2103 τὸ
1722 2067 1821 2102 πο-

219 2142 417 2211 τήριον
442 2139 470 2192 ὃ
492 2140 603 2206 ἐγὼ
632 2139 794 2204 πίνω,
824 2141 922 2194 καὶ
951 2141 1010 2193 τὸ
1039 2140 1328 2212 βάπτισμα
1359 2142 1387 2194 ὃ
1414 2143 1526 2210 ἐγὼ
1555 2141 1817 2211 βαπτίζο-

225 2249 351 2301 μαι.
387 2232 753 2301 βαπτισθῆναι
779 2249 795 2299 ;
825 2231 888 2284 Οἳ
944 2233 1002 2287 δὲ
1051 2229 1204 2286 εἷπον
1259 2235 1432 2304 αὐτῷ·
1467 2235 1811 2303 Δυνάμεθα.»

225 2323 422 2386 Ἀλλος
441 2325 838 2394 εὐαγγελιστής
860 2341 1028 2394 φησιν
1045 2326 1126 2378 ὅτι
1159 2329 1192 2397 ή
1229 2329 1414 2397 μήτηρ
1436 2328 1616 2381 αὐτῶν
1647 2345 1820 2398 προσ-

219 2417 358 2485 ἦλθε
402 2415 481 2486 τῷ
520 2415 765 2486 Χριστῷ.
824 2417 981 2481 Είκὺς
1035 2418 1096 2472 δέ
1138 2422 1309 2474 -ἐστιν
1341 2420 1632 2490 ἀμφότερα
1675 2420 1826 2487 γενέ-

221 2511 386 2565 σθαι·
424 2514 670 2576 καὶτοὺς
726 2513 1059 2576 ἀποστόλους
1130 2513 1554 2582 αίσχυνομένους
1608 2513 1820 2582 προϐα-

219 2604 417 2657 λέσθαι
450 2607 548 2674 τὴν
585 2605 795 2676 μητέρα
822 2605 1001 2659 αὐτῶν
1023 2647 1038 2670 ,
1071 2601 1194 2659 εἶτα
1228 2605 1324 2660 καὶ
1359 2606 1558 2668 αΰτοὺς
1583 2607 1822 2676 προσελ-

223 2695 344 2748 θεῖν
401 2695 546 2766 ίδίαθ
589 2697 669 2749 διὸ
718 2700 814 2751 καὶ
863 2700 892 2752 ὁ
943 2698 1343 2770 εὐαγγελιστὴς
1393 2700 1822 2768 ἐπισημαίνεται

221 2789 406 2854 τοῦτο,
435 2789 640 2857 λέγων·
671 2792 1174 2862 Προσπορεύονται,
1206 2794 1327 2846 ἀντὶ
1360 2793 1475 2861 τοῦ,
1516 2793 1622 2861 ίδίᾳ
1655 2808 1826 2861 προσ-

222 2880 506 2949 έρχονται,
560 2881 672 2933 τῶν
735 2881 912 2936 ἄλλων
947 2882 1450 2951 ἀποχωρισθέντες.
1497 2884 1562 2935 Τί
1604 2883 1661 2935 δέ
1705 2879 1772 2952 ἦν
1798 2881 1827 2934 ὃ

223 2971 472 3042 ᾐτοῦντο,
507 2971 792 3042 μάθωμεν.
826 2973 1112 3042 Ἐνόμιζον
1145 2974 1227 3026 ὅτι
1257 2973 1417 3026 τοῦτο
1455 2972 1484 3024 δ
1529 2973 1824 3043 ἀνέρχεται

223 3065 307 3125 είς
344 3061 713 3132 Ἰεροσόλυμα.
741 3062 828 3114 διά
858 3065 917 3114 τὸ
943 3063 1290 3132 βασιλεύσειν
1313 3064 1604 3133 ἀνέρχεται
1633 3064 1829 3133 αίσθη-

221 3151 326 3222 τὴν
356 3149 653 3220 βασιλείαν.
683 3153 792 3205 Καὶ
819 3153 958 3220 μετὰ
987 3153 1048 3204 τὸ
1065 3153 1406 3221 βασιλεῦσαι,
1429 3155 1550 3205 τότε
1574 3154 1825 3206 πείσεται

223 3242 262 3298 ἃ
295 3243 494 3312 ἔμελλε
550 3245 764 3298 παθεῖν.
805 3243 995 3298 Ταῦτα
1034 3242 1128 3298 οὖν
1158 3245 1494 3310 ἐννοοῦντες,
1535 3245 1817 3298 αίτοῦνται

227 3338 325 3392 καὶ
375 3340 474 3408 τὴν
509 3341 574 3392 ἐκ
603 3339 796 3406 δεξιῶν
838 3342 933 3393 καὶ
965 3343 1068 3411 τὴν
1106 3343 1164 3407 ἐξ
1189 3341 1488 3410 εὐωνύμων
1528 3341 1822 3412 καθέδρανο

225 3429 310 3483 διὸ
337 3432 435 3483 καὶ
465 3434 494 3484 ὁ
533 3431 742 3502 Κύριος
771 3435 1003 3503 ἐπιτιμᾷ
1033 3434 1220 3496 αὐτοῖς
1247 3434 1321 3496 ὼς
1363 3435 1593 3502 ἀνόητόν
1639 3452 1689 3486 τι
1731 3435 1828 3503 ξη-

227 3524 433 3579 τοῦσιν.
457 3526 572 3578 υὺκ
601 3526 776 3579 οῖδατε
802 3528 934 3598 γὰρ,
966 3530 1123 3598 φησὶ,
1142 3529 1196 3580 τί
1214 3528 1476 3584 αἰτεῖσθε.
1512 3528 1703 3598 Ὑμεῖς
1721 3530 1830 3600 γὰρ

227 3620 483 3685 νομίζετε
533 3619 802 3690 αἰσθητὴν
863 3617 1002 3673 εἶναι
1057 3623 1158 3692 τὴν
1210 3622 1350 3690 ἐμὴν
1391 3621 1695 3691 βασιλείαν,
1733 3623 1828 3675 καὶ

228 3709 500 3780 αἰσθητὴν
523 3710 622 3782 τὴν
648 3711 922 3783 καθέδραν
956 3714 1218 3767 αίτείσθε.
1253 3716 1365 3768 Οὐκ
1395 3714 1508 3766 ἔστι
1539 3715 1594 3768 δὲ
1629 3713 1787 3766 τοῦτο
1813 3730 1827 3746 ·

228 3802 365 3855 ἀλλά
399 3803 574 3857 ταῦτα
614 3806 796 3860 πάντα
831 3807 972 3875 ὑπὲρ
1011 3807 1137 3860 νοῦν
1173 3811 1298 3860 είσι.
1347 3809 1462 3860 Καὶ
1511 3809 1571 3860 τὸ
1604 3808 1829 3860 καθίσαι

229 3895 294 3947 ὲκ
325 3894 519 3959 δεξιῶν
554 3914 654 3965 μου
725 3899 868 3966 μέγα
897 3899 1036 3963 ἐστὶ,
1075 3899 1167 3951 καὶ
1194 3900 1293 3961 τὰς
1321 3900 1620 3967 ἀγγελικάς
1660 3900 1832 3968 ὑπερ-

232 3987 418 4040 ϐαῖνον
450 3989 639 4052 τάξεις
662 4032 676 4055 ,
710 3991 804 4043 καὶ
839 3991 997 4060 ὑμεῖς
1033 3992 1130 4060 μὲν
1180 3994 1274 4044 ἐπὶ
1319 3994 1478 4059 δόξαν
1535 3995 1828 4062 κεχήνατε,

228 4077 343 4147 ἐγὼ
375 4079 432 4131 δὲ
455 4082 536 4142 εἰς
587 4080 818 4133 θάνατον
861 4082 1006 4151 ὑμᾶς
1047 4082 1217 4135 καλῶ.
1276 4085 1544 4154 Ποτήριον
1592 4085 1702 4153 γὰρ
1733 4085 1830 4136 καὶ

231 4169 521 4240 βάπτισμα
575 4173 668 4223 τὸν
702 4173 937 4244 σταυρὸν
979 4173 1271 4244 ὀνομάζει’
1302 4178 1562 4245 ποτήριον
1593 4177 1720 4246 μὲν,
1757 4176 1832 4239 ὡς

227 4268 310 4328 εἰς
334 4265 505 4317 ὖπνον
540 4265 701 4328 εὐθὺς
732 4267 863 4332 ἆγον
903 4266 997 4319 καὶ
1024 4266 1097 4328 ὡς
1122 4267 1294 4337 ἡδέως
1324 4268 1416 4319 ὑπ’
1439 4269 1606 4321 αὐτοῦ
1656 4286 1831 4338 προσ-

229 4357 423 4427 δεχθέν
447 4373 460 4387 ·
498 4357 786 4426 βάπτισμα
818 4358 895 4421 δέ,
929 4357 1004 4421 ὡς
1040 4359 1381 4429 καθαρισμὸν
1413 4360 1521 4412 τῶν
1548 4361 1834 4430 ἁμαρτιῶν

230 4452 636 4521 ποιησάμενον,·
671 4453 721 4504 cl
745 4451 823 4516 δε,
860 4451 935 4523 μὴ
963 4453 1259 4522 νοήσαντες
1286 4453 1529 4518 τίλέγοι,
1561 4453 1832 4524 ὑπέσχον-

1858 3216 1899 3273 C

1937 1960 2033 2014 tibi
2063 1976 2088 2011 a
2127 1957 2371 2012 sinistris
2395 1958 2680 2010 sedeamus
2708 1956 2758 2008 in
2788 1955 2956 2025 gloria
2991 1965 3102 2007 tua.
3133 1953 3290 2006 Jesus
3343 1962 3528 2005 autem

1937 2053 2072 2106 dixit
2097 2052 2205 2105 illis
2235 2069 2249 2105 :
2289 2050 2523 2104 Nescitis
2547 2049 2672 2117 quid
2701 2049 2920 2116 petatis.
2957 2046 3189 2099 Potestis
3223 2045 3410 2098 bibere
3443 2057 3531 2111 po-

1925 2144 2107 2199 culum
2143 2142 2287 2212 quod
2317 2157 2416 2211 ego
2451 2143 2608 2205 bibo,
2641 2150 2694 2193 et
2727 2140 3054 2208 baptismate
3088 2151 3196 2204 quo
3226 2151 3328 2204 ego
3363 2133 3530 2202 bapti-

1925 2252 2022 2290 zor
2070 2236 2331 2304 baptizari
2377 2235 2504 2286 ?At
2563 2233 2637 2285 illi
2691 2232 2944 2286 dixerunt
2984 2233 3030 2283 ei
3078 2246 3094 2284 :
3141 2231 3456 2281 Possumus.
3507 2247 3524 2278 ι

1927 2330 2081 2384 Alius
2104 2328 2432 2398 evangelista
2464 2326 2596 2379 dicit
2628 2324 2768 2393 quod
2798 2333 2970 2377 mater
2996 2323 3211 2376 illorum
3240 2323 3534 2375 accesserit

1935 2424 2001 2476 ad
2020 2422 2322 2475 Christum.
2354 2417 2664 2472 Verisimile
2689 2425 2870 2474 autem
2893 2426 2974 2470 est
2991 2426 3284 2482 utrumque
3307 2414 3530 2475 lactem,

1926 2519 1980 2565 et
2029 2510 2308 2580 apostolos
2339 2509 2547 2577 pudore
2597 2511 2832 2576 quodam
2887 2517 3115 2560 matrem
3172 2507 3530 2575 prmmisisse,

1931 2615 1984 2660 et
2007 2604 2201 2658 deinde
2241 2604 2390 2672 ipsos
2427 2603 2654 2656 seorsim
2691 2600 2890 2654 adiisse
2920 2617 2932 2653 :
2969 2601 3174 2654 idcirco
3207 2611 3262 2653 et
3296 2614 3536 2669 evange-

1928 2699 2053 2751 lista
2078 2698 2323 2766 assignat
2346 2696 2468 2757 hoc,
2501 2695 2688 2748 dicens
2718 2711 2732 2747 :
2768 2693 3070 2757 Accedunt,
3108 2691 3210 2746 huc
3251 2703 3357 2756 est,
3384 2705 3538 2744 seor-

1930 2789 2031 2842 sim
2053 2789 2272 2846 adeunt.
2302 2787 2370 2840 ab
2395 2786 2517 2839 aliis
2541 2784 2830 2854 segregati.
2857 2781 2995 2850 Quid
3021 2785 3184 2854 igitur
3209 2784 3370 2837 fuerit
3393 2783 3535 2851 quod

1933 2880 2226 2948 petierunt,
2262 2878 2563 2932 discamus.
2597 2875 2926 2946 Cogitabam
2959 2879 3100 2944 quod
3129 2878 3452 2930 ascenderet
3482 2875 3534 2927 in

1935 2971 2310 3040 Hierosolyma
2342 2982 2399 3024 ut
2427 2971 3052 3041 regnatur-ustemporali
3074 2970 3308 3038 quodam
3341 2984 3537 3038 regnn,

1934 3072 1990 3118 et
2022 3074 2311 3132 postquam
2349 3072 2654 3133 regnasset,
2695 3078 2956 3131 passurus
2987 3073 3133 3116 esset
3164 3077 3225 3114 ea
3252 3063 3317 3115 de
3336 3062 3535 3131 quibus

1937 3156 2171 3211 dicebat.
2209 3155 2359 3208 Talia
2405 3171 2591 3210 secum
2623 3156 2952 3223 cogitantes,
2994 3155 3308 3224 petiverunt
3349 3156 3535 3208 sedem

1935 3258 1986 3300 et
2018 3263 2045 3299 a
2076 3247 2284 3300 dextris
2302 3258 2352 3299 et
2386 3264 2412 3298 τι
2448 3248 2724 3300 sinistris:
2755 3247 2958 3300 idcirco
2984 3258 3037 3299 et
3075 3247 3334 3300 Dominus
3361 3248 3541 3300 incre-

1936 3350 2028 3409 pat
2055 3356 2147 3393 eos
2177 3344 2678 3407 tanquamsmltum
2711 3325 2976 3408 quiddam
3008 3351 3274 3409 prtcutes.
3301 3339 3541 3395 Nescitis

1935 3434 2102 3496 enim,
2142 3434 2339 3501 inquit,
2374 3435 2502 3501 quid
2536 3433 2756 3501 petatis.
2791 3433 2899 3488 Vos
2933 3437 3077 3488 enim
3113 3436 3343 3488 creditis
3365 3436 3539 3488 sensi-

1933 3525 2042 3580 bile
2074 3526 2346 3595 quoddam
2407 3539 2586 3578 meum
2641 3541 2866 3592 regnum
2909 3540 3052 3588 esse,
3086 3539 3140 3579 et
3179 3526 3538 3595 temporalem

1936 3619 2119 3672 sedem
2168 3618 2354 3685 petitis
2388 3635 2400 3670 :
2436 3628 2489 3670 at
2530 3632 2617 3671 res
2664 3634 2767 3672 non
2807 3619 2878 3671 ita
2912 3634 2970 3672 se
3008 3620 3190 3684 habet,
3229 3623 3321 3673 sed
3358 3620 3541 3674 omnia

1937 3709 2050 3761 haec.
2071 3724 2232 3776 supra
2267 3717 2504 3760 mentem
2535 3707 2772 3761 hominis
2791 3719 2936 3762 sunt.
2965 3709 3024 3762 Et
3057 3711 3250 3764 sedere
3275 3725 3303 3762 a
3331 3713 3539 3764 dextris

1944 3803 2100 3864 meis,
2135 3816 2391 3870 magnum
2423 3810 2530 3866 est,
2563 3803 2779 3869 etquod
2809 3803 3028 3856 excellit
3069 3804 3232 3855 etiam
3267 3805 3544 3874 angelicas

1936 3894 2191 3947 ordines:
2227 3893 2395 3963 228
2425 3903 2478 3948 et
2510 3909 2607 3948 vos
2631 3896 2848 3964 quidem
2882 3896 2948 3948 ad
2981 3897 3209 3962 gloriam
3249 3896 3543 3962 festinatis,

1937 4001 2036 4055 ego
2061 3998 2243 4040 autem
2301 3988 2368 4040 ad
2417 3999 2650 4042 mortem
2684 4003 2780 4042 vos
2814 4003 2964 4041 voco.
3016 3988 3279 4042 Poculum
3311 3991 3456 4043 eniut
3488 4001 3545 4044 et

1939 4077 2206 4145 baptisma
2241 4092 2460 4131 crucem
2498 4078 2770 4133 nominat.
2810 4078 3069 4133 Poculum
3103 4080 3323 4149 quidem
3350 4121 3365 4146 ,
3398 4083 3544 4150 quod

1936 4171 2123 4222 statim
2168 4185 2421 4225 somnum
2454 4174 2742 4235 conciliet,
2781 4184 2835 4226 et
2888 4175 3032 4243 quod
3065 4177 3131 4226 ab
3184 4175 3302 4243 ipso
3346 4189 3545 4244 magna

1938 4277 2058 4319 Cum
2095 4265 2365 4319 suavitate
2394 4275 2684 4332 sumatur;
2725 4267 2993 4335 baptisma
3024 4279 3226 4332 autem,
3272 4275 3414 4338 quod
3459 4269 3546 4325 {u-

1941 4366 2061 4409 tura
2092 4366 2238 4411 esset
2268 4370 2622 4426 peccatorum
2660 4361 2985 4427 purificatio.
3025 4369 3093 4415 At
3141 4363 3193 4416 hi
3247 4381 3352 4416 tton
3386 4365 3546 4417 intel—

1940 4451 2177 4521 ligentes
2215 4452 2344 4522 quid
2403 4452 2613 4508 diceret
2671 4454 2900 4521 polliriti
2961 4465 3106 4510 sunt.
3172 4457 3547 4524 Opinabantur

226 4561 314 4609 το,
355 4545 675 4612 νομίζοντες
708 4545 890 4613 λέγειν
926 4547 1055 4617 περὶ
1089 4545 1354 4616 ποτηρίου
1408 4546 1701 4617 αίσθητοῦ,
1740 4549 1831 4602 καὶ

1942 4546 2086 4599 enim
2112 4545 2394 4615 eumloqui
2413 4548 2478 4600 de
2499 4546 2693 4614 poculo
2711 4546 3049 4611 sensibili,et
3071 4549 3399 4616 baptismate
3433 4566 3548 4617 quo

231 4637 618 4708 βαπτίσματος
666 4639 763 4710 οἴῳ
794 4639 1155 4704 ἐϐαπτίζοντο
1187 4642 1237 4693 οί
1279 4639 1559 4705 Ἰουδαῖοι,
1595 4641 1703 4713 πρὸ
1736 4639 1830 4694 τοῦ

231 4733 434 4800 φαγεῖν
458 4731 810 4802 πλυνόμενοι.

309 4841 329 4874 ε
377 4824 436 4876 Ὀ
468 4823 526 4877 δὲ
578 4823 786 4893 Ἰησοῦς
829 4819 981 4877 εἶπεν
1013 4824 1228 4886 αὐτοῖς·
1254 4825 1327 4878 Τὸ
1363 4826 1460 4896 μὲν
1493 4827 1757 4897 ποτήριον
1805 4825 1834 4878 δ

230 4917 347 4987 ἐγὼ
371 4918 538 4978 πίνω.
570 4918 780 4982 πίεσθε,
814 4918 909 4972 καὶ
944 4921 1005 4972 τὸ
1032 4918 1318 4989 βάπτισμα
1355 4919 1383 4973 ὃ
1418 4919 1529 4988 ἐγὼ
1572 4921 1834 4991 βαπτίζο-

233 5030 357 5089 μαι,
394 5010 816 5082 βαπτισθήσεθε.
869 5013 943 5066 Τὸ
992 5013 1047 5066 δὲ
1082 4997 1306 5066 καθίσαι
1362 5016 1426 5067 ἐκ
1474 5013 1670 5078 δεξιῶν
1729 5031 1832 5083 μου

229 5106 327 5160 καὶ
351 5103 412 5170 ἐξ
440 5105 739 5176 εὐωνύμων
776 5122 879 5176 μου
900 5146 915 5168 ,
945 5106 1046 5158 οὐκ
1081 5105 1232 5159 ἐστιν
1263 5106 1396 5176 ἐμὸν
1433 5106 1658 5171 δοῦναι,
1713 5106 1833 5160 ἀλλ’

228 5192 314 5260 οἷς
353 5197 703 5267 ἡτοίμασται.
753 5215 770 5247 ι
805 5197 879 5250 Τὸ
916 5198 1016 5267 μὲν
1057 5197 1380 5270 μαρτύριον,
1409 5201 1598 5269 φησὶν,
1637 5199 1832 5252 ὑπεισ-

229 5291 551 5355 ελεύσεσθε,
587 5293 680 5344 καὶ
723 5290 1095 5346 ἀποθανεῖσθε
1129 5293 1220 5346 τὸν
1262 5293 1404 5363 ὑπὲρ
1437 5293 1535 5362 τῆς
1566 5292 1831 5362 ἀληθείας

229 5385 490 5438 θάνατον.
541 5384 622 5437 Τὸ
663 5384 722 5437 δὲ
763 5383 1013 5448 καθίσαι,
1080 5385 1181 5439 οὐκ
1227 5384 1376 5439 ἐστιν
1443 5386 1577 5455 ἐμὸν
1621 5385 1830 5440 δοῦναι.

240 5475 512 5530 Ἐνταῦθα
543 5476 599 5531 δέ
628 5476 724 5530 δύο
745 5477 869 5531 τινὰ
897 5475 1211 5548 ζητοῦνται.
1245 5477 1344 5554 “Ev
1376 5479 1476 5549 μὲν
1506 5478 1648 5533 τόδε.
1681 5475 1834 5550 Ἀρα

228 5565 564 5637 ἡτοίμασταί
593 5581 701 5618 τινι
729 5566 789 5618 τδ
823 5565 1053 5620 καθίσαι
1083 5581 1099 5631 ;
1145 5566 1335 5638 ἕτερον
1378 5567 1457 5631 δέ,
1495 5561 1605 5638 ἄρα
1634 5568 1663 5620 δ
1694 5570 1835 5621 πάν-

226 5674 340 5712 των
369 5657 641 5727 Δεσπότης
669 5657 732 5711 οὐ
772 5657 999 5712 δύναται
1021 5659 1227 5729 ταύτην
1253 5661 1356 5731 τὴν
1384 5659 1659 5731 καθέδραν
1690 5661 1820 5715 δοῦ-

229 5769 359 5816 ναις
403 5751 650 5822 Λέγομεν
676 5751 773 5807 οῦν
803 5753 887 5807 ὅτι
909 5753 1093 5818 οὐδεὶς
1133 5757 1199 5808 ἐκ
1228 5753 1422 5820 δεξιῶν
1457 5755 1669 5810 καθίσει
1701 5756 1734 5826 ἢ
1776 5757 1834 5823 ἐξ

228 5841 561 5914 ἀριςτερῶν.
611 5842 772 5899 Ἀλλά
804 5843 911 5898 κᾶν
948 5843 1220 5916 πολλαχοῦ
1267 5845 1369 5916 τῆς
1422 5845 1651 5918 Γραςῆς
1694 5847 1829 5900 καο-

1946 4635 2365 4706 baptizabantur
2397 4636 2574 4692 Judaei
2617 4652 2742 4692 cum
2775 4647 2905 4694 ante
2949 4640 3130 4694 cibum
3174 4654 3232 4694 se
3281 4639 3546 4696 lavarent.

2017 4820 2178 4876 Vsus.
2211 4823 2302 4889 '59,
2345 4823 2436 4879 40.
2477 4843 2494 4875 ι
2533 4822 2698 4881 Jesus
2729 4833 2910 4879 autem
2936 4825 3072 4880 dixit
3101 4824 3208 4879 illis
3242 4843 3255 4879 :
3289 4824 3545 4878 Pocmum

1943 4913 2161 4981 quidem
2191 4917 2331 4985 quod
2357 4931 2460 4986 ego
2488 4917 2635 4980 bibo,
2671 4918 2869 4972 bibetis
2904 4935 2918 4972 :
2962 4928 3015 4973 et
3063 4919 3394 4986 baptismate
3439 4935 3546 4988 quo

1945 5020 2044 5073 ego
2076 5005 2351 5075 baptizor,
2392 5008 2804 5076 baptizabimini
2844 5028 2856 5063 :
2894 5021 3150 5065 czeterum
3199 5014 3386 5066 sedere
3416 5011 3547 5064 milii

1943 5111 1972 5150 a
1998 5098 2204 5153 dextris
2250 5113 2314 5152 ac
2338 5099 2605 5164 sinistris,
2646 5117 2755 5155 non
2793 5109 2880 5156 est
2925 5117 3103 5156 meum
3151 5104 3307 5169 dare,
3358 5108 3450 5158 sed
3485 5107 3547 5161 iis

1943 5191 2224 5262 continget
2286 5192 2488 5259 quibus
2528 5203 2780 5262 paratum
2833 5205 2940 5250 est.
3003 5216 3021 5248 ι
3079 5197 3160 5251 Ad
3224 5200 3546 5268 tuartyrium

1945 5284 2412 5355 quidem,iuquit,
2455 5289 2788 5356 pervenietis
2818 5330 2831 5351 .
2873 5300 2928 5344 et
2973 5291 3287 5345 moriemini
3332 5305 3431 5360 pro
3463 5307 3547 5344 ve-

1947 5378 2154 5432 ritate:
2211 5388 2267 5433 at
2315 5383 2510 5436 sedere
2565 5396 2594 5434 a
2651 5383 2860 5437 dextris
2891 5399 2954 5437 ac
2988 5384 3251 5449 sinistris,
3309 5400 3417 5437 non
3465 5392 3549 5440 est

1945 5484 2123 5524 meum
2157 5471 2308 5524 dare.
2363 5470 2473 5527 l-loc
2517 5474 2639 5529 loco
2675 5476 2782 5528 duo
2842 5477 3017 5545 queri
3065 5479 3247 5533 solent
3286 5496 3298 5532 :
3339 5478 3547 5546 Primo,

1943 5578 2072 5617 num
2103 5564 2343 5634 cuipiam
2385 5577 2636 5637 paratum
2693 5568 2762 5622 sit
2811 5572 3006 5626 sedere
3040 5588 3054 5625 :
3085 5573 3281 5626 deinde
3323 5587 3389 5623 an
3425 5586 3548 5624 om-

1945 5656 2093 5710 nium
2125 5656 2388 5713 Dominus
2423 5675 2527 5714 non
2561 5661 2737 5729 possit
2763 5663 2948 5718 sedem
2984 5663 3144 5719 istam
3186 5664 3362 5718 dare?
3398 5661 3549 5719 Dici-

1941 5767 2066 5806 mus
2098 5753 2284 5823 igitur,
2316 5755 2457 5824 quod
2488 5756 2668 5812 nullus
2711 5771 2738 5809 a
2777 5757 2986 5813 dextris
3018 5759 3232 5814 sedebit
3267 5769 3360 5813 aut
3396 5774 3425 5812 a
3471 5759 3547 5812 si-

1942 5845 2153 5902 nistris.
2192 5847 2401 5902 Etcum
2439 5863 2583 5920 saepe
2634 5851 2688 5904 in
2731 5849 3037 5923 Scripturis
3089 5853 3332 5909 audieris
3361 5854 3547 5908 cathe-
