4272 6438
744 401 846 464 607
1656 384 2237 453 THEOPHYLACTI
2278 383 2431 448 BUL

2297 380 2691 448 ΒυιαΑιιιΑι
2730 378 3087 443 ARCHIEP.
3874 369 3984 434 608

732 513 905 574 dcam,
957 522 1062 561 non
1117 501 1427 557 cathedram
1482 495 1780 568 intelligas,
1819 495 1914 551 sed
1945 492 2296 548 excellentem
2330 496 2374 552 Α
2406 491 2419 543 ί

2330 496 2374 552 Α
2406 488 2563 559 έδρας
2594 484 2817 560 ἀκούῃς,
2863 484 2937 565 μὴ
2986 480 3258 552 καθέδραν
3292 481 3421 545 νέει,
3453 477 3587 534 ἀλλὰ
3622 476 3789 549 τιμὴν
3811 477 3985 548 ὑπερ-

733 568 1069 671 tlignitatcm.
1100 592 1252 659 Quod
1299 600 1478 644 autem
1514 604 1617 644 non
1658 589 1730 642 sit
1778 602 1952 641 meum
1991 587 2139 649 dare,
2198 584 2298 637 hoc
2402 581 2420 634 ι

2402 579 2720 634 ϐάλλουσαν.
2755 576 2841 632 Τδ.
2872 576 2953 641 δὲ,
2981 575 3099 629 Οΰκ
3137 572 3285 626 εστιν
3315 571 3447 637 έμδν
3481 570 3665 623 δοῦναι
3692 610 3707 634 ,
3738 568 3987 623 τοιοῦτον

736 656 890 743 tarem
922 690 1079 742 habet
1097 699 1315 737 sensum
1344 700 1357 735 :
1392 680 1453 733 Ν(
1476 697 1508 733 n
1543 691 1625 733 est
1669 693 1867 741 meum,
1903 678 2001 730 hoc
2031 684 2135 741 est,
2162 674 2299 743 justi
2403 672 2423 724 ι

2298 720 2299 725 η
2403 672 2514 740 ἔχει
2553 669 2644 722 τὸν
2674 666 2832 720 νοῦν·
2870 667 2984 719 Οὐκ
3010 662 3160 717 εστιν
3188 659 3325 731 ἐμοῦ
3368 658 3463 712 τοῦ
3500 659 3714 711 δικαίου
3762 656 3985 727 κριτοῦ,

728 781 948 850 judicis,
983 781 1111 831 dare
1153 778 1306 829 vobis
1348 775 1415 827 ad
1457 772 1683 841 gratiam
1738 769 2056 839 dignitatem
2116 767 2296 829 istam,
2400 780 2415 813 1

2400 762 2461 814 τὸ
2482 759 2664 812 δοῦναι
2698 758 2828 826 ὑμῖν
2857 754 2998 809 κατά
3032 752 3194 822 χάριν
3214 750 3312 821 τὴν
3341 750 3508 819 τιμὴν
3532 747 3759 818 ταύτην·
3784 746 3846 798 οὐ
3873 744 3988 816 γὰρ

733 838 837 924 non
888 870 1028 920 enim
1059 867 1234 934 justus
1271 877 1445 918 essem
1477 878 1493 927 ;
1525 861 1615 915 scd
1648 859 1733 913 his
1770 858 1861 929 qui
1909 854 2300 916 laboraverint,
2403 853 2420 908 ἐ

2298 898 2300 910 .
2403 853 2469 908 ἂν
2500 851 2703 911 δίκαιος
2734 848 2890 917 εἴηνο
2919 845 3054 899 ἀλλὰ
3093 844 3208 907 τοῖς
3257 840 3714 910 ἀγωνισαμένοις,
3748 838 3985 900 ἐκείνοις

733 972 1027 1031 przeparata
1049 928 1131 1014 est
1156 958 1389 1027 dignitas
1409 957 1532 1009 illa:
1567 950 2020 1021 quemadmodum
2049 950 2091 1003 si
2121 949 2301 1017 justus
2402 946 2420 997 i

2402 944 2728 1015 ἡτοίμασται
2752 942 2785 1007 ἡ
2831 937 2964 1007 τιμὴ
2996 936 3159 1005 αὕτη,
3194 932 3386 1001 ὥσπερ
3414 932 3481 984 ἂν
3521 932 3568 983 εί
3604 928 3856 1000 βασιλεὺς
3909 928 3989 981 δί-

734 1071 827 1107 rcx
871 1053 1181 1123 praesideret
1215 1048 1500 1103 certamini
1532 1046 1785 1112 cuipiam,
1814 1053 1866 1097 et
1902 1041 2095 1095 deinde
2143 1052 2299 1094 acce-
2404 1054 2421 1089 δ

2404 1052 2556 1098 καιος
2592 1031 2937 1104 προεκάθητο
2994 1027 3206 1096 ἀγῶνός
3256 1041 3403 1087 τινος
3428 1065 3443 1089 ,
3471 1018 3592 1076 εἶτα
3627 1019 3988 1091 προσέλθοιεν

732 1112 962 1200 dant-ad
1014 1143 1415 1211 illum-quidam
1469 1139 1626 1191 amici
1669 1138 1807 1205 ejus,
1856 1142 1910 1189 et
1962 1136 2145 1189 dicant
2178 1149 2190 1185 :
2225 1130 2298 1193 Da
2402 1144 2419 1182 ι

2402 1126 2551 1195 αὑτῷ
2568 1140 2713 1188 τινες
2753 1123 2897 1193 φίλοι
2926 1119 3115 1181 αὑτοῦ,
3146 1118 3241 1170 καὶ
3278 1117 3506 1168 είποιεψ
3546 1114 3645 1177 Δὸς
3690 1114 3821 1183 ἡμῖν
3862 1112 3989 1174 τοὺς

734 1235 888 1287 nobis
920 1249 1194 1287 coronas:
1236 1232 1379 1285 dicet
1412 1229 1616 1295 utique,
1646 1227 1756 1281 Non
1795 1235 1878 1279 est
1930 1240 2110 1278 meum
2149 1224 2298 1286 dare,
2403 1235 2421 1270 ι

2403 1217 2700 1286 στεφάνους
2723 1256 2735 1279 ,
2767 1210 2918 1267 εἶπεν
2945 1212 3033 1273 ἂν,
3060 1210 3173 1265 Οὐκ
3204 1207 3355 1262 ἐστιν
3382 1208 3515 1277 ὲμὸν
3544 1206 3607 1257 τὸ
3639 1203 3845 1267 δοῦναι,
3868 1203 3987 1255 ἀλλ’

734 1326 828 1379 St'd
863 1326 903 1375 si
939 1328 1059 1390 quis
1092 1322 1380 1376 certaverit
1416 1330 1467 1373 et
1508 1319 1721 1379 vicerit,
1765 1317 1839 1369 illi
1891 1323 2191 1384 pra-parata
2220 1322 2303 1367 est
2400 1326 2421 1362 ε

2400 1312 2454 1362 εῐ
2479 1327 2563 1372 τις
2590 1308 2917 1377 ἁγωνίσεται
2945 1306 3040 1358 καὶ
3083 1304 3334 1372 νικήσει,
3365 1300 3563 1368 satedi»
3601 1297 3932 1367 ἡτοίμασται
3957 1294 3991 1348 δ

735 1430 955 1467 corona.
990 1413 1049 1465 Et
1082 1414 1151 1464 ita
1180 1413 1341 1463 etiam
1370 1426 1482 1471 vos,
1514 1426 1544 1463 ο
1580 1407 1671 1461 lilii
1722 1406 1990 1467 Zcbedmi,
2035 1413 2302 1473 martyres
2404 1419 2422 1453 c

2299 1423 2302 1450 ι
2404 1401 2666 1475 στέφανος
2686 1418 2698 1431 ·
2735 1398 2874 1451 ὥστε
2911 1398 3004 1449 καὶ.
3031 1396 3186 1464 ὑμεῖς
3206 1434 3220 1458 ,
3246 1393 3295 1446 oi
3330 1390 3425 1445 τοῦ
3451 1389 3739 1445 Ζεϐεδαίου
3768 1387 3986 1449 παῖδες.

734 1504 948 1570 quidem
980 1503 1133 1555 eritis
1184 1513 1408 1570 propter
1442 1514 1526 1552 me
1560 1517 1575 1551 :
1608 1498 1652 1551 si
1682 1506 1861 1550 autem
1893 1497 2015 1561 quis
2050 1495 2301 1547 inventtts
2406 1511 2421 1563 ι

2406 1495 2785 1563 μαρτυρήσετε
2820 1491 2918 1559 μὲν
2950 1490 3093 1559 ὑπὲρ
3142 1488 3278 1558 εμοῦ
3304 1529 3320 1553 ,
3357 1488 3456 1541 ἐὰν
3504 1486 3560 1537 δέ
3604 1501 3687 1547 τις
3735 1481 3994 1570 εὑρεθείη

735 1594 891 1647 fuerit
923 1608 1041 1645 cum
1078 1593 1337 1663 martyrio
1366 1604 1555 1644 omnes
1590 1589 1723 1641 alias
1771 1588 1997 1642 virtutes
2027 1585 2304 1654 possidere
2406 1600 2422 1651 ι

2406 1583 2545 1651 μετὰ
2572 1580 2668 1633 τοῦ
2706 1578 3010 1650 μαρτυρίου
3036 1618 3049 1639 ,
3097 1578 3192 1630 καὶ
3242 1577 3341 1643 τὴν
3371 1574 3539 1643 άλλην
3573 1575 3751 1625 πᾶσαν
3788 1567 3997 1641 ἀρετὴν

734 1683 965 1748 anmlius
998 1697 1158 1750 quam
1190 1697 1304 1743 vos,
1339 1680 1427 1734 ille
1464 1694 1556 1733 vos
1591 1679 1872 1746 praecedet.
2403 1674 2421 1725 ε

2403 1673 2541 1743 έχων
2575 1673 2715 1743 ὑπὲρ
2742 1672 2909 1740 ὑμᾶς,
2937 1671 3144 1733 ἐκεῖνος
3173 1670 3399 1740 προάξει
3423 1669 3587 1738 ὑμᾶς.

810 1773 968 1825 Vtilis.
1002 1771 1184 1825 ἵει-45.
1225 1790 1242 1822 ι
1310 1770 1373 1823 Ει
1428 1785 1549 1821 cum
1581 1768 1855 1822 audissent
1891 1768 2098 1828 decem,
2132 1778 2305 1831 cmpe-
2484 1781 2497 1814 ι

2484 1781 2503 1814 ι
2540 1764 2647 1815 Καὶ
2701 1761 3034 1823 ἀκούσαντες
3082 1763 3131 1814 oi
3179 1761 3336 1823 δέκα,
3388 1756 3623 1829 ἤρξαντο
3656 1756 3994 1824 ἀγανακτεῖν

738 1873 866 1917 runt
896 1864 1158 1932 indignari
1194 1876 1354 1931 super
1376 1860 1581 1916 Jacnbo
1602 1871 1652 1914 et
1687 1859 1912 1913 Joanne.
1945 1857 2101 1911 Jesns
2129 1868 2303 1908 autem
2339 1859 2380 1913 Β
2410 1870 2425 1904 1

2339 1859 2380 1913 Β
2410 1854 2538 1922 περὶ
2586 1851 2843 1905 Ἱακώὸου
2878 1854 2969 1905 καὶ
3002 1851 3273 1904 Ἰωάννου.
3327 1850 3385 1903 Ὀ
3414 1850 3470 1902 δὲ
3513 1849 3717 1917 Ἰησοῦς
3745 1863 3997 1918 προσκαο

734 1968 854 2006 cum
891 1963 1130 2007 measset
1162 1967 1254 2006 cos
1285 1955 1350 2005 ad
1390 1967 1469 2013 so,
1512 1951 1643 2004 dicit
1666 1951 1809 2004 illis:
1845 1948 2011 2003 Scitis
2044 1948 2184 2015 quod
2214 1945 2304 2012 qui
2412 1943 2421 1995 ἰ

2412 1943 2711 2010 λεσάμενος
2760 1942 2961 2005 αὐτοὺς
2988 1983 3001 2006 ,
3037 1942 3186 2008 λέγει
3232 1943 3449 2004 αὐτοῖς·
3489 1940 3681 1993 Οἴδατε
3711 1939 3797 1992 ὅτι
3823 1939 3873 1991 οἱ
3912 1936 4001 1989 δο-

735 2045 990 2096 videntur
1044 2045 1312 2111 imperare
1371 2043 1656 2111 gentibus,
1707 2040 2004 2094 dominium
2051 2044 2308 2091 exercent
2412 2052 2422 2087 ι

2412 2033 2636 2097 κοῦντες
2660 2033 2855 2102 ἄρχειν
2874 2034 2985 2086 τῶν
3017 2032 3211 2097 ἐθνῶν,
3250 2030 3742 2101 κατακυριεύουσιν
3778 2027 3963 2082 αὐτῶν
3983 2042 3998 2058 ·

736 2137 992 2188 adversus
1027 2133 1181 2188 illas:
1209 2143 1261 2187 et
1295 2135 1385 2201 qui
1424 2143 1700 2201 magnatcs
1729 2140 1855 2187 sunt
1888 2133 2030 2187 inter
2059 2146 2176 2192 cas,
2206 2144 2301 2200 ρο-
2410 2144 2423 2178 t

2410 2128 2503 2180 καὶ
2527 2128 2575 2179 oi
2609 2127 2832 2196 μεγάλοι
2859 2126 3038 2178 αὐτῶν
3068 2124 3582 2191 κατεξουσιάζουσιν
3597 2120 3819 2176 ἀὕτῶν.
3885 2121 4002 2189 Ούχ

738 2237 983 2280 testatum
1014 2235 1266 2279 exercent
1305 2226 1357 2277 in
1383 2225 1521 2278 illas.
1548 2224 1748 2279 Verum
1787 2240 1896 2281 non
1922 2225 2001 2278 sic
2030 2226 2135 2278 erit
2167 2224 2309 2277 inter
2408 2235 2425 2271 ι

2408 2218 2552 2273 οῦτω
2601 2219 2656 2272 δὲ
2703 2218 2858 2271 ἔσται
2893 2222 2950 2272 ὲν
2997 2220 3148 2287 ὑμῖν.
3190 2217 3333 2287 Ἀλλ’
3361 2218 3419 2279 ὃς
3453 2216 3550 2269 ἐὰν
3582 2215 3711 2287 θέλῃ
3746 2212 4005 2281 γενέσθαι

737 2335 833 2373 vos
870 2338 881 2373 :
918 2321 1009 2374 sed
1070 2320 1382 2387 quicunque
1426 2318 1658 2371 voluerit
1710 2318 1824 2371 ﬁeri
1881 2332 2108 2387 magnus
2172 2316 2309 2370 inter
2414 2328 2424 2382 ι

2414 2313 2585 2382 μέγας
2620 2313 2678 2364 έν
2722 2313 2888 2381 ὑμῖν,
2942 2309 3095 2364 ἔσται
3145 2309 3299 2379 ὑμῶν
3341 2309 3609 2369 διάκονος.
3655 2309 3764 2359 Καὶ
3797 2306 3853 2368 ὃς
3903 2305 4003 2356 ἐὰν

737 2424 851 2475 vos,
884 2412 984 2462 erit
1015 2410 1167 2461 vobis
1221 2410 1505 2462 minister:
1555 2418 1609 2461 et
1647 2409 1957 2476 quicunque
1988 2408 2212 2461 voluerit
2243 2420 2308 2459 ex
2411 2404 2424 2456 t

2411 2404 2540 2474 θέλῃ
2576 2403 2729 2473 ὑμῶν
2758 2402 3013 2469 γενέσθαι
3046 2402 3287 2472 πρῶτος,
3342 2401 3493 2454 ἐσται
3528 2401 3757 2453 πάντων
3785 2398 3996 2457 δοῦλος.

742 2503 897 2553 vol-is
926 2516 1045 2554 esse
1094 2500 1321 2567 primus,
1372 2500 1478 2553 erit
1522 2500 1762 2553 omnium
1816 2513 2022 2555 servus.
2081 2498 2213 2552 Nam
2255 2506 2309 2550 et
2411 2496 2429 2548 Ι

2411 2496 2522 2548 Kal.
2549 2496 2657 2563 γάρ
2684 2496 2713 2546 ὁ
2749 2494 2876 2557 Υἱὸς
2904 2493 3001 2546 τοῦ
3036 2494 3328 2563 ἀνθρώπου
3366 2493 3468 2545 οὐκ
3496 2487 3629 2563 ἦλθε
3670 2488 4002 2557 διακονηθῆ-

737 2592 907 2646 ῖιιιης
934 2593 1168 2646 hominis
1195 2606 1298 2644 non
1333 2592 1477 2645 venit
1502 2600 1557 2643 ut
1590 2590 1692 2645 sibi
1730 2592 2170 2651 ministraretur,
2214 2589 2309 2643 sed
2410 2603 2424 2640 π

2410 2603 2522 2651 ναι,
2545 2586 2683 2639 ἀλλὰ
2722 2585 3066 2654 διακονῆσαι,
3094 2586 3191 2638 καὶ
3220 2584 3404 2638 δοῦναι
3450 2585 3548 2655 τὴν
3580 2584 3759 2652 ψυχὴν
3820 2584 3891 2635 αύ
3907 2583 4001 2633 τοῦ

738 2694 796 2735 ιιι
834 2685 946 2752 ipse
984 2683 1338 2747 ministraret,
1365 2696 1429 2736 ac
1450 2682 1605 2735 daret
1640 2682 1871 2735 animam
1905 2697 2057 2736 suam
2099 2680 2308 2735 redem-
2412 2676 2425 2729 ἱ

2412 2676 2607 2748 λύτρον
2628 2679 2749 2731 άντί
2775 2676 3009 2730 πολλῶν.
3050 2696 3069 2728 ι
3103 2677 3225 2730 Ἔτι
3265 2676 3626 2747 ἀνθρωπίνως
3660 2676 4007 2742 διακείμενοι

738 2777 975 2845 ptionem
1039 2788 1136 2842 pro
1193 2773 1397 2826 multis.
1453 2792 1471 2825 ι
1520 2773 1775 2840 Discipuli
1833 2772 2009 2827 adhuc
2061 2772 2312 2826 humanis
2412 2791 2425 2825 ι

2412 2774 2465 2826 οι
2506 2775 2745 2843 μαθηταὶ
2779 2776 2875 2828 καὶ
2927 2775 3110 2845 φθόνῳ
3162 2774 3469 2830 ἐϐάλλοντο.
3515 2774 3606 2826 Διὸ
3646 2776 3739 2843 καὶ
3792 2777 4007 2839 ἀγανα-

737 2870 1113 2926 aﬂ'ectionibus
1160 2879 1215 2923 et
1262 2869 1459 2924 invidia
1521 2867 1884 2923 laborabant:
1922 2868 2041 2922 ideo
2079 2876 2133 2921 et
2172 2866 2312 2921 indi-
2412 2882 2424 2920 ι

2412 2865 2603 2920 κτοῦσι
2636 2867 2779 2919 κατά
2799 2867 2909 2920 τῶν
2929 2866 3044 2922 δύο.
3063 2866 3223 2920 Ἀλλά
3250 2867 3381 2919 πότε
3404 2883 3423 2933 ;
3455 2866 3585 2919 Ὀτε
3640 2862 3783 2919 ε’δον
3809 2865 4010 2927 αὐτοὺς

737 2972 970 3031 gnantur
998 2960 1255 3014 adversus
1281 2962 1436 3014 duos.
1465 2957 1569 3013 Sed
1602 2960 1825 3027 quando
1846 2958 1867 3011 ἲ
1888 2957 2023 3014 Cum
2050 2958 2312 3013 vidissent
2416 2976 2424 3029 ι

2416 2959 2491 3029 μὴ
2536 2960 2969 3030 προσδεχθέντας
3013 2960 3120 3013 ὑπὸ
3188 2958 3284 3013 τοῦ
3336 2960 3568 3028 Κυρίου,
3630 2959 3745 3012 ἀλλ’
3793 2958 4005 3011 ὡσανεὶ

736 3068 830 3107 eos
858 3067 961 3106 non
980 3058 1258 3118 susceptos
1277 3066 1397 3105 esse
1420 3066 1448 3103 a
1477 3051 1721 3113 Domino,
1750 3051 1843 3105 sed
1860 3052 2015 3119 quasi
2042 3050 2309 3120 repulsam
2413 3070 2423 3105 t

2413 3053 2788 3116 ἀπωσθέντας,
2811 3053 2931 3106 τότε
2958 3051 3387 3121 ἀγανακτοῦσιν.
3418 3050 3582 3121 Ἀχρι
3616 3051 3719 3121 μιν
3755 3050 3867 3118 γὰρ
3896 3052 4012 3102 δτι-

737 3157 949 3213 passos,
985 3153 1108 3197 tunc
1163 3142 1429 3213 indignati
1488 3151 1637 3197 sunt.
1665 3141 1914 3207 Quandiu
1946 3145 2089 3195 enim
2144 3155 2173 3194 a
2216 3134 2312 3195 Do-
2338 3186 2382 3245 ε

2338 3186 2382 3245 c
2425 3142 2602 3212 μῶντο
2635 3144 2740 3195 ὑπὸ
2757 3143 2852 3196 τοῦ
2883 3144 3111 3213 Κυρίου,
3139 3143 3420 3213 ἠνείχοντο
3442 3142 3517 3213 μὴ
3544 3141 4010 3209 ἀγανακτοῦντες,

737 3238 885 3290 mine
945 3236 1394 3303 honorabantur,
1455 3234 1699 3289 ferebant
1767 3250 1870 3289 non
1942 3234 2424 3303 indignantes,"1

2342 3234 2382 3245 “’
2413 3238 2588 3290 καίτοι
2638 3236 2872 3306 ὁρῶντες
2926 3238 3126 3300 αὐτοὺς
3171 3237 3662 3306 προτιμωμένους
3703 3234 3895 3306 ἐπειδὴ
3945 3234 4010 3289 δδ

736 3328 986 3397 quamvis
1037 3328 1278 3381 viderent
1320 3343 1414 3382 eos
1467 3325 1755 3397 praeferri:
1797 3341 1919 3380 cum
1955 3336 2135 3379 autem
2170 3335 2314 3379 nunc
2412 3330 2423 3381 l

2412 3329 2646 3381 ἐνταῦθα
2678 3330 2833 3382 αὐτοὶ
2849 3331 3050 3383 ἐκεῖνοι
3071 3328 3170 3398 τὴν
3187 3327 3357 3399 τιμὴν
3373 3328 3668 3398 ᾐτήσαντο,
3692 3330 3752 3381 οὒ
3775 3327 4010 3397 φέρουσι

740 3422 839 3489 ipsi
888 3422 1147 3474 honorem
1186 3420 1288 3473 sibi
1331 3420 1655 3489 deposcunt,
1691 3433 1795 3472 non
1836 3415 2019 3472 ferunt
2052 3416 2161 3471 alii.
2193 3416 2311 3472 ϐω.
2410 3420 2427 3471 i

2410 3420 2599 3473 λοιπὸν
2630 3422 2678 3472 οἱ
2710 3420 2910 3475 λοιποί.
2958 3420 3123 3474 Ἀλλά
3169 3418 3267 3473 νῦν
3322 3420 3424 3489 μὲν
3481 3419 3657 3482 οὕτως
3698 3414 3843 3489 εἶχον
3884 3419 4016 3472 ἀτεο

739 3518 911 3563 terum
942 3522 1087 3562 nunc
1107 3507 1323 3577 quidem
1347 3506 1419 3561 ita
1441 3506 1759 3577 imperfecte
1791 3521 1850 3563 se
1878 3517 2093 3578 gerunt,
2126 3517 2310 3574 postea
2411 3510 2426 3563 λ

2411 3510 2540 3575 λῶς,
2596 3511 2828 3582 ὕστερον
2874 3512 2933 3565 δὲ
2979 3512 3101 3581 ὄψει
3154 3512 3355 3575 αὐτοὺς
3421 3512 3517 3565 καὶ
3557 3510 3668 3563 τῶν
3713 3509 4014 3580 πρωτείων

740 3611 921 3654 autem
945 3599 1152 3653 videbis
1177 3613 1271 3654 eos
1305 3608 1548 3653 mutuum
1595 3599 1697 3653 sibi
1734 3598 1803 3653 de
1832 3600 2067 3667 primatu
2097 3597 2308 3651 cedere.
2414 3606 2427 3654 ι

2414 3601 2665 3671 ἀλλήλοις
2706 3601 3173 3673 παραχωροῦντας
3202 3618 3214 3631 ·
3245 3602 3364 3656 ἀλλ’
3386 3604 3414 3654 ό
3443 3602 3680 3671 Χριστὸς
3706 3600 4012 3671 θεραπεύει

740 3691 812 3744 At
854 3690 1101 3745 Christus
1144 3699 1298 3745 sanat
1330 3690 1469 3754 illos,
1508 3700 1562 3743 et
1610 3689 1843 3756 primum
1881 3689 2149 3743 demulcet
2193 3687 2314 3740 illus
2414 3710 2427 3745 ι

2414 3692 2614 3757 αὐτοὺς
2642 3692 2859 3763 πρῶτον
2892 3695 3014 3760 μὲν,
3046 3693 3454 3763 καταπραΰνων
3496 3692 3693 3757 αὐτοὺς
3720 3692 3801 3760 τῷ
3838 3692 4015 3760 ἐγγὺς

740 3784 959 3851 propius
990 3784 1055 3835 ad
1092 3794 1151 3834 se
1206 3782 1473 3835 vocando.
1505 3776 1669 3848 229
1712 3777 1826 3833 Hoc
1855 3779 1997 3832 enim
2044 3779 2314 3844 signiﬁcat
2415 3800 2427 3835 ι

2415 3783 2579 3836 αὐτοῦ
2602 3784 3076 3854 προσαγαγέσθαι.
3101 3784 3270 3839 Τοῦτο
3293 3784 3403 3856 γάρ
3430 3798 3685 3856 σημαίνει
3711 3788 3793 3847 τὴ,
3838 3800 4016 3856 προσ-

739 3873 884 3942 quod
912 3874 1043 3927 dicit
1076 3871 1248 3927 :Cum
1286 3882 1533 3926 vocasset
1559 3886 1654 3925 eos
1700 3871 1765 3924 ad
1801 3885 1881 3926 se.
1923 3864 2125 3925 Deinde
2158 3884 2312 3923 nion-
2414 3890 2426 3927 π

2414 3874 2802 3945 καλεσάμενος.
2843 3877 3076 3929 Ἔπειτα
3115 3875 3194 3945 τῷ
3244 3875 3418 3941 δεῖξαι
3443 3914 3459 3939 ,
3501 3878 3589 3930 ὅτι
3630 3877 3691 3930 τὸ
3732 3877 4017 3946 ἁρπάζειν

738 3975 875 4021 strat
906 3965 1047 4035 quod
1086 3980 1276 4033 rapere
1334 3964 1619 4026 honorem,
1660 3971 1716 4016 et
1764 3961 1971 4015 ambire
1999 3961 2311 4029 dignitates,
2413 3984 2425 4016 1

2413 3970 2514 4038 τὴν
2541 3969 2730 4041 τιμὴν,
2764 3969 2862 4023 καὶ
2893 3969 3003 4022 τῶν
3039 3972 3329 4040 πρωτείων
3359 3971 3494 4041 ὲρᾷν
3521 4008 3536 4034 ,
3568 3968 3786 4022 έθνικὸν
3837 3971 4017 4022 εστιν.

736 4060 976 4130 gentium
1022 4058 1111 4112 sit.
1160 4056 1439 4122 Principes
1488 4055 1631 4107 enim
1683 4055 1921 4124 gentium
1978 4067 2169 4121 magna
2218 4068 2314 4121 po-

2424 4062 2486 4113 Ol.
2525 4062 2635 4131 γάρ
2680 4061 2790 4113 τῶν
2820 4061 2992 4115 έθνῶν
3026 4062 3308 4132 ἄρχοντες,
3352 4062 3554 4115 έκεῖνοι
3586 4061 4018 4125 έξουσιαστικῶς

739 4159 937 4204 testate
986 4158 1044 4203 et
1097 4146 1423 4200 auctoritate
1460 4143 1759 4198 eﬂeruntur
1796 4160 1811 4197 :
1846 4141 2096 4211 discipuli
2132 4154 2310 4196 autem
2416 4170 2426 4204 π

2416 4152 2511 4205 καὶ
2541 4152 2886 4222 τυραννικῶς
2938 4153 3367 4224 προσφέρονται.
3404 4154 3469 4206 Ol
3511 4153 3569 4205 δὲ
3605 4154 3732 4223 ἐμοὶ
3764 4151 4024 4222 μαθηταὶ

735 4246 841 4301 mei
896 4262 998 4299 non
1036 4245 1116 4299 sic
1145 4261 1158 4297 :
1185 4245 1277 4298 sed
1316 4242 1408 4313 qui
1458 4240 1571 4293 vult
1602 4255 1724 4294 ease
1758 4251 2007 4307 magnus.
2042 4237 2317 4291 ministret
2416 4263 2422 4295 ε

2416 4246 2515 4314 οὐχ
2544 4243 2741 4311 οὕτως,
2781 4244 2899 4299 ἀλλ’
2936 4248 2965 4299 ὁ
3008 4245 3181 4298 θέλων
3231 4240 3372 4298 εἶναι
3421 4246 3597 4315 μέγας
3623 4285 3637 4307 .
3690 4245 4024 4300 διακονείτω

733 4337 987 4392 (inanibus
1020 4353 1033 4389 :
1059 4337 1315 4404 quoniam
1338 4343 1392 4386 et
1417 4335 1515 4386 hoc
1549 4316 1760 4400 magna?
1784 4330 1979 4383 animae
2002 4337 2105 4391 est,
2130 4330 2309 4381 omnia
2417 4364 2420 4375 .

2417 4343 2604 4406 πᾶσιν,
2663 4343 2788 4394 ἐπεὶ
2845 4343 2941 4395 καὶ
2980 4342 3140 4397 τοῦτο
3194 4342 3439 4413 μεγάλης
3474 4342 3677 4412 ψυχῆς,
3704 4342 3767 4395 τὸ
3798 4343 4020 4397 πάντων

735 4429 899 4494 ferre,
926 4441 979 4482 et
1010 4428 1261 4482 omnibus
1292 4425 1522 4481 servire.
1546 4421 1609 4474 Et
1639 4422 1943 4489 exemplum
1979 4422 2030 4473 in
2062 4428 2310 4489 promptu

2422 4433 2717 4503 ἀνέχεσθαι
2757 4436 2853 4488 καὶ
2900 4436 3036 4489 πᾶσι
3077 4434 3377 4488 δουλεύειν.
3412 4435 3525 4488 Καὶ
3560 4436 3621 4488 τδ
3664 4434 4028 4504 παράδειγμα

735 4533 873 4575 crat.
914 4519 1124 4574 Etenim
1166 4517 1333 4572 Filius
1372 4515 1609 4570 hominis
1648 4529 1755 4568 non
1802 4512 1950 4567 venit
1987 4522 2045 4566 ut
2073 4514 2175 4567 sibi
2210 4512 2308 4566 mi-
2339 4519 2422 4580 ι),

2339 4519 2392 4580 D
2418 4524 2650 4592 ἐγγύθεν
2676 4543 2692 4558 ·
2722 4527 2817 4579 καὶ
2846 4526 2955 4595 γὰρ
2986 4527 3015 4578 ὁ
3071 4527 3198 4590 Υίδς
3237 4524 3332 4580 τοῦ
3373 4526 3666 4596 ἀνθρώπου
3707 4528 3810 4580 οὐκ
3872 4522 4015 4597 ἦλθε

748 4615 1095 4675 nistraretnr,
1150 4611 1243 4664 sed
1288 4620 1345 4662 ut
1397 4608 1514 4677 ipse
1556 4609 1991 4669 ministraret,et
2022 4607 2175 4660 daret
2198 4607 2310 4659 ani-
2421 4619 2435 4673 ι

2421 4619 2831 4690 διακονηθῆναι,
2858 4619 2993 4671 ἀλλὰ
3020 4619 3366 4688 διακονῆσαι,
3387 4620 3482 4671 καὶ
3507 4620 3691 4672 δοῦναι
3713 4621 3811 4689 τὴν
3833 4619 4022 4691 ψυχὴν

738 4724 876 4760 niam
911 4720 1064 4761 suam
1115 4701 1544 4771 redemptionem
1580 4714 1677 4766 pro
1708 4699 1911 4761 multis,
1957 4699 2100 4766 quod
2146 4698 2316 4766 majus

2425 4709 2593 4763 αὐτοῦ
2640 4709 2838 4780 λύτρον
2870 4710 2990 4763 ἀντὶ
3018 4710 3253 4774 πολλῶν,
3285 4710 3313 4763 ὃ
3348 4711 3536 4781 μεῖζόν
3566 4715 3684 4766 ἐστι
3713 4711 3809 4765 τοῦ
3836 4712 4021 4767 διακο-

731 4811 994 4869 eetqnam
1020 4798 1352 4852 ministrare.
1399 4793 1626 4860 Quando
1657 4792 1803 4845 enim
1844 4792 1965 4858 quis
1998 4806 2102 4844 non
2136 4791 2309 4843 solum

2425 4803 2619 4872 νῆσαι·
2650 4802 2781 4855 ὅταν
2818 4803 2925 4873 γάρ
2951 4820 3038 4865 τις
3073 4804 3135 4855 ού
3188 4804 3352 4874 μόνον
3394 4804 3721 4876 διακονησῃ,
3758 4804 3897 4858 ἀλλὰ
3930 4810 4021 4858 καὶ

738 4892 1149 4955 ministraverit,
1182 4888 1275 4943 sed
1311 4895 1633 4943 etmortuus
1660 4883 1827 4939 fuerit
1864 4897 1963 4952 pro
2006 4896 2071 4937 eo
2098 4884 2181 4936 cui
2219 4882 2316 4934 mi-

2427 4896 2674 4969 ἀποθάνῃ
2702 4896 2844 4967 ὑπὲρ
2873 4896 2964 4949 τοῦ
2990 4896 3434 4967 διακονουμένου,
3462 4897 3516 4950 τί
3541 4898 3737 4951 τούτου
3774 4900 3966 4967 μεῖζον
3990 4898 4026 4967 ἢ

740 4983 953 5042 nistrat,
979 4982 1107 5048 quid
1149 4979 1239 5033 illo
1278 4977 1455 5047 majus
1503 4986 1561 5031 et
1601 4972 2022 5028 admirabilius?
2059 4973 2314 5025 Attamen

2428 4989 2878 5061 θαυμασιώτερον
2908 5008 2923 5056 ;
2964 4989 3107 5043 Ἀλλ’
3130 4991 3281 5059 ὅμως
3343 4992 3376 5060 ἡ
3405 4990 3723 5059 διαπόνησις
3757 4991 3902 5062 αῦτη
3930 4992 4023 5045 καὶ

741 5075 1100 5129 ministerium
1140 5073 1269 5127 illud
1301 5083 1354 5126 et
1383 5070 1801 5135 condescensio,
1833 5067 2097 5123 exaltatio
2129 5066 2228 5119 fuit
2256 5081 2319 5121 ac

2429 5083 2461 5149 ὴ
2494 5082 2902 5148 συγκατάθασις
2949 5081 3159 5150 ὕψωσις
3194 5083 3291 5135 καὶ
3344 5080 3470 5147 δόξα
3502 5083 3696 5150 γέγονε
3727 5085 3821 5137 καὶ
3854 5084 4027 5137 αὐτοῦ

738 5169 909 5235 gloria
947 5178 1055 5220 tam
1087 5181 1181 5220 sua
1234 5180 1395 5233 quam
1444 5163 1707 5217 omnium.
1742 5162 1952 5215 Etenim
2002 5160 2317 5230 priusquam

2428 5173 2520 5223 καὶ
2549 5172 2787 5225 πάντων.
2813 5172 2951 5241 Πρὶν
2988 5173 3086 5240 μὲν
3123 5173 3231 5243 γάρ
3259 5172 3521 5241 γενέσθαι
3545 5174 3855 5245 ἄνθρωπος,
3894 5176 4027 5245 παρ’

741 5264 914 5315 [ictus
940 5268 1022 5313 est
1052 5258 1238 5321 homo,
1286 5265 1496 5308 tantum
1535 5256 1601 5308 ab
1634 5254 1841 5324 angelis
1877 5254 2317 5324 agnoscebatur:

2428 5262 2681 5331 ἀγγέλοις
2728 5262 3054 5335 ὲγνωρίζετο
3119 5265 3327 5334 μόνοις.
3361 5264 3585 5337 Ἐπειδὴ
3637 5264 3695 5319 δε
3731 5265 4025 5335 ἄνθρωπος

738 5368 1023 5425 postquam
1059 5363 1235 5405 autem
1268 5354 1448 5404 factus
1467 5358 1551 5403 est
1582 5349 1745 5401 homo
1770 5346 2170 5407 etcrncitixus,
2212 5359 2317 5397 non

2430 5354 2645 5421 έγένετο
2672 5354 2767 5408 καὶ
2798 5354 3154 5426 ἐσταυρώθη,
3183 5357 3246 5409 οὐ
3275 5356 3446 5427 μόνην
3480 5336 3698 5427 εκείνην
3728 5358 3826 5428 τὴν
3860 5336 4035 5424 δόξαν

742 5448 916 5502 solum
949 5444 1350 5512 illamgloriam
1379 5442 1568 5503 habet,
1602 5440 1695 5495 sed
1735 5449 1788 5494 et
1817 5438 1974 5494 aliam
1998 5438 2241 5507 accepit,
2269 5448 2321 5491 et

2429 5448 2564 5518 εχει,
2614 5448 2751 5502 ἀλλὰ
2790 5448 2882 5501 καὶ
2910 5448 3107 5517 ἑτέραν
3161 5449 3467 5519 προσέλαϐε
3496 5491 3514 5517 ,
3557 5450 3656 5503 καὶ
3704 5444 3889 5519 πᾶσης
3922 5450 4028 5521 τῆς

739 5543 792 5595 iu
837 5552 945 5591 toto
982 5542 1169 5606 regnat
1203 5535 1351 5589 orbe.

2431 5541 2757 5612 οἰκουμένης
2790 5540 3093 5613 βασιλεύει,

816 5632 977 5685 Vens.
1026 5628 1213 5684 46-52.
1276 5645 1294 5679 ι
1355 5625 1423 5681 Et
1477 5626 1698 5681 veniunt
1730 5622 1987 5679 Hiericho
2031 5639 2045 5677 :
2090 5637 2322 5692 cumque

2510 5653 2529 5687 ι
2569 5636 2677 5691 Kal.
2696 5634 2951 5705 Ερχονται
3008 5634 3090 5697 εἰς
3134 5630 3381 5704 Ἰεριχὼ,
3428 5635 3525 5687 καὶ
3579 5634 4027 5705 ικπορευομένου

748 5728 1098 5790 egrederetur
1127 5720 1193 5776 ab
1219 5721 1353 5774 urbe
1388 5718 1665 5782 llicricho,
1696 5733 1756 5769 ac
1785 5714 2044 5787 discipuli
2077 5716 2242 5779 illius,
2268 5727 2323 5771 et
2434 5752 2435 5765 χ

2434 5720 2600 5774 αὐτοῦ
2659 5722 2771 5776 άπὸ
2815 5721 3065 5795 Ίεριχῶ,
3118 5723 3215 5777 καὶ
3270 5722 3383 5776 τῶν
3425 5722 3690 5795 μαθητῶν
3728 5724 3897 5779 αὐτοῦ
3928 5726 4030 5779 καὶ

752 5816 907 5871 turba
943 5814 1183 5886 copiosa,
1217 5812 1360 5869 tilius
1384 5810 1575 5868 'l'imaai
1602 5810 1923 5868 Bartiinxus
1951 5825 2131 5869 cacus
2160 5812 2319 5869 scde-
2431 5814 2439 5863 t

2431 5813 2589 5884 δχλου
2637 5813 2825 5871 ἱκανοῦ
2852 5856 2869 5885 ,
2917 5815 3035 5882 υίὸς
3085 5816 3322 5887 Τιμαίου
3367 5816 3707 5889 Βαρτίμαιος
3745 5819 3775 5872 ὁ
3820 5818 4031 5887 τυερλδς
