4272 6438
219 422 330 481 [θ]

928 411 1372 474 ENARRATIO
1408 411 1486 471 [Ν
1529 409 2029 472 ΕνΑΝῦΕιιωι
2094 408 2357 469 MARCI.
2397 432 2466 444 -
2503 408 2662 468 CAP.
2709 408 2816 468 XI.

3396 408 3509 472 διο

221 530 467 598 ἐκάθητο
505 526 656 594 παρὰ
686 526 789 595 τὴν
818 525 937 578 ὁδὸν
962 521 1295 594 προσαιτῶν.
1331 520 1442 575 Καὶ
1467 520 1707 584 ἀκούσας
1734 521 1817 575 ὅτι

1919 519 2015 575 bat
2040 521 2196 590 juxta
2233 519 2374 573 viam
2427 517 2766 572 mendicans.
2821 515 2885 569 Ει
2928 531 3049 570 cum
3081 517 3322 571 audisset
3364 521 3507 587 quod

233 616 447 687 Ἰησοὺς
487 616 516 667 6
554 613 875 680 Ναζωραῖος
904 613 1073 671 ἐστιν,
1108 609 1314 680 ἧρξατο
1340 609 1564 676 κράζειν
1595 611 1686 664 καὶ
1725 610 1813 664 λέ-

218 726 365 777 γειν·
403 708 463 761 ’0
489 706 604 770 υίὸς
628 704 795 758 Δαὸὶδ
829 703 1024 772 Ἰησοῦ,
1054 702 1276 768 ἐλέησόν
1301 703 1515 773 με.Κα“ι
1539 703 1816 770 ἐπετίμων

219 800 376 869 αὑτῷ
422 797 604 850 πολλοὶ
662 796 751 851 ἵνα
808 796 1079 868 σιωπήσῃ.
1136 795 1194 847 ’0
1258 795 1316 847 δὲ
1375 794 1556 864 πολλῷ
1612 795 1814 864 μᾶλλον

219 888 460 958 ἔκραζεν
483 904 494 917 ·
519 888 614 939 Υίέ
643 885 830 949 Δασῑδ,
858 885 1079 954 ἐλέησόν
1099 902 1187 954 με.
1224 886 1334 937 Καὶ
1357 885 1488 947 στὰς
1517 887 1545 936 6
1583 884 1810 954 Ἰησοῦς,

219 978 378 1034 εἶπεν
406 979 572 1033 αὑτὸν
615 977 971 1047 φωνηθῆναι·
1017 979 1107 1028 καὶ
1162 977 1402 1044 φωνοῦσι
1451 976 1543 1028 τὸν
1590 975 1810 1044 τυφλὸν,

218 1075 474 1141 λέγοντες
500 1071 652 1143 αύτῷ
673 1088 684 1100 ·
707 1070 932 1137 Θάρσει,
959 1070 1160 1140 ἐγειρε,
1189 1072 1358 1138 φωνεῖ
1382 1085 1463 1122 σε.
1499 1069 1561 1121 'O
1580 1067 1657 1131 δὲ,
1681 1069 1814 1121 ἀποο

219 1167 402 1220 ϐαλὼν
431 1165 492 1217 τὸ
526 1166 740 1234 ἱμάτιον
772 1161 961 1228 αὑτοῦ,
988 1164 1228 1225 ἀναστὰς
1250 1159 1381 1233 ἦλθε
1409 1161 1543 1233 πρὸς
1577 1161 1669 1212 τὸν
1708 1159 1810 1230 Ἰηο

220 1257 370 1309 σοῦν.
408 1256 518 1310 Καὶ
548 1254 868 1325 ἀποκριθεὶς
898 1254 1046 1320 λέγει
1079 1253 1226 1324 αὐτῷ
1251 1256 1280 1307 6
1330 1254 1537 1323 Ἰησοῦς
1558 1271 1570 1284 ·
1605 1253 1669 1307 Τί
1725 1251 1813 1305 θέ-

217 1349 334 1410 λεις
395 1350 605 1418 ποιήσω
658 1363 768 1410 σοις
817 1345 874 1399 ’0
911 1347 967 1399 δὲ
1000 1346 1198 1413 τυφλδλς
1222 1343 1375 1399 εἶπεν
1407 1345 1557 1415 αύτῷ
1589 1360 1604 1376 °
1647 1343 1813 1398 Ῥαϐ-

217 1440 394 1505 ϐουνὶ,
450 1441 536 1494 ἵνα
595 1439 906 1508 ἀναϐλέψω.
952 1441 1010 1494 '0
1055 1441 1114 1492 δέ
1175 1439 1381 1509 Ἰησοῦς
1430 1436 1586 1492 εἶπεν
1633 1438 1804 1507 αὐτῷ’

220 1535 474 1600 ’λ’παγε,
518 1535 551 1604 ἡ
593 1532 774 1595 πίστις
809 1550 902 1585 σου
939 1534 1146 1586 σέκωκέ
1193 1551 1271 1586 σε.
1314 1535 1422 1586 Καὶ
1470 1532 1674 1595 εὐθέως
1721 1533 1814 1585 ἀνα

216 1624 414 1692 έὸλεψε
447 1627 540 1677 καὶ
574 1623 859 1689 ἠκολούθει
911 1625 988 1694 τῷ
1025 1623 1203 1692 Ἰησοῦ
1243 1625 1300 1675 ἐν
1333 1625 1397 1694 τῇ
1428 1622 1551 1693 ὁδῷ.
1593 1641 1611 1674 ι
1663 1623 1723 1676 ’0
1754 1621 1812 1674 δὲ

217 1718 498 1779 Ματθαῖος
543 1714 636 1767 δύο
671 1715 904 1782 τυφλοὺς
932 1716 1080 1782 λέγει
1117 1716 1435 1785 ’ἐνδέχεται
1462 1715 1517 1767 δὲ
1553 1714 1649 1768 δύο
1709 1714 1810 1782 μὲν

215 1805 362 1860 εἶναι
410 1808 535 1868 τοὺς
604 1805 872 1867 ἱαθέντας,
922 1808 1010 1858 τὸν
1053 1808 1104 1858 δὲ
1153 1808 1580 1874 ἐπιφανέστερον
1629 1806 1810 1859 αὐτῶν

1919 611 2079 666 Jesus
2108 611 2423 666 Nazarenus
2453 620 2622 674 esset,
2682 610 2849 678 coepit
2898 609 3138 664 clamare
3174 621 3230 664 et
3265 610 3446 665 dicere
3494 629 3507 667 :

1919 703 2019 759 Fili
2052 703 2218 757 David
2244 701 2399 767 Jesu,
2435 703 2699 757 miserere
2722 702 2847 755 mei.
2880 700 2940 753 Et
2976 699 3329 770 increpabant
3361 703 3508 757 illum

1920 796 2072 848 nulli
2114 806 2170 849 ut
2229 805 2455 849 taceret.
2518 793 2587 846 At
2638 793 2728 846 ille
2773 793 2942 847 multo
2984 794 3157 863 magis
3187 793 3505 848 clamabat:

1918 889 2017 942 Fili
2049 889 2235 950 David,
2263 890 2526 942 miserere
2573 886 2701 940 mei.
2738 884 2803 938 Ει
2826 885 2978 940 stetit
3017 883 3212 948 Jesus,
3251 901 3313 939 ac
3340 887 3510 954 jussit

1919 981 2068 1036 illum
2103 981 2282 1034 vocari
2311 997 2325 1046 ;
2353 988 2408 1033 ct
2436 988 2632 1033 vocant
2663 993 2892 1043 carum,
2917 977 3162 1034 dicentes
3189 978 3262 1032 illi
3297 997 3309 1032 :
3361 980 3509 1034 Bono

1917 1075 2099 1128 animo
2115 1083 2268 1128 esto:
2307 1088 2487 1142 surge,
2524 1083 2681 1126 vocat
2714 1082 2784 1125 te.
2826 1069 2917 1125 Ille
2938 1085 3068 1125 vero
3101 1073 3311 1138 abiecto
3339 1073 3506 1140 pallio

1919 1183 2016 1223 suo
2038 1169 2296 1229 surrexit,
2330 1167 2548 1220 etvenit
2571 1169 2634 1218 ad
2667 1163 2880 1218 Jesum.
2917 1163 2983 1218 Et
3004 1165 3341 1232 respondens
3374 1167 3510 1220 dicit

1918 1259 1994 1312 illi
2017 1256 2173 1311 Jesus
2202 1276 2216 1310 :
2248 1256 2388 1322 Quid
2421 1257 2502 1309 vis
2530 1256 2724 1309 faciam
2760 1255 2906 1307 tibi?
2938 1254 3129 1309 Caecus
3165 1265 3345 1309 autem
3371 1256 3510 1312 dixit

1917 1353 2004 1407 ei:
2041 1350 2310 1413 Rabboni,
2349 1359 2402 1402 ut
2443 1349 2616 1401 visum
2651 1347 2931 1416 rct'ipiam.
2970 1345 3129 1400 Jirsus
3163 1359 3339 1401 autem
3371 1347 3508 1401 dixit

1919 1444 2035 1499 illi:
2071 1443 2196 1506 Abi,
2231 1443 2365 1495 ﬁdes
2391 1452 2478 1494 tua
2510 1441 2720 1494 salvum
2768 1451 2816 1492 te
2865 1439 3116 1493 reddidit.
3150 1439 3228 1492 Ac
3260 1439 3509 1506 pretinns

1917 1534 2122 1604 recepit
2148 1534 2355 1599 visum,
2400 1541 2453 1585 et
2504 1533 2837 1598 sequebatur
2869 1531 3050 1584 ιιι-811111
3074 1532 3123 1583 in
3163 1532 3269 1583 via.
3310 1548 3328 1580 ι
3367 1530 3510 1583 Mat-

1917 1629 2087 1682 thaeus
2119 1628 2254 1681 duos
2288 1639 2460 1679 cmcos
2503 1633 2689 1677 narrat
2723 1640 2734 1675 :
2772 1633 2823 1676 et
2860 1623 2972 1676 ﬁeri
3025 1633 3201 1690 potest
3230 1623 3362 1675 duos
3386 1622 3506 1691 qni-

1915 1720 2035 1774 dem
2081 1732 2202 1772 esse
2241 1725 2462 1769 sanatos
2488 1755 2501 1778 .
2535 1718 2675 1768 hunc
2720 1724 2903 1766 autem
2966 1728 3030 1766 ex
3075 1714 3182 1766 illis
3218 1713 3506 1766 clariorem

1918 1811 2107 1872 fuissm
2145 1809 2300 1878 cujus
2349 1823 2491 1862 nunc
2537 1809 2873 1862 mentionem
2914 1805 3042 1858 facit
3082 1804 3315 1859 Marcus.
3371 1804 3506 1858 Vide

213 1900 413 1952 τοίτον
444 1893 582 1952 εἶναι
618 1899 708 1952 τὸν
751 1898 846 1950 νῦν
901 1899 1051 1968 παρὰ
1094 1899 1171 1966 τῷ
1207 1898 1419 1966 Μάρκῳ
1464 1897 1804 1966 μνημονευό-

1914 1914 2095 1958 autem
2126 1905 2394 1971 quomodo
2422 1903 2592 1955 turbre
2621 1898 2806 1954 Jesum
2842 1907 3194 1962 venerantur,
3234 1899 3307 1952 ita
3335 1904 3391 1951 ut
3423 1897 3507 1951 in-

215 2009 403 2059 μενον.
440 1991 579 2060 Ὅρα
606 1991 660 2045 δὲ
691 1991 810 2054 πῶς
842 1990 1046 2061 τιμῶσι
1079 1991 1170 2043 τὸν
1207 1990 1416 2059 Ἰησοῦν
1444 1991 1537 2042 καὶ
1563 1993 1609 2043 οί
1635 1990 1804 2059 ὄχλοι,

211 2083 354 2135 ὥστε
383 2083 640 2152 ἐπιτιμᾷν
671 2081 748 2151 τῷ
781 2081 965 2151 τυφλῷ
999 2081 1214 2152 βοῶντι,
1255 2081 1457 2150 ὡσανεί
1486 2097 1628 2141 τινος
1655 2082 1809 2151 βασι-

211 2172 351 2236 λέως
382 2171 790 2242 παροδεύοντος.
850 2172 1063 2241 Ἐρωτᾷ
1089 2171 1144 2223 δὲ
1193 2170 1358 2224 αὐτὸν
1387 2174 1414 2224 6
1442 2171 1670 2240 Κύριος,
1721 2173 1806 2224 ἵνα

217 2267 384 2334 μήτις
417 2265 547 2335 εἴπῃ
576 2265 658 2318 ὄτι
690 2264 823 2316 ἄλλα
855 2263 1163 2332 βουλομένῳ
1222 2263 1356 2316 ἄλλα
1387 2263 1601 2317 δίδωσιν
1631 2269 1657 2317 6
1692 2263 1804 2316 Κύ-

217 2375 353 2428 ριος.
397 2358 706 2426 Εύγνώμων
737 2357 792 2409 δὲ
823 2356 971 2426 ψυχὴ
1008 2355 1098 2408 τοῦ
1130 2355 1334 2422 τυφλοῦ
1355 2373 1368 2387 ·
1409 2359 1538 2424 ὅσγε
1583 2358 1719 2425 μετὰ
1747 2357 1806 2408 τὸ
1852 2351 1856 2355 ”

211 2452 621 2524 θεραπευθῆναι
667 2450 767 2502 οὐκ
807 2449 986 2518 ἀφῆκε
1014 2451 1103 2500 τδν
1153 2447 1381 2518 Κύριον,
1419 2448 1536 2500 ἀλλ’
1573 2447 1806 2518 ἠκολού-

210 2546 295 2597 θει
313 2543 481 2611 αὐτῷ.
507 2541 744 2595 Δύναται
772 2541 827 2593 δὲ
851 2541 944 2594 καὶ
963 2540 1325 2608 ἀνσγωγικῶς
1348 2540 1605 2610 νοηθῆναι
1623 2539 1800 2592 τοῦτο·

221 2632 440 2703 Ἰεριχὼ
468 2635 496 2684 6
543 2632 708 2694 τόπος
730 2625 886 2694 οὗτος
922 2631 950 2682 6
980 2632 1159 2684 κάτω.
1197 2631 1408 2698 Τυφλὸς
1446 2631 1501 2683 δὲ
1551 2631 1801 2700 καθήμε-

208 2742 302 2788 νος
364 2723 603 2777 ἐνταῦθα
643 2725 676 2793 ἡ
712 2722 872 2792 φύσις
925 2725 957 2791 ὴ
999 2721 1317 2791 ἀνθρωπίνη
1346 2763 1360 2784 ,
1395 2722 1516 2792 ἦτις
1570 2723 1684 2785 υίὸς
1734 2718 1803 2792 ἦν

205 2811 318 2868 τοῦ
340 2816 479 2883 ὑπὲρ
507 2817 689 2868 πᾶσαν
720 2813 884 2883 τιμὴν
903 2812 1071 2867 θεοῦ.
1106 2813 1251 2883 Αὕτη
1283 2815 1462 2866 τοίνυν
1489 2812 1689 2882 ἐκραζε
1728 2814 1805 2884 τῷ

222 2908 400 2978 Ἰησοῦ
429 2908 518 2960 διὰ
557 2909 656 2977 τῆς
724 2905 973 2977 ’1εριχὼ,
1007 2907 1255 2959 τουτέστι
1293 2907 1386 2959 τοῦ
1429 2907 1546 2977 βίου
1587 2909 1802 2972 τούτου,

206 3000 472 3055 ὁδεύοντι.
521 3000 752 3068 Ἦλέησε
809 3000 864 3052 δὲ
911 2999 1081 3069 αὐτὴν
1134 3000 1230 3052 καὶ
1271 2999 1359 3052 διὰ
1406 3002 1505 3069 τῆς
1561 2999 1802 3062 πίστεως

205 3092 819 3161 ἔσωσεν,ὲκδυσαμένην
832 3098 890 3143 τὸ
907 3091 1134 3143 παλαιὸν
1151 3093 1368 3160 ἱμάτιον
1383 3090 1480 3160 τῆς
1497 3093 1797 3162 ἁμαρτίας.

1911 2007 2197 2066 creparent
2249 2011 2449 2048 caecum
2482 1996 2833 2057 clamantem,
2888 1993 3040 2060 quasi
3102 2007 3196 2045 rex
3238 1990 3504 2059 quispiam

1912 2105 2232 2173 praeteriret.
2277 2099 2447 2154 Porro
2480 2099 2636 2154 Jesus
2659 2099 2810 2152 illum
2843 2099 3164 2167 interrogat,
3198 2105 3254 2150 ut
3290 2110 3355 2150 ne
3383 2095 3505 2164 quis

1911 2200 2062 2258 putet
2103 2192 2249 2260 quod
2308 2190 2397 2243 ille
2441 2188 2544 2242 alia
2600 2188 2854 2253 voluerit,
2885 2187 3138 2242 Christus
3186 2197 3366 2241 autem
3399 2186 3501 2239 alia.

1909 2285 2140 2337 dederit.
2159 2281 2312 2335 Grati
2344 2289 2528 2334 autem
2554 2280 2716 2332 animi
2743 2295 2919 2335 caecus
2936 2288 3078 2344 erat,
3098 2278 3190 2348 qui
3210 2285 3502 2347 postquam

1909 2399 2130 2444 sanatus
2156 2399 2260 2453 est,
2286 2385 2471 2441 Jesum
2508 2403 2612 2441 non
2634 2387 2841 2441 dimisit
2865 2427 2879 2450 ,
2907 2387 3002 2441 sed
3057 2396 3282 2442 secutus
3314 2395 3402 2439 est
3435 2385 3504 2439 ilo

1911 2483 2042 2536 lum.
2094 2481 2210 2535 lam
2257 2489 2311 2533 et
2362 2493 2458 2547 per
2496 2493 2776 2549 anagogen
2831 2478 3136 2546 intelligere
3161 2491 3501 2547 possumus:

1906 2571 2126 2626 Jericho
2177 2570 2324 2626 locus
2374 2569 2476 2624 iste
2512 2570 2737 2623 inferior
2762 2577 2893 2623 est:
2937 2575 3113 2623 caecus
3168 2578 3346 2622 autem
3412 2567 3501 2636 qui

1908 2666 2062 2720 sede’t
2092 2665 2191 2718 hoc
2221 2663 2360 2726 loco,
2399 2663 2634 2716 humana
2663 2670 2745 2717 est
2780 2671 2972 2715 natura
3001 2699 3016 2724 ,
3060 2673 3180 2730 qua
3210 2659 3359 2714 ﬁlius
3389 2668 3510 2714 erat

1909 2754 2028 2818 Dei,
2065 2756 2154 2822 qui
2214 2768 2431 2807 omnem
2487 2763 2711 2822 superat
2761 2753 3134 2821 dignitatem.»
3173 2749 3282 2805 ista
3339 2751 3508 2821 igitur

1908 2847 2180 2902 clamabat
2222 2848 2287 2900 ad
2321 2844 2531 2910 Jcsum,
2569 2862 2664 2915 per
2697 2845 2976 2909 Hiericho,
3040 2846 3093 2898 id
3128 2856 3212 2899 est
3243 2845 3387 2899 hunc
3421 2845 3507 2898 vi-

1911 2950 2043 3005 tam,
2075 2949 2317 2995 euntem.
2343 2939 2713 2993 Misericordia
2746 2948 2927 2992 autem
2967 2948 3146 2991 motus
3177 2951 3306 3005 erga
3333 2937 3505 3000 illam.

1909 3043 1961 3087 et
1992 3045 2210 3103 propter
2243 3033 2427 3095 ﬁdem,
2460 3031 2668 3085 salvam
2701 3045 2820 3083 eam
2875 3029 3034 3094 fecit,
3072 3027 3163 3083 ubi
3194 3040 3346 3082 vetus
3378 3043 3507 3096 pec-

1909 3125 2420 3178 cntivestimentnm
2473 3123 2649 3176 exuit.
2694 3120 2920 3176 Servata
2967 3131 3150 3175 autem
3196 3130 3385 3174 secuta
3421 3129 3508 3175 est

207 3185 452 3240 Σωθείσα
468 3185 524 3237 δὲ
540 3182 906 3252 ἠκολούθησεν
920 3183 1087 3252 αὐτῷ,
1110 3184 1450 3255 ἐργαζομένη
1470 3187 1567 3247 τὰς
1585 3185 1804 3248 ἐντολὰς

1912 3217 2086 3279 illum,
2121 3215 2372 3270 faciendo
2391 3216 2642 3268 mandata
2668 3215 2719 3267 in
2743 3214 2851 3277 via,
2879 3214 2982 3268 hoc
3017 3222 3098 3268 est
3153 3214 3206 3267 in
3242 3214 3343 3268 hac
3374 3215 3504 3267 vita.

204 3279 267 3331 ἐν
304 3281 368 3348 τῇ
414 3277 542 3348 ὁδῷ,
597 3277 875 3329 τουτέστιν
926 3279 982 3328 ὲν
1035 3275 1111 3344 τῷ
1163 3274 1263 3346 βίῳ
1296 3279 1492 3347 τούτῳ,
1537 3277 1802 3331 Ἐνταῦθα

206 3372 318 3442 γὰρ
367 3372 514 3424 ἐστιν
548 3369 912 3440 ἀκολουθῆσαι
951 3369 1029 3437 τῷ
1055 3370 1276 3441 Χριστῷ
1309 3385 1323 3402 ⁸
1355 3372 1494 3438 μετὰ
1534 3371 1592 3424 δὲ
1633 3372 1810 3428 ταῦτα

204 3463 588 3517 ἀποκλείονται
621 3463 821 3524 πάντες
858 3461 953 3514 τοῦ
994 3461 1323 3530 ἐργάζεσθαι
1357 3463 1456 3528 τὰς
1499 3465 1742 3530 ἐντολάς.

807 3574 1062 3628 ΚΕΦΑΛ.
1127 3575 1238 3628 IA'.-

205 3689 345 3757 Περὶ
375 3686 755 3761 τοῦ-πῴλου.
808 3689 946 3761 Περὶ
979 3687 1084 3753 τῆς
1124 3689 1537 3759 ξηρανθείσης
1575 3691 1801 3761 συκῆς.

278 3756 417 3826 Περὶ
448 3756 564 3812 τῶν
582 3759 995 3828 ὲκὸτιηθέντων
1014 3761 1080 3811 ἐκ
1105 3761 1208 3812 τοι)
1234 3761 1395 3826 ἱεροῦ
1421 3756 1798 3828 τραπεζῖτῶἰι.

275 3830 419 3895 Περὶ
471 3829 576 3881 τοῦ
629 3826 896 3894 θάρσους
940 3829 1090 3900 πρρς
1127 3830 1235 3882 τὸν
1290 3826 1460 3884 Θεόνζ
1496 3836 1635 3900 Περὶ
1690 3834 1801 3900 τῆς

273 3899 739 3967 ἀμνησικακίας.
786 3900 923 3964 Περὶ
986 3898 1105 3951 τῶν
1127 3898 1639 3968 ὲπερωτησὰντιυν
1689 3898 1797 3957 τὸνι

278 3971 499 4035 Κύρίον
530 3969 854 4035 ἀρχιερέων
885 3969 982 4021 καὶ
1005 3970 1450 4038 πρεσϐυτέρων,

276 4083 388 4136 Καὶ
416 4083 502 4134 ὅτε
535 4081 843 4149 ἐγγίζουσιν
871 4082 950 4144 είς
998 4081 1383 4152 Ἰερουσαλὴμ,
1420 4083 1497 4142 εί,
1536 4082 1798 4154 Βεθφαγὴ

202 4176 301 4229 καὶ
322 4173 594 4243 Βηθανίαν
636 4174 771 4243 πρὸς
803 4172 863 4226 τὸ
902 4173 1027 4244 ὅρος
1051 4175 1162 4226 τῶν
1191 4175 1444 4236 Ἐλαιῖλν,
1479 4176 1804 4230 ἀποστέλλει

197 4267 298 4320 δύο
330 4266 438 4318 τῶν
473 4265 730 4334 μαθητῶν
757 4264 1054 4328 absoluit.
1086 4265 1235 4331 λέγει
1270 4268 1451 4329 αὐτῆς
1485 4265 1792 4334 ’Ὑπάγετε

203 4358 282 4419 εἰς
479 4357 672 4425 κώμην
713 4355 810 4424 τὴν
864 4356 1158 4408 κατέαντι
1211 4357 1402 4425 ὑμῶν’
1453 4359 1547 4410 καὶ
1594 4358 1797 4421 εὐθέως

203 4450 655 4520 εἰσπορευόμενοι
704 4449 785 4510 εἰς
816 4449 1011 4516 αὐτὴν,
1047 4449 1314 4519 εὑρήσετε
1363 4449 1548 4502 πῶλον
1581 4450 1803 4520 δεδεμέὲ

202 4559 314 4605 νον,
352 4541 438 4609 ἐφ’
471 4539 530 4592 ὃν
557 4539 729 4602 οὐδεὶς
762 4539 1066 4609 ἀνθρώπων
1093 4540 1371 4594 κεκάθικε.
1402 4542 1675 4606 Λύσαντες
1702 4544 1801 4595 αύ-

1911 4548 2088 4602 nnllus
2130 4547 2413 4600 hominum
2449 4546 2588 4599 sedit
2633 4561 2646 4597 :

202 4637 292 4687 τὸν
346 4634 612 4700 ἀγάγετε,
656 4632 751 4683 καὶ
811 4633 906 4685 ἐάν
938 4649 1019 4694 τις
1072 4633 1199 4700 ὑμῖν
1252 4632 1384 4704 εἴπῃ
1416 4648 1429 4664 ο
1475 4633 1538 4685 Τί
1589 4636 1793 4686 ποιεῖτε

201 4727 401 4788 τοῦτο;
443 4728 637 4778 εἴπατε
669 4725 752 4776 ὅτι
797 4726 824 4776 6
853 4724 1056 4794 Κύριος
1090 4725 1256 4777 αὑτοῦ
1294 4726 1484 4795 χρείαν
1523 4727 1658 4796 ἔχει,
1704 4728 1797 4779 καὶ

202 4821 404 4883 εὐθέως
429 4820 591 4874 αὑτὸν
621 4818 914 4870 ἀποστελεῖ
946 4813 1073 4871 ὦδε.
1123 4819 1180 4868 Ἀ
1195 4817 1395 4884 τ.ἧλθον
1422 4817 1498 4883 δὲ,
1528 4820 1618 4870 καὶ
1643 4815 1800 4890 εὗρον

200 4913 381 4965 πῶλον
403 4911 686 4979 δεδεμένον
706 4910 838 4979 πρὸς
865 4912 962 4980 τὴν
998 4909 1170 4978 θύραν
1195 4910 1319 4974 ἔξω,
1373 4911 1466 4962 ἐπὶ
1499 4912 1595 4980 τῆς
1628 4914 1783 4980 αμφ-

200 5006 348 5070 ὁδου,
380 5007 476 5059 καὶ
556 5003 777 5056 λύουσιν
811 5004 995 5056 αὐτόν.
1028 5004 1133 5056 Καί
1168 5020 1314 5065 τινες
1354 5003 1463 5055 τῶν
1492 5007 1609 5056 ἐκεῖ
1636 5005 1796 5074 ἐστη-

202 5102 380 5152 κὸτων
417 5099 604 5165 ελεγον
628 5099 809 5159 αὐτοῖς
834 5115 846 5126 ·
871 5097 935 5148 Τί
965 5099 1167 5150 ποιεῖτε
1200 5097 1418 5160 λύοντες
1456 5099 1547 5151 τὸν
1583 5096 1798 5163 πῶλον;

201 5193 265 5244 Οἱ
292 5191 350 5244 δὲ
382 5188 538 5243 εἷπον
580 5191 762 5252 αὐτοῖς
787 5228 802 5253 ,
833 5188 1012 5252 καθὼς
1067 5189 1370 5242 ἐνετείλατο
1419 5193 1597 5254 αὐτοῖς
1629 5193 1658 5243 6
1699 5191 1802 5262 Ἰη-

203 5285 352 5349 σοῦς,
382 5284 480 5338 καὶ
508 5285 730 5352 ἀφῆκαν
761 5282 980 5346 αὐτούς.
1021 5301 1038 5333 ›
1075 5282 1345 5345 Πολλάκις
1371 5283 1468 5353 μὲν
1487 5285 1581 5337 καὶ
1609 5283 1798 5338 ᾶλλοτε

200 5371 365 5446 ἦλθεν
397 5375 476 5436 είς
526 5373 915 5443 Ἰεροσόλυμα,
953 5371 1069 5426 ἀλλ’
1117 5374 1374 5426 οὐδέποτε
1417 5374 1556 5444 μετὰ
1600 5376 1798 5429 τοσαύ-

199 5485 297 5536 της
352 5465 754 5537 περιφινείας,
811 5465 928 5534 μεθ’
965 5465 1098 5534 ὅσης
1151 5464 1268 5519 νῦν.
1319 5465 1518 5536 Πρὼην
1555 5467 1654 5535 μὲν
1690 5469 1798 5537 γὰρ

197 5559 510 5624 ἐκρύπτετο
532 5555 620 5608 διὰ
645 5555 737 5608 τὸν
769 5556 963 5624 φθόνον
998 5556 1204 5610 αὐτῶν
1247 5556 1341 5610 νῦν
1369 5558 1447 5621 δὲ,
1484 5558 1672 5630 ἐπειδὴ
1702 5561 1795 5612 τοῦ

198 5650 413 5711 πάθους
442 5648 746 5718 ἐφέστηκεν
793 5649 820 5700 6
839 5647 1056 5718 καιρὸς,
1083 5647 1143 5700 ὃν
1189 5648 1351 5712 αὐτὸς
1396 5649 1574 5716 ἑαυτῷ
1603 5649 1794 5721 ὥρισε,

197 5741 587 5812 Ῐαμπρότερον
627 5741 849 5811 ἐρχεται
877 5781 892 5806 ,
963 5741 1072 5794 ἵνα·
1102 5741 1198 5796 ἐὰν
1248 5742 1348 5810 μὲν
1381 5742 1610 5809 θέλωσι,
1667 5761 1795 5798 συνο

195 5848 379 5925 ησωσι
405 5835 506 5906 τὴν
542 5833 696 5898 δόξαν
740 5834 927 5903 αὑτοῦ,
971 5835 1066 5892 καὶ
1093 5836 1200 5891 ἀπὸ
1228 5835 1339 5892 τῶν
1366 5837 1454 5891 ἐπ’
1479 5837 1630 5910 αύτῷ
1659 5856 1795 5912 προ-

1925 3306 2022 3360 llic
2064 3308 2206 3360 enim
2240 3313 2528 3375 possumus
2555 3307 2705 3374 sequi
2751 3304 3026 3359 Christum
3060 3321 3073 3357 :
3107 3314 3296 3372 postea
3324 3313 3506 3358 autem

1919 3400 2285 3454 excluduntur
2330 3412 2521 3451 omnes
2561 3412 2588 3451 a
2628 3395 3012 3451 mandatorum
3056 3397 3395 3466 operatione.

2513 3575 2746 3631 CAPUT
2776 3574 2867 3630 XI.

1904 3695 2069 3765 230
2102 3694 2174 3747 De
2202 3693 2370 3761 pullo.
2409 3691 2481 3765 D_e
2512 3692 2750 3765 arefacta
2792 3691 2918 3757 ﬁcu.
2965 3689 3038 3744 De
3073 3691 3271 3765 fugatis
3312 3708 3340 3746 ε
3371 3702 3507 3745 tem-

1976 3760 2062 3835 ῐιῶ
2102 3760 2396 3835 trapezitis.
2431 3762 2506 3813 De
2533 3763 2732 3826 ﬁducia
2766 3766 2818 3814 in
2849 3765 3036 3814 Deum.
3079 3760 3153 3814 De
3178 3762 3504 3830 injuriarum

1977 3834 2040 3889 οὺ
2066 3839 2253 3889 ivioue.
2308 3834 2379 3886 De
2411 3835 2736 3900 principibus
2778 3835 3150 3898 sarerdomm,
3185 3844 3233 3886 et
3284 3835 3501 3904 presby-

1975 3909 2102 3960 teris
2141 3905 2426 3958 Dominum
2468 3904 2916 3970 interrogantibus

1975 4084 2141 4139 Vsus.
2179 4083 2290 4137 Ι-θ.
2319 4101 2336 4132 ι
2376 4081 2440 4134 Et
2469 4096 2592 4133 cum
2626 4081 3069 4148 appropinquant
3107 4079 3504 4150 liierosoiymts

1903 4180 1967 4233 ad
1991 4178 2307 4246 Bethphage
2325 4185 2377 4228 et
2407 4173 2723 4228 Bethaniatn
2749 4173 2904 4242 juxta
2935 4183 3170 4226 montem
3198 4173 3500 4238 Olivarnm,

1901 4272 2104 4326 emittit
2131 4270 2269 4323 duos
2309 4283 2339 4322 e
2372 4267 2661 4336 discipulis
2710 4267 2850 4332 suis,
2879 4266 3089 4320 etdicit
3131 4266 3239 4320 illis
3275 4284 3290 4320 :
3339 4269 3504 4323 Abite

1905 4365 1956 4417 in
1991 4363 2169 4417 vicum
2209 4361 2298 4429 qui
2334 4369 2524 4414 contra
2559 4375 2656 4413 vos
2682 4369 2785 4424 est,
2825 4368 2879 4413 et
2918 4360 3105 4414 statim
3132 4360 3506 4429 ingredientes

1905 4457 1956 4508 in
2009 4456 2180 4518 illum,
2218 4453 2509 4507 invenietis
2551 4452 2755 4520 pullum
2801 4451 3298 4522 alligatum,supra
3338 4466 3502 4520 quem

2705 4544 2901 4598 solvite
2928 4561 3076 4608 eum,
3111 4554 3166 4598 et
3205 4545 3458 4599 adducite
3489 4561 3502 4596 :

1907 4649 1959 4693 et
1986 4642 2026 4692 si
2062 4640 2184 4708 quis
2203 4639 2360 4694 vobis
2392 4639 2591 4693 dixerit
2621 4679 2635 4703 ,
2669 4637 2779 4691 Cur
2801 4636 2982 4692 facitis
3007 4637 3146 4691 hoc?
3169 4639 3334 4692 dicite
3358 4639 3504 4714 quod

1908 4731 2165 4785 Dominus
2208 4747 2274 4785 eo
2328 4747 2464 4800 opus
2511 4731 2675 4784 habet
2711 4750 2722 4784 :
2762 4739 2813 4784 et
2841 4732 3103 4786 centinuo
3143 4731 3292 4784 illum
3327 4733 3508 4786 mittet

1906 4826 2034 4876 huc.
2072 4824 2338 4876 Abierunt
2366 4831 2570 4885 autem,
2623 4832 2677 4876 et
2713 4823 3040 4876 invenerunt
3074 4823 3275 4892 pullum
3311 4823 3507 4892 alliga-

1907 4925 2017 4968 tum
2058 4916 2212 4985 juxta
2240 4916 2465 4985 januam
2511 4915 2645 4970 foris
2685 4918 2738 4970 in
2777 4917 2943 4982 bivio,
2992 4927 3046 4971 et
3080 4917 3300 4971 solvunt
3329 4917 3503 4972 illum.

1905 5008 1970 5060 Et
2010 5007 2252 5060 nonnulli
2286 5021 2478 5059 eorum
2514 5009 2602 5073 qui
2641 5006 2746 5059 illic
2784 5009 3026 5071 stabant,
3066 5009 3320 5062 dicebant
3355 5009 3501 5064 illis:

1904 5100 2044 5166 Quid
2081 5097 2259 5152 facitis
2289 5100 2565 5152 solventes
2603 5099 2849 5164 pullum?
2889 5101 2954 5152 At
2993 5101 3070 5153 illi
3113 5101 3374 5154 dixerunt
3421 5104 3502 5156 eis

1903 5193 2364 5262 quemadmodum
2401 5191 2534 5258 ipsis
2564 5202 2897 5260 praeceperat
2931 5192 3091 5247 Je~us
3113 5235 3125 5255 ,
3155 5205 3206 5246 et
3240 5193 3498 5248 sinebant

1903 5287 2044 5342 illus.
2083 5304 2100 5336 ι
2139 5284 2294 5355 Saepe
2337 5287 2500 5338 etiam
2553 5286 2690 5338 alias
2734 5287 2884 5338 venit
2919 5284 3380 5355 Hierosolymam,
3407 5287 3502 5338 sed

1904 5393 2181 5446 nunquam
2215 5392 2336 5430 cum
2374 5388 2524 5430 tanta
2561 5379 2866 5448 majestate,
2898 5392 3102 5446 quanta
3134 5394 3306 5432 nunc.
3342 5378 3502 5434 Prius

1901 5470 2119 5538 quidem
2153 5467 2506 5522 delitescebat
2535 5479 2758 5536 propter
2790 5468 3051 5520 invidiam
3076 5470 3328 5527 illorum:
3355 5485 3500 5523 nunc

1901 5575 2107 5626 autem,
2136 5561 2260 5631 quia
2295 5563 2573 5632 passionis
2608 5572 2820 5630 tempus
2840 5563 3051 5627 aderat,
3083 5564 3224 5632 quod
3257 5562 3373 5631 ipse
3395 5561 3499 5615 sibi

1902 5658 2301 5726 prmiiniverat,
2344 5656 2546 5711 clarior
2597 5655 2745 5709 venit
2792 5673 2804 5709 :
2848 5666 2906 5710 ut
2947 5658 2990 5710 si
3033 5657 3219 5722 velint,
3267 5658 3494 5727 gloriam

1900 5748 2018 5817 ejus
2053 5749 2392 5818 intelligant,
2449 5756 2506 5802 et
2548 5762 2617 5812 ex
2664 5750 2966 5818 prophetiis
2999 5766 3117 5819 qua:
3149 5751 3203 5804 in
3254 5750 3368 5822 ipso
3395 5752 3494 5804 im—

1899 5842 2057 5915 picta:
2089 5850 2271 5911 erant,
2304 5852 2607 5914 agnoscant
2631 5857 2753 5899 eum
2785 5857 2908 5901 esse
2940 5843 3108 5900 Deum
3157 5860 3382 5912 verum;
3410 5847 3494 5904 sin
