4272 6438
785 381 885 449 θιι

1696 380 2273 448 THEOPHYLACTI
2294 372 2726 445 'BULGARLE
2758 378 3107 443 ARCHIEP.

3928 384 4051 449 612

784 495 993 561 nolint,
1052 494 1107 548 in
1154 490 1410 561 majorem
1458 492 1961 549 condemnationem
2008 509 2199 549 eorum
2257 494 2350 555 sit.
2384 504 2471 558 At

2384 504 2428 558 Α
2458 491 2699 561 φητειῶν
2733 491 3130 563 τιλτιουμένων
3191 492 3489 563 ἐπιγνῶσιν
3531 494 3615 549 δτι
3659 494 3865 567 ἀληθὴς
3897 498 4048 563 Θιάς

786 584 929 651 quod
966 582 1131 637 etiam
1182 591 1309 635 tam.
1335 579 1500 635 claris
1542 582 1817 637 miraculis
1851 598 1958 637 non
1997 584 2351 638 crediderint.

790 671 924 728 Vide
950 674 1089 727 enim
1119 680 1252 740 quot
1282 670 1391 726 sint
1420 672 1506 726 hic
1533 672 1793 726 miracula
1834 688 1956 742 qua:
1993 674 2074 729 eis
2103 674 2208 729 hoc
2239 674 2357 730 loco

788 764 1005 818 dixerit.
1038 762 1185 817 Dixit
1211 765 1328 819 eis:
1358 763 1648 819 Invenietis
1666 766 1906 833 pullum;
1946 767 2082 821 dixit
2108 782 2203 822 eos
2236 782 2359 835 pro-

789 854 1014 909 hibitum
1046 852 1133 921 iri,
1165 862 1221 908 et
1250 852 1447 913 deinde
1473 868 1595 907 cum
1638 855 1919 910 dicerent:
1959 855 2217 911 Dominus
2264 856 2356 910 illo

785 958 921 1012 opus
976 944 1175 1011 habet,
1221 944 1359 999 dixit
1390 944 1796 999 dimittendum.
1840 938 2167 1013 Neutiquam
2207 947 2355 1000 enim

685 1101 691 1107 _
785 1036 889 1091 hoc
934 1048 1123 1105 parum
1169 1035 1364 1091 fuisset
1408 1036 1668 1105 apostolis
1711 1038 1948 1107 permitti
1986 1045 2045 1090 ut
2080 1036 2357 1091 abducant

785 1127 1013 1196 pullum,
1068 1126 1172 1179 nisi
1207 1127 1408 1181 .divina
1456 1129 1701 1196 quaedam
1736 1130 1907 1183 virtus
1933 1127 2183 1183 dominos
2223 1127 2352 1199 pulli

787 1216 1079 1287 adegisset,
1099 1229 1316 1285 praesen
1327 1217 1397 1271 im
1427 1232 1715 1287 pauperes,
1731 1230 1785 1272 et
1803 1219 2067 1288 agricolas
2085 1218 2355 1287 fortassis,

786 1318 847 1362 ut
886 1308 1084 1363 animal
1108 1308 1237 1362 illud
1283 1309 1641 1367 dimitterent.
1678 1310 1928 1365 Attamen
1981 1312 2130 1367 disce
2174 1311 2357 1366 Domi-

786 1417 914 1457 num
952 1402 1003 1457 id
1046 1416 1150 1456 non
1180 1401 1296 1455 sine
1330 1415 1492 1456 causa
1535 1400 1774 1457 iecisse:
1810 1419 1986 1472 neque
2022 1404 2166 1459 enim
2222 1419 2357 1473 opus

786 1492 1020 1548 habebat
1044 1492 1213 1562 pullo,
1250 1492 1343 1561 qui
1372 1493 1532 1548 toties
1578 1492 1819 1549 Iudaeam
1855 1505 1909 1549 et
1932 1494 2208 1550 Galilaeam
2235 1510 2357 1564 per-

786 1597 1074 1655 agraverat
1118 1602 1133 1639 :
1192 1588 1286 1641 sed
1333 1590 1673 1641 monstrabat
1710 1589 1852 1655 quod
1890 1601 2056 1656 super
2096 1588 2352 1657 populum

784 1676 1020 1744 gentium
1051 1691 1300 1731 sessurus
1334 1688 1515 1743 esset,
1545 1679 1635 1747 qui
1672 1688 1783 1730 tum
1818 1678 2127 1732 incredulus
2153 1686 2270 1733 erat
2302 1686 2358 1732 et

2457 584 2627 637 ἐστιν.
2682 582 2745 636 Εί
2785 582 2843 637 δὲ
2896 586 2972 655 μὴ
3004 584 3277 656 θελήσωσι
3311 588 3578 651 συνιέναι,
3610 590 3692 654 τίς
3718 590 4049 661 κατάκριμα

2462 669 2645 740 μεῖζον
2674 672 2861 736 αὐτοῖς
2884 674 3012 745 sit],
3049 675 3134 729 ὅτι
3181 676 3304 731 οὐδὲ
3353 678 3495 747 μιτά
3521 677 3763 733 τοσαῦτα
3807 680 4047 752 λαμπρά

2458 764 2713 833 θαύματα
2742 765 3091 821 ἐπίστευσαν.
3122 769 3266 839 Ὅρα
3311 769 3423 839 γὰρ
3472 770 3618 824 πόσα
3651 772 3889 827 ἐνταῦθα
3934 789 4047 843 ση-

2460 859 2607 927 μιῐα.
2638 853 2805 911 Εἶπεν
2829 859 3033 923 αὐτοῖς,
3070 860 3154 914 δτι
3209 860 3485 932 Εὑρήσιτε
3516 862 3717 919 πῶλον.
3754 860 3924 927 Elates
3956 866 4047 920 δτι

2458 946 2864 1018 κωλυθήσονται
2886 986 2905 1013 ,
2948 946 3072 1004 σῖτα
3100 952 3365 1018 είπόντες,
3395 952 3481 1008 ὃτι
3524 953 3589 1010 Ὅ
3614 954 3814 1027 Κύριος
3844 957 4047 1030 χρῄζει

2457 1040 2643 1105 αὑτοῦ,
2678 1041 3022 1113 ἐαθήσονται.
3052 1044 3189 1098 οὐδὲ
3210 1044 3321 1114 γάρ
3340 1044 3462 1099 οὐδὲ
3487 1044 3656 1121 τοῦτο
3676 1048 3873 1119 μικρόν
3895 1049 4048 1114 ἐστι,

2458 1131 2522 1183 τὸ
2554 1132 2977 1204 συγχωρηθῆναι
3000 1136 3127 1198 τοὺς
3149 1136 3488 1201 ἀποστόλους
3520 1137 3763 1207 ἀπάγοιν
3790 1138 3885 1193 τὸν
3924 1140 4048 1193 πῶ-

2458 1220 2730 1293 λον,’ὅπιρ
2764 1223 2865 1276 οὐκ
2890 1222 2957 1277 ἀν
2988 1225 3283 1292 ἐγένετοιί
3319 1228 3395 1299 μὴ
3426 1227 3655 1293 θεία-τις
3686 1230 3901 1301 ἀνάγκη
3933 1234 4042 1285 ἐπε

2460 1313 2641 1367 έκειτο
2663 1317 2778 1379 τοῖς
2816 1317 3029 1387 κυρίοις
3055 1316 3149 1373 τοῦ
3179 1318 3361 1373 πώλου
3390 1319 3781 1389 ἀναγκάζουσα
3812 1324 4043 1388 αὐτοὺς,

2461 1404 2638 1459 καίτοι
2658 1407 2895 1476 πένητας
2913 1406 3075 1471 ὄντας
3103 1408 3197 1461 καὶ
3219 1410 3505 1479 γεωργοὺς
3525 1411 3711 1482 τυχὸν,
3736 1415 3958 1482 ἀφιίναι
3984 1415 4049 1467 τδ

2460 1496 2621 1558 ζῶον.
2655 1498 2801 1566 Πλὴν
2837 1498 3098 1569 μάνθανε,
3126 1500 3209 1554 ὅτι
3230 1502 3291 1557 οὐ
3325 1504 3507 1573 μάτην
3546 1504 3705 1559 τοῦτο
3740 1506 4048 1577 ἐποίησενό

2460 1585 2684 1655 Κύριος.
2727 1588 2861 1640 Οὑδέ
2892 1588 3001 1659 γὰρ
3032 1589 3229 1661 ιχρῃζι
3259 1588 3352 1657 τοῦ
3380 1590 3581 1655 πώλου,
3606 1594 3636 1647 ὁ
3664 1593 3926 1654 πολλάκις
3945 1594 4049 1662 τὴν

2460 1677 2751 1732 Γαλιλαίαν
2778 1681 2873 1735 καὶ
2905 1680 3005 1749 τὴν
3041 1682 3302 1737 Ἰουδαίαν
3330 1682 3547 1737 ἀπασαν
3580 1684 3881 1755 ἐκπεριιών
3904 1686 4045 1756 (73)·

784 1766 1127 1832 ineruditus,
1162 1776 1217 1823 et
1245 1768 1456 1823 vinctus
1494 1771 1730 1837 peccatis
1770 1770 1885 1824 suis
1918 1772 1969 1822 in
2026 1770 2205 1835 bivio,
2257 1770 2357 1823 hoc
2392 1839 2420 1844 _
2464 1786 2471 1818 t

2392 1839 2420 1844 _
2464 1768 2599 1821 ἀλλὰ
2631 1767 2891 1822 δεικνύων
2915 1771 3000 1823 ὅτι
3043 1771 3138 1824 ἐπὶ
3179 1776 3273 1825 τὸν
3300 1771 3515 1825 senm
3544 1773 3669 1826 λαὶν
3693 1773 4045 1844 ἐπιθήσεται,

783 1858 994 1912 estvita
1024 1860 1144 1923 hac,
1199 1862 1338 1928 apud
1351 1860 1597 1929 januam,
1621 1876 1739 1928 qua:
1754 1872 1838 1916 est
1853 1872 2006 1914 extra
2035 1860 2354 1916 Ecclesiatu.
2391 1839 2432 1899 Β
2460 1860 2470 1913 i

2391 1839 2432 1899 Β
2460 1860 2517 1923 ὃς
2549 1860 2780 1932 ἀπειθὴς
2810 1863 2909 1933 μὲν
2937 1858 3005 1935 ἦν
3044 1860 3140 1918 καὶ
3179 1864 3543 1931 ἀπαίδευτος,
3587 1866 3795 1920 ἐδέδετο
3924 1870 4048 1932 ταῖς

786 1948 1010 2006 Solutus
1047 1959 1129 2005 est
1174 1959 1357 2005 autem
1394 1954 1462 2007 ab
1495 1954 1753 2023 apostolis
1802 1967 1896 2021 per
1947 1952 2277 2021 baptismum
2304 1964 2360 2007 et
2454 1966 2473 2003 ε

2454 1949 2682 2015 οἰκείαις
2712 1954 3006 2024 ἁμαρτίαις
3036 1955 3094 2007 ἐν
3117 1957 3181 2026 τῇ
3213 1957 3441 2031 ἀμφόδῳ
3468 1998 3482 2022 ,
3533 1957 3779 2011 τουτέστι
3810 1958 3892 2030 τῷ
3946 1959 4050 2031 βίῳ

785 2042 945 2097 ﬁdem
983 2052 1083 2097 :et
1114 2052 1300 2098 vectus
1329 2045 1484 2098 estin
1514 2060 1577 2099 eo
1620 2043 1883 2098 Dominus
1908 2082 1923 2107 ,
1968 2058 2092 2098 cum
2130 2044 2356 2113 apostoli
2456 2056 2472 2092 ἰ

2456 2040 2655 2111 τούτῳ,
2689 2044 2822 2112 πρὸς
2848 2042 2948 2112 τῆν
2967 2043 3139 2113 Θύραν
3165 2084 3180 2109 ,
3205 2046 3373 2114 ἢγουν
3410 2046 3518 2113 ἐξω
3547 2047 3646 2118 τῆς
3686 2049 4049 2120 Ἐκκλησίας.

785 2132 1111 2188 vestimenta
1140 2148 1259 2199 sua,
1282 2134 1397 2207 hoc
1430 2143 1535 2199 est,
1560 2148 1777 2188 omnem
1806 2133 1905 2202 qui
1930 2141 2015 2187 est
2056 2148 2123 2188 ex
2147 2133 2361 2187 virtute

787 2224 1039 2279 decorem
1085 2225 1491 2294 imposuissent.
1526 2224 1681 2279 Prius
1708 2226 1849 2279 enim
1885 2223 2014 2279 nudi
2053 2236 2209 2279 crant
2238 2240 2366 2294 gen-

786 2318 907 2372 tiles
952 2328 1004 2372 et
1040 2317 1329 2383 deformes,
1368 2307 1648 2387 patrantes
1683 2319 1886 2373 nefaria
1915 2334 1930 2371 :
1957 2328 2241 2393 postquam
2267 2332 2365 2371 au-

789 2419 895 2463 tem
927 2410 994 2462 ab
1026 2409 1285 2479 apostolis
1328 2411 1543 2463 adducti
1576 2409 1793 2464 fixerunt
1815 2448 1830 2472 ,
1858 2420 1983 2464 tunc
2016 2396 2241 2465 honeste
2272 2412 2355 2466 di-

783 2501 1033 2555 dicerunt
1062 2502 1363 2565 ambulare,
1384 2510 1439 2558 et
1465 2512 1748 2573 propterea
1778 2502 1940 2557 etiam
1976 2504 2029 2556 in
2080 2502 2217 2573 ipsis
2242 2501 2356 2557 fer-

781 2599 873 2645 tur
917 2602 1160 2662 gestatus
1200 2592 1474 2649 Christus.
1507 2594 1737 2661 Quinam
1776 2605 1959 2649 autent
1995 2594 2237 2661 fuerunt,
2263 2597 2354 2663 qui

782 2685 937 2754 prius
956 2694 1113 2739 erant
1140 2686 1344 2740 domini
1376 2688 1526 2754 pulli,
1552 2687 1643 2756 qui
1676 2687 1949 2767 apostolos
1976 2675 2356 2755 prohiberent;

787 2790 971 2830 nonne
1015 2777 1239 2831 omnino
1287 2776 1445 2848 231
1496 2778 1807 2833 daemones?
1844 2777 1987 2834 Sane
2013 2787 2070 2834 et
2109 2780 2194 2835 his
2225 2793 2357 2850 apo-

788 2867 919 2922 stoli
962 2869 1387 2936 praevaluerunt.
2043 2862 2046 2865 ⁷

2474 2133 2670 2204 Ἐλύθη
2703 2134 2760 2187 δὲ
2798 2137 2949 2206 παρά
2977 2137 3087 2189 τῶν
3123 2138 3387 2207 μαθητῶν
3418 2139 3506 2197 διὰ
3530 2140 3625 2199 τοῦ
3663 2141 4053 2214 βαπτίσματος

2459 2224 2554 2277 καὶ
2598 2226 2697 2296 τῆς
2756 2226 2999 2291 πίστεως
3028 2245 3044 2259 ’
3077 2231 3175 2283 καὶ
3224 2231 3487 2303 ἐπωχήϐη
3546 2234 3697 2305 αὐτῷ
3739 2236 3770 2289 ό
3814 2237 4050 2308 Κὺριος,

2459 2316 2756 2370 ἐπιθέντων
2804 2318 2914 2373 τῶν
2961 2321 3274 2376 ἀποστόλων
3312 2324 3382 2377 τὰ
3416 2326 3610 2395 ἱμάτια
3646 2327 3856 2392 αὐτῶν,
3892 2346 4050 2383 τουτ-

2466 2410 2582 2463 έστι
2637 2414 2820 2465 πᾶσαν
2863 2414 3281 2486 εὐσχημοσύνην
3333 2416 3432 2487 τὴν
3476 2418 3537 2485 ἐξ
3568 2420 3795 2489 ἀρετῆς.
3846 2422 4054 2493 Πρώην

2466 2501 2563 2570 μὲν
2586 2502 2695 2571 γὰρ
2725 2504 2924 2573 γυμνοὶ
2952 2504 3104 2568 ὄντες
3132 2508 3182 2559 oi
3209 2508 3267 2573 ἐξ
3320 2508 3493 2562 ἐθνῶν
3524 2510 3843 2582 ἀσχήμονες
3882 2509 4052 2584 ἦσαν,

2464 2600 2796 2667 πράττοντες
2843 2602 3084 2673 ἄθεσμα.
3143 2604 3299 2659 Ἐπεὶ
3335 2606 3414 2661 δὲ,
3447 2608 3554 2661 ὑπὸ
3583 2609 3691 2663 τῶν
3725 2611 4055 2665 ἀποστόλων

2463 2688 2729 2759 ἠχθησαν,
2750 2691 2869 2745 τότε
2886 2692 2949 2761 δὴ
2967 2695 3085 2745 τότε
3104 2695 3454 2763 εὐσχημόνως
3473 2697 3496 2750 ί
3507 2697 3677 2766 μαθον
3697 2706 4054 2771 περιπατεῖν,

2463 2782 2558 2833 καὶ
2582 2782 2671 2835 διὰ
2689 2782 2848 2836 τοῦτο
2869 2785 2963 2837 καὶ
2984 2786 3068 2837 ἐπ’
3087 2785 3267 2839 αὐτῶν
3286 2788 3511 2860 φέρεται
3529 2792 3557 2843 ό
3576 2792 3811 2864 Χριστὸς
3844 2794 4053 2863 βαστα-

2464 2870 2711 2944 ζόμενος.
2728 2875 2885 2937 Τίνες
2901 2876 2958 2929 δὲ
2978 2873 3117 2949 ἦσαν
3134 2880 3181 2931 oi
3199 2880 3390 2951 πρώην
3408 2882 3665 2939 δεσπόται
3682 2884 3777 2939 τοῦ
3795 2886 3985 2943 πώλου
4005 2889 4056 2942 οι

782 2954 1083 3021 κωλύοντες
1113 2962 1240 3022 τοὺς
1272 2960 1633 3027 ἀποστόλους,
1662 2960 1695 3034 ἢ
1724 2961 1940 3028 πάντως
1962 2963 2012 3017 οί
2047 2963 2304 3036 δαίμονες
2327 2982 2341 3030 ;
2368 2965 2533 3022 ’Δλλά
2558 2968 2652 3024 καὶ
2682 2968 2888 3023 τούτων
2913 2972 3362 3044 ἐπικρατέστεροι
3392 2976 3635 3058 γίνονται
3657 2981 3706 3034 οί
3734 2980 4053 3043 ἀπόστολοι,

856 3045 1024 3103 Vens.
1062 3047 1211 3103 'l-lO.
1247 3068 1266 3101 ι
1301 3048 1364 3103 Ει
1386 3052 1726 3107 adduxerunt
1747 3053 1951 3124 pullum
1984 3057 2050 3110 ad
2071 3054 2281 3124 Iesum,
2309 3066 2363 3113 et
2388 3065 2434 3124 α

2388 3065 2434 3124 c
2545 3078 2563 3111 ι
2627 3062 2736 3114 Καὶ
2786 3061 2996 3132 ἡγαγον
3054 3064 3145 3116 τὸν
3213 3045 3410 3121 πῶλον
3455 3056 3598 3142 ’πρὸς
3649 3072 3743 3127 τὸν
3813 3074 4056 3149 Ἰησοῦν,

782 3140 1090 3210 iniecerunt
1119 3141 1196 3195 illi
1222 3145 1543 3198 vestimenta
1573 3159 1693 3209 sua,
1718 3146 1963 3217 seditque
1992 3164 2155 3218 super
2180 3150 2355 3205 illum.

782 3230 938 3288 Multi
972 3249 1098 3290 vero
1122 3235 1447 3289 vestimenta
1475 3251 1575 3290 sua
1625 3239 1947 3294 sternebant
1987 3242 2042 3295 in
2072 3243 2239 3310 viam,
2268 3242 2360 3296 alii

785 3338 911 3377 vero
942 3322 1162 3379 frondes
1202 3324 1513 3379 incidebant
1560 3340 1626 3381 ex
1684 3328 1995 3396 arboribus,
2050 3340 2105 3385 et
2138 3342 2355 3387 sterne-

782 3412 915 3468 bant
952 3417 1004 3467 in
1038 3415 1199 3469 viam.
1229 3415 1297 3470 Et
1341 3418 1432 3485 qui
1498 3417 1873 3486 praecedebant
1917 3422 2118 3492 quique
2176 3439 2363 3495 seque-

782 3503 981 3558 bantur
1023 3506 1333 3561 clamabant
1376 3508 1621 3563 dicentes
1658 3528 1672 3564 :
1710 3510 1966 3567 Hosanna
1997 3552 2013 3578 ,
2046 3514 2363 3573 benedictus

782 3600 875 3670 qui
920 3600 1067 3653 venit
1102 3599 1154 3654 in
1181 3600 1396 3655 nomine
1427 3601 1662 3657 Domini.
1688 3602 2040 3661 Benedictum
2074 3611 2215 3676 quod
2264 3626 2357 3665 ve-

783 3690 865 3743 nit
890 3704 1137 3755 regnum,
1180 3689 1232 3743 in
1258 3690 1479 3745 nomine
1510 3692 1718 3746 Domini
1743 3696 1915 3761 patris
1947 3694 2117 3749 nostri
2138 3697 2314 3752 David
2342 3716 2358 3752 :

781 3777 1035 3833 Hosanna
1070 3781 1125 3833 in
1157 3779 1461 3856 altissimis.
1509 3800 1529 3835 ι
1562 3783 1853 3837 Multitudo
1880 3787 2136 3855 quamdiu
2176 3788 2360 3842 incor‘

786 3882 940 3942 rupta
972 3882 1174 3938 manet,
1209 3874 1455 3943 agnoscit
1498 3885 1761 3942 quantum
1810 3890 1945 3946 opus
1969 3888 2087 3931 erat
2116 3895 2128 3931 :
2154 3878 2274 3932 ideo
2302 3887 2358 3934 et

784 3962 979 4032 singuli
1006 3976 1106 4032 pro
1159 3964 1364 4018 vitibus
1408 3964 1522 4017 suis
1554 3962 1738 4019 Iesum
1802 3975 2154 4022 venerantur.
2212 3968 2357 4023 Lau-

782 4050 977 4107 dantes
1009 4064 1185 4106 autem
1204 4052 1334 4121 quid
1357 4054 1615 4121 dixerint,
1643 4057 1939 4110 videamus.
1968 4060 2010 4111 Α
2033 4059 2198 4114 David
2226 4078 2359 4116 sane

782 4144 1041 4213 hymnum
1100 4145 1249 4198 illum
1301 4159 1604 4214 sumpsere.
1667 4146 1837 4201 Porro
1898 4148 2150 4203 Hosanna
2206 4152 2358 4220 juxta

780 4234 1039 4301 quosdam
1072 4235 1360 4305 signiﬁcat,
1406 4237 1575 4302 salva,
1609 4238 1837 4293 obsecro
1870 4257 1884 4293 :
1907 4240 2060 4305 juxta
2099 4245 2360 4311 quasdam

780 4340 930 4393 vero,
967 4327 1243 4395 hymnum.
1297 4326 1516 4383 Rectius
1567 4339 1747 4384 tamen
1779 4342 1861 4385 est
1905 4335 2046 4402 quod
2072 4335 2246 4403 primo
2277 4338 2359 4389 di-

2466 3154 2563 3207 καὶ
2616 3154 2880 3208 ἐπέϐαλον
2926 3156 3077 3225 αὑτῷ
3137 3158 3207 3211 τά
3255 3161 3447 3230 ίμάτια
3497 3164 3715 3231 αὐτῶν,
3772 3167 3871 3222 καὶ
3919 3171 4053 3225 ἐκά-

2465 3244 2615 3296 θισεν
2663 3248 2751 3298 ἐπ’
2781 3248 2968 3302 αὐτόν.
2998 3250 3192 3303 Πολλοὶ
3215 3252 3272 3305 δέ
3314 3254 3383 3307 τά
3410 3256 3605 3324 ίμάτια
3632 3258 3813 3311 αὐτῶν
3840 3260 4055 3330 inpu-

2468 3351 2567 3387 σαν
2593 3337 2671 3399 είς
2702 3337 2799 3408 τὴν
2832 3340 2948 3392 ὁδόν
2968 3357 2981 3371 ·
3023 3343 3173 3397 ἄλλοι
3201 3343 3258 3397 δὲ
3287 3346 3544 3411 πιῦάδας
3586 3348 3816 3404 ἔκοπτον
3839 3353 3905 3405 ἐκ
3945 3354 4055 3407 τῶν

2464 3425 2718 3496 δένδρων,
2747 3430 2842 3482 καὶ
2871 3432 3211 3503 ἐστρώννυον
3234 3437 3313 3498 είς
3353 3438 3455 3507 τὴν
3493 3438 3632 3496 ὀδόν.
3683 3443 3791 3497 Καὶ
3823 3446 3875 3499 oi
3906 3461 4047 3516 προ-

2463 3518 2692 3586 άγοντες
2750 3524 2844 3576 καὶ
2878 3526 2928 3577 οί
2976 3525 3401 3593 ἀκολουθοῦντες
3460 3532 3698 3603 ἔκραζον
3747 3536 4048 3605 λέγοντας.

2475 3610 2707 3667 Ὡσαννὰ
2729 3615 3095 3687 εὐλογημένος
3121 3621 3151 3673 ό
3172 3622 3469 3701 ἐρχόμενος
3494 3628 3551 3677 ἐν
3572 3626 3798 3695 ὀνόματι
3816 3630 4054 3701 Κυρίου.

2464 3702 2818 3777 Εὐλογημένη
2846 3710 2879 3778 η
2911 3713 3181 3783 ἐρχομένη
3216 3699 3460 3783 βασιλέία
3492 3718 3551 3769 ἐν
3584 3718 3813 3790 ὀνόματι
3838 3699 4048 3795 Κυρίου

2463 3796 2557 3849 τοῦ
2584 3802 2789 3869 πατρὸς
2813 3802 2969 3870 ἡμῶν
2998 3804 3191 3856 Δαὸίδ·
3236 3806 3464 3861 Ὡσαννὰ
3498 3810 3554 3862 ἐν
3580 3813 3691 3874 τοῖς
3718 3812 3993 3881 ὑψίστοις.
4029 3836 4046 3869 t

2465 3888 2537 3940 Τὸ
2574 3889 2781 3959 πλῆθος
2814 3894 3008 3963 μέχρις
3039 3895 3107 3947 ἂν
3137 3896 3464 3969 ἀδιάφθορον
3498 3900 3657 3971 μένῃ,
3690 3905 4056 3970 ἐπιγινώσκει

2462 3977 2525 4028 τὸ
2556 3977 2694 4032 δέον.
2759 3980 2849 4031 Διὸ
2885 3983 2980 4034 καὶ
3030 3984 3233 4051 τιμῶσι
3272 3984 3363 4039 τὸν
3423 3986 3630 4057 Ἰησοῦν
3684 3988 3916 4054 ικαστος
3974 3992 4052 4055 ὼς

2464 4062 2578 4135 εἶχε
2608 4069 2918 4140 δυνάμεως.
2950 4074 3013 4125 Ol
3044 4074 3098 4125 δὲ
3133 4075 3431 4141 ὑμνοῦντες
3480 4078 3534 4130 τί
3572 4078 3780 4147 ελεγον,
3825 4082 4050 4152 ἴδωμεν.

2478 4158 2575 4211 Ἐκ
2606 4159 2701 4212 τοῦ
2730 4161 2894 4215 sum
2926 4164 3027 4233 μὲν
3057 4164 3149 4217 τὸν
3198 4165 3368 4234 ῦμνον
3394 4168 3587 4221 τοῦτον
3636 4170 3855 4225 ἔλαϐον.
3887 4174 3964 4227 Τὸ
3990 4175 4049 4227 δὲ.

2483 4248 2733 4319 Ὠἇαννά,
2772 4254 2913 4308 κατὰ
2949 4257 3047 4325 μέν
3078 4274 3231 4320 τινας
3257 4261 3537 4327 σημαίνει,
3569 4262 3744 4314 σῶσον
3778 4263 3870 4331 δὴ,
3906 4270 4052 4321 κατὰ

2462 4339 2518 4393 δέ
2543 4358 2696 4404 τινας
2739 4347 3017 4413 σημαίνει,
3061 4348 3251 4416 ὕμνος.
3302 4352 3469 4421 Πλὴν,
3501 4356 3753 4423 κρεῖττον
3803 4357 3866 4408 τὸ
3898 4360 4050 4428 πρῶ-

779 4427 943 4470 ctum.
978 4415 1225 4473 Habetnr
1261 4420 1409 4475 enim
1444 4422 1497 4475 iu
1526 4424 1826 4478 centesimo
1856 4426 2069 4480 decimo
2100 4430 2358 4496 .septimo
2390 4408 2435 4466 θ
2462 4453 2466 4466 ι

2390 4408 2435 4466 D
2462 4449 2573 4486 τον.
2620 4436 2708 4489 Ἐν
2752 4408 2969 4509 γαρ-τῷ
3011 4408 3290 4511 ἑκατοστῷ
3341 4408 3797 4517 ἑπτακαιδεκάτῳ
3846 4408 4050 4521 duiut?»

779 4509 1070 4576 psalmo,§0
1099 4511 1346 4575 Domine,
1380 4513 1561 4578 salva,
1598 4516 1826 4570 obsecro
1858 4535 1870 4569 :
1905 4518 1956 4571 id
1996 4519 2139 4587 quod
2169 4521 2220 4572 in
2252 4520 2365 4575 He-.

782 4597 964 4653 braico
1018 4599 1268 4654 llosanna
1321 4604 1577 4673 scriptum
1622 4616 1721 4659 est.
1760 4604 2003 4677 Regnum
2042 4622 2219 4664 autem
2254 4610 2355 4666 Da-

781 4692 866 4743 vid
918 4706 1142 4761 regnum
1172 4692 1374 4749 Christi
1411 4698 1678 4761 dicebant,
1738 4710 1849 4753 tum
1900 4704 2042 4771 quod
2071 4718 2101 4757 a
2146 4707 2352 4761 semine

778 4781 942 4837 David
963 4784 1225 4840 deductus
1249 4787 1686 4857 essetChristus,
1725 4800 1837 4845 tum
1880 4796 2023 4861 quod
2061 4795 2229 4851 David
2268 4798 2350 4851 in-

779 4878 1061 4943 terpretari
1090 4880 1212 4947 quis
1236 4889 1434 4948 potest,
1468 4893 1743 4950 potentem
1769 4885 1851 4938 vel
1882 4886 2137 4941 idoneum
2164 4905 2347 4945 manu.

775 4967 906 5033 Quis
929 4979 1105 5022 autem
1142 4970 1285 5024 alius
1334 4987 1493 5025 manu
1535 4990 1705 5042 usque
1753 4975 1889 5032 adeo
1933 4979 2145 5032 validus
2181 4990 2236 5033 et
2259 4997 2356 5049 po-

777 5074 893 5118 tens
928 5073 983 5117 ut
1012 5063 1292 5130 Dominus,
1325 5064 1478 5132 cujus
1507 5081 1700 5121 manus
1741 5076 1889 5123 tanta
1927 5070 2189 5125 miracula
2227 5085 2355 5126 sunt

773 5156 1039 5222 Operatae?
1067 5154 1334 5209 Caeterum
1358 5165 1667 5213 sternamus
1693 5171 1748 5215 et
1770 5176 1872 5215 nos
1904 5164 2223 5216 vestimenta
2259 5180 2355 5216 no-

774 5256 907 5311 stra,
952 5249 1050 5299 hoc
1080 5249 1166 5301 est
1208 5261 1449 5301 carnem.
1506 5248 1689 5304 Vestis
1745 5253 1890 5305 enim
1934 5255 2148 5320 animae,
2199 5270 2352 5319 caro,

773 5352 933 5407 quam
964 5339 1319 5405 subjiciamus
1358 5337 1611 5406 Domino,
1641 5352 1693 5396 et
1718 5355 2023 5399 sternamus
2047 5349 2188 5400 viam
2228 5350 2351 5402 vita:

772 5440 971 5483 nostra:
1000 5448 1015 5485 :
1048 5432 1385 5497 deputantes,
1417 5443 1470 5485 et
1502 5434 1803 5489 incidentes
1844 5438 1912 5490 ab
1935 5440 2223 5493 arboribus
2257 5456 2345 5493 ra-

774 5538 803 5572 n
828 5535 909 5587 os,
942 5522 1041 5577 hoc
1089 5534 1193 5591 est,
1232 5538 1545 5580 sanctorum
1580 5527 1716 5582 vitas
1764 5530 2059 5583 imitemur.
2096 5534 2347 5587 .Arltores

2463 4529 2674 4579 κεῖται·
2706 4524 2776 4581 Ὦ
2809 4530 3000 4600 Κύριε,
3040 4532 3211 4584 σῶσον
3250 4532 3313 4604 δή
3354 4551 3367 4564 ·
3399 4537 3534 4606 ὅπερ
3569 4539 3625 4588 ἐν
3663 4539 3740 4607 τῷ
3776 4540 4052 4611 Ἐϐραῖκῴ

2474 4620 2705 4672 Ὡσαννὰ
2744 4623 3080 4692 γέγραπται.
3139 4626 3427 4678 Βασιλείαν
3457 4628 3511 4679 δὲ
3556 4630 3719 4681 Δαὸιδ
3744 4633 3844 4701 τὴν
3891 4633 4047 4701 βασι-

2460 4713 2608 4767 λείαν
2635 4716 2728 4767 τοῦ
2751 4716 2991 4785 Χριστοῦ
3020 4718 3225 4783 ἔλεγον,
3251 4719 3367 4789 ἅμα
3394 4720 3493 4787 μὲν
3519 4720 3657 4773 διότι
3691 4722 3786 4775 καὶ⁵
3816 4726 3931 4779 ἀπὸ
3956 4727 4049 4779 τοῦ

2463 4806 2780 4873 σπέρματος
2810 4806 2903 4857 τοῦ
2940 4807 3106 4861 Δασὶδ
3146 4812 3413 4879 κατήγετο
3450 4814 3477 4863 ὁ
3510 4813 3714 4885 Κύριος
3740 4856 3756 4879 ,
3815 4817 3937 4886 ἅμα
3967 4818 4045 4884 δὲ,

2458 4895 2542 4947 ὃτι
2575 4897 2737 4948 Δαὸὶδ
2769 4899 3159 4969 ἑρμηνεύεται,
3189 4903 3414 4966 δυνατὸς
3470 4908 3636 4975 χειρὶ,
3680 4908 3800 4977 ἦτοι
3856 4910 4045 4973 ἱκανὸς

2461 4987 2624 5056 χειρί.
2666 4989 2759 5051 Τίς
2800 4990 2855 5041 δὲ
2908 4993 3065 5054 ἄλλος
3104 4996 3287 5057 ἱκανὸς
3340 4998 3508 5066 χειρὶ,
3538 5000 3586 5049 εἰ
3632 5000 3707 5068 μὴ
3734 5002 3761 5051 ὁ
3790 5002 3999 5071 Κύριος
4030 5046 4044 5068 ,

2458 5073 2517 5131 οὗ
2550 5080 2604 5129 αί
2638 5082 2817 5149 χεῖρες
2864 5084 3105 5136 τοσαῦτα
3166 5086 3423 5156 θαύματα
3484 5088 3835 5157 ὲνήργησαν;
3883 5094 4046 5145 Ἀλλὰ

2459 5170 2566 5240 γὰρ
2608 5172 2943 5243 στρώσωμεν
3000 5178 3094 5229 καὶ
3144 5180 3304 5247 ἡμεῖς
3353 5182 3418 5231 τὰ
3466 5182 3654 5251 ἱμάτια
3707 5185 3886 5252 ἡμῶν,
3924 5189 4046 5255 ἦτοι

2456 5263 2553 5331 τὴν
2585 5266 2762 5333 σάρκα
2804 5268 3043 5337 (ἱμάτιον
3097 5273 3207 5341 γὰρ
3257 5275 3289 5341 ἡ
3334 5274 3471 5342 σὰρξ
3532 5276 3630 5343 τῆς
3666 5276 3896 5344 ψυχῆς),
3950 5288 4046 5331 καί

2460 5355 2819 5427 ὐποτάξωμεν
2853 5362 3057 5431 ταύτην
3087 5364 3163 5433 τῷ
3196 5367 3405 5434 Κυρίῳ.
3445 5368 3555 5419 Καὶ
3580 5370 3915 5439 στρώσωμεν
3946 5374 4049 5441 τὴν

2460 5446 2578 5498 ὁδὸν
2614 5449 2705 5501 τοῦ
2732 5452 3004 5521 ἡμετέρου
3054 5455 3190 5524 βίου,
3248 5458 3540 5523 κόπτοντες
3571 5461 3635 5512 ἐκ
3673 5461 3779 5513 τῶν
3807 5461 4046 5532 δένδρων

2458 5536 2705 5603 κλάδους,
2739 5545 3009 5611 τουτέστι,
3047 5550 3171 5613 τοὺς
3208 5550 3319 5602 τῶν
3358 5551 3530 5619 ἁγίων
3579 5551 3727 5621 βίους
3762 5556 4051 5624 μιμούμε-

1765 5668 1853 5728 Ex
1890 5669 2232 5735 collatione
2282 5674 2469 5736 codd.
2508 5678 2729 5741 t'enet.
2768 5686 2827 5744 9.
2856 5686 3071 5746 Marci.

853 5783 963 5852 (74)
1006 5784 1330 5857 Ἐκπεριῖὼν
1362 5790 1524 5859 πεζῇ,
1559 5792 1714 5846 codd.
1750 5790 1842 5857 26,
1879 5793 1944 5846 50
1974 5805 2023 5847 ct
2051 5795 2138 5848 51.
