4272 6438
804 372 910 437 615

1729 373 2307 436 THEOPHYLACTI
2349 373 2760 437 BULGARLE
2798 375 3153 438 ARCHIEP.

3924 368 4053 433 616

797 480 936 547 quod
968 478 1130 532 etiam
1156 482 1347 547 punire
1366 480 1552 547 possit.
1581 478 1752 534 Habet
1786 480 1913 533 item
1946 489 2001 533 et
2024 482 2159 535 licus
2182 489 2364 549 typum
2397 489 2439 543 Α
2469 484 2484 535 l

2361 503 2364 532 I
2397 489 2439 543 Α
2469 483 2631 536 δαίων
2665 482 3018 552 Συναγωγῆς.
3066 482 3117 535 οἳ
3171 480 3344 551 φύλλα
3380 480 3541 551 μόνον
3569 474 3735 549 εἶχον,
3770 478 4048 534 τουτέστι.

796 583 1078 642 synagogas
1115 568 1448 635 Judaiorum,
1484 570 1574 638 qui
1623 571 1750 623 folia
1783 572 1895 626 sola
1922 572 2213 636 habebant,
2247 573 2351 628 hoc

795 674 876 715 est
910 663 1102 731 legem,
1136 662 1380 715 umbram
1413 662 1520 717 illis
1565 663 1918 730 praebentem,
1958 662 2193 718 fructum
2230 678 2355 718 vero

798 756 995 807 nullum
1022 753 1337 809 aﬂerebant.
1383 753 1675 807 Esuriebat
1704 764 1882 806 autem
1930 753 2090 808 Jesus
2127 754 2355 809 salutem

796 848 1029 901 illorum.
1066 844 1213 898 Meus
1243 847 1385 898 enim
1415 845 1569 903 cibus
1596 853 1698 919 est,
1728 845 1922 914 inquit,
1949 855 2006 897 ut
2040 844 2233 900 faciam
2261 861 2357 901 vo-

795 938 1051 989 lnntatem
1090 934 1266 989 Patris
1299 938 1423 989 mei.
1461 934 1718 990 Voluntas
1743 946 1923 991 autem
1949 937 2131 991 Patris
2164 946 2269 1003 est,
2302 946 2359 991 ut

794 1037 1109 1079 convertant
1132 1040 1191 1079 se
1222 1037 1552 1094 peccatores.
1580 1026 1645 1078 Et
1667 1028 1792 1095 quia
1830 1042 2095 1098 synagoga
2123 1027 2355 1081 fructum

796 1134 899 1170 non
932 1118 1182 1181 habebat,
1219 1118 1503 1171 maledicta
1534 1128 1616 1172 est
1658 1129 1713 1172 et
1751 1119 1984 1183 exaruit,
2023 1134 2198 1188 neque
2232 1132 2359 1187 pro-

794 1207 1033 1275 phetatn,
1065 1223 1240 1275 neque
1272 1209 1545 1261 doctorem
1577 1208 1804 1262 habens.

870 1294 1027 1349 Vsus.
1083 1296 1276 1349 15-18.
1338 1314 1360 1348 ι
1405 1298 1468 1350 Ει
1531 1298 1755 1351 veniunt
1810 1296 2264 1371 Hierosolymam,
2304 1307 2359 1353 et

796 1387 1075 1453 ingressus
1095 1386 1254 1442 Jesus
1304 1390 1354 1441 in
1407 1389 1685 1459 templum,
1718 1393 1883 1458 erepit
1915 1392 2113 1457 ejicere
2138 1407 2233 1448 eos
2263 1394 2355 1463 qui

794 1480 1097 1534 vendebant
1151 1488 1207 1534 et
1227 1481 1477 1534 emebant
1507 1483 1561 1535 in
1604 1483 1802 1551 templo
1857 1500 1870 1536 :
1906 1493 1960 1537 et
2001 1500 2215 1541 mensas
2248 1485 2361 1540 col-

792 1570 1103 1641 lyhistarnm
1136 1613 1151 1638 ,
1187 1584 1239 1627 et
1261 1574 1421 1628 sellas
1453 1576 1797 1630 vendentium
1826 1577 2106 1632 columbas
2134 1581 2360 1634 subver-

795 1661 901 1715 tit:
938 1670 989 1713 et
1036 1676 1145 1715 non
1195 1664 1441 1731 permisit
1479 1674 1536 1718 nt
1579 1667 1866 1733 quisquam
1917 1668 2229 1733 deportaret
2264 1685 2359 1723 vas

794 1766 890 1819 per
929 1753 1184 1820 templum
1221 1770 1234 1808 :
1271 1766 1325 1808 et
1357 1756 1584 1809 docebat
1611 1759 1796 1811 dicens
1823 1757 1928 1811 illis
1963 1758 2191 1814 :Nonne
2217 1762 2355 1814 scri-

794 1856 943 1913 ptum
984 1856 1087 1909 est,
1120 1846 1318 1900 Domus
1355 1862 1472 1901 inea
1536 1849 1727 1905 domus
1763 1851 2087 1918 precationis
2140 1853 2357 1907 vocabi-

796 1943 882 1990 tur
915 1938 1161 1990 ouuiihns
1186 1938 1470 2007 gentibus?
1497 1938 1603 1993 Vos
1634 1950 1809 1992 autem
1847 1940 2051 1995 fecistis
2073 1955 2192 1996 eam
2223 1957 2347 2011 spe.

796 2030 1004 2081 lunt-am
1052 2029 1344 2083 latronum.
1394 2030 1459 2083 Et
1490 2030 1777 2085 audierunt
1813 2032 2016 2087 Scriba:
2061 2033 2357 2103 principes-

791 2135 896 2186 que
946 2120 1309 2182 sacerdotum,
1343 2130 1396 2173 et
1422 2122 1731 2186 quaerebant
1760 2123 2031 2190 quomodo
2078 2124 2228 2178 illum
2268 2139 2358 2179 es-

791 2219 913 2264 sent
977 2211 1256 2277 perdituri.
1301 2210 1588 2265 Timebant
1647 2214 1791 2266 enim
1841 2228 1986 2276 eum,
2043 2217 2185 2283 quod
2242 2225 2356 2271 tota

796 2306 952 2358 turba
982 2304 1349 2358 admirabatur
1384 2306 1685 2359 dOCtrinam
1716 2307 1879 2361 illius.
1921 2327 1941 2359 ι
1992 2309 2144 2373 Quod
2177 2310 2357 2378 ejece-

793 2408 867 2450 rtt
893 2398 1205 2460 vendentes,
1244 2398 1405 2450 etiam
1434 2396 1670 2451 Joannes
1703 2409 1891 2452 narrat
1925 2416 1938 2452 :
1989 2400 2083 2454 sed
2116 2399 2355 2455 Joannes

793 2485 847 2538 in
884 2486 1149 2555 principio
1182 2486 1489 2556 Evangelii,
1530 2489 1617 2543 hic
1643 2497 1821 2543 autem
1847 2490 1948 2543 sub
1975 2489 2156 2544 litteui.
2204 2488 2353 2545 Veri-

793 2577 969 2632 simile
1005 2578 1169 2648 igitur
1202 2580 1299 2633 hoc
1320 2581 1558 2634 secundo
1588 2579 1810 2640 facttun.
1837 2597 1945 2650 quo
1971 2584 2129 2636 etiam
2154 2581 2359 2636 ladano-

794 2685 912 2721 rum
946 2671 1221 2723 accnsmio
1257 2672 1424 2739 major
1457 2682 1602 2725 esset
1643 2689 1653 2723 :
1689 2673 2129 2740 quandoquidem
2181 2690 2361 2744 neque

793 2774 915 2812 cum
970 2775 1112 2827 sa'pe
1174 2762 1315 2813 idem
1362 2760 1550 2815 fecerit
1595 2762 1871 2825 Dominus,
1917 2771 2045 2817 sunt
2090 2766 2356 2820 conversi.

795 2850 1113 2919 Speluncam
1142 2862 1319 2904 autum
1354 2853 1617 2906 latronum
1676 2855 1921 2908 nominat
1955 2858 2209 2925 templum
2235 2873 2362 2926 pro.

793 2954 912 3013 pter
938 2944 1245 2997 avaritiam.
1282 2942 1577 2999 Latronum
1634 2948 1779 3000 enim
1813 2961 1983 3016 genus
2030 2952 2096 3001 ad
2149 2947 2359 3014 lucrum

792 3046 1019 3104 spectat.
1077 3036 1139 3089 Et
1170 3040 1426 3105 quoniam
1465 3040 1630 3092 etiam
1690 3040 1765 3092 illi
1819 3052 2037 3108 propter
2089 3041 2359 3096 sacrificia

2459 576 2621 644 νόμον
2666 577 2823 627 σκιὰν
2878 576 3062 638 αὐτοῖς
3110 572 3420 645 παρέχοντα
3444 614 3461 639 ,
3492 573 3704 642 καρπὸν
3736 570 3793 624 δὲ
3848 569 4053 623 οὐδένα

2458 663 2624 737 εἶχον.
2678 666 2962 720 Ἐπείνασε
3000 667 3057 718 δὲ
3084 668 3111 719 6
3145 665 3355 734 Ἰησοῦς
3376 664 3475 735 τὴν
3508 664 3783 735 σωτηρίαν
3824 661 4042 719 αὐτῶν.

2471 759 2631 826 Ἐμὸν
2669 760 2800 828 γὰρ,
2833 760 2989 828 φησὶ,
3021 758 3218 830 βρῶμά
3241 760 3412 822 ἔστιν,
3445 757 3534 810 ἵνα
3565 756 3706 811 ποιῶ
3739 755 3799 808 τδ
3827 755 4054 823 θέλημα

2456 849 2551 901 τοῦ
2598 850 2813 919 Πατρός
2858 867 2982 918 μου.
3011 850 3233 919 Θέλημα
3282 849 3339 903 δδ
3384 848 3522 901 Θεοῦ
3566 849 3646 915 τὸν
3683 847 4048 916 ἐπιστρέφειν

2456 941 2587 1003 τοὺς
2619 942 3055 1011 ἁμαρτάνοντας.
3099 939 3253 994 Ἐπεὶ
3272 934 3460 994 ’τοίνυν
3483 941 3584 993 οὐκ
3618 934 3733 1009 εἶχε
3758 936 3979 1008 καρπὸν
4007 937 4043 1007 ἡ

2460 1034 2772 1103 συναγωγὴ,
2806 1033 3091 1103 κατηράθη
3126 1032 3224 1085 καὶ
3244 1031 3542 1105 ἐξηράνθη,
3574 1032 3717 1103 μήτε
3748 1029 4049 1102 προφήτην

2468 1123 2604 1193 μήτε
2632 1123 2953 1177 διδάσκαλον
2983 1123 3107 1194 εχου
3116 1140 3208 1177 σα.

2537 1318 2557 1352 ι
2598 1302 2707 1355 Kal
2764 1300 3014 1372 ἔρχονται
3061 1302 3141 1363 είς
3177 1298 3549 1370 Ἰεροσόλυμα.
3585 1301 3696 1354 Kal
3720 1297 3984 1353 εἰσελθὼν
4018 1302 4048 1353 6

2475 1376 2802 1463 Ἰησοῦς-εις
2827 1391 2888 1445 τδ
2946 1393 3113 1463 ἱερὸν.
3164 1390 3372 1463 ἤρξατο
3420 1388 3705 1445 ἐκϐάλλειν
3758 1391 3883 1454 τοὺς
3924 1407 4047 1444 πω-

2461 1484 2686 1549 λοῦντας
2706 1487 2801 1538 καὶ
2829 1485 3200 1555 ἀγοράζοντας
3226 1486 3284 1538 ὲν
3319 1484 3401 1555 τῷ
3448 1484 3602 1554 ίερῷ.
3626 1482 3741 1538 Kal
3764 1483 3866 1542 τὰς
3896 1499 4039 1552 τρα-

2462 1578 2633 1643 πέζας
2670 1577 2778 1631 τῶν
2812 1576 3192 1657 κολλυϐιστῶν.
3207 1578 3303 1631 καὶ
3324 1576 3427 1640 τὰς
3445 1574 3717 1646 καθέδρας
3767 1574 3879 1627 τῶν
3924 1592 4048 1628 πω-

2462 1670 2701 1723 λούντων
2766 1671 2867 1731 τὰς
2925 1667 3257 1739 περιστεράς
3319 1666 3678 1738 κατέστρεψε.
3744 1668 3855 1721 Καὶ
3938 1666 4049 1721 οὐκ

2463 1762 2620 1830 ῆφιεν
2654 1761 2739 1812 ἶνα
2786 1776 2869 1822 τις
2900 1760 3154 1831 διενέγκῃ
3188 1757 3381 1821 σκεῦος
3426 1757 3515 1811 διά
3553 1756 3649 1810 τοῦ
3703 1756 3875 1828 ἱεροῦ.
3932 1756 4050 1809 Καὶ

2456 1835 2725 1917 ἐδίδασκε,
2766 1850 2940 1918 λέγων
2967 1850 3153 1914 αὐτοῖς
3175 1865 3189 1880 ⁸
3226 1849 3301 1902 Οὐ
3332 1849 3645 1921 γέγραπται
3666 1848 3773 1913 ὅτι,
3810 1848 3871 1902 '0
3891 1842 4049 1910 οἶκός

2462 1961 2563 2014 μου
2608 1934 2757 2006 οἶκος
2789 1942 3099 2013 προσευχῆς
3127 1939 3458 2011 κληθήσεται
3488 1942 3623 1994 πᾶσι
3648 1942 3759 2004 τοῖς
3779 1939 4001 1993 ἔθνεσιν
4026 1957 4041 2005 ;

2472 2033 2671 2101 ’Υμεῖς
2701 2032 2757 2085 δὲ
2802 2032 3093 2101 ἐποιήσατε
3150 2031 3313 2084 αὑτὸν
3348 2030 3612 2101 σπήλαιον
3658 2029 3889 2100 λῃστῶν.
3934 2030 4049 2083 Καὶ

2460 2129 2692 2197 ἥκουσαν
2725 2129 2775 2181 οί
2815 2125 3167 2197 Γραμματετς
3214 2128 3309 2179 καὶ
3346 2126 3396 2179 οί
3443 2127 3741 2196 ἀρχιερεῖς,
3780 2128 3878 2179 καὶ
3909 2126 4051 2197 ὶνζή-

2457 2236 2581 2273 τουν
2614 2219 2729 2281 πῶς
2758 2217 2922 2271 αὑτὸν
2964 2218 3325 2271 ἀπολέσωσιν.
3381 2217 3706 2285 Ἐφοῦοῦντο
3774 2218 3889 2286 γὰρ
3930 2218 4037 2270 αὺ-

2458 2309 2568 2374 τὸν,
2599 2310 2681 2363 ὃτι
2717 2309 2826 2371 πᾶς
2875 2310 2903 2361 6
2950 2307 3108 2377 ὄχλος
3162 2308 3527 2378 ἐξεπλήσσετο
3577 2310 3669 2361 ἐπὶ
3723 2310 3791 2378 τῇ
3841 2307 4039 2379 διδαχῇ

2459 2400 2648 2456 αὑτοῦ.
2691 2419 2709 2452 ι
2751 2400 2826 2454 Τὸ
2859 2400 3217 2477 ἐκϐάλλεσθαι
3249 2403 3399 2470 παρὰ
3428 2402 3523 2453 τοῦ
3567 2401 3743 2471 Ἰησοῦ
3772 2403 3899 2463 τοὺς
3935 2417 4048 2453 πωο

2459 2491 2684 2555 λοῦντας
2755 2490 2850 2546 καὶ
2899 2495 2927 2546 6
2972 2493 3226 2562 Ἰωάννης
3277 2492 3566 2561 διηγεῖται.
3631 2492 3773 2547 Ἀλλ’
3831 2495 4047 2557 ἐκεῖνος

2464 2582 2561 2651 μὲν
2618 2583 2677 2634 ὲν
2708 2583 2774 2651 τῇ
2806 2580 3076 2651 άρχῇ,τοῦ
3105 2582 3457 2649 Εὐαγγελίου,
3506 2576 3663 2646 οὗτος
3697 2583 3754 2636 δὲ
3786 2583 3929 2653 πρὸς
3965 2581 4046 2652 τῷ

2461 2673 2630 2725 τέλει.
2680 2672 2839 2734 Εἰκὸς
2886 2671 2981 2725 οὖν
3031 2672 3285 2741 δεύτερον
3340 2673 3593 2741 γενέσθαι
3633 2673 3833 2737 τοῦτο,
3887 2675 3917 2727 ὅ
3950 2674 4047 2727 καὶ

2468 2764 2675 2834 μείζων
2706 2764 3009 2835 κατηγορία
3034 2764 3145 2817 τῶν
3188 2764 3485 2831 Ἰουδαίων,
3528 2766 3645 2833 ετγε
3686 2767 3953 2843 πολλάκις
3985 2768 4047 2819 τὸ

2462 2858 2943 2927 αὑτὸποιήσαντος
2986 2857 3081 2911 τοῦ
3138 2860 3369 2928 Κυρίου,
3431 2861 3529 2913 οὑκ
3589 2861 4041 2931 ἐπεστράφησαν.

2463 2948 2735 3019 Σπήλαιον
2770 2949 2827 3002 δὲ
2877 2949 3095 3020 λῃστῶν
3125 2950 3385 3019 ὀνομάζει
3432 2952 3524 3003 τὸν
3548 2954 3697 3014 ναὸν,
3728 2951 3815 3006 διὰ
3842 2954 3907 3006 τὸ
3949 2971 4042 3021 φι-

2462 3041 2734 3114 λοκερδές.
2790 3040 2862 3093 Τὸ
2889 3040 3182 3114 λῃστρικὸν
3220 3043 3328 3111 γὰρ
3362 3042 3516 3110 γένος
3546 3047 3674 3114 περὶ
3703 3046 3763 3096 τὸ
3801 3044 4033 3115 κερδαί-

794 3126 1043 3180 animalia
1080 3142 1201 3195 quae
1228 3128 1573 3192 offerrentur,
1622 3129 1753 3183 lucri
1815 3132 1987 3201 gratia
2029 3134 2354 3198 vendebant,
2386 3149 2430 3207 ς
2461 3153 2481 3187 v

2386 3149 2430 3207 ρ
2461 3150 2571 3187 νειν
2597 3134 2885 3205 ἐπτόηται.
2938 3135 3089 3187 Ἐπεὶ
3127 3130 3221 3188 οὖν
3254 3135 3348 3188 καὶ
3384 3135 3539 3187 αὐτοὶ
3600 3137 3669 3188 τὰ
3720 3136 3810 3191 διὰ
3845 3135 4046 3191 θυσίαν

797 3218 1034 3271 latrones
1059 3220 1204 3285 ipsos
1235 3220 1553 3274 nominavit.
1574 3221 1879 3291 Collybista
1933 3234 2111 3278 autem
2144 3224 2361 3280 fuerunt

795 3309 886 3376 qui
920 3323 1169 3364 nummos
1198 3312 1598 3377 permutabant.
1632 3313 1851 3383 Collyba
1902 3317 2044 3369 enim
2076 3332 2246 3387 genus
2278 3326 2359 3371 est

794 3400 1138 3453 ntimismatis
1193 3402 1399 3455 minimi
1438 3404 1589 3457 aerei.
1657 3404 1978 3469 Accusanda
2024 3419 2203 3461 autem
2255 3406 2361 3463 illis

794 3489 955 3542 etiam
991 3488 1176 3542 Isaiam
1226 3494 1543 3559 pr0pbetam
1589 3494 1744 3547 allert
1773 3497 2039 3551 dicentem
2097 3516 2110 3553 :
2164 3500 2362 3555 Domus

793 3593 910 3631 mea
944 3583 1133 3635 domus
1163 3583 1492 3649 precationis
1533 3587 1837 3641 vocabitur.
1894 3590 2254 3646 Absitautem
2297 3608 2362 3646 ne

790 3678 847 3725 et
874 3685 970 3724 nos
1000 3681 1148 3724 extra
1199 3674 1453 3742 templum
1488 3675 1796 3743 ejiciamnr.
1859 3679 2005 3735 Multi
2038 3684 2182 3736 enim
2225 3696 2277 3738 et
2308 3688 2358 3738 in

791 3774 1035 3815 nostrum
1074 3766 1334 3833 templum
1381 3768 1716 3829 ingredimur
1752 3775 2046 3826 vendentes
2092 3776 2266 3842 nt'lia,
2307 3788 2360 3830 et

792 3864 1037 3908 eruentes
1069 3855 1365 3913 deteriora.
1403 3856 1543 3911 Sunt
1572 3869 1750 3914 autem
1782 3865 1870 3931 qui
1906 3875 1955 3918 et
1994 3868 2179 3934 plenas
2213 3888 2359 3922 iucu-

791 3959 880 3997 sas
910 3960 1254 4001 nummorum
1288 3950 1507 4015 habent,
1531 3954 1620 4019 qui
1650 3954 2033 4009 administrant
2061 3972 2112 4011 et
2144 3961 2359 4027 tlispctto

791 4048 915 4088 sant
943 4036 1340 4103 ecclesiastica,
1385 4049 1439 4093 et
1475 4044 1655 4096 omnia
1693 4056 1918 4114 propter
1961 4050 2243 4101 avaritiam
2280 4052 2358 4103 l‘a-

792 4126 957 4180 ciunt.
991 4126 1128 4192 Quin
1162 4140 1215 4182 ct
1250 4132 1392 4185 sella:
1425 4135 1768 4189 vendentium
1819 4138 2097 4193 columbas
2132 4144 2361 4196 ειιιινοι-

794 4210 1021 4282 ιυιιεις.,’
1072 4220 1170 4273 hoc
1227 4235 1311 4277 est
1360 4226 1643 4292 pontiﬁces
1693 4231 1989 4285 vendentes
2053 4234 2358 4304 spiritualia

792 4310 949 4363 dona.
982 4309 1239 4365 Columba
1270 4315 1429 4385 233
1459 4320 1601 4371 enim
1634 4322 1939 4388 symbolum
1995 4334 2079 4378 est
2123 4327 2359 4395 Spiritus

790 4403 965 4457 sancti
1001 4422 1011 4455 :
1064 4420 1223 4472 quem
1256 4409 1346 4475 qui
1375 4411 1630 4477 vendunt,
1656 4429 1751 4481 per
1778 4418 2060 4471 Dominum
2112 4434 2140 4472 a
2173 4438 2355 4474 sacer-

2466 3226 2887 3297 προσφερόμενα
2919 3225 3036 3289 ζῶα
3075 3226 3319 3279 ἐπώλουν
3352 3228 3513 3297 χάριν
3533 3224 3792 3298 κέρδους,
3828 3228 4047 3299 λῃστάς

2464 3318 2659 3379 αὐτοὺς
2683 3316 2960 3386 ὠνόμασε.
2996 3316 3361 3371 Κολλυσισταὶ
3390 3319 3447 3370 δὲ
3496 3314 3637 3388 ἦσαν
3665 3320 3715 3371 οί
3776 3319 3846 3371 τά
3894 3321 4051 3388 νομί-

2466 3424 2659 3487 σμαται
2688 3410 3069 3471 άλλάσσοντες.
3096 3409 3369 3472 Κόλλυδος
3406 3410 3514 3478 γὰρ
3568 3406 3704 3473 εἶδος
3733 3410 3935 3463 λεπτοῦ
3958 3428 4047 3465 νο-

2467 3501 2738 3571 μίσματος
2773 3501 2997 3574 χαλκοῦ.
3047 3502 3278 3571 Ἐφιστᾷ
3297 3502 3353 3555 δὲ
3376 3503 3558 3565 αὐτοῖς
3610 3505 3923 3573 κατήγορον
3951 3508 4048 3557 καὶ

2462 3596 2553 3647 τὸν
2582 3596 2866 3665 προφήτην
2899 3594 3150 3657 Ἡσαΐαν,
3184 3594 3415 3660 λέγοντα
3442 3612 3453 3625 ·
3494 3596 3551 3647 ’0
3574 3591 3719 3657 οἶκός
3744 3612 3869 3665 μου,
3898 3593 4047 3658 οἶκος

2464 3690 2773 3756 προσευχῆς
2801 3686 3155 3758 κληθήσεται.
3192 3686 3357 3739 Ἀλλὰ
3404 3688 3478 3756 μὴ
3526 3687 3739 3751 γένοιτο
3769 3692 3863 3739 καὶ
3897 3691 4046 3759 ἡμᾶς

2462 3778 2568 3844 ἐξω
2603 3776 2700 3832 τοῦ
2733 3779 2882 3849 ίεροῦ
2932 3779 3288 3851 ἐκϐληθῆναι.
3316 3780 3510 3833 Πολλοὶ
3550 3780 3662 3850 γὰρ
3716 3782 3811 3832 καὶ
3858 3782 3917 3833 ιν
3970 3782 4049 3848 τῷ

2464 3870 2595 3939 ίερῷ
2628 3870 2708 3939 τῷ
2744 3869 3005 3940 ἡμετέρῳ
3035 3870 3422 3940 είσερχόμεθα,
3455 3870 3766 3933 πωλοῦντες
3791 3870 3861 3922 τά
3900 3888 4040 3941 χρη⁴

2464 3961 2562 4012 στὰ
2592 3963 2687 4013 καὶ
2713 3960 3081 4030 ἀγοράζοντες
3113 3961 3183 4013 τὰ
3219 3961 3408 4031 χείρω.
3446 3961 3567 4014 Elei.
3595 3961 3651 4013 δὲ
3704 3960 3800 4012 καὶ
3837 3959 3887 4013 οἳ
3914 3978 4051 4031 τρα-

2463 4053 2631 4115 πέζας
2673 4053 2948 4106 κολλύὸων
2981 4054 3207 4124 πλήρεις
3248 4053 3463 4123 ἔχουσιν
3492 4094 3506 4117 ,
3547 4056 3596 4106 οἱ
3628 4053 4049 4120 οἰκονομοῦντες

2467 4144 2567 4213 μὲν
2600 4145 2695 4196 καὶ
2722 4144 3051 4208 διοικοῦντες
3077 4146 3146 4197 τα
3175 4145 3631 4211 ὲκκλησιαστικὰ,
3664 4144 3753 4196 διὰ
3796 4144 3853 4196 δὲ
3891 4144 4049 4213 φιλο-

2462 4236 2775 4305 Χρηματίαν
2797 4238 2976 4289 πάντα
3018 4234 3321 4297 ποιοῦντες.
3363 4236 3528 4289 ’Λλλὰ
3565 4237 3737 4289 καὶαί
3783 4237 4049 4307 καθέδραι

2459 4326 2569 4379 τῶν
2614 4326 2935 4379 πωλούντων
3013 4326 3109 4389 τὰς
3164 4332 3494 4398 περιστερὰς
3546 4327 4043 4397 καταστρέφονται,

2460 4420 2629 4489 ἤγουν
2657 4419 2783 4481 τοὺς
2836 4420 3115 4490 ἀρχιερεῖς
3147 4422 3273 4483 τοὺς
3333 4419 3650 4484 πωλοῦντας
3693 4421 3763 4473 τὰ
3797 4438 4053 4491 πνευμαο

790 4491 938 4545 dotio
968 4494 1311 4561 repellentur.
1363 4494 1496 4549 Nam
1551 4500 1640 4567 qui
1678 4513 1895 4570 propter
1944 4504 2125 4557 datum
2164 4522 2355 4559 aurum
2391 4482 2434 4536 θ
2460 4530 2477 4564 ιι

2391 4482 2590 4566 1λιι-χλι
2646 4482 2967 4583 χαρίσματα
3002 4482 3037 4582 ’(
3060 4511 3154 4566 τοῦ
3187 4514 3295 4583 γὰρ
3334 4482 3651 4581 Πνεύματος
3705 4482 3981 4582 σύμϐολσν
4018 4516 4050 4583 ἡ

791 4583 1022 4643 ordinat.
1050 4586 1325 4652 depositus
1358 4598 1463 4641 est.
1498 4589 1600 4642 Sed
1625 4602 1678 4643 et
1712 4594 1959 4660 quisquis
1991 4599 2218 4660 gratiam
2246 4612 2367 4664 quae
2466 4622 2478 4655 τ

2358 4613 2367 4647 ι
2466 4604 2785 4674 περιστερὰ)
2830 4604 3023 4668 ἐξωθεῖ
3061 4607 3089 4657 6
3133 4606 3333 4676 Κύριος
3369 4609 3434 4659 ἐκ
3468 4608 3566 4675 τῆς
3604 4606 4045 4675 ἀρχιερωσύνης.

794 4686 861 4726 ex
907 4674 1229 4739 baptismate
1289 4689 1394 4742 εει,
1447 4687 1499 4731 et
1541 4681 1859 4736 munditiam
1914 4687 2096 4752 prodit
2135 4687 2367 4749 diabolo,

2478 4693 2537 4747 '0
2562 4695 2673 4765 γάρ
2703 4694 2793 4747 διὰ
2820 4696 3049 4764 χρυσίου
3096 4696 3301 4761 δόσεως
3332 4696 3679 4771 χειροτονῶν,
3718 4696 3939 4769 καθῃρη
3952 4701 4051 4767 μέ-

796 4765 885 4820 bic
919 4765 1104 4818 vendit
1133 4767 1440 4825 columbam
1482 4786 1634 4826 suam
1674 4791 1687 4829 :
1748 4787 2033 4845 pr0pterea
2074 4792 2139 4833 ex
2173 4781 2371 4849 templo
2468 4805 2483 4839 ι

2365 4799 2371 4828 ν
2468 4805 2579 4850 νος.
2628 4788 2792 4843 Ἀλλά
2822 4791 2916 4843 καὶ
2941 4790 3090 4854 ὅστις
3122 4792 3221 4862 τὴν
3247 4793 3311 4846 ὲκ
3335 4765 3437 4846 τοῦ
3471 4765 4052 4863 βαπτίσματος-*χάριν

788 4871 1026 4943 ejlcitur.

861 5142 1026 5199 Vens.
1063 5146 1250 5201 19-25.
1291 5165 1309 5197 ι
1348 5146 1413 5200 Et
1442 5163 1562 5203 cum
1599 5150 1711 5218 jam
1742 5164 1963 5218 vespera
1986 5163 2150 5217 esset,
2176 5169 2359 5225 egres-

789 5249 881 5290 sus
904 5246 984 5289 est
1011 5234 1167 5291 Jesus
1196 5256 1227 5291 e
1252 5239 1493 5292 civitate.
1528 5240 1592 5293 Et
1614 5256 1771 5295 mane
1802 5254 2192 5311 praetereuntes
2220 5250 2364 5303 vide-

792 5338 914 5382 runt
943 5327 1107 5383 llcum
1134 5331 1415 5387 exaruisse
1466 5333 1761 5389 radicitus:
1798 5347 1848 5389 et
1904 5341 2214 5393 recordatus
2260 5339 2361 5395 Pe-

2473 4882 2570 4933 καὶ
2606 4863 2959 4955 καθαρότητα
2993 4884 3265 4955 προδώσει
3300 4883 3378 4955 τῷ
3418 4883 3675 4955 διαϐόλῳ,
3705 4879 3862 4945 οὗτος
3899 4884 4052 4937 imb-

2477 4972 2743 5045 λησειτὴν
2776 4979 3103 5047 περιστεράν
3129 4977 3319 5044 αὑτοῦ,
3360 4976 3631 5031 διάποῦτο
3662 4976 3756 5029 καλ⁵
3785 4976 4052 5029 ἐκϐάλλε-

2468 5083 2558 5120 ται
2598 5064 2659 5121 ἐκ
2686 5067 2779 5121 τοῦ
2813 5069 2981 5140 ἱεροῦ.

2544 5192 2561 5211 .
2603 5162 2714 5215 Kal
2745 5164 2833 5214 ὅτε
2866 5164 2964 5233 ὀψὲ
2993 5164 3236 5229 ἐγένετο,
3268 5160 3627 5236 ἐξεπορεύετο
3667 5164 3773 5229 ἔξω
3812 5165 3911 5231 τῆς
3954 5166 4051 5216 πόο

2464 5252 2619 5315 λεως.
2655 5256 2763 5307 Kal
2796 5254 2940 5325 πρωϊ
2974 5258 3512 5328 παραπορευόμενοι,
3554 5254 3695 5309 εἶδον
3736 5258 3835 5324 τὴν
3870 5258 4052 5326 συκῆν

2468 5343 2863 5424 ἐξηρημμένην
2892 5349 2955 5399 ὲκ
2990 5348 3174 5417 ῥιζῶν.
3210 5351 3323 5403 Καὶ
3362 5348 3733 5420 ἀναμνησθεὶς
3758 5350 3786 5400 6
3818 5348 4050 5419 Πέτρος,

1775 5497 1863 5555 Ex
1898 5496 2237 5566 collatione
2273 5499 2460 5562 codd.
2492 5503 2721 5562 Venet.
2767 5504 3060 5565 S.Marci.

789 5637 934 5715 circo
987 5638 1364 5715 maledictione
1415 5640 1658 5715 perculsa
1694 5642 1909 5709 fuisset,
1946 5648 2068 5715 quia
2123 5646 2359 5702 fructum

793 5710 994 5762 nullum
1044 5712 1292 5765 habebat.
1318 5711 1432 5777 Ουίι
1466 5712 1624 5778 igitur
1655 5715 1719 5767 de
1757 5730 1920 5770 causa
1952 5710 2235 5771 maledicta
2276 5728 2360 5773 est

790 5781 950 5833 arbor
988 5779 1112 5833 illa?
1152 5783 1397 5847 Scilicet,
1438 5797 1540 5837 non
1573 5796 1867 5853 propterea
1892 5788 2037 5858 qnod
2065 5790 2177 5856 ipsa
2228 5805 2352 5859 pec-

2468 5653 2706 5727 caverit;
2763 5652 2855 5706 sed
2904 5656 3357 5721 quemadmodum
3414 5660 3615 5713 dictum
3668 5668 3773 5719 est,
3810 5669 3868 5710 nt
3927 5675 4032 5727 apo

2469 5722 2588 5799 εισι]
2619 5725 2888 5776 diruerent
2910 5728 3050 5793 quod
3078 5728 3239 5783 etiam
3268 5731 3456 5799 punire
3489 5732 3677 5785 'tossil.
3717 5729 3892 5786 Hal'et
3928 5722 4048 5785 iren-

2464 5802 2512 5845 cl
2548 5793 2677 5860 ﬁcus
2718 5805 2915 5862 typum,
2946 5806 3049 5849 etc.
3096 5817 3112 5847 ι
