4272 6438
291 414 396 480 617

975 410 1421 474 ENARRATIO
1461 409 1541 469 IN
1583 406 2091 468 EVANGELIUM
2139 407 2402 469 MARCI.
2444 434 2512 444 —
2553 408 2714 470 CAP.
2760 408 2870 471 XI.

3480 408 3593 474 618

286 535 438 602 λέγει
464 533 646 606 αὐτῷ’
684 529 898 594 Ῥαϐϐὶ,
929 530 1005 584 ίδε
1048 532 1080 600 ἡ
1115 529 1256 597 συκῆ
1281 529 1350 599 ἢν
1386 527 1714 596 κατηράσω,
1751 524 1868 594 ἐξήι

1990 533 2108 579 trus
2131 525 2254 578 dicit
2285 525 2360 578 illi
2387 541 2400 576 :
2428 522 2625 597 Itahlti,
2652 539 2783 579 ecce
2811 524 2945 579 ficus
2973 522 3059 578 illa
3079 538 3244 594 quam
3275 536 3592 585 exsecratus

288 644 472 697 ραται.
526 629 634 678 Καὶ
682 624 1006 689 ἀποκριθεὶς
1053 626 1081 675 6
1150 620 1403 691 Ἰησοῦς,
1447 618 1595 687 λέγει
1649 619 1875 680 αὐτοῖς’

287 719 486 790 Ἔχετε
518 719 704 771 πίστιν
733 714 871 770 Θεοῦ
894 733 910 748 ·
945 715 1094 788 ἀμὴν
1118 711 1231 784 γὰρ
1263 712 1408 781 λέγω
1429 712 1582 782 ὑμῖν,
1613 711 1696 764 ὅτι
1724 709 1783 773 ὃς
1814 708 1880 762 ἂν

284 811 416 882 είπῃ
440 810 518 879 τῷ
567 810 683 878 ὄρει
727 808 928 878 τούτῳ,
961 806 1223 878 Ἀρθητι,
1250 805 1348 858 καὶ
1398 801 1628 874 βλήθητι
1668 803 1749 864 είς
1783 803 1880 872 τὴν

283 902 586 964 θάλασσαν,
650 901 745 954 καὶ⁵
793 900 870 970 μὴ
934 897 1192 968 διακριθῇ
1237 897 1297 950 ὲν
1345 898 1412 966 τῇ
1454 893 1655 964 καρδία
1685 891 1876 955 αὑτοῦ,

281 994 421 1049 ἀλλά
449 993 718 1066 πιστεύσῃ
745 994 828 1046 ὅτι
858 992 893 1046 ἆ
919 991 1070 1060 λέγει
1097 991 1332 1059 γίνεται,
1362 988 1518 1041 ἔσται
1550 985 1701 1054 αὑτῷ
1725 985 1753 1038 ὃ
1782 985 1879 1037 ἐὰν

279 1085 434 1155 εἴπῃ.
480 1104 498 1136 ι
537 1084 596 1137 Et
630 1085 726 1136 καὶ
765 1087 793 1136 6
843 1081 1129 1144 Ματθαῖος
1189 1079 1340 1144 λέγει
1396 1079 1479 1131 ὅτι
1527 1077 1876 1148 παραχρῆμα

279 1176 552 1246 ἐξηράνθη
591 1177 623 1246 ἡ
662 1175 826 1244 συκῆ,
869 1174 964 1227 καὶ
1009 1173 1215 1233 ίδόντες
1245 1173 1292 1224 οί
1331 1170 1576 1240 μαθηταὶ
1628 1168 1876 1238 ἐθαύμα-

282 1285 381 1319 σαν
407 1284 420 1296 ’
465 1268 538 1335 μὴ
568 1265 878 1336 θορυϐηθῇς
907 1264 1126 1319 ἀκούων
1156 1261 1251 1315 νῦν
1282 1261 1376 1314 τοῦ
1421 1259 1656 1330 Μάρκου
1685 1257 1873 1325 λέγον-

276 1375 392 1420 τος,
431 1359 514 1410 ὅτι
553 1361 620 1429 τῇ
653 1359 916 1429 ἐπαύριον
940 1354 1079 1410 εἶδον
1107 1355 1510 1426 ἐξηραμμένην
1538 1355 1638 1421 τὴν
1676 1351 1870 1420 συκῆν.

275 1447 437 1502 Οῦτω
470 1451 580 1519 γὰρ
613 1449 822 1517 ὀφείλει
847 1449 989 1500 νοεῖν
1018 1446 1078 1500 τὸ
1100 1447 1253 1514 παρὰ
1283 1444 1360 1514 τῷ
1389 1442 1681 1512 Ματθαίῳ,
1708 1461 1724 1492 ι
1766 1439 1874 1494 Καὶ

199 1608 202 1611 λ
276 1544 630 1614 παραχρῆμα
684 1542 960 1612 ἐξηράνθη
1008 1544 1039 1610 ἡ
1092 1539 1258 1608 συκῆ.
1315 1558 1334 1591 ι
1397 1535 1563 1607 Στῆθι
1609 1531 1705 1589 οῦν
1743 1535 1874 1605 ἄχρι

275 1637 472 1689 τούτου
504 1653 516 1664 ’
550 1633 669 1690 εἶτα
700 1637 845 1692 είπέ.
882 1636 992 1688 Καὶ
1029 1634 1230 1696 ἰδόντες
1265 1634 1315 1684 οἱ
1338 1631 1598 1701 μαθηταὶ,
1631 1629 1876 1699 ἐθαύμα-

277 1748 396 1783 σαν.
438 1729 573 1782 Πότε
604 1745 619 1792 ;
659 1728 900 1792 Ἰδόντες,
936 1727 997 1780 οῦ
1034 1725 1402 1797 παραχρῆμα,
1431 1723 1568 1776 ἀλλὰ
1599 1725 1664 1792 τῇ
1696 1720 1874 1776 ἐπαύ-

278 1843 418 1897 ριον.
450 1823 637 1886 Οὕτως
671 1822 763 1875 οὑν
798 1820 1013 1874 νοοῦντι
1039 1818 1194 1872 οὑδέν
1222 1817 1430 1887 ἄπορον
1460 1815 1869 1885 ἀπαντήσεται.

1991 631 2071 680 es,
2105 617 2343 670 exaruit.
2399 616 2468 670 Et
2512 618 2875 685 respondens,
2926 613 3059 669 dicit
3111 614 3269 671 illis:
3321 614 3592 672 Confidite

1992 705 2102 760 Deo
2126 722 2142 770 ;
2177 721 2336 761 auten
2365 706 2490 762 dico
2507 707 2662 762 vobis
2687 706 2830 777 quod
2860 705 3178 777 quicunque
3198 705 3396 761 dixerit
3421 707 3589 761 monti

1992 797 2121 849 huic
2147 814 2160 850 :
2193 794 2448 861 Tollaris,
2475 811 2539 851 ae
2569 797 2810 852 mittaris
2838 796 2892 850 in
2939 811 3113 860 mare,
3135 807 3192 853 et
3220 813 3326 852 non
3369 798 3592 854 haesita-

1991 889 2126 938 vcrit
2158 888 2209 940 in
2243 887 2410 943 corde
2455 901 2578 949 suo.
2611 887 2707 942 sed
2735 886 3036 943 crediderit
3061 887 3179 944 fore
3218 904 3340 958 quae
3364 890 3591 954 dixerit,

1986 979 2095 1032 erit
2120 978 2195 1031 illi
2219 979 2482 1051 quidquid
2515 978 2737 1034 dixerit.
2778 1000 2797 1034 ι
2838 978 3078 1036 Tametsi
3120 981 3406 1038 Maltltaetts
3439 983 3594 1039 dixe-

1989 1071 2059 1124 rit
2088 1071 2232 1140 quod
2261 1072 2449 1127 statim
2482 1073 2701 1128 exaruit
2749 1076 2909 1140 licus,
2950 1083 3007 1130 et
3038 1074 3287 1130 videntes
3332 1076 3589 1146 discipuli

1986 1162 2241 1217 admirati
2280 1163 2411 1230 sint,
2463 1164 2599 1218 nihil
2625 1168 2900 1220 movearis
2924 1168 3150 1221 audiens
3174 1183 3318 1222 nunc
3341 1169 3588 1223 Marcum

1986 1253 2257 1309 dicentem
2316 1258 2459 1325 quod
2520 1259 2776 1326 sequenti
2853 1259 2943 1313 die
2998 1259 3236 1313 viderint.
3305 1263 3592 1314 exaruisse

1988 1351 2172 1405 ficum.
2205 1351 2297 1407 Sic
2353 1346 2500 1407 enim
2553 1353 2861 1424 intelligere
2913 1354 3079 1410 debes
3141 1355 3192 1408 id
3247 1355 3390 1425 quod
3446 1357 3588 1423 apud

1986 1442 2322 1511 Hattltreum,
2357 1463 2376 1496 ι
2413 1443 2481 1498 Ει
2507 1445 2694 1513 statim
2727 1447 2946 1502 exaruit
2986 1448 3123 1502 licus
3173 1447 3243 1501 τι
3284 1463 3393 1517 quo
3426 1448 3590 1511 lecto,

1984 1538 2249 1601 subsiste,
2277 1549 2330 1592 et
2367 1541 2493 1594 dein
2559 1540 2644 1595 dic
2680 1556 2695 1592 :
2737 1540 2800 1595 Et
2837 1556 2960 1597 eum
3007 1542 3279 1598 vidissent
3316 1543 3591 1613 discipuli.

1984 1630 2241 1686 admirati
2274 1641 2420 1686 sunt.
2460 1632 2732 1699 Quando?
2782 1632 2920 1689 Cum
2982 1634 3254 1690 vidissent
3286 1655 3298 1690 :
3334 1652 3442 1689 non
3478 1650 3593 1692 sm-

1988 1726 2106 1787 tim,
2137 1725 2229 1778 sed
2258 1726 2508 1795 sequenti
2546 1728 2637 1783 die
2667 1745 2679 1781 :
2726 1728 2956 1798 proinde
2991 1729 3072 1783 sic
3096 1729 3420 1800 inlelligenli
3456 1732 3590 1784 ttihil

1985 1815 2203 1871 difficile
2229 1819 2491 1874 occurrit.
2530 1817 2664 1875 Vide
2694 1820 2820 1875 item
2846 1829 2983 1874 etex
3018 1821 3120 1875 hoc
3169 1821 3287 1876 loco
3314 1824 3592 1892 quomodo

279 1918 424 1987 Ὅρα
465 1917 521 1969 δὲ
563 1915 682 1978 πῶς
713 1913 1014 1968 κάντεῦθεν
1047 1911 1182 1975 Θεὸς
1227 1911 1507 1964 δείκνυται
1541 1909 1570 1962 6
1610 1908 1872 1978 Χριστός.

1981 1909 2232 1966 Christus
2267 1922 2606 1967 monstretur
2639 1912 2783 1968 Deus
2812 1929 2825 1978 ;
2860 1913 2992 1968 dicit
3032 1914 3179 1968 enim
3214 1928 3310 1982 per
3353 1914 3590 1984 praplte-

269 2009 413 2075 Φησὶ
445 2008 553 2076 γὰρ
591 2006 678 2059 διὰ
710 2005 819 2059 τῶν
853 2002 1156 2076 προφητῶν
1212 2003 1239 2055 6
1290 2000 1497 2070 Κύριος
1531 2016 1546 2031 ⁸
1591 1998 1733 2067 Ἐγὼ
1773 1998 1870 2068 ξη-

277 2101 447 2169 ραίνω
490 2099 648 2163 ξύλον
710 2097 943 2168 χλωρὸν,
1004 2096 1098 2149 καὶ
1148 2093 1440 2148 ἀναθάλλω
1468 2092 1628 2157 ξύλον
1680 2091 1870 2162 ξηρόν.

272 2189 571 2259 Θαύμασον
597 2189 655 2241 δὲ
683 2187 781 2258 τὴν
813 2187 967 2241 θείαν
993 2185 1435 2255 φιλανθρωπίαν,
1464 2183 1584 2244 πῶς
1619 2183 1715 2235 καὶ
1741 2184 1875 2253 ἡμῖν

271 2285 388 2346 τοῖς
419 2283 508 2335 διὰ
565 2285 805 2344 πίστεως
851 2279 1236 2350 ὁμοιουμένοις
1295 2277 1466 2348 αὐτῷ,
1499 2277 1732 2347 δύναμιν
1777 2276 1872 2330 τοῦ

273 2376 719 2445 θαυματουργεῖν
745 2373 983 2437 δίδωσιν,
1005 2373 1072 2442 ἦν
1091 2371 1254 2434 αὐτὸς
1286 2370 1531 2439 φυσικῶς
1563 2371 1700 2440 ἔχει,
1731 2369 1874 2423 ὥστε

274 2468 371 2521 καὶ
404 2467 504 2538 ὅρη
543 2465 894 2536 μεθιστάνειν
926 2462 1211 2520 δύνασθαι.
1239 2463 1406 2532 ὐρος
1428 2462 1483 2514 δὲ
1517 2466 1611 2515 καὶ
1638 2463 1672 2534 ὴ
1705 2462 1874 2532 ὑπερ-

272 2563 482 2629 ήφανος
553 2550 784 2629 γνώμη,
842 2557 1025 2629 ὑψηλή
1093 2575 1178 2621 τις
1273 2555 1409 2610 οῦσα
1473 2557 1569 2609 καὶ
1634 2556 1871 2628 σκληρά.

274 2652 471 2715 Ὅστις
509 2647 602 2704 οὖν
633 2652 737 2722 ὁρᾷ
760 2651 821 2704 τὸ
848 2650 944 2720 τῆς
981 2650 1370 2720 ὑπερηφανίας
1406 2649 1581 2712 πάθος
1612 2648 1870 2718 ἐνοχλοῦν

271 2744 446 2814 αὐτῷ,
477 2745 570 2797 καὶ
603 2743 908 2807 σπουδάζον
956 2744 1118 2797 αὑτὸν
1155 2743 1410 2797 ἐκϐαλεῖν
1453 2742 1555 2811 τῆς
1606 2740 1698 2794 τοῦ
1734 2740 1873 2793 Θεοῦ

271 2839 586 2908 ἐπισκοπῆς
639 2840 735 2890 καὶ
801 2839 1063 2908 προνοίας
1116 2838 1495 2909 (ὑπερήφανος
1556 2837 1667 2906 γάρ
1724 2838 1874 2889 ἐστιν

271 2934 484 2993 ἐκεῖνος
525 2934 550 2983 6
583 2932 760 2998 λέγων
789 2932 873 2985 ὅτι
928 2931 1108 2984 πάντα
1145 2932 1310 2994 αὑτὸς
1347 2931 1630 3001 κατορθοῖ,
1681 2926 1777 2984 καὶ
1812 2937 1874 2985 οὑ

271 3022 364 3075 δια
399 3022 584 3094 Θεοῦ),
625 3025 653 3075 6
683 3022 926 3084 τοιοῦτος
961 3022 1056 3075 οῦν
1086 3023 1292 3091 ὀφείλει
1329 3025 1594 3094 ἐπιτιμᾷν
1640 3023 1718 3093 τῷ
1757 3022 1875 3092 δρει

274 3116 476 3186 τούτῳ,
538 3119 605 3188 τῇ
665 3117 1021 3189 ὑπερηφανίᾳ
1083 3116 1248 3185 λέγω,
1305 3118 1398 3169 καὶ
1461 3117 1642 3185 λέγειν
1691 3117 1874 3185 αὑτῇο

281 3211 544 3281 Ἄρθητι,
582 3211 679 3263 καί
719 3210 948 3282 βλήθητι
992 3212 1073 3274 είς
1100 3210 1198 3283 τὴν
1230 3210 1531 3275 θάλασσαν,
1569 3212 1871 3270 τουτέστιν.

272 3305 358 3366 είς
389 3307 689 3374 κοσμικοῦς
721 3303 1069 3375 ἀνθρώπους,
1107 3304 1235 3368 τοὺς
1271 3305 1328 3356 ἐν
1380 3306 1446 3375 τῇ
1483 3303 1730 3374 θαλάσσῃ
1777 3301 1873 3354 τοῦ

275 3398 396 3468 βῖου
424 3399 617 3450 τούτου
669 3399 832 3462 ὄντας
889 3399 982 3451 καὶ
1017 3397 1303 3460 ἀπίστους.
1369 3390 1540 3460 Οὗτος
1585 3396 1642 3448 δε
1702 3396 1764 3448 οὑ
1799 3395 1874 3466 μὴ

273 3492 552 3563 διακριθῇ,
580 3492 851 3558 τουτέστι,
872 3491 1212 3563 διαχωρισθῇ
1241 3491 1353 3544 ἀπὸ
1379 3492 1472 3544 τοῦ
1494 3490 1654 3544 Θεοῦ.
1688 3491 1745 3542 Ὀ
1765 3490 1874 3561 γὰρ

271 3587 627 3655 ὑπερήφανος
653 3584 948 3655 χωρίζεται
972 3584 1079 3638 ἀπὸ
1095 3584 1232 3637 Θεοῦ
1253 3585 1428 3652 λέγων
1461 3585 1544 3637 ὃτι
1564 3584 1734 3637 Πὺδέν
1765 3583 1875 3652 ἔχω

272 3674 385 3728 ἀπὸ
424 3674 583 3733 Θεοῦ,
641 3674 763 3728 οὐδὲ
813 3674 1002 3746 χρῄζω
1035 3677 1133 3746 τῆς
1171 3675 1494 3746 συμμαχίας
1527 3674 1694 3728 αὑτοῦ
1731 3674 1871 3746 (78).

355 3789 372 3819 ι
413 3769 508 3820 Διὰ
535 3768 693 3821 τοῦτο
731 3769 876 3837 λέγω
915 3771 1064 3839 ὑμῖν,
1099 3769 1285 3824 Πάντα
1319 3771 1419 3823 ὅσα
1454 3769 1522 3823 ἂν
1570 3772 1875 3841 προσευχὸ-

277 3853 432 3931 μενοι
465 3860 729 3923 αἰτεῖσθε,
755 3861 1040 3914 πιστεύετε
1091 3863 1172 3914 ὅτι
1214 3861 1548 3930 λαμὸἀνετε,
1591 3863 1686 3915 καὶ
1719 3861 1874 3916 ἔσται

274 3955 428 4025 ὑμῖν.
478 3956 589 4008 Καὶ
636 3957 765 4008 ὅταν
817 3956 1060 4026 στήκητε
1128 3955 1598 4028 προσευχόμενοι,
1680 3956 1873 4023 ἀφίετε

272 4049 324 4098 εἰ
369 4066 419 4100 τι
450 4048 603 4117 ἔχετε
633 4047 778 4101 κατά
806 4065 996 4111 τινος,
1042 4049 1126 4101 ἵνα
1161 4048 1257 4100 καὶ
1282 4050 1310 4101 ὁ
1345 4048 1538 4118 Πατὴρ
1572 4047 1727 4117 ὑμῶν
1758 4050 1786 4101 ὁ
1815 4050 1873 4101 ἐν

272 4145 387 4201 τοῖς
421 4141 674 4211 οὐρανοῖς
719 4143 830 4210 ἀφῇ
858 4142 986 4210 ὑμῖν
1013 4143 1083 4195 τὰ
1134 4140 1568 4211 παραπτώματα
1598 4140 1780 4211 ὑμῶν.
1809 4141 1872 4194 El

270 4233 329 4286 δέ
367 4234 521 4302 ὑμεῖς
550 4234 651 4287 οὑκ
684 4235 894 4302 ἀφίετε,
938 4233 1056 4286 οὑδέ
1111 4236 1139 4287 ὁ
1196 4234 1387 4305 Πατὴρ
1418 4232 1574 4301 ὑμῶν
1599 4235 1628 4288 6
1670 4233 1729 4286 ἐν
1760 4235 1872 4297 τοῖς

271 4325 524 4395 οὐρανοῖς
557 4328 756 4394 ἀφήσει
790 4330 858 4380 τι
921 4326 1361 4398 παραπτώματα
1392 4326 1570 4395 ὑμῶν.
1613 4346 1631 4378 ι
1679 4327 1741 4380 Ὀ
1788 4329 1873 4380 ὲν-

270 4419 540 4482 διαθὲτως
575 4422 847 4473 πιστεύων
889 4422 1112 4484 παντως
1171 4423 1252 4484 εἰς
1312 4422 1449 4474 Θεὸν
1500 4423 1746 4475 ἀνέτεινε
1773 4421 1873 4492 τὴν

272 4515 504 4585 καρδίαν
545 4515 740 4582 αὑτοῦ,
795 4516 887 4566 καὶ
935 4515 999 4566 ἶν’
1034 4514 1173 4567 εἴπω
1198 4516 1264 4568 τὸ
1325 4515 1418 4569 τοῦ
1462 4515 1651 4579 Δαὸὶδ,
1685 4515 1869 4585 ἐξέχεε

269 4606 370 4675 τὴν
400 4605 579 4676 ψυχὴν
611 4607 780 4660 αὑτοῦ
811 4608 1042 4660 ἐνώπιον
1067 4607 1162 4659 τοῦ
1197 4607 1359 4661 Θεοῦ.
1410 4607 1471 4660 ’0
1498 4608 1554 4661 δὲ
1579 4607 1869 4667 ἀνατείνας
1907 4607 1951 4663 0

270 4706 372 4776 τὴν
406 4707 636 4777 καρδίαν
680 4705 843 4759 αἰτοῦ
901 4707 1037 4776 πρὸς
1070 4706 1221 4772 Θεὸν,
1274 4707 1485 4776 ἥνωται
1527 4707 1722 4776 ἐκείνῳ
1774 4707 1869 4760 καὶ

273 4804 708 4875 π).ηρο;ξορείται
757 4807 789 4876 ἡ
843 4806 1042 4874 καρδία
1099 4805 1267 4859 αὑτοῦ
1339 4806 1866 4875 διαθερμαινομένη,

273 4899 356 4950 ὃτι
389 4898 634 4968 ἐπιτύχοι
670 4899 771 4967 τῆς
806 4900 1100 4970 αἰτήσεως.
1141 4900 1332 4962 Ὅστις
1363 4899 1457 4953 οῦν
1493 4900 1663 4952 ἔπαυε
1685 4898 1865 4962 τοῦτο,

346 5040 414 5073 ’³⁸
443 5040 638 5094 Ezech.
673 5056 806 5103 xm,
839 5038 892 5102 5,
925 5054 1082 5109 seqq.

1240 5131 1330 5196 Ex
1367 5129 1714 5191 collatione
1766 5129 1957 5191 codd.

323 5261 436 5329 (78)
463 5260 706 5335 Cttti:
728 5260 860 5335 0666
879 5261 1064 5335 χρῄζω
1079 5261 1176 5335 τῆς
1191 5278 1256 5335 συ
1267 5255 1876 5335 μμαχίας-αὐτοῦρλλὰ

276 5327 528 5386 καὶκατὰ
547 5327 887 5400 ὑψηλοτέραν
900 5327 1158 5399 ἐκδοχὴν,
1171 5327 1273 5399 τὴν
1289 5332 1393 5397 ᾰμε
1405 5346 1494 5380 σον
1512 5328 1694 5400 λαϐὼν
1709 5330 1736 5380 6
1751 5327 1876 5388 νοῦς

277 5407 415 5475 πρὸς
451 5399 829 5466 θεὺνὲνωσιν,
855 5403 956 5471 τὴν
990 5404 1084 5454 τοῦ
1115 5405 1254 5453 νοεῖν
1285 5401 1426 5475 κατα
1448 5400 1609 5475 φύσιν
1639 5399 1876 5475 δύναμιν

276 5469 393 5545 ἔχει
423 5473 794 5545 σχολάζουσαν
828 5469 1148 5545 παντελῶς·
1186 5474 1348 5545 ἡνίκα
1381 5471 1436 5522 δὲ
1466 5469 1670 5545 ταύτην
1697 5469 1873 5545 λύσει,

277 5540 488 5613 νῖἡσαξ
508 5561 559 5596 τι
588 5544 710 5596 τῶν
743 5547 881 5612 μετά
910 5545 1045 5595 Θεὸν
1069 5583 1081 5606 ,
1108 5540 1354 5611 διεκρίθη
1387 5540 1566 5613 τεκὼν
1601 5540 1698 5608 τὴν
1733 5540 1875 5613 ὑπὲρ

276 5610 465 5685 νόησιν
488 5616 704 5679 ἕνωσιν,
737 5610 860 5669 καθ’
882 5616 948 5684 ἦν
978 5614 1083 5676 ἕως
1118 5610 1242 5666 ἐστι
1265 5613 1344 5682 τῷ
1369 5611 1489 5680 Θεῷ
1523 5610 1874 5685 συνημμένος

273 5683 525 5756 ιἰςὺπὲρ
569 5687 753 5754 φύσιν,
795 5687 884 5740 καὶ
907 5683 993 5754 ⁷τῇ
1051 5685 1269 5756 μεθέξει
1298 5685 1428 5744 Θεὸς
1460 5683 1829 5756 γεγενημένος
1856 5718 1870 5741 ,

277 5754 537 5826 καθάπερ
557 5760 679 5825 ὅρος
709 5759 964 5823 ἀκίνητον
997 5754 1193 5809 ἐαυαιοῦ
1228 5758 1318 5808 τὸν
1341 5757 1436 5824 τῆς
1459 5754 1675 5826 φύσεως
1704 5769 1872 5826 μετα-

275 5831 493 5898 ςίῢησιν
509 5822 518 5826 ⁷
535 5822 717 5897 νόμον.
773 5822 881 5881 Καὶ
1030 5822 1402 5898 τοῦτολλέγω-
1425 5825 1564 5898 ὑμῖν
1584 5863 1598 5885 ν
1642 5841 1696 5877 κο
1728 5839 1778 5898 τέ
1817 5822 1867 5898 λ’

281 5924 300 5954 ι
350 5894 532 5971 Neque
559 5894 774 5968 itidtgeo
801 5899 920 5968 ejus
949 5901 1169 5964 auxilio,
1209 5897 1403 5952 Verum
1433 5910 1483 5950 et
1510 5895 1661 5965 juxta
1698 5894 1868 5948 subli-

573 6002 842 6063 [δι-ιίιοι..
878 5999 996 6061 tia.
1036 5995 1322 6060 CXXIII.

1901 3252 1948 3315 (Ξ

1982 2006 2405 2076 liam,Domiuus
2423 2007 2492 2039 ⁹⁸⁹
2528 2026 2539 2061 :
2575 2005 2685 2075 Ego
2719 2008 2934 2061 aridum
2976 2006 3120 2062 facio
3149 2008 3355 2080 lignum
3393 2009 3588 2067 viride,

1978 2111 2032 2156 et
2071 2100 2384 2168 germinare
2421 2100 2566 2155 facio
2600 2101 2809 2171 lignum
2864 2102 3100 2155 aridum.
3148 2101 3320 2156 Porro
3371 2103 3592 2155 mit-eris

1981 2195 2220 2246 divinam
2257 2194 2720 2256 misericordiam,
2757 2193 3035 2262 quomodo
3067 2196 3234 2249 etiam
3283 2194 3467 2258 nobis,
3497 2197 3586 2264 qui

1979 2303 2076 2356 per
2129 2289 2288 2341 lidem
2347 2288 2420 2342 illi
2453 2289 2846 2353 assimilamur,
2905 2290 3164 2342 virtutem
3213 2289 3303 2341 dat
3353 2288 3588 2342 faciendi

1983 2381 2266 2445 miracula,
2305 2397 2467 2451 quam
2510 2381 2628 2449 ipse
2686 2391 2885 2435 natura
2939 2381 3124 2442 habet,
3167 2382 3239 2434 ita
3279 2393 3333 2433 ttt
3376 2395 3592 2434 montes

1981 2474 2282 2528 transferre
2318 2475 2614 2543 pOssitnus.
2643 2473 2798 2527 Mons
2831 2485 3014 2529 autem
3042 2485 3123 2528 est
3155 2475 3321 2527 etiam
3357 2478 3591 2545 superha

1983 2582 2158 2630 tuens,
2193 2580 2316 2620 cum
2347 2581 2614 2634 arrOgans
2638 2576 2722 2620 est
2749 2576 2801 2619 et
2827 2565 3133 2622 obstinata.
3161 2565 3296 2620 Nam
3325 2567 3417 2637 qui
3446 2567 3593 2620 videt

1983 2659 2254 2726 superbia:
2284 2661 2539 2713 morbum
2609 2661 2711 2714 sibi
2773 2662 3139 2714 obsistentcm
3203 2673 3257 2715 et
3301 2672 3592 2714 conantem

1980 2750 2181 2818 ejicere
2207 2749 2383 2819 ipsum
2414 2765 2441 2804 a
2469 2751 2850 2804 visitationeel
2876 2750 3218 2817 providentia
3244 2748 3336 2804 Dei
3381 2749 3597 2820 (supcr-

1983 2845 2088 2898 bus
2125 2845 2275 2897 enim
2313 2844 2400 2897 ille
2436 2852 2520 2898 est
2554 2843 2646 2912 qtti
2677 2843 2810 2897 dicit
2852 2843 2998 2913 quod
3040 2843 3226 2896 omnia
3263 2843 3433 2912 possit
3478 2843 3596 2910 ipse

1981 2938 2100 2991 sine
2124 2936 2231 2992 Deo
2253 2936 2564 3006 perficere),
2594 2935 2716 2990 talis
2750 2936 2912 3005 igitur
2935 2937 3093 2991 debet
3117 2938 3404 3004 increpare
3436 2936 3586 2990 illum

1985 3041 2247 3094 montem,
2274 3032 2590 3099 superbiam
2627 3031 2771 3095 dico,
2805 3039 2859 3084 et
2893 3030 3076 3084 dicere
3104 3030 3151 3083 ei
3191 3044 3206 3083 :
3251 3028 3504 3094 Tollaris,
3539 3041 3595 3084 et

1982 3124 2220 3177 mittaris
2253 3123 2304 3176 in
2354 3138 2528 3184 mare,
2562 3123 2664 3177 hoc
2707 3133 2810 3190 ea,
2868 3122 2918 3175 in
2958 3122 3272 3176 mundanos
3320 3124 3592 3185 homines,

1984 3215 2090 3270 hoc
2123 3228 2227 3280 εει,
2266 3232 2362 3271 eos
2395 3217 2487 3285 qui
2529 3216 2582 3269 in
2616 3216 2751 3268 mari
2787 3215 2950 3285 hujus
2993 3216 3116 3268 vita:
3142 3224 3270 3268 sunt
3321 3230 3384 3267 ac
3415 3215 3598 3269 incre-

1988 3307 2101 3361 duli
2149 3326 2161 3362 :
2216 3308 2332 3375 ipse
2363 3318 2547 3360 autem
2586 3321 2866 3376 Illlltqualll
2897 3305 3128 3361 luesilet.
3176 3304 3279 3357 hoc
3307 3313 3412 3368 esl,
3448 3319 3597 3372 St-pa-

1986 3411 2136 3454 retur
2177 3415 2206 3455 a
2257 3400 2388 3455 Deo.
2433 3399 2716 3468 Superbus
2781 3400 2925 3452 enim
2957 3407 3303 3467 separalttra
3349 3397 3477 3459 Deo,
3512 3398 3595 3450 tli-

1984 3508 2115 3546 ceus
2169 3508 2182 3543 :
2237 3490 2384 3546 Nihil
2452 3508 2479 3544 a
2525 3492 2636 3546 Deo
2699 3492 2910 3555 habeo,
2969 3504 3144 3558 neque
3201 3489 3420 3560 indigeo
3476 3487 3596 3558 ejus

1985 3587 2214 3640 auxilio.

2056 3768 2220 3823 Vens.
2273 3767 2364 3832 ili,
2409 3767 2501 3822 25,
2559 3786 2574 3819 ι
2633 3765 2930 3836 Propterea
2981 3766 3104 3819 dico
3157 3765 3315 3820 vobis
3354 3766 3594 3820 :Omnia

1982 3861 2323 3936 qutect'tnqtte
2351 3872 2574 3916 orantes
2606 3860 2818 3932 petitis,
2854 3861 3067 3915 credite
3092 3860 3241 3929 quod
3283 3861 3593 3926 accipietis,

1980 3968 2034 4012 et
2066 3965 2231 4011 erunt
2254 3955 2428 4010 vobis.
2453 3954 2656 4008 Etcum
2684 3954 2952 4009 steterilis
2977 3963 3226 4014 orantes,
3256 3954 3524 4007 retuittite
3545 3955 3590 4006 si

1981 4052 2131 4121 quid.
2154 4049 2373 4105 habetis
2407 4047 2686 4102 adversus
2736 4047 2996 4117 aliquem,
3040 4057 3097 4099 ιιι
3134 4058 3187 4101 et
3222 4047 3382 4100 l’atet'
3413 4058 3594 4100 vester

1978 4145 2069 4213 qui
2100 4145 2154 4198 in
2198 4141 2355 4196 etelis
2380 4150 2491 4206 est,
2521 4140 2767 4195 remittat
2789 4140 2946 4194 vobis
2979 4140 3179 4194 delicta
3203 4150 3404 4204 vestra.
3436 4139 3590 4205 Quod

1979 4239 2022 4293 si
2057 4252 2149 4292 vos
2181 4253 2287 4290 non
2321 4235 2670 4301 dimiseritis,
2717 4249 2899 4304 neque
2942 4232 3110 4288 Pater
3167 4242 3352 4287 vester
3396 4235 3486 4304 qui
3539 4234 3591 4286 iu

1979 4337 2136 4390 caelis
2163 4342 2269 4398 est,
2293 4333 2531 4388 dimittet
2568 4331 2723 4385 vobis
2757 4338 2980 4399 peccata
3027 4338 3232 4384 vestra.
3274 4348 3291 4379 ι
3333 4328 3433 4396 Qui
3473 4346 3596 4382 ma—

1977 4446 2081 4502 gna
2120 4428 2409 4483 affectione
2432 4426 2628 4484 credit.
2654 4440 2750 4478 (δοι-
2793 4439 2953 4478 suum
2991 4425 3220 4476 omnino
3244 4425 3489 4477 extendit
3523 4427 3590 4478 ad

1979 4523 2151 4578 Deum
2173 4563 2187 4587 ,
2218 4526 2392 4593 el,,'ul
2430 4520 2602 4589 ipsius
2629 4517 2798 4570 David
2827 4516 3008 4570 verbis
3033 4527 3177 4576 utar.
3214 4516 3439 4570 effundit
3474 4519 3594 4571 atti-

1984 4632 2129 4670 mam
2167 4630 2322 4670 suam
2364 4627 2550 4668 coram
2596 4609 2729 4670 Deo.
2779 4607 2882 4675 Qui
2944 4619 3130 4661 autem
3190 4609 3440 4664 extendit
3496 4627 3594 4664 cor

1982 4726 2140 4765 Suum
2177 4709 2243 4763 at]
2279 4708 2473 4769 Deum,
2499 4705 2690 4760 ttuitttr
2723 4702 2821 4768 illi,
2866 4710 2921 4754 et
2962 4699 3321 4760 fervefactum
3357 4719 3452 4757 eor
3473 4705 3593 4772 ejus

1983 4815 2232 4871 magnam
2265 4797 2652 4853 certilttdiuem
2703 4796 2870 4848 sumit
2915 4793 3058 4861 quod
3099 4794 3205 4846 voti
3236 4793 3402 4866 234
3435 4811 3590 4850 cmu-

1981 4910 2080 4967 pos
2121 4894 2214 4947 fiat
2241 4910 2257 4947 :
2287 4891 2339 4945 id
2370 4889 2513 4959 quod
2550 4889 2761 4957 experti
2794 4888 2976 4941 sciunt
3001 4902 3215 4941 omnes.
3254 4889 3463 4957 (lpittor
3491 4905 3588 4943 att~

1991 5129 2224 5188 Venet.
2276 5123 2344 5183 S.
2385 5117 2610 5181 Marci.

1981 5256 2208 5319 miorem
2243 5248 2678 5319 expositionem,
2715 5260 2867 5300 mens
2900 5261 3019 5313 quae
3046 5245 3426 5319 immediatatn
3459 5261 3584 5303 cum

1981 5317 2090 5378 Deo
2123 5316 2379 5376 unione—nt
2415 5321 2609 5372 sortita
2639 5329 2745 5387 est,
2781 5319 2944 5372 habet
2973 5317 3277 5387 ttatttralettt
3310 5316 3586 5382 cogitandi

1980 5396 2293 5449 facultatem
2343 5393 2568 5446 omnino
2598 5389 2830 5443 otiosam
2862 5407 2872 5440 :
2905 5405 3028 5442 cum
3064 5403 3191 5440 vero
3217 5386 3354 5439 itane
3383 5389 3587 5447 dissol—

1976 5468 2153 5530 verit,
2189 5463 2470 5533 quidpiam
2516 5476 2705 5514 eorum
2738 5475 2863 5533 qua:
2910 5460 3211 5513 secundum
3254 5459 3418 5512 Deum
3459 5469 3588 5533 sunt

1973 5530 2243 5606 cogitans,
2278 5543 2534 5606 censetur
2567 5531 2845 5600 peperisse
2880 5545 3001 5606 eam
3031 5570 3045 5593 ,
3079 5545 3200 5599 qnte
3233 5544 3396 5596 supra
3434 5530 3584 5595 (“agi-

1977 5603 2238 5661 tationem
2263 5614 2368 5663 est.
2403 5603 2660 5656 unionem
2701 5619 2713 5654 :
2748 5603 3052 5654 secundum
3083 5615 3268 5669 quant,
3298 5613 3585 5667 qn0ttsqtte

1978 5673 2087 5732 Deo
2121 5678 2411 5745 conjuncta
2455 5671 2641 5733 fuerit,
2681 5671 2830 5745 velut
2865 5687 3030 5740 supra
3067 5680 3318 5725 naturam
3342 5687 3451 5745 ,rac
3490 5686 3586 5735 pt‘l‘

1977 5743 2456 5816 participationettt
2511 5743 2923 5816 Dettshell'ccla,
2966 5753 3191 5816 natura;
3221 5758 3331 5794 sum
3376 5744 3585 5816 legem.

1981 5813 2138 5942 ὶιυίιρι
2164 5813 2406 5871 montem
2436 5814 2799 5880 immobilem,
2833 5814 3117 5870 transfert.
3151 5813 3442 5881 Propterea
3466 5814 3585 5866 dice

1984 5906 2043 5942 ιιο
2085 5906 2153 5942 ts.
2193 5905 2211 5940 ι
2244 5899 2352 5942 etc.

1984 5899 2153 5957 τοοκ,
2193 5905 2211 5940 ι
2244 5899 2352 5944 etc.

3191 5979 3266 6040 20
