4272 6438
729 420 830 485 623

1645 409 2222 474 THEOPHYLACTI
2269 407 2679 470 BULGARI/E
2720 405 3073 467 ARCHIE‘P.

3865 402 3981 467 624

728 534 939 587 tradidit
979 531 1258 593 Romanis,
1288 539 1337 583 et
1371 527 1627 598 populum
1658 527 1941 581 collocavit
1980 525 2099 578 a‘iis
2148 523 2286 591 agri-
2324 529 2361 585 λ

2404 522 2546 587 Υίῖς,
2575 522 2835 575 ἀπολέσει
2857 521 2981 581 τοὺς
3008 518 3310 589 γεωργοὺς,
3338 513 3617 587 παραδοὺς
3645 515 3843 579 αὐτοὺς
3866 520 3991 578 τοῖς

723 628 877 690 (κοΙίδ,
914 621 1165 692 apostolis
1202 620 1428 674 scilicet.
1474 618 1565 673 Vis
1611 620 1792 672 videre
1846 616 2119 685 quomodo
2163 629 2289 683 apo-

724 720 846 774 stoli
902 716 1166 772 coluerint
1209 714 1459 768 vineam?
1492 712 1632 783 Lege
1676 710 1883 764 librum
1918 708 2202 769 Actorum,
2240 716 2291 758 et

726 809 964 863 invenies
1004 806 1102 859 tria
1138 802 1306 858 millia
1338 812 1391 857 et
1418 800 1656 870 quinque
1679 798 1845 854 millia
1878 798 2037 853 simul
2065 796 2290 851 credere

725 916 784 953 ac
826 898 1007 953 oll'erri
1051 898 1102 951 in
1135 895 1403 966 primitias
1439 893 1565 948 Deo.

792 1153 956 1208 Vnus.
998 1154 1179 1208 ιιι-η.
1218 1173 1236 1205 ι
1285 1154 1366 1207 An
1410 1168 1475 1206 ne
1508 1153 1645 1206 hanc
1692 1152 1907 1221 quidem
1952 1150 2287 1220 Scripturam

722 1247 957 1314 legistis?
986 1246 1235 1313 Lapidem
1284 1258 1442 1311 quem
1480 1244 1898 1311 reprohnverunt
1931 1240 1965 1293 ii
1998 1242 2087 1311 qui
2116 1238 2287 1292 a‘diﬁ-

722 1346 937 1403 cnhant,
972 1340 1057 1393 hic
1107 1338 1281 1389 factus
1326 1344 1408 1388 est
1451 1336 1499 1386 in
1532 1344 1688 1398 οιιῃυι
1733 1334 1911 1401 anguli
1950 1351 1960 1384 :
1996 1348 2023 1385 a
2067 1332 2293 1386 Domino

724 1438 893 1487 int-tus
923 1443 1002 1487 est
1041 1431 1146 1494 hic,
1180 1440 1231 1483 et
1276 1440 1359 1481 est
1405 1427 1753 1479 admirandus
1782 1427 1833 1479 iu
1864 1425 2032 1479 oculis
2073 1426 2288 1480 nostris.

722 1530 781 1583 Et
825 1527 1137 1597 qumrebanl
1184 1540 1304 1578 eum
1356 1522 1836 1590 comprehendere,
1887 1531 1939 1574 et
1982 1520 2292 1573 metuebant

722 1624 929 1674 turbant
967 1640 979 1676 :
1010 1621 1250 1673 sciehaut
1290 1618 1430 1671 enim
1465 1615 1609 1683 quod
1659 1615 1918 1668 adversus
1961 1612 2103 1679 ipsos
2138 1626 2293 1678 para-

720 1714 894 1768 lsolnm
923 1713 1169 1766 dixisset.
1206 1709 1266 1763 Et
1298 1710 1482 1763 relicto
1514 1710 1601 1761 illo
1626 1707 1892 1759 abici-unt.
1930 1724 1947 1756 ι
1984 1702 2088 1756 Per
2114 1702 2291 1756 omnia

722 1806 820 1857 ista
850 1803 1087 1855 ostendit
1113 1802 1315 1869 eiectos
1337 1798 1572 1862 Iudaeos,
1601 1808 1790 1864 gentes
1822 1806 1996 1849 autem
2023 1802 2288 1861 acceptas.

723 1894 879 1962 Lapis
902 1893 1064 1963 236
1093 1894 1232 1945 enim
1271 1890 1379 1955 ille,
1412 1889 1663 1963 DQllllllllS
1693 1907 1704 1941 :
1736 1887 2065 1941 aediﬁcantes
2092 1894 2293 1945 autem,
2336 1886 2368 1941 ﬂ

721 1989 968 2040 doctores
986 1984 1186 2054 populi.
1204 1983 1369 2049 Quem
1391 1983 1553 2050 igitur
1587 1983 2004 2050 reprobaverunt
2021 1978 2291 2038 doctores,

721 2079 807 2132 ille
854 2080 904 2132 in
944 2089 1106 2147 caput
1154 2076 1330 2146 anguli
1368 2077 1543 2130 factus
1578 2083 1678 2129 est.
1718 2074 1889 2142 Caput
1930 2073 2073 2126 enim
2113 2071 2296 2126 Eccle-

720 2176 811 2226 sia:
836 2172 1010 2227 factus
1038 2180 1137 2226 est.
1167 2171 1407 2241 Angulus
1434 2172 1577 2225 enim
1604 2169 1871 2233 Ecclesia,
1897 2182 2015 2238 qua":
2039 2167 2097 2219 in
2130 2181 2292 2219 unum

720 2265 994 2334 Cttnjungil
1045 2262 1258 2317 Iudaeos
1318 2272 1371 2317 et
1428 2262 1699 2331 gentiles:
1744 2259 2195 2329 quemadmodum
2243 2266 2297 2309 et

723 2359 950 2428 angulus
972 2356 1110 2410 duos
1144 2356 1375 2425 parietes
1405 2355 1545 2407 inter
1570 2368 1626 2408 se
1658 2352 1967 2406 committit.
2002 2351 2171 2420 Igitur
2195 2349 2297 2403 iste

723 2452 974 2523 angulus,
1025 2451 1123 2503 hoc
1174 2459 1257 2502 est
1303 2448 1561 2509 Ecclesia,
1616 2461 1643 2497 a
1700 2445 1926 2497 Domino
2002 2443 2196 2497 factus.
2233 2439 2297 2493 Ει

719 2556 801 2598 est
834 2540 1093 2595 mirabilis
1139 2540 1190 2592 in
1244 2549 1552 2592 nostrorum
1603 2536 1836 2591 tidelimn
1873 2534 2063 2589 oculis.
2100 2536 2178 2588 Ab
2212 2534 2295 2586 in-

724 2622 971 2685 tidelibus
1004 2631 1145 2682 enim
1182 2627 1437 2680 miracula
1485 2626 1809 2679 calumniam
1849 2623 2143 2693 patiuntur.
2196 2621 2295 2674 Mi-

722 2720 907 2774 rabilis
929 2730 1012 2772 cst
1044 2718 1204 2785 igitur
1239 2715 1498 2775 Ecclesia,
1531 2713 1680 2782 quasi
1709 2727 1772 2765 ex
1799 2710 2072 2763 miraculis
2097 2710 2295 2761 consti-

722 2821 859 2874 tuta,
900 2808 1123 2861 Domino
1173 2814 1499 2875 cooperante
1559 2802 1838 2870 apostolis,
1892 2809 1945 2853 et
1994 2810 2296 2853 sermonem

720 2901 1075 2957 cuuiirmante
1104 2913 1198 2968 per
1228 2897 1503 2967 sequentia
1538 2894 1709 2965 signa.

790 3185 956 3242 Vens.
997 3183 1181 3237 13-17.
1225 3202 1241 3232 ι
1288 3181 1352 3235 Et
1393 3182 1614 3235 mittunt
1661 3179 1726 3234 ad
1777 3176 1922 3230 illum
1967 3174 2225 3243 quosdam
2268 3189 2296 3227 e

720 3278 1009 3335 Pharisatis
1029 3284 1081 3331 et
1110 3274 1450 3339 Herodianis,
1478 3284 1533 3325 ut
1560 3287 1682 3326 eum
1717 3277 2002 3337 captarent
2025 3278 2295 3321 sermone.

721 3370 797 3427 Illi
831 3384 958 3425 vero
986 3384 1107 3425 cum
1150 3368 1445 3429 venissent,
1486 3366 1673 3419 dicunt
1707 3364 1756 3419 ei
1794 3381 1805 3416 :
1846 3361 2172 3428 Przeceptor,
2196 3357 2299 3412 sci-

721 3480 843 3519 mus
875 3463 1017 3534 quod
1050 3474 1215 3517 verax
1249 3474 1328 3522 es,
1361 3468 1415 3512 et
1452 3473 1553 3510 non
1591 3470 1748 3510 curas
1781 3467 2107 3523 quemquam
2142 3470 2155 3504 :
2196 3465 2298 3503 non

721 3556 863 3608 enitn
891 3552 1115 3622 respicis
1144 3564 1428 3618 personam
1462 3548 1759 3610 hominum,
1794 3546 1886 3600 sed
1918 3562 2041 3600 cum
2075 3546 2300 3599 veritate

721 3645 863 3699 viam
894 3644 987 3699 Dei
1022 3644 1200 3697 doces.
1232 3640 1382 3694 Licet
1415 3654 1632 3693 censum
1662 3640 1786 3691 dare
1812 3636 2124 3700 Ca’sari,'an
2156 3636 2301 3690 non?

721 3739 936 3798 demus,
961 3748 1027 3787 an
1070 3747 1174 3786 non
1210 3729 1442 3784 demus?
1470 3729 1559 3784 llie
1598 3744 1728 3784 vero
1766 3731 1943 3784 sciens
1983 3730 2193 3782 illorum
2229 3730 2302 3783 si-

721 3826 1094 3886 mulationem,
1137 3822 1274 3874 dixit
1306 3820 1411 3872 illis
1447 3836 1461 3871 :
1494 3821 1633 3885 Quid
1680 3836 1765 3873 me
1806 3818 2064 3873 teutatis?
2101 3817 2301 3873 AiTerte

723 3918 852 3971 mihi
889 3916 1194 3978 denarium,
1242 3924 1298 3966 ιιι
1341 3914 1574 3967 videam.
1610 3914 1685 3967 Illi
1719 3928 1847 3967 vero
1891 3911 2205 3967 attulerunt.
2236 3910 2303 3965 Et

720 4008 850 4060 dicit
880 4008 956 4060 eis
994 4023 1005 4058 :
1045 4004 1211 4071 Cujus
1250 4015 1335 4059 est
1392 4005 1566 4073 imago
1624 4007 1735 4058 haec
1782 4014 1835 4058 et
1870 4004 2189 4074 inscriptio?
2220 4003 2299 4056 llli

720 4111 901 4154 autem
936 4101 1193 4153 dixerunt
1247 4100 1331 4151 ei:
1383 4097 1633 4152 Caesaris.
1672 4097 1734 4151 Et
1758 4079 2087 4164 respondens
2122 4096 2298 4159 Jesus,

722 4198 859 4247 tlix:t
913 4193 1015 4244 illis
1051 4209 1063 4244 :
1105 4189 1334 4245 Reddite
1370 4204 1487 4254 (ιιιαι
1521 4199 1644 4243 sunt
1689 4188 1941 4251 Caesaris,
1969 4187 2170 4242 Caesari
2207 4197 2301 4241 :ct

717 4301 839 4355 quae
864 4298 991 4338 sunt
1034 4283 1148 4348 Dei,
1183 4286 1321 4348 Deo;
1356 4294 1410 4338 et
1448 4282 1697 4335 admirati
1724 4292 1849 4335 sunt
1876 4282 1941 4335 de
1973 4295 2056 4334 eo.
2101 4298 2118 4329 ι
2153 4279 2299 4333 Ι)ίεὶ-

724 4393 842 4432 mus
874 4377 1037 4430 etiam
1076 4376 1207 4429 alias
1233 4376 1297 4429 de
1332 4371 1675 4438 Herodiauis,
1704 4372 1845 4441 quod
1881 4371 2044 4427 fuerit
2081 4371 2301 4425 haeresis

720 4469 961 4538 quasdam
1011 4479 1137 4521 tunc
1171 4481 1341 4537 nuper
1380 4477 1499 4521 orta
1538 4465 1851 4527 dicentium,
1886 4465 2150 4519 llerodetn
2178 4478 2299 4518 esse

2414 614 2726 685 Ῥωμαίοις.
2759 615 2869 667 Καὶ
2898 615 2987 665 τὸν
3012 613 3141 664 λαὸν
3165 611 3447 665 ἐκδόσεται
3473 611 3656 672 ἀλλοις
3682 610 3985 678 γεωργοῖς,

2399 708 2647 760 τουτέστι
2706 708 2817 767 τοῖς
2863 704 3207 766 ἀποστόλοις.
3269 702 3455 766 Θέλεις
3513 702 3623 773 γὰρ
3676 701 3805 755 [δεῖν
3856 700 3985 760 πῶς

2402 782 2757 869 ἐγεώργησαν
2790 797 2840 849 οῖ
2863 796 3153 850 ἀπόστολοι
3175 795 3268 848 τιν
3290 793 3631 863 ἀμπελῶνα;
3673 788 3987 858 Ἀνάγνωθι

2397 890 2497 957 τὴν
2527 890 2635 941 τῶν
2662 888 2923 957 Πράξεων
2966 885 3169 956 βίϐλον,
3216 886 3311 938 καὶ
3338 885 3595 953 εὑρήσεις
3646 881 3987 952 τρισχιλίους

2399 982 2491 1033 καὶ
2520 979 2995 1049 πεντακισχιλίους
3024 977 3221 1045 ἀθρόον
3250 977 3610 1038 πιστεύοντας
3639 975 3733 1027 καὶ
3760 989 3981 1042 καρπο-

2401 1074 2767 1145 φορουμένους
2792 1073 2871 1137 τῷ
2906 1070 3051 1138 Θεῷ.

2480 1184 2495 1214 ι
2549 1164 2681 1217 Οὐδὲ
2730 1163 2829 1233 τὴν
2877 1162 3098 1232 Γραφὴν
3148 1159 3353 1224 ταύτην
3391 1154 3699 1223 ἀνέγνωτε;
3739 1153 3901 1207 Λίθον
3922 1152 3989 1205 δν

2400 1253 2813 1324 ἀπεδοκίμασαν
2862 1253 2911 1304 οῖ
2964 1249 3393 1321 οίκοδομοῦντες,
3430 1240 3586 1309 οὗτος
3630 1243 3867 1313 ἐγενήθη
3906 1243 3991 1305 είς

2401 1346 2643 1415 κεφαλὴν
2700 1343 2939 1413 γωνίας·
2978 1343 3129 1414 παρά
3182 1341 3388 1411 Κυρίου
3429 1338 3648 1406 ἐγένετο
3696 1336 3838 1403 αῦτη
3890 1336 3991 1386 καὶ

2401 1441 2515 1492 ἔστι
2548 1436 2837 1507 θαυμαστὴ
2868 1438 2925 1487 ὲν
2953 1434 3252 1503 ὀφθαλμοῖς
3278 1430 3454 1502 ἡμῶν.
3490 1429 3600 1482 Kal
3630 1424 3857 1497 ἐζήτουν
3884 1426 3991 1477 αῦ-

2400 1531 2488 1584 τδν
2522 1529 2812 1599 κρατῆσαι,
2844 1532 2936 1579 καὶ
2973 1524 3320 1595 ἐφοϐήθησαν
3358 1521 3449 1575 τὸν
3486 1519 3661 1589 ὄχλον.
3699 1518 3992 1585 Ἐγνωσαν

2400 1622 2507 1693 γάρ
2535 1622 2618 1675 ὅτι
2643 1620 2776 1691 πρὸς
2806 1620 3003 1680 αὐτοὺς
3030 1618 3129 1682 τὴν
3161 1612 3484 1685 παραϐολὴν
3507 1607 3649 1663 εἷπε.
3676 1611 3788 1663 Καὶ
3816 1609 3991 1676 ἀφέν-

2400 1731 2490 1776 τες
2527 1712 2711 1774 αὑτδν,
2749 1710 3016 1779 ἀπῆλθον.
3058 1728 3073 1757 ι
3112 1707 3211 1759 Διά
3243 1706 3463 1760 πάντων
3502 1702 3707 1756 τούτων
3747 1699 3994 1754 δείκνυσι

2400 1806 2525 1867 τοὺς
2596 1805 2692 1873 μὲν
2770 1802 3057 1862 Ἰουδαίους
3114 1796 3556 1867 ἀποϐληθέντας,
3615 1795 3684 1847 τὰ
3737 1792 3795 1845 δὲ
3857 1790 3992 1859 ἔθνη

2402 1894 2822 1967 προσδεχθέντα.
2855 1891 3015 1955 meo;
3051 1890 3151 1961 μὲν
3177 1890 3286 1960 γὰρ
3325 1888 3486 1951 αὐτὸς
3519 1889 3548 1941 ὁ
3575 1886 3804 1955 Κύριος,
3834 1884 3991 1936 οίκο-

2403 1986 2693 2057 δομοῦντες
2720 1986 2797 2050 δὲ,
2832 1986 2879 2038 οἱ
2915 1984 3228 2040 διδάσκαλοι
3261 1980 3356 2035 τοῦ
3400 1981 3552 2035 λαοῦ.
3615 1980 3714 2033 ’ον
3761 1973 3855 2031 οὖν
3886 1979 3998 2031 ἀπ·

2402 2080 2732 2149 εδοκίμασαν
2763 2080 2813 2131 οί
2852 2078 3184 2142 διδάσκαλοι,
3213 2068 3369 2137 οὗτος
3400 2075 3480 2137 είς
3516 2072 3762 2143 κεφαλὴν
3787 2070 3999 2139 γωνίας

2403 2174 2637 2241 ἰγένετο,
2684 2171 2896 2241 κεφαλὴ
2944 2170 3045 2241 τῆς
3089 2168 3417 2238 Ἐκκλησίας
3464 2166 3778 2237 γενόμενος.
3813 2164 3999 2218 Γωνία

2405 2266 2512 2335 γὰρ
2557 2268 2590 2335 ἠ
2647 2262 2965 2332 Ἐκκλησία,
3008 2264 3083 2325 ὡς
3140 2261 3489 2315 συνάπτουσα
3530 2258 3625 2313 καὶ
3673 2255 4001 2312 ἑνοποιοῦσα

2406 2357 2611 2419 πάντας
2651 2356 2939 2418 Ἰουδαίους
2966 2357 3060 2407 καὶ
3093 2354 3385 2423 Ἕλληνας,
3412 2352 3604 2422 ὥσπερ
3628 2353 3722 2406 καὶ
3748 2354 3783 2421 ἡ
3820 2350 4001 2420 γωνία

2404 2446 2496 2499 δύο
2518 2448 2731 2516 τοίχους
2754 2446 3003 2517 ἀλλήλοις
3054 2446 3337 2506 συνάπτει,
3372 2442 3735 2513 μεσιτεύουσα
3760 2442 4001 2511 ἀμφοῖν.

2404 2535 2554 2606 Αὕτη
2586 2537 2643 2590 δὲ
2684 2539 2714 2605 ἠ
2762 2537 2953 2605 γωνία,
2983 2537 3103 2607 ἤτοι
3152 2538 3183 2603 ἠ
3242 2532 3567 2603 Ἐκκλησία,
3603 2530 3755 2601 παρὰ
3785 2529 4003 2601 Κυρίου

2408 2630 2646 2697 ἐγένετο,
2722 2632 2815 2682 καὶ
2866 2629 2978 2680 ἐστι
3036 2625 3323 2697 θαυμαστὴ
3376 2627 3435 2679 ὲν
3486 2624 3787 2693 ὀφθαλμοῖς
3838 2622 4001 2693 ἡμῶν

2405 2726 2514 2775 τῶν
2557 2722 2783 2775 πιστῶν.
2833 2723 2957 2783 Τοῖς
3006 2722 3113 2789 γὰρ
3188 2721 3439 2782 ἀπίστοις
3485 2719 3579 2771 καὶ
3623 2716 3692 2769 τὰ
3728 2716 4000 2785 θαύματα

2407 2813 2800 2868 διαϐάλλονται.
2843 2812 3145 2883 Θαυμαστὴ
3187 2811 3364 2864 τοίνυν
3400 2812 3432 2881 ἡ
3478 2807 3796 2879 Ἐκκλησία,
3826 2806 3905 2870 ὡς
3936 2808 4001 2859 ἐκ

2410 2906 2706 2975 θαυμάτων
2740 2908 3001 2971 συστᾶσα,
3053 2904 3149 2957 τοῦ
3191 2904 3399 2975 Κυρίου
3450 2900 3846 2972 συνεργοῦντος
3885 2901 3999 2961 τοῖς

2408 2998 2727 3061 ἀποστόλοις
2770 3000 2863 3051 καὶ
2911 3000 3001 3050 τὸν
3052 2999 3210 3067 λόγον
3247 2995 3596 3068 βεϐαιοῦντος
3630 2994 3718 3047 διὰ
3752 2993 3865 3047 τῶν
3898 2994 3999 3046 ἰπ-

2410 3089 2851 3142 ακολουθούντων
2877 3090 3140 3157 σημείων.

2488 3196 2505 3228 ι
2549 3180 2659 3231 Καὶ
2698 3178 3091 3230 ἀποστέλλουσι
3135 3178 3271 3246 πρὸς
3304 3175 3468 3231 αὐτόν
3501 3191 3653 3239 τινας
3688 3174 3798 3229 τῶν
3826 3174 4002 3243 Φαρι-

2410 3273 2579 3325 σαίων
2610 3274 2704 3324 καὶ
2750 3272 3124 3339 ’Πρωδιανῶν,
3163 3271 3252 3325 ίνα
3293 3270 3458 3325 αὑτὸν
3486 3269 3803 3340 ἀγρεύσωσι
3829 3268 3998 3338 λόγῳ.

2407 3364 2470 3417 Ol
2498 3364 2551 3415 δὲ
2582 3364 2850 3425 ἐλθόντες,
2881 3362 3133 3430 λέγουσιν
3174 3362 3322 3432 αὐτῷ
3345 3380 3360 3395 ο
3423 3360 3742 3425 Διδάσκαλε,
3774 3358 4002 3429 οἴδαμεν

2405 3454 2486 3507 ὅτι
2521 3453 2726 3523 ἀληθὴς
2760 3451 2828 3517 εί,
2860 3454 2952 3506 καὶ
2983 3455 3043 3505 οὐ
3073 3454 3224 3522 μέλει
3258 3470 3339 3506 σοι
3368 3454 3497 3522 περὶ
3528 3452 3762 3515 οὐδενόςο
3800 3452 3862 3503 οὐ
3892 3450 4002 3519 γὰρ

2409 3545 2629 3616 βλέπεις
2660 3549 2740 3606 είς
2779 3546 3072 3614 πρόσωπον
3103 3545 3432 3616 ἀνθρώπων,
3464 3544 3581 3598 ἀλλ’
3616 3546 3702 3597 ἐπ’
3735 3542 4002 3613 ἀληθείας

2411 3639 2508 3707 τὴν
2531 3638 2652 3689 ὁδὸν
2669 3638 2762 3688 τοῦ
2790 3637 2924 3689 Θεεῦ
2950 3636 3247 3699 διδάσκεις.
3280 3636 3500 3702 Ἔξεστι
3530 3635 3726 3707 κῆνσον
3757 3635 4002 3704 Καίσαρι

2406 3731 2613 3795 δοῦναι,
2645 3729 2676 3798 ἢ
2707 3729 2806 3794 οῦ,
2839 3730 3039 3797 δῶμεν,
3082 3730 3114 3799 ἢ
3148 3729 3223 3799 μὴ
3255 3729 3434 3799 δῶμεν
3461 3746 3474 3794 ;
3514 3730 3573 3782 '0
3603 3729 3681 3792 δὲ,
3712 3728 3873 3792 είδὼς
3904 3730 4007 3781 ab-

2405 3824 2515 3878 τῶν
2542 3824 2641 3895 τὴν
2674 3824 2993 3891 ὑπόκρισιν,
3026 3819 3179 3873 εἶπεν
3225 3823 3408 3885 αὐτοῖς
3429 3839 3443 3853 ·
3480 3822 3545 3875 Τί
3574 3840 3640 3892 με
3668 3822 4002 3891 πειράζετε;

2404 3917 2605 3985 Φέρετέ
2637 3932 2726 3984 μοι
2776 3915 3033 3981 δηνάριον
3092 3915 3180 3966 ἵνα
3231 3913 3354 3966 ῖδω·
3398 3914 3447 3965 cl
3496 3913 3549 3967 δὲ
3598 3915 3857 3983 ἤνεγκαν.
3890 3915 4003 3968 Καὶ

2406 4010 2550 4077 λέγει
2578 4012 2757 4069 αὐτοῖς
2785 4025 2797 4038 '
2837 4007 3051 4077 Τίνοςὴ
3085 4007 3247 4060 εἰκὼν
3289 4008 3454 4078 αῦτη,
3489 4011 3579 4061 καὶ
3618 4010 3649 4078 ἡ
3681 4008 4002 4079 ἐπιγραφῆς

2407 4106 2471 4155 Ui
2500 4103 2556 4154 δὲ
2591 4098 2743 4152 εἷπον
2768 4100 2937 4168 αὐτῷ,
2983 4100 3287 4170 Καίσαρος.
3331 4100 3439 4151 Kal
3476 4100 3847 4169 ἀποκριθεὶςὸ
3896 4100 4005 4171 Ἰη-

2409 4193 2532 4255 σοῦς
2567 4190 2718 4244 εἶπεν
2772 4194 2984 4252 αὐτοῖς’
3034 4192 3281 4245 Ἀπόδοτε
3315 4192 3382 4244 τὰ
3426 4192 3702 4263 Καίσαρος
3735 4192 4004 4263 Καίσαρι,

2407 4287 2503 4339 καὶ
2566 4288 2631 4338 τά
2688 4284 2782 4338 τοῦ
2837 4284 2972 4336 Θεοῦ
3035 4284 3110 4354 τῷ
3164 4284 3284 4354 Θεῷ
3324 4302 3336 4314 ·
3380 4287 3473 4338 καὶ
3532 4286 3854 4354 ἐθαύμασαν
3913 4286 4005 4339 ἐπ’

2408 4378 2573 4447 αὐτῷ.
2620 4398 2637 4428 ι
2688 4378 2924 4445 Εἴπομεν
2955 4378 3049 4428 καὶ
3082 4377 3271 4430 ἄλλοτε
3304 4380 3435 4447 περὶ
3474 4377 3584 4429 τῶν
3627 4377 4000 4448 Ἡρωδιανῶν,

2407 4473 2488 4523 ὅτι
2519 4470 2732 4539 αἵρεσίς
2781 4488 2860 4532 τις
2891 4466 2958 4540 ἦν
3004 4470 3270 4538 νεοφανὴς
3308 4470 3415 4522 τῶν
3446 4468 3717 4536 λεγόντων
3760 4470 4006 4537 Χριστὸν

718 4561 1017 4622 Christum,
1057 4574 1121 4613 eo
1172 4558 1312 4627 quod
1346 4557 1398 4609 in
1452 4556 1787 4625 temporibus
1826 4555 1971 4610 illius
2009 4554 2297 4609 deiecisset
2332 4584 2368 4639 Β

2410 4562 2549 4618 εἶναι
2585 4566 2675 4618 τὸν
2717 4564 2964 4633 Ἡρώδην
2991 4563 3080 4616 διά
3107 4565 3166 4616 τὸ
3189 4566 3244 4615 ἐν
3269 4565 3380 4627 τοῖς
3410 4563 3623 4633 χρόνοις
3655 4560 3823 4616 αὐτοῦ
3847 4562 4003 4615 ἐκλι-

718 4650 996 4703 ειιυοιιδεὶυ
1024 4662 1210 4716 regum
1237 4645 1609 4700 Judaicorum.
1641 4648 1747 4699 Alii
1773 4659 1952 4700 autem
1982 4646 2157 4699 dicunt
2186 4646 2295 4701 lle-

722 4745 972 4795 toultzttttts
1001 4743 1099 4793 huc
1133 4744 1249 4795 loco
1289 4741 1461 4793 dictos
1496 4753 1616 4795 esse
1648 4739 1846 4794 milites
1877 4737 2129 4802 Herodis,
2164 4753 2299 4805 quos

720 4833 974 4887 Phanisazi
1038 4834 1087 4885 in
1137 4842 1303 4887 testes
1350 4845 1537 4887 eorum
1591 4846 1712 4901 qua
1756 4830 2009 4885 Christus
2057 4832 2300 4885 dietnrus

719 4938 854 4989 mnu,
890 4937 1192 4989 aSsumunt,
1226 4937 1280 4980 ut
1305 4933 1703 4995 consequenter
1742 4924 2209 4991 comprehendant
2241 4924 2302 4976 il-

721 5022 826 5070 lum
883 5028 935 5071 et
986 5022 1273 5072 abducant.
1334 5018 1465 5073 Vide
1518 5031 1695 5073 autem
1752 5018 2008 5071 malitiam
2062 5017 2298 5081 itlurutn,

720 5128 884 5180 quom
926 5114 994 5165 do
1048 5112 1360 5166 adulatione
1415 5122 1623 5166 tentent
1682 5112 1931 5179 decipere
1988 5111 2299 5164 Dominum.

723 5211 773 5258 δι
799 5221 957 5271 unus,
987 5206 1193 5267 dicunt,
1230 5206 1499 5275 quodnon
1538 5204 1760 5274 respicis
1795 5219 2082 5274 personam
2128 5204 2303 5257 homi—

722 5317 871 5363 num,
906 5313 958 5351 et
989 5302 1057 5354 ita
1092 5314 1267 5368 neque
1293 5298 1561 5353 Cazsarem
1599 5300 1886 5353 revereris.
1918 5298 2113 5353 Totum
2153 5300 2302 5354 enim

720 5395 824 5445 hoc
866 5392 1150 5446 artiﬁcium
1192 5401 1310 5447 erat
1343 5392 1598 5461 utrinque
1628 5392 1833 5447 habens
1870 5393 2208 5463 praecipitia:
2248 5405 2301 5446 ut

717 5485 762 5538 si
788 5484 999 5551 quidem
1028 5485 1228 5538 diceret
1254 5486 1395 5556 quod
1422 5485 1581 5540 liceat
1613 5485 1741 5539 dare
1775 5486 1973 5541 Caesari
2016 5489 2275 5541 tributum

718 5590 1013 5645 arguerent
1043 5594 1164 5632 eum
1196 5580 1337 5648 apud
1371 5581 1647 5650 p0pulum,
1684 5591 1937 5649 tanquam
1983 5586 2072 5650 qui
2117 5598 2212 5635 eos
2248 5582 2298 5633 in

718 5670 1037 5724 servitutem
1067 5669 1367 5740 redigeret:
1396 5674 1476 5727 siu
1502 5674 1705 5727 diceret
1727 5690 1833 5728 non
1860 5673 2297 5743 persolvendum,

722 5762 1045 5815 accusarent
1082 5776 1206 5815 cum
1238 5772 1293 5814 ut
1334 5764 1397 5817 ad
1434 5763 1754 5819 seditionem
1789 5766 2041 5834 p0pulum
2080 5781 2301 5820 moven-

724 5861 829 5905 tem
856 5861 1040 5905 contra
1060 5851 1349 5908 Casarem.
1374 5854 1439 5907 At
1465 5856 1583 5911 lous
1606 5856 1889 5926 sapientiae
1911 5857 2062 5912 dolos
2084 5855 2297 5912 illorum

2404 4660 2525 4710 πεῖν
2558 4658 2658 4719 τὰς
2692 4656 2945 4724 διαδοχάς
2989 4654 3098 4708 τῶν
3145 4654 3459 4708 Ἰουδαϊκῶν
3488 4653 3777 4725 βασιλέων.
3812 4655 4005 4708 ’Δλλοι

2402 4746 2459 4800 δέ
2504 4764 2669 4815 φασιν
2713 4745 3077 4815 Ἡρωδιανοὺς
3114 4745 3347 4800 ἐνταῦθα
3380 4747 3797 4814 λέγεσθαιξτοὺς
3828 4764 4005 4819 στρα-

2403 4837 2605 4901 τιώτας
2636 4836 2732 4890 τοῦ
2772 4836 3035 4907 Ἡρώδου,
3066 4836 3159 4901 οὓς
3188 4839 3587 4909 προσελάϐοντο
3612 4840 3662 4892 οί
3690 4840 4003 4909 Φαρισαῖοι,

2403 4931 2551 4983 ὠσάν
2614 4929 2891 5002 μάρτυρες
2947 4923 3048 4983 ὦσι
3104 4931 3223 4984 τῶν
3270 4930 3693 5003 λεχθησομὲνων
3747 4932 3853 4985 ὑπὸ
3905 4932 4003 4985 τοῦ

2405 5022 2664 5093 Χριστοῦ,
2712 5025 2805 5077 καὶ
2871 5022 3059 5077 λοιπδν
3112 5024 3453 5080 συλλάϐωσιν
3496 5025 3684 5090 αὑτὸν,
3743 5025 3839 5079 καὶ
3892 5026 4007 5079 ἀπ-

2406 5118 2707 5183 αγάγωσιν.
2744 5117 2888 5186 Ὅρα
2912 5117 2970 5170 δὲ
2992 5116 3091 5186 τὴν
3121 5116 3452 5187 κακοήθειαν
3476 5117 3677 5181 αὐτῶν,
3711 5117 3827 5180 πῶς
3864 5119 4008 5185 μετὰ

2406 5212 2694 5274 κολακείας
2736 5212 3039 5281 πειρῶνται
3072 5212 3415 5280 ἐξαπατῆσαι
3444 5213 3537 5265 τδν
3575 5213 3799 5283 Κύριον.
3838 5214 4007 5266 Οἶδα-

2411 5324 2511 5376 μεν
2549 5309 2631 5360 ὅτι
2676 5306 2740 5358 οὐ
2786 5305 3006 5375 βλέπεις
3052 5309 3131 5368 είς
3180 5307 3470 5377 πρόσωπον
3502 5306 3820 5377 ἀνθρώπου,
3859 5306 4005 5359 ὥστε

2405 5398 2522 5451 οὐδὲ
2569 5398 2661 5450 τὸν
2723 5398 2983 5467 Καίσαρα
3024 5398 3395 5469 εὑλαϐηθὴαῃ.
3445 5399 3518 5452 Τὸ
3564 5399 3684 5451 ὅλον
3740 5399 3796 5450 δὲ
3841 5398 4004 5451 τοῦτο

2404 5490 2684 5560 τέχνασμα
2715 5486 2804 5561 ἦν,
2845 5490 3241 5562 ἀμφοτέρωθεν
3280 5493 3403 5562 ἕχον
3457 5493 3757 5563 κρημνοὺς,
3789 5492 3877 5545 ἵνα
3903 5493 4003 5544 ἑάν

2406 5582 2504 5649 μὲν
2536 5585 2664 5652 εῖπῃ
2692 5584 2775 5636 ὅτι
2815 5582 2995 5648 ἔξεστι
3028 5582 3204 5637 τελεῖν
3234 5584 3313 5652 τῷ
3344 5586 3608 5653 Καίσαρι,
3638 5583 4003 5639 διαϐάλλωσιν

2404 5672 2566 5725 αὐτὸν
2592 5673 2725 5744 πρὸς
2750 5674 2843 5726 τὸν
2869 5674 3049 5744 θχλον,
3073 5674 3151 5738 ὡς
3176 5676 3612 5731 καταδουλοῦντα
3640 5676 3828 5731 αὐτοῦ·
3871 5679 3919 5730 εἰ
3944 5678 4002 5731 δὲ

2408 5766 2484 5837 μὴ
2528 5767 2703 5819 τελεῖν
2736 5766 2887 5839 εἴπῃ,
2936 5773 3395 5840 κατηγορήσωσιν
3427 5772 3615 5849 αὑτοῦ,
3649 5774 3724 5835 ὼς
3759 5774 4002 5828 dvas-ca-

2404 5860 2622 5923 τοῦντος
2654 5863 2748 5915 τὸν
2797 5863 2925 5917 λαὸν
2983 5868 3123 5919 κατὰ
3170 5866 3264 5919 τοῦ
3308 5867 3605 5937 Καίσαρος.
3654 5868 3791 5922 Ἀλλ’
3831 5872 3864 5941 ἡ
3899 5871 4001 5941 τῆς
