4272 6438
272 365 388 431 ωδ

993 368 1440 431 ΕΝΑιιιιΑΤιο
1480 367 1564 428 IN
1602 365 2105 430 EVANGELIUM
2143 366 2403 428 MARCI.
2427 392 2497 404 -—-
2533 328 2691 429 car.
2739 364 2884 427 xu.

3458 368 3607 459 μοι

280 478 476 547 σοφίας
523 479 675 550 πηγὴ
720 481 981 550 ἐκφεύγει
1024 482 1153 544 τοὺς
1221 481 1403 544 δάλους
1449 480 1652 534 αὐτῶν.
1711 479 1865 536 Ἐπι-

1983 478 2172 534 t-vadit.
2199 477 2483 534 Ostendite
2512 480 2666 546 milii,
2695 481 2893 550 inquit,
2923 478 3217 536 nutnisma.
3248 479 3385 538 Cum
3418 488 3566 539 enim

273 571 491 637 δείξατε
519 573 629 644 γάρ
663 590 775 642 μοι,
810 576 966 642 φησὶ,
997 574 1338 646 τὸνόμισμα.
1393 573 1538 629 Ἰδὼν
1582 574 1640 628 δὲ
1672 573 1756 628 δτι
1786 576 1836 628 εί

275 664 412 715 κόνα
439 664 553 736 ἔχει
582 663 677 719 τοῦ
705 667 1008 737 Καίσαρος,
1039 668 1229 736 φησιν,
1256 667 1508 722 Ἀπόδοτε
1537 667 1598 721 τὸ
1616 668 1740 738 ἔχον
1769 666 1869 738 τὴν

273 755 491 820 εἰκόνα,
514 756 592 828 τῷ
615 757 1024 830 είκονιζομένῳ,
1049 759 1300 813 τουτέστι
1352 758 1431 830 τῷ
1460 759 1738 828 Καίσαρι,
1771 759 1871 812 καὶ

273 849 347 901 τά
411 847 547 903 Θεοῦ
586 851 665 923 τῷ
711 851 852 922 Θεῷ,
889 851 1192 917 τουτέστιν,
1221 852 1374 906 οὐδὲν
1411 852 1707 923 ἐμποδίζει
1739 853 1869 922 ύμῖν

277 939 421 1012 πρὸς
475 939 788 997 θεοσέϐειαν
844 943 904 997 τὸ
958 943 1136 997 τελεῖν
1179 942 1259 1013 τῷ
1301 942 1565 1015 Καίσαρι.
1624 943 1868 999 Δύνασθε

274 1033 389 1104 γάρ
419 1032 516 1086 καὶ
548 1033 627 1104 τῷ
660 1035 904 1106 Καίσαρι
935 1036 1239 1099 ὑποτελεῖν,
1272 1041 1368 1089 καὶ
1397 1034 1477 1104 τῷ
1526 1035 1649 1104 Θεῷ
1689 1037 1757 1091 τά
1791 1038 1870 1091 οἱ-

273 1129 402 1178 κεῐα
425 1126 632 1196 νέμειν.
685 1129 907 1198 Καίσαρ
960 1127 1018 1182 δέ
1065 1131 1215 1182 ἐστιν
1247 1129 1464 1199 ἑκάστῳ
1503 1127 1663 1199 ἡμῶν
1701 1130 1796 1183 καὶ
1833 1130 1868 1201 ή

269 1217 371 1269 τοῦ
411 1217 664 1289 σώματος
715 1219 1090 1290 ἀπαραίτητος
1135 1221 1372 1290 ἀνάγκη.
1429 1220 1660 1273 Κελεύει
1709 1216 1804 1275 οὖν
1840 1225 1869 1276 6

278 1309 490 1379 Κύριος
515 1311 828 1368 ἀποδιδόναι
852 1311 1044 1382 καὶτῷ
1075 1311 1291 1381 σώματι
1309 1311 1376 1365 τὰ
1397 1313 1574 1366 οίκετά
1603 1311 1869 1383 βρώματα

271 1402 372 1454 κα)⁸
416 1404 692 1471 ἀναγκαῖα
749 1403 1143 1473 σκεπάσματα,
1195 1403 1293 1458 καὶ
1347 1403 1420 1457 τά
1467 1402 1564 1457 τοῦ
1617 1404 1753 1458 Θεοῦ
1792 1403 1868 1476 τῷ

268 1491 416 1561 Θεῷ,
482 1494 794 1563 ἀγρυπνίαν
816 1494 1178 1566 ινδεχομένην
1197 1495 1532 1567 προσευχὴν,
1557 1495 1653 1549 καὶ
1672 1491 1866 1552 τᾶλλα.

278 1584 446 1638 Ἀ).λά
473 1587 566 1638 καὶ
597 1584 677 1655 τῷ
697 1586 956 1658 διαδόλῳ,
1006 1577 1248 1657 Καίσαρι
1298 1586 1434 1652 δντι,
1467 1587 1772 1659 ἀπόρριψον
1799 1587 1869 1641 τά

270 1675 406 1746 παρ’
443 1676 608 1730 αὑτοῦ
653 1693 739 1731 σοι
772 1678 1014 1742 δοθέντα,
1068 1678 1265 1748 θυμὸν,
1322 1677 1623 1749 ἐπιθυμίαν
1664 1678 1864 1749 κακὴν,

267 1768 365 1821 καὶ
393 1769 464 1821 τά
495 1767 589 1822 τοῦ
611 1768 770 1835 Θεοῦ,
794 1771 1132 1841 προσένεγκε
1159 1769 1237 1841 τῷ
1276 1770 1417 1840 Θεῷ.

1973 572 2193 627 vidisset
2243 572 2390 643 quod
2441 573 2730 643 imaginem
2791 572 3018 628 haberet
3066 573 3322 642 Caesaris,
3366 578 3502 632 dicit
3549 595 3563 631 :

1972 662 2202 721 Reddite
2239 666 2383 738 quod
2417 666 2584 720 habet
2619 667 2938 737 imaginem,
2971 666 3019 721 ei
3051 665 3210 737 cujus
3251 671 3390 740 gerit
3421 670 3567 724 iuta-

1970 757 2172 826 ginem,
2205 759 2307 814 hoc
2358 767 2443 814 est
2475 758 2682 815 Casari
2712 776 2727 814 :
2753 769 2808 814 et
2837 773 2959 829 quae
2990 769 3116 814 sunt
3144 759 3261 824 Dei,
3297 762 3426 824 Deo,
3461 763 3565 817 hoc

1968 859 2073 915 est,
2107 851 2240 906 nihil
2269 853 2450 908 obstat
2492 851 2646 908 vobis
2696 851 2762 906 ad
2809 854 3066 921 pietatem
3101 853 3406 921 persolvere
3439 853 3561 908 Ca:-

1971 938 2104 993 sari.
2164 937 2402 995 Potestis
2443 941 2587 1002 enim
2637 949 2693 996 et
2723 939 2925 998 Caesari
2961 941 3298 1012 persolvere,
3347 953 3403 998 et
3455 943 3564 998 Deo

1969 1046 2065 1085 sua
2113 1031 2370 1088 tribuere.
2407 1032 2593 1088 Ctesar
2637 1034 2763 1089 item
2811 1035 3107 1106 unicuique
3139 1048 3385 1092 nostrum
3444 1037 3564 1091 ine-

1970 1123 2206 1179 vitabilis
2239 1125 2325 1179 illa
2348 1126 2596 1196 corporis
2621 1129 2793 1183 nostri
2820 1130 3117 1185 necessitas
3145 1138 3251 1185 est.
3269 1127 3432 1183 lubet
3465 1131 3564 1199 igi-

1972 1223 2059 1269 tur
2092 1215 2355 1271 Dominus
2387 1218 2614 1272 reddere
2639 1219 2804 1272 etiam
2855 1221 3069 1287 corpori
3103 1234 3199 1273 sua
3231 1223 3564 1285 necessaria,

1970 1305 2122 1360 cibos
2155 1307 2366 1362 scilicet
2403 1325 2466 1363 ac
2508 1320 2687 1363 vestes
2727 1326 2738 1362 :
2781 1320 2834 1362 et
2865 1326 2984 1377 qua?
3039 1311 3155 1374 Dei,
3199 1309 3329 1370 Deo,
3376 1326 3569 1378 nempe

1971 1400 2180 1470 vigilias
2219 1414 2449 1472 quantas
2489 1419 2805 1470 possumus,
2852 1405 3150 1468 orationes,
3197 1414 3304 1459 etc.
3356 1403 3462 1459 Sed
3513 1411 3569 1456 et

1971 1492 2207 1553 diabolo,
2238 1495 2327 1560 qui
2355 1492 2538 1549 Ctesar
2567 1507 2672 1559 est,
2706 1497 2882 1567 olijiee
2905 1512 3025 1563 qua:
3052 1496 3146 1549 tilii
3171 1495 3239 1550 ab
3271 1495 3362 1549 illo
3393 1497 3518 1549 data
3549 1513 3564 1546 :

1972 1585 2131 1651 iram,
2146 1583 2308 1658 237
2325 1587 2822 1658 concupiscentiam
2846 1591 3075 1646 malam:
3096 1599 3285 1659 ctqna:
3302 1588 3398 1645 Dei
3419 1601 3566 1653 sunt,

1972 1676 2107 1732 offer
2145 1678 2274 1733 Deo.

347 1879 365 1911 ι
409 1861 520 1914 Και
567 1861 819 1931 ἔρχονται
840 1834 1220 1916 ’Σαδδουκαῖοί
1246 1834 1383 1934 πρὸς
1432 1863 1619 1922 αὐτὸν,
1646 1865 1867 1926 οἵτινες

2045 1861 2211 1918 Vens.
2260 1863 2451 1918 18-27.
2497 1883 2516 1916 ι
2564 1866 2626 1918 Et
2682 1867 2910 1920 veniunt
2964 1864 3248 1919 Sadduczei
3301 1865 3366 1917 ad
3416 1863 3567 1918 illum

264 1954 518 2023 λέγουσιν
552 1955 849 2008 ἀνάστασιν
901 1955 975 2025 μὴ
1028 1953 1192 2020 εἶναι,
1225 1957 1321 2009 καὶ
1371 1955 1744 2027 ἐπηρώτησαν
1771 1958 1867 2009 αύ-

264 2047 382 2111 τὸν,
414 2045 668 2114 λέγοντες
689 2065 700 2076 ·
740 2048 1076 2111 Διδάσκαλε,
1108 2049 1317 2117 Μωσῆς
1344 2048 1586 2119 ἔγραψεν
1619 2050 1750 2119 ἡμῖν
1784 2050 1866 2102 ὅτι

263 2135 362 2188 ἐάν
395 2153 540 2202 τινος
562 2139 788 2207 ἀδελφὸς
807 2140 1079 2212 ἀποθάνῃ,
1100 2141 1194 2192 καὶ
1213 2141 1493 2212 καταλίπῃ
1515 2145 1752 2208 γυναῖκα
1776 2143 1868 2195 καὶ

261 2229 429 2283 τέκνα
461 2234 536 2302 μὴ
567 2233 702 2302 ἀφῇ,
732 2234 818 2286 ἵνα
851 2233 992 2305 λάϐῃ
1026 2235 1053 2285 6
1077 2233 1486 2304 ἀδελφὸςαύτοῦ
1517 2235 1614 2306 τὴν
1634 2237 1868 2303 γυναῖκα

263 2323 451 2389 αὐτοῦ,
505 2325 602 2378 καὶ
645 2325 993 2399 ἐξαναστήσῃ
1034 2330 1257 2397 σπέρμα
1288 2327 1365 2397 τῷ
1412 2328 1630 2398 ἀδελφῷ
1676 2330 1864 2384 αὐτοῦ.

272 2415 456 2468 Ἰ-Σπτά
491 2417 712 2487 ἀδελιρολ¹
754 2413 922 2490 ἦσαν,
947 2420 1043 2472 καὶ
1083 2421 1109 2471 6
1147 2421 1367 2491 πρῶτος
1412 2421 1573 2474 ἔλαϐε
1609 2425 1869 2489 γυναῖκα,

262 2510 362 2561 καὶ
396 2509 786 2580 ἀποθνήσκων,
817 2512 919 2564 οὐκ
950 2513 1132 2582 ἀφῆκε
1159 2515 1406 2586 σπέρμα,
1436 2517 1528 2568 καὶ
1563 2515 1589 2567 6
1617 2514 1866 2585 δεύτερος

264 2601 463 2655 ἔλασεν
505 2605 677 2675 αὐτὴν
732 2605 828 2659 καὶ
873 2607 1137 2671 ἀπέθανε,
1175 2609 1271 2662 καὶ
1311 2608 1431 2661 οὐδὲ
1471 2609 1637 2673 αὐτὸς
1688 2609 1868 2680 ἀφῆκε

265 2696 512 2769 σπέρμα,
547 2697 642 2752 καὶ
673 2699 701 2750 6
726 2701 913 2769 τρίτος
940 2699 1234 2766 ὡσαύτως,
1268 2704 1365 2754 καὶ
1393 2701 1590 2756 ἔλαϐον
1618 2703 1790 2774 αὐτὴν
1817 2706 1868 2757 oi

262 2787 430 2850 ἑπτὰ,
465 2788 558 2843 καὶ
584 2790 686 2842 οὐκ
712 2792 932 2861 ἀφῆκαν
959 2793 1205 2862 σπέρμα.
1258 2793 1497 2864 Ἐσχάτη
1531 2794 1589 2847 δὲ
1647 2795 1869 2850 πάντων

263 2881 510 2936 ἀπέθανε
557 2884 652 2937 καὶ
699 2885 733 2955 ἡ
778 2886 938 2957 γυνή.
977 2885 1068 2940 Ἐν
1121 2889 1187 2957 τῇ
1229 2882 1324 2940 οὖν
1383 2887 1682 2969 ἀναστάσει
1736 2890 1868 2944 ὅταν

263 2972 567 3039 ἀναστῶσι,
619 2974 766 3039 τίνος
813 2976 996 3032 αὐτῶν
1051 2978 1206 3033 ἔσται
1252 2979 1427 3049 vovi);
1475 2980 1526 3032 οί
1573 2980 1682 3050 γὰρ
1726 2982 1869 3035 έπτά

266 3065 431 3134 ἔσχον
450 3066 617 3135 αὐτὴν
633 3071 893 3136 γυναῖκα.
922 3072 1026 3123 Καὶ
1046 3072 1369 3143 ἀποκριθεὶς
1396 3073 1425 3126 6
1455 3071 1686 3143 Ἰησοῦς,
1710 3069 1868 3128 εἶπεν

1972 1953 2063 2021 qui
2099 1954 2284 2007 dicunt
2323 1969 2426 2008 non
2471 1970 2593 2010 esse
2629 1957 3087 2010 resurrectionem
3127 1974 3140 2009 :
3195 1958 3571 2025 interrogave-

1974 2055 2207 2114 runtqne
2254 2060 2377 2098 emn
2433 2047 2680 2101 dicentes
2720 2065 2732 2101 :
2774 2048 3104 2117 Praeceptor,
3139 2048 3310 2102 MOscs
3351 2047 3574 2114 srripsit

1975 2138 2130 2203 uoltis
2167 2155 2179 2190 :
2215 2136 2272 2191 Si
2313 2137 2469 2206 cujus
2503 2138 2669 2193 frater
2704 2140 2994 2205 moriatttr,
3020 2156 3082 2196 ac
3124 2141 3396 2208 relinquat
3434 2156 3574 2193 uxo-

1972 2245 2108 2294 rctn,
2133 2241 2187 2285 et
2215 2231 2415 2286 liberos
2437 2247 2544 2285 non
2577 2234 2872 2301 relinquat,
2904 2245 2961 2287 ut
2989 2235 3223 2304 accipiat
3255 2235 3425 2288 frater
3455 2233 3576 2302 ejus

1973 2340 2197 2378 uxorem
2244 2324 2410 2390 illius,
2449 2337 2502 2380 et
2535 2328 2764 2381 suscitet
2794 2343 2980 2382 semen
3014 2327 3167 2380 fratri
3200 2342 3320 2381 suo.
3354 2327 3574 2393 Septem

1975 2418 2169 2472 fratres
2205 2415 2448 2484 fuerunt,
2499 2434 2562 2471 ac
2617 2420 2826 2485 primus
2861 2420 3074 2488 accepit
3122 2435 3372 2482 uxorem,
3422 2419 3578 2485 isque

1973 2511 2212 2566 moriens
2243 2527 2351 2566 non
2407 2512 2628 2580 reliquit
2671 2527 2858 2566 semen
2898 2531 2911 2566 :
2946 2524 2999 2568 et
3035 2515 3314 2569 secundus
3364 2513 3580 2578 accepit

1975 2606 2145 2669 illam,
2183 2621 2246 2660 ac
2280 2615 2529 2661 mortuus
2563 2617 2669 2672 est,
2702 2617 2756 2662 et
2785 2623 2886 2662 nec
2922 2608 3037 2676 ipse
3074 2608 3298 2674 reliquit
3329 2622 3514 2661 semen
3562 2623 3577 2659 :

1971 2708 2024 2750 ct
2053 2699 2245 2752 tertius
2271 2698 2523 2754 similiter
2559 2717 2574 2754 :
2607 2709 2660 2754 et
2687 2710 3021 2770 acceperunt
3050 2715 3172 2754 eam
3209 2709 3441 2767 septem,
3481 2715 3582 2752 nec

1975 2790 2314 2858 reliquerunt
2343 2806 2569 2846 semen:
2601 2801 2880 2862 postremo
2913 2807 3043 2848 vero
3081 2793 3326 2848 omnium
3366 2801 3578 2845 mortua

1971 2892 2055 2936 est
2085 2892 2138 2938 et
2165 2899 2338 2951 uxor;
2369 2884 2422 2939 in
2452 2886 2856 2941 resurrectione
2887 2886 3071 2957 igitur,
3109 2902 3232 2940 cum
3268 2901 3586 2941 resin-rev-

1975 2975 2104 3040 rint,
2127 2976 2286 3045 cujus
2311 2976 2524 3031 illorum
2543 2979 2648 3033 erit
2670 2994 2807 3033 uxor
2827 2979 2850 3033 ?
2872 2979 3005 3033 Nam
3035 2987 3244 3049 septem
3274 2979 3585 3033 habuerunt

1973 3083 2092 3121 eam
2139 3083 2385 3124 uxorem.
2436 3068 2500 3124 Et
2547 3070 2887 3140 respondens
2934 3070 3116 3134 Jesns,
3150 3072 3289 3126 dixit
3337 3075 3462 3127 eis:
3501 3071 3581 3123 A-i

264 3158 452 3222 αὐτοῖς
471 3173 489 3190 ο
507 3159 566 3212 οὐ
585 3159 672 3214 διὰ
689 3161 847 3215 τοῦτο
873 3163 983 3216 πλα
996 3163 1152 3216 θᾶσθε
1177 3142 1253 3236 μὴ
1268 3167 1470 3231 εἰδότες
1487 3142 1584 3231 τάς
1619 3166 1868 3237 Γραφάς,

1983 3176 2086 3216 non
2138 3171 2426 3232 propterea
2461 3165 2684 3229 erratis,
2750 3169 2898 3235 quod
2947 3168 3203 3222 nesciatis
3243 3167 3585 3234 Su-i-Zptmae,

270 3250 408 3320 μηδὲ
434 3251 531 3321 τὴν
552 3250 782 3323 δύναμιν
798 3253 893 3307 τοῦ
909 3254 1080 3322 Θεοῦ;
1109 3256 1282 3310 Ὅταν
1299 3259 1408 3329 γάρ
1431 3261 1495 3312 ὲκ
1515 3259 1730 3328 νεκρῶν
1748 3261 1874 3312 tiva-

270 3345 494 3411 στῶσιν,
523 3345 646 3399 οῦτι
671 3345 938 3415 γαμοῦσιν
966 3349 1090 3401 οὗτε
1120 3350 1506 3419 γαμίσκονται.
1557 3351 1699 3405 Ἀλλ’
1732 3353 1872 3405 εἰσὶν

267 3440 345 3501 ὼς
392 3438 617 3506 ἄγγελοι
652 3442 702 3492 oi
754 3441 814 3493 ὲν
830 3443 942 3507 τοῖς
972 3441 1251 3512 οὐρανοῖς.
1275 3444 1411 3516 Περὶ
1435 3443 1492 3498 δὲ
1524 3443 1632 3498 τῶν
1654 3445 1867 3516 νεκρῶν

267 3532 350 3584 ὅτι
386 3532 714 3604 ἐγείρονται,
758 3533 857 3587 ούκ
886 3535 1163 3602 ἀνέγνωτε
1202 3538 1260 3589 ἐν
1291 3541 1358 3608 τῇ
1396 3537 1566 3609 βίϐλῳ
1599 3537 1868 3602 Μωσέως,

273 3623 369 3676 ἐπὶ
396 3625 493 3693 τῆς
522 3624 686 3694 βάτου
720 3626 794 3688 ὡς
823 3621 978 3680 εἶπεν
1013 3627 1164 3696 αὑτῷ
1192 3629 1220 3680 6
1252 3629 1385 3692 Θεὸς
1425 3631 1622 3699 λέγων·
1668 3631 1811 3698 Ἐγὼ
1841 3633 1868 3684 6

267 3715 404 3777 Θεὸς
452 3715 732 3786 Ἀδραὰμ,
766 3718 862 3770 καὶ
896 3720 923 3771 6
956 3719 1088 3780 Θεὸς
1134 3719 1341 3786 Ἰσαάκ,
1386 3721 1484 3775 καὶ
1529 3724 1557 3775 6
1591 3723 1726 3784 Θεὸς
1764 3723 1870 3774 Ἰα-

267 3803 418 3871 κώ6;
452 3806 574 3858 Οὐκ
614 3805 808 3859 ἔστινὸ
835 3807 968 3870 Θεὸς
1005 3809 1236 3877 νεκρῶν,
1266 3799 1422 3862 ἀλλὰ.
1451 3810 1586 3874 Θεὸς
1627 3810 1870 3875 ζώντων.

281 3896 471 3967 Ὑμεῖς
502 3895 595 3950 οὖν
626 3898 758 3951 πολὺ
798 3899 1101 3953 πλανᾶσθε.
1155 3921 1172 3953 ι
1209 3902 1437 3972 Αἵρεσις
1481 3902 1773 3969 Ἰουδαίων,
1822 3906 1872 3956 oi

270 3992 644 4054 Σαδδουκαῖοι,
677 3991 928 4059 λέγοντες
966 3993 1039 4063 μὴ
1086 3991 1228 4047 εἶναι
1252 3997 1574 4061 ἀνάστασιν,
1607 3997 1746 4067 μήτε
1775 3997 1873 4064 ἀγ·

269 4081 447 4148 γελον,
481 4083 619 4151 μήτε
660 4081 905 4150 πνεῦμα.
947 4083 1202 4150 Πλαγίως
1231 4085 1288 4137 δὲ
1317 4085 1393 4149 ὡς
1432 4086 1598 4139 δόλιοι
1628 4087 1871 4157 προσελ-

268 4172 456 4236 θόντες
499 4173 799 4228 πλάττουσι
840 4174 937 4247 τὴν
987 4175 1243 4246 διήγησιν
1275 4177 1502 4248 ταύτην,
1530 4178 1621 4232 διά
1669 4180 1874 4248 ταύτης

268 4265 430 4335 δῆθεν
479 4267 885 4335 ἀνατρέποντες
929 4267 1029 4339 τὴν
1071 4270 1390 4333 ἀνάστασιν,
1420 4270 1681 4326 ὑπόθεσιν
1725 4273 1872 4341 ὑφάς

270 4374 462 4420 ναντες
531 4358 800 4429 μηδέποτε
839 4361 1164 4430 γενομένην,
1226 4361 1363 4432 μηδὲ
1401 4361 1533 4426 ἴσως
1563 4363 1872 4434 γενησομέ-

271 4468 392 4521 νην.
463 4451 639 4506 Ἐπτά
690 4453 746 4505 δὲ
801 4453 1115 4507 συντιθέασι
1178 4456 1305 4519 τοὺς
1361 4459 1725 4527 γαμήσαντας
1775 4457 1875 4528 τὴν

1983 3269 2160 3322 neque
2207 3256 2466 3310 virtutem
2518 3257 2651 3311 Dei?
2693 3259 2827 3311 Cum
2863 3261 3006 3312 enim
3060 3274 3087 3309 a
3137 3260 3366 3312 momnis
3402 3274 3584 3310 resur-

1992 3349 2254 3414 rexerint,
2303 3364 2484 3416 neque
2536 3353 2869 3404 contrahunt
2922 3351 3271 3404 matt'itnnnitt
3299 3371 3352 3413 ιι,
3411 3365 3587 3416 neque

1985 3449 2212 3508 nuptum
2246 3441 2444 3495 dantur
2479 3461 2491 3496 :
2529 3443 2622 3497 sed
2658 3454 2786 3497 sunt
2816 3444 2963 3498 velut
2989 3443 3163 3513 angeli
3200 3445 3286 3510 qtti
3321 3445 3372 3496 in
3405 3443 3583 3497 cceiis.

1983 3529 2254 3585 Caeterum
2306 3532 2372 3586 de
2423 3534 2655 3587 mortuis
2686 3538 2828 3602 quod
2889 3534 3302 3597 rCSIist'ilattlttr,
3356 3552 3463 3586 non
3511 3536 3587 3585 lc-

1985 3623 2139 3690 gistis
2170 3622 2220 3675 in
2250 3623 2389 3676 libro
2418 3621 2577 3688 Mosi,
2611 3625 2888 3692 quowodo
2918 3625 2968 3676 in
3003 3626 3136 3686 rubo
3164 3625 3376 3678 Ioa-utus
3410 3626 3479 3678 sit
3515 3625 3587 3676 illi

1988 3713 2149 3779 Deus,
2191 3715 2380 3768 dicens
2431 3730 2445 3768 :
2488 3713 2598 3785 Ego
2646 3717 2735 3770 ille
2799 3715 2940 3769 Deus
2989 3718 3284 3778 Abraham,
3336 3729 3388 3768 et
3445 3716 3590 3769 Drusi

1987 3804 2157 3864 Isaac,
2183 3819 2239 3861 et
2272 3807 2413 3863 Deus
2443 3806 2652 3862 Iacob?
2677 3808 2789 3860 Non
2817 3821 2894 3862 est
2927 3807 2982 3860 Di
3009 3826 3072 3862 us
3105 3821 3333 3862 mortuo.-
3353 3827 3468 3874 um,
3496 3812 3588 3864 sed

1989 3903 2130 3955 Dens
2175 3901 2497 3956 viventium.
2538 3903 2642 3956 Vos
2682 3902 2849 3970 igitur
2882 3904 3109 3956 multum
3150 3906 3370 3956 erratis.
3419 3923 3435 3956 ι
3474 3904 3590 3959 lite»-

1990 3991 2143 4046 relici
2191 3992 2332 4061 apud
2383 3990 2601 4045 Iudaeus
2632 4003 2783 4045 t‘l'alll
2843 3992 3152 4055 Saddu-mi,
3196 3994 3441 4046 dicentes
3486 4010 3590 4045 nnu

1985 4099 2108 4137 esse
2142 4083 2624 4146 resurrectionem,
2663 4100 2837 4151 neque
2882 4083 3161 4150 angelum,
3196 4097 3373 4150 neque
3408 4082 3542 4151 spiri
3571 4115 3587 4121 —

1988 4184 2124 4226 tum.
2157 4169 2392 4241 Oblique
2444 4183 2653 4234 autem,
2701 4181 2756 4225 ut
2814 4171 3009 4237 dolosi,
3065 4173 3331 4242 aggressi,
3387 4173 3595 4240 lingunt

1987 4266 2360 4319 narrationem
2391 4265 2682 4332 quamdam
2713 4281 2816 4334 qua
2859 4266 3209 4318 subvertatnr
3233 4267 3598 4330 resurrectio,

1986 4364 2243 4410 Contexto
2278 4364 2607 4426 argumento
2637 4357 2781 4424 quod
2833 4372 3111 4426 nunquam
3162 4359 3364 4419 evenit,
3414 4373 3594 4424 neque

1989 4449 2128 4503 forte
2153 4451 2393 4504 eveniet.
2435 4447 2660 4517 Septem
2691 4460 2874 4504 autem
2918 4449 3128 4516 ﬁngunt
3168 4451 3257 4519 qui
3301 4467 3464 4504 unam
3493 4453 3594 4505 du.

274 4547 535 4612 γυναῖκα.
585 4545 673 4597 ἵνα
706 4545 909 4614 μᾶλλον
949 4547 1251 4616 διασύρωσι
1300 4549 1402 4620 τὴν
1435 4549 1758 4604 ἀνάστασιν.
1817 4549 1872 4604 'U

1986 4552 2114 4594 cunt
2143 4557 2392 4607 uxorem,
2419 4557 2528 4610 quo
2555 4541 2729 4611 magis
2756 4543 3220 4597 resurrectionem
3251 4543 3590 4614 discerpant.

271 4636 368 4690 οἷν
419 4638 646 4707 Κύριος,
694 4640 882 4710 ἐπειδὴ
931 4639 1332 4710 προεϐάλλοντο
1379 4644 1580 4696 ἐκεῖνοι
1632 4643 1878 4704 Μωσέως

275 4733 461 4801 νόμον,
517 4733 790 4785 δείκνυσιν
839 4733 1035 4796 αὐτοὺς
1087 4735 1417 4803 ἀγνοοῦντας
1479 4736 1578 4799 τὰς
1617 4737 1876 4807 Γραφάςο

275 4826 352 4878 Ού
365 4826 538 4877 νοεῖτε
565 4824 696 4894 γὰρ,
718 4828 874 4896 φησὶ,
905 4827 1068 4880 ποίαν
1094 4829 1398 4882 ἀνάστασιν
1421 4830 1453 4898 ή
1484 4829 1678 4901 Γραφὴ
1706 4830 1877 4899 λέγει.

287 4916 479 4986 Ὑμεῖς
504 4917 612 4988 γὰρ
631 4917 838 4971 δοκεῖτε
862 4920 945 4972 ὄτι
971 4921 1135 4975 πάλιν
1156 4923 1382 4990 τοιαύτη
1409 4924 1746 4986 κατάστασις
1773 4941 1880 4976 σω·

278 5010 634 5080 ματικωτέρα
668 5010 853 5079 μέλλει
878 5007 1041 5076 εἶναι,
1075 5014 1178 5067 οὐκ
1207 5015 1326 5068 ἐστι
1350 5017 1430 5069 δέ.
1475 5015 1635 5070 Οῦτω
1667 5017 1766 5086 μὲν
1783 5014 1882 5070 οὖν

275 5102 523 5168 ἀγνοεῖτε
580 5105 680 5174 τῆς
740 5103 964 5174 Γραφῆς
1019 5106 1121 5175 τὴν
1176 5106 1411 5172 ἔννοιαν,
1444 5107 1581 5162 ἀλλά
1635 5109 1732 5162 καὶ
1779 5107 1880 5179 τὴν

277 5194 508 5261 δύναμιν
559 5193 654 5246 τοῦ
702 5193 838 5247 Θεοῦ
897 5197 1184 5264 ἀγνοεῖτε’
1241 5199 1401 5267 ὑμεῖς
1449 5199 1548 5267 μὲν
1588 5201 1698 5269 γὰρ
1751 5201 1882 5264 ἴσως

279 5285 625 5338 ἁποὸλὲπετε
677 5287 814 5356 πρὸς
856 5287 918 5340 τὸ
966 5288 1206 5356 χαλεπὸν
1246 5289 1341 5342 τοῦ
1403 5291 1751 5361 πράγματος,
1785 5296 1881 5347 καὶ

277 5377 366 5429 διὰ
392 5377 550 5429 τοῦτο
578 5377 937 5448 ὲξαπορείσθε
966 5382 1082 5444 πῶς
1107 5382 1435 5452 δυνήσονται
1457 5385 1526 5438 τά
1561 5385 1881 5440 διαλυθέντα

282 5467 514 5540 σώματα
562 5471 838 5527 συνελθεῖν
885 5477 1006 5537 ταῖς
1048 5474 1269 5544 ψυχαῖς.
1313 5479 1391 5547 Τῇ
1421 5477 1478 5530 δὲ
1515 5462 1745 5549 δυνάμει
1784 5479 1880 5532 τοῦ

275 5562 415 5616 Θεοῦ
440 5564 514 5626 ὡς
563 5565 715 5617 οὐδέν
742 5567 857 5619 ἐστι
887 5566 1064 5621 τοῦτο.
1099 5569 1294 5622 Ἔσται
1318 5567 1411 5624 οὖν
1433 5572 1756 5633 ἀνάστασις,
1789 5574 1883 5626 καὶ

280 5657 341 5707 οὐ
379 5659 689 5727 σωματικὴ.
742 5659 878 5713 ἀλλὰ
924 5660 1174 5730 θειοτέρα
1224 5679 1311 5726 τις
1366 5663 1699 5726 κατάστασις
1763 5662 1880 5733 βίου

286 5749 379 5800 xxi.
409 5750 697 5820 ἀγγελική.
748 5752 964 5822 Ἐπειδὴ
987 5754 1095 5822 γὰρ
1122 5754 1182 5807 ού
1221 5755 1492 5825 μέλλομεν
1532 5756 1878 5828 φθείρεσθαι,

285 5842 397 5894 cili."
437 5844 483 5894 oi.
523 5846 672 5897 αὐτοὶ
696 5845 908 5916 λμένςιν.
940 5844 1026 5899 διὲξ
1060 5845 1218 5901 τοῦτο
1253 5850 1343 5901 κλῖ
1380 5848 1405 5899 6
1443 5847 1620 5920 γάμος
1655 5848 1881 5921 ἀναίρει

1988 4633 2158 4704 Igitur
2198 4635 2325 4703 quia
2373 4633 2745 4700 prmtexebant
2785 4633 2860 4689 illi
2922 4636 3095 4705 legent
3151 4634 3305 4700 Mosi,
3355 4639 3599 4691 ostendit

1986 4742 2081 4781 eos
2107 4727 2369 4783 Doininus
2397 4728 2619 4796 ignaros
2648 4726 3085 4796 Scriptnt-artnn.
3116 4728 3232 4783 Non
3257 4731 3403 4784 enim
3434 4733 3595 4784 intel~

1986 4820 2174 4891 ligitis,
2212 4821 2410 4890 inquit,
2452 4822 2522 4876 de
2563 4837 2667 4891 qua
2719 4823 3121 4877 resurrectione
3167 4823 3458 4892 Scriplura
3513 4826 3595 4877 ln-

1985 4923 2206 4984 quatnr.
2260 4914 2367 4968 Vos
2417 4915 2563 4969 enim
2608 4914 2911 4984 opinamini
2963 4916 3109 4984 quod
3161 4917 3359 4971 iterum
3413 4926 3594 4971 status

1989 5007 2112 5061 talis
2170 5008 2345 5077 magis
2376 5007 2679 5075 corporalis
2725 5008 2797 5062 sit
2843 5007 3060 5061 futurus
3090 5024 3104 5063 :
3140 5019 3195 5061 at
3227 5025 3331 5063 non
3362 5011 3442 5064 sic
3468 5025 3596 5067 erit.

1987 5097 2176 5166 Itaque
2213 5099 2477 5169 ignoratis
2510 5095 2810 5165 Scriptura;
2855 5109 3091 5154 mentem
3119 5119 3131 5154 :
3156 5102 3250 5156 sed
3279 5113 3332 5155 et
3364 5101 3455 5156 Dei
3494 5103 3599 5155 Vit--

1989 5201 2157 5244 tulem
2227 5191 2514 5261 ignoratis.
2563 5190 2855 5247 Enimvero
2890 5209 2986 5248 vos
3017 5196 3083 5248 ad
3115 5195 3488 5250 dillicultatem
3523 5213 3596 5248 ιιτι

1991 5286 2227 5340 fortasse
2277 5286 2570 5354 respicitis,
2619 5297 2673 5338 et
2722 5298 3009 5356 propterea
3075 5285 3412 5342 addubitatis
3464 5306 3599 5355 qun-

1991 5380 2150 5433 modo
2176 5388 2437 5447 poterunt
2469 5380 2732 5433 dissoluta
2769 5394 3000 5448 corpora
3026 5380 3207 5433 redire
3235 5381 3300 5431 ad
3331 5383 3593 5433 animant.

1989 5471 2095 5526 Sed
2130 5473 2318 5525 virtuti
2353 5473 2551 5526 divinm
2587 5474 2687 5526 hoc
2718 5473 2875 5542 quasi
2926 5472 3060 5525 nihil
3106 5473 3230 5525 crit.
3278 5471 3391 5526 Erit
3435 5473 3599 5541 igitur

1990 5567 2342 5632 resurrectio,
2385 5577 2440 5621 et
2472 5584 2577 5620 non
2611 5567 2938 5635 corporalis,
2977 5567 3069 5619 setl
3108 5565 3343 5617 tliVittitll'
3374 5565 3594 5631 quidam

1987 5660 2115 5714 vitae
2147 5669 2344 5724 status,
2372 5662 2652 5728 angelicus
2688 5659 2956 5713 videlicet.
2985 5657 3428 5725 lncorruptiliiles
3451 5656 3594 5708 enim

1988 5758 2216 5819 erimus,
2240 5765 2294 5807 et
2326 5754 2488 5806 iidem
2513 5755 2602 5822 qui
2629 5768 2823 5806 sumus
2858 5764 3168 5815 usam-ntus,
3195 5759 3596 5819 proptereaqm:

1992 5849 2246 5906 lullcnlur
2291 5848 2456 5903 etiam
2493 5846 2719 5917 nttplix.
2767 5846 2918 5902 Nunt.
2954 5847 3099 5900 enim
3144 5844 3341 5915 nuptin:
3374 5854 3597 5913 propter
