4272 6438
748 387 855 451 611

1662 388 2244 451 THEOPHYLACTI
2289 387 2704 450 BULGARl/E
2745 387 2951 449 ABCH
2961 387 3104 449 IEP.

747 501 1145 569 corruptionem
1172 497 1326 563 (inut,
1357 508 1416 552 ut
1442 501 1784 556 successione
1814 501 2027 571 generis
2058 503 2314 555 durantes
2341 516 2364 574 Α

2388 501 2662 573 γοήσεταιθ
2702 499 2798 553 νῦν
2824 500 2935 569 γὰρ
2989 499 3019 551 δ
3051 496 3229 568 γάμος
3266 496 3356 551 διά
3381 495 3481 560 τὴν
3516 492 3726 565 φθοράν
3759 491 3997 563 γίνεται,

745 592 989 644 homines
1031 605 1135 643 non
1180 591 1447 646 intereant
1487 610 1502 647 :
1548 601 1676 647 tunc
1721 604 1900 647 autem
1948 593 2091 645 sicut
2140 591 2311 660 angeli

746 684 947 750 absque
977 682 1199 749 nuptiali
1233 685 1579 740 successione
1635 686 1709 739 illi
1736 685 1832 749 ipsi
1867 694 2048 742 erunt.
2086 694 2140 739 et
2173 700 2313 737 nuu-

2419 592 2505 646 ι’να
2541 594 2606 663 τῇ
2636 592 2856 661 διαδοχῇ
2892 589 2989 643 τοῦ
3032 590 3224 658 γένους
3257 590 3660 657 συνιστάμενοι,
3692 585 3767 658 μὴ
3805 587 4005 656 ἀφανι·

2418 682 2657 752 σθῶμεν.
2674 684 2805 736 Τότε
2826 683 2903 747 δὲ,
2932 680 3123 752 ὥσπερ
3143 682 3193 734 οί
3218 680 3442 749 ἄγγελοι
3469 680 3601 734 ἄνευ
3620 678 3871 749 διαδοχῆς
3900 695 4006 744 γα-

742 780 904 839 quam
944 775 1194 829 deﬁcient
1228 795 1241 829 :
1274 778 1353 831 sic
1385 789 1439 831 et
1471 782 1562 848 qui
1601 788 1916 845 resurgunt,
1958 779 2078 833 sine
2112 778 2315 845 nuptiis

2418 775 2583 844 μικῆς
2644 776 2695 826 οί
2741 772 2894 826 αὐτοί
2919 774 3046 834 εισι,
3088 772 3184 827 καὶ
3230 772 3488 825 οὐδέποτε
3531 764 3821 836 λήγουσιν·
3853 765 4005 821 οὕτω

741 877 1083 931 permanent,
1117 870 1772 940 nunquamimminuendi
1795 870 1862 924 “.
1895 870 1962 924 Et
1987 870 2143 925 aliter
2182 885 2312 937 quo-

739 972 844 1025 que
870 969 1123 1012 taxantur
1164 971 1223 1014 ut
1266 963 1573 1016 nescientes
1597 962 1930 1030 Scripturas.
1960 961 2017 1015 Si
2050 962 2191 1016 enim
2227 963 2309 1012 iu-

737 1050 1070 1106 tcllexissent
1113 1053 1252 1116 illas,
1288 1053 1646 1125 intelligerent
1674 1055 1837 1107 etiam
1873 1054 2146 1124 quomodo
2172 1053 2310 1104 scri-

736 1146 885 1205 ptum
921 1144 1011 1201 sit.
1073 1144 1183 1213 Ego
1234 1162 1350 1199 sum
1417 1146 1507 1200 ille
1569 1148 1711 1201 Dens
1767 1147 2062 1207 Abraham,
2126 1156 2310 1210 utpote

736 1231 1023 1288 manifeste
1067 1237 1384 1290 virentium.
1416 1236 1532 1292 Non
1577 1239 1720 1292 enim
1766 1239 1932 1303 dixit,
1973 1236 2085 1309 Ego
2134 1252 2307 1303 eram,

734 1323 856 1386 sed,
886 1339 1032 1390 sum,
1065 1337 1251 1391 utpme
1292 1330 1657 1397 przcsenlium,
1699 1329 1867 1400 238
1901 1340 2065 1399 atque
2095 1328 2305 1383 illorum

735 1432 841 1470 non
876 1420 1237 1485 perditorum.
1264 1420 1380 1475 Jam
1417 1423 1662 1477 fortassis
1692 1426 1834 1478 dicct
1865 1425 2009 1493 quis,
2040 1425 2182 1492 quod
2208 1425 2309 1477 hoc

731 1508 800 1561 de
826 1509 937 1563 sola
966 1512 1196 1566 Abrahae
1228 1515 1407 1568 anima
1433 1515 1630 1571 dixerit
1651 1518 1931 1580 Dominus,
1957 1528 2011 1571 et
2035 1533 2140 1571 non
2178 1518 2305 1570 item

732 1600 798 1653 de
825 1615 1162 1669 corpore,-et
1196 1603 1267 1658 ita
1309 1620 1537 1674 corpora
1578 1622 1685 1663 non
1717 1617 2027 1678 resurgunt.
2057 1607 2186 1662 Dico
2211 1608 2309 1678 igi-

733 1703 820 1747 tur
858 1696 1091 1763 primum
1114 1699 1331 1767 quidem
1355 1701 1498 1769 quod
1525 1700 1802 1755 Abraham
1830 1712 2123 1771 utrumque
2150 1701 2303 1757 diea-

733 1794 843 1848 tur,
879 1788 1059 1841 anima
1088 1797 1145 1844 et
1174 1805 1392 1859 corpus,
1425 1802 1479 1847 et
1514 1793 1585 1847 ita
1620 1794 1783 1847 etiam
1824 1794 1966 1848 Deus
2000 1805 2083 1848 est
2113 1809 2306 1863 carpo.

2417 869 2511 920 καὶ
2549 852 2598 919 0i
2635 868 2982 935 ἀνιστάμενοι
3042 863 3174 917 ἄνευ
3204 864 3385 932 γάμου
3416 861 3775 916 ἀνελάττωτοι
3804 859 4004 930 διαμέ-

2414 973 2587 1008 νουσι.
2623 958 2727 1009 Καὶ
2754 956 2930 1019 ἄλλως
2952 954 3011 1007 δὲ
3048 954 3364 1025 ὶλέγχονται
3400 954 3475 1023 μὴ
3513 950 3713 1013 ειδότες
3730 950 3829 1011 τὰς
3854 950 4001 1019 Γρα-

2413 1051 2544 1121 φάς.
2575 1050 2635 1101 Ei
2661 1050 2768 1117 γὰρ
2797 1049 2980 1100 ἐνόουν
3012 1045 3241 1111 ταύτας,
3269 1045 3501 1115 ἀνόησαν
3531 1044 3599 1099 ἀν
3630 1043 3725 1097 καὶ
3757 1043 3876 1104 πῶς
3916 1040 4004 1093 εί-

2413 1159 2579 1210 ρηται
2632 1142 2711 1203 τὸ,
2756 1139 2898 1208 Ἐγώ
2949 1140 3065 1209 ειμι
3110 1141 3140 1192 ὅ
3188 1137 3321 1200 Θεὸς
3372 1135 3646 1206 Ἀϐρααμ,
3693 1133 3769 1197 ὡς
3797 1130 4005 1203 δηλαδὴ

2412 1230 2650 1294 ζώντων.
2686 1231 2760 1283 Οὐ
2785 1232 2893 1299 γὰρ
2917 1226 3089 1293 εἶπεν,
3111 1227 3351 1292 ὃτιῈγὼ
3372 1228 3405 1297 ἢ
3416 1243 3546 1298 μην,
3576 1226 3714 1289 ἀλλ’,
3737 1223 3891 1295 Είμί.
3912 1224 4006 1286 Ὠς

2412 1322 2722 1375 ἐνεστώτων
2774 1322 3063 1386 κάκείνων,
3123 1322 3217 1375 καὶ
3282 1320 3358 1391 μὴ
3423 1320 3794 1391 ἀπολομένων.
3858 1315 4008 1370 Ἀλλ’

2414 1415 2542 1477 ῐσως
2566 1414 2709 1467 ιιίποι
2726 1431 2816 1475 ¹τις
2844 1413 2920 1475 ὡς
2944 1412 3104 1466 τοῦτο
3134 1413 3263 1484 περὶ
3285 1413 3381 1482 τῆς
3398 1412 3579 1482 ψυχῆς
3607 1410 3704 1463 τοῦ
3742 1408 4003 1479 ’Δδραάμ

2411 1507 2599 1576 εἴρηκε
2641 1503 2810 1572 μόνης
2839 1498 2873 1557 δ’
2902 1504 3129 1574 Κύριος,
3161 1504 3283 1573 οὐχὶ
3314 1504 3408 1557 καὶ
3436 1504 3564 1573 περὶ
3591 1501 3683 1555 τοῦ
3718 1499 4002 1583 σῴματος,

2409 1597 2550 1650 ὥστε
2607 1597 2677 1648 τά
2705 1596 2932 1665 σώματα
2963 1598 3063 1648 οὐκ
3096 1597 3431 1650 ἀνίστανται.
3456 1595 3616 1662 Λέγω
3651 1588 3746 1646 οὖν
3776 1591 4005 1662 πρῶτον

2413 1689 2534 1759 μὲν,
2584 1688 2673 1742 ὅτι
2729 1687 2981 1758 Ἀϐραὰμ
3024 1687 3085 1741 τὸ
3135 1686 3543 1757 συναμφότερον
3575 1686 3815 1754 λέγεται,
3849 1684 4004 1755 ψυχὴ

2410 1780 2508 1833 καὶ
2535 1780 2715 1850 σῶμα,
2747 1778 2888 1831 ὥστε
2919 1779 3013 1831 καὶ
3045 1778 3139 1831 τοῦ
3172 1778 3424 1848 σώματός
3454 1780 3570 1830 ἐστι
3605 1776 3759 1839 Θεὸς,
3788 1776 4003 1841 ζῶντος

732 1878 828 1939 ris,
857 1881 1002 1947 quod
1031 1889 1083 1934 ct
1109 1881 1285 1951 ipsum
1320 1883 1450 1937 vivit
1475 1884 1616 1954 apud
1650 1884 1837 1949 Deum,
1869 1894 1923 1939 et
1948 1901 2052 1939 n0u
2084 1885 2307 1940 omnino
2342 1872 2364 1925 ί

2409 1876 2504 1928 καὶ
2535 1875 2702 1927 αὑτοῦ
2737 1874 2890 1943 παρά
2917 1872 2994 1960 τῷ
3024 1872 3160 1942 θεῷ,
3195 1874 3288 1925 καὶ
3322 1875 3396 1943 μὴ
3429 1873 3606 1941 πάντη
3627 1874 3708 1937 είς
3734 1874 3795 1926 τὸ
3832 1874 3911 1944 μὴ
3940 1872 4003 1927 δν

732 1973 783 2024 itt
830 1973 1057 2025 nihilum
1114 1975 1392 2043 redigitur.
1454 1974 1684 2047 Insuper
1722 1979 1848 2048 quia
1910 1978 2194 2035 Sndducaai
2241 1980 2309 2033 de

2412 1968 2784 2038 χωρήσαντος.
2822 1965 3057 2019 Ἔπειτα
3108 1967 3191 2019 ὅτι
3236 1968 3290 2019 οἱ
3335 1965 3683 2019 εαδδουκαίοι
3720 1968 3850 2035 περὶ
3897 1966 4003 2035 τῆς

728 2066 972 2133 corporis
1030 2068 1425 2123 resurrectione
1485 2071 1825 2136 dubitabant,
1885 2084 2094 2127 certum
2161 2072 2307 2142 quod

2412 2059 2518 2111 τῶν
2544 2058 2812 2129 σωμάτων
2832 2059 3193 2132 ,ἀναστάσεως
3227 2057 3599 2126 ἀμφέόαλλον.
3634 2058 3801 2112 Ὥστε
3842 2059 3943 2111 καὶ
3972 2058 4002 2111 ὀ

732 2157 991 2210 Dominus
1030 2159 1093 2211 de
1142 2162 1460 2229 corporibus
1502 2164 1702 2218 dixerit
1744 2165 1887 2232 quod
1936 2169 2113 2219 vivant
2162 2166 2303 2235 apud

2408 2152 2615 2219 Κύριος
2639 2169 2703 2203 πε
2716 2153 2766 2221 pl
2796 2151 2905 2204 τῶν
2947 2151 3216 2219 σωμάτων
3245 2146 3399 2202 εἶπεν
3431 2151 3514 2227 ὅτι
3554 2149 3689 2213 ζῶσι
3724 2150 3880 2219 παρά
3918 2150 4001 2220 τῷ

730 2246 918 2311 Deum,
962 2264 1068 2303 non
1117 2255 1184 2305 de
1219 2254 1419 2306 anima.
1466 2254 1599 2307 Nam
1627 2256 1771 2309 istud
1807 2257 1917 2325 jam
1961 2272 2023 2309 ex
2056 2259 2305 2313 confesso

2407 2243 2545 2313 Θεῷ,
2579 2244 2699 2312 οὐχὶ
2730 2244 2856 2312 περὶ
2904 2242 3012 2295 τῶν
3051 2243 3259 2312 ψυχῶν.
3296 2241 3466 2295 Τοῦτο
3512 2242 3621 2313 γὰρ
3651 2242 3748 2314 ἥδη
3783 2242 4000 2310 ὡμολό-

725 2349 840 2391 erat
881 2342 1044 2394 etiam
1094 2343 1233 2412 apud
1276 2345 1522 2400 carnales
1572 2346 1917 2407 Sadducaeos.
1957 2348 2195 2404 Observa
2247 2364 2303 2405 et

2407 2354 2545 2405 γητο
2574 2338 2667 2390 καὶ
2690 2338 2839 2407 παρὰ
2865 2339 2976 2399 τοῖς
3013 2339 3295 2406 σαρκικοῖς
3322 2336 3725 2399 Σαδδουκαίοις.
3758 2338 4000 2391 Ἔπειτα

726 2432 849 2482 hoc.
884 2429 1227 2488 Resurrcctio
1270 2446 1352 2490 est
1383 2437 1499 2505 ejus
1530 2440 1671 2507 quod
1700 2440 1971 2494 occiderat
2013 2442 2298 2497 surrectio.

725 2522 1049 2580 Immortalis
1095 2539 1273 2581 autem
1323 2532 1503 2583 anima
1549 2546 1653 2585 non
1700 2532 1918 2597 cecidit,
1971 2533 2063 2586 sed
2109 2549 2303 2603 corpus

726 2617 862 2677 hoc;
897 2619 1080 2687 itaque
1129 2630 1183 2673 et
1230 2628 1477 2690 resurget
1521 2623 1737 2687 iterum,
1792 2624 2057 2696 conjugali
2110 2627 2303 2681 anima

722 2710 1110 2776 complicilum.

800 2801 957 2853 Vens.
1012 2802 1196 2855 28—34.
1256 2822 1274 2854 ι
1328 2804 1387 2855 Et
1448 2820 1569 2860 Cum
1628 2809 1946 2862 accessisset
1996 2810 2213 2876 quidam
2270 2825 2300 2864 e

722 2894 948 2957 Scribis,
977 2905 1029 2945 ct
1062 2898 1303 2950 audisset
1337 2912 1432 2952 eos
1459 2898 1618 2951 simul
1661 2898 2025 2966 ιίὶειιιιιηιιιεε,
2062 2903 2299 2955 videret-

718 3000 823 3051 que
849 2985 991 3053 quod
1030 2987 1165 3041 bene
1195 2989 1566 3056 respondisset
1588 2992 1685 3053 cis,
1715 2994 2064 3062 interrogavit
2104 2995 2250 3048 illum
2283 3014 2295 3048 :

720 3073 872 3139 Quod
908 3084 991 3129 est
1017 3077 1248 3144 primum
1281 3080 1525 3133 omnium
1549 3086 1983 3151 praceptorum?
2015 3084 2173 3139 Jesus
2200 3103 2297 3139 au-

720 3175 827 3217 tem
876 3167 1153 3235 respondit
1199 3168 1273 3221 illi
1307 3184 1322 3223 :
1359 3169 1597 3225 Primum
1630 3174 1870 3227 omnium
1903 3186 2291 3244 praeceptorum

716 3267 800 3308 est
841 3274 853 3308 :
890 3258 1025 3310 Audi
1066 3256 1258 3324 Israel,
1298 3259 1559 3318 Dominus
1605 3263 1743 3319 Deus
1787 3232 1991 3331 noster,
2036 3232 2294 3323 Dominus
2323 3232 2364 3287 ϐ

715 3367 857 3405 unus
892 3362 974 3405 est
1005 3374 1020 3406 :
1052 3364 1106 3407 et
1137 3355 1328 3424 diliges
1365 3356 1852 3412 DominumDemn
1902 3371 2049 3414 tuum
2085 3377 2147 3414 ex
2184 3373 2295 3416 toto

716 3444 881 3497 corde
912 3454 1024 3509 tuo,
1057 3453 1110 3497 et
1161 3460 1223 3499 ex
1261 3455 1366 3500 tota
1414 3449 1592 3502 anima
1629 3460 1739 3515 tua,
1781 3464 1833 3506 et
1870 3467 1933 3506 ex
1979 3461 2086 3506 tota
2116 3465 2295 3507 mente

717 3545 827 3601 tua,
860 3547 913 3588 ct
942 3551 1004 3589 cx
1042 3536 1168 3591 totis
1206 3537 1409 3592 viribus
1445 3540 1572 3595 tuis.
1612 3540 1726 3595 Hoc
1759 3551 1843 3595 est
1880 3544 2113 3609 primum
2152 3560 2290 3612 prac-

713 3641 925 3696 cepzuzn
977 3646 988 3681 :
1038 3639 1092 3683 et
1153 3632 1447 3684 secundum
1505 3632 1680 3686 simile
1740 3633 1839 3687 hoc
1898 3644 1981 3688 est
2028 3656 2039 3688 :
2096 3635 2295 3705 Diliges

713 3724 1020 3788 proximum
1053 3732 1199 3775 tuum
1247 3732 1307 3777 ut
1343 3724 1593 3792 teipsum.
1636 3725 1807 3795 Hujus
1860 3730 1943 3781 his
1979 3729 2120 3782 aliud
2153 3744 2293 3799 pra:-

711 3823 924 3884 ceptum
954 3830 1055 3868 non
1080 3826 1180 3868 est.
1204 3814 1267 3867 Et
1286 3815 1418 3870 dixit
1441 3816 1512 3869 illi
1538 3818 1723 3872 Scriba
1748 3838 1759 3871 :
1782 3818 1944 3882 Bene,
1969 3832 2291 3888 praeceptor,

711 3919 833 3957 cum
879 3907 1100 3960 veritate
1133 3892 1510 3975 dixistﬁquod
1548 3925 1685 3962 unus
1719 3912 1787 3961 sit
1813 3909 1976 3974 Dmts,
2008 3912 2058 3965 et
2089 3928 2194 3965 non
2226 3914 2293 3966 sit

710 4000 851 4054 alius
891 4010 1087 4069 praeter
1128 4000 1319 4054 illum:
1358 4004 1609 4072 quodque
1644 4003 1865 4072 diligere
1898 4020 2020 4057 eum
2064 4020 2128 4058 ex
2182 4017 2293 4061 toto

709 4092 897 4155 corde,
934 4104 986 4145 et
1010 4109 1071 4145 ex
1112 4102 1222 4147 tota
1265 4094 1641 4164 intelligentia,
1676 4106 1730 4151 et
1766 4113 1828 4149 cx
1871 4099 2211 4160 tma'anima,
2236 4110 2293 4153 et

708 4200 773 4236 ex
806 4188 931 4237 tutis
976 4184 1205 4250 viribus,
1243 4200 1307 4240 ac
1336 4186 1559 4255 diligere
1605 4193 1910 4255 proximum
1939 4200 1995 4243 ιιι
2023 4192 2287 4259 seipsum,

710 4276 829 4338 plus
856 4276 929 4329 sit
957 4278 1400 4361 quam‘nuiversa
1445 4280 1912 4336 bolocaustomata
1944 4294 1997 4336 et
2031 4285 2285 4340 victima.

708 4368 774 4420 At
815 4365 974 4421 Jcsus
1016 4384 1140 4422 cum
1178 4369 1382 4424 videret
1430 4371 1571 4439 quod
1629 4374 1848 4427 cordate
1897 4378 2287 4443 reSpondisset,

709 4460 842 4513 dixit
874 4461 944 4513 illi
992 4479 1005 4515 :
1041 4459 1190 4514 llaud
1238 4462 1394 4531 longe
1442 4464 1569 4517 abes
1610 4480 1637 4516 a
1679 4480 1845 4533 regno
1887 4466 1997 4523 Dei.
2037 4469 2099 4522 Et
2131 4487 2289 4527 nemo

709 4563 827 4620 post
852 4554 941 4606 i'la
970 4553 1201 4608 audebat
1232 4553 1380 4607 illutn
1414 4556 1773 4625 interrogare.
1806 4578 1823 4610 ι
1852 4558 2134 4617 Matthaaus
2168 4566 2287 4632 qui-
2322 4593 2364 4648 Β

706 4648 827 4697 dem
886 4645 1056 4711 inquit
1112 4646 1252 4713 quod
1290 4655 1506 4699 tentans
1549 4649 1842 4703 accesserit
1874 4670 1887 4705 :
1922 4651 2131 4705 Marcus
2162 4669 2289 4708 vero

706 4737 837 4791 dicit
869 4742 1011 4805 quod
1047 4739 1342 4806 prudenter
1371 4740 1731 4807 responderit.
1766 4741 2014 4811 Nunquid
2046 4760 2175 4815 ergo
2207 4747 2287 4800 di-

706 4838 833 4880 cunt
869 4828 1182 4880 contraria?
1210 4828 1429 4884 Minime
1457 4848 1469 4884 :
1500 4832 1591 4883 sed
1616 4832 1907 4888 verisimile
1930 4847 2013 4889 est
2050 4838 2285 4904 primunt

705 4919 921 4988 quidem
972 4918 1147 4987 ipsum
1200 4926 1258 4974 ut
1300 4928 1601 4975 tentantem
1652 4922 2041 4994 interrogasse,
2095 4923 2291 4982 deinde

702 5028 826 5067 cum
856 5010 1146 5079 profuisset
1166 5014 1213 5067 ei
1243 5028 1562 5083 responsum
1586 5015 1815 5082 Christi,
1850 5030 1904 5072 et
1938 5020 2160 5073 cordate
2200 5035 2288 5073 re-

703 5104 1029 5171 spondisset,
1053 5103 1120 5157 ab
1157 5104 1248 5158 illo
1276 5106 1571 5163 laudatum.
1601 5105 1738 5163 Vide
1768 5120 1944 5164 autem
1971 5122 2026 5164 et
2050 5112 2284 5168 laudem.

704 5196 818 5252 Non
846 5198 1142 5266 perfectum
1173 5196 1319 5252 illum
1346 5208 1594 5256 testatur.
1622 5201 1737 5256 Non
1772 5204 1917 5256 enim
1952 5203 2109 5270 dixit,
2147 5204 2288 5259 Intra

704 5307 929 5359 regnum
953 5290 1212 5347 C(Blut‘utn
1240 5308 1299 5348 es
1326 5310 1339 5345 :
1373 5294 1488 5358 sed,
1517 5310 1620 5350 non
1652 5295 1840 5364 procul
1868 5312 1950 5352 es.
1988 5298 2167 5365 Quare
2194 5313 2290 5353 au-

705 5396 811 5435 tem
851 5384 990 5437 hanc
1032 5385 1374 5450 potissimum
1412 5388 1765 5441 oumstionem
1802 5387 2142 5457 legis-peritus
2201 5391 2291 5444 ille

704 5477 984 5540 proposuit
1009 5474 1263 5530 Christo?
1292 5475 1527 5531 Putabat
1568 5478 1887 5547 reprehendi
1918 5495 2077 5546 posse
2124 5480 2287 5536 Citri-

701 5576 865 5627 stum,
906 5566 998 5633 qui
1040 5569 1426 5624 emendaturus
1462 5579 1605 5624 esset
1640 5570 1831 5640 legem,
1866 5573 2009 5625 unde
2039 5576 2285 5627 accusari

702 5670 880 5727 posset
922 5669 1176 5728 tanquam
1220 5660 1350 5733 legis
1392 5663 1759 5719 adversarius.
1800 5662 1994 5719 Verum
2029 5667 2285 5722 Dominus

774 5845 814 5874 “
843 5842 1011 5896 litori.
1042 5862 1122 5898 ιιι.

2408 2430 2500 2482 καὶ
2520 2428 2676 2483 τοῦτο
2699 2429 2911 2490 σκόπει,
2938 2430 2970 2498 ἡ
2996 2429 3316 2493 ἀνάστασις,
3336 2429 3430 2482 τοῦ
3457 2429 3811 2492 πεπτωκότος
3844 2429 3999 2481 ἐστὶν

2403 2518 2719 2581 ἀνάστασις.
2758 2520 2961 2571 Ἐπεσε
3007 2517 3063 2570 δὲ
3092 2519 3202 2592 οὐχ
3241 2520 3274 2587 ἡ
3319 2518 3489 2589 ψυχὴ,
3539 2518 3807 2582 ἀθάνατος
3858 2519 3997 2587 γὰρ,

2403 2609 2541 2663 ἀλλά
2558 2609 2622 2662 τὸ
2650 2609 2829 2679 σῶμαο
2857 2609 3013 2661 τοῦτο
3036 2608 3145 2677 ἀρα
3171 2610 3266 2662 καὶ
3288 2611 3676 2681 ἀναστήσεται,
3709 2610 3998 2681 προσπλιο

2404 2702 2499 2753 κὲν
2540 2700 2701 2755 πάλιν
2730 2704 2796 2773 τῇ
2832 2701 3088 2772 ὁμοζύγῳ
3113 2700 3282 2772 φυήν

2476 2810 2495 2842 ι
2532 2792 2642 2846 Καὶ
2684 2792 3000 2861 προσελθὼν
3032 2788 3112 2856 εἷς
3158 2792 3268 2845 τῶν
3315 2792 3713 2863 Γραμματέων,
3747 2793 3998 2857 ἀκούσας

2401 2882 2580 2935 αὐτῶν
2632 2882 3031 2952 συξητούντων,
3077 2882 3235 2945 εἰδὼς
3290 2884 3373 2937 ὅτι
3424 2882 3605 2943 καλῶς
3646 2882 3831 2943 αὐτοῖς
3889 2882 3998 2933 ἀπ-

2400 2975 2613 3045 εκρίθη.
2655 2977 3015 3046 ἐπηρώτησεν
3048 2976 3231 3039 αὐτὸν,
3265 2974 3389 3027 ποία
3424 2976 3541 3027 ἐστὶ
3574 2973 3766 3044 πρώτη
3801 2974 3999 3028 πασῶν

2379 3070 2623 3153 ’ἐντολιίκ
2678 3071 2736 3122 '0
2781 3070 2837 3123 δὲ
2883 3070 3094 3139 Ἰησοῦς
3141 3069 3416 3139 ἀπεκρίθη
3455 3069 3624 3139 αὐτῷ,
3673 3070 3756 3122 ὅτι
3798 3068 3993 3139 πρώτη

2402 3162 2591 3215 πασῶν
2622 3161 2730 3215 τῶν
2764 3159 3017 3225 ἐντολῶν,
3052 3163 3250 3214 ’Ἄκουε
3291 3160 3528 3233 Ἰσραὴλ,
3558 3160 3759 3230 Κύριος
3794 3162 3822 3213 ὁ
3860 3159 3998 3222 Θεὸς

2399 3257 2581 3326 ἡμῶν,
2631 3256 2836 3327 Κύριος
2862 3251 2943 3321 εἷς
2974 3257 3111 3321 ἐστι,
3162 3256 3257 3309 καὶ
3290 3256 3601 3327 ἀγαπήσεις
3644 3254 3852 3325 Κύριον
3903 3254 3999 3306 τὸν

2396 3347 2531 3400 Θεὸν
2571 3364 2666 3401 σου
2701 3346 2762 3411 εξ
2795 3346 2924 3417 ὅλης
2961 3348 3060 3417 τῆς
3101 3348 3333 3418 καρδίας
3364 3349 3612 3426 σου.,καὶ
3641 3346 3700 3411 ἐξ
3728 3347 3856 3414 ὅλης
3892 3346 3997 3415 τῆς

2395 3441 2577 3512 ψυχῆς
2622 3458 2739 3505 σου,
2791 3442 2885 3495 καὶ
2925 3442 2985 3507 ἐξ
3027 3442 3155 3509 ὅλης
3203 3443 3304 3512 τῆς
3343 3442 3583 3507 διανοίας
3640 3459 3754 3503 σου,
3807 3444 3904 3495 καὶ
3932 3442 3995 3508 ἐξ

2396 3534 2527 3605 ὅλης
2547 3536 2644 3603 τῆς
2686 3534 2868 3605 ίσχύος
2896 3553 3011 3589 σου.
3045 3535 3194 3607 Αὕτη
3224 3535 3419 3607 πρώτη
3459 3535 3646 3603 ἐντολή
3670 3551 3683 3565 ⁸
3723 3535 3815 3590 καὶ
3866 3535 3993 3588 δευ-

2397 3627 2531 3696 τέρα
2579 3627 2740 3695 ὁμοία
2782 3626 2960 3696 αὕτη·
3006 3628 3344 3699 Ἀγαπήσεις
3385 3628 3477 3681 τὸν
3511 3626 3736 3698 πλησίον
3769 3644 3865 3680 σου
3914 3627 3994 3691 ὡς

2399 3718 2647 3773 σεαυτόν.
2709 3719 2931 3781 Μείζων
2984 3719 3191 3773 τούτων
3249 3720 3385 3790 ἄλλη
3445 3720 3632 3789 ἐντολὴ
3689 3720 3792 3772 οὐκ
3843 3720 3989 3773 ἐστι.

2397 3814 2507 3867 Καὶ
2535 3806 2690 3866 εἶπεν
2739 3814 2887 3883 αὑτῷ
2919 3816 2948 3867 ὅ
2987 3814 3389 3885 Γραμματεύςο
3427 3814 3643 3878 Καλῶς,
3674 3814 3993 3877 διδάσκαλε,

2396 3908 2484 3960 ἐπ’
2533 3907 2801 3975 ἀληθείας
2858 3903 3032 3971 εἶπες,
3082 3910 3166 3961 ὅτι
3219 3901 3299 3971 εἷς
3356 3908 3473 3961 ἐστι
3526 3909 3683 3971 Θεδς,
3734 3908 3829 3961 καὶ
3886 3908 3993 3961 οὐκ

2396 3998 2543 4051 ἔστιν
2579 3999 2739 4062 ἀλλος
2779 4001 2921 4070 πλὴν
2966 3999 3155 4064 αὐτοῦ,
3214 4002 3310 4053 καὶ
3346 4002 3408 4053 τὸ
3456 4002 3681 4071 ἀγαπᾷν
3715 4000 3880 4054 αὑτὸν
3926 4001 3993 4066 ἐξ

2393 4091 2524 4157 ὅλης
2566 4093 2663 4161 τῆς
2711 4091 2962 4161 καρδίας,
3010 4092 3101 4143 καὶ
3134 4093 3193 4157 ἐξ
3232 4091 3361 4162 ὅλης
3399 4092 3496 4161 τῆς
3538 4091 3833 4155 συνέσεως,
3892 4094 3991 4143 καὶ

2395 4182 2455 4247 ἐξ
2477 4182 2604 4251 ὅλης
2634 4181 2735 4251 τῆς
2766 4182 2968 4251 ψυχῆς.
3015 4184 3105 4235 καὶ
3139 4182 3198 4248 ἐξ
3230 4182 3359 4253 ὅλης
3403 4183 3500 4253 τῆς
3545 4183 3751 4251 ἰσχύος,
3787 4184 3883 4236 καὶ
3927 4184 3992 4237 τὸ

2394 4277 2619 4346 ἀγαπᾷν
2648 4277 2741 4329 τὸν
2786 4275 3015 4343 πλησίον
3048 4275 3124 4338 ὠς
3151 4277 3369 4340 ἑαυτὸν,
3398 4276 3583 4330 πλεῖόν
3617 4278 3736 4329 ἐστι
3766 4277 3992 4331 πάντων

2394 4364 2501 4417 τῶν
2525 4366 2994 4435 ὁλοκαυτωμάτων
3029 4367 3123 4420 καὶ
3154 4368 3265 4419 τῶν
3316 4367 3537 4423 θυσιῶν.
3574 4369 3683 4421 Καὶ
3712 4369 3740 4420 ὁ
3777 4368 3993 4435 Ἰησοῦς

2398 4458 2542 4521 ἰδὼν,
2570 4459 2651 4511 ὅτι
2691 4461 2959 4529 νουνεχῶς
3001 4461 3299 4531 ἀπεκρίθη,
3338 4456 3493 4515 εἶπεν
3532 4461 3682 4531 αὑτῷ
3709 4479 3721 4489 ·
3758 4463 3833 4515 Οὐ
3878 4481 3994 4530 μα-

2396 4552 2534 4619 κρὰν
2565 4546 2614 4603 εἷ
2636 4551 2744 4603 ἀπὸ
2764 4552 2860 4619 τῆς
2890 4552 3168 4621 βασιλείας
3192 4555 3288 4607 τοῦ
3314 4552 3473 4607 θεοῦ.
3510 4556 3621 4608 Καὶ
3648 4556 3827 4618 οὐδεὶς
3851 4557 3990 4609 οὐκ·

2394 4646 2474 4696 ἐτι
2524 4644 2725 4713 ἐτόλμα
2763 4646 2925 4697 αὑτὸν
2977 4648 3345 4716 ἐπερωτῆσαι.
3392 4666 3409 4699 ι
3466 4645 3526 4701 ’0
3575 4646 3674 4717 μὲν
3703 4649 3993 4713 Ματθαῑός

2394 4754 2582 4807 φησιν,
2602 4737 2682 4788 ὅτι
2710 4738 2989 4810 πειράζων
3012 4739 3341 4809 προσῆλθεν,
3368 4743 3395 4792 ὀ
3414 4739 3470 4792 δὲ
3494 4740 3725 4811 Μάρκος
3750 4740 3993 4796 ἐνταῦθα

2392 4828 2566 4895 λέγει,
2609 4829 2691 4881 ὅτι
2724 4829 2991 4899 νουνεχῶς
3021 4831 3319 4902 ἀπεκρίθη.
3351 4827 3499 4903 Ἀρα
3541 4828 3635 4888 οὖν
3661 4836 3995 4904 tvm-usvm-

2391 4919 2575 4987 νοῦσι;
2604 4921 2760 4991 Οὑχ“,
2791 4921 2906 4975 ἀλλ’
2939 4924 3085 4985 είκδς
3107 4924 3325 4994 πρῶτον
3369 4926 3470 4995 μὲν
3500 4926 3663 4979 αὑτὸν
3688 4927 3764 4995 ὼς
3786 4928 3993 4999 πειρά-

2388 5011 2553 5077 ζοντα
2580 5017 2715 5083 spur.
2752 5032 2881 5083 ραι,
2934 5014 3053 5069 εἶτα
3088 5017 3441 5088 ὠφεληθέντα
3474 5019 3583 5072 ἀπὸ
3602 5020 3703 5089 τῆς
3748 5022 3992 5094 ἀποκρί-

2392 5126 2529 5171 σεως
2565 5109 2660 5161 τοῦ
2690 5109 2954 5177 Χριστοῦ,
2983 5112 3077 5164 καὶ
3105 5112 3371 5183 νουνεχῶς
3398 5113 3789 5185 ἀποκριθέντα,
3822 5119 3992 5171 ἐπαι-

2392 5206 2639 5273 νεθῆναι.
2674 5208 2818 5277 Ὅρα
2850 5206 2908 5259 δὲ
2953 5207 3049 5260 καὶ
3082 5213 3175 5260 τὸν
3208 5208 3449 5276 ἔπαινον,
3486 5211 3604 5276 πῶς
3635 5216 3757 5284 οὐχὶ
3779 5214 3991 5271 τέλειον

2390 5298 2553 5350 αὐτὸν
2581 5296 2717 5351 εἶναι
2753 5301 3041 5370 μαρτυρεῖ·
3072 5299 3147 5351 οὐ
3175 5300 3283 5371 γὰρ
3308 5286 3572 5356 εἶπενδτί
3599 5304 3783 5369 Ἐντὸς
3809 5300 3861 5359 εἴ
3887 5309 3993 5377 τῆς

2392 5389 2672 5459 βασιλείας
2714 5393 2809 5444 τοῦ
2843 5392 2980 5445 Θεοῦ
3005 5432 3019 5457 ,
3051 5393 3167 5445 ἀλλ’
3212 5394 3273 5446 οὐ
3324 5394 3544 5465 μακρὰν
3598 5390 3669 5451 εῐ.
3732 5400 3889 5467 Τίνος
3930 5401 3990 5455 δὲ

2391 5480 2579 5537 ἕνεκεν
2632 5484 2767 5546 ὅλως
2814 5484 3019 5553 ταύτην
3064 5486 3163 5555 τὴν
3212 5486 3483 5560 ἐρώτησιν
3516 5491 3885 5561 προεϐάλλετο
3911 5496 3992 5564 τῷ

2394 5576 2617 5647 Χριστῷ
2644 5580 2673 5631 ὀ
2700 5578 2922 5647 νομικὸς
2956 5575 3140 5645 οὗτος;
3176 5580 3434 5651 Νομίζων
3478 5585 3845 5655 ἐπιλήψεσθαι
3892 5588 3990 5642 τοῦ

2396 5668 2633 5738 Χριστοῦ
2648 5669 2725 5732 ὡς
2742 5670 3267 5744 ὲπιδιορθωσομένου
3282 5676 3372 5727 τὸν
3390 5676 3577 5745 νόμον,
3605 5680 3702 5731 καὶ
3718 5679 3805 5732 διά
3827 5680 3992 5735 τοῦτο
