4272 6438
703 412 802 480 631

1615 413 2197 476 THEOPHYLACTI
2238 414 2652 478 BULGARI/E
2695 414 3052 478 ARCHIEP.

3839 420 3952 482 632

706 545 826 583 esse
874 529 1040 584 ﬁlium
1092 527 1402 590 David,sed
1453 539 1556 580 non
1593 525 1901 582 Dominum.
1929 526 2272 581 Demonstrat
2298 532 2393 600 At

2298 532 2347 590 Α
2377 529 2593 600 ματέων
2644 526 2822 596 δόξαν,
2889 529 3386 601 ὑπολαμϐανόντων
3421 537 3512 584 τδν
3549 532 3782 603 Χριστὸν
3807 531 3959 591 εἶναι

710 621 870 686 igitur
897 631 955 674 se
989 619 1154 673 Deum
1186 632 1251 672 ex
1292 619 1423 686 ipsis
1457 618 1622 672 Davld
1657 617 1835 674 verbls
1867 637 1880 670 :
1907 625 1959 672 et
1996 633 2102 672 non
2136 620 2274 672 sim-

710 713 934 781 pliciter,
957 713 1052 766 sed
1083 713 1341 776 deterret,
1369 725 1433 764 eo
1462 711 1611 780 quod
1637 710 1787 774 dicit,
1818 725 1836 762 ι
1871 709 2050 765 Donec
2081 724 2278 780 posue-

711 822 769 858 ro
801 805 1045 858 inimicos
1093 809 1214 857 tuos
1245 804 1532 858 scabellum
1567 800 1762 874 pedum
1795 801 2032 858 tuorum.
2083 824 2104 857 ι
2142 803 2276 860 Nam

708 895 804 962 ipsi
843 896 1068 950 omnino
1105 903 1257 950 erant
1291 896 1492 948 inimici
1543 897 1682 966 ejus,
1729 895 1863 964 ques
1913 898 2096 965 posuit
2139 897 2277 952 Deus

708 987 865 1039 Pater
887 977 1177 1040 scabellum
1207 991 1395 1056 pedum
1430 988 1650 1042 Christi.
1682 987 1816 1041 Vide
1846 988 2024 1043 autem
2057 999 2106 1044 et
2139 1005 2279 1059 quo-

709 1081 867 1133 modo
899 1081 1212 1150 interroget.
1241 1081 1351 1134 Non
1385 1081 1528 1133 enim
1559 1079 1693 1134 dixit
1721 1097 1735 1132 :
1760 1080 1901 1145 Quid
1933 1081 2086 1136 vobis
2128 1083 2278 1137 vide-

705 1183 792 1222 tnr
823 1172 888 1222 de
925 1187 1030 1237 me,
1053 1174 1168 1232 sed,
1193 1173 1256 1226 de
1286 1171 1537 1225 Citristo?
1567 1171 1631 1225 Et
1676 1173 1749 1225 ita
1799 1187 1903 1226 non
1957 1172 2274 1241 perstringit

705 1260 910 1315 eos.Et
966 1274 1138 1329 neque
1191 1263 1413 1331 potestis
1463 1264 1593 1316 mihi
1647 1263 1828 1317 dicere
1878 1254 2019 1332 quod
2071 1263 2276 1330 absque

707 1351 910 1419 Spiritu
945 1354 1044 1406 hoc
1071 1353 1268 1415 dixerit
1300 1353 1490 1419 David,
1515 1353 1607 1408 sed
1641 1351 1872 1422 Spiritus
1902 1353 2072 1407 sancti
2093 1351 2271 1408 afﬂatu

707 1446 838 1496 dixit
872 1458 992 1497 eum
1032 1444 1342 1510 Dominum,
1377 1446 1430 1500 id
1455 1457 1537 1501 est
1572 1455 1751 1502 motus
1795 1447 1964 1515 gratia
2017 1445 2272 1515 Spiritus.

706 1535 984 1599 Quomodo
1039 1551 1169 1606 ergo
1217 1539 1464 1592 Christus
1519 1538 1661 1592 ﬁlius
1710 1550 1794 1592 est
1843 1539 2028 1604 David,
2056 1554 2121 1591 an
2170 1554 2274 1592 non

707 1624 966 1680 Dominus
998 1629 1112 1695 ejus
1153 1638 1207 1682 et
1243 1629 1414 1684 Deus?
1440 1628 1620 1684 Turba
1652 1629 1817 1699 igitur
1847 1630 2102 1685 audiebat
2146 1644 2270 1684 eum

707 1719 955 1773 libenter.
1009 1720 1071 1774 Et
1124 1721 1338 1775 dicebat
1389 1722 1558 1776 turba:
1591 1739 1603 1775 :
1636 1722 1836 1777 Cavete
1870 1737 1900 1776 a
1929 1723 2157 1786 Scribis,
2183 1724 2274 1792 qui

705 1809 1094 1878 splendidiores
1122 1810 1302 1866 ferunt
1335 1813 1526 1876 stolas,
1553 1821 1608 1867 et
1643 1822 1862 1882 propter
1895 1813 2014 1867 illas
2050 1813 2272 1880 praefer-

2381 623 2495 674 υίδν
2517 621 2610 674 τοῦ
2633 621 2815 688 Δαϐὶδ,
2848 619 2964 676 ἀλλ’
2977 623 3102 693 οὐχὶ
3140 621 3350 693 κύριον.
3372 623 3748 679 ’Δποδείκνυσι
3775 627 3962 680 τοίνυν

2379 711 2572 765 ἑαυτὸν
2590 711 2742 777 Θιδν,
2775 710 2836 775 ἐξ
2863 711 3042 765 αὐτῶν
3069 711 3179 766 τῶν
3212 712 3306 766 τοῦ
3342 712 3505 767 Δαϐὶδ
3531 715 3810 785 ῥημάτων,
3865 719 3963 770 καὶ

2378 805 2478 874 οὐχ
2511 804 2718 867 ἁπλῶς,
2762 804 2876 858 ἀλλ’
2907 805 3157 874 ἐκφοϐῶν
3188 805 3276 859 διὰ
3302 806 3396 858 τοῦ
3420 806 3624 874 λέγειν,
3667 825 3686 858 t
3728 809 3870 872 Ἕως
3892 809 3962 860 ἂν

2382 893 2458 947 θῶ
2487 897 2612 958 τοὺς
2667 897 2896 969 ἐχθρούς
2937 915 3032 950 σου
3065 897 3361 951 ὑποπόδιον
3392 897 3502 950 τῶν
3557 897 3735 950 ποδῶν
3767 916 3882 954 σου.
3937 918 3958 951 ι

2376 987 2539 1040 Αὐτοὶ
2565 987 2620 1040 δὲ
2645 990 2862 1051 πάντως
2897 984 3038 1060 ἦσαν
3059 990 3107 1042 οί
3142 989 3329 1061 ἐχθροὶ
3376 988 3563 1054 αὐτοῦ,
3604 988 3697 1053 οὒς
3762 989 3966 1059 ἔθηκεν

2378 1079 2406 1131 δ
2437 1078 2570 1142 Θεὸς
2610 1079 2703 1134 καὶ
2759 1079 2952 1150 Πατὴρ
3006 1079 3298 1132 ὑποπόδιον
3340 1078 3448 1132 τῶν
3497 1080 3674 1133 ποδῶν
3704 1081 3796 1132 τοῦ
3827 1081 3967 1148 Χρι-

2380 1171 2526 1225 στοῦ.
2558 1171 2700 1241 Ὅρα
2728 1171 2783 1224 δὲ
2815 1172 2907 1224 καὶ
2930 1172 3048 1234 πῶς
3077 1174 3280 1243 ἐρωτᾷ.
3301 1173 3376 1226 Οὐ
3404 1173 3515 1242 γὰρ
3546 1167 3692 1237 εἷπε,
3730 1169 3794 1224 Τί
3831 1171 3967 1239 ὐμῖν

2378 1262 2528 1316 δοκεῖ
2564 1265 2692 1333 περὶ
2721 1265 2879 1334 ἐμοῦ,
2921 1265 3080 1330 ἀλλὰ,
3114 1265 3243 1334 περὶ
3274 1265 3366 1318 τοῦ
3398 1263 3673 1334 Χριστοῦς
3703 1263 3842 1316 ῶστε
3885 1263 3965 1331 μὴ

2378 1353 2580 1422 πλῆξαι
2611 1355 2829 1416 αὐτούς.
2861 1353 3000 1407 Ἀλλ’
3028 1355 3146 1407 οὐδὲ
3179 1355 3330 1424 ἔχετέ
3361 1372 3447 1423 μοι
3480 1355 3657 1407 εἰπεῖν
3684 1354 3766 1406 ὅτι
3788 1354 3967 1422 χωρλς

2379 1445 2473 1499 τοῦ
2510 1445 2829 1515 Πνεύματος
2850 1445 3008 1499 τοῦτο
3030 1441 3182 1498 εἶπεν
3209 1449 3236 1499 ὁ
3253 1445 3433 1510 Δαϐ¹ιδ,
3459 1446 3572 1498 ἀλλ’
3607 1447 3663 1496 ὲν
3682 1445 3968 1512 Πνεύματι

2379 1537 2640 1591 ἐκάλεσεν
2670 1539 2833 1590 αὐτὸν
2861 1538 3084 1608 Κύριον,
3114 1538 3380 1602 τουτέστι,
3411 1540 3476 1608 τῇ
3509 1537 3604 1590 τοῦ
3647 1538 3968 1604 Πνεύματος

2380 1629 2696 1697 κινούμενος
2751 1629 2955 1697 χάριτι.
3025 1628 3151 1690 Πῶς
3200 1624 3292 1682 οῦν
3323 1631 3350 1681 ὁ
3392 1629 3626 1699 Χριστὸς
3691 1628 3804 1689 υίός
3847 1627 3970 1678 ἐστι

2377 1720 2472 1774 τοῦ
2524 1720 2710 1784 Δαϐὶδ,
2768 1720 2882 1773 ἀλλ’
2934 1721 3053 1789 οὐχὶ
3101 1721 3194 1772 καὶ
3239 1719 3426 1790 κύριος
3467 1717 3631 1772 αὐτοῦ
3659 1718 3750 1771 καὶ
3789 1716 3968 1779 Θεόςς

2392 1813 2453 1867 Ὀ
2480 1813 2572 1866 οῦν
2592 1813 2748 1881 δχλος
2773 1813 2968 1881 ήκουεν
3004 1811 3168 1864 αὐτοῦ
3185 1812 3373 1880 ἡδέως.
3400 1811 3510 1864 Kal
3538 1811 3723 1874 ἔλεγεν
3755 1809 3970 1871 αὐτοῖς,

711 1902 750 1952 ri
785 1899 986 1975 volunt,
1015 1902 1478 1972 salutationesqne
1509 1914 1563 1958 et
1601 1881 1945 1959 celebritates
1999 1905 2100 1958 fori
2152 1920 2278 1974 pru-
2310 1881 2354 1938 Β
2385 1923 2398 1949 ε

2310 1881 2354 1938 Β
2385 1907 2499 1966 τοῖς
2535 1904 2627 1957 τοῦ
2658 1905 2816 1973 ὖχλου
2847 1905 3013 1973 φημὶ,
3039 1902 3377 1955 Φυλάττεσθε
3413 1903 3521 1957 ἀπὸ
3550 1903 3660 1954 τῶν
3701 1902 3972 1968 Γραμμα-

707 1992 924 2057 baut,et
949 1991 1130 2060 gloriae
1162 1994 1416 2050 omnibus
1445 1995 1622 2050 modis
1658 1998 1878 2050 student
1914 2013 1928 2049 :
1966 1996 2057 2064 qui
2088 2006 2143 2050 et
2170 1995 2272 2050 do-

708 2097 826 2136 mus
866 2085 1148 2138 viduarum
1182 2087 1488 2142 comedunt.
1536 2086 1700 2159 25.0
1740 2087 1890 2142 Clam
1930 2089 2072 2142 enim
2122 2102 2279 2144 acce-

707 2174 840 2227 dunt
865 2177 926 2227 ad
960 2177 1217 2232 mulieres
1250 2177 1502 2246 praesidio
1530 2182 1841 2242 destitutas.
1863 2181 2017 2249 quasi
2063 2180 2278 2234 illarum

710 2264 873 2319 futuri
916 2277 1119 2323 tutores
1148 2279 1201 2322 et
1233 2270 1466 2336 patroni,
1493 2281 1546 2326 et
1580 2282 1840 2340 praetextu
1876 2274 2046 2340 longae
2075 2275 2280 2328 oratio-

711 2359 794 2411 nis
828 2369 878 2412 et
907 2359 1122 2426 pietatis
1158 2363 1338 2416 colore
1369 2373 1420 2415 et
1452 2365 1794 2419 simulatione
1840 2365 2117 2434 decipiunt
2147 2367 2278 2419 sim-

707 2448 977 2517 pliciores,
1002 2454 1324 2508 devorantes
1357 2457 1547 2510 domos
1575 2455 1823 2511 divitum.
1854 2457 1934 2511 Illi
1966 2458 2130 2526 igitur
2161 2473 2285 2526 gra-

709 2542 911 2596 viorem
973 2545 1242 2612 accipient
1298 2547 1724 2614 damnationem,
1762 2563 1925 2617 quam
1974 2549 2065 2603 alii
2113 2548 2283 2604 Judaei

707 2645 1016 2701 peccantes.
1062 2634 1317 2692 Potentes
1363 2640 1506 2692 enim
1560 2640 1834 2707 potentius
1889 2640 2182 2707 punientur
2213 2641 2284 2694 "’.

713 2725 930 2780 Interim
965 2737 1019 2782 et
1055 2730 1328 2796 apostolos
1360 2734 1516 2785 docet
1553 2747 1618 2784 ne
1645 2732 1796 2801 juxta
1823 2731 2136 2786 Scribarum
2169 2747 2287 2786 m0-

709 2831 820 2870 rem
875 2818 1075 2883 vivant,
1105 2822 1197 2875 sed
1249 2821 1424 2890 ipsum
1481 2824 1777 2878 imitentur.
1825 2825 2082 2879 Doctores
2133 2822 2280 2876 enim

709 2908 830 2962 illos
860 2911 1118 2966 ordinans
1148 2925 1576 2969 consentaneum
1616 2923 1753 2978 erat,
1819 2926 1874 2968 nt
1905 2926 1959 2970 et
1990 2917 2110 2968 vitae
2171 2929 2281 2969 sua:

707 2998 906 3054 faceret
937 3003 1256 3060 imitatores.

2383 1998 2544 2058 τέων,
2590 1997 2700 2049 τῶν
2755 1997 2944 2059 στολὰς
3001 1997 3312 2066 φορούντων
3362 1995 3712 2064 σεμνοτέρας,
3770 1997 3866 2045 καὶ
3910 1994 3975 2044 ὲκ

2376 2090 2581 2143 τούτων
2639 2090 2904 2142 θελόντων
2981 2091 3375 2160 προτιμᾶσθαι,
3438 2091 3532 2142 καὶ
3591 2090 3718 2149 τοὺς
3788 2089 3974 2138 ἀσπα-

2381 2183 2550 2250 σμοῦς
2585 2180 2641 2234 δὲ
2676 2182 2770 2233 καὶ
2829 2182 2926 2244 τὰς
2953 2182 3232 2251 εὐφημίας
3281 2179 3694 2248 ἀποδεχομένων
3737 2180 3794 2228 ὲν
3851 2177 3976 2237 ταῖς

2379 2274 2639 2343 ἀγοραῖς,
2695 2273 2788 2326 καὶ
2834 2274 2935 2326 ὅσα
2996 2273 3131 2327 ἀλλα
3193 2273 3330 2342 πρὸς
3392 2272 3552 2337 δόξαν
3615 2269 3976 2339 ὲπιτηδευόνυ

2381 2382 2508 2426 των,
2539 2365 2589 2417 οἶ
2624 2368 2720 2418 καὶ
2791 2366 2889 2428 τὰς
2941 2366 3118 2430 οἰκίας
3179 2366 3288 2417 τῶν
3323 2365 3506 2435 χηρῶν
3564 2362 3973 2417 κατεσθίουσιν.

2396 2455 2826 2524 ’Υπεισήρχοντο
2847 2457 2956 2526 γὰρ
3013 2458 3110 2519 τὰς
3164 2455 3638 2526 ἀπροστατεύτους
3674 2455 3975 2522 γυναῖκας.

2383 2546 2460 2608 ὡς
2490 2545 2653 2614 δῆθεν
2675 2549 2981 2616 προστάται
3037 2548 3217 2601 αὐτῶν
3254 2547 3526 2618 ἐσόμενοι,
3565 2547 3660 2600 καὶ
3693 2546 3981 2614 προφάσει

2386 2638 2478 2687 τοῦ
2512 2635 2702 2706 μακρά
2732 2638 3152 2708 προσεύχεσθαι,
3180 2638 3275 2691 καὶ
3304 2637 3656 2708 προσχήματι
3683 2632 3980 2694 εὐλαϐείας

2386 2730 2481 2780 καὶ
2561 2729 2854 2800 ὑποκρίσει
2916 2731 3234 2794 ἀπατῶντες
3324 2733 3452 2792 τοὺς
3534 2728 3983 2797 ἀφελεστέρους,

2392 2819 2685 2888 κατήσθιον
2749 2822 2849 2884 τάς
2901 2823 3079 2884 οίκίας
3127 2822 3235 2875 τῶν
3276 2821 3569 2874 πλουσίων.
3598 2815 3766 2875 ,οὗτοι
3797 2818 3985 2870 τοίνυν

2391 2914 2782 2985 περισσότερον
2817 2913 3320 2985 κατακριθήσονται
3357 2912 3468 2966 τῶν
3495 2913 3671 2966 ἄλλων
3704 2909 3989 2964 Ἰουδαίων

2392 3009 2499 3059 τῶν
2529 3008 2976 3076 ἁμαρτανόντων.
3024 3008 3255 3062 Δυνατολ
3291 3008 3423 3079 γάρ,
3469 3005 3714 3067 δυνατῶς
3746 3001 3988 3070 δτασθή⁶

714 3107 917 3146 σονται.
955 3095 1106 3164 ’Ἅμα
1164 3097 1221 3150 δὲ
1268 3097 1359 3150 διὰ
1413 3097 1622 3152 τούτων
1655 3100 1908 3163 καὶτοὺς
1956 3098 2290 3159 ἀποστόλους
2369 3079 2614 3151 διδάσκει
2675 3100 2748 3170 μὴ
2799 3100 2943 3153 κατὰ
2992 3102 3119 3162 τοὺς
3167 3100 3519 3170 Γραμματεῖς
3576 3094 3984 3158 πολιτεύεσθαι,

709 3184 824 3236 ἀλλ’
879 3185 1042 3239 αὐτὸν
1100 3187 1407 3257 μιμεῖσθαι.
1482 3189 1849 3254 Διδασκάλους
1903 3191 2013 3262 γάρ
2052 3191 2248 3253 αὐτοὺς
2293 3192 2893 3263 χειροτονῶν,είκότως
2930 3194 3024 3245 καὶ
3074 3196 3202 3262 περὶ
3273 3191 3366 3244 τοῦ
3445 3191 3562 3262 βίου
3609 3191 3796 3252 αὐτοῖς
3850 3190 3988 3242 ὑπο·

707 3278 932 3333 τίθεται,

781 3373 943 3427 Vens.
970 3374 1162 3429 41-44.
1215 3393 1234 3426 ι
1277 3374 1344 3430 Ει
1380 3391 1502 3431 cum
1553 3376 1763 3432 sederet
1786 3375 1944 3431 Jesus
1971 3391 2038 3431 ex
2059 3377 2288 3431 adverso
2321 3383 2362 3438 C

710 3467 1101 3537 g.iz0phylacii,
1135 3469 1412 3537 spectabat
1449 3469 1718 3535 quomodo
1755 3468 1909 3522 turba
1945 3469 2180 3522 mitteret
2214 3482 2288 3522 aes

713 3557 764 3610 in
795 3556 1261 3627 gazophylacium,
1287 3567 1338 3611 et
1365 3557 1518 3612 multi
1548 3558 1743 3612 divites
1767 3559 2049 3613 mittebant
2077 3558 2239 3611 multa
2273 3576 2286 3612 :

710 3659 763 3703 et
815 3650 959 3704 venit
1009 3649 1253 3719 quaedam
1291 3650 1450 3705 vidua
1502 3665 1724 3722 pauper,
1773 3652 2030 3722 misitque
2085 3652 2288 3704 minuta

714 3740 840 3803 duo,
865 3739 1005 3806 quod
1035 3747 1119 3793 est
1143 3739 1436 3809 quadrans.
1469 3738 1800 3810 Vocatisque
1829 3740 1894 3796 ad
1927 3757 1985 3796 se
2009 3740 2292 3810 discipulis

713 3833 825 3885 suis
869 3831 998 3885 dicit
1045 3832 1148 3885 illis
1183 3850 1196 3885 :
1233 3835 1400 3889 Amen
1433 3833 1552 3886 dico
1584 3833 1754 3896 vobis,
1787 3834 1929 3901 quod
1985 3834 2141 3886 vidua
2176 3834 2288 3886 haec

713 3940 914 3993 pauper
963 3924 1084 3993 plus
1130 3925 1301 3990 misit,
1346 3941 1507 3994 quam
1563 3940 1754 3981 omnes
1788 3927 1876 3995 qui
1915 3927 2181 3980 miserunt
2229 3928 2279 3980 in

714 4016 1182 4086 gawphylaeium.
1213 4016 1345 4071 Nam
1382 4031 1568 4071 omnes
1593 4031 1657 4070 ex
1693 4031 1758 4072 eo
1789 4017 1930 4084 quod
1967 4017 2099 4085 ipsis
2128 4031 2290 4086 supe-

715 4118 878 4171 rerat,
903 4109 1160 4162 miserunt
1194 4127 1208 4165 :
1240 4121 1294 4162 at
1332 4111 1441 4161 Inec
1475 4129 1502 4157 υ
1535 4109 1758 4178 penuria
1791 4124 1886 4163 sua
1923 4109 2102 4162 omnia
2152 4123 2296 4176 qua?-

714 4215 924 4265 wnqne
961 4201 1188 4254 habebat
1217 4201 1384 4260 misit,
1424 4210 1589 4253 totam
1621 4201 1984 4255 substantiam
2031 4214 2207 4254 suam.
2273 4218 2288 4248 ο

2473 3395 2490 3426 ι
2533 3375 2641 3428 Καὶ
2663 3375 2891 3437 καθίσας
2947 3375 2975 3427 ὁ
3015 3372 3219 3444 Ἰησοῦς
3268 3373 3554 3426 κατέναντι
3596 3368 3692 3422 τοῦ
3736 3369 3984 3436 γαζοφυο

2392 3465 2604 3528 λακίου,
2639 3465 2868 3535 ἐθεώρει
2926 3463 3043 3526 πῶς
3089 3464 3118 3516 ὁ
3175 3462 3329 3533 δχλος
3366 3461 3548 3532 βάλλει
3581 3459 3781 3528 χαλκὸν
3821 3459 3902 3518 είς
3928 3456 3988 3509 τὸ

2393 3557 2817 3627 γαζοφυλάκιον.
2850 3556 2961 3610 Καὶ
2985 3555 3170 3608 πολλοὶ
3211 3555 3457 3608 πλούσιοι
3523 3552 3753 3606 ἔϐαλλον
3785 3549 3985 3612 πολλὰ,

2398 3650 2490 3703 καὶ
2521 3647 2754 3701 ἐλθοῦσα
2805 3649 2904 3718 μία
2956 3649 3102 3718 χήρα
3152 3646 3342 3723 πτωχὴ
3373 3645 3566 3698 ἔϐαλλε
3611 3643 3785 3697 λεπτά
3809 3644 3928 3705 δύο,
3959 3641 3988 3693 δ

2395 3741 2511 3794 ἐστι
2545 3740 2862 3810 κοδράντης.
2894 3740 3003 3792 Καὶ
3034 3738 3551 3810 προσκαλεσάμενος
3572 3737 3703 3797 τοῦς
3733 3733 3989 3805 μαθητάς

2395 3835 2584 3901 αὐτοῦ,
2615 3834 2765 3901 λέγει
2817 3833 3036 3896 αὐτοῖς’
3102 3833 3274 3902 Ἀμὴν
3311 3832 3454 3898 λέγω
3499 3833 3628 3900 ὑμῖν
3653 3830 3736 3882 ὅτι
3767 3831 3799 3898 ή
3843 3830 3991 3896 χήρα

2397 3929 2536 3997 αῦτη
2579 3929 2826 3997 ήπτωχὴ
2881 3925 3069 3978 πλεῖον
3090 3925 3310 3978 πάντων
3367 3923 3600 3994 βὲϐληκε
3629 3922 3738 3974 τῶν
3791 3921 3990 3990 βαλόν-

2396 4038 2504 4072 των
2535 4019 2612 4080 είς
2640 4019 2700 4070 τὸ
2717 4019 3146 4086 γαζοφυλάκιον.
3185 4017 3394 4078 Πάντες
3433 4016 3542 4084 γὰρ
3568 4018 3632 4067 ὲκ
3659 4012 3755 4066 τοῦ
3787 4028 3989 4079 ττερισ⁸

2399 4109 2655 4171 σεύοντος
2698 4110 2882 4170 αὐτοῖς
2911 4108 3122 4170 ἔϐαλον,
3152 4107 3290 4174 αῦτη
3321 4107 3398 4171 δὲ,
3423 4108 3486 4158 ὲκ
3505 4106 3602 4174 τῆς
3635 4103 3991 4171 ὑστερήσεως

2397 4204 2590 4271 αὐτῆς,
2628 4201 2807 4254 πάντα
2849 4203 2949 4254 ὅσα
3013 4196 3158 4269 εἶχεν
3193 4200 3408 4266 ἔϐαλεν,
3462 4198 3582 4251 ὅλον
3611 4197 3704 4248 τὸν
3743 4195 3861 4265 βίον
3891 4195 3993 4247 αὐ-

717 4293 975 4346 Mirabilis
1023 4294 1268 4361 qumdam
1320 4291 1654 4346 consuetudo
1711 4293 1849 4360 apud
1891 4291 2104 4346 Judzcos
2153 4300 2290 4345 erat.

715 4385 816 4451 Qui
844 4384 983 4438 enim
1016 4384 1261 4452 poterant
1288 4392 1341 4438 ct
1373 4383 1642 4444 volebant,
1666 4381 1958 4436 mittebant
1991 4383 2042 4434 in
2077 4384 2294 4435 thesau-

718 4494 832 4530 rum
887 4477 1204 4546 templi,qui
1265 4477 1559 4530 vocabatur
1608 4475 2076 4545 gazophylacium,
2107 4488 2136 4526 e
2186 4487 2296 4542 quo
2404 4521 2405 4529 χ

2404 4484 2483 4546 είς
2513 4487 2603 4535 τδν
2651 4483 2708 4534 ὲν
2761 4480 2836 4550 τῷ
2889 4479 3020 4550 ἱερῷ
3069 4478 3342 4550 θησαυρὸν
3375 4471 3550 4547 (οὗτος
3589 4477 3696 4545 γάρ
3741 4476 3997 4529 ἐκαλεῖτο

714 4573 1027 4623 Sacerdotes
1053 4580 1102 4623 et
1135 4581 1400 4638 pauperes
1431 4576 1484 4622 et
1519 4569 1691 4620 vidua:
1723 4569 2024 4621 alebantur.
2048 4566 2294 4634 Cumque

2403 4574 2848 4645 γαζοφυλάκιον),
2868 4572 2939 4634 ὡς
2972 4573 3038 4624 ἂν
3066 4571 3202 4623 οἵτε
3232 4573 3398 4642 ἱερεῖς
3429 4570 3524 4622 καὶ
3551 4571 3600 4621 οί
3631 4570 3867 4637 πένητες
3897 4569 3996 4621 καὶ

2399 4299 2518 4366 τῆς.
2564 4315 2581 4348 ι
2620 4293 2950 4365 Θαυμαστόν
2970 4310 3021 4346 τι
3053 4293 3173 4353 ἔθος
3201 4292 3354 4359 παρά
3384 4294 3498 4354 τοῖς
3527 4290 3800 4352 Ἰουδαίοις
3819 4287 3989 4358 ἐκρά-

2397 4407 2502 4454 τει,
2552 4389 2692 4443 ὥστε
2752 4388 2878 4450 τοὺς
2931 4386 3154 4455 ἔχοντας
3181 4387 3277 4439 καὶ
3335 4384 3697 4454 βουλομένους
3764 4382 3991 4452 βάλλειν

720 4666 770 4712 id
823 4663 972 4714 multi
1012 4661 1269 4723 lacerent,
1293 4671 1345 4713 et
1377 4660 1532 4713 vidua
1567 4661 1818 4724 accessit,
1848 4677 2001 4714 suam
2051 4663 2296 4715 volunta-

2403 4669 2457 4720 ai
2500 4667 2666 4736 χῆραι
2727 4669 2788 4718 ὲκ
2823 4663 3029 4716 τούτων
3083 4662 3483 4733 διατρέφοιντο.
3528 4659 3750 4713 Πολλῶν
3800 4655 3899 4712 οῦν
3935 4659 3998 4712 τὸ

724 4767 825 4806 tem
863 4753 1146 4806 derlarans
1196 4754 1390 4820 opibus
1445 4751 2120 4806 abundantiorem.Gloria
2175 4754 2292 4815 tibi,
2328 4753 2372 4809 Ι)
2405 4780 2411 4794 ·

2328 4753 2372 4809 Ι)
2405 4758 2616 4811 τοιοῦτο
2651 4758 2970 4821 ποιούντων,
3026 4757 3117 4808 καὶ
3142 4757 3284 4826 χήρα
3321 4752 3697 4824 προσελθοῦσα
3727 4753 3830 4824 τὴν
3858 4752 3994 4806 ἑαυ-

715 4846 1062 4914 (Σιιιὶειει,‹μιί
1119 4857 1172 4899 et
1229 4861 1390 4915 parva
1452 4849 1685 4916 gratiora
1745 4860 1886 4914 Saepe
1942 4848 2106 4899 habes
2139 4862 2296 4914 quam

720 4955 927 5011 magna.
958 4939 1150 5004 Quzeso
1189 4951 1242 4992 ut
1282 4939 1445 4993 etiam
1507 4953 1622 4992 mea
1656 4940 1832 4992 anima
1865 4939 2018 4990 vidua
2055 4941 2174 4992 talis
2204 4942 2292 5000 sit.

717 5048 836 5101 qua:
885 5031 1104 5100 abjiciat
1147 5032 1427 5097 Satanam,
1466 5033 1549 5086 cui
1607 5033 1852 5094 adhaesit,
1888 5043 1941 5086 et
1997 5035 2179 5086 mittat
2245 5033 2294 5086 in

719 5127 1028 5178 thesaurum
1057 5140 1272 5180 sacrum
1305 5125 1412 5179 duo
1445 5126 1674 5188 minuta,
1703 5140 1919 5180 carnem
1950 5135 2003 5179 et
2032 5133 2292 5187 tuentem,

719 5216 945 5284 ipsaque
981 5217 1286 5281 imminuat,
1308 5217 1640 5271 continentia
1672 5217 1888 5285 quidem
1927 5232 2172 5279 earnem,
2197 5218 2296 5270 hu-

2407 4850 2509 4919 τῆς
2545 4848 2867 4919 προαίρεσιν
2896 4846 3212 4912 ἐπεδείξατο
3261 4843 3646 4913 εὐπορωτέραν
3685 4843 3784 4911 τῆς
3827 4843 3995 4897 δυνά·

2411 4962 2572 5014 μεως.
2605 4943 2740 5006 Δόξα
2777 4959 2880 5005 σοι,
2912 4941 3134 5010 Χριστὲ,
3171 4940 3228 5003 ὃς
3268 4939 3358 4992 καὶ
3393 4939 3461 4990 τά
3496 4938 3669 5008 μικρά
3685 4938 3817 5009 δέχῃ
3847 4937 3995 5011 ὑπὲρ

2405 5036 2472 5089 τὰ
2503 5035 2713 5104 μεγάλα
2743 5033 3023 5094 πολλάκις.
3072 5032 3288 5085 Γένοιτο
3343 5033 3435 5085 καὶ
3473 5030 3572 5100 τὴν
3616 5030 3757 5101 ἐμὴν
3807 5029 3995 5101 ψυχήν

2405 5128 2580 5197 χήραν
2615 5124 2896 5194 γενέσθαι,
2926 5121 3310 5177 ἀποϐαλοῦσαν
3330 5121 3422 5174 τὸν
3447 5121 3720 5183 Σατανᾶν,
3753 5112 3796 5188 ᾧ
3818 5137 3994 5190 προσ-

2408 5219 2696 5289 εκολλήθη,
2755 5218 2850 5272 καὶ
2891 5215 3074 5286 βαλεῖν
3132 5216 3214 5278 είς
3247 5216 3340 5268 τὸν
3399 5213 3543 5284 ἱερὸν
3574 5211 3854 5283 θησαυρὸν
3901 5212 3998 5263 δύο

721 5306 946 5360 tnilitate
982 5322 1108 5363 vero
1157 5318 1412 5375 mentem,
1439 5320 1495 5362 ut
1545 5319 1597 5365 et
1644 5324 1746 5380 ego
1793 5313 2004 5366 audiam
2043 5312 2186 5380 quod
2223 5321 2302 5368 to-

722 5410 828 5452 tam
864 5414 1036 5452 meam
1070 5400 1232 5454 vitam
1269 5392 1638 5457 consecrari'm
1672 5402 1801 5467 Deo,
1828 5418 1932 5458 non
1969 5405 2153 5460 relicta
2192 5404 2297 5459 ulla

719 5494 1046 5559 t'OgtLtliOlte
1088 5492 1165 5545 vel
1197 5491 1482 5549 affectione
1523 5493 1648 5551 huic
1687 5498 1906 5554 mundo.

2406 5310 2601 5378 λεπτά,
2630 5311 2729 5381 τὴν
2758 5311 2939 5380 σάρκα
2993 5310 3087 5363 καὶ
3134 5308 3225 5360 τὸν
3256 5307 3401 5371 νοῦν,
3439 5305 3784 5359 λεπτύνασαν
3827 5305 3995 5370 αὐτά,

2403 5399 2494 5453 διά
2546 5401 2645 5469 τῆς
2675 5398 3005 5468 ἐγκρατείας
3055 5397 3154 5468 μὲν
3185 5397 3285 5468 τὴν
3327 5399 3529 5466 σάρκα,
3559 5396 3648 5449 διὰ
3677 5396 3734 5450 δὲ
3763 5395 3864 5465 τῆς
3897 5413 3998 5448 ται

2405 5492 2740 5555 πεινώσεως,
2776 5491 2869 5543 τὸν
2895 5491 3045 5555 νοῦν,
3078 5491 3166 5546 ῖνα
3197 5490 3293 5545 καὶ
3351 5490 3463 5560 ἐγὼ
3493 5491 3715 5545 ἀκούσω
3744 5490 3826 5541 ὅτι
3871 5488 3996 5542 ὅλον

2408 5599 2510 5652 μου
2557 5583 2648 5635 τὸν
2709 5583 2823 5653 βίον
2875 5583 3017 5654 ἱερδι
3074 5583 3442 5653 ἐποιησάμην,
3491 5583 3643 5636 οὐδὲν
3687 5580 3994 5650 ὐπολείῲας

2407 5675 2580 5746 νόημα
2618 5675 2650 5746 ἢ
2685 5675 2892 5747 κίνημα
2921 5675 3000 5746 τῷ
3034 5677 3242 5746 κόσμῳ.

791 5851 830 5884 ⁸³
869 5848 992 5910 Sap.
1041 5865 1110 5911 vr.
1152 5850 1202 5904 '7.
