4272 6438
216 384 329 453 633

835 503 1088 557 ΚΕΦΔΛ.
1122 501 1220 559 ην.

222 639 366 710 Περὶ
404 635 518 710 τῆς
556 638 940 703 συντελείας.
966 639 1107 707 Περὶ
1134 636 1243 707 τῆς
1264 634 1495 707 ἡμέρας
1516 635 1612 690 καὶ
1644 634 1821 704 ὥρας.

303 794 323 828 ι
358 776 469 829 Kal
505 774 952 845 ικπορευομένου
1000 772 1171 826 αὐτοῦ
1216 773 1282 826 ὲκ
1324 770 1420 826 τοῦ
1454 770 1628 839 ίεροῦ,
1676 769 1826 837 λέγει

221 865 380 936 αὐτῷ
398 860 479 930 εἷς
500 865 609 920 τῶν
638 865 901 936 μαθητῶν
927 863 1103 919 αὑτοῦ
1124 880 1138 895 ⁶
1190 863 1514 927 Διδάσκαλε,
1548 862 1626 915 ῐδε
1655 878 1827 915 ποτα-

224 962 318 1013 ποὶ
348 957 511 1021 λίθοι,
547 949 643 1011 καὶ
693 958 941 1011 ποταπαὶ
992 956 1297 1025 οἰκοδομαί.
1363 955 1475 1009 Kal
1533 956 1563 1008 6
1617 953 1827 1023 Ἰησοῦς

222 1050 550 1123 ἀποκριθεὶς
575 1046 732 1105 εἶπεν
758 1049 908 1119 αὐτῷ
929 1066 945 1081 ν
976 1049 1209 1112 Βλέπεις
1230 1048 1437 1111 ταύτας
1453 1049 1552 1109 τὰς
1579 1045 1828 1117 μεγάλας

152 1168 159 1173 ι
222 1143 555 1213 οίκοδομάςς
596 1143 658 1195 οὐ
695 1141 771 1213 μὴ
792 1140 971 1212 ἀφεθῇ
1014 1140 1180 1204 -λίθος
1244 1139 1341 1192 ἐπὶ
1387 1139 1520 1207 λίθῳ
1552 1138 1613 1201 δς
1642 1139 1705 1191 οὐ
1750 1138 1827 1208 μὴ

224 1238 533 1308 καταλυθῇ.
594 1237 708 1291 Kal
756 1236 1078 1304 καθημένου
1135 1234 1306 1289 αὐτοῦ
1350 1234 1433 1297 είς
1466 1233 1528 1285 τὸ
1562 1232 1689 1299 δρος
1718 1230 1829 1283 τῶν

236 1328 491 1394 Ἐλαιῶν,
522 1328 820 1383 κατέναντι
844 1325 939 1379 τοῦ
968 1325 1140 1397 ίεροῦ,
1165 1324 1471 1395 ἐπηρώτων
1504 1314 1828 1377 αὑτδνκατ⁹

226 1421 375 1475 ίδίαν
402 1421 612 1492 Πέτρος
637 1421 733 1474 καὶ
780 1418 1042 1481 Ἰάκωϐος
1102 1420 1202 1472 καὶ
1255 1417 1515 1486 Ἰωάννης
1572 1415 1668 1468 καὶ
1706 1416 1829 1468 Ἀν-

224 1514 412 1585 opt-sv
453 1514 591 1567 Είπὲ
626 1514 762 1584 ἡμῖν
796 1511 931 1565 πότε
972 1509 1151 1563 ταῦτα
1198 1508 1390 1572 lerat;
1430 1510 1527 1563 καὶ
1551 1507 1605 1561 τί
1637 1507 1699 1559 τὸ
1730 1523 1830 1577 ση-

230 1609 384 1678 μεῖον
443 1608 574 1662 ὅταν
639 1606 815 1677 μέλλῃ
871 1606 1047 1660 ταῦτα
1101 1605 1284 1659 πάντα
1347 1601 1768 1665 συντελεῖσθαι;
1801 1617 1819 1651 ι

241 1698 471 1769 Ἐπειδὴ
506 1698 678 1751 πολλά
722 1698 851 1767 περὶ
890 1696 991 1765 τῆς
1024 1695 1365 1765 ἐρημώσεως
1400 1696 1499 1762 τῆς
1550 1693 1827 1762 Ἰερουσα-

227 1791 347 1863 λὴμ
366 1790 553 1857 ἔλεγεν
576 1792 605 1843 6
626 1791 852 1860 Κύριος,
870 1791 974 1855 ὅτι,
1012 1789 1264 1857 Ἀφίεται
1287 1791 1314 1841 6
1339 1782 1487 1850 οἶκος
1521 1786 1679 1857 ὑμῶν
1707 1783 1828 1856 ἕρη-

233 1902 359 1955 μος,
422 1886 472 1939 οἱ
542 1885 784 1954 μαθηταὶ
832 1883 999 1937 αὑτοῦ
1060 1880 1474 1954 θαυμάζοντες,
1540 1880 1733 1949 ὥσπερ
1777 1880 1827 1932 εί

230 1976 476 2031 τοσαῦτα
509 1976 718 2049 μεγέθη
753 1978 847 2030 καὶ
901 1976 1076 2047 κάλλη
1124 1973 1585 2044 οἰκοδομημάτων
1632 1973 1828 2041 ἀφανι-

231 2070 521 2142 σθήσεται,
554 2069 898 2125 δεικνύουσιν
927 2069 1078 2140 αύτῷ
1110 2068 1210 2139 τὴν
1234 2068 1330 2121 τοῦ
1383 2067 1512 2121 ναοῦ
1556 2064 1829 2132 τοσαύτην

228 2161 597 2232 εὐπρέπειαν.
660 2162 718 2217 Ὀ
764 2164 822 2216 δὲ
886 2162 1041 2215 οὐδὲν
1104 2156 1271 2235 ἦττον
1348 2157 1827 2227 ἀπολεσθήσεσθαι

229 2254 408 2337 ⁴ταῦτα
448 2258 855 2326 προαναφωνεῖ,
890 2257 989 2309 καὶ
1018 2255 1294 2316 τοσοῦτον,
1341 2249 1483 2306 ὥστε
1519 2252 1654 2321 μηδὲ
1682 2250 1830 2303 λίθον

231 2350 327 2402 ἐπὶ
383 2349 520 2419 λίθῳ
570 2352 774 2418 μεῖναι.
819 2351 929 2403 Kal
995 2350 1108 2419 μήν
1166 2348 1301 2418 φασί
1356 2364 1503 2408 τινες
1545 2346 1620 2409 ὡς
1660 2344 1833 2399 πολλὰ

235 2442 544 2512 ἀπέμειναν
588 2442 825 2512 λείψανα
879 2443 980 2511 τῆς
1038 2442 1402 2512 Ἰερουσαλὴμ
1448 2440 1548 2511 τῆς
1589 2438 1831 2500 παλαιᾶς

236 2535 469 2599 πόλεως,
513 2536 651 2591 ὥστε
701 2534 1002 2606 πειρῶνται
1030 2535 1200 2599 δεῖξαι
1248 2534 1419 2604 ψευδῆ
1448 2533 1540 2587 τὸν
1573 2531 1832 2601 Χριστὸν,

235 2628 352 2683 ἀλλ’
379 2629 483 2682 οὐκ
506 2627 620 2683 εστι
651 2628 833 2684 τοῦτο.
879 2630 941 2683 Εί
974 2630 1085 2699 γὰρ
1125 2628 1219 2682 καὶ
1258 2627 1672 2697 ὑπελείφθησαν
1711 2641 1835 2679 τινα

235 2720 490 2791 λείψανα,
524 2722 661 2792 ὅπερ
690 2722 808 2775 οὐκ.
828 2721 977 2776 ἐστιν
1031 2722 1253 2793 ἀληθὲς,
1285 2720 1403 2775 ἀλλ’
1436 2716 1533 2774 οὖν
1561 2719 1691 2790 ἄχρι
1734 2717 1836 2787 τῆς

237 2813 470 2868 καθόλου
539 2814 850 2880 συντελείας
905 2816 968 2869 οὐ
1030 2816 1105 2885 μὴ
1162 2814 1321 2890 μείνῃ
1358 2814 1507 2878 λίθος
1556 2813 1650 2866 ἐπὶ
1680 2810 1835 2879 λίθῳ.

238 2907 390 2977 Πλὴν
423 2906 733 2978 ἱστόρηται,
764 2909 849 2962 ὅτι
901 2909 929 2962 6
972 2909 1159 2971 Αἴλιος
1199 2908 1485 2980 Ἀδριανὸς
1518 2904 1839 2975 κατέσκαψε

237 2999 341 3067 τὴν
377 2998 534 3051 πόλιν
566 2999 663 3053 καὶ
680 2999 744 3052 τὸ
773 2999 922 3069 ἱερὸν
962 3002 1027 3054 ἐκ
1064 2999 1283 3070 βάθρων
1334 2998 1537 3060 αὐτῶν,
1570 2998 1714 3052 ὥστε
1746 2997 1839 3050 καὶ

238 3091 404 3147 τοῦτο
441 3094 529 3146 ἐπ’
593 3093 760 3147 αὐτοῦ
796 3093 1177 3164 πληρωθῆναι,
1234 3094 1317 3158 τὸ,
1356 3092 1489 3163 μηδὲ
1517 3091 1664 3147 λίθον
1704 3092 1841 3144 ὑπο-

912 386 1364 451 ENARRATIO
1405 384 1487 447 IN
1531 384 2035 452 EVANGEIJUM
2075 386 2340 451 MARCI.
2372 412 2443 426 -
2480 386 2647 451 CAP.
2690 388 2871 449 XIII.

3422 377 3535 447 B36

2537 500 2771 558 CAPUT
2806 498 2944 556 XIII.

2216 643 2290 699 De
2325 642 2801 698 consummatione.
2838 638 2911 693 De
2944 638 3029 692 die
3058 647 3105 693 et
3136 637 3287 690 hora.

2005 780 2168 837 Vens.
2194 780 2313 835 Ι-ι.
2346 797 2368 831 ι
2390 779 2600 835 Etcum
2620 778 2799 833 exiret
2826 775 2896 831 de
2920 772 3142 842 templo.
3162 771 3295 826 dicit
3321 767 3535 839 illiqni-

1931 875 2054 926 dam
2088 886 2121 925 e
2144 870 2433 938 discipulis
2466 868 2611 922 illius
2640 884 2654 919 :
2684 867 3021 932 Praeceptor,
3047 861 3172 916 vide
3202 858 3393 925 quales
3448 857 3533 912 la-

1932 967 2103 1036 pides,
2119 975 2172 1019 et
2199 964 2389 1034 quales
2412 958 2873 1018 substructiones.
2897 956 2963 1010 Et
2978 953 3142 1010 Jesus
3165 951 3527 1021 respondens.

1932 1062 2002 1117 ait
2037 1058 2113 1114 iiIi
2137 1078 2150 1113 :
2169 1057 2336 1111 Vides
2363 1057 2462 1111 has
2479 1068 2705 1122 magnas
2726 1047 3202 1107 substructiones?
3223 1044 3338 1099 Non
3369 1042 3534 1098 relin-

1931 1151 2287 1224 queturlapis
2313 1144 2853 1218 superlapidem,qui
2875 1156 2980 1196 non
3016 1141 3286 1194 diruatur.
3308 1138 3368 1191 Et
3405 1150 3531 1189 cum

1932 1245 2213 1303 sederetiu
2234 1254 2415 1297 monte
2437 1240 2703 1294 olivarum
2719 1253 2749 1292 e
2769 1237 2993 1302 regione
3011 1231 3218 1300 templi.
3238 1231 3537 1297 interroga-

1933 1340 2061 1392 bant
2091 1336 2243 1391 illum
2278 1342 2489 1391 secreto
2519 1331 2713 1386 Petrus
2743 1338 2797 1384 et
2822 1326 3085 1391 Jacobus,
3112 1333 3168 1379 et
3195 1321 3435 1378 Joannes
3473 1330 3532 1375 et

1932 1433 2182 1508 Andreas
2212 1447 2225 1484 :
2255 1426 2355 1483 Die
2401 1426 2579 1491 nobis,
2625 1423 2845 1493 quando
2908 1421 3023 1475 haec
3068 1418 3348 1473 eruntiet
3391 1415 3537 1484 quod

1937 1527 2153 1595 signum
2207 1532 2293 1576 est
2348 1520 2567 1590 quando
2648 1517 2767 1571 inre
2840 1514 3025 1570 omnia
3096 1512 3207 1568 sint
3276 1524 3537 1566 consum-

1936 1616 2173 1672 mantia?
2207 1634 2226 1668 ι
2279 1614 2551 1682 Quoniam
2618 1610 2788 1666 multa
2824 1610 2892 1665 de
2928 1607 3270 1664 desolatione
3314 1602 3536 1657 Jerusa-

1934 1712 2039 1765 lem
2069 1710 2282 1765 dicebat
2310 1706 2493 1771 Jesus,
2554 1706 2700 1775 quod
2750 1703 3159 1773 relinqueretur
3202 1699 3399 1753 domus
3446 1710 3540 1750 ve-

1937 1812 2053 1861 stra
2084 1805 2325 1866 deserta,
2350 1799 2603 1869 discipuli
2626 1797 2743 1867 ejus
2789 1794 3149 1855 admirantes,
3175 1790 3319 1861 quod
3370 1796 3540 1843 tanta:

1935 1893 2328 1964 magnitudinis
2403 1901 2625 1959 tamque
2686 1884 2920 1957 pulchra
2978 1882 3209 1939 aedilicia
3274 1877 3539 1935 abolenda

1932 1998 2140 2053 essent,
2166 1985 2464 2043 ostendunt
2491 1983 2565 2039 illi
2593 1984 2844 2038 decorem
2874 1978 3079 2047 templi.
3109 1977 3179 2030 At
3210 1974 3301 2029 ille
3331 1972 3537 2027 nihilo-

1935 2086 2117 2141 minus
2177 2082 2424 2155 [trmdiclt
2455 2078 2754 2150 perdenda,
2802 2082 2857 2132 et
2896 2075 2951 2129 in
2990 2084 3222 2136 tantum,
3270 2079 3329 2123 ut
3365 2082 3542 2136 neque

1935 2178 2072 2247 lapis
2129 2191 2295 2248 super
2344 2174 2583 2245 lapidem
2636 2181 2874 2225 maneat.
2921 2166 3081 2239 24],
3137 2164 3298 2233 Atqui
3354 2162 3544 2217 dicunt

1934 2272 2154 2342 quidam
2188 2268 2384 2323 multas
2421 2267 2621 2321 veteris
2651 2264 2890 2320 civitatis
2923 2259 3229 2317 Jerusalem
3287 2253 3544 2322 reliquias

1937 2365 2287 2436 superstites,
2308 2373 2363 2417 et
2408 2362 2481 2415 ita
2535 2361 2815 2416 Christum
2872 2354 3193 2412 mendacem
3250 2350 3543 2404 ostendere

1941 2458 2287 2524 tentant,sed
2324 2458 2430 2512 hoc
2460 2456 2781 2524 neutiquam
2808 2449 2996 2507 verum
3020 2457 3126 2503 est.
3162 2443 3297 2499 Nam
3328 2440 3542 2497 etiamsi

1938 2552 2183 2623 reliquie
2221 2549 2471 2620 quaedam
2511 2547 2711 2603 relicta:
2762 2551 2970 2605 essent,
2997 2537 3143 2610 quod
3193 2549 3383 2589 verum
3434 2543 3539 2583 non

1938 2659 2040 2708 est,
2069 2662 2175 2701 non
2202 2652 2389 2699 tamen
2429 2641 2772 2713 relinquetur
2798 2637 2971 2707 usque
3018 2635 3085 2689 ad
3112 2626 3545 2688 consummatio-

1942 2758 2065 2795 ttettt
2105 2737 2290 2794 saeculi
2324 2735 2461 2804 lapis
2488 2734 2661 2803 super
2697 2730 2955 2802 lapidem.
2986 2725 3131 2795 Quin
3165 2720 3409 2778 historiae
3443 2718 3547 2773 ba-

1941 2833 2073 2889 bent
2110 2830 2268 2902 quod
2287 2827 2471 2886 A‘Jlius
2515 2825 2789 2881 Adrianus
2823 2820 3082 2892 templum
3122 2826 3177 2873 et
3207 2816 3484 2872 civitatem
3516 2826 3546 2865 a

1943 2926 2317 2984 liuidamentis
2344 2922 2695 2985 eﬂ‘oderit,et
2747 2918 2821 2976 ita
2874 2918 2927 2970 in
2980 2914 3075 2969 illo
3128 2909 3410 2980 impletum
3464 2914 3550 2960 est

1942 3025 2230 3094 quodnon
2260 3020 2332 3075 sit
2384 3017 2612 3074 relictus
2665 3014 2803 3081 lapis
2845 3024 3011 3079 super
3065 3006 3323 3077 lapidem.
3376 3001 3550 3055 Porro

1944 3092 2170 3170 sedente
2222 3112 2316 3167 illo
2364 3113 2421 3165 in
2480 3115 2668 3163 monte
2719 3104 3419 3163 olivarum,accesserunt
3476 3092 3544 3145 ad

236 3182 527 3254 λειφθῆναι
550 3186 643 3238 ἐπὶ
679 3185 834 3254 λίθῳ.
872 3186 1205 3255 Καθημένου
1231 3184 1285 3238 δὲ
1317 3183 1484 3238 αὑτοῦ
1519 3187 1599 3247 είς
1622 3183 1683 3236 τὸ
1710 3182 1837 3252 ὅρος

1946 3221 2070 3263 eum
2136 3207 2544 3275 interrogantes
2573 3219 2585 3255 :
2616 3197 2848 3267 Quando
2874 3197 2991 3251 lucc
3041 3190 3245 3247 erunt?
3276 3190 3380 3243 hoc
3441 3195 3547 3251 est,

239 3279 352 3331 τῶν
380 3277 637 3345 Ἐλαιῶν,
655 3278 966 3348 προσῆλθον
989 3279 1139 3350 αύτῷ
1154 3279 1489 3348 ἐρωτῶντες,
1514 3277 1649 3330 Πότε
1667 3275 1843 3330 ταῦτα

241 3372 432 3438 lerat;
458 3372 727 3432 τουτέστι,
766 3371 899 3423 ποτε
961 3369 1452 3440 συντελεσθήσεται
1482 3369 1550 3422 τὰ
1595 3371 1697 3438 τῆς
1740 3368 1843 3420 Ἰε-

242 3463 567 3535 ρουσαλήμ;
620 3462 681 3517 ὐ
715 3460 917 3529 bime};
940 3462 1032 3513 τοῦ
1061 3460 1470 3532 ἀποκρίνασθαι
1494 3460 1681 3519 αὐτοῖς
1712 3458 1845 3529 περὶ

237 3550 314 3610 ῶν
344 3556 657 3625 ⁴ἠρώτησαν,
696 3552 1058 3623 ἀσφαλίζεται
1109 3552 1210 3624 τὴν
1245 3552 1487 3607 διάνοιαν
1524 3552 1724 3616 αὐτῶν,
1754 3553 1843 3607 ἵνα

246 3647 322 3719 μὴ
356 3646 732 3715 πλανηθῶσιν.
774 3645 927 3698 Ἐπεὶ
983 3644 1094 3713 γὰρ
1138 3644 1473 3714 ἀρξαμένων
1527 3643 1639 3696 τῶν
1700 3648 1844 3698 κατὰ

238 3742 341 3813 τὴν
376 3739 639 3795 Ἰουδαίαν
663 3740 865 3805 νοσεῖν,
904 3737 1288 3806 ἐπανέστησαν
1307 3755 1454 3800 τινες
1481 3736 1843 3802 διδασκάλους

240 3835 472 3897 ἑαυτοὺς
492 3834 767 3901 λέγοντες,
804 3834 971 3903 φησὶν
993 3834 1021 3886 6
1056 3831 1293 3904 Κύριος·
1327 3830 1565 3885 Βλέπετε
1601 3830 1675 3902 μὴ
1700 3830 1844 3885 πλα-

239 3927 465 4001 νηθῆτε.

321 4040 341 4073 ‹
384 4021 442 4075 '0
464 4021 519 4075 δὲ
557 4020 791 4092 Ἰησοῦς,
818 4020 1143 4092 ἀποκριθεὶς
1172 4022 1378 4084 αὐτοῖς,
1405 4022 1613 4091 ἤρξατο
1634 4021 1840 4090 λέγειν,

240 4113 480 4169 Βλέπετε
506 4114 675 4183 μήτις
702 4115 846 4184 ὑμᾶς
875 4116 1127 4187 πλανήσῃ
1156 4134 1168 4145 ·
1198 4115 1383 4168 πολλοὶ
1398 4117 1506 4186 γὰρ
1526 4116 1841 4169 ἐλεύσονται

241 4210 337 4261 ἐπὶ
362 4207 438 4275 τῷ
456 4209 681 4278 ὀνόματί
708 4227 833 4277 μου,
852 4210 1103 4278 λέγοντες
1127 4211 1233 4272 ὅτι,
1270 4210 1413 4278 Ἐγώ
1440 4212 1555 4281 εἰμι
1580 4212 1840 4283 Χριστὸς,

242 4303 339 4356 καὶ
362 4301 587 4366 πολλοὺς
618 4304 981 4374 πλανήσουσιν
1006 4322 1017 4333 ·
1046 4305 1179 4356 ὅταν
1199 4304 1255 4357 δὲ
1280 4305 1550 4376 ἀκούσητε
1574 4306 1843 4375 πολέμους

242 4396 339 4447 καὶ
370 4395 540 4459 ἀκοὰς
572 4395 851 4466 πολέμων,
890 4399 965 4466 μὴ
992 4397 1271 4467 θροεῖσθεο
1310 4398 1392 4451 δεῖ
1416 4399 1694 4466 γενέσθαι,
1724 4399 1841 4452 ἀλλ’

239 4489 400 4544 οὔπω
436 4489 499 4544 τὸ
540 4491 712 4555 τέλος.
772 4490 1171 4563 Ἐγερθήσεται
1218 4492 1329 4562 γὰρ
1357 4492 1512 4557 ἔθνος
1538 4492 1631 4545 ἐπὶ
1665 4493 1838 4558 ἔθνος,

1949 3299 2167 3369 quando
2184 3293 2658 3353 consummabitur
2680 3287 2989 3345 Jerusalem
3007 3285 3030 3339 ί
3058 3285 3127 3339 At
3148 3282 3265 3353 ipse
3284 3290 3547 3348 tauquam

1950 3392 2307 3463 responderet
2341 3390 2425 3445 eis
2458 3388 2525 3443 de
2587 3385 2674 3440 bis
2730 3385 2799 3439 de
2860 3380 3061 3450 quibus
3114 3375 3551 3442 interrogabant,

1949 3486 2127 3540 munit
2160 3481 2551 3555 cogitationem
2583 3476 2827 3539 illorum,
2851 3480 2911 3528 ut
2953 3485 3022 3526 ne
3058 3474 3268 3525 errent.
3293 3464 3432 3535 Quia
3470 3463 3548 3517 in-

1945 3574 2278 3645 cipientibus
2301 3582 2483 3629 autem
2510 3572 2673 3627 rebus
2698 3568 2945 3624 Judaicis
2970 3563 3273 3625 labeseere.
3296 3573 3553 3615 surrexe-

1949 3678 2077 3722 runt
2106 3650 2327 3736 quidam
2361 3664 2453 3735 qui
2487 3677 2547 3717 se
2568 3660 2829 3716 dicebant
2860 3656 3182 3728 magistros,
3206 3652 3342 3708 dicit
3367 3650 3554 3706 Domi-

1950 3774 2053 3815 nus
2079 3775 2094 3813 :
2125 3755 2319 3813 Videte
2350 3770 2419 3811 ne
2449 3751 2830 3826 decipiamiui.

2018 4030 2187 4086 Vens.
2234 4028 2392 4085 5.10.
2429 4045 2448 4078 ι
2479 4028 2549 4081 At
2609 4023 2774 4080 Jesus
2832 4019 3175 4092 respondens
3224 4015 3331 4071 illis
3390 4013 3558 4082 carpit

1948 4124 2133 4179 dicere
2183 4147 2193 4177 ;
2245 4118 2437 4175 Videte
2490 4132 2562 4172 ne
2620 4117 2744 4186 quis
2799 4129 2895 4169 vos
2952 4111 3143 4165 fallat:
3180 4108 3335 4163 multi
3404 4107 3553 4162 enim

1946 4219 2167 4273 venient
2218 4217 2273 4271 in
2310 4215 2535 4271 nomine
2586 4227 2709 4268 meo
2745 4206 3181 4276 dicenteszEgo
3229 4222 3349 4261 sum
3405 4203 3560 4260 Chri-

1947 4324 2087 4377 stus,
2137 4312 2448 4380 multosque
2499 4307 2796 4375 decipient.
2841 4303 2978 4359 Cum
3029 4311 3212 4356 autem
3266 4297 3558 4353 audieritis

1947 4404 2087 4458 bella
2127 4412 2181 4456 et
2217 4416 2465 4456 rumores
2517 4399 2808 4464 bellorum,
2852 4410 2919 4451 ne
2956 4392 3247 4449 turbemini
3286 4410 3300 4446 :
3342 4399 3560 4461 Oportet

1946 4498 2090 4551 enim
2146 4496 2285 4559 lieri,
2334 4504 2388 4547 at
2444 4494 2682 4548 nondum
2727 4491 2873 4545 linis.
2914 4490 3164 4557 lnsurget
3215 4485 3361 4541 enim
3420 4496 3556 4553 gens

242 4587 341 4638 καὶ
390 4582 639 4653 βασιλεία
700 4584 794 4637 ἐπὶ
843 4584 1146 4656 βασιλείαν.
1197 4588 1308 4641 Καὶ
1351 4588 1566 4641 ἔσονται
1620 4588 1837 4657 σεισμοὶ

1951 4594 2214 4647 adversus
2264 4598 2509 4658 gentem,
2565 4598 2621 4641 et
2668 4600 2896 4656 regnum
2966 4584 3232 4638 adversus
3305 4594 3557 4651 regnum.

241 4674 385 4729 κατὰ
412 4674 630 4739 τόπους.
663 4677 773 4729 Καὶ
798 4676 1013 4731 ἔσονται
1034 4679 1185 4749 λιμοὶ
1230 4683 1322 4734 καὶ
1347 4683 1605 4752 ταραχαί.
1649 4684 1843 4753 Ἀρχαὶ

244 4767 457 4823 ὠδίνων
476 4768 670 4822 ταῦτα.
704 4770 942 4825 Βλέπετε
976 4772 1034 4825 δὲ
1076 4773 1237 4843 ὑμεῖς
1274 4776 1503 4837 ἑαυτούς
1530 4792 1542 4805 ·
1580 4777 1844 4845 παραδώ-

246 4875 401 4912 σουσι
451 4858 559 4929 γὰρ
604 4860 751 4929 ὑμᾶς
802 4864 886 4925 είς
926 4864 1209 4935 συνέδρια,
1255 4868 1348 4919 καὶ
1392 4869 1471 4930 είς
1519 4870 1845 4936 συναγωγὰς

244 4949 577 5020 δαρήσεσθε,
614 4953 709 5006 καὶ
738 4955 832 5006 ἐπὶ
877 4956 1167 5026 ἡγεμόνων
1215 4959 1312 5014 καὶ
1346 4960 1613 5030 βασιλέων
1642 4962 1845 5032 σταθή-

245 5044 409 5097 σεσθε
439 5044 629 5099 ἕνεκεν
680 5048 841 5116 ἐμοῦ,
900 5050 982 5113 είς
1024 5052 1333 5122 μαρτύριον
1382 5054 1587 5117 αὐτοῖς.
1628 5056 1738 5109 Kal
1763 5056 1845 5119 εἰς

242 5136 429 5193 πάντα
462 5139 532 5191 τὰ
561 5139 689 5209 ἔθνη
716 5141 799 5195 δεῖ
853 5142 1076 5211 πρῶτον
1114 5147 1464 5218 κηρυχθῆναι
1494 5149 1555 5201 τὺ
1596 5149 1843 5217 Εὐαγγέ-

238 5230 378 5285 λιον.
420 5250 437 5280 ο
490 5233 684 5287 Πολλοὶ
735 5234 1073 5305 ἐλεύσονται,
1139 5236 1251 5303 οἷος
1314 5236 1383 5311 ἦν
1450 5242 1671 5305 Ἰούδας,
1732 5238 1845 5307 οἷος

241 5322 476 5390 Θευδᾶς,
513 5328 561 5379 οῖ
612 5326 804 5395 ἔλεγον
835 5326 1064 5395 ἑαυτοὺς
1088 5333 1193 5387 ὑπὸ
1220 5332 1313 5387 τοῦ
1332 5334 1470 5389 Θεοῦ
1501 5336 1841 5407 πεμφθῆναι.

242 5416 529 5486 Πολέμους
553 5420 608 5472 δὲ
645 5423 973 5505 ἀκούσεσθε,
1018 5427 1206 5496 φησὶν,
1269 5427 1363 5492 οὒς
1392 5430 1486 5481 καὶ
1520 5430 1548 5482 6
1582 5429 1845 5500 Ἰώσηπος

241 5511 453 5581 ίστορεῖ
485 5518 819 5585 γεγενῆσθαι
848 5519 955 5587 πρὸ
984 5520 1083 5588 τῆς
1116 5520 1394 5584 ἁλώσεως.
1429 5524 1539 5576 Kal
1578 5522 1688 5593 γὰρ
1718 5525 1845 5577 ἀντ-

239 5604 343 5671 ἦρε
397 5602 497 5671 μὲν
518 5606 579 5657 τὺ
616 5607 791 5671 ἔθνος,
825 5612 919 5663 καὶ
944 5612 1044 5664 οὐκ
1080 5612 1255 5665 ἐδίδου
1284 5614 1412 5677 τοὺς
1454 5617 1653 5683 φόρους
1708 5616 1839 5670 Ῥω.

242 5695 449 5763 μαέοις.
510 5702 574 5753 Οί
603 5701 680 5759 δὲ,
723 5704 1100 5773 ὀργισθέντες,
1164 5708 1406 5776 ἐπῆλθον
1457 5711 1552 5761 καὶ
1595 5712 1844 5779 συνεχεῖς

238 5789 464 5856 εκρύοους
507 5795 749 5861 ἐποίουν,
791 5797 907 5849 ἀλλ’
960 5801 1113 5851 alii.)
1152 5802 1203 5851 7‘;
1241 5802 1393 5855 τΪλοε
1432 5804 1518 5869 εἰς
1565 5805 1810 5856 Ἰειειιυςα

239 5882 371 5951 Αὴμ.
397 5884 981 5956 ’Ἐφιλανθρωπευοντι
1022 5895 1126 5958 γὶί)
1160 5899 1208 5949 oi
1255 5895 1517 5961 Ῥωμαῖα.
1578 5898 1650 5951 Οὐ
1681 5897 1839 5961 μόνον

1959 4687 2022 4740 Et
2044 4695 2205 4740 erunt
2234 4693 2390 4737 teme
2405 4692 2587 4737 motus
2614 4681 2667 4735 iu
2697 4680 2927 4749 singulis
2953 4677 3109 4743 locis,
3125 4686 3178 4731 et
3200 4682 3364 4731 erunt
3388 4671 3563 4727 [attines

1961 4794 2024 4832 ac
2079 4776 2439 4831 turbatioucs.
2467 4772 2627 4827 Initia
2658 4773 2907 4828 dolorum
2949 4772 3087 4834 lucc,
3111 4768 3206 4823 sed
3237 4777 3430 4824 cavete
3467 4782 3561 4821 vos

1959 4868 2571 4925 vobis.Tradcuteuim
2616 4881 2713 4921 vos
2755 4866 2806 4920 in
2858 4864 3201 4927 concilia,et
3235 4862 3288 4915 in
3320 4874 3562 4931 synago-

1957 4966 2040 5033 gis
2074 4962 2386 5028 cmdemini,
2412 4970 2465 5015 et
2497 4962 2602 5016 sub
2634 4959 2975 5031 principibus
3007 4973 3071 5011 ac
3122 4956 3344 5027 regibus
3391 4956 3562 5009 duce-

1957 5057 2089 5111 mini
2158 5064 2383 5125 prepter
2448 5068 2555 5121 me,
2606 5053 2660 5108 in
2716 5052 3089 5108 testimonium
3145 5051 3273 5105 illis.
3300 5049 3366 5103 Et
3421 5051 3564 5115 apud

1955 5164 2147 5205 omnes
2170 5160 2361 5219 gentes
2387 5157 2603 5217 oportet
2627 5147 2779 5218 prius
2804 5146 3091 5217 praedicari
3122 5143 3500 5215 Evangelium.
3538 5162 3557 5195 ι

1956 5242 2113 5297 Multi
2164 5242 2403 5308 venient,
2437 5241 2619 5311 qualis
2674 5248 2792 5296 erat
2839 5238 3031 5306 Judas,
3059 5238 3239 5309 qualis
3280 5237 3563 5301 Theudas,

1957 5337 2048 5406 qui
2083 5336 2339 5391 dicebant
2372 5350 2431 5389 se
2462 5350 2491 5388 a
2525 5334 2637 5389 Deo
2668 5334 2872 5389 missos
2906 5346 3052 5388 esse.
3079 5330 3230 5385 Bella
3276 5338 3459 5385 autem
3490 5328 3569 5383 fu.

1960 5438 2079 5482 tura
2111 5428 2265 5494 dicit,
2282 5442 2402 5497 qua:
2429 5436 2484 5481 et
2507 5425 2785 5497 Joseplius
2810 5435 3005 5482 narrat
3030 5438 3161 5480 ante
3186 5423 3563 5493 captivitatem

1957 5523 2121 5576 facta.
2151 5520 2288 5575 Nam
2333 5522 2656 5594 insurgebat
2687 5521 2909 5591 quidem
2942 5535 3100 5593 gens,
3133 5529 3188 5573 ct
3230 5533 3335 5573 non
3371 5516 3562 5571 redde-

1960 5626 2051 5669 ttat
2092 5614 2586 5669 trilmt:t.Romani
2641 5624 2826 5670 autem
2871 5616 2998 5670 irati
3052 5631 3147 5670 eos
3202 5612 3563 5674 infestarunt,

1955 5722 2005 5763 et
2041 5711 2315 5763 Continuis
2359 5711 2787 5765 excursionibus
2838 5727 2901 5765 ae
2943 5711 3189 5777 cladibus
3240 5704 3564 5767 allecerunt.

1956 5804 2051 5859 sed
2087 5804 2328 5857 nondum
2377 5806 2498 5858 linis
2532 5804 2861 5861 Jerusalem.
2898 5806 2979 5863 lio
3005 5805 3127 5857 naui
3164 5806 3307 5857 rniul
3346 5800 3562 5856 miseri-

1961 5896 2157 5951 cordes
2208 5906 2385 5951 erant.
2433 5894 2551 5954 Non
2607 5898 2784 5952 solum
2841 5908 3020 5954 autem
3077 5899 3212 5952 bella
3264 5901 3443 5956 erant.
3470 5893 3566 5949 sed
