4272 6438
232 365 345 477 sat

925 401 1374 466 ENARRATIO
1432 398 1514 459 IN
1556 392 2061 458 EVANGELIUM
2118 390 2385 456 MARCI.
2444 415 2515 429 —
2549 388 2714 452 CAP.
2761 385 2938 450 XIII.

3429 377 3539 447 538

233 533 322 590 τὸ,
362 523 590 580 Ἕνεκεν
619 520 758 594 spot?
789 521 982 576 Ισεσθε
1016 518 1357 592 μισούμενοι.
1391 519 1467 571 T6
1490 517 1600 587 γὰρ
1639 516 1828 568 ινεκεν

1948 518 2150 577 rentur,
2175 522 2233 567 et
2250 488 2552 581 pet-iculum
2577 506 2794 563 facilius
2826 507 3005 559 ferant
3031 518 3046 557 :
3073 499 3272 564 deinde
3290 495 3542 552 consola-

234 618 407 675 αὐτοῦ
439 614 744 690 μισεισθαι,
771 615 957 670 ίκανόν
981 615 1098 668 ιστι
1131 613 1316 676 πάσας
1346 610 1703 677 ἐπικουφίσαι
1728 606 1828 672 τὰς

237 710 552 784 συμῃοράς.
617 707 784 764 Ἀλλὰ
835 708 933 762 καὶ
989 708 1052 761 τὸ
1126 704 1475 776 σωθήσεσθαι
1527 701 1621 759 τδν
1678 701 1831 754 ὑπο-

238 804 505 878 μείναντα
533 801 617 866 είς
641 800 933 866 τίλος,καὶ
950 799 1113 853 τοῦτο
1142 797 1379 869 μεγίστη
1402 794 1774 868 παράκλησις.

316 1081 338 1114 ε
378 1063 552 1118 Ὅταν
574 1062 632 1116 δὲ
664 1060 813 1131 ἴδητε
839 1059 901 1113 τδ
935 1058 1214 1130 βδέλυγμα
1261 1053 1360 1126 τῆς
1383 1050 1741 1126 ἐρημώσεως,
1772 1051 1830 1104 τὸ

236 1155 406 1230 ῥηθὲν
427 1155 535 1208 ὑπὸ
567 1153 768 1222 Δανιὴλ
797 1149 892 1205 τοῦ
916 1151 1224 1221 προφήτου,
1274 1144 1449 1208 ἑστὼς
1473 1145 1612 1198 ὅπου
1636 1141 1698 1196 οὗ
1729 1141 1830 1205 δεῖ,

232 1251 265 1304 6
304 1246 704 1316 ἀναγινώσκων
729 1243 945 1308 νοείτω,
989 1241 1114 1294 τότε
1149 1240 1201 1292 ot
1228 1241 1286 1292 ὲν
1325 1240 1392 1307 τῇ
1435 1235 1668 1306 Ἰουδαία
1699 1248 1830 1303 φευ-

236 1343 487 1411 γέτωσαν
517 1341 598 1402 είς
635 1337 707 1392 τὰ
749 1336 875 1408 ὄρη.
921 1335 980 1389 '0
1037 1333 1095 1387 δδ
1135 1332 1229 1387 ἐπὶ
1274 1330 1370 1384 τοῦ
1430 1329 1706 1399 δώματος,
1758 1325 1835 1395 μὴ

235 1433 538 1489 καταϐάτω
582 1433 664 1493 είς
709 1429 808 1500 τὴν
843 1427 1045 1491 οὶκίαν,
1097 1424 1233 1496 μηδὲ
1266 1421 1562 1476 εἰσελθέτω
1617 1414 1752 1490 ἇραί
1782 1433 1837 1470 τι

234 1530 304 1582 ικ
345 1526 445 1596 τῆς
495 1523 675 1586 οίκίας
732 1519 924 1582 αὑτοῦ,
980 1518 1077 1572 καὶ
1123 1520 1151 1572 6
1197 1517 1280 1579 είς
1312 1514 1405 1568 τὸν
1436 1512 1608 1583 ἀγρὸν
1628 1510 1727 1573 ὢν,
1760 1507 1837 1578 μὴ

237 1616 629 1688 ιπιστρεψάτω
661 1617 742 1679 είς
792 1613 864 1666 τὰ
910 1611 1110 1674 ὀπίσω,
1139 1606 1274 1679 ἆραι
1301 1607 1360 1661 τὸ
1401 1606 1619 1677 ἱμάτιον
1646 1601 1835 1656 αὐτοῦ.

236 1715 377 1768 Οὐαὶ
402 1712 459 1766 δι
491 1711 611 1773 ταῖς
636 1711 694 1762 ἑν
723 1705 929 1777 γαστρὶ
967 1703 1225 1776 ἐχούσαις
1274 1701 1370 1755 καὶ
1415 1699 1537 1762 ταῖς
1554 1693 1835 1768 θηλαζού-

238 1819 364 1864 στις
394 1804 450 1854 ἓν
482 1800 724 1861 ἐκείναις
755 1799 877 1860 ταῖς
910 1796 1167 1866 ἡμέραις.
1201 1810 1219 1843 ι
1258 1789 1544 1857 Βδέλυγμα
1564 1789 1663 1857 τῆς
1705 1787 1839 1856 ἐρη-

1936 605 2291 674 tiosequitur,
2307 604 2451 674 quod
2473 601 2703 670 Propter
2732 612 2819 652 me
2834 595 2962 652 odio
2986 591 3142 648 crit'is
3173 586 3539 654 habiti.de

1932 701 2078 756 enim
2111 706 2331 769 propter
2363 697 2540 766 ipsum
2569 693 2791 748 fuerunt
2833 689 2960 743 odio
2993 684 3189 747 habiti,
3231 681 3368 736 satis
3418 688 3540 734 erat

1932 795 1999 848 ad
2063 807 2255 847 onmes
2323 790 2667 845 calamitates
2741 783 3044 839 leniendas.
3087 776 3231 844 Quin
3289 786 3344 829 et
3395 772 3540 842 ψιοιι

1933 885 2176 942 salvandi
2217 892 2377 939 erant
2421 881 2822 953 perseveraturi
2858 890 3030 945 usque
3063 873 3119 926 in
3149 871 3338 934 linem,
3375 868 3543 921 etiam

1938 980 2116 1047 ipsum
2147 979 2444 1032 maximam
2476 974 2747 1029 alferebat
2771 968 3232 1026 consolationem.

2011 1074 2178 1126 Vens.
2202 1071 2393 1125 “~47.
2422 1087 2441 1120 ι
2472 1068 2642 1123 Porro
2660 1079 2785 1121 cum
2813 1059 3060 1118 videritis
3081 1055 3544 1113 abominationem

1938 1166 2297 1223 desolationts
2327 1161 2395 1218 de
2422 1158 2769 1229 qua'dictum’
2799 1167 2885 1212 est
2919 1170 2946 1208 a
2983 1152 3208 1208 Daniele
3254 1150 3545 1220 propheta,

1940 1271 2174 1316 stantem
2207 1258 2296 1313 ubi
2326 1271 2430 1310 non
2461 1264 2698 1325 oportet.
2723 1252 2818 1323 qui
2847 1251 3039 1318 legerit
3077 1248 3368 1316 intelligat.
3390 1242 3549 1300 'I‘unc

1938 1355 2031 1424 qtti
2063 1346 2270 1405 fuerint
2319 1349 2374 1403 in
2401 1345 2618 1411 Iuda,
2643 1329 2852 1413 fugiant
2886 1342 2954 1396 ad
2990 1349 3208 1395 montes
3235 1355 3249 1394 :
3278 1336 3372 1408 qtti
3416 1349 3551 1391 vero

1938 1447 2103 1501 fuerit
2131 1443 2387 1507 intecto,
2425 1455 2491 1495 ne
2526 1440 2822 1494 descendat
2870 1436 2924 1490 in
2952 1431 3202 1498 domum,
3231 1447 3330 1488 nec
3367 1431 3552 1500 ingre-

1941 1538 2123 1592 diatur
2176 1542 2236 1587 ut
2281 1534 2576 1602 quicquam
2631 1527 2789 1583 tonat
2841 1543 2873 1583 ο
2919 1527 3082 1580 domo
3133 1538 3230 1578 sua
3280 1540 3295 1577 :
3346 1532 3402 1576 et
3455 1519 3548 1589 qni

1944 1630 2105 1682 fuerit
2134 1629 2187 1681 in
2228 1642 2378 1697 agro,
2419 1640 2486 1679 ue
2534 1631 2844 1678 revertatur
2877 1621 2943 1674 ad
2984 1635 3048 1674 ea
3086 1633 3208 1687 quat
3265 1614 3486 1686 reliquit
3519 1629 3548 1665 τι

1948 1736 2120 1792 tergo,
2149 1723 2216 1776 ad
2259 1695 2555 1774 tollendum
2589 1711 2813 1784 pallium
2846 1727 3030 1768 suum.
3060 1709 3154 1765 Vae
3188 1695 3372 1766 autem
3410 1723 3548 1775 pra:-

1944 1814 2257 1886 gnantibns,
2291 1820 2346 1866 et
2401 1799 2732 1864 lactantibus
2766 1808 2819 1861 in
2859 1806 3054 1861 diebus
3090 1805 3219 1858 illis.
3269 1821 3290 1855 ι
3328 1797 3551 1855 Abomi-

238 1894 493 1967 μώσεως,
524 1896 552 1947 6
588 1892 813 1959 ἀνδριὰς
848 1888 940 1943 τοῦ
974 1889 1072 1958 τήν
1089 1887 1244 1939 πόλιν
1275 1884 1510 1946 ἑλόντος.
1543 1879 1834 1948 Βδέλυγμα

1948 1911 2090 1963 natio
2147 1904 2504 1961 desolationis
2549 1912 2729 1958 statua
2789 1910 2874 1954 est
2945 1899 3066 1969 ejus
3123 1913 3216 1967 qut
3272 1895 3549 1951 civitatem

229 1988 347 2059 γὰρ
390 1987 502 2038 πᾶν
554 1984 777 2038 εἴδωλον
825 1981 1072 2049 λέγεται.
1140 1976 1510 2049 Ἐρημώσεως
1559 1973 1636 2036 δὲ,
1696 1970 1832 2025 διότι

231 2077 472 2147 ἁλούσης
488 2076 588 2147 τῆς
622 2072 1006 2146 Ἰερουσαλὴμ,
1047 2072 1143 2126 καὶ
1199 2071 1487 2140 ἐρήμωσιν
1512 2062 1835 2136 πασχούσης

235 2169 476 2240 ιστησαν
509 2167 642 2221 αὐτὸ
665 2165 778 2219 εσω
804 2165 917 2218 τῶν
948 2163 1160 2216 ἀδύτων
1204 2159 1300 2214 τοῦ
1339 2159 1492 2212 ναοῦ.
1547 2156 1710 2212 Ἀλλὰ
1738 2153 1835 2208 καὶ

230 2265 262 2317 6
296 2261 553 2325 Πιλᾶτος,
578 2259 680 2319 τὰς
712 2256 808 2311 τοῦ
843 2256 1129 2326 Καίσαρος
1154 2251 1374 2316 εἰκόνας
1405 2251 1627 2319 νύκτωρ
1666 2252 1748 2312 είς
1774 2248 1836 2301 τδ

235 2356 386 2427 ἱερὸν
415 2351 662 2422 ἀγαγὼν,
716 2347 916 2404 πολλοῦ
962 2347 1200 2418 θορύϐου
1249 2345 1329 2417 τῷ
1374 2343 1574 2415 πλήθει
1614 2342 1836 2410 ἐγένετο

231 2447 429 2510 αἴτιος.
465 2445 696 2498 Ἐκτοτε
723 2441 929 2515 ἢρξστο
965 2441 1061 2493 καὶ
1091 2441 1120 2492 6
1160 2439 1396 2509 πόλεμος
1427 2436 1524 2489 καὶ
1547 2436 1581 2503 ὴ
1608 2435 1836 2503 ἐρήμω-

234 2557 322 2604 σις
357 2539 459 2608 τῆς
499 2533 881 2608 Ἰερουσαλήμ.
934 2534 1070 2588 Τότε
1119 2531 1302 2585 τοίνυν
1325 2532 1375 2583 ot
1409 2531 1468 2582 εν
1494 2529 1562 2598 τῇ
1606 2525 1838 2596 Ἰουδαίᾳ

230 2634 408 2699 ὅντες,
434 2631 791 2700 φευγέτωσαν
822 2629 902 2692 είς
935 2629 1004 2681 τὰ
1031 2627 1156 2697 ὅρη.
1190 2623 1387 2687 Καλῶς
1418 2623 1474 2676 δὲ
1490 2617 1674 2685 εἶπεν,
1705 2622 1753 2673 oi
1776 2621 1835 2673 ὲν

231 2732 302 2803 τῇ
367 2725 620 2795 Ἰουδαία.
669 2725 734 2780 Oi
783 2724 896 2794 γὰρ
943 2722 1238 2777 ἀπόστολοι
1305 2719 1405 2772 οὐκ
1450 2714 1593 2788 ἦσαν
1653 2717 1712 2769 ὲν
1768 2717 1836 2786 τῇ

244 2820 501 2891 Ἰουδαίᾳ,
527 2817 669 2882 ἀλλ’,
700 2817 777 2880 ώς
816 2817 1052 2886 ἔφημεν,
1077 2811 1182 2884 πρὸ
1197 2810 1290 2864 τοῦ
1310 2809 1551 2878 πολέμου
1579 2804 1843 2876 ἐδιώχθη-

235 2933 340 2970 σαν
361 2915 469 2967 ἀπὸ
498 2913 597 2981 τῆς
640 2908 1001 2980 Ἰερουσαλήμ
1020 2925 1036 2939 ·
1084 2906 1286 2976 μᾶλλον
1313 2904 1370 2958 δὲ
1397 2901 1622 2973 ἐξῆλθον
1660 2901 1838 2959 αὐτοὶ,

235 3009 374 3081 θείῳ
394 3007 706 3077 κινούμενοι
734 3004 1043 3074 Πνεύματι.
1079 3002 1141 3054 Oi
1170 3000 1301 3069 γοῦν
1328 2999 1651 3069 εὑρεθέντες
1682 2998 1740 3049 ὲν
1769 2999 1838 3068 τῇ

243 3102 501 3174 Ἰουδαίᾳ,
537 3103 919 3172 φευγέτωσαν,
955 3098 1051 3151 καὶ
1078 3100 1106 3151 6
1132 3099 1225 3149 int
1248 3094 1344 3148 τοῦ
1370 3093 1644 3163 δώματος,
1673 3092 1841 3162 μηδε-

1937 2000 2231 2058 destruxit.
2256 1996 2608 2055 Abominatio
2659 1996 2808 2050 eni-n
2847 2010 3009 2049 omne
3042 1992 3248 2046 idolum
3299 1988 3500 2044 dicitur
3537 2010 3549 2045 :

1937 2092 2296 2150 desolationis
2325 2105 2458 2146 vero
2487 2105 2553 2145 eo
2579 2089 2748 2160 quod,
2770 2099 2930 2158 capta
2963 2096 3017 2141 et
3049 2084 3293 2140 desolata
3323 2081 3550 2137 Jerusa-

1939 2187 2067 2254 lem,
2095 2186 2242 2241 illam
2298 2192 2621 2240 statuerunt
2655 2185 2797 2237 intra
2834 2181 3060 2253 adytum
3098 2177 3314 2249 templi.
3345 2175 3554 2231 Pilatus

1938 2292 2157 2350 quoque
2198 2276 2436 2334 Cmsaris
2490 2276 2730 2346 imagine
2778 2289 2940 2329 noctu
2972 2274 3024 2327 in
3061 2269 3326 2340 templum
3376 2267 3554 2334 illata,

1941 2373 2121 2442 magni
2157 2374 2422 2427 tumultus
2451 2379 2644 2425 auctor
2676 2367 2779 2423 fuit
2815 2369 2981 2437 plebi.
3015 2366 3172 2421 Tunc
3198 2363 3347 2420 enim
3384 2361 3552 2433 coepit

1939 2479 1997 2522 et
2025 2465 2224 2521 bellum
2269 2475 2324 2520 et
2348 2462 2623 2520 desolatio
2653 2461 2982 2518 Jerusalem.
3008 2458 3180 2529 Igitur
3212 2469 3343 2511 tunc
3371 2455 3425 2509 hi
3453 2463 3550 2524 (ιιι

1941 2561 1994 2615 in
2031 2558 2218 2614 Iudaea
2273 2556 2500 2620 fuerint,
2530 2552 2743 2626 fugiant
2797 2554 2851 2608 in
2907 2563 3143 2606 montes.
3173 2548 3321 2604 Bene
3366 2553 3554 2601 autem

1942 2655 2100 2720 dixit,
2132 2654 2186 2708 hi
2233 2659 2329 2722 qut
2382 2651 2436 2705 in
2495 2647 2704 2704 Iudaea.
2732 2647 2870 2703 Nam
2921 2645 3155 2717 apostoli
3196 2660 3304 2700 non
3336 2641 3559 2696 fuerunt

1944 2748 1997 2800 in
2053 2745 2240 2801 Judaza
2303 2762 2318 2799 :
2374 2743 2496 2809 sed,
2547 2754 2607 2798 ut.
2667 2741 2934 2806 diximus,
2986 2749 3279 2808 antequam
3353 2733 3557 2790 bellum

1944 2834 2106 2910 243
2155 2846 2408 2890 exortum
2457 2843 2562 2898 est,
2613 2833 2666 2887 in
2718 2836 3104 2902 persecutione
3150 2826 3335 2883 exacti
3372 2833 3562 2881 sunte

1943 2927 2268 2993 Jerusalem,
2291 2928 2403 2980 imo
2434 2925 2537 2995 ipsi
2572 2925 2850 2988 exierunt,
2880 2922 3066 2977 divino
3099 2918 3270 2974 alIIati
3324 2916 3557 2986 Spiritu.

1945 3021 2048 3087 Qui
2088 3023 2253 3090 igitur
2287 3020 2490 3074 inventi
2521 3002 2732 3073 fuerint
2761 3017 2812 3071 in
2854 3011 3065 3079 Iudaea,
3099 3012 3357 3083 fugiant:
3403 3016 3460 3063 et
3513 3006 3563 3062 is

1947 3115 2043 3187 qui
2077 3131 2239 3185 supra
2274 3123 2503 3178 tectum,
2527 3113 2734 3166 nullius
2769 3111 2848 3165 rei
2885 3109 3060 3180 gratia
3094 3121 3216 3176 quae
3261 3104 3319 3159 in
3374 3103 3558 3161 domo.

236 3199 330 3261 νὸς
363 3196 472 3248 τῶν
499 3196 557 3247 ιν
589 3197 657 3264 τῇ
707 3192 860 3264 οίκίᾳ
922 3191 1339 3260 ἐπιστραφήτω.
1379 3184 1692 3256 Ἀγαπητὸν
1733 3183 1842 3254 γὰρ

1952 3183 2286 3263 revertatur.
2331 3203 2563 3275 Expedit
2599 3202 2746 3258 enim
2780 3211 2838 3256 ut
2870 3202 2993 3272 quis
3026 3198 3110 3254 vel
3154 3197 3299 3252 nudo
3331 3209 3566 3263 corpore

231 3292 284 3346 tl
321 3288 416 3342 καὶ
446 3285 642 3357 γυμνῷ
671 3284 752 3356 τῷ
804 3283 1020 3353 σώματι
1069 3281 1368 3351 διασωθείη
1421 3296 1527 3341 τις,
1565 3277 1703 3331 ἀλλὰ
1749 3277 1843 3329 καὶ

232 3401 266 3436 τ
285 3383 362 3446 ,ἴς
394 3379 650 3450 ἐχούσαις
671 3379 841 3431 τέκνα
868 3379 964 3430 καὶ
1006 3377 1128 3439 ταῖς
1177 3373 1423 3444 ἐγκύοις,
1451 3373 1596 3427 οὐαί.
1639 3369 1795 3424 Διατί
1825 3384 1843 3435 ς

236 3475 394 3532 Διότι
420 3473 480 3543 αἱ
507 3472 606 3544 μὲν
637 3471 863 3542 ἔχουσαι
923 3471 1116 3532 τέκνα,
1144 3471 1212 3538 τῇ
1257 3466 1393 3539 πρὸς
1438 3465 1580 3520 αὖτά
1638 3465 1842 3534 στοργῇ

234 3567 631 3639 κατεχόμεναι,
666 3564 729 3618 ού
769 3561 1355 3634 δυνήσονταιφεύγειν,
1391 3561 1446 3612 at
1466 3559 1524 3611 δὲ
1552 3560 1612 3610 ὲν
1642 3557 1847 3625 γαστρὶ

234 3661 483 3733 Ιχουσαι,
514 3658 604 3712 διὰ
627 3657 690 3710 τὸ
717 3657 816 3726 τῆς
843 3656 1146 3726 κυοφορίας
1170 3654 1359 3724 ἄχθος,
1390 3653 1513 3704 οὐδὲ
1540 3642 1703 3705 αὗται
1741 3651 1842 3721 ρᾳ-

234 3757 361 3811 δίαν
386 3755 487 3823 τὴν
521 3751 701 3828 φυγὴν
741 3752 978 3818 ἕξουσιν.
1013 3745 1185 3816 Οἶμαι
1229 3750 1285 3802 δὲ
1320 3749 1414 3802 καὶ
1442 3746 1541 3818 τὴν
1571 3761 1846 3813 τεκνοφα-

235 3847 370 3918 γίαν
395 3843 630 3898 ἐνταῦθα
660 3843 968 3914 σημαίνειν.
993 3841 1078 3894 Ἐν
1106 3842 1214 3911 γὰρ
1237 3839 1316 3910 τῷ
1346 3838 1493 3911 λιμῷ
1520 3836 1847 3910 πολιορκού-

241 3957 422 4012 μενοι,
442 3957 536 3992 και
563 3936 674 3992 τῶν
712 3935 920 3989 τέκνων
947 3935 1180 4005 ἥψαντο.

318 4051 336 4082 ι
378 4027 755 4100 Προσεύχεσθε
785 4025 863 4093 δὲ,
900 4025 987 4080 ἵνα
1033 4027 1107 4096 μὴ
1153 4027 1380 4096 γένηται
1415 4027 1450 4096 ἡ
1486 4022 1636 4093 φυγὴ
1689 4020 1848 4092 ἡμῶν

240 4126 532 4200 χειμῶνος.
563 4122 818 4174 Ἔσονται
864 4119 972 4190 γὰρ
1013 4122 1066 4172 α’
1119 4118 1327 4190 ἡμέραι
1370 4120 1580 4171 ἐκεῖναι
1634 4113 1843 4184 θλίψις,

239 4220 333 4275 οἵα
366 4218 428 4271 οὗ
457 4215 648 4282 γέγονε
691 4212 916 4282 τοιαύτη
959 4215 1034 4266 ἀπ
1102 4213 1280 4283 ἀρχῆς
1332 4214 1568 4274 κτίσεως
1599 4206 1665 4281 ἦς
1697 4211 1849 4261 ἐκτι-

245 4331 340 4368 σεν
369 4315 398 4366 6
423 4310 556 4369 Θεὸς
582 4309 688 4369 ἓως
718 4305 811 4359 τοῦ
844 4307 965 4373 νῦν,
999 4325 1030 4358 κ
1087 4346 1099 4360 .
1144 4307 1206 4359 οὐ
1243 4305 1320 4376 μὴ
1354 4309 1604 4375 γένηται.
1644 4303 1755 4356 Καὶ
1795 4306 1845 4356 εί

247 4408 327 4479 μὴ
383 4405 592 4478 Κύριος
631 4401 940 4462 ὲκιὶλόσιιυσεῖν
997 4421 1018 4454 ἰ
1076 4401 1365 4471 ςήμέρας,
1407 4401 1509 4453 οὐκ
1544 4399 1611 4452 ἂν
1659 4398 1849 4469 ὲσώθη

243 4499 401 4552 πᾶσα
433 4497 591 4568 σὰρξ,
623 4498 758 4550 ἀλλὰ
788 4497 878 4548 διὰ
907 4494 1037 4554 τοὺς
1081 4492 1374 4553 ἐκλεκτοὺς
1405 4490 1499 4554 οὓς
1539 4490 1846 4556 ἐξελέξατο,

1940 3303 2135 3358 salvus
2169 3301 2281 3357 liat.
2317 3298 2549 3370 Insuper
2577 3313 2657 3352 va:
2689 3308 2741 3352 et
2777 3294 3211 3366 praegnantibus,
3241 3303 3296 3347 et
3349 3292 3565 3345 lactan-

1952 3395 2095 3450 tibus
2122 3412 2222 3449 vae.
2248 3392 2468 3462 Quare?
2501 3393 2642 3459 Quia
2675 3407 2785 3447 non
2810 3399 3037 3459 possunt
3077 3386 3266 3456 fugere
3297 3383 3564 3459 mulieres

1948 3472 2147 3557 quibus
2178 3497 2307 3542 sunt
2365 3489 2543 3556 pueri,
2599 3484 2900 3538 aﬂ'ectione
2950 3497 3077 3549 erga
3126 3480 3250 3534 illos
3302 3478 3563 3533 detentae.

1949 3579 2304 3653 Praegnantes
2339 3593 2560 3648 quoque
2589 3585 2814 3648 propter
2849 3574 2988 3628 uteri
3043 3573 3325 3627 sarcinam
3388 3584 3569 3639 neque

1951 3675 2084 3743 ipsa:
2117 3673 2273 3728 facile
2309 3672 2492 3743 fugam
2525 3671 2834 3726 inveniunt.
2873 3667 3144 3723 Existimo
3201 3675 3383 3720 autem
3421 3665 3569 3734 quod

1951 3780 2007 3826 et
2037 3785 2238 3841 pueros
2271 3771 2373 3825 hoc
2411 3769 2538 3824 loco
2571 3767 2854 3839 signiticet
2885 3767 3179 3820 vorandos.
3212 3762 3381 3817 Fame
3419 3760 3568 3816 enim

1951 3864 2161 3921 obsessi
2196 3878 2296 3920 nec
2323 3862 2507 3934 pueri-
2535 3868 2926 3934 pepercerunt.

2031 4047 2198 4101 Vsus.
2263 4043 2460 4101 18-20.
2525 4062 2544 4096 ι
2596 4042 2766 4099 Orate
2816 4054 3024 4100 autem
3063 4057 3132 4098 ne
3203 4039 3330 4112 fuga
3378 4047 3565 4096 vestra

1956 4139 2051 4194 liat
2087 4140 2303 4208 hyeme.
2338 4135 2517 4194 Erunt
2545 4138 2693 4193 enim
2729 4137 2845 4191 dies
2889 4136 2963 4189 illi
2999 4137 3124 4191 talis
3159 4131 3401 4199 aIIIictio,
3437 4149 3571 4204 qua-

1953 4231 2022 4288 lis
2079 4247 2188 4286 non
2247 4230 2349 4285 fuit
2421 4232 2491 4286 ab
2560 4230 2719 4285 initio
2777 4244 2961 4284 rerum
3015 4229 3384 4295 conditarum,
3431 4242 3572 4298 quas

1954 4325 2200 4380 condidit
2231 4324 2398 4391 Deus,
2424 4339 2600 4394 usque
2629 4324 2695 4378 ad
2725 4325 2829 4379 hoc
2859 4331 3098 4390 tempus,
3129 4337 3231 4377 nec
3257 4320 3441 4376 futura
3465 4333 3573 4376 est.

1954 4417 2022 4472 Et
2045 4409 2154 4472 ‘nisi
2186 4418 2453 4473 Dominus
2500 4417 2883 4472 ahb‘reviasset
2932 4415 3052 4469 dies
3101 4417 3249 4479 illos,
3287 4414 3574 4484 haudqua-

1958 4525 2122 4581 quam
2157 4509 2307 4564 salva
2345 4509 2540 4564 fuisset
2570 4510 2824 4563 universa
2858 4523 3011 4563 caro.
3057 4503 3165 4561 Sed
3215 4514 3440 4576 proliter
3461 4506 3572 4560 ele-

243 4587 554 4643 δκολόὸωσε
586 4589 687 4652 τὰς
716 4587 954 4659 ἡμέρας.
1000 4604 1018 4636 ι
1058 4586 1120 4638 Εἰ
1150 4585 1421 4654 χειμῶνος
1479 4585 1588 4654 γὰρ
1635 4583 1843 4654 γένοιτο

1960 4612 2080 4659 ctos
2113 4618 2251 4673 quos
2284 4603 2468 4673 elegit,
2504 4602 2847 4658 abbreviavit
2880 4602 3022 4656 dies.
3065 4620 3084 4652 ι
3124 4599 3182 4654 Si
3219 4602 3414 4670 hyeme
3449 4599 3574 4670 luga

244 4685 281 4752 ὴ
325 4681 497 4753 φυγὴ,
528 4681 636 4735 ἀπὸ
659 4684 760 4753 τῆς
805 4679 900 4732 τοῦ
943 4677 1137 4746 καιροῦ
1173 4677 1464 4741 δυσκολίας
1516 4676 1852 4747 ὲμποδισθή-

248 4790 437 4828 σονται
465 4776 515 4826 ot
563 4772 787 4842 φεύγειν
814 4771 1092 4835 θέλοντες,
1123 4770 1224 4822 καὶ
1265 4768 1403 4834 ὅλως
1443 4769 1626 4839 θλίψις
1671 4768 1851 4832 ἔσται,

244 4867 361 4943 τῶν
383 4869 603 4922 πώποτε
635 4868 952 4938 γενομένων
1001 4867 1034 4940 ἢ
1064 4867 1449 4938 γενησομένων
1464 4866 1851 4937 χαλεπωτέρα.

249 4961 366 5018 Καὶ
393 4962 442 5013 εί
499 4961 573 5031 μὴ
613 4960 956 5014 ὲκολόὸωσεν
978 4963 1034 5013 ιό
1068 4962 1224 5025 Θεὸς,
1255 4961 1527 5022 τουτέστι,
1568 4961 1855 5031 συντόμως

248 5055 520 5111 κατέλυσε
549 5056 641 5109 τὸν
670 5055 910 5125 πόλεμον
935 5053 1048 5108 τῶν
1089 5055 1404 5126 Ῥωμαίων,
1435 5056 1537 5108 οὐκ
1569 5055 1636 5109 ἂν
1666 5055 1849 5127 ἐσώθη

251 5149 408 5202 πᾶσα
453 5147 616 5226 σὰρξ,
643 5148 948 5217 τουτέστιν,
989 5148 1240 5212 Ἰουδαῖος
1268 5149 1370 5202 οὐκ
1403 5149 1469 5202 ἂν
1503 5149 1805 5218 ὑπελείφθη
1837 5166 1849 5180 ·

254 5240 396 5295 ἀλλὰ
452 5239 542 5293 διὰ
576 5240 706 5303 τοὺς
733 5239 1050 5303 ἐκλεκτοὺς,
1074 5241 1329 5292 τουτέστι
1351 5240 1477 5303 τοὺς
1500 5238 1558 5304 ἐξ
1584 5241 1854 5310 Ἐϐραίων

252 5334 682 5399 πιστεύσαντας,
714 5335 748 5406 ἦ
782 5334 876 5386 καὶ
925 5332 1155 5403 ὕστερον
1205 5333 1502 5405 μέλλοντας
1550 5336 1853 5396 πιστεύειν,

253 5427 531 5498 κατελύθη
569 5428 851 5498 συντόμως
909 5427 937 5479 6
976 5428 1241 5496 πόλεμος.
1284 5429 1343 5480 '0
1368 5431 1476 5500 γὰρ
1499 5430 1633 5493 Θεὲς
1661 5448 1853 5500 προγι-

255 5520 510 5583 νώσκων,
541 5522 624 5574 ὅτι
651 5520 711 5587 ἐξ
743 5521 1017 5592 Ἐϐραίων
1065 5522 1255 5574 πολλοὶ
1310 5524 1666 5576 πιστεύσουσι
1718 5525 1857 5593 μετὰ

263 5613 370 5684 τὴν
395 5613 616 5680 ᾶλωσιν,
643 5614 837 5668 τούτου
874 5615 1036 5685 χάριν
1083 5615 1143 5668 ού
1193 5616 1542 5686 συνεχώρησε
1576 5618 1857 5681 παντελῶς

253 5705 622 5776 ἀφανισθῆναι
676 5708 737 5757 τὸ
770 5714 946 5774 γένος.
980 5707 1217 5762 Δύναται
1256 5710 1313 5761 δὲ
1355 5708 1526 5762 ταῦτα
1583 5713 1675 5762 καὶ
1720 5713 1854 5764 ἀνα-

253 5796 456 5866 χθῆναι
490 5799 847 5870 ἠθικώτερον.
880 5801 1167 5870 Βδέλυγμα
1210 5803 1310 5870 τῆς
1337 5803 1699 5874 ἐρημώσεως,
1737 5804 1857 5858 ἐστὶ

256 5892 368 5944 παι
397 5893 574 5962 νόημα
608 5895 921 5960 mcum,
970 5896 1141 5960 ἑστὼς
1177 5900 1234 5950 ἐν
1256 5897 1406 5969 τόπῳ
1428 5898 1589 5968 ἁγίῳ,
1612 5898 1690 5969 τῷ
1719 5900 1856 5970 ἠμε-

1933 4699 2137 4760 .lieret,
2168 4699 2434 4766 temporis
2463 4696 2662 4764 injuria
2690 4696 3083 4765 impedimenta
3118 4694 3362 4749 habituri
3385 4702 3577 4748 essent

1957 4788 2148 4860 fugere
2166 4788 2432 4852 volentes,
2458 4797 2513 4843 et
2531 4790 2760 4843 omnino
2781 4785 3007 4842 amictio
3040 4786 3225 4841 futura
3258 4794 3338 4840 ast
3359 4798 3573 4849 earum,

1959 4897 2083 4951 quae
2119 4881 2342 4936 luerunt
2379 4879 2463 4936 vel
2493 4889 2659 4935 erunt
2689 4895 2928 4950 unquam
2963 4878 3319 4949 gravissima,
3366 4887 3423 4931 et
3470 4875 3577 4932 nisi

1961 4972 2340 5028 abbreviasset
2374 4970 2542 5037 Deus,
2575 4971 2679 5026 hoc
2713 4980 2820 5037 est,
2855 4972 3019 5026 citius
3053 4969 3430 5025 Romanorum
3465 4966 3580 5022 bel-

1961 5064 2074 5119 lum
2131 5063 2496 5129 dissolvisset,
2555 5077 2665 5118 non
2704 5062 2905 5118 luisset
2939 5062 3090 5116 salva
3130 5062 3387 5115 universa
3422 5075 3574 5122 caro,

1965 5159 2069 5212 hoc
2116 5168 2224 5217 est.
2259 5155 2483 5210 Iudaeus
2529 5171 2639 5210 non
2689 5155 2888 5212 fuisset
2928 5155 3174 5210 relictus.
3207 5154 3316 5210 Sed
3352 5163 3576 5224 propter

1961 5248 2187 5314 electos,
2217 5249 2322 5303 hoc
2355 5256 2464 5314 est,
2498 5262 2595 5302 eos
2631 5249 2724 5317 qui
2759 5261 2826 5302 ex
2857 5246 3060 5304 Iudaeis
3088 5246 3464 5310 crediderunt,
3491 5246 3576 5300 vrl

1961 5353 2148 5411 posma
2183 5341 2448 5396 credituri
2485 5352 2636 5405 sunt,
2664 5343 2870 5398 bellum
2902 5342 3067 5397 citius
3094 5341 3429 5410 diremptum
3461 5349 3571 5394 est.

1962 5433 2105 5489 Deus
2135 5435 2280 5490 enim
2305 5435 2432 5502 quia
2466 5436 2839 5506 prtecognovit
2861 5449 2928 5488 ex
2958 5432 3202 5489 Hebraeis
3230 5432 3428 5486 multos
3457 5441 3582 5499 post

1964 5530 2340 5596 captivitatem
2375 5528 2707 5592 credituros,
2745 5544 2850 5586 non
2883 5530 3134 5598 permisit
3188 5537 3358 5581 totum
3405 5529 3577 5592 genus

1970 5621 2202 5676 aboleri.
2240 5621 2476 5676 Possunt
2517 5635 2700 5676 autem
2747 5625 2862 5676 haec
2913 5623 3105 5676 morali
3157 5636 3320 5676 sensu
3361 5620 3443 5674 sic
3481 5636 3578 5673 ex-

1966 5717 2129 5784 poni:
2179 5717 2532 5772 Abominatio
2562 5717 2914 5772 desolationis
2961 5728 3045 5771 est
3099 5716 3277 5771 omnis
3304 5714 3576 5770 diabolica

1964 5825 2007 5863 Ct
2033 5810 2246 5879 gitatio.
2275 5827 2398 5879 quae
2435 5822 2543 5864 stat
2575 5813 2626 5865 in
2686 5812 2806 5866 loco
2839 5821 3055 5877 sancto,
3108 5811 3211 5863 hoc
3263 5818 3348 5863 cst
3389 5817 3574 5863 nostra

1967 5901 2349 5960 lllClllt‘.‘TUllC
2388 5906 2550 5974 igitur
2586 5906 2672 5974 qui
2709 5913 2790 5959 est
2815 5906 2870 5960 iu
2895 5903 3107 5970 Iudaea,
3137 5902 3308 5975 fugiat
3335 5903 3388 5960 iu
3418 5916 3576 5957 nton~
