4272 6438
746 391 855 456 639

1657 391 1703 450 Τ
1706 390 2235 451 HEOPHYLACTI
2271 390 2683 452 BULGARLE
2716 392 3073 453 ARCHIEP.

3892 384 4018 449 640

750 511 898 557 tans.
926 499 1025 551 hoc
1060 507 1162 560 est,
1186 498 1274 563 qui
1300 495 1581 550 confessus
1604 495 1793 575 fuerit,
1820 507 2004 551 currat
2034 498 2097 549 ad
2134 497 2307 550 virtu-
2340 514 2384 565 Α
2415 516 2437 550 τ

2340 514 2384 565 Α
2415 500 2555 566 τέρῳ
2584 498 2683 550 νοτ.
2719 498 2851 551 Τότε
2879 498 3058 551 τοίνυν
3086 497 3115 549 6
3144 496 3202 549 ὲν
3236 497 3301 565 τῇ
3351 492 3583 565 Ἰουδαίᾳ
3627 491 3703 545 ὣν
3752 491 4016 561 φευγέτω

750 598 860 641 tum
896 596 1130 638 montes.
1163 584 1345 638 Judaei
1387 586 1531 640 enim
1566 585 1842 641 confessio
1873 587 2091 640 dicitur.
2121 586 2184 639 Et
2219 588 2310 655 qni
2417 607 2437 641 ε

2417 590 2495 651 είς
2524 589 2590 640 τὰ
2634 588 2840 658 όρεινά,
2868 588 3163 652 τουτέστιν,
3202 588 3231 639 6
3274 585 3813 657 ἐξομολογησάμενος
3861 584 4014 635 ἀνα-

749 678 805 731 in
837 690 1046 730 summo
1076 685 1206 739 stat,
1257 692 1361 729 non
1418 677 1725 731 descendat.
1760 678 1986 743 Quando
2015 678 2159 731 enim
2193 677 2312 731 all'e-

747 770 854 825 ctio
882 769 1121 836 quedam
1161 770 1210 821 in
1244 778 1420 822 mente
1441 780 1623 823 nostra
1660 770 1948 837 reperitur,
1970 779 2188 837 oportet
2220 783 2315 838 per

2427 680 2665 749 τρεκέτω
2708 683 2787 742 εἰς
2824 681 2890 732 τὰ
2923 680 3023 750 ὅρη
3083 679 3191 733 τῶν
3220 677 3451 750 ἀρετῶν.
3499 674 3727 729 Ἰουδαία
3765 673 3871 744 γὰρ
3911 673 4017 736 ἐξ·

2423 770 2748 839 ομολόγησις
2777 771 3013 839 λέγεται·
3052 771 3145 824 καὶ
3176 770 3206 822 6
3239 770 3303 821 ιν
3338 766 3527 837 ὑψηλῷ
3572 766 3860 836 ἱστάμενος
3927 762 4015 832 μὴ

758 860 1151 913 confessionem
1183 859 1247 911 ad
1273 875 1481 913 summa
1530 874 1833 923 recurrere,
1858 871 1912 914 et
1944 875 1972 913 a
2004 861 2315 915 summitate
2417 879 2445 914 κ

2417 861 2731 915 καταϐάτω.
2762 862 2932 915 ὐταν
2953 862 3061 930 γὰρ
3098 860 3344 931 ἐμπαθές
3394 876 3447 912 τι
3493 858 3671 928 νόημα
3726 856 3896 925 σταθῇ
3948 857 4013 906 εν

748 951 965 1005 virtutis
1015 967 1121 1005 non
1171 943 1515 1007 descendere.
1547 950 1612 1006 Et
1651 953 1742 1022 qui
1787 963 2047 1021 operatur
2092 955 2313 1020 bonum,

750 1057 857 1097 non
892 1053 1195 1098 revertatur
1219 1054 1274 1098 ut
1302 1045 1452 1098 tollat
1482 1055 1715 1100 veterem
1752 1046 2165 1112 conscientiam,
2197 1060 2316 1116 qua:

746 1142 827 1188 est
859 1135 1025 1191 vestis
1054 1151 1209 1203 quam
1240 1138 1405 1189 exuit.
1441 1134 1532 1189 Va:
1563 1145 1744 1191 autem
1774 1136 1997 1206 fugienti
2021 1140 2075 1201 in
2102 1140 2313 1207 hyeme.

746 1226 1134 1295 Oportetenim
1164 1214 1259 1280 nos
1277 1225 1461 1295 fugere
1487 1242 1516 1279 a
1542 1237 1765 1297 peccato
1784 1243 1904 1283 cum
1933 1230 2237 1293 alacritate,
2262 1238 2319 1283 et

747 1333 857 1373 non
878 1316 1067 1388 frigide
1106 1326 1159 1371 et
1201 1321 1461 1387 segniter.
1502 1318 1614 1374 Hoc
1668 1320 1811 1375 enim
1868 1335 1967 1389 per
2023 1320 2200 1390 fugam
2262 1320 2315 1375 in

747 1409 939 1480 hyeme
987 1410 1310 1465 insinuatUr.

814 1670 975 1725 Vens.
1005 1671 1199 1728 Ql—QB.
1246 1692 1263 1724 ι
1317 1673 1469 1728 Tunc
1499 1676 1541 1729 si
1573 1674 1697 1745 quis
1730 1677 1883 1732 vobis
1917 1678 2115 1732 dixerit
2140 1718 2153 1742 ,
2189 1676 2324 1733 Ecce

745 1762 835 1817 hic
867 1762 1138 1829 Christus,
1183 1780 1309 1821 ecce
1373 1765 1481 1821 illic
1517 1784 1530 1820 :
1570 1783 1637 1822 ne
1688 1770 1945 1823 credatis.
1991 1770 2322 1823 Exorientur

745 1855 1145 1923 psendocbristi
1182 1866 1238 1911 et
1266 1858 1769 1928 pseudoprophetae,
1795 1868 1848 1913 et
1880 1861 2042 1915 edent
2074 1861 2230 1929 signa
2255 1875 2318 1916 ac

746 1948 989 2015 prodigia
1021 1950 1087 2004 ad
1120 1949 1513 2018 decipiendum,
1542 1952 1587 2005 si
1624 1952 1738 2005 fieri
1771 1953 1965 2020 possit,
2016 1955 2180 2007 etiam
2206 1954 2316 2008 ele-

743 2050 859 2093 ctos
891 2054 905 2092 :
936 2054 1031 2095 vos
1064 2053 1243 2095 autem
1289 2052 1499 2108 cavete,
1529 2057 1655 2098 ecce
1687 2044 1908 2111 praedixi
1941 2044 2090 2099 vobis
2112 2046 2316 2101 omnia.

744 2127 1012 2183 Caeterum
1050 2131 1103 2183 in
1139 2130 1243 2185 illis
1281 2131 1469 2188 diebus
1517 2144 1635 2203 post
1684 2133 2025 2190 alllictionetn
2064 2137 2205 2191 illam
2240 2139 2321 2193 sol

744 2217 1210 2284 obtenebrabitur,
1243 2232 1297 2275 et
1324 2222 1447 2275 luna
1474 2238 1578 2277 non
1605 2225 1753 2279 dabit
1778 2226 2121 2294 splendorem
2142 2244 2318 2294 suum,

744 2315 798 2359 et
834 2307 999 2361 stellte
1041 2310 1163 2362 cmli
1219 2311 1484 2377 decident,
1537 2321 1591 2367 et
1640 2314 1870 2371 virtutes
1905 2330 2025 2383 qua:
2072 2318 2125 2371 in
2169 2318 2322 2375 caelis

748 2408 896 2464 ειιιιι,
922 2400 1301 2455 concutientur
1328 2420 1343 2458 :
1372 2412 1426 2457 et
1454 2412 1578 2459 tunc
1608 2405 1864 2461 videbunt
1914 2407 2105 2462 Filium
2149 2410 2321 2463 homi-

746 2490 830 2543 nis
867 2491 1170 2548 venientem
1204 2494 1255 2547 in
1287 2496 1521 2551 nubibus
1568 2513 1688 2551 cunt
1726 2508 1994 2567 potestate
2046 2510 2101 2555 et
2148 2502 2318 2571 gloria

745 2582 933 2635 mnlta.
968 2600 985 2633 ι
1025 2584 1162 2649 Quia
1202 2586 1446 2654 implevit
1478 2603 1597 2657 quae
1627 2590 1691 2643 ad
1720 2588 2023 2645 Jerusalem
2061 2593 2317 2659 attinent,

745 2669 911 2747 244
939 2676 1125 2747 incipit
1157 2678 1475 2749 igiturnunc
1498 2681 1563 2736 de
1600 2684 1832 2737 adventu
1880 2684 2206 2740 Antichristi
2236 2688 2322 2741 dio

747 2781 891 2821 cere.
936 2767 1089 2834 Quod
1141 2780 1317 2823 autem
1368 2772 1518 2839 dicit,
1574 2783 1722 2838 tunc,
1752 2790 1819 2829 ne
1857 2776 2126 2845 intelligas
2178 2780 2323 2848 quod

746 2859 965 2925 quando
996 2858 1122 2913 fient
1147 2874 1209 2915 ea
1240 2876 1358 2930 qua:
1386 2877 1545 2931 supra
1570 2865 1714 2919 dicta
1739 2876 1868 2921 sunt
1898 2866 1966 2922 de
1994 2866 2319 2934 Jerusalem,

749 2961 875 3005 tnnc
897 2952 941 3005 si
966 2952 1087 3019 quis
1112 2954 1264 3008 vobis
1287 2955 1519 3011 dixerit:
1548 2957 1685 3011 Ecce
1704 2959 1790 3012 hic
1812 2959 2082 3022 Christus.
2106 2977 2173 3017 ne
2202 2977 2322 3019 cre-

744 3041 917 3097 datis:
947 3043 1038 3097 sed
1061 3045 1255 3099 scitote
1276 3047 1416 3115 quod
1438 3046 1730 3117 Scriptura:
1750 3052 2057 3121 proprietas
2079 3054 2195 3109 haec
2212 3064 2316 3118 est,

745 3133 883 3185 sicut
906 3135 1065 3187 etiam
1085 3132 1366 3189 Mattheus
1384 3146 1506 3204 post
1526 3139 1898 3209 genealogiam
1922 3141 2125 3198 Christi
2153 3143 2317 3198 dicit:

2420 955 2569 1023 ἡμῖν,
2604 953 2793 1007 δεῖδιά
2821 952 2925 1022 τῆς
2981 952 3427 1021 ὲξομολογήσεως
3451 949 3773 1016 ἀνατρέχειν
3823 947 3902 1005 είς
3936 943 4014 995 τὶ

2422 1044 2623 1113 ὑψηλὰ,
2649 1044 2744 1097 καὶ
2773 1043 2850 1115 μὴ
2890 1042 3242 1097 καταϐαίνειν
3272 1038 3500 1096 ἀπὸτοῦ
3530 1038 3697 1108 ὕψους
3735 1036 3837 1105 τῆς
3864 1038 4009 1104 ἀρε-

2420 1135 2539 1204 τῆς.
2574 1137 2681 1188 Καὶ
2717 1136 2746 1188 6
2776 1133 3145 1206 ἐργαζόμενος
3191 1133 3253 1186 τὸ
3280 1131 3458 1185 καλὸν
3488 1130 3565 1200 μὴ
3613 1125 4019 1195 ἐπιστρεψάτω

2425 1226 2567 1280 ὥστε
2595 1224 2727 1299 ἆραι
2759 1227 2858 1297 τὴν
2902 1226 3141 1279 παλαιὰν
3176 1224 3503 1292 συνείδησιν,
3527 1222 3651 1291 ἥτις
3690 1221 3842 1271 εστὶν
3872 1217 4013 1284 ίμα-

2421 1335 2555 1385 τιον,
2590 1320 2619 1373 ὃ
2656 1319 2984 1373 ἀπεδύσατο.
3007 1318 3144 1371 Οὐαὶ
3163 1318 3219 1371 δὲ
3247 1316 3325 1386 τῷ
3378 1317 3438 1367 εν
3464 1313 3692 1385 χειμῶνι
3724 1309 4009 1380 φεύγοντι·

2422 1406 2503 1459 δεῖ
2522 1409 2631 1478 γάρ
2654 1409 2800 1477 ἡμᾶς
2825 1406 3047 1476 φεύγειν
3077 1407 3187 1459 ἀπὸ
3222 1404 3322 1475 τῆς
3360 1404 3635 1473 ἁμαρτίας
3690 1399 3827 1469 μετά
3883 1398 4019 1464 θερ-

2428 1499 2677 1567 μότητος,
2716 1499 2810 1552 καὶ
2861 1498 2935 1567 μὴ
2990 1496 3214 1566 ψυχρῶς
3281 1496 3376 1547 καὶ
3424 1496 3721 1562 ἀκινήτως.
3753 1488 4016 1542 Τοιοῦτον

2428 1589 2533 1656 γὰρ
2552 1588 2613 1639 τὸ
2644 1589 2702 1638 ὲν
2738 1588 2817 1655 τῷ
2846 1586 3077 1655 χειμῶνι
3108 1585 3330 1652 φεύγειν
3358 1582 3674 1635 αἰνίττεται.

2502 1696 2523 1729 ε
2546 1677 2678 1730 Τότε
2698 1677 2793 1731 ὲάν
2821 1694 2901 1739 τις
2933 1677 2960 1728 ὑ
2976 1679 3065 1745 μῖν
3087 1676 3236 1746 εἴπῃ,
3272 1674 3406 1727 Ἰδοὺ
3428 1665 3529 1725 ὦδε
3551 1674 3578 1723 6
3596 1670 3861 1741 Χριστὸς,
3897 1670 4012 1721 ἰδοὺ

2428 1772 2563 1835 ἐκεῖ,
2585 1772 2656 1837 μὴ
2678 1768 3025 1838 πιστεύσητε.
3066 1765 3485 1836 Ἐγερθήσονται
3506 1762 3615 1831 γὰρ
3630 1762 4017 1831 ψευδόχριστοι

2348 1839 2395 1898 Β
2427 1862 2519 1912 καὶ
2538 1859 3008 1928 ψευδοπροφῆται,
3067 1857 3163 1909 καὶ
3185 1854 3417 1908 δώσουσι
3442 1855 3645 1922 σημεῖα
3683 1853 3776 1903 καὶ
3804 1852 4021 1920 τέρατα

2426 1951 2563 2020 πρὸς
2590 1951 2648 2003 τὸ
2670 1950 3009 2018 ἀποπλανᾷν,
3037 1950 3086 2000 εί
3106 1946 3355 2008 δυνατὸν,
3399 1948 3493 1997 καὶ
3523 1944 3651 2006 τοὺς
3696 1942 4016 2002 ἐκλεκτούς.

2439 2042 2623 2112 Ὑμεῖς
2636 2043 2693 2095 δὲ
2715 2041 2941 2112 βλέπετε
2967 2057 2979 2069 ο
3010 2040 3118 2092 ίδοὺ
3144 2038 3454 2108 προείρηκα
3477 2038 3605 2105 ὑμῖν
3634 2036 3836 2088 πάντα.
3875 2034 4016 2086 Ἀλλ’

2422 2134 2479 2185 ὲν
2508 2133 2744 2195 ἐκείναις
2772 2134 2888 2193 ταῖς
2918 2133 3177 2201 ἡμέραις,
3206 2130 3345 2201 μετά
3369 2130 3467 2199 τὴν
3499 2129 3679 2198 θλίψιν
3703 2129 3950 2195 ἐκείνην,
3990 2130 4019 2179 ὁ

2421 2225 2571 2291 ἥλιος
2604 2225 3046 2293 σκοτισθήσεται,
3076 2225 3173 2277 καὶ
3202 2226 3232 2293 ἡ
3271 2222 3472 2292 σελήνη
3492 2222 3553 2273 ού
3598 2221 3760 2273 δώσει
3794 2221 3858 2271 τὸ
3885 2218 4020 2288 φέγ-

2428 2334 2521 2384 γος
2550 2318 2740 2386 αὐτῆς,
2766 2317 2860 2370 καὶ
2886 2317 2933 2368 οἱ
2960 2316 3187 2385 ἀστέρες
3222 2315 3315 2368 τοῦ
3350 2312 3585 2385 ούρανοῦ
3640 2313 3860 2364 ἔσονται
3918 2312 4010 2362 ἑκ-

2428 2410 2739 2474 πίπτοντες,
2768 2408 2863 2462 καὶ
2889 2409 2945 2461 αῖ
2967 2408 3228 2475 δυνάμεις
3262 2408 3317 2459 αἱ
3345 2410 3402 2458 ὲν
3439 2408 3553 2465 τοῖς
3602 2407 3855 2473 οὐρανοῖς
3922 2419 4017 2454 σα-

2442 2500 2816 2570 λευθήσονται.
2835 2500 2944 2551 Καὶ
2962 2498 3083 2551 τότε
3109 2498 3432 2566 ὕψονταιτδν
3456 2496 3582 2549 Υίὸν
3605 2494 3699 2547 τοῦ
3723 2493 4022 2565 ἀνθρώπου

2429 2592 2723 2663 ἐρχόμενον
2776 2592 2836 2643 ὲν
2889 2590 3142 2656 νεφέλαις
3195 2589 3334 2657 μετά
3409 2588 3693 2655 δυνάμεως
3756 2586 3855 2637 καὶ
3919 2585 4015 2639 δό-

2426 2687 2523 2755 ξης
2554 2684 2779 2756 πολλῆς.
2811 2702 2828 2736 ι
2867 2683 3203 2753 Πεπλήρωκε
3232 2681 3329 2751 μὲν
3361 2679 3461 2752 ἢδη
3482 2679 3552 2731 τὰ
3583 2678 3713 2747 περὶ
3768 2676 3871 2745 τῆς
3910 2677 4016 2730 οιε,

2426 2778 2729 2849 ρουσαλήμ.
2767 2775 3105 2848 Ἀρχεταιδὲ
3133 2774 3320 2827 λοιπὸν
3372 2774 3502 2841 περὶ
3544 2772 3645 2842 τῆς
3692 2770 3786 2822 τοῦ
3847 2770 4028 2822 Ἀντι-

2423 2868 2645 2941 χρίστου
2672 2865 2973 2936 παρουσίας
3026 2864 3226 2934 λέγειν.
3283 2863 3355 2917 Τὸ
3386 2862 3465 2930 δὲ,
3504 2864 3650 2928 τότε,
3684 2862 3757 2930 μὴ
3788 2862 4024 2932 νοήσῃς,

2421 2961 2505 3014 ὅτι
2535 2962 2663 3014 ὅταν
2692 2962 2760 3013 τὰ
2786 2960 3043 3029 ἀνωτέρω
3075 2958 3310 3028 ῥηθέντα
3351 2958 3481 3025 περὶ⁵
3520 2954 3620 3025 τῆς
3661 2953 4030 3024 Ἰερουσαλὴμ

2424 3054 2707 3123 γένωνται,
2739 3053 2861 3106 τότε
2887 3052 2980 3106 ὲάν
3011 3069 3093 3114 τις
3153 3052 3282 3120 ὑμῖν
3322 3049 3453 3122 εἴπῃ
3479 3066 3493 3079 ·
3536 3048 3667 3101 Ἰδοὺ
3700 3040 3801 3099 ὧδε
3835 3046 3863 3097 6
3897 3046 4011 3113 Χρι

2426 3143 2571 3210 στὸς,
2607 3143 2682 3213 μὴ
2703 3145 3050 3213 πιστεύσητε,
3091 3141 3233 3193 ἀλλά
3258 3138 3555 3207 γινώσκετε
3579 3137 3663 3189 ὅτι
3680 3134 3881 3203 ἰδίωμά
3898 3135 4027 3185 ἐστι

744 3223 803 3277 In
843 3224 1031 3279 diebus
1053 3226 1159 3280 illis
1180 3229 1395 3281 advenit
1416 3227 1671 3285 Joannes.
1699 3229 1905 3297 Quibus
1940 3234 2168 3289 diebus?
2194 3253 2317 3290 num
2350 3223 2393 3245 ν
2428 3256 2431 3271 ι

2350 3223 2393 3245 υ
2428 3235 2527 3304 τῆς
2555 3236 2778 3305 Γραφῆς
2811 3232 3208 3302 τοῦτο,ὦσπερ
3241 3231 3336 3284 καὶ
3358 3232 3388 3283 6
3419 3230 3724 3293 Ματθαῖος,
3745 3228 3891 3297 μετά
3923 3227 4025 3296 τὴν

748 3331 869 3372 mox
900 3318 1253 3386 sequentibus
1281 3330 1400 3389 post
1423 3319 1625 3377 Christi
1648 3326 2028 3380 nativitatem?
2056 3325 2200 3391 Non,
2224 3330 2317 3384 sed

747 3408 1041 3464 indefinite.
1062 3410 1152 3465 Sic
1173 3412 1395 3481 igitnret
1412 3413 1512 3468 hoc
1531 3413 1648 3470 loco
1667 3416 1819 3483 dicit,
1840 3428 1966 3473 tunc
1996 3438 2008 3474 :
2031 3433 2135 3474 non
2152 3436 2321 3489 quam

753 3500 818 3554 do
841 3499 1139 3555 Jerusalem
1160 3503 1397 3558 desolata
1436 3502 1555 3568 fuit,
1584 3506 1675 3560 sed
1697 3521 1791 3575 per
1811 3515 2025 3579 tempus
2055 3510 2323 3568 adventus

754 3594 1093 3660 Antichristi,
1129 3610 1196 3649 ne
1236 3598 1596 3653 seducamini.
1650 3600 1799 3655 Multi
1841 3603 1986 3657 enim
2027 3615 2326 3673 prtetexent

750 3701 945 3740 nomen
985 3686 1209 3751 Christi,
1247 3690 1317 3743 ita
1353 3701 1411 3743 ut
1452 3698 1505 3744 et
1539 3691 1740 3747 electos
1790 3698 2051 3750 seducere
2100 3706 2321 3765 queant.

748 3778 816 3831 At
858 3789 980 3848 post
1022 3781 1311 3835 adventum
1348 3782 1671 3838 Antichristi
1722 3786 1898 3839 omnis
1928 3770 2178 3841 creatura
2219 3789 2322 3842 im-

751 3869 1066 3934 tnutabitur,
1122 3871 1336 3941 quando
1366 3870 1533 3928 s'tellaa
1560 3875 2064 3932 obtenebrabuntnr
2107 3889 2325 3948 propter

750 3961 1069 4015 immensam
1113 3963 1285 4018 lucem
1318 3963 1554 4020 Christi.
1600 3966 2106 4027 Commovebuntur
2143 3980 2325 4025 autem

748 4063 802 4106 et
832 4054 1087 4119 angelica:
1120 4056 1364 4123 virtutes,
1397 4057 1499 4112 hoc
1527 4067 1630 4125 est,
1660 4062 2045 4130 obstupescent
2081 4064 2330 4119 videntes

756 4156 960 4200 tantam
993 4164 1172 4201 rerum
1209 4150 1567 4205 mutationem
1609 4152 1751 4217 fieri,
1786 4161 1839 4206 et
1866 4168 2169 4209 conservos
2201 4170 2330 4209 suos

746 4238 999 4307 jndicari.
1038 4241 1102 4295 Et
1136 4252 1261 4296 tunc
1281 4244 1536 4297 videbunt
1557 4244 1839 4299 Dominum
1859 4257 1915 4300 ut
1943 4248 2134 4302 Filium
2160 4250 2331 4302 homi-

752 4334 855 4398 nis,
882 4336 984 4390 hoc
1005 4344 1087 4390 est
1126 4337 1174 4388 in
1198 4351 1445 4404 corpore.
1472 4336 1603 4390 Nam
1629 4339 1769 4408 quod
1799 4351 2093 4407 spectatur,
2113 4344 2332 4394 omnino

2432 3331 2689 3397 γέννησιν
2740 3326 2835 3381 τοῦ
2883 3325 3145 3397 Χριστοῦ,
3199 3324 3350 3391 λέγει
3393 3340 3407 3355 ο
3454 3322 3543 3375 Ἕν
3597 3323 3721 3384 ταῖς
3778 3321 4023 3391 ἡμέραις

2430 3424 2668 3483 ἐκείναις
2706 3420 3069 3490 παραγίνεται
3105 3420 3134 3471 6
3176 3416 3455 3483 Ἰωάννης.
3491 3414 3676 3474 Ποίαις
3742 3412 4023 3481 magna“;

2431 3513 2582 3586 'Apa
2614 3516 2737 3576 ταῖς
2769 3512 2964 3582 ἐφεξῆς
2994 3510 3133 3581 μετά
3168 3509 3265 3579 τὴν
3325 3508 3419 3562 τοῦ
3457 3504 3700 3577 Χριστοῦ
3732 3505 4031 3574 γέννησιν;

2435 3608 2594 3676 Οϋχὶ,
2633 3604 2748 3659 ἀλλ’
2798 3605 3087 3674 ἀορίστως.
3127 3600 3314 3663 Οὕτως
3343 3596 3441 3652 οὖν
3469 3599 3564 3651 καὶ
3592 3597 3827 3650 ἐνταῦθα
3851 3596 4028 3664 λέγει,

2431 3700 2575 3763 τότε,
2607 3700 2703 3767 οὐχ
2732 3698 2860 3749 ὅταν
2894 3697 2926 3765 ἡ
2972 3694 3339 3764 Ἰερουσαλὴμ
3370 3690 3656 3761 ὲρημωθῇ,
3698 3689 3838 3742 ἀλλά
3884 3688 4036 3743 κατὰ

2432 3792 2561 3852 τοὺς
2592 3788 2818 3857 καιροὺς
2862 3786 2960 3853 τῆς
3012 3784 3106 3837 τοῦ
3153 3783 3534 3853 Ἀντιχρίστου
3587 3780 3923 3851 παρουσίας,
3958 3780 4036 3849 μὴ

2436 3880 2764 3950 πλανηθῆτε.
2803 3876 2997 3929 Πολλοὶ
3022 3875 3130 3945 γὰρ
3163 3874 3589 3944 ύποποιήσονται
3629 3872 3691 3924 τὸ
3746 3870 3842 3924 τοῦ
3892 3872 4033 3941 Χρι-

2440 3975 2566 4026 στοῦ
2606 3974 2798 4041 ὄνομα,
2830 3968 2971 4023 ὥστε
3009 3970 3101 4022 καὶ
3124 3969 3251 4030 τους
3282 3967 3576 4030 ἐκλεκτοὺς
3614 3965 3845 4034 πλανᾷν.
3874 3966 4038 4019 Μετά

2438 4066 2617 4135 δὲτὴν
2656 4065 2750 4116 τοῦ
2786 4062 3155 4131 Ἀντιχρίστου
3195 4060 3525 4130 παρουσίαν,
3565 4061 3597 4129 ὴ
3649 4059 3829 4122 κτίσις
3878 4061 4036 4112 πᾶσα

2441 4155 2891 4225 ἀλλοιωοήσεται,
2922 4151 3323 4221 σκοτιζομένων
3358 4150 3466 4203 τῶν
3506 4152 3759 4219 ἀστέρων
3780 4150 3878 4223 ,διά
3930 4152 4032 4219 τὴν

2440 4248 2743 4319 ὑπερϐολὴν
2775 4246 2868 4299 τοῦ
2897 4246 3075 4313 φωτὸς
3100 4244 3195 4299 τοῦ
3219 4244 3480 4316 Χριστοῦ.
3511 4242 3953 4311 Σαλευθήσονται
3978 4242 4039 4295 δὲ

2442 4343 2495 4394 αἱ
2564 4338 2853 4408 ἁγγελικαὶ
2906 4339 3180 4407 δυνάμεις,
3243 4338 3521 4390 τουτέστιν
3564 4334 4037 4404 ὲκπλαγῆσο·.ται,

749 4438 942 4493 corpus
1004 4436 1105 4481 est.
1142 4429 1397 4492 Quamvis
1455 4439 1633 4482 autem
1678 4430 1727 4482 in
1777 4445 2005 4499 corpore
2059 4440 2114 4484 nt
2174 4435 2334 4488 homo

2444 4433 2649 4505 ὁρῶσαι
2693 4433 2967 4501 τοσαύτην
3030 4430 3335 4503 μεταϐολὴν
3390 4430 3705 4500 γινομένην,
3762 4431 3857 4483 καὶ
3906 4446 4038 4493 τους

690 4584 693 4587 _
752 4520 951 4584 veniet,
982 4520 1161 4573 aderit
1190 4528 1366 4572 tamen
1400 4534 1523 4573 cum
1554 4529 1823 4587 potestate
1844 4522 2087 4589 t'tgloria
2115 4540 2331 4589 magna.
2369 4523 2377 4576 l

2369 4523 2412 4576 D
2444 4525 2766 4587 συνδούλους
2812 4524 2993 4577 αὐτῶν
3049 4524 3431 4594 κρινομένους.
3493 4524 3602 4575 Καὶ
3648 4521 3768 4574 τότε
3811 4520 4038 4588 ὕψονται

748 4614 841 4664 τὸν
887 4612 1109 4683 Κύριον,
1157 4612 1233 4677 ὡς
1290 4613 1418 4665 Υίδν
1477 4612 1789 4682 ἀνθρώπου,
1840 4614 2121 4668 τούτεστιν
2163 4620 2502 4691 ὲνσώματον.
2568 4618 2643 4671 Τὸ
2704 4621 2813 4690 γὰρ
2842 4618 3238 4687 Θεωρούμενον,
3275 4616 3492 4679 πάντως
3563 4614 3743 4685 σῶμα.
3807 4613 3952 4667 Ἀλλ’
3990 4622 4041 4676 εἰ

753 4709 846 4761 καὶ
882 4706 1193 4777 ὲνσώματος
1212 4707 1287 4769 ὠς
1311 4706 1594 4777 ἀνδρωπος
1621 4706 1862 4777 ἔρχεται,
1894 4710 2033 4763 ἀλλὰ
2076 4728 2138 4777 γε
2187 4714 2325 4784 μετά
2363 4714 2651 4783 δυνάμεως
2686 4711 2782 4765 καὶ
2812 4710 2970 4779 δόξης
3008 4711 3229 4779 πολλῆς.

828 4801 988 4856 Vens.
1011 4802 1204 4857 27-31.
1236 4820 1254 4853 ι
1312 4801 1377 4855 Et
1422 4813 1549 4857 tunc
1598 4803 1775 4855 mittet
1833 4805 2052 4873 angelos
2098 4822 2247 4872 suos,
2292 4816 2347 4863 et

2523 4827 2541 4861 ε
2576 4807 2685 4860 Καὶ
2714 4808 2836 4860 τότε
2889 4805 3179 4859 ἀποστελεῖ
3227 4805 3353 4865 τοὺς
3391 4802 3659 4871 ἀγγέλους
3710 4803 3908 4868 αὑτοῦ,
3944 4806 4042 4858 καὶ

750 4896 1063 4965 aggregabit
1104 4894 1306 4949 electos
1346 4908 1472 4947 suos
1509 4909 1536 4945 a
1566 4902 1801 4963 quatuor
1849 4900 2045 4961 ventis,
2075 4912 2101 4948 a
2134 4913 2346 4953 snnnno

2444 4904 2760 4969 ἐπισυνάξει
2793 4904 2919 4967 τοὺς
2963 4902 3257 4962 ἐκλεκτοὺς
3304 4900 3468 4953 αὐτοῦ
3500 4902 3564 4953 ὲκ
3613 4899 3721 4952 τῶν
3754 4903 4043 4973 τεσσάρων

754 4999 909 5043 terra:
934 5005 1103 5059 usqne
1128 4988 1192 5042 ad
1232 5004 1505 5043 summntn
1558 4989 1702 5045 cmli-
1750 4993 1795 5044 A
1822 4993 1923 5043 ficu
1974 5007 2103 5045 vero
2147 4993 2345 5048 discite

2444 4998 2681 5067 ἀνέμων,
2708 4998 2804 5049 ἀπ’
2854 4997 3027 5065 ἇκριυ
3073 4995 3176 5064 γῆς
3220 4994 3324 5056 ἕως
3379 4992 3551 5063 ἄκρου
3601 4991 3858 5064 οὐρανοῦ.
3910 4994 4048 5047 Ἀπὸ

753 5082 1159 5137 similitudinem
1183 5101 1194 5134 ε
1215 5097 1334 5135 cum
1354 5099 1536 5137 ratnns
1556 5082 1672 5151 ejus
1697 5094 1850 5139 tener
1878 5085 2060 5151 fuerit,
2078 5087 2348 5154 produxe-

756 5174 935 5243 ritque
960 5174 1105 5242 folia,
1134 5176 1286 5232 scitis
1311 5174 1455 5245 qttod
1490 5190 1654 5247 prope
1686 5177 1758 5231 sit
1803 5187 1984 5233 testas.
2022 5177 2114 5234 Sic
2139 5190 2193 5234 et
2226 5196 2339 5248 vos,

754 5282 877 5322 cum
916 5268 1169 5323 videretis
1212 5270 1323 5323 haec
1358 5269 1495 5331 fieri,
1542 5270 1736 5325 scitote
1797 5271 1940 5338 quod
1978 5288 2144 5341 prope
2177 5275 2248 5326 sit
2284 5274 2336 5326 in

756 5360 989 5416 foribus.
1023 5360 1193 5415 Amen
1230 5362 1355 5416 dico
1384 5362 1559 5427 vobis,
1592 5363 1735 5431 quod
1784 5379 1889 5417 non
1916 5366 2210 5432 praeteribit
2243 5380 2339 5431 ge-

756 5455 967 5508 neratio
992 5454 1107 5508 haec
1130 5453 1307 5508 donec
1329 5457 1510 5509 omnia
1540 5458 1651 5510 hac
1686 5454 1824 5511 facta
1872 5458 2091 5513 fuerint.
2125 5458 2335 5513 Ctelnm

755 5556 809 5599 et
869 5556 1012 5600 terra
1073 5546 1423 5610 transibunt,
1465 5549 1557 5602 sed
1621 5550 1780 5603 verba
1835 5566 1952 5604 mea
2026 5566 2131 5605 non
2194 5568 2335 5622 pra:-

760 5637 1016 5692 teribnnt.
1060 5658 1076 5689 ι
1118 5638 1281 5692 Vides
1341 5642 1483 5708 quod
1532 5649 1583 5693 et
1650 5642 1815 5697 Filius
1879 5642 2099 5712 angelos
2150 5644 2337 5709 mittit,

759 5734 899 5787 sicut
925 5745 979 5788 et
1013 5732 1181 5786 Pater.
1225 5735 1325 5789 Ubi
1364 5736 1666 5805 igitur-sunt
1710 5740 1796 5801 qui
1832 5740 2016 5791 dicunt
2052 5756 2060 5789 ε
2097 5740 2213 5794 Non
2260 5752 2342 5793 est

758 5828 988 5896 wqttal's
1028 5829 1133 5883 Deo
1166 5838 1210 5883 Cl
1250 5828 1431 5882 l’atti?
1462 5829 1689 5885 Veniant
1727 5832 1886 5901 igitur
1921 5832 2093 5900 angi-li
2124 5843 2172 5887 ul
2213 5850 2340 5888 con-

2443 5090 2620 5159 δὲτῆς
2662 5090 2834 5157 συκῆς
2881 5087 3083 5155 μάθετε
3140 5089 3237 5155 τὴν
3293 5086 3633 5157 παραϐολήν·
3673 5088 3806 5141 ὅταν
3869 5075 4046 5155 αύτῆς

2452 5183 2552 5253 ήδη
2590 5185 2617 5235 6
2643 5181 2835 5245 κλάδος
2868 5180 3078 5243 ἁπαλὸς
3132 5180 3381 5251 γένηται,
3414 5181 3507 5232 καὶ
3534 5181 3708 5250 ὲκφυῇ
3748 5180 3814 5232 τὰ
3842 5180 4052 5246 φύλλα,

2446 5276 2745 5342 γινώσκετε
2775 5274 2856 5326 ὅτι
2888 5274 3055 5342 ἐγγὺς
3070 5273 3130 5325 τὸ
3150 5271 3308 5343 θέρος
3328 5270 3497 5325 ἐστίν.
3545 5271 3703 5325 Οὕτω
3734 5272 3830 5324 καὶ
3853 5272 4042 5340 ὑμεῖς,

2448 5367 2577 5419 ὅταν
2639 5366 2809 5421 ταῦτα
2868 5364 3013 5437 ῐὸητε
3071 5364 3354 5435 γινόμενα,
3392 5364 3693 5432 γινώσκετε
3742 5364 3827 5417 ὅτι
3873 5364 4047 5433 ἐγγύς

2448 5461 2598 5514 ἐστιν
2630 5460 2723 5513 ἐπὶ
2776 5458 2993 5531 Ούραις.
3032 5457 3206 5529 ’Λμὴν
3246 5457 3389 5525 λέγω
3418 5456 3549 5527 ὑμῖν
3578 5457 3745 5510 ὅτιού
3785 5458 3861 5524 μὴ
3898 5474 4047 5527 παρ-

2447 5554 2578 5626 έλϐῃ
2617 5556 2648 5624 ἡ
2699 5555 2863 5622 γενεά
2904 5552 3068 5621 αὕτη,
3118 5550 3312 5621 μέχρις
3351 5544 3411 5603 οὗ
3437 5551 3618 5603 πάντα
3663 5549 3842 5601 ταῦτα
3881 5551 4049 5622 γένη-

2449 5666 2562 5701 ται.
2616 5647 2675 5700 ’0
2699 5645 2926 5717 οὐρανὸς
2954 5645 3046 5699 καὶ
3079 5646 3109 5714 ἡ
3146 5645 3215 5712 γῆ
3252 5642 3707 5712 παρελεύσονται,
3732 5644 3778 5693 οἱ
3804 5642 3861 5695 δὲ
3897 5644 4050 5711 λόγοι

2460 5759 2558 5811 μου
2589 5742 2648 5793 ού
2690 5739 2765 5810 μὴ
2818 5738 3181 5809 παρέλθωσιν.
3221 5756 3237 5787 ι
3272 5736 3537 5805 ὐρᾷςὲὶτι
3565 5735 3657 5787 καὶ
3683 5739 3709 5789 ὁ
3752 5737 3873 5797 Υἱὸς
3923 5738 4050 5798 τοὺς

2459 5834 2723 5902 ἀγγέλους
2775 5833 3003 5897 στέλλει,
3033 5832 3219 5900 ὥσπερ
3256 5829 3345 5884 καὶ
3370 5829 3397 5881 6
3433 5828 3657 5898 Πατήρ,
3711 5829 3820 5881 Ποῦ
3869 5828 4052 5881 ’λέγι-Ι
