4272 6438
203 407 308 474 θΗ

910 407 1354 470 ENARARTIO
1396 406 1478 468 IN
1521 397 2021 466 EVANGELIUM
2059 396 2321 456 MARCI.
2377 421 2432 431 --
2467 398 2627 460 CAP.
2669 394 2846 458 XlII.

3409 392 3515 456 612

206 525 259 577 ot
289 521 542 591 λέγοιτες
584 520 662 573 ὅει
697 520 795 572 οὐκ
832 517 980 572 ἔστιν
1014 519 1127 583 ίσος
1162 519 1240 589 τῷ
1274 518 1396 588 Θεῷ
1448 516 1542 570 καὶ
1591 513 1805 580 11ατρί;

1931 517 2133 576 {regem
2161 508 2388 570 electos,
2418 507 2510 576 qui
2541 516 2800 576 tanquam
2838 506 2892 560 in
2931 505 3103 558 nubes
3138 503 3298 572 rapti,
3321 519 3513 562 occur-

224 616 578 671 Ἐλεύσοιται
611 613 791 665 τοίνυν
841 614 890 664 οί
923 611 1147 680 ἄγγελοι
1205 612 1626 677 ὲπισυνάγοντες
1674 607 1802 667 τοὺς

209 707 534 770 ἐκλεκτοὺς,
569 707 644 766 ὡς
679 704 746 757 ἂν
772 705 1116 774 ἁρπαγέντες
1148 706 1206 756 ὲν
1256 703 1530 772 νεφέλαις,
1561 699 1804 766 ὑπαντή-

211 816 354 853 auat
407 800 486 866 τῷ
553 797 762 867 Κυρίῳ.
816 797 949 847 ’Λπὸ
995 795 1051 847 δὲ
1111 795 1215 859 τῆς
1258 795 1429 861 συκῆς
1508 791 1743 860 μάνθανε
1779 788 1808 838 ὃ

211 891 367 956 λέγω
397 908 409 921 ·
447 890 640 956 ὥσπερ
672 875 790 940 ’καὶ
835 888 935 955 τῆς
977 887 1148 956 συκῆς
1203 885 1378 954 φύλλα
1430 884 1532 952 ήδη
1576 881 1807 951 ἐχούσης

213 982 381 1065 εξθὺς
415 983 473 1032 τὺ
505 981 684 1048 θέρος,
724 979 870 1032 οὕτω
907 979 1003 1030 καὶ
1040 978 1176 1048 μετά
1207 979 1306 1045 τὴν
1334 974 1514 1044 θλίψιν
1545 971 1638 1025 τοῦ
1685 974 1806 1023 Ἀν-

169 1058 178 1075 ’
213 1058 499 1143 τ’ίχρίστου
538 1072 698 1133 εὐθὺς
727 1071 936 1132 οὐδενὸς
968 1068 1416 1138 μεσολαϐοῦντος,
1448 1071 1478 1137 ἠ
1525 1066 1617 1120 τοῦ
1669 1067 1808 1133 Χρι·

219 1162 352 1214 στοῦ
374 1161 666 1229 παρουσία.
724 1161 847 1229 ἥτις
879 1162 1033 1228 θέρος
1065 1161 1139 1228 τῷ
1169 1160 1280 1212 ὄντι
1309 1161 1422 1212 ἐστὶ
1447 1162 1557 1220 τοῖς
1577 1157 1808 1218 δικαίοις

217 1257 329 1310 ἀπὸ
354 1257 644 1326 χειμῶνος,
678 1257 788 1316 ταῖς
834 1255 1016 1321 μέντοι
1054 1253 1403 1322 ἁμαρτωλοῖς
1458 1251 1665 1320 χειμὼν
1703 1250 1810 1302 ἀπὸ

219 1349 439 1417 θέρους.
486 1349 659 1416 Ἀμὴν
688 1347 832 1410 λέγω
859 1347 986 1415 ὑμῖν
1011 1347 1143 1414 ὁτιή
1168 1345 1331 1409 γενεὰ
1353 1343 1517 1412 αὕτη,
1562 1342 1810 1393 τουτέστι

218 1440 334 1492 τῶν
362 1440 592 1501 πιστῶν,
626 1440 737 1490 τῶν
768 1438 1110 1507 Χριστιανῶν
1145 1438 1311 1504 λέγω,
1343 1436 1402 1487 οὐ
1440 1436 1512 1502 μὴ
1542 1433 1808 1504 παρέλθῃ.

221 1533 330 1596 lto;
360 1531 532 1584 ταῦτα
566 1536 766 1594 πάντα,
794 1532 861 1583 τά
889 1546 944 1581 τε
983 1531 1114 1598 περὶ
1152 1529 1254 1598 τῆς
1304 1528 1684 1596 Ἰερουσαλὴμ,
1720 1526 1810 1576 καὶ

219 1627 323 1694 τῆς
347 1625 441 1678 τοῦ
474 1624 844 1694 Ἀντιχρίστου
875 1623 1141 1686 ἐλεύσεως
1190 1624 1435 1689 γένηται.
1473 1621 1547 1673 Οῦ
1577 1621 1684 1688 γὰρ
1717 1619 1810 1687 δὴ·

225 1731 330 1768 που
368 1717 560 1784 γενεὰν
609 1715 757 1782 λέγει
791 1716 888 1783 τὴν
939 1715 1048 1766 τῶν
1100 1713 1432 1766 ἀποστόλων.
1484 1713 1637 1763 Ἐπεὶ
1691 1701 1813 1762 οὐδὲ

222 1809 358 1878 ἄχρι
380 1811 479 1877 τῆς
506 1809 816 1869 συντελείας
837 1807 930 1859 τοῦ
983 1807 1190 1873 κόσμου
1237 1803 1402 1869 ζῶσιν
1426 1806 1472 1855 οί
1503 1801 1809 1866 ἀπόστολοι,

1907 610 2032 654 rant
2091 601 2340 655 Domino.
2374 603 2415 653 A
2467 601 2696 656 ﬁculnea
2741 613 2926 655 autem
2966 601 3118 656 disce
3161 600 3307 668 quod
3371 599 3517 654 diro.

1906 691 2373 758 Quemadmodum
2439 695 2582 746 enim
2653 693 2758 758 ficu
2823 692 2949 746 folia
3003 692 3280 754 habente,
3329 694 3516 746 statim

1906 793 2069 838 azstas
2103 785 2279 848 ade5t,
2337 784 2415 837 sic
2443 793 2496 837 et
2528 793 2648 850 post
2669 781 3020 839 afﬂictionem
3049 782 3373 837 Antichristi
3405 792 3517 838 sta-

1910 875 2003 926 tim
2033 875 2238 943 absque
2270 874 2379 928 ullo
2417 874 2717 927 ntediatore
2761 873 2936 928 aderit
2983 872 3188 927 Christi
3223 871 3518 933 adventus,

1909 978 2030 1033 quas
2069 979 2127 1017 re
2162 980 2285 1016 vera
2337 966 2499 1032 jnstis
2529 976 2688 1018 aestas
2740 966 2990 1031 qumdam
3061 972 3146 1018 est
3207 964 3274 1016 ab
3305 963 3520 1032 hyeme,

1910 1058 2298 1127 peccatoribus
2345 1067 2524 1109 autem
2559 1057 2753 1126 byems
2783 1056 2851 1110 ab
2904 1066 3115 1110 armate.
3166 1055 3340 1109 Amen
3398 1057 3522 1111 dico

1912 1150 2066 1204 vobis
2089 1152 2232 1217 quod
2255 1149 2537 1217 generatio
2569 1150 2683 1201 haec
2709 1147 2808 1217 (a),
2834 1151 2934 1202 hoc
2959 1159 3045 1203 est
3076 1147 3338 1209 ﬁdelium,
3359 1148 3524 1202 (.‘bri-

1911 1245 2214 1298 stianornm
2287 1245 2532 1311 inquam,
2579 1259 2687 1298 non
2739 1244 2998 1298 transibit
3047 1243 3218 1297 donec
3250 1244 3362 1296 btec
3405 1258 3522 1298 o'n-

1916 1338 2024 1400 nia,
2075 1337 2139 1390 de
2196 1335 2498 1389 Jerusalem
2558 1347 2614 1390 et
2676 1336 2996 1390 Antichristi
3065 1338 3325 1397 adventu,
3367 1335 3519 1388 fiant.

1916 1429 2030 1482 Non
2064 1431 2206 1483 enim
2251 1441 2401 1484 certe
2433 1431 2842 1500 generationem
2887 1431 3017 1484 dicit
3052 1445 3206 1491 eam,
3257 1444 3376 1497 quae
3423 1426 3526 1480 fuit

1916 1522 2324 1591 apostolorum;
2362 1523 2492 1590 quin
2526 1535 2632 1574 non
2674 1536 2851 1590 usque
2889 1524 2956 1575 ad
2987 1521 3524 1576 consummationem

1919 1614 2100 1666 mundi
2136 1612 2316 1666 vivent
2341 1614 2569 1681 apostoli
2607 1632 2618 1666 :
2646 1614 2736 1683 qni
2770 1628 2946 1680 neque
2975 1627 3145 1680 usque
3168 1611 3232 1664 ad
3261 1624 3523 1665 consumo

1920 1703 2526 1760 litationemJerusalem
2565 1707 2724 1759 vitam
2758 1705 3001 1774 plerique
3019 1702 3530 1774 produxerunt.Ge-

1921 1798 2256 1851 mirationem
2286 1801 2468 1866 itaque
2492 1799 2929 1852 Christianorum
2955 1799 3105 1860 dicit,
3135 1797 3205 1849 ita
3231 1795 3527 1850 consolans

222 1902 344 1967 οἶγε
371 1899 491 1953 οὐδε
540 1901 668 1970 ἄχρι
721 1899 820 1969 τῆς
873 1898 1183 1960 συντελείας
1231 1897 1330 1967 τῆς
1377 1894 1738 1964 Ἰερουσαλὴμ
1772 1897 1808 1947 ci

1931 1890 2222 1956 apostolos,
2252 1906 2315 1942 ne
2344 1895 2696 1959 suspicentur
2715 1893 2858 1953 quod
2881 1905 3003 1944 cum
3031 1899 3177 1941 tanta
3205 1888 3346 1940 mala
3367 1887 3524 1948 ﬁant,

225 1994 476 2056 πλείονες
509 1992 751 2062 ἔφθασαν
779 1993 901 2062 ζῇν.
936 1990 1134 2044 Γενεάν
1166 1985 1258 2043 οὖν
1286 1991 1384 2058 τὴν
1415 1989 1523 2040 τῶν
1551 1987 1817 2057 Χριστια-

224 2082 335 2134 νῶν
394 2083 564 2147 λέγει,
617 2080 1113 2149 παραμυθούμενος
1159 2078 1286 2140 τεὺς
1314 2078 1665 2141 ἀποστόλους.
1702 2078 1818 2130 Ἱνα

225 2173 339 2244 γὰρ
371 2174 447 2242 μὴ
475 2173 820 2226 ὑπολάϐωσιν
851 2172 932 2224 ὅτι
971 2168 1243 2222 τοσούτων
1275 2167 1463 2221 κακῶν
1491 2167 1815 2237 γινομένων,

234 2267 368 2329 ῐσως
390 2265 628 2334 ἐκλείψει
653 2266 686 2336 ἡ
717 2266 922 2328 πίστις,
951 2263 1116 2333 φησιν
1143 2263 1243 2326 ὅτι,
1272 2262 1562 2331 Θαρρεἶτε,
1585 2260 1645 2311 οὺ
1679 2276 1817 2329 παρ-

225 2356 512 2412 ελεύσεται
560 2361 592 2428 ἡ
643 2359 807 2428 γενεὰ
831 2357 938 2409 τῶν
967 2355 1195 2417 πιστῶν,
1224 2355 1342 2406 οὐδὲ
1388 2353 1648 2420 ἐκλείψει.
1680 2353 1822 2423 Πρό-

223 2466 388 2521 τερον
413 2451 522 2520 γάρ
545 2450 607 2504 ἂν
633 2461 702 2504 τά
724 2452 962 2522 ἀκίνητα
1003 2449 1176 2502 ταῦτα
1228 2451 1492 2516 στοιχεῖα,
1520 2449 1548 2498 0
1587 2446 1821 2516 οὐρανός

1930 1981 2067 2034 forte
2096 1981 2315 2034 deficiat
2345 1981 2498 2034 fides.
2525 1982 2693 2047 Quasr
2723 1981 2953 2045 diceret,
2984 1977 3275 2041 Conﬁdite,
3304 1980 3358 2029 e‘t
3384 1976 3528 2030 bono

1928 2075 2109 2127 animo
2126 2083 2298 2127 esmte
2316 2091 2329 2128 :
2347 2089 2452 2128 non
2475 2074 3061 2144 przeteribitgeneratio
3077 2072 3339 2136 ﬁdeliurn,
3355 2085 3531 2138 neque

1927 2166 2163 2220 deﬁciet.
2191 2164 2349 2219 Prius
2367 2167 2510 2220 enim
2534 2165 2845 2221 transibunt
2884 2164 3046 2236 245
3080 2166 3378 2219 immobilia
3412 2165 3529 2218 base

1928 2260 2218 2324 elementa,
2247 2262 2443 2315 cmlum
2472 2270 2528 2315 et
2577 2271 2779 2315 terram
2809 2263 2951 2323 dico,
2980 2275 3141 2328 quam
3177 2259 3284 2313 mei
3318 2273 3530 2312 sermo-

1930 2370 2026 2409 nes
2073 2356 2124 2407 in
2176 2354 2284 2406 ullo
2335 2353 2690 2407 intercidant.
2745 2351 2943 2406 Omnia
2981 2366 3326 2422 qmecunqno
3381 2350 3515 2411 dixi,

1930 2445 2308 2514 perficientur.

228 2565 375 2616 φημι
412 2548 678 2618 καὶήγῆ,
709 2545 1186 2616 παρελεύσεται,ἢ
1218 2544 1266 2597 οἱ
1319 2544 1444 2614 ἐμοὶ
1511 2543 1660 2610 λόγοι
1712 2542 1852 2596 κατά
1893 2559 1945 2597 τι
1997 2542 2410 2596 διαπεσοῦνται.
2480 2542 2665 2595 Πάντα
2716 2542 2825 2613 γὰρ
2866 2543 2966 2596 ὅσα
3033 2537 3208 2604 εἷπον,
3275 2534 3537 2607 τελεσθή-

231 2660 437 2697 σονται.

316 2753 335 2788 ι
372 2737 507 2807 Περὶ
532 2735 590 2789 δὲ
612 2735 712 2804 τῆς
730 2734 944 2804 ἡμέρας
968 2732 1182 2802 ἐκείνης
1200 2733 1296 2786 καὶ
1326 2734 1422 2801 τῆς
1471 2732 1618 2801 ὥρας
1645 2733 1822 2796 οὐδεὶς

228 2823 409 2893 οἶδεν,
458 2827 583 2881 οῦδὲ
634 2827 684 2879 ot
727 2825 954 2895 ἄγγελοι
999 2826 1048 2877 oi
1090 2825 1149 2877 εν
1187 2823 1425 2894 οὐρανῷ,
1457 2822 1579 2876 οὐδὲ
1608 2824 1636 2876 0
1672 2823 1818 2886 Υίὸς,

231 2924 283 2978 ιι
325 2923 406 2993 μὴ
441 2923 471 2974 0
514 2919 732 2990 Πατήρ.
773 2918 1032 2982 Βλέπετε,
1062 2917 1394 2988 ἀγρυπνεῖτε
1444 2917 1540 2969 καὶ
1592 2916 1821 2988 προσεύ.

2008 2732 2170 2788 Vns.
2200 2732 2389 2787 32-37.
2433 2751 2451 2784 ι
2500 2732 2770 2787 Cancrum
2806 2733 2870 2784 de
2911 2733 2996 2785 die
3037 2731 3129 2784 illo
3177 2746 3241 2784 ac
3291 2743 3537 2800 tempore

1933 2841 2092 2880 nemo
2118 2828 2295 2890 novit,
2325 2840 2390 2879 ne
2421 2827 2596 2892 angeli
2631 2827 2852 2893 quidem
2889 2825 2980 2893 qui
3007 2826 3057 2878 in
3083 2823 3224 2878 cado
3263 2832 3412 2890 sunt,
3439 2839 3541 2880 nec

1933 2917 2047 2986 ipse
2072 2915 2260 2978 Filius,
2285 2917 2378 2970 sed
2397 2917 2543 2971 solus
2564 2916 2750 2970 Pater.
2773 2916 2997 2982 Cavete,
3021 2916 3243 2986 vigilate
3265 2927 3318 2969 et
3342 2924 3536 2971 orate:

233 3012 421 3086 χεσθε,
449 3013 550 3067 οὐκ
589 3011 767 3065 οῐδατε
797 3009 908 3080 γὰρ
937 3009 1069 3061 πότε
1111 3010 1140 3061 0
1170 3008 1363 3076 καιρός
1388 3008 1559 3062 ἐστιν.
1602 3008 1688 3070 Ὠς
1723 3007 1808 3060 dv-

1937 3010 2160 3064 nescitis
2196 3011 2342 3062 enim
2380 3010 2600 3078 quando
2631 3020 2845 3078 tempus
2886 3010 2957 3063 sit
2989 3027 3002 3062 :
3033 3012 3176 3063 sicut
3224 3009 3390 3064 homo
3444 3010 3538 3080 qui

233 3104 456 3176 θρωπος
481 3103 786 3175 ἀπόδημος.
814 3102 974 3170 ἀφεὶς
1003 3101 1104 3170 τὴν
1132 3098 1313 3153 οἰκίαν
1339 3099 1526 3166 αὑτοῦ,
1577 3101 1670 3153 καὶ
1707 3099 1829 3162 δοὺς

232 3199 349 3262 τοίς
401 3180 609 3261 δούλοις
655 3192 823 3248 αὐτοῦ
868 3193 971 3265 τὴν
1035 3191 1312 3258 ἐξουσίαν,
1361 3192 1457 3246 καὶ
1511 3192 1727 3263 ἑκάστῳ
1770 3191 1831 3244 τὸ

237 3288 406 3363 Im
430 3287 624 3354 αὑτοῦ,
667 3285 772 3344 -καὶ
797 3284 878 3356 τῷ
908 3283 1144 3357 θυρωρῷ
1170 3283 1478 3336 ινετείλατο
1499 3321 1515 3347 ,
1561 3283 1647 3335 ἵνα
1694 3299 1831 3353 γρη-

238 3387 404 3456 γορῇ.
440 3382 772 3454 Γρηγορεῖτε
802 3375 899 3435 οῦν
922 3395 934 3409 ·
978 3379 1082 3432 οὐκ
1113 3378 1296 3432 οἴδατε
1334 3379 1444 3448 γὰρ
1477 3378 1607 3430 πότε
1657 3379 1684 3430 ὁ
1716 3376 1833 3430 Κύ-

238 3493 359 3546 ριος
413 3474 516 3544 τῆς
581 3472 761 3536 οίκίας
805 3471 1053 3541 ιρχεται,
1100 3468 1222 3538 ὀψὲ,
1288 3470 1322 3540 ἢ
1367 3467 1748 3539 μεσονυκτίου,
1798 3466 1830 3536 ἢ

235 3563 734 3634 ἀλεκτοροφωνίας,
771 3561 814 3633 ’ἢ
859 3561 1009 3632 πρωῒ
1035 3576 1049 3590 ο
1085 3559 1160 3630 μὴ
1189 3557 1360 3612 ἐλθὼν
1405 3558 1668 3628 ἐξαίφνης
1695 3556 1833 3629 εῦρῃ

238 3659 386 3730 ὑμᾶς
415 3655 798 3719 καθεύδοντας.
822 3655 889 3708 Ἀ
911 3653 967 3707 δὲ
993 3653 1124 3723 ὑμῖν
1153 3652 1316 3719 λέγω,
1344 3653 1477 3704 πᾶσι
1503 3649 1669 3718 λέγω,
1691 3651 1832 3719 Γρη-

240 3751 482 3821 γορεῖτε.
541 3767 559 3800 ι
609 3747 792 3802 Θέλων
825 3747 1089 3815 ὁΚύριος
1134 3745 1379 3797 κωλύσαι
1423 3742 1550 3804 τοὺς
1582 3741 1830 3811 μαθητὰς

238 3843 351 3898 ἀπὸ
386 3839 482 3894 τοῦ
526 3840 740 3911 ἐρωτᾷν
794 3839 924 3906 περὶ
961 3836 1061 3906 τῆς
1097 3836 1312 3907 ἡμέρας
1347 3833 1564 3901 ἐκείνης
1612 3833 1831 3900 καὶτῆς

237 3936 416 4007 ὥρας,
446 3934 615 4006 φησὶν
646 3935 730 3988 ὅτι
762 3931 883 3986 οὐδὲ
932 3931 980 3984 οί
1003 3914 1252 3998 ἄγγελοι,
1289 3926 1414 3980 οὐδὲ
1447 3929 1475 3978 6
1511 3926 1636 3988 Υίὸς
1671 3921 1828 3978 οἶδεν.

240 4028 307 4082 ει
345 4031 458 4098 γάρ
489 4023 645 4080 εῐπιν
675 4026 756 4078 δτι
785 4021 916 4078 Οἶδα
956 4025 1075 4094 μιν,
1101 4021 1161 4075 οὺ
1198 4018 1336 4075 Θέλω
1365 4021 1423 4074 0s
1461 4018 1588 4089 ὑμῖν
1619 4019 1834 4072 ἀποκαι-

237 4119 431 4191 λύψαι,
469 4119 746 4188 ιλύπησεν
775 4117 844 4171 ἂν
874 4114 1092 4178 αὺτούς.
1129 4112 1241 4167 Νῦν
1264 4114 1321 4166 δὲ
1357 4112 1666 4181 σοφώτερον
1735 4128 1832 4180 με-

238 4212 637 4284 ταχειρίζεται,
684 4211 780 4265 καὶ
813 4210 1072 4278 ἀπείργει
1102 4207 1300 4270 αὐτοὺς
1349 4207 1488 4268 ὅλως
1523 4205 1618 4256 τοῦ
1651 4203 1836 4272 ζητεῖν

245 4307 444 4378 μαθεῖν
478 4305 572 4358 καὶ
593 4301 833 4374 ὲνοχλεῑν
865 4299 1034 4371 αὐτῷ,
1064 4301 1122 4351 ἐν
1152 4297 1231 4368 τῷ
1259 4299 1455 4362 εἰπεῖν,
1488 4299 1594 4355 ὅτι.
1623 4295 1762 4349 Οὔτε
1784 4296 1834 4348 oi

1937 3118 2164 3173 peregre
2196 3104 2307 3174 agit
2337 3104 2528 3157 relicta
2555 3104 2718 3156 domo
2751 3119 2875 3164 sua,
2907 3105 3164 3172 deditque
3213 3105 3388 3158 servis
3424 3103 3539 3158 suis

1936 3198 2302 3250 sobstantiam
2333 3212 2509 3260 suam,
2545 3213 2609 3248 ac
2638 3213 2793 3249 stium
2824 3197 3023 3258 cuique
3052 3211 3209 3265 opus,
3234 3206 3286 3251 et
3312 3195 3539 3265 ianitori

1938 3292 2211 3343 mandavit
2246 3300 2302 3343 ut
2346 3292 2613 3359 vigilaret.
2649 3290 2873 3358 Vigilate
2901 3290 3103 3358 igitur:
3141 3292 3363 3343 nescitis
3394 3291 3540 3344 enim

1936 3383 2153 3451 quando
2201 3382 2462 3435 Dominus
2489 3382 2684 3435 domus
2716 3392 2980 3434 venturus
3012 3383 3102 3444 sit,
3138 3395 3288 3448 sero,
3323 3398 3390 3434 an
3431 3395 3547 3437 me-

1937 3476 2026 3531 dio
2061 3478 2257 3538 noctis,
2287 3490 2356 3526 an
2390 3476 2441 3528 in
2479 3475 2776 3543 gallicinio,
2812 3490 2877 3527 an
2922 3475 3166 3528 diluculo
3202 3494 3212 3526 :
3251 3490 3316 3528 ne
3365 3475 3409 3528 si
3445 3489 3541 3530 ve-

1939 3569 2079 3623 nerit
2115 3580 2355 3636 repente,
2404 3567 2642 3622 offendat
2696 3584 2795 3622 vos
2849 3568 3210 3622 dormientes.
3259 3567 3534 3622 Cancrum

1938 3679 2060 3730 quae
2122 3662 2246 3716 dico
2297 3661 2474 3724 vobis,
2513 3661 2772 3716 omnibus
2804 3664 2946 3723 dico,
2989 3660 3242 3730 Vigilate.
3288 3680 3305 3712 ›
3343 3661 3546 3715 Valens

1939 3756 2511 3825 Dominusdiscipulos
2537 3773 2564 3808 a
2593 3757 2696 3810 diei
2724 3768 2776 3810 et
2797 3758 2946 3810 horae
2971 3757 3116 3812 illius
3146 3756 3540 3823 interrogatio-

1940 3864 2006 3902 ne
2055 3849 2333 3912 cobibere,
2381 3847 2514 3900 dicit
2548 3849 2692 3916 quod
2739 3865 2915 3917 neque
2944 3848 3119 3919 angeli
3159 3863 3336 3918 neque
3372 3848 3544 3904 Filius

1939 3942 2136 3995 sciant.
2168 3939 2223 3994 Si
2253 3940 2394 3994 enim
2424 3938 2678 4005 dixisset,
2707 3941 2831 3995 Srio
2861 3944 3102 4009 quidem,
3127 3942 3220 3996 sed
3249 3942 3372 3996 nolo
3395 3943 3548 3997 vobis

1941 4030 2204 4094 revelare,
2240 4043 2478 4083 mcerore
2507 4031 2642 4085 tillos
2676 4031 2950 4084 atii-cisset
2979 4047 2990 4082 :
3021 4046 3163 4086 nunc
3196 4039 3377 4084 autem
3416 4048 3546 4101 pru-

1939 4121 2132 4173 denter
2162 4135 2273 4173 rem
2306 4119 2439 4190 agit,
2472 4130 2524 4174 et
2557 4136 2651 4175 eos
2683 4122 2910 4176 omnino
2947 4121 3200 4188 prohibet
3233 4136 3299 4175 ne
3325 4121 3544 4176 discere

1940 4210 2192 4265 affectent
2225 4227 2286 4265 ac
2338 4211 2550 4266 molesti
2599 4211 2729 4275 sint,
2795 4214 2981 4266 dicens
3033 4228 3046 4264 :
3108 4211 3294 4280 Neque
3364 4213 3546 4282 angeli

1939 4303 2145 4368 sciunt,
2182 4319 2358 4372 neque
2376 4319 2496 4376 ego.
2519 4306 2598 4359 Ab
2621 4307 2869 4375 exemplo
2905 4316 3084 4359 autem
3107 4306 3380 4378 intelligas
3402 4307 3547 4376 quod

247 4398 497 4468 ἄγγελοι,
552 4394 676 4450 οὔτε
733 4394 846 4464 ἐγὼ
891 4391 1031 4448 οἶδα.
1101 4393 1235 4446 Ἀπὸ
1283 4393 1343 4446 δὲ
1384 4390 1804 4463 παραδείγματά

1949 4392 2175 4448 dicitur.
2243 4393 2399 4463 Stepe
2446 4395 2657 4464 pueruli
2711 4397 2896 4451 vident
2944 4406 3126 4466 patres
3170 4412 3301 4452 suos
3361 4407 3548 4454 tenere

246 4509 397 4557 τινος
457 4492 674 4559 νοήσεις
700 4489 762 4542 τὺ
805 4488 1114 4559 λεγόμενον,
1151 4487 1419 4549 Πολλάκις
1447 4485 1639 4540 παιδία
1665 4485 1838 4556 μικρά

247 4585 508 4655 βλέπουσι
533 4586 659 4646 τοὺς
690 4582 938 4651 πατέρας
972 4579 1154 4633 αὐτῶν
1185 4577 1524 4650 κρατοῦντάς
1546 4596 1600 4632 τι
1633 4579 1691 4631 tv
1717 4579 1838 4641 ταῖς

245 4680 428 4751 χερσὶ,
461 4678 558 4732 καὶ
589 4674 816 4747 ζητοῦσι
845 4672 1024 4728 τοῦτο.
1060 4673 1122 4725 Oi
1154 4673 1210 4725 δὲ
1244 4671 1482 4743 πατέρες
1530 4671 1594 4723 οὐ
1624 4669 1840 4740 βούλον-

246 4791 338 4828 ται
365 4772 572 4827 δοῦναι.
601 4771 684 4823 Τά
736 4768 794 4822 δὲ
831 4765 1326 4837 κλαυθμυρίζονται
1369 4763 1446 4826 ὡς
1486 4763 1562 4835 μὴ
1626 4764 1841 4835 λαμϐά-

246 4881 446 4926 νοντα,
495 4861 807 4916 τελευταῖον
869 4860 1054 4929 μέντοι
1117 4860 1166 4909 οί
1219 4856 1456 4926 πατέρες
1501 4856 1841 4923 κρύπτουσιν

247 4955 499 5019 ἐκεῖνο,δ
531 4952 840 5025 κρατοῦσι,
900 4951 996 5003 καὶ
1047 4947 1458 5009 ὲπιδεικνῦντες
1503 4947 1600 5010 τὰς
1653 4950 1842 5019 χεῖρας

250 5047 412 5107 κενὰς
477 5047 587 5105 τοῖς
629 5041 890 5104 παιδίοις,
935 5039 1158 5091 ίστὼσιν
1209 5036 1348 5089 αὐτὰ
1398 5034 1493 5088 τοῦ
1530 5036 1840 5105 κλαυθμοῦ.

249 5126 414 5194 Οὕτω
449 5136 540 5188 καὶ
587 5137 615 5188 0
669 5132 909 5199 Κύριος,
965 5131 1041 5192 ὼς
1091 5129 1327 5191 παιδίοις
1367 5131 1480 5192 τοῖς
1515 5129 1840 5191 ἀποστόλοις

249 5229 722 5303 προσφερόμενος.
782 5222 1072 5294 ἀπέκρυψε
1113 5222 1213 5292 τὴν
1244 5222 1481 5293 ἡμέραν.
1525 5222 1588 5274 Et
1639 5222 1749 5290 γὰρ
1778 5219 1848 5273 εί·

251 5341 374 5382 πεν.
405 5323 485 5375 ὅτι
515 5315 746 5382 υἷδα,οὑ
771 5317 1008 5386 λέγωδὲ,
1028 5314 1369 5385 ὴνιάσθησαν
1395 5313 1483 5380 ἂν,
1506 5314 1582 5376 ὼς
1614 5313 1689 5385 μὴ
1717 5313 1848 5383 παρ’

251 5416 419 5473 αὑτοῦ
460 5415 844 5484 μανθάνοντες.
881 5411 1006 5466 ’Ότι
1049 5410 1106 5464 δὲ
1157 5407 1418 5478 γινώσκει
1448 5411 1475 5462 0
1520 5409 1726 5478 Κύριος
1748 5410 1848 5480 τὴν

249 5512 474 5584 ἡμέραν
521 5507 623 5561 καὶ
661 5506 760 5576 τὴν
795 5505 966 5575 ὥραν,
1011 5500 1300 5573 πρόδηλον.
1348 5501 1520 5564 Αὐτὸς
1562 5503 1672 5572 γὰρ
1721 5505 1845 5568 τοὺς

252 5604 461 5664 αίῶνας
493 5601 750 5669 ἐποίησεν
775 5613 789 5626 °
823 5597 852 5650 ὃ
882 5592 976 5650 οῦν
1009 5595 1257 5660 ἑποίῃσε,
1304 5594 1420 5658 πῶς
1452 5595 1512 5647 οῦ
1549 5592 1847 5662 γινώσκεις

254 5695 421 5751 Ἀλλὰ
441 5695 505 5763 δὴ
546 5695 642 5747 καὶ
688 5691 1079 5763 συμφερόντως
1127 5686 1448 5756 ἀπέκρυψεν
1500 5687 1528 5739 0
1566 5685 1698 5748 Θεὸς
1750 5686 1850 5758 τὴν

1942 4485 2200 4554 quiddam
2238 4486 2290 4539 in
2337 4488 2610 4549 manibus,
2657 4499 2712 4542 et
2772 4488 2876 4543 hoc
2931 4499 3146 4558 petunt,
3189 4491 3550 4561 patribusque

1942 4579 2073 4632 dare
2143 4579 2478 4646 nolentibus,
2547 4581 2768 4651 plorant
2824 4584 2968 4650 quod
3025 4599 3130 4637 non
3191 4583 3479 4652 accipiunt
3529 4601 3542 4637 :

1941 4672 2180 4740 denique
2238 4682 2425 4742 patres
2478 4674 2762 4728 occultant
2833 4674 2964 4728 illud
3033 4674 3178 4743 quod
3233 4682 3445 4738 tenent,
3494 4684 3552 4729 et

1943 4764 2299 4820 ostendentes
2351 4781 2546 4820 manus
2593 4781 2796 4821 vacuas
2843 4767 3051 4836 pueris,
3089 4766 3276 4821 [letum
3329 4766 3549 4821 illorum

1945 4858 2170 4911 sistunt.
2214 4857 2304 4912 Sic
2361 4865 2415 4912 et
2475 4859 2738 4914 Dominus
2789 4859 2946 4928 quasi
3015 4874 3216 4928 pueros
3272 4862 3552 4928 apostolos

1946 4948 2245 5014 alloquens.
2264 4950 2742 5005 occultavitdiem.
2767 4949 2903 5004 Nam
2927 4951 2971 5006 si
3001 4951 3244 5013 dixisset.
3268 4951 3417 5017 Scio,
3444 4968 3552 5008 non

1945 5040 2070 5094 diro
2097 5042 2692 5102 antem,.indoluissent
2718 5043 2861 5112 quod
2889 5043 3072 5096 abillo
3103 5057 3210 5096 non
3253 5041 3552 5098 discerent.
3604 5073 3613 5086 -

1949 5133 2108 5200 Quod
2134 5144 2317 5187 autem
2363 5134 2629 5190 Dominus
2685 5136 2915 5190 sciverit
2948 5145 3004 5190 et
3047 5137 3192 5190 diem
3245 5144 3300 5189 et
3337 5136 3552 5200 horam,

1950 5228 2325 5294 manifeswm,
2351 5229 2476 5296 quia
2506 5227 2688 5284 seculi
2727 5228 2986 5284 Conditor
3016 5238 3123 5284 est.
3161 5227 3229 5282 Et
3257 5244 3365 5298 quo
3396 5242 3557 5296 pacto

1951 5321 2096 5390 quod
2120 5319 2250 5376 fecit
2278 5322 2552 5378 nesciret?
2581 5321 2779 5376 Verum
2813 5323 3026 5378 utiliter
3075 5323 3366 5378 abscondit
3411 5321 3557 5378 Dens

1952 5416 2486 5470 consummationem
2536 5416 2684 5480 vitm,
2724 5416 2840 5471 sive
2884 5417 3129 5470 omnium
3166 5417 3218 5470 in
3253 5417 3556 5479 communi,

1941 5505 2069 5559 sive
2133 5507 2568 5577 uniuscujusque
2622 5507 2674 5560 in
2723 5509 3007 5577 singulari,
3042 5519 3099 5562 ut
3139 5509 3267 5562 dum
3316 5509 3557 5564 incertus

1953 5608 2038 5653 est
2071 5599 2215 5663 finis,
2249 5615 2466 5670 semper
2498 5600 2722 5655 solliciti
2754 5603 2926 5654 simus
2948 5604 3199 5667 acanxii,
3232 5613 3561 5669 etspectan-

1961 5699 2040 5745 tes
2073 5691 2247 5757 illum,
2285 5703 2338 5746 et
2369 5693 2626 5748 timentes
2662 5707 2727 5746 ne
2757 5694 3154 5762 itnpraiparatis
3184 5693 3555 5763 superveniat.

333 5821 414 5888 (α)
461 5816 600 5871 Edit.
641 5814 764 5868 Lm.
809 5812 971 5879 .Qm'a
1025 5809 1260 5888 plerique
1312 5826 1622 5888 non‘nsque
1672 5810 1758 5888 ιιάΔ
1803 5817 2306 5871 consummationem
2391 5817 2690 5872 Jerusalem
2765 5815 3055 5870 vixerunt:
3105 5817 3367 5882 quomodo
3438 5827 3558 5883 ergo

256 5881 863 5952 «(consummationem
895 5881 1084 5938 mundi
1103 5882 1395 5952 pertingere
1417 5881 1760 5937 dicerentur?
