4272 6438
775 408 877 473 647

1661 401 2235 466 THEOPHYLACTI
2274 399 2683 466 BULGABl/E
2714 397 3042 459 ARCHEP.

3932 388 4045 454 648

779 526 980 581 Christi
1008 528 1059 579 in
1097 522 1267 578 viliori
1299 527 1550 593 ponatur,
1576 526 1879 589 praetexens
1920 515 2126 572 scilicet
2152 530 2356 587 pattpe-
2384 524 2429 581 Α
2457 512 2518 566 λύ

2457 512 2702 583 λύτιμον,
2738 513 2833 567 καὶ
2866 509 3203 577 ἀναγκάζων
3256 506 3314 557 τὸ
3371 503 3530 572 σῶμα
3576 500 3947 593 τούνΧριστου
3982 504 4044 555 ἐν

780 631 893 674 res.
934 618 1073 674 sciat
1105 615 1256 684 cujus
1290 614 1461 683 partis
1478 614 1570 669 sit.

858 794 1020 850 Vna.
1053 793 1142 858 to,
1179 793 1266 847 ll.
1311 809 1329 844 t
1382 792 1447 847 Et
1474 790 1640 847 ludas
1666 789 1951 846 lscariotes
1979 801 2171 842 unuse
2218 787 2354 839 duo-

785 888 957 944 decim
982 884 1113 941 abiit
1145 885 1209 940 ad
1237 899 1485 939 summos
1512 883 1842 947 sacerdotes,
1882 890 1939 934 ut
1964 880 2204 934 traderet
2230 892 2351 932 eum

784 978 909 1033 illis.
944 979 1059 1043 Quo
1084 976 1265 1031 audito
1287 975 1359 1029 illi
1389 974 1556 1046 gavisi
1578 983 1725 1037 sunt,
1757 983 1811 1027 et
1861 970 2086 1042 polliciti
2113 979 2258 1036 sunt,
2295 984 2355 1023 se

781 1069 830 1123 ei
855 1068 1077 1122 daturos
1101 1067 1401 1137 pecuniam.
1434 1066 1499 1119 Et
1546 1065 1822 1134 quaerebat
1845 1066 2115 1134 quomodo
2160 1076 2355 1129 oppor—

786 1168 913 1212 tune
950 1158 1092 1210 illum
1127 1158 1382 1210 traderet.
1426 1176 1445 1207 ι
1484 1154 1623 1210 Cum
1667 1155 1859 1210 mulier
1900 1170 2052 1209 suam
2116 1152 2353 1208 libera'i-

787 1259 948 1305 tatem
980 1249 1303 1312 declararet,
1322 1249 1623 1303 insaniebat
1651 1248 1952 1317 discipulus
1995 1261 2135 1300 unus
2161 1261 2191 1300 e
2219 1246 2354 1299 duo-

786 1341 988 1394 decim.
1020 1339 1134 1393 Non
1171 1341 1312 1393 enim
1354 1350 1555 1393 temere
1587 1338 1823 1391 additum
1852 1346 1955 1402 est,
1986 1351 2128 1389 unus
2172 1350 2202 1390 e
2225 1336 2353 1388 duo-

784 1435 984 1495 decim,
1012 1434 1105 1488 sed
1140 1442 1198 1485 ut
1234 1434 1618 1486 ostenderetur
1648 1431 1790 1499 quod
1814 1443 1952 1483 unus
1986 1444 2016 1482 e
2066 1428 2351 1482 duodecim

783 1525 1127 1579 elecdoribus
1160 1533 1329 1579 esset.
1353 1524 1491 1590 Quid
1518 1533 1698 1577 autem
1737 1532 1821 1576 est
1858 1522 1955 1575 hoc
1988 1520 2129 1589 quod
2167 1520 2262 1582 ait,
2297 1528 2354 1573 ut

786 1614 1017 1668 traderet
1081 1613 1271 1667 illum?
1300 1616 1401 1667 hoc
1440 1622 1541 1677 est,
1581 1612 1915 1681 significaret
1970 1612 2073 1665 illis
2139 1612 2353 1679 quando

786 1707 930 1757 solus
971 1712 1162 1757 esset:
1204 1705 1460 1757 timebant
1496 1703 1638 1755 enim
1667 1719 1787 1757 eum
1821 1704 2075 1755 invadere
2109 1717 2228 1755 cum
2258 1702 2355 1754 do-

783 1807 949 1860 ceret,
984 1807 1199 1865 prepter
1235 1796 1467 1849 turbam.
1496 1796 1616 1863 Ipse
1647 1797 1830 1866 itaque
1869 1794 2352 1863 pollicebaturillis

784 1904 841 1944 se
871 1891 1137 1944 dicturum
1181 1890 1400 1958 quando
1435 1890 1523 1943 ille
1550 1890 1697 1944 solus
1726 1899 1891 1944 esset.

860 1982 1021 2035 Vens.
1066 1981 1299 2035 1245.4
1349 1982 1422 2034 Ac
1474 1981 1649 2050 primo
1710 1980 1795 2034 die
1852 1982 2196 2052 Azymornm,
2231 1996 2354 2033 cum

787 2073 996 2126 Pascha
1041 2073 1401 2136 immolarent,
1436 2074 1619 2125 dicunt
1677 2072 1751 2125 illi
1813 2072 2055 2141 discipuli
2092 2074 2173 2125 sui
2208 2088 2221 2125 :
2258 2072 2355 2127 Ubi

785 2166 862 2217 vis
895 2177 946 2216 ut
977 2166 1232 2216 abeamus
1247 2172 1299 2217 et
1330 2178 1578 2231 paremus
1602 2173 1661 2217 ut
1684 2166 1812 2216 edas
1844 2161 2089 2217 Pascha?
2116 2162 2356 2218 Etemit-

783 2256 847 2309 tit
877 2256 1011 2311 duos
1038 2270 1067 2308 e
1096 2254 1375 2323 discipulis
1404 2254 1535 2317 suis,
1561 2263 1614 2307 et
1647 2253 1776 2307 dicit
1800 2253 1943 2309 illis;
1980 2252 2056 2308 lte
2078 2254 2129 2308 in
2165 2256 2356 2309 civita-

784 2352 982 2409 tem,et
1001 2353 1254 2398 occurret
1278 2342 1431 2397 vobis
1452 2343 1610 2397 homo
1641 2342 1884 2413 hydriam
1912 2358 2062 2411 aqua:
2082 2343 2353 2413 bajulans;

783 2436 1070 2504 sequimini
1122 2434 1286 2506 248
1338 2435 1526 2499 illum,
1592 2446 1645 2489 et
1688 2448 2012 2505 quocunque
2081 2436 2358 2501 ingressus

786 2529 966 2589 fuerit,
999 2529 1159 2581 dicite
1184 2527 1577 2596 patrifamilias,
1624 2526 1877 2596 Magister
1914 2527 2044 2582 dicit
2078 2544 2092 2582 :
2128 2526 2229 2583 Ubi
2276 2539 2357 2583 est

781 2621 1135 2674 diversorium
1180 2620 1269 2673 ubi
1302 2619 1509 2674 Pascha
1541 2633 1665 2673 cum
1688 2617 1972 2688 discipulis
1999 2621 2132 2672 meis
2161 2618 2359 2673 edam?

786 2715 846 2766 Et
872 2714 957 2766 ille
988 2716 1137 2766 vobis
1171 2714 1415 2767 ostendet
1470 2712 1765 2766 triclinium
1802 2726 2058 2780 magnum
2102 2720 2354 2777 stratum,

783 2815 1031 2872 paratum
1065 2820 1078 2856 :
1114 2804 1219 2857 illic
1250 2814 1435 2871 parate
1468 2804 1647 2858 nobis.
1686 2821 1705 2854 ι
1744 2802 1986 2858 Primum
2038 2802 2178 2859 diem
2221 2806 2359 2875 Αιγ-

784 2910 994 2949 morum
1031 2897 1170 2950 diem
1229 2899 1471 2964 quintum
1502 2895 1632 2948 dicit
1678 2896 1770 2964 qui
1805 2904 1923 2951 erat
1968 2905 2094 2951 ante
2130 2896 2355 2967 Azyma.

791 2988 985 3058 Azyma
1012 2990 1155 3041 enim
1188 3004 1280 3042 seu
1317 2987 1696 3041 iuiermentata
1724 2988 1812 3042 die
1836 3002 2159 3058 parasceves
2174 3003 2358 3044 corne-

784 3079 1072 3133 dcbantur.
1098 3081 1378 3133 Accedunt
1411 3081 1593 3147 itaque
1629 3079 1883 3147 discipuli
1913 3089 1968 3135 et
2019 3081 2359 3150 interrogant

784 3173 873 3225 ubi
916 3171 1200 3226 comedant
1257 3169 1489 3227 Pascha.
1523 3172 1599 3225 Ex
1636 3170 1736 3227 hoc
1775 3182 1955 3228 autem
2008 3171 2354 3229 manifestum

781 3270 864 3316 est
909 3262 1320 3315 Cbristum'uon
1351 3262 1602 3315 habuisse
1634 3262 1911 3330 proprium
1964 3263 2353 3331 diversorium,

781 3365 837 3409 et
882 3368 980 3407 nec
1020 3354 1311 3421 discipulos
1347 3355 1603 3408 habuisse
1636 3358 1853 3409 domum
1891 3358 2188 3425 propriam.
2218 3358 2353 3412 Nam

780 3447 823 3501 si
863 3444 1196 3507 habuissent,
1226 3447 1333 3498 illic
1367 3460 1489 3498 eum
1546 3446 1942 3515 suscepissent.
1968 3445 2136 3501 Mittit
2161 3458 2345 3502 autem

780 3539 914 3592 duos
942 3552 972 3591 e
1005 3537 1284 3604 discipulis
1333 3538 1446 3591 suis
1473 3537 1691 3593 Petrum
1718 3548 1773 3593 et
1816 3536 2101 3604 Joannem,
2130 3540 2268 3595 sicut
2300 3550 2356 3595 et

781 3625 953 3683 Lucas
1016 3630 1207 3698 inquit,
1241 3629 1304 3681 ad
1344 3628 1614 3684 hominem
1654 3632 1930 3700 ignotum:
1967 3635 2255 3688 ostendens
2293 3635 2355 3688 il-

779 3721 844 3777 lis
883 3724 1024 3791 quod
1056 3732 1236 3790 posset
1276 3738 1379 3775 non
1422 3722 1551 3790 pati.
1585 3723 1683 3788 Qui
1707 3724 1855 3777 enim
1885 3735 2119 3780 mentem
2174 3726 2352 3781 homi-

780 3811 864 3865 nis
897 3812 1058 3881 ignoti
1119 3812 1409 3866 conciliare
1464 3813 1565 3867 sibi
1617 3824 1828 3883 poterat
1881 3827 2019 3872 utse
2060 3818 2352 3887 exciperet,

777 3904 904 3972 quid
937 3918 1041 3957 non
1071 3900 1285 3958 fecisset
1316 3906 1369 3957 in
1400 3904 1560 3958 aliis?
1588 3904 1856 3962 Praeterea
1883 3909 1975 3961 dat
1996 3908 2101 3962 illis
2138 3910 2353 3980 signum

776 3994 1350 4061 quomodoinveniant
1388 3996 1651 4049 domum:
1702 4012 1895 4067 nempe
1941 4009 1998 4053 ut
2055 4011 2355 4069 sequantur

775 4085 1068 4147 hominem,
1127 4085 1401 4153 ﬁgulinum
1485 4102 1580 4143 vas
1637 4102 1790 4157 aquae
1842 4101 2165 4160 gestantem.
2229 4092 2354 4148 Haec

771 4179 937 4231 etiam
965 4177 1250 4231 sublimius
1292 4179 1515 4249 intelligi
1580 4190 1825 4248 possunt.
1864 4180 2117 4251 Hydriam
2156 4184 2355 4251 baiulat

775 4271 1099 4336 baptizatus.
1123 4268 1280 4323 Vadit
1297 4280 1474 4323 autem
1501 4272 1824 4337 indomum,
1844 4287 1962 4340 quae
1982 4275 2227 4329 rationali
2259 4291 2355 4331 suo

773 4362 964 4415 ordine
998 4363 1157 4429 digna
1194 4373 1307 4429 est,
1330 4360 1431 4427 Qui
1474 4364 1614 4418 enim
1636 4363 1797 4419 habet
1825 4364 2113 4435 baptisma,
2159 4369 2225 4422 ad
2270 4384 2355 4422 re-

772 4457 951 4523 quiem
973 4455 1141 4516 vadit,
1162 4454 1309 4525 juxta
1338 4455 1601 4509 rationem
1626 4457 1832 4522 vivens,
1866 4466 1919 4513 et
1940 4459 2143 4527 vivitgin
2161 4459 2353 4515 ordine

2455 603 2821 673 εύτελεστέρῳ
2839 600 3105 663 τίθεσθαι,
3141 597 3616 667 προφασιζόμενος
3649 592 3707 646 δδ
3736 594 3865 655 τοὺς
3893 611 4045 649 πτω-

2456 699 2604 766 χοὺς,
2636 694 2956 763 γινωσκέτω
2985 690 3147 751 ποίας
3190 688 3409 758 μερίδος
3435 686 3603 739 ἐστίν.

2532 808 2550 841 t
2597 789 2708 842 Καὶ
2746 785 2944 848 Ἰούδας
3000 785 3030 836 ὀ
3094 778 3478 849 Ἰσκαριώτης,
3506 772 3587 840 εἷς
3636 774 3747 829 τῶν
3798 776 4037 842 δώδεκα,

2455 876 2664 949 ἀπῆλθε
2696 875 2833 944 πρὸς
2869 874 2999 936 τοὺς
3033 870 3313 943 ἀρχιερεῖς
3360 868 3446 921 ῐνα
3480 866 3708 939 παραδῷ
3740 865 3909 919 αὐτὸν
3944 867 4048 920 αὐ-

2454 974 2586 1034 τοῖς.
2621 969 2683 1023 Ol
2707 967 2764 1021 δὲ
2787 966 3124 1027 ἀκούσαντες
3149 963 3451 1033 ἐχάρησαν,
3483 960 3577 1013 καὶ
3639 958 4047 1031 ἐπηγγείλαντο

2456 1061 2605 1133 αύτῷ
2629 1060 2893 1131 ἀργύριον
2914 1056 3099 1111 δοῦναι
3125 1072 3139 1088 ⁸
3169 1058 3263 1110 καὶ
3292 1056 3475 1122 ἐζήτει
3495 1052 3613 1116 πῶς
3640 1053 3916 1123 εὐκαίρως
3945 1052 4049 1104 αύ-

2456 1156 2547 1207 τὸν
2577 1154 2829 1224 παραδῷ.
2871 1170 2891 1204 ι
2931 1150 3118 1219 Ὀτεὴ
3151 1146 3288 1217 γυνὴ
3345 1144 3443 1216 τὴν
3471 1144 3678 1196 οἰκείαν
3730 1143 4052 1211 φιλοτιμίαν

2457 1244 2786 1309 ἐπεδείξατο,
2819 1241 2939 1295 τότε
2977 1239 3230 1310 μαίνεται
3267 1238 3295 1289 6
3334 1234 3650 1305 μαθητὴς,ὁ
3687 1228 3767 1294 εἷς
3800 1233 3912 1285 τῶν
3943 1230 4052 1284 60')-

2456 1339 2607 1391 δεκα.
2642 1336 2714 1390 Ού
2780 1337 2888 1405 γὰρ
2935 1333 3119 1396 ἁπλῶς
3166 1332 3344 1384 κεῖται
3394 1328 3475 1393 τὸ,
3508 1323 3588 1389 εἷς
3636 1326 3747 1379 τῶν
3809 1324 4049 1377 δώδεκα·

2456 1432 2570 1483 ἀλλ’
2629 1430 2717 1482 ἵνα
2762 1428 2931 1497 δείξῃ,
2959 1428 3041 1479 ὅτι
3075 1420 3153 1486 εἷς
3176 1422 3285 1476 τῶν
3318 1420 3633 1491 προκρίτων
3663 1418 3924 1480 ἐκλεκτὸς
3950 1416 4055 1470 καὶ

2458 1522 2617 1583 αὐτὸς
2652 1520 2749 1572 ὧν.
2792 1518 2855 1571 Τί
2889 1519 2944 1570 δέ
2975 1519 3090 1569 ἐστι
3116 1515 3198 1579 τὸ,
3232 1513 3316 1566 ἵνα
3362 1513 3524 1565 αὑτὸν
3558 1508 3817 1580 παραδῷ;
3867 1507 4059 1560 τουτέ-

2456 1628 2559 1673 τιν,
2594 1613 2677 1664 ἵνα
2703 1609 3068 1679 καταμηνύσῃ
3088 1609 3270 1668 αὐτοῖς
3289 1605 3417 1657 πότε
3442 1603 3603 1673 μόνος
3633 1601 3815 1665 ἐστίν;
3848 1600 4060 1653 ἐκεῖνοι

2455 1704 2564 1774 γάρ
2601 1701 2893 1771 ἐφοϐοῦντο
2927 1701 3212 1752 ἐπιπεσεῖν
3244 1697 3394 1766 αύτῷ
3437 1695 3766 1754 διδάσκοντι,
3806 1690 3898 1743 διὰ
3953 1687 4059 1742 τὸν

2456 1795 2632 1864 δχλον.
2663 1794 2897 1854 Ἐκεῖνος
2929 1788 3023 1845 οὖν
3045 1791 3310 1859 ὑπέσχετο
3344 1786 3731 1857 μεμονωμένον
3759 1782 3924 1835 αὐτὸν
3944 1796 4062 1833 πα-

2387 1866 2431 1923 B
2463 1884 2715 1957 ραδοῦναι
2745 1886 2927 1945 αὐτοῖς
2963 1883 3094 1953 (85).

2536 1994 2555 2027 ι
2587 1975 2695 2029 Καὶ
2710 1977 2773 2044 τῇ
2795 1974 2984 2044 πρώτῃ
3009 1974 3191 2044 ἡμέρᾳ
3220 1972 3329 2023 τῶν
3353 1969 3633 2039 Ἀζύμων,
3665 1967 3751 2021 ὅτε
3779 1966 3839 2019 τὸ
3860 1965 4064 2033 Πάσχα

2458 2067 2633 2130 ἔθυον,
2668 2068 2914 2135 λέγουσιν
2950 2065 3098 2135 αύτῷ
3125 2068 3174 2118 οἰ
3200 2064 3444 2134 μαθηταὶ
3474 2061 3641 2115 αὑτοῦ
3682 2077 3695 2091 ⁸
3729 2061 3839 2112 Ποῦ
3873 2056 4063 2118 Θέλεις

2460 2160 2795 2223 ἀπελθόντες
2826 2160 3223 2229 ἑτοιμάσωμεν,
3263 2159 3348 2209 ῖνα
3379 2156 3559 2228 φάγῃς
3587 2153 3648 2207 τὸ
3685 2155 3912 2222 Πάσχας
3939 2149 4065 2202 Καὶ

2458 2253 2779 2308 ἀποστέλλει
2805 2250 2899 2304 δύο
2923 2251 3030 2304 τῶν
3088 2249 3349 2319 μαθητῶν
3383 2248 3574 2312 αὑτοῦ,
3610 2248 3705 2299 καὶ
3757 2246 3908 2312 λέγει
3956 2244 4064 2295 αὑ-

2457 2348 2571 2409 τοῖς
2598 2360 2613 2376 °
2668 2345 2942 2413 Ὑπάγετε
2971 2344 3049 2407 εἰς
3083 2344 3184 2413 τὴν
3216 2340 3396 2406 πόλιν,
3429 2340 3526 2393 καὶ
3574 2339 3885 2406 ἀπαντήσει
3917 2336 4062 2405 ὑμῖν

2459 2440 2745 2511 ἄνθρωπος
2773 2438 3043 2507 κεράμιον
3063 2434 3254 2497 ὕδατος
3297 2431 3601 2505 βαστάζων’
3640 2431 4064 2501 ἀκολουθήσατε

2464 2530 2637 2601 αὐτῷ,
2667 2531 2761 2583 καὶ
2794 2531 2928 2583 ὅπου
2964 2528 3059 2582 ἐὰν
3083 2527 3319 2599 εἰσέλθῃ,
3350 2526 3541 2580 εἴπατε
3570 2523 3645 2594 τῷ
3670 2523 4061 2592 οἰκοδεσπότῃ,

2479 2623 2538 2675 '0
2561 2621 2879 2685 διδάσκαλος
2911 2621 3079 2690 λέγει’
3116 2620 3225 2674 Ποῦ
3266 2622 3381 2673 ἐστι
3402 2619 3461 2672 τὸ
3483 2617 3795 2686 κατάλυμα,
3826 2616 3963 2668 ὅπου
4000 2616 4065 2667 τὸ

2460 2715 2654 2784 Πάσχα
2683 2713 2819 2782 μετά
2850 2711 2957 2765 τῶν
3019 2710 3280 2781 μαθητῶν
3343 2728 3446 2782 μου
3491 2711 3684 2779 φάγω;
3717 2710 3825 2761 Καὶ
3884 2708 4064 2771 αὐτὸς

2463 2808 2592 2876 ύμῖν
2650 2802 2813 2870 δείξει
2884 2804 3128 2868 ἀνώγεον
3180 2804 3346 2875 μέγα,
3399 2803 3769 2873 ἐστρωμένον,
3807 2800 4059 2867 ἕτοιμον,

2463 2901 2579 2953 ἐκεῖ
2620 2897 2943 2968 ἑτοιμάσατε
2973 2899 3127 2967 ἡμῖν.
3167 2916 3184 2946 ι
3222 2895 3455 2967 Πρώτην
3496 2896 3714 2965 ἡμέραν
3746 2894 3854 2947 τῶν
3884 2891 4059 2956 Ἀζύ-

2466 3008 2601 3063 μων,
2630 2991 2731 3061 τὴν
2758 2991 3020 3060 πέμπτην
3048 2989 3220 3058 λέγει,
3255 2991 3375 3060 ἥτις
3398 2988 3505 3059 πρὸ
3525 2988 3634 3044 τῶν
3666 2987 3921 3057 ’Δζύμων
3959 2982 4055 3055 ἦν.

2462 3086 2544 3137 Τὰ
2571 3085 2679 3156 γάρ
2709 3082 2897 3153 ἄζυμα
2935 3082 3008 3153 (a)
3046 3085 3111 3154 τῇ
3135 3084 3460 3153 παρασκευῇ
3505 3080 3776 3151 ὴσθίοντο.
3810 3079 4063 3150 Προσέρ-

2462 3195 2647 3249 χονται
2694 3176 2787 3231 οὖν
2827 3178 2877 3231 οἰ
2924 3176 3185 3247 μαθηταὶ,
3233 3173 3552 3245 ἐρωτῶντες
3598 3174 3703 3226 πού
3737 3173 3957 3241 φάγωσι
3998 3173 4062 3224 τὸ

2462 3274 2675 3343 Πάσχα.
2726 3272 2823 3324 Ἐκ
2860 3269 3050 3323 τούτου
3082 3269 3139 3322 δὲ
3178 3268 3360 3339 δῆλον,
3391 3267 3597 3331 ὼς.ούκ
3640 3262 3754 3336 εἷχε
3799 3271 4061 3334 καταγώ-

2459 3383 2580 3435 γιον
2614 3368 2642 3419 δ
2696 3363 2931 3433 Χριστὸς
2993 3362 3150 3425 ἴδιον,
3184 3361 3298 3415 ἀλλ’
3329 3361 3450 3415 οὐδὲ
3506 3364 3553 3414 οἰ
3584 3361 3826 3431 μαθηταί
3878 3361 4060 3421 οἰκίας

2458 3453 2626 3527 εἶχον.
2661 3455 2723 3507 El
2771 3455 2881 3524 γάρ
2916 3453 3004 3519 ἂν,
3054 3452 3451 3524 προσελάόοντο
3501 3452 3664 3505 αὐτὸν
3698 3455 3836 3505 ἐκεῖ.
3894 3454 4057 3504 Ἀπο-

2459 3547 2670 3602 στέλλει
2717 3548 2774 3600 δὲ
2826 3546 2918 3599 δύο
2968 3547 3075 3600 τῶν
3132 3545 3390 3616 μαθητῶν
3443 3544 3632 3611 αὑτοῦ,
3694 3546 3906 3617 Πέτρον
3965 3547 4057 3598 καὶ

2470 3642 2741 3713 Ἰωάννην,
2773 3640 2848 3703 ὡς
2874 3639 2901 3693 6
2926 3640 3142 3701 Λουκᾶς
3172 3638 3345 3707 λέγει,
3382 3639 3516 3706 πρὸς
3554 3636 3845 3707 ἄνθρωπον
3878 3637 4057 3703 ἀγνώ-

2461 3750 2665 3803 ριστον,
2719 3733 2981 3785 δεικνύων
3026 3732 3233 3797 αὐτοῖς,
3277 3732 3360 3783 ὃτι
3406 3730 3643 3801 ἠδύνατο
3700 3731 3777 3800 μὴ
3832 3730 4053 3784 πιθεῖν.

2428 3876 2438 3882 ,
2470 3824 2528 3878 '0
2557 3825 2665 3893 γάρ
2710 3824 2809 3893 τὴν
2829 3823 3076 3877 διάνοιαν
3103 3822 3294 3875 τούτου
3328 3822 3419 3874 τοῦ
3460 3823 3799 3893 ἀγνωρίστου
3858 3823 4055 3885 πείσας

2459 3916 2820 3981 ὐποδέξασθαι
2852 3916 3036 3979 αὑτὸν,
3072 3916 3123 3967 τί
3153 3916 3252 3967 οὐκ
3290 3913 3356 3968 ἂν
3388 3916 3687 3986 εἰργάσατο
3716 3917 3775 3969 ἐν
3805 3918 3923 3978 τοῖς
3961 3916 4056 3970 άλ-

2457 4008 2605 4076 λοις;
2636 4007 2832 4061 Δίδωσι
2881 4009 2937 4060 δέ
2999 4008 3184 4070 αὐτοῖς
3214 4008 3311 4061 καὶ
3365 4010 3591 4075 σημεῖον
3617 4006 3710 4059 τοῦ
3744 4007 3933 4077 εὑρεῖν
3958 4007 4055 4077 τὴν

2457 4101 2657 4165 οἰκίαν,
2680 4102 2741 4151 τὸ
2767 4098 3135 4167 ἀκολουθῆσαι
3183 4097 3461 4168 ἀνθρώπῳ
3522 4096 3849 4167 βαστάζοντι
3896 4099 4061 4163 κεράο

2462 4209 2583 4261 μιον
2630 4189 2845 4252 ὓδατος.
2882 4189 3069 4244 Ταῦτα
3101 4189 3157 4242 δέ
3192 4190 3283 4242 καὶ
3311 4188 3616 4259 ἀναχθῆναι
3643 4188 3897 4242 δύναται.
3945 4190 4027 4242 Kc

2461 4282 2657 4352 ράμιον
2689 4282 2787 4351 μὲν
2808 4280 2998 4345 ὕδατος
3030 4280 3291 4352 βαστάζει
3315 4282 3341 4333 6
3365 4280 3820 4350 βεδαπτισμένος.
3858 4282 4058 4351 Ἀπερ-

2457 4391 2611 4443 χεται
2639 4374 2696 4426 δὲ
2724 4376 2802 4437 εἰς
2819 4372 3146 4444 οίκίαν,,τὴν
3177 4372 3497 4443 πρέπουσαν
3536 4374 3647 4434 τοῖς
3678 4375 3923 4439 λογικοῖς
3953 4392 4053 4427 κα-

2454 4468 2739 4521 τάστασιν.
2783 4465 2842 4519 Ὀ
2854 4466 2962 4537 γάρ
2985 4466 3043 4517 τὸ
3068 4464 3354 4536 βάπτισμα
3378 4463 3685 4531 βαστάζων,
3704 4466 3785 4525 εἰς
3802 4465 4057 4521 ἀνάπαυ-

772 4547 924 4614 quasi
975 4546 1029 4599 in
1094 4546 1253 4600 domo
1294 4547 1547 4616 quadam.
1580 4546 1979 4606 Paterfamilias
2044 4566 2196 4607 mens
2242 4563 2348 4617 est,
2388 4547 2429 4603 D
2462 4574 2525 4610 σιε

2462 4574 2545 4610 σιν
2586 4558 2827 4629 ἔρχεται,
2855 4557 2993 4610 κατά
3045 4555 3204 4625 λόγον
3247 4555 3378 4621 ζῶν,
3412 4558 3506 4609 καὶ
3551 4554 3745 4628 ῶσπερ
3788 4559 3847 4611 ἐν
3879 4561 4052 4631 οἰκίᾳ,

770 4642 862 4707 qui
908 4640 1143 4693 ostendit
1190 4654 1444 4708 magnum
1484 4641 1800 4705 triclinium,
1834 4642 2095 4698 sublimes
2140 4645 2351 4700 scilicet

770 4745 981 4784 sensus.
1005 4730 1201 4784 Verum
1239 4732 1533 4785 triclinium
1570 4734 1669 4789 hoc
1726 4745 1954 4789 stratum
1992 4746 2095 4804 est,
2118 4739 2219 4795 hoc
2246 4751 2350 4806 est,

773 4822 988 4874 tametsi
1036 4822 1265 4876 sublime
1286 4824 1379 4889 sit,
1415 4823 1547 4879 nihil
1592 4835 1769 4881 tamen
1793 4826 1955 4883 habet
1978 4828 2349 4899 velasperum,

769 4914 851 4965 vel
872 4917 1182 4981 superbum;
1217 4915 1309 4969 sed
1333 4925 1559 4971 stratum
1582 4927 1685 4983 est,
1716 4928 1769 4973 et
1786 4920 2087 4974 humilitate
2108 4921 2347 4990 compla-

773 5015 980 5057 natum.
1012 5006 1125 5059 Illic
1155 5021 1302 5074 ergo,
1342 5008 1393 5061 in
1412 5009 1503 5063 tali
1528 5011 1747 5081 inquam
1780 5021 1981 5077 mente,
2008 5024 2345 5081 praeparatur

769 5095 974 5149 Pascha
998 5098 1212 5153 Christo
1236 5116 1263 5152 a
1284 5100 1494 5156 duobus
1516 5103 1815 5173 discipulis,
1842 5102 2002 5158 Petro
2030 5116 2081 5158 et
2101 5104 2339 5169 Joanne;

770 5194 1011 5254 practlca
1036 5190 1158 5246 dico
1188 5201 1244 5246 et
1269 5195 1709 5263 contemplativa.
1746 5196 1941 5251 Petrus
1958 5199 2100 5251 enim
2125 5206 2343 5266 propter

2456 4654 2522 4722 τῇ
2543 4652 2880 4705 καταστάσει
2905 4651 3078 4721 ταύτῃ
3108 4648 3621 4717 ἐπαναπαυόμενος.
3646 4651 4054 4719 Οἱκοδεσπότης

2454 4743 2513 4797 δὲ
2537 4746 2564 4795 6
2594 4742 2719 4806 νοῦς
2748 4758 2763 4772 °
2796 4742 2853 4805 6;
2910 4742 3154 4809 ἀνώγεον
3208 4740 3353 4811 μέγα
3377 4739 3635 4804 δεικνύει,
3669 4742 3727 4793 τὸ
3756 4740 3891 4809 ὕψος
3944 4745 4053 4796 τῶν

2457 4834 2622 4887 αὑτοῦ
2642 4852 2733 4903 νοη
2744 4834 2948 4904 μάτων.
2993 4832 3155 4887 Ἀλλὰ
3178 4832 3336 4886 τοῦτο
3359 4832 3420 4885 τὸ
3465 4831 3707 4901 ἀνώγεον
3725 4835 3819 4887 καὶ
3846 4837 4056 4905 ἐστρωο

2460 4928 2623 4995 μένον
2668 4928 2807 4990 ἐστί,
2843 4926 3140 4989 τουτέστιν,
3170 4928 3217 4977 εἰ
3248 4926 3343 4977 καὶ
3366 4922 3571 4996 ὑψηλόν
3595 4926 3765 4992 ἐστιν,
3804 4926 3923 4979 ἀλλ’
3959 4929 4047 4980 ού-

2457 5019 2545 5072 δέν
2578 5019 2751 5089 τραχὺ
2793 5018 2883 5070 καὶ
2916 5018 3269 5088 ὑπερήφανον
3312 5015 3447 5085 ἔχει,
3499 5015 3613 5069 ἀλλ’
3646 5016 3923 5084 ἐστρωται
3958 5020 4049 5070 καὶ

2455 5108 2760 5177 ὠμάλισται
2794 5109 2862 5178 τῇ
2886 5103 3383 5174 ταπεινοφροσύνῃ.
3428 5103 3579 5156 Ἐκεῖ
3616 5104 3821 5167 τοίνυν,
3872 5106 3932 5155 ἐν
3970 5105 4045 5171 τῷ

2452 5200 2677 5270 τοιούτῳ
2703 5200 2846 5270 λέγω
2876 5199 2972 5270 νῷ,
3004 5196 3355 5267 ἐτοιμάζεται
3378 5195 3440 5247 τὸ
3486 5197 3675 5268 Πάσχα
3712 5198 3791 5267 τῷ
3822 5197 4047 5266 Χριστῴ

1730 5353 1819 5412 Ex
1859 5351 2210 5416 collatione
2263 5358 2446 5419 codd.
2486 5358 2717 5418 Venet.
2756 5360 2816 5418 S.
2849 5356 3068 5416 Marci.

830 5471 941 5541 (85)
970 5472 1103 5527 Cod.
1134 5473 1204 5546 $6
1242 5474 1388 5530 addit
1421 5492 1435 5529 :
1473 5478 1564 5529 Διὸ
1598 5480 1689 5531 καὶ
1740 5482 2035 5550 ἐχάρησαν,
2073 5482 2132 5535 ού
2180 5482 2340 5551 μόνον

761 5546 838 5595 bri.
868 5547 1036 5596 γωοὶς
1070 5544 1299 5596 Θοούὸου
1343 5548 1571 5596 ἔμελλον
1598 5552 1757 5596 αὑτὸν
1793 5553 2077 5596 συλλαϐεῖν
2108 5554 2211 5596 ὑπὸ
2247 5553 2340 5596 ττιῦ

758 5548 838 5595 ϋτι
868 5548 1036 5613 χωρὶς
1070 5548 1299 5615 θορύϐου
1343 5548 1571 5616 ἔμελλον
1598 5548 2077 5604 αὑτὸνσυλλαϐεῖν
2108 5548 2211 5606 ὑπὸ
2247 5553 2340 5605 τοῦ

770 5614 1765 5695 ’1035a_7tatpat_6t66psvov_ebxaiptng,
1808 5624 1930 5695 ἀλλ’
1970 5624 2051 5675 ὅτι
2096 5625 2201 5675 ὑπὸ
2230 5624 2338 5675 τῶν

762 5684 1020 5753 μαθητῶν
1051 5684 1592 5756 ὴρξατοἽμισεῖσθαι.
1621 5684 1723 5744 Καὶ
1756 5684 1827 5761 τῇ
1865 5695 2086 5763 πρώτῃ,
2116 5713 2166 5747 κ.
2200 5712 2248 5745 τ.
2285 5696 2333 5746 it.

2456 5503 2473 5535 t
2511 5485 2722 5538 Idcirco
2769 5484 2935 5551 gavisi
2977 5494 3137 5544 sunt,
3172 5500 3279 5537 non
3329 5484 3503 5536 solum
3537 5480 3677 5549 quod
3719 5480 3926 5545 absque
3964 5490 4045 5531 lu-

2452 5556 2621 5608 rnultu
2648 5557 2800 5607 illum
2823 5572 2848 5604 :i
2876 5553 3010 5607 Jnda
3040 5557 3358 5607 tradendum
3396 5554 3553 5605 facile
3585 5563 3768 5606 essent
3794 5553 4040 5618 capturi;

2451 5629 2542 5677 sed
2579 5629 2741 5677 etiam
2777 5629 2917 5691 quod
2966 5629 3009 5676 is
3051 5626 3312 5693 inciperet
3344 5626 3469 5680 odio
3504 5622 3692 5681 haberi
3731 5640 3758 5674 at
3796 5624 3914 5676 suis
3959 5625 4041 5675 di-

2445 5698 2690 5763 scipulis.
2722 5699 2783 5748 At
2822 5698 2989 5762 primo
3016 5698 3120 5750 die.
3160 5715 3177 5747 ι
3223 5708 3330 5751 etc.

830 5830 908 5900 (τι)
961 5831 1145 5887 llocin
1194 5844 1312 5889 loco
1370 5835 1622 5888 mendum
1668 5838 1971 5906 suspicatur
2001 5835 2193 5893 Petrus
2234 5837 2525 5891 AfClldlllS.
