4272 6438
706 409 803 477 651

1646 394 2222 458 THEOPHYLACTI
2263 391 2671 453 BULGARIE
2709 392 3064 452 ARCHIEP.

709 533 765 580 e'.
798 537 1016 579 carnem
1059 522 1320 578 videntes,
1361 528 1466 568 non
1505 511 1790 571 ferrenms,
1823 508 1918 562 sed
1961 508 2278 560 ahhorrere-
2311 508 2356 563 Α
2386 522 2396 555 :

2311 508 2356 563 Α
2386 505 2637 571 κείμενον
2679 505 2770 555 καὶ
2810 504 2990 573 σάρκα
3030 501 3264 573 δρῶντες
3293 541 3306 564 ,
3357 500 3458 553 οὐκ
3512 500 3579 554 ἂν
3627 500 3976 570 ἠνέγκαμεν,

711 633 831 671 mus
882 616 1135 668 :idcirco
1188 607 1498 662 misericors
1546 602 1687 656 Deus
1738 609 1939 654 nostra:
1984 598 2279 651 infirmitati

709 703 1163 767 coudescendens,
1193 699 1424 769 speciem
1449 696 1663 762 quidem
1691 693 1843 759 panis
1866 700 1921 744 et
1945 689 2051 742 vini
2080 696 2280 749 servat,

708 799 761 851 in
812 797 1066 848 virtutem
1124 802 1303 844 autem
1355 786 1536 841 carnis
1585 793 1639 837 et
1686 780 1969 851 sanguinis
2016 777 2280 832 transele-

706 897 931 940 mental.
982 884 1313 953 Sanguinem
1370 892 1501 931 tero
1544 874 1679 928 Novi
1739 869 2050 925 testamenti
2119 868 2277 931 dixit,

703 976 1022 1045 opponendo
1060 972 1264 1024 Veteri.
1302 966 1545 1021 Habebat
1581 965 1721 1017 enim
1763 971 1815 1015 et
1858 958 2026 1013 Vetus
2076 957 2283 1012 Testa-

704 1075 945 1120 mentum
979 1063 1295 1131 sanguinem
1329 1074 1434 1126 quo
1475 1054 1906 1121 aspergebantur
1939 1060 1992 1101 et
2034 1045 2283 1115 potulus,

706 1164 760 1210 et
830 1154 965 1206 lil‘er
1015 1152 1225 1221 legisl.
1271 1148 1389 1202 Non
1434 1153 1616 1198 autem
1657 1143 1834 1195 bibam
1876 1155 1939 1193 ex
1989 1139 2090 1192 hoc
2136 1137 2283 1199 vino,

702 1247 856 1309 dicit,
890 1258 1059 1313 usque
1096 1246 1162 1296 ad
1209 1240 1682 1293 resurrectionem.
1727 1234 1969 1301 Regnum
2018 1228 2161 1283 enim
2195 1244 2283 1282 re-

705 1338 1093 1394 surrectionem
1157 1342 1357 1392 vocat,
1410 1340 1663 1395 tanquam
1725 1340 1815 1377 rex
1872 1323 1959 1390 qui
2020 1322 2281 1374 adversus

708 1433 935 1479 moi-tem
972 1420 1215 1483 certarit,
1256 1430 1307 1472 et
1343 1427 1547 1484 regnat.
1596 1414 1740 1466 Sane
1774 1421 1895 1480 post
1930 1408 2284 1463 resmreCtio-

705 1510 824 1570 nem
860 1516 989 1567 bibit
1014 1524 1065 1567 et
1107 1512 1339 1565 comedit
1373 1524 1495 1561 cum
1525 1504 1826 1572 discipulis,
1865 1504 2097 1570 probans
2136 1502 2279 1567 quod

705 1606 793 1659 ille
818 1606 930 1671 ipse
953 1613 1095 1656 esset
1125 1602 1213 1669 qui
1242 1613 1433 1669 passus
1464 1596 1659 1649 fuerat.
1689 1594 1895 1646 Novum
1931 1602 2110 1645 autem
2150 1591 2278 1644 ιιιυά

702 1696 856 1758 bibit,
888 1696 987 1747 huc
1025 1705 1109 1747 est
1146 1707 1284 1745 novo
1322 1690 1552 1759 quodam
1604 1690 1761 1740 modo
1809 1696 1861 1739 et
1902 1685 2137 1749 insolito,
2174 1699 2279 1734 non

703 1788 849 1841 enim
887 1789 1025 1840 ultra
1068 1800 1262 1851 corpus
1293 1783 1524 1835 habebat
1557 1778 1831 1848 possibile,
1869 1776 2013 1844 quod
2051 1775 2171 1827 cibo
2205 1774 2283 1825 in-

704 1883 931 1951 digeret,
984 1880 1074 1933 sed
1129 1875 1429 1931 immortale
1465 1886 1517 1927 et
1553 1871 1982 1939 incorruptibile.
2016 1868 2279 1935 lintelligc

706 1986 881 2028 autem
920 1975 1081 2027 etiam
1129 1972 1253 2023 sic:
1300 1966 1435 2020 Vitis
1464 1966 1723 2018 Dominus
1772 1965 1883 2031 ipse
1920 1971 2022 2026 est,
2073 1960 2279 2014 fructus

708 2077 883 2119 ,zttem
934 2066 1055 2115 illis
1093 2060 1344 2130 mysteria
1394 2068 1519 2111 sunt
1563 2066 1619 2109 et
1670 2056 1983 2109 abscondita
2032 2053 2277 2113 scientia,

702 2176 862 2230 quam
897 2161 1008 2227 ipse
1048 2156 1272 2224 profert,
1311 2153 1508 2205 docens
1560 2149 1829 2203 hominem
1881 2146 2185 2198 scientiam.
2221 2144 2276 2195 ln

703 2267 867 2322 regno
909 2251 1085 2316 itaque
1127 2245 1240 2310 Dei,
1270 2245 1370 2296 hoc.
1432 2251 1535 2306 est,
1573 2242 1622 2293 in
1657 2248 1850 2293 ortavo
1880 2236 2098 2298 seculo,
2134 2235 2278 2287 hibet

702 2360 825 2399 cum
856 2341 1127 2407 discipulis
1182 2336 1314 2399 suis,
1362 2333 1523 2403 250
1562 2331 1815 2402 mysteria
1861 2338 1913 2382 et
1961 2326 2275 2396 sapientiam

703 2451 893 2491 novam
919 2431 1206 2502 quamdam
1240 2429 1439 2481 docens
1475 2432 1665 2486 nos,et
1696 2419 1947 2475 revolans
1979 2433 2099 2487 qum
2136 2433 2279 2471 nunc

699 2526 1016 2582 abscOndita
1047 2532 1192 2576 sunt.

772 2617 937 2671 Vens.
973 2615 1157 2669 9061.
1203 2634 1219 2663 ι
1255 2613 1318 2664 Et
1360 2626 1481 2665 eum
1531 2609 1787 2678 hymnum
1825 2606 2111 2667 dixissent,
2160 2606 2275 2659 cxi-

706 2721 867 2766 etunt
923 2713 971 2761 in
1025 2715 1262 2760 montem
1314 2703 1593 2759 Ol.varum
1626 2720 1637 2755 :
1676 2712 1727 2755 et
1763 2701 1891 2753 dicit
1936 2699 2044 2752 illis
2076 2697 2273 2752 Iesus:

698 2803 900 2859 Omnes
922 2797 1301 2854 oﬂ'endienlum
1329 2792 1608 2861 patiemini
1641 2806 1734 2855 per
1761 2805 1843 2844 me
1869 2790 1919 2842 in
1946 2788 2047 2842 hac
2076 2799 2232 2841 nocte
2260 2802 2273 2839 :

700 2899 826 2964 quia
872 2894 1133 2962 scriptum
1167 2902 1248 2944 est
1279 2908 1291 2942 :
1327 2888 1635 2942 Pet-entiam
1664 2896 1956 2955 pastorem,
1982 2894 2038 2938 et
2069 2886 2276 2952 disper-

699 2996 890 3056 gentur
916 2998 1058 3037 oves.
1083 2979 1187 3036 Sed
1218 2990 1562 3049 posteaquam
1589 2993 1956 3041 resurrexero,
1977 2976 2274 3046 praecedam

698 3095 793 3134 vos
831 3081 879 3131 iu
924 3076 1221 3132 Galilaeam.
1256 3072 1449 3126 Petrus
1485 3082 1665 3124 autem
1714 3070 1847 3123 dixit
1894 3070 1967 3122 illi
2003 3088 2016 3122 :
2048 3068 2270 3122 Etiamsi

2390 596 2503 649 ἀλλ’
2541 598 3025 666 ἀπεναρκήσαμεν·
3058 596 3146 648 διά
3166 594 3329 647 τοῦτο
3357 590 3810 660 συγκαταϐαίνων
3836 594 3983 661 ἡμῖν

2396 689 2424 739 6
2455 686 2857 757 φιλάνθρωπος,
2890 686 2952 738 τδ
2984 686 3083 755 μὲν
3115 682 3255 749 εἶδος
3288 686 3453 755 ἄρτου
3477 685 3572 737 καὶ
3600 683 3747 736 οἴνου
3767 683 3979 750 φυλάτ-

2386 796 2469 833 τει
2497 796 2509 808 ·
2548 780 2627 839 είς
2673 778 2901 845 δύναμιν
2933 777 2990 829 δὲ
3025 778 3225 847 σαρκὸς
3262 778 3355 829 καὶ
3401 777 3631 844 αἵματος
3677 790 3972 844 μεταστοιο

2389 871 2547 939 χειοί.
2591 863 2739 938 Αἷμα
2785 868 2841 921 δὲ
2884 868 3092 937 Καινῆς
3124 862 3399 937 Διαθήκης
3450 861 3595 932 εἶπε,
3644 866 3782 935 πρὸς
3820 867 3977 917 ἀντι-

2388 962 2672 1032 διαστολὴν
2710 962 2807 1030 τῆς
2842 960 3227 1023 Halaning
3258 960 3367 1028 γὰρ
3396 958 3673 1028 ήἿῘαλαιᾶ
3703 958 3974 1027 Διαθήκη,

2389 1054 2617 1123 κάκείνη
2650 1047 2787 1122 αἷμα
2821 1049 2959 1122 εἶχε,
2987 1051 3056 1104 δι’
3097 1044 3159 1103 οὗ
3202 1051 3533 1123 ἒρῤαντίσθη
3565 1054 3593 1106 ὃ
3621 1068 3680 1104 τε
3719 1050 3843 1113 λαὸς
3876 1054 3977 1103 καὶ

2389 1146 2448 1198 τὺ
2480 1144 2686 1215 βιϐλίον
2719 1144 2814 1197 τοῦ
2845 1145 3031 1214 νόμου.
3069 1145 3145 1196 Οὐ
3181 1147 3255 1211 μὴ
3302 1143 3409 1195 πίω
3452 1143 3511 1195 δὲ
3552 1147 3614 1197 ἐκ
3647 1142 3743 1196 τοῦ
3790 1145 3969 1208 οῖνου,

2388 1239 2556 1305 λέγει,
2607 1238 2735 1306 ἄχρι
2795 1237 2893 1304 τῆς
2949 1236 3321 1297 ἀναστάσεως.
3380 1235 3668 1288 Βασιλείαν
3718 1236 3827 1303 γὰρ
3869 1236 3975 1301 τὴν

2388 1332 2682 1384 ἀνάστασιν
2714 1328 2994 1397 ὀνομάζει,
3029 1328 3101 1389 ὡς
3145 1326 3473 1397 βασιλεύσας
3522 1328 3639 1379 τότε
3690 1327 3831 1379 κατά
3875 1324 3974 1377 τοῦ

2396 1423 2653 1476 θανάτου.
2696 1423 2851 1475 Μετα
2878 1421 3007 1487 γοῦν
3048 1420 3146 1488 τὴν
3178 1420 3500 1483 ἀνάστασιν,
3531 1419 3699 1486 ἔφαγε
3731 1417 3827 1470 καὶ
3847 1418 3976 1469 ἔπιε

2393 1516 2535 1584 μετά
2567 1515 2676 1569 τῶν
2712 1514 2990 1585 μαθητῶν,
3026 1513 3410 1583 πιστούμενος,
3447 1512 3527 1564 ὅτι
3572 1510 3733 1574 αὐτὸς
3762 1510 3979 1574 ὲκεῖνός

2389 1609 2542 1660 ἐστιν
2597 1610 2626 1661 ὀ
2662 1609 2872 1662 παθῶν.
2916 1607 3118 1664 Καινδν
3145 1607 3201 1663 δὲ
3261 1608 3405 1658 πίνει
3455 1605 3609 1666 αὐτὸ,
3666 1603 3975 1665 τουτέστιν.

2387 1702 2573 1753 καινόν
2598 1717 2720 1753 τινα
2737 1700 2939 1768 τρόπον
2964 1701 3054 1752 καὶ
3080 1698 3249 1762 ξένον,
3276 1700 3375 1752 οὐκ
3407 1697 3486 1751 ἔτι
3518 1700 3627 1767 γὰρ
3664 1697 3823 1766 σῶμα
3863 1714 3976 1749 πα-

2397 1791 2557 1861 θητὸν
2585 1788 2721 1862 εἶχε,
2749 1792 3001 1865 δεόμενον
3030 1792 3256 1860 τροφῆς,
3277 1790 3391 1843 ἀλλ’
3423 1790 3701 1859 ἄφθαρτον
3722 1790 3815 1842 καὶ
3836 1787 3977 1841 ἀθὼι

2385 1902 2562 1938 νατον.
2596 1884 2725 1937 Νόει
2747 1884 2803 1936 δὲ
2826 1884 2920 1937 καὶ⁵
2946 1882 3141 1944 οὕτως·
3176 1882 3475 1952 ’ᾼμπελο;,
3501 1883 3528 1934 6
3560 1881 3763 1952 Κύριος
3781 1880 3973 1945 αὐτὸς,

2384 1979 2631 2048 γέννημα
2665 1978 2720 2031 δὲ
2752 1978 3022 2047 ἀμπέλου,
3073 1976 3141 2028 τὰ
3185 1976 3487 2047 μυστήρια,
3525 1978 3620 2028 καὶ
3678 1977 3711 2045 ὴ
3766 1975 3865 2040 γνῖ
3887 1990 3976 2037 σις

2389 2073 2415 2140 ὴ
2446 2071 2818 2141 ἀπόκρυφοςμ
2847 2069 2914 2139 ἦν
2973 2067 3131 2129 αὐτὸς
3179 2068 3363 2135 γεννᾷ,
3392 2069 3419 2119 6
3449 2066 3717 2119 διδάσκων
3752 2063 3968 2133 ἂνθρω-

2384 2179 2485 2215 πον
2517 2160 2739 2228 γνῶσιν.
2781 2161 2871 2214 Ἐν
2908 2159 3088 2212 τοίνυν
3121 2161 3185 2228 τῇ
3230 2158 3477 2228 βασιλείᾳ
3503 2157 3595 2209 τοῦ
3622 2155 3781 2220 Θεοῦ,
3808 2172 3973 2208 τουτ-

2382 2254 2549 2315 έστιν,
2575 2255 2630 2306 ὲν
2654 2253 2732 2323 τῷ
2755 2252 2925 2322 ὀγδόῳ
2955 2252 3131 2317 αἰῶνι,
3166 2252 3349 2303 πίεται
3384 2250 3521 2319 μετὰ
3553 2249 3661 2301 τῶν
3708 2245 3973 2317 μαθητῶν

2383 2344 2573 2409 αὑτοῦ,
2621 2346 2690 2397 τά
2734 2348 3011 2415 μυστήρια
3056 2346 3149 2396 καὶ
3208 2344 3305 2413 τὴν
3361 2344 3588 2413 σοφίαν,
3640 2342 3801 2394 καινά
3842 2356 3970 2394 τινα

2380 2439 2645 2491 διδάσκων
2672 2438 2843 2507 ἡμᾶς,
2880 2438 2970 2490 καὶ
2998 2436 3400 2491 ἀποκαλύπτων
3430 2436 3463 2489 ἃ
3504 2433 3600 2488 νῦν
3637 2433 3970 2503 κέκρυπται.

2459 2638 2477 2671 ι
2540 2621 2651 2674 Καὶ
2716 2621 3105 2690 ὑμνήσαντες,
3142 2619 3368 2689 ἐξῆλθον
3426 2620 3506 2681 είς
3556 2619 3619 2669 τὸ
3665 2617 3790 2686 ὄρος
3853 2617 3970 2669 τῶν

2395 2711 2644 2772 Ἐλαιῶν.
2687 2714 2779 2764 καὶ
2818 2712 2964 2780 λέγει
3020 2713 3204 2774 αὐτοῖς
3253 2714 3282 2763 6
3324 2710 3560 2782 Ἰησοῦς,
3621 2711 3703 2763 ὅτι
3759 2710 3971 2770 Πάντες

2385 2800 2919 2872 σκανδαλισθήσεσθε
2971 2804 3029 2855 ὲν
3069 2803 3213 2871 ἐμοὶ,
3248 2803 3306 2853 ὲν
3351 2804 3418 2872 τῇ
3467 2801 3623 2876 νυκτί
3650 2799 3844 2869 ταύτῃ,
3885 2800 3943 2851 ὅτ

2386 2895 2722 2965 γέγραπταιο
2781 2894 3014 2958 Πατάξω
3059 2894 3151 2947 τὸν
3199 2895 3463 2964 ποιμένα,
3524 2893 3618 2945 καὶ
3650 2892 3973 2963 διασκορπι-

2388 2989 2680 3060 σθήσονται
2711 2988 2781 3041 τὰ
2838 2987 3107 3058 πρόόατα.
3153 2986 3316 3039 Ἀλλὰ
3368 2986 3507 3055 μετά
3564 2985 3626 3037 τὸ
3668 2983 3971 3054 ἐγερθῆναί

2387 3100 2477 3151 με,
2505 3080 2729 3152 προάξω
2780 3081 2924 3151 ὑμᾶς
2966 3081 3045 3143 είς
3083 3080 3181 3151 τὴν
3212 3079 3524 3134 Γαλιλαίαν.
3563 3078 3621 3132 Ὀ
3673 3078 3728 3132 δὲ
3761 3078 3970 3149 Πέτροε

698 3188 885 3226 omnes
926 3168 1307 3224 oﬂendicnium
1359 3168 1500 3235 passi
1543 3166 1762 3227 fuerint,
1794 3175 1847 3218 at
1883 3180 1982 3234 ego
2038 3181 2165 3219 non.
2204 3165 2269 3220 Et
2298 3162 2343 3224 C
2378 3178 2385 3227 ι

2298 3162 2343 3224 C
2378 3176 2482 3245 ἒρη
2519 3174 2692 3243 αὐτῷ,
2734 3174 2843 3227 Καὶ
2883 3172 2932 3226 εί
2983 3172 3182 3235 πάντες
3237 3171 3818 3241 σκανδαλισθήσονται,
3850 3170 3970 3224 ἀλλ’

699 3268 829 3320 dicit
875 3264 947 3318 ιΙΙὶ
992 3265 1189 3317 Jesus:
1230 3262 1399 3313 Amen
1449 3261 1571 3313 dico
1604 3260 1696 3312 tibi
1730 3259 1874 3328 quod
1909 3270 1964 3312 tu
2010 3258 2168 3312 hodie
2218 3260 2269 3311 in

699 3369 857 3413 nocte
896 3358 994 3410 hac
1020 3356 1329 3424 priusquam
1365 3353 1447 3406 bis
1472 3352 1642 3421 gallus
1682 3352 1961 3415 cecinerit,
1995 3361 2076 3405 ter
2108 3353 2272 3405 abne-

697 3452 848 3521 gahis
884 3463 988 3502 me.
1025 3450 1091 3500 At
1127 3447 1214 3500 ille
1245 3444 1617 3497 Vehementius
1663 3445 1873 3496 dicebat
1912 3461 1923 3495 :
1957 3442 2069 3497 lmo
2107 3444 2149 3496 si
2188 3460 2270 3496 me

698 3541 997 3608 upmtuerit
1047 3538 1305 3593 commori
1343 3536 1465 3596 tibi,
1506 3551 1607 3589 non
1647 3546 1695 3588 te
1729 3539 1954 3605 negabo.
2008 3534 2272 3590 Similiter

700 3646 881 3689 autem
919 3643 968 3686 et
999 3646 1187 3684 omnes
1223 3630 1491 3683 dicebat.
1536 3648 1552 3679 ι
1589 3627 1802 3682 Gratias
1836 3640 2059 3697 egerunt
2091 3640 2144 3683 et
2178 3648 2276 3681 an-

705 3741 917 3798 tequam
975 3726 1235 3779 bibissent
1281 3742 1292 3776 :
1344 3733 1395 3777 et
1436 3732 1715 3791 postquam
1763 3721 2025 3776 bibissent
2075 3724 2277 3791 gratias

700 3829 925 3887 egerunt
956 3820 979 3866 :‘
1005 3825 1059 3867 ut
1088 3824 1139 3868 et
1171 3829 1266 3867 nos
1297 3812 1570 3865 discamus
1621 3813 1759 3878 quod
1793 3821 2040 3877 oporteat
2078 3813 2276 3881 gratias

702 3924 862 3981 εδει-ο
896 3906 1114 3960 Christo
1155 3914 1209 3957 et
1246 3902 1691 3973 ipsum'laudare
1735 3910 1788 3954 et
1832 3912 1955 3955 ante
1986 3903 2191 3965 cibum,
2221 3915 2275 3957 et

703 4010 818 4069 post
851 3999 1049 4051 cibum.
1088 3995 1356 4049 Pt‘mlerea
1387 3996 1549 4046 etiam
1594 3995 1692 4049 hoc
1722 3996 1917 4049 indicat
1955 3996 2094 4065 quud
2123 4011 2270 4065 grata

704 4092 773 4141 sit
830 4090 877 4142 ei
924 4104 1065 4140 mors
1110 4103 1205 4155 pro
1248 4086 1420 4148 nobis,
1474 4086 1732 4154 quoniam
1780 4088 1940 4140 etiam
1996 4090 2183 4141 exiens
2221 4099 2277 4142 ιιι

703 4183 1027 4243 traderetur,
1053 4179 1232 4232 laudat
1268 4177 1570 4230 Dominum.
1609 4176 1842 4230 Omnino
1877 4187 2055 4230 autem
2087 4190 2141 4232 et
2177 4195 2275 4233 nos

703 4273 883 4337 docet,
925 4272 966 4323 si
1005 4271 1216 4337 quando
1250 4271 1300 4320 iu
1352 4271 1576 4320 adversa
1628 4283 1723 4335 pro
1766 4268 2057 4321 multorum
2103 4271 2275 4324 salute

703 4364 1069 4423 incidernnus,
1096 4375 1160 4413 ne
1190 4360 1368 4413 tristes
1391 4360 1582 4421 simus,
1612 4360 1703 4411 sed
1728 4367 1781 4411 et
1814 4360 2021 4427 gratias
2049 4375 2273 4427 agamus

701 4460 829 4521 Deo,
857 4457 945 4523 qui
978 4464 1215 4506 nostram
1250 4451 1591 4505 alﬂictionem
1630 4450 1681 4503 in
1719 4452 2008 4504 multorum
2040 4453 2267 4506 salutem
2305 4455 2315 4523 ξ

697 4558 971 4617 operatur.
1005 4545 1296 4614 Egreditur
1346 4559 1472 4597 vero
1521 4544 1572 4595 in
1626 4552 1862 4597 montem
1910 4543 2179 4596 Olivarum
2216 4557 2271 4597 ιιι

697 4641 997 4695 solitarium
1053 4640 1418 4699 adorirentur,
1472 4647 1525 4689 et
1570 4636 1893 4695 detinerent,
1954 4652 2018 4689 ne
2064 4647 2269 4690 tantmu

701 4730 986 4785 tumultum
1028 4731 1243 4783 iaciant.
1280 4726 1411 4780 Nam
1460 4728 1502 4781 si
1543 4728 1594 4779 in
1637 4729 1857 4780 civitate
1902 4729 2075 4797 ipsum
2113 4730 2270 4782 inva-

696 4826 915 4886 sissent,
957 4822 1207 4877 fortassis
1257 4824 1476 4875 suborta
1516 4820 1705 4873 fuisset
1753 4822 1928 4885 turba,
1970 4832 2021 4872 et
2062 4822 2266 4877 inimici

693 4918 974 4971 oceasiuue
1006 4915 1276 4983 quapiam,
1326 4928 1444 4981 quae
1485 4914 1630 4980 justa
1669 4912 1839 4966 videri
1865 4913 2148 4980 potuisset,
2176 4929 2268 4982 ap-

692 5011 977 5077 prebensa,
1029 5007 1127 5058 visi
1186 5006 1411 5057 fuissent
1454 5004 1625 5071 ipsum
1658 5003 1803 5071 juste
1851 5012 1906 5053 ut
1951 5002 2264 5055 seditiosum

694 5103 1015 5155 interﬁcere.
1054 5098 1306 5151 Prmdicit
1344 5107 1519 5149 autem
1550 5097 1653 5149 illis
1692 5096 1835 5163 quod
1879 5104 1930 5149 et
1972 5093 2265 5148 out'lldiCll'

693 5192 799 5244 lum
842 5191 1049 5258 paSHll‘i
1096 5199 1297 5242 essent.
1334 5186 1521 5239 Postea
1569 5202 1633 5238 ne
1677 5188 1961 5239 videantur
2002 5184 2112 5238 haec
2142 5200 2263 5238 esse

693 5283 744 5333 in
800 5282 1138 5333 manifestam
1214 5281 1451 5331 omnium
1523 5278 1969 5339 accusationem,
2044 5276 2262 5327 adducit

692 5376 851 5427 etiam
899 5374 1264 5426 testimonium
1300 5386 1362 5422 ex
1403 5369 1661 5438 prOpiteta
1700 5368 1960 5422 Zacharia
2005 5370 2145 5435 quod
2182 5371 2262 5421 di-

689 5468 970 5535 spergendi
1030 5474 1231 5519 essent.
1291 5464 1531 5531 Denique
1581 5473 1633 5515 et
1682 5462 2106 5515 consolationem
2157 5461 2262 5517 illis

688 5558 843 5612 σθαι
868 5560 1050 5612 ιιιιοιις
1084 5577 1094 5607 :
1134 5558 1439 5611 Pra'ccdam
1475 5572 1568 5609 vos
1604 5558 1653 5606 in
1691 5552 1987 5613 Gatilream.
2024 5554 2123 5607 hoc
2154 5565 2256 5620 est,

687 5652 1030 5721 liﬂl‘VcniatlL
1069 5653 1135 5703 At
1183 5650 1371 5704 Petrus
1405 5649 1618 5704 obsistit
1656 5663 1667 5701 :
1704 5648 1823 5701 ideo
1851 5655 1903 5700 et
1938 5646 2087 5701 audit
2119 5648 2258 5715 quod

761 5832 774 5858 ’
835 5829 996 5884 Exod.
1053 5845 1197 5893 xxxv,
1228 5831 1277 5884 8.

2378 3266 2479 3317 οὐκ
2516 3265 2649 3333 ἐγώ.
2692 3264 2807 3318 Καὶ
2855 3264 3007 3331 λέγει
3057 3262 3206 3333 αὐτῷ
3245 3266 3273 3317 6
3330 3264 3565 3331 Ἰησοῦς·
3612 3262 3786 3334 ’Δμὴν
3816 3262 3969 3330 λέγω

2383 3374 2487 3423 σοι,
2525 3357 2607 3408 ὅτι
2650 3356 2714 3408 σὺ
2751 3358 2993 3425 σήμερον
3023 3359 3081 3407 ὲν
3128 3358 3196 3424 τῇ
3230 3354 3388 3406 νυκτὶ
3419 3354 3612 3425 ταύτῃ,
3659 3355 3789 3423 πρὶν
3820 3354 3853 3425 ἢ
3887 3356 3972 3419 δὶς

2381 3450 2650 3519 ἀλέκτορα
2681 3450 2949 3517 φωνῆσαι,
2984 3450 3104 3517 τρὶς
3130 3448 3430 3519 ἀπαρνήσῃ
3460 3465 3549 3516 με.
3597 3448 3656 3500 Ὀ
3694 3447 3751 3499 δὲ
3779 3450 3844 3499 ὲκ
3870 3467 3940 3501 τε
3960 3479 3973 3490 -

2384 3540 2572 3611 ρισσοῦ
2594 3541 2773 3607 ἔλεγε·
2818 3540 3035 3593 Μᾶλλον
3067 3538 3162 3593 ὲάν
3187 3557 3255 3607 με
3279 3539 3373 3610 δὲῃ
3416 3538 3810 3593 συναποθανεῖν
3858 3556 3966 3599 σοι.

2379 3632 2440 3685 ού
2476 3631 2548 3702 μή
2587 3647 2645 3684 σε
2692 3631 3120 3699 ἁπαρνήσωμαι.
3186 3626 3461 3691 Ὡσαύτως
3518 3628 3574 3681 δὲ
3612 3629 3706 3682 καὶ
3762 3630 3970 3692 πάντες

2379 3726 2587 3793 ἔλεγον.
2631 3742 2650 3776 ι
2687 3724 3101 3793 Εύχαρίστησαν
3148 3723 3244 3774 καὶ
3285 3722 3393 3791 πρὸ
3430 3721 3525 3775 τοῦ
3596 3724 3763 3785 πιεῖν,
3801 3723 3970 3793 εὐχα-

2384 3818 2651 3888 ρίστησαν
2682 3819 2777 3869 καὶ
2828 3816 2967 3884 μετά
3007 3816 3067 3867 τὶ
3107 3816 3276 3880 πιεῖν,
3329 3815 3417 3867 ῖνα
3444 3816 3727 3886 καῖήμεῖς
3771 3816 3969 3877 μάθω-

2384 3925 2506 3977 μεν,
2532 3909 2614 3961 ὅτι
2653 3907 2733 3959 δεῖ
2770 3907 3116 3976 εὐχαριστεῖν
3164 3908 3258 3959 καὶ
3317 3906 3532 3976 ὑμνεῖν,
3588 3907 3683 3959 καὶ
3725 3906 3833 3976 πρὸ
3867 3907 3970 3976 τῆς

2379 3998 2609 4067 τροφῆς,
2664 3996 2756 4048 καὶ
2800 3996 2938 4065 μετὰ.
2968 3995 3067 4063 τὴν
3117 3996 3348 4065 τροφήν.
3388 3996 3541 4063 Ἀμα
3572 3996 3629 4048 δὲ
3674 3996 3769 4049 καὶ
3806 3996 3975 4050 τοῦτο

2380 4094 2679 4155 δείκνυσιν,
2722 4091 2805 4144 ὅτι
2845 4089 3129 4151 ἀσπαστός
3191 4092 3339 4141 ἑστιν
3371 4089 3524 4156 αὐτῷ
3569 4095 3598 4142 6
3633 4089 3772 4157 ὑπὲρ
3802 4090 3971 4157 ἡμῶν

2382 4185 2635 4248 θάνατος,
2680 4184 2743 4243 ὃς
2774 4198 2836 4248 γε
2891 4182 2983 4234 ἐπὶ
3030 4180 3109 4249 τῷ
3166 4179 3539 4250 παραδοθῆναι
3575 4179 3734 4245 ἐξιὼν
3802 4180 3972 4249 ὑμνεῖ

2380 4276 2470 4329 τὸν
2497 4275 2651 4328 Θεόν.
2694 4275 2915 4336 Πάντως
2936 4273 2992 4326 δὲ
3028 4274 3124 4326 καὶ
3155 4274 3302 4342 ἡμᾶς
3324 4272 3586 4336 διδάσκει,
3622 4274 3750 4328 ὅταν
3780 4273 3969 4326 0M6:-

2385 4367 2499 4434 ροῖς
2547 4364 2933 4433 περιπέσωμεν
2985 4364 3063 4425 είς
3115 4364 3394 4433 σωτηρίαν
3436 4363 3665 4426 πολλῶν,
3712 4366 3787 4433 μὴ
3827 4366 3967 4417 αθυυ

2385 4460 2524 4526 μεῖν,
2575 4457 2691 4509 ἀλλ’
2736 4458 3077 4524 εὐχαριστεῖν
3130 4455 3209 4525 τῷ
3264 4454 3404 4525 Θεῷ,
3456 4456 3533 4525 τῷ
3576 4456 3664 4508 διὰ
3692 4457 3790 4525 τῆς
3822 4458 3967 4527 ἡμεο

2379 4550 2541 4619 τέρας
2588 4549 2819 4616 θλίψεως
2874 4546 3338 4617 κατεργαζομένῳ
3388 4550 3667 4615 σωτηρίαν
3716 4549 3962 4605 πολλῶν.

2389 4642 2700 4710 Ἐξέρχεται
2729 4640 2783 4691 δὲ
2810 4640 2886 4702 είς
2906 4640 2965 4690 τὸ
2990 4640 3114 4708 ὅρος
3138 4639 3244 4690 τῶν
3266 4637 3515 4700 Ἐλαιῶν,
3538 4639 3625 4691 ἵνα
3646 4641 3967 4708 καταμόνας

2374 4734 2489 4785 ὄντι
2525 4732 2848 4792 ἐπελθόντες
2893 4732 2987 4782 καὶ
3033 4730 3424 4799 κατασχόντες,
3459 4730 3536 4799 μὴ
3585 4731 3843 4783 τοσοῦτον
3872 4732 3951 4784 θᾶε

2377 4820 2539 4890 ρυδον
2566 4819 2888 4887 ποιήσωσιν.
2930 4819 2989 4871 Et
3021 4820 3131 4888 γὰρ
3163 4820 3219 4871 ὲν
3250 4822 3313 4889 τῇ
3352 4820 3507 4872 πόλει
3550 4820 3663 4873 δντι
3697 4822 3962 4891 ἐπῆλθον,

2373 4909 2534 4978 τυχὸν
2574 4911 2639 4961 ἂν
2701 4908 2975 4978 ἐταράχθη
3005 4908 3065 4961 τὸ
3113 4909 3317 4979 πλῆθος
3352 4912 3442 4963 ἐπ’
3474 4911 3658 4981 αὐτῷ·
3698 4914 3793 4965 καὶ
3836 4916 3961 4967 τότε

2372 4998 2765 5068 εὐλογοφανοῦς
2793 5000 3052 5070 ἀφορμῆς
3077 5001 3408 5071 δραξάμενοι
3439 5004 3489 5055 οῖ
3526 5004 3734 5072 ἐχθροὶ,
3766 5005 3961 5071 ἔδοξαν

2370 5096 2436 5147 ἂν
2486 5096 2650 5148 αὑτὸν
2698 5092 2910 5146 ἀνελεῖν
2955 5095 3181 5158 δικαίως
3229 5096 3303 5158 ὡς
3343 5099 3695 5169 στασιαστήν.
3730 5099 3958 5170 Προφη-

2367 5192 2514 5241 τεύει
2549 5187 2605 5239 δὲ
2636 5188 2814 5249 αὐτοῖς
2844 5189 2926 5239 ὅτι
2961 5190 3053 5241 καὶ
3085 5189 3660 5260 σκανδαλισθήσονται.
3705 5189 3835 5244 Εἶτα
3870 5195 3956 5246 ῖνα

2371 5282 2443 5349 μὴ
2500 5278 2625 5348 δόξῃ
2683 5282 2967 5351 προφανὴς
3031 5276 3170 5333 εἶναι
3237 5285 3539 5352 κατηγορία
3610 5285 3831 5337 πάντων
3895 5288 3957 5341 τὸ

2366 5371 2630 5433 τοιοῦτον,
2667 5372 2910 5441 παράγει
2949 5373 3045 5425 καλ⁵
3095 5376 3407 5444 μαρτυρίαν
3436 5380 3500 5428 ὲκ
3537 5380 3631 5429 τοῦ
3668 5385 3954 5447 προφήτου

2367 5463 2658 5531 Ζαχαρίου,
2712 5465 2794 5516 ὅτι
2844 5464 3456 5535 διασκορπισθήσονται.
3500 5470 3827 5523 Τελευταῖον
3872 5475 3951 5535 δὲ,

2368 5559 2459 5609 καὶ
2512 5557 2873 5624 παραμυθίαν
2906 5558 3102 5625 ἐπάγει
3160 5559 3365 5624 αὐτοῖς,
3413 5561 3493 5613 ὅτι
3542 5562 3772 5631 Προάξω
3802 5566 3953 5633 ὑμᾶς

2366 5652 2444 5712 είς
2473 5650 2569 5719 τὴν
2600 5648 2913 5719 Γαλιλαίαν,
2946 5652 3213 5715 τουτέστι,
3248 5654 3524 5723 προλάὸω.
3577 5656 3717 5708 Ἀλλ’
3761 5658 3789 5709 6
3845 5660 3953 5712 Πέ-
