4272 6438
253 405 364 472 653

954 396 1402 462 ENARRATIO
1439 394 1520 456 ΙΝ
1559 387 2067 454 EV’ANGELIUM
2108 383 2370 446 MARCI.
2414 405 2480 418 --
2512 380 2668 442 CAP.
2711 380 2868 440 XIV.

3445 375 3552 443 654

249 532 382 586 cpe;
414 515 712 577 ἐνίσταται,
747 509 826 563 διδ
860 511 955 563 καὶ
976 510 1189 575 ακούει,
1220 507 1303 562 δτι
1335 507 1474 576 Πρὶν
1502 506 1536 576 ἦ
1581 503 1852 572 ἀλέκτορα
1879 543 1889 562 ,

1989 507 2265 566 ιιιιοσιιιιιιι
2299 495 2472 566 gallus
2508 495 2590 550 bis
2616 503 2798 556 canat,
2845 501 2927 545 ter
2960 505 3046 544 me
3074 488 3395 559 almegabis.
3441 485 3556 544 Hoc

252 609 338 670 δὶς
366 605 638 676 φωνῆσαι,
674 603 795 674 τρὶς
834 600 1133 671 ἀπαρνήσῃ
1163 616 1252 668 με.
1284 596 1458 650 Τοῦτο
1504 594 1563 646 δὲ
1607 591 1850 647 τοιοῦτόν

254 703 431 753 ἐστιν.
497 694 806 768 ’Πρνήσατο
852 691 1001 746 ἅπαξ
1054 693 1082 742 ὁ
1139 689 1382 758 Πέτρος·
1428 680 1550 739 εἶτα
1601 681 1851 749 ἀλέκτωρ

253 787 561 858 ἐφώνησεν,
591 782 979 854 ἀρνησαμένου
1006 780 1064 834 δὲ
1099 781 1194 833 καὶ
1221 779 1321 841 τὰς
1345 777 1515 839 ἄλλας
1542 773 1640 828 δύο
1675 772 1849 844 ἀρνή-

256 896 399 942 σεις,
423 876 547 930 τότε
581 874 866 946 ἐφώνησεν
910 875 938 927 ὁ
977 873 1252 940 ἀλέκτωρ.
1285 869 1461 923 Τοῦτο
1491 867 1588 922 οὖν
1615 863 1852 922 ένταῦθα

256 970 434 1034 λέγει*
471 965 609 1037 Πρὶν
645 964 917 1034 ἀλέκτορα
974 962 1228 1031 φωνῆσαι
1275 959 1380 1023 δὶς,
1429 946 1726 1028 ἀπαρνήσῃ
1784 971 1852 1025 με

258 1061 404 1130 τρες.
471 1056 704 1129 Ὁμοίως
748 1057 806 1110 δὲ
860 1056 969 1130 καὶ,
1010 1053 1215 1115 πάντες
1271 1051 1588 1122 θερμότητα
1636 1048 1856 1119 ψυχρὰν

259 1129 690 1221 ἐνδεικνύμενοι,
724 1129 1104 1217 ὑπισχνοῧντοο
1133 1143 1232 1214 τὴν
1272 1141 1672 1211 αύτοαλήθειαν
1719 1140 1858 1210 ψεύ-

265 1243 460 1297 δεσθαι
495 1241 801 1304 ποιοῦντες,
832 1239 917 1293 διὸ
947 1239 1043 1292 καὶ
1084 1237 1411 1306 παραχωρεί
1443 1235 1470 1286 ὁ
1503 1231 1730 1304 Κύριος,
1766 1233 1860 1285 καὶ

265 1336 301 1402 ἡ
327 1332 645 1404 ἀνθρωπίνη
681 1330 847 1400 φύσις
877 1331 944 1384 τὰ
974 1329 1175 1397 ἑαυτῆς
1200 1326 1600 1379 ἐπιδείκνυται.
1631 1323 1860 1387 Πάντως

262 1428 376 1496 γὰρ
396 1426 425 1478 ὁ
455 1424 661 1491 Κύριος
692 1423 926 1491 ἠδύνατο
951 1423 1193 1490 τηρῆσαι
1221 1418 1429 1479 αὐτοὺς
1451 1458 1466 1482 ,
1500 1419 1596 1470 καὶ
1623 1416 1862 1486 μάλιστα

262 1517 361 1569 τὸν
391 1515 617 1585 Πέτρον
661 1512 778 1568 ἀλλ’
817 1512 968 1582 ὅμως
1011 1510 1249 1580 ἀφῆκεν,
1283 1509 1370 1562 ἵνα
1406 1507 1482 1579 μὴ
1537 1506 1862 1569 πεποιθότες

263 1603 420 1678 ὦμεν
451 1609 534 1675 ἐφ’
565 1606 801 1668 ἑαυτοῖς.
831 1604 906 1657 Τὸ
957 1603 1036 1667 δὲ,
1093 1601 1325 1667 Πατάξω
1374 1601 1468 1653 τὸν
1525 1598 1761 1668 ποιμένα
1787 1640 1800 1662 ,
1834 1599 1865 1650 6

269 1699 464 1769 Πατὴρ
505 1697 676 1765 λέγει.
727 1696 883 1750 Ἐπεὶ
930 1697 1042 1766 γὰρ
1072 1693 1446 1765 παρεχώρησε
1493 1690 1862 1762 παταχθῆναι,

270 1792 510 1856 πατάξαι
535 1790 700 1852 αὐτὸς
730 1789 952 1856 λέγεται
981 1788 1074 1841 τὸν
1101 1786 1245 1842 κατὰ
1271 1784 1671 1856 παραχώρησιν
1695 1781 1863 1836 αὑτοῦ

1965 597 2148 643 autem
2182 588 2234 643 iu
2281 588 2422 640 hunc
2462 587 2682 640 modum
2715 601 2773 640 se
2797 585 2956 639 liabet
2994 601 3008 637 :
3041 581 3349 652 Negaverat
3381 580 3553 636 semel

1957 682 2177 744 Petrus,
2208 680 2404 734 deimle
2442 678 2618 750 gallus
2654 679 2895 732 cantavit
2930 694 2943 730 :
2977 685 3031 730 et
3070 690 3196 730 cum
3245 674 3382 729 alias
3419 674 3558 728 duas

1959 771 2356 840 abuegationes
2384 767 2624 835 fecisset,
2653 781 2708 824 et
2749 779 2876 823 tunc
2901 781 3122 837 quoque
3161 766 3412 819 cantavit
3442 763 3557 835 gal-

1961 860 2064 915 lus.
2111 858 2179 913 Et
2221 861 2323 914 ltoc
2374 868 2453 913 est
2502 859 2652 928 quod
2690 858 2794 913 hoc
2830 858 2951 910 loco
2999 857 3180 910 dicit:
3230 854 3556 923 Priusquam

1963 951 2139 1024 gallus
2187 950 2270 1006 bis
2306 961 2513 1012 cantet,
2557 960 2642 1006 ter
2691 965 2776 1005 me
2814 949 3134 1018 abnegabis.
3167 946 3435 1002 Simil’ter
3467 964 3562 1002 au-

1963 1053 2070 1098 tem
2116 1053 2172 1098 et
2197 1057 2390 1098 omnes
2420 1043 2673 1115 frigidam
2717 1042 3058 1097 alacritatem
3097 1041 3475 1103 OSicmielllCS,
3507 1051 3564 1094 et

1964 1137 2139 1206 ipsam
2171 1138 2462 1192 veritatem
2506 1138 2823 1191 mendacem
2868 1136 3150 1201 iacientes,
3183 1133 3513 1204 pollicentur
3545 1147 3559 1185 :

1963 1228 2084 1284 ideo
2134 1228 2395 1284 Dominus
2444 1231 2711 1298 permittit
2757 1238 2814 1282 ut
2871 1230 3105 1282 bumaua
3167 1236 3362 1280 natura
3405 1240 3561 1280 suam

1964 1322 2160 1392 prodat
2194 1323 2648 1378 imbecillitatem.
2686 1320 2924 1377 Omnino
2957 1318 3105 1377 enim
3136 1319 3403 1390 potuisset
3443 1319 3568 1373 illos

1967 1414 2231 1471 Dominus
2257 1429 2503 1480 servare,
2531 1425 2586 1470 et
2615 1415 2835 1470 Petrum
2862 1415 3099 1469 maxime
3136 1433 3149 1469 :
3178 1414 3272 1468 sed
3297 1412 3566 1483 permisit,

1965 1513 2025 1559 ut
2057 1519 2124 1560 ne
2155 1505 2208 1559 in
2241 1506 2537 1576 nobisipsis
2555 1504 2975 1560 conlideremus.
3005 1502 3300 1570 Caeterum,
3364 1502 3568 1558 Percu-

1969 1597 2102 1654 tiam
2132 1606 2432 1668 pastorem,
2461 1615 2561 1653 vox
2595 1609 2678 1653 est
2710 1598 2893 1653 Patris
2925 1613 2941 1652 :
2977 1598 3416 1667 quandoquidem
3447 1611 3575 1667 per-

1967 1690 2082 1745 cuti
2141 1690 2409 1760 permisit,
2467 1694 2811 1762 percussisse
2868 1692 2988 1760 ipse
3038 1691 3242 1745 dicitur
3294 1705 3418 1743 eum
3477 1693 3574 1759 qui

1973 1781 2142 1851 ipsius
2170 1784 2438 1853 permissu
2495 1799 2787 1853 percussus
2823 1796 2926 1840 est.
2957 1783 3100 1839 Oves
3131 1794 3317 1838 autem
3359 1793 3578 1853 aposto-

270 1884 641 1953 παταχθέντα.
671 1880 930 1949 Πρόδατα
958 1879 1020 1934 δὲ
1057 1879 1183 1943 τοὺς
1219 1877 1582 1940 ἀποστόλους,
1617 1874 1692 1938 ὡς
1724 1874 1864 1929 ἀκά-

1993 1888 2077 1939 os,
2115 1883 2175 1928 ιιι
2203 1875 2525 1930 innocentes
2556 1876 2826 1930 nominat.

270 1993 402 2037 κους
433 1975 622 2045 ὡνόμα
632 1989 742 2025 σεν.

349 2087 369 2119 ι
401 2068 512 2120 Kal
543 2050 792 2135 ἔρχονται
829 2065 909 2126 εἰς
941 2062 1144 2135 χωρίον
1182 2053 1246 2114 οὗ
1284 2062 1344 2114 τδ
1367 2061 1541 2131 ὄνομα
1578 2059 1868 2130 Γηθσεμαο

270 2160 362 2229 νῆ,
390 2160 485 2213 καὶ
508 2158 658 2227 λέγει
675 2160 787 2220 τοῖς
823 2174 900 2226 μα
941 2158 1096 2226 ηταῐς
1125 2153 1318 2207 αὐτοῦ’
1344 2153 1621 2207 Καθίσατε
1644 2145 1746 2205 ὦδε
1762 2152 1869 2214 ἓως

271 2250 692 2321 προσεύξωμαι.
751 2251 859 2302 Kal
908 2248 1339 2319 παραλαμϐάνει
1393 2245 1487 2299 τὸν
1519 2245 1727 2315 Πέτρον
1774 2245 1870 2297 καὶ

284 2342 566 2406 Ἰάκωὸον,
596 2341 692 2394 καὶ
737 2340 994 2410 Ἰωάννην
1061 2337 1182 2406 μεθ’
1248 2334 1470 2402 ἑαυτοῦ,
1513 2334 1612 2388 καὶ
1661 2331 1871 2405 ἧρξατο

272 2435 679 2505 ἐκθαμϐεῖσθαι
720 2433 816 2487 καὶ⁵
854 2432 1170 2503 ἀδημονεῖν.
1202 2431 1312 2483 Kal
1337 2430 1489 2496 λέγει
1529 2427 1736 2490 αὐτοῖς’
1765 2426 1872 2480 Πει-

278 2527 508 2599 ρίλυπὸς
561 2529 712 2579 ἐστιν
761 2531 794 2596 η
835 2524 984 2596 ψυχήΔ
1031 2541 1132 2594 μου
1176 2523 1283 2586 ἕως
1333 2520 1590 2575 θανάτου.
1629 2520 1872 2576 Μείνατε

272 2613 402 2682 ιὐδε,
439 2619 534 2670 καὶ
561 2617 916 2687 γρηγορεῖτε.
955 2615 1063 2667 Kal
1109 2610 1390 2684 προελθὼν
1425 2611 1644 2682 μικρὸν,
1677 2611 1874 2665 ἔπεσεν

276 2709 375 2762 ἐπὶ
402 2708 502 2774 τῆς
547 2710 686 2777 γῆς.
720 2708 814 2759 καὶ
848 2705 1197 2776 προσηύχετο
1226 2704 1338 2765 ἵνα,
1381 2705 1431 2756 ει
1466 2703 1696 2757 δυνατόν
1732 2703 1875 2768 ἔστι,

280 2799 529 2872 παρέλθῃ
569 2799 666 2852 ἀπ’
713 2798 881 2852 αὐτοῦ
935 2799 969 2868 η
1020 2796 1160 2869 ὥρα.
1219 2798 1330 2850 Kal
1375 2797 1584 2864 ἔλεγεν·
1626 2795 1801 2850 Ἀσόἇ
1848 2799 1876 2849 ὁ

281 2893 496 2962 Πατὴρ,
540 2894 720 2945 πάντα
761 2889 966 2944 δυνατά
1000 2905 1105 2955 σοι,
1144 2889 1457 2960 παρένεγκε
1506 2889 1568 2941 τὸ
1614 2892 1876 2959 ποτήριον

279 2985 379 3038 ἀπ’
411 2983 547 3054 ἐμοῦ
595 2983 776 3049 τοῦτο,
814 2983 932 3036 ἀλλ’
975 2985 1036 3036 οὐ
1085 2981 1138 3036 τί
1179 2981 1291 3048 ὲγὼ
1321 2980 1485 3044 θέλω,
1516 2978 1654 3035 ἀλλὰ
1698 2980 1750 3032 τί
1787 2979 1873 3035 σύ.

282 3077 396 3130 Καὶ
424 3077 669 3146 έρχεται,
700 3078 794 3129 καὶ
824 3075 1078 3145 εὑρίσκει
1111 3073 1312 3135 αὐτοὺς
1341 3071 1713 3133 καθεύδοντας
1739 3111 1754 3137 ,
1787 3071 1880 3124 καὶ

282 3171 432 3239 λέγει
480 3168 558 3240 τῷ
595 3170 808 3240 Πέτρῳ·
852 3169 1057 3238 Σίμων,
1115 3166 1444 3230 καθεύδεις;
1482 3166 1598 3219 Οὐκ
1649 3166 1880 3236 ἴσχυσας

288 3230 420 3333 μίαν
437 3230 589 3332 ὥραν
607 3230 984 3331 γρηγορῆσαι;
1010 3230 1345 3330 Πρηγορεῖτε
1367 3259 1464 3313 καὶ
1486 3230 1881 3329 προσεύχίεσθε,
1907 3230 1953 3293 C

286 3356 378 3408 ἴνα
418 3354 492 3425 μὴ
529 3351 815 3421 εἰσέλθητε
868 3355 948 3415 εἰς
1004 3352 1317 3422 πειρασμόν
1347 3364 1365 3380 ο
1397 3349 1458 3403 τὸ
1515 3352 1618 3420 μὶν
1663 3347 1886 3419 πνεῦμα

284 3447 589 3515 πρόθυμον,
624 3447 656 3514 ή
701 3446 758 3497 δὲ
792 3443 933 3513 σὰρξ
965 3442 1226 3513 ἀσθενής.
1275 3443 1387 3496 Kal
1426 3442 1592 3496 πάλιν
1631 3441 1886 3496 ἀπελθὼν

285 3541 661 3612 προσηύξατο,
697 3541 788 3592 τὸν
837 3539 1002 3593 αὑτὸν
1041 3536 1203 3605 λόγον
1232 3535 1429 3589 εἰπών.
1473 3536 1584 3588 Kal
1615 3533 1887 3603 ὑποστρέ-

281 3637 414 3704 ψας,
467 3630 627 3703 εὗρεν
658 3634 858 3694 αὐτοὺς
896 3634 1060 3684 πάλιν
1095 3629 1486 3691 καθεύδοντας·
1516 3623 1658 3698 ἦσαν
1701 3627 1809 3697 γὰρ
1833 3627 1884 3678 οἱ

283 3727 564 3795 ὀφθαλμοὶ
593 3726 775 3780 αὐτῶν
811 3723 1219 3794 βεϐαρημένοι,
1255 3724 1348 3775 καὶ
1400 3722 1501 3774 οὐκ
1557 3721 1780 3791 ᾔδεισαν
1835 3719 1887 3773 τί

281 3822 436 3890 αὐτῷ
474 3818 841 3889 ἀποκριθῶσι.
881 3820 989 3872 Ka‘t
1013 3818 1238 3889 ἔρχεται
1273 3815 1334 3868 τὸ
1357 3815 1565 3883 τρίτον,
1605 3817 1702 3868 καὶ
1735 3813 1885 3881 λέγει

283 3916 472 3977 αὐτοῖς
506 3933 518 3944 ·
583 3915 888 3967 Καθεύδετε
951 3912 1012 3966 τὸ
1071 3911 1258 3964 λοιπὸν
1320 3911 1414 3965 καὶ
1481 3909 1884 3972 ἀναπαύεσθε,

284 4013 505 4080 απέχει.
540 4006 745 4062 ἿΙλθεν
774 4012 808 4079 ἡ
846 4008 987 4080 ὥρα,
1029 4007 1141 4059 ἰδοὺ
1173 4006 1534 4076 παραδίδοται
1565 4009 1593 4058 ὁ
1633 4004 1762 4066 Υἱὸς
1789 4002 1884 4056 τοῦ

283 4103 582 4173 ἀνθρώπου
628 4105 707 4165 εἰς
753 4103 850 4163 τὰς
889 4103 1079 4170 χεῖρας
1127 4099 1237 4151 τῶν
1287 4097 1657 4167 ἁμαρτωλῶν.
1703 4096 1885 4161 Ἐγεί-

289 4199 474 4271 ρεσθε,
509 4199 734 4266 ἄγωμεν
768 4241 779 4258 ,
826 4196 934 4250 ἰδοὺ
974 4199 1001 4248 ὁ
1057 4193 1393 4265 παραδιδούς
1446 4211 1511 4262 με
1564 4194 1817 4262 ἤγγικεν.
1863 4209 1880 4241 ι

287 4293 623 4361 Καταμὸνας
673 4289 867 4341 εἴωθεν
914 4289 1000 4338 ἀεὶ
1047 4285 1474 4356 προσεύχεσθαι,
1536 4283 1709 4336 τύπον
1792 4283 1888 4334 καὶ

285 4387 423 4454 ἡμῖν
451 4385 647 4444 διδοὺς,
698 4384 785 4433 ἵνα
818 4381 915 4451 τὴν
972 4381 1208 4450 ἡσυχίαν
1264 4379 1622 4448 ἑπιζητὼμεν
1672 4379 1730 4428 ὲν
1766 4379 1888 4438 ταῖς

288 4480 647 4548 προσευχαῖς.
688 4476 1118 4544 [Ιαραλαμεάνει
1169 4474 1226 4526 δὲ
1266 4473 1394 4536 τοὺς
1451 4475 1602 4542 τρεῖς
1666 4471 1884 4540 μόνους,

2048 2049 2215 2107 Vsus.
2249 2052 2441 2108 52-42.
2476 2071 2494 2103 ι
2534 2053 2598 2109 Et
2626 2055 2853 2109 veniunt
2881 2056 2933 2109 in
2976 2056 3154 2111 locum
3189 2056 3344 2126 cujus
3374 2072 3576 2113 nomen

1976 2144 2352 2214 Getltsemaui,
2381 2157 2437 2203 ct
2471 2149 2604 2204 dicit
2657 2149 2943 2218 discipulis
2989 2151 3105 2206 suis
3151 2169 3166 2204 :
3220 2151 3418 2206 Sedete
3467 2153 3580 2214 hic,

1979 2239 2153 2296 donec
2179 2241 2462 2312 digressus
2493 2256 2745 2296 oravero.
2785 2240 2852 2297 Et
2880 2244 3113 2299 assumit
3139 2243 3360 2301 Petrum
3401 2255 3456 2300 et
3482 2245 3578 2299 ιε.

1980 2332 2176 2388 cobum
2213 2345 2268 2390 et
2311 2332 2574 2390 Joannem
2609 2334 2770 2406 251
2814 2351 3004 2391 secum
3037 2355 3051 2392 :
3105 2341 3385 2409 coepitque
3411 2354 3578 2408 expa-

1979 2441 2202 2483 vescere
2229 2435 2282 2482 el.
2310 2430 2454 2499 angi.
2479 2427 2545 2482 Et
2574 2430 2703 2485 dicit
2741 2430 2848 2485 illis
2874 2447 2888 2486 :
2922 2430 3120 2487 Dolore
3141 2433 3374 2487 adicitur
3397 2434 3577 2486 anima

1984 2533 2101 2575 mea
2131 2536 2303 2592 usque
2334 2524 2401 2575 ad
2445 2533 2701 2579 mortem.
2752 2523 2968 2579 Manete
3015 2525 3127 2588 hic,
3160 2536 3215 2579 et
3243 2526 3487 2595 vigilate.
3518 2525 3586 2579 Et

1985 2627 2309 2683 progressus
2349 2615 2608 2684 paulum,
2654 2625 2965 2686 prostratus
3010 2627 3094 2672 est
3146 2619 3199 2671 in
3245 2627 3488 2681 terram,
3532 2629 3590 2671 et

1983 2708 2160 2761 oravit
2194 2718 2253 2760 ut
2281 2709 2326 2761 si
2359 2709 2618 2777 possibile
2659 2719 2826 2777 esset,
2873 2711 3135 2765 transiret
3172 2726 3201 2764 a
3234 2727 3294 2766 se
3325 2711 3482 2766 hora.
3526 2712 3592 2764 F.t

1987 2798 2242 2854 dicebat:
2294 2799 2444 2854 Abba
2490 2798 2682 2864 Pater,
2729 2803 2912 2856 omnia
2955 2803 3238 2873 possibilia
3273 2812 3402 2857 sunt
3447 2803 3586 2858 tibi;

1987 2891 2141 2946 auter
2165 2891 2420 2962 poculum
2450 2909 2478 2946 a
2504 2910 2590 2948 me
2620 2894 2755 2948 hoc:
2783 2905 3166 2951 verumtamen
3197 2911 3304 2951 non
3335 2896 3463 2966 quid
3489 2910 3592 2962 ego

1990 2981 2174 3048 velim,
2205 2983 2301 3038 sed
2324 2984 2452 3052 quid
2483 2996 2559 3038 ιιι.
2591 2982 2658 3038 Ει
2688 2984 2836 3038 venit
2859 2995 2913 3039 et
2935 2983 3166 3040 offendit
3191 2973 3287 3041 eos
3312 2987 3590 3041 dormien-

1992 3087 2115 3130 tes:
2147 3077 2391 3146 dicitque
2428 3075 2630 3132 Petro:
2671 3077 2860 3132 Simon
2886 3119 2900 3145 ,
2937 3077 3178 3134 dormis?
3215 3093 3320 3133 non
3363 3080 3588 3148 potuisti

1991 3185 2154 3223 unam
2197 3169 2388 3223 horam
2421 3170 2687 3240 vigilare?
2723 3169 2957 3241 Vigilate
2986 3182 3042 3228 et
3070 3181 3224 3228 orate
3257 3188 3325 3228 ne
3357 3175 3593 3228 veniatis

1990 3263 2045 3317 in
2078 3263 2472 3325 tentatioucm,
2510 3264 2739 3333 spiritus
2763 3265 2982 3333 quidem
3015 3277 3330 3336 promptus,
3369 3276 3424 3321 at
3463 3282 3594 3320 caro

1991 3355 2228 3409 lnilrma.
2278 3352 2344 3408 Et
2391 3370 2609 3409 rursum
2659 3357 2944 3428 digressus
2989 3358 3216 3422 orabat,
3257 3369 3312 3412 et
3339 3360 3592 3413 eumdem

1990 3448 2133 3503 dixit
2173 3463 2511 3504 sermonem.
2553 3449 2618 3504 Et
2661 3466 2914 3506 reversus
2947 3450 3178 3505 oﬂendit
3217 3452 3341 3507 illos
3374 3469 3594 3507 rursum

1991 3543 2352 3609 dormientes,
2381 3553 2538 3598 erant
2563 3544 2708 3598 enim
2741 3544 2887 3599 oculi
2919 3558 3108 3598 eorum
3136 3546 3373 3614 gravati,
3416 3562 3596 3617 neque

1993 3636 2242 3692 sciebant
2284 3637 2412 3706 quid
2454 3637 2527 3690 illi
2567 3638 2982 3705 responderent.
3028 3635 3095 3690 Et
3119 3638 3268 3693 venit
3305 3641 3470 3694 tertio
3511 3641 3596 3693 di-

1992 3731 2176 3798 citque
2211 3730 2354 3784 illis:
2390 3729 2636 3784 Dormite
2667 3731 2919 3800 posthac,
2955 3741 3010 3785 et
3050 3732 3402 3800 requiescite,
3441 3733 3594 3788 suni-

1991 3824 2086 3878 cit.
2111 3823 2271 3879 Venit
2297 3823 2453 3888 bora,
2478 3838 2607 3879 ecce
2637 3824 2871 3878 traditur
2901 3823 3077 3880 Filius
3109 3824 3348 3881 hominis
3381 3827 3434 3880 in
3471 3843 3595 3882 ma-

1993 3934 2095 3973 nus
2140 3929 2514 3989 peccatorum.
2571 3918 2814 3986 Surgite,
2853 3931 3088 3973 eamus:
3123 3933 3252 3974 ecce
3290 3920 3382 3990 qui
3414 3922 3598 3990 prodit

1992 4024 2114 4074 me,
2156 4009 2579 4078 appropinquat.
2641 4029 2659 4061 ι
2701 4008 2960 4064 Scorsum
2999 4025 3218 4081 semper
3251 4027 3414 4067 orare
3457 4028 3596 4068 con-

1991 4103 2198 4164 suevit,
2226 4102 2365 4155 daus
2396 4102 2559 4155 etiam
2599 4101 2756 4156 nobis
2793 4102 3134 4171 exemplum,
3177 4111 3237 4155 ut
3265 4104 3508 4174 quietem
3543 4106 3598 4161 iu

1993 4195 2250 4262 precibus
2305 4194 2673 4262 inquiramus.
2721 4195 2969 4249 Assumit
3020 4205 3204 4250 autem
3255 4197 3430 4250 solum
3485 4207 3600 4254 tres

1992 4287 2115 4342 illos
2149 4288 2240 4356 qui
2282 4301 2396 4341 sua:
2440 4288 2492 4340 in
2521 4285 2740 4341 Thabor
2766 4287 2952 4355 gloriae
2983 4298 3326 4357 spectatores
3359 4291 3598 4355 fuerant,

1994 4391 2050 4432 ut
2074 4381 2148 4433 illi
2181 4382 2282 4448 ipsi
2310 4381 2398 4450 qui
2431 4381 2667 4448 gloriosa
2718 4382 2990 4441 viderant,
3026 4382 3246 4436 videant
3291 4393 3345 4438 ct
3377 4385 3553 4437 tristia
3584 4403 3595 4438 :

1994 4473 2318 4542 diseautque
2349 4474 2492 4540 quod
2522 4482 2576 4525 ct
2619 4473 2733 4542 ipse
2776 4488 2900 4526 vere
2939 4474 3101 4527 homo
3135 4476 3240 4538 sit,
3283 4486 3332 4530 et
3369 4489 3600 4530 intereat

285 4573 412 4621 τοὺς
437 4570 532 4620 καὶ
557 4570 654 4636 τῆς
678 4568 838 4636 δόξης
863 4566 1028 4619 αὑτοῦ
1065 4569 1122 4617 ὲν
1158 4582 1186 4616 τ
1206 4567 1233 4632 ξ’)
1270 4564 1468 4633 Θαδὼρ
1493 4563 1693 4624 θεατὰς
1735 4580 1886 4630 γενο-

1997 4575 2048 4618 et
2083 4578 2314 4634 angatur
2360 4567 2502 4617 sicut
2533 4579 2652 4618 nos.
2700 4563 2834 4616 Nam
2869 4575 2921 4617 et
2967 4565 3058 4634 qui
3112 4575 3282 4618 tozum
3320 4567 3597 4620 hominem

291 4662 510 4731 μένους,
548 4663 632 4714 ἵνα
659 4663 708 4714 οἱ
744 4662 942 4722 ἰδόντες
984 4660 1052 4712 τὰ
1093 4659 1301 4722 ἔνδοξα,
1341 4662 1493 4710 ἴδωσι
1535 4657 1630 4710 καὶ
1659 4657 1725 4708 τὰ
1757 4672 1888 4706 σκυο

289 4756 508 4826 θρωπὰ,
548 4756 644 4806 καὶ
692 4754 960 4817 μάθωσιν,
988 4753 1070 4804 ῖῖτι
1105 4755 1201 4803 καὶ
1235 4751 1397 4811 αὐτὸς
1425 4749 1640 4818 ἀληθῶς
1677 4748 1888 4816 ἄνθρω-

288 4866 391 4911 πος
446 4845 534 4920 ἦν,
582 4851 678 4901 καὶ
731 4848 982 4898 λυπεῖται
1043 4847 1138 4897 καὶ
1189 4844 1454 4913 ἀδημονεῖ
1487 4842 1684 4912 ἐπίσης
1733 4843 1883 4912 ἡμῖν,

301 4941 455 4993 Ἐπεὶ
503 4942 611 5010 γὰρ
651 4941 772 4992 ὅλον
817 4940 914 4990 τὸν
958 4937 1249 5007 ἄνθρωπον
1280 4936 1579 4988 ἁνελὰϐετο
1611 4935 1749 5003 μετᾶ
1781 4934 1888 4987 τῶν

293 5031 543 5100 φυσικῶν
580 5034 910 5100 ἰδιωμάτων,
970 5030 1191 5092 πάντως
1247 5029 1340 5079 καὶ
1385 5029 1762 5098 λυπηθήσεται
1796 5027 1890 5079 καὶ⁹

288 5127 622 5193 ἀδημοιιήτει
656 5123 921 5190 φυσικῶς.
959 5124 1022 5174 Oi
1073 5124 1179 5188 γὰρ
1212 5122 1515 5191 ἄνθρωποι,
1561 5123 1720 5190 φύσει
1753 5123 1888 5190 πρὸς

289 5221 380 5271 τὶν
415 5219 642 5271 θάνατον
682 5218 860 5287 ἀηδῶς
903 5215 1253 5284 διακεὲμεθα.
1287 5215 1378 5284 Tt?)
1431 5217 1530 5284 μὲν
1563 5212 1656 5268 οὖν
1684 5217 1884 5278 εἰπεῖν,

290 5312 622 5382 Παρελθέτω
675 5311 734 5363 τὸ
783 5312 1064 5380 ποτήριον,
1097 5310 1266 5373 ἔδειξε
1314 5311 1374 5362 τὸ
1417 5311 1784 5379 ἂνπρὼπινον·
1812 5311 1890 5378 τῷ

286 5406 344 5460 δὲ
376 5407 574 5458 εἰπεῖν.
597 5406 711 5473 Οὐχ
731 5405 758 5457 ὃ
785 5404 892 5470 ἐγὼ
925 5405 1086 5467 θέλω,
1127 5405 1240 5455 ἀλλ’
1271 5404 1298 5455 ὃ
1328 5407 1415 5467 σὺ,
1445 5403 1688 5456 διδάσκει
1719 5406 1887 5474 ἡμᾶς,

285 5503 377 5555 τια
433 5504 528 5555 καὶ
565 5503 662 5571 τῆς
706 5503 923 5570 φύσεως
967 5501 1298 5570 βιαζομένης
1332 5502 1793 5573 ὑπερφρονῶμεν,
1828 5503 1889 5554 τὸ

286 5594 522 5664 ἀρεστὸν
549 5595 626 5663 τῷ
650 5595 768 5665 Θεῴ
799 5595 1138 5664 αἰτούμενοι.
1188 5595 1274 5654 'L',‘
1307 5595 1364 5648 δὲ
1410 5597 1549 5665 μετὰ
1589 5597 1691 5665 τὴν
1720 5597 1889 5665 εὐχὴν

285 5684 498 5751 ἐλθὼν,
537 5683 663 5758 εὗρε
704 5691 831 5751 τοὺς
877 5691 1030 5757 τρεῖς
1076 5687 1468 5752 καθεύδοντας,
1523 5690 1760 5759 ἐπιτιμᾷ
1811 5688 1890 5757 τῷ

287 5779 486 5848 ίὲἒὲτρῳ
523 5782 688 5849 μόνῳ,
729 5783 1017 5850 μονονουχὶ
1049 5781 1277 5834 τοιαῦτα.
1322 5781 1498 5848 λέγων
1535 5781 1673 5850 πρὸς
1699 5781 1886 5833 αὐτόν’

285 5873 359 5922 (νύ
398 5889 422 5922 :
515 5869 556 5923 εἴ
606 5901 631 5922 υ
670 5874 1043 5940 ἰρττοσλκμενος
1079 5876 1173 5926 σὺν
1220 5876 1342 5942 ἐμοὶ
1373 5875 1707 5939 anc/inab;
1741 5874 1888 5928 Μίαν

1996 4673 2119 4711 cum
2165 4659 2511 4712 naturalibus
2554 4658 2964 4712 conditionibus
2997 4668 3259 4727 suscepit,
3291 4662 3518 4715 omnino
3547 4675 3602 4716 ct

1997 4748 2275 4801 tristitiam
2307 4760 2357 4803 et
2391 4765 2650 4819 angorem
2697 4753 2998 4805 naturalem
3028 4752 3241 4808 lialmit.
3274 4751 3480 4808 Omnes
3503 4770 3602 4808 au-

1998 4853 2102 4895 tem
2148 4852 2341 4895 natura
2382 4843 2694 4899 iusuaviter
2732 4860 2864 4916 erga
2907 4856 3137 4900 mortem
3167 4845 3348 4901 aﬂ‘ecli
3387 4863 3601 4905 sumus.

1994 4933 2264 4988 Castorum
2299 4934 2531 4989 dicendo
2561 4952 2574 4989 :
2607 4935 2874 4990 Transeal
2916 4939 3080 5001 calix,
3127 4941 3458 4994 monstravit
3499 4944 3591 4996 bu-

1998 5027 2340 5079 manitalem.
2373 5024 2613 5081 Diccndo
2641 5038 2819 5080 autem
2849 5046 2860 5081 :
2894 5028 3007 5082 Non
3031 5031 3177 5099 quod
3208 5047 3307 5099 ego
3339 5032 3480 5098 volo,
3507 5035 3600 5086 sed

1995 5121 2139 5189 quod
2176 5133 2256 5183 ιιι,
2292 5122 2448 5174 docet
2493 5137 2589 5176 nos
2615 5132 2671 5175 ιιι
2708 5122 3053 5177 invadenteut
3090 5141 3152 5179 ac
3190 5136 3472 5192 urgentem
3513 5145 3604 5180 tia-

1999 5225 2174 5268 turatn
2203 5225 2645 5281 contemnamus,
2668 5219 2808 5284 quod
2839 5217 2946 5270 Deo
2972 5231 3188 5285 gratum
3220 5228 3302 5272 est
3329 5229 3602 5286 petentes.

1996 5311 2291 5378 POSIquum
2319 5319 2502 5363 autem
2538 5321 2655 5379 post
2683 5326 2872 5381 preces
2897 5313 3066 5377 venit,
3096 5313 3300 5366 invenit
3332 5323 3442 5366 tres
3469 5313 3603 5368 dor-

1998 5406 2250 5470 mientes,
2284 5415 2332 5459 ct
2363 5407 2668 5475 increpavit
2701 5406 2920 5460 Petrum
2955 5406 3155 5469 solum,
3182 5409 3336 5476 quasi
3375 5407 3502 5462 talia
3533 5408 3601 5461 ad

1999 5500 2174 5568 ipsum
2226 5501 2454 5552 dicens:
2497 5499 2650 5553 Tune
2693 5499 2782 5554 ille
2823 5515 2923 5562 es,
2971 5502 3061 5570 qui
3111 5501 3387 5572 pollicitus
3443 5517 3504 5555 es
3551 5512 3602 5554 te

1999 5593 2130 5644 milii
2183 5592 2681 5646 coutinoriturum?
2736 5592 2913 5649 Unam
2973 5597 3161 5648 boratu
3217 5609 3322 5649 non
3380 5594 3604 5662 potuisti

1996 5685 2250 5754 νίῧηιιτεν
2280 5686 2556 5753 quomodo
2590 5695 2822 5740 mortem
2853 5685 3214 5741 contemttes?
3244 5685 3348 5740 Sed
3383 5685 3608 5754 vigilate

1997 5789 2050 5836 cl
2079 5789 2257 5842 orate,
2295 5791 2353 5831 ut
2405 5795 2471 5833 ne
2518 5781 2751 5834 veniatis
2791 5780 2844 5834 in
2885 5782 3246 5836 teutationent
3296 5778 3604 5850 abnegandi

2002 5891 2105 5929 Inc.
2143 5874 2382 5942 Spiritus
2415 5876 2633 5943 quidem
2659 5886 2946 5944 promptus
2973 5889 3078 5944 est,
3108 5888 3164 5932 ut
3193 5892 3278 5933 me
3311 5893 3416 5931 non
3444 5875 3606 5930 abne-
