4272 6438
743 393 846 456 659

1656 393 2234 455 TII-EOPIIYLACTI
2270 391 2679 455 BULGARIJ!
2716 390 3074 452 ARCHIEP.

3896 380 4005 445 660

743 506 940 561 falsum
981 507 1348 562 testiinonium
1403 505 1643 561 ferebant
1686 505 1947 560 adversus
1996 504 2179 569 illum,
2228 502 2309 557 di-
2340 508 2373 565 Α

2415 502 2497 557 ὅτι
2531 500 2597 556 Ἥ
2603 503 2723 571 μείς
2744 500 3056 569 ἠκούσαμεν
3079 494 3246 550 αὑτοῦ
3275 494 3546 562 λέγοντος,
3565 494 3648 547 ὅτι
3663 488 3812 561 Ἐγὼ
3832 506 4006 545 κατα-

740 609 927 652 centes
962 616 976 652 :
1007 598 1114 652 Nos
1140 591 1442 652 audivimus
1465 613 1591 652 eum
1623 598 1891 652 dicentem
1921 616 1932 651 :
1967 594 2078 667 Ego
2107 595 2314 650 diruatn

743 693 998 759 templum
1035 690 1155 753 hoc,
1190 689 1331 758 quod
1366 697 1449 743 est
1483 690 1729 744 manibus
1762 688 1987 752 factum,
2048 699 2103 741 et
2143 688 2316 740 tribus

742 786 929 839 diebus
960 782 1102 835 aliud
1142 784 1259 835 sine
1294 781 1548 836 manibus
1581 780 1780 834 factum
1814 788 2112 833 exstruam.
2157 776 2219 830 Et
2251 790 2317 829 ne

740 877 819 928 sic
846 873 1063 942 qmdem
1097 873 1230 927 satis
1254 872 1504 928 idoneum
1533 882 1651 924 erat
1676 871 2041 924 testimonium
2078 869 2311 922 illorum.

740 966 803 1019 Et
837 981 1066 1033 surgens
1097 980 1338 1019 summus
1372 966 1627 1019 sacerdos
1656 964 1707 1017 in
1750 965 1984 1017 medium
2015 963 2313 1028 interroga-

742 1058 830 1110 hat
858 1056 1065 1117 Jrsum,
1095 1057 1278 1110 dicens
1305 1076 1318 1110 :
1352 1056 1469 1111 Non
1500 1058 1796 1127 respondes
1825 1055 2158 1122 quidquam?
2187 1055 2313 1124 quid

742 1152 828 1202 isti
857 1152 1139 1202 adversum
1180 1159 1228 1202 te
1259 1148 1449 1203 dicunt
1482 1149 1828 1204 testimonia?
1856 1150 1920 1201 At
1956 1148 2043 1200 ille
2079 1148 2308 1209 tacebat,

741 1254 913 1306 neque
939 1241 1227 1307 quidquam
1253 1241 1631 1307 respondebat.
1664 1258 1682 1290 ι
1713 1238 1905 1292 Judicii
1936 1238 2163 1291 formam
2193 1252 2311 1289 ser-

740 1341 866 1384 vant
890 1332 963 1383 illi
990 1333 1086 1396 ipsi
1111 1332 1554 1384 condemnatione
1578 1330 1743 1399 digni,
1771 1340 1828 1382 ttt
1852 1330 2136 1383 videantur
2160 1329 2306 1381 illum

738 1440 860 1475 cum
888 1425 1102 1488 {judicio
1140 1424 1405 1477 occidere.
1440 1422 1720 1488 Quomodo
1750 1423 1890 1475 enim
1917 1422 2180 1486 judicium
2220 1422 2308 1489 ju-

739 1528 900 1579 stum,
930 1532 1050 1568 cum
1094 1516 1226 1568 tales
1260 1516 1455 1569 adsum
1487 1524 1673 1575 testes.
1709 1515 1836 1568 nihil
1878 1516 2030 1576 sani,
2063 1514 2157 1567 sed
2193 1489 2308 1565 tut?-

739 1607 859 1660 bata
905 1617 957 1658 et
997 1608 1277 1673 inmqualia
1317 1608 1559 1661 dicentes
1600 1606 1824 1660 omnia?
1859 1606 1920 1659 Et
1965 1607 2062 1674 ipsi
2095 1622 2311 1675 quoque

738 1696 829 1759 qui
860 1697 955 1750 visi
990 1708 1114 1750 sunt
1141 1700 1323 1753 dicere
1354 1698 1635 1765 quiddam,
1671 1700 2000 1753 mendaciter
2030 1699 2305 1759 dixerunt.

740 1785 856 1840 Non
892 1788 1027 1840 dixit
1056 1791 1196 1841 enitn
1222 1829 1235 1853 ,
1276 1789 1384 1858 Ego
1410 1790 1688 1845 deStruatu
1721 1791 1975 1858 templum
2010 1792 2109 1843 hoc
2140 1808 2152 1843 :
2190 1792 2305 1852 sed,

741 1878 947 1933 Solvite
977 1900 989 1934 :
1020 1892 1073 1933 et
1101 1897 1204 1935 non
1234 1883 1390 1945 dixit,
1411 1884 1774 1937 manufactum
1805 1901 1817 1937 :
1850 1884 1940 1937 sed
1966 1883 2307 1947 simpliciter,

742 1968 1021 2034 templum.
1043 1970 1284 2025 Pontifex
1304 1982 1481 2026 autem
1502 1973 1693 2043 surgit.
1713 1982 1765 2026 ct
1791 1974 2077 2043 interrogat
2101 1970 2307 2035 Jesum,

2418 593 2567 648 λύσω
2602 592 2697 646 τὸν
2747 610 2875 645 ναον
2907 590 3095 643 τοῦτον
3153 587 3245 640 τὸν
3296 583 3709 655 χειροποίητον·
3753 584 3851 636 καὶ
3911 582 4003 636 διὰ

2417 683 2586 753 τριῶν
2610 680 2835 753 ἡμερῶν
2860 680 3017 735 ἀλλον
3045 676 3463 749 ἀχειροποίητον
3492 675 3860 742 οίκοδομήσω.
3888 673 4004 726 Kal

2416 775 2536 829 οὐδὲ
2569 774 2742 837 οὕτως
2793 773 2882 842 ἴση
2911 775 2943 839 ή
2985 769 3263 842 μαρτυρία
3296 768 3495 824 αὐτῶν.
3528 767 3643 821 Καὶ
3699 766 3944 825 ἀναστὰς
3973 767 4004 818 ὁ

2416 868 2705 938 ἀρχιερεὺς
2734 868 2814 929 είς
2842 866 3026 934 μέσον,
3057 862 3384 931 ἐπηρώτησε
3408 860 3499 913 τὸν
3535 858 3770 929 Ἰησοῦν,
3802 858 4002 924 λέγων·

2420 962 2533 1014 Οὐκ
2566 959 2841 1028 ἀποκρίνῃ
2868 956 3019 1009 οὐδέν
3049 974 3064 1020 ;
3093 955 3158 1006 Τί
3185 948 3331 1007 οὗτοί
3385 969 3478 1005 σου
3531 948 4002 1021 καταμαρτυροῦ-

2418 1070 2537 1116 σιν;
2579 1052 2638 1104 '0
2664 1052 2720 1103 δὲ
2745 1047 2953 1102 ἐσιώπα
3016 1047 3110 1099 καὶ
3168 1045 3323 1097 οὐδὲν
3373 1043 3763 1112 ἀπεκρίνατο.»
3801 1041 4002 1111 Σχῆμα

2414 1144 2575 1211 δῆθεν
2614 1142 2900 1213 κριτηρίου
2929 1140 2977 1191 oi
3036 1136 3491 1201 αὑτοκατάκριτοι
3522 1134 3873 1197 πλάττονται,
3916 1132 4007 1197 ίνᾳ

2414 1236 2606 1300 δόξωσι
2641 1234 2779 1302 μετὰ
2812 1233 3047 1302 κρίσεως
3075 1231 3237 1283 αὑτὸν
3269 1227 3500 1283 ἀνελεῖν.
3539 1224 3648 1278 [leti
3681 1225 3792 1292 γὰρ
3840 1223 4006 1294 ὀρθὸν

2416 1335 2741 1403 κριτήριον,
2798 1330 2933 1381 ὅπου
2996 1327 3275 1395 μάρτυρες
3336 1317 3569 1373 τοιοῦτοι
3627 1316 4002 1387 παράγονται,

2412 1427 2564 1479 οὐδὲν
2589 1425 2737 1490 ὑγιὲς
2762 1422 3034 1489 λέγοντες,
3076 1418 3211 1472 ἀλλὰ
3243 1416 3423 1469 πάντα
3458 1409 3847 1479 τεταραγμένα
3907 1406 4008 1460 καὶ

2413 1522 2608 1581 ἄνισας
2636 1520 2750 1571 Kal
2780 1516 2934 1570 αὐτοὶ
2966 1515 3022 1568 δὲ
3052 1516 3099 1567 οἱ
3121 1513 3372 1577 δόξαντές
3392 1530 3443 1565 τι
3472 1512 3675 1579 λέγειν,
3709 1513 3878 1584 ψευδῆ
3926 1512 4007 1567 εῐο

2414 1632 2533 1666 πον.
2582 1612 2638 1664 '0
2662 1611 2771 1679 γὰρ
2806 1609 3008 1679 Κύριος
3034 1609 3132 1660 οὐκ
3174 1603 3295 1660 εἷπε
3320 1648 3334 1669 ,
3387 1606 3695 1661 Καταλύσω
3736 1606 3848 1675 ἐγὼ
3904 1608 4001 1659 τδν

2412 1705 2751 1767 ναὸν,”ἀλλὰ,
2782 1704 3016 1757 Λύσατε.
3063 1702 3172 1753 Καὶ
3212 1701 3353 1761 οὐδὲ,
3386 1700 3790 1770 χειροποίητον,
3820 1696 4005 1762 εἶπεν,

2413 1803 2529 1854 ἀλλ’
2559 1802 2762 1864 ἁπλῶς,
2793 1802 2938 1853 ναόν.
2958 1800 3016 1852 Ὀ
3035 1800 3088 1851 δὲ
3118 1798 3409 1867 ἀρχιερεὺς
3438 1798 3673 1859 ἀναστὰς
3703 1798 3885 1867 ἐρωτᾷ
3911 1796 4008 1850 τὸν

2414 1894 2647 1963 Ἰησοῦν,
2700 1894 3019 1961 βουλόμενος
3052 1895 3130 1944 είς
3170 1890 3467 1955 ἀπολογίαν
3522 1892 3683 1943 αὐτὸν
3746 1890 4003 1951 ἑλκύσαι,

2411 1986 2498 2038 ἵνα
2533 1988 2595 2037 ὲκ
2618 1987 2716 2054 τῆς
2755 1983 3050 2049 ἀπολογίας
3078 1983 3339 2051 δράξηται
3368 1981 3555 2035 αὑτοῦ.
3596 1982 3657 2035 '0
3690 1983 3741 2034 δὲ
3794 1982 4001 2049 σιωπᾷ,

737 2062 926 2116 volens
968 2066 1138 2133 ipsum
1193 2066 1257 2119 ad
1304 2066 1668 2120 defensionem
1715 2068 1962 2130 trahere,
2008 2078 2065 2119 ut
2109 2066 2191 2120 vel
2242 2082 2306 2120 ex

2411 2076 2693 2144 γινώσκων
2762 2076 2841 2127 ὅτι
2891 2076 2951 2128 ού
3002 2076 3324 2143 προσέξουσι
3384 2078 3496 2137 τοῖς
3559 2073 3725 2128 αὐτοῦ
3772 2074 4003 2141 λόγοις⁸

738 2154 1051 2208 defensioue
1089 2165 1142 2211 et
1180 2171 1438 2222 responso
1488 2158 1661 2228 ipsum
1697 2158 2199 2224 comprehenderet.
2242 2159 2311 2211 At

2408 2170 2437 2222 ὃ
2491 2168 2585 2223 καὶ
2634 2172 2660 2222 ὁ
2708 2171 2922 2231 Λουκᾶς
2962 2169 3108 2235 λέγει
3137 2210 3149 2227 ,
3187 2170 3270 2221 ὅτι
3302 2169 3655 2238 ἐρωτώμενος
3706 2170 3733 2221 ὁ
3770 2168 4003 2236 Κύριος,

736 2241 890 2295 ιιι-ειιε
924 2254 1062 2297 tacet
1085 2285 1098 2307 ,
1134 2245 1315 2301 sciens
1344 2245 1463 2300 illos
1496 2262 1598 2301 non
1630 2256 1935 2301 attentnros
1978 2247 2063 2303 bis
2091 2260 2212 2318 qua:
2241 2247 2308 2301 ab

2411 2253 2563 2311 εἶπεν
2590 2276 2602 2289 ·
2645 2259 2771 2313 Ἐὰν
2823 2260 2963 2313 εῐπω
3000 2260 3149 2327 ὑμῖν.
3179 2259 3239 2312 ού
3279 2258 3352 2328 μὴ
3402 2258 3767 2326 πιστεύσητε·
3799 2257 3898 2311 ἐὰν
3941 2257 4006 2311 δὲ

737 2338 855 2406 ipso
896 2340 1235 2402 dicerentur,
1278 2342 1327 2393 id
1365 2343 1507 2411 quod
1538 2354 1588 2397 et
1621 2343 1791 2401 Lucas
1818 2346 1971 2408 dicit.
2024 2346 2150 2415 quia
2183 2364 2305 2404 cum

744 2532 1105 2596 spontlt‘ltilis.

813 2625 975 2681 Vens.
1019 2628 1203 2685 (il-65.
1245 2649 1263 2684 ι
1300 2632 1530 2688 Rursum
1560 2650 1802 2691 summus
1848 2639 2105 2693 sacerdos
2138 2640 2307 2695 inter-

740 2722 946 2783 rogavit
986 2722 1199 2789 ipsum,
1251 2737 1305 2779 et
1356 2727 1485 2781 dicit
1524 2729 1642 2783 illi:
1676 2727 1754 2783 Tu
1798 2744 1857 2785 es
1917 2729 2004 2783 ille
2056 2728 2305 2785 Christus

738 2810 908 2865 Filius
938 2811 1030 2867 Dei
1070 2816 1376 2871 benedicti?
1404 2817 1561 2873 .Iesus
1587 2828 1765 2874 autem
1797 2821 1935 2876 dixit
1966 2840 1977 2875 :
2020 2820 2132 2891 Ego
2163 2838 2303 2886 sum,

733 2915 787 2959 et
824 2906 1074 2962 videbitis
1107 2907 1298 2963 Filium
1329 2910 1565 2967 hominis
1594 2913 1872 2968 sedentem
1903 2930 1931 2969 a
1966 2915 2170 2970 dextris
2198 2918 2305 2970 vir-

736 2999 887 3060 tntis.
915 3009 968 3053 et
1002 3002 1299 3055 venientem
1336 3004 1385 3056 in
1412 3006 1641 3060 nubibus
1661 3007 1804 3061 caeli.
1834 3006 2089 3061 Summus
2122 3019 2299 3061 autem

733 3088 992 3143 sacerdos
1030 3090 1339 3146 dilaceratis
1376 3094 1616 3148 vestibus
1643 3096 1757 3149 suis
1790 3096 1924 3151 dixit
1952 3116 1963 3151 :
1997 3096 2134 3162 Quid
2164 3112 2303 3166 prae-

732 3187 879 3231 terea
902 3194 1038 3249 opus
1061 3181 1318 3235 habemus
1343 3185 1602 3237 testibus?
1626 3186 1863 3240 Audistis
1887 3189 2300 3256 blasphemiam,

2420 2354 2703 2423 ἐρωτήσω,
2741 2355 2804 2407 οὐ
2842 2354 2916 2424 μὴ
2944 2355 3302 2424 ἀποκριθῆτε.

644 2442 650 2455 '
740 2439 1167 2498 ittlcrrosaretur
1220 2438 1381 2512 254
1432 2441 1726 2507 Dominus,
1775 2444 1907 2497 dixit
1946 2464 1957 2498 :
2004 2444 2060 2498 Si
2111 2443 2304 2499 dixero
2356 2447 2536 2512 vobis,
2588 2463 2691 2501 non
2730 2449 3004 2504 credetis:
3040 2450 3122 2503 sin
3187 2450 3593 2517 interrogavere
3621 2461 3739 2510 vos,
3772 2462 3879 2500 non
3913 2459 4003 2499 rc-

2484 2639 2685 2694 (Πάλιν
2728 2641 2756 2690 ὁ
2811 2638 3106 2707 ἀρχιερεὺς
3153 2638 3413 2707 ἐπηρώτα
3466 2638 3647 2701 αὐτὸν,
3697 2638 3790 2691 καὶ
3846 2635 4002 2700 λέγει

2406 2732 2554 2799 αὐτῷ
2574 2748 2585 2759 ·
2613 2732 2683 2783 Σὺ
2709 2726 2757 2781 εἶ
2788 2733 2813 2782 ὁ
2850 2729 3084 2798 Χριστὸς
3115 2730 3142 2781 ὁ
3174 2729 3302 2791 Υἱὸς
3336 2729 3429 2781 τοῦ
3456 2728 3788 2797 εύλογητοῦ;
3836 2728 3900 2783 '0
3940 2729 4005 2783 δὲ

2420 2822 2592 2892 Ἰησοῦ
2638 2818 2826 2875 εἶπεν·
2859 2821 3003 2890 Ἐγώ
3033 2824 3170 2884 εἰμι,
3211 2822 3303 2876 xal
3342 2821 3539 2891 ὄψεσθε
3570 2822 3663 2875 τὸν
3722 2821 3851 2875 Υίδν
3902 2821 4003 2875 τοῦ

2407 2914 2699 2981 ἀνθρώπου
2732 2916 2795 2966 ἐκ
2845 2912 3037 2976 δεξιῶν
3067 2914 3382 2982 καθήμενον
3435 2914 3536 2982 τ’ἦς
3564 2913 3874 2979 δυνάμεως,
3905 2915 4007 2966 καὶ

2406 3006 2699 3075 ἐρχόμενον
2726 3005 2864 3073 μετά
2880 3006 2988 3059 τῶν
3008 3006 3249 3073 νεφελῶν
3287 3006 3380 3059 τοῦ
3406 3006 3657 3075 ούρανοῦ.
3692 3006 3753 3059 Ὀ
3781 3006 3837 3059 δὲ
3898 3009 4005 3074 ἀρ-

2405 3097 2642 3167 χιερεὺς,
2670 3096 2970 3165 διαρρήξας
3020 3097 3146 3157 τοὺς
3178 3096 3412 3164 χιτῶνας
3471 3096 3663 3161 αὑτοῦ,
3700 3096 3847 3164 λέγει
3880 3114 3890 3125 ·
3929 3097 4005 3149 Τί

2407 3189 2486 3243 ἔτι
2521 3192 2710 3260 χρείαν
2742 3190 2940 3258 ἔχομεν
2998 3188 3293 3258 μαρτύρων
3322 3206 3334 3251 ;
3384 3189 3687 3243 Ἠκούσατε
3712 3192 3810 3260 τῆς
3842 3188 4009 3257 βλασ-

731 3270 861 3332 quid
888 3272 1039 3327 vobis
1068 3274 1311 3327 videtur?
1332 3274 1408 3327 llll
1441 3292 1565 3330 vero
1587 3292 1776 3332 omnes
1811 3283 2306 3335 condemnas-erunt
2334 3282 2373 3339 C

2414 3282 2647 3351 φημίας,
2698 3282 2751 3333 τί
2797 3281 2929 3348 ὑμῖν
2976 3281 3261 3348 φαίνεταις
3296 3280 3358 3332 Ol
3390 3279 3443 3332 δὲ
3488 3282 3690 3343 πάντες
3747 3280 4001 3349 κατέκρτε

728 3374 851 3413 eum
896 3376 1017 3415 eSse
1060 3379 1205 3416 reutn
1250 3367 1456 3419 mortis.
1506 3367 1569 3421 Et
1601 3379 1878 3435 cmpernnt
1928 3370 2147 3439 quidam
2180 3387 2311 3425 eon—

730 3469 924 3519 spuere
954 3456 1005 3509 in
1038 3471 1179 3519 eum,
1213 3468 1267 3511 et
1292 3458 1541 3513 obvelare
1567 3460 1756 3514 faciem
1789 3461 1951 3525 illius,
1982 3472 2037 3517 et
2068 3458 2309 3530 colaphis

730 3560 852 3597 eum
874 3547 1082 3601 medere
1113 3560 1163 3601 et
1193 3549 1372 3603 dicere
1395 3552 1490 3613 illi,
1524 3553 1704 3605 Divina
1735 3570 1750 3619 ;
1780 3570 1840 3607 ac
1867 3574 1894 3605 ιι
1921 3556 2098 3611 inistri
2123 3557 2309 3624 alapas

733 3637 808 3691 illi
833 3638 1220 3707 impingebant.
1238 3640 1436 3712 iBogat
1456 3645 1631 3699 denuo
1656 3646 1914 3715 pontifex,
1933 3663 2036 3703 non
2064 3659 2117 3703 ut
2138 3651 2307 3705 discat

727 3740 783 3785 t-t
821 3734 1008 3795 credat
1042 3752 1053 3787 :
1102 3735 1195 3788 sed
1229 3746 1281 3787 ut
1327 3749 1505 3803 captet
1550 3749 1736 3792 contra
1780 3755 1901 3793 eum
1942 3744 2302 3797 occasionem.

727 3825 927 3893 Adjicit
960 3835 1136 3879 autem
1166 3829 1232 3882 ad
1264 3830 1437 3883 istud:
1469 3831 1548 3885 Tu
1580 3847 1637 3885 es
1673 3833 1944 3897 Christus,
1980 3838 2141 3889 etiam
2182 3840 2303 3903 hoe,

726 3914 896 3969 Filius
942 3915 1035 3970 Del
1083 3918 1372 3973 benedicti.
1429 3920 1577 3974 Multi
1626 3922 1767 3975 enim
1827 3924 2043 3978 fuerunt
2091 3927 2299 3993 chi-isti,

726 4022 885 4076 reges
916 4009 1133 4077 inquam
1178 4023 1231 4065 et
1263 4013 1579 4082 pontifices,
1627 4016 1722 4069 sed
1755 4017 1934 4071 nullus
1979 4020 2166 4071 hortnn
2204 4019 2304 4075 fuit

724 4098 894 4155 Filius
920 4099 1046 4166 Dei,
1082 4102 1178 4170 qui
1207 4114 1287 4158 est
1320 4119 1534 4175 semper
1565 4108 1964 4164 henedicendns
1995 4121 2050 4165 et
2081 4111 2304 4167 laudan-

725 4194 845 4249 dus.
889 4191 1049 4249 Jesus
1088 4196 1263 4251 dixit:
1316 4195 1426 4268 Ego
1458 4215 1597 4253 sum.
1642 4199 1857 4255 Sciebat
1905 4204 2118 4272 quidem
2159 4204 2301 4273 quod

724 4301 832 4340 non
864 4289 1125 4342 credituri
1154 4299 1357 4354 essent,
1386 4301 1623 4346 attamen
1658 4296 1936 4363 respondit
1966 4309 2209 4361 coactus,
2245 4309 2300 4353 ut

724 4394 793 4433 ne
825 4378 1056 4432 habeant
1083 4390 1268 4448 postea
1298 4383 1438 4451 quod
1468 4384 1689 4439 dicant:
1723 4384 1777 4439 Si
1812 4390 2095 4443 manifeste
2125 4389 2297 4455 ipsum

720 4469 1118 4526 audivissemtts
1170 4472 1271 4527 hoc
1306 4474 1544 4540 dixisse,
1589 4478 2037 4545 credidisscmus;
2086 4492 2137 4534 et
2171 4498 2300 4550 pro-

718 4572 902 4628 pterea
931 4564 1313 4629 condemnatio
1340 4581 1526 4621 eorum
1551 4569 1722 4637 maior
1756 4570 1879 4637 fuit,
1903 4574 2029 4641 quia
2066 4585 2118 4628 et
2152 4575 2296 4631 hunc

719 4667 842 4704 cum
887 4653 1251 4720 audiverunt,
1310 4671 1414 4710 non
1474 4633 1874 4717 crediderunt;
1904 4633 1967 4717 Ιέίι
2022 4664 2296 4733 videbitis,
2330 4633 2373 4689 θ

722 4744 918 4812 inquit,
947 4760 1032 4800 me
1059 4758 1115 4801 ut
1141 4747 1335 4803 Filium
1364 4752 1597 4806 hominis
1632 4755 1906 4809 sedentem
1932 4758 1997 4811 ad
2021 4760 2299 4816 dexteram

720 4836 958 4901 virtutis,
994 4855 1186 4909 nempe
1218 4844 1431 4898 Patris:
1463 4846 1713 4901 virtutem
1749 4848 1919 4913 enim,
1953 4848 2166 4905 Patrem
2198 4854 2301 4909 boc

719 4928 839 4984 loco
874 4932 1025 4986 dicit.
1058 4932 1171 4989 Non
1204 4936 1349 4991 enim
1388 4938 1505 4993 sine
1536 4955 1764 5009 corpore
1801 4945 2015 5006 veniet,
2052 4948 2144 4999 sed
2183 4947 2301 5002 talis

719 5025 809 5090 qui
847 5026 1015 5079 viderl
1054 5030 1224 5095 possit
1260 5039 1313 5084 et
1348 5032 1568 5100 agnosci
1609 5035 1679 5088 ab
1715 5036 1799 5091 his
1825 5037 1915 5105 qui
1958 5052 2079 5092 eum
2116 5041 2298 5094 cruei-

722 5115 980 5173 leerunt.
1024 5118 1216 5189 Itaque
1254 5123 1491 5190 pontifex
1526 5140 1729 5181 morem
1770 5124 2079 5184 Judatorutn
2111 5131 2301 5185 ohser-

722 5218 834 5265 vat.
869 5209 1097 5276 Quando
1122 5214 1266 5267 enim
1301 5230 1464 5284 grave
1493 5227 1548 5272 et
1586 5228 1739 5273 atrox
1772 5222 2049 5291 quippiam
2087 5226 2303 5278 evenie-

719 5301 807 5355 bat
852 5304 956 5365 eis,
994 5303 1369 5359 dilacerabant
1407 5314 1636 5365 tunicas.
1669 5310 1744 5365 Ita
1777 5324 1830 5367 et
1866 5317 1967 5369 hoc
1999 5317 2120 5371 loco
2148 5319 2303 5386 quasi

716 5391 1149 5462 blasphetnasset
1174 5394 1454 5465 Dominus,
1477 5411 1528 5454 et
1552 5402 1865 5461 malefactor
1889 5424 2113 5479 magnus
2135 5421 2300 5476 esset,

2410 3391 2508 3427 ναν
2538 3373 2701 3426 αὑτὸν
2731 3368 2868 3424 εἶναι
2900 3371 3083 3440 ἔνοχον
3106 3371 3340 3424 θανάτου
3376 3386 3389 3400 ·
3426 3370 3522 3423 καὶ
3560 3371 3797 3441 ῆρξαντό
3850 3390 4007 3437 τινες

2410 3466 2681 3535 ἐμπτύειν
2741 3464 2913 3534 αὐτῷ,
2976 3464 3069 3518 καὶ
3121 3464 3550 3533 περικαλύπτειν
3583 3465 3644 3515 τὸ
3696 3464 4000 3534 πρόσωπον

2409 3559 2601 3617 αὐτοῦ.
2632 3560 2727 3613 καὶ
2758 3557 3073 3625 κολαφίζειν
3095 3558 3278 3619 αὐτὸν,
3309 3558 3401 3609 καὶ
3433 3557 3614 3624 λέγειν
3642 3558 3815 3627 αὐτῷ,
3857 3558 4008 3627 Προ-

2408 3653 2697 3723 φήτευσον·
2742 3654 2836 3706 καὶ
2862 3652 2912 3705 οί
2944 3652 3214 3721 ὑπηρέται
3265 3650 3612 3721 ῥαπίσμασιν
3646 3652 3809 3705 αὐτὸν
3832 3652 4007 3706 ἔϐα).-

2406 3746 2515 3799 λον.
2549 3765 2566 3797 ι
2614 3746 2827 3815 Ἐρωτᾷ
2885 3744 3047 3798 πάλιν
3104 3746 3131 3797 ὁ
3180 3743 3487 3814 ἀρχιερεὺς,
3544 3744 3642 3815 οὐχ
3686 3744 3772 3797 ἵνα
3808 3743 4007 3814 μαθὼν

2414 3838 2705 3905 πιστεύσῃ,
2739 3836 2856 3890 ἀλλ’
2891 3837 2976 3889 ἵνα
3007 3836 3270 3907 δράξηταί
3302 3853 3446 3901 τινος
3484 3836 3738 3908 ἀφορμῆς
3770 3852 3785 3867 ·
3824 3853 4006 3907 προσ-

2406 3931 2584 3999 τίθησι
2630 3930 2686 3983 δὲ
2742 3930 2855 4001 τῷ,
2905 3932 2976 3983 Σὺ
3018 3926 3069 3983 εί
3110 3932 3138 3983 δ
3188 3930 3443 3999 Χριστὸς,
3501 3930 3583 3995 τὸ,
3639 3932 3668 3984 ὁ
3722 3929 3847 3993 Υίδς
3901 3930 4005 3984 τοῦ

2405 4023 2722 4094 εὐλογητοῦ.
2778 4024 2970 4079 Πολλοὶ
3025 4026 3131 4094 γὰρ
3180 4020 3320 4095 ἦσαν
3370 4025 3621 4095 χριστοὶ,
3672 4024 3721 4078 οἱ
3759 4025 4007 4095 βασιλεῖς

2405 4116 2551 4181 λέγω
2586 4119 2680 4169 καὶ
2724 4118 2771 4169 οί
2805 4118 3101 4188 ἀρχιερεῖς,
3148 4117 3264 4171 ἀλλ’
3298 4118 3474 4180 οὐδεὶς
3503 4118 3709 4172 τούτων
3771 4119 3903 4182 Υἱὸς
3930 4114 4006 4188 ἦν

2403 4210 2497 4261 τοῦ
2524 4208 2683 4268 Θεοῦ,
2720 4208 2813 4262 τοῦ
2867 4211 2952 4265 ἀεὶ
3000 4210 3367 4279 εὐλογημένοι)
3394 4211 3485 4263 καὶ
3525 4210 3892 4281 ὑμνουμένου.
3919 4192 4005 4264 ”Ο

2401 4306 2457 4358 δὲ
2499 4304 2706 4367 Ἰησοῦς
2754 4302 2928 4369 εἴπεν,
2963 4305 3045 4358 ὅτι
3069 4302 3210 4370 Ἐγώ
3243 4306 3381 4374 είμι.
3419 4304 3573 4375 ’ῌδει
3615 4304 3713 4372 μὲν
3751 4304 3861 4373 γὰρ
3916 4306 4006 4358 ὅτι

2403 4404 2463 4455 ού
2519 4401 2907 4455 πιστεύσουσιν
2934 4417 2947 4431 ’
2980 4402 3128 4469 ὅμως
3157 4400 3200 4453 δ’
3230 4399 3325 4455 οὖν
3380 4401 3737 4469 ἀποκρίνεται
3806 4402 4007 4454 ἐκδια-

2402 4492 2571 4557 σθεὶς,
2601 4494 2689 4546 ἵνα
2720 4493 2793 4563 μὴ
2825 4492 3022 4562 ἔχωσιν
3041 4490 3269 4563 ὕστερον
3299 4492 3502 4560 λέγειν,
3533 4493 3614 4545 ὅτι
3656 4492 3781 4545 Ἐὰν
3808 4492 4006 4561 σαφῶς

2402 4587 2648 4645 εἰπόντος
2682 4584 2849 4638 αὑτοῦ
2916 4584 3271 4653 ἠκούσαμεν,
3321 4583 3724 4652 ἐπιστεύσαμεν
3778 4585 3876 4639 ἀν·
3908 4584 4003 4638 διὰ

2400 4680 2559 4733 τοῦτο
2586 4679 2678 4733 καὶ
2713 4679 2898 4749 μεῖζον
2921 4680 3103 4740 αὐτοῖς
3144 4683 3205 4732 te
3253 4679 3593 4748 κατάκριμα,
3632 4680 3715 4732 ὅτι
3770 4684 3865 4732 καὶ
3903 4678 4006 4731 νῦν

2405 4772 2760 4835 ἀκούσαντες.
2801 4772 2901 4825 ούκ
2926 4772 3275 4827 ἐπίστευσαν.
3306 4773 3414 4827 Καὶ
3440 4772 3637 4841 ὂψεσθέ
3666 4790 3757 4840 με.
3804 4774 4001 4841 φησίν,

2404 4864 2479 4926 ὡς
2541 4864 2670 4917 Υἰὸν
2704 4862 3020 4933 ἀνθρώπου,
3074 4866 3387 4937 καθήμενον
3422 4868 3487 4919 ὲκ
3536 4865 3728 4932 δεξιῶν
3754 4864 3853 4935 τῆς
3906 4866 4005 4919 δυ-

2402 4955 2620 5025 νάμεως
2684 4954 2780 5010 τοῦ
2815 4957 3061 5026 Πατρός·
3122 4958 3354 5028 δύναμιν
3393 4959 3503 5028 γάρ
3556 4956 3789 5012 ἐνταῦθα
3823 4999 3839 5021 ,
3906 4958 4006 5011 τὸν

2402 5050 2620 5118 Πατέρα
2652 5048 2840 5119 φησίν·
2890 5051 2951 5102 οὺ
2998 5049 3107 5121 γὰρ
3147 5051 3317 5120 χωρὶς
3379 5049 3631 5119 σώματος
3689 5050 4002 5115 ἐλεύσεται,
4102 5044 4122 5054 ”

2408 5139 2526 5193 ἀλλ’
2577 5137 2687 5205 οἷος
2716 5140 2977 5211 θεαθῆναι
3002 5143 3106 5196 ὑπὸ
3130 5144 3242 5197 τῶν
3266 5144 3718 5212 σταυρωσάντων,
3749 5144 3846 5196 καὶ
3873 5147 4004 5198 ἑπι-

2404 5234 2736 5302 γνωσθῆναι.
2783 5236 2842 5289 '0
2874 5235 3005 5303 γοῦν
3032 5238 3346 5308 ἀρχιερεὺς,
3372 5237 3494 5297 ἔθος
3524 5236 3819 5290 Ἰουδαϊκὸν
3857 5239 4002 5304 πλη-

2403 5328 2506 5397 ροῖ.
2547 5328 2718 5381 Ὅταν
2749 5328 2858 5402 γάρ
2890 5329 3061 5383 δεινόν
3092 5347 3143 5383 τι
3196 5332 3289 5384 καὶ
3320 5330 3581 5403 δυσχερὲς
3612 5332 3830 5401 ἀπήντα
3895 5333 4003 5385 αὒ-

2399 5424 2531 5483 τοῖς,
2561 5422 2885 5492 διέρῤησσον
2924 5424 3050 5487 τοὺς
3086 5424 3341 5494 χιτῶνας.
3370 5424 3668 5479 Κάνταῦθα
3690 5424 3897 5489 τοίνυν,
3922 5426 4000 5487 ὥς

720 5484 972 5585 discindit
1018 5498 1222 5545 vestem
1270 5492 1532 5559 pontifex.
1577 5494 1743 5553 llecte
1783 5501 1904 5569 quis
1942 5504 2041 5558 hoc
2087 5502 2305 5559 Davidis

2403 5484 2901 5581 βλασφημησαντος
2965 5484 3058 5567 τού
3087 5484 3340 5585 Πκυρίου,
3370 5516 3463 5568 καὶ
3513 5515 3753 5583 μεγάλου
3819 5484 3999 5569 atare:

721 5570 809 5625 hic
855 5573 1097 5633 diceret:
1146 5598 1163 5631 ι
1217 5577 1436 5635 Discissi
1496 5595 1643 5650 sunt,
1700 5598 1754 5643 et
1804 5606 1912 5645 non
1967 5603 2091 5646 sunt
2145 5609 2302 5648 com-

2403 5570 2714 5669 γεγονότος,
2768 5570 3089 5677 διαρρήσσει
3135 5570 3263 5669 toi);
3308 5570 3539 5676 χιτῶνας
3676 5607 3995 5678 ἀρχιερεύς.

720 5673 904 5733 puncti
941 5674 984 5727 '.
1045 5691 1064 5723 ι
1119 5673 1313 5731 Verum
1357 5681 1568 5751 signum
1620 5683 1720 5739 hoc
1763 5695 1914 5750 erat,
1962 5688 2177 5743 tametsi
2223 5688 2297 5744 illi

2408 5693 2566 5748 Εἴποι
2594 5692 2723 5763 γοῦν
2740 5695 2804 5750 ἄν
2936 5673 3026 5749 ἐπὶ
3056 5697 3265 5762 τούτοις
3287 5673 3557 5771 ε’ύκαίρως
3582 5696 3644 5754 τὺ
3672 5673 3783 5754 τόῖῖ
3805 5673 3998 5751 Δεσεδ·

786 5832 983 5889 ‘Psal.
1047 5851 1209 5891 xxxiv
1268 5840 1347 5896 16.
