4272 6438
964 382 1410 448 E‘iARRATIO
1447 386 1528 448 ΙΝ
1559 383 2061 447 EVANGELIUM
2101 384 2366 448 MARCI.
2398 413 2468 423 —
2502 387 2662 447 CAP.
2704 388 2858 448 XIV.

3471 387 3580 457 662

291 503 749 576 «διεσχίσθησαν,
795 499 888 554 καὶ
951 501 1015 553 οὐ
1079 499 1504 567 κατενύγησαν·
1531 518 1550 552 s
1606 496 1877 567 σύμϐολον
1909 498 1950 553 Α

1909 498 1950 553 Δ
1982 510 2091 550 non
2123 497 2515 564 intelligerent,
2543 500 2905 568 rumpendum
2933 509 2988 554 et
3015 501 3340 556 abolendum
3363 499 3579 558 Jttdzvo-

279 601 344 654 ἃ
366 600 458 654 καὶ
491 597 650 652 τοῦτο
673 590 762 664 ἦν,
788 592 891 646 κάν
914 594 1118 654 ἐκεῖνος
1152 592 1214 644 οὐ
1243 588 1552 654 συνίει..τοῦ
1571 589 1672 659 τὴν
1687 589 1878 658 ἀρχιε-

287 691 541 764 ρωσύνην
577 687 686 741 τῶν
743 685 1015 738 Ἰουδαίων
1051 682 1417 755 διαρραγῆναι
1444 681 1538 736 καὶ
1577 679 1884 750 ἀφανισθῆο

289 801 402 838 ναι.
427 781 580 836 Ἐπεὶ
611 778 786 831 τοίνυν
811 778 844 846 ή
877 775 1030 846 κοινὴ
1053 775 1233 846 ψῆφος
1262 775 1372 828 τῶν
1418 775 1721 843 ἀρχιερέων
1760 790 1883 826 κατ·

294 875 509 944 ἐκρινεν
571 871 757 935 αὑτὸν,
793 868 918 922 τότε
959 869 1007 921 ol
1056 867 1328 939 ὑπηρέται
1380 863 1882 934 περικαλύπτοντες

287 964 472 1027 αὑτὸν,
509 961 699 1014 ἔπαιον
723 960 815 1013 καὶ
839 958 1049 1026 ἔλεγον·
1102 958 1510 1028 Προφήτευσον,
1560 957 1643 1020 τίς
1677 959 1825 1009 ἐστιν
1856 958 1885 1009 6

289 1055 493 1117 παίσας
515 1069 572 1106 σε
609 1069 623 1117 ;
659 1053 804 1105 Πόσα
827 1051 1009 1103 τοίνυν
1032 1048 1302 1118 πάθοιμεν
1327 1047 1394 1102 ἂν
1419 1049 1602 1118 ἡμεῖς,
1635 1048 1718 1101 ἵνα
1737 1049 1886 1102 ἀντι-

286 1144 514 1216 ὼιημεν
572 1147 642 1197 ta
698 1145 787 1197 ῐσα
837 1142 917 1212 τῷ
973 1141 1263 1211 Amnon};
1310 1140 1518 1211 Φρίκης
1566 1139 1744 1196 ταῦτα
1787 1158 1885 1210 ps-

291 1237 418 1294 στά.

373 1345 393 1378 ε
423 1327 528 1380 Καὶ
569 1326 722 1387 ὄντος
748 1323 844 1376 τοῦ
894 1321 1102 1392 Πέτρου
1131 1323 1189 1374 ὲν
1238 1325 1305 1392 τῇ
1340 1322 1477 1392 αὐλῇ
1514 1323 1684 1385 κάτω,
1727 1323 1886 1392 ἔρχε-

291 1433 386 1470 ται
416 1419 515 1488 μία
531 1416 638 1470 τῶν
670 1414 1075 1468 παιδισκῶντοῦ
1096 1414 1420 1484 ἀρχιερέως·
1443 1416 1539 1468 καὶ
1571 1413 1760 1468 ἰδοῦσα
1788 1415 1880 1466 τὸν

294 1509 506 1580 Πέτρον
536 1507 988 1578 θερμαινόμενον,
1023 1505 1342 1574 ἐμϐλέψασα
1369 1505 1540 1576 αὐτῷ,
1565 1507 1715 1573 λέγει
1735 1524 1746 1536 ·
1776 1509 1886 1560 Καὶ

294 1602 362 1654 σὺ
401 1601 540 1669 μετά
565 1599 658 1651 τοῦ
697 1598 1022 1667 Ναζαρηνοῦ
1064 1598 1240 1667 Ἰησοῦ
1307 1594 1473 1668 ἦσθα.
1519 1596 1580 1653 Ὀ
1610 1598 1668 1651 δὲ
1725 1601 1888 1670 ἠρνή-

294 1710 448 1752 σιτο.
475 1694 669 1760 λέγων·
699 1692 813 1745 Οὐκ
835 1685 972 1755 οῖδα,
1001 1692 1122 1745 οὐδὲ
1151 1694 1453 1761 ἐπίσταμαι
1484 1692 1536 1744 τί
1567 1693 1632 1745 σὺ
1664 1693 1844 1760 λέγεις
1867 1711 1884 1728 ο

1989 603 2107 641 rum
2140 591 2533 643 sacerdotium.
2576 591 2762 659 Itaque
2794 591 3013 658 quando
3045 593 3325 646 communi
3363 594 3581 660 pontili-

1985 693 2108 731 cum
2133 678 2391 749 suﬂ’ragio
2415 680 2812 736 condemnatus
2841 690 2946 748 est,
2981 691 3109 736 tunc
3141 684 3376 738 ministri
3412 686 3581 741 obve-

1987 766 2236 821 laverunt
2287 770 2439 822 illum
2489 781 2545 823 et
2595 772 2951 835 ceciderunt,
3000 771 3399 842 dixeruntque:
3447 774 3583 829 Pro-

1986 860 2204 930 phetiza
2226 903 2242 928 ,
2278 863 2402 932 quis
2432 873 2516 918 est
2545 865 2636 934 qui
2668 874 2720 918 te
2755 865 3072 934 percussit?
3104 865 3242 933 Quid
3278 867 3442 936 igitur
3473 871 3581 939 pati

1985 963 2038 1007 et
2069 970 2171 1010 nos
2201 957 2482 1020 debemus,
2511 968 2568 1012 ut
2597 959 2890 1013 reddamus
2919 973 3017 1028 par
3045 959 3317 1015 Domino?
3348 961 3584 1018 llorrore

1985 1048 2142 1117 plena
2169 1059 2295 1102 sunt
2323 1049 2461 1103 haec.

2063 1312 2225 1368 Vens.
2262 1313 2450 1370 66-72.
2487 1336 2504 1368 t
2543 1318 2604 1371 Et
2636 1334 2760 1372 cum
2794 1320 2938 1372 esset
2970 1318 3162 1372 Petrus
3191 1321 3241 1373 in
3273 1321 3414 1374 atrio
3447 1322 3586 1373 inle-

1990 1405 2123 1469 rius,
2158 1408 2306 1461 venit
2343 1425 2445 1462 una
2482 1411 2804 1462 ancillarum
2838 1412 3034 1464 summi
3073 1413 3404 1476 sacerdotis,
3435 1429 3587 1466 cum-

1987 1514 2096 1566 que
2128 1500 2352 1555 vidisset
2384 1500 2606 1556 Petrum
2643 1503 3062 1559 calefacientem
3089 1522 3168 1566 sc.
3203 1508 3400 1560 intuita
3439 1508 3588 1561 illum

1987 1592 2122 1645 dicit
2153 1608 2164 1643 :
2204 1592 2270 1645 Et
2296 1603 2350 1646 ιιι
2382 1609 2504 1648 cum
2537 1591 2665 1650 Iesu
2700 1596 2990 1651 Nazareno
3033 1596 3226 1652 luisti?
3257 1601 3326 1652 At
3367 1599 3455 1654 ille
3495 1615 3588 1655 ne-

1989 1684 2134 1752 gavit
2167 1685 2357 1738 dicens
2390 1703 2404 1744 :
2436 1685 2554 1742 Non
2589 1689 2746 1752 novi,
2781 1703 2953 1759 neque
2995 1691 3110 1744 scio
3144 1690 3274 1760 quid
3317 1691 3486 1746 dicas.
3522 1689 3590 1744 Et

294 1789 392 1840 καὶ
423 1785 648 1854 ἐξῆλθεν
663 1786 767 1850 εξω
796 1788 874 1848 εἰς
903 1786 964 1837 τὸ
986 1785 1300 1852 προαύλιον.
1322 1786 1432 1839 Καὶ
1461 1786 1712 1856 ἀλέκτωρ
1744 1787 1887 1856 sed».
1917 1791 1967 1850 Β

1917 1777 2162 1850 Bexivit
2212 1777 2364 1835 foras
2409 1782 2462 1834 in
2513 1783 2882 1847 vestibulum,
2930 1797 2982 1838 et
3031 1784 3203 1855 gallus
3249 1785 3467 1842 cecinit.
3523 1787 3588 1840 Et

292 1895 444 1948 νησε.
478 1879 586 1931 Καὶ
623 1881 656 1948 ή
689 1879 950 1948 παιδίσκη
1007 1877 1196 1932 ἰδοῦσα
1243 1879 1404 1932 αὐτὸν
1433 1879 1620 1944 πάλιν,
1681 1879 1887 1950 ἦρεατο

292 1969 475 2036 λέγειν
522 1973 636 2032 τοῖς
697 1971 1104 2039 παρεστηκόσιν
1140 2009 1155 2031 ,
1226 1969 1307 2022 ὅτι
1342 1962 1514 2034 Οὗτος
1589 1970 1650 2037 ἐξ
1706 1970 1887 2022 αὐτῶν

292 2063 473 2114 ἐστιν·
535 2065 565 2116 6
615 2046 674 2115 δὲ
725 2061 887 2116 πάλιν
940 2063 1180 2130 ἠρνεῖτο.
1217 2061 1326 2114 Καὶ
1368 2061 1509 2130 μετά
1545 2061 1744 2132 μικρὸν
1781 2063 1886 2115 πά-

293 2153 380 2204 λιν
410 2192 425 2216 ,
477 2154 526 2206 οἱ
581 2153 932 2224 παρεστῶτες
997 2154 1184 2222 ελεγον
1247 2153 1326 2223 τῷ
1385 2154 1609 2224 Πέτρῳ·
1643 2155 1886 2224 Ἀληθῶς

290 2244 355 2307 εξ
377 2244 556 2297 αὐτῶν
593 2241 642 2297 εἷ
663 2285 676 2306 ,
715 2248 810 2298 καὶ
843 2246 952 2315 γὰρ
988 2245 1274 2309 Γαλιλαῖος
1296 2240 1366 2310 εἷ,
1411 2247 1506 2298 καὶ
1535 2249 1568 2316 ή
1600 2246 1761 2299 λαλιά
1792 2251 1886 2300 σου

291 2337 566 2402 ὸμοιάζει.
600 2338 660 2392 Ὀ
686 2339 742 2391 δὲ
773 2337 979 2408 ἧρξατρ
1004 2338 1428 2408 ἀναθεματίζειν
1494 2342 1588 2392 καὶ
1639 2343 1883 2410 ὀμνύειν.

293 2431 378 2480 ἔτι
410 2433 524 2484 Οὐκ
549 2428 664 2484 οἶδα
698 2432 789 2484 τὸν
819 2431 1110 2503 ἄνθρωπον
1140 2432 1329 2486 τοῦτον
1360 2434 1419 2486 ὃν
1454 2433 1660 2501 λέγετε.
1693 2437 1802 2489 Καὶ
1825 2437 1887 2488 ἐκ

294 2523 553 2594 δευτέρου
618 2525 872 2594 ἀλέκτωρ
904 2523 1152 2596 ἑφὼνησε
1177 2568 1192 2590 ,
1248 2525 1344 2580 καὶ
1379 2527 1694 2598 ἀνεμνήσθη
1721 2530 1749 2580 6
1787 2529 1890 2581 Πέ-

293 2630 427 2682 τρος
488 2613 582 2667 τοῦ
632 2617 900 2686 ῥήματος,
927 2609 1194 2669 οἶδ-εἷπεν
1247 2616 1400 2687 αὐτῷ
1439 2619 1467 2670 6
1513 2617 1742 2686 Ἰησοῦς,
1782 2621 1890 2680 ,ὅτι

297 2706 437 2775 Πρὶν
467 2707 739 2777 ἀλέκτορα
763 2707 1012 2777 φωνῆσαι
1042 2709 1148 2771 δὶς.
1173 2711 1470 2782 ἀπαρνήσῃ
1499 2727 1566 2781 με
1589 2712 1708 2781 τρίς
1734 2729 1748 2743 ’
1797 2714 1890 2766 καὶ

291 2799 594 2862 ἐπιϐαλὼν,
633 2799 874 2855 ἔκλαιεν.
904 2819 922 2852 ι
991 2802 1324 2872 ’Πσθίνησεν
1349 2804 1378 2856 6
1405 2803 1634 2874 Πέτρος,
1697 2807 1744 2858 εἰ
1793 2807 1889 2860 καὶ

298 2893 638 2964 θερμότερος
669 2890 759 2965 ἦν,
811 2895 906 2948 καὶ
950 2895 1198 2965 ἀρνεῖται
1228 2896 1322 2950 τὸν
1369 2897 1579 2968 Κύριον
1631 2899 1736 2952 ὑπὸ
1789 2899 1890 2967 τῆς

293 2983 500 3048 δειλίας
537 2986 926 3056 διαταραχθείς
951 3006 964 3018 ·
995 2991 1091 3042 καὶ
1118 2990 1294 3044 ταῦτα
1322 2989 1618 3064 παιδίσκης
1654 2992 1891 3062 ὲκπτοη-

297 3079 471 3146 σάσης
509 3078 673 3131 αὐτόν
694 3095 708 3109 ο
740 3077 896 3131 τοῦτο
923 3080 979 3133 δὲ
1007 3082 1128 3134 κατ’
1146 3083 1459 3151 οἰκονομίαν
1497 3083 1887 3154 συνεχώρησεν

294 3171 462 3224 αὑτὸν
504 3173 533 3224 6
572 3169 705 3234 Θεδς
744 3171 961 3237 παθεῖν,
1017 3173 1105 3226 ῐνα
1158 3174 1234 3243 μὴ
1281 3175 1598 3248 ιπαίρηται,
1629 3180 1723 3232 καὶ
1770 3179 1886 3249 ἃμα

296 3264 388 3316 ἵνα
413 3265 509 3316 καὶ
560 3265 673 3328 τοῖς
721 3265 974 3319 πταίουσι
1031 3268 1326 3338 συμπαθὴς
1374 3269 1484 3338 εἴη,
1547 3273 1643 3342 ἀφ’
1689 3274 1884 3328 ἑαυτοῦ

296 3355 609 3419 παιδευθεὶς
653 3357 716 3410 τὺ
785 3357 888 3426 τῆς
941 3358 1291 3428 ἀνθρωπίνης
1347 3363 1632 3428 ἀσθενείας
1686 3364 1881 3435 βίαιον.

294 3446 615 3516 ’Λδεάφορον
656 3447 712 3499 δὲ
739 3448 846 3500 εἴτε
883 3450 914 3517 ἡ
950 3449 1088 3519 αὑτὴ
1123 3450 1380 3522 παιδίσκη
1428 3449 1520 3525 ἦν,
1555 3455 1667 3509 εἴτε
1718 3457 1881 3528 ἀλλη,

294 3540 329 3606 ἡ
387 3538 654 3607 ἑλίγξασα
694 3540 783 3592 τὸν
813 3539 1042 3611 Πέτρον.
1102 3541 1387 3608 Ματθαῖος
1440 3547 1540 3616 μὲν
1571 3547 1681 3618 γὰρ
1717 3548 1886 3618 ἀλλην

294 3629 502 3698 ταύτην
529 3629 698 3697 λέγει·
735 3632 961 3701 Μάρκος
992 3633 1049 3686 δὲ
1069 3635 1168 3706 τὴν
1198 3637 1390 3708 αὑτήν.
1427 3639 1595 3693 Οὐδὲν
1626 3640 1683 3693 δὲ
1752 3644 1886 3712 ἡμῖν

293 3721 455 3774 τοῦτο
484 3723 741 3791 ἐμπόδιον
767 3725 905 3795 πρὸς
931 3725 1032 3797 τὴν
1065 3728 1324 3799 ἀλήθειαν
1362 3731 1460 3784 τοῦ
1521 3733 1880 3802 Εὑαγγελίου·

296 3811 375 3882 μή
407 3813 514 3882 γὰρ
548 3815 606 3867 ἑν
638 3815 859 3885 μεγάλῳ
883 3819 992 3870 τινὶ
1017 3819 1110 3872 καὶ
1140 3822 1444 3891 συνεκτικῷ
1482 3823 1582 3895 τῆς
1609 3826 1886 3898 σωτηρίας

293 3904 454 3974 ημῶν
482 3905 848 3976 διαφωνοῦσι;
881 3910 976 3981 Μὴ
1003 3914 1032 3965 6
1062 3913 1160 3983 μὲν
1183 3910 1338 3967 εἶπεν
1365 3955 1380 3981 ,
1422 3917 1505 3970 ὅτι
1561 3920 1882 3990 ἐσταυρώθη

291 3999 323 4048 6
354 3995 578 4084 Κύριος,
628 4001 656 4051 6
684 3998 761 4063 δὲ,
809 3999 869 4053 οὗ
905 4019 919 4069 ;
981 4003 1179 4072 ἄπαγε.
1214 4005 1275 4058 '0
1306 4007 1488 4060 τοίνυν
1523 4011 1728 4082 Πέτρος
1781 4011 1887 4064 ὑπὸ

292 4088 393 4157 τῆς
425 4086 626 4152 δειλίας
656 4089 1063 4160 διαταραχθεὶς,
1094 4095 1188 4147 καὶ
1211 4095 1606 4167 ἐπιλαθόμενος
1636 4101 1730 4153 τοῦ
1789 4101 1880 4154 16-

293 4193 394 4244 γου
455 4173 516 4232 οὗ
545 4174 701 4232 εἶπεν
749 4183 777 4234 6
812 4182 1034 4252 Κύριος,
1089 4187 1172 4240 ὅτι
1224 4189 1329 4241 Τὸν
1378 4189 1761 4262 ἀρνησάμενόν
1815 4212 1882 4263 με

292 4271 609 4343 ἀρνήσομαι
649 4273 808 4343 κάγὼ
866 4276 1100 4331 ἐνώπιον
1132 4280 1227 4333 τοῦ
1277 4283 1491 4352 Πατρός
1524 4302 1651 4355 μου,
1709 4288 1884 4358 ήρνή-

296 4377 451 4428 σατο,
483 4364 602 4417 ἀλλ’
633 4367 664 4434 ή
707 4369 972 4433 μετάνοια
1002 4370 1163 4424 πάλιν
1183 4373 1348 4427 αὑτὸν
1377 4375 1622 4446 ᾠκείωσε
1646 4378 1725 4448 τῷ
1745 4380 1882 4449 Χρι-

1990 1871 2189 1926 ancilla
2217 1887 2342 1926 cum
2392 1873 2620 1929 vidisset
2660 1891 2809 1942 eum,
2842 1893 3058 1931 rursum
3088 1879 3255 1944 coepit
3287 1879 3470 1934 dicere
3505 1879 3590 1933 his

1989 1963 2082 2030 qui
2108 1965 2362 2018 astabant
2390 1981 2404 2019 :
2441 1964 2541 2020 Hic
2567 1981 2634 2020 ex
2663 1967 2768 2022 illis
2807 1980 2910 2022 est.
2951 1971 3019 2022 At
3052 1968 3138 2024 ille
3166 1985 3380 2023 rursum
3421 1984 3588 2038 nega-

1991 2054 2112 2116 bat;
2152 2071 2217 2110 ac
2257 2058 2421 2126 paulo
2461 2070 2584 2128 post
2627 2061 2824 2114 iterum
2859 2061 2952 2130 qui
2999 2064 3286 2126 aStabaut,
3333 2063 3589 2118 dicebant

1991 2144 2193 2200 Petro:
2228 2147 2365 2202 Vere
2395 2163 2462 2202 ex
2495 2151 2600 2203 illis
2634 2167 2731 2205 es:
2767 2167 2888 2206 nam
2931 2163 2982 2206 et
3015 2151 3272 2208 Galilaeus
3311 2169 3390 2218 es,
3420 2164 3473 2209 et
3506 2154 3587 2207 Iu-

1990 2239 2150 2306 quela
2177 2247 2265 2293 tua
2299 2242 2576 2296 convenit.
2610 2242 2675 2295 At
2722 2243 2808 2297 illc
2840 2246 3002 2313 (ωνῐι
3036 2247 3313 2301 exsecrari
3347 2263 3409 2300 ac
3442 2246 3589 2313 deje-

1996 2348 2155 2386 rare:
2189 2333 2306 2387 Non
2345 2336 2468 2389 novi
2508 2336 2784 2391 hominem
2830 2338 2990 2392 istum
3028 2341 3096 2393 tle
3137 2355 3246 2408 quo
3284 2340 3486 2394 ilicitis‘.
3520 2338 3589 2394 Ει

1992 2424 2190 2480 iterum
2223 2427 2399 2497 gulltts
2434 2431 2632 2483 cecinit
2661 2450 2672 2484 :
2709 2433 3137 2500 recordatusque
3167 2431 3330 2506 255
3369 2442 3450 2490 est
3486 2433 3585 2488 Pe-

1994 2529 2109 2572 trus
2140 2521 2289 2575 verbi
2319 2525 2460 2590 quod
2484 2524 2700 2579 dixerat
2731 2525 2803 2578 illi
2827 2524 2988 2582 Jesus
3017 2543 3028 2580 :
3058 2527 3382 2598 Priusquam
3410 2530 3588 2600 gallus

1993 2611 2253 2666 cecinerit
2295 2612 2404 2677 bis,
2435 2617 2733 2686 abnegabis
2785 2633 2869 2672 me
2905 2627 3008 2672 ter.
3043 2619 3108 2673 Et
3131 2636 3254 2674 cum
3287 2619 3587 2688 iniecisset,

1993 2697 2158 2753 ﬂevit.
2201 2719 2219 2753 ι
2254 2701 2507 2758 lulirtnus
2535 2713 2655 2758 erat
2687 2703 2886 2761 Petrus
2907 2746 2922 2770 ,
2959 2710 3174 2763 tametsi
3212 2709 3389 2763 alacer
3420 2721 3585 2773 esset,

1993 2803 2045 2844 et
2076 2808 2189 2862 pra:
2235 2795 2433 2850 timore
2474 2797 2726 2852 turbatus
2766 2797 3057 2853 Dominum
3103 2805 3373 2870 abnegat,
3425 2801 3589 2873 idque

1993 2885 2062 2936 ab
2123 2883 2318 2937 ancilla
2376 2885 2811 2954 obstupefacws.
2876 2886 3132 2943 Permisit
3203 2899 3384 2944 autem
3446 2891 3588 2946 Deus

1994 2976 2138 3031 istud
2167 2978 2430 3047 singulari
2481 2978 2892 3047 dispensatione
2931 2980 3080 3045 ﬁeri,
3115 2991 3172 3036 ut
3203 2998 3270 3036 ne
3299 2984 3588 3037 extollere-

1997 3078 2103 3132 tttr,
2131 3079 2186 3122 et
2214 3070 2281 3123 ad
2308 3069 2430 3134 hoc,
2458 3079 2517 3124 ut
2544 3079 2957 3140 conipateretur
2985 3071 3314 3140 labentibus,
3345 3090 3375 3128 a
3409 3076 3587 3144 seipse

1993 3163 2238 3216 eruditus
2259 3172 2464 3231 quanta
2487 3165 2560 3217 sit
2581 3165 2814 3218 humana
2847 3164 3194 3220 imbecillitas
3216 3177 3269 3221 et
3292 3167 3584 3237 fragilitas.

1993 3253 2107 3308 Non
2138 3254 2307 3308 refert
2348 3257 2463 3308 sive
2509 3271 2644 3320 una,
2673 3258 2790 3312 sive
2819 3258 2938 3312 dua:
2969 3257 3180 3312 ancillae
3224 3256 3428 3313 fuerint
3467 3274 3586 3330 qua:

1990 3348 2269 3418 arguerint
2312 3348 2551 3402 Petrum.
2599 3347 2886 3404 Mattheus
2924 3365 3055 3405 sane
3098 3351 3252 3405 istan:
3293 3366 3401 3406 non
3432 3366 3582 3407 eam-

1991 3446 2111 3494 dem
2133 3439 2287 3503 dicit,
2326 3439 2540 3494 lilart-us
2577 3457 2706 3496 vero
2736 3445 3006 3497 eamdem.
3041 3442 3184 3497 Nihil
3223 3455 3402 3499 autem
3433 3447 3590 3501 nobis

1990 3534 2046 3588 iu
2089 3537 2190 3589 hoc
2226 3533 2498 3589 obstaculi
2535 3535 2603 3588 ad
2654 3535 2932 3606 Evangelii
2981 3537 3290 3595 veritatem.
3333 3537 3586 3608 Nunquid

1989 3631 2133 3684 enim
2169 3631 2220 3685 in
2259 3645 2456 3701 magno
2485 3629 2671 3700 aliquo
2705 3641 2758 3684 et
2792 3632 3022 3684 salutem
3055 3644 3302 3687 nostram
3347 3636 3587 3703 comple-

1989 3732 2173 3778 ctente
2219 3722 2583 3776 discordant?
2625 3721 2876 3793 Nunquid
2921 3723 3011 3778 ille
3047 3724 3186 3779 dixit
3225 3727 3368 3795 quod
3409 3728 3587 3782 cruci-

1992 3815 2131 3870 lixus
2153 3816 2244 3879 sit,
2272 3824 2325 3869 et
2347 3815 2486 3869 alius
2512 3829 2618 3869 non
2641 3814 2665 3867 ?
2691 3815 2854 3870 absit.
2887 3814 3054 3886 Igitur
3078 3815 3277 3871 Petrus
3302 3834 3411 3888 pra:
3437 3831 3583 3873 metu

1992 3908 2261 3972 turbatus,
2308 3919 2363 3963 et
2394 3909 2600 3962 oblitus
2630 3907 2901 3962 sermnnis
2946 3923 3106 3977 quem
3146 3910 3356 3964 dixerat
3403 3909 3586 3965 Domi-

1989 4018 2115 4067 nus,
2140 4003 2282 4070 quod
2313 4000 2443 4054 Eum
2476 4001 2565 4070 qui
2596 4015 2680 4055 me
2707 4001 3083 4070 abnegaveril,
3103 4003 3385 4074 abnegaho
3415 4014 3467 4058 et
3489 4021 3588 4076 ego

1986 4108 2172 4149 coram
2205 4092 2367 4147 Patre
2401 4108 2542 4158 meo,
2578 4095 2794 4162 negavit
2822 4113 2835 4147 :
2865 4094 2959 4148 sed
2988 4095 3306 4164 paenitentia
3331 4107 3383 4151 et
3411 4097 3588 4170 μω·-

1988 4202 2090 4240 mae
2123 4185 2273 4240 illum
2311 4187 2375 4239 ad
2409 4187 2692 4245 Christum
2721 4188 3080 4242 reduxerunt.
3120 4187 3334 4243 Etcum
3366 4191 3585 4261 injecis-

1987 4289 2090 4345 set,
2120 4277 2268 4332 ﬂevit
2297 4297 2309 4332 :
2341 4279 2444 4332 hoc
2476 4289 2558 4332 est
2587 4293 2712 4332 cum
2739 4287 2902 4348 caput
2927 4281 3257 4348 obvelasset,
3290 4285 3369 4337 vel
3400 4301 3496 4354 pro
3519 4303 3588 4342 eo

1987 4375 2130 4443 quod
2159 4371 2326 4441 cmpit
2349 4387 2546 4441 magna
2577 4372 2945 4428 vehementia.
2975 4373 3095 4429 Jam
3121 4376 3271 4443 quod
3300 4376 3585 4432 Mattbceus

295 4454 429 4524 στῷ,
457 4459 552 4508 καὶ
588 4456 658 4510 τά
681 4456 913 4528 δάκρυα.
954 4461 1260 4517 Ἐπιδαλὼν
1288 4466 1417 4537 γὰρ,
1454 4469 1641 4537 φησὶν,
1672 4469 1880 4534 ἔκλαιε,
1914 4483 1960 4540 υ

1914 4483 1960 4540 υ
1989 4467 2222 4521 obscure
2250 4465 2410 4532 dixit,
2445 4464 2589 4533 quod
2619 4462 2946 4533 Priusquam
2982 4465 3155 4535 gallus
3183 4477 3388 4534 cantet,
3420 4469 3588 4522 inter-

293 4547 597 4614 τουτέστιν,
653 4551 1135 4622 ἐπικαλυψάμενος
1189 4557 1288 4628 τήν
1324 4560 1608 4633 κεφαλήν·
1671 4563 1702 4633 ή
1756 4567 1879 4619 ἀντὶ

293 4634 413 4702 τοῦ,
448 4636 753 4707 ἀρξάμενος
805 4642 943 4711 μετά
981 4643 1347 4717 σφοδρότητος
1374 4665 1389 4679 ο
1443 4651 1581 4720 ὅπερ
1629 4653 1684 4706 δὲ
1727 4651 1880 4706 εἶπεν

293 4729 524 4796 ἀσαφῶς
551 4731 579 4782 6
626 4731 927 4798 Ματθαῖος,
976 4735 1058 4788 ὅτι
1095 4736 1229 4806 Πρὶν
1293 4739 1563 4812 ἀλέκτορα
1607 4748 1876 4816 φωνῆσαι,

294 4819 646 4888 septimm
671 4824 699 4876 ὁ
724 4824 976 4895 Μάρκος,
1012 4827 1094 4880 ὅτι
1123 4829 1265 4900 Πρὶν
1298 4831 1547 4902 φωνῆσαι
1593 4835 1696 4900 δίς.
1742 4838 1882 4892 Εἰώ-

294 5094 508 5168 καιρδν,
539 5096 738 5170 ἑτέραν
763 5103 940 5174 ἀρχὴν
991 5104 1270 5161 ποιείσθαι
1295 5108 1391 5163 τοῦ
1421 5115 1642 5179 φωνεῖν.
1679 5117 1745 5169 ⁸0
1779 5111 1876 5171 οὖν

291 5183 447 5244 εἶπεν
476 5195 504 5245 6
525 5193 824 5261 Ματθαῖος,
858 5197 1019 5254 τοῦτό
1053 5203 1203 5255 ἐστιν
1224 5244 1239 5266 ,
1286 5203 1368 5259 δτι
1422 5205 1561 5276 Πρὶν
1609 5209 1882 5284 ἀλέκτορα

292 5283 854 5352 φωνῆσαι,τουτέστι,
883 5290 1174 5361 πληρῶσαι
1206 5294 1305 5358 τὰς
1334 5297 1584 5366 κραυγὰς
1611 5300 1710 5368 τῆς
1738 5283 1883 5375 πρώ-

289 5388 391 5445 της
427 5376 671 5447 ἀγωγῆς,
704 5379 1001 5454 ἀπαρνήσῃ
1033 5400 1102 5453 με
1123 5385 1267 5455 τρίς.
1315 5387 1774 5458 Δίσχυνίσθωσαν
1824 5396 1882 5449 δὲ

292 5466 346 5518 οι
382 5465 722 5523 Ναυατιανοὶ
753 5472 802 5524 οί
852 5473 978 5536 τοὺς
1040 5475 1183 5544 μετά
1216 5477 1276 5530 τὸ
1322 5477 1609 5554 βάπτισμα
1641 5487 1735 5538 καὶ
1781 5488 1883 5558 τὴν

294 5560 607 5649 μετάληψιν
635 5561 744 5614 τῶν
781 5567 1100 5636 μυστηρίων
1138 5568 1590 5641 ἁμαρτήσαντας.
1627 5578 1705 5646 μὴ
1734 5577 1884 5649 δεχό-

297 5661 476 5714 μενοι.
551 5647 684 5704 Ἰδοὺ
761 5655 872 5724 γὰρ
918 5655 948 5707 6
995 5655 1224 5728 Πέτρος,
1275 5661 1371 5715 καὶ
1419 5663 1744 5732 μεταλαϐὼν
1788 5647 1882 5724 τοῦ

290 5738 568 5832 ἀχράντου
607 5743 861 5815 σώματος
893 5749 989 5802 καὶ
1025 5751 1282 5821 αἵματος.
1339 5759 1434 5812 καὶ
1473 5759 1880 5832 ἀρνησάμενος,

1985 4570 2234 4627 pretatus
2279 4567 2363 4612 est
2411 4556 2666 4621 Marcus,
2715 4559 2841 4625 quia
2877 4555 3206 4627 Priusquam
3255 4560 3340 4614 bis
3381 4570 3584 4616 cantet.

1983 4652 2402 4707 Consus-verunt
2437 4650 2582 4704 enim
2616 4650 2742 4719 galli
2774 4663 2882 4704 uno
2915 4661 3164 4721 tempore
3191 4667 3334 4721 sape
3365 4667 3585 4718 sonare,

1983 4755 2038 4800 et
2065 4754 2254 4814 postea
2293 4744 2560 4810 dormire,
2592 4754 2648 4798 et
2687 4752 2809 4813 post
2843 4754 3055 4813 tempus
3084 4745 3356 4814 quoddam
3387 4747 3582 4800 iterum

1985 4849 2205 4895 cantum
2242 4837 2505 4908 incipere.
2560 4836 2716 4903 Quod
2757 4837 2920 4905 igitur
2951 4835 3240 4892 Mattheus
3277 4839 3444 4904 dixit,
3479 4841 3583 4895 hoc

1985 4941 2109 4987 est:
2147 4929 2473 5000 Priusquam
2510 4929 2688 5000 gallus
2716 4938 2924 4991 cantet,
2950 4928 3052 4982 hoc
3085 4937 3188 4995 est,
3218 4929 3438 4998 impleat
3468 4931 3584 4984 cla-

1985 5038 2195 5080 morem
2240 5023 2402 5093 primi
2435 5020 2664 5084 cantus.
2715 5021 2943 5092 negabis
2986 5035 3072 5074 me
3103 5031 3204 5075 ter.
3247 5019 3585 5078 Erubescant

1985 5115 2296 5182 Novatiani,
2318 5116 2412 5188 qui
2442 5131 2537 5173 eos
2562 5115 2655 5187 qui
2686 5125 2807 5186 post
2836 5113 3164 5185 baptismum
3186 5125 3242 5170 et
3264 5131 3583 5172 sacramen-

1987 5221 2163 5264 torum
2190 5209 2634 5264 communionem
2691 5217 3021 5278 peccarunt.
3088 5221 3198 5262 non
3255 5207 3579 5278 suscipiunt.

1986 5305 2126 5362 Ecce
2145 5314 2201 5359 et
2227 5301 2428 5358 Petrus
2453 5311 2711 5372 suscepto
2733 5299 3085 5355 immaculato
3114 5315 3348 5372 corpore
3375 5309 3431 5357 et
3457 5315 3586 5355 san-

1985 5397 2169 5467 guine,
2195 5411 2321 5451 cum
2364 5403 2642 5465 negasset,
2674 5403 2898 5465 propter
2926 5393 3303 5464 pa-nitentiam
3330 5403 3582 5464 receptus

1985 5497 2089 5542 est.
2121 5487 2452 5543 Sanctorum
2487 5486 2635 5542 enim
2660 5486 2858 5542 delicta
2883 5485 3008 5540 ideo
3038 5486 3239 5555 scripta
3267 5495 3412 5552 sunt,
3441 5498 3498 5540 ut
3530 5494 3587 5541 et

1987 5595 2090 5636 nos
2123 5580 2172 5637 si
2207 5579 2427 5649 quando
2463 5579 2600 5649 lapsi
2635 5578 2904 5633 fuerimus
2931 5592 3039 5633 non
3073 5578 3580 5640 animadwrteudo,

1985 5675 2263 5745 possimus
2298 5674 2352 5728 in
2396 5671 2643 5742 exempla
2676 5670 2894 5726 illorum
2928 5672 3234 5742 respicere,
3263 5685 3316 5727 et
3344 5689 3441 5744 per
3468 5685 3584 5743 pm-

1990 5766 2274 5822 uitentiam
2302 5765 2526 5833 corrigi.

290 5829 381 5888 διὰ
415 5835 514 5906 τῆς
549 5839 842 5908 μετανοίας
868 5843 1231 5919 προσεδέχθη.
1263 5847 1343 5905 Τὰ
1371 5852 1479 5923 γὰρ
1513 5829 1878 5929 ελαττὼματα
1916 5863 2027 5920 τῶν
2093 5861 2266 5932 ἀγίων
2295 5861 2383 5918 διά
2414 5829 2575 5916 τοῦτο
2612 5861 3031 5933 ἀνεγράφησαν,
3109 5861 3194 5917 ἵνα
3255 5861 3348 5916 καὶ
3402 5860 3586 5932 ἡμεῖς.
