4272 6438
252 401 365 468 669

972 402 1420 464 ENAREATIO
1456 401 1540 464 IN
1579 404 2088 467 EVANGELIUM
2129 409 2459 468 MARCI—
2495 411 2651 470 CAP.
2695 410 2814 469 XV.

3431 409 3542 471 670

251 512 448 567 διιῦτον
499 511 594 565 καὶ
641 514 734 565 τὸν
783 507 1029 581 γραπτὸν
1073 509 1134 564 6v
1168 508 1372 562 ιδωκεν
1418 509 1573 582 αὐτῷ
1599 513 1628 564 6
1671 510 1840 575 Θεός·
1878 523 1919 576 Α

1958 530 2115 584 quam
2171 517 2437 569 naturalis
2491 515 2622 583 legis
2667 513 3155 584 praevaricatores;
3192 511 3543 575 Judaeiveru,

252 603 376 659 ἀλλ’
418 603 449 656 6
483 603 582 673 μιν
624 601 859 667 ἐθνικὸς,
903 600 1202 669 εὐγνώμων
1238 601 1463 673 λῃστὴς.
1514 604 1544 656 6
1591 601 1650 654 δέ
1711 602 1848 654 ’1ου-

253 695 467 758 δαῖκδς,
509 693 638 762 ἄχρι
671 690 860 753 τέλους
896 688 1239 760 βλάσφημος.
1275 693 1460 745 Μέσον
1506 691 1566 746 δέ
1605 691 1717 745 τῶν
1754 691 1848 746 δύο

253 785 407 839 λαῶν
435 782 766 854 σταυροῦται
795 785 823 836 6
850 780 1054 851 Κύριος
1082 797 1097 811 ο
1117 781 1285 845 αὐτὸς
1321 785 1431 853 γάρ
1466 785 1616 837 ἐστιν
1647 785 1675 837 6
1701 783 1847 846 λίθος

255 882 285 932 ὁ
315 877 602 930 συνάπτων
629 876 799 945 ἡμᾶς.

341 1073 359 1104 ι
404 1055 514 1108 Kal
559 1055 609 1107 οί
650 1051 1162 1124 παραπορευόμενοι
1201 1049 1596 1122 ἐϐλασφήμουν
1656 1049 1842 1115 αὐτὸν,

262 1145 545 1207 κινοῦντες
573 1145 672 1207 τὰς
717 1144 959 1210 κεφαλὰς
999 1143 1182 1196 αὐτῶν
1210 1143 1306 1195 καὶ
1333 1141 1610 1210 λέγοντες⁸
1649 1140 1787 1203 Οὗᾶ,
1818 1142 1848 1193 6

261 1237 556 1290 καταλύων
584 1237 674 1290 τὸν
720 1236 864 1299 ναὸν,
897 1238 992 1290 καὶ
1038 1237 1097 1288 ἐν
1137 1236 1319 1305 τρισὶν
1352 1235 1590 1304 ἡμέραις
1636 1233 1843 1288 οίκοδο-

261 1329 406 1398 μῶν,
444 1328 618 1381 σῶσον
646 1328 876 1382 σεαυτόν
895 1344 908 1356 ο
941 1328 1038 1381 καὶ
1063 1328 1282 1381 κατάϐα
1314 1327 1423 1380 ἀπὸ
1447 1327 1543 1379 τοῦ
1577 1325 1843 1395 σταυροῦ.

269 1419 505 1488 Ὁμοίως
532 1418 592 1472 δὲ
620 1419 716 1472 καὶ
743 1421 793 1471 oi
823 1421 1102 1486 ἀρχιερεῖς
1173 1419 1538 1488 ἐμπαίζοντες
1582 1419 1719 1482 πρὸς
1752 1418 1848 1469 ἁλ-

257 1509 457 1578 λήλους
492 1510 632 1579 μετὰ
664 1510 774 1561 τῶν
806 1510 843 1560 Γ
851 1510 1188 1579 ραμματέων
1216 1509 1422 1575 ελεγονο
1447 1508 1676 1572 ’Δλλους
1709 1509 1847 1562 ἐσω-

258 1618 377 1661 σεν,
413 1601 603 1653 ἑαυτὸν
630 1601 692 1654 οὐ
718 1600 942 1653 δύναται
965 1599 1160 1654 σῶσαι.
1179 1599 1240 1654 ’0
1271 1600 1505 1671 Χριστὸς
1534 1603 1562 1652 6
1595 1600 1847 1669 βασιλεὺς

255 1696 358 1748 τοῦ
398 1693 641 1764 Ἰσραὴλ,
674 1691 968 1746 καταϐάτω
1001 1692 1096 1747 νῦν
1140 1692 1248 1746 ἀπὸ
1287 1691 1382 1744 τοῦ
1431 1692 1690 1763 σταυροῦ,
1763 1692 1848 1743 ἵνα

259 1787 462 1855 ἴδωμεν
498 1788 592 1868 καὶ
632 1783 1039 1853 πιστεύσωμεν.
1096 1783 1209 1837 Kal
1237 1784 1285 1835 οί
1334 1784 1848 1853 συνεσταυρωμένοι

256 1877 432 1946 αὐτῷ,
462 1874 738 1940 ὠνείδιζον
769 1877 956 1930 αὐτόν.
1000 1895 1018 1927 ι
1059 1877 1169 1931 Kal
1208 1877 1259 1929 οί
1292 1877 1843 1947 παραπορευόμενοι,
1881 1877 1920 1930 Β

257 1971 415 2037 ςησὶ,
447 1969 752 2034 τουτέστιν,
794 1971 843 2021 oi
880 1969 1224 2039 διερχόμενοι
1256 1970 1354 2040 τὴν
1387 1970 1524 2036 ὁδὸν,
1560 1971 1654 2023 καὶ⁵
1690 1970 1847 2022 αὐτοὶ

257 2055 650 2130 ἐϐλασφήμουν
698 2063 788 2113 τὸν
838 2062 1064 2131 Κύριον,
1136 2062 1340 2114 ὡσανεὶ
1412 2063 1848 2126 ἐπιτωθάζοντες

255 2150 422 2203 αὑτὸν
451 2151 526 2213 ὡς
566 2151 785 2206 πλάνον.
818 2152 1055 2219 Ὁμοίως
1087 2153 1182 2204 καὶ
1224 2153 1271 2204 οἱ
1305 2153 1587 2223 ἀρχιερεῖς
1622 2153 1808 2219 ἔλεγον
1831 2169 1842 2180 ·

272 2242 332 2297 Ὀ
361 2243 550 2305 ἄλλους
587 2243 788 2309 σώσας,
827 2245 1019 2297 ἐαυτὸν
1050 2245 1110 2296 οὺ
1147 2244 1309 2308 σώζει
1332 2262 1346 2310 ;
1373 2245 1548 2298 Τοῦτο
1577 2245 1632 2299 δὲ
1660 2245 1848 2313 ἔλεγον

257 2333 718 2396 ἁποσκώπτοντες
747 2337 828 2398 εἰς
865 2339 933 2387 τὰ
973 2335 1230 2404 θαύματα
1262 2336 1451 2402 αὑτυῦ,
1494 2341 1587 2390 καὶ
1625 2340 1850 2407 ἐπικερο

261 2426 584 2496 τομοῦντις,
611 2429 686 2489 di;
705 2428 845 2481 κατὰ
878 2427 1185 2495 φαντασίαν
1217 2430 1357 2498 τάχα
1381 2430 1651 2497 γενόμενα
1700 2430 1842 2480 Θαυ-

265 2520 595 2590 ματουργῶν
627 2522 738 2594 γὰρ
773 2521 942 2584 ἔσωζε
975 2522 1226 2584 πολλούς.
1253 2524 1311 2576 Ὀ
1339 2523 1394 2576 δέ
1420 2523 1668 2587 διάϐολος
1704 2542 1849 2593 παρ-

266 2611 442 2664 εκίνει
477 2613 674 2675 αὐτοὺς
725 2613 905 2680 λέγειν
939 2615 1019 2679 τὸ,
1065 2614 1379 2669 Καταϐάτω
1412 2617 1522 2669 ἀπὸ
1557 2617 1652 2669 τοῦ
1685 2634 1851 2669 σταυ-

263 2701 386 2774 ροῦ.
431 2700 588 2756 Ἐπεὶ
630 2704 738 2774 γὰρ
776 2705 918 2774 ἐγνω
949 2710 977 2759 6
1027 2707 1361 2779 ἁρχέκακος,
1397 2709 1480 2762 ὅτι
1525 2711 1558 2778 ἡ
1601 2711 1850 2779 σωτηρία

259 2794 354 2846 διὰ
407 2794 502 2848 τοῦ
541 2795 776 2867 σταυροῦ
815 2797 1046 2865 γίνεται,
1090 2799 1256 2852 πάλιν
1305 2800 1562 2868 ἐπείραζε
1604 2801 1695 2852 τὸν
1749 2801 1856 2858 K63

266 2900 382 2954 ριον
409 2926 424 2949 ,
463 2884 548 2937 ἵνα
577 2886 672 2937 ἐὰν
697 2885 908 2956 καταϐῇ
935 2887 1042 2939 ἀπὸ
1117 2892 1163 2940 ιῦ
1196 2888 1454 2958 σταυροῦ,
1489 2890 1850 2961 πληροςρορη-

269 2975 363 3047 θῇ,
409 2977 491 3030 ὅτι
524 2977 628 3030 οὐκ
669 2976 818 3032 ἐστιν
853 2977 976 3043 Υἱὸς
1015 2979 1150 3033 Θεοῦ
1179 2980 1196 3010 ί
1230 2979 1326 3033 καὶ
1372 2979 1516 3032 οὕτω
1561 2981 1840 3053 καταλυθῇ

262 3070 297 3137 ἡ
331 3071 574 3139 σωτηρία
601 3071 632 3139 ἡ
656 3070 745 3123 διὰ
776 3070 871 3123 τοῦ
895 3070 1132 3140 σταυροῦ
1162 3088 1175 3102 ⁸
1210 3071 1325 3124 ἀλλ’
1353 3073 1564 3130 ἐκεῖνος
1593 3075 1687 3125 καὶ
1721 3073 1853 3136 Υἱὸς

263 3159 400 3212 Θεοῦ
433 3156 500 3231 ἦν
535 3162 775 3228 ἀληθῶς,
813 3165 907 3215 καὶ
948 3163 1036 3216 διὰ
1071 3161 1232 3216 τοῦτο
1273 3163 1480 3234 μᾶλλον
1513 3164 1573 3216 οὑ
1611 3165 1848 3233 κατέϐη·

1953 620 2011 663 ut
2054 619 2456 678 contemptores
2505 620 2559 661 et
2596 608 2775 674 hujus,
2826 616 2880 660 et
2912 607 3052 675 ejus,
3083 623 3248 675 quam
3286 605 3547 658 Dominus

1950 701 2120 764 dedit,
2154 701 2306 770 legis.
2347 699 2451 752 Sed
2487 700 2573 752 hic
2604 700 2824 767 quidem
2855 699 3076 767 gentilis
3122 705 3310 763 gratus
3366 695 3446 758 ﬁt,
3491 704 3549 748 et

1951 787 2261 859 resipiscit:
2305 789 2566 844 Judaicus
2622 801 2804 842 autem
2859 803 3032 858 usque
3083 787 3150 841 ad
3203 787 3362 839 ﬁnem
3397 788 3546 838 blas-

1949 879 2195 948 phemat.
2284 879 2456 933 Porro
2545 877 2808 932 Dominus
2892 880 3037 932 inter
3110 878 3246 930 duos
3316 879 3546 946 populus

1948 970 2313 1040 cruciﬁgitur.
2350 970 2471 1037 Ipse
2504 972 2648 1022 enim
2676 970 2814 1037 lapis
2851 981 2934 1023 est
2969 968 3314 1038 conjungens
3349 984 3467 1019 nos.

2021 1059 2187 1114 νεεδ.
2223 1060 2421 1115 ‘28-'52.
2472 1079 2491 1113 ε
2529 1061 2590 1114 Et
2623 1063 2714 1131 qui
2743 1061 3118 1130 przrterihant,
3156 1059 3548 1111 conviciaban-

1951 1161 2039 1206 tur
2066 1152 2165 1216 illi,
2192 1164 2476 1206 moventes
2499 1154 2677 1220 capita
2710 1167 2829 1215 Sua,
2865 1168 2928 1205 ac
2978 1151 3224 1204 dicentes
3254 1168 3264 1201 :
3307 1147 3421 1200 Vah
3449 1151 3541 1218 qui

1950 1244 2228 1298 demoliris
2274 1247 2558 1313 templum,
2611 1256 2666 1298 et
2712 1247 2764 1298 in
2808 1245 2986 1298 tribus
3044 1244 3235 1298 diebus
3285 1243 3546 1304 usmiis,

1949 1351 2104 1389 serva
2145 1336 2397 1406 teipunn,
2449 1349 2500 1390 et
2539 1338 2807 1390 descende
2851 1337 2918 1390 de
2963 1350 3150 1388 cruce.
3194 1333 3460 1387 Similiter
3495 1342 3551 1386 ct

1950 1429 2146 1478 summi
2191 1428 2507 1481 sacerdotes
2554 1428 2840 1481 illudentcs
2884 1429 3027 1480 inter
3059 1442 3180 1480 sese
3231 1441 3355 1478 cum
3401 1423 3550 1478 Scri-

1953 1521 2058 1584 bis,
2091 1519 2384 1576 dicebant:
2419 1521 2569 1575 Alios
2605 1522 2864 1586 servavit,
2903 1523 3141 1589 seipsutn
3176 1534 3399 1574 Servare
3439 1533 3548 1573 non

1953 1623 2150 1681 potest.
2193 1613 2447 1668 Christus
2482 1615 2569 1668 illc
2607 1631 2698 1669 rex
2747 1614 2912 1668 Israel
2956 1617 3247 1668 descendat
3304 1629 3448 1669 nunc
3481 1615 3551 1669 de

1951 1721 2137 1768 Crnce,
2180 1716 2239 1759 ιιι
2284 1708 2569 1760 videmnus
2609 1717 2662 1761 et
2711 1708 3025 1760 credamus.
3067 1707 3130 1759 Et
3165 1708 3254 1774 qui
3303 1705 3549 1760 cruciﬁxi

1953 1799 2169 1852 fuerant
2198 1814 2320 1852 eum
2357 1799 2469 1862 illo,
2509 1801 2701 1868 probra
2740 1799 3018 1868 jar-iebanl
3053 1801 3102 1853 in
3132 1815 3283 1852 eum.
3319 1820 3334 1849 ι
3359 1798 3424 1852 Ει
3461 1798 3552 1866 qui

1955 1891 2330 1959 praeteribant,
2380 1894 2482 1946 hoc
2514 1903 2620 1957 est,
2664 1893 2753 1960 qui
2799 1893 3107 1946 transibant
3147 1907 3244 1960 per
3288 1893 3454 1956 viam,
3493 1899 3549 1946 et

1956 1984 2058 2054 ipsi
2093 1984 2544 2053 hlaspliemabant
2593 1983 2904 2048 Dominum,
2941 1985 3377 2052 iinprnperantes
3407 1983 3454 2036 ei
3494 1993 3556 2038 ut

1958 2074 2262 2142 iinpostori.
2322 2073 2590 2127 Similiter
2628 2084 2808 2128 autem
2841 2084 2894 2129 et
2928 2076 3218 2144 pontitices
3261 2075 3551 2128 dicebant:

1956 2165 2108 2220 Alios
2141 2165 2392 2230 salvat'it,
2424 2167 2661 2234 scipsum
2699 2181 2804 2219 non
2856 2165 3055 2218 salvat?
3107 2163 3218 2218 Iloc
3259 2177 3438 2218 autem
3473 2164 3556 2218 di-

1954 2258 2154 2309 cebant
2213 2257 2527 2311 deridentes
2591 2258 2709 2326 ejus
2787 2257 3048 2310 miracula
3119 2265 3173 2307 ct
3233 2257 3556 2309 vellicantcs

1961 2349 2119 2414 quasi
2155 2345 2498 2414 pbantastira
2521 2345 2768 2401 fuissent.
2806 2345 2938 2398 Nam
2963 2345 3241 2416 operando
3263 2346 3554 2408 miracula,

1962 2440 2142 2492 salvos
2176 2438 2304 2492 iecit
2350 2438 2576 2493 multos.
2613 2437 2870 2491 Diabolus
2903 2447 3086 2490 autem
3135 2437 3402 2490 incitabat
3433 2436 3555 2490 illos

1957 2540 2016 2582 ut
2049 2530 2320 2594 dicerent,
2355 2529 2656 2584 Descendat
2703 2545 2847 2583 nunc
2879 2529 2946 2580 de
2996 2543 3184 2582 cruce.
3226 2529 3365 2594 Quia
3407 2528 3553 2581 enini

1955 2625 2321 2694 cognoscebat
2379 2633 2570 2675 auctor
2629 2622 2754 2676 ntali
2809 2622 2954 2692 quod
3000 2624 3145 2675 salus
3199 2637 3297 2690 per
3333 2634 3556 2675 crucem

1959 2720 2134 2772 iirrcl.
2169 2718 2363 2770 iterum
2412 2718 2658 2770 tenlabat
2712 2716 3028 2779 Dominum,
3065 2714 3231 2784 259
3278 2723 3335 2766 ut
3378 2713 3424 2768 si
3457 2711 3557 2767 de-

1957 2809 2244 2860 Sreuderet
2279 2806 2348 2859 de
2383 2821 2568 2870 cruce,
2619 2816 2826 2860 certum
2878 2804 3017 2858 foret
3068 2807 3244 2874 ipsum
3290 2819 3394 2857 non
3435 2818 3560 2860 esse

1960 2895 2154 2950 Filium
2201 2894 2318 2957 Dei,
2347 2905 2400 2948 et
2439 2896 2516 2948 sic
2549 2895 2754 2964 periret
2801 2893 2949 2948 salus
2996 2909 3116 2964 quzr
3149 2908 3245 2962 per
3291 2908 3509 2946 crucem
3541 2911 3556 2960 ;

1959 2991 2054 3045 sed
2091 2989 2180 3043 ille
2206 3000 2260 3043 et
2290 2988 2382 3043 Dei
2410 2988 2578 3043 Filius
2607 2998 2726 3044 erat
2753 3003 2902 3052 vere,
2941 2996 2996 3042 et
3040 2999 3326 3057 propterea
3376 2986 3556 3040 minus

1961 3081 2263 3136 descendit.
2323 3081 2456 3133 Nam
2524 3082 2569 3134 si
2632 3080 2894 3134 voluisset
2948 3080 3304 3142 descendere,
3376 3092 3558 3147 neque

1961 3173 2226 3244 principio
2257 3171 2616 3227 ascendisset.
2651 3171 2847 3226 Sciens
2895 3171 3042 3224 enim
3075 3185 3170 3237 per
3205 3171 3307 3223 hoc
3343 3169 3559 3223 salvan-

262 3253 314 3304 εί
346 3251 454 3320 γὰρ
485 3252 675 3322 ἔμελλε
710 3253 1047 3322 καταϐῆναι,
1079 3255 1191 3308 οὐδ’
1224 3231 1292 3308 ἂν
1323 3255 1422 3325 τὴν
1451 3255 1626 3325 ἀρχὴν
1647 3231 1817 3324 ἀνέϐη
1837 3271 1850 3284 ·
1883 3231 1920 3292 c

1962 3231 2057 3312 dos
2093 3258 2369 3321 homines,
2415 3259 2676 3312 sustinuit
2730 3269 2789 3312 ut
2840 3259 3281 3329 crucifigeretur,
3340 3257 3559 3327 aliaque

264 3343 406 3396 ἀλλὰ
435 3344 544 3414 γὰρ
577 3346 732 3408 εἰδὼς
761 3348 844 3399 ὅτι
879 3345 1052 3409 οὓτως
1083 3347 1236 3399 ἐσται
1266 3349 1298 3416 ἡ
1332 3347 1581 3417 σωτηρία
1607 3349 1718 3408 τοῖς
1759 3348 1855 3399 ἀν-

1960 3351 2126 3405 multa
2169 3359 2480 3419 patorem!"
2505 3350 2972 3419 perficereturque
3006 3352 3122 3419 ejus
3160 3367 3321 3420 opus.
3367 3350 3434 3405 Et
3468 3353 3560 3419 qui

264 3432 530 3501 θρώποις,
600 3437 860 3508 ἠνέσχετο
925 3438 1022 3490 καὶ
1089 3439 1478 3509 σταυρωθῆναι
1539 3441 1631 3490 καὶ
1686 3440 1856 3493 τᾶλλα

1958 3441 2117 3495 simul
2143 3442 2412 3506 crucilixi,
2443 3441 2883 3509 exprobrabant;
2910 3442 3178 3511 principio
3203 3443 3337 3502 duo,
3369 3453 3555 3509 postea

276 3528 461 3580 πάντα
488 3531 702 3596 παθεῖν,
751 3532 846 3584 καὶ
883 3529 1170 3585 τελειῶσαι
1217 3532 1382 3586 αὐτοῦ
1414 3533 1476 3585 τὸ
1522 3532 1708 3600 ἔργον.
1745 3530 1857 3583 Kal

1960 3549 2104 3588 unus
2136 3534 2360 3602 agnovit
2387 3549 2514 3587 eum
2565 3534 2870 3597 innoxium,
2918 3535 3060 3588 sicut
3093 3532 3270 3588 Lucas
3315 3535 3471 3598 dicit,
3503 3543 3562 3588 et

262 3619 318 3671 οί
378 3622 886 3690 συνεσταυρωμένοι
954 3621 1231 3685 ὠνείδιζον
1286 3624 1335 3675 οί
1375 3623 1469 3676 δύο
1515 3621 1574 3687 ἐξ
1637 3623 1850 3692 ἁρχῆς’

1963 3625 2269 3693 increpavit
2299 3624 2466 3677 alium
2499 3623 3001 3689 blasphciuautem.

264 3711 387 3769 εἶτα
427 3717 456 3768 6
506 3711 588 3779 εἷς
636 3716 852 3785 ἐπέγνω
893 3718 1060 3772 αὐτὸν
1111 3717 1380 3789 ἀναίτιον,
1439 3719 1515 3773 ὡς
1556 3721 1584 3771 6
1635 3720 1854 3784 Λουκᾶς
1896 3716 2068 3788 λέγει,
2112 3720 2208 3773 xal
2261 3720 2468 3791 μᾶλλον
2503 3719 2599 3772 καὶ
2645 3718 2725 3789 τῷ
2759 3719 2932 3790 ἑτέρῳ
2973 3721 3213 3791 ἐπετίμα
3253 3723 3329 3783 ὡς
3405 3722 3566 3792 βλασ-

263 3828 341 3880 φη
351 3809 562 3881 μοῦντι.

343 3920 362 3954 ι
420 3901 727 3971 Γενομένης
769 3901 825 3954 δὲ
866 3901 1016 3973 ὥρας
1050 3903 1240 3972 ἕκτης,
1274 3902 1468 3963 σκότος
1516 3901 1735 3968 ἐγένετο
1768 3903 1854 3970 ἐφ’

2038 3903 2204 3956 Vens.
2243 3902 2314 3956 55
2347 3901 2439 3955 '57.
2475 3917 2495 3951 ι
2541 3901 2674 3954 Cum
2703 3915 2829 3953 vero
2863 3899 3004 3952 facta
3038 3909 3182 3953 esset
3222 3899 3353 3951 liora
3383 3907 3560 3962 sexta,

261 3993 394 4061 ὕλην
426 3992 522 4062 τὴν
557 3995 682 4062 γῆν,
731 3993 844 4056 ἕως
881 3994 1029 4064 ὥρας
1063 3996 1311 4064 ἐννάτης.
1354 3994 1464 4045 Kal
1517 3997 1585 4064 τῇ
1633 3994 1756 4063 ὥρᾳ
1783 3995 1851 4064 τῇ

263 4087 488 4155 ἐννάτῃ,
535 4085 765 4154 ἐϐόησεν
813 4087 839 4138 6
881 4084 1092 4155 Ἰησοῦς
1142 4087 1293 4155 φωνῇ
1347 4084 1583 4155 μεγάλῃ.
1633 4083 1851 4149 λέγων·

274 4176 459 4240 Ἐλωτ,
500 4176 648 4242 ἐλωτ,
683 4178 882 4248 λαμμᾶ
925 4177 1252 4247 σαϐαχθανὶ,
1304 4177 1332 4229 ὃ
1377 4179 1492 4228 ἐστι
1571 4175 1854 4244 μεθερμη-

260 4269 646 4338 νευόμενον,’0
671 4273 802 4333 Θεός
833 4288 956 4340 μου,
989 4272 1017 4324 6
1040 4271 1172 4333 Θεὸς
1208 4287 1333 4340 μου,
1362 4272 1440 4332 είς
1470 4269 1520 4320 τί
1554 4285 1619 4338 με
1646 4270 1852 4334 ἐγκατ-

264 4361 490 4426 έλιπεςς
536 4364 644 4415 Καί
671 4379 817 4424 τινες
857 4361 968 4415 τῶν
1011 4361 1441 4432 παρεστηκότων
1495 4359 1855 4425 ἀκούσαντες,

263 4452 488 4519 ελεγον·
529 4453 660 4507 Ἰδοὺ
702 4454 900 4508 Ἠλίαν
947 4456 1153 4520 φωνεῖ·
1213 4451 1437 4524 δραμὼν
1492 4453 1550 4505 δὲ
1602 4445 1704 4515 εἷς,
1763 4453 1859 4502 καὶ

1967 3996 2208 4050 tenebrae
2265 4005 2398 4050 ortm
2446 4001 2571 4047 sunt
2616 4008 2780 4063 super
2825 4003 2991 4046 totam
3029 4004 3228 4046 tcrram
3281 4007 3453 4061 u~qne
3496 3991 3567 4048 ad

1966 4088 2156 4140 horam
2197 4100 2418 4138 nonam.
2470 4085 2533 4137 Et
2572 4083 2708 4137 hora
2759 4097 2900 4137 n0na
2947 4083 3200 4137 clamavit
3244 4081 3402 4138 Jesus
3434 4099 3566 4139 voce

1964 4193 2185 4247 magna,
2221 4177 2452 4231 dicens:
2494 4175 2632 4241 Elui,
2661 4175 2787 4240 eloi,
2835 4175 3367 4241 lamasabachtliani,
3416 4175 3565 4246 quod

1964 4282 2068 4333 εει,
2104 4268 2150 4321 si
2198 4269 2324 4337 quis
2356 4269 2769 4334 interpretetur,
2800 4265 2943 4322 Deus
2986 4282 3161 4332 meus,
3195 4265 3339 4320 Deus
3377 4282 3562 4334 meus,

1965 4377 2067 4416 cur
2094 4377 2180 4416 me
2220 4361 2549 4414 deseruisti?
2583 4358 2649 4413 Et
2692 4358 2916 4429 quidam
2964 4359 3260 4412 astantium
3305 4375 3429 4413 cum
3462 4375 3564 4414 au-

1969 4453 2200 4515 dissent,
2238 4451 2531 4506 dicebant:
2570 4451 2709 4505 Ecce
2750 4451 2926 4504 Ellam
2963 4460 3146 4505 vocat.
3182 4450 3436 4524 Accurrit
3461 4465 3562 4505 au-

261 4543 502 4613 γεμίσας
525 4545 766 4614 σπόγγον
799 4545 958 4609 650a,-
979 4585 995 4609 ,
1037 4543 1287 4614 περιθείς
1315 4561 1373 4598 τε
1419 4543 1672 4614 καλάμῳ,
1725 4543 1852 4593 ὲπὸ-
1886 4555 1920 4610 ι]

1961 4556 2068 4600 teni
2096 4547 2336 4615 quidam,
2369 4557 2421 4598 et
2453 4545 2673 4613 impleta
2705 4546 2930 4614 spongia
2991 4553 3169 4611 aceto,
3199 4545 3564 4614 impositaque

261 4634 413 4696 τιζεν
441 4632 626 4698 αὑτὸν,
650 4631 844 4702 λέγων·
874 4635 1099 4702 Ἀφιτε,
1127 4632 1326 4704 ῑδωμεν
1357 4635 1405 4686 εί
1427 4631 1645 4704 ἐρχεται
1664 4631 1854 4690 Ἠλίας

263 4724 518 4778 καθελεῖν
550 4722 822 4781 αὑτόν.’0
850 4725 906 4779 δέ
938 4724 1149 4793 Ἰησοῦς
1174 4725 1333 4794 ἀφεὶς
1367 4725 1552 4796 φωνὴν
1586 4725 1854 4795 μεγάλην,

263 4815 618 4882 ἐξέπνευσεν.
671 4835 691 4871 ι
732 4819 930 4881 Σκότος
960 4818 1200 4888 ἐγένετο,
1253 4819 1354 4872 οὐκ
1393 4819 1478 4888 ἐφ’
1526 4819 1622 4871 ἕνα
1656 4818 1852 4879 τόπον,

261 4908 382 4962 ἀλλ’
444 4909 529 4976 ἐφ’
587 4909 716 4979 ὅλην
781 4911 883 4979 τὴν
937 4912 1075 4981 γῆνο
1142 4911 1238 4964 καὶ
1296 4912 1346 4963 εί
1395 4911 1494 4980 μὲν
1545 4906 1613 4982 ἦν
1661 4909 1853 4979 καιρὸς

263 4998 588 5070 ἐκλείψεως,
607 4996 751 5071 εἶχεν
777 5003 843 5056 ἄν
866 5019 948 5064 τις
976 5002 1180 5070 “fetv;
1206 5002 1288 5054 ὅτι
1313 5002 1540 5068 φυσικδν
1557 5001 1616 5053 τὸ
1642 5000 1813 5062 πάθος
1833 5016 1848 5032 ο

266 5088 364 5144 νῦν
429 5089 509 5152 δέ,
572 5092 1211 5160 τεσσαρεσκαιδεκαταία
1262 5087 1332 5161 ἦν
1389 5094 1423 5162 ἡ
1475 5091 1696 5161 σελήνη,
1765 5091 1855 5143 ὅτε

267 5178 554 5250 ἀμήχανον
583 5181 837 5248 γενέσθαι
886 5181 1130 5253 ἔκλειψιν
1170 5184 1434 5255 φυσικήν.
1471 5184 1705 5255 Ἀναϐοᾴ
1740 5185 1797 5236 δὲ
1829 5186 1858 5237 6

271 5271 474 5342 Κύριος
513 5272 792 5344 Ἐϐραϊστὶ
823 5276 883 5328 τὺ
914 5275 1602 5346 προφητικὸν,’δεικνύων,
1633 5278 1715 5330 ὃτι
1763 5277 1857 5329 καὶ

269 5364 400 5435 ἄχρι
451 5365 768 5430 τελευταίας
814 5368 1090 5438 ἀναπνοῆς
1152 5369 1225 5420 τὰ
1265 5368 1537 5439 Ἐϐραῖκά
1578 5371 1732 5440 τιμᾷ.
1782 5371 1858 5424 Τδ

266 5453 348 5521 δὲ,
397 5456 491 5520 Ei;
552 5457 604 5510 τί
644 5476 714 5531 με
769 5462 1164 5530 ἐγκατέλιπες;
1197 5462 1274 5526 ὼς
1320 5465 1384 5516 ἐκ
1413 5461 1711 5532 προσώπου
1760 5465 1860 5532 τῆς

272 5544 626 5618 ἀνθρωπίνης
683 5549 898 5620 φύσεως
938 5551 1126 5620 λέγει,
1177 5551 1382 5605 ὡσανεὶ
1431 5552 1592 5606 τοῦτο
1639 5553 1856 5622 λέγων’

269 5634 366 5698 El;
413 5638 467 5689 τί
506 5655 574 5708 με
619 5641 712 5693 τὸν
758 5642 1052 5712 ἄνθρωπον
1110 5643 1493 5710 ἐγκατέλιπες,
1529 5638 1574 5696 ὧ
1611 5645 1736 5708 Det,
1772 5645 1859 5696 ἵνα

1962 4634 2244 4698 arundini,
2291 4634 2533 4703 porrexit
2567 4633 2642 4687 illi
2682 4643 2897 4703 potum,
2949 4633 3181 4690 dicens:
3231 4634 3429 4698 Sinite,
3483 4637 3566 4689 vi-

1960 4728 2189 4780 deamus
2217 4744 2284 4779 an
2320 4735 2584 4780 venturus
2618 4727 2686 4779 sit
2716 4723 2865 4781 Elias
2899 4727 2966 4780 ad
2999 4727 3382 4797 deponendum
3410 4743 3558 4783 eum.

1960 4815 2118 4870 .Iesus
2144 4828 2352 4881 autem,
2387 4817 2585 4872 emissa
2618 4833 2749 4872 voce
2784 4833 3001 4885 magna,
3036 4820 3364 4888 exspiravit.
3401 4840 3420 4873 ι
3459 4822 3568 4876 Te-

1960 4908 2143 4961 nebrae
2170 4907 2321 4961 facta:
2372 4917 2500 4961 sunt
2541 4922 2646 4961 non
2691 4908 2744 4961 in
2781 4923 2888 4962 uno
2922 4908 3063 4974 loco,
3113 4910 3209 4964 sed
3260 4925 3427 4981 super
3480 4922 3565 4965 to-

1962 5008 2073 5053 tam
2114 5010 2358 5054 terram:
2398 5011 2452 5054 et
2482 5001 2527 5054 si
2566 4999 2786 5070 quidem
2840 5000 3036 5055 fuisset
3081 5011 3293 5070 tempus
3320 5001 3564 5070 eclipsis,

1965 5093 2237 5163 potuisset
2279 5092 2407 5160 quis
2464 5092 2654 5145 dicere
2705 5091 2952 5145 naturale
3002 5091 3168 5145 fuisse
3220 5090 3562 5160 deliquium:

1964 5198 2110 5238 nunc
2157 5195 2339 5237 autem
2397 5183 2805 5251 decimaquarta
2859 5181 2959 5235 luit
2990 5181 3138 5248 luna,
3169 5197 3276 5251 quo
3314 5191 3563 5252 tempore

1959 5274 2115 5341 juxta
2147 5283 2400 5326 naturam
2431 5273 2731 5343 deliquium
2781 5273 2897 5327 lieri
2951 5273 3309 5343 impossibile.
3353 5274 3566 5329 Clamat
3677 5282 3680 5286 ’

1967 5384 2096 5423 vero
2152 5367 2314 5424 Jesus
2370 5368 2641 5422 Hebraice
2699 5369 3103 5438 propheticum,
3161 5369 3455 5424 ostendens
3507 5384 3568 5424 se

1966 5473 2138 5528 usque
2187 5461 2256 5513 ad
2316 5469 2549 5513 mortem
2606 5457 2870 5514 llebraica
2930 5460 2983 5513 in
3035 5460 3242 5513 honore
3288 5459 3566 5518 habuisse.

1969 5552 2239 5607 Catterum
2287 5552 2433 5621 quod
2463 5554 2637 5607 dicit;
2687 5552 2801 5606 Cur
2837 5567 2923 5607 me
2972 5552 3300 5608 deseruisti?
3341 5569 3406 5608 ex
3446 5569 3569 5622 per-

1966 5660 2098 5698 sona
2131 5645 2385 5697 humana:
2416 5653 2628 5697 naturae
2655 5644 2828 5698 dicit:
2862 5644 3018 5712 quasi
3044 5646 3257 5700 diceret
3285 5687 3297 5705 .
3330 5644 3439 5696 Cur
3479 5657 3568 5698 me

261 5724 446 5801 ϐεηθῶ
481 5728 620 5784 Θεοῦ
669 5736 1084 5806 σταυρουμένου
1127 5735 1271 5807 ὑπὲρ
1310 5736 1482 5807 ἐμοῦ;
1527 5737 1723 5806 Ἡμεῖς
1764 5737 1862 5806 μέν

1969 5737 2246 5789 hominem
2274 5735 2639 5804 dereliquisti,
2666 5750 2699 5789 ο
2729 5734 2890 5801 Deus,
2921 5745 2978 5790 ut
3008 5753 3146 5806 opus
3185 5736 3414 5792 habeam
3448 5735 3562 5791 [eo

266 5824 378 5888 γὰρ
444 5822 495 5874 οι
561 5822 839 5896 ἂνθρωποι
903 5821 1046 5899 ἦμεν
1115 5829 1165 5882 οί
1266 5827 1854 5899 ἐγκαταλελειμμένοι,

1969 5830 2059 5899 qui
2095 5844 2191 5900 pro
2221 5843 2310 5886 tne
2345 5830 2695 5900 crucitigatur
2720 5829 2744 5882 ’ἒ
2769 5828 2875 5885 Nos
2906 5831 3051 5887 enim
3083 5832 3330 5887 homines
3360 5828 3562 5887 fuimus
