4272 6438
750 347 854 414 671

1670 342 2258 407 τΗΕοΡΗΥιΑρΤι
2303 341 2714 406 ΒυιοΑιιιΑι
2746 341 3098 403 ΑΒΕΗΙΕΡ.

3898 330 4015 399 στι

755 463 979 526 deserti.
1011 460 1102 518 ιιιο
1130 472 1402 527 nunquam
1436 472 1464 510 a
1496 455 1658 512 Patre
1699 458 1993 514 derelictus
2037 458 2152 512 fuit.
2186 457 2323 511 Audi
2354 461 2396 516 Α
2429 457 2442 508 ι

2318 457 2323 510 i
2354 461 2396 516 Α
2429 457 2635 519 ἐκεῖνος
2666 455 2723 510 δὲ
2749 456 2848 508 οὐκ
2873 450 3266 523 ἐγκατελείφθη
3298 432 3427 505 ποτὲ
3459 448 3605 520 παρᾶ
3637 449 3730 504 τοῦ
3746 451 4005 521 «Πατρός.

749 557 895 610 enim
920 552 1225 624 mtid‘t‘lirat
1252 569 1264 602 :
1303 548 1417 602 Non
1450 563 1566 603 sum
1612 547 1780 613 solus,
1812 549 2010 618 inquit,
2039 550 2130 604 sed
2160 547 2321 602 Pater

758 657 968 697 meeum
988 649 1094 695 est.
1121 637 1217 695 Vel
1252 639 1414 692 etiam
1444 653 1541 707 pro
1574 636 1818 692 llebrteis
1848 638 2002 699 dicit,
2029 647 2144 691 erat
2176 637 2317 693 enim

753 733 1008 786 Hebraeus
1052 738 1108 783 et
1151 730 1269 799 ipse
1320 731 1615 784 secundum
1653 743 1897 782 carnem.
1931 727 2041 783 Cur
2073 743 2176 792 me,
2217 727 2319 781 hoc

749 832 854 882 est,
880 837 979 876 cur
1012 821 1333 875 llebraicunt
1367 819 1619 890 populum
1661 820 1978 883 deseruisti,
2012 829 2067 872 ut
2102 817 2320 872 cruciﬁ-

748 924 938 977 gerent
995 912 1193 966 Filium
1247 912 1432 964 tuum?
1483 911 1946 977 Quemadmodum
1997 913 2139 965 enim
2191 928 2322 966 con-

750 1004 1029 1056 suevimus
1054 1004 1258 1066 dicere,
1304 1003 1443 1056 Deus
1471 1003 1589 1055 tulit
1617 1017 1724 1066 me,
1759 1004 1862 1056 boc
1889 1013 1990 1064 est,
2031 1002 2317 1055 humanam

750 1102 996 1147 naturam
1033 1112 1045 1146 :
1076 1094 1155 1148 sic
1187 1104 1240 1148 et
1264 1095 1364 1146 hoc
1397 1095 1511 1147 loco
1539 1093 1882 1161 Dereliquisti
1932 1108 2041 1156 me,
2088 1093 2187 1145 boc
2214 1104 2316 1154 est,

754 1185 837 1239 vel
873 1199 1050 1238 meam
1087 1186 1376 1237 humanam
1415 1194 1688 1247 naturam,
1721 1185 1802 1236 rel
1851 1198 2027 1237 metnn
2064 1183 2316 1251 populum

746 1274 1044 1329 .ltulaicum.
1083 1276 1336 1329 Cucurrit
1367 1291 1491 1329 vero
1525 1291 1664 1330 unus
1703 1285 1760 1329 ut
1791 1285 2002 1329 acetum
2044 1277 2091 1328 ei
2122 1288 2318 1342 potan-

745 1367 872 1420 dum
933 1367 1252 1434 porrigeret,
1309 1380 1417 1433 quo
1462 1367 1623 1418 citius
1667 1380 1788 1418 eum
1845 1366 1983 1420 aceti
2027 1367 2320 1420 coniiceret

745 1457 1073 1510 amaritudo.
1098 1456 1231 1509 Cum
1259 1467 1438 1509 autem
1465 1455 1927 1511 clamassetJesus
1949 1471 2080 1511 voce
2105 1471 2318 1526 magna.

743 1547 1064 1614 exspiravit,
1112 1550 1264 1617 quasi
1306 1550 1526 1601 irritans
1555 1557 1779 1600 mortem
1829 1560 1885 1601 ut
1937 1547 2216 1612 Demintts,
2266 1557 2322 1601 et

747 1649 1013 1709 potestate
1042 1655 1136 1691 sua
1173 1641 1429 1693 moriens.
1467 1640 1597 1704 Quae
1636 1651 1814 1693 autem
1849 1655 1947 1694 vox
1995 1641 2081 1692 illa
2135 1639 2316 1704 fuerit,

745 1730 916 1785 Lucas
943 1731 1305 1786 manifestavit
1338 1751 1350 1786 :
1390 1732 1570 1795 Pater,
1597 1734 1647 1785 in
1680 1748 1871 1787 manus
1899 1744 2014 1786 tuas
2045 1750 2319 1788 commen-

2425 547 2631 599 Ἀκουε
2654 545 2763 616 γὰρ
2795 545 2982 611 αὐτοῦ,
3013 543 3066 597 τί
3097 560 3262 614 φησιν
3287 560 3300 574 ·
3337 544 3450 595 Οὐκ
3481 543 3598 613 εἰμὶ
3648 543 3830 611 μόνος,
3863 543 3948 595 ὅτι
3977 543 4008 594 6

2421 638 2610 707 Πατὴρ
2642 639 2757 706 μετ’
2788 636 2921 706 ἐμοῦ
2972 639 3143 690 ἔστιν.
3171 633 3240 688 Ἦ
3268 633 3364 688 καὶ
3392 636 3534 704 ὑπὲρ
3569 633 3677 687 τῶν
3721 634 4006 702 Ἐϐραίων

2420 728 2579 779 τοῦτό
2616 745 2802 797 φησιν,
2837 727 2912 790 ὡς
2949 727 3201 798 Ἐϐραῖος
3230 726 3324 778 κοιλ⁵
3354 726 3517 788 αὐτὸς
3557 725 3619 778 τδ
3645 726 3788 778 κατὰ
3817 725 4006 793 σάρκα

2421 819 2516 871 ὤν’
2553 820 2648 882 Εἰς
2678 818 2730 871 τί
2762 819 2882 888 ἐμὲ,
2913 820 3180 883 τουτέστι,
3208 820 3300 871 τὸν
3331 816 3622 886 Ἐϐραικὸν
3648 817 3797 878 λαὸν,
3832 820 4007 882 ἐγκα-

2426 911 2666 973 τέλιπες,
2713 911 2799 962 ἶνα
2827 910 3186 980 σταυρώσωσι
3217 910 3308 962 τὸν
3355 909 3483 962 Υίὸν
3513 909 3603 961 τὸν
3631 910 3752 974 σόν;
3784 911 4006 976 Ὠσπερ

2420 1001 2528 1070 γὰρ
2551 999 2820 1069 εἰώθαμεν
2841 1000 3042 1068 λέγειν,
3074 1001 3154 1052 ὅτι
3185 1000 3245 1054 Ὀ
3273 1000 3404 1063 Θεὸς
3433 999 3695 1070 ὲφόρεσεν
3725 1000 3846 1067 ἐμὲ,
3877 997 4012 1052 ἀντὶ

2420 1091 2537 1155 τοῦ,
2582 1091 2679 1159 τὴν
2720 1091 3070 1162 ἀνθρωπίνην
3101 1092 3281 1160 φύσιν·
3319 1089 3461 1144 οὕτω
3492 1093 3584 1144 καὶ
3626 1090 3863 1146 ινταῦθα
3891 1090 3958 1143 τὸ
3986 1125 4008 1156 ι

2421 1179 2810 1247 Ἐγκατέλιπές
2874 1199 2964 1251 με,
2995 1181 3103 1234 νόει
3127 1181 3246 1234 ἀντί
3276 1181 3396 1247 τοῦ,
3420 1181 3520 1251 τὴν
3551 1179 3689 1250 ἐμὴν
3720 1179 3883 1249 φύσιν
3899 1181 4012 1250 τὴν

2422 1272 2779 1341 ἀνθρωπίνην
2804 1315 2818 1336 ,
2879 1273 2913 1342 ἢ
2938 1274 3029 1324 τὸν
3062 1272 3194 1342 ἐμὸν
3233 1273 3358 1325 λαὸν
3389 1275 3480 1325 τὸν
3510 1271 3820 1325 Ἰουδαῖκόν.
3857 1277 4011 1342 Δρο-

2432 1363 2548 1432 μὼν
2569 1365 2625 1416 δὲ
2661 1360 2758 1427 εἷς,
2793 1365 2911 1428 ὄξος
2942 1364 3190 1428 ἐπότιζεν
3235 1365 3414 1427 αὑτὸν,
3457 1365 3544 1417 ἵνα
3586 1366 4010 1434 συντομώτερον

2421 1459 2584 1510 αὑτὸν
2616 1462 2647 1527 ἠ
2685 1459 2950 1529 δριμύτης
2987 1460 3078 1511 τοῦ
3107 1461 3260 1524 δξους
3291 1460 3604 1531 θανατώσῃ.
3639 1461 3868 1530 Κράξας
3889 1460 3945 1513 δὲ
3975 1460 4010 1511 6

2423 1545 2630 1616 Ἰησοῦς
2663 1551 2811 1616 φωνῇ
2842 1548 3069 1620 μεγάλῃ,
3094 1548 3432 1612 ἐξέπνευσεν,
3460 1551 3625 1601 οἱονεὶ
3655 1548 4008 1617 προσκαλοῦ-

2427 1651 2580 1702 μενος
2619 1634 2709 1686 τὸν
2745 1634 2994 1698 θάνατον,
3043 1635 3116 1698 ὼς
3163 1636 3441 1704 Δεσπότης
3467 1638 3557 1687 καὶ
3597 1637 3716 1688 κατ’
3748 1636 4010 1700 ἐξουσίαν

2425 1724 2808 1793 ἀποθνήσκων.
2844 1725 2939 1786 Τίς
2963 1725 3019 1776 δὲ
3053 1722 3170 1794 ἦνή
3205 1727 3377 1794 φωνὴ,
3403 1725 3675 1794 ἐδήλωσεν
3697 1728 3724 1778 ὁ
3750 1727 3970 1789 Λουκᾶς
3988 1740 4003 1754 ⁸

745 1824 814 1876 tlo
841 1824 1090 1889 spiritum
1121 1841 1318 1878 meum.
1350 1823 1555 1878 Etenim
1589 1836 1640 1878 et
1671 1827 1772 1879 hoc
1806 1827 2127 1880 beneﬁcium
2157 1826 2317 1880 Chri-
2353 1812 2390 1865 Β
2428 1819 2432 1867 ¹

2353 1812 2390 1865 Β
2428 1818 2628 1882 Πάτερ,
2662 1818 2739 1877 είς
2773 1816 2956 1885 χεῖράς
3002 1833 3095 1868 σου
3128 1815 3468 1886 παρατίθημι
3499 1817 3560 1869 τὸ
3595 1815 3812 1885 πνεῦμά
3852 1833 3958 1886 μου
3990 1855 4007 1870 .

742 1915 808 1969 sti
860 1925 962 1978 est,
1006 1917 1148 1985 quod
1208 1932 1349 1970 nunc
1392 1925 1702 1971 Sanctorum
1747 1917 1970 1985 spiritus
2021 1918 2074 1970 in
2129 1934 2320 1972 manus

746 2004 922 2062 Patris
953 2009 1273 2071 ascendunt,
1308 2009 1399 2075 qui
1434 2009 1562 2062 olim
1598 2010 1664 2062 ab
1712 2009 1925 2063 inferno
1975 2009 2316 2073 tenebantur,

741 2101 911 2154 donec
986 2103 1202 2154 veniret
1262 2100 1356 2170 qui
1437 2100 1752 2170 praedicavit
1826 2100 2057 2170 captivis
2131 2103 2317 2156 remis.

739 2206 970 2245 stonem.

812 2363 980 2420 Vens.
1021 2366 1216 2422 38o“.
1272 2386 1290 2418 t
1336 2368 1398 2422 Et
1428 2369 1605 2422 velum
1649 2369 1833 2439 templi
1884 2373 2115 2425 scissum
2150 2373 2315 2426 estin

739 2455 876 2510 duas
908 2468 1088 2526 partes
1122 2475 1150 2510 a
1186 2474 1304 2512 sum
1321 2474 1407 2510 mo
1437 2475 1610 2529 usque
1644 2462 1709 2512 ad
1738 2462 1925 2513 imum.
1963 2460 2096 2516 Cum
2131 2473 2313 2516 autem

740 2548 959 2601 vidisset
1003 2550 1249 2602 centurio
1283 2548 1446 2620 230
1476 2551 1563 2617 qui
1604 2553 1816 2604 astabat
1847 2567 1910 2606 ex
1943 2553 2173 2606 adverso
2215 2554 2313 2615 illi,

739 2640 880 2704 quod
924 2640 1004 2694 sic
1042 2640 1242 2694 emisso
1273 2642 1508 2696 clamore
1553 2644 1908 2711 exspirasset,
1963 2645 2141 2699 dixit:
2182 2644 2318 2700 Vere

740 2731 902 2786 botuo
933 2733 1015 2787 hic
1061 2730 1230 2787 Filius
1260 2746 1377 2788 crat
1410 2733 1523 2788 Dei.
1559 2736 1727 2789 Erant
1767 2747 1946 2792 autem
1980 2749 2034 2792 et
2069 2737 2318 2794 mulieres

737 2837 767 2873 e
821 2823 1109 2894 longinquo
1176 2837 1505 2894 spectantes,
1574 2830 1719 2881 inter
1780 2845 1914 2897 quas
1969 2841 2086 2885 erat
2154 2831 2317 2884 llatia

739 2914 1073 2980 Magdalene,
1123 2928 1177 2970 et
1212 2918 1379 2975 Maria
1430 2918 1619 2974 Jacobi
1655 2922 1828 2988 parvi,
1868 2932 1920 2975 et
1964 2921 2087 2975 Jose
2123 2931 2314 2988 mater,

735 3011 790 3054 et
833 3003 1086 3058 Salome:
1124 3021 1242 3075 qua:
1294 3010 1456 3062 etiam
1508 3025 1631 3063 cum
1684 3021 1827 3064 esset
1865 3014 1914 3063 lu
1960 3010 2200 3075 Galflzea,
2231 3027 2316 3066 se-

739 3102 875 3148 cuta
925 3094 1138 3149 fuerant
1171 3097 1322 3151 illum
1347 3141 1359 3161 ,
1396 3110 1449 3152 et
1485 3099 1925 3155 ministraverant
1964 3102 2036 3166 ei,
2087 3102 2314 3168 aliaeque

742 3184 1047 3251 complures
1077 3203 1194 3255 qua:
1220 3188 1380 3241 simul
1414 3189 1774 3244 ascenderant
1807 3207 1927 3246 cum
1970 3208 2034 3245 eo
2060 3192 2315 3248 Hieroso-

739 3273 962 3341 lymam.
1007 3297 1025 3329 ι
1057 3277 1302 3332 Scissum
1338 3289 1416 3333 est
1438 3280 1638 3344 velum,
1674 3297 1769 3351 per
1799 3283 1901 3338 hoc
1933 3283 2315 3339 manifestante

744 3374 856 3425 l‘oeo
882 3372 1026 3440 quod
1058 3373 1231 3440 gratia
1267 3371 1507 3441 Spiritus
1545 3387 1577 3428 ο
1613 3374 1812 3444 templo
1852 3375 2051 3441 evolet,
2084 3387 2138 3430 et
2173 3376 2316 3444 quod

738 3462 935 3517 sancta
981 3474 1291 3517 sanctormn
1341 3465 1597 3521 omnibus
1629 3467 1922 3535 conspicua
1978 3477 2034 3522 et
2085 3483 2305 3523 accessa

738 3555 866 3611 fient
898 3572 912 3611 :
943 3557 1084 3625 quod
1123 3567 1178 3610 et
1227 3555 1567 3622 lamunnest,
1609 3557 1872 3614 Romanis
1927 3559 2224 3628 ingressis;
2261 3571 2317 3614 et

735 3647 880 3718 quod
912 3649 1094 3716 lugeat
1123 3647 1291 3702 etiam
1329 3647 1585 3718 templum
1614 3666 1628 3702 :
1665 3663 1788 3704 nam
1813 3650 1956 3717 quod
1991 3651 2043 3704 in
2080 3651 2317 3704 calami-

744 3740 945 3792 tatibus
970 3739 1148 3793 lacere
1184 3739 1358 3795 solent
1402 3738 1594 3804 .lndzei,
1634 3757 1757 3795 cum
1788 3750 1970 3796 vestes
1995 3743 2315 3802 dilacerant.

738 3828 841 3883 boc
856 3838 910 3882 et
942 3829 1198 3897 templum
1243 3830 1400 3900 qua'si
1460 3832 1762 3886 animatum
1797 3841 1968 3896 esset,
2003 3831 2133 3888 fecit
2162 3848 2315 3889 com-

738 3921 952 3990 patiens
1012 3921 1289 3974 Contlitori
1357 3936 1457 3974 sun
1525 3921 1769 3990 patienti,
1835 3932 1890 3978 et
1951 3932 2127 3978 vestes
2189 3939 2318 3979 suas

737 4011 1084 4080 disrumpens
1115 4029 1128 4064 :
1160 4021 1214 4066 et
1241 4013 1386 4066 aliud
1413 4011 1667 4082 quiddam
1700 4015 1750 4067 in
1777 4015 1880 4070 hoc
1908 4015 2309 4070 manifestatur.

735 4102 879 4158 Caro
926 4104 1040 4171 ipsa
1084 4106 1445 4157 velamentum
1477 4111 1564 4158 est
1596 4106 1768 4159 nostri
1827 4106 2038 4174 templi,
2081 4107 2181 4160 hoc
2212 4113 2316 4172 est,

741 4197 959 4250 mentis.
1020 4196 1206 4266 itaque
1252 4198 1425 4250 virtus
1467 4210 1627 4265 quam
1677 4198 1862 4252 babuit
1894 4213 2023 4252 caro
2056 4200 2316 4254 adversus

741 4285 1013 4353 spiritum,
1081 4286 1430 4356 passionibus
1499 4286 1708 4342 Christi
1788 4291 2051 4344 dissoluta
2116 4299 2220 4354 est,
2285 4305 2314 4342 a

736 4389 951 4430 summo
999 4390 1170 4444 usque
1219 4377 1498 4442 deorsum,
1544 4378 1647 4431 hoc
1682 4388 1786 4440 est,
1821 4378 1891 4432 ab
1933 4379 2104 4431 Adam
2141 4394 2314 4446 usque

2427 1909 2531 1959 Καὶ
2564 1907 2672 1976 γὰρ
2705 1910 2799 1959 καὶ
2844 1907 3002 1960 τοῦτο
3031 1907 3395 1977 κατώρθωσεν
3423 1908 3556 1976 ἡμῖν
3608 1907 3638 1958 6
3670 1907 3898 1974 Κύριος,
3934 1908 4009 1959 τὸ

2427 2004 2506 2062 εἰς
2539 2003 2726 2069 χεῖρας
2759 1999 2852 2050 τοῦ
2888 1999 3023 2058 Θεοῦ
3057 1998 3370 2051 ἀναϐαίνειν
3399 1998 3466 2052 τὰ
3494 1998 3603 2050 τῶν
3635 1999 3803 2066 ἁγίων
3831 1998 4012 2052 πνεῦ-

2428 2108 2575 2158 ματα
2603 2108 2615 2120 °
2649 2091 2842 2161 πρώην
2878 2091 2985 2161 γὰρ
3018 2093 3075 2143 ἐν
3112 2089 3238 2160 ᾅδου
3269 2089 3487 2143 πάντων
3534 2091 3592 2141 al
3633 2089 3802 2159 ψυχαὶ
3827 2091 4012 2160 ἂκρα.-

2432 2183 2643 2247 τοῦντο,
2665 2184 2770 2246 ἕως
2793 2176 2853 2236 οὗ
2875 2179 3039 2254 ἦλθεν
3072 2186 3099 2236 6
3125 2182 3370 2253 κηρύξας
3387 2181 3756 2252 αξχμαλὼτοις
3779 2182 4007 2250 ἄφεσιν.

2497 2295 2515 2326 ι
2556 2277 2667 2330 Καὶ
2700 2276 2758 2329 τὸ
2789 2277 3191 2346 καταπέτασμα
3222 2276 3316 2328 τοῦ
3349 2276 3478 2329 ναοῦ
3505 2275 3725 2346 ἐσχίσθη
3760 2276 3840 2339 είς
3879 2274 4010 2341 δῦο,

2420 2367 2527 2420 ἀπὸ
2565 2367 2770 2421 ἄνωθεν
2794 2369 2898 2432 ἕως
2929 2370 3099 2422 κάτω.
3128 2367 3276 2421 Ἰδὼν
3305 2368 3362 2420 δὲ
3387 2370 3414 2421 6
3452 2367 3754 2434 κεντυρίων
3784 2369 3811 2420 6
3846 2381 4005 2437 παρ-

2422 2455 2668 2524 εστηκὼς
2688 2457 2745 2522 ἐξ
2772 2457 3020 2520 ἐναντίας
3043 2455 3209 2509 αὑτοῦ
3251 2457 3332 2512 ὅτι
3361 2456 3502 2510 οὕτω
3515 2455 3720 2525 κράξας
3745 2455 4010 2523 lamu-

2423 2564 2534 2610 σεν,
2559 2545 2711 2600 εἶπεν
2736 2563 2750 2576 ·
2779 2547 3022 2618 Ἀληθῶς
3039 2550 3066 2600 6
3086 2548 3369 2617 ἄνθρωπος
3402 2540 3557 2612 οὗτος
3590 2548 3714 2612 Υἱὸς
3742 2543 3809 2618 ἦν
3834 2548 4006 2602 Θεοῦ.

2419 2633 2600 2690 Ἦσαν
2629 2639 2685 2690 δὲ
2720 2641 2812 2692 καὶ⁶
2847 2640 3103 2706 γυναῖκες
3135 2639 3243 2692 ἀπὸ
3281 2640 3554 2708 μακρόθεν
3584 2639 3904 2709 θεωροῦσαι,
3941 2639 4016 2694 ιν

2421 2724 2510 2791 αἷς
2547 2725 2612 2797 ἦν
2652 2730 2840 2798 Μαρία
2876 2731 2908 2798 ἡ
2943 2729 3301 2799 Μαγδαληνὴ,
3334 2731 3427 2782 καὶ
3454 2729 3637 2798 Μαρία
3665 2731 3701 2798 ἡ
3739 2727 4010 2782 Ἰακώϐου

2421 2820 2514 2873 τοῦ
2550 2819 2770 2891 μικροῦ,
2807 2823 2899 2873 καὶ
2935 2820 3090 2890 Ἰωσῆ
3130 2823 3335 2892 μήτηρ,
3375 2823 3470 2874 καὶ
3517 2808 3770 2892 Σαλώμη.
3802 2823 3869 2875 Αἶ
3902 2824 4008 2875 καὶ

2421 2913 2507 2965 ὅτε
2543 2909 2610 2983 ἦν
2641 2915 2698 2966 ὲν
2731 2916 2797 2983 τῇ
2819 2913 3104 2984 Γαλιλαίᾳ,
3137 2915 3468 2981 ἠκολούθουν
3492 2915 3660 2983 αὐτῷ,
3697 2916 3788 2968 καὶ
3817 2915 4012 2984 διηκό-

2421 3019 2545 3056 νουν
2573 3004 2744 3073 αὐτῷ,
2779 3007 2873 3057 καὶ
2905 3005 3062 3058 ἄλλαι
3100 3007 3314 3068 πολλαὶ,
3349 3009 3402 3059 αἱ
3448 3007 3818 3060 συναναϐᾶσαι
3849 3007 4010 3079 αὐτῷ

2423 3097 2502 3156 εἰς
2544 3094 2915 3165 Ἰεροσόλυμα.
2962 3113 2979 3146 ι
3032 3096 3290 3164 Ἐσχίσθη
3336 3098 3396 3148 τὸ
3442 3099 3864 3165 καταπέτασμα,
3901 3099 4007 3160 δη·-

2425 3184 2640 3247 λοῦντος
2672 3186 2765 3238 τοῦ
2799 3185 2959 3248 Θεοῦ,
3000 3189 3081 3240 ὅτι
3118 3191 3151 3255 ἡ
3192 3189 3358 3258 χάρις
3405 3189 3500 3240 τοῦ
3539 3188 3859 3256 Πνεύματος
3889 3190 4007 3242 ὰπ-

2418 3277 2548 3347 ἐστη
2589 3278 2698 3329 ἀπὸ
2745 3277 2839 3330 τοῦ
2878 3278 3026 3342 ναοῦ,
3069 3281 3163 3332 καὶ
3215 3282 3392 3333 ὃτιτὰ
3449 3282 3615 3346 Ἀγια
3666 3281 3772 3332 τῶν
3822 3279 4002 3348 ἁγίων

2421 3369 2556 3420 πᾶσι
2591 3367 2760 3420 θεατὰ
2807 3369 2903 3421 καὶ
2950 3369 3160 3440 βάσιμα
3201 3371 3674 3441 καταστήσονται·
3716 3372 3745 3423 6
3777 3372 3873 3425 καὶ
3911 3373 4006 3439 γι·

2418 3476 2565 3525 γονε,
2615 3459 2728 3512 τῶν
2786 3459 3077 3530 Ῥωμαίων
3125 3462 3478 3517 είσελθόντων
3512 3480 3524 3492 '
3562 3466 3654 3517 καὶ
3697 3466 3780 3518 ὅτι
3811 3464 4011 3520 πενθεῐ

2419 3548 2514 3600 καὶ
2562 3549 2591 3600 6
2623 3549 2772 3612 ναός.
2811 3549 2994 3618 ’Ὅπερ
3028 3551 3136 3621 γὰρ
3189 3551 3449 3606 εἰώθασιν
3481 3553 3726 3607 Ἰουδαῖοι
3775 3556 3834 3607 ἐν
3882 3557 4009 3618 ταῖς

2433 3643 2743 3710 συμφοραῖς
2784 3647 2978 3705 ποιεῖν,
3012 3646 3104 3696 καὶ
3149 3644 3542 3715 διαρρηγνὺναι
3585 3649 3709 3709 τοὺς
3743 3647 4006 3715 χιτῶνας,

2420 3734 2576 3785 τοῦτο
2628 3734 2723 3786 καὶ
2760 3735 2788 3786 6
2822 3736 2970 3798 ναὸς,
3024 3736 3226 3789 ὡσανεὶ
3263 3738 3529 3808 ἔμψυχος,
3574 3741 3875 3803 ἐνεδείξατο
3913 3743 4008 3794 ἐπὶ

2417 3823 2494 3892 τῷ
2525 3826 2734 3894 κτίστῃ
2776 3825 3061 3894 πάσχοντι,
3097 3826 3154 3878 τὸ
3186 3828 3384 3880 ἑαυτοῦ
3425 3829 3637 3897 ἱμάτιον
3663 3830 3968 3899 διαρρήξας
3991 3848 4004 3861 ⁸

2418 3917 2510 3969 καὶ
2547 3917 2676 3969 ἄλλο
2723 3917 2779 3969 δέ
2825 3934 2877 3969 τι
2913 3919 2975 3970 ὲκ
3019 3917 3212 3971 τούτου
3247 3918 3526 3988 δηλοῦται.
3577 3923 3641 3977 Ἣ
3685 3921 3820 3990 σὰρξ
3864 3923 4009 3993 αῦτη

2419 4010 2821 4077 καταπέτασμὰ
2855 4013 2974 4062 ἐστι
3005 4012 3097 4062 τοῦ
3127 4013 3398 4081 ἡμετέρου
3434 4014 3586 4076 ναοῦ,
3615 4017 3886 4079 τουτέστι,
3911 4015 4008 4070 τοῦ

2428 4101 2546 4162 νοός
2575 4116 2589 4129 ·
2625 4101 2658 4169 ή
2693 4100 2823 4166 γοῦν
2852 4101 2949 4167 τῆς
2980 4103 3181 4170 σαρκὸς
3213 4101 3464 4173 δύναμις,
3501 4105 3569 4175 ἦν
3607 4103 3717 4175 εἶχε
3751 4109 3891 4160 κατὰ
3913 4106 4008 4159 τοῦ

2418 4196 2752 4265 πνεύματος,
2785 4196 3056 4266 mappam
3085 4199 3202 4260 τοῖς
3233 4199 3430 4252 πάθεσι
3460 4201 3553 4253 τοῦ
3587 4201 3855 4271 Χριστοῦ,
3896 4204 4008 4256 ἀπὸ

2415 4288 2622 4341 ἄνωθεν
2674 4289 2778 4351 ἕως
2826 4290 2998 4352 κάτω,
3041 4291 3342 4352 τουτέστιν,
3373 4293 3478 4343 ἀπο
3536 4292 3706 4361 Ἀδὰμ
3748 4293 3857 4357 ἕως
3911 4297 4010 4349 καὶ

2415 4382 2521 4433 τῶν
2561 4381 2887 4434 τελευταίων
2915 4381 3242 4452 ἀνθρώπων.
3272 4384 3379 4436 Καὶ
3409 4385 3518 4453 γὰρ
3565 4386 3593 4436 6
3639 4387 3811 4454 ’Δδάμ
3849 4388 4011 4457 ἡγίαο

737 4467 803 4520 ad
836 4468 1156 4522 novissimos
1190 4469 1456 4524 homines.
1490 4469 1702 4523 Etenim
1744 4471 1916 4523 Adam
1959 4472 2299 4526 sanctiticato
2353 4481 2398 4539 ι)

2353 4481 2398 4539 ι)
2430 4492 2551 4527 σται
2579 4477 2690 4538 τοίς
2725 4474 2924 4527 πάθεσι
2981 4475 3074 4528 τοῦ
3112 4474 3376 4542 Χριστοῦ,
3411 4477 3503 4528 καὶ
3533 4478 3633 4529 οὐκ
3669 4478 3748 4528 ἔτι
3783 4480 3816 4546 ἡ
3867 4479 4010 4550 σὰρξ

738 4559 1081 4625 passionibus
1109 4559 1338 4624 Christi,
1376 4577 1480 4614 non
1516 4563 1654 4615 ultra
1684 4576 1812 4616 caro
1846 4562 1991 4616 illius
2022 4562 2312 4616 maledicta

737 4653 862 4710 erit,
902 4662 1074 4715 neque
1106 4650 1438 4718 corruptioni
1486 4651 1747 4714 obnoxia,
1797 4654 1889 4706 sed
1928 4653 2314 4721 incorruptibi-

737 4739 891 4793 litate
928 4739 1178 4793 honorati
1220 4755 1409 4793 smnus
1449 4757 1661 4796 omnes.
1705 4739 1873 4795 Porro
1905 4743 2170 4806 centurio,
2216 4741 2319 4794 hoc

734 4842 840 4895 est,
876 4832 966 4901 qui
1023 4839 1240 4885 centum
1300 4841 1556 4899 praeerat,
1613 4832 1799 4885 videns
1855 4831 1999 4899 quod
2053 4840 2159 4884 tam
2224 4846 2317 4899 μου

737 4933 911 4978 tenter
941 4932 996 4979 et
1038 4926 1178 4978 sicut
1225 4924 1484 4978 Dominus
1526 4925 1716 4978 mortis
1748 4926 2100 4991 exspirasset,
2150 4923 2320 4978 admi-

735 5026 884 5070 ratus
931 5026 1015 5071 est
1058 5025 1114 5070 et
1161 5017 1462 5071 coofessus.
1502 5015 1638 5072 Vide
1675 5027 1855 5072 autem
1903 5018 2151 5072 ordinem
2183 5032 2318 5071 con-

737 5119 973 5160 versum.
1036 5105 1205 5161 Judaei
1265 5107 1636 5168 interﬁciunt,
1697 5108 1913 5177 gentilis
1973 5109 2314 5163 conﬁtetur:

737 5196 984 5263 discipuli
1040 5197 1271 5264 fugiunt,
1333 5197 1584 5253 mulieres
1631 5208 1872 5252 manent.
1930 5199 2097 5254 Erant
2139 5201 2311 5265 enim,

740 5288 932 5354 inquit,
973 5288 1044 5342 ibi
1098 5297 1153 5342 et
1199 5288 1480 5352 mulieres.
1524 5291 1665 5342 inter
1714 5305 1851 5357 quas
1896 5289 2062 5344 Maria
2103 5291 2320 5360 Magda-

737 5376 880 5439 lene,
935 5387 990 5431 et
1040 5377 1207 5435 Maria
1262 5377 1448 5433 Jacobi
1486 5388 1538 5433 et
1569 5377 1696 5433 Jose
1727 5391 1920 5434 mater.
1973 5381 2035 5435 Et
2069 5381 2185 5436 haec
2222 5381 2314 5436 Dei

733 5468 980 5524 Genitrix
1027 5480 1165 5534 erat,
1202 5487 1323 5542 qua:
1375 5481 1646 5540 quatenus
1703 5470 1940 5542 Josepho
1992 5475 2316 5543 desponsata

743 5561 865 5628 fuit,
895 5571 1068 5617 mater
1103 5573 1220 5616 erat
1248 5573 1303 5619 et
1333 5563 1564 5618 filiorum
1596 5562 1823 5634 Ioseph,
1857 5564 2008 5631 cujus
2041 5566 2132 5620 ﬁlii
2167 5567 2318 5621 fuere

736 5651 972 5708 Jacobns
1013 5665 1069 5708 et
1107 5652 1281 5711 loses.
1317 5656 1526 5711 Dicitur
1569 5656 1762 5711 horum
1811 5667 2004 5722 mater,
2063 5658 2167 5712 hoc
2213 5668 2315 5725 est,

741 5761 970 5803 noverca
1002 5765 1017 5804 :
1053 5747 1194 5804 sicut
1224 5756 1275 5803 ct
1308 5747 1505 5820 Josepb
1549 5765 1684 5807 uxor
1718 5751 2021 5817 dicebatur,
2067 5751 2161 5807 Ιιο(
2208 5761 2311 5819 est,

2418 4565 2628 4618 ἐκείνου
2679 4565 3085 4633 ἐπικατὰρατος
3147 4566 3325 4627 ἐσται,
3385 4566 3508 4620 οὐδὲ
3568 4567 3747 4637 φθορᾷ
3797 4569 4008 4640 ἔνοχος,

2417 4657 2532 4710 ἀλλ’
2587 4657 2870 4726 ἀφθαρσίᾳ
2926 4656 3265 4725 ἐτιμήθημεν
3323 4659 3584 4722 ἅπαντες.
3639 4659 3791 4712 Ἰδὼν
3865 4662 3924 4714 δὲ
3979 4665 4010 4717 6

2425 4746 2748 4816 κεντυρίων,
2781 4745 3078 4810 τουτέστιν,
3121 4746 3149 4796 6
3179 4747 3574 4818 ἑκατόνταρχος
3597 4751 3862 4818 (κέντουμ
3895 4754 4008 4823 γὰρ

2424 4834 2672 4901 λέγουσιν
2712 4836 2758 4887 oi
2796 4834 3055 4904 Ῥωμαῖοι
3121 4836 3181 4887 τὸ
3228 4837 3443 4906 ἑκατόν)
3488 4839 3571 4891 ὅτι
3603 4832 3748 4892 οὕτω
3809 4841 4012 4896 δεσπο-

2421 4926 2958 4994 τικῶςὲξέπνευσεν,
2994 4927 3272 4996 ἐθαύμασε
3315 4932 3408 4980 καὶ
3439 4929 3817 5001 ὡμολόγησεν.
3864 4933 4011 5004 ὐρα

2422 5017 2475 5069 δὲ
2508 5019 2599 5070 καὶ
2632 5018 2730 5086 τὴν
2757 5019 2908 5083 τάξιν
2941 5019 3433 5087 ἀντιστραφεῐσανο
3471 5025 3525 5074 oi
3553 5023 3803 5076 Ἰουδαῖοι
3843 5025 4013 5078 θαναο

2421 5109 2626 5174 τοῦσιν,
2653 5112 2681 5164 6
2705 5109 2917 5172 ἐθνικὸς
2941 5111 3196 5181 ὁμολογεῖ
3215 5130 3227 5142 ο
3253 5113 3303 5165 oi
3327 5113 3570 5180 μαθηταὶ
3600 5116 3919 5184 φεύγουσιν.
3952 5120 4009 5171 αἱ

2423 5206 2676 5271 γυναῖκες
2723 5202 3157 5272 παραμένουσιν.
3188 5199 3371 5258 Ἦσαν
3416 5211 3549 5278 γὰρ,
3585 5210 3741 5282 φησὶ,
3775 5212 3869 5265 καὶ
3913 5230 4013 5281 γυ-

2422 5301 2628 5355 ναῖκες,
2666 5295 2723 5345 ὲν
2752 5287 2839 5356 αἷς
2867 5289 2934 5364 ἦν
2967 5297 3158 5367 Μαρία
3200 5299 3232 5366 ἡ
3278 5300 3638 5370 Μαγδαληνὴ,
3672 5304 3768 5357 καὶ
3813 5305 4011 5375 Μαρία

2421 5389 2454 5456 ἡ
2490 5385 2777 5451 Ἰακώϐου,
2819 5388 2913 5440 καὶ
2940 5389 3100 5458 Ἰωσῆ
3134 5391 3318 5461 μήτηρ
3341 5409 3353 5420 ·
3387 5392 3528 5463 αὕτη
3572 5394 3652 5462 δὲ,
3682 5399 3716 5465 ἡ
3743 5396 4008 5462 Θεοτόκος

2420 5474 2510 5550 ἦν,
2568 5478 2688 5548 ἥτις
2738 5478 2862 5532 καθ’
2909 5478 2939 5531 6
2994 5482 3342 5553 ὲμνηστεύθη
3399 5484 3478 5554 τῷ
3537 5485 3764 5558 Ἰωσὴφ,
3820 5492 4008 5562 μήτηρ

2421 5568 2602 5622 αὐτῶν
2636 5563 2729 5640 ἦν·
2761 5568 2852 5622 τοῦ
2884 5569 2940 5623 δὲ
2973 5571 3172 5644 Ἰωσὴφ
3208 5576 3392 5638 παῖδας
3419 5570 3589 5648 ἦσαν.
3623 5579 3887 5646 Ἰάκωϐος
3913 5585 4008 5636 καὶ

2422 5658 2628 5728 Ἰωσῆς.
2701 5660 2940 5725 Λέγεται
2991 5663 3169 5719 τοίνυν
3230 5669 3417 5738 μήτηρ
3467 5669 3672 5734 αὐτῶν,
3727 5673 3854 5726 ἀντὶ
3885 5673 4005 5739 τοῦ,

2426 5751 2666 5822 μητρυιά
2691 5768 2703 5781 ·
2740 5752 2930 5823 ὥσπερ
2967 5755 3060 5808 καὶ
3089 5754 3184 5810 τοῦ
3216 5753 3420 5832 Ἰωσὴν
3441 5759 3663 5832 ιλίγιτο
3693 5765 3854 5837 γυνὴ,
3886 5763 4010 5820 ἀντὶ
