4272 6438
227 375 337 438 6¹ί3

936 376 1383 439 ENARRATIO
1427 378 1506 439 IN
1550 379 2051 442 EVANGELIUM
2091 381 2354 440 MARCI.
2392 403 2458 414 ·-
2491 381 2648 441 CAP.
2695 383 2812 440 XV.

3404 387 3514 452 674

226 482 348 548 τοῦ,
381 485 618 552 μνηστή.
667 484 726 534 Ἥ
761 482 997 554 Σαλώμη
1039 483 1118 554 δέ,
1147 478 1211 554 ἦν
1244 485 1277 550 ἡ
1315 484 1500 553 μήτηρ
1535 483 1646 536 τῶν
1676 483 1822 536 Υίῶν
1853 491 1898 546 Α

1853 491 1898 546 Α
1929 499 2152 552 sponsa.
2198 483 2419 537 Salome
2452 495 2632 537 autem
2683 497 2802 538 erat
2853 493 3024 538 mater
3073 486 3304 540 filiorum
3352 488 3520 547 lube.

228 575 542 629 Ζεδεδαίου.
565 576 671 629 Καὶ
696 576 877 629 ἄλλαι
910 577 965 629 δὲ
993 577 1242 630 πολλαί.
1267 575 1388 628 Τῶν
1407 579 1512 647 γὰρ
1544 578 1818 646 ἐπισημο-

227 669 405 739 τέρων
444 668 706 737 ὀνομαστὶ
739 670 1168 738 ἐμνημόνευσεν.

309 778 326 808 ε
369 761 481 812 Καὶ
511 761 608 830 ήδη
645 759 805 828 ὀψίας
839 761 1161 830 γενομένης,
1192 761 1315 813 ἐπεὶ
1353 755 1421 830 ἧν
1455 759 1813 829 Παρασκευὴ,

228 849 402 902 eam
454 850 858 921 προσάϐϐατον,
909 846 1072 921 ἦλθεν
1123 849 1323 922 Ἰωσὴφ
1364 853 1390 903 ό
1430 852 1538 905 ἀπὸ
1593 852 1820 920 Ἀριμα-

234 942 399 1004 θαίας
426 943 720 1012 εὐσχήμων
753 943 1067 1014 βουλευτὴς,
1113 945 1170 1006 ὃς
1208 947 1299 995 καὶ
1346 944 1508 1006 αὐτὸς
1535 939 1603 1011 ἦν
1648 960 1818 1013 προσ-

229 1032 521 1101 δεχόμενος
599 1034 696 1102 τὴν
759 1033 1038 1102 βασιλείαν
1119 1034 1211 1087 τοῦ
1285 1034 1462 1087 Θεοῦ⁶
1540 1034 1818 1103 τολμήσας

227 1124 449 1193 είσῆλθε
500 1124 636 1193 πρὸς
697 1126 926 1178 Πιλᾶτον
957 1167 969 1190 ,
1008 1126 1099 1178 καὶ
1141 1128 1386 1197 ᾐτήσατο
1425 1126 1484 1179 τὸ
1515 1127 1678 1196 σῶμα
1719 1125 1816 1179 τοῦ

243 1208 448 1277 Ἰησοῦ.
496 1209 554 1262 ’0
581 1211 635 1263 δὲ
670 1212 904 1276 Πιλᾶτος
929 1213 1267 1284 ἐθαύμασεν,
1310 1217 1359 1268 εί
1410 1215 1511 1286 ήδη
1543 1215 1775 1284 τέθνηκε
1801 1232 1814 1248 ·

231 1302 331 1354 καὶ
403 1303 921 1372 προσκαλεσάμενος
1001 1306 1094 1357 τὸν
1168 1307 1536 1376 κεντυρίωνα,
1596 1305 1818 1376 ἐπηρὼ-

226 1411 398 1463 τησεν
451 1395 634 1462 αὐτὸν,
691 1399 740 1448 εί
785 1398 949 1451 πάλαι
992 1399 1274 1452 ἀπέθανε·
1323 1401 1416 1453 καὶ
1477 1401 1644 1468 γνοὺς
1710 1399 1819 1452 ἀπὸ

225 1487 324 1540 τοῦ
391 1489 786 1559 κεντυρίωνος,
857 1489 1170 1560 ἐδωρήσατο
1227 1491 1288 1543 τὸ
1364 1491 1524 1562 σῶμα
1593 1489 1672 1560 τῷ
1705 1491 1820 1544 Ἰωο

240 1579 380 1650 σὴν.
445 1581 557 1634 Καὶ
602 1580 880 1649 ἀγοράσας
930 1582 1143 1636 σινδόνα
1188 1584 1281 1636 καὶ
1325 1582 1575 1636 καθελὼν
1629 1583 1815 1646 αὐτὸν,

226 1672 478 1741 ἐνείλησε
513 1676 578 1742 τῇ
639 1676 861 1740 σινδόνι,
897 1676 991 1727 καὶ
1024 1675 1332 1746 κατέθηκεν
1383 1675 1547 1728 αὐτὸν
1581 1678 1640 1728 ἐν
1677 1692 1819 1745 μνη-

231 1763 395 1833 μείῳ,
427 1763 456 1815 ὃ
504 1759 574 1835 ἦν
622 1764 1063 1835 λελατομημένον
1095 1767 1160 1818 ἐκ
1196 1766 1402 1837 πέτρας
1434 1783 1446 1795 ·
1496 1766 1593 1818 καὶ
1648 1782 1817 1830 προσ-

1927 576 2046 629 ιίιεὶ.
2085 575 2151 634 ω
2182 576 2306 628 aliae
2337 589 2552 644 quoque
2593 576 2799 638 multae,
2836 577 3052 630 nomina
3083 582 3228 633 enim
3264 583 3525 638 celebrio-

1928 680 2046 718 rum
2086 675 2294 719 tantum
2325 663 2801 720 commemoravit.

1999 841 2164 898 Vens.
2211 841 2404 896 42-47.
2458 861 2475 892 ι
2524 843 2587 897 Ει
2635 858 2756 896 cum
2813 844 2926 914 jam
2973 845 3210 899 venisset
3267 861 3516 918 vespera,

1922 935 2179 1002 qu0niam
2227 947 2344 989 erat
2376 934 2684 990 Parasceve
2721 953 2842 1005 qua:
2889 940 3147 1004 prteceilit
3197 939 3519 1002 Sahbatum,

1922 1027 2071 1078 venit
2094 1024 2296 1094 Joseph
2326 1039 2481 1082 ortus
2509 1042 2571 1080 ex
2608 1026 2831 1081 civitate
2861 1028 3221 1092 Alinl:llh:lf.'t,
3256 1032 3516 1087 honestus

1921 1127 2163 1184 senator,
2188 1121 2278 1187 qui
2305 1128 2360 1172 et
2394 1119 2508 1187 ipse
2540 1129 2659 1173 erat
2684 1129 3009 1189 exspectans
3039 1136 3263 1188 regnum
3301 1124 3388 1176 Dei
3421 1141 3434 1188 ;
3470 1140 3524 1178 ιιι

1921 1218 2134 1277 sumpta
2183 1210 2412 1263 audacia
2444 1211 2724 1281 ingressus
2752 1223 2836 1264 est
2867 1213 2933 1266 ad
2973 1213 3239 1276 Pilatum,
3276 1224 3329 1266 ct
3368 1219 3522 1279 petiit

1919 1316 2122 1370 corpus
2164 1299 2314 1356 Jesn.
2368 1302 2574 1357 Pilatus
2617 1313 2798 1358 autem
2845 1307 3148 1361 admiratus
3185 1318 3272 1361 est
3332 1308 3375 1362 si
3412 1309 3520 1376 jam

1925 1403 2170 1446 mortuus
2197 1401 2362 1446 esset.
2400 1392 2463 1446 Et
2507 1395 2775 1448 accersito
2811 1395 2876 1448 ad
2903 1411 2960 1449 se
2990 1399 3313 1452 centurione
3348 1399 3518 1450 inter-

1921 1488 2133 1554 rogavit
2162 1485 2336 1548 illuut,
2371 1500 2437 1537 au
2464 1484 2781 1552 jamdudqu
2826 1496 3076 1542 mortuus
3103 1490 3315 1545 fuisset.
3351 1490 3411 1543 Et
3439 1506 3520 1544 rc-

1925 1576 2139 1645 cugnita
2173 1588 2237 1630 ex
2275 1577 2619 1640 centurione,
2655 1578 2875 1630 donavit
2920 1593 3122 1646 corpus
3155 1580 3254 1647 ipsi
3291 1579 3520 1650 Ioseph.

1925 1666 1991 1720 Et
2029 1670 2075 1720 is
2112 1678 2392 1722 mercatus
2436 1668 2750 1734 sindonetu,
2788 1673 3095 1736 depositum
3129 1689 3252 1725 cum
3300 1676 3527 1726 involvit

1923 1761 2182 1822 sindoni,
2242 1760 2593 1829 repnsuitque
2657 1762 2708 1814 in
2776 1775 3132 1817 monumento
3198 1765 3342 1833 quod
3408 1777 3527 1819 erat

231 1853 456 1908 εκύλισε
487 1856 634 1908 λίθον
665 1857 759 1908 ἐπὶ
811 1858 908 1926 τὴν
963 1856 1134 1928 θύραν
1180 1856 1274 1910 τοῦ
1325 1856 1615 1926 μνημείου.
1649 1855 1714 1908 Ἦ
1762 1856 1818 1908 δὲ
1850 1839 1894 1897 Β

1850 1839 1894 1897 Β
1923 1851 2168 1906 excisum
2203 1865 2232 1904 e
2273 1860 2473 1921 petra:
2523 1859 2581 1904 et
2627 1850 2872 1905 advolvit
2923 1852 3154 1918 lapidem
3211 1857 3278 1907 ait
3325 1857 3524 1908 ostium

225 1947 422 2018 Μαρία
457 1950 488 2019 ἡ
522 1948 858 2017 Μαγδαληνὴ
891 1951 984 2001 καὶ
1030 1950 1222 2018 Μαρία
1262 1950 1296 2018 ἡ
1326 1949 1506 2018 Ἰωσῆ.
1548 1947 1819 2018 ἐθεώρουν

229 2039 337 2093 ποῦ
383 2039 611 2092 τίθεται.
657 2060 674 2090 ι
723 2041 781 2092 Ὀ
822 2043 1093 2112 μακάριος
1137 2042 1361 2112 Ἰωσὴφ,
1419 2043 1498 2095 ἔτι
1545 2040 1624 2110 τῷ
1670 2042 1820 2112 νόμῳ

224 2129 521 2196 δουλεύων,
575 2132 669 2184 καὶ
709 2133 800 2185 τὸν
844 2133 1082 2202 Χριστὸν
1131 2133 1266 2185 Θεὸν
1301 2134 1537 2202 ἐπέγνω,
1594 2133 1674 2185 διδ
1729 2135 1820 2186 καὶ

227 2221 408 2293 τολμᾷ
434 2224 638 2292 τόλμαν
679 2228 974 2297 ἐπαινέτην
1007 2243 1019 2256 ο
1055 2226 1155 2298 οὐχ
1188 2225 1548 2294 ὑπελογίσατο
1573 2227 1706 2297 γὰρ,
1737 2207 1820 2280 ότι

231 2314 499 2379 Πλούσιός
537 2319 674 2386 εἰμι,
739 2320 839 2372 καὶ
890 2319 1236 2390 ἐκπεσοῦμαι
1276 2319 1370 2372 τοῦ
1419 2319 1673 2383 πλούτου,
1724 2321 1820 2373 ἐὰν

226 2409 548 2478 αἰτήσωμαι
577 2410 636 2462 τὸ
672 2411 830 2478 σῶμα
869 2409 960 2462 τοῦ
1004 2413 1097 2463 ἐπὶ
1128 2412 1405 2481 τυραννίδι
1458 2413 1821 2484 κατακριθέν-

228 2516 349 2562 τος,
392 2501 487 2554 καὶ
526 2501 962 2571 διαϐληθήσομαι
1009 2504 1120 2564 τοῖς
1154 2502 1428 2564 Ἰουδαίοις
1461 2519 1472 2531 ·
1508 2503 1660 2556 οὐδὲν
1698 2503 1821 2556 τού-ο

227 2609 343 2647 των
390 2589 511 2647 εἷπε
558 2594 678 2648 καθ’
713 2595 904 2646 ἑαυτόν
933 2613 944 2624 ·
984 2594 1119 2648 ἀλλὰ
1167 2595 1347 2648 πάντα
1398 2595 1627 2665 δεύτερα
1683 2599 1821 2668 ἡγη-

235 2686 498 2758 σάμενος,
532 2688 777 2759 ᾐτήσατο
809 2688 897 2741 ἵνα
930 2686 1075 2757 ϐάψῃ
1110 2687 1172 2741 τὸ
1205 2688 1298 2740 τοῦ
1334 2689 1819 2760 κατακεκριμένον

237 2777 435 2848 σῶμα.
485 2777 542 2831 ’0
563 2778 617 2830 δὲ
660 2778 887 2840 Πιλᾶτος
931 2777 1267 2846 ἐθαύμασεν,
1323 2780 1369 2829 εἰ
1401 2780 1502 2848 ἤδη
1535 2779 1816 2849 τέθνηκεν·

231 2870 454 2939 ἐνόμιζε
520 2872 627 2940 γὰρ
674 2871 838 2924 αὐτὸν
871 2871 964 2924 ἐπὶ
1002 2871 1139 2924 πολὺ
1184 2872 1451 2936 ἀνθέξειν,
1490 2872 1678 2944 ὥσπερ
1729 2877 1821 2927 καὶ

232 2962 362 3023 τοὺς
390 2962 615 3032 λῃστάς.
639 2963 1005 3034 Ἐπηρώτησε
1035 2964 1091 3015 δέ
1137 2963 1232 3016 καὶ
1266 2965 1357 3017 τὸν
1397 2967 1731 3034 κεντυρίωνα
1772 2970 1820 3021 εί

233 3054 410 3106 πάλαι
447 3055 707 3119 ἀπέθανε,
753 3056 1054 3119 τουτέστιν,
1099 3059 1147 3108 εί
1182 3056 1290 3126 πρὸ
1341 3055 1488 3128 ὥρας
1522 3057 1818 3113 ἀπέθανεν.

245 3144 307 3200 Ὀ
332 3148 509 3199 τοίνυν
534 3146 732 3217 Ἰωσὴφ
751 3146 931 3200 λαῦὼν
960 3147 1019 3200 τὸ
1051 3148 1231 3217 σῶμα,
1260 3149 1495 3218 ἠγόρασε
1529 3150 1627 3218 μὲν
1652 3149 1824 3202 σινδό-

237 3255 326 3292 να.
378 3237 640 3292 Καθελὼν
672 3238 727 3291 δὲ
758 3239 944 3302 αὐτὸν,
996 3239 1238 3307 ἐνείλησε
1274 3241 1339 3309 τῇ
1405 3239 1626 3298 σινδόνι.
1659 3241 1721 3291 τὸ
1750 3240 1828 3291 τί·

239 3346 365 3401 μιον
390 3331 587 3393 τιμίως
618 3330 986 3398 ἐνταφιάζων.
1021 3328 1286 3400 Μαθητής
1311 3330 1418 3399 γὰρ
1441 3325 1509 3400 ἦν
1541 3332 1634 3384 καὶ
1661 3331 1826 3393 αὐτὸς

235 3417 333 3472 τοῦ
386 3418 626 3488 Χριστοῦ
654 3459 668 3481 ,
721 3421 813 3472 καὶ
861 3421 1008 3482 ὅπως
1058 3421 1138 3472 δεῖ
1181 3423 1348 3492 τιμᾷν
1413 3423 1504 3474 τὸν
1546 3424 1829 3493 Δεσπότην

239 3507 420 3570 είδὼςο
479 3510 576 3564 καὶ
636 3511 954 3581 εὐσχήμων,
1006 3513 1254 3565 τουτέστι
1303 3513 1520 3582 σεμνὸς,
1571 3514 1826 3584 εὐλαϐὴς,

237 3601 550 3671 ἄμεμπτος.
618 3601 920 3672 Βουλευτὴς
952 3602 1008 3655 δέ
1051 3602 1271 3672 dempta
1322 3621 1375 3655 τι
1403 3600 1491 3674 ἦν,
1529 3605 1733 3675 μᾶλλον
1773 3607 1830 3659 δὲ

237 3691 616 3764 λειτούργημα
670 3695 765 3748 καὶ
812 3694 978 3764 βάρος
1059 3695 1384 3759 πολιτικὸν,
1437 3695 1465 3748 ὂ
1517 3698 1567 3749 οί
1618 3698 1832 3768 ἔχοντες

237 3784 620 3855 ἠναγκάζοντο
651 3786 719 3838 τὰ
759 3787 853 3856 τῆς
904 3789 1110 3857 ἀγορᾶς
1164 3790 1489 3840 ἐπισκοπεῖν
1515 3805 1528 3818 ·
1560 3790 1651 3842 καὶ
1704 3791 1832 3842 πολ-

239 3877 352 3939 λοῖς
390 3877 652 3940 πολλάκις
698 3878 943 3942 κίνδυνος
977 3878 1212 3947 ἐπῆλθεν
1256 3883 1320 3932 ἐκ
1368 3880 1585 3946 τούτου,
1615 3881 1704 3935 διὰ
1734 3880 1834 3951 τὴν

238 3970 340 4039 τῆς
373 3971 1005 4041 ἀγορᾶςκακοπραγίαν.
1056 3972 1436 4027 Ἀκουέτωσαν
1458 3975 1506 4028 οί
1535 3974 1788 4029 πλούσιοι
1815 4020 1829 4038 ,

242 4065 339 4115 καὶ
372 4062 651 4130 δημοσίοις
687 4061 1141 4130 ἑνασχολούμενοι
1189 4064 1536 4134 πράγμασιν,
1581 4065 1728 4130 ὅπως
1758 4067 1834 4136 τῷ

239 4154 444 4222 Ἰωσὴφ
475 4154 625 4207 οὐδὲν
658 4155 942 4206 ἐνεπόδισε
977 4156 1111 4224 προς
1143 4156 1346 4226 ἀρετὴν
1383 4156 1442 4209 τὸ
1484 4155 1833 4225 βουλευτικὸν

239 4245 485 4313 ἀξίωμα.
556 4245 756 4314 Ἰωσὴφ
791 4246 847 4298 δέ
884 4245 1269 4315 ἑρμηνεύεται,
1314 4246 1607 4317 πρόσθεσις
1631 4264 1644 4279 ·
1683 4247 1832 4318 Ἀρι-

243 4335 478 4404 ttae-aio;
538 4335 614 4397 δέ,
668 4337 838 4403 αἴρων
884 4337 1024 4387 ἐκεῖ-ι
1069 4379 1078 4390 .
1138 4336 1354 4388 Γένοιτο
1403 4335 1499 4388 οὖν
1550 4337 1644 4389 καὶ
1683 4339 1832 4407 ἡμᾶς

242 4427 387 4479 κατὰ
436 4428 525 4477 τὸν
589 4427 785 4496 Ἰωσὴφ
830 4426 1109 4494 γενέσίῖτιι,
1166 4429 1254 4479 ἀεὶ
1303 4427 1702 4495 προστιθέντας
1754 4426 1833 4497 τῷ

1927 1945 2287 1998 monumenti.
2343 1943 2412 1997 At
2463 1941 2633 1997 Maria
2702 1944 3020 2012 Magilaleue
3077 1955 3130 1999 et
3179 1945 3346 2000 Maria
3400 1945 3526 2000 ιίιιςε

1928 2037 2254 2106 spectabant
2294 2036 2384 2090 ubi
2432 2047 2798 2104 poneretur.»
2865 2037 3062 2092 Beatus
3097 2037 3299 2108 Jnseph
3351 2043 3530 2094 adhuc

1927 2127 2032 2197 legi
2069 2127 2231 2200 261
2273 2127 2544 2190 serviens,
2584 2126 2864 2181 Christum
2902 2129 3070 2182 Deum
3121 2140 3362 2198 agnovit.
3407 2133 3526 2184 ium

1925 2230 1981 2274 et
2013 2219 2296 2275 laudatum
2331 2219 2498 2275 audet
2524 2220 2756 2275 facinus.
2796 2220 2984 2292 Neque
3012 2224 3289 2294 cogitabat
3322 2243 3334 2278 :
3369 2225 3528 2281 Dives

1925 2327 2071 2378 sum,
2098 2322 2152 2370 et
2184 2314 2410 2368 divitias
2468 2313 2723 2370 amittere
2783 2316 3009 2384 possum
3043 2336 3056 2371 :
3091 2317 3135 2372 si
3179 2318 3529 2382 postulaverit

1924 2422 2130 2476 corpus
2189 2406 2311 2474 ejus
2372 2406 2462 2474 qui
2521 2417 2745 2476 promer
2802 2410 3150 2478 tyrannidem
3216 2409 3527 2467 affectatam

1925 2500 2322 2554 cnudemnatus
2377 2511 2482 2564 est,
2533 2500 2838 2558 accusabor
2885 2517 2912 2554 a
2950 2499 3177 2556 Iudaeis.
3229 2502 3374 2556 Nihil
3425 2507 3533 2561 tale

1925 2603 2110 2643 secum
2163 2590 2404 2653 «licebat,
2441 2591 2536 2645 setl
2570 2593 2753 2645 omnia
2803 2592 3143 2659 posthabens
3191 2603 3246 2647 et
3296 2594 3532 2653 minoris

1927 2681 2158 2744 faciens,
2214 2683 2408 2752 petivit
2464 2695 2521 2737 ut
2594 2685 2856 2753 sepeliret
2914 2687 3260 2742 condemnati
3306 2705 3530 2760 corpus.

1924 2773 2130 2826 Pilatus
2169 2789 2299 2827 vero
2356 2775 2661 2828 mirabatur
2714 2777 2857 2842 quod
2906 2775 3019 2845 jam
3066 2791 3316 2832 mounus
3361 2790 3508 2834 esset

1924 2862 2156 2920 Putabat
2189 2866 2335 2919 enim
2382 2867 2559 2934 ipsum
2593 2866 2685 2921 diu
2729 2868 2783 2920 iu
2827 2883 3002 2935 agone
3044 2869 3403 2936 luctaturnm,
3459 2874 3536 2926 si"

1925 2965 2018 3011 cut
2045 2967 2097 3010 et
2123 2957 2382 3012 latrones.
2416 2960 2722 3028 luterrogat
2752 2971 2938 3015 autem
2972 2974 3076 3016 etc
3094 2965 3465 3026 entmioneut,
3485 2967 3532 3019 si

1927 3048 2130 3102 dudum
2167 3061 2417 3105 mortuus
2449 3062 2616 3115 esset,
2653 3054 2757 3107 hoc
2789 3063 2899 3118 est,
2929 3065 3055 3108 ante
3081 3055 3295 3108 horam.
3325 3056 3533 3126 Joseph

1931 3143 2117 3212 itaque
2159 3153 2385 3214 accepto
2411 3159 2644 3213 corpore
2693 3158 2973 3201 mercatus
3007 3157 3092 3201 est
3133 3149 3445 3214 siuiloneiu,
3481 3166 3534 3203 in

1931 3250 2038 3303 qua
2070 3236 2377 3304 depositum
2421 3237 2649 3292 htvolvit
2700 3250 2798 3293 εει
2829 3238 2977 3308 quod
3025 3240 3235 3294 honore.
3285 3243 3534 3310 dignum,

1930 3343 2053 3382 cum
2088 3329 2295 3384 honore
2327 3331 2599 3400 sepelivit.
2639 3330 2768 3384 Erat
2799 3332 2946 3385 enim
2981 3341 3034 3384 et
3085 3332 3204 3401 ipse
3236 3335 3538 3403 .tiseipnliis

1930 3419 2083 3485 Jesu,
2108 3420 2290 3475 sciens
2316 3421 2539 3489 dignum
2569 3421 2781 3476 honore
2809 3421 3136 3488 Dominum;
3169 3435 3218 3477 et
3248 3424 3534 3492 honestus,

1934 3512 2041 3565 huc
2087 3518 2193 3574 est,
2257 3510 2401 3578 pius,
2463 3512 3003 3580 irreprehensibilis;
3057 3523 3285 3568 senator
3329 3525 3534 3580 autent,

1934 3617 2055 3672 qua:
2096 3604 2335 3674 mgnitas
2375 3605 2623 3673 quadam
2672 3614 2790 3657 erat
2821 3605 2905 3659 vel
2953 3605 3136 3674 potius
3169 3606 3536 3661 ministerium

1934 3706 1990 3751 et
2022 3711 2161 3749 onus
2193 3695 2352 3748 civile
2395 3710 2490 3763 per
2538 3695 2684 3764 quod
2720 3697 3060 3763 cogebantur
3110 3699 3394 3753 intendere
3452 3699 3539 3752 his

1935 3803 2056 3858 qua:
2084 3785 2187 3841 l‘ori
2234 3795 2413 3852 erant,
2445 3795 2499 3840 et
2533 3787 2699 3840 multa
2734 3801 2879 3855 saepe
2923 3786 3047 3840 inde
3095 3788 3418 3841 oriebantur
3444 3806 3539 3859 pc-

1940 3883 2134 3946 ricula,
2189 3891 2412 3951 propter
2442 3879 2544 3935 fori
2600 3881 2906 3936 malitiam.
2940 3884 3180 3937 Audiant
3221 3885 3441 3946 divites,
3485 3894 3542 3939 rt

1938 3974 2170 4043 publicis
2223 3968 2550 4027 m‘uneribus
2604 3972 2917 4043 fungentes,
2978 3978 3254 4044 quomodo
3300 3971 3542 4043 Iosepho

1939 4066 2075 4120 nihil
2117 4066 2355 4120 obsistat
2407 4066 2474 4118 ad
2523 4065 2782 4119 virtutem
2828 4066 3104 4120 senatoria
3149 4065 3411 4134 dignitas.
3444 4066 3547 4120 Ju-

1939 4158 2071 4226 seph
2121 4156 2470 4225 interpretari
2527 4170 2819 4223 possumus
2882 4165 3274 4223 augmentum:
3325 4156 3542 4210 Arium-

1940 4250 2109 4303 tliaans
2145 4263 2296 4310 vero,
2333 4247 2528 4300 tollens
2581 4247 2705 4300 hac.
2740 4245 3014 4300 Concedat
3053 4257 3233 4299 autem
3281 4246 3449 4310 Di-us,
3484 4258 3542 4300 ut

1937 4343 2102 4394 etiam
2145 4355 2245 4394 nos
2269 4340 2411 4392 sicut
2439 4339 2641 4407 Joseph
2677 4338 2767 4391 ille
2804 4321 3250 4401 ﬁaitiiis'semper
3282 4341 3452 4399 aucti,
3488 4347 3545 4393 et

1940 4433 2262 4503 ailjicieutes
2295 4431 2348 4485 iu
2383 4446 2546 4486 cutsn
2575 4431 2811 4495 virtutis,
2841 4445 2904 4484 ac
2929 4430 3185 4484 tollentes
3214 4431 3337 4494 hoc,
3359 4433 3408 4483 id
3433 4443 3540 4496 est,

240 4518 434 4588 δρόμῳ
476 4521 573 4584 τῆς
611 4519 839 4586 ἀρετῆς,
879 4520 974 4570 καὶ
1036 4519 1277 4590 ιῖροντας
1325 4522 1524 4582 ἐκεῖνο,
1561 4520 1831 4582 τουτέστι,
1866 4540 1914 4598 D

1866 4540 1914 4598 ι)
1941 4527 1992 4580 iil
2026 4527 2169 4595 qnoil
2211 4537 2293 4581 est
2323 4541 2448 4579 vere
2485 4526 2686 4577 bonum
2719 4539 2734 4577 :
2773 4523 3111 4589 accipiamus
3167 4538 3296 4576 vero
3344 4539 3543 4593 corpus

237 4609 304 4661 τὸ
335 4608 505 4671 ὅντως
534 4608 738 4676 ἀγαθόν
768 4624 780 4637 ο
813 4608 1001 4661 λασεῖν
1032 4609 1087 4661 δὲ
1130 4613 1222 4664 καὶ
1250 4610 1310 4661 τὸ
1342 4609 1502 4678 σῶμα
1531 4609 1628 4662 τοῦ
1659 4608 1834 4680 Ἰησοῦ

240 4699 333 4752 διὰ
357 4699 457 4768 τῆς
483 4700 795 4763 κοινωνίας,
827 4701 919 4752 καὶ
951 4700 1292 4753 καταθέσθαι
1321 4701 1478 4755 τοῦτο
1505 4704 1561 4753 ὲν
1587 4703 1840 4771 μνημεῖῳ

241 4791 675 4862 λελατομημένῳ
708 4793 771 4844 ἐκ
808 4791 1043 4862 πέτρας,
1078 4793 1385 4858 τουτέστιν,
1433 4795 1491 4846 ὲν
1525 4795 1836 4863 μνημονικῇ

239 4883 390 4951 ψυχῇ
425 4881 519 4933 καὶ
575 4881 648 4952 μὴ
693 4881 1159 4952 ἐπιλανθανομένῃ
1209 4881 1304 4934 τοῦ
1338 4882 1499 4935 Θεοῦ.
1553 4883 1736 4935 Ἔστω
1782 4883 1839 4936 δὲ

245 4979 434 5043 ἐκείνη
463 4977 494 5046 ἡ
523 4975 693 5046 ψυχὴ,
723 4977 786 5028 ἐκ
813 4975 1026 5041 πέτρας
1061 4976 1508 5048 λελατομημένη,
1535 4977 1835 5039 τουτέστιν,

244 5071 356 5120 ἀπὸ
385 5068 648 5138 Χριστοῦ,
704 5069 762 5130 ὃς
793 5070 943 5121 ἐστιν
977 5071 1010 5139 ἡ
1051 5069 1225 5139 πέτρα
1271 5070 1471 5139 ἔχουσα
1508 5072 1605 5140 τὴν
1636 5069 1840 5124 σύστα-

246 5180 333 5213 σιν
365 5179 378 5190 ο
412 5161 691 5230 ἐνειλῆσαι
721 5160 778 5213 δέ
806 5161 936 5213 αὐτὸ
968 5163 1026 5213 ἐν
1061 5162 1280 5227 σινδόνι,
1313 5163 1618 5227 τουτέστιν,
1652 5165 1710 5215 ἐν
1738 5163 1840 5214 σώ-

247 5271 382 5324 ματι
413 5253 639 5322 καθαρῷ
665 5253 921 5320 δέξασθαι
956 5254 1088 5307 αὐτό
1117 5271 1130 5284 ’
1165 5253 1500 5325 σινδὼν’γὰρ
1534 5255 1630 5323 τῆς
1661 5255 1840 5323 ψυχῆς

246 5347 342 5398 καὶ
390 5342 501 5397 οἷον
559 5348 799 5414 ἱμάτιον,
854 5348 913 5398 τὸ
970 5348 1151 5416 σῶμα.
1187 5352 1278 5401 Δεῖ
1322 5344 1415 5401 οὖν
1455 5349 1538 5417 μὴ.
1578 5350 1740 5417 μόνον
1783 5349 1841 5400 ἐν

242 5439 396 5510 ψυχῇ
451 5438 672 5510 καθαρᾷ
723 5440 979 5508 δέχεσθαι
1014 5441 1075 5492 τὸ
1110 5440 1251 5493 θεῖον
1286 5440 1448 5510 σῶμα
1477 5442 1572 5493 τοῦ
1609 5441 1839 5511 Κυρίου,

245 5534 389 5588 ἀλλὰ
440 5534 532 5585 καί
589 5536 646 5585 ὲν
695 5532 909 5602 σώματι
955 5534 1186 5602 τοιούτῳ
1216 5550 1227 5562 ⁸
1280 5533 1506 5586 ἐνειλεῖν
1553 5534 1609 5586 δὲ
1659 5533 1838 5598 τοῦτο,

241 5625 532 5689 τουτέστι,
610 5625 936 5696 συστρέιρειν
997 5627 1091 5679 καὶ
1153 5628 1505 5693 συστέλλειν,
1571 5626 1708 5680 ἀλλὰ
1768 5629 1842 5699 μὴ

243 5716 560 5783 ἐξαπλοῦν·
613 5718 674 5770 τὸ
723 5718 831 5788 γὰρ
892 5720 1193 5788 μυστήριον
1244 5722 1685 5791 συνεσταλμένον
1727 5721 1844 5776 ἐστὶ

245 5813 351 5866 καὶ
386 5809 727 5880 ἀπόκρυφον,
761 5812 853 5864 καὶ
883 5811 979 5866 οὐκ
1008 5811 1416 5883 ἐξηπλωμειον.

1942 4617 2071 4671 Jesu
2120 4631 2216 4686 per
2253 4617 2723 4674 communionem,
2758 4623 2812 4666 et
2858 4611 3194 4665 collocemus
3245 4610 3300 4662 in
3351 4625 3546 4662 moun-

1943 4720 2131 4763 tueulo
2170 4708 2360 4761 exciso
2393 4720 2458 4760 ex
2496 4713 2674 4774 petra,
2717 4704 2819 4758 hoc
2849 4712 2953 4766 est,
2989 4704 3040 4757 in
3077 4703 3258 4756 anima
3289 4703 3543 4767 memori,

1942 4817 2064 4872 quze
2101 4800 2269 4854 Deum
2309 4813 2418 4852 non
2455 4797 2837 4852 obliviscatur.
2874 4796 2958 4850 Sit
3012 4805 3195 4849 autem
3230 4794 3408 4848 anima
3454 4795 3545 4849 illa

1943 4910 2007 4948 ex
2041 4903 2192 4961 petra
2220 4892 2427 4954 excisa,
2458 4891 2562 4945 hoc
2591 4899 2696 4952 est,
2735 4904 2764 4943 a
2794 4888 3041 4954 Christo,
3071 4889 3166 4958 qui
3197 4901 3280 4941 εει
3310 4899 3462 4956 petra
3489 4889 3544 4942 in

1944 4997 2048 5052 qua
2083 4984 2386 5037 emisistere
2430 4981 2750 5050 poterimus.
2807 4978 3123 5034 luvolvatur
3149 4994 3278 5033 vero
3328 4980 3377 5033 iu
3423 4980 3544 5032 sin-

1944 5078 2109 5141 dune,
2144 5077 2245 5130 hoc
2273 5085 2378 5140 e5t,
2420 5076 2471 5126 in
2509 5087 2738 5141 corpore
2773 5075 2975 5127 mundo
3022 5074 3376 5141 suscipiatur.
3409 5073 3540 5124 Nam

1945 5171 2139 5225 sindon
2172 5169 2368 5222 anima:
2397 5177 2480 5221 est
2519 5182 2718 5235 corpus
2746 5165 2902 5236 quasi
2945 5169 3136 5220 vestis.
3168 5167 3400 5235 Oportet
3446 5166 3544 5230 igi-

1946 5270 2037 5314 tur
2090 5275 2196 5314 tton
2231 5258 2406 5314 solum
2446 5258 2499 5311 in
2553 5259 2734 5312 anima
2784 5274 2920 5327 pura
2976 5259 3254 5326 suscipere
3299 5257 3542 5311 divinum

1945 5367 2147 5421 corpus
2191 5352 2430 5416 Domini,
2468 5351 2563 5405 sed
2597 5362 2652 5406 et
2694 5353 2746 5405 in
2795 5366 3026 5421 corpore
3058 5366 3216 5418 puro.
3257 5349 3548 5404 Involven-

1946 5447 2074 5499 dum
2115 5453 2300 5498 autem
2335 5454 2420 5500 est
2449 5444 2576 5508 hoc,
2607 5444 2658 5497 iil
2685 5453 2790 5508 est,
2819 5442 3251 5497 contrahendum
3291 5451 3345 5497 et
3373 5443 3551 5496 conti-

1949 5537 2185 5591 nendum
2237 5545 2293 5590 et
2347 5551 2451 5589 nou
2517 5536 2948 5605 explanantlutu.
3017 5535 3337 5605 Mystet'ium
3401 5535 3546 5586 enim

1948 5629 2002 5682 in
2058 5636 2345 5682 contracto
2397 5636 2485 5683 est
2533 5637 2586 5683 et
2643 5626 2944 5688 occultum,
2985 5635 3039 5682 et
3071 5642 3176 5682 non
3207 5627 3379 5682 cuivis
3414 5640 3547 5695 ape-

1951 5721 2222 5777 rieniluni.
