4272 6438
739 390 863 450 ’ὗετ

1673 375 2248 440 T‘HEOPHYLACTI
2283 373 2694 437 ΒυιοΑΒιΑε
2731 376 3084 438 ARCHIEP.

3897 378 4008 440 688

755 503 806 552 5.
851 498 922 549 De
951 504 1168 564 captura
1207 493 1448 563 piscium.
1488 489 1563 545 De
1607 491 1834 559 leproso.
1909 488 1980 542 De
2014 486 2327 558 paralytico.
2362 492 2442 548 At

2321 525 2327 538 .
2362 492 2406 548 Α
2435 493 2496 540 ε’.
2537 487 2675 556 Περὶ
2727 488 2838 557 τῆς
2875 489 3062 558 ἄγρας
3110 487 3227 542 τῶν
3266 475 3504 555 ἰχθύων.
3565 487 3703 554 Περὶ
3753 487 3858 540 τοῦ
3904 492 4008 541 λε-

836 591 908 642 Ι)ε
975 587 1092 641 Levi
1140 585 1439 651 publicano.
1492 582 1566 635 De
1625 581 1832 634 Christo
1878 597 1994 632 cum
2037 579 2325 648 publicanis

825 679 1140 730 comedente.
1171 673 1281 728 Cur
1314 673 1562 739 discipuli
1589 672 1813 726 Joannis
1835 671 2109 740 jejunant,
2162 670 2326 722 disci-

823 775 932 841 pufi
959 787 1073 823 vero
1099 769 1292 822 Christi
1327 784 1426 819 non
1452 767 1476 818 .’

758 957 808 1008 6.
848 955 922 1008 De
953 953 1230 1020 discipulis
1269 953 1319 1004 in
1344 949 1572 1004 Sabbato
1604 951 1775 1018 spicas
1816 946 2136 1001 rellentibus.
2170 946 2242 999 De
2265 962 2324 997 eo

822 1050 913 1116 qui
944 1049 1148 1098 aridam
1195 1043 1418 1096 habebat
1453 1058 1687 1094 manum.
1725 1040 1798 1092 De
1821 1039 2068 1091 electione
2114 1046 2323 1104 aposto-

830 1143 1020 1191 lorum.
1072 1136 1142 1189 De
1171 1133 1605 1189 beatitudinibus.
1641 1132 1794 1197 Quod
1825 1139 2054 1200 oporteat
2083 1130 2322 1182 inimicos

823 1231 1056 1297 diligere.
1093 1227 1165 1279 De
1197 1243 1299 1278 non
1343 1225 1700 1276 contendendo
1738 1238 1852 1273 cum
1884 1219 2143 1288 proxinw.
2170 1218 2322 1282 Quod

821 1322 1073 1374 neminem
1113 1320 1264 1371 liceat
1284 1318 1547 1384 judicare.

748 1580 796 1630 7.
855 1578 927 1629 De
981 1577 1297 1629 centurione.
1357 1573 1429 1626 De
1486 1574 1596 1636 ﬁlio
1648 1569 1838 1624 viduae.
1936 1567 2009 1618 De
2063 1565 2240 1617 missis
2290 1579 2320 1615 a

819 1668 1046 1720 Joanne.

2503 579 2676 646 προῦ.
2733 579 2871 647 Περὶ
2918 580 3021 632 τοῦ
3074 576 3508 646 παραλυτικῶ.
3557 578 3695 644 Περὶ
3723 577 3870 631 Λευῒ
3902 578 4008 630 τοῦ

2500 670 2784 724 τελώνου.
2820 671 2957 736 Περὶ
3002 672 3109 723 τοῦ
3153 669 3358 736 Ἰησοῦ
3393 670 3836 734 συνεσθίοντος
3886 670 4012 734 τοῖς

2497 759 2804 827 τελώναις.
2836 762 2938 813 Διὰ
2972 762 3026 812 τί
3057 763 3111 813 ol
3139 761 3246 814 τοῦ
3285 759 3556 814 Ἰωάννου
3591 763 3850 828 μαθηταὶ
3901 780 4008 827 νη·

2497 854 2848 918 στεύουσιν,
2880 854 2933 904 οἱ
2969 851 3035 903 δὲ
3063 853 3167 905 τοῦ
3194 851 3453 918 Χριστοῦ
3479 851 3655 917 οὐχί,⁴

2431 951 2504 1007 ς’.
2551 945 2685 1010 Περὶ
2718 943 2838 996 τῶν
2877 943 3160 1012 μαθητῶν
3190 945 3295 998 τοῦ
3343 943 3600 1011 Χριστοῦ
3631 944 3699 994 ἐν
3731 944 4012 1006 Σαϐϐάτῳ

2497 1035 2830 1089 τιλλόντων
2882 1035 3022 1100 τοὺς
3084 1033 3380 1102 στάχυας.
3453 1034 3593 1101 Περὶ
3646 1034 3752 1086 τοῦ
3818 1035 4013 1103 ξηρά»-

2497 1129 2745 1196 ἕχοντος
2774 1127 2889 1193 τὴν
2940 1127 3128 1196 χεῖρα.
3177 1128 3316 1196 Περὶ
3353 1126 3463 1193 τῆς
3494 1127 3612 1180 τῶν
3648 1127 4010 1180 ἀποστόὶωισ

2497 1218 2780 1287 ἐκλογῆς.
2819 1219 2959 1286 Περὶ
2996 1218 3115 1272 τῶν
3140 1215 3562 1287 μακαρισμών.
3596 1217 3732 1283 Περὶ
3781 1214 3885 1264 τοῦ
3917 1232 4014 1279 5;:-

2494 1310 2629 1364 λεῖν
2654 1310 2794 1375 τοὺς
2820 1309 3095 1377 ἐχθρούς.
3120 1309 3257 1376 Περὶ
3290 1309 3394 1362 τοῦ
3421 1307 3569 1374 πρὸς
3598 1309 3702 1358 τεν
3736 1306 4013 1371 πλησίον

2490 1402 2576 1470 μὴ
2606 1400 2992 1469 φιλονεικεῖν.
3016 1401 3156 1468 Περὶ
3195 1400 3301 1454 τοῦ
3324 1398 3410 1468 μὴ
3441 1398 3569 1451 δεῖν
3594 1396 3700 1449 τὸν
3731 1397 4010 1464 πλησίον

2496 1493 2745 1560 κρίνειν.

2425 1589 2490 1651 ζ’.
2532 1589 2671 1655 Περὶ
2713 1587 2820 1640 τοῦ
2864 1586 3330 1654 ἑκατοντάρχου.
3374 1585 3512 1652 Περὶ
3555 1582 3663 1638 τοῦ
3717 1582 3854 1639 υίοῦ
3899 1581 4013 1646 τῆς

2497 1679 2705 1747 χήρας.
2770 1679 2910 1747 Περὶ
2980 1679 3099 1732 τῶν
3163 1679 3515 1732 σταλέντων
3576 1678 3734 1744 παρὰ
3799 1676 4014 1731 Ἰωάν-

2493 1789 2563 1822 νο
2572 1790 2605 1824 U
2613 1811 2625 1823 ο

745 1847 800 1899 8.
839 1846 908 1900 De
942 1847 1156 1900 muliere
1189 1845 1468 1898 Dominum
1511 1852 1754 1913 ungente.
1805 1840 2070 1895 Parabnla
2125 1839 2187 1890 de
2238 1851 2316 1889 se—
2351 1823 2390 1876 Β
2425 1881 2432 1912 .

2351 1823 2390 1876 Β
2425 1861 2494 1932 η’.
2541 1863 2676 1930 Περὶ
2723 1862 2834 1929 τῆς
2863 1863 3209 1930 ἀλειψιὶσης
3249 1861 3357 1913 τὸν
3399 1861 3617 1926 Κύριον
3653 1857 4009 1927 tri-{(9.175}!

826 1940 1078 1993 minante.
1132 1937 1202 1990 De
1254 1947 1420 1988 matre
1468 1947 1510 1988 et
1557 1935 1805 2002 fratribus
1853 1932 1982 1985 Jesu
2032 1928 2315 1983 volentibus

820 2035 990 2084 videre
1028 2046 1166 2084 eum.
1206 2029 1276 2082 De
1308 2027 1656 2094 increpatione
1700 2040 1957 2092 aquarum
2018 2023 2088 2074 De
2114 2021 2315 2088 legione

816 2126 1131 2174 dwmonum.
1159 2120 1228 2172 De
1249 2119 1287 2185 ﬁ
1316 2121 1364 2171 ia
1387 2117 1635 2186 principis
1657 2115 1966 2186 Synagoga'.
1997 2112 2069 2165 De
2089 2113 2308 2164 lucmor-

818 2219 1041 2270 rhoissa.

746 2403 798 2454 9.
835 2400 910 2456 De
943 2401 1182 2453 missione
1237 2396 1508 2450 duodecim
1557 2393 1931 2462 apostolorum.
1985 2390 2058 2442 De
2111 2387 2316 2442 Herode

815 2495 952 2561 quod
981 2494 1044 2545 de
1091 2490 1296 2544 Christo
1342 2487 1566 2541 audivit.
1596 2485 1670 2538 De
1720 2485 1944 2553 quinque
1993 2480 2218 2548 panibus
2267 2486 2315 2531 et

820 2586 1024 2639 duobus
1074 2582 1322 2650 piscibus.
1377 2577 1453 2632 De
1503 2575 1916 2643 interrogatione
1966 2571 2196 2625 Domini.
2245 2569 2316 2622 De

827 2674 1290 2743 transﬁgurations
1317 2668 1536 2725 Christi.
1595 2664 1668 2718 De
1723 2664 1974 2716 lnnatico.
2026 2661 2099 2714 De
2147 2661 2315 2712 disce-

817 2769 1106 2840 ptantibus,
1124 2765 1237 2835 quis
1260 2761 1450 2830 major.
1469 2759 1544 2812 De
1563 2775 1619 2812 eo
1639 2757 1724 2825 qui
1745 2756 1807 2807 ab
1824 2754 2075 2822 apostolis
2093 2753 2320 2818 prohibi—

821 2873 901 2914 tus
933 2870 1004 2913 est
1034 2859 1217 2926 ejicere
1273 2852 1558 2909 daemonia.
1601 2845 1753 2913 Quod
1799 2860 1901 2898 non
1928 2845 2108 2897 deceat
2152 2841 2319 2894 vindi—

815 2968 950 3007 ctam
992 2951 1128 3003 sumi
1155 2948 1217 3001 de
1250 2946 1313 2999 iis
1345 2944 1433 3011 qui
1457 2943 1689 3008 excipere
1736 2935 1959 3004 hospitio
2003 2933 2204 2985 nolunt.
2245 2930 2318 2983 De

819 3062 921 3099 non
951 3043 1226 3096 commissa
1250 3038 1474 3107 sequela.

749 3331 834 3383 10.
872 3328 943 3382 De
975 3326 1306 3394 septuaginta
1337 3320 1624 3387 designatis
1652 3314 1948 3383 discipulis.
1987 3312 2059 3366 De
2095 3313 2321 3364 interro-

817 3423 1025 3490 gatione
1067 3415 1368 3485 legisperiti.
1405 3412 1477 3465 De
1503 3427 1560 3465 eo
1589 3410 1678 3478 qui
1732 3408 1917 3462 incidit
1967 3407 2020 3459 in
2069 3405 2320 3458 latrones.

822 3513 892 3565 De
926 3509 1136 3564 Martha
1163 3518 1208 3560 et
1241 3503 1412 3558 Maria
1437 3519 1611 3557 sorore
1635 3501 1768 3570 ejus.

750 3692 838 3746 Η.
892 3688 964 3742 De
989 3689 1245 3742 oratione.
1279 3684 1350 3738 De
1378 3699 1437 3737 eo
1466 3687 1554 3752 qui
1581 3679 1800 3734 habebat
1843 3678 2156 3732 daemonium
2210 3690 2326 3727 sur-

817 3786 961 3835 dum.
993 3781 1064 3833 Dc
1097 3779 1310 3831 muliere
1344 3793 1458 3845 ante
1489 3790 1659 3828 vocem
1695 3773 1756 3826 de
1797 3772 1951 3824 turba
2005 3768 2208 3822 extulit.
2249 3767 2322 3820 De

819 3877 1107 3944 petentibus
1140 3875 1364 3939 signum.
1402 3868 1472 3921 De
1517 3868 1780 3921 Pharisa'o
1826 3863 2182 3931 interpellante
2227 3859 2321 3913 ls-

823 3949 954 4019 sitm.
987 3964 1063 4018 De
1092 3965 1299 4015 miseria
1333 3961 1770 4030 legisperitorum.

750 4141 915 4213 268
940 4142 1021 4196 ιε.
1052 4141 1120 4194 De
1146 4142 1395 4209 fermento
1417 4138 1824 4192 Pharisa'orum.
1848 4136 1920 4190 De
1943 4153 2001 4190 eo
2020 4137 2108 4206 qui
2130 4135 2322 4189 volebat

820 4237 1046 4288 dividere
1086 4236 1461 4285 litereditatem.
1498 4229 1751 4299 De;divite
1769 4229 1921 4298 cujus
1949 4245 2074 4298 ager
2100 4227 2325 4296 fructiﬁ-

821 4328 976 4380 cavit.
1008 4325 1080 4379 De
1104 4333 1400 4391 contemptu
1435 4323 1781 4375 terrestrium.
1805 4319 1956 4386 Quod
1978 4319 2228 4389 fugienda
2252 4319 2322 4372 sit

827 4419 1080 4472 avaritia.
1120 4416 1192 4470 De
1227 4417 1368 4483 rigili
1400 4431 1562 4468 servo.
1601 4414 1750 4480 Quod
1801 4429 1902 4468 non
1938 4421 2319 4481 oporteatacum

821 4512 1057 4579 proximo
1089 4510 1415 4560 contendere.

757 4692 838 4743 15.
877 4690 946 4741 De
1003 4688 1237 4740 Galila'is
1288 4696 1332 4738 et
1376 4687 1435 4734 iis
1481 4685 1743 4752 quierant
1791 4684 1846 4734 in
1886 4680 2056 4735 Siloa.
2104 4681 2177 4736 De
2220 4682 2324 4749 ﬁcu

823 4785 1045 4850 [meum
1078 4798 1176 4833 non
1209 4781 1423 4847 ferente.
1459 4779 1530 4830 l)e
1577 4778 1793 4830 muliere
1816 4777 2037 4842 spiritus
2091 4777 2316 4844 inﬁrmi.

822 4876 1085 4928 Parabola
1119 4879 1181 4926 de
1217 4889 1380 4942 grano
1439 4873 1637 4935 sinapis
1665 4881 1712 4923 et
1743 4871 2016 4938 fermento.
2050 4870 2120 4921 De
2156 4872 2321 4921 inter-

826 4977 1058 5034 rogante,
1107 4985 1227 5019 num
1280 4967 1433 5030 pauci
1491 4963 1729 5016 salvandi
1770 4965 1894 5016 sint.
1959 4963 2034 5015 De
2072 4965 2329 5015 nuntiatis

824 5061 950 5114 Jesu
980 5063 1039 5114 ob
1070 5059 1350 5113 Herodem.

758 5322 846 5372 H.
887 5320 957 5372 De
999 5321 1300 5388 hydmpico.
1347 5320 1499 5385 Quod
1543 5339 1645 5373 non
1677 5331 1829 5373 .rceat
1882 5323 2080 5374 ambire
2133 5322 2329 5387 primos

830 5413 1122 5466 accubitus.
1174 5409 1325 5474 Quod
1374 5413 1551 5465 deceat
1610 5413 1777 5480 magis
1814 5428 1994 5465 rorare
2033 5414 2100 5464 ad
2132 5427 2329 5466 contam

825 5522 1074 5571 pauperes
1105 5521 1261 5570 quam
1297 5506 1508 5556 amicos.
1555 5503 1627 5557 De
1657 5504 1849 5557 vocatis
1881 5503 1948 5555 ad
1983 5521 2198 5557 comam.
2231 5504 2332 5557 Pa-

827 5599 1008 5650 raboltt
1040 5601 1102 5649 de
1134 5596 1354 5660 wdiﬁcio
1384 5599 1566 5650 turris.

757 5774 841 5825 iii.
880 5772 1143 5825 Parabola
1170 5775 1231 5825 de
1262 5783 1464 5826 centum
1514 5775 1713 5828 oribus.
1763 5777 1834 5829 De
1856 5794 2065 5846 peregre
2095 5779 2328 5848 proferto

825 5869 876 5918 in
905 5869 1158 5933 regionem
1187 5869 1542 5936 longinquam.

2497 1954 2608 2021 τῆς
2649 1953 2997 2022 παραϐολῆς
3043 1953 3148 2007 τοῦ
3185 1953 3564 2020 σπείραντος.
3617 1953 3747 2017 Περὶ
3781 1951 4013 2018 μητρὲς

2498 2047 2897 2116 καὶάδελφῶν
2925 2047 3032 2100 τοῦ
3088 2044 3319 2113 Ἰησοῦ,
3367 2045 3664 2098 θελόντων
3713 2043 3863 2095 ιδεῖν
3902 2047 4012 2095 αἱ·-

2497 2140 2624 2193 τόν.
2660 2139 2797 2207 Περὶ
2853 2138 2962 2206 τῆς
3003 2137 3397 2206 ἐπιτιμήσεως
3430 2134 3547 2188 τῶν
3577 2135 3830 2190 ὑδάτων.
3869 2135 4010 2200 Περὶ

2501 2231 2607 2286 τοῦ
2637 2230 2953 2299 λεγεώνος.
2993 2230 3131 2300 Περὶ
3176 2228 3281 2296 τῆς
3333 2229 3622 2298 θυγατρός
3682 2228 3788 2281 τοῦ
3843 2227 4016 2295 ἀρχι-

2495 2322 2872 2392 συναγώγου.
2910 2323 3048 2393 Περὶ
3082 2321 3190 2389 τῆς
3219 2311 3682 2391 αίμορῤοούσης.

2426 2417 2490 2472 b'.
2526 2419 2661 2486 “cpt
2688 2416 2798 2485 τῆς
2823 2415 3179 2483 ἀποστολῆς
3219 2413 3336 2467 τῶν
3365 2413 3615 2467 δώδεκα.
3648 2410 3786 2478 Περὶ
3822 2411 4012 2479 Ἠρώ-

2498 2510 2607 2565 δου
2637 2509 2724 2565 ὅτι
2767 2510 2999 2577 ἤκουσε
3044 2509 3179 2576 περὶ
3223 2506 3449 2574 Ἰησοῦ.
3505 2505 3639 2573 Περὶ
3670 2504 3786 2558 τῶν
3827 2503 4018 2557 πέντε

2497 2601 2690 2669 ἀρτων
2725 2597 2824 2651 καὶ
2859 2597 2980 2651 τῶν
3002 2598 3111 2652 δύο
3151 2599 3393 2665 ἰχθύων.
3432 2596 3572 2664 Περὶ
3609 2594 3716 2663 τῆς
3741 2593 3854 2648 τοῦ
3893 2597 4012 2647 Κυ-

2492 2694 2629 2760 ρίου
2685 2690 3131 2758 ἐπερωτήσεως.
3177 2690 3316 2757 Περὶ
3361 2688 3472 2757 τῆς
3497 2687 4016 2757 μεταμορφώσεως

2501 2784 2607 2837 τοῦ
2639 2781 2915 2851 Χριστοῦ.
2955 2782 3092 2849 Περὶ
3134 2782 3240 2836 τοῦ
3289 2779 3823 2849 σεληνιαζομένου.
3874 2779 4015 2846 Περὶ

2499 2873 2616 2928 τῶν
2649 2871 3169 2941 διαλογιζομένων,
3203 2873 3294 2938 τίς
3325 2871 3551 2940 μείζων.
3586 2874 3718 2938 Περὶ
3750 2869 3856 2923 τοῦ
3898 2889 4018 2924 κω-

2496 2965 2800 3032 λυομένου
2825 2964 3102 3033 δαιμόνια
3122 2965 3407 3018 ἐλαύνειν
3427 2966 3543 3019 ὑπὸ
3573 2964 3689 3017 τῶν
3705 2961 4017 3034 μαθητῶν.

2503 3056 2638 3123 Περὶ
2666 3057 2772 3109 τοῦ
2797 3054 2883 3124 μὴ
2913 3053 3104 3107 αίτεῖν
3135 3056 3422 3124 τιμωρίαν
3447 3059 3532 3120 είς
3556 3056 3697 3121 τοὺς
3716 3055 3802 3124 μὴ
3839 3054 4019 3118 δεξα-

2352 3179 2394 3236 c
2495 3146 2722 3215 μένους
2765 3147 3007 3212 αι’-τούς.
3047 3147 3186 3215 Περὶ
3245 3147 3350 3201 τοῦ
3406 3148 3491 3217 μὴ
3542 3145 4019 3216 ἐπιτρεπομένου

2499 3239 2878 3292 ἀκολουθεῖν.

2433 3324 2482 3377 ι’.
2527 3324 2663 3393 Περὶ
2704 3326 2822 3378 τῶν
2863 3327 3344 3396 ἀναδειχθέντων
3388 3327 3829 3397 ἐϐδομήκοντα.
3880 3327 4019 3394 Περὶ

2504 3419 2608 3472 τοῦ
2647 3420 3136 3488 ἐπερωτήσαντος
3178 3421 3451 3489 νομικοῦ.
3503 3422 3640 3488 Περὶ
3688 3419 3796 3472 τοῦ
3837 3421 4020 3488 ἐμπε-

2501 3512 2726 3577 σόντος
2755 3515 2840 3576 είς
2868 3512 3012 3577 τοὺς
3045 3513 3306 3579 λῃστάς.
3331 3513 3468 3580 Περὶ
3502 3512 3741 3580 Μάρθας
3770 3513 3866 3565 καὶ
3895 3516 4022 3566 Μα-

2495 3602 2637 3667 ρίας
2663 3601 2775 3668 τῆς
2804 3601 3080 3670 ἀδελφῆς
3109 3603 3322 3669 αὐτῆς.

2436 3692 2525 3744 ια’.
2569 3693 2706 3758 Περὶ
2737 3693 3108 3761 προσευχῆς.
3135 3695 3277 3762 Περὶ
3305 3695 3411 3750 τοῦ
3435 3696 3682 3764 ἔχοντος
3707 3697 4024 3766 δαιμόνιον

2501 3784 2723 3851 κωφόν.
2754 3784 2889 3852 Περὶ
2927 3784 3034 3850 τῆς
3071 3787 3138 3838 ἐκ
3176 3785 3282 3839 τοῦ
3327 3787 3516 3852 ὄχλου
3543 3788 3858 3855 ἐπαράσης
3899 3808 4022 3857 φω-

2503 3875 2641 3944 νήν.
2686 3878 2820 3943 Περὶ
2871 3875 2990 3928 τῶν
3029 3880 3358 3931 αἰτούντων
3399 3879 3670 3947 σημεῖον.
3714 3883 3852 3948 Περὶ
3915 3881 4019 3934 τοῦ

2503 3967 2854 4034 Φαρισαίου.
2887 3967 2995 4020 τοῦ
3031 3969 3408 4036 καλέσαντος
3440 3973 3546 4024 τὸν
3589 3971 3846 4039 Ἰησοῦν.
3885 3974 4018 4040 Περὶ

2503 4055 2610 4109 τοῦ
2651 4056 3034 4124 ταλανισμοῦ
3066 4055 3184 4108 τῶν
3214 4059 3497 4125 νομικῶν.

2436 4143 2524 4213 ιβ’.
2567 4145 2705 4212 Περὶ
2757 4144 2867 4212 τῆς
2913 4144 3097 4214 ζύμης
3137 4145 3257 4198 τῶν
3306 4151 3669 4215 Φαρισαίων.
3727 4151 3869 4217 Περὶ
3916 4152 4024 4205 τοῦ

2505 4235 2789 4301 θέλοντος
2825 4237 3189 4304 μερίσασθαι
3239 4238 3352 4305 τὴν
3400 4242 3830 4310 κληρονομίαν.
3882 4245 4020 4310 Περὶ

2504 4323 2576 4383 οὗ
2608 4328 2954 4396 εὐφόρησεν
2980 4327 3018 4393 ἠ
3053 4328 3213 4397 χώρα
3247 4333 3574 4385 πλουσίου.
3601 4333 3738 4401 Περὶ
3770 4334 3877 4388 τοῦ
3908 4335 4025 4387 τῶν

2501 4421 2725 4487 γηΐνων
2773 4421 3192 4487 καταφρονεῖν.
3246 4423 3386 4489 Περὶ
3445 4424 3552 4478 τοῦ
3611 4427 3860 4494 φεύγειν
3907 4429 4025 4494 τὴν

2354 4528 2398 4584 υ
2499 4513 2916 4580 φιλαργυρίαν.
2938 4512 3077 4579 Περὶ
3123 4513 3230 4566 τοῦ
3264 4515 3578 4583 ἀγρύπνου
3606 4517 3856 4572 δούλου.
3884 4521 4022 4587 Περὶ

2501 4599 2607 4653 τοῦ
2633 4599 2785 4666 πρὸς
2813 4601 2919 4653 τὸν
2953 4602 3223 4662 πλησίον
3245 4605 3331 4672 μῆ
3359 4624 3425 4673 εει
3449 4607 3753 4662 Ιονεικεῖν.

2434 4690 2524 4760 ιγ’.
2567 4693 2707 4759 Περὶ
2734 4692 2854 4744 τῶν
2883 4695 3247 4757 Γαλιλαίων,
3276 4697 3374 4749 καὶ
3405 4696 3522 4750 τῶν
3549 4699 3618 4751 ἐν
3652 4699 3729 4763 τῷ
3760 4701 4022 4769 Σιλωάμ.

2502 4784 2642 4850 Περὶ
2681 4782 2792 4850 τῆς
2827 4782 3028 4850 συκῆς
3058 4787 3294 4852 καρπὸν
3329 4787 3408 4854 μὴ
3445 4789 3841 4857 ἐνεγκούσης.
3886 4793 4024 4858 Περὶ

2503 4873 2615 4939 τῆς
2668 4874 2934 4941 ἐχούσης
3002 4875 3242 4943 πνεῦμα
3301 4877 3641 4942 ἀσθενείας.
3710 4882 3851 4947 Περὶ
3919 4882 4024 4935 τοῦ

2506 4965 2728 5018 κόκκου
2784 4965 3088 5033 σινάπεως
3144 4970 3483 5035 παραϐολὴ,
3517 4972 3614 5024 καὶ
3663 4970 3773 5038 τῆς
3813 4971 4021 5042 ζύμης.

2509 5056 2646 5125 Περὶ
2693 5057 2800 5111 τοῦ
2845 5058 3368 5126 ἐπερωτήσαντος,
3413 5063 3466 5112 εί
3503 5062 3693 5128 ὀλίγοι
3736 5065 3789 5114 οί
3844 5065 4028 5124 σωζό·

2501 5167 2691 5219 μενοι,
2719 5150 2859 5218 Περὶ
2908 5149 3026 5202 τῶν
3054 5153 3346 5205 εἰπόντων
3374 5152 3452 5217 τῷ
3487 5153 3682 5220 Ἰησοῦ
3712 5153 3812 5207 διὰ
3854 5157 4026 5223 Ἡρώ-

2504 5243 2638 5309 δην.

2437 5334 2516 5387 ιδ’.
2561 5335 2697 5402 Περὶ
2721 5335 2830 5389 τοῦ
2857 5335 3211 5406 ὐδροπικοῦ.
3237 5337 3378 5405 Περὶ
3407 5339 3511 5392 τοῦ
3537 5339 3624 5408 μὴ
3650 5338 3896 5409 ἀγαπᾷν
3924 5339 4028 5405 τὰς

2502 5427 2967 5494 πρωτοκλισίας.
3011 5428 3152 5496 Περὶ
3193 5428 3301 5482 τοῦ
3351 5429 3630 5498 πτωχοὺς
3656 5430 3905 5498 μᾶλλον
3941 5433 4030 5495 είς

2507 5519 2571 5570 τὸ
2599 5517 2850 5570 δεῖπνον
2877 5519 3108 5581 καλεῖν,
3141 5519 3180 5587 ἣ
3207 5522 3449 5589 φίλους.
3484 5523 3622 5589 Περὶ
3657 5521 3776 5575 τῶν
3803 5525 4030 5576 καλουο

2501 5609 2704 5676 μένων
2748 5610 2817 5662 ἐν
2861 5607 2941 5674 τῷ
2983 5610 3231 5679 δείπνῳ.
3264 5614 3402 5681 Περὶ
3439 5613 3761 5683 οίκοὸομῆς
3791 5617 4030 5684 πύργου

2505 5702 2846 5767 παραϐολή.

2437 5786 2516 5840 ιε’.
2561 5791 2698 5853 Περὶ
2737 5788 2856 5842 τῶν
2881 5791 3100 5844 ἑκατὸν
3150 5795 3465 5859 προϐάτων
3509 5797 3850 5863 παραϐολή.
3884 5796 4028 5864 Περι

2504 5879 2609 5932 τοῦ
2638 5880 3151 5949 ἀποδημήσαντες
3175 5887 3260 5949 εἰς
3285 5887 3482 5952 χώραν
3505 5885 3768 5955 μακράν.
