4272 6438
1684 382 2259 449 THEOPHYLACTI
2298 370 2710 444 BULGARIE
2761 374 2967 438 ARCH
2976 373 3117 436 [ΕΡ.
3906 360 4023 428 692

2383 534 2522 554 ..α-υ..

758 387 860 453 691

756 542 1185 566 —-—-——-
1226 538 1236 555 ι

1090 686 1871 806 ΕΡΜΗΝΕΙΑ
1960 686 2204 799 ΕΙΣ
2275 680 2483 796 ΤΟ
2562 679 2981 794 ΚΑΤΑ
3056 668 3699 791 ΛΟΥΚΑΝ

2029 884 2747 976 ΕΥΑῙἹῈΛΙΟΝ.

1270 1204 1963 1297 ENABRATIO
2040 1206 2163 1294 IN
2239 1201 3023 1298 EVANGELIUM
3099 1200 3481 1291 LUCIE.

2326 1413 2395 1427 —

1236 1499 1400 1571 239
1434 1497 1824 1557 PBEFATIO.
1880 1554 1883 1557 ,
2355 1506 2402 1563 Α

820 1595 979 1650 Vens.
1024 1594 1136 1648 1-3.
1175 1612 1193 1645 ι
1253 1592 1515 1659 Quoniam
1577 1592 1729 1645 multi
1804 1600 2139 1647 attentarunt
2192 1607 2322 1647 cnn—

747 1698 929 1744 texere
982 1686 1344 1740 narrationem
1409 1700 1594 1740 earum
1642 1699 1763 1755 qua:
1818 1684 1958 1740 inter
2013 1700 2110 1740 nos
2138 1682 2323 1739 multis

746 1781 1080 1851 argumentis
1114 1779 1476 1847 comprobata
1513 1788 1639 1833 sunt
1670 1794 1851 1833 rerum
1888 1778 2048 1834 sicuti
2083 1776 2323 1832 tradide-

746 1882 873 1926 runt
906 1874 1060 1925 nobis
1097 1872 1279 1940 hi,qui
1306 1872 1374 1925 ab
1402 1870 1554 1924 initio
1594 1870 1711 1926 suis
1756 1870 1929 1925 oculis
1972 1870 2241 1936 viderunt,
2267 1878 2323 1924 et

746 1964 979 2017 ministri
1002 1962 1694 2026 ﬁleruntsermonis,visum
1717 1970 1796 2015 est
1816 1970 1871 2017 et
1888 1962 2039 2029 milii,
2056 1970 2111 2015 ut
2128 1970 2321 2017 cuncta

746 2056 815 2110 ab
842 2057 993 2110 initio
1018 2057 1301 2122 diligenter
1326 2056 1692 2126 pervestigans
1722 2055 1913 2111 ordine
1938 2057 2034 2112 tibi
2059 2056 2320 2121 scribam,

745 2156 964 2201 strenue
1001 2145 1319 2216 Tltenphile,
1342 2161 1446 2217 quo
1479 2160 1740 2217 agnoscas
1790 2161 1975 2201 eorum
2006 2146 2203 2216 quibus
2241 2146 2324 2201 iu-

748 2250 990 2293 structus
1074 2254 1130 2293 es
1206 2253 1518 2294 sermonum
1590 2238 2090 2293 communitionem.
2144 2256 2163 2290 ›
2219 2237 2322 2304 Qui

747 2332 966 2385 fuerunt
996 2331 1147 2385 multi
1210 2331 1285 2385 illi
1323 2332 1415 2401 qui
1452 2330 1817 2385 attentarunt?
1863 2328 2320 2399 Pseudoapostoli.

748 2421 898 2475 Multi
940 2423 1084 2475 enim
1140 2432 1266 2476 tunc
1298 2423 1739 2490 conscripserunt
1774 2421 2088 2489 Evangelia,
2112 2422 2187 2477 uti
2230 2430 2315 2477 est

746 2515 889 2581 quod
928 2522 1117 2569 vocant
1175 2514 1518 2584 Evangelium
1570 2513 1869 2569 secundum
1920 2512 2225 2584 Egyptios,
2269 2519 2324 2565 et

748 2602 890 2669 quod
933 2604 1243 2659 inscribitur
1289 2604 1635 2674 Evangelium
1688 2603 1983 2659 secundum
2017 2602 2319 2657 duodecim.

3012 1495 3416 1553 ΠΡΟΟΙΜΙΟΝ.

2506 1609 2524 1637 ι
2579 1590 2908 1661 Ἐπειδήπερ
2974 1586 3156 1641 πολλοὶ
3216 1585 3587 1657 δπεχιίρησαν
3639 1583 4027 1649 ἀνατάξασθαι

2428 1684 2681 1753 διήγησιν
2710 1684 2837 1753 περὶ
2860 1680 2967 1734 τῶν
3015 1678 3596 1749 πεπληροφορημένων
3625 1678 3683 1729 ιν
3708 1678 3843 1747 ἡμῖν
3871 1692 4027 1747 πρα-

2430 1776 2674 1844 γμάτων,
2728 1771 2911 1836 καθὼς
2945 1771 3248 1841 παρέδοσαν
3281 1771 3414 1840 ἡμῖν
3436 1770 3485 1822 οί
3511 1767 3607 1821 ἀπ’
3658 1767 3839 1837 ἀρχῆς
3884 1768 4029 1820 αὺτ-

2429 1868 2590 1921 όπται
2667 1865 2762 1919 καὶ
2812 1864 3083 1934 ὑπηρέται
3142 1860 3425 1931 γενόμενοι
3470 1860 3567 1913 τοῦ
3624 1860 3813 1927 λόγου,
3870 1858 4029 1925 ῑδοξι

2431 1956 2600 2029 κάμοὶ
2654 1953 3159 2028 παρηκολουθηκότι
3226 1952 3433 2007 ἀνωθεν
3491 1952 3659 2004 πᾶσιν
3744 1949 4025 2019 ἀκριϐῶς,

2431 2050 2665 2117 καθεξῆς
2693 2065 2777 2103 σοι
2807 2047 3038 2119 γράψαι,
3067 2046 3326 2117 κράτιστε
3355 2044 3581 2111 Θεόφιλε
3604 2059 3617 2073 ·
3659 2043 3747 2095 ῐνα
3776 2040 4026 2112 ἐπιγνῷς

2431 2143 2563 2214 περὶ
2612 2134 2686 2196 ὧν
2715 2138 3031 2210 κατηχήθης
3078 2138 3254 2205 λόγων
3282 2135 3382 2207 τὴν
3415 2134 3738 2204 ἀσφάλειαν.
3780 2152 3799 2187 ι
3862 2134 4028 2197 Τίνες

2434 2232 2575 2307 ἦσαν
2603 2235 2653 2287 οί
2689 2232 2875 2287 πολλοὶ
2896 2223 3043 2285 οὗτοι
3082 2231 3132 2283 οί
3181 2229 3675 2299 ὲπιχειρήσαντιςς
3739 2226 3805 2279 Oi
3852 2225 4026 2290 ψευδ-

2431 2326 2718 2382 απόστολοι
2741 2344 2754 2359 ·
2782 2324 2965 2378 πολλοὶ
2990 2322 3096 2393 γὰρ
3119 2320 3469 2391 συνέγραψαν
3492 2319 3802 2388 Εὐαγγᾶλια
3833 2317 4025 2387 δῆθεν,

2428 2415 2540 2473 οἶόν
2566 2421 2684 2489 ἑστι
2705 2416 2767 2470 τὸ
2789 2416 2911 2471 κατ’
2940 2413 3297 2483 Αἰγυπτίους,
3330 2414 3505 2467 καὶτὸ
3528 2410 4023 2483 ἰπιγραφόμινον,

2431 2510 2554 2565 Τῶν
2584 2509 2815 2563 δώδεκα.
2862 2508 2926 2562 0i
2956 2506 3191 2561 τοιοῦτοι
3216 2501 3310 2561 οὖν
3329 2504 3701 2575 ἀπεκείρησαν
3737 2503 3928 2573 μόνον,
3958 2503 4024 2556 οὐ

2436 2605 2617 2674 μέντοι
2647 2600 2745 2655 καὶ
2774 2598 3096 2653 ὲτε).είωσαν
3120 2615 3134 2630 ο
3168 2598 3293 2652 ἐπεὶ
3326 2597 3436 2669 γὰρ
3470 2597 3641 2668 χωρὶς
3682 2595 3839 2658 θείας
3860 2596 4026 2666 χάριο

748 2694 907 2751 Tales
937 2697 1119 2766 itaque
1156 2705 1487 2752 attentarunt
1525 2697 1809 2759 duntaxat,
1862 2694 1955 2749 sed
2006 2708 2112 2748 non
2147 2690 2327 2762 perfe-
2430 2715 2435 2730 ι

2430 2713 2522 2758 τος
2551 2695 2804 2766 ἦρξαντο,
2848 2692 2933 2745 διὰ
2958 2691 3119 2745 τοῦτο
3141 2690 3261 2744 οὐδὲ
3291 2690 3636 2745 ἑτελείωσαν.
3678 2687 3878 2750 Καλῶς
3929 2687 4027 2741 οὖν

750 2786 1119 2854 ccrunt.Quia
1157 2790 1302 2842 enim
1345 2788 1548 2857 absque
1582 2788 1759 2842 divina
1809 2786 1979 2857 gratia
2022 2795 2324 2856 ceperunt,
2433 2810 2437 2838 ι

2433 2785 2585 2841 εἶπεν
2606 2787 2634 2840 ό
2657 2786 2893 2848 Λουκᾶς,
2923 2784 3005 2837 ὅτι
3030 2783 3079 2835 οί
3106 2782 3289 2837 πολλοὶ
3321 2783 3685 2854 ἐπεχείρησαν
3705 2797 3720 2811 ⁸
3753 2781 3801 2833 oi
3835 2778 4024 2849 μέντοι

750 2891 1034 2950 prapterea
1088 2897 1260 2950 neque
1330 2883 1701 2937 absolverunt.
1761 2880 1903 2935 Bene
1976 2880 2141 2947 igitur
2191 2878 2329 2936 dixit
2364 2858 2437 2927 Βε

2364 2858 2405 2919 Β
2432 2880 2636 2948 ὀλίγοι,
2666 2876 2779 2933 οἷον
2807 2878 2835 2932 ό
2862 2876 3164 2940 Ματθαῐος,
3218 2878 3245 2929 ό
3277 2876 3523 2946 Μάρκος,
3564 2875 3666 2928 οὐκ
3717 2874 4024 2945 δπεχείρη-

750 2970 951 3034 Lucas,
1002 2973 1152 3025 murti
1200 2974 1378 3026 conati
1413 2983 1539 3027 sunt
1574 2987 1586 3023 :
1623 2981 1677 3025 at
1716 2971 1893 3042 pauci,
1942 2980 2001 3026 ut
2039 2968 2326 3025 Mutthmus
2433 2997 2437 3020 ι

2433 2990 2531 3026 σαν
2559 2972 2739 3042 μόνον,
2775 2972 2913 3025 ἀλλὰ
2947 2972 3043 3024 καὶ
3077 2969 3397 3025 ὲτελιίωσαν
3418 2985 3432 2998 ’
3458 2968 3518 3022 τδ
3546 2968 3655 3039 γὰρ
3686 2964 4025 3020 τελιιοποιδν

748 3072 801 3116 et
843 3059 1077 3123 Marcus,
1106 3077 1213 3116 non
1249 3072 1456 3116 tantum
1491 3070 1913 3126 attentaverunt,
1939 3062 2033 3116 sed
2065 3071 2119 3115 et
2146 3059 2324 3130 perfe-

750 3164 965 3207 cerunt.
1011 3150 1145 3206 Nam
1208 3151 1471 3220 Spiritum
1534 3154 1709 3208 sortiti
1742 3160 1920 3216 erant,
1955 3153 2045 3221 qui
2089 3152 2324 3221 perfecta

750 3254 1035 3310 operatur.
1064 3242 1170 3298 Res
1200 3244 1381 3298 multis
1402 3244 1734 3314 argumentis
1759 3245 2138 3313 comprobalas
2168 3243 2323 3296 dixit.

752 3332 858 3388 Res
894 3335 1041 3387 enim
1074 3333 1274 3395 Christi
1336 3351 1442 3390 non
1498 3336 1813 3405 simpliciter
1844 3345 1899 3389 et
1934 3334 2076 3390 nude
2117 3336 2329 3389 traditae

752 3434 900 3488 sunt,
924 3426 1015 3479 sed
1060 3441 1187 3479 vera
1216 3435 1269 3480 et
1298 3426 1467 3481 solida
1504 3426 1693 3491 ﬁde,et
1726 3426 2012 3482 multorum
2045 3440 2330 3497 argumen-

751 3528 930 3572 torum
985 3518 1328 3579 certitudiue.
1377 3517 1437 3571 Et
1490 3520 1779 3587 quomodo,
1810 3520 1915 3585 die,
1951 3518 2114 3580 Luca.
2144 3518 2329 3571 multis

752 3611 1085 3677 argumentis
1154 3610 1514 3679 comprobant
1570 3611 1734 3666 sunt?
1782 3611 1933 3665 Sicut
1982 3610 2330 3665 tradiderunt

756 3703 911 3758 nobis
943 3704 1017 3767 hi,
1043 3704 1129 3771 qui
1163 3703 1229 3756 ab
1258 3702 1414 3756 initio
1446 3704 1556 3757 suis
1604 3704 1780 3759 oculis
1819 3704 2088 3766 viderunt,
2123 3714 2177 3757 et
2226 3702 2326 3757 mi-

755 3796 917 3851 nistri
984 3795 1202 3849 fuerunt
1260 3796 1547 3849 sermonis.
1604 3795 1743 3849 Hinc
1824 3794 2169 3849 manifestum
2245 3802 2327 3848 est

755 3889 953 3941 Lucam
994 3887 1061 3941 ab
1095 3888 1247 3941 initio
1277 3904 1383 3941 non
1422 3886 1586 3942 fuisse
1634 3888 1982 3956 discipulum,
2010 3888 2101 3941 sed
2152 3896 2330 3957 poste-

754 3978 989 4033 rinribus
1023 3980 1496 4047 temporibus.Alii
1536 3980 1677 4035 enim
1715 3980 1781 4035 ab
1815 3979 1969 4033 initio
2002 3978 2327 4040 didicerant,

752 4078 811 4122 ut
840 4069 1031 4124 Petrus
1077 4082 1126 4124 et
1159 4071 1251 4125 ﬁlii
1300 4068 1567 4134 Zebedmi,
1610 4070 1701 4140 qui
1740 4081 1793 4123 et
1825 4071 2160 4124 tradiderttnt
2206 4069 2331 4122 huic

754 4174 1087 4229 quaecunque
1119 4162 1231 4229 ipse
1263 4178 1367 4215 non
1405 4162 1633 4224 viderat,
1678 4176 1851 4229 neque
1903 4161 2015 4228 ipse
2061 4160 2325 4214 audierat.

755 4252 892 4315 Quid
926 4261 1106 4305 autem
1138 4263 1215 4307 est
1248 4253 1390 4321 quod
1422 4254 1573 4317 dicit,
1601 4268 1707 4322 quo
1737 4268 1996 4324 agnoscas
2036 4267 2242 4313 corum,
2266 4252 2330 4304 de

755 4341 923 4410 27o
939 4324 1133 4410 quibus
1153 4345 1373 4399 edoctus
1398 4360 1453 4398 es
1476 4360 1785 4399 sermonum
1808 4343 2287 4397 communitionem
2308 4343 2330 4394 ’ί

755 4435 900 4487 Duos
939 4434 989 4485 in
1030 4435 1128 4488 hoc
1160 4451 1349 4489 sensus
1383 4437 1572 4491 habeo.
1622 4436 1767 4491 Unus
1814 4439 2025 4505 quidem
2072 4446 2155 4491 est
2196 4437 2327 4490 hic:

752 4524 913 4577 Prius
964 4534 1014 4579 le
1062 4526 1176 4579 sine
1222 4528 1442 4595 scriptis
1492 4529 1780 4593 institui,o
1812 4529 2136 4595 TheOphile,
2187 4542 2329 4580 nunc

756 4618 1015 4685 scriptum
1056 4618 1147 4672 tibi
1182 4618 1336 4673 trado
1374 4621 1729 4690 Evangelium
1762 4629 1960 4688 :utque
1992 4620 2062 4672 ita
2096 4627 2327 4673 mentem

756 4718 905 4761 tuam
939 4711 1137 4775 munio,
1166 4721 1224 4764 ut
1273 4726 1337 4764 ne
1393 4712 1745 4766 obliviscatur
1799 4726 1981 4766 eorum
2042 4727 2161 4781 quae
2216 4711 2331 4763 sine

756 4801 974 4869 scriptis
1012 4804 1200 4855 tradita
1231 4813 1373 4857 sunt.
1398 4804 1545 4857 Alter
1576 4819 1730 4857 vero:
1756 4803 2003 4857 Solemus
2032 4818 2126 4856 nos
2158 4803 2331 4856 homi-

756 4906 855 4945 nes
887 4906 1030 4959 saepe
1066 4894 1281 4960 quando
1328 4896 1449 4962 quis
1481 4896 1635 4949 nobis
1670 4895 1789 4949 sine
1831 4896 2118 4963 scripturis
2164 4893 2335 4962 loqui-

757 4992 864 5045 tur,
886 4982 1149 5051 suspieari
1178 4998 1247 5038 ne
1270 4983 1409 5039 forte
1438 4987 1565 5053 quid
1596 4986 1862 5041 mendacii
1906 4987 2197 5040 admistmn
2222 4986 2289 5040 sit
2318 5003 2330 5039 :

754 5075 976 5142 quando
1027 5082 1205 5128 autem
1260 5077 1422 5129 etiam
1480 5078 1667 5131 scribit
1724 5094 1842 5145 qua:
1901 5078 2160 5148 loquitur,
2205 5088 2337 5133 tunc

2430 3064 2647 3135 πνεῦμα
2688 3061 2851 3135 εἶχον.
2921 3059 3507 3134 Πεπληροφορημένων
3591 3058 3648 3113 δὲ
3707 3053 3833 3111 εἶπε
3880 3074 4028 3126 πρα-

2430 3158 2681 3227 γμάτων
2716 3157 2776 3209 οὐ
2808 3155 2917 3224 γὰρ
2946 3153 3132 3217 ἁπλῶς
3157 3153 3298 3207 κατά
3320 3150 3481 3222 ψιλὴν
3505 3150 3807 3221 παράδοσιν
3825 3151 3936 3201 εισι
3953 3148 4026 3202 τὰ

2428 3248 2522 3302 τλῦ
2544 3246 2804 3319 Χριστοῦ,
2836 3244 2952 3299 ἀλλ’
2984 3247 3041 3297 ὲν
3076 3244 3305 3315 ἀληθείᾳ
3330 3243 3423 3296 καὶ
3466 3241 3645 3295 πίστει
3690 3240 3887 3311 βεϐαίᾳ
3926 3241 4025 3294 καὶ

2434 3341 2571 3411 μετὰ
2603 3341 2781 3407 πάσης
2813 3338 3207 3411 πληροφορίας.
3258 3336 3383 3399 Πῶς
3411 3334 3467 3389 δέ
3507 3336 3614 3388 είσι
3664 3334 4025 3403 πεπληροφοο

2435 3434 2647 3502 ρημένα
2698 3429 2892 3494 ταῦτα,
2946 3428 3091 3493 sint,
3142 3423 3186 3481 ὦ
3216 3428 3400 3481 Λουκᾶ
3430 3445 3443 3491 ;
3479 3426 3680 3488 Καθὼς
3713 3425 4026 3493 παρέδοσαν

2432 3522 2561 3591 ἡμῖν
2590 3523 2638 3573 oi
2664 3521 2757 3575 ἀπ’
2778 3521 2953 3590 ἀρχῆς
2975 3517 3241 3572 αὐτόπται
3276 3515 3372 3569 καὶ
3395 3515 3667 3586 ὑπηρέται
3691 3513 3785 3566 τοῦ
3819 3513 3987 3579 λόγου
4007 3526 4023 3541 ο

2433 3615 2498 3667 ὲκ
2521 3612 2710 3666 τούτου
2740 3613 2919 3683 δῆλον,
2962 3613 3043 3665 ὅτι
3094 3612 3193 3665 οὐκ
3244 3606 3310 3681 ἢν
3342 3612 3370 3663 ὀ
3425 3609 3640 3669 Λουκᾶς
3697 3606 3792 3659 ἀπ’
3843 3606 4025 3675 ἀρχῆς

2436 3703 2704 3775 μαθητὴς,
2740 3702 2855 3755 ἀλλ’
2883 3702 3270 3773 ὁστερόχρονος
3294 3716 3307 3729 ·
3342 3698 3491 3753 ἄλλοι
3542 3697 3651 3766 γὰρ
3677 3692 3819 3766 ἦσαν
3840 3696 3891 3747 οἱ
3925 3693 4025 3757 ἀπ’

2432 3796 2609 3865 ἀρχῆς
2643 3794 3079 3865 μαθητευοέντες
3104 3810 3115 3824 ·
3152 3793 3201 3845 οί
3235 3793 3363 3860 περὶ
3393 3791 3602 3861 Πέτρον
3650 3789 3897 3851 καὶτοὺς
3929 3785 4025 3839 τοῦ

2433 3886 2717 3940 Ζεϐεδαίου
2740 3902 2753 3916 ·
2783 3885 2833 3939 οἳ
2862 3884 2956 3939 καὶ
2992 3882 3299 3954 παρέδοσαν
3324 3882 3472 3951 αὖτῷ
3502 3882 3599 3934 ὅσα
3626 3880 3726 3933 οὐκ
3748 3874 3892 3931 εῐδιν
3922 3880 4025 3932 αὑ-

2432 3980 2543 4041 τὸς.
2576 3978 2699 4031 οὔτε
2735 3980 2999 4047 αὐτήκοος
3030 3976 3265 4043 ἐγένετο.
3315 3975 3380 4026 Τί
3429 3974 3487 4027 δέ
3517 3976 3635 4026 ἐστι
3660 3972 3742 4037 τὸ,
3785 3971 3878 4024 ἵνα
3908 3974 4027 4025 ἑπι-

2434 4071 2579 4141 γνῷς
2600 4072 2700 4140 τὴν
2742 4071 3041 4139 ἀσφάλειαν
3070 4072 3198 4139 περὶ
3245 4064 3321 4120 ὧν
3354 4065 3705 4137 κατηχήθηςς
3751 4067 3914 4118 Διττά
3947 4067 4024 4128 είς

2359 4207 2401 4265 C
2434 4164 2590 4218 τοῦτο
2615 4163 2724 4234 ιχω
2747 4164 3013 4234 νοήματα.
3047 4162 3141 4214 Ἐν
3164 4162 3283 4232 μὲν,
3316 4162 3397 4214 ὅτι
3426 4162 3692 4231 πρότερον
3727 4160 3828 4229 μὲν
3847 4158 4026 4228 ἀγρά-

2437 4273 2551 4324 φως
2583 4271 2640 4307 σε
2672 4256 2979 4325 κατήχησα,
3015 4248 3059 4307 ὦ
3089 4253 3315 4321 Θεόφιλε
3346 4269 3359 4282 ·
3392 4250 3487 4304 νῦν
3518 4250 3575 4303 δὲ
3618 4250 3915 4319 ὲγγράφως
3946 4266 4027 4301 σοι

2436 4348 2761 4420 παραδιδοὺς
2794 4348 2854 4399 τὸ
2889 4348 3243 4415 Εὐαγγέλιον,
3278 4345 3650 4415 ἀσφαλίζομαι
3684 4344 3775 4395 τὸν
3812 4343 3905 4395 σὺν
3932 4342 4025 4394 λο-

2435 4439 2655 4509 γισμὸν,
2691 4440 2777 4491 ἵνα
2810 4440 2882 4509 μὴ
2917 4440 3242 4509 ἐπιλάθηται
3280 4439 3387 4492 τῶν
3421 4440 3686 4507 ἀγράφως
3717 4435 4024 4505 παραδεδο-

2438 4531 2871 4603 μένων.Ἒτερον
2894 4533 2950 4584 δὲ
2972 4533 3242 4585 τοιοῦτον·
3282 4533 3345 4585 Oi
3368 4532 3643 4601 ἄνθρωποι
3669 4529 3789 4591 εοος
3829 4529 4027 4597 ἔχομεν

2436 4624 2719 4686 πολλάκις,
2748 4623 2875 4675 ὅταν
2902 4641 2984 4684 τις
3019 4625 3283 4691 ἀγράφως
3315 4622 3449 4693 λέγῃ
3507 4624 3659 4692 ἡμῖν,
3691 4621 4027 4672 ὑποπτεύειν

2433 4715 2625 4767 τοῦτον
2654 4714 2728 4777 ὡς
2758 4714 2921 4784 τυχδν
2977 4713 3339 4783 ψευδόμενον·
3388 4716 3517 4766 ὅταν
3559 4712 3617 4767 δὲ
3654 4714 3749 4765 καὶ
3780 4710 3974 4779 γράψῃ
3996 4710 4029 4763 ἃ

2436 4808 2606 4875 λέγει,
2632 4806 2753 4858 τότε
2778 4808 3129 4875 πιστεύομεν,
3157 4805 3231 4867 ὡς
3254 4805 3349 4857 ἐὰν
3386 4806 3459 4875 μὴ
3484 4790 3729 4875 ἐθάρρει,
3779 4803 3866 4854 ὅτι
3894 4801 4026 4869 ἀλη-

2437 4901 2501 4971 θῆ
2550 4900 2717 4967 λέγει,
2770 4900 2871 4951 οὐκ
2906 4899 2969 4951 ἂν
3034 4899 3265 4968 ἔγραφε.
3316 4899 3487 4951 Τοῦτο
3546 4896 3637 4951 οὖν
3672 4897 3767 4949 καὶ
3800 4898 3829 4947 ὀ
3867 4896 4029 4963 εὐαγ-

2438 4988 2689 5060 γελιστής
2711 5004 2896 5055 φγσιν,
2926 4988 3030 5051 ὅτι,
3059 4988 3159 5039 Διὰ
3186 4986 3346 5039 τοῦτό
3389 5005 3467 5039 σοι
3502 4987 3716 5056 ἔγραψα
3754 4986 3815 5038 τὸ
3853 4987 4029 5054 Εὐαγ-

2437 5082 2638 5150 γέλιον,
2693 5082 2779 5133 ἵνα
2832 5080 2867 5134 ἃ
2930 5082 3194 5151 ἀγράφως
3248 5080 3591 5152 κατηχήθης,
3644 5082 3702 5132 ὲν
3755 5081 4027 5152 ἀσφαλείᾳ

755 5164 1026 5217 credimus
1054 5165 1195 5233 quod
1235 5181 1338 5221 no"
1377 5168 1701 5233 scripsisset,
1743 5169 1846 5224 nisi
1883 5186 2007 5224 vera
2042 5186 2098 5225 se
2146 5170 2331 5227 dicere
2440 5199 2442 5206 λ

2440 5174 2643 5227 πλείονι
2699 5174 2957 5241 κατέχῃς.
3014 5173 3315 5237 Πιττεύσας
3362 5192 3451 5244 μοι
3517 5173 3722 5244 μᾶλλον
3778 5174 3899 5237 νῦν,
3953 5174 4026 5236 ὡς

754 5256 1070 5309 mnﬁderet.
1113 5256 1320 5312 idcirco
1364 5268 1415 5312 et
1460 5261 1791 5329 evangelista
1826 5262 1957 5316 dicit
1993 5280 2005 5316 :
2044 5262 2334 5333 Propterea

2443 5264 2693 5319 τοσοῦτον
2715 5264 3004 5334 θαρροῦντι
3037 5266 3125 5316 ἐπὶ
3161 5267 3271 5327 τοῖς
3309 5265 3603 5333 ἀγράφοις,
3636 5264 3778 5317 ὥστε
3813 5265 3909 5316 καὶ
3940 5268 4026 5331 ἑγ-

760 5349 953 5414 scripsi
999 5347 1092 5401 tibi
1130 5347 1500 5419 Evangelium,
1524 5362 1578 5406 ut
1610 5368 1670 5407 ea
1701 5354 1765 5408 de
1792 5356 1989 5422 quibus
2024 5356 2143 5409 sine
2192 5356 2333 5410 scri-
2441 5378 2447 5389 ·

2441 5360 2666 5427 γράφως
2690 5356 2859 5409 ταῦτα
2885 5357 3155 5410 ἐκθεῖναι·
3200 5359 3300 5429 ὅρα
3330 5358 3385 5410 δὲ
3410 5359 3503 5411 καὶ
3542 5358 3620 5419 τὸ,
3662 5357 3926 5423 ἐπιγνῷς.
3955 5358 4025 5408 Ο)

757 5441 861 5505 piis
909 5441 1153 5494 eruditus
1203 5456 1284 5502 es,
1331 5445 1381 5497 in
1438 5445 1627 5515 majori
1674 5449 1967 5503 securitate
2022 5464 2332 5513 conserves,
2442 5471 2444 5479 ί

2442 5453 2548 5519 γὰρ
2569 5446 2711 5513 εἷπε,
2732 5448 2895 5516 γνῷς,
2916 5449 3049 5511 ἀλλ’,
3092 5450 3351 5517 ἐπιγνῷς,
3377 5449 3675 5513 τουτέστιν,
3690 5452 3753 5501 ὲκ
3770 5450 4026 5519 δευτέρου

759 5530 1020 5597 majorem
1058 5533 1185 5585 mihi
1223 5533 1378 5587 ﬁdem
1414 5552 1554 5591 nunc
1587 5536 1816 5601 habens,
1844 5540 1931 5607 qui
1968 5542 2102 5594 adeo
2138 5540 2204 5594 de
2250 5541 2331 5595 bis
2367 5564 2409 5617 ι)
2444 5562 2446 5568 λ

2367 5564 2409 5617 ι)
2444 5541 2661 5593 πλείονα
2688 5541 2889 5608 γνῶσιν
2907 5540 3074 5611 λάϐῃς
3103 5582 3116 5606 ,
3154 5542 3247 5594 καὶ
3271 5542 3471 5613 Θάρῤος
3506 5542 3600 5593 καὶ
3629 5541 3933 5610 ἀσφάλειαν
3958 5542 4026 5603 ὼς

754 5637 876 5689 qua:
914 5638 1017 5676 non
1050 5626 1250 5693 scripto
1280 5626 1457 5689 docui,
1480 5628 1769 5695 conﬁdam,
1811 5642 1868 5685 ut
1896 5634 2055 5686 ctiam
2106 5634 2337 5701 scriptu-

1142 5626 1250 5693 ipto
1280 5626 1457 5689 ducui,
1480 5628 1769 5695 conﬁdam,
1811 5642 1868 5685 ut
1896 5634 2055 5686 ctiam
2106 5634 2337 5701 scriptu-
2446 5635 2505 5686 οὐ
2536 5634 2827 5702 ψεύδομαι.

758 5734 831 5771 l'iS
888 5719 1113 5786 prodere
1162 5735 1265 5773 non
1319 5720 1675 5777 formidurim.
1727 5726 1956 5780 Attende
1988 5728 2113 5781 item
2148 5731 2289 5797 quod
2328 5730 2480 5795 dicit,
2540 5743 2826 5794 aglloscaS,
2866 5744 2995 5791 non.
3030 5729 3191 5795 δεῖξις,
3219 5728 3317 5785 hoc
3346 5740 3449 5795 εει,
3501 5729 3742 5786 secundo
3770 5728 4028 5799 maiorem

758 5808 988 5877 accipias
1016 5810 1297 5865 scientiam
1334 5821 1384 5866 ct
1417 5813 1663 5868 ﬁduciam
1695 5830 1755 5868 ac
1787 5817 2132 5871 securitatem
2176 5819 2317 5888 quod
2360 5835 2460 5873 non
2498 5819 2747 5873 mentiar.
