4272 6438
775 380 881 443 695

1695 383 2273 445 THEOPHYLACTI
2316 384 2730 450 ΒυισΑΒΙΑη]
2781 390 3137 452 ARCHIEP.

3934 389 4060 458 696

775 493 1070 556 hominem,
1102 493 1208 544 imo
1255 500 1311 543 et
1363 490 1452 543 Dei
1477 490 1795 560 jusliﬂcatio
1830 493 2120 548 exsistens.
2148 494 2208 547 ιιι
2259 494 2344 548 die
2369 493 2462 551 A:

2369 493 2424 551 Α
2450 497 2601 551 ποιοῦ
2613 515 2678 550 σα
2703 498 2792 550 τὸν
2825 499 3112 567 ἄνθρωπον
3129 509 3157 564 ,’
3181 497 3382 568 μᾶλλον
3409 497 3465 552 δὲ
3486 495 3581 552 καὶ
3604 495 3697 550 τοῦ
3722 495 3863 550 Θεοῦ
3901 494 4051 554 οὖσα

775 584 918 637 enim
944 582 1055 648 illa,
1098 581 1249 651 quasi
1279 582 1538 650 scriptam
1576 585 1862 650 quamdam
1900 583 2343 651 justiﬁeationem

773 677 978 731 habens
1027 676 1168 730 Deus
1217 675 1330 744 ipsa
1384 677 1658 740 mandata,
1709 677 2036 733 condemnat
2081 694 2200 735 nos.
2231 679 2342 735 Nisi

770 766 913 819 vnim
946 767 1236 830 venissem,
1276 767 1470 834 inquit,
1499 775 1552 820 et
1587 766 1800 822 locutus
1825 781 2000 821 essem
2020 773 2120 841 eis,
2147 785 2342 839 pecea-

771 870 879 910 tum
914 873 1018 912 non
1057 858 1390 912 habuissent.
1432 857 1498 924 Et
1535 860 1761 914 iterum:
1802 859 1996 916 Sermo
2049 877 2211 931 quem
2263 863 2339 918 lo-

767 956 923 1002 cutus
953 963 1070 1003 sum
1099 951 1198 1013 eis,
1249 949 1338 1004 ille
1368 965 1465 1006 eos
1499 951 1904 1008 condemnabit.
1940 953 2123 1020 Quare
2163 965 2341 1010 autem

767 1059 888 1097 cum
907 1043 1060 1107 dixit,
1081 1045 1420 1099 ambulantes
1438 1045 1488 1098 in
1504 1045 1757 1099 omnibus
1772 1046 2154 1117 mandatis,adj
2168 1050 2342 1116 unxit,

767 1134 1269 1202 irreprebensibiles
1287 1137 1311 1189 ?
1332 1137 1498 1190 Audi.
1524 1136 1671 1190 Multi
1695 1139 1974 1192 ambulant
2007 1140 2058 1192 in
2086 1139 2200 1207 lege
2227 1141 2341 1204 Dei,

767 1226 859 1280 sed
883 1227 1061 1281 omnia
1091 1225 1297 1284 faciunt
1329 1236 1386 1282 ut
1414 1228 1699 1282 videantur
1729 1228 1799 1282 ab
1838 1229 2166 1284 hominibus.
2188 1228 2345 1285 Tales

768 1319 936 1387 igitur
964 1335 1066 1374 non
1102 1332 1227 1375 sunt
1257 1322 1788 1391 irreprehensibiles.
1821 1320 1926 1376 Sed
1973 1321 2264 1377 Zacharias
2291 1333 2345 1378 et

766 1413 894 1471 fecit
925 1416 1195 1481 mandata,
1231 1427 1285 1471 et
1323 1417 1459 1472 citra
1517 1417 1989 1484 reprehensionem
2043 1418 2187 1483 fecit,
2240 1428 2342 1471 nun

769 1518 825 1559 ut
855 1508 1163 1564 hominibus
1197 1509 1405 1576 placeat
1437 1507 1564 1562 talia
1599 1510 1822 1562 faciens.

839 1685 1004 1739 Vens.
1037 1685 1090 1738 7.
1133 1703 1150 1736 ι
1189 1682 1298 1739 Nec
1350 1695 1468 1739 erat
1520 1685 1625 1739 illis
1657 1687 1862 1755 proles,
1898 1703 1962 1741 eo
1988 1690 2130 1757 quod
2168 1687 2339 1743 Elisa-

766 1776 892 1828 heth
921 1776 1125 1830 sterilis
1162 1785 1307 1832 esset
1336 1786 1388 1830 et
1421 1777 1580 1831 ambo
1610 1788 1877 1848 provectae
1895 1779 2007 1849 jam
2044 1781 2218 1834 aetatis
2255 1796 2341 1834 es-

767 1875 906 1919 sent.
942 1883 959 1916 ι
1011 1864 1290 1920 Justorum
1335 1868 1589 1924 mulieres
1620 1878 1674 1922 et
1715 1868 1900 1934 justas,
1935 1885 2085 1938 saepe
2125 1873 2338 1926 steriles

767 1958 1004 2023 fuerunt,
1043 1961 1308 2014 utdiscas
1359 1959 1528 2032 legem
1573 1977 1676 2015 non
1713 1962 1936 2031 exigere
1969 1965 2334 2031 corporalium

767 2049 998 2104 ﬁliorum
1027 2053 1476 2120 procreationem,
1507 2054 1600 2107 sed
1643 2052 2028 2122 spiritualium.
2062 2054 2337 2110 Provecta:

765 2150 943 2196 autem
972 2142 1146 2197 atatis
1178 2145 1338 2199 ambo
1378 2155 1552 2209 erant,
1593 2155 1700 2199 tam
1731 2161 1982 2214 corpore,
2017 2163 2181 2217 quam
2216 2150 2334 2202 ani.

766 2249 871 2286 nia.
901 2233 1108 2312 Etenim
1133 2235 1284 2302 juxta
1304 2238 1537 2290 animam
1565 2239 1946 2307 profecerant“
1978 2252 2033 2295 et
2066 2243 2333 2311 progressi

765 2337 938 2389 erant,
977 2337 1236 2394 ponentes
1266 2329 1613 2384 ascensioues
1651 2332 1698 2383 in
1728 2332 1916 2397 corde,
1943 2342 1998 2386 et
2049 2335 2191 2387 diem
2225 2335 2335 2386 lia-

766 2417 973 2476 bentes.
1000 2418 1093 2471 sed
1123 2432 1224 2471 non
1263 2428 1472 2474 noctem
1509 2423 1710 2476 vitam:
1751 2434 1806 2476 ut
1851 2425 1903 2477 in
1946 2426 2066 2481 luce
2109 2426 2335 2481 honeste

764 2516 1005 2576 agentes.

836 2682 997 2738 Vens.
1027 2685 1180 2739 8-10.
1223 2705 1241 2736 ι
1285 2686 1509 2742 Factum
1546 2699 1628 2743 est
1660 2700 1838 2744 autem
1876 2709 1996 2746 cum
2035 2693 2336 2748 sacerdotio

763 2777 1082 2847 fungeretur
1112 2778 1406 2833 Zacharias
1461 2781 1512 2833 in
1566 2781 1754 2837 ordine
1796 2784 1928 2840 vicis
1969 2802 2080 2840 sure
2154 2800 2336 2839 coram

767 2869 895 2930 Deo,
928 2870 1223 2921 secundum
1257 2870 1704 2926 consuetudinem
1743 2873 2034 2930 {unctionis
2087 2877 2338 2930 sacerdo-

765 2957 1043 3021 talis,sors
1069 2957 1142 3011 illi
1163 2958 1379 3013 obvenit
1406 2970 1461 3014 ut
1492 2961 1688 3017 odores
1726 2967 2035 3020 incenderet
2062 2966 2336 3034 ingressus

764 3050 816 3102 in
847 3048 1103 3117 templum
1133 3050 1368 3116 Domini,
1401 3063 1453 3105 et
1476 3057 1654 3111 omnis
1686 3057 1972 3113 multitudo
2000 3059 2180 3127 populi
2216 3072 2336 3127 pre-

763 3137 986 3195 cabatur
1015 3139 1145 3193 furis
1193 3151 1434 3210 tempore
1486 3145 1867 3213 thymiamatis.
1927 3165 1944 3196 ι
1979 3148 2172 3202 Coram
2228 3147 2338 3203 Deo

763 3232 948 3286 mundi
985 3232 1086 3286 soli
1123 3232 1283 3302 272
1315 3235 1623 3289 sacerdotio
1648 3236 1967 3306 funguntur,
2002 3240 2069 3293 ab
2112 3240 2339 3307 impuris

762 3331 936 3375 autem
966 3323 1163 3376 avertit
1197 3323 1335 3378 Dens
1362 3324 1551 3379 faciem
1571 3341 1746 3382 suam.
1769 3326 1995 3394 Quando
2015 3341 2192 3384 autem
2219 3348 2337 3387 sors

763 3412 839 3464 illi
873 3415 1092 3467 obvenit
1129 3423 1184 3467 ut
1217 3414 1537 3470 incenderet
1571 3419 1801 3473 odores?
1837 3417 1928 3471 Vel
1971 3421 2192 3474 omnino
2236 3437 2294 3475 se
2317 3453 2335 3461 -

761 3506 996 3557 cundum
1055 3516 1261 3575 tempus
1326 3507 1763 3576 deprecationis,
1813 3511 2033 3579 quando
2089 3512 2236 3565 Solus
2284 3516 2334 3565 in

764 3592 958 3646 Sancta
989 3606 1294 3649 sanctorum
1333 3597 1736 3665 ingrediebatur
1766 3616 2009 3658 summus
2041 3605 2294 3659 sacerdos
2322 3623 2332 3656 :

762 3693 820 3736 ut
851 3684 1117 3739 discamus
1143 3688 1282 3754 quod
1333 3690 1782 3756 quemadmodum
1810 3707 2056 3749 summus
2082 3696 2337 3751 sacerdos

764 3777 864 3829 iste
884 3776 1159 3842 ingressus
1189 3779 1238 3830 in
1265 3776 1460 3834 Sancta
1488 3793 1802 3835 sanetoruin
1829 3783 2062 3838 fructum
2093 3788 2332 3854 accepit,

760 3869 842 3922 sic
874 3879 926 3923 et
954 3870 1212 3922 Dominus
1258 3869 1414 3925 Jesm.
1458 3874 1572 3938 ipse
1616 3876 1764 3928 solus
1793 3887 1845 3930 et
1869 3894 2056 3932 revera
2093 3895 2337 3934 summus

761 3962 1030 4014 sacerdos-
1062 3961 1339 4028 ingressus
1373 3964 1421 4014 in
1457 3962 1651 4017 Sancta
1680 3979 2011 4034 sanctorum,
2040 3971 2140 4024 hoc
2169 3982 2251 4024 est
2282 3973 2333 4024 in

760 4058 955 4109 ι-ωιυω
1006 4072 1125 4111 cum
1179 4074 1362 4123 carne,
1399 4059 1630 4115 fructum
1689 4066 1897 4132 accepit
1950 4082 2081 4132 sum,
2119 4083 2234 4135 qua:
2281 4069 2333 4120 in

759 4168 922 4206 carne
951 4163 1086 4218 erat,
1122 4153 1448 4208 visitationis
1488 4165 1726 4210 nostram
1757 4157 1986 4212 salutem
2038 4170 2090 4213 et
2115 4161 2168 4212 in
2201 4160 2336 4213 lilios

758 4244 1128 4312 adepﬁouenn

835 4335 992 4390 Vens.
1024 4339 1109 4392 Η.
1149 4357 1166 4390 ι
1201 4340 1463 4409 Apparuit
1495 4350 1671 4396 autem
1715 4341 1790 4395 illi
1842 4343 2066 4412 angelus
2124 4344 2332 4397 Domini

760 4437 907 4483 stans
941 4445 970 4484 a
1005 4432 1212 4486 dextris
1240 4432 1427 4487 altaris
1464 4433 1853 4503 thymiamatis.
1895 4455 1913 4487 ι
1952 4435 2067 4490 Non
2086 4437 2335 4491 omnibus

2446 590 2742 660 δικαίωμα.
2773 591 2862 644 Ἐν
2886 593 2991 662 γὰρ
3015 594 3078 661 τῇ
3110 590 3296 661 ἡμέρα
3316 591 3498 674 ἐκείνῃ
3524 589 3714 658 ὥσπερ
3734 607 3787 642 τι
3813 589 4060 644 δικαίω-

2449 701 2526 753 μα
2568 684 2864 752 ἔγγραφον,
2907 683 3047 754 ἔχων
3094 683 3279 747 όΘεδς
3311 684 3410 746 τάς
3435 683 3675 749 ἐντολὰς,
3708 684 4056 751 κατακρίνει

2445 777 2612 845 ἡμᾶς.
2652 776 2713 829 Et
2745 776 2819 846 μὴ
2847 771 3010 845 ἦλθον
3041 775 3174 845 γὰρ,
3232 774 3388 845 φησὶ,
3421 775 3516 827 καὶ
3544 773 3786 841 ἐλάλησα
3820 775 4051 837 αὐτοῖς,

2444 866 2720 936 ἁμαρτίαν
2755 867 2855 917 οὐκ
2884 860 3028 936 είχον
3050 881 3062 894 ο
3094 865 3188 918 καὶ
3214 863 3394 925 πάλιν,
3427 863 3489 915 '0
3517 862 3671 928 λόγος
3699 861 3759 914 δν
3791 858 4054 930 ἐλάλησα

2445 960 2651 1023 αὐτοῖς,
2681 959 2889 1020 ἐκεῖνος
2915 957 3111 1019 αὐτοὺς
3137 957 3332 1025 κρινεῖ.
3366 955 3525 1017 Τίνος
3559 954 3614 1007 δὲ
3637 955 3825 1006 ἕνεκεν
3853 954 4047 1021 πρόσ-

2453 1069 2628 1105 κειται
2687 1049 2783 1120 τῷ,
2829 1049 3188 1119 πορευόμενοι
3247 1049 3304 1100 ὲν
3357 1048 3560 1108 πάσαις
3595 1049 3714 1108 ταῖς
3756 1045 4048 1107 ἐντολαῖς,

2445 1142 2526 1204 τὸ,
2576 1142 2886 1211 άμεμπτοις
2919 1141 3117 1192 Ἄκουε
3141 1157 3152 1168 ·
3183 1136 3439 1199 πολλάκις
3462 1137 3603 1196 τινὲς
3631 1133 3967 1206 πορεύονται
3987 1136 4053 1186 ἐν

2445 1235 2521 1303 τῷ
2574 1235 2720 1304 νόμῳ
2765 1232 2860 1286 τοῦ
2891 1231 3048 1294 Θεοῦ,
3091 1230 3227 1286 άλλὰ
3280 1230 3458 1283 πάντα
3508 1227 3722 1281 ποιοῦσι
3775 1226 3924 1295 πρὸς
3982 1226 4050 1276 τὸ

2447 1327 2705 1396 θεαθῆναι
2737 1329 2847 1390 τοϊς
2869 1324 3178 1394 ἀνθρώποις
3199 1340 3212 1354 ·
3245 1321 3443 1375 οὔκουν
3467 1322 3750 1390 ἄμεμπτοι
3769 1320 3820 1372 οἱ
3852 1316 4045 1370 τοιοῦο

2445 1439 2560 1474 τοι·
2607 1424 2634 1474 6
2662 1421 2718 1474 δὲ
2772 1418 3045 1490 Ζαχαρίας
3083 1419 3178 1470 καὶ
3217 1416 3450 1486 ἔπραττε
3495 1413 3597 1475 τὰς
3639 1411 3887 1473 ἐντολάς,
3941 1410 4044 1461 καὶ

2444 1513 2747 1582 ἀμέμπτως
2772 1511 3027 1581 ἔπραττε,
3054 1510 3127 1581 μὴ
3153 1509 3242 1563 διὰ
3260 1509 3320 1562 τὸ
3347 1507 3540 1578 ἀρέσαι
3571 1508 3682 1568 τοῖς
3714 1501 4042 1574 ἀνθρώποις

2445 1609 2647 1667 ταύτας
2683 1604 2869 1656 τελῶν.

2523 1719 2540 1748 ι
2575 1697 2680 1748 Καὶ
2706 1697 2804 1748 οὐκ
2833 1691 2901 1765 ἦν
2931 1695 3118 1756 αὐτοῖς
3163 1694 3373 1754 τέκνον,
3407 1691 3530 1743 καθ’
3556 1692 3638 1744 ὅτι
3667 1692 3699 1759 ή
3742 1687 4041 1744 Ἐλισὰϐετ

2445 1787 2512 1857 ἦν
2569 1791 2789 1857 στεῖρα’
2847 1786 2942 1839 καὶ
2992 1787 3293 1854 ἀμφότεροι
3339 1782 3748 1851 προϐεϐηκότες
3807 1783 3866 1834 ὲν
3908 1784 4038 1844 ταῖς

2448 1882 2680 1951 ἡμέραις
2703 1878 2882 1932 αὐτῶν
2911 1874 3072 1948 ἦσαν.
3097 1896 3114 1928 ι
3155 1879 3219 1929 Ai
3241 1877 3347 1929 τῶν
3372 1875 3597 1929 δικαίων
3623 1876 3907 1940 γυναῖκες,
3939 1876 4040 1926 καὶ

2446 1977 2501 2029 αἱ
2529 1975 2752 2038 δίκαιαι,
2780 1972 3036 2032 πολλάκις
3059 1971 3298 2022 ἁτεκνοιο
3333 1969 3420 2021 ἵνα
3451 1968 3514 2020 σὺ
3551 1967 3750 2037 μάθῃς,
3783 1967 3867 2019 ὅτι
3893 1968 3924 2018 6
3947 1966 4038 2018 νό-

2449 2083 2547 2136 μος
2567 2069 2665 2118 οὐκ
2686 2066 2909 2118 ἁπαιτεῐ
2933 2062 3290 2116 πολυτεκνίαν
3318 2049 3660 2129 σωματικὴν,
3699 2058 3839 2111 ἀλλά
3857 2075 4032 2111 πνευ-

2449 2159 2705 2228 ματικήν.
2767 2156 3182 2226 Προϐεϐηκότες
3232 2154 3287 2206 δὲ
3351 2148 3493 2223 ἦσαν
3543 2152 3871 2221 ἀμφότεροι,
3934 2149 4036 2202 καὶ

2446 2252 2584 2304 κατὰ
2604 2251 2662 2302 τὶ
2687 2251 2845 2317 σῶμα
2870 2251 2963 2301 καὶ
2991 2248 3133 2300 κατὰ
3154 2246 3214 2299 τὸ
3232 2245 3451 2313 πνεῦμα
3470 2261 3483 2275 °
3512 2246 3606 2297 καὶ
3627 2241 3856 2312 γὰρκαὶ
3887 2239 4037 2293 κατὰ

2444 2342 2623 2410 ψυχὴν
2687 2338 3020 2408 προέϐησαν,
3053 2337 3299 2389 τουτέστι
3349 2333 3682 2405 προέκοψαν,
3729 2329 4034 2390 ἀναϐάσεις

2445 2436 2499 2486 ἐν
2532 2436 2596 2503 τῇ
2631 2432 2828 2501 καρδίᾳ
2857 2430 3150 2498 τιθέμενοι,
3185 2428 3278 2481 καὶ
3309 2427 3521 2496 ἡμέραν
3547 2425 3780 2494 ἔχοντες,
3817 2419 3937 2472 ἀλλ’
3968 2417 4032 2470 οὐ

2445 2527 2616 2580 νύκτα
2638 2527 2727 2577 τὸν
2753 2525 2886 2593 βίον,
2912 2523 2986 2584 ὡς
3021 2521 3078 2574 ἐν
3107 2520 3243 2588 φωτὶ
3274 2515 3709 2588 περιπατοῦντες
3743 2510 4030 2580 εὐσχημό-

2446 2638 2572 2672 νως.

2523 2638 2824 2773 ῗοῈγένετο
2870 2703 2925 2756 δὲ
2967 2706 3024 2755 ὲν
3064 2701 3139 2769 τῷ
3173 2699 3475 2770 ἱερατεύειν
3497 2696 3659 2750 αὐτὸν
3687 2696 3745 2747 ὲν
3774 2696 3839 2762 τῇ
3871 2693 4030 2760 τάξει

2444 2799 2545 2867 τῆς
2569 2795 2874 2867 ἐφημερίας
2913 2789 3079 2846 αὑτοῦ
3110 2791 3288 2843 ἔναντι
3315 2787 3408 2841 τοῦ
3443 2787 3602 2849 Θεοῦ,
3644 2785 3786 2839 κατὰ
3813 2785 3873 2837 τδ
3905 2783 4032 2846 ἔθος

2444 2891 2541 2954 τῆς
2576 2886 2866 2956 ίερατείας,
2901 2883 3055 2951 ἔλαχε
3089 2880 3182 2933 τοῦ
3216 2881 3506 2946 θυμιάσαι,
3534 2874 3794 2929 εἰσελθὼν
3823 2876 3902 2936 είς
3937 2873 4030 2927 τὸν

2443 2980 2570 3033 ναὸν
2619 2978 2712 3030 τοῦ
2766 2974 2969 3044 Κυρίου
2993 2990 3005 3004 ·
3056 2973 3147 3023 καί
3179 2971 3286 3022 πᾶν
3325 2969 3386 3022 τὸ
3417 2968 3620 3038 πλῆθος
3664 2964 3733 3037 ἦν
3762 2965 3860 3019 τοῦ
3893 2965 4029 3019 λαοῦ

2444 3071 2878 3143 προσευχόμενον
2909 3067 3012 3132 ἔξω
3034 3067 3102 3135 τῇ
3151 3063 3270 3133 ὥρᾳ
3292 3063 3384 3115 τοῦ
3433 3061 3796 3131 θυμιάματος.
3842 3078 3858 3109 ι
3897 3059 4029 3110 Ἐν-

2445 3181 2562 3215 αντι
2601 3160 2737 3213 Θεοῦ
2771 3160 2818 3212 οἱ
2872 3157 3106 3227 καθαροί
3157 3154 3307 3224 μόνοι
3351 3153 3755 3224 ίερατιυουσιν·
3818 3150 3930 3203 άπὸ
3971 3149 4029 3202 δὲ

2441 3256 2548 3309 τῶν
2585 3256 2661 3324 μὴ
2722 3250 2978 3321 καθαρῶν
3015 3248 3350 3318 ἀποστρέφει
3398 3249 3426 3300 6
3457 3245 3589 3308 Θεὸς
3621 3245 3680 3299 τὸ
3729 3244 4027 3315 πρόσωπον

2441 3348 2629 3402 αὐτοῦ.
2667 3346 2802 3400 Πότε
2825 3344 2880 3398 δὲ
2909 3343 3069 3412 ἔλαχε
3097 3341 3190 3394 τοῦ
3223 3339 3483 3409 θυμιάσαι
3505 3356 3519 3405 ;
3541 3339 3611 3390 Ἢ
3640 3337 3861 3397 πάντως
3889 3333 4030 3388 κατὰ

2439 3442 2527 3494 τόν
2553 3440 2746 3508 καιρὸν
2781 3435 2873 3490 τοῦ
2902 3432 3154 3504 ἱλασμοῦ,
3191 3433 3279 3484 ὅτε
3328 3431 3486 3500 μόνος
3541 3430 3832 3498 εἰσήρχετο
3854 3429 3936 3489 είς
3961 3426 4028 3479 τὰ

2441 3534 2607 3599 ’Ἅγια
2658 3529 2768 3582 τῶν
2815 3527 2987 3596 ἁγίων
3045 3528 3073 3578 6
3111 3522 3440 3594 ἀρχιερεύςο
3504 3521 3590 3573 ἵνα
3643 3519 3908 3589 μάθωμεν
3943 3519 4024 3571 ὅτι

2437 3623 2626 3691 ὥσπερ
2658 3619 2686 3670 6
2715 3617 3004 3690 ἀρχιερεὺς
3031 3610 3207 3680 οὗτος,
3241 3612 3498 3666 εἰσελθὼν
3521 3612 3600 3671 είς
3627 3612 3695 3662 τὰ
3719 3610 3892 3676 Ἅγια
3918 3607 4026 3659 τῶν

2441 3717 2610 3783 ἁγίων
2638 3713 2793 3765 ἔλαϐε
2829 3710 3061 3779 καρπον,
3098 3706 3241 3759 οὓτω
3289 3704 3384 3756 καὶ
3415 3707 3441 3756 6
3480 3703 3680 3772 Κύριος
3719 3699 3937 3770 -Ὶησοῧς
3983 3702 4028 3776 *ἁ

2443 3807 2602 3876 μόνος
2630 3805 2719 3856 καὶ
2748 3803 2922 3872 μέγας
2945 3799 3022 3868 τῷ
3052 3798 3165 3851 ὄντι
3216 3795 3525 3865 ἀρχιερεὺς,
3565 3790 3825 3844 εἰσελθὼν
3848 3791 3928 3851 είς
3958 3790 4024 3842 τά

2442 3901 2608 3964 ’Ἅγια
2627 3897 2735 3947 τῶν
2763 3895 2932 3959 ἁγίων
2955 3932 2968 3954 ,
2999 3889 3301 3951 τουτέστιν,
3349 3888 3428 3948 είς
3471 3885 3560 3937 τὸν
3587 3883 3821 3952 οὐρανὸν
3886 3881 4025 3950 μετὰ

2439 3986 2661 4056 σαρκὸς,
2680 3981 2836 4035 ἔλαϐε
2864 3978 3072 4049 καρπὸν
3099 3977 3195 4042 τῆς
3219 3975 3484 4042 ὲνσὰρκου
3510 3973 3674 4025 αὑτοῦ
3701 3971 4024 4041 ἐπιδημίας,

2438 4081 2536 4147 τὴν
2569 4076 2844 4146 ἡμετέραν
2876 4069 3145 4123 υἱοθεσίαν
3167 4067 3261 4120 καὶ
3296 4066 3567 4135 σωτηρίαν

2517 4363 2532 4392 ι
2571 4342 2744 4412 Ὠφθη
2767 4343 2822 4395 δὲ
2846 4342 2993 4413 αὑτῷ
3020 4344 3248 4410 ἄγγελος
3283 4343 3512 4414 Κυρίου,
3543 4342 3713 4405 ἑστὼς
3739 4343 3803 4396 ὲκ
3831 4341 4020 4407 δεξιῶν

2438 4438 2531 4488 τοῦ
2555 4435 2943 4506 θυσιαστηρίου
2974 4435 3068 4487 τοῦ
3105 4435 3470 4504 θυμιάματος.
3510 4455 3527 4486 ι
3562 4435 3635 4488 06
3667 4437 3805 4488 πᾶσι
3836 4436 4019 4503 φαίνε-

759 4533 978 4588 apparet
1007 4523 1250 4593 angelus,
1285 4525 1377 4579 sed
1416 4527 1629 4580 mundis
1658 4527 1843 4591 corde,
1885 4528 2061 4596 qualis
2087 4538 2203 4582 erat
2230 4528 2334 4581 Za-
2371 4528 2411 4582 D
2441 4544 2446 4558 ε

2333 4560 2334 4565 η
2371 4528 2411 4582 D
2441 4542 2528 4577 ται
2554 4528 2581 4576 6
2607 4524 2859 4590 ἄγγελος,
2895 4523 3028 4576 ἀλλὰ
3054 4526 3164 4585 τοῖς
3193 4527 3453 4593 καθαροῖς
3476 4527 3541 4594 τῇ
3575 4524 3799 4592 καρδία,
3824 4519 3936 4587 οἷος
3956 4521 4020 4594 ἦν

758 4614 994 4669 Charias.
1031 4615 1218 4671 Altate
1249 4628 1428 4670 autem
1460 4620 1826 4688 thymiamatis
1869 4621 2029 4687 dixit,
2063 4620 2190 4691 quia
2217 4631 2334 4676 erat

757 4716 808 4760 et
840 4706 1069 4762 alterum
1105 4709 1274 4765 altare
1299 4709 1759 4765 bolocaustorum.

830 4891 995 4946 Vens.
1044 4891 1231 4948 iii-14.
1285 4909 1304 4943 ι
1357 4893 1417 4945 Ει
1465 4892 1716 4948 turbatus
1760 4903 1842 4949 est
1889 4895 2203 4960 Zacharias,
2239 4896 2330 4951 illo

761 4987 892 5046 viso,
912 4999 973 5039 ac
1007 4985 1167 5038 timor
1187 4985 1344 5038 irruit
1373 5000 1538 5052 super
1565 4998 1711 5039 eum.
1745 4985 1889 5039 Dixit
1912 4996 2094 5041 autem
2118 4989 2183 5040 ad
2207 5001 2330 5042 eum

755 5074 1008 5143 angelus:
1053 5073 1130 5127 Ne
1178 5075 1391 5140 timeas,
1444 5074 1730 5141 Zacharia,
1768 5078 2024 5147 quoniam
2077 5079 2331 5134 exaudita

752 5176 834 5220 est
862 5166 1175 5234 deprecatio
1210 5175 1332 5221 tua:
1381 5182 1624 5236 uxorque
1669 5179 1758 5222 tua
1809 5168 2086 5228 Elisabeth
2143 5171 2320 5240 pariet

756 5257 852 5311 tibi
908 5258 1096 5324 tilium,
1153 5269 1209 5313 et
1248 5261 1464 5315 vocabis
1515 5277 1709 5317 nomen
1768 5265 1889 5334 ejus
1938 5262 2238 5320 Joannem:
2278 5275 2332 5319 et

754 5350 859 5404 erit
891 5351 1141 5418 gaudium
1163 5353 1256 5406 tibi
1278 5354 1656 5422 etexsultatio,
1684 5356 1943 5425 multique
1977 5357 2028 5412 in
2049 5357 2334 5412 nativitate

754 5440 870 5508 ejus
911 5444 1240 5510 gaudebunt.
1277 5465 1295 5496 ι
1338 5445 1611 5501 Turbatur
1641 5448 1857 5518 quidem
1891 5449 2210 5504 Zacharias.
2246 5452 2336 5504 ln-

754 5531 926 5586 solita:
956 5533 1097 5586 enim
1138 5535 1374 5591 visiones
1404 5539 1565 5591 etiam
1599 5549 1820 5594 sanctos
1855 5539 2093 5596 turbant.
2131 5541 2332 5596 Verum

757 5621 980 5690 angelus
1035 5624 1321 5681 confestim
1347 5628 1712 5686 turbationem
1741 5631 1913 5688 sedat.
1946 5629 2154 5703 Ubique
2187 5631 2330 5688 cnim

833 5808 1014 5864 ’I‘sal,
1063 5827 1283 5880 Lsxxm,
1329 5816 1373 5867 Ι.

2441 4620 2469 4670 6
2494 4617 2788 4687 Ζαχαρίας.
2815 4615 3211 4686 Θυσιαστὴριον
3238 4615 3293 4667 δὲ
3323 4614 3417 4667 τοῦ
3469 4615 3821 4683 θυμιάματος
3850 4611 4019 4679 εἶπεν,

2442 4713 2564 4763 ἐπεὶ
2589 4706 2658 4779 ἦν
2681 4710 2773 4762 καὶ
2806 4709 2993 4777 ἕτερον
3029 4709 3440 4780 θυσιαστήριον,
3475 4708 3536 4761 τὸ
3565 4707 3675 4761 τῶν
3713 4708 4021 4762 ὁλοκαυτω-

2445 4800 2653 4868 μάτων.

2523 4910 2541 4943 ι
2584 4892 2692 4945 Καὶ
2731 4890 3006 4962 ἐταράχθη
3033 4889 3304 4959 Ζαχαρίας
3347 4887 3489 4950 ίδὼν,
3515 4886 3611 4940 καὶ
3636 4885 3801 4954 φόϐος
3827 4885 4020 4940 ἐπέπε-

2441 5001 2532 5036 σεν
2573 4982 2658 5036 ἐπ’
2694 4984 2878 5036 αὐτόν.
2935 4978 3068 5034 Eine
3119 4981 3173 5032 δὲ
3205 4981 3341 5048 πρὸς
3372 4977 3536 5031 αὑτὸν
3568 4979 3597 5030 6
3624 4976 3883 5044 ἄγγελοςο
3929 4977 4016 5046 Μὴ

2441 5073 2631 5146 φοϐοῦ,
2660 5076 2928 5145 Ζαχαρία,
2962 5074 3095 5127 διότι
3119 5071 3451 5144 εἰσηκούσθη
3480 5072 3512 5141 ὴ
3545 5070 3732 5140 δέησίς
3767 5087 3862 5122 σου
3885 5085 3901 5102 ·
3931 5069 4018 5124 καὶ

2439 5171 2472 5236 ἡ
2510 5169 2643 5238 γυνή
2707 5184 2800 5219 σου
2854 5166 3134 5220 Ἐλισάϐετ
3181 5165 3435 5236 γεννήσει
3489 5163 3606 5216 υίόν
3650 5177 3755 5224 σοι,
3801 5163 3900 5214 καὶ
3929 5180 4018 5215 xa-

2440 5259 2617 5322 λέσεις
2651 5258 2711 5310 τὸ
2734 5259 2906 5327 ὄνομα
2936 5257 3103 5312 αὐτοῦ
3147 5257 3429 5326 Ἰωάννην·
3462 5256 3556 5308 καὶ
3587 5255 3740 5307 ἔσται
3768 5254 3916 5324 χαρά
3940 5269 4017 5307 σοι

2442 5352 2535 5404 καὶ
2567 5351 2914 5419 ἀγαλλίασις,
2970 5351 3066 5403 καὶ
3094 5348 3278 5402 πολλοὶ
3311 5350 3403 5400 ἐπὶ
3435 5350 3500 5417 τῇ
3539 5347 3797 5417 γεννήσει
3853 5344 4013 5398 αὑτοῦ

2440 5446 2797 5516 χαρήσονται.
2845 5461 2860 5493 ι
2923 5442 3263 5513 Ταράττεται
3291 5440 3388 5511 μὲν
3426 5441 3454 5494 6
3481 5439 3781 5510 Ζαχαρίας.
3831 5439 4017 5490 Ἀσυν-

2440 5537 2578 5607 ήθης
2613 5537 2721 5606 γὰρ
2759 5536 2880 5604 ὄψις
2935 5537 3030 5587 καὶ
3079 5536 3208 5598 τοὺς
3262 5535 3450 5602 ἁγίους
3498 5532 3778 5603 ταράττει.
3827 5530 3963 5583 Ἀλλ’
3992 5531 4017 5582 6

2441 5630 2670 5700 ἄγγελος
2723 5627 3075 5686 καταστέλλει
3112 5627 3212 5698 τὴν
3266 5627 3538 5696 ταραχήψ
3583 5625 3868 5697 πανταχοῦ
3916 5623 4016 5695 γὰρ
