4272 6438
239 392 353 463 697

985 382 1436 449 ENARRATiO
1475 382 1558 444 IN
1597 375 2105 442 EVANGELIUM
2165 376 2406 439 LUCAE.
2449 402 2518 412 —
2549 375 2712 436 CAP.
2751 376 2797 434 Ι.

3439 366 3547 437 598

242 508 412 562 τοῦτο
444 505 569 576 laxe
593 503 883 574 γνώρισμα
911 499 1020 552 τῶν
1041 515 1100 551 τε
1128 497 1237 550 ἀπὸ
1269 497 1364 549 τοῦ
1388 494 1524 547 Θεοῦ
1542 488 1842 554 ὁπτασιῶν,

1957 488 2059 544 hoc
2114 487 2318 542 indicio
2365 480 2756 540 discernuntur
2804 479 3045 535 visiones
3084 491 3206 546 quae
3245 491 3274 529 a
3315 475 3444 540 Deo,
3477 486 3534 530 et

245 598 348 651 καὶ
375 595 482 648 τῶν
527 591 863 663 δαιμονικῶν
883 606 897 618 ·
928 590 977 641 εί
1015 589 1116 658 μὲν
1165 586 1275 658 γάρ
1304 585 1416 639 ἀπὸ
1462 582 1716 654 ταραχῆς
1744 579 1842 651 ἀρ-

247 693 402 758 ξεται
433 689 759 758 ὁλογισμὸς,
791 685 885 738 καὶ
909 682 1219 736 τελευταίαν
1248 678 1526 746 καταστῇ,
1561 672 1842 741 συντόμως

247 782 513 852 λυομένου
566 776 660 835 τοῦ
689 778 880 847 φόϐου,
936 775 1106 836 ὅντως
1140 772 1262 826 θεία
1311 773 1345 840 ἡ
1379 766 1637 821 ὁπτασία.
1694 765 1754 818 Et
1784 764 1841 817 δὲ

247 875 580 929 ἐπιτείνεται
617 871 820 943 μᾶλλον
847 871 874 921 6
904 867 1069 934 φόῦος
1095 866 1189 916 καὶ
1219 863 1253 932 η
1282 859 1573 929 ταραχὴΛγ
1605 854 1843 908 ὀπτασία

249 967 640 1038 δαιμονιώδης.
695 965 854 1024 Τίνος
886 961 943 1012 δὲ
989 957 1176 1011 ἕνεκέν
1226 969 1390 1024 φησιν
1419 948 1702 1018 δάγγελος
1755 949 1840 1000 ὅτι

256 1081 274 1112 ι
302 1058 646 1128 Είσηκούσθη
681 1059 712 1124 ἡ
739 1053 924 1123 δέησίς
953 1068 1068 1112 σου,
1096 1052 1189 1102 καὶ
1214 1049 1247 1118 ἡ
1275 1046 1413 1114 γυνή
1449 1060 1540 1096 σου
1559 1040 1835 1096 Ἑλισάϐετ

248 1153 504 1220 γεννήσει
537 1166 618 1202 σοι
659 1167 676 1198 t
715 1166 730 1214 ;
792 1147 882 1214 Μὴ
914 1145 1023 1212 γάρ
1057 1145 1085 1195 6
1139 1138 1416 1210 Ζαχαρίας
1464 1135 1595 1206 περὶ⁸
1649 1133 1841 1195 παιδὸς

251 1243 454 1314 ηὔχετο
481 1259 496 1307 ;
565 1239 700 1294 ἀλλὰ
732 1238 861 1307 περὶ
897 1235 1007 1288 τῶν
1032 1228 1319 1302 ἁμαρτιῶν
1347 1227 1441 1280 τοῦ
1471 1224 1602 1279 λαοῦ
1628 1242 1642 1290 ;
1671 1224 1841 1276 Φασὶν

249 1335 346 1389 οὖν
373 1350 518 1397 τινες
547 1334 653 1394 ὅτι,
686 1328 874 1398 ἐπειδὴ
909 1326 1048 1395 ὑπὲρ
1094 1323 1204 1376 τῶν
1246 1318 1536 1390 ἁμαρτιῶν
1580 1316 1673 1370 τοῦ
1711 1313 1839 1369 λαοῦ

247 1425 472 1495 ηὕχετο,
510 1421 705 1493 ἔμελλε
735 1420 790 1474 δὲ
820 1419 1028 1472 τίκτειν
1061 1415 1176 1467 υἱὸν
1207 1413 1440 1484 βοῶντα,
1471 1410 1580 1463 Ἴδε
1605 1408 1634 1460 6
1668 1405 1840 1477 ἀμνδς

245 1513 345 1566 τοῦ
376 1514 534 1577 Θεοῦ,
567 1515 595 1565 6
619 1511 790 1581 αἴρων
813 1509 911 1575 τὴν
932 1503 1212 1578 ἁμαρτίαν
1236 1503 1330 1554 τοῦ
1357 1503 1586 1569 κόσμου,
1615 1498 1843 1560 εἰκότως

248 1607 398 1673 λέγει
431 1605 567 1676 πρὸς
593 1603 752 1657 αὐτὸν
780 1597 1074 1668 ὁάγγελος,
1105 1599 1185 1651 ὅτι
1215 1593 1564 1665 Είσηκούσθη
1593 1595 1626 1662 ή
1655 1590 1842 1660 δέησίς

247 1715 346 1750 σου
383 1698 525 1766 ὑπὲρ
555 1697 656 1767 τῆς
679 1694 925 1762 ἀφέσεως
947 1687 1058 1742 τῶν
1085 1687 1371 1759 ἁμαρτιῶν
1398 1683 1493 1737 τοῦ
1524 1681 1676 1736 λαοῦ.
1713 1681 1841 1734 Υίὸν

244 1790 360 1860 γὰρ
407 1789 693 1856 γεννήσεις
738 1785 807 1837 δι’
848 1776 911 1836 οὗ
961 1783 1157 1850 ἄφεσις
1189 1779 1341 1830 ἔσται
1389 1776 1498 1828 τῶν
1529 1771 1837 1845 ἀμαρτιῶν.

245 1880 408 1943 Τινὲς
431 1879 488 1932 δὲ
507 1876 649 1931 οὕτω
679 1875 913 1936 νοοῦσιν,
936 1873 1041 1934 ὅτι,
1073 1868 1423 1939 Είσηκοῠσθη
1448 1870 1480 1936 ὴ
1506 1865 1839 1933 δέησίςσου,

246 1971 293 2027 ὦ
327 1971 598 2041 Ζαχαρία,
637 1970 730 2022 καὶ
768 1965 1153 2034 συνεχώρησεν
1186 1965 1213 2015 6
1248 1961 1378 2023 Θεὸς
1433 1960 1529 2021 τὰς
1563 1959 1841 2026 ἁμαρτίας

244 2063 330 2132 τῷ
353 2064 468 2133 λαῴ
491 2079 503 2092 ·
561 2058 679 2114 εἶτα
727 2059 921 2128 ὥσπερ
961 2057 1208 2115 εἰπόντος
1239 2051 1430 2116 αὐτοῦ,
1462 2050 1634 2102 Πόθεν
1683 2049 1841 2116 δῆλον

245 2154 443 2223 mito;
487 2155 650 2221 φησὶν
685 2153 713 2204 6
767 2151 1020 2219 ἄγγελος,
1056 2149 1165 2213 ὃτι,
1200 2145 1373 2198 Τοῦτό
1398 2161 1478 2197 σοι
1513 2143 1709 2210 δίδωμι
1746 2158 1842 2210 ση-

251 2250 429 2315 μεῖον,
465 2249 546 2299 ὅτι
577 2246 831 2314 γεννήσει
873 2259 956 2295 σοι
987 2243 1102 2293 υἱὸν
1129 2242 1160 2310 ἡ
1201 2236 1487 2290 Ἐλισάὸετ
1514 2252 1526 2264 '
1565 2234 1709 2286 ὥστε
1736 2232 1844 2285 ἀπὸ

245 2339 345 2393 τοῦ
371 2339 632 2408 γεννῆσαι
673 2339 774 2405 τὴν
823 2335 1134 2396 Ἐλισάὸετ,
1173 2326 1599 2400 πιστευθήσεταί
1633 2344 1714 2383 σοι
1749 2327 1844 2381 καὶ

246 2433 311 2485 τὸ
347 2432 615 2502 ἀφεθῆναι
644 2430 742 2494 τὰς
777 2428 1054 2499 ἁμαρτίας
1078 2426 1157 2497 τῷ
1189 2426 1325 2493 λαῷ.

331 2546 348 2578 ι
383 2527 576 2578 Ἐσται
605 2523 714 2591 γὰρ
737 2523 911 2591 μέγας
933 2519 1165 2573 ἐνώπιον
1197 2517 1290 2569 τοῦ
1315 2517 1542 2582 Κυρίου,
1576 2515 1670 2566 καὶ
1703 2509 1844 2565 οἶνον

250 2619 351 2671 καὶ
375 2619 567 2686 σίκερα
593 2616 653 2668 οὐ
685 2616 759 2685 μὴ
792 2614 921 2684 πίῃ·
957 2611 1051 2665 καὶ
1080 2610 1396 2678 Πνεῦμαέος
1418 2607 1574 2674 ἁγίου
1603 2606 1846 2676 πλησθή-

252 2729 409 2766 σεται
440 2711 519 2762 ἔτι
547 2713 610 2763 ἐκ
645 2708 858 2769 κοιλίας
888 2705 1094 2776 μητρὸς
1120 2704 1286 2758 αὑτοῦ
1316 2721 1328 2733 ·
1366 2705 1458 2756 καὶ
1493 2702 1718 2763 πολλοὺς
1736 2700 1846 2752 τῶν

251 2806 387 2857 υίῶν
433 2803 649 2874 Ἰσραὴλ
689 2799 1010 2870 ἐπιστρέψει
1051 2799 1146 2851 ἐπὶ
1198 2798 1402 2867 Κυρίου
1441 2797 1530 2847 τὶν
1590 2794 1723 2846 Θεὸν
1754 2794 1848 2844 αὑ-

249 2898 391 2950 τῶν·
427 2898 522 2950 καὶ⁸
577 2896 740 2958 αὐτὸς
796 2891 1191 2963 προελεύσεται
1258 2889 1490 2942 ἐνώπιον
1555 2886 1723 2942 αὐτοῦ
1789 2888 1846 2939 έν

227 2991 529 3062 ,πνεύματι
564 2987 659 3042 καὶ
706 2986 939 3054 δυνάμει
984 2981 1196 3046 Ἠλιοῦ,
1239 2981 1571 3051 ἐπιστρέψαι
1621 2979 1849 3050 καρδίας

253 3083 511 3151 πατέρων
537 3081 628 3134 ἐπὶ
647 3080 835 3144 τέκνα,
853 3077 950 3132 καὶ
973 3076 1217 3137 ἀπειθεῖς
1231 3078 1298 3137 ἐν
1320 3077 1579 3144 φρονήσει
1599 3072 1845 3138 δικαίων,

1947 595 2124 652 quaa
2151 577 2388 633 diabolo.
2419 574 2553 630 Nam
2599 576 2644 629 si
2686 588 2840 628 mens
2891 572 3124 641 primum
3181 569 3451 631 turbetur,
3481 577 3536 621 et

1947 671 2135 728 statim
2193 668 2356 723 timor
2409 665 2675 729 solvatur,
2709 673 2763 716 ut
2817 663 3014 716 iterum
3043 658 3314 727 quiescat,
3349 671 3535 710 revera

1946 762 2239 819 divina'est
2288 759 2446 814 visio.
2484 757 2540 811 Si
2571 767 2751 810 autem
2782 755 2943 809 timor
2973 766 3034 806 ac
3071 749 3310 804 turbatio
3352 748 3526 818 magis

1945 864 2110 921 atque
2144 851 2317 918 magis
2363 857 2638 910 crescant,
2679 843 3014 900 daemoniaca
3043 851 3127 894 est
3163 840 3322 894 visio.
3355 838 3540 905 Quare

1945 944 2172 1014 angelus
2224 943 2388 994 dicit:
2427 959 2444 991 ι
2501 937 2770 992 Exaudita
2827 945 2912 989 est
2971 931 3288 1000 deprecatio
3339 937 3452 992 tua,
3481 939 3538 984 et

1948 1049 2088 1089 uxor
2137 1042 2226 1086 tua
2267 1030 2544 1085 EliSdlielli
2602 1029 2777 1096 pariet
2824 1018 2917 1079 tibi
2959 1025 3022 1077 i?
3064 1022 3198 1075 Nam
3244 1020 3542 1076 Zacharias

1947 1141 2051 1180 non
2082 1140 2177 1194 pro
2217 1124 2331 1178 lilio
2375 1129 2630 1190 precatus
2659 1128 2764 1183 est,
2793 1118 2885 1172 sed
2923 1132 3021 1184 pro
3061 1114 3301 1183 peccatis
3336 1111 3538 1180 populi.

1945 1217 2146 1273 Dicunt
2187 1217 2352 1286 igitur
2393 1214 2613 1284 quidam
2660 1212 2804 1281 quod
2844 1210 3106 1280 quoniam
3143 1222 3243 1276 pro
3293 1205 3539 1273 peccatis

1945 1313 2126 1386 populi
2148 1312 2363 1374 orabat,
2392 1308 2636 1361 futurum
2671 1315 2851 1358 autem
2882 1303 3028 1371 quod
3053 1309 3344 1370 generaret
3369 1297 3539 1350 ﬁlium

1944 1406 2036 1476 qui
2069 1405 2346 1462 clamaret,
2387 1397 2526 1454 Ecce
2569 1413 2743 1467 agnus
2790 1396 2906 1458 Dei,
2945 1393 3039 1463 qui
3075 1393 3214 1446 tollit
3255 1401 3541 1460 peccatum

1945 1496 2163 1552 mundi:
2223 1494 2416 1548 merito
2452 1490 2581 1546 dicit
2619 1490 2687 1543 ad
2729 1489 2881 1542 illum
2954 1490 3210 1553 angelus:
3268 1482 3541 1547 Quoniam

1943 1590 2200 1645 exaudita
2232 1599 2316 1642 est
2343 1584 2659 1654 deprecatio
2683 1593 2770 1635 tua
2803 1593 2900 1651 pro
2929 1578 3543 1645 remissione-peccato-

1947 1699 2066 1737 rum
2100 1681 2308 1751 populi.
2341 1677 2538 1731 Filium
2588 1675 2734 1729 enim
2764 1671 3074 1741 generabis,
3109 1683 3207 1736 per
3251 1683 3409 1735 quem
3453 1681 3540 1719 re—

1946 1776 2135 1830 missio
2157 1773 2266 1827 erit
2296 1778 2671 1840 peccatorum.
2701 1765 2806 1817 Alii
2851 1773 3035 1816 autem
3074 1762 3152 1814 sic
3181 1757 3496 1824 intelligunt
3523 1773 3537 1808 :

1945 1865 2213 1935 Quoniam
2252 1863 2506 1918 exaudita
2541 1870 2624 1915 est
2655 1855 2969 1927 deprecatio
3007 1866 3120 1918 tua,
3163 1851 3448 1914 Zacharia,
3491 1859 3546 1904 et

1947 1959 2159 2014 remisit
2206 1957 2348 2010 Deus
2417 1963 2640 2024 peccata
2701 1949 2919 2017 populo.
2983 1947 3184 1998 Deinde
3235 1945 3391 2012 quasi
3452 1941 3540 1994 ille

1946 2052 2174 2108 dixisset
2209 2049 2439 2119 angelo:
2487 2045 2639 2100 Unde
2683 2045 2785 2098 hoc
2830 2036 3219 2094 manifestum?
3265 2035 3399 2089 dicit
3449 2048 3548 2086 :‘in-

1947 2148 2134 2215 gelus:
2170 2145 2285 2198 Hoc
2321 2142 2417 2196 tibi
2457 2141 2671 2210 signum
2705 2139 2794 2198 do,
2829 2135 2973 2204 quod
3023 2131 3200 2199 pariet
3237 2131 3330 2184 tibi
3372 2129 3543 2182 lilium

1948 2239 2250 2299 Elisabeth,
2284 2245 2338 2289 et
2379 2235 2450 2287 ita
2506 2248 2601 2300 per
2647 2231 3002 2298 puerperium
3049 2225 3326 2280 Elisabellt
3363 2221 3548 2278 credi-

1949 2333 2056 2388 bile
2089 2332 2183 2386 tibi
2212 2331 2285 2386 sit
2320 2329 2548 2383 rentissa
2581 2340 2701 2382 esse
2726 2333 2946 2396 peccata
2985 2320 3202 2393 populo.

2021 2508 2180 2562 Vrsas.
2218 2506 2405 2560 15-17.
2447 2523 2466 2556 ι
2493 2505 2608 2558 Erit
2638 2503 2781 2556 enim
2812 2516 3038 2571 magnus
3062 2513 3248 2553 coram
3291 2495 3544 2554 Domino,

1951 2617 2014 2655 ac
2043 2604 2225 2655 vinum
2260 2609 2315 2654 ct
2355 2599 2584 2651 siceram
2640 2610 2744 2647 non
2789 2595 2974 2646 bibet:
3007 2601 3062 2645 et
3110 2589 3317 2658 Spiritu
3358 2597 3551 2639 sancto

1953 2694 2252 2762 replebitur
2277 2691 2387 2757 jam
2415 2689 2538 2744 inde
2570 2689 2637 2741 ab
2667 2697 2822 2740 utero
2857 2685 3048 2738 matris
3076 2698 3210 2744 sum,
3244 2681 3552 2748 multosque

1951 2800 2017 2839 ex
2048 2785 2170 2838 ﬁliis
2218 2781 2387 2837 Israel
2433 2787 2713 2833 convertet
2749 2778 2814 2832 ad
2843 2776 3129 2831 Dominum
3183 2775 3348 2828 Deum
3403 2771 3546 2839 ipso.

1953 2892 2098 2928 rum:
2136 2884 2190 2926 et
2232 2874 2348 2940 ipse
2396 2870 2668 2940 prmcedet
2718 2878 2842 2922 ante
2893 2868 3042 2920 illum
3095 2881 3220 2919 cum
3258 2863 3453 2932 spitilu
3488 2876 3552 2916 ac

1950 2970 2152 3020 virtute
2189 2965 2379 3029 llelim,
2414 2973 2471 3017 ut
2499 2971 2788 3018 convertat
2813 2962 2976 3014 corda
3010 2970 3227 3027 patrum
3283 2961 3334 3010 in
3389 2957 3548 3019 ﬁlios,

1952 3071 2006 3114 et
2029 3059 2404 3114 inobedientes
2433 3060 2498 3112 ad
2543 3053 3246 3126 prudentiamq’ustorum:
3291 3060 3350 3103 ut
3397 3059 3555 3118 paret

253 3141 547 3245 ἑτοιμάσαι
602 3173 795 3243 Κυρίῳ
824 3141 953 3224 λαὸν
1008 3141 1549 3237 κατεσκευασμένον.
1597 3185 1613 3211 ι
1656 3166 1846 3230 Μέγαν

1957 3151 2183 3207 Domino
2219 3151 2434 3217 plebem
2467 3156 2851 3220 praporatam.
2899 3164 2916 3196 ι
2950 3144 3205 3214 Magnum
3243 3141 3359 3197 fore
3385 3141 3546 3195 Joan.

252 3266 476 3320 ἔσεσθαι
505 3265 600 3318 τὸν
642 3264 896 3333 Ἰωάννην
931 3259 1332 3327 ἐπαγγέλλεται
1387 3259 1415 3308 6
1449 3256 1701 3324 ἄγγελος,
1731 3252 1849 3307 ἀλλ’

254 3358 488 3412 ἐνώπιον
517 3355 611 3410 τοῦ
648 3355 856 3425 Κυρίου
879 3371 892 3384 ·
947 3353 1136 3405 πολλοὶ
1186 3353 1296 3419 γὰρ
1329 3350 1555 3418 μεγάλοι
1599 3347 1850 3414 λέγονται

253 3450 488 3504 ἐνώπιον
536 3448 645 3501 τῶν
695 3444 1026 3516 ἀνθρώπων,
1083 3447 1181 3496 καὶ
1215 3444 1274 3495 οὐ
1309 3442 1402 3495 τοῦ
1453 3440 1589 3493 Θεοῦ
1613 3457 1624 3468 ·
1659 3435 1762 3492 οἶοι
1801 3440 1851 3491 ot

255 3541 579 3614 mepzrai'
620 3541 794 3611 μέγας
825 3539 880 3592 δὲ
900 3540 928 3591 6
966 3537 1220 3605 Ἰωάννης
1246 3534 1386 3589 κατὰ
1407 3534 1588 3604 ψυχήν
1615 3549 1626 3560 ”
1659 3531 1850 3600 ὥσπερ

255 3636 354 3687 καὶ
389 3634 582 3702 μικρὸς
612 3630 755 3682 κατά
785 3628 964 3698 ψυχὴν
999 3630 1102 3689 πᾶς
1139 3631 1166 3679 ὁ
1195 3624 1687 3693 σκανδαλιζόμενος
1712 3641 1723 3654 ο
1757 3624 1852 3674 οὗ·

254 3729 366 3790 δεὶς
392 3727 503 3796 γὰρ
541 3725 717 3796 μέγας
752 3712 1191 3787 σκανδαλίζεται,
1245 3720 1361 3772 ἀλλ’
1399 3722 1447 3772 οἱ
1514 3719 1704 3789 μικροὶ
1756 3719 1853 3770 καὶ

255 3821 592 3889 ὀλιγόψυχοι.
619 3818 759 3888 Φησὶ
788 3816 919 3885 γοῦν
965 3820 992 3871 6
1023 3816 1228 3887 Κύριος
1249 3831 1262 3846 ·
1297 3816 1392 3877 ὐς
1430 3814 1495 3866 ἂν
1521 3811 1855 3882 σκανδαλίσῃ

257 3916 356 3966 ἕνα
385 3912 496 3964 τῶν
545 3909 791 3979 μικρῶν.
827 3911 1046 3978 ’Ὠσπερ
1072 3909 1127 3960 δὲ
1157 3908 1207 3958 οί
1240 3907 1494 3968 τεκόντες
1530 3906 1620 3957 τὸν
1665 3904 1848 3956 Ἰωάν-

256 4023 379 4070 νην.
414 4003 614 4057 δίκαιοι
642 3997 784 4072 ἦσαν
807 3999 1039 4054 ἐνώπιον
1068 3999 1162 4051 τοῦ
1181 3998 1340 4062 Θεοῦ,
1380 3997 1521 4050 οὕτω
1553 3997 1641 4050 καὶ
1667 3998 1694 4049 6
1727 3997 1855 4058 παῖς

258 4094 442 4148 αὐτῶν
475 4094 647 4160 μέγας
683 4089 915 4142 ἐνώπιον
964 4088 1058 4141 τοῦ
1093 4087 1304 4157 Κυρίου
1329 4103 1340 4115 ’
1376 4085 1574 4154 σίκερα
1601 4083 1655 4135 δὲ
1695 4083 1852 4148 λέγεν

257 4203 350 4238 ται
409 4185 512 4237 πᾶν
537 4184 597 4236 τὸ
626 4183 795 4251 μέοην
827 4182 1079 4248 ἐμποιεῖν
1109 4179 1434 4247 δυνάμενον,
1489 4178 1588 4228 οὐκ
1614 4174 1674 4227 ὃν
1712 4174 1766 4226 δὲ
1795 4174 1854 4240 ἐξ

258 4276 532 4346 ἀμπέλου.
574 4273 665 4326 Ἐν
697 4278 763 4344 τῇ
790 4272 969 4342 κοιλίᾳ
995 4272 1051 4325 δὲ
1080 4271 1180 4340 τῆς
1214 4270 1418 4340 μητρὸς
1443 4268 1517 4320 ὣν
1550 4268 1651 4332 ἔτι,
1683 4267 1851 4336 ἐπλή-

259 4371 364 4439 σθη
397 4368 713 4436 Πνεύματος
741 4367 900 4434 ἁγίου
943 4384 956 4397 ·
987 4365 1074 4418 ὅτε
1119 4360 1342 4434 mem;
1375 4363 1576 4431 Μήτηρ
1609 4359 1705 4412 τοῦ
1742 4361 1856 4410 Κυ-

262 4461 380 4528 ρίου
416 4459 553 4530 πρὸς
581 4458 679 4528 τὴν
727 4457 1035 4516 Ἐλισάεετ,
1075 4457 1169 4508 καὶ⁸
1208 4453 1505 4523 ἐσκίρτησε
1543 4451 1605 4504 τὸ
1651 4450 1854 4521 βρέφος

1955 3259 2077 3298 neut
2128 3242 2376 3312 przedicit
2427 3238 2674 3309 angelus,
2719 3238 2816 3292 sed
2846 3251 3028 3291 coram
3065 3235 3228 3305 273
3275 3234 3552 3289 Domino:

1957 3335 2112 3388 multi
2156 3334 2300 3387 enim
2352 3333 2608 3387 dicuntur
2653 3330 2832 3400 magni
2886 3344 3071 3383 coram
3112 3328 3452 3390 hominibus,
3502 3337 3559 3380 at

1955 3442 2063 3481 non
2099 3429 2227 3480 item
2252 3440 2434 3479 coram
2470 3424 2603 3488 Deo,
2649 3433 2708 3476 ut
2746 3421 3068 3491 hypocrita}.
3104 3419 3332 3490 Magnus
3375 3428 3558 3473 autem

1954 3519 2197 3575 Joannes
2233 3519 2387 3588 juxta
2439 3516 2702 3581 animant,
2733 3515 2953 3568 sicutet
2990 3527 3192 3581 parvus
3231 3511 3385 3580 juxta
3436 3510 3560 3565 ani-

1958 3629 2096 3666 mant
2133 3613 2330 3665 dicitur
2356 3611 2535 3664 omnis
2573 3611 2666 3676 qui
2703 3606 3129 3660 scandalizatur.
3176 3601 3370 3656 Nullus
3411 3604 3560 3657 enim

1957 3719 2184 3772 magnus
2224 3700 2654 3762 scandaliiatur,
2687 3699 2782 3753 sed
2829 3697 3006 3767 parvi,
3055 3703 3104 3748 et
3158 3694 3557 3762 pusillanimes.

1956 3797 2099 3850 Dicit
2131 3797 2298 3866 igitur
2336 3794 2638 3848 Dominus:
2679 3810 2696 3843 ι
2733 3790 2834 3856 Qui
2882 3789 3344 3844 scandalizaverit
3394 3803 3561 3841 unum

1956 3907 2020 3944 ex
2052 3889 2233 3958 parvis
2257 3890 2296 3941 ⁸.
2326 3907 2347 3938 ι
2368 3884 3033 3951 Queniadmoduiuautem
3054 3882 3106 3934 hi
3132 3884 3223 3948 qui
3249 3888 3560 3949 genuerunt

1956 3982 2247 4048 Joannem,
2297 3981 2431 4049 justi
2491 3980 2714 4034 fuerunt
2762 3993 2949 4030 coram
3002 3974 3133 4036 Deo,
3200 3977 3280 4028 sic
3330 3985 3384 4027 et
3431 3988 3565 4041 puer

1957 4077 2197 4146 ipsorum
2232 4087 2462 4141 magnus
2495 4087 2684 4126 coram
2731 4071 2982 4124 Domino.
3029 4067 3216 4122 Sicera
3255 4079 3438 4120 autem
3474 4068 3562 4121 di-

1959 4165 2108 4220 citur
2166 4177 2331 4218 omne
2380 4162 2526 4231 quod
2575 4161 2853 4215 inebriare
2883 4168 3086 4229 potest,
3133 4169 3187 4212 et
3226 4175 3330 4210 non
3377 4167 3460 4211 est
3499 4175 3565 4213 ex

1960 4257 2090 4312 vite.
2135 4256 2271 4311 Cum
2315 4266 2500 4309 autem
2533 4263 2679 4308 esset
2717 4251 2895 4306 adhuc
2949 4251 3002 4304 in
3058 4260 3215 4304 utero
3250 4253 3437 4304 matris
3479 4267 3566 4303 re-

1962 4349 2138 4419 pletus
2171 4356 2254 4402 est
2286 4348 2492 4416 Spiritu
2559 4354 2772 4408 sancto,
2823 4344 3039 4412 quando
3113 4343 3288 4396 Mater
3353 4343 3564 4397 Domini

1961 4442 2109 4495 venit
2160 4441 2226 4494 ad
2259 4439 2555 4500 Elisabetb,
2588 4447 2638 4492 et
2677 4438 2972 4491 exsuimvit
3020 4453 3130 4502 prre
3157 4438 3353 4502 gaudio
3384 4435 3568 4490 infixis

257 4527 668 4620 ἀγαλλιώμενον
702 4550 788 4603 διά
821 4552 920 4618 τὴν
965 4548 1059 4600 τοῦ
1096 4547 1306 4617 Κυρίου
1349 4545 1679 4614 παρουσίαν.
1727 4541 1849 4594 Ἐπ-

1968 4545 2193 4604 pr0pter
2220 4533 2517 4586 adventum
2575 4532 2810 4585 Domini.
2857 4529 3027 4584 Porro
3077 4532 3348 4584 convertit
3400 4533 3563 4583 corda

260 4645 492 4715 έστρεψε
533 4644 588 4695 δὲ
621 4643 847 4711 καρδίας
887 4641 1141 4709 πατέρων
1176 4641 1269 4692 ἐπὶ
1323 4639 1527 4691 τέκνα.
1582 4635 1852 4700 τουτέστι,

257 4739 369 4790 τῶν
409 4735 678 4805 Ἐσραίων
733 4736 830 4789 ἐπὶ
858 4734 985 4796 τοὺς
1041 4730 1410 4792 ἀποστόλους’
1466 4728 1704 4797 πατέρες
1755 4728 1854 4790 μὲν

259 4826 370 4897 γάρ
397 4821 540 4896 ἦσαν
593 4827 643 4878 οι
692 4825 935 4877 Ἰουδαῖοι
963 4841 974 4853 ·
1013 4825 1184 4876 τέκνα
1214 4822 1273 4874 δὲ
1314 4819 1520 4872 τούτων
1544 4820 1592 4871 οἱ
1623 4819 1857 4871 ἀπόστο-

261 4918 368 4971 λοι.
401 4916 774 4986 Ἐπέστρεψεν
797 4915 1003 4977 οὖντὰς
1035 4914 1265 4985 καρδίας
1296 4912 1407 4965 τῶν
1453 4911 1729 4964 Ἰουδαίων
1761 4909 1856 4961 ἐπὶ

262 5011 391 5074 τοὺς
418 5011 773 5072 ἀποστόλους,
830 5010 1100 5063 διδάσκων
1151 5006 1420 5077 ’περὶτοῦ
1470 5003 1715 5076 Χριστοῦ
1767 5005 1860 5056 καὶ

267 5100 565 5171 μαρτυρῶν
587 5117 598 5130 ·
645 5104 673 5155 ὁ
717 5102 774 5154 δὲ
801 5100 930 5173 περὶ
957 5100 1051 5152 τοῦ
1098 5099 1339 5170 Χριστοῦ
1374 5096 1695 5167 μαρτυρῶν,
1723 5097 1860 5148 πάνυ

262 5211 372 5254 τως
411 5192 760 5259 ἀξιοπίστους
793 5196 937 5247 ποιεῖ
972 5195 1066 5246 καί
1117 5192 1245 5254 τοὺς
1279 5189 1533 5262 μαθητὰς
1569 5188 1767 5252 αὐτοῦ’
1797 5189 1856 5241 οὐ

266 5284 474 5347 πάντας
507 5283 565 5337 δὲ
595 5285 932 5354 ἐπέστρεψεν
975 5285 1003 5335 6
1041 5285 1319 5352 Ἰωάννης,
1355 5280 1494 5332 ἀλλὰ
1532 5278 1762 5341 πολλούς
1784 5297 1798 5311 ·
1831 5281 1860 5332 6

268 5377 453 5446 μέντοι
507 5377 709 5448 Κύριος
765 5379 972 5438 πάντας
1028 5377 1334 5444 ἐφώτισεν·
1391 5377 1448 5428 έν
1487 5373 1775 5444 Πνεῦματι
1800 5372 1859 5425 δὲ

273 5467 461 5524 ἰἰλιοῦ
517 5471 788 5543 προῆλθε,
846 5472 982 5525 καθὸ
1015 5471 1209 5540 ὥσπερ
1251 5473 1330 5532 εἰς
1388 5469 1576 5522 Ἠλίαν
1622 5469 1654 5536 ἡ
1698 5468 1861 5536 χάρις

264 5562 593 5631 ἐνήργησεν,
627 5561 771 5615 οὕτω
803 5564 896 5614 καὶ
921 5564 1000 5626 είς
1043 5561 1330 5629 Ἰωάννην
1365 5561 1392 5612 ὅ
1425 5576 1486 5612 τε
1531 5559 1639 5628 γὰρ
1671 5558 1860 5620 Ἠλίας

262 5654 365 5725 τῆς
386 5654 645 5727 δευτέρας
697 5657 1003 5726 παρουσίας
1034 5655 1363 5726 πρόδρομος,
1405 5652 1498 5706 καὶ
1531 5655 1558 5706 6
1604 5651 1858 5721 Ἰωάννης

341 5846 360 5877 ⁶
399 5844 589 5901 Μειιιιι.
621 5862 773 5913 xv.tt,
807 5848 887 5902 l6.

1968 4638 2182 4698 patrum
2216 4628 2280 4679 ad
2317 4626 2476 4689 ﬁlios,
2504 4628 2607 4678 hoc
2638 4636 2742 4689 est,
2783 4625 3130 4678 “eluxerunt
3169 4627 3235 4675 ad
3272 4625 3563 4691 apostolos.

1967 4724 2157 4777 Patres
2187 4725 2331 4777 enim
2361 4723 2578 4776 luerunt
2605 4721 2800 4783 Jtttltt'i,
2835 4722 3047 4772 ili-ttulit
3078 4731 3253 4773 .‘tttltziti
3284 4720 3377 4774 ίὶίίἰ
3434 4735 3562 4787 αβοο

1969 4817 2118 4872 stoli.
2143 4815 2428 4871 Convertit
2457 4815 2616 4882 igitur
2643 4816 2806 4867 corda
2829 4812 3145 4866 Judzcorunt
3178 4829 3242 4863 an
3270 4813 3568 4880 .iposmlos,

1969 4910 2173 4962 docens
2218 4917 2272 4961 et
2321 4907 2624 4960 teStilicnns
2679 4906 2745 4958 de
2798 4904 3041 4957 Christo.
3102 4906 3202 4966 Qui

1969 5003 2193 5056 Christo
2245 5009 2479 5055 testatur
2504 5000 2728 5054 omnino
2786 4999 2892 5052 ﬁde
2933 4999 3124 5064 dignos
3157 4999 3283 5049 Livi:
3323 5010 3373 5049 et
3407 4998 3571 5050 disci

1976 5094 2135 5166 pulos
2188 5095 2381 5163 ipsius.
2428 5091 2546 5145 Non
2597 5106 2790 5146 omnes
2840 5092 3111 5144 convertit
3159 5089 3419 5152 Joannes,
3479 5091 3573 5143 sed

1971 5187 2206 5241 multos:
2260 5183 2515 5238 Christus
2569 5193 2750 5238 autem
2779 5197 2970 5237 omnes
3022 5182 3376 5234 illuminavit.
3418 5185 3486 5233 At
3519 5181 3571 5233 in

1972 5280 2166 5349 spiritu
2204 5278 2335 5332 Elia:
2368 5279 2665 5348 praecessit.
2733 5276 2889 5331 Sicut
2935 5277 3082 5331 enim
3135 5277 3185 5330 iu
3243 5275 3355 5329 Elia
3381 5272 3572 5328 emcax

1973 5371 2074 5424 luit
2099 5369 2297 5439 gratia,
2324 5369 2400 5423 ita
2436 5379 2490 5423 et
2519 5371 2571 5424 in
2617 5368 2841 5424 Joanne.
2903 5369 2970 5422 Et
3001 5370 3142 5423 sicut
3171 5369 3316 5422 Etias
3347 5367 3571 5422 secundi

1972 5464 2240 5518 adventus
2273 5478 2599 5532 praecursor,
2639 5464 2714 5518 ita
2744 5471 2798 5518 et
2829 5462 3068 5518 Joannes
3107 5461 3294 5531 primi.
3343 5459 3403 5514 In
3452 5460 3566 5513 vir-

1975 5568 2090 5612 tute
2126 5566 2305 5611 auteui
2344 5553 2498 5622 Elim,
2561 5573 2627 5612 eo
2663 5559 2808 5627 quod
2857 5558 2998 5611 idem
3032 5565 3267 5627 possunt
3299 5555 3567 5609 adventus

1973 5649 2282 5716 amborum;
2327 5650 2490 5704 ambo
2513 5649 2662 5705 enim
2698 5649 2764 5705 ad
2788 5647 3073 5705 Christum
3099 5653 3459 5720 congregant.
3500 5642 3560 5698 Et

3267 4917 3446 4955 :Htltrln
3508 4906 3571 4955 ιίιξ
