  <div class='ocr_page' id='page_1' title='image "/cluster/home/n/w/nwhite01/storage/ocr_20150623/123/nnc1.0046979670/359.png"; bbox 0 0 4272 6438; ppageno 0'>
   <div class='ocr_carea' id='block_1_1' title="bbox 712 347 4006 428">
    <p class='ocr_par' dir='ltr' id='par_1_1' title="bbox 712 347 4006 428">
     <span class='ocr_line' id='line_1_1' title="bbox 712 347 4006 428; baseline -0.007 0"><span class='ocrx_word' id='word_1_1' title='bbox 712 365 819 428; x_wconf 72' lang='lat'><strong>699</strong></span> <span class='ocrx_word' id='word_1_2' title='bbox 1630 357 2206 420; x_wconf 81' lang='lat' dir='ltr'><strong>TIIEOPHYLACTI</strong></span> <span class='ocrx_word' id='word_1_3' title='bbox 2261 356 2672 423; x_wconf 63' lang='lat' dir='ltr'><strong>BULGARIE</strong></span> <span class='ocrx_word' id='word_1_4' title='bbox 2711 352 3069 417; x_wconf 79' lang='lat' dir='ltr'><strong>ARCHIEP.</strong></span> <span class='ocrx_word' id='word_1_5' title='bbox 3861 347 4006 407; x_wconf 79' lang='lat'><strong>700</strong></span> 
     </span>
    </p>
   </div>
   <div class='ocr_carea' id='block_1_2' title="bbox 713 455 2400 538">
    <p class='ocr_par' dir='ltr' id='par_1_2' title="bbox 713 463 2400 537">
     <span class='ocr_line' id='line_1_2' title="bbox 713 463 2400 537; baseline -0.004 -9"><span class='ocrx_word' id='word_1_6' title='bbox 713 478 894 537; x_wconf 74' lang='lat' dir='ltr'><strong>aliter,</strong></span> <span class='ocrx_word' id='word_1_7' title='bbox 930 472 981 527; x_wconf 90' lang='lat' dir='ltr'><strong>in</strong></span> <span class='ocrx_word' id='word_1_8' title='bbox 1028 474 1223 524; x_wconf 80' lang='lat' dir='ltr'><strong>virtute</strong></span> <span class='ocrx_word' id='word_1_9' title='bbox 1269 483 1329 522; x_wconf 82' lang='lat' dir='ltr'><strong>ac</strong></span> <span class='ocrx_word' id='word_1_10' title='bbox 1363 463 1562 537; x_wconf 72' lang='lat' dir='ltr'><strong>‘spiritu</strong></span> <span class='ocrx_word' id='word_1_11' title='bbox 1618 466 1783 522; x_wconf 69' lang='lat' dir='ltr'><strong>Heliae</strong></span> <span class='ocrx_word' id='word_1_12' title='bbox 1822 468 1971 522; x_wconf 88' lang='lat' dir='ltr'><strong>venit</strong></span> <span class='ocrx_word' id='word_1_13' title='bbox 2022 467 2276 533; x_wconf 76' lang='lat' dir='ltr'><strong>Joannes,</strong></span> <span class='ocrx_word' id='word_1_14' title='bbox 2304 469 2400 528; x_wconf 73' lang='lat' dir='ltr'><strong>A1</strong></span> 
     </span>
    </p>
   </div>
   <div class='ocr_carea' id='block_1_3' title="bbox 2322 455 4009 538">
    <p class='ocr_par' dir='ltr' id='par_1_3' title="bbox 2322 455 4009 538">
     <span class='ocr_line' id='line_1_3' title="bbox 2322 455 4009 538; baseline -0.006 -15"><span class='ocrx_word' id='word_1_15' title='bbox 2322 469 2482 538; x_wconf 59' lang='grc' dir='ltr'>Ᾱτῆς</span> <span class='ocrx_word' id='word_1_16' title='bbox 2530 467 2777 538; x_wconf 79' lang='grc' dir='ltr'>πρώτης.</span> <span class='ocrx_word' id='word_1_17' title='bbox 2835 466 2947 518; x_wconf 78' lang='grc' dir='ltr'><strong>Καὶ</strong></span> <span class='ocrx_word' id='word_1_18' title='bbox 3000 465 3061 518; x_wconf 68' lang='lat' dir='ltr'><strong>iv</strong></span> <span class='ocrx_word' id='word_1_19' title='bbox 3089 459 3320 532; x_wconf 75' lang='grc' dir='ltr'><strong>δυνάμει</strong></span> <span class='ocrx_word' id='word_1_20' title='bbox 3369 460 3427 515; x_wconf 73' lang='grc' dir='ltr'>δι</span> <span class='ocrx_word' id='word_1_21' title='bbox 3463 455 3647 514; x_wconf 79' lang='grc' dir='ltr'>Ἠλιοῦ</span> <span class='ocrx_word' id='word_1_22' title='bbox 3675 497 3689 523; x_wconf 90' lang='grc'><strong>,</strong></span> <span class='ocrx_word' id='word_1_23' title='bbox 3744 458 4009 513; x_wconf 75' lang='grc' dir='ltr'>καθὸτδ</span> 
     </span>
    </p>
   </div>
   <div class='ocr_carea' id='block_1_4' title="bbox 715 548 2402 633">
    <p class='ocr_par' dir='ltr' id='par_1_4' title="bbox 715 556 2402 633">
     <span class='ocr_line' id='line_1_4' title="bbox 715 556 2402 633; baseline -0.001 -17"><span class='ocrx_word' id='word_1_24' title='bbox 715 579 780 619; x_wconf 92' lang='lat' dir='ltr'><strong>eo</strong></span> <span class='ocrx_word' id='word_1_25' title='bbox 805 564 946 633; x_wconf 89' lang='lat' dir='ltr'><strong>quod</strong></span> <span class='ocrx_word' id='word_1_26' title='bbox 979 559 1201 615; x_wconf 82' lang='lat' dir='ltr'><strong>eremita</strong></span> <span class='ocrx_word' id='word_1_27' title='bbox 1239 558 1341 611; x_wconf 88' lang='lat' dir='ltr'><strong>fuit</strong></span> <span class='ocrx_word' id='word_1_28' title='bbox 1369 558 1527 611; x_wconf 89' lang='lat' dir='ltr'><strong>etiam</strong></span> <span class='ocrx_word' id='word_1_29' title='bbox 1548 557 1684 624; x_wconf 88' lang='lat' dir='ltr'><strong>ipse,</strong></span> <span class='ocrx_word' id='word_1_30' title='bbox 1717 564 1772 610; x_wconf 90' lang='lat' dir='ltr'><strong>et</strong></span> <span class='ocrx_word' id='word_1_31' title='bbox 1801 556 2026 627; x_wconf 74' lang='lat' dir='ltr'><strong>frugalis</strong></span> <span class='ocrx_word' id='word_1_32' title='bbox 2054 558 2201 616; x_wconf 72' lang='lat' dir='ltr'><strong>vitae.</strong></span> <span class='ocrx_word' id='word_1_33' title='bbox 2228 566 2283 611; x_wconf 88' lang='lat' dir='ltr'><strong>et</strong></span> <span class='ocrx_word' id='word_1_34' title='bbox 2387 578 2402 615; x_wconf 85' lang='grc' dir='ltr'><strong>ι</strong></span> 
     </span>
    </p>
   </div>
   <div class='ocr_carea' id='block_1_5' title="bbox 2319 548 4006 633">
    <p class='ocr_par' dir='ltr' id='par_1_5' title="bbox 2387 548 4006 625">
     <span class='ocr_line' id='line_1_5' title="bbox 2387 548 4006 625; baseline -0.009 -11"><span class='ocrx_word' id='word_1_35' title='bbox 2387 560 2518 615; x_wconf 70' lang='grc' dir='ltr'>αὐτὸ</span> <span class='ocrx_word' id='word_1_36' title='bbox 2532 560 2786 613; x_wconf 89' lang='grc' dir='ltr'>δύνανται</span> <span class='ocrx_word' id='word_1_37' title='bbox 2815 559 2869 610; x_wconf 87' lang='grc' dir='ltr'><strong>αί</strong></span> <span class='ocrx_word' id='word_1_38' title='bbox 2895 552 3189 625; x_wconf 90' lang='grc' dir='ltr'>παρουσίαι</span> <span class='ocrx_word' id='word_1_39' title='bbox 3214 552 3562 623; x_wconf 66' lang='grc' dir='ltr'>ἀμφοτέρων,</span> <span class='ocrx_word' id='word_1_40' title='bbox 3584 550 3679 603; x_wconf 90' lang='grc' dir='ltr'><strong>τοῦ</strong></span> <span class='ocrx_word' id='word_1_41' title='bbox 3699 566 3762 602; x_wconf 91' lang='grc' dir='ltr'><strong>τε</strong></span> <span class='ocrx_word' id='word_1_42' title='bbox 3784 548 4006 602; x_wconf 82' lang='grc' dir='ltr'><strong>Ἦλιοῦ</strong></span> 
     </span>
    </p>
   </div>
   <div class='ocr_carea' id='block_1_6' title="bbox 723 640 2410 724">
    <p class='ocr_par' dir='ltr' id='par_1_6' title="bbox 723 647 2410 724">
     <span class='ocr_line' id='line_1_6' title="bbox 723 647 2410 724; baseline -0.002 -16"><span class='ocrx_word' id='word_1_43' title='bbox 723 668 953 724; x_wconf 80' lang='lat' dir='ltr'><strong>arguens</strong></span> <span class='ocrx_word' id='word_1_44' title='bbox 998 652 1136 705; x_wconf 90' lang='lat' dir='ltr'><strong>sicut</strong></span> <span class='ocrx_word' id='word_1_45' title='bbox 1190 650 1293 702; x_wconf 90' lang='lat' dir='ltr'><strong>ille.</strong></span> <span class='ocrx_word' id='word_1_46' title='bbox 1354 647 1637 702; x_wconf 85' lang='lat' dir='ltr'><strong>Convertit</strong></span> <span class='ocrx_word' id='word_1_47' title='bbox 1681 659 1861 701; x_wconf 89' lang='lat' dir='ltr'><strong>autem</strong></span> <span class='ocrx_word' id='word_1_48' title='bbox 1893 658 1947 703; x_wconf 87' lang='lat' dir='ltr'><strong>et</strong></span> <span class='ocrx_word' id='word_1_49' title='bbox 1978 648 2286 704; x_wconf 81' lang='lat' dir='ltr'><strong>incredulos</strong></span> <span class='ocrx_word' id='word_1_50' title='bbox 2387 670 2410 705; x_wconf 68' lang='grc' dir='ltr'><strong>ιι</strong></span> 
     </span>
    </p>
   </div>
   <div class='ocr_carea' id='block_1_7' title="bbox 2316 640 4003 724">
    <p class='ocr_par' dir='ltr' id='par_1_7' title="bbox 2387 640 4003 717">
     <span class='ocr_line' id='line_1_7' title="bbox 2387 640 4003 717; baseline -0.008 -13"><span class='ocrx_word' id='word_1_51' title='bbox 2387 652 2482 705; x_wconf 74' lang='grc' dir='ltr'>καὶ</span> <span class='ocrx_word' id='word_1_52' title='bbox 2511 649 2607 702; x_wconf 79' lang='grc' dir='ltr'><strong>τοῦ</strong></span> <span class='ocrx_word' id='word_1_53' title='bbox 2647 648 2895 702; x_wconf 80' lang='grc' dir='ltr'><strong>Ἰωάννου</strong></span> <span class='ocrx_word' id='word_1_54' title='bbox 2914 664 2927 677; x_wconf 91' lang='grc'><strong>·</strong></span> <span class='ocrx_word' id='word_1_55' title='bbox 2968 645 3105 717; x_wconf 76' lang='grc' dir='ltr'>πρὸς</span> <span class='ocrx_word' id='word_1_56' title='bbox 3129 644 3239 713; x_wconf 83' lang='grc' dir='ltr'>γὰρ</span> <span class='ocrx_word' id='word_1_57' title='bbox 3259 644 3351 696; x_wconf 85' lang='grc' dir='ltr'><strong>τδν</strong></span> <span class='ocrx_word' id='word_1_58' title='bbox 3380 640 3616 713; x_wconf 71' lang='grc' dir='ltr'>Χριστὸν</span> <span class='ocrx_word' id='word_1_59' title='bbox 3650 642 4003 704; x_wconf 82' lang='grc' dir='ltr'><strong>συνάγουσι.</strong></span> 
     </span>
    </p>
   </div>
   <div class='ocr_carea' id='block_1_8' title="bbox 719 728 2406 809">
    <p class='ocr_par' dir='ltr' id='par_1_8' title="bbox 719 736 2406 809">
     <span class='ocr_line' id='line_1_8' title="bbox 719 736 2406 809; baseline -0.002 -10"><span class='ocrx_word' id='word_1_60' title='bbox 719 747 930 799; x_wconf 69' lang='lat' dir='ltr'><strong>Jndaeos</strong></span> <span class='ocrx_word' id='word_1_61' title='bbox 963 742 1027 794; x_wconf 86' lang='lat' dir='ltr'><strong>ad</strong></span> <span class='ocrx_word' id='word_1_62' title='bbox 1060 740 1399 809; x_wconf 85' lang='lat' dir='ltr'><strong>prudentiam</strong></span> <span class='ocrx_word' id='word_1_63' title='bbox 1432 736 1723 806; x_wconf 75' lang='lat' dir='ltr'><strong>iustorum,</strong></span> <span class='ocrx_word' id='word_1_64' title='bbox 1750 739 1853 792; x_wconf 89' lang='lat' dir='ltr'><strong>hoc</strong></span> <span class='ocrx_word' id='word_1_65' title='bbox 1885 748 1988 800; x_wconf 85' lang='lat' dir='ltr'><strong>est,</strong></span> <span class='ocrx_word' id='word_1_66' title='bbox 2014 738 2287 806; x_wconf 82' lang='lat' dir='ltr'><strong>apostolo-</strong></span> <span class='ocrx_word' id='word_1_67' title='bbox 2387 744 2406 795; x_wconf 94' lang='grc'><strong>1</strong></span> 
     </span>
    </p>
   </div>
   <div class='ocr_carea' id='block_1_9' title="bbox 2316 728 4003 809">
    <p class='ocr_par' dir='ltr' id='par_1_9' title="bbox 2387 728 4003 809">
     <span class='ocr_line' id='line_1_9' title="bbox 2387 728 4003 809; baseline -0.007 -14"><span class='ocrx_word' id='word_1_68' title='bbox 2387 743 2497 795; x_wconf 77' lang='grc' dir='ltr'><strong>Καὶ</strong></span> <span class='ocrx_word' id='word_1_69' title='bbox 2526 742 2706 805; x_wconf 76' lang='grc' dir='ltr'>ἄλλως</span> <span class='ocrx_word' id='word_1_70' title='bbox 2730 741 2786 794; x_wconf 70' lang='grc' dir='ltr'>δὲ</span> <span class='ocrx_word' id='word_1_71' title='bbox 2816 742 2872 793; x_wconf 85' lang='grc' dir='ltr'>ὲν</span> <span class='ocrx_word' id='word_1_72' title='bbox 2893 740 3120 809; x_wconf 78' lang='grc' dir='ltr'><strong>δυνάμει</strong></span> <span class='ocrx_word' id='word_1_73' title='bbox 3150 736 3244 791; x_wconf 73' lang='grc' dir='ltr'>καὶ</span> <span class='ocrx_word' id='word_1_74' title='bbox 3278 735 3554 806; x_wconf 86' lang='grc' dir='ltr'>πνεύματι</span> <span class='ocrx_word' id='word_1_75' title='bbox 3588 733 3775 787; x_wconf 83' lang='grc' dir='ltr'>Ἠλιοῦ</span> <span class='ocrx_word' id='word_1_76' title='bbox 3807 728 4003 803; x_wconf 66' lang='grc' dir='ltr'>ἦλθεν</span> 
     </span>
    </p>
   </div>
   <div class='ocr_carea' id='block_1_10' title="bbox 722 823 2409 903">
    <p class='ocr_par' dir='ltr' id='par_1_10' title="bbox 722 829 2409 897">
     <span class='ocr_line' id='line_1_10' title="bbox 722 829 2409 897; baseline 0 -11"><span class='ocrx_word' id='word_1_77' title='bbox 722 849 837 886; x_wconf 88' lang='lat' dir='ltr'><strong>rum</strong></span> <span class='ocrx_word' id='word_1_78' title='bbox 895 833 1214 886; x_wconf 74' lang='lat' dir='ltr'><strong>doctrinam.</strong></span> <span class='ocrx_word' id='word_1_79' title='bbox 1300 829 1590 883; x_wconf 76' lang='lat' dir='ltr'><strong>Prudentia</strong></span> <span class='ocrx_word' id='word_1_80' title='bbox 1645 840 1825 884; x_wconf 88' lang='lat' dir='ltr'><strong>autem</strong></span> <span class='ocrx_word' id='word_1_81' title='bbox 1918 831 2286 897; x_wconf 68' lang='lat' dir='ltr'><strong>apostolorum</strong></span> <span class='ocrx_word' id='word_1_82' title='bbox 2387 835 2409 886; x_wconf 83' lang='lat'><strong>6</strong></span> 
     </span>
    </p>
   </div>
   <div class='ocr_carea' id='block_1_11' title="bbox 2321 823 4008 903">
    <p class='ocr_par' dir='ltr' id='par_1_11' title="bbox 2387 823 4008 903">
     <span class='ocr_line' id='line_1_11' title="bbox 2387 823 4008 903; baseline -0.005 -17"><span class='ocrx_word' id='word_1_83' title='bbox 2387 835 2415 886; x_wconf 96' lang='lat'><strong>6</strong></span> <span class='ocrx_word' id='word_1_84' title='bbox 2464 833 2742 903; x_wconf 81' lang='grc' dir='ltr'><strong>Ἰωάννης,</strong></span> <span class='ocrx_word' id='word_1_85' title='bbox 2774 833 2909 886; x_wconf 84' lang='grc' dir='ltr'><strong>διότι</strong></span> <span class='ocrx_word' id='word_1_86' title='bbox 2939 831 3208 902; x_wconf 70' lang='grc' dir='ltr'>ἐρημίτης</span> <span class='ocrx_word' id='word_1_87' title='bbox 3256 824 3323 901; x_wconf 75' lang='grc' dir='ltr'>ἦν</span> <span class='ocrx_word' id='word_1_88' title='bbox 3348 827 3444 882; x_wconf 76' lang='grc' dir='ltr'>καὶ</span> <span class='ocrx_word' id='word_1_89' title='bbox 3470 826 3653 890; x_wconf 78' lang='grc' dir='ltr'>αὐτὸς,</span> <span class='ocrx_word' id='word_1_90' title='bbox 3710 827 3809 880; x_wconf 74' lang='grc' dir='ltr'>καὶ</span> <span class='ocrx_word' id='word_1_91' title='bbox 3843 823 4008 878; x_wconf 69' lang='grc' dir='ltr'><strong>ἀπέ-</strong></span> 
     </span>
    </p>
   </div>
   <div class='ocr_carea' id='block_1_12' title="bbox 722 922 2285 993">
    <p class='ocr_par' dir='ltr' id='par_1_12' title="bbox 722 922 2285 993">
     <span class='ocr_line' id='line_1_12' title="bbox 722 922 2285 993; baseline 0 -14"><span class='ocrx_word' id='word_1_92' title='bbox 722 927 895 990; x_wconf 72' lang='lat' dir='ltr'><strong>gratia</strong></span> <span class='ocrx_word' id='word_1_93' title='bbox 956 935 1037 977; x_wconf 87' lang='lat' dir='ltr'><strong>est</strong></span> <span class='ocrx_word' id='word_1_94' title='bbox 1072 922 1307 988; x_wconf 89' lang='lat' dir='ltr'><strong>Spiritus</strong></span> <span class='ocrx_word' id='word_1_95' title='bbox 1339 924 1389 976; x_wconf 93' lang='lat' dir='ltr'><strong>in</strong></span> <span class='ocrx_word' id='word_1_96' title='bbox 1425 924 1551 989; x_wconf 85' lang='lat' dir='ltr'><strong>illis,</strong></span> <span class='ocrx_word' id='word_1_97' title='bbox 1588 939 1616 977; x_wconf 88' lang='lat' dir='ltr'><strong>a</strong></span> <span class='ocrx_word' id='word_1_98' title='bbox 1664 940 1765 990; x_wconf 86' lang='lat' dir='ltr'><strong>qua</strong></span> <span class='ocrx_word' id='word_1_99' title='bbox 1819 924 2285 993; x_wconf 84' lang='lat' dir='ltr'><strong>gubernabantur.</strong></span> 
     </span>
    </p>
   </div>
   <div class='ocr_carea' id='block_1_13' title="bbox 723 1013 2288 1084">
    <p class='ocr_par' dir='ltr' id='par_1_13' title="bbox 723 1013 2288 1084">
     <span class='ocr_line' id='line_1_13' title="bbox 723 1013 2288 1084; baseline -0.001 -16"><span class='ocrx_word' id='word_1_100' title='bbox 723 1014 1047 1084; x_wconf 68' lang='lat' dir='ltr'><strong>l’rmparavit</strong></span> <span class='ocrx_word' id='word_1_101' title='bbox 1080 1028 1291 1081; x_wconf 85' lang='lat' dir='ltr'><strong>quoque</strong></span> <span class='ocrx_word' id='word_1_102' title='bbox 1329 1015 1573 1078; x_wconf 89' lang='lat' dir='ltr'><strong>Domino,</strong></span> <span class='ocrx_word' id='word_1_103' title='bbox 1610 1015 1660 1067; x_wconf 87' lang='lat' dir='ltr'><strong>id</strong></span> <span class='ocrx_word' id='word_1_104' title='bbox 1702 1024 1784 1069; x_wconf 89' lang='lat' dir='ltr'><strong>est</strong></span> <span class='ocrx_word' id='word_1_105' title='bbox 1816 1015 2052 1079; x_wconf 89' lang='lat' dir='ltr'><strong>Christo,</strong></span> <span class='ocrx_word' id='word_1_106' title='bbox 2084 1013 2288 1084; x_wconf 85' lang='lat' dir='ltr'><strong>plebem</strong></span> 
     </span>
    </p>
   </div>
   <div class='ocr_carea' id='block_1_14' title="bbox 726 1105 2290 1174">
    <p class='ocr_par' dir='ltr' id='par_1_14' title="bbox 726 1105 2290 1174">
     <span class='ocr_line' id='line_1_14' title="bbox 726 1105 2290 1174; baseline 0.001 -18"><span class='ocrx_word' id='word_1_107' title='bbox 726 1118 1099 1174; x_wconf 69' lang='lat' dir='ltr'><strong>prmparatam,</strong></span> <span class='ocrx_word' id='word_1_108' title='bbox 1151 1106 1252 1159; x_wconf 87' lang='lat' dir='ltr'><strong>hoc</strong></span> <span class='ocrx_word' id='word_1_109' title='bbox 1300 1118 1382 1160; x_wconf 90' lang='lat' dir='ltr'><strong>est</strong></span> <span class='ocrx_word' id='word_1_110' title='bbox 1434 1120 1687 1173; x_wconf 82' lang='lat' dir='ltr'><strong>capacem</strong></span> <span class='ocrx_word' id='word_1_111' title='bbox 1771 1105 1836 1157; x_wconf 86' lang='lat' dir='ltr'><strong>ad</strong></span> <span class='ocrx_word' id='word_1_112' title='bbox 1890 1106 2290 1174; x_wconf 80' lang='lat' dir='ltr'><strong>suscipiendam</strong></span> 
     </span>
    </p>
   </div>
   <div class='ocr_carea' id='block_1_15' title="bbox 724 1196 2289 1266">
    <p class='ocr_par' dir='ltr' id='par_1_15' title="bbox 724 1196 2289 1266">
     <span class='ocr_line' id='line_1_15' title="bbox 724 1196 2289 1266; baseline -0.001 -17"><span class='ocrx_word' id='word_1_113' title='bbox 724 1198 1176 1266; x_wconf 75' lang='lat' dir='ltr'><strong>prmdicationem,</strong></span> <span class='ocrx_word' id='word_1_114' title='bbox 1206 1207 1262 1251; x_wconf 88' lang='lat' dir='ltr'><strong>ut</strong></span> <span class='ocrx_word' id='word_1_115' title='bbox 1289 1197 1515 1264; x_wconf 81' lang='lat' dir='ltr'><strong>exempli</strong></span> <span class='ocrx_word' id='word_1_116' title='bbox 1560 1199 1755 1265; x_wconf 87' lang='lat' dir='ltr'><strong>gratia,-</strong></span> <span class='ocrx_word' id='word_1_117' title='bbox 1791 1198 2007 1265; x_wconf 88' lang='lat' dir='ltr'><strong>quando</strong></span> <span class='ocrx_word' id='word_1_118' title='bbox 2042 1196 2289 1251; x_wconf 82' lang='lat' dir='ltr'><strong>veniebat</strong></span> 
     </span>
    </p>
   </div>
   <div class='ocr_carea' id='block_1_16' title="bbox 724 1284 2293 1357">
    <p class='ocr_par' dir='ltr' id='par_1_16' title="bbox 724 1284 2293 1357">
     <span class='ocr_line' id='line_1_16' title="bbox 724 1284 2293 1357; baseline -0.005 -17"><span class='ocrx_word' id='word_1_119' title='bbox 724 1286 1260 1357; x_wconf 54' lang='lat' dir='ltr'><strong>prophetajquispiam</strong></span> <span class='ocrx_word' id='word_1_120' title='bbox 1286 1285 1607 1354; x_wconf 66' lang='lat' dir='ltr'><strong>prmdicans,</strong></span> <span class='ocrx_word' id='word_1_121' title='bbox 1632 1301 1735 1337; x_wconf 86' lang='lat' dir='ltr'><strong>non</strong></span> <span class='ocrx_word' id='word_1_122' title='bbox 1766 1299 1953 1338; x_wconf 88' lang='lat' dir='ltr'><strong>omnes</strong></span> <span class='ocrx_word' id='word_1_123' title='bbox 1978 1284 2293 1349; x_wconf 82' lang='lat' dir='ltr'><strong>credebam,</strong></span> 
     </span>
    </p>
   </div>
   <div class='ocr_carea' id='block_1_17' title="bbox 724 1375 2297 1447">
    <p class='ocr_par' dir='ltr' id='par_1_17' title="bbox 724 1375 2297 1447">
     <span class='ocr_line' id='line_1_17' title="bbox 724 1375 2297 1447; baseline -0.001 -16"><span class='ocrx_word' id='word_1_124' title='bbox 724 1382 816 1433; x_wconf 83' lang='lat' dir='ltr'><strong>sed</strong></span> <span class='ocrx_word' id='word_1_125' title='bbox 850 1380 937 1447; x_wconf 83' lang='lat' dir='ltr'><strong>qui</strong></span> <span class='ocrx_word' id='word_1_126' title='bbox 979 1378 1260 1447; x_wconf 83' lang='lat' dir='ltr'><strong>praeparati</strong></span> <span class='ocrx_word' id='word_1_127' title='bbox 1295 1388 1473 1440; x_wconf 78' lang='lat' dir='ltr'><strong>erant,</strong></span> <span class='ocrx_word' id='word_1_128' title='bbox 1498 1387 1551 1431; x_wconf 88' lang='lat' dir='ltr'><strong>et</strong></span> <span class='ocrx_word' id='word_1_129' title='bbox 1583 1378 1672 1446; x_wconf 91' lang='lat' dir='ltr'><strong>qui</strong></span> <span class='ocrx_word' id='word_1_130' title='bbox 1696 1377 1910 1445; x_wconf 84' lang='lat' dir='ltr'><strong>seipsos</strong></span> <span class='ocrx_word' id='word_1_131' title='bbox 1942 1378 2007 1429; x_wconf 86' lang='lat' dir='ltr'><strong>ad</strong></span> <span class='ocrx_word' id='word_1_132' title='bbox 2057 1375 2159 1430; x_wconf 85' lang='lat' dir='ltr'><strong>hoc</strong></span> <span class='ocrx_word' id='word_1_133' title='bbox 2204 1391 2297 1429; x_wconf 88' lang='lat' dir='ltr'><strong>ac-</strong></span> 
     </span>
    </p>
   </div>
   <div class='ocr_carea' id='block_1_18' title="bbox 728 1468 2297 1536">
    <p class='ocr_par' dir='ltr' id='par_1_18' title="bbox 728 1468 2297 1536">
     <span class='ocr_line' id='line_1_18' title="bbox 728 1468 2297 1536; baseline -0.002 -12"><span class='ocrx_word' id='word_1_134' title='bbox 728 1470 1159 1524; x_wconf 82' lang='lat' dir='ltr'><strong>eommodabant.</strong></span> <span class='ocrx_word' id='word_1_135' title='bbox 1194 1468 1325 1522; x_wconf 82' lang='lat' dir='ltr'><strong>Nam</strong></span> <span class='ocrx_word' id='word_1_136' title='bbox 1374 1471 1514 1523; x_wconf 90' lang='lat' dir='ltr'><strong>sicut</strong></span> <span class='ocrx_word' id='word_1_137' title='bbox 1560 1469 1604 1522; x_wconf 88' lang='lat' dir='ltr'><strong>si</strong></span> <span class='ocrx_word' id='word_1_138' title='bbox 1661 1470 1785 1536; x_wconf 85' lang='lat' dir='ltr'><strong>quis</strong></span> <span class='ocrx_word' id='word_1_139' title='bbox 1827 1476 1985 1522; x_wconf 91' lang='lat' dir='ltr'><strong>noctu</strong></span> <span class='ocrx_word' id='word_1_140' title='bbox 2026 1468 2210 1523; x_wconf 82' lang='lat' dir='ltr'><strong>veniat</strong></span> <span class='ocrx_word' id='word_1_141' title='bbox 2242 1468 2297 1521; x_wconf 94' lang='lat' dir='ltr'><strong>in</strong></span> 
     </span>
    </p>
   </div>
   <div class='ocr_carea' id='block_1_19' title="bbox 726 1557 2295 1629">
    <p class='ocr_par' dir='ltr' id='par_1_19' title="bbox 726 1557 2295 1629">
     <span class='ocr_line' id='line_1_19' title="bbox 726 1557 2295 1629; baseline -0.003 -13"><span class='ocrx_word' id='word_1_142' title='bbox 726 1563 963 1624; x_wconf 77' lang='lat' dir='ltr'><strong>deruunt,</strong></span> <span class='ocrx_word' id='word_1_143' title='bbox 1002 1576 1105 1614; x_wconf 92' lang='lat' dir='ltr'><strong>non</strong></span> <span class='ocrx_word' id='word_1_144' title='bbox 1135 1576 1323 1615; x_wconf 88' lang='lat' dir='ltr'><strong>omnes</strong></span> <span class='ocrx_word' id='word_1_145' title='bbox 1349 1560 1495 1613; x_wconf 90' lang='lat' dir='ltr'><strong>illum</strong></span> <span class='ocrx_word' id='word_1_146' title='bbox 1524 1558 1824 1626; x_wconf 82' lang='lat' dir='ltr'><strong>excipiunt,</strong></span> <span class='ocrx_word' id='word_1_147' title='bbox 1860 1560 1952 1613; x_wconf 81' lang='lat' dir='ltr'><strong>sed</strong></span> <span class='ocrx_word' id='word_1_148' title='bbox 1976 1558 2070 1628; x_wconf 88' lang='lat' dir='ltr'><strong>qui</strong></span> <span class='ocrx_word' id='word_1_149' title='bbox 2105 1557 2295 1629; x_wconf 75' lang='lat' dir='ltr'><strong>vigiles</strong></span> 
     </span>
    </p>
   </div>
   <div class='ocr_carea' id='block_1_20' title="bbox 730 1650 2297 1719">
    <p class='ocr_par' dir='ltr' id='par_1_20' title="bbox 730 1650 2297 1719">
     <span class='ocr_line' id='line_1_20' title="bbox 730 1650 2297 1719; baseline -0.001 -13"><span class='ocrx_word' id='word_1_150' title='bbox 730 1662 853 1706; x_wconf 85' lang='lat' dir='ltr'><strong>sunt</strong></span> <span class='ocrx_word' id='word_1_151' title='bbox 884 1660 1326 1719; x_wconf 78' lang='lat' dir='ltr'><strong>exspectantque,</strong></span> <span class='ocrx_word' id='word_1_152' title='bbox 1358 1660 1410 1703; x_wconf 85' lang='lat' dir='ltr'><strong>et</strong></span> <span class='ocrx_word' id='word_1_153' title='bbox 1437 1651 1503 1704; x_wconf 87' lang='lat' dir='ltr'><strong>ad</strong></span> <span class='ocrx_word' id='word_1_154' title='bbox 1530 1650 1905 1717; x_wconf 80' lang='lat' dir='ltr'><strong>excipiendum</strong></span> <span class='ocrx_word' id='word_1_155' title='bbox 1936 1651 2108 1719; x_wconf 85' lang='lat' dir='ltr'><strong>parati</strong></span> <span class='ocrx_word' id='word_1_156' title='bbox 2137 1660 2297 1704; x_wconf 85' lang='lat' dir='ltr'><strong>sunt:</strong></span> 
     </span>
    </p>
   </div>
   <div class='ocr_carea' id='block_1_21' title="bbox 728 1740 2297 1810">
    <p class='ocr_par' dir='ltr' id='par_1_21' title="bbox 728 1740 2297 1810">
     <span class='ocr_line' id='line_1_21' title="bbox 728 1740 2297 1810; baseline -0.003 -14"><span class='ocrx_word' id='word_1_157' title='bbox 728 1743 807 1796; x_wconf 85' lang='lat' dir='ltr'><strong>sic</strong></span> <span class='ocrx_word' id='word_1_158' title='bbox 848 1752 903 1796; x_wconf 87' lang='lat' dir='ltr'><strong>et</strong></span> <span class='ocrx_word' id='word_1_159' title='bbox 940 1740 1172 1796; x_wconf 81' lang='lat' dir='ltr'><strong>Joannes</strong></span> <span class='ocrx_word' id='word_1_160' title='bbox 1232 1742 1557 1809; x_wconf 67' lang='lat' dir='ltr'><strong>praeparavit</strong></span> <span class='ocrx_word' id='word_1_161' title='bbox 1596 1740 1826 1795; x_wconf 91' lang='lat' dir='ltr'><strong>Domino</strong></span> <span class='ocrx_word' id='word_1_162' title='bbox 1880 1740 2155 1810; x_wconf 82' lang='lat' dir='ltr'><strong>pepulum,</strong></span> <span class='ocrx_word' id='word_1_163' title='bbox 2191 1754 2297 1794; x_wconf 89' lang='lat' dir='ltr'><strong>non</strong></span> 
     </span>
    </p>
   </div>
   <div class='ocr_carea' id='block_1_22' title="bbox 2397 912 4011 994">
    <p class='ocr_par' dir='ltr' id='par_1_22' title="bbox 2397 912 4011 994">
     <span class='ocr_line' id='line_1_22' title="bbox 2397 912 4011 994; baseline -0.007 -18"><span class='ocrx_word' id='word_1_164' title='bbox 2397 940 2596 994; x_wconf 86' lang='grc' dir='ltr'>ριττος.</span> <span class='ocrx_word' id='word_1_165' title='bbox 2659 924 2757 977; x_wconf 74' lang='grc' dir='ltr'>καὶ</span> <span class='ocrx_word' id='word_1_166' title='bbox 2801 922 3120 989; x_wconf 62' lang='grc' dir='ltr'>ἐλεγκτικὸς</span> <span class='ocrx_word' id='word_1_167' title='bbox 3160 919 3237 983; x_wconf 85' lang='grc' dir='ltr'><strong>ὡς</strong></span> <span class='ocrx_word' id='word_1_168' title='bbox 3284 922 3512 980; x_wconf 62' lang='grc' dir='ltr'>ἐκεῖνος.</span> <span class='ocrx_word' id='word_1_169' title='bbox 3548 912 3895 983; x_wconf 74' lang='grc' dir='ltr'>Ἐπέστρεψε</span> <span class='ocrx_word' id='word_1_170' title='bbox 3933 912 4011 964; x_wconf 73' lang='grc' dir='ltr'>δε</span> 
     </span>
    </p>
   </div>
   <div class='ocr_carea' id='block_1_23' title="bbox 2395 1003 4009 1079">
    <p class='ocr_par' dir='ltr' id='par_1_23' title="bbox 2395 1003 4009 1079">
     <span class='ocr_line' id='line_1_23' title="bbox 2395 1003 4009 1079; baseline -0.009 -10"><span class='ocrx_word' id='word_1_171' title='bbox 2395 1017 2486 1069; x_wconf 80' lang='grc' dir='ltr'>καὶ</span> <span class='ocrx_word' id='word_1_172' title='bbox 2536 1017 2660 1077; x_wconf 78' lang='grc' dir='ltr'>τοὺς</span> <span class='ocrx_word' id='word_1_173' title='bbox 2691 1012 2937 1078; x_wconf 79' lang='grc' dir='ltr'><strong>ἀπειθεῖς</strong></span> <span class='ocrx_word' id='word_1_174' title='bbox 3003 1011 3291 1073; x_wconf 80' lang='grc' dir='ltr'><strong>Ἰουδαίους</strong></span> <span class='ocrx_word' id='word_1_175' title='bbox 3327 1012 3384 1063; x_wconf 69' lang='grc' dir='ltr'>ἰν</span> <span class='ocrx_word' id='word_1_176' title='bbox 3430 1011 3497 1079; x_wconf 81' lang='grc' dir='ltr'>τῇ</span> <span class='ocrx_word' id='word_1_177' title='bbox 3545 1008 3805 1076; x_wconf 76' lang='grc' dir='ltr'><strong>φρονήσει</strong></span> <span class='ocrx_word' id='word_1_178' title='bbox 3875 1003 4009 1057; x_wconf 84' lang='grc' dir='ltr'><strong>τῶν</strong></span> 
     </span>
    </p>
   </div>
   <div class='ocr_carea' id='block_1_24' title="bbox 2395 1094 4005 1174">
    <p class='ocr_par' dir='ltr' id='par_1_24' title="bbox 2395 1094 4005 1174">
     <span class='ocr_line' id='line_1_24' title="bbox 2395 1094 4005 1174; baseline -0.009 -15"><span class='ocrx_word' id='word_1_179' title='bbox 2395 1106 2643 1172; x_wconf 86' lang='grc' dir='ltr'>δικαίων,</span> <span class='ocrx_word' id='word_1_180' title='bbox 2698 1104 2965 1169; x_wconf 69' lang='grc' dir='ltr'>τουτέστι,</span> <span class='ocrx_word' id='word_1_181' title='bbox 3003 1107 3067 1174; x_wconf 78' lang='grc' dir='ltr'>τῇ</span> <span class='ocrx_word' id='word_1_182' title='bbox 3126 1102 3234 1155; x_wconf 87' lang='grc' dir='ltr'><strong>τῶν</strong></span> <span class='ocrx_word' id='word_1_183' title='bbox 3258 1100 3572 1155; x_wconf 79' lang='grc' dir='ltr'><strong>ἀποστόλων</strong></span> <span class='ocrx_word' id='word_1_184' title='bbox 3607 1094 3952 1165; x_wconf 65' lang='grc' dir='ltr'>διδασκαλίᾳ</span> <span class='ocrx_word' id='word_1_185' title='bbox 3987 1108 4005 1122; x_wconf 90' lang='grc'><strong>·</strong></span> 
     </span>
    </p>
   </div>
   <div class='ocr_carea' id='block_1_25' title="bbox 2396 1186 4013 1269">
    <p class='ocr_par' dir='ltr' id='par_1_25' title="bbox 2396 1186 4013 1269">
     <span class='ocr_line' id='line_1_25' title="bbox 2396 1186 4013 1269; baseline -0.008 -16"><span class='ocrx_word' id='word_1_186' title='bbox 2396 1200 2660 1269; x_wconf 86' lang='grc' dir='ltr'>φρόνησις</span> <span class='ocrx_word' id='word_1_187' title='bbox 2693 1200 2803 1268; x_wconf 83' lang='grc' dir='ltr'>γὰρ</span> <span class='ocrx_word' id='word_1_188' title='bbox 2837 1197 2947 1251; x_wconf 91' lang='grc' dir='ltr'><strong>τῶν</strong></span> <span class='ocrx_word' id='word_1_189' title='bbox 2969 1196 3304 1258; x_wconf 79' lang='grc' dir='ltr'>ἀποστόλων,</span> <span class='ocrx_word' id='word_1_190' title='bbox 3333 1195 3364 1263; x_wconf 81' lang='grc' dir='ltr'><strong>ἡ</strong></span> <span class='ocrx_word' id='word_1_191' title='bbox 3397 1194 3455 1246; x_wconf 69' lang='grc' dir='ltr'><strong>δν</strong></span> <span class='ocrx_word' id='word_1_192' title='bbox 3480 1193 3665 1254; x_wconf 85' lang='grc' dir='ltr'>αὐτοῖς</span> <span class='ocrx_word' id='word_1_193' title='bbox 3690 1189 3785 1242; x_wconf 91' lang='grc' dir='ltr'><strong>τοῦ</strong></span> <span class='ocrx_word' id='word_1_194' title='bbox 3810 1186 4013 1242; x_wconf 65' lang='lat' dir='ltr'><strong>Ilvati-</strong></span> 
     </span>
    </p>
   </div>
   <div class='ocr_carea' id='block_1_26' title="bbox 2400 1277 4013 1361">
    <p class='ocr_par' dir='ltr' id='par_1_26' title="bbox 2400 1277 4013 1361">
     <span class='ocr_line' id='line_1_26' title="bbox 2400 1277 4013 1361; baseline -0.008 -18"><span class='ocrx_word' id='word_1_195' title='bbox 2400 1308 2567 1359; x_wconf 89' lang='grc' dir='ltr'>ματος</span> <span class='ocrx_word' id='word_1_196' title='bbox 2604 1291 2781 1361; x_wconf 77' lang='grc' dir='ltr'>χάρις,</span> <span class='ocrx_word' id='word_1_197' title='bbox 2827 1289 2916 1356; x_wconf 79' lang='grc' dir='ltr'><strong>ὑφ’</strong></span> <span class='ocrx_word' id='word_1_198' title='bbox 2946 1283 3015 1360; x_wconf 81' lang='grc' dir='ltr'>ἦς</span> <span class='ocrx_word' id='word_1_199' title='bbox 3046 1284 3436 1357; x_wconf 71' lang='grc' dir='ltr'>ἑκυϐερνῶντο.</span> <span class='ocrx_word' id='word_1_200' title='bbox 3483 1283 3780 1351; x_wconf 77' lang='grc' dir='ltr'>Ἦτοίμασε</span> <span class='ocrx_word' id='word_1_201' title='bbox 3812 1280 3879 1332; x_wconf 62' lang='grc' dir='ltr'>δὲ</span> <span class='ocrx_word' id='word_1_202' title='bbox 3916 1277 4013 1348; x_wconf 80' lang='grc' dir='ltr'>τῷ</span> 
     </span>
    </p>
   </div>
   <div class='ocr_carea' id='block_1_27' title="bbox 2398 1372 4008 1452">
    <p class='ocr_par' dir='ltr' id='par_1_27' title="bbox 2398 1372 4008 1452">
     <span class='ocr_line' id='line_1_27' title="bbox 2398 1372 4008 1452; baseline -0.009 -17"><span class='ocrx_word' id='word_1_203' title='bbox 2398 1382 2609 1452; x_wconf 80' lang='grc' dir='ltr'>Κυρίῳ,</span> <span class='ocrx_word' id='word_1_204' title='bbox 2631 1380 2878 1434; x_wconf 75' lang='grc' dir='ltr'><strong>τουτέστι</strong></span> <span class='ocrx_word' id='word_1_205' title='bbox 2919 1378 2997 1448; x_wconf 80' lang='grc' dir='ltr'><strong>τῷ</strong></span> <span class='ocrx_word' id='word_1_206' title='bbox 3026 1376 3271 1450; x_wconf 83' lang='grc' dir='ltr'>Χριστῷ,</span> <span class='ocrx_word' id='word_1_207' title='bbox 3296 1377 3425 1431; x_wconf 84' lang='grc' dir='ltr'>λαδν</span> <span class='ocrx_word' id='word_1_208' title='bbox 3444 1372 4008 1442; x_wconf 66' lang='grc' dir='ltr'>κατεσκευασμένον,</span> 
     </span>
    </p>
   </div>
   <div class='ocr_carea' id='block_1_28' title="bbox 2398 1463 4013 1543">
    <p class='ocr_par' dir='ltr' id='par_1_28' title="bbox 2398 1463 4013 1543">
     <span class='ocr_line' id='line_1_28' title="bbox 2398 1463 4013 1543; baseline -0.006 -16"><span class='ocrx_word' id='word_1_209' title='bbox 2398 1472 2699 1538; x_wconf 75' lang='grc' dir='ltr'>τουτέστιν,</span> <span class='ocrx_word' id='word_1_210' title='bbox 2758 1472 3185 1543; x_wconf 71' lang='grc' dir='ltr'>εμπαράσκευον</span> <span class='ocrx_word' id='word_1_211' title='bbox 3235 1471 3374 1540; x_wconf 79' lang='grc' dir='ltr'>πρὸς</span> <span class='ocrx_word' id='word_1_212' title='bbox 3421 1470 3482 1523; x_wconf 79' lang='grc' dir='ltr'><strong>τδ</strong></span> <span class='ocrx_word' id='word_1_213' title='bbox 3514 1466 3887 1532; x_wconf 76' lang='grc' dir='ltr'>ὑποδέξασθαι</span> <span class='ocrx_word' id='word_1_214' title='bbox 3935 1463 4013 1518; x_wconf 74' lang='grc' dir='ltr'>τὸ</span> 
     </span>
    </p>
   </div>
   <div class='ocr_carea' id='block_1_29' title="bbox 2400 1559 4013 1637">
    <p class='ocr_par' dir='ltr' id='par_1_29' title="bbox 2400 1559 4013 1637">
     <span class='ocr_line' id='line_1_29' title="bbox 2400 1559 4013 1637; baseline -0.003 -18"><span class='ocrx_word' id='word_1_215' title='bbox 2400 1566 2662 1637; x_wconf 83' lang='grc' dir='ltr'>κήρυγμα</span> <span class='ocrx_word' id='word_1_216' title='bbox 2686 1582 2701 1597; x_wconf 82' lang='lat'><strong>&#39;</strong></span> <span class='ocrx_word' id='word_1_217' title='bbox 2746 1560 2858 1619; x_wconf 73' lang='grc' dir='ltr'>οἷόν</span> <span class='ocrx_word' id='word_1_218' title='bbox 2887 1581 2938 1619; x_wconf 87' lang='grc' dir='ltr'><strong>τι</strong></span> <span class='ocrx_word' id='word_1_219' title='bbox 2968 1564 3152 1632; x_wconf 64' lang='grc' dir='ltr'>λόγωζ·</span> <span class='ocrx_word' id='word_1_220' title='bbox 3206 1563 3461 1619; x_wconf 78' lang='grc' dir='ltr'>Ἐπειδὰν</span> <span class='ocrx_word' id='word_1_221' title='bbox 3486 1561 3634 1616; x_wconf 76' lang='grc' dir='ltr'>ελοοι</span> <span class='ocrx_word' id='word_1_222' title='bbox 3657 1578 3739 1623; x_wconf 89' lang='grc' dir='ltr'><strong>τις</strong></span> <span class='ocrx_word' id='word_1_223' title='bbox 3770 1559 4013 1630; x_wconf 76' lang='grc' dir='ltr'>προφή-</span> 
     </span>
    </p>
   </div>
   <div class='ocr_carea' id='block_1_30' title="bbox 2399 1652 4013 1727">
    <p class='ocr_par' dir='ltr' id='par_1_30' title="bbox 2399 1652 4013 1727">
     <span class='ocr_line' id='line_1_30' title="bbox 2399 1652 4013 1727; baseline -0.006 -16"><span class='ocrx_word' id='word_1_224' title='bbox 2399 1674 2498 1726; x_wconf 85' lang='grc' dir='ltr'>της</span> <span class='ocrx_word' id='word_1_225' title='bbox 2551 1656 2861 1727; x_wconf 80' lang='grc' dir='ltr'>κηρύττων,</span> <span class='ocrx_word' id='word_1_226' title='bbox 2920 1657 2980 1710; x_wconf 83' lang='grc' dir='ltr'>οὑ</span> <span class='ocrx_word' id='word_1_227' title='bbox 3030 1656 3235 1719; x_wconf 77' lang='grc' dir='ltr'>πάντες</span> <span class='ocrx_word' id='word_1_228' title='bbox 3268 1654 3575 1719; x_wconf 75' lang='grc' dir='ltr'>ιπίστευον,</span> <span class='ocrx_word' id='word_1_229' title='bbox 3612 1652 3728 1706; x_wconf 78' lang='grc' dir='ltr'>ἀλλ’</span> <span class='ocrx_word' id='word_1_230' title='bbox 3762 1652 3809 1705; x_wconf 83' lang='lat' dir='ltr'><strong>oi</strong></span> <span class='ocrx_word' id='word_1_231' title='bbox 3860 1665 4013 1703; x_wconf 72' lang='grc' dir='ltr'>κατ-</span> 
     </span>
    </p>
   </div>
   <div class='ocr_carea' id='block_1_31' title="bbox 2402 1741 4019 1819">
    <p class='ocr_par' dir='ltr' id='par_1_31' title="bbox 2402 1741 4019 1819">
     <span class='ocr_line' id='line_1_31' title="bbox 2402 1741 4019 1819; baseline -0.004 -19"><span class='ocrx_word' id='word_1_232' title='bbox 2402 1748 3131 1819; x_wconf 51' lang='grc' dir='ltr'>εσκευασμένοιηουτίστιν,</span> <span class='ocrx_word' id='word_1_233' title='bbox 3156 1749 3203 1801; x_wconf 82' lang='lat' dir='ltr'><strong>oi</strong></span> <span class='ocrx_word' id='word_1_234' title='bbox 3229 1746 3726 1818; x_wconf 82' lang='grc' dir='ltr'>προετοιμάσαντες</span> <span class='ocrx_word' id='word_1_235' title='bbox 3758 1741 4019 1803; x_wconf 70' lang='grc' dir='ltr'>ἑαυτοὺς</span> 
     </span>
    </p>
   </div>
   <div class='ocr_carea' id='block_1_32' title="bbox 732 1834 2419 1911">
    <p class='ocr_par' dir='ltr' id='par_1_32' title="bbox 732 1834 2419 1901">
     <span class='ocr_line' id='line_1_32' title="bbox 732 1834 2419 1901; baseline -0.003 -14"><span class='ocrx_word' id='word_1_236' title='bbox 732 1834 1062 1887; x_wconf 88' lang='lat' dir='ltr'><strong>incredulum</strong></span> <span class='ocrx_word' id='word_1_237' title='bbox 1090 1834 1327 1901; x_wconf 86' lang='lat' dir='ltr'><strong>quidem,</strong></span> <span class='ocrx_word' id='word_1_238' title='bbox 1354 1834 1446 1886; x_wconf 87' lang='lat' dir='ltr'><strong>sed</strong></span> <span class='ocrx_word' id='word_1_239' title='bbox 1472 1834 1809 1887; x_wconf 84' lang='lat' dir='ltr'><strong>elaboratum</strong></span> <span class='ocrx_word' id='word_1_240' title='bbox 1858 1842 1913 1887; x_wconf 89' lang='lat' dir='ltr'><strong>et</strong></span> <span class='ocrx_word' id='word_1_241' title='bbox 1937 1842 2296 1901; x_wconf 59' lang='lat' dir='ltr'><strong>praeparatum</strong></span> <span class='ocrx_word' id='word_1_242' title='bbox 2333 1837 2373 1891; x_wconf 81' lang='grc' dir='ltr'><strong>Β</strong></span> <span class='ocrx_word' id='word_1_243' title='bbox 2405 1856 2419 1895; x_wconf 76' lang='grc' dir='ltr'>ι</span> 
     </span>
    </p>
   </div>
   <div class='ocr_carea' id='block_1_33' title="bbox 2325 1834 4012 1911">
    <p class='ocr_par' dir='ltr' id='par_1_33' title="bbox 2333 1836 4012 1911">
     <span class='ocr_line' id='line_1_33' title="bbox 2333 1836 4012 1911; baseline -0.004 -20"><span class='ocrx_word' id='word_1_244' title='bbox 2333 1837 2373 1891; x_wconf 86' lang='grc' dir='ltr'><strong>Β</strong></span> <span class='ocrx_word' id='word_1_245' title='bbox 2405 1842 2487 1903; x_wconf 80' lang='grc' dir='ltr'><strong>είς</strong></span> <span class='ocrx_word' id='word_1_246' title='bbox 2517 1839 2696 1895; x_wconf 90' lang='grc' dir='ltr'>τοῦτο.</span> <span class='ocrx_word' id='word_1_247' title='bbox 2721 1842 2937 1910; x_wconf 81' lang='grc' dir='ltr'>Ὠσπερ</span> <span class='ocrx_word' id='word_1_248' title='bbox 2966 1841 3077 1911; x_wconf 79' lang='grc' dir='ltr'><strong>γὰρ</strong></span> <span class='ocrx_word' id='word_1_249' title='bbox 3117 1840 3212 1895; x_wconf 68' lang='grc' dir='ltr'><strong>ἑὰν</strong></span> <span class='ocrx_word' id='word_1_250' title='bbox 3260 1840 3404 1897; x_wconf 66' lang='grc' dir='ltr'>ἔλθοι</span> <span class='ocrx_word' id='word_1_251' title='bbox 3432 1857 3516 1903; x_wconf 91' lang='grc' dir='ltr'><strong>τις</strong></span> <span class='ocrx_word' id='word_1_252' title='bbox 3553 1840 3632 1899; x_wconf 87' lang='grc' dir='ltr'><strong>είς</strong></span> <span class='ocrx_word' id='word_1_253' title='bbox 3675 1836 3856 1891; x_wconf 82' lang='grc' dir='ltr'>οἰκίαν</span> <span class='ocrx_word' id='word_1_254' title='bbox 3908 1852 4012 1885; x_wconf 77' lang='grc' dir='ltr'>νυ-</span> 
     </span>
    </p>
   </div>
   <div class='ocr_carea' id='block_1_34' title="bbox 730 1925 1556 1992">
    <p class='ocr_par' dir='ltr' id='par_1_34' title="bbox 730 1925 1556 1992">
     <span class='ocr_line' id='line_1_34' title="bbox 730 1925 1556 1992; baseline 0.002 -16"><span class='ocrx_word' id='word_1_255' title='bbox 730 1925 795 1976; x_wconf 83' lang='lat' dir='ltr'><strong>ad</strong></span> <span class='ocrx_word' id='word_1_256' title='bbox 818 1926 1216 1992; x_wconf 84' lang='lat' dir='ltr'><strong>suscipiendum</strong></span> <span class='ocrx_word' id='word_1_257' title='bbox 1249 1925 1556 1978; x_wconf 86' lang='lat' dir='ltr'><strong>Dominum.</strong></span> 
     </span>
    </p>
   </div>
   <div class='ocr_carea' id='block_1_35' title="bbox 2414 1928 4010 2004">
    <p class='ocr_par' dir='ltr' id='par_1_35' title="bbox 2414 1928 4010 2004">
     <span class='ocr_line' id='line_1_35' title="bbox 2414 1928 4010 2004; baseline -0.003 -19"><span class='ocrx_word' id='word_1_258' title='bbox 2414 1930 2562 1995; x_wconf 80' lang='grc' dir='ltr'>κτδς,</span> <span class='ocrx_word' id='word_1_259' title='bbox 2621 1934 2682 1987; x_wconf 87' lang='grc' dir='ltr'>οὐ</span> <span class='ocrx_word' id='word_1_260' title='bbox 2715 1933 2917 1996; x_wconf 84' lang='grc' dir='ltr'>πάντες</span> <span class='ocrx_word' id='word_1_261' title='bbox 2962 1934 3123 1985; x_wconf 67' lang='grc' dir='ltr'>αὑτὸν</span> <span class='ocrx_word' id='word_1_262' title='bbox 3177 1932 3548 2004; x_wconf 78' lang='grc' dir='ltr'>ὑποδέχονται,</span> <span class='ocrx_word' id='word_1_263' title='bbox 3580 1928 3693 1983; x_wconf 78' lang='grc' dir='ltr'>ἀλλ’</span> <span class='ocrx_word' id='word_1_264' title='bbox 3727 1931 3777 1981; x_wconf 85' lang='grc' dir='ltr'>οἱ</span> <span class='ocrx_word' id='word_1_265' title='bbox 3821 1928 4010 1995; x_wconf 65' lang='grc' dir='ltr'>ἔγρῃ-</span> 
     </span>
    </p>
   </div>
   <div class='ocr_carea' id='block_1_36' title="bbox 730 2018 4017 2095">
    <p class='ocr_par' dir='ltr' id='par_1_36' title="bbox 730 2018 4017 2095">
     <span class='ocr_line' id='line_1_36' title="bbox 730 2018 4017 2095; baseline 0.001 -26"><span class='ocrx_word' id='word_1_266' title='bbox 730 2018 949 2086; x_wconf 83' lang='grc' dir='ltr'>γορότες</span> <span class='ocrx_word' id='word_1_267' title='bbox 984 2018 1074 2069; x_wconf 77' lang='grc' dir='ltr'>καὶ</span> <span class='ocrx_word' id='word_1_268' title='bbox 1102 2018 1509 2084; x_wconf 73' lang='grc' dir='ltr'>προσδοκῶντες</span> <span class='ocrx_word' id='word_1_269' title='bbox 1543 2018 1707 2070; x_wconf 73' lang='grc' dir='ltr'>αὑτὸν</span> <span class='ocrx_word' id='word_1_270' title='bbox 1746 2019 1840 2071; x_wconf 79' lang='grc' dir='ltr'>καὶ</span> <span class='ocrx_word' id='word_1_271' title='bbox 1885 2019 2305 2088; x_wconf 74' lang='grc' dir='ltr'>ἑτοιμασθέντες</span> <span class='ocrx_word' id='word_1_272' title='bbox 2339 2024 2419 2086; x_wconf 89' lang='grc' dir='ltr'><strong>είς</strong></span> <span class='ocrx_word' id='word_1_273' title='bbox 2450 2025 2511 2078; x_wconf 80' lang='grc' dir='ltr'>τὸ</span> <span class='ocrx_word' id='word_1_274' title='bbox 2580 2026 2979 2091; x_wconf 76' lang='grc' dir='ltr'><strong>ὺττοδιίξασθαι⁹</strong></span> <span class='ocrx_word' id='word_1_275' title='bbox 3046 2026 3189 2081; x_wconf 80' lang='grc' dir='ltr'>οὕτω</span> <span class='ocrx_word' id='word_1_276' title='bbox 3216 2028 3308 2081; x_wconf 78' lang='grc' dir='ltr'>καὶ</span> <span class='ocrx_word' id='word_1_277' title='bbox 3341 2028 3369 2079; x_wconf 98' lang='lat'><strong>6</strong></span> <span class='ocrx_word' id='word_1_278' title='bbox 3412 2026 3665 2095; x_wconf 82' lang='grc' dir='ltr'>Ἰωάννης</span> <span class='ocrx_word' id='word_1_279' title='bbox 3723 2022 4017 2093; x_wconf 64' lang='grc' dir='ltr'>ἡτοίμασε</span> 
     </span>
    </p>
   </div>
   <div class='ocr_carea' id='block_1_37' title="bbox 732 2108 4010 2187">
    <p class='ocr_par' dir='ltr' id='par_1_37' title="bbox 732 2108 4010 2187">
     <span class='ocr_line' id='line_1_37' title="bbox 732 2108 4010 2187; baseline 0.002 -27"><span class='ocrx_word' id='word_1_280' title='bbox 732 2108 807 2176; x_wconf 84' lang='grc' dir='ltr'>τῷ</span> <span class='ocrx_word' id='word_1_281' title='bbox 842 2109 1031 2178; x_wconf 81' lang='grc' dir='ltr'>Κυρίῳ</span> <span class='ocrx_word' id='word_1_282' title='bbox 1090 2110 1235 2169; x_wconf 81' lang='grc' dir='ltr'>λαὸν,</span> <span class='ocrx_word' id='word_1_283' title='bbox 1274 2108 1386 2161; x_wconf 83' lang='grc' dir='ltr'>ἀλλ’</span> <span class='ocrx_word' id='word_1_284' title='bbox 1446 2111 1504 2161; x_wconf 83' lang='grc' dir='ltr'>οὐ</span> <span class='ocrx_word' id='word_1_285' title='bbox 1548 2110 1639 2163; x_wconf 76' lang='grc' dir='ltr'><strong>τὴν</strong></span> <span class='ocrx_word' id='word_1_286' title='bbox 1694 2108 1918 2179; x_wconf 84' lang='grc' dir='ltr'>ἀπειθῆ,</span> <span class='ocrx_word' id='word_1_287' title='bbox 1974 2108 2065 2162; x_wconf 89' lang='grc' dir='ltr'>τὸν</span> <span class='ocrx_word' id='word_1_288' title='bbox 2116 2110 2173 2163; x_wconf 75' lang='grc' dir='ltr'>δὲ</span> <span class='ocrx_word' id='word_1_289' title='bbox 2224 2117 2757 2187; x_wconf 72' lang='grc' dir='ltr'>κατεσκευασμένον,</span> <span class='ocrx_word' id='word_1_290' title='bbox 2818 2116 2847 2169; x_wconf 88' lang='grc' dir='ltr'><strong>δ</strong></span> <span class='ocrx_word' id='word_1_291' title='bbox 2919 2116 3039 2170; x_wconf 70' lang='grc' dir='ltr'>ἐστι</span> <span class='ocrx_word' id='word_1_292' title='bbox 3100 2114 3632 2187; x_wconf 69' lang='grc' dir='ltr'>προητοιμασμένον,</span> <span class='ocrx_word' id='word_1_293' title='bbox 3681 2116 3762 2176; x_wconf 78' lang='grc' dir='ltr'><strong>είς</strong></span> <span class='ocrx_word' id='word_1_294' title='bbox 3793 2108 4010 2165; x_wconf 72' lang='lat'><strong>61:060-</strong></span> 
     </span>
    </p>
   </div>
   <div class='ocr_carea' id='block_1_38' title="bbox 734 2204 1244 2276">
    <p class='ocr_par' dir='ltr' id='par_1_38' title="bbox 734 2204 1244 2276">
     <span class='ocr_line' id='line_1_38' title="bbox 734 2204 1244 2276; baseline 0 -19"><span class='ocrx_word' id='word_1_295' title='bbox 734 2204 834 2276; x_wconf 79' lang='grc' dir='ltr'>χὴν</span> <span class='ocrx_word' id='word_1_296' title='bbox 860 2204 950 2257; x_wconf 82' lang='grc' dir='ltr'><strong>τοῦ</strong></span> <span class='ocrx_word' id='word_1_297' title='bbox 981 2204 1244 2274; x_wconf 81' lang='grc' dir='ltr'>Χριστοῦ.</span> 
     </span>
    </p>
   </div>
   <div class='ocr_carea' id='block_1_39' title="bbox 808 2298 2298 2373">
    <p class='ocr_par' dir='ltr' id='par_1_39' title="bbox 808 2298 2298 2373">
     <span class='ocr_line' id='line_1_39' title="bbox 808 2298 2298 2373; baseline 0.005 -22"><span class='ocrx_word' id='word_1_298' title='bbox 808 2298 965 2352; x_wconf 72' lang='lat' dir='ltr'><strong>Vens.</strong></span> <span class='ocrx_word' id='word_1_299' title='bbox 1002 2299 1186 2352; x_wconf 69' lang='lat' dir='ltr'><strong>lS-QO.</strong></span> <span class='ocrx_word' id='word_1_300' title='bbox 1234 2318 1251 2351; x_wconf 86' lang='grc' dir='ltr'><strong>ι</strong></span> <span class='ocrx_word' id='word_1_301' title='bbox 1299 2299 1363 2353; x_wconf 83' lang='lat' dir='ltr'><strong>Et</strong></span> <span class='ocrx_word' id='word_1_302' title='bbox 1396 2300 1535 2355; x_wconf 73' lang='lat' dir='ltr'><strong>dixit</strong></span> <span class='ocrx_word' id='word_1_303' title='bbox 1580 2301 1874 2357; x_wconf 75' lang='lat' dir='ltr'><strong>Zacharias</strong></span> <span class='ocrx_word' id='word_1_304' title='bbox 1908 2303 1972 2357; x_wconf 85' lang='lat' dir='ltr'><strong>ad</strong></span> <span class='ocrx_word' id='word_1_305' title='bbox 2006 2303 2255 2373; x_wconf 88' lang='lat' dir='ltr'><strong>angelum</strong></span> <span class='ocrx_word' id='word_1_306' title='bbox 2284 2320 2298 2359; x_wconf 90' lang='lat'>:</span> 
     </span>
    </p>
   </div>
   <div class='ocr_carea' id='block_1_40' title="bbox 736 2391 2308 2463">
    <p class='ocr_par' dir='ltr' id='par_1_40' title="bbox 736 2391 2308 2463">
     <span class='ocr_line' id='line_1_40' title="bbox 736 2391 2308 2463; baseline 0.006 -22"><span class='ocrx_word' id='word_1_307' title='bbox 736 2391 851 2456; x_wconf 81' lang='lat' dir='ltr'><strong>Quo</strong></span> <span class='ocrx_word' id='word_1_308' title='bbox 874 2400 1189 2461; x_wconf 80' lang='lat' dir='ltr'><strong>argumento</strong></span> <span class='ocrx_word' id='word_1_309' title='bbox 1218 2407 1537 2461; x_wconf 86' lang='lat' dir='ltr'><strong>cognoscam</strong></span> <span class='ocrx_word' id='word_1_310' title='bbox 1568 2393 1742 2447; x_wconf 83' lang='lat' dir='ltr'><strong>illud?</strong></span> <span class='ocrx_word' id='word_1_311' title='bbox 1773 2394 1880 2463; x_wconf 85' lang='lat' dir='ltr'><strong>Ego</strong></span> <span class='ocrx_word' id='word_1_312' title='bbox 1902 2395 2043 2448; x_wconf 92' lang='lat' dir='ltr'><strong>enim</strong></span> <span class='ocrx_word' id='word_1_313' title='bbox 2071 2411 2190 2449; x_wconf 84' lang='lat' dir='ltr'><strong>sum</strong></span> <span class='ocrx_word' id='word_1_314' title='bbox 2222 2411 2308 2451; x_wconf 79' lang='lat' dir='ltr'><strong>se-</strong></span> 
     </span>
    </p>
   </div>
   <div class='ocr_carea' id='block_1_41' title="bbox 739 2484 2308 2555">
    <p class='ocr_par' dir='ltr' id='par_1_41' title="bbox 739 2484 2308 2555">
     <span class='ocr_line' id='line_1_41' title="bbox 739 2484 2308 2555; baseline 0.004 -20"><span class='ocrx_word' id='word_1_315' title='bbox 739 2497 862 2545; x_wconf 78' lang='lat' dir='ltr'><strong>nex,</strong></span> <span class='ocrx_word' id='word_1_316' title='bbox 885 2493 936 2536; x_wconf 85' lang='lat' dir='ltr'><strong>et</strong></span> <span class='ocrx_word' id='word_1_317' title='bbox 968 2497 1103 2536; x_wconf 82' lang='lat' dir='ltr'><strong>uxor</strong></span> <span class='ocrx_word' id='word_1_318' title='bbox 1125 2498 1237 2537; x_wconf 83' lang='lat' dir='ltr'><strong>mea</strong></span> <span class='ocrx_word' id='word_1_319' title='bbox 1266 2484 1728 2551; x_wconf 65' lang='lat' dir='ltr'><strong>provectaemalis</strong></span> <span class='ocrx_word' id='word_1_320' title='bbox 1752 2496 1857 2540; x_wconf 81' lang='lat' dir='ltr'><strong>est.</strong></span> <span class='ocrx_word' id='word_1_321' title='bbox 1880 2487 1947 2538; x_wconf 85' lang='lat' dir='ltr'><strong>At</strong></span> <span class='ocrx_word' id='word_1_322' title='bbox 1974 2487 2308 2555; x_wconf 87' lang='lat' dir='ltr'><strong>respondens</strong></span> 
     </span>
    </p>
   </div>
   <div class='ocr_carea' id='block_1_42' title="bbox 738 2574 2301 2645">
    <p class='ocr_par' dir='ltr' id='par_1_42' title="bbox 738 2574 2301 2645">
     <span class='ocr_line' id='line_1_42' title="bbox 738 2574 2301 2645; baseline 0.006 -21"><span class='ocrx_word' id='word_1_323' title='bbox 738 2576 980 2643; x_wconf 80' lang='lat' dir='ltr'><strong>angelus,</strong></span> <span class='ocrx_word' id='word_1_324' title='bbox 1028 2576 1160 2628; x_wconf 77' lang='lat' dir='ltr'><strong>dixit</strong></span> <span class='ocrx_word' id='word_1_325' title='bbox 1205 2574 1285 2628; x_wconf 89' lang='lat' dir='ltr'><strong>ei:</strong></span> <span class='ocrx_word' id='word_1_326' title='bbox 1338 2576 1450 2644; x_wconf 79' lang='lat' dir='ltr'><strong>Ego</strong></span> <span class='ocrx_word' id='word_1_327' title='bbox 1495 2592 1614 2631; x_wconf 88' lang='lat' dir='ltr'><strong>sum</strong></span> <span class='ocrx_word' id='word_1_328' title='bbox 1656 2575 1895 2642; x_wconf 83' lang='lat' dir='ltr'><strong>Gabriel,</strong></span> <span class='ocrx_word' id='word_1_329' title='bbox 1926 2580 2019 2645; x_wconf 90' lang='lat' dir='ltr'><strong>qui</strong></span> <span class='ocrx_word' id='word_1_330' title='bbox 2059 2578 2205 2632; x_wconf 77' lang='lat' dir='ltr'><strong>astili</strong></span> <span class='ocrx_word' id='word_1_331' title='bbox 2248 2579 2301 2633; x_wconf 90' lang='lat' dir='ltr'><strong>in</strong></span> 
     </span>
    </p>
   </div>
   <div class='ocr_carea' id='block_1_43' title="bbox 741 2666 2309 2737">
    <p class='ocr_par' dir='ltr' id='par_1_43' title="bbox 741 2666 2309 2737">
     <span class='ocr_line' id='line_1_43' title="bbox 741 2666 2309 2737; baseline 0.005 -20"><span class='ocrx_word' id='word_1_332' title='bbox 741 2674 1029 2731; x_wconf 85' lang='lat' dir='ltr'><strong>conspectu</strong></span> <span class='ocrx_word' id='word_1_333' title='bbox 1067 2666 1182 2729; x_wconf 87' lang='lat' dir='ltr'><strong>Dei,</strong></span> <span class='ocrx_word' id='word_1_334' title='bbox 1218 2666 1524 2735; x_wconf 87' lang='lat' dir='ltr'><strong>missusque</strong></span> <span class='ocrx_word' id='word_1_335' title='bbox 1559 2684 1676 2722; x_wconf 91' lang='lat' dir='ltr'><strong>sum</strong></span> <span class='ocrx_word' id='word_1_336' title='bbox 1712 2680 1768 2720; x_wconf 87' lang='grc' dir='ltr'><strong>ιιι</strong></span> <span class='ocrx_word' id='word_1_337' title='bbox 1797 2668 1986 2737; x_wconf 89' lang='lat' dir='ltr'><strong>loquar</strong></span> <span class='ocrx_word' id='word_1_338' title='bbox 2023 2670 2087 2724; x_wconf 86' lang='lat' dir='ltr'><strong>ad</strong></span> <span class='ocrx_word' id='word_1_339' title='bbox 2134 2680 2204 2733; x_wconf 92' lang='lat' dir='ltr'><strong>te,</strong></span> <span class='ocrx_word' id='word_1_340' title='bbox 2254 2679 2309 2725; x_wconf 88' lang='lat' dir='ltr'><strong>et</strong></span> 
     </span>
    </p>
   </div>
   <div class='ocr_carea' id='block_1_44' title="bbox 740 2757 2310 2823">
    <p class='ocr_par' dir='ltr' id='par_1_44' title="bbox 740 2757 2310 2823">
     <span class='ocr_line' id='line_1_44' title="bbox 740 2757 2310 2823; baseline 0.008 -15"><span class='ocrx_word' id='word_1_341' title='bbox 740 2757 855 2809; x_wconf 72' lang='lat' dir='ltr'><strong>bmc</strong></span> <span class='ocrx_word' id='word_1_342' title='bbox 886 2757 980 2809; x_wconf 83' lang='lat' dir='ltr'><strong>tibi</strong></span> <span class='ocrx_word' id='word_1_343' title='bbox 1018 2758 1134 2811; x_wconf 64' lang='lat' dir='ltr'><strong>laeta</strong></span> <span class='ocrx_word' id='word_1_344' title='bbox 1167 2762 1438 2814; x_wconf 73' lang='lat' dir='ltr'><strong>nunziem.</strong></span> <span class='ocrx_word' id='word_1_345' title='bbox 1470 2760 1537 2814; x_wconf 86' lang='lat' dir='ltr'><strong>Et</strong></span> <span class='ocrx_word' id='word_1_346' title='bbox 1581 2777 1709 2823; x_wconf 86' lang='lat' dir='ltr'><strong>ecce</strong></span> <span class='ocrx_word' id='word_1_347' title='bbox 1748 2762 1984 2816; x_wconf 90' lang='lat' dir='ltr'><strong>futurum</strong></span> <span class='ocrx_word' id='word_1_348' title='bbox 2010 2775 2093 2818; x_wconf 89' lang='lat' dir='ltr'><strong>est</strong></span> <span class='ocrx_word' id='word_1_349' title='bbox 2132 2775 2191 2818; x_wconf 92' lang='lat' dir='ltr'><strong>ut</strong></span> <span class='ocrx_word' id='word_1_350' title='bbox 2234 2767 2310 2820; x_wconf 78' lang='lat' dir='ltr'><strong>sis</strong></span> 
     </span>
    </p>
   </div>
   <div class='ocr_carea' id='block_1_45' title="bbox 743 2848 2303 2925">
    <p class='ocr_par' dir='ltr' id='par_1_45' title="bbox 743 2848 2303 2925">
     <span class='ocr_line' id='line_1_45' title="bbox 743 2848 2303 2925; baseline 0.008 -26"><span class='ocrx_word' id='word_1_351' title='bbox 743 2848 959 2913; x_wconf 84' lang='lat' dir='ltr'><strong>tacitus,</strong></span> <span class='ocrx_word' id='word_1_352' title='bbox 983 2864 1080 2901; x_wconf 79' lang='lat' dir='ltr'><strong>nec</strong></span> <span class='ocrx_word' id='word_1_353' title='bbox 1113 2850 1211 2905; x_wconf 76' lang='lat' dir='ltr'><strong>fari</strong></span> <span class='ocrx_word' id='word_1_354' title='bbox 1246 2852 1417 2920; x_wconf 79' lang='lat' dir='ltr'><strong>possis</strong></span> <span class='ocrx_word' id='word_1_355' title='bbox 1444 2853 1508 2906; x_wconf 91' lang='lat' dir='ltr'><strong>ad</strong></span> <span class='ocrx_word' id='word_1_356' title='bbox 1531 2868 1651 2906; x_wconf 91' lang='lat' dir='ltr'><strong>eum</strong></span> <span class='ocrx_word' id='word_1_357' title='bbox 1686 2870 1858 2923; x_wconf 80' lang='lat' dir='ltr'><strong>usque</strong></span> <span class='ocrx_word' id='word_1_358' title='bbox 1888 2856 2028 2908; x_wconf 89' lang='lat' dir='ltr'><strong>diem</strong></span> <span class='ocrx_word' id='word_1_359' title='bbox 2060 2871 2164 2925; x_wconf 88' lang='lat' dir='ltr'><strong>quo</strong></span> <span class='ocrx_word' id='word_1_360' title='bbox 2188 2858 2303 2911; x_wconf 68' lang='lat' dir='ltr'><strong>liazc</strong></span> 
     </span>
    </p>
   </div>
   <div class='ocr_carea' id='block_1_46' title="bbox 744 2937 2308 3017">
    <p class='ocr_par' dir='ltr' id='par_1_46' title="bbox 744 2937 2308 3017">
     <span class='ocr_line' id='line_1_46' title="bbox 744 2937 2308 3017; baseline 0.008 -27"><span class='ocrx_word' id='word_1_361' title='bbox 744 2937 895 3004; x_wconf 83' lang='lat' dir='ltr'><strong>fiant,</strong></span> <span class='ocrx_word' id='word_1_362' title='bbox 922 2956 986 2994; x_wconf 91' lang='lat' dir='ltr'><strong>eo</strong></span> <span class='ocrx_word' id='word_1_363' title='bbox 1009 2942 1150 3010; x_wconf 89' lang='lat' dir='ltr'><strong>quod</strong></span> <span class='ocrx_word' id='word_1_364' title='bbox 1187 2958 1290 2996; x_wconf 88' lang='lat' dir='ltr'><strong>non</strong></span> <span class='ocrx_word' id='word_1_365' title='bbox 1322 2945 1597 2999; x_wconf 89' lang='lat' dir='ltr'><strong>credidisti</strong></span> <span class='ocrx_word' id='word_1_366' title='bbox 1630 2947 1807 3001; x_wconf 84' lang='lat' dir='ltr'><strong>verbis</strong></span> <span class='ocrx_word' id='word_1_367' title='bbox 1842 2950 1997 3011; x_wconf 88' lang='lat' dir='ltr'><strong>meis,</strong></span> <span class='ocrx_word' id='word_1_368' title='bbox 2030 2965 2150 3017; x_wconf 68' lang='lat' dir='ltr'><strong>qua:</strong></span> <span class='ocrx_word' id='word_1_369' title='bbox 2203 2950 2308 3003; x_wconf 86' lang='lat' dir='ltr'><strong>im-</strong></span> 
     </span>
    </p>
   </div>
   <div class='ocr_carea' id='block_1_47' title="bbox 741 3030 2306 3113">
    <p class='ocr_par' dir='ltr' id='par_1_47' title="bbox 741 3030 2306 3113">
     <span class='ocr_line' id='line_1_47' title="bbox 741 3030 2306 3113; baseline 0.008 -30"><span class='ocrx_word' id='word_1_370' title='bbox 741 3030 1028 3097; x_wconf 80' lang='lat' dir='ltr'><strong>plebuntur</strong></span> <span class='ocrx_word' id='word_1_371' title='bbox 1058 3032 1108 3084; x_wconf 91' lang='lat' dir='ltr'><strong>in</strong></span> <span class='ocrx_word' id='word_1_372' title='bbox 1153 3044 1394 3101; x_wconf 60' lang='lat' dir='ltr'><strong>tempore</strong></span> <span class='ocrx_word' id='word_1_373' title='bbox 1428 3050 1544 3090; x_wconf 90' lang='lat' dir='ltr'><strong>suo.</strong></span> <span class='ocrx_word' id='word_1_374' title='bbox 1592 3055 1609 3087; x_wconf 72' lang='grc' dir='ltr'><strong>ι</strong></span> <span class='ocrx_word' id='word_1_375' title='bbox 1644 3036 1886 3093; x_wconf 84' lang='lat' dir='ltr'><strong>Tametsl</strong></span> <span class='ocrx_word' id='word_1_376' title='bbox 1919 3040 2096 3109; x_wconf 89' lang='lat' dir='ltr'><strong>justus</strong></span> <span class='ocrx_word' id='word_1_377' title='bbox 2142 3040 2306 3113; x_wconf 62' lang='grc'><strong>274</strong></span> 
     </span>
    </p>
   </div>
   <div class='ocr_carea' id='block_1_48' title="bbox 2486 2286 4010 2371">
    <p class='ocr_par' dir='ltr' id='par_1_48' title="bbox 2486 2286 4010 2371">
     <span class='ocr_line' id='line_1_48' title="bbox 2486 2286 4010 2371; baseline -0.014 -12"><span class='ocrx_word' id='word_1_378' title='bbox 2486 2324 2505 2358; x_wconf 88' lang='grc' dir='ltr'><strong>ι</strong></span> <span class='ocrx_word' id='word_1_379' title='bbox 2535 2305 2647 2358; x_wconf 77' lang='grc' dir='ltr'><strong>Καὶ</strong></span> <span class='ocrx_word' id='word_1_380' title='bbox 2681 2298 2800 2357; x_wconf 77' lang='grc' dir='ltr'>εἷπε</span> <span class='ocrx_word' id='word_1_381' title='bbox 2838 2299 3118 2371; x_wconf 74' lang='grc' dir='ltr'>Ζαχαρίας</span> <span class='ocrx_word' id='word_1_382' title='bbox 3149 2297 3288 2369; x_wconf 79' lang='grc' dir='ltr'>πρὸς</span> <span class='ocrx_word' id='word_1_383' title='bbox 3319 2294 3409 2349; x_wconf 80' lang='grc' dir='ltr'><strong>τὸν</strong></span> <span class='ocrx_word' id='word_1_384' title='bbox 3435 2291 3667 2363; x_wconf 76' lang='grc' dir='ltr'>ἄγγελον</span> <span class='ocrx_word' id='word_1_385' title='bbox 3699 2305 3714 2320; x_wconf 74' lang='grc' dir='ltr'><strong><em>ο</em></strong></span> <span class='ocrx_word' id='word_1_386' title='bbox 3752 2286 3922 2343; x_wconf 75' lang='grc' dir='ltr'>Κατὰ</span> <span class='ocrx_word' id='word_1_387' title='bbox 3949 2286 4010 2339; x_wconf 88' lang='grc' dir='ltr'><strong>τί</strong></span> 
     </span>
    </p>
   </div>
   <div class='ocr_carea' id='block_1_49' title="bbox 2410 2380 4005 2470">
    <p class='ocr_par' dir='ltr' id='par_1_49' title="bbox 2410 2380 4005 2470">
     <span class='ocr_line' id='line_1_49' title="bbox 2410 2380 4005 2470; baseline -0.014 -16"><span class='ocrx_word' id='word_1_388' title='bbox 2410 2399 2691 2470; x_wconf 86' lang='grc' dir='ltr'>γνώσομαι</span> <span class='ocrx_word' id='word_1_389' title='bbox 2740 2394 2926 2459; x_wconf 88' lang='grc' dir='ltr'>τοῦτο;</span> <span class='ocrx_word' id='word_1_390' title='bbox 2976 2392 3116 2461; x_wconf 81' lang='grc' dir='ltr'><strong>Ἐγὼ</strong></span> <span class='ocrx_word' id='word_1_391' title='bbox 3166 2390 3276 2460; x_wconf 76' lang='grc' dir='ltr'>γάρ</span> <span class='ocrx_word' id='word_1_392' title='bbox 3306 2389 3421 2457; x_wconf 79' lang='grc' dir='ltr'>εἰμι</span> <span class='ocrx_word' id='word_1_393' title='bbox 3468 2382 3805 2455; x_wconf 80' lang='grc' dir='ltr'>πρεσϐύτης,</span> <span class='ocrx_word' id='word_1_394' title='bbox 3837 2380 4005 2446; x_wconf 70' lang='grc' dir='ltr'>καλή</span> 
     </span>
    </p>
   </div>
   <div class='ocr_carea' id='block_1_50' title="bbox 2410 2472 4010 2565">
    <p class='ocr_par' dir='ltr' id='par_1_50' title="bbox 2410 2472 4010 2565">
     <span class='ocr_line' id='line_1_50' title="bbox 2410 2472 4010 2565; baseline -0.016 -17"><span class='ocrx_word' id='word_1_395' title='bbox 2410 2495 2547 2565; x_wconf 83' lang='grc' dir='ltr'>γυνή</span> <span class='ocrx_word' id='word_1_396' title='bbox 2581 2508 2685 2561; x_wconf 92' lang='grc' dir='ltr'><strong>μου</strong></span> <span class='ocrx_word' id='word_1_397' title='bbox 2721 2486 3097 2558; x_wconf 88' lang='grc' dir='ltr'>προϐεϐηκυῖα</span> <span class='ocrx_word' id='word_1_398' title='bbox 3128 2486 3185 2537; x_wconf 75' lang='grc' dir='ltr'>ὲν</span> <span class='ocrx_word' id='word_1_399' title='bbox 3216 2484 3338 2545; x_wconf 88' lang='grc' dir='ltr'>ταῖς</span> <span class='ocrx_word' id='word_1_400' title='bbox 3379 2482 3618 2551; x_wconf 65' lang='grc' dir='ltr'>ἡμέραις</span> <span class='ocrx_word' id='word_1_401' title='bbox 3649 2476 3867 2565; x_wconf 29' lang='grc' dir='ltr'>αὑτῆςα</span> <span class='ocrx_word' id='word_1_402' title='bbox 3892 2472 4010 2565; x_wconf 65' lang='grc' dir='ltr'><strong>καὶ</strong></span> 
     </span>
    </p>
   </div>
   <div class='ocr_carea' id='block_1_51' title="bbox 2411 2561 4012 2655">
    <p class='ocr_par' dir='ltr' id='par_1_51' title="bbox 2411 2561 4012 2655">
     <span class='ocr_line' id='line_1_51' title="bbox 2411 2561 4012 2655; baseline -0.017 -14"><span class='ocrx_word' id='word_1_403' title='bbox 2411 2561 2731 2655; x_wconf 65' lang='grc' dir='ltr'>ἀποκριθεὶς</span> <span class='ocrx_word' id='word_1_404' title='bbox 2757 2583 2785 2635; x_wconf 76' lang='lat'><strong>6</strong></span> <span class='ocrx_word' id='word_1_405' title='bbox 2816 2580 3047 2648; x_wconf 80' lang='grc' dir='ltr'>ἄγγελος</span> <span class='ocrx_word' id='word_1_406' title='bbox 3069 2572 3223 2630; x_wconf 78' lang='grc' dir='ltr'>εἶπεν</span> <span class='ocrx_word' id='word_1_407' title='bbox 3240 2574 3413 2643; x_wconf 71' lang='grc' dir='ltr'>αὐτῷ’</span> <span class='ocrx_word' id='word_1_408' title='bbox 3449 2570 3589 2639; x_wconf 84' lang='grc' dir='ltr'><strong>Ἑγὼ</strong></span> <span class='ocrx_word' id='word_1_409' title='bbox 3616 2571 3734 2638; x_wconf 83' lang='grc' dir='ltr'>ειμι</span> <span class='ocrx_word' id='word_1_410' title='bbox 3758 2561 4012 2635; x_wconf 77' lang='grc' dir='ltr'>Γαϐριὴλ</span> 
     </span>
    </p>
   </div>
   <div class='ocr_carea' id='block_1_52' title="bbox 2411 2655 4010 2746">
    <p class='ocr_par' dir='ltr' id='par_1_52' title="bbox 2411 2655 4010 2746">
     <span class='ocr_line' id='line_1_52' title="bbox 2411 2655 4010 2746; baseline -0.016 -14"><span class='ocrx_word' id='word_1_411' title='bbox 2411 2681 2441 2731; x_wconf 90' lang='lat'><strong>6</strong></span> <span class='ocrx_word' id='word_1_412' title='bbox 2467 2673 2827 2746; x_wconf 85' lang='grc' dir='ltr'>παρεστηκὼς</span> <span class='ocrx_word' id='word_1_413' title='bbox 2856 2671 3090 2725; x_wconf 74' lang='grc' dir='ltr'>ἐνώπιον</span> <span class='ocrx_word' id='word_1_414' title='bbox 3121 2666 3215 2722; x_wconf 89' lang='grc' dir='ltr'><strong>τοῦ</strong></span> <span class='ocrx_word' id='word_1_415' title='bbox 3236 2665 3393 2727; x_wconf 83' lang='grc' dir='ltr'>Θεοῦ,</span> <span class='ocrx_word' id='word_1_416' title='bbox 3434 2662 3528 2717; x_wconf 75' lang='grc' dir='ltr'>καὶ</span> <span class='ocrx_word' id='word_1_417' title='bbox 3555 2658 3871 2727; x_wconf 71' lang='grc' dir='ltr'>ἀπεστάλην</span> <span class='ocrx_word' id='word_1_418' title='bbox 3906 2655 4010 2708; x_wconf 70' lang='grc' dir='ltr'><strong>λαο</strong></span> 
     </span>
    </p>
   </div>
   <div class='ocr_carea' id='block_1_53' title="bbox 2412 2746 4008 2837">
    <p class='ocr_par' dir='ltr' id='par_1_53' title="bbox 2412 2746 4008 2837">
     <span class='ocr_line' id='line_1_53' title="bbox 2412 2746 4008 2837; baseline -0.014 -16"><span class='ocrx_word' id='word_1_419' title='bbox 2412 2768 2575 2836; x_wconf 81' lang='grc' dir='ltr'>λῆσαι</span> <span class='ocrx_word' id='word_1_420' title='bbox 2612 2767 2750 2837; x_wconf 86' lang='grc' dir='ltr'>πρὸς</span> <span class='ocrx_word' id='word_1_421' title='bbox 2778 2764 2861 2828; x_wconf 67' lang='grc' dir='ltr'><strong>σε,</strong></span> <span class='ocrx_word' id='word_1_422' title='bbox 2890 2764 2983 2816; x_wconf 74' lang='grc' dir='ltr'>καὶ</span> <span class='ocrx_word' id='word_1_423' title='bbox 3034 2754 3495 2827; x_wconf 78' lang='grc' dir='ltr'>εὐαγγελίσασθαί</span> <span class='ocrx_word' id='word_1_424' title='bbox 3532 2770 3614 2806; x_wconf 89' lang='grc' dir='ltr'><strong>σοι</strong></span> <span class='ocrx_word' id='word_1_425' title='bbox 3646 2749 3852 2805; x_wconf 86' lang='grc' dir='ltr'>ταῦτα·</span> <span class='ocrx_word' id='word_1_426' title='bbox 3908 2746 4008 2801; x_wconf 80' lang='grc' dir='ltr'>καὶ</span> 
     </span>
    </p>
   </div>
   <div class='ocr_carea' id='block_1_54' title="bbox 2418 2840 4009 2929">
    <p class='ocr_par' dir='ltr' id='par_1_54' title="bbox 2418 2840 4009 2929">
     <span class='ocr_line' id='line_1_54' title="bbox 2418 2840 4009 2929; baseline -0.014 -15"><span class='ocrx_word' id='word_1_427' title='bbox 2418 2861 2527 2913; x_wconf 83' lang='grc' dir='ltr'>ίδοὺ</span> <span class='ocrx_word' id='word_1_428' title='bbox 2560 2859 2660 2929; x_wconf 78' lang='grc' dir='ltr'>ισῃ</span> <span class='ocrx_word' id='word_1_429' title='bbox 2690 2854 2914 2911; x_wconf 86' lang='grc' dir='ltr'>σιωπῶν</span> <span class='ocrx_word' id='word_1_430' title='bbox 2946 2854 3040 2907; x_wconf 74' lang='grc' dir='ltr'>καὶ</span> <span class='ocrx_word' id='word_1_431' title='bbox 3077 2850 3153 2922; x_wconf 80' lang='grc' dir='ltr'>μὴ</span> <span class='ocrx_word' id='word_1_432' title='bbox 3184 2849 3481 2917; x_wconf 73' lang='grc' dir='ltr'>δυνάμενος</span> <span class='ocrx_word' id='word_1_433' title='bbox 3528 2844 3781 2915; x_wconf 83' lang='grc' dir='ltr'>λαλῆσαι,</span> <span class='ocrx_word' id='word_1_434' title='bbox 3838 2840 4009 2912; x_wconf 73' lang='grc' dir='ltr'>ἄχρις</span> 
     </span>
    </p>
   </div>
   <div class='ocr_carea' id='block_1_55' title="bbox 2411 2934 4010 3025">
    <p class='ocr_par' dir='ltr' id='par_1_55' title="bbox 2411 2934 4010 3025">
     <span class='ocr_line' id='line_1_55' title="bbox 2411 2934 4010 3025; baseline -0.014 -19"><span class='ocrx_word' id='word_1_435' title='bbox 2411 2949 2478 3025; x_wconf 86' lang='grc' dir='ltr'>ἦς</span> <span class='ocrx_word' id='word_1_436' title='bbox 2500 2952 2713 3022; x_wconf 76' lang='grc' dir='ltr'>ἡμέρας</span> <span class='ocrx_word' id='word_1_437' title='bbox 2743 2949 2969 3018; x_wconf 60' lang='grc' dir='ltr'>γένηται</span> <span class='ocrx_word' id='word_1_438' title='bbox 3002 2944 3174 2999; x_wconf 87' lang='grc' dir='ltr'>ταῦτα</span> <span class='ocrx_word' id='word_1_439' title='bbox 3204 2960 3219 2975; x_wconf 82' lang='lat'><strong>&#39;</strong></span> <span class='ocrx_word' id='word_1_440' title='bbox 3264 2940 3384 2997; x_wconf 76' lang='grc' dir='ltr'>ἀνθ’</span> <span class='ocrx_word' id='word_1_441' title='bbox 3417 2934 3493 2994; x_wconf 82' lang='grc' dir='ltr'>ὧν</span> <span class='ocrx_word' id='word_1_442' title='bbox 3540 2937 3639 2991; x_wconf 85' lang='grc' dir='ltr'>οὐκ</span> <span class='ocrx_word' id='word_1_443' title='bbox 3671 2934 4010 2995; x_wconf 63' lang='grc' dir='ltr'>ἐπίστευσας</span> 
     </span>
    </p>
   </div>
   <div class='ocr_carea' id='block_1_56' title="bbox 2417 3025 4009 3110">
    <p class='ocr_par' dir='ltr' id='par_1_56' title="bbox 2417 3025 4009 3110">
     <span class='ocr_line' id='line_1_56' title="bbox 2417 3025 4009 3110; baseline -0.014 -13"><span class='ocrx_word' id='word_1_444' title='bbox 2417 3048 2529 3107; x_wconf 82' lang='grc' dir='ltr'>τοῖς</span> <span class='ocrx_word' id='word_1_445' title='bbox 2558 3044 2735 3109; x_wconf 84' lang='grc' dir='ltr'>λόγοις</span> <span class='ocrx_word' id='word_1_446' title='bbox 2770 3057 2895 3110; x_wconf 91' lang='grc' dir='ltr'>μου,</span> <span class='ocrx_word' id='word_1_447' title='bbox 2928 3039 3123 3100; x_wconf 79' lang='grc' dir='ltr'>οἵτινες</span> <span class='ocrx_word' id='word_1_448' title='bbox 3163 3031 3616 3104; x_wconf 80' lang='grc' dir='ltr'>πληρωθήσονται</span> <span class='ocrx_word' id='word_1_449' title='bbox 3645 3030 3725 3089; x_wconf 82' lang='grc' dir='ltr'><strong>είς</strong></span> <span class='ocrx_word' id='word_1_450' title='bbox 3756 3025 3847 3079; x_wconf 77' lang='grc' dir='ltr'>τὸν</span> <span class='ocrx_word' id='word_1_451' title='bbox 3883 3039 4009 3076; x_wconf 84' lang='grc' dir='ltr'>και-</span> 
     </span>
    </p>
   </div>
   <div class='ocr_carea' id='block_1_57' title="bbox 740 3114 2427 3208">
    <p class='ocr_par' dir='ltr' id='par_1_57' title="bbox 740 3122 2427 3208">
     <span class='ocr_line' id='line_1_57' title="bbox 740 3122 2427 3208; baseline 0.008 -35"><span class='ocrx_word' id='word_1_452' title='bbox 740 3132 886 3176; x_wconf 82' lang='lat' dir='ltr'><strong>esset</strong></span> <span class='ocrx_word' id='word_1_453' title='bbox 922 3122 1217 3179; x_wconf 73' lang='lat' dir='ltr'><strong>Zaclmrias</strong></span> <span class='ocrx_word' id='word_1_454' title='bbox 1276 3134 1329 3179; x_wconf 84' lang='lat' dir='ltr'><strong>et</strong></span> <span class='ocrx_word' id='word_1_455' title='bbox 1380 3137 1623 3189; x_wconf 81' lang='lat' dir='ltr'><strong>sanctus,</strong></span> <span class='ocrx_word' id='word_1_456' title='bbox 1664 3130 1962 3198; x_wconf 88' lang='lat' dir='ltr'><strong>respiciens</strong></span> <span class='ocrx_word' id='word_1_457' title='bbox 2017 3140 2200 3186; x_wconf 84' lang='lat' dir='ltr'><strong>tamen</strong></span> <span class='ocrx_word' id='word_1_458' title='bbox 2245 3132 2308 3186; x_wconf 82' lang='lat' dir='ltr'><strong>ad</strong></span> <span class='ocrx_word' id='word_1_459' title='bbox 2336 3123 2381 3186; x_wconf 88' lang='lat' dir='ltr'>C</span> <span class='ocrx_word' id='word_1_460' title='bbox 2420 3159 2427 3208; x_wconf 66' lang='grc' dir='ltr'>ι</span> 
     </span>
    </p>
   </div>
   <div class='ocr_carea' id='block_1_58' title="bbox 2322 3114 4009 3208">
    <p class='ocr_par' dir='ltr' id='par_1_58' title="bbox 2336 3114 4009 3208">
     <span class='ocr_line' id='line_1_58' title="bbox 2336 3114 4009 3208; baseline -0.012 -22"><span class='ocrx_word' id='word_1_461' title='bbox 2336 3123 2381 3186; x_wconf 86' lang='lat' dir='ltr'>C</span> <span class='ocrx_word' id='word_1_462' title='bbox 2420 3137 2511 3208; x_wconf 70' lang='grc' dir='ltr'><strong>ρὸν</strong></span> <span class='ocrx_word' id='word_1_463' title='bbox 2561 3132 2763 3188; x_wconf 78' lang='grc' dir='ltr'>αὐτῶν.</span> <span class='ocrx_word' id='word_1_464' title='bbox 2808 3151 2825 3183; x_wconf 80' lang='grc' dir='ltr'><strong>ι</strong></span> <span class='ocrx_word' id='word_1_465' title='bbox 2894 3132 2957 3184; x_wconf 84' lang='grc' dir='ltr'><strong>Εἰ</strong></span> <span class='ocrx_word' id='word_1_466' title='bbox 3016 3129 3111 3183; x_wconf 85' lang='grc' dir='ltr'>καὶ</span> <span class='ocrx_word' id='word_1_467' title='bbox 3157 3126 3366 3187; x_wconf 89' lang='grc' dir='ltr'>δίκαιος</span> <span class='ocrx_word' id='word_1_468' title='bbox 3424 3117 3494 3194; x_wconf 78' lang='grc' dir='ltr'>ἦν</span> <span class='ocrx_word' id='word_1_469' title='bbox 3527 3124 3556 3175; x_wconf 93' lang='lat'><strong>6</strong></span> <span class='ocrx_word' id='word_1_470' title='bbox 3597 3118 3877 3189; x_wconf 74' lang='grc' dir='ltr'>Ζαχαρίας</span> <span class='ocrx_word' id='word_1_471' title='bbox 3910 3114 4009 3169; x_wconf 82' lang='grc' dir='ltr'>καὶ</span> 
     </span>
    </p>
   </div>
   <div class='ocr_carea' id='block_1_59' title="bbox 744 3215 2309 3285">
    <p class='ocr_par' dir='ltr' id='par_1_59' title="bbox 744 3215 2309 3285">
     <span class='ocr_line' id='line_1_59' title="bbox 744 3215 2309 3285; baseline 0.01 -22"><span class='ocrx_word' id='word_1_472' title='bbox 744 3215 1103 3283; x_wconf 81' lang='lat' dir='ltr'><strong>prodigiosam</strong></span> <span class='ocrx_word' id='word_1_473' title='bbox 1130 3218 1534 3285; x_wconf 81' lang='lat' dir='ltr'><strong>generationem</strong></span> <span class='ocrx_word' id='word_1_474' title='bbox 1566 3220 1682 3280; x_wconf 83' lang='lat' dir='ltr'><strong>lilii,</strong></span> <span class='ocrx_word' id='word_1_475' title='bbox 1710 3238 1813 3274; x_wconf 89' lang='lat' dir='ltr'><strong>non</strong></span> <span class='ocrx_word' id='word_1_476' title='bbox 1839 3220 1999 3277; x_wconf 82' lang='lat' dir='ltr'><strong>facile</strong></span> <span class='ocrx_word' id='word_1_477' title='bbox 2030 3224 2309 3279; x_wconf 86' lang='lat' dir='ltr'><strong>credebat.</strong></span> 
     </span>
    </p>
   </div>
   <div class='ocr_carea' id='block_1_60' title="bbox 745 3309 2312 3389">
    <p class='ocr_par' dir='ltr' id='par_1_60' title="bbox 745 3309 2312 3389">
     <span class='ocr_line' id='line_1_60' title="bbox 745 3309 2312 3389; baseline 0.007 -29"><span class='ocrx_word' id='word_1_478' title='bbox 745 3309 953 3363; x_wconf 84' lang='lat' dir='ltr'><strong>idcirco</strong></span> <span class='ocrx_word' id='word_1_479' title='bbox 981 3320 1033 3363; x_wconf 88' lang='lat' dir='ltr'><strong>et</strong></span> <span class='ocrx_word' id='word_1_480' title='bbox 1069 3313 1292 3379; x_wconf 81' lang='lat' dir='ltr'><strong>angelus</strong></span> <span class='ocrx_word' id='word_1_481' title='bbox 1328 3329 1479 3367; x_wconf 89' lang='lat' dir='ltr'><strong>suam</strong></span> <span class='ocrx_word' id='word_1_482' title='bbox 1511 3316 1828 3383; x_wconf 83' lang='lat' dir='ltr'><strong>dignitatem</strong></span> <span class='ocrx_word' id='word_1_483' title='bbox 1860 3318 2026 3373; x_wconf 87' lang='lat' dir='ltr'><strong>dicit:</strong></span> <span class='ocrx_word' id='word_1_484' title='bbox 2063 3318 2175 3389; x_wconf 86' lang='lat' dir='ltr'><strong>Ego</strong></span> <span class='ocrx_word' id='word_1_485' title='bbox 2195 3335 2312 3373; x_wconf 80' lang='lat' dir='ltr'><strong>sum</strong></span> 
     </span>
    </p>
   </div>
   <div class='ocr_carea' id='block_1_61' title="bbox 740 3398 2319 3474">
    <p class='ocr_par' dir='ltr' id='par_1_61' title="bbox 740 3398 2319 3474">
     <span class='ocr_line' id='line_1_61' title="bbox 740 3398 2319 3474; baseline 0.008 -24"><span class='ocrx_word' id='word_1_486' title='bbox 740 3398 977 3466; x_wconf 83' lang='lat' dir='ltr'><strong>Gabriel,</strong></span> <span class='ocrx_word' id='word_1_487' title='bbox 1019 3404 1109 3471; x_wconf 88' lang='lat' dir='ltr'><strong>qui</strong></span> <span class='ocrx_word' id='word_1_488' title='bbox 1145 3404 1289 3456; x_wconf 70' lang='lat' dir='ltr'><strong>astili</strong></span> <span class='ocrx_word' id='word_1_489' title='bbox 1342 3405 1393 3458; x_wconf 92' lang='lat' dir='ltr'><strong>in</strong></span> <span class='ocrx_word' id='word_1_490' title='bbox 1450 3418 1743 3474; x_wconf 87' lang='lat' dir='ltr'><strong>conspectu</strong></span> <span class='ocrx_word' id='word_1_491' title='bbox 1771 3408 1887 3472; x_wconf 87' lang='lat' dir='ltr'><strong>Dei,</strong></span> <span class='ocrx_word' id='word_1_492' title='bbox 1924 3426 2027 3463; x_wconf 92' lang='lat' dir='ltr'><strong>non</strong></span> <span class='ocrx_word' id='word_1_493' title='bbox 2063 3412 2319 3465; x_wconf 90' lang='lat' dir='ltr'><strong>seduclor</strong></span> 
     </span>
    </p>
   </div>
   <div class='ocr_carea' id='block_1_62' title="bbox 743 3494 2317 3573">
    <p class='ocr_par' dir='ltr' id='par_1_62' title="bbox 743 3494 2317 3573">
     <span class='ocr_line' id='line_1_62' title="bbox 743 3494 2317 3573; baseline 0.01 -30"><span class='ocrx_word' id='word_1_494' title='bbox 743 3494 971 3557; x_wconf 68' lang='lat' dir='ltr'><strong>daemon,</strong></span> <span class='ocrx_word' id='word_1_495' title='bbox 1012 3498 1105 3549; x_wconf 85' lang='lat' dir='ltr'><strong>sed</strong></span> <span class='ocrx_word' id='word_1_496' title='bbox 1138 3498 1361 3565; x_wconf 84' lang='lat' dir='ltr'><strong>angelus</strong></span> <span class='ocrx_word' id='word_1_497' title='bbox 1393 3498 1506 3551; x_wconf 87' lang='lat' dir='ltr'><strong>Dei.</strong></span> <span class='ocrx_word' id='word_1_498' title='bbox 1546 3498 1712 3569; x_wconf 80' lang='lat' dir='ltr'><strong>Igitur</strong></span> <span class='ocrx_word' id='word_1_499' title='bbox 1742 3502 1871 3569; x_wconf 84' lang='lat' dir='ltr'><strong>quia</strong></span> <span class='ocrx_word' id='word_1_500' title='bbox 1900 3502 2189 3567; x_wconf 86' lang='lat' dir='ltr'><strong>discredis,</strong></span> <span class='ocrx_word' id='word_1_501' title='bbox 2216 3518 2317 3573; x_wconf 86' lang='lat' dir='ltr'><strong>ego</strong></span> 
     </span>
    </p>
   </div>
   <div class='ocr_carea' id='block_1_63' title="bbox 746 3586 2315 3662">
    <p class='ocr_par' dir='ltr' id='par_1_63' title="bbox 746 3586 2315 3662">
     <span class='ocr_line' id='line_1_63' title="bbox 746 3586 2315 3662; baseline 0.008 -24"><span class='ocrx_word' id='word_1_502' title='bbox 746 3596 793 3640; x_wconf 88' lang='lat' dir='ltr'><strong>te</strong></span> <span class='ocrx_word' id='word_1_503' title='bbox 818 3586 1008 3641; x_wconf 73' lang='lat' dir='ltr'><strong>faciam</strong></span> <span class='ocrx_word' id='word_1_504' title='bbox 1048 3591 1293 3654; x_wconf 89' lang='lat' dir='ltr'><strong>surdum,</strong></span> <span class='ocrx_word' id='word_1_505' title='bbox 1318 3601 1372 3644; x_wconf 89' lang='lat' dir='ltr'><strong>et</strong></span> <span class='ocrx_word' id='word_1_506' title='bbox 1408 3590 1551 3660; x_wconf 89' lang='lat' dir='ltr'><strong>loqui</strong></span> <span class='ocrx_word' id='word_1_507' title='bbox 1586 3608 1690 3646; x_wconf 90' lang='lat' dir='ltr'><strong>non</strong></span> <span class='ocrx_word' id='word_1_508' title='bbox 1730 3596 1954 3662; x_wconf 79' lang='lat' dir='ltr'><strong>poteris.</strong></span> <span class='ocrx_word' id='word_1_509' title='bbox 1993 3594 2185 3650; x_wconf 85' lang='lat' dir='ltr'><strong>Merito</strong></span> <span class='ocrx_word' id='word_1_510' title='bbox 2216 3612 2315 3649; x_wconf 91' lang='lat' dir='ltr'><strong>au-</strong></span> 
     </span>
    </p>
   </div>
   <div class='ocr_carea' id='block_1_64' title="bbox 744 3678 2321 3751">
    <p class='ocr_par' dir='ltr' id='par_1_64' title="bbox 744 3678 2321 3751">
     <span class='ocr_line' id='line_1_64' title="bbox 744 3678 2321 3751; baseline 0.008 -22"><span class='ocrx_word' id='word_1_511' title='bbox 744 3687 847 3731; x_wconf 89' lang='lat' dir='ltr'><strong>tem</strong></span> <span class='ocrx_word' id='word_1_512' title='bbox 880 3678 986 3731; x_wconf 92' lang='lat' dir='ltr'><strong>duo</strong></span> <span class='ocrx_word' id='word_1_513' title='bbox 1033 3681 1146 3732; x_wconf 84' lang='lat' dir='ltr'><strong>haec</strong></span> <span class='ocrx_word' id='word_1_514' title='bbox 1180 3694 1367 3747; x_wconf 85' lang='lat' dir='ltr'><strong>passus</strong></span> <span class='ocrx_word' id='word_1_515' title='bbox 1395 3690 1498 3746; x_wconf 82' lang='lat' dir='ltr'><strong>est,</strong></span> <span class='ocrx_word' id='word_1_516' title='bbox 1540 3692 1595 3736; x_wconf 91' lang='lat' dir='ltr'><strong>et</strong></span> <span class='ocrx_word' id='word_1_517' title='bbox 1641 3688 1782 3751; x_wconf 84' lang='lat' dir='ltr'><strong>quod</strong></span> <span class='ocrx_word' id='word_1_518' title='bbox 1816 3701 1917 3738; x_wconf 91' lang='lat' dir='ltr'><strong>non</strong></span> <span class='ocrx_word' id='word_1_519' title='bbox 1979 3688 2209 3751; x_wconf 85' lang='lat' dir='ltr'><strong>audiret,</strong></span> <span class='ocrx_word' id='word_1_520' title='bbox 2265 3696 2321 3741; x_wconf 88' lang='lat' dir='ltr'><strong>et</strong></span> 
     </span>
    </p>
   </div>
   <div class='ocr_carea' id='block_1_65' title="bbox 745 3771 2321 3843">
    <p class='ocr_par' dir='ltr' id='par_1_65' title="bbox 745 3771 2321 3843">
     <span class='ocr_line' id='line_1_65' title="bbox 745 3771 2321 3843; baseline 0.008 -21"><span class='ocrx_word' id='word_1_521' title='bbox 745 3784 848 3823; x_wconf 91' lang='lat' dir='ltr'><strong>non</strong></span> <span class='ocrx_word' id='word_1_522' title='bbox 888 3771 1215 3840; x_wconf 79' lang='lat' dir='ltr'><strong>loqueretur.</strong></span> <span class='ocrx_word' id='word_1_523' title='bbox 1255 3774 1388 3842; x_wconf 66' lang='lat' dir='ltr'><strong>Quia</strong></span> <span class='ocrx_word' id='word_1_524' title='bbox 1421 3776 1563 3828; x_wconf 89' lang='lat' dir='ltr'><strong>enim</strong></span> <span class='ocrx_word' id='word_1_525' title='bbox 1601 3792 1704 3829; x_wconf 91' lang='lat' dir='ltr'><strong>non</strong></span> <span class='ocrx_word' id='word_1_526' title='bbox 1734 3779 2036 3843; x_wconf 89' lang='lat' dir='ltr'><strong>obedierat,</strong></span> <span class='ocrx_word' id='word_1_527' title='bbox 2063 3780 2321 3834; x_wconf 84' lang='lat' dir='ltr'><strong>condem-</strong></span> 
     </span>
    </p>
   </div>
   <div class='ocr_carea' id='block_1_66' title="bbox 747 3865 2315 3937">
    <p class='ocr_par' dir='ltr' id='par_1_66' title="bbox 747 3865 2315 3937">
     <span class='ocr_line' id='line_1_66' title="bbox 747 3865 2315 3937; baseline 0.008 -23"><span class='ocrx_word' id='word_1_528' title='bbox 747 3873 905 3915; x_wconf 81' lang='lat' dir='ltr'><strong>natur</strong></span> <span class='ocrx_word' id='word_1_529' title='bbox 925 3871 983 3915; x_wconf 87' lang='lat' dir='ltr'><strong>ut</strong></span> <span class='ocrx_word' id='word_1_530' title='bbox 1007 3865 1201 3919; x_wconf 91' lang='lat' dir='ltr'><strong>surdus</strong></span> <span class='ocrx_word' id='word_1_531' title='bbox 1229 3867 1331 3919; x_wconf 80' lang='lat' dir='ltr'><strong>sit:</strong></span> <span class='ocrx_word' id='word_1_532' title='bbox 1363 3877 1416 3920; x_wconf 90' lang='lat' dir='ltr'><strong>et</strong></span> <span class='ocrx_word' id='word_1_533' title='bbox 1445 3866 1570 3934; x_wconf 89' lang='lat' dir='ltr'><strong>quia</strong></span> <span class='ocrx_word' id='word_1_534' title='bbox 1605 3870 2032 3937; x_wconf 85' lang='lat' dir='ltr'><strong>contradixerat,</strong></span> <span class='ocrx_word' id='word_1_535' title='bbox 2055 3881 2112 3926; x_wconf 89' lang='lat' dir='ltr'><strong>ut</strong></span> <span class='ocrx_word' id='word_1_536' title='bbox 2133 3874 2315 3927; x_wconf 82' lang='lat' dir='ltr'><strong>sileat.</strong></span> 
     </span>
    </p>
   </div>
   <div class='ocr_carea' id='block_1_67' title="bbox 752 3954 2319 4031">
    <p class='ocr_par' dir='ltr' id='par_1_67' title="bbox 752 3954 2319 4031">
     <span class='ocr_line' id='line_1_67' title="bbox 752 3954 2319 4031; baseline 0.01 -25"><span class='ocrx_word' id='word_1_537' title='bbox 752 3954 1126 4009; x_wconf 81' lang='lat' dir='ltr'><strong>Verumtamen</strong></span> <span class='ocrx_word' id='word_1_538' title='bbox 1161 3958 1717 4028; x_wconf 73' lang='lat' dir='ltr'><strong>przefigurabatetiam</strong></span> <span class='ocrx_word' id='word_1_539' title='bbox 1744 3977 1803 4015; x_wconf 92' lang='lat' dir='ltr'><strong>ea</strong></span> <span class='ocrx_word' id='word_1_540' title='bbox 1834 3979 1951 4031; x_wconf 66' lang='lat' dir='ltr'><strong>quin</strong></span> <span class='ocrx_word' id='word_1_541' title='bbox 1980 3962 2319 4021; x_wconf 73' lang='lat' dir='ltr'><strong>Judzeiseve-</strong></span> 
     </span>
    </p>
   </div>
   <div class='ocr_carea' id='block_1_68' title="bbox 749 4046 2319 4112">
    <p class='ocr_par' dir='ltr' id='par_1_68' title="bbox 749 4046 2319 4112">
     <span class='ocr_line' id='line_1_68' title="bbox 749 4046 2319 4112; baseline 0.01 -15"><span class='ocrx_word' id='word_1_542' title='bbox 749 4057 966 4101; x_wconf 87' lang='lat' dir='ltr'><strong>nerunt.</strong></span> <span class='ocrx_word' id='word_1_543' title='bbox 1012 4046 1144 4101; x_wconf 79' lang='lat' dir='ltr'><strong>Nam</strong></span> <span class='ocrx_word' id='word_1_544' title='bbox 1179 4050 1315 4104; x_wconf 78' lang='lat' dir='ltr'><strong>sicut</strong></span> <span class='ocrx_word' id='word_1_545' title='bbox 1357 4051 1443 4104; x_wconf 89' lang='lat' dir='ltr'><strong>hic</strong></span> <span class='ocrx_word' id='word_1_546' title='bbox 1464 4066 1626 4106; x_wconf 80' lang='lat' dir='ltr'><strong>senex</strong></span> <span class='ocrx_word' id='word_1_547' title='bbox 1661 4063 1709 4107; x_wconf 90' lang='lat' dir='ltr'><strong>et</strong></span> <span class='ocrx_word' id='word_1_548' title='bbox 1741 4056 1943 4110; x_wconf 88' lang='lat' dir='ltr'><strong>sterilis</strong></span> <span class='ocrx_word' id='word_1_549' title='bbox 1978 4066 2029 4109; x_wconf 90' lang='lat' dir='ltr'><strong>et</strong></span> <span class='ocrx_word' id='word_1_550' title='bbox 2063 4058 2319 4112; x_wconf 80' lang='lat' dir='ltr'><strong>incredu-</strong></span> 
     </span>
    </p>
   </div>
   <div class='ocr_carea' id='block_1_69' title="bbox 748 4139 2320 4211">
    <p class='ocr_par' dir='ltr' id='par_1_69' title="bbox 748 4139 2320 4211">
     <span class='ocr_line' id='line_1_69' title="bbox 748 4139 2320 4211; baseline 0.006 -22"><span class='ocrx_word' id='word_1_551' title='bbox 748 4139 827 4192; x_wconf 73' lang='lat' dir='ltr'><strong>lus</strong></span> <span class='ocrx_word' id='word_1_552' title='bbox 864 4139 1068 4207; x_wconf 86' lang='lat' dir='ltr'><strong>peperit</strong></span> <span class='ocrx_word' id='word_1_553' title='bbox 1114 4140 1281 4193; x_wconf 84' lang='lat' dir='ltr'><strong>ﬁlium</strong></span> <span class='ocrx_word' id='word_1_554' title='bbox 1347 4143 1620 4210; x_wconf 80' lang='lat' dir='ltr'><strong>prophetis</strong></span> <span class='ocrx_word' id='word_1_555' title='bbox 1662 4145 1919 4211; x_wconf 75' lang='lat' dir='ltr'><strong>majbrem</strong></span> <span class='ocrx_word' id='word_1_556' title='bbox 1965 4161 1977 4197; x_wconf 89' lang='lat'><strong>:</strong></span> <span class='ocrx_word' id='word_1_557' title='bbox 2015 4146 2085 4199; x_wconf 85' lang='lat' dir='ltr'><strong>ita</strong></span> <span class='ocrx_word' id='word_1_558' title='bbox 2122 4156 2177 4199; x_wconf 86' lang='lat' dir='ltr'><strong>et</strong></span> <span class='ocrx_word' id='word_1_559' title='bbox 2228 4145 2320 4201; x_wconf 84' lang='lat' dir='ltr'><strong>Ju-</strong></span> 
     </span>
    </p>
   </div>
   <div class='ocr_carea' id='block_1_70' title="bbox 747 4234 2321 4307">
    <p class='ocr_par' dir='ltr' id='par_1_70' title="bbox 747 4234 2321 4307">
     <span class='ocr_line' id='line_1_70' title="bbox 747 4234 2321 4307; baseline 0.005 -22"><span class='ocrx_word' id='word_1_560' title='bbox 747 4234 983 4285; x_wconf 66' lang='lat' dir='ltr'><strong>daaerum</strong></span> <span class='ocrx_word' id='word_1_561' title='bbox 1015 4235 1361 4301; x_wconf 71' lang='lat' dir='ltr'><strong>congregatio</strong></span> <span class='ocrx_word' id='word_1_562' title='bbox 1386 4238 1693 4289; x_wconf 88' lang='lat' dir='ltr'><strong>sacerdotio</strong></span> <span class='ocrx_word' id='word_1_563' title='bbox 1730 4238 2033 4293; x_wconf 80' lang='lat' dir='ltr'><strong>inveterato</strong></span> <span class='ocrx_word' id='word_1_564' title='bbox 2072 4242 2321 4307; x_wconf 80' lang='lat' dir='ltr'><strong>quamvis</strong></span> 
     </span>
    </p>
   </div>
   <div class='ocr_carea' id='block_1_71' title="bbox 744 4322 2321 4391">
    <p class='ocr_par' dir='ltr' id='par_1_71' title="bbox 744 4322 2321 4391">
     <span class='ocr_line' id='line_1_71' title="bbox 744 4322 2321 4391; baseline 0.005 -17"><span class='ocrx_word' id='word_1_565' title='bbox 744 4334 889 4375; x_wconf 68' lang='lat' dir='ltr'><strong>esse.</strong></span> <span class='ocrx_word' id='word_1_566' title='bbox 919 4322 1145 4384; x_wconf 83' lang='lat' dir='ltr'><strong>sterilis,</strong></span> <span class='ocrx_word' id='word_1_567' title='bbox 1196 4324 1466 4377; x_wconf 84' lang='lat' dir='ltr'><strong>incredula</strong></span> <span class='ocrx_word' id='word_1_568' title='bbox 1498 4336 1549 4380; x_wconf 92' lang='lat' dir='ltr'><strong>et</strong></span> <span class='ocrx_word' id='word_1_569' title='bbox 1603 4328 1934 4391; x_wconf 81' lang='lat' dir='ltr'><strong>inohediens,</strong></span> <span class='ocrx_word' id='word_1_570' title='bbox 1977 4328 2207 4383; x_wconf 82' lang='lat' dir='ltr'><strong>Verbum</strong></span> <span class='ocrx_word' id='word_1_571' title='bbox 2240 4340 2321 4382; x_wconf 86' lang='lat' dir='ltr'><strong>ta-</strong></span> 
     </span>
    </p>
   </div>
   <div class='ocr_carea' id='block_1_72' title="bbox 748 4413 2321 4489">
    <p class='ocr_par' dir='ltr' id='par_1_72' title="bbox 748 4413 2321 4489">
     <span class='ocr_line' id='line_1_72' title="bbox 748 4413 2321 4489; baseline 0.003 -22"><span class='ocrx_word' id='word_1_572' title='bbox 748 4431 866 4468; x_wconf 86' lang='lat' dir='ltr'><strong>men</strong></span> <span class='ocrx_word' id='word_1_573' title='bbox 900 4413 1015 4478; x_wconf 83' lang='lat' dir='ltr'><strong>Dei,</strong></span> <span class='ocrx_word' id='word_1_574' title='bbox 1064 4416 1163 4469; x_wconf 84' lang='lat' dir='ltr'><strong>hoc</strong></span> <span class='ocrx_word' id='word_1_575' title='bbox 1205 4427 1285 4469; x_wconf 77' lang='lat' dir='ltr'><strong>est</strong></span> <span class='ocrx_word' id='word_1_576' title='bbox 1322 4419 1603 4471; x_wconf 85' lang='lat' dir='ltr'><strong>Dominum</strong></span> <span class='ocrx_word' id='word_1_577' title='bbox 1655 4423 2069 4488; x_wconf 74' lang='lat' dir='ltr'><strong>prephetarum,</strong></span> <span class='ocrx_word' id='word_1_578' title='bbox 2111 4420 2321 4489; x_wconf 82' lang='lat' dir='ltr'><strong>peperit</strong></span> 
     </span>
    </p>
   </div>
   <div class='ocr_carea' id='block_1_73' title="bbox 2418 3211 4010 3298">
    <p class='ocr_par' dir='ltr' id='par_1_73' title="bbox 2418 3211 4010 3298">
     <span class='ocr_line' id='line_1_73' title="bbox 2418 3211 4010 3298; baseline -0.015 -14"><span class='ocrx_word' id='word_1_579' title='bbox 2418 3231 2594 3298; x_wconf 74' lang='grc' dir='ltr'>ᾶγιος,</span> <span class='ocrx_word' id='word_1_580' title='bbox 2622 3230 2773 3297; x_wconf 83' lang='grc' dir='ltr'>ὅμως</span> <span class='ocrx_word' id='word_1_581' title='bbox 2811 3225 2949 3295; x_wconf 81' lang='grc' dir='ltr'>πρὸς</span> <span class='ocrx_word' id='word_1_582' title='bbox 2968 3224 3029 3277; x_wconf 83' lang='grc' dir='ltr'>τὸ</span> <span class='ocrx_word' id='word_1_583' title='bbox 3059 3222 3342 3293; x_wconf 82' lang='grc' dir='ltr'>τεράστιον</span> <span class='ocrx_word' id='word_1_584' title='bbox 3370 3218 3469 3289; x_wconf 86' lang='grc' dir='ltr'>τῆς</span> <span class='ocrx_word' id='word_1_585' title='bbox 3499 3212 3847 3273; x_wconf 86' lang='grc' dir='ltr'>παιδοποιίας</span> <span class='ocrx_word' id='word_1_586' title='bbox 3871 3211 4010 3263; x_wconf 80' lang='grc' dir='ltr'>ἁπο-</span> 
     </span>
    </p>
   </div>
   <div class='ocr_carea' id='block_1_74' title="bbox 2419 3300 4011 3385">
    <p class='ocr_par' dir='ltr' id='par_1_74' title="bbox 2419 3300 4011 3385">
     <span class='ocr_line' id='line_1_74' title="bbox 2419 3300 4011 3385; baseline -0.016 -8"><span class='ocrx_word' id='word_1_587' title='bbox 2419 3324 2656 3385; x_wconf 73' lang='grc' dir='ltr'>ϐλίπων,</span> <span class='ocrx_word' id='word_1_588' title='bbox 2696 3322 2797 3373; x_wconf 81' lang='grc' dir='ltr'>οὑκ</span> <span class='ocrx_word' id='word_1_589' title='bbox 2819 3318 3057 3379; x_wconf 82' lang='grc' dir='ltr'>εὐκόλως</span> <span class='ocrx_word' id='word_1_590' title='bbox 3079 3314 3351 3368; x_wconf 70' lang='grc' dir='ltr'>επίστευε.</span> <span class='ocrx_word' id='word_1_591' title='bbox 3379 3310 3470 3364; x_wconf 83' lang='grc' dir='ltr'>Διδ</span> <span class='ocrx_word' id='word_1_592' title='bbox 3502 3311 3596 3363; x_wconf 78' lang='grc' dir='ltr'>καὶ</span> <span class='ocrx_word' id='word_1_593' title='bbox 3627 3310 3655 3359; x_wconf 92' lang='lat'><strong>6</strong></span> <span class='ocrx_word' id='word_1_594' title='bbox 3680 3302 3916 3372; x_wconf 79' lang='grc' dir='ltr'>ἄγγελος</span> <span class='ocrx_word' id='word_1_595' title='bbox 3943 3300 4011 3352; x_wconf 78' lang='grc' dir='ltr'>τὸ</span> 
     </span>
    </p>
   </div>
   <div class='ocr_carea' id='block_1_75' title="bbox 2416 3396 4009 3479">
    <p class='ocr_par' dir='ltr' id='par_1_75' title="bbox 2416 3396 4009 3479">
     <span class='ocr_line' id='line_1_75' title="bbox 2416 3396 4009 3479; baseline -0.016 -10"><span class='ocrx_word' id='word_1_596' title='bbox 2416 3417 2613 3469; x_wconf 73' lang='grc' dir='ltr'>οἰκεῖον</span> <span class='ocrx_word' id='word_1_597' title='bbox 2646 3413 2860 3479; x_wconf 77' lang='grc' dir='ltr'>ἀξίωμα</span> <span class='ocrx_word' id='word_1_598' title='bbox 2883 3410 3054 3479; x_wconf 66' lang='grc' dir='ltr'>λέγει,</span> <span class='ocrx_word' id='word_1_599' title='bbox 3082 3409 3189 3471; x_wconf 85' lang='grc' dir='ltr'>ότι,</span> <span class='ocrx_word' id='word_1_600' title='bbox 3222 3404 3368 3472; x_wconf 83' lang='grc' dir='ltr'>Ἐγώ</span> <span class='ocrx_word' id='word_1_601' title='bbox 3394 3405 3513 3471; x_wconf 80' lang='grc' dir='ltr'>ειμι</span> <span class='ocrx_word' id='word_1_602' title='bbox 3547 3396 3785 3466; x_wconf 77' lang='grc' dir='ltr'>Γαϐριὴλ</span> <span class='ocrx_word' id='word_1_603' title='bbox 3812 3398 3839 3447; x_wconf 92' lang='lat'><strong>6</strong></span> <span class='ocrx_word' id='word_1_604' title='bbox 3862 3410 4009 3463; x_wconf 86' lang='grc' dir='ltr'>παρ-</span> 
     </span>
    </p>
   </div>
   <div class='ocr_carea' id='block_1_76' title="bbox 2418 3485 4009 3575">
    <p class='ocr_par' dir='ltr' id='par_1_76' title="bbox 2418 3485 4009 3575">
     <span class='ocr_line' id='line_1_76' title="bbox 2418 3485 4009 3575; baseline -0.016 -16"><span class='ocrx_word' id='word_1_605' title='bbox 2418 3504 2665 3575; x_wconf 82' lang='grc' dir='ltr'>εστηκὼς</span> <span class='ocrx_word' id='word_1_606' title='bbox 2711 3503 2790 3573; x_wconf 86' lang='grc' dir='ltr'>τῷ</span> <span class='ocrx_word' id='word_1_607' title='bbox 2825 3501 2945 3572; x_wconf 87' lang='grc' dir='ltr'><strong>Θεῷ</strong></span> <span class='ocrx_word' id='word_1_608' title='bbox 2971 3516 2984 3531; x_wconf 88' lang='grc'><strong>·</strong></span> <span class='ocrx_word' id='word_1_609' title='bbox 3024 3500 3086 3553; x_wconf 77' lang='grc' dir='ltr'>οὐ</span> <span class='ocrx_word' id='word_1_610' title='bbox 3131 3498 3325 3557; x_wconf 80' lang='grc' dir='ltr'>πλάνος</span> <span class='ocrx_word' id='word_1_611' title='bbox 3352 3494 3583 3562; x_wconf 89' lang='grc' dir='ltr'>δαίμων,</span> <span class='ocrx_word' id='word_1_612' title='bbox 3628 3488 3743 3541; x_wconf 82' lang='grc' dir='ltr'>ἀλλ’</span> <span class='ocrx_word' id='word_1_613' title='bbox 3778 3485 4009 3554; x_wconf 76' lang='grc' dir='ltr'>ἄγγελος</span> 
     </span>
    </p>
   </div>
   <div class='ocr_carea' id='block_1_77' title="bbox 2418 3579 4008 3655">
    <p class='ocr_par' dir='ltr' id='par_1_77' title="bbox 2418 3579 4008 3655">
     <span class='ocr_line' id='line_1_77' title="bbox 2418 3579 4008 3655; baseline -0.015 -2"><span class='ocrx_word' id='word_1_614' title='bbox 2418 3599 2578 3653; x_wconf 79' lang='grc' dir='ltr'>Θεοῦ.</span> <span class='ocrx_word' id='word_1_615' title='bbox 2623 3597 2779 3651; x_wconf 71' lang='grc' dir='ltr'>Ἐπεὶ</span> <span class='ocrx_word' id='word_1_616' title='bbox 2826 3592 2920 3649; x_wconf 83' lang='grc' dir='ltr'>οὖν</span> <span class='ocrx_word' id='word_1_617' title='bbox 2948 3593 3218 3653; x_wconf 79' lang='grc' dir='ltr'>ἀπιστεῖς,</span> <span class='ocrx_word' id='word_1_618' title='bbox 3243 3588 3335 3641; x_wconf 76' lang='grc' dir='ltr'>ἔσο</span> <span class='ocrx_word' id='word_1_619' title='bbox 3373 3584 3637 3655; x_wconf 78' lang='grc' dir='ltr'>κωφεύων</span> <span class='ocrx_word' id='word_1_620' title='bbox 3660 3581 3754 3635; x_wconf 82' lang='grc' dir='ltr'>καὶ</span> <span class='ocrx_word' id='word_1_621' title='bbox 3792 3581 3867 3651; x_wconf 76' lang='grc' dir='ltr'>μὴ</span> <span class='ocrx_word' id='word_1_622' title='bbox 3916 3579 4008 3631; x_wconf 85' lang='grc' dir='ltr'><strong>δυ⁹</strong></span> 
     </span>
    </p>
   </div>
   <div class='ocr_carea' id='block_1_78' title="bbox 2419 3671 4007 3761">
    <p class='ocr_par' dir='ltr' id='par_1_78' title="bbox 2419 3671 4007 3761">
     <span class='ocr_line' id='line_1_78' title="bbox 2419 3671 4007 3761; baseline -0.014 -16"><span class='ocrx_word' id='word_1_623' title='bbox 2419 3693 2650 3761; x_wconf 82' lang='grc' dir='ltr'>νὰμενος</span> <span class='ocrx_word' id='word_1_624' title='bbox 2670 3688 2902 3757; x_wconf 78' lang='grc' dir='ltr'>λαλῆσαι</span> <span class='ocrx_word' id='word_1_625' title='bbox 2923 3702 2937 3717; x_wconf 89' lang='grc'><strong>·</strong></span> <span class='ocrx_word' id='word_1_626' title='bbox 2971 3684 3193 3745; x_wconf 75' lang='grc' dir='ltr'>εἰκότως</span> <span class='ocrx_word' id='word_1_627' title='bbox 3220 3682 3275 3735; x_wconf 69' lang='grc' dir='ltr'>δι</span> <span class='ocrx_word' id='word_1_628' title='bbox 3309 3681 3377 3734; x_wconf 82' lang='grc' dir='ltr'>τὰ</span> <span class='ocrx_word' id='word_1_629' title='bbox 3406 3678 3502 3731; x_wconf 90' lang='grc' dir='ltr'><strong>δύο</strong></span> <span class='ocrx_word' id='word_1_630' title='bbox 3529 3675 3700 3729; x_wconf 89' lang='grc' dir='ltr'>ταῦτα</span> <span class='ocrx_word' id='word_1_631' title='bbox 3726 3672 3921 3734; x_wconf 74' lang='grc' dir='ltr'>ἔπαθε,</span> <span class='ocrx_word' id='word_1_632' title='bbox 3949 3671 4007 3724; x_wconf 77' lang='lat'><em>:6</em></span> 
     </span>
    </p>
   </div>
   <div class='ocr_carea' id='block_1_79' title="bbox 2424 3762 4005 3853">
    <p class='ocr_par' dir='ltr' id='par_1_79' title="bbox 2424 3762 4005 3853">
     <span class='ocr_line' id='line_1_79' title="bbox 2424 3762 4005 3853; baseline -0.013 -19"><span class='ocrx_word' id='word_1_633' title='bbox 2424 3784 2564 3853; x_wconf 83' lang='grc' dir='ltr'>μήτε</span> <span class='ocrx_word' id='word_1_634' title='bbox 2589 3778 2811 3835; x_wconf 81' lang='grc' dir='ltr'>ἀκούειν</span> <span class='ocrx_word' id='word_1_635' title='bbox 2842 3777 2979 3847; x_wconf 83' lang='grc' dir='ltr'>μήτε</span> <span class='ocrx_word' id='word_1_636' title='bbox 3013 3773 3191 3826; x_wconf 90' lang='grc' dir='ltr'>λαλεῖν</span> <span class='ocrx_word' id='word_1_637' title='bbox 3212 3786 3226 3803; x_wconf 87' lang='grc'>·</span> <span class='ocrx_word' id='word_1_638' title='bbox 3263 3770 3336 3832; x_wconf 88' lang='grc' dir='ltr'>ὼς</span> <span class='ocrx_word' id='word_1_639' title='bbox 3364 3769 3461 3838; x_wconf 83' lang='grc' dir='ltr'>μὲν</span> <span class='ocrx_word' id='word_1_640' title='bbox 3491 3767 3597 3835; x_wconf 85' lang='grc' dir='ltr'><strong>γὰρ</strong></span> <span class='ocrx_word' id='word_1_641' title='bbox 3627 3762 4005 3835; x_wconf 81' lang='grc' dir='ltr'>παρακούσας,</span> 
     </span>
    </p>
   </div>
   <div class='ocr_carea' id='block_1_80' title="bbox 2422 3854 4005 3934">
    <p class='ocr_par' dir='ltr' id='par_1_80' title="bbox 2422 3854 4005 3934">
     <span class='ocr_line' id='line_1_80' title="bbox 2422 3854 4005 3934; baseline -0.014 -7"><span class='ocrx_word' id='word_1_642' title='bbox 2422 3870 2843 3933; x_wconf 82' lang='grc' dir='ltr'>καταδικάζεται</span> <span class='ocrx_word' id='word_1_643' title='bbox 2879 3867 3186 3934; x_wconf 77' lang='grc' dir='ltr'>κώφευσιν·</span> <span class='ocrx_word' id='word_1_644' title='bbox 3232 3863 3304 3924; x_wconf 86' lang='grc' dir='ltr'>ὼς</span> <span class='ocrx_word' id='word_1_645' title='bbox 3355 3859 3414 3913; x_wconf 62' lang='grc' dir='ltr'>δὲ</span> <span class='ocrx_word' id='word_1_646' title='bbox 3444 3854 3738 3918; x_wconf 79' lang='grc' dir='ltr'>ἀντειπὼν,</span> <span class='ocrx_word' id='word_1_647' title='bbox 3775 3854 4005 3921; x_wconf 79' lang='grc' dir='ltr'>σιωπήν.</span> 
     </span>
    </p>
   </div>
   <div class='ocr_carea' id='block_1_81' title="bbox 2425 3948 4009 4037">
    <p class='ocr_par' dir='ltr' id='par_1_81' title="bbox 2425 3948 4009 4037">
     <span class='ocr_line' id='line_1_81' title="bbox 2425 3948 4009 4037; baseline -0.016 -15"><span class='ocrx_word' id='word_1_648' title='bbox 2425 3967 2569 4037; x_wconf 78' lang='grc' dir='ltr'>Πλὴν</span> <span class='ocrx_word' id='word_1_649' title='bbox 2593 3963 2903 4035; x_wconf 86' lang='grc' dir='ltr'>προετύπου</span> <span class='ocrx_word' id='word_1_650' title='bbox 2928 3961 3020 4013; x_wconf 72' lang='grc' dir='ltr'>καὶ</span> <span class='ocrx_word' id='word_1_651' title='bbox 3046 3958 3115 4010; x_wconf 63' lang='grc' dir='ltr'>τὰ</span> <span class='ocrx_word' id='word_1_652' title='bbox 3145 3954 3289 4009; x_wconf 74' lang='grc' dir='ltr'>κατὰ</span> <span class='ocrx_word' id='word_1_653' title='bbox 3312 3954 3437 4015; x_wconf 80' lang='grc' dir='ltr'>τοὺς</span> <span class='ocrx_word' id='word_1_654' title='bbox 3467 3951 3776 4012; x_wconf 84' lang='grc' dir='ltr'>Ἰουδαίους.</span> <span class='ocrx_word' id='word_1_655' title='bbox 3798 3948 4009 4014; x_wconf 77' lang='grc' dir='ltr'>Ὥσπερ</span> 
     </span>
    </p>
   </div>
   <div class='ocr_carea' id='block_1_82' title="bbox 2423 4036 4003 4128">
    <p class='ocr_par' dir='ltr' id='par_1_82' title="bbox 2423 4036 4003 4128">
     <span class='ocr_line' id='line_1_82' title="bbox 2423 4036 4003 4128; baseline -0.015 -16"><span class='ocrx_word' id='word_1_656' title='bbox 2423 4036 2535 4128; x_wconf 77' lang='grc' dir='ltr'><strong>γὰρ</strong></span> <span class='ocrx_word' id='word_1_657' title='bbox 2555 4047 2711 4116; x_wconf 71' lang='grc' dir='ltr'>οὗτος</span> <span class='ocrx_word' id='word_1_658' title='bbox 2741 4052 2917 4122; x_wconf 79' lang='grc' dir='ltr'>γέρων</span> <span class='ocrx_word' id='word_1_659' title='bbox 2953 4049 3048 4103; x_wconf 72' lang='grc' dir='ltr'>καὶ</span> <span class='ocrx_word' id='word_1_660' title='bbox 3077 4048 3349 4116; x_wconf 74' lang='grc' dir='ltr'>ἄκαρπος,</span> <span class='ocrx_word' id='word_1_661' title='bbox 3376 4043 3472 4096; x_wconf 75' lang='grc' dir='ltr'>καὶ</span> <span class='ocrx_word' id='word_1_662' title='bbox 3522 4040 3859 4109; x_wconf 82' lang='grc' dir='ltr'>ἀπιστήσας,</span> <span class='ocrx_word' id='word_1_663' title='bbox 3892 4036 4003 4090; x_wconf 76' lang='grc' dir='ltr'>ιτε-</span> 
     </span>
    </p>
   </div>
   <div class='ocr_carea' id='block_1_83' title="bbox 2424 4130 4007 4215">
    <p class='ocr_par' dir='ltr' id='par_1_83' title="bbox 2424 4130 4007 4215">
     <span class='ocr_line' id='line_1_83' title="bbox 2424 4130 4007 4215; baseline -0.015 -10"><span class='ocrx_word' id='word_1_664' title='bbox 2424 4168 2519 4204; x_wconf 85' lang='grc' dir='ltr'><strong>κεν</strong></span> <span class='ocrx_word' id='word_1_665' title='bbox 2575 4148 2690 4200; x_wconf 83' lang='grc' dir='ltr'>υίὸν</span> <span class='ocrx_word' id='word_1_666' title='bbox 2726 4144 2950 4215; x_wconf 74' lang='grc' dir='ltr'>μείζονα</span> <span class='ocrx_word' id='word_1_667' title='bbox 2987 4142 3097 4195; x_wconf 87' lang='grc' dir='ltr'><strong>τῶν</strong></span> <span class='ocrx_word' id='word_1_668' title='bbox 3135 4136 3431 4210; x_wconf 80' lang='grc' dir='ltr'>προφητῶν</span> <span class='ocrx_word' id='word_1_669' title='bbox 3454 4175 3469 4199; x_wconf 91' lang='grc'><strong>,</strong></span> <span class='ocrx_word' id='word_1_670' title='bbox 3514 4134 3655 4187; x_wconf 78' lang='grc' dir='ltr'>οὕτω</span> <span class='ocrx_word' id='word_1_671' title='bbox 3703 4137 3800 4185; x_wconf 79' lang='grc' dir='ltr'>καὶ</span> <span class='ocrx_word' id='word_1_672' title='bbox 3832 4133 3868 4201; x_wconf 71' lang='grc' dir='ltr'><strong>η</strong></span> <span class='ocrx_word' id='word_1_673' title='bbox 3903 4130 4007 4183; x_wconf 81' lang='grc' dir='ltr'><strong>τῶν</strong></span> 
     </span>
    </p>
   </div>
   <div class='ocr_carea' id='block_1_84' title="bbox 2437 4223 4006 4304">
    <p class='ocr_par' dir='ltr' id='par_1_84' title="bbox 2437 4223 4006 4304">
     <span class='ocr_line' id='line_1_84' title="bbox 2437 4223 4006 4304; baseline -0.013 -11"><span class='ocrx_word' id='word_1_674' title='bbox 2437 4238 2705 4293; x_wconf 77' lang='grc' dir='ltr'>Ἰουδαίων</span> <span class='ocrx_word' id='word_1_675' title='bbox 2740 4236 3034 4303; x_wconf 82' lang='grc' dir='ltr'>συναγωγὴ</span> <span class='ocrx_word' id='word_1_676' title='bbox 3066 4234 3160 4287; x_wconf 64' lang='grc' dir='ltr'><strong>καλ⁸</strong></span> <span class='ocrx_word' id='word_1_677' title='bbox 3192 4230 3463 4304; x_wconf 73' lang='grc' dir='ltr'>ἱερωσύνη</span> <span class='ocrx_word' id='word_1_678' title='bbox 3497 4226 3894 4287; x_wconf 83' lang='grc' dir='ltr'>παλαιωθεῖσα,</span> <span class='ocrx_word' id='word_1_679' title='bbox 3917 4223 4006 4277; x_wconf 65' lang='grc' dir='ltr'>καὶ</span> 
     </span>
    </p>
   </div>
   <div class='ocr_carea' id='block_1_85' title="bbox 2426 4316 4006 4398">
    <p class='ocr_par' dir='ltr' id='par_1_85' title="bbox 2426 4316 4006 4398">
     <span class='ocr_line' id='line_1_85' title="bbox 2426 4316 4006 4398; baseline -0.01 -16"><span class='ocrx_word' id='word_1_680' title='bbox 2426 4332 2673 4398; x_wconf 73' lang='grc' dir='ltr'>ἄκαρπος</span> <span class='ocrx_word' id='word_1_681' title='bbox 2710 4328 2805 4381; x_wconf 75' lang='grc' dir='ltr'>καὶ</span> <span class='ocrx_word' id='word_1_682' title='bbox 2835 4328 3062 4389; x_wconf 80' lang='grc' dir='ltr'>ἄπιστος</span> <span class='ocrx_word' id='word_1_683' title='bbox 3090 4324 3183 4377; x_wconf 70' lang='grc' dir='ltr'>καὶ</span> <span class='ocrx_word' id='word_1_684' title='bbox 3216 4324 3496 4393; x_wconf 73' lang='grc' dir='ltr'>παρήκοος</span> <span class='ocrx_word' id='word_1_685' title='bbox 3542 4317 3835 4388; x_wconf 82' lang='grc' dir='ltr'>γενομένη,</span> <span class='ocrx_word' id='word_1_686' title='bbox 3865 4316 4006 4383; x_wconf 82' lang='grc' dir='ltr'>ὅμως</span> 
     </span>
    </p>
   </div>
   <div class='ocr_carea' id='block_1_86' title="bbox 2428 4406 4001 4487">
    <p class='ocr_par' dir='ltr' id='par_1_86' title="bbox 2428 4406 4001 4487">
     <span class='ocr_line' id='line_1_86' title="bbox 2428 4406 4001 4487; baseline -0.01 -14"><span class='ocrx_word' id='word_1_687' title='bbox 2428 4421 2518 4473; x_wconf 78' lang='grc' dir='ltr'>τὸν</span> <span class='ocrx_word' id='word_1_688' title='bbox 2566 4422 2738 4487; x_wconf 78' lang='grc' dir='ltr'>Λόγον</span> <span class='ocrx_word' id='word_1_689' title='bbox 2768 4418 2863 4471; x_wconf 82' lang='grc' dir='ltr'><strong>τοῦ</strong></span> <span class='ocrx_word' id='word_1_690' title='bbox 2899 4416 3056 4482; x_wconf 90' lang='grc' dir='ltr'>Θεοῦ,</span> <span class='ocrx_word' id='word_1_691' title='bbox 3090 4417 3180 4470; x_wconf 73' lang='grc' dir='ltr'>τὸν</span> <span class='ocrx_word' id='word_1_692' title='bbox 3216 4415 3499 4484; x_wconf 84' lang='grc' dir='ltr'>Δεσπότην</span> <span class='ocrx_word' id='word_1_693' title='bbox 3549 4412 3657 4464; x_wconf 88' lang='grc' dir='ltr'><strong>τῶν</strong></span> <span class='ocrx_word' id='word_1_694' title='bbox 3695 4406 4001 4478; x_wconf 79' lang='grc' dir='ltr'>προφητῶν,</span> 
     </span>
    </p>
   </div>
   <div class='ocr_carea' id='block_1_87' title="bbox 750 4502 2437 4579">
    <p class='ocr_par' dir='ltr' id='par_1_87' title="bbox 750 4508 2437 4579">
     <span class='ocr_line' id='line_1_87' title="bbox 750 4508 2437 4579; baseline 0.004 -21"><span class='ocrx_word' id='word_1_695' title='bbox 750 4508 798 4569; x_wconf 86' lang='lat' dir='ltr'><strong>in</strong></span> <span class='ocrx_word' id='word_1_696' title='bbox 825 4522 1013 4559; x_wconf 71' lang='lat' dir='ltr'><strong>carne:</strong></span> <span class='ocrx_word' id='word_1_697' title='bbox 1044 4524 1148 4575; x_wconf 77' lang='lat' dir='ltr'><strong>quo</strong></span> <span class='ocrx_word' id='word_1_698' title='bbox 1192 4522 1337 4572; x_wconf 87' lang='lat' dir='ltr'><strong>nato,</strong></span> <span class='ocrx_word' id='word_1_699' title='bbox 1370 4512 1420 4563; x_wconf 79' lang='lat' dir='ltr'><strong>lii</strong></span> <span class='ocrx_word' id='word_1_700' title='bbox 1463 4513 1551 4579; x_wconf 90' lang='lat' dir='ltr'><strong>qui</strong></span> <span class='ocrx_word' id='word_1_701' title='bbox 1575 4514 1721 4579; x_wconf 87' lang='lat' dir='ltr'><strong>prius</strong></span> <span class='ocrx_word' id='word_1_702' title='bbox 1746 4514 2118 4567; x_wconf 78' lang='lat' dir='ltr'><strong>inobedientes</strong></span> <span class='ocrx_word' id='word_1_703' title='bbox 2141 4522 2315 4577; x_wconf 86' lang='lat' dir='ltr'><strong>erant,</strong></span> <span class='ocrx_word' id='word_1_704' title='bbox 2358 4515 2437 4573; x_wconf 80' lang='lat' dir='ltr'><strong>nl</strong></span> 
     </span>
    </p>
   </div>
   <div class='ocr_carea' id='block_1_88' title="bbox 2317 4502 4004 4579">
    <p class='ocr_par' dir='ltr' id='par_1_88' title="bbox 2358 4502 4004 4579">
     <span class='ocr_line' id='line_1_88' title="bbox 2358 4502 4004 4579; baseline -0.008 -14"><span class='ocrx_word' id='word_1_705' title='bbox 2358 4519 2396 4573; x_wconf 76' lang='grc' dir='ltr'><strong>ο</strong></span> <span class='ocrx_word' id='word_1_706' title='bbox 2425 4512 2609 4564; x_wconf 78' lang='grc' dir='ltr'>ἔτεκεν</span> <span class='ocrx_word' id='word_1_707' title='bbox 2642 4513 2699 4564; x_wconf 78' lang='grc' dir='ltr'>ὲν</span> <span class='ocrx_word' id='word_1_708' title='bbox 2750 4510 2950 4579; x_wconf 88' lang='grc' dir='ltr'>σαρκί·</span> <span class='ocrx_word' id='word_1_709' title='bbox 2980 4504 3039 4563; x_wconf 74' lang='grc' dir='ltr'><strong>οὗ</strong></span> <span class='ocrx_word' id='word_1_710' title='bbox 3087 4507 3390 4577; x_wconf 77' lang='grc' dir='ltr'>τεχθέντος,</span> <span class='ocrx_word' id='word_1_711' title='bbox 3424 4508 3473 4559; x_wconf 84' lang='grc' dir='ltr'><strong>οί</strong></span> <span class='ocrx_word' id='word_1_712' title='bbox 3507 4502 3700 4575; x_wconf 85' lang='grc' dir='ltr'>πρώην</span> <span class='ocrx_word' id='word_1_713' title='bbox 3748 4502 4004 4570; x_wconf 75' lang='grc' dir='ltr'>παρήκουι</span> 
     </span>
    </p>
   </div>
   <div class='ocr_carea' id='block_1_89' title="bbox 749 4599 1963 4669">
    <p class='ocr_par' dir='ltr' id='par_1_89' title="bbox 749 4599 1963 4669">
     <span class='ocr_line' id='line_1_89' title="bbox 749 4599 1963 4669; baseline 0.006 -21"><span class='ocrx_word' id='word_1_714' title='bbox 749 4600 809 4649; x_wconf 81' lang='lat' dir='ltr'><strong>ad</strong></span> <span class='ocrx_word' id='word_1_715' title='bbox 857 4599 1012 4651; x_wconf 76' lang='grc' dir='ltr'>ΙΙιΙιιιη</span> <span class='ocrx_word' id='word_1_716' title='bbox 1050 4613 1101 4653; x_wconf 89' lang='lat' dir='ltr'><strong>et</strong></span> <span class='ocrx_word' id='word_1_717' title='bbox 1137 4602 1531 4655; x_wconf 82' lang='lat' dir='ltr'><strong>confessionem</strong></span> <span class='ocrx_word' id='word_1_718' title='bbox 1580 4614 1963 4669; x_wconf 84' lang='lat' dir='ltr'><strong>pervenerunt.</strong></span> 
     </span>
    </p>
   </div>
   <div class='ocr_carea' id='block_1_90' title="bbox 822 4691 2324 4765">
    <p class='ocr_par' dir='ltr' id='par_1_90' title="bbox 822 4691 2324 4765">
     <span class='ocr_line' id='line_1_90' title="bbox 822 4691 2324 4765; baseline 0.005 -22"><span class='ocrx_word' id='word_1_719' title='bbox 822 4691 979 4746; x_wconf 74' lang='lat' dir='ltr'><strong>Vens.</strong></span> <span class='ocrx_word' id='word_1_720' title='bbox 1014 4693 1200 4745; x_wconf 68' lang='lat' dir='ltr'><strong>Sil-‘25.</strong></span> <span class='ocrx_word' id='word_1_721' title='bbox 1244 4714 1260 4744; x_wconf 85' lang='grc' dir='ltr'><strong>ι</strong></span> <span class='ocrx_word' id='word_1_722' title='bbox 1294 4694 1356 4747; x_wconf 85' lang='grc' dir='ltr'><strong>Ει</strong></span> <span class='ocrx_word' id='word_1_723' title='bbox 1381 4706 1495 4749; x_wconf 85' lang='lat' dir='ltr'><strong>erat</strong></span> <span class='ocrx_word' id='word_1_724' title='bbox 1522 4698 1747 4765; x_wconf 86' lang='lat' dir='ltr'><strong>populus</strong></span> <span class='ocrx_word' id='word_1_725' title='bbox 1772 4707 2091 4763; x_wconf 76' lang='lat' dir='ltr'><strong>exspectans</strong></span> <span class='ocrx_word' id='word_1_726' title='bbox 2118 4698 2324 4753; x_wconf 81' lang='lat' dir='ltr'><strong>Zacha-</strong></span> 
     </span>
    </p>
   </div>
   <div class='ocr_carea' id='block_1_91' title="bbox 748 4788 2321 4860">
    <p class='ocr_par' dir='ltr' id='par_1_91' title="bbox 748 4788 2321 4860">
     <span class='ocr_line' id='line_1_91' title="bbox 748 4788 2321 4860; baseline 0.005 -23"><span class='ocrx_word' id='word_1_727' title='bbox 748 4789 903 4849; x_wconf 77' lang='lat' dir='ltr'><strong>riam,</strong></span> <span class='ocrx_word' id='word_1_728' title='bbox 957 4796 1011 4839; x_wconf 90' lang='lat' dir='ltr'><strong>et</strong></span> <span class='ocrx_word' id='word_1_729' title='bbox 1061 4788 1395 4840; x_wconf 86' lang='lat' dir='ltr'><strong>mirabantur</strong></span> <span class='ocrx_word' id='word_1_730' title='bbox 1443 4791 1582 4856; x_wconf 83' lang='lat' dir='ltr'><strong>quod</strong></span> <span class='ocrx_word' id='word_1_731' title='bbox 1640 4798 1948 4843; x_wconf 84' lang='lat' dir='ltr'><strong>moraretur</strong></span> <span class='ocrx_word' id='word_1_732' title='bbox 2000 4790 2050 4843; x_wconf 90' lang='lat' dir='ltr'><strong>in</strong></span> <span class='ocrx_word' id='word_1_733' title='bbox 2107 4793 2321 4860; x_wconf 79' lang='lat' dir='ltr'><strong>templo.</strong></span> 
     </span>
    </p>
   </div>
   <div class='ocr_carea' id='block_1_92' title="bbox 748 4880 2327 4953">
    <p class='ocr_par' dir='ltr' id='par_1_92' title="bbox 748 4880 2327 4953">
     <span class='ocr_line' id='line_1_92' title="bbox 748 4880 2327 4953; baseline 0.003 -20"><span class='ocrx_word' id='word_1_734' title='bbox 748 4880 1008 4949; x_wconf 83' lang='lat' dir='ltr'><strong>Egressus</strong></span> <span class='ocrx_word' id='word_1_735' title='bbox 1057 4890 1231 4932; x_wconf 79' lang='lat' dir='ltr'><strong>autem</strong></span> <span class='ocrx_word' id='word_1_736' title='bbox 1274 4894 1377 4933; x_wconf 94' lang='lat' dir='ltr'><strong>non</strong></span> <span class='ocrx_word' id='word_1_737' title='bbox 1416 4888 1627 4949; x_wconf 85' lang='lat' dir='ltr'><strong>poterat</strong></span> <span class='ocrx_word' id='word_1_738' title='bbox 1670 4881 1813 4949; x_wconf 89' lang='lat' dir='ltr'><strong>loqui</strong></span> <span class='ocrx_word' id='word_1_739' title='bbox 1854 4882 1979 4934; x_wconf 79' lang='lat' dir='ltr'><strong>illis.</strong></span> <span class='ocrx_word' id='word_1_740' title='bbox 2020 4882 2081 4935; x_wconf 87' lang='lat' dir='ltr'><strong>Et</strong></span> <span class='ocrx_word' id='word_1_741' title='bbox 2129 4900 2327 4953; x_wconf 84' lang='lat' dir='ltr'><strong>cogno-</strong></span> 
     </span>
    </p>
   </div>
   <div class='ocr_carea' id='block_1_93' title="bbox 746 4971 2327 5043">
    <p class='ocr_par' dir='ltr' id='par_1_93' title="bbox 746 4971 2327 5043">
     <span class='ocr_line' id='line_1_93' title="bbox 746 4971 2327 5043; baseline 0.004 -20"><span class='ocrx_word' id='word_1_742' title='bbox 746 4981 939 5026; x_wconf 81' lang='lat' dir='ltr'><strong>verunt</strong></span> <span class='ocrx_word' id='word_1_743' title='bbox 972 4972 1113 5039; x_wconf 87' lang='lat' dir='ltr'><strong>quod</strong></span> <span class='ocrx_word' id='word_1_744' title='bbox 1177 4973 1433 5025; x_wconf 87' lang='lat' dir='ltr'><strong>visionem</strong></span> <span class='ocrx_word' id='word_1_745' title='bbox 1481 4974 1702 5026; x_wconf 86' lang='lat' dir='ltr'><strong>vidisset</strong></span> <span class='ocrx_word' id='word_1_746' title='bbox 1754 4973 1804 5025; x_wconf 92' lang='lat' dir='ltr'><strong>in</strong></span> <span class='ocrx_word' id='word_1_747' title='bbox 1855 4973 2075 5040; x_wconf 84' lang='lat' dir='ltr'><strong>templo.</strong></span> <span class='ocrx_word' id='word_1_748' title='bbox 2110 4971 2172 5025; x_wconf 83' lang='lat' dir='ltr'><strong>Et</strong></span> <span class='ocrx_word' id='word_1_749' title='bbox 2216 4974 2327 5043; x_wconf 67' lang='lat' dir='ltr'><strong>ipse</strong></span> 
     </span>
    </p>
   </div>
   <div class='ocr_carea' id='block_1_94' title="bbox 750 5064 2329 5137">
    <p class='ocr_par' dir='ltr' id='par_1_94' title="bbox 750 5064 2329 5137">
     <span class='ocr_line' id='line_1_94' title="bbox 750 5064 2329 5137; baseline 0.001 -20"><span class='ocrx_word' id='word_1_750' title='bbox 750 5064 1006 5117; x_wconf 81' lang='lat' dir='ltr'><strong>innuebat</strong></span> <span class='ocrx_word' id='word_1_751' title='bbox 1056 5064 1179 5128; x_wconf 69' lang='lat' dir='ltr'><strong>illis,</strong></span> <span class='ocrx_word' id='word_1_752' title='bbox 1210 5068 1611 5137; x_wconf 75' lang='lat' dir='ltr'><strong>permansitque</strong></span> <span class='ocrx_word' id='word_1_753' title='bbox 1648 5075 1853 5119; x_wconf 85' lang='lat' dir='ltr'><strong>lillllUS.</strong></span> <span class='ocrx_word' id='word_1_754' title='bbox 1903 5064 1968 5120; x_wconf 82' lang='lat' dir='ltr'><strong>Et</strong></span> <span class='ocrx_word' id='word_1_755' title='bbox 2023 5067 2238 5132; x_wconf 84' lang='lat' dir='ltr'><strong>accidit,</strong></span> <span class='ocrx_word' id='word_1_756' title='bbox 2274 5076 2329 5120; x_wconf 90' lang='lat' dir='ltr'><strong>ut</strong></span> 
     </span>
    </p>
   </div>
   <div class='ocr_carea' id='block_1_95' title="bbox 749 5156 2319 5227">
    <p class='ocr_par' dir='ltr' id='par_1_95' title="bbox 749 5156 2319 5227">
     <span class='ocr_line' id='line_1_95' title="bbox 749 5156 2319 5227; baseline 0.001 -17"><span class='ocrx_word' id='word_1_757' title='bbox 749 5156 952 5226; x_wconf 79' lang='lat' dir='ltr'><strong>impleti</strong></span> <span class='ocrx_word' id='word_1_758' title='bbox 974 5167 1098 5211; x_wconf 89' lang='lat' dir='ltr'><strong>sunt</strong></span> <span class='ocrx_word' id='word_1_759' title='bbox 1123 5160 1237 5211; x_wconf 87' lang='lat' dir='ltr'><strong>dies</strong></span> <span class='ocrx_word' id='word_1_760' title='bbox 1265 5158 1421 5213; x_wconf 83' lang='lat' dir='ltr'><strong>ollicii</strong></span> <span class='ocrx_word' id='word_1_761' title='bbox 1443 5159 1579 5227; x_wconf 84' lang='lat' dir='ltr'><strong>ejus,</strong></span> <span class='ocrx_word' id='word_1_762' title='bbox 1612 5158 1744 5211; x_wconf 87' lang='lat' dir='ltr'><strong>abiit</strong></span> <span class='ocrx_word' id='word_1_763' title='bbox 1766 5160 1815 5212; x_wconf 90' lang='lat' dir='ltr'><strong>in</strong></span> <span class='ocrx_word' id='word_1_764' title='bbox 1842 5160 2060 5213; x_wconf 90' lang='lat' dir='ltr'><strong>domum</strong></span> <span class='ocrx_word' id='word_1_765' title='bbox 2092 5175 2267 5214; x_wconf 85' lang='lat' dir='ltr'><strong>suam.</strong></span> <span class='ocrx_word' id='word_1_766' title='bbox 2303 5179 2319 5211; x_wconf 78' lang='grc' dir='ltr'><strong>ι</strong></span> 
     </span>
    </p>
   </div>
   <div class='ocr_carea' id='block_1_96' title="bbox 752 5250 2329 5321">
    <p class='ocr_par' dir='ltr' id='par_1_96' title="bbox 752 5250 2329 5321">
     <span class='ocr_line' id='line_1_96' title="bbox 752 5250 2329 5321; baseline 0.001 -18"><span class='ocrx_word' id='word_1_767' title='bbox 752 5250 913 5305; x_wconf 81' lang='lat' dir='ltr'><strong>Vides</strong></span> <span class='ocrx_word' id='word_1_768' title='bbox 950 5254 1219 5321; x_wconf 88' lang='lat' dir='ltr'><strong>quomodo</strong></span> <span class='ocrx_word' id='word_1_769' title='bbox 1242 5251 1410 5305; x_wconf 76' lang='lat' dir='ltr'><strong>Jud.t-i</strong></span> <span class='ocrx_word' id='word_1_770' title='bbox 1445 5253 1901 5320; x_wconf 63' lang='lat' dir='ltr'><strong>exsliectabantel</strong></span> <span class='ocrx_word' id='word_1_771' title='bbox 1936 5254 2329 5318; x_wconf 84' lang='lat' dir='ltr'><strong>permanebant</strong></span> 
     </span>
    </p>
   </div>
   <div class='ocr_carea' id='block_1_97' title="bbox 750 5344 2325 5408">
    <p class='ocr_par' dir='ltr' id='par_1_97' title="bbox 750 5344 2325 5408">
     <span class='ocr_line' id='line_1_97' title="bbox 750 5344 2325 5408; baseline -0.001 -11"><span class='ocrx_word' id='word_1_772' title='bbox 750 5346 920 5397; x_wconf 87' lang='lat' dir='ltr'><strong>donec</strong></span> <span class='ocrx_word' id='word_1_773' title='bbox 948 5346 1118 5397; x_wconf 86' lang='lat' dir='ltr'><strong>exiret</strong></span> <span class='ocrx_word' id='word_1_774' title='bbox 1150 5360 1395 5399; x_wconf 83' lang='lat' dir='ltr'><strong>5tnnmus</strong></span> <span class='ocrx_word' id='word_1_775' title='bbox 1434 5345 1725 5399; x_wconf 75' lang='lat' dir='ltr'><strong>sacerdos?</strong></span> <span class='ocrx_word' id='word_1_776' title='bbox 1755 5346 1820 5399; x_wconf 78' lang='lat' dir='ltr'><strong>At</strong></span> <span class='ocrx_word' id='word_1_777' title='bbox 1864 5362 1959 5400; x_wconf 83' lang='lat' dir='ltr'><strong>nos</strong></span> <span class='ocrx_word' id='word_1_778' title='bbox 2002 5344 2325 5408; x_wconf 76' lang='lat' dir='ltr'><strong>Christiani,</strong></span> 
     </span>
    </p>
   </div>
   <div class='ocr_carea' id='block_1_98' title="bbox 751 5436 2329 5506">
    <p class='ocr_par' dir='ltr' id='par_1_98' title="bbox 751 5436 2329 5506">
     <span class='ocr_line' id='line_1_98' title="bbox 751 5436 2329 5506; baseline 0.001 -17"><span class='ocrx_word' id='word_1_779' title='bbox 751 5438 852 5489; x_wconf 85' lang='lat' dir='ltr'><strong>nisi</strong></span> <span class='ocrx_word' id='word_1_780' title='bbox 883 5452 1007 5489; x_wconf 77' lang='lat' dir='ltr'><strong>mox</strong></span> <span class='ocrx_word' id='word_1_781' title='bbox 1064 5446 1120 5487; x_wconf 88' lang='lat' dir='ltr'><strong>ut</strong></span> <span class='ocrx_word' id='word_1_782' title='bbox 1167 5438 1392 5505; x_wconf 77' lang='lat' dir='ltr'><strong>ingressi</strong></span> <span class='ocrx_word' id='word_1_783' title='bbox 1448 5436 1710 5490; x_wconf 80' lang='lat' dir='ltr'><strong>fuerimus</strong></span> <span class='ocrx_word' id='word_1_784' title='bbox 1760 5439 1811 5489; x_wconf 86' lang='lat' dir='ltr'><strong>in</strong></span> <span class='ocrx_word' id='word_1_785' title='bbox 1836 5437 2329 5506; x_wconf 83' lang='lat' dir='ltr'><strong>templum,stalim</strong></span> 
     </span>
    </p>
   </div>
   <div class='ocr_carea' id='block_1_99' title="bbox 752 5530 2332 5601">
    <p class='ocr_par' dir='ltr' id='par_1_99' title="bbox 752 5530 2332 5601">
     <span class='ocr_line' id='line_1_99' title="bbox 752 5530 2332 5601; baseline 0.003 -22"><span class='ocrx_word' id='word_1_786' title='bbox 752 5530 1509 5595; x_wconf 63' lang='lat' dir='ltr'><strong>o-grediamur,existimamus</strong></span> <span class='ocrx_word' id='word_1_787' title='bbox 1537 5532 1677 5583; x_wconf 82' lang='lat' dir='ltr'><strong>male</strong></span> <span class='ocrx_word' id='word_1_788' title='bbox 1699 5532 1977 5585; x_wconf 80' lang='lat' dir='ltr'><strong>nobiseum</strong></span> <span class='ocrx_word' id='word_1_789' title='bbox 2005 5534 2110 5601; x_wconf 80' lang='lat' dir='ltr'><strong>agi.</strong></span> <span class='ocrx_word' id='word_1_790' title='bbox 2138 5532 2332 5584; x_wconf 83' lang='lat' dir='ltr'><strong>lunue-</strong></span> 
     </span>
    </p>
   </div>
   <div class='ocr_carea' id='block_1_100' title="bbox 755 5622 2330 5694">
    <p class='ocr_par' dir='ltr' id='par_1_100' title="bbox 755 5622 2330 5694">
     <span class='ocr_line' id='line_1_100' title="bbox 755 5622 2330 5694; baseline 0.003 -22"><span class='ocrx_word' id='word_1_791' title='bbox 755 5624 843 5673; x_wconf 63' lang='lat' dir='ltr'><strong>bat</strong></span> <span class='ocrx_word' id='word_1_792' title='bbox 875 5632 1052 5674; x_wconf 84' lang='lat' dir='ltr'><strong>autem</strong></span> <span class='ocrx_word' id='word_1_793' title='bbox 1092 5624 1288 5691; x_wconf 83' lang='lat' dir='ltr'><strong>p0pulo</strong></span> <span class='ocrx_word' id='word_1_794' title='bbox 1319 5622 1634 5687; x_wconf 69' lang='lat' dir='ltr'><strong>Zacharias,</strong></span> <span class='ocrx_word' id='word_1_795' title='bbox 1702 5623 1838 5678; x_wconf 80' lang='lat' dir='ltr'><strong>forte</strong></span> <span class='ocrx_word' id='word_1_796' title='bbox 1893 5627 2099 5694; x_wconf 83' lang='lat' dir='ltr'><strong>roganti</strong></span> <span class='ocrx_word' id='word_1_797' title='bbox 2130 5624 2330 5680; x_wconf 72' lang='lat' dir='ltr'><strong>silentii</strong></span> 
     </span>
    </p>
   </div>
   <div class='ocr_carea' id='block_1_101' title="bbox 753 5718 2331 5785">
    <p class='ocr_par' dir='ltr' id='par_1_101' title="bbox 753 5718 2331 5785">
     <span class='ocr_line' id='line_1_101' title="bbox 753 5718 2331 5785; baseline 0.004 -21"><span class='ocrx_word' id='word_1_798' title='bbox 753 5727 970 5765; x_wconf 74' lang='lat' dir='ltr'><strong>musam</strong></span> <span class='ocrx_word' id='word_1_799' title='bbox 1002 5732 1013 5765; x_wconf 89' lang='lat'><strong>:</strong></span> <span class='ocrx_word' id='word_1_800' title='bbox 1054 5718 1176 5784; x_wconf 83' lang='lat' dir='ltr'><strong>quia</strong></span> <span class='ocrx_word' id='word_1_801' title='bbox 1231 5718 1373 5769; x_wconf 87' lang='lat' dir='ltr'><strong>enim</strong></span> <span class='ocrx_word' id='word_1_802' title='bbox 1412 5718 1549 5785; x_wconf 86' lang='lat' dir='ltr'><strong>loqui</strong></span> <span class='ocrx_word' id='word_1_803' title='bbox 1584 5734 1689 5772; x_wconf 90' lang='lat' dir='ltr'><strong>non</strong></span> <span class='ocrx_word' id='word_1_804' title='bbox 1731 5726 1959 5785; x_wconf 71' lang='lat' dir='ltr'><strong>poli-rat,</strong></span> <span class='ocrx_word' id='word_1_805' title='bbox 2008 5734 2102 5785; x_wconf 83' lang='lat' dir='ltr'><strong>per</strong></span> <span class='ocrx_word' id='word_1_806' title='bbox 2140 5730 2331 5771; x_wconf 82' lang='lat' dir='ltr'><strong>nutum</strong></span> 
     </span>
    </p>
   </div>
   <div class='ocr_carea' id='block_1_102' title="bbox 758 5807 2332 5882">
    <p class='ocr_par' dir='ltr' id='par_1_102' title="bbox 758 5807 2332 5882">
     <span class='ocr_line' id='line_1_102' title="bbox 758 5807 2332 5882; baseline 0.005 -23"><span class='ocrx_word' id='word_1_807' title='bbox 758 5807 1117 5875; x_wconf 58' lang='lat' dir='ltr'><strong>signiiitabat.</strong></span> <span class='ocrx_word' id='word_1_808' title='bbox 1160 5810 1289 5867; x_wconf 73' lang='lat' dir='ltr'><strong>Vide</strong></span> <span class='ocrx_word' id='word_1_809' title='bbox 1335 5812 1459 5866; x_wconf 82' lang='lat' dir='ltr'><strong>item</strong></span> <span class='ocrx_word' id='word_1_810' title='bbox 1507 5814 1644 5882; x_wconf 83' lang='lat' dir='ltr'><strong>quod</strong></span> <span class='ocrx_word' id='word_1_811' title='bbox 1681 5830 1784 5869; x_wconf 88' lang='lat' dir='ltr'><strong>nou</strong></span> <span class='ocrx_word' id='word_1_812' title='bbox 1836 5813 1963 5869; x_wconf 82' lang='lat' dir='ltr'><strong>abiit</strong></span> <span class='ocrx_word' id='word_1_813' title='bbox 2022 5816 2071 5867; x_wconf 89' lang='lat' dir='ltr'><strong>in</strong></span> <span class='ocrx_word' id='word_1_814' title='bbox 2114 5818 2332 5868; x_wconf 86' lang='lat' dir='ltr'><strong>domum</strong></span> 
     </span>
    </p>
   </div>
   <div class='ocr_carea' id='block_1_103' title="bbox 2428 4599 3543 4669">
    <p class='ocr_par' dir='ltr' id='par_1_103' title="bbox 2428 4599 3543 4669">
     <span class='ocr_line' id='line_1_103' title="bbox 2428 4599 3543 4669; baseline -0.006 -13"><span class='ocrx_word' id='word_1_815' title='bbox 2428 4606 2507 4667; x_wconf 88' lang='grc' dir='ltr'><strong>είς</strong></span> <span class='ocrx_word' id='word_1_816' title='bbox 2532 4604 2714 4655; x_wconf 81' lang='grc' dir='ltr'>πίστιν</span> <span class='ocrx_word' id='word_1_817' title='bbox 2752 4605 2845 4655; x_wconf 77' lang='grc' dir='ltr'><strong>καὶ</strong></span> <span class='ocrx_word' id='word_1_818' title='bbox 2877 4602 3147 4669; x_wconf 71' lang='grc' dir='ltr'>εὐφωνίαν</span> <span class='ocrx_word' id='word_1_819' title='bbox 3186 4599 3543 4669; x_wconf 80' lang='grc' dir='ltr'>μετήλθοσαν.</span> 
     </span>
    </p>
   </div>
   <div class='ocr_carea' id='block_1_104' title="bbox 2508 4688 4003 4766">
    <p class='ocr_par' dir='ltr' id='par_1_104' title="bbox 2508 4688 4003 4766">
     <span class='ocr_line' id='line_1_104' title="bbox 2508 4688 4003 4766; baseline -0.008 -17"><span class='ocrx_word' id='word_1_820' title='bbox 2508 4719 2523 4749; x_wconf 87' lang='grc' dir='ltr'><strong>ι</strong></span> <span class='ocrx_word' id='word_1_821' title='bbox 2563 4696 2675 4752; x_wconf 69' lang='grc' dir='ltr'><strong>Καὶ</strong></span> <span class='ocrx_word' id='word_1_822' title='bbox 2699 4693 2765 4766; x_wconf 83' lang='grc' dir='ltr'>ἦν</span> <span class='ocrx_word' id='word_1_823' title='bbox 2812 4698 2839 4747; x_wconf 89' lang='lat'><strong>6</strong></span> <span class='ocrx_word' id='word_1_824' title='bbox 2879 4695 3008 4757; x_wconf 85' lang='grc' dir='ltr'>λαὸς</span> <span class='ocrx_word' id='word_1_825' title='bbox 3059 4694 3378 4763; x_wconf 84' lang='grc' dir='ltr'>προσδοκῶν</span> <span class='ocrx_word' id='word_1_826' title='bbox 3429 4692 3521 4743; x_wconf 83' lang='grc' dir='ltr'>τὸν</span> <span class='ocrx_word' id='word_1_827' title='bbox 3569 4688 3871 4759; x_wconf 74' lang='grc' dir='ltr'>Ζαχαρίαν,</span> <span class='ocrx_word' id='word_1_828' title='bbox 3920 4688 4003 4741; x_wconf 80' lang='grc' dir='ltr'>καὶ</span> 
     </span>
    </p>
   </div>
   <div class='ocr_carea' id='block_1_105' title="bbox 2431 4780 4006 4861">
    <p class='ocr_par' dir='ltr' id='par_1_105' title="bbox 2431 4780 4006 4861">
     <span class='ocr_line' id='line_1_105' title="bbox 2431 4780 4006 4861; baseline -0.006 -18"><span class='ocrx_word' id='word_1_829' title='bbox 2431 4789 2740 4861; x_wconf 75' lang='grc' dir='ltr'>ἐθαύμαζον</span> <span class='ocrx_word' id='word_1_830' title='bbox 2770 4790 2827 4841; x_wconf 79' lang='grc' dir='ltr'>ἐν</span> <span class='ocrx_word' id='word_1_831' title='bbox 2857 4786 2933 4855; x_wconf 84' lang='grc' dir='ltr'>τῷ</span> <span class='ocrx_word' id='word_1_832' title='bbox 2959 4785 3229 4857; x_wconf 80' lang='grc' dir='ltr'>χρονίζειν</span> <span class='ocrx_word' id='word_1_833' title='bbox 3264 4784 3427 4837; x_wconf 78' lang='grc' dir='ltr'>αὐτὸν</span> <span class='ocrx_word' id='word_1_834' title='bbox 3468 4786 3526 4835; x_wconf 80' lang='grc' dir='ltr'>ὲν</span> <span class='ocrx_word' id='word_1_835' title='bbox 3560 4782 3636 4852; x_wconf 78' lang='grc' dir='ltr'>τῷ</span> <span class='ocrx_word' id='word_1_836' title='bbox 3686 4781 3802 4851; x_wconf 84' lang='grc' dir='ltr'><strong>ναῷ</strong></span> <span class='ocrx_word' id='word_1_837' title='bbox 3827 4797 3840 4810; x_wconf 91' lang='grc'>·</span> <span class='ocrx_word' id='word_1_838' title='bbox 3875 4780 4006 4847; x_wconf 70' lang='grc' dir='ltr'>εξελ-</span> 
     </span>
    </p>
   </div>
   <div class='ocr_carea' id='block_1_106' title="bbox 2432 4875 4001 4953">
    <p class='ocr_par' dir='ltr' id='par_1_106' title="bbox 2432 4875 4001 4953">
     <span class='ocr_line' id='line_1_106' title="bbox 2432 4875 4001 4953; baseline -0.006 -17"><span class='ocrx_word' id='word_1_839' title='bbox 2432 4884 2541 4936; x_wconf 84' lang='grc' dir='ltr'>θὼν</span> <span class='ocrx_word' id='word_1_840' title='bbox 2573 4884 2628 4937; x_wconf 84' lang='grc' dir='ltr'>δὲ</span> <span class='ocrx_word' id='word_1_841' title='bbox 2659 4883 2757 4935; x_wconf 83' lang='grc' dir='ltr'>οὐκ</span> <span class='ocrx_word' id='word_1_842' title='bbox 2790 4880 3020 4953; x_wconf 55' lang='grc' dir='ltr'><strong>⁴Ιπδύνατο</strong></span> <span class='ocrx_word' id='word_1_843' title='bbox 3046 4879 3279 4947; x_wconf 83' lang='grc' dir='ltr'>λαλῆσαι</span> <span class='ocrx_word' id='word_1_844' title='bbox 3317 4878 3534 4941; x_wconf 80' lang='grc' dir='ltr'>αὐτοῖς·</span> <span class='ocrx_word' id='word_1_845' title='bbox 3570 4875 3665 4928; x_wconf 73' lang='grc' dir='ltr'>καὶ</span> <span class='ocrx_word' id='word_1_846' title='bbox 3691 4876 4001 4942; x_wconf 68' lang='grc' dir='ltr'>ἐπέγνωσαν</span> 
     </span>
    </p>
   </div>
   <div class='ocr_carea' id='block_1_107' title="bbox 2430 4964 4002 5044">
    <p class='ocr_par' dir='ltr' id='par_1_107' title="bbox 2430 4964 4002 5044">
     <span class='ocr_line' id='line_1_107' title="bbox 2430 4964 4002 5044; baseline -0.005 -15"><span class='ocrx_word' id='word_1_847' title='bbox 2430 4978 2509 5029; x_wconf 81' lang='grc' dir='ltr'>ὅτι</span> <span class='ocrx_word' id='word_1_848' title='bbox 2536 4976 2801 5029; x_wconf 72' lang='grc' dir='ltr'>ὀπτασίαν</span> <span class='ocrx_word' id='word_1_849' title='bbox 2829 4974 3075 5044; x_wconf 81' lang='grc' dir='ltr'>ἑώρακεν</span> <span class='ocrx_word' id='word_1_850' title='bbox 3106 4974 3162 5025; x_wconf 82' lang='grc' dir='ltr'>ἐν</span> <span class='ocrx_word' id='word_1_851' title='bbox 3196 4972 3274 5040; x_wconf 81' lang='grc' dir='ltr'>τῷ</span> <span class='ocrx_word' id='word_1_852' title='bbox 3311 4970 3445 5040; x_wconf 83' lang='grc' dir='ltr'>ναῷ.</span> <span class='ocrx_word' id='word_1_853' title='bbox 3475 4971 3583 5022; x_wconf 77' lang='grc' dir='ltr'><strong>Καὶ</strong></span> <span class='ocrx_word' id='word_1_854' title='bbox 3622 4968 3789 5031; x_wconf 84' lang='grc' dir='ltr'>αὐτὸς</span> <span class='ocrx_word' id='word_1_855' title='bbox 3811 4964 3878 5039; x_wconf 75' lang='grc' dir='ltr'>ἦν</span> <span class='ocrx_word' id='word_1_856' title='bbox 3899 4967 4002 5021; x_wconf 87' lang='grc' dir='ltr'>δια-</span> 
     </span>
    </p>
   </div>
   <div class='ocr_carea' id='block_1_108' title="bbox 2432 5061 4001 5137">
    <p class='ocr_par' dir='ltr' id='par_1_108' title="bbox 2432 5061 4001 5137">
     <span class='ocr_line' id='line_1_108' title="bbox 2432 5061 4001 5137; baseline -0.006 -14"><span class='ocrx_word' id='word_1_857' title='bbox 2432 5071 2603 5123; x_wconf 83' lang='grc' dir='ltr'>νεύων</span> <span class='ocrx_word' id='word_1_858' title='bbox 2637 5071 2842 5131; x_wconf 77' lang='grc' dir='ltr'>αὑτοῖς,</span> <span class='ocrx_word' id='word_1_859' title='bbox 2882 5069 2973 5122; x_wconf 74' lang='grc' dir='ltr'>καὶ</span> <span class='ocrx_word' id='word_1_860' title='bbox 3026 5067 3241 5137; x_wconf 81' lang='grc' dir='ltr'>διέμενε</span> <span class='ocrx_word' id='word_1_861' title='bbox 3279 5066 3482 5133; x_wconf 74' lang='grc' dir='ltr'>κωφός.</span> <span class='ocrx_word' id='word_1_862' title='bbox 3520 5062 3631 5116; x_wconf 73' lang='grc' dir='ltr'><strong>Καὶ</strong></span> <span class='ocrx_word' id='word_1_863' title='bbox 3664 5061 3905 5130; x_wconf 74' lang='grc' dir='ltr'>ἐγένετο,</span> <span class='ocrx_word' id='word_1_864' title='bbox 3935 5061 4001 5124; x_wconf 85' lang='grc' dir='ltr'><strong>ὡς</strong></span> 
     </span>
    </p>
   </div>
   <div class='ocr_carea' id='block_1_109' title="bbox 2434 5153 4000 5233">
    <p class='ocr_par' dir='ltr' id='par_1_109' title="bbox 2434 5153 4000 5233">
     <span class='ocr_line' id='line_1_109' title="bbox 2434 5153 4000 5233; baseline -0.007 -18"><span class='ocrx_word' id='word_1_865' title='bbox 2434 5162 2783 5233; x_wconf 81' lang='grc' dir='ltr'>ἐπλήσθησαν</span> <span class='ocrx_word' id='word_1_866' title='bbox 2803 5163 2855 5214; x_wconf 81' lang='grc' dir='ltr'>αἱ</span> <span class='ocrx_word' id='word_1_867' title='bbox 2880 5160 3084 5231; x_wconf 72' lang='grc' dir='ltr'>ἡμέραι</span> <span class='ocrx_word' id='word_1_868' title='bbox 3118 5157 3216 5228; x_wconf 78' lang='grc' dir='ltr'>τῆς</span> <span class='ocrx_word' id='word_1_869' title='bbox 3234 5156 3578 5225; x_wconf 80' lang='grc' dir='ltr'>λειτουργίας</span> <span class='ocrx_word' id='word_1_870' title='bbox 3607 5153 3801 5219; x_wconf 81' lang='grc' dir='ltr'>αὐτοῦ,</span> <span class='ocrx_word' id='word_1_871' title='bbox 3838 5153 4000 5224; x_wconf 81' lang='grc' dir='ltr'>ἀπῆλ-</span> 
     </span>
    </p>
   </div>
   <div class='ocr_carea' id='block_1_110' title="bbox 2436 5245 3998 5321">
    <p class='ocr_par' dir='ltr' id='par_1_110' title="bbox 2436 5245 3998 5321">
     <span class='ocr_line' id='line_1_110' title="bbox 2436 5245 3998 5321; baseline -0.004 -14"><span class='ocrx_word' id='word_1_872' title='bbox 2436 5255 2525 5308; x_wconf 82' lang='grc' dir='ltr'><strong>θεν</strong></span> <span class='ocrx_word' id='word_1_873' title='bbox 2558 5256 2636 5317; x_wconf 86' lang='grc' dir='ltr'><strong>εἰς</strong></span> <span class='ocrx_word' id='word_1_874' title='bbox 2662 5255 2751 5307; x_wconf 85' lang='grc' dir='ltr'>τὸν</span> <span class='ocrx_word' id='word_1_875' title='bbox 2775 5249 2921 5307; x_wconf 81' lang='grc' dir='ltr'>οἷκον</span> <span class='ocrx_word' id='word_1_876' title='bbox 2946 5251 3165 5306; x_wconf 78' lang='grc' dir='ltr'>αὐτοῦ.»</span> <span class='ocrx_word' id='word_1_877' title='bbox 3213 5250 3379 5321; x_wconf 76' lang='grc' dir='ltr'>ὐρᾷς</span> <span class='ocrx_word' id='word_1_878' title='bbox 3413 5248 3529 5311; x_wconf 87' lang='grc' dir='ltr'><strong>πῶς</strong></span> <span class='ocrx_word' id='word_1_879' title='bbox 3559 5248 3609 5299; x_wconf 86' lang='grc' dir='ltr'><strong>οί</strong></span> <span class='ocrx_word' id='word_1_880' title='bbox 3640 5247 3739 5316; x_wconf 87' lang='grc' dir='ltr'>μὲν</span> <span class='ocrx_word' id='word_1_881' title='bbox 3774 5245 3998 5300; x_wconf 84' lang='grc' dir='ltr'>Ἰουδαῖοι</span> 
     </span>
    </p>
   </div>
   <div class='ocr_carea' id='block_1_111' title="bbox 2436 5338 3996 5421">
    <p class='ocr_par' dir='ltr' id='par_1_111' title="bbox 2436 5338 3996 5421">
     <span class='ocr_line' id='line_1_111' title="bbox 2436 5338 3996 5421; baseline -0.005 -19"><span class='ocrx_word' id='word_1_882' title='bbox 2436 5350 2779 5421; x_wconf 68' lang='grc' dir='ltr'>προσεδόκων</span> <span class='ocrx_word' id='word_1_883' title='bbox 2814 5348 2906 5400; x_wconf 69' lang='grc' dir='ltr'>καὶ</span> <span class='ocrx_word' id='word_1_884' title='bbox 2944 5346 3268 5415; x_wconf 80' lang='grc' dir='ltr'>περιέμενον</span> <span class='ocrx_word' id='word_1_885' title='bbox 3303 5346 3408 5405; x_wconf 81' lang='grc' dir='ltr'>ἓως</span> <span class='ocrx_word' id='word_1_886' title='bbox 3457 5338 3516 5397; x_wconf 79' lang='grc' dir='ltr'><strong>οῦ</strong></span> <span class='ocrx_word' id='word_1_887' title='bbox 3549 5340 3758 5407; x_wconf 71' lang='grc' dir='ltr'>ἐξέλθοι</span> <span class='ocrx_word' id='word_1_888' title='bbox 3800 5344 3828 5394; x_wconf 90' lang='grc' dir='ltr'>ὁ</span> <span class='ocrx_word' id='word_1_889' title='bbox 3879 5342 3996 5411; x_wconf 83' lang='grc' dir='ltr'>ἀρχ-</span> 
     </span>
    </p>
   </div>
   <div class='ocr_carea' id='block_1_112' title="bbox 2438 5436 3998 5515">
    <p class='ocr_par' dir='ltr' id='par_1_112' title="bbox 2438 5436 3998 5515">
     <span class='ocr_line' id='line_1_112' title="bbox 2438 5436 3998 5515; baseline -0.008 -18"><span class='ocrx_word' id='word_1_890' title='bbox 2438 5445 2614 5515; x_wconf 75' lang='grc' dir='ltr'>ιερεύς</span> <span class='ocrx_word' id='word_1_891' title='bbox 2644 5463 2657 5509; x_wconf 89' lang='grc'>;</span> <span class='ocrx_word' id='word_1_892' title='bbox 2704 5444 2895 5513; x_wconf 79' lang='grc' dir='ltr'>Ἡμεῖς</span> <span class='ocrx_word' id='word_1_893' title='bbox 2926 5441 2981 5495; x_wconf 82' lang='grc' dir='ltr'>δὲ</span> <span class='ocrx_word' id='word_1_894' title='bbox 3016 5442 3065 5493; x_wconf 89' lang='grc' dir='ltr'><strong>οί</strong></span> <span class='ocrx_word' id='word_1_895' title='bbox 3094 5439 3431 5511; x_wconf 70' lang='grc' dir='ltr'>Χριστιανοὶ,</span> <span class='ocrx_word' id='word_1_896' title='bbox 3489 5438 3605 5503; x_wconf 73' lang='grc' dir='ltr'>ἅμα</span> <span class='ocrx_word' id='word_1_897' title='bbox 3649 5436 3727 5505; x_wconf 83' lang='grc' dir='ltr'>τῷ</span> <span class='ocrx_word' id='word_1_898' title='bbox 3757 5437 3998 5489; x_wconf 80' lang='grc' dir='ltr'>είσελθιῖν</span> 
     </span>
    </p>
   </div>
   <div class='ocr_carea' id='block_1_113' title="bbox 2436 5529 3996 5605">
    <p class='ocr_par' dir='ltr' id='par_1_113' title="bbox 2436 5529 3996 5605">
     <span class='ocr_line' id='line_1_113' title="bbox 2436 5529 3996 5605; baseline -0.006 -19"><span class='ocrx_word' id='word_1_899' title='bbox 2436 5536 2512 5598; x_wconf 80' lang='grc' dir='ltr'><strong>εἰς</strong></span> <span class='ocrx_word' id='word_1_900' title='bbox 2530 5536 2626 5602; x_wconf 78' lang='grc' dir='ltr'>τὴν</span> <span class='ocrx_word' id='word_1_901' title='bbox 2653 5534 2971 5605; x_wconf 77' lang='grc' dir='ltr'>ἐκκλησίαν,</span> <span class='ocrx_word' id='word_1_902' title='bbox 2998 5535 3044 5586; x_wconf 87' lang='grc' dir='ltr'><strong>εί</strong></span> <span class='ocrx_word' id='word_1_903' title='bbox 3068 5534 3143 5605; x_wconf 81' lang='grc' dir='ltr'>μὴ</span> <span class='ocrx_word' id='word_1_904' title='bbox 3168 5531 3499 5599; x_wconf 64' lang='grc' dir='ltr'>ἐξέλθοιμεν,</span> <span class='ocrx_word' id='word_1_905' title='bbox 3518 5529 3691 5582; x_wconf 86' lang='grc' dir='ltr'>δεινόν</span> <span class='ocrx_word' id='word_1_906' title='bbox 3713 5545 3764 5580; x_wconf 83' lang='grc' dir='ltr'><strong>τι</strong></span> <span class='ocrx_word' id='word_1_907' title='bbox 3791 5529 3996 5598; x_wconf 75' lang='grc' dir='ltr'>πάσχειν</span> 
     </span>
    </p>
   </div>
   <div class='ocr_carea' id='block_1_114' title="bbox 2437 5620 3994 5697">
    <p class='ocr_par' dir='ltr' id='par_1_114' title="bbox 2437 5620 3994 5697">
     <span class='ocr_line' id='line_1_114' title="bbox 2437 5620 3994 5697; baseline -0.004 -18"><span class='ocrx_word' id='word_1_908' title='bbox 2437 5630 2755 5697; x_wconf 76' lang='grc' dir='ltr'>νομίζομεν.</span> <span class='ocrx_word' id='word_1_909' title='bbox 2801 5629 3017 5681; x_wconf 80' lang='grc' dir='ltr'>Διένευε</span> <span class='ocrx_word' id='word_1_910' title='bbox 3076 5624 3133 5677; x_wconf 78' lang='grc' dir='ltr'>δὲ</span> <span class='ocrx_word' id='word_1_911' title='bbox 3161 5624 3239 5695; x_wconf 83' lang='grc' dir='ltr'>τῷ</span> <span class='ocrx_word' id='word_1_912' title='bbox 3296 5623 3468 5693; x_wconf 81' lang='grc' dir='ltr'><strong>λαῷό</strong></span> <span class='ocrx_word' id='word_1_913' title='bbox 3536 5622 3838 5691; x_wconf 76' lang='grc' dir='ltr'>Ζαχαρίας,</span> <span class='ocrx_word' id='word_1_914' title='bbox 3890 5620 3994 5681; x_wconf 72' lang='lat' dir='ltr'><strong>iam;</strong></span> 
     </span>
    </p>
   </div>
   <div class='ocr_carea' id='block_1_115' title="bbox 2441 5712 3993 5791">
    <p class='ocr_par' dir='ltr' id='par_1_115' title="bbox 2441 5712 3993 5791">
     <span class='ocr_line' id='line_1_115' title="bbox 2441 5712 3993 5791; baseline -0.004 -18"><span class='ocrx_word' id='word_1_915' title='bbox 2441 5722 2715 5789; x_wconf 72' lang='grc' dir='ltr'>ἐρωτῶντι</span> <span class='ocrx_word' id='word_1_916' title='bbox 2745 5721 2842 5791; x_wconf 79' lang='grc' dir='ltr'>τὴν</span> <span class='ocrx_word' id='word_1_917' title='bbox 2866 5720 3043 5773; x_wconf 76' lang='grc' dir='ltr'>αἰτίαν</span> <span class='ocrx_word' id='word_1_918' title='bbox 3066 5719 3161 5787; x_wconf 77' lang='grc' dir='ltr'>τῆς</span> <span class='ocrx_word' id='word_1_919' title='bbox 3189 5718 3399 5785; x_wconf 77' lang='grc' dir='ltr'>σιωπῆς</span> <span class='ocrx_word' id='word_1_920' title='bbox 3422 5732 3433 5744; x_wconf 88' lang='grc'><strong>·</strong></span> <span class='ocrx_word' id='word_1_921' title='bbox 3480 5712 3554 5783; x_wconf 81' lang='grc' dir='ltr'>μὴ</span> <span class='ocrx_word' id='word_1_922' title='bbox 3584 5713 3884 5781; x_wconf 72' lang='grc' dir='ltr'>δυνάμενος</span> <span class='ocrx_word' id='word_1_923' title='bbox 3908 5714 3993 5779; x_wconf 63' lang='grc' dir='ltr'>γὰρ</span> 
     </span>
    </p>
   </div>
   <div class='ocr_carea' id='block_1_116' title="bbox 2441 5803 3992 5881">
    <p class='ocr_par' dir='ltr' id='par_1_116' title="bbox 2441 5803 3992 5881">
     <span class='ocr_line' id='line_1_116' title="bbox 2441 5803 3992 5881; baseline -0.003 -22"><span class='ocrx_word' id='word_1_924' title='bbox 2441 5810 2691 5880; x_wconf 53' lang='grc' dir='ltr'>λαλῆσαι,</span> <span class='ocrx_word' id='word_1_925' title='bbox 2745 5810 2832 5864; x_wconf 64' lang='grc' dir='ltr'>διὰ</span> <span class='ocrx_word' id='word_1_926' title='bbox 2860 5809 3127 5881; x_wconf 79' lang='grc' dir='ltr'>νεύματος</span> <span class='ocrx_word' id='word_1_927' title='bbox 3156 5809 3342 5878; x_wconf 71' lang='grc' dir='ltr'>ἐδήλου</span> <span class='ocrx_word' id='word_1_928' title='bbox 3390 5806 3613 5877; x_wconf 68' lang='grc' dir='ltr'>ταύτην.</span> <span class='ocrx_word' id='word_1_929' title='bbox 3644 5805 3789 5875; x_wconf 74' lang='grc' dir='ltr'>’Ἦρα</span> <span class='ocrx_word' id='word_1_930' title='bbox 3832 5806 3883 5857; x_wconf 80' lang='lat'><strong>6‘;</strong></span> <span class='ocrx_word' id='word_1_931' title='bbox 3930 5803 3992 5856; x_wconf 71' lang='grc' dir='ltr'>ὅτι</span> 
     </span>
    </p>
   </div>
  </div>
