4272 6438
229 399 336 468 τοι

987 385 1438 452 ENARRATIO
1483 383 1562 446 IN
1597 379 2102 444 EVANGELIUM
2125 380 2358 445 LUC/li.
2395 407 2466 419 -
2503 377 2664 442 CAP.
2708 383 2757 443 Ι.

3419 374 3525 440 782

231 514 335 570 καὶ
359 513 464 576 ῑως
497 503 560 566 οῦ
584 505 949 578 ιτελέσθησαν
986 506 1044 558 αι
1077 503 1290 574 ἡμέραι
1331 501 1432 570 τῆς
1473 499 1821 566 λειτουργίας
1852 499 1880 551 Α

1958 497 2284 563 uam,:lonec
2299 495 2506 566 impleti
2529 504 2716 552 essent
2733 494 2850 550 dies
2868 489 3162 548 ministerii
3181 487 3531 551 sui,assedit-

229 603 427 669 αὐτοῦ,
454 605 556 657 οὑκ
581 599 824 669 ἀπῆλθεν
854 599 935 662 είς
962 597 1054 650 τὸν
1083 592 1231 650 οἶκον
1255 593 1448 652 αὐτοῦ.
1485 591 1624 645 ἀλλὰ
1657 607 1826 658 προσ-

233 698 434 767 ήδρευε
474 693 552 764 τῷ
610 691 759 762 ναῷο
798 691 1082 762 ἀπῴκιστο
1111 689 1210 758 μὲν
1246 685 1355 755 γὰρ
1407 685 1441 752 ὴ
1477 682 1664 753 ὀρεινὴ
1697 682 1832 750 ἀλη-

234 789 350 851 θῶς
373 786 466 840 καὶ
485 786 681 854 ἁπεῑχε
706 783 805 852 τῆς
829 782 1191 853 Ἰερουσαλήμ
1216 795 1229 810 °
1257 776 1401 848 πλὴν
1425 775 1543 829 ἀλλ’
1570 777 1617 828 εί
1649 775 1745 828 καὶ
1773 775 1830 826 έν

235 881 422 942 αὑτοῖς
444 879 559 940 τοῖς
601 872 997 945 Ἰεροσολύμοις
1023 867 1138 942 εἷχε
1169 871 1261 924 τὸν
1290 865 1440 922 οἷκον
1464 870 1491 921 6
1511 868 1711 937 ἱερεὺς,
1731 868 1830 920 οὐκ

235 971 368 1038 ιξῆν
395 967 546 1036 αὑτῷ
575 966 683 1032 έξω
708 965 809 1034 τῆς
860 964 1032 1032 αὐλῆς
1067 961 1163 1016 τοῦ
1214 960 1347 1016 ναοῦ
1383 959 1643 1014 ἀπελθεῖν
1686 959 1831 1012 κατὰ

236 1063 332 1115 τὸν
359 1060 552 1131 καιρὸν
599 1059 698 1130 τῆς
756 1057 1066 1127 ἐφημερίας
1114 1053 1282 1110 αὑτοῦ
1305 1070 1318 1084 ·
1347 1054 1540 1123 ἡμεῖς,
1567 1051 1644 1114 δὲ,
1686 1050 1826 1117 φεῦί

237 1150 360 1215 πῶς
389 1147 852 1220 καταφρονοῦμεν
886 1146 996 1200 τῶν
1027 1144 1191 1198 θείων
1249 1139 1603 1212 ὑπηρεσιῶνί
1650 1141 1724 1193 Τὸ
1772 1141 1830 1194 δὲ

240 1243 318 1314 μὴ
362 1241 626 1295 δύνασθαι
683 1239 782 1308 μὲν
813 1236 998 1291 λαλεῖν
1020 1238 1110 1290 τὸν
1137 1235 1440 1306 Ζαχαρίαν,
1472 1237 1742 1290 διανεύειν
1772 1233 1831 1287 δι

235 1333 318 1405 τῷ
353 1333 488 1402 λαῷ,
510 1333 611 1402 τὴν
638 1329 750 1383 τῶν
790 1328 1064 1382 Ἰουδαίων
1108 1328 1307 1395 ἄλογον
1340 1326 1622 1380 πολιτείαν
1648 1326 1827 1394 δηλοῖ⁶

236 1424 662 1485 ἀποκτείναντες
693 1419 803 1490 γὰρ
822 1420 914 1471 τὸν
936 1416 1130 1486 Λόγον,
1150 1417 1211 1470 οὐ
1239 1415 1495 1469 δύνανται
1519 1415 1678 1482 λόγον
1701 1415 1831 1466 ἀπο-

235 1517 424 1570 δοῦναι
461 1516 589 1584 περὶ
632 1507 709 1567 ὧν
755 1511 1092 1583 πράττουσιν
1142 1509 1176 1579 ἢ
1227 1508 1503 1577 λέγουσιν,
1561 1507 1697 1561 ἀλλᾶ
1726 1504 1833 1558 κᾶν

239 1607 580 1678 προφητικὸν
593 1623 646 1658 τι
668 1605 865 1666 αὐτοὺς
894 1603 1130 1673 ιρωτᾷς,
1157 1600 1623 1670 ἐπιστομίζονται,
1655 1600 1749 1651 καὶ⁸
1770 1596 1831 1650 οὺ

235 1701 496 1755 δύνανταί
529 1716 612 1753 σοι
643 1698 803 1766 λόγον
835 1696 930 1750 καὶ
953 1697 1252 1766 ἀπόκρισιν
1290 1693 1614 1750 ἀποδοῦναι.

315 1813 334 1846 ι
373 1793 531 1848 Μετὰ
562 1791 619 1846 δὲ
644 1791 849 1854 ταύτας
877 1788 977 1853 τὰς
1031 1788 1248 1858 ἡμέρας
1277 1784 1572 1840 συνέλαϐεν
1614 1781 1831 1836 Ἐλισάο

237 1887 337 1940 ϐετ
358 1887 392 1955 ἡ
446 1884 584 1955 γυνὴ
619 1881 784 1937 αὑτοῦ
805 1921 822 1947 ,
854 1881 951 1935 καὶ
998 1879 1366 1952 περιέκρυϐεν
1403 1877 1604 1945 ἑαυτὴν
1654 1876 1832 1946 μῆνας

237 1979 427 2040 πέντε,
465 1977 696 2046 λέγουσα
724 1977 830 2039 δτι,
859 1972 1019 2028 Οὕτω
1047 1990 1140 2045 μοι
1166 1972 1468 2043 πεποίηκεν
1495 1973 1524 2024 6
1552 1969 1754 2039 Κύριος
1775 1969 1833 2021 ὲν

236 2069 482 2141 ἡμέραις
513 2064 603 2133 αἷς
653 2068 868 2121 ιπεῐδεν
906 2066 1128 2135 ἀφελεῖν
1177 2064 1240 2118 τὸ
1277 2063 1481 2127 ὄνειδός
1511 2080 1611 2131 μου
1639 2063 1696 2114 ὲν
1738 2063 1834 2114 ἁν-

237 2162 503 2234 θρώποις.
540 2178 560 2213 ι
617 2159 862 2229 Σώφρων
894 2155 1032 2214 οὖσα
1064 2161 1098 2229 ἡ
1144 2157 1451 2220 Ἐλισὰϐετ,
1501 2155 1704 2226 ᾑόεἰτο,
1739 2153 1837 2206 καὶ

236 2255 328 2310 διὰ
359 2253 518 2307 τοῦτο
552 2253 961 2326 περιέκρυπτεν
981 2251 1206 2322 ἑαυτὴν.
1232 2249 1321 2303 διὰ
1356 2249 1418 2302 τὸ
1448 2248 1506 2301 ἐν
1541 2248 1689 2317 γήρᾳ
1711 2244 1836 2298 συλ-

236 2345 462 2400 λαϐεῖν’
495 2346 587 2398 ἐπὶ
637 2345 814 2416 μῆνας
843 2343 902 2397 δὲ
938 2342 1103 2396 πέντε
1154 2341 1563 2412 περιέκρυπτεν
1605 2337 1833 2406 ἑαυτὴν,

232 2442 346 2503 ἕως
381 2433 443 2494 οὗ
483 2440 579 2491 καὶ
604 2439 638 2508 ιλ
668 2437 859 2506 Μαρία
890 2436 1148 2490 συλλάϐοι
1169 2451 1184 2468 ⁸
1214 2434 1308 2505 ἀφ’
1344 2427 1406 2488 οὗ
1438 2434 1496 2488 δὲ
1524 2433 1619 2486 καὶ
1653 2429 1836 2498 εκείνη

236 2529 526 2595 συνέλαϐε,
567 2529 664 2583 καὶ
692 2529 988 2600 ἐσκίρτησε
1017 2529 1078 2582 τὸ
1106 2527 1307 2599 βρέφος
1338 2528 1396 2580 έν
1429 2527 1497 2596 τῇ
1533 2522 1713 2593 κοιλία
1735 2522 1838 2575 αὐ-

233 2627 362 2695 τῆς,
384 2625 486 2678 οὑκ
507 2623 588 2676 ἔτι
612 2622 886 2693 Εκρυπτεν
917 2623 1141 2694 ἑαυτὴν,
1181 2621 1324 2675 ἀλλὰ
1370 2620 1466 2672 καὶ
1489 2614 1839 2689 ἐπαρρησιὰ-

239 2731 378 2769 σατο
402 2713 490 2777 ἂν,
521 2714 597 2777 ὡς
624 2713 876 2767 τοιούτου
905 2713 1098 2777 παιδὸς
1133 2714 1341 2784 μήτηρ,
1376 2712 1471 2765 καὶ
1501 2710 1632 2781 πρὶν
1658 2707 1691 2776 ἢ
1717 2722 1843 2774 γεν-

237 2805 476 2877 νηθῆναι
500 2808 816 2878 προφητικῇ
855 2804 985 2876 ἀξίᾳ
1006 2805 1396 2878 τετιμημένου.

322 2917 342 2948 ε
371 2897 460 2952 Ἐν
493 2897 548 2951 δὲ
585 2897 664 2968 τῷ
697 2901 829 2969 μηνὶ
864 2897 943 2969 τῷ
985 2897 1130 2969 ἕκτῳ
1192 2898 1483 2969 ἀπεστάλη
1533 2899 1562 2953 ὀ
1611 2901 1843 2971 ἄγγελος

238 2989 487 3062 Γαϐριὴλ
517 2991 623 3044 ὑπὸ
651 2991 747 3044 τοῦ
795 2990 932 3044 Θεοῦ
987 2992 1069 3054 είς
1121 2990 1279 3046 πόλιν
1309 2993 1411 3062 τῆς
1452 2993 1770 3060 Γαλιλαίας,

235 3056 416 3153 ὄνομα
437 3083 716 3155 Ναζαρὲτ,
747 3084 884 3152 πρὸς
907 3083 1184 3154 παρθένον
1212 3056 1711 3157 μεμνηστευμένην

1931 607 2038 660 que
2085 593 2308 661 templo.
2348 591 2554 646 Aberat
2601 590 2748 646 enim
2785 572 2914 642 vere
2959 601 2988 640 a
3023 583 3330 639 Jerusalem
3370 593 3526 634 mon-

1934 695 2056 740 tana
2092 686 2259 755 regio.
2287 681 2554 752 Quamvis
2576 691 2759 736 autem
2792 689 2847 734 et
2871 676 3268 747 Hierosolymis
3304 674 3525 728 domum

1933 777 2234 841 habuisset,
2275 791 2382 830 non
2433 775 2679 830 licuisset
2729 781 2910 827 tamen
2954 768 3007 825 ei
3045 777 3201 822 extra
3257 765 3520 820 ambitum

1935 870 2116 938 templi
2146 883 2242 940 per
2260 877 2473 937 tempus
2505 867 2640 921 vicis
2675 879 2788 921 sua
2812 864 2984 918 exire.
3015 859 3127 914 Nos
3149 867 3360 918 autem.
3390 855 3524 924 prob

1932 963 2137 1032 pudor!
2168 976 2328 1032 quam
2361 961 2766 1015 contemnimus
2795 956 2979 1010 divina
3026 951 3329 1006 ministeria
3356 950 3369 1001 l
3403 947 3526 1004 Ca:-

1933 1065 2109 1111 terum
2137 1056 2284 1125 quod
2305 1053 2608 1108 Zacharias
2653 1065 2758 1105 non
2792 1057 2972 1119 potest
3005 1045 3180 1113 loqui,
3211 1043 3306 1098 sed
3351 1040 3529 1096 innuit

1933 1147 2153 1218 populo,
2183 1145 2461 1213 signiﬁcat
2505 1140 2884 1198 irrationalem
2942 1137 3256 1192 Judaeorum
3317 1134 3525 1187 vitam:

1932 1240 2058 1308 quia
2098 1238 2186 1293 ubi
2214 1239 2539 1293 occiderunt
2569 1233 2831 1290 Verbum.
2862 1245 2969 1286 non
2999 1235 3232 1299 possunt
3256 1225 3526 1281 rationem

1935 1332 2166 1386 reddere
2188 1332 2254 1385 de
2278 1331 2362 1385 bis
2390 1344 2516 1398 quae
2536 1327 2620 1381 vel
2644 1327 2832 1380 dicunt
2859 1324 2942 1378 vel
2973 1321 3206 1377 iaciunt.
3229 1319 3295 1373 Et
3325 1319 3372 1374 si
3401 1317 3532 1387 quid

1935 1424 2318 1495 propheticum
2380 1419 2828 1491 interrogaveris,
2864 1416 3277 1477 obmutescunt,
3311 1422 3368 1465 et
3420 1426 3529 1467 non

1937 1525 2160 1588 possunt
2202 1515 2298 1571 tibi
2335 1513 2417 1571 vel
2459 1526 2771 1570 sermonem
2800 1510 2885 1565 vel
2919 1521 3242 1579 responsum
3274 1507 3429 1560 dare.

2009 1791 2176 1847 Vens.
2206 1789 2298 1854 ει,
2323 1789 2417 1844 εδ.
2450 1806 2468 1841 ι
2501 1786 2632 1843 Post
2661 1785 2762 1842 hos
2790 1791 2972 1839 autem
3005 1783 3124 1838 dies
3151 1780 3406 1848 concepit
3428 1778 3538 1833 Eli-

1939 1885 2132 1941 sabeth
2170 1898 2311 1938 uxor
2338 1882 2483 1947 cius,
2508 1888 2562 1934 et
2608 1877 2924 1934 occultabat
2969 1890 3029 1931 se
3064 1872 3347 1928 mensibus
3377 1873 3540 1941 quin-

1940 1995 2067 2050 que,
2094 1978 2314 2033 dicens:
2348 1975 2440 2030 Sic
2457 1973 2586 2028 fecit
2608 1971 2736 2026 mihi
2762 1968 3027 2024 Dominus
3050 1969 3102 2021 in
3121 1967 3314 2022 diebus
3337 1965 3541 2035 quibus

1939 2085 2027 2124 me
2060 2065 2323 2134 respexit,
2345 2075 2404 2119 ut
2427 2061 2673 2120 auferret
2696 2060 2957 2130 probrum
2985 2073 3169 2114 meum
3195 2059 3340 2112 inter
3368 2055 3542 2109 homi-

1942 2174 2059 2214 nes.
2107 2176 2126 2210 ι
2159 2155 2463 2218 Elisabeth,
2503 2151 2762 2222 quoniam
2795 2161 2945 2206 casta
2987 2161 3127 2213 erat,
3157 2147 3540 2210 erubescebat.

1941 2263 1997 2307 et
2024 2259 2310 2320 propterea
2341 2245 2649 2302 occultabat
2693 2259 2775 2309 se,
2807 2259 2872 2299 eo
2910 2243 3057 2313 quod
3105 2257 3272 2295 senex
3336 2252 3542 2294 conce-

1941 2347 2132 2416 pisset.
2167 2341 2444 2398 Mensibus
2491 2350 2673 2394 autem
2705 2337 2947 2406 quinque
2990 2334 3288 2390 occultavit
3329 2347 3410 2394 se.
3449 2331 3547 2386 do-

1946 2453 2043 2492 nec
2064 2435 2232 2490 Maria
2289 2433 2625 2501 conciperet.
2677 2429 2782 2486 Ubi
2833 2439 3014 2484 autem
3053 2427 3137 2481 illa
3166 2425 3445 2493 concepit,
3491 2433 3551 2477 et

1944 2529 2241 2587 exsultavit
2284 2523 2463 2581 infans
2487 2526 2540 2578 in
2578 2534 2756 2586 utero,
2783 2537 2889 2576 non
2937 2521 3080 2576 ultra
3125 2534 3184 2575 se
3221 2517 3544 2580 occultavit,

1945 2622 2040 2678 sed
2075 2619 2249 2676 libers
2285 2618 2405 2680 ivit.
2443 2625 2632 2685 utpote
2666 2615 2802 2669 tanti
2840 2613 2992 2683 pueri
3028 2621 3227 2676 mater,
3258 2610 3350 2679 qui
3379 2609 3547 2663 etiam

1946 2724 2242 2782 antequam
2293 2719 2637 2776 nasceretur,
2692 2707 3085 2780 prophetarum
3140 2703 3405 2774 dignitate
3449 2698 3551 2755 fuit

1948 2810 2274 2864 honoratus.

2023 2901 2184 2955 Vens.
2215 2899 2415 2955 26-30.
2458 2917 2477 2951 ι
2519 2898 2578 2953 In
2615 2910 2805 2952 mense
2842 2902 3022 2949 autem
3051 2901 3208 2947 sexto
3240 2890 3440 2944 missus
3466 2893 3552 2942 est

1947 2997 2175 3065 angelus
2201 2993 2366 3065 275
2417 2990 2639 3049 Gabriel
2672 3005 2702 3044 ιι
2752 2990 2860 3043 Deo
2902 2989 2954 3041 in
3002 2986 3280 3040 civitatem
3316 2981 3555 3038 Galilaea:

1949 3091 2036 3145 eui
2063 3102 2261 3167 nomen
2292 3084 2590 3148 Nazaretb,
2627 3081 2694 3136 ad
2721 3080 2985 3149 virginem
3009 3078 3400 3147 desponsatam
3429 3075 3552 3128 viro

241 3174 360 3245 δρὶ,
384 3171 427 3241 ᾧ
465 3176 639 3245 δνομα
681 3174 903 3246 Ἰωσὴφ,
939 3176 1000 3242 ἐξ
1033 3178 1184 3230 οίκου
1231 3178 1415 3232 Δαϐίδ.
1458 3179 1565 3231 Καὶ
1586 3180 1646 3231 τὸ
1675 3180 1844 3248 ὄνομα
1877 3214 1880 3249 ι

1955 3183 2039 3237 cui
2069 3195 2272 3237 nomen
2305 3177 2671 3247 eratJosepb,
2716 3175 2784 3229 de
2817 3173 2985 3229 domo
3000 3172 3208 3235 ‘David,
3235 3185 3302 3225 ac
3357 3180 3554 3222 nomen

237 3268 344 3336 τῆς
383 3269 682 3337 παρθένου,
737 3270 994 3338 Μαριάμ.
1044 3269 1159 3322 Καὶ
1209 3269 1473 3322 εἰσελθὼν
1532 3273 1559 3324 6
1615 3271 1850 3338 ἄγγελος

239 3361 384 3431 πρὸς
418 3360 612 3433 αὐτὴν.
665 3357 809 3415 εἴπεο
846 3363 1044 3433 Χαῖρε,
1096 3365 1540 3434 κεχαριτωμένη,
1589 3367 1617 3418 6
1647 3365 1849 3435 Κύριος

243 3454 388 3524 μετὰ
418 3454 536 3515 σοῦ,
567 3455 916 3525 εὐλογημένη
955 3457 1020 3509 σὺ
1055 3458 1112 3509 εν
1141 3457 1412 3524 γυναιξίν.
1455 3457 1522 3510 Ἦ
1543 3457 1602 3510 δὲ
1639 3458 1846 3523 ίδοῦσα,

238 3544 576 3617 διεταράχθη
611 3545 704 3598 ἐπὶ
736 3544 817 3615 τῷ
847 3545 990 3616 λόγῳ
1035 3545 1228 3609 αὑτοῦ,
1258 3547 1354 3600 καὶ
1384 3547 1718 3616 διελογίζετο
1747 3565 1848 3600 πο-

239 3637 416 3701 ταπὺς
447 3637 532 3708 εἴη
585 3639 613 3690 6
659 3640 952 3708 ἀσπασμὸς
987 3631 1145 3702 οὗτος
1167 3653 1182 3669 ο
1242 3641 1338 3693 καὶ
1364 3634 1520 3692 εἶπεν
1563 3643 1591 3693 6
1616 3640 1850 3711 ἁγχελος

241 3732 384 3802 αὐτῇ
408 3745 421 3759 ⁸
457 3731 547 3798 Μὴ
571 3731 761 3798 φοϐοῦ,
790 3733 1051 3802 Μαριάμο
1078 3727 1238 3803 εὗρες
1266 3733 1374 3803 γὰρ
1404 3734 1564 3802 χάριν
1588 3735 1741 3805 παρὰ
1771 3736 1850 3812 τῷ

241 3821 382 3890 Θεῷ.
418 3841 437 3874 ι
500 3823 666 3892 Μήνα
714 3824 874 3877 ἕκτον
908 3825 1056 3892 λέγει
1091 3824 1184 3877 τὸν
1241 3825 1351 3878 ἀπὸ
1381 3827 1480 3894 τῆς
1529 3825 1850 3895 συλλήψεως

255 3913 530 3966 Ἰωάννου.
560 3915 726 3981 Λέγει
752 3914 809 3966 δὲ
833 3933 897 3985 με
909 3916 1243 3984 μνηστεῦοαι
1265 3916 1366 3984 τὴν
1390 3916 1662 3985 παρθένον
1693 3917 1849 3987 ἀνδρὶ

241 4004 306 4070 ἑξ
339 4005 494 4058 οἴκου
529 4006 715 4073 Δαϐὶδ,
772 4009 861 4062 ἶνα
901 4007 1072 4078 δείξῃ,
1109 4008 1192 4062 ὅτι
1225 4007 1322 4062 καὶ
1356 4009 1496 4080 αὐτὴ
1529 4012 1596 4063 ἐκ
1623 4010 1720 4063 τοῦ
1750 4011 1846 4078 γέ-

241 4114 370 4160 Vw;
390 4099 487 4152 τοῦ
522 4100 687 4153 Δαϐὶδ
721 4103 1024 4171 κατήγετοο
1058 4105 1124 4155 ὲκ
1164 4104 1274 4172 γὰρ
1316 4103 1411 4155 τοῦ
1441 4102 1609 4156 αὑτοῦ
1655 4105 1850 4172 γένους

243 4191 341 4243 καὶ
368 4191 465 4259 τῆς
494 4191 667 4256 αὐτῆς
691 4195 880 4261 σειρᾶς
903 4189 1041 4246 εἶναι
1105 4196 1353 4264 μφότερα
1384 4196 1455 4247 τὰ
1488 4195 1654 4267 μέρη,
1687 4196 1852 4265 νόμος

241 4277 332 4351 ἦν.
366 4283 588 4354 Ἐπειδὴ
624 4285 679 4335 δὲ
715 4287 779 4353 τῇ
815 4283 922 4354 Εὕα
957 4287 986 4338 6
1019 4287 1058 4336 K
1088 4287 1225 4354 lpto;
1294 4282 1469 4348 εἶπεν,
1518 4287 1608 4338 Ἐν
1651 4287 1851 4351 λύπαις

241 4375 374 4442 τέξῃ
403 4375 589 4436 τέκνα,
617 4375 732 4426 λύει
765 4376 864 4444 τὴν
887 4376 1030 4446 λύπη
1095 4377 1304 4446 ταύτην
1334 4379 1367 4447 ἡ
1398 4379 1566 4447 χαρὰ,
1598 4379 1666 4450 ἢν
1695 4381 1723 4432 6
1752 4379 1853 4448 ἁγ-

243 4465 404 4532 γε).ος
442 4462 742 4537 προσφέρέι
767 4471 832 4536 τῇ
869 4469 1154 4539 Παροινῳ,
1191 4469 1365 4537 λέγων
1388 4488 1398 4498 ·
1450 4470 1645 4539 Χαῖρε,
1690 4488 1852 4542 κεχα-

1958 3277 2184 3347 virginis
2208 3275 2404 3328 Maria.
2432 3273 2497 3326 Et
2527 3273 2811 3338 ingressus
2843 3267 3070 3338 angelus
3099 3265 3167 3321 ad
3199 3280 3320 3320 eam
3369 3264 3508 3317 dixit
3536 3279 3552 3318 :

1954 3369 2162 3433 Gaude,
2194 3369 2453 3436 gratiosa,
2500 3363 2766 3418 Dominus
2817 3371 3021 3425 tecum,
3051 3359 3340 3414 benedicta
3393 3369 3448 3411 tn
3501 3357 3554 3411 in

1955 3462 2304 3517 mulieribus.
2335 3459 2430 3514 Illa
2455 3455 2608 3512 'vero
2641 3471 2768 3510 cum
2796 3455 3052 3517 vidisset,
3087 3453 3306 3506 turbata
3340 3461 3423 3505 est
3451 3464 3552 3504 su-

1955 3570 2054 3624 per
2094 3565 2351 3608 sermone
2387 3549 2528 3617 ejns,
2563 3558 2617 3604 et
2649 3548 2929 3616 cogitabat
2955 3545 3131 3614 qualis
3159 3551 3310 3598 esset
3340 3541 3429 3596 illa
3461 3557 3554 3596 sa-

1955 3646 2170 3702 lutatio.
2193 3643 2257 3699 Et
2289 3629 2429 3698 diiit
2451 3643 2680 3712 angelus
2709 3640 2790 3694 ei:
2819 3637 2898 3694 Ne
2929 3641 3147 3701 timeas,
3185 3636 3377 3698 Maria,
3403 3635 3558 3712 inve-

1955 3741 2082 3795 nisti
2115 3740 2260 3795 enim
2302 3738 2538 3804 gratiam
2592 3733 2736 3804 apud
2769 3733 2961 3788 Deum.
2999 3751 3016 3784 ι
3058 3731 3297 3784 Mensem
3339 3707 3558 3783 seitum

1956 3836 2089 3890 dicit
2118 3849 2148 3887 a
2182 3847 2429 3902 tempore
2461 3846 2571 3897 quo
2599 3837 2908 3894 conceptus
2958 3825 3063 3878 fuit
3092 3822 3362 3878 Joannes.
3417 3819 3559 3874 Dicit

1957 3935 2136 3980 autem
2163 3927 2550 3993 desponsatam
2581 3922 2848 3991 virginem
2880 3918 2999 3970 viro
3038 3917 3130 3986 qui
3161 3924 3280 3970 erat
3303 3915 3369 3967 de
3397 3915 3560 3966 domo

1959 4019 2150 4082 David,
2186 4029 2243 4071 nt
2272 4019 2592 4073 ostenderet
2616 4025 2671 4070 et
2699 4015 2875 4084 ipsam
2908 4026 2972 4066 ex
3005 4023 3204 4079 genere
3238 4007 3407 4061 David
3460 4005 3556 4059 de-

1955 4110 2278 4175 scendisse;
2339 4107 2496 4177 juxta
2546 4106 2718 4174 legem
2756 4104 2901 4157 enim
2935 4100 3194 4170 conjuges
3241 4113 3307 4152 ex
3366 4096 3558 4151 eodem

1957 4217 2159 4273 genere
2198 4211 2252 4256 et
2283 4201 2474 4254 eadem
2501 4197 2845 4269 cognationis
2879 4204 3072 4247 catena
3105 4198 3404 4261 prognatos
3439 4202 3561 4242 esse

1955 4296 2266 4364 oportebat.
2305 4291 2444 4358 Quia
2467 4299 2648 4343 autem
2686 4289 2819 4342 Erae
2845 4288 3051 4340 dictum
3085 4294 3206 4339 erat
3240 4299 3267 4336 a
3303 4281 3559 4344 Domino,

1955 4397 2015 4442 ut
2051 4388 2104 4441 in
2143 4385 2389 4439 tristitiis
2426 4384 2607 4453 pariat
2642 4381 2780 4435 lilios
2807 4381 2876 4443 ",
2905 4379 3069 4432 solt-it
3097 4377 3379 4431 tristitiam
3413 4376 3560 4426 illam

1959 4481 2010 4533 in
2055 4479 2334 4549 gaudium.
2364 4477 2509 4545 quod
2563 4475 2790 4544 angelus
2815 4471 3026 4540 Virgini
3091 4469 3331 4522 aﬂerens
3386 4467 3561 4521 dicit:

245 4559 562 4627 ριτωμὲνηο
623 4559 743 4610 ἐπεὶ
768 4559 822 4610 δὲ
857 4563 1209 4630 κεκατήρατο
1262 4564 1294 4632 η
1330 4560 1470 4623 Εῦα,
1501 4563 1846 4633 εὐλογημένη
1879 4612 1880 4617 η

1958 4571 2168 4632 Gaude,
2201 4571 2467 4640 gratiosa.
2505 4567 2568 4621 Et
2612 4566 2740 4633 quia
2794 4565 3082 4618 maledicta
3138 4563 3240 4616 fuit
3280 4561 3413 4622 Eva,
3444 4560 3558 4613 bare

243 4648 387 4716 αῦτη
446 4651 671 4702 ἀκούει’
715 4651 1047 4719 διελογίζετο
1111 4655 1169 4708 δὲ
1221 4658 1351 4722 περὶ
1394 4656 1485 4707 τοῦ
1545 4657 1846 4725 ἀσπασμοῦ

244 4744 490 4804 ποταπὸς
520 4747 606 4810 εἴη
639 4738 812 4809 οὗτος,
854 4748 927 4814 μὴ
956 4742 1064 4816 ἆρα
1105 4748 1304 4810 ἄτοπός
1328 4767 1410 4811 τις
1433 4751 1527 4802 καὶ
1566 4755 1844 4821 πορνικὸς,

244 4836 320 4896 ὼς
346 4837 401 4900 ἐξ
431 4837 624 4906 ἀνδρὸς
658 4838 790 4906 πρὸς
826 4840 1018 4908 κόρην,
1067 4841 1097 4910 ἢ
1132 4840 1276 4902 θεῖος
1300 4858 1314 4872 ⁸
1350 4843 1540 4912 ἐπειδὴ
1583 4847 1675 4897 καὶ
1707 4845 1843 4897 Θεοῦ

247 4930 440 4999 μνήμη
465 4929 684 4982 σύνεστι
707 4929 784 4999 τῷ
810 4933 1113 5001 ἀσπασμῷ,
1146 4934 1228 4998 τὸ,
1246 4935 1306 4987 Ὀ
1337 4933 1539 5004 Κύριος
1561 4937 1703 5006 μετὰ
1729 4938 1847 4992 σοῦ.

248 5020 474 5090 Πρῶτον
509 5022 566 5074 δὲ
597 5026 955 5078 καταστέλλει
992 5025 1092 5095 τὴν
1141 5026 1370 5096 καρδίαν
1402 5029 1575 5097 αὐτῆς
1610 5030 1720 5082 ἀπὸ
1756 5032 1850 5084 τοῦ

247 5112 452 5180 φόϐου·
487 5113 560 5175 ὡς
603 5114 668 5166 ἂν
704 5119 761 5168 ὲν
817 5118 1090 5187 ἀταραξίᾳ
1142 5121 1448 5189 γενομένη,
1488 5122 1704 5188 δέξηται
1752 5125 1845 5193 τὴι

247 5203 402 5255 θείαν
431 5205 759 5274 ἀπόκρισινο
821 5209 880 5260 οὐ
928 5211 1037 5279 γὰρ
1095 5212 1375 5281 ἐνεδέχετο
1431 5215 1851 5286 ταραττομένην

246 5296 443 5368 αὐτὴν,
486 5300 732 5370 ἀκριϐῶς
789 5304 1008 5356 ἀκούειν
1044 5305 1112 5356 τὰ
1147 5305 1572 5377 συμϐησόμενα·
1601 5311 1740 5378 ὅπερ
1794 5310 1850 5363 δὲ

245 5398 360 5452 ἄνω
383 5393 528 5456 εἷπε,
569 5400 1007 5467 κεχαριτωμένη,
1046 5397 1235 5467 ὥσπερ
1292 5401 1615 5470 ἑρμηνεύων
1657 5406 1845 5472 φησίνο

247 5488 424 5560 Εῦρες
453 5491 562 5559 γὰρ
594 5491 757 5558 χάριν
788 5489 1020 5542 ἐνώπιον
1052 5492 1143 5544 τοῦ
1188 5494 1325 5546 Hac-6
1349 5511 1363 5522 ·
1396 5497 1556 5548 τοῦτο
1589 5500 1695 5566 γάρ
1731 5499 1849 5551 ἐστι

242 5585 307 5636 τὺ
359 5584 788 5653 κεχαριτὼοοαι,
829 5585 889 5636 τὸ
948 5587 1130 5656 εὑρεῖν
1187 5590 1348 5659 χάρμν
1408 5595 1557 5659 παρὰ
1588 5592 1664 5659 τῷ
1705 5594 1847 5660 Θεῷ,

244 5679 551 5740 τουτέστιν,
580 5679 776 5747 ἀρέσαι
801 5678 921 5747 Θεῷ
947 5696 958 5709 ·
993 5681 1129 5734 ἀλλὰ
1155 5682 1312 5735 τοῦτο
1344 5684 1442 5754 μὲν
1473 5685 1651 5737 κοινόν
1673 5702 1686 5718 ·
1717 5687 1848 5739 πολ-

322 5860 364 5891 ⁶⁶
407 5859 542 5916 Ccn.
573 5877 649 5926 ιιι,
683 5863 764 5916 iii.

1960 4667 2158 4720 dicitur
2200 4667 2508 4718 benedicta.
2562 4660 2965 4716 Considerabat
3019 4669 3200 4711 autem
3251 4660 3316 4710 de
3357 4655 3563 4707 saluta-

1960 4759 2126 4819 tione,
2157 4757 2466 4823 qualisnam
2503 4763 2668 4818 esset,
2709 4767 2837 4804 num
2895 4749 3135 4804 absurda
3165 4761 3216 4801 ct
3258 4747 3556 4815 prOCnIrix,

1960 4864 2020 4902 ac
2063 4848 2239 4915 qualis
2273 4847 2372 4898 viri
2408 4845 2474 4897 ad
2529 4845 2793 4913 puellam,
2838 4859 2904 4896 an
2958 4843 3175 4894 divina:
3208 4839 3335 4908 quia
3377 4847 3432 4890 et
3467 4836 3560 4890 Dei

1961 4944 2165 4995 mentio
2187 4943 2327 4994 inter
2348 4939 2692 4992 salutandum
2720 4937 3024 5002 f.ict:i,cnm
3051 4937 3345 4996 diceretur,
3377 4932 3562 4984 Domi-

1959 5051 2063 5090 nus
2090 5046 2290 5089 tecum.
2322 5034 2564 5087 Primum
2609 5041 2792 5085 autem
2828 5031 3082 5084 timorem
3121 5045 3148 5080 a
3178 5031 3342 5080 corde
3390 5027 3562 5093 ipsius

1961 5130 2193 5197 vepellit,
2257 5139 2313 5180 ut
2362 5130 2411 5179 in
2459 5130 2646 5189 quiete
2713 5126 3011 5180 constituta
3060 5124 3303 5176 divinum
3341 5134 3564 5183 respon-

1958 5209 2081 5278 su'm
2131 5221 2383 5289 accipiat.
2419 5218 2610 5288 Neque
2663 5221 2808 5274 enim
2847 5217 2960 5271 neri
2997 5224 3176 5284 pOIest
3228 5225 3283 5266 ut
3342 5214 3558 5264 turbata

1959 5317 2248 5388 diligi-nter
2281 5317 2466 5369 audiat
2499 5331 2619 5382 quae
2651 5323 2914 5369 eventura
2942 5323 3088 5365 sunt.
3126 5307 3300 5360 Porro
3327 5307 3378 5359 id
3414 5304 3556 5373 quod

1957 5427 2119 5478 suppa
2153 5411 2310 5474 dixit,
2340 5409 2601 5477 gratiosa,
2633 5408 2782 5475 quasi
2817 5409 3183 5466 interpretans
3210 5402 3336 5453 dicit
3363 5418 3373 5450 :
3404 5396 3559 5450 Inve-

1959 5503 2086 5555 nisti
2129 5502 2274 5554 enim
2328 5502 2558 5569 gratiam
2616 5515 2799 5553 coram
2837 5497 3086 5551 Domino.
3134 5494 3243 5546 ΙΙου
3285 5491 3426 5544 enim
3475 5496 3556 5540 est

1958 5598 2251 5665 gratiosam
2285 5611 2429 5654 es-e.
2459 5595 2539 5646 vel
2565 5593 2953 5662 gratiticatam,
2977 5594 3118 5660 quod
3151 5588 3412 5640 inienerit
3436 5597 3562 5649 gra-

1961 5691 2090 5742 lialli
2128 5688 2272 5757 apud
2321 5685 2515 5754 Deum,
2551 5688 2654 5740 hoc
2694 5691 2800 5750 est,
2853 5684 3119 5754 placuerit
3174 5679 3303 5735 Deo.
3359 5675 3558 5729 Verum
