4272 6438
761 410 863 472 703

1660 408 2233 469 THEOPHYLACTI
2268 404 2676 467 BULGAl‘tIIE
2718 406 3074 466 ARCHIEP.

3909 392 4031 466 708

761 519 863 573 boc
898 535 1177 572 οοιυιιιυηι-
1200 520 1357 572 habet
1386 534 1502 571 cum
1528 519 1728 572 multis.
1759 521 1930 572 stultzr
1948 520 2092 574 enim
2125 530 2178 572 et
2209 519 2326 572 alite
2353 520 2402 579 Α
2431 519 2448 568 λ

2353 520 2402 579 Α
2431 517 2520 570 λαὶ
2548 517 2656 587 γὰρ
2685 517 2778 566 καὶ
2811 515 2966 568 ἄλλαι
3011 508 3170 585 εὗρον
3221 515 3381 582 χάριν
3419 513 3569 583 παρὰ
3602 512 3681 581 τῷ
3703 511 3847 580 Θεῷ,
3871 511 3942 564 τὸ
3970 510 4033 563 ιι

765 613 1085 663 invenerunt
1113 612 1337 678 gratiam
1369 625 1548 662 coram
1579 611 1632 662 Dr
1654 626 1707 674 0,
1739 628 1843 665 non
1880 620 2062 665 autem
2097 613 2146 665 id
2186 612 2328 680 quod

765 702 1010 754 infertur.

833 792 995 851 Vens.
1033 796 1222 850 3l-33.
1284 814 1300 846 ι
1333 793 1466 849 Ecce
1491 793 1764 863 ceucipies
1797 795 1847 848 in
1873 805 2045 856 utero,
2079 804 2130 848 et
2152 797 2331 865 paries

766 879 950 944 filium,
977 891 1028 933 et
1061 882 1276 934 vocabis
1338 895 1530 934 nomen
1566 880 1681 948 ejus
1740 879 1939 933 Iesum.
1972 879 2020 933 Is
2062 883 2164 934 erit
2215 897 2329 933 ma-

762 979 999 1036 gnus,ct
1036 969 1202 1024 Filius
1249 971 1506 1024 Altissimi
1566 971 1861 1023 vocabitur.
1922 969 1986 1023 Et
2045 973 2198 1025 dabit
2257 972 2329 1025 illi

765 1061 1018 1115 Dominus
1050 1063 1189 1118 Dens
1212 1063 1390 1117 sedem
1423 1062 1584 1115 David
1614 1063 1781 1128 patris
1813 1063 2000 1131 ipsius,
2059 1065 2334 1133 regnabit-

761 1167 865 1220 quc
889 1169 1048 1221 super
1079 1155 1295 1206 domum
1339 1152 1504 1207 Jacob
1528 1155 1580 1206 in
1617 1161 1874 1206 a-tet'uum
1915 1171 1928 1207 :
1960 1164 2014 1208 et
2044 1156 2188 1222 regni
2215 1156 2332 1223 ejus

765 1258 868 1296 non
929 1243 1031 1297 erit
1083 1243 1219 1297 linis.
1266 1263 1282 1294 ι
1324 1243 1459 1298 Ecce
1518 1244 1811 1312 coocipies.
1877 1245 1975 1298 hoc
2037 1246 2330 1312 singulare,

763 1335 903 1402 quod
935 1334 1059 1387 nulli
1117 1335 1267 1388 alteri
1294 1351 1632 1390 concessum.
1663 1337 1716 1390 lu
1747 1347 1898 1389 utero
1933 1343 2115 1388 autem
2154 1337 2312 1400 dixit,

766 1434 819 1477 ut
852 1424 1096 1478 ostendat
1126 1424 1412 1479 Dominum
1447 1442 1510 1479 ex
1545 1427 1710 1493 ipsius
1767 1427 1990 1495 virginis
2044 1437 2195 1480 utero
2250 1427 2333 1480 in-

766 1527 1046 1568 curuatum
1080 1515 1526 1570 snsbtantialiter.
1556 1517 1696 1570 Bene
1724 1527 1902 1570 autem
1936 1519 2112 1572 dictus
2137 1527 2221 1573 est.
2245 1517 2332 1572 Je-

765 1620 875 1665 sus.
910 1610 1030 1673 quia
1065 1607 1133 1660 ob
1194 1607 1418 1660 salutem
1467 1609 1635 1660 n05tri
1682 1608 1892 1676 generis
1935 1608 2098 1661 venit.
2128 1605 2332 1660 Nomen

765 1697 904 1749 enim
937 1699 1033 1750 hoc
1069 1698 1118 1750 in
1144 1697 1386 1752 Graecam
1445 1699 1679 1767 linguam
1735 1714 2075 1758 conversum.
2139 1701 2336 1754 dicitur

763 1787 927 1841 salus.
959 1786 1115 1841 .lesus
1166 1789 1326 1858 igitur
1364 1790 1556 1859 Σωτήρ
1593 1799 1694 1853 est,
1743 1789 1845 1842 hoc
1911 1799 1989 1844 est
2040 1791 2324 1844 salvator:

2432 610 2825 677 ἐπιφερόμενον
2855 606 3073 659 οὐκέτι.

2510 806 2527 839 ι
2569 788 2678 840 Καὶ
2712 787 2818 839 ίδοὺ
2853 784 3093 854 συλλήψῃ
3125 786 3183 835 ὲν
3213 781 3432 850 γαστρὶ,
3464 780 3559 833 καὶ
3593 779 3721 847 τέξῃ
3755 778 3892 838 υἱὸν,
3919 780 4026 830 καὶ

2433 880 2683 942 καλέσεις
2709 880 2770 932 τὸ
2798 879 2968 946 ὄνομα
2993 875 3156 929 αὑτοῦ
3195 875 3402 946 Ἰησοῦν
3420 889 3432 902 ·
3472 866 3630 934 οὗτος
3655 873 3810 924 ἔσται
3847 871 4036 939 μέγας

2434 973 2526 1024 καὶ
2549 973 2671 1032 Υἱὸς
2687 971 2952 1039 Ὑψίστου
2982 968 3330 1037 κληθήσεται.
3353 964 3461 1017 Καὶ
3477 963 3798 1031 δώσειαὺτῷ
3819 961 4038 1030 Κύριος

2432 1063 2460 1113 6
2505 1060 2634 1122 Θεὸς
2671 1059 2761 1112 τὸν
2816 1058 3006 1128 θρόνον
3060 1056 3225 1109 Δαὸὶδ
3279 1055 3374 1106 τοῦ
3409 1053 3617 1122 πατρὸς
3676 1051 3867 1104 αὑτοῦ.
3912 1052 4040 1105 Καὶ

2437 1149 2742 1219 βασιλεύσει
2797 1150 2888 1201 ἐπὶ
2914 1149 3012 1200 τὸν
3039 1141 3188 1198 οἶκον
3236 1144 3428 1199 Ἰακὼϐ
3475 1145 3555 1205 είς
3593 1144 3719 1203 τοὺς
3769 1142 3987 1204 αἰῶνας
4017 1180 4035 1205 ,

2436 1241 2528 1292 καὶ
2582 1241 2676 1307 τῆς
2735 1239 3011 1308 βασιλείας
3047 1238 3208 1290 αὑτοῦ
3255 1239 3354 1289 οὐκ
3409 1238 3567 1287 ἔσται
3599 1236 3773 1294 τέλος.
3816 1254 3835 1285 ι
3884 1234 4033 1286 Ἰδοὺ

2439 1330 2683 1399 συλλήψῃ
2705 1347 2720 1360 ο
2755 1329 2912 1382 τοῦτο
2948 1330 3007 1381 τὸ
3058 1329 3315 1392 ἐξαίσιον,
3340 1323 3400 1381 οὗ
3445 1328 3672 1395 οὐδεμία
3714 1325 3850 1395 ἄλλη
3884 1343 4033 1378 κατ-

2435 1421 2678 1490 ηξιώθηο
2739 1423 2796 1472 ὲν
2846 1422 3045 1490 γαστρὶ
3070 1420 3125 1472 δὲ
3157 1417 3331 1482 εἶπεν,
3370 1420 3453 1472 ἵνα
3494 1419 3641 1490 δείξῃ
3688 1419 3777 1470 τὸν
3813 1419 4035 1489 Κύριον

2436 1511 2492 1577 ἐξ
2517 1511 2684 1579 αὐτῆς
2715 1511 2814 1579 τῆς
2852 1510 3040 1579 νηδύος
3094 1509 3191 1577 τῆς
3225 1509 3503 1578 Παρθένου
3540 1508 3890 1578 σαρκωθέντα
3936 1509 4036 1561 06-

2439 1602 2645 1665 σιωδῶς
2667 1620 2678 1633 ·
2714 1603 2938 1663 δικαίως
2973 1600 3029 1652 δὲ
3079 1599 3281 1669 ἐκλήθη
3341 1597 3549 1667 Ἰησοῦς
3582 1601 3607 1651 6
3637 1601 3731 1650 ἐπὶ
3773 1598 4033 1668 σωτηρία

2435 1693 2532 1745 τοῦ
2576 1693 2846 1762 ἡμετέρου
2898 1692 3088 1756 γένους
3121 1689 3330 1743 ἐλθώνο
3360 1690 3420 1742 τὸ
3473 1689 3580 1760 γὰρ
3613 1690 3782 1759 ὖνομα
3836 1691 4036 1755 τοῦτο,

2439 1787 2518 1848 είς
2551 1785 2648 1854 τὴν
2690 1785 2912 1838 Ἐλλάδα
2937 1783 3191 1852 γλῶσσαν
3226 1782 3713 1851 μεταϐαλλόμενον,
3748 1784 3898 1836 Θεοῦ
3939 1785 4034 1836 λέ-

763 1881 884 1948 quia
918 1893 971 1934 et
1007 1880 1103 1931 ίαώ
1132 1880 1276 1933 salus
1300 1883 1515 1934 dicitur.
1550 1881 1662 1934 Erit
1711 1892 1910 1945 autem,
1939 1883 2148 1947 inquit,
2209 1899 2326 1934 ma-
2363 1854 2403 1908 Β
2435 1897 2450 1943 τ

2363 1854 2403 1908 Β
2435 1895 2592 1947 γεται
2620 1877 2911 1944 σωτηρία·
2963 1875 3173 1944 Ἰησοῦς
3206 1871 3300 1928 οὖν
3363 1875 3571 1943 Σωτὴρ
3624 1876 4023 1946 ἑρμηνεύεται,

764 1986 921 2035 guns,
945 1982 996 2023 ct
1043 1969 1208 2026 Filius
1236 1973 1492 2026 Altissimi
1523 1974 1818 2026 vocabitur.
1857 1973 2078 2043 Magnus
2115 1977 2330 2044 quidem

765 2062 864 2116 fuit.
896 2077 947 2117 et
973 2063 1227 2131 Joannes,
1262 2068 1352 2120 sed
1380 2083 1483 2121 non
1511 2068 1575 2119 ad
1607 2069 1706 2120 hoc
1734 2067 1994 2121 Altissimi
2025 2067 2210 2122 Filius.
2239 2067 2332 2121 Je-

763 2169 852 2209 sus
887 2171 1015 2210 vero
1050 2173 1271 2226 magnus
1317 2159 1556 2226 quidem,
1613 2173 1674 2213 eo
1707 2160 1850 2228 quod
1904 2162 2082 2214 docuit
2117 2179 2128 2212 :
2165 2160 2336 2215 Filius

762 2257 938 2300 autem
985 2248 1265 2314 Altissimi,
1298 2261 1350 2302 et
1403 2261 1622 2317 prepter
1657 2252 1793 2304 istuc
1845 2251 2016 2318 ipsum
2057 2269 2068 2304 :
2106 2253 2335 2305 docebat

764 2340 903 2392 t'ltim
935 2341 1068 2393 sicut
1101 2344 1472 2394 auctoritatem
1517 2342 1718 2396 habens
1747 2361 1756 2393 :
1791 2351 1844 2395 et
1869 2350 2083 2410 propter
2116 2344 2336 2398 mirabi-

765 2431 890 2482 liem
921 2433 1299 2484 miraculorum
1341 2435 1726 2502 operationem.
1774 2435 2007 2488 Vocatur
2041 2446 2217 2488 autem
2249 2435 2335 2488 νί-

767 2523 864 2573 lius
896 2524 1182 2585 .-’titis92mi.
1219 2526 1307 2591 qui
1341 2527 1630 2593 apparebat
1677 2528 1852 2579 homo.
1883 2525 2012 2579 Nam
2046 2527 2172 2594 quia
2226 2543 2330 2580 una

765 2616 858 2667 fuit
907 2620 1226 2686 bypOStasis,
1269 2634 1454 2672 revera
1492 2618 1656 2673 Filius
1715 2621 1976 2673 Altissimi
2013 2620 2110 2673 luit
2168 2620 2332 2674 Filius

770 2707 1004 2772 virginis.
1055 2708 1116 2761 Et
1149 2708 1248 2762 fuit
1287 2711 1499 2776 quidem
1557 2711 1720 2780 276
1761 2721 1884 2765 ante
1927 2713 2120 2765 saecula
2169 2711 2335 2765 Filius

767 2798 1025 2851 Altis-simi
1108 2801 1377 2864 Verbum,
1459 2804 1549 2856 sed
1611 2819 1714 2856 non
1799 2805 2088 2857 vocabatur
2164 2818 2336 2871 neque

765 2892 1236 2958 cognoscebatur;
1324 2901 1604 2960 postquam
1731 2905 1906 2948 autem
1998 2896 2331 2948 incarnatum

763 2991 844 3034 est
913 2991 965 3035 et
1033 2985 1276 3052 apparuit
1326 2985 1376 3036 iu
1420 2999 1614 3048 carne,
1671 2995 1796 3039 tunc
1841 2995 1895 3039 et
1957 2997 2205 3039 vocatum
2253 2997 2336 3038 est

771 3071 933 3127 Filius
986 3074 1271 3142 Altissimi,
1319 3077 1407 3146 qui
1445 3077 1734 3146 apparebat
1766 3088 1820 3130 ct
1855 3079 2108 3132 miracula
2166 3077 2332 3132 facie-

2437 1972 2517 2023 ὃτι
2577 1971 2670 2022 καὶ
2713 1968 2811 2022 ίαὼ
2862 1969 2900 2034 ἡ
2957 1969 3220 2035 σωτηρία
3254 1966 3490 2034 λέγεται.
3528 1968 3722 2020 Ἔσται
3749 1969 3827 2031 δὲ,
3865 1970 4027 2036 φησὶ,

2440 2062 2637 2130 μέγας,
2684 2063 2778 2114 καὶ
2828 2061 2955 2122 Υἱὸς
2998 2059 3257 2128 Ὑψίστου
3287 2059 3641 2128 κληθήσεται.
3685 2061 3879 2125 Μέγας
3923 2062 4029 2129 μὲν

2435 2149 2503 2222 ἦν
2542 2154 2634 2205 καὶ
2657 2155 2684 2204 6
2726 2153 3001 2221 Ἰωάννης,
3035 2151 3148 2204 ἀλλ’
3169 2152 3268 2203 οὐκ
3298 2151 3378 2204 ἐτι
3409 2152 3504 2204 καὶ
3546 2152 3672 2214 Υἱὸς
3719 2153 3987 2218 Ὑψίστου
4011 2169 4024 2182 ·

2437 2247 2463 2296 6
2496 2244 2552 2296 δέ
2573 2261 2634 2310 γε
2667 2243 2877 2311 Σωτὴρ,
2922 2243 3094 2311 μέγας
3139 2243 3254 2312 μὲν,
3293 2243 3428 2294 καθὸ
3467 2243 3767 2295 ἐδίδασκεν.
3801 2244 3933 2305 Υἱὸς
3970 2244 4028 2297 δὲ

2452 2336 2728 2404 Ὑψίστου,
2761 2336 2846 2388 διά
2870 2352 2926 2386 τε
2957 2334 3116 2388 τοῦτο
3141 2335 3272 2386 αὐτὸ
3309 2334 3582 2403 (ἐδίδασκε
3617 2336 3725 2404 γὰρ
3757 2338 3833 2398 ὡς
3868 2336 4027 2402 ἐξουι

2439 2429 2559 2480 σίαν
2595 2428 2784 2497 ἔχων),
2819 2426 2913 2478 καὶ
2950 2426 3036 2478 διὰ
3076 2427 3172 2494 τὴν
3229 2427 3338 2478 τῶν
3383 2426 3679 2494 θαυμάτων
3718 2428 4029 2496 παραδοξο-

2438 2519 2654 2571 ποιίανο
2708 2516 2952 2568 καλεῖται
3009 2516 3065 2568 δὲ
3129 2515 3253 2577 Υἱὸς
3300 2513 3560 2582 Ὑψίστου
3614 2517 3640 2566 6
3689 2517 4026 2584 φαινόμενος

2435 2611 2750 2679 ἄνθρωπος’
2786 2609 2907 2660 ἐπεὶ
2940 2608 3048 2677 γὰρ
3087 2610 3182 2676 μία
3209 2603 3277 2676 ἦν
3301 2608 3620 2670 ὑπόστασις,
3650 2607 3726 2675 τῷ
3753 2607 3868 2659 δντι
3897 2607 4028 2670 Υἱὸς

2449 2704 2705 2770 Ὑψίστου
2745 2697 2812 2770 ἦν
2863 2701 2890 2751 6
2925 2700 3206 2766 ἄνθρωπος
3231 2701 3258 2750 6
3288 2699 3412 2760 Υίὶς
3442 2699 3541 2766 τῆς
3567 2697 3874 2768 Παρθένου.
3915 2694 4030 2752 Ἠν

2440 2793 2539 2860 μὲν
2571 2791 2678 2860 γὰρ
2709 2792 2801 2842 καὶ
2836 2790 2940 2859 πρὸ
2963 2791 3067 2840 τών
3087 2788 3296 2841 αίώνων
3324 2789 3450 2848 Υἱὸς
3493 2789 3748 2858 Ὑψίστου
3771 2792 3798 2840 6
3827 2791 4026 2856 Λόγος,

2437 2883 2552 2937 ἀλλ’
2585 2885 2684 2936 οὐκ
2723 2883 2989 2943 ἐκαλεῖτο,
3051 2881 3169 2933 οὐδὲ
3227 2881 3589 2950 ἐγνωρίζετο·
3627 2885 3749 2934 ἐπεὶ
3773 2882 3833 2933 δὲ
3859 2885 4028 2952 ἐσαρο

2439 2975 2588 3042 κώοη
2632 2975 2726 3026 καὶ
2746 2973 3062 3044 ἐφανερώθη
3112 2976 3167 3026 ἐν
3203 2977 3390 3041 σαρκὶ,
3424 2974 3546 3026 τότε
3587 2974 3650 3042 δὴ
3690 2977 3782 3026 καὶ
3814 2974 4028 3046 ἐκλήθη

2447 3068 2566 3130 Υἱὸς
2600 3067 2880 3136 Ὑψίστου,
2908 3070 2934 3120 6
2970 3067 3295 3137 φαινόμενος
3317 3071 3412 3120 καὶ
3441 3068 3509 3120 τὰ
3541 3067 3800 3134 Θαύματα
3831 3068 4025 3121 ποιῶν.

769 3163 881 3216 bat.
937 3167 1177 3220 Audiens
1210 3182 1336 3221 vero
1389 3170 1641 3222 thronum
1675 3169 1756 3222 vel
1815 3171 1993 3223 sedem
2025 3170 2206 3235 David,
2267 3184 2332 3222 ne
2362 3184 2407 3246 ρ
2438 3166 2456 3217 ε

2362 3184 2407 3246 c
2438 3165 2636 3233 Θρόνον
2662 3164 2718 3217 δὲ
2752 3162 2915 3216 Δαυῖδ
2948 3163 3186 3228 ἀκούων,
3223 3165 3295 3233 μὴ
3327 3165 3594 3233 αἰσθητὴν
3621 3164 3902 3234 βασιλείαν
3940 3168 4028 3218 νό-

769 3267 922 3324 putes
954 3259 1207 3312 sensibile
1238 3260 1505 3326 quoddam
1531 3275 1775 3328 regnum,
1808 3261 1900 3315 sed
1932 3261 2192 3322 divinum,
2225 3276 2334 3328 quo

767 3345 1006 3412 regnavit
1032 3360 1197 3414 super
1230 3360 1420 3401 omnes
1475 3358 1660 3415 gentes
1687 3363 1782 3416 per
1804 3349 2038 3402 divinam
2075 3350 2336 3415 prredica-

767 3437 984 3489 tiouem.
1031 3434 1228 3491 Domus
1248 3441 1390 3492 enim
1421 3438 1589 3494 Jacob
1622 3452 1748 3494 sunt
1782 3441 1839 3495 hi
1867 3443 1956 3509 qui
2001 3457 2066 3495 ex
2098 3440 2336 3496 llebrseis

769 3528 1136 3587 crediderunt.
1203 3540 1362 3595 atque
1411 3533 1572 3584 etiam
1606 3532 1696 3600 qui
1742 3548 1807 3586 ex
1884 3533 2003 3586 aliis
2061 3533 2333 3602 gentibus.

764 3619 842 3672 Illi
867 3621 1239 3688 euimproprie
1265 3620 1428 3676 Jacob
1459 3634 1512 3676 et
1550 3623 1732 3678 Israel.
1794 3625 1856 3678 Et
1885 3630 2156 3693 quomodo
2204 3626 2336 3678 dici-

763 3718 852 3763 tur
883 3711 1068 3764 sedcre
1106 3727 1263 3781 super
1295 3715 1476 3768 sedem
1503 3713 1704 3768 David?
1745 3718 1906 3770 Audi.
1950 3717 2114 3771 David
2141 3735 2337 3786 parvus

764 3811 878 3854 erat
922 3804 1060 3855 inter
1125 3803 1318 3858 fratres
1340 3820 1489 3868 SUOS,
1547 3818 1601 3860 et
1648 3806 1909 3862 Deminus
1941 3824 2154 3877 quoque
2210 3825 2337 3863 con-

767 3903 1002 3961 temptus
1033 3905 1086 3948 et
1119 3905 1332 3948 laxatus
1364 3907 1418 3949 ut
1451 3898 1584 3950 edax
1640 3908 1692 3951 et
1725 3901 1832 3952 vini
1865 3911 2043 3968 potor,
2101 3911 2154 3954 et
2199 3899 2336 3955 fabri

767 3983 928 4047 ﬁlius,
959 3995 1011 4038 et
1039 4001 1064 4036 a
1092 3984 1348 4040 fratribus
1377 3989 1488 4041 suis
1525 3989 1648 4042 [ibis
1673 3988 1871 4058 Joseph
1909 3991 2330 4056 despiciebatur.

765 4075 950 4143 Neque
977 4079 1115 4130 enim
1153 4078 1350 4132 fratres
1379 4078 1514 4145 ejus,
1547 4080 1737 4148 inquit,
1777 4082 2074 4136 credebant
2099 4084 2150 4136 iu
2185 4097 2332 4138 eum.

765 4165 855 4220 llle
879 4184 996 4221 cum
1033 4171 1392 4236 benefaceret,
1424 4174 1852 4239 persecutionem
1886 4174 2193 4242 patiebatur
2227 4167 2241 4226 ἐ
2281 4184 2336 4228 et

768 4259 1025 4315 Dominus
1056 4277 1272 4332 quoque
1325 4265 1581 4318 miracula
1635 4264 1841 4318 faciens
1877 4267 2237 4320 accusabatur
2285 4275 2339 4320 et

766 4347 1120 4413 lapidabatur.
1152 4348 1244 4402 llle
1273 4364 1366 4416 per
1401 4351 1868 4404 mansuetudinem
1919 4352 2046 4404 vicit
2069 4361 2122 4406 et
2146 4365 2338 4419 regna-

763 4437 860 4499 vit,
881 4446 935 4488 et
970 4437 1226 4490 Dominus
1250 4451 1344 4504 per
1397 4438 1868 4494 mansuetudinem
1898 4450 2152 4509 suscepta
2180 4455 2340 4495 cruce

2443 3258 2588 3324 μιζε,
2621 3257 2754 3310 ἀλλὰ
2783 3257 2934 3309 θείαν
2955 3273 2968 3287 ⁸
3003 3259 3068 3327 ἦν
3104 3256 3456 3308 ἐϐασίλευσεν
3482 3259 3574 3309 ἐπὶ
3605 3259 3781 3309 πάντα
3808 3259 3877 3309 τὰ
3897 3259 4026 3324 ἔθνη

2439 3349 2525 3400 διὰ
2558 3349 2648 3401 τοῦ
2704 3349 2850 3401 θείου
2885 3350 3240 3418 κηρύγματος
3265 3365 3276 3376 ·
3317 3345 3462 3408 οἶκος
3504 3349 3613 3418 γὰρ
3656 3349 3875 3415 Ἰακὼϐ,
3935 3351 4028 3403 καὶ

2439 3442 2487 3492 οἱ
2535 3441 2594 3504 ἐξ
2635 3441 2907 3509 Ἐϐραίων
2957 3443 3386 3503 πιστεύσαντες’
3425 3443 3515 3494 ναὶ
3551 3441 3656 3509 μὴν
3694 3443 3787 3494 καὶ
3836 3444 3885 3493 οἱ
3918 3445 4030 3495 duo

2440 3532 2546 3582 τών
2595 3531 2770 3584 ἄλλων
2819 3531 3016 3583 ἐθνῶν·
3052 3527 3199 3583 οὗτοι
3259 3532 3368 3598 γὰρ
3415 3532 3640 3599 κυρίως,
3681 3531 3877 3582 Ἰακώὸ
3936 3532 4029 3583 καὶ

2456 3622 2690 3690 Ἰσραήλ.
2734 3623 2852 3681 Πῶς
2908 3621 2965 3674 δὲ
3029 3623 3245 3689 λέγεται
3279 3624 3501 3674 καθίσαι
3563 3624 3653 3673 ἐπὶ
3689 3625 3778 3675 τὸν
3837 3623 4029 3692 θρόνοι

2441 3715 2638 3777 Δαυῖδς
2675 3717 2896 3766 ’Λκουεο
2928 3715 2986 3766 Ὀ
3013 3715 3191 3776 Δαυῒδ,
3216 3716 3407 3784 μικρὸς
3440 3718 3496 3768 ὲν
3517 3719 3626 3778 τοῖς
3651 3715 3904 3782 ἀδελφοῖς
3936 3718 4030 3776 αἰρ-

2439 3807 2532 3858 τοῦ
2556 3823 2570 3839 ο
2617 3807 2710 3860 καὶ
2745 3811 2771 3859 6
2796 3808 3000 3875 Κύριος
3037 3808 3486 3876 ἐξουθενημένος,
3523 3812 3615 3860 καὶ
3666 3809 4030 3877 διαϐεϐλημέ-

2442 3917 2528 3961 νος
2559 3899 2633 3961 ὡς
2671 3902 2842 3966 φάγος
2892 3901 2983 3952 καὶ
3016 3901 3303 3969 οἰνοπότης
3333 3903 3429 3952 καί
3475 3903 3729 3962 τέκτονος
3762 3901 3900 3963 υίὸς,
3935 3902 4029 3954 καὶ

2445 3992 2597 4059 παρὰ
2655 3995 2768 4053 τοῖς
2801 3992 3051 4060 ἀδελφοῖς
3084 3991 3269 4052 αὑτοῦ,
3330 3994 3441 4052 τοῖς
3477 3994 3610 4054 υἱοῖς
3650 3993 3874 4060 Ἰωσὴφ,
3907 3994 4026 4045 άτι-

2445 4083 2751 4150 μαζόμενος
2773 4099 2786 4112 ο
2813 4084 2934 4136 οὐδὲ
2974 4084 3079 4151 γὰρ
3121 4085 3167 4135 οί
3195 4082 3416 4150 ἀδελφοὶ
3442 4083 3630 4146 αὑτοῦ,
3661 4085 3848 4152 φησιν,
3892 4085 4027 4135 ἐπί-

2444 4191 2633 4226 στευον
2668 4175 2747 4235 εἰς
2774 4175 2938 4225 αὐτόν
2963 4191 2974 4202 ’
3011 4177 3216 4236 ἐκεῖνος
3249 4174 3551 4242 εὐεργετῶν
3587 4176 3845 4226 ἐδιώκετο
3868 4191 3880 4202 ·
3938 4177 4030 4226 καὶ

2440 4267 2467 4316 ό
2492 4268 2717 4334 Κύριος.
2753 4266 3008 4335 θαύματα
3044 4266 3210 4318 ποιῶν
3246 4265 3575 4327 διεϐάλλετο,
3607 4268 3697 4318 καὶ
3722 4267 4025 4330 ἐλιθὰζετο.

2454 4355 2690 4417 Ἐκεῖνος
2741 4356 2830 4407 διὰ
2880 4357 3185 4424 πραότητος
3251 4357 3471 4423 ἐνίκησε
3530 4356 3626 4408 καὶ
3671 4355 4026 4408 ἐϐασίλευσε·

2441 4446 2535 4499 καὶ
2557 4447 2585 4497 6
2620 4446 2840 4514 Κύριος,
2861 4446 2948 4497 διὰ
2979 4446 3267 4515 πραότητα
3299 4445 3533 4514 σταυρὸν
3559 4443 4026 4511 καταδεξάμενος,

769 4528 1029 4593 regnavit.
1072 4526 1228 4582 Vides
1253 4529 1521 4597 quomodo
1543 4531 1754 4584 dicatur
1805 4531 1994 4586 sedere
2032 4547 2197 4600 super
2253 4547 2337 4587 se-
2366 4519 2414 4577 Ι)
2443 4536 2456 4586 ὲ

2366 4519 2807 4588 οὲὸασίλευσεν.
2863 4535 3026 4602 Ὁρᾷς
3079 4535 3197 4596 πῶς
3245 4534 3466 4600 λέγεται
3515 4533 3739 4586 καθίσαι
3791 4532 3885 4583 ἐπὶ
3942 4534 4028 4586 τὸν

769 4619 889 4670 dem
923 4617 1281 4672 David?Nam
1323 4622 1463 4674 sicut
1489 4622 1654 4676 David
1673 4624 1928 4677 sensibile
1957 4639 2180 4694 regnum
2213 4641 2339 4682 sus-

769 4713 1031 4780 t-epit,ita
1061 4722 1113 4764 et
1174 4714 1430 4768 Dominus
1483 4715 1785 4784 spirituale,
1835 4716 1988 4785 cujus
2046 4720 2198 4788 regni
2236 4735 2339 4774 non

767 4805 1038 4858 critlinis.
1079 4804 1193 4858 Non
1231 4807 1372 4858 enim
1422 4806 1545 4860 linis
1585 4807 1733 4877 regni
1785 4806 2012 4876 Christi,
2083 4813 2184 4864 hoc
2237 4821 2340 4876 est,

769 4897 1059 4964 agnitionis
1090 4899 1176 4951 Dei
1215 4908 1269 4952 et
1294 4897 1718 4954 Cbristianismi.
1760 4899 1893 4954 Nam
1925 4912 1978 4955 et
2006 4918 2127 4958 cum
2164 4919 2345 4972 perse-

767 4989 1037 5042 cutionem
1059 4991 1312 5057 patimur,
1346 4993 1518 5062 gratia
1553 4992 1756 5048 Christi
1779 4993 2058 5050 ﬂoremus.

844 5165 1006 5221 Vens.
1034 5168 1124 5231 34.
1166 5167 1255 5224 55.
1287 5187 1305 5220 ι
1350 5169 1493 5224 Dixit
1521 5180 1699 5225 autem
1741 5171 1904 5226 Maria
1954 5175 2020 5227 ad
2060 5175 2341 5243 angelum:

771 5260 1048 5323 Quomodo
1073 5262 1176 5314 erit
1208 5261 1372 5323 istud,
1423 5263 1853 5332 quandoquidem
1886 5266 2056 5320 virum
2114 5283 2221 5320 non
2256 5283 2345 5320 co-

771 5351 1016 5419 gnosco?
1047 5350 1110 5403 Et
1138 5354 1476 5421 respurtdetts
1511 5355 1755 5424 angelus,
1817 5355 1954 5409 dixit.
1987 5356 2034 5411 ei
2063 5374 2075 5411 :
2108 5356 2345 5426 Spiritus

773 5453 994 5498 sanctus
1016 5447 1358 5513 superveniet
1389 5446 1440 5498 in
1477 5457 1545 5510 te,
1573 5457 1624 5502 et
1653 5448 1824 5502 virtus
1853 5448 2114 5504 Allissimi
2157 5453 2348 5505 obuttt-

776 5537 951 5589 brabit
980 5537 1073 5588 tibi
1125 5554 1134 5588 :
1175 5547 1501 5607 quapropter
1533 5551 1582 5593 et
1613 5541 1753 5608 quod
1791 5552 2044 5597 nascetur
2076 5556 2348 5608 sanetum,

781 5630 1055 5681 vocabitur
1087 5627 1254 5684 Filius
1283 5630 1396 5684 Dei.
1441 5651 1456 5681 ι
1495 5629 1608 5685 Non
1638 5634 1790 5700 quasi
1823 5635 2138 5690 discredeus
2175 5636 2349 5706 Virgo

791 5721 922 5771 dixit.
953 5737 964 5772 :
1006 5721 1285 5784 Quomodo
1313 5724 1419 5776 erit
1447 5723 1576 5778 mihi
1612 5726 1792 5780 istud?
1827 5729 1920 5782 sed
1954 5737 2008 5782 nt
2036 5731 2269 5797 prudens
2299 5740 2352 5783 et

788 5813 1110 5881 intelligens,
1144 5825 1196 5870 ut
1227 5816 1419 5880 discat,
1479 5817 1695 5874 modum
1758 5820 1997 5889 inquirit.
2031 5819 2162 5876 Non
2204 5821 2349 5877 enim

2445 4625 2632 4695 θρόνον
2665 4627 2866 4689 Δαυῖδ;
2906 4628 2997 4687 Ὠς
3029 4627 3137 4694 γὰρ
3175 4627 3200 4677 6
3232 4624 3396 4677 Δαυῖδ
3445 4623 3541 4693 τὴν
3580 4623 3846 4692 αἰσθητὴν
3880 4623 4029 4692 ﬁas:-

2445 4719 2592 4772 λείαν
2614 4719 2825 4782 ἔλαϐεν,
2849 4719 2991 4770 οὕτω
3020 4720 3110 4770 καὶ
3134 4721 3161 4770 6
3195 4719 3398 4786 Κύριος
3429 4719 3527 4784 τὴν
3555 4721 3753 4785 νοητήν
3779 4734 3792 4747 ·
3833 4713 3901 4786 ἦς
3932 4718 4024 4770 οὐκ

2447 4811 2600 4864 ἔσται
2625 4810 2776 4872 τέλος
2799 4825 2810 4839 ·
2843 4811 2942 4863 οὐκ
2991 4810 3144 4864 ἔσται
3177 4810 3287 4880 γὰρ
3323 4810 3474 4871 τέλος
3492 4809 3589 4877 τῆς
3622 4808 3908 4877 βασιλείας
3938 4809 4027 4863 τοῦ

2449 4901 2707 4972 Χριστοῦ,
2731 4902 2999 4964 τουτέστι,
3033 4902 3130 4971 τῆς
3162 4901 3493 4968 θεογνωσίας
3526 4900 3738 4953 καὶτοῦ
3768 4901 4029 4967 Χρτστια-

2447 4991 2666 5061 εθισμοῦ.
2705 4993 2814 5045 Καὶ
2844 4993 3166 5062 διωκόμενοι
3195 4993 3325 5063 γὰρ,
3364 4991 3655 5061 λαμπομεν
3687 4994 3875 5061 χάριτι
3903 4993 4028 5063 Χρι-

2449 5085 2600 5139 στοῦ.

2525 5194 2540 5225 ι
2583 5171 2714 5228 Eine
2744 5176 2800 5228 δὲ
2837 5174 3068 5244 Μαριὰμ
3108 5175 3241 5245 πρὸς
3271 5174 3362 5228 τὸν
3393 5175 3652 5242 ἄγγελον·
3700 5176 3828 5238 Ilii);
3882 5177 4027 5231 ἔσται

2448 5269 2628 5332 τοῦτο,
2672 5268 2792 5320 ἐπεὶ
2843 5267 3016 5336 ἄνδρα
3069 5266 3129 5318 οὑ
3160 5265 3449 5334 γινώσκω;
3489 5267 3602 5321 Καὶ
3648 5268 3970 5338 ἀποκριθεὶς
4003 5273 4028 5322 6

2450 5359 2703 5427 ἄγγελος,
2752 5354 2903 5410 εἶπεν
2954 5357 3127 5428 αὑτῇο
3183 5357 3411 5427 Πνεῦμα
3459 5359 3616 5423 ἅγιον
3679 5359 4027 5415 ἐπελεύσεται

2449 5453 2540 5502 ἐπὶ
2572 5449 2664 5514 σὲ,
2728 5451 2821 5501 καὶ
2861 5448 3089 5518 δύναμις
3127 5448 3385 5517 Ὑψίστου
3435 5449 3749 5502 ἐπισκιάσει
3802 5469 3910 5514 σοι,
3954 5453 4028 5506 διδ

2452 5543 2546 5596 κα.)⁵
2582 5543 2641 5596 τὸ
2669 5542 3012 5612 γεννώμενον
3048 5542 3223 5609 ἅγιον,
3261 5542 3594 5612 κληθήσεται
3635 5542 3764 5606 Υἱὸς
3807 5543 3968 5601 Θεοῦ.
4006 5565 4023 5596 ι

2453 5635 2564 5704 Οὐχ
2587 5635 2662 5696 ὡς
2681 5636 3027 5704 ἁπιστήσασα
3056 5634 3087 5702 ἡ
3123 5633 3418 5704 Παρθένος,
3454 5631 3577 5686 εἷπε
3611 5635 3691 5701 τὸ,
3725 5632 4025 5697 Πώςέσται

2459 5745 2547 5796 μοι
2578 5729 2773 5794 τοῦτο,
2825 5729 2939 5779 ἀλλ’
2988 5727 3059 5790 ώς
3098 5728 3236 5797 σοφὴ
3277 5729 3368 5779 καὶ
3419 5729 3637 5796 συνετὴ,
3694 5729 4022 5798 ἐπιζητοῦσι

2461 5818 2652 5889 μαθεῖν
2673 5818 2760 5873 τὸν
2796 5819 2993 5892 τρόπον
3029 5820 3120 5874 τοῦ
3154 5821 3472 5891 πράγματος
3501 5836 3508 5845 ·
3542 5819 3663 5874 οὐδὲ
3703 5820 3811 5891 γὰρ
3845 5821 4023 5890 γέγονέ
