4272 6438
204 411 320 481 ’109

949 389 1397 457 ΕΧΛΒῐὶΛΤΙΟ
1430 387 1513 449 IN
1552 384 2059 449 EVANGELIUM
2096 382 2334 467 ωοίΕ.
2368 407 2437 418 -·
2471 382 2630 444 CAP.
2676 381 2726 443 ῐ.

3374 377 3483 446 710

205 514 481 579 γυναῖκα
513 513 666 580 ”γιαι
711 506 972 577 βεϐήλους
1001 504 1213 565 ἔτεκον,
1242 501 1318 564 ὡς
1341 502 1375 570 ἡ
1409 497 1793 594 Ῥεϐέκκατδν

1896 495 1974 549 uti
2001 494 2272 564 quispiam
2330 493 2627 560 interroget
2686 490 2894 560 quare?
2936 490 3110 562 ipsam
3159 505 3379 548 causam
3407 495 3488 549 di-

219 602 425 667 Ἠσαῦ,
481 602 649 671 φησὶν
679 601 791 663 ϐτι.
831 596 993 654 Ἀλλὰ
1035 595 1131 649 καὶ
1158 597 1187 647 6
1227 590 1438 661 καρπὸς
1459 590 1558 659 τῆς
1588 588 1799 651 κοιλίας

1896 586 1970 640 cit
2000 602 2019 643 :
2050 583 2380 640 Benedictus
2423 583 2571 638 enim
2639 581 2848 638 fructus
2884 583 3089 638 ventris
3129 582 3232 647 tui,
3258 584 3360 638 hoc
3382 594 3486 647 est,

200 712 305 750 σου
336 694 726 764 εὐλογημένος·
761 691 855 745 καὶ
881 690 1054 750 ἄλλως
1072 688 1127 741 δὲ
1159 685 1509 755 νοηοήσεται,
1549 682 1795 749 Εὐλογη-

204 789 351 860 μένη
373 788 444 842 σὺ
462 788 523 841 ἂν
543 783 788 854 γυναιξίν
808 799 822 812 ·
858 778 979 835 εἶτα
1007 778 1161 832 ὥσπε
1169 795 1199 849 ρ
1220 775 1600 847 ἐρωτήσαντός
1622 790 1791 837 τινος,

192 878 385 939 Stati;
406 879 557 946 λέγει
590 876 690 947 τὴν
738 874 938 928 αἰτίαν.
966 866 1351 938 Εὐλογημένος
1383 867 1493 935 γὰρ
1520 866 1548 917 6
1579 862 1793 933 καρπὸς

203 970 311 1039 τῆς
357 968 567 1031 κοιλίας
604 982 721 1025 σου,
758 962 1027 1023 τουτέστι,
1072 959 1207 1019 Θεὸς
1260 955 1369 1025 γὰρ
1401 957 1428 1007 ό
1458 952 1671 1022 καρπὸς
1695 950 1797 1019 τῆς

201 1060 419 1122 κοιλίας
448 1074 565 1125 σου,
596 1054 965 1125 εὐλογημένος
1003 1052 1112 1121 γὰρ
1151 1048 1309 1118 μόνος
1337 1047 1366 1098 ὁ
1389 1045 1522 1108 Θεός
1548 1060 1561 1075 ’
1584 1042 1783 1106 ὡς’καὶ

198 1156 237 1208 ὸ
266 1153 433 1207 Δαυῖδ
458 1152 641 1221 λέγει·
672 1147 1051 1217 Εὐλογημένος
1072 1147 1100 1198 6
1130 1142 1422 1213 ἐρχόμενος
1442 1156 1456 1168 ·
1495 1128 1653 1191 siculis
1682 1134 1791 1205 γὰρ

174 1288 177 1289 ν
202 1248 242 1315 ή
270 1243 464 1313 Γραφὴ
494 1244 610 1304 τὸν,
649 1242 772 1305 καὶ,
799 1238 1095 1305 σύνδεσμον
1126 1234 1245 1288 ἀντὶ
1276 1231 1393 1294 τοῦ,
1420 1229 1533 1297 γὰρ
1554 1266 1569 1289 .
1609 1244 1791 1296 παρα-

200 1337 507 1405 λαμϐάνειν
531 1350 546 1366 ⁸
592 1332 667 1396 ὡς
697 1332 779 1395 τὸ,
809 1332 907 1393 A6;
957 1330 1090 1397 ἡμῖν
1139 1320 1417 1395 βοήθειαν,
1452 1320 1548 1374 καὶ
1585 1318 1792 1389 ματαία

206 1426 458 1496 σωτηρία
502 1423 816 1493 ἁνῡρώπου,
843 1422 967 1479 ἀντὶ
992 1421 1109 1481 τοῦ,
1148 1415 1371 1470 Mani;
1398 1413 1507 1483 γὰρ
1549 1411 1793 1479 σωτηρία

201 1518 534 1589 ἀνθρώπου·
590 1514 686 1568 καὶ
734 1514 917 1576 πάλιν,
985 1512 1056 1564 Σὺ
1112 1508 1419 1579 ὠργίσοηῖ,
1482 1505 1578 1557 καὶ
1629 1504 1794 1571 ἡμεῖς

207 1610 559 1681 ἡμάρτομεν,
591 1609 714 1664 ἀντὶ
739 1606 858 1672 τοῦ,
892 1606 1083 1675 Ἡμεῖς
1116 1604 1225 1671 γὰρ
1246 1600 1593 1670 ἡμάρτομεν.
1623 1598 1781 1665 Καρο

1894 678 2040 733 Deus
2069 678 2213 732 enim
2267 685 2355 732 est
2411 675 2620 730 fructus
2663 674 2750 730 ille
2797 674 3009 729 ventris
3038 674 3133 728 tui.
3161 672 3492 729 Benedictus

1893 768 2039 821 enim
2075 765 2230 822 solus
2258 764 2423 830 Deus,
2469 765 2611 819 sicut
2655 774 2713 819 et
2750 764 2915 818 David
2971 763 3142 827 dicit,
3166 762 3494 821 Benedictus

1895 858 1988 928 qui
2013 859 2182 914 venit.
2216 856 2510 914 Consuevit
2533 859 2677 911 enim
2708 857 2989 927 Scriptura
3023 856 3489 926 coniunctionem,

1892 960 1966 1016 et,
2015 963 2133 1019 pro,
2180 951 2342 1012 enim,
2395 950 2691 1015 accipere:
2743 958 2821 1013 ut,
2877 951 2949 1003 Da
3008 950 3170 1003 nobis
3207 949 3488 1013 auxilium,

1895 1052 1951 1096 et
2007 1054 2143 1095 vana
2175 1041 2330 1096 salus
2359 1040 2593 1095 hominis
2623 1056 2635 1092 :
2682 1041 2785 1096 hoc
2828 1052 2935 1106 est,
2986 1040 3136 1094 Vana
3168 1042 3315 1096 enim
3342 1043 3493 1098 salus

1894 1133 2156 1189 hominis.
2189 1130 2258 1185 Et
2303 1132 2500 1188 iterum
2536 1131 2656 1186 :Tu
2707 1134 2879 1188 iratus
2911 1132 3083 1200 fuisti,
3125 1143 3180 1189 et
3220 1150 3322 1190 nos
3368 1151 3495 1201 pec-

1891 1225 2157 1290 cavimus,
2190 1224 2294 1278 hoc
2356 1234 2465 1288 est,
2492 1238 2591 1277 nos
2624 1224 2768 1279 enim
2814 1226 3181 1294 peccavimus.
3232 1223 3495 1280 Fructum

1892 1329 2074 1371 autem
2130 1316 2339 1373 ventris
2404 1315 2821 1371 DolGenitricis
2879 1318 3012 1372 dicit
3078 1316 3393 1385 Dominum,
3441 1328 3497 1375 et

1892 1409 2013 1463 ideo
2044 1409 2162 1463 sine
2197 1409 2313 1463 viro
2351 1420 2701 1477 conceptum.
2734 1406 2897 1463 Pueri
2926 1409 3074 1463 enim
3133 1410 3227 1463 alii
3287 1413 3498 1465 {ructus

1894 1510 2023 1556 sunt
2065 1509 2323 1569 patrum:
2368 1500 2620 1554 Christus
2654 1515 2783 1556 vero
2841 1500 3013 1555 solius
3055 1502 3263 1555 ventris
3311 1501 3500 1558 Maria:

1895 1593 2105 1650 fruetus
2136 1611 2151 1649 :
2190 1594 2304 1665 ipsa
2334 1597 2477 1650 enim
2506 1595 2619 1650 sola
2652 1598 2799 1652 hunc
2834 1598 3073 1655 fructum
3104 1598 3346 1668 protulit.

208 1709 315 1761 στὸν
341 1707 397 1761 δὲ
429 1709 526 1777 τῆς
555 1704 764 1767 κοιλίας
788 1699 911 1755 εἷπε
941 1702 1041 1771 τῆς
1065 1698 1332 1752 Θεοτόκου
1363 1695 1455 1749 16v
1487 1693 1716 1761 Κύριον.
1742 1690 1876 1745 διότι
1899 1690 2029 1745 ἄνευ
2079 1690 2272 1761 ἀνδρὸς
2300 1693 2333 1760 ἡ
2363 1690 2560 1761 κύησις
2580 1708 2594 1722 ·
2621 1694 2669 1745 οί
2702 1694 2802 1765 μὲν
2844 1694 2951 1765 γὰρ
2988 1696 3139 1749 ἄλλοι
3163 1696 3352 1761 παῖδες
3388 1695 3499 1751 τῶν

206 1802 468 1870 πατέρων
498 1800 604 1852 εἰσὶ
631 1796 907 1867 καρποὶ,ό
938 1795 995 1848 δὲ
1025 1793 1260 1862 Χριστὸς
1288 1794 1456 1862 μόνης
1484 1789 1583 1860 τῆς
1606 1788 1816 1851 κοιλίας
1834 1787 1933 1857 τῆς
1964 1786 2234 1841 Θεοτόκου
2265 1788 2479 1858 καρπός
2497 1803 2511 1818 ⁶
2540 1790 2679 1861 μόνη
2696 1792 2807 1863 γὰρ
2827 1792 2991 1845 αὐτὸν
3008 1793 3406 1865 ὲκυοφόρησεν.

285 1914 304 1945 ι
349 1895 459 1948 Καὶ
512 1894 674 1946 πόθεν
706 1909 795 1960 μοι
833 1889 1012 1953 τοῦτο,
1053 1888 1141 1941 ἵνα
1191 1887 1323 1958 ἔλθῃ
1371 1888 1407 1956 ἠ
1440 1886 1645 1955 Μήτηρ
1701 1880 1797 1936 τοῦ

203 1985 417 2055 Κυρίου
458 2000 558 2053 μου
591 1980 872 2051 πρὸς.μέ;
918 1979 1051 2032 Ἰδοὺ
1084 1978 1194 2049 γὰρ
1219 1979 1293 2041 ὼς
1330 1976 1605 2045 ὲγένετοή
1643 1973 1794 2043 φωνὴ

200 2078 302 2131 τοῦ
359 2074 650 2145 ἀσπασμοῦ
684 2090 776 2125 σου
840 2073 919 2134 είς
949 2072 1017 2124 τὰ
1066 2064 1182 2123 ὦτά
1233 2086 1364 2139 μου,
1395 2068 1688 2138 ἐσκίρτησε
1737 2065 1798 2118 τὸ

204 2169 410 2241 βρέφος
446 2171 503 2220 ἐν
531 2165 854 2233 ἀγαλλιάσει
886 2165 945 2215 ὲν
973 2167 1039 2234 τῇ
1073 2160 1255 2233 κοιλίᾳ
1302 2176 1427 2230 μου.
1479 2160 1588 2211 Καὶ
1617 2176 1800 2228 μακα-

206 2264 303 2331 ρξα
339 2261 371 2329 ἡ
408 2258 770 2320 πιστεύσασα,
803 2259 885 2310 ὅτι
920 2255 1072 2308 ἔσται
1101 2254 1383 2312 τελείωσις
1412 2255 1522 2315 τοῖς
1563 2250 1797 2321 λελαλη·

209 2354 398 2421 μένοις
427 2353 564 2422 αὐτῇ
616 2351 771 2420 παρὰ
816 2350 1043 2420 Κυρίου.
1087 2367 1105 2401 ι
1152 2348 1367 2417 ’Ὠσπερ
1428 2346 1659 2415 ὕστερον
1707 2346 1795 2398 έλ-

206 2447 372 2499 υόντα
413 2446 504 2498 τὶν
533 2444 768 2514 Χριστὸν
832 2444 912 2503 είς
940 2440 1001 2493 16
1051 2438 1425 2510 βαπτισθῆναι
1463 2439 1491 2491 6
1536 2437 1795 2507 Ἰωάννης

207 2536 421 2591 ἐκώλυε
451 2537 520 2590 δι’
553 2536 865 2597 εὐλάϐειαν,
896 2534 1072 2602 λέγων
1096 2548 1111 2565 ⁶
1152 2531 1271 2587 Ούκ
1309 2533 1428 2603 είμὶ
1459 2530 1630 2597 ἄξιος,
1655 2529 1798 2584 οὕτω

203 2631 307 2683 καὶ
330 2627 427 2683 νῦν
448 2628 534 2680 διὰ
568 2629 665 2697 τῆς
701 2628 907 2697 μητρὸς
928 2624 1093 2679 αὑτοῦ
1123 2624 1420 2693 φθέγγεται
1449 2639 1463 2653 ·
1498 2621 1670 2675 Πόθεν
1704 2638 1794 2693 μοι

203 2720 391 2782 τοῦτο,
424 2720 507 2772 ἵνα
538 2718 667 2789 έλοῃ
708 2720 741 2789 ὴ
778 2719 980 2787 Μήτηρ
1009 2715 1105 2769 τοῦ
1140 2714 1349 2785 Κυρίου
1382 2730 1483 2785 μου
1522 2714 1661 2785 πρὸς
1690 2713 1791 2782 μές

204 2813 346 2884 πρὶν
376 2812 409 2881 ἢ
448 2813 583 2884 τέκῃ
612 2812 705 2863 τὸν
740 2809 967 2880 Κύριον,
1019 2808 1232 2879 μητέρα
1281 2806 1380 2877 τὴν
1411 2804 1791 2876 κυοςοροῦσαν

204 2908 511 2978 ὀνομάζων.
547 2906 673 2959 Ἐπὶ
701 2905 800 2976 μὲν
829 2905 940 2974 γὰρ
968 2903 1076 2957 τῶν
1107 2902 1303 2965 ἄλλων,
1325 2901 1509 2972 ττρῖνῆ
1541 2900 1797 2968 τέκωσιν,

206 3000 272 3054 6’:
310 2999 417 3069 χρὴ
465 2998 706 3069 μητέρας
737 2996 1025 3067 ὀνομάζειν
1083 2994 1172 3047 διὰ
1209 2994 1301 3047 τὸν
1352 2991 1520 3061 φόϐον
1550 2991 1652 3061 τῆς
1684 2994 1796 3061 ἀμ-

208 3092 490 3154 ϐλώσεως,
522 3091 772 3144 τουτέστι
820 3090 921 3158 τῆς
947 3086 1241 3155 ἀποϐολῆς.
1287 3086 1413 3139 Ἐπὶ
1446 3084 1503 3137 δὲ
1528 3083 1627 3155 τῆς
1646 3085 1797 3153 Παρ-

1984 1882 2145 1939 Vsus.
2189 1884 2381 1939 45-45.
2418 1904 2436 1937 t
2475 1884 2543 1940 Et
2570 1888 2712 1941 unde
2752 1889 2852 1944 hoc
2886 1890 3038 1957 tnilti,
3082 1900 3141 1945 ut
3168 1896 3347 1949 veniat
3381 1895 3500 1952 Ma-

1907 1985 1988 2029 tcr
2013 1976 2225 2032 Domini
2263 1979 2366 2031 mei
2395 1978 2461 2032 ad
2498 1980 2626 2034 me?
2669 1980 2811 2038 Ecce
2831 1984 2975 2038 enim
3008 1994 3064 2038 ut
3096 1984 3237 2041 facta
3271 1999 3355 2045 est
3393 2004 3496 2047 vox

1904 2069 2252 2127 salutationis
2285 2081 2391 2127 tua:
2439 2073 2493 2127 in
2530 2075 2756 2130 auribus
2814 2078 2975 2143 meis,
3033 2081 3336 2134 exsultavit
3382 2098 3497 2153 pra:

1905 2165 2101 2235 gaudio
2132 2164 2312 2219 infans
2348 2166 2517 2237 279
2547 2169 2598 2222 in
2633 2178 2787 2225 utero
2839 2186 2979 2227 meo.
3041 2172 3103 2227 Et
3151 2174 3307 2229 beata
3375 2192 3497 2247 quae

1903 2256 2157 2323 credidit,
2190 2259 2447 2328 quoniam
2491 2260 2844 2328 perilcieutur
2870 2279 2933 2318 ea
2965 2281 3087 2335 qua:
3120 2268 3261 2322 dicta
3290 2280 3418 2323 sunt
3445 2272 3494 2324 ei

1900 2364 1933 2404 a
1964 2351 2212 2405 Domino.
2257 2370 2277 2404 ι
2322 2350 2479 2406 Sicut
2510 2364 2695 2422 postea
2745 2354 2983 2412 Joannes
3016 2359 3320 2425 Christum,
3364 2378 3488 2417 cum

1903 2442 2145 2497 venisset
2183 2453 2241 2496 ut
2263 2443 2656 2513 baptizaretur,
2685 2448 2963 2518 prohibuit
2994 2463 3219 2522 propter
3243 2468 3499 2510 reveren-

1904 2534 2057 2601 tiam,
2089 2535 2279 2591 dicens
2316 2554 2330 2590 :
2376 2536 2488 2605 Ego
2521 2553 2628 2594 non
2690 2554 2810 2594 sum
2862 2542 3109 2613 dignus",
3172 2548 3249 2601 sic
3277 2557 3328 2602 et
3354 2563 3501 2602 nunc

1890 2641 2004 2697 per
2032 2635 2260 2697 matrem
2289 2644 2441 2684 suam
2484 2630 2765 2700 loquituro:
2804 2633 2959 2691 Unde
2989 2638 3118 2691 mihi
3159 2639 3282 2705 hov,
3318 2650 3374 2695 ut
3402 2656 3499 2695 ve-

1904 2717 2020 2771 niat
2073 2731 2249 2774 mater
2304 2720 2517 2777 Domini
2581 2724 2683 2778 mei
2740 2725 2806 2780 ad
2864 2728 2990 2782 me?
3051 2731 3361 2800 priusquam
3406 2748 3502 2803 pa-

1904 2811 2011 2865 riat
2043 2810 2354 2883 Dominum,
2394 2827 2621 2871 matrem
2669 2832 2871 2875 vocans
2902 2836 3045 2885 eam,
3086 2840 3206 2891 quae
3235 2826 3287 2879 in
3346 2837 3502 2883 utero

1904 2903 2148 2973 gerebat.
2184 2905 2329 2958 Alias
2349 2907 2495 2960 enim
2544 2910 2858 2978 priusquam
2916 2914 3149 2982 pariant,
3190 2932 3297 2970 non
3350 2918 3497 2974 sole-

1905 3010 2025 3048 nms
2053 3006 2254 3050 matres
2289 3012 2494 3053 vocare
2520 3010 2742 3068 propter
2786 2985 2987 3056 metum
3050 3008 3353 3060 abortiendi
3389 3028 3401 3063 :
3443 3009 3497 3064 in
3527 3066 3537 3088 ἱ

1904 3084 2111 3154 virgine
2142 3100 2322 3141 autem
2358 3089 2492 3143 nihil
2546 3091 2652 3147 tale
2686 3094 2953 3161 suspiCari
2980 3098 3285 3165 Oportebat.
3314 3097 3380 3153 Et
3416 3099 3501 3155 id-

208 3187 372 3240 οένου
421 3184 576 3238 οὐδὲν
622 3182 862 3235 τοιοῦτον
913 3179 1295 3234 ὑπωπτεύετο.
1353 3178 1454 3230 Διὰ
1507 3177 1793 3229 τοῦτοκαὶ

1899 3181 2049 3235 circo
2094 3182 2413 3251 priusquam
2445 3184 2649 3253 parias,
2690 3199 2864 3242 mater
2915 3199 2971 3244 et
3026 3193 3185 3246 beata
3243 3208 3303 3248 es
3353 3204 3431 3259 tu,
3467 3210 3501 3250 0

209 3279 322 3347 πρὸ
352 3274 446 3327 τοῦ
476 3276 656 3327 τεκεῖν
686 3274 869 3343 μήτηρ
915 3271 1010 3323 καὶ
1043 3268 1290 3339 μακαρία
1327 3268 1597 3338 ὑπάρχεις
1630 3266 1718 3333 σὺ,
1753 3259 1799 3319 ὦ

1904 3270 2095 3335 Maria,
2124 3282 2277 3342 quae‘
2316 3276 2615 3341 credidisti,
2653 3281 2781 3348 quia
2820 3280 3191 3351 implebuntur
3224 3298 3287 3340 ea
3317 3301 3439 3357 quae
3468 3305 3497 3343 a

207 3370 430 3439 Μαρία,
466 3371 500 3439 ὴ
528 3366 867 3420 πιστεύσασα
894 3365 975 3417 ὅτι
1016 3362 1168 3417 ἔσται
1199 3363 1477 3425 τελείωσις
1503 3362 1614 3424 τοῖς
1642 3360 1797 3413 λελα-

209 3462 470 3532 λημένοις
503 3478 585 3512 σοι
608 3461 760 3528 παρὰ
794 3456 1027 3526 Κυρίου.

292 3574 309 3605 ι
354 3553 465 3607 Καὶ
504 3548 625 3604 εἷπε
662 3551 930 3619 Μαριάμ·
976 3546 1287 3616 Μεγαλύνει
1321 3549 1353 3618 ἡ
1384 3547 1530 3620 ψυχή
1580 3566 1680 3619 μου
1711 3546 1803 3602 16v

210 3646 458 3717 Κύριονο
490 3646 585 3696 καὶ
620 3642 922 3713 ἠγαλλίασε
952 3640 1013 3693 16
1044 3639 1262 3703 πνεῦμά
1296 3657 1396 3710 μου
1432 3643 1526 3696 ἐπὶ
1568 3641 1646 3712 τῷ
1676 3639 1797 3711 Θεῷ

210 3740 296 3811 τῷ
321 3737 536 3809 Σωτῆρί
575 3753 713 3808 μου,
754 3736 836 3789 ὅτι
860 3732 1160 3802 ἐπέϐλεψεν
1201 3735 1295 3786 ἐπὶ
1329 3733 1427 3803 τὴν
1470 3734 1804 3786 ταπείνωσιν

212 3836 314 3905 τῆς
338 3832 532 3903 δούλης
560 3829 725 3883 αὑτοῦ
746 3846 760 3862 ·
792 3829 901 3881 ἰδοὺ
936 3828 1046 3899 γὰρ
1078 3828 1188 3880 ἀπὸ
1219 3827 1314 3881 τοῦ
1344 3828 1440 3881 νῦν
1470 3825 1807 3899 pompm-Sci

212 3942 290 3995 με
326 3926 501 3978 πᾶσαι
552 3923 609 3977 αἱ
660 3921 877 3990 γενεαὶ,
924 3922 1005 3973 ὅτι
1054 3920 1282 3990 ἐποίησέ
1329 3937 1421 3990 μοι
1474 3921 1741 3989 μεγαλεῖα
1777 3920 1806 3972 6

214 4017 477 4079 ἱννατός·
534 4016 629 4069 καὶ
674 4015 831 4081 ἂγιον
874 4012 935 4065 16
975 4011 1149 4082 ὄνομα
1179 4011 1369 4068 αὑτοῦ.
1411 4012 1523 4065 Καὶ
1562 4012 1623 4065 16
1659 4010 1807 4075 ἕλεος

214 4108 387 4164 αὐτοῦ
432 4110 513 4172 είς
545 4107 740 4175 γενεὰν
775 4106 870 4158 καὶ
916 4104 1111 4171 γεεοεὰν
1152 4106 1265 4166 τοῖς
1309 4103 1669 4175 φοϐουμένοις
1710 4104 1808 4156 αύ-

215 4204 331 4257 τόν.
392 4219 411 4251 ι
458 4199 541 4253 ιἮ
591 4198 870 4269 Παρθένος
916 4197 1243 4266 τελεώτερον
1288 4196 1806 4268 πληροφορηθεῖσα,

202 4294 493 4361 δοξολογεῖ
512 4292 604 4345 16v
642 4290 798 4352 Θεὸν,
837 4289 1034 4358 ἐκείνῳ
1088 4290 1468 4360 ὲπιγράφουσα
1505 4292 1564 4343 τὸ
1597 4291 1805 4361 θαῦμα,

213 4388 319 4457 οὐχ
356 4388 547 4455 ἑαυτῇ.
586 4383 824 4445 Ἐκεῖνος
856 4383 998 4452 γὰρ,
1034 4386 1231 4451 φησὶν,
1256 4384 1555 4453 ἐπέϐλεψεν
1585 4384 1674 4436 ἐπ’
1710 4386 1809 4456 ἐμὲ

216 4480 319 4549 τὴν
372 4475 669 4547 ταπεινὴν,
727 4476 828 4527 οὐκ
884 4474 996 4539 ἐγὼ
1047 4474 1184 4543 πρὸς
1233 4477 1443 4528 ἐκεῖνον
1496 4476 1806 4546 ἀνέϐλεψαο

1904 3362 2135 3419 Domino
2165 3367 2259 3421 tibi
2299 3366 2443 3423 dicta
2480 3379 2628 3425 sunt.

1976 3540 2144 3597 Vens.
2184 3543 2375 3601 δεδι).
2435 3562 2454 3597 ι
2498 3543 2565 3599 Et
2610 3546 2688 3601 ait
2734 3546 2938 3602 Maria:
2976 3547 3283 3621 Magnificat
3317 3552 3499 3609 anima

1909 3651 2027 3691 mea
2060 3634 2346 3691 Dominum
2370 3679 2383 3704 ,
2430 3649 2485 3693 et
2514 3640 2809 3694 exsultavit
2842 3642 3064 3710 spiritus
3110 3658 3261 3699 meus
3305 3645 3357 3700 in
3391 3646 3501 3702 Deo

1910 3728 2197 3783 Servatore
2220 3746 2358 3785 meo.
2385 3730 2521 3797 Quia
2549 3735 2789 3802 respexit
2810 3736 2877 3789 ad
2904 3735 3261 3792 humilitatem
3292 3740 3505 3796 ancilla:

1911 3838 2058 3888 suae,
2104 3838 2229 3878 ecce
2259 3825 2406 3879 enim
2438 3839 2503 3879 ex
2553 3826 2657 3883 hoc
2700 3828 2918 3885 beatam
2954 3848 3038 3887 me
3082 3834 3264 3889 dicent
3314 3852 3507 3894 omnes

1911 3916 2309 3983 generationes.
2356 3916 2493 3982 Quia
2530 3916 2657 3972 fecit
2695 3920 2824 3974 mihi
2869 3923 3156 3992 magnifica
3190 3925 3279 3995 qui
3312 3937 3506 3996 potens

1910 4019 2030 4075 cst,
2071 4019 2126 4064 et
2166 4020 2413 4063 sanctum
2463 4026 2659 4066 nomen
2690 4010 2828 4080 ejus.
2876 4012 2942 4068 Et
2974 4017 3346 4072 misericordia
3390 4020 3507 4087 eius

1912 4103 1965 4158 in
1992 4106 2303 4172 progeniem
2329 4114 2382 4157 et
2412 4106 2724 4175 progeniem
2753 4106 3066 4163 timentibus
3098 4124 3245 4164 eum.
3283 4129 3301 4162 ι
3346 4110 3507 4184 Virgo

1912 4197 2114 4250 certior
2159 4196 2368 4250 reddita
2402 4198 2468 4250 de
2503 4197 2635 4251 tmte
2678 4209 2943 4268 concepto
2987 4202 3260 4271 gloriticat
3293 4202 3500 4270 Deum,

1914 4287 1989 4341 illi
2038 4289 2361 4341 miraculum
2394 4290 2738 4356 attribuens,
2783 4310 2888 4346 non
2933 4294 3169 4363 sibiipsi.
3210 4295 3302 4352 Ille
3336 4298 3504 4367 enim,

1915 4377 2067 4443 dicit,
2124 4381 2366 4448 respexit
2412 4381 2467 4435 in
2516 4396 2602 4437 me
2633 4382 2891 4437 humilem
2919 4425 2933 4449 ,
2973 4401 3076 4438 non
3122 4401 3224 4455 ego
3258 4390 3325 4441 ad
3356 4389 3504 4442 illum

1916 4471 2153 4539 respexi.
2202 4470 2295 4526 Ille
2344 4488 2429 4527 me
2465 4484 2796 4542 prosecutus
2826 4487 2908 4530 est
2949 4478 3364 4544 misericordia,
3408 4494 3508 4551 ego

217 4568 427 4630 ἐκεῖνός
464 4585 531 4637 με
563 4567 832 4635 ἠλέησεν,
876 4565 979 4618 ούκ
1012 4565 1124 4632 ἐγὼ
1176 4566 1340 4618 αὐτὸν
1390 4566 1634 4638 ἐζήτησα
1658 4583 1675 4599 ·
1713 4570 1804 4621 καὶ

1917 4561 2066 4614 illunt
2099 4576 2205 4615 non
2249 4564 2496 4631 quaesivi.
2538 4563 2603 4618 Et
2635 4579 2702 4619 ex
2746 4566 2847 4620 hoc
2893 4576 3137 4637 tempore
3176 4570 3389 4624 beatam
3422 4586 3509 4627 me

219 4662 332 4718 ἀπὸ
369 4658 465 4712 τοῦ
510 4658 606 4711 νῦν
661 4656 995 4727 μακαριοῦσί
1049 4673 1116 4727 με
1162 4659 1334 4710 πᾶσαι
1379 4659 1436 4710 αί
1486 4658 1716 4727 γενεαίο
1748 4660 1811 4711 οὐ

212 4754 362 4824 ,μόνη
402 4749 683 4804 Ἑλισὰϐετ
709 4789 725 4814 ,
760 4749 895 4802 ἀλλὰ
920 4749 1017 4802 καὶ
1050 4749 1110 4801 αί
1143 4749 1251 4803 τῶν
1284 4752 1693 4804 πιστευσάντων
1724 4768 1816 4820 γε-

219 4844 341 4897 νεαί
362 4860 375 4873 ο
404 4843 547 4897 διατί
578 4842 635 4894 δὲ
666 4838 1063 4911 μακαριοῦσιν;
1086 4836 1156 4893 *Α
1170 4858 1239 4910 ρα
1264 4841 1353 4894 διὰ
1382 4841 1479 4913 τὴν
1520 4844 1812 4913 έμὴνάρε-

218 4940 359 5009 τήν;
398 4936 570 5005 Ούχίο
611 4934 726 4987 ἀλλ’
767 4935 849 4987 ὃτι
882 4933 1105 5003 ἐποίησε
1136 4934 1253 5015 μετ’
1290 4934 1425 5003 ἐμοῦ
1469 4935 1736 5004 μεγαλεῖα
1783 4937 1810 4987 6

218 5031 378 5088 Θεός.
439 5025 678 5079 Δυνατὸν
710 5023 767 5077 δὲ
796 5023 1080 5092 ὠνόμασεν
1110 5024 1295 5090 αὐτὸν,
1330 5025 1416 5076 ἵνα
1454 5024 1643 5095 μηδεὶς
1683 5027 1811 5078 ἀπι-

224 5122 400 5190 στήσῃ
434 5120 546 5180 τοῖς
575 5116 891 5184 λεγομένοις
915 5156 930 5180 ,
966 5115 1325 5184 λογισάμενος
1363 5117 1446 5169 ὅτι
1482 5120 1581 5169 ούκ
1613 5117 1812 5171 ἀδύνα-

221 5213 316 5275 τός
350 5216 468 5265 ἐστι
494 5210 667 5264 ταῦτα
701 5212 925 5279 ποιῆσαι
949 5209 976 5260 6
1010 5212 1235 5280 Κύριος.
1269 5209 1462 5276 Ἂγιον
1492 5209 1547 5262 δὲ
1597 5205 1718 5262 εἷπε
1750 5211 1810 5262 16

221 5305 397 5374 όνομα
451 5302 617 5357 αὑτοῦ
642 5343 655 5366 ,
699 5302 937 5373 δηλοῦσα
978 5303 1060 5355 ὃτι
1092 5303 1244 5354 οὐδὲν
1283 5301 1570 5371 μολύνεται
1612 5305 1669 5355 ἐν
1715 5319 1810 5370 γυ·

223 5396 413 5459 ναικὸς
446 5397 631 5466 μήτρᾳ.
663 5394 1177 5465 συλλαμϐανόμενος
1202 5397 1229 5447 6
1258 5394 1670 5464 καθαρώτατος,
1696 5396 1813 5449 ἀλλ’

224 5488 381 5555 ἆγιος
424 5487 594 5556 μένει.
633 5486 747 5538 Ούκ
776 5488 855 5549 εἰς
899 5488 999 5555 ἐμὲ
1034 5486 1091 5538 δὲ
1135 5486 1303 5555 μόνην
1330 5486 1389 5538 16
1428 5486 1575 5545 ἔλεος
1609 5487 1811 5554 αὑτοῦ,

224 5580 368 5635 ἀλλὰ
419 5581 514 5633 καὶ
552 5580 631 5642 είς
682 5582 891 5641 πάντας
931 5578 1060 5641 τοὺς
1105 5578 1477 5647 φοϐουμένους
1512 5580 1676 5632 αὐτόν
1706 5596 1721 5610 ·
1765 5580 1814 5631 οἱ

224 5671 339 5741 γὰρ
370 5669 447 5740 μὴ
476 5669 804 5740 φοϐούμενοι
840 5670 1024 5737 αὐτὸν,
1061 5670 1201 5724 ἀλλὰ
1226 5671 1402 5739 πάντη
1442 5670 1675 5736 ἀνάξιοι,
1718 5672 1816 5724 οὐκ

308 5845 325 5878 ⁷
378 5842 599 5919 ωσι..
619 5863 702 5915 ιιι,
740 5848 827 5901 ll.

1916 4656 2097 4710 dicent
2150 4670 2341 4711 omnes
2387 4660 2771 4724 generationes
2817 4678 2829 4713 :
2880 4674 2986 4714 non
3039 4663 3155 4715 sola
3194 4661 3506 4731 Elisabctb,

1914 4748 2005 4801 sed
2035 4758 2087 4801 et
2110 4761 2296 4802 eorum
2323 4750 2604 4816 generatio
2628 4750 2723 4819 qui
2747 4752 3098 4806 crediderint.
3126 4752 3306 4820 Quare
3328 4764 3507 4809 autem

1918 4839 2130 4893 beatam
2174 4854 2261 4893 me
2305 4840 2527 4895 dicent?
2562 4841 2683 4896 Non
2724 4853 2946 4912 propter
2987 4861 3163 4899 meam
3207 4849 3509 4915 virtutem,

1919 4932 2012 4985 sed
2047 4934 2171 5000 quia
2205 4932 2331 4987 fecit
2364 4949 2573 4988 mecmn
2602 4951 2797 5005 magna
2825 4939 2917 5007 qui
2952 4949 3145 5007 potens
3180 4949 3284 4993 est.
3315 4938 3513 4996 Poten-

1924 5033 2029 5076 tcm
2066 5034 2247 5077 autem
2284 5027 2529 5079 neminat
2584 5028 2785 5092 Deum,
2839 5038 2898 5082 ut
2942 5045 3010 5083 ne
3062 5032 3187 5099 quis
3241 5033 3513 5087 discredat

1924 5115 2011 5170 his
2050 5130 2168 5185 quae
2200 5131 2229 5169 a
2271 5132 2329 5172 se
2363 5118 2646 5184 dicuntur,
2678 5123 3033 5178 considerans
3064 5125 3205 5193 quod
3243 5126 3384 5180 Deus
3420 5125 3511 5180 illa

1920 5208 2105 5264 facere
2134 5221 2325 5279 potens
2349 5213 2442 5266 sit.
2466 5214 2642 5267 Porro
2678 5225 2925 5269 sanctum
2954 5232 3151 5271 nomen
3182 5217 3298 5285 ejus
3331 5229 3514 5283 vocat,

1921 5301 2209 5356 declarans
2244 5304 2384 5372 quod
2416 5319 2523 5357 non
2559 5305 2873 5373 inquinetur
2908 5307 3302 5362 mundissimus
3342 5307 3429 5361 ille
3460 5308 3515 5361 in

1921 5402 2079 5447 utero
2107 5402 2425 5463 conceptus,
2465 5396 2560 5448 sed
2604 5406 2825 5465 sanctus
2856 5406 3093 5451 maneat.
3130 5396 3317 5467 Neque
3343 5396 3397 5450 in
3430 5413 3517 5452 me

1925 5484 2039 5538 sola
2066 5494 2151 5539 est
2179 5486 2551 5541 misericordia
2577 5489 2693 5557 ejus
2713 5528 2727 5553 ,
2762 5489 2854 5543 sed
2887 5490 2940 5543 in
2974 5505 3165 5545 omnes
3197 5493 3285 5559 qui
3326 5491 3520 5545 timent

1926 5575 2098 5632 illutn.
2152 5578 2252 5645 Qui
2295 5583 2439 5634 enim
2494 5596 2599 5635 non
2654 5582 2846 5637 timent
2890 5584 3101 5653 ipsum,
3153 5584 3249 5639 sed
3293 5584 3515 5639 omnino

1929 5672 2132 5742 indigni
2184 5682 2343 5738 sunt,
2401 5690 2503 5729 non
2542 5687 2910 5745 assequuntur
2958 5677 3408 5736 misericordiam.
3458 5673 3518 5731 lu
