4272 6438
757 403 858 470 711

1677 399 2252 460 TIIEOPHYLACTI
2293 399 2709 460 BULGARUE
2743 393 3096 458 ARCHIEP.

3926 394 4040 456 712

755 517 1153 586 generationem
1209 525 1383 567 autem
1441 522 1495 566 ct
1531 515 1932 583 generationem
1981 515 2167 566 dicens
2214 528 2333 567 esse
2370 523 2407 574 Α

2370 523 2407 574 Α
2447 514 2755 567 ὲλεοῦνται.
2811 513 2905 574 Εἰς
2937 510 3129 578 γενεὰν
3166 508 3221 561 δὲ
3267 509 3360 561 καὶ
3387 507 3581 576 γενεὰν
3619 505 3852 559 εἰποῦσα
3883 505 4038 562 εἶναι

755 608 1186 661 misericordiam
1246 606 1375 671 Dei,
1435 606 1667 658 ostendit
1712 606 1853 672 quod
1903 604 2327 657 misericordiam

754 709 1108 766 assequentur
1152 707 1206 749 et
1261 697 1311 748 in
1364 697 1618 764 prmsenti
1663 697 1896 757 saeculo,
1929 706 1983 747 et
2023 696 2073 748 in
2113 696 2326 756 futuro,

755 805 943 857 nempe
973 800 1199 843 aeterno.
1223 787 1352 842 Nam
1389 789 1474 842 hic
1496 789 1803 856 centuplum
1830 787 2124 854 accipiunt,
2145 797 2199 839 et
2224 787 2330 840 illic

754 883 908 950 lange
933 882 1180 948 amplius.
1208 881 1642 936 Attendeautem
1667 879 1807 948 quod
1827 880 2058 947 primum
2083 878 2328 947 magniﬁ-

752 978 839 1024 cat
869 973 1044 1022 anima
1086 969 1392 1031 Dominum,
1425 976 1478 1021 et
1503 968 1694 1021 deinde
1723 969 1944 1037 spiritus
1965 966 2196 1020 exsultat
2227 984 2239 1018 :
2272 973 2330 1017 ut

751 1064 927 1117 simile
947 1062 1073 1130 quid
1097 1061 1297 1125 dicam,
1331 1061 1638 1130 magniﬁcat
1677 1059 1866 1120 Deum.
1886 1060 1974 1126 qui
1995 1061 2152 1129 digne
2177 1058 2327 1127 juxta

757 1157 918 1208 Deum
956 1155 1216 1207 ambulat.
1267 1154 1501 1208 Vocatus
1547 1168 1604 1207 es
1637 1153 2000 1214 Christianus,
2044 1165 2148 1204 non
2192 1159 2330 1204 atte-

751 1261 927 1298 nuaus
950 1262 1145 1299 nomen
1167 1245 1546 1312 etdignitatem
1567 1243 1767 1299 Christi
1789 1243 2035 1296 faciendo
2057 1242 2197 1310 quod
2221 1255 2325 1295 non

748 1351 980 1407 oportet.
1026 1339 1118 1392 sed
1174 1337 1524 1407 magniﬁcans
1568 1335 1844 1403 Operando
1879 1349 2104 1404 magna,
2161 1333 2327 1386 coale-

750 1435 960 1499 stiaqne
994 1446 1173 1497 opera.
1206 1429 1270 1482 Et
1309 1438 1435 1482 tunc
1473 1429 1638 1481 etiam
1677 1427 1900 1496 spiritus
1930 1437 2050 1480 tuus
2086 1425 2328 1479 exsulta-

750 1526 820 1577 hit
845 1565 860 1588 ,
897 1527 994 1576 hoc
1053 1533 1168 1587 est,
1204 1522 1482 1590 spirituale
1519 1522 1715 1572 donum
1765 1518 1905 1586 quod
1944 1517 2198 1586 accepisti
2235 1531 2328 1584 per

746 1617 954 1686 egregia
985 1631 1143 1683 opera
1175 1655 1188 1677 ,
1221 1614 1519 1667 exsultabit
1549 1622 1602 1667 et
1650 1611 1914 1681 proﬁciet.
1957 1611 2022 1664 Et
2051 1625 2154 1663 non
2197 1624 2328 1662 con«

748 1710 1023 1770 trahetur,
1058 1715 1144 1768 et,
1202 1717 1256 1759 ut
1309 1708 1380 1759 ita
1433 1705 1646 1766 dicam,
1692 1703 2123 1757 mortiﬁcabitur.
2173 1700 2327 1755 Scias

747 1813 1002 1866 prmi-rea
1043 1801 1209 1853 videri
1246 1798 1580 1867 Scripturam
1621 1796 1942 1863 simpliciter
1973 1795 2113 1847 idem
2142 1793 2325 1847 dicere

747 1890 993 1954 Spiritum
1041 1902 1093 1941 et
1129 1889 1366 1942 animam
1389 1888 1444 1951 ⁸,
1487 1889 1705 1955 proprie
1740 1897 1919 1940 tamen
1961 1884 2161 1940 differt.
2191 1884 2323 1936 Ani-

747 1981 937 2031 malem
985 1980 1128 2032 cnim
1175 1980 1339 2047 280
1379 1980 1647 2032 hominem
1699 1978 1830 2030 dicit
1861 1992 1983 2031 eum
2039 1978 2128 2046 qui
2165 1974 2322 2044 ju'xta

746 2085 991 2123 naturam
1024 2072 1185 2134 vivit,
1220 2081 1273 2123 et
1319 2072 1567 2123 humanis
1613 2070 1913 2124 rationibus
1943 2070 2150 2136 regitur
2175 2107 2190 2132 ,
2244 2066 2322 2122 si-

742 2165 957 2231 quando
988 2163 1236 2216 esurieus
1268 2163 1558 2224 comedat,
1607 2162 1730 2216 odio
1764 2161 1960 2215 habeat
2004 2160 2282 2214 inimicum
2307 2197 2322 2221 ,

740 2271 792 2305 et
826 2255 875 2305 in
902 2270 1132 2319 smuma,
1166 2255 1208 2308 si
1247 2255 1374 2307 nihil
1404 2270 1563 2320 sopra
1592 2255 1862 2307 hominem
1893 2264 2172 2322 appareat.
2199 2251 2322 2321 Spi-

745 2349 987 2400 ntualem
1020 2363 1166 2413 vero,
1205 2347 1293 2416 qui
1323 2348 1661 2401 transcendit
1688 2347 1830 2414 leges
1861 2357 2090 2413 naturae,
2124 2357 2177 2401 et
2213 2362 2319 2401 non

744 2439 979 2491 humano
1014 2454 1160 2493 more
1206 2440 1366 2507 sapit.
1414 2439 1476 2492 Et
1525 2440 1637 2493 haec
1669 2450 1749 2493 est
1785 2438 2085 2492 diﬂ‘erentia
2127 2440 2321 2492 anima:

745 2541 798 2582 ct
831 2531 1054 2596 spiritus
1088 2531 1138 2582 in
1174 2529 1475 2609 Sqi'iptura.
1513 2529 1965 2584 Mediciforsitau
2022 2529 2136 2583 haec
2167 2530 2324 2583 aliter

741 2619 1094 2684 discernunt,
1133 2621 1226 2674 sed
1263 2621 1420 2674 nobis
1465 2620 1744 2691 Scriptura
1788 2619 1937 2675 cordi
1976 2628 2054 2674 est
2078 2659 2094 2685 ,
2127 2618 2322 2675 medici

741 2726 868 2765 vero
906 2713 1141 2767 valeant.

813 2973 976 3028 \‘Ens.
1012 2974 1201 3028 51-56.
1251 2994 1266 3023 ι
1308 2972 1459 3028 Fecit
1501 2981 1668 3027 robur
1715 2973 1770 3026 in
1807 2973 2029 3027 brachio
2071 2986 2207 3035 suo,
2238 2972 2321 3025 di-

742 3070 936 3135 ερενηὶι
961 3068 1219 3134 superbos
1241 3067 1568 3134 cegitatione
1588 3065 1770 3120 cordis
1795 3066 2055 3133 ipsorum.
2079 3063 2322 3118 Detraxit

743 3173 985 3230 potentes
1010 3167 1073 3216 de
1104 3164 1345 3225 sedibus,
1367 3173 1420 3215 et
1441 3163 1698 3215 exaltavit
1726 3163 1979 3216 humiles.
2009 3157 2319 3214 Esurieutcs

741 3256 981 3322 implevit
1022 3256 1212 3316 bonis,
1248 3268 1302 3309 et
1343 3254 1538 3308 divites
1579 3254 1781 3309 dimisit
1819 3255 2026 3309 inanes.
2071 3253 2322 3322 Suscepit

739 3348 902 3401 lsrael
938 3363 1162 3417 puerum
1196 3363 1372 3408 suum,
1405 3356 1462 3399 ut
1497 3361 1703 3401 memor
1734 3357 1875 3402 esset
1908 3346 2318 3400 misericordia‘.

742 3439 895 3496 Sicut
928 3441 1139 3494 locutus
1182 3450 1262 3493 est
1295 3441 1358 3492 ad
1388 3449 1570 3508 patres
1614 3449 1826 3494 nostros
1850 3479 1862 3502 ,
1920 3438 2228 3503 Abraham,
2270 3449 2323 3492 et

739 3535 928 3587 semini
966 3533 1111 3601 ejus,
1157 3534 1206 3584 in
1245 3532 1520 3585 sa‘culum.
1550 3532 1742 3585 Mansit
1775 3541 1955 3586 autem
1997 3530 2165 3585 Maria
2198 3544 2316 3584 cum

741 3624 827 3678 illa
885 3627 1157 3679 mensibus
1187 3623 1405 3677 circiter
1443 3624 1633 3686 tribus,
1665 3635 1718 3678 et
1761 3640 1978 3678 reversa
2013 3635 2095 3678 est
2137 3624 2187 3676 in
2219 3626 2310 3676 do.

739 3732 885 3769 mum
917 3732 1091 3770 suam.
1135 3735 1151 3767 ι
1185 3715 1473 3770 Brachium
1511 3715 1714 3784 patris,
1750 3714 1936 3769 Filius.
1970 3713 2120 3769 Fecit
2156 3715 2320 3784 igitur

739 3811 902 3862 robur
945 3819 998 3860 et
1044 3810 1293 3862 virtutem
1351 3824 1414 3862 ac
1472 3809 1769 3877 potentiam
1823 3819 2012 3862 contra
2070 3817 2317 3860 naturam

740 3897 880 3952 Deus
905 3906 954 3951 et
981 3897 1134 3949 Pater
1162 3899 1210 3949 in
1226 3898 1362 3951 Filio
1384 3914 1498 3952 suo.
1523 3898 1804 3953 Incarnato
1831 3901 1972 3953 enim
2006 3899 2162 3963 Filio,
2181 3901 2316 3954 victa

740 4003 819 4042 est
852 4000 1081 4051 natura,
1127 3989 1344 4059 Virgine
1375 3991 1653 4058 pariente,
1700 3989 1810 4044 Deo
1846 3991 2062 4047 homine
2109 3991 2249 4046 facto
2301 4011 2314 4046 :

738 4084 954 4136 homine
989 4097 1113 4136 vero
1147 4084 1415 4136 deiﬁcato.
1449 4084 1512 4136 Et
1544 4086 1796 4153 dispersit
1832 4084 2087 4139 Dominus
2117 4099 2312 4154 super-

738 4175 833 4227 lios
885 4177 1186 4237 daemones,
1236 4175 1425 4243 ejectis
1461 4177 1565 4230 illis
1606 4192 1672 4230 ex
1712 4177 1962 4231 humanis
1992 4177 2274 4230 animabus
2299 4218 2313 4241 ,

738 4275 788 4317 et
828 4265 950 4318 aliis
998 4266 1211 4332 quidem
1262 4267 1314 4319 in
1358 4268 1609 4336 abyssum
1646 4269 1858 4330 missis,
1897 4268 2015 4322 aliis
2049 4277 2226 4321 autem
2262 4270 2314 4321 in

739 4373 950 4424 porcos.
1002 4357 1206 4410 Poterit
1253 4369 1433 4411 autem
1466 4369 1518 4412 et
1551 4362 1614 4414 de
1647 4357 1847 4413 Judteis
1889 4361 2147 4430 intelligi,
2182 4375 2316 4430 quos

739 4453 992 4520 dispersit
1045 4453 1096 4505 iu
1141 4468 1354 4507 onmem
1396 4453 1668 4521 regionem
1723 4471 1736 4506 :
1789 4463 1840 4508 et
1890 4470 2034 4510 nunc
2081 4455 2315 4524 dispersi

2433 605 2494 658 τὺ
2525 606 2675 666 ἔλεος
2709 601 2801 656 τοῦ
2829 602 2997 665 Θεοῦ,
3029 600 3187 654 τοῦτο
3231 599 3538 670 ἐδήλωσεν,
3580 598 3661 651 ὅτι
3711 598 3807 650 καὶ
3860 600 3921 649 ὲν
3962 601 4035 668 τῇ

2433 701 2528 752 νῦν
2593 699 2759 767 γενεᾷ
2811 696 3123 757 ἱλεοῦνται,
3160 693 3410 746 τουτέστι
3457 691 3537 761 τῷ
3571 690 3664 744 νῦν
3705 690 3899 743 αἰῶνι·
3937 692 4039 742 καὶ

2435 792 2495 842 ὲν
2543 792 2606 858 τῇ
2658 787 2928 857 μελλούσῃ
2966 787 3130 856 γενεᾷ
3155 825 3168 848 ,
3212 781 3292 853 τῷ
3331 783 3624 854 ἀπεράντῳ
3653 783 3796 850 λέγω
3822 781 3992 835 αἰῶνι
4017 799 4035 813 ·

2435 881 2714 936 κάνταῦθα
2764 881 2873 949 γὰρ
2915 876 3456 932 ἑκατονταπλασίονα
3503 875 3876 946 λαμϐάνουσι,
3922 876 4032 926 κά-

2435 977 2580 1026 κεῖσε
2617 969 2798 1040 πολλῷ
2842 969 3084 1022 πλείονα.
3124 969 3367 1039 Πρόσχες
3395 968 3452 1019 δὲ
3493 967 3575 1020 ὅτι
3607 967 3875 1036 πρότερον
3928 982 4035 1034 με-

2435 1066 2654 1134 γαλύνει
2688 1067 2720 1134 ἡ
2767 1063 2914 1134 ψυχὴ
2946 1063 3038 1115 τόν
3065 1061 3303 1126 Κύριον,
3349 1056 3469 1113 εἶτα
3500 1060 3560 1112 τὸ
3603 1059 3824 1128 πνεῦμα
3854 1059 4038 1125 ἀγαλ-

2431 1158 2612 1209 λιᾶται
2636 1171 2649 1184 ·
2689 1151 2802 1206 οἷόν
2865 1171 2916 1205 τι
2948 1153 3092 1218 λέγω
3122 1171 3131 1178 -
3165 1149 3474 1216 Μεγαλύνει
3509 1149 3598 1201 τὸν
3630 1149 3763 1201 Θεὸν
3800 1151 3829 1202 ὁ
3856 1149 4036 1212 ἀξίως

2431 1245 2525 1298 τοῦ
2571 1243 2703 1296 Θεοῦ
2765 1243 3153 1311 πορευόμενος.
3235 1240 3563 1308 Χριστιανὸς
3619 1239 3895 1308 ἐκλήθης,
3956 1239 4038 1307 μὴ

2434 1337 2741 1409 σμικρύνῃς
2787 1337 2849 1387 τὸ
2897 1335 3118 1403 ἀξίωμα
3155 1333 3251 1385 τοῦ
3301 1332 3543 1401 Χριστοῦ
3585 1332 3768 1382 καὶτὸ
3817 1332 4034 1399 ὄνομα,

2432 1430 2519 1483 διὰ
2564 1429 2658 1482 τοῦ
2719 1428 2981 1498 πράττειν
3029 1427 3097 1477 τὰ
3150 1426 3225 1494 μὴ
3274 1425 3491 1484 δέοντα,
3539 1425 3675 1475 ἀλλὰ
3719 1423 4035 1490 μεγάλυνον

2431 1523 2595 1583 αὑτὸ,
2642 1521 2885 1590 μεγάλας
2935 1519 3031 1585 καὶ
3056 1517 3343 1588 οὐρανίους
3384 1516 3613 1583 πράξεις
3660 1515 3835 1567 τελῶν
3866 1533 3878 1543 ·
3933 1516 4034 1565 καὶ

2430 1615 2552 1668 τότε
2586 1614 2680 1665 καὶ
2703 1612 2765 1665 τδ
2798 1610 3017 1681 πνεῦμά
3051 1627 3145 1662 σου
3182 1608 3603 1676 ἀγαλλιᾶτε-ται,
3664 1609 3920 1659 τουτέστι
3970 1605 4034 1657 τὸ

2431 1706 2806 1775 πνευματικὸν
2853 1708 3136 1774 χάρισμα,
3180 1703 3208 1755 ὃ
3247 1701 3438 1764 ἔλαϐες
3481 1701 3569 1754 διὰ
3603 1703 3712 1752 τῶν
3763 1700 4033 1769 μεγάλων

2432 1799 2718 1868 πράξεων,
2756 1799 3044 1868 σκιρτήσει
3089 1797 3184 1848 καὶ
3219 1795 3520 1866 προκόψει·
3564 1792 3679 1845 ἀλλ’
3719 1795 3781 1845 οὗ
3823 1810 4033 1844 συστα-

2350 1863 2398 1923 B
2427 1893 2648 1961 λήσεται
2691 1892 2782 1943 καὶ
2808 1933 2822 1956 ,
2875 1887 2988 1942 οἷον
3030 1891 3233 1950 εἰπεῖν,
3288 1887 3720 1958 νεκρωθήσεται.
3780 1886 4030 1938 Γίνωσκε

2424 1984 2487 2035 δὲ
2519 1985 2602 2035 ὅτι
2656 1984 2687 2052 ή
2727 1981 2921 2050 Γραφὴ
2999 1980 3184 2042 ἁπλῶς
3235 1979 3333 2048 μὲν
3379 1983 3439 2031 τὸ
3491 1978 3622 2031 αὐτὸ
3657 1978 3806 2029 δοκεῖ
3841 1978 4029 2044 λέγειν

2429 2074 2650 2144 πνεῦμα
2690 2075 2783 2126 καὶ
2812 2073 2992 2142 ψυχὴν
3013 2113 3027 2135 ,
3065 2071 3270 2141 κυρίως
3301 2070 3355 2123 δὲ
3397 2069 3700 2122 διαστέλλει
3722 2085 3736 2098 ·
3789 2067 4030 2136 ψυχικὸν

2432 2167 2533 2236 μὲν
2561 2166 2670 2234 γὰρ
2703 2164 2993 2234 ἄνθρωπον
3024 2162 3171 2229 λέγει
3197 2163 3290 2214 τὸν
3327 2161 3468 2214 κατὰ
3500 2160 3662 2228 φύσιν
3695 2158 3902 2223 ζῶντα,
3936 2159 4031 2211 καὶ

2428 2259 2789 2329 ἀνθρωπίνοις
2868 2258 3151 2325 λογισμοῖς
3223 2254 3633 2324 διοικούμενον,
3706 2249 3820 2304 οἷον
3893 2253 4026 2303 ὅταν

2428 2351 2587 2418 πεινᾷ
2607 2392 2621 2415 ,
2654 2348 2904 2401 ἐσθίοντα
2930 2388 2947 2413 ,
2974 2346 3069 2400 τὸν
3095 2345 3291 2416 ἐχθρὸν
3335 2344 3599 2416 μισοῦντα
3623 2386 3636 2408 ,
3667 2346 3761 2395 καὶ
3795 2342 3989 2402 ἁπλῶς
4010 2380 4025 2406 ,

2430 2444 2594 2515 μηδὲν
2621 2442 2763 2510 ὑπὲρ
2812 2442 2974 2510 φύσιν
3023 2440 3434 2510 φανταζόμενον
3457 2455 3469 2469 ’
3518 2440 3895 2508 πνευματικὸν
3926 2439 3981 2491 δὲ
4008 2478 4026 2502 ,

2424 2537 2514 2590 τὸν
2558 2536 2984 2605 ὑπεραναϐάντα
3024 2535 3152 2596 τοὺς
3203 2534 3302 2602 τῆς
3356 2533 3572 2601 φύσεως
3630 2534 3867 2602 νόμους,
3929 2534 4026 2584 καὶ

2430 2629 2599 2698 μηδὲν
2651 2627 2993 2697 ἀνθρώπινον
3051 2628 3391 2697 φρονοῦντα·
3448 2627 3542 2680 καὶ
3599 2625 3740 2694 αῦτη
3786 2626 3942 2678 ἐστὶν
3989 2625 4023 2692 ἡ

2425 2721 2661 2791 διαφορὰ
2694 2721 2873 2789 ψυχῆς
2920 2722 3014 2772 καὶ
3063 2718 3374 2787 πνεύματος
3408 2719 3465 2770 ἐν
3495 2721 3560 2787 τῇ
3615 2718 3810 2787 Γραφῇ
3834 2731 3846 2744 ⁸
3880 2716 4026 2785 τάχα

2425 2815 2482 2867 δὲ
2516 2814 2691 2885 ἰατροὶ
2734 2813 2909 2872 άλλως
2941 2810 3115 2865 ταῦτα
3151 2810 3555 2880 διακρίνουσιν·
3579 2809 3695 2888 ἀλλ’
3729 2810 3865 2878 ημῖν
3923 2808 4023 2876 τῆς

2426 2907 2652 2976 Γραφῆς
2685 2904 2836 2973 μὲ-λει
2862 2923 2874 2935 ·
2916 2905 3091 2972 ἰατροὶ
3126 2904 3183 2956 δὲ
3223 2902 3654 2972 φθειρέσθωσαν.

2501 3015 2518 3047 ι
2577 2996 2832 3064 Ἐποίησε
2882 2995 3083 3064 κράτος
3117 2996 3176 3047 ἐν
3221 2994 3467 3066 βραχίονι
3515 2991 3716 3045 αὑτοῦ·
3765 2990 4020 3059 διεσκόρ-

2424 3102 2584 3137 πισεν
2613 3086 3002 3155 ὑπερηφάνους
3031 3086 3240 3154 διανοίᾳ.
3268 3085 3499 3154 καρδίας
3530 3083 3711 3136 αὐτῶν
3740 3101 3752 3113 ·
3795 3083 4020 3136 καθεῖλε

2422 3179 2690 3241 δυνάστας
2727 3180 2834 3231 ἀπὸ
2886 3179 3093 3249 θρόνων
3117 3220 3132 3244 ,
3177 3181 3271 3232 καὶ
3313 3177 3500 3246 ὑψωσε
3531 3177 3825 3238 ταπεινούς
3848 3194 3860 3205 ·
3898 3192 4018 3227 πει-

2428 3272 2636 3333 νῶντας
2691 3271 2988 3340 ἐνέπλησεν
3041 3269 3300 3338 ἀγαθῶν,
3353 3271 3448 3322 καὶ
3517 3267 3886 3330 πλουτοῦντας
3936 3266 4021 3330 ἐξ·

2429 3365 2716 3419 απέστειλε
2747 3364 2938 3427 κενούς
2965 3378 2979 3393 °
3000 3362 3326 3417 ἀντελάϐετο
3357 3362 3575 3434 Ἰσραὴλ
3606 3362 3799 3424 παιίὸς
3824 3361 4018 3426 αὑτοῦ,

2432 3455 2741 3526 μνησθῆναι
2796 3455 3019 3517 ἐλέους,
3071 3452 3256 3516 καθὼς
3310 3453 3540 3523 ἐλάλησα
3575 3455 3712 3524 πρὸς
3753 3456 3882 3516 τοὺς
3919 3470 4021 3505 πα-

2423 3549 2588 3617 τέρας
2633 3546 2791 3617 ἡμῶν
2824 3546 2900 3616 τῷ
2945 3545 3198 3615 Ἀϐραάμ
3238 3547 3332 3599 καὶ
3361 3545 3440 3616 τῷ
3482 3547 3763 3616 σπέρματι
3810 3547 4012 3609 αὑτοῦ,

2425 3643 2505 3703 είς
2560 3641 2652 3693 τὸν
2703 3640 2898 3693 αἰῶνα.
2926 3640 3149 3709 Ἔμεινε
3201 3639 3257 3692 δὲ
3295 3640 3531 3710 Μαριὰμ
3575 3641 3672 3691 σὺν
3706 3639 3847 3709 αὐτῇ
3883 3639 4017 3692 ῶσεὶ

2429 3736 2603 3804 μῆνας
2630 3737 2802 3805 τρεῖς.
2836 3733 2939 3787 Καὶ
2971 3734 3315 3805 ὑπέστρεψεν
3350 3737 3429 3797 είς
3455 3735 3544 3787 τὸν
3569 3730 3720 3787 οἷκον
3753 3735 3947 3805 αὑτῆς.
3987 3755 4007 3788 ι

2424 3827 2674 3897 Βραχίων
2709 3827 2803 3880 τοῦ
2837 3828 3070 3897 Πατρὸς,
3101 3829 3128 3880 ὁ
3156 3827 3304 3890 Υἱός.
3357 3828 3646 3895 Ἐποίησεν
3681 3822 3775 3880 οὖν
3815 3829 4014 3897 κράτος

2424 3922 2517 3973 καὶ
2567 3921 2796 3988 δύναμιν
2837 3920 2980 3972 κατὰ
3028 3919 3128 3989 τῆς
3163 3920 3382 3988 φύσεως
3447 3921 3476 3970 ὁ
3519 3919 3652 3981 Θεὸς
3690 3921 3786 3973 καὶ
3822 3921 4017 3991 Πατὴρ

2422 4015 2480 4065 ὲν
2511 4012 2587 4081 τῷ
2615 4012 2727 4082 Υίῷ
2780 4012 2968 4066 αὑτοῦ.
3020 4012 3403 4082 Σαρκωθέντος
3457 4012 3564 4079 γὰρ
3599 4011 3696 4065 τοῦ
3733 4011 3864 4066 Υίοῦ
3887 4055 3902 4078 ,
3934 4015 4018 4065 ὲν-

2422 4104 2603 4176 ηκήθη
2637 4107 2668 4174 ἡ
2706 4103 2894 4174 φύσις,
2927 4104 3199 4173 παρθένου
3227 4103 3526 4174 τεκούσης,
3561 4104 3696 4158 θεοῦ
3730 4104 4017 4174 ἀνθρωπι-

2425 4197 2666 4260 σθέντος,
2717 4194 3009 4264 ἀνθρώπου
3063 4195 3395 4258 θεωθέντος·
3438 4196 3535 4249 καὶ
3574 4196 3958 4265 διεσκόρπισεν
3990 4200 4019 4248 ὁ

2421 4290 2626 4360 Κύριος
2657 4290 2782 4350 τοὺς
2814 4288 3201 4357 ὑπερηφάνους
3227 4287 3511 4357 δαίμονας,
3537 4287 3784 4340 ἐκϐαλὼν
3815 4290 4018 4350 αὐτοὺς

2421 4384 2528 4435 ἀπὸ
2573 4380 2680 4432 τῶν
2715 4379 3074 4449 ἀνθρωπίνων
3118 4379 3306 4448 ψυχῶν
3330 4395 3344 4410 ο
3382 4382 3476 4431 καὶ
3521 4379 3614 4441 οὒς
3653 4380 3752 4448 μὲν
3809 4382 3891 4444 είς·
3916 4380 4015 4450 τὴν

2422 4476 2656 4531 ἄϐυσσον
2690 4473 2937 4544 πέμψας,
2975 4472 3068 4534 οὓς
3097 4472 3155 4525 δὲ
3211 4471 3292 4533 είς
3321 4471 3448 4534 τοὺς
3489 4471 3726 4542 χοίρους.
3777 4472 4010 4525 Δύναται

737 4556 880 4598 sunt.
935 4545 1102 4599 Porro
1159 4547 1391 4600 detraxit
1446 4549 1608 4602 etiam
1655 4558 1902 4618 potente.
1947 4550 2012 4604 de
2059 4549 2314 4614 sedibus,
2347 4558 2424 4618 ι)⁴

2347 4558 2397 4618 D
2420 4570 2476 4622 δὲ
2510 4571 2601 4622 καὶ
2639 4566 2904 4637 περὶτῶν
2950 4565 3220 4618 Ἰουδαίων
3260 4563 3540 4634 νοηθῆναι,
3570 4563 3663 4627 οὒς
3697 4566 4015 4634 διεσκόρπι-

737 4638 1005 4691 dannones
1035 4639 1156 4692 dico
1181 4678 1195 4702 ,
1233 4642 1322 4707 qui
1362 4651 1549 4693 contra
1594 4642 1841 4696 homines
1878 4643 2273 4711 praevaluerant
2299 4683 2314 4710 ,

740 4741 792 4782 et
831 4735 981 4784 sedes
1023 4732 1072 4783 in
1133 4732 1387 4786 humanis
1436 4733 1706 4786 habebant
1742 4735 2086 4800 pectoribus,
2122 4734 2174 4789 in
2212 4736 2318 4792 illis

745 4834 1167 4891 ι’ριιιιιεειειιιεδ.
1205 4823 1342 4878 Sunt
1369 4834 1424 4878 et
1458 4822 1717 4878 Pharisaei
1753 4835 2018 4894 potentes,
2058 4829 2315 4884 nimirum

741 4929 800 4966 ea
857 4930 972 4980 quae
1008 4930 1346 4983 pauperum,
1384 4916 1737 4986 diripientes,
1794 4927 1849 4971 et
1899 4918 2185 4974 cathedras
2223 4921 2318 4974 ha-

741 5007 868 5060 bent
910 5020 964 5060 ut
998 5011 1281 5072 doctores,
1321 5025 1348 5062 a
1385 5010 1582 5079 quibus
1614 5011 1843 5080 deposui
1876 5021 2023 5065 sunt.
2063 5012 2130 5066 Et
2169 5013 2320 5068 exal-

742 5111 870 5152 |8Vll
905 5100 1152 5164 humiles,
1199 5103 1440 5157 homines
1475 5118 1610 5172 quos
1655 5104 1969 5158 humiliarat
1997 5116 2277 5173 peccatum
2300 5145 2317 5171 ,

741 5192 821 5244 vel
858 5204 1063 5261 gentes.
1112 5195 1377 5248 Exaltavit
1405 5207 1583 5250 autem
1624 5197 1890 5265 adoptatis
1925 5197 2028 5252 illis
2061 5197 2111 5252 in
2158 5199 2314 5255 ﬁlios.

743 5280 904 5351 Igitur
947 5287 1087 5339 sicut
1117 5296 1170 5340 et
1218 5290 1526 5342 esurientes
1554 5289 1735 5344 dicere
1775 5289 1899 5344 licet
1932 5294 2146 5347 eosdem
2182 5308 2316 5363 gen-

739 5378 890 5444 tiles,
943 5390 1130 5446 utpote
1164 5398 1266 5434 non
1307 5383 1567 5437 habentes
1608 5383 1686 5437 vel
1734 5383 2074 5453 Scripturas,
2124 5388 2206 5441 vel
2241 5387 2316 5442 le-

737 5485 876 5541 gem,
927 5473 1008 5526 vel
1044 5475 1316 5539 mandata,
1355 5490 1488 5545 quos
1535 5476 1776 5544 implevit
1810 5478 1963 5532 bouis
2008 5477 2318 5549 Scriptura-

741 5579 856 5616 rum
894 5582 904 5617 :
954 5566 1020 5618 ita
1058 5576 1111 5618 et
1151 5564 1366 5623 Judzeos
1399 5570 1590 5623 divites
1634 5578 1687 5623 et
1717 5569 1771 5623 in
1802 5569 1933 5641 lege,
1984 5587 2046 5625 ac
2080 5573 2130 5625 in
2167 5588 2317 5626 mau-

737 5654 898 5721 datis,
926 5673 1059 5726 quos
1089 5661 1250 5714 etiam
1280 5662 1460 5717 emisit
1484 5672 1639 5718 extra
1667 5672 1934 5719 terrenam
1961 5673 2014 5719 et
2036 5665 2314 5722 ccelestein

809 5837 827 5866 ⁸
866 5836 881 5889 l
935 5836 1064 5893 Cor.
1104 5855 1165 5905 ll,
1209 5841 1295 5894 l5.

2424 4680 2515 4715 σεν
2546 4663 2623 4726 είς
2669 4663 2851 4713 πᾶσαν
2891 4661 3111 4729 χώραν,
3148 4660 3242 4712 καὶ
3282 4657 3380 4711 νῦν
3417 4659 3815 4728 διεσπαρμένοι
3854 4660 3960 4712 είσί
3989 4677 4004 4690 ⁸

2421 4753 2640 4806 καθεῖλε
2675 4753 2732 4804 δὲ
2767 4752 2860 4805 καὶ
2887 4751 3155 4813 δυνάστας
3186 4749 3296 4802 ἀπὸ
3327 4749 3562 4821 θρόνων,
3590 4751 3718 4812 τοὺς
3749 4751 4012 4822 δαίμονας

2421 4847 2566 4912 λέγω
2587 4885 2600 4908 ,
2659 4845 2709 4897 οἳ
2741 4844 3207 4898 κατεδυνάστευον
3231 4842 3342 4896 τῶν
3377 4843 3681 4914 ἀνθρώπων
3702 4885 3718 4906 ,
3751 4848 3850 4898 καὶ
3889 4847 4013 4917 θρό-

2425 4955 2549 5000 νους
2583 4934 2730 5006 εἶχον
2770 4937 2870 4999 τὰς
2913 4935 3264 5004 ἀνθρωπίνας
3303 4937 3512 5007 ψυχὰς,
3555 4938 3613 4990 ὲν
3652 4939 3848 5000 αὑταῖς
3880 4941 4014 4992 ἀνα-

2427 5031 2726 5100 παυόμενοι
2753 5046 2764 5057 ο
2799 5029 2932 5082 ἀλλὰ
2955 5030 3052 5081 καὶ
3081 5030 3131 5081 οἱ
3156 5031 3442 5100 Φαρισαῖοι
3500 5030 3803 5094 δυνάσταιῄ
3832 5032 3909 5094 ὡς
3943 5034 4011 5083 τὰ

2423 5124 2530 5176 τῶν
2561 5123 2791 5191 πτωχῶν
2825 5122 3298 5193 καθαρπάζοντες,
3336 5121 3560 5193 θρόνους
3584 5123 3640 5174 δὲ
3669 5124 3908 5191 ἔχοντες,
3936 5123 4011 5186 ὡς

2427 5215 2774 5277 διδάσκαλοι,
2828 5215 2921 5283 ἀφ’
2959 5209 3034 5268 ὧν
3082 5214 3472 5288 καθῃρέθησαν
3501 5234 3514 5246 ·
3552 5215 3646 5268 καὶ
3679 5215 3866 5285 ὑψωσε
3915 5233 4010 5270 τα-

2428 5305 2649 5367 πεινοὺς
2710 5305 2835 5366 τοὺς
2867 5304 3216 5373 ἀνθρώπους,
3247 5304 3342 5368 οὒς
3371 5305 3735 5358 ἐταπείνωσεν
3765 5308 3799 5376 ὴ
3836 5307 4014 5377 ἁμαρ-

2420 5398 2528 5462 τία,
2557 5398 2588 5466 ἢ
2620 5397 2688 5450 τὰ
2714 5397 2844 5466 ἔθνη
2865 5412 2879 5426 ·
2913 5397 3096 5467 ὑψωσε
3116 5399 3225 5468 γὰρ
3243 5398 3440 5464 ταῦτα,
3471 5399 3744 5452 υίοθεσίαν
3779 5400 4008 5469 χαρισα-

2425 5505 2581 5556 μενος
2604 5489 2809 5551 αὑτοῖς.
2839 5489 3053 5559 Ὠσπερ
3077 5489 3169 5544 οὑν
3193 5492 3287 5546 καὶ
3314 5492 3616 5553 πεινῶντας
3635 5495 3761 5553 τοὺς
3786 5494 4004 5556 αὑτοὺς,

2419 5580 2546 5642 τοὺς
2571 5580 2630 5643 ἐξ
2653 5580 2826 5634 ἐθνῶν
2851 5582 3012 5650 λέγω
3037 5583 3098 5636 οὑ
3118 5585 3226 5654 γὰρ
3244 5581 3391 5656 εἶχον
3423 5585 3667 5654 Γραφὰς.
3699 5587 3733 5655 ἦ
3753 5587 3944 5656 νόμον,
3978 5588 4007 5657 ἢ

2418 5669 2639 5735 ἐντολάς
2661 5685 2674 5700 ·
2702 5673 2998 5744 ἐνέπλησεν
3044 5673 3268 5742 ἀγαθῶν
3303 5676 3411 5728 τῶν
3456 5674 3772 5745 Γραφικῶν,
3801 5678 3928 5742 τοὺς
3956 5677 4009 5727 ὁὶ
