4272 6438
766 421 874 486 715

1684 409 2269 472 THEOPHYLA'CTI
2302 408 2707 470 BULGAIU
2735 405 3085 468 ARCl-HEP.

3913 396 4024 461 716

767 533 1030 600 matrique
1084 542 1190 582 suae
1226 524 1650 580 communicavit
1691 524 1890 578 donum
1932 522 2328 592 propheticum.
2363 522 2454 577 Δὲ

2363 526 2407 577 Α
2436 520 2661 587 ὲλάλησε
2722 519 2848 586 περὶ
2881 518 2973 569 τοὺ
3009 515 3307 584 ὀνόματος,
3349 513 3431 566 ὅτι
3496 513 3749 582 Ἰωάννης
3788 511 3906 564 ἐστὶ
3957 511 4022 563 τδ

767 625 932 678 Porro
979 617 1263 672 Zacharias
1293 629 1413 669 cum
1447 630 1554 668 non
1603 624 1784 683 posset
1819 623 1949 667 nutu
1991 612 2335 667 manifestare

768 731 984 780 nomen,
1029 715 1160 780 petit
1194 711 1440 765 tabellas.
1474 708 1538 763 Et
1581 708 1704 776 quia
1736 706 2061 775 astipulatus
2092 714 2175 759 est
2207 719 2334 758 sen-

764 810 941 865 tentia:
970 807 1151 861 uxoris
1182 807 1236 858 in
1265 803 1480 856 nomine
1505 799 1682 869 pueri,
1705 798 2088 866 obstupescunt
2112 812 2329 851 omnes:

765 917 864 960 non
903 899 1046 952 enim
1096 905 1209 950 erat
1242 895 1292 947 in
1337 891 1654 962 cognatione
1696 905 1883 945 eorum
1914 890 2179 957 quispiam
2219 889 2333 956 ejus

763 989 1018 1053 nominis,
1056 998 1112 1042 ut
1135 986 1256 1055 quis
1278 985 1458 1040 dicere
1487 982 1655 1052 possit
1691 981 1834 1050 quod
1867 989 1991 1034 ante
2024 990 2233 1049 tempus
2263 979 2332 1032 de

762 1086 860 1138 hoc
902 1082 1060 1135 ambo
1102 1078 1406 1132 tractarint.
1451 1074 1686 1129 Joannes
1720 1071 1871 1140 juxta
1927 1070 2328 1140 interpretatio-

760 1192 878 1230 nem
909 1183 1008 1238 est,
1045 1170 1139 1224 Dei
1181 1170 1350 1241 gratia
1381 1186 1393 1222 :
1443 1167 1667 1238 proinde
1693 1173 1754 1220 et
1787 1171 1941 1234 pater
1968 1162 2108 1218 illius
2147 1162 2325 1217 statim

759 1276 1035 1320 assecutus
1070 1263 1330 1332 gratiam,
1386 1261 1619 1329 primum
1656 1260 1721 1314 de
1755 1257 1995 1320 Christo,
2039 1255 2232 1309 deinde
2265 1253 2329 1308 de

758 1368 924 1421 puero
949 1351 1304 1422 proplietizat.

828 1617 986 1671 Vens.
1027 1616 1216 1671 63-75.
1261 1635 1277 1665 ι
1323 1614 1384 1668 Ει
1433 1613 1606 1668 factus
1632 1627 1714 1666 esi
1756 1612 1915 1666 timor
1948 1625 2109 1678 super
2139 1623 2327 1666 omnes

753 1711 956 1764 vicinos
982 1723 1198 1771 eorum,
1234 1717 1288 1762 et
1325 1706 1374 1760 in
1423 1714 1532 1760 tota
1567 1713 1822 1758 montana
1871 1703 2090 1773 regione
2131 1701 2329 1757 Judaeaa

753 1799 1165 1866 dit‘ulgabantur
1185 1797 1363 1850 omnia
1393 1795 1554 1851 verba
1583 1796 1716 1858 hanc,
1739 1804 1792 1848 et
1815 1803 2110 1863 posuerunt
2131 1807 2319 1847 omnes

747 1889 836 1957 qui
867 1888 1149 1941 audierant
1183 1887 1232 1938 in
1259 1885 1420 1939 corde
1445 1897 1563 1948 suo,
1593 1881 1831 1936 dicentes
1860 1897 1873 1934 :
1902 1879 2158 1947 Quisnam
2187 1893 2321 1946 puer

745 1978 832 2033 hic
861 1977 1002 2032 erit?
1053 1977 1115 2030 Et
1160 1991 1350 2029 manus
1385 1973 1593 2028 Domini
1640 1980 1758 2025 erat
1791 1985 1913 2024 cum
1965 1970 2073 2023 illo.
2106 1966 2174 2022 Et
2216 1966 2318 2021 Za-

745 2071 961 2125 charias
993 2076 1143 2138 pater
1172 2067 1288 2135 ejus
1331 2065 1564 2134 repletus
1596 2071 1679 2118 est
1712 2062 1914 2131 Spiritu
1946 2069 2158 2123 sancto,
2193 2072 2318 2128 pro-

743 2161 1089 2231 phetat-itque
1141 2160 1328 2214 dicens
1389 2175 1404 2212 :
1469 2157 1794 2211 Benedictus
1852 2154 2110 2210 Dominus
2171 2151 2315 2207 Deus

743 2254 926 2315 Israel,
971 2254 1094 2322 quia
1127 2252 1368 2306 visitavit
1404 2260 1456 2304 et
1487 2249 1608 2304 fecit
1658 2249 2082 2316 redemptionem
2118 2245 2315 2315 populo

743 2359 858 2399 suo.
904 2343 968 2397 Et
1011 2344 1267 2397 excitavit
1300 2356 1471 2397 cornu
1512 2340 1700 2394 salutis
1737 2339 1891 2393 nobis
1932 2339 1985 2391 in
2015 2338 2174 2393 domo
2205 2338 2314 2392 Da-

743 2435 830 2488 \id
863 2436 1011 2504 pueri
1045 2435 1127 2488 sui
1161 2452 1172 2486 :
1209 2434 1348 2487 sicut
1379 2431 1541 2501 282
1577 2429 1788 2485 locutus
1821 2436 1904 2482 est
1959 2441 2056 2495 per
2086 2440 2148 2482 os
2187 2440 2313 2481 san-

741 2539 950 2584 etnrum
978 2565 992 2589 ,
1027 2527 1118 2595 qui
1163 2542 1189 2579 a
1242 2523 1438 2579 saeculo
1479 2532 1606 2576 sunt
1639 2521 2018 2590 prophetarum
2065 2532 2309 2573 suorum.

740 2620 979 2676 Saluum
1032 2633 1096 2672 ex
1134 2617 1369 2671 inimicis
1403 2615 1624 2679 nostris,
1665 2623 1720 2668 et
1765 2613 1830 2666 de
1874 2626 2035 2665 manu
2072 2611 2309 2664 omnium

739 2712 825 2780 qui
864 2709 1098 2762 oderunt
1153 2723 1271 2761 nos.
1331 2703 1404 2758 Ut
1459 2705 1662 2758 faceret
1714 2701 2143 2756 misericordiam
2188 2714 2310 2754 cum

739 2800 984 2868 patribus
1044 2797 1281 2861 nostris,
1326 2805 1378 2849 et
1423 2809 1630 2850 memor
1663 2801 1808 2848 esset
1865 2790 2170 2847 testamenti
2229 2786 2312 2842 sui

737 2890 932 2947 sancti.
958 2887 1115 2944 Juxta
1136 2886 1513 2957 jusjurandum
1541 2888 1686 2952 quod
1708 2883 1912 2951 juravit
1937 2883 2002 2936 ad
2035 2881 2307 2936 Abraham

735 2994 942 3054 patrem
976 2991 1245 3044 nostrum,
1278 2987 1334 3030 ut
1363 2979 1518 3032 daret
1551 2976 1724 3030 nobis.
1764 2973 1834 3030 Ut
1865 2974 2000 3028 citra
2037 2975 2305 3037 timorem,

735 3080 799 3131 de
827 3090 988 3130 manu
1020 3073 1364 3126 inimicorum
1397 3078 1704 3122 nostrorum
1739 3067 1969 3132 liberati,
2009 3068 2309 3121 serviamus

736 3170 834 3239 ipsi
883 3169 936 3222 in
981 3165 1269 3221 sanctitate
1320 3169 1372 3216 et
1416 3160 1622 3228 justitia
1675 3174 1853 3214 coram
1893 3160 2042 3229 ipso,
2101 3159 2309 3212 cunctis

732 3263 923 3314 diebus
954 3261 1080 3312 vita:
1111 3267 1327 3310 nostrae.
1377 3272 1393 3304 ι
1442 3252 1636 3307 Factus
1673 3261 1755 3306 est
1801 3254 1962 3306 timor
1992 3265 2154 3319 super
2186 3266 2298 3304 om-

731 3367 828 3408 nes
851 3391 865 3417 ,
901 3363 1122 3420 prapter
1155 3345 1473 3399 miraculum
1509 3343 1777 3413 loquentis
1819 3342 2113 3396 Zachariau
2153 3342 2308 3395 Sicut

726 3443 870 3497 enim
902 3441 1053 3509 prius
1079 3453 1201 3492 cum
1226 3434 1607 3496 obiit-aluisset,
1643 3441 1924 3500 stupuerat
1955 3430 2198 3496 potiulus,
2233 3431 2303 3481 ita

728 3535 888 3587 etiam
917 3522 1061 3585 nunc
1095 3543 1214 3583 cum
1248 3527 1486 3580 redditus
1508 3535 1592 3578 est
1626 3525 1670 3577 ei
1701 3538 1897 3576 sermo.
1933 3520 2160 3590 Propter
2200 3522 2303 3574 duo

729 3623 889 3691 igitur
922 3618 1176 3674 miracula
1216 3619 1327 3670 haec
1363 3614 1674 3684 cogitabant
1719 3613 1783 3665 de
1826 3623 1950 3665 nato
1990 3610 2131 3680 quod
2166 3610 2302 3661 mul-

729 3727 811 3768 tos
843 3713 1192 3782 prmeelleret.
1234 3708 1394 3762 Facta
1433 3717 1610 3759 autem
1649 3715 1774 3758 sunt
1819 3705 1930 3758 haec
1965 3703 2146 3755 omnia
2191 3702 2298 3754 sin-

725 3807 892 3876 gulari
920 3805 1145 3874 quadam
1179 3801 1600 3868 dispensatione,
1635 3809 1692 3850 ut
1715 3796 1805 3865 qui
1838 3799 1900 3849 de
1935 3795 2151 3849 Christo
2182 3809 2299 3862 pro.

723 3899 1095 3969 plietizaturus
1125 3903 1290 3956 esset,
1325 3893 1428 3944 [ide
1461 3891 1654 3959 dignus
1681 3888 1992 3949 haberetur,
2026 3895 2080 3939 et
2113 3900 2300 3939 omnes

721 4009 786 4046 ex
847 3993 959 4059 ipsa
1024 3989 1305 4043 nativitate
1351 3984 1578 4040 Joannis
1632 3982 1889 4035 certiores
1946 3979 2298 4032 redderentur

723 4083 864 4153 quod
891 4081 1069 4135 multis
1095 4079 1264 4148 major
1301 4085 1466 4130 esset.
1493 4073 1766 4128 Benedicit
1791 4082 1969 4123 autem
2007 4067 2298 4122 Zacharias

722 4175 914 4236 Deum,
956 4172 1079 4241 quia
1117 4172 1431 4224 visitaverat
1487 4166 1773 4218 lsraelitas.
1825 4163 1888 4214 Et
1933 4158 2172 4229 profecto
2209 4176 2298 4214 vc-

724 4275 875 4319 uerat
922 4266 986 4318 ad
1017 4277 1144 4316 oves
1177 4274 1294 4328 quas
1339 4259 1561 4328 perdita:
1597 4265 1756 4310 erant
1794 4255 1858 4310 de
1891 4255 2050 4308 domo
2093 4253 2253 4307 Israel
2283 4295 2295 4316 ,

719 4358 810 4413 sed
847 4356 1090 4425 plerique
1126 4351 1446 4406 beneﬁcium
1493 4347 1608 4417 ejus
1653 4349 1928 4416 suscipere
1971 4346 2292 4407 noluerunt,

718 4452 856 4504 unde
891 4463 1045 4502 veros
1088 4445 1358 4502 Israelitas
1395 4445 1599 4499 invisit.
1643 4442 1708 4496 Et
1758 4442 1978 4511 quinam
2015 4449 2138 4492 sunt
2179 4436 2294 4489 illi?

2436 612 2604 681 ὗνομα
2639 609 2802 663 αὑτοῦ
2836 626 2848 639 °
2897 609 3034 676 τάχα
3063 607 3118 659 δὲ
3150 605 3244 658 καὶ
3271 607 3298 657 6
3339 605 3592 675 Ἰωάννης
3639 603 3800 664 αὐτὸς
3835 602 4021 670 ἑαυτῷ

2436 704 2728 774 περιέθηκε
2762 702 2821 753 τὸ
2845 701 3012 770 ὄνομα
3039 715 3050 728 ·
3089 702 3154 767 τῇ
3189 699 3296 768 γὰρ
3342 697 3508 768 μητρὶ
3546 696 3706 757 αὐτὸς
3739 694 4020 764 μετέδωκε

2435 796 2526 848 τοῦ
2571 791 2909 864 προφητικοῦ
2985 789 3364 860 χαρίσματος(
3394 791 3493 840 Διὰ
3541 787 3809 856 νεύματος
3839 786 3896 837 δὲ
3942 788 4019 852 μὴ

2432 886 2727 954 δυνάμενος
2786 883 2814 932 6
2867 880 3143 951 Ζαχαρίας
3219 878 3459 947 δηλῶσαι
3516 877 3577 929 τὸ
3625 876 3826 943 ὄνομα,
3874 875 4025 925 αἰτεῖ

2433 976 2764 1029 πινακίδιονο
2800 975 2893 1025 καὶ
2918 971 3107 1040 ἐπειδὴ
3146 969 3486 1039 ὠμοφώνησε
3532 971 3596 1037 τῇ
3626 969 3847 1034 γυναικὶ
3886 966 4020 1032 περὶ

2430 1067 2490 1120 τδ
2514 1067 2683 1135 ὄνομα
2731 1064 2822 1116 τοῦ
2860 1063 3068 1125 παιδὸς,
3109 1062 3506 1128 ἐκπλήττονται
3539 1059 3740 1119 πάντες
3767 1075 3779 1086 ⁸
3813 1058 3877 1108 οὑ
3908 1055 4022 1121 γὰρ

2430 1155 2496 1230 ἧν
2527 1163 2584 1211 ὲν
2619 1161 2684 1228 τῇ
2738 1154 3030 1224 συγγενείᾳ
3077 1153 3280 1209 αὐτῶν.
3329 1153 3416 1203 ἴνα
3440 1168 3522 1212 τις
3556 1150 3654 1219 ἔχῃ
3695 1150 3894 1208 εἰπεῖν,
3934 1148 4020 1198 ὅτι

2430 1252 2536 1318 πρὸ
2561 1247 2752 1319 καιροῦ
2783 1247 2939 1300 τοῦτο
2969 1246 3239 1314 ἐμελέτων
3265 1243 3582 1311 ἀμφότεροι.
3667 1241 3926 1308 Ἰωάννης
3961 1240 4022 1290 δὲ

2430 1340 2794 1411 ἑρμηνεύεται
2839 1337 2975 1390 Θεοῦ
3035 1337 3194 1406 χάρις
3225 1352 3236 1363 '
3301 1335 3379 1387 διὸ
3411 1335 3504 1387 καὶ
3543 1337 3570 1387 6
3619 1333 3805 1401 πατὴρ
3844 1330 4021 1384 αὑτοῦ

2429 1430 2633 1493 εὐθέως
2663 1429 3009 1501 χαριτωθεὶς,
3043 1427 3374 1498 προφητεύει
3401 1425 3528 1495 περί
3559 1443 3615 1478 τε
3642 1425 3736 1477 τοῦ
3771 1423 4019 1492 Χριστοῦ

2431 1520 2719 1590 πρότερον,
2746 1520 2841 1573 καὶ
2868 1520 2993 1590 περὶ
3023 1519 3118 1571 τοῦ
3153 1517 3343 1581 παιδὸς
3375 1517 3621 1588 ὕστερον.

2508 1629 2524 1660 ι
2569 1610 2679 1662 Καὶ
2713 1611 2927 1678 ἐγένετο
2955 1609 3046 1661 ἐπὶ
3077 1610 3286 1671 πάντας
3322 1608 3484 1677 φόϐος
3512 1609 3636 1669 τοὺς
3669 1606 4018 1676 περιρ-κ’,ὖν-

2431 1717 2529 1762 τας
2564 1699 2762 1762 αύτούς
2791 1715 2806 1733 ο
2846 1700 2938 1754 καὶ
2996 1701 3053 1753 ὲν
3103 1700 3200 1769 ὅλῃ
3235 1701 3303 1768 τῇ
3357 1701 3538 1768 ὀρεινῇ
3592 1698 3690 1764 τῆς
3750 1697 4017 1758 Ἰουδαίας

2430 1791 2922 1844 διελαλεῖτσπάντα
2952 1791 3018 1844 τὰ
3048 1792 3272 1861 ῥήματα
3297 1789 3468 1842 ταῦτα
3489 1805 3502 1819 ·
3534 1789 3626 1840 καὶ
3657 1787 3845 1839 ἔθεντο
3873 1788 4014 1840 πάνυ

2421 1902 2508 1947 τες
2556 1886 2604 1937 οί
2655 1884 2989 1948 ἀκούσαντες
3037 1885 3094 1936 ὲν
3123 1885 3189 1953 τῇ
3225 1881 3422 1952 καρδίᾳ
3471 1881 3672 1944 αὐτῶν,
3711 1880 3967 1945 λέγοντες
3993 1891 4010 1907 ⁶

2419 1977 2486 2031 Τί
2515 1978 2622 2047 ἄρα
2651 1977 2712 2030 τδ
2737 1977 2942 2030 παιδίον
2968 1976 3125 2030 τοῦτο
3164 1976 3354 2039 terat;
3402 1975 3510 2027 Kal.
3546 1974 3665 2043 χεὶρ
3705 1971 3917 2039 Κυρίου
3944 1966 4012 2038 ἦν

2423 2072 2543 2140 μετ’
2574 2069 2760 2122 αὐτοῦ.
2797 2069 2908 2122 Καὶ
2946 2069 3223 2138 Ζαχαρίας
3263 2070 3290 2120 6
3323 2064 3508 2135 πατὴρ
3551 2065 3720 2119 αὑτοῦ
3753 2064 4007 2132 ἐπλήσθη

2419 2156 2744 2227 Πνεύματος
2772 2159 2954 2225 ἁγίου,
3012 2159 3106 2210 καὶ
3133 2156 3508 2226 προεφήτευσε
3541 2195 3557 2218 ,
3593 2155 3770 2220 λέγων
3799 2171 3812 2183 ·
3840 2154 4008 2207 E610-

2419 2248 2584 2318 γητὸς
2622 2249 2828 2317 Κύριος
2869 2251 2895 2300 6
2928 2247 3062 2311 Θεὸς
3105 2248 3200 2300 τοῦ
3256 2247 3507 2318 Ἰσραὴλ,
3543 2248 3626 2300 ὅτι
3660 2247 4009 2313 ἐπεσκέψατο

2419 2339 2514 2394 καὶ
2559 2339 2786 2410 ἐποίησε
2839 2339 3106 2413 λύτρωσιν
3155 2339 3233 2408 τῷ
3262 2339 3378 2408 λαῷ
3421 2339 3584 2394 αὐτοῦ
3611 2356 3622 2368 ·
3677 2340 3772 2392 καὶ
3816 2340 4007 2408 ἦγειρε

2416 2431 2588 2502 κέρας
2619 2431 2896 2502 σωτηρίας
2949 2433 3079 2501 ἡμῖν
3122 2434 3178 2484 ὲν
3215 2432 3294 2500 τῷ
3323 2432 3459 2500 οῐκῳ
3490 2431 3655 2484 Δασὶδ
3683 2431 3780 2482 τοῦ
3814 2430 4007 2491 παιδὸς

2416 2523 2580 2577 αύτοῦ
2608 2541 2621 2554 ·
2655 2522 2838 2587 καθὼς
2871 2522 3102 2594 ἐλάλησα
3127 2523 3217 2576 διὰ
3255 2523 3522 2593 στόματος
3557 2522 3665 2574 τῶν
3693 2522 3867 2585 ἁγίων
3896 2521 4008 2573 τῶν

2415 2616 2510 2668 ἀπ’
2558 2615 2751 2678 αίῶνος
2801 2615 3099 2685 προφητῶν
3137 2614 3338 2667 αὐτοῦ’
3386 2614 3662 2682 σωτηρίαν
3695 2613 3752 2676 ἐξ
3790 2613 4004 2682 ἐχθρῶν

2416 2708 2594 2777 ἡμῶν,
2630 2710 2722 2760 καὶ
2756 2710 2819 2759 ὲκ
2855 2707 3035 2777 χειρὸς
3065 2707 3282 2760 πάντων
3462 2705 3770 2774 μισούντων
3804 2705 3953 2773 ἡμᾶς
3985 2721 4000 2734 '

2417 2798 2641 2866 ποιῆσαι
2700 2799 2847 2860 ἕλεος
2898 2797 3037 2868 μετὰ
3080 2797 3188 2850 τῶν
3218 2798 3470 2866 πατέρων
3507 2797 3692 2866 ἡμῶν,
3729 2797 3823 2848 καὶ
3859 2813 3999 2866 μνη-

2416 2889 2608 2958 σθῆναι
2665 2889 2930 2959 διαθήκης
2987 2889 3149 2955 ἁγίας
3202 2888 3390 2942 αὐτοῦ.
3448 2888 3655 2957 Ὅρκου
3703 2880 3764 2940 οὗ
3815 2885 4002 2955 ὤμοσε

2415 2980 2551 3051 πρὸς
2594 2980 2847 3050 Ἀϐραὰμ
2879 2981 2970 3032 τὸν
3021 2980 3235 3050 πατέρα
3279 2980 3457 3050 ήμῶν,
3511 2978 3606 3032 τοῦ
3639 2978 3825 3032 δοῦναι
3868 2981 4004 3048 ἡμίν

2412 3072 2650 3140 ἀφόϐως,
2678 3073 2741 3124 ὲκ
2778 3073 2955 3142 χειρδς
2985 3072 3092 3124 τῶν
3122 3071 3332 3142 ἐχθρῶν
3362 3073 3518 3142 ἡμῶν
3551 3072 3871 3142 ῥυσθέντας,
3905 3070 4000 3123 λα-

2335 3191 2379 3250 c
2412 3163 2627 3234 τρεύειν
2661 3163 2808 3231 αὐτῷ
2861 3166 2918 3216 ὲν
2966 3164 3204 3235 ὁσιότητι
3256 3165 3350 3218 καὶ
3401 3165 3719 3235 δικαιοσύνη
3763 3165 4001 3217 ὲνώπιον

2414 3256 2580 3310 αὑτοῦ
2610 3257 2791 3320 πάσας
2807 3255 2902 3318 τὰς
2928 3257 3137 3329 ἡμέρας
3165 3259 3264 3325 τῆς
3293 3257 3439 3325 ζωῆς
3466 3257 3646 3327 ημῶν.
3681 3276 3698 3308 ι
3750 3255 4002 3322 Ἐγένετο

2410 3347 2502 3398 ἐπὶ
2532 3349 2738 3409 πάντας
2788 3349 2972 3415 φόσος,
3006 3349 3093 3402 διὰ
3119 3348 3179 3400 τδ
3210 3348 3512 3417 παράδοξον
3544 3348 3645 3415 τῆς
3679 3347 3771 3400 τοῦ
3814 3350 3999 3417 Ζαχα-

2410 3440 2526 3506 ρίου
2559 3439 2924 3507 ὲκ-λαλήσεως.
2971 3440 3181 3508 Ὠσπερ
3215 3439 3322 3509 γὰρ
3360 3441 3452 3491 ἐπὶ
3483 3442 3547 3510 τῇ
3584 3443 3764 3509 σιωπῇ
3801 3440 3997 3509 ἐξέστη

2405 3527 2432 3576 6
2469 3526 2612 3588 λαὸς,
2652 3527 2796 3579 οὕτω
2845 3527 2939 3579 καὶ
2968 3529 3057 3579 ἐπὶ
3084 3528 3162 3598 τῷ
3206 3529 3439 3598 λαλῆσαι
3477 3530 3640 3581 αὐτόν
3666 3545 3677 3558 ’
3710 3529 3785 3592 ὡς
3814 3530 3881 3582 ἂν
3910 3532 4000 3584 διὰ

2417 3613 2514 3665 τῶν
2551 3614 2642 3666 δύο
2678 3616 2885 3667 τούτων
2919 3616 3214 3686 θαυμάτων
3240 3659 3254 3683 ,
3311 3618 3738 3686 συλλογίσωνται
3793 3621 3999 3684 πάντες

2407 3710 2537 3775 περὶ
2589 3709 2684 3760 τοῦ
2733 3709 3040 3778 τεχθέντος,
3076 3710 3149 3772 ὼς
3203 3710 3342 3779 ὑπὲρ
3385 3711 3511 3772 τοὺς
3562 3711 3791 3774 πολλούς
3851 3714 3995 3769 ἐστι.

2407 3798 2590 3849 Ταῦτα
2610 3799 2674 3850 ’δὲ
2711 3802 2884 3851 πάντα
2913 3801 3146 3866 ἐγίνοντο
3179 3801 3560 3869 οἰκονομικῶς,
3591 3803 3675 3855 ἵνα
3698 3805 3725 3854 6
3749 3804 3878 3872 περὶ
3903 3803 3996 3856 τοῦ

2404 3890 2642 3959 Χριστοῦ
2699 3891 2907 3960 μέλλων
2952 3894 3346 3963 μαρτυρήσειν,
3379 3894 3694 3960 ἀξιόπιστος
3742 3897 3852 3964 ειη,
3900 3901 3997 3950 καὶ

2403 3983 2605 4044 πάντες
2648 3984 3142 4054 πληροφορηθῶσιν
3191 3985 3248 4050 ἐξ
3280 3987 3449 4054 αὐτῆς
3477 3989 3576 4054 τῆς
3604 3986 3698 4039 τοῦ
3742 3989 3996 4042 Ἰωάννου

2411 4077 2738 4144 γεννήσεως,
2766 4079 2847 4128 ὅτι
2880 4077 3020 4146 ὑπὲρ
3046 4080 3170 4140 τώς
3203 4078 3434 4140 πολλούς
3474 4080 3642 4132 ἐστιν.
3679 4079 3908 4148 Εύλογεῖ
3940 4083 3996 4134 δὲ

2387 4168 2429 4226 ’ὁ
2470 4166 2743 4238 Ζαχαρίας
2784 4169 2874 4221 τὸν
2928 4167 3080 4233 Θεὸν,
3114 4168 3189 4234 ὡς
3225 4170 3669 4242 ἑπισκεῷάμενον
3702 4174 3826 4235 τοὺς
3893 4175 3997 4228 Ἰσ-

2405 4260 2703 4330 ραηλίτας·
2744 4261 2820 4330 τῷ
2871 4261 2984 4314 ὄντι
3028 4265 3137 4332 γὰρ
3190 4265 3271 4325 είς
3323 4266 3393 4316 τὰ
3431 4265 3680 4334 πρόϐατα
3736 4261 3872 4332 ἦ).οε
3927 4269 3994 4319 τὰ

2398 4353 2718 4405 ἀπολωλότα
2771 4354 2921 4405 οῐκου
2983 4355 3227 4424 Ἰσραὴλ,
3280 4355 3394 4408 ἀλλ’
3448 4357 3564 4432 οὐκ.
3625 4357 3901 4427 ἠθέλησαν
3942 4362 3993 4410 οί

2402 4444 2651 4507 πλείονες
2707 4445 2883 4496 αὐτῶν
2934 4445 3190 4509 δέξασθαι
3236 4446 3336 4515 τὴν
3386 4449 3544 4517 χάριν
3572 4463 3584 4475 ³
3619 4448 3699 4500 διὸ
3742 4451 3833 4501 καὶ
3865 4451 3994 4512 τοὺς

719 4537 781 4593 lli
815 4541 902 4606 qui
945 4539 1307 4592 crediderunt.
1356 4534 1626 4589 Excitavit
1655 4543 1834 4585 autem
1875 4545 2046 4585 cornu
2076 4528 2287 4593 salutis,
2317 4537 2370 4595 1)
2399 4557 2406 4589 ε

2317 4537 2616 4606 Ὁάληθῶς
2671 4536 3013 4606 Ἰσραηλίτας
3073 4538 3452 4607 ἐπεσκέψατο,
3515 4539 3713 4602 οἵτινές
3760 4543 3904 4592 εἰσιν
3945 4544 3991 4595 oi

717 4635 817 4687 hoc
855 4641 957 4694 est,
1004 4631 1253 4682 virtutem
1288 4637 1343 4683 et
1383 4641 1608 4696 regnum
1641 4623 1899 4678 salutare.
1932 4623 2110 4677 Cornu
2144 4621 2286 4675 enim

717 4723 798 4776 vel
834 4723 1132 4791 potentiam
1173 4719 1478 4790 signiﬁcat,
1530 4726 1756 4773 cornuta
1797 4717 1955 4770 enim-
1993 4715 2286 4769 animantia

713 4815 765 4867 in
812 4828 978 4867 cornu
1038 4812 1205 4866 robur
1258 4811 1490 4874 habent,
1540 4809 1623 4864 vel
1674 4823 1896 4880 regnum
1944 4827 1956 4860 :
2019 4822 2084 4860 ex
2120 4821 2285 4859 cornu

709 4907 858 4960 enim
895 4920 1046 4973 reges
1076 4903 1494 4983 iniungebantur.
1521 4903 1706 4970 Itaque
1732 4900 1981 4955 Christus
2012 4907 2066 4953 et
2095 4909 2287 4968 poten-

710 4999 780 5054 tia
808 5007 887 5052 est
929 5006 982 5050 et
1024 5012 1248 5065 regnum
1278 4995 1474 5050 Patris.
1511 4996 1816 5049 Excitatum
1866 4994 2026 5063 igitur
2055 4999 2136 5045 est
2185 5009 2283 5046 no-

710 5092 790 5144 bis
822 5104 991 5142 cornu
1032 5087 1252 5155 salutis,
1297 5087 1571 5142 Christus.
1627 5085 1927 5140 Videbatur
1959 5087 2101 5139 enim
2153 5085 2282 5139 dor-

711 5184 868 5247 mire,
921 5192 1274 5236 contemnens
1321 5181 1614 5236 multorum
1667 5190 1910 5249 peceata,
1953 5179 2284 5249 longanimi--

711 5285 868 5329 tatem
895 5275 948 5328 in
982 5273 1392 5329 simulacrorum
1427 5276 1618 5327 insano
1651 5272 1795 5325 cultu
1840 5287 1949 5341 pra:
1990 5287 2048 5325 se
2079 5272 2280 5336 ferens,

705 5367 796 5423 sed
835 5368 889 5421 in
941 5368 1248 5422 novissimis
1288 5369 1618 5436 temporibus
1661 5369 1980 5421 incarnatus
2013 5367 2280 5422 excitatus

704 5468 804 5521 est,
839 5468 896 5519 et
942 5460 1198 5520 contrivit
1229 5473 1416 5512 omnes
1446 5475 1534 5528 qui
1567 5471 1801 5513 nuerunt
1843 5475 1940 5513 nos
1989 5459 2279 5522 ιίιῑιιιθηρε,

705 5567 810 5606 non
857 5551 967 5620 jam
1014 5553 1148 5604 ultra
1192 5552 1512 5621 longanimis
1571 5562 1622 5606 ct
1678 5555 1968 5605 dormiens.
2017 5552 2185 5605 Porro
2227 5552 2276 5603 in

702 5646 863 5698 domo
910 5643 1078 5697 David
1123 5647 1386 5700 excitatus
1419 5653 1530 5708 cst,
1563 5647 1659 5698 hoc
1703 5657 1783 5700 est
1809 5687 1822 5710 ,
1863 5649 1912 5698 in
1953 5646 2271 5701 Bethleem:

701 5734 807 5788 iiilt.’
843 5737 982 5789 enim
1020 5745 1175 5789 natus
1206 5746 1303 5790 est.
1355 5736 1622 5788 Bethleem
1671 5749 1853 5791 autem
1898 5740 2064 5804 patria
2113 5737 2277 5790 l)av.d

701 5837 842 5890 erat,
891 5829 1211 5884 sicutlocuti
1263 5830 1480 5882 fuerunt
1528 5830 1816 5899 ptophxta‘.
1888 5832 2084 5883 Omnes
2131 5833 2273 5884 cnim

2398 4631 2808 4691 πιστεύσαντες.
2838 4629 3064 4695 Ἥγειρε
3095 4629 3150 4682 δὲ
3181 4631 3350 4696 κέρας
3385 4632 3682 4700 σωτηρίας,
3716 4634 3990 4695 τουτέστι,

2393 4720 2625 4792 δύναμιν
2668 4721 2761 4773 καὶ
2811 4720 3091 4791 βασιλείαν
3135 4723 3406 4792 σωτήριον
3433 4739 3447 4752 ο
3499 4723 3559 4776 τὸ
3607 4724 3712 4794 γὰρ
3749 4725 3922 4794 κέρας
3957 4728 3984 4775 ἲ

2394 4812 2628 4882 δύναμιν
2680 4814 2970 4883 σημαίνει’
3004 4813 3071 4866 τὰ
3117 4814 3223 4884 γὰρ
3273 4814 3593 4884 κερασφόρα
3636 4815 3750 4879 ζῶα
3787 4818 3844 4868 ὲν
3875 4821 3990 4881 τοῖς

2398 4907 2592 4975 κέρασι
2629 4905 2724 4977 τὴν
2774 4906 3004 4974 δύναμιν
3055 4906 3291 4976 ἔχουσιν,
3326 4907 3357 4973 ἢ
3394 4906 3673 4975 βασιλείαν
3703 4925 3714 4937 ·
3761 4908 3840 4976 τῷ
3882 4910 3990 4980 γὰρ

2397 4998 2586 5068 κέρατι
2643 5001 2887 5068 ἐχρίοντο
2935 5001 2982 5052 οί
3029 4999 3291 5066 βασιλεῖς.
3363 4999 3424 5051 ’0
3463 4995 3558 5052 οὖν
3605 5000 3844 5070 Χριστὸς
3897 5002 3990 5054 καὶ

2393 5089 2622 5160 δύναμίς
2674 5091 2922 5144 ἐστικαὶ
2979 5090 3224 5162 βασιλεία
3273 5090 3368 5144 τοῦ
3408 5092 3658 5164 Πατρός·
3712 5092 3988 5163 ἐξηγέρηη

2392 5185 2483 5240 οὖν
2518 5190 2649 5257 ἡμῖν
2685 5188 2852 5257 κέρας
2909 5188 3180 5255 σωτηρίας
3215 5189 3241 5239 6
3296 5187 3551 5255 Χριστός.
3612 5187 3816 5239 Ἐδόκει
3870 5187 3981 5256 γὰρ

2397 5281 2699 5334 ὐπνὼττενι
2726 5325 2739 5345 ,
2780 5281 3271 5350 παραόλεπόμενος
3304 5279 3400 5342 τὰς
3441 5280 3637 5342 πολλὰς
3675 5281 3982 5350 ἁμαρτίας,

2392 5374 2487 5426 καὶ
2545 5372 2918 5442 μακροθυμῶν
2965 5373 3057 5424 ἐπὶ
3091 5376 3158 5442 τῇ
3195 5372 3559 5443 εἰδωλομανὲα
3586 5388 3599 5401 ·
3633 5372 3752 5424 ἀλλ’
3787 5373 3845 5423 έν
3875 5375 3987 5436 τοῖς

2389 5466 2642 5534 ἐσχάτοις
2675 5465 2978 5532 σαρκωθεὶς
3008 5468 3242 5534 καιροῖς,
3270 5463 3542 5533 ἐξηγέρθη
3573 5466 3663 5516 καὶ
3688 5464 3984 5533 συνέτριψε

2390 5560 2595 5619 πάντας
2625 5558 2748 5620 τοὺς
2783 5557 3073 5626 μισοῦντας
3101 5560 3249 5628 ἡμᾶς
3276 5558 3558 5627 δαίμονας.
3600 5557 3816 5624 Μηκέτι
3849 5559 3951 5609 ἀνα

2391 5650 2655 5718 σχόμενος
2706 5648 2908 5700 ὑπνοῦν
2945 5649 3037 5701 καὶ
3091 5651 3465 5718 μακροθυμεῖ-ι
3493 5664 3503 5674 ·
3556 5649 3613 5699 ἐν
3650 5648 3727 5716 τῷ
3757 5651 3893 5716 οἴκῳ
3927 5649 3982 5700 δὲ

2388 5742 2552 5794 Δαόὶδ
2604 5741 2872 5812 ἐξηγέρθη
2901 5782 2915 5802 ,
2961 5744 3240 5795 τουτέστιν
3293 5742 3349 5792 ἐν
3402 5741 3669 5812 Βηθλεέμ,
3708 5743 3825 5791 in?
3873 5745 3983 5810 γὰρ

2388 5832 2650 5900 ἐγεννήθη
2684 5849 2693 5859 ·
2756 5835 2785 5902 ἡ
2816 5833 2866 5886 δὲ
2899 5832 3167 5904 Βηθλεὲμ,
3205 5833 3422 5894 πάντως
3458 5832 3614 5894 πόλις
3661 5829 3751 5883 τοῦ
3793 5829 3979 5886 Δα6;δ.
