4272 6438
740 364 847 427 699
1658 366 2233 431 THEOPHYLACTI
2288 369 2699 436 BULGARIE
2738 369 3097 433 ARCHIEP.
3882 372 3998 433 700

740 476 921 537 aliter,
957 473 1009 527 in
1054 476 1251 526 virtute
1296 487 1356 525 ac
1390 467 1589 541 'spiritu
1644 472 1809 529 Heliae
1848 476 1998 531 venit
2048 477 2302 544 Joannes,
2331 482 2427 540 A1

2331 482 2508 550 Ατῆς
2556 482 2803 553 πρώτης.
2862 483 2973 535 Καὶ
3026 482 3088 536 εν
3116 478 3347 552 δυνάμει
3397 481 3455 536 δι
3490 478 3719 546 Ἠλιοῦ,
3773 484 4000 539 καθδτδ

741 578 806 618 eo
831 564 972 633 quod
1005 561 1227 616 eremita
1265 561 1367 614 fuit
1394 563 1553 615 etiam
1575 562 1709 630 ipse,
1743 571 1798 618 et
1826 563 2052 636 frugalis
2080 569 2226 627 vitae.
2253 578 2308 623 et
2412 591 2428 628 ι

2412 573 2543 628 αὐτὸ
2557 574 2811 627 δύνανται
2841 575 2895 627 αί
2921 572 3219 643 παρουσίαι-
3240 572 3590 643 ἀμφοτέρων,
3612 573 3707 626 τοῦ
3727 590 3789 627 τε
3812 574 3997 627 Ἦλιοῦ

748 668 979 724 arguens
1024 654 1162 707 sicut
1216 653 1319 705 ille.
1379 652 1662 707 Convertit
1706 666 1886 709 autem
1918 668 1973 711 et
2002 658 2311 716 incredulos

744 746 955 798 Jmtaeos
988 744 1051 795 ad
1085 743 1423 811 prudentiam
1455 741 1747 811 justorum,
1775 745 1877 799 hoc
1909 756 2012 809 est,
2038 749 2312 816 apostolo-

746 848 861 885 rum
918 833 1237 887 doctrinam.
1324 833 1613 889 Prudentia
1668 846 1849 891 autem
1942 841 2309 906 apostolorum

745 926 918 989 gratia
979 937 1059 978 est
1095 924 1329 990 Spiritus
1361 928 1411 980 in
1448 928 1573 995 illis,
1610 945 1638 983 a
1686 947 1787 997 qua
1840 934 2307 1001 gubernabantur.

746 1014 1069 1083 Prmparavit
1102 1030 1315 1084 quaque
1351 1019 1595 1085 Domino,
1632 1021 1681 1073 id
1723 1032 1805 1075 est
1837 1023 2074 1089 Christo,
2106 1024 2310 1094 plebem

748 1119 1121 1172 praeparatam,
1173 1108 1273 1162 hoc
1322 1122 1404 1164 est
1455 1126 1708 1178 capacem
1792 1113 1857 1165 ad
1910 1116 2311 1184 suscipiendam

745 1198 1196 1265 praedicationem,
1227 1210 1283 1254 ut
1310 1202 1536 1269 exempli
1580 1205 1775 1271 gratia,
1811 1207 2027 1274 quando
2063 1207 2309 1262 veniebat

745 1289 1280 1355 prophetayluispiam
1306 1290 1627 1357 praedicans,
1651 1307 1754 1344 non
1785 1308 1971 1347 omnes
1998 1294 2312 1361 credebant,

744 1381 836 1432 sed
870 1379 957 1446 qui
998 1382 1280 1449 prmparali
1314 1394 1492 1445 erant,
1516 1392 1569 1436 et
1602 1384 1690 1452 qui
1714 1384 1929 1453 seipsos
1960 1387 2026 1439 ad
2075 1386 2177 1440 hoc
2223 1403 2315 1441 ac-

745 1471 1177 1524 eommodabant.
1213 1470 1343 1525 Nam
1391 1475 1532 1527 sicut
1578 1474 1622 1528 si
1678 1477 1802 1544 quis
1844 1485 2003 1531 noctu
2045 1479 2228 1533 veniat
2260 1480 2314 1533 in

744 1561 980 1625 domum,
1020 1576 1123 1614 non
1152 1578 1340 1617 onmes
1366 1564 1512 1617 illum
1542 1564 1841 1632 excipiunt,
1877 1568 1969 1622 sed
1993 1568 2087 1637 qui
2122 1568 2311 1639 vigiles

747 1660 870 1705 sunt
901 1663 1342 1722 exspectantque,
1374 1665 1427 1707 et
1454 1656 1519 1709 ad
1546 1656 1921 1724 excipiendum
1952 1661 2124 1727 parati
2153 1671 2314 1715 sunt:

745 1741 824 1795 sic
864 1752 920 1795 et
956 1740 1189 1799 Joannes
1249 1746 1573 1813 praeparavit
1610 1746 1842 1802 Domino
1896 1750 2170 1819 p0pulum,
2206 1765 2313 1805 non

2412 665 2507 718 καὶ
2536 663 2632 717 τοῦ
2672 664 2920 717 Ἰωάννου
2938 680 2952 694 ο
2993 664 3130 735 πρὸς
3154 664 3265 733 γὰρ
3285 664 3377 717 τὸν
3405 663 3643 735 Χριστὸν
3678 666 3996 729 συνάγουσι.

2412 756 2521 809 Kal
2550 756 2731 820 ἀλλως
2754 757 2810 810 δὲ
2840 758 2896 809 ἔν
2917 758 3144 827 δυνάμει
3174 755 3268 811 καὶ
3303 756 3581 827 πνεύματι
3614 757 3801 811 Ἠλιοῦ
3832 752 3996 828 ἦλθεν

2411 848 2439 899 ό
2488 846 2765 918 Ἰωάννης,
2798 849 2932 902 διότι
2962 850 3232 920 ὲρημίτης
3279 844 3348 921 ἦν
3373 848 3468 903 καὶ
3495 849 3678 913 αὐτὸς,
3736 852 3833 904 καὶ
3864 848 4000 903 ἀπέ-

2420 954 2619 1007 ριττος,
2682 940 2779 992 καὶ
2824 940 3142 1006 ἐλεγκτικὸς
3183 938 3260 1003 ὡς
3306 942 3537 1002 εκετνος.
3573 938 3910 1008 Ἐπέστρεψε
3944 938 4002 990 δὲ

2417 1030 2508 1082 καὶ
2557 1032 2682 1091 τοὺς
2713 1029 2958 1095 ἀπειθεῖς
3025 1030 3313 1093 Ἰουδαίους
3349 1033 3408 1083 ιν
3454 1033 3521 1101 τῇ
3569 1031 3829 1099 φρονήσει
3891 1030 4000 1083 τῶν

2416 1120 2663 1187 δικαίων,
2718 1121 2986 1187 τουτέστι,
3024 1126 3088 1193 τῇ
3146 1121 3255 1175 τῶν
3279 1122 3594 1175 ἀποστόλων
3630 1120 3959 1191 διδασκαλίᾳ
3985 1135 3999 1149 ’

2417 1214 2681 1283 φρόνησις
2714 1215 2823 1283 γάρ
2857 1214 2967 1267 τῶν
2990 1215 3325 1279 ἀποστόλων,
3354 1216 3386 1284 ἡ
3418 1216 3476 1268 ἐν
3501 1215 3687 1277 αὐτοῖς
3712 1214 3807 1267 τοῦ
3832 1213 4005 1267 Πνεύ-

2419 1322 2586 1372 ματος
2623 1306 2800 1375 χάρις,
2846 1305 2936 1374 ὑφ’
2966 1300 3034 1377 ἦς
3066 1304 3457 1377 ἐκυϐερνῶντο.
3503 1306 3801 1375 Ἦτοίμασε
3834 1305 3893 1358 δὶ
3927 1303 4006 1374 τῷ

2417 1396 2628 1466 Κυρίῳ,
2650 1396 2897 1449 τουτέστι
2938 1395 3016 1465 τῷ
3045 1396 3290 1469 Χριστῷ,
3316 1398 3445 1451 λαδν
3463 1397 4002 1467 κατεσκευασμένον,

2416 1487 2716 1553 τουτέστιν,
2776 1489 3203 1559 εμπαράσκευον
3253 1492 3393 1560 πρὸς
3439 1491 3501 1544 τὸ
3533 1491 3901 1557 ὐποδέξασθαι
3944 1490 4007 1544 τὸ

2417 1579 2679 1651 κήρυγμα
2704 1597 2718 1612 ο
2762 1576 2875 1635 οἷόν
2904 1598 2955 1636 τι
2986 1582 3169 1650 Myro?
3223 1584 3478 1638 Ἐπειδὰν
3504 1583 3652 1638 ἔλθοι
3676 1601 3759 1647 τις
3790 1584 4009 1655 προφή-

2415 1687 2515 1739 της
2568 1672 2877 1742 κηρύττων,
2936 1675 2997 1727 ού
3046 1675 3252 1738 πάντες
3285 1676 3592 1742 ιπίστευον,
3629 1676 3747 1730 ἀλλ’
3781 1677 3828 1729 οί
3874 1691 4009 1729 κατ-

2417 1764 2832 1833 εσκευασμένοι,
2849 1766 3147 1832 τουτέστιν,
3172 1768 3219 1820 oi
3245 1768 3744 1837 προετοιμάσαντες
3776 1766 4014 1830 ἑαυτοὺς

749 1832 1078 1886 incredulum
1106 1834 1341 1902 quidem,
1369 1838 1461 1889 sed
1487 1838 1824 1893 elaboratum
1872 1850 1927 1894 et
1951 1852 2311 1910 prmparatum
2348 1848 2387 1903 Β
2419 1868 2436 1907 ι

2348 1848 2387 1903 Β
2419 1855 2502 1917 είς
2531 1832 2711 1910 τοῦτο.
2736 1858 2951 1927 Ὠσπερ
2982 1859 3091 1929 γάρ
3132 1859 3227 1913 ιάν
3275 1832 3420 1916 έλθοι
3448 1832 3532 1925 τις
3568 1864 3649 1922 είς
3692 1861 3871 1915 οἰκίαν
3917 1878 4009 1911 νυ-

746 1923 810 1974 ad
833 1925 1230 1992 suscipiendum
1264 1929 1570 1983 Dominum.

2428 1944 2576 2009 κτδς,
2635 1948 2696 2001 οὐ
2729 1949 2930 2013 πάντες
2975 1952 3137 2003 αὐτὸν
3191 1952 3562 2024 ὑποδέχονται,
3595 1953 3710 2007 ἀλλ’
3744 1956 3794 2006 οἱ
3838 1953 4007 2021 ιγρτπ

745 2017 963 2084 γορότες
998 2018 1088 2069 καὶ
1116 2022 1522 2085 προσδοκῶντες
1556 2024 1721 2076 αὑτὸν
1760 2026 1853 2079 καὶ
1898 2027 2318 2097 ἑτοιμασθέντες
2352 2036 2432 2099 είς
2464 2038 2524 2091 τὸ
2592 2040 2956 2107 ὐποδέξασθαι
2978 2060 2993 2075 ⁶
3059 2044 3322 2101 οὕτωκαὶ
3426 2017 3681 2118 Ἰωάννης
3739 2017 4011 2117 ήτοεμαοε

745 2106 821 2174 τῷ
856 2109 1044 2177 Κυρίῳ
1103 2111 1247 2171 λαὸν,
1286 2111 1400 2163 ἀλλ’
1458 2114 1517 2166 οὐ
1561 2115 1651 2168 τὸν
1706 2115 1930 2187 ἀπειθῆ,
1986 2118 2077 2171 τὸν
2128 2120 2185 2173 δὲ
2238 2106 2783 2201 κατεσκευασμένον,
2831 2132 2859 2186 δ
2931 2132 3051 2187 ἐστι
3112 2106 3776 2208 προητοιμασμένονζείς
3807 2106 4008 2191 ὑποδο-

747 2202 847 2273 χὴν
872 2204 962 2255 τοῦ
993 2206 1255 2275 Χριστοῦ.

820 2296 978 2351 Vens.
1014 2299 1197 2353 18-20.
1246 2320 1263 2354 ι
1310 2302 1375 2356 Ει
1408 2304 1545 2359 dixit
1592 2307 1884 2365 Zacharias
1919 2311 1983 2365 ad
2017 2314 2309 2383 angelum:

747 2389 861 2453 Quo
884 2401 1199 2460 argumento
1228 2409 1547 2463 cognoscam
1578 2399 1751 2453 illud?
1783 2401 1891 2471 Ego
1912 2404 2053 2457 enim
2081 2421 2200 2459 sum
2232 2422 2319 2463 se-

749 2495 871 2543 nex,
894 2492 946 2534 et
978 2497 1113 2536 uxor
1135 2499 1247 2538 mea
1277 2498 1545 2554 provecta:
1561 2491 1738 2545 aetatis
1761 2503 1867 2547 est.
1889 2495 1956 2547 At
1983 2498 2316 2564 respondens

746 2574 989 2641 angelus,
1036 2577 1169 2629 dixit
1214 2576 1294 2631 ei:
1348 2579 1460 2647 Ego
1504 2595 1623 2635 sum
1666 2581 1904 2650 Gabriel,
1934 2588 2027 2654 qui
2068 2589 2214 2642 astiti
2256 2590 2310 2645 in

750 2674 1038 2730 eanspectu
1076 2666 1189 2731 Dei,
1227 2668 1532 2739 missusque
1567 2687 1685 2726 sum
1720 2688 1777 2726 ut
1806 2676 1995 2745 loquar
2031 2679 2095 2733 ad
2142 2689 2212 2744 te,
2262 2690 2317 2736 et

747 2754 862 2808 hanc
892 2756 987 2809 tibi
1025 2760 1142 2813 laeta
1174 2764 1445 2818 nunziem.
1477 2764 1545 2818 Et
1589 2782 1717 2831 ecce
1755 2768 1991 2825 futurum
2017 2784 2100 2827 est
2139 2786 2198 2829 ut
2241 2778 2318 2831 sis

750 2847 966 2913 tacitus,
990 2864 1086 2903 nec
1119 2851 1217 2906 fari
1252 2855 1424 2922 possis
1450 2858 1515 2909 ad
1538 2873 1659 2912 eum
1693 2876 1865 2930 usque
1895 2864 2034 2917 diem
2066 2880 2170 2934 quo
2194 2868 2309 2923 hazc

750 2935 902 3003 fiant,
928 2955 992 2993 eo
1015 2944 1155 3010 quod
1192 2960 1296 2999 non
1328 2948 1603 3003 credidisti
1636 2954 1813 3007 verbis
1848 2958 2003 3020 meis,
2036 2974 2155 3027 qua:
2208 2960 2314 3013 im-

746 3028 1033 3095 plebuutur
1063 3032 1113 3086 in
1158 3045 1399 3105 tempow
1432 3055 1550 3094 suo.
1597 3060 1615 3093 ι
1650 3041 1891 3101 Tametsi
1924 3048 2101 3117 justus

2496 2337 2515 2371 ι
2546 2318 2658 2372 Καὶ
2691 2313 2811 2372 εῐπε
2848 2317 3129 2389 Ζαχαρίας
3161 2317 3299 2387 πρὸς
3331 2316 3421 2370 τὸν
3447 2314 3679 2385 ἀγγελον
3712 2329 3727 2345 ο
3766 2312 3928 2368 Κατά
3955 2313 4010 2366 τί

2421 2412 2701 2483 γνώσομαι
2750 2411 2936 2477 teuto;
2986 2411 3127 2479 Ἐγὼ
3177 2410 3287 2480 γάρ
3317 2410 3432 2479 εἰμι
3479 2405 3816 2477 πρεσϐύτης,
3849 2406 4005 2473 καὶὴ

2419 2508 2556 2578 γυνή
2589 2524 2694 2575 μου
2730 2503 3107 2574 προϐεϐηκυῖα
3138 2506 3195 2555 ὲν
3226 2504 3347 2566 ταῖς
3390 2504 3629 2571 ήμεραις
3660 2500 3853 2565 αὐτῆς.
3900 2498 4011 2551 Καὶ

2420 2598 2740 2669 ἀποκριθεὶς
2765 2599 2793 2651 ὁ
2824 2596 3056 2665 ἄγγελος
3077 2590 3232 2649 εἶπεν
3248 2594 3422 2664 αὐτῷ*
3458 2592 3598 2661 Ἑγὼ
3626 2594 3744 2661 είμι
3768 2587 4012 2661 Γαϐριὴλ

2419 2693 2448 2744 ὁ
2475 2688 2834 2760 παρεστηκὼς
2863 2688 3098 2741 ἐνώπιον
3130 2685 3223 2740 τοῦ
3244 2685 3401 2749 Θεοῦ,
3443 2685 3537 2739 καὶ
3564 2682 3879 2752 ἀπεστάλην
3914 2680 4011 2734 λα·

2419 2782 2581 2849 λῆσαι
2619 2782 2757 2851 πρὸς
2785 2780 2868 2844 σε,
2897 2782 2989 2833 καὶ
3040 2775 3503 2847 εὐαγγελίσασθαί
3540 2792 3622 2829 σοι
3654 2774 3861 2828 ταῦτα’
3914 2773 4011 2827 καὶ

2424 2874 2533 2926 ίδοὺ
2566 2872 2665 2943 [an
2696 2871 2920 2925 σιωπῶν
2952 2872 3046 2925 καὶ
3083 2868 3159 2941 μὴ
3191 2869 3489 2937 δυνάμενος
3534 2868 3789 2938 λαλῆσαι,
3846 2865 4013 2939 ἄχρις

2417 2961 2483 3038 ἧς
2505 2966 2719 3036 ἡμέρας
2748 2965 2975 3035 γένηται
3008 2961 3179 3018 ταῦτα
3209 2980 3224 2995 ν
3270 2961 3389 3016 ἀνθ’
3423 2954 3499 3016 ὧν
3546 2960 3646 3013 οὐκ
3678 2958 4013 3021 ἐπίστευσας

2422 3060 2533 3121 τοῖς
2562 3058 2739 3123 λόγοις
2774 3073 2899 3126 μου,
2932 3055 3127 3119 οἵτινες
3168 3052 3622 3123 πληρωθήσονται
3651 3053 3732 3113 είς
3763 3049 3853 3103 τὸν
3889 3065 4014 3101 και-

745 3131 890 3174 esset
926 3122 1220 3181 Zacharias
1280 3138 1333 3182 et
1384 3142 1627 3195 sanctus,
1670 3137 1966 3205 respiciens
2021 3149 2203 3197 tamen
2248 3122 2312 3197 ad
2340 3134 2385 3198 C
2423 3170 2432 3220 ι

2340 3134 2385 3198 C
2423 3150 2515 3220 ρδν
2564 3122 2785 3202 αὐτῶν.-
2811 3166 2828 3199 ι
2898 3148 2960 3200 Εἰ
3020 3148 3115 3200 καὶ
3162 3122 3371 3208 δίκαιος
3430 3138 3499 3215 ἦν
3532 3145 3560 3197 ὁ
3601 3142 3882 3212 Ζαχαρίας
3915 3139 4013 3195 καὶ

748 3214 1106 3282 prodigiosam
1132 3222 1538 3287 generationem
1570 3226 1685 3287 lilii,
1714 3244 1816 3281 non
1843 3228 2002 3285 facile
2033 3234 2313 3289 credebat.

747 3307 956 3363 idcirco
984 3321 1036 3365 et
1072 3316 1294 3382 angelus
1330 3332 1483 3371 suam
1514 3321 1831 3389 dignitatem
1862 3326 2029 3382 dicit:
2066 3328 2178 3398 Ego
2198 3346 2315 3384 sum

741 3396 979 3467 Gabriel,
1021 3406 1110 3472 qui
1147 3408 1291 3459 astili
1343 3409 1395 3462 in
1452 3424 1746 3479 conspectu
1772 3414 1888 3480 Dei,
1926 3434 2029 3472 non
2065 3396 2321 3475 seductor

744 3492 973 3557 daemon,
1012 3500 1106 3551 sed
1138 3501 1361 3567 angelus
1393 3502 1507 3555 Dei.
1548 3504 1713 3575 Igitur
1744 3510 1872 3576 quia
1901 3510 2190 3577 discredis,
2217 3528 2317 3584 ego

746 3594 794 3638 te
818 3584 1009 3641 faciam
1049 3593 1293 3657 surdum,
1318 3604 1372 3647 et
1407 3595 1551 3665 loqui
1586 3614 1691 3652 non
1730 3604 1954 3668 poteris.
1993 3603 2185 3660 Merito
2216 3622 2316 3661 au-

744 3685 847 3729 tem
880 3678 986 3731 duo
1032 3682 1145 3733 luce
1179 3697 1366 3749 passus
1394 3695 1497 3751 est,
1539 3698 1593 3742 et
1640 3694 1782 3757 quod
1816 3709 1917 3745 non
1978 3698 2209 3762 audiret,
2264 3707 2321 3752 et

744 3783 847 3821 non
887 3770 1213 3840 loqueretur.
1253 3777 1386 3845 Quia
1419 3781 1561 3833 enim
1600 3798 1703 3836 non
1732 3785 2035 3852 obedierat,
2061 3790 2319 3845 condem-

746 3871 904 3913 natur
924 3872 981 3915 ut
1004 3866 1199 3920 surdus
1227 3869 1329 3921 sit:
1362 3880 1414 3923 et
1443 3872 1567 3939 quia
1602 3877 2030 3945 contradixerat,
2054 3891 2109 3935 ut
2130 3884 2313 3939 sileat.

749 3952 1123 4010 Verumtamen
1157 3961 1713 4031 prrefigurabatetiam
1741 3983 1800 4022 ea
1830 3986 1948 4039 quae
1977 3970 2315 4031 Judaeiseve-

746 4056 963 4099 nerunt.
1008 4046 1140 4101 Nam
1175 4052 1310 4106 sicut
1353 4055 1439 4108 hic
1460 4070 1622 4111 senex
1657 4069 1705 4113 et
1737 4063 1939 4118 sterilis
1975 4075 2025 4117 et
2059 4066 2314 4122 incredu-

743 4136 822 4190 lus
859 4140 1063 4207 peperit
1110 4142 1276 4195 lilium
1342 4147 1615 4214 prophetis
1657 4151 1915 4218 majbrem
1961 4169 1973 4205 :
2011 4155 2080 4209 ita
2117 4166 2172 4210 ct
2223 4156 2315 4211 Ju-

742 4232 976 4284 daaorum
1010 4238 1355 4303 congregatio
1379 4243 1687 4295 sacerdotio
1724 4244 2027 4300 inveterato
2066 4253 2316 4317 quamvis

739 4332 883 4373 ess“
912 4323 1138 4385 sterilis,
1190 4326 1459 4382 incredula
1491 4342 1543 4385 et
1597 4333 1928 4399 inohediens,
1970 4337 2201 4392 Verbum
2233 4351 2315 4393 ta-

742 4428 860 4465 men
894 4412 1008 4477 Dei,
1057 4417 1155 4471 hoc
1198 4430 1279 4472 est
1314 4422 1596 4476 Dominum
1647 4430 2061 4495 prophetarum,
2103 4431 2314 4499 peperit

2420 3244 2597 3311 ἀγιος,
2625 3244 2775 3311 ὅμως
2813 3242 2951 3312 πρὸς
2970 3241 3031 3295 τδ
3062 3241 3345 3312 τεράστιον
3374 3239 3473 3309 τῆς
3503 3235 3851 3298 παιδοποιίας
3874 3235 4016 3288 ἀπο-

2421 3336 2657 3401 ϐλέπων,
2697 3337 2797 3389 οὐκ
2821 3335 3058 3397 εὐκόλως
3081 3332 3354 3387 ἐπίστευε.
3382 3332 3473 3385 Διὸ
3504 3332 3599 3384 καὶ
3630 3332 3658 3382 ὁ
3682 3326 3920 3396 ἄγγελος
3950 3326 4018 3379 τὸ

2417 3430 2615 3482 οίκετον
2647 3428 2861 3496 ἀξίωμα
2885 3428 3055 3495 λέγει,
3083 3426 3190 3490 δτι,
3224 3424 3370 3491 Ἐγώ
3396 3425 3515 3492 είμι
3550 3420 3787 3489 Γαϐριὴλ
3814 3422 3842 3472 ό
3866 3436 4015 3488 παρ-

2418 3518 2666 3587 εστηκὼς
2712 3519 2790 3588 τῷ
2825 3518 2945 3588 Θεῷ
2970 3533 2983 3547 ·
3024 3518 3086 3571 οὐ
3131 3516 3326 3578 πλάνος
3353 3515 3584 3583 δαίμων,
3629 3512 3745 3565 ἀλλ’
3780 3511 4016 3579 ἄγγελος

2418 3612 2577 3666 Θεοῦ.
2623 3612 2778 3665 Ἐπεὶ
2825 3608 2919 3665 οὖν
2946 3612 3217 3673 ἀπιστεῖς,
3242 3607 3335 3661 ἔσο
3373 3607 3637 3677 κωφεύων
3662 3605 3755 3658 καὶ
3793 3606 3869 3676 μὴ
3919 3604 4016 3656 δυ-

2418 3705 2649 3774 νάμενος
2668 3702 2936 3771 λαλῆσαι·
2969 3702 3192 3765 εἰκότως
3219 3702 3274 3755 δὲ
3308 3702 3376 3755 τά
3405 3700 3501 3753 δύο
3529 3698 3700 3753 ταῦτα
3726 3697 3924 3760 ἔπαθε,
3954 3698 4015 3751 τὸ

2421 3796 2561 3866 μήτε
2587 3793 2809 3848 ἀκούειν
2840 3793 2976 3863 μήτε
3011 3791 3189 3845 λαλεῖν
3210 3806 3225 3823 ο
3261 3790 3334 3853 ὡς
3362 3790 3460 3859 μὲν
3490 3789 3596 3859 γὰρ
3626 3787 4014 3859 παρακούσας,

2419 3884 2840 3948 καταδικάζεται
2877 3884 3183 3951 κὼφευσιν’
3229 3882 3301 3944 ὡς
3353 3880 3411 3935 δὲ
3441 3878 3735 3943 ἀντειπὼν,
3773 3880 4013 3947 σιωπήν.

2421 3980 2565 4051 Πλὴν
2590 3978 2899 4049 προετύπου
2924 3979 3016 4031 καὶ
3042 3976 3111 4028 τὰ
3142 3974 3285 4029 κατά
3309 3974 3434 4037 τοὺς
3464 3974 3772 4036 Ἰουδαίους.
3794 3973 4017 4041 Ὥσπερ

2419 4070 2525 4141 γὰρ
2550 4061 2707 4131 οὗτος
2736 4067 2913 4138 γέρων
2949 4067 3043 4121 καὶ
3073 4066 3345 4135 ἄκαρπος,
3372 4064 3468 4117 καὶ
3519 4064 3855 4134 ἀπιστήσας,
3890 4062 4013 4117 ιτε-

2419 4180 2513 4217 κεν
2570 4162 2685 4214 υἱὸν
2721 4160 2946 4231 μείζονα
2982 4160 3092 4213 τῶν
3130 4158 3426 4229 προφητῶν
3449 4197 3464 4221 ,
3510 4157 3651 4211 οὕτω
3698 4162 3795 4209 καὶ
3827 4158 3864 4227 ή
3901 4156 4017 4209 τῶν

2431 4253 2700 4306 Ἰουδαίων
2734 4254 3028 4322 συναγωγὴ
3060 4254 3153 4305 καὶ
3187 4252 3457 4324 ίερωσύνη
3492 4249 3891 4313 παλαιωθεῖσα,
3916 4249 4016 4302 καὶ

2420 4346 2667 4412 ἄκαρπος
2703 4344 2799 4396 καὶ
2829 4344 3056 4407 ἄπιστος
3083 4343 3176 4397 καὶ
3210 4345 3491 4414 παρήκοος
3536 4341 3828 4411 γενομένη,
3859 4341 4016 4408 ὅμως

2421 4435 2511 4485 τὸν
2558 4436 2731 4502 Λόγον
2762 4434 2856 4487 τοῦ
2892 4434 3049 4501 Θεοῦ,
3083 4436 3173 4489 τὸν
3208 4436 3491 4506 Δεσπότην
3542 4435 3650 4487 τῶν
3687 4432 4012 4502 προφητῶν,

744 4504 791 4567 in
818 4521 1006 4557 carne:
1037 4524 1139 4576 qwo
1184 4525 1328 4575 nato,
1362 4516 1411 4567 hi
1454 4518 1543 4584 qui
1567 4521 1713 4584 prius
1738 4521 2110 4577 iuohedientes
2132 4534 2307 4589 erant,
2350 4527 2431 4585 nl

2350 4531 2389 4585 ο
2417 4524 2601 4577 ἔτεκεν
2633 4528 2691 4579 ἐν
2742 4528 2942 4595 σαρκί·
2971 4521 3031 4581 οὗ
3079 4526 3381 4597 τεχθέντος,
3416 4504 3465 4581 οί
3499 4526 3691 4598 πρώην
3740 4527 4014 4596 παρήκουι

742 4599 802 4645 ad
849 4599 1004 4651 tidem
1042 4614 1093 4654 et
1128 4605 1522 4659 confessionem
1572 4622 1955 4674 pervenerunt.

814 4690 970 4747 Vens.
1006 4694 1191 4748 Eli-‘25.
1234 4716 1250 4747 ι
1285 4697 1346 4750 Ει
1371 4711 1486 4753 erat
1512 4704 1738 4769 populus
1762 4716 2081 4770 exspectans
2108 4707 2315 4763 Zacha-

739 4786 893 4848 riam,
947 4796 1001 4839 et
1051 4790 1385 4844 mirabantur
1433 4796 1571 4861 quod
1630 4805 1937 4850 moraretur
1990 4799 2039 4851 in
2096 4804 2310 4870 templo.

739 4878 998 4947 Egressus
1046 4892 1219 4934 autem
1264 4898 1365 4936 non
1404 4893 1615 4953 poterat
1659 4887 1802 4955 loqui
1843 4889 1968 4941 illis.
2009 4891 2069 4944 Et
2118 4910 2315 4963 cogno-

736 4981 928 5024 verant
960 4972 1101 5040 quod
1164 4975 1421 5028 visionem
1469 4978 1689 5031 vidisset
1742 4980 1791 5032 in
1843 4982 2063 5048 templo.
2097 4981 2159 5036 Et
2204 4984 2315 5053 ipse

739 5061 993 5115 innuebat
1043 5064 1167 5128 illis,
1198 5071 1599 5139 permansitque
1635 5082 1839 5127 lillllUS.
1889 5072 1955 5128 Et
2010 5076 2224 5143 accidit,
2260 5088 2316 5132 ut

738 5155 938 5224 impleti
960 5168 1085 5211 sunt
1110 5160 1224 5213 dies
1251 5160 1407 5217 cilicii
1430 5162 1565 5231 ejus,
1598 5164 1730 5217 abiit
1752 5167 1801 5219 in
1828 5168 2047 5222 domum
2078 5184 2253 5223 suam.
2288 5191 2306 5223 ι

739 5246 899 5304 Vides
935 5255 1205 5321 quomodo
1228 5252 1396 5307 Juda-i
1431 5259 1887 5325 exspectabantet
1920 5264 2314 5325 permanebant

736 5342 905 5395 donec
933 5346 1103 5397 exiret
1135 5363 1380 5402 stnnmus
1419 5351 1709 5405 sacerdos?
1740 5352 1805 5405 At
1848 5369 1943 5407 nos
1987 5352 2310 5419 Christiani,

736 5435 837 5487 nisi
868 5451 991 5489 mox
1049 5447 1103 5489 ut
1151 5439 1376 5507 ingressi
1433 5440 1693 5496 fuerimus
1744 5446 1794 5496 in
1821 5447 2312 5514 templum,statim

737 5530 1493 5593 egrediantur,existimamus
1521 5537 1660 5589 male
1682 5538 1959 5593 nobiscqu
1988 5544 2093 5611 agi.
2120 5542 2314 5596 innue-

738 5622 825 5671 Ι›ιιι
858 5631 1034 5674 autem
1075 5626 1270 5692 populo
1301 5625 1617 5693 Zacharias,
1684 5630 1821 5685 forte
1875 5636 2081 5703 roganti
2113 5636 2311 5690 silentii

736 5725 995 5765 musam:
1035 5720 1157 5785 quia
1212 5721 1355 5772 enim
1393 5722 1531 5790 loqui
1566 5740 1670 5778 non
1712 5733 1941 5791 poterat,
1990 5742 2083 5795 per
2121 5742 2311 5781 nutum

740 5805 1097 5874 signititubat.
1141 5812 1270 5869 \‘idc
1315 5816 1439 5871 item
1488 5820 1625 5887 quod
1662 5836 1765 5875 non
1816 5821 1944 5877 abiit
2002 5825 2051 5877 iu
2094 5828 2312 5879 domum

2420 4618 2497 4679 είς
2523 4617 2705 4670 πίστιν
2744 4621 2835 4671 καὶ
2867 4619 3137 4687 εὐφωνίαν
3176 4620 3535 4689 μετήλθοσαν.

2498 4732 2513 4762 ι
2553 4711 2664 4766 Καὶ
2689 4708 2754 4781 ἦν
2802 4714 2829 4763 ό
2869 4712 2997 4774 λαὸς
3048 4715 3368 4781 προσδοκῶν
3418 4714 3511 4765 τὸν
3560 4713 3861 4782 Ζαχαρίαν,
3915 4715 4014 4767 καὶ

2420 4802 2729 4874 ἐθαύμαζον
2759 4806 2816 4856 ἐν
2846 4802 2922 4872 τῷ
2948 4804 3217 4874 χρονίζειν
3253 4805 3417 4857 αὑτὸν
3457 4808 3515 4858 ὲν
3550 4806 3625 4875 τῷ
3675 4806 3790 4876 ναῷ
3815 4822 3829 4836 ⁶
3866 4806 4016 4873 εξελ-

2421 4896 2530 4948 θὼν
2562 4896 2617 4950 δὲ
2647 4898 2745 4949 οὐκ
2778 4897 3008 4968 ἠδύνατο
3034 4898 3268 4967 λαλῆσαι
3306 4900 3523 4963 αὑτοίς-
3560 4899 3654 4951 καὶ
3679 4900 4012 4967 ιπέγνωσαν

2418 4990 2497 5042 ὅτι
2524 4990 2789 5044 ὀπτασίαν
2817 4990 3063 5061 ἑώρακεν
3095 4992 3150 5043 ἐν
3184 4991 3261 5059 τῷ
3298 4991 3433 5061 ναῷ.
3464 4994 3571 5045 Kal
3610 4993 3776 5055 αὐτὸς
3797 4988 3867 5065 ἦν
3891 4992 4013 5047 δια-

2419 5084 2590 5137 νεύων
2624 5085 2828 5147 αὑτοῖς,
2870 5086 2959 5138 καὶ
3012 5085 3227 5155 διέμενε
3265 5086 3469 5154 κωφός.
3507 5086 3618 5139 Καὶ
3651 5086 3897 5154 ἐγένετο,
3934 5087 4013 5151 ῶς

2420 5176 2770 5248 ἐπλήσθησαν
2789 5178 2842 5229 al
2866 5178 3069 5249 ἡμέραι
3104 5176 3202 5247 τῆς
3220 5176 3565 5246 λειτουργίας
3593 5177 3786 5243 αὑτοῦ,
3823 5179 4013 5250 ἀπῆλ-

2420 5268 2511 5321 θεν
2543 5270 2621 5331 εἰς
2648 5269 2736 5321 τὸν
2760 5265 2906 5323 οἷκον
2931 5269 3151 5323 αὑτοῦ.»
3199 5269 3364 5340 Ὁρᾷς
3400 5268 3515 5332 πῶς
3544 5270 3594 5322 οί
3624 5270 3724 5339 μὲν
3760 5270 4010 5326 Ἰουδαῖοι

2420 5364 2763 5433 προσεδόκων
2798 5364 2890 5416 καὶ
2929 5364 3252 5434 περιέμενον
3287 5365 3393 5426 ἕως
3441 5360 3501 5418 οὗ
3534 5363 3742 5429 ἐξέλθοι
3784 5368 3812 5419 ὁ
3865 5367 4011 5437 ἀρχ-

2421 5458 2598 5527 iapqu
2629 5476 2641 5523 ;
2688 5460 2879 5529 Ἡμεῖς
2910 5459 2965 5512 δὲ
3000 5460 3048 5511 οί
3078 5459 3414 5530 Χριστιανοὶ,
3473 5459 3589 5525 ἅμα
3632 5460 3709 5527 τῷ
3741 5462 4012 5514 είσελθεῐν

2418 5550 2495 5611 είς
2512 5550 2610 5616 τὴν
2636 5551 2953 5620 ἐκκλησίαν,
2980 5552 3027 5603 εί
3050 5551 3125 5622 μὴ
3151 5551 3483 5619 ἐξέλθοιμεν,
3502 5552 3674 5604 δεινόν
3695 5568 3747 5604 τι
3774 5553 4011 5622 πάσχειν

2419 5644 2737 5711 νομίζομεν.
2783 5646 2998 5697 Διένευε
3058 5642 3114 5695 δὲ
3142 5642 3221 5713 τῷ
3278 5644 3450 5713 λαῷὁ
3520 5644 3821 5714 Ζαχαρίας,
3878 5645 4009 5707 ἴσως

2422 5736 2696 5803 ἐρωτῶντι
2727 5736 2824 5806 τὴν
2847 5736 3023 5789 αἰτίαν
3047 5737 3142 5805 τῆς
3170 5738 3380 5806 σιωπῆς
3404 5752 3415 5765 ο
3462 5735 3535 5804 μὴ
3566 5736 3869 5805 δυνάμενος
3899 5738 4009 5805 γὰρ

2421 5824 2671 5895 λαλῆσαι,
2726 5825 2812 5880 6ιά
2840 5826 3107 5899 νεύματος
3136 5828 3322 5897 ἐδήλου
3370 5827 3595 5899 ταύτην.
3625 5828 3770 5898 Ὅρα
3813 5830 3867 5882 δὶ
3928 5828 4009 5882 ὅτι
