4272 6438
243 389 346 458 τοι

999 376 1449 444 ENARRATIO
1495 375 1573 437 IN
1609 371 2113 435 EVANGELIUM
2136 372 2368 438 LUC/8.
2407 399 2478 411 -
2515 370 2676 434 CAP.
2720 376 2768 435 Ι.

3431 367 3536 432 782

244 506 346 561 καὶ
370 504 475 567 ῑως
509 494 571 557 οῦ
596 496 961 569 έτελέσθησαν
997 497 1056 550 ei
1089 495 1302 566 ἡμέραι
1343 492 1443 561 τῆς
1485 490 1832 558 λειτουργίας
1864 491 1899 543 Α

1962 489 2295 556 uam,donee
2311 488 2517 558 impleti
2541 496 2727 545 essent
2745 486 2861 542 dies
2880 482 3172 540 ministerii
3192 480 3542 544 sui,assedit—

243 595 438 661 αὑτοῦ,
466 596 568 648 οὐκ
593 590 836 661 ἀπῆλθεν
866 591 946 653 είς
973 588 1066 642 τὸν
1095 584 1243 641 οἷκον
1267 584 1460 644 αὐτοῦ.
1497 582 1635 636 ἀλλά
1668 598 1838 650 προσ·

245 689 446 759 ήδρευε
486 684 564 755 τῷ
621 682 771 754 ναῷ·
810 683 1094 754 ἀπῴκιστο
1123 680 1222 750 μὲν
1257 677 1367 746 γὰρ
1419 677 1452 744 ἡ
1488 674 1676 744 ὀρεινὴ
1709 674 1843 742 ἀλη-

246 780 360 842 θῶς
384 778 478 832 καὶ
496 778 692 845 ἀπεῖχε
717 775 817 844 τῆς
841 774 1203 844 Ἰερουσαλήμ
1227 787 1241 801 ·
1269 769 1411 840 πλὴν
1437 767 1555 821 ἀλλ’
1580 769 1628 820 εί
1661 767 1756 820 καὶ
1784 767 1841 818 ὲν

247 872 433 933 αὺτοῖς
457 871 571 931 τοῖς
612 864 1008 936 Ἱεροσολύμοις
1035 859 1150 932 εῐχε
1181 862 1273 916 τὸν
1302 856 1451 914 οἶκον
1475 862 1503 913 6
1522 860 1723 930 ίερεὺς,
1741 860 1842 912 οὐκ

247 962 379 1029 ιεῆν
405 959 558 1028 αὐτῷ
586 958 694 1023 ἔξω
719 957 821 1026 τῆς
872 955 1043 1024 αὐλῆς
1079 953 1176 1008 τοῦ
1225 952 1358 1007 ναοῦ
1394 951 1655 1006 ἀπελθεῖν
1697 951 1842 1004 κατὰ

247 1055 342 1106 τὸν
370 1052 564 1122 καιρὸν
611 1051 709 1121 τῆς
768 1049 1078 1118 ἐφημερίας
1126 1045 1329 1101 αὑτοῦ·
1359 1046 1550 1115 ἡμεῖς,
1578 1043 1654 1107 δὲ,
1697 1041 1837 1109 φεῦί

248 1142 371 1206 πῶς
401 1138 864 1210 καταφρονοῦμεν
898 1138 1008 1191 τῶν
1038 1137 1202 1189 θείων
1261 1130 1614 1204 ὑπηρεσιῶνί
1661 1133 1734 1185 Τὸ
1783 1133 1842 1185 δὲ

252 1234 329 1305 μὴ
373 1232 637 1287 δύνασθαι
695 1231 793 1300 μὲν
824 1227 1010 1282 λαλεῖν
1032 1230 1122 1282 τὸν
1148 1227 1451 1298 Ζαχαρίαν,
1484 1229 1753 1282 διανεύειν
1783 1225 1842 1278 δὲ

247 1324 330 1396 τῷ
364 1324 500 1394 λαῷ,
521 1325 623 1393 τὴν
650 1321 761 1374 τῶν
801 1319 1075 1373 Ἰουδαίων
1119 1319 1318 1386 ἄλογον
1351 1318 1633 1372 πολιτείαν
1659 1317 1838 1385 δηλοῖο

248 1416 673 1476 ἀποκτείναντες
704 1411 814 1482 γάρ
834 1412 925 1463 τὸν
947 1408 1142 1478 Λόγον,
1161 1408 1222 1461 οὐ
1250 1407 1506 1461 δύνανται
1530 1406 1688 1474 λόγον
1711 1406 1842 1458 ἀπο-

247 1507 434 1562 δοῦναι
472 1507 600 1576 περὶ
643 1498 720 1558 ὧν
766 1503 1104 1575 πράττουσιν
1153 1501 1188 1570 ἢ
1239 1499 1514 1568 λέγουσιν,
1571 1499 1708 1553 ἀλλά
1737 1495 1844 1550 κᾶν

249 1599 591 1670 προφητικὼ
605 1614 658 1650 τι
679 1597 877 1658 αὐτοὺς
906 1594 1141 1665 έρωτᾷς,
1168 1591 1634 1662 ἐπιστομίζονται,
1665 1591 1760 1643 καὶ
1781 1587 1842 1642 οὐ

247 1691 508 1746 δύνανταί
539 1707 623 1744 σοι
653 1689 813 1758 λόγον
846 1687 942 1741 καὶ
965 1688 1262 1758 ἀπόκρισιν
1301 1685 1625 1740 ἀποδοῦναι.

327 1804 347 1837 ι
386 1784 542 1838 Μετά
573 1783 629 1837 δὲ
655 1783 860 1845 ταύτας
888 1780 988 1844 τὰς
1042 1779 1259 1850 ἡμέρας
1289 1775 1582 1831 συνέλαϐεν
1625 1772 1842 1827 Ἐλισά-

248 1877 349 1931 ϐετ
370 1878 404 1946 ἠ
458 1875 596 1946 γυνὴ
629 1873 796 1928 αὑτοῦ
818 1913 832 1938 ,
866 1873 962 1926 καὶ
1009 1871 1377 1944 περιέκρυϐεν
1414 1868 1615 1937 ἑαυτὴν
1665 1868 1843 1938 μῆνας

249 1971 439 2031 πέντε,
477 1969 708 2036 λέγουσα
735 1968 842 2030 ὅτι,
870 1963 1030 2020 Οὕτω
1059 1982 1150 2036 μοι
1177 1963 1478 2034 πεποίηκεν
1506 1964 1534 2016 6
1562 1960 1766 2030 Κύριος
1787 1960 1844 2012 ἐν

249 2060 493 2132 ἡμέραις
524 2055 613 2124 αἷς
665 2059 878 2112 έπεῖδεν
917 2057 1140 2126 ἀφελεῖν
1187 2055 1250 2109 τδ
1288 2054 1492 2118 δνειδός
1522 2072 1622 2122 μου
1649 2054 1707 2106 έν
1749 2053 1845 2105 ἀν-

249 2152 514 2225 θρώποις.
551 2169 570 2204 ι
628 2150 873 2220 Σώφρων
905 2146 1043 2204 οὖσα
1075 2152 1110 2220 ἡ
1155 2149 1462 2212 Ἐλισάϐετ,
1511 2147 1715 2218 ῂόεἰτο,
1750 2144 1848 2197 καὶ

247 2246 340 2302 διὰ
371 2245 530 2298 τοῦτο
563 2245 972 2317 περιέκρυπτεν
991 2243 1217 2314 ἑαυτὴν.
1243 2240 1332 2294 διὰ
1367 2240 1429 2293 τὸ
1459 2240 1517 2293 έν
1551 2239 1700 2308 γήρα
1721 2235 1847 2290 συλ⁶

248 2336 474 2390 λαϐεῖν·
505 2337 598 2389 ἐπὶ
648 2336 825 2406 μῆνας
854 2333 913 2388 δὲ
949 2333 1114 2388 πέντε
1165 2331 1574 2403 περιέκρυπτεν
1615 2329 1844 2398 ἑαυτὴν,

247 2433 356 2494 ἓως
391 2424 454 2484 οὗ
495 2431 590 2482 καὶ
616 2429 648 2498 η
678 2428 869 2497 Μαρία
901 2427 1158 2481 συλλάϐοι
1179 2442 1195 2459 ’
1225 2426 1320 2496 ἀφ’
1355 2418 1416 2479 οὗ
1448 2425 1506 2479 δὲ
1534 2423 1630 2477 καὶ
1663 2421 1848 2490 ἐκείνη

249 2520 536 2586 συνέλαϐε,
579 2520 676 2574 καὶ
703 2519 1000 2591 ἐσκίρτησε
1028 2520 1089 2573 τὸ
1116 2518 1317 2590 βρέφος
1349 2519 1406 2571 ιν
1439 2519 1508 2587 τῇ
1542 2514 1723 2584 κοιλίᾳ
1746 2513 1849 2566 αὑ-

246 2618 372 2686 τῆς,
395 2616 496 2669 οὐκ
517 2613 598 2667 ἔτι
622 2613 897 2684 ἔκρυπτεν
927 2614 1152 2685 ἑαυτὴν,
1191 2612 1334 2666 ἀλλά
1380 2611 1477 2663 καὶ
1500 2606 1850 2680 έπαρῤησιά·

251 2723 388 2760 σατο
412 2705 499 2769 ἂν,
532 2705 608 2767 ὡς
634 2704 887 2758 τοιούτου
916 2704 1109 2768 παιδὸς
1143 2705 1352 2774 μήτηρ,
1386 2704 1481 2756 καὶ
1511 2701 1642 2772 πρὶν
1668 2699 1702 2768 ἢ
1727 2713 1853 2766 γενο

250 2797 486 2868 νηθῆναι
510 2799 828 2869 προφητικῇ
865 2795 995 2867 ἀξία
1016 2796 1406 2869 τετιμημένου.

332 2907 351 2939 ι
380 2889 471 2943 Ἐν
503 2889 558 2942 δὲ
595 2888 674 2958 τῷ
707 2891 840 2960 μηνὶ
875 2888 954 2960 τῷ
995 2888 1142 2960 ἕκτῳ
1202 2889 1492 2960 ἀπεστάλη
1543 2891 1572 2944 ὁ
1621 2893 1853 2962 ἄγγελος

251 2979 497 3052 Γαϐριὴλ
527 2981 633 3034 ὑπο
661 2982 757 3035 τοῦ
805 2981 942 3035 Θεοῦ
997 2983 1079 3045 είς
1131 2981 1290 3036 πόλιν
1319 2985 1422 3053 τῆς
1463 2984 1780 3052 Γαλιλαίας,

248 3048 426 3143 ὄνομα
447 3074 727 3146 Ναζαρὲτ,
757 3075 894 3143 πρὸς
917 3074 1194 3145 παρθένον
1222 3048 1721 3148 μεμνηστευμένην
1743 3048 1852 3134 ἀνῖ

1942 599 2049 652 que
2096 585 2320 652 templo.
2360 583 2565 638 Aberat
2613 581 2760 638 enim
2796 594 2925 635 vere
2970 593 2999 631 a
3035 575 3340 631 Jerusalem
3381 586 3537 626 mon-

1946 687 2068 731 tana
2103 678 2270 748 regio.
2298 673 2566 744 Quamvis
2587 683 2770 728 autem
2804 681 2858 726 et
2882 668 3279 739 Hierosolymis
3315 666 3536 720 donmm

1944 769 2245 833 habuisset,
2287 783 2393 823 non
2445 767 2690 822 licuisset
2740 773 2921 819 tamen
2966 760 3018 817 ei
3056 769 3212 815 extra
3268 758 3530 812 ambitum

1945 862 2127 930 templi
2158 876 2253 932 per
2271 869 2484 929 tempus
2517 859 2651 914 vicis
2685 872 2800 914 suae
2824 856 2995 910 exire.
3026 851 3138 907 Nos
3161 859 3371 910 autem.
3401 848 3535 916 prob

1943 955 2148 1024 pudor!
2179 969 2339 1024 quam
2372 953 2777 1008 contemnimus
2806 948 2990 1002 divina
3036 943 3340 998 ministeria
3367 942 3380 993 l
3415 939 3537 996 Ca:-

1944 1057 2120 1103 terum
2149 1048 2295 1116 quod
2317 1044 2619 1101 Zacharias
2664 1057 2769 1097 non
2803 1048 2983 1111 potest
3016 1037 3191 1106 loqui,
3222 1036 3316 1090 sed
3362 1033 3540 1089 innuit

1944 1139 2164 1209 populo,
2194 1137 2472 1205 signiﬁcat
2516 1132 2894 1190 irrationalem
2953 1129 3266 1185 Judaeorum
3328 1127 3535 1180 vitam:

1943 1232 2069 1300 quia
2109 1230 2198 1285 ubi
2225 1231 2549 1285 occiderunt
2580 1225 2842 1282 Verbum.
2873 1237 2979 1278 non
3009 1227 3242 1291 possunt
3267 1217 3537 1274 rationem

1945 1324 2177 1378 reddere
2199 1324 2265 1377 de
2289 1322 2373 1377 bis
2401 1336 2527 1390 quae
2547 1319 2631 1373 vel
2655 1319 2843 1372 dicunt
2870 1316 2953 1370 vel
2983 1314 3217 1369 faciunt.
3240 1311 3306 1366 Et
3336 1312 3382 1366 si
3411 1309 3543 1379 quid

1945 1416 2329 1486 propheticum
2391 1411 2838 1483 interrogaveris,
2875 1409 3287 1470 obmutescunt,
3322 1414 3379 1458 et
3431 1418 3540 1459 non

1948 1517 2171 1579 possunt
2212 1507 2308 1563 tibi
2346 1505 2427 1563 vel
2470 1518 2782 1562 sermonem
2810 1501 2896 1558 vel
2929 1513 3252 1571 responsum
3285 1499 3440 1555 dare.

2020 1783 2187 1839 Vsus.
2216 1781 2310 1846 24,
2334 1780 2429 1836 25.
2461 1798 2479 1832 ι
2512 1778 2643 1835 Post
2673 1777 2772 1834 hos
2801 1784 2982 1832 autem
3015 1775 3135 1830 dies
3162 1773 3416 1840 concepit
3439 1769 3548 1825 Eli-

1950 1877 2143 1932 sabeth
2181 1890 2322 1930 uxor
2350 1873 2493 1938 eius,
2519 1880 2573 1927 et
2619 1869 2934 1926 occultabat
2979 1882 3039 1922 se
3075 1864 3357 1920 mensibus
3387 1865 3550 1933 quin-

1950 1986 2078 2042 que.
2105 1969 2325 2025 dicens:
2359 1967 2450 2021 Sic
2468 1965 2596 2020 fecit
2619 1963 2746 2018 milii
2774 1961 3037 2016 Dominus
3060 1961 3112 2013 in
3132 1959 3325 2014 diebus
3347 1957 3551 2027 quibus

1949 2077 2038 2116 me
2071 2057 2334 2126 respexit,
2355 2067 2414 2110 ut
2438 2053 2683 2112 auferret
2707 2052 2968 2122 probrum
2996 2065 3180 2107 meum
3206 2050 3350 2104 inter
3379 2047 3552 2102 homiv

1952 2164 2070 2206 nes.
2118 2167 2136 2202 ι
2171 2147 2474 2210 Elisabetb,
2514 2143 2772 2215 quoniam
2806 2152 2956 2198 easta
2997 2153 3137 2205 erat,
3167 2139 3550 2202 erubescebat,

1951 2255 2008 2299 et
2035 2251 2321 2312 propterea
2351 2237 2659 2294 occultabat
2704 2251 2785 2301 se.
2817 2251 2882 2291 eo
2921 2235 3067 2304 quod
3115 2249 3283 2287 senex
3347 2245 3552 2287 conce-

1952 2339 2142 2407 pisset.
2178 2333 2454 2390 Mensibus
2501 2343 2684 2386 autem
2716 2329 2957 2398 quinque
3001 2327 3298 2382 occultavit
3339 2340 3421 2386 se,
3459 2323 3558 2378 do-

1956 2444 2053 2484 nec
2074 2427 2243 2482 Maria
2299 2424 2635 2493 conciperet.
2687 2420 2792 2478 Ubi
2843 2429 3024 2476 autem
3063 2419 3148 2473 illa
3176 2418 3455 2485 concepit,
3502 2425 3560 2469 et

1955 2521 2252 2578 exsultavit
2294 2515 2473 2572 infans
2499 2517 2551 2570 in
2588 2526 2766 2577 utero,
2793 2529 2900 2568 non
2947 2513 3091 2568 ultra
3135 2527 3194 2567 se
3231 2508 3554 2572 occultavit,

1955 2614 2051 2669 sed
2085 2611 2259 2667 libere
2295 2610 2415 2671 ivit,
2453 2617 2642 2676 utpote
2676 2607 2812 2660 tanti
2850 2605 3002 2675 pueri
3038 2613 3237 2668 mater,
3268 2602 3360 2670 qui
3389 2601 3556 2656 etiam

1956 2715 2252 2774 antequam
2303 2711 2647 2768 nasceretur,
2702 2698 3095 2771 prOpbetarum
3149 2695 3415 2766 dignitate
3459 2691 3562 2747 fuit

1958 2800 2284 2855 honoratus.

2033 2893 2194 2947 Vens.
2225 2891 2425 2947 26-50.
2468 2909 2487 2944 ι
2529 2890 2588 2944 In
2625 2902 2815 2944 mense
2853 2894 3032 2941 autem
3061 2893 3218 2939 sexto
3250 2883 3450 2936 missus
3477 2885 3562 2934 est

1958 2988 2185 3056 angelus
2211 2985 2376 3057 275
2428 2982 2648 3041 Gabriel
2682 2997 2712 3036 ιι
2762 2982 2870 3035 Deo
2912 2981 2964 3033 in
3012 2978 3290 3033 civitatem
3327 2974 3565 3030 Galilzeze

1959 3082 2046 3136 cui
2073 3094 2271 3134 nomen
2302 3076 2600 3140 Nazaretlt,
2637 3073 2703 3128 ad
2730 3072 2995 3141 virginem
3019 3071 3410 3139 desponsatam
3438 3067 3562 3120 viro

254 3165 369 3237 δρὶ,
393 3162 437 3232 ᾧ
476 3167 649 3237 δνομα
691 3165 914 3238 Ἰωσὴφ,
950 3167 1010 3232 ἐξ
1043 3168 1194 3221 οἴκου
1242 3169 1425 3223 Δαϐίδ.
1468 3171 1575 3222 Καὶ
1596 3171 1657 3222 τὸ
1685 3171 1854 3240 ὄνομα
1886 3194 1899 3250 ε

1965 3175 2049 3228 cui
2079 3187 2282 3228 nomen
2315 3169 2680 3239 eratloseph,
2726 3167 2794 3221 de
2827 3165 2995 3220 domo
3011 3164 3218 3227 David,
3246 3177 3312 3217 ac
3367 3173 3564 3215 nomen

249 3259 354 3328 τῆς
392 3260 692 3328 παρθένου,
747 3260 1005 3330 Μαριάμ.
1055 3260 1170 3313 Καὶ
1220 3261 1484 3313 είσελθὼν
1542 3263 1570 3315 6
1625 3263 1860 3329 ἀγγελος

251 3346 394 3422 πρὸς
429 3351 623 3424 αὐτὴν,
675 3348 819 3406 εἴπεο
856 3353 1055 3425 Χαῖρε,
1107 3356 1550 3425 κεχαριτωμένη,
1599 3359 1627 3409 6
1657 3356 1859 3426 Κύριος

255 3445 398 3513 μετά
429 3445 546 3506 σοῦ,
577 3446 926 3516 εὐλογημένη
965 3448 1030 3500 σὺ
1065 3449 1123 3500 έν
1151 3448 1422 3516 γυναιξίν.
1465 3448 1532 3501 Ἢ
1553 3449 1612 3501 δὲ
1649 3449 1856 3514 ἰδοῦσα,

249 3535 586 3607 διεταράχθη
621 3537 714 3589 ἐπὶ
746 3535 828 3606 τῷ
857 3536 1001 3606 λόγῳ
1046 3536 1238 3600 αὐτοῦ,
1268 3538 1365 3591 καὶ
1395 3538 1727 3607 διελογίζετο
1757 3556 1858 3592 πο·

250 3628 426 3692 ταπὺς
457 3627 543 3699 είη
595 3630 623 3681 6
669 3631 964 3698 ἀσπασμὸς
997 3623 1155 3693 οὗτος
1177 3645 1193 3660 ·
1251 3632 1348 3684 καὶ
1374 3625 1530 3684 εῐπεν
1573 3634 1600 3684 6
1627 3632 1860 3702 ἀγχελος

251 3723 394 3793 αὐτῇ
418 3736 432 3749 ⁸
467 3722 557 3789 Μὴ
581 3721 772 3789 φοϐοῦ,
801 3724 1062 3793 Μαριάμ·
1089 3718 1248 3794 εὗρες
1277 3725 1385 3794 γὰρ
1414 3725 1574 3794 χάριν
1598 3725 1751 3796 παρά
1781 3727 1860 3798 τῷ

252 3811 393 3881 Θεῷ.
428 3832 447 3865 ι
510 3814 675 3882 Μήνα
724 3815 884 3868 ικτον
917 3815 1067 3882 λέγει
1101 3815 1194 3868 τιν
1251 3816 1361 3869 ἀπὸ
1392 3817 1490 3885 τῆς
1540 3799 1860 3886 συλλήψεως

267 3903 540 3957 Ἰωάννου.
570 3906 736 3972 Λέγει
762 3905 820 3957 δὲ
843 3923 907 3976 με
919 3907 1253 3976 μνηστεῡθαι
1276 3907 1376 3975 τὴν
1399 3908 1672 3976 παρθένον
1703 3909 1858 3978 ἀνδρὶ

253 3995 318 4061 ἐξ
351 3997 503 4050 οἴκου
540 3997 726 4064 Δαϐὶδ,
783 3999 871 4052 ἵνα
911 3998 1082 4070 δείξῃ,
1120 3999 1203 4052 ὅτι
1235 3998 1332 4053 καὶ
1366 4001 1506 4071 αὐτὴ
1539 4004 1605 4055 ἐκ
1633 4001 1729 4054 τοῦ
1760 4003 1855 4069 γέ-

252 4105 381 4150 ν›υς
401 4090 497 4143 τοῦ
532 4091 697 4144 Δαϐὶδ
730 4094 1035 4161 κατήγετο·
1069 4095 1134 4146 ἐκ
1175 4095 1285 4163 γὰρ
1326 4093 1422 4146 τοῦ
1451 4093 1619 4147 αὑτοῦ
1666 4097 1860 4163 γένους

253 4182 352 4234 καὶ
378 4182 476 4250 τῆς
504 4182 676 4247 αὐτῆς
702 4186 890 4252 σειρᾶς
913 4180 1052 4236 εἶναι
1115 4187 1363 4255 μφότερα
1395 4187 1466 4238 τὰ
1499 4186 1664 4258 μέρη,
1697 4187 1862 4256 νόμος

252 4267 344 4343 ἦν.
376 4274 598 4345 Ἐπειδὴ
634 4275 689 4327 δὲ
725 4278 790 4344 τῇ
824 4274 933 4345 EB;
967 4278 996 4328 6
1029 4278 1068 4327 K
1099 4279 1235 4346 19w;
1304 4273 1480 4339 εἶπεν,
1528 4278 1619 4330 Ἐν
1660 4278 1860 4342 λύπαις

252 4366 384 4433 τέξῃ
414 4366 600 4428 τέκνα,
627 4366 742 4416 λύει
775 4368 874 4435 τὴν
897 4367 1040 4437 λύπη
1106 4368 1314 4438 ταύτην
1344 4371 1377 4439 ἡ
1408 4369 1576 4438 χαρὰ,
1608 4370 1676 4441 ἢν
1705 4372 1733 4423 6
1762 4371 1863 4439 ἀγ-

253 4456 414 4523 γελος
451 4453 752 4528 προσφέρέι
777 4462 842 4527 τῇ
879 4460 1164 4530 Παρθένῳ,
1200 4460 1408 4528 λέγων·
1460 4462 1654 4530 Χαῖρε,
1699 4480 1862 4534 κεχαο

1967 3269 2194 3339 virginis
2218 3267 2413 3320 Maria.
2442 3264 2506 3318 Et
2537 3265 2821 3331 ingressus
2852 3259 3080 3330 angelus
3110 3257 3177 3312 ad
3209 3272 3330 3312 eam
3380 3256 3518 3309 dixit
3546 3272 3562 3310 :

1964 3361 2172 3424 Gaude,
2203 3360 2463 3427 gratiosa,
2510 3355 2776 3409 Dominus
2827 3363 3030 3418 tecum,
3061 3351 3350 3406 benedicta
3403 3360 3458 3403 tu
3511 3349 3564 3403 iu

1965 3454 2314 3508 m‘ulieribus.
2345 3451 2440 3505 Illa
2465 3447 2618 3503 'vero
2651 3463 2778 3502 cum
2805 3446 3062 3509 vidisset,
3097 3445 3316 3498 turbata
3350 3453 3433 3496 est
3461 3457 3563 3496 su-

1965 3561 2064 3616 per
2104 3557 2361 3599 sermone
2397 3541 2537 3608 ejus,
2573 3549 2627 3596 et
2658 3540 2938 3608 cogitabat
2964 3537 3142 3606 qualis
3169 3543 3320 3590 esset
3350 3533 3439 3588 illa
3470 3549 3564 3588 sa-

1965 3638 2180 3693 lutatio.
2203 3635 2267 3690 Et
2298 3619 2438 3690 diait
2461 3635 2690 3704 angelus
2719 3632 2800 3687 ei:
2829 3629 2908 3686 Ne
2938 3632 3156 3692 timeas,
3194 3628 3387 3690 Maria,
3413 3627 3568 3704 inve-

1964 3732 2091 3786 nisti
2125 3731 2270 3786 enim
2312 3730 2547 3795 gratiam
2601 3725 2746 3796 apud
2779 3725 2971 3780 Deum.
3008 3743 3026 3776 ι
3068 3723 3306 3776 Metisem
3349 3699 3567 3776 seKtum

1966 3827 2098 3880 dicit
2128 3840 2157 3879 a
2192 3838 2438 3893 tempore
2470 3837 2580 3888 quo
2608 3829 2918 3886 conceptus
2967 3817 3072 3870 fuit
3102 3814 3371 3870 Joannes.
3427 3811 3568 3866 Dicit

1967 3926 2145 3971 autem
2173 3918 2560 3984 desponsatam
2591 3913 2857 3982 virginem
2890 3910 3008 3963 viro
3048 3909 3140 3978 qui
3170 3916 3290 3962 erat
3313 3907 3378 3960 de
3407 3907 3570 3959 domo

1969 4011 2160 4073 David,
2195 4020 2252 4063 ut
2282 4010 2602 4064 ostenderet
2625 4017 2680 4061 et
2709 4006 2885 4075 ipsam
2917 4019 2981 4058 ex
3013 4015 3214 4072 genere
3247 3999 3417 4054 David
3471 3998 3567 4052 de-

1965 4101 2287 4166 scendisse;
2349 4099 2506 4169 juxta
2555 4098 2727 4166 legem
2765 4096 2910 4148 enim
2943 4092 3204 4162 conjuges
3251 4105 3316 4145 ex
3375 4088 3567 4144 eodem

1966 4209 2168 4264 genere
2207 4203 2262 4248 et
2293 4193 2483 4246 eadem
2510 4189 2855 4260 cognationis
2888 4196 3081 4240 catena
3113 4190 3413 4254 prognatos
3449 4195 3570 4234 esse

1965 4287 2276 4355 oportebat.
2315 4283 2454 4350 Quia
2477 4290 2658 4335 autem
2695 4281 2829 4334 Evze-
2855 4280 3060 4332 dictum
3095 4286 3216 4331 erat
3249 4291 3277 4328 a
3312 4273 3568 4337 Domino,

1965 4389 2024 4433 ut
2061 4379 2113 4432 iu
2153 4377 2398 4431 tristitiis
2435 4376 2616 4444 pariat
2651 4373 2790 4426 lilios
2817 4373 2886 4434 ",
2914 4371 3079 4424 solvit
3106 4370 3388 4423 tristitiam
3422 4368 3569 4418 illaut

1968 4472 2020 4524 in
2064 4471 2343 4540 gaudium.
2373 4469 2518 4537 quod
2573 4467 2799 4535 angelus
2824 4463 3036 4531 Virgini
3100 4461 3340 4514 aﬂerens
3395 4460 3570 4513 dicit:

256 4549 571 4619 ριτωμένη·
632 4551 753 4601 ἐπεὶ
778 4550 832 4601 δὲ
867 4553 1219 4622 κεκατήρατο
1272 4555 1304 4624 η
1339 4551 1480 4614 Εὕα,
1511 4554 1856 4625 εὐλογημένη
1888 4553 1899 4609 ]

1967 4563 2178 4624 Gaude,
2211 4563 2476 4631 gratiosa.
2513 4559 2578 4612 Et
2621 4558 2748 4625 quia
2803 4556 3092 4610 maledicta
3147 4554 3250 4608 fuit
3289 4553 3422 4614 Eva,
3453 4552 3567 4605 haec

253 4639 397 4707 αῦτη
456 4642 680 4693 ἀκούει·
724 4642 1057 4710 διελογίζετο
1121 4645 1178 4698 δὲ
1231 4647 1495 4714 περὶτοῦ
1555 4649 1855 4717 ἀσπασμοῦ

254 4735 500 4795 ποταπὸς
531 4737 616 4802 εἴη
649 4729 822 4800 οὗτος,
864 4739 937 4805 μὴ
966 4733 1074 4807 ἆρα
1114 4739 1314 4802 ἀτοπός
1338 4758 1419 4802 τις
1443 4742 1537 4794 καὶ
1575 4745 1853 4812 πορνικὸς,

252 4827 329 4887 ὡς
355 4828 411 4891 ἐξ
441 4828 634 4896 ἀνδρὸς
668 4829 799 4897 πρὸς
835 4832 1028 4898 κόρην,
1077 4831 1107 4901 ἢ
1142 4831 1286 4893 θεῖος
1309 4849 1324 4862 ·
1360 4834 1550 4903 ἐπειδὴ
1592 4838 1685 4888 καὶ
1716 4836 1853 4888 Θεοῦ

256 4921 450 4990 μνήμη
476 4921 694 4973 σύνεστι
717 4921 794 4990 τῷ
820 4923 1123 4992 ἀσπασμῷ,
1155 4925 1315 4989 τὸ,Ὀ
1347 4925 1548 4995 Κύριος
1571 4928 1713 4997 μετά
1738 4929 1856 4983 σοῦ.

257 5011 485 5080 Πρῶτον
519 5013 576 5065 δὲ
607 5017 964 5069 καταστέλλει
1002 5016 1102 5086 τὴν
1148 5007 1380 5086 ’καρδίαν
1411 5020 1584 5088 αὐτῆς
1619 5022 1730 5074 ἀπὸ
1766 5023 1860 5076 τοῦ

256 5103 462 5170 φόϐου·
496 5103 570 5166 ὡς
613 5105 678 5157 ἂν
714 5110 770 5159 ἐν
827 5108 1100 5178 ἀταραξίᾳ
1151 5112 1458 5180 γενομένη,
1498 5113 1714 5179 δέξηται
1761 5116 1854 5184 τὴι

257 5193 412 5246 θείαν
441 5196 769 5265 ἀπόκρισιν·
830 5200 890 5250 οὐ
937 5201 1047 5269 γὰρ
1105 5203 1384 5272 ἐνεδέχετο
1441 5206 1860 5276 ταραττομένην

257 5288 452 5359 αὐτὴν,
496 5291 742 5361 ἀκριϐῶς
799 5295 1018 5348 ἀκούειν
1054 5295 1122 5347 τὰ
1156 5297 1582 5368 συμϐησόμενα’
1611 5301 1749 5369 ὅπερ
1803 5301 1859 5354 δὲ

255 5388 369 5443 ἄνω
391 5384 537 5446 εἷπε,
578 5391 1016 5457 κεχαριτωμένη,
1055 5388 1244 5458 ὥσπερ
1302 5393 1624 5460 ἑρμηνεύων
1666 5397 1854 5463 φησίν·

258 5479 432 5551 Εὖρες
463 5482 570 5550 γὰρ
603 5481 766 5550 χάριν
798 5481 1030 5533 ἐνώπιον
1061 5483 1152 5535 τοῦ
1197 5485 1334 5537 Θεοῦ
1359 5502 1372 5513 ·
1405 5488 1566 5540 τοῦτο
1598 5491 1704 5556 γάρ
1740 5490 1858 5542 ἐστι

253 5576 316 5626 τὸ
368 5575 798 5645 κεχαριτώσοαι,
838 5576 898 5626 τὸ
957 5577 1140 5646 εὑρεῖν
1197 5581 1357 5650 χὰρ.ν
1417 5585 1566 5650 παρὰ
1598 5583 1674 5651 τῷ
1714 5585 1856 5652 Θεῷ,

256 5670 560 5731 τουτέστιν,
590 5671 785 5738 ἀρέσαι
810 5668 930 5738 Θεῷ
957 5687 968 5700 ·
1003 5671 1138 5724 ἀλλὰ
1165 5674 1321 5726 τοῦτο
1353 5675 1451 5745 μὲν
1482 5677 1661 5728 κοινόν
1682 5693 1696 5709 ο
1726 5679 1858 5730 πολ-

331 5850 373 5882 ⁶⁶
416 5851 551 5906 Ccn.
582 5868 658 5916 ιιι,
693 5854 773 5907 lii.

1969 4658 2168 4711 dicitur
2210 4658 2517 4709 benedicta.
2571 4652 2974 4708 Considerabat
3028 4660 3209 4703 autem
3260 4652 3325 4702 de
3365 4646 3572 4699 saluta-

1969 4750 2135 4810 tione,
2167 4747 2475 4814 qualisnam
2512 4755 2676 4809 esset,
2719 4759 2846 4796 num
2904 4741 3144 4795 absurda
3175 4753 3226 4792 et
3267 4739 3566 4807 procatrix,

1970 4855 2030 4893 ac
2073 4839 2249 4906 qualis
2283 4838 2381 4890 viri
2418 4836 2483 4888 ad
2539 4836 2801 4904 puellam,
2846 4850 2914 4887 an
2967 4834 3184 4885 divina:
3217 4831 3345 4900 quia
3386 4838 3440 4882 et
3475 4827 3570 4882 Dei

1971 4935 2175 4987 mentio
2196 4934 2336 4986 inter
2357 4931 2701 4984 salutandum
2729 4929 3033 4993 facta,cum
3059 4929 3355 4988 diceretur,
3387 4923 3571 4976 Domi-

1968 5042 2072 5082 nus
2099 5037 2300 5081 tecum.
2331 5026 2573 5078 Primum
2618 5032 2800 5076 autem
2837 5023 3091 5074 timorem
3130 5035 3156 5072 a
3187 5022 3351 5071 corde
3399 5019 3571 5085 ipsius

1971 5121 2203 5189 vepellit,
2266 5130 2322 5171 ιιι
2371 5121 2420 5170 in
2467 5121 2654 5180 quiete
2722 5117 3020 5171 constituta
3069 5116 3312 5168 diviuutn
3349 5125 3572 5175 respou-

1967 5199 2090 5269 ευίη
2141 5212 2392 5280 accipiat.
2428 5209 2619 5279 Neque
2671 5212 2816 5264 enim
2856 5208 2968 5261 fleri
3005 5216 3185 5275 potest
3237 5216 3292 5258 ut
3351 5206 3567 5256 turbata

1968 5308 2257 5379 diligi-nter
2290 5308 2475 5360 audiat
2509 5321 2628 5374 qua:
2660 5313 2923 5359 eventura
2951 5315 3097 5355 sunt.
3135 5299 3309 5352 Porro
3337 5299 3387 5350 id
3423 5296 3565 5365 quod

1967 5419 2128 5470 suth
2162 5403 2319 5465 dixit,
2349 5400 2610 5468 gratiosa,
2641 5399 2791 5466 quasi
2826 5399 3192 5456 interpretans
3219 5393 3345 5445 dicit
3372 5410 3382 5442 :
3414 5388 3568 5442 Inve-

1969 5495 2095 5546 uisti
2138 5495 2282 5546 enim
2338 5493 2567 5560 gratiam
2625 5507 2808 5544 curaui
2845 5488 3094 5541 Domino.
3143 5485 3252 5537 lloc
3294 5483 3435 5536 enim
3485 5488 3565 5533 est

1967 5589 2260 5657 gratiosam
2294 5602 2437 5646 es‘e,
2468 5586 2547 5637 vel
2573 5584 2962 5653 gratiticatam,
2985 5585 3126 5651 quod
3159 5580 3420 5632 inxenerit
3445 5589 3572 5641 gra-

1969 5683 2099 5734 tiam
2138 5679 2280 5749 apud
2330 5676 2524 5744 Deum,
2560 5678 2663 5731 hoc
2702 5682 2809 5742 est,
2862 5674 3127 5746 placuerit
3183 5670 3311 5726 Deo.
3368 5667 3567 5721 Verum
