4272 6438
753 391 854 453 703

1651 387 2224 450 THEOPHYLACTI
2259 384 2666 446 BULGARIE
2708 384 3064 444 ARCHIEP.

3897 368 4006 443 τοι

753 501 855 554 hoc
889 516 1168 553 commune
1191 501 1348 553 habet
1377 515 1493 552 cum
1519 500 1720 552 multis.
1749 501 1921 553 aiultre
1939 500 2083 554 enim
2115 510 2168 552 et
2199 499 2316 552 alia:
2344 500 2394 558 Α
2421 497 2440 548 λ

2344 500 2394 558 Α
2421 496 2510 549 λαὶ
2539 495 2646 566 γὰρ
2675 495 2768 545 καὶ
2801 493 2957 546 ἄλλαι
3001 486 3161 562 εὗρον
3212 492 3371 559 χάριν
3410 490 3560 560 παρὰ
3592 489 3672 558 τῷ
3693 487 3837 556 Θεῷ,
3861 487 3925 540 τὸ
3950 486 4009 540 ει

757 595 1076 644 invenerunt
1105 593 1329 660 gratiam
1360 605 1539 643 coram
1570 591 1698 654 on,
1731 608 1834 645 non
1871 601 2053 645 autem
2088 593 2138 646 id
2177 591 2320 659 quod

756 684 1002 736 infertur.

825 774 987 833 Vens.
1025 777 1215 831 31-33.
1275 795 1292 827 ι
1324 774 1459 830 Ecce
1483 775 1755 843 concipies
1789 775 1839 828 in
1864 785 2037 836 utero,
2071 784 2122 828 et
2143 776 2322 844 paries

759 862 942 927 filium,
969 873 1019 914 et
1053 863 1268 915 vocabis
1330 876 1522 915 nomen
1558 861 1672 929 ejus
1731 859 1931 913 Iesum.
1964 859 2012 913 Is
2053 861 2156 914 erit
2206 876 2321 912 ma-

754 961 991 1018 gnus,ct
1028 951 1194 1005 Filius
1241 951 1498 1006 Altissimi
1559 951 1854 1003 vocabitur.
1914 949 1978 1003 Et
2037 952 2190 1005 dabit
2249 951 2320 1004 illi

757 1044 1010 1097 Dominus
1042 1044 1182 1100 Deus
1204 1044 1382 1098 sedem
1416 1042 1576 1096 David
1606 1043 1773 1109 patris
1805 1043 1992 1111 ipsius,
2051 1045 2325 1113 regnabit-

754 1149 858 1203 que
882 1151 1041 1203 super
1071 1137 1287 1187 domum
1331 1133 1496 1187 Jacob
1520 1135 1572 1186 in
1609 1142 1866 1187 mteruum
1908 1151 1920 1188 :
1953 1143 2006 1187 et
2036 1135 2180 1202 regni
2207 1135 2324 1202 ejus

758 1239 861 1278 non
921 1225 1024 1278 erit
1076 1225 1211 1278 finis.
1258 1244 1275 1274 ι
1316 1225 1452 1279 Ecce
1510 1224 1804 1292 concipies.
1869 1226 1968 1278 hoc
2029 1224 2322 1291 singulare,

757 1317 895 1384 quod
928 1316 1052 1369 nulli
1109 1317 1260 1368 alteri
1287 1331 1623 1371 concessum.
1655 1317 1709 1370 lu
1739 1326 1890 1369 utero
1927 1322 2107 1368 autem
2146 1316 2304 1378 dixit,

759 1416 812 1458 ut
845 1406 1089 1460 ostendat
1119 1406 1404 1459 Dominum
1439 1422 1503 1459 ex
1538 1407 1704 1473 ipsius
1760 1407 1982 1475 virginis
2036 1416 2188 1459 utero
2242 1406 2326 1458 in-

760 1509 1040 1550 caritatum
1073 1497 1519 1551 susbtantialiier.
1549 1497 1690 1550 Bene
1717 1506 1894 1550 autem
1929 1498 2104 1551 dictus
2130 1506 2214 1552 est
2238 1496 2325 1551 Je-

759 1602 869 1647 sus.
904 1591 1024 1655 quia
1058 1589 1126 1641 ob
1187 1588 1410 1641 salutem
1459 1589 1628 1640 nosui
1675 1588 1886 1656 generis
1928 1587 2091 1641 venit.
2121 1585 2324 1640 Nomen

759 1678 898 1731 enim
930 1681 1027 1732 hoc
1063 1680 1110 1731 in
1137 1678 1379 1733 Grmcam
1437 1679 1672 1747 linguam
1728 1694 2068 1737 conversum.
2132 1681 2329 1733 dicitur

757 1769 921 1823 salus.
953 1767 1109 1822 Jesus
1159 1769 1319 1838 igitur
1357 1770 1549 1838 Σωτήρ
1586 1778 1688 1834 est,
1737 1769 1839 1822 hoc
1905 1778 1983 1824 est
2034 1770 2317 1823 salvator:

2423 588 2816 657 ἐπιφερόμενον
2846 585 2942 637 οὐκ
2966 584 3064 636 ἔτι.

2501 785 2518 818 ι
2560 766 2669 819 Katl
2703 765 2809 818 ίδοὺ
2844 762 3085 831 συλλήψῃ
3116 763 3174 813 ἐν
3205 759 3423 827 γαστρὶ,
3456 757 3550 810 καὶ
3585 755 3712 824 τέξῃ
3745 754 3882 815 υίδν,
3907 756 4002 806 καὶ

2424 859 2674 921 καλέσεις
2700 858 2761 910 τὸ
2789 857 2959 925 ὄνομα
2984 852 3148 907 αὑτοῦ
3186 852 3394 923 Ἰησοῦν
3412 865 3424 879 ·
3464 843 3621 912 οὗτος
3645 849 3801 900 ἔσται
3837 848 4012 916 μέγας

2425 951 2517 1003 καὶ
2539 951 2663 1010 Tib;
2679 949 2944 1018 Ὑψίστου
2973 945 3322 1015 κληθήσεται.
3345 941 3453 994 Kal
3470 939 3790 1008 δώσειαύτῷ
3811 938 4013 1006 Κύριος

2423 1042 2451 1092 6
2497 1039 2627 1100 Θεὸς
2663 1037 2753 1090 τὸν
2807 1037 2998 1107 θρόνον
3051 1034 3216 1087 Δαϐὶδ
3271 1032 3366 1083 τοῦ
3401 1029 3608 1098 πατρὸς
3666 1027 3859 1080 αὐτοῦ.
3902 1028 4016 1081 Kal

2429 1128 2733 1198 βασιλεύσει
2788 1128 2879 1179 ἐπὶ
2906 1127 3003 1178 τὸν
3031 1119 3180 1176 οἶκον
3229 1120 3419 1176 Ἰακὼϐ
3467 1122 3547 1182 είς
3584 1120 3710 1180 τοὺς
3760 1118 3967 1181 αίῶνας
3994 1156 4010 1181 ,

2428 1219 2520 1271 καὶ
2573 1219 2669 1284 τῆς
2726 1217 3002 1286 βασιλείας
3038 1215 3200 1268 αὑτοῦ
3247 1216 3347 1266 οὐκ
3401 1216 3559 1265 ἔσται
3591 1213 3765 1271 τέλος.
3808 1230 3828 1261 ι
3877 1210 4009 1262 Ἰδοὺ

2431 1308 2675 1377 συλλήψῃ
2697 1325 2711 1338 ·
2747 1308 2904 1359 τοῦτο
2939 1308 2999 1358 τὸ
3051 1307 3308 1369 ἐξαίσιον,
3332 1299 3392 1358 οὗ
3438 1304 3664 1372 οὐδεμία
3706 1302 3843 1370 ἄλλη
3876 1318 4010 1353 κατ-

2427 1400 2670 1468 ηξιώθη·
2731 1400 2788 1450 ἐν
2838 1400 3037 1468 γαστρὶ
3062 1398 3117 1450 δὲ
3149 1394 3323 1459 εἷπεν,
3363 1397 3446 1448 ἵνα
3487 1396 3632 1466 δείξῃ
3680 1395 3769 1447 τὸν
3806 1396 4012 1465 Κύριον

2428 1490 2484 1555 ἐξ
2509 1489 2676 1557 αὐτῆς
2708 1489 2806 1557 τῆς
2844 1487 3032 1558 νηδύος
3087 1487 3183 1556 τῆς
3217 1486 3496 1556 Παρθένου
3532 1484 3882 1556 σαρκωθέντα
3924 1484 4013 1537 ούο

2432 1581 2671 1643 σιωδῶςο
2707 1581 2931 1641 δικαίως
2967 1578 3023 1630 δὲ
3072 1576 3273 1647 ἐκλήθη
3333 1575 3541 1645 Ἰησοῦς
3574 1578 3600 1627 ὀ
3629 1578 3724 1627 ἐπὶ
3765 1574 4012 1644 σωτηρία

2428 1672 2525 1724 τοῦ
2569 1671 2839 1741 ἡμετέρου
2891 1670 3081 1734 γένους
3115 1668 3322 1721 ἐλθών·
3352 1667 3412 1719 τὸ
3465 1667 3572 1738 γὰρ
3605 1667 3775 1736 δνομα
3828 1667 4013 1731 τοῦτο,

2431 1765 2510 1827 είς
2543 1764 2640 1832 τὴν
2683 1764 2905 1815 Ἐλλάδα
2931 1762 3184 1831 γλῶσσαν
3219 1759 3705 1828 μεταϐαλλόμενον,
3740 1760 3890 1812 Θεοῦ
3927 1760 4012 1812 λέ-

758 1863 879 1930 quia
912 1874 965 1916 et
1001 1862 1098 1912 ίαώ
1126 1861 1268 1915 salus
1293 1863 1508 1915 dicitur.
1543 1862 1656 1915 Erit
1705 1873 1904 1924 autem,
1933 1863 2141 1926 inquit,
2203 1878 2318 1914 ma-
2356 1833 2395 1887 Β
2428 1875 2445 1925 1

2317 1892 2318 1899 η
2356 1833 2395 1887 Β
2428 1874 2584 1925 γεται
2613 1856 2904 1922 σωτηρίαο
2957 1853 3166 1921 Ἰησοῦς
3200 1847 3293 1906 οὗν
3356 1853 3563 1920 Σωτὴρ
3616 1853 4004 1922 ἑρμηνεύεται,

758 1968 916 2017 gnus,
939 1963 991 2004 et
1037 1951 1202 2006 Filius
1229 1954 1486 2007 Altissimi
1516 1954 1812 2007 vocabitur.
1851 1953 2072 2022 Magnus
2109 1955 2323 2023 quidem

760 2043 857 2098 fuit
891 2058 941 2098 et
967 2044 1220 2112 Joannes,
1257 2049 1346 2101 sed
1374 2064 1477 2101 non
1505 2048 1570 2100 ad
1601 2048 1700 2100 hoc
1728 2047 1987 2100 Altissimi
2019 2047 2204 2101 Filius.
2233 2046 2325 2101 Jeo

759 2152 848 2190 sus
882 2153 1009 2191 vero
1044 2153 1265 2206 magnus
1311 2140 1550 2207 quidem,
1606 2154 1669 2193 eo
1701 2139 1844 2208 quod
1898 2141 2077 2193 docuit
2111 2158 2122 2191 :
2159 2139 2329 2194 Filius

757 2238 932 2280 autem
979 2229 1260 2296 Altissimi,
1293 2242 1344 2282 et
1397 2241 1616 2298 propter
1651 2232 1787 2284 istuc
1838 2231 2011 2298 ipsum
2051 2248 2062 2282 :
2100 2231 2329 2284 docebat

759 2321 898 2373 cnim
929 2321 1063 2374 sicut
1095 2324 1466 2375 auctoritatem
1511 2322 1712 2377 habens
1741 2341 1751 2373 ε
1786 2331 1838 2375 et
1863 2330 2078 2390 propter
2111 2322 2330 2377 mirabi-

761 2412 885 2463 lium
916 2413 1294 2465 miraculorum
1336 2415 1722 2482 operationem.
1769 2415 2001 2468 Vocatur
2036 2425 2212 2468 autem
2244 2414 2329 2467 Fi-

761 2505 860 2555 lius
892 2504 1177 2566 Allisslmi,
1213 2506 1302 2572 qui
1335 2508 1625 2574 apparebat
1672 2508 1847 2560 homo.
1878 2505 2006 2559 Nam
2041 2506 2167 2573 quia
2221 2521 2324 2560 una

761 2597 853 2649 fuit
902 2600 1221 2668 byposmsis,
1264 2615 1449 2653 revera
1487 2599 1651 2653 Filius
1710 2600 1970 2653 Altissimi
2007 2599 2106 2653 fuit
2163 2599 2326 2652 Filius

766 2689 1000 2753 virginis.
1050 2690 1111 2742 Et
1145 2688 1244 2742 fuit
1282 2691 1494 2757 quidem
1552 2692 1715 2760 276
1757 2701 1879 2745 ante
1921 2692 2114 2744 saecula
2163 2689 2330 2743 Filius

762 2779 1021 2833 Altissimi
1104 2782 1372 2845 Verbum,
1454 2784 1545 2837 sed
1606 2798 1710 2836 non
1793 2785 2083 2837 vocabatur
2159 2797 2331 2850 neque

761 2873 1232 2940 t'ognoscebatur;
1320 2882 1599 2940 postquam
1727 2885 1902 2928 autem
1993 2875 2326 2928 incarnatum

759 2972 841 3016 est
909 2973 961 3016 et
1028 2965 1272 3032 apparuit
1321 2965 1372 3016 in
1416 2980 1609 3028 carne,
1667 2975 1791 3020 tunc
1837 2976 1891 3019 et
1951 2977 2201 3018 vocatum
2248 2975 2332 3018 cst

767 3053 929 3108 Filius
982 3055 1267 3124 Altissimi,
1316 3058 1403 3126 qui
1441 3057 1730 3127 apparebat
1762 3067 1816 3111 et
1851 3059 2103 3112 miracula
2161 3057 2328 3112 facie-

2430 1951 2511 2002 ὂτι
2570 1949 2663 2001 καὶ
2706 1947 2804 2001 ἰαὼ
2856 1948 2894 2013 ἡ
2951 1947 3213 2013 σωτηρία
3247 1943 3483 2011 λέγεται.
3521 1945 3714 1997 Ἔσται
3741 1945 3818 2007 δὲ,
3856 1945 4008 2012 φησὶ,

2433 2041 2631 2109 μέγας,
2678 2042 2772 2092 καὶ
2823 2039 2949 2100 Υἱὸς
2992 2037 3250 2105 Ὑψίστου
3279 2036 3634 2105 κληθήσεται.
3677 2037 3870 2102 Μέγας
3912 2038 4009 2105 μέν

2429 2128 2497 2201 ἦν
2536 2133 2677 2184 καὶὸ
2719 2131 2995 2199 Ἰωάννης,
3029 2128 3141 2181 ἀλλ’
3163 2129 3261 2181 οὐκ
3291 2128 3371 2181 ἐτι
3402 2129 3497 2181 καὶ
3539 2128 3665 2191 Υἱὸς
3712 2130 3971 2194 Ὑψίστου
3993 2145 4006 2157 ⁸

2430 2226 2456 2276 6
2490 2223 2546 2275 δέ
2566 2240 2627 2290 γε
2661 2221 2871 2290 Σωτὴρ,
2916 2221 3088 2289 μέγας
3132 2220 3247 2288 μὲν,
3287 2220 3422 2272 καθὸ
3461 2219 3760 2272 ἐδίδασκεν.
3793 2221 3922 2282 Tib;
3955 2220 4010 2273 δὲ

2446 2315 2722 2382 Ὑψίστου,
2754 2315 2841 2366 διά
2864 2330 2921 2364 τε
2951 2312 3110 2365 τοῦτο
3135 2312 3266 2364 αὐτὸ
3304 2311 3575 2380 (ἐδίδασκε
3611 2312 3718 2381 γὰρ
3749 2314 3826 2374 ώς
3859 2312 4009 2378 ἐξου-

2434 2409 2553 2459 σίαν
2589 2405 2777 2475 ἔχων),
2812 2404 2907 2456 καὶ
2944 2404 3030 2456 διὰ
3070 2404 3167 2472 τὴν
3223 2404 3332 2454 τῶν
3378 2403 3673 2472 θαυμάτων
3711 2404 4012 2473 παραδοξοο

2433 2497 2648 2550 ποιίαν·
2701 2494 2946 2547 καλεῖται
3003 2493 3059 2545 δὲ
3124 2493 3248 2554 Υίὸς
3294 2491 3553 2559 Ὑψίστου
3608 2494 3634 2543 6
3683 2492 4010 2560 φαινόμενος

2430 2590 2745 2658 ἅνθρωπος·
2780 2587 2902 2638 ἐπεὶ
2934 2585 3042 2655 γὰρ
3082 2587 3177 2653 μία
3204 2580 3272 2653 ἦν
3296 2585 3614 2648 ὑπόστασις,
3644 2584 3719 2652 τῷ
3746 2584 3860 2635 δντι
3889 2583 4012 2646 Υἱὸς

2444 2683 2700 2749 Ὑψίστου
2739 2675 2807 2748 ἦν
2857 2680 2884 2730 6
2920 2677 3201 2744 ἄνθρωπος
3226 2678 3252 2727 6
3283 2677 3406 2738 Υίὶς
3437 2676 3536 2743 τῆς
3561 2674 3866 2745 Παρθένου.
3906 2670 4015 2728 Ἦν

2436 2771 2535 2839 μὲν
2566 2770 2673 2839 γὰρ
2704 2771 2796 2822 καὶ
2830 2767 2934 2837 πρὸ
2957 2768 3061 2818 τῶν
3082 2766 3291 2819 αἰώνων
3318 2766 3444 2826 Υἱὸς
3488 2766 3742 2834 Ὑψίστου
3765 2768 3793 2816 ό
3821 2767 4012 2832 Λόγος,

2433 2862 2547 2916 ἀλλ’
2581 2864 2680 2915 οὐκ
2719 2861 2983 2921 ἐκαλεῖτο,
3046 2859 3163 2911 ούδέ
3223 2859 3584 2927 ἐγνωρίζετο”
3622 2861 3744 2911 ἐπεὶ
3769 2859 3826 2910 δὲ
3851 2861 4015 2928 ἐσαρ-

2434 2953 2584 3022 κώθη
2627 2953 2721 3005 καὶ
2741 2950 3057 3022 ἐφανερώθη
3107 2953 3162 3004 ἐν
3198 2955 3385 3019 σαρκὶ,
3419 2951 3541 3003 τότε
3581 2951 3644 3019 δὴ
3685 2954 3778 3003 καὶ
3809 2950 4016 3022 ἐκλήθη

2442 3047 2562 3109 Υἱὸς
2595 3046 2875 3114 Ὑψίστου,
2903 3048 2929 3098 6
2965 3046 3290 3114 φαινόμενος
3313 3049 3408 3098 καὶ
3436 3045 3504 3097 τὰ
3537 3044 3796 3111 θαύματα
3826 3044 4014 3097 ποιῶν.

765 3145 877 3198 bat.
933 3147 1173 3201 Audiens
1206 3163 1332 3202 vero
1385 3150 1637 3202 thronum
1671 3149 1752 3202 vel
1811 3150 1988 3202 sedem
2020 3150 2202 3214 David,
2262 3163 2328 3202 ue
2358 3163 2404 3226 ο
2434 3144 2452 3196 ε

2358 3163 2404 3226 c
2434 3144 2631 3212 Θρόνον
2658 3142 2714 3195 δὲ
2748 3141 2910 3194 Δαυῖδ
2943 3141 3181 3205 ἁκούων,
3218 3143 3290 3211 μὴ
3323 3142 3589 3210 αἰσθητὴν
3616 3141 3896 3210 βασιλείαν
3932 3143 4017 3194 νό-

764 3248 918 3305 μυιοε
951 3239 1203 3292 sensibile
1234 3241 1501 3307 quoddam
1527 3255 1772 3308 regnum,
1805 3241 1895 3294 sed
1928 3241 2188 3301 divinum,
2221 3255 2331 3308 quo

763 3327 1002 3393 regnavit
1029 3341 1193 3394 super
1227 3341 1417 3381 omnes
1471 3337 1656 3395 gentes
1683 3343 1778 3396 per
1801 3329 2035 3382 divinam
2071 3330 2332 3394 prazdicao

764 3417 980 3470 tionem.
1027 3415 1225 3472 Domus
1245 3421 1387 3473 enim
1418 3418 1585 3475 Jacob
1619 3431 1745 3474 sunt
1778 3421 1836 3474 hi
1863 3423 1952 3488 qui
1998 3436 2062 3474 ex
2094 3419 2332 3474 Hebraeis

767 3509 1133 3568 crediderunt.
1199 3520 1358 3576 atque
1408 3513 1569 3564 etiam
1602 3511 1693 3580 qui
1739 3527 1804 3566 ex
1880 3513 2000 3565 aliis
2058 3511 2330 3581 gentibus.

760 3601 838 3653 Illi
864 3602 1235 3668 enimproprie
1262 3601 1426 3656 Jacob
1456 3614 1509 3656 et
1547 3603 1729 3658 Israel.
1791 3605 1852 3658 Et
1882 3609 2153 3672 quomodo
2201 3604 2333 3658 dici-

761 3700 850 3744 tur
880 3693 1066 3746 sedt-rc
1102 3708 1260 3762 super
1291 3695 1474 3748 sedem
1501 3693 1700 3748 David?
1742 3697 1902 3749 Audi.
1947 3696 2112 3750 David
2138 3713 2334 3765 parvus

761 3791 874 3836 erat
919 3785 1057 3835 inter
1122 3783 1316 3839 fratres
1339 3800 1486 3849 suos,
1545 3798 1598 3840 et
1644 3785 1906 3841 Doininus
1939 3804 2151 3856 quoque
2207 3804 2334 3842 cou-

765 3884 999 3943 temptas
1031 3885 1084 3928 et
1116 3886 1330 3928 laxatus
1361 3887 1416 3930 ut
1449 3879 1582 3931 edax
1637 3888 1690 3931 et
1723 3880 1829 3932 vini
1862 3890 2040 3948 potor,
2098 3890 2151 3932 et
2197 3878 2333 3934 fabri

765 3964 926 4027 ﬁlius,
956 3975 1008 4018 et
1036 3982 1062 4018 a
1089 3964 1346 4020 fratribus
1375 3969 1486 4021 suis
1523 3969 1646 4022 ﬁliis
1670 3967 1869 4038 Joseph
1907 3970 2327 4036 despiciebatur.

762 4056 947 4124 Neque
974 4059 1113 4111 enim
1151 4058 1348 4112 fratres
1377 4059 1512 4125 ejus,
1545 4061 1734 4128 inquit,
1775 4061 2072 4131 credebant
2096 4063 2147 4115 iu
2183 4077 2329 4117 cum.

762 4147 853 4202 Ille
877 4165 994 4203 cum
1031 4151 1390 4217 bcnefaccrel,
1422 4154 1850 4220 persecutionem
1883 4154 2191 4221 patiebatur
2225 4143 2239 4206 ἑ
2279 4162 2334 4206 et

765 4240 1022 4296 Dominus
1054 4258 1270 4312 quoque
1323 4245 1579 4297 miracula
1633 4244 1839 4298 faciens
1875 4246 2235 4299 accusabatur
2283 4253 2336 4299 et

764 4329 1118 4394 lapidabatur.
1150 4329 1242 4383 llle
1271 4344 1364 4396 per
1399 4330 1867 4384 mansuetudinem
1918 4331 2044 4384 vicit
2067 4340 2120 4384 et
2143 4344 2335 4398 regna-

760 4417 858 4480 vit,
879 4426 933 4470 et
968 4417 1224 4471 Dominus
1248 4431 1343 4484 per
1394 4417 1867 4473 mansuetudinem
1897 4429 2150 4488 suscepta
2177 4433 2338 4474 cruce

2439 3236 2583 3303 μιζε,
2617 3235 2749 3288 ἀλλὰ
2778 3235 2930 3288 θείαν
2950 3251 2963 3264 ·
2998 3237 3063 3304 ἦν
3099 3233 3451 3286 ἐϐασίλευσεν
3477 3235 3569 3285 ἐπὶ
3601 3234 3778 3286 πάντα
3803 3235 3872 3285 τε
3890 3234 4018 3300 ἔθνη

2435 3327 2521 3379 διὰ
2554 3327 2643 3380 τοῦ
2699 3327 2846 3380 θείου
2881 3327 3235 3395 κηρύγματος
3261 3342 3272 3353 ·
3312 3322 3458 3385 οἶκος
3501 3325 3609 3394 γὰρ
3651 3325 3870 3391 Ἰακώϐ,
3928 3327 4020 3379 καὶ

2435 3421 2483 3470 οἱ
2531 3419 2590 3482 ἐξ
2631 3419 2903 3487 Ἐϐραίων
2952 3420 3382 3480 πιστεύσαντες*
3420 3419 3512 3471 ναὶ
3547 3417 3652 3486 μὴν
3691 3418 3784 3470 καὶ
3831 3420 3880 3469 οἱ
3913 3421 4022 3470 ἀπ’)

2437 3510 2542 3561 τῶν
2592 3510 2766 3562 ἄλλων
2815 3509 3012 3561 ἐθνῶν·
3048 3504 3195 3560 οὗτοι
3256 3509 3364 3575 γὰρ
3410 3508 3635 3576 κυρίως,
3677 3507 3872 3559 Ἰακὼϐ
3930 3509 4023 3558 καὶ

2452 3600 2686 3668 Ἰσραήλ.
2730 3600 2848 3659 Πῶς
2904 3599 2961 3652 δε
3024 3601 3241 3666 λέγεται
3276 3601 3498 3652 καθίσαι
3559 3601 3649 3651 ἐπὶ
3685 3601 3774 3652 τον
3832 3599 4024 3668 θρόνον

2438 3693 2635 3756 Δαυῒδς
2671 3694 2892 3744 Ἀκουεο
2923 3692 2981 3745 Ὀ
3009 3693 3188 3753 Δαυῒδ,
3212 3692 3403 3761 μικρὸς
3436 3695 3492 3744 ἐν
3513 3696 3623 3755 τοῖς
3647 3692 3900 3759 ἀδελφοῖς
3931 3695 4027 3753 at;-

2437 3785 2530 3837 τοῦ
2553 3801 2568 3817 ⁸
2613 3785 2707 3838 καὶ
2741 3789 2768 3838 ό
2792 3786 2997 3854 Κύριος
3033 3785 3482 3854 ἐξουθενημένος,
3521 3789 3613 3837 καὶ⁵
3663 3785 4027 3854 διαϐεϐλημέ-

2439 3896 2526 3938 νος
2556 3877 2630 3939 ώς
2667 3880 2838 3944 φάγος
2889 3879 2980 3930 καὶ
3013 3878 3300 3946 οἰνοπότης
3331 3880 3425 3930 καὶ
3472 3879 3725 3939 τέκτονος
3758 3877 3896 3940 υίὸς,
3931 3878 4027 3930 καὶ

2442 3969 2595 4037 παρὰ
2652 3973 2766 4031 τοῖς
2799 3970 3048 4037 ἀδελφοῖς
3079 3969 3266 4030 αὐτοῦ,
3327 3971 3438 4030 τοῖς
3474 3971 3607 4030 υἱοῖς
3648 3970 3871 4038 Ἰωσὴφ,
3904 3971 4025 4022 ἀτι-

2442 4061 2749 4128 μαζόμενος
2771 4077 2783 4089 ·
2811 4061 2931 4112 οὐδὲ
2971 4061 3076 4129 γὰρ
3117 4063 3165 4113 οί
3192 4059 3413 4128 ἀδελφοὶ
3439 4060 3627 4123 αὑτοῦ,
3658 4062 3845 4128 φησὶν,
3890 4060 4027 4111 ἐπί-

2441 4169 2630 4204 στευον
2665 4153 2745 4212 είς
2772 4153 2971 4206 αὐτόν’
3009 4155 3213 4213 ἐκεῖνος
3246 4151 3549 4219 εὐεργετῶν
3585 4151 3841 4203 ἐδιώκετο
3865 4166 3878 4178 ·
3936 4153 4030 4203 καὶ

2438 4245 2465 4295 6
2489 4245 2714 4313 Κύριος,
2752 4243 3005 4313 θαύματα
3041 4243 3208 4296 ποιῶν
3244 4242 3572 4303 διεϐάλλετο,
3605 4245 3695 4294 καὶ
3719 4243 4026 4306 ἐλιθάζετο.

2452 4333 2688 4395 Ἐκεῖνος
2739 4333 2828 4385 διὰ
2878 4334 3183 4402 πραότητος
3249 4333 3469 4400 ἐνίκησε
3528 4333 3623 4385 καὶ
3669 4331 4028 4384 ἐϐασίλευσε·

2439 4424 2533 4477 καὶ
2555 4425 2583 4475 6
2618 4423 2838 4492 Κύριος,
2859 4423 2947 4474 διὰ
2978 4423 3265 4492 πραότητα
3297 4422 3531 4492 σταυρὸν
3557 4419 4028 4487 καταδεξάμενος,

767 4508 1029 4574 regnavit.
1071 4507 1227 4562 Vides
1252 4509 1520 4577 quomodo
1541 4511 1752 4564 dicatur
1803 4511 1992 4565 sedere
2031 4526 2194 4579 super
2250 4526 2335 4566 se—
2364 4497 2411 4556 Ι)
2440 4515 2454 4565 ἐ

2364 4497 2806 4566 υέϐασίλευσεν.
2861 4513 3024 4580 Ὁρᾷς
3078 4512 3195 4574 πώς
3243 4511 3464 4577 λέγεται
3513 4509 3737 4562 καθίσαι
3790 4509 3885 4560 ἐπὶ
3942 4510 4030 4562 τὸν

767 4595 888 4651 dem
922 4598 1280 4652 David?Nam
1322 4602 1462 4654 sicut
1488 4601 1653 4656 David
1671 4603 1926 4656 sensibile
1955 4617 2178 4673 regnum
2211 4619 2336 4660 sus-

767 4694 933 4761 cepit,
961 4693 1030 4746 ita
1060 4703 1112 4745 et
1173 4693 1429 4748 Dominus
1482 4694 1784 4762 spirituale,
1834 4695 1988 4764 cujus
2046 4699 2195 4767 regni
2234 4713 2337 4753 non

766 4785 1036 4839 crittinis.
1078 4784 1193 4838 Non
1230 4787 1372 4838 enim
1422 4785 1544 4840 linis
1583 4786 1732 4856 regni
1785 4785 2012 4854 Christi,
2082 4792 2183 4842 hoc
2235 4800 2338 4856 est,

769 4877 1058 4945 agnitionis
1088 4879 1175 4932 Dei
1214 4889 1269 4932 et
1294 4877 1717 4933 Christianismi.
1759 4878 1892 4933 Nam
1925 4890 2126 4936 etcum
2163 4897 2344 4951 perse-

767 4969 1036 5023 cutionem
1058 4972 1311 5038 patimur,
1346 4972 1518 5042 gratia
1552 4972 1756 5028 Christi
1778 4971 2057 5029 (iuremus.

842 5146 1005 5202 Vens.
1033 5149 1123 5212 54,
1166 5148 1255 5205 55.
1288 5167 1305 5201 ι
1350 5149 1493 5204 Dixit
1521 5161 1699 5206 autem
1739 5151 1904 5206 Maria
1954 5154 2020 5207 ad
2061 5154 2340 5222 angelum:

771 5241 1048 5306 Quomodo
1073 5242 1175 5295 erit
1208 5241 1372 5303 istud,
1423 5243 1853 5313 quandoquidem
1885 5245 2057 5299 virum
2113 5261 2220 5299 non
2254 5261 2345 5300 co-

770 5331 1016 5401 gnosco?
1046 5331 1110 5384 Et
1137 5335 1477 5401 respondens
1511 5335 1755 5404 angelus,
1817 5336 1953 5389 dixit
1987 5335 2034 5390 ei
2063 5353 2076 5389 :
2108 5335 2344 5405 Spiritus

773 5434 994 5480 sanctus
1016 5427 1358 5494 superveniet
1389 5427 1440 5479 in
1477 5437 1546 5490 te,
1573 5438 1624 5482 et
1653 5428 1823 5482 virtus
1852 5429 2114 5484 Altissimi
2157 5431 2348 5483 obum-

777 5519 950 5571 brabit
980 5518 1073 5570 tibi
1125 5535 1135 5570 :
1175 5527 1501 5587 quapropter
1533 5531 1583 5573 et
1614 5520 1754 5588 quod
1791 5531 2044 5576 nascetur
2076 5533 2348 5588 sanctum,

782 5613 1055 5663 vocabitur
1087 5609 1255 5664 Filius
1284 5611 1396 5665 Dei.
1441 5631 1456 5661 ι
1495 5609 1609 5665 Non
1638 5613 1790 5680 quasi
1823 5613 2138 5669 discredens
2175 5614 2350 5684 Virgo

791 5703 922 5753 dixit
954 5719 965 5754 :
1006 5702 1286 5766 Quomodo
1314 5704 1419 5756 erit
1447 5703 1576 5758 mihi
1613 5705 1792 5760 istud?
1827 5708 1920 5761 sed
1953 5715 2008 5760 ut
2037 5709 2270 5776 prudens
2301 5719 2352 5762 et

789 5795 1110 5862 intelligens,
1144 5805 1197 5851 ut
1228 5797 1420 5861 discat,
1480 5797 1695 5853 modum
1758 5799 1997 5868 inquirit.
2031 5798 2165 5855 Non
2205 5799 2350 5856 enim

2443 4604 2630 4674 θρόνον
2663 4605 2865 4667 Δαυῖδ;
2905 4605 2995 4665 Ὠς
3028 4604 3136 4671 γὰρ
3173 4604 3199 4654 6
3231 4601 3394 4654 Δαυῒδ
3443 4600 3540 4670 τὴν
3579 4601 3843 4669 αἰσθητὴν
3879 4600 4032 4669 $0.0".-

2443 4698 2590 4749 λείαν
2612 4697 2824 4760 ἔλαϐεν,
2847 4697 2990 4749 οὓτω
3019 4697 3110 4748 καὶ
3132 4698 3160 4748 6
3193 4695 3396 4764 Κύριος
3427 4695 3526 4761 τὴν
3554 4697 3752 4762 νοητήν
3778 4711 3792 4724 ο
3831 4689 3902 4763 ἧς
3934 4695 4028 4745 οὐκ

2445 4789 2598 4842 ἔσται
2624 4788 2775 4851 τέλος
2797 4805 2810 4818 '
2842 4789 2940 4841 οὐκ
2990 4787 3143 4842 ἔσται
3176 4787 3286 4858 γὰρ
3321 4787 3473 4848 τέλος
3491 4785 3588 4854 τῆς
3620 4785 3909 4854 βασιλείας
3940 4785 4031 4839 τοῦ

2447 4879 2706 4950 Χριστοῦ,
2730 4880 2998 4942 τουτέστι,
3032 4880 3130 4949 τῆς
3161 4879 3492 4946 θεογνωσίας
3525 4876 3736 4929 καὶτοῦ
3767 4877 4033 4944 Χριστια-

2446 4969 2665 5040 νισμοῦ.
2703 4971 2813 5024 Καὶ
2843 4971 3165 5040 διωκόμενοι
3195 4970 3324 5040 γὰρ,
3363 4969 3653 5038 λαμπομεν
3686 4970 3873 5038 χάριτι
3903 4969 4031 5039 X9:-

2449 5063 2599 5118 στοῦ.

2524 5172 2540 5204 ι
2582 5149 2713 5207 Elite
2743 5154 2799 5206 δὲ
2835 5152 3067 5222 Μαριὰμ
3107 5152 3241 5223 πρὸς
3271 5151 3362 5205 τὸν
3394 5151 3650 5220 ἄγγελον
3699 5153 3826 5214 Πῶς
3880 5152 4031 5206 ἔσται

2448 5248 2628 5310 τοῦτο,
2671 5245 2791 5298 ἐπεὶ
2842 5244 3016 5314 ἄνδρα
3069 5244 3128 5296 ού
3159 5242 3450 5310 γινώσκω;
3488 5244 3602 5298 Kal
3647 5244 4031 5314 ἀποκριθεὶςὸ

2450 5337 2702 5405 ἄγγελος,
2751 5331 2902 5388 εἶπεν
2953 5335 3126 5405 αὐτῇ·
3183 5335 3411 5405 Πνεῦμα
3459 5336 3615 5400 ἆγιον
3679 5335 4032 5389 ἐπελεύσεται

2449 5430 2540 5480 ἐπὶ
2572 5427 2665 5492 σὲ,
2727 5428 2820 5480 καὶ
2861 5425 3088 5495 δύναμις
3126 5426 3385 5494 Ὑψίστου
3435 5425 3748 5478 ἐπισκιάσει
3801 5445 3912 5490 σοι,
3958 5426 4032 5480 διὸ

2451 5521 2547 5574 καὶ
2583 5521 2641 5574 τὸ
2669 5520 3011 5590 γεννώμενον
3047 5519 3223 5586 ἅγιον,
3261 5519 3594 5589 κληθήσεται
3635 5518 3764 5581 Υἱὸς
3807 5519 3972 5576 Θεοῦ.
4010 5537 4027 5569 ι

2453 5614 2564 5683 Οὐχ
2587 5613 2662 5675 ὡς
2681 5615 3027 5682 ἁπιστήσασα
3056 5611 3087 5679 ἠ
3123 5610 3418 5681 Παρθένος,
3454 5607 3577 5663 εἶπε
3610 5611 3691 5678 τὸ,
3724 5607 4028 5673 ΠὼςἝσται

2459 5725 2547 5774 μοι
2579 5706 2772 5772 τοῦτο;
2825 5706 2938 5757 ἀλλ’
2988 5704 3060 5767 ώς
3098 5705 3236 5774 σοφὴ
3277 5706 3369 5756 καὶ
3419 5706 3636 5773 συνετὴ,
3694 5705 4026 5774 ἐπιζητοῦσα

2461 5797 2652 5868 μαθεῖν
2673 5797 2760 5851 τὸν
2796 5797 2993 5870 τρόπον
3029 5797 3121 5851 τοῦ
3153 5798 3473 5868 πράγματος
3502 5813 3509 5823 ·
3542 5796 3663 5851 οὐδὲ
3702 5796 3810 5867 γὰρ
3843 5793 4025 5866 γέγονὲ
