4272 6438
769 392 869 455 ’ῖιΠ

1694 383 2265 446 THEOPHYLACTI
2301 380 2705 445 BULGARIE
2730 378 3086 443 ARCHIEP.

3907 371 4023 441 708

711 552 718 560 .
765 517 922 568 uxor,
961 499 1228 555 Elisabeth
1261 499 1424 554 etiam
1510 498 1788 555 Zachariae
1841 514 1996 563 uxor,
2083 507 2335 565 tanquam
2369 504 2398 560 Α

2334 525 2335 548 ξ
2369 504 2412 560 Α
2443 498 2534 550 τοῦ
2591 496 2798 566 Ἀαρὼν
2829 495 2991 565 γυνὴ,
3033 497 3100 549 ὲκ
3129 493 3227 563 τῆς
3267 493 3435 574 Ἰορὂ
3476 493 3648 563 φυλῆς
3677 487 3765 563 ἦν.
3815 493 4021 546 Σκόπει

765 609 832 648 ex
865 593 949 646 illa
984 587 1331 644 descendens.
1359 585 1462 642 Sed
1488 589 1763 642 videamus
1786 587 1913 655 quid
1945 586 2091 640 dicat
2125 585 2288 653 Virgo
2316 602 2327 636 :

772 701 788 733 ι
828 681 965 736 Ecce
997 678 1186 732 ancilla
1219 677 1450 742 Domini,
1488 677 1578 729 ﬁat
1612 676 1740 728 mibi
1787 675 2081 728 secundum
2109 674 2331 726 verbum

768 781 933 824 tuum.
973 785 992 820 ι
1026 766 1229 821 Tabula
1261 782 1380 820 sum
1405 765 1652 834 pietoria,
1690 765 1878 832 pingat
1942 763 2118 829 pictor
2182 760 2325 830 quod

765 860 1012 924 voluerit,
1053 859 1211 912 faciat
1243 859 1378 912 Deus
1403 857 1544 927 quod
1577 855 1829 909 voluerit.
1862 854 2040 922 Atque
2071 855 2140 907 i-ta
2171 853 2332 907 etiam

763 950 903 1014 quod
935 948 1083 1016 prius
1111 947 1352 1000 dixerat:
1392 944 1670 1011 Quomodo
1714 945 1818 998 erit
1868 945 2011 998 hoc?
2071 959 2176 998 non
2235 944 2334 997 fuit

767 1039 1174 1102 incredulitatis,
1199 1038 1292 1090 sed
1317 1037 1572 1091 desiderii
1595 1036 1902 1090 addiscendi
1928 1036 2168 1089 modum.
2199 1033 2330 1088 Nam

763 1129 807 1181 si
842 1129 1258 1194 discreilidisset.
1318 1129 1629 1194 neutiquam
1693 1127 1956 1180 dixisset:
2001 1145 2020 1177 ι
2065 1125 2203 1181 Ecce
2233 1140 2330 1178 au-

764 1220 880 1272 cilla
923 1218 1152 1280 Domini,
1192 1218 1281 1270 tiat
1315 1218 1443 1270 mibi
1475 1215 1769 1275 secundum
1805 1215 2022 1269 verbum
2094 1225 2267 1269 tuum.
2310 1233 2326 1265 ι

763 1309 914 1375 Disce
947 1323 1121 1362 autem
1155 1311 1290 1375 quod
1308 1308 1541 1375 Gabriel,
1567 1310 1732 1375 siquis
1754 1308 2156 1375 interpretatur,
2193 1307 2330 1360 idem

762 1411 844 1455 cst
876 1403 1013 1470 quod
1047 1405 1206 1453 homo
1239 1401 1397 1455 Deus.
1438 1399 1600 1453 Malia
1627 1415 1774 1465 vero,
1800 1399 2036 1464 domina,
2067 1399 2330 1453 Nazaretb

763 1506 960 1557 autem,
1000 1494 1378 1547 sanctiﬁcatio.
1407 1493 1596 1547 Merito
1622 1494 1784 1562 igitur
1816 1507 1938 1546 cum
1995 1493 2143 1546 nasci
2166 1493 2328 1545 voluit

762 1585 900 1639 Deus
937 1586 1119 1648 homo,
1151 1587 1347 1639 missus
1379 1595 1459 1639 est
1488 1584 1726 1648 Gabriel,
1759 1584 1861 1638 hoc
1897 1597 1979 1639 est
2019 1587 2180 1638 homo
2213 1583 2327 1638 Dei.

760 1676 861 1731 Sed
890 1680 939 1730 in
973 1686 1162 1731 sancto
1195 1676 1310 1731 loco
1350 1679 1408 1730 lit
1435 1678 1712 1742 salutatio,
1744 1679 1847 1732 hoc
1900 1687 1982 1732 est
2041 1678 2092 1731 in
2157 1675 2333 1732 Naza-

762 1772 902 1823 retli.
935 1768 1034 1823 Ubi
1070 1769 1215 1822 enim
1247 1770 1406 1836 Deus,
1436 1769 1507 1824 ibi
1535 1769 1670 1824 nihil
1722 1771 2013 1840 impurum,
2041 1770 2172 1824 nihil
2224 1786 2327 1825 non

762 1875 1029 1919 sanctum.

833 2120 992 2174 Vens.
1027 2121 1214 2176 59.62.
1253 2142 1270 2174 ι
1307 2123 1617 2195 Exsurgens
1635 2135 1822 2180 autem
1852 2123 2016 2178 Maria
2053 2124 2106 2179 in
2144 2126 2333 2180 diebus

758 2216 864 2281 bis,
888 2216 1018 2269 abiit
1047 2218 1096 2268 in
1135 2226 1386 2270 montana
1416 2232 1537 2272 eum
1595 2219 1938 2272 festinatione
1979 2219 2030 2272 in
2056 2219 2332 2273 civitatem

753 2303 910 2369 Juda,
951 2317 1002 2360 et
1032 2308 1252 2361 intravit
1301 2310 1351 2360 in
1386 2309 1602 2362 domum
1634 2309 1932 2374 Zacliarize,
1967 2325 2030 2363 ac
2082 2312 2335 2364 salutavit

759 2398 1048 2452 Elisabetb.
1089 2400 1254 2469 278
1294 2399 1353 2453 Et
1407 2399 1611 2454 factum
1649 2411 1754 2465 est,
1789 2411 1848 2456 ut
1882 2402 2089 2455 audi\it
2125 2404 2332 2456 saluta-

758 2479 953 2544 iionem
990 2493 1165 2544 Maria:
1202 2490 1502 2558 Elisabetb,
1534 2495 1680 2546 saliit
1709 2494 1885 2548 infans
1918 2496 1970 2548 in
2014 2507 2168 2549 utero
2194 2496 2331 2562 ejus,

754 2593 807 2636 et
843 2586 1039 2651 repleta
1070 2592 1150 2636 est
1193 2583 1392 2650 Spiritu
1432 2599 1622 2640 sancto
1656 2584 1952 2652 Elisabctb,
1984 2588 2330 2642 exclamavit-

765 2690 868 2740 que
905 2691 1032 2727 voce
1065 2691 1276 2746 magna,
1328 2688 1376 2730 et
1406 2679 1574 2729 dixit:
1603 2675 1892 2732 Benedicta
1931 2691 1983 2732 tu
2044 2681 2180 2733 inter
2213 2698 2331 2732 llttl-

758 2765 938 2828 lieres,
974 2777 1024 2818 et
1059 2769 1370 2821 benedictus
1403 2767 1610 2822 fructus
1644 2771 1848 2824 ventris
1880 2772 1979 2823 tui.
2024 2789 2042 2822 ι
2073 2771 2206 2825 Cum
2235 2789 2333 2825 au-

759 2860 922 2911 disset
952 2857 1110 2925 Virgo
1140 2862 1205 2911 ab
1240 2859 1426 2928 angelo
1481 2862 1623 2927 quod
1658 2864 2000 2929 concepisset
2037 2863 2330 2928 Elisabetb,

757 2954 935 3002 statim
979 2949 1109 3001 abiit
1144 2951 1210 3002 ad
1243 2950 1410 3011 illam,
1449 2962 1502 3005 et
1558 2955 1798 3022 gaudens
1829 2955 1895 3008 de
1932 2959 2072 3009 bono
2126 2972 2330 3023 cogna-

761 3053 860 3108 tae,
896 3054 946 3097 et
999 3044 1182 3098 volens
1215 3056 1273 3098 ut
1328 3047 1748 3113 prudentissima
1779 3047 1983 3116 majore
2004 3051 2332 3105 certitutline

2437 589 2491 641 δὲ
2532 590 2624 640 καὶ
2665 589 2725 640 τὸ
2763 589 2863 657 τῆς
2894 587 3230 655 συγγενείας
3263 583 3765 656 παρακολούθημαο
3804 584 4028 638 Ἐλισὶο

2437 679 2553 740 σετ,
2607 681 2640 748 ἡ
2664 678 2761 730 τοῦ
2807 677 3019 745 ’Δαρὼν
3066 677 3204 746 γυνή
3225 692 3238 706 ·
3277 675 3568 738 Ελισάσετ,
3599 675 3692 726 καὶ
3719 675 3753 743 ἡ
3781 673 3878 727 τοῦ
3910 675 4023 726 Ζα-

2435 771 2648 842 χαρίου,
2686 771 2762 832 ὡς
2805 770 2864 835 ἐξ
2893 769 3108 840 ἐκείνης
3131 769 3481 838 καταγομένη
3507 810 3519 822 .
3559 765 3701 820 Ἀλλ’
3729 763 3929 836 τδωμεν
3967 765 4023 818 τί

2438 878 2600 930 φησιν
2632 862 2664 929 ὴ
2716 859 2988 931 Παρθένος
3011 874 3026 889 ο
3060 877 3079 910 ι
3137 858 3269 912 Ἰδοὺ
3299 861 3330 926 ἡ
3361 859 3520 926 δούλη
3549 858 3776 924 Κυρίου,
3807 857 4025 924 γένοιτό

2440 971 2528 1021 μοι
2561 953 2700 1005 κατὰ
2728 954 2788 1004 τὸ
2816 953 2972 1022 ῥῆμά
3002 968 3117 1007 σου.
3159 970 3177 1002 ι
3216 949 3387 1014 Πίναξ
3422 950 3538 1019 εἰμὶ
3572 950 3921 1018 ζωγραφικός
3942 965 3955 976 ·
3992 948 4024 1000 ὃ

2440 1045 2689 1114 βούλεται
2745 1045 2772 1096 6
2801 1045 3070 1114 γραφεὺς,
3107 1041 3368 1113 γραφέτω
3454 1041 3483 1095 6
3529 1041 3695 1104 θέλει,
3735 1041 3959 1095 ποιείτω
3995 1041 4027 1092 6

2437 1136 2672 1207 Κύριοςο
2724 1134 2864 1189 ὥστε
2897 1138 2992 1188 καὶ
3023 1136 3052 1188 6
3080 1133 3199 1189 εἷπε
3247 1135 3537 1206 πρότερον,
3590 1133 3712 1198 Πῶς
3745 1134 3894 1187 ἔσται
3929 1149 4027 1201 μοι

2434 1228 2630 1294 iro-31:0;
2671 1229 2773 1282 οὐκ
2801 1231 3063 1293 ἀπιστίας
3095 1223 3184 1299 ἦν,
3213 1227 3327 1279 ἀλλ’
3369 1225 3667 1294 ἐπιθυμίας
3697 1226 3794 1279 τοῦ
3825 1224 4027 1295 μαθιῐν

2433 1321 2524 1372 τδν
2557 1321 2759 1391 τρόπον
2781 1335 2792 1349 ·
2825 1322 2874 1373 εἰ
2896 1321 3005 1390 γὰρ
3036 1322 3278 1388 ἠπίστει,
3310 1319 3410 1371 οὐκ
3440 1317 3506 1371 ἂν
3542 1311 3718 1381 εἶπεν,
3755 1337 3772 1369 ι
3819 1319 3956 1371 Ἰδοὺ
3987 1319 4024 1386 ή

2432 1412 2590 1482 δούλη
2635 1413 2864 1482 Κυρίου,
2918 1412 3133 1480 γένοιτό
3163 1429 3253 1481 μοι
3288 1409 3431 1463 κατεῖ⁵
3497 1410 3558 1462 τὸ
3613 1411 3764 1481 ῥῆμά
3821 1427 3940 1463 σου.
4000 1427 4021 1460 ι

2433 1505 2682 1557 Μάνθανε
2709 1504 2766 1557 δὲ
2789 1507 2869 1557 ὅτι
2898 1504 3136 1574 Γαϐριὴλ
3165 1503 3263 1573 μὲν
3286 1502 3670 1574 ἑρμηνεύεται,
3699 1503 4023 1570 ἅνθρωπος

2437 1598 2613 1661 Θεόςο
2661 1597 2895 1665 Μαριὰμ
2922 1597 2998 1659 δὲ,
3037 1596 3236 1662 κυρία·
3270 1595 3525 1666 Ναζαρὲτ
3549 1596 3605 1647 δὲ
3631 1635 3644 1652 ,
3691 1595 4017 1663 ἁγιασμός.
4067 1668 4078 1672 ἒ

2435 1690 2680 1752 Εἰκότως
2705 1685 2797 1742 οὖν
2825 1690 2950 1742 ὅταν
2983 1687 3174 1758 ἔμελλε
3204 1686 3463 1756 γενέσθαι
3487 1690 3515 1740 6
3545 1685 3682 1751 Θεὸς
3706 1675 4050 1756 ἅνθρωπιὶξξ⁷

2438 1783 2832 1837 ἀποστέλλεται
2862 1783 2890 1834 6
2927 1781 3190 1851 Γαϐριὴλ,
3246 1781 3305 1844 6;
3339 1780 3702 1850 ἑρμηνεύεται
3731 1779 4024 1850 ἅνθρωπος

2365 1844 2410 1902 Β
2440 1875 2604 1935 θεός.
2642 1871 2777 1925 ἀλλά
2806 1873 2899 1924 καὶ
2945 1873 3004 1922 ἐν
3041 1844 3182 1940 ἇγίῳ
3225 1844 3608 1940 «sudium:
3635 1871 3664 1922 6
3701 1844 4025 1938 ἀσπασμὸς.

2435 1966 2738 2030 τουτέστιν,
2773 1965 2830 2018 ἑν
2862 1963 3115 2033 Ναζαρέτ
3139 1979 3154 1994 ο
3187 1965 3322 2017 ὅπου
3360 1962 3469 2035 γὰρ
3490 1963 3644 2028 Θεὸς,
3668 1963 3822 2016 οὐδὲν
3846 1961 4025 2030 ἄναγ-

2440 2075 2552 2114 νον.

2512 2171 2529 2204 ι
2583 2154 2891 2207 ’Δναστᾶσα
2923 2153 2980 2208 δὲ
3005 2153 3242 2224 Μαριὰμ
3269 2154 3329 2206 ὲν
3350 2154 3470 2215 ταῖς
3495 2152 3733 2223 ἡμέραις
3763 2149 4022 2211 ταύταις.

2436 2244 2708 2313 ἐπορεύθη
2746 2248 2826 2307 είς
2852 2245 2953 2315 τὴν
3001 2246 3215 2316 ὀρεινὴν
3247 2245 3388 2314 μετὰ
3424 2245 3686 2314 σπουδῆς,
3730 2245 3812 2306 είς
3861 2244 4022 2296 πόλιν

2449 2337 2651 2388 Ίούδευ
2707 2338 2801 2389 καὶ
2850 2336 3102 2405 εἰσῆλθεν
3130 2341 3211 2392 εἰς
3246 2338 3336 2390 τὸν
3381 2331 3530 2389 οἷκον
3583 2336 3874 2406 Ζαχαρίου,
3930 2335 4029 2388 καὶ

2435 2428 2722 2493 ἠσπάσατο
2760 2426 2859 2497 τὴν
2889 2426 3195 2480 Ἐλισάὸετ.
3223 2428 3330 2480 Καὶ
3353 2428 3594 2494 ἐγένετο,
3625 2418 3696 2489 ὦ,
3726 2428 3960 2497 ἥκουσιν
3988 2426 4024 2496 η

2448 2520 2727 2574 Ἐλισαόετ
2750 2520 2841 2571 τὸν
2877 2519 3168 2587 ἀσπασμὸν
3193 2520 3291 2589 τῆς
3331 2519 3576 2588 Μαρίας,
3645 2521 3939 2588 ἐσκίρτησε
3965 2517 4028 2573 τὸ

2439 2607 2632 2676 βρέφος
2660 2608 2717 2658 ιν
2743 2609 2808 2675 τῇ
2837 2607 3016 2676 κοιλίᾳ.
3046 2607 3223 2676 αὐτῆς
3242 2619 3257 2634 ⁶
3286 2610 3377 2660 καὶ
3405 2607 3654 2679 ἐπλήσθη
3701 2608 4026 2678 Πνεύματος

2438 2702 2657 2769 ἁγίουή
2706 2699 3010 2762 Ἐλισὰϐετ,
3065 2700 3162 2752 καὶ
3218 2700 3541 2770 ἀνεφώνησε
3595 2703 3744 2770 φωνῇ
3803 2701 4025 2773 μεγάλῃ

2439 2792 2530 2842 καὶ
2565 2791 2723 2842 εἶπεν
2750 2804 2764 2818 ⁸
2795 2790 3151 2861 Εὐλογημένη
3191 2793 3254 2844 σὺ
3299 2795 3356 2845 ἐν
3380 2790 3621 2860 γυναιξὶ,
3655 2794 3748 2844 καὶ
3787 2791 4025 2862 εὐλογη-

2441 2882 2599 2950 μένος
2648 2882 2676 2934 6
2730 2883 2943 2953 καρπὸς
2976 2883 3073 2953 τῆς
3109 2883 3318 2948 κοιλίας
3372 2901 3490 2938 σου.
3564 2904 3584 2937 ι
3631 2885 3693 2937 'H
3743 2883 4024 2955 Παρθένος

2434 2977 2722 3030 ἀκούσασα
2755 2979 2905 3048 παρὰ
2924 2978 3018 3032 τοῦ
3047 2979 3304 3046 ἀγγέλου,
3352 2981 3434 3033 ὅτι
3481 2981 3776 3033 συνέλσσεν
3807 2984 3839 3049 ὴ
3880 2982 4025 3034 Ἑλι-

2436 3067 2616 3130 σάϐετ,
2647 3067 2859 3138 ’ἔδραμε
2891 3070 3028 3140 πρὸς
3059 3071 3301 3141 εκείνην,
3340 3071 3456 3140 ἅμα
3484 3073 3583 3142 μὲν
3615 3073 3887 3142 χαίρουσα
3923 3075 4024 3125 ἐπὶ

757 3139 954 3190 certior
993 3138 1140 3189 reddi
1170 3153 1294 3189 num
1327 3154 1445 3190 vera
1501 3140 1720 3194 dixisset
1762 3142 1849 3208 qui
1903 3152 2229 3210 apparuerat
2256 3144 2328 3207 ei,
2359 3203 2398 3232 ρ
2433 3174 2444 3188 ι

2359 3203 2398 3232 ρ
2433 3158 2510 3226 τῷ
2568 3159 2756 3228 ἀγαθῴ
2783 3161 2880 3230 τῆς
2919 3138 3242 3228 συγγενοῦς,
3275 3138 3392 3232 ἅμα
3438 3138 3496 3215 δέ
3531 3138 3728 3226 καί-ὠς,
3786 3179 4025 3216 συνετω-

753 3235 812 3279 ut
841 3242 903 3280 ex
951 3229 1048 3278 hoc
1081 3243 1176 3279 nec
1209 3229 1271 3278 de
1296 3244 1391 3280 suo
1424 3229 1713 3284 dubitaret.
1754 3231 1999 3286 Prudens
2027 3236 2169 3286 enim
2208 3250 2328 3289 cum

753 3328 916 3380 esset,
950 3318 1164 3371 timebat
1196 3334 1258 3370 ne
1288 3319 1424 3372 forte
1456 3322 1815 3388 deciperetur,
1841 3334 1894 3377 et
1925 3340 2028 3377 non
2062 3338 2120 3379 ut
2153 3326 2330 3380 incre-

754 3409 897 3472 dula,
930 3412 1021 3461 sed
1057 3421 1110 3462 ut
1140 3410 1369 3479 diligens
1406 3427 1517 3465 rem
1551 3416 1831 3479 explorare
1860 3415 2090 3468 volebat.
2124 3416 2331 3470 Zacha-

757 3500 864 3550 rias
896 3498 1076 3566 itaque
1105 3501 1155 3552 in
1203 3504 1471 3555 montanis
1523 3504 1746 3564 habitat,
1788 3513 1840 3558 et
1899 3515 2179 3575 pr0pterea
2207 3509 2331 3563 illuc

759 3590 909 3641 abiit.
956 3591 1016 3641 At
1047 3591 1279 3645 Joannes
1323 3606 1572 3661 suscepto
1605 3597 1862 3665 singulari
1892 3614 2055 3668 supra
2094 3601 2332 3668 reliquos

754 3683 1000 3738 homines
1027 3684 1164 3736 dono
1189 3684 1268 3737 vel
1323 3702 1559 3750 munere,
1591 3689 1819 3742 exsultat
1849 3691 1902 3744 in
1929 3703 2079 3746 utero
2104 3693 2328 3748 matris;

755 3775 893 3827 tlttdc
921 3785 975 3827 et
1009 3777 1176 3843 major
1212 3787 1292 3828 est
1321 3779 1612 3855 p'mphetis.
1644 3779 1774 3834 Nam
1806 3783 1892 3835 alii
1919 3785 2139 3852 quidem
2184 3801 2324 3854 prae-

756 3867 1002 3919 dixerunt
1040 3870 1215 3919 latura
1264 3882 1547 3937 postquam
1621 3876 1728 3926 nati
1786 3889 1952 3928 sunt:
2008 3877 2099 3930 ille
2151 3889 2329 3931 autem

753 3973 869 4009 cum
916 3957 1088 4011 adhuc
1118 3973 1259 4014 esset
1290 3965 1340 4015 in
1368 3972 1518 4018 utero
1549 3967 1764 4028 matris,
1790 3969 2018 4036 gratiam
2050 3968 2205 4022 talem
2241 3985 2327 4022 as-

753 4059 968 4100 secutus
1006 4049 1124 4106 fuit.
1157 4053 1282 4105 Vide
1315 4056 1457 4107 enim
1502 4072 1516 4109 ;
1582 4059 1856 4112 salutavi?
1891 4058 2054 4129 Virgo
2088 4060 2326 4115 Elisabe-

750 4135 924 4204 tham,
965 4142 1062 4193 hoc
1090 4150 1192 4204 est,
1220 4147 1370 4211 prior
1400 4144 1628 4200 allocma
1662 4158 1765 4202 est.
1796 4149 1908 4203 Vox
1935 4150 2118 4218 itaque
2155 4149 2331 4218 Virgi-

755 4228 834 4280 nis
891 4244 985 4282 vox
1026 4245 1138 4285 erat
1188 4235 1449 4289 incarnati
1492 4237 1542 4290 in
1593 4240 1678 4292 illa
1715 4239 1827 4304 Dei,
1855 4251 1905 4294 el
1937 4243 2136 4296 idcirco
2166 4245 2328 4296 etiam

754 4316 1234 4375 Prwcursoremin
1315 4336 1471 4379 utero
1497 4329 1670 4397 gratia
1735 4344 2058 4396 prosecutus
2119 4342 2220 4398 est,
2277 4344 2331 4388 et

764 4412 1078 4478 pr0plietam
1102 4414 1248 4468 fecit.
1317 4418 1660 4490 Quaecunque
1688 4427 1830 4475 enim
1863 4424 2010 4482 dixit
2053 4423 2327 4480 Elisabetlt

753 4507 1067 4572 prophetice
1097 4510 1158 4560 ad
1191 4508 1434 4574 Mariam,
1469 4530 1570 4565 non
1597 4518 1755 4567 verba
1785 4516 2001 4569 luerunt
2027 4518 2322 4582 Elisabetb,
2363 4545 2402 4597 υ
2435 4558 2440 4586 ι

1496 4530 1570 4611 ηυιι
1597 4518 1755 4611 verba
1785 4516 2001 4569 luerunt
2027 4518 2322 4611 Elisabetlt,
2363 4545 2402 4597 υ
2435 4541 2585 4611 φωνὴ
2708 4559 2720 4572 ο
2757 4507 2848 4596 λαὶ
2899 4544 2986 4597 διὰ
3027 4546 3183 4599 τοῦτο

752 4598 844 4648 sed
883 4595 1139 4650 infantis:
1174 4615 1232 4652 os
1293 4611 1470 4655 autem
1527 4605 1804 4658 Elisabetlt
1834 4618 2036 4660 tantum
2059 4610 2327 4664 ministra-

751 4693 847 4751 vit,
890 4690 1026 4741 sicut
1057 4700 1110 4743 et
1146 4706 1204 4743 0s
1264 4692 1443 4748 Mariae
1493 4696 1813 4750 ministravit
1852 4700 1984 4753 Filio
2036 4703 2124 4756 Dei
2149 4709 2237 4774 qui
2274 4709 2326 4760 in

754 4792 903 4832 ιιιοτυ
934 4783 1048 4849 ejus
1077 4792 1209 4837 erat.
1264 4785 1469 4855 Quippe
1511 4804 1629 4842 cum
1680 4793 2000 4847 exsultasset
2063 4811 2196 4864 puer
2274 4801 2324 4853 in

755 4883 924 4932 utero,
991 4887 1113 4929 tunc
1173 4880 1388 4946 impleta
1451 4893 1535 4939 est
1608 4882 1811 4953 Spiritu
1863 4887 2158 4944 Elisabetb.
2208 4889 2322 4946 Nisi

752 4982 894 5016 enim
930 4984 1061 5034 puer
1092 4973 1432 5035 exsultasset,
1459 4990 1561 5027 non
1593 4980 1976 5045 pt'opbetasset
2005 4982 2114 5035 illa.
2143 4982 2326 5053 itaque

752 5060 1105 5111 sicutdicunt
1142 5066 1428 5130 prophetas
1475 5071 1708 5136 primum
1753 5083 1933 5129 mente
1979 5079 2240 5132 excedere
2274 5089 2324 5132 et

751 5149 985 5202 divinum
1015 5154 1138 5219 quid
1187 5157 1315 5220 pati,
1355 5173 1416 5211 ac
1462 5169 1571 5212 tum
1616 5163 1849 5231 denique
1899 5168 2320 5235 proplietizare:

753 5243 819 5293 ita
854 5253 906 5296 et
929 5243 1163 5301 Joannes
1191 5248 1327 5301 forte
1365 5253 1511 5318 prius
1544 5255 1761 5308 saltavit
1787 5271 1846 5311 ut
1900 5261 2141 5314 divinum
2175 5263 2325 5331 quid-

753 5334 870 5386 dam
901 5337 1130 5403 patieus,
1163 5349 1346 5406 postea
1382 5356 1475 5408 per
1523 5360 1582 5399 os
1659 5349 1850 5402 matris
1907 5354 2322 5419 proplietizavit.

751 5426 886 5490 Quid
917 5442 1087 5483 autem
1120 5436 1556 5500 prophetizavit?
1591 5458 1607 5490 ι
1641 5439 1930 5497 Benedicta
1968 5447 2101 5498 tuin
2141 5448 2326 5502 mulie-

752 5519 918 5572 ribus.
958 5540 973 5570 ι
1017 5524 1214 5579 Deinde
1238 5530 1362 5596 quia
1393 5529 1572 5583 multa:
1619 5545 1820 5590 sanctze
1863 5537 2115 5592 mulieres
2164 5554 2324 5607 pepe-

753 5623 938 5662 rciuut
973 5613 1262 5680 improbos,
1303 5629 1358 5671 ut
1394 5616 1633 5674 Rebecca
1685 5624 1850 5690 Esau,
1897 5629 2024 5681 dicit
2062 5646 2074 5681 :
2133 5628 2235 5683 Sed
2275 5640 2328 5686 et

750 5699 953 5755 fructus
989 5707 1190 5760 ventris
1225 5712 1294 5761 tui
1327 5712 1661 5769 benedictus.
1699 5719 1870 5774 Aliter
1919 5737 2132 5792 quoque
2165 5726 2326 5779 intel»

753 5792 836 5870 ’ἱέῑ
867 5807 1072 5861 pou-st:
1105 5798 1390 5858 Benedicta
1428 5813 1481 5859 tu
1517 5807 1565 5861 in
1612 5811 1945 5878 mulieribus,
1982 5817 2176 5876 deinde
2213 5825 2326 5879 vcl-

2436 3251 2594 3319 τὰτη,
2634 3252 3125 3322 πληροφορηθῆναι
3195 3253 3426 3307 θέλουσα
3491 3255 3731 3317 τελείως,
3766 3258 3811 3307 εί
3842 3256 4024 3326 ἀληθῆ

2438 3339 2592 3394 εἶπεν
2620 3344 2647 3395 6
2692 3346 2882 3410 φανεὶς
2920 3345 3081 3416 αὐτῇ,
3124 3345 3212 3399 ἴνα
3248 3349 3313 3399 ἐκ
3374 3348 3569 3401 τούτου
3630 3349 3722 3400 καί
3765 3347 4024 3417 περὶτοῦ

2435 3434 2638 3486 οἰκείου
2663 3435 2737 3503 μὴ
2773 3436 3112 3506 ἀμφιϐαλλῃ.
3158 3437 3430 3506 Ἀσφαλὴς
3472 3441 3582 3507 γὰρ
3613 3437 3768 3496 οὖσα,
3801 3439 4026 3504 ἐφοϐεῖ-

2435 3540 2494 3576 το
2526 3527 2724 3594 μήπως
2759 3526 3041 3596 πλανηθῇ·
3080 3528 3174 3580 καὶ
3205 3530 3302 3597 οὺχ
3329 3529 3404 3590 ὡς
3440 3529 3772 3594 ἀπιστοῦσα,
3807 3529 3925 3582 ἀλλ’
3947 3530 4025 3591 ὼς

2436 3619 2828 3687 ἀκριϐέστερον
2871 3620 3066 3688 μαθεῖν
3095 3611 3400 3690 βουλομένη
3451 3617 3510 3674 τὸ
3537 3624 3787 3691 πρᾶγμα.
3824 3621 3919 3675 Ἐν
3953 3625 4020 3694 τῇ

2434 3710 2614 3779 ὀρεινῇ
2647 3706 2737 3762 οὖν
2758 3711 2891 3780 ᾤκει
2926 3714 2953 3763 6
2980 3714 3285 3784 Ζαχαρίας,
3325 3713 3416 3766 καὶ
3458 3715 3546 3767 διὰ
3578 3714 3736 3767 τοῦτο
3780 3715 4024 3787 ἔδραμεν

2435 3804 2580 3853 ἐκεῖ·
2616 3803 2644 3854 6
2701 3804 2759 3856 δὲ
2797 3806 3068 3874 Ἰωάννης,
3127 3808 3404 3875 ἐξαίρετόν
3452 3825 3504 3861 τι
3551 3809 3804 3879 χάρισμα
3866 3811 4024 3881 παρὰ

2433 3897 2558 3956 τοὺς
2586 3895 2804 3958 λοιποὺς
2831 3898 3150 3968 ἀνθρώπους
3177 3900 3380 3964 λαϐὼν,
3419 3905 3619 3972 σκιρτᾷ
3649 3904 3707 3955 ὲν
3736 3907 3799 3973 τῇ
3834 3907 4018 3974 κοιλίᾳ

2431 3987 2527 4055 τῆς
2589 3989 2816 4058 μητρὸς,
2858 3990 2979 4043 ὅθεν
3027 3993 3122 4045 καὶ
3165 3993 3368 4062 μείζων
3424 3994 3533 4048 τῶν
3586 3998 3910 4066 προφητῶν.
3955 4001 4020 4051 Οί

2439 4081 2535 4147 μὲν
2575 4083 2704 4150 γὰρ,
2734 4083 2872 4150 μετὰ
2907 4083 2966 4135 τὸ
3016 4086 3344 4154 γεννηθῆναι
3408 4091 3855 4158 προεφήτευσαν,
3893 4093 3923 4143 6
3966 4090 4025 4143 δὲ

2434 4171 2514 4223 ιτι
2540 4176 2595 4225 ἐν
2625 4177 2691 4244 τῇ
2731 4176 2908 4246 κοιλίᾳ
2947 4178 3046 4245 τῆς
3098 4180 3301 4248 μητρὸς
3345 4180 3444 4244 ὢν,
3479 4180 3687 4251 ἠξιώθη
3722 4183 3815 4235 τοῦ
3847 4184 4025 4236 τοιού-

2433 4279 2528 4314 του
2562 4265 2914 4334 χαρίσματος.
2947 4267 3089 4337 Ὅρα
3155 4272 3285 4339 γάρ’
3328 4272 3611 4339 ἠσπάσατο
3653 4274 3684 4343 ἡ
3739 4274 4021 4344 Παρθένος

2432 4357 2530 4425 τὴν
2567 4358 2866 4424 Ἐλισάϐετ,
2928 4363 3176 4417 τουτέστι
3239 4369 3706 4437 προσηγόρευσεν.
3741 4368 3809 4421 Ἠ
3863 4371 4020 4438 φωνὴ

2432 4445 2523 4498 οὗν
2557 4447 2653 4516 τῆς
2682 4449 2959 4521 Παρθένου
3024 4453 3118 4507 τοῦ
3171 4456 3228 4508 ὲν
3269 4458 3409 4525 αὐτῇ
3446 4458 3828 4526 σαρκουμὲνου
3884 4459 4021 4512 Θεοῦ

3245 4553 3338 4601 καὶ
3387 4550 3479 4600 τὸν
3525 4550 3844 4618 Πρόδρομον
3878 4554 3935 4604 ὲν
3955 4554 4021 4621 τῇ

2437 4633 2621 4704 μήτρᾳ
2659 4637 2990 4704 ἐχαρίτωσε,
3042 4641 3136 4690 καὶ
3172 4639 3396 4708 ἐποίησε
3448 4642 3870 4710 προφητεῦσαι·
3918 4645 4019 4696 ὅσα

2432 4728 2538 4795 γὰρ
2567 4724 2722 4778 εἶπεν
2755 4729 3084 4796 ήἙλισάΰετ
3114 4733 3471 4801 προφητικῶς
3495 4736 3628 4802 πρὸς
3649 4736 3748 4802 τὴν
3774 4737 4018 4806 Μαρίαν,

2430 4818 2490 4867 οὐ
2517 4819 2613 4885 τῆς
2659 4820 2939 4873 Ἐλισαϐετ
2967 4817 3105 4891 ἦσαν
3138 4825 3378 4892 ῥήματα.
3418 4827 3552 4878 ἀλλὰ
3602 4826 3696 4879 τοῦ
3743 4827 3979 4898 βρέφους
4005 4846 4018 4859 ·

2431 4908 2492 4960 τὸ
2529 4911 2702 4978 στόμα
2731 4911 2785 4963 δὲ
2832 4915 2992 4981 μόνον
3040 4917 3136 4984 τῆς
3182 4915 3464 4971 Ἐλισαῦετ
3490 4921 3780 4990 ὑπούργει,
3825 4923 4020 4993 ὥσπερ

2433 5005 2525 5056 καὶ
2561 5005 2621 5056 τὸ
2675 5007 2848 5076 στόμα
2904 5010 2998 5078 τῆς
3032 5013 3251 5082 Μαρίας
3319 5015 3634 5085 ὑπούργησε
3699 5019 3777 5087 τῷ
3844 5021 3904 5072 ὲν
3955 5024 4016 5091 τῇ

2433 5100 2614 5168 μήτρᾳ
2649 5101 2816 5168 αὐτῆς
2847 5102 2960 5154 ὄντι
2994 5103 3106 5173 Υἱῴ
3132 5107 3224 5158 τοῦ
3271 5109 3436 5161 Θεοῦο
3474 5115 3869 5182 σκιρτήσαντος
3912 5118 4018 5184 γὰρ

2429 5191 2520 5242 τοῦ
2564 5192 2794 5260 βρέφους
2827 5196 2882 5246 ἐν
2905 5199 2970 5266 τῇ
3006 5201 3227 5268 γαστρὶ,
3263 5203 3382 5253 τότε
3415 5203 3663 5273 ἐπλήσθη
3694 5207 4016 5275 Πνεῦματος

2428 5284 2461 5350 ἡ
2508 5285 2808 5350 Ἰε;ι.ισα6ετ,
2842 5287 2901 5339 Εἰ
2938 5292 3011 5357 μὴ
3062 5292 3170 5360 γὰρ
3193 5293 3253 5344 τὸ
3294 5293 3492 5363 βρέφος
3526 5298 3877 5367 ἐσκίρτησεν,
3913 5301 4015 5353 οὐκ

2431 5371 2495 5421 ἂν
2525 5378 2931 5440 προεφήτευσεν
2963 5379 3135 5448 αὖτησ
3170 5381 3359 5453 ὥσπερ
3404 5382 3499 5438 οὖν
3548 5405 3681 5455 φασι
3722 5390 3848 5451 τοὺς
3883 5409 4016 5460 προ·

2431 5466 2602 5531 φήτας
2632 5469 2898 5539 πρότερον
2925 5473 3309 5544 ἐξισταμένους
3343 5480 3435 5531 καὶ
3462 5479 3878 5545 ἐνθουσιῶντας,
3898 5479 4014 5537 εἶτα

2430 5560 2817 5628 προφητεύειν,
2859 5562 3001 5618 οὓτω
3029 5569 3169 5637 τάχα
3230 5569 3323 5622 καὶ
3374 5573 3402 5624 6
3446 5573 3697 5642 Ἰωάννης
3749 5583 4015 5648 πρότερον

2431 5649 2780 5721 ἐσκίρτησεν,
2810 5651 2920 5710 οἷον
2948 5660 3264 5730 ἐνθουσιῶν,
3297 5660 3416 5718 εἶτα
3458 5667 3546 5720 διὰ
3590 5668 3684 5721 τοῦ
3743 5671 4013 5738 στόματος

2430 5744 2528 5808 τῆς
2589 5747 2792 5814 μητρὸς
2855 5756 3268 5824 προεφήτευσε·
3336 5759 3386 5812 τί
3444 5760 3501 5813 δὲ
3569 5765 4012 5834 προεφήτευσεν,

2439 5848 2455 5881 ι
2488 5832 2839 5912 Εὐλογημένη
2864 5844 2924 5895 σὺ
2962 5845 3017 5896 ὲν
3051 5848 3312 5914 γυναιξίν.
3357 5870 3373 5903 ι
3422 5848 3554 5907 Εἶτα
3599 5857 3788 5926 ἐπειδὴ
3825 5857 4012 5910 πολλαὶ
