4272 6438
213 422 327 492 Ἲῦθ

956 399 1402 468 ENARRATIO
1437 398 1517 460 IN
1558 394 2064 459 EVANGELIUM
2102 393 2339 476 LUCgE.
2375 417 2443 426 -
2477 391 2635 453 CAP.
2683 390 2732 452 ῐ.

3379 386 3489 455 ἨΟ

215 525 488 590 γυναῖκες
520 525 672 590 ”για·ι
717 517 978 588 βεϐήλους
1006 515 1219 575 ἔτεκον,
1248 513 1323 574 ὼς
1347 512 1380 580 ἡ
1415 508 1688 562 Ῥεϐέκκα
1707 507 1799 558 τὸν
1829 517 1869 570 Α

1829 517 1869 570 Α
1903 506 1980 558 uti
2008 505 2278 574 quispiam
2336 503 2633 569 interroget
2693 499 2899 568 quare?
2943 500 3116 570 ipsam
3166 514 3384 556 causam
3413 504 3492 556 di-

230 614 432 679 Ἡσαῦ,
488 613 655 682 φησὶν
686 613 797 672 ετι.
837 607 998 664 Ἀλλὰ
1042 607 1137 660 καὶ
1164 607 1193 658 6
1234 601 1444 672 καρπὸς
1465 601 1563 669 τῆς
1595 599 1804 660 κοιλίας

211 723 310 762 σου
343 705 732 775 εὐλογημένος·
767 703 861 756 καὶ
888 701 1060 761 ἄλλως
1079 699 1132 751 δὲ
1165 697 1515 766 νοηοὴσεται,
1556 693 1800 758 Εὐλογη-

215 801 356 871 μένη
380 800 450 853 σὺ
469 801 529 852 ἂν
551 794 794 865 γυναιξίν
815 810 828 823 ⁸
865 790 985 845 εἶτα
1014 789 1205 859 ὥσπερ
1227 786 1606 858 ἐρωτήσαντός
1629 801 1797 847 τινος,

205 890 390 950 Gaul;
414 891 563 956 λέγει
597 888 696 958 τὴν
744 885 943 939 αἰτίαν.
974 877 1356 948 Εὐλογημένος
1390 878 1499 945 γὰρ
1527 878 1554 926 ὁ
1586 872 1799 943 καρπὸς

213 981 316 1050 τῆς
363 980 573 1042 κοιλίας
611 993 728 1037 σου,
765 973 1034 1033 τουτέστι,
1079 969 1212 1030 Θεὸς
1267 966 1375 1035 γὰρ
1408 968 1434 1017 6
1465 963 1677 1032 καρπὸς
1702 961 1804 1029 τῆς

211 1072 424 1133 κοιλίας
455 1086 571 1136 σου,
603 1066 971 1137 εὐλογημένος
1010 1063 1119 1131 γὰρ
1158 1059 1316 1129 μόνος
1344 1059 1372 1108 6
1397 1056 1529 1118 Θεός
1555 1071 1566 1085 ·
1591 1053 1790 1116 ὡς’καλ

211 1168 242 1220 6
273 1165 438 1219 Δαυῖδ
466 1165 648 1232 λέγει’
679 1158 1057 1228 Εὐλογημένος
1081 1158 1107 1209 6
1137 1153 1428 1223 ἐρχόμενκ
1450 1166 1463 1178 °
1502 1139 1660 1201 εἴωθε
1689 1145 1798 1214 γὰρ

212 1261 247 1326 ἡ
277 1255 470 1325 Γραφὴ
501 1256 616 1314 τὸν,
657 1253 779 1316 καὶ,
807 1250 1102 1316 σύνδεσμον
1133 1245 1252 1298 ἀντὶ
1284 1242 1399 1304 τοῦ,
1428 1239 1539 1308 γὰρ
1562 1277 1576 1299 .
1616 1255 1798 1306 παρα-

211 1349 513 1418 λαμῦάνειν
539 1361 553 1377 ο
599 1344 673 1407 ὡς
705 1344 786 1406 τὸ,
817 1344 914 1404 Δὸς
965 1342 1096 1408 ἡμῖν
1147 1333 1424 1406 βοήθειαν,
1460 1331 1554 1384 καὶ
1593 1329 1798 1399 ματαία

215 1439 464 1508 σωτηρία
510 1435 822 1504 ἁνῦρώπου,
850 1433 973 1490 ἀντὶ
1001 1432 1117 1491 τοῦ,
1156 1426 1378 1481 Manil
1405 1425 1513 1494 γάρ
1557 1422 1800 1489 σωτηρία

211 1531 541 1601 ἀνορώπου⁶
598 1527 694 1579 καὶ
742 1526 924 1586 πάλιν,
992 1524 1062 1575 Σὺ
1119 1520 1426 1590 ὠργίσοηῆ
1491 1516 1584 1567 καὶ
1637 1514 1800 1582 ἡμεῖς

216 1622 566 1693 ⁴ἡμάρτομεν,
599 1622 720 1675 ἀντὶ
748 1618 865 1683 τοῦ,
900 1617 1089 1685 Ἡμεῖς
1125 1615 1232 1682 γὰρ
1254 1613 1601 1680 ἡμάρτομεν.
1632 1609 1788 1676 Καρ-

1902 597 1976 650 cit
2007 612 2024 652 :
2057 594 2386 650 Benedictus
2430 593 2576 648 enim
2645 591 2854 646 {ructus
2891 592 3095 646 ventris
3135 591 3237 656 tui,
3265 594 3366 646 hoc
3388 603 3492 654 est,

1900 688 2045 743 Deus
2075 689 2218 741 enim
2274 695 2361 742 est
2418 685 2626 739 fructus
2669 684 2755 739 ille
2804 683 3014 738 ventris
3044 682 3140 736 tui.
3168 681 3497 737 Benedictus

1900 779 2044 831 enim
2081 775 2236 832 solus
2265 775 2429 839 Deus,
2476 775 2617 828 sicut
2663 783 2719 827 et
2757 773 2921 826 David
2979 773 3148 835 dicit,
3173 771 3499 828 Benedictus

1901 869 1993 938 qui
2020 869 2188 924 venit.
2223 866 2516 923 Consuevit
2540 869 2683 920 enim
2715 867 2995 935 Scriptura
3030 865 3495 933 conjunctioncm,

1900 970 1972 1026 et,
2022 974 2138 1028 pro,
2187 961 2348 1022 enim,
2401 960 2696 1024 aet-ipere:
2750 968 2827 1022 ut,
2885 960 2955 1011 Da
3015 959 3175 1012 nobis
3214 957 3494 1021 auxilium,

1902 1061 1957 1106 ct
2014 1065 2148 1104 vana
2182 1051 2335 1104 salus
2366 1050 2599 1103 hominis
2630 1066 2642 1101 :
2689 1050 2792 1104 hoc
2836 1061 2941 1114 est,
2993 1049 3142 1102 Vana
3175 1051 3321 1103 enim
3349 1051 3500 1106 salus

1901 1143 2162 1198 hominis.
2196 1141 2264 1194 Et
2310 1143 2506 1197 iterum
2543 1141 2662 1195 :Tu
2714 1144 2885 1196 iratus
2918 1141 3089 1209 fuisti,
3132 1152 3186 1197 et
3227 1159 3328 1197 nos
3376 1159 3502 1208 pec-

1899 1236 2162 1300 cavimus,
2197 1234 2301 1288 hoc
2363 1244 2471 1297 est,
2500 1248 2596 1286 nos
2631 1234 2774 1288 enim
2821 1236 3187 1302 peccavimus.
3240 1232 3500 1288 Fructum

1900 1339 2080 1380 autem
2138 1326 2346 1383 ventris
2412 1325 2828 1380 DelGenitricis
2887 1327 3018 1380 dicit
3085 1325 3399 1393 Dominum,
3449 1338 3503 1383 et

1900 1419 2020 1472 ideo
2051 1419 2169 1472 sine
2205 1419 2320 1472 viro
2358 1429 2708 1486 conceptum.
2743 1416 2904 1472 Pueri
2933 1419 3081 1471 enim
3141 1419 3234 1472 alii
3295 1422 3504 1474 fructus

1902 1520 2029 1565 sunt
2073 1519 2330 1578 patrum:
2375 1511 2627 1563 Christus
2662 1525 2790 1564 vero
2848 1510 3020 1564 soiius
3063 1512 3270 1564 ventris
3319 1510 3506 1567 Maria:

1902 1604 2112 1659 fructus
2144 1621 2159 1659 :
2198 1605 2310 1674 ipsa
2342 1607 2483 1659 enim
2514 1605 2626 1659 sola
2660 1608 2806 1661 hunc
2843 1608 3080 1663 fruetum
3111 1608 3353 1676 protulit.

217 1721 321 1774 πδν
347 1720 404 1773 δὲ
436 1721 533 1788 τῆς
564 1717 771 1779 κοιλίας
796 1711 918 1767 εἷπε
949 1713 1048 1782 τῆς
1073 1710 1339 1763 Θεοτόκου
1371 1707 1462 1759 τὸν
1496 1704 1722 1771 Κύριον.
1750 1701 1883 1754 διότι
1906 1701 2036 1755 ἄνευ
2087 1701 2279 1770 ἀνδρὸς
2307 1703 2340 1770 ἡ
2371 1701 2567 1771 κύησις
2588 1718 2601 1731 ⁶
2629 1704 2676 1755 οἱ
2710 1704 2809 1773 μὲν
2853 1705 2959 1774 γὰρ
2996 1705 3146 1758 ἄλλοι
3171 1705 3359 1769 παῖδες
3396 1705 3505 1760 τῶν

215 1815 476 1882 πατέρων
506 1813 611 1863 εἰσὶ
639 1809 868 1879 καρποὶ,
886 1809 913 1860 6
945 1807 1001 1858 δὲ
1033 1804 1267 1873 Χριστὸς
1296 1806 1464 1872 μὸνης
1492 1801 1590 1870 τῆς
1616 1799 1823 1860 κοιλίας
1841 1797 1940 1867 τῆς
1971 1797 2241 1851 Θεοτόκου
2273 1799 2486 1868 καρπός
2505 1814 2518 1828 ⁸
2548 1801 2686 1870 μόνη
2704 1802 2814 1872 γάρ
2835 1801 2998 1855 αὑτὸν
3016 1803 3413 1874 ὲκυοιρόρησεν.

293 1927 310 1957 ι
356 1908 467 1960 Kal.
521 1906 682 1958 πόθεν
714 1921 802 1971 μοι
841 1901 1018 1964 τοῦτο,
1060 1901 1148 1952 ἵνα
1200 1899 1330 1969 ἔλθῃ
1380 1900 1415 1966 ἠ
1449 1897 1653 1965 Μήτηρ
1709 1891 1804 1946 τοῦ

213 1997 426 2067 Κυρίου
466 2013 566 2064 μου
601 1992 880 2062 πρὸς.μέ;
926 1991 1058 2044 Ἰδοὺ
1091 1990 1200 2060 γὰρ
1227 1991 1301 2051 ὼς
1338 1988 1612 2056 ἐγένετοή
1651 1985 1802 2054 φωνὴ

210 2091 308 2142 τοῦ
367 2087 657 2157 ἀσπασμοῦ
693 2102 784 2137 σου
849 2085 926 2145 είς
957 2084 1024 2136 τά
1074 2076 1189 2134 ὦτά
1241 2098 1372 2149 μου,
1403 2079 1696 2148 ἐσκίρτησε
1745 2075 1806 2128 τὸ

213 2183 418 2253 βρέφος
455 2183 511 2232 ὲν
540 2177 862 2245 ἀγαλλιάσει
894 2176 952 2227 ὲν
982 2179 1046 2245 τῇ
1081 2172 1263 2244 κοιλίᾳ
1311 2189 1434 2241 μου.
1488 2171 1596 2222 Kal.
1626 2187 1808 2238 μακα-

215 2277 308 2344 ρία
346 2274 380 2342 ἡ
417 2271 778 2333 πιστεύσασα,
811 2271 893 2322 ὅτι
929 2268 1079 2319 ἔσται
1109 2265 1390 2322 τελείωσις
1420 2266 1530 2326 τοῖς
1571 2261 1805 2332 λελαλη-

219 2366 406 2433 μένοις
436 2366 572 2434 αύτῇ
625 2363 780 2432 παρὰ
824 2363 1050 2432 Κυρίου.
1095 2379 1112 2412 ι
1161 2360 1374 2429 ’Ὠσπερ
1438 2358 1667 2426 ὕστερον
1715 2357 1803 2408 ὲλ-

215 2459 380 2512 υόντα
422 2459 513 2510 τὶν
544 2456 776 2526 Χριστὸν
841 2457 919 2515 είς
949 2453 1009 2505 τὸ
1059 2451 1433 2522 βαπτισθῆναι
1472 2451 1499 2502 6
1545 2449 1803 2517 Ἰωάννης

217 2550 429 2604 ἐκώλυε
460 2549 529 2602 δι’
563 2548 872 2609 εὐλάϐειαν,
904 2547 1080 2613 λέγων
1105 2560 1119 2576 ·
1161 2543 1279 2598 Οὐκ
1318 2545 1436 2614 είμὶ
1468 2542 1637 2608 ἄξιος,
1664 2540 1806 2595 οὕτω

215 2644 314 2695 καὶ
339 2641 435 2694 νῦν
457 2641 544 2692 διὰ
578 2642 674 2708 τῆς
710 2640 915 2708 μητρὸς
937 2636 1099 2690 αὑτοῦ
1131 2636 1428 2704 φθέγγεται
1459 2650 1471 2665 ο
1507 2632 1678 2686 Πόθεν
1713 2649 1803 2704 μοι

214 2733 399 2794 τοῦτο,
433 2732 516 2784 ἵνα
547 2731 675 2800 ἒ).οῃ
718 2732 749 2800 ὴ
789 2731 988 2798 Μήτηρ
1018 2726 1112 2780 τοῦ
1148 2726 1358 2795 Κυρίου
1390 2743 1492 2796 μου
1532 2725 1669 2795 πρὸς
1700 2724 1799 2793 μές

217 2826 354 2896 πρὶν
385 2825 416 2893 ἦ
458 2826 592 2895 τέκῃ
622 2825 713 2875 τὸν
749 2821 976 2890 Κύριον,
1027 2820 1240 2890 μητέρα
1290 2818 1389 2887 τὴν
1420 2816 1800 2887 κυοςοροῦσαν

215 2921 520 2990 ὀνομάζων.
557 2918 682 2971 Ἐπὶ
711 2917 809 2987 μὲν
839 2916 949 2984 γὰρ
978 2914 1084 2967 τῶν
1116 2913 1312 2976 ἄλλων,
1335 2913 1517 2982 πρῖνῆ
1551 2911 1806 2978 τέκωσιν,

218 3013 280 3066 οὗ
319 3012 425 3082 χρὴ
474 3011 715 3081 μητέρας
747 3007 1033 3078 ὀνομάζειν
1092 3005 1180 3057 διὰ
1218 3006 1310 3058 τὸν
1361 3002 1529 3072 φοϐον
1559 3002 1660 3072 τῆς
1693 3004 1805 3072 ἀμ-

221 3105 499 3166 ελὼσεως,
531 3103 780 3156 τουτέστι
829 3102 929 3168 τῆς
957 3097 1250 3167 ἀποϐολῆς.
1296 3097 1421 3150 Ἐπὶ
1456 3096 1512 3148 δὲ
1538 3095 1636 3165 τῆς
1656 3096 1805 3164 Παρ-

1992 1893 2152 1948 Vsus.
2198 1895 2388 1949 45-45.
2425 1914 2443 1946 ι
2484 1895 2550 1950 Ει
2578 1899 2720 1951 unde
2760 1899 2859 1953 hoc
2894 1900 3045 1966 mihi,
3090 1911 3148 1953 nt
3177 1906 3354 1957 veniat
3389 1905 3507 1959 Ma-

1915 1996 1996 2040 tcr
2021 1986 2232 2041 Domiri
2271 1990 2374 2041 mei
2403 1988 2468 2042 ad
2506 1989 2633 2043 me?
2678 1990 2818 2047 Ecce
2839 1994 2983 2048 enim
3016 2004 3071 2047 ιιι
3104 1994 3244 2050 facta
3279 2008 3362 2053 est
3401 2014 3503 2054 vox

1913 2080 2260 2136 salutationis
2293 2092 2398 2137 tuae
2448 2083 2500 2136 in
2539 2084 2764 2139 auribus
2822 2087 2982 2151 meis,
3042 2090 3342 2143 exsultavit
3391 2107 3505 2161 pra:

1913 2176 2109 2245 gaudio
2141 2174 2320 2229 infans
2356 2176 2524 2247 279
2556 2179 2606 2231 ιιι
2641 2188 2795 2234 utero
2847 2196 2986 2235 meo.
3049 2181 3111 2236 Et
3160 2183 3315 2237 beata
3383 2201 3505 2256 qua:

1912 2267 2164 2333 Credidit,
2198 2271 2456 2338 quoniam
2499 2271 2852 2337 perﬂcientur
2879 2289 2940 2326 ea
2973 2291 3094 2344 qua:
3128 2278 3268 2330 dicta
3298 2289 3426 2332 sunt
3454 2281 3502 2332 ei

1909 2375 1940 2414 a
1974 2362 2219 2415 Domino.
2266 2381 2284 2414 ι
2331 2360 2486 2416 Sicut
2519 2375 2703 2432 postea
2754 2363 2991 2420 Joannes
3025 2368 3328 2433 Christum,
3373 2387 3495 2424 eum

1912 2453 2152 2508 venisset
2192 2464 2249 2506 ut
2273 2453 2664 2523 baptizaretur,
2694 2458 2971 2526 prohibuit
3003 2473 3227 2531 propter
3252 2477 3507 2518 reveren-

1913 2545 2064 2612 tiam,
2098 2545 2287 2600 dicens
2325 2565 2338 2600 :
2385 2547 2496 2615 Ego
2530 2563 2636 2603 non
2699 2565 2818 2603 sum
2871 2553 3117 2622 dignus",
3181 2557 3256 2610 sic
3286 2567 3336 2609 et
3363 2572 3509 2611 nunc

1901 2652 2012 2706 per
2041 2646 2268 2706 matrem
2297 2654 2450 2693 suam
2493 2640 2773 2709 luqttitttro:
2813 2643 2966 2700 Unde
2998 2647 3126 2700 mihi
3168 2649 3290 2713 hac,
3326 2658 3382 2703 nl.
3412 2665 3507 2703 ve-

1913 2728 2029 2782 niat
2082 2742 2256 2784 mater
2314 2731 2526 2786 Domini
2589 2735 2691 2787 mei
2749 2734 2814 2789 ad
2873 2737 2998 2790 me?
3060 2740 3369 2809 priusquam
3415 2757 3509 2811 pa-

1913 2823 2019 2875 riat
2052 2821 2362 2893 Dominum,
2403 2837 2630 2880 matrem
2678 2843 2879 2884 vocans
2911 2845 3053 2893 eam,
3095 2849 3213 2900 quae
3244 2836 3295 2887 in
3354 2846 3509 2891 utero

1913 2915 2156 2983 gerebat.
2193 2915 2338 2968 Alias
2359 2918 2503 2969 enim
2553 2920 2866 2988 priusquam
2925 2923 3156 2991 pariant,
3199 2941 3305 2978 non
3359 2927 3504 2982 sole-

1914 3021 2033 3058 nms
2063 3016 2262 3060 matres
2298 3023 2502 3062 vocare
2529 3019 2750 3077 propter
2795 3025 2996 3064 metum
3059 3017 3361 3068 abortiendi
3398 3038 3409 3070 :
3452 3017 3505 3072 in
3536 3075 3545 3096 κ

1913 3095 2120 3164 virgine
2151 3111 2331 3151 autem
2367 3099 2500 3153 nihil
2555 3101 2661 3156 tale
2695 3104 2960 3170 snspiCari
2989 3107 3293 3174 Oportebat.
3324 3106 3388 3160 Et
3425 3108 3509 3162 id-

221 3200 380 3252 ῡένου
431 3197 585 3250 οὐδὲν
632 3195 870 3247 τοιοῦτον
923 3191 1304 3245 ὑπωπτεύετο.
1363 3189 1462 3240 Διὰ
1517 3187 1802 3240 τοῦτοκαὶ
1832 3228 1876 3283 C

1832 3228 1876 3283 Ο
1909 3192 2058 3245 circo
2104 3192 2422 3260 priusquam
2454 3194 2658 3262 parias,
2699 3208 2872 3250 mater
2925 3208 2979 3253 et
3035 3203 3193 3254 beata
3251 3217 3311 3256 es
3362 3213 3439 3268 tu,
3476 3219 3507 3257 ο

1769 3270 1794 3288 τ

221 3292 330 3359 πρὸ
363 3287 455 3340 τοῦ
485 3288 665 3339 τεκεῖν
696 3287 877 3354 μήτηρ
925 3283 1019 3334 καὶ
1052 3280 1299 3350 μακαρία
1337 3279 1605 3349 ὑπάρχεις
1639 3278 1726 3342 σὺ,
1763 3278 1808 3329 ω

219 3383 439 3451 Μαρία,
476 3384 509 3451 η
538 3378 876 3432 πιστεύσασα
903 3377 984 3428 ὅτι
1026 3374 1176 3427 ἔσται
1209 3374 1486 3435 τελείωσις
1513 3373 1622 3435 τοῖς
1652 3371 1806 3424 λελαο

221 3475 479 3545 λημένοις
513 3491 595 3524 σοι
618 3473 768 3540 παρὰ
804 3468 1036 3538 Κυρίου.

301 3587 318 3617 ι
364 3566 473 3620 Kal
515 3560 634 3616 εἷπε
672 3563 938 3631 Μαριάμο
986 3558 1296 3627 Μεγαλύνει
1331 3560 1362 3628 ἡ
1394 3559 1539 3631 ψυχή
1589 3577 1690 3629 μου
1721 3557 1812 3612 τὸν

222 3660 467 3730 Κύριον·
501 3659 594 3708 καὶ
631 3655 930 3724 ὴγαλλίασε
961 3652 1020 3704 τὸ
1055 3651 1271 3714 πνεῦμά
1306 3669 1405 3722 μου
1443 3654 1535 3706 ἐπὶ
1578 3652 1655 3722 τῷ
1686 3649 1806 3721 Θεῷ

221 3753 305 3824 .τῴ
331 3749 545 3821 Σωτῆρί
585 3766 723 3819 μου,
763 3748 845 3800 ὅτι
870 3745 1170 3813 ἐπέϐλεψεν
1211 3747 1304 3797 ὲπλ.
1339 3745 1437 3814 τὴν
1481 3745 1813 3797 ταπείνωσιν

224 3849 323 3917 τῆς
349 3844 541 3914 δούλης
570 3841 735 3895 αὐτοῦ
756 3858 770 3873 ο
803 3841 910 3892 ἰδοὺ
947 3841 1056 3910 γὰρ
1089 3839 1198 3892 ἀπὸ
1230 3839 1324 3892 τοῦ
1355 3839 1450 3892 νῦν
1480 3836 1815 3909 μακαριοῦσί

225 3955 300 4006 με
337 3939 510 3990 πᾶσαι
561 3934 619 3989 αἱ
670 3933 887 4002 γενεαὶ,
934 3934 1015 3984 ὅτι
1065 3932 1291 4002 ἐποίησέ
1339 3949 1431 4001 μοι
1485 3932 1750 4000 μεγαλεῖα
1787 3931 1816 3982 ὁ

227 4030 486 4092 ἱιινειπός⁸
544 4029 639 4081 καὶ
685 4027 841 4093 ἅγιον
885 4024 945 4076 τὸ
986 4023 1159 4094 δνομα
1190 4024 1379 4079 αὐτοῦ.
1421 4023 1533 4075 Καὶ
1572 4023 1632 4075 τὸ
1669 4021 1817 4084 ἔλεος

227 4121 396 4176 αὐτοῦ
442 4123 523 4184 εἰς
555 4119 750 4187 γενεὰν
785 4118 880 4170 καὶ
927 4115 1121 4182 γενεὰν
1163 4117 1274 4177 τοῖς
1320 4115 1678 4185 φοϐουμένοις
1720 4115 1817 4166 αύ-

228 4218 342 4268 τόν.
403 4232 420 4263 ι
468 4213 551 4265 ςἬ
606 4210 880 4281 Παρθένος
927 4209 1252 4277 τελεώτερον
1299 4209 1815 4278 πληροφορηοεῖσα,

215 4307 502 4373 ιδοξολογεῖ
524 4305 614 4356 τὸν
653 4303 808 4363 Θεὸν,
848 4301 1044 4369 ἐκείνῳ
1099 4302 1477 4371 ὲπιγράφουσα
1515 4303 1574 4353 τὸ
1607 4301 1815 4371 θαῦμα,

225 4401 330 4469 οὐχ
367 4400 557 4467 ἑαυτῇ.
597 4395 834 4456 Ἐκεῖνος
867 4395 1008 4463 γὰρ,
1045 4398 1241 4462 φησὶν,
1267 4395 1565 4463 ἐπέϐλεψεν
1596 4395 1684 4446 ἐπ’
1721 4397 1819 4466 ἐμὲ

229 4493 331 4560 τὴν
383 4487 680 4558 ταπεινὴν,
739 4488 838 4539 οὐκ
895 4485 1006 4550 ἐγὼ
1059 4486 1194 4554 πρὸς
1244 4489 1452 4539 ἐκεῖνον
1507 4487 1816 4556 ἀνέϐλεψα·

1914 3280 2105 3345 Maria,
2134 3293 2285 3352 qua:‘
2325 3286 2624 3350 credidisti,
2664 3291 2790 3357 quia
2829 3289 3200 3360 implebantur
3233 3307 3295 3348 ea
3326 3310 3447 3365 qua:
3476 3313 3505 3351 a

1914 3373 2144 3429 Domino
2175 3377 2269 3431 tibi
2309 3377 2452 3432 dicta
2489 3389 2637 3434 sunt.

1987 3551 2153 3607 Vsus.
2194 3553 2384 3610 46-50.
2444 3572 2462 3606 ι
2509 3553 2574 3608 Et
2620 3556 2697 3609 ait
2743 3555 2946 3610 Maria:
2985 3556 3292 3629 Magniﬁcat
3327 3560 3508 3616 anima

1919 3662 2036 3700 mea
2070 3645 2355 3700 Dominum
2379 3689 2392 3712 ,
2440 3659 2494 3702 et
2524 3650 2818 3703 exsultavit
2852 3651 3073 3718 spiritus
3119 3667 3270 3707 meus
3315 3654 3366 3708 in
3401 3655 3510 3710 Deo

1920 3738 2207 3794 Servatore
2230 3756 2368 3794 meo.
2396 3740 2530 3807 Quia
2559 3744 2798 3811 respexit
2820 3745 2886 3797 ad
2915 3745 3269 3800 humilitatem
3301 3749 3514 3803 ancilla:

1921 3848 2067 3898 suae,
2114 3848 2238 3888 ecce
2269 3835 2415 3888 enim
2447 3849 2512 3889 ex
2563 3835 2666 3892 hoc
2710 3838 2927 3893 beatam
2963 3856 3047 3895 me
3091 3843 3273 3897 dicent
3324 3859 3515 3901 omnes

1922 3927 2318 3993 generationes.
2367 3926 2502 3991 Quia
2540 3925 2667 3981 fecit
2705 3929 2833 3982 mihi
2879 3933 3165 4000 magniﬁca
3200 3934 3289 4003 qui
3322 3945 3515 4004 potens

1921 4030 2040 4084 cst,
2081 4030 2135 4073 et
2176 4030 2422 4072 sanctqu
2472 4036 2669 4074 nomen
2701 4019 2837 4089 ejus.
2886 4021 2951 4076 Et
2984 4026 3355 4080 misericordia
3400 4029 3517 4094 eius

1923 4114 1974 4168 in
2003 4116 2312 4182 progeniem
2339 4123 2392 4166 et
2423 4116 2733 4184 progeniem
2763 4116 3076 4171 timentibus
3109 4133 3254 4173 eum.
3293 4138 3310 4169 ι
3356 4119 3517 4191 Virgo

1923 4207 2124 4259 certior
2170 4206 2378 4259 reddita
2412 4209 2477 4259 de
2514 4207 2645 4261 [one
2689 4219 2952 4277 concepto
2997 4212 3269 4279 gloritirat
3303 4210 3468 4266 Deum
3495 4255 3510 4277 ,

1925 4298 1998 4351 illi
2049 4299 2370 4351 miraculum
2405 4300 2749 4365 attribuens,
2794 4319 2898 4355 non
2944 4304 3178 4371 siblipsi.
3219 4303 3311 4360 llle
3345 4307 3514 4374 enim,

1926 4387 2077 4454 dicit,
2135 4391 2376 4458 respexit
2422 4391 2477 4444 in
2527 4405 2612 4446 me
2644 4392 2901 4445 humilem
2929 4434 2943 4458 ,
2983 4410 3086 4446 non
3133 4410 3233 4463 ego
3268 4398 3333 4449 ad
3366 4397 3514 4450 illum

1927 4482 2162 4548 respexi.
2214 4480 2305 4536 Ille
2355 4498 2439 4536 me
2477 4494 2806 4551 prosecutus
2837 4497 2918 4538 est
2960 4487 3373 4551 misericordia,
3418 4503 3518 4558 ego

231 4581 437 4642 ἐκεῖνός
475 4597 541 4649 με
574 4579 842 4647 ἠλέησεν,
888 4577 990 4629 οὐκ
1023 4577 1134 4643 ἐγὼ
1187 4578 1350 4629 αὑτὸν
1401 4577 1644 4648 ἐζήτησα
1669 4594 1684 4609 ⁶
1724 4580 1817 4630 καὶ
1854 4592 1896 4645 υ

1854 4592 1896 4645 υ
1929 4571 2076 4624 illum
2110 4588 2216 4625 non
2260 4574 2507 4641 quazsivi.
2550 4573 2614 4627 Et
2646 4589 2713 4627 ex
2757 4575 2856 4628 hoc
2903 4585 3147 4645 tempore
3187 4578 3398 4631 beatam
3433 4595 3518 4634 me

231 4675 343 4729 ἀπὸ
380 4671 475 4724 τού
521 4670 616 4722 νῦν
673 4667 1006 4738 μακαριοῦσί
1060 4685 1126 4737 με
1174 4670 1344 4720 πᾶσαι
1390 4671 1446 4720 al.
1497 4670 1726 4737 γενεαί’
1759 4671 1821 4721 ού

226 4766 372 4836 ,μόνη
413 4761 694 4816 Ἑλισάδετ
720 4801 734 4825 ,
771 4761 905 4813 ἀλλὰ
932 4761 1028 4813 καὶ
1061 4760 1121 4812 al.
1155 4760 1262 4813 τῶν
1295 4764 1703 4814 πιστευσάντων
1736 4779 1826 4830 γε-

232 4857 351 4910 νεαί
373 4873 385 4885 ⁶
415 4855 558 4908 διατί
589 4854 644 4905 δὲ
678 4851 1073 4922 μακαριοῦσινς
1097 4847 1249 4920 Ἀρά
1275 4852 1362 4904 διὰ
1393 4852 1490 4923 τὴν
1531 4855 1671 4923 ἐμὴν
1690 4854 1823 4922 ἀρε-

232 4953 369 5021 τήνς
409 4948 580 5017 Οὐχί·
623 4946 738 4999 ἀλλ’
779 4947 860 4998 ὅτι
893 4945 1116 5013 ἐποίησε
1147 4945 1264 5026 μετ’
1302 4945 1436 5014 ἐμοῦ
1481 4946 1746 5014 μεγαλεῖα
1794 4948 1821 4997 ὁ

231 5044 388 5101 Θεός.
450 5038 688 5091 Δυνατὸν
723 5035 778 5088 δὲ
807 5035 1091 5104 ὼνὸμασεν
1122 5035 1305 5100 αὑτὸν,
1342 5036 1426 5087 ἵνα
1465 5035 1653 5106 μηδεὶς
1695 5037 1821 5088 am-

237 5135 411 5202 στήσῃ
445 5133 556 5191 τοῖς
586 5128 901 5195 λεγομένοις
927 5168 941 5190 ,
978 5127 1336 5194 λογισάμενος
1375 5128 1456 5180 ὃτι
1493 5131 1592 5179 οᾲκ
1625 5128 1823 5180 ἀδύνα-

234 5226 326 5286 τός
362 5229 478 5277 ἐστι
506 5223 678 5276 ταῦτα
714 5224 936 5289 ποιῆσαι
961 5221 987 5271 6
1021 5223 1246 5291 Κύριος.
1280 5220 1472 5287 Ἂγιον
1504 5221 1558 5272 δὲ
1609 5216 1730 5272 εἷπε
1762 5221 1821 5272 τὸ

233 5318 408 5386 ὄνομα
462 5314 628 5368 αὑτοῦ
654 5355 667 5376 ,
711 5313 948 5384 δηλοῦσα
991 5315 1071 5365 ὅτι
1103 5314 1255 5365 οὐδὲν
1295 5312 1581 5381 μολύνεται
1624 5316 1680 5365 ὲν
1727 5331 1821 5380 γυο

235 5409 423 5471 ναικὸς
457 5409 642 5477 μήτρᾳ
676 5406 1188 5476 συλλαμϐανόμενος
1215 5409 1240 5457 6
1269 5405 1681 5474 καθαρώτατος,
1707 5407 1824 5459 ἀλλ’

236 5501 392 5567 ἆγιος
435 5499 605 5568 μένει.
645 5498 759 5549 Οὐκ
789 5500 866 5560 εἰς
911 5500 1011 5566 ἐμὲ
1047 5497 1102 5548 δὲ
1147 5497 1314 5566 μόνην
1341 5497 1400 5548 τὸ
1439 5497 1586 5556 ἕλεος
1621 5498 1786 5549 αὑτοῦ
1809 5540 1823 5564 ,

236 5593 379 5647 ἀλλὰ
430 5594 524 5645 καὶ
563 5593 642 5654 εἰς
695 5594 902 5652 πάντας
943 5590 1072 5652 τοὺς
1117 5589 1488 5658 φοϐουμένους
1524 5591 1688 5642 αὐτόν
1718 5607 1732 5620 ·
1777 5591 1826 5642 οἱ

236 5684 348 5754 γάρ
381 5681 457 5752 μὴ
487 5682 816 5751 φοϐούμενοι
852 5682 1035 5748 αύτδν;
1073 5681 1213 5735 ἀλλὰ
1238 5683 1414 5750 πάντη
1455 5681 1686 5746 ἀνάξιοι,
1730 5683 1827 5734 οὐκ

319 5858 335 5890 ⁷
391 5855 715 5930 “ditt-lli,
753 5859 838 5912 ll.

1927 4667 2108 4720 dicent
2161 4681 2352 4720 omnes
2399 4670 2780 4733 generationes
2828 4687 2840 4721 :
2891 4684 2996 4722 non
3050 4671 3164 4723 sola
3205 4669 3515 4738 Elisabcth,

1925 4758 2015 4810 sed
2046 4769 2098 4810 et
2121 4772 2307 4811 eorum
2334 4760 2614 4825 generatio
2639 4760 2733 4827 qui
2758 4761 3108 4814 crediderint.
3137 4760 3316 4828 Quare
3339 4772 3517 4816 autem

1929 4850 2140 4902 beatam
2185 4864 2272 4902 me
2316 4850 2538 4904 dicent?
2573 4849 2693 4905 Non
2735 4862 2956 4920 propter
2998 4870 3172 4906 meam
3218 4857 3519 4922 virtutem,

1931 4943 2023 4995 sed
2058 4945 2182 5010 quia
2216 4943 2341 4996 fecit
2375 4959 2583 4997 mecmn
2614 4961 2807 5014 magna
2836 4948 2927 5015 qui
2963 4958 3155 5015 potens
3191 4958 3294 5001 est.
3325 4946 3523 5003 Poten-

1936 5043 2040 5086 tcm
2077 5045 2257 5087 autem
2296 5037 2540 5088 nominat
2595 5037 2794 5101 Deum,
2851 5047 2908 5091 nt
2953 5054 3020 5091 ne
3073 5040 3197 5106 quis
3252 5041 3524 5095 discredat

1935 5125 2021 5180 his
2061 5141 2178 5195 quae
2213 5141 2240 5178 a
2282 5143 2340 5182 se
2375 5129 2656 5193 dicuntur,
2690 5132 3043 5186 considerans
3075 5134 3216 5201 quod
3255 5134 3394 5187 Deus
3432 5134 3520 5188 illa

1932 5219 2115 5274 facere
2146 5232 2335 5289 potens
2360 5223 2453 5276 sit.
2478 5223 2652 5276 Porro
2689 5234 2936 5278 sanctum
2965 5241 3161 5279 nomen
3194 5225 3309 5293 ejus
3342 5238 3524 5291 vocat,

1933 5312 2219 5365 declarans
2255 5314 2396 5382 quod
2429 5329 2533 5366 non
2571 5315 2884 5382 inquinetur
2920 5315 3313 5370 mundissimus
3353 5315 3440 5369 ille
3471 5317 3525 5368 in

1934 5412 2090 5456 utero
2119 5413 2436 5472 conceptus,
2477 5407 2571 5456 sed
2616 5416 2836 5470 sanctus
2868 5415 3104 5459 maneat.
3141 5404 3328 5474 Neque
3355 5405 3407 5458 in
3441 5422 3528 5460 me

1937 5494 2050 5548 sola
2077 5504 2161 5549 est
2191 5496 2562 5550 misericordia
2589 5499 2704 5566 ejus
2725 5538 2738 5561 ,
2773 5499 2865 5552 sed
2898 5499 2951 5552 in
2985 5514 3176 5553 omnes
3209 5501 3296 5567 qui
3338 5500 3530 5553 timent

1939 5586 2109 5642 illtun.
2164 5589 2263 5654 Qui
2307 5593 2450 5644 enim
2506 5605 2610 5644 non
2665 5592 2857 5646 timent
2901 5593 3112 5662 ipsmn,
3165 5593 3260 5647 sed
3304 5593 3526 5646 omnino

1941 5682 2143 5752 indigni
2196 5691 2354 5747 sunt,
2413 5700 2514 5738 non
2554 5697 2921 5754 assequuntur
2970 5686 3418 5744 misericordiam.
3469 5681 3529 5738 lu
