4272 6438
755 401 856 468 711

1675 398 2250 461 THEOPHYLACTI
2291 400 2707 461 BULGARI/E
2740 396 3094 460 ARCHIEP.

3921 397 4025 460 712

753 515 1152 584 generationem
1207 525 1381 566 autem
1439 522 1493 565 et
1529 515 1930 583 generationem
1979 515 2164 567 dicens
2212 529 2330 568 esse
2367 524 2405 576 Α

2367 524 2405 576 Α
2445 516 2753 569 ἐλεοῦνται.
2809 515 2903 575 Εἰς
2935 512 3127 580 γενεάν
3163 510 3218 564 δὲ
3266 512 3358 563 καὶ
3385 510 3579 579 γενεάν
3617 509 3848 564 εἰποῦσα
3882 509 4024 566 εἶναι

753 606 1184 659 misericordiam
1244 605 1372 670 Dei,
1433 606 1665 658 ostendit
1710 607 1850 672 quod
1900 606 2324 657 misericordiam

751 707 1106 764 assequentur
1150 706 1204 749 et
1258 697 1309 747 in
1361 697 1615 764 prmsenti
1661 697 1893 757 saeculo,
1927 706 1980 747 et
2021 696 2070 748 in
2110 697 2324 757 futuro,

752 803 940 856 nempe
971 798 1196 842 :eterno.
1220 786 1349 840 Nam
1386 789 1472 841 hie
1493 789 1800 855 centuplum
1827 788 2122 854 accipiunt,
2142 798 2197 841 et
2221 787 2328 841 illic

751 881 905 948 lange
931 881 1177 948 amplius.
1205 880 1639 936 Attendeautent
1664 879 1805 947 quod
1825 880 2055 947 primum
2080 879 2325 947 magnifi-

749 977 836 1023 εει
866 972 1041 1021 anima
1083 967 1389 1030 Dominum,
1422 975 1475 1020 et
1500 968 1691 1021 deinde
1720 969 1942 1036 spiritus
1962 967 2192 1020 exsultat
2224 985 2236 1018 :
2269 974 2327 1019 ut

748 1063 924 1115 simile
945 1060 1070 1129 quid
1095 1060 1294 1125 dicam,
1327 1061 1635 1128 magniﬁcat
1674 1059 1864 1120 Deum.
1883 1061 1970 1126 qui
1991 1061 2149 1129 digne
2173 1059 2323 1128 juxta

754 1155 916 1206 Deum
953 1153 1213 1206 ambulat.
1264 1153 1498 1206 Vocatus
1544 1168 1601 1206 es
1634 1152 1996 1215 Christianus,
2041 1166 2145 1204 non
2188 1160 2327 1205 atte-

748 1259 924 1297 nuans
947 1261 1141 1298 nomen
1164 1254 1217 1298 et
1233 1244 1542 1312 dignitatem
1563 1242 1764 1298 Christi
1785 1242 2032 1297 faciendo
2053 1242 2194 1311 quod
2218 1257 2322 1296 non

745 1349 976 1406 oportet,
1023 1339 1114 1391 sed
1170 1336 1520 1406 magniﬁcans
1564 1335 1841 1403 Operando
1876 1350 2100 1404 magna,
2157 1333 2324 1387 coale-

747 1433 957 1498 stiaqne
991 1445 1170 1495 opera.
1202 1429 1266 1481 Et
1305 1437 1432 1481 tunc
1469 1428 1634 1480 etiam
1673 1427 1897 1496 spiritus
1926 1437 2046 1480 tuus
2082 1425 2324 1480 exsulta-

746 1524 816 1575 bit
842 1563 855 1585 ,
894 1525 991 1575 hoc
1049 1531 1164 1586 est,
1200 1521 1478 1589 spirituale
1515 1521 1711 1572 tluttum
1761 1519 1901 1586 quod
1941 1518 2194 1587 accepisti
2231 1533 2324 1586 per

742 1615 950 1684 egregia
982 1629 1139 1682 opera
1171 1654 1184 1675 ,
1217 1613 1515 1666 exsultabit
1545 1621 1598 1666 et
1645 1611 1910 1682 proﬁciet.
1955 1611 2018 1664 Et
2047 1626 2150 1664 non
2194 1625 2325 1664 con—

744 1708 1019 1769 trahetur,
1054 1714 1140 1766 et,
1198 1717 1253 1758 ut
1305 1707 1376 1758 ita
1429 1705 1641 1766 dicam,
1688 1704 2120 1757 tnortilicabitnr.
2169 1700 2323 1756 Scias

743 1811 998 1864 praui-rea
1039 1800 1205 1852 videri
1242 1798 1576 1866 Scripturam
1617 1796 1938 1863 simpliciter
1968 1795 2109 1848 idem
2138 1793 2321 1848 dicere

2431 607 2491 659 τὸ
2523 607 2673 668 ἔλεος
2707 603 2799 657 τοῦ
2828 604 2995 666 Θεοῦ,
3028 603 3184 657 τοῦτο
3228 601 3499 672 ἐδήλωσεν
3520 640 3535 664 ,
3577 601 3657 654 ὅτι
3709 601 3805 654 καὶ
3857 604 3916 653 ὲν
3953 605 4021 672 τῇ

2431 702 2526 754 νῦν
2591 701 2756 769 γειεᾷ
2809 699 3120 759 έλεοῦνται,
3157 696 3407 749 τουτέστι
3454 695 3534 764 τῷ
3567 693 3662 747 νῦν
3703 694 3896 747 αἰῶνι·
3930 695 4025 746 καὶ

2433 793 2492 843 ὲν
2540 794 2604 859 τῇ
2655 788 2925 859 μελλούσῃ
2963 789 3127 857 γενεᾷ
3152 828 3166 851 ,
3209 784 3288 855 τῷ
3329 786 3621 857 ἀπεράντῳ
3650 787 3793 854 λέγω
3819 785 3981 839 αίῶνι
4005 803 4022 817 ⁸

2432 883 2711 937 κάνταῦθα
2761 882 2870 950 γάρ
2912 879 3452 934 ἑκατονταπλασίονα
3500 878 3874 949 λαμϐάνουσι,
3915 880 4018 931 κά·

2431 978 2578 1027 κεῖσε
2614 971 2795 1042 πολλῷ
2840 971 3081 1024 πλείονα.
3121 971 3364 1041 Πρόσχες
3392 970 3448 1022 δὲ
3490 970 3572 1023 ὅτι
3604 970 3873 1040 πρότερον
3921 986 4020 1038 με·

2431 1067 2651 1136 γαλύνει
2685 1069 2716 1137 ή
2764 1065 2912 1136 ψυχὴ
2942 1065 3034 1117 τὸν
3061 1064 3300 1128 Κύριον,
3346 1059 3465 1116 εἶτα
3496 1063 3556 1115 τὸ
3600 1062 3820 1132 πνεῦμα
3851 1062 4024 1128 ἀγαλ-

2428 1159 2609 1211 λιᾶται
2633 1173 2646 1186 ·
2686 1152 2799 1208 οἷόν
2861 1172 2913 1208 τι
2945 1155 3089 1221 λέγω
3119 1173 3128 1180 ·
3161 1152 3470 1218 Μεγαλύνει
3505 1153 3596 1204 τὸν
3627 1153 3760 1204 Θεὸν
3797 1155 3826 1204 ὁ
3852 1154 4022 1216 ἀξίως

2428 1247 2522 1300 τοῦ
2568 1245 2700 1297 Θεοῦ
2762 1245 3149 1313 πορευόμενος.
3231 1243 3559 1310 Χριστιανὸς
3617 1243 3892 1311 ἐκλήθης,
3946 1243 4023 1311 μὴ

2431 1339 2738 1410 σμικρύνῃς
2784 1338 2845 1389 τὸ
2894 1337 3114 1405 ἀξίωμα
3152 1335 3247 1388 τοῦ
3298 1335 3539 1404 Χριστοῦ
3582 1337 3674 1386 καὶ
3706 1335 3766 1386 τὸ
3813 1335 4021 1403 ὄνομα,

2428 1431 2515 1484 διὰ
2560 1430 2654 1483 τοῦ
2715 1430 2978 1499 πράττειν
3024 1429 3093 1479 τὰ
3146 1428 3221 1496 μὴ
3270 1428 3486 1486 δέοντα,
3534 1428 3672 1479 ἀλλὰ
3715 1427 4021 1494 μεγάλυνον

2428 1524 2591 1584 αὑτὸ,
2638 1523 2881 1592 μεγάλας
2931 1521 3026 1587 καὶ
3052 1519 3339 1591 οὐρανίους
3379 1519 3609 1586 πράξεις
3657 1518 3830 1571 τελῶν
3862 1535 3874 1547 ·
3925 1520 4022 1569 καὶ

2426 1616 2548 1669 τότε
2581 1615 2677 1667 καὶ
2700 1614 2760 1666 τδ
2794 1612 3014 1683 πνεῦμά
3047 1629 3141 1664 σου
3178 1611 3599 1679 ἀγαλλιάσεται,
3661 1611 3912 1662 τουτέστι
3958 1608 4021 1660 τὸ

2427 1707 2802 1776 πνευματικὸν
2849 1709 3132 1776 χάρισμα,
3176 1705 3204 1757 ὃ
3243 1704 3433 1767 ἔλαϐες
3476 1705 3564 1757 διὰ
3599 1705 3708 1756 τῶν
3760 1703 4020 1772 μεγάλων

2428 1800 2714 1870 πράξεων,
2752 1800 3040 1869 σκιρτήσει
3085 1800 3180 1850 καὶ⁵
3214 1798 3516 1868 προκόψει·
3560 1795 3676 1848 ἀλλ’
3714 1798 3776 1848 οὑ
3816 1812 4020 1848 συστασ

742 1888 988 1952 si-iritum
1037 1901 1089 1940 et
1124 1864 1440 1951 animum",
1483 1888 1700 1955 proprie
1736 1898 1914 1941 tamen
1957 1885 2157 1940 differt.
2187 1885 2319 1937 Ani-
2346 1864 2429 1944 Β]

2346 1864 2394 1923 Β
2422 1894 2644 1962 λήσεται
2687 1893 2818 1958 καὶ,
2871 1888 2983 1944 οἷον
3025 1893 3228 1953 εἰπεῖν,
3284 1890 3715 1960 νεκρωθήσεται.
3776 1889 4017 1941 Γίνωσκε

743 1980 933 2030 ntalem
981 1979 1123 2031 enim
1171 1979 1334 2047 280
1375 1980 1643 2032 hominem
1695 1978 1826 2031 dicit
1857 1992 1979 2032 eum
2035 1979 2123 2046 qni
2161 1975 2317 2045 ju'xta

741 2084 986 2122 naturam
1020 2071 1180 2132 vivit,
1215 2081 1268 2122 et
1314 2071 1563 2123 humanis
1608 2070 1908 2124 rationibus
1939 2070 2146 2137 regitur
2171 2107 2185 2132 ,
2239 2067 2317 2122 si-

738 2164 952 2230 quando
984 2163 1232 2215 esuriens
1263 2163 1554 2224 comedat,
1602 2162 1725 2215 odio
1759 2161 1955 2215 habeat
1999 2160 2278 2214 inimicum
2301 2198 2317 2222 ,

736 2269 788 2304 ιιι
821 2254 870 2304 in
898 2269 1128 2318 summa,
1161 2255 1203 2307 si
1241 2254 1369 2305 nihil
1399 2269 1558 2319 supra
1587 2255 1858 2307 hominem
1889 2265 2166 2322 appareat.
2194 2251 2318 2322 Spi-

740 2347 982 2399 rztualein
1014 2362 1160 2412 vero,
1199 2347 1288 2415 qui
1317 2348 1656 2400 transcendit
1683 2347 1826 2414 leges
1855 2357 2084 2414 naturae,
2119 2357 2172 2402 et
2209 2363 2314 2402 non

739 2437 973 2490 humano
1009 2453 1155 2492 moue
1201 2439 1360 2506 sapit.
1409 2438 1470 2491 Et
1520 2439 1632 2492 lnee
1664 2450 1744 2493 est
1780 2438 2080 2492 dilierentia
2121 2441 2316 2492 anima:

740 2539 793 2581 ct
826 2530 1049 2596 spiritus
1082 2529 1132 2581 in
1169 2528 1470 2608 Si‘\l'lplllr3.
1507 2530 1960 2585 Medicilforsitan
2017 2529 2131 2584 haec
2161 2530 2319 2584 aliter

735 2618 1088 2684 discernunt,
1127 2620 1220 2673 sed
1258 2621 1414 2674 nubis
1460 2620 1738 2691 Scriptura
1782 2619 1932 2674 cordi
1971 2629 2088 2686 eSI,
2122 2619 2316 2676 medici

735 2725 863 2764 vero
901 2713 1135 2767 valeant.

807 2972 970 3027 Vens.
1005 2973 1194 3028 51-56.
1244 2993 1258 3022 ι
1303 2971 1452 3028 Fecit
1495 2981 1662 3027 robur
1709 2973 1764 3026 in
1801 2973 2023 3028 brachio
2065 2988 2200 3038 suo,
2232 2974 2315 3027 di-

735 3069 930 3134 apcrsit
953 3068 1212 3132 superbos
1233 3066 1562 3133 cogitatione
1582 3065 1764 3120 cordis
1790 3067 2048 3133 ipsorum.
2072 3064 2316 3120 Detraxit

737 3172 978 3229 pulCllleS
1004 3166 1066 3215 de
1097 3164 1338 3226 sedibus,
1360 3173 1413 3215 et
1435 3164 1692 3215 exaltavit
1720 3163 1972 3216 humiles.
2002 3158 2312 3215 Esurientes

734 3255 974 3322 implevit
1015 3255 1204 3316 bonis,
1241 3268 1294 3308 et
1336 3254 1531 3309 divites
1572 3255 1775 3309 dimisit
1813 3256 2019 3310 inanes.
2064 3253 2316 3323 Suscepit

733 3346 895 3399 lsracl
931 3362 1155 3416 puerum
1189 3363 1365 3407 suum,
1398 3356 1454 3399 ut
1491 3361 1696 3401 memor
1727 3357 1868 3401 esset
1901 3346 2311 3401 misericordizr.

735 3437 888 3494 Sicut
921 3441 1132 3492 locutus
1175 3449 1255 3492 est
1287 3441 1350 3491 ad
1381 3449 1562 3507 patres
1607 3449 1856 3503 nostros,
1913 3438 2221 3503 Abraham,
2263 3449 2316 3492 et

731 3533 921 3586 semini
959 3531 1104 3600 ejus,
1150 3533 1200 3583 in
1239 3531 1513 3585 sacculum.
1542 3532 1736 3585 Mansit
1769 3540 1948 3586 autem
1990 3530 2158 3585 Maria
2190 3545 2310 3585 cum

733 3623 820 3676 illa
877 3625 1150 3677 mensibus
1180 3623 1398 3677 circiter
1436 3624 1626 3686 tribus,
1658 3635 1711 3678 et
1753 3640 1970 3678 reversa
2006 3635 2088 3678 est
2129 3625 2180 3677 in
2212 3627 2303 3678 do-

731 3731 877 3768 mum
909 3730 1083 3769 suam.
1127 3734 1144 3765 ι
1178 3715 1466 3769 Brachium
1503 3714 1706 3784 patris,
1743 3714 1929 3769 Filius.
1964 3713 2112 3769 Fecit
2149 3715 2312 3784 igitur

731 3809 894 3860 robur
937 3817 990 3859 et
1036 3809 1286 3861 virtutem
1344 3823 1406 3862 ac
1465 3809 1762 3876 potentiam
1815 3821 2005 3862 contra
2063 3817 2309 3860 naturam

731 3896 872 3951 Deus
896 3905 946 3950 et
973 3895 1127 3948 Pater
1154 3898 1203 3948 in
1220 3897 1354 3951 Filio
1376 3913 1491 3952 suo.
1515 3897 1797 3953 lncarnato
1823 3901 1964 3953 enim
1999 3899 2154 3963 Filio,
2172 3901 2309 3955 victa

732 4001 810 4041 est
843 4000 1073 4050 natura,
1120 3989 1336 4058 Virgine
1368 3991 1645 4057 pariente,
1693 3989 1802 4044 Deo
1838 3991 2054 4047 homine
2100 3992 2241 4047 facto
2293 4011 2307 4046 :

729 4082 946 4134 beiuine
980 4096 1105 4134 vero
1139 4084 1406 4136 ileilicalu.
1441 4085 1504 4136 Et
1537 4085 1788 4153 dispersit
1825 4084 2079 4139 Dominus
2109 4099 2304 4154 super-

730 4173 825 4225 llos
876 4176 1178 4236 (i'JZ‘IIIOlleS,
1227 4174 1417 4242 ejectis
1453 4176 1557 4230 illis
1598 4191 1664 4230 ex
1704 4177 1954 4232 humanis
1985 4177 2265 4231 animabus
2291 4219 2305 4242 ,

729 4273 781 4315 et
820 4264 942 4317 aliis
989 4265 1202 4332 quidem
1256 4267 1306 4318 in
1350 4267 1600 4335 abyssum
1638 4269 1849 4331 missis,
1889 4269 2007 4323 aliis
2040 4277 2218 4322 autem
2255 4271 2305 4322 in

731 4372 942 4422 porcus.
993 4356 1197 4409 Poterit
1245 4368 1424 4410 autem
1458 4369 1510 4412 et
1543 4362 1606 4414 de
1639 4357 1839 4413 Judieis
1881 4361 2138 4431 intelligi,
2174 4377 2308 4430 quos

730 4451 983 4519 dispersit
1037 4452 1087 4504 in
1132 4467 1345 4506 onmem
1387 4453 1660 4521 regionem
1715 4471 1727 4507 :
1780 4463 1831 4508 et
1881 4470 2026 4511 nunc
2073 4456 2307 4525 dispersi

2420 1984 2482 2036 δὲ
2514 1986 2597 2036 ὅτι
2651 1985 2682 2054 ἡ
2722 1983 2916 2053 Γραφὴ
2995 1982 3178 2044 ἁπλῶς
3230 1981 3329 2051 μὲν
3375 1985 3435 2033 τὸ
3486 1981 3618 2033 αὑτὸ
3653 1981 3800 2032 δοκεῖ
3835 1981 4017 2046 λέγειν

2425 2075 2645 2145 πνεῦμα
2685 2076 2779 2127 καὶ
2807 2074 3022 2144 ψυχὴν,
3060 2073 3265 2143 κυρίως
3295 2073 3350 2125 δὲ
3392 2072 3730 2124 διαστέλλει·
3784 2070 4018 2139 ψυχικὸν

2427 2168 2528 2236 μὲν
2557 2167 2665 2235 γάρ
2699 2165 2988 2236 ἄνθρωπον
3018 2164 3166 2232 λέγει
3192 2165 3284 2217 τὸν
3322 2164 3463 2217 κατὰ
3495 2163 3658 2231 φύσιν
3691 2161 3893 2226 ζῶντα,
3925 2162 4019 2215 καὶ

2423 2260 2784 2330 ἀνθρωπίνοις
2863 2259 3146 2326 λογισμοῖς
3217 2257 3628 2326 διοικούμενον,
3701 2252 3814 2307 οἷον
3885 2256 4014 2307 ὅταν

2422 2353 2582 2420 πεινᾷ
2603 2393 2616 2416 ,
2649 2350 2899 2403 ἐσθίοντα
2925 2390 2942 2414 ,
2969 2348 3063 2402 τὸν
3090 2348 3286 2418 ἐχθρὸν
3330 2346 3594 2418 μισοῦντα
3617 2389 3631 2411 ,
3663 2349 3755 2398 καὶ
3790 2345 3977 2406 ἁπλῶς
3999 2383 4014 2410 ,

2425 2445 2590 2516 μηδὲν
2617 2444 2758 2512 ὑπὲρ
2807 2444 2969 2512 φύσιν
3018 2442 3428 2512 φανταζόμενον
3451 2458 3463 2471 ·
3513 2442 3886 2511 πνευματικὸν
3916 2442 3970 2494 δὲ
3997 2481 4015 2505 ,

2419 2538 2509 2591 τὸν
2553 2537 2978 2607 ὑπεραναϐάντα
3018 2537 3146 2598 τοὺς
3198 2536 3296 2604 τῆς
3351 2535 3568 2604 φύσεως
3624 2537 3860 2605 νόμους,
3918 2537 4016 2588 καὶ

2425 2629 2594 2699 μηδὲν
2646 2628 2988 2698 ἀνθρώπινον
3046 2630 3385 2699 φρονοῦντα³
3441 2629 3536 2682 καὶ
3593 2628 3732 2696 αῦτη
3780 2629 3930 2682 ἐστὶν
3978 2628 4012 2696 ἡ

2419 2722 2655 2793 διαφορά
2688 2723 2868 2792 ψυχῆς
2914 2724 3008 2774 καὶ
3058 2720 3368 2789 πνεύματος
3402 2721 3459 2772 ἐν
3489 2723 3555 2790 τῇ
3610 2721 3803 2790 Γραφῇ
3827 2735 3838 2746 ·
3873 2720 4017 2788 τάχα

2420 2817 2475 2868 δὲ
2510 2816 2686 2887 ἰατροὶ
2729 2815 2903 2875 ἄλλως
2936 2813 3109 2867 ταῦτα
3145 2812 3514 2882 διακρίνουσιν
3535 2827 3549 2842 ·
3574 2812 3689 2890 ἀλλ’
3723 2813 3856 2881 ημῖν
3912 2811 4013 2880 τῆς

2421 2908 2647 2978 Γραφῆς
2680 2906 2831 2976 μέλει
2857 2924 2868 2937 ·
2911 2907 3084 2974 ίατροὶ
3120 2906 3177 2958 δὲ
3216 2905 3649 2974 φθειρέσθωσαν.

2495 3018 2512 3049 ι
2571 2998 2826 3066 Ἐποίησε
2877 2997 3076 3066 κράτος
3110 2999 3170 3048 ὲν
3214 2996 3459 3068 βραχίονι
3509 2995 3710 3048 αὑτοῦ·
3758 2993 4011 3062 διεσκόρ-

2418 3103 2578 3139 πισεν
2607 3088 2995 3157 ὑπερηφάνους
3025 3087 3233 3157 διανοίᾳ
3261 3087 3493 3156 καρδίας
3523 3086 3705 3139 αὑτῶν
3734 3104 3746 3115 ·
3788 3086 4010 3138 καθεῖλε

2416 3181 2683 3242 δυνάστας
2720 3181 2828 3232 ἀπὸ
2879 3181 3086 3251 θρόνων
3111 3223 3125 3246 ,
3170 3182 3264 3234 καὶ
3306 3180 3493 3249 ῦψωσε
3525 3179 3849 3241 ταπεινούς·
3887 3195 4010 3230 πει·

2422 3273 2628 3335 νῶντας
2684 3273 2981 3342 ἐνέπλησεν
3034 3271 3293 3340 ἀγαθῶν,
3346 3274 3441 3324 καὶ
3510 3270 3877 3332 πλουτοῦντας
3925 3269 4012 3334 ἑξ-

2422 3366 2708 3420 απέστειλε
2739 3365 2931 3428 κενούς
2957 3379 2971 3394 ⁸
2993 3364 3318 3419 ἀντελάϐετο
3349 3365 3568 3436 Ἰσραὴλ
3599 3365 3791 3428 παιίδς
3815 3364 4010 3429 αὑτοῦ,

2426 3456 2734 3526 μνησθῆναι
2789 3456 3012 3520 ἐλέους,
3063 3454 3249 3519 καθὼς
3302 3455 3533 3526 ἐλάλησα
3568 3457 3705 3526 πρὸς
3745 3459 3874 3519 τοὺς
3909 3473 4014 3508 πα-

2416 3551 2582 3618 τέρας
2626 3548 2784 3618 ἡμῶν
2817 3548 2893 3618 τῷ
2937 3547 3190 3618 Ἀϐραὰμ
3230 3550 3324 3602 καὶ
3353 3548 3433 3619 τῷ
3475 3550 3756 3619 σπέρματι
3801 3550 3966 3602 αὑτοῦ
3991 3589 4005 3612 ,

2417 3644 2498 3704 είς
2553 3641 2644 3693 τὸν
2696 3641 2891 3695 αἰῶνα.
2918 3642 3142 3711 Ἔμεινε
3193 3642 3249 3694 δὲ
3286 3643 3523 3712 Μαριὰμ
3568 3644 3666 3694 σὺν
3699 3642 3837 3711 αὑτῇ
3874 3643 4009 3694 ὡσεὶ

2421 3736 2596 3805 μῆνας
2623 3738 2795 3806 τρεῖς.
2828 3735 2932 3789 Kal.
2964 3736 3306 3808 ὑπέστρεψεν
3342 3740 3421 3800 είς
3447 3739 3537 3790 τὸν
3562 3733 3711 3790 οἷκον
3745 3738 3937 3808 αὑτῆς.
3979 3758 3999 3791 ι

2416 3829 2666 3897 Βραχίων
2701 3828 2796 3881 τοῦ
2829 3831 3062 3899 Πατρὸς,
3093 3831 3120 3882 ὁ
3147 3829 3296 3893 Υἱός.
3349 3831 3638 3898 Ἐποίησεν
3674 3826 3768 3883 οῦν
3805 3833 4007 3900 κράτος

2417 3923 2509 3974 καὶ
2559 3922 2789 3990 δύναμιν
2829 3922 2972 3974 κατά
3019 3921 3120 3991 τῆς
3155 3921 3372 3990 φύσεως
3439 3923 3468 3973 ὁ
3510 3921 3644 3984 Θεὸς
3681 3925 3778 3976 καὶ
3813 3925 4010 3994 Πατὴρ

2415 4017 2472 4066 ὲν
2503 4013 2579 4082 τῷ
2607 4014 2719 4082 Υἱῷ
2772 4013 2960 4067 αὑτοῦ.
3012 4013 3394 4083 Σαρκωθέντος
3449 4015 3556 4082 γὰρ
3591 4014 3688 4067 τοῦ
3725 4014 3856 4068 Υιοῦ
3878 4058 3893 4081 ,
3924 4018 4010 4068 ὲν-

2414 4106 2595 4177 ηκήθη
2629 4108 2661 4175 ἡ
2697 4105 2886 4175 φύσις,
2919 4105 3191 4175 παρθένου
3219 4105 3517 4177 τεκούσης,
3553 4107 3688 4160 Θεοῦ
3721 4107 4009 4177 ἀνθρωπι-

2417 4197 2657 4261 σθέντος,
2709 4196 3000 4266 ἀνθρώπου
3054 4196 3386 4260 θεωθέντος·
3429 4197 3526 4250 καὶ
3566 4198 3949 4267 διεσκόρπισεν
3984 4203 4011 4251 ὁ

2413 4291 2618 4361 Κύριος
2649 4291 2774 4352 τοὺς
2805 4289 3192 4358 ὑπερηφάνους
3218 4289 3502 4358 δαίμονας,
3528 4289 3776 4343 ἐκϐαλὼν
3805 4293 4011 4353 αὐτοὺς

2412 4384 2520 4436 ἀπὸ
2565 4380 2672 4433 τῶν
2707 4381 3065 4450 ἀνθρωπίνων
3108 4381 3297 4450 ψυχῶν
3321 4397 3334 4412 °
3371 4384 3467 4433 καὶ
3512 4381 3606 4444 οὓς
3644 4382 3744 4450 μὲν
3800 4385 3882 4446 είς
3907 4383 4008 4452 τὴν

2413 4477 2648 4531 ἄϐυσσον
2681 4475 2928 4545 πέμψας,
2965 4473 3058 4536 οὓς
3087 4474 3145 4527 δὲ
3201 4473 3282 4535 είς
3312 4472 3438 4536 τοὺς
3480 4474 3716 4545 χοίρους.
3769 4474 4003 4528 Δύναται

728 4555 871 4596 sunt.
927 4543 1093 4598 Porro
1151 4547 1382 4600 detraxit
1437 4549 1599 4601 etiam
1647 4559 1894 4618 potente.
1938 4551 2004 4604 de
2051 4550 2305 4615 sedibus,
2338 4559 2415 4619 ι),

2338 4559 2388 4619 Ῑ)
2412 4570 2467 4623 δὲ
2501 4571 2592 4623 καὶ
2630 4571 2760 4637 περὶ
2787 4568 2894 4620 τῶν
2941 4565 3211 4620 Ἰουδαίων
3250 4565 3531 4636 νοηθῆναι,
3561 4566 3655 4630 οὒς
3689 4569 4007 4638 διεσκόρπι-

729 4636 996 4690 ιιωιιιοιιιξε
1027 4638 1147 4691 dico
1171 4677 1186 4701 ,
1225 4641 1313 4706 qui
1353 4651 1540 4693 contra
1585 4642 1832 4697 homines
1869 4643 2264 4711 prevaluerant
2289 4685 2304 4710 ,

731 4740 783 4781 et
822 4733 972 4782 sedes
1015 4731 1064 4782 in
1123 4731 1378 4786 humanis
1428 4733 1697 4786 habebant
1734 4735 2077 4800 pectoribus,
2113 4735 2164 4789 in
2203 4737 2309 4792 illis

736 4832 1158 4890 requiesteiites.
1196 4822 1332 4876 Sunt
1359 4834 1415 4876 et
1449 4822 1707 4877 Pharisaei
1743 4835 2009 4892 potentes,
2049 4829 2306 4883 nimirum

732 4927 791 4965 ea
847 4930 963 4980 quae
998 4929 1337 4982 pauperum,
1375 4916 1727 4986 diripientes,
1785 4927 1839 4970 et
1889 4917 2175 4974 cathedras
2214 4921 2309 4974 ha-

732 5006 858 5060 bent
900 5019 954 5058 ut
988 5010 1272 5071 doctores,
1311 5023 1338 5061 a
1375 5010 1572 5078 quibus
1604 5010 1833 5079 deposui
1866 5021 2013 5065 sunt.
2053 5012 2120 5065 Et
2159 5013 2310 5068 exal-

733 5109 860 5150 tavit
893 5100 1142 5162 humiles,
1188 5102 1430 5157 homines
1465 5118 1599 5171 quos
1645 5104 1959 5158 humiliarat
1987 5116 2266 5174 peccatum
2289 5145 2306 5171 ,

731 5191 811 5244 vel
848 5202 1053 5260 gentes.
1101 5195 1366 5247 Exaltavit
1395 5206 1572 5250 autent
1613 5197 1880 5265 adoptatis
1915 5197 2018 5253 illis
2051 5198 2101 5252 in
2148 5198 2304 5254 ﬁlios.

733 5279 895 5350 Igitur
937 5286 1076 5338 sicut
1107 5295 1160 5339 et
1208 5290 1515 5342 esurientes
1544 5289 1725 5344 dicere
1765 5289 1888 5345 licet
1922 5294 2136 5347 eosdem
2172 5308 2305 5362 gen-

729 5377 879 5442 tiles,
933 5389 1120 5444 utpote
1154 5397 1256 5434 nun
1296 5383 1557 5437 habentes
1597 5382 1676 5436 vel
1723 5383 2064 5453 Scripturas,
2113 5387 2195 5441 vel
2230 5387 2306 5442 lc-

726 5483 865 5539 gem,
916 5472 997 5525 vel
1033 5475 1306 5538 mandata,
1344 5489 1478 5545 quos
1524 5476 1765 5544 implevit
1799 5479 1952 5533 bonis
1997 5478 2307 5550 Scriptura-

730 5576 846 5615 rum
884 5581 894 5615 :
943 5565 1010 5616 ita
1047 5574 1100 5618 et
1141 5564 1355 5622 Judaaos
1388 5570 1579 5623 divites
1623 5578 1676 5623 et
1707 5569 1760 5622 in
1792 5569 1922 5640 lege,
1972 5587 2034 5626 ac
2069 5574 2119 5625 in
2156 5589 2306 5627 man-

726 5653 887 5719 datis,
915 5671 1048 5724 quos
1078 5661 1240 5714 etiam
1269 5661 1449 5716 emisit
1473 5671 1628 5717 extra
1657 5672 1923 5718 terrenam
1950 5672 2002 5719 et
2025 5665 2303 5722 cwlestetn

798 5835 816 5865 '
855 5835 870 5888 ι
925 5834 1052 5892 Cor.
1092 5854 1154 5904 ll,
1198 5839 1283 5893 15.

2415 4681 2506 4716 σεν
2537 4664 2614 4726 είς
2660 4663 2842 4714 πᾶσαν
2881 4662 3101 4730 χώραν,
3138 4662 3232 4714 καὶ
3272 4659 3370 4712 νῦν
3408 4661 3804 4731 διεσπαρμένοι
3845 4664 3953 4716 εἰσί
3983 4680 3997 4693 ⁸

2412 4754 2631 4807 καθεῖλε
2666 4754 2722 4805 δὲ
2757 4753 2851 4805 καὶ
2878 4753 3145 4814 δυνάστας
3175 4751 3286 4804 ἀπὸ
3317 4751 3552 4823 θρόνων,
3581 4753 3708 4814 τοὺς
3739 4754 4004 4825 δαίμονας

2411 4847 2556 4913 λέγω
2578 4886 2591 4908 ,
2650 4845 2699 4898 οἳ
2731 4845 3196 4899 κατεδυνάστευον
3221 4844 3332 4898 τῶν
3367 4846 3672 4916 ἀνθρώπων
3693 4888 3708 4910 ,
3742 4850 3840 4902 καὶ
3880 4850 4006 4920 θρό-

2415 4955 2540 5000 νους
2573 4935 2720 5007 εἶχον
2760 4938 2860 5000 τὰς
2903 4937 3254 5006 ἀνθρωπίνας
3293 4939 3502 5010 ψυχὰς,
3545 4941 3603 4992 ὲν
3643 4942 3839 5003 αὑταῖς
3871 4945 4006 4995 ἀνα-

2417 5031 2716 5100 παυόμενοι
2743 5046 2754 5058 ·
2789 5030 2922 5083 άλλά
2946 5031 3043 5083 καὶ
3072 5031 3121 5083 oi
3145 5033 3432 5102 Φαρισαῖοι
3490 5033 3793 5097 δυνάσται,ζ
3821 5036 3901 5097 ὡς
3935 5036 4004 5087 τά

2412 5125 2520 5176 τῶν
2550 5124 2782 5190 πτωχῶν
2815 5123 3287 5194 καθαρπάζοντες,
3325 5124 3549 5194 θρόνους
3573 5126 3628 5176 δὲ
3659 5127 3900 5193 ἔχοντες,
3929 5127 4003 5188 ὡς

2417 5215 2764 5278 διδάσκαλοι,
2817 5216 2911 5284 ἀφ’
2949 5210 3024 5269 ὧν
3073 5215 3462 5290 καθῃρέθησαν
3490 5235 3502 5248 ·
3541 5217 3636 5270 καὶ
3668 5217 3858 5288 ῦψωσε
3907 5236 4002 5273 τα⁹

2417 5305 2638 5367 πεινοὺς
2699 5305 2824 5367 τοὺς
2857 5305 3205 5374 ἀνθρώπους,
3237 5306 3330 5370 οὒς
3360 5307 3724 5360 ἐταπείνωσεν
3755 5310 3788 5379 ὴ
3825 5311 4006 5380 ἀμαρ-

2409 5399 2517 5463 τία,
2546 5399 2577 5467 ἢ
2609 5397 2677 5450 τὰ
2703 5397 2833 5467 ἔθνη
2855 5412 2868 5427 ⁸
2903 5398 3086 5468 ὑψωσε
3105 5401 3215 5470 γάρ
3232 5399 3428 5465 ταῦτα,
3460 5400 3733 5454 υἱοθεσίαν
3768 5404 4000 5471 χαρισά-

2413 5506 2570 5557 μενος
2593 5489 2798 5552 αὑτοίς.
2829 5491 3043 5560 Ὠσπερ
3067 5491 3158 5546 οῦν
3183 5493 3276 5547 καὶ
3304 5493 3604 5555 πεινῶντας
3623 5496 3750 5555 τοὺς
3775 5497 3996 5558 αὐτοὺς.

2407 5581 2535 5642 τοὺς
2560 5581 2618 5644 ἐξ
2643 5581 2815 5635 ἐθνῶν
2841 5583 3002 5650 λέγω·
3026 5585 3087 5637 οὐ
3107 5585 3215 5655 γὰρ
3233 5582 3379 5657 εἶχον
3411 5587 3656 5656 Γραφάς,
3687 5589 3722 5657 ἦ
3743 5589 3935 5658 νόμον,
3970 5590 3999 5659 ἢ

2407 5670 2628 5736 ἐντολάς
2650 5685 2664 5700 ⁶
2690 5673 2988 5744 ἐνέπλησεν
3033 5675 3256 5743 ἀγαθῶν
3292 5677 3400 5730 τῶν
3445 5675 3761 5746 Γραφικῶν,
3789 5681 3920 5744 τοὺς
3947 5679 4002 5730 ἑὲ
