4272 6438
747 414 856 479 715

1665 403 2249 467 THEOPHYLA'CTI
2283 404 2688 466 BULGARM‘]
2717 400 3065 463 ABCl-IIEP.

3891 393 3995 458 716

749 526 1011 594 matrique
1065 537 1173 576 sua:
1207 518 1631 575 communicavit
1673 518 1872 573 donum
1912 517 2309 588 prapheticum.
2344 521 2388 572 Α
2418 517 2436 566 ἐ

2307 556 2309 567 .
2344 521 2388 572 Α
2418 515 2642 582 ἐλάλησε
2703 514 2829 582 περὶ
2862 514 2954 565 τοὺ
2990 511 3251 579 ὀνόματος
3275 549 3288 573 ,
3329 509 3411 561 ὅτι
3476 509 3729 579 Ἰωάννης
3767 508 3884 560 ἐστὶ
3934 507 3994 560 τδ

748 619 914 672 Porro
960 612 1245 666 Zacharias
1274 623 1394 664 cum
1428 624 1535 662 non
1583 618 1765 678 posset
1800 618 1930 662 nutu
1972 607 2316 662 manifestare

749 725 966 774 nomen,
1011 709 1141 774 petit
1176 705 1420 760 tabellas.
1455 702 1519 758 Et
1561 703 1685 771 quia
1717 701 2042 770 astipulatus
2073 709 2156 754 est
2187 713 2315 753 sen-

745 803 922 859 tentia:
951 802 1132 855 uxoris
1163 801 1216 852 in
1246 797 1460 850 nomine
1487 794 1662 864 pueri,
1686 793 2069 861 obstupescunt
2093 807 2310 846 omnes:

746 911 846 953 non
884 894 1028 946 enim
1077 899 1188 944 erat
1223 889 1273 942 in
1317 886 1635 956 cognatione
1677 899 1864 939 eorum
1895 885 2160 952 quispiam
2200 883 2314 951 ejus

744 983 999 1047 nominis,
1037 992 1094 1036 ut
1117 980 1236 1049 quis
1260 979 1440 1034 dicere
1468 976 1635 1047 possit
1673 975 1815 1045 quod
1848 985 1972 1029 ante
2005 985 2214 1043 tempus
2245 974 2312 1027 de

743 1080 842 1133 huc
883 1076 1041 1129 ambo
1083 1072 1386 1126 tractarint.
1431 1068 1667 1124 Joannes
1701 1066 1852 1135 juxta
1908 1065 2309 1135 interpretatio~

741 1186 859 1223 nem
890 1177 989 1232 est,
1026 1164 1120 1218 Dei
1161 1164 1331 1235 gratia
1362 1180 1374 1216 :
1423 1161 1648 1232 proinde
1672 1167 1734 1214 -et
1768 1166 1922 1228 pater
1948 1157 2089 1212 illius
2128 1157 2306 1212 statim

740 1270 1015 1314 assecutus
1051 1257 1311 1327 gratiam,
1366 1255 1599 1324 primum
1636 1255 1701 1308 de
1736 1251 1976 1315 Christo,
2019 1249 2213 1303 deinde
2245 1249 2310 1303 de

739 1362 904 1415 puero
929 1345 1285 1416 prophetizat.

808 1611 966 1666 Vens.
1007 1611 1196 1665 63.75.
1241 1629 1258 1660 ι
1303 1608 1364 1663 Et
1413 1607 1586 1663 factus
1612 1622 1694 1661 est
1736 1607 1895 1661 timor
1929 1620 2089 1674 super
2119 1617 2308 1661 omnes

733 1705 936 1758 vicinos
963 1718 1178 1766 eorum,
1214 1712 1268 1758 et
1304 1701 1354 1754 in
1402 1709 1511 1754 tota
1547 1708 1802 1752 montana
1851 1699 2070 1768 regione
2111 1695 2310 1752 Judaa‘.

733 1793 1145 1860 divulgabantur
1165 1791 1342 1845 omnia
1373 1790 1534 1845 verba
1563 1791 1696 1852 haec,
1719 1800 1772 1842 et
1795 1798 2090 1858 posuerunt
2112 1802 2300 1843 omnes

728 1883 816 1951 qui
847 1881 1128 1934 audierant
1163 1882 1212 1932 in
1239 1879 1400 1933 corde
1425 1891 1542 1944 suo,
1572 1876 1812 1931 dicentes
1839 1893 1853 1929 :
1882 1875 2138 1942 Quisnam
2168 1888 2301 1942 puer

725 1972 812 2027 hic
841 1972 982 2026 erit?
1034 1971 1095 2024 Et
1140 1985 1329 2024 manus
1365 1968 1573 2022 Domini
1620 1975 1738 2020 erat
1770 1980 1893 2020 cum
1945 1965 2053 2018 illo.
2086 1961 2154 2017 Et
2196 1961 2298 2017 Za-

725 2065 941 2119 charias
973 2071 1124 2132 pater
1153 2061 1268 2129 ejus
1310 2060 1544 2128 repletus
1576 2065 1658 2112 est
1691 2057 1894 2126 Spiritu
1926 2065 2138 2119 sancto,
2173 2068 2298 2124 pro-

723 2156 1069 2224 phelavitque
1121 2154 1308 2209 dicens
1368 2169 1383 2207 :
1448 2152 1774 2206 Benedictus
1831 2149 2089 2205 Dominus
2150 2147 2295 2202 Deus

723 2248 907 2309 Israel,
952 2248 1074 2316 quia
1107 2246 1347 2300 visitavit
1383 2255 1436 2299 et
1467 2244 1588 2298 fecit
1637 2243 2062 2312 redemptionem
2097 2240 2294 2311 populo

723 2354 839 2393 suo.
884 2337 947 2392 Et
991 2338 1246 2391 excitavit
1279 2351 1450 2391 cornu
1491 2334 1679 2388 salutis
1717 2333 1871 2388 nobis
1912 2334 1964 2386 in
1994 2333 2154 2388 domo
2185 2333 2293 2387 Da-

723 2430 810 2482 \id
843 2429 990 2498 pueri
1025 2429 1106 2482 sui
1141 2447 1151 2480 :
1188 2428 1326 2482 sicut
1358 2425 1520 2495 282
1556 2424 1768 2479 locutus
1801 2431 1884 2476 est
1939 2436 2035 2489 per
2065 2435 2127 2477 os
2166 2435 2292 2476 san-

721 2533 930 2578 ctorum
958 2560 970 2584 ,
1007 2520 1097 2589 qui
1142 2536 1168 2572 a
1221 2519 1416 2573 saeculo
1457 2526 1584 2571 sunt
1619 2515 1997 2585 prophetarum
2044 2527 2288 2568 suorum.

720 2614 958 2670 Saluum
1012 2627 1076 2666 ex
1113 2611 1348 2665 inimicis
1382 2610 1602 2674 nostris,
1644 2617 1699 2662 et
1744 2608 1809 2662 de
1853 2621 2014 2659 manu
2051 2605 2288 2660 omnium

719 2706 805 2774 qui
844 2703 1078 2756 oderunt
1132 2717 1250 2755 nos.
1310 2698 1382 2753 Ut
1438 2699 1641 2752 taceret
1693 2696 2122 2752 misericordiam
2167 2709 2290 2748 cum

719 2793 964 2862 patribus
1023 2791 1260 2856 nostris,
1304 2800 1356 2844 et
1402 2803 1608 2844 memor
1642 2795 1786 2842 esset
1844 2785 2149 2842 testamenti
2208 2781 2291 2836 sui

717 2885 912 2940 sancti.
937 2882 1094 2938 Juxta
1115 2881 1491 2952 jusjurandum
1520 2882 1664 2947 quod
1687 2878 1891 2946 juravit
1916 2877 1982 2932 ad
2013 2875 2286 2931 Abraham

715 2989 922 3048 patrem
955 2985 1223 3038 nostrum,
1256 2981 1312 3026 ut
1341 2974 1497 3026 daret
1529 2972 1702 3026 nobis.
1743 2968 1813 3024 Ut
1844 2969 1979 3023 citra
2016 2970 2283 3031 timorem,

715 3075 778 3125 de
807 3084 967 3124 manu
999 3067 1342 3121 inimicorum
1375 3073 1682 3117 nostrorum
1717 3063 1948 3127 liberati,
1987 3063 2287 3115 serviamus

2417 607 2585 676 ὄνομα
2620 604 2783 659 αὑτοῦ
2817 622 2828 634 ·
2878 605 3014 672 τάχα
3043 603 3099 655 δὲ
3131 601 3225 654 καὶ
3251 602 3278 653 6
3320 601 3570 670 Ἰωάννης
3619 600 3779 661 αὐτὸς
3813 599 3993 666 ἐαυτῷ

2417 699 2709 769 περιέθηκε
2743 698 2802 748 τὸ
2826 697 2993 765 ὄνομα
3020 711 3031 724 ·
3069 698 3134 762 τῇ
3169 696 3278 764 γὰρ
3322 693 3488 764 μητρὶ
3526 691 3685 753 αὐτὸς
3719 691 3993 760 μετέδωκε

2416 791 2507 843 τοῦ
2551 787 2890 859 προφητικοῦ
2965 784 3347 855 χαρίσματος(
3374 786 3473 837 Διὰ
3521 783 3788 852 νεύματος
3818 783 3874 834 δὲ
3919 785 3992 849 μὴ

2413 881 2708 949 δυνάμενος
2767 878 2795 928 6
2848 876 3123 946 Ζαχαρίας
3199 874 3438 942 δηλῶσαι
3496 873 3556 926 τὸ
3605 873 3804 940 ὄνομα,
3853 872 3996 922 αἰτεῖ

2414 971 2744 1024 πινακίδιον·
2781 970 2874 1021 καὶ
2899 967 3087 1036 ἐπειδὴ
3126 965 3466 1035 ὼμοφώνησε
3511 967 3576 1034 τῇ
3605 965 3827 1031 γυναικῖ
3863 963 3992 1029 περὶ

2411 1063 2472 1115 τὸ
2495 1062 2664 1131 δνομα
2711 1059 2803 1112 τοῦ
2841 1058 3049 1120 παιδὸς,
3089 1058 3486 1124 ἐκπλήττονται
3518 1055 3719 1116 πάντες
3747 1072 3758 1082 ·
3792 1055 3854 1106 ού
3886 1051 3994 1119 γὰρ

2410 1151 2476 1225 ἦν
2508 1158 2565 1206 ἐν
2600 1157 2664 1224 τῇ
2719 1149 3010 1219 συγγενείᾳ
3057 1149 3260 1205 αὐτῶν.
3309 1148 3396 1199 ἵνα
3419 1164 3501 1209 τις
3535 1146 3634 1215 ἐχῃ
3674 1147 3872 1206 εἰπεῖν,
3910 1145 3992 1195 ὅτι

2411 1247 2517 1313 πρὸ
2542 1243 2733 1314 καιροῦ
2763 1243 2919 1296 τοῦτο
2949 1241 3219 1310 ἐμελέτων
3244 1239 3562 1307 ἀμφότεροι.
3646 1237 3903 1304 Ἰωάννης
3938 1237 3994 1287 δὲ

2410 1336 2775 1406 ἑρμηνεύεται
2820 1333 2955 1386 Θεοῦ
3015 1332 3174 1402 χάρις
3205 1347 3216 1359 '
3281 1331 3359 1382 διὸ
3391 1332 3483 1382 καὶ
3522 1334 3549 1383 ὁ
3599 1330 3784 1398 πατὴρ
3823 1327 3993 1381 αὑτοῦ

2409 1426 2613 1488 εὐθέως
2643 1425 2989 1496 χαριτωθεις,
3022 1422 3353 1494 προφητεύει
3380 1421 3508 1492 περί
3538 1440 3594 1474 τε
3622 1421 3715 1473 τοῦ
3749 1420 3991 1488 Χριστοῦ

2411 1515 2699 1585 πρότερον,
2726 1515 2822 1569 καὶ
2848 1516 2973 1585 περὶ
3003 1514 3098 1567 τοῦ
3132 1513 3323 1578 παιδὸς
3355 1513 3601 1584 ὓστερον.

2488 1625 2504 1656 ι
2550 1605 2660 1658 Καὶ
2693 1606 2908 1673 ἐγένετο
2935 1605 3026 1657 ἐπὶ
3057 1606 3264 1668 πάντας
3303 1604 3464 1672 φόϐος
3491 1605 3616 1665 τοὺς
3648 1603 3992 1673 περιοκςῦν-

2411 1712 2509 1758 τας
2544 1695 2742 1758 αὐτούς
2771 1712 2786 1728 ·
2826 1696 2918 1749 καὶ
2975 1697 3033 1748 ἐν
3082 1696 3179 1766 ὅλῃ
3213 1698 3283 1765 τῇ
3335 1697 3517 1764 ὀρεινῇ
3571 1694 3669 1760 τῆς
3729 1694 3990 1755 Ἰουδαίας

2411 1786 2902 1840 διελαλεῖτο·πάντα
2931 1787 2998 1840 τὰ
3028 1788 3251 1857 ῥήματα
3276 1785 3447 1838 ταῦτα
3468 1802 3482 1816 σ
3513 1786 3606 1836 καὶ
3637 1784 3821 1836 ἔθεντο
3849 1784 3988 1836 πάνυ

2400 1897 2488 1942 τες
2535 1882 2585 1933 οἱ
2635 1879 2969 1944 ἀκούσαντες
3017 1881 3074 1932 ἐν
3103 1881 3168 1949 τῇ
3204 1878 3400 1948 καρδίᾳ
3450 1877 3651 1941 αὐτῶν,
3691 1877 3984 1942 λέγοντες⁶

2399 1973 2465 2026 Τί
2495 1973 2601 2042 ἄρα
2630 1973 2692 2025 τὸ
2717 1972 2922 2026 παιδίον
2947 1972 3105 2025 τοῦτο
3144 1972 3333 2035 Eatur;
3381 1970 3489 2023 Kal.
3525 1970 3644 2039 χεὶρ
3683 1968 3892 2036 Κυρίου
3919 1963 3986 2035 ἦν

2403 2068 2523 2135 μετ’
2554 2066 2740 2118 αὐτοῦ.
2777 2065 2887 2117 Καὶ
2926 2064 3202 2134 Ζαχαρίας
3241 2066 3269 2116 ό
3303 2060 3486 2132 πατὴρ
3531 2061 3698 2116 αὑτοῦ
3732 2061 3983 2129 ἐπλήσθη

2399 2152 2724 2222 Πνεύματος
2751 2155 2933 2221 ἁγίου,
2992 2155 3085 2206 καὶ
3113 2152 3488 2222 προεφήτευσε
3521 2192 3536 2215 ,
3572 2151 3747 2216 λέγων
3776 2167 3788 2180 ο
3815 2151 3984 2204 Εὐλο-

2398 2243 2563 2314 γητὸς
2602 2244 2807 2313 Κύριος
2847 2247 2875 2296 6
2907 2243 3041 2307 Θεὸς
3085 2244 3179 2295 τοῦ
3234 2243 3449 2314 Ἰσραήλ
3471 2285 3486 2309 ,
3522 2244 3604 2296 ὅτι
3639 2243 3986 2309 ἐπεσκέψατο

2398 2335 2492 2390 καὶ
2538 2335 2765 2406 ἐποίησε
2817 2335 3085 2409 λύτρωσιν
3135 2335 3212 2405 τῷ
3241 2335 3357 2405 λαῷ
3400 2335 3600 2390 αὑτοῦ·
3655 2337 3749 2388 καὶ
3792 2336 3984 2405 ήγειρε

2395 2427 2566 2498 κέρας
2598 2427 2874 2498 σωτηρίας
2927 2429 3058 2497 ἡμῖν
3102 2430 3158 2480 ἐν
3193 2427 3272 2496 τῷ
3302 2429 3437 2497 οίκῳ
3469 2427 3634 2480 Δαϐὶδ
3661 2427 3757 2480 τοῦ
3791 2426 3984 2488 παιδὸς

2395 2519 2559 2572 αὑτοῦ
2587 2536 2600 2551 ⁸
2634 2517 2817 2583 καθὼς
2851 2518 3082 2590 ἐλάλησα
3107 2519 3197 2572 διὰ
3233 2520 3501 2589 στόματος
3536 2518 3643 2570 τῶν
3671 2518 3842 2582 ἁγίων
3871 2518 3984 2570 τῶν

2394 2611 2490 2663 ἀπ’
2537 2611 2730 2674 αἰῶνος
2779 2611 3079 2681 προφητῶν
3117 2610 3283 2664 αὑτοῦ
3306 2626 3317 2640 ·
3364 2610 3640 2679 σωτηρίαν
3673 2610 3731 2673 ἐξ
3767 2610 3981 2678 ὲχθρῶν

2395 2703 2573 2772 ήμῶν,
2608 2706 2700 2755 καὶ
2735 2706 2798 2754 ἐκ
2834 2702 3015 2774 χειρὸς
3044 2703 3261 2756 πάντων
3441 2702 3747 2770 μισούντων
3781 2702 3929 2770 ἡμᾶς
3962 2718 3977 2730 ·

2395 2793 2620 2862 ποιῆσαι
2679 2794 2826 2856 ἔλεος
2876 2793 3016 2864 μετὰ
3059 2792 3168 2846 τῶν
3197 2794 3449 2862 πατέρων
3486 2793 3669 2863 ήμῶν,
3706 2794 3800 2844 καὶ
3835 2809 3978 2863 μνηο

2395 2884 2587 2952 σθῆναι
2643 2885 2908 2955 διαθήκης
2965 2884 3128 2952 ἁγίας
3181 2884 3368 2939 αὐτοῦ.
3427 2884 3633 2953 Ὀρκου
3681 2876 3741 2936 οῦ
3792 2882 3980 2952 ὤμοσε

2394 2975 2530 3046 πρὸς
2573 2975 2825 3046 Ἀϐραὰμ
2857 2976 2948 3028 τὸν
2999 2975 3214 3046 πατέρα
3258 2976 3436 3046 ήμῶν,
3490 2974 3585 3028 τοῦ
3617 2975 3800 3028 δοῦναι
3845 2977 3981 3045 ἡμίν

2390 3067 2628 3136 ἀφόϐως,
2656 3068 2720 3120 ἐκ
2757 3068 2934 3137 χειρὸς
2963 3067 3070 3120 τῶν
3100 3067 3312 3138 ἐχθρῶν
3340 3069 3497 3138 ἡμῶν
3529 3069 3848 3139 ῥυσθέντας,
3881 3066 3978 3120 λα-

715 3164 813 3233 ipsi
863 3163 916 3216 in
959 3159 1248 3215 sanctitate
1298 3163 1350 3210 et
1394 3155 1600 3222 justitia
1653 3169 1831 3209 coram
1871 3156 2020 3224 ipso,
2079 3154 2402 3245 cunctisci

2314 3187 2357 3245 ο
2390 3159 2605 3230 τρεύειν
2639 3159 2787 3226 αὑτῷ
2839 3161 2896 3211 ἐν
2943 3160 3182 3230 ὁσιότητι
3234 3161 3329 3214 καὶ
3379 3161 3696 3232 δικαιοσύνῃ
3741 3162 3978 3214 ἐνώπιον

712 3257 902 3308 diebus
933 3254 1059 3306 vita:
1089 3260 1305 3304 nostras.
1355 3266 1371 3299 ι
1419 3246 1614 3302 Factus
1651 3256 1733 3302 est
1779 3249 1940 3301 timor
1970 3260 2131 3314 super
2163 3261 2276 3299 om-

710 3360 807 3401 nes
830 3385 843 3410 ,
879 3357 1100 3414 propter
1134 3339 1451 3394 miraculum
1487 3338 1755 3408 loquentis
1797 3337 2091 3390 Zachariaa
2131 3337 2286 3390 Sient

705 3436 848 3490 enim
880 3434 1031 3503 prius
1057 3447 1179 3485 cum
1205 3429 1586 3491 Oblll‘JlUissel,
1621 3435 1901 3496 stupuerat
1933 3425 2176 3491 ponulus,
2210 3427 2282 3476 ita

707 3527 866 3580 etiam
896 3514 1040 3578 nunc
1073 3537 1192 3577 cum
1227 3521 1464 3574 redditus
1486 3529 1570 3573 est
1604 3520 1648 3572 ei
1679 3533 1874 3571 sermo.
1911 3515 2137 3585 Propter
2178 3517 2280 3569 dno

707 3616 867 3683 igitur
901 3611 1154 3666 miracula
1195 3613 1307 3664 haec
1342 3608 1652 3678 cogitabant
1697 3608 1761 3660 de
1803 3617 1928 3660 nato
1967 3605 2109 3675 quod
2143 3605 2279 3657 mul-

707 3719 789 3762 tos
821 3705 1172 3775 praecelleret.
1213 3702 1373 3756 Facta
1411 3711 1588 3753 autem
1627 3709 1752 3752 sunt
1797 3699 1908 3752 haec
1943 3698 2124 3751 omnia
2169 3697 2274 3749 sin-

703 3799 871 3869 gulari
898 3797 1124 3867 quadam
1157 3795 1578 3863 dispensatione,
1614 3803 1669 3845 ut
1692 3790 1783 3860 qui
1816 3793 1879 3844 de
1913 3790 2128 3843 Christo
2159 3804 2276 3857 pro-

701 3892 1074 3963 phetizaturus
1103 3896 1269 3951 esset,
1305 3887 1406 3939 tide
1439 3885 1631 3954 dignus
1659 3883 1970 3945 haberetur,
2004 3889 2057 3934 et
2091 3895 2277 3935 omnes

700 4002 765 4040 ex
825 3987 938 4053 ipsa
1001 3983 1284 4037 nativitate
1330 3978 1556 4034 Joannis
1609 3977 1867 4030 certiores
1924 3974 2276 4028 redderentur

701 4076 842 4147 quod
869 4074 1046 4128 multis
1073 4073 1242 4142 major
1279 4079 1445 4124 esset.
1471 4067 1743 4122 Benedicit
1768 4075 1947 4118 autem
1985 4062 2276 4116 Zacharias

701 4168 891 4230 Deum,
934 4165 1057 4234 quia
1095 4166 1409 4218 visitaverat
1465 4160 1750 4213 lsraelitas.
1802 4158 1866 4209 Et
1910 4153 2149 4224 profecto
2187 4170 2275 4209 vc-

702 4269 853 4312 nerat
899 4260 964 4310 ad
995 4271 1122 4310 oves
1155 4269 1273 4322 quae
1318 4253 1539 4322 perdita:
1575 4259 1732 4305 crant
1771 4250 1836 4304 de
1868 4250 2027 4304 domo
2071 4247 2231 4302 Israel
2259 4290 2273 4313 ,

697 4351 788 4406 sed
826 4350 1069 4419 plerique
1105 4345 1424 4400 beneﬁcium
1471 4342 1586 4412 ejus
1630 4344 1906 4411 suscipere
1948 4341 2270 4403 noluerunt,

696 4445 834 4497 unde
869 4457 1024 4497 veros
1066 4440 1336 4496 Israelitas
1372 4439 1577 4494 invisit.
1619 4437 1686 4491 Et
1735 4437 1956 4505 quinam
1992 4444 2116 4487 sunt
2156 4431 2271 4485 illi?

2392 3251 2557 3306 αὑτοῦ
2587 3253 2768 3315 πάσας
2785 3250 2880 3314 τὰς
2906 3253 3116 3325 ἡμέρας
3144 3254 3242 3321 τῆς
3272 3253 3417 3321 ζωῆς
3445 3253 3623 3324 ημῶν.
3659 3272 3676 3305 ι
3727 3252 3980 3319 Ἐγένετο

2388 3342 2480 3393 ἐπὶ
2510 3345 2716 3405 πάντας
2765 3343 2950 3410 φόϐος,
2984 3345 3072 3398 διὰ
3097 3344 3158 3396 τὸ
3188 3343 3491 3414 παράδοξον
3523 3345 3623 3413 τῆς
3657 3343 3749 3397 τοῦ
3790 3347 3978 3414 Ζαχα-

2388 3436 2504 3502 ρίου
2536 3435 2902 3502 ἐκολαλήσεως.
2950 3435 3160 3504 Ὥσπερ
3193 3436 3301 3505 γὰρ
3339 3437 3430 3488 ἐπὶ
3461 3438 3526 3506 τῇ
3563 3440 3742 3506 σιωπῇ
3778 3437 3975 3506 ἐξέστη

2382 3523 2410 3572 ὁ
2446 3521 2590 3584 λαὸς,
2629 3522 2774 3575 οὕτω
2822 3523 2916 3575 καὶ
2945 3525 3035 3576 ἐπὶ
3062 3524 3140 3594 τῷ
3185 3525 3417 3594 λαλῆσαι
3456 3526 3618 3578 αὐτόν
3644 3541 3656 3555 ’
3687 3526 3762 3588 ὡς
3791 3527 3859 3579 ἂν
3887 3530 3978 3581 διὰ

2394 3609 2492 3660 τῶν
2529 3610 2620 3662 δύο
2656 3612 2863 3663 τούτων
2897 3612 3193 3682 θαυμάτων
3219 3655 3232 3679 ,
3290 3613 3716 3683 συλλογίσωνται
3770 3617 3977 3681 πάντες

2385 3707 2515 3771 περὶ
2567 3705 2661 3756 τοῦ
2711 3706 3018 3774 τεχθέντος,
3054 3707 3127 3768 ὼς
3181 3706 3320 3776 ὑπὲρ
3364 3708 3489 3769 τοὺς
3541 3707 3769 3771 πολλούς
3829 3711 3973 3767 ἐστι.

2385 3794 2568 3846 Ταῦτα
2588 3794 2652 3846 ’δὲ
2688 3799 2862 3847 πάντα
2890 3797 3124 3862 ἐγίνοντο
3157 3798 3537 3866 οἰκονομικῶς,
3569 3800 3653 3852 ἵνα
3675 3801 3703 3851 ὁ
3727 3801 3856 3868 περὶ
3880 3800 3974 3854 τοῦ

2382 3886 2620 3955 Χριστοῦ
2677 3887 2884 3956 μέλλων
2929 3890 3324 3959 μαρτυρήσειν,
3357 3890 3671 3956 ἀξιόπιστος
3720 3895 3831 3961 εἴη,
3877 3898 3976 3947 καὶ

2380 3979 2583 4040 πάντες
2625 3979 3120 4050 πληροφορηθῶσιν
3169 3981 3226 4047 ἐξ
3258 3982 3427 4050 αὐτῆς
3455 3985 3553 4051 τῆς
3582 3983 3675 4036 τοῦ
3720 3985 3975 4040 Ἰωάννου

2388 4073 2716 4141 γεννήσεως,
2743 4075 2824 4124 ὅτι
2857 4073 2997 4142 ὑπὲρ
3024 4076 3147 4136 τώς
3180 4075 3411 4137 πολλούς
3452 4077 3619 4128 ἐστιν.
3657 4076 3885 4145 Εὑλογεί
3916 4080 3974 4131 δὲ

2363 4164 2406 4222 ’ὁ
2447 4162 2720 4235 Ζαχαρίας
2762 4165 2852 4218 τὸν
2905 4164 3057 4230 Θεὸν,
3091 4165 3166 4230 ὼς
3202 4166 3646 4239 ἐπισκεψάμενον
3679 4171 3803 4232 τοὺς
3870 4171 3976 4225 Ἰσ-

2383 4257 2680 4326 ραηλίταςο
2721 4257 2798 4325 τῷ
2848 4257 2961 4310 ὄντι
3005 4261 3114 4329 γὰρ
3167 4261 3248 4322 είς
3299 4262 3369 4312 τὰ
3409 4262 3656 4330 πρόϐατα
3713 4258 3851 4330 ἦλθε
3905 4265 3974 4317 τὰ

2377 4348 2694 4401 ἀπολωλότα
2748 4350 2898 4401 οῐκου
2959 4350 3204 4420 Ἰσραὴλ,
3257 4352 3370 4404 ἀλλ’
3425 4353 3541 4429 οὐκ.
3602 4353 3878 4424 ἠθέλησαν
3919 4359 3972 4407 οί

2380 4439 2628 4502 πλείονες
2683 4440 2860 4491 αὐτῶν
2911 4441 3166 4505 δέξασθαι
3213 4443 3313 4512 τὴν
3363 4444 3521 4514 χάριν
3549 4459 3560 4471 ⁸
3595 4444 3675 4496 διὸ
3719 4447 3810 4497 καὶ
3842 4448 3972 4510 τοὺς

697 4531 758 4587 Hi
793 4535 881 4600 qui
923 4533 1285 4586 crediderunt.
1334 4529 1604 4584 Excitavit
1632 4538 1811 4580 autem
1853 4540 2023 4580 cornu
2053 4524 2264 4589 salutis,
2295 4532 2347 4590 Ῐ)
2375 4552 2384 4585 ε

2295 4532 2594 4602 Πάληθῶς
2648 4532 2991 4602 Ἰσραηλίτας
3049 4534 3430 4603 ἐπεσκέψατο,
3492 4535 3689 4598 οἵτινές
3736 4539 3882 4589 εἰσιν
3921 4541 3969 4592 oi

694 4630 795 4681 hoc
833 4635 935 4688 est,
980 4625 1230 4677 virtutem
1266 4633 1320 4677 et
1360 4637 1585 4690 regnum
1618 4619 1876 4673 salutare.
1908 4618 2088 4672 Cornu
2121 4616 2262 4670 enim

695 4718 777 4771 vel
811 4717 1109 4786 potentiam
1150 4714 1455 4784 significat,
1507 4721 1733 4767 cornuta
1773 4712 1932 4765 enim
1970 4710 2262 4764 animantia

691 4808 743 4862 in
789 4823 956 4861 cornu
1015 4807 1182 4861 robur
1235 4805 1466 4869 habent,
1517 4804 1600 4858 vel
1651 4819 1873 4874 regnum
1922 4822 1933 4856 :
1995 4817 2060 4855 ex
2097 4815 2261 4854 cornu

688 4901 835 4954 enim
871 4915 1024 4967 reges
1053 4897 1471 4977 iniungebantur.
1498 4898 1683 4965 Itaque
1709 4895 1958 4950 Christus
1989 4903 2043 4948 et
2071 4904 2262 4964 poten-

688 4993 758 5047 tia
785 5000 865 5046 est
905 5000 959 5044 et
1001 5006 1224 5060 regnum
1255 4989 1452 5044 Patris.
1488 4991 1794 5044 Excitatum
1843 4988 2002 5058 igitur
2032 4994 2112 5041 est
2160 5004 2259 5041 n0-

687 5085 767 5137 bis
799 5097 968 5136 cornu
1008 5082 1229 5149 salutis,
1274 5081 1548 5137 Christus.
1603 5079 1904 5135 Videbatur
1937 5081 2077 5133 enim
2129 5080 2258 5134 dor-

689 5177 845 5242 mire,
898 5186 1251 5230 contemnens
1298 5175 1591 5231 multorum
1643 5185 1887 5244 peccata,
1930 5174 2259 5243 longanimi--

688 5279 845 5323 'atem
871 5269 925 5322 in
959 5267 1370 5323 simulacrorum
1403 5269 1595 5322 insano
1627 5266 1773 5320 cultu
1818 5282 1925 5336 pra:
1966 5282 2024 5320 se
2055 5266 2255 5330 ferens,

683 5361 774 5417 sed
812 5363 866 5415 in
917 5361 1225 5416 novissimis
1265 5362 1595 5431 temporibus
1636 5363 1956 5416 incarnatus
1990 5361 2256 5417 excitatus

681 5462 780 5516 est,
816 5462 872 5513 et.
918 5453 1174 5517 contrivit
1205 5467 1392 5506 omnes
1423 5468 1511 5522 qur
1543 5465 1778 5507 nuerunt
1820 5469 1916 5507 nos
1965 5454 2254 5517 dtemones,

681 5562 786 5600 non
832 5545 943 5614 jam
990 5547 1125 5598 ultra
1169 5547 1488 5615 longanimis
1547 5557 1599 5600 et
1654 5549 1944 5599 dormiens.
1994 5546 2160 5600 Porro
2202 5547 2252 5598 in

678 5640 838 5692 domo
885 5637 1054 5692 David
1099 5640 1362 5693 excitatus
1395 5647 1507 5702 est,
1539 5641 1636 5693 hoc
1680 5651 1759 5694 est
1785 5681 1797 5704 ,
1839 5643 1888 5692 in
1929 5640 2247 5694 Bethleem:

676 5728 782 5782 ilhc
818 5731 957 5783 enim
995 5740 1151 5783 natus
1181 5740 1280 5784 est.
1331 5730 1599 5783 Bethleem
1648 5745 1828 5785 autem
1874 5734 2040 5797 patria
2089 5730 2253 5784 l)av.d

677 5831 817 5884 erat,
866 5823 1187 5878 sicutIOt'uti
1239 5825 1456 5877 fuerunt
1504 5824 1792 5893 μονὴ-μυ.
1862 5826 2061 5878 Utntics
2107 5827 2249 5878 enim

2375 4626 2785 4686 πιστεύσαντες.
2815 4625 3040 4690 Ἥγειρε
3071 4625 3126 4678 δέ
3158 4627 3326 4692 κέρας
3361 4629 3658 4697 σωτηρίας,
3692 4631 3968 4693 τουτέστι,

2370 4715 2602 4786 δύναμιν
2645 4717 2738 4768 καὶ
2788 4716 3067 4787 βασιλείαν
3111 4719 3382 4788 σωτήριον
3410 4735 3424 4749 ⁸
3476 4721 3536 4772 τὸ
3583 4720 3687 4791 γὰρ
3725 4721 3901 4791 κέρας
3935 4725 3962 4773 ἲ

2370 4806 2606 4876 δύναμῑν
2657 4809 2947 4878 σημαίνει·
2981 4809 3048 4862 τὰ
3093 4810 3200 4880 γὰρ
3250 4811 3568 4881 κερασφόρα
3611 4811 3726 4876 ζῶα
3763 4815 3822 4865 ἐν
3853 4818 3968 4878 τοῖς

2373 4901 2569 4970 κέρασι
2605 4899 2701 4971 τήν
2751 4901 2980 4968 δύναμιν
3032 4901 3268 4972 ἔχουσιν,
3303 4904 3334 4970 ἢ
3371 4903 3648 4972 βασιλείαν
3677 4922 3688 4934 ·
3736 4905 3817 4973 τῷ
3859 4907 3969 4977 γὰρ

2373 4993 2562 5064 κέρατι
2620 4997 2864 5063 ἐχρίοντο
2912 4996 2960 5046 oi
3005 4994 3268 5062 βασιλεῖς.
3339 4995 3401 5047 Ὀ
3440 4992 3534 5049 οὖν
3580 4997 3821 5067 Χριστὸς
3873 4999 3968 5051 καὶ

2368 5085 2598 5156 δύναμίς
2650 5086 2898 5139 ἐστικαὶ
2956 5086 3201 5156 βασιλεία
3250 5086 3345 5140 τοῦ
3384 5088 3633 5159 Πατρός”
3687 5089 3965 5160 ἐξηγέρίη

2367 5180 2458 5235 οὖν
2493 5185 2625 5252 ήμῖν
2661 5184 2829 5253 κέρας
2885 5183 3158 5250 σωτηρίας
3192 5185 3218 5235 ό
3272 5183 3527 5251 Χριστός.
3587 5183 3791 5235 Ἐδόκει
3846 5183 3958 5253 γὰρ

2372 5275 2674 5329 ὑπνώττετν
2702 5320 2715 5340 ,
2757 5276 3248 5346 παραϐλεπόμενος
3281 5275 3377 5339 τὰς
3417 5276 3613 5337 πολλὰς
3651 5277 3959 5346 ἁμαρτίας,

2367 5369 2463 5421 καὶ
2519 5367 2894 5438 μακροθυμῶν
2940 5369 3034 5420 ἐπὶ
3068 5371 3134 5438 τῇ
3172 5368 3534 5438 εἰδωλομανέα
3561 5383 3574 5397 ·
3609 5367 3728 5420 ἀλλ’
3761 5369 3820 5418 ἐν
3852 5371 3964 5432 τοῖς

2365 5462 2617 5528 ἐσχάτοις
2649 5460 2955 5528 σαρκωθεὶς
2984 5463 3218 5528 καιροῖς,
3246 5459 3518 5529 ἐξηγέρθη
3549 5461 3640 5512 καὶ
3663 5458 3960 5529 συνέτριψι

2365 5555 2571 5614 πάντας
2600 5552 2724 5615 τοὺς
2758 5551 3050 5621 μισοῦντας
3078 5555 3225 5622 ἡμᾶς
3253 5553 3533 5622 δαίμονας.
3576 5553 3791 5620 Μηκέτι
3826 5555 3926 5605 ἀνα

2367 5645 2630 5713 σχόμενος
2681 5642 2884 5695 ὑπνοῦν
2920 5645 3014 5696 καὶ
3068 5646 3478 5714 μακροθυμεῖν
3532 5645 3588 5695 ἐν
3626 5643 3702 5713 τῷ
3732 5646 3868 5712 οἴκῳ
3902 5644 3958 5695 δὲ

2363 5737 2527 5788 Δαϐὶδ
2579 5736 2847 5806 ἐξηγέρθη
2877 5777 2891 5798 ,
2938 5739 3216 5790 τουτέστιν
3269 5737 3325 5788 ὲν
3377 5736 3644 5808 Βηθλεέμ,
3683 5739 3800 5787 ἐ.κεί
3848 5741 3959 5806 γὰρ

2363 5827 2625 5895 ἐγεννήθη
2659 5843 2668 5854 ·
2731 5830 2760 5898 ἡ
2790 5827 2842 5882 δὲ
2875 5828 3144 5899 Βηθλεέμ,
3181 5829 3398 5890 πάντως
3434 5827 3589 5890 πόλις
3636 5825 3727 5879 τοῦ
3766 5825 3955 5882 Δαϐιδ.
