4272 6438
762 387 864 452 723

1672 394 2234 457 THEOPUYLACTI
2279 399 2686 459 BULGARIJS
2727 399 3078 459 ARCHIEP.

3900 394 4006 458 τυ

756 509 952 563 timore
982 521 1190 574 magno.
1229 507 1291 560 Et
1325 508 1458 560 dixit
1494 508 1597 563 illis
1626 511 1886 581 angelus:
1923 514 2003 567 Ne
2045 515 2315 567 linteatis:
2355 521 2394 575 Λ
2431 535 2443 567 :

2355 521 2394 575 Λ
2431 519 2526 570 καὶ
2563 518 2914 588 ἑψοϐήθησαν
2951 517 3114 584 φόϐον
3155 516 3334 585 μέγαν
3369 532 3382 545 ο
3418 515 3512 568 καὶ
3549 511 3702 568 εἶπεν
3756 516 3938 577 αὐτος
3979 519 4005 567 ό

753 620 878 658 ecce
907 606 1045 658 enim
1076 606 1339 658 annuntio
1375 607 1530 662 vobis
1556 610 1806 677 gaudium
1845 610 2012 680 286
2047 625 2317 680 magnum,

754 695 894 761 quod
926 692 1164 745 futurum
1194 703 1275 748 est
1313 697 1406 749 toti
1444 698 1657 766 papulo,
1708 700 1828 766 quia
1857 712 2014 754 natus
2055 710 2137 755 est
2171 703 2322 754 vobis

755 786 912 839 hodie
955 785 1236 850 Servator,
1269 789 1358 856 qui
1393 797 1476 842 est
1511 789 1761 844 Christus
1793 791 2072 856 Dominus,
2103 794 2152 846 in
2188 795 2320 846 civi-

753 886 862 928 tate
911 874 1098 930 David.
1135 877 1200 930 Et
1253 878 1353 931 hoc
1407 880 1558 932 vobis
1599 881 1813 949 signum
1849 900 1861 934 :
1903 883 2193 937 Invenietis
2240 885 2319 936 in-

753 968 952 1021 fantem
1013 968 1193 1022 fasciis
1223 970 1550 1034 involutum,
1581 973 1816 1039 positum
1861 975 1914 1026 in
1965 976 2210 1042 praesepi.
2253 973 2318 1026 Et

749 1060 926 1112 subito
959 1060 1094 1112 facta
1124 1070 1343 1114 estcnm
1376 1063 1569 1131 angelo
1630 1063 1915 1118 multitudo
1956 1065 2168 1118 militiae
2200 1080 2319 1119 co:-

751 1150 900 1203 Icstis
933 1150 1268 1203 laudantium
1311 1152 1502 1216 Deum,
1542 1166 1602 1206 ac
1649 1154 1947 1208 dicentium
1989 1174 2000 1208 :
2037 1155 2217 1209 Gloria
2265 1158 2315 1209 in

751 1240 1032 1294 altissimis
1063 1242 1192 1306 Deo,
1227 1253 1280 1295 et
1328 1243 1378 1295 in
1414 1252 1554 1296 terra
1596 1259 1722 1313 pax,
1759 1245 1809 1298 in
1839 1247 2153 1301 hominibus
2179 1247 2314 1300 bona

754 1334 1024 1387 voluntas.
1067 1352 1085 1383 ι
1117 1334 1364 1386 Pastores
1408 1345 1560 1387 erant
1589 1336 1940 1402 rnsticantes,
1976 1338 2078 1392 hoc
2116 1349 2198 1390 est
2236 1337 2319 1390 vel

753 1425 1007 1477 rusticam
1059 1435 1278 1493 agentes
1318 1426 1505 1489 vitam,
1531 1427 1614 1480 vel
1658 1427 1708 1480 in
1751 1443 1880 1497 agro
1903 1430 2236 1484 stabulantcs
2267 1436 2320 1483 et

754 1527 1072 1569 versantes:
1129 1515 1321 1583 quibus
1371 1527 1591 1586 apparet
1625 1518 1867 1588 angelus,
1921 1529 2142 1588 propter
2183 1521 2312 1575 sim-

751 1608 1041 1668 plicitatem
1073 1616 1127 1661 et
1175 1610 1538 1663 innocentiam
1571 1625 1778 1664 morum
1803 1622 1857 1664 et
1889 1615 2028 1679 quod
2049 1611 2316 1679 justorum

755 1700 913 1751 vitam
966 1700 1161 1753 imitari
1201 1702 1506 1754 vidcantur.
1548 1701 1755 1756 Etenim
1788 1705 1945 1771 prisci
1995 1706 2314 1771 patriarcha:

753 1803 995 1856 pastores
1032 1803 1206 1857 erant,
1253 1802 1308 1846 ut
1355 1791 1520 1848 Jacob
1560 1796 1623 1859 ¹⁶,
1663 1794 1858 1857 Moses,
1912 1796 2098 1849 David.
2136 1796 2319 1862 Neque

2433 610 2680 677 ἄγγελος·
2705 607 3063 678 Μὴξφοὸεἶσθε
3095 625 3108 638 ·
3161 609 3270 660 ldo-2i
3297 606 3405 679 γὰρ
3430 606 3853 674 εὐαγγελίζομαι
3877 607 4006 673 ὑμῖν

2434 701 2607 769 χαρὰν
2636 700 2899 769 μεγάλην,
2929 700 3048 768 ἦτις
3083 699 3235 750 ἔσται
3270 700 3432 749 παντὶ
3472 698 3548 766 τῷ
3583 696 3716 764 λαῷ,
3754 697 3836 747 ὃτι
3890 695 4008 746 ἐτέ-

2435 791 2539 859 χθη
2570 790 2698 860 ὑμῖν
2725 791 2964 860 σήμερον
2996 790 3206 859 Σωτὴρ,
3237 792 3294 851 ὃς
3331 792 3447 840 ἐστι
3484 789 3721 860 Χριστὸς
3771 787 4004 854 Κύριος,

2431 886 2488 933 ἐν
2521 881 2670 933 πόλει
2699 881 2880 933 Δαϐίδ·
2907 879 3174 931 καὶτοῦτο
3201 880 3329 948 ὑμῖν
3349 879 3408 930 τὸ
3438 881 3681 947 σημεῖον⁸
3724 878 4005 946 Εὑρήσετε

2434 970 2634 1038 βρέφος
2680 970 3199 1039 ἐσπαργανωμένον,
3255 968 3506 1036 κείμενον
3548 969 3602 1020 ὲν
3658 970 3721 1035 τῇ
3776 969 3951 1034 φάτνῃ
3990 983 4002 994 ·

2431 1064 2525 1116 καὶ
2575 1062 2832 1133 ἐξαίφνης
2864 1063 3080 1130 ἐγένετο
3112 1062 3208 1112 σὺν
3242 1060 3319 1128 τῷ
3351 1059 3566 1127 ἀγγέλῳ
3601 1059 3802 1126 πλῆθος
3843 1075 4010 1127 στρα-

2432 1158 2554 1216 τιᾶς
2613 1155 2890 1225 οὐρανίου,
2922 1152 3216 1206 αἰνούντων
3269 1153 3360 1202 τὸν
3391 1152 3520 1202 Θεὸν
3554 1152 3648 1202 καὶ
3693 1151 3965 1217 λεγόντων
3995 1167 4009 1179 ·

2433 1249 2567 1312 Δόξα
2611 1250 2666 1302 ἐν
2696 1246 2939 1314 ὑψίστοις
2970 1244 3089 1314 Θεῷ
3122 1258 3139 1274 °
3173 1244 3267 1297 καὶ
3300 1244 3391 1295 ἐπὶ
3437 1244 3538 1310 γῆς
3567 1243 3782 1310 εἰρήνη,
3811 1242 3870 1292 ἐν
3917 1242 4011 1293 ἀν-

2433 1338 2671 1408 θρώποις
2731 1336 2968 1388 εὐδοκία.
3017 1354 3035 1387 ι
3075 1335 3342 1403 Ποιμένες
3388 1329 3526 1402 ἦσαν
3580 1331 4008 1402 ἀγραυλοῦντες,

2432 1430 2726 1491 τουτέστιν,
2773 1426 3065 1497 ἀγροτικον
3111 1424 3407 1485 αὐλοῦντες
3443 1464 3456 1488 ,
3509 1425 3542 1493 ἢ
3591 1424 3650 1474 ἐν
3721 1423 3802 1492 τῷ
3853 1420 4012 1490 ἀγρῷ

2430 1521 2772 1589 αὐλιζόμενοι
2801 1520 2894 1571 καὶ
2926 1518 3206 1584 διάγοντες
3265 1534 3277 1546 ·
3319 1515 3665 1583 ὶπιφαίνεται
3693 1515 3749 1566 δὲ
3793 1513 4011 1573 τούτοις

2431 1614 2458 1664 6
2489 1611 2738 1680 ἅγγελος,
2766 1610 2851 1662 διὰ
2897 1610 2956 1661 τδ
2986 1608 3260 1660 ἄπλαστον
3308 1605 3401 1658 τοῦ
3444 1605 3607 1674 ἤθους
3644 1604 3741 1655 νεὶ
3776 1605 4008 1655 ἄκακον.

2433 1704 2591 1758 Ἐπεὶ
2621 1703 2724 1771 καὶξ
2747 1701 2846 1771 τὴν
2889 1699 2996 1753 τῶν
3030 1699 3257 1752 δικαίων
3290 1697 3567 1750 πολιτείαν
3606 1696 3889 1763 φαίνονται
3923 1711 4012 1761 μι-

2434 1794 2690 1862 μούμενοι
2722 1807 2733 1819 ·
2763 1792 2856 1843 καὶ
2881 1789 2989 1859 γὰρ
3015 1791 3062 1840 οί
3098 1788 3335 1850 παλαιοὶ,
3381 1785 3674 1853 ποιμένες,
3729 1785 3780 1834 ol
3810 1797 4008 1848 πατρι-

754 1889 802 1938 in
842 1884 1140 1939 .lerusalem
1196 1888 1443 1956 apparuit
1497 1886 1787 1944 Pharisaeis
1829 1890 1913 1943 vel
1966 1890 2193 1954 Scribis,
2227 1891 2315 1960 qui
2355 1867 2441 1936 δέ

2355 1867 2395 1924 θ
2426 1885 2610 1953 ἀρχαι,
2645 1879 2860 1938 Ἰακὼϐ,
2880 1877 3107 1946 Μωσῆς,
3133 1876 3313 1929 Δαϐίδ.
3339 1876 3413 1928 Οὐ
3432 1875 3537 1944 γὰρ
3569 1876 3624 1925 ἐν
3654 1871 4010 1941 Ἰερουσαλὴμ.

750 1979 928 2032 mnnis
991 1979 1202 2032 malitiae
1257 1979 1596 2048 receptacula
1645 1988 1818 2034 erant.
1853 1981 1929 2035 Illi
1966 1991 2143 2035 autem
2197 1996 2318 2037 cum

752 2071 1028 2137 simplices
1076 2079 1278 2133 essent,
1310 2071 1508 2125 divinis
1563 2073 1887 2140 spectaculis
1932 2074 2086 2142 potiti
2145 2084 2315 2127 sunt:

756 2172 1090 2215 monstrante
1115 2163 1244 2224 Deo,
1267 2166 1404 2229 quod
1425 2163 1604 2216 statim
1621 2164 1688 2217 al)
1708 2163 1860 2218 initio
1880 2178 1974 2218 eos
1994 2163 2322 2232 agrestiores

755 2269 863 2321 prae
901 2255 1019 2309 aliis
1081 2255 1318 2323 elegerit,
1369 2270 1748 2324 praeconesqne
1795 2255 2004 2310 fecerit.
2064 2255 2322 2309 Abiernnt

759 2347 924 2409 enim,
954 2356 1006 2400 et
1063 2346 1129 2399 de
1188 2348 1437 2400 omnibus
1485 2346 1590 2400 illis
1651 2347 2038 2415 prazdicarunt.
2086 2347 2321 2416 Angelus

755 2453 883 2490 vero
909 2452 1157 2504 magnum
1191 2436 1293 2490 illis
1319 2438 1568 2506 gaudium
1593 2436 2158 2506 evangelizavit,qnod
2196 2437 2320 2498 erit,

755 2526 949 2595 inquit,
983 2528 1128 2579 omni
1154 2526 1370 2594 populo,
1400 2527 1490 2596 qui
1535 2527 1752 2596 proprie
1789 2525 2016 2594 populth
2057 2523 2170 2577 Dei.
2210 2523 2320 2576 Non

755 2618 896 2670 enim
940 2631 1130 2670 omnes
1187 2617 1359 2671 ιιιόωί
1396 2619 1626 2688 populus
1656 2616 1934 2671 Dei.Nam
1977 2626 2032 2670 et
2083 2617 2321 2670 omnium

757 2708 1030 2762 hominum
1056 2707 1254 2776 populo
1282 2709 1586 2762 incarnatio
1629 2709 1721 2762 Dei
1761 2708 1896 2760 facta
1927 2714 2010 2759 est
2045 2705 2318 2774 gaudium.

757 2799 896 2865 Quid
942 2810 1119 2853 autem
1153 2800 1382 2868 hymnus
1423 2799 1734 2868 angelorum
1768 2798 2039 2853 declarat?
2065 2795 2160 2849 Vel
2208 2810 2324 2850 om-

755 2892 882 2943 nino
912 2891 1206 2959 gratiarmn
1236 2892 1508 2944 aetionem
1559 2904 1912 2959 supernorum
1961 2888 2318 2949 exercituum,

755 2985 1100 3052 etgandium,
1127 2999 1189 3037 eo
1226 2985 1368 3051 quod
1404 2983 1601 3037 terreni
1630 2981 1919 3036 beneficia
1951 2989 2099 3034 tanta
2129 2992 2322 3034 conse-

753 3061 1002 3143 quamur.
1033 3071 1212 3127 Gloria
1264 3075 1406 3128 enim
1464 3075 1592 3132 Deo,
1644 3072 1878 3126 dicunt:
1931 3086 2096 3141 super
2123 3080 2322 3125 terram

755 3178 936 3218 autem
955 3180 1057 3233 pax
1093 3181 1235 3219 nunc
1268 3166 1404 3219 facta
1433 3177 1517 3218 est
1549 3185 1561 3229 ;
1591 3174 1644 3220 et
1703 3179 1825 3218 cum
1887 3164 2036 3231 prius
2088 3165 2322 3215 humana

757 3267 944 3309 natura
983 3257 1195 3310 inimica
1238 3256 1402 3309 fuerit
1436 3256 1566 3320 Deo,
1596 3271 1734 3310 nunc
1791 3255 1863 3308 ita
1894 3253 2179 3308 conciliata
2219 3263 2321 3315 est,

756 3358 813 3401 nt
849 3357 902 3401 et
938 3347 1047 3401 Deo
1100 3349 1355 3417 adjuncta
1384 3349 1474 3412 sit,
1516 3359 1568 3402 et
1615 3350 1892 3402 incarnato
1957 3347 2130 3400 unita.
2169 3346 2326 3402 Vides

757 3444 916 3512 igitur
953 3457 1139 3510 pacem
1185 3441 1276 3496 Dei
1322 3457 1442 3495 cum
1508 3440 1758 3493 homine?
1787 3439 1851 3492 Et
1905 3439 2063 3494 aliter
2111 3452 2326 3508 quoque

756 3536 1074 3604 intelligitur
1117 3555 1127 3588 :
1164 3552 1262 3605 pax
1312 3547 1393 3590 est
1453 3537 1564 3606 ipse
1608 3535 1772 3589 Filius
1823 3535 1938 3590 Dei.
1989 3534 2097 3605 Ego
2156 3537 2322 3599 enim,

758 3630 955 3697 inquit,
1009 3627 1143 3682 Pax.
1189 3628 1291 3682 Ista
1344 3629 1508 3698 igitur
1568 3643 1691 3698 pax,
1720 3627 1888 3682 Filius
1934 3628 2049 3690 Dei,
2085 3629 2322 3695 inquam,

757 3736 918 3789 super
954 3731 1154 3773 terram
1207 3721 1343 3774 facta
1377 3732 1479 3774 est.
1523 3720 1587 3772 Et
1634 3722 1684 3774 in
1721 3720 2027 3773 hominibus
2053 3719 2192 3771 bona
2242 3732 2328 3770 vo-

762 3817 941 3867 luntas
970 3814 1010 3843 "
1045 3833 1055 3867 :
1084 3813 1180 3866 hoc
1208 3821 1310 3874 est,
1337 3811 1428 3865 Dei
1461 3812 1693 3880 requies.
1742 3812 2023 3880 Requicvit
2051 3813 2193 3864 enim
2216 3811 2329 3866 sive

761 3905 1086 3959 rcfocillatus
1121 3915 1201 3959 est
1225 3919 1366 3957 nunc
1397 3913 1451 3958 et
1495 3905 1630 3957 bene
1662 3903 1872 3957 habitus
1903 3902 1952 3956 in
1981 3904 2323 3957 hominibus;

761 4013 880 4050 nam
914 3997 1064 4065 prius
1107 3995 1320 4064 quidem
1351 4009 1456 4049 non
1491 3995 1590 4048 sibi
1625 3995 1967 4064 complacuit,
1997 4011 2093 4050 nec
2131 3995 2325 4048 bonum

767 4091 1018 4145 allectum
1053 4090 1236 4144 habuit
1261 4091 1311 4141 in
1337 4089 1665 4143 hominibus.

840 4265 1005 4320 Vens.
1061 4264 1243 4322 15-20.
1275 4282 1301 4316 ·‹
1369 4267 1429 4320 Et
1472 4266 1666 4322 factum
1728 4277 1828 4332 est,
1857 4279 1914 4321 ut
1962 4268 2332 4324 discesserunt

766 4361 832 4412 ab
861 4359 939 4412 eis
967 4358 1139 4426 angeli
1172 4359 1221 4410 in
1248 4358 1463 4422 caelum,
1490 4358 1733 4415 homines
1759 4371 2001 4429 pastores
2036 4360 2333 4428 loqueban-

765 4460 849 4502 tur
884 4449 1024 4502 inter
1065 4463 1184 4503 sese
1214 4465 1224 4499 :
1250 4446 1616 4504 Transeamus
1660 4449 1767 4518 iam
1798 4451 2074 4506 Bethleem
2137 4465 2331 4521 usque,

761 4551 813 4596 et
845 4540 1125 4594 videamus
1159 4541 1259 4594 hoc
1283 4542 1424 4609 quod
1461 4542 1678 4604 accidit,
1712 4545 1851 4610 quod
1901 4542 2156 4598 Dominus
2201 4558 2331 4612 ape-

766 4635 873 4687 ruit
911 4635 1086 4687 nobis.
1141 4635 1203 4685 Et
1232 4643 1489 4687 venerunt
1542 4634 1877 4698 festinantes,
1911 4646 1962 4690 et
2011 4638 2331 4691 invenerunt

767 4726 992 4780 Mariam
1027 4737 1080 4779 et
1109 4725 1326 4796 Ioseph,
1361 4738 1415 4781 et
1443 4726 1702 4781 infantem
1731 4730 1964 4797 positum
1993 4729 2326 4796 impraesepi.

763 4820 894 4874 Cum
931 4819 1191 4874 vidissent
1220 4830 1416 4887 autem,
1453 4822 1864 4892 divulgaverunt
1900 4821 1968 4876 de
2001 4823 2163 4879 verbo
2188 4823 2328 4892 quod

765 4914 969 4967 dictum
995 4923 1113 4966 erat
1149 4913 1280 4981 ipsis
1307 4913 1371 4967 de
1407 4928 1571 4982 puero
1603 4914 1706 4966 hoc
1739 4930 1752 4965 :
1795 4922 1850 4965 et
1887 4927 2076 4968 omnes
2104 4915 2192 4982 qui
2230 4930 2329 4968 au-

762 5008 998 5063 dierunt.
1035 5006 1211 5058 mirati
1259 5012 1383 5059 Sunt
1433 5006 1497 5059 de
1530 5007 1610 5059 his
1645 5021 1761 5075 qua:
1791 5005 1929 5059 dicta
1964 5015 2120 5059 erant
2145 5021 2174 5060 a
2238 5023 2331 5075 pa-

764 5096 1002 5149 storibus
1031 5095 1096 5149 ad
1147 5095 1316 5164 ipsos.
1364 5112 1381 5146 ι
1420 5094 1668 5149 Pastores
1702 5096 1772 5149 illi
1825 5095 1993 5165 figura
2061 5107 2185 5150 sunt
2221 5098 2333 5165 spi-

766 5187 1035 5239 ritualium
1120 5197 1395 5254 pastorum
1452 5195 1502 5237 et
1556 5186 1862 5254 prmsulum.
1939 5184 2165 5252 Oportet
2228 5187 2330 5256 igi-

769 5288 851 5328 tnr
893 5278 1173 5346 episcopos
1199 5277 1472 5331 custodire
1502 5293 1714 5348 gregem
1741 5294 1919 5342 suum,
1950 5290 2003 5332 et
2039 5277 2334 5346 ἀγραυλείν

769 5369 818 5420 in
878 5382 1010 5435 agro
1063 5384 1281 5431 canere,
1345 5371 1443 5422 hoc
1491 5380 1595 5434 εει,
1635 5384 1829 5423 canere
1885 5368 2186 5438 spiritualia
2228 5411 2240 5428 .
2281 5379 2334 5423 et

769 5459 963 5514 docere
1016 5462 1294 5528 populum,
1337 5472 1390 5515 et
1429 5463 1507 5515 sic
1558 5461 1700 5531 digni
1766 5463 1892 5516 fient
1937 5463 2013 5533 (α)
2040 5462 2337 5517 visionibus

843 5641 881 5671 "
916 5640 1239 5698 Geti.x1.\'tt.
1277 5643 1329 5704 5,
1412 5645 1448 5672 ¹⁷
1489 5642 1615 5695 Luc.
1645 5657 1703 5702 It,
1743 5641 1825 5694 Μ.

2430 1976 2673 2044 ἐπεφάνη
2709 1971 3023 2041 Φαρισαίοις
3079 1969 3110 2040 ἦ
3154 1968 3584 2038 Γραμματεῦσιο
3640 1966 3821 2034 πάσης
3895 1963 4006 2032 γὰρ

2430 2067 2693 2143 ποηηρίας
2746 2065 2928 2133 δοχεία
2981 2063 3208 2114 ἐκεῖνοι·
3261 2052 3407 2113 οὗτοι
3460 2059 3515 2112 δὲ
3580 2058 3760 2110 ἄδολοι
3827 2056 4007 2118 ὀντες,

2429 2159 2588 2211 θείων
2633 2158 2921 2226 θεαμάτων
2957 2154 3268 2224 ἠξιώθησαν
3302 2171 3314 2183 ο
3359 2150 3668 2210 δεικνύντος
3709 2148 3804 2200 τοῦ
3845 2145 4009 2213 Θεοῦ,

2428 2256 2509 2306 ("nt
2551 2254 2674 2314 τοὺς
2718 2250 3139 2321 ἀγροικοτέρους
3167 2248 3274 2300 τῶν
3300 2247 3503 2310 ἀλλων,
3539 2246 3698 2306 εὐθὺς
3729 2243 3791 2307 ἐξ
3829 2241 4010 2312 ἀρχῆς

2429 2343 2712 2411 ἐξελέξατο
2735 2348 2830 2395 καὶ
2877 2344 3128 2410 κήρυκας
3163 2340 3422 2406 ἐποίησεν
3451 2355 3464 2368 ·
3513 2336 3846 2397 ἀπελθόντες
3895 2334 4010 2402 γὰρ

2430 2437 2702 2506 ἐκήρυξαν
2733 2435 2859 2502 περὶ
2914 2435 3131 2486 πάντων
3178 2431 3382 2483 τούτων
3417 2446 3432 2462 ο
3460 2429 3852 2498 εὐηγγελίσατο
3893 2427 3948 2479 δὲ
3981 2429 4012 2480 6

2430 2528 2656 2597 ἄγγελος
2689 2526 2862 2596 χαρὰν
2891 2525 3155 2595 μεγάλην,
3181 2523 3302 2591 ἥτις
3337 2520 3508 2584 ἔσται,
3545 2521 3700 2591 φησὶ,
3735 2519 3900 2572 παντὶ
3927 2517 4012 2589 τῷ

2430 2621 2564 2691 λαῷ,
2597 2619 2674 2686 τῷ
2705 2617 2908 2687 κυρίως
2955 2615 3069 2684 λαῷ
3115 2615 3210 2667 τοῦ
3255 2611 3429 2665 Θεοῦ·
3472 2614 3533 2664 οὐ
3576 2613 3777 2673 πάντες
3805 2612 3914 2678 γὰρ
3958 2613 4012 2663 οἱ

2446 2712 2714 2773 Ἰουδαῖοι,
2760 2709 2885 2770 λαὸς
2930 2708 3024 2760 τοῦ
3069 2705 3225 2758 Θεοῦ.
3279 2704 3439 2757 Ἀλλὰ
3474 2703 3569 2756 καὶ
3596 2703 3760 2755 παντὶ⁸
3791 2701 3870 2770 τῷ
3899 2700 4013 2753 τῶν

2433 2803 2735 2874 ἀνθρώπων
2767 2800 2880 2868 λαῷ
2921 2799 3064 2868 χαρὰ
3091 2796 3306 2865 ἐγένετο
3355 2797 3388 2866 ή
3422 2795 3694 2864 σάρκωσις
3722 2795 3816 2846 τοῦ
3845 2793 4010 2845 Θεοῦ.

2433 2898 2496 2952 Τί
2535 2897 2590 2949 δὲ
2615 2895 2764 2964 δηλοῖ
2781 2895 2808 2944 6
2835 2892 3000 2962 ὕμνος
3025 2891 3132 2944 τῶν
3156 2891 3403 2958 ἀγγέλων
3422 2909 3436 2955 ;
3457 2891 3527 2941 Ἢ
3550 2889 3760 2948 πάντως
3787 2887 4016 2954 εὐχαρι.

2435 2987 2587 3041 στίαν
2617 2987 2725 3039 τῶν
2747 2987 2860 3040 ἄνω
2906 2984 3204 3052 ταγμάτων
3233 2982 3328 3035 καὶ
3363 2982 3560 3051 χαρὰν,
3587 2979 3720 3032 διότι
3773 2979 4016 3047 εὐηργε-

2431 3079 2677 3149 τὴθημεν
2700 3079 2750 3130 οἱ
2784 3078 2876 3128 ἐπὶ
2930 3075 3027 3144 τῆς
3063 3075 3184 3144 γῆς.
3219 3072 3356 3137 Δόξα
3387 3073 3497 3144 γὰρ
3533 3071 3609 3140 τῷ
3635 3071 3776 3140 Θεῷ,
3810 3070 4008 3138 φασὶν,

2433 3175 2526 3225 ἐπὶ
2556 3171 2658 3239 γῆς
2682 3171 2790 3238 γὰρ
2829 3169 3023 3236 είρήνη
3061 3167 3155 3219 νῦν
3191 3167 3382 3234 γέγονε
3412 3183 3426 3196 ·
3461 3163 3651 3234 πρώην
3686 3162 3786 3231 μὲν
3813 3161 3924 3229 γὰρ
3983 3161 4016 3230 ἢ

2431 3262 2745 3333 ἀνθρωπίνη
2799 3259 2965 3328 φύσις.
3023 3257 3223 3329 ἔχθραν
3283 3251 3396 3325 εἶχε
3469 3255 3604 3324 πρὸς
3658 3251 3792 3305 Θεόν
3823 3267 3838 3282 ·
3888 3251 4016 3302 νυνὶ

2424 3354 2480 3406 δὲ
2542 3352 2792 3405 τοσοῦτον
2861 3349 3213 3419 κατηλλάγη,
3286 3347 3424 3399 ὥστε
3505 3347 3599 3398 καὶ
3656 3343 4016 3412 tractuum

2424 3446 2501 3514 τῷ
2559 3443 2716 3513 Θεῷ,
2779 3441 2879 3498 καὶ
2945 3440 3127 3511 ήνώθη
3202 3437 3354 3508 αὐτῷ
3424 3435 3780 3507 σαρκωθένττ.
3843 3433 3935 3504 ὀρ
3955 3435 4017 3503 ἐς

2425 3537 2518 3591 οῦν
2576 3536 2800 3607 εἰρήνην
2854 3532 2948 3585 τοῦ
2992 3531 3126 3585 Θεοῦ
3179 3530 3314 3601 πρὸς
3368 3530 3457 3583 τὸν
3504 3529 3834 3599 ἀνθρωπονς
3897 3525 4016 3581 Καὶ

2428 3627 2600 3689 ἄλλως
2633 3627 2689 3678 δὲ
2735 3625 3054 3692 νοηθὴσεται
3094 3640 3108 3655 ο
3143 3624 3348 3692 Εἰρήνη
3399 3623 3547 3673 ἐστὶν
3597 3622 3758 3682 αὐτος
3815 3620 3844 3670 6
3880 3617 4014 3681 Tib;

2427 3719 2521 3773 τοῦ
2553 3718 2726 3772 Θεοῦ·
2755 3717 2897 3781 Ἐγὼ
2953 3716 3080 3784 γὰρ,
3130 3715 3314 3784 φησιν,
3368 3715 3401 3782 ή
3442 3715 3632 3784 είρήνη
3661 3727 3674 3740 °
3723 3711 3862 3780 αῦτη
3914 3704 4016 3764 οὖν

2429 3815 2461 3881 ὴ
2520 3811 2730 3881 εἰρήνη,
2761 3813 2790 3863 ὀ
2845 3810 2968 3873 Υίδς
3025 3807 3116 3860 τοῦ
3157 3806 3316 3871 Θεοῦ,
3371 3806 3463 3859 ἐπὶ
3510 3807 3610 3874 γῆς
3662 3807 3871 3872 γέγονε,
3915 3803 4018 3856 καὶ

2429 3907 2487 3958 ὲν
2519 3908 2630 3966 τοῖς
2673 3903 2979 3973 ἀνθρώποις
3031 3901 3266 3964 εὐδοκία,
3311 3899 3587 3952 τουτέστιν
3633 3899 4018 3958 ὲπανάπαυσις

2428 3997 2521 4049 τοῦ
2556 3995 2725 4058 Θεοῦ,
2763 3993 3112 4063 ὲπανεπαύθη
3161 3991 3270 4062 γὰρ
3310 3993 3338 4043 6
3383 3990 3514 4053 Θεὸς
3556 3989 3650 4042 νῦν
3693 3992 3787 4042 καὶ
3816 3990 4016 4057 εὐηρε-

2433 4087 2604 4156 στήθη
2628 4089 2687 4139 ὲν
2713 4088 2825 4148 τοῖς
2866 4085 3197 4153 ἀνθρώποις,
3223 4083 3280 4146 ὃς
3311 4081 3500 4154 πρώην
3519 4099 3603 4149 γε.
3637 4082 3737 4134 οὐκ
3765 4080 4014 4149 ηὐδόκει,

2433 4176 2556 4230 οὐδὲ
2589 4160 2857 4244 ἠρέσκετο
2885 4178 2942 4227 ὲν
2973 4178 3084 4234 τοῖς
3107 4174 3437 4243 ἀνθρώποις.

2510 4290 2527 4321 ε
2563 4271 2671 4324 Καὶ
2706 4269 2922 4334 ἐγένετο
2955 4267 3028 4330 ὡς
3075 4268 3319 4337 ἀπῆλθον
3362 4262 3660 4320 ἀπἀὐτῶν
3689 4269 3739 4319 οί
3785 4267 4017 4334 ἄγγελοι

2435 4364 2512 4425 είς
2534 4364 2625 4412 τὸν
2648 4359 2894 4428 οὐρανὸν,
2954 4360 3047 4412 καὶ
3071 4363 3118 4412 οί
3151 4361 3430 4430 ἀνθρωττοι
3472 4363 3520 4412 οἱ
3554 4362 3811 4431 ποιμένες
3858 4357 4022 4415 εἶπον

2435 4451 2569 4519 πρὸς
2598 4450 2878 4520 ἀλλήλους.
2915 4451 3220 4520 Διέλθωμεν
3251 4451 3313 4521 δὴ
3351 4451 3455 4513 ἕως
3479 4452 3748 4521 Βηθλεὲμ,
3769 4453 3862 4505 καὶ
3893 4452 4019 4505 ίδωο

2439 4558 2537 4612 μεν
2565 4541 2622 4593 τὸ
2656 4542 2809 4611 ῥῆμα
2843 4541 2999 4594 τοῦτο
3027 4543 3087 4595 τὸ
3108 4542 3394 4610 γεγονὺ;,ὂ
3419 4545 3445 4595 6
3481 4543 3682 4612 Κύριος
3717 4543 4022 4614 ἐγνώρισεν

2435 4635 2566 4706 ἡμῖν
2594 4650 2606 4663 ·
2665 4633 2758 4687 καὶ
2806 4629 2969 4704 ἦλθον
3005 4635 3338 4697 σπεύσαντες
3370 4652 3383 4665 ·
3425 4636 3516 4687 καὶ
3561 4637 3790 4706 ἀνεῦρον
3823 4639 3920 4706 τήν
3955 4654 4017 4690 τε

2437 4726 2674 4796 Μαριὰμ
2704 4727 2801 4779 καὶ
2849 4726 2943 4779 τὸν
2995 4727 3210 4797 Ἰωσὴφ,
3243 4729 3335 4779 καὶ
3393 4727 3453 4779 τὸ
3509 4727 3708 4796 βρέφος
3759 4729 4021 4799 κείμενον

2437 4821 2496 4872 ὲν
2524 4820 2589 4889 τῇ
2618 4818 2794 4889 φάτνῃ
2818 4836 2833 4849 ο
2875 4818 3079 4882 ίδόντες
3109 4820 3186 4882 δὲ,
3212 4819 3574 4890 διεγνώρισαν
3620 4822 3748 4892 περὶ
3775 4819 3872 4874 τοῦ
3919 4824 3992 4892 μή

2441 4926 2612 4978 ματος
2643 4907 2738 4964 τοῦ
2768 4909 3095 4981 λαληθέντος
3125 4912 3312 4974 αὐτοῖς
3347 4915 3476 4981 περὶ
3503 4913 3598 4965 τοῦ
3626 4914 3848 4968 παιδίου
3888 4916 4020 4968 τοῦθ

2439 5019 2531 5056 του
2553 5018 2566 5032 '
2587 5002 2678 5055 καὶ
2707 5005 2906 5066 πάντες
2943 5005 2993 5056 οἱ
3018 5003 3374 5072 ἀκούσαντες,
3413 5006 3736 5076 ἐθαύμασαν
3759 5010 3888 5078 περὶ
3910 5007 4025 5063 τῶν

2437 5094 2774 5165 λαληθέντων
2799 5093 2902 5146 ὐπὸ
2919 5094 3026 5147 τῶν
3058 5094 3335 5164 ποιμένων
3359 5095 3494 5165 πρὸς
3524 5096 3779 5159 αὐτούς.»
3807 5098 3876 5151 Οἱ
3898 5112 4023 5151 ποι·

2441 5189 2598 5258 μένες
2639 5182 2784 5262 οῦτοι
2834 5188 3101 5258 σύμϐολόν
3157 5193 3262 5242 εἰσι
3308 5189 3417 5242 τῶν
3460 5191 3856 5260 πνευματικῶν
3909 5209 4022 5244 ποι·

2441 5280 2636 5349 μένων,
2671 5278 2780 5331 τῶν
2834 5281 3137 5349 ἀρχιερέων
3167 5295 3179 5306 '
3213 5280 3293 5333 δεῖ
3319 5275 3413 5333 οῦν
3451 5279 3576 5342 τοὺς
3608 5281 3892 5350 ἀρχιερεῖς
3923 5298 4021 5348 φυο

2437 5369 2656 5424 λὰσσειν
2683 5371 2780 5442 τὴν
2812 5372 3046 5441 ποίμνην
3063 5372 3243 5425 αὐτῶν
3261 5372 3353 5425 καὶ
3381 5372 3696 5441 ἀγραυλεϊν,
3716 5373 4019 5437 τουτέστιν,

2444 5463 2593 5533 ᾄδειν
2636 5463 2987 5533 πνευματικά
3039 5480 3184 5529 τινα,
3246 5464 3341 5517 καὶ
3382 5463 3656 5518 διδάσκειν
3708 5464 3803 5519 τδν
3845 5464 3978 5519 λαδν
4005 5501 4022 5529 ,

845 5821 920 5889 (α)
976 5822 1118 5876 Edit.
1173 5822 1291 5875 l.ut.
1349 5839 1450 5876 non
1506 5824 1758 5893 exprimit
1814 5824 2053 5880 linteam
2112 5841 2338 5889 vocem,
2378 5823 2532 5888 ἀξιωε

1106 5862 1118 5876 .
1173 5822 1291 5875 l.ut.
1349 5839 1450 5876 non
1506 5824 1758 5893 exprimit
1814 5824 2053 5880 linteam
2112 5841 2338 5889 vocem,
2378 5823 2789 5894 ἀξιωθήσονται.
