4272 6438
758 392 856 456 731

1685 396 2259 462 THEOPlIYLACTI
2305 392 2715 456 BULGARL‘E
2758 389 3116 453 ARCHIEP.

3922 380 4035 442 732

760 511 902 563 aliud
940 513 1188 582 quiddam
1240 525 1525 587 iungantur.
1570 516 1635 571 Et
1669 528 1812 574 tuam
1860 520 2068 586 ipsius,
2100 517 2336 585 Virginis
2367 521 2407 576 A
2439 533 2447 549 ε

2367 521 2407 576 Α
2439 515 2537 584 τῆς
2566 511 2865 581 Παρθένου,
2895 509 2992 579 τὴν
3017 505 3196 576 ψυχὴν
3229 501 3557 557 διελεύσεται
3588 499 3831 570 ῥομφαία
3886 500 4029 566 τάχα

757 603 900 662 ιΙίςο,
937 605 1164 656 animum
1199 606 1545 666 pertransihit
1576 607 1807 676 gladius.
1842 607 2113 662 Fortassis
2149 617 2328 660 autem

755 703 810 745 et
851 695 1083 746 dolorem
1126 709 1282 762 quem
1312 696 1362 747 in
1399 699 1650 763 passione
1684 699 1830 762 tulit,
1870 697 2116 751 fortassis
2153 709 2330 751 autem

756 795 807 835 et
854 784 1165 837 scandalum
1213 786 1340 839 dicit
1390 789 1787 856 rhomphaeam,
1823 805 1929 856 quo
1962 789 2168 843 offensa
2212 789 2329 843 fuit.

763 873 954 925 Videas
989 875 1129 924 enim
1177 876 1497 930 crucifixum
1523 920 1536 941 ,
1571 877 1819 940 fortassis
1861 880 2166 946 cogitabat,
2198 895 2329 948 quo-

761 962 921 1014 modo
946 965 1033 1029 qui
1069 974 1225 1016 natus
1257 975 1339 1020 est
1367 969 1482 1020 sine
1505 970 1741 1035 semine,
1769 971 1859 1038 qui
1889 972 2146 1025 miracula
2175 971 2328 1033 fecit,

756 1054 844 1119 qui
875 1066 1112 1108 mortuos
1136 1057 1434 1118 suscitavit,
1458 1060 1752 1113 cruciﬁxus
1775 1071 1853 1115 est
1873 1104 1886 1126 ,
1908 1072 2204 1131 consputns
2229 1070 2331 1123 est.

758 1156 998 1196 inortuus
1032 1148 1149 1200 est?
1180 1148 1330 1212 Quod
1375 1159 1550 1202 autem
1592 1151 1743 1214 dicit,
1822 1153 1895 1205 Ut
1934 1152 2236 1205 ret'clcnlur
2265 1168 2330 1206 ex

757 1233 941 1289 multis
981 1239 1234 1294 cordibus
1280 1243 1667 1310 cogitationes,
1709 1245 1806 1298 hoc
1844 1244 2144 1311 significat,
2190 1246 2331 1313 quod

756 1323 1162 1381 Rcvclahuntur
1193 1341 1246 1382 et
1280 1331 1769 1387 manifestabuntur
1810 1336 2096 1388 multorum
2129 1337 2332 1404 cogita—

754 1417 947 1479 tiones,
975 1421 1061 1487 qui
1086 1423 1542 1487 scandalizantur,
1573 1435 1625 1478 et
1656 1427 1965 1493 reprehensi
1994 1431 2327 1493 repentinum

755 1511 1023 1564 invenient
1062 1513 1356 1566 remedium
1395 1518 1575 1570 :sicnt
1611 1528 1664 1570 et
1708 1530 1758 1569 tu
1784 1560 1797 1582 ,
1828 1541 1858 1572 υ
1897 1519 2077 1584 Virgo,
2130 1519 2332 1571 revela-

753 1603 926 1664 heris,
975 1613 1026 1656 et
1070 1604 1350 1659 manifesta
1399 1609 1507 1660 eris
1555 1610 1682 1676 quid
1727 1611 1930 1664 sentias
1975 1613 2039 1665 de
2079 1610 2329 1672 Christo,

751 1691 944 1746 deinde
981 1697 1294 1748 continuata
1338 1700 1444 1753 eris
1496 1701 1597 1754 fide
1643 1703 1693 1753 in
1742 1702 1910 1754 illum.
1967 1688 2227 1755 Similiier
2278 1712 2332 1756 ct

753 1784 946 1840 l‘etrus
991 1788 1317 1842 revelabitur
1359 1806 1481 1845 cum
1529 1796 1836 1862 negaverit,
1881 1811 2064 1848 verum
2112 1798 2329 1851 demon-

756 1892 924 1938 strata
955 1890 1035 1935 est
1067 1884 1155 1936 Dei
1183 1887 1441 1951 potentia,
1471 1902 1587 1955 qua:
1616 1904 1709 1957 per
1744 1890 2118 1956 paenitentiam
2155 1893 2329 1960 ipsum

752 1975 1008 2042 suscepit.
1053 1974 1113 2027 Et
1140 1976 1294 2028 aliter
1331 1993 1343 2030 :
1382 1979 1649 2032 Revelataa
1679 1992 1799 2034 sunt
1835 1996 1863 2035 e
1897 1983 2149 2035 cordibus
2185 1984 2331 2052 cogi-

755 2065 1002 2128 tatiuues,
1036 2081 1153 2118 cum
1199 2071 1508 2136 apparuerit
1549 2070 1821 2138 proditor,
1884 2082 1938 2125 et
1979 2075 2329 2143 apparuerint

754 2154 1034 2223 diligentes
1067 2157 1251 2221 illum,
1283 2160 1462 2228 qualis
1505 2163 1608 2215 fuit
1646 2162 1846 2234 Joseph
1877 2165 1965 2233 qui
1998 2165 2227 2220 accessit
2267 2167 2332 2219 ad

755 2244 981 2299 l‘ilatuni
1013 2265 1023 2301 :
1053 2251 1237 2314 quales
1267 2251 1478 2306 fuerunt
1511 2256 1765 2310 mulieres
1789 2271 1907 2326 qua:
1944 2259 2334 2326 permanebant

755 2338 892 2401 apud
922 2351 1155 2393 crucem.

832 2427 992 2482 Vens.
1043 2431 1231 2484 36-40.
1285 2453 1302 2483 ι
1361 2436 1422 2487 Ει
1469 2445 1584 2490 erat
1637 2439 1791 2492 Anna
1846 2440 2183 2507 pr0pbctissa
2224 2443 2329 2497 filia

758 2519 1026 2582 Phanuel,
1057 2525 1122 2577 de.
1149 2526 1287 2578 tribu
1323 2528 1475 2581 Aser.
1507 2527 1627 2583 llxc
1652 2543 1996 2598 processerat
2023 2534 2074 2586 in
2109 2536 2328 2588 multam

753 2623 962 2664 a-tatem
985 2655 998 2676 ,
1035 2623 1086 2666 et
1125 2617 1335 2672 vixerat
1366 2633 1486 2672 cuin
1519 2621 1633 2675 viro
1661 2623 1819 2677 annis
1856 2634 2060 2692 septem
2094 2639 2122 2678 a
2165 2626 2331 2696 virgi-

757 2707 920 2759 nitate
947 2722 1072 2769 sua,
1120 2718 1170 2763 ct
1209 2710 1318 2764 haec
1360 2713 1512 2765 vidua
1553 2729 1816 2769 annorum
1853 2715 2020 2770 ferme
2059 2718 2330 2788 octOginta

753 2807 1007 2864 quatuor,
1039 2817 1158 2867 quae
1199 2818 1304 2856 non
1338 2803 1650 2860 discedebat
1682 2821 1710 2861 e
1744 2808 1974 2877 templo,
2015 2808 2236 2877 jejuniis
2270 2826 2331 2866 ac

755 2894 1226 2961 ile-precationibus
1245 2900 1490 2953 serviens
1515 2911 1672 2956 nocte
1700 2917 1760 2956 ac
1785 2905 1890 2958 die.
1918 2904 1983 2958 Et
2009 2907 2121 2961 lizec
2142 2906 2330 2962 eadem

754 2988 882 3039 hora
925 2990 1356 3057 superveniens,
1392 2993 1628 3048 vicissim
1667 2998 2027 3051 confitebatur
2069 2998 2327 3062 Domino,

753 3089 808 3132 et
853 3079 1168 3148 loquebatur
1199 3084 1263 3137 de
1306 3085 1394 3139 illo
1424 3087 1675 3142 omnibus
1712 3091 1802 3157 qui
1831 3093 2216 3158 exspectabant
2248 3107 2332 3144 rc-

2440 605 2540 674 μὲν
2572 604 2668 656 καὶ
2699 603 2730 671 ἡ
2766 601 2999 668 θλίψιςή
3035 598 3126 650 ἐπὶ
3155 595 3233 666 τῷ
3268 594 3429 649 πάθει
3461 593 3747 661 γενομένη·
3774 592 3918 658 τάχα
3943 589 4026 650 δὲ,

2438 695 2716 765 ῥομφαίαν
2747 693 2896 760 λέγει
2944 692 3036 743 καὶ
3080 690 3171 741 τὸν
3218 685 3618 754 σκανδαλισμόν
3654 685 3712 735 ὃν
3754 682 4030 734 ἐσκανδα-

2435 787 2592 855 λίσθη
2643 787 2825 853 ὁρῶσα
2870 785 2960 836 τὸν
2996 783 3199 851 Κύριον
3237 778 3667 848 σταυρούμενον.
3717 777 3879 836 Ἴσως
3916 775 4029 842 γὰρ

2435 879 2672 940 ὑπενόει,
2698 879 2818 940 Πῶς
2841 879 2868 929 6
2891 876 3101 946 τεχθεὶς
3130 874 3406 941 ἀσπὸρως.
3433 875 3460 925 6
3485 871 3739 938 θαύματα
3765 869 4023 936 ποιήσας.

2435 973 2462 1022 6
2495 970 2722 1038 νεκροὺς
2766 969 3108 1038 ἀναστήσας,
3167 966 3521 1033 ἐσταυρώθη,
3566 963 3660 1015 καὶ
3701 959 4024 1027 ἐνεκρὼθη,

2437 1062 2530 1113 καὶ
2577 1059 2914 1128 suem-5601;;
2962 1060 3034 1111 Τὸ
3052 1059 3131 1120 δὲ,
3171 1058 3359 1119 Ὅπως
3381 1057 3446 1108 ἂν
3470 1054 3934 1122 ἀποκαλυφθῶσιν
3964 1055 4027 1104 ἐκ

2438 1153 2651 1204 πολλῶν
2685 1151 2922 1221 καρδιῶν
2961 1150 3325 1218 διαλογισμοὶ,
3380 1147 3537 1200 τοῦτο
3590 1147 3842 1215 σημαίνει
3885 1187 3898 1207 ,
3944 1147 4026 1196 ὅτι

2435 1243 3115 1312 ἀποκαλυφθήσονταγκαὶ
3157 1237 3635 1310 φανερωθήσονται
3686 1238 3900 1289 πολλῶν
3940 1236 4030 1290 λο-

2434 1336 2626 1404 γισμοὶ
2650 1334 3182 1396 σκανδαλιζομένων,
3213 1331 3308 1382 καὶ
3331 1329 3705 1397 ἐλεγχθέντες,
3729 1327 4026 1394 εὑρήσουσι.

2435 1429 2659 1496 ταχεῖαν
2695 1426 2793 1495 τὴν
2827 1427 2991 1477 ἴασιν·
3040 1419 3151 1475 οἷον
3187 1422 3281 1475 καὶ
3317 1423 3403 1484 σὺ,
3435 1414 3478 1471 ὦ
3516 1418 3781 1487 ΙΙαρθένε,
3813 1418 4028 1468 ἀποκα-

2434 1519 2687 1588 λυφθήσῃ
2742 1517 2836 1569 καὶ
2889 1514 3295 1585 (εανερωθήσῃ,
3360 1513 3413 1564 τί
3479 1512 3696 1580 φρονεῖς
3748 1518 3876 1576 περι
3923 1505 4023 1559 τοῦ

2435 1610 2672 1681 Χριστοῦ
2697 1627 2710 1640 ·
2742 1605 2860 1661 εἶτα
2895 1606 3239 1677 βεϐαιωθήσῃ
3272 1606 3365 1657 ἐπὶ
3403 1607 3468 1674 τῇ
3501 1608 3580 1666 εἰς
3609 1602 3772 1655 αὑτὸν
3815 1601 4023 1652 πίστει·

2435 1702 2634 1772 ὁμοίως
2670 1701 2761 1753 καὶ
2809 1701 3014 1768 Πέτρος
3044 1697 3410 1766 ἀπεκαλύφθη
3455 1696 3859 1766 ἀρνησάμενος,
3905 1690 4024 1743 ἀλλ’

2436 1794 2653 1864 ἐδείχθη
2687 1796 2721 1862 ἡ
2758 1793 2910 1863 ἰσχὺς
2945 1790 3037 1843 τοῦ
3066 1789 3229 1853 Θεοῦ,
3258 1787 3705 1858 προσλαϐομένου
3741 1785 3904 1837 αὐτὴν
3937 1783 4024 1834 διὰ

2436 1885 2535 1952 τῆς
2567 1885 2878 1955 μετανοίας·
2907 1886 3000 1935 καὶ
3024 1882 3201 1944 ἄλλως
3226 1882 3280 1935 δὲ
3306 1878 3778 1948 ἀπεκαλύφθησαν
3807 1879 3869 1928 ἐκ
3897 1877 4024 1928 πολ-

2437 1976 2544 2030 λῶν
2588 1975 2828 2046 καρδιῶν
2867 1973 3227 2042 διαλογισμοὶ,
3281 1973 3540 2041 ιρανέντος
3584 1971 3678 2022 τοῦ
3726 1967 4017 2038 προδότου,

2437 2068 2715 2137 φανέντων
2746 2066 2854 2119 τῶν
2886 2065 3231 2133 ἀγαπώντων
3271 2063 3457 2117 αὐτόν·
3493 2058 3607 2125 οἷος
3640 2057 3709 2132 ἦν
3753 2061 3952 2130 Ἰωσὴφ
3999 2063 4028 2113 6

2437 2158 2604 2211 ἐλθὼν
2637 2159 2770 2227 πρὸς
2790 2158 3023 2211 Πιλᾶτον
3045 2172 3058 2186 ·
3100 2151 3206 2208 οἶαι
3246 2156 3304 2211 αἱ
3332 2158 3591 2221 γυναῖκες
3615 2155 3672 2211 αι
3697 2152 3776 2213 τῶ
3801 2151 4023 2223 σταυρῷ

2437 2251 2871 2324 παραμένουσαι.

2517 2454 2534 2484 ι
2583 2434 2692 2489 καὶ
2738 2428 2805 2502 ἦν
2835 2432 3003 2485 ’Λννα
3039 2429 3332 2502 προφῆτις,
3374 2427 3624 2504 θυγάτηρ
3655 2428 3923 2498 ⁴νανουὴλ.
3956 2429 4024 2484 ἐκ

2437 2526 2607 2594 φυλῆς
2644 2526 2836 2594 Ἀσήρ·
2859 2524 2997 2595 αὕτη
3027 2520 3404 2594 προϐεϐηκυῖα
3420 2522 3478 2578 ὲν
3505 2520 3740 2592 ἡμέραις
3767 2520 4020 2583 πολλαῖς,

2436 2618 2649 2686 ζήσασα
2688 2617 2784 2685 ἐτη
2830 2617 2965 2682 μετά
2998 2615 3188 2686 ἀνδρὸς
3220 2615 3360 2671 ἑπτὰ
3387 2654 3400 2676 ,
3444 2614 3553 2668 ἀπὸ
3588 2613 3689 2678 τῆς
3725 2612 4028 2683 παρθενίας

2437 2710 2623 2777 αὐτῆς.
2655 2708 2766 2761 Καὶ
2791 2707 2929 2796 abin
2955 2705 3100 2777 χήρα
3125 2706 3198 2769 ὡς
3223 2705 4021 2773 ἐτῶνςὸγδοηκοντατεσσάρων,

2437 2801 2469 2870 ἦ
2498 2802 2598 2853 οὐκ
2622 2800 2885 2867 ἀφίστατο
2911 2801 3019 2852 ἀπὸ
3041 2799 3132 2852 τοῦ
3168 2799 3338 2869 ἱεροῦ,
3370 2799 3649 2865 νηστείαις
3682 2800 3774 2850 καὶ
3805 2797 4028 2868 δεήσεσι

2435 2894 2776 2965 λατρεύουσα
2812 2895 2984 2947 νύκτα
3027 2893 3120 2944 καὶ
3155 2892 3392 2961 ἡμέραν.
3431 2891 3542 2944 Καὶ
3595 2890 3734 2960 αὕτη
3783 2890 3922 2959 αὐτῇ
3958 2892 4024 2959 τῇ

2435 2987 2555 3058 ὥρᾳ
2589 2989 2880 3050 ἐπιστᾶσα,
2925 2985 3364 3057 ἀνθωμολογεῖτο
3386 2985 3464 3055 τῷ
3483 2985 3698 3055 Κυρίῳ,
3720 2985 3816 3037 καὶ
3844 2983 4026 3035 ἐλάλει

2436 3080 2563 3149 περὶ
2604 3078 2771 3131 αὑτοῦ
2817 3081 2948 3132 πᾶσι
2992 3080 3105 3140 τοῖς
3140 3077 3602 3146 προσδεχομένοις
3649 3075 3925 3146 λύτρωσιν
3971 3076 4028 3126 ιν

751 3171 1112 3238 ιῑιειιιριιοηεπι
1151 3173 1559 3246 Hierosolymis.
1590 3179 1657 3234 Et
1684 3189 1740 3233 ut
1765 3181 2110 3251 perfecerunt
2144 3185 2324 3238 omnia
2358 3200 2401 3257 ο

2358 3200 2401 3257 c
2445 3173 2823 3243 Ἰερουσαλήμ·
2863 3173 2959 3225 καὶ
3001 3173 3078 3235 ὡς
3107 3172 3365 3224 ἐτέλεσαν
3403 3171 3621 3257 ἅπαντα
3649 3172 3715 3224 τὰ
3761 3171 3904 3225 κατά
3937 3170 4027 3223 τὸν

751 3263 1050 3315 secundum
1092 3265 1262 3333 legem
1297 3268 1536 3336 Domini,
1573 3273 1772 3326 reversi
1808 3282 1934 3327 sunt
1971 3273 2019 3326 in
2055 3273 2327 3329 Galilaeam

754 3358 806 3404 tu
837 3353 1109 3409 civitatem
1137 3373 1288 3412 suam
1319 3357 1610 3416 Nazareth.
1645 3362 1786 3418 Puer
1809 3374 1988 3420 autem
2021 3382 2331 3423 succresce—

757 3448 879 3501 hat.
919 3449 1484 3519 corroborabaturque
1517 3454 1745 3521 spiritu,
1795 3465 1849 3509 et
1887 3458 2212 3525 impleantur
2241 3475 2329 3513 sa-

756 3538 952 3604 pientia
979 3558 989 3592 :
1018 3550 1065 3592 et
1094 3543 1265 3608 gratia
1298 3543 1387 3596 Dei
1416 3552 1530 3598 erat
1554 3560 1714 3614 super
1742 3547 1910 3603 illum.
1947 3567 1963 3598 ι
1992 3548 2332 3619 Evangelista

755 3632 920 3682 Anum
950 3631 1155 3698 profert
1191 3637 1592 3707 genealogiam,
1629 3654 1956 3696 enumerans
1983 3642 2099 3711 ejus
2125 3657 2330 3713 patrem

755 3734 816 3772 ac
846 3724 1075 3788 tribuni,
1105 3735 1156 3777 nt
1183 3728 1419 3784 sciamus
1441 3729 1590 3784 illum
1616 3747 1743 3787 vera
1765 3735 1976 3799 dicere,
2004 3745 2079 3790 tot
2104 3737 2331 3792 testibus

754 3815 1054 3880 accersitis,
1114 3819 1202 3886 qui
1253 3831 1460 3887 patriem
1515 3824 1826 3893 tribumqne
1875 3828 1990 3894 ejus
2041 3839 2330 3882 noverunt.

753 3906 853 3959 ζέει
907 3910 1069 3975 igitur
1098 3912 1334 3966 vicissim
1367 3914 1730 3970 confitebatur
1764 3918 2024 3982 Domino,
2077 3921 2175 3974 hoc
2221 3933 2332 3988 est,

753 4003 958 4066 gratias
990 4005 1215 4071 agebat,
1256 4016 1311 4058 et
1345 4006 1571 4061 docebat
1600 4024 1792 4064 omnes
1831 4012 1896 4066 de
1924 4011 2152 4068 Domino
2193 4016 2334 4082 quod

757 4091 870 4159 ipse
888 4104 1028 4147 esset
1047 4093 1373 4159 Salvator,et
1389 4100 1690 4156 consolatio
1708 4103 1881 4157 nostri
1900 4114 2121 4174 exSpect
2139 4107 2331 4159 mtiuin

760 4186 1206 4253 redemptionem.
1257 4188 1547 4259 Postquam
1606 4203 1784 4248 autem
1834 4194 2177 4263 perfecerunt
2219 4198 2332 4251 haec

759 4278 970 4342 omnia,
1001 4279 1203 4333 reversi
1252 4289 1376 4333 sunt
1408 4283 1456 4335 in
1499 4281 1771 4340 Galilaeam
1801 4285 1853 4338 in
1883 4288 2157 4342 civitatem
2181 4303 2333 4342 suam

757 4367 1043 4423 Nuzut'ellt.
1067 4370 1190 4424 Erat
1210 4372 1428 4441 quidem
1460 4385 1510 4428 et
1539 4375 1813 4431 Bethleem
1861 4379 2333 4447 civitusipsorum.

759 4464 850 4515 sed
885 4472 938 4514 ιιι
965 4465 1134 4532 patria
1165 4483 1176 4516 :
1211 4464 1479 4520 Nazareth
1513 4482 1643 4523 vero
1672 4478 1726 4523 ιιι
1760 4471 2114 4526 habitationis
2159 4472 2332 4527 locus.

2435 3265 2599 3334 νόμον
2635 3264 2883 3335 Κυρίου,
2929 3262 3281 3334 ὑπέστρεψαν
3322 3264 3403 3326 είς
3448 3254 3546 3332 τὴν
3581 3263 3900 3323 Γαλιλαίαν,
3951 3263 4030 3326 είς

2433 3358 2533 3428 τὴν
2560 3357 2716 3412 πόλιν
2744 3357 2924 3410 αὐτῶν
2952 3356 3230 3426 Ναζαρέτ.
3262 3355 3335 3409 Τὸ
3372 3355 3427 3408 δὲ
3463 3356 3677 3408 παιδίον
3701 3355 3903 3425 ηὖξανε
3937 3357 4032 3410 καὶ

2437 3449 2804 3520 ἐκραταιοῦτο
2855 3447 3170 3518 πνεύματι,
3220 3446 3603 3516 πληρούμενον
3654 3446 3882 3515 σοφίας,
3937 3447 4030 3497 καὶ

2437 3539 2598 3608 χάρις
2646 3537 2784 3591 Θεοῦ
2834 3533 2902 3607 ἦν
2954 3537 3040 3589 ἐπ’
3090 3534 3259 3596 αὐτῷ.
3310 3552 3330 3585 ι
3385 3536 3670 3604 Ἐπιμὲνει
3723 3539 3750 3588 6
3797 3537 4033 3603 εὐαγγε-

2437 3631 2622 3700 λιστὴς
2655 3633 2718 3700 τῇ
2750 3629 2997 3697 περὶτῆς
3026 3630 3228 3697 Ἀννης
3252 3629 3555 3698 ἀφηγήσει,
3583 3628 3793 3680 καὶτὸν
3819 3632 4031 3696 πατέρα

2437 3723 2530 3775 καὶ
2557 3726 2654 3791 τὴν
2685 3720 2855 3790 φυλὴν
2885 3720 3224 3786 καταλέγων,
3268 3718 3355 3771 ἵνα
3388 3720 3650 3787 μάθωμεν
3711 3721 3792 3772 ὃτι
3855 3721 4032 3790 ἀληθῆ

2437 3813 2617 3880 λέγει,
2661 3815 2948 3882 μάρτυρας
2979 3812 3184 3864 ὡσανεὶ
3234 3813 3462 3875 πολλοὺς
3512 3814 4030 3883 προσκαλούμενκ,

2440 3906 2563 3966 τοὺς
2597 3905 2806 3967 εἰδότας
2861 3905 3075 3957 καὶτὸν
3123 3905 3336 3973 πατέρα
3370 3904 3465 3957 καὶ
3511 3906 3610 3975 τὴν
3653 3905 3848 3974 φυλήν·
3896 3906 4033 3976 αὕτη

2439 3991 2530 4048 οὖν
2552 3993 2986 4064 ἀνθωμολογεῖτο
3013 3994 3089 4064 τῷ
3115 3995 3327 4065 Κυρίῳ,
3355 3995 3655 4057 τουτέστιν,
3686 3995 4031 4064 ηὑχαρίστει,

2441 4088 2535 4139 καὶ
2567 4084 2815 4139 ἐδίδασκε
2847 4086 3057 4148 πάντας
3087 4088 3212 4157 περὶ
3247 4088 3340 4141 τοῦ
3371 4088 3602 4157 Κυρίου,
3638 4089 3719 4140 ὃτι
3747 4089 3911 4151 αὑτὸς
3949 4091 4030 4156 εἴη

2438 4181 2468 4232 6
2492 4180 2684 4248 Σωτὴρ
2714 4181 2810 4232 καὶ
2842 4181 2874 4249 ή
2901 4178 3250 4251 παράκλησις
3283 4181 3443 4250 ἡμῶν
3466 4180 3573 4232 τῶν
3607 4181 4033 4250 προσδοκώντων

2437 4271 2536 4341 τὴν
2569 4270 2984 4342 ἀπολύτρωσιν·
3033 4270 3169 4336 μετά
3205 4270 3262 4322 δὲ
3297 4272 3356 4323 τὸ
3404 4271 3621 4324 τελέσαι
3667 4272 3847 4324 πάντα
3875 4314 3890 4333 ,
3935 4275 4033 4324 ὖπο

2440 4362 2709 4432 ἔστρεψαν
2749 4363 2826 4424 είς
2867 4361 2964 4429 τὴν
3025 4361 3339 4426 Γαλιλαίαν,
3393 4365 3474 4424 είς
3518 4364 3615 4433 τὴν
3668 4365 3823 4415 πόλιν
3860 4366 4036 4416 αὐτῶν

2439 4456 2713 4526 Ναζαρέτ·
2755 4451 2824 4524 ἦν
2863 4456 2961 4524 μὲν
2997 4455 3102 4524 γὰρ
3133 4456 3226 4508 καὶ
3257 4459 3287 4524 ὴ
3318 4456 3590 4526 Βηθλεὲμ,
3630 4458 3790 4521 πόλις
3823 4460 4031 4514 αὐτῶν.

756 4552 912 4607 Jesns
949 4572 1074 4618 vero
1099 4566 1359 4626 quantum
1394 4560 1459 4614 ad
1487 4575 1686 4631 corpus
1716 4564 1909 4629 crevit,
1943 4567 2190 4634 quamvis
2226 4578 2338 4634 ρος·
2374 4543 2443 4598 D'

2374 4543 2414 4598 Ι)
2440 4547 2556 4600 ἀλλ’
2597 4549 2673 4609 ὠς
2724 4546 2922 4614 πατρίς
2950 4560 2962 4574 °
2996 4548 3029 4613 ή
3057 4545 3112 4600 δὲ
3160 4547 3441 4618 Ναζαρὲτ,
3481 4548 3556 4611 ὡς
3585 4551 4033 4621 κατοικητήριον·

760 4646 948 4697 luisset
987 4660 1049 4697 ex
1083 4655 1237 4698 utero
1270 4647 1457 4703 Matris
1490 4651 1544 4703 in
1578 4661 1784 4706 statura
1816 4653 1917 4706 viri
1953 4653 2178 4721 perfecti
2209 4670 2337 4725 pro-

757 4740 976 4802 cedere;
1007 4738 1178 4791 visum
1203 4750 1380 4795 autem
1408 4740 1594 4797 fuisset
1616 4744 1956 4812 phantasma,
1979 4753 2031 4800 et
2054 4755 2336 4814 prepterea

756 4833 1012 4895 paulatim
1045 4834 1264 4888 crescit.
1295 4831 1428 4889 Cum
1457 4843 1638 4891 autem
1668 4845 1960 4901 cresceret,
1993 4838 2216 4894 emicuit
2243 4838 2337 4893 Dei

756 4924 917 4976 Verbi
953 4926 1240 4992 sapientia.
1271 4923 1386 4980 Non
1415 4929 1557 4981 enim
1591 4930 1804 4997 sapiens
1843 4928 1941 4982 fuit
1965 4929 2299 5000 proﬁciendo
2321 4970 2335 4995 ,

757 5018 896 5068 absit
935 5033 947 5067 :
985 5019 1075 5069 sed
1110 5017 1366 5085 paulatim
1402 5019 1695 5079 declaravit
1733 5021 1948 5076 insitam
1983 5021 2336 5091 sapientiam,

755 5107 981 5172 etjuxta
1022 5111 1264 5174 corporis
1305 5119 1570 5166 staturam
1608 5112 1806 5166 dicitur
1840 5113 2107 5183 proﬁcere
2131 5124 2188 5168 et
2220 5129 2342 5166 cor-

758 5203 997 5254 roborari
1049 5203 1260 5270 spiritu.
1317 5203 1371 5259 Si
1432 5207 1575 5261 enim
1643 5206 1879 5273 quandiu
1935 5208 2114 5262 brevis
2176 5206 2335 5277 291

756 5296 938 5349 fuisse!
967 5278 1552 5358 statura,ostendisset
1575 5311 1792 5352 omnem
1818 5299 2164 5367 sapientiam,
2195 5301 2341 5353 visus

757 5386 947 5440 fuisset
1000 5387 1346 5456 prodigiosus
1395 5405 1408 5443 :
1452 5404 1596 5444 nunc
1647 5399 1829 5448 autem
1871 5389 2022 5458 juxta
2077 5392 2340 5444 rationem

757 5491 997 5540 alnltlt'm,
1034 5481 1275 5548 scipsum
1317 5497 1412 5550 pro
1456 5483 1627 5550 ipsius
1663 5484 1964 5552 capacitate
2012 5485 2341 5547 ostendens,

755 5572 1218 5634 dispensationem
1239 5574 1516 5640 implebat,
1541 5590 1644 5632 non
1662 5591 2000 5644 praesumens
2019 5578 2340 5646 sapientiam

754 5666 909 5732 (quid
962 5666 1110 5720 enim
1166 5668 1454 5735 perfectius
1499 5683 1600 5734 eo,
1640 5669 1728 5738 qui
1765 5667 1832 5724 ab
1879 5668 2034 5723 initio
2070 5668 2165 5724 fuit
2216 5686 2338 5738 per-

755 5754 982 5826 fectus?)
1020 5774 1200 5811 verum
1241 5759 1500 5828 paulatim
1541 5761 1683 5814 illam
1722 5761 1978 5817 denudat.

2440 4637 2640 4710 ηὔξανε
2691 4638 2745 4689 δὲ
2796 4640 2823 4690 6
2866 4635 3077 4705 Ἰησοῦς
3125 4638 3265 4690 κατά
3300 4638 3360 4690 τὸ
3410 4638 3603 4707 σῶμα,
3651 4640 3830 4692 καίτοι
3881 4642 4037 4694 δι-νάο

2445 4747 2606 4800 μενος
2633 4731 2696 4781 ὲκ
2733 4731 2948 4799 μήτρας
2971 4730 3175 4799 αὐτῆς,
3203 4731 3282 4794 εἰς
3310 4732 3511 4803 μέτρον
3534 4731 3748 4802 ἡλικίας
3773 4735 4030 4802 ἀνδρικῆς

2440 4821 2707 4890 ἀναϐῆναι
2730 4863 2742 4883 ,
2782 4820 2896 4872 ἀλλ’
2931 4820 3112 4887 ἔδοξεν
3143 4820 3209 4875 ἂν
3245 4825 3540 4892 φαντασία,
3571 4817 3659 4876 διά
3691 4824 3854 4876 τοῦτο
3893 4826 4034 4877 κατά

2445 4913 2641 4983 μικρὸν
2691 4912 2938 4976 αὐξάνει·
2995 4913 3321 4978 αὺξάνοντος
3365 4915 3457 4979 δὲ,
3503 4915 3818 4985 ἐξεφαίνετο
3862 4919 3895 4986 ἡ
3944 4916 4034 4970 τοῦ

2443 5007 2578 5060 Θεοῦ
2609 5009 2784 5075 Λόγου
2830 5011 3016 5078 σοφία·
3066 5010 3128 5063 οὐ
3170 5009 3278 5082 γὰρ
3325 5013 3466 5064 κατά
3502 5013 3785 5082 προκοπὴν
3829 5015 4037 5081 ἐγίνετο

2447 5102 2633 5169 σορὸς,
2690 5104 2897 5170 ἄπαγε.
2963 5103 3123 5156 Ἀλλά
3176 5105 3318 5159 κατὰ
3372 5106 3568 5176 μικρὸν
3613 5108 3898 5175 ὲκφαίνων
3945 5109 4038 5179 τὴν

2444 5195 2684 5265 ἔμφυτον
2718 5183 2952 5264 σοφίαν,
3006 5196 3319 5261 ἀκολούθως
3373 5201 3438 5268 τῇ
3473 5204 3762 5269 σωματικῇ
3817 5201 4034 5272 ἡλικίᾳ,

2443 5290 2662 5357 λέγεται
2691 5290 3022 5361 προκόπτειν
3055 5290 3151 5342 καὶ
3189 5291 3584 5361 κραταιοῦσθαι
3613 5291 3691 5360 τῷ
3723 5295 4031 5360 πνεύματι·

2444 5387 2492 5437 εἰ
2524 5386 2634 5454 γὰρ
2659 5389 2716 5436 ἐν
2741 5386 2850 5453 ὅσῳ
2875 5380 2941 5454 ἧν
2973 5384 3179 5453 βραχὺς
3208 5383 3308 5454 τὴν
3333 5385 3570 5454 ἠλικίαν,
3600 5384 3831 5455 ἐξέφηνε
3857 5388 4035 5440 πᾶσαν

2449 5477 2662 5544 σοφίαν,
2692 5475 2872 5541 ἔδοξεν
2903 5476 2968 5529 ἂν
2994 5475 3180 5545 τέρας·
3219 5477 3310 5529 νῦν
3348 5477 3403 5530 δὲ
3448 5477 3727 5545 ἀναλόγως
3757 5480 3821 5546 τῇ
3850 5478 4034 5547 ὴλικῖα

2451 5569 2727 5631 ἐνδεικνὶς
2759 5567 2951 5620 ἑαυτὸν
2981 5567 3057 5629 ὼς
3082 5567 3364 5637 ἐνεχώρει,
3395 5569 3492 5636 τὴν
3525 5571 3842 5638 οἶκονομίαν
3873 5568 4034 5638 ἐπλή-

2449 5679 2576 5732 ρου,
2629 5661 2690 5712 οὐ
2747 5660 3150 5730 προλαμϐάνων
3205 5662 3399 5730 σοφίαν
3456 5661 3540 5731 (τί
3591 5662 3702 5733 γὰρ
3781 5661 3878 5715 τοῦ
3946 5662 4035 5714 ἀπ’

2447 5754 2625 5823 ἀρχῆς
2678 5755 2884 5807 τελείου
2934 5754 3128 5821 γένοιτ’
3183 5754 3247 5806 ἂν
3298 5755 3703 5825 τελειότερον;)
3751 5755 3891 5809 ἀλλά
3941 5756 4033 5827 τὴν

2453 5846 2624 5900 οὖσαν
2652 5848 2790 5900 κατᾶ
2819 5849 2993 5918 βραχὺ
3029 5850 3429 5920 παραγυμνῶν,
