  <div class='ocr_page' id='page_1' title='image "/cluster/home/n/w/nwhite01/storage/ocr_20150623/123/nnc1.0046979670/386.png"; bbox 0 0 4272 6438; ppageno 0'>
   <div class='ocr_carea' id='block_1_1' title="bbox 238 384 347 451">
    <p class='ocr_par' dir='ltr' id='par_1_1' title="bbox 238 384 347 451">
     <span class='ocr_line' id='line_1_1' title="bbox 238 384 347 451; baseline 0.037 -5"><span class='ocrx_word' id='word_1_1' title='bbox 238 384 347 451; x_wconf 81' lang='lat'>733</span> 
     </span>
    </p>
   </div>
   <div class='ocr_carea' id='block_1_2' title="bbox 323 493 1920 569">
    <p class='ocr_par' dir='ltr' id='par_1_2' title="bbox 323 493 1920 569">
     <span class='ocr_line' id='line_1_2' title="bbox 323 493 1920 569; baseline -0.001 -21"><span class='ocrx_word' id='word_1_2' title='bbox 323 518 341 548; x_wconf 75' lang='grc' dir='ltr'>ι</span> <span class='ocrx_word' id='word_1_3' title='bbox 383 500 488 551; x_wconf 76' lang='lat' dir='ltr'>Ka‘.</span> <span class='ocrx_word' id='word_1_4' title='bbox 526 498 854 569; x_wconf 73' lang='grc' dir='ltr'>ἐπορεύοντο</span> <span class='ocrx_word' id='word_1_5' title='bbox 887 497 937 550; x_wconf 77' lang='grc' dir='ltr'>οἱ</span> <span class='ocrx_word' id='word_1_6' title='bbox 972 497 1152 565; x_wconf 89' lang='grc' dir='ltr'><strong>γονεῖς</strong></span> <span class='ocrx_word' id='word_1_7' title='bbox 1208 494 1376 549; x_wconf 83' lang='grc' dir='ltr'><strong>αὑτοῦ</strong></span> <span class='ocrx_word' id='word_1_8' title='bbox 1436 493 1555 549; x_wconf 75' lang='grc' dir='ltr'><strong>κατ’</strong></span> <span class='ocrx_word' id='word_1_9' title='bbox 1614 493 1733 558; x_wconf 81' lang='grc' dir='ltr'><strong>ἔτος</strong></span> <span class='ocrx_word' id='word_1_10' title='bbox 1762 496 1843 558; x_wconf 80' lang='grc' dir='ltr'>είς</span> <span class='ocrx_word' id='word_1_11' title='bbox 1874 498 1920 555; x_wconf 77' lang='grc' dir='ltr'><strong>Α</strong></span> 
     </span>
    </p>
   </div>
   <div class='ocr_carea' id='block_1_3' title="bbox 248 586 1843 661">
    <p class='ocr_par' dir='ltr' id='par_1_3' title="bbox 248 586 1843 661">
     <span class='ocr_line' id='line_1_3' title="bbox 248 586 1843 661; baseline -0.003 -17"><span class='ocrx_word' id='word_1_12' title='bbox 248 591 615 661; x_wconf 79' lang='grc' dir='ltr'><strong>Ἰερουσαλὴμ</strong></span> <span class='ocrx_word' id='word_1_13' title='bbox 652 593 718 660; x_wconf 79' lang='grc' dir='ltr'><strong>τῇ</strong></span> <span class='ocrx_word' id='word_1_14' title='bbox 751 590 915 659; x_wconf 77' lang='grc' dir='ltr'><strong>ἑορτῇ</strong></span> <span class='ocrx_word' id='word_1_15' title='bbox 946 587 1043 642; x_wconf 78' lang='grc' dir='ltr'><strong>τοῦ</strong></span> <span class='ocrx_word' id='word_1_16' title='bbox 1094 589 1325 657; x_wconf 85' lang='grc' dir='ltr'><strong>Πάσχα·</strong></span> <span class='ocrx_word' id='word_1_17' title='bbox 1362 586 1458 641; x_wconf 69' lang='grc' dir='ltr'>καὶ</span> <span class='ocrx_word' id='word_1_18' title='bbox 1496 587 1586 639; x_wconf 85' lang='grc' dir='ltr'><strong>ὅτε</strong></span> <span class='ocrx_word' id='word_1_19' title='bbox 1620 586 1843 655; x_wconf 77' lang='grc' dir='ltr'><strong>ἐγένετο</strong></span> 
     </span>
    </p>
   </div>
   <div class='ocr_carea' id='block_1_4' title="bbox 240 679 1844 749">
    <p class='ocr_par' dir='ltr' id='par_1_4' title="bbox 240 679 1844 749">
     <span class='ocr_line' id='line_1_4' title="bbox 240 679 1844 749; baseline -0.003 -13"><span class='ocrx_word' id='word_1_20' title='bbox 240 683 384 736; x_wconf 73' lang='grc' dir='ltr'><strong>ἑτῶν</strong></span> <span class='ocrx_word' id='word_1_21' title='bbox 435 685 664 745; x_wconf 83' lang='grc' dir='ltr'><strong>δώδεκα,</strong></span> <span class='ocrx_word' id='word_1_22' title='bbox 731 682 1056 736; x_wconf 75' lang='grc' dir='ltr'><strong>ἀναϐάντων</strong></span> <span class='ocrx_word' id='word_1_23' title='bbox 1108 680 1295 734; x_wconf 84' lang='grc' dir='ltr'><strong>αὑτῶν</strong></span> <span class='ocrx_word' id='word_1_24' title='bbox 1348 682 1431 743; x_wconf 84' lang='grc' dir='ltr'>εἰς</span> <span class='ocrx_word' id='word_1_25' title='bbox 1492 679 1844 749; x_wconf 84' lang='grc' dir='ltr'><strong>Ἰεροσόλυμα</strong></span> 
     </span>
    </p>
   </div>
   <div class='ocr_carea' id='block_1_5' title="bbox 240 767 1841 839">
    <p class='ocr_par' dir='ltr' id='par_1_5' title="bbox 240 767 1841 839">
     <span class='ocr_line' id='line_1_5' title="bbox 240 767 1841 839; baseline -0.002 -15"><span class='ocrx_word' id='word_1_26' title='bbox 240 771 384 824; x_wconf 81' lang='grc' dir='ltr'><strong>κατά</strong></span> <span class='ocrx_word' id='word_1_27' title='bbox 429 772 490 824; x_wconf 72' lang='grc' dir='ltr'><strong>τὸ</strong></span> <span class='ocrx_word' id='word_1_28' title='bbox 559 771 681 835; x_wconf 78' lang='grc' dir='ltr'><strong>ἐοος</strong></span> <span class='ocrx_word' id='word_1_29' title='bbox 718 771 817 839; x_wconf 80' lang='grc' dir='ltr'><strong>τῆς</strong></span> <span class='ocrx_word' id='word_1_30' title='bbox 868 769 1088 839; x_wconf 80' lang='grc' dir='ltr'><strong>ἑορτῆς,</strong></span> <span class='ocrx_word' id='word_1_31' title='bbox 1142 770 1239 822; x_wconf 70' lang='grc' dir='ltr'>καὶ</span> <span class='ocrx_word' id='word_1_32' title='bbox 1290 769 1707 822; x_wconf 81' lang='grc' dir='ltr'>τελειωσάντων</span> <span class='ocrx_word' id='word_1_33' title='bbox 1742 767 1841 830; x_wconf 75' lang='grc' dir='ltr'>τὰς</span> 
     </span>
    </p>
   </div>
   <div class='ocr_carea' id='block_1_6' title="bbox 240 859 1844 933">
    <p class='ocr_par' dir='ltr' id='par_1_6' title="bbox 240 859 1844 933">
     <span class='ocr_line' id='line_1_6' title="bbox 240 859 1844 933; baseline -0.004 -16"><span class='ocrx_word' id='word_1_34' title='bbox 240 863 479 933; x_wconf 79' lang='grc' dir='ltr'><strong>ἡμέρας,</strong></span> <span class='ocrx_word' id='word_1_35' title='bbox 534 864 593 916; x_wconf 81' lang='grc' dir='ltr'><strong>ὲν</strong></span> <span class='ocrx_word' id='word_1_36' title='bbox 672 862 751 933; x_wconf 80' lang='grc' dir='ltr'><strong>τῷ</strong></span> <span class='ocrx_word' id='word_1_37' title='bbox 827 863 1194 933; x_wconf 78' lang='grc' dir='ltr'>ὑποστρέφειν</span> <span class='ocrx_word' id='word_1_38' title='bbox 1254 861 1476 924; x_wconf 85' lang='grc' dir='ltr'><strong>αὑτοὺς,</strong></span> <span class='ocrx_word' id='word_1_39' title='bbox 1546 859 1844 929; x_wconf 80' lang='grc' dir='ltr'><strong>ἀπέμεινεν</strong></span> 
     </span>
    </p>
   </div>
   <div class='ocr_carea' id='block_1_7' title="bbox 254 954 1844 1026">
    <p class='ocr_par' dir='ltr' id='par_1_7' title="bbox 254 954 1844 1026">
     <span class='ocr_line' id='line_1_7' title="bbox 254 954 1844 1026; baseline 0 -18"><span class='ocrx_word' id='word_1_40' title='bbox 254 956 467 1026; x_wconf 81' lang='grc' dir='ltr'><strong>Ἰησοῦς</strong></span> <span class='ocrx_word' id='word_1_41' title='bbox 494 960 522 1008; x_wconf 76' lang='grc' dir='ltr'>ὁ</span> <span class='ocrx_word' id='word_1_42' title='bbox 555 958 688 1019; x_wconf 87' lang='grc' dir='ltr'><strong>παῖς</strong></span> <span class='ocrx_word' id='word_1_43' title='bbox 718 958 779 1009; x_wconf 84' lang='grc' dir='ltr'>ἐν</span> <span class='ocrx_word' id='word_1_44' title='bbox 816 956 1199 1025; x_wconf 83' lang='grc' dir='ltr'><strong>Ἰερουσαλὴμ,</strong></span> <span class='ocrx_word' id='word_1_45' title='bbox 1256 955 1352 1008; x_wconf 81' lang='grc' dir='ltr'>καὶ</span> <span class='ocrx_word' id='word_1_46' title='bbox 1383 958 1485 1009; x_wconf 86' lang='grc' dir='ltr'><strong>οὑκ</strong></span> <span class='ocrx_word' id='word_1_47' title='bbox 1543 955 1686 1023; x_wconf 77' lang='grc' dir='ltr'><strong>ἔγνω</strong></span> <span class='ocrx_word' id='word_1_48' title='bbox 1730 954 1844 1009; x_wconf 83' lang='grc' dir='ltr'>Ἰω-</span> 
     </span>
    </p>
   </div>
   <div class='ocr_carea' id='block_1_8' title="bbox 242 1045 1841 1118">
    <p class='ocr_par' dir='ltr' id='par_1_8' title="bbox 242 1045 1841 1118">
     <span class='ocr_line' id='line_1_8' title="bbox 242 1045 1841 1118; baseline 0.001 -20"><span class='ocrx_word' id='word_1_49' title='bbox 242 1046 352 1115; x_wconf 69' lang='grc' dir='ltr'><strong>σὴφ</strong></span> <span class='ocrx_word' id='word_1_50' title='bbox 384 1047 555 1117; x_wconf 69' lang='grc' dir='ltr'><strong>καὶιιή</strong></span> <span class='ocrx_word' id='word_1_51' title='bbox 585 1049 769 1118; x_wconf 82' lang='grc' dir='ltr'><strong>μήτηρ</strong></span> <span class='ocrx_word' id='word_1_52' title='bbox 800 1047 968 1100; x_wconf 77' lang='grc' dir='ltr'><strong>αὑτοῦ</strong></span> <span class='ocrx_word' id='word_1_53' title='bbox 992 1062 1004 1074; x_wconf 75' lang='grc'><strong><em>⁸</em></strong></span> <span class='ocrx_word' id='word_1_54' title='bbox 1038 1047 1369 1115; x_wconf 88' lang='grc' dir='ltr'><strong>νομίσαντες</strong></span> <span class='ocrx_word' id='word_1_55' title='bbox 1401 1047 1459 1100; x_wconf 84' lang='grc' dir='ltr'>δὲ</span> <span class='ocrx_word' id='word_1_56' title='bbox 1484 1045 1648 1100; x_wconf 80' lang='grc' dir='ltr'><strong>αὑτὸν</strong></span> <span class='ocrx_word' id='word_1_57' title='bbox 1682 1048 1742 1099; x_wconf 85' lang='grc' dir='ltr'><strong>ὲν</strong></span> <span class='ocrx_word' id='word_1_58' title='bbox 1773 1047 1841 1116; x_wconf 84' lang='grc' dir='ltr'><strong>τῇ</strong></span> 
     </span>
    </p>
   </div>
   <div class='ocr_carea' id='block_1_9' title="bbox 242 1137 1845 1213">
    <p class='ocr_par' dir='ltr' id='par_1_9' title="bbox 242 1137 1845 1213">
     <span class='ocr_line' id='line_1_9' title="bbox 242 1137 1845 1213; baseline -0.004 -17"><span class='ocrx_word' id='word_1_59' title='bbox 242 1142 465 1213; x_wconf 77' lang='grc' dir='ltr'>συνοδίᾳ</span> <span class='ocrx_word' id='word_1_60' title='bbox 524 1138 690 1206; x_wconf 79' lang='grc' dir='ltr'><strong>εἶναι,</strong></span> <span class='ocrx_word' id='word_1_61' title='bbox 750 1137 916 1209; x_wconf 76' lang='grc' dir='ltr'><strong>ἦλθον</strong></span> <span class='ocrx_word' id='word_1_62' title='bbox 970 1140 1191 1209; x_wconf 78' lang='grc' dir='ltr'><strong>ἡμέρας</strong></span> <span class='ocrx_word' id='word_1_63' title='bbox 1226 1140 1344 1192; x_wconf 76' lang='grc' dir='ltr'><strong>ὁδόν</strong></span> <span class='ocrx_word' id='word_1_64' title='bbox 1367 1155 1380 1169; x_wconf 74' lang='grc' dir='ltr'><strong>ο</strong></span> <span class='ocrx_word' id='word_1_65' title='bbox 1418 1140 1515 1192; x_wconf 80' lang='grc' dir='ltr'>καὶ</span> <span class='ocrx_word' id='word_1_66' title='bbox 1546 1140 1845 1210; x_wconf 79' lang='grc' dir='ltr'><strong>ἀνεζήτουν</strong></span> 
     </span>
    </p>
   </div>
   <div class='ocr_carea' id='block_1_10' title="bbox 238 1231 1845 1301">
    <p class='ocr_par' dir='ltr' id='par_1_10' title="bbox 238 1231 1845 1301">
     <span class='ocr_line' id='line_1_10' title="bbox 238 1231 1845 1301; baseline -0.003 -14"><span class='ocrx_word' id='word_1_67' title='bbox 238 1234 407 1287; x_wconf 74' lang='grc' dir='ltr'><strong>αὑτὸν</strong></span> <span class='ocrx_word' id='word_1_68' title='bbox 450 1236 509 1286; x_wconf 78' lang='grc' dir='ltr'><strong>ὲν</strong></span> <span class='ocrx_word' id='word_1_69' title='bbox 558 1236 671 1296; x_wconf 86' lang='grc' dir='ltr'><strong>τοῖς</strong></span> <span class='ocrx_word' id='word_1_70' title='bbox 706 1233 995 1301; x_wconf 79' lang='grc' dir='ltr'>συγγενέσι</span> <span class='ocrx_word' id='word_1_71' title='bbox 1039 1232 1133 1284; x_wconf 74' lang='grc' dir='ltr'>καὶ</span> <span class='ocrx_word' id='word_1_72' title='bbox 1184 1234 1242 1284; x_wconf 80' lang='grc' dir='ltr'><strong>ἐν</strong></span> <span class='ocrx_word' id='word_1_73' title='bbox 1274 1233 1384 1285; x_wconf 73' lang='grc' dir='ltr'><strong>τοῖς</strong></span> <span class='ocrx_word' id='word_1_74' title='bbox 1416 1233 1707 1297; x_wconf 74' lang='grc' dir='ltr'><strong>γνωστοῖςε</strong></span> <span class='ocrx_word' id='word_1_75' title='bbox 1750 1231 1845 1284; x_wconf 77' lang='grc' dir='ltr'>καὶ</span> 
     </span>
    </p>
   </div>
   <div class='ocr_carea' id='block_1_11' title="bbox 232 1320 1845 1400">
    <p class='ocr_par' dir='ltr' id='par_1_11' title="bbox 232 1320 1845 1400">
     <span class='ocr_line' id='line_1_11' title="bbox 232 1320 1845 1400; baseline -0.005 -21"><span class='ocrx_word' id='word_1_76' title='bbox 232 1329 320 1400; x_wconf 75' lang='grc' dir='ltr'>μή</span> <span class='ocrx_word' id='word_1_77' title='bbox 352 1326 605 1397; x_wconf 73' lang='grc' dir='ltr'><strong>εὑρόντες</strong></span> <span class='ocrx_word' id='word_1_78' title='bbox 632 1324 815 1383; x_wconf 71' lang='grc' dir='ltr'><strong>αὑτὸν,</strong></span> <span class='ocrx_word' id='word_1_79' title='bbox 846 1323 1193 1393; x_wconf 74' lang='grc' dir='ltr'><strong>ὑπέστρεψαν</strong></span> <span class='ocrx_word' id='word_1_80' title='bbox 1241 1325 1326 1385; x_wconf 87' lang='grc' dir='ltr'>εἰς</span> <span class='ocrx_word' id='word_1_81' title='bbox 1366 1321 1725 1392; x_wconf 79' lang='grc' dir='ltr'><strong>Ἰερουσαλὴμ</strong></span> <span class='ocrx_word' id='word_1_82' title='bbox 1746 1320 1845 1390; x_wconf 85' lang='grc' dir='ltr'><strong>ζη-</strong></span> 
     </span>
    </p>
   </div>
   <div class='ocr_carea' id='block_1_12' title="bbox 236 1407 1843 1483">
    <p class='ocr_par' dir='ltr' id='par_1_12' title="bbox 236 1407 1843 1483">
     <span class='ocr_line' id='line_1_12' title="bbox 236 1407 1843 1483; baseline -0.002 -14"><span class='ocrx_word' id='word_1_83' title='bbox 236 1417 461 1480; x_wconf 85' lang='grc' dir='ltr'><strong>τοῦντες</strong></span> <span class='ocrx_word' id='word_1_84' title='bbox 496 1416 682 1476; x_wconf 84' lang='grc' dir='ltr'><strong>αὐτὸν,</strong></span> <span class='ocrx_word' id='word_1_85' title='bbox 712 1416 804 1467; x_wconf 79' lang='grc' dir='ltr'><strong>καὶ</strong></span> <span class='ocrx_word' id='word_1_86' title='bbox 835 1415 1068 1481; x_wconf 70' lang='grc' dir='ltr'><strong>ἐγένετο,</strong></span> <span class='ocrx_word' id='word_1_87' title='bbox 1105 1414 1225 1483; x_wconf 81' lang='grc' dir='ltr'><strong>μεθ’</strong></span> <span class='ocrx_word' id='word_1_88' title='bbox 1261 1414 1476 1483; x_wconf 72' lang='grc' dir='ltr'><strong>ἡμέρας</strong></span> <span class='ocrx_word' id='word_1_89' title='bbox 1510 1414 1658 1483; x_wconf 85' lang='grc' dir='ltr'><strong>τρεῖς</strong></span> <span class='ocrx_word' id='word_1_90' title='bbox 1686 1407 1843 1481; x_wconf 75' lang='grc' dir='ltr'><strong>εὗρον</strong></span> 
     </span>
    </p>
   </div>
   <div class='ocr_carea' id='block_1_13' title="bbox 236 1503 1846 1579">
    <p class='ocr_par' dir='ltr' id='par_1_13' title="bbox 236 1503 1846 1579">
     <span class='ocr_line' id='line_1_13' title="bbox 236 1503 1846 1579; baseline -0.005 -15"><span class='ocrx_word' id='word_1_91' title='bbox 236 1512 409 1564; x_wconf 79' lang='grc' dir='ltr'><strong>αὑτὸν</strong></span> <span class='ocrx_word' id='word_1_92' title='bbox 443 1514 501 1564; x_wconf 83' lang='grc' dir='ltr'><strong>ὲν</strong></span> <span class='ocrx_word' id='word_1_93' title='bbox 548 1509 627 1579; x_wconf 86' lang='grc' dir='ltr'><strong>τῷ</strong></span> <span class='ocrx_word' id='word_1_94' title='bbox 677 1507 831 1577; x_wconf 82' lang='grc' dir='ltr'><strong>ἱερῷ,</strong></span> <span class='ocrx_word' id='word_1_95' title='bbox 866 1506 1231 1575; x_wconf 71' lang='grc' dir='ltr'>καθεζόμενον</span> <span class='ocrx_word' id='word_1_96' title='bbox 1280 1508 1337 1558; x_wconf 83' lang='grc' dir='ltr'><strong>ἐν</strong></span> <span class='ocrx_word' id='word_1_97' title='bbox 1372 1506 1523 1575; x_wconf 75' lang='grc' dir='ltr'><strong>μέσῳ</strong></span> <span class='ocrx_word' id='word_1_98' title='bbox 1558 1503 1668 1556; x_wconf 84' lang='grc' dir='ltr'><strong>τῶν</strong></span> <span class='ocrx_word' id='word_1_99' title='bbox 1697 1504 1846 1556; x_wconf 85' lang='grc' dir='ltr'><strong>διδα-</strong></span> 
     </span>
    </p>
   </div>
   <div class='ocr_carea' id='block_1_14' title="bbox 240 1588 1817 1666">
    <p class='ocr_par' dir='ltr' id='par_1_14' title="bbox 240 1588 1817 1666">
     <span class='ocr_line' id='line_1_14' title="bbox 240 1588 1817 1666; baseline -0.005 -9"><span class='ocrx_word' id='word_1_100' title='bbox 240 1604 483 1663; x_wconf 78' lang='grc' dir='ltr'><strong>σκάλων,</strong></span> <span class='ocrx_word' id='word_1_101' title='bbox 523 1604 617 1655; x_wconf 72' lang='grc' dir='ltr'>καὶ</span> <span class='ocrx_word' id='word_1_102' title='bbox 649 1600 920 1653; x_wconf 70' lang='grc' dir='ltr'><strong>ἀκούοντα</strong></span> <span class='ocrx_word' id='word_1_103' title='bbox 960 1599 1164 1660; x_wconf 77' lang='grc' dir='ltr'><strong>αὐτῶν,</strong></span> <span class='ocrx_word' id='word_1_104' title='bbox 1206 1588 1304 1652; x_wconf 58' lang='lat' dir='ltr'>ita!</span> <span class='ocrx_word' id='word_1_105' title='bbox 1354 1595 1723 1666; x_wconf 69' lang='grc' dir='ltr'><strong>ἐπερωτῶντα</strong></span> <span class='ocrx_word' id='word_1_106' title='bbox 1749 1596 1817 1649; x_wconf 74' lang='grc' dir='ltr'><strong>αὖ</strong></span> 
     </span>
    </p>
   </div>
   <div class='ocr_carea' id='block_1_15' title="bbox 236 1689 1848 1760">
    <p class='ocr_par' dir='ltr' id='par_1_15' title="bbox 236 1689 1848 1760">
     <span class='ocr_line' id='line_1_15' title="bbox 236 1689 1848 1760; baseline -0.005 -11"><span class='ocrx_word' id='word_1_107' title='bbox 236 1694 390 1760; x_wconf 81' lang='grc' dir='ltr'><strong>τούς.</strong></span> <span class='ocrx_word' id='word_1_108' title='bbox 445 1695 756 1759; x_wconf 81' lang='grc' dir='ltr'><strong>Ἐξίσταντο</strong></span> <span class='ocrx_word' id='word_1_109' title='bbox 786 1692 843 1745; x_wconf 77' lang='grc' dir='ltr'>δὲ</span> <span class='ocrx_word' id='word_1_110' title='bbox 872 1693 1076 1755; x_wconf 81' lang='grc' dir='ltr'><strong>πάντες</strong></span> <span class='ocrx_word' id='word_1_111' title='bbox 1117 1692 1165 1743; x_wconf 74' lang='lat' dir='ltr'>oi</span> <span class='ocrx_word' id='word_1_112' title='bbox 1212 1689 1503 1752; x_wconf 80' lang='grc' dir='ltr'><strong>ἀκούοντες</strong></span> <span class='ocrx_word' id='word_1_113' title='bbox 1524 1689 1713 1753; x_wconf 77' lang='grc' dir='ltr'><strong>αὑτοῦ,</strong></span> <span class='ocrx_word' id='word_1_114' title='bbox 1756 1690 1848 1741; x_wconf 77' lang='grc' dir='ltr'><strong>ἐπὶ</strong></span> 
     </span>
    </p>
   </div>
   <div class='ocr_carea' id='block_1_16' title="bbox 235 1779 1831 1856">
    <p class='ocr_par' dir='ltr' id='par_1_16' title="bbox 235 1779 1831 1856">
     <span class='ocr_line' id='line_1_16' title="bbox 235 1779 1831 1856; baseline -0.005 -17"><span class='ocrx_word' id='word_1_115' title='bbox 235 1788 306 1856; x_wconf 77' lang='grc' dir='ltr'><strong>τῇ</strong></span> <span class='ocrx_word' id='word_1_116' title='bbox 342 1786 559 1839; x_wconf 79' lang='grc' dir='ltr'><strong>συνέσει</strong></span> <span class='ocrx_word' id='word_1_117' title='bbox 594 1786 687 1837; x_wconf 80' lang='grc' dir='ltr'><strong>καὶ</strong></span> <span class='ocrx_word' id='word_1_118' title='bbox 707 1786 827 1844; x_wconf 88' lang='grc' dir='ltr'><strong>ταῖς</strong></span> <span class='ocrx_word' id='word_1_119' title='bbox 853 1782 1211 1853; x_wconf 81' lang='grc' dir='ltr'><strong>ἀποκρίσεσιν</strong></span> <span class='ocrx_word' id='word_1_120' title='bbox 1253 1781 1420 1833; x_wconf 75' lang='grc' dir='ltr'><strong>αὑτοῦ</strong></span> <span class='ocrx_word' id='word_1_121' title='bbox 1445 1796 1457 1811; x_wconf 81' lang='grc'><strong><em>⁸</em></strong></span> <span class='ocrx_word' id='word_1_122' title='bbox 1496 1782 1592 1833; x_wconf 75' lang='grc' dir='ltr'>καὶ</span> <span class='ocrx_word' id='word_1_123' title='bbox 1628 1779 1831 1841; x_wconf 75' lang='grc' dir='ltr'><strong>ἰδόντες</strong></span> 
     </span>
    </p>
   </div>
   <div class='ocr_carea' id='block_1_17' title="bbox 237 1872 1844 1946">
    <p class='ocr_par' dir='ltr' id='par_1_17' title="bbox 237 1872 1844 1946">
     <span class='ocr_line' id='line_1_17' title="bbox 237 1872 1844 1946; baseline -0.006 -13"><span class='ocrx_word' id='word_1_124' title='bbox 237 1880 428 1942; x_wconf 77' lang='grc' dir='ltr'><strong>αὑτὸν,</strong></span> <span class='ocrx_word' id='word_1_125' title='bbox 456 1877 842 1946; x_wconf 74' lang='grc' dir='ltr'>ἐξεπλάγησαν</span> <span class='ocrx_word' id='word_1_126' title='bbox 871 1893 885 1905; x_wconf 86' lang='grc'><em>’</em></span> <span class='ocrx_word' id='word_1_127' title='bbox 913 1878 1006 1929; x_wconf 72' lang='grc' dir='ltr'><strong>καὶ</strong></span> <span class='ocrx_word' id='word_1_128' title='bbox 1035 1875 1168 1945; x_wconf 59' lang='lat' dir='ltr'>apo;</span> <span class='ocrx_word' id='word_1_129' title='bbox 1194 1875 1359 1928; x_wconf 77' lang='grc' dir='ltr'><strong>αὑτὸν</strong></span> <span class='ocrx_word' id='word_1_130' title='bbox 1387 1876 1420 1944; x_wconf 81' lang='grc' dir='ltr'>ἡ</span> <span class='ocrx_word' id='word_1_131' title='bbox 1461 1875 1646 1945; x_wconf 84' lang='grc' dir='ltr'><strong>μήτηρ</strong></span> <span class='ocrx_word' id='word_1_132' title='bbox 1678 1872 1844 1924; x_wconf 82' lang='grc' dir='ltr'><strong>αὑτοῦ</strong></span> 
     </span>
    </p>
   </div>
   <div class='ocr_carea' id='block_1_18' title="bbox 236 1964 1845 2037">
    <p class='ocr_par' dir='ltr' id='par_1_18' title="bbox 236 1964 1845 2037">
     <span class='ocr_line' id='line_1_18' title="bbox 236 1964 1845 2037; baseline -0.006 -12"><span class='ocrx_word' id='word_1_133' title='bbox 236 1964 387 2025; x_wconf 71' lang='grc' dir='ltr'><strong>εἴπεο</strong></span> <span class='ocrx_word' id='word_1_134' title='bbox 428 1972 651 2033; x_wconf 80' lang='grc' dir='ltr'><strong>Τέκνον,</strong></span> <span class='ocrx_word' id='word_1_135' title='bbox 692 1970 745 2022; x_wconf 88' lang='grc' dir='ltr'>τί</span> <span class='ocrx_word' id='word_1_136' title='bbox 776 1970 1042 2036; x_wconf 82' lang='grc' dir='ltr'><strong>ἐποίησας</strong></span> <span class='ocrx_word' id='word_1_137' title='bbox 1070 1970 1206 2037; x_wconf 78' lang='grc' dir='ltr'><strong>ἡμῖν</strong></span> <span class='ocrx_word' id='word_1_138' title='bbox 1240 1966 1447 2031; x_wconf 81' lang='grc' dir='ltr'><strong>οὖτως;</strong></span> <span class='ocrx_word' id='word_1_139' title='bbox 1527 1964 1659 2017; x_wconf 80' lang='grc' dir='ltr'><strong>Ἰδοὺ</strong></span> <span class='ocrx_word' id='word_1_140' title='bbox 1687 1967 1714 2018; x_wconf 90' lang='grc' dir='ltr'>ὁ</span> <span class='ocrx_word' id='word_1_141' title='bbox 1739 1980 1845 2016; x_wconf 85' lang='grc' dir='ltr'><strong>πα-</strong></span> 
     </span>
    </p>
   </div>
   <div class='ocr_carea' id='block_1_19' title="bbox 235 2055 1845 2135">
    <p class='ocr_par' dir='ltr' id='par_1_19' title="bbox 235 2055 1845 2135">
     <span class='ocr_line' id='line_1_19' title="bbox 235 2055 1845 2135; baseline -0.004 -18"><span class='ocrx_word' id='word_1_142' title='bbox 235 2065 349 2135; x_wconf 82' lang='grc' dir='ltr'>τήρ</span> <span class='ocrx_word' id='word_1_143' title='bbox 375 2081 470 2117; x_wconf 90' lang='grc' dir='ltr'>σου</span> <span class='ocrx_word' id='word_1_144' title='bbox 506 2063 683 2132; x_wconf 76' lang='grc' dir='ltr'><strong>κάγὼ.</strong></span> <span class='ocrx_word' id='word_1_145' title='bbox 714 2061 1046 2131; x_wconf 70' lang='grc' dir='ltr'><strong>ὀδυνώμενοι</strong></span> <span class='ocrx_word' id='word_1_146' title='bbox 1090 2060 1397 2130; x_wconf 74' lang='grc' dir='ltr'><strong>ἐζητοῦμεν</strong></span> <span class='ocrx_word' id='word_1_147' title='bbox 1422 2077 1507 2114; x_wconf 90' lang='grc' dir='ltr'>σε.</span> <span class='ocrx_word' id='word_1_148' title='bbox 1577 2060 1688 2112; x_wconf 71' lang='grc' dir='ltr'>Καὶ</span> <span class='ocrx_word' id='word_1_149' title='bbox 1724 2055 1845 2111; x_wconf 84' lang='grc' dir='ltr'><strong>εἷπε</strong></span> 
     </span>
    </p>
   </div>
   <div class='ocr_carea' id='block_1_20' title="bbox 237 2149 1847 2227">
    <p class='ocr_par' dir='ltr' id='par_1_20' title="bbox 237 2149 1847 2227">
     <span class='ocr_line' id='line_1_20' title="bbox 237 2149 1847 2227; baseline -0.005 -18"><span class='ocrx_word' id='word_1_150' title='bbox 237 2156 377 2227; x_wconf 78' lang='grc' dir='ltr'><strong>πρὸς</strong></span> <span class='ocrx_word' id='word_1_151' title='bbox 408 2153 637 2217; x_wconf 77' lang='grc' dir='ltr'><strong>αὐτούς’</strong></span> <span class='ocrx_word' id='word_1_152' title='bbox 668 2153 733 2206; x_wconf 89' lang='grc' dir='ltr'><strong>Τί</strong></span> <span class='ocrx_word' id='word_1_153' title='bbox 775 2153 858 2206; x_wconf 83' lang='grc' dir='ltr'><strong>ὅτι</strong></span> <span class='ocrx_word' id='word_1_154' title='bbox 890 2149 1133 2221; x_wconf 78' lang='grc' dir='ltr'><strong>ἐζητεῖτέ</strong></span> <span class='ocrx_word' id='word_1_155' title='bbox 1167 2168 1233 2222; x_wconf 86' lang='grc' dir='ltr'>με</span> <span class='ocrx_word' id='word_1_156' title='bbox 1259 2168 1274 2217; x_wconf 88' lang='lat'><strong>;</strong></span> <span class='ocrx_word' id='word_1_157' title='bbox 1303 2152 1419 2205; x_wconf 85' lang='grc' dir='ltr'>Οὐκ</span> <span class='ocrx_word' id='word_1_158' title='bbox 1447 2150 1625 2221; x_wconf 72' lang='grc' dir='ltr'><strong>ᾔδειτε</strong></span> <span class='ocrx_word' id='word_1_159' title='bbox 1674 2150 1754 2203; x_wconf 75' lang='grc' dir='ltr'><strong>ὅτι</strong></span> <span class='ocrx_word' id='word_1_160' title='bbox 1789 2152 1847 2202; x_wconf 85' lang='grc' dir='ltr'>ἐν</span> 
     </span>
    </p>
   </div>
   <div class='ocr_carea' id='block_1_21' title="bbox 235 2238 1845 2315">
    <p class='ocr_par' dir='ltr' id='par_1_21' title="bbox 235 2238 1845 2315">
     <span class='ocr_line' id='line_1_21' title="bbox 235 2238 1845 2315; baseline -0.004 -14"><span class='ocrx_word' id='word_1_161' title='bbox 235 2249 353 2310; x_wconf 81' lang='grc' dir='ltr'><strong>τοῖς</strong></span> <span class='ocrx_word' id='word_1_162' title='bbox 408 2244 505 2299; x_wconf 77' lang='grc' dir='ltr'><strong>τοῦ</strong></span> <span class='ocrx_word' id='word_1_163' title='bbox 568 2245 781 2315; x_wconf 82' lang='grc' dir='ltr'><strong>Πατρός</strong></span> <span class='ocrx_word' id='word_1_164' title='bbox 812 2261 914 2313; x_wconf 85' lang='grc' dir='ltr'>μου</span> <span class='ocrx_word' id='word_1_165' title='bbox 969 2243 1052 2296; x_wconf 84' lang='grc' dir='ltr'>δεῖ</span> <span class='ocrx_word' id='word_1_166' title='bbox 1096 2238 1235 2295; x_wconf 80' lang='grc' dir='ltr'><strong>εἶναί</strong></span> <span class='ocrx_word' id='word_1_167' title='bbox 1290 2259 1395 2312; x_wconf 89' lang='grc' dir='ltr'><strong>με;</strong></span> <span class='ocrx_word' id='word_1_168' title='bbox 1453 2242 1564 2295; x_wconf 76' lang='grc' dir='ltr'>Καὶ</span> <span class='ocrx_word' id='word_1_169' title='bbox 1599 2242 1845 2295; x_wconf 78' lang='grc' dir='ltr'><strong>αὐτοὶοὺ</strong></span> 
     </span>
    </p>
   </div>
   <div class='ocr_carea' id='block_1_22' title="bbox 238 2335 1845 2410">
    <p class='ocr_par' dir='ltr' id='par_1_22' title="bbox 238 2335 1845 2410">
     <span class='ocr_line' id='line_1_22' title="bbox 238 2335 1845 2410; baseline -0.004 -17"><span class='ocrx_word' id='word_1_170' title='bbox 238 2338 487 2410; x_wconf 82' lang='grc' dir='ltr'><strong>συνῆκαν</strong></span> <span class='ocrx_word' id='word_1_171' title='bbox 508 2338 570 2391; x_wconf 82' lang='grc' dir='ltr'><strong>τὸ</strong></span> <span class='ocrx_word' id='word_1_172' title='bbox 598 2337 752 2408; x_wconf 79' lang='grc' dir='ltr'><strong>ῥῆμα</strong></span> <span class='ocrx_word' id='word_1_173' title='bbox 785 2337 814 2389; x_wconf 80' lang='grc' dir='ltr'>ὃ</span> <span class='ocrx_word' id='word_1_174' title='bbox 849 2335 1114 2406; x_wconf 77' lang='grc' dir='ltr'><strong>ἐλάλησεν</strong></span> <span class='ocrx_word' id='word_1_175' title='bbox 1157 2335 1363 2399; x_wconf 84' lang='grc' dir='ltr'><strong>αὐτοῖς.</strong></span> <span class='ocrx_word' id='word_1_176' title='bbox 1394 2354 1413 2387; x_wconf 73' lang='grc' dir='ltr'>ι</span> <span class='ocrx_word' id='word_1_177' title='bbox 1450 2335 1845 2389; x_wconf 76' lang='grc' dir='ltr'><strong>Συνανασαίνει</strong></span> 
     </span>
    </p>
   </div>
   <div class='ocr_carea' id='block_1_23' title="bbox 234 2428 1848 2501">
    <p class='ocr_par' dir='ltr' id='par_1_23' title="bbox 234 2428 1848 2501">
     <span class='ocr_line' id='line_1_23' title="bbox 234 2428 1848 2501; baseline -0.002 -18"><span class='ocrx_word' id='word_1_178' title='bbox 234 2434 353 2495; x_wconf 89' lang='grc' dir='ltr'><strong>τοῖς</strong></span> <span class='ocrx_word' id='word_1_179' title='bbox 380 2430 634 2499; x_wconf 78' lang='grc' dir='ltr'><strong>γονεῦσιν</strong></span> <span class='ocrx_word' id='word_1_180' title='bbox 669 2431 750 2494; x_wconf 84' lang='grc' dir='ltr'>είς</span> <span class='ocrx_word' id='word_1_181' title='bbox 795 2428 1180 2500; x_wconf 84' lang='grc' dir='ltr'><strong>Ἰερουσαλὴμ,</strong></span> <span class='ocrx_word' id='word_1_182' title='bbox 1214 2428 1301 2481; x_wconf 83' lang='grc' dir='ltr'>ίνα</span> <span class='ocrx_word' id='word_1_183' title='bbox 1324 2429 1414 2487; x_wconf 74' lang='grc' dir='ltr'><strong>διὰ</strong></span> <span class='ocrx_word' id='word_1_184' title='bbox 1451 2430 1672 2482; x_wconf 81' lang='grc' dir='ltr'><strong>πάντων</strong></span> <span class='ocrx_word' id='word_1_185' title='bbox 1696 2428 1848 2501; x_wconf 80' lang='grc' dir='ltr'><strong>δείξῃ</strong></span> 
     </span>
    </p>
   </div>
   <div class='ocr_carea' id='block_1_24' title="bbox 233 2520 1846 2585">
    <p class='ocr_par' dir='ltr' id='par_1_24' title="bbox 233 2520 1846 2585">
     <span class='ocr_line' id='line_1_24' title="bbox 233 2520 1846 2585; baseline -0.003 -7"><span class='ocrx_word' id='word_1_186' title='bbox 233 2526 324 2578; x_wconf 84' lang='grc' dir='ltr'>δτι</span> <span class='ocrx_word' id='word_1_187' title='bbox 350 2524 451 2577; x_wconf 85' lang='grc' dir='ltr'>οὑκ</span> <span class='ocrx_word' id='word_1_188' title='bbox 480 2523 629 2576; x_wconf 75' lang='grc' dir='ltr'><strong>εστιν</strong></span> <span class='ocrx_word' id='word_1_189' title='bbox 660 2522 929 2585; x_wconf 77' lang='grc' dir='ltr'><strong>ἀντίθεος,</strong></span> <span class='ocrx_word' id='word_1_190' title='bbox 970 2521 1081 2574; x_wconf 83' lang='grc' dir='ltr'><strong>οὐδ’</strong></span> <span class='ocrx_word' id='word_1_191' title='bbox 1130 2520 1519 2575; x_wconf 79' lang='grc' dir='ltr'><strong>ἀντιτάσσεται</strong></span> <span class='ocrx_word' id='word_1_192' title='bbox 1545 2522 1660 2584; x_wconf 88' lang='grc' dir='ltr'><strong>τοῖς</strong></span> <span class='ocrx_word' id='word_1_193' title='bbox 1694 2538 1846 2574; x_wconf 85' lang='grc' dir='ltr'><strong>νενο-</strong></span> 
     </span>
    </p>
   </div>
   <div class='ocr_carea' id='block_1_25' title="bbox 237 2615 1848 2690">
    <p class='ocr_par' dir='ltr' id='par_1_25' title="bbox 237 2615 1848 2690">
     <span class='ocr_line' id='line_1_25' title="bbox 237 2615 1848 2690; baseline -0.001 -19"><span class='ocrx_word' id='word_1_194' title='bbox 237 2618 670 2690; x_wconf 80' lang='grc' dir='ltr'><strong>μοθετημένοις’</strong></span> <span class='ocrx_word' id='word_1_195' title='bbox 722 2615 1137 2669; x_wconf 76' lang='grc' dir='ltr'><strong>τελειωσάντων</strong></span> <span class='ocrx_word' id='word_1_196' title='bbox 1191 2615 1247 2668; x_wconf 71' lang='grc' dir='ltr'><strong>δὲ</strong></span> <span class='ocrx_word' id='word_1_197' title='bbox 1296 2616 1395 2678; x_wconf 82' lang='grc' dir='ltr'><strong>τὰς</strong></span> <span class='ocrx_word' id='word_1_198' title='bbox 1445 2616 1687 2686; x_wconf 80' lang='grc' dir='ltr'><strong>ἡμέρας,</strong></span> <span class='ocrx_word' id='word_1_199' title='bbox 1746 2618 1848 2682; x_wconf 80' lang='grc' dir='ltr'><strong>τὰς</strong></span> 
     </span>
    </p>
   </div>
   <div class='ocr_carea' id='block_1_26' title="bbox 234 2707 1844 2781">
    <p class='ocr_par' dir='ltr' id='par_1_26' title="bbox 234 2707 1844 2781">
     <span class='ocr_line' id='line_1_26' title="bbox 234 2707 1844 2781; baseline 0.001 -18"><span class='ocrx_word' id='word_1_200' title='bbox 234 2709 382 2763; x_wconf 75' lang='grc' dir='ltr'><strong>ἑπτὰ</strong></span> <span class='ocrx_word' id='word_1_201' title='bbox 412 2708 618 2779; x_wconf 81' lang='grc' dir='ltr'><strong>δηλαδὴ</strong></span> <span class='ocrx_word' id='word_1_202' title='bbox 644 2707 739 2761; x_wconf 80' lang='grc' dir='ltr'><strong>τοῦ</strong></span> <span class='ocrx_word' id='word_1_203' title='bbox 768 2708 988 2778; x_wconf 81' lang='grc' dir='ltr'><strong>Πάσχα,</strong></span> <span class='ocrx_word' id='word_1_204' title='bbox 1025 2707 1327 2777; x_wconf 87' lang='grc' dir='ltr'><strong>άπέμεινεν</strong></span> <span class='ocrx_word' id='word_1_205' title='bbox 1356 2709 1417 2761; x_wconf 72' lang='grc' dir='ltr'>ἐν</span> <span class='ocrx_word' id='word_1_206' title='bbox 1454 2708 1844 2781; x_wconf 82' lang='grc' dir='ltr'><strong>Ἰερουσαλήμ.</strong></span> 
     </span>
    </p>
   </div>
   <div class='ocr_carea' id='block_1_27' title="bbox 234 2800 1847 2874">
    <p class='ocr_par' dir='ltr' id='par_1_27' title="bbox 234 2800 1847 2874">
     <span class='ocr_line' id='line_1_27' title="bbox 234 2800 1847 2874; baseline 0 -17"><span class='ocrx_word' id='word_1_207' title='bbox 234 2803 533 2873; x_wconf 81' lang='grc' dir='ltr'><strong>Συνεζήτει</strong></span> <span class='ocrx_word' id='word_1_208' title='bbox 563 2802 620 2855; x_wconf 82' lang='grc' dir='ltr'>δὲ</span> <span class='ocrx_word' id='word_1_209' title='bbox 654 2801 794 2871; x_wconf 86' lang='grc' dir='ltr'>μετά</span> <span class='ocrx_word' id='word_1_210' title='bbox 820 2801 931 2854; x_wconf 84' lang='grc' dir='ltr'>τῶν</span> <span class='ocrx_word' id='word_1_211' title='bbox 968 2800 1380 2871; x_wconf 85' lang='grc' dir='ltr'><strong>Γραμματέων,</strong></span> <span class='ocrx_word' id='word_1_212' title='bbox 1407 2800 1517 2855; x_wconf 84' lang='grc' dir='ltr'><strong>ἀπὸ</strong></span> <span class='ocrx_word' id='word_1_213' title='bbox 1557 2800 1651 2854; x_wconf 85' lang='grc' dir='ltr'>τοῦ</span> <span class='ocrx_word' id='word_1_214' title='bbox 1678 2802 1847 2874; x_wconf 79' lang='grc' dir='ltr'><strong>νόμου</strong></span> 
     </span>
    </p>
   </div>
   <div class='ocr_carea' id='block_1_28' title="bbox 234 2892 1847 2967">
    <p class='ocr_par' dir='ltr' id='par_1_28' title="bbox 234 2892 1847 2967">
     <span class='ocr_line' id='line_1_28' title="bbox 234 2892 1847 2967; baseline 0 -19"><span class='ocrx_word' id='word_1_215' title='bbox 234 2896 464 2967; x_wconf 71' lang='grc' dir='ltr'><strong>ιρωτῶν</strong></span> <span class='ocrx_word' id='word_1_216' title='bbox 494 2894 695 2955; x_wconf 76' lang='grc' dir='ltr'><strong>αὐτούς</strong></span> <span class='ocrx_word' id='word_1_217' title='bbox 718 2911 732 2925; x_wconf 90' lang='grc'><strong>·</strong></span> <span class='ocrx_word' id='word_1_218' title='bbox 774 2895 871 2948; x_wconf 77' lang='grc' dir='ltr'>καὶ</span> <span class='ocrx_word' id='word_1_219' title='bbox 908 2892 1193 2959; x_wconf 75' lang='grc' dir='ltr'><strong>ἐξίσταντο</strong></span> <span class='ocrx_word' id='word_1_220' title='bbox 1236 2895 1460 2959; x_wconf 89' lang='grc' dir='ltr'><strong>πάντες.</strong></span> <span class='ocrx_word' id='word_1_221' title='bbox 1531 2892 1695 2967; x_wconf 81' lang='grc' dir='ltr'><strong>Ὀρᾷς</strong></span> <span class='ocrx_word' id='word_1_222' title='bbox 1727 2895 1847 2963; x_wconf 86' lang='grc' dir='ltr'>πῶς</span> 
     </span>
    </p>
   </div>
   <div class='ocr_carea' id='block_1_29' title="bbox 236 2986 1848 3060">
    <p class='ocr_par' dir='ltr' id='par_1_29' title="bbox 236 2986 1848 3060">
     <span class='ocr_line' id='line_1_29' title="bbox 236 2986 1848 3060; baseline -0.001 -19"><span class='ocrx_word' id='word_1_223' title='bbox 236 2989 581 3060; x_wconf 82' lang='grc' dir='ltr'><strong>προέκοπτεν</strong></span> <span class='ocrx_word' id='word_1_224' title='bbox 610 2989 702 3042; x_wconf 72' lang='grc' dir='ltr'><strong>ἐπὶ</strong></span> <span class='ocrx_word' id='word_1_225' title='bbox 750 2987 914 3060; x_wconf 80' lang='grc' dir='ltr'>σοφίᾳ</span> <span class='ocrx_word' id='word_1_226' title='bbox 934 3028 950 3054; x_wconf 83' lang='grc'>,</span> <span class='ocrx_word' id='word_1_227' title='bbox 988 2987 1079 3042; x_wconf 82' lang='grc' dir='ltr'><strong>διὰ</strong></span> <span class='ocrx_word' id='word_1_228' title='bbox 1112 2986 1206 3040; x_wconf 81' lang='grc' dir='ltr'><strong>τοῦ</strong></span> <span class='ocrx_word' id='word_1_229' title='bbox 1230 2987 1600 3056; x_wconf 67' lang='grc' dir='ltr'><strong>γινώσκεσίγαι</strong></span> <span class='ocrx_word' id='word_1_230' title='bbox 1631 2988 1848 3052; x_wconf 83' lang='grc' dir='ltr'><strong>πολλοῖς</strong></span> 
     </span>
    </p>
   </div>
   <div class='ocr_carea' id='block_1_30' title="bbox 236 3080 1847 3153">
    <p class='ocr_par' dir='ltr' id='par_1_30' title="bbox 236 3080 1847 3153">
     <span class='ocr_line' id='line_1_30' title="bbox 236 3080 1847 3153; baseline -0.003 -17"><span class='ocrx_word' id='word_1_231' title='bbox 236 3083 336 3136; x_wconf 79' lang='grc' dir='ltr'><strong>καὶ</strong></span> <span class='ocrx_word' id='word_1_232' title='bbox 367 3082 749 3153; x_wconf 78' lang='grc' dir='ltr'><strong>θαυμάζεσθαι</strong></span> <span class='ocrx_word' id='word_1_233' title='bbox 777 3098 791 3146; x_wconf 89' lang='grc'>;</span> <span class='ocrx_word' id='word_1_234' title='bbox 850 3082 883 3151; x_wconf 87' lang='grc' dir='ltr'>ή</span> <span class='ocrx_word' id='word_1_235' title='bbox 921 3083 1032 3151; x_wconf 84' lang='grc' dir='ltr'>γάρ</span> <span class='ocrx_word' id='word_1_236' title='bbox 1093 3081 1359 3151; x_wconf 77' lang='grc' dir='ltr'><strong>ἔκφανσις</strong></span> <span class='ocrx_word' id='word_1_237' title='bbox 1392 3081 1491 3149; x_wconf 83' lang='grc' dir='ltr'><strong>τῆς</strong></span> <span class='ocrx_word' id='word_1_238' title='bbox 1522 3080 1717 3148; x_wconf 87' lang='grc' dir='ltr'><strong>σοφίας</strong></span> <span class='ocrx_word' id='word_1_239' title='bbox 1749 3080 1847 3133; x_wconf 80' lang='grc' dir='ltr'><strong>αὑ-</strong></span> 
     </span>
    </p>
   </div>
   <div class='ocr_carea' id='block_1_31' title="bbox 238 3170 1847 3245">
    <p class='ocr_par' dir='ltr' id='par_1_31' title="bbox 238 3170 1847 3245">
     <span class='ocr_line' id='line_1_31' title="bbox 238 3170 1847 3245; baseline -0.002 -18"><span class='ocrx_word' id='word_1_240' title='bbox 238 3173 374 3241; x_wconf 83' lang='grc' dir='ltr'><strong>τοῦ,</strong></span> <span class='ocrx_word' id='word_1_241' title='bbox 406 3173 544 3245; x_wconf 75' lang='grc' dir='ltr'><strong>αὕτη</strong></span> <span class='ocrx_word' id='word_1_242' title='bbox 574 3175 723 3228; x_wconf 75' lang='grc' dir='ltr'><strong>ἐστὶν</strong></span> <span class='ocrx_word' id='word_1_243' title='bbox 767 3174 800 3242; x_wconf 87' lang='grc' dir='ltr'><strong>ἡ</strong></span> <span class='ocrx_word' id='word_1_244' title='bbox 838 3172 1095 3243; x_wconf 80' lang='grc' dir='ltr'><strong>προκοπὴ</strong></span> <span class='ocrx_word' id='word_1_245' title='bbox 1144 3171 1336 3225; x_wconf 78' lang='grc' dir='ltr'><strong>αὑτοῦ.</strong></span> <span class='ocrx_word' id='word_1_246' title='bbox 1384 3170 1605 3241; x_wconf 85' lang='grc' dir='ltr'><strong>Πατέρα</strong></span> <span class='ocrx_word' id='word_1_247' title='bbox 1660 3171 1718 3224; x_wconf 81' lang='grc' dir='ltr'>δὲ</span> <span class='ocrx_word' id='word_1_248' title='bbox 1755 3170 1847 3224; x_wconf 78' lang='grc' dir='ltr'><strong>τὸν</strong></span> 
     </span>
    </p>
   </div>
   <div class='ocr_carea' id='block_1_32' title="bbox 251 3263 1846 3337">
    <p class='ocr_par' dir='ltr' id='par_1_32' title="bbox 251 3263 1846 3337">
     <span class='ocr_line' id='line_1_32' title="bbox 251 3263 1846 3337; baseline -0.002 -18"><span class='ocrx_word' id='word_1_249' title='bbox 251 3264 456 3336; x_wconf 75' lang='grc' dir='ltr'><strong>Ἰωσὴφ</strong></span> <span class='ocrx_word' id='word_1_250' title='bbox 519 3266 779 3337; x_wconf 76' lang='grc' dir='ltr'><strong>ὀνομάζει</strong></span> <span class='ocrx_word' id='word_1_251' title='bbox 841 3266 875 3335; x_wconf 80' lang='grc' dir='ltr'>ή</span> <span class='ocrx_word' id='word_1_252' title='bbox 928 3264 1221 3327; x_wconf 84' lang='grc' dir='ltr'><strong>Θεοτόκος,</strong></span> <span class='ocrx_word' id='word_1_253' title='bbox 1283 3263 1458 3316; x_wconf 86' lang='grc' dir='ltr'><strong>εἰδυῖα</strong></span> <span class='ocrx_word' id='word_1_254' title='bbox 1497 3264 1598 3332; x_wconf 80' lang='grc' dir='ltr'>μὲν</span> <span class='ocrx_word' id='word_1_255' title='bbox 1625 3263 1702 3326; x_wconf 82' lang='grc' dir='ltr'><strong>ὡς</strong></span> <span class='ocrx_word' id='word_1_256' title='bbox 1745 3264 1846 3316; x_wconf 75' lang='grc' dir='ltr'>οὑκ</span> 
     </span>
    </p>
   </div>
   <div class='ocr_carea' id='block_1_33' title="bbox 244 3355 1842 3431">
    <p class='ocr_par' dir='ltr' id='par_1_33' title="bbox 244 3355 1842 3431">
     <span class='ocr_line' id='line_1_33' title="bbox 244 3355 1842 3431; baseline -0.001 -20"><span class='ocrx_word' id='word_1_257' title='bbox 244 3359 365 3412; x_wconf 75' lang='grc' dir='ltr'><strong>εστι</strong></span> <span class='ocrx_word' id='word_1_258' title='bbox 410 3359 632 3431; x_wconf 82' lang='grc' dir='ltr'><strong>πατήρ·</strong></span> <span class='ocrx_word' id='word_1_259' title='bbox 679 3358 821 3427; x_wconf 79' lang='grc' dir='ltr'><strong>πλὴν</strong></span> <span class='ocrx_word' id='word_1_260' title='bbox 856 3356 944 3410; x_wconf 83' lang='grc' dir='ltr'>διὰ</span> <span class='ocrx_word' id='word_1_261' title='bbox 990 3355 1117 3420; x_wconf 83' lang='grc' dir='ltr'><strong>τοὺς</strong></span> <span class='ocrx_word' id='word_1_262' title='bbox 1159 3355 1473 3419; x_wconf 80' lang='grc' dir='ltr'><strong>Ἰουδαίους,</strong></span> <span class='ocrx_word' id='word_1_263' title='bbox 1511 3355 1598 3409; x_wconf 84' lang='grc' dir='ltr'><strong>ἴνα</strong></span> <span class='ocrx_word' id='word_1_264' title='bbox 1648 3356 1721 3426; x_wconf 83' lang='grc' dir='ltr'><strong>μὴ</strong></span> <span class='ocrx_word' id='word_1_265' title='bbox 1755 3374 1842 3409; x_wconf 89' lang='grc' dir='ltr'>νο-</span> 
     </span>
    </p>
   </div>
   <div class='ocr_carea' id='block_1_34' title="bbox 245 3442 1847 3520">
    <p class='ocr_par' dir='ltr' id='par_1_34' title="bbox 245 3442 1847 3520">
     <span class='ocr_line' id='line_1_34' title="bbox 245 3442 1847 3520; baseline -0.001 -21"><span class='ocrx_word' id='word_1_266' title='bbox 245 3449 420 3520; x_wconf 79' lang='grc' dir='ltr'><strong>μισθῇ</strong></span> <span class='ocrx_word' id='word_1_267' title='bbox 451 3451 516 3503; x_wconf 79' lang='grc' dir='ltr'>ὲκ</span> <span class='ocrx_word' id='word_1_268' title='bbox 566 3448 827 3519; x_wconf 79' lang='grc' dir='ltr'><strong>πορνείας</strong></span> <span class='ocrx_word' id='word_1_269' title='bbox 888 3442 1052 3509; x_wconf 78' lang='grc' dir='ltr'><strong>εἶναι,</strong></span> <span class='ocrx_word' id='word_1_270' title='bbox 1088 3448 1302 3517; x_wconf 81' lang='grc' dir='ltr'><strong>πατέρα</strong></span> <span class='ocrx_word' id='word_1_271' title='bbox 1357 3446 1524 3498; x_wconf 86' lang='grc' dir='ltr'><strong>αὑτοῦ</strong></span> <span class='ocrx_word' id='word_1_272' title='bbox 1581 3445 1847 3513; x_wconf 71' lang='grc' dir='ltr'><strong>λέγειτὸν</strong></span> 
     </span>
    </p>
   </div>
   <div class='ocr_carea' id='block_1_35' title="bbox 234 3534 1846 3613">
    <p class='ocr_par' dir='ltr' id='par_1_35' title="bbox 234 3534 1846 3613">
     <span class='ocr_line' id='line_1_35' title="bbox 234 3534 1846 3613; baseline -0.001 -19"><span class='ocrx_word' id='word_1_273' title='bbox 234 3534 454 3613; x_wconf 64' lang='grc' dir='ltr'><strong>’Ἰωσήφ</strong></span> <span class='ocrx_word' id='word_1_274' title='bbox 479 3558 493 3573; x_wconf 87' lang='grc'><em>’</em></span> <span class='ocrx_word' id='word_1_275' title='bbox 552 3542 728 3605; x_wconf 80' lang='grc' dir='ltr'><strong>ἄλλως</strong></span> <span class='ocrx_word' id='word_1_276' title='bbox 760 3558 820 3593; x_wconf 87' lang='grc' dir='ltr'>τε</span> <span class='ocrx_word' id='word_1_277' title='bbox 866 3541 956 3591; x_wconf 81' lang='grc' dir='ltr'>καὶ</span> <span class='ocrx_word' id='word_1_278' title='bbox 1009 3540 1216 3610; x_wconf 77' lang='grc' dir='ltr'><strong>πατρὸς</strong></span> <span class='ocrx_word' id='word_1_279' title='bbox 1244 3537 1577 3610; x_wconf 83' lang='grc' dir='ltr'><strong>κηδεμονίαν</strong></span> <span class='ocrx_word' id='word_1_280' title='bbox 1605 3539 1846 3603; x_wconf 66' lang='grc' dir='ltr'><strong>ἐνδειξά-</strong></span> 
     </span>
    </p>
   </div>
   <div class='ocr_carea' id='block_1_36' title="bbox 243 3631 1846 3706">
    <p class='ocr_par' dir='ltr' id='par_1_36' title="bbox 243 3631 1846 3706">
     <span class='ocr_line' id='line_1_36' title="bbox 243 3631 1846 3706; baseline -0.001 -17"><span class='ocrx_word' id='word_1_281' title='bbox 243 3652 445 3706; x_wconf 87' lang='grc' dir='ltr'><strong>μενον,</strong></span> <span class='ocrx_word' id='word_1_282' title='bbox 512 3636 606 3688; x_wconf 77' lang='grc' dir='ltr'>καὶ</span> <span class='ocrx_word' id='word_1_283' title='bbox 666 3632 975 3705; x_wconf 85' lang='grc' dir='ltr'><strong>ὑπουργίαν</strong></span> <span class='ocrx_word' id='word_1_284' title='bbox 1021 3632 1079 3685; x_wconf 84' lang='grc' dir='ltr'>ἐν</span> <span class='ocrx_word' id='word_1_285' title='bbox 1143 3634 1211 3703; x_wconf 83' lang='grc' dir='ltr'><strong>τῇ</strong></span> <span class='ocrx_word' id='word_1_286' title='bbox 1268 3632 1576 3703; x_wconf 78' lang='grc' dir='ltr'><strong>ἀνατροφῇ,</strong></span> <span class='ocrx_word' id='word_1_287' title='bbox 1619 3631 1846 3696; x_wconf 77' lang='grc' dir='ltr'><strong>εἰκότως</strong></span> 
     </span>
    </p>
   </div>
   <div class='ocr_carea' id='block_1_37' title="bbox 240 3723 1847 3798">
    <p class='ocr_par' dir='ltr' id='par_1_37' title="bbox 240 3723 1847 3798">
     <span class='ocr_line' id='line_1_37' title="bbox 240 3723 1847 3798; baseline -0.003 -17"><span class='ocrx_word' id='word_1_288' title='bbox 240 3727 531 3798; x_wconf 81' lang='grc' dir='ltr'><strong>ὠνόμασεν</strong></span> <span class='ocrx_word' id='word_1_289' title='bbox 555 3726 721 3778; x_wconf 74' lang='grc' dir='ltr'><strong>αὑτὸν</strong></span> <span class='ocrx_word' id='word_1_290' title='bbox 754 3724 970 3795; x_wconf 77' lang='grc' dir='ltr'><strong>πατέρα</strong></span> <span class='ocrx_word' id='word_1_291' title='bbox 990 3741 1003 3753; x_wconf 84' lang='grc'><em>’</em></span> <span class='ocrx_word' id='word_1_292' title='bbox 1033 3724 1237 3777; x_wconf 68' lang='grc' dir='ltr'><strong>ὡσανεὶ</strong></span> <span class='ocrx_word' id='word_1_293' title='bbox 1266 3724 1539 3792; x_wconf 78' lang='grc' dir='ltr'><strong>τιμῶντος</strong></span> <span class='ocrx_word' id='word_1_294' title='bbox 1563 3723 1727 3777; x_wconf 81' lang='grc' dir='ltr'><strong>αὑτὸν</strong></span> <span class='ocrx_word' id='word_1_295' title='bbox 1754 3724 1847 3778; x_wconf 80' lang='grc' dir='ltr'><strong>τοῦ</strong></span> 
     </span>
    </p>
   </div>
   <div class='ocr_carea' id='block_1_38' title="bbox 240 3818 1849 3893">
    <p class='ocr_par' dir='ltr' id='par_1_38' title="bbox 240 3818 1849 3893">
     <span class='ocr_line' id='line_1_38' title="bbox 240 3818 1849 3893; baseline -0.004 -15"><span class='ocrx_word' id='word_1_296' title='bbox 240 3824 401 3893; x_wconf 80' lang='grc' dir='ltr'><strong>ἁγίου</strong></span> <span class='ocrx_word' id='word_1_297' title='bbox 434 3820 755 3893; x_wconf 85' lang='grc' dir='ltr'><strong>Πνεὺματος</strong></span> <span class='ocrx_word' id='word_1_298' title='bbox 796 3822 863 3892; x_wconf 79' lang='grc' dir='ltr'><strong>τῇ</strong></span> <span class='ocrx_word' id='word_1_299' title='bbox 911 3820 1006 3874; x_wconf 75' lang='grc' dir='ltr'><strong>τοῦ</strong></span> <span class='ocrx_word' id='word_1_300' title='bbox 1061 3819 1265 3890; x_wconf 77' lang='grc' dir='ltr'><strong>πατρὸς</strong></span> <span class='ocrx_word' id='word_1_301' title='bbox 1313 3818 1681 3891; x_wconf 69' lang='grc' dir='ltr'><strong>προσηγορία.</strong></span> <span class='ocrx_word' id='word_1_302' title='bbox 1753 3820 1849 3873; x_wconf 68' lang='grc' dir='ltr'><strong>Διά</strong></span> 
     </span>
    </p>
   </div>
   <div class='ocr_carea' id='block_1_39' title="bbox 239 3908 1849 3986">
    <p class='ocr_par' dir='ltr' id='par_1_39' title="bbox 239 3908 1849 3986">
     <span class='ocr_line' id='line_1_39' title="bbox 239 3908 1849 3986; baseline -0.004 -15"><span class='ocrx_word' id='word_1_303' title='bbox 239 3918 373 3984; x_wconf 68' lang='grc' dir='ltr'><strong>τίβὲ</strong></span> <span class='ocrx_word' id='word_1_304' title='bbox 400 3916 625 3986; x_wconf 75' lang='grc' dir='ltr'><strong>ἐζήτουν</strong></span> <span class='ocrx_word' id='word_1_305' title='bbox 656 3916 818 3968; x_wconf 75' lang='grc' dir='ltr'><strong>αὐτόν</strong></span> <span class='ocrx_word' id='word_1_306' title='bbox 843 3929 858 3979; x_wconf 86' lang='grc'><strong>;</strong></span> <span class='ocrx_word' id='word_1_307' title='bbox 886 3908 1035 3984; x_wconf 73' lang='grc' dir='ltr'><strong>Ἀρα</strong></span> <span class='ocrx_word' id='word_1_308' title='bbox 1069 3912 1340 3985; x_wconf 70' lang='grc' dir='ltr'><strong>ὑπόληψιν</strong></span> <span class='ocrx_word' id='word_1_309' title='bbox 1368 3912 1592 3986; x_wconf 68' lang='grc' dir='ltr'><strong>ἔχοντες</strong></span> <span class='ocrx_word' id='word_1_310' title='bbox 1630 3912 1711 3964; x_wconf 83' lang='grc' dir='ltr'><strong>ὅτι</strong></span> <span class='ocrx_word' id='word_1_311' title='bbox 1744 3915 1849 3965; x_wconf 84' lang='grc' dir='ltr'><strong>άπ-</strong></span> 
     </span>
    </p>
   </div>
   <div class='ocr_carea' id='block_1_40' title="bbox 244 3979 1847 4079">
    <p class='ocr_par' dir='ltr' id='par_1_40' title="bbox 244 3979 1847 4079">
     <span class='ocr_line' id='line_1_40' title="bbox 244 3979 1847 4079; baseline -0.006 -13"><span class='ocrx_word' id='word_1_312' title='bbox 244 3979 452 4066; x_wconf 80' lang='grc' dir='ltr'><strong>όλωλεν</strong></span> <span class='ocrx_word' id='word_1_313' title='bbox 529 4007 866 4079; x_wconf 75' lang='grc' dir='ltr'><strong>πεπλάνηται</strong></span> <span class='ocrx_word' id='word_1_314' title='bbox 894 3979 976 4070; x_wconf 38' lang='grc' dir='ltr'>ὡς.</span> <span class='ocrx_word' id='word_1_315' title='bbox 992 4010 1119 4071; x_wconf 87' lang='grc' dir='ltr'><strong>παῖς</strong></span> <span class='ocrx_word' id='word_1_316' title='bbox 1144 4024 1159 4073; x_wconf 85' lang='grc'>;</span> <span class='ocrx_word' id='word_1_317' title='bbox 1186 3979 1589 4074; x_wconf 47' lang='grc' dir='ltr'>’Ᾰπαγέξάηε</span> <span class='ocrx_word' id='word_1_318' title='bbox 1614 4006 1722 4076; x_wconf 75' lang='grc' dir='ltr'>γὰρ</span> <span class='ocrx_word' id='word_1_319' title='bbox 1751 4006 1847 4076; x_wconf 82' lang='grc' dir='ltr'><strong>τῆς</strong></span> 
     </span>
    </p>
   </div>
   <div class='ocr_carea' id='block_1_41' title="bbox 244 4098 1847 4174">
    <p class='ocr_par' dir='ltr' id='par_1_41' title="bbox 244 4098 1847 4174">
     <span class='ocr_line' id='line_1_41' title="bbox 244 4098 1847 4174; baseline -0.006 -14"><span class='ocrx_word' id='word_1_320' title='bbox 244 4104 530 4172; x_wconf 69' lang='grc' dir='ltr'><strong>πανσόφου</strong></span> <span class='ocrx_word' id='word_1_321' title='bbox 561 4103 783 4173; x_wconf 81' lang='grc' dir='ltr'><strong>Μαρίας</strong></span> <span class='ocrx_word' id='word_1_322' title='bbox 816 4101 977 4156; x_wconf 79' lang='grc' dir='ltr'><strong>τοῦτο</strong></span> <span class='ocrx_word' id='word_1_323' title='bbox 1004 4098 1097 4174; x_wconf 80' lang='grc' dir='ltr'>ἦν,</span> <span class='ocrx_word' id='word_1_324' title='bbox 1136 4100 1340 4172; x_wconf 84' lang='grc' dir='ltr'><strong>μυρίας</strong></span> <span class='ocrx_word' id='word_1_325' title='bbox 1377 4099 1685 4169; x_wconf 83' lang='grc' dir='ltr'><strong>δεξαμένης</strong></span> <span class='ocrx_word' id='word_1_326' title='bbox 1717 4101 1847 4170; x_wconf 76' lang='grc' dir='ltr'><strong>περὶ</strong></span> 
     </span>
    </p>
   </div>
   <div class='ocr_carea' id='block_1_42' title="bbox 242 4193 1847 4264">
    <p class='ocr_par' dir='ltr' id='par_1_42' title="bbox 242 4193 1847 4264">
     <span class='ocr_line' id='line_1_42' title="bbox 242 4193 1847 4264; baseline -0.004 -13"><span class='ocrx_word' id='word_1_327' title='bbox 242 4196 411 4252; x_wconf 71' lang='grc' dir='ltr'><strong>αὑτοῦ</strong></span> <span class='ocrx_word' id='word_1_328' title='bbox 435 4195 837 4264; x_wconf 68' lang='grc' dir='ltr'><strong>ἀποκαλύψεις,</strong></span> <span class='ocrx_word' id='word_1_329' title='bbox 872 4194 998 4248; x_wconf 75' lang='grc' dir='ltr'><strong>οὔτε</strong></span> <span class='ocrx_word' id='word_1_330' title='bbox 1032 4193 1125 4248; x_wconf 83' lang='grc' dir='ltr'><strong>τοῦ</strong></span> <span class='ocrx_word' id='word_1_331' title='bbox 1173 4195 1399 4263; x_wconf 68' lang='grc' dir='ltr'><strong>Ἰωσὴφ,</strong></span> <span class='ocrx_word' id='word_1_332' title='bbox 1429 4194 1527 4246; x_wconf 82' lang='grc' dir='ltr'><strong>τοῦ</strong></span> <span class='ocrx_word' id='word_1_333' title='bbox 1555 4195 1651 4246; x_wconf 72' lang='grc' dir='ltr'>καὶ</span> <span class='ocrx_word' id='word_1_334' title='bbox 1680 4193 1847 4247; x_wconf 78' lang='grc' dir='ltr'><strong>αὐτοῦ</strong></span> 
     </span>
    </p>
   </div>
   <div class='ocr_carea' id='block_1_43' title="bbox 243 4286 1847 4360">
    <p class='ocr_par' dir='ltr' id='par_1_43' title="bbox 243 4286 1847 4360">
     <span class='ocr_line' id='line_1_43' title="bbox 243 4286 1847 4360; baseline -0.004 -14"><span class='ocrx_word' id='word_1_335' title='bbox 243 4290 739 4360; x_wconf 68' lang='grc' dir='ltr'><strong>ἀποκαλυφθίντος</strong></span> <span class='ocrx_word' id='word_1_336' title='bbox 768 4290 851 4343; x_wconf 88' lang='grc' dir='ltr'><strong>ὅτι</strong></span> <span class='ocrx_word' id='word_1_337' title='bbox 876 4292 940 4343; x_wconf 77' lang='grc' dir='ltr'>ὲκ</span> <span class='ocrx_word' id='word_1_338' title='bbox 973 4289 1295 4359; x_wconf 83' lang='grc' dir='ltr'><strong>Πνεύματος</strong></span> <span class='ocrx_word' id='word_1_339' title='bbox 1326 4286 1483 4355; x_wconf 86' lang='grc' dir='ltr'><strong>ἁγίου</strong></span> <span class='ocrx_word' id='word_1_340' title='bbox 1510 4286 1679 4340; x_wconf 73' lang='grc' dir='ltr'><strong>ἐστίν.</strong></span> <span class='ocrx_word' id='word_1_341' title='bbox 1704 4286 1847 4339; x_wconf 74' lang='grc' dir='ltr'><strong>Ἀλλ’</strong></span> 
     </span>
    </p>
   </div>
   <div class='ocr_carea' id='block_1_44' title="bbox 240 4377 1848 4454">
    <p class='ocr_par' dir='ltr' id='par_1_44' title="bbox 240 4377 1848 4454">
     <span class='ocr_line' id='line_1_44' title="bbox 240 4377 1848 4454; baseline -0.005 -14"><span class='ocrx_word' id='word_1_342' title='bbox 240 4386 476 4454; x_wconf 76' lang='grc' dir='ltr'><strong>ιζήτουν</strong></span> <span class='ocrx_word' id='word_1_343' title='bbox 529 4381 715 4450; x_wconf 74' lang='grc' dir='ltr'><strong>αὑτὸν,</strong></span> <span class='ocrx_word' id='word_1_344' title='bbox 780 4383 981 4452; x_wconf 84' lang='grc' dir='ltr'><strong>μήπως</strong></span> <span class='ocrx_word' id='word_1_345' title='bbox 1034 4382 1252 4449; x_wconf 83' lang='grc' dir='ltr'><strong>ἀπέστη</strong></span> <span class='ocrx_word' id='word_1_346' title='bbox 1284 4381 1379 4432; x_wconf 83' lang='grc' dir='ltr'><strong>ἀπ’</strong></span> <span class='ocrx_word' id='word_1_347' title='bbox 1410 4377 1612 4444; x_wconf 71' lang='grc' dir='ltr'><strong>αὐτῶν,</strong></span> <span class='ocrx_word' id='word_1_348' title='bbox 1648 4383 1848 4449; x_wconf 82' lang='grc' dir='ltr'><strong>μήπως</strong></span> 
     </span>
    </p>
   </div>
   <div class='ocr_carea' id='block_1_45' title="bbox 244 4463 1849 4539">
    <p class='ocr_par' dir='ltr' id='par_1_45' title="bbox 244 4463 1849 4539">
     <span class='ocr_line' id='line_1_45' title="bbox 244 4463 1849 4539; baseline -0.004 -10"><span class='ocrx_word' id='word_1_349' title='bbox 244 4473 638 4529; x_wconf 77' lang='grc' dir='ltr'><strong>καταλέλοιπεν</strong></span> <span class='ocrx_word' id='word_1_350' title='bbox 698 4470 923 4532; x_wconf 79' lang='grc' dir='ltr'><strong>αὐτούς.</strong></span> <span class='ocrx_word' id='word_1_351' title='bbox 991 4471 1146 4524; x_wconf 75' lang='grc' dir='ltr'><strong>Ἐπεὶ</strong></span> <span class='ocrx_word' id='word_1_352' title='bbox 1205 4469 1264 4523; x_wconf 86' lang='grc' dir='ltr'>δὲ</span> <span class='ocrx_word' id='word_1_353' title='bbox 1309 4463 1470 4539; x_wconf 71' lang='grc' dir='ltr'><strong>εὗρον</strong></span> <span class='ocrx_word' id='word_1_354' title='bbox 1517 4470 1705 4534; x_wconf 77' lang='grc' dir='ltr'><strong>αὑτὸν,</strong></span> <span class='ocrx_word' id='word_1_355' title='bbox 1749 4470 1849 4539; x_wconf 81' lang='grc' dir='ltr'>ὅρα</span> 
     </span>
    </p>
   </div>
   <div class='ocr_carea' id='block_1_46' title="bbox 946 380 2774 446">
    <p class='ocr_par' dir='ltr' id='par_1_46' title="bbox 946 380 2774 446">
     <span class='ocr_line' id='line_1_46' title="bbox 946 380 2774 446; baseline -0.003 -1"><span class='ocrx_word' id='word_1_356' title='bbox 946 381 1395 446; x_wconf 68' lang='lat' dir='ltr'>ENARRATIO</span> <span class='ocrx_word' id='word_1_357' title='bbox 1442 381 1520 445; x_wconf 84' lang='grc' dir='ltr'>[Ν</span> <span class='ocrx_word' id='word_1_358' title='bbox 1564 380 2068 445; x_wconf 72' lang='lat' dir='ltr'>EVANGELIU.“</span> <span class='ocrx_word' id='word_1_359' title='bbox 2112 381 2349 443; x_wconf 71' lang='lat' dir='ltr'>LUt‘E.</span> <span class='ocrx_word' id='word_1_360' title='bbox 2381 407 2448 417; x_wconf 92' lang='lat'>—</span> <span class='ocrx_word' id='word_1_361' title='bbox 2480 382 2643 441; x_wconf 56' lang='grc' dir='ltr'>(ΗΡ.</span> <span class='ocrx_word' id='word_1_362' title='bbox 2689 382 2774 441; x_wconf 86' lang='lat' dir='ltr'>ll.</span> 
     </span>
    </p>
   </div>
   <div class='ocr_carea' id='block_1_47' title="bbox 3437 375 3552 443">
    <p class='ocr_par' dir='ltr' id='par_1_47' title="bbox 3437 375 3552 443">
     <span class='ocr_line' id='line_1_47' title="bbox 3437 375 3552 443; baseline 0.017 -2"><span class='ocrx_word' id='word_1_363' title='bbox 3437 375 3552 443; x_wconf 73' lang='grc'>-734</span> 
     </span>
    </p>
   </div>
   <div class='ocr_carea' id='block_1_48' title="bbox 2028 486 3553 558">
    <p class='ocr_par' dir='ltr' id='par_1_48' title="bbox 2028 486 3553 558">
     <span class='ocr_line' id='line_1_48' title="bbox 2028 486 3553 558; baseline -0.007 -12"><span class='ocrx_word' id='word_1_364' title='bbox 2028 493 2193 547; x_wconf 69' lang='lat' dir='ltr'>Vens.</span> <span class='ocrx_word' id='word_1_365' title='bbox 2245 493 2434 548; x_wconf 72' lang='grc' dir='ltr'><strong>ιιι-50.</strong></span> <span class='ocrx_word' id='word_1_366' title='bbox 2467 511 2484 542; x_wconf 80' lang='lat' dir='ltr'>t</span> <span class='ocrx_word' id='word_1_367' title='bbox 2524 491 2588 545; x_wconf 80' lang='lat' dir='ltr'>Et</span> <span class='ocrx_word' id='word_1_368' title='bbox 2622 491 2771 543; x_wconf 78' lang='lat' dir='ltr'>il-ant</span> <span class='ocrx_word' id='word_1_369' title='bbox 2818 497 3071 558; x_wconf 76' lang='lat' dir='ltr'>parentes</span> <span class='ocrx_word' id='word_1_370' title='bbox 3107 486 3224 554; x_wconf 86' lang='lat' dir='ltr'>ejus</span> <span class='ocrx_word' id='word_1_371' title='bbox 3256 490 3553 555; x_wconf 75' lang='lat' dir='ltr'>quotannis</span> 
     </span>
    </p>
   </div>
   <div class='ocr_carea' id='block_1_49' title="bbox 1948 580 3552 657">
    <p class='ocr_par' dir='ltr' id='par_1_49' title="bbox 1948 580 3552 657">
     <span class='ocr_line' id='line_1_49' title="bbox 1948 580 3552 657; baseline -0.006 -15"><span class='ocrx_word' id='word_1_372' title='bbox 1948 587 2386 657; x_wconf 79' lang='lat' dir='ltr'>Hierosolymam</span> <span class='ocrx_word' id='word_1_373' title='bbox 2419 588 2472 640; x_wconf 90' lang='lat' dir='ltr'>in</span> <span class='ocrx_word' id='word_1_374' title='bbox 2506 587 2594 640; x_wconf 89' lang='lat' dir='ltr'>die</span> <span class='ocrx_word' id='word_1_375' title='bbox 2633 585 2770 639; x_wconf 81' lang='lat' dir='ltr'>festo</span> <span class='ocrx_word' id='word_1_376' title='bbox 2833 582 3079 637; x_wconf 72' lang='lat' dir='ltr'>Paschm.</span> <span class='ocrx_word' id='word_1_377' title='bbox 3120 580 3333 634; x_wconf 81' lang='lat' dir='ltr'>Etcum</span> <span class='ocrx_word' id='word_1_378' title='bbox 3381 580 3552 632; x_wconf 68' lang='lat' dir='ltr'>tactus</span> 
     </span>
    </p>
   </div>
   <div class='ocr_carea' id='block_1_50' title="bbox 1948 673 3555 742">
    <p class='ocr_par' dir='ltr' id='par_1_50' title="bbox 1948 673 3555 742">
     <span class='ocr_line' id='line_1_50' title="bbox 1948 673 3555 742; baseline -0.008 -6"><span class='ocrx_word' id='word_1_379' title='bbox 1948 692 2095 737; x_wconf 83' lang='lat' dir='ltr'>esset</span> <span class='ocrx_word' id='word_1_380' title='bbox 2126 695 2395 734; x_wconf 87' lang='lat' dir='ltr'>annorum</span> <span class='ocrx_word' id='word_1_381' title='bbox 2423 678 2732 742; x_wconf 86' lang='lat' dir='ltr'>duodecim,</span> <span class='ocrx_word' id='word_1_382' title='bbox 2794 674 3218 730; x_wconf 75' lang='lat' dir='ltr'>ascendentibus</span> <span class='ocrx_word' id='word_1_383' title='bbox 3271 673 3377 726; x_wconf 88' lang='lat' dir='ltr'>illis</span> <span class='ocrx_word' id='word_1_384' title='bbox 3422 674 3555 726; x_wconf 81' lang='lat' dir='ltr'>Ilie-</span> 
     </span>
    </p>
   </div>
   <div class='ocr_carea' id='block_1_51' title="bbox 1949 765 3553 843">
    <p class='ocr_par' dir='ltr' id='par_1_51' title="bbox 1949 765 3553 843">
     <span class='ocr_line' id='line_1_51' title="bbox 1949 765 3553 843; baseline -0.008 -15"><span class='ocrx_word' id='word_1_385' title='bbox 1949 772 2283 843; x_wconf 71' lang='lat' dir='ltr'>rosolymam</span> <span class='ocrx_word' id='word_1_386' title='bbox 2356 772 2657 827; x_wconf 87' lang='lat' dir='ltr'>secundum</span> <span class='ocrx_word' id='word_1_387' title='bbox 2743 767 3196 823; x_wconf 84' lang='lat' dir='ltr'>consuetudinem</span> <span class='ocrx_word' id='word_1_388' title='bbox 3253 766 3357 820; x_wconf 86' lang='lat' dir='ltr'>diei</span> <span class='ocrx_word' id='word_1_389' title='bbox 3407 765 3553 826; x_wconf 74' lang='lat' dir='ltr'>festi,</span> 
     </span>
    </p>
   </div>
   <div class='ocr_carea' id='block_1_52' title="bbox 1949 860 3556 936">
    <p class='ocr_par' dir='ltr' id='par_1_52' title="bbox 1949 860 3556 936">
     <span class='ocr_line' id='line_1_52' title="bbox 1949 860 3556 936; baseline -0.009 -14"><span class='ocrx_word' id='word_1_390' title='bbox 1949 869 2456 936; x_wconf 86' lang='lat' dir='ltr'>consummatisque</span> <span class='ocrx_word' id='word_1_391' title='bbox 2487 866 2679 921; x_wconf 77' lang='lat' dir='ltr'>diebus</span> <span class='ocrx_word' id='word_1_392' title='bbox 2705 879 2829 920; x_wconf 87' lang='lat' dir='ltr'>cum</span> <span class='ocrx_word' id='word_1_393' title='bbox 2855 863 3096 917; x_wconf 82' lang='lat' dir='ltr'>redirent</span> <span class='ocrx_word' id='word_1_394' title='bbox 3134 861 3231 925; x_wconf 69' lang='lat' dir='ltr'>illi;</span> <span class='ocrx_word' id='word_1_395' title='bbox 3295 860 3556 913; x_wconf 73' lang='lat' dir='ltr'>remansit</span> 
     </span>
    </p>
   </div>
   <div class='ocr_carea' id='block_1_53' title="bbox 1948 958 3556 1031">
    <p class='ocr_par' dir='ltr' id='par_1_53' title="bbox 1948 958 3556 1031">
     <span class='ocr_line' id='line_1_53' title="bbox 1948 958 3556 1031; baseline -0.011 -15"><span class='ocrx_word' id='word_1_396' title='bbox 1948 976 2084 1031; x_wconf 80' lang='lat' dir='ltr'>puer</span> <span class='ocrx_word' id='word_1_397' title='bbox 2113 958 2270 1014; x_wconf 75' lang='lat' dir='ltr'>Jestts</span> <span class='ocrx_word' id='word_1_398' title='bbox 2296 959 2715 1028; x_wconf 70' lang='lat' dir='ltr'>Hierosolymis,</span> <span class='ocrx_word' id='word_1_399' title='bbox 2739 966 2930 1031; x_wconf 75' lang='lat' dir='ltr'>etnon</span> <span class='ocrx_word' id='word_1_400' title='bbox 2965 961 3339 1020; x_wconf 69' lang='lat' dir='ltr'>cognowrent</span> <span class='ocrx_word' id='word_1_401' title='bbox 3363 967 3556 1018; x_wconf 75' lang='lat' dir='ltr'>paren-</span> 
     </span>
    </p>
   </div>
   <div class='ocr_carea' id='block_1_54' title="bbox 1951 1026 3552 1122">
    <p class='ocr_par' dir='ltr' id='par_1_54' title="bbox 1951 1026 3552 1122">
     <span class='ocr_line' id='line_1_54' title="bbox 1951 1026 3552 1122; baseline -0.012 -13"><span class='ocrx_word' id='word_1_402' title='bbox 1951 1063 2035 1109; x_wconf 90' lang='lat' dir='ltr'>tes</span> <span class='ocrx_word' id='word_1_403' title='bbox 2121 1053 2263 1122; x_wconf 86' lang='lat' dir='ltr'>ejus.</span> <span class='ocrx_word' id='word_1_404' title='bbox 2323 1052 2594 1107; x_wconf 68' lang='lat' dir='ltr'>Cmterum</span> <span class='ocrx_word' id='word_1_405' title='bbox 2640 1050 2743 1101; x_wconf 81' lang='lat' dir='ltr'>rati</span> <span class='ocrx_word' id='word_1_406' title='bbox 2807 1026 3104 1100; x_wconf 65' lang='lat' dir='ltr'>iilutnesse</span> <span class='ocrx_word' id='word_1_407' title='bbox 3161 1046 3213 1098; x_wconf 89' lang='lat' dir='ltr'>in</span> <span class='ocrx_word' id='word_1_408' title='bbox 3273 1044 3552 1101; x_wconf 69' lang='lat' dir='ltr'>cun-italu,</span> 
     </span>
    </p>
   </div>
   <div class='ocr_carea' id='block_1_55' title="bbox 1953 1136 3557 1206">
    <p class='ocr_par' dir='ltr' id='par_1_55' title="bbox 1953 1136 3557 1206">
     <span class='ocr_line' id='line_1_55' title="bbox 1953 1136 3557 1206; baseline -0.011 -5"><span class='ocrx_word' id='word_1_409' title='bbox 1953 1154 2226 1201; x_wconf 83' lang='lat' dir='ltr'>venerunt</span> <span class='ocrx_word' id='word_1_410' title='bbox 2287 1144 2485 1197; x_wconf 91' lang='lat' dir='ltr'>itinere</span> <span class='ocrx_word' id='word_1_411' title='bbox 2545 1142 2672 1203; x_wconf 87' lang='lat' dir='ltr'>diei,</span> <span class='ocrx_word' id='word_1_412' title='bbox 2709 1151 2765 1194; x_wconf 88' lang='lat' dir='ltr'>et</span> <span class='ocrx_word' id='word_1_413' title='bbox 2839 1136 3194 1206; x_wconf 85' lang='lat' dir='ltr'>requirebant</span> <span class='ocrx_word' id='word_1_414' title='bbox 3248 1151 3371 1187; x_wconf 83' lang='lat' dir='ltr'>cum</span> <span class='ocrx_word' id='word_1_415' title='bbox 3414 1136 3557 1186; x_wconf 71' lang='lat' dir='ltr'>inter</span> 
     </span>
    </p>
   </div>
   <div class='ocr_carea' id='block_1_56' title="bbox 1951 1228 3557 1309">
    <p class='ocr_par' dir='ltr' id='par_1_56' title="bbox 1951 1228 3557 1309">
     <span class='ocr_line' id='line_1_56' title="bbox 1951 1228 3557 1309; baseline -0.011 -13"><span class='ocrx_word' id='word_1_416' title='bbox 1951 1249 2221 1309; x_wconf 81' lang='lat' dir='ltr'>cognatos</span> <span class='ocrx_word' id='word_1_417' title='bbox 2247 1247 2303 1292; x_wconf 93' lang='lat' dir='ltr'>et</span> <span class='ocrx_word' id='word_1_418' title='bbox 2332 1237 2474 1290; x_wconf 89' lang='lat' dir='ltr'>inter</span> <span class='ocrx_word' id='word_1_419' title='bbox 2520 1245 2698 1288; x_wconf 81' lang='lat' dir='ltr'>nutus.</span> <span class='ocrx_word' id='word_1_420' title='bbox 2771 1232 2835 1286; x_wconf 84' lang='lat' dir='ltr'>Et</span> <span class='ocrx_word' id='word_1_421' title='bbox 2872 1246 2993 1285; x_wconf 88' lang='lat' dir='ltr'>cum</span> <span class='ocrx_word' id='word_1_422' title='bbox 3048 1244 3151 1283; x_wconf 64' lang='lat' dir='ltr'>non</span> <span class='ocrx_word' id='word_1_423' title='bbox 3218 1228 3557 1281; x_wconf 73' lang='lat' dir='ltr'>invenissent</span> 
     </span>
    </p>
   </div>
   <div class='ocr_carea' id='block_1_57' title="bbox 1953 1326 3555 1395">
    <p class='ocr_par' dir='ltr' id='par_1_57' title="bbox 1953 1326 3555 1395">
     <span class='ocr_line' id='line_1_57' title="bbox 1953 1326 3555 1395; baseline -0.012 -8"><span class='ocrx_word' id='word_1_424' title='bbox 1953 1348 2103 1395; x_wconf 87' lang='lat' dir='ltr'>cum,</span> <span class='ocrx_word' id='word_1_425' title='bbox 2142 1331 2344 1385; x_wconf 83' lang='lat' dir='ltr'>reversi</span> <span class='ocrx_word' id='word_1_426' title='bbox 2386 1338 2513 1381; x_wconf 81' lang='lat' dir='ltr'>sunt</span> <span class='ocrx_word' id='word_1_427' title='bbox 2544 1326 3000 1395; x_wconf 72' lang='lat' dir='ltr'>Hierosolymam,</span> <span class='ocrx_word' id='word_1_428' title='bbox 3043 1327 3354 1387; x_wconf 80' lang='lat' dir='ltr'>quaerentes</span> <span class='ocrx_word' id='word_1_429' title='bbox 3407 1333 3555 1371; x_wconf 92' lang='lat' dir='ltr'>eum.</span> 
     </span>
    </p>
   </div>
   <div class='ocr_carea' id='block_1_58' title="bbox 1953 1411 3559 1491">
    <p class='ocr_par' dir='ltr' id='par_1_58' title="bbox 1953 1411 3559 1491">
     <span class='ocr_line' id='line_1_58' title="bbox 1953 1411 3559 1491; baseline -0.011 -14"><span class='ocrx_word' id='word_1_430' title='bbox 1953 1422 2020 1477; x_wconf 86' lang='lat' dir='ltr'>Et</span> <span class='ocrx_word' id='word_1_431' title='bbox 2059 1423 2257 1478; x_wconf 85' lang='lat' dir='ltr'>accidit</span> <span class='ocrx_word' id='word_1_432' title='bbox 2284 1431 2398 1491; x_wconf 82' lang='lat' dir='ltr'>post</span> <span class='ocrx_word' id='word_1_433' title='bbox 2442 1420 2704 1479; x_wconf 88' lang='lat' dir='ltr'>triduum,</span> <span class='ocrx_word' id='word_1_434' title='bbox 2748 1419 3075 1470; x_wconf 88' lang='lat' dir='ltr'>invenerunt</span> <span class='ocrx_word' id='word_1_435' title='bbox 3102 1414 3251 1467; x_wconf 72' lang='lat' dir='ltr'>iiiutn</span> <span class='ocrx_word' id='word_1_436' title='bbox 3274 1412 3326 1465; x_wconf 90' lang='lat' dir='ltr'>in</span> <span class='ocrx_word' id='word_1_437' title='bbox 3358 1411 3559 1479; x_wconf 76' lang='lat' dir='ltr'>templo</span> 
     </span>
    </p>
   </div>
   <div class='ocr_carea' id='block_1_59' title="bbox 1954 1498 3558 1571">
    <p class='ocr_par' dir='ltr' id='par_1_59' title="bbox 1954 1498 3558 1571">
     <span class='ocr_line' id='line_1_59' title="bbox 1954 1498 3558 1571; baseline -0.011 0"><span class='ocrx_word' id='word_1_438' title='bbox 1954 1515 2236 1571; x_wconf 84' lang='lat' dir='ltr'>sedentem</span> <span class='ocrx_word' id='word_1_439' title='bbox 2264 1514 2316 1567; x_wconf 90' lang='lat' dir='ltr'>in</span> <span class='ocrx_word' id='word_1_440' title='bbox 2351 1512 2528 1567; x_wconf 90' lang='lat' dir='ltr'>medio</span> <span class='ocrx_word' id='word_1_441' title='bbox 2588 1498 2901 1570; x_wconf 82' lang='lat' dir='ltr'>doctorum,</span> <span class='ocrx_word' id='word_1_442' title='bbox 2948 1506 3263 1559; x_wconf 76' lang='lat' dir='ltr'>audientem</span> <span class='ocrx_word' id='word_1_443' title='bbox 3321 1503 3463 1563; x_wconf 83' lang='lat' dir='ltr'>illos,</span> <span class='ocrx_word' id='word_1_444' title='bbox 3506 1516 3558 1554; x_wconf 69' lang='grc' dir='ltr'>οι</span> 
     </span>
    </p>
   </div>
   <div class='ocr_carea' id='block_1_60' title="bbox 1952 1595 3557 1676">
    <p class='ocr_par' dir='ltr' id='par_1_60' title="bbox 1952 1595 3557 1676">
     <span class='ocr_line' id='line_1_60' title="bbox 1952 1595 3557 1676; baseline -0.01 -15"><span class='ocrx_word' id='word_1_445' title='bbox 1952 1607 2383 1676; x_wconf 77' lang='lat' dir='ltr'>interrogantem</span> <span class='ocrx_word' id='word_1_446' title='bbox 2438 1619 2551 1656; x_wconf 79' lang='lat' dir='ltr'>ens.</span> <span class='ocrx_word' id='word_1_447' title='bbox 2606 1600 2913 1669; x_wconf 84' lang='lat' dir='ltr'>Stupebant</span> <span class='ocrx_word' id='word_1_448' title='bbox 2974 1606 3155 1650; x_wconf 89' lang='lat' dir='ltr'>autem</span> <span class='ocrx_word' id='word_1_449' title='bbox 3216 1609 3405 1648; x_wconf 85' lang='lat' dir='ltr'>omnes</span> <span class='ocrx_word' id='word_1_450' title='bbox 3464 1595 3557 1662; x_wconf 83' lang='lat' dir='ltr'>qui</span> 
     </span>
    </p>
   </div>
   <div class='ocr_carea' id='block_1_61' title="bbox 1953 1685 3557 1765">
    <p class='ocr_par' dir='ltr' id='par_1_61' title="bbox 1953 1685 3557 1765">
     <span class='ocr_line' id='line_1_61' title="bbox 1953 1685 3557 1765; baseline -0.011 -9"><span class='ocrx_word' id='word_1_451' title='bbox 1953 1715 2077 1756; x_wconf 87' lang='lat' dir='ltr'>eum</span> <span class='ocrx_word' id='word_1_452' title='bbox 2107 1698 2425 1758; x_wconf 89' lang='lat' dir='ltr'>audiebant,</span> <span class='ocrx_word' id='word_1_453' title='bbox 2467 1710 2629 1765; x_wconf 82' lang='lat' dir='ltr'>super</span> <span class='ocrx_word' id='word_1_454' title='bbox 2649 1691 3008 1760; x_wconf 82' lang='lat' dir='ltr'>intelligentia</span> <span class='ocrx_word' id='word_1_455' title='bbox 3038 1699 3090 1743; x_wconf 90' lang='lat' dir='ltr'>et</span> <span class='ocrx_word' id='word_1_456' title='bbox 3118 1686 3395 1755; x_wconf 70' lang='lat' dir='ltr'>responsis</span> <span class='ocrx_word' id='word_1_457' title='bbox 3419 1685 3557 1752; x_wconf 74' lang='lat' dir='ltr'>eius,</span> 
     </span>
    </p>
   </div>
   <div class='ocr_carea' id='block_1_62' title="bbox 1952 1777 3559 1853">
    <p class='ocr_par' dir='ltr' id='par_1_62' title="bbox 1952 1777 3559 1853">
     <span class='ocr_line' id='line_1_62' title="bbox 1952 1777 3559 1853; baseline -0.012 -6"><span class='ocrx_word' id='word_1_458' title='bbox 1952 1802 2006 1847; x_wconf 89' lang='lat' dir='ltr'>et</span> <span class='ocrx_word' id='word_1_459' title='bbox 2031 1790 2148 1845; x_wconf 79' lang='lat' dir='ltr'>viso</span> <span class='ocrx_word' id='word_1_460' title='bbox 2184 1804 2271 1853; x_wconf 87' lang='lat' dir='ltr'>eo,</span> <span class='ocrx_word' id='word_1_461' title='bbox 2297 1787 2552 1841; x_wconf 85' lang='lat' dir='ltr'>admirati</span> <span class='ocrx_word' id='word_1_462' title='bbox 2578 1795 2725 1839; x_wconf 81' lang='lat' dir='ltr'>sunt.</span> <span class='ocrx_word' id='word_1_463' title='bbox 2759 1782 2825 1835; x_wconf 87' lang='lat' dir='ltr'>Et</span> <span class='ocrx_word' id='word_1_464' title='bbox 2878 1781 3016 1835; x_wconf 80' lang='lat' dir='ltr'>dixit</span> <span class='ocrx_word' id='word_1_465' title='bbox 3081 1787 3259 1832; x_wconf 82' lang='lat' dir='ltr'>mater</span> <span class='ocrx_word' id='word_1_466' title='bbox 3328 1777 3443 1846; x_wconf 83' lang='lat' dir='ltr'>ejus</span> <span class='ocrx_word' id='word_1_467' title='bbox 3495 1778 3559 1828; x_wconf 87' lang='lat' dir='ltr'>:nl</span> 
     </span>
    </p>
   </div>
   <div class='ocr_carea' id='block_1_63' title="bbox 1954 1872 3563 1945">
    <p class='ocr_par' dir='ltr' id='par_1_63' title="bbox 1954 1872 3563 1945">
     <span class='ocr_line' id='line_1_63' title="bbox 1954 1872 3563 1945; baseline -0.009 -8"><span class='ocrx_word' id='word_1_468' title='bbox 1954 1884 2101 1938; x_wconf 86' lang='lat' dir='ltr'>illum</span> <span class='ocrx_word' id='word_1_469' title='bbox 2134 1899 2147 1935; x_wconf 89' lang='lat'><strong>:</strong></span> <span class='ocrx_word' id='word_1_470' title='bbox 2182 1880 2306 1945; x_wconf 81' lang='lat' dir='ltr'>Fili,</span> <span class='ocrx_word' id='word_1_471' title='bbox 2332 1895 2430 1933; x_wconf 84' lang='lat' dir='ltr'>cur</span> <span class='ocrx_word' id='word_1_472' title='bbox 2461 1877 2635 1931; x_wconf 75' lang='lat' dir='ltr'>fecisti</span> <span class='ocrx_word' id='word_1_473' title='bbox 2670 1875 2827 1929; x_wconf 91' lang='lat' dir='ltr'>nobis</span> <span class='ocrx_word' id='word_1_474' title='bbox 2849 1874 2928 1928; x_wconf 89' lang='lat' dir='ltr'>sic</span> <span class='ocrx_word' id='word_1_475' title='bbox 2954 1874 2976 1925; x_wconf 88' lang='lat'><strong>?</strong></span> <span class='ocrx_word' id='word_1_476' title='bbox 3005 1872 3144 1926; x_wconf 82' lang='lat' dir='ltr'>Ecce</span> <span class='ocrx_word' id='word_1_477' title='bbox 3171 1883 3325 1940; x_wconf 79' lang='lat' dir='ltr'>pater</span> <span class='ocrx_word' id='word_1_478' title='bbox 3359 1881 3484 1923; x_wconf 83' lang='lat' dir='ltr'>tuus</span> <span class='ocrx_word' id='word_1_479' title='bbox 3511 1877 3563 1922; x_wconf 69' lang='grc' dir='ltr'>νι</span> 
     </span>
    </p>
   </div>
   <div class='ocr_carea' id='block_1_64' title="bbox 1950 1963 3562 2045">
    <p class='ocr_par' dir='ltr' id='par_1_64' title="bbox 1950 1963 3562 2045">
     <span class='ocr_line' id='line_1_64' title="bbox 1950 1963 3562 2045; baseline -0.012 -13"><span class='ocrx_word' id='word_1_480' title='bbox 1950 1991 2053 2045; x_wconf 76' lang='lat' dir='ltr'>ego</span> <span class='ocrx_word' id='word_1_481' title='bbox 2088 1975 2340 2029; x_wconf 86' lang='lat' dir='ltr'>dolentes</span> <span class='ocrx_word' id='word_1_482' title='bbox 2365 1970 2746 2043; x_wconf 66' lang='lat' dir='ltr'>quaerebamus</span> <span class='ocrx_word' id='word_1_483' title='bbox 2772 1978 2845 2024; x_wconf 88' lang='lat' dir='ltr'>te.</span> <span class='ocrx_word' id='word_1_484' title='bbox 2880 1968 2947 2022; x_wconf 86' lang='lat' dir='ltr'>Et</span> <span class='ocrx_word' id='word_1_485' title='bbox 2980 1968 3057 2021; x_wconf 89' lang='lat' dir='ltr'>ait</span> <span class='ocrx_word' id='word_1_486' title='bbox 3086 1964 3154 2020; x_wconf 88' lang='lat' dir='ltr'>ad</span> <span class='ocrx_word' id='word_1_487' title='bbox 3211 1966 3335 2020; x_wconf 86' lang='lat' dir='ltr'>illos</span> <span class='ocrx_word' id='word_1_488' title='bbox 3371 1980 3384 2017; x_wconf 90' lang='lat'><strong>:</strong></span> <span class='ocrx_word' id='word_1_489' title='bbox 3422 1963 3562 2029; x_wconf 83' lang='lat' dir='ltr'>Quid</span> 
     </span>
    </p>
   </div>
   <div class='ocr_carea' id='block_1_65' title="bbox 1948 2054 3558 2137">
    <p class='ocr_par' dir='ltr' id='par_1_65' title="bbox 1948 2054 3558 2137">
     <span class='ocr_line' id='line_1_65' title="bbox 1948 2054 3558 2137; baseline -0.01 -14"><span class='ocrx_word' id='word_1_490' title='bbox 1948 2076 2033 2123; x_wconf 90' lang='lat' dir='ltr'>est</span> <span class='ocrx_word' id='word_1_491' title='bbox 2064 2066 2207 2137; x_wconf 88' lang='lat' dir='ltr'>quod</span> <span class='ocrx_word' id='word_1_492' title='bbox 2251 2064 2587 2133; x_wconf 69' lang='lat' dir='ltr'>qumrebatis</span> <span class='ocrx_word' id='word_1_493' title='bbox 2621 2062 2759 2118; x_wconf 88' lang='lat' dir='ltr'>me?</span> <span class='ocrx_word' id='word_1_494' title='bbox 2792 2062 2876 2115; x_wconf 87' lang='lat' dir='ltr'>An</span> <span class='ocrx_word' id='word_1_495' title='bbox 2927 2058 3257 2113; x_wconf 84' lang='lat' dir='ltr'>nesciebatis</span> <span class='ocrx_word' id='word_1_496' title='bbox 3316 2054 3462 2125; x_wconf 87' lang='lat' dir='ltr'>quod</span> <span class='ocrx_word' id='word_1_497' title='bbox 3504 2055 3558 2109; x_wconf 91' lang='lat' dir='ltr'>in</span> 
     </span>
    </p>
   </div>
   <div class='ocr_carea' id='block_1_66' title="bbox 1953 2148 3561 2230">
    <p class='ocr_par' dir='ltr' id='par_1_66' title="bbox 1953 2148 3561 2230">
     <span class='ocr_line' id='line_1_66' title="bbox 1953 2148 3561 2230; baseline -0.01 -15"><span class='ocrx_word' id='word_1_498' title='bbox 1953 2163 2038 2215; x_wconf 85' lang='lat' dir='ltr'>his</span> <span class='ocrx_word' id='word_1_499' title='bbox 2065 2175 2187 2230; x_wconf 77' lang='lat' dir='ltr'>qua:</span> <span class='ocrx_word' id='word_1_500' title='bbox 2221 2156 2407 2211; x_wconf 87' lang='lat' dir='ltr'>Patris</span> <span class='ocrx_word' id='word_1_501' title='bbox 2448 2157 2552 2209; x_wconf 89' lang='lat' dir='ltr'>mei</span> <span class='ocrx_word' id='word_1_502' title='bbox 2598 2165 2747 2220; x_wconf 87' lang='lat' dir='ltr'>sunt,</span> <span class='ocrx_word' id='word_1_503' title='bbox 2778 2160 2994 2223; x_wconf 75' lang='lat' dir='ltr'>oportet</span> <span class='ocrx_word' id='word_1_504' title='bbox 3030 2165 3117 2209; x_wconf 88' lang='lat' dir='ltr'>me</span> <span class='ocrx_word' id='word_1_505' title='bbox 3178 2150 3428 2205; x_wconf 83' lang='lat' dir='ltr'>esse?At</span> <span class='ocrx_word' id='word_1_506' title='bbox 3489 2148 3561 2201; x_wconf 86' lang='lat' dir='ltr'>illi</span> 
     </span>
    </p>
   </div>
   <div class='ocr_carea' id='block_1_67' title="bbox 1954 2244 3565 2316">
    <p class='ocr_par' dir='ltr' id='par_1_67' title="bbox 1954 2244 3565 2316">
     <span class='ocr_line' id='line_1_67' title="bbox 1954 2244 3565 2316; baseline -0.007 -8"><span class='ocrx_word' id='word_1_507' title='bbox 1954 2270 2061 2308; x_wconf 84' lang='lat' dir='ltr'>non</span> <span class='ocrx_word' id='word_1_508' title='bbox 2133 2252 2524 2307; x_wconf 76' lang='lat' dir='ltr'>intellexerunt</span> <span class='ocrx_word' id='word_1_509' title='bbox 2597 2263 2934 2314; x_wconf 87' lang='lat' dir='ltr'>sermonem,</span> <span class='ocrx_word' id='word_1_510' title='bbox 3008 2260 3169 2316; x_wconf 90' lang='lat' dir='ltr'>quem</span> <span class='ocrx_word' id='word_1_511' title='bbox 3228 2244 3441 2299; x_wconf 88' lang='lat' dir='ltr'>locutus</span> <span class='ocrx_word' id='word_1_512' title='bbox 3484 2254 3565 2297; x_wconf 85' lang='lat' dir='ltr'>est</span> 
     </span>
    </p>
   </div>
   <div class='ocr_carea' id='block_1_68' title="bbox 1954 2335 3563 2415">
    <p class='ocr_par' dir='ltr' id='par_1_68' title="bbox 1954 2335 3563 2415">
     <span class='ocr_line' id='line_1_68' title="bbox 1954 2335 3563 2415; baseline -0.007 -16"><span class='ocrx_word' id='word_1_513' title='bbox 1954 2346 2111 2415; x_wconf 90' lang='lat' dir='ltr'>ipsis.</span> <span class='ocrx_word' id='word_1_514' title='bbox 2152 2363 2170 2395; x_wconf 70' lang='grc' dir='ltr'>ι</span> <span class='ocrx_word' id='word_1_515' title='bbox 2207 2343 2382 2398; x_wconf 86' lang='lat' dir='ltr'>Simul</span> <span class='ocrx_word' id='word_1_516' title='bbox 2421 2342 2570 2396; x_wconf 85' lang='lat' dir='ltr'>venit</span> <span class='ocrx_word' id='word_1_517' title='bbox 2596 2356 2719 2395; x_wconf 88' lang='lat' dir='ltr'>cum</span> <span class='ocrx_word' id='word_1_518' title='bbox 2764 2340 3085 2408; x_wconf 89' lang='lat' dir='ltr'>parentibus</span> <span class='ocrx_word' id='word_1_519' title='bbox 3131 2339 3184 2392; x_wconf 93' lang='lat' dir='ltr'>in</span> <span class='ocrx_word' id='word_1_520' title='bbox 3234 2335 3563 2399; x_wconf 72' lang='lat' dir='ltr'>Jerusalem,</span> 
     </span>
    </p>
   </div>
   <div class='ocr_carea' id='block_1_69' title="bbox 1954 2430 3537 2522">
    <p class='ocr_par' dir='ltr' id='par_1_69' title="bbox 1954 2430 3537 2522">
     <span class='ocr_line' id='line_1_69' title="bbox 1954 2430 3537 2522; baseline -0.006 -30"><span class='ocrx_word' id='word_1_521' title='bbox 1954 2450 2012 2492; x_wconf 84' lang='grc' dir='ltr'>ιιι</span> <span class='ocrx_word' id='word_1_522' title='bbox 2046 2454 2143 2509; x_wconf 90' lang='lat' dir='ltr'>per</span> <span class='ocrx_word' id='word_1_523' title='bbox 2175 2438 2359 2491; x_wconf 83' lang='lat' dir='ltr'>omnia</span> <span class='ocrx_word' id='word_1_524' title='bbox 2394 2435 2643 2489; x_wconf 79' lang='lat' dir='ltr'>ostendat</span> <span class='ocrx_word' id='word_1_525' title='bbox 2669 2449 2729 2489; x_wconf 89' lang='lat' dir='ltr'>se</span> <span class='ocrx_word' id='word_1_526' title='bbox 2753 2448 2863 2522; x_wconf 60' lang='lat' dir='ltr'>non</span> <span class='ocrx_word' id='word_1_527' title='bbox 2902 2432 3285 2490; x_wconf 84' lang='lat' dir='ltr'>adversarium</span> <span class='ocrx_word' id='word_1_528' title='bbox 3312 2430 3442 2494; x_wconf 84' lang='lat' dir='ltr'>Dcn,</span> <span class='ocrx_word' id='word_1_529' title='bbox 3472 2447 3537 2483; x_wconf 88' lang='lat' dir='ltr'>ne</span> 
     </span>
    </p>
   </div>
   <div class='ocr_carea' id='block_1_70' title="bbox 1951 2525 3563 2602">
    <p class='ocr_par' dir='ltr' id='par_1_70' title="bbox 1951 2525 3563 2602">
     <span class='ocr_line' id='line_1_70' title="bbox 1951 2525 3563 2602; baseline -0.006 -18"><span class='ocrx_word' id='word_1_530' title='bbox 1951 2546 2057 2602; x_wconf 85' lang='lat' dir='ltr'>que</span> <span class='ocrx_word' id='word_1_531' title='bbox 2091 2544 2486 2602; x_wconf 76' lang='lat' dir='ltr'>repugnantem</span> <span class='ocrx_word' id='word_1_532' title='bbox 2516 2529 2603 2584; x_wconf 79' lang='lat' dir='ltr'>liis</span> <span class='ocrx_word' id='word_1_533' title='bbox 2625 2544 2743 2597; x_wconf 77' lang='lat' dir='ltr'>quae</span> <span class='ocrx_word' id='word_1_534' title='bbox 2766 2542 2794 2582; x_wconf 88' lang='lat' dir='ltr'>a</span> <span class='ocrx_word' id='word_1_535' title='bbox 2817 2527 2936 2597; x_wconf 82' lang='lat' dir='ltr'>lege</span> <span class='ocrx_word' id='word_1_536' title='bbox 2956 2528 3131 2596; x_wconf 89' lang='lat' dir='ltr'>posita</span> <span class='ocrx_word' id='word_1_537' title='bbox 3159 2525 3398 2581; x_wconf 82' lang='lat' dir='ltr'>fuerunt.</span> <span class='ocrx_word' id='word_1_538' title='bbox 3428 2525 3563 2579; x_wconf 88' lang='lat' dir='ltr'>Cum</span> 
     </span>
    </p>
   </div>
   <div class='ocr_carea' id='block_1_71' title="bbox 1954 2619 3562 2699">
    <p class='ocr_par' dir='ltr' id='par_1_71' title="bbox 1954 2619 3562 2699">
     <span class='ocr_line' id='line_1_71' title="bbox 1954 2619 3562 2699; baseline -0.005 -21"><span class='ocrx_word' id='word_1_539' title='bbox 1954 2623 2316 2699; x_wconf 83' lang='lat' dir='ltr'>perfecissent</span> <span class='ocrx_word' id='word_1_540' title='bbox 2347 2632 2529 2677; x_wconf 88' lang='lat' dir='ltr'>autem</span> <span class='ocrx_word' id='word_1_541' title='bbox 2584 2621 2702 2676; x_wconf 84' lang='lat' dir='ltr'>dies</span> <span class='ocrx_word' id='word_1_542' title='bbox 2762 2631 2995 2691; x_wconf 81' lang='lat' dir='ltr'>septem,</span> <span class='ocrx_word' id='word_1_543' title='bbox 3058 2619 3281 2674; x_wconf 63' lang='lat' dir='ltr'>Pascha!</span> <span class='ocrx_word' id='word_1_544' title='bbox 3331 2619 3562 2682; x_wconf 85' lang='lat' dir='ltr'>scilicet,</span> 
     </span>
    </p>
   </div>
   <div class='ocr_carea' id='block_1_72' title="bbox 1954 2708 3564 2782">
    <p class='ocr_par' dir='ltr' id='par_1_72' title="bbox 1954 2708 3564 2782">
     <span class='ocr_line' id='line_1_72' title="bbox 1954 2708 3564 2782; baseline -0.004 -14"><span class='ocrx_word' id='word_1_545' title='bbox 1954 2714 2156 2769; x_wconf 89' lang='lat' dir='ltr'>mansit</span> <span class='ocrx_word' id='word_1_546' title='bbox 2194 2716 2245 2767; x_wconf 89' lang='lat' dir='ltr'>in</span> <span class='ocrx_word' id='word_1_547' title='bbox 2276 2713 2603 2769; x_wconf 84' lang='lat' dir='ltr'>Jerusalem.</span> <span class='ocrx_word' id='word_1_548' title='bbox 2626 2713 2951 2782; x_wconf 76' lang='lat' dir='ltr'>Disputabat</span> <span class='ocrx_word' id='word_1_549' title='bbox 2970 2709 3153 2764; x_wconf 67' lang='lat' dir='ltr'>aut‘ém</span> <span class='ocrx_word' id='word_1_550' title='bbox 3176 2725 3297 2764; x_wconf 91' lang='lat' dir='ltr'>cum</span> <span class='ocrx_word' id='word_1_551' title='bbox 3324 2708 3564 2768; x_wconf 67' lang='lat' dir='ltr'>Scribis.</span> 
     </span>
    </p>
   </div>
   <div class='ocr_carea' id='block_1_73' title="bbox 1957 2800 3571 2876">
    <p class='ocr_par' dir='ltr' id='par_1_73' title="bbox 1957 2800 3571 2876">
     <span class='ocr_line' id='line_1_73' title="bbox 1957 2800 3571 2876; baseline -0.005 -12"><span class='ocrx_word' id='word_1_552' title='bbox 1957 2820 2163 2875; x_wconf 77' lang='lat' dir='ltr'>rogans</span> <span class='ocrx_word' id='word_1_553' title='bbox 2192 2820 2288 2861; x_wconf 92' lang='lat' dir='ltr'>eos</span> <span class='ocrx_word' id='word_1_554' title='bbox 2313 2806 2381 2860; x_wconf 88' lang='lat' dir='ltr'>de</span> <span class='ocrx_word' id='word_1_555' title='bbox 2414 2806 2529 2876; x_wconf 80' lang='lat' dir='ltr'>lege</span> <span class='ocrx_word' id='word_1_556' title='bbox 2567 2814 2659 2860; x_wconf 88' lang='lat' dir='ltr'>:et</span> <span class='ocrx_word' id='word_1_557' title='bbox 2691 2805 3094 2873; x_wconf 87' lang='lat' dir='ltr'>obstupuerunt</span> <span class='ocrx_word' id='word_1_558' title='bbox 3147 2817 3357 2856; x_wconf 84' lang='lat' dir='ltr'>omnes.</span> <span class='ocrx_word' id='word_1_559' title='bbox 3408 2800 3571 2855; x_wconf 71' lang='lat' dir='ltr'>Vides</span> 
     </span>
    </p>
   </div>
   <div class='ocr_carea' id='block_1_74' title="bbox 1956 2893 3567 2965">
    <p class='ocr_par' dir='ltr' id='par_1_74' title="bbox 1956 2893 3567 2965">
     <span class='ocr_line' id='line_1_74' title="bbox 1956 2893 3567 2965; baseline -0.004 -16"><span class='ocrx_word' id='word_1_560' title='bbox 1956 2896 2233 2965; x_wconf 83' lang='lat' dir='ltr'>quomodo</span> <span class='ocrx_word' id='word_1_561' title='bbox 2263 2896 2561 2964; x_wconf 82' lang='lat' dir='ltr'>profecerit</span> <span class='ocrx_word' id='word_1_562' title='bbox 2584 2896 2636 2949; x_wconf 92' lang='lat' dir='ltr'>in</span> <span class='ocrx_word' id='word_1_563' title='bbox 2664 2894 3039 2963; x_wconf 83' lang='lat' dir='ltr'>sapientia,eo</span> <span class='ocrx_word' id='word_1_564' title='bbox 3070 2893 3214 2961; x_wconf 83' lang='lat' dir='ltr'>quod</span> <span class='ocrx_word' id='word_1_565' title='bbox 3245 2901 3567 2946; x_wconf 82' lang='lat' dir='ltr'>nosceretur</span> 
     </span>
    </p>
   </div>
   <div class='ocr_carea' id='block_1_75' title="bbox 1953 2983 3567 3049">
    <p class='ocr_par' dir='ltr' id='par_1_75' title="bbox 1953 2983 3567 3049">
     <span class='ocr_line' id='line_1_75' title="bbox 1953 2983 3567 3049; baseline -0.006 -7"><span class='ocrx_word' id='word_1_566' title='bbox 1953 3003 1981 3042; x_wconf 86' lang='lat' dir='ltr'>a</span> <span class='ocrx_word' id='word_1_567' title='bbox 2018 2987 2227 3049; x_wconf 86' lang='lat' dir='ltr'>multis,</span> <span class='ocrx_word' id='word_1_568' title='bbox 2267 2989 2401 3043; x_wconf 90' lang='lat' dir='ltr'>etin</span> <span class='ocrx_word' id='word_1_569' title='bbox 2444 2988 2809 3042; x_wconf 84' lang='lat' dir='ltr'>admiratione</span> <span class='ocrx_word' id='word_1_570' title='bbox 2860 2986 3046 3042; x_wconf 88' lang='lat' dir='ltr'>esset?</span> <span class='ocrx_word' id='word_1_571' title='bbox 3108 2985 3377 3039; x_wconf 85' lang='lat' dir='ltr'>Emicatio</span> <span class='ocrx_word' id='word_1_572' title='bbox 3420 2983 3567 3035; x_wconf 86' lang='lat' dir='ltr'>enim</span> 
     </span>
    </p>
   </div>
   <div class='ocr_carea' id='block_1_76' title="bbox 1951 3073 3570 3150">
    <p class='ocr_par' dir='ltr' id='par_1_76' title="bbox 1951 3073 3570 3150">
     <span class='ocr_line' id='line_1_76' title="bbox 1951 3073 3570 3150; baseline -0.005 -15"><span class='ocrx_word' id='word_1_573' title='bbox 1951 3082 2237 3147; x_wconf 70' lang='lat' dir='ltr'>Sapientia:</span> <span class='ocrx_word' id='word_1_574' title='bbox 2260 3080 2400 3149; x_wconf 86' lang='lat' dir='ltr'>ejus,</span> <span class='ocrx_word' id='word_1_575' title='bbox 2432 3080 2717 3149; x_wconf 82' lang='lat' dir='ltr'>profectus</span> <span class='ocrx_word' id='word_1_576' title='bbox 2738 3079 2856 3150; x_wconf 91' lang='lat' dir='ltr'>ipse</span> <span class='ocrx_word' id='word_1_577' title='bbox 2885 3087 2989 3135; x_wconf 90' lang='lat' dir='ltr'>est.</span> <span class='ocrx_word' id='word_1_578' title='bbox 3021 3077 3195 3132; x_wconf 85' lang='lat' dir='ltr'>Porro</span> <span class='ocrx_word' id='word_1_579' title='bbox 3249 3078 3424 3147; x_wconf 87' lang='lat' dir='ltr'>ipsum</span> <span class='ocrx_word' id='word_1_580' title='bbox 3473 3073 3570 3129; x_wconf 63' lang='lat' dir='ltr'>Ie-</span> 
     </span>
    </p>
   </div>
   <div class='ocr_carea' id='block_1_77' title="bbox 1877 3168 3569 3267">
    <p class='ocr_par' dir='ltr' id='par_1_77' title="bbox 1877 3168 3569 3267">
     <span class='ocr_line' id='line_1_77' title="bbox 1877 3168 3569 3267; baseline -0.004 -39"><span class='ocrx_word' id='word_1_581' title='bbox 1877 3204 1922 3267; x_wconf 66' lang='grc' dir='ltr'><strong>ο</strong></span> <span class='ocrx_word' id='word_1_582' title='bbox 1956 3174 2088 3243; x_wconf 87' lang='lat' dir='ltr'>seph</span> <span class='ocrx_word' id='word_1_583' title='bbox 2135 3182 2345 3243; x_wconf 86' lang='lat' dir='ltr'>patrem</span> <span class='ocrx_word' id='word_1_584' title='bbox 2381 3175 2630 3227; x_wconf 88' lang='lat' dir='ltr'>nominat</span> <span class='ocrx_word' id='word_1_585' title='bbox 2656 3172 2750 3226; x_wconf 90' lang='lat' dir='ltr'>Dei</span> <span class='ocrx_word' id='word_1_586' title='bbox 2776 3170 3051 3233; x_wconf 83' lang='lat' dir='ltr'>Genitrix,</span> <span class='ocrx_word' id='word_1_587' title='bbox 3117 3170 3297 3225; x_wconf 82' lang='lat' dir='ltr'>sciens</span> <span class='ocrx_word' id='word_1_588' title='bbox 3346 3168 3569 3237; x_wconf 86' lang='lat' dir='ltr'>quidem</span> 
     </span>
    </p>
   </div>
   <div class='ocr_carea' id='block_1_78' title="bbox 1954 3264 3575 3338">
    <p class='ocr_par' dir='ltr' id='par_1_78' title="bbox 1954 3264 3575 3338">
     <span class='ocr_line' id='line_1_78' title="bbox 1954 3264 3575 3338; baseline -0.004 -15"><span class='ocrx_word' id='word_1_589' title='bbox 1954 3285 2063 3323; x_wconf 87' lang='lat' dir='ltr'>non</span> <span class='ocrx_word' id='word_1_590' title='bbox 2126 3282 2247 3323; x_wconf 85' lang='lat' dir='ltr'>esse</span> <span class='ocrx_word' id='word_1_591' title='bbox 2270 3278 2481 3338; x_wconf 86' lang='lat' dir='ltr'>patrem</span> <span class='ocrx_word' id='word_1_592' title='bbox 2523 3288 2535 3322; x_wconf 92' lang='lat'><strong>:</strong></span> <span class='ocrx_word' id='word_1_593' title='bbox 2564 3276 2941 3324; x_wconf 86' lang='lat' dir='ltr'>verumtamen</span> <span class='ocrx_word' id='word_1_594' title='bbox 2969 3277 3194 3337; x_wconf 84' lang='lat' dir='ltr'>propter</span> <span class='ocrx_word' id='word_1_595' title='bbox 3224 3264 3460 3330; x_wconf 68' lang='lat' dir='ltr'>Judmos,</span> <span class='ocrx_word' id='word_1_596' title='bbox 3515 3272 3575 3318; x_wconf 89' lang='lat' dir='ltr'>ut</span> 
     </span>
    </p>
   </div>
   <div class='ocr_carea' id='block_1_79' title="bbox 1958 3361 3572 3435">
    <p class='ocr_par' dir='ltr' id='par_1_79' title="bbox 1958 3361 3572 3435">
     <span class='ocr_line' id='line_1_79' title="bbox 1958 3361 3572 3435; baseline -0.005 -14"><span class='ocrx_word' id='word_1_597' title='bbox 1958 3382 2026 3421; x_wconf 91' lang='lat' dir='ltr'>ne</span> <span class='ocrx_word' id='word_1_598' title='bbox 2060 3367 2314 3421; x_wconf 82' lang='lat' dir='ltr'>videatur</span> <span class='ocrx_word' id='word_1_599' title='bbox 2342 3382 2406 3420; x_wconf 79' lang='lat' dir='ltr'>ex</span> <span class='ocrx_word' id='word_1_600' title='bbox 2446 3365 2812 3422; x_wconf 76' lang='lat' dir='ltr'>fornicatione</span> <span class='ocrx_word' id='word_1_601' title='bbox 2840 3372 3166 3435; x_wconf 81' lang='lat' dir='ltr'>prognatus,</span> <span class='ocrx_word' id='word_1_602' title='bbox 3194 3371 3404 3432; x_wconf 83' lang='lat' dir='ltr'>patrem</span> <span class='ocrx_word' id='word_1_603' title='bbox 3454 3361 3572 3428; x_wconf 84' lang='lat' dir='ltr'>ejus</span> 
     </span>
    </p>
   </div>
   <div class='ocr_carea' id='block_1_80' title="bbox 1953 3456 3571 3530">
    <p class='ocr_par' dir='ltr' id='par_1_80' title="bbox 1953 3456 3571 3530">
     <span class='ocr_line' id='line_1_80' title="bbox 1953 3456 3571 3530; baseline -0.004 -17"><span class='ocrx_word' id='word_1_604' title='bbox 1953 3458 2087 3514; x_wconf 82' lang='lat' dir='ltr'>dicit</span> <span class='ocrx_word' id='word_1_605' title='bbox 2113 3459 2340 3530; x_wconf 81' lang='lat' dir='ltr'>Joseplt.</span> <span class='ocrx_word' id='word_1_606' title='bbox 2374 3456 2472 3513; x_wconf 77' lang='lat' dir='ltr'>Vel</span> <span class='ocrx_word' id='word_1_607' title='bbox 2500 3458 2686 3512; x_wconf 87' lang='lat' dir='ltr'>aliter:</span> <span class='ocrx_word' id='word_1_608' title='bbox 2725 3457 2995 3523; x_wconf 78' lang='lat' dir='ltr'>Quoniam</span> <span class='ocrx_word' id='word_1_609' title='bbox 3032 3456 3353 3525; x_wconf 80' lang='lat' dir='ltr'>velutpater</span> <span class='ocrx_word' id='word_1_610' title='bbox 3381 3470 3571 3507; x_wconf 85' lang='lat' dir='ltr'>curant</span> 
     </span>
    </p>
   </div>
   <div class='ocr_carea' id='block_1_81' title="bbox 1956 3549 3563 3629">
    <p class='ocr_par' dir='ltr' id='par_1_81' title="bbox 1956 3549 3563 3629">
     <span class='ocr_line' id='line_1_81' title="bbox 1956 3549 3563 3629; baseline -0.007 -21"><span class='ocrx_word' id='word_1_611' title='bbox 1956 3554 2112 3624; x_wconf 85' lang='lat' dir='ltr'>pueri</span> <span class='ocrx_word' id='word_1_612' title='bbox 2145 3553 2395 3629; x_wconf 82' lang='lat' dir='ltr'>gerebat,</span> <span class='ocrx_word' id='word_1_613' title='bbox 2432 3562 2485 3621; x_wconf 77' lang='lat' dir='ltr'>et</span> <span class='ocrx_word' id='word_1_614' title='bbox 2524 3551 2689 3607; x_wconf 78' lang='lat' dir='ltr'>simul</span> <span class='ocrx_word' id='word_1_615' title='bbox 2739 3550 3126 3606; x_wconf 80' lang='lat' dir='ltr'>conversanth</span> <span class='ocrx_word' id='word_1_616' title='bbox 3196 3549 3563 3613; x_wconf 64' lang='lat' dir='ltr'>ministrabat,</span> 
     </span>
    </p>
   </div>
   <div class='ocr_carea' id='block_1_82' title="bbox 1955 3635 3576 3715">
    <p class='ocr_par' dir='ltr' id='par_1_82' title="bbox 1955 3635 3576 3715">
     <span class='ocr_line' id='line_1_82' title="bbox 1955 3635 3576 3715; baseline -0.004 -13"><span class='ocrx_word' id='word_1_617' title='bbox 1955 3648 2152 3703; x_wconf 81' lang='lat' dir='ltr'>merito</span> <span class='ocrx_word' id='word_1_618' title='bbox 2180 3635 2658 3701; x_wconf 82' lang='lat' dir='ltr'>nominavltillum</span> <span class='ocrx_word' id='word_1_619' title='bbox 2692 3654 2930 3715; x_wconf 80' lang='lat' dir='ltr'>patrem,</span> <span class='ocrx_word' id='word_1_620' title='bbox 2971 3653 3230 3712; x_wconf 87' lang='lat' dir='ltr'>tanquam</span> <span class='ocrx_word' id='word_1_621' title='bbox 3269 3641 3576 3696; x_wconf 82' lang='lat' dir='ltr'>ltonnrante</span> 
     </span>
    </p>
   </div>
   <div class='ocr_carea' id='block_1_83' title="bbox 1954 3734 3577 3807">
    <p class='ocr_par' dir='ltr' id='par_1_83' title="bbox 1954 3734 3577 3807">
     <span class='ocr_line' id='line_1_83' title="bbox 1954 3734 3577 3807; baseline -0.003 -14"><span class='ocrx_word' id='word_1_622' title='bbox 1954 3739 2106 3793; x_wconf 90' lang='lat' dir='ltr'>illum</span> <span class='ocrx_word' id='word_1_623' title='bbox 2186 3738 2392 3807; x_wconf 87' lang='lat' dir='ltr'>Spiritu</span> <span class='ocrx_word' id='word_1_624' title='bbox 2491 3746 2684 3792; x_wconf 84' lang='lat' dir='ltr'>sancto</span> <span class='ocrx_word' id='word_1_625' title='bbox 2767 3736 2945 3806; x_wconf 83' lang='lat' dir='ltr'>patris</span> <span class='ocrx_word' id='word_1_626' title='bbox 3020 3734 3307 3789; x_wconf 84' lang='lat' dir='ltr'>vocabulo.</span> <span class='ocrx_word' id='word_1_627' title='bbox 3395 3734 3577 3800; x_wconf 85' lang='lat' dir='ltr'>Quare</span> 
     </span>
    </p>
   </div>
   <div class='ocr_carea' id='block_1_84' title="bbox 1956 3826 3575 3902">
    <p class='ocr_par' dir='ltr' id='par_1_84' title="bbox 1956 3826 3575 3902">
     <span class='ocr_line' id='line_1_84' title="bbox 1956 3826 3575 3902; baseline -0.004 -15"><span class='ocrx_word' id='word_1_628' title='bbox 1956 3842 2135 3887; x_wconf 89' lang='lat' dir='ltr'>autem</span> <span class='ocrx_word' id='word_1_629' title='bbox 2169 3832 2485 3902; x_wconf 58' lang='lat' dir='ltr'>quarebant</span> <span class='ocrx_word' id='word_1_630' title='bbox 2520 3830 2715 3886; x_wconf 91' lang='lat' dir='ltr'>illum?</span> <span class='ocrx_word' id='word_1_631' title='bbox 2747 3826 2889 3885; x_wconf 82' lang='lat' dir='ltr'>Num</span> <span class='ocrx_word' id='word_1_632' title='bbox 2930 3829 3357 3896; x_wconf 62' lang='lat' dir='ltr'>suspicabantur</span> <span class='ocrx_word' id='word_1_633' title='bbox 3393 3826 3575 3895; x_wconf 87' lang='lat' dir='ltr'>perdi-</span> 
     </span>
    </p>
   </div>
   <div class='ocr_carea' id='block_1_85' title="bbox 1959 3920 3576 3993">
    <p class='ocr_par' dir='ltr' id='par_1_85' title="bbox 1959 3920 3576 3993">
     <span class='ocr_line' id='line_1_85' title="bbox 1959 3920 3576 3993; baseline -0.004 -15"><span class='ocrx_word' id='word_1_634' title='bbox 1959 3938 2069 3979; x_wconf 90' lang='lat' dir='ltr'>tum</span> <span class='ocrx_word' id='word_1_635' title='bbox 2106 3926 2256 3979; x_wconf 89' lang='lat' dir='ltr'>illum</span> <span class='ocrx_word' id='word_1_636' title='bbox 2304 3934 2398 3980; x_wconf 89' lang='lat' dir='ltr'>aut</span> <span class='ocrx_word' id='word_1_637' title='bbox 2450 3925 2595 3993; x_wconf 85' lang='lat' dir='ltr'>quod</span> <span class='ocrx_word' id='word_1_638' title='bbox 2650 3925 2961 3979; x_wconf 85' lang='lat' dir='ltr'>aberrasset</span> <span class='ocrx_word' id='word_1_639' title='bbox 3024 3934 3083 3977; x_wconf 86' lang='lat' dir='ltr'>ut</span> <span class='ocrx_word' id='word_1_640' title='bbox 3141 3922 3313 3989; x_wconf 86' lang='lat' dir='ltr'>puer?</span> <span class='ocrx_word' id='word_1_641' title='bbox 3378 3920 3576 3975; x_wconf 82' lang='lat' dir='ltr'>Absit!</span> 
     </span>
    </p>
   </div>
   <div class='ocr_carea' id='block_1_86' title="bbox 1954 4014 3575 4089">
    <p class='ocr_par' dir='ltr' id='par_1_86' title="bbox 1954 4014 3575 4089">
     <span class='ocr_line' id='line_1_86' title="bbox 1954 4014 3575 4089; baseline -0.003 -16"><span class='ocrx_word' id='word_1_642' title='bbox 1954 4016 2142 4087; x_wconf 82' lang='lat' dir='ltr'>Neque</span> <span class='ocrx_word' id='word_1_643' title='bbox 2221 4020 2364 4072; x_wconf 88' lang='lat' dir='ltr'>enim</span> <span class='ocrx_word' id='word_1_644' title='bbox 2444 4021 2547 4074; x_wconf 81' lang='lat' dir='ltr'>hoc</span> <span class='ocrx_word' id='word_1_645' title='bbox 2618 4019 3037 4089; x_wconf 62' lang='lat' dir='ltr'>sapientissime</span> <span class='ocrx_word' id='word_1_646' title='bbox 3098 4015 3285 4069; x_wconf 57' lang='lat' dir='ltr'>Marte</span> <span class='ocrx_word' id='word_1_647' title='bbox 3385 4014 3575 4077; x_wconf 78' lang='lat' dir='ltr'>fuerit.</span> 
     </span>
    </p>
   </div>
   <div class='ocr_carea' id='block_1_87' title="bbox 1954 4106 3578 4178">
    <p class='ocr_par' dir='ltr' id='par_1_87' title="bbox 1954 4106 3578 4178">
     <span class='ocr_line' id='line_1_87' title="bbox 1954 4106 3578 4178; baseline 0 -19"><span class='ocrx_word' id='word_1_648' title='bbox 1954 4123 2073 4178; x_wconf 77' lang='lat' dir='ltr'>qua:</span> <span class='ocrx_word' id='word_1_649' title='bbox 2115 4106 2383 4178; x_wconf 87' lang='lat' dir='ltr'>plurimas</span> <span class='ocrx_word' id='word_1_650' title='bbox 2413 4108 2478 4162; x_wconf 87' lang='lat' dir='ltr'>de</span> <span class='ocrx_word' id='word_1_651' title='bbox 2515 4108 2608 4162; x_wconf 86' lang='lat' dir='ltr'>illo</span> <span class='ocrx_word' id='word_1_652' title='bbox 2643 4114 2935 4175; x_wconf 88' lang='lat' dir='ltr'>acceperat</span> <span class='ocrx_word' id='word_1_653' title='bbox 2962 4106 3349 4168; x_wconf 83' lang='lat' dir='ltr'>revelationes,</span> <span class='ocrx_word' id='word_1_654' title='bbox 3401 4118 3578 4174; x_wconf 86' lang='lat' dir='ltr'>neque</span> 
     </span>
    </p>
   </div>
   <div class='ocr_carea' id='block_1_88' title="bbox 1952 4196 3581 4271">
    <p class='ocr_par' dir='ltr' id='par_1_88' title="bbox 1952 4196 3581 4271">
     <span class='ocr_line' id='line_1_88' title="bbox 1952 4196 3581 4271; baseline -0.002 -17"><span class='ocrx_word' id='word_1_655' title='bbox 1952 4199 2179 4271; x_wconf 82' lang='lat' dir='ltr'>.loseplt,</span> <span class='ocrx_word' id='word_1_656' title='bbox 2207 4202 2293 4255; x_wconf 91' lang='lat' dir='ltr'>cui</span> <span class='ocrx_word' id='word_1_657' title='bbox 2322 4210 2375 4255; x_wconf 93' lang='lat' dir='ltr'>et</span> <span class='ocrx_word' id='word_1_658' title='bbox 2401 4201 2502 4269; x_wconf 89' lang='lat' dir='ltr'>ipsi</span> <span class='ocrx_word' id='word_1_659' title='bbox 2526 4201 2593 4255; x_wconf 90' lang='lat' dir='ltr'>de</span> <span class='ocrx_word' id='word_1_660' title='bbox 2622 4201 2715 4254; x_wconf 88' lang='lat' dir='ltr'>illo</span> <span class='ocrx_word' id='word_1_661' title='bbox 2754 4200 3057 4254; x_wconf 88' lang='lat' dir='ltr'>revelatum</span> <span class='ocrx_word' id='word_1_662' title='bbox 3085 4209 3205 4251; x_wconf 89' lang='lat' dir='ltr'>erat</span> <span class='ocrx_word' id='word_1_663' title='bbox 3229 4197 3373 4266; x_wconf 86' lang='lat' dir='ltr'>quod</span> <span class='ocrx_word' id='word_1_664' title='bbox 3399 4214 3426 4251; x_wconf 89' lang='lat' dir='ltr'>a</span> <span class='ocrx_word' id='word_1_665' title='bbox 3455 4196 3581 4267; x_wconf 65' lang='lat' dir='ltr'>Spi‘</span> 
     </span>
    </p>
   </div>
   <div class='ocr_carea' id='block_1_89' title="bbox 1959 4293 3580 4367">
    <p class='ocr_par' dir='ltr' id='par_1_89' title="bbox 1959 4293 3580 4367">
     <span class='ocr_line' id='line_1_89' title="bbox 1959 4293 3580 4367; baseline -0.003 -18"><span class='ocrx_word' id='word_1_666' title='bbox 1959 4295 2064 4349; x_wconf 88' lang='lat' dir='ltr'>ritu</span> <span class='ocrx_word' id='word_1_667' title='bbox 2099 4303 2292 4350; x_wconf 85' lang='lat' dir='ltr'>sancto</span> <span class='ocrx_word' id='word_1_668' title='bbox 2336 4305 2502 4350; x_wconf 87' lang='lat' dir='ltr'>esset.</span> <span class='ocrx_word' id='word_1_669' title='bbox 2536 4293 2738 4349; x_wconf 83' lang='lat' dir='ltr'>Verum</span> <span class='ocrx_word' id='word_1_670' title='bbox 2794 4293 3121 4367; x_wconf 71' lang='lat' dir='ltr'>quaerebant</span> <span class='ocrx_word' id='word_1_671' title='bbox 3171 4293 3344 4358; x_wconf 88' lang='lat' dir='ltr'>illum,</span> <span class='ocrx_word' id='word_1_672' title='bbox 3381 4307 3447 4346; x_wconf 90' lang='lat' dir='ltr'>ne</span> <span class='ocrx_word' id='word_1_673' title='bbox 3469 4306 3580 4360; x_wconf 89' lang='lat' dir='ltr'>quo</span> 
     </span>
    </p>
   </div>
   <div class='ocr_carea' id='block_1_90' title="bbox 1958 4383 3575 4457">
    <p class='ocr_par' dir='ltr' id='par_1_90' title="bbox 1958 4383 3575 4457">
     <span class='ocr_line' id='line_1_90' title="bbox 1958 4383 3575 4457; baseline -0.001 -16"><span class='ocrx_word' id='word_1_674' title='bbox 1958 4397 2118 4457; x_wconf 88' lang='lat' dir='ltr'>pacto</span> <span class='ocrx_word' id='word_1_675' title='bbox 2138 4388 2207 4442; x_wconf 89' lang='lat' dir='ltr'>ab</span> <span class='ocrx_word' id='word_1_676' title='bbox 2232 4390 2312 4443; x_wconf 87' lang='lat' dir='ltr'>eis</span> <span class='ocrx_word' id='word_1_677' title='bbox 2343 4388 2589 4452; x_wconf 88' lang='lat' dir='ltr'>abiissct,</span> <span class='ocrx_word' id='word_1_678' title='bbox 2610 4403 2788 4457; x_wconf 87' lang='lat' dir='ltr'>neque</span> <span class='ocrx_word' id='word_1_679' title='bbox 2807 4386 2944 4442; x_wconf 76' lang='lat' dir='ltr'>forte</span> <span class='ocrx_word' id='word_1_680' title='bbox 2964 4388 3284 4457; x_wconf 87' lang='lat' dir='ltr'>reliquisset</span> <span class='ocrx_word' id='word_1_681' title='bbox 3302 4385 3446 4440; x_wconf 89' lang='lat' dir='ltr'>illos.</span> <span class='ocrx_word' id='word_1_682' title='bbox 3474 4383 3575 4440; x_wconf 86' lang='lat' dir='ltr'>Ubi</span> 
     </span>
    </p>
   </div>
   <div class='ocr_carea' id='block_1_91' title="bbox 1963 4480 3575 4552">
    <p class='ocr_par' dir='ltr' id='par_1_91' title="bbox 1963 4480 3575 4552">
     <span class='ocr_line' id='line_1_91' title="bbox 1963 4480 3575 4552; baseline -0.001 -18"><span class='ocrx_word' id='word_1_683' title='bbox 1963 4491 2144 4536; x_wconf 88' lang='lat' dir='ltr'>autem</span> <span class='ocrx_word' id='word_1_684' title='bbox 2180 4482 2511 4537; x_wconf 84' lang='lat' dir='ltr'>invenerunt</span> <span class='ocrx_word' id='word_1_685' title='bbox 2543 4497 2692 4541; x_wconf 91' lang='lat' dir='ltr'>eum.</span> <span class='ocrx_word' id='word_1_686' title='bbox 2723 4481 2846 4537; x_wconf 82' lang='lat' dir='ltr'>vide</span> <span class='ocrx_word' id='word_1_687' title='bbox 2877 4483 3156 4552; x_wconf 87' lang='lat' dir='ltr'>quomodo</span> <span class='ocrx_word' id='word_1_688' title='bbox 3178 4480 3313 4549; x_wconf 88' lang='lat' dir='ltr'>ipsis</span> <span class='ocrx_word' id='word_1_689' title='bbox 3345 4495 3575 4551; x_wconf 70' lang='lat' dir='ltr'>restion-</span> 
     </span>
    </p>
   </div>
   <div class='ocr_carea' id='block_1_92' title="bbox 245 4562 1847 4650">
    <p class='ocr_par' dir='ltr' id='par_1_92' title="bbox 245 4562 1847 4635">
     <span class='ocr_line' id='line_1_92' title="bbox 245 4562 1847 4635; baseline -0.004 -16"><span class='ocrx_word' id='word_1_690' title='bbox 245 4567 366 4630; x_wconf 85' lang='grc' dir='ltr'><strong>πῶς</strong></span> <span class='ocrx_word' id='word_1_691' title='bbox 410 4566 598 4628; x_wconf 85' lang='grc' dir='ltr'><strong>αὐτοῖς</strong></span> <span class='ocrx_word' id='word_1_692' title='bbox 655 4563 1022 4633; x_wconf 84' lang='grc' dir='ltr'><strong>ἀποκρίνεται</strong></span> <span class='ocrx_word' id='word_1_693' title='bbox 1050 4581 1062 4593; x_wconf 92' lang='grc'><strong>·</strong></span> <span class='ocrx_word' id='word_1_694' title='bbox 1120 4562 1219 4630; x_wconf 82' lang='grc' dir='ltr'>τῆς</span> <span class='ocrx_word' id='word_1_695' title='bbox 1268 4562 1379 4633; x_wconf 79' lang='grc' dir='ltr'>γὰρ</span> <span class='ocrx_word' id='word_1_696' title='bbox 1414 4562 1728 4635; x_wconf 79' lang='grc' dir='ltr'><strong>Παρθένου,</strong></span> <span class='ocrx_word' id='word_1_697' title='bbox 1760 4562 1847 4615; x_wconf 71' lang='grc' dir='ltr'><strong>τὸν</strong></span> 
     </span>
    </p>
   </div>
   <div class='ocr_carea' id='block_1_93' title="bbox 1954 4562 3578 4650">
    <p class='ocr_par' dir='ltr' id='par_1_93' title="bbox 1964 4575 3578 4650">
     <span class='ocr_line' id='line_1_93' title="bbox 1964 4575 3578 4650; baseline -0.003 -18"><span class='ocrx_word' id='word_1_698' title='bbox 1964 4580 2080 4634; x_wconf 83' lang='lat' dir='ltr'>det.</span> <span class='ocrx_word' id='word_1_699' title='bbox 2116 4580 2249 4635; x_wconf 88' lang='lat' dir='ltr'>Cum</span> <span class='ocrx_word' id='word_1_700' title='bbox 2278 4579 2425 4633; x_wconf 91' lang='lat' dir='ltr'>enim</span> <span class='ocrx_word' id='word_1_701' title='bbox 2454 4579 2623 4650; x_wconf 68' lang='lat' dir='ltr'>Virgo</span> <span class='ocrx_word' id='word_1_702' title='bbox 2657 4576 2857 4648; x_wconf 76' lang='lat' dir='ltr'>Josepli</span> <span class='ocrx_word' id='word_1_703' title='bbox 2889 4587 3103 4648; x_wconf 81' lang='lat' dir='ltr'>patrem</span> <span class='ocrx_word' id='word_1_704' title='bbox 3150 4577 3269 4645; x_wconf 84' lang='lat' dir='ltr'>ejus</span> <span class='ocrx_word' id='word_1_705' title='bbox 3323 4575 3578 4639; x_wconf 82' lang='lat' dir='ltr'>dixisset,</span> 
     </span>
    </p>
   </div>
   <div class='ocr_carea' id='block_1_94' title="bbox 256 4656 1854 4729">
    <p class='ocr_par' dir='ltr' id='par_1_94' title="bbox 256 4656 1854 4729">
     <span class='ocr_line' id='line_1_94' title="bbox 256 4656 1854 4729; baseline -0.003 -16"><span class='ocrx_word' id='word_1_706' title='bbox 256 4659 461 4729; x_wconf 79' lang='grc' dir='ltr'><strong>Ἰωσὴφ</strong></span> <span class='ocrx_word' id='word_1_707' title='bbox 494 4660 707 4729; x_wconf 86' lang='grc' dir='ltr'><strong>πατέρα</strong></span> <span class='ocrx_word' id='word_1_708' title='bbox 734 4657 1005 4727; x_wconf 78' lang='grc' dir='ltr'><strong>εἰπούσης</strong></span> <span class='ocrx_word' id='word_1_709' title='bbox 1033 4656 1226 4721; x_wconf 78' lang='grc' dir='ltr'><strong>αὑτοῦ,</strong></span> <span class='ocrx_word' id='word_1_710' title='bbox 1262 4656 1472 4719; x_wconf 78' lang='grc' dir='ltr'><strong>ἐκεῖνός</strong></span> <span class='ocrx_word' id='word_1_711' title='bbox 1507 4673 1673 4724; x_wconf 73' lang='grc' dir='ltr'><strong>φησιν</strong></span> <span class='ocrx_word' id='word_1_712' title='bbox 1696 4656 1854 4722; x_wconf 48' lang='grc' dir='ltr'>’.Οὐκ</span> 
     </span>
    </p>
   </div>
   <div class='ocr_carea' id='block_1_95' title="bbox 244 4743 1853 4821">
    <p class='ocr_par' dir='ltr' id='par_1_95' title="bbox 244 4743 1853 4821">
     <span class='ocr_line' id='line_1_95' title="bbox 244 4743 1853 4821; baseline -0.004 -15"><span class='ocrx_word' id='word_1_713' title='bbox 244 4751 408 4814; x_wconf 68' lang='grc' dir='ltr'><strong>αὑτός</strong></span> <span class='ocrx_word' id='word_1_714' title='bbox 444 4752 595 4803; x_wconf 70' lang='grc' dir='ltr'><strong>ἔστιν</strong></span> <span class='ocrx_word' id='word_1_715' title='bbox 629 4752 657 4805; x_wconf 86' lang='grc' dir='ltr'><strong>ὁ</strong></span> <span class='ocrx_word' id='word_1_716' title='bbox 684 4749 895 4821; x_wconf 80' lang='grc' dir='ltr'><strong>ἀληθής</strong></span> <span class='ocrx_word' id='word_1_717' title='bbox 940 4766 1044 4819; x_wconf 88' lang='grc' dir='ltr'>μου</span> <span class='ocrx_word' id='word_1_718' title='bbox 1093 4748 1304 4819; x_wconf 77' lang='grc' dir='ltr'><strong>Πατὴρ,</strong></span> <span class='ocrx_word' id='word_1_719' title='bbox 1353 4743 1389 4818; x_wconf 79' lang='grc' dir='ltr'>ἦ</span> <span class='ocrx_word' id='word_1_720' title='bbox 1446 4748 1557 4817; x_wconf 78' lang='grc' dir='ltr'><strong>γὰρ</strong></span> <span class='ocrx_word' id='word_1_721' title='bbox 1588 4749 1654 4801; x_wconf 82' lang='grc' dir='ltr'><strong>ἂν</strong></span> <span class='ocrx_word' id='word_1_722' title='bbox 1690 4750 1746 4800; x_wconf 76' lang='grc' dir='ltr'><strong>ἐν</strong></span> <span class='ocrx_word' id='word_1_723' title='bbox 1777 4747 1853 4818; x_wconf 82' lang='grc' dir='ltr'><strong>τῷ</strong></span> 
     </span>
    </p>
   </div>
   <div class='ocr_carea' id='block_1_96' title="bbox 244 4840 1854 4914">
    <p class='ocr_par' dir='ltr' id='par_1_96' title="bbox 244 4840 1854 4914">
     <span class='ocr_line' id='line_1_96' title="bbox 244 4840 1854 4914; baseline -0.001 -18"><span class='ocrx_word' id='word_1_724' title='bbox 244 4844 380 4914; x_wconf 80' lang='grc' dir='ltr'><strong>οἴκῳ</strong></span> <span class='ocrx_word' id='word_1_725' title='bbox 408 4841 575 4895; x_wconf 81' lang='grc' dir='ltr'><strong>αὑτοῦ</strong></span> <span class='ocrx_word' id='word_1_726' title='bbox 610 4841 783 4912; x_wconf 77' lang='grc' dir='ltr'><strong>ἢμην·</strong></span> <span class='ocrx_word' id='word_1_727' title='bbox 824 4840 939 4895; x_wconf 84' lang='grc' dir='ltr'><strong>ἀλλ’</strong></span> <span class='ocrx_word' id='word_1_728' title='bbox 973 4843 1001 4895; x_wconf 88' lang='grc' dir='ltr'>ὁ</span> <span class='ocrx_word' id='word_1_729' title='bbox 1027 4840 1161 4902; x_wconf 86' lang='grc' dir='ltr'><strong>Θεός</strong></span> <span class='ocrx_word' id='word_1_730' title='bbox 1194 4840 1311 4894; x_wconf 78' lang='grc' dir='ltr'><strong>ἔστί</strong></span> <span class='ocrx_word' id='word_1_731' title='bbox 1352 4858 1454 4911; x_wconf 83' lang='grc' dir='ltr'>μου</span> <span class='ocrx_word' id='word_1_732' title='bbox 1488 4842 1700 4913; x_wconf 83' lang='grc' dir='ltr'><strong>Πατήρ.</strong></span> <span class='ocrx_word' id='word_1_733' title='bbox 1742 4843 1854 4896; x_wconf 73' lang='grc' dir='ltr'>Καὶ</span> 
     </span>
    </p>
   </div>
   <div class='ocr_carea' id='block_1_97' title="bbox 243 4934 1853 5007">
    <p class='ocr_par' dir='ltr' id='par_1_97' title="bbox 243 4934 1853 5007">
     <span class='ocr_line' id='line_1_97' title="bbox 243 4934 1853 5007; baseline -0.001 -19"><span class='ocrx_word' id='word_1_734' title='bbox 243 4935 335 4989; x_wconf 73' lang='grc' dir='ltr'>διὰ</span> <span class='ocrx_word' id='word_1_735' title='bbox 372 4935 531 4990; x_wconf 85' lang='grc' dir='ltr'><strong>τοῦτο</strong></span> <span class='ocrx_word' id='word_1_736' title='bbox 564 4937 623 4990; x_wconf 73' lang='grc' dir='ltr'>ἐν</span> <span class='ocrx_word' id='word_1_737' title='bbox 662 4934 741 5007; x_wconf 84' lang='grc' dir='ltr'><strong>τῷ</strong></span> <span class='ocrx_word' id='word_1_738' title='bbox 777 4935 910 5006; x_wconf 71' lang='grc' dir='ltr'><strong>οἴκῳ</strong></span> <span class='ocrx_word' id='word_1_739' title='bbox 967 4934 1141 4999; x_wconf 67' lang='grc' dir='ltr'><strong>αὑτοῦ,</strong></span> <span class='ocrx_word' id='word_1_740' title='bbox 1182 4936 1322 5004; x_wconf 87' lang='grc' dir='ltr'><strong>είμι,</strong></span> <span class='ocrx_word' id='word_1_741' title='bbox 1363 4934 1640 4989; x_wconf 80' lang='grc' dir='ltr'><strong>τουτέστιν</strong></span> <span class='ocrx_word' id='word_1_742' title='bbox 1688 4937 1744 4989; x_wconf 81' lang='grc' dir='ltr'><strong>ὲν</strong></span> <span class='ocrx_word' id='word_1_743' title='bbox 1776 4935 1853 5006; x_wconf 82' lang='grc' dir='ltr'><strong>τῷ</strong></span> 
     </span>
    </p>
   </div>
   <div class='ocr_carea' id='block_1_98' title="bbox 246 5027 1852 5100">
    <p class='ocr_par' dir='ltr' id='par_1_98' title="bbox 246 5027 1852 5100">
     <span class='ocr_line' id='line_1_98' title="bbox 246 5027 1852 5100; baseline 0 -18"><span class='ocrx_word' id='word_1_744' title='bbox 246 5031 359 5100; x_wconf 82' lang='grc' dir='ltr'>ναῷ</span> <span class='ocrx_word' id='word_1_745' title='bbox 396 5029 585 5084; x_wconf 80' lang='grc' dir='ltr'><strong>αὑτοῦ.</strong></span> <span class='ocrx_word' id='word_1_746' title='bbox 633 5028 779 5083; x_wconf 78' lang='grc' dir='ltr'><strong>Ἀλλ’</strong></span> <span class='ocrx_word' id='word_1_747' title='bbox 807 5028 966 5083; x_wconf 72' lang='grc' dir='ltr'><strong>αὐτοὶ</strong></span> <span class='ocrx_word' id='word_1_748' title='bbox 1018 5028 1082 5082; x_wconf 84' lang='grc' dir='ltr'><strong>οὐ</strong></span> <span class='ocrx_word' id='word_1_749' title='bbox 1109 5028 1357 5096; x_wconf 77' lang='grc' dir='ltr'><strong>συνῆκαν</strong></span> <span class='ocrx_word' id='word_1_750' title='bbox 1392 5028 1420 5080; x_wconf 88' lang='grc' dir='ltr'><strong>ὂ</strong></span> <span class='ocrx_word' id='word_1_751' title='bbox 1457 5027 1724 5096; x_wconf 71' lang='grc' dir='ltr'><strong>ἐλάλησεν</strong></span> <span class='ocrx_word' id='word_1_752' title='bbox 1756 5031 1852 5082; x_wconf 73' lang='grc' dir='ltr'>αὑ-</span> 
     </span>
    </p>
   </div>
   <div class='ocr_carea' id='block_1_99' title="bbox 244 5115 1003 5193">
    <p class='ocr_par' dir='ltr' id='par_1_99' title="bbox 244 5115 1003 5193">
     <span class='ocr_line' id='line_1_99' title="bbox 244 5115 1003 5193; baseline -0.004 -17"><span class='ocrx_word' id='word_1_753' title='bbox 244 5125 359 5186; x_wconf 83' lang='grc' dir='ltr'><strong>τοῖς</strong></span> <span class='ocrx_word' id='word_1_754' title='bbox 380 5138 391 5149; x_wconf 88' lang='grc'>·</span> <span class='ocrx_word' id='word_1_755' title='bbox 428 5123 735 5193; x_wconf 83' lang='grc' dir='ltr'><strong>μυστήριον</strong></span> <span class='ocrx_word' id='word_1_756' title='bbox 770 5121 881 5192; x_wconf 81' lang='grc' dir='ltr'><strong>γὰρ</strong></span> <span class='ocrx_word' id='word_1_757' title='bbox 913 5115 1003 5193; x_wconf 81' lang='grc' dir='ltr'>ἦν.</span> 
     </span>
    </p>
   </div>
   <div class='ocr_carea' id='block_1_100' title="bbox 323 5209 1850 5285">
    <p class='ocr_par' dir='ltr' id='par_1_100' title="bbox 323 5209 1850 5285">
     <span class='ocr_line' id='line_1_100' title="bbox 323 5209 1850 5285; baseline 0.003 -20"><span class='ocrx_word' id='word_1_758' title='bbox 323 5233 342 5265; x_wconf 73' lang='grc' dir='ltr'>ι</span> <span class='ocrx_word' id='word_1_759' title='bbox 381 5213 492 5267; x_wconf 69' lang='grc' dir='ltr'>Καὶ</span> <span class='ocrx_word' id='word_1_760' title='bbox 526 5211 739 5282; x_wconf 73' lang='grc' dir='ltr'><strong>κατέϐη</strong></span> <span class='ocrx_word' id='word_1_761' title='bbox 790 5210 911 5282; x_wconf 81' lang='grc' dir='ltr'><strong>μετ’</strong></span> <span class='ocrx_word' id='word_1_762' title='bbox 971 5212 1178 5278; x_wconf 81' lang='grc' dir='ltr'><strong>αὐτῶν,</strong></span> <span class='ocrx_word' id='word_1_763' title='bbox 1216 5213 1307 5265; x_wconf 76' lang='grc' dir='ltr'>καὶ</span> <span class='ocrx_word' id='word_1_764' title='bbox 1360 5209 1524 5285; x_wconf 73' lang='grc' dir='ltr'><strong>ἦλθεν</strong></span> <span class='ocrx_word' id='word_1_765' title='bbox 1548 5222 1625 5276; x_wconf 80' lang='grc' dir='ltr'>εις</span> <span class='ocrx_word' id='word_1_766' title='bbox 1663 5215 1850 5280; x_wconf 81' lang='grc' dir='ltr'><strong>Ναζα-</strong></span> 
     </span>
    </p>
   </div>
   <div class='ocr_carea' id='block_1_101' title="bbox 246 5300 1853 5385">
    <p class='ocr_par' dir='ltr' id='par_1_101' title="bbox 246 5300 1853 5385">
     <span class='ocr_line' id='line_1_101' title="bbox 246 5300 1853 5385; baseline 0 -20"><span class='ocrx_word' id='word_1_767' title='bbox 246 5315 363 5384; x_wconf 81' lang='grc' dir='ltr'><strong>ρέτ.</strong></span> <span class='ocrx_word' id='word_1_768' title='bbox 433 5311 543 5366; x_wconf 71' lang='grc' dir='ltr'>Καὶ</span> <span class='ocrx_word' id='word_1_769' title='bbox 576 5305 646 5381; x_wconf 82' lang='grc' dir='ltr'><strong>ἦν</strong></span> <span class='ocrx_word' id='word_1_770' title='bbox 696 5300 1150 5381; x_wconf 82' lang='grc' dir='ltr'><strong>ὑποτασσόμενος</strong></span> <span class='ocrx_word' id='word_1_771' title='bbox 1186 5312 1371 5376; x_wconf 81' lang='grc' dir='ltr'><strong>αὐτοῖς</strong></span> <span class='ocrx_word' id='word_1_772' title='bbox 1400 5328 1415 5343; x_wconf 78' lang='grc'><strong><em>⁸</em></strong></span> <span class='ocrx_word' id='word_1_773' title='bbox 1466 5315 1562 5366; x_wconf 78' lang='grc' dir='ltr'>καὶ</span> <span class='ocrx_word' id='word_1_774' title='bbox 1593 5316 1625 5385; x_wconf 86' lang='grc' dir='ltr'><strong>ἡ</strong></span> <span class='ocrx_word' id='word_1_775' title='bbox 1666 5314 1853 5384; x_wconf 82' lang='grc' dir='ltr'><strong>μήτηρ</strong></span> 
     </span>
    </p>
   </div>
   <div class='ocr_carea' id='block_1_102' title="bbox 242 5403 1851 5479">
    <p class='ocr_par' dir='ltr' id='par_1_102' title="bbox 242 5403 1851 5479">
     <span class='ocr_line' id='line_1_102' title="bbox 242 5403 1851 5479; baseline 0.001 -20"><span class='ocrx_word' id='word_1_776' title='bbox 242 5403 415 5459; x_wconf 72' lang='grc' dir='ltr'><strong>αὐτοῦ</strong></span> <span class='ocrx_word' id='word_1_777' title='bbox 450 5404 696 5475; x_wconf 83' lang='grc' dir='ltr'><strong>διετήρει</strong></span> <span class='ocrx_word' id='word_1_778' title='bbox 726 5405 908 5458; x_wconf 86' lang='grc' dir='ltr'><strong>πάντα</strong></span> <span class='ocrx_word' id='word_1_779' title='bbox 936 5404 1008 5458; x_wconf 88' lang='grc' dir='ltr'>τά</span> <span class='ocrx_word' id='word_1_780' title='bbox 1036 5406 1259 5478; x_wconf 77' lang='grc' dir='ltr'><strong>ῥήματα</strong></span> <span class='ocrx_word' id='word_1_781' title='bbox 1303 5407 1479 5461; x_wconf 82' lang='grc' dir='ltr'><strong>ταῦτα</strong></span> <span class='ocrx_word' id='word_1_782' title='bbox 1522 5412 1579 5460; x_wconf 77' lang='grc' dir='ltr'><strong>ἐν</strong></span> <span class='ocrx_word' id='word_1_783' title='bbox 1605 5412 1671 5479; x_wconf 82' lang='grc' dir='ltr'><strong>τῇ</strong></span> <span class='ocrx_word' id='word_1_784' title='bbox 1712 5426 1851 5479; x_wconf 73' lang='grc' dir='ltr'><strong>καρο</strong></span> 
     </span>
    </p>
   </div>
   <div class='ocr_carea' id='block_1_103' title="bbox 242 5494 1850 5573">
    <p class='ocr_par' dir='ltr' id='par_1_103' title="bbox 242 5494 1850 5573">
     <span class='ocr_line' id='line_1_103' title="bbox 242 5494 1850 5573; baseline 0.003 -24"><span class='ocrx_word' id='word_1_785' title='bbox 242 5495 334 5567; x_wconf 63' lang='grc' dir='ltr'>δία</span> <span class='ocrx_word' id='word_1_786' title='bbox 354 5496 552 5565; x_wconf 76' lang='grc' dir='ltr'><strong>αὑτῆς.</strong></span> <span class='ocrx_word' id='word_1_787' title='bbox 586 5498 693 5551; x_wconf 72' lang='grc' dir='ltr'>Καὶ</span> <span class='ocrx_word' id='word_1_788' title='bbox 732 5494 947 5566; x_wconf 79' lang='grc' dir='ltr'><strong>Ἰησοῦς</strong></span> <span class='ocrx_word' id='word_1_789' title='bbox 971 5499 1284 5566; x_wconf 74' lang='grc' dir='ltr'><strong>προέκοπτε</strong></span> <span class='ocrx_word' id='word_1_790' title='bbox 1323 5501 1488 5569; x_wconf 71' lang='grc' dir='ltr'><strong>σοφίᾳ</strong></span> <span class='ocrx_word' id='word_1_791' title='bbox 1523 5502 1617 5552; x_wconf 66' lang='grc' dir='ltr'>καὶ</span> <span class='ocrx_word' id='word_1_792' title='bbox 1641 5501 1850 5573; x_wconf 76' lang='grc' dir='ltr'><strong>ἡλικίᾳ,</strong></span> 
     </span>
    </p>
   </div>
   <div class='ocr_carea' id='block_1_104' title="bbox 247 5588 1853 5661">
    <p class='ocr_par' dir='ltr' id='par_1_104' title="bbox 247 5588 1853 5661">
     <span class='ocr_line' id='line_1_104' title="bbox 247 5588 1853 5661; baseline 0.003 -19"><span class='ocrx_word' id='word_1_793' title='bbox 247 5593 345 5643; x_wconf 73' lang='lat' dir='ltr'>amt</span> <span class='ocrx_word' id='word_1_794' title='bbox 379 5590 567 5659; x_wconf 81' lang='grc' dir='ltr'><strong>χάριτι</strong></span> <span class='ocrx_word' id='word_1_795' title='bbox 590 5589 743 5660; x_wconf 80' lang='grc' dir='ltr'>παρά</span> <span class='ocrx_word' id='word_1_796' title='bbox 774 5588 896 5659; x_wconf 84' lang='grc' dir='ltr'>Θεῷ</span> <span class='ocrx_word' id='word_1_797' title='bbox 920 5592 1014 5643; x_wconf 69' lang='grc' dir='ltr'>καὶ</span> <span class='ocrx_word' id='word_1_798' title='bbox 1038 5590 1372 5661; x_wconf 74' lang='grc' dir='ltr'><strong>ἀνθρώποις.</strong></span> <span class='ocrx_word' id='word_1_799' title='bbox 1411 5612 1429 5643; x_wconf 74' lang='grc' dir='ltr'>ι</span> <span class='ocrx_word' id='word_1_800' title='bbox 1476 5592 1853 5647; x_wconf 81' lang='grc' dir='ltr'><strong>’Υπετάσσετο</strong></span> 
     </span>
    </p>
   </div>
   <div class='ocr_carea' id='block_1_105' title="bbox 249 5682 1853 5755">
    <p class='ocr_par' dir='ltr' id='par_1_105' title="bbox 249 5682 1853 5755">
     <span class='ocr_line' id='line_1_105' title="bbox 249 5682 1853 5755; baseline 0.004 -20"><span class='ocrx_word' id='word_1_801' title='bbox 249 5686 354 5741; x_wconf 78' lang='grc' dir='ltr'><strong>τοῖς</strong></span> <span class='ocrx_word' id='word_1_802' title='bbox 390 5682 635 5751; x_wconf 74' lang='grc' dir='ltr'><strong>γονεῦσι,</strong></span> <span class='ocrx_word' id='word_1_803' title='bbox 670 5684 844 5738; x_wconf 84' lang='grc' dir='ltr'><strong>τύπον</strong></span> <span class='ocrx_word' id='word_1_804' title='bbox 869 5684 1045 5749; x_wconf 78' lang='grc' dir='ltr'><strong>διδοὺς</strong></span> <span class='ocrx_word' id='word_1_805' title='bbox 1078 5686 1171 5738; x_wconf 65' lang='grc' dir='ltr'><strong>καὶ</strong></span> <span class='ocrx_word' id='word_1_806' title='bbox 1202 5687 1357 5755; x_wconf 80' lang='grc' dir='ltr'><strong>ἡμῖν,</strong></span> <span class='ocrx_word' id='word_1_807' title='bbox 1390 5688 1463 5749; x_wconf 81' lang='grc' dir='ltr'><strong>ὡς</strong></span> <span class='ocrx_word' id='word_1_808' title='bbox 1490 5686 1557 5739; x_wconf 81' lang='grc' dir='ltr'><strong>ἂν</strong></span> <span class='ocrx_word' id='word_1_809' title='bbox 1597 5691 1707 5753; x_wconf 83' lang='grc' dir='ltr'><strong>τοῖς</strong></span> <span class='ocrx_word' id='word_1_810' title='bbox 1748 5708 1853 5742; x_wconf 86' lang='grc' dir='ltr'>πα-</span> 
     </span>
    </p>
   </div>
   <div class='ocr_carea' id='block_1_106' title="bbox 248 5777 1848 5854">
    <p class='ocr_par' dir='ltr' id='par_1_106' title="bbox 248 5777 1848 5854">
     <span class='ocr_line' id='line_1_106' title="bbox 248 5777 1848 5854; baseline 0.004 -25"><span class='ocrx_word' id='word_1_811' title='bbox 248 5779 439 5845; x_wconf 82' lang='grc' dir='ltr'><strong>τράσιν</strong></span> <span class='ocrx_word' id='word_1_812' title='bbox 470 5777 909 5849; x_wconf 84' lang='grc' dir='ltr'><strong>ὑποταττώμεϐα</strong></span> <span class='ocrx_word' id='word_1_813' title='bbox 932 5794 943 5806; x_wconf 87' lang='grc'><strong>·</strong></span> <span class='ocrx_word' id='word_1_814' title='bbox 981 5782 1273 5851; x_wconf 80' lang='grc' dir='ltr'><strong>συνετήρει</strong></span> <span class='ocrx_word' id='word_1_815' title='bbox 1320 5781 1376 5833; x_wconf 80' lang='grc' dir='ltr'>δὲ</span> <span class='ocrx_word' id='word_1_816' title='bbox 1404 5780 1574 5834; x_wconf 76' lang='grc' dir='ltr'><strong>ταῦτα</strong></span> <span class='ocrx_word' id='word_1_817' title='bbox 1602 5786 1780 5836; x_wconf 65' lang='grc' dir='ltr'><strong>πάντα</strong></span> <span class='ocrx_word' id='word_1_818' title='bbox 1817 5787 1848 5854; x_wconf 89' lang='grc' dir='ltr'>ἡ</span> 
     </span>
    </p>
   </div>
   <div class='ocr_carea' id='block_1_107' title="bbox 246 5867 1851 5950">
    <p class='ocr_par' dir='ltr' id='par_1_107' title="bbox 246 5867 1851 5950">
     <span class='ocr_line' id='line_1_107' title="bbox 246 5867 1851 5950; baseline 0.002 -25"><span class='ocrx_word' id='word_1_819' title='bbox 246 5871 550 5940; x_wconf 74' lang='grc' dir='ltr'><strong>Παρθένος.</strong></span> <span class='ocrx_word' id='word_1_820' title='bbox 604 5871 737 5927; x_wconf 68' lang='lat' dir='ltr'>Gaia</span> <span class='ocrx_word' id='word_1_821' title='bbox 794 5872 904 5945; x_wconf 66' lang='grc' dir='ltr'>γὰρ</span> <span class='ocrx_word' id='word_1_822' title='bbox 938 5867 1005 5945; x_wconf 79' lang='grc' dir='ltr'><strong>ἦν</strong></span> <span class='ocrx_word' id='word_1_823' title='bbox 1049 5874 1113 5927; x_wconf 87' lang='grc' dir='ltr'>τά</span> <span class='ocrx_word' id='word_1_824' title='bbox 1162 5890 1220 5927; x_wconf 81' lang='grc' dir='ltr'>τε</span> <span class='ocrx_word' id='word_1_825' title='bbox 1274 5874 1630 5950; x_wconf 80' lang='grc' dir='ltr'><strong>πραττόμενα</strong></span> <span class='ocrx_word' id='word_1_826' title='bbox 1659 5878 1752 5930; x_wconf 64' lang='grc' dir='ltr'>καὶ</span> <span class='ocrx_word' id='word_1_827' title='bbox 1784 5877 1851 5929; x_wconf 80' lang='grc' dir='ltr'><strong>τὰ</strong></span> 
     </span>
    </p>
   </div>
   <div class='ocr_carea' id='block_1_108' title="bbox 1965 4666 3577 4740">
    <p class='ocr_par' dir='ltr' id='par_1_108' title="bbox 1965 4666 3577 4740">
     <span class='ocr_line' id='line_1_108' title="bbox 1965 4666 3577 4740; baseline -0.004 -14"><span class='ocrx_word' id='word_1_828' title='bbox 1965 4671 2057 4726; x_wconf 90' lang='lat' dir='ltr'>ille</span> <span class='ocrx_word' id='word_1_829' title='bbox 2084 4671 2220 4724; x_wconf 77' lang='lat' dir='ltr'>dixit</span> <span class='ocrx_word' id='word_1_830' title='bbox 2264 4691 2275 4726; x_wconf 88' lang='lat'>:</span> <span class='ocrx_word' id='word_1_831' title='bbox 2302 4670 2425 4727; x_wconf 73' lang='lat' dir='ltr'>Non</span> <span class='ocrx_word' id='word_1_832' title='bbox 2456 4670 2543 4724; x_wconf 83' lang='lat' dir='ltr'>hic</span> <span class='ocrx_word' id='word_1_833' title='bbox 2576 4685 2739 4724; x_wconf 84' lang='lat' dir='ltr'>verus</span> <span class='ocrx_word' id='word_1_834' title='bbox 2771 4676 2925 4740; x_wconf 84' lang='lat' dir='ltr'>pater</span> <span class='ocrx_word' id='word_1_835' title='bbox 2958 4685 3111 4723; x_wconf 79' lang='lat' dir='ltr'>meus</span> <span class='ocrx_word' id='word_1_836' title='bbox 3136 4678 3241 4733; x_wconf 85' lang='lat' dir='ltr'>est,</span> <span class='ocrx_word' id='word_1_837' title='bbox 3290 4666 3494 4735; x_wconf 86' lang='lat' dir='ltr'>alioqui</span> <span class='ocrx_word' id='word_1_838' title='bbox 3523 4666 3577 4720; x_wconf 88' lang='lat' dir='ltr'>itt</span> 
     </span>
    </p>
   </div>
   <div class='ocr_carea' id='block_1_109' title="bbox 1965 4740 3577 4832">
    <p class='ocr_par' dir='ltr' id='par_1_109' title="bbox 1965 4740 3577 4832">
     <span class='ocr_line' id='line_1_109' title="bbox 1965 4740 3577 4832; baseline -0.004 -15"><span class='ocrx_word' id='word_1_839' title='bbox 1965 4766 2127 4818; x_wconf 89' lang='lat' dir='ltr'>domo</span> <span class='ocrx_word' id='word_1_840' title='bbox 2163 4763 2282 4832; x_wconf 85' lang='lat' dir='ltr'>ejus</span> <span class='ocrx_word' id='word_1_841' title='bbox 2308 4740 2673 4817; x_wconf 53' lang='lat' dir='ltr'>mansissem’:</span> <span class='ocrx_word' id='word_1_842' title='bbox 2702 4765 2795 4817; x_wconf 88' lang='lat' dir='ltr'>sed</span> <span class='ocrx_word' id='word_1_843' title='bbox 2846 4761 2986 4816; x_wconf 85' lang='lat' dir='ltr'>Deus</span> <span class='ocrx_word' id='word_1_844' title='bbox 3041 4770 3124 4815; x_wconf 90' lang='lat' dir='ltr'>est</span> <span class='ocrx_word' id='word_1_845' title='bbox 3180 4759 3345 4815; x_wconf 87' lang='lat' dir='ltr'>Pater</span> <span class='ocrx_word' id='word_1_846' title='bbox 3405 4772 3577 4819; x_wconf 89' lang='lat' dir='ltr'>meus,</span> 
     </span>
    </p>
   </div>
   <div class='ocr_carea' id='block_1_110' title="bbox 1965 4851 3583 4926">
    <p class='ocr_par' dir='ltr' id='par_1_110' title="bbox 1965 4851 3583 4926">
     <span class='ocr_line' id='line_1_110' title="bbox 1965 4851 3583 4926; baseline -0.006 -14"><span class='ocrx_word' id='word_1_847' title='bbox 1965 4867 2019 4912; x_wconf 91' lang='lat' dir='ltr'>et</span> <span class='ocrx_word' id='word_1_848' title='bbox 2050 4866 2339 4926; x_wconf 80' lang='lat' dir='ltr'>prepterea</span> <span class='ocrx_word' id='word_1_849' title='bbox 2374 4856 2427 4911; x_wconf 89' lang='lat' dir='ltr'>in</span> <span class='ocrx_word' id='word_1_850' title='bbox 2460 4857 2624 4911; x_wconf 82' lang='lat' dir='ltr'>demo</span> <span class='ocrx_word' id='word_1_851' title='bbox 2650 4857 2797 4910; x_wconf 88' lang='lat' dir='ltr'>illitts</span> <span class='ocrx_word' id='word_1_852' title='bbox 2836 4870 2981 4917; x_wconf 89' lang='lat' dir='ltr'>sum,</span> <span class='ocrx_word' id='word_1_853' title='bbox 3019 4854 3122 4908; x_wconf 76' lang='lat' dir='ltr'>huc</span> <span class='ocrx_word' id='word_1_854' title='bbox 3156 4862 3259 4917; x_wconf 86' lang='lat' dir='ltr'>est,</span> <span class='ocrx_word' id='word_1_855' title='bbox 3300 4853 3351 4906; x_wconf 87' lang='lat' dir='ltr'>itt</span> <span class='ocrx_word' id='word_1_856' title='bbox 3384 4851 3583 4920; x_wconf 88' lang='lat' dir='ltr'>templo</span> 
     </span>
    </p>
   </div>
   <div class='ocr_carea' id='block_1_111' title="bbox 1965 4943 3583 5017">
    <p class='ocr_par' dir='ltr' id='par_1_111' title="bbox 1965 4943 3583 5017">
     <span class='ocr_line' id='line_1_111' title="bbox 1965 4943 3583 5017; baseline -0.004 -14"><span class='ocrx_word' id='word_1_857' title='bbox 1965 4947 2130 5003; x_wconf 86' lang='lat' dir='ltr'>illius.</span> <span class='ocrx_word' id='word_1_858' title='bbox 2164 4947 2364 5003; x_wconf 78' lang='lat' dir='ltr'>Verum</span> <span class='ocrx_word' id='word_1_859' title='bbox 2411 4948 2510 5017; x_wconf 77' lang='lat' dir='ltr'>ipsi</span> <span class='ocrx_word' id='word_1_860' title='bbox 2566 4963 2674 5003; x_wconf 79' lang='lat' dir='ltr'>neu</span> <span class='ocrx_word' id='word_1_861' title='bbox 2733 4947 3124 5000; x_wconf 79' lang='lat' dir='ltr'>intellexerunt</span> <span class='ocrx_word' id='word_1_862' title='bbox 3191 4945 3320 5013; x_wconf 86' lang='lat' dir='ltr'>quid</span> <span class='ocrx_word' id='word_1_863' title='bbox 3368 4943 3583 4999; x_wconf 85' lang='lat' dir='ltr'>locutus</span> 
     </span>
    </p>
   </div>
   <div class='ocr_carea' id='block_1_112' title="bbox 1966 5040 3242 5111">
    <p class='ocr_par' dir='ltr' id='par_1_112' title="bbox 1966 5040 3242 5111">
     <span class='ocr_line' id='line_1_112' title="bbox 1966 5040 3242 5111; baseline -0.005 -13"><span class='ocrx_word' id='word_1_864' title='bbox 1966 5040 2130 5111; x_wconf 74' lang='grc'>292</span> <span class='ocrx_word' id='word_1_865' title='bbox 2162 5051 2308 5097; x_wconf 58' lang='lat' dir='ltr'>esset</span> <span class='ocrx_word' id='word_1_866' title='bbox 2340 5042 2422 5097; x_wconf 87' lang='lat' dir='ltr'>eis</span> <span class='ocrx_word' id='word_1_867' title='bbox 2452 5060 2465 5095; x_wconf 87' lang='lat'><strong>:</strong></span> <span class='ocrx_word' id='word_1_868' title='bbox 2490 5050 2892 5096; x_wconf 83' lang='lat' dir='ltr'>sacramentum</span> <span class='ocrx_word' id='word_1_869' title='bbox 2924 5041 3070 5095; x_wconf 84' lang='lat' dir='ltr'>enim</span> <span class='ocrx_word' id='word_1_870' title='bbox 3104 5048 3242 5092; x_wconf 68' lang='grc' dir='ltr'><strong>(ιι-ιιι.</strong></span> 
     </span>
    </p>
   </div>
   <div class='ocr_carea' id='block_1_113' title="bbox 2042 5222 3586 5292">
    <p class='ocr_par' dir='ltr' id='par_1_113' title="bbox 2042 5222 3586 5292">
     <span class='ocr_line' id='line_1_113' title="bbox 2042 5222 3586 5292; baseline -0.001 -16"><span class='ocrx_word' id='word_1_871' title='bbox 2042 5222 2211 5279; x_wconf 71' lang='lat' dir='ltr'>Vsns.</span> <span class='ocrx_word' id='word_1_872' title='bbox 2279 5223 2372 5287; x_wconf 81' lang='grc'>51,</span> <span class='ocrx_word' id='word_1_873' title='bbox 2401 5224 2492 5278; x_wconf 72' lang='grc'>52.</span> <span class='ocrx_word' id='word_1_874' title='bbox 2526 5240 2546 5274; x_wconf 69' lang='grc' dir='ltr'><strong><em>ο</em></strong></span> <span class='ocrx_word' id='word_1_875' title='bbox 2584 5222 2648 5278; x_wconf 88' lang='lat' dir='ltr'>Et</span> <span class='ocrx_word' id='word_1_876' title='bbox 2678 5223 2965 5280; x_wconf 77' lang='lat' dir='ltr'>descendit</span> <span class='ocrx_word' id='word_1_877' title='bbox 3009 5238 3132 5279; x_wconf 88' lang='lat' dir='ltr'>cum</span> <span class='ocrx_word' id='word_1_878' title='bbox 3187 5223 3286 5285; x_wconf 89' lang='lat' dir='ltr'>eis,</span> <span class='ocrx_word' id='word_1_879' title='bbox 3326 5222 3586 5292; x_wconf 79' lang='lat' dir='ltr'>venitque</span> 
     </span>
    </p>
   </div>
   <div class='ocr_carea' id='block_1_114' title="bbox 1966 5313 3583 5386">
    <p class='ocr_par' dir='ltr' id='par_1_114' title="bbox 1966 5313 3583 5386">
     <span class='ocr_line' id='line_1_114' title="bbox 1966 5313 3583 5386; baseline 0 -17"><span class='ocrx_word' id='word_1_880' title='bbox 1966 5314 2287 5371; x_wconf 68' lang='lat' dir='ltr'>Nazaretlt:</span> <span class='ocrx_word' id='word_1_881' title='bbox 2350 5326 2584 5386; x_wconf 87' lang='lat' dir='ltr'>eratque</span> <span class='ocrx_word' id='word_1_882' title='bbox 2638 5317 2893 5372; x_wconf 85' lang='lat' dir='ltr'>subditus</span> <span class='ocrx_word' id='word_1_883' title='bbox 2948 5315 3077 5371; x_wconf 88' lang='lat' dir='ltr'>illis.</span> <span class='ocrx_word' id='word_1_884' title='bbox 3140 5313 3207 5369; x_wconf 83' lang='lat' dir='ltr'>Et</span> <span class='ocrx_word' id='word_1_885' title='bbox 3246 5326 3421 5369; x_wconf 80' lang='lat' dir='ltr'>mater</span> <span class='ocrx_word' id='word_1_886' title='bbox 3464 5316 3583 5384; x_wconf 83' lang='lat' dir='ltr'>ejus</span> 
     </span>
    </p>
   </div>
   <div class='ocr_carea' id='block_1_115' title="bbox 1966 5409 3583 5467">
    <p class='ocr_par' dir='ltr' id='par_1_115' title="bbox 1966 5409 3583 5467">
     <span class='ocr_line' id='line_1_115' title="bbox 1966 5409 3583 5467; baseline -0.001 -2"><span class='ocrx_word' id='word_1_887' title='bbox 1966 5410 2336 5465; x_wconf 80' lang='lat' dir='ltr'>conservabat</span> <span class='ocrx_word' id='word_1_888' title='bbox 2373 5411 2557 5465; x_wconf 92' lang='lat' dir='ltr'>omnia</span> <span class='ocrx_word' id='word_1_889' title='bbox 2585 5412 2748 5465; x_wconf 81' lang='lat' dir='ltr'>verba</span> <span class='ocrx_word' id='word_1_890' title='bbox 2773 5412 2889 5466; x_wconf 70' lang='lat' dir='ltr'>ltzec</span> <span class='ocrx_word' id='word_1_891' title='bbox 2918 5412 2967 5465; x_wconf 87' lang='lat' dir='ltr'>in</span> <span class='ocrx_word' id='word_1_892' title='bbox 2993 5413 3158 5467; x_wconf 85' lang='lat' dir='ltr'>corde</span> <span class='ocrx_word' id='word_1_893' title='bbox 3184 5425 3305 5463; x_wconf 82' lang='lat' dir='ltr'>suo.</span> <span class='ocrx_word' id='word_1_894' title='bbox 3338 5410 3395 5463; x_wconf 70' lang='lat' dir='ltr'>l5!</span> <span class='ocrx_word' id='word_1_895' title='bbox 3422 5409 3583 5465; x_wconf 83' lang='lat' dir='ltr'>.lesns</span> 
     </span>
    </p>
   </div>
   <div class='ocr_carea' id='block_1_116' title="bbox 1965 5503 3579 5575">
    <p class='ocr_par' dir='ltr' id='par_1_116' title="bbox 1965 5503 3579 5575">
     <span class='ocr_line' id='line_1_116' title="bbox 1965 5503 3579 5575; baseline -0.002 -18"><span class='ocrx_word' id='word_1_896' title='bbox 1965 5503 2287 5573; x_wconf 79' lang='lat' dir='ltr'>proﬁciebat</span> <span class='ocrx_word' id='word_1_897' title='bbox 2323 5506 2618 5574; x_wconf 88' lang='lat' dir='ltr'>sapientia.</span> <span class='ocrx_word' id='word_1_898' title='bbox 2642 5517 2692 5558; x_wconf 90' lang='lat' dir='ltr'>et</span> <span class='ocrx_word' id='word_1_899' title='bbox 2732 5514 2913 5568; x_wconf 67' lang='lat' dir='ltr'>relate,</span> <span class='ocrx_word' id='word_1_900' title='bbox 2948 5514 3003 5559; x_wconf 90' lang='lat' dir='ltr'>ct</span> <span class='ocrx_word' id='word_1_901' title='bbox 3031 5506 3206 5575; x_wconf 72' lang='lat' dir='ltr'>gratia</span> <span class='ocrx_word' id='word_1_902' title='bbox 3236 5510 3376 5571; x_wconf 66' lang='lat' dir='ltr'>aput:</span> <span class='ocrx_word' id='word_1_903' title='bbox 3410 5503 3579 5555; x_wconf 76' lang='lat' dir='ltr'>Deum</span> 
     </span>
    </p>
   </div>
   <div class='ocr_carea' id='block_1_117' title="bbox 1964 5596 3577 5657">
    <p class='ocr_par' dir='ltr' id='par_1_117' title="bbox 1964 5596 3577 5657">
     <span class='ocr_line' id='line_1_117' title="bbox 1964 5596 3577 5657; baseline -0.002 -6"><span class='ocrx_word' id='word_1_904' title='bbox 1964 5597 2414 5652; x_wconf 76' lang='lat' dir='ltr'>atauehomincs.</span> <span class='ocrx_word' id='word_1_905' title='bbox 2438 5617 2456 5649; x_wconf 69' lang='grc' dir='ltr'>ι</span> <span class='ocrx_word' id='word_1_906' title='bbox 2482 5597 2747 5651; x_wconf 82' lang='lat' dir='ltr'>Subditus</span> <span class='ocrx_word' id='word_1_907' title='bbox 2768 5597 2865 5651; x_wconf 81' lang='lat' dir='ltr'>fuit</span> <span class='ocrx_word' id='word_1_908' title='bbox 2891 5615 2951 5653; x_wconf 84' lang='lat' dir='ltr'>ua</span> <span class='ocrx_word' id='word_1_909' title='bbox 2965 5599 3228 5657; x_wconf 83' lang='lat' dir='ltr'>rentibus,</span> <span class='ocrx_word' id='word_1_910' title='bbox 3256 5598 3385 5650; x_wconf 65' lang='lat' dir='ltr'>dato</span> <span class='ocrx_word' id='word_1_911' title='bbox 3408 5596 3577 5651; x_wconf 87' lang='lat' dir='ltr'>etiam</span> 
     </span>
    </p>
   </div>
   <div class='ocr_carea' id='block_1_118' title="bbox 1968 5690 3580 5761">
    <p class='ocr_par' dir='ltr' id='par_1_118' title="bbox 1968 5690 3580 5761">
     <span class='ocr_line' id='line_1_118' title="bbox 1968 5690 3580 5761; baseline -0.002 -18"><span class='ocrx_word' id='word_1_912' title='bbox 1968 5692 2125 5745; x_wconf 80' lang='lat' dir='ltr'>nobis</span> <span class='ocrx_word' id='word_1_913' title='bbox 2144 5693 2395 5757; x_wconf 74' lang='lat' dir='ltr'>exemplo</span> <span class='ocrx_word' id='word_1_914' title='bbox 2426 5702 2483 5745; x_wconf 87' lang='lat' dir='ltr'>ttt</span> <span class='ocrx_word' id='word_1_915' title='bbox 2502 5690 2753 5761; x_wconf 87' lang='lat' dir='ltr'>patribus</span> <span class='ocrx_word' id='word_1_916' title='bbox 2787 5693 3322 5747; x_wconf 73' lang='lat' dir='ltr'>sitnusobetlientes.</span> <span class='ocrx_word' id='word_1_917' title='bbox 3346 5692 3580 5743; x_wconf 74' lang='lat' dir='ltr'>tlousur-</span> 
     </span>
    </p>
   </div>
   <div class='ocr_carea' id='block_1_119' title="bbox 1964 5784 3580 5855">
    <p class='ocr_par' dir='ltr' id='par_1_119' title="bbox 1964 5784 3580 5855">
     <span class='ocr_line' id='line_1_119' title="bbox 1964 5784 3580 5855; baseline 0 -20"><span class='ocrx_word' id='word_1_918' title='bbox 1964 5784 2328 5837; x_wconf 78' lang='lat' dir='ltr'>vabatautetn</span> <span class='ocrx_word' id='word_1_919' title='bbox 2374 5786 2487 5838; x_wconf 71' lang='lat' dir='ltr'>ltzee</span> <span class='ocrx_word' id='word_1_920' title='bbox 2516 5786 2699 5838; x_wconf 87' lang='lat' dir='ltr'>omnia</span> <span class='ocrx_word' id='word_1_921' title='bbox 2728 5786 2917 5855; x_wconf 84' lang='lat' dir='ltr'>Virgo.</span> <span class='ocrx_word' id='word_1_922' title='bbox 2970 5784 3161 5839; x_wconf 82' lang='lat' dir='ltr'>Divina</span> <span class='ocrx_word' id='word_1_923' title='bbox 3210 5786 3354 5837; x_wconf 84' lang='lat' dir='ltr'>cuitu</span> <span class='ocrx_word' id='word_1_924' title='bbox 3419 5794 3580 5836; x_wconf 78' lang='lat' dir='ltr'>erant.</span> 
     </span>
    </p>
   </div>
   <div class='ocr_carea' id='block_1_120' title="bbox 1964 5874 3581 5951">
    <p class='ocr_par' dir='ltr' id='par_1_120' title="bbox 1964 5874 3581 5951">
     <span class='ocr_line' id='line_1_120' title="bbox 1964 5874 3581 5951; baseline 0 -21"><span class='ocrx_word' id='word_1_925' title='bbox 1964 5891 2086 5948; x_wconf 79' lang='lat' dir='ltr'>quae</span> <span class='ocrx_word' id='word_1_926' title='bbox 2133 5876 2456 5934; x_wconf 80' lang='lat' dir='ltr'>dicebantur</span> <span class='ocrx_word' id='word_1_927' title='bbox 2494 5890 2541 5931; x_wconf 85' lang='lat' dir='ltr'>et</span> <span class='ocrx_word' id='word_1_928' title='bbox 2583 5876 2888 5950; x_wconf 74' lang='lat' dir='ltr'>agebantur</span> <span class='ocrx_word' id='word_1_929' title='bbox 2933 5894 2961 5934; x_wconf 89' lang='lat' dir='ltr'>a</span> <span class='ocrx_word' id='word_1_930' title='bbox 2993 5892 3185 5951; x_wconf 77' lang='lat' dir='ltr'>puero,</span> <span class='ocrx_word' id='word_1_931' title='bbox 3236 5892 3343 5933; x_wconf 87' lang='lat' dir='ltr'>non</span> <span class='ocrx_word' id='word_1_932' title='bbox 3420 5874 3581 5943; x_wconf 77' lang='lat' dir='ltr'>Quasi</span> 
     </span>
    </p>
   </div>
  </div>
