4272 6438
757 369 858 433 723

1666 376 1709 434 '1'
1712 375 2228 439 IIEOPUYLACTI
2273 381 2680 441 BULGAHHS
2721 381 3072 441 ARCHIEP.

3895 377 4008 440 τυ

750 490 946 545 timore
977 503 1184 555 magno.
1223 489 1284 542 Et
1319 490 1451 542 dixit
1488 491 1591 545 illis
1621 493 1879 563 angelus:
1916 495 1996 548 Ne
2039 497 2308 549 timcatis:
2349 503 2388 558 Λ
2425 517 2437 550 :

2349 503 2388 558 Λ
2425 501 2520 552 καὶ
2557 500 2908 570 ἐφοϐήθησαν
2944 500 3108 566 φόϐον
3149 498 3327 568 μέγαν
3363 514 3376 528 ο
3411 497 3506 550 καὶ
3543 493 3696 550 εἶπεν
3749 498 3933 560 αῦ;ο”ς
3975 501 4005 549 ὁ

747 601 872 639 ecce
901 588 1039 640 enim
1071 588 1334 640 annuntio
1369 589 1524 644 vobis
1550 592 1800 660 gaudium
1839 593 2006 662 286
2040 607 2311 662 magnum,

749 677 888 743 quod
920 673 1158 727 futurum
1188 686 1269 730 est
1307 679 1400 730 toti
1438 681 1651 748 p0pnlo,
1701 682 1822 748 quia
1850 693 2007 736 natus
2049 693 2131 737 est
2164 685 2315 736 vobis

750 769 906 821 hodie
949 766 1230 832 Servator,
1263 771 1352 838 qui
1386 780 1469 824 est
1505 771 1755 826 Christus
1786 772 2065 838 Dominus,
2095 776 2146 828 in
2181 777 2313 828 civi-

747 868 856 910 tate
905 856 1092 912 David.
1130 859 1195 912 Et
1248 859 1347 912 hoc
1400 862 1553 914 vobis
1593 863 1807 932 signum
1843 881 1855 916 :
1896 864 2187 920 Invenietis
2234 867 2312 918 in.

747 950 946 1002 fantem
1007 950 1186 1005 fasciis
1218 952 1544 1016 involutum,
1574 955 1810 1021 positum
1855 957 1908 1008 in
1959 958 2204 1024 pratsepi.
2247 955 2312 1008 Et

744 1042 920 1094 subito
953 1041 1088 1093 facta
1118 1052 1337 1096 ostcum
1370 1045 1562 1112 angelo
1624 1045 1908 1100 multitudo
1950 1047 2162 1100 militia:
2193 1062 2312 1100 co:-

745 1132 894 1184 lcstis
927 1131 1262 1185 laudantium
1305 1134 1496 1198 Deum,
1535 1148 1595 1188 ac
1642 1136 1941 1189 dicentium
1983 1156 1993 1190 :
2031 1137 2210 1191 Gloria
2258 1140 2308 1191 in

746 1223 1026 1276 altissimis
1058 1223 1186 1288 Deo,
1221 1235 1274 1277 et
1322 1225 1371 1276 in
1407 1234 1548 1278 terra
1589 1240 1715 1294 pax,
1752 1227 1802 1280 in
1832 1229 2146 1282 hominibus
2173 1228 2308 1282 bona

748 1316 1018 1368 voluntas.
1061 1334 1078 1364 ι
1111 1316 1357 1368 Pastores
1401 1327 1553 1369 erant
1582 1318 1933 1384 rnsticantes,
1970 1319 2072 1374 hoc
2110 1330 2192 1372 est
2229 1319 2313 1372 vel

747 1407 1001 1459 rusticam
1053 1416 1272 1475 agentes
1311 1407 1498 1470 vitam,
1525 1409 1607 1462 vel
1651 1409 1702 1462 in
1745 1425 1874 1478 agro
1897 1411 2230 1466 stabulanlcs
2260 1419 2314 1465 et

748 1509 1065 1551 versantes:
1123 1497 1314 1565 quibus
1365 1509 1584 1568 apparet
1617 1499 1860 1570 angelus,
1915 1512 2134 1570 propter
2176 1503 2306 1557 sim-

745 1589 1034 1650 plicitatem
1066 1598 1121 1642 et
1169 1591 1531 1644 innocentiam
1563 1607 1770 1646 morum
1796 1605 1850 1646 et
1882 1596 2021 1661 quod
2042 1593 2310 1661 iustorum

748 1682 907 1733 vitam
959 1682 1154 1734 imitari
1195 1684 1500 1736 vidcantur.
1541 1682 1748 1738 Etenim
1781 1687 1938 1753 prisci
1987 1689 2308 1752 patriarchae

747 1785 988 1837 pastores
1025 1784 1200 1838 erant,
1246 1783 1302 1828 ut
1349 1772 1514 1830 Jaeob
1554 1778 1616 1841 ιθ,
1656 1776 1852 1839 Moses,
1905 1777 2092 1831 David.
2129 1778 2312 1843 Neque

2427 593 2674 659 ἄγγελος·
2698 590 3056 661 Μὴῗφοϐεἴσθε
3088 607 3102 620 ο
3155 591 3263 643 ἰδοὺ
3290 588 3398 661 γὰρ
3423 588 3845 656 εὐαγγελίζομαι
3869 590 4005 655 ὑμῖν

2427 683 2600 751 χαράν
2630 682 2892 750 μεγάλην,
2923 683 3041 751 ἥτις
3077 681 3228 732 ἔσται
3263 682 3425 732 παντὶ
3465 680 3542 748 τῷ
3576 679 3710 746 λαῷ,
3746 679 3828 730 ὃτι
3881 678 4005 728 ἐτέ-

2428 774 2532 840 χθη
2563 771 2692 842 ύμῖν
2719 773 2958 842 σήμερον
2989 773 3200 842 Σωτὴρ,
3231 774 3288 833 ὃς
3324 775 3441 822 ἐστι
3477 771 3714 842 Χριστὸς
3765 770 4000 837 Κύριος,

2425 869 2481 915 ἐν
2515 864 2663 916 πόλει
2693 863 2873 916 Δαὸίδ·
2900 861 3168 914 καὶτοῦτο
3195 863 3322 930 ὑμῖν
3342 861 3401 912 ea
3431 864 3675 930 σημεῖονο
3717 861 4002 929 Εὑρήσετε

2428 952 2628 1021 βρέφος
2673 952 3192 1021 ἐσπαργανωμένον,
3248 951 3500 1018 κείμενον
3541 951 3596 1002 ὲν
3651 953 3715 1018 τῇ
3768 952 3943 1017 φάτνῃ
3984 965 3999 977 ’

2424 1046 2518 1098 καὶ
2569 1044 2826 1114 ἐξαίφνης
2857 1044 3074 1111 ἐγένετο
3106 1044 3201 1095 σὺν
3235 1043 3312 1111 τῷ
3344 1041 3560 1110 ἀγγέλῳ
3595 1041 3795 1109 πλῆθος
3835 1058 4004 1110 στραο

2426 1139 2548 1197 τιᾶς
2607 1137 2884 1206 οὐρανίου,
2915 1135 3210 1188 αἰνούντων
3263 1135 3353 1185 τὸν
3385 1134 3514 1186 Θεὸν
3548 1135 3641 1184 καὶ
3687 1134 3956 1200 λεγόντων
3988 1149 4003 1162 ο

2426 1231 2561 1294 Δὸξα
2605 1232 2660 1283 ἐν
2689 1228 2933 1296 ὑψίστοις
2964 1227 3083 1296 Θεῷ
3116 1240 3133 1256 ο
3166 1226 3260 1279 καὶ
3294 1226 3384 1278 ἐπὶ
3431 1226 3530 1292 γῆς
3560 1225 3774 1292 εἰρήνη,
3803 1225 3862 1274 ἐν
3908 1225 4006 1276 ἀν-

2426 1320 2665 1390 θρώποις
2724 1318 2960 1370 εὐδοκία.
3011 1336 3028 1369 ι
3069 1317 3335 1385 Ποιμὲνες
3381 1311 3520 1384 ἦςαν
3573 1313 4002 1384 ἀγραυλοῦντες,

2425 1412 2720 1473 τουτέστιν,
2767 1408 3058 1479 ἀγροτικδν
3105 1407 3400 1468 αὐλοῦντες
3436 1447 3450 1470 ,
3502 1407 3535 1475 ἢ
3585 1407 3642 1456 ἐν
3715 1405 3794 1474 τῷ
3844 1402 4006 1472 ἀγρῷ

2423 1503 2765 1571 αὐλιζόμενοι
2795 1502 2888 1553 καὶ
2920 1501 3200 1566 διάγοντες
3259 1516 3270 1528 ·
3312 1497 3657 1565 ἐπιφαίνεται
3687 1497 3741 1548 δὲ
3786 1496 4005 1556 τούτοις

2424 1596 2452 1646 ὁ
2483 1593 2732 1662 ἅγγελος,
2759 1593 2844 1644 διὰ
2890 1593 2950 1643 τὸ
2979 1591 3253 1642 ἄπλαστον
3301 1588 3394 1640 τοῦ
3438 1587 3599 1656 ήθους
3636 1586 3733 1638 ναὶ
3769 1586 4002 1638 ἄκακον.

2426 1686 2584 1740 Ἐπεὶ
2614 1685 2717 1753 καὶξ
2740 1683 2840 1753 τὴν
2883 1682 2989 1734 τῶν
3023 1681 3250 1734 δικαίων
3283 1681 3559 1732 πολιτείαν
3598 1679 3881 1744 φαίνονται
3916 1693 4007 1743 μι-

2428 1776 2684 1844 μούμενοι
2715 1790 2726 1801 ·
2757 1774 2848 1826 καὶ
2875 1771 2982 1841 γὰρ
3007 1773 3055 1823 οἰ
3091 1770 3329 1832 παλαιοὶ,
3375 1768 3666 1836 ποιμένες,
3722 1767 3772 1816 οἰ
3801 1779 4003 1830 πατρι-

748 1871 796 1920 in
835 1865 1134 1921 Jerusalem
1189 1870 1437 1938 apparuit
1491 1868 1780 1925 Pharisaeis
1823 1872 1905 1926 vel
1959 1872 2186 1935 Scribis,
2220 1872 2309 1941 qui
2348 1849 2435 1918 ad

2348 1849 2388 1905 θ
2419 1867 2604 1935 ἀρχαι,
2638 1861 2853 1920 Ἰακὼϐ,
2873 1859 3101 1929 Μωσῆς.
3126 1858 3306 1911 Δαϐίδ.
3332 1858 3406 1910 Οὐ
3426 1857 3530 1926 γὰρ
3561 1858 3616 1908 ἐν
3647 1855 4005 1923 Ἰερουσαλὴμ.

744 1960 922 2013 omnis
984 1961 1196 2013 malitia:
1250 1961 1589 2029 receptacula
1639 1970 1811 2016 erant.
1846 1962 1922 2016 Illi
1959 1973 2136 2017 autem
2189 1979 2311 2018 cum

747 2052 1020 2119 simplices
1069 2061 1272 2116 essent,
1303 2053 1502 2106 divinis
1556 2055 1880 2122 spectaculis
1925 2057 2078 2123 potiti
2137 2065 2308 2109 sunt:

749 2154 1083 2197 monstrante
1107 2144 1238 2206 Deo,
1261 2147 1398 2211 quod
1418 2145 1596 2198 statim
1614 2146 1681 2198 ab
1702 2145 1852 2200 initio
1874 2160 1966 2199 eos
1987 2145 2314 2213 agrestiores

749 2250 856 2302 prae
894 2236 1012 2290 aliis
1073 2236 1312 2304 elegerit,
1362 2251 1742 2306 przeconesqne
1789 2237 1997 2292 fecerit.
2057 2237 2315 2291 Abierunt

752 2327 917 2389 enim,
947 2336 998 2380 et
1056 2327 1122 2380 de
1181 2329 1431 2381 omnibus
1478 2327 1583 2382 illis
1644 2329 2031 2396 prmdicarunt.
2079 2329 2314 2398 Angelus

748 2433 876 2471 vero
902 2433 1150 2484 magnum
1184 2417 1286 2471 illis
1313 2419 1562 2486 gaudium
1587 2418 2151 2487 evangelizavit,qnod
2189 2419 2313 2479 erit.

749 2507 942 2576 inquit,
977 2509 1120 2560 omni
1147 2507 1363 2576 populo,
1394 2509 1483 2577 qui
1529 2508 1746 2578 proprie
1783 2507 2008 2576 populus
2051 2505 2163 2558 Dei.
2203 2505 2313 2558 Non

748 2599 890 2651 enim
933 2613 1123 2651 omnes
1180 2597 1352 2653 ,ιυόωί
1389 2600 1620 2669 p0pulus
1650 2597 1927 2653 Dei.Nsm
1971 2607 2026 2651 et
2077 2598 2314 2651 omnium

750 2689 1022 2742 hominum
1049 2689 1247 2757 populo
1274 2691 1580 2743 incarnatio
1622 2689 1715 2743 Dei
1754 2689 1890 2742 facta
1920 2695 2003 2741 est
2038 2687 2311 2756 gaudium.

750 2781 890 2847 Quid
935 2792 1112 2834 autem
1146 2782 1375 2850 hymnus
1416 2780 1728 2850 angelorum
1762 2779 2032 2834 declarat?
2059 2776 2153 2830 Vel
2201 2791 2317 2831 om-

747 2872 874 2925 nino
904 2872 1200 2940 gratiarum
1229 2874 1501 2926 actionem
1552 2885 1906 2940 supernorum
1955 2869 2311 2930 exercituum,

748 2976 800 3020 et
820 2966 1093 3033 gaudium,
1119 2981 1182 3019 eo
1219 2967 1361 3034 quod
1397 2965 1595 3019 terreni
1623 2963 1886 3018 beneﬁcla
1944 2970 2092 3015 tanta
2123 2974 2315 3015 conse-

746 3042 994 3124 quamur.
1025 3053 1206 3109 Gloria
1257 3056 1399 3110 enim
1457 3057 1585 3114 Deo.
1637 3053 1871 3108 dicunt:
1925 3067 2088 3122 super
2117 3061 2315 3106 terram

747 3159 929 3200 autem
948 3161 1050 3214 pax
1085 3161 1228 3200 nunc
1261 3147 1397 3200 facta
1427 3158 1510 3199 est
1541 3166 1554 3211 -,
1584 3156 1637 3201 et
1696 3160 1818 3200 cum
1879 3145 2030 3213 prius
2082 3146 2315 3196 humana

749 3248 937 3290 natura
976 3237 1188 3291 inimica
1231 3238 1395 3290 fuerit
1429 3237 1558 3300 Deo,
1588 3253 1727 3290 nunc
1784 3237 1854 3289 ita
1887 3234 2172 3289 conciliata
2212 3244 2314 3296 est,

749 3340 804 3382 ut
841 3339 894 3382 et
931 3329 1039 3383 Deo
1093 3331 1348 3398 adjuncta
1377 3329 1468 3394 sit,
1509 3339 1561 3383 et
1608 3330 1886 3383 incarnato
1949 3328 2122 3381 unita.
2163 3327 2320 3383 Vides

748 3425 909 3494 igitur
945 3438 1132 3491 pacem
1177 3423 1270 3476 Dei
1315 3437 1434 3476 cum
1501 3421 1751 3475 homine?
1779 3420 1844 3474 Et
1898 3421 2056 3476 aliter
2104 3433 2319 3488 quoque

749 3518 1066 3586 intelligitur
1109 3537 1120 3570 :
1157 3533 1255 3588 pax
1304 3527 1386 3571 est
1446 3518 1557 3587 ipse
1601 3516 1764 3571 Filius
1817 3517 1931 3572 Dei.
1981 3516 2090 3587 Ego
2149 3518 2315 3580 enim,

750 3611 947 3679 inquit,
1001 3609 1136 3664 Pax.
1182 3609 1284 3664 lsta
1338 3611 1500 3679 igitur
1561 3625 1684 3679 pax,
1714 3607 1881 3664 Filius
1927 3609 2042 3671 Dei,
2079 3610 2315 3677 inquam,

749 3717 910 3771 super
946 3713 1146 3755 terram
1199 3703 1336 3755 facta
1369 3713 1472 3756 est.
1517 3701 1580 3754 Et
1627 3703 1677 3754 in
1715 3702 2020 3754 horninibus
2045 3701 2185 3753 bona
2235 3715 2321 3753 vo-

754 3798 933 3849 luntas
962 3797 1002 3824 ”
1037 3815 1047 3848 :
1076 3795 1172 3848 hoc
1200 3802 1302 3855 est,
1330 3793 1422 3847 Dei
1455 3794 1685 3862 requies.
1735 3793 2016 3861 Requievit
2044 3795 2186 3845 enim
2209 3793 2322 3848 sive

753 3886 1078 3941 refocillatus
1113 3895 1194 3940 est
1218 3900 1359 3938 nunc
1390 3895 1444 3940 et
1489 3887 1622 3938 bene
1655 3885 1865 3938 habitus
1896 3884 1945 3938 in
1973 3886 2316 3940 hominibus;

753 3994 873 4032 nam
907 3979 1056 4047 prius
1099 3976 1313 4046 quidem
1344 3990 1449 4030 non
1484 3977 1583 4030 sibi
1618 3976 1960 4046 complacuit.
1989 3992 2086 4031 nec
2123 3977 2318 4030 bonum

759 4073 1011 4126 allectum
1045 4071 1228 4125 habuit
1254 4071 1303 4123 in
1330 4071 1658 4124 hominibus.

833 4247 997 4300 Vens.
1053 4245 1235 4303 15-20.
1277 4267 1293 4297 ι
1362 4248 1421 4301 Ει
1465 4247 1659 4302 factum
1721 4258 1907 4314 est,ut
1955 4250 2325 4306 discesserunt

758 4342 824 4392 ab
853 4340 932 4393 eis
959 4339 1131 4407 angeli
1165 4341 1214 4391 in
1241 4339 1456 4402 emlum,
1483 4339 1726 4396 homines
1753 4352 1994 4410 pastores
2029 4341 2326 4410 loqueban-

757 4441 842 4482 tur
876 4430 1016 4483 inter
1058 4443 1177 4484 sese
1207 4446 1217 4480 :
1243 4427 1609 4484 Transeamus
1653 4431 1760 4499 jam
1792 4431 2067 4488 Bethleem
2130 4447 2324 4502 usque,

2423 1958 2666 2026 ἐπεφάνη
2703 1953 3016 2023 Φαρισαίοις
3071 1952 3103 2022 ἦ
3147 1951 3576 2020 Γραμματεῦσισ
3633 1949 3812 2017 πάσης
3886 1945 4000 2015 γὰρ

2423 2049 2686 2126 πονηρίας
2739 2047 2920 2115 δοχεῖα
2974 2046 3201 2096 ἐκεῖνοι·
3253 2034 3400 2095 οὗτοι
3453 2040 3509 2093 δὲ
3573 2040 3752 2092 ἀδολοι
3817 2038 4002 2100 ὕντες,

2422 2141 2582 2194 θείων
2627 2140 2914 2208 θεαμάτων
2950 2136 3261 2206 ἠξιώθησαν
3295 2152 3306 2164 ·
3353 2132 3661 2193 δεικνύντος
3701 2130 3794 2183 τοῦ
3835 2127 4003 2195 Θεοῦ,

2421 2238 2502 2289 ὃτι
2544 2236 2668 2297 τοὺς
2711 2232 3131 2302 ἀγροικοτέρους
3158 2230 3266 2282 τῶν
3293 2229 3496 2293 ἀλλων,
3532 2228 3690 2289 εὐθὺς
3723 2225 3781 2289 ἐξ
3819 2224 4005 2294 ἀρχῆς

2422 2325 2705 2394 ἐξελέξατο
2729 2329 2824 2377 καὶ
2870 2325 3121 2392 κήρυκας
3156 2322 3415 2388 ἐποίησεν
3445 2337 3458 2350 ·
3505 2318 3838 2379 ἀπελθόντες
3889 2317 4005 2385 γὰρ

2423 2419 2694 2489 ἐκήρυξαν
2726 2417 2852 2484 περὶ
2907 2417 3123 2468 πάντων
3171 2414 3376 2465 τούτων
3411 2429 3426 2445 ο
3453 2411 3842 2481 εὐηγγελίσατο
3885 2409 3938 2461 δὲ
3976 2411 4008 2463 ὁ

2423 2511 2649 2579 ἄγγελος
2682 2508 2855 2579 χαρὰν
2884 2507 3148 2576 μεγάλην,
3174 2505 3294 2573 ἥτις
3330 2503 3500 2566 ἔσται,
3537 2503 3692 2574 φησί,
3728 2501 3888 2554 παντὶ
3915 2500 4008 2571 τῷ

2423 2603 2557 2672 λαῷ,
2589 2601 2666 2668 τῷ
2697 2599 2900 2670 κυρίως
2947 2598 3061 2666 λαῷ
3107 2597 3203 2649 τοῦ
3249 2595 3422 2648 Θεοῦ⁸
3465 2597 3524 2646 οὐ
3568 2596 3767 2656 πάντες
3795 2594 3902 2660 γὰρ
3951 2595 4008 2646 οἰ

2439 2693 2706 2755 Ἰουδαῖοι,
2752 2691 2878 2752 λαὸς
2922 2690 3016 2742 τοῦ
3061 2687 3218 2740 Θεοῦ.
3272 2686 3432 2740 Ἀλλά
3467 2685 3561 2738 καὶ
3588 2685 3750 2738 παντὶ
3781 2683 3858 2753 τῷ
3889 2683 4008 2736 τῶν

2427 2784 2728 2855 ἀνθρώπων
2759 2782 2874 2850 λαῷ
2914 2781 3056 2850 χαρὰ
3083 2779 3298 2847 ἐγένετο
3347 2780 3381 2848 ὴ
3415 2778 3685 2847 σάρκωσις
3714 2777 3806 2828 τοῦ
3835 2775 4005 2828 Θεοῦ.

2426 2880 2488 2934 Τί
2527 2879 2582 2930 δὲ
2608 2877 2801 2946 δηλοτὸ
2827 2874 2992 2944 ῦμνος
3017 2873 3124 2925 τῶν
3148 2873 3396 2940 ἀγγέλων
3414 2891 3428 2937 ;
3449 2873 3519 2923 Ἢ
3542 2872 3751 2931 πάντως
3778 2869 4011 2937 εὐχαρι.

2428 2969 2580 3023 στίαν
2609 2969 2718 3020 τῶν
2739 2968 2853 3021 ἄνω
2899 2965 3196 3034 ταγμάτων
3226 2965 3321 3016 καὶ
3355 2964 3551 3033 χαρὰν,
3579 2961 3712 3014 διότι
3763 2962 4010 3030 εὐηργε-

2425 3061 2669 3130 τήθημεν
2693 3061 2742 3112 οἱ
2777 3059 2868 3110 ἐπὶ
2923 3057 3019 3125 τῆς
3055 3057 3176 3126 γῆς.
3211 3055 3348 3118 Δόξα
3380 3055 3490 3125 γὰρ
3525 3053 3600 3123 τῷ
3626 3053 3768 3121 Θεῷ,
3801 3053 4002 3120 φασὶν,

2427 3156 2519 3207 ἐπὶ
2548 3153 2651 3221 γῆς
2675 3152 2783 3220 γὰρ
2822 3151 3015 3218 εἰρήνη
3053 3148 3148 3201 νῦν
3183 3148 3374 3216 γέγονε
3405 3164 3418 3178 ο
3453 3145 3644 3216 πρώην
3678 3144 3778 3214 μὲν
3805 3144 3915 3212 γὰρ
3977 3144 4008 3214 lg

2424 3243 2738 3315 ἀνθρωπίνη
2792 3241 2952 3309 φύσις
3015 3239 3215 3310 ἔχθραν
3276 3232 3388 3307 εἶχε
3462 3237 3596 3305 πρὸς
3650 3233 3830 3288 Θεόν·
3879 3235 4008 3286 νυνὶ

2417 3335 2473 3387 δὲ
2535 3334 2785 3386 τοσοῦτον
2853 3331 3206 3400 κατηλλάγη,
3279 3329 3416 3382 ὥστε
3497 3329 3592 3380 καὶ
3649 3325 4008 3395 trauersum]

2417 3427 2494 3496 τῷ
2551 3425 2708 3494 Θεῷ,
2771 3423 2871 3479 xci.
2937 3421 3120 3492 ήνώθη
3195 3420 3346 3490 αὐτῷ
3416 3418 3772 3489 σαρκωθένττ.
3835 3415 4009 3487 ὀρίς

2419 3519 2511 3572 οῦν
2569 3517 2792 3588 εἰρήνην
2845 3514 2939 3567 τοῦ
2984 3513 3120 3566 Θεοῦ
3172 3513 3306 3583 πρὸς
3360 3513 3449 3565 τὸν
3496 3513 3827 3582 ἆνθρωπονς
3889 3509 4007 3564 Καὶ

2421 3609 2593 3671 άλλως
2626 3609 2681 3659 δὲ
2727 3607 3046 3674 νοηθήσεται
3087 3622 3101 3636 ο
3136 3605 3340 3674 Εἰρήνη
3391 3605 3538 3656 ἐστὶν
3589 3605 3750 3664 αὐτὸς
3809 3603 3838 3653 ὁ
3873 3600 4005 3663 Υὲδς

2420 3701 2514 3755 τοῦ
2546 3699 2718 3753 Θεοῦ·
2747 3699 2890 3763 Ἐγὼ
2945 3698 3073 3766 γὰρ,
3123 3697 3308 3767 φησιν,
3361 3698 3394 3765 ή
3434 3697 3624 3767 εἰρήνη
3653 3710 3666 3723 '
3715 3694 3854 3763 αῦτη
3907 3688 4006 3747 οὖν

2423 3796 2454 3863 ή
2512 3793 2722 3863 εἰρήνη,
2754 3794 2782 3845 ὀ
2838 3792 2960 3856 Υἰδς
3017 3789 3109 3851 τοῦ
3151 3789 3310 3853 Θεοῦ,
3363 3788 3455 3841 ἐπὶ
3501 3790 3602 3856 γῆς
3654 3790 3864 3855 γέγονε,
3908 3787 4007 3839 καὶ

2422 3889 2480 3940 ὲν
2512 3890 2622 3948 τοῖς
2665 3885 2972 3955 ἀνθρώποις
3023 3883 3260 3946 εὐδοκία,
3304 3881 3578 3934 τουτέστιν
3625 3882 4007 3941 ἐπανάπαυσις

2421 3979 2513 4030 τοῦ
2548 3977 2717 4040 Θεοῦ,
2755 3975 3105 4045 ὲπανεπαύθη
3154 3974 3263 4045 γὰρ
3303 3976 3330 4026 ὁ
3376 3973 3507 4035 Θεὸς
3548 3971 3642 4024 νῦν
3685 3975 3778 4024 καὶ
3809 3973 4005 4040 εύηρεο

2425 4069 2596 4140 στήθη
2620 4071 2678 4122 ἐν
2705 4071 2817 4130 τοῖς
2859 4067 2954 4120 ἀνθ
2967 4067 3190 4136 ρώπως,
3215 4065 3272 4129 ὃς
3304 4064 3493 4136 πρώην
3511 4081 3595 4131 γε.
3629 4064 3729 4116 οὐκ
3758 4063 4002 4132 ηὑδόκει,

2425 4158 2548 4211 οὐδὲ
2581 4159 2849 4226 ἠρέσκετο
2877 4160 2934 4209 ὲν
2965 4161 3076 4217 τοῖς
3100 4156 3428 4226 ἀνθρώποις.

2502 4272 2520 4303 ι
2555 4253 2664 4306 Καὶ
2698 4251 2914 4316 ἐγένετο
2948 4250 3021 4312 ὡς
3068 4251 3311 4320 ἀπῆλθον
3354 4251 3448 4303 ἀπ’
3471 4250 3650 4302 αὐτῶν
3681 4251 3730 4301 οἰ
3777 4250 4004 4318 ἄγγελοι

2427 4346 2505 4407 εἰς
2526 4346 2617 4395 τον
2640 4341 2887 4410 οὐρανὸν,
2947 4343 3040 4394 καὶ
3065 4345 3110 4394 οἰ
3144 4343 3421 4412 ἀνθρωττοι
3464 4346 3512 4395 οἰ
3546 4345 3804 4414 ποιμένες
3852 4340 4008 4398 εἷπον

2428 4432 2562 4501 πρὸς
2590 4433 2870 4502 ἀλλήλους.
2907 4433 3212 4502 Διέλθωμεν
3243 4433 3306 4503 δὴ
3344 4434 3447 4496 ἕως
3472 4435 3740 4504 Βηθλεὲμ,
3761 4437 3856 4488 καὶ
3889 4435 4005 4488 [duo

753 4531 806 4576 et
837 4521 1117 4574 videamus
1151 4522 1251 4574 hoc
1275 4523 1416 4590 quod
1454 4523 1671 4585 accidit,
1705 4526 1844 4592 quod
1895 4524 2150 4580 Dominus
2194 4539 2324 4594 ape-
2359 4565 2400 4619 ο
2432 4541 2440 4594 ι

2319 4556 2324 4569 ,
2359 4565 2400 4619 D
2432 4541 2530 4594 μεν
2557 4523 2615 4575 τὸ
2649 4523 2802 4593 ῥῆμα
2835 4522 2991 4576 τοῦτο
3019 4526 3079 4576 τὸ
3100 4525 3386 4591 γεγονὸς,ὂ
3411 4527 3438 4578 ὀ
3473 4526 3673 4596 Κύριος
3709 4526 4006 4597 ἰγνὼρισεν

758 4615 866 4668 ruit
904 4615 1078 4667 nobis.
1134 4616 1196 4666 Et
1224 4625 1481 4669 venerunt
1535 4614 1870 4680 festinantes,
1904 4629 1955 4671 et
2005 4619 2324 4672 invenerunt

759 4706 985 4760 Mariam
1019 4719 1071 4760 et
1101 4707 1319 4777 Joseph,
1353 4719 1407 4762 et
1435 4707 1694 4762 infantem
1724 4711 1957 4778 positum
1986 4710 2318 4778 impraesepi.

755 4801 887 4854 Cum
923 4800 1184 4856 vidissent
1212 4812 1408 4868 autem,
1445 4803 1857 4872 divulgaverunt
1893 4803 1961 4857 de
1994 4805 2156 4860 verbo
2181 4805 2322 4874 quod

757 4895 962 4947 dictum
987 4903 1106 4946 erat
1141 4893 1272 4961 ipsis
1299 4895 1362 4948 de
1399 4909 1564 4962 puero
1595 4896 1699 4948 hoc
1733 4911 1745 4946 :
1789 4903 1842 4947 et
1880 4909 2069 4950 omnes
2096 4897 2186 4964 qui
2223 4912 2322 4950 au-

753 4988 990 5044 dierunt.
1028 4987 1205 5039 mirati
1252 4994 1375 5040 sunt
1424 4987 1489 5040 dc
1522 4988 1602 5041 his
1637 5002 1755 5056 quis
1783 4987 1922 5040 dicta
1957 4997 2114 5040 erant
2138 5003 2167 5041 a
2231 5004 2324 5057 pa-

756 5077 995 5130 storibus
1023 5077 1088 5130 ad
1140 5077 1309 5146 ipsos.
1356 5094 1373 5127 »
1413 5075 1660 5131 Pastores
1694 5077 1765 5131 illi
1818 5077 1987 5146 Iignra
2054 5088 2178 5131 sunt
2215 5080 2326 5147 spi-

757 5167 1027 5220 ritualium
1113 5178 1387 5235 pastorum
1443 5177 1495 5219 et
1549 5167 1855 5235 prmsulum.
1933 5165 2157 5233 Oportet
2221 5169 2324 5236 igi-

760 5269 843 5309 tur
885 5259 1166 5328 episcopos
1193 5259 1465 5312 cnstodire
1495 5275 1706 5329 gregem
1734 5275 1912 5323 suum,
1943 5271 1996 5312 et
2032 5259 2326 5327 ἀγραυλεῐν

761 5350 810 5401 in
870 5363 1002 5416 agro
1055 5365 1274 5412 canere,
1337 5352 1435 5404 hoc
1483 5362 1588 5415 est,
1628 5365 1821 5404 canere
1878 5350 2179 5419 spiritualia
2221 5393 2233 5410 .
2274 5361 2326 5405 et

760 5441 954 5495 docere
1008 5443 1286 5509 pepulum,
1329 5454 1383 5496 et
1422 5444 1499 5496 sic
1550 5443 1693 5512 digni
1758 5445 1884 5497 [ient
1931 5445 2006 5514 (α)
2032 5443 2330 5499 visionibus

835 5623 873 5652 "
909 5621 1041 5674 Gen.
1070 5637 1231 5679 vatt,
1270 5624 1321 5685 5,
1405 5625 1441 5652 ¹⁷
1482 5622 1607 5676 Luc.
1637 5638 1696 5683 lt,
1735 5622 1817 5674 Μ.

2428 4617 2558 4687 ἡμῖν
2586 4632 2599 4645 ·
2657 4615 2750 4669 καὶ
2799 4611 2962 4686 ἦλθον
2997 4616 3331 4679 σπεύσαντες
3363 4635 3375 4647 ·
3418 4619 3508 4669 καὶ
3553 4620 3780 4688 ἀνεῦρον
3815 4623 3915 4690 τήν
3948 4637 4004 4672 τε

2430 4709 2666 4777 Μαριάμ
2697 4709 2792 4761 καὶ
2842 4708 2935 4760 τὸν
2988 4709 3203 4778 Ἰωσὴφ,
3235 4711 3328 4761 καὶ
3385 4709 3446 4762 τὸ
3501 4709 3700 4778 βρέφος
3751 4712 4007 4782 κείμενον

2429 4803 2488 4854 ὲν
2516 4802 2581 4871 τῇ
2610 4800 2784 4871 φάτνῃ
2811 4818 2824 4830 ·
2867 4800 3070 4864 ἰδόντες
3101 4801 3178 4864 δὲ,
3205 4801 3567 4872 διεγνωρισαν
3612 4805 3738 4874 περὶ
3767 4805 3864 4858 τοῦ
3911 4807 3980 4875 ρή

2433 4907 2604 4960 ματος
2635 4889 2730 4945 τοῦ
2760 4891 3086 4962 λαληθέντος
3117 4894 3305 4956 αὐτοῖς
3339 4897 3468 4964 περὶ
3495 4895 3590 4948 τοῦ
3618 4897 3840 4951 παιδίου
3881 4898 4006 4951 τούς

2432 5001 2523 5038 του
2545 5000 2559 5014 ⁸
2579 4984 2670 5037 καὶ
2700 4987 2898 5048 πάντες
2935 4987 2985 5038 οἱ
3010 4985 3365 5054 ἀκούσαντες,
3406 4987 3727 5058 ἐθαύμασαν
3750 4993 3880 5060 περὶ
3902 4989 4011 5045 τῶν

2431 5075 2766 5147 λαληθέντων
2791 5076 2894 5129 ὑπὸ
2911 5077 3018 5128 τῶν
3049 5077 3328 5147 ποιμένων
3351 5077 3487 5147 πρὸς
3517 5079 3770 5142 αὐτούς.»
3797 5081 3868 5133 Oi
3891 5096 4009 5134 not.-

2433 5171 2591 5239 μένες
2632 5165 2776 5243 οὗτοι
2825 5171 3093 5240 σύμϐολόν
3149 5175 3254 5225 εἰσι
3301 5172 3410 5224 τῶν
3451 5174 3848 5242 πνευματικῶν
3900 5192 4008 5228 ποι·

2434 5262 2628 5330 μένων,
2663 5260 2772 5313 τῶν
2826 5263 3128 5331 ἀρχιερέων
3159 5277 3171 5288 ·
3204 5262 3285 5315 δεῖ
3311 5257 3404 5315 οὖν
3443 5262 3569 5324 τοὺς
3601 5264 3884 5332 ἀρχιερεῖς
3914 5280 4008 5330 φυο

2429 5351 2648 5405 λάσσειν
2675 5352 2772 5423 τὴν
2804 5353 3038 5422 ποίμνην
3055 5354 3234 5407 αὐτῶν
3253 5354 3345 5407 καὶ
3373 5354 3688 5423 ἀγραυλεῖν,
3709 5355 4006 5420 τουτέστιν,

2437 5444 2586 5514 ᾅδειν
2629 5445 2979 5514 πνευματικά
3030 5462 3175 5511 τινα,
3237 5446 3332 5499 καὶ
3373 5445 3648 5500 διδάσκειν
3700 5445 3794 5500 τὸν
3835 5445 3967 5502 λαδν
3993 5483 4008 5510 ,

836 5803 912 5869 (α)
967 5803 1110 5857 Edit.
1166 5803 1283 5856 Lul.
1341 5820 1442 5857 non
1498 5806 1751 5874 exprimit
1806 5805 2046 5860 timeam
2104 5822 2329 5870 vocem,
2370 5804 2523 5870 ἀξιωε

1099 5843 1110 5857 .
1166 5803 1283 5856 Lul.
1341 5820 1442 5857 non
1498 5806 1751 5874 exprimit
1806 5805 2046 5860 linteum
2104 5822 2329 5870 vocent,
2370 5804 2781 5875 ἀξιωθησονται.
