4272 6438
772 414 872 472 727

1682 400 2262 465 TIIEOPHYLACTI
2307 392 2719 460 BULGARI/E'
2753 389 3107 453 ARCHIEP.

3920 370 4041 436 728

775 539 1066 594 conceptus
1100 527 1260 580 fuerit
1290 525 1546 579 Dominus
1574 542 1585 576 :
1619 538 1720 576 non
1746 532 1925 576 autem
1952 522 2046 576 illo
2073 527 2348 573 momento
2379 525 2400 577 Α

2456 514 2679 581 Κύριος,
2709 512 2773 565 οὐ
2809 511 2916 581 μὴν
2951 509 3086 577 αὐτῇ
3111 505 3176 573 τῇ
3212 502 3416 569 στιγμῇ
3447 497 3570 551 καθ’
3602 497 3668 566 ἢν
3758 487 4040 594 ’ἀγγελος

778 634 884 685 quo
914 617 1132 686 angelus
1162 617 1327 678 dixit;
1363 618 1454 670 sed
1488 618 1626 668 forte
1657 622 2008 682 posteaquam
2054 609 2355 672 complevit

775 722 1070 761 sermones.
1089 707 1256 776 288
1273 705 1393 760 Haec
1413 716 1589 758 autem
1612 719 1713 758 non
1733 704 2030 758 dixerimus
2047 700 2342 756 deiinitive.

776 797 980 866 lmpleti
1016 808 1194 850 autem
1227 807 1352 851 sunt
1384 797 1495 849 dies
1529 795 1867 865 purgationis
1901 795 2113 847 illorum
2147 805 2343 845 secun-

774 889 898 939 dum
961 888 1126 955 legem
1183 887 1336 939 Mesi.
1395 887 1538 940 Bene
1610 886 1747 939 dixit
1821 885 2116 939 secundum
2174 883 2343 949 legem

777 976 903 1030 Mosi
939 976 980 1006 “'
1010 993 1022 1028 :
1052 992 1170 1028 nam
1208 979 1505 1030 secundum
1539 977 1820 1030 veritatem
1848 975 1992 1028 nulla
2027 972 2347 1026 necessitate

780 1069 937 1134 Virgo
960 1069 1374 1137 astt-ingebatur
1415 1080 1730 1136 exspectare
1765 1068 1881 1121 dies
1921 1065 2342 1134 puriﬁcationis,

772 1158 860 1223 qui
893 1171 1018 1212 sunt
1043 1161 1422 1227 quadraginta,
1464 1170 1588 1212 nato
1618 1175 1782 1212 mare.
1833 1157 2044 1211 Dictum
2068 1157 2212 1210 enim
2263 1165 2347 1209 est

773 1249 824 1299 in
859 1249 992 1314 lege,
1028 1250 1214 1301 Mulier
1244 1265 1361 1316 qum
1389 1261 1640 1316 suscepto
1675 1252 1883 1303 semine
1912 1249 2224 1316 cenceperit
2247 1287 2261 1310 ,
2294 1256 2346 1300 et

775 1339 1040 1405 pepererit
1085 1341 1402 1392 masculum.
1443 1339 1607 1409 Virgo
1639 1350 1818 1393 autem
1864 1355 1969 1393 non
2005 1339 2252 1407 concepit
2282 1339 2346 1391 de

773 1430 1007 1490 semine,
1060 1433 1148 1483 sed
1191 1448 1254 1483 ev
1289 1432 1490 1498 Spiritu
1523 1443 1707 1486 Sancto
1738 1434 1942 1500 peperit
1983 1451 1994 1486 :
2028 1433 2170 1484 unde
2204 1429 2346 1483 nn!la

773 1521 911 1571 Illam
941 1524 1236 1574 necessitas
1266 1524 1527 1590 urgebat;
1555 1527 1646 1576 sed
1681 1525 1865 1577 volens
1897 1525 2119 1592 implere
2149 1522 2339 1590 legem,

772 1615 914 1664 venit
953 1613 1003 1664 in
1047 1615 1324 1681 templum.
1362 1618 1544 1678 Quare
1574 1625 1750 1668 autem
1783 1617 1836 1668 in
1871 1615 2108 1667 masculo
2139 1621 2342 1678 septem

770 1705 904 1766 dies,
959 1706 1009 1756 in
1063 1709 1289 1759 muliere
1342 1721 1468 1760 vero
1506 1709 1587 1760 bis
1639 1709 1901 1761 totidem?
1951 1707 2132 1760 Mulier
2175 1707 2383 1768 enim,-

772 1797 961 1861 mquit,
1004 1797 1044 1849 si
1074 1809 1326 1865 suscepto
1357 1800 1560 1851 semine
1593 1802 1890 1851 masculum
1921 1799 2209 1865 pepererit,
2242 1799 2339 1849 int-
2374 1811 2418 1869 Β

771 1889 966 1939 uitanda
1017 1891 1119 1941 erit
1163 1901 1368 1958 St‘plcm
1413 1893 1600 1944 diebus
1643 1909 1654 1942 :
1703 1892 1782 1943 sin
1828 1900 2006 1943 autent
2055 1891 2339 1951 feminam,

769 1980 1044 2032 immunda
1083 1982 1184 2034 erit
1229 1982 1436 2034 duabus
1487 1982 1933 2035 hebdomadibus.
1977 1982 2245 2047 Quoniam
2281 1996 2341 2033 ea

767 2084 884 2132 qum
908 2071 1176 2137 pepererit
1209 2070 1351 2138 quod
1379 2072 1678 2123 masculum
1713 2083 1819 2134 est,
1857 2076 2150 2125 secundum
2175 2072 2341 2124 Adam

768 2165 818 2213 in
848 2163 1102 2215 mundum
1157 2163 1383 2216 induxit.
1443 2166 1572 2230 Quae
1601 2179 1726 2216 vero
1761 2164 1901 2232 quod
1934 2164 2218 2225 muliebre,
2255 2175 2342 2215 se-

765 2254 990 2304 cundam
1025 2252 1188 2305 Evam
1233 2255 1529 2322 pepererit,
1574 2270 1668 2308 vas
1712 2265 1867 2321 putre
1902 2263 1956 2307 et
1996 2253 2195 2315 debile,
2226 2267 2330 2305 ant-

765 2344 984 2406 phoram
1023 2347 1331 2409 contritam,
1387 2348 1635 2398 baculum
1675 2345 2032 2415 deceptionis,
2074 2344 2338 2397 inductri-

763 2449 878 2487 cem
927 2435 1321 2489 inobedientir.
1378 2437 1529 2500 Quod
1580 2445 1759 2487 autem
1815 2435 1976 2497 dicit,
2028 2433 2197 2488 Omne
2248 2436 2341 2486 ad-

760 2528 1008 2595 aperiens
1076 2528 1288 2580 vulvam
1365 2537 1611 2582 sanctum
1669 2527 1897 2582 Domino
1945 2544 1957 2580 :
2009 2528 2225 2594 proprie
2275 2528 2341 2581 ad

762 2618 1039 2671 Christum
1075 2619 1248 2671 solum
1280 2621 1534 2687 pertinet.
1583 2619 1701 2687 Ipse
1726 2621 1869 2672 enim
1890 2619 2102 2687 aperuit
2129 2617 2337 2670 vulvam

767 2709 1037 2777 Virginis,
1083 2726 1204 2763 enm
1254 2711 1373 2764 aliis
1424 2711 1505 2762 vir
1549 2712 1758 2778 aperiat
1808 2708 2035 2761 vulvam.
2071 2709 2339 2762 Catterunt

762 2811 860 2861 par
890 2803 1162 2848 turturum
1209 2795 1388 2850 oﬂerri
1429 2796 1591 2863 jussit
1627 2800 1742 2856 lex,
1776 2797 2067 2849 ostendens
2103 2798 2241 2864 quod
2274 2810 2340 2850 ex

762 2899 912 2942 casto
933 2889 1182 2956 conjugio
1210 2901 1530 2956 procreatus
1555 2891 1647 2942 sit.
1680 2889 1871 2941 Dicunt
1902 2891 2044 2942 enim
2075 2900 2338 2943 tnrturent

760 2995 876 3033 esse
903 2991 1109 3033 castum
1138 2980 1360 3045 animal,
1417 2995 1646 3049 cumque
1673 2979 1956 3048 conjugcm
1985 2981 2204 3042 amittit,
2232 2995 2336 3033 non

758 3075 999 3124 secundo
1047 3087 1102 3125 se
1139 3072 1372 3139 copulet.
1409 3073 1540 3126 Cum
1571 3084 1748 3126 autem
1785 3087 1888 3125 non
1931 3071 2193 3125 haberent
2228 3082 2340 3125 tur—

2450 607 2651 672 ἔλεγεν,
2697 604 2832 657 ἀλλά
2880 601 3072 668 τυχὸν,
3122 598 3210 649 ὅτε
3279 592 3590 645 συνετέλεσε
3640 585 3767 646 τοὺς
3811 583 4034 648 λόγους.

2451 697 2634 750 Ταῦτα
2663 696 2718 748 δὲ
2754 695 2814 746 οὐ
2855 689 3204 760 δογματικῶς
3245 688 3500 753 λέγομεν.
3556 676 3936 748 Ἐπλήσθησαν
3973 672 4036 724 δὲ

2450 790 2506 842 αἱ
2550 788 2754 856 ἡμέραι
2807 783 2902 836 τοῦ
2952 778 3296 849 καθαρισμοῦ
3345 773 3524 827 αὐτῶν
3561 772 3702 823 κατά
3738 769 3828 820 τὸν
3861 767 4034 856 νόμον

2451 854 2709 938 Μωσέως.
2744 874 2941 935 Καλῶς
2971 867 3092 924 εἷπε
3119 868 3260 924 κατά
3283 867 3372 918 τὸν
3396 865 3558 932 νόμον
3588 860 3849 920 Μωσέως·
3886 854 4032 908 κατά

2449 970 2556 1038 γὰρ
2602 967 2700 1034 τὴν
2749 964 3029 1034 ἀλήῦειαν,
3063 961 3161 1014 οὐκ
3205 955 3350 1026 εἶχεν
3399 954 3646 1020 ἀνάγκην
3677 952 3710 1019 ὴ
3755 947 4035 1016 Παρθένος

2450 1059 2762 1128 περιμένειν
2811 1057 2909 1117 τάς
2955 1053 3169 1123 ἡμέρας
3242 1048 3334 1100 τοῦ
3399 1041 3768 1110 καθαρισμοῦ,
3823 1041 4034 1100 αἵτινες

2448 1143 2586 1214 ἦσαν
2630 1144 3067 1214 τεσσαράκοντα,
3107 1139 3199 1192 ἐπὶ
3252 1139 3440 1206 ἄρσενι
3482 1131 3749 1200 τεχθέντι.
3799 1129 4054 1195 Εἴρηται·

2449 1241 2556 1306 γὰρ
2589 1239 2645 1289 ὲν
2679 1236 2755 1304 τῷ
2797 1235 2976 1302 νόμῳξ’
3006 1231 3147 1300 Γυνὴ
3191 1231 3312 1298 ἥτις
3351 1228 3445 1278 ἐάν
3494 1221 3899 1290 σπερματισίὶῇ,
3935 1219 4037 1268 καὶ

2448 1331 2581 1396 τέκῃ
2631 1328 2825 1396 ἄρσεν’
2875 1326 2906 1392 ἠ
2959 1323 3016 1374 δὲ
3089 1320 3362 1389 ΙΙαρΘὲνος
3418 1317 3519 1367 οὐκ
3575 1309 4032 1379 ὲσπερματὶσοτς.

2448 1418 2561 1472 ἀλλ’
2599 1421 2662 1469 ὲκ
2711 1415 3028 1483 Πνεῦματος
3080 1411 3234 1478 ἀγίου
3281 1409 3465 1459 ἔτεκεν
3543 1405 3684 1454 ὥστε
3733 1401 3830 1452 ο)κ
3881 1397 4033 1459 εἶχεν

2448 1512 2717 1578 ἀνάγκην,
2745 1508 2879 1560 ἀλλα
2903 1503 3300 1574 πληρῶσαι“τδν
3323 1500 3485 1566 νόμον
3517 1496 3674 1548 Οέλου
3687 1513 3768 1552 σα,
3799 1491 4036 1560 ἀνῆλθεν

2449 1605 2526 1664 εἰς
2560 1601 2619 1652 τδ
2656 1602 2821 1668 ἱερόν.
2861 1596 2959 1648 Διά
2989 1595 3118 1646 τίδὲ
3153 1594 3244 1645 ἐπὶ
3279 1595 3378 1661 μὲν
3406 1588 3593 1658 ἄρσενι
3634 1585 3770 1636 ἐτττά
3800 1583 4034 1652 ἡμέραι,

2449 1693 2539 1744 ἐπὶ
2563 1692 2618 1743 δὲ
2652 1691 2839 1759 Οηλεία
2871 1687 3081 1752 διπλαῖ;
3113 1684 3252 1752 Γυνὴ
3284 1683 3414 1751 γὰρ,
3441 1679 3628 1749 φησιν,
3658 1676 3752 1726 ἐὰν
3783 1689 4038 1741 σπερμα-

2448 1784 2624 1854 τισθῇ,
2675 1785 2764 1834 καὶ
2808 1781 2945 1851 τέκῃ
2995 1779 3185 1844 ἄρσεν,
3237 1774 3377 1827 ἑπτὰ
3431 1773 3642 1841 ἡμέρας
3715 1767 4037 1834 ἀκάθαρτος

2449 1880 2620 1930 ἔσται’
2654 1877 2748 1927 ὲάν
2775 1875 2831 1926 δὲ
2863 1872 3018 1942 Θῆλυ,
3045 1870 3126 1931 δὶς
3155 1867 3312 1934 emat.
3354 1862 3578 1932 Ἐπειδὴ
3607 1864 3639 1929 ἠ
3667 1861 3765 1930 μὲν
3793 1855 4036 1909 τεκοῦσα

2449 1972 2507 2023 τὸ
2533 1971 2727 2040 ἄρσεν,
2757 1967 2843 2019 δεί
2858 1981 3010 2034 τερον
3048 1963 3219 2031 Ἀδάμ
3245 1962 3322 2021 εἰς
3355 1957 3445 2008 τὸν
3481 1959 3684 2022 κδσμον
3711 1952 4032 2020 εισήγαγεν·

2453 2066 2480 2130 ﬁ
2541 2063 2596 2115 δὲ
2659 2061 2717 2112 τὸ
2766 2058 2934 2126 θῆλυ.
2969 2053 3230 2122 δευτέραν
3267 2050 3411 2103 Εὕαν
3464 2048 3671 2110 ἔτεκεν,
3721 2049 3781 2095 τὸ
3829 2041 4035 2109 σαθρὸν

2449 2155 2664 2214 σκεῦος,
2695 2152 2758 2203 τὸ
2794 2147 3020 2207 ἀσθενὲς
3055 2147 3298 2212 ἀγγεῖον,
3336 2143 3395 2194 τὸ
3435 2136 3901 2208 συντετριμμένον
3933 2150 4035 2184 κε-

2449 2250 2665 2314 ράμιον,
2693 2243 2790 2312 τὴν
2819 2237 3121 2309 βακτηρίαν
3153 2238 3250 2304 τῆς
3282 2234 3524 2300 ἀπάτης,
3557 2231 3656 2300 τὴν
3687 2228 4035 2299 χειραγωγὸν

2445 2338 2543 2402 τῆς
2577 2334 2887 2405 παρακοῆς,
2937 2331 3043 2386 Τοῦ
3076 2330 3130 2386 δὲ
3169 2330 3333 2395 νόμου
3367 2326 3640 2390 λέγοντος·
3689 2323 3805 2374 Πᾶν
3851 2320 4036 2375 τδιδι.

2446 2433 2661 2498 α-ιοῖγον
2689 2431 2922 2498 μήτραν,
2953 2427 3107 2492 ἅγιον
3131 2423 3209 2493 τῷ
3238 2421 3425 2490 Κυρίῳ
3445 2459 3460 2484 ,
3491 2421 3567 2481 εἰς
3599 2415 3837 2486 Χριστὸν
3869 2415 4034 2485 μόνον

2446 2523 2648 2591 κυρίως
2681 2519 2840 2589 ἐξέϐη
2867 2518 3052 2570 τοῦτο·
3087 2516 3246 2577 αὐτὸς
3277 2515 3384 2583 γὰρ
3411 2511 3643 2581 διήνοιξε
3677 2509 3776 2578 τὴν
3813 2510 4035 2577 μήτραν

2443 2615 2539 2681 τῆς
2574 2612 2876 2680 Παρθένου,
2906 2608 3030 2661 ἐπεὶ
3060 2609 3179 2668 ταῖς
3210 2621 3273 2672 γε
3296 2602 3481 2662 ἀὶλαις
3511 2600 3806 2670 μητράσιν,
3834 2600 3859 2648 ¹>
3892 2601 4033 2665 ἀνὴρ

2444 2703 2706 2772 διανοίγει
2751 2702 2854 2772 τὴν
2897 2703 3132 2770 μήτραν.
3188 2697 3385 2765 Ζεῦγος
3435 2695 3490 2746 δὲ
3522 2694 3799 2764 τρυγόνων
3857 2707 4029 2760 προσ-

2445 2799 2635 2868 φέρειν
2667 2795 2948 2848 ὲκέλευσεν
2972 2794 2999 2844 ὀ
3020 2795 3183 2860 νόμος
3200 2829 3213 2850 ,
3233 2788 3493 2840 δεικνύων
3519 2787 3600 2837 ὅτι
3619 2785 3725 2836 ἀπὸ
3747 2787 4031 2851 σώφρονος

2445 2888 2706 2954 συζυγίας
2733 2887 2766 2953 ὴ
2796 2881 3139 2936 παιδοποιίαο
3173 2879 3306 2949 φασὶ
3337 2881 3446 2946 γαρ
3472 2877 3570 2946 τὴν
3602 2875 3873 2943 τρυγόνα,
3919 2875 4027 2926 σῶ-

2442 2996 2577 3050 φρον
2598 2973 2737 3030 εἴναι
2765 2976 2902 3040 ζῶον
2924 3015 2938 3039 ,
2967 2974 3108 3026 ὥστε
3132 2973 3226 3024 καὶ
3248 2967 3627 3022 ἀποϐαλοῦσαν
3651 2968 3742 3020 τὸν
3770 2967 4027 3033 σύζυγον,

2445 3073 2520 3141 μὴ
2555 3071 3011 3138 δευτερογαμείν·
3055 3067 3102 3118 εἰ
3130 3065 3187 3117 δὲ
3229 3065 3304 3133 μὴ
3334 3059 3480 3132 εἶχον
3512 3063 3780 3132 τρυγόνας
3802 3102 3816 3123 ,
3857 3078 4025 3130 προσ-

762 3176 930 3226 tures,
957 3163 1259 3218 oﬂ'erebant
1285 3171 1417 3219 duos
1453 3165 1624 3234 pullos
1648 3165 2043 3229 columbarum.
2073 3175 2130 3221 ut
2154 3165 2334 3219 multi-
2367 3147 2400 3206 (ἶ

2448 3166 2641 3234 έφερον
2669 3161 2762 3214 δύο
2797 3160 3046 3220 νεοσσοὺς
3076 3157 3435 3226 περιστερῶν,
3471 3156 3556 3207 ἵνα
3591 3157 3683 3208 ἐπὶ
3728 3155 4028 3222 πολυτοκία

759 3255 976 3322 plicatio
1023 3257 1192 3324 prolis
1245 3258 1396 3309 tieret
1450 3257 1557 3310 vita
1620 3256 1771 3327 pueri
1821 3255 1998 3312 illius:
2053 3257 2340 3312 fecundum

759 3347 900 3400 enim
932 3347 1130 3400 animai
1161 3348 1429 3402 columba.

833 3437 998 3492 Vens.
1035 3437 1232 3492 25-32.
1269 3456 1286 3486 ι
1336 3439 1399 3491 Et
1424 3452 1552 3492 ecce
1598 3443 1760 3494 homo
1793 3454 1914 3493 erat
1949 3438 2339 3509 Hierosolymis

759 3532 845 3584 cui
889 3545 1082 3605 nomen
1130 3530 1376 3593 Simeon,
1423 3540 1474 3585 et
1508 3531 1669 3586 homo
1721 3533 1820 3587 iste
1847 3533 2033 3599 justus
2076 3548 2140 3586 ac
2184 3532 2337 3601 pius,

758 3629 1080 3687 exspectans
1105 3619 1529 3675 consolationem
1567 3620 1756 3686 Israel,
1784 3631 1835 3676 et
1862 3622 2097 3691 Spiritus
2122 3632 2340 3677 sanctus

757 3721 874 3764 erat
908 3725 1068 3779 super
1095 3726 1217 3764 eum
1251 3728 1266 3764 :
1299 3722 1354 3765 et
1388 3728 1709 3768 resnunsum
1754 3725 2039 3781 acceperat
2073 3729 2101 3766 a
2136 3712 2338 3783 Spiritu

758 3811 974 3866 sancto,
1009 3817 1114 3856 non
1147 3803 1392 3858 visurum
1427 3817 1486 3857 se
1522 3813 1776 3870 mortem,
1812 3806 1918 3858 nisi
1955 3805 2105 3873 prius
2137 3805 2341 3860 videret

756 3895 1033 3948 Christum
1059 3892 1290 3948 Domini.
1318 3894 1384 3948 Et
1403 3896 1553 3949 venit
1578 3910 1672 3963 per
1694 3895 1955 3965 Spiritum
1979 3897 2032 3950 in
2058 3898 2332 3966 templum.

759 3986 823 4036 lit
852 4001 974 4039 cum
1008 3986 1327 4040 inducerent
1361 4002 1586 4056 puerum
1613 3986 1796 4042 Jesum
1820 4000 2072 4058 parentes
2104 4000 2162 4044 ut
2189 3988 2335 4046 lace-

759 4087 879 4132 rent
919 4082 1220 4133 secundum
1273 4081 1724 4135 consuetudinem
1787 4082 1918 4150 legis
1952 4097 2048 4152 pro
2097 4098 2183 4147 eo,
2223 4085 2336 4153 ipse

754 4184 968 4236 quoque
1020 4170 1231 4237 accepit
1270 4186 1396 4223 eum
1446 4174 1497 4223 in
1549 4170 1702 4224 ulnas
1752 4187 1910 4236 suas,
1966 4183 2020 4224 et
2056 4173 2336 4229 benedixit

753 4259 946 4322 Deum,
981 4273 1042 4312 ac
1076 4261 1213 4312 dixit
1246 4280 1259 4312 :
1307 4259 1460 4313 Nunc
1495 4261 1731 4315 absolvis
1761 4276 1978 4314 servum
2018 4271 2190 4326 tuum,
2231 4265 2336 4317 Do-

755 4350 918 4412 mine,
954 4352 1249 4405 secundum
1282 4353 1501 4406 verbum
1533 4361 1705 4416 tuum,
1740 4355 1790 4406 in
1826 4368 1958 4422 pace
1990 4372 2003 4406 :
2032 4355 2154 4424 quia
2187 4355 2336 4411 vide-

752 4449 877 4492 runt
918 4442 1061 4494 oeuli
1101 4442 1203 4495 mei
1253 4443 1492 4496 salutare
1525 4451 1709 4507 tuum,
1761 4444 1904 4512 quod
1958 4443 2159 4514 parasti
2205 4455 2332 4500 ante

752 4531 942 4584 faciem
968 4532 1212 4585 omnium
1243 4532 1558 4600 populorum
1591 4534 1807 4587 :lnmen
1852 4534 1917 4588 ad
1945 4534 2330 4590 revelationem

751 4622 1011 4687 gentium,
1045 4632 1099 4674 et
1131 4623 1354 4690 gloriam
1404 4624 1576 4690 plebis
1625 4634 1727 4678 tua:
1776 4626 1960 4681 Israel.
2018 4645 2035 4676 ι
2065 4625 2180 4681 Non
2217 4639 2334 4682 erat

751 4711 969 4767 Simeon
999 4715 1272 4776 sacerdos,
1305 4716 1396 4768 sed
1431 4715 1592 4770 homo
1619 4715 1786 4770 Deum
1819 4732 2028 4782 amans,
2059 4728 2110 4770 et
2139 4734 2332 4788 exspe-

747 4815 900 4858 ctans
923 4807 1138 4874 quando
1169 4808 1348 4860 veniat
1373 4807 1622 4862 Christus
1647 4809 2029 4864 consolaturus
2053 4810 2329 4878 Hebraeos,

746 4905 800 4946 et
830 4895 1163 4949 liberaturus
1199 4911 1225 4948 a
1257 4897 1520 4950 servitute
1559 4899 1805 4965 peccati,
1855 4899 1996 4954 forte
2029 4909 2083 4953 et
2127 4915 2188 4956 ea
2221 4915 2326 4969 qua

745 4983 1008 5039 Romanis
1054 4996 1106 5040 et
1159 4987 1350 5040 llerodi
1406 4989 1741 5042 serviebant.
1790 4988 1924 5043 Nam
1975 4992 2064 5060 qui
2108 4992 2326 5046 Christo

747 5077 951 5139 «.redit,
985 5077 1121 5131 liber
1153 5091 1235 5132 est
1267 5096 1486 5145 revera,
1524 5091 1578 5135 et
1611 5082 1913 5136 honoratur
1947 5100 1976 5136 a
2019 5085 2232 5153 regibus
2263 5100 2327 5138 ac

753 5169 1058 5224 hominibus
1104 5171 1376 5225 omnibus.
1426 5171 1560 5228 Vide
1604 5176 1916 5243 apostolos,
1957 5192 2060 5229 non
2109 5175 2328 5231 fuerunt

749 5261 890 5313 servi
926 5261 1332 5316 Romanorum?
1359 5265 1454 5318 sed
1486 5281 1626 5320 nunc
1653 5277 1981 5320 venerantur
2007 5283 2101 5322 eos
2131 5268 2328 5322 Roma-

746 5367 938 5407 norum
989 5369 1160 5424 reges.
1223 5357 1410 5426 Itaque
1473 5358 1570 5412 bos
1622 5374 1741 5412 cum
1793 5370 1974 5413 essent
2028 5341 2320 5427 Israelita,

743 5446 1060 5499 tonsolatus
1093 5457 1173 5500 est
1217 5448 1488 5504 Christus.
1523 5451 1690 5504 Porro
1722 5452 1807 5506 hic
1844 5451 2062 5506 Simeon
2117 5452 2320 5521 Spiritu

745 5549 934 5592 sancto
979 5553 1158 5595 motus
1195 5545 1434 5598 ascendit
1471 5545 1519 5598 in
1557 5545 1814 5615 templum
1847 5547 2063 5616 quando
2099 5549 2323 5602 adduxit

749 5633 1027 5685 hominum
1070 5634 1261 5700 Mater,
1295 5648 1346 5690 et
1376 5651 1627 5708 suscepto
1669 5640 1793 5707 illo,
1841 5641 2006 5698 Deum
2041 5643 2321 5699 confessus

821 5811 857 5840 "
893 5813 1059 5868 Levii.
1102 5832 1196 5873 λιι.
1228 5817 1278 5873 3,
1332 5817 1373 5870 ε.

2445 3256 2670 3325 γένηται
2693 3257 2726 3323 ἡ
2758 3253 2870 3322 ζωὴ
2905 3250 2997 3304 τοῦ
3023 3250 3210 3311 παιδὸς
3246 3249 3456 3300 ἐκείνου
3477 3265 3489 3278 ⁸
3529 3250 3560 3316 ὴ
3588 3247 3694 3317 γὰρ
3726 3249 4030 3316 περιστερὰ

2444 3347 2739 3402 πολύτοκον
2764 3345 2924 3408 ζῶον.

2519 3459 2538 3492 ι
2569 3439 2681 3493 Καὶ
2711 3439 2820 3491 ἰδοὺ
2843 3431 2911 3506 ἧν
2939 3435 3226 3505 ἄνθρωπος
3257 3436 3314 3486 ἐν
3355 3433 3711 3502 Ἰερουσαλὴμ
3733 3473 3748 3496 ,
3780 3426 3824 3498 ᾧ
3859 3434 4031 3500 ὄνομα

2445 3529 2697 3601 Δυμεὼν·
2724 3529 2820 3582 καὶ
2844 3530 2874 3580 ὁ
2893 3526 2988 3580 ἄνθ
2999 3542 3180 3597 ρωπος
3201 3516 3380 3591 οὗτος,
3402 3525 3614 3589 δίκαιος
3645 3525 3739 3578 καὶ
3769 3525 4029 3595 εὑλαὸὴς,

2444 3622 2875 3693 προσδεχόμενος
2901 3617 3249 3690 παράκλησιν
3279 3617 3376 3669 τοῦ
3412 3618 3646 3689 Ἰσραήλ·
3680 3616 3777 3669 καὶ
3804 3617 4030 3688 Πνεῦμα

2444 3715 2596 3784 ἆγιον
2627 3709 2694 3785 ἦν
2727 3712 2814 3766 ἐπ’
2864 3712 3050 3776 αὑτὸν,
3101 3710 3195 3764 καὶ
3227 3705 3297 3780 ἦν
3332 3710 3480 3780 αὑτῷ
3511 3711 4032 3780 κεχρηματισμένον

2443 3807 2547 3859 ὑπὸ
2594 3804 2690 3858 τοῦ
2748 3803 3067 3874 Πνεύματος
3107 3801 3203 3855 τοῦ
3243 3803 3439 3869 ἁγίου,
3486 3802 3562 3871 μὴ
3614 3801 3745 3855 ἰδεῖν
3795 3786 4032 3857 θάνατον

2441 3897 2571 3966 πρὶν
2616 3895 2648 3964 ἢ
2693 3893 2780 3966 τδῃ
2810 3894 2904 3947 τὸν
2947 3893 3184 3962 Χριστὸν
3219 3891 3461 3962 Κυρίουο
3503 3892 3598 3944 καὶ
3632 3888 3799 3963 ἦλθεν
3851 3895 3911 3944 ἐν
3955 3893 4032 3962 τῷ

2440 3988 2721 4057 Πνεύματι
2757 3989 2835 4049 εἰς
2866 3989 2927 4038 τὸ
2968 3986 3144 4055 ἱερόν
3191 3986 3284 4036 καὶ
3330 3985 3387 4036 ιν
3431 3984 3511 4053 τῷ
3552 3986 3873 4051 εἰσαγαγεῖν
3905 3986 4031 4046 τοὺς

2439 4083 2616 4148 γονεῖς
2641 4080 2702 4132 τὸ
2730 4078 2943 4131 παιδίον
2988 4076 3196 4148 Ἰησοῦν
3218 4118 3231 4142 ,
3272 4077 3367 4129 τοῦ
3403 4079 3630 4146 ποιῆσαι
3659 4077 3863 4139 αὐτοὺς
3889 4078 4030 4131 κατά

2437 4172 2496 4225 τὸ
2516 4171 2827 4239 εἰθισμένον
2846 4168 2941 4221 τοῦ
2965 4168 3130 4237 νόμου
3155 4168 3283 4238 περὶ
3303 4167 3489 4232 αὑτοῦ,
3511 4167 3606 4219 καὶ
3624 4167 3790 4230 αὐτὸς
3811 4168 4029 4233 ἐδέξατο

2439 4264 2568 4316 αὗτδ
2591 4263 2671 4324 εἰς
2704 4263 2802 4324 τὰς
2827 4261 3068 4325 ἀγκάλας
3099 4259 3264 4312 αὑτοῦ
3284 4275 3299 4287 ·
3334 4259 3428 4311 καὶ
3463 4259 3726 4327 εὐλόγησε
3755 4260 3848 4312 τὸν
3871 4261 4026 4324 Θεὸν,

2442 4355 2536 4406 καὶ
2569 4348 2725 4406 εἷπε’
2765 4351 2879 4404 Νῦν
2917 4351 3176 4415 ἀπολύεις
3217 4351 3308 4404 τὸν
3353 4350 3539 4403 δοῦλόν
3579 4367 3695 4412 σου,
3739 4354 4026 4417 Δέσποτα,

2440 4445 2582 4498 κατά
2610 4447 2668 4497 τὸ
2700 4444 2851 4514 ῥῆμά
2879 4459 2998 4505 σου,
3047 4445 3103 4496 ὲν
3133 4445 3325 4514 εἰρήνῃ
3347 4460 3360 4472 ·
3394 4443 3473 4495 ὅτι
3503 4437 3643 4496 εῐδον
3674 4442 3723 4495 οἱ
3756 4443 4029 4511 ὁφοαλμοξ

2440 4554 2539 4607 μου
2573 4537 2632 4589 τὸ
2675 4536 2942 4605 σωτήριόν
2975 4552 3067 4588 σου
3095 4575 3108 4598 ,
3137 4535 3165 4586 ὃ
3214 4536 3518 4604 ἡτοίμασας
3551 4537 3691 4588 κατά
3728 4536 4027 4604 πρόσωπον

2439 4629 2655 4682 πάντων
2694 4627 2805 4680 τῶν
2837 4626 3012 4678 λαῶν·
3053 4626 3168 4694 φῶς
3207 4627 3284 4688 εἰς
3315 4625 3665 4694 ἀποκάλυψιν
3689 4625 3899 4690 ἐθνῶν,
3934 4628 4026 4680 καὶ

2440 4721 2600 4786 δόξαν
2632 4721 2763 4773 λαοῦ
2799 4735 2894 4770 σου
2939 4719 3176 4788 Ἰσραήλ.
3213 4737 3230 4768 ι
3271 4719 3382 4770 Οὐκ
3406 4713 3474 4788 ἦν
3507 4721 3686 4788 ἱερεὺς
3714 4721 3743 4772 δ
3772 4720 4025 4790 Συμεὼν,

2435 4809 2549 4862 ἀλλ’
2579 4809 2675 4863 ἀνθ
2687 4827 2867 4878 ρωπος
2891 4807 3164 4879 θεοφιλὴς,
3190 4808 3286 4860 καὶ
3311 4809 3744 4880 προσδεχόμενος
3768 4811 3854 4863 ὅτι
3877 4813 4025 4866 ἐλεύ-

2438 4917 2589 4954 σεται
2618 4902 2646 4953 ὁ
2679 4900 2938 4970 Χριστὸς,
2971 4899 3510 4970 παραμυθησόμενος
3539 4901 3663 4962 τοὺς
3707 4900 4019 4970 Ἐϐραίους,

2438 4996 2531 5047 καὶ
2573 4993 2860 5046 ἀπολύσων
2892 4994 2990 5062 τῆς
3023 4992 3269 5053 δουλείας
3305 4991 3402 5061 τῆς
3435 4991 3540 5044 ὑπὸ
3572 4991 3671 5062 τὴν
3717 4995 4018 5064 ἁμαρτίαν,

2432 5088 2573 5155 τάχα
2606 5085 2662 5138 δὲ
2694 5085 2787 5138 καὶ
2817 5087 2917 5154 τῆς
2949 5084 3053 5136 ὑπὸ
3083 5085 3208 5147 τοὺς
3257 5083 3559 5152 Ῥωμαίους
3585 5085 3682 5137 καὶ
3709 5087 3802 5140 τὸν
3843 5089 4022 5157 Ἠρώ-

2434 5178 2531 5246 δην
2550 5194 2564 5208 ο
2599 5180 2626 5230 ὁ
2649 5178 2756 5246 γὰρ
2788 5175 2866 5245 τῷ
2891 5175 3111 5245 Χριστῷ
3145 5174 3464 5239 πιστεύσας,
3493 5177 3777 5246 ἐλεύθερος
3807 5180 3888 5249 τῷ
3912 5181 4019 5232 δντι

2435 5271 2606 5330 ἐστὶν,
2643 5268 2748 5320 ὑπὸ
2775 5267 3039 5336 βασιλέων
3071 5267 3163 5321 καὶ
3199 5268 3418 5321 πάντων
3450 5269 3558 5320 τῶν
3597 5269 3908 5340 ἀνθρώπων
3940 5290 4018 5324 1.".-

2437 5362 2707 5430 μώμενος.
2741 5363 2843 5416 Ἰδε
2859 5363 2983 5424 τοὺς
3016 5362 3369 5425 ἀποστόλους·
3403 5362 3504 5414 οὐκ
3533 5358 3673 5433 ἦσαν
3703 5362 3886 5416 δοῦλοι
3915 5364 4019 5418 τῶν

2443 5457 2730 5526 Ῥωμαίων
2761 5475 2774 5489 ο
2801 5457 2938 5512 ἀλλὰ
2985 5456 3080 5510 νῦν
3119 5456 3320 5526 τιμῶσι
3351 5457 3441 5509 καὶ
3483 5456 3892 5527 προσκυνοῦσιν
3921 5458 4017 5512 αὐ·

2433 5550 2558 5612 τοὺς
2591 5551 2639 5601 οἱ
2692 5549 2980 5618 Ῥωμαίων
3016 5548 3288 5619 βασιλεῖς·
3327 5548 3435 5600 ἰδοὺ
3469 5544 3561 5601 οὖν
3590 5548 3803 5612 τούτοις
3841 5552 4016 5618 παρά-

2433 5643 2623 5713 κλησις
2659 5643 2882 5714 γέγονεν
2917 5644 2944 5696 ὁ
2971 5642 3224 5714 Χριστὸς,
3271 5641 3632 5712 Ἰσραηλίταις
3663 5637 3836 5696 οὖσιν·
3864 5640 4019 5705 οὗτος
