4272 6438
224 408 335 469 729

932 400 1379 465 ENARRATIO
1423 399 1501 460 ΚΝ
1533 396 2041 461 LVANGELIUM
2083 399 2315 460 LUCAZ.
2352 424 2419 434 -
2451 399 2615 459 CAP.
2662 394 2747 455 II.

3414 393 3522 457 730

228 515 329 571 οὖν
355 516 385 569 6
412 515 662 586 Συμεὼν,
709 514 990 583 Πνεύματι
1022 514 1164 584 ἀγῐῳ
1199 513 1544 583 κινούμενος,
1591 509 1825 577 ἀνῆλθεν

1939 521 2035 567 cst.
2064 510 2253 566 Dicere
2277 513 2446 582 289
2461 512 2628 575 enim,
2668 508 3073 565 Nuncahsolvis
3099 522 3318 564 servum
3344 513 3517 561 tuum.

230 608 313 671 τις
341 606 403 660 τὸ
436 605 605 675 ἱερὸν.
640 606 731 659 ὅτε
761 606 1006 675 ἀνήγαγε
1040 604 1132 657 τὸν
1174 606 1380 674 Κύριον
1413 605 1449 672 ή
1484 604 1690 673 μήτηρ·
1727 602 1823 656 καὶ

230 695 533 763 δεξάμενος
565 695 752 759 αὑτὸν,
789 696 923 750 Θεὸν
952 696 1227 765 ὁμολογεῖ·
1263 696 1324 748 τὸ
1372 698 1483 765 γὰρ
1518 695 1693 748 εἰπεῖν
1728 692 1821 747 νῦν

231 786 491 848 ἀπολύεις
521 804 611 856 με,
647 788 914 851 Δέσποτα,
942 787 1337 856 ὁμολογοῦντός
1381 788 1554 848 ἐστιν,
1584 786 1666 838 ὅτι
1709 784 1822 839 Κύ-

234 894 349 946 ριος
382 878 544 941 αὐτός
589 880 707 930 ἐστι
746 876 893 945 ζωῆς
924 878 1019 930 καὶ
1053 877 1309 929 θανάτου.
1354 876 1497 941 Ὅρα
1531 876 1588 928 δὲ
1622 875 1736 937 πῶς
1770 877 1821 927 οἱ

230 968 383 1035 ἅγιοι
403 1009 419 1033 ,
462 968 663 1037 δεσμὸν
698 967 1007 1035 λογίζονται
1036 968 1097 1022 τὸ
1134 967 1293 1035 σῶμα
1316 983 1327 996 ·
1380 967 1461 1019 διὸ
1505 966 1603 1018 καὶ
1633 965 1783 1033 λέγει
1805 983 1817 995 ·

230 1063 347 1116 Νῦν
380 1063 659 1128 ἀπολύεις,
697 1048 909 1128 ὼςιάπὸ
941 1063 1164 1132 δεσμοῦ·
1202 1062 1346 1116 κατά
1371 1062 1434 1115 τὸ
1464 1063 1617 1133 ῥῆμά
1648 1078 1742 1113 σου
1765 1062 1823 1115 δὲ

228 1150 375 1215 εἰπε,
403 1156 490 1207 διά
514 1156 605 1206 τὸν
634 1155 882 1222 χρησμὸν
915 1154 973 1205 ὃν
1006 1154 1223 1217 ἐλαϐεν,
1261 1155 1343 1207 ὅτι
1372 1155 1432 1206 οὗ
1465 1154 1540 1222 μὴ
1572 1151 1822 1222 ἀποθάνῃ

228 1247 335 1308 ἓως
370 1240 429 1299 οὗ
457 1246 541 1315 ἴδῃ
575 1246 666 1299 τὸν
682 1246 917 1315 Χριστόν
939 1262 951 1274 ·
980 1248 1041 1297 τὸ
1067 1246 1146 1310 δὲ,
1182 1248 1251 1299 ἐν
1285 1246 1520 1313 εἰρήνη,
1551 1245 1673 1299 ἀντὶ
1703 1244 1819 1310 τοῦ,

229 1340 289 1389 ἐν
319 1337 660 1391 ἀναπαύσει·
697 1337 802 1400 ἕως
838 1337 938 1403 μὲν
968 1338 1077 1407 γάρ
1112 1338 1176 1407 ζῇ
1209 1341 1237 1390 6
1263 1338 1571 1407 ἄνθρωπος,
1618 1337 1822 1405 ταράτ·

228 1445 403 1489 τεται,
434 1429 580 1485 καθά
606 1430 702 1483 καὶ
730 1428 896 1481 Δανῒδ
919 1428 1086 1496 λέγει·
1118 1428 1407 1481 ἀποθανὼν
1424 1422 1499 1492 δὲ,
1523 1428 1817 1497 εἰρηνεύει·

229 1522 327 1573 καὶ
356 1521 531 1585 ἄλλως
563 1521 620 1574 δὲ
646 1522 707 1574 τὸ
736 1522 792 1573 ἐν
825 1521 1021 1592 εἰρήνῃ
1054 1523 1291 1590 νοήσεις,
1331 1522 1629 1583 τουτέστιν,
1663 1522 1720 1572 ὲν
1754 1523 1820 1590 τῇ

227 1620 328 1683 τῆς
356 1614 568 1677 ἐλπίδος
596 1614 884 1681 ἀπολήψει.
924 1615 1061 1683 Πρὶν
1092 1613 1190 1682 μὲν
1218 1614 1327 1682 γὰρ
1356 1614 1470 1677 ἴδω,
1517 1614 1655 1681 φησι
1683 1653 1697 1674 ,
1729 1612 1824 1665 τὸν

228 1703 459 1773 Κύριον,
501 1706 604 1757 οὐκ
646 1704 931 1774 εἰρήνευον
971 1706 1081 1767 τοῖς
1125 1704 1451 1772 λογισμοῖς,
1504 1702 1823 1772 προσδοκῶν

229 1795 393 1847 αὑτὸν
438 1797 531 1848 καὶ
578 1797 666 1848 ἀεὶ
713 1797 1018 1865 φροντίζων
1056 1796 1187 1849 πότε
1236 1795 1555 1849 ἐλεύσεται·
1595 1796 1691 1848 νῦν
1741 1795 1819 1859 δὸ,

232 1886 359 1938 ἰδὼν
410 1886 571 1938 αὑτὸν
612 1885 705 1939 καὶ
757 1886 1082 1956 εἰρηνεύσας
1131 1887 1226 1937 καὶ
1278 1885 1705 1955 ἀποφροντίσας,
1755 1883 1821 1934 ἶν’

229 1975 405 2038 οὕτως
432 1976 589 2038 εἴπω,
627 1976 957 2044 ἀπολύομαι·
997 1976 1262 2046 σωτήριον
1294 1975 1349 2028 δὲ
1376 1972 1522 2038 εἶπε,
1556 1976 1656 2044 τὴν
1692 1976 1824 2044 σάρ-

231 2084 404 2120 κωσιν
452 2067 545 2121 τοῦ
596 2067 955 2135 Μονογενοῦς,
987 2068 1053 2137 ἣν
1104 2070 1405 2137 ἡτοίμασεν
1451 2069 1480 2120 6
1531 2067 1666 2131 Θεὸς
1714 2067 1825 2135 πρὸ

232 2159 453 2212 πάντων
488 2160 595 2212 τῶν
623 2158 857 2213 αἰώνων·
885 2160 1026 2213 κατά
1057 2162 1350 2231 πρόσωπον
1383 2161 1440 2214 δὲ
1469 2160 1687 2214 πάντων
1713 2160 1823 2214 τῶν

230 2252 381 2306 λαῶν
412 2253 617 2322 ταύτην
640 2254 740 2321 τὴν
773 2254 1048 2321 σωτηρίαν
1079 2255 1400 2324 ἡτοίμασεν·
1428 2256 1517 2308 ἵνα
1541 2256 1652 2326 γὰρ
1673 2255 1822 2326 σώσῃ

228 2347 327 2400 τὸν
356 2346 586 2413 κόσμον,
626 2347 719 2397 καὶ
752 2345 836 2396 ἵνα
866 2346 1034 2398 πᾶσιν
1063 2344 1378 2415 ὲμφανισθῇ
1408 2346 1441 2413 ή
1485 2343 1652 2398 αὐτοῦ
1689 2345 1826 2413 σάρ-

233 2454 439 2501 κωσις,
485 2436 674 2490 τούτου
720 2436 908 2501 ἕνεκεν
954 2435 1268 2505 ὲσαρκώθη.
1339 2436 1414 2488 Τὸ
1459 2434 1517 2489 δὲ
1556 2438 1825 2507 σωτήριον

234 2532 392 2583 τοῦτο
436 2531 551 2598 φῶς
598 2531 745 2582 ἐστιν
794 2531 874 2593 εἰς
904 2528 1251 2597 ἀποκάλυψιν
1284 2528 1477 2593 ἐθνῶν,
1508 2527 1821 2595 τουτέστιν,

234 2626 315 2686 εις
360 2622 644 2692 φωτισμὸν
686 2622 793 2673 τῶν
840 2622 1245 2688 ὲσκοτισμένων
1293 2622 1484 2685 ὲθνῶν,
1535 2623 1628 2676 καὶ
1665 2622 1825 2688 δόξαν

234 2718 344 2771 τῶν
404 2717 779 2785 Ἰσραηλιτῶν·
826 2716 954 2780 δόξα
986 2718 1095 2786 γάρ
1130 2718 1158 2769 6
1190 2715 1431 2785 Χριστὸς
1477 2714 1572 2769 τοῦ
1607 2715 1826 2784 ἀληθῶς

232 2808 365 2863 λαοῦ
399 2809 495 2861 τοῦ
544 2809 783 2879 Ἰσραὴλ,
818 2808 956 2863 καθὸ
998 2810 1058 2875 ἐξ
1091 2810 1275 2863 αὐτῶν
1321 2810 1691 2864 ἀνατέταλκε·
1730 2811 1826 2863 καὶ

231 2897 739 2969 ἑγκαλλωπίζονται
766 2900 944 2972 τούτῳ
968 2902 1020 2953 οἱ
1046 2900 1216 2963 ὅντως
1241 2899 1607 2969 εὐγνώμονες.
1638 2901 1827 2955 Ταῦτα

230 2991 259 3042 6
283 2988 529 3059 Συμεών.
572 2992 731 3043 Δοκεῖ
755 2989 813 3041 δέ
858 3007 948 3060 μοι
992 2989 1085 3044 καὶ
1111 2990 1181 3043 τὰ
1206 2990 1301 3043 τοῦ
1333 2990 1495 3045 Δαυῒδ
1528 2992 1621 3044 ἐπὶ
1650 2991 1827 3061 τούτῳ

237 3081 505 3153 ἁρμόζειν
529 3083 605 3150 τῷ
632 3083 898 3152 Συμεῶνι·
924 3084 1286 3153 Μακρότητος
1306 3084 1534 3155 ἡμερῶν
1556 3084 1826 3157 ἐμπλήσω

233 3173 419 3238 αὐτὸν,
448 3176 543 3227 καὶ
566 3173 725 3240 δείξω
761 3173 909 3244 αὑτῷ
933 3175 993 3226 τὸ
1029 3175 1300 3245 σωτήριόν
1331 3191 1458 3242 μου.

313 3284 330 3316 ι
364 3266 476 3319 Καὶ
498 3261 565 3334 ἦν
606 3265 804 3337 Ἰωσὴφ
832 3266 983 3337 καὶή
1013 3268 1197 3337 μήτηρ
1223 3265 1411 3333 αὑτοῦ,
1445 3266 1823 3337 θαυμάζοντες

234 3358 331 3413 ιιι
386 3360 501 3422 τοῖς
553 3357 911 3428 λαλουμένοις
966 3360 1101 3430 περὶ
1148 3359 1338 3413 αὑτοῦ·
1390 3361 1489 3414 καὶ
1530 3360 1825 3433 εὐλόγησεν

234 3452 433 3514 αὐτοὺς
465 3450 715 3518 Συμεὼν,
755 3453 851 3505 καὶ
888 3448 1010 3505 εῐπε
1040 3452 1179 3523 πρὸς
1209 3454 1447 3524 Μαριάμ
1481 3454 1579 3522 τὴν
1611 3454 1826 3525 μητέρα

233 3542 424 3597 αὐτοῦ·
458 3542 592 3597 Ἰδοὺ
622 3539 777 3607 οὗτος
822 3546 1001 3600 κεῖται
1025 3547 1103 3608 εις
1148 3545 1358 3599 πτῶσιν
1388 3546 1483 3600 καὶ
1524 3547 1826 3602 ἀνάστασιν

235 3634 446 3689 πολλῶν
468 3637 527 3688 ὲν
548 3634 627 3705 τῷ
651 3634 890 3708 Ἰσραὴλ,
917 3638 1012 3692 καὶ
1032 3638 1112 3702 εἰς
1139 3640 1367 3709 σημεῖον
1384 3639 1824 3709 ἀντιλεγόμενον·

236 3730 333 3784 καὶ
359 3729 455 3783 σοῦ
498 3729 555 3783 δὲ
599 3730 769 3801 αὐτῆς
815 3730 915 3801 τὴν
940 3730 1122 3802 ψυχὴν
1153 3731 1491 3787 διελεύσεται
1546 3732 1826 3805 ῥομφαία,

234 3823 386 3885 ὃπως
417 3822 484 3876 ἂν
514 3822 981 3893 ἀποκαλυφθῶσιν
1010 3826 1076 3878 ὲκ
1108 3824 1322 3879 πολλῶν
1357 3825 1602 3896 καρδιῶν
1646 3826 1829 3880 διαλο-

237 3916 453 3985 γισμοί.
496 3932 514 3967 ι
550 3914 831 3987 Εὐλόγησε
866 3916 966 3985 μὲν
1010 3917 1366 3990 ἀμφοτέρους
1395 3921 1424 3972 6
1456 3918 1704 3989 Συμεών·
1737 3918 1831 3973 τὸν

235 4005 295 4059 δδ
329 4006 687 4076 νομιζόμενον
717 4008 934 4078 πατέρα
962 4007 1147 4078 ἀφεὶς,
1180 4009 1317 4079 πρὸς
1347 4008 1448 4080 τὴν
1479 4008 1699 4080 ἀληθῶς
1726 4028 1833 4082 μη-

236 4099 373 4172 τέρα
402 4098 724 4170 ἐφθέγγετο·
759 4102 913 4167 Ἰδοὺ,
941 4103 1128 4174 φησὶν,
1160 4096 1319 4168 οὗτος
1351 4107 1532 4158 κεῖται
1568 4107 1649 4169 εἰς
1674 4105 1831 4160 πτῶ-

236 4205 325 4244 σιν
367 4194 462 4244 καὶ
506 4192 806 4246 ἀνάστασιν
848 4192 1061 4248 πολλῶν
1109 4196 1168 4247 ὲν
1201 4194 1281 4265 τῷ
1336 4196 1577 4267 Ἰσραήλ·
1624 4197 1832 4253 πτῶσιν

239 4286 362 4356 μὶν,
402 4286 512 4341 τῶν
550 4288 626 4359 μὴ
656 4290 1023 4344 πιστευόντων
1051 4307 1064 4320 ·
1124 4291 1428 4345 ἀνάστασιν
1458 4292 1537 4357 δὲ,
1584 4294 1692 4347 τῶν
1739 4312 1833 4348 πι-

240 4377 563 4431 στευόντων·
593 4379 626 4449 ἢ
654 4379 748 4432 καὶ⁸
770 4379 968 4446 ἄλλως,
998 4382 1078 4445 εἰς
1106 4381 1314 4435 πτῶσιν
1346 4386 1525 4438 κεῖται
1552 4386 1582 4438 6
1605 4384 1829 4457 Κύριος,

243 4470 347 4523 τῶν
376 4471 435 4523 ὲν
464 4474 583 4534 ταῖς
612 4470 812 4541 ψυχαῖς
856 4472 1016 4543 ήμῶν
1061 4474 1250 4528 κακῶν
1282 4493 1295 4506 ·
1332 4477 1413 4541 εις
1445 4479 1748 4533 ἀνάστασιν
1774 4479 1833 4533 δὲ

1942 4474 2210 4528 malorum
2253 4486 2375 4541 quae
2426 4469 2479 4523 in
2536 4467 2829 4522 animabus
2876 4462 3080 4518 nostris
3122 4480 3133 4515 :

1850 3188 1901 3250 ο

1930 600 2177 663 Domine,
2204 603 2517 655 contitentis
2546 612 2666 664 est,
2698 599 2841 669 quod
2870 599 2985 667 ipse
3009 597 3080 650 sit
3119 597 3380 650 Dominus
3399 596 3523 649 vita:

1928 706 1991 745 ac
2020 692 2230 745 mortis.
2274 689 2405 744 Vide
2441 702 2623 745 autem
2658 691 2932 760 quomodo
2960 689 3134 743 sancti
3174 702 3270 757 pro
3305 686 3524 741 vinculo

1927 798 2127 851 corpus
2170 784 2392 836 habent.
2426 782 2635 837 Idcirco
2665 783 2792 836 dicit
2828 800 2840 838 :
2872 781 3027 835 Nunc
3058 781 3333 843 absolvis,
3363 778 3522 848 quasi

1928 889 1955 926 a
1987 873 2205 928 vinculo
2244 893 2258 928 :
2291 874 2589 932 secundum
2637 874 2866 927 verbum
2919 885 3107 935 tuum,
3144 879 3365 939 promer
3394 884 3521 922 ora-

1926 968 2107 1022 culum
2144 968 2289 1035 quod
2322 980 2609 1034 acceperat
2653 968 2797 1035 quod
2848 982 2953 1019 non
3001 973 3148 1019 esset
3188 964 3521 1020 moriturus,

1926 1067 2099 1115 donec
2140 1060 2348 1115 videret
2388 1061 2689 1113 Christmn.
2726 1058 2782 1111 ln
2822 1072 2954 1125 pace
2995 1066 3176 1109 autem
3201 1097 3215 1118 ,
3263 1055 3365 1107 hoc
3403 1064 3520 1117 εει,

1926 1155 2138 1222 quiete,
2171 1168 2295 1206 nam
2324 1153 2485 1205 homo
2518 1152 2694 1219 quoad
2726 1151 2859 1203 vivit
2891 1153 3145 1202 turbatur
3179 1149 3219 1178 ¹⁹
3243 1188 3256 1209 ,
3296 1148 3440 1199 sicut
3472 1154 3525 1196 ιιι

1928 1245 2097 1298 David
2130 1244 2262 1297 dicit
2291 1263 2303 1296 ;
2338 1252 2585 1296 mortuus
2617 1256 2746 1293 vero
2789 1256 2978 1308 pacem
3014 1239 3199 1291 habet.
3235 1236 3331 1289 Vel
3366 1235 3524 1287 aliter

1928 1338 2171 1405 intelligo
2212 1354 2225 1388 :
2271 1338 2328 1387 In
2384 1350 2551 1403 pace,
2600 1335 2701 1387 hoc
2754 1342 2871 1394 est,
2934 1331 3050 1398 spei
3113 1322 3521 1382 Consecutiunc.

1930 1429 2250 1499 Priusquam
2274 1470 2287 1494 ,
2317 1428 2515 1495 inquit,
2544 1427 2799 1496 vidissem
2836 1423 3123 1477 Dominum
3149 1463 3161 1485 ,
3193 1438 3298 1473 non
3332 1428 3525 1488 pacata

1929 1534 2108 1578 tuente
2140 1538 2289 1576 eram
2310 1567 2323 1585 ,
2357 1530 2685 1589 exspectans
2722 1520 2894 1582 illum,
2929 1531 2984 1571 et
3013 1532 3229 1584 semper
3257 1514 3525 1567 sollicitus

1927 1615 2143 1685 quando
2179 1615 2363 1667 veniat
2408 1628 2418 1662 :
2467 1627 2611 1665 nunc
2649 1622 2832 1664 autem
2877 1610 2994 1675 ipso
3040 1608 3186 1667 viso.
3232 1617 3286 1658 et
3330 1620 3517 1672 pacem

1928 1715 2289 1766 consecutus,
2323 1712 2377 1757 et
2407 1701 2771 1756 sollicitudine
2802 1700 3097 1760 liberatus,
3128 1708 3185 1748 ut
3214 1697 3289 1748 sic
3321 1695 3522 1751 dicam.

1932 1799 2205 1854 absolvar.
2240 1795 2492 1849 Salutare
2518 1804 2696 1846 autem
2726 1834 2739 1857 ,
2767 1790 3074 1844 incarnatio
3109 1786 3384 1856 Uttigtznili
3419 1794 3523 1841 cst.

1928 1907 2092 1961 quam
2142 1898 2270 1944 ante
2314 1886 2511 1941 sarcula
2560 1884 2743 1938 omnia
2803 1882 2943 1935 Deus
2994 1880 3342 1949 pra-paratit.
3387 1881 3527 1930 Ante

1926 1983 2120 2037 faciem
2152 1994 2279 2034 vero
2312 1977 2555 2032 omnium
2582 1975 2905 2044 populorum
2937 1976 3098 2024 istam
3128 1971 3361 2023 salutem
3388 1984 3525 2036 pm:-

1927 2075 2171 2146 paravit,
2208 2083 2264 2126 ut
2288 2072 2528 2125 salvaret
2556 2069 2816 2122 tnundum
2838 2109 2851 2131 ,
2880 2076 2933 2119 et
2964 2074 3019 2116 ut
3042 2066 3299 2118 omnibus
3324 2061 3523 2130 liquida

1928 2169 2022 2223 ﬁat
2047 2164 2168 2235 ejus
2195 2160 2500 2218 incarnatio
2531 2202 2543 2223 ,
2580 2157 2737 2227 cujus
2767 2158 2942 2227 gratia
2972 2166 3025 2210 et
3061 2155 3383 2208 incarnatus
3418 2166 3520 2205 est.

1928 2258 2186 2315 Salutare
2219 2268 2439 2325 quoque
2482 2254 2622 2315 hoc,
2672 2254 2853 2304 lumcn
2891 2258 2975 2303 est
3025 2248 3091 2301 ad
3138 2245 3523 2299 ret-clatiuncm

1926 2352 2199 2421 gentium,
2240 2349 2341 2402 hoc
2369 2354 2487 2410 est,
2523 2344 2589 2398 ad
2620 2342 3043 2397 illustrationem
3090 2340 3335 2406 gentium
3370 2346 3525 2390 oute-

1927 2445 2279 2498 nchratarum
2300 2478 2315 2504 ,
2342 2448 2396 2492 et
2419 2437 2646 2509 gloriam
2676 2433 3077 2487 Israelitarum.
3101 2430 3357 2483 Christus
3382 2427 3526 2480 enim

1926 2534 2096 2606 gloria
2126 2542 2207 2587 est
2238 2530 2421 2601 populi
2453 2529 2543 2597 qui
2579 2542 2705 2580 vero
2740 2524 2907 2578 Israel
2968 2524 3270 2577 secundum
3296 2520 3438 2587 quod
3461 2533 3526 2571 ex

1928 2629 2019 2683 illo
2048 2635 2203 2679 ortus
2234 2634 2351 2687 cst,
2384 2630 2438 2675 et
2461 2622 2516 2675 in
2550 2621 2651 2673 hoc
2685 2626 2957 2673 ornantur
2986 2614 3077 2682 qui
3106 2613 3323 2679 sapiunt
3352 2626 3415 2663 ac
3448 2610 3531 2661 in-

1928 2718 2200 2786 telligunt.
2229 2715 2355 2770 Haec
2386 2714 2633 2767 Simeon.
2668 2710 2934 2764 Videntur
2960 2715 3141 2760 autem
3172 2704 3301 2757 mihi
3331 2711 3385 2755 et
3411 2716 3532 2769 qua:

1929 2810 2069 2864 dicta
2098 2817 2275 2863 sunta
2312 2805 2505 2867 David,
2546 2801 2841 2858 convenire
2883 2798 3168 2853 Simeoni:
3206 2813 3223 2846 ι
3270 2794 3537 2862 Longitu-

1930 2895 2542 2965 dinedierumimplebo
2567 2910 2716 2960 eum,
2742 2902 2798 2947 et
2837 2892 3121 2947 ostendam
3167 2887 3240 2941 illi
3300 2887 3535 2941 salutare

1930 3008 2107 3048 meum
2124 2994 2188 3045 ¹⁰.
2228 3014 2244 3042 ι

2003 3267 2172 3322 Vens.
2198 3264 2395 3319 ὅτι-35.
2427 3281 2445 3314 ι
2486 3262 2550 3314 Et
2583 3268 2741 3315 erant
2769 3268 2922 3327 pater
2970 3265 3025 3312 et
3065 3264 3240 3310 mater
3284 3268 3401 3323 eius
3436 3254 3537 3308 mi-

1930 3368 2115 3415 rantes
2156 3372 2321 3426 super
2355 3355 2441 3410 his
2470 3368 2592 3423 quae
2636 3350 2962 3407 dicebantur
2993 3348 3057 3402 de
3106 3347 3217 3399 illo.
3258 3344 3324 3397 Et
3369 3345 3536 3398 bene-

1931 3454 2069 3509 dixit
2092 3452 2199 3507 illis
2224 3450 2446 3506 Simeon
2474 3466 2487 3502 :
2516 3456 2572 3501 et
2594 3446 2734 3500 dixit
2756 3444 2825 3498 ad
2849 3441 3075 3496 Mariam
3108 3449 3338 3493 matrem
3364 3438 3485 3504 ejus
3514 3454 3531 3491 :

1931 3546 2074 3601 Ecce
2105 3546 2320 3614 positus
2348 3552 2430 3597 est
2458 3540 2548 3596 hic
2582 3539 2639 3594 in
2676 3537 2919 3601 ruinam,
2969 3542 3024 3587 et
3075 3530 3535 3587 resurrectionem

1933 3636 2229 3692 multorum
2262 3630 2543 3697 iu'lsrael,
2570 3640 2626 3685 et
2652 3630 2703 3684 in
2730 3629 2947 3695 signum
2979 3625 3065 3697 cui
3102 3622 3535 3677 contradicelur.

1932 3730 2074 3799 Quin
2119 3738 2178 3783 et
2210 3739 2357 3782 tuam
2401 3724 2577 3796 ipsius
2612 3722 2857 3778 animam
2891 3715 3201 3789 penetrabit
3233 3715 3447 3785 gladius
3480 3721 3541 3767 ut

1935 3830 2257 3893 retegantur
2287 3834 2355 3874 ex
2384 3816 2571 3873 multis
2599 3814 2862 3872 cordibus
2888 3811 3272 3881 cogitationes.
3312 3826 3329 3861 ι
3365 3808 3541 3862 Bene-

1937 3914 2074 3969 dixit
2100 3911 2324 3982 quidem
2349 3908 2618 3964 ambobus
2647 3904 2874 3961 Simeon
2905 3924 2918 3961 :
2948 3905 3155 3975 rejecto
3179 3913 3359 3958 autem
3388 3913 3543 3971 patre

1936 4008 2213 4075 putativo,
2255 4004 2324 4061 ad
2358 4019 2542 4060 veram
2577 4013 2813 4059 matrem
2854 4001 3071 4055 locutus
3104 4010 3188 4054 est
3225 4016 3237 4053 :
3280 3998 3419 4053 Ecce
3453 3997 3544 4053 hic

1934 4103 2147 4174 positus
2174 4110 2258 4156 est
2287 4099 2340 4153 in
2373 4098 2587 4154 ruinam
2611 4136 2625 4159 ,
2661 4105 2715 4151 et
2750 4094 3209 4150 resurrectionem
3248 4091 3541 4144 multorum

1939 4198 1991 4251 in
2023 4195 2212 4251 Israel.
2240 4195 2475 4248 Ruinam
2511 4190 2732 4259 quidem
2764 4186 2895 4242 dicit
2928 4201 3119 4241 eorum
3155 4184 3246 4253 qui
3286 4199 3393 4238 non
3426 4196 3544 4237 cre-

1938 4288 2233 4351 diderunt,
2282 4286 2375 4357 qui
2423 4298 2557 4338 vero
2606 4280 2995 4344 crediderunt,
3052 4274 3542 4331 resurrectionem.

1943 4380 2038 4437 Vel
2074 4380 2236 4435 etiam
2280 4378 2444 4432 aliter
2490 4396 2503 4431 :
2542 4376 2601 4429 In
2653 4375 2874 4429 ruinam
2912 4370 3124 4440 positus
3158 4378 3239 4422 cst
3284 4365 3547 4421 Dominus

3190 4478 3243 4514 HI
3296 4473 3547 4513 resurre-

240 4562 349 4616 τῶν
378 4562 626 4633 ἀγαθῶν.
666 4562 867 4617 mmet
893 4542 1145 4634 πορνεία,
1171 4566 1457 4622 ἀνίσταται
1479 4570 1831 4642 σωφροσύνη·

1941 4567 2180 4623 ctionem
2237 4578 2364 4618 vero
2424 4563 2714 4616 honorum.
2780 4556 2941 4613 Cadit
3001 4552 3322 4617 fornicatio,
3375 4550 3547 4620 surgit

240 4657 335 4708 καὶ
364 4652 541 4718 ἄλλως
566 4654 624 4706 δὲ
644 4653 871 4707 δύναται
898 4655 1184 4726 νοηθῆναι·
1214 4660 1389 4712 κεῖται
1416 4660 1526 4731 γάρ
1547 4663 1575 4715 6
1597 4661 1837 4733 Χριστὸς

236 4746 572 4811 ειςπτῶσιν,
598 4746 721 4800 ἀντὶ
751 4746 847 4800 τοῦ
865 4745 1065 4800 Μέλλει
1090 4747 1285 4802 παθεῖν
1312 4750 1499 4816 αὐτὸς,
1524 4754 1626 4813 καὶ
1648 4755 1838 4806 πεσεῖν

237 4842 319 4905 εις
340 4839 596 4904 θάνατον,
628 4842 725 4896 καὶ
758 4844 1062 4914 ἀναστῆναι
1101 4843 1360 4915 μέλλουσι
1395 4845 1601 4912 πολλοὶ,
1640 4848 1840 4901 πεσόν-

239 4948 331 4997 τος
356 4930 548 4988 αὐτοῦ.
597 4933 785 4999 Στίξον
814 4934 907 4989 οὖν
933 4937 991 4990 εν
1010 4934 1111 5008 τῷ,
1138 4938 1220 5019 εις
1240 4936 1473 4991 πτῶσιν·
1503 4933 1625 4993 εἶτα
1652 4939 1840 5010 ἀρξαι,

240 5026 339 5079 καὶ
374 5024 673 5080 ἀνάστασιν
722 5026 933 5081 πολλῶν
969 5042 984 5055 ·
1013 5032 1243 5099 σημεῖον
1283 5030 1361 5097 δὲ,
1409 5033 1438 5085 6
1472 5032 1727 5103 σταυρὸς,
1778 5033 1837 5097 ὸς

246 5119 413 5189 μέχρι
431 5118 527 5172 τοῦ
560 5119 655 5173 νῦν
675 5120 1037 5190 ἀντιλέγεται,
1068 5124 1349 5177 τουτέστιν
1371 5127 1431 5177 ού
1458 5126 1834 5197 παραδέχεται

246 5210 401 5279 παρά
430 5209 541 5263 τῶν
574 5212 853 5267 ἀπεστων.
888 5214 1129 5282 Λέγεται
1159 5214 1216 5268 δὲ
1250 5219 1477 5285 σημεῖον
1514 5219 1608 5270 καὶ
1640 5219 1674 5289 ή
1706 5219 1839 5289 σάρ-

243 5320 415 5367 κωσις
444 5302 539 5357 τοῦ
577 5304 821 5389 Κυρίου·
846 5307 941 5361 καὶ
971 5306 1123 5371 ξένον
1153 5310 1401 5379 σημεῖον.
1437 5309 1571 5373 Θεὸς
1600 5311 1713 5382 γὰρ
1743 5310 1841 5366 ἀν-

242 5394 466 5465 θρωπος
491 5398 707 5465 γέγονε·
739 5398 835 5453 καὶ
865 5400 1160 5471 παρθένος,
1195 5403 1403 5474 μήτηρ·
1440 5406 1502 5457 τὸ
1528 5403 1589 5457 δὲ.
1614 5408 1841 5475 σημεῖον

241 5485 429 5551 τοῦτο,
462 5487 498 5557 ή
545 5488 824 5558 σάρκωσις
854 5489 1000 5559 λέγω
1030 5492 1124 5546 τοῦ
1164 5494 1431 5564 Χριστοῦ,
1469 5495 1837 5564 ἀντιλέγεται·

243 5580 297 5633 οἱ
331 5580 431 5651 μὲν
466 5580 598 5653 γὰρ,
624 5582 683 5647 ἐξ
726 5583 963 5653 ούρανοῦ
992 5585 1052 5639 τὸ
1088 5587 1254 5657 σῶμά
1285 5605 1477 5657 φασιν·
1508 5590 1557 5642 οἱ
1582 5588 1666 5653 δὲ,
1701 5590 1846 5643 κατά

244 5675 570 5744 φαντασίαν·
590 5678 640 5729 οὶ
656 5676 732 5741 δὲ,
754 5676 884 5731 ἀλλο
902 5696 954 5733 τι
973 5679 1299 5751 φλυαροῦσι.
1323 5682 1432 5736 Καὶ
1456 5680 1551 5737 σοῦ
1575 5683 1632 5737 δὲ
1650 5684 1844 5753 αὐτῆς,

323 5854 541 5912 "l’sal.
592 5874 815 5925 uuis,
854 5858 905 5922 7,
983 5863 1028 5892 ’³
1066 5861 1184 5917 Psal
1254 5877 1341 5918 at.
1387 5860 1446 5915 IG

1943 4659 2307 4713 continentia.
2369 4653 2468 4709 Vel
2522 4652 2685 4707 aliter
2738 4663 2958 4720 quoque
3010 4645 3239 4715 intelligi
3295 4652 3472 4715 potest
3528 4661 3541 4696 :

1943 4750 2161 4806 Positus
2193 4755 2283 4803 est
2310 4747 2457 4802 enim
2491 4744 2755 4801 Dominus
2783 4744 2836 4797 in
2881 4740 3127 4803 ruinam.
3162 4739 3265 4792 hoc
3293 4745 3397 4799 est,
3433 4735 3549 4806 ipse

1945 4858 2204 4915 passurus
2232 4849 2339 4907 est,
2376 4850 2431 4896 et
2455 4852 2685 4895 casurus
2706 4847 2794 4892 est
2825 4837 2880 4889 in
2914 4844 3144 4889 mortem
3182 4851 3194 4885 Ξ
3229 4843 3282 4887 et
3310 4846 3434 4885 cum
3459 4844 3550 4885 CC‘

1947 4937 2145 4994 ciderit
2179 4938 2317 5001 ipse,
2350 4940 2642 5003 resurgent
2677 4929 2857 4985 multi.
2889 4928 3159 4982 Punctum
3195 4934 3375 4979 autem
3410 4938 3550 4991 pone

1947 5043 2071 5085 cum
2105 5027 2341 5091 dixeris,
2384 5027 2441 5080 in
2474 5024 2689 5079 ruinam
2739 5038 2752 5074 :
2791 5019 2988 5076 deinde
3022 5018 3230 5087 incipe,
3275 5023 3331 5070 et
3370 5029 3551 5069 resur-

1950 5122 2246 5176 rectionem
2273 5117 2591 5173 multorum.
2618 5112 2844 5184 Signum
2865 5120 3068 5176 autem,
3092 5124 3252 5175 crux,
3276 5108 3363 5162 cui
3383 5121 3553 5175 usque

1949 5216 2001 5269 in
2038 5216 2144 5269 hoc
2181 5222 2398 5282 tempus
2424 5208 2844 5273 contradicitur,
2876 5205 2977 5259 hoc
3006 5212 3113 5267 est,
3145 5217 3251 5256 non
3294 5199 3554 5269 recipitur

1948 5308 2017 5363 ab
2061 5305 2380 5361 incredulis.
2413 5301 2623 5356 Dicitur
2652 5287 2709 5355 et
2742 5295 3052 5353 incarnatio
3070 5293 3287 5349 Domini
3315 5292 3551 5361 signum,

1948 5408 2004 5454 et
2028 5396 2280 5453 mirabile
2319 5397 2555 5464 signum.
2602 5391 2749 5446 Deus
2775 5390 2921 5445 enim
2955 5388 3118 5441 homo
3149 5383 3282 5449 luit,
3318 5393 3372 5437 et
3400 5383 3555 5453 virgo

1947 5501 2155 5555 mater;
2206 5488 2334 5543 huic
2381 5495 2562 5541 autem
2600 5486 2798 5553 signo,
2849 5478 3251 5541 incarnatioui,
3296 5476 3552 5545 inquam,

1947 5585 2152 5640 Christi
2184 5580 2603 5638 contradicitur.
2646 5577 2882 5645 Quidam
2924 5576 3070 5630 enim
3103 5571 3294 5627 dicunt
3329 5582 3555 5624 carnem

1949 5699 1978 5739 e
1998 5679 2163 5752 290
2178 5678 2340 5745 cmlo,
2366 5677 2588 5748 quidam
2611 5687 2741 5731 vero
2759 5681 3105 5741 apparentcr,
3124 5667 3347 5739 quidam
3370 5672 3553 5718 autem
