4272 6438
756 399 855 463 73l

1683 405 2257 470 THEOPIIYLACTI
2303 401 2713 464 BULGARL‘E
2755 400 3114 463 ARCHIEP.

3916 391 4026 453 732

758 518 900 570 aliud
938 520 1186 589 quiddam
1238 532 1522 595 angantur.
1569 524 1633 578 Et
1667 536 1810 582 tuam
1858 529 2058 595 ipsius,
2098 525 2334 594 Virginis
2363 530 2445 585 Α·

2363 530 2405 585 Α
2436 524 2534 592 τῆς
2562 521 2862 590 Παρθένου,
2891 519 2988 589 τὴν
3015 516 3194 586 ψυχὴν
3226 513 3554 568 διελεύσεται
3586 511 3829 582 ῥομφαία
3882 511 4023 577 τάχα

755 610 898 668 dico,
935 611 1163 662 animant
1196 614 1542 674 perlransibit
1574 615 1804 683 gladius.
1840 615 2110 670 Fortassis
2147 626 2326 669 autem

753 709 808 752 et
848 701 1081 753 dolorem
1124 716 1279 770 quem
1309 704 1360 754 in
1396 706 1648 771 passione
1681 706 1827 771 tulit,
1867 705 2113 760 fortassis
2149 717 2327 760 autem

754 801 805 841 et
852 791 1162 844 scandalum
1211 793 1336 846 dicit
1387 796 1785 864 rhompbzcam,
1820 813 1926 864 quo
1959 796 2165 851 offensa
2209 798 2326 852 fuit.

761 879 952 931 Videtis
986 881 1127 932 enim
1174 883 1494 937 cruciﬁxum
1520 927 1533 949 ,
1568 884 1815 948 fortassis
1858 888 2162 955 cogitabat,
2195 903 2326 956 quo-

758 969 918 1020 modo
943 972 1031 1036 qui
1067 982 1222 1023 natus
1254 982 1336 1027 est
1363 976 1478 1028 sine
1501 977 1738 1042 semine,
1765 978 1856 1046 qui
1885 980 2143 1033 miracula
2171 980 2324 1042 fecit,

754 1060 841 1125 qui
871 1073 1109 1115 mortuos
1132 1065 1431 1124 suscitavit,
1455 1068 1748 1121 cruciﬁxus
1771 1078 1882 1134 est,
1904 1080 2200 1139 cons-putus
2225 1078 2327 1132 est.

755 1162 995 1203 mortuus
1029 1155 1146 1206 est?
1177 1155 1327 1218 Quod
1371 1166 1546 1210 autem
1589 1159 1739 1221 dicit,
1818 1161 1890 1214 Ut
1929 1161 2232 1214 revelcntur
2261 1177 2325 1214 ex

754 1240 938 1295 multis
979 1245 1230 1301 cordibus
1276 1249 1663 1317 cogitationes,
1705 1252 1802 1306 hoc
1840 1253 2140 1320 signiﬁcat,
2187 1255 2327 1322 quod

753 1330 1158 1388 Revelabunlur
1189 1349 1242 1389 et
1276 1339 1764 1395 manifestabuntur
1805 1344 2092 1396 multorum
2125 1345 2328 1412 cogita-

751 1423 943 1486 tiones,
972 1427 1057 1493 qui
1082 1431 1537 1494 scandalizantur,
1569 1442 1621 1484 et
1652 1435 1960 1501 reprehensi
1990 1439 2323 1502 repentinum

751 1517 1019 1570 invenient
1057 1520 1352 1574 remedium
1390 1524 1570 1578 :sicut
1607 1536 1660 1578 et
1704 1538 1753 1577 tu
1779 1567 1792 1591 ,
1823 1549 1854 1580 υ
1893 1527 2073 1592 Virgo,
2126 1528 2328 1580 revela-

749 1609 922 1672 beris,
971 1620 1022 1662 et
1066 1611 1345 1666 manifesta
1394 1617 1502 1669 eris
1551 1619 1678 1684 Quid
1723 1620 1926 1672 sentias
1971 1622 2034 1672 de
2075 1618 2324 1681 Christo,

747 1698 940 1753 deinde
976 1705 1290 1756 conlirmata
1333 1707 1440 1760 eris
1491 1709 1593 1762 fide
1639 1710 1688 1762 in
1738 1710 1906 1762 illum.
1963 1697 2223 1764 Similiter
2273 1721 2328 1765 ct

749 1791 941 1847 Petrus
986 1795 1312 1849 revelabitur
1354 1813 1476 1852 cum
1525 1805 1830 1871 negaverit,
1877 1819 2059 1856 verum
2107 1806 2324 1859 demon-

751 1898 918 1946 strata
950 1897 1030 1942 est
1062 1890 1149 1943 Dei
1178 1894 1436 1958 potentia,
1466 1910 1582 1962 qua:
1611 1912 1704 1965 per
1739 1899 2114 1964 pmnitentiatu
2150 1901 2324 1968 ipsum

747 1981 1003 2049 suscepit.
1047 1981 1107 2033 Et
1135 1983 1288 2036 aliter
1326 2001 1338 2037 :
1377 1986 1643 2040 Revelataa
1675 1999 1794 2042 sunt
1830 2003 1858 2042 e
1891 1991 2144 2044 cordibus
2179 1992 2326 2060 cogi-

750 2071 996 2135 tationes,
1031 2088 1147 2125 cum
1194 2079 1502 2144 apparuerit
1544 2078 1817 2146 proditor,
1879 2090 1932 2133 et
1973 2084 2324 2152 apparuerint

749 2161 1029 2230 diligentes
1061 2164 1205 2217 illum
1232 2205 1245 2229 ,
1278 2168 1457 2235 qualis
1501 2171 1603 2224 fuit
1641 2170 1840 2241 Joseph
1871 2173 1960 2242 qui
1993 2173 2221 2228 accessit
2262 2175 2327 2228 ad

751 2250 976 2306 l'ilatuin
1008 2272 1016 2308 :
1047 2257 1232 2321 quales
1262 2258 1472 2313 fuerunt
1507 2264 1759 2318 mulieres
1783 2279 1901 2334 qua:
1939 2267 2328 2334 permanebant

750 2345 886 2406 apud
916 2358 1150 2400 crucem.

826 2433 986 2489 Vens.
1037 2438 1225 2491 56-40.
1279 2460 1296 2490 ι
1355 2443 1417 2494 Ει
1464 2454 1579 2497 erat
1632 2447 1785 2500 Anna
1841 2449 2177 2516 pr0pbetissa
2219 2451 2323 2506 ﬁlia

753 2526 982 2579 l‘hauuel
1007 2570 1020 2589 ,
1051 2532 1116 2584 de
1142 2533 1281 2585 tribu
1318 2535 1469 2589 Aser.
1501 2535 1622 2591 llaec
1646 2551 1989 2605 processerat
2017 2543 2068 2594 in
2103 2544 2322 2596 multam

747 2629 956 2671 ειτιιιιειιι
979 2662 991 2683 ,
1029 2631 1079 2674 et
1119 2624 1329 2678 vixerat
1359 2641 1480 2679 cum
1513 2628 1627 2682 viro
1654 2630 1813 2685 anuis
1849 2642 2054 2701 septem
2087 2647 2116 2686 a
2159 2635 2324 2704 virgi-

750 2713 914 2765 nitate
941 2729 1066 2776 sua,
1114 2725 1165 2770 et
1202 2717 1312 2771 haec
1353 2719 1506 2772 vidua
1547 2737 1810 2777 annorum
1847 2722 2013 2778 ferme
2052 2727 2324 2796 octoginta

747 2813 1000 2870 quatuor,
1033 2823 1151 2874 qurc
1193 2825 1298 2864 non
1331 2811 1644 2867 discedebat
1676 2829 1704 2868 e
1739 2816 1967 2885 templo,
2008 2817 2229 2885 jejuniis
2263 2835 2324 2875 ac

748 2901 1220 2967 ile-precationibus
1239 2907 1483 2961 serviens
1509 2920 1666 2964 nocte
1694 2926 1754 2964 ac
1779 2912 1884 2966 die.
1913 2913 1976 2966 Et
2002 2915 2114 2969 brec
2135 2915 2322 2971 eadem

747 2994 876 3046 hora
919 2997 1349 3063 superveniens,
1386 3001 1622 3055 vicissim
1660 3006 2021 3058 conﬁtebatur
2061 3006 2320 3071 Domino,

747 3095 802 3138 ct
847 3085 1162 3155 loquebatur
1193 3090 1256 3144 de
1299 3091 1387 3145 illo
1417 3095 1669 3150 omnibus
1705 3098 1795 3164 qui
1824 3101 2209 3166 exSpectabant
2241 3116 2324 3153 re-

2438 613 2538 682 μὲν
2569 613 2666 664 καὶ
2696 612 2727 680 ἡ
2763 610 2940 678 θλίψις
2966 612 2996 677 ἡ
3032 609 3123 660 ἐπὶ
3153 606 3230 677 τῷ
3265 605 3426 660 πάθει
3459 604 3745 672 γενομένη·
3772 604 3911 669 τάχα
3936 601 4020 661 δὲ,

2435 705 2714 774 ῥομφαίαν
2743 703 2893 769 λέγει
2942 703 3033 753 καὶ
3077 700 3168 752 τὸν
3215 696 3615 766 σκανδαλισμόν
3651 696 3708 747 ὃν
3751 693 4026 745 ἐσκανδα-

2431 796 2589 864 λίσθη
2641 796 2822 863 ὁρῶσα
2867 795 2957 845 τὸν
2993 793 3196 862 Κύριον
3234 789 3664 859 σταυρούμενον.
3713 789 3874 848 Ἰσως
3909 787 4026 854 γὰρ

2432 889 2669 950 ὑπενόει,
2695 889 2816 950 Πῶς
2837 889 2865 939 ὁ
2888 886 3098 956 τεχθεὶς
3127 885 3403 952 ἀσπόρως,
3430 887 3457 936 ὁ
3482 882 3735 949 θαύματα
3762 880 4022 948 ποιήσας,

2433 983 2460 1032 ὁ
2492 980 2720 1047 νεκροὺς
2762 979 3105 1047 ἀναστήσας,
3164 977 3518 1044 ἐσταυρώθη,
3563 974 3658 1026 καὶ
3696 969 4022 1038 ὲνεκρὼθη,

2434 1072 2527 1123 καλ.
2573 1069 2910 1137 ὲνεπτύσθης
2958 1070 3030 1121 Τὸ
3049 1069 3128 1131 δὲ,
3168 1069 3356 1129 Ὅπως
3378 1066 3927 1133 ἀνάποκαλυφθῶσιν
3961 1067 4026 1116 ἐκ

2434 1162 2648 1214 πολλῶν
2681 1161 2919 1230 καρδιῶν
2958 1161 3321 1228 διαλογισμοὶ,
3375 1158 3533 1210 τοῦτο
3587 1158 3839 1227 σημαίνει
3879 1199 3892 1218 ,
3937 1158 4027 1206 ὅτι

2431 1253 3111 1321 ἀποκαλυφθήσονται“κα“ι
3153 1249 3632 1320 φανερωθήσονται
3682 1249 3894 1301 πολλῶν
3933 1247 4032 1301 λο-

2430 1345 2622 1413 γισμοὶ
2646 1343 3178 1406 σκανδαλιζομένων,
3208 1341 3304 1393 καὶ
3327 1339 3700 1408 ἐλεγχθέντες,
3724 1338 4029 1405 εὑρήσουσι

2431 1438 2655 1505 ταχεῖαν
2691 1436 2788 1503 τὴν
2823 1436 2987 1487 ῐασινο
3037 1428 3146 1485 οἷον
3183 1433 3276 1485 καὶ
3313 1433 3399 1495 σὺ,
3431 1424 3474 1482 ὦ
3511 1429 3776 1497 ΙΙαρθένε,
3806 1429 4029 1480 ἀποκα-

2430 1528 2682 1597 λυφθήσῃ
2737 1526 2831 1578 καὶ
2885 1524 3290 1595 φανερωθήσῃ,
3356 1523 3409 1574 τί
3475 1523 3691 1590 φρονεῖς
3744 1531 3869 1587 περι
3916 1516 4024 1570 τοῦ

2431 1620 2668 1690 Χριστοῦ
2692 1637 2706 1650 ο
2737 1615 2856 1670 εἶτα
2891 1616 3234 1687 βεῦαιωθήσῃ
3268 1617 3361 1668 ἐπὶ
3399 1618 3464 1685 τῇ
3497 1619 3575 1676 εἰς
3605 1614 3766 1666 αὑτὸν
3808 1613 4023 1663 πίστει·

2431 1711 2630 1781 ὁμοίως
2666 1710 2757 1762 καὶ
2805 1710 3009 1778 Πέτρος
3039 1707 3406 1777 ἀπεκαλύφθη
3450 1707 3851 1776 ἀρνησάμενος,
3896 1701 4025 1754 ἀλλ’

2431 1803 2648 1873 ιδείχθη
2683 1805 2716 1872 ἡ
2753 1803 2904 1871 ἰσχὺς
2940 1800 3032 1852 τοῦ
3061 1799 3225 1863 Θεοῦ,
3254 1799 3699 1869 προσλαεομένου
3737 1796 3894 1849 αὐτὴν
3927 1795 4025 1846 διὰ

2431 1894 2530 1960 τῆς
2562 1895 2873 1963 μετανοίας·
2902 1896 2996 1945 καὶ
3019 1892 3196 1953 ἄλλως
3222 1893 3275 1945 δὲ
3301 1889 3770 1960 ἁπεκαλύφθησαν
3797 1890 3860 1939 ἐκ
3887 1887 4025 1938 πολε

2431 1985 2539 2039 λῶν
2583 1985 2823 2055 καρδιῶν
2863 1983 3222 2052 διαλογισμοὶ,
3276 1983 3535 2051 φανέντος
3579 1981 3673 2033 τοῦ
3720 1979 4018 2049 προδότου,

2431 2077 2710 2146 φανέντων
2741 2076 2848 2129 τῶν
2881 2074 3226 2143 ἀγαπώντων
3266 2073 3452 2127 αὐτόν·
3488 2068 3602 2136 οἷος
3635 2068 3703 2143 ἦν
3746 2072 3946 2141 Ἰωσὴφ
3997 2074 4030 2124 ὁ

2431 2167 2598 2221 ἐλθὼν
2631 2167 2765 2237 πρὸς
2784 2167 3018 2220 Πελάτον
3039 2182 3052 2196 ·
3094 2162 3200 2218 οἷαι
3241 2167 3299 2221 αἰ
3327 2168 3585 2232 γυναῖκες
3610 2165 3666 2222 αι
3691 2163 3768 2223 τῶ
3790 2163 4025 2234 σταυρῷ

2431 2261 2866 2332 παραμένουσαι.

2510 2463 2527 2493 ι
2577 2443 2686 2498 Καὶ
2731 2437 2799 2511 ἦν
2830 2442 2997 2494 ’Λννα
3034 2440 3326 2512 προφῆτις,
3368 2437 3618 2517 θυγάτηρ
3649 2438 3907 2508 Φανουὴλ,
3950 2440 4026 2494 ἐκ

2431 2535 2600 2603 φυλῆς
2638 2535 2830 2602 Ἀσήρ·
2853 2534 2991 2604 αὕτη
3021 2531 3398 2604 προϐεϐηκυῖα
3415 2532 3472 2588 δν
3499 2530 3734 2602 ἡμέραις
3759 2531 3989 2594 πολλαῖς
4006 2576 4021 2592 ,

2429 2627 2642 2695 ζήσασα
2681 2626 2777 2694 ἐτη
2824 2627 2959 2692 μετὰ
2992 2625 3182 2695 ἀνδρὸς
3214 2626 3354 2682 ἑπτα
3381 2665 3394 2687 ,
3438 2625 3547 2678 ἀπὸ
3581 2623 3683 2689 τῆς
3719 2623 4031 2694 παρθενίας

2430 2720 2616 2786 αὐτῆς.
2649 2717 2759 2770 Καὶ
2785 2717 2922 2805 αὕτη
2948 2714 3093 2787 χήρα
3118 2716 3192 2780 ὡς
3217 2715 4023 2784 ὲτῶνὸγδοηκοντατεσσάρων.

2430 2810 2462 2880 ἢ
2492 2811 2591 2862 οὐκ
2615 2810 2879 2877 ἀφίστατο
2905 2811 3012 2862 ἀπὸ
3034 2809 3125 2862 τοῦ
3161 2809 3332 2880 ἱεροῦ,
3364 2809 3643 2876 νηστείαις
3675 2811 3765 2861 καὶ
3795 2808 4030 2878 δεήσεσι

2428 2903 2769 2974 λατρεύουσα
2805 2905 2977 2956 νύκτα
3021 2903 3113 2954 xui.
3148 2902 3386 2971 ἡμέραν.
3425 2901 3535 2955 Καὶ
3587 2900 3727 2971 α’ύτη
3773 2901 3906 2970 αὐτῇ
3949 2905 4025 2970 τῇ

2428 2996 2548 3067 ὥρᾳ
2581 2998 2874 3059 ἐπιστᾶσα,
2919 2995 3358 3066 ἀνθωμολογεῖτο
3380 2995 3457 3066 τῷ
3476 2996 3691 3067 Κυρίῳ,
3713 2996 3805 3048 καὶ
3835 2994 4026 3047 έλάλει

2428 3089 2556 3159 περὶ
2597 3087 2764 3141 αὑτοῦ
2811 3090 2944 3141 πᾶσι
2985 3090 3097 3150 τοῖς
3133 3087 3595 3156 προσδεχομένοις
3641 3086 3910 3156 λύτρωσιν
3964 3087 4030 3138 ιν

745 3177 1105 3244 deruptionem
1145 3179 1553 3253 Hierosolymis.
1584 3187 1650 3241 Et
1678 3196 1733 3241 ut
1758 3189 2103 3259 perfecerunt
2137 3193 2317 3247 omnia
2350 3209 2394 3265 ο

2350 3209 2394 3265 c
2438 3183 2816 3252 Ἰερουσαλήμ·
2855 3183 2952 3234 καὶ
2994 3183 3071 3245 ὡς
3100 3182 3357 3234 ἐτέλεσαν
3395 3181 3613 3234 ἅπαντα
3643 3183 3708 3235 τὰ
3753 3182 3892 3236 κατὰ
3924 3182 4029 3235 τὸν

745 3269 1042 3322 secundum
1084 3271 1255 3340 legem
1290 3274 1529 3344 Domini,
1566 3280 1765 3333 reversi
1801 3289 1928 3335 sunt
1965 3281 2013 3334 in
2049 3281 2319 3338 Galilaeam

746 3364 799 3411 in
831 3360 1102 3415 civitatem
1130 3380 1281 3419 suam
1312 3365 1602 3423 Nazareth.
1638 3370 1779 3426 Puer
1802 3382 1981 3428 autem
2013 3390 2324 3432 succrescev-

750 3454 872 3507 bat.
912 3455 1477 3526 rorroborabaturqne
1509 3461 1701 3529 spiritu
1723 3504 1737 3527 ,
1787 3473 1842 3518 et
1879 3466 2205 3533 impleantur
2233 3484 2321 3522 sa-

749 3545 944 3610 pientia
971 3563 982 3598 :
1011 3556 1058 3598 et
1086 3549 1258 3614 gratia
1290 3550 1380 3603 Dei
1409 3559 1523 3605 erat
1547 3568 1707 3622 super
1735 3554 1902 3611 illum.
1939 3575 1955 3606 ι
1985 3557 2323 3628 Evangelista

746 3638 912 3688 Annae
942 3637 1147 3704 profert
1184 3644 1584 3715 genealogiam,
1621 3662 1948 3704 enumerans
1975 3651 2090 3719 ejus
2117 3664 2321 3721 patrem

747 3741 808 3778 ac
838 3730 1067 3796 tribum,
1097 3741 1148 3784 ut
1176 3735 1411 3792 sciamus
1434 3736 1583 3791 illum
1609 3755 1735 3795 vera
1757 3742 1968 3806 dicere.
1996 3753 2072 3798 tot
2096 3746 2323 3800 testibus

746 3821 1046 3887 accersitis,
1106 3825 1195 3893 qui
1245 3837 1452 3893 patuem
1507 3831 1817 3900 tribumque
1867 3836 1982 3901 ejus
2033 3848 2322 3890 noverunt.

745 3912 845 3965 Ista
899 3916 1060 3982 igitur
1090 3918 1326 3972 vicissim
1360 3921 1722 3977 confitebatur
1756 3926 2015 3991 Domino,
2069 3929 2166 3982 hoc
2213 3942 2324 3996 εει,

745 4009 950 4072 gratias
982 4012 1172 4078 agebat
1194 4053 1207 4076 ,
1249 4023 1303 4065 et
1337 4013 1563 4068 docebat
1593 4032 1783 4072 omnes
1823 4020 1888 4074 de
1915 4019 2143 4076 Domino
2184 4025 2326 4090 quod

748 4097 862 4165 ipse
879 4111 1020 4153 esset
1039 4100 1366 4166 Salvator,et
1381 4107 1681 4164 consolatio
1700 4111 1873 4165 nostri
1891 4122 2113 4182 exspect
2131 4115 2323 4168 intium

752 4191 1198 4260 redemptionem.
1249 4195 1538 4266 Postquam
1597 4210 1776 4255 autem
1825 4202 2169 4270 perfecerunt
2211 4206 2322 4259 haec

751 4285 962 4349 omnia,
993 4287 1194 4340 reversi
1244 4297 1368 4340 sunt
1399 4290 1448 4342 in
1490 4288 1762 4348 Galilaeam
1792 4292 1844 4346 in
1874 4297 2148 4350 civitatem
2171 4312 2324 4351 suam

749 4374 1034 4429 NHZJI‘ellt.
1059 4377 1420 4447 Eratquidem
1451 4392 1502 4435 et
1530 4382 1804 4439 Bethleem
1853 4387 2324 4456 civitasipsorum,

751 4471 841 4521 sed
877 4479 931 4520 ut
957 4471 1125 4538 patria
1157 4490 1167 4522 :
1202 4470 1470 4527 Nazareth
1505 4489 1634 4529 vero
1662 4486 1718 4530 ιιι
1751 4477 2104 4534 habitationis
2150 4481 2323 4536 locus.

2428 3275 2591 3343 νόμον
2627 3274 2876 3344 Κυρίου,
2922 3273 3273 3344 ὑπέστρεψαν
3314 3274 3396 3336 είς
3441 3266 3539 3342 τὴν
3575 3274 3888 3334 Γαλιλαίαν.
3942 3275 4029 3338 είς

2426 3367 2524 3436 τὴν
2553 3367 2708 3421 πόλιν
2737 3367 2917 3420 αὐτῶν
2945 3367 3222 3436 Ναζαρέτ.
3253 3365 3327 3419 Τὸ
3364 3366 3420 3418 δὲ
3457 3367 3670 3419 παιδίον
3694 3365 3892 3436 ηὔξανε
3926 3370 4031 3423 καὶ

2429 3458 2797 3529 ἐκραταιοῦτο
2847 3457 3162 3527 πνεύματι,
3212 3457 3596 3526 πληρούμενον
3647 3457 3874 3525 σοφίας,
3927 3459 4032 3510 καὶ

2429 3547 2591 3618 χάρις
2639 3547 2776 3600 Θεοῦ
2827 3543 2894 3617 ἦν
2947 3547 3033 3599 ἐπ’
3082 3544 3250 3606 αὐτῷ.
3302 3563 3323 3595 ι
3378 3547 3664 3615 Ἐπιμένει
3716 3549 3744 3599 ὁ
3789 3549 4034 3615 εὐαγγε-

2429 3640 2614 3709 λιστὴς
2647 3643 2710 3710 τῇ
2742 3640 2869 3706 περὶ
2889 3639 2989 3707 τῆς
3018 3640 3220 3707 Ἀννης
3243 3639 3548 3708 ἀφηγήσει,
3576 3638 3786 3691 καὶτὸν
3812 3643 4033 3707 πατέρα

2429 3732 2521 3783 καὶ
2549 3735 2646 3801 τὴν
2677 3730 2848 3800 φυλὴν
2877 3730 3215 3796 καταλέγων,
3259 3729 3346 3782 ἵνα
3380 3731 3642 3798 μάθωμεν
3703 3732 3785 3782 ὅτι
3847 3733 4034 3801 ἀὶηὲιῆ

2428 3821 2609 3888 λέγει,
2653 3825 2940 3892 μάρτυρας
2971 3821 3175 3874 ὡσανεὶ
3225 3823 3454 3886 πολλοὺς
3504 3824 4031 3895 προσκαλούμενος,

2431 3915 2554 3976 τοὺς
2589 3914 2798 3976 εἰδότας
2852 3914 3067 3967 καὶτὸν
3115 3915 3328 3984 πατέρα
3361 3914 3457 3968 καὶ
3504 3917 3602 3986 τὴν
3645 3917 3841 3985 φυλήν·
3888 3918 4034 3988 αὕτη

2430 4000 2521 4056 οὖν
2544 4003 2977 4073 ἀνθωμολογεῖτο
3005 4003 3081 4074 τῷ
3107 4005 3318 4075 Κυρίῳ,
3345 4006 3646 4067 τουτέστιν,
3677 4007 4033 4076 ηὑχαρίστει,

2432 4097 2526 4148 καὶ
2559 4093 2806 4148 ἐδίδασκε
2837 4096 3048 4159 πάντας
3078 4098 3203 4167 περὶ
3239 4098 3330 4152 τοῦ
3362 4099 3593 4167 Κυρίου,
3630 4101 3711 4151 ὅτι
3740 4101 3904 4163 αὐτος
3944 4103 4031 4169 εἴη

2430 4190 2459 4242 ὁ
2483 4189 2675 4258 Σωτὴρ
2705 4191 2801 4241 καὶ
2833 4189 2865 4258 ἡ
2892 4188 3241 4260 παράκλησις
3273 4191 3434 4260 ἡμῶν
3458 4191 3565 4243 τῶν
3598 4192 4035 4261 προσδοκώντων

2429 4280 2527 4350 τὴν
2560 4279 2975 4350 ἀπολύτρωσιν·
3024 4280 3161 4346 μετὰ
3197 4280 3254 4332 δὲ
3288 4281 3346 4334 τὸ
3395 4282 3613 4334 τελέσαι
3657 4285 3841 4336 πάντα
3869 4325 3882 4346 ,
3927 4287 4034 4336 ὑπ-

2431 4371 2700 4441 έστρεψαν
2740 4372 2817 4432 είς
2858 4370 2955 4439 τὴν
3016 4370 3329 4436 Γαλιλαίαν,
3384 4374 3464 4434 είς
3509 4375 3606 4444 τὴν
3659 4375 3817 4426 πόλιν
3853 4378 4037 4429 αὐτῶν

2430 4465 2704 4535 Ναζαρέτ·
2746 4460 2815 4534 ἦν
2853 4465 2952 4534 μὲν
2988 4465 3093 4534 γὰρ
3123 4466 3217 4518 καὶ
3247 4468 3278 4534 ἡ
3309 4466 3580 4536 Βηθλεὲμ,
3621 4469 3782 4532 πόλις
3817 4471 4031 4527 αὐτῶν.

747 4558 904 4613 Jesus
940 4579 1065 4624 vero
1091 4572 1350 4632 quantum
1385 4567 1450 4621 ad
1478 4582 1676 4637 corpus
1707 4571 1900 4636 crevit,
1933 4575 2181 4641 quamvis
2217 4587 2329 4642 ρος·
2365 4552 2434 4607 D‘

2365 4552 2405 4607 Β
2430 4556 2547 4610 ἀλλ’
2588 4558 2664 4618 ὡς
2715 4556 2912 4623 πατρίς
2941 4570 2953 4583 ·
2987 4557 3019 4623 ἡ
3047 4555 3103 4609 δὲ
3151 4557 3431 4628 Ναζαρὲτ,
3471 4558 3547 4622 ὡς
3576 4563 4033 4633 κατοικητήριον·

751 4652 940 4703 luisset
979 4665 1041 4703 ex
1073 4662 1228 4705 utero
1260 4653 1448 4710 Matris
1480 4658 1535 4710 in
1568 4668 1775 4713 statura
1807 4661 1908 4714 viri
1944 4661 2169 4729 perfecti
2200 4678 2327 4733 pro-

748 4746 967 4807 cedere;
998 4743 1169 4797 visum
1193 4756 1371 4801 autem
1399 4747 1585 4804 fuisset
1606 4752 1947 4819 phantasma,
1970 4762 2022 4808 et
2044 4763 2326 4822 propterea

747 4839 1003 4901 paulatim
1036 4840 1254 4895 crescit.
1286 4838 1419 4895 Cum
1447 4849 1628 4898 autem
1658 4852 1951 4909 cresceret,
1983 4847 2206 4901 emicuit
2234 4847 2327 4902 Dei

747 4930 908 4982 Verbi
944 4932 1230 4999 sapientia.
1261 4930 1376 4986 Non
1406 4935 1548 4988 enim
1581 4937 1794 5005 sapiens
1834 4935 1932 4990 fuit
1956 4937 2289 5007 proﬁciendo
2311 4979 2326 5004 ,

747 5024 888 5074 absit
926 5039 938 5072 :
975 5025 1065 5076 sed
1100 5023 1356 5091 paulatim
1393 5025 1685 5087 declarat-it
1723 5029 1938 5082 insitam
1973 5029 2326 5099 sapientiam,

745 5113 972 5178 ctjuxla
1012 5118 1254 5181 corporis
1295 5125 1560 5172 staturam
1597 5119 1796 5173 dicitur
1830 5121 2096 5191 proﬁcere
2122 5133 2178 5176 et
2210 5138 2332 5175 cor-

748 5209 987 5260 roborari
1039 5209 1250 5286 spiritu.
1306 5209 1361 5266 Si
1422 5214 1566 5268 enim
1633 5213 1870 5281 quanditt
1924 5216 2103 5270 brevis
2166 5215 2325 5286 291,

746 5302 932 5354 fuisse!
958 5285 1197 5364 statura,
1215 5304 1542 5360 ostendisset
1565 5317 1781 5360 omnem
1807 5306 2155 5375 sapientiam,
2185 5285 2331 5362 visus

746 5392 936 5444 fuisse!
990 5394 1335 5462 prodigiosus
1386 5412 1399 5449 :
1443 5412 1585 5451 nunc
1637 5406 1818 5455 autem
1861 5397 2012 5465 juxta
2066 5400 2329 5453 rationem

746 5496 987 5546 statui-te,
1023 5487 1265 5554 scipsum
1306 5503 1403 5556 pro
1447 5489 1616 5557 ipsius
1652 5492 1954 5559 capacitate
2002 5494 2330 5556 ostendens,

743 5578 1207 5641 dispensationem
1229 5580 1506 5647 implebat,
1530 5596 1633 5639 non
1652 5598 1989 5651 praesumens
2008 5587 2329 5654 sapientiam

743 5671 898 5738 (quid
951 5671 1100 5727 enim
1155 5674 1445 5742 perfectius
1489 5689 1589 5741 eo,
1630 5677 1718 5745 qui
1754 5675 1820 5731 ab
1867 5676 2023 5731 initio
2059 5676 2154 5732 fuit
2206 5695 2326 5747 per-

744 5760 970 5832 fectus?)
1009 5780 1189 5818 verum
1231 5766 1490 5834 paulatim
1531 5768 1672 5821 illam
1711 5769 1967 5824 denudat.

2430 4646 2631 4718 ηὔξανε
2681 4648 2735 4698 δὲ
2787 4649 2813 4699 ὁ
2857 4645 3066 4715 Ἰησοῦς
3115 4648 3256 4700 κατά
3291 4648 3351 4700 τὸ
3400 4648 3594 4718 σῶμα,
3643 4652 3824 4703 καίτοι
3874 4654 4037 4707 δι·ιά-

2435 4756 2597 4808 μενος
2623 4741 2687 4789 ἐκ
2724 4740 2939 4808 μήτρας
2961 4740 3134 4809 αὐτῆς
3152 4782 3166 4805 ,
3194 4741 3272 4804 είς
3301 4743 3501 4814 μέτρον
3525 4742 3739 4812 ἡλικίας
3765 4746 4029 4813 ἀνδρικῆς

2430 4831 2698 4900 ἀναϐῆναι
2720 4872 2732 4893 ,
2773 4829 2886 4882 ἀλλ’
2921 4830 3102 4896 ἔδοξεν
3133 4831 3199 4885 ἂν
3236 4835 3530 4902 φαντασία,
3561 4829 3648 4886 διὰ
3681 4835 3846 4888 τοῦτο
3886 4839 4032 4889 κατὰ

2435 4923 2632 4993 μικρὸν
2681 4921 2928 4986 αὐξάνει·
2985 4923 3312 4988 αὑξάνοντος
3355 4925 3448 4990 δὲ,
3494 4927 3812 4995 ἐξεφαίνετο
3855 4932 3888 4998 ἡ
3938 4928 4031 4983 τοῦ

2433 5016 2568 5069 Θεοῦ
2599 5017 2774 5084 Λόγου
2820 5020 3005 5087 σοφία·
3056 5020 3118 5072 ού
3160 5019 3268 5092 γὰρ
3315 5023 3456 5074 κατά
3492 5024 3776 5094 προκοπὴν
3822 5027 4034 5092 ἐγίνετο

2437 5111 2623 5178 σοφὸς,
2680 5113 2886 5180 ἄπαγε.
2952 5113 3113 5167 Ἀλλὰ
3165 5115 3308 5169 κατά
3361 5117 3558 5186 μικρὸν
3603 5119 3890 5186 ὲκφαίνων
3937 5122 4034 5190 τὴν

2434 5203 2673 5273 ἔμφυτον
2708 5193 2941 5273 σοφίαν,
2996 5206 3309 5271 ἀκολούθως
3363 5211 3428 5279 τῇ
3463 5215 3753 5280 σωματικῇ
3809 5213 4029 5284 ἡλικίᾳ,

2433 5299 2651 5366 λέγεται
2681 5300 3012 5370 προκόπτειν
3045 5300 3140 5352 καὶ
3178 5302 3573 5372 κραταιοῦσθαι
3603 5302 3680 5370 τῷ
3714 5307 4026 5372 πνεύματι·

2433 5396 2482 5446 εἰ
2514 5395 2624 5462 γὰρ
2648 5397 2705 5445 ἐν
2731 5395 2839 5463 ὅσῳ
2864 5389 2930 5464 ἦν
2962 5393 3168 5464 βραχὺς
3197 5394 3297 5464 τὴν
3323 5395 3560 5464 ἠλικίαν,
3590 5396 3824 5466 ἐξέφηνε
3849 5400 4029 5452 πῦσαν

2437 5485 2652 5553 σοφίαν,
2681 5484 2861 5550 ἔδοξεν
2891 5486 2957 5538 ἂν
2983 5485 3170 5555 τέρας·
3207 5487 3299 5538 νῦν
3337 5487 3392 5539 δὲ
3437 5489 3717 5555 ἀναλόγως
3747 5492 3812 5558 τῇ
3841 5491 4028 5559 ἡλικία

2440 5578 2715 5639 ἐνδεικν“.ς
2748 5576 2941 5629 ἑαυτὸν
2970 5577 3046 5639 ὡς
3072 5577 3353 5648 ἐνεχώρει,
3385 5579 3482 5646 τὴν
3514 5581 3833 5649 οἶκονομίαν
3864 5580 4027 5650 ἐπλή-

2437 5687 2566 5740 ρου,
2617 5669 2678 5721 οὐ
2735 5669 3139 5740 προλαμϐάνων
3194 5672 3387 5741 σοφίαν
3445 5672 3529 5741 (τί
3580 5672 3690 5744 γὰρ
3771 5674 3868 5726 τοῦ
3937 5674 4028 5726 ἀπ’

2435 5763 2613 5832 ἀρχῆς
2667 5763 2872 5816 τελείου
2923 5763 3116 5831 γένοιτ’
3170 5765 3236 5816 ἃν
3287 5765 3692 5836 τελειότερνινς)
3741 5767 3880 5821 ἀλλά
3931 5767 4026 5837 τὴν

2441 5854 2613 5909 οὖσαν
2640 5857 2778 5908 κττᾶ
2808 5858 2982 5928 βραχὺ
3017 5861 3418 5930 παραγυμνῶν.
