4272 6438
224 392 333 458 733

310 526 327 555 ι
370 507 475 559 Κα“.
513 506 841 576 ἐπορεύοντο
873 503 923 557 οί
959 504 1139 572 γονεῖς
1194 500 1362 557 αὑτοῦ
1421 501 1541 556 κατ’
1600 500 1719 565 ἔτος
1748 502 1829 564 είς
1859 504 1906 562 Α

234 599 601 669 Ἰερουσαλὴμ
638 600 705 666 τῇ
738 598 901 665 ἑορτῇ
932 594 1029 649 τοῦ
1081 596 1311 663 Πάσχα·
1348 593 1444 648 καὶ
1482 593 1571 646 ὅτε
1606 594 1829 661 ἐγένετο

226 691 371 743 ἑτῶν
421 693 651 752 δώδεκα,
718 688 1042 743 ἀναϐάντων
1094 687 1281 741 αὐτῶν
1335 688 1416 750 εἰς
1478 685 1831 755 Ἰεροσόλυμα

226 779 371 832 κατά
415 780 476 832 τὸ
546 778 667 842 ὲοος
704 778 804 847 τῆς
855 777 1074 847 ἑορτῆς,
1128 777 1225 829 καὶ
1277 776 1692 829 τελειωσάντων
1728 774 1827 837 τὰς

227 871 466 940 ἡμέρας,
521 873 580 923 ὲν
658 870 737 940 τῷ
814 870 1180 940 ὑποστρέφειν
1240 868 1462 931 αὐτοὺς,
1532 866 1829 935 ἀπέμεινεν

241 963 453 1033 Ἰησοῦς
482 967 509 1015 ό
542 965 674 1026 παῖς
705 966 765 1016 ἐν
803 963 1186 1033 Ἰερουσαλὴμ,
1242 962 1338 1015 καὶ
1369 965 1471 1016 οὐκ
1529 961 1672 1030 ἔγνω
1716 961 1830 1015 Ἰω-

229 1054 339 1123 σὴφ
372 1054 542 1124 καὶοςή
572 1056 755 1125 μήτηρ
786 1054 955 1107 αὑτοῦ
979 1069 991 1081 ·
1025 1054 1355 1123 νομίσαντες
1387 1054 1445 1106 δὲ
1470 1053 1634 1106 αὑτὸν
1668 1054 1728 1106 έν
1759 1054 1827 1123 τῇ

229 1148 452 1220 συνοδίᾳ.
510 1144 677 1213 εἶναι,
737 1144 903 1217 ἦλθον
957 1147 1178 1216 ἡμέρας
1212 1147 1366 1199 ὁδόν⁸
1405 1147 1501 1198 καὶ
1532 1146 1830 1216 ἀνεζήτουν

224 1242 393 1294 αὑτὸν
437 1243 496 1293 έν
544 1243 657 1303 τοῖς
693 1240 982 1307 συγγενέσι
1026 1240 1120 1292 καὶ
1170 1242 1228 1291 ὲν
1260 1240 1370 1291 τοῖς
1403 1240 1694 1304 γνωστοῖς
1735 1238 1831 1291 καὶ⁸

219 1336 306 1407 μὴ
339 1333 591 1404 εὑρόντες
618 1332 803 1392 αὑτὸν,
834 1330 1180 1401 ὑπέστρεψαν
1227 1332 1312 1392 εἰς
1352 1328 1711 1399 Ἰερουσαλὴμ
1732 1326 1831 1397 ζη-

223 1425 449 1488 τοῦντες
483 1424 669 1483 αὑτὸν,
699 1424 791 1474 καὶ
822 1422 1055 1488 ἐγένετο,
1092 1420 1211 1489 μεθ’
1248 1420 1462 1490 ἡμέρας
1496 1421 1645 1489 τρεῖς
1673 1414 1829 1487 εὗρον

222 1519 396 1572 αὐτὸν
430 1522 488 1572 ὲν
534 1516 613 1587 τῷ
665 1514 817 1585 ἱερῷ,
853 1512 1218 1583 καθεζόμενον
1266 1514 1323 1564 ἐν
1359 1512 1509 1581 μέσῳ
1545 1510 1654 1563 τῶν
1683 1510 1832 1563 διδα-

228 1611 471 1670 σκάλων,
510 1611 603 1662 καὶ
636 1607 907 1659 ἀκούοντα
948 1606 1151 1666 αὐτῶν,
1192 1596 1290 1658 καὶ
1341 1602 1709 1673 ἐπερωτῶντα
1736 1603 1804 1655 αὑ

222 1702 377 1766 τούς.
432 1702 743 1766 Ἐξίσταντο
773 1700 830 1752 δὲ
859 1700 1061 1762 πάντες
1103 1699 1151 1749 ot
1199 1696 1489 1759 ἀκούοντες
1512 1694 1700 1759 αὑτοῦ,
1742 1696 1835 1747 ἐπὶ

221 1796 293 1863 τῇ
329 1794 545 1845 συνέσει
581 1794 674 1843 καὶ
694 1793 814 1852 ταῖς
840 1789 1198 1859 ἀποκρίσεσιν
1240 1787 1407 1840 αὑτοῦ
1432 1803 1445 1817 ·
1482 1789 1579 1840 καὶ
1614 1786 1817 1848 ἰδόντες

223 1887 415 1950 αὑτὸν,
444 1884 829 1954 ἐξεπλάγησαν
858 1900 871 1912 ·
901 1885 993 1935 καὶ
1023 1882 1155 1952 πρὸς
1181 1882 1345 1935 αὑτὸν
1374 1883 1407 1951 ἡ
1448 1882 1632 1951 μήτηρ
1665 1878 1831 1931 αὑτοῦ

223 1972 374 2033 εἷπυ
416 1979 638 2039 Τέκνον,
679 1978 733 2029 τί
764 1976 1028 2043 ἐποίησας
1057 1977 1193 2044 ἡμῖν
1227 1973 1434 2037 οὖτως;
1514 1971 1646 2024 Ἰδοὺ
1674 1973 1701 2024 ὁ
1725 1987 1832 2023 πα·

222 2072 336 2143 τήρ
362 2089 457 2125 σου
492 2070 670 2140 κάγὼ,
702 2068 1032 2138 ὀδυνώμενοι
1077 2067 1384 2137 ἐζητοῢμέν
1410 2083 1493 2121 σε.
1564 2066 1675 2118 Καὶ
1712 2062 1832 2118 εἷπε

225 2163 366 2235 πρὸς
395 2160 624 2224 αὐτούς·
655 2161 721 2213 Τί
763 2161 846 2213 δτι
877 2156 1121 2228 ἐζητεῖτέ
1154 2175 1220 2229 με
1246 2176 1261 2223 ;
1290 2159 1406 2212 Οὐκ
1434 2157 1612 2228 ᾔδειτε
1660 2158 1741 2209 ὅτι
1776 2158 1833 2208 ἐν

222 2256 341 2318 τοῖς
396 2252 492 2306 τοῦ
554 2252 769 2322 Πατρός
800 2268 901 2320 μου
956 2250 1039 2303 δεῖ
1083 2245 1222 2302 εἷναί
1277 2266 1382 2319 με;
1441 2249 1551 2302 Καὶ
1586 2249 1832 2301 αὑτοὶοὺ

225 2345 474 2417 συνῆκαν
496 2346 557 2399 τὺ
586 2344 739 2415 ῥῆμα
773 2344 802 2396 δ
837 2342 1102 2412 ἐλάλησεν
1144 2342 1349 2406 αὑτοῖς.
1381 2361 1399 2394 ι
1437 2341 1832 2395 Συναναῆαίνει

222 2442 341 2503 τοῖς
368 2438 622 2507 γονεῦσιν
656 2438 738 2501 είς
784 2435 1167 2507 Ἰερουσαλὴμ,
1201 2436 1289 2488 ἵνα
1312 2435 1401 2489 διά
1438 2436 1660 2488 πάντων
1683 2435 1835 2507 δείξῃ

222 2533 312 2586 ὅτι
338 2531 438 2585 οὑκ
467 2530 616 2584 ἔστιν
648 2529 916 2592 ἀντίθεος,
958 2528 1068 2581 οὐδ’
1117 2528 1505 2582 ἀντιτάσσεται
1532 2529 1647 2590 τοῖς
1682 2544 1833 2580 νενο-

227 2624 658 2697 μοθετημένοις⁸
710 2622 1125 2676 τελειωσάντων
1178 2622 1235 2674 δὲ
1284 2622 1382 2685 τὰς
1432 2622 1675 2693 ἡμέρας,
1734 2624 1835 2688 τάς

225 2716 369 2771 ἑπτά
399 2715 606 2786 δηλαδὴ
632 2714 726 2768 τοῦ
756 2716 975 2785 Πάσχα,
1012 2714 1314 2784 ἀπέμεινεν
1344 2716 1404 2767 ἐν
1442 2715 1831 2787 Ἰερουσαλήμ.

225 2809 521 2880 Συνεζήτει
552 2810 608 2862 δὲ
643 2808 782 2878 μετά
809 2808 918 2861 τῶν
956 2807 1367 2879 Γραμματέων,
1394 2807 1505 2861 ἀπὸ
1544 2808 1639 2861 τοῦ
1665 2809 1834 2880 νόμου

224 2904 451 2975 ιρωτῶν
483 2901 682 2962 αὑτούς
706 2918 719 2933 ο
762 2903 859 2955 καὶ
896 2900 1181 2966 ἒξίσταντο
1223 2902 1448 2965 πάντες.
1518 2899 1683 2973 Ὁρᾷς
1714 2902 1834 2969 πῶς

226 2997 570 3068 προέκοπτεν
598 2996 690 3050 ἐπὶ
738 2995 902 3067 σοφίᾳ
921 3035 937 3061 ,
976 2994 1067 3049 διὰ
1099 2993 1194 3047 τοῦ
1218 2995 1587 3063 γινώσκεσθαι
1618 2994 1835 3058 πολλοῖς

226 3091 324 3144 καὶ
354 3090 736 3161 θαυμάζεσθαι
765 3106 779 3154 ;
838 3090 871 3158 ἡ
908 3090 1019 3158 γάρ
1080 3088 1347 3158 ἔκφανσις
1379 3088 1478 3156 τῆς
1509 3087 1705 3155 σοφίας
1736 3086 1835 3140 αὑ-

228 3182 361 3249 τοῦ,
394 3182 532 3253 αὕτη
562 3182 711 3235 ἐστὶν
756 3181 789 3250 ἡ
826 3179 1083 3251 προκοπὴ
1131 3179 1324 3233 αὑτοῦ.
1371 3177 1594 3248 Πατέρα
1647 3177 1705 3231 δὲ
1743 3177 1835 3231 τὸν

240 3272 445 3344 Ἰωσὴφ
508 3274 768 3343 ὀνομάζει
829 3273 863 3342 ἡ
916 3271 1209 3335 Θεοτόκος,
1271 3270 1446 3322 εἰδυῖα
1485 3270 1690 3339 μὲνώς
1733 3271 1833 3323 οὑκ

233 3367 353 3420 ἐστι
400 3367 621 3437 πατήρ·
667 3366 809 3435 πλὴν
843 3363 932 3417 διὰ
977 3363 1104 3427 τοὺς
1147 3362 1460 3424 Ἰουδαίους,
1499 3362 1586 3415 ῖνα
1636 3362 1709 3433 μὴ
1743 3380 1830 3415 νο-

234 3457 409 3527 μισθῇ
439 3459 505 3510 έκ
556 3456 815 3527 πορνείας
876 3449 1039 3516 εἶναι,
1075 3454 1290 3523 πατέρα
1345 3454 1511 3505 αὑτοῦ
1569 3452 1835 3519 λέγειτδν

224 3542 443 3621 ’Ἰωσήφ
468 3566 482 3579 ·
540 3550 716 3612 ἄλλως
748 3565 809 3600 τε
854 3548 944 3599 καὶ
997 3547 1204 3617 πατρὸς
1232 3544 1565 3616 κηδεμονίαν
1593 3546 1834 3610 ἐνδειξά-

232 3660 435 3713 μενον,
501 3644 594 3696 καὶ
654 3639 962 3713 ὑπουργίαν
1008 3640 1067 3691 ἐν
1131 3641 1199 3709 τῇ
1256 3639 1563 3710 ἀνατροφῇ,
1607 3638 1833 3703 εἰκότως

228 3735 519 3805 ὠνόμασεν
543 3734 709 3786 αὑτὸν
742 3731 958 3803 πατέρα
978 3748 991 3760 ·
1021 3730 1225 3784 ὡσανεὶ
1254 3730 1527 3799 τιμῶντος
1551 3730 1716 3783 αὑτὸν
1742 3730 1835 3784 τοῦ

229 3832 391 3901 ἁγίου
424 3828 743 3900 Πνεὺματος
785 3830 851 3900 τῇ
899 3827 993 3881 τοῦ
1049 3826 1253 3897 πατρὸς
1301 3825 1669 3897 προσηγορία.
1741 3826 1837 3879 Διά

229 3925 363 3991 τίβὲ
390 3924 614 3994 ἐζήτουν
645 3923 806 3995 αὑτόν
830 3937 846 3986 ;
874 3916 1022 3991 Ἀρα
1057 3918 1328 3991 ὑπόληψιν
1356 3919 1581 3995 ἔχοντες
1618 3919 1699 3971 ὅτι
1732 3921 1837 3971 ἀπ-

235 3985 443 4074 όλωλεν
518 3992 854 4086 πεπλάνηται
882 3985 964 4077 ὡς.
979 4017 1107 4077 παῖς
1132 4031 1147 4081 ;
1176 3985 1577 4081 ’Ᾰπαγεξώτε
1602 4012 1710 4082 γάρ
1740 4013 1835 4082 τῆς

232 4111 519 4179 πανσόφου
550 4110 771 4180 Μαρίας
805 4108 965 4163 τοῦτο
992 4105 1085 4181 ἦν,
1124 4108 1329 4179 μυρίας
1365 4106 1673 4177 δεξαμένης
1705 4107 1836 4176 περὶ

230 4204 401 4260 αὑτοῦ
424 4202 825 4271 ἀποκαλύψεις,
861 4201 986 4255 οὑτε
1020 4200 1113 4255 τοῦ
1161 4202 1387 4269 Ἰωσὴφ,
1418 4200 1515 4253 τοῦ
1544 4202 1639 4252 καὶ
1668 4199 1836 4253 αὑτοῦ

231 4297 727 4367 ἁποκαλυφθέντος
757 4297 840 4350 ὅτι
865 4299 929 4351 ὲκ
962 4296 1284 4366 Πνεὺματος
1315 4294 1471 4362 ἁγίου
1498 4292 1667 4347 ἐστίν.
1692 4293 1835 4346 Ἀλλ’

228 4393 466 4462 ἐζήτουν
517 4389 703 4457 αὑτὸν,
770 4390 970 4459 μήπως
1023 4389 1241 4457 ἀπέστη
1273 4388 1368 4439 ἀπ’
1398 4384 1601 4451 αὐτῶν,
1637 4390 1837 4456 μήπως

232 4480 627 4536 καταλέλοιπεν
686 4478 912 4539 αὑτούς.
980 4478 1135 4531 Ἐπεὶ
1194 4476 1253 4530 δὲ
1298 4470 1459 4546 εὗρον
1505 4477 1694 4541 αὑτὸν,
1738 4477 1837 4546 ὅρα

932 388 1381 453 ENARRATIO
1427 388 1505 452 ιΝ
1550 386 2054 451 EVANGELIUM
2098 387 2335 449 LUCE.
2367 413 2434 423 —
2466 389 2629 447 CRP.
2676 388 2759 447 il.

3422 380 3537 448 .734

2014 499 2179 554 Vens.
2231 499 2419 553 “~50.
2453 517 2470 548 ι
2510 497 2574 551 Ει
2608 497 2757 549 il-ant
2804 503 3057 564 parentes
3093 492 3209 559 ejus
3241 495 3538 560 quotannis

1935 593 2372 664 Hierosolymam
2404 594 2458 646 in
2492 593 2580 646 die
2619 591 2755 644 testo
2818 588 3064 642 Paschae.
3107 586 3318 639 Etcum
3367 585 3537 637 rut-,tus

1934 698 2081 743 esset
2112 701 2381 741 annorum
2410 684 2718 747 duodecim,
2779 680 3203 735 ascendentibus
3257 678 3362 731 illis
3408 679 3540 731 Ilie-

1936 779 2269 849 rosolymam
2342 778 2642 833 secundum
2728 773 3181 829 consuetudinem
3238 771 3342 825 diei
3393 770 3538 831 festi,

1935 875 2442 942 consummatisqtte
2473 872 2664 926 diebus
2691 885 2814 925 cum
2841 869 3081 923 redirent
3119 866 3217 930 illi;
3280 865 3541 918 remansit

1934 982 2071 1037 puer
2099 964 2256 1020 Jesus
2283 965 2701 1034 Hierosolymis,
2725 972 2778 1017 et
2804 977 2915 1037 non
2951 967 3324 1026 cognoverunt
3348 973 3541 1023 paren-

1938 1070 2021 1116 tes
2107 1059 2249 1128 ejus.
2309 1059 2580 1113 C:elerum
2626 1056 2729 1107 rati
2793 1032 2943 1106 iilnm
2968 1067 3090 1105 esse
3146 1052 3199 1103 in
3258 1049 3538 1107 (tilt'ilnllt,

1940 1161 2212 1207 venerunt
2273 1150 2471 1204 itinere
2532 1147 2658 1209 diei,
2695 1157 2750 1201 et
2825 1141 3179 1212 requirebant
3234 1157 3357 1192 cum
3400 1142 3543 1192 inter

1937 1256 2207 1316 Cognatos
2234 1254 2290 1299 et
2318 1243 2459 1296 inter
2506 1250 2685 1294 notos.
2757 1238 2821 1292 Et
2857 1252 2979 1291 cum
3033 1250 3137 1288 non
3204 1234 3542 1286 ill\'c:tit~'St'Itl

1939 1355 2090 1402 eum,
2128 1337 2330 1391 reversi
2372 1344 2497 1387 sunt
2531 1331 2986 1401 Hierosolymam,
3029 1332 3340 1393 qumrcntes
3393 1339 3541 1377 eum.

1940 1429 2007 1484 Et
2045 1429 2244 1484 accidit
2270 1436 2384 1497 post
2428 1426 2690 1485 triduum,
2734 1424 3060 1476 invenerunt
3088 1420 3236 1472 iii-nn
3260 1418 3312 1471 in
3344 1417 3545 1484 tetnplu

1941 1521 2223 1577 sedentem
2250 1520 2302 1573 in
2338 1518 2514 1573 medio
2574 1504 2887 1575 doctorum,
2935 1512 3248 1565 audientem
3307 1508 3449 1569 illos,
3492 1521 3543 1559 ct

1939 1614 2368 1683 interrogantem
2424 1626 2538 1663 eos.
2592 1606 2899 1675 Stupebant
2960 1612 3142 1656 autem
3203 1614 3391 1653 omnes
3450 1600 3543 1667 qui

1939 1721 2064 1762 eum
2094 1704 2411 1764 audiebant,
2453 1716 2615 1771 Super
2636 1697 2994 1766 intelligentia
3024 1705 3077 1748 et
3104 1692 3382 1760 responsis
3405 1690 3543 1757 ejus,

1939 1809 1993 1853 et
2019 1797 2135 1851 viso
2170 1810 2257 1859 eo,
2284 1793 2538 1846 admirati
2564 1801 2712 1844 sunt.
2746 1787 2811 1841 Et
2865 1786 3002 1841 dixit
3067 1793 3245 1838 mater
3313 1782 3429 1851 ejus
3481 1783 3545 1832 :nl

1941 1890 2087 1944 illum
2120 1906 2133 1940 :
2169 1887 2293 1951 Fili,
2319 1901 2415 1939 cur
2447 1883 2621 1938 ftrciSIi
2656 1881 2814 1935 nobis
2835 1879 2915 1933 sic
2940 1879 2962 1931 ?
2992 1878 3130 1931 Ecce
3158 1888 3311 1945 pater
3344 1886 3470 1928 tuus
3498 1883 3549 1927 ι·ι

1937 1998 2040 2051 ego
2074 1981 2327 2035 dolentes
2351 1977 2733 2049 qumrebamus
2758 1984 2831 2029 te.
2867 1974 2933 2028 Et
2967 1973 3043 2026 ait
3073 1969 3140 2025 ad
3197 1970 3321 2025 illos
3358 1986 3370 2022 :
3408 1968 3548 2035 Quid

1935 2082 2020 2128 est
2051 2072 2194 2143 quod
2238 2069 2573 2139 qumrebatis
2608 2068 2745 2124 me?
2779 2067 2862 2120 An
2913 2063 3244 2119 nesciebatis
3303 2060 3448 2131 quod
3490 2060 3544 2113 in

1941 2169 2024 2221 his
2052 2180 2174 2236 quae
2208 2162 2393 2218 Patris
2435 2163 2539 2215 mei
2584 2171 2734 2225 sunt,
2765 2166 2981 2228 oportet
3016 2171 3103 2214 me
3165 2155 3414 2209 esse?At
3475 2153 3547 2205 illi

1941 2276 2048 2314 non
2121 2258 2511 2314 intellexerunt
2585 2268 2921 2319 sermonem,
2995 2265 3156 2321 quem
3214 2249 3427 2304 locutus
3470 2260 3552 2301 cst

1941 2352 2098 2421 ipsis.
2139 2369 2156 2401 ι
2193 2349 2369 2404 Simul
2408 2347 2557 2402 venit
2583 2362 2706 2401 cum
2751 2345 3071 2413 parentibus
3118 2344 3171 2397 in
3220 2340 3550 2404 Jerusalem,

1941 2456 1999 2497 ut
2034 2460 2130 2515 per
2162 2444 2346 2497 omnia
2381 2441 2630 2495 ostendat
2657 2454 2715 2495 se
2739 2453 2850 2529 non
2888 2438 3271 2495 adversarium
3300 2436 3429 2499 Dco,
3459 2452 3524 2488 ne

1939 2552 2044 2608 que
2078 2550 2473 2608 repugnantem
2504 2536 2590 2589 his
2612 2549 2731 2602 qua:
2754 2548 2781 2587 a
2804 2533 2923 2602 lege
2943 2533 3118 2602 posita
3146 2531 3385 2585 fuerunt.
3414 2530 3550 2583 Cum

1941 2629 2303 2705 perfecissent
2335 2638 2516 2683 autem
2572 2627 2689 2681 dies
2749 2636 2982 2696 septem,
3044 2624 3269 2679 Pascltre
3318 2624 3550 2686 scilicet,

1941 2720 2144 2775 mansit
2182 2722 2233 2773 in
2263 2719 2590 2775 Jerusalem.
2613 2718 2937 2788 Disputabat
2957 2714 3139 2769 aufém
3162 2730 3284 2769 cum
3310 2714 3551 2773 Scribis,

1945 2826 2151 2882 rogans
2180 2826 2275 2866 eos
2301 2812 2368 2865 de
2402 2812 2516 2882 lege
2554 2821 2647 2865 :et
2678 2811 3081 2879 obstupuerunt
3134 2822 3344 2862 omnes.
3395 2805 3557 2860 Vides

1944 2902 2220 2971 quomodo
2250 2901 2548 2969 profecerit
2572 2902 2623 2954 in
2651 2900 3026 2969 aapientia,eo
3057 2898 3201 2967 quod
3232 2907 3555 2951 nosceretur

1940 3010 1969 3049 a
2006 2994 2214 3055 multis,
2254 2995 2388 3048 etin
2431 2994 2797 3048 admiratione
2847 2991 3033 3047 esset?
3096 2989 3365 3044 Etnieatio
3407 2989 3554 3041 enim

1939 3088 2225 3154 sapientia:
2247 3086 2387 3154 ejus,
2420 3085 2703 3156 profectus
2726 3085 2843 3155 ipse
2873 3093 2976 3140 est.
3008 3082 3182 3137 Porro
3236 3084 3411 3152 ipsum
3460 3078 3557 3134 Je-

1864 3211 1909 3274 C
1943 3180 2076 3249 seph
2123 3188 2333 3249 patrem
2368 3181 2618 3233 nominat
2644 3177 2737 3232 Dei
2763 3176 3038 3238 Genitrix,
3105 3175 3285 3231 sciens
3334 3173 3557 3242 quidem

1942 3291 2051 3330 non
2113 3288 2235 3329 esse
2258 3285 2468 3345 patrem
2511 3294 2523 3328 :
2552 3282 2928 3329 verumtamen
2956 3283 3181 3342 propter
3210 3269 3448 3335 Judmos,
3502 3278 3562 3324 ut

1945 3389 2014 3427 ne
2048 3373 2302 3427 videatur
2330 3388 2394 3426 ex
2433 3371 2799 3428 fornicatione
2827 3378 3153 3441 prognatus,
3182 3376 3391 3437 patrem
3442 3366 3560 3434 ejus

1941 3465 2074 3520 dicit
2101 3465 2327 3536 Joseplt.
2362 3462 2460 3519 Vel
2488 3464 2673 3519 aliter:
2712 3462 2983 3529 Quoniam
3019 3461 3340 3531 velutpatcr
3369 3476 3558 3512 curam

1944 3560 2100 3630 pueri
2132 3560 2383 3637 gerebat,
2420 3568 2473 3626 et
2512 3557 2677 3613 simul
2727 3556 3113 3612 conversando
3183 3554 3550 3617 ministrabat,

1943 3654 2140 3709 merito
2168 3642 2646 3707 nominavitillum
2681 3660 2917 3721 patrem,
2960 3659 3218 3718 tauquam
3256 3646 3563 3701 ltonorante

1942 3745 2093 3799 illum
2174 3744 2380 3813 Spiritu
2479 3752 2672 3797 saneto
2755 3742 2933 3811 patris
3006 3740 3295 3794 vocabulo.
3383 3739 3565 3805 Quare

1944 3848 2123 3893 autem
2156 3838 2473 3908 quaerebant
2507 3835 2703 3892 illum?
2735 3832 2877 3890 Num
2918 3834 3345 3902 suspicabantur
3381 3832 3563 3899 perdi-

1947 3945 2057 3985 tum
2094 3932 2243 3985 illum
2292 3940 2386 3986 aut
2438 3931 2583 3999 quod
2638 3931 2948 3985 aberrasset
3012 3940 3071 3982 ut
3129 3927 3301 3994 puer?
3366 3925 3563 3980 Absit!

1942 4023 2130 4094 Neque
2209 4026 2352 4077 enim
2431 4027 2534 4080 hoc
2606 4024 3025 4095 sapicntissinm
3087 4021 3273 4075 Maria:
3373 4019 3564 4081 fuerit,

1942 4129 2061 4184 quae
2103 4113 2371 4184 plurimas
2401 4114 2466 4167 de
2503 4114 2596 4168 illo
2631 4119 2923 4181 acceperat
2950 4111 3337 4174 revelationes,
3390 4123 3566 4178 neque

1941 4205 2167 4277 Josepli,
2195 4208 2281 4262 cui
2310 4216 2363 4261 et
2390 4207 2490 4275 ipsi
2514 4207 2582 4261 de
2610 4208 2702 4260 illo
2743 4206 3044 4259 revelatum
3073 4214 3193 4257 erat
3218 4202 3361 4271 quod
3388 4218 3414 4255 τι
3443 4201 3570 4272 5ρί⁶

1947 4302 2053 4356 ritu
2087 4309 2280 4356 sancto
2324 4311 2491 4356 esset.
2524 4299 2726 4355 Verum
2782 4298 3109 4373 qnazrebant
3159 4298 3332 4363 illum,
3370 4312 3435 4351 ne
3458 4311 3568 4365 quo

1947 4403 2106 4463 pacto
2126 4394 2195 4448 ab
2221 4396 2301 4448 eis
2331 4394 2577 4457 abiisset,
2598 4409 2776 4463 neque
2796 4391 2933 4448 forte
2952 4393 3273 4463 reliquisset
3291 4390 3434 4445 illos.
3462 4388 3563 4444 Ubi

1951 4497 2133 4542 autem
2168 4488 2499 4542 invenerunt
2531 4503 2680 4547 eum.
2712 4487 2834 4543 vide
2866 4488 3144 4557 quomodo
3166 4486 3301 4553 ipsis
3334 4500 3564 4555 rcSpon-

232 4574 356 4638 πῶς
400 4573 587 4635 αὑτοῖς
644 4571 1011 4641 ἀποκρίνεται
1038 4588 1051 4600 ·
1109 4570 1209 4637 τῆς
1257 4569 1368 4640 γὰρ
1403 4568 1717 4641 Παρθένου,
1749 4570 1835 4621 τὸν

1952 4587 2068 4640 det.
2103 4586 2238 4640 Cum
2266 4584 2414 4639 enim
2442 4585 2611 4655 Virgo
2645 4581 2846 4653 Joscplt
2878 4592 3092 4653 patrem
3139 4582 3258 4651 ejus
3312 4580 3566 4643 dixisset,

244 4667 449 4736 Ἰωσὴφ
483 4668 696 4736 πατέρα
723 4664 994 4734 εἰπούσης
1022 4662 1215 4727 αὑτοῦ,
1251 4662 1461 4725 ἐκεῖνός
1496 4679 1661 4731 φησιν
1685 4662 1843 4729 ’,Οὐκ

232 4758 397 4822 αὑτός
432 4760 584 4811 ἔστιν
618 4760 647 4812 δ
674 4756 883 4828 ἀληθής
928 4774 1033 4827 μου
1082 4755 1293 4826 Πατὴρ,
1342 4749 1378 4825 ἦ
1434 4755 1547 4823 γάρ
1577 4755 1643 4808 ἂν
1678 4756 1735 4807 ἓν
1766 4753 1842 4825 τῷ

231 4851 369 4922 οἴκῳ
397 4848 564 4903 αὑτοῦ
600 4849 772 4920 ἥμην·
814 4847 929 4902 ἀλλ’
962 4850 990 4903 ό
1016 4847 1151 4909 Θεός
1184 4847 1301 4901 ἐστί
1340 4865 1443 4918 μου
1477 4849 1689 4920 Πατήρ.
1732 4850 1843 4903 Καὶ

230 4943 323 4997 ὂιά
362 4942 520 4997 τοῦτο
553 4944 613 4997 έν
652 4941 730 5013 τῷ
766 4942 900 5014 οἴκῳ
956 4940 1131 5006 αὑτοῦ⁸
1172 4943 1311 5011 είμι,
1352 4942 1629 4995 τουτέστιν
1677 4944 1733 4995 ὲν
1766 4941 1842 5013 τῷ

234 5039 348 5107 ναῷ
385 5036 574 5091 αὑτοῦ.
623 5035 769 5090 Ἀλλ’
797 5035 956 5090 αὑτοὶ
1008 5035 1072 5089 οὑ
1099 5035 1346 5103 συνῆκαν
1382 5035 1409 5087 ὃ
1446 5034 1714 5103 ἐλάλησεν
1746 5037 1841 5089 αὑ-

232 5133 348 5194 τοῖς
369 5146 381 5157 ⁸
417 5131 724 5200 μυστήριον
759 5128 871 5199 γὰρ
903 5122 993 5199 ἦν.

312 5241 331 5273 ι
371 5220 482 5275 Καὶ
515 5219 728 5290 κατέὸη
780 5218 901 5289 μετ’
960 5219 1168 5284 αὑτῶν,
1206 5220 1296 5272 καὶ
1350 5216 1514 5292 ἦλθεν
1538 5229 1615 5283 εις
1652 5222 1839 5286 Ναζα-

234 5323 353 5393 ρέτ.
422 5318 533 5374 Καὶ
565 5313 635 5389 ἦν
686 5308 1140 5387 ὑποτασσόμενος
1176 5319 1361 5383 αὑτοῖς
1390 5335 1405 5349 ·
1456 5322 1552 5372 καί
1584 5322 1615 5391 ἡ
1656 5321 1842 5391 μήτηρ

230 5412 405 5468 αὑτοῦ
440 5412 685 5483 διετήρει
715 5414 898 5466 πάντα
926 5411 997 5465 τά
1026 5413 1249 5485 ῥήματα
1293 5414 1469 5466 ταῦτα
1512 5418 1569 5467 ἐν
1595 5418 1660 5485 τῇ
1702 5433 1841 5485 καρο

229 5505 323 5577 6i;
345 5504 541 5575 αὐτῆς.
576 5506 682 5559 Καὶ
722 5502 936 5575 Ἰησοῦς
960 5506 1274 5573 προέκοπτε
1313 5508 1478 5575 σοφία
1513 5509 1606 5558 καὶ
1630 5508 1839 5578 ἡλικίᾳ,

234 5602 333 5651 καὶ
369 5598 556 5668 χάριτι
580 5597 732 5668 παρὰ
763 5596 885 5667 Θεῷ
909 5599 1004 5651 καὶ
1027 5597 1362 5668 ἀνθρώποις.
1402 5618 1419 5650 ι
1466 5599 1843 5653 ’Υπετάσσετο

237 5696 343 5749 τοῖς
379 5691 624 5759 γονεῦσι,
659 5692 833 5745 τύπον
858 5692 1035 5755 διδοὺς
1068 5694 1161 5745 καὶ
1192 5694 1346 5762 ἡμῖν,
1380 5695 1455 5755 ὡς
1481 5693 1547 5746 ἂν
1587 5697 1697 5760 τοῖς
1738 5715 1843 5748 παι

237 5788 430 5853 τράσιν
460 5785 898 5857 ὑποταττώμεϐα
922 5802 933 5813 ·
971 5789 1263 5858 συνετήρει
1310 5788 1367 5839 δὲ
1394 5786 1564 5841 ταῦτα
1592 5792 1770 5843 πάντα
1806 5792 1837 5861 ἡ

235 5879 541 5948 Παρθένος.
594 5879 727 5935 Θεία
784 5879 893 5953 γάρ
927 5875 995 5952 ἦν
1039 5882 1103 5935 τά
1152 5897 1210 5934 τε
1264 5880 1620 5956 πραττόμενα
1649 5884 1741 5936 καὶ
1774 5884 1840 5936 τά

1954 4678 2045 4732 ille
2072 4677 2209 4730 dixit
2253 4698 2264 4732 ι
2292 4676 2413 4733 Non
2445 4676 2532 4730 hic
2564 4691 2728 4767 verus
2759 4682 2914 4746 pater
2948 4690 3099 4728 meus
3125 4684 3230 4738 est,
3279 4671 3483 4739 alioqui
3512 4671 3565 4724 in

1954 4772 2115 4824 domo
2152 4769 2271 4838 ejus
2296 4764 2661 4823 mansissent}
2691 4771 2783 4823 sed
2836 4767 2974 4821 Deus
3029 4776 3113 4821 est
3168 4764 3333 4819 Pater
3394 4776 3565 4823 meus.

1954 4874 2008 4919 ct
2038 4872 2327 4932 propterea
2362 4862 2416 4916 in
2449 4862 2613 4916 domo
2639 4862 2786 4915 illitts
2825 4876 2969 4923 sum,
3007 4859 3111 4913 huc
3145 4868 3248 4922 est,
3288 4858 3339 4911 itt
3372 4856 3572 4925 templo

1953 4953 2119 5009 illius.
2153 4953 2353 5009 Verum
2400 4954 2499 5023 ipsi
2555 4969 2663 5008 n0:t
2722 4952 3113 5006 intellexerunt
3180 4950 3309 5019 quid
3357 4948 3571 5004 locutus

1955 5046 2119 5117 292
2150 5057 2297 5103 esset
2329 5047 2411 5102 eis
2441 5065 2453 5100 :
2478 5055 2881 5102 sacramentum
2913 5046 3059 5100 enim
3093 5054 3231 5097 t‘l'ili.

2032 5228 2201 5285 Vsus.
2268 5229 2361 5293 5i,
2390 5230 2481 5284 52.
2515 5246 2535 5281 ι
2575 5228 2637 5284 Et
2668 5228 2954 5285 descendit
2998 5244 3121 5284 cum
3176 5228 3275 5290 eis,
3316 5227 3575 5297 venitque

1956 5320 2276 5376 Nazaretlt:
2339 5331 2573 5392 eratque
2628 5322 2882 5378 subditus
2937 5321 3067 5377 illis.
3130 5319 3195 5374 Et
3235 5331 3410 5374 mater
3453 5321 3572 5389 ejus

1956 5416 2325 5471 conservabat
2362 5418 2546 5471 omnia
2574 5418 2737 5471 verba
2762 5418 2879 5472 hate
2908 5418 2957 5471 in
2982 5418 3148 5472 corde
3173 5431 3294 5469 suo.
3328 5416 3384 5468 Et
3412 5414 3572 5470 .lcsns

1955 5509 2277 5579 proﬁciebat
2312 5512 2607 5580 sapientia.
2632 5522 2681 5564 et
2722 5521 2902 5575 :etate,
2937 5520 2993 5564 et
3020 5511 3195 5580 gratia
3225 5516 3365 5576 apud
3400 5508 3568 5560 Deum

1954 5603 2403 5658 atauebomines.
2427 5622 2445 5655 ι
2472 5604 2736 5658 Subditus
2757 5603 2855 5657 fuit
2881 5605 3217 5662 parentibus.
3245 5604 3373 5655 dato
3397 5602 3566 5656 etiam

1958 5698 2114 5751 uoltis
2133 5699 2384 5763 exemplo
2416 5708 2472 5750 ut
2492 5696 2743 5766 patribus
2776 5699 3311 5753 simusobedientt-s.
3336 5697 3570 5749 (Ionser-

1953 5790 2319 5843 vabatantem
2365 5792 2477 5844 haec
2506 5791 2688 5843 omnia
2718 5792 2907 5860 Virgo.
2960 5790 3149 5844 Dtvina
3199 5792 3344 5842 enim
3409 5799 3569 5841 erant

1954 5897 2075 5953 qua
2122 5881 2446 5940 dicebantur
2484 5896 2531 5937 ct
2574 5882 2877 5956 agebantur
2922 5900 2950 5939 a
2983 5897 3174 5957 puero,
3225 5897 3332 5939 non
3410 5879 3570 5949 quasi
