4272 6438
753 419 858 484 ’135

1681 407 2251 474 THEOPHYLACTI
2286 402 2697 467 BULGARL‘E
2728 395 3084 459 ARCHI‘EP.

3907 382 4030 447 τσο

755 529 1043 587 duodecim
1067 537 1354 588 annorum,
1379 524 1471 578 sed
1505 520 1657 589 quasi
1688 519 1948 588 perfecto.
1975 519 2109 573 Vide
2145 528 2322 571 autem
2354 527 2397 580 Α
2427 513 2442 565 1

2354 527 2397 580 Α
2427 513 2700 579 λεγόμενα
2723 508 2874 578 παρὰ
2903 504 2996 559 τοῦ
3025 501 3238 564 παιδος,
3260 501 3356 554 καὶ
3383 501 3482 570 οὐχ
3507 501 3584 563 ὥς
3611 497 4022 560 δωδεκαιτοῦςο

758 621 1028 689 quomodo
1050 618 1152 671 hoc
1182 615 1297 668 loco
1325 611 1653 680 evangelista
1681 613 2066 676 interpretatur
2090 609 2216 676 quid
2255 606 2328 660 sit

761 709 1019 778 proﬁcere
1035 705 1292 775 sapientia
1315 722 1328 770 ;
1355 702 1536 758 subdit
1557 704 1723 763 enim,
1744 711 1797 754 et
1813 709 1993 754 astate.
2017 697 2324 752 Proiectum

759 814 936 855 autem
971 800 1166 862 aetatis,
1201 798 1478 867 sapientiae
1507 795 1804 863 profectum
1829 807 1948 848 esse
1975 792 2130 846 dicit.
2185 789 2325 845 Gra-

760 896 888 946 tiam
924 907 1050 944 vero
1086 890 1321 944 habebat
1352 892 1494 960 apud
1543 888 1709 942 Deum
1761 896 1814 940 et
1867 885 2008 954 apud
2059 884 2325 945 homines,

763 987 861 1036 hoc
886 992 986 1042 est,
1057 982 1247 1048 agebat
1300 995 1362 1035 ea
1424 993 1542 1048 quae
1593 979 1700 1031 Deo
1759 973 2091 1042 beneplacita
2146 978 2325 1034 erant,

758 1082 810 1122 et
853 1088 969 1138 quze
1004 1072 1214 1126 laudata
1243 1071 1313 1124 ab
1341 1071 1666 1123 hominibus.
1697 1068 1936 1120 Primum
1969 1077 2149 1118 autem
2187 1061 2325 1131 apud

763 1160 950 1223 Deum,
989 1173 1038 1212 et
1069 1168 1251 1225 tmstea
1285 1160 1426 1228 apud
1452 1159 1717 1210 homines.
1743 1155 1982 1208 Primum
2001 1153 2141 1207 enim
2166 1165 2327 1218 opor-

765 1259 831 1303 tet
872 1247 978 1302 Deo
1009 1251 1242 1315 placere,
1277 1257 1331 1301 et
1363 1249 1553 1301 deinde
1587 1246 1914 1299 hominibus.

1358 1440 1582 1496 CAPUT
1647 1440 1728 1493 lll.

767 1648 840 1699 De
880 1650 1252 1706 pra'diratione
1281 1646 1529 1698 Joannis.
1563 1645 1635 1698 De
1663 1645 2105 1714 interrogantibus
2165 1647 2333 1699 Joan—

834 1735 965 1769 nem.
1002 1718 1076 1769 De
1110 1717 1315 1769 Herode
1345 1728 1389 1767 et
1435 1714 1658 1782 Jq'mne.
1696 1716 1770 1769 De
1825 1717 2084 1782 baptismo
2146 1716 2332 1769 Salva-

836 1791 980 1840 tort’s.
1015 1786 1089 1838 Dc
1117 1787 1420 1854 genealogia
1461 1771 1676 1839 Christi.

841 2047 1001 2098 Vens.
1033 2047 1140 2098 l-5.
1180 2064 1199 2096 ‹
1236 2046 1389 2097 Anno
1429 2054 1607 2098 autem
1641 2045 1850 2098 decimo
1901 2045 2089 2111 quinto
2123 2045 2332 2112 imperii

764 2137 962 2191 Tiberii
978 2135 1226 2194 Cscsaris.
1247 2133 1436 2189 Pontio
1459 2134 1628 2188 Pilato
1650 2136 1875 2202 praeside
1896 2134 2112 2200 Judaeae,
2135 2147 2333 2190 tetrar-

762 2231 858 2279 cba
914 2243 1040 2279 Vero
1070 2226 1301 2279 Galilazze
1355 2224 1584 2287 Herode,
1642 2224 1890 2293 Philippo
1950 2240 2128 2280 autem
2169 2228 2334 2282 fratre

763 2321 875 2382 vius
912 2319 1179 2370 telrarcha
1227 2316 1436 2370 lturaeae
1473 2329 1525 2370 et
1562 2316 1964 2370 Tracltonitidis
2008 2321 2262 2388 regionis,
2283 2331 2336 2374 et

764 2410 987 2476 Lysania
1016 2411 1267 2462 Abilenes
1304 2411 1595 2473 tetrarcha,
1652 2411 1749 2463 sub
1802 2411 2146 2478 pontiﬁcibus
2177 2413 2333 2465 Anna

761 2502 1063 2568 etC-.iiplia,
1103 2500 1304 2555 factum
1337 2514 1420 2554 est
1469 2503 1688 2555 verbum
1721 2502 1812 2554 Dei
1866 2517 2028 2570 super
2073 2501 2333 2558 Joannem

763 2593 1034 2646 Ζαοιιειιίςο
1068 2593 1234 2645 lilium
1264 2594 1316 2646 in
1350 2594 1581 2647 deserto.
1616 2592 1678 2646 Et
1718 2595 1864 2647 venit
1899 2594 1948 2646 in
2002 2610 2216 2649 omnem
2250 2610 2334 2650 re-

761 2688 973 2753 gionem
1030 2685 1313 2738 ﬁnitimam
1352 2685 1598 2747 Jordani,
1657 2686 1955 2752 prmdicans
2012 2687 2334 2754 baptismum

763 2779 1115 2845 pcenhentim,
1154 2778 1202 2828 in
1244 2778 1616 2831 remiSsionetn
1677 2788 2041 2844 peccatorum.
2084 2798 2102 2828 ι
2167 2777 2336 2833 Recte

764 2885 970 2924 memor
1003 2881 1159 2923 estet
1201 2871 1473 2938 temporis,
1518 2880 1569 2926 et
1617 2873 1914 2940 principum
1969 2871 2223 2925 illorum:
2280 2879 2338 2925 ut

761 2965 842 3016 sic
875 2962 1208 3015 demonstret
1242 2972 1480 3030 tempore
1541 2962 1741 3017 Christi
1789 2964 2052 3018 defecisse
2083 2963 2337 3017 Judaico-

761 3069 880 3106 rum
920 3055 1218 3122 principum
1257 3055 1676 3111 successionem.
1712 3055 2081 3124 presidiatum
2118 3055 2333 3123 quidem

767 3146 933 3198 Piiato
973 3147 1184 3197 [mittiue
1215 3146 1647 3214 alteriusgetttis,
1705 3149 2092 3201 tetrarchatitm
2151 3158 2332 3201 autem

767 3234 994 3288 Herodis
1044 3237 1363 3289 Ascalonitze
1425 3237 1545 3289 liliis
1581 3240 1889 3293 tenentibus
1928 3257 1938 3292 :
1976 3240 2336 3306 credaturque

761 3327 958 3379 merito
991 3329 1178 3379 adesse
1213 3327 1480 3390 Christus,
1525 3329 1672 3393 juxta
1707 3331 2042 3397 prophetiam
2082 3329 2248 3383 Jaeob
2271 3332 2336 3384 “.

773 3436 790 3467 ι
823 3415 1046 3471 Factum
1083 3430 1165 3472 est
1188 3429 1388 3480 autem,
1415 3419 1608 3487 inquit.
1636 3423 1856 3477 verbum
1880 3422 1970 3475 Dei
1995 3437 2156 3488 super
2177 3421 2340 3475 Joan-

763 3523 929 3582 gem:
972 3529 988 3559 ι
1036 3521 1090 3560 ιιι
1137 3511 1314 3564 discas
1347 3510 1490 3563 illuni
1530 3528 1635 3564 non
1697 3523 1919 3578 temere,
1978 3528 2149 3582 neque
2201 3516 2336 3568 citra

762 3601 1097 3654 v‘ocationem
1166 3603 1228 3654 ad
1296 3604 1690 3656 testiﬁcandum
1762 3607 1975 3660 Christo
2022 3608 2335 3675 prosiliisse,

762 3693 854 3745 sed
903 3693 1086 3746 divino
1117 3703 1322 3746 motum
1379 3691 1599 3761 Spiritu.
1635 3694 1736 3748 Per
1796 3698 2020 3751 verbum
2089 3699 2332 3767 intellige

761 3784 1022 3853 Spiritum
1057 3795 1324 3848 sanctum,
1367 3786 1449 3839 vel
1486 3786 1794 3840 mandatum
1827 3789 1940 3843 Dei.
1978 3787 2202 3843 Factum
2251 3799 2333 3843 est

765 3883 947 3930 autem
991 3875 1290 3932 in.deserto
1325 3877 1546 3930 Verbum
1568 3876 1658 3931 Dei
1686 3880 1751 3932 ad
1775 3877 2062 3946 Joannem,
2098 3881 2336 3951 quando-

768 3969 984 4037 quidem
1025 3970 1166 4021 enim
1203 3968 1340 4022 ﬁlios
1400 3971 1626 4023 desertae
1690 3971 2144 4039 multiplicaturus
2194 3981 2332 4036 erat,

761 4059 1058 4114 Ecclesiam
1103 4062 1223 4114 dico
1259 4076 1318 4113 ex
1357 4061 1628 4128 gentibus,
1669 4063 1841 4132 magis
1874 4078 2035 4131 quam
2060 4064 2174 4131 ejus
2218 4080 2338 4135 qua:

759 4151 922 4204 habet
952 4151 1150 4216 virum,
1183 4151 1283 4204 hoc
1336 4160 1440 4216 est,
1489 4149 1727 4206 Judaicat
1785 4153 2103 4224 Synagogze,
2140 4158 2336 4211 merito

767 4245 821 4295 in
854 4244 1072 4296 deserto
1105 4242 1161 4293 ﬁt
1197 4243 1260 4295 ad
1310 4243 1569 4297 Joannem
1644 4245 1864 4297 verbum
1923 4255 1976 4297 et.
2027 4248 2335 4303 mandatum

762 4333 876 4386 Dei.
905 4333 1224 4386 Praedicavit
1246 4343 1424 4388 autem
1452 4336 1713 4403 baptisma
1743 4337 2078 4404 poenitentiae
2105 4341 2335 4407 populis,

763 4425 862 4477 hoc
894 4435 997 4487 est,
1031 4423 1411 4479 confessionis.
1431 4424 1601 4480 Porro
1635 4426 1897 4495 baptisma
1945 4433 2336 4497 cooperabatur

2428 603 2563 657 ἀλλὰ
2593 600 2825 654 τελείου.
2857 599 3004 665 Ὀρα
3045 595 3104 646 δέ
3138 594 3255 655 πῶς
3291 591 3528 645 ἐνταῦθα
3557 594 3584 643 δ
3614 589 4030 657 εὐαγγελιστὴς

2427 693 2745 764 ἑρμηνεύων
2779 693 2833 744 τί
2864 693 2977 742 ἐστι
3004 688 3064 740 τὸ
3087 689 3418 756 προκόπτειν
3435 683 3628 752 σοφίᾳ,
3667 681 3896 748 ἐπάγει,
3924 678 4030 732 καὶ

2427 786 2632 855 ἡλικίᾳ.
2682 785 2795 853 Τὴν
2822 782 2933 850 γὰρ
2966 777 3253 849 προκοπὴν
3276 778 3374 845 τῆς
3401 775 3642 846 ἡλικίας,
3681 775 3778 841 τῆς
3816 772 4024 836 σοφίας

2428 872 2568 929 εἶναι
2589 876 2738 941 λέγει
2768 872 3074 943 προκοπήν.
3111 867 3471 938 Ἐχαριτοῦτο
3497 867 3553 918 δὲ
3590 867 3686 918 καὶ
3717 863 3871 933 παρὰ
3899 860 4028 930 Θεῷ

2431 965 2524 1018 καὶ
2550 965 2699 1033 παρὰ
2721 961 3050 1032 ἀνθρώποις,
3071 959 3342 1022 τουτέστι,
3373 958 3468 1010 καὶ
3496 957 3573 1024 τῷ
3603 957 3723 1025 Θεῴ
3744 956 4030 1022 εὐάρεστα

2430 1055 2690 1124 ἔπραττε,
2727 1055 2822 1105 καὶ
2855 1054 2968 1113 τοῖς
3020 1050 3337 1120 ἀνθρώποις
3365 1048 3648 1102 ἐπαινετά.
3691 1046 3923 1117 Πρῶτον
3959 1043 4021 1096 δὲ

2429 1146 2491 1198 τὸ
2520 1143 2672 1214 παρὰ
2693 1143 2832 1211 Θεῷ,
2865 1139 2983 1194 εἶτα
3010 1141 3071 1193 τδ
3107 1140 3258 1208 παρὰ
3284 1140 3624 1209 ἀνθρώποις
3648 1138 3877 1206 Πρῶτον
3914 1133 4029 1203 γὰρ

2432 1238 2513 1288 δεῖ
2539 1236 2615 1305 τῷ
2638 1234 2757 1302 Θεῷ
2783 1233 3060 1303 ἀρέσκειν,
3084 1226 3204 1284 εἶτα
3223 1233 3336 1293 τοῖς
3361 1229 3695 1302 ἀνθρώποις.

3052 1432 3307 1485 ΚΕΦΛΛ.
3344 1431 3415 1483 Γ’.

2437 1640 2572 1707 Περὶ
2600 1641 2706 1704 τῆς
2742 1636 2848 1692 τοῦ
2897 1613 3167 1692 Ἰωάνκου
3203 1640 3527 1705 κηρύξεως.
3584 1637 3721 1704 Περὶ
3764 1637 3885 1689 τῶν
3911 1638 4028 1689 ἐκ·

2506 1709 2938 1777 ερωτησάντων
3000 1709 3106 1762 τὸν
3177 1709 3478 1775 Ἰωάννην.
3555 1710 3693 1775 Περὶ
3763 1707 4028 1777 Ἡρώδου

2511 1776 2609 1831 καὶ
2663 1779 2955 1832 Ἰωάννου.
2993 1779 3131 1845 Περὶ
3161 1779 3266 1832 τοῦ
3293 1781 3714 1845 ,ϐαπτίσματος
3761 1776 3865 1830 τοῦ
3897 1779 4030 1830 Σω-

2365 1856 2412 1914 B
2508 1849 2707 1916 τῆρος.
2747 1849 2884 1914 Περὶ
2912 1848 3298 1917 γενεαλογίας
3333 1847 3437 1901 τοῦ
3468 1847 3747 1915 Χριστοῦ.

2517 2068 2534 2098 ι
2573 2047 2659 2100 Ἐν
2677 2047 2785 2100 ἔτει
2817 2047 2871 2099 δὲ
2904 2045 3382 2114 πεντεκαιδεκάτῳ
3413 2045 3511 2113 τῆς
3539 2044 3830 2112 ἡγεμονίας
3855 2043 4027 2095 Τιϐε-

2441 2140 2558 2211 ρίου
2593 2141 2895 2207 Καίσαρος,
2921 2137 3350 2209 ἡγεμονεύοντος
3389 2137 3608 2189 Ποντίου
3660 2136 3889 2189 Πιλάτου
3917 2138 4030 2203 τῆς

2452 2230 2735 2295 Ἰουδαίας,
2767 2233 2859 2282 καὶ
2906 2229 3335 2299 τετραρχοῦντος
3363 2229 3463 2296 τῆς
3516 2228 3802 2289 Γαλιλαίας
3839 2228 4030 2294 ’Πρώ-

2437 2323 2547 2386 δου,
2579 2323 2848 2373 Φιλίππου
2887 2321 2943 2372 δὲ
2996 2321 3089 2371 τοῦ
3133 2319 3365 2386 ἀδελφοῦ
3398 2319 3564 2372 αὑτοῦ
3590 2317 4028 2387 τετραρχοῦντος

2437 2415 2532 2483 τῆ;
2572 2415 2873 2484 Ἰτουραίας
2907 2415 3001 2466 καὶ
3037 2411 3436 2481 Τραχωνίτιδος
3473 2411 3675 2481 χώρας,
3718 2412 3808 2463 καὶ
3837 2413 4029 2463 Λυσα-

2437 2505 2551 2556 νίου
2587 2505 2684 2573 τῆς
2741 2504 3045 2574 Ἀϐηληνῆς
3095 2501 3550 2573 τετραρχοῦντος,
3592 2503 3686 2554 ἐπὶ
3718 2501 4030 2571 ἀρχιερέων

2443 2597 2612 2647 Ἀννα
2649 2598 2740 2647 καὶ
2801 2596 3046 2663 Καῖὰφα,
3101 2595 3319 2661 ἐγένετο
3353 2595 3504 2664 ῥῆμα
3537 2593 3674 2645 Θεοῦ
3708 2595 3797 2645 ἐπὶ
3835 2595 4032 2648 Ἰωάν-

2439 2703 2534 2755 νην
2566 2687 2655 2737 τὸν
2691 2684 2780 2737 τοῦ
2815 2685 3086 2755 Ζαχαρίου
3126 2688 3240 2738 υἱὸν
3268 2687 3325 2736 ἐν
3356 2689 3422 2755 τῇ
3473 2685 3701 2754 ἐρήμῳ·
3735 2685 3825 2736 καὶ
3852 2678 4030 2752 ἦλθεν

2439 2782 2517 2841 εἰς
2551 2779 2728 2830 πᾶσαν
2767 2778 2865 2846 τὴν
2919 2779 3228 2847 περίχωρον
3275 2776 3371 2828 τοῦ
3409 2777 3702 2846 Ἰορδάνου,
3729 2776 4032 2845 κηρύσσων

2440 2867 2723 2938 βάπτισμα
2756 2866 3042 2936 μετανοίας
3074 2868 3152 2928 εἰς
3179 2867 3374 2934 ἄφεσιν
3404 2865 3711 2936 ἁμαρτιῶν.
3754 2885 3771 2916 ι
3797 2867 4033 2934 Μέμνη-

2438 2979 2523 3013 ται
2560 2961 2653 3012 τοῦ
2710 2977 2768 3011 τε
2827 2959 3019 3028 χρόνον
3070 2960 3164 3010 καὶ
3206 2959 3312 3010 τῶν
3355 2960 3634 3027 ἀρχόντων
3666 2959 3885 3020 δικαίως
3945 2960 4030 3022 ὡς

2438 3054 2503 3107 ἂν
2527 3054 2673 3122 δείξῃ
2712 3053 2792 3104 ὅτι
2850 3052 3155 3104 ἐκλελοίπει
3203 3051 3234 3116 ἠ
3283 3050 3505 3120 διαδοχὴ
3560 3051 3668 3104 τῶν
3713 3051 4030 3104 Ἰουδαϊκῶν

2438 3147 2740 3215 ἀρχόντων,
2772 3144 2863 3195 ἐπὶ
2891 3143 3158 3212 Χριστοῦ,
3200 3142 3629 3212 ἡγεμονεύοντος
3656 3142 3754 3211 μὲν
3788 3141 4027 3194 Πιλάτου

2441 3236 2730 3305 ἀνθρώπου
2764 3233 3105 3298 ἀλλοεθνοῦς,
3141 3234 3590 3304 τετραρχούντων
3611 3233 3667 3286 δὲ
3696 3234 3804 3287 τῶν
3844 3234 4028 3304 Ἠρώ-

2441 3330 2531 3381 δου
2555 3328 2649 3380 τοῦ
2695 3325 3072 3380 ’Λσκαλονίτου
3103 3327 3231 3379 υίῶν
3277 3328 3368 3380 καὶ
3428 3329 3658 3389 εἰκότως
3707 3326 4030 3396 πιστευθείη

2441 3422 2732 3490 ἐπιστῆναι
2785 3422 2811 3471 ὁ
2860 3419 3116 3488 Χριστὸς,
3149 3419 3292 3470 κατὰ
3321 3419 3417 3488 τὴν
3452 3418 3542 3470 τοῦ
3571 3416 3772 3470 Ἰακὼὸ
3808 3434 4028 3488 προφη-

2439 3512 2610 3564 τείαν.
2667 3529 2685 3561 ι
2743 3510 2992 3576 Ἐγένετο
3020 3509 3102 3571 δὲ,
3151 3511 3306 3578 φησὶ,
3345 3509 3498 3578 ῥῆμα
3528 3507 3667 3562 Θεοῦ
3701 3510 3794 3561 ἐπὶ
3837 3509 4030 3564 Ἰωάνα

2439 3619 2567 3672 νην·
2605 3621 2622 3652 ι
2656 3601 2742 3652 ἵνα
2769 3601 2833 3651 σὺ
2868 3599 3067 3669 μάθῃς,
3091 3598 3171 3650 ὅτι
3196 3598 3296 3650 οῦκ
3325 3597 3662 3667 αὐτόκλητος
3716 3591 3846 3666 ἦλθε
3881 3613 4029 3666 μαρ-

2437 3694 2677 3763 τυρῆσαι
2702 3692 2831 3762 περὶ
2866 3689 3127 3761 Χριστοῦ,
3160 3690 3295 3743 ἀλλὰ
3344 3688 3470 3758 Θείῳ
3499 3689 3821 3758 κινούμενος
3853 3689 4030 3760 Πνεῦ-

2444 3787 2575 3856 μάτι
2601 3803 2614 3817 ⁶
2649 3787 2710 3837 ἐδ
2738 3785 2844 3853 γὰρ
2873 3784 3045 3854 ρἦαν
3079 3783 3111 3853 ἦ
3140 3783 3199 3835 τδ
3241 3782 3465 3852 Πνεῦμα
3499 3783 3559 3852 τὴ
3594 3782 3752 3851 ἆγιον
3784 3783 4028 3851 νοήσεις,

2439 3878 2472 3947 ἢ
2499 3878 2597 3951 τὴν
2619 3876 2917 3948 πρόσταξιν
2945 3877 3035 3928 τοῦ
3073 3875 3231 3928 Θεοῦ.
3282 3875 3371 3926 Ἐν
3395 3876 3460 3945 τῇ
3493 3875 3684 3944 ἐρήμῳ
3714 3875 3772 3927 δὲ
3800 3875 4028 3942 ἐγένετο

2438 3969 2498 4020 τὸ
2520 3970 2586 4039 ῥῆ
2601 3986 2676 4038 μα
2697 3967 2791 4020 τοῦ
2831 3963 2965 4019 Θεοῦ
3016 3967 3152 4036 πρὸς
3189 3965 3476 4034 Ἰωάννην·
3529 3967 3650 4017 ἐπεὶ
3682 3965 3792 4036 γὰρ
3823 3966 4021 4030 ἔμελλε

2439 4060 2505 4112 τὰ
2541 4061 2704 4112 τέκνα
2735 4061 2832 4128 τῆς
2864 4060 3095 4129 ἐρήμου,
3126 4058 3223 4126 τῆς
3255 4057 3362 4109 τῶν
3396 4056 3565 4111 ἐονῶν
3591 4057 3734 4124 λέγω
3789 4058 4030 4128 Ἐκκλη-

2442 4153 2580 4216 σίας,
2611 4152 2840 4204 πλείονα
2881 4151 3136 4218 γενέσθαι
3169 4151 3278 4202 τῶν
3318 4151 3415 4218 τῆς
3449 4151 3676 4220 ἐχούσης
3710 4151 3802 4202 τὸν
3835 4153 4027 4221 ἄνδρα.

2438 4243 2704 4304 τουτέστι,
2735 4243 2834 4311 τῆς
2877 4241 3173 4309 Ἰουδαϊκῆς
3200 4241 3562 4310 Συναγωγῆς,
3609 4242 3842 4304 εἰκότως
3876 4245 3933 4293 ἐν
3964 4245 4028 4310 τῇ

2439 4337 2630 4406 ἐρήμῳ
2697 4335 2811 4386 δντι
2865 4334 3078 4402 γίνεται
3113 4332 3190 4402 τῷ
3255 4335 3480 4403 Ἰωάννῃ
3534 4336 3595 4385 τὸ
3651 4335 3806 4403 ῥῆμα
3873 4339 4028 4402 καιή

2441 4426 2732 4498 πρόσταξις
2765 4426 2857 4478 τοῦ
2890 4425 3047 4478 Θεοῦ.
3098 4425 3404 4493 Ἑκήρυσσε
3428 4426 3484 4477 δὲ
3523 4425 3815 4494 βάπτισμα
3856 4443 4027 4496 μετα-

762 4516 868 4566 illls
903 4515 957 4568 in
1012 4516 1385 4570 remissionem
1442 4527 1815 4580 peccatorum,
1852 4534 1970 4585 quae
2016 4536 2107 4588 per
2159 4521 2323 4590 bapti~
2360 4531 2449 4590 Di

2360 4531 2411 4590 D
2438 4518 2583 4579 νοίας
2606 4519 2716 4579 τοῖς
2741 4517 2909 4579 λαοῖς,
2941 4517 3250 4578 τουτέστιν,
3285 4514 3716 4584 ἐξαγορεῦσεως.
3759 4517 3935 4569 Τοῦτο
3975 4518 4027 4570 δὲ

761 4620 932 4658 smum
963 4605 1163 4659 Christi
1209 4608 1385 4659 datur.
1425 4606 1610 4675 Neque
1650 4607 1809 4678 293
1858 4611 2000 4662 enim
2070 4611 2333 4681 baptisma

759 4695 980 4764 Joannis
1023 4701 1401 4754 remissionem
1433 4713 1774 4770 peccatorum
1837 4703 2091 4765 habebat,
2119 4706 2210 4758 sed
2270 4705 2334 4757 ad

760 4789 1132 4846 remissionem
1160 4794 1512 4850 c0nferebat:
1555 4796 1655 4848 hoc
1703 4804 1806 4860 εει,
1855 4797 2192 4863 prmparabat
2241 4798 2338 4851 ho-

761 4886 931 4937 mines
965 4895 1018 4936 ut
1045 4888 1353 4954 acciperent
1377 4887 1581 4942 Christi
1614 4889 1902 4959 baptisma,
1941 4889 2080 4956 quod
2108 4888 2340 4942 habebat

761 4975 1133 5028 remissionem
1182 4989 1541 5042 peccatorum.

841 5241 1002 5295 Vens.
1037 5243 1148 5304 5,6.
1185 5262 1201 5295 ι
1231 5242 1384 5298 Sicut
1409 5253 1667 5313 scriptum
1689 5255 1770 5298 est
1795 5245 2006 5300 inlibto
2023 5261 2336 5300 sermonum

768 5334 917 5388 lsaiaz
952 5336 1222 5403 prophetae
1238 5337 1468 5391 dicentis
1503 5355 1514 5388 :
1547 5336 1655 5391 Vox
1680 5337 1964 5392 clamantis
2001 5338 2054 5391 in
2073 5339 2287 5393 deserto
2320 5357 2331 5390 :

768 5428 957 5480 i‘arate
995 5427 1131 5479 viam
1197 5429 1429 5490 Domini,
1483 5439 1660 5482 rectas
1713 5430 1870 5484 facite
1922 5432 2147 5488 semitas
2200 5430 2335 5497 ejus.

771 5523 955 5573 Omnis
1015 5522 1165 5574 vallis
1222 5523 1548 5587 implebitur,
1594 5533 1649 5576 ct
1689 5525 1866 5576 omnis
1902 5540 2054 5576 mons
2082 5534 2142 5577 'ct
2189 5525 2342 5577 collis

770 5614 1163 5680 lumiliabitur,
1219 5627 1273 5670 ct
1319 5618 1448 5670 lictit
1506 5633 1624 5686 qua:
1653 5617 1871 5687 obliqua
1905 5629 2048 5673 sunt.
2113 5619 2338 5686 directa,

843 5795 880 5821 "
917 5795 1046 5846 Uett.
1085 5809 1230 5858 thx,
1271 5795 1320 5847 3.

2436 4613 2495 4661 τὸ
2520 4610 2807 4679 βάπτισμα
2858 4609 3122 4677 συνήργει
3187 4609 3371 4669 αὐτοῖς
3407 4609 3486 4669 είς
3544 4609 3640 4676 τὴν
3679 4610 3881 4676 ἄφεσιν
3924 4612 4028 4662 τῶν

2437 4700 2744 4772 ἁμαρτιῶν,
2773 4699 2870 4770 τὴν
2915 4699 3002 4751 διὰ
3051 4698 3146 4750 τοῦ
3205 4698 3583 4768 βαπτίσματος
3639 4699 3735 4750 τοῦ
3783 4701 4026 4770 Χριστοῦ

2438 4793 2743 4860 διδομένην.
2789 4791 2862 4842 Οὐ
2897 4792 3003 4860 γὰρ
3033 4789 3096 4858 δὴ
3127 4790 3187 4841 τὸ
3232 4789 3480 4842 Ἰωάννου
3518 4791 3805 4859 βάπτισμα
3835 4794 4028 4861 ἄφεσιν

2440 4880 2585 4952 εἶχεν
2617 4882 2924 4952 ἁμαρτιῶν,
2946 4881 3062 4934 ἁλλ’
3089 4881 3170 4943 εις
3198 4879 3401 4950 ἄφεσιν
3436 4881 3822 4945 συνεϐάλλετο,
3871 4902 4020 4941 τουτο

2449 4977 2585 5038 ἐστι,
2626 4973 3013 5044 παρεσκεύαζε
3049 4974 3176 5035 τοὺς
3221 4973 3568 5042 ἀνθρώπους,
3622 4973 3706 5026 ἴνα
3766 4975 4027 5042 δέξωνται

2448 5064 2508 5115 τὸ
2555 5064 2646 5116 τοῦ
2705 5065 2944 5135 Χριστοῦ
2987 5065 3295 5135 βάπτισμα,
3349 5065 3408 5117 τὸ
3437 5065 3558 5132 ἔλον
3606 5066 3802 5133 ἄφεσιν
3844 5071 4026 5140 ἁμαρο

2450 5157 2596 5209 τιῶν.

2525 5267 2542 5296 ‹
2596 5248 2680 5307 Ὠς
2705 5248 3010 5314 γέγραπται
3039 5249 3094 5298 ἐν
3115 5245 3279 5314 βίϐλῳ
3304 5247 3477 5315 λόγων
3515 5251 3737 5303 Ἡσαΐου
3773 5254 3869 5305 τοῦ
3900 5273 4024 5323 προ-

2447 5342 2640 5406 φήτου,
2665 5339 2921 5404 λέγοντος
2942 5355 2953 5367 -
2981 5339 3135 5406 Φωνὴ
3165 5337 3393 5407 βοῶντος
3423 5345 3479 5394 ἐν
3509 5347 3572 5411 τῇ
3600 5345 3816 5414 ἐρήμῳ,
3856 5347 4024 5400 Ἑτοι-

2452 5436 2656 5502 μάσατε
2693 5440 2790 5503 τὴν
2820 5435 2936 5485 ὁδὸν
2977 5436 3207 5501 Κυρίου,
3263 5432 3483 5495 εὐθείας
3535 5442 3741 5490 ποιεῖτε
3776 5441 3879 5501 τὰς
3914 5442 4023 5508 τρὶ-

2452 5527 2577 5588 ϐοῦς
2610 5527 2795 5580 αὑτοῦ.
2835 5530 2990 5581 Πᾶσα
3017 5528 3236 5598 φάραγξ
3288 5526 3736 5598 πληρωθήσεται,
3772 5531 3871 5583 καὶ
3925 5534 4024 5584 πᾶν

2454 5620 2576 5687 ὅρος
2613 5623 2704 5674 καὶ
2741 5621 2927 5690 βουνὸς
2951 5624 3444 5694 ταπεινωθήσεται,
3471 5625 3564 5676 καὶ
3596 5625 3751 5678 ἔσται
3805 5627 3872 5679 τὰ
3905 5641 4022 5679 σκο·
