4272 6438
187 408 289 475 7⁴1

947 408 1399 472 ENARRATIO
1441 408 1522 468 1N
1556 404 2063 467 EVANGELIUM
2098 409 2333 470 LUCAS.
2376 411 2611 471 —-CAP.
2652 412 2766 472 III.

3388 407 3496 472 ἨΞ

190 528 391 595 ἱμάντα
425 526 535 579 τῶν
571 526 935 596 ὑποδημάτων
970 525 1139 579 αὑτοῦ
1200 524 1382 589 ἱκανός
1428 525 1543 591 εἰμι
1589 523 1771 574 λῦσαι.

1893 529 1991 575 tem
2046 522 2161 580 liceo
2191 527 2294 581 sibi
2326 527 2550 581 volunt?
2593 524 2901 596 Daptizabit
2940 538 3033 578 vos
3068 522 3119 577 iu
3170 519 3378 590 Spiritu
3422 535 3479 577 et

188 618 253 671 Τί
277 619 335 670 δὲ
360 618 535 671 ταῦτα
554 617 770 688 δηλοῦσι
794 634 807 681 ;
830 616 902 669 T6
926 618 1043 687 μὲν,
1067 616 1331 671 Βαπτίσει
1356 616 1498 684 ὑμᾶς
1524 616 1579 673 ὲν
1608 612 1781 664 Πνεῦ-

191 728 327 780 ματι
362 709 458 763 καὶ
510 712 666 780 πυρὶ,
734 710 1004 780 πρόδηλον
1062 711 1323 772 πάντως·
1357 709 1451 760 καὶ
1510 707 1620 775 γὰρ
1670 708 1783 768 τοῖς

188 803 515 863 ἀποστόλοις
546 803 639 855 ἕπε
652 801 761 871 μψε
788 801 849 855 16
887 802 1133 872 πνεῦμα,
1161 801 1256 855 καὶ
1290 799 1516 869 πύριναι
1540 798 1784 866 γλῶσσαι

188 896 456 965 ὤφθησαν
489 896 846 965 μεριζόμεναι
877 895 1082 959 αὐτοῖς.
1126 895 1200 947 Τὸ
1230 894 1285 947 δὲ
1317 895 1390 965 μὴ
1422 892 1561 946 εἷναι
1599 892 1787 945 ἱκανὸν

187 989 351 1040 λῦσαι
373 988 463 1039 τὸν
496 988 698 1055 ἱμάντα
739 987 849 1039 τῶν
879 986 1243 1057 ὑποδημάτων
1270 986 1459 1045 αὑτοῦ,
1512 984 1652 1035 κατὰ
1688 981 1787 1051 μὲν

187 1077 287 1149 τὴν
322 1078 575 1146 προφανῆ
614 1078 844 1144 ἔννοιαν,
871 1078 953 1131 ὃτι
975 1077 1111 1129 Οὐδὲ
1144 1079 1375 1145 ἔσχατος
1401 1074 1587 1136 δοῦλος
1618 1072 1785 1126 αὑτοῦ

188 1171 306 1238 εἰμι
341 1168 488 1233 ἄξιος
523 1167 836 1221 τάττεσθαι.
874 1167 1031 1219 Κατὰ
1064 1166 1119 1218 οὲ
1153 1166 1213 1217 16
1251 1166 1652 1234 κρυφιὼτερον,
1693 1162 1788 1215 δύο

190 1259 523 1328 ὑποδήματά
552 1261 659 1310 εισι
710 1258 803 1310 τοῦ
839 1258 1071 1326 Κυρίου,
1128 1257 1162 1325 ἦ
1214 1274 1273 1308 τε
1304 1256 1363 1321 ἐξ
1424 1253 1658 1324 οὐρανοῦ
1694 1253 1787 1305 ἐπὶ

188 1352 289 1421 τὴν
341 1352 443 1419 γῆν
474 1349 760 1419 ἐπιδημία,
807 1351 901 1402 καὶ
930 1351 963 1417 ἡ
998 1351 1061 1402 ὲκ
1084 1349 1187 1418 γῆς
1212 1349 1303 1400 ἐπὶ
1335 1349 1429 1400 τὸν
1457 1346 1590 1417 ᾅδην
1612 1363 1625 1376 ’
1661 1345 1787 1398 τού-

189 1460 301 1494 τι-ιν
325 1442 418 1494 οῦν
448 1442 554 1493 τῶν
581 1441 675 1493 δύο
703 1440 1011 1508 ὲπιδημιῶν
1038 1441 1164 1500 τοὺς
1189 1440 1447 1509 τρόπους,
1472 1438 1533 1490 οὐ
1562 1436 1789 1491 δύναταί

188 1552 275 1597 τις
313 1534 491 1595 λῦσαι,
534 1533 655 1584 οὐδὲ
686 1534 731 1583 εί
766 1533 907 1583 κατὰ
943 1531 1200 1601 Ἰωάννην
1234 1531 1371 1584 ἐστί.
1437 1530 1531 1593 Τίς
1562 1530 1669 1601 γὰρ
1696 1530 1787 1582 δύ-

192 1642 352 1677 ναται
384 1626 580 1691 εἰπεῖν,
615 1625 646 1693 ἢ
686 1623 803 1686 πῶς
830 1623 1145 1695 ἐσαρκὼθη,
1186 1624 1219 1693 ἦ
1253 1624 1372 1687 πῶς
1404 1622 1679 1693 κατῆλθεν
1707 1625 1787 1686 εἰς

194 1716 364 1787 ᾇδηνι
427 1717 499 1768 Τὸ
528 1718 583 1769 δὲ
622 1710 697 1769 Οῦ
732 1716 792 1769 16
820 1717 998 1769 πτύον
1028 1718 1087 1769 ὲν
1132 1719 1199 1789 τῇ
1229 1718 1373 1787 χειρὶ
1404 1715 1593 1779 αὑτοῦ,
1628 1715 1790 1769 τοῦτο

195 1807 475 1877 σημαίνει,
522 1808 625 1871 ὅτι,
684 1809 744 1860 Εί
778 1809 871 1861 καλ⁵
926 1808 1181 1878 βαπτίσει
1229 1809 1395 1879 ὑμᾶς,
1433 1810 1508 1880 μὴ
1536 1806 1787 1878 νομίζετε

190 1900 275 1951 ἔτι
306 1899 407 1968 ἤδη
433 1899 601 1952 ἀθῶοί
636 1899 758 1952 ἐστε
790 1917 804 1930 ·
840 1901 955 1953 ἀλλ’
1002 1902 1049 1953 εξ
1079 1900 1153 1971 μὴ
1192 1901 1282 1954 τὸν
1306 1899 1445 1969 μετὰ
1477 1900 1650 1954 ταῦτα
1674 1899 1787 1970 βίον

192 1990 427 2058 ἄμωμον
450 1991 770 2057 ἐνδεῖξεσϐε,
803 1994 1141 2047 κατακαύσει
1165 1994 1310 2064 ὑμᾶς
1337 1994 1470 2064 πυρὶ
1497 1993 1751 2062 ἀσὸἑστῳ
1772 2010 1784 2023 ·

192 2084 400 2151 ἄχυρον
440 2083 547 2152 γάρ
578 2085 747 2147 ἐστιν,
797 2085 825 2136 6
855 2084 1105 2155 ἄκαρπον
1134 2084 1273 2155 ἔχων
1306 2084 1455 2151 νοῦν,
1506 2086 1599 2139 καὶ
1628 2086 1788 2154 μόνον

193 2172 465 2239 συρφετὸν
497 2174 664 2227 πολὺν
684 2174 957 2241 βιωτικῶν
985 2178 1330 2247 πραγμάτων
1372 2178 1785 2245 ἐπιφερόμενος.

199 2282 218 2314 ι
268 2262 449 2316 Πολλά
476 2265 530 2317 δὲ
565 2268 656 2319 καὶ
684 2267 850 2338 ἕτερα
882 2268 1239 2338 παρακαλῶν,
1280 2268 1667 2339 εὐηγγελίζετο
1695 2267 1789 2320 τὸν

191 2341 342 2406 λα’όν.
383 2374 400 2405 ι
441 2357 796 2428 [Ιαῴκλησις
831 2359 938 2429 γάρ
970 2361 1140 2423 δντως
1176 2361 1325 2413 ἐστὶν
1362 2362 1393 2432 η
1426 2361 1607 2431 ἀγαθὴ
1640 2359 1787 2412 διδα-

192 2446 397 2499 σκαλία
426 2464 439 2475 °
472 2450 564 2501 καὶ
614 2451 933 2519 εὐαγγέλιον
967 2452 1023 2503 δὲ
1054 2452 1280 2514 εἰκότως
1302 2450 1367 2505 ἂν
1387 2452 1627 2521 λεχθείη.

268 2556 288 2586 α
337 2539 397 2589 ⁸0
427 2539 482 2590 δὲ
520 2540 769 2610 Ἡρώδης
821 2545 847 2594 6
903 2542 1225 2613 Τετράρχης
1290 2544 1648 2613 ἐλεγχόμενος
1696 2542 1788 2595 ὑπ’

188 2628 362 2683 αὐτοῦ
406 2633 537 2701 περὶ
573 2633 927 2703 Ἡρωδιάδος
960 2625 1059 2698 τῆς
1117 2637 1379 2703 γυναικὶς
1429 2634 1522 2689 τοῦ
1552 2634 1788 2703 ἀδελφοῦ

194 2722 391 2787 αὐτοῦ,
461 2727 552 2777 καὶ
615 2727 744 2794 περὶ
809 2728 1031 2779 πάντων
1073 2721 1147 2780 ὧν
1179 2728 1405 2799 ἐποίησε
1449 2728 1703 2799 πονηρῶν
1761 2731 1789 2781 6

202 2812 477 2884 Ἡρώδης.
509 2816 818 2885 προσέθηκε
851 2818 947 2871 καὶ
985 2816 1145 2872 τοῦτο
1197 2820 1289 2873 ἐπὶ
1324 2821 1479 2883 πᾶσι,
1531 2823 1625 2873 καὶ
1657 2837 1793 2874 κατ-

192 2905 407 2957 έκλεισε
442 2906 533 2958 τὸν
577 2909 831 2979 Ἰωάννην
859 2912 917 2962 ἒν
947 2914 1014 2981 τῇ
1060 2913 1299 2983 φυλακῇ.
1353 2913 1603 2981 Ἐγένετο
1632 2912 1688 2964 δὲ
1731 2913 1790 2965 ὲν

188 2994 270 3064 τῷ
296 2996 664 3069 βαπτισθῆναι
689 3001 907 3056 ἅπαντα
936 3004 1031 3055 τὸν
1064 3004 1215 3070 λαὸν,
1247 3005 1343 3059 καὶ
1380 3004 1558 3077 Ἰησοῦ
1591 3006 1790 3076 βαπτι-

192 3088 416 3152 σθέντος
439 3094 532 3144 καὶ
566 3097 1032 3166 προσευχομένου,
1067 3097 1412 3169 ἀνεῳχθῆναι
1436 3099 1526 3152 τὸν
1558 3101 1790 3169 οὐρανὸν

192 3182 288 3233 καὶ
330 3183 639 3252 καταϐῆναι
670 3185 732 3239 τὸ
758 3186 983 3258 Πνεῦμα
1017 3188 1078 3241 τὸ
1132 3187 1288 3257 ἆγιον
1326 3191 1629 3262 σωματικῷ
1660 3193 1788 3245 εῖδει
1819 3208 1862 3269 c

189 3270 325 3324 ὡσεὶ
364 3276 695 3344 περιστεράν
719 3278 806 3330 ἐπ’
855 3281 1040 3346 αὐτὸν,
1092 3284 1188 3333 καὶ
1236 3283 1423 3353 φωνὴν
1463 3282 1521 3348 ἐξ
1552 3285 1788 3356 οὐρανοῦ

190 3363 467 3441 γενέσθαι,
496 3364 760 3433 λέγουσαν
782 3388 796 3401 ο
832 3371 904 3423 Σὺ
928 3366 979 3423 εῐ
999 3372 1027 3423 6
1062 3371 1189 3435 Υἱός
1214 3391 1317 3442 μου
1350 3376 1377 3427 6
1403 3375 1709 3445 ἀγαπητὸς,
1733 3377 1791 3430 ιν

198 3456 275 3508 τοὶ
300 3455 601 3526 ηὐδόκησα.
618 3477 636 3508 ι
677 3459 918 3529 Εἰκότως
942 3463 1315 3533 παρενέϐαλεν
1337 3467 1363 3517 6
1398 3465 1793 3533 εὐαγγελιστὴς

188 3547 427 3601 ενταῦθα
453 3548 521 3600 τά
546 3550 675 3619 περὶ
716 3551 985 3621 Ἡρώδου,
1044 3557 1329 3625 μονονουχὶ
1359 3556 1539 3609 τοιάδε
1572 3555 1747 3624 λέγων
1772 3572 1788 3588 ο

219 3643 262 3692 0
290 3640 390 3707 μὲν
408 3638 586 3710 ὖχλος,
613 3641 841 3697 τοιαῦτα
869 3646 997 3715 περὶ
1031 3646 1279 3700 Ἰωάννου
1305 3647 1655 3715 διελογίζετο,
1677 3650 1704 3701 6
1735 3650 1791 3701 δὲ

198 3731 450 3801 Ἡρώδης
497 3733 856 3803 ἐλεγχόμενος
909 3738 1002 3789 ὑπ’
1054 3737 1243 3802 αὐτοῦ,
1315 3740 1630 3810 προσέθηκε
1694 3743 1791 3793 καὶ

187 3824 350 3877 τοῦτο
374 3826 466 3877 ἐπὶ
498 3827 654 3889 πᾶσι,
680 3827 742 3878 16
772 3828 1128 3882 κατακλεῖσαι
1160 3832 1323 3885 αὑτὸν
1356 3837 1413 3886 ἐν
1436 3836 1499 3902 τῇ
1532 3834 1750 3904 φυλακῇ
1773 3850 1788 3865 ο

186 3917 391 3970 ὡσανεὶ
418 3912 513 3971 οὖν
548 3920 914 3989 σχετλιάζων,
945 3924 1123 3976 ταῦτα
1166 3925 1439 3994 διηγεῖται
1480 3929 1575 3981 καὶ
1614 3928 1790 3981 δεινο-

188 4009 407 4071 παθῶν,
486 4012 601 4078 εῐγε
643 4013 738 4065 τοῦ
768 4014 926 4083 δχλου
973 4018 1235 4089 τοιαύτην
1269 4020 1541 4090 ὑπόληψιν
1575 4023 1667 4075 ἐπὶ
1714 4023 1791 4092 τῷ

201 4100 423 4171 Ἰωάννῃ
479 4102 728 4171 ἔχοντος,
774 4106 801 4156 6
864 4106 1108 4176 Ἡρώδης
1155 4108 1381 4163 τοιαῦτα
1451 4112 1786 4178 ἐπεδείξατο.

205 4195 491 4263 Λνοίγεται
516 4194 572 4248 δὲ
606 4196 634 4247 6
659 4197 909 4266 οὐρανὸς,
939 4199 1028 4252 ἴνα
1048 4199 1230 4272 δειχθῇ
1260 4204 1389 4272 ἡμῖν
1408 4204 1489 4256 ὅτι
1519 4206 1577 4257 16
1600 4205 1791 4274 βάπτι-

190 4299 306 4353 σμα
335 4286 542 4352 ἀνοίγει
572 4288 707 4339 πᾶσι
742 4287 833 4340 τὸν
881 4290 1133 4357 οὐρανὸν,
1170 4291 1229 4343 δν
1281 4296 1307 4345 6
1352 4293 1523 4365 Ἀδὰμ
1551 4296 1785 4352 ἔκλεισε.

189 4377 421 4431 Κὰτειτί
450 4393 507 4429 τε
540 4380 601 4432 τὸ
653 4379 879 4449 Πνεῦμα
924 4382 1018 4434 ἐπὶ
1065 4382 1158 4436 τὸν
1199 4384 1428 4453 Ἰησοῦν,
1469 4387 1557 4440 ἶνα
1600 4390 1693 4441 καὶ
1725 4392 1789 4443 ἐκ

184 4472 382 4525 τούτου
408 4473 670 4543 μάθωμεν
701 4478 784 4528 ὅτι
821 4478 914 4529 καὶ
961 4480 1096 4548 ἡμῖν
1143 4480 1565 4553 βαπτιζομένοις
1604 4485 1783 4540 ἔπεισι

1890 620 2024 690 igni,
2054 620 2402 674 manifestum
2427 620 2667 674 omnino.
2687 619 2900 673 Etenim
2935 615 3196 687 apostolis
3220 615 3487 685 Spiritqu

1888 713 2059 778 misit,
2084 723 2139 768 et
2163 714 2334 783 ignea:
2385 712 2581 781 lingua!
2612 719 2986 781 apparuerunt
3023 710 3323 778 dispertita:
3357 709 3488 765 illis.

1890 805 2005 858 Non
2042 816 2222 860 autem
2255 806 2475 875 dignum
2520 819 2642 858 esse
2666 814 2723 857 ut
2749 803 2923 857 solvat
2958 802 3258 872 corrigiam
3275 801 3489 856 calce..-

1890 908 2223 960 mentorum,
2257 899 2400 952 clara
2430 897 2702 951 sententia
2733 906 2837 960 est,
2868 898 3011 963 quod
3040 912 3143 947 ttntt
3168 894 3239 947 sit
3294 895 3489 961 dignus

1890 990 1979 1058 qui
2005 990 2145 1043 inter
2174 1000 2457 1045 extremos
2487 1004 2675 1042 servos
2704 988 3008 1041 ordinetur.
3044 984 3097 1037 In
3119 1001 3279 1039 sensu
3306 996 3490 1039 autem

1890 1083 2210 1149 occultiore,
2238 1085 2344 1137 duo
2371 1084 2739 1139 calceamenta
2781 1080 3017 1143 Domini,
3056 1088 3180 1132 sunt
3208 1079 3495 1147 proh-otia-

1891 1190 1990 1229 nes
2020 1175 2139 1243 ejus
2157 1174 2297 1238 dua},
2322 1189 2428 1227 una
2456 1190 2485 1229 e
2512 1173 2667 1227 cretis
2698 1174 2749 1225 in
2779 1184 3005 1239 terram,
3060 1172 3231 1224 altera
3262 1185 3291 1223 ο
3343 1180 3490 1221 terra

1894 1268 1945 1320 iu
2005 1265 2289 1319 infernum
2335 1268 2571 1319 :harutn
2622 1267 2765 1318 enim
2815 1266 3044 1317 duarum
3099 1263 3495 1333 pt'oiectiouunt

1892 1360 2112 1411 modum
2141 1373 2247 1412 non
2284 1367 2465 1425 potest
2500 1357 2769 1425 quispiam
2819 1358 3056 1420 sonere,
3100 1372 3168 1409 ne
3200 1355 3242 1409 si
3294 1352 3490 1406 Joauni

1896 1452 2115 1519 quidem
2147 1450 2344 1505 similis
2370 1448 2555 1502 fuerit.
2596 1448 2727 1515 Quis
2754 1449 2897 1500 enim
2940 1446 3215 1514 explicare
3267 1446 3490 1515 poterit,

1892 1552 1986 1595 aut
2011 1542 2287 1611 quomodo
2328 1540 2644 1594 incarnatus
2676 1540 2771 1599 sit,
2807 1550 2898 1591 aut
2935 1540 3205 1607 quomodo
3240 1540 3293 1589 in
3321 1538 3493 1589 infer-

1894 1650 2025 1686 num
2060 1632 2402 1687 descenderit
2434 1630 2599 1684 Nam
2632 1632 2990 1683 vcntilabrnin
3042 1631 3094 1683 in
3135 1645 3293 1682 manu
3352 1630 3491 1697 ejus,

1894 1724 1995 1778 hoc
2014 1726 2211 1794 signat,
2232 1721 2376 1792 quod
2405 1721 2556 1777 Licet
2580 1724 2869 1792 baptizarit
2896 1738 3012 1785 vos,
3040 1737 3104 1774 ne
3125 1722 3327 1789 putetis
3350 1726 3494 1789 quod

1894 1817 2005 1885 iam
2035 1818 2283 1871 insontes
2302 1816 2462 1870 sitis:
2511 1816 2603 1869 sed
2635 1816 2736 1869 nisi
2780 1816 3005 1881 posthac
3065 1817 3229 1867 vitam
3272 1814 3496 1881 egeritis

1896 1911 2327 1975 immaculatam,
2350 1918 2541 1963 exuret
2574 1925 2669 1962 vos
2708 1908 2815 1977 igni
2848 1907 3298 1975 ἰιιοχειὶιιςυὶιιὶίί.
3335 1907 3493 1961 Ιάίςιι

1891 2004 2036 2059 enim
2063 2003 2254 2073 estqui
2280 2001 2631 2055 infecundam
2668 2012 2903 2054 mentem
2935 2001 3124 2061 habet,
3163 2010 3216 2053 et
3250 2011 3489 2052 tantum-

1894 2095 2052 2150 niodo
2109 2110 2359 2165 magnam
2415 2109 2597 2148 rerum
2668 2093 3048 2163 temporalium
3096 2109 3282 2147 curam
3336 2098 3497 2163 gerit.

1898 2187 2113 2242 «Multa
2173 2196 2436 2241 autemet
2509 2187 2609 2240 alia
2687 2189 2990 2240 exhortans
3085 2186 3501 2255 cvangelizai.;.t

1894 2280 2107 2351 populo.
2144 2299 2159 2329 ι
2196 2279 2508 2334 Consolatio
2534 2278 2678 2333 enim
2711 2290 2767 2331 et
2801 2278 3141 2341 exhortatio,
3174 2293 3365 2332 reveta
3417 2288 3499 2329 cst

1911 2369 2147 2425 doctrin:
2188 2371 2351 2434 bona,
2379 2379 2430 2424 el
2457 2369 2580 2438 jure
2613 2368 2811 2422 dicitur
2843 2370 3185 2440 evangelium

1966 2532 2130 2587 Vens.
2166 2531 2356 2587 19-22.
2398 2550 2415 2582 ι
2468 2531 2713 2585 Herodes
2774 2541 2954 2585 autem
3021 2530 3319 2584 Tetrari'ha
3374 2548 3494 2584 cum

1895 2625 2265 2692 corriperetur
2296 2626 2361 2675 ab
2394 2623 2488 2675 illo
2531 2624 2596 2675 de
2631 2620 2937 2675 llerodiadc
2966 2638 3138 2675 uxore
3170 2623 3355 2677 fratris
3395 2642 3453 2676 an
3486 2663 3499 2679 .

1896 2716 2071 2785 deque
2111 2716 2365 2770 omnibus
2408 2714 2566 2768 malis
2600 2730 2717 2781 qum
2754 2714 2988 2767 faciebat
3035 2713 3301 2774 Herodes.
3355 2715 3503 2783 adje-

1895 2809 1964 2862 cit
1995 2816 2048 2862 et
2084 2807 2187 2862 hoc
2219 2823 2384 2877 super
2410 2810 2613 2869 omnia,
2657 2818 2712 2859 et
2746 2805 2963 2860 inclusit
2991 2806 3259 2862 Joannem
3296 2808 3346 2860 in
3377 2822 3499 2859 car-

1895 2915 2098 2956 eerem.
2135 2899 2362 2955 Fat-tum
2395 2911 2476 2953 est
2520 2912 2702 2954 autem
2746 2918 2871 2954 cum
2909 2902 3284 2969 baptizaretur
3318 2900 3501 2953 omnis

1893 2993 2146 3063 populus,
2179 3004 2234 3046 ut
2266 3004 2319 3047 et
2360 2991 2488 3047 Jesu
2530 2994 2809 3061 baptizata
2836 3003 2891 3047 et
2926 3002 3119 3046 orante
3153 3003 3398 3061 apertum
3434 2992 3504 3046 sit

1896 3088 2117 3150 cmlnm,
2183 3101 2248 3140 ac
2304 3087 2591 3141 descendit
2651 3087 2891 3155 Spiritus
2949 3096 3173 3141 sanctus
3228 3086 3501 3154 corporali

1894 3181 2073 3249 specie
2093 3180 2250 3248 αωιεί
2278 3179 2526 3233 columba
2560 3182 2610 3232 in
2646 3180 2846 3248 ipsum,
2882 3191 2933 3233 et
2968 3195 3069 3233 κ’οχ
3098 3185 3162 3232 de
3192 3179 3331 3233 ῡωιο
3359 3177 3503 3233 facta

1895 3282 1977 3326 est
2007 3287 2125 3342 quae
2163 3270 2369 3325 diceret
2406 3290 2419 3324 :
2451 3271 2528 3324 'l‘u
2585 3286 2643 3326 es
2680 3271 2849 3325 Filius
2874 3272 2960 3325 ille
2988 3287 3143 3327 meus
3172 3274 3425 3333 dilectus.
3449 3273 3503 3325 in

1899 3376 1948 3421 te
1971 3365 2352 3434 complacitum
2374 3374 2455 3419 est
2485 3365 2638 3419 mihi.
2675 3383 2692 3415 ι
2730 3364 3227 3419 Meritointerserit
3257 3366 3359 3419 hoc
3384 3365 3505 3418 loco

1893 3457 2227 3526 evangelista
2252 3457 2318 3511 de
2340 3456 2573 3523 Herode,
2595 3458 2747 3524 quasi
2770 3457 2823 3510 in
2856 3458 2998 3511 hunc
3026 3460 3243 3511 modum
3273 3458 3458 3511 dicens
3490 3479 3501 3513 :

1895 3550 2077 3604 'l‘urba
2127 3550 2345 3619 quidem
2387 3550 2516 3603 talia
2574 3552 2640 3603 de
2678 3549 2888 3604 Joanne
2923 3550 3222 3613 sentiebat,
3263 3548 3503 3603 Herodes

1896 3650 2081 3695 autem
2126 3657 2248 3693 cum
2283 3641 2780 3707 reprehenderetur
2803 3642 2871 3694 ab
2902 3656 2988 3705 eo,
3025 3642 3189 3693 etiam
3220 3644 3285 3694 ad
3320 3642 3504 3696 omnia

1895 3735 1999 3788 alia
2032 3734 2272 3788 facinora
2306 3733 2507 3803 adjecit
2538 3743 2595 3787 ut
2626 3734 2933 3787 includeret
2967 3734 3114 3787 illum
3160 3736 3212 3787 in
3248 3750 3492 3790 carcere.

1851 3864 1856 3869 -
1895 3826 2091 3881 Narrat
2137 3827 2323 3895 itaque
2366 3828 2480 3881 iure
2533 3830 2793 3880 miserum
2844 3827 2993 3881 illum
3027 3836 3081 3881 et
3128 3843 3500 3883 wrumuosum

1899 3920 2167 3983 indicans,
2203 3920 2648 3989 quandoquidem
2684 3920 2809 3973 talia
2863 3935 3032 3973 ausus
3087 3919 3287 3984 fuerat,
3347 3922 3505 3977 turba

1897 4022 2124 4077 tantam,
2148 4013 2459 4083 opinionem
2500 3994 2734 4067 itabetttc
2772 4014 2836 4067 de
2885 4013 3052 4084 296
3089 4013 3323 4068 Joanne.
3356 4014 3503 4085 Ape-

1896 4105 2037 4159 ritur
2085 4115 2266 4160 autem
2313 4107 2536 4171 coelum,
2575 4116 2630 4159 ut
2663 4116 3002 4161 monstretur
3034 4107 3190 4161 nobis
3224 4110 3368 4177 quod
3404 4108 3504 4163 ba-

1896 4200 2094 4265 ptisusa
2114 4190 2591 4267 aperiatnmnibus
2611 4200 2834 4261 omium,
2855 4199 2998 4267 quod
3016 4202 3188 4254 Adam
3211 4201 3503 4257 clauserat.

1895 4292 2189 4347 Descendit
2221 4299 2406 4346 autent
2441 4292 2677 4362 Spiritus
2727 4293 2779 4346 in
2833 4291 3041 4357 Jesum,
3079 4305 3136 4347 ut
3178 4312 3242 4349 ex
3272 4295 3374 4349 hoc
3427 4296 3510 4350 ili-

1893 4400 2113 4440 scamus
2145 4388 2289 4455 quod
2316 4396 2371 4439 et
2402 4385 2457 4439 in
2492 4401 2615 4449 nos,
2642 4401 2763 4439 cum
2785 4385 3154 4453 baptizamur,
3206 4387 3505 4457 descendat

1896 4477 2157 4548 Spiritus.
2191 4477 2378 4547 Neque
2410 4479 2555 4531 enim
2580 4476 2783 4545 Spiritu
2809 4476 3069 4531 Dominus
3090 4479 3504 4547 opusltabebat,

185 4566 248 4619 16
266 4567 493 4635 Πνεῦμα
514 4584 528 4599 ο
570 4570 631 4620 υὺ
668 4572 775 4640 γάρ
803 4571 866 4642 δὴ
895 4573 923 4623 6
958 4573 1160 4647 Κύριος
1184 4575 1363 4628 ἐδέετο
1394 4577 1488 4630 τοῦ
1522 4579 1789 4649 Πνεῦμα-

1898 4572 1991 4626 sed
2020 4572 2207 4625 omnia
2254 4581 2480 4641 propter
2514 4586 2613 4625 nos
2668 4570 2822 4636 facit,
2860 4576 2915 4625 et
2974 4571 3232 4640 primitiae
3290 4571 3407 4641 ipse
3447 4572 3508 4627 fit

186 4675 299 4723 τος.
348 4659 512 4713 Ἀλλὰ
551 4662 732 4716 πάντα
762 4664 830 4716 δι’
864 4667 1013 4733 ἡμᾶς
1039 4669 1203 4732 ποιεῖ,
1244 4670 1335 4722 καὶ
1368 4670 1593 4741 ἀπαρχὴ
1625 4672 1789 4737 αὐτὸς

186 4753 393 4820 γίνεται
452 4754 706 4820 πάντων,
760 4749 835 4809 ὧν
886 4759 1189 4828 ἐμέλλομεν
1246 4763 1409 4831 ἡμεῖς
1479 4762 1787 4832 λαμϐάνειν

188 4842 439 4914 εστερον,
472 4846 546 4909 ὡς
574 4847 641 4900 ἂν
672 4849 1018 4917 πρωτότοκος
1052 4852 1109 4902 ὲν
1166 4852 1381 4916 πολλοῖς
1415 4854 1662 4924 ἀδελφοῖς
1690 4857 1784 4923 γέ-

188 4951 384 5006 νηται·
438 4937 515 5001 ὡς
564 4940 869 5013 περιστερά
890 4942 969 5009 δὲ,
1021 4942 1109 5019 ἵνα
1145 4944 1407 5016 μάθωμεν
1460 4949 1542 5001 ὅτι
1571 4950 1783 5021 πράους

187 5030 343 5113 ἡμᾶςή
370 5025 511 5084 εἶναι
544 5031 741 5086 δεῖκαὶ
772 5034 1047 5106 καθαρούς
1071 5054 1083 5065 ·
1118 5038 1212 5091 καὶ
1237 5040 1319 5092 ὅτι
1346 5040 1537 5112 ῶσπερ
1566 5042 1659 5095 ἐπὶ
1692 5043 1784 5096 τοῦ

184 5118 332 5187 Νῶε,
393 5126 698 5196 περιστερά
752 5128 990 5196 ἐμήνυσε
1025 5130 1121 5198 τὴν
1150 5131 1499 5184 κατάπαυσιν
1554 5134 1653 5203 τῆς
1688 5134 1783 5187 τοῦ

184 5212 324 5267 Θεοῦ
357 5214 549 5285 ὀργῆς,
582 5216 725 5270 οὕτω
770 5221 863 5273 καὶ
908 5221 1164 5288 ἐνταῦθα,
1200 5223 1259 5277 16
1290 5225 1511 5295 Πνεῦμα
1541 5226 1601 5278 16
1629 5226 1786 5295 ἅγιον

186 5308 529 5376 κατήλλαξεν
560 5312 708 5379 ἡμᾶς
749 5312 826 5381 τῷ
868 5314 1017 5384 Θεῷ,
1053 5317 1443 5387 κατακλυσμὸν
1476 5320 1573 5388 τῆς
1599 5320 1785 5391 ἁμαρ-

186 5401 309 5463 τίας
371 5404 774 5472 ποιησάμενον·
840 5408 933 5459 καὶ
974 5408 1101 5470 Υἱὸς
1146 5408 1201 5461 δὲ
1240 5412 1450 5475 ἀκούει,
1504 5412 1654 5484 παρὰ
1690 5415 1785 5467 τοῦ

190 5492 408 5563 Πατρδς
435 5496 751 5569 ἐνεχθείσης
784 5500 881 5568 τῆς
912 5502 1121 5572 φωνῆς,
1173 5504 1388 5567 δεικνὺς
1416 5506 1498 5558 ὃτι
1534 5508 1628 5559 καὶ
1660 5509 1792 5577 ἡμῖν

193 5586 640 5655 βαπτιζομένοῖς,
673 5591 772 5659 τὴν
816 5592 1091 5646 υἱοθεσίαν
1138 5596 1430 5667 ἐχαρίσατο
1496 5600 1584 5651 Ἐν
1614 5604 1690 5654 σοὶ
1738 5599 1793 5653 δὲ

191 5677 488 5745 εὺδόκησα,
531 5681 649 5732 ἀντὶ
684 5682 800 5747 τοῦ,
832 5684 1248 5757 ὲπανεπαύῦην.

268 5863 316 5892 "
357 5858 495 5918 Gen.
526 5878 642 5929 vui,
676 5866 758 5920 li.

1898 4665 2141 4719 Omnium
2172 4678 2291 4731 quze
2324 4679 2427 4719 nos
2463 4664 2738 4734 sumpturi
2788 4680 2982 4722 sumus
3030 4664 3283 4735 postbac,
3317 4674 3375 4718 ut
3415 4668 3509 4721 ttat

1900 4757 2304 4827 primogenitus
2351 4756 2404 4810 in
2436 4758 2625 4812 multis
2658 4758 2944 4817 fratribus.
2988 4759 3049 4813 In
3088 4759 3274 4828 specie
3321 4769 3505 4814 autem

1896 4849 2160 4904 columba
2181 4851 2483 4915 descendit,
2517 4852 2865 4907 utdiscamus
2899 4853 3042 4921 quod
3072 4863 3389 4907 mansuetos
3408 4869 3507 4908 nos

1894 4956 2015 4998 esse
2034 4950 2310 5012 Oporteat,
2340 4958 2404 4997 ac
2434 4944 2683 4996 mundos.
2715 4943 2784 4997 Et
2818 4942 2959 4998 sicut
2991 4952 3239 5011 tempore
3266 4944 3377 4997 Noe
3408 4960 3503 4998 en-

1893 5030 2077 5089 lumba
2124 5034 2754 5105 signiﬁcavitquievisse
2802 5036 2939 5089 iram
2971 5035 3066 5089 Dei
3094 5036 3160 5100 υ,
3195 5037 3273 5089 sic
3314 5048 3365 5089 ct
3403 5038 3503 5091 hoc

1889 5127 2010 5183 loco
2036 5126 2278 5196 Spiritus
2304 5137 2529 5183 sanctus
2552 5128 2863 5183 conciliavit
2894 5144 2993 5183 nos
3033 5133 3163 5198 Deo,
3202 5130 3347 5184 facto
3375 5146 3505 5199 pec-

1886 5223 1993 5278 cati
2016 5221 2241 5277 diluvio.
2271 5203 2338 5276 Εἰ
2369 5222 2538 5278 Filius
2562 5223 2763 5277 audita
2812 5220 2974 5277 Patre
3034 5238 3227 5277 vocem
3258 5223 3504 5287 allatam,

1891 5328 2208 5373 monstrans
2238 5319 2380 5385 quod
2410 5326 2464 5372 ct
2496 5318 2659 5373 nobis
2698 5320 2789 5386 qui
2832 5318 3197 5386 baptizamur,
3254 5319 3503 5387 adoptio-

1886 5422 2010 5464 nam
2042 5408 2274 5463 filiorum
2307 5408 2397 5463 Dei
2421 5408 2649 5477 largitus
2672 5410 2765 5463 sit.
2800 5408 2857 5463 In
2894 5419 2944 5463 te
2970 5410 3107 5463 bene
3137 5409 3396 5479 placitum
3422 5416 3504 5461 est

1898 5500 2054 5567 mihi,
2090 5502 2195 5556 hoc
2226 5510 2331 5569 est,
2364 5502 2413 5557 in
2441 5512 2492 5557 te
2520 5503 2757 5573 quietem
2788 5502 2994 5574 oeci-pi.
