4272 6438
255 407 367 473 765

974 407 1417 469 ENARRATIO
1450 410 1527 469 1N
1584 409 2084 472 EVANGELiUM
2114 412 2351 473 LUCIE.
2389 437 2455 448 -
2483 414 2643 475 CAP.
2692 415 2788 476 IV.

3442 410 3549 476 746

254 526 414 581 τοῦτο
446 520 713 595 ἐγεννήθη
752 522 782 574 ό
813 518 1019 590 Κύριος
1054 522 1144 576 (va
1182 523 1277 580 καὶ
1316 520 1480 590 φύσιν
1534 524 1630 577 καὶ
1685 522 1840 595 νόμον

1959 524 2134 578 trarii.
2166 524 2452 581 Mattbmus
2483 526 2629 581 enim
2664 526 2968 582 naturalem
2994 536 3202 596 patrem
3229 527 3431 599 .loseph
3456 533 3544 586 de-

258 616 486 685 ἁγιάσῃ.

1960 618 2203 685 scripsit,
2228 618 2404 674 Lucas
2429 630 2613 674 autem
2639 619 2864 690 legalem
2898 630 2952 675 et
2982 623 3285 692 putativuin
3312 632 3545 693 patrem.

255 713 358 766 hoc
385 720 491 774 est,
525 705 685 763 Heli:
716 715 775 761 ut
813 711 975 763 ambo
1004 708 1293 762 ostendant
1318 710 1459 777 quod
1493 716 1718 779 propter
1745 708 1848 762 lioc
1889 717 2047 764 natus
2081 710 2153 765 sit
2184 710 2468 780 Dominus,
2510 722 2569 768 ut
2625 721 2680 768 et
2745 724 2996 769 naturain
3037 724 3091 769 et
3128 715 3300 784 legem
3349 717 3551 773 sancti-

259 804 408 859 licet.

822 918 1075 972 ΚΕΦΑΛ.
1128 920 1183 971 Δ⁰

248 1031 391 1097 Περὶ
414 1031 705 1099 νηστείας
730 1033 826 1089 καὶ
858 1046 1196 1100 πειρασμου
1222 1030 1329 1101 τοῦ
1376 1030 1676 1099 Σωτῆρος.
1706 1034 1844 1101 Περὶ

323 1100 840 1183 Ἰησσῦιάχθόιτος
872 1100 1454 1183 ὑπὸ-τῶνξιοιπόιιίων
1477 1105 1654 1183 εἰς’-τύ
1671 1100 1844 1183 ’ὄρος-Σ

323 1175 421 1225 καὶ
460 1169 559 1224 διὰ
592 1169 804 1252 ίμέσρυ
866 1170 1066 1252 (fi:th
1097 1171 1488 1252 _6ts.l_(‘36r_t0(;.
1548 1169 1843 1252 ﬂspi‘rqﬁ

319 1244 572 1311 ἔχοντος
605 1244 841 1310 πνεῦμα
872 1243 1200 1308 δαιμονίου.
1234 1243 1371 1307 Περὶ
1402 1243 1511 1309 τῆς
1551 1243 1845 1310 πενθερᾶς

323 1314 571 1380 Πέτρου.
606 1315 741 1381 Περὶ
774 1312 891 1365 τῶν
941 1312 1228 1367 ἐαθέντων
1250 1314 1371 1367 ἀπὸ
1409 1318 1698 1366 ποικίλων
1743 1317 1841 1367 νό-

321 1399 470 1437 σων.

327 1495 568 1566 «Ἰησοῦς
592 1495 649 1548 δὲ
684 1495 1000 1566 Πνεύματος
1035 1496 1191 1564 ἁγίου
1226 1498 1463 1568 πλήρης,
1501 1498 1839 1567 ὑπέστρεψεν

247 1587 361 1639 ἀπὸ
410 1588 505 1640 τοῦ
538 1586 837 1656 Ἰορδάνου·
872 1589 967 1640 καὶ
1012 1588 1177 1657 ἡγετο
1210 1589 1266 1641 ὲν
1315 1589 1389 1658 τῷ
1436 1589 1710 1657 πνεύματι
1760 1591 1840 1653 εἰς

246 1674 349 1742 τὴν
374 1671 601 1743 ἔρημον,
637 1674 849 1744 ἡμέρας
870 1677 1281 1747 τεσσαράκοντα
1311 1679 1708 1747 πειραζόμενος
1734 1681 1839 1733 ὑπὸ

242 1762 344 1816 τοῦ
375 1763 620 1817 διαϐόλου
640 1781 658 1796 ‘
696 1768 788 1819 καὶ
818 1767 917 1819 οὑκ
946 1767 1151 1836 ἔφαγεν
1184 1768 1333 1821 οὐδὲν
1365 1771 1423 1823 ὲν
1454 1774 1573 1834 ταῖς
1606 1773 1840 1843 ἡμέραις

2568 916 2800 973 CAPUT
2834 916 2922 973 IV.

1948 1039 2247 1107 Derjeium'o
2275 1048 2323 1090 et
2347 1047 2637 1090 lentatione
2670 1034 2983 1089 Saluatoris.
3022 1034 3095 1087 De
3121 1034 3249 1088 Jesu
3286 1054 3316 1088 a
3337 1035 3546 1089 Judwii

2023 1100 2075 1162 i'u
2103 1100 2346 1162 montem
2383 1109 2631 1168 abducto,
2669 1116 2715 1158 et
2752 1121 2842 1169 per
2875 1108 3103 1158 medium
3160 1121 3340 1159 eorum
3376 1119 3550 1159 tram-

2018 1190 2192 1232 ermte.
2235 1180 2308 1231 De
2340 1180 2545 1231 obsesso
2593 1195 2622 1228 a
2655 1178 2911 1229 dwmoue.
2962 1176 3039 1229 De
3066 1179 3235 1245 |socru
3268 1177 3432 1231 Petri.
3478 1176 3552 1229 De

2021 1250 2088 1303 iis
2113 1252 2204 1319 qui
2235 1250 2412 1302 sanati
2441 1257 2561 1302 sunt
2597 1264 2628 1299 α
2663 1246 2823 1300 variis
2861 1247 3077 1300 morbis.

2019 1495 2182 1550 Vens.
2216 1494 2368 1549 1-19..
2405 1514 2421 1545 ι
2460 1494 2621 1550 Jesus
2656 1510 2839 1550 autem
2872 1497 3063 1565 plenus
3112 1494 3321 1566 Spiritu
3354 1506 3545 1549 sam-to

1944 1603 2228 1657 regressus
2263 1597 2344 1640 est
2370 1603 2397 1639 a
2432 1585 2691 1647 Jordanc,
2741 1596 2794 1640 et
2844 1600 2998 1642 actus
3042 1598 3125 1641 est
3162 1603 3257 1657 per
3288 1589 3542 1657 Spiritum

1949 1679 2004 1733 in
2052 1680 2352 1739 desertum,
2409 1692 2471 1729 ac
2522 1679 2712 1731 diebus
2757 1679 3117 1748 quadraginta
3170 1681 3481 1733 tentabatur
3515 1697 3544 1732 a

1954 1768 2165 1823 diabolo
2205 1789 2217 1823 :
2273 1769 2514 1838 nihilque
2545 1770 2780 1823 comedit
2807 1770 2858 1823 in
2908 1771 3100 1825 diebus
3136 1771 3263 1827 illis.
3317 1772 3381 1826 Et
3414 1788 3544 1827 con-

244 1854 515 1918 ὲκείναις’
558 1858 653 1910 καὶ
686 1859 1145 1912 συντελεσθεισῶν
1179 1862 1379 1926 αὑτῶν,
1428 1862 1657 1932 ὕστερον
1688 1866 1840 1917 ὲπεί-

1947 1859 2236 1912 snmmatis
2270 1858 2376 1911 illis
2420 1859 2615 1913 deinde
2652 1860 2886 1929 esuriit,
2924 1860 3068 1914 Dixit
3106 1872 3286 1915 autem
3324 1864 3396 1917 illi
3431 1863 3545 1917 dia-

244 1963 379 1999 νασε
402 1963 415 1975 ⁸
448 1948 541 2000 καὶ⁵
563 1945 719 2001 εἶπεν
736 1952 885 2022 αὐτῷ
904 1953 932 2005 ό
953 1951 1197 2017 διάϐολος
1221 1968 1235 1981 ·
1267 1954 1327 2007 Εἰ
1360 1955 1469 2017 υίὸς
1494 1950 1543 2007 εἷ
1568 1955 1661 2008 τοῦ
1679 1956 1839 2021 Θεοῦ,

245 2037 368 2090 εἰπὲ
398 2038 476 2108 τῷ
509 2039 643 2111 λίθῳ
691 2042 890 2111 τούτῳ,
946 2043 1033 2098 ἵνα
1064 2046 1291 2115 γένηται
1323 2046 1488 2115 ἄρτος
1509 2065 1522 2077 ·
1574 2051 1669 2101 καὶ
1727 2050 1837 2101 άπ-

236 2130 442 2199 εκρίθη
475 2131 681 2204 Ἰησοῦς
713 2135 845 2205 πρὸ,
873 2137 1054 2201 αὑτὸν,
1104 2136 1279 2205 λέγων
1319 2153 1330 2165 ·
1366 2138 1709 2208 Γέγραπται,
1758 2142 1839 2194 ὅτι

242 2222 349 2275 σέ).
373 2226 459 2275 ἐπ’
491 2226 643 2297 ἄρτῳ
666 2230 812 2299 μόνῳ
830 2228 1057 2298 ζήσεται
1087 2231 1396 2303 ἄνθρωπος,
1422 2233 1539 2286 ἀλλ’
1561 2237 1651 2286 ἐπὶ
1676 2234 1842 2287 παντὶ

245 2318 459 2389 {ﬁant
511 2318 671 2372 Θεοῦ.
730 2322 837 2375 Καὶ
887 2323 1181 2392 ἀναγαγὼν
1221 2326 1384 2378 αὑτὸν
1420 2328 1449 2379 ό
1482 2327 1727 2391 διάϐολος
1759 2330 1839 2391 εἰς

246 2406 377 2479 ερος
414 2408 638 2479 ὑψηλὸν,
673 2410 873 2475 ἔδειξεν
912 2414 1063 2483 αὑτῷ
1095 2418 1273 2479 πάσας
1304 2416 1404 2480 τὰς
1437 2416 1719 2487 βασιλείας
1741 2420 1841 2489 τῆς

242 2500 574 2572 οἰκουμένης
616 2504 675 2555 ὲν
720 2507 923 2575 στιγμῇ
973 2507 1194 2577 χρόνου,
1256 2510 1353 2562 καὶ
1411 2505 1569 2563 εἷπεν
1621 2510 1771 2581 αὑτῷ
1812 2514 1841 2565 ό

238 2592 491 2658 διάϐολος
521 2610 537 2622 ·
575 2596 664 2649 Σοί
701 2597 859 2651 δώσω
909 2599 1008 2671 τὴν
1053 2600 1303 2664 ἐξουσίαν
1359 2602 1565 2673 ταύτην
1593 2602 1837 2668 ἃπασαν,

243 2690 343 2741 καὶ
367 2690 466 2759 τὴν
490 2689 648 2757 δόξαν
680 2692 880 2757 αὑτῶν,
914 2694 995 2747 ὅτι
1045 2696 1171 2765 ἐμοὶ
1215 2698 1598 2766 παραδέδοται,
1653 2702 1746 2752 καὶ
1795 2694 1841 2769 ᾧ

243 2782 344 2833 ἐὰν
395 2780 533 2837 θέλω
566 2784 759 2854 δίδωμι
798 2787 968 2858 αὑτήν
999 2800 1014 2815 ·
1076 2788 1142 2840 σὺ
1174 2785 1267 2842 οὖν
1314 2791 1408 2843 ἐὰν
1452 2792 1841 2867 προσκυνήσῃς

240 2872 475 2927 ἐνώπιόν
498 2893 622 2946 μου,
656 2877 807 2931 ἔσται
840 2897 934 2932 σου
972 2882 1153 2934 πᾶσα·
1196 2881 1292 2935 καὶ
1328 2883 1655 2954 ἀποκριθεὶς
1686 2880 1840 2939 εἶπεν

240 2966 396 3035 αὑτῷ
423 2970 451 3019 6
480 2967 725 3038 Ἰησοῦς*
757 2970 978 3039 ’Υπαγε
1009 2972 1186 3027 ὀπίσω
1221 2992 1344 3045 μου,
1369 2976 1608 3031 Σατανᾶν
1637 2980 1842 3050 γέγρα-

242 3075 377 3110 πται
406 3060 546 3129 γάρ·
586 3060 995 3133 Προσκυνήσεις
1034 3065 1241 3136 Κύριον
1281 3068 1374 3121 τὸν
1404 3067 1537 3121 Θεόν
1569 3087 1695 3137 σου,
1743 3072 1841 3125 καὶ

1944 1950 2134 2005 bolus:
2165 1951 2219 2003 Si
2255 1952 2397 2005 tilius
2448 1966 2506 2005 es
2541 1950 2654 2017 Dei,
2688 1951 2775 2006 dic
2802 1952 2967 2019 lapidi
2994 1952 3120 2007 huic
3154 1965 3211 2007 ut
3239 1956 3393 2023 pauis
3428 1954 3542 2010 flat.

1944 2045 2009 2098 Et
2042 2046 2319 2113 respondit
2351 2046 2417 2098 ad
2446 2045 2593 2098 illum
2628 2044 2807 2110 Jesus,
2860 2048 3049 2101 dicens
3089 2066 3099 2100 :
3137 2048 3413 2118 Scriptum
3441 2062 3541 2113 est,

1946 2137 2061 2192 Non
2094 2140 2147 2192 in
2210 2139 2326 2192 solo
2378 2148 2516 2208 pane
2551 2140 2688 2192 vivct
2742 2142 2924 2206 homo,
2959 2141 3050 2194 sed
3107 2141 3335 2197 inomni
3381 2146 3547 2197 verbo

1946 2231 2060 2285 Dei.
2094 2231 2436 2285 Etsultduxit
2458 2231 2875 2286 illuindiabolus
2896 2233 2946 2286 in
2977 2245 3215 2289 montem
3245 2237 3543 2298 excelsum,

1940 2330 1996 2377 et.
2036 2322 2274 2377 ostendit
2303 2323 2376 2376 illi
2417 2324 2599 2378 omnia
2641 2339 2802 2394 regna
2837 2325 2988 2379 orbis
3049 2336 3211 2381 terrae
3247 2324 3296 2381 in
3344 2340 3547 2399 puncto

1945 2414 2205 2484 temporis
2232 2432 2247 2483 ;
2273 2424 2327 2469 et
2356 2415 2433 2469 ait
2463 2415 2538 2469 illi
2559 2416 2811 2471 diabolus
2844 2435 2859 2470 :
2897 2415 3021 2472 Tibi
3054 2419 3193 2473 dabo
3217 2432 3547 2489 potestatem

1944 2508 2087 2562 hanc
2116 2509 2428 2563 universam
2454 2517 2508 2563 ct
2539 2508 2769 2579 gloriam
2825 2509 3064 2575 illorum,
3099 2513 3225 2582 quia
3262 2515 3393 2568 mibi
3428 2522 3546 2570 tre-

1945 2598 2055 2651 dita
2102 2606 2205 2662 est,
2260 2609 2317 2653 et
2368 2599 2675 2669 cuicunque
2715 2601 2846 2655 volo
2900 2602 2968 2656 do
3001 2601 3145 2656 illam
3182 2623 3194 2657 :
3235 2613 3287 2657 tu
3342 2622 3472 2677 ergo
3502 2609 3546 2662 si

1945 2690 2262 2745 adoraveris
2294 2691 2612 2761 provolutus
2640 2709 2825 2747 coram
2859 2711 2963 2758 me,
2998 2707 3158 2750 erunt
3202 2710 3289 2751 tua
3338 2700 3543 2754 omnia.

1945 2782 2013 2837 Et
2038 2783 2571 2853 respoudensJesus,
2600 2786 2735 2838 dixit
2758 2786 2831 2840 illi
2861 2805 2874 2840 :
2908 2789 3006 2841 Abi
3035 2800 3279 2857 postme,
3305 2791 3547 2861 Satana;

1945 2874 2205 2943 scriptum
2234 2888 2316 2931 est
2339 2877 2484 2931 enim
2521 2896 2531 2927 :
2562 2878 2829 2933 Adorabis
2856 2878 3144 2935 Dominum
3171 2882 3338 2937 Deum
3370 2895 3546 2950 tuutn,

1947 2976 1999 3020 et
2025 2966 2174 3021 illum
2199 2968 2375 3022 solum
2408 2971 2575 3025 coles.
2613 2969 2677 3026 Et
2709 2973 2862 3029 duxit
2904 2975 3050 3030 illum
3086 2976 3543 3050 Hierosolymam,

1946 3060 2247 3129 statuitque
2287 3077 2408 3115 eum
2442 3079 2603 3131 super
2636 3064 2859 3133 pinnam
2901 3069 3123 3135 templi;
3174 3081 3227 3124 et
3262 3071 3401 3126 dixit
3430 3072 3542 3126 illi:

241 3150 395 3222 αὑτῴ
427 3154 573 3224 μόνῳ
593 3153 931 3226 λατρεύσεις.
969 3158 1079 3211 Kal
1108 3158 1318 3230 ἢγαγεν
1343 3161 1505 3215 αὑτὸν
1526 3164 1607 3226 είς
1636 3165 1838 3234 ἰερουο

1950 3147 2006 3204 Si
2034 3149 2173 3205 (ilius
2218 3151 2311 3208 Dei
2339 3170 2417 3219 es,
2457 3156 2610 3211 mitte
2644 3168 2694 3211 te
2729 3157 2905 3227 ipsum
2940 3158 3070 3214 hinc
3096 3161 3374 3229 deorsum,
3411 3168 3548 3219 scri-

244 3242 452 3313 σαλὴμ,
492 3245 586 3299 καὶ
620 3246 848 3317 ἔστησεν
880 3249 1044 3302 αὑτὸν
1074 3251 1167 3304 ἐπὶ
1208 3253 1272 3305 τὸ
1304 3255 1601 3325 πτερύγιον
1631 3257 1726 3310 τοὺ
1761 3259 1836 3310 is-

244 3333 368 3405 ροῦ,
422 3336 515 3389 καὶ
564 3334 720 3392 εἶπεν
781 3341 966 3412 αὑτῷ·
1015 3343 1081 3396 Ei
1137 3345 1251 3409 υίὸς
1285 3342 1336 3400 si
1384 3348 1477 3400 τοῦ
1514 3348 1671 3413 Θεοῦ,
1704 3350 1835 3420 βάλε

239 3432 470 3477 σεαυτόν
522 3427 775 3483 ἐντεῦθεν
823 3430 1009 3485 κάτω·
1051 3435 1360 3505 γέγραπται
1415 3440 1548 3508 γὰρ,
1600 3442 1682 3494 ὅτι
1712 3444 1836 3507 Τοῖς

240 3518 499 3586 ἀγγέλοις
521 3521 687 3575 αὑτοῦ
719 3524 1014 3579 ἐντελεῖται
1052 3530 1181 3599 περὶ
1234 3531 1349 3597 σοῦ,
1383 3533 1476 3584 τοῦ
1505 3534 1835 3601 διασυλάξαι

240 3626 340 3661 σε’
380 3612 475 3663 καὶ
515 3614 609 3665 ἐπὶ
656 3617 858 3687 χειρῶν
910 3618 1103 3689 ἀροὺσί
1144 3636 1224 3684 σε,
1265 3623 1477 3692 μήποτε
1512 3628 1834 3698 προσκόψῃς

243 3702 385 3772 πρὸς
404 3702 547 3757 λίθον
572 3707 663 3758 τὸν
694 3707 833 3761 πόδα
879 3727 996 3764 σου.
1037 3712 1149 3764 Καὶ
1184 3714 1504 3785 ἀποκριθεὶς
1553 3714 1709 3771 εἶπεν
1740 3722 1837 3772 αὑ-

242 3793 323 3864 τῷ
366 3797 395 3849 δ
428 3797 662 3868 Ἰησοῦς,
711 3803 791 3855 ὅτι
821 3803 1071 3873 Εἴρηται,
1104 3806 1218 3859 Οὑκ
1241 3810 1595 3879 ἐκπειράσεις
1632 3812 1834 3883 Κύριον

240 3887 337 3938 τόν
367 3887 501 3942 Θεόν
529 3908 677 3945 σου.)
704 3893 1039 3967 Ἐϐαπτίσθη
1076 3903 1173 3966 μὲν
1199 3903 1225 3952 6
1250 3900 1477 3969 Κύριος,
1511 3903 1599 3956 ἵνα
1627 3906 1835 3979 ἁγιάσῃ

238 3979 312 4031 τὰ
338 3978 527 4046 ὕδατα,
547 3983 616 4035 δι’
646 3986 792 4053 ἡμᾶς
834 3990 960 4051 τοὺς
987 3990 1282 4057 μέλλοντας
1326 3993 1428 4062 τῆς
1450 3996 1671 4063 χάριτος
1698 3998 1835 4049 ἁπο-

239 4070 498 4126 λαύσεινο
538 4077 677 4143 μετὰ
714 4078 770 4129 δὲ
812 4078 870 4132 τὸ
921 4078 1311 4152 βαπτισθῆναι,
1347 4086 1683 4157 ἀναφέρεται
1730 4090 1835 4142 ὑπὸ

239 4166 337 4216 τοῦ
362 4164 675 4237 πνεύματος
699 4173 778 4234 είς
819 4171 944 4240 ὅρος
968 4173 1199 4243 ἔρημον.
1254 4177 1327 4230 Τὸ
1357 4180 1466 4247 γὰρ
1520 4180 1745 4250 Πνεῦμα
1774 4184 1835 4237 τὸ

237 4252 397 4320 ἅγιον
423 4256 618 4327 ἑνῆγεν
639 4261 803 4313 αὑτὸν
829 4264 906 4324 εἰς
930 4264 1023 4315 τὸν
1044 4266 1183 4317 κατὰ
1215 4266 1307 4319 τοῦ
1351 4268 1598 4323 διαϐόλου
1621 4273 1829 4340 ἀγῶνα.

238 4346 333 4410 El;
372 4348 577 4419 ἔρημον
604 4356 662 4405 δε
687 4359 928 4421 ἀπειοιν,
974 4356 1061 4409 ἵνα
1103 4357 1251 4430 δώσῃ
1284 4360 1451 4432 λαϐὴν
1494 4366 1574 4433 τῷ
1601 4365 1833 4438 διαϐόλῳ

235 4438 337 4491 τοῦ
367 4440 653 4495 ἐπιθέσθαι
682 4445 832 4515 αὑτῷ
853 4464 866 4476 ·
895 4448 989 4499 κάὶ
1010 4450 1121 4517 γὰρ
1158 4450 1396 4519 μάλιστα
1422 4456 1833 4526 μεμονωμένοις

234 4532 543 4590 ἐπιτίθεται
575 4538 705 4606 ἡμῖν
728 4554 741 4567 ·
768 4542 1180 4610 τεσσαράκοντα
1212 4543 1267 4595 δὲ
1302 4546 1517 4617 ἡμέρας
1554 4551 1829 4619 νηστεύει,

237 4624 334 4674 καὶ
394 4625 494 4695 οὑχ
554 4625 876 4697 ὑπερϐαίνει
924 4630 983 4681 τὸ
1036 4633 1238 4703 μέτρον
1299 4636 1400 4705 τῆς
1447 4638 1694 4703 Μωσέως
1736 4643 1830 4695 καὶ

247 4712 430 4768 Ἦλιοὺ
466 4719 739 4789 νηστείας,
776 4722 863 4773 ἵνα
897 4720 973 4791 μὴ
1013 4722 1159 4796 δώσῃ
1199 4726 1277 4796 τῷ
1304 4726 1523 4800 Σατανᾴ
1576 4732 1831 4787 ἐντεῦθεν

230 4806 334 4878 ἤδη
366 4808 625 4864 ὑπόνοιαν
644 4813 726 4866 ὅτι
748 4812 951 4881 μείζων
975 4817 1093 4869 ἐστί
1122 4818 1329 4871 τούτων
1346 4836 1357 4848 ·
1386 4821 1524 4875 ἀλλὰ
1546 4826 1828 4898 προσϐάλῃ

233 4901 404 4970 αὐτῷ,
442 4904 682 4973 νομίζων
709 4906 790 4957 ὅτι
842 4908 933 4959 καὶ
964 4908 1126 4972 αὑτὸς
1162 4909 1449 4981 ἄνθρωπός
1479 4918 1629 4970 ἐστιν
1652 4936 1664 4949 ο
1711 4922 1828 4989 ἃμα

230 4991 291 5047 δὲ
334 4998 429 5047 καὶ
481 4996 571 5051 ἵνα
600 5002 676 5069 μὴ
712 4998 854 5051 κατὰ
911 5003 1215 5068 φαντασίαν
1263 5004 1390 5076 δόξῃ
1448 5010 1823 5081 σαρκωθῆναι.

230 5086 388 5139 Μετὰ
417 5087 479 5139 τὸ
503 5088 867 5159 βάπτισμαᾶ
904 5094 1247 5163 πειράζεται,
1278 5096 1543 5153 δεικνύων
1576 5105 1708 5173 ἡμῖν
1743 5105 1825 5159 ὄτι

236 5178 379 5246 μετὰ
424 5180 483 5232 τὸ
527 5181 810 5251 βάπτισμα
847 5184 1155 5250 ἐκδέξονται
1184 5188 1333 5257 ἡμᾶς
1362 5196 1696 5263 πειρασμοξ’
1730 5214 1824 5265 νη-

233 5272 414 5324 στεύει
459 5272 537 5336 δὶ,
568 5273 704 5326 διότι
737 5276 879 5344 μέγα
914 5277 1079 5334 ὅπλον
1137 5281 1195 5330 ἐν
1242 5284 1352 5343 τοῖς
1402 5291 1735 5356 πειρασμοῖς
1790 5292 1824 5361 η

226 5364 472 5435 νηστεία,
494 5368 588 5419 καὶ
611 5366 698 5420 ὅτι
724 5368 865 5437 μετὰ
884 5370 945 5422 τὸ
964 5370 1249 5442 βάπτισμα
1270 5377 1361 5428 καὶ
1381 5379 1531 5447 ἡμᾶς
1561 5381 1622 5432 οὑ
1641 5388 1822 5456 τρυφῇ

222 5457 309 5513 δεῖ
335 5457 561 5521 διδόναι,
608 5460 747 5514 ἀλλὰ
777 5464 1005 5533 νηστεία
1025 5479 1038 5493 '
1106 5467 1439 5535 προσϐάλλει
1472 5469 1565 5523 οὖν
1611 5475 1762 5547 αὑτῷ
1794 5479 1823 5529 ὁ

223 5552 444 5622 ιχθρὸς,
505 5553 723 5623 πρῶτον
751 5557 859 5608 ἀπὸ
887 5557 989 5626 τῆς
1020 5564 1488 5633 γαστριμαργίας,
1526 5566 1585 5631 ἐξ
1616 5563 1708 5641 ἦςῖ
1728 5572 1821 5627 καὶ

227 5642 306 5712 τῷ
350 5643 527 5714 Ἀδάμ
548 5660 563 5673 °
593 5640 713 5698 εἶτα
748 5648 855 5701 ἀπὸ
889 5650 988 5720 τῆς
1032 5653 1492 5725 φιλοχρηματίας,
1529 5662 1821 5731 ὑποδείξας

222 5734 380 5805 αὑτῷ
405 5739 585 5803 πάσας
623 5740 722 5805 τὰς
745 5740 1023 5810 βασιλείας
1051 5764 1062 5775 ·
1096 5749 1210 5812 πῶς
1237 5752 1295 5805 δὲ
1339 5752 1587 5822 ὑπέδειξε
1613 5776 1628 5823 ;
1663 5759 1822 5823 Τινὲς

231 5826 332 5898 μὶν
379 5827 628 5899 λέγουσιν
678 5834 760 5887 ὅτι
816 5838 957 5891 κατὰ
993 5838 1235 5895 διάνοιαν
1288 5846 1437 5919 αὑτῷ
1467 5848 1821 5922 ὑπεστήσατο

495 5926 766 5989 Pauor"
817 5930 938 5995 Gtt.
985 5934 1264 6001 CXXIII.

1949 3252 2100 3314 ptum
2127 3256 2212 3301 est
2256 3247 2422 3313 enim,
2465 3248 2687 3319 Angelis
2724 3252 2839 3306 suis
2885 3255 3165 3309 mandavit
3206 3257 3272 3311 de
3302 3268 3372 3323 te,
3400 3268 3456 3313 et
3494 3261 3546 3312 iu

1947 3339 2198 3394 manibus
2247 3342 2437 3395 tollent
2471 3352 2542 3407 te,
2576 3359 2639 3397 ne
2669 3343 2915 3399 oiTendas
2949 3348 3015 3400 ad
3060 3347 3293 3417 lapidem
3347 3353 3543 3419 pedem

1946 3430 2114 3501 298
2145 3446 2316 3487 tuum.
2369 3434 2432 3488 Et
2467 3438 2807 3505 respondens
2838 3437 3001 3494 Jesus
3050 3441 3126 3494 ait
3159 3443 3235 3496 illi
3282 3463 3294 3498 :
3337 3446 3545 3501 Dictum

1945 3535 2050 3590 est,
2087 3523 2205 3579 Non
2226 3528 2461 3581 tentabis
2489 3529 2772 3584 Dominum
2794 3533 2961 3586 Deutn
2992 3543 3196 3588 tuum.»
3227 3536 3546 3609 Baptizatus

1945 3628 2030 3673 est
2076 3617 2357 3686 Dominus,
2419 3632 2475 3674 ut
2532 3623 2901 3680 sanctilicaret
2949 3642 3120 3697 aquas
3164 3643 3387 3701 propter
3423 3650 3544 3695 nos.

1946 3711 2037 3780 qui
2068 3712 2299 3781 gratiam
2335 3718 2679 3770 consecuturi
2708 3733 2927 3773 eramus
2957 3738 2970 3773 :
3029 3738 3215 3777 verum
3254 3739 3544 3798 postquam

1946 3803 2253 3874 baptizatus
2277 3813 2381 3872 est,
2412 3805 2583 3861 fertur
2610 3824 2639 3862 a
2659 3810 2851 3879 spiritu
2880 3814 2931 3865 in
2962 3825 3203 3869 montem
3240 3819 3541 3875 desertum.

1950 3895 2182 3966 Spiritus
2200 3899 2346 3952 enim
2371 3908 2593 3956 sanctus
2615 3902 2852 3957 ducebat
2875 3919 2998 3958 eum
3027 3908 3094 3962 ad
3126 3923 3403 3968 certamen
3423 3930 3546 3969 cum

1946 3990 2185 4045 diabolo.
2243 3989 2392 4046 Unde
2423 4003 2477 4046 et
2510 3993 2564 4047 in
2601 3996 2881 4051 desertum
2915 4000 3047 4067 abit,
3088 4015 3145 4057 ut
3195 4005 3417 4063 diabolo
3457 4011 3549 4063 det

1945 4095 2135 4135 ansam
2169 4083 2460 4138 insidiandi
2486 4086 2629 4141 sibi:
2664 4092 2897 4147 maxime
2924 4095 3068 4148 enim
3090 4112 3214 4151 cum
3247 4101 3352 4155 soli
3378 4101 3541 4157 fueri-

1945 4188 2085 4239 mus,
2138 4176 2383 4230 insidiari
2416 4180 2573 4233 solet.
2614 4184 2685 4233 At
2716 4182 2975 4253 jejunans
3013 4188 3131 4245 dies
3160 4196 3545 4265 quadraginta,

1948 4280 2260 4322 mensuram
2291 4271 2484 4341 jojunii
2524 4274 2689 4329 Mosis
2717 4289 2769 4330 ct
2810 4276 2941 4333 Elia:
2974 4299 3081 4337 non
3118 4289 3541 4359 transgreditur.

1946 4370 2003 4413 ut
2037 4377 2103 4415 ne
2134 4364 2222 4417 det
2258 4365 2477 4421 Salaria:
2521 4368 2625 4423 hoc
2652 4370 2772 4425 loco
2802 4377 3168 4443 suspicionem
3195 4395 3258 4436 se
3286 4382 3392 4438 illis
3429 4401 3549 4440 eSsn

1946 4453 2229 4521 majorem,
2257 4459 2350 4510 sed
2381 4476 2661 4514 accessum
2698 4466 2764 4517 ad
2800 4482 2881 4529 se,
2912 4473 3125 4535 potanti
3163 4476 3306 4541 quod
3345 4489 3398 4530 et
3434 4480 3549 4547 ipse

1944 4545 2106 4601 homo
2132 4549 2223 4602 sit.
2251 4550 2333 4603 Ad
2356 4552 2494 4617 haec,
2519 4564 2575 4607 ut
2607 4571 2672 4609 ne
2705 4558 2950 4614 videatur
2981 4576 3307 4631 apparenter
3332 4545 3544 4624 tantum

1940 4638 2278 4695 incarnatus.
2303 4641 2431 4697 Post
2456 4646 2721 4711 baptisma
2745 4663 2927 4703 autem
2954 4664 3214 4722 tentatur,
3244 4660 3545 4715 ostendens

1940 4730 2098 4784 nobis
2128 4736 2268 4801 quod
2293 4745 2413 4801 pOSl
2434 4734 2700 4804 baptisma
2737 4745 3071 4798 tentationes
3103 4761 3203 4801 nos
3237 4748 3346 4802 sint
3379 4766 3545 4807 exce-

1937 4832 2127 4892 pturaa.
2164 4823 2438 4893 Jejunavit
2492 4841 2675 4884 autem
2732 4847 2797 4886 eo
2852 4839 2996 4903 quod
3034 4839 3085 4891 in
3147 4842 3543 4901 tentationibus

1940 4932 2215 4971 armormn
2250 4919 2371 4973 loco
2406 4920 2519 4975 sint
2556 4922 2790 4992 jejunia,
2834 4939 2889 4980 et
2942 4940 3071 4984 tunc
3106 4932 3403 4991 debeamus
3434 4956 3541 4995 non

1936 5022 2132 5061 vacare
2167 5012 2399 5076 deliciis,
2432 5015 2526 5068 sed
2553 5015 2795 5085 jejuuiis.
2834 5019 3061 5076 Accedit
3092 5024 3259 5094 igitur
3288 5030 3353 5081 ad
3385 5031 3536 5086 illmn

1936 5102 2229 5170 inimicus;
2265 5118 2316 5159 et
2345 5108 2577 5177 primum
2613 5113 2678 5165 de
2708 5114 2831 5182 gula
2869 5124 3063 5184 tentat,
3096 5119 3162 5173 de
3206 5136 3312 5189 qua
3360 5132 3541 5179 tenta-

1935 5208 2082 5251 verat
2115 5210 2167 5253 et
2200 5202 2392 5266 Adam,
2427 5202 2623 5257 deinde
2651 5216 2706 5257 et
2737 5221 2833 5274 per
2870 5211 3178 5278 avaritiam,
3212 5222 3538 5275 monstratis

1932 5289 1981 5343 ei
2037 5291 2222 5360 regnis
2276 5294 2551 5349 omnibus.
2609 5294 2896 5363 Quomodo
2955 5313 3136 5357 autem
3175 5312 3538 5366 monstravit?

1934 5380 2077 5437 Sane
2119 5387 2338 5452 quidam
2378 5385 2568 5441 dicunt
2609 5391 2752 5457 quod
2796 5390 3172 5461 imaginationi
3211 5398 3361 5453 illius
3403 5417 3534 5471 pro-

1932 5480 2175 5547 posuerit
2204 5498 2218 5546 ;
2253 5482 2345 5534 sed
2376 5496 2481 5534 non
2511 5483 2709 5551 Opinor
2736 5486 2883 5554 quod
2909 5487 3285 5559 imaginationi
3318 5504 3532 5551 tantum

1929 5568 2210 5635 obtulerit,
2269 5573 2365 5626 sed
2393 5575 2727 5630 sensibiliter
2760 5577 2851 5630 illa
2908 5590 3209 5636 monstrata
3244 5580 3439 5638 fecerit
3478 5588 3532 5643 ei

1929 5663 2097 5717 clara.
2134 5665 2319 5721 Tertio
2346 5676 2529 5721 autem
2558 5671 2894 5738 aggreditur,
2932 5674 2997 5727 de
3029 5689 3166 5729 vana
3196 5675 3369 5746 gloria
3400 5688 3523 5733 teu-

1928 5768 2086 5824 tans;
2120 5760 2248 5814 dicit
2277 5760 2421 5815 enim
2453 5780 2466 5815 :
2497 5762 2555 5818 Si
2586 5763 2728 5819 (ilius
2752 5764 2845 5818 Dei
2874 5781 2933 5821 es
2959 5777 3036 5835 tu,
3058 5772 3261 5825 mittito
3291 5780 3343 5827 te
3368 5773 3529 5831 deor-

1930 5870 2071 5912 sum.
2119 5856 2362 5916 Adulaus
2397 5870 2577 5918 autem
2605 5860 2657 5939 ei
2714 5863 2789 5919 ita
2818 5867 3149 5936 nugabatur,
3192 5870 3242 5926 si
3278 5870 3532 5931 fortassis

3129 5962 3209 6032 24
