4272 6438
718 379 820 448 747

1631 385 2214 453 THEOPHYLACTI
2240 386 2657 449 BULGARI/E
2688 385 3042 446 ARCIIIEP.

3864 378 3978 443 7‘8

717 495 1018 550 adulatione
1057 498 1312 565 deceptus
1350 511 1407 551 se.
1469 498 1660 554 Filium
1697 500 1790 554 Dei
1823 508 2101 555 ostentare
2144 499 2292 558 velit.
2326 502 2404 558 Α·

2326 502 2369 558 Α
2397 497 2599 559 ταύτας
2623 512 2635 527 ·
2671 495 2810 563 πλὴν
2835 494 2950 546 ἀλλ’
2977 494 3039 546 οὐ
3075 492 3213 545 κατὰ
3251 489 3490 544 διάνοιαν
3517 483 3693 558 οἶμαι,
3746 488 3866 543 ἀλλ’
3889 491 3984 544 αι-

667 585 673 596 '
715 589 1014 654 dejiciendo
1065 605 1124 644 se
1164 592 1439 652 deorsum,
1493 606 1600 659 quo
1638 601 1991 662 cognosceret
2033 591 2284 660 quisnam

715 689 879 732 esset.
915 682 985 734 At
1028 680 1278 738 Dominus
1311 679 1459 736 illum
1498 680 1792 751 Scripturis
1823 683 2074 752 repellit:
2113 703 2130 734 ι
2170 683 2284 737 Non

717 772 964 832 tentabis,
1025 772 1220 838 inquit.
1275 773 1559 828 Dominum
1593 776 1755 829 Deum
1818 787 1992 830 tuum.
2030 795 2047 826 ι
2104 775 2286 844 Neque

714 862 853 914 enim
875 861 996 928 quis
1027 876 1082 914 se
1103 861 1157 914 in
1179 862 1547 919 manifestaria
1574 864 1809 932 pericula
1836 866 1995 918 debet
2025 866 2283 932 objicere.

716 955 991 1022 probando
1028 971 1153 1009 num
1180 957 1330 1025 juvet
1361 972 1420 1010 se
1454 957 1612 1009 Deus.
1642 957 2026 1010 Animadverte
2065 957 2282 1010 interim

700 1055 908 1112 'quanta
950 1047 1020 1100 sit
1054 1048 1255 1101 utilitas
1285 1048 1425 1102 scire
1457 1047 1787 1115 Scripturns.
1824 1047 2120 1116 Scripturis
2141 1046 2283 1099 enim

713 1136 971 1193 Dominus
995 1139 1254 1193 Satanam
1287 1140 1500 1208 repulit.
1527 1138 1639 1193 lloe
1668 1140 1833 1201 enim,
1870 1139 1982 1193 Non
2007 1139 2125 1192 solo
2147 1151 2284 1206 pane

711 1230 840 1283 vivit
872 1231 1052 1296 homo,
1083 1229 1375 1286 Mosaicum
1406 1241 1490 1286 est
1524 1233 1588 1285 de
1623 1231 1814 1284 Mztnna
1868 1231 2070 1284 dictum
2105 1247 2118 1282 ε
2159 1246 2282 1283 nam

711 1322 838 1376 licet
867 1338 971 1375 non
1000 1334 1142 1377 esset
1180 1325 1334 1393 [sanis
1375 1323 1592 1385 Manna,
1628 1339 1692 1376 eo
1717 1337 1893 1377 tamen
1922 1323 2164 1377 alebatur
2198 1336 2286 1390 ρο.

710 1412 886 1480 pulos.
915 1413 1174 1467 Similiter
1199 1425 1250 1468 et
1289 1415 1375 1467 illa
1410 1431 1434 1466 a
1471 1414 1615 1468 Mose
1650 1415 1965 1482 deprompta
2003 1423 2146 1477 sunt,
2180 1411 2285 1465 Do-

713 1504 913 1558 minum
949 1517 1125 1559 autem
1159 1505 1324 1560 Deum
1360 1517 1507 1559 tunnt
1541 1507 1816 1568 adorabis,
1871 1516 1962 1558 ct:
2005 1502 2118 1556 Non
2163 1516 2280 1557 ten-

712 1597 874 1652 labis.

2395 589 2606 658 σθητῶς
2624 586 2827 648 ταύτας
2853 585 3001 655 αύτῷ
3032 582 3330 648 ὑπέδειξεν,
3359 584 3416 635 ἐν
3443 582 3715 652 φαντασίᾳ
3741 582 3984 651 ποιήσας

2394 681 2652 751 φανῆναι,
2676 677 2769 731 τοῦ
2789 676 2994 747 Κυρίου
3021 673 3539 746 μὴ·φανταζομένου
3567 693 3578 705 ·
3617 674 3802 742 τρίτον
3824 672 3987 743 αὐτῷ

2395 769 2743 840 προσϐάλλει,
2779 769 2884 820 ἀπὸ
2904 768 3004 836 τῆς
3035 766 3342 834 φιλοδοξίας
3361 779 3378 795 ο
3409 766 3469 818 Εἰ
3495 767 3609 828 υίὸς
3633 765 3760 834 γὰρ,
3788 767 3983 834 φησὶν,

2393 858 2442 914 εί
2480 860 2575 913 τοῦ
2600 859 2757 924 Θεοῦ,
2786 859 2913 928 βάλε
2959 859 3186 911 σεαυτὸν
3220 858 3372 910 κάτω
3393 873 3406 887 ο
3441 857 3757 911 κολακεύων
3793 857 3852 910 δὲ
3879 857 3980 911 αύ-

2392 963 2505 1024 τὸν,
2541 961 2608 1013 τὰ
2641 959 2865 1013 τοιαῦτα
2898 958 3105 1027 ἐλήρει,
3137 957 3189 1009 εἴ
3223 973 3338 1018 πως
3388 955 3495 1008 ἀπὸ
3542 955 3643 1022 τῆς
3684 956 3984 1015 κολακείας

2393 1052 2714 1120 ἀπατηθεὶς,
2758 1050 2852 1104 καὶ
2891 1050 3060 1102 θέλων
3081 1049 3253 1113 δεῖξαι
3283 1048 3476 1100 ἐαυτὸν
3508 1048 3635 1100 Υίδν
3664 1047 3981 1118 Θεοῦ,βάλῃ

2393 1141 2587 1192 ἑαυτὸν
2611 1140 2762 1194 κάτω
2782 1180 2795 1201 ,
2834 1141 2926 1191 καὶ
2955 1139 3099 1192 οὕτω
3126 1137 3433 1207 διαγνωσθῇ
3462 1138 3632 1207 αὐτῷ,
3679 1139 3761 1199 τίς
3802 1139 3980 1190 ἐστιν.

2402 1231 2464 1285 ’0
2498 1232 2554 1286 δέ
2596 1233 2798 1302 Κύριος
2828 1233 2929 1300 ὅρα
2968 1232 3084 1295 πῶς
3112 1231 3480 1300 ἀποκρούεται
3519 1231 3680 1283 αὑτὸν
3713 1231 3821 1284 ἀπὸ
3879 1233 3985 1298 τῆς

2389 1323 2646 1394 Γραφῇς·
2711 1342 2728 1375 ι
2764 1325 2878 1394 Οὐκ
2911 1324 3260 1392 ἐκπειράσεις
3295 1322 3426 1391 γάρ,
3463 1325 3618 1391 φησὶ,
3656 1320 3864 1389 Κύριον
3890 1322 3985 1373 τὸν

2389 1414 2523 1469 Θεόν
2563 1431 2677 1470 σου.
2724 1434 2742 1466 ι
2805 1417 2878 1469 Οὐ
2911 1416 3017 1485 γὰρ
3071 1417 3155 1468 δεῖ
3211 1417 3290 1478 είς
3341 1416 3639 1486 προφανεῐς
3698 1414 3987 1477 κινδύνους

2386 1507 2682 1576 ἐμϐάλλειν
2729 1508 2850 1560 τινὰ
2903 1509 3120 1570 ἐαυτὸν,
3183 1509 3549 1577 δοκιμάζοντα
3604 1509 3651 1559 εἰ
3719 1506 3985 1576 βοηθήσει

2384 1601 2531 1669 αύτῷ
2557 1602 2584 1652 6
2605 1598 2757 1662 Θεός.
2791 1600 3102 1668 Σημείωσαι
3127 1600 3182 1653 δὲ
3207 1600 3298 1652 καὶ
3330 1599 3507 1665 τοῦτο,
3544 1599 3625 1652 ὅτι
3661 1598 3802 1669 μέγα
3845 1598 3984 1665 ὄφε-

708 1691 795 1753 λος
817 1691 876 1742 τὸ
906 1690 1099 1744 ειδέναι
1130 1693 1227 1754 τὰς
1252 1691 1473 1761 Γραφάς
1494 1707 1507 1720 ·
1545 1689 1638 1742 καὶ
1670 1690 1778 1758 γὰρ
1807 1692 1900 1742 καὶ
1923 1692 1948 1741 6
1974 1688 2174 1757 Κύριος
2232 1689 2321 1741 τὸν
2362 1689 2607 1742 Σατανᾶν
2643 1690 2751 1743 άπδ
2773 1691 2881 1742 τῶν
2913 1689 3148 1758 Γραφῶν
3172 1689 3557 1759 ἀπεκρούσατο
3591 1705 3603 1718 °
3638 1689 3701 1742 τό
3753 1706 3809 1742 τε
3841 1690 3979 1758 γάρ·

707 1785 822 1837 Οὖκ
866 1785 952 1836 ἐπ’
979 1784 1127 1852 ἄρτῳ
1170 1785 1313 1852 μόνῳ
1360 1783 1583 1852 ζήσεται
1630 1783 1950 1853 ἄνθρωπος,
1992 1783 2281 1834 Μωσαῖκόν
2319 1783 2458 1845 ἐστι,
2485 1785 2612 1853 περὶ
2650 1781 2743 1836 τοῦ
2795 1785 2987 1836 Μάννα
3052 1783 3252 1852 ρηθέν-
3290 1783 3352 1835 τὸ
3419 1784 3528 1853 γὰρ
3581 1783 3771 1837 Μάννα
3810 1781 3984 1852 ἄρτος

709 1876 783 1945 μὴ
810 1874 889 1939 ὃν,
920 1877 1068 1946 ὅμως
1104 1875 1298 1946 ἔθρεψε
1331 1879 1426 1950 τὸν
1444 1875 1571 1930 λαόν
1593 1894 1604 1904 ·
1638 1879 1729 1928 καὶ
1757 1876 1836 1938 τὸ,
1869 1877 2071 1946 Κύριον
2106 1875 2160 1927 δέ
2193 1875 2283 1928 τὸν
2320 1875 2451 1929 Θεὸν
2487 1893 2580 1931 σου
2655 1879 3077 1948 προσκυνήσεις,
3125 1876 3219 1930 καὶ
3247 1877 3306 1930 τὸ
3327 1917 3341 1941 ,

709 1971 802 2024 καὶ
840 1971 1006 2025 ταῦτα
1048 1973 1353 2049 Μωσαῖκά..

3426 1879 3540 1931 Οὐκ
3606 1878 3984 1947 ἐκπειράσει,ο

779 2068 939 2121 V'Ens.
988 2067 1175 2120 15-15.
1215 2085 1230 2115 ι
1270 2067 1329 2118 Et
1361 2078 1738 2120 consummata
1786 2066 1929 2120 omni
1983 2065 2284 2119 tentatiouc
2320 2073 2358 2126 Β

2320 2073 2358 2126 Β
2466 2085 2481 2114 ι
2517 2065 2628 2116 Καὶ
2678 2065 3000 2126 συντελέσας
3059 2065 3238 2117 πάντα
3276 2061 3585 2134 πειρασμὸν
3630 2063 3660 2116 6
3709 2062 3979 2127 διάϐολος.

704 2161 949 2215 diabolus
1000 2160 1222 2213 recessit
1273 2158 1340 2211 ab
1387 2158 1478 2212 illo
1529 2174 1696 2228 usque
1728 2160 1792 2212 ad
1841 2168 2068 2226 tempus.
2107 2157 2168 2212 Et
2200 2173 2284 2211 re—

707 2268 892 2307 \‘CI‘SUS
924 2262 1007 2306 est
1054 2251 1210 2307 Jesus
1252 2253 1301 2304 in
1359 2253 1554 2305 virtute
1607 2251 1831 2319 Spil'illls
1886 2253 1935 2304 in
1985 2250 2280 2314 Galilmnm,

701 2357 752 2399 et
790 2347 929 2399 fama
987 2346 1115 2399 exiit
1152 2360 1244 2414 per
1291 2345 1597 2398 universam
1657 2346 1930 2413 regionem
1965 2347 2028 2397 de
2062 2345 2169 2397 illo.
2220 2344 2284 2396 Et

705 2442 818 2506 ipse
841 2438 1066 2493 docebat
1111 2437 1162 2490 in
1207 2435 1495 2507 synagogis
1528 2451 1737 2497 eorum,
1784 2444 1835 2489 et
1879 2435 2282 2504 glorilicabatur

701 2530 766 2582 ab
795 2530 1069 2582 omnibus.
1107 2547 1122 2578 ι
1153 2528 1377 2580 Omnem
1410 2528 1758 2580 tentationem
1792 2527 1918 2579 dicit
1951 2525 2122 2580 Lucas
2153 2542 2281 2579 con-

700 2635 1002 2677 summasse
1035 2620 1344 2682 Dominum,
1387 2618 1634 2686 quamvis
1667 2617 1839 2670 tribus
1871 2620 2130 2671 duntaxat
2165 2627 2281 2672 ten-

704 2715 997 2769 tationibus
1028 2724 1289 2767 tentatum
1318 2729 1329 2764 :
1361 2726 1426 2765 eo
1462 2710 1605 2780 quod
1650 2710 2002 2763 tentationum
2039 2712 2277 2764 omnium

703 2811 808 2863 sint
863 2809 1038 2876 capita
1089 2808 1211 2871 tria,
1275 2805 1522 2865 avaritia,
1578 2803 1721 2872 gula,
1759 2812 1810 2856 et
1860 2802 2035 2857 inanis
2085 2804 2276 2869 gloria.

703 2904 872 2956 l'orro
920 2899 1450 2968 gulaetentationem
1509 2896 1722 2964 repulit,
1776 2899 1964 2950 dicens
2004 2914 2015 2949 :
2057 2893 2172 2948 Non
2225 2896 2276 2949 ln

701 2996 814 3047 solo
844 3008 979 3061 pane
1007 2990 1148 3044 vivet
1179 2989 1358 3044 homo.
1405 2985 1517 3040 Hac
1541 2988 1684 3040 enim
1718 2989 1889 3056 primo
1913 2988 2108 3040 invasit
2130 3002 2275 3051 eum,

699 3085 838 3138 sicut
870 3092 922 3136 et
948 3082 1234 3136 Adamum.
1264 3080 1432 3134 Adam
1469 3080 1613 3134 enim
1643 3093 1746 3132 non
1771 3080 1938 3148 putuit
1979 3093 2073 3146 per
2102 3080 2276 3133 avari-

701 3178 826 3230 tiam
846 3173 1178 3243 snpplantari
1208 3190 1220 3226 :
1247 3188 1350 3226 non
1373 3171 1516 3224 enim
1538 3180 1743 3240 poterat
1768 3171 1915 3240 plura
1945 3170 2030 3225 ille
2054 3186 2269 3238 cupere,

701 3269 750 3323 id
787 3267 951 3338 299
979 3267 1119 3336 quod
1173 3266 1413 3319 avariti:e
1441 3273 1545 3329 est,
1581 3263 1724 3317 solus
1772 3264 2060 3318 exsistens.
2090 3261 2274 3333 Neque

701 3375 794 3430 per
829 3362 963 3413 iram
997 3378 1008 3412 :
1043 3359 1124 3411 cui
1157 3359 1298 3411 enim
1331 3355 1764 3411 suc-censuisset?
1789 3354 1974 3425 Neque
2008 3370 2103 3422 per
2136 3356 2273 3408 invi-

2391 2154 2602 2225 ἀπέστη
2648 2155 2741 2206 ἀπ’
2776 2154 2938 2209 αὑτοῦ
2984 2155 3110 2224 ἄχρι
3162 2153 3389 2224 καιροῦ·
3423 2156 3516 2206 καὶ
3560 2153 3901 2220 ὑπέστρεψεν
3950 2153 3983 2204 6

2401 2250 2608 2320 Ἰησοῦς
2641 2253 2698 2303 ἐν
2724 2253 2791 2321 τῇ
2821 2251 3051 2318 δυνάμει
3088 2250 3180 2303 τοῦ
3221 2250 3532 2318 πνεύματος
3581 2250 3659 2304 εἰς
3690 2250 3786 2316 τὴν
3817 2247 3984 2298 Γαλι-

2387 2343 2544 2396 λαίαν
2572 2360 2584 2372 ·
2622 2345 2716 2397 καὶ
2751 2347 2909 2415 φήμη
2956 2346 3148 2414 ἐξῆλθε
3187 2343 3308 2398 καθ’
3337 2345 3464 2412 ὅλης
3516 2342 3616 2410 τῆς
3658 2339 3977 2411 περιχώρου

2387 2436 2515 2505 περὶ
2564 2436 2764 2489 αὑτοῦ·
2821 2438 2916 2489 καὶ
2951 2439 3115 2499 αὐτὸς
3151 2438 3433 2490 ἐδίδασκεν
3468 2439 3523 2488 ἐν
3560 2437 3678 2496 ταῖς
3719 2450 3981 2500 συναγω-

2389 2528 2506 2595 γαῖς
2542 2529 2742 2590 αὐτῶν,
2785 2528 3141 2598 δοξαζόμενος
3188 2529 3290 2582 ὑπὸ
3313 2529 3551 2580 πάντων.
3585 2545 3602 2578 ι
3636 2527 3817 2579 Πάντα
3851 2542 3978 2578 πει·

2387 2621 2592 2689 ρασμόν
2645 2637 2807 2690 φησιν
2855 2623 2882 2673 6
2936 2622 3148 2684 Λουκᾶς
3205 2621 3524 2674 συντελέσαι
3580 2619 3670 2671 τὸν
3743 2619 3977 2688 Κύριον,

2384 2712 2560 2764 καίτοι
2588 2715 2737 2781 τρεῖς
2768 2714 3106 2782 πειρασμοὺς
3125 2712 3509 2776 πειρασθέντα,
3539 2711 3674 2763 διότι
3698 2710 3976 2776 κεφάλαια

2381 2803 2490 2856 τῶν
2533 2805 2856 2876 πειρασμῶν
2890 2807 3110 2858 πάντων
3145 2807 3193 2859 οἱ
3222 2808 3370 2874 τρεῖς
3392 2800 3536 2859 οὗτοί
3571 2806 3728 2865 εἰσιν,
3784 2804 3814 2856 6
3869 2802 3974 2870 τῆς

2383 2895 2844 2967 φιλοχρηματίας.
2898 2899 2926 2950 6
2963 2898 3062 2967 τῆς
3109 2899 3579 2968 γαστριμαργίας,
3626 2899 3653 2950 6
3680 2900 3780 2966 τῆς
3823 2896 3976 2963 φιλο-

2380 2987 2578 3051 δοξίας.
2620 2988 2722 3040 Τὸν
2753 2989 2851 3058 μὲν
2883 2985 2975 3041 οὖν
3019 2990 3115 3058 τῆς
3142 2990 3587 3058 γαστριμαργίας
3621 2984 3976 3056 ἀπεκρούσαο

2379 3097 2439 3132 το
2465 3081 2550 3133 διά
2584 3081 2679 3132 τοῦ
2735 3083 2930 3146 εἰπεῖν,
2968 3083 3048 3134 ὅτι
3079 3083 3192 3134 Ούκ
3249 3083 3335 3133 ἐπ’
3365 3081 3513 3151 ἄρτῳ
3565 3081 3710 3150 μόνῳ
3745 3080 3976 3150 ζήσεται

2377 3172 2704 3242 ἄνθρωπος’
2773 3175 2990 3244 πρῶτον
3058 3173 3166 3243 γὰρ
3235 3174 3324 3224 τὸν
3393 3173 3704 3243 πειρασμὸν
3773 3171 3972 3224 τοῦτον

2378 3265 2734 3332 προσήγαγεν
2760 3264 2929 3333 αὐτῷ,
2957 3263 3032 3326 ὡς
3059 3267 3151 3316 καὶ
3181 3263 3257 3333 τῷ
3292 3263 3467 3331 Ἀδάμ
3488 3278 3500 3290 ·
3536 3264 3628 3315 τὸν
3662 3261 3769 3332 γὰρ
3791 3262 3974 3332 ’Δδέιμ

2377 3356 2501 3409 οὕτε
2537 3357 2645 3408 ἀπὸ
2689 3357 3001 3419 πλεονεξίας
3041 3357 3276 3424 ἠδύνατο
3323 3354 3699 3418 ὑποσκελίσαι,
3752 3355 3815 3406 ού
3863 3355 3975 3425 γάρ

701 3451 867 3504 diam.
920 3447 1149 3501 Proinde
1199 3460 1293 3514 per
1337 3445 1514 3514 gulam
1565 3443 1947 3513 supplantavit.
1997 3439 2388 3501 leerumCt

2297 3439 2343 3501 C
2378 3444 2489 3518 εἶχε
2538 3450 2628 3501 τὸν
2667 3450 3180 3517 πλεονεκτούμενον,
3222 3449 3380 3518 μόνος
3425 3447 3520 3501 ὢν.
3567 3447 3704 3498 Οῦτε
3735 3446 3845 3498 ἀπὸ
3876 3447 3971 3516 6p-

701 3541 942 3595 at-aritite
987 3539 1336 3593 tentationent
1407 3534 1600 3604 repulit
1666 3549 1772 3587 non
1823 3532 2112 3604 procidens
2148 3541 2274 3585 ante
2381 3557 2388 3568 ‹

2381 3537 2510 3608 γῆς’
2552 3542 2609 3593 οὗ
2651 3541 2759 3610 γάρ
2786 3537 2931 3610 εῖχεν
2961 3536 3004 3608 ᾧ
3037 3544 3286 3612 ὀργισθῇ-
3323 3539 3589 3593 Οὒτεάπὺ
3612 3537 3834 3606 φθόνου·
3864 3539 3974 3592 ἀπὸ

701 3634 988 3696 diabolum,
1026 3645 1196 3699 neque
1230 3645 1349 3683 eum
1385 3627 1636 3682 adorans.
1685 3626 1816 3680 Nam
1877 3641 1998 3680 cum
2053 3628 2275 3679 demon-
2377 3650 2388 3666 ι

2377 3633 2476 3701 τῆς
2513 3633 2716 3696 κοιλίας
2742 3630 2834 3686 οὖν
2863 3634 3222 3688 ὑπεσκέλισεν
3249 3633 3435 3686 αὐτόν.
3471 3631 3576 3684 Τὸν
3607 3632 3662 3684 δὲ
3689 3632 3792 3702 τῆς
3821 3631 3971 3702 φιλο-

701 3735 925 3780 strasset
954 3723 1135 3777 omnia
1170 3736 1332 3790 regna
1376 3719 1703 3775 sensibiliter
1731 3719 1851 3787 ejus
1883 3717 2273 3788 imaginationi,
2380 3745 2388 3795 ;

2380 3727 2686 3795 χρηματίας
2727 3727 3131 3797 ἀπεκρούσατο,
3179 3728 3267 3781 διά
3298 3728 3393 3781 τοῦ
3434 3731 3509 3800 μὴ
3564 3730 3773 3792 πεσεῖν,
3831 3728 3967 3797 μηδι

701 3830 806 3870 non
843 3818 904 3867 ad
938 3829 1001 3868 ea
1052 3806 1338 3882 respexitr“
1373 3812 1582 3865 tametsi
1632 3810 1872 3864 nonnulli
1913 3812 2011 3864 ltoc
2066 3825 2171 3863 non
2213 3809 2277 3863 de
2381 3836 2388 3848 ι

2381 3819 2752 3888 προσκυνῆσαι
2784 3820 2952 3885 αύτῷ.
2999 3821 3373 3886 Ὑποδείξαντι
3406 3825 3516 3893 γὰρ
3553 3823 3649 3885 τὰς
3685 3819 3970 3892 βασιλείας

701 3907 1046 3963 sensibilibus
1078 3904 1278 3974 regnis,
1310 3902 1405 3957 sed
1435 3901 1759 3975 mentalibus
1803 3901 2186 3962 intellexerint,
2223 3911 2278 3952 nt
2382 3929 2388 3942 ι

2276 3941 2278 3948 ν
2382 3912 2555 3972 πάσας
2616 3909 2888 3980 αἰσθητῶς
2933 3914 3073 3965 κατὰ
3135 3915 3463 3980 φαντασίαν,
3527 3915 3625 3984 οὺχ
3678 3913 3963 3982 ὑπέκυψε·

701 4000 842 4067 quod
877 3994 1261 4048 monstraverit
1292 3995 1338 4047 ei
1395 4009 1617 4061 regnum
1676 3992 1911 4056 inviditr,
1949 4006 2170 4061 regnum
2197 3994 2278 4044 in-
2380 4020 2388 4052 ε

2380 4001 2556 4053 καίτοι
2586 4003 2646 4067 γέ
2680 4019 2823 4065 τινες
2873 4003 2933 4055 ού
2983 4005 3110 4073 περὶ
3141 4004 3416 4074 αἰσθητῶν
3472 4005 3763 4076 βασιλειιῖιν
3809 4006 3969 4059 τοῦτο

699 4085 1042 4141 continentur:
1075 4095 1129 4137 et
1157 4086 1206 4137 in
1230 4098 1438 4137 summa
1460 4083 1700 4135 omnium
1717 4092 2056 4149 peccatorum
2079 4096 2272 4150 regna:
2379 4095 2386 4142 ί

2379 4091 2626 4160 ἐνόησαν,
2665 4094 2798 4144 ἀλλὰ
2832 4094 2958 4162 περὶ
2981 4096 3284 4164 νοουμένων
3310 4112 3324 4128 ο
3359 4093 3491 4161 οἷον,
3521 4096 3796 4162 ὑπέδειξεν
3819 4095 3971 4166 αύτῷ

700 4192 753 4231 et
784 4181 937 4249 quasi
973 4177 1101 4230 talia
1137 4177 1184 4229 ei
1223 4177 1428 4229 diceret
1459 4190 1475 4227 :
1507 4175 1561 4227 Si
1597 4173 1675 4228 vis
1719 4189 1945 4243 regnare
1976 4172 2275 4227 aﬂ‘ectioni-
2378 4201 2387 4217 ι

2378 4183 2475 4254 τὴν
2530 4182 2806 4253 βασιλείαν
2863 4186 2956 4251 τῆς
2995 4186 3291 4250 ἀκολασίας
3324 4226 3337 4251 ,
3396 4189 3498 4259 τὴν
3546 4187 3825 4258 βασιλείαν
3873 4185 3970 4240 τοῦ

703 4276 800 4326 bus
830 4272 955 4334 illis,
988 4281 1040 4324 et
1070 4270 1120 4322 in
1158 4269 1258 4322 ltoc
1292 4268 1509 4329 venisti,
1548 4275 1603 4319 ttt
1637 4279 1730 4320 eos
1783 4268 1872 4335 qui
1899 4265 1996 4319 ειιι)
2024 4279 2106 4318 mc
2150 4275 2275 4317 sunt
2379 4292 2390 4325 ς

2379 4273 2573 4342 φθόνου
2595 4313 2610 4339 ,
2643 4275 2738 4326 καὶ
2768 4275 2952 4336 ἁπλῶς
3005 4277 3197 4329 πασῶν
3226 4277 3335 4334 τῶν
3366 4271 3655 4349 ἁμαρτιῶν
3685 4280 3784 4342 τὰς
3816 4277 3971 4348 βασι-

704 4366 900 4435 rapias,
935 4363 1152 4432 procide
1193 4370 1244 4415 et
1277 4361 1439 4413 adora
1489 4372 1614 4412 me:
1652 4367 1705 4412 et
1749 4360 1932 4425 accipe
1966 4371 2155 4410 omnes
2184 4357 2274 4426 qui
2379 4366 2391 4416 1

2379 4366 2562 4426 λείας*
2593 4369 2686 4417 καὶ
2727 4366 2928 4419 ὡσανεὶ
2978 4369 3203 4422 τοιαῦτα
3248 4369 3435 4438 ἔλεγεν
3471 4371 3620 4441 αύτῷ
3642 4387 3654 4400 ·
3691 4371 3752 4424 Et
3786 4371 3964 4434 θέλεις

699 4473 726 4509 a
769 4472 852 4512 tne
872 4457 1260 4526 gubernantur.
1293 4452 1548 4506 Dominus
1584 4459 1762 4504 autem
1811 4464 2035 4519 regnare
2060 4448 2275 4518 quidem
2382 4464 2386 4525 ι

2382 4455 2698 4525 βασιλεῦσαι
2731 4450 2932 4510 τούτων
2951 4458 3060 4511 τῶν
3089 4460 3297 4528 παθῶν,
3321 4463 3418 4515 καλ¹
3450 4463 3543 4514 ἐπὶ
3574 4463 3752 4532 τούτῳ
3776 4462 3974 4533 ἐλήλυ-

700 4550 830 4614 tult,
863 4561 917 4602 et
951 4548 1015 4601 ad
1054 4549 1154 4601 hoc
1185 4545 1367 4600 venit:
1395 4558 1623 4611 regnare
1647 4549 1824 4595 autem
1862 4557 1965 4595 non
1999 4556 2120 4595 cum
2154 4555 2278 4610 pee-
2380 4550 2387 4594 ι

2380 4547 2502 4610 θας,
2538 4548 2624 4600 ῐνα
2671 4549 2804 4610 τοὺς
2854 4549 2944 4601 ὑπ’
2992 4548 3128 4618 ἐμοῦ
3161 4556 3563 4626 κατεχομένους
3609 4555 3969 4624 ἀφαρπάσῃς.

700 4651 841 4705 cato,
883 4654 1055 4709 neque
1087 4639 1201 4691 sine
1235 4637 1550 4702 certamine,
1581 4635 1672 4691 sed
1704 4647 1917 4691 certans
1957 4638 2272 4690 etvincens.

701 4735 792 4788 Sic
817 4733 1033 4802 quidam
1065 4729 1446 4784 intellexerunt
1480 4745 1492 4781 :
1522 4743 1682 4796 quem
1715 4742 1957 4792 sensum,
1983 4729 2024 4781 si
2058 4729 2139 4780 cui
2165 4731 2276 4796 pla-

699 4837 806 4887 Cet.
851 4823 1093 4890 recipiat.
1122 4820 1291 4875 Porro
1313 4829 1365 4873 et
1398 4820 1609 4873 inanem
1639 4819 1862 4887 gloriam
1893 4819 2086 4887 repulit
2111 4818 2275 4873 verbo

702 4918 1009 4984 Scriptum.
1040 4914 1198 4982 Eripe
1226 4912 1389 4981 igitur
1413 4919 1467 4965 et
1495 4924 1615 4974 nos,
1641 4908 1892 4972 Domine,
1917 4925 1945 4960 a
1980 4908 2154 4962 tribus
2175 4910 2278 4962 illis

699 5011 966 5080 capitibus
992 5007 1259 5062 draconis.
1285 5004 1556 5059 Reversus
1583 5012 1667 5057 est
1693 5013 1870 5056 autem
1893 4999 2055 5055 Jesus
2081 5001 2132 5053 in
2167 5001 2280 5053 vir-

703 5116 814 5158 tute
852 5103 1094 5171 spiritus.
1134 5099 1360 5153 Videtur
1417 5097 1546 5152 mihi
1604 5096 1749 5164 quod
1804 5094 1988 5147 divino
2040 5095 2275 5161 quodam

701 5194 882 5251 θαλίαι]
913 5202 1192 5262 correptus
1229 5192 1445 5244 redierit
1474 5192 1609 5258 :,ltoc
1639 5189 1781 5243 enim
1809 5197 1890 5242 est
1924 5189 2066 5250 quod
2100 5190 2195 5252 ait,
2223 5188 2274 5239 in

699 5293 896 5341 virtute
929 5287 1172 5352 spiritus.
1218 5284 1447 5336 Attende
1487 5296 1700 5350 quoque
1730 5279 2091 5351 Scripturam,
2133 5281 2274 5347 quod

696 5393 984 5452 postquam
1033 5377 1156 5431 vicit
1209 5386 1530 5431 tentantem.
1571 5384 1624 5427 et
1669 5375 2273 5428 monstravitvirtutem

699 5487 873 5538 suam,
911 5481 1037 5525 tunc
1071 5468 1197 5522 illud
1249 5466 1508 5534 scriptum
1562 5467 1652 5530 sit,
1681 5467 1732 5518 itt
1767 5469 1968 5519 virtute
2030 5466 2271 5534 spiritus.

695 5563 940 5619 Recessit
972 5569 1153 5614 autem
1197 5564 1260 5612 ab
1293 5560 1385 5613 illo
1423 5558 1668 5626 usquead
1698 5568 1926 5626 tempus,
1967 5561 2110 5613 hunc
2154 5574 2274 5613 seu-

699 5676 814 5713 sum
855 5658 1047 5712 habet:
1084 5653 1335 5707 Diabolus
1355 5650 1732 5704 aﬂ‘ecttonibus
1754 5651 1960 5705 duabus
1987 5650 2272 5704 Dominum

698 5755 916 5804 adortus
944 5761 1046 5810 est,
1078 5748 1367 5816 voluptatis
1391 5743 1596 5796 scilicet
1620 5756 1681 5794 ac
1715 5740 1984 5804 tristitiae;
2007 5752 2062 5797 et
2096 5759 2274 5796 acces-

699 5849 765 5898 sit
801 5845 863 5896 ad
899 5841 1182 5896 Duminttttt
1226 5838 1291 5893 de
1317 5837 1589 5905 voluptate
1612 5842 1826 5889 teutans
1855 5837 1908 5889 itt
1952 5848 2156 5902 monte,
2196 5854 2277 5891 te-

2381 4640 2561 4691 πεσὼν
2592 4640 2972 4709 προσκύνησόν
3008 4659 3135 4712 μοι,
3172 4643 3264 4696 καὶ
3291 4644 3574 4713 παράλαϐε
3607 4645 3816 4708 πάντας
3846 4646 3974 4709 τοὺς

2382 4731 2475 4783 ὑπ’
2501 4731 2634 4800 ἐμοῦ
2674 4731 3145 4802 βασιλευομένους.
3193 4735 3254 4788 Ὀ
3306 4736 3361 4788 δέ
3400 4737 3603 4807 Κύριος
3649 4736 3974 4806 βασιλεῦσαι

2389 4825 2488 4892 μέν
2515 4825 2687 4886 θέλει,
2719 4827 2811 4879 καὶ
2838 4827 2917 4888 είς
2961 4825 3120 4879 τοῦτο
3155 4827 3408 4898 ἐλήλυθε,
3461 4828 3781 4899 βασιλεῦσαι
3823 4828 3884 4882 δδ
3909 4827 3973 4883 οὐ

2389 4916 2529 4983 μετὰ
2565 4917 2865 4985 ἁμαρτίας,
2904 4918 3015 4970 οὐδ’
3045 4919 3176 4975 άνευ
3203 4921 3416 4988 ἀγῶνος
3439 4959 3455 4986 ,
3507 4920 3643 4974 ἀλλὰ
3700 4921 3977 4986 παλαίσας

2388 5011 2483 5062 καὶ
2513 5010 2768 5078 νικήσας.
2827 5010 3015 5065 Ταῦτὰ
3063 5029 3210 5077 τινες
3260 5007 3523 5081 ἐνόησαν·
3563 5015 3672 5085 ὅτῳ
3704 5013 3762 5067 δὲ
3795 5013 3974 5083 φίλον,

2391 5101 2784 5171 παραδεχέσθω
2838 5102 3033 5156 ταῦτα.
3064 5105 3228 5158 Ἀλλὰ
3270 5107 3365 5159 καὶ
3393 5108 3484 5160 τὸν
3513 5108 3614 5177 τῆς
3665 5106 3978 5176 φιλοδοξίας

2387 5195 2799 5264 ἀπεκρούσατο,
2843 5196 2928 5249 διὰ
2964 5197 3056 5249 τοῦ
3107 5198 3167 5249 τὸ
3226 5199 3502 5269 γραφικὸν
3555 5201 3731 5253 εἰπεῖν
3783 5201 3974 5270 ῥητόν.

2387 5287 2599 5353 Ἐξελοῦ
2626 5285 2827 5357 οὗνικαὶ
2845 5290 3011 5358 ἡμᾶς.
3035 5289 3223 5359 Κύριε,
3246 5291 3451 5344 τούτων
3472 5294 3577 5344 τῶν
3598 5290 3770 5362 τριῶν
3803 5307 3978 5360 κεφα-

2385 5381 2492 5435 λῶν
2526 5381 2618 5434 τοῦ
2664 5382 2972 5450 δράκοντος.
3037 5383 3376 5454 ’Υπέστρεψε
3416 5384 3472 5437 δὲ
3515 5384 3544 5436 6
3570 5383 3780 5455 Ἰησοῦς
3809 5387 3867 5439 ἐν
3911 5386 3977 5454 τῇ

2384 5473 2611 5542 δυνάμει
2650 5473 2745 5526 τοῦ
2779 5475 3120 5543 πνεύματος·
3156 5474 3306 5527 δοκεῖ
3358 5492 3445 5543 μοι
3484 5476 3566 5529 ὅτι
3620 5474 3922 5530 ἐνθουσιῶν
3949 5476 3978 5530 ὁ

2398 5563 2608 5635 Ἰησοῦς
2633 5566 3004 5636 ὑπέστρεψεν·
3042 5567 3202 5620 τοῦτο
3239 5567 3348 5638 γάρ
3379 5571 3493 5622 ἐστι
3525 5569 3610 5635 τὸ,
3641 5571 3704 5623 ἐν
3723 5573 3792 5640 τῇ
3820 5569 3981 5624 δυνά·

2390 5673 2478 5726 μει
2501 5656 2596 5709 τοῦ
2631 5657 2938 5727 πνεύματος
2957 5676 2968 5689 ·
3015 5661 3154 5729 τάχα
3183 5659 3239 5713 δὲ
3270 5661 3510 5732 πρόσχες
3539 5665 3606 5734 τῇ
3646 5662 3870 5733 Γραφῇ,
3898 5662 3980 5716 ὃτι

2391 5750 2507 5818 μεθ’
2539 5749 2806 5818 ὃένίκησε
2835 5752 2927 5804 τὸν
2957 5753 3308 5822 πειράζοντα,
3345 5757 3440 5808 καὶ⁵
3468 5755 3644 5822 ἐδειξε
3681 5757 3784 5825 τὴν
3823 5754 3980 5810 δᾶνα·

2393 5857 2483 5909 μιν
2513 5839 2703 5907 αὑτοῦ,
2741 5842 2859 5894 τότε
2908 5844 3223 5915 γέγραπται
3268 5846 3348 5912 τὸ,
3389 5849 3446 5900 ἐν
3499 5848 3565 5918 τῇ
3622 5845 3856 5917 δυνάμει
3885 5843 3976 5900 τοῦ
