4272 6438
251 427 358 490 ’149

989 417 1440 480 ENABRATIO
1478 415 1556 475 ΙΝ
1602 408 2108 474 ΕνΑΝυΕιιυΜ
2156 403 2372 466 ιυῦίΕ
2427 429 2490 439 -
2521 403 2688 464 CAP.
2717 402 2809 460 IV.

3445 395 3553 460 750

249 538 595 607 πνεύματοςο
640 537 702 588 τὺ
742 535 819 599 δὶ,
872 535 1083 600 ἀπέστη
1116 533 1211 586 ἀπ’
1259 531 1424 584 αὐτοῦ
1458 532 1586 598 ἄχρι
1621 525 1840 596 καιροῦ,

1961 525 2115 578 cessit
2155 534 2286 576 vero
2316 534 2488 588 usque
2531 521 2597 570 ad
2647 526 2884 583 tempus.
2919 510 3100 566 crucis
3135 507 3368 570 scilicet,
3424 519 3550 563 tunc

249 630 495 682 τοῖοῦτον
527 630 638 698 ἔχει
666 626 815 678 νοῦν.
863 624 926 676 ὐ
954 621 1199 695 διάϐολος
1220 621 1306 673 διὰ
1329 621 1422 672 δύο
1453 619 1645 670 παθῶν
1677 633 1848 686 προσ-

1964 615 2112 668 illum
2145 629 2240 683 per
2262 613 2490 666 adversa
2525 623 2589 662 ac
2622 608 2754 662 dura
2785 614 3119 658 tentaturus.

253 720 536 790 ϐάλλειτῷ
558 697 778 786 Κυρίῳ,
809 716 1003 785 ἡδονῆς
1042 714 1138 767 καὶ
1169 713 1385 781 λύπης⁸
1436 714 1668 782 καὶγὰρ
1696 711 2006 781 προσέϐαλε
2068 711 2146 779 τῷ
2205 707 2398 779 Κυρίῳ
2432 706 2520 759 διὰ
2577 703 2797 774 ἡδονῆς,
2858 700 3049 770 ὥσπερ
3084 699 3180 757 tul
3231 697 3328 754 τοῦ
3367 699 3551 768 ὄρους’

252 815 468 883 ἀπέστη
501 813 544 864 δ’
585 809 682 864 ἀπ’
709 806 896 872 αὐτοῦ,
933 807 1064 876 ἀχρι
1104 807 1323 877 καιροῦ,
1381 806 1662 858 τουτέστιν
1717 805 1844 872 ἄχρι
1884 802 1978 854 τοῦ
2010 802 2214 872 καιροῦ
2276 799 2374 853 τοῦ
2432 797 2702 870 σταυροῦ·
2731 796 2855 848 τότε
2885 795 2994 863 γάρ
3043 794 3374 864 προσϐαλεῖν
3405 795 3554 866 αὐτῷ

251 909 342 962 διὰ
377 907 551 975 λύπης
584 903 832 974 ἔμελλεν.

333 1023 351 1056 ι
395 1001 505 1055 Καὶ
545 995 710 1071 ἦλθεν
742 1001 819 1062 είς
851 999 952 1068 τὴν
1001 995 1278 1068 Ναζαρὲτ,
1319 990 1381 1049 οῦ
1412 991 1480 1066 ἦν
1527 994 1847 1063 τεθραμμέ-

253 1111 367 1156 νος,
401 1094 498 1145 καὶ
549 1091 772 1160 εἰσῆλθε
819 1091 962 1144 κατά
991 1090 1054 1142 τὸ
1079 1088 1274 1152 είωθδς
1304 1087 1456 1156 αὐτῷ
1487 1089 1542 1139 ιν
1571 1089 1639 1156 τῇ
1667 1087 1852 1156 ἡμέρᾳ.

252 1185 365 1238 τῶν
411 1181 750 1243 Σαϐϐάτων,
795 1183 876 1243 εἰς
917 1183 1018 1250 τὴν
1071 1179 1448 1247 Συναγωγὴν,
1502 1180 1596 1231 καὶ
1647 1180 1848 1246 ἀνέστη

253 1275 589 1342 ἀναγνῶναι,
639 1273 734 1327 καὶ
783 1271 1016 1341 ἐπεδόθη
1044 1270 1193 1340 αὑτῷ
1230 1269 1435 1339 βιϐλίον
1503 1269 1722 1322 Ἡσαΐου
1755 1267 1850 1322 τοῦ

256 1367 542 1436 προφήτου
565 1382 580 1395 ο
616 1366 712 1418 καὶ
763 1361 1079 1429 ἀναπτύξας
1111 1364 1172 1415 τδ
1207 1361 1436 1432 βιϐλίον,
1477 1355 1604 1430 εῦρε
1635 1361 1728 1413 τὸν
1759 1360 1852 1411 τό-

256 1475 360 1511 πον
401 1451 461 1510 οῦ
493 1453 560 1526 ἦν
599 1456 992 1525 γεγραμμένον
1017 1472 1028 1484 ·
1069 1453 1296 1522 Πνεῦμα
1340 1451 1549 1522 Κυρίου
1597 1451 1683 1505 ἐπ’
1734 1453 1856 1518 ἐμὲ,

254 1541 320 1603 οὗ
361 1548 548 1600 ἕνεκεν
596 1547 780 1615 ἔχρισέ
821 1561 888 1613 με
919 1585 932 1608 ,
967 1543 1424 1612 εὐαγγελίσασθαι
1474 1546 1708 1612 πτωχοῖς
1747 1545 1855 1596 ἀπο

257 1640 486 1692 έσταλκέ
522 1656 610 1708 με·
638 1637 893 1691 ἰάσασθαι
918 1639 1044 1698 τοὺς
1071 1637 1566 1707 συντετριμμένους
1599 1639 1694 1707 τὴν
1719 1653 1857 1705 καρ-

2034 990 2198 1041 V’ens.
2238 987 2422 1039 lli-2|.
2469 1004 2484 1036 ι
2522 984 2587 1039 Ει
2623 985 2769 1038 venit
2823 983 3117 1047 Nazaretli,
3161 984 3251 1037 ubi
3301 994 3419 1038 erat
3453 1000 3553 1038 nu-

1963 1080 2123 1132 tritus
2157 1095 2170 1132 :
2207 1087 2260 1131 et
2291 1075 2514 1128 intravit
2564 1075 2866 1126 secundum
2917 1069 3367 1126 consuetudinem
3397 1076 3550 1126 suam

1959 1172 2050 1225 die
2087 1169 2454 1224 Sabbatorum
2485 1167 2539 1220 in
2573 1165 2937 1237 Synagogam,
2968 1174 3024 1220 et
3049 1165 3284 1218 surrexit
3319 1172 3376 1217 ut
3404 1163 3554 1232 lege-

1959 1273 2063 1318 ret.
2096 1261 2163 1316 Et
2189 1261 2423 1316 traditus
2457 1269 2542 1314 est
2577 1260 2651 1312 illi
2699 1259 2837 1312 liber
2866 1257 3017 1312 Isaiae
3066 1258 3346 1327 prophetae
3376 1273 3390 1311 :
3421 1267 3472 1312 et
3498 1269 3556 1312 ut

1959 1355 2222 1426 explicuit
2243 1354 2473 1417 librum,
2505 1353 2716 1406 invenit
2766 1351 2943 1406 locum
2983 1351 3070 1405 tibi
3103 1353 3368 1420 scriptum
3396 1349 3552 1406 ei-at:

1964 1449 2204 1518 Spiritus
2262 1447 2474 1500 Domini
2518 1462 2681 1512 super
2732 1459 2836 1504 me.
2891 1455 3180 1512 propterea
3220 1445 3364 1511 quod
3401 1445 3556 1498 unxit

1961 1557 2087 1604 me,
2132 1538 2201 1593 ad
2246 1537 2732 1606 evangelizandnm
2783 1537 3113 1605 pztttpet‘llltts
3157 1537 3304 1588 misit
3343 1551 3461 1600 me,
3499 1546 3558 1589 nt

1962 1648 2148 1688 sanem
2186 1633 2451 1684 contritos
2477 1630 2662 1692 corde,
2699 1640 2757 1681 ut
2784 1629 3066 1694 praedicem
3094 1629 3326 1696 captivis
3365 1630 3556 1682 remis-

257 1730 417 1784 δίανο
476 1729 714 1799 κηρύξαι
774 1728 1145 1800 αἰχμαλώτοις
1196 1729 1434 1799 ἄφεσιν,
1487 1729 1581 1782 καὶ
1633 1727 1855 1796 τυφλοῖς

1961 1724 2192 1785 sionem,
2231 1732 2286 1777 et
2312 1721 2474 1776 cazcis
2514 1721 2710 1780 visum,
2758 1729 2814 1772 ut
2841 1719 3085 1771 cmittam
3124 1719 3431 1773 (unfractos
3463 1733 3558 1787 per

258 1821 586 1888 ἀνάϐλεψιν·
643 1821 965 1873 ἀποστεῖλαι
1024 1819 1470 1890 τεθραυσμένους
1512 1821 1570 1872 ὲν
1618 1819 1850 1887 ἀφέσειο

265 1912 503 1982 κηρύξαι
557 1912 805 1964 ἐνιαυτὸν
863 1913 1071 1982 Κυρίου
1128 1914 1338 1965 δεκτόν.
1397 1914 1507 1966 Καὶ
1558 1911 1768 1978 πτύξας
1795 1910 1858 1963 τὸ

259 2005 486 2074 βιϐλίον.
528 2005 762 2067 ἀποδοὺς
795 2005 875 2075 τῷ
902 2004 1176 2077 ὑπηρέτῃ,
1207 2006 1434 2059 ἐκάθισε
1467 2022 1479 2034 ο
1518 2006 1614 2060 καὶ
1638 2007 1858 2058 πάντων

255 2098 306 2148 οἱ
341 2096 616 2166 ὀφθαλμοὶ
644 2101 703 2150 έν
722 2100 788 2167 τῇ
818 2098 1118 2167 Συναγωγῇ
1140 2093 1283 2168 ἦσαν
1312 2099 1652 2160 ἀτενίζοντες
1682 2095 1853 2165 αύτῷ.

260 2189 508 2258 Ἠρξατο
536 2189 592 2243 δὲ
622 2189 805 2257 λέγειν
838 2190 974 2260 πρὸς
1006 2191 1227 2253 αὐτοὺς,
1253 2191 1333 2242 ὅτι
1359 2189 1607 2260 Σήμερον
1647 2189 1856 2258 πεπλή-

260 2298 432 2351 ρωται
459 2284 492 2350 ὴ
522 2281 712 2354 Γραφὴ
738 2280 876 2350 αὕτη
897 2283 955 2334 ὲν
983 2284 1094 2345 τοῖς
1121 2281 1254 2334 ὠσὶν
1282 2282 1456 2351 ὑμῶν.
1495 2300 1513 2332 ι
1565 2280 1859 2334 Ἠϐούλετο

261 2371 365 2442 μὲν
391 2373 420 2425 ὁ
444 2373 650 2445 Κύριος
681 2373 898 2443 ἐμφανῆ
923 2373 1116 2426 ἑαυτὸν
1156 2375 1497 2442 καταστῆσαι
1530 2375 1643 2436 τοῖς
1679 2374 1856 2444 Ἰσρα-

258 2466 496 2536 ηλίταις,
530 2466 622 2518 καὶ
656 2467 739 2520 ὅτι
782 2465 934 2537 παρά
965 2465 1061 2520 τοῦ
1092 2465 1228 2518 Θεοῦ
1255 2466 1347 2520 καὶ
1387 2465 1600 2535 Πατρὸς
1629 2465 1857 2536 ἑχρίσίὶη

259 2557 342 2618 εἰς
363 2557 426 2610 τὸ
451 2557 623 2610 σῶσαι
668 2557 796 2621 τοὺς
829 2556 920 2610 ὑπ*
973 2557 1227 2627 οὐρανόν.
1286 2557 1622 2627 Θαυμασίως
1661 2559 1718 2611 δὲ
1764 2560 1860 2611 καὶ

256 2647 421 2703 τοῦτο
455 2651 752 2717 οίκονομεῖ.
813 2651 925 2719 Ι]ρῦ
975 2650 1086 2702 τῶν
1141 2649 1316 2703 ἄλλων
1368 2654 1482 2713 τοῖς
1515 2653 1573 2704 ὲν
1603 2651 1858 2721 Ναζαρὲτ

258 2741 455 2795 ἑαυτὸν
509 2741 852 2811 ἐμφανίζων,
883 2738 968 2806 οἷς
1002 2742 1382 2813 συνανετράφη
1408 2759 1423 2774 ο
1465 2743 1552 2796 ἵνα
1584 2745 1676 2797 καὶ
1710 2745 1858 2813 ἡμᾶς

258 2833 472 2904 διδάξῃ,
515 2834 782 2904 πρότερον
813 2834 941 2896 τοὺς
969 2834 1205 2900 οίκείους
1246 2837 1584 2906 εὐεργετεῖν,
1611 2836 1709 2888 καὶ
1736 2836 1859 2888 τού-

259 2942 387 2988 τους
415 2925 774 2990 ἑκδιδάσκειν,
809 2923 928 2980 εἶτα
955 2927 1048 2978 καὶ
1080 2927 1162 2990 εἰς
1197 2928 1325 2991 τοῦς
1350 2928 1572 2992 λοιποὺς
1599 2931 1698 2998 τὴν
1737 2931 1858 2998 φιλ-

260 3015 582 3086 ανθρωπίαν
649 3017 886 3086 έκχέειν.
957 3017 1234 3072 Ἐπιδοθὲν
1297 3020 1355 3073 δὲ
1437 3021 1587 3093 αὐτῷ
1653 3022 1856 3093 βιϐλίον

1961 1813 2364 1876 remissionem,
2391 1823 2446 1867 ut
2467 1811 2756 1881 prazdicem
2785 1825 2986 1864 annum
3008 1811 3221 1864 Domini
3247 1821 3553 1881 acceptum.

1963 1907 2026 1960 Et
2057 1907 2388 1976 complicato
2432 1907 2570 1964 libro
2624 1903 2858 1958 reddidit
2911 1905 3186 1971 ministro,
3236 1920 3301 1959 ac
3331 1905 3555 1960 resedit.

1959 1997 2028 2052 Et
2064 2001 2306 2052 omnium
2342 1999 2394 2052 in
2434 1997 2717 2068 Synagoga
2756 1997 2895 2050 oculi
2932 2007 3089 2050 erant
3120 1998 3282 2052 defixi
3322 1999 3373 2052 in
3408 2012 3554 2051 eum.

1958 2091 2136 2159 Cmpit
2167 2102 2349 2144 autem
2381 2091 2566 2144 dicere
2597 2091 2662 2144 ad
2696 2091 2854 2144 illos:
2881 2089 3054 2144 Hodie
3081 2093 3297 2157 impleta
3335 2100 3420 2144 est
3444 2092 3557 2145 haec

1961 2186 2244 2253 Scriptura
2309 2184 2360 2236 iu
2413 2185 2637 2238 auribus
2703 2185 2919 2238 vestris.
2969 2203 2986 2236 ι
3043 2183 3274 2238 Volebat
3335 2185 3554 2254 quidem

1959 2277 2118 2333 Jesus
2169 2278 2516 2330 manifestum
2555 2292 2614 2330 se
2645 2277 2869 2330 reddere
2925 2277 3210 2342 lsraelitis,
3246 2288 3301 2331 et
3345 2279 3489 2347 quod
3527 2294 3556 2331 a

1963 2375 2169 2428 Deo-ac
2203 2371 2366 2426 Patre
2400 2381 2600 2427 unctus
2638 2375 2704 2428 sit
2734 2386 2787 2427 ut
2820 2375 2991 2430 salvet
3020 2391 3113 2430 cos
3146 2377 3238 2445 qui
3281 2375 3384 2429 sub
3420 2375 3558 2432 celo

1963 2473 2108 2517 sunt.
2137 2461 2271 2516 Cum
2306 2478 2496 2535 magna
2531 2466 2894 2520 admiratione
2925 2475 2978 2521 et
3013 2469 3115 2521 hoc
3134 2469 3262 2537 agit.
3294 2467 3413 2523 Pra:
3436 2469 3558 2524 aliis

1963 2566 2142 2610 autem
2191 2573 2248 2612 se
2297 2557 2593 2612 Nazarenis
2649 2577 2768 2613 cum
2826 2561 3027 2630 quibus
3091 2565 3554 2646 coiiversabatpr,

1964 2650 2276 2704 manifestat
2311 2670 2322 2704 :
2358 2662 2413 2704 ut
2445 2661 2498 2705 et
2532 2666 2628 2705 nos
2679 2651 2894 2716 doceat,
2937 2653 3172 2721 primum
3221 2664 3274 2708 et
3323 2657 3559 2724 propriis

1964 2738 2312 2804 benefacere,
2364 2755 2529 2813 atque
2576 2743 2698 2798 illus
2754 2744 2976 2810 docere,
3016 2755 3072 2800 et
3111 2756 3299 2816 postea
3336 2747 3388 2800 in
3425 2747 3562 2805 alios

1964 2843 2180 2897 quoque
2233 2830 2624 2900 benignitatem
2663 2832 3075 2888 transfundere.
3112 2832 3286 2890 Porro
3314 2835 3560 2891 oblatum

1962 2921 2066 2977 sibi
2087 2922 2282 2976 librum
2313 2901 2545 2991 aperuit,
2574 2941 2637 2979 ac
2664 2926 2891 2990 invenit,
2911 2942 3018 2980 non
3044 2927 3184 2995 quod
3210 2925 3351 2982 forte
3371 2942 3564 2983 occur-

1965 3015 2056 3079 rit,
2081 3014 2246 3085 300
2275 3021 2366 3070 sed
2393 3018 2534 3086 quod
2584 3018 2699 3086 ipse
2747 3019 2935 3074 voluit.
2981 3019 3062 3076 Ne
3097 3021 3241 3074 enim
3274 3023 3560 3078 existimes

261 3107 550 3175 ἁνέπτυξε,
594 3112 689 3162 καὶ
731 3104 912 3176 εῦρεν,
951 3110 1051 3179 οὐχ
1080 3111 1106 3162 ὃ
1135 3113 1466 3182 παρέτυχεν,
1500 3113 1617 3165 ἀλλ’
1640 3113 1668 3166 ὃ
1702 3113 1858 3184 ὴϐού-

1966 3107 2104 3162 [οι-ιε
2143 3119 2332 3178 aperto
2382 3109 2523 3164 llbro
2559 3109 2817 3166 incidisse
2852 3127 2976 3166 eum
3015 3114 3066 3166 in
3112 3113 3263 3167 illum
3298 3113 3474 3169 locum
3505 3117 3558 3171 in

261 3200 388 3252 λετο
439 3202 622 3264 αὐτος.
667 3202 759 3259 Μὴ
798 3202 905 3272 γάρ
955 3202 1164 3271 νόμιζε,
1222 3205 1302 3257 ὅτι
1358 3204 1499 3258 κατὰ
1564 3207 1856 3277 συντυχίαν

260 3293 576 3358 ἀωίξαντος
601 3294 766 3346 αὑτοῦ
797 3295 858 3346 τὸ
890 3293 1119 3364 βιϐλίον,
1153 3296 1352 3367 εὑρέθη
1379 3299 1589 3361 ὀτόπος
1624 3302 1852 3364 ἐκεῖνος,

261 3380 325 3440 οὗ
361 3387 673 3459 ἐγέγραπτο
703 3388 771 3440 τά
796 3390 924 3458 περὶ
957 3389 1125 3442 αὐτοῦ
1148 3407 1160 3420 ·
1191 3391 1306 3444 ἀλλ’
1331 3392 1497 3444 αὑτοῦ
1529 3392 1858 3461 θελήσαντος

262 3477 424 3530 τοῦτο
449 3480 688 3545 ἐγένετο.
718 3481 782 3532 Τί
801 3480 852 3532 δὲ
874 3481 1221 3551 ὲγέγραπτο;
1248 3484 1371 3536 ’Ότι
1407 3482 1623 3552 πνεῦμα
1653 3484 1858 3552 Κυρίου

265 3569 449 3638 ἐχρισὲ
476 3587 565 3639 με,
585 3571 887 3635 τουτέστιν,
913 3575 1187 3644 ἀφιέρωσέ
1220 3593 1308 3644 με.
1335 3577 1657 3644 Κατέστησέ
1682 3594 1749 3645 με
1782 3580 1859 3640 εἱς

265 3664 327 3715 τὸ
354 3663 819 3731 εὐαγγελίσασθαι
842 3670 953 3730 τοῖς
981 3673 1243 3738 πτωχοῖς,
1276 3671 1526 3721 τουτέστι
1572 3672 1682 3733 τοῖς
1713 3671 1859 3722 ἔθνε-

267 3773 354 3809 σιν
380 3797 395 3822 ,
433 3757 469 3808 ἃ.
501 3757 622 3810 οὒτε
659 3759 840 3826 νόμον,
880 3759 1004 3813 οῦτε
1057 3764 1345 3832 προφήτας
1397 3764 1610 3832 ἔχοντα,
1639 3764 1717 3834 τῷ
1746 3765 1859 3818 ὄντι

268 3849 330 3901 ὲν
360 3847 528 3918 πολλῇ
566 3850 810 3919 πτωχείᾳ
858 3846 1027 3919 ἦσαν·
1065 3854 1112 3905 oi
1157 3853 1212 3905 δὶ
1247 3856 1709 3924 συντετριμμένοι
1761 3855 1861 3926 τὴν

267 3939 530 4007 καρδίαν,
595 3935 734 4009 ἦσαν
799 3941 939 4010 τάχα
985 3943 1034 3995 οἱ
1092 3943 1151 4007 ἐξ
1209 3943 1459 4016 Ἰσραὴλ,
1534 3939 1608 3999 ὧν
1647 3948 1679 4016 ἡ
1725 3963 1862 4017 κικρ⁴

263 4032 354 4084 δία
402 4033 664 4102 πρότερον
721 4035 930 4105 μεγάλη
967 4054 1024 4088 τε
1066 4031 1134 4106 ἦν
1170 4037 1266 4090 κέ).
1303 4039 1505 4108 ὑψηλὴ,
1563 4039 1656 4091 καὶ
1710 4034 1860 4101 οἶκος

265 4123 423 4177 Θεοῦ.
453 4124 718 4194 ’Ύστερον
745 4126 801 4179 δὲ
825 4127 1430 4198 είδωλολατρησάντων,
1467 4130 1560 4183 καὶ
1586 4129 1861 4201 διαφόρως

263 4216 666 4286 ἁμαρτόντωνη
719 4220 1010 4289 συνετρίϐη
1045 4221 1076 4289 ἠ
1115 4221 1311 4285 καρδία
1359 4222 1561 4288 αὐτῶν,
1596 4224 1685 4274 καὶ
1725 4240 1859 4275 κατ-

264 4309 455 4377 ελύθη,
478 4311 598 4361 ἀντὶ
641 4310 739 4363 τοῦ
768 4307 915 4373 οἶκος
949 4307 1086 4364 εἶναι
1109 4314 1264 4377 Θεοῦ,
1297 4315 1565 4387 γενομένη
1597 4317 1861 4387 σπήλαιον

1961 3214 2071 3270 quo
2113 3199 2230 3254 haec
2275 3200 2342 3253 de
2389 3201 2505 3272 ipso
2556 3203 2758 3271 scripta
2796 3213 2954 3259 erant
2987 3222 3001 3259 :
3037 3221 3160 3258 nam
3196 3206 3314 3276 ipso
3347 3208 3561 3263 volente

1961 3291 2067 3345 hoc
2103 3291 2323 3346 accidit.
2360 3293 2498 3359 Quid
2551 3305 2745 3353 autem.
2795 3297 3056 3364 scriptum
3119 3299 3272 3352 erat?
3324 3299 3563 3370 Spiritus

1966 3383 2179 3438 Domini
2235 3386 2393 3438 unxit
2429 3403 2538 3448 uie.
2573 3388 2674 3442 hoc
2706 3397 2812 3452 est,
2844 3392 3184 3445 consecravit
3216 3408 3323 3459 me,
3356 3397 3564 3448 consti-

1966 3477 2066 3530 tuit
2097 3491 2203 3539 me,
2239 3487 2299 3528 ut
2325 3482 2760 3545 evangelizaretu
2790 3484 3144 3550 pauperibus,
3177 3486 3278 3538 llOC
3299 3496 3403 3551 est,
3433 3502 3564 3556 gen-

1966 3569 2109 3623 tibus
2147 3585 2267 3637 quac
2296 3585 2471 3638 neque
2505 3572 2700 3640 legem,
2729 3590 2904 3642 neque
2939 3579 3230 3647 prophetas
3265 3579 3561 3644 habebant,

1964 3668 2019 3714 et
2068 3676 2256 3714 revera
2307 3662 2461 3716 valde
2517 3679 2785 3730 pauperes
2847 3679 3027 3720 erant.
3089 3669 3325 3725 Contriti
3380 3683 3561 3727 autem

1964 3755 2130 3806 conde
2176 3751 2428 3809 fortassis
2460 3756 2680 3809 fuerunt
2704 3757 2989 3828 lsraelilaz,
3027 3779 3261 3830 quorum
3287 3781 3383 3819 cor
3412 3769 3563 3835 prius

1965 3845 2069 3900 fuit
2109 3863 2363 3915 maguum
2397 3858 2450 3903 et
2482 3851 2737 3918 sublime,
2771 3865 2826 3908 et
2863 3855 3054 3910 domus
3086 3857 3202 3913 Dei.
3238 3858 3432 3915 Postea
3462 3879 3559 3916 au-

1968 3946 2073 3992 tem
2114 3937 2203 3992 ubi
2254 3954 2452 3996 vacare
2507 3954 2792 4013 coeperunt
2847 3946 3031 4012 idolis,
3079 3960 3133 4003 et
3170 3952 3338 4006 variis
3389 3955 3565 4010 modis

1967 4040 2288 4098 peccarunt,
2318 4034 2612 4089 contritum
2634 4047 2688 4089 et
2721 4039 3059 4094 destructum
3091 4051 3177 4097 est
3200 4059 3297 4099 cor
3322 4045 3563 4113 illorum,

1969 4121 2070 4176 boc
2102 4132 2209 4189 est,
2270 4125 2462 4180 domus
2501 4126 2592 4182 Dei
2646 4128 2786 4182 facta
2823 4141 2906 4185 est
2961 4136 3219 4202 spelunca
3266 4137 3562 4196 latronum.

1969 4214 2131 4269 Venit
2167 4216 2332 4286 igitur
2372 4216 2636 4274 Dominus
2665 4230 2722 4275 ut
2753 4237 2804 4276 et
2836 4224 2956 4280 illos
2979 4240 3217 4295 sanaret,
3252 4241 3304 4284 et
3337 4232 3564 4300 captivis

1969 4310 2345 4364 remissionem
2393 4315 2573 4378 daret,
2605 4325 2657 4369 et
2694 4318 2852 4371 caecis
2883 4319 3080 4386 visum,
3111 4321 3214 4377 hoc
3271 4333 3356 4379 est
3386 4328 3566 4396 genti-

263 4399 500 4470 λπστῶν.
534 4395 739 4452 *Ηλθεν
769 4398 862 4456 οῦν
895 4405 920 4455 δ
946 4405 1171 4472 Κύριος,
1207 4406 1293 4458 ἵνα
1316 4411 1406 4459 καὶ
1446 4407 1669 4472 τούτους
1700 4412 1857 4482 ἰάση-

265 4509 344 4512 μν
426 4494 667 4512 --λίθον
760 4496 770 4512 ,
1145 4499 1185 4512 μ.
1266 4500 1286 4512 ..
1584 4503 1594 4512 .
1748 4504 1830 4512 ._

1971 4401 2068 4456 bus
2087 4413 2142 4456 et
2166 4401 2390 4459 Judzeis.
2426 4407 2602 4461 Ambo
2622 4409 2768 4463 enim
2795 4410 2871 4462 illi
2893 4412 3073 4482 p0puli
3096 4422 3153 4469 et
3173 4417 3377 4486 captivi
3398 4395 3561 4474 erant

263 4509 374 4556 ται,
424 4494 517 4545 καὶ
561 4495 672 4556 τοῖς
718 4496 1086 4563 αἰχμαλώτοις
1141 4499 1196 4551 δὲ
1257 4500 1474 4567 ἄφεσιν,
1510 4503 1605 4555 καὶ
1639 4504 1861 4572 τυφλοῖς

263 4585 562 4654 ἀνάϐλεψιν
584 4585 682 4656 δῴ,
715 4589 827 4651 τοῖς
857 4605 914 4640 τε
949 4589 1005 4654 ἐξ
1033 4589 1204 4642 ὲΟνῶν
1234 4596 1328 4644 καὶ
1369 4596 1481 4655 τοῖς
1516 4594 1574 4658 ἐξ
1619 4595 1856 4665 Ἰσραήλ.

279 4679 596 4748 ’Δμφότερα
625 4680 735 4751 γὰρ
763 4682 937 4734 ταῦτα
957 4683 1024 4734 τὰ
1052 4683 1192 4754 μέρη
1239 4686 1333 4738 καὶ
1369 4687 1692 4756 αἰχμάλωτα
1718 4685 1860 4760 ἦσαν

264 4771 372 4823 ὑπὸ
423 4772 514 4823 τὸν
564 4771 832 4838 Σατανᾶν,
889 4774 986 4825 καὶ
1034 4776 1232 4844 τυφλά.
1287 4777 1639 4834 Δύνανταιδὲ
1686 4782 1860 4836 ταῦτα

263 4863 526 4933 νοηθῆναι
568 4867 662 4918 καὶ
695 4868 827 4936 περὶ
861 4869 968 4919 τῶν
1003 4870 1214 4939 νεκρῶν
1246 4886 1258 4898 ·
1299 4875 1394 4924 καὶ
1424 4867 1571 4927 οῦτοι
1600 4875 1708 4946 γὰρ
1735 4881 1859 4947 αἰχ-

270 4957 510 5027 μάλωτοι
565 4958 716 5022 ὄντες
757 4961 852 5013 καὶ
886 4960 1304 5032 τεθραυσμένοι,
1354 4967 1709 5040 ἀπελύθησαν
1754 4971 1857 5040 τῆς

264 5050 360 5105 τοῦ
388 5051 515 5123 ᾅδου
551 5051 798 5118 ἐξουσίας
833 5054 926 5108 διά
973 5055 1079 5120 τῆς
1109 5059 1462 5122 ἀναστάσεως
1485 5077 1498 5090 ο
1539 5064 1773 5133 ἐκήρυξε
1805 5066 1861 5119 δὲ

266 5141 363 5196 καὶ
393 5144 640 5196 ὶνιαυτὸν
674 5145 886 5200 δεκτόν.
925 5145 1023 5210 Τίς
1054 5141 1109 5201 δὲ
1141 5145 1208 5219 ἦν
1241 5154 1268 5204 ὁ
1299 5153 1547 5216 ἔνιαυτδς
1579 5157 1607 5208 ὁ
1633 5155 1855 5223 δεκτόςς

266 5231 418 5302 Τάχα
475 5232 575 5303 μὲν
623 5236 716 5287 καὶ
747 5238 774 5288 ὀ
812 5238 1023 5306 μέλλων
1064 5241 1224 5306 αἰὼν,
1267 5246 1395 5312 περὶ
1447 5238 1507 5297 οὗ
1541 5248 1808 5318 ἐκήρυξεν
1833 5253 1860 5303 ὁ

268 5323 496 5394 Κύριος,
532 5328 707 5396 λέγων
732 5346 745 5359 ⁸
788 5331 876 5384 Ἐν
907 5333 1088 5404 ἐκείνῃ
1121 5339 1185 5404 τῇ
1216 5337 1398 5407 ἡμέρᾳ
1419 5340 1520 5392 οὐκ
1555 5343 1861 5412 ὲρωτήσετέ

270 5435 336 5488 με
368 5420 545 5475 οὐδέν.
604 5423 715 5474 Καὶ
767 5425 932 5478 πάλιν
954 5442 968 5456 ·
1011 5427 1274 5497 Ἔρχεται
1307 5431 1427 5502 ὦρα
1475 5434 1562 5487 ὅτε
1594 5436 1645 5487 οἱ
1675 5441 1862 5508 νεκροὶ

141 5523 164 5529 ί
266 5511 686 5580 ἀναστήσονται.
740 5516 940 5579 Δεκτὸς
985 5515 1043 5569 δέ
1084 5519 1233 5571 ἐστιν
1288 5521 1496 5586 ἐκεῖνος
1529 5525 1556 5577 ὀ
1590 5527 1860 5592 ἐνιαυτὸς,

264 5605 572 5668 τουτέστιν,
619 5606 959 5678 ἐπιθυμητὸς
996 5613 1108 5674 τοῖς
1138 5611 1371 5677 δικαίοις
1412 5617 1504 5669 καὶ
1535 5619 1860 5690 ἐπέραστοςο

194 5773 197 5775 _
267 5695 328 5750 δν
363 5698 757 5768 προσδέχονται
810 5703 1014 5767 πάντες
1063 5706 1112 5758 ol
1162 5706 1402 5761 ἐνταῦθα
1459 5711 1817 5784 ἐργαζόμενοι
1846 5733 1858 5745 ο

345 5865 388 5895 ³⁸
422 5865 463 5918 ιι
492 5867 618 5921 Cor.
671 5884 744 5933 vt,
776 5869 828 5922 2.

1968 4493 2070 4548 sub
2132 4493 2352 4560 Satana,
2410 4513 2472 4552 ac
2517 4501 2668 4554 caeci.
2715 4499 2954 4557 Possunt
3002 4520 3181 4560 autem
3218 4508 3333 4563 hare
3389 4523 3442 4564 et
3501 4514 3566 4568 de

1967 4589 2198 4644 mortuis
2259 4589 2511 4661 intelligi.
2551 4593 2724 4648 Erant
2774 4599 2919 4651 enim
2952 4609 3009 4653 et
3053 4601 3128 4656 illi
3165 4605 3365 4672 captivi
3404 4616 3565 4677 atque

1961 4680 2155 4747 saucii,
2217 4681 2546 4756 liberalique
2589 4698 2714 4742 sunt
2737 4705 2769 4743 a
2804 4701 3078 4760 potestate
3109 4695 3310 4752 inferni
3346 4717 3443 4768 per
3475 4719 3563 4757 re-

1960 4775 2383 4831 surrectionem.
2420 4779 2742 4837 Przedicavit
2777 4784 2905 4839 item
2936 4794 2989 4841 et
3017 4803 3218 4844 annum
3253 4804 3563 4861 acceptum.

1961 4865 2094 4930 Quis
2149 4876 2330 4924 autem
2394 4871 2496 4924 fuit
2561 4889 2738 4930 annus
2794 4878 2881 4932 ille
2935 4888 3230 4951 acceptus?
3289 4883 3566 4945 Fortassis

1963 4960 2219 5014 saeculum
2279 4963 2549 5032 futurum,
2587 4969 2652 5022 de
2686 4985 2793 5037 quo
2830 4975 3144 5040 prmdicavit
3180 4977 3444 5035 Dominus
3479 4984 3567 5039 di-

1962 5065 2092 5106 cens
2126 5071 2138 5106 :
2177 5053 2232 5108 In
2265 5057 2354 5110 die
2385 5058 2471 5112 illa
2513 5076 2618 5114 nou
2672 5062 3083 5135 interrogabitis
3118 5087 3203 5126 me
3237 5077 3560 5145 quidquam.

1964 5143 2029 5200 Et
2062 5147 2257 5201 iterum
2293 5168 2308 5204 :
2344 5149 2505 5207 Venit
2544 5153 2677 5209 hora
2733 5162 2953 5227 quando
2990 5165 3188 5217 mortui
3243 5143 3558 5239 resurgent.

1966 5245 2243 5316 Acceptus
2269 5261 2452 5305 autem
2485 5263 2568 5308 est
2609 5254 2702 5310 ille
2734 5272 2931 5324 annus,
2984 5260 3087 5315 lioc
3110 5272 3194 5318 est
3224 5262 3564 5323 desiderabi-

1965 5339 2051 5406 lis,
2081 5352 2133 5394 et
2159 5341 2322 5411 justis
2355 5347 2606 5402 amabilis
2642 5365 2656 5402 :
2694 5365 2856 5417 quem
2890 5366 3213 5422 exspectant
3253 5374 3443 5416 omnes
3469 5365 3564 5432 qui

1966 5434 2054 5488 hic
2101 5451 2419 5504 eperantur.
2456 5440 2552 5494 Est
2583 5451 2762 5496 autem
2810 5453 2864 5499 et
2901 5455 3113 5516 tempus
3164 5447 3430 5507 Dominici
3464 5455 3565 5509 ad-

1964 5540 2157 5585 ventus
2192 5531 2244 5584 in
2285 5547 2451 5588 carne
2507 5551 2682 5591 annus
2737 5552 2996 5609 acceptus
3034 5544 3144 5599 :de
3195 5560 3306 5616 quo
3358 5545 3564 5604 Paulus

1966 5626 2143 5680 dicit:
2185 5646 2203 5679 ι
2251 5627 2407 5682 Nunc
2465 5639 2676 5702 tempus
2729 5644 2811 5688 est
2866 5640 3222 5708 acceptabile,
3275 5656 3420 5696 nunc
3449 5643 3566 5698 dies

1967 5717 2160 5773 salutis
2193 5719 2261 5772 “.
2305 5739 2322 5771 ι
2371 5719 2542 5779 Porro
2579 5725 2668 5779 ubi
2706 5726 2821 5783 haec
2865 5728 3018 5801 legit,
3048 5732 3226 5789 dixit:
3257 5731 3430 5790 Hodie
3461 5737 3568 5794 im-
