4272 6438
710 408 807 471 751

1628 393 2208 457 THEOPHYLACTI
2258 375 2673 454 BULGABIE
2706 386 3060 452 ARCHIEP.

3877 380 3989 445 ’152

709 525 851 590 picta
879 526 960 571 est
992 516 1258 585 scriptura
1314 512 1426 567 hrc
1457 512 1511 564 in
1547 509 1767 564 auribus
1826 508 2046 568 vestris,
2100 508 2272 560 mani-
2308 507 2396 573 ΑΙ

2308 521 2353 573 Α
2380 505 2499 559 [στι
2526 504 2591 559 ει
2623 505 2718 558 καὶ
2748 505 2776 558 6
2802 505 2902 571 τῆς
2952 502 3046 555 τοῦ
3078 502 3315 573 κυρίου
3363 499 3423 553 ιν
3466 497 3634 569 σαρκὶ
3681 498 3988 568 ῑπιδημίας

711 610 847 662 reste
875 622 933 660 se
970 604 1316 657 audientibus
1360 599 1771 659 commendans,
1804 596 1927 664 quia
1971 595 2093 663 ipse
2117 595 2187 648 sit
2214 594 2283 649 de

709 716 814 767 quo
846 702 957 752 hac
984 698 1180 763 scripta
1212 692 1433 747 fuerint.

2396 598 2588 667 καιρὸς
2638 596 2885 657 ἐνιαυτὸς
2950 594 3141 655 δεκτός
3164 610 3177 623 ·
3228 592 3357 661 περὶ
3384 584 3447 642 οὗ
3486 592 3514 643 6
3548 588 3761 651 Παῦλος
3798 591 3973 656 λέγει·

2397 708 2415 739 t
2445 688 2559 741 Νῦν
2587 689 2774 755 καιρὸς
2809 686 3209 755 εὐπρόσδεκτος
3233 702 3245 715 ⁸
3280 683 3376 737 νῦν
3402 683 3579 753 ἡμέρα
3610 682 3909 750 σωτηρίας.
3955 701 3975 731 ι

723 791 1013 856 ’Δ-ιαγνοὺς
1043 788 1099 839 δὲ
1145 782 1343 848 ταῦτα,
1388 780 1531 843 εἶπε,
1591 782 1837 849 Σήμερον
1870 779 2230 849 πεπλήρωται
2292 780 2326 849 ἡ
2366 780 2556 851 Γραφὴ
2610 780 2751 849 αὕτη
2796 780 2853 830 ὲν
2921 782 3031 841 τοῖς
3081 778 3213 830 ὠσὶν
3268 776 3440 845 ὑμῶν,
3478 774 3729 844 φανερῶς
3787 775 3990 827 ἑαυτλν

710 882 986 951 παριστῶν
1039 882 1150 941 τοῖς
1192 878 1502 940 ἀκούουσιν,
1560 877 1640 927 ὅτι
1682 875 1841 937 αὐτὸς
1890 876 2003 926 ἐστι
2055 874 2183 943 περὶ
2212 868 2273 928 οὗ
2310 876 2481 928 ταῦτα
2502 875 2835 943 γέγραπται.

783 978 949 1031 Vsus.
978 976 1167 1028 22-50.
1201 992 1217 1023 t
1253 974 1314 1027 Et
1343 986 1528 1026 omnes
1563 972 1929 1025 testiinonium
1963 970 2034 1022 Illi
2064 969 2259 1023 dabant

707 1084 767 1120 ac
802 1070 1135 1119 mirabantur
1187 1079 1352 1132 super
1400 1063 1573 1131 gratia
1610 1077 1922 1116 sermonum
1972 1062 2063 1129 qui
2097 1076 2282 1127 proce-

707 1163 905 1215 debant
940 1176 1005 1211 ex
1041 1173 1134 1210 ore
1166 1158 1365 1223 ipsius,
1423 1157 1783 1222 dicebantque
1812 1172 1826 1208 :
1861 1153 2047 1207 Nanne
2084 1153 2167 1227 hic
2198 1163 2281 1207 est

710 1256 849 1305 titius
886 1249 1120 1316 Ioseph?
1150 1247 1211 1301 Et
1238 1250 1313 1300 ait
1348 1247 1449 1300 illis
1478 1262 1491 1298 :
1517 1245 1749 1299 Omnino
1776 1244 1967 1298 dicetis
1985 1243 2115 1297 mihi
2145 1244 2283 1296 hanc

707 1346 806 1395 siut
835 1343 1136 1401 litudinetn,
1179 1339 1412 1399 Mediee,
1447 1353 1572 1391 cura
1627 1338 1878 1405 teipsnnt.
1931 1335 2275 1401 Qum-cunque

709 1435 1013 1487 audivimus
1053 1436 1186 1483 tacta
1221 1430 1271 1481 in
1305 1429 1665 1497 Capet-nanm,
1712 1427 1795 1479 fac
1824 1436 1878 1480 et
1907 1429 1991 1480 hie
2024 1429 2073 1478 iti
2105 1427 2276 1493 patria

712 1534 819 1577 tua.
857 1523 940 1576 Ait
974 1532 1151 1573 autem
1192 1536 1204 1570 :
1244 1521 1412 1571 Amen
1453 1520 1570 1571 dii-0
1608 1520 1779 1581 vobis,
1816 1532 1973 1570 nemo
2016 1517 2278 1585 propheta

708 1624 959 1680 acceptus
986 1621 1067 1664 est
1098 1612 1150 1663 in
1185 1626 1248 1679 pa
1282 1613 1355 1661 ria
1394 1627 1509 1662 sua.
1543 1610 1645 1662 Sed
1683 1608 1734 1674 iii
1780 1609 2003 1661 veritate
2033 1608 2153 1660 dico
2182 1623 2277 1659 vo-

2464 993 2480 1023 ι
2521 972 2632 1025 Καὶ
2671 972 2871 1033 πάντες
2922 970 3268 1039 ἐμαρτύρουν
3299 969 3468 1038 αὐτῷ.
3510 968 3617 1021 Καὶ
3667 964 3989 1034 ἐθαύμαζον

2383 1066 2474 1118 ἐπὶ
2504 1068 2612 1127 τοῖς
2642 1062 2821 1130 λόγοις
2854 1063 2953 1132 τῆς
2984 1064 3204 1131 χάριτος
3240 1064 3350 1123 τοῖς
3397 1062 3863 1129 ἐκπορευομένοις
3902 1060 3971 1109 ἐκ

2383 1156 2475 1207 τοῦ
2501 1156 2767 1224 στόματος
2802 1154 2993 1217 αὑτοῦ,
3046 1154 3139 1206 καὶ
3174 1153 3389 1221 ἔλεγονο
3428 1153 3537 1220 υὺχ
3572 1144 3728 1212 οὗτός
3763 1154 3911 1201 ἐστιν
3938 1151 3970 1201 ὁ

2384 1248 2499 1309 υίὸς
2532 1248 2621 1299 τοῦ
2663 1245 2896 1316 ’1ωσήφ;
2959 1246 3065 1298 Καὶ
3108 1243 3229 1296 εἶπε
3281 1244 3415 1313 πρὸς
3466 1243 3684 1304 αὐτοὺς,
3738 1243 3967 1303 Πάντως

2382 1338 2555 1406 ἐρεῖτέ
2591 1354 2681 1407 μοι
2713 1339 2813 1405 τὴν
2849 1336 3167 1404 παραϐολὴν
3197 1335 3420 1403 ταύτην,
3469 1335 3664 1401 Ἰατρὲ,
3703 1333 3981 1400 θεράπευ-

2389 1446 2481 1481 σον
2510 1431 2733 1482 σεαυτὸν
2752 1447 2764 1458 ο
2788 1432 2888 1482 ὅσα
2922 1429 3239 1496 ἠκούσαμεν
3270 1428 3539 1494 γενόμενα
3564 1429 3620 1477 ὲν
3656 1428 3719 1495 τῇ
3752 1428 3987 1495 Καπερ-

2388 1518 2584 1587 ναοὺμ,
2623 1520 2849 1587 ποίησον
2881 1520 2975 1571 καὶ
3009 1512 3109 1570 ὧδε
3142 1520 3198 1569 ὲν
3225 1520 3290 1586 τῇ
3314 1516 3533 1585 πατρίδι
3565 1532 3680 1568 σου.
3718 1510 3853 1566 Elite
3885 1514 3942 1566 δέ
3966 1529 3985 1544 ⁶

2387 1611 2561 1678 ’Δμὴν
2586 1610 2730 1677 λέγω
2782 1612 2932 1679 ὑμῖν,
2969 1612 3050 1662 ὅτι
3087 1611 3261 1672 οὐδεὶς
3303 1612 3587 1679 προφήτης
3611 1608 3794 1668 δεκτός
3828 1611 3986 1659 ἐστιν

708 1707 787 1758 his
819 1721 833 1759 :
868 1707 1045 1759 multa
1086 1705 1258 1756 vidua:
1300 1714 1454 1757 erant
1508 1704 1558 1755 in
1602 1702 1788 1755 diebus
1842 1702 1968 1755 Elia:
2019 1702 2071 1754 in
2117 1700 2278 1754 Israel
2310 1705 2395 1784 Bt

2310 1726 2355 1784 Β
2386 1705 2441 1755 ὲν
2471 1707 2537 1773 τῇ
2571 1704 2791 1773 πατρίδι
2830 1704 3015 1757 αὐτοῦ.
3078 1704 3197 1756 Ἐπ’
3244 1702 3507 1771 ἀληθείας
3546 1702 3601 1754 δὲ
3634 1702 3774 1768 λέγω
3818 1702 3980 1768 ὑμῖν,

706 1798 921 1864 quando
946 1800 1188 1851 clausum
1210 1806 1290 1849 est
1322 1796 1518 1847 malum
1542 1795 1698 1846 annis
1731 1793 1902 1848 tribus
1931 1803 1983 1846 et
2013 1794 2283 1845 mensibus

706 1910 820 1956 sex,
858 1907 980 1946 cunt
1013 1892 1150 1943 facta
1188 1899 1333 1943 esset
1365 1888 1535 1940 fames
1573 1902 1763 1955 magna
1797 1901 1891 1954 per
1922 1901 2138 1938 omnem
2174 1895 2281 1937 ter-

706 2003 818 2039 ram
854 1997 867 2041 :
903 1994 957 2037 et
986 1983 1052 2037 ad
1082 1982 1279 2035 nullam
1318 1982 1528 2034 illarum
1574 1980 1770 2033 missus
1810 1989 1892 2032 est
1929 1978 2073 2031 Elias
2103 1978 2203 2031 nisi
2230 1977 2281 2030 iu

709 2075 1012 2144 Salephtlia
1062 2073 1285 2125 Sidonis
1322 2074 1387 2123 ad
1429 2071 1707 2124 mulierem
1757 2067 2001 2123 viduam.
2039 2066 2101 2120 Et
2133 2069 2280 2121 inulti

703 2171 900 2238 lt‘pt'osi
937 2174 1091 2219 erant
1118 2165 1166 2217 in
1194 2163 1353 2217 Israel
1386 2164 1485 2215 sub
1514 2162 1708 2216 Eliseo
1734 2160 2015 2230 propheta,
2044 2169 2097 2214 et
2124 2176 2283 2213 nemo

702 2276 892 2315 eorum
925 2257 1215 2309 mundatus
1256 2265 1337 2306 est
1366 2253 1465 2306 nisi
1506 2250 1744 2305 Naaman
1779 2248 1969 2321 Syrus.
2005 2250 2064 2304 Et
2094 2250 2281 2317 repleti

704 2358 830 2402 sunt
881 2361 1071 2401 omnes
1117 2346 1165 2398 in
1212 2346 1497 2413 Synagoga
1537 2344 1635 2405 ira,
1674 2343 1786 2395 hac
1848 2342 2152 2396 audientes.
2213 2340 2281 2395 Et

704 2443 1154 2497 insurrexerunt.
1222 2435 1610 2505 ejecet'untque
1674 2433 1824 2485 illum
1863 2449 1891 2484 e
1929 2433 2182 2496 civitate,
2228 2442 2284 2485 et

703 2538 978 2585 auxerunt
1012 2529 1155 2581 illum
1205 2542 1374 2594 usque
1399 2526 1463 2578 ad
1490 2527 1835 2594 supercilium
1872 2524 2091 2586 montis,
2120 2538 2283 2594 super

702 2639 859 2694 quem
914 2621 1102 2675 civitas
1138 2620 1346 2672 illorum
1381 2629 1498 2670 erat
1562 2618 1846 2680 a‘diiieata,
1888 2626 1940 2668 ut
1973 2618 2277 2685 pracipita-

701 2725 821 2768 rent
846 2726 990 2768 eum.
1022 2709 1141 2778 Ipse
1175 2721 1354 2763 autem
1388 2710 1652 2762 transiens
1670 2722 1765 2775 per
1798 2706 2032 2761 medium
2067 2706 2277 2761 illorum

703 2807 834 2859 ibat.
881 2821 899 2855 ι
949 2801 1083 2855 Cum
1154 2800 1402 2853 audirent
1459 2798 1631 2852 turbae
1701 2813 1823 2867 qua:
1892 2798 2207 2853 dicebantur
2249 2817 2278 2853 a

704 2896 959 2958 Christo,
1016 2892 1428 2946 admirabantur
1480 2905 1644 2959 super
1706 2888 2057 2943 sermonibus
2120 2889 2275 2959 30],

703 2986 1019 3055 gratiarum.
1052 2981 1400 3036 Admirantes
1435 2991 1636 3046 autem,
1669 2980 1911 3034 dieteriis
1937 2981 2279 3034 incessebant

2388 1795 2579 1846 πολλαὶ
2625 1797 2791 1863 χῆραι
2836 1790 2978 1864 ἦσαν
3012 1797 3067 1847 ὲν
3104 1796 3223 1856 ταῖς
3274 1796 3511 1864 ἡμέραις
3582 1792 3762 1843 Ἦλιοὺ
3807 1794 3864 1842 ὲν
3900 1790 3987 1859 τῷ

2386 1880 2625 1953 Ἰσραὴλ,
2686 1888 2772 1937 ὅτε
2826 1884 3079 1953 ἐκλείσθη
3114 1886 3141 1936 6
3168 1884 3397 1955 οὐρανὸς
3448 1884 3542 1936 ἐπὶ
3582 1884 3677 1952 ἐτη
3714 1882 3839 1952 τρία
3881 1884 3986 1934 καὶ

2388 1976 2562 2045 μῆνας
2594 1975 2675 2039 ἐξ,
2721 1976 2795 2039 ὡς
2842 1977 3060 2043 ἐγένετο
3111 1974 3271 2045 λιμὸς
3320 1976 3492 2044 μέγας
3539 1975 3632 2026 ἐπὶ
3666 1976 3843 2026 πᾶσαν
3875 1974 3984 2043 τὴν

2387 2067 2515 2135 γῆν,
2551 2069 2644 2118 καὶ
2690 2069 2825 2137 πρὸς
2860 2068 3119 2137 οὐδεμίαν
3154 2068 3333 2119 αὐτῶν
3367 2065 3624 2135 ἐπέμφθη
3687 2065 3893 2127 Ἠλίας,
3926 2066 3985 2116 ει

2388 2159 2463 2228 μὴ
2495 2159 2572 2221 είς
2607 2158 2867 2228 Σαραφθά
2909 2159 3008 2227 τῆς
3041 2158 3271 2221 Σιδῶνος
3304 2158 3439 2225 πρὸς
3471 2160 3705 2223 γυναῖκα
3758 2157 3936 2225 χήραν
3965 2171 3980 2182 ’

2386 2253 2478 2303 καὶ
2508 2250 2695 2301 πολλοὶ
2748 2251 2942 2320 λεπροὶ
2977 2246 3117 2320 ἦσαν
3154 2250 3247 2302 ἐπὶ
3296 2249 3605 2302 Ἐλισσαίου
3631 2248 3725 2299 τοῦ
3762 2248 3987 2316 προςή-

2383 2346 2476 2394 τόυ
2508 2342 2565 2393 ὲν
2593 2341 2671 2409 τῷ
2710 2339 2943 2411 Ἰσραὴλ,
2976 2343 3071 2394 καὶ
3111 2342 3291 2404 οὐδεὶς
3326 2341 3508 2394 αὐτῶν
3550 2339 3895 2410 ἐκαθαρίσθη
3924 2342 3982 2391 εί

2388 2433 2461 2502 μὴ
2491 2432 2708 2501 Νεςμάν
2739 2436 2765 2485 6
2788 2432 2979 2503 Σύρος.
3013 2434 3121 2487 Καὶ
3153 2433 3505 2502 ἐπλήσθησαν
3548 2435 3747 2493 πάντες
3796 2432 3986 2500 θυμοῦ

2386 2522 2444 2573 ὲν
2474 2523 2538 2590 τῇ
2573 2521 2870 2591 Συναγωγῇ
2899 2520 3234 2585 ἀκούσαντες
3261 2521 3455 2575 ταῦτα.
3482 2523 3592 2576 Καὶ
3616 2523 3982 2583 ἀναστάντες,

2390 2614 2643 2679 ἐξέϐαλον
2677 2614 2842 2665 αὑτὸν
2880 2614 2984 2679 ἔξω
3011 2617 3108 2683 τῆς
3146 2614 3391 2677 πόλεως’
3436 2616 3526 2666 καὶ
3568 2616 3771 2685 ήγαγον
3806 2615 3985 2667 αὑτὸν

2382 2705 2487 2769 ἓως
2514 2708 2612 2774 τῆς
2641 2707 2839 2777 ὀφρύος
2870 2706 2964 2759 τοῦ
2990 2708 3170 2778 ὅρους,
3196 2708 3281 2775 ἐφ’
3314 2701 3375 2760 οὗ
3406 2709 3437 2777 ἡ
3462 2708 3612 2771 πόλις
3636 2709 3813 2760 αὐτῶν
3835 2708 3988 2777 ᾠκο-

2381 2799 2604 2869 δόμητο,
2625 2803 2703 2862 εἰς
2721 2800 2780 2853 τὸ
2799 2800 3245 2869 κατακρημνίσαι
3272 2802 3456 2854 αὐτόν’
3492 2801 3653 2863 αὐτὸς
3673 2801 3726 2853 δὲ
3752 2800 3990 2853 διελθὼδ

2382 2892 2469 2945 διὰ
2511 2895 2677 2963 μέσου
2735 2895 2937 2956 αὐτῶν,
2985 2894 3303 2963 ἐπορεύετο.
3343 2913 3362 2945 ι
3416 2894 3727 2955 Ἀκούοντες
3772 2892 3839 2944 τὰ
3871 2893 3989 2945 ὑπὸ

2384 2985 2620 3054 Χριστοῦ
2654 2986 2919 3055 λεγόμενα
2945 2988 2994 3037 οἱ
3019 2985 3189 3055 ὄχλοι,
3218 2974 3530 3054 ἐθαύμαζον
3555 2986 3645 3035 ἐπὶ
3662 2986 3769 3043 τοῖς
3794 2982 3987 3048 λόγοις

702 3096 822 3133 eum
851 3078 1091 3130 dicentes
1123 3091 1137 3127 :
1177 3072 1363 3139 Nonne
1397 3072 1484 3125 hic.
1513 3083 1595 3125 est
1628 3074 1774 3125 labri
1809 3072 1992 3126 ﬁlius?
2022 3071 2278 3137 Quamvis
2304 3060 2347 3122 C
2387 3100 2389 3109 ι

2304 3060 2347 3122 C
2387 3075 2485 3143 τῆς
2534 3077 2779 3146 χάριτος.
2834 3075 3223 3145 Θαυμάζοντες
3251 3077 3333 3141 δὲ,
3366 3073 3749 3145 διεκωμῴδουν
3783 3072 3982 3139 αὑτὸν,

700 3170 826 3238 quid
861 3166 1173 3235 prohiberet
1206 3165 1377 3232 ipsum
1407 3161 1513 3216 dici
1546 3160 1920 3214 admirabilem
1952 3170 2004 3214 et
2031 3160 2279 3213 adorabi-

702 3260 851 3313 lt-m?
886 3258 996 3311 Non
1025 3258 1174 3309 vides
1192 3264 1392 3324 quanta
1427 3252 1599 3306 facit?
1626 3250 1744 3305 Non
1772 3252 1925 3305 audis
1949 3266 2281 3320 quaecunque

704 3351 873 3405 dicit?
914 3347 1117 3403 Deinde
1156 3346 1417 3400 c0nvieiis
1468 3352 1677 3413 patrem
1714 3342 1857 3396 illius
1889 3342 2143 3396 lacessis?
2176 3341 2278 3395 Re-

704 3462 828 3498 \cra
859 3445 923 3496 de
966 3442 1070 3495 illis
1114 3440 1293 3493 dicere
1334 3439 1507 3492 licet:
1543 3435 1683 3489 Ecce
1726 3436 1963 3504 populus
2008 3434 2202 3487 stultus
2229 3442 2282 3486 et

704 3540 905 3604 absque
931 3534 1122 3593 corde;
1152 3529 1290 3583 nculi
1326 3529 1539 3583 illorum
1572 3543 1677 3581 non
1703 3526 1908 3589 vident,
1935 3540 2097 3579 aures
2118 3527 2279 3579 etiam

706 3642 812 3681 n0n
848 3626 1073 3679 audiunt
1105 3624 1170 3673 ’⁵.
1204 3622 1463 3675 Dominus
1498 3620 1659 3689 igitur
1688 3619 1815 3687 quid
1848 3617 2015 3671 dicit?
2049 3614 2281 3671 Omnino

704 3718 903 3775 dicetis
943 3715 1097 3782 mihi,
1129 3714 1235 3768 Fac
1266 3722 1317 3766 et
1348 3713 1399 3766 in
1440 3714 1611 3780 patria
1645 3719 1729 3763 tua
1778 3710 2042 3764 mirabilia
2072 3725 2191 3778 qua:
2226 3710 2278 3763 in

706 3812 1045 3881 Capernaum
1068 3807 1270 3862 feciSIi.
1294 3804 1408 3863 Hoc
1427 3805 1572 3859 enim
1597 3813 1680 3857 est
1702 3803 1845 3873 quod
1869 3803 2031 3857 dicit:
2053 3802 2278 3866 Medice,

706 3921 835 3961 cura
870 3906 1122 3973 teipsunt.
1152 3900 1505 3956 Proverbiutn
1548 3899 1692 3951 enim
1727 3906 1846 3949 erat
1891 3897 2030 3963 apud
2064 3894 2282 3951 Iudaeos

707 3998 847 4066 quod
879 3992 1274 4066 aegrotantibus
1326 3989 1552 4044 medicis
1591 3988 1891 4043 dicebatur.
1926 3988 1993 4041 At
2035 4002 2133 4057 ego
2161 3990 2281 4041 dico

704 4093 859 4147 vobis
889 4088 1031 4159 quod
1062 4086 1311 4140 fecissem
1361 4082 1528 4150 multa
1574 4080 1727 4149 signa
1769 4080 1935 4135 etiam
1966 4083 2107 4147 apud
2157 4094 2279 4147 vos,

705 4184 971 4255 patriotas
1012 4192 1160 4232 meos
1188 4195 1203 4231 :
1231 4174 1325 4230 sed
1361 4174 1478 4229 scio
1511 4187 1853 4227 communem
1884 4173 2123 4226 omniutn
2150 4171 2282 4227 οπε-

706 4288 876 4338 ctum,
914 4272 1054 4342 quod
1090 4275 1511 4323 contemnantur
1542 4265 1707 4319 etiam
1745 4279 1834 4319 res
1877 4263 2147 4329 maximae,
2179 4265 2280 4318 nisi

2385 3166 2634 3233 λέγοντες
2654 3181 2666 3193 ·
2704 3168 2816 3236 Οὐχ
2846 3160 2999 3229 οὗτός
3028 3169 3177 3219 ἐστιν
3197 3170 3225 3220 6
3252 3167 3345 3220 τοῦ
3377 3167 3628 3230 τέκτονος
3657 3166 3803 3232 υίός;
3840 3167 3987 3220 Καί-
4014 3174 4019 3177 ‘

2382 3274 2466 3311 τοι
2496 3258 2548 3310 τί
2575 3258 2638 3311 τὺ
2668 3259 2876 3312 κωλύον
2904 3254 3044 3313 εἶναι
3068 3260 3230 3313 αὑτὸν
3262 3259 3582 3329 θαυμαστὸν
3610 3258 3704 3312 καὶ
3732 3274 3988 3327 προσκυ-

2386 3351 2583 3417 νητόν;
2617 3350 2731 3419 Οὐχ
2755 3352 2886 3420 ὁρᾷς
2917 3351 3015 3403 ὅσα
3048 3353 3229 3415 ποιεῖ;
3263 3351 3379 3403 Οὐκ
3411 3350 3631 3413 ἀκούεις
3659 3351 3756 3402 ὅσα
3790 3350 3983 3417 λέγει;

2392 3438 2523 3494 Εἶτα
2575 3444 2853 3512 κωμῳδείς
2901 3443 2991 3495 τὸν
3035 3444 3251 3511 πατέρα
3288 3442 3488 3509 αὑτοῦ;
3528 3444 3736 3503 Ὄντως
3774 3442 3985 3512 ἀληθὲς

2388 3533 2474 3582 ἐπ’
2510 3532 2693 3595 αὐτοῖς
2742 3535 2916 3584 είπεῖν
2940 3548 2952 3561 ·
3001 3533 3135 3587 Ἰδοὺ
3168 3535 3294 3596 λαὸς
3340 3535 3522 3607 μωρὸς
3552 3535 3647 3585 καὶ
3680 3534 3939 3604 ἀκάρδιος
3964 3548 3984 3565 ’

2383 3622 2651 3693 ὀφθαλμοὶ
2701 3625 2902 3687 αὐτοῖς,
2954 3628 3047 3676 καὶ
3076 3626 3137 3677 οὐ
3192 3626 3523 3696 βλέπουσινο
3568 3619 3703 3689 ὦτα,
3756 3626 3851 3677 καὶ
3876 3627 3986 3679 οὐκ

2382 3714 2689 3769 ἀκούουσιν.
2740 3716 2796 3767 '0
2830 3716 3032 3783 Κύριος
3065 3716 3157 3770 οὖν
3192 3718 3243 3770 τί
3276 3734 3442 3787 φησιν
3484 3718 3707 3782 αὐτοῖςς
3745 3718 3981 3777 Πάντως

2382 3807 2557 3877 ἐρεῖτέ
2584 3826 2698 3877 μοι,
2728 3810 2810 3861 ὅτι
2855 3810 2943 3861 Ἐν
2972 3813 3038 3880 τῇ
3069 3811 3289 3881 πατρίδι
3319 3828 3414 3864 σου
3443 3812 3667 3880 ποίησον
3694 3810 3984 3879 θαυμάσια

2382 3902 2483 3953 ὅσα
2512 3902 2606 3953 καὶ
2633 3902 2689 3953 ὲν
2715 3902 3112 3971 Καπερναούμ.
3147 3903 3319 3957 Τοῦτο
3353 3904 3459 3974 γάρ
3490 3905 3605 3956 ἐστι
3654 3904 3737 3968 τὸ,
3777 3904 3982 3973 Ἰατρὲ,

2385 3993 2724 4065 θεράπευσον
2750 3994 2977 4047 σεαυτόν
2998 4012 3010 4025 ο
3042 3996 3221 4059 κοινὸς
3260 3996 3369 4065 γάρ
3392 3990 3461 4067 ἦν
3487 3996 3643 4063 λόγος
3682 3996 3837 4062 παρὰ
3860 3998 3982 4057 τοῖς

2398 4088 2674 4151 Ἰουδαίοις
2702 4084 2879 4153 οὗτος,
2916 4092 3029 4151 τοῖς
3060 4089 3439 4160 ἀρρωστοῡσιν
3484 4090 3690 4157 ἰατροῖς
3728 4086 3986 4153 ἐπιλεγό-

2387 4197 2570 4251 μενος.
2602 4180 2755 4233 Ἆλλ*
2787 4180 2899 4249 εγὼ
2930 4180 3074 4249 λέγω
3118 4181 3269 4251 ὑμῖν,
3304 4182 3384 4233 ὅτι
3426 4182 3660 4251 ἐποίησα
3706 4182 3773 4235 ἄν
3806 4181 3983 4234 πολλά

2385 4276 2588 4342 σημεῖα
2620 4274 2715 4327 καὶ
2745 4276 2873 4342 παρ’
2904 4275 3034 4343 ὑμῖν
3064 4275 3177 4336 τοῖς
3226 4275 3381 4343 ἐμοῖς
3442 4270 3783 4344 πατριώταις
3807 4292 3821 4304 ·
3863 4275 3987 4327 ἀλλ’

704 4384 825 4421 cum
857 4381 995 4420 rarts
1028 4363 1247 4427 fuerint;
1274 4360 1319 4414 si
1348 4359 1580 4429 vulgata:
1625 4357 1735 4412 sint
1761 4368 1814 4412 et
1839 4358 2191 4427 quotidianus,
2226 4366 2281 4412 et
2305 4386 2391 4435 τι(

2305 4408 2359 4435 τι
2385 4360 2502 4418 οἶδα
2528 4366 2590 4418 τὸ
2620 4365 2798 4419 κοινὸν
2834 4368 2928 4418 καὶ
2962 4366 3136 4419 ἀπασι
3164 4366 3462 4435 συμϐαῖνον
3490 4368 3682 4431 πάθος,
3709 4369 3791 4421 ὅτι
3815 4386 3987 4421 κατα-

706 4461 785 4515 eis
822 4473 1013 4512 omnes
1068 4456 1287 4523 copiose
1338 4453 1607 4507 fruantur.
1667 4450 1891 4519 Semper
1919 4451 2062 4504 enim
2104 4449 2283 4504 solent

707 4552 954 4606 homines
1007 4563 1125 4600 rara
1152 4560 1205 4600 et
1233 4544 1574 4599 admirabilia
1622 4558 1838 4606 curare,
1872 4545 2151 4612 despicere
2185 4558 2283 4596 au-

710 4656 815 4698 tem
850 4639 1152 4695 communia
1186 4648 1238 4691 et
1265 4636 1576 4689 familiaria.
1607 4634 1902 4690 Et'ideirco
1940 4637 2119 4690 nullus
2154 4650 2281 4705 pro-

707 4737 866 4805 pheta
894 4735 944 4787 in
970 4731 1146 4801 patria
1171 4743 1269 4783 sua
1301 4728 1570 4797 pretiosus
1601 4744 1614 4779 :
1647 4728 1740 4779 sed
1768 4727 1811 4779 si
1838 4726 2053 4779 aliunde
2077 4728 2279 4791 veniat,

710 4830 1051 4880 admirantur
1089 4823 1261 4877 illum.
1316 4820 1407 4873 Sic
1438 4828 1493 4873 et
1536 4818 1709 4872 tiliam
1762 4814 2069 4870 Iudaeorum
2112 4819 2281 4872 vidua:

714 4936 818 4971 nnn
857 4924 1247 4983 susceperunt:
1279 4912 1653 4981 Sarepbthana
1702 4917 1880 4963 autem
1924 4911 2180 4978 suscepit.
2219 4909 2283 4961 Et

711 5014 933 5067 Elisazns
988 5010 1343 5077 alienigenam
1392 5008 1670 5075 leprosum
1726 5004 2053 5073 purilicavit,
2102 5003 2283 5058 fideitt

708 5109 857 5162 illum
891 5104 1183 5157 declarata.
1230 5100 1362 5153 Nam
1398 5099 1691 5152 familiares
1743 5099 1882 5166 ejus,
1922 5099 2014 5166 qui
2043 5098 2284 5166 ejusdem

710 5210 864 5254 erant
891 5196 1104 5265 patrie,
1140 5194 1187 5247 ei
1228 5208 1331 5245 non
1382 5193 1731 5245 crediderunt
1764 5203 1817 5245 et
1858 5198 2143 5261 propterea
2182 5206 2285 5243 nuit

711 5302 839 5345 sunt
874 5288 1162 5357 puriﬁeati.
1205 5286 1465 5338 Similiter
1496 5295 1548 5337 et
1572 5299 1673 5352 ego
1716 5283 1863 5337 vobis
1898 5281 2148 5351 patriotis
2179 5297 2284 5335 non

716 5386 901 5437 videor
928 5380 1287 5443 admirabilis,
1320 5380 1410 5432 sed
1449 5387 1789 5445 contemptus
1820 5396 1832 5429 :
1865 5387 1919 5429 et
1950 5375 2155 5429 ideirco
2194 5390 2291 5428 tte-

716 5491 818 5545 qtte
854 5476 1004 5543 signa
1034 5472 1195 5527 facio.
1226 5472 1320 5525 llis
1345 5486 1477 5526 sane
1508 5472 1598 5539 qui
1630 5473 1679 5523 in
1706 5470 2070 5538 Caperttaunt,
2105 5469 2292 5522 videor

715 5568 1071 5631 admirabilis,
1122 5579 1174 5622 et
1224 5572 1375 5638 signa
1429 5567 1588 5628 facio,
1639 5576 1693 5619 et
1732 5576 1988 5633 acceptus
2032 5564 2111 5618 eis
2144 5579 2285 5618 sum.

716 5658 1012 5721 Audientes
1068 5675 1251 5718 autem
1292 5665 1402 5719 haec
1436 5663 1488 5715 lti
1531 5662 1619 5731 qni
1671 5662 1719 5712 iii
1771 5657 2052 5731 Sytiaguga
2109 5672 2287 5722 erant,

794 5826 837 5855 θ’
882 5822 983 5875 Jert
1010 5840 1078 5875 ill.
1113 5838 1157 5883 ν,
1200 5822 1288 5875 il.

2305 4408 2359 4468 D

2391 4456 2716 4528 φρονοῦνται
2748 4459 2843 4510 καὶ
2886 4459 2957 4510 τὰ
2990 4457 3248 4527 ἐξαίρετα
3289 4458 3399 4511 τῶν
3434 4461 3798 4529 πραγμάτων,
3849 4462 3986 4513 ὅταν

2394 4549 2470 4620 μὴ
2499 4545 2784 4624 σπάνιαῇ,
2828 4550 2965 4605 ἀλλά
3013 4551 3169 4603 κοινά
3213 4550 3310 4604 καὶ
3351 4550 3581 4620 συνήθη,
3628 4553 3724 4604 καὶ
3777 4553 3986 4617 πάντες

2391 4645 2481 4696 tn’
2504 4644 2687 4706 ἀδείας
2712 4644 2911 4713 ἔχωσιν
2942 4642 3241 4697 ἀπολαύειν
3271 4644 3452 4697 αὐτῶν
3478 4663 3490 4675 ·
3525 4646 3611 4698 ἀεὶ
3640 4645 3753 4715 γὰρ
3781 4646 3987 4699 εἰώθα-

2392 4752 2477 4788 σιν
2506 4737 2566 4789 0l‘
2597 4736 2879 4808 ἄνθρωποι
2941 4734 3054 4787 τῶν
3106 4735 3206 4805 μὲν
3248 4734 3421 4800 ξένων
3468 4738 3560 4789 καὶ
3610 4738 3857 4790 σπανίων
3889 4738 3988 4791 καὶ

2390 4824 2697 4894 φροντίζειν
2728 4828 2822 4877 καὶ
2861 4824 3190 4894 θαυμάζειν,
3222 4826 3330 4878 τῶν
3366 4824 3422 4877 δὲ
3457 4820 3653 4879 κοινῶν
3683 4830 3779 4877 καὶ
3814 4829 3987 4896 συνή-

2391 4919 2499 4970 θων
2528 4917 2894 4987 καταφρονεῖν
2918 4933 2931 4946 ’
2963 4916 3051 4971 διά
3082 4917 3241 4971 τοῦτο
3266 4918 3445 4983 οὐδεὶς
3477 4920 3765 4990 προφήτης
3802 4920 3989 4990 τίμιός

2396 5010 2542 5060 ἐστιν
2567 5009 2625 5059 ιν
2666 5009 2731 5077 τῇ
2760 5008 2978 5079 πατρίδι
3023 5003 3190 5062 αὑτοῦ
3212 5025 3227 5041 ·
3262 5008 3377 5063 ἀλλ’
3402 5066 3406 5071 ,
3427 5012 3521 5063 ἐὰν
3553 5011 3778 5064 ἄλλοθέν
3821 5013 3989 5064 ποθεν

2396 5100 2547 5171 ἔλθῃ,
2582 5100 2958 5171 θαυμάζουσιν
3008 5103 3206 5154 αὐτόν’
3237 5101 3383 5155 οὕτω
3416 5104 3511 5155 καὶ
3564 5103 3657 5155 τὸν
3701 5101 3893 5157 Ἠλίαν
3928 5108 3988 5158 αί

2399 5194 2497 5263 μὲν
2522 5192 2617 5260 τῆς
2657 5192 2921 5253 ἰουδαίας
2965 5193 3133 5263 χῆραι
3172 5193 3275 5247 οὐκ
3314 5194 3584 5258 ἐδέξαντο,
3620 5197 3653 5264 ὴ
3702 5193 3761 5246 δὲ
3789 5195 3981 5265 Σαρα-

2396 5283 2524 5351 φθία
2568 5282 2818 5349 ἐδέξατοο
2870 5283 3020 5336 καὶὸ
3088 5282 3391 5346 Ἐλισσαῖος
3442 5284 3534 5336 τὸν
3578 5283 3731 5350 ξένον
3779 5283 3990 5355 λεπρὸν

2396 5376 2685 5447 ὲκαθάρισε
2710 5416 2725 5441 ,
2778 5375 2963 5429 πίστιν
3014 5378 3091 5439 εἰς
3127 5378 3292 5431 αὐτὸν
3330 5375 3708 5447 ἐνδειξάμενον
3735 5390 3749 5405 ’
3780 5377 3834 5428 οι
3877 5379 3989 5446 γὰρ

2396 5472 2647 5542 συνήθεις
2706 5471 2801 5524 καὶ
2858 5470 3283 5540 συμπατριῶται
3333 5468 3500 5525 αὑτοῦ
3544 5469 3645 5521 οὐκ
3694 5468 3988 5522 ἐπίστευον

2394 5564 2572 5634 αὐτῷ,
2624 5567 2717 5615 καὶ
2761 5564 2848 5617 διὰ
2888 5562 3048 5616 τοῦτο
3097 5563 3198 5616 οὐκ
3232 5562 3702 5633 ἀκαθαρίσθησαν.
3749 5562 3988 5633 Ὁμοίως

2392 5652 2484 5709 οὖν
2544 5654 2695 5721 κάγὼ
2738 5655 2865 5724 ὑμῖν
2921 5656 3018 5723 μὲν
3049 5656 3163 5717 τοῖς
3208 5652 3549 5725 πατριώταις
3575 5653 3637 5707 οὺ
3660 5652 3807 5708 δοκῶ
3846 5652 3984 5707 θαυ-
