4272 6438
761 393 866 456 755

1685 389 2260 453 THEOPHYLACTI
2301 389 2714 454 BULGARIE
2755 387 3112 450 ARCHIEP.

3897 379 4014 444 756

761 521 945 560 sermo
981 507 1088 566 bic,
1123 505 1174 559 id
1218 513 1322 567 est,
1352 506 1689 560 mandatum
1724 505 1865 559 istud
1895 520 2005 574 quo
2057 506 2282 574 imperat
2313 525 2328 564 :
2361 513 2391 568 Δ

2438 509 2621 572 ζοντες
2650 506 2742 558 ἐπὶ
2772 506 2883 566 τοῖς
2904 501 3238 572 γενομένοις,
3262 498 3357 552 καὶ
3383 497 3634 567 λέγοντες
3650 513 3664 526 ·
3687 495 3787 556 Τίς
3810 499 3839 549 ό
3860 497 4025 562 λόγος

760 597 855 648 Exi
886 598 952 650 ab
1009 595 1120 655 illo,
1157 604 1211 648 et
1252 594 1612 650 obmutesce?
1665 595 1819 651 Scias
1870 605 2049 649 autem
2107 598 2248 663 quod
2281 607 2334 650 et

761 703 902 740 nunc
941 685 1091 739 multi
1129 685 1325 740 habent
1362 687 1650 750 damonia,
1689 686 1780 755 qui
1829 687 2130 742 daemonum
2169 689 2332 756 perti-

763 777 908 829 eiunt
937 778 1430 844 concupiscemus,
1470 786 1532 830 ut
1579 776 1870 832 iracnndus
1908 780 1998 847 qui
2039 779 2198 842 habet
2225 780 2332 832 dm-

763 869 999 921 ntonium
1038 871 1152 923 irae.
1205 870 1274 922 At
1315 871 1359 925 si
1413 869 1624 925 venerit
1659 869 1815 926 Iesus
1864 873 1914 924 in
1971 871 2330 943 Synagogam,

761 959 862 1012 hoc
893 968 1000 1022 est,
1042 975 1162 1012 eum
1193 976 1349 1015 mens
1383 961 1544 1015 fuerit
1581 963 1906 1026 coadunata,
1939 971 1992 1015 et
2030 979 2132 1016 non
2177 963 2329 1015 diva-

758 1058 934 1117 gatttr,
986 1057 1112 1104 tunc
1143 1049 1286 1104 dicet
1337 1051 1601 1106 daemonio
1636 1052 1747 1116 im,
1799 1067 1917 1122 qua
1948 1053 2185 1107 coerceri
2233 1067 2326 1107 ne-

760 1139 946 1204 quibat
976 1156 989 1194 :
1015 1139 1367 1208 Obmutesce;
1397 1151 1450 1195 et
1486 1145 1668 1196 statim
1692 1158 1813 1197 cum
1845 1143 2332 1210 projeceritltomi-

760 1241 880 1280 nem
918 1228 970 1280 in
1019 1231 1278 1296 medium,
1331 1233 1635 1300 egredietur
1664 1248 1727 1286 ex
1758 1247 1843 1287 eo.
1880 1234 2016 1299 Quid
2047 1243 2227 1289 autem
2257 1234 2329 1290 sit

761 1318 811 1370 in
845 1321 1078 1373 medium
1137 1321 1347 1390 projici,
1409 1323 1572 1376 disce.
1619 1321 1842 1388 Oportet
1895 1324 2168 1377 hominem
2220 1338 2326 1378 non

763 1411 984 1464 omnino
1014 1411 1328 1465 iracundum
1359 1427 1480 1468 esse
1515 1423 1568 1467 et
1597 1429 1864 1477 amarum,
1918 1415 2150 1469 crudelis
2183 1416 2326 1470 enim

756 1501 855 1556 hoc
889 1512 943 1555 et
976 1504 1295 1560 truculenta:
1332 1504 1516 1559 bestia:
1565 1506 1747 1570 fuerit,
1787 1521 1962 1576 neque
1991 1507 2215 1561 omnino
2247 1507 2324 1560 ira

752 1604 1048 1661 Carentem,
1087 1610 1207 1649 nam
1257 1597 1357 1651 hoc
1406 1597 1664 1651 insensati
1720 1597 1904 1662 fuerit,
1937 1598 2031 1652 sed
2083 1597 2312 1652 mediam

754 1683 1005 1740 incedere
1033 1686 1196 1754 viam,
1227 1696 1281 1742 et
1311 1688 1546 1743 furorem
1581 1705 1731 1744 serva
1745 1705 1800 1743 re
1827 1700 2015 1743 contra
2042 1688 2322 1742 malitiam.

751 1775 883 1831 Cum
921 1780 1084 1849 igitur
1117 1781 1170 1834 in
1197 1783 1430 1836 medium
1467 1784 1587 1849 quis
1618 1798 1645 1837 a
1695 1784 1836 1837 malo
1878 1784 2072 1853 spiritu
2106 1781 2324 1852 projici-

753 1877 859 1934 tur,
890 1869 1214 1939 reiinquitnr
1241 1872 1309 1925 ab
1337 1888 1425 1927 eo.

830 2048 992 2103 γεω.
1033 2049 1218 2103 58-4ό.
1262 2071 1278 2102 ι
1313 2050 1449 2104 Cum
1499 2053 1824 2107 surrexisset
1856 2062 2036 2106 autem
2077 2050 2236 2107 Jesus
2266 2052 2333 2107 de

752 2141 1068 2213 Synagnga,
1125 2143 1365 2197 introivit
1395 2146 1444 2197 in
1499 2144 1714 2199 domum
1794 2146 2052 2199 Simonis.
2131 2146 2332 2200 Socrus

750 2247 929 2289 autem
988 2234 1225 2291 Simonis
1257 2239 1540 2291 tenebatur
1581 2239 1716 2291 febri
1778 2254 1989 2308 magna,
2020 2248 2075 2293 et
2104 2253 2330 2309 rogare-

754 2338 869 2382 l'lutl
913 2328 1058 2382 illum
1107 2344 1204 2398 pro
1235 2344 1318 2383 ea.
1356 2329 1420 2382 Et
1457 2343 1641 2383 astans
1676 2346 1838 2399 supra
1875 2330 2042 2392 illam,
2081 2330 2326 2400 increpa-

752 2423 828 2476 vit
859 2424 1087 2488 febrem,
1121 2435 1173 2476 et
1204 2422 1371 2476 febris
1408 2423 1615 2476 dimisit
1667 2423 1810 2476 illam
1838 2439 1852 2477 :
1879 2424 2174 2490 statimque
2203 2439 2326 2478 sur-

749 2530 899 2585 gens,
935 2516 1283 2571 ministrabat
1337 2515 1466 2571 illis.
1503 2516 1636 2571 Cum
1669 2525 1846 2569 autem
1883 2513 2042 2586 303
2072 2516 2149 2570 sol
2179 2516 2329 2571 occi-

746 2609 916 2675 deret,
955 2626 1144 2664 omnes
1175 2613 1264 2681 qui
1301 2611 1573 2665 habebant
1625 2610 1868 2666 inﬁrmus
1904 2611 2106 2664 morbis
2142 2611 2324 2674 variis,

749 2704 1016 2758 ducebant
1045 2704 1165 2759 illos
1196 2707 1260 2759 ad
1298 2720 1443 2760 eum.
1479 2705 1548 2759 At
1589 2704 1677 2760 ille
1713 2704 1944 2773 singulis
1993 2719 2185 2758 manus
2220 2705 2321 2757 im-

749 2808 976 2863 ponens,
1014 2796 1243 2850 sanabat
1283 2811 1397 2851 eos.
1440 2793 1679 2849 Exibant
1712 2809 1889 2849 autem
1922 2805 1975 2849 et
2005 2795 2265 2849 dannonia
2295 2810 2322 2847 a

747 2888 951 2950 multis,
980 2887 1271 2943 clamantia
1295 2903 1356 2942 ac
1381 2889 1614 2943 dicentia
1649 2907 1661 2941 :
1690 2887 1770 2942 Tu
1794 2903 1852 2943 es
1877 2887 2127 2943 Christus
2155 2886 2325 2942 Filius

747 2979 861 3034 Dei.
897 2979 960 3033 Et
992 2980 1280 3049 increpans
1312 2998 1415 3036 non
1452 2980 1665 3034 sinebat
1696 2994 1758 3035 ea
1797 2980 1964 3048 loqui,
2008 2980 2132 3050 quia
2182 2979 2322 3033 scie-

745 3077 872 3126 bant
898 3074 1072 3142 ipsnm
1098 3088 1215 3128 esse
1241 3074 1540 3129 Christum.
1569 3075 1734 3129 Facto
1763 3084 1939 3128 autem
1963 3075 2049 3128 die
2068 3088 2320 3143 egressus

746 3165 854 3220 ibat
886 3168 938 3220 in
972 3169 1243 3221 desertum
1297 3167 1494 3234 locum,
1535 3177 1589 3222 et
1615 3168 1782 3223 turbze
1819 3166 2133 3237 quaerebant
2168 3180 2314 3232 eum,
2347 3207 2391 3265 ο

746 3268 797 3312 et
827 3268 1092 3312 venerunt
1123 3272 1290 3328 usque
1322 3260 1386 3311 ad
1415 3259 1613 3329 ipsum,
1647 3268 1700 3313 et
1725 3259 2035 3312 detinebant
2068 3259 2214 3311 illum
2254 3272 2320 3313 ne

742 3351 1043 3406 discederet
1069 3355 1134 3406 ab
1167 3352 1265 3406 cis.
1301 3349 1503 3418 Quibus
1528 3352 1617 3406 ille
1642 3353 1715 3406 ait
1739 3370 1750 3404 :
1777 3352 1842 3406 Et
1869 3352 1986 3404 aliis
2009 3353 2321 3405 civitatibus

744 3453 954 3513 oportet
987 3459 1069 3498 tne
1117 3444 1495 3514 evangelizare
1537 3457 1761 3514 regnum
1811 3442 1924 3508 Dei,
1965 3460 2087 3495 nam
2137 3445 2188 3496 in
2222 3443 2321 3497 hoc

744 3540 937 3591 missus
968 3553 1106 3591 sum.
1142 3535 1205 3590 Et
1239 3537 1567 3605 prmdicabat
1604 3536 1653 3590 in
1686 3536 1968 3607 synagogis
1998 3533 2252 3590 Galilaeze.
2284 3554 2302 3587 ε

743 3629 1002 3684 Dominus
1025 3629 1265 3682 omnium
1292 3644 1318 3682 a
1343 3627 1622 3697 discipulis
1645 3629 2015 3697 excipiebatur
2045 3636 2098 3682 et
2131 3643 2319 3697 pasce-

740 3726 918 3783 batur,
957 3721 1410 3793 quemadmodum
1448 3735 1589 3774 nunc
1623 3736 1837 3790 quoque
1860 3731 1914 3775 et
1937 3721 2074 3791 apud
2099 3720 2315 3776 Petrum

743 3815 979 3884 hospitio
1017 3814 1304 3880 excipitur,
1348 3823 1398 3866 et
1440 3822 1596 3865 sanat
1640 3812 1757 3878 ejus
1799 3824 2054 3866 socrum:
2089 3821 2148 3867 ut
2181 3821 2236 3868 et
2267 3822 2318 3868 te

742 3906 980 3958 instruat
1012 3921 1078 3958 ne
1113 3905 1325 3971 rejicias
1359 3918 1656 3973 pauperum
1705 3903 2164 3959 benevolentiam.
2202 3903 2316 3958 Non

738 3998 1054 4067 simpliciter
1074 4009 1252 4051 autem
1284 4007 1438 4050 curat
1465 3995 1607 4050 illam
1629 4012 1656 4049 ει
1687 3998 1897 4062 morbo,
1921 3996 2013 4052 sed
2044 4007 2096 4050 et
2122 3999 2315 4052 bonatn

741 4094 1096 4145 Valetudinem
1133 4101 1186 4144 et
1220 4090 1381 4144 robur
1417 4089 1482 4142 ad
1525 4087 1948 4142 ntinistrandnm
1981 4087 2030 4141 ei
2062 4088 2317 4156 suppedi-

740 4194 836 4237 tat.
871 4182 937 4235 Et
969 4197 1066 4236 nos
1115 4195 1329 4251 quoque
1380 4181 1422 4234 si
1469 4180 1618 4233 illttm
1651 4179 2052 4249 exceperimus,
2103 4181 2313 4235 exstin-

738 4284 863 4346 guet
886 4283 1122 4328 nostram
1151 4272 1347 4327 febrim
1375 4273 1466 4326 irze
1495 4283 1545 4325 et
1565 4271 2042 4340 concupiscentia),
2072 4280 2124 4325 et
2149 4271 2315 4341 eriget

739 4384 801 4422 ac
838 4364 1214 4421 corroborabit
1247 4380 1366 4427 nos,
1407 4365 1475 4417 ita
1503 4373 1559 4417 ut
1587 4365 1635 4417 ei
1672 4363 1983 4417 ministrare
2013 4363 2312 4427 valeamus,

738 4465 837 4518 hoc
867 4472 948 4514 est
992 4461 1168 4514 facere
1196 4446 1312 4529 quz‘e
1339 4460 1386 4514 ei
1416 4460 1645 4528 placent.
1671 4457 1804 4513 Vide
1829 4467 2031 4522 autem,
2064 4459 2312 4522 obsecro,

2435 595 2608 661 οὗτος.
2637 597 2906 662 τουτέστι,
2944 597 3026 656 τίς
3057 595 3090 663 ή
3126 590 3418 662 πρόσταξις
3446 587 3610 657 αῦτη,
3646 589 3711 657 ἢν
3743 588 4033 655 προστάσ-

2438 704 2539 749 σει,
2575 688 2656 741 ὅτι
2697 685 2917 752 Ἔξελθε
2967 684 3028 747 ἐξ
3065 680 3256 746 αὑτοῦ,
3285 680 3383 732 καὶ
3429 677 3744 749 φιμώθητι;
3782 675 4032 728 Γίνωσκε

2432 779 2488 832 δὲ
2517 780 2597 832 ὅτι
2629 777 2722 831 καὶ
2752 776 2848 829 νῦν
2898 775 3082 829 πολλοὶ
3131 773 3318 843 εχουσι
3347 771 3628 842 δαιμόνια,
3657 770 3772 821 ὅσοι
3817 767 3888 819 τὰ
3912 767 4034 818 τῶν

2432 870 2701 939 δαιμόνων
2775 866 3173 935 ιπιθυμήματα
3238 861 3519 916 τελοῦσιν·
3569 858 3717 922 οἷον,
3768 859 3882 911 ἐστι
3939 873 4034 918 τις

2435 957 2725 1028 θυμώδης,
2774 948 2930 1018 οὗτος
2981 953 3258 1022 δαιμόνιον
3309 950 3424 1020 ἔχει
3485 947 3699 1016 θυμοῦο
3746 944 3864 1000 ἀλλ’
3923 943 4027 994 ἐὰν

2431 1053 2565 1125 ἔλθῃ
2592 1053 2620 1105 ό
2658 1047 2866 1121 Ἰησοῦς
2893 1050 2951 1102 ἐν
2978 1049 3046 1118 τῇ
3081 1045 3401 1114 συναγωγῇ,
3439 1039 3744 1102 τουτέστιν,
3776 1039 3904 1089 ὅταν
3934 1034 4030 1103 εἴη

2430 1144 2459 1196 ό
2483 1142 2606 1205 νοῦς
2635 1141 2974 1212 συνηγμένος
3010 1139 3104 1192 καὶ
3130 1137 3203 1208 μὴ
3237 1135 3607 1206 διαχεόμενος,
3636 1131 3755 1184 τότε
3788 1132 3906 1199 ἐρεῖ
3943 1128 4033 1199 τῷ

2430 1236 2690 1305 δαιμονίῳ
2714 1233 2807 1288 τοῦ
2841 1230 3041 1302 θυμοῦ,
3074 1229 3365 1298 ἀκαθέκτῳ
3394 1227 3510 1280 ὄντι
3535 1242 3549 1255 ·
3574 1223 3894 1292 Φιμώθητι·
3924 1220 4033 1274 καὶ

2431 1327 2596 1391 εὐθὺς
2623 1326 2784 1394 ῥίψαν
2804 1324 2896 1377 τὸν
2930 1322 3218 1392 ἄνθρωπον
3253 1321 3332 1382 είς
3365 1319 3426 1371 τὸ
3452 1319 3641 1388 μέσον,
3676 1313 4032 1379 ἐξελεύσεται

2431 1416 2526 1471 ἀπ’
2559 1415 2750 1469 αὑτοῦ.
2797 1414 2862 1466 Τί
2893 1411 2954 1465 δέ
2989 1414 3107 1464 έστι
3150 1410 3213 1461 τό
3243 1408 3398 1478 ῥίψαι
3431 1407 3513 1467 εις
3557 1405 3619 1458 τὸ
3653 1405 3840 1474 μέσον.
3887 1402 4035 1460 μάν-

2431 1509 2560 1562 θανε
2579 1524 2592 1538 ·
2619 1508 2711 1560 τὸν
2735 1505 3026 1575 ἀνθνρωπον
3051 1499 3178 1555 οὗτε
3216 1503 3394 1568 πάντη
3436 1494 3660 1567 θυμὼδη
3704 1495 3797 1548 καὶ
3819 1493 4030 1562 πικρὸν

2429 1601 2510 1654 δεῖ
2548 1595 2731 1652 εἶναι’
2783 1595 3053 1667 θηριῶδες
3112 1593 3254 1663 γάρ’
3313 1589 3437 1643 οὔτε
3494 1589 3672 1658 πάντη
3727 1587 4031 1655 ἀόργητον,

2429 1691 2758 1761 ἀναίσθητον
2798 1690 2926 1760 γάρ,
2956 1685 3092 1739 ἀλλὰ
3118 1686 3219 1755 τὴν
3253 1684 3430 1754 μέσην
3471 1682 3590 1734 ὁδὸν
3625 1678 3884 1749 βαδίζειν,
3921 1675 4032 1728 καὶ

2429 1785 2520 1838 τὸν
2544 1783 2712 1852 θυμὸν
2741 1780 2886 1851 ἔχειν
2908 1777 3048 1831 κατὰ
3068 1777 3167 1846 τῆς
3191 1774 3412 1834 κακίας.
3435 1773 3602 1824 Ὅταν
3628 1766 3721 1822 οῦν
3741 1785 3860 1821 τινα
3886 1764 4037 1836 ῥίψει

2355 1847 2404 1907 Β
2435 1877 2514 1938 εἰς
2562 1847 2627 1928 τό
2678 1847 2843 1943 μέσον
2888 1871 2951 1924 τὸ
3001 1868 3239 1936 πονηρὸν
3294 1864 3534 1935 πνεῦμα,
3592 1863 3878 1932 ἐξέρχεται
3924 1858 4031 1910 ἀπ’

2437 1968 2851 2116 αὑ,ἶωίλναστάς
2872 2053 2928 2106 δὲ
2969 2053 3033 2106 ἐκ
3078 2051 3175 2120 τῆς
3227 2046 3584 2115 συναγωγῆς.
3639 2041 3888 2111 εἰσῆλθεν
3941 2040 4034 2101 είς

2433 2150 2534 2222 τὴν
2559 2146 2738 2202 οὶκίαν
2773 2146 3046 2216 Σίμωνος·
3082 2144 3115 2214 ἡ
3148 2142 3390 2210 πενθερά
3425 2141 3482 2195 δὲ
3517 2139 3760 2208 Σίμωνος
3786 2132 3854 2205 ἦν
3890 2151 4034 2186 συν-

2432 2241 2670 2315 εχομένη
2701 2237 2919 2310 πυρετῷ
2953 2236 3176 2308 μεγάλῳ
3197 2252 3210 2266 ·
3245 2235 3339 2288 καί
3381 2233 3677 2304 ἠρώτησαν
3704 2229 3865 2281 αὑτὸν
3891 2226 4036 2295 περὶ

2430 2336 2642 2406 αύτῆςξο
2685 2335 2782 2388 καὶ
2826 2331 3058 2395 ἐπιστὰς
3103 2331 3289 2384 ιπάνω
3336 2327 3542 2396 αὐτῆς,
3597 2323 3896 2392 ἐπετίμησε
3944 2319 4038 2390 τῷ

2432 2427 2677 2500 πυρετῷ,
2713 2426 2808 2479 καὶ
2836 2424 3050 2495 ἀφῆκεν
3105 2423 3312 2491 αὑτήν·
3358 2421 3452 2473 καὶ
3500 2416 3849 2489 παραχρῆμα
3880 2414 4035 2467 ἀναο

2430 2523 2604 2577 στᾶσα
2628 2519 2868 2589 διηκόνει
2902 2517 3108 2578 αὐτοῖς.
3146 2513 3404 2576 Δύνοντος
3438 2511 3496 2564 δὲ
3528 2508 3624 2562 τοῦ
3663 2509 3843 2578 ἡλίου,
3877 2505 4034 2560 πάν·

2427 2632 2515 2678 τες
2549 2616 2663 2667 ὅσοι
2696 2607 2842 2680 εῐχον
2866 2606 3228 2669 ἀσθενοῦντας
3258 2606 3436 2668 νόσοις
3474 2601 3769 2664 ποικίλαις,
3809 2601 4037 2670 ἠγαγον

2427 2705 2627 2768 αὐτοὺς
2649 2702 2783 2773 πρὸς
2815 2698 2981 2755 αὐτόν
3007 2715 3019 2728 ·
3055 2700 3082 2751 ὁ
3112 2697 3190 2760 δὲ,
3220 2696 3301 2749 ὲνὶ
3332 2695 3552 2763 ἑκάστῳ
3581 2692 3761 2746 αὐτῶν
3785 2690 3883 2754 τάς
3907 2692 4037 2759 χεῖο

2429 2816 2528 2869 ρας
2557 2794 2786 2858 ἐπιθεὶς,
2838 2792 3209 2863 ἑθεράπευσεν
3242 2786 3462 2848 αὐτούς.
3519 2784 3808 2856 Ἐξήρχετο
3833 2783 3888 2836 δι
3925 2784 4037 2836 καὶ

2423 2889 2678 2960 δαιμόνια
2706 2885 2814 2940 ἀπὸ
2844 2883 3077 2950 πολλῶν,
3108 2881 3384 2954 κράζοντα
3414 2878 3508 2933 καὶ
3538 2878 3784 2947 λέγοντα,
3819 2877 3902 2928 ὅτι
3936 2875 4030 2928 Σὺ

2423 2979 2474 3038 εἴ
2516 2984 2545 3036 ό
2596 2979 2831 3054 Χριστὸς
2865 2979 2892 3029 ό
2925 2977 3053 3042 Υἱὸς
3101 2974 3196 3030 τοῦ
3250 2973 3390 3028 θεοῦ
3414 2990 3427 3004 ·
3472 2971 3567 3029 καὶ
3594 2970 3884 3040 ἐπιτιμῶν,
3915 2970 4037 3022 οὐκ

2423 3078 2509 3130 εἷα
2531 3075 2673 3131 αὐτὰ
2696 3074 2898 3137 λαλεῖν,
2924 3073 3007 3124 ὄτι
3030 3070 3254 3142 ᾔδεισαν
3276 3067 3369 3121 τὸν
3395 3065 3633 3137 Χριστὸν
3652 3063 3813 3119 αὑτὸν
3841 3057 3998 3114 εἶναι
4018 3100 4033 3114 .

2423 3168 2726 3239 Γενομένης
2758 3165 2814 3219 δὶ
2848 3164 3083 3236 ἡμέρας,
3119 3146 3354 3227 ἐξελθὼν
3387 3157 3663 3230 ἐπορεύθη
3697 3157 3776 3219 είς
3808 3154 4033 3223 έρημον

2423 3263 2587 3315 τόπον
2607 3275 2620 3290 ⁸
2651 3260 2741 3313 καὶ
2770 3259 2819 3312 οῖ
2848 3257 2999 3328 ὄχλοι
3029 3256 3336 3325 ἐπεζήτουν
3375 3245 3559 3315 αὑτὸν,
3595 3251 3689 3304 καὶ
3718 3244 3880 3321 ἦλθον
3912 3247 4034 3312 ἕως

2425 3353 2614 3419 αὑτοῦ,
2653 3353 2750 3406 καὶ
2797 3351 3051 3419 κατεῖχον
3102 3348 3269 3402 αὑτὸν
3300 3347 3394 3400 τοῦ
3442 3345 3517 3417 μὴ
3553 3341 3888 3416 πορεύεσθαι
3923 3343 4035 3394 ἀπ’

2425 3445 2602 3499 αὐτῶν
2623 3462 2637 3476 ι
2672 3447 2699 3496 ό
2723 3444 2780 3497 δὲ
2809 3437 2929 3495 εἶπε
2965 3443 3104 3512 πρὸς
3143 3441 3364 3505 αὐτοὺς,
3401 3440 3482 3493 ὅτι
3512 3441 3621 3494 Καὶ
3649 3441 3768 3501 ταῖς
3805 3436 4035 3505 ἑτέραις

2431 3538 2650 3592 πόλεσιν
2690 3534 3153 3602 εὐαγγελίσασθαί
3207 3550 3273 3603 με
3315 3535 3397 3586 δεῖ
3443 3533 3543 3602 τὴν
3592 3530 3874 3602 βασιλείαν
3923 3527 4036 3581 τοῦ

2423 3631 2582 3697 Θεοῦ,
2613 3632 2694 3683 ὅτι
2719 3633 2797 3693 εἰς
2822 3628 2981 3681 τοῦτο
3003 3627 3376 3696 ἀπέσταλμαι,
3409 3627 3502 3678 καὶ
3531 3621 3597 3696 ἦν
3631 3623 3930 3692 κηρύσσων
3971 3624 4034 3674 εν

2421 3725 2542 3786 ταῖς
2571 3721 2914 3790 συναγωγαῖς
2947 3718 3047 3788 τῆς
3083 3719 3400 3782 Γαλιλαίας.
3440 3738 3458 3768 ι
3503 3718 3562 3771 '0
3587 3715 3856 3786 δεσπότης
3878 3713 4032 3766 πάν-

2420 3833 2530 3870 των
2578 3814 2729 3882 παρά
2778 3816 2893 3877 τοῖς
2965 3811 3238 3883 μαθηταῖς
3318 3809 3664 3880 ξενιζόμενος
3730 3809 4033 3878 ἐτρέφετο·

2430 3909 2621 3979 ὥσπερ
2653 3904 2746 3960 οὖν
2777 3908 2871 3960 καὶ
2901 3907 3050 3975 παρά
3087 3907 3280 3976 Πέτρῳ
3320 3904 3419 3958 νῦν
3453 3903 3818 3972 ξενιζόμενος,
3873 3903 4031 3954 ἰᾶται

2421 4005 2520 4076 τὴν
2547 4004 2757 4058 ἐκείνου
2789 4003 3060 4073 πενθεράν
3087 4021 3101 4035 ·
3138 4003 3223 4056 ἴνα
3250 4004 3342 4056 καὶ
3375 4001 3433 4054 σὲ
3455 4001 3722 4072 παιδεύσῃ
3756 3999 3892 4070 μηδὲ
3928 3999 4034 4061 τάς

2420 4098 2530 4152 τῶν
2603 4097 2837 4150 εὐτελῶν
2908 4096 3340 4165 ἀποπέμπεσθαι
3419 4094 3868 4165 φι).οφροσύνας’
3928 4094 4033 4162 ορχ

2420 4190 2609 4252 ἁπλῶς
2635 4189 2690 4242 δὲ
2732 4188 3029 4258 θεραπεύει
3061 4187 3231 4258 αὐτὴν
3264 4188 3372 4242 ἀπὸ
3407 4190 3507 4258 τῆς
3539 4188 3717 4253 νόσου,
3765 4187 3905 4240 ἀλλὰ
3932 4188 4031 4240 καὶ

2420 4282 2727 4354 εὐρωστίαν
2760 4281 2899 4352 αὐτῇ
2937 4284 3033 4334 καὶ
3081 4279 3316 4350 δύναμιν
3356 4266 3657 4350 ἐντίθησιν,
3702 4282 3783 4343 είς
3811 4282 3873 4335 τὸ
3908 4283 4031 4335 δια-

2420 4378 2619 4428 κονεῖν.
2666 4376 2728 4429 Εἰ
2760 4374 2857 4428 καὶ
2899 4376 3064 4444 ἡμεῖς
3098 4368 3194 4427 οῦν
3226 4372 3605 4443 ύποδεξόμεθα
3632 4374 3821 4433 αὑτὸν,
3851 4391 4032 4427 κατα-

2421 4469 2605 4521 σϐέσει
2636 4471 2730 4521 καὶ
2761 4469 2853 4521 τὸν
2900 4467 3179 4536 ἡμέτερον
3213 4466 3473 4536 πυρετὸν,
3498 4467 3587 4520 τόν
3618 4483 3677 4519 τε
3714 4466 3810 4519 τοῦ
3845 4467 4031 4538 θυμοῦ

740 4567 790 4608 et
826 4556 994 4607 turbae
1027 4553 1205 4618 (idem,
1245 4555 1512 4621 quomodo
1547 4553 1710 4606 etiam
1742 4551 1851 4618 jam
1888 4553 2168 4606 occidente
2201 4552 2314 4606 sole
2351 4554 2391 4608 D

2423 4560 2517 4613 κα¹ι
2544 4560 2634 4612 τὸν
2671 4560 2772 4628 τῆς
2827 4559 3158 4628 ἐπιθυμίαςο
3197 4559 3291 4610 καὶ
3329 4560 3515 4628 ἐγερεῖ
3559 4560 3706 4628 ἡμᾶς
3739 4558 3886 4612 ὥστε
3911 4561 4031 4613 δια-

743 4646 984 4698 iniirmos
1033 4644 1309 4708 afferebat,
1367 4659 1538 4713 neque
1593 4654 1833 4713 tempore
1891 4646 2307 4713 impediebatur.

739 4733 855 4788 Non
891 4734 1017 4788 sinit
1052 4745 1231 4788 autem
1276 4735 1537 4787 dmmonia
1571 4733 1738 4803 loqui,
1778 4743 1886 4788 tum
1923 4737 2063 4804 quod
2097 4752 2199 4790 non
2232 4739 2314 4790 in-

2421 4651 2602 4704 κονεῖν
2651 4650 2824 4720 αύτῷ,
2872 4650 3141 4712 τουτέστι,
3185 4650 3252 4703 τὰ
3284 4651 3492 4721 ἀρεστά
3529 4653 3676 4720 αὑτῴ
3734 4653 4028 4722 πράττειν.

2428 4746 2572 4815 Ὅρα
2597 4744 2654 4797 δέ
2683 4761 2773 4814 μοι
2797 4743 2890 4796 καὶ
2919 4743 3013 4796 τοῦ
3036 4743 3196 4812 ὄχλου
3224 4745 3323 4813 τὴν
3348 4745 3555 4805 πίστιν,
3581 4743 3699 4807 πῶς
3726 4747 3824 4796 καὶ
3842 4745 4032 4799 δύνονο

737 4825 956 4890 digebat
1005 4826 1403 4879 immundorum
1440 4826 1619 4891 laude,
1673 4842 1847 4897 neque
1889 4828 2031 4882 enim
2066 4831 2309 4896 speciosa

2423 4856 2510 4898 τος
2541 4837 2636 4890 τοῦ
2671 4838 2824 4906 ἡλίου
2863 4835 3203 4907 προσέτερον
3230 4841 3357 4900 τοὺς
3390 4837 3740 4909 ἀρρώστους,
3771 4840 3897 4910 μηδ’
3924 4840 4031 4893 ὑπὸ

739 4919 851 4972 laus
883 4920 931 4970 in
963 4934 1059 4972 ore
1093 4919 1390 4985 peccatoris
1415 4919 1480 4981 ",
1511 4929 1619 4972 tum
1653 4920 1797 4990 quod
1844 4919 2060 4973 nolebat
2093 4923 2307 4976 accendi

2424 4931 2520 4984 τοῦ
2553 4930 2746 5000 καιροῦ
2782 4931 3205 4999 ἐμποδιζόμενοι
3227 4947 3240 4959 '
3272 4932 3372 4985 ούκ
3397 4932 3662 5002 ἁφίησιδὲ
3680 4933 3750 4984 τὰ
3768 4933 4028 5000 δαιμόνια

740 5012 992 5061 invidiam
1023 5009 1394 5073 Hebraeorum,
1452 5011 1744 5066 videntium
1788 5029 1908 5066 eum
1955 5014 2024 5067 ab
2062 5016 2311 5070 omnibus

2423 5025 2622 5089 λαλεῖν,
2654 5024 2772 5094 ἅμα
2811 5025 2910 5094 μὲν
2944 5024 3017 5095 μὴ
3050 5024 3305 5093 δεόμενος
3334 5027 3431 5094 τῆς
3461 5025 3612 5094 παρά
3640 5025 3750 5077 τῶν
3781 5027 4027 5095 ἁκαθάρ-
4127 5083 4134 5089 _

737 5103 1018 5156 Celebrari.
1059 5102 1249 5157 Turba:
1284 5104 1408 5156 item
1437 5115 1687 5173 qurerunt
1713 5121 1833 5159 eum
1857 5106 2020 5160 etiam
2052 5105 2107 5158 in
2139 5106 2311 5161 locum

2423 5135 2528 5171 των
2581 5118 2853 5186 εὐφημίας
2884 5135 2895 5146 ·
2944 5118 3041 5186 οὐχ
3091 5117 3293 5186 ὡραῖος
3347 5120 3454 5187 γὰρ
3487 5115 3636 5181 αἶνος
3681 5121 3742 5171 ἐν
3789 5121 4028 5189 στόματι

739 5196 1014 5248 desertum
1061 5196 1372 5261 abeuntem,
1407 5209 1460 5250 et
1497 5199 1758 5254 detinent.
1801 5200 1869 5253 At
1919 5200 2010 5255 ille
2055 5216 2161 5255 non
2209 5219 2315 5258 uno

2425 5210 2787 5280 ἁμαρτωλῶν·
2839 5215 2955 5278 αμα
3002 5209 3058 5262 δὲ
3092 5209 3165 5280 μὴ
3194 5208 3365 5262 θέλων
3405 5211 3672 5263 ἀνάπτειν
3699 5215 3792 5264 τὸν
3828 5213 4027 5280 φθόνον

737 5291 853 5343 loco
877 5289 1507 5357 circnmscribitur,sed,
1529 5291 1698 5347 Etiam
1725 5294 1869 5357 aliis,
1895 5295 2087 5364 inquit,
2121 5295 2320 5350 civita-

2425 5300 2532 5353 τῶν
2578 5299 2869 5370 Ἐϐραίων,
2899 5302 2964 5351 ἐκ
2994 5298 3086 5352 τοῦ
3121 5303 3275 5370 παρά
3309 5303 3475 5355 πᾶσιν
3521 5304 3896 5372 εύφημεῖσθαι
3921 5323 3933 5335 -
3976 5306 4024 5357 ei

679 5383 683 5392 '
740 5379 881 5434 tibus
936 5389 1149 5448 oportet
1197 5398 1280 5438 me
1328 5388 1702 5450 evangelizare
1734 5403 1956 5456 regnum
2012 5389 2124 5443 Dei.
2167 5389 2314 5444 Unde

2424 5394 2480 5446 δὲ
2536 5395 2684 5462 ὄχλοι
2729 5395 2824 5446 καὶ
2871 5398 2948 5457 εἰς
2996 5394 3204 5463 ἔρημον
3237 5395 3402 5447 τόπον
3435 5394 3746 5448 ἀπελθόντα
3796 5395 4025 5464 ζητοῦσι

737 5485 941 5541 oportet
958 5478 1117 5530 etiam
1138 5493 1233 5532 nos
1248 5494 1348 5530 non
1368 5493 1580 5546 segnes,
1597 5496 1766 5549 neque
1784 5483 2020 5537 nnoloco
2033 5492 2315 5538 contentos

2425 5485 2519 5536 καί
2574 5485 2898 5552 κατέχουσιν
2943 5483 3142 5536 αὐτόν·
3186 5484 3300 5536 ἀλλ’
3349 5487 3558 5548 ἐκεῖνος
3593 5487 3692 5555 οὐχ
3749 5486 3832 5540 ἑνὶ
3871 5489 4022 5555 τόπῳ

739 5580 878 5627 esse,
912 5568 1002 5619 sed
1041 5568 1238 5636 ubique
1275 5568 1585 5632 circumire,
1621 5581 1672 5625 et
1711 5574 1964 5640 prodesse
1991 5575 2313 5642 quibusque.

2428 5579 2822 5648 περιορίζεται,
2863 5575 3022 5629 Ἀλλὰ
3046 5577 3139 5629 καῖ
3171 5579 3292 5640 ταῖς
3325 5578 3561 5648 ἑτέραις,
3601 5578 3760 5646 φησὶ,
3799 5578 4020 5630 πόλεσιν

737 5662 1192 5726 εὐαγγελίσασθαί
1217 5682 1281 5732 με
1306 5665 1389 5718 δεῖ
1415 5665 1510 5735 τὴν
1545 5666 1819 5736 βασιλείαν
1839 5669 1929 5721 τυῦ
1957 5669 2116 5724 Θεοῦ.
2137 5671 2298 5722 Ὅθεν
2331 5672 2409 5723 δεῖ
2434 5674 2524 5724 καὶ
2547 5675 2694 5743 ἡμᾶς
2729 5674 2803 5744 μὴ
2834 5671 3035 5739 ὀκνεῖν,
3068 5671 3206 5741 μηδὲ
3236 5671 3318 5726 ἐνὶ
3344 5673 3495 5743 τόπῳ
3531 5671 4018 5744 περικλειομένους

739 5754 1046 5824 ἀρκεῖσθαι,
1083 5758 1215 5808 ἀλλὰ
1249 5759 1525 5829 πανταχοῦ
1554 5764 1838 5832 περιιέναι,
1874 5764 1924 5813 εἴ
1955 5782 2066 5826 πως
2101 5764 2456 5835 ὼςρελήσομέν
2481 5783 2622 5820 τινα.

811 5895 854 5922 ’⁸
893 5895 926 5918 ¹’
952 5898 1054 5948 'r’l.
1091 5914 1177 5956 xv,
1204 5899 1255 5952 9.
