4272 6438
246 405 356 476 157
993 399 1439 464 ENARRATIO
1477 397 1560 460 IN
1594 394 1933 460 EVANGEL

1862 393 2096 458 ΕΗοΜ
2128 393 2369 459 Ιιΰϐιε.
2402 418 2469 434 -·
2495 390 2654 458 CAP.
2685 394 2753 455 ν.
3442 392 3549 459 758

854 512 1087 568 KEOAA
1141 512 1218 570 E'.
1871 507 1926 569 Α
2567 503 2804 564 CAPUT
2853 503 2917 558 V.

255 654 400 722 Περι
439 651 546 719 τῆς
584 650 772 719 ἄγρας
819 643 937 705 τῶν
967 647 1214 715 ιχθύων.
1261 644 1400 714 Περὶ
1445 643 1552 698 τοῦ
1593 643 1844 711 λεπροῦ.

327 722 466 805 σοι
623 715 1058 805 τεςρφλρτικοῦ·
1091 717 1228 805 ῐέιρι
1258 714 1845 805 “essetesse

1952 643 2031 699 οε
2059 654 2280 712 captura
2326 643 2569 712 piscium.
2626 640 2699 695 De
2728 641 2952 709 leproso.
2994 637 3070 691 Ds
3108 636 3437 708 paralytico.
3473 640 3547 694 De

1977 759 1980 761 λ
2026 714 2172 805 ’τεινὶ
2197 707 3549 805 ν’ίρέίξσηθῑεθέηωξῖίέζομξῗῗῖΞῖθίῗὶσηίξείῗῗῖᾖέ

328 780 470 871 (Isi)!
493 791 606 871 τοῦ
652 780 871 871 ’ζῆεοῦ
906 780 1348 871 συνεσθίοντρς
1376 784 1505 871 τοῖς
1535 782 1850 871 τειλιὲιντιιςἰ

2023 780 2643 871 ἀειιιεέιοιιηάὶεεὶριιιί
2691 781 2923 838 Joa'mtis
2960 781 3251 850 jejunum,
3295 780 3544 849 discipuli

327 853 428 916 Διᾶ
448 862 505 915 tl
518 863 574 916 οι
603 860 709 915 τοῦ
722 853 1025 914 ’Ἰωάννου
1041 858 1302 929 μαθηταί
1325 853 1776 923 νηστεύουσιν,
1795 855 1850 907 οι

874 877 1025 912 ννου
1041 858 1302 929 μαθηταί
1325 853 1776 923 νηστεύουσιν,
1795 855 1850 907 ot
2023 873 2143 910 vero
2168 853 2369 910 Christi
2413 853 2559 908 non?

330 932 398 984 δὲ
428 932 538 986 τοῦ
568 929 831 999 Χριστοῦ
854 929 994 999 οὐχί
1014 945 1033 992 ;

339 1086 358 1119 ι
409 1065 664 1132 Ἐγίνετο
686 1064 746 1117 δι
776 1065 835 1116 ιν
864 1062 942 1132 τῷ
985 1062 1076 1114 τὸν
1110 1061 1272 1132 ὄχλον
1325 1059 1639 1115 ἐπικεῖσθαι
1675 1057 1848 1127 αὐτῷ,
2024 1059 2026 1064 “

2024 1057 2191 1114 Vsus.
2225 1057 2373 1112 l-H.
2423 1075 2441 1108 ι
2479 1055 2706 1110 Factum
2746 1063 2832 1109 est
2875 1063 3061 1110 autem
3094 1067 3218 1108 cum
3257 1054 3412 1108 turbs
3444 1054 3548 1107 im-

255 1157 354 1211 τοῦ
389 1156 614 1213 ἀκούειν
653 1154 745 1209 τδν
767 1153 926 1222 λόγον
967 1153 1060 1208 τοῦ
1083 1151 1243 1213 Θεοῦ,
1275 1150 1373 1206 καὶ
1397 1151 1560 1214 αὐτὸς
1585 1144 1653 1220 ἦν
1679 1147 1851 1210 ἑστὼς

1955 1153 2188 1207 mitteret
2226 1153 2275 1206 ei
2323 1160 2380 1204 ut
2412 1151 2623 1203 audiret
2661 1150 2883 1205 verbum
2916 1147 3031 1212 Dei,
3083 1157 3139 1202 et
3193 1147 3312 1215 ipse
3369 1146 3549 1202 stabat

257 1249 413 1316 παρὰ
453 1245 552 1317 τὴν
595 1245 793 1315 λίμνην
833 1243 1200 1315 Γεννησαρέτ.
1239 1242 1351 1296 Καὶ
1399 1236 1508 1294 εῐδε
1543 1240 1638 1294 δύο
1690 1239 1850 1292 πλοῖα

1945 1243 2101 1310 juxta
2153 1253 2405 1312 stagnum
2455 1240 2815 1296 Genczaretb.
2873 1241 2938 1294 Et
2995 1239 3131 1292 vidit
3182 1239 3318 1294 duas
3384 1252 3551 1293 naves

259 1336 484 1395 ἑστῶτα
517 1335 669 1406 παρὰ
710 1337 810 1405 τήν
858 1334 1057 1405 λίμνην
1083 1350 1096 1362 ·
1129 1335 1180 1386 οἱ
1208 1333 1265 1387 δὲ
1308 1333 1498 1398 άλιεῖς,
1543 1330 1851 1394 ἀποϐάντες

1953 1345 2165 1391 stantes
2224 1335 2290 1387 ad
2365 1343 2616 1405 stagnum
2665 1351 2679 1388 :
2725 1334 3024 1402 piscatores
3071 1341 3252 1387 autem
3317 1331 3551 1387 descen-

258 1430 359 1482 άπε
402 1427 605 1493 αὐτῶν,
653 1426 972 1481 ἀπέπλυνον
1003 1426 1073 1481 τὰ
1116 1426 1340 1479 δίκτυα*
1396 1423 1572 1494 ἐμϐὰς
1601 1424 1658 1476 δὲ
1687 1423 1766 1486 εἰς
1793 1422 1851 1475 ἓν

1954 1433 2230 1482 derantex
2264 1427 2389 1492 illis,
2417 1436 2468 1480 et
2512 1425 2806 1480 abluebant
2847 1425 3003 1479 retia.
3041 1424 3327 1494 Ingressus
3369 1433 3550 1479 autent

255 1518 371 1572 τῶν
402 1516 603 1571 πλοίων
631 1515 661 1569 δ
683 1509 752 1586 ἦν
779 1516 875 1568 τοῦ
931 1516 1197 1586 Σίμωνος,
1233 1513 1522 1585 ἠρώτησεν
1555 1513 1720 1567 αὑτὸν
1743 1512 1852 1567 ἀπὸ

1956 1521 2009 1574 in
2043 1534 2205 1574 unam
2239 1520 2417 1572 navim
2457 1533 2579 1588 qua:
2615 1527 2734 1574 erat
2786 1517 3051 1580 Simonis.
3092 1517 3296 1588 rogavit
3333 1531 3456 1571 eum
3497 1525 3554 1570 rt

261 1609 366 1679 τῆς
396 1606 500 1677 γῆς
523 1607 897 1678 ἔπαναγαγεῖν
925 1605 1104 1674 ὀλίγον
1127 1623 1140 1637 ’
1166 1607 1260 1658 καὶ
1287 1605 1542 1669 καθίσας,
1571 1596 1851 1658 ¹ἐδίδασκεν
1903 1637 1932 1647 α-

1903 1637 1932 1647 α-
1955 1628 1982 1663 a
2017 1622 2160 1665 terra
2201 1612 2501 1666 abduceret
2537 1613 2790 1682 pusillum
2817 1650 2832 1675 ,
2870 1622 2922 1666 et
2968 1611 3166 1666 sedens
3218 1610 3451 1666 docebat
3487 1610 3555 1663 t'e

259 1703 325 1754 ἐκ
357 1699 452 1754 τοῦ
483 1699 671 1754 πλοίου
699 1701 824 1763 τοὺς
882 1697 1093 1768 ὄχλους.
1139 1697 1226 1761 Ὦς
1253 1698 1310 1752 δι
1347 1699 1625 1752 ἐπαύσατο
1652 1697 1848 1762 λαλῶν,

1957 1704 2080 1758 navi
2113 1705 2321 1759 turbas.
2373 1701 2443 1757 Ut
2475 1706 2713 1760 cessavit
2759 1715 2943 1760 autem
2975 1703 3149 1775 loqui,
3189 1703 3323 1757 dixit
3356 1702 3421 1756 atl
3470 1702 3555 1757 Si-

258 1789 383 1846 εἶπε
411 1793 548 1864 πρὸς
566 1793 659 1846 τὸν
686 1793 908 1862 Σίμωνα
929 1808 942 1822 ·
963 1792 1323 1859 Ἐπανάγαγε
1347 1793 1426 1854 είς
1449 1791 1510 1846 τὸ
1540 1790 1725 1863 βάθος,
1758 1791 1852 1844 καὶ
1889 1851 1927 1864 κ

1889 1851 1927 1864 ,ι
1956 1810 2173 1849 monem
2206 1811 2219 1847 :
2271 1793 2385 1850 Duc
2417 1795 2471 1850 in
2519 1795 2686 1849 altum
2712 1834 2730 1860 ,
2771 1804 2825 1849 et
2867 1794 3052 1849 laxate
3088 1794 3226 1849 retia
3271 1802 3456 1847 vestra
3501 1793 3553 1846 in

260 1851 542 1955 χαλάσατε
569 1884 639 1939 τὰ
685 1851 880 1937 δίκτυα
913 1884 1067 1955 ὑμῶν
1101 1851 1429 1954 είςάγρανή·
1474 1851 1573 1940 καὶ
1618 1851 1850 1954 ἀποκρι-
1889 1851 1929 1907 Β

1889 1851 1929 1907 Β
1957 1895 2259 1957 capturam.
2296 1885 2360 1939 Et
2408 1851 2740 1956 respondens
2789 1886 3001 1954 Simon,
3055 1886 3194 1940 dixit
3243 1885 3318 1940 illi
3359 1908 3369 1940 :
3415 1884 3555 1938 Prtr-

259 1943 376 2036 551,-
459 1972 662 2051 Σίμων,
695 1968 849 2027 εἶπεν
899 1943 1080 2044 αύτῷ·
1124 1943 1446 2038 Ἐπιστάτα,
1482 1974 1550 2027 δι’
1584 1973 1712 2042 ὅλης
1748 1943 1848 2042 τῆς

1957 1943 2171 2049 ceptor,
2216 1995 2312 2048 per
2361 1989 2531 2033 totam
2584 1991 2796 2035 noctem
2844 1979 3155 2057 laborantes
3205 1978 3372 2052 304
3423 1976 3555 2032 nihil

258 2064 455 2128 νυκτὸς
517 2042 882 2130 κοπιάσαντες
905 2105 921 2130 ,
971 2042 1123 2122 ούδὲν
1172 2066 1474 2136 ἐλάϐομεν,
1520 2067 1615 2119 ἐπὶ
1670 2065 1726 2119 δὲ
1772 2066 1849 2136 τῷ

1957 2073 2223 2142 cepimus,
2268 2082 2450 2126 tamen
2486 2082 2579 2127 tuo
2605 2071 2762 2140 jussu
2809 2071 3004 2125 laxabo
3033 2054 3171 2124 rete.
3199 2067 3266 2124 Et
3296 2083 3420 2124 cum
3453 2069 3557 2124 hoc

262 2157 469 2227 ῥήματί
504 2173 598 2210 σου
633 2155 858 2228 χαλάσω
880 2156 940 2210 τὸ
963 2155 1199 2211 δίκτυον.
1233 2157 1346 2212 Καὶ
1398 2157 1556 2210 τοῦτο
1587 2160 1848 2226 ποιήσαν-

1958 2166 2242 2230 fecissent,
2295 2165 2682 2221 cont-luserunt
2730 2165 2962 2234 piscium
3013 2162 3420 2218 multitudinem
3465 2177 3557 2217 co-

257 2265 373 2312 τες,
413 2247 770 2303 συνέκλεισαν
811 2248 1014 2319 πλῆθος
1057 2249 1258 2320 ίχθύων
1289 2249 1443 2304 πολύ.
1482 2251 1849 2321 Διερῤήγνυτο
1940 2263 1943 2266 ·

1940 2259 2186 2328 'piosam.
2236 2258 2610 2328 Rumpebatur
2652 2267 2834 2315 autem
2879 2268 2994 2313 rete
3025 2271 3239 2314 eorum.
3275 2255 3341 2312 Et
3381 2271 3558 2311 annn-

259 2333 316 2387 δὲ
347 2334 409 2386 τὸ
436 2334 652 2388 δίκτυον
692 2336 873 2390 αὐτῶν
896 2353 910 2369 ·
948 2339 1043 2390 καὶ
1088 2339 1428 2393 κατένευσαν
1457 2342 1569 2401 τοῖς
1600 2343 1847 2410 μετόχοις

1955 2361 2119 2409 erunt
2149 2352 2316 2409 sociis
2343 2351 2435 2422 qui
2469 2361 2626 2406 erant
2659 2352 2712 2407 in
2750 2351 2922 2406 altera
2951 2350 3100 2415 navi,
3136 2358 3195 2404 ut
3223 2349 3477 2404 venirent
3501 2359 3557 2404 et

257 2429 370 2490 τοῖς
396 2429 454 2480 ὲν
491 2426 566 2497 τῷ
593 2427 768 2498 ἑτέρῳ
825 2427 1018 2500 πλοίῳ,
1059 2429 1152 2483 τοῦ
1185 2429 1440 2494 ἐλθόντας
1487 2429 1847 2486 συλλαϐέσθαι

1956 2447 2282 2514 adjuvarent
2322 2445 2507 2515 ipsos;
2539 2445 2608 2501 Et
2655 2455 2948 2511 venerunt,
2996 2455 3157 2514 atque
3191 2443 3557 2515 impleverunt

257 2518 443 2582 αὐτοῖς
463 2535 478 2550 ·
507 2522 600 2573 καὶ
633 2516 800 2590 ἦλθον
833 2522 929 2576 καὶ
971 2521 1216 2592 ἔπλησαν
1249 2524 1536 2594 ἀμφότερα
1561 2523 1630 2577 τὰ
1663 2524 1845 2591 πλοῖα,

1957 2538 2148 2594 ambas
2181 2553 2372 2604 naves,
2412 2538 2486 2595 ita
2515 2548 2575 2594 ut
2607 2547 3007 2610 mergerentur.
3038 2535 3195 2604 Quod
3239 2552 3378 2592 cum,
3404 2536 3556 2593 vide-

254 2611 399 2666 ὥστε
422 2612 738 2682 βυθίζεσθαι
758 2613 917 2667 αὐτά.
939 2614 1089 2668 Ἰδὼν
1116 2615 1184 2668 δὲ.
1205 2615 1390 2686 Σίμων
1411 2616 1637 2688 Πέτρος,
1673 2635 1847 2687 προσ·

1959 2641 2038 2685 ret
2067 2631 2255 2689 Simon
2291 2631 2486 2687 Petrus
2510 2672 2526 2698 ,
2559 2631 2757 2687 accidit
2795 2630 2862 2686 ad
2894 2646 3071 2702 genua
3121 2630 3277 2694 Jesu.
3314 2631 3506 2688 dicens
3537 2647 3551 2686 :

262 2705 430 2759 ἐπεσε
478 2709 589 2771 τοῖς
634 2708 826 2775 γόνασι
872 2708 968 2760 τοῦ
1013 2707 1214 2778 Ἰησοῦ,
1253 2709 1457 2777 λέγων·
1498 2709 1724 2777 Ἔξελθε
1750 2711 1848 2769 ἀπ’

1959 2722 2186 2780 Discede
2230 2739 2261 2778 a
2297 2740 2407 2791 me,
2457 2724 2719 2788 Domine,
2756 2727 2884 2795 quia
2916 2725 3079 2780 homo
3113 2732 3371 2796 peccator
3411 2739 3553 2782 sum.

260 2792 421 2863 ιμοῦ,
447 2795 699 2874 suasum
739 2797 1067 2868 ἁμαρτωλός
1095 2798 1237 2868 είμι,
1269 2798 1441 2870 Κύριε
1460 2817 1472 2831 ·
1506 2799 1716 2871 θάμϐος
1739 2801 1849 2871 γὰρ

1960 2816 2164 2888 Stupor
2200 2819 2351 2872 enim
2396 2818 2838 2874 circumdederat
2889 2834 3055 2884 eum,
3111 2827 3167 2873 et
3213 2833 3407 2874 omnes
3463 2818 3553 2888 qui

258 2888 554 2958 περιέσχεν
587 2888 752 2941 αὑτὸν
787 2890 883 2944 καὶ
912 2890 1124 2954 πάντας
1154 2890 1282 2956 τοὺς
1319 2891 1620 2964 σὺνιαῦτῷ,
1655 2895 1749 2947 ἐπὶ
1783 2896 1847 2966 τῇ

1957 2923 2080 2964 cum
2106 2909 2198 2965 illo
2226 2909 2465 2978 fuerant,
2495 2925 2659 2981 super
2690 2921 2914 2982 captura
2949 2910 3180 2982 piscium
3215 2927 3377 2982 quam
3408 2911 3548 2968 fect-

257 2977 408 3049 άγρᾳ
432 2978 539 3033 τῶν
572 2979 794 3050 ἰχθύων,
891 2980 1210 3037 συνέλαϐον.
1267 2981 1500 3054 ὐμοίως
1526 2985 1583 3038 δὲ
1611 2987 1706 3039 καὶ
1742 2986 1849 3043 ἰά-

1957 3013 2123 3058 rant:
2161 3003 2415 3061 similiter
2455 3015 2639 3060 autem
2693 3001 2955 3058 Iacobum
2989 3013 3042 3059 et
3089 3002 3357 3059 Joannem
3413 3007 3553 3063 ltlios

260 3069 460 3134 κωϐον,
491 3074 586 3124 καὶ
629 3071 887 3143 Ἰωάννην
931 3076 1080 3138 υἱοὺς
1124 3073 1436 3143 Ζεϐεδαίου,
1480 3078 1529 3132 οἶ
1557 3074 1699 3149 ἦσαν
1731 3097 1847 3134 κοι-

1957 3094 2228 3160 Ζειιεόιεὶ,
2264 3098 2358 3166 qui
2387 3107 2543 3153 erant
2573 3097 2706 3154 socii
2735 3096 2967 3154 Simoni.
2987 3097 3051 3152 Et
3087 3097 3166 3151 ait
3185 3101 3251 3152 ad
3277 3097 3556 3154 Simonem

261 3162 423 3216 νωνοὶ
451 3163 531 3234 τῷ
561 3163 807 3234 Σίμωνι·
845 3166 943 3219 καὶ
975 3162 1097 3220 εἷπε
1139 3169 1274 3238 πρὸς
1299 3169 1389 3224 τὸν
1425 3171 1647 3240 Σίμωνα
1676 3173 1705 3226 ὁ
1744 3174 1850 3244 Ἰη-
1879 3222 1924 3261 ρ

1879 3222 1924 3261 ρ
1955 3188 2118 3245 Jesus
2166 3209 2178 3245 :
2223 3189 2301 3244 Ne
2344 3201 2590 3255 metuas,
2653 3191 2883 3259 posthac
2938 3191 3190 3247 homines
3240 3192 3446 3261 capies.
3491 3191 3558 3246 Et

259 3253 410 3318 σοῦς·
433 3256 523 3325 Μὴ
545 3256 734 3325 φοϐοῦ,
761 3258 871 3311 ἀπὸ
901 3259 994 3313 τοῦ
1019 3258 1114 3312 νῦν
1132 3260 1452 3333 ἀνθρώπους
1470 3263 1569 3336 ἔσῃ
1586 3264 1819 3336 ζωγρῶν
1835 3282 1850 3298 ο
1879 3253 1926 3283 ’³

1879 3253 1926 3283 ’³
1957 3279 2241 3338 subductis
2292 3281 2348 3336 in
2386 3290 2588 3336 terram
2635 3280 2892 3346 navibus,
2935 3280 3141 3342 relictis
3183 3283 3438 3337 omnibus
3473 3298 3561 3338 ει-

259 3349 358 3402 καὶ
409 3351 818 3424 καταγαγόντες
866 3352 936 3406 τὰ
970 3354 1132 3419 πλοῖα
1167 3355 1262 3407 ἐπὶ
1309 3357 1410 3427 τήν
1439 3357 1567 3426 γῆν,
1624 3359 1876 3430 ἀφέντες,

1868 3389 1876 3426 μ’
1957 3377 2066 3431 cuti
2099 3385 2228 3431 sunt
2254 3390 2403 3432 eum.
2445 3397 2464 3426 ι
2496 3373 2656 3444 Fugit
2690 3372 2957 3430 Dominus
2989 3374 3240 3444 gloriam,
3278 3390 3401 3444 qum
3433 3392 3555 3428 eum

259 3437 500 3506 ἅπαντα,
559 3440 937 3512 ἠκολούθησαν
967 3444 1136 3516 αύτῷ.
1181 3464 1198 3497 ι
1227 3445 1423 3514 Φεύγει
1467 3448 1567 3517 μὲν
1597 3449 1623 3500 ό
1648 3448 1854 3517 Κύριος

1957 3470 2027 3524 ob
2071 3456 2174 3524 hnc
2223 3468 2396 3540 magis
2430 3467 2784 3538 sequebatur.
2829 3466 3000 3537 Igitur
3031 3479 3262 3536 urgente
3309 3468 3467 3521 turba
3506 3471 3556 3521 in

259 3532 363 3601 τήν
390 3532 630 3605 δόξαν,ἠ
663 3533 720 3587 δὲ
764 3536 907 3600 τόσῳ
942 3538 1143 3607 μᾶλλον
1166 3538 1497 3594 καταδιώκει
1528 3536 1713 3596 αὐτόνῖ
1746 3540 1853 3595 Τοῦ

1958 3559 2141 3613 navim
2181 3558 2508 3628 ingreditur,
2560 3567 2616 3611 ut
2661 3555 2807 3612 vela
2860 3573 2997 3612 nave
3046 3558 3240 3612 doceat
3286 3559 3339 3612 in
3375 3558 3558 3614 littoue

259 3627 394 3695 γοῦν
417 3627 575 3698 δχλου
607 3630 985 3699 ἐπικειμένου,
1014 3633 1096 3696 είς
1117 3632 1180 3686 τὸ
1207 3633 1390 3688 πλοῖον
1419 3635 1728 3708 είσέρχεται
1747 3635 1854 3700 ’ώς

1958 3659 2189 3713 stantes,
2218 3627 2476 3704 omnibus
2502 3663 2534 3705 e
2558 3648 2778 3718 regione
2817 3643 3284 3719 comparentibus,
3320 3660 3375 3706 ct
3412 3653 3556 3706 ltttilu

259 3716 330 3772 ἂν
355 3718 462 3772 άπὸ
483 3718 579 3772 τοῦ
603 3720 814 3787 πλοίου,
845 3722 1070 3794 διδάσκῃ
1096 3725 1224 3788 τοὺς
1250 3727 1307 3780 ὲν
1339 3725 1414 3799 τῷ
1438 3727 1675 3798 αἰγιαλῷ
1709 3728 1857 3781 tota.

1959 3757 1988 3795 ιι
2023 3755 2173 3811 tergo
2214 3743 2482 3798 veniente.
2527 3740 2827 3812 Postquam
2877 3753 3058 3797 autem
3107 3746 3323 3798 turbam
3356 3759 3384 3796 a
3431 3746 3555 3799 navi

261 3806 484 3880 μένους,
528 3812 750 3865 πάντων
800 3815 944 3868 κατὰ
980 3816 1277 3887 πρόσωπον
1314 3817 1483 3872 αὑτοῦ
1527 3819 1723 3886 ὅντων,
1757 3821 1855 3874 καὶ

1958 3835 2160 3898 docuit,
2188 3835 2469 3890 dominum
2497 3836 2652 3891 navis
2680 3851 2787 3914 non
2812 3836 3036 3906 reliquit
3066 3836 3558 3908 irremuneratum,

261 3901 492 3972 μηδενὸς
519 3905 765 3971 ἐλθόντος
799 3909 942 3962 κατὰ
977 3908 1172 3965 νώτου.
1195 3911 1352 3965 Ἐπεὶ
1378 3912 1439 3966 δὲ
1463 3913 1554 3965 τὸν
1575 3912 1733 3983 ϐχλον
1757 3913 1857 3967 ἐδί-

1957 3928 2052 3982 sed
2107 3924 2359 3982 bifariam
2413 3928 2462 3982 ei
2517 3907 2809 3995 benefecit,
2858 3901 2983 3999 quia
3039 3939 3096 3984 et
3149 3901 3555 3986 multitudinem

255 3991 421 4059 δαξεν
460 3995 524 4049 ἑκ
556 3995 652 4050 τοῦ
685 3998 898 4060 πλοίου,
929 4000 1032 4053 οὐκ
1083 4002 1320 4071 ἄμισθον
1375 4003 1571 4074 ἀφίησι
1622 4004 1717 4059 τὸν
1757 4003 1852 4059 τοῦ

1957 4019 2186 4088 piscium
2220 4021 2270 4075 ei
2315 4021 2562 4088 donavit,
2600 4030 2653 4076 et
2697 3991 3026 4092 discipulum
3065 4038 3222 4076 suum
3260 4022 3412 4080 fecit.
3445 4024 3559 4080 Ad-

262 4082 453 4137 πλοίου
484 4085 778 4159 δεσπότην,
811 4087 949 4143 ἀλλὰ
975 4090 1180 4155 διπλῶς
1219 4091 1384 4146 αὐτὸν
1415 4093 1732 4163 εὐεργετεῖ’
1769 4096 1856 4150 ὅτι

1957 4112 2160 4167 mirare
2193 4122 2373 4167 autem
2403 4113 2616 4169 Domini
2646 4115 3132 4186 dispensationem,
3161 4118 3437 4191 quomodo
3464 4134 3559 4187 per

262 4191 324 4226 τε
355 4175 553 4246 ίχθύων
583 4178 797 4250 πλῆθος,
828 4180 978 4252 αὺτῷ
1015 4184 1334 4255 ἐχαρίσατο,
1368 4190 1463 4242 καὶ
1485 4188 1569 4242 ὅτι
1601 4190 1853 4262 μαθητὴν

1958 4203 2177 4272 propria
2223 4215 2278 4259 et
2312 4203 2607 4260 familiaria
2644 4222 2743 4263 sua
2791 4222 3068 4278 quemque
3106 4175 3336 4264 atirahit
3373 4212 3561 4266 :sicnt

258 4266 429 4322 αὑτοῦ
456 4272 773 4344 ιποιήσατο.
801 4271 1099 4344 Θαύμασον
1127 4275 1184 4329 δὲ
1211 4278 1307 4332 τοῦ
1338 4281 1547 4350 Κυρίου
1579 4282 1677 4353 τὴν
1704 4285 1856 4338 obto-

1960 4310 2149 4366 magos
2189 4312 2285 4364 per
2333 4297 2570 4364 stellam,
2623 4298 2696 4353 ita
2745 4309 2801 4355 et
2850 4301 3154 4370 piscatores
3209 4317 3308 4372 per
3355 4303 3558 4372 pisces.

257 4359 476 4431 νομίαν,
509 4364 628 4428 πῶς
651 4363 885 4419 ἕκαστον
916 4365 1006 4422 διὰ
1032 4367 1144 4421 τῶν
1172 4372 1390 4425 οἰκείων
1409 4373 1507 4427 καὶ
1532 4377 1854 4448 συντρόφων

1954 4359 2128 4440 Ροι·ἰ·ο
2152 4359 2356 4441 Christi
2389 4359 2868 4445 mansuetudinem
2907 4390 3051 4456 vide,
3083 4359 3370 4459 quomodo'
3399 4359 3560 4450 obse;

257 4453 582 4522 ἐφέλκεταιο
626 4457 703 4520 ώς
737 4457 847 4529 γὰρ
888 4459 1016 4523 τοὺς
1072 4459 1284 4530 μάγους
1319 4462 1408 4516 διὰ
1451 4465 1545 4517 τοῦ
1598 4467 1848 4540 ἀστέρος,

1955 4487 2072 4532 cret
2103 4476 2321 4533 Petrum
2349 4489 2406 4533 ut
2433 4494 2462 4533 ε
2491 4489 2634 4534 terra
2659 4481 2896 4536 abducat
2922 4499 2937 4536 :
2966 4453 3179 4554 rogavit
3207 4485 3378 4552 enim,
3414 4486 3554 4542 idem

257 4543 404 4602 οῦτω
433 4551 526 4602 καὶ
555 4552 683 4613 τοὺς
740 4550 910 4615 ἁλιεῖς
943 4552 1032 4607 διὰ
1061 4555 1170 4608 τῶν
1223 4555 1445 4627 ἰχθύων.
1490 4559 1634 4629 Ὅρα
1662 4562 1719 4615 δὲ
1752 4561 1846 4615 τοῦ
1886 4584 1926 4638 ι)

1886 4584 1926 4638 ι)
1957 4578 2042 4623 est
2068 4570 2211 4638 quod
2237 4569 2544 4625 obsecravit
2573 4589 2586 4624 :
2625 4575 2717 4627 sed
2747 4583 2802 4628 et
2832 4543 3106 4643 quomodo
3153 4576 3351 4634 Petrus
3383 4580 3555 4636 mori-

257 4639 502 4711 Χριστοῦ
527 4643 625 4712 τήν
654 4642 983 4708 ἐπιείκειαν,
1015 4646 1134 4710 πῶς
1171 4651 1483 4719 παρακαλεῖ
1511 4653 1604 4704 τὸν
1643 4654 1850 4726 Πέτρον

1954 4676 2118 4730 gerus
2152 4661 2335 4729 fuerit,
2377 4664 2447 4718 ita
2483 4674 2541 4720 ut
2578 4666 2854 4723 hominem
2884 4683 3047 4738 quem
3081 4686 3189 4724 non
3228 4672 3461 4741 viderat,
3500 4677 3554 4733 in

255 4732 367 4786 άπὸ
390 4732 490 4802 τῆς
532 4735 634 4804 γῆς
666 4736 1041 4809 ἐπαναγαγεῖν
1062 4754 1076 4768 ·
1102 4741 1168 4793 τὸ
1213 4743 1346 4813 γὰρ,
1375 4741 1685 4816 ἠρώτησεν,
1728 4748 1851 4802 ἀντὶ

1955 4755 2135 4808 navim
2171 4770 2326 4810 suam
2360 4759 2686 4827 susceperit,
2718 4768 2772 4812 et
2801 4759 2850 4814 ei
2891 4762 3232 4818 inomnibus
3265 4764 3554 4825 obedierit.

251 4824 374 4888 τοῦ,
410 4828 755 4898 παρεκάλεσε
804 4833 934 4884 νόει·
987 4833 1124 4887 ἀλλὰ
1173 4834 1270 4887 καὶ
1299 4838 1326 4890 ό
1357 4837 1596 4908 Πέτρος,
1633 4840 1750 4903 πῶς
1779 4837 1849 4912 ἦν

1951 4842 2087 4900 Nam
2118 4854 2176 4900 ut
2201 4847 2339 4901 dixit
2378 4847 2426 4902 ei
2451 4824 2600 4918 ‘qu—od
2629 4852 2925 4907 abduceret
2960 4853 3012 4907 in
3065 4854 3416 4926 profundum,
3444 4824 3552 4917 non

252 4919 539 4988 εὐπειθὴς,
576 4920 716 4975 ὥστε
756 4923 1067 4996 ἄνθρωπον,
1104 4928 1163 4980 ὃν
1187 4929 1288 4980 οὐκ
1313 4928 1452 5001 ᾔδει,
1479 4931 1848 4997 ὑποδέξασθαί

1951 4939 2162 5005 abnuit,
2198 4955 2375 5010 neque
2406 4942 2565 5005 dixit,
2617 4943 2720 4998 Per
2750 4955 2915 4999 totam
2949 4919 3167 5003 noctem
3200 4919 3468 5019 laboravi,
3500 4964 3559 5011 et

253 5027 312 5063 τε
339 5012 420 5074 είς
452 5011 514 5065 τὸ
541 5013 726 5067 πλοῖον
756 5015 943 5087 αύτοῦ,
988 5020 1084 5071 καὶ
1117 5011 1295 5073 πάντα
1321 5020 1488 5076 αὑτοῦ
1515 5023 1845 5077 ὑπακούειν·

1952 5030 2085 5084 nihil
2116 5045 2445 5086 consecutus
2477 5047 2639 5100 sum;
2705 5052 2854 5091 nunc
2891 5037 2984 5091 tibi
3024 5054 3297 5108 parerem,
3333 5055 3389 5097 et
3430 5043 3554 5102 aliis

251 5101 467 5182 tb;_7&p
513 5100 670 5160 εἶπεν
707 5108 857 5176 αύτῷ
910 5111 1286 5179 ἐπαναγαγεῖν
1317 5116 1397 5177 είς
1427 5115 1488 5168 τὸ
1518 5115 1702 5186 βάθος,
1747 5118 1849 5173 ούκ

1951 5120 2262 5193 fatigandus
2291 5124 2572 5181 laboribus
2609 5127 2983 5184 incumberent
2998 5100 3037 5184 ’2-
3054 5131 3152 5187 sed
3179 5100 3362 5198 ait,'ln
3388 5100 3555 5193 verbo

252 5178 729 5271 ἁπεδυσπέτησεν,
774 5202 885 5254 οὐδ’
918 5199 1062 5267 εἷπε,
1098 5178 1188 5257 Διί
1214 5207 1344 5277 ὅλης
1376 5210 1475 5276 τῆς
1518 5178 1719 5276 ¹νυκτδς
1752 5229 1848 5266 κο-

1953 5178 2300 5270 ιιιουιοιειιιο
2361 5178 2499 5273 rete.
2553 5218 2705 5275 Adeo
2761 5220 3009 5279 fervebat
3055 5226 3161 5282 ﬁde
3205 5178 3374 5284 etiam

255 5290 458 5355 πιάσας
492 5293 588 5346 καὶ
641 5294 810 5365 μηδὲν
857 5297 1150 5367 κερδάνας,
1188 5299 1286 5353 νῦν
1334 5302 1420 5355 σοὶ
1453 5306 1844 5378 πεισθήσομαι,

1951 5305 2112 5364 ﬁdem
2150 5325 2165 5364 :
2202 5310 2343 5366 unde
2368 5322 2424 5367 et
2454 5321 2636 5367 tantos
2671 5315 2852 5385 pisces
2873 5319 3310 5389 comprehendit,
3344 5332 3403 5377 ut
3431 5323 3552 5379 illos

253 5385 344 5437 καὶ
373 5383 649 5476 δευτέροις
687 5389 873 5452 πόνοις
914 5391 1153 5461 ἐμαυτὸν
1183 5394 1470 5462 ἐπιδώσω;
1506 5398 1675 5459 Ούδὲν
1719 5401 1844 5454 τού-

1951 5415 2057 5456 non
2108 5403 2349 5472 potuerit
2403 5406 2646 5473 trahere,
2678 5417 2733 5462 et
2779 5413 3038 5467 annuerit
3073 5413 3262 5476 sociis,
3310 5414 3412 5471 hoc
3469 5427 3553 5471 cst

255 5492 368 5577 tam:
387 5475 562 5545 εἶπεν,
593 5478 732 5533 ἀλλὰ
773 5482 998 5550 μᾶλλον,
1018 5477 1142 5542 Ἐπὶ
1164 5487 1244 5558 τῷ
1275 5490 1482 5560 ῥήματί
1508 5510 1601 5546 σου
1621 5495 1845 5564 χαλάσω

1949 5496 2307 5566 participibus
2331 5498 2387 5552 in
2415 5498 2518 5553 alia
2543 5499 2839 5556 navi.Nutu
2863 5512 3044 5559 autem
3077 5506 3200 5562 illos
3224 5518 3402 5572 vocat,
3423 5510 3549 5577 quia

254 5565 309 5669 εδ
339 5566 593 5623 δίκτυονο
633 5570 808 5635 οὕτως
851 5570 920 5647 ἦν
952 5577 1052 5649 τὴν
1107 5579 1295 5633 πίστιν
1341 5583 1544 5654 θερμὸς
1592 5588 1686 5640 καὶ
1737 5587 1846 5657 πρὸ

1949 5565 2176 5656 propter
2211 5597 2492 5659 stuporem
2547 5608 2804 5663 magnum
2855 5598 3006 5665 loqui
3048 5600 3326 5669 nequibat.
3378 5565 3548 5656 Ptirro

257 5658 347 5729 τῆς
381 5660 660 5758 πίστεως·
696 5665 820 5720 ὅθεν
851 5670 946 5723 καὶ
971 5672 1263 5738 τοσούτους
1298 5675 1489 5746 ίχθύας
1525 5678 1844 5750 συλλαμϐά-

1951 5679 2117 5734 multa
2151 5683 2460 5738 reverentia
2487 5682 2686 5741 Petrus
2725 5697 2882 5758 rugat
2911 5686 3094 5745 Jesum
3133 5703 3190 5746 ut
3221 5693 3344 5748 navi
3381 5709 3546 5749 exce-

257 5768 352 5820 νει,
380 5753 527 5810 ὥστε
559 5755 638 5830 μή
685 5758 990 5832 δυνάμενος
1040 5765 1264 5831 τούτους
1319 5769 1570 5834 ἑλκύσαι,
1603 5774 1698 5826 καὶ
1728 5776 1842 5839 τοῖς

1949 5773 2060 5840 dat,
2094 5785 2436 5846 peccatorem
2472 5778 2713 5847 seipsum
2747 5779 2958 5848 dicens,
3000 5793 3055 5839 et
3087 5784 3371 5855 indignum
3405 5787 3548 5843 illius

257 5847 504 5913 μετόχοις
534 5850 703 5917 νεύει.
742 5857 1013 5918 τουτέστι.
1055 5862 1169 5925 τοῖς
1218 5867 1496 5930 κοινωνοῖς
1541 5867 1654 5932 τοῖς
1681 5869 1739 5922 ἐν
1764 5869 1842 5934 τῷ

1947 5871 2386 5930 conversatione.
2429 5870 2554 5931 llaec
2581 5875 2750 5931 etiam
2786 5892 2881 5948 per
2917 5881 3236 5951 anagogiam
3278 5883 3322 5941 si
3352 5887 3434 5941 \is
3464 5888 3545 5937 iu-
