4256 6432
740 401 847 467 759

1629 382 2206 461 THEOPHYLAC’I‘I
2234 400 2645 464 summa”:
2678 400 3020 462 ARCHIEP

3890 400 4012 466 τεο

742 515 971 584 telligas.
1026 512 1189 569 Navis
1234 522 1313 568 est
1342 512 1644 568 Judmorum
1683 514 1963 586 Synagoga
1990 556 2004 579 ,
2046 526 2098 569 et
2131 515 2322 572 Petrus
2351 522 2394 577 Α

2351 522 2394 577 Α
2426 516 2597 585 ἑτέρῳ
2630 516 2832 586 πλοίῳο
2853 516 2941 569 διὰ
2966 514 3237 585 νεύματος
3264 513 3321 567 δι
3345 512 3543 579 αὑτοὺς
3573 515 3967 585 προσκαλεῖται
3988 537 4004 551 ·

739 610 876 676 gerit
911 619 1094 675 typum
1136 608 1417 659 doctorum
1467 604 1621 674 legis.
1669 605 2078 660 Laboraverunt
2130 618 2308 660 autem

739 713 836 765 per
886 709 1051 750 t0tam
1106 703 1316 748 noctem
1345 696 1595 749 doctores
1638 697 1727 764 qni
1768 707 1894 749 ante
1924 696 2197 750 Christum
2233 696 2315 749 fu-

739 799 919 845 erunt.
951 788 1187 856 Tempus
1238 788 1379 839 enim
1411 798 1535 840 ante
1565 787 1682 855 ejus
1710 789 1996 842 adventum
2036 805 2137 843 nox
2172 796 2310 851 erat,

740 889 795 931 et
829 878 959 931 nihil
1002 878 1531 945 comprehenderunt
1574 896 1588 930 :
1623 888 1906 946 postquam
1958 888 2135 931 autem
2164 878 2313 931 venit

741 971 1013 1030 Christus.
1045 970 1270 1038 diesque
1314 969 1492 1022 factus
1521 978 1623 1031 est,
1668 969 1896 1036 apostoli
1938 971 1988 1022 in
2021 969 2195 1023 locum
2225 968 2308 1020 le-

739 1064 820 1132 gis
850 1064 1127 1117 doctorum
1171 1060 1463 1129 surrogati,
1506 1060 1564 1113 in
1601 1061 1764 1114 verbo
1806 1061 1945 1129 ejus,
1990 1060 2091 1113 hoc
2126 1069 2209 1114 est
2256 1061 2309 1114 in

742 1166 1010 1224 prasccpto
1055 1155 1191 1223 ejus,
1243 1153 1425 1205 laxant
1475 1161 1591 1206 rete
1639 1151 1933 1219 Evangelii,
1978 1162 2031 1204 et
2067 1151 2310 1205 multitu-

738 1249 918 1301 dinem
954 1247 1235 1299 hominum
1263 1256 1549 1299 venantur.
1584 1245 1693 1297 Soli
1730 1252 1909 1297 autem
1945 1245 2172 1312 apostoli
2204 1260 2308 1298 non

738 1348 965 1409 possunt
1020 1340 1239 1393 trahere
1279 1349 1391 1392 rete
1449 1338 1703 1407 piscium,
1752 1347 2106 1405 annuuntque
2150 1337 2311 1390 sociis

737 1429 870 1492 suis,
906 1439 960 1483 et
982 1430 1403 1492 communicant,
1428 1438 1481 1483 et
1511 1444 1631 1483 cum
1662 1430 1741 1481 eis
1774 1428 2009 1482 trahunt.
2047 1427 2107 1480 Hi
2130 1438 2308 1481 autem

736 1520 897 1591 305
933 1531 1057 1575 sunt
1082 1530 1325 1589 pastores
1360 1530 1414 1575 et
1446 1524 1697 1575 doctores
1719 1520 2083 1575 Ecelesiarum
2114 1522 2165 1573 in
2199 1521 2310 1575 sin-

740 1612 879 1681 gulis
915 1613 1249 1680 temporibus
1294 1613 1385 1681 qui
1425 1615 1852 1681 interpretantur
1876 1622 1929 1666 et
1968 1614 2161 1666 docent
2186 1622 2313 1680 apo-

738 1703 948 1765 stolica,
1010 1705 1339 1772 trahuntque
1405 1720 1526 1758 eum
1592 1704 1870 1773 apostolis,
1920 1713 1983 1758 ut
2036 1705 2310 1771 piscentur

737 1794 1004 1847 hOmiues.
1041 1794 1422 1848 Animadverte
1464 1796 1589 1848 item
1625 1806 1679 1848 et
1720 1796 2011 1850 dictionem
2043 1834 2058 1859 ,
2102 1794 2311 1848 Laxare

740 1897 870 1939 rete.
903 1886 1253 1956 Evangelium
1289 1888 1431 1939 enim
1475 1896 1558 1942 est
1590 1898 1724 1951 rete,
1760 1891 2060 1942 orationem
2105 1888 2310 1942 habens

736 1978 990 2031 humilem
1024 1989 1076 2031 ct
1105 1978 1428 2047 pedestrem,
1467 1990 1517 2032 et
1563 1980 1628 2031 ad
1672 1979 1972 2034 auditorum
2026 1978 2311 2032 inﬁrmita-

738 2082 841 2122 tem
869 2084 926 2122 se
958 2079 1405 2138 attemperautem
1441 2090 1452 2122 :
1488 2078 1539 2123 et
1564 2069 1769 2122 idcirco
1799 2070 1995 2123 dicitur
2020 2070 2212 2124 laxari.
2250 2069 2306 2123 Si

733 2163 817 2216 cui
850 2172 1027 2215 autem
1063 2170 1118 2215 et
1149 2177 1402 2216 sensuum
1435 2161 1770 2229 profunditas
1800 2162 2091 2229 significari
2130 2163 2314 2218 videa-

736 2266 822 2308 tur
869 2270 963 2320 per
1012 2254 1338 2308 laxationem
1399 2256 1569 2315 retis,
1632 2268 1807 2323 neque
1861 2254 2035 2322 ipsum
2096 2270 2125 2308 a
2183 2270 2311 2310 vero

735 2348 961 2403 abludit.
995 2347 1251 2415 lmpletur
1282 2346 1423 2399 enim
1459 2355 1513 2398 et
1553 2347 1651 2399 hoc
1679 2347 1958 2415 prophetae
1998 2347 2089 2415 qui
2120 2344 2251 2401 dicit
2291 2365 2304 2400 :

740 2460 757 2490 ε
792 2438 930 2494 Ecce
958 2453 1057 2508 ego
1094 2440 1251 2491 mitto
1280 2439 1575 2507 piscatores
1603 2438 1825 2499 multos,
1868 2438 1999 2491 dicit
2029 2439 2304 2505 Dominus,

2416 607 2603 675 ἐπειδὴ
2636 607 2725 659 διὰ
2756 608 2854 678 τὴν
2882 608 2976 660 ἐπὶ
3001 610 3067 678 τῇ
3097 608 3245 677 ἀγρᾳ
3277 605 3562 676 ἔκπληξιν,
3590 605 3713 660 om
3760 606 4002 675 λαλῆσαι

2416 697 2645 766 ἠδύνατο
2669 714 2683 729 ο
2716 696 2825 752 ἀπὸ
2853 698 3054 767 πολλῆς
3103 698 3159 751 δὲ
3184 698 3470 762 εὐλαϐείας
3500 700 3529 752 ό
3560 699 3766 768 Πέτρος
3793 714 4006 768 παραι-

2416 792 2590 843 τεῖται
2612 790 2702 843 τὸν
2732 789 2942 857 Ἰησοῦν
2962 790 3060 845 τοῦ
3079 791 3154 862 μὴ
3175 788 3315 845 εἶναι
3344 792 3403 844 ιν
3419 790 3497 860 τῷ
3518 792 3710 860 πλοίῳ,
3733 793 4008 862 ἀμαρτω-

2418 882 2507 934 λδν
2538 884 2731 937 ἑαυτὸν
2751 883 2946 949 λέγων,
2974 885 3068 935 καὶ
3099 884 3200 936 οὐκ
3222 884 3372 949 ἀξιον
3400 883 3492 936 τοῦ
3515 884 3708 953 ἐκείνῳ
3734 885 4002 937 συνεῖναι.

2417 974 2631 1041 Νόησον
2661 975 2716 1025 δὲ
2742 974 2915 1028 ταῦτα
2955 975 3051 1028 καὶ
3080 975 3227 1027 κατά
3258 975 3575 1046 ἀναγωγήν,
3607 977 3655 1027 εἰ
3685 976 3882 1037 θέλεις.
3922 975 4005 1027 Τὸ

2416 1062 2605 1119 πλοῖόν
2632 1068 2779 1119 ἐστιν
2811 1067 2843 1135 ή
2870 1066 2979 1119 τῶν
3032 1066 3301 1121 Ἰουδαίων
3341 1066 3675 1137 Συναγωγή·
3727 1068 3757 1119 ὁ
3789 1067 4005 1137 Πέτρος

2416 1158 2587 1210 τύπον
2616 1158 2803 1228 ἐπέχει
2830 1158 2939 1212 τῶν
2974 1160 3032 1211 έν
3060 1158 3139 1229 τῷ
3181 1160 3332 1228 νόμῳ
3358 1158 3697 1213 διδασκάλων
3718 1177 3731 1189 ο
3766 1161 4002 1212 ironia-

2420 1268 2518 1302 σαν
2562 1250 2657 1303 οῦν
2700 1251 2765 1303 δι’
2816 1252 2946 1320 ὅλης
3003 1252 3103 1320 τῆς
3137 1250 3334 1313 νυκτὸς
3389 1251 3439 1304 οί
3481 1251 3587 1321 πρὸ
3628 1250 3722 1303 τοῦ
3755 1252 4005 1320 Χριστοῦ

2416 1342 2727 1397 διδάσκαλοι
2761 1343 2879 1414 (νὺξ
2924 1344 3033 1411 γὰρ
3058 1345 3085 1395 ὁ
3116 1344 3221 1414 πρὸ
3271 1342 3373 1411 τῆς
3413 1343 3653 1414 Χριστοῦ
3697 1343 4006 1413 ἀπιδημίας

2419 1432 2652 1501 καιρὸς),
2684 1433 2776 1483 καὶ
2802 1433 2955 1484 οὐδὲν
2976 1432 3191 1484 ἔλαϐον.
3223 1431 3501 1495 Ἐλθόντος
3528 1432 3586 1485 δὲ
3610 1430 3705 1485 τοῦ
3733 1432 4003 1501 Χριστοῦ,

2416 1524 2514 1574 καὶ
2536 1522 2753 1593 ἡμέρας
2800 1510 3122 1593 γενομένης,
3157 1524 3237 1585 εἰς
3262 1522 3354 1575 τὸν
3384 1524 3549 1576 τόπον
3579 1522 3688 1576 τῶν
3717 1520 4010 1593 νομοδιδαῖ

2420 1616 2636 1670 σκάλων
2672 1615 2920 1678 τεθέντες
2943 1610 2993 1667 oi
3017 1615 3327 1679 ἀπόστολοι,
3352 1615 3444 1669 ἐπὶ
3471 1614 3548 1685 τῷ
3579 1617 3783 1685 ῥήματι
3802 1614 4005 1676 αὐτοῦ,

2418 1708 2696 1760 τουτέστιν
2742 1707 2835 1759 ἐπὶ
2874 1711 2938 1778 τῇ
3003 1707 3334 1779 προστάξει,
3390 1707 3597 1776 χαλῶσι
3664 1708 3724 1759 τὸ
3780 1706 4007 1759 δίκτυον

2418 1803 2509 1854 τοῦ
2555 1801 2908 1870 Εύαγγελίου,
2960 1802 3052 1853 καὶ
3092 1800 3296 1870 πλῆθος
3340 1799 3645 1869 ἀνθρώπων
3698 1798 4003 1869 ζωγροῦσι.

2419 1894 2585 1947 Movet
2644 1894 2699 1947 δὲ
2760 1894 2809 1946 οἱ
2870 1892 3160 1946 ἀπόστολοι
3213 1894 3275 1945 ού
3334 1891 3589 1944 δύνανται
3660 1890 3880 1943 ἑλκύσαι
3938 1890 4008 1943 τὸ

2418 1989 2631 2041 δέκτυον
2666 1987 2776 2041 τῶν
2820 1987 3039 2057 ἰχθύων,
3085 1986 3178 2037 καὶ
3212 1983 3427 2036 νεύουσι
3467 1984 3567 2037 καὶ
3601 1984 3715 2044 τοῖς
3748 1981 4011 2049 μετόχοις

2418 2082 2598 2133 αὐτῶν
2633 2080 2725 2133 καὶ
2760 2082 3059 2141 κοινωνοῖς,
3090 2078 3185 2130 καὶ
3214 2076 3559 2146 συναίρονται
3602 2076 3803 2135 αὐτοῖς.
3834 2068 4008 2126 Οὗτοι

2416 2170 2472 2223 δέ
2504 2171 2642 2224 εἰσιν
2680 2171 2727 2222 οἱ
2782 2170 2903 2222 καθ’
2938 2168 3202 2230 ἑκάστους
3238 2166 3466 2237 καιροὺς
3501 2165 3758 2235 ποιμένες
3787 2166 3879 2217 καὶ
3909 2163 4007 2216 διο

2414 2263 2673 2317 δάσκαλοι
2706 2262 2816 2315 τῶν
2861 2260 3225 2330 Ἐκκλησιῶν,
3255 2260 3305 2312 οἶ
3334 2262 3401 2311 τά
3444 2258 3773 2311 ἀποστολικά
3819 2257 4007 2327 ἑρμη-

2413 2356 2660 2442 νεύοντες
2698 2356 2790 2409 καὶ
2820 2353 3200 2415 διδάσκοντες,
3234 2350 3578 2420 συναίρονται
3610 2352 3721 2411 τοῖς
3761 2349 4007 2401 ἀποστόο

2412 2439 2525 2509 λοις
2553 2452 2689 2518 πρὸς
2720 2446 2780 2498 τὸ
2799 2444 3084 2515 ζωγρῆσαι
3107 2442 3429 2514 ἀνθρώπους
3450 2458 3464 2472 ·
3489 2441 3679 2494 σκόπει
3702 2439 3756 2491 δὲ
3778 2440 3873 2491 καὶ
3892 2440 4007 2506 τὴν

732 2541 787 2584 et
829 2540 1011 2599 postea
1045 2531 1254 2583 mittam
1284 2528 1483 2582 multos
1532 2535 1837 2591 venatores,
1870 2539 1923 2581 et
1965 2529 2307 2584 venabuntur
2410 2540 2413 2591 ξ

2410 2538 2553 2604 λέξιν
2574 2537 2689 2601 τοῦ,
2712 2536 2933 2590 Χαλῶσι
2977 2535 3037 2587 τὸ
3056 2534 3292 2589 δίκτυον.
3318 2534 3390 2588 Τδ
3418 2534 3515 2603 μιν
3536 2534 3646 2602 γάρ
3670 2531 4008 2600 Εὑαγγέλιόν

732 2623 850 2676 illus
890 2622 935 2654 "
978 2639 991 2675 :
1040 2640 1058 2673 ι
1114 2622 1410 2691 piscatores
1472 2620 1686 2687 quidem
1756 2635 1972 2676 sanctos
2029 2622 2302 2689 apostolos
2410 2654 2413 2680 ε

2410 2632 2525 2683 ἐστι
2560 2630 2621 2682 τὸ
2654 2630 2904 2682 δίκτυονο
2939 2626 3086 2692 λέξιν
3127 2626 3184 2680 δὶ
3212 2627 3336 2697 ῑχον
3364 2626 3629 2694 ταπεινὴν
3663 2624 3756 2677 καὶ
3795 2623 4004 2692 πεζὴν,

731 2729 973 2777 vocans,
1032 2724 1317 2767 venatores
1391 2722 1571 2766 autem
1644 2728 1738 2767 eos
1815 2715 1905 2781 qui
1974 2716 2305 2784 temporibus
2406 2740 2412 2774 τ

2406 2723 2503 2775 καὶ
2543 2718 3023 2791 συγκαταόατικὴν
3063 2719 3201 2790 πρὸς
3236 2718 3333 2789 τὴν
3380 2718 3646 2772 ίδιωτείαν
3680 2717 3785 2770 τῶν
3820 2717 4000 2768 ἀκου-

731 2808 1081 2876 sequentibus
1131 2805 1300 2860 habiti
1364 2813 1490 2859 sunt
1544 2806 1793 2859 doctores
1844 2804 2204 2862 Ecclesiarum
2256 2818 2311 2863 et

2420 2814 2610 2873 όντων,
2648 2811 2735 2864 διά
2765 2811 2925 2865 τοῦτο
2957 2810 3176 2879 λέγεται
3206 2808 3562 2882 χαλασθῆναι.
3596 2808 3659 2861 El
3686 2808 3740 2860 δέ
3774 2824 3856 2870 τις
3898 2807 4009 2859 καὶ

732 2902 989 2968 ντιείεειί·
2418 2904 2479 2957 τὺ
2530 2904 2693 2976 βάθος
2748 2904 2857 2957 τῶν
2906 2904 3201 2971 νοημάτων
3247 2900 3542 2971 δηλοῦσθαι
3586 2900 3721 2969 φαίη
3765 2899 3850 2951 διά
3898 2899 4007 2951 τοῦ

730 2992 995 3063 χαλᾶσθαι
1022 2995 1079 3046 τὸ
1110 2995 1346 3059 δίκτυον,
1379 2998 1499 3051 οὐδὲ
1531 2996 1689 3049 τοῦτο
1723 2996 1947 3055 ἀπεικός
1976 3012 1989 3027 ο
2046 2994 2404 3065 πεπλήρωται
2441 2994 2573 3063 γοῦν
2604 2996 2701 3049 καὶ
2728 2996 2788 3049 τὸ
2813 2994 2907 3049 τοῦ
2970 2996 3278 3066 προφήτου,
3318 2994 3564 3055 είπόντος
3591 3010 3605 3023 ο
3641 3011 3660 3045 ι
3706 2992 3833 3046 Ἰδοὺ
3883 2992 4010 3058 ἑγὼ

729 3089 1017 3142 ἀποστελῶ
1054 3091 1226 3153 ἁλιεῖς
1267 3091 1532 3155 πολλοὺς,
1571 3092 1721 3159 λέγει
1766 3090 2000 3160 Κύριος·
2045 3090 2140 3142 καὶ
2178 3091 2317 3161 μετά
2350 3090 2525 3145 ταῦτα
2547 3090 2834 3145 ἀποστελῶ
2865 3090 3093 3154 πολλοὺς
3160 3089 3455 3159 θηρευτὰς,
3515 3088 3610 3139 καὶ
3638 3084 4011 3154 θηρεύσουσιν

729 3182 925 3245 αὐτούς
949 3198 964 3215 ο
1007 3202 1026 3236 ι
1069 3183 1194 3245 τοὺς
1237 3184 1335 3253 μὲν
1375 3185 1543 3246 ἁλιεῖς
1566 3228 1577 3245 ,
1634 3185 1760 3246 τοὺς
1786 3184 1974 3251 ἁγίους
2004 3184 2335 3247 ἀποστόλους
2374 3184 2548 3249 λέγων
2572 3200 2585 3214 ·
2630 3183 2904 3255 θηρευτὰς
2942 3184 3021 3245 δὲ,
3055 3184 3181 3247 τοὺς
3211 3181 3355 3236 κατὰ
3382 3181 3606 3251 καιροὺς
3632 3178 3740 3232 τῶν
3769 3178 4010 3246 Ἐκκλη-

732 3276 863 3329 σιῶν
894 3277 1233 3347 ἡγουμένους
1264 3278 1359 3331 καὶ
1379 3278 1750 3341 διδασκάλους.
2678 3307 2685 3315 ο

802 3372 967 3426 Vsus.
1004 3371 1184 3426 12-16.
1218 3390 1237 3424 ι
1284 3372 1348 3425 Et
1378 3373 1579 3426 factum
1614 3383 1718 3437 est,
1748 3391 1867 3427 cum
1902 3385 2045 3429 esset
2086 3376 2137 3429 In
2177 3392 2310 3445 qua~
2336 3380 2379 3437 C

2336 3380 2379 3437 C
2494 3395 2511 3426 ‹
2544 3376 2653 3429 Καὶ
2684 3374 2899 3443 ἐγένετο
2928 3374 2986 3423 ἐν
3021 3371 3099 3441 τῷ
3134 3366 3273 3425 εἶναι
3304 3371 3469 3424 αὑτὸν
3505 3371 3563 3423 ἐν
3600 3371 3700 3440 μιᾷ
3742 3368 3850 3422 τῶν
3899 3370 4006 3422 πό-

728 3465 851 3515 dam
907 3464 1151 3529 civitate,
1198 3472 1253 3517 et
1306 3479 1431 3519 ecce
1490 3464 1575 3517 vir
1616 3465 1808 3535 plenus
1853 3466 2021 3537 lepra,
2078 3482 2309 3537 cumque

2417 3467 2574 3531 λεων,
2613 3470 2707 3549 ubi
2750 3467 2858 3518 ἰδοὺ
2887 3465 3027 3534 ἀνὴρ
3075 3465 3292 3535 πλήρης
3324 3463 3569 3533 λέπρας,
3610 3462 3707 3514 καὶ
3742 3460 3865 3513 ίδὼν
3907 3464 4007 3514 τὸν

732 3557 950 3611 vidisset
984 3554 1190 3619 Jesum,
1233 3566 1540 3627 prostratus
1587 3559 1639 3611 in
1684 3557 1876 3612 (aciem
1912 3560 2117 3631 rogavit
2161 3576 2305 3626 eum,

728 3650 915 3703 dicens
958 3667 968 3701 :
1015 3648 1259 3712 Domine,
1296 3651 1337 3704 si
1374 3649 1478 3715 vis,
1516 3661 1667 3717 potes
1692 3666 1775 3705 me
1800 3654 2076 3705 mundare.
2099 3650 2307 3721 Etpro-

728 3755 878 3796 tensa
915 3758 1074 3794 mantt
1100 3744 1271 3812 tetigit
1303 3758 1448 3808 eum,
1482 3745 1667 3799 dicens
1690 3763 1701 3796 :
1723 3743 1876 3807 Volo,
1912 3746 2141 3799 mundus
2165 3758 2302 3801 esto.

728 3835 793 3887 Et
822 3834 1106 3887 confestim
1149 3834 1290 3903 lepra
1328 3835 1578 3889 discessit
1608 3836 1675 3889 ab
1712 3835 1822 3888 illo.
1871 3836 1935 3889 Et
1966 3837 2079 3903 ipse
2107 3852 2310 3905 praece-

728 3927 805 3993 pit
835 3927 906 3980 illi
936 3942 999 3980 ne
1031 3928 1283 3995 cuiquam
1311 3928 1549 3984 diceret:
1571 3928 1665 3983 sed
1696 3929 1850 3993 vade,
1870 3923 2066 3997 inquit,
2085 3930 2309 3983 ostende

730 4022 955 4089 teipsum
986 4021 1279 4085 sacerdoti,
1320 4030 1371 4075 et
1412 4021 1545 4075 oﬂ'er
1578 4037 1781 4077 munus
1809 4037 1909 4092 pro
1928 4021 2309 4077 emundatione

729 4116 831 4178 tui,
858 4112 1318 4181 quemadmodum
1350 4117 1604 4183 praecepit
1634 4114 1813 4171 Moses
1846 4115 1897 4168 in
1932 4114 2302 4169 testimonium

726 4206 856 4258 illis.
905 4203 1308 4273 Pervagabatur
1348 4212 1530 4258 autem
1571 4207 1741 4275 magis
1768 4221 1956 4260 rumor
1986 4206 2053 4261 de
2094 4206 2207 4271 illo,
2251 4216 2306 4262 et

725 4294 1130 4351 conveniebant
1168 4295 1337 4349 turba
1387 4296 1567 4350 multa!
1612 4306 1673 4351 ut
1708 4300 1994 4361 audirent,
2048 4309 2101 4351 et
2142 4313 2305 4350 sana-

726 4398 913 4441 rentur
943 4385 1010 4438 ab
1055 4384 1457 4439 inﬁrmitatibus
1492 4388 1625 4440 suis.
1662 4388 1782 4455 Ipse
1811 4397 1991 4439 autem
2031 4384 2225 4452 agebat
2250 4385 2303 4438 in

725 4496 941 4535 secessu
980 4482 1031 4532 in
1055 4480 1285 4535 desertis
1316 4488 1367 4533 et
1402 4482 1609 4534 orabat.
1649 4498 1665 4529 ι
1703 4479 2075 4533 Admiratione
2108 4480 2304 4547 dignus

724 4580 807 4623 est
848 4570 1092 4639 leprosos
1123 4569 1231 4633 ille,
1268 4570 1394 4639 quia
1426 4571 1640 4638 dignam
1672 4568 1784 4623 Deo
1823 4570 1889 4623 de
1936 4568 2154 4623 Christo
2183 4568 2303 4637 opi-

724 4666 942 4719 nionem
974 4664 1161 4717 babuit
1190 4673 1245 4718 et
1276 4664 1409 4717 dixit
1444 4682 1455 4715 :
1488 4662 1542 4715 Si
1582 4664 1682 4724 vis,
1709 4673 1861 4729 petes
1888 4675 1977 4714 me
2018 4662 2298 4715 mundare.

2426 3559 2631 3630 Ἰησοῦν
2655 3600 2668 3623 ,
2706 3558 2887 3611 πεσὼν
2931 3560 3024 3611 ἐπὶ
3070 3556 3393 3626 πρόσωπον,
3431 3554 3622 3626 ἐδεήθη
3662 3552 3863 3617 αὐτοῦ,
3906 3555 4007 3607 λέ-

2413 3668 2553 3720 γων·
2593 3634 2785 3723 Κύριε,
2823 3652 2915 3704 ὲάν
2950 3651 3133 3721 θέλῃς,
3163 3648 3391 3701 δύνασαί
3432 3667 3500 3717 με
3537 3648 3851 3719 καθαρίσαι.
3886 3648 4008 3701 Ka‘t

2409 3746 2657 3807 ἐκτείνας
2707 3745 2804 3816 τὴν
2848 3746 3033 3814 χεῖρα,
3088 3743 3269 3813 ἥψατο
3317 3740 3481 3795 αὐτοῦ
3508 3783 3521 3806 ,
3575 3740 3781 3805 εἰπὼν,
3807 3738 4005 3799 Θέλω,

2412 3838 2809 3907 καθαρίσθητισ
2873 3838 2967 3889 καὶ
3028 3834 3233 3897 εὐθέως
3288 3836 3322 3903 ή
3381 3831 3559 3902 λέπρα
3604 3831 3851 3900 ἀπῆλθεν
3902 3831 4005 3883 ἀπ’

2412 3927 2597 3982 αὑτοῦ.
2641 3928 2750 3981 Καὶ
2782 3928 2944 3989 αὐτὸς
2979 3924 3349 3995 παρήγγειλεν
3376 3922 3525 3991 αύτῷ
3561 3922 3753 3991 μηδενὶ
3796 3922 4001 3975 είπεῐν·

2412 4020 2549 4073 ἀλλά
2574 4018 2849 4079 ἀπελθὼν,
2892 4018 3064 4083 δεῖξον
3096 4018 3320 4069 σεαυτὸν
3348 4015 3426 4087 τῷ
3481 4018 3640 4085 ίερεί,
3672 4013 3772 4067 καὶ
3795 4030 4002 4083 ,προσ-

2412 4113 2603 4179 ένεγκε
2636 4114 2767 4181 περὶ
2792 4111 2885 4163 τοῦ
2926 4109 3272 4181 καθαρισμοῦ
3321 4126 3414 4162 σου
3456 4108 3640 4172 καθὼς
3692 4108 4000 4180 προσέταξε

2407 4203 2637 4273 Μωσῆς,
2670 4205 2750 4267 είς
2781 4202 3088 4274 μαρτύριον
3116 4202 3324 4263 αὐτοῖς.
3350 4200 3617 4270 Διήρχετο
3648 4198 3704 4251 δὲ
3742 4198 3947 4267 μᾶλλον
3974 4200 4005 4251 ὀ

2408 4297 2564 4363 λόγος
2613 4298 2744 4365 ’περὶ⁸
2794 4294 2982 4348 αὐτοῦ.
3041 4295 3151 4347 Καὶ
3206 4284 3537 4364 συνήρχοντο
3582 4290 3731 4361 δχλοι
3785 4290 4000 4353 πολλοὶ,

2410 4385 2632 4440 ἀκούειν
2660 4385 2754 4437 καὶ
2784 4382 3189 4453 θεραπεύεσθαι
3227 4382 3319 4434 ὑπ’
3347 4380 3519 4434 αὐτοῦ
3552 4382 3661 4433 ἀπὺ
3694 4382 3804 4433 τῶν
3834 4382 3999 4435 ἀσθε-

2406 4484 2568 4535 νειῶν
2592 4480 2793 4535 αὐτῶν.
2821 4479 2995 4540 Αὐτὸς
3015 4478 3071 4531 δὲ
3090 4472 3158 4547 ἧν
3189 4474 3493 4547 ὑποχωρῶν
3516 4476 3571 4528 ὲν
3590 4477 3710 4538 ταῖς
3740 4476 3839 4545 ἱρή
3851 4494 3997 4545 μοις,

2407 4573 2503 4626 καὶ
2538 4570 2999 4643 προσευχόμενος.
3032 4587 3050 4619 ι
3097 4566 3563 4636 ’ΔΕιοθαύμαστος
3588 4567 3617 4618 ὁ
3642 4566 3846 4635 λεπρὸς
3866 4606 3881 4628 ,
3913 4566 4000 4618 δτι

2407 4663 2689 4733 θεοπρεπῆ
2719 4663 2929 4714 ἔννοιαν
2952 4659 3081 4730 περὶ
3110 4658 3207 4710 τοῦ
3226 4659 3434 4729 Κυρίου
3454 4659 3614 4727 ἔχων,
3634 4659 3827 4725 φησὶν,
3869 4658 3999 4711 Ἐἀν

724 4758 837 4811 Hoc
866 4757 1010 4822 enim
1038 4757 1241 4811 indicat
1282 4758 1455 4824 ipsum
1500 4757 1820 4809 sentientem
1864 4756 1929 4807 de
1950 4752 2197 4807 ’Christo
2242 4764 2301 4806 ut
2331 4765 2391 4821 [)-

2331 4756 2567 4827 υ-θέλῃς
2588 4798 2601 4820 ,
2633 4756 2860 4808 δύνασαί
2895 4770 2961 4823 με
3007 4752 3327 4825 καθαρίσαι.
3361 4751 3533 4805 Τοῦτο
3576 4752 3687 4821 γὰρ
3715 4752 3998 4805 δείκνυσιν

724 4855 789 4907 de
819 4852 949 4905 Deo.
983 4850 1101 4905 Non
1131 4852 1273 4905 enim
1303 4860 1359 4903 ut
1385 4850 1448 4902 ad
1478 4850 1745 4904 medicum
1774 4854 2102 4909 accesserat,
2126 4860 2301 4915 neque

722 4946 867 4999 enim
892 4944 1038 5013 lepra
1071 4958 1099 4997 a
1122 4944 1347 4997 medicis
1378 4943 1555 4997 curari
1581 4950 1782 5012 potest,
1810 4945 1904 4997 sed
1928 4950 1984 4995 ut
2012 4943 2079 4996 ad
2109 4942 2298 5009 Deum,

721 5036 877 5105 cujus
925 5035 1093 5089 solius
1144 5044 1227 5089 est
1278 5048 1475 5088 sanare
1530 5035 1580 5088 id
1624 5048 1793 5103 genus
1846 5035 2181 5093 morborum,
2235 5036 2303 5086 At

721 5130 876 5185 Jesus
912 5128 1079 5197 tangit
1104 5129 1277 5191 illum,
1310 5144 1407 5182 nec
1437 5128 1553 5182 sine
1582 5142 1765 5191 causa,
1796 5128 1890 5181 sed
1912 5128 2169 5192 quoniam
2203 5128 2304 5180 im-

722 5222 957 5274 mundus
995 5220 1297 5273 habebatur
1331 5218 1481 5285 juxta
1516 5218 1711 5287 legem,
1744 5219 1832 5286 qui
1866 5217 2134 5286 leprosum
2174 5227 2299 5271 tan-

720 5314 902 5381 gebat,
933 5313 1121 5367 volens
1150 5312 1434 5365 ostendere
1473 5312 1614 5380 quod
1660 5326 1764 5365 non
1801 5320 2045 5366 teneatur
2087 5312 2153 5365 ad
2182 5326 2301 5365 ser-

720 5405 895 5459 vanda
946 5414 1052 5458 tam
1114 5403 1307 5472 exigua
1363 5402 1500 5471 legis
1554 5402 1719 5466 dicta,
1762 5412 1816 5455 et
1867 5402 2007 5471 quod
2068 5404 2182 5455 inse
2229 5402 2300 5455 sit

728 5495 988 5548 Dominus
1041 5493 1195 5561 legis,
1226 5502 1280 5546 et
1321 5494 1461 5563 quod
1494 5494 1729 5547 mundus
1778 5507 1882 5545 non
1914 5493 2296 5563 coinquinetur

721 5603 788 5640 cx
852 5601 918 5640 eo
962 5589 1103 5653 quod
1161 5586 1379 5641 videtur
1433 5588 1793 5649 immundum,
1854 5586 1945 5639 sed
1994 5586 2295 5639 animorum

722 5678 873 5746 lepra
910 5680 982 5733 sit
1012 5694 1129 5747 qua:
1160 5680 1497 5750 coinquinat,
1542 5690 1596 5734 et
1638 5680 1758 5734 ideo
1788 5677 1957 5746 tangit
2009 5697 2021 5731 :
2073 5676 2295 5732 interim

792 5838 837 5869 "
870 5835 1069 5891 Jcrem.
1099 5852 1204 5903 xw,
1242 5838 1326 5893 16.

2408 4848 2573 4900 αὑτὸν
2600 4847 2888 4899 ἐννοοῦντα
2928 4846 3056 4916 περὶ
3080 4845 3175 4898 τοῦ
3201 4844 3464 4915 Χριστοῦ,
3486 4844 3561 4908 ὡς
3592 4844 3722 4913 περὶ
3747 4845 3906 4899 Θεοῦ*
3932 4847 3994 4897 οὐ

2408 4940 2518 5009 γάρ
2556 4938 2632 5001 ὡς
2682 4939 2851 5011 ίατρῷ
2901 4940 3248 5010 προσήρχετο
3296 4937 3352 5008 (ἠ
3387 4936 3495 5006 γάρ
3554 4935 3732 5008 λέπρα
3791 4937 3997 5006 ίατρὼν

2410 5032 2599 5101 χερσὶν
2623 5032 3081 5105 ἀνεπιχείρητος),
3116 5031 3231 5085 ἀλλ’
3263 5030 3339 5093 ὡς
3360 5028 3499 5099 Quir
3531 5031 3723 5083 τούτου
3748 5028 3859 5101 γὰρ
3893 5031 3996 5101 p.6-

2408 5141 2500 5175 vou
2530 5124 2591 5175 τὸ
2622 5124 2689 5175 τὰ
2710 5126 2933 5177 τοιαῦτα
2971 5118 3173 5179 ἰᾶσθαι.
3213 5123 3275 5177 '0
3296 5124 3353 5177 δὶ
3394 5124 3600 5195 Κύριος
3627 5124 3865 5177 ἅπτεται
3899 5125 3994 5178 αὑ-

2408 5211 2537 5275 τοῦ,
2593 5212 2695 5263 οὐκ
2747 5209 2978 5277 ἀλόγως,
3023 5213 3140 5266 ἀλλ’
3185 5212 3373 5283 ἐπειδὴ
3432 5213 3577 5267 κατά
3612 5213 3705 5269 τὸν
3739 5214 3928 5285 νόμον,
3965 5218 3993 5269 ὁ

2408 5305 2717 5375 ἁπτόμενος
2767 5304 2973 5376 λεπροῦ
3020 5306 3196 5360 ἐδόκει
3245 5308 3557 5378 ἀκάθαρτος
3593 5302 3776 5373 εἶναι,
3819 5309 3993 5364 θέλων

2405 5400 2597 5466 δεῖξαι,
2634 5398 2715 5451 ὅτι
2746 5399 2845 5461 τὰς
2871 5399 3125 5462 τοιαύτας
3162 5403 3516 5473 μικρολογίας
3547 5403 3643 5457 τοῦ
3678 5407 3848 5474 νόμου
3890 5406 3992 5461 οὐκ

2403 5491 2653 5560 ἀνάγκην
2682 5492 2797 5561 ἔχει
2832 5493 3123 5561 φυλάττειν
3142 5536 3155 5558 ,
3185 5495 3300 5550 ἀλλ’
3329 5498 3493 5561 αὐτός
3527 5500 3675 5552 ἐστιν
3704 5499 3733 5551 δ
3771 5499 3868 5554 τοῦ
3899 5501 3988 5553 νό-

2407 5600 2508 5650 μου
2555 5582 2783 5654 Κύριος,
2819 5586 2914 5639 καὶ
2959 5587 3041 5639 ὅτι
3082 5587 3232 5639 οὐδὲν
3265 5591 3291 5642 ὁ
3322 5588 3562 5658 καθαρὸς
3598 5590 3894 5660 μολύνεται
3924 5592 3989 5645 ἑκ

2402 5675 2498 5730 τοῦ
2530 5675 2816 5742 δοκοῦντος
2840 5678 3177 5751 ἀκαθάρτου.
3209 5682 3326 5735 ἀλλ’
3354 5684 3386 5753 ή
3422 5683 3531 5737 τῶν
3556 5683 3748 5755 ψυχῶν
3781 5683 3984 5758 λέπρα,
