4256 6432
240 387 342 454 761

957 396 1432 464 ΙΕΝΔΒΒΔΤΙΟ
1466 403 1550 466 IN
1586 405 2097 473 EVANGELIUM
2138 413 2379 476 LUCE.
2410 437 2477 448 —
2506 414 2669 476 CAP.
2705 415 2776 474 V.

3429 411 3547 474 .762

239 509 425 579 ἐκείνη
466 508 618 563 ἐστὶν
654 510 689 581 ἡ
742 508 1051 581 μολύνουσα
1075 529 1090 543 ο
1123 514 1317 567 τούτου
1346 514 1537 570 ἐνεκεν
1569 517 1804 572 ἅπτεται
1827 533 1842 549 ο

1952 531 2007 578 et
2052 524 2155 578 hoc
2199 524 2452 594 indicans
2504 526 2648 594 quod
2715 534 2904 580 sancta
2951 522 3073 591 eius
3124 537 3256 578 caro
3299 523 3546 579 divinam

237 595 356 670 ἃμα
381 599 461 666 δέ,
496 601 589 655 καὶ
615 601 702 655 ἵνα
731 600 885 672 δείξῃ
911 601 993 655 ὅτι
1020 605 1054 674 ἡ
1089 605 1222 672 ἁγία
1266 605 1436 660 αὐτοῦ
1505 608 1646 681 σὰρξ
1685 609 1838 664 θείαν

236 690 352 758 εχει
383 691 636 762 δύναμιν.
666 692 758 745 καὶ
800 693 1111 765 καθαρτικη
1151 695 1287 749 οὖσα
1318 698 1414 750 καὶ
1447 699 1795 767 ζωογονοῦσα
1821 743 1835 767 ,

237 782 317 842 ὡς
360 784 456 836 τοῦ
489 783 626 838 Θεοῦ
672 784 849 853 Λόγου
879 782 1013 839 οὖσα
1048 787 1208 857 σάρξ.
1242 790 1623 859 Παραγγόλλει
1668 793 1728 847 δέ
1761 795 1840 865 τῷ

238 875 430 945 λεπρῷ
461 877 547 929 ῖνα
572 877 763 946 μηδενὶ
792 880 946 952 εἴπῃ,
976 865 1244 934 διδάσκων
1275 883 1420 952 ἡμᾶς
1449 885 1525 956 μὴ
1549 885 1733 957 ζητεῖν
1756 889 1842 940 εύ-

238 985 316 1037 φη
326 968 454 1037 μίας
475 969 627 1038 παρά
648 969 758 1021 τῶν
778 969 1275 1042 εὐεργετουμένων.
1297 975 1578 1031 Ἅπελθὼν
1599 979 1656 1032 δέ
1682 981 1837 1048 φησι,

234 1059 414 1124 δεῖξον
441 1061 670 1113 σεαυτὸν
689 1061 768 1131 τῷ
797 1062 935 1132 ιερεῖ
954 1103 970 1129 ,
1005 1064 1100 1116 καὶ
1123 1066 1458 1136 προσένεγκε
1482 1068 1544 1122 τὸ
1559 1069 1732 1141 δῶρον
1760 1071 1841 1134 είς

239 1151 546 1222 μαρτύριον
569 1153 775 1215 αὐτοῖς·
799 1153 963 1223 νόμος
983 1155 1095 1226 γὰρ
1118 1152 1207 1226 ἦν,
1226 1157 1319 1210 τὸν
1344 1159 1495 1231 ἱερέα
1512 1160 1839 1232 δοκιμάζειν

234 1247 366 1305 τοὺς
420 1244 824 1314 λεπρωθέντας,
859 1247 959 1300 καὶ
1008 1248 1219 1318 κρίνειν
1258 1251 1307 1302 εί
1355 1252 1836 1323 ἐκαθαρίσθησανο

236 1340 336 1390 καὶ
389 1337 485 1390 ἐὰν
517 1339 617 1405 μὲν
651 1337 719 1391 δι’
752 1339 896 1391 ἐπτά
933 1343 1161 1409 ἡμερῶν
1207 1343 1548 1416 ἐκαθαρίσθη
1575 1385 1590 1410 ,
1643 1347 1839 1416 ἔμενεν

237 1433 350 1486 ἔσω
390 1436 490 1502 τῆς
526 1434 736 1496 πόλεως
781 1437 810 1487 ὀ
856 1433 1098 1503 λεπρός·
1149 1438 1197 1489 εί
1243 1435 1300 1491 ὀέ
1341 1439 1415 1509 μὴ
1442 1480 1456 1503 ,
1493 1441 1836 1504 ὲεεσάλλετο.

235 1526 410 1579 Τοῦτο
439 1526 620 1580 τοίνυν
641 1527 808 1595 φησὶν
832 1529 861 1580 ὀ
881 1529 1110 1600 Κύριος,
1143 1549 1162 1582 ι
1202 1531 1446 1600 "Ta-tare,
1470 1534 1646 1600 δεῖξον
1676 1551 1838 1587 σεαυ-

235 1621 331 1671 τὶν
363 1620 442 1688 τῷ
479 1622 616 1689 ίερεῖ
638 1662 651 1682 ,
688 1621 784 1672 καὶ
813 1622 1153 1690 προσένεγκε
1178 1625 1240 1676 τὸ
1290 1624 1485 1696 δῶρον.
1524 1645 1543 1679 s
1586 1627 1652 1679 Τί
1683 1629 1740 1681 δέ
1769 1625 1838 1699 ἦν

238 1713 302 1766 τὸ
337 1715 547 1784 ὀῶρονς
577 1716 681 1767 Δύο
705 1716 942 1786 ὀρνίθια·
985 1716 1038 1770 τί
1076 1717 1134 1771 δέ
1167 1719 1396 1784 ἐστιτδ,
1421 1721 1502 1783 είς
1535 1720 1839 1791 μαρτύριον

242 1809 465 1874 αὐτοῖςς
503 1807 800 1861 Τουτέστιν
822 1850 836 1874 ,
866 1811 944 1872 είς
981 1810 1206 1880 [λεγχον
1246 1813 1428 1866 αὐτῶν
1458 1815 1552 1868 καὶ
1595 1832 1839 1884 κατηγο-

1951 617 2148 671 habeat
2167 616 2444 681 virtutem,
2468 628 2523 674 et
2551 616 2804 686 puriﬁcet
2828 632 2893 671 ac
2922 617 3183 677 viviﬂcet.
3213 626 3397 686 utpote
3423 633 3547 687 qua:

1948 709 2020 762 sit
2059 723 2189 764 caro
2219 707 2386 764 Verbi
2426 711 2538 764 Dei.
2571 709 2838 779 Prmcepit
2869 719 3050 763 autem
3096 709 3312 776 leproso
3363 726 3428 762 ne
3455 712 3546 763 cui

1947 801 2176 865 diceret,
2221 817 2318 858 nos
2369 803 2572 857 docens
2603 812 2661 856 ut
2709 802 2914 866 abhis,
2953 802 3156 870 quibus
3209 801 3548 856 benefeceri-

1949 906 2090 954 mus.
2128 893 2341 947 laudem
2381 909 2488 948 non
2519 909 2850 961 quatramus.
2888 894 2989 948 Abi
3023 903 3229 953 autem.
3261 893 3460 962 inquit,
3492 902 3553 948 et

1947 984 2178 1040 ostende
2207 987 2437 1054 teipsum
2469 988 2767 1048 sacerdoti,
2800 996 2853 1040 et
2890 987 3026 1041 offer
3059 1002 3256 1040 munus
3297 987 3350 1039 in
3395 986 3549 1040 testi-

1950 1081 2192 1134 monium
2253 1080 2382 1134 illis.
2426 1078 2535 1133 Lex
2577 1080 2807 1133 cavebat
2841 1093 2869 1131 a
2908 1079 3196 1133 sacerdote
3240 1078 3552 1146 probandos

1948 1169 2212 1239 leprosos,
2258 1172 2348 1241 qui
2389 1171 2660 1237 iudicaret
2691 1187 2759 1224 an
2807 1171 3077 1239 puriﬁcati
3125 1180 3333 1224 essent.
3392 1169 3458 1223 Et
3497 1170 3546 1224 si

1948 1264 2166 1330 quidem
2199 1263 2339 1316 intra
2373 1262 2488 1316 dies
2512 1269 2720 1328 septem
2756 1263 3153 1328 purillcabatur
3186 1265 3332 1329 quis,
3361 1275 3554 1314 maneo

1947 1354 2042 1408 bat
2078 1356 2217 1408 intra
2254 1355 2531 1409 civitatem
2575 1370 2587 1407 :
2624 1358 2705 1409 sin
2746 1355 2949 1417 minus,
2977 1354 3318 1420 ejiciebatur.
3359 1353 3424 1406 Et
3451 1353 3554 1406 hoc

1949 1461 2050 1513 est,
2076 1452 2219 1521 quod
2255 1452 2382 1507 dicit
2414 1453 2675 1506 Dominus
2712 1470 2725 1505 :
2769 1469 2787 1502 ι
2822 1449 2994 1512 Vade.
3021 1453 3251 1505 ostende
3283 1461 3334 1504 te
3369 1465 3550 1505 sacer-

1948 1547 2084 1607 doti.
2128 1555 2184 1600 et
2233 1547 2370 1601 oﬂ'er
2407 1563 2623 1600 munus.
2662 1568 2678 1596 ι
2715 1547 2870 1612 Quod
2921 1556 3103 1599 autem
3150 1557 3268 1600 crat
3319 1545 3553 1598 munus?

1950 1640 2078 1693 Dum
2103 1655 2253 1693 aves.
2291 1639 2397 1694 Sed
2433 1641 2557 1706 quid
2588 1641 2754 1712 306
2786 1652 2886 1705 est,
2917 1643 2970 1695 in
3007 1640 3379 1694 testimonium
3411 1640 3553 1692 illis?

1950 1729 2064 1784 lloc
2121 1740 2225 1796 est,
2276 1731 2325 1783 in
2377 1733 2856 1799 reprehensionem
2908 1743 2961 1785 et
3031 1729 3554 1785 condemnationem

1947 1823 2208 1886 illorum,
2241 1836 2297 1876 ut
2331 1826 2548 1892 quando
2590 1826 2976 1879 comdemnant
3023 1840 3108 1877 me
3147 1839 3245 1878 ceu
3295 1824 3556 1892 praevari-

245 1899 392 1969 ρίαν,
417 1899 486 1951 ἵν’
513 1901 644 1953 ὅταν
670 1901 1023 1971 κατηγορῶσί
1053 1920 1155 1971 μου
1178 1903 1255 1967 ὡς
1286 1905 1724 1976 παραϐαίνοντος
1745 1906 1838 1959 τὸν

1952 1926 2188 1970 catorem
2233 1917 2386 1984 legis,
2438 1931 2500 1969 ex
2532 1919 2635 1971 hoc
2669 1927 2969 1986 arguantur
3017 1932 3102 1969 me
3154 1930 3258 1967 non
3294 1913 3556 1985 praevari-

239 1993 426 2062 νόμον,
459 1993 524 2046 ἐκ
560 1992 754 2063 τούτου
788 1994 1121 2065 ἐλέγχωνται
1149 1997 1232 2050 ὅτι
1267 1999 1327 2051 οὐ
1366 1999 1694 2069 παραϐαίνω
1720 2042 1735 2065 ,
1777 2001 1841 2054 ὲκ

239 2083 339 2137 τοῦ
383 2085 689 2152 προστάξαι
723 2101 807 2139 σοι
840 2091 1236 2157 προσενεγκεῖν
1268 2091 1330 2143 τὸ
1361 2091 1536 2162 δῶρον
1558 2105 1582 2152 ,·
1607 2093 1634 2146 ὀ
1664 2110 1839 2162 προσ.

237 2175 396 2242 ἑταξι
421 2179 662 2248 Μωσῆςο
699 2178 826 2243 Πῶς
856 2180 914 2232 δὲ
949 2183 1018 2235 τὰ
1052 2181 1146 2235 δύο
1192 2182 1404 2252 ὀρνίθια
1437 2186 1620 2238 ἐκεῖνα
1665 2203 1839 2257 προσ-

237 2271 439 2340 ήγοντο
467 2272 544 2340 τῷ
574 2271 695 2342 Θεῷ
722 2311 738 2336 ,
787 2274 889 2326 οὐκ
921 2273 1154 2345 ἄκαιρον
1181 2278 1378 2328 εἰπεῖν·
1411 2279 1678 2346 ἐσφάζετο
1705 2279 1765 2331 τὺ
1785 2278 1843 2331 ἓν

235 2363 492 2434 ὀρνίθιον.
531 2366 642 2418 Καὶ
675 2365 1002 2436 ὑπεδέχοντο
1031 2367 1091 2420 τὸ
1123 2363 1265 2435 αἷμα
1297 2370 1499 2433 αὑτοῦ,
1547 2372 1604 2422 tv
1634 2371 1843 2441 ἀγγείῳ

236 2454 548 2525 ὀστρακίνῳ
573 2455 773 2526 καινῷο
797 2452 917 2521 εἶτα
938 2456 1033 2509 τοῦ
1058 2458 1247 2528 ἑτέρου
1275 2459 1520 2529 ὀρνιθίου
1543 2461 1837 2533 ἀμφότερα

234 2548 308 2601 τὰ
342 2547 521 2619 πτερά
561 2547 864 2602 ἐὸἀπτοντο
893 2550 953 2602 ἐν
1005 2550 1084 2619 τῷ
1124 2551 1347 2619 αἵματι,
1387 2553 1480 2604 καὶ
1511 2551 1687 2616 οὕτως
1732 2555 1842 2606 ἀπ-

239 2637 430 2695 ιλύετο
461 2640 521 2694 τὸ
545 2640 779 2711 ὀρνίθιον
813 2641 943 2706 ζῶν.
968 2641 1246 2707 Είκόνιζον
1281 2639 1374 2697 οὖν
1407 2645 1579 2698 ταῦτα
1608 2645 1674 2697 τὰ
1702 2647 1845 2701 κατά

239 2731 335 2785 τὸν
367 2731 606 2802 Χριστόν
627 2747 642 2763 ⁶
672 2733 740 2786 τά
773 2733 867 2787 δύο
896 2737 1004 2805 γὰρ
1037 2735 1274 2805 ὀρνίθια,
1310 2738 1366 2789 ai
1399 2735 1492 2790 δύο
1525 2736 1719 2806 φύσεις
1750 2737 1844 2791 τοῦ

239 2824 504 2895 Χριστοῦ,
533 2826 568 2896 ἦ
607 2843 665 2878 τε
699 2826 821 2880 θεία
853 2828 947 2880 καὶ
974 2830 1007 2897 ἡ
1041 2828 1385 2900 ἀνθρωπίνη,
1434 2821 1509 2883 ὧν
1548 2830 1609 2883 τὸ
1644 2833 1742 2900 μὲν
1787 2830 1846 2883 ἓν

240 2920 458 2989 ἐσφάγη
483 2961 497 2982 ,
547 2920 831 2972 τουτέστιν
889 2923 922 2990 ἡ
964 2921 1303 2992 ἀνθρωπίνη
1337 2924 1398 2976 τὸ
1422 2924 1479 2977 δέ
1512 2925 1701 2995 ἓτερον
1735 2927 1847 2979 ἀπ-

241 3007 407 3077 ελύθη
435 3008 565 3072 ζῶν.
604 3006 671 3062 Ἦ
704 3010 812 3080 γὰρ
838 3009 961 3064 θεία
987 3012 1150 3078 φύσις
1184 3012 1405 3082 ἀπαθὴς
1430 3014 1692 3084 διέμεινε,
1722 3034 1846 3086 χρι-

241 3101 437 3156 σθεῖσα
465 3106 543 3172 τῷ
573 3104 768 3174 αἵματι
794 3106 893 3173 τῆς
917 3104 1203 3175 παθούσης
1227 3106 1466 3174 φύσεως,
1502 3109 1597 3162 καὶ
1620 3110 1701 3172 είς
1723 3111 1848 3163 ἐαυ-

1946 2008 2059 2062 cari
2099 2010 2242 2075 quod
2291 2009 2599 2063 mandarim
2634 2016 2693 2062 ut
2737 2008 2842 2061 illis
2888 2007 3149 2062 offeratur
3185 2012 3382 2062 donum
3415 2008 3557 2063 sicut

1931 2105 2205 2172 praecepit
2226 2103 2420 2157 Moses.
2451 2103 2736 2169 Quomodo
2767 2112 2948 2156 autem
2977 2102 3093 2156 dum
3116 2117 3243 2157 aves
3270 2102 3374 2155 illa;
3401 2099 3540 2154 οπε-

1949 2193 2210 2248 rebantur
2248 2194 2496 2257 Domino,
2529 2211 2636 2248 non
2668 2194 3113 2264 intempestivum
3139 2192 3301 2246 luerit
3328 2192 3550 2247 dixisse.

1950 2280 1995 2336 Ο
2033 2283 2315 2337 cidebatur
2370 2300 2476 2336 una
2527 2287 2667 2349 avis,
2699 2293 2753 2336 et
2801 2284 3178 2352 suscipiebant
3229 2282 3553 2354 sanguinem

1947 2377 2067 2443 ejus
2113 2378 2164 2431 in
2212 2394 2341 2433 vase
2397 2388 2637 2433 testaceo
2685 2395 2825 2433 novo
2870 2398 2882 2433 :
2919 2381 3117 2434 deinde
3164 2380 3394 2436 alterius
3439 2381 3555 2434 avis

1949 2488 2194 2546 utraeque
2223 2476 2321 2531 alte
2360 2477 2712 2547 tingebantur
2754 2479 2804 2530 in
2839 2478 3130 2548 sanguine,
3168 2489 3222 2533 et
3259 2481 3336 2534 sic
3366 2478 3553 2533 dimit-

1951 2569 2167 2622 lcbatur
2210 2569 2327 2623 avis
2392 2572 2539 2624 viva.
2590 2568 3021 2640 Pmﬁgurabant
3069 2580 3250 2626 autem
3302 2571 3417 2626 hac
3467 2584 3552 2625 res

1949 2661 2175 2719 Christi.
2223 2663 2348 2718 Diue
2400 2667 2545 2720 enim
2581 2679 2710 2720 aves
2755 2666 2873 2719 dum
2905 2676 3117 2720 natura:
3163 2675 3291 2720 sunt
3323 2665 3556 2732 Christi,

1951 2759 2134 2812 divina
2179 2767 2233 2811 et
2273 2759 2541 2822 humana,
2583 2776 2815 2829 quarum
2855 2776 2959 2814 una
2997 2761 3181 2815 occisa
3221 2768 3327 2822 cst,
3362 2774 3557 2829 nempe

1952 2852 2210 2914 humana,
2263 2854 2433 2907 altera
2494 2869 2622 2909 vero
2678 2855 2903 2909 dimissa
2959 2856 3102 2908 vlva.
3159 2856 3348 2909 Divina
3403 2853 3553 2909 enim

1952 2942 2310 3010 impassibilis
2365 2945 2702 3012 permansit,
2748 2954 2913 3000 uncta
2962 2945 3229 3015 sanguine
3279 2945 3559 3016 passibilis

1954 3039 2163 3087 natura:
2224 3043 2278 3087 et
2315 3035 2366 3088 in
2411 3051 2469 3088 se
2503 3037 2816 3105 passionem
2849 3038 3176 3104 suscipiens.
3217 3036 3552 3107 Sanguinem

1956 3137 2138 3180 autem
2174 3127 2385 3180 Domini
2422 3143 2515 3181 vas
2549 3130 2793 3196 suscepit.
2822 3130 3105 3198 tignlinnm
3140 3146 3363 3193 novum,
3388 3123 3559 3198 popu-

241 3196 344 3264 τὴν
369 3196 432 3248 τὸ
474 3196 647 3260 πάθος
679 3197 1085 3267 ἀναδεξαμένηο
1117 3198 1178 3251 τὸ
1207 3197 1266 3252 6t
1301 3193 1440 3269 αἷμα
1495 3199 1589 3253 τοῦ
1637 3201 1844 3272 Κυρίου

1957 3217 2062 3284 ius,
2115 3219 2359 3288 inquam,
2407 3236 2582 3275 novus
2624 3237 2687 3274 ex
2731 3225 3008 3290 gentibus,
3047 3221 3182 3277 Novi
3218 3221 3558 3278 Testamentl

243 3283 467 3349 ἐδέξατο
508 3287 732 3354 ἀγγεῖον
760 3287 1086 3358 ὀστράκινον
1110 3289 1296 3342 καινόν
1317 3305 1330 3318 ⁶
1366 3292 1395 3344 6
1428 3291 1577 3355 λαὸς,
1609 3293 1780 3362 φημὶ,
1817 3292 1844 3345 ὀ

1957 3326 2151 3379 capax.
2186 3283 2323 3366 Vide
2347 3283 2538 3366 autem
2575 3283 2857 3382 quod‘ubi
2897 3283 3095 3383 aliquis
3126 3315 3289 3369 fuerit
3333 3331 3360 3366 a
3411 3321 3559 3383 lepra

240 3375 430 3439 καινὸς
457 3379 486 3430 ὀ
515 3377 575 3442 ἐξ
601 3377 794 3443 ἐθνῶν,
827 3381 855 3432 ὀ
888 3379 990 3449 τῆς
1013 3381 1224 3450 Καινῆς
1267 3382 1543 3453 Διαθήκης
1572 3384 1843 3449 δεκτικός.

239 3469 388 3540 Ὅρα
415 3469 472 3523 δέ
513 3471 595 3524 ὅτι
633 3472 752 3540 μεθ’
779 3472 806 3525 ὅ
838 3490 922 3535 τις
965 3473 1277 3546 καθαρισθῇ
1309 3477 1409 3547 τῆς
1451 3478 1693 3549 λέπρας,
1723 3480 1847 3532 τότε

237 3561 393 3626 ἄξιός
416 3564 534 3616 ἐστι
560 3565 893 3635 προσφέρειν
915 3566 977 3619 τὸ
999 3567 1176 3638 ὀῶρον
1196 3567 1376 3632 τοῦτο,
1403 3571 1671 3638 τουτέστι,
1698 3571 1847 3627 θύειν

238 3655 481 3724 Χριστὸν
503 3658 599 3709 καὶ
627 3658 960 3727 ἱερουργεῖν·
995 3659 1201 3732 λεπρὸς
1233 3664 1342 3733 γάρ
1370 3663 1448 3716 ὣν
1469 3667 1566 3717 καὶ
1594 3666 1845 3736 ἀκάθαρ-

236 3765 335 3812 τος
363 3748 460 3818 τὴν
494 3747 695 3820 ψυχὴν,
721 3755 820 3805 οὐκ
848 3752 916 3807 ἂν
941 3754 1202 3826 ἀξιωθείη
1233 3756 1460 3810 τοιαῦτα
1490 3757 1641 3829 δῶρα
1676 3776 1848 3829 προσ-

238 3831 468 3913 φέρειν,
497 3842 630 3913 ,ἦτοι
692 3846 1090 3915 προσκομίζειν
1132 3849 1192 3901 τὸ
1233 3850 1394 3919 σῶμα
1418 3853 1516 3905 καὶ
1564 3846 1708 3922 αἷμα
1753 3851 1848 3905 τοῦ

240 3934 481 4004 Κυρίου,
523 3935 583 3988 τὸ
625 3938 692 4007 τῇ
724 3936 847 4008 θείᾳ
892 3937 1054 4008 φύσει
1098 3940 1319 3996 ἐνωθέν.
1372 3945 1618 4015 Πρόσχες
1652 3946 1708 3998 δὲ
1757 3948 1852 3998 καὶ

239 4025 420 4093 τοῦτο,
463 4027 583 4091 πῶς
623 4028 911 4100 ἀμύθητον
950 4031 1063 4101 ἐχει
1111 4034 1212 4102 τὴν
1245 4035 1525 4105 ὑπεροχὴν
1572 4038 1600 4088 ὀ
1644 4038 1851 4108 Κύριος

240 4120 385 4191 πρὸς
415 4121 509 4174 τὸν
550 4123 785 4193 Μωσῆν.
815 4125 1022 4194 Μωσῆς
1059 4127 1157 4196 μὲν
1190 4125 1299 4197 γὰρ
1330 4129 1714 4200 λεπρωθείσαν
1750 4131 1850 4201 τὴν

240 4213 481 4284 ἀδελφὴν
520 4214 713 4278 αὐτοῦ,
749 4216 936 4269 καίτοι
973 4218 1144 4271 πολλά
1182 4220 1433 4290 δεηθεὶς,
1478 4224 1579 4275 οὐκ
1609 4223 1848 4295 ἠδυνήθη

243 4304 607 4373 θεραπεῦσαι·
638 4308 666 4359 ὀ
687 4308 745 4360 ὀὶ
779 4307 981 4379 Κύριος
1007 4309 1152 4381 λόγῳ
1177 4310 1325 4382 μόνῳ
1355 4311 1448 4364 τὸν
1473 4312 1679 4383 λεπρὸν
1714 4316 1849 4366 ἐκα-

246 4395 497 4467 θάρισεν.
544 4398 748 4450 Ἑννόει
779 4398 835 4451 δὲ
867 4400 960 4452 καὶ
992 4398 1090 4470 τὴν
1123 4401 1455 4455 ταπείνωσιν
1484 4402 1578 4454 τοῦ
1616 4404 1847 4472 Κυρίου,

245 4486 370 4550 πῶς
402 4486 498 4540 τοῦ
523 4487 683 4558 ὄχλου
719 4488 1117 4559 ἐπιθυμοῦντος
1147 4491 1418 4547 ἅπτεσθαι
1449 4495 1618 4548 αὐτοῦ
1638 4535 1653 4556 ,
1682 4495 1850 4558 αὐτὸς

1951 3401 2296 3470 puriﬁcatus,
2327 3411 2460 3456 tunc
2493 3404 2730 3470 denique
2759 3405 2956 3472 dignus
2979 3415 3064 3460 est
3099 3404 3296 3459 olferre
3330 3404 3560 3460 Domino

1955 3497 2157 3551 donum
2194 3497 2364 3561 istud,
2399 3497 2502 3551 hoc
2531 3507 2634 3561 est,
2686 3498 2970 3552 immolare
2996 3500 3275 3552 Christum
3306 3510 3359 3553 et
3387 3499 3561 3553 sacri-

1957 3591 2146 3645 ﬁcare.
2183 3589 2325 3668 Nam.
2356 3592 2446 3660 qui
2482 3591 2731 3661 leprosus
2766 3601 2852 3645 est
2899 3602 2955 3644 et
3004 3592 3318 3646 immundus
3352 3592 3560 3655 anima,

1957 3684 2100 3736 haud
2142 3682 2338 3750 dignus
2392 3682 2819 3752 fuerit_oﬂ'erre
2876 3683 3004 3737 talia
3068 3683 3234 3746 dona,
3294 3684 3400 3738 hoc
3453 3695 3557 3747 est,

1959 3778 2160 3830 olierre
2191 3791 2392 3845 corpus
2441 3785 2494 3831 et
2533 3777 2856 3845 sanguinem
2891 3774 3132 3843 Domini,
3182 3777 3327 3845 quod
3359 3778 3559 3833 divinat

1955 3877 2169 3923 natura:
2213 3869 2426 3921 unitum
2476 3877 2580 3922 est.
2635 3867 2767 3925 Vide
2817 3880 3000 3924 autem
3045 3880 3101 3924 et
3137 3870 3238 3924 hoc
3287 3873 3563 3938 quomodo

1957 3960 2222 4015 ineffabili
2276 3960 2603 4016 excellentia
2657 3959 2882 4032 Moysen
2942 3963 3221 4028 praacellat
3275 3964 3558 4021 Dominus.

1954 4054 2173 4124 Moyses
2232 4054 2379 4108 enim
2432 4067 2681 4108 sororem
2735 4071 2889 4108 suam
2959 4056 3110 4122 lepra
3179 4057 3557 4120 laborantem,

1956 4145 2209 4214 quamvis
2247 4146 2477 4199 multum
2505 4157 2714 4212 oraret,
2752 4163 2856 4200 non
2900 4149 3076 4217 potuit
3110 4165 3308 4202 sanare
3337 4151 3382 4181 "
3417 4169 3429 4204 :
3465 4151 3564 4204 Do-

1957 4237 2136 4290 minus
2168 4250 2297 4289 vero
2343 4249 2604 4292 sermone
2633 4236 2754 4289 solo
2797 4238 3082 4289 inundavit
3119 4237 3420 4305 leprosum.
3452 4236 3562 4292 0b-

1955 4343 2111 4382 serva
2146 4327 2274 4381 item
2324 4336 2380 4381 et
2416 4327 2781 4382 humilitatem
2819 4328 3056 4392 Domini,
3090 4332 3364 4397 quomodo
3408 4333 3562 4384 turba

1956 4421 2304 4476 desiderante
2341 4432 2397 4475 ut
2427 4423 2581 4476 illum
2619 4430 2888 4491 tangeret,
2930 4423 2985 4476 in
3025 4423 3412 4477 solitudinibus
3445 4439 3564 4476 riis-

1957 4515 2040 4583 gis
2096 4514 2416 4568 versabatur
2463 4515 2733 4582 placidus,
2789 4529 2853 4569 ac
2901 4515 3093 4569 orabat
3143 4532 3154 4567 :
3194 4524 3254 4569 ut
3302 4515 3460 4569 nobis
3510 4518 3562 4567 in

240 4583 304 4635 tv
325 4584 445 4644 ταῖς
470 4583 703 4653 ἐρήμοις
734 4584 937 4653 μᾶλλον
957 4585 1067 4638 διέτ
1079 4586 1227 4656 ριϐεν
1249 4588 1527 4657 ἀσμένως,
1555 4591 1651 4642 καὶ
1677 4608 1844 4660 προσ-

1961 4607 2214 4662 omnibus
2263 4609 2574 4676 exemplum
2626 4609 2895 4676 praeberet
2941 4619 2998 4662 et
3045 4609 3275 4662 seorsim
3328 4608 3561 4673 orandi,

239 4674 464 4747 ηύχετο·
493 4674 669 4739 οὕτως
692 4677 800 4746 ἀρα
841 4680 1051 4740 τύπους
1076 4679 1207 4746 ἡμῖν
1241 4680 1299 4731 tv
1342 4681 1510 4734 πᾶσιν
1557 4681 1727 4733 ἐδίδου
1752 4683 1845 4735 τοῦ

238 4783 303 4820 τε
338 4767 461 4820 κατ’
495 4767 633 4822 ίδίαν
676 4768 1126 4839 προσεύχεσθαι,
1161 4772 1256 4823 καὶ
1286 4771 1382 4825 τοῦ
1430 4773 1526 4842 τὴν
1561 4773 1721 4838 δόξαν
1752 4777 1846 4828 ἐκ·

239 4858 473 4913 κλίνειν.

318 4970 339 5004 ι
367 4951 713 5018 Καὶέγένετο
731 4953 789 5004 tv
811 4954 908 5024 μιᾷ
932 4952 1041 5006 τῶν
1059 4953 1306 5030 ἡμερῶν,
1330 4955 1423 5009 καὶ
1444 4955 1608 5021 αὐτὸς
1628 4953 1695 5030 ἦν
1710 4958 1848 5014 διδά-

239 5060 410 5099 σκων
435 5045 530 5097 καὶ
551 5041 693 5115 ἦσαν
707 5046 1012 5116 καθήμενοι
1031 5049 1318 5118 Φαρισαῖοι
1344 5051 1439 5103 καὶ
1456 5052 1854 5120 νομοδιδάσκα-

237 5136 344 5201 λοι,
367 5135 416 5189 οἳ
439 5133 581 5208 ἦσαν
596 5137 993 5208 ἐληλυθότεςέκ
1009 5140 1189 5210 πάσης
1205 5140 1400 5211 κώμης
1419 5144 1513 5210 τῆς
1534 5143 1849 5208 Γαλιλαῐας,

238 5230 336 5283 καὶ
378 5229 663 5294 Ἰουδαίας,
692 5230 1175 5302 κιὶΊερουσαλήμο
1207 5236 1302 5287 καὶ
1327 5237 1360 5305 ἡ
1383 5235 1614 5305 δύναμις
1644 5239 1849 5308 Κυρίου

236 5316 307 5393 ἦν
337 5322 418 5384 είς
464 5321 526 5374 τὸ
571 5322 759 5375 ἰᾶσθαι
797 5324 1018 5386 αὐτούς.
1056 5326 1169 5379 Καὶ
1212 5326 1322 5381 ἰδοὺ
1359 5328 1556 5399 ἄνδρες
1590 5331 1851 5403 φέροντες

236 5418 335 5472 ἐπὶ
370 5417 560 5488 κλίνης
583 5417 875 5488 ἄνθρωπον
898 5419 956 5482 ὃς
985 5415 1054 5490 ἦν
1085 5422 1568 5494 παραλελυμένος.
1598 5430 1693 5479 καὶ
1724 5428 1852 5498 ἐζή-

236 5502 370 5564 τουν
396 5509 561 5564 αὐτὸν
585 5513 923 5580 εἰσενεγκεῖν
947 5516 1041 5568 καὶ
1070 5515 1246 5571 θεῖναι
1271 5518 1502 5572 ἐνώπιον
1531 5521 1723 5575 αὐτοῦ’
1757 5524 1853 5577 καὶ

242 5604 320 5675 μὴ
355 5605 611 5676 εὑρόντες
641 5607 731 5660 διὰ
775 5609 938 5674 ποίας
990 5611 1387 5680 είσενέγκωσιν
1431 5615 1600 5669 αὐτὸν
1635 5617 1726 5671 διὰ
1764 5619 1855 5671 τὸν

237 5695 403 5767 ὀχλον
425 5736 441 5764 ,
481 5699 791 5764 ἀνισάντες
818 5701 916 5754 ἐπὶ
948 5703 1009 5758 τὸ
1057 5704 1218 5776 δῶμα
1244 5747 1260 5768 .
1318 5706 1408 5761 διά
1439 5709 1549 5763 τῶν
1591 5710 1854 5783 κεράμων

325 5859 371 5891 ³⁸
400 5858 558 5915 Nunt.
585 5877 682 5924 xu.
731 5863 815 5918 l5.

1956 4707 2012 4753 et
2045 4700 2274 4770 gloriam
2314 4700 2646 4757 declinandi.

2035 4972 2199 5027 Vens.
2240 4972 2430 5027 17-26.
2488 4994 2506 5024 ι
2571 4973 2636 5027 Ει
2683 4973 2886 5029 factum
2935 4985 3017 5030 est
3068 4974 3308 5044 quodam
3356 4974 3465 5040 die,
3513 4985 3568 5030 et

1957 5064 2074 5134 ipse
2101 5066 2350 5131 docebat,
2388 5079 2653 5137 erantque
2702 5065 2967 5123 Phnrisaai
3003 5070 3278 5130 sedentes.
3326 5084 3390 5122 ac
3431 5069 3566 5140 legis

1961 5159 2237 5225 doctores,
2266 5161 2358 5230 qui
2389 5172 2655 5216 venerant
2685 5178 2752 5216 ex
2785 5163 2932 5216 omni
2965 5163 3190 5216 castello
3222 5162 3480 5226 Galilaem,
3513 5173 3567 5217 et

1959 5248 2186 5315 Judazm,
2229 5261 2285 5306 et
2331 5250 2664 5320 Jerusalem,
2703 5264 2760 5309 et
2807 5255 2984 5309 virtus
3036 5253 3250 5309 Domini
3284 5258 3476 5310 aderat
3500 5255 3565 5308 ad

1959 5348 2261 5398 sanandum
2293 5361 2406 5399 eos.
2441 5344 2508 5399 Et
2535 5362 2666 5401 ecce
2693 5347 2800 5402 viri
2826 5359 3114 5418 portantes
3143 5350 3193 5401 in
3223 5348 3363 5404 lecto
3390 5347 3549 5403 bomi-

1961 5453 2085 5493 nem
2125 5441 2218 5508 qui
2271 5450 2390 5493 erat
2437 5441 2773 5512 paralyticus
2799 5484 2815 5507 ,
2853 5454 2907 5495 et
2943 5443 3260 5513 quaerebant
3301 5458 3425 5497 eum
3480 5441 3568 5496 in-

1962 5531 2104 5586 l'erre
2137 5545 2190 5586 et
2217 5549 2420 5602 ponere
2459 5545 2584 5588 ante
2616 5535 2793 5590 illum.
2834 5535 2900 5590 Et
2931 5551 3038 5590 non
3093 5523 3433 5592 invenientes
3459 5549 3566 5604 qua

1955 5634 2110 5691 parte
2148 5624 2298 5677 illum
2337 5624 2607 5680 inlerrent
2639 5642 2750 5697 pra:
2789 5626 2971 5693 turba,
3011 5628 3564 5697 ascenderuntsupra

1958 5723 2185 5784 tectum,
2214 5731 2279 5772 ac
2311 5731 2407 5785 per
2438 5719 2651 5789 tegulas
2677 5718 3020 5776 demiserunt
3051 5734 3176 5775 cum
3200 5733 3322 5775 cum
3361 5718 3563 5774 lectulo
