4256 6432
248 381 359 447 ’165

973 385 1423 449 ENARRATIO
1464 388 1544 449 IN
1577 389 2087 453 EVANGELI‘UM
2121 391 2357 454 LUC/8.
2392 415 2446 430 -
2491 390 2652 451 CAP.
2698 390 2768 451 V.

3452 385 3561 450 ³766

250 497 504 554 τελωνῶν
570 496 762 560 πολὺς,
796 498 890 552 καὶ
935 498 1135 566 ἄλλων,
1183 501 1233 554 οῖ
1279 497 1421 572 ἦσαν
1483 501 1602 571 μετ’
1655 501 1838 556 αὐτῶν

1948 520 2064 558 rtltll
2097 512 2153 559 et
2185 503 2418 558 aliorum
2449 503 2688 573 quicum
2717 500 2833 554 illis
2867 498 3291 555 accumbebant.
3327 496 3562 552 Etmur-

254 592 670 660 κατακείμενοι.
711 592 823 646 Καὶ
855 592 1159 660 ῖγόγγυζον
1199 594 1251 648 οἱ
1288 594 1645 665 Γραμματεῖς
1665 593 1848 648 αὐτῶν

253 683 413 734 καὶοὶ
431 682 717 750 Φαρισαῖοι
743 680 882 752 πρὸς
902 681 1032 744 τοὺς
1061 679 1313 752 μαθητὰς
1337 681 1526 744 αὑτοῦ,
1548 681 1801 748 λέγοντες
1830 695 1844 709 ⁸

253 773 357 826 Διά
409 772 460 824 τί
492 771 634 840 μετά
663 773 915 827 τελωνῶν
947 773 1043 827 καὶ
1098 773 1449 844 ἁμαρτωλῶν
1487 772 1699 826 ἐσθίετε
1751 772 1847 824 καὶ

261 867 448 919 πίνετε
471 881 486 928 ;
509 865 620 917 Καὶ
642 864 966 933 ἀποκριθεὶς
994 867 1023 918 6
1041 864 1271 935 Ἰησοῦς,
1302 861 1424 918 εἷπε
1451 866 1586 936 πρὸς
1605 863 1805 928 αὐτούς
1829 879 1844 893 ο

263 957 340 1012 Οὐ
370 956 560 1027 χρείαν
588 955 802 1026 ιχουσιν
820 955 869 1010 οἱ
899 957 1241 1024 ὑγιαίνοντες
1273 955 1488 1027 ίατροῦ,
1520 957 1638 1011 ἀλλ’
1659 955 1712 1008 οί
1745 972 1847 1009 κα-

254 1049 369 1108 κῶς
399 1046 634 1117 ἔχοντες.
677 1048 789 1101 Ούκ
819 1047 1054 1118 ελήλυθα
1101 1047 1332 1101 καλέσαι
1379 1049 1678 1118 δικαίους..
1708 1045 1848 1100 ἀλλά

253 1141 622 1209 ἁμαρτωλοὺς
673 1142 753 1200 είς
814 1140 1128 1210 μετάνοιαν.
1187 1160 1206 1194 ι
1269 1141 1329 1194 '0
1405 1142 1505 1211 μὲν
1566 1140 1848 1205 Ματθαῖος

254 1235 743 1304 ἀπαρακαλύπτως
773 1235 833 1288 τὸ
861 1236 1057 1288 ἑαυτοῦ
1087 1236 1259 1306 δνομα
1299 1235 1693 1305 ἀνακηρύττει,
1752 1234 1844 1288 λέ-

255 1344 370 1394 γων
389 1342 404 1357 ·
443 1347 462 1380 ι
505 1325 625 1382 Εἷδε
658 1328 936 1382 Ματθαῖον
967 1329 1060 1382 τὸν
1092 1330 1335 1399 τελώνην
1361 1333 1389 1384 6
1434 1329 1642 1398 Ἰησοῦς
1671 1328 1841 1398 καθή-

257 1437 424 1490 μενον
459 1422 553 1474 ἐπὶ
582 1422 642 1474 τὸ
679 1405 952 1474 τελώνιον.
1006 1439 1027 1474 ι
1075 1422 1132 1475 '0
1156 1422 1214 1476 δὲ
1243 1423 1466 1484 Λουκᾶς
1506 1423 1600 1476 καὶ
1629 1423 1656 1474 6
1684 1421 1844 1490 Μάρ-

259 1530 381 1578 κος,
412 1512 681 1584 τιμῶντες
734 1513 826 1566 τὸν
870 1511 1294 1582 εὐαγγελιστὴν,
1355 1512 1418 1565 τὸ
1449 1511 1636 1580 ἕτερον
1677 1508 1844 1564 αὐτοῦ

251 1602 449 1671 ὄνομα,
482 1604 543 1656 τὸ
568 1602 756 1666 Λευτν,
821 1605 902 1666 εἰς
933 1605 1101 1672 μέσον
1151 1603 1499 1674 προτιθέασι.
1551 1603 1845 1672 Θαύμασον

250 1693 310 1746 6t
336 1691 430 1746 τοῦ
465 1691 604 1745 Θεοῦ
635 1692 738 1762 τὴν
791 1691 1232 1762 φιλανθρωπίαν,
1289 1693 1412 1756 πῶς
1441 1693 1513 1746 τά
1547 1693 1718 1762 σκεύη
1749 1691 1843 1744 τοῦ

253 1781 498 1854 πονηροῦ
529 1783 848 1853 διαρπάζει.
884 1783 1137 1854 Τελώνης
1167 1786 1300 1854 γάρ,
1330 1784 1528 1848 σκεῦος
1550 1784 1644 1838 τοῦ
1674 1802 1842 1852 πονη-

1955 596 2252 650 murabant
2287 595 2496 649 Scriba;
2540 605 2594 648 et
2642 591 2903 646 Pltarisai
2944 592 3211 644 adversus
3261 589 3560 658 discipulos

1951 688 2087 754 eius.
2121 687 2368 742 dicentes
2419 706 2432 739 :
2466 687 2646 752 Quare
2681 700 2806 739 cum
2842 683 3150 752 publicanis
3187 691 3242 736 et
3296 692 3558 749 peccato-

1951 779 2104 833 ribus
2148 777 2312 832 editis
2343 789 2397 831 et
2429 777 2649 831 bibitis?
2701 777 3059 843 Respondeas
3105 773 3266 829 Jesus
3315 772 3452 827 dixit
3489 771 3558 826 ad

1953 870 2120 924 il!os:
2169 868 2282 922 Non
2315 879 2475 938 egent
2534 869 2628 938 qui
2672 868 2791 920 sani
2845 877 2974 920 sunt
3021 867 3256 925 medico.
3317 865 3409 917 sed
3460 865 3553 931 qui

1952 963 2093 1016 male
2130 963 2354 1016 habent.
2394 961 2510 1015 Non
2549 962 2672 1015 veni
2726 974 2923 1014 vocare
2953 959 3154 1028 justos,
3214 959 3307 1010 sed
3361 972 3556 1025 pecca-

1954 1065 2101 1112 tores
2158 1059 2224 1109 ad
2273 1057 2680 1124 pmnitetitiam.
2731 1075 2749 1105 ι
2790 1054 3084 1108 Mattheus
3149 1068 3346 1106 nomen
3400 1067 3558 1104 suum

1952 1164 2060 1202 non
2103 1149 2258 1219 tegit,
2289 1149 2381 1203 sed
2416 1149 2562 1202 clare
2613 1147 2853 1212 iuvulgat
2884 1147 3113 1199 dicens:
3155 1163 3172 1195 ι
3218 1142 3365 1196 Vidit
3424 1141 3562 1195 Mul-

1890 1235 1895 1244 ’
1950 1241 2154 1294 illarum
2195 1240 2550 1308 publicanum
2585 1237 2748 1294 Jesus
2772 1239 3056 1293 sedentem
3097 1240 3148 1291 in
3177 1237 3368 1291 telonic
3405 1238 3489 1300 i‘;
3536 1255 3553 1286 ι

1952 1327 2126 1381 Lucas
2157 1343 2288 1382 vero
2336 1338 2392 1383 et
2442 1327 2660 1382 Marcus
2731 1329 3069 1382 honorantes
3138 1326 3556 1392 evangelistam,

1952 1420 2099 1473 aliud
2128 1421 2244 1488 ejus
2273 1434 2468 1474 nomen
2505 1418 2633 1472 Levi
2668 1418 2723 1472 in
2751 1419 2993 1473 medium
3029 1419 3198 1487 308
3224 1423 3556 1486 proponunt.

1950 1508 2239 1563 Admirare
2273 1517 2453 1561 autem
2482 1505 2577 1561 Dei
2626 1507 3087 1572 misericordiam,
3122 1509 3396 1576 quomodo
3430 1521 3556 1558 vasa

1953 1597 2172 1666 maligni
2219 1598 2464 1667 diripiat.
2523 1596 2760 1652 Telones
2802 1599 2947 1650 enim
2985 1612 3082 1650 vas
3128 1606 3250 1651 erat
3306 1597 3552 1665 maligni,

1949 1699 2003 1744 et
2046 1689 2188 1742 mala
2232 1690 2430 1744 bestia.
2486 1689 2678 1744 Sciunt
2703 1689 2795 1758 qui
2829 1690 3040 1757 experti
3078 1701 3213 1743 sunt
3250 1705 3414 1758 quam
3446 1691 3558 1743 s'mt

1955 1782 2256 1850 importuni
2289 1792 2600 1837 exactores.
2635 1782 2914 1837 Publicani
2973 1785 3117 1837 enim
3150 1793 3280 1839 sunt
3319 1785 3412 1852 qui
3454 1799 3557 1851 pu-

253 1872 377 1943 ροῦ,
413 1873 506 1926 καὶ
537 1873 774 1944 πονηρὸν
808 1872 1020 1944 θηρίον.
1097 1873 1311 1927 Ἱσασιν
1354 1874 1404 1926 οἱ
1446 1873 1838 1943 πεπειραμένοι

1952 1875 2090 1930 blica
2139 1876 2426 1943 vectigalia
2474 1887 2683 1941 emunt,
2721 1885 2998 1945 quatenus
3050 1878 3175 1931 inde
3229 1879 3557 1930 damnosum

251 1961 365 2014 τῶν
396 1961 614 2037 πικρῶν
654 1962 1000 2031 ἀπαιτητῶν.
1057 1956 1218 2016 Οὗτοι
1270 1963 1380 2036 γάρ
1418 1962 1468 2016 οῖ
1505 1962 1758 2024 τελῶναι,
1795 1963 1844 2013 oi

251 2055 324 2108 τὰ
365 2051 605 2133 δημόσια
657 2054 785 2124 τέλη
843 2053 1168 2124 ὠνούμενοι,
1225 2056 1311 2124 ἐφ’
1369 2048 1414 2122 ᾧ
1462 2054 1845 2124 ἀποκερδῆσαι

251 2147 400 2201 κατά
426 2147 536 2201 τῶν
560 2147 782 2201 οἰκείων
803 2148 1015 2220 ψυχῶν.
1050 2151 1124 2203 Ού
1159 2150 1320 2218 μόνον
1352 2147 1410 2202 δὶ
1433 2149 1544 2219 ἄρα
1574 2147 1666 2201 τὸν
1695 2148 1845 2201 Mat:-

249 2237 408 2294 θαῖον
436 2239 747 2310 ικέρδησεν,
779 2241 916 2294 ἀλλά
943 2243 1039 2296 καὶ
1069 2244 1195 2304 τοὺς
1229 2241 1452 2310 ἐτέρους
1487 2239 1728 2302 τελώνας
1761 2234 1842 2301 οἷς

251 2335 618 2400 συνειστιᾶτο,
673 2335 939 2407 κερδῆσαι
995 2334 1330 2400 ἐσπούδαζεν
1376 2335 1405 2387 6
1457 2335 1683 2402 Κύριος.
1743 2334 1846 2387 Διά

253 2427 369 2498 γάρ
423 2427 584 2480 τοῦτο
620 2427 872 2492 καταειοῖ
920 2428 1364 2496 συνεστιαθῆναι,
1423 2428 1508 2480 ἵνα
1557 2425 1843 2487 κάκείνους

247 2518 645 2590 δφελκύσηται,
679 2521 744 2573 Ol
777 2522 1064 2588 Φαρισαῖοι
1095 2520 1152 2572 δὶ
1185 2518 1706 2588 αίτιώμενοιαύτὸν,
1741 2519 1842 2588 ὅρα

247 2608 303 2664 τί
335 2609 660 2674 ἀκούουσιν;
700 2611 815 2663 Οὐκ
839 2610 1097 2680 ἐλήλυθα,
1125 2613 1280 2679 φησι,
1313 2609 1542 2664 καλέσαι
1571 2611 1840 2672 δικαίους,

246 2699 552 2761 τουτέστιν,
607 2699 752 2767 ὑμᾶς
787 2699 915 2756 τοὺς
958 2698 1306 2762 δικαιοῦντας
1357 2700 1590 2763 ἑαυτούς
1622 2718 1634 2731 ι
1701 2699 1841 2753 ἀλλά

247 2781 617 2853 ἁμαρτωλοὺς
645 2779 811 2854 ἦλθον
874 2785 1125 2850 καλέσαι,
1183 2787 1282 2856 οὐχ
1341 2787 1432 2840 ἵνα
1478 2789 1544 2857 τῇ
1595 2787 1843 2859 ἁμαρτίᾳ

247 2875 581 2943 ἐμμένωσιν,
615 2876 731 2929 ἀλλ’
761 2876 845 2928 ἴνα
877 2879 1278 2948 μετανοήσωσι.
1315 2879 1422 2932 Καὶ
1447 2879 1625 2943 ἄλλως
1661 2897 1674 2911 ο
1725 2880 1842 2934 Οὐκ

250 2961 420 3036 ἦλθον
450 2967 682 3020 καλέσαι
715 2969 982 3032 δικαίους.
1020 2970 1154 3022 Οὐδὲ
1187 2970 1298 3040 γάρ
1321 2970 1584 3042 εὑρίσκω,
1619 2972 1841 3026 πάντων

246 3061 632 3135 ἀμαρτόντων.
678 3062 832 3114 Ἐπεὶ
877 3063 925 3116 εί
950 3058 1021 3133 ἦν
1075 3063 1306 3117 δυνατὸν
1333 3063 1517 3134 εὑρεῖν
1566 3063 1834 3130 δικαίους,

244 3149 349 3205 οὐκ
380 3149 446 3206 ἂν
477 3147 662 3222 ἦλθον.
706 3153 866 3206 Ἔστι
908 3152 964 3208 δὲ
998 3152 1240 3226 τελώνης
1270 3156 1367 3209 καὶ
1400 3158 1507 3218 πᾶς
1537 3157 1566 3209 6
1609 3156 1691 3227 τῷ
1739 3173 1838 3211 κο-

1957 1966 2072 2022 suis
2106 1968 2394 2022 animabus
2434 1968 2563 2036 quid
2601 1969 2902 2023 lucrentur.
2942 1970 3011 2022 At
3047 1985 3154 2023 non
3210 1969 3386 2023 solum
3425 1969 3561 2022 Mat-

1957 2058 2158 2112 ῑΙιιιιιιιιι
2181 2068 2308 2112 tunc
2341 2059 2588 2114 lucratus
2615 2071 2720 2122 est,
2742 2062 2835 2115 sed
2857 2062 3024 2116 etiam
3049 2061 3184 2115 alios
3209 2062 3559 2131 publicanos,

1955 2162 2080 2201 cum
2107 2147 2305 2216 quibus
2340 2150 2754 2214 convivabatur,
2783 2151 2983 2204 lucrari
3011 2152 3227 2204 volebat
3259 2151 3548 2205 Dominus.

1955 2237 2091 2293 Nam
2135 2250 2421 2309 propterea
2453 2242 2752 2295 etconvita
2781 2242 2996 2295 illorum
3050 2243 3130 2303 lit,
3166 2244 3412 2295 utetiam
3442 2243 3561 2295 illos

1955 2331 2217 2396 attrahat.
2253 2330 2384 2387 Vide
2440 2345 2625 2387 autem
2676 2335 2804 2402 quid
2841 2335 2987 2388 dicat
3036 2333 3333 2390 Pharisazis
3386 2337 3560 2403 ipsum

1955 2426 2504 2495 reprehendentibus.
2542 2427 2657 2480 Non
2698 2429 2842 2491 veni,
2891 2430 3091 2496 inquit,
3129 2443 3328 2483 vocare
3356 2428 3560 2493 justos,

1953 2518 2056 2574 hoc
2079 2526 2163 2573 est
2223 2534 2343 2584 vos,
2392 2512 2484 2587 qui
2541 2535 2638 2575 vos
2699 2523 2848 2589 ipsos
2892 2522 3212 2591 justiticatis
3257 2522 3400 2577 :sed
3435 2536 3562 2590 pec-

1957 2619 2174 2666 catores
2208 2614 2328 2666 veni
2379 2627 2603 2678 vocare,
2657 2628 2762 2668 non
2797 2623 2856 2668 nt
2913 2616 2963 2666 in
3000 2615 3244 2682 peccatis
3276 2624 3560 2676 maneant,

1952 2704 2048 2758 sed
2095 2715 2155 2758 ut
2195 2705 2576 2773 paenitentiam
2629 2716 2815 2776 agant.
2881 2705 2972 2760 Vel
3013 2707 3214 2760 aliter:
3268 2705 3386 2759 Non
3435 2707 3557 2760 veni

1952 2796 2366 2865 vocarejustos.
2398 2797 2584 2853 Nullos
2627 2800 2772 2852 enim
2811 2801 3050 2862 invenio,
3115 2800 3561 2868 quandoquidem

1949 2904 2139 2945 omnes
2170 2900 2400 2958 peccant
2425 2891 2494 2945 ³⁸.
2533 2891 2690 2957 Quod
2743 2893 2788 2946 si
2828 2893 3084 2960 possibile
3114 2902 3260 2947 esset
3313 2893 3563 2948 invenire

1945 2981 2145 3050 justos.
2180 2999 2287 3038 non
2323 2985 2624 3040 venissem.
2658 2984 2753 3040 Est
2791 2996 2974 3040 autem
2997 2986 3319 3054 publicanus
3353 2986 3556 3051 omnis,

1950 3075 2039 3141 qui
2089 3074 2273 3129 mundi
2332 3075 2557 3130 domino
2615 3078 2807 3140 servit,
2868 3087 2924 3130 et
2973 3078 3180 3130 tributa
3234 3079 3386 3130 carni
3443 3078 3539 3129 dat

1948 3166 2189 3225 Gulosus
2213 3170 2395 3224 ventri
2432 3170 2635 3224 tributa
2697 3175 2790 3224 dat
2825 3170 3002 3232 cibos,
3037 3179 3314 3226 scortator
3349 3168 3560 3225 {cedunt

249 3243 593 3314 σμοκράτορι
634 3242 925 3307 δουλεύων,
957 3245 1053 3295 καὶ
1108 3243 1240 3314 τέλη
1289 3246 1356 3314 τῇ
1390 3244 1556 3329 σαρκὶ
1594 3244 1838 3315 προσφέ-

1948 3275 2326 3330 congressnm,
2356 3272 2409 3316 et
2434 3263 2576 3317 alius
2601 3263 2768 3316 aliud.
2800 3263 2935 3317 Cum
2973 3264 3136 3333 igitur
3172 3263 3319 3316 illum
3346 3263 3551 3317 viderit

249 3349 386 3403 ρων.
427 3333 484 3386 Ὀ
515 3333 936 3404 γαστρίμαργος
991 3333 1137 3406 τελεῖ
1179 3336 1247 3406 τῇ
1300 3322 1504 3407 γαστρὶ
1547 3336 1838 3407 βρώματα,

245 3423 277 3475 6
333 3422 566 3492 πόρνος,
607 3424 705 3493 τὴν
743 3424 996 3493 ῥυπαρὰν
1071 3423 1241 3494 μίξιν,
1317 3426 1412 3478 καὶ
1467 3425 1628 3490 ἀλλος
1687 3426 1839 3481 ἄλλο.

249 3513 423 3571 ὀταν
478 3511 571 3570 οὖν
604 3518 690 3589 ίδῃ
723 3518 885 3570 αὑτὸν
913 3519 940 3570 6
969 3517 1196 3588 Κύριος,
1233 3522 1512 3573 τουτέστιν
1541 3523 1570 3574 6
1609 3520 1846 3589 εῦαγγε·

245 3609 400 3674 λικδς
429 3610 620 3678 ρλόγος,
667 3610 986 3681 καθήμενον
1019 3613 1112 3664 ἐπὶ
1145 3612 1206 3664 τὸ
1238 3612 1516 3680 τελώνιον,
1569 3614 1845 3676 τουτέστι,

247 3702 330 3776 μὴ
366 3703 750 3774 προκόπτοντα
785 3704 921 3774 μηδὲ
967 3703 1334 3774 προοδεύοντα
1361 3706 1460 3760 καὶ
1516 3707 1842 3778 κινούμενον

242 3799 331 3858 είς
355 3797 581 3852 πλείονα
609 3798 835 3861 κακίαν,
861 3797 977 3851 ἀλλ’
1013 3799 1180 3850 οίονεὶ
1205 3798 1506 3868 ἀργοῦντα,
1533 3799 1654 3852 τότε
1707 3801 1843 3854 ἀνα·-

245 3892 506 3960 στήσεται
533 3888 758 3951 ἀπὸλτοῦ
797 3890 971 3943 κακοῦ
1002 3891 1097 3944 καὶ
1120 3891 1482 3962 ἀκολουθήσει
1513 3892 1593 3962 τῷ
1635 3892 1836 3964 Ἰησοῦ,

243 3986 344 4040 καὶ
378 3984 700 4056 ὑποδέχεται
755 3985 815 4038 tv
856 3984 934 4055 τῷ
982 3985 1120 4058 οῐκῳ
1152 3985 1253 4056 τῆς
1284 3986 1467 4058 ψυχῆς
1513 3988 1682 4042 αὑτοῦ
1746 3988 1840 4042 τὸν

1946 3353 2233 3420 Dominus,
2273 3354 2372 3408 hoc
2397 3362 2482 3409 est
2525 3354 2878 3425 evangelicus
2906 3370 3114 3417 sermo,
3161 3356 3438 3409 sedentem
3502 3356 3558 3410 in

1944 3445 2170 3512 telonio,
2222 3447 2326 3500 hoc
2371 3455 2456 3500 est
2505 3461 2612 3501 non
2649 3447 2939 3514 proﬁcere,
3001 3461 3178 3514 neque
3236 3446 3560 3516 procedere.

1946 3551 2127 3608 neque
2185 3539 2391 3594 moveri
2459 3538 2528 3593 ad
2582 3538 2875 3606 majorem,
2915 3540 3208 3602 malitiam,
3249 3542 3344 3593 sed
3397 3540 3559 3610 quasi

1947 3632 2209 3698 otiosum,
2255 3642 2384 3687 tunc
2424 3637 2775 3688 resuscitabit
2812 3653 2840 3688 a
2885 3637 3046 3698 malo,
3080 3646 3132 3689 et
3168 3644 3436 3703 sequetur
3471 3635 3565 3690 illo

1950 3721 2158 3790 Jcsutn,
2202 3734 2256 3780 et
2287 3725 2526 3794 excipiet
2558 3728 2610 3781 in
2638 3729 2800 3780 domo
2839 3729 3034 3780 animm
3069 3728 3385 3786 Dominum.
3415 3727 3562 3782 l’lta-

1953 3816 2096 3870 risaei
2138 3827 2322 3873 autem
2358 3833 2685 3891 arrogantes
2720 3831 2768 3873 et
2825 3822 3102 3876 «lat-itiones
3149 3823 3378 3886 abseCIi,
3417 3820 3562 3876 Pha-
3611 3878 3613 3880 .

1954 3907 2149 3962 risaans
2177 3910 2324 3965 enim
2362 3911 2564 3966 dicitur
2593 3911 2682 3979 qui
2715 3913 2782 3964 ab
2811 3911 2930 3964 aliis
2965 3921 3372 3980 sequestratur,
3408 3927 3563 3966 mur-

1955 4011 2175 4054 murant
2209 4004 2353 4071 quod
2388 4019 2514 4057 cum
2551 4004 2938 4071 peccatoribus
2963 4006 3219 4059 comedit.

245 4074 570 4168 KGPIOVaOl
599 4076 653 4128 δὲ
675 4076 984 4146 Φαρισαῖοι,
1022 4080 1072 4129 ol
1103 4077 1366 4142 ἀλαζόνες
1395 4079 1491 4132 καὶ
1515 4081 1972 4157 ἀποκεκομμένοι
2036 4092 2320 4163 δαίμονες,
2384 4095 2546 4168 τοῦτο
2595 4100 2704 4168 γὰρ
2772 4101 2800 4150 ὁ
2869 4101 3194 4168 Φαρισαῖος,
3242 4100 3562 4168 ἀποκεκομ-

245 4168 410 4239 μένος
433 4167 544 4220 τῶν
583 4168 777 4233 ἄλλων,
809 4168 1199 4236 γογγύζουσιν,
1231 4171 1314 4224 ὅτι
1337 4173 1452 4234 τοῖς
1491 4174 1842 4244 ἁμαρτωλοῖς
1877 4184 2175 4239 συνεσθίει.

323 4281 343 4314 ι
369 4263 432 4314 Ui
453 4263 507 4314 δὲ
531 4258 687 4315 εἶπον
726 4265 861 4334 πρὸς
887 4264 1078 4316 αὐτόν·
1112 4271 1144 4317 Δ
1162 4267 1212 4320 ιά
1233 4268 1286 4319 τί
1309 4268 1358 4318 οί
1386 4267 1629 4339 μαθηταὶ
1663 4273 1848 4328 Ἰωάν-

2033 4280 2200 4335 Vens.
2242 4282 2438 4342 35:39.
2476 4303 2494 4336 ι
2535 4287 2606 4340 At
2651 4287 2724 4342 illi
2759 4290 3014 4345 dixerunt
3060 4289 3125 4342 ad
3161 4305 3282 4341 cum
3328 4305 3339 4339 :
3379 4289 3562 4354 Quare

252 4371 340 4408 νου
371 4356 697 4425 vna-cavens:
728 4358 911 4408 πυκνὰ
946 4357 1038 4410 καὶ
1067 4358 1284 4427 δεήσεις
1315 4361 1620 4428 ποιοῦνται,
1642 4367 1838 4434 ὁμοίως

1955 4373 2206 4443 discipuli
2239 4376 2469 4434 Joannis
2516 4381 2772 4449 jejunant
2816 4383 3153 4452 frequenter,
3211 4394 3264 4436 et
3303 4384 3558 4435 obsecra-

251 4449 347 4501 καὶ
377 4451 425 4501 οἱ
459 4449 564 4500 τῶν
615 4450 944 4519 φαρισαίων,
982 4452 1030 4502 οἱ
1085 4450 1132 4502 δῖ
1181 4453 1262 4503 σοὶ
1328 4453 1574 4508 ἐσθίουσι
1624 4461 1717 4510 καὶ
1751 4461 1844 4511 πί-

1953 4467 2130 4521 tiones
2157 4467 2391 4534 faciunt,
2434 4473 2692 4527 similiter
2724 4486 2780 4529 et
2818 4475 3220 4530 Pltariszeornm
3263 4495 3275 4527 :
3314 4475 3388 4526 ttti
3429 4490 3559 4526 vero

248 4557 469 4606 νουσιν;
510 4542 566 4594 ’0
597 4541 650 4594 6t
685 4537 806 4594 εἶπε
869 4544 1005 4614 πρὸς
1033 4544 1268 4607 αὐτούς·
1299 4545 1392 4617 Μὴ
1438 4547 1672 4603 δύνασθε
1720 4554 1838 4616 τοὺς

1949 4559 2118 4612 edunt
2164 4569 2220 4614 et
2272 4562 2506 4617 bibunt?
2539 4565 2750 4631 Quibus
2805 4556 2922 4638 ipse
2976 4569 3053 4622 ait
3091 4586 3104 4620 ε
3144 4567 3282 4620 Num
3323 4569 3558 4636 potestis

243 4631 399 4693 υίοῦς
430 4631 525 4684 τοῦ
564 4631 880 4701 νυμφῶνος,
920 4636 977 4686 tv
1025 4627 1070 4702 ᾧ
1105 4635 1225 4703 μετ’
1266 4637 1451 4690 αύτῶν
1490 4641 1844 4714 ὲστινδνυμ-

1949 4649 2132 4706 facere
2157 4662 2214 4706 ut
2243 4654 2333 4708 lilii
2387 4658 2638 4725 thalami,
2678 4661 2807 4714 dttm
2859 4677 2984 4716 cum
3027 4663 3135 4716 illis
3162 4673 3246 4715 est
3280 4677 3546 4730 spansns,

247 4723 395 4792 φίος,
427 4723 652 4792 ποιῆσαι
684 4726 997 4794 νηστεύειν;
1029 4727 1374 4785 Ἐλεύσονται
1397 4732 1455 4785 δὲ
1483 4734 1712 4804 ἡμέραι,
1746 4737 1838 4789 καὶ

1948 4743 2227 4813 iejunent?
2255 4746 2480 4804 Veniant
2515 4762 2698 4806 autem
2726 4755 2863 4820 dies,
2910 4767 2964 4810 et
3000 4773 3121 4811 cum
3152 4756 3369 4809 ablatus
3395 4755 3556 4810 luerit

240 4818 372 4870 ὅταν
410 4817 634 4888 ἀπαρθῇ
687 4819 787 4872 ἀπ’
823 4820 1005 4873 αὐτῶν
1066 4824 1093 4874 6
1127 4825 1388 4893 νυμφίος,
1442 4826 1569 4880 τότε
1609 4828 1840 4898 νηστεύ-

242 4926 432 4963 σουσιν
464 4913 521 4964 tv
548 4913 787 4976 ἐκείναις
826 4917 944 4976 ταῖς
974 4916 1232 4986 ἡμέραις.
1268 4920 1463 4989 Ἔλεγε
1489 4921 1547 4974 δὲ
1595 4923 1691 4976 καὶ
1733 4941 1839 4977 παο

241 5002 480 5072 ραϐολὴν
517 5006 651 5074 πρὸς
677 5006 894 5069 αὐτοὺς,
945 5009 1027 5060 ὅτι
1083 5003 1273 5072 Ούδεὶς
1306 5012 1588 5084 ἐπίϐλημα
1617 5016 1838 5086 ίματίου

238 5097 435 5160 καινοῦ
464 5095 750 5152 ὲπιδάλλει
794 5101 889 5152 ἐπὶ
925 5101 1142 5171 ῑμὰτιον
1175 5103 1404 5159 παλαιόν
1433 5125 1445 5136 ⁸
1481 5110 1532 5161 εἰ
1571 5110 1628 5164 δὲ
1659 5111 1734 5181 μή
1774 5128 1838 5178 γε

237 5191 336 5244 καὶ
362 5191 421 5244 τὸ
451 5192 639 5246 καινὸν
666 5193 861 5263 σχίζει,
904 5197 1000 5248 καὶ
1020 5195 1098 5266 τῷ
1131 5198 1350 5268 παλαιῷ
1377 5203 1437 5253 οὐ
1476 5206 1838 5274 συμφωνήσει

234 5285 298 5338 τδ
341 5284 622 5358 επίϐλημα
662 5288 720 5340 τδ
751 5288 860 5340 ἀπὸ
893 5289 987 5342 τοῦ
1031 5291 1387 5347 καινοῦ.Καὶ
1431 5297 1610 5360 οὐδεὶς
1653 5298 1836 5369 βάλλει

233 5370 383 5432 οἶνον
409 5378 532 5432 νέον
561 5381 642 5442 είς
671 5380 874 5444 ἀσκοὺς
905 5381 1172 5446 παλαιούς
1193 5400 1207 5416 ο
1240 5387 1288 5438 εί
1323 5386 1380 5439 δὲ
1415 5390 1488 5457 μή
1536 5406 1623 5456 γε,
1681 5393 1834 5461 ῥήξει

234 5471 266 5525 6
294 5470 417 5533 νέος
453 5466 599 5536 οἶνος
633 5473 760 5536 τοὺς
799 5475 1027 5537 ἀσκοὺς,
1084 5478 1180 5529 καὶ
1231 5479 1391 5541 αὐτὸς
1443 5483 1832 5554 ἐκχυθήσεται,

234 5565 331 5618 καὶ
355 5565 404 5618 οῖ
428 5566 590 5618 ἀσκοί
621 5565 975 5621 ἀπολοῦνται.
1015 5567 1177 5620 Ἀλλά
1199 5565 1343 5623 οἶνον
1365 5574 1483 5626 νὲον
1518 5576 1598 5639 είς
1629 5578 1833 5643 ἀσκοὺς

234 5659 459 5721 καινοὺς
500 5660 745 5731 βλητέον,
800 5660 892 5713 καὶ
923 5661 1209 5732 ἀμφότερα
1246 5666 1660 5736 συντηροῦνται.
1720 5671 1830 5725 Καὶ

315 5842 366 5872 ³⁸
399 5843 587 5900 Matth.
623 5860 699 5908 ιι,
733 5845 784 5900 9.
867 5845 905 5877 "
940 5846 1096 5903 Rom.
1159 5865 1274 5911 vttt.
1309 5851 1396 5908 ΞΝ).

1947 4841 2014 4894 ab
2044 4840 2153 4896 illis
2186 4858 2442 4910 sponsus,
2473 4848 2951 4916 tnncjejunabunt
2985 4851 3035 4904 in
3072 4851 3177 4905 illis
3209 4851 3423 4906 diebus.
3455 4850 3544 4904 Di-

1949 4935 2105 4988 cebat
2147 4945 2330 4991 autem
2375 4940 2791 4997 similitudinem
2829 4945 2893 4997 ad
2927 4944 3049 4997 illos
3084 4962 3098 4998 :
3135 4944 3305 4998 Nemo
3343 4945 3555 4999 immis-

1947 5041 2133 5080 suram
2188 5031 2310 5083 novi
2363 5035 2677 5088 vCStimenli
2750 5039 2998 5092 immittit
3052 5032 3106 5092 itt
3152 5039 3544 5093 vestimentum

1944 5126 2100 5172 vetus
2153 5120 2448 5190 :alioquin
2487 5134 2541 5177 et
2600 5140 2801 5179 novum
2854 5140 3073 5198 rumpet
3123 5139 3176 5182 et
3215 5131 3383 5184 veteri
3439 5146 3548 5184 non

1942 5209 2237 5265 conveniet
2269 5211 2584 5267 immissura
2608 5232 2671 5268 ex
2697 5232 2856 5271 novo.
2892 5217 2957 5270 Et
2979 5236 3137 5273 nemo
3160 5221 3326 5273 tnittit
3358 5222 3547 5275 vinum

1943 5317 2141 5356 novum
2193 5305 2244 5357 in
2305 5316 2458 5360 utres
2511 5317 2759 5374 veteres,
2800 5312 3042 5378 alioquin
3103 5325 3322 5382 rumpet
3366 5314 3548 5368 vinum

1943 5408 2143 5448 nevum
2186 5406 2362 5458 utres.
2400 5410 2456 5455 et
2495 5401 2671 5469 ipsum
2706 5403 3046 5467 ellundetnr,
3097 5417 3150 5459 et
3208 5417 3355 5462 utres
3413 5406 3548 5475 peri-

1939 5487 2096 5541 bunt.
2125 5488 2230 5545 Sed
2265 5494 2450 5548 vinum
2477 5506 2718 5550 mustum
2757 5498 2809 5552 in
2841 5508 2991 5552 utres
3026 5514 3193 5552 novos
3220 5500 3544 5554 mittendum

1939 5590 2043 5642 cst,
2082 5590 2136 5635 et
2164 5593 2392 5654 utraque
2423 5601 2840 5644 conservantur.
2881 5591 2943 5644 Et
3002 5607 3160 5646 nemo
3201 5594 3289 5661 qui
3333 5591 3536 5647 biberit

1949 5685 2120 5740 vetus,
2157 5679 2340 5733 statim
2379 5681 2488 5735 vult
2532 5698 2730 5739 novum
2765 5703 2776 5749 ;
2816 5687 2944 5741 dicit
2979 5689 3159 5742 cnim:
3226 5685 3392 5741 Vetus
3434 5701 3545 5742 me-
