4256 6432
739 388 851 450 ’167-

1660 385 2243 448 TIIEOPIIYLACTI
2279 382 2695 447 BULGARI£
2731 380 3088 442 ARCHIEP.

3892 364 4013 431 1'88

745 505 850 556 lius
889 509 990 555 est.
1033 517 1049 551 ι
1110 497 1356 551 Diximus
1387 498 1449 548 de
1508 498 1591 550 bis
1623 498 1674 548 iu
1734 497 2007 556 Mattlmro,
2076 505 2132 550 et
2163 509 2310 551 nunc
2336 498 2426 558 At

2336 498 2386 558 Α
2413 493 2587 554 οὐδεὶς
2621 492 2762 543 πιὼν
2799 489 3050 552 παλαιὸν,
3082 483 3287 545 εὐθέως
3314 481 3454 536 θέλει
3487 480 3629 543 νέον,
3694 476 3846 543 λέγει
3873 477 4014 543 γὰρ

747 594 986 645 dicemus
1018 587 1368 641 succinctius.
1396 586 1685 654 Apostolus
1716 598 1867 639 vorat
1903 587 2042 639 ﬁlios
2070 588 2316 640 thalami.

749 683 1020 734 Adventus
1037 678 1180 731 enim
1217 676 1424 729 Domini
1453 677 1781 731 assimilatur
1812 678 2036 746 nuptiis.
2075 692 2137 730 eo
2169 678 2313 744 quod

750 768 1046 825 Eeclesiam
1100 770 1150 820 iu
1192 783 1441 834 sponsam
1489 769 1724 821 duxerit.
1781 768 2014 821 Proinde
2048 767 2320 834 apos'olos

749 863 985 931 ieiunare
1016 876 1117 912 non
1165 861 1446 926 oportebat
1499 874 1514 909 :
1579 859 1828 927 discipuli
1884 869 2060 912 autem
2093 858 2320 913 Joannis

746 955 1017 1008 debebant
1038 952 1305 1018 jejunare,
1339 952 1592 1001 nimirum
1621 952 1746 1019 quia
1776 951 2029 1004 virtutem
2065 951 2322 1018 magister

748 1047 960 1099 illorum
990 1042 1171 1095 labore
1197 1042 1437 1108 parabat.
1475 1039 1629 1095 Venit
1660 1045 1828 1102 enim,
1863 1043 2058 1110 inquit,
2083 1041 2321 1096 Joannes

750 1151 921 1204 neque
976 1137 1282 1198 comedens,
1336 1140 1509 1202 neque
1565 1133 1728 1202 309
1777 1133 1982 1187 bibens.
2053 1131 2311 1199 Discipuli

749 1241 928 1282 autem
962 1229 1062 1280 mei
1091 1229 1178 1296 qui
1202 1242 1410 1281 mecum
1441 1238 1608 1295 agunt
1634 1227 1792 1280 veluti
1831 1241 1952 1278 cum
1994 1227 2166 1278 Verbo
2203 1224 2319 1287 Dei,

750 1336 855 1374 non
908 1322 1147 1388 indigent
1197 1334 1338 1372 nunc
1391 1318 1577 1386 jejunii
1634 1318 1914 1370 utilitate:
1958 1315 2215 1384 quoniam
2256 1330 2320 1369 ex

751 1429 865 1465 mea
909 1409 1314 1466 conversatione
1345 1413 1574 1478 gratiam
1617 1407 1893 1462 consecuti
1945 1415 2090 1470 sunt,
2147 1416 2200 1459 et
2232 1421 2326 1474 per

751 1523 836 1559 me
861 1506 1253 1559 custodiuntur.
1291 1503 1394 1558 Ubi
1436 1511 1616 1554 autem
1649 1515 1749 1568 ego
1787 1507 2097 1566 assumptus
2145 1499 2320 1561 fuero,

752 1607 806 1650 et
845 1599 946 1665 ipsi
967 1596 1030 1651 ad
1073 1596 1472 1663 prmdicaudum
1512 1591 1662 1646 missi
1714 1591 1934 1656 fuerint,
1963 1600 2090 1642 tunc
2121 1588 2327 1656 etjeju-

753 1689 978 1748 nabunt,
1023 1697 1076 1740 et
1127 1687 1378 1748 orabunt,
1434 1695 1618 1754 utpote
1667 1684 1731 1738 ad
1762 1695 1966 1752 magna
2024 1681 2323 1736 certamina

752 1795 872 1833 sese
930 1788 1316 1849 praeparantes.
1354 1779 1446 1832 Vel
1489 1778 1652 1830 etiam
1684 1776 1856 1828 aliter.
1895 1773 2050 1826 Nunc
2083 1787 2205 1826 cum
2238 1772 2323 1824 iu-

2430 585 2491 638 Ὀ
2525 583 2750 645 παλαιὸς
2783 580 3146 652 χρηστότερός
3191 578 3392 628 ἐστιν.»
3429 574 3670 642 Εἴπομεν
3719 572 3848 639 περὶ
3884 569 3986 620 τού

2431 697 2529 732 των
2558 681 2614 731 ἐν
2666 675 2746 745 τῷ
2782 675 2924 727 κατὰ
2956 670 3256 726 Ματθαῖον.
3315 667 3427 718 Καὶ
3476 664 3571 716 νῦν
3598 664 3656 715 δέ
3708 677 4011 727 συντετμν.

2425 771 2598 838 μένως
2623 767 2877 838 ἐροῦμεν,
2920 767 3002 818 ὃτι
3024 763 3148 824 τοὺς
3173 757 3508 817 ἀποστόλους
3535 753 3684 816 υἱοὺς
3716 752 4016 822 νυμφῶνοέ

2421 860 2696 930 ὀνομάζει.
2740 859 2805 912 Ἤ
2831 858 2940 927 γάρ
2964 856 3057 909 τοῦ
3091 852 3298 922 Κυρίου
3341 847 3620 918 παρουσία
3669 846 3834 914 γάμῳ
3855 847 4021 896 ἀπει-

2424 954 2672 1016 κάζεται.
2742 951 2886 1003 Διότι
2941 949 3040 1018 τὴν
3114 943 3442 1012 Ἐκκλησίαν
3525 939 4020 1009 μνηστευσάμενος

2422 1045 2684 1112 ἠγάγετο.
2734 1042 2809 1095 Οὐ
2838 1040 2920 1094 δεῖ
2949 1040 3130 1092 τοίνυν
3175 1037 3302 1100 τοὺς
3352 1032 3685 1093 ἀποστόλους
3724 1030 4022 1100 νηστεύειν

2425 1135 2541 1186 νῦν·
2578 1135 2628 1186 οῖ
2684 1133 2781 1203 μὲν
2832 1133 2943 1202 γάρ
2996 1129 3091 1183 τοῦ
3135 1129 3384 1182 Ἰωάννου
3444 1122 3687 1194 μαθηταὶ
3737 1121 4022 1188 ὀφείλουσι

2425 1226 2733 1292 νηστεύειν,
2760 1223 2856 1276 ac;
2921 1222 3067 1289 πόνῳ
3097 1221 3194 1272 καὶ
3229 1218 3460 1286 καμάτῳ
3495 1216 3594 1284 τὴν
3644 1215 3846 1282 ἀρετὴν
3878 1228 4023 1264 κατ-

2429 1317 2773 1385 ορθώσαντος
2833 1313 3159 1366 διδασκάλου
3194 1309 3395 1363 αὐτῶν.
3430 1303 3605 1359 Ἦλθε
3635 1305 3764 1371 γάρ.
3820 1303 4020 1370 φησὶν,

2437 1408 2714 1476 Ἰωάννης,
2772 1408 2908 1476 μήτε
2964 1405 3182 1469 ἐσθίων,
3227 1405 3363 1473 μήτε
3423 1401 3613 1453 πίνων.
3677 1399 3741 1451 Οἱ
3791 1397 3846 1448 δὲ
3878 1395 4022 1459 ἐμοὶ

2440 1501 2698 1568 μαθηταὶ.
2737 1499 2811 1560 ὼς
2839 1497 2916 1565 τῷ
2949 1497 3070 1565 Θεῷ
3100 1496 3257 1563 Λόγῳ
3286 1495 3407 1564 ἐμοὶ
3439 1493 3720 1552 συνόντες,
3773 1491 3833 1540 οὐ
3873 1487 4021 1558 χρῄ-
4073 1498 4076 1499 ⁷

2427 1593 2576 1655 ζουσι
2617 1593 2754 1651 τέως
2786 1592 2886 1657 τῆς
2917 1589 3025 1642 ἀπὸ
3054 1589 3152 1657 τῆς
3178 1587 3434 1656 νηστείας
3459 1583 3750 1652 ὠφελείας,
3783 1580 4025 1634 αὐτόθεν

2426 1681 2824 1753 χαριτωθέντες
2860 1681 2955 1733 καὶ
2993 1680 3392 1749 φυλαττόμενοι
3444 1678 3533 1730 ὑπ’
3566 1675 3724 1744 ἐμοῦ.
3761 1676 3932 1727 Ὅταν
3961 1673 4026 1726 δὲ

2429 1778 2540 1844 ἐγὼ
2577 1778 2675 1847 μὲν
2701 1775 3024 1845 ἀναληφθῶ,
3073 1775 3228 1827 αὐτοὶ
3281 1773 3336 1824 δὲ
3369 1772 3460 1822 ἐπὶ
3514 1772 3575 1822 τί,
3602 1772 3862 1838 κήρυγμα
3891 1783 4028 1819 στι-

755 1869 890 1922 lirtnl
934 1847 1079 1929 sunt,
1133 1879 1240 1922 eta
1268 1869 1474 1935 Spiritu
1515 1880 1704 1918 saneto
1760 1864 1996 1917 nondum
2057 1860 2321 1920 innovati,
2357 1847 2436 1922 Β]

2357 1847 2396 1901 Β
2427 1870 2582 1933 λῶσι,
2612 1870 2732 1922 τότε
2769 1870 2865 1923 καὶ
2911 1867 3267 1937 νηστεύσουσι
3319 1865 3413 1917 καὶ
3445 1861 3856 1930 προσεύξονται,
3909 1853 4013 1912 οἷα

752 1959 1031 2012 veteribus
1061 1968 1446 2023 comparantur
1469 1955 1679 2009 utribus
1702 1963 1754 2006 et
1779 1955 2100 2007 vestimento
2128 1951 2320 2012 veteri,

765 2050 904 2101 haud
933 2057 1147 2116 oportet
1175 2047 1297 2101 illos
1330 2045 1562 2111 graviori
1598 2045 1808 2098 vivendi
1855 2045 2064 2096 ratione
2113 2041 2326 2110 gravari

758 2152 812 2194 ct
846 2141 1084 2203 onerari,
1119 2140 1260 2192 sicut
1293 2153 1468 2206 neque
1514 2138 1680 2190 veteri
1711 2137 2036 2189 vestimento
2077 2149 2211 2187 nova
2237 2133 2331 2185 ad-

753 2234 911 2284 datur
955 2231 1287 2285 immissura.
1337 2229 1495 2282 Potes
1544 2243 1693 2289 sane,
1753 2238 1808 2280 ut
1866 2227 1998 2286 dixi,
2042 2242 2138 2292 per
2185 2236 2332 2277 utres

750 2333 963 2377 veteres
989 2322 1292 2387 intelligere
1327 2319 1618 2388 apostolos,
1645 2329 1830 2388 utpote
1861 2318 2126 2371 inﬁrmos.
2164 2317 2322 2369 Potes

751 2415 913 2467 etiam
957 2413 1258 2466 Pltaristcos
1325 2411 1649 2479 intelligere,
1700 2412 1792 2476 qui
1847 2409 2056 2462 utribus
2105 2409 2325 2462 assimi-

755 2504 934 2558 lantnr
969 2523 981 2558 :
1019 2506 1174 2574 quasi
1206 2505 1409 2559 diceret
1459 2501 1738 2556 Dominus.
1781 2499 1896 2554 Mea
1954 2501 2167 2569 quidem
2203 2503 2329 2552 doc-

755 2600 892 2650 trina
933 2601 1113 2650 vinum
1147 2608 1228 2650 est
1275 2612 1470 2650 novum
1503 2613 1514 2623 ·
1554 2610 1648 2648 vos
1673 2605 1851 2647 autem
1878 2610 1996 2647 cum
2023 2595 2144 2647 sitis
2179 2603 2328 2645 utres

756 2698 986 2749 veteres,
1024 2688 1150 2740 illud
1189 2703 1385 2754 cnpere
1407 2701 1511 2739 non
1548 2688 1805 2753 potesﬁs:
1843 2684 1936 2738 sed
1971 2685 2151 2737 vinum
2178 2699 2329 2740 vetus

755 2777 1021 2839 bibentes,
1058 2779 1157 2832 hoc
1185 2789 1266 2831 est
1303 2785 1541 2831 veterem
1575 2775 1936 2838 traditionem,
1973 2791 2169 2837 meam,
2203 2793 2324 2845 quae

755 2883 890 2921 nova
915 2877 1015 2930 est,
1045 2883 1148 2921 non
1182 2869 1368 2931 vultis,
1404 2869 1496 2921 sed
1530 2868 1709 2921 dicitis
1742 2884 1752 2917 :
1787 2864 1950 2920 Vetus
1989 2866 2193 2931 viuum,
2229 2868 2330 2924 hoc

752 2971 834 3012 est
881 2971 1031 3014 vetus
1056 2959 1485 3022 Testamentum,
1518 2961 1708 3015 melius
1738 2970 1841 3016 est.

2426 1963 2504 2022 εἰς
2531 1960 2748 2025 ἀγῶνας
2779 1958 3050 2027 μεγάλους
3077 1956 3456 2017 ἀποδυθέντες.
3490 1956 3597 2006 Καὶ
3625 1952 3796 2014 άλλως
3827 1951 3882 2004 δέ
3907 1950 4017 2002 νῦν

2427 2051 2677 2113 ἀσθενεῖς
2733 2050 2906 2110 ὄντες,
2957 2049 3052 2100 καὶ
3101 2050 3268 2115 μήπω
3312 2043 3684 2104 καινισθέντες
3745 2043 3848 2093 ὑπὸ
3917 2038 4026 2093 τοῦ

2430 2144 2771 2211 Πνεύματος,
2826 2142 3016 2202 ἀσκοῖς
3059 2139 3269 2191 ἐοίκασι
3327 2137 3583 2197 παλαιοῖς
3647 2134 3740 2186 καὶ
3809 2132 4028 2202 ίματίῳ

2437 2232 2675 2301 παλαιῷ.
2704 2233 2778 2284 Οὐ
2796 2232 2876 2282 δεῖ
2904 2229 2999 2282 οὖν
3025 2230 3210 2290 αὐτοῖς
3250 2227 3557 2298 βαρυτέραν
3581 2226 3705 2278 τινὰ
3731 2225 4025 2294 διαγωγὴν

2439 2323 2918 2392 ἐπιφορτισθῆναι,
2966 2321 3156 2389 ὥσπερ
3190 2320 3309 2372 οὐδὲ
3359 2319 3562 2388 ίματίῳ
3596 2317 3814 2397 παλαιῷ
3845 2315 4032 2366 ἐπιτί-

2433 2415 2584 2468 θεται
2619 2416 2739 2467 νέον
2791 2413 3090 2481 ἐπίδλημα.
3137 2411 3374 2463 Δύνασαι
3431 2410 3530 2476 μὲν
3576 2404 3697 2469 οὖν,
3745 2407 3818 2468 ὼς
3857 2407 4026 2474 ἔφην,

2439 2509 2565 2568 τοὺς
2613 2504 2944 2565 ἀποστόλους
2984 2501 3308 2555 ἐκλαόἐσθαι
3365 2499 3612 2562 ἐοικότας
3666 2500 3853 2558 ἀσκοῖς
3913 2515 4030 2549 πα-

2433 2599 2627 2660 λαιοῖς,
2653 2593 2742 2648 οἷα
2771 2596 2850 2648 ἐτι
2885 2595 3130 2654 ἀσθενεῖς
3167 2593 3348 2653 ὄντας.
3385 2590 3622 2644 Δύνασαι
3672 2590 3726 2642 δὲ
3759 2591 3853 2641 καὶ
3892 2593 4037 2656 τοὺς

2433 2689 2762 2759 Φαρισαίους
2788 2688 2980 2756 νοῆσαι
3023 2688 3230 2748 τούτοις
3254 2685 3707 2748 ἀπεικασθέντας,
3741 2683 4032 2752 μονονουχὶ

2433 2776 2683 2842 λέγοντος
2709 2777 2889 2838 αὐτοῖς
2925 2776 3018 2828 τοῦ
3051 2777 3278 2845 Κυρίου,
3302 2776 3380 2828 ὅτι
3422 2776 3486 2826 Ἠ
3522 2774 3618 2840 μὲν
3643 2773 3750 2842 ἐμὴ
3771 2773 4030 2825 διδασκα-

2435 2868 2525 2921 λία
2552 2865 2698 2932 οἶνός
2758 2871 2872 2921 ἐστι
2907 2869 3025 2932 νέος
3057 2886 3068 2896 '
3105 2868 3263 2937 ὑμεῖς
3295 2866 3350 2918 δὲ
3381 2868 3538 2918 ἀσκοὶ
3585 2866 3737 2928 ὄντες
3767 2865 4028 2925 παλαιοὶ,

2436 2965 2498 3016 οὑ
2522 2963 2752 3016 δύνασθε
2799 2962 3056 3028 δέξασθαι
3090 2962 3317 3032 ταύτην,
3362 2959 3499 3013 ἀλλά
3546 2960 3759 3020 πιόντες
3789 2959 3881 3008 τὸν
3923 2975 4033 3007 τια-

752 3053 902 3106 λαιὶν
935 3046 1095 3114 οἶνον,
1148 3053 1392 3104 τουτέστι
1423 3053 1521 3120 τὴν
1571 3052 1808 3105 παλαιάν
1847 3051 2169 3119 παράδοσιν,
2223 3053 2284 3104 ού
2321 3049 2502 3106 θέλετε
2564 3054 2664 3124 τὴν
2715 3055 2840 3107 νέαν
2902 3057 3000 3124 τὴν
3063 3054 3225 3123 ἐμὴν,
3296 3054 3432 3109 ἀλλὰ
3493 3053 3680 3120 λέγετε
3737 3051 3820 3104 ὅτι
3857 3052 3884 3104 ὁ
3916 3066 4037 3107 πα·-

753 3145 900 3206 λαιὸς
930 3141 1094 3209 οἶνος,
1128 3148 1405 3197 τουτέστιν
1451 3145 1722 3214 ἡΠαλαιά
1765 3145 2029 3213 Διαθήκη,
2069 3148 2410 3216 χρηστοτέρα
2452 3147 2625 3201 ἐστίν.

1356 3257 1395 3310 (2
1418 3256 1582 3310 \l’UT
1648 3254 1732 3308 Vl.

755 3372 831 3426 De
866 3373 1131 3437 discipulis
1184 3376 1235 3423 in
1278 3371 1506 3424 Subbnto
1559 3373 1724 3436 spicas
1776 3370 2107 3424 vellentibus.
2150 3371 2222 3424 De
2271 3388 2329 3424 eo

824 3459 911 3508 qut
946 3446 1152 3492 aridum
1179 3443 1392 3492 Imbrbnt
1439 3458 1670 3492 mnuum.
1711 3441 1780 3492 De
1816 3443 2063 3493 electione
2119 3453 2330 3504 aposto-

825 3513 1016 3562 lorum.
1055 3513 1125 3561 De
1168 3512 1602 3564 brutituttinilms.
1641 3511 1790 3574 Quod
1819 3523 2051 3577 Oportent
2083 3513 2324 3564 inimicos

822 3583 1056 3649 diligere.
1088 3581 1159 3631 De
1202 3600 1299 3633 non
1337 3583 1693 3633 contendendo
1730 3598 1846 3633 cum
1885 3586 2145 3647 proximo.
2179 3582 2330 3645 Quod

825 3653 1079 3704 neminem
1113 3653 1259 3704 liceat
1284 3653 1551 3719 judicare.

831 3892 989 3946 νειις.
1016 3893 1127 3946 1-5.
1161 3912 1176 3943 ι
1211 3895 1416 3947 Accidit
1449 3903 1622 3947 autem
1655 3905 1710 3947 ut
1747 3899 1794 3948 in
1828 3896 2062 3950 Saliltalo
2092 3900 2330 3952 secundo

754 3989 927 4050 primo
970 3985 1222 4036 transiret
1258 3999 1351 4051 per
1375 3997 1510 4047 satu,
1548 4001 1609 4037 ac
1648 3987 1911 4040 VL‘iiC‘ilalll
1941 3988 2189 4054 discipuli
2219 3990 2332 4055 ejus

753 4077 946 4140 Spit'as,
987 4077 1327 4142 edebantque
1379 4076 1745 4132 confricantes
1799 4080 2065 4132 manibus.
2095 4078 2324 4145 Quidam

754 4173 930 4217 autem
987 4165 1379 4218 lerismorum
1445 4166 1694 4219 dicebant
1750 4157 1856 4219 illis
1905 4186 1916 4220 :
1961 4169 2100 4233 Quid
2157 4169 2332 4223 facitis

754 4257 898 4322 quod
937 4273 1038 4310 non
1079 4259 1236 4310 liceat
1281 4259 1457 4311 facere
1498 4261 1547 4311 iu
1574 4258 1856 4313 Salibatis?
1890 4260 1954 4312 Et
1996 4262 2331 4330 respondens

751 4345 910 4400 Jcsus
941 4350 1003 4400 ad
1047 4365 1140 4402 eus
1169 4350 1342 4402 dixit:
1385 4349 1460 4402 Ne
1508 4351 1608 4404 hoc
1655 4354 1869 4418 quidem
1926 4354 2134 4423 legistis
2188 4355 2328 4422 quod

753 4441 878 4493 frcit
908 4440 1072 4493 David
1095 4456 1214 4495 cum
1242 4443 1500 4496 esurissct
1534 4443 1665 4510 ipse,
1693 4453 1744 4496 et
1765 4446 1853 4512 qui
1879 4461 2000 4498 cum
2033 4447 2121 4497 illo
2144 4447 2331 4499 erant"

753 4531 1038 4595 Quomodo
1075 4533 1294 4586 intravit
1330 4534 1380 4585 in
1415 4535 1630 4587 domum
1669 4536 1781 4599 Dei,
1834 4546 1888 4589 et
1937 4552 2102 4604 panes
2131 4554 2328 4606 propo-

3042 3261 3294 3315 ΚΕΦΑΛ.
3335 3259 3425 3327 ς’.

2442 3373 2576 3440 Περὶ
2600 3372 2717 3424 τῶν
2738 3373 3016 3440 μαθητῶν
3040 3377 3145 3428 τοῦ
3186 3375 3448 3443 Χριστοῦ
3485 3375 3553 3427 ἐν
3593 3373 3871 3435 Σαϐϐάτῳ
3909 3391 4007 3426 tu

2510 3444 2746 3513 λόντων
2779 3448 2921 3508 τοὺς
2956 3444 3249 3513 στάχυας.
3287 3447 3424 3512 Περὶ
3480 3445 3583 3498 τοῦ
3617 3444 3813 3506 ξηρὰν
3846 3445 3915 3510 ἐκ
3931 3462 4032 3495 or-

2512 3529 2614 3575 τος
2643 3512 2756 3577 τὴν
2783 3513 2965 3580 χεῖρα.
3005 3515 3143 3581 Περὶ
3176 3514 3285 3577 τῆς
3318 3515 3437 3567 τῶν
3461 3516 3829 3568 ἀποστόλων
3851 3516 4031 3565 ἐκλο-

2513 3581 2644 3648 γῆς.
2670 3587 2802 3648 Περὶ
2837 3583 2953 3635 τῶν
2970 3585 3384 3652 ιιακαρισμῶν.
3417 3586 3552 3648 Περὶ
3582 3586 3690 3636 τοῦ
3716 3585 4029 3650 φιλεῖσθαι

2514 3653 2654 3716 τοὺς
2690 3653 2964 3719 ἐχθρούς.
3002 3658 3135 3719 Περὶ
3176 3654 3281 3706 τοῦ
3316 3656 3460 3719 πρὸς
3499 3655 3607 3707 τὸν
3647 3657 3925 3718 πλησίοι·
3950 3653 4029 3721 μή

2510 3723 2897 3789 φιλονεικεῖν.
2943 3726 3075 3790 Περὶ
3124 3725 3230 3776 τοῦ
3269 3725 3354 3792 μὴ
3426 3724 3554 3776 δεῖν
3586 3727 3692 3775 τὸν
3742 3726 4017 3790 πλησίον

2511 3793 2752 3857 κρίνειν.

2515 3922 2533 3954 ι
2579 3904 2823 3968 Ἐγένετο
2864 3904 2920 3955 δὲ
2954 3907 3009 3954 ἐν
3053 3904 3317 3972 Σαὸὀατῳ
3358 3904 3792 3975 δευτεροπρώτῳ
3844 3906 4034 3958 διαπο-

2443 3990 2696 4058 ρεύεσθαι
2735 3991 2894 4042 αὑτὸν
2927 3991 3014 4043 διὰ
3067 3991 3174 4042 τῶν
3231 3994 3542 4062 σπορίμων.
3583 3995 3694 4046 Καὶ
3743 3995 3954 4048 ἔτιλλον
3984 3998 4030 4048 οῖ

2444 4083 2684 4150 μαθηταὶ
2727 4082 2893 4134 αὑτοῦ
2926 4084 3051 4144 τοὺς
3087 4083 3352 4152 στάχυας,
3395 4088 3487 4137 καὶ
3521 4086 3710 4156 ἢσθιον
3750 4086 4031 4156 ψώχοντες

2439 4178 2557 4234 ταῖς
2591 4174 2765 4244 χερσί.
2799 4175 2954 4238 Τινὲς
2985 4175 3039 4229 δέ
3073 4175 3181 4228 τῶν
3226 4178 3539 4248 Φαρισαίων
3591 4175 3748 4231 εἷπον
3799 4179 3987 4242 αὐτοῖς
4014 4194 4028 4208 ⁸

2441 4266 2506 4318 Τί
2539 4269 2741 4318 ποιεῖτε
2774 4266 2801 4317 ὃ
2829 4269 2926 4318 οὐκ
2963 4267 3142 4331 ἔξεστι
3180 4271 3354 4320 ποιεῖν
3382 4273 3438 4321 ἐν
3474 4272 3588 4331 τοῖς
3614 4269 3892 4331 Σάϐϐασις
3925 4271 4031 4323 Καὶ

2442 4358 2756 4427 ἀποκριθεὶς
2783 4358 2914 4425 πρὸς
2938 4360 3132 4422 αὐτοὺς
3163 4357 3314 4412 εἶπεν
3345 4361 3373 4412 ὁ
3418 4361 3628 4431 Ἰησοῦς
3656 4377 3670 4390 °
3700 4363 3838 4415 Οὐδὲ
3873 4361 4032 4417 τοῦτο

2440 4449 2710 4515 ἀνέγνωτε
2759 4451 2786 4502 ὃ
2834 4451 3056 4518 ἐποίησε
3092 4452 3278 4515 Δαυῒδ,
3313 4453 3476 4506 ὁπότε
3513 4455 3805 4506 ἐπείνασεν
3869 4455 4031 4519 αὐτὸς

2440 4540 2534 4591 καὶ
2561 4542 2608 4591 oi
2643 4541 2762 4609 μετ’
2785 4541 2950 4593 αὑτοῦ
2990 4542 3163 4604 ὄντες,
3220 4544 3295 4606 ὡς
3324 4544 3578 4613 εἰσῆλθεν
3612 4546 3691 4607 εἰς
3723 4545 3814 4597 τὸν
3875 4541 4029 4598 οἷκον

754 4622 970 4675 sitionis
1026 4623 1275 4690 sumpsit,
1338 4624 1578 4692 editque,
1618 4640 1679 4677 ac
1727 4596 1877 4679 dedit
1921 4596 2083 4680 etiam
2119 4596 2201 4683 liis
2232 4596 2330 4698 ‘qui
2361 4596 2414 4654 D

2361 4596 2414 4654 D
2441 4633 2532 4684 τοῦ
2565 4631 2722 4693 Θεοῦ,
2764 4634 2855 4683 καὶ
2908 4635 3034 4695 τοὺς
3084 4634 3284 4702 ἄρτους
3316 4635 3416 4702 τῆς
3437 4596 3448 4613 ι
3473 4636 3786 4707 προθέσεως
3846 4634 4027 4690 λαϐὼν

752 4731 934 4770 sucum
969 4725 1118 4770 erant
1147 4733 1160 4768 :
1197 4731 1330 4781 quos
1366 4733 1469 4769 non
1504 4718 1628 4769 licet
1655 4718 1815 4772 edere
1845 4718 1949 4772 nisi
1991 4728 2194 4774 tantum
2242 4739 2330 4776 sa-

751 4809 1102 4862 certlotibus?
1133 4809 1191 4860 Et
1218 4801 1432 4863 dicebat
1455 4809 1595 4861 illis:
1631 4811 1889 4863 Dominus
1920 4821 2002 4865 est
2040 4811 2204 4866 Filius
2235 4815 2336 4867 lio-

750 4903 913 4953 minis
940 4904 1100 4954 etiam
1138 4902 1379 4956 Sabbati.
1426 4923 1442 4952 υ
1482 4902 1649 4956 Judri
1684 4917 1844 4956 oinue
1881 4904 2079 4957 l’estum
2115 4905 2330 4962 Sabba-

751 5002 864 5044 tum
914 4994 1287 5048 nominabant.
1345 4995 1642 5049 Sabbatum
1702 4998 1845 5050 enim
1897 4998 2055 5066 quies
2109 4997 2326 5051 dicitur.

753 5087 908 5156 Sn-pe
972 5088 1138 5158 igitur
1182 5090 1506 5162 occurrebat
1569 5089 1766 5143 festum
1803 5091 1856 5143 in
1908 5091 2233 5156 Parasccve,
2275 5101 2328 5146 et

750 5181 1015 5235 vocabant
1077 5180 1428 5234 Parascevem
1480 5180 1771 5235 Sabbatum
1827 5194 2048 5253 propter
2078 5184 2324 5239 festum:

751 5276 942 5328 deinde
1003 5275 1145 5344 quod
1193 5275 1413 5345 proprie
1471 5286 1552 5329 est
1603 5274 1922 5342 Sabbatum,
1976 5279 2329 5334 nominabant

751 5367 1244 5436 secundoprimum,
1281 5385 1347 5424 eo
1377 5373 1522 5439 quod
1559 5382 1822 5441 sequatur
1863 5372 2060 5428 festum
2089 5384 2142 5428 et
2174 5374 2326 5427 Sab—

753 5460 936 5510 lintum
958 5458 1100 5526 quod
1123 5472 1495 5526 praeesserat.
1530 5462 1771 5528 Contigit
1795 5463 1960 5532 igitur
1979 5475 2101 5518 tunc
2123 5463 2329 5534 aliquid

753 5550 889 5605 tale:
930 5559 983 5604 et
1021 5549 1314 5604 Sabbalum
1343 5553 1470 5606 illud
1501 5555 1797 5608 vocabatur
1829 5557 2328 5627 secundoprimum.

751 5643 924 5710 Atque
955 5659 1074 5697 cum
1107 5642 1361 5698 Pltarisazi
1422 5646 1719 5716 discipulos
1748 5650 2043 5717 carpebant
2095 5654 2237 5718 quod
2276 5651 2328 5704 in

753 5735 994 5790 Sabbato
1047 5738 1405 5793 comedebaut
1477 5740 1792 5803 evelleutes,
1865 5742 1965 5796 hoc
2011 5752 2092 5796 est
2140 5744 2336 5798 aristas

757 5828 1135 5885 abstralieutes
1174 5849 1186 5885 :
1221 5839 1272 5885 ct
1303 5828 1689 5896 confricantrs,
1729 5831 1827 5887 lior.
1858 5841 1939 5888 cst
1967 5841 2334 5889 tcrcntrsma-

2437 4723 2631 4791 ἐφαγε,
2682 4724 2778 4775 καὶ
2814 4723 2980 4776 ἔδωκε
3009 4727 3120 4786 τοῖς
3171 4727 3285 4794 μετ’
3326 4725 3515 4792 αὑτοῦ,
3571 4725 3663 4801 οὓς
3695 4729 3795 4780 οὐκ
3850 4728 4025 4795 ἔξεστι

2438 4818 2653 4884 φαγεῖν,
2692 4817 2739 4867 εί
2773 4816 2846 4886 μὴ
2873 4817 3064 4886 μόνους
3097 4820 3224 4880 τοὺς
3254 4819 3452 4890 ἱερεῖςς
3485 4820 3599 4872 Καὶ
3628 4821 3816 4888 ἔλεγεν
3846 4824 4029 4887 αὐτοῖς

2436 4909 2520 4961 ὅτι
2565 4907 2774 4978 Κύριός
2811 4910 2958 4960 ἐστιν
2982 4910 3010 4960 ὁ
3039 4909 3164 4972 Υἱὸς
3203 4911 3294 4964 τοῦ
3323 4911 3612 4984 ἀνθρώπου
3638 4912 3733 4966 καὶ
3764 4913 3859 4966 τοῦ
3894 4914 4028 4967 2:16-

2439 5000 2627 5053 ϐάτου.
2663 5020 2680 5051 ι
2729 5002 2793 5052 Ol
2836 5001 3084 5056 Ἰουδαῖοι
3128 5005 3310 5057 πᾶσαν
3348 5005 3544 5075 ἑορτὴν
3575 5006 3858 5060 Σάῶατον
3896 5007 4025 5059 ὡνό·

2443 5091 2612 5161 μαζον
2637 5110 2649 5124 ·
2681 5093 2990 5156 ἀνάπαυσις
3023 5093 3133 5160 γὰρ
3180 5095 3238 5148 τὸ
3269 5097 3568 5151 Σάϐϐατονο
3623 5097 3884 5164 πολλάκις
3939 5095 4029 5153 οὖν

2437 5185 2652 5254 ἀπήντα
2691 5185 2723 5253 ἡ
2781 5185 2941 5255 ἑορτὴ
2995 5188 3054 5239 ἐν
3096 5188 3454 5259 Παρασκευῇ,
3492 5190 3588 5244 καὶ
3624 5191 3858 5244 ἐκάλουν
3915 5192 4014 5261 τὴν

2437 5276 2799 5348 Παρασκευὴν
2851 5271 3128 5332 Σάσὸατον
3169 5280 3258 5333 διὰ
3299 5280 3397 5351 τὴν
3431 5282 3645 5350 ἑορτὴν,
3677 5277 3801 5337 εἶτα
3835 5283 3895 5337 τὸ
3935 5301 4028 5336 κυ-

2437 5370 2566 5437 ρίως
2604 5370 2883 5423 Σάϐὗατον
2932 5371 3218 5441 ὠνόμαζον
3265 5373 3728 5442 δευτερόπρωτον,
3777 5374 3857 5439 ὥς
3905 5374 4025 5429 δεύ-

2436 5477 2594 5531 τερον
2619 5462 2702 5527 ὃν,
2767 5467 3237 5536 προηγησαμένης
3279 5467 3447 5537 ἄλλης
3505 5467 3700 5538 ἐορτῆς
3760 5466 4024 5522 mw-

2440 5555 2602 5608 ϐάτου
2627 5597 2638 5610 .
2671 5557 2905 5627 Ἔτυχεν
2944 5554 3038 5612 οὖν
3089 5559 3183 5612 καὶ
3219 5559 3340 5611 τότε
3374 5561 3629 5628 γενέσθαι
3670 5561 3732 5614 τὸ
3761 5561 4020 5627 τοιοῦτον,

2440 5649 2536 5702 καὶ
2572 5650 2894 5719 ὠνομάζετο
2953 5651 3400 5722 δευτερόπρωτον
3431 5653 3492 5706 τὸ
3517 5655 3797 5708 Σάϐϐατον
3827 5658 4018 5708 ἐκεῖνο.

2440 5745 2800 5814 Αίτιωμένοις
2827 5745 2883 5798 δὲ
2932 5750 3045 5808 τοῖς
3097 5747 3410 5817 Φαρισαίοις
3472 5749 3597 5812 τοὺς
3635 5748 3908 5819 μαθητὰς,
3942 5747 4019 5801 δτι

2442 5835 2500 5888 ὲν
2535 5835 2611 5905 τῷ
2675 5837 2939 5909 Σαϐϐάτῳ
2971 5835 3156 5908 ἢσθιον
3194 5839 3484 5906 τίλλοντες,
3545 5843 3828 5897 τονττστιν
3889 5841 4011 5894 ἀνα-
