4256 6432
212 396 323 460 ’169

929 390 1384 453 ENARRATIO
1428 389 1506 450 IN
1546 389 2064 482 EV‘ANGELIUM
2104 388 2431 452 LUC.E.—
2455 387 2618 450 CAP.
2657 387 2758 450 VI.

3408 384 3518 448 770

213 510 460 573 σπῶντες
498 507 629 568 τοὺς
685 505 948 578 στάχυας,
986 509 1083 559 καὶ
1131 506 1433 575 ψώχοντες,
1470 505 1500 558 δ
1538 504 1655 558 ἐστι
1699 504 1808 574 τρί-

1923 506 2106 570 nibus,
2140 504 2362 559 adducit
2386 503 2654 558 Dominus
2687 501 2854 556 David
2881 502 3218 557 esurientem
3250 511 3305 556 et
3333 517 3520 558 come-

216 602 409 664 σοντες
445 603 568 664 ταῖς
590 600 767 671 χερσὶ,
802 603 1043 668 παράγει
1077 600 1106 650 ὁ
1128 597 1336 666 Κύριος
1363 596 1452 648 τὸν
1483 594 1664 658 Δαυῒδ,
1693 611 1810 646 πει-

210 693 455 746 νάσαντα
496 692 591 745 καὶ
616 689 862 758 φαγόντα
893 690 1018 750 τοὺς
1074 689 1275 757 ἄρτους
1305 688 1405 756 τῆς
1474 685 1804 755 προθέσεως.

211 783 437 852 Φεύγων
495 784 606 852 γὰρ
645 782 738 835 τὸν
776 780 972 844 Σαοὺλ,
1024 779 1364 850 παρεγένετο
1418 778 1496 841 είς
1546 776 1810 846 Ἀϐιάθαρ

208 879 301 929 τὸν
337 876 625 946 ἀρχιερέα,
652 874 746 924 καὶ
777 873 1061 941 ἠπάτησεν
1090 872 1251 924 αὑτὸν
1285 871 1482 939 λέγων,
1517 871 1597 931 ὡς
1645 870 1754 938 ἄρα
1783 872 1812 922 ὁ

212 969 471 1041 βααιλεὺς
533 965 854 1019 ἀποστέλλει
907 965 1070 1017 αὑτὸν
1130 965 1224 1015 ὲπί
1276 981 1330 1015 τι
1379 962 1811 1029 ἀναγκαιότατον

207 1063 396 1130 ἔργον,
431 1061 524 1113 καὶ
562 1059 628 1127 δὴ
666 1058 868 1110 πεινῶν
900 1058 1064 1109 ἔλαϐε
1117 1057 1214 1126 μὲν
1246 1055 1400 1127 παρὰ
1454 1056 1550 1107 τοῦ
1616 1056 1806 1126 ἱερέως

209 1152 457 1213 καὶτοὺς
504 1151 703 1220 ἄρτους
734 1152 832 1219 τῆς
860 1148 1200 1218 προθέσεως,
1260 1148 1352 1209 οὓς
1394 1148 1519 1200 καθ’
1570 1148 1810 1214 ἑκάστην

209 1244 575 1315 προετίθεσαν
604 1242 814 1296 δώδεκα
854 1243 946 1294 ἐπὶ
983 1246 1082 1310 τῆς
1118 1226 1267 1310 ἱερᾶς
1317 1242 1620 1310 τραπέζης,
1657 1241 1716 1304 ἒξ
1745 1241 1809 1293 ἐκ

207 1337 401 1403 δεξιῶν
423 1338 518 1388 καὶ
544 1335 604 1400 ἓξ
637 1334 696 1399 ἐξ
719 1333 1043 1403 εὐωνύμων.
1081 1333 1290 1385 Ἐλαϐε
1323 1333 1380 1384 δὲ
1414 1335 1508 1384 καὶ
1542 1334 1638 1403 τὴν
1674 1336 1810 1402 pop.-

208 1431 378 1498 φαίαν
398 1431 492 1482 τοῦ
528 1429 744 1482 Γολιάθ.
772 1427 990 1497 Ταύτην
1017 1426 1116 1497 τὴν
1152 1427 1395 1497 ἱστορίαν
1420 1428 1591 1480 εἰπὼν
1623 1429 1808 1489 αὐτοῖς

205 1520 234 1572 ό
266 1519 494 1590 Κύριος,
552 1521 811 1590 ἐντρέπει
862 1518 1062 1580 αὑτοὺς
1116 1518 1225 1571 ἀπὸ
1277 1519 1376 1586 τῆς
1409 1519 1662 1588 πράξεως
1713 1520 1808 1572 τοῦ

204 1614 390 1668 Δαυῖδ.
431 1613 493 1666 El
537 1613 646 1682 γάρ
686 1613 778 1664 τὸν
815 1611 998 1676 Δαυῒδ,
1057 1612 1215 1680 φησὶ,
1251 1614 1472 1679 τιμᾶτε,
1529 1612 1646 1670 πῶς
1680 1612 1809 1674 τοὺς

203 1707 375 1774 ἐμοὺς
411 1706 770 1775 κατακρίνετε
819 1703 1109 1773 μαθητάς;
1145 1703 1356 1765 Ἀλλως
1383 1719 1467 1766 τε,
1497 1705 1524 1755 ὁ
1549 1703 1679 1764 Υἱὸς
1711 1704 1804 1754 τοῦ

204 1797 524 1868 ἀνθρώπου,
565 1797 845 1850 τουτέστιν
887 1795 1021 1864 ἐγὼ,
1054 1795 1261 1866 Κύριός
1308 1797 1424 1866 είμι
1457 1794 1554 1848 τοῦ
1584 1793 1804 1849 Σαϐϐά-

1917 597 2134 650 dentem
2169 609 2336 664 panes
2362 593 2780 664 propositionis,
2803 607 2943 660 quos
2975 595 3357 661 proponebant
3382 611 3521 661 quo-

1918 690 2066 744 tidie.
2093 688 2487 759 Fugiensenim
2509 688 2675 758 310
2699 705 2727 739 a
2755 686 3237 740 Saulveniebatad
3255 686 3523 740 Abiathar

1917 783 2250 852 pontiﬁcem,
2276 793 2330 836 et
2363 784 2579 850 decepit
2603 797 2726 836 eum
2751 780 2908 849 quasi
2935 796 2963 833 a
3000 795 3124 850 rege
3151 782 3352 836 missus
3375 791 3521 835 esset

1918 877 1972 929 in
2004 891 2140 944 opus
2170 876 2441 944 quoddam
2472 876 2872 939 necessarium,
2930 884 2986 926 et
3024 875 3278 928 esuriens
3311 874 3520 940 accepit

1916 987 1942 1022 a
1978 971 2235 1037 pontiﬁce
2260 969 2426 1022 etiam
2471 983 2639 1037 panes
2667 967 3082 1036 pr0positionis,
3110 981 3345 1034 quorum
3380 968 3524 1020 duo-

1915 1060 2089 1111 decim
2122 1056 2369 1126 quotidie
2426 1072 2592 1123 super
2638 1071 2852 1111 sacram
2911 1071 3160 1108 mensam
3220 1057 3523 1125 ponebant,

1916 1165 2057 1203 sexa
2087 1150 2320 1212 dextris,
2346 1158 2402 1203 et
2432 1165 2529 1201 sex
2579 1165 2605 1201 a
2656 1148 2920 1202 sinistris.
2960 1148 3188 1216 Act-cpit
3228 1159 3410 1202 autem
3471 1156 3525 1203 et

1916 1242 2152 1309 gladium
2178 1241 2420 1296 Goliath.
2448 1241 2599 1296 lianc
2627 1243 2911 1296 historiam
2938 1243 3077 1294 dixit
3110 1242 3216 1296 illis
3240 1244 3520 1307 Dominus,

1913 1345 1968 1387 et
2017 1337 2271 1389 admonet
2313 1351 2406 1388 eos
2439 1351 2466 1388 a
2505 1334 2650 1389 facto
2709 1335 2901 1388 David.
2961 1333 3096 1387 Nam
3155 1337 3197 1388 si
3241 1337 3522 1400 DuVldPlll,

1915 1427 2114 1493 inquit,
2167 1429 2477 1490 honoratis,
2513 1427 2790 1496 quomodo
2819 1441 2969 1480 meos
3000 1429 3382 1480 condemnatis
3415 1430 3527 1481 dis-

1912 1519 2165 1588 cipulos?
2201 1517 2296 1573 Vel
2353 1521 2532 1583 aliter,
2590 1519 2762 1573 Filius
2817 1520 3077 1581 hominis,
3125 1521 3226 1573 hoc
3256 1531 3362 1583 est,
3399 1537 3524 1588 ego,

1913 1610 2177 1664 Dominus
2243 1625 2362 1663 sum
2419 1610 2669 1673 Sahbati,
2707 1621 2765 1663 ut
2811 1609 3078 1663 Conditor
3122 1621 3174 1663 et
3217 1610 3416 1664 Factor
3474 1624 3528 1665 ct

1918 1702 2245 1772 Legislator,
2280 1713 2605 1770 potestatem
2642 1703 2848 1758 habens
2903 1703 3145 1757 solvendi
3195 1703 3519 1760 Sabhatunt.

1915 1797 2082 1850 Filius
2118 1799 2264 1851 enim
2299 1797 2540 1850 hominis
2583 1812 2691 1849 non
2739 1797 2878 1850 alius
2937 1808 3161 1850 vocatus
3220 1810 3306 1852 est
3354 1815 3520 1866 quam

201 1855 326 1951 tot),
359 1887 434 1950 ὡς
463 1855 811 1957 Δημιουργὸς
842 1855 939 1940 καί
969 1855 1208 1957 Hormi};
1235 1855 1330 1939 καὶ
1364 1855 1685 1955 ’Δεσπότηᾳ
1712 1887 1808 1939 καὶ

1917 1888 2190 1952 Christus,
2216 1888 2305 1957 qni
2345 1903 2473 1940 cum
2525 1899 2669 1941 esset
2726 1887 2898 1942 Filius
2927 1887 3043 1950 Dei,
3078 1889 3404 1944 mirabiliter
3441 1892 3526 1944 di-

202 1980 548 2050 νομοθέτης,.
587 1980 840 2046 ἐξουσίαν
884 1980 1024 2050 ἔχων
1069 1980 1367 2033 καταλύειν
1399 1982 1459 2033 τὸ
1505 1981 1809 2036 Σάϐϐατον.

203 2073 334 2136 Υἱὸς
373 2074 482 2143 γάρ
514 2072 808 2143 ἀνθρώπου
864 2075 964 2126 οὑκ
1007 2073 1169 2137 ἄλλος
1211 2074 1278 2126 ἂν
1303 2073 1555 2144 κληθείη,
1583 2077 1631 2128 εἰ
1682 2076 1756 2146 μὴ
1784 2078 1811 2129 ό

203 2164 466 2236 Χριστὸς,
517 2163 575 2227 ὃς
618 2164 744 2226 Υἱὸς
777 2162 913 2217 Θεοῦ
938 2163 1035 2230 ὢν,
1072 2163 1398 2235 παραδόξως
1461 2165 1801 2234 κατηξίωσε,

202 2256 303 2312 καὶ
363 2256 489 2318 Υἱὸς
549 2256 846 2326 ἀνθρώπου
899 2256 970 2310 δι’
1023 2257 1354 2327 ἀνθρώπους
1391 2259 1651 2326 γενέσθαι
1707 2265 1804 2314 καὶ

199 2350 492 2422 κληθῆναι.
514 2351 587 2403 Τὸ
618 2352 727 2422 γάρ
755 2352 855 2420 ἐμὲ
887 2352 983 2404 καὶ
1017 2353 1078 2405 σὲ
1104 2352 1389 2406 καλεῖσθαι
1419 2353 1534 2405 υίὸν
1578 2355 1895 2428 ἀνθρώπου,

196 2441 520 2512 ἀνθρώπου,
562 2443 655 2494 τὸν
682 2443 1004 2511 παραδόξως
1036 2443 1520 2513 ἀνθρωπισθὲντα.

276 2558 296 2592 ι
349 2539 602 2606 Ἐγένετο
646 2537 701 2589 δὲ
747 2536 842 2590 καὶ
890 2538 947 2588 ἐν
999 2536 1173 2606 ἑτέρῳ
1217 2537 1485 2607 Σαϐϐάτῳ
1538 2538 1805 2592 εἰσελθεῖν

196 2632 366 2686 αὑτὸν
423 2633 504 2694 είς
541 2630 639 2701 τὴν
694 2630 1029 2700 Συναγωγὴν
1099 2631 1193 2682 καὶ
1243 2629 1542 2684 διδάσκειν.
1598 2633 1708 2685 Kal
1736 2629 1805 2703 ἦν

197 2728 322 2780 ἐκεῖ
343 2724 656 2795 ἄνθρωπος,
683 2725 777 2773 καὶ
816 2723 848 2791 ἡ
885 2722 1009 2792 χεὶρ
1037 2720 1263 2791 αὑτοῦὴ
1303 2721 1453 2787 δεξιά
1502 2718 1570 2792 ἦν
1629 2724 1791 2793 ξηρά.

197 2820 560 2887 Ιιαρετήροὺν
593 2815 646 2868 δὲ
689 2815 853 2867 αὑτὸν
883 2816 933 2867 οί
983 2815 1341 2886 Γραμματείς
1377 2815 1473 2868 καὶ
1539 2817 1589 2868 οἱ
1640 2817 1806 2885 Φαρι-

197 2914 368 2974 σαῖοι,
418 2912 466 2963 εί
515 2912 574 2963 ἐν
633 2909 710 2979 τῷ
761 2907 1028 2975 Σαϐϐάτῳ
1087 2907 1441 2977 θεραπεύσει,
1480 2909 1565 2962 ἵνα
1602 2909 1809 2980 εὕρωσι

197 3003 547 3075 κατηγορίαν
598 3003 717 3056 κατ’
759 2999 948 3054 αὑτοῦ.
1003 3000 1180 3064 Αὑτὸς
1211 3001 1266 3052 δὲ
1297 3000 1413 3070 ᾔδει
1461 3003 1591 3065 τοὺς
1623 3002 1806 3055 διαλο-

200 3096 446 3165 γισμοὺς
501 3095 706 3148 αὑτῶν.
766 3094 874 3147 Kal
905 3090 1027 3145 είπε
1086 3092 1161 3164 τῷ
1195 3092 1471 3164 ἀνθρώπῳ
1504 3094 1580 3165 τῷ
1633 3094 1806 3164 ξηράν

1915 1990 2113 2044 gnatus
2140 1991 2223 2035 est
2260 1979 2435 2033 Filius
2479 1981 2726 2035 hominis
2767 1993 2992 2050 pr0pter
3024 1983 3275 2037 homines
3316 1994 3371 2038 et
3409 1984 3524 2038 ﬁeri

1913 2083 1969 2128 et
1990 2075 2193 2128 vocari.
2229 2077 2295 2127 At
2325 2073 2471 2142 quod
2496 2088 2596 2143 ego
2618 2083 2673 2128 et
2724 2083 2781 2126 tu
2826 2076 3060 2130 dicimur
3091 2077 3236 2132 ﬁlius
3264 2077 3524 2138 hominis,

1914 2169 2052 2224 nihil
2089 2169 2236 2222 novi.
2275 2165 2432 2221 Illum
2477 2184 2660 2221 autem
2691 2168 2913 2236 dignum
2949 2180 3032 2222 est
3088 2172 3274 2225 vocari
3325 2168 3526 2224 Filium

1916 2263 2174 2326 hominis,
2213 2262 2304 2329 qui
2333 2263 2473 2315 miro
2512 2262 2674 2315 modo
2712 2260 2892 2316 factus
2932 2272 3016 2317 est
3048 2264 3233 2319 homo.

1953 2358 2108 2412 οὐδὲν
2163 2357 2376 2410 καινόν’
2447 2357 2659 2409 ἐκεῖνον
2732 2357 2790 2409 δὲ
2851 2356 3003 2421 ἀξιον
3032 2355 3322 2410 καλεῖσθαι
3393 2355 3526 2410 Υἱὸν

1991 2535 2155 2590 Vens.
2185 2535 2338 2588 (3—H.
2378 2553 2396 2587 ι
2441 2533 2668 2587 Factum
2706 2543 2788 2587 est
2818 2542 3001 2587 autem
3033 2535 3085 2587 in
3138 2534 3246 2587 alio
3280 2533 3527 2587 Sabbato

1919 2641 1973 2686 ut
2008 2631 2240 2684 intraret
2290 2629 2345 2682 in
2382 2628 2751 2697 SynagOQam,
2781 2642 2843 2679 ac
2876 2627 3122 2681 doceret.
3173 2628 3239 2680 Et
3269 2638 3390 2680 erat
3450 2628 3522 2681 ibi

1918 2727 2100 2788 homo,
2143 2731 2198 2776 et
2246 2736 2440 2776 manus
2469 2720 2585 2789 ejus
2621 2723 2813 2774 dextra
2845 2731 2962 2774 erat
3035 2722 3210 2773 arida.
3251 2718 3526 2774 Obseru-

1917 2818 2044 2871 baut
2076 2826 2257 2870 autem
2282 2830 2406 2870 eum
2437 2813 2646 2868 Scribat
2674 2829 2738 2869 ac
2772 2813 3030 2868 Pharisaei
3069 2829 3137 2867 an
3172 2813 3226 2866 in
3279 2813 3527 2867 Sabbato

1915 2920 2210 2964 sanaturus
2233 2919 2402 2970 esset,
2427 2916 2486 2961 ut
2517 2908 2831 2962 invenirent
2864 2909 3006 2961 unde
3030 2916 3358 2962 accusarent
3377 2923 3527 2960 eum.

1914 3002 2036 3070 Ipse
2067 3015 2196 3054 vero
2237 2999 2448 3053 sciebat
2480 2999 2845 3068 cngitationes
2877 3012 3091 3060 eoruut,
3129 3007 3183 3052 el
3210 2998 3288 3049 ait
3317 2997 3529 3050 homini

1911 3095 2002 3164 qui
2025 3094 2262 3148 habebnt
2285 3107 2506 3145 manum
2533 3090 2746 3144 aridam
2776 3109 2788 3143 :
2816 3090 3012 3160 Surge,
3044 3099 3098 3144 et
3122 3101 3204 3144 sla
3235 3092 3288 3145 in
3316 3093 3525 3145 medio.

197 3189 380 3258 ἔχοντι
401 3188 501 3258 τὴν
525 3189 685 3258 χεῖρα
714 3203 724 3214 ·
767 3188 1044 3255 ”Εγειραι,
1077 3185 1367 3254 καὶστῆοι
1411 3187 1491 3248 εἰς
1530 3185 1589 3238 τὸ
1617 3186 1808 3253 μέσον.

1921 3188 1983 3241 Ει
2014 3203 2242 3256 surgens
2275 3185 2446 3239 stetit.
2501 3184 2592 3238 Ait
2635 3184 2798 3251 igitur
2830 3184 2896 3237 ad
2933 3185 3055 3239 illos
3089 3183 3248 3239 Jesus
3285 3202 3298 3238 :
3343 3183 3521 3239 Inter—

211 3280 271 3333 '0
296 3280 350 3332 δὲ
401 3278 638 3339 ἀναστάς
666 3279 820 3346 ἔστη,
868 3274 1036 3328 Εἶπεν
1075 3272 1170 3328 οὖν
1209 3275 1237 3326 ὁ
1277 3276 1487 3345 Ἰησοῦς
1524 3278 1658 3347 πρὸς
1704 3277 1806 3329 αὐ-

199 3372 330 3431 τούς
365 3387 374 3397 ’
434 3370 803 3440 Ἐπερωτήσω
857 3369 1002 3439 ὑμᾶς
1042 3383 1117 3420 τι·
1172 3367 1351 3433 ἔξεστι
1386 3372 1500 3432 τοῖς
1532 3369 1807 3424 Σάϐϐασιν

195 3462 629 3533 ἀγαθοποιῆσαι,
654 3463 686 3532 ἢ
713 3463 1121 3532 κακοποιῆσαις
1155 3462 1336 3533 ψυχὴν
1371 3463 1567 3527 σῶσαι,
1597 3463 1629 3533 ἢ
1672 3465 1805 3515 άπο-

200 3557 391 3621 iisan;
437 3557 546 3609 Kal.
602 3554 1082 3627 περιϐλεψάμενος
1131 3558 1342 3615 πάντας
1373 3557 1598 3620 αὑτοὺς,
1646 3551 1805 3608 εἷπεν

198 3648 352 3717 αὑτῷ
376 3665 388 3677 ·
434 3647 717 3699 Ἔκτεινον
750 3646 846 3716 τὴν
877 3646 1036 3716 χεῖρά
1068 3663 1180 3700 σου.
1229 3645 1287 3699 Ὀ
1325 3647 1381 3700 δὲ
1433 3647 1680 3717 ἐποίησε,
1713 3647 1807 3699 καὶ

203 3738 633 3809 ἀποκατεστάθη
666 3742 698 3810 ἠ
741 3739 865 3809 χεὶρ
889 3739 1056 3793 αὑτοῦ
1082 3741 1245 3810 ὑγιὴς
1278 3740 1409 3810 ὡςὴ
1441 3739 1600 3809 άλλη.
1634 3739 1803 3792 Αὐτοὶ

203 3834 262 3887 δὲ
288 3834 640 3907 ἐπλήσθησαν
669 3838 879 3898 ἀνοίας,
906 3837 999 3886 καὶ
1026 3833 1306 3886 διελάλουν
1343 3835 1479 3902 πρὸς
1515 3832 1803 3903 ἀλλήλους,

205 3927 259 3981 τί
283 3926 350 3981 ἀν
391 3929 678 3997 ποιήσειαν
724 3927 804 3995 τῷ
849 3927 1051 3992 Ἰησοῦ.
1093 3945 1113 3978 ι
1146 3927 1289 3979 Ὅσα
1334 3926 1432 3997 μὲν
1465 3927 1697 3996 εἴπομεν
1747 3927 1806 3979 ἐν

200 4018 284 4091 τῷ
333 4036 478 4072 κατα
517 4019 822 4083 Ματθαῖον,
860 4020 1016 4088 δῆλα·
1051 4017 1146 4071 νῦν
1171 4017 1229 4071 δὲ
1265 4019 1385 4072 τόδε
1411 4018 1668 4089 λέγομεν,
1722 4019 1805 4071 ὅτι

202 4114 379 4185 ξηράν
412 4112 526 4182 ἔχει
563 4113 663 4181 τὴν
688 4115 867 4185 χεῖρα,
903 4112 958 4175 ὃς
988 4113 1049 4165 οὑ
1085 4115 1316 4183 πράττει
1339 4128 1391 4164 τι
1417 4113 1527 4164 τῶν
1550 4115 1649 4182 τῆς
1675 4112 1805 4182 ἀρε-

198 4207 303 4276 τῆς
340 4205 539 4276 ἔργων.
581 4205 646 4259 'H
684 4207 784 4277 μὲν
827 4207 934 4277 γάρ
967 4207 1088 4275 χεὶρ
1140 4205 1422 4275 ἐνεργείας
1450 4206 1704 4275 ὄργανον,
1746 4205 1805 4270 ὃς

202 4300 261 4353 δέ
297 4299 596 4369 ἐξήρανται
646 4299 875 4363 ταύτην,
939 4301 1104 4367 ἀργεῖ
1163 4299 1404 4361 πάντως.
1455 4298 1646 4362 Ὅστις
1713 4295 1807 4353 οὖν

206 4390 352 4444 θέλει
380 4390 710 4460 ὑγιασθῆναι
744 4390 841 4459 τὴν
877 4393 1055 4459 χεῖρα,
1094 4389 1150 4441 ἐν
1183 4390 1260 4458 τῷ
1299 4389 1567 4461 Σαϐϐάτῳ
1599 4389 1807 4460 ταύτην

205 4482 620 4552 ὑγιασθήσεται.
655 4478 782 4534 Οἷον
814 4483 865 4533 τί
889 4483 1054 4549 λέγω·
1095 4483 1208 4534 Οὑκ
1247 4481 1393 4534 ἐστιν
1427 4482 1726 4552 ἐνεργῆσαί
1754 4501 1803 4535 τι

203 4574 316 4627 τῶν
357 4574 456 4643 τῆς
485 4574 685 4643 ἀρετῆς
736 4573 939 4643 ἔργων,
978 4575 1074 4625 ἐὰν
1111 4573 1186 4644 μὴ
1217 4574 1402 4644 παυθῇ
1434 4591 1516 4636 τις
1549 4575 1660 4628 άπὸ
1705 4576 1802 4646 τῆς

204 4666 406 4729 κακίας
464 4666 753 4720 Ἔκκλινον
794 4668 1146 4738 γάρπρῶτον
1198 4668 1308 4721 ἀπὸ
1344 4667 1440 4721 τοῦ
1481 4670 1679 4731 κακοῦ,
1714 4669 1809 4722 καὶ

205 4762 332 4814 τότε
382 4759 611 4830 ποίησον
673 4759 735 4812 τὸ
791 4759 1020 4823 ἀγαθόν.
1064 4761 1235 4815 Ὅταν
1291 4757 1385 4816 οὖν
1443 4762 1804 4833 σαϐϐατίσῃς,

204 4845 513 4911 τουτέστιν,
543 4849 796 4918 ἀργήσῃς
822 4849 929 4901 ἀπὸ
950 4849 1060 4904 τῶν
1092 4850 1195 4918 τῆς
1233 4850 1434 4916 κακίας
1461 4851 1662 4923 ἔργων,
1683 4853 1806 4904 τότε

206 4940 450 5002 ἐκτενεῖς
489 4957 582 4992 σου
611 4943 709 5012 τὴν
735 4946 895 5013 χεῖρα
926 4944 1020 4995 ἐπὶ
1057 4943 1128 5004 τά
1151 4945 1248 5014 τῆς
1276 4945 1500 5015 ἀρετῆς,
1536 4948 1628 4998 καὶ
1665 4947 1806 4999 άποε

207 5032 617 5100 καταστήσεταί
661 5049 744 5084 σοι
781 5032 942 5104 αὕτη.
995 5033 1235 5098 Είκότως
1266 5035 1321 5087 δὲ
1346 5031 1468 5088 εἷπε
1497 5037 1582 5099 τὸ,
1625 5037 1800 5089 Ἀπο·

207 5125 546 5196 κατεστάθη.
579 5121 691 5179 Ἦν
723 5128 833 5196 γάρ
891 5129 980 5181 ὅτε
1033 5130 1065 5200 ἡ
1107 5127 1431 5200 ἀνθρωπίνη
1471 5129 1634 5198 φύσις
1689 5127 1802 5199 εἶχε

205 5218 305 5287 τὴν
369 5219 637 5290 ἐργασίαν
673 5219 768 5272 τοῦ
832 5221 1024 5286 καλοῦ,
1070 5223 1164 5274 καὶ
1205 5221 1303 5292 τὴν
1335 5223 1518 5292 χεῖρα,
1555 5222 1808 5275 τουτέστι

1915 3279 2119 3348 rogabo
2177 3295 2298 3345 vos,
2341 3287 2526 3332 utrum
2588 3276 2716 3329 licet
2768 3274 3027 3330 Sabhatis
3065 3276 3412 3344 benefacere,
3451 3294 3525 3332 au

1912 3373 2275 3427 malefncere?
2306 3375 2548 3427 animam
2585 3389 2830 3438 servare,
2883 3387 2952 3425 an
2990 3372 3264 3440 perdere?
3313 3370 3378 3424 Et
3411 3373 3520 3424 cir-

1912 3466 2247 3535 cumspectis
2270 3467 2526 3520 omnibus
2555 3466 2697 3520 dixit
2729 3464 2959 3528 homini,
3002 3463 3247 3518 Extende
3292 3480 3524 3517 manum

1914 3569 2083 3613 tuam.
2118 3559 2210 3611 llle
2239 3569 2421 3636 autem
2461 3559 2610 3623 fecit,
2648 3570 2705 3613 et
2731 3559 2984 3613 restituta
3039 3567 3123 3613 est
3183 3574 3380 3612 manus
3411 3558 3530 3626 ejus

1913 3667 2044 3706 sana
2071 3652 2216 3705 sicut
2245 3650 2436 3705 altera.
2481 3652 2586 3722 Ipsi
2621 3663 2803 3706 autem
2861 3651 3051 3720 repleti
3092 3661 3219 3706 sunt
3260 3653 3529 3717 amentia,

1909 3757 1964 3801 et
1989 3746 2443 3815 colloquebautur
2464 3746 2605 3799 inter
2627 3759 2750 3799 sese
2768 3744 3028 3813 quidnam
3055 3743 3302 3799 facerent
3318 3741 3468 3799 Jesu.
3503 3767 3521 3796 ο

1912 3842 2043 3908 Quae
2097 3840 2338 3895 diximus
2362 3840 2415 3893 in
2446 3838 2726 3900 Matthazo,
2787 3836 3081 3892 manifesta
3135 3848 3305 3892 sunt:
3377 3854 3526 3894 nunc

1913 3945 2097 3987 autem
2148 3933 2249 3986 hoc
2304 3932 2557 3997 dicimus,
2606 3930 2752 4000 quod
2810 3929 3022 3983 aridam
3069 3945 3292 3982 manum
3341 3930 3526 3991 habet,

1912 4026 2004 4093 qui
2031 4022 2181 4078 nulla
2205 4022 2469 4078 virtutum
2494 4037 2659 4091 opera
2685 4019 2836 4076 facit.
2865 4020 3059 4074 Manus
3088 4021 3234 4074 enim
3261 4023 3527 4091 operandi

1911 4132 2180 4187 organum
2231 4126 2316 4170 est
2373 4132 2388 4169 :
2437 4116 2522 4168 cui
2579 4125 2760 4168 autem
2795 4113 2880 4168 illa
2918 4114 3140 4176 arescit,
3188 4113 3232 4167 is
3290 4114 3525 4169 omnino

1910 4212 2120 4266 otiosus
2148 4220 2251 4265 est.
2290 4209 2347 4264 Si
2401 4209 2526 4278 quis
2577 4209 2742 4277 igitur
2793 4225 3014 4261 manum
3065 4206 3248 4260 sanari
3300 4207 3434 4273 vult,
3471 4207 3523 4259 iu

1915 4304 2158 4359 Sabbato
2187 4305 2334 4358 illam
2375 4304 2705 4357 sanctiticet.
2744 4301 2932 4370 Neque
2959 4302 3107 4355 enim
3163 4308 3344 4369 potest
3399 4303 3524 4369 quis

1913 4409 2080 4462 opera
2121 4395 2384 4447 virtutum
2421 4396 2626 4459 lacere,
2670 4393 2778 4447 nisi
2812 4392 2960 4461 prius
2994 4408 3021 4444 a
3072 4393 3280 4445 malitia
3321 4403 3524 4446 cesset.

1914 4485 2136 4540 Declina
2180 4487 2348 4552 enim,
2383 4486 2576 4555 inquit,
2642 4487 2819 4554 primo
2871 4500 2898 4537 a
2939 4486 3108 4548 malo,
3157 4495 3212 4539 et
3245 4494 3379 4539 tunc
3439 4483 3528 4539 l‘ac

1914 4581 2116 4634 bonum
2157 4579 2225 4632 ³¹,
2257 4579 2445 4648 Itaque
2479 4577 2700 4648 quando
2726 4577 3031 4631 Sabbatunt
3090 4578 3230 4645 agis,
3265 4579 3368 4631 hoc
3415 4587 3527 4638 est.

1913 4677 2124 4729 Otiosus
2157 4691 2216 4729 es
2250 4677 2317 4730 ab
2349 4675 2610 4745 operibus
2642 4674 2821 4738 malis,
2847 4681 2975 4726 tunc.
2998 4671 3269 4727 extendas
3303 4687 3526 4726 manum

1916 4767 1981 4820 ad
2024 4782 2189 4836 opera
2220 4770 2501 4832 virtutum,
2533 4775 2587 4820 et
2619 4767 2942 4821 restituetur
2993 4765 3137 4834 ipsa.
3204 4764 3271 4818 Et
3326 4765 3527 4818 merito

1914 4857 2073 4919 dixit,
2099 4859 2348 4911 restituta
2385 4869 2489 4912 est.
2525 4857 2651 4912 Fuit
2704 4859 2850 4913 enim
2889 4858 3116 4928 quando
3154 4858 3394 4912 humana
3427 4873 3524 4911 na-

1915 4959 2035 5004 tura
2070 4951 2308 5006 hahebat
2337 4953 2443 5004 vim
2481 4951 2745 5021 operandi
2783 4950 3013 5016 bonum,
3037 4966 3100 5005 ac
3133 4966 3383 5019 manum,
3423 4951 3526 5006 huc

1913 5053 1997 5098 est
2038 5046 2304 5113 cperandi
2349 5045 2673 5114 eﬂicaciam,
2737 5060 2973 5101 sanam:
3032 5047 3126 5101 sed
3164 5056 3521 5116 posteaquam

1918 5138 2129 5207 perdita
2158 5135 2284 5204 fuit,
2318 5139 2499 5208 gratia
2535 5139 2739 5194 Christi
2767 5141 2917 5194 illam
2951 5141 3154 5196 iterum
3191 5141 3416 5210 recepit,
3474 5149 3529 5194 et

1921 5227 1987 5281 ad
2023 5230 2263 5297 priorem
2288 5232 2582 5285 sanitatem
2625 5231 2881 5286 restituta
2906 5244 3014 5287 est.

205 5313 308 5383 τὴν
362 5314 723 5386 ἐνεργητικὴν
776 5305 1030 5389 δύναμιν,
1088 5319 1236 5387 ὑγιᾶ.
1313 5315 1447 5371 Είτα
1493 5319 1834 5390 ἀπολέσασα,
1871 5322 2056 5394 χάριτι
2106 5327 2346 5397 Χριστοῦ
2398 5327 2646 5383 ἀπέλαϐε
2711 5329 2964 5400 ταύτην,
3019 5330 3115 5382 καὶ
3165 5329 3525 5401 ἀποκατέστη

205 5408 289 5467 εἰς
317 5405 378 5457 τὺ
408 5405 602 5474 πρώην
627 5407 854 5474 ἀγαθόν.

286 5517 304 5549 ι
348 5499 596 5568 Ἐγένετο
642 5501 697 5553 δὲ
738 5504 797 5554 ἐν
843 5505 962 5565 ταῖς
998 5504 1238 5575 ἡμέραις
1267 5504 1522 5571 ταύταις,
1573 5505 1803 5577 ἐξῆλθεν

206 5593 288 5653 είς
325 5591 387 5642 τὸ
439 5592 564 5661 ὄρος
619 5594 1050 5662 προσεύξασθαι.
1090 5597 1200 5648 Καὶ
1251 5593 1320 5668 ἦν
1365 5597 1803 5670 διανυκτερεύων

203 5686 263 5739 ἰν
301 5689 367 5756 τῇ
408 5689 690 5756 προσευχῇ
737 5688 831 5742 τοῦ
865 5688 1021 5744 Θεοῦ.
1062 5689 1174 5744 Kal
1197 5690 1285 5745 ὅτε
1328 5692 1548 5762 ἐγένετο
1591 5693 1796 5764 ἡμέρα,

284 5844 330 5874 ³⁸
368 5840 511 5900 Psal.
556 5858 742 5910 xxx",
766 5842 857 5898 27.

1992 5510 2160 5565 Vens.
2191 5509 2386 5563 12-19.
2436 5527 2452 5558 ι
2505 5506 2732 5562 Factum
2765 5517 2848 5563 est
2879 5517 3062 5562 autem
3096 5509 3148 5562 in
3175 5507 3282 5563 illis
3307 5509 3523 5570 diebus.

1913 5600 2048 5656 exiit
2108 5601 2159 5652 in
2194 5611 2435 5654 montem
2481 5602 2545 5652 ad
2581 5599 2876 5665 orandum,
2912 5609 3145 5671 eratque
3193 5613 3526 5671 pernoctans

1917 5694 1969 5748 in
2003 5693 2398 5762 deprecatione
2429 5693 2545 5747 Dei.
2582 5693 2649 5747 Et
2678 5709 2803 5748 cum
2837 5695 2954 5751 dies
3009 5693 3186 5751 factus
3230 5706 3399 5764 esset,
3431 5710 3525 5752 vo-
