4256 6432
767 403 866 466 771

1679 393 1778 453 ΤΗ
1791 388 2258 452 EOPHYLACTI
2306 379 2716 446 BULGAerE
2759 377 3112 440 ARCHIEP.

3915 371 4029 436 ⁸172

765 512 912 565 cavit
937 507 1233 578 discipulos
1283 519 1431 567 suos,
1465 515 1520 556 et
1565 503 1728 570 elegit
1779 501 2060 554 duodecim
2097 514 2164 552 ex
2199 499 2329 567 ipsis
2359 507 2400 557 Α
2432 513 2446 545 ιι

2359 507 2400 557 Α
2432 496 2825 562 προσεφώνησε
2855 489 2981 551 τοὺς
3023 486 3274 557 μαθητὰς
3304 483 3490 539 αὐτοῦ.
3526 485 3637 539 Καὶ
3654 483 4026 552 ἐκλεξάμενος

758 618 896 669 quos
918 613 974 656 et
1015 597 1288 671 apostolos
1329 594 1669 649 nominavit:
1738 592 2040 652 Simonem,
2078 605 2238 660 quem
2281 599 2336 643 et

759 695 975 750 Petrum
1012 688 1330 746 nominavit,
1365 697 1418 739 et
1444 684 1713 736 Andream
1747 683 1968 733 fratrem
2003 681 2140 749 ejus,
2172 679 2330 750 311

763 777 1395 840 lacobumetJoannetn,
1430 774 1732 840 Philippmn
1761 781 1816 824 et
1851 770 2328 830 Bartholomaanm,

762 873 1072 925 Mattheum
1117 878 1172 920 et
1199 866 1484 926 Thomam,
1507 862 1771 916 Jacobum
1829 860 2034 929 Alphzei
2065 861 2236 913 ﬁliuni
2279 869 2334 912 et

761 965 1064 1024 Simonem,
1125 961 1214 1028 qui
1268 966 1492 1011 vocatur
1534 957 1767 1016 Zelotes,
1804 954 1996 1030 JutLam
2039 951 2225 1006 Jacobi
2285 961 2338 1005 et

759 1053 950 1108 Judam
983 1051 1317 1112 lscariotem,
1359 1051 1446 1115 qui
1501 1047 1638 1101 idem
1678 1046 1778 1100 fuit
1803 1046 2070 1115 proditor.
2117 1046 2182 1099 Et
2213 1045 2336 1097 des-

767 1146 1010 1198 cendens
1033 1157 1154 1196 cum
1193 1141 1297 1194 illis
1324 1142 1473 1193 stetit
1503 1140 1555 1192 in
1582 1140 1699 1194 loco
1726 1139 2042 1207 campestri,
2075 1138 2338 1204 turbaque

762 1235 1147 1302 discipulorum
1186 1233 1323 1299 ejus,
1355 1242 1408 1286 et
1460 1231 1748 1285 multitudo
1785 1234 2002 1299 copiosa
2052 1231 2222 1298 plebis
2271 1243 2334 1280 ex

765 1327 910 1380 omni
937 1325 1118 1379 Judaza
1155 1335 1209 1378 et
1234 1323 1592 1386 Hierusalem,
1644 1335 1698 1377 et
1741 1337 1770 1376 a
1801 1324 2075 1375 maritima
2097 1320 2241 1391 Tyro
2287 1328 2341 1373 et

766 1421 999 1474 Sidone:
1033 1419 1122 1485 qui
1159 1427 1418 1470 venerant
1446 1425 1502 1467 ttt
1538 1417 1786 1467 audirent
1833 1429 1978 1477 eum,
2000 1424 2052 1465 et
2081 1427 2340 1467 sanaren-

767 1520 854 1564 tur
884 1526 909 1562 a
956 1512 1161 1562 morbis
1196 1509 1341 1571 suis;
1393 1516 1446 1560 et
1473 1508 1562 1574 qui
1614 1507 2008 1558 vexabantura
2060 1503 2340 1572 spiritibus

766 1603 1056 1654 immundis
1084 1613 1134 1653 et
1163 1600 1518 1652 sanabantur.
1563 1596 1629 1650 Et
1660 1597 1836 1650 omnis
1870 1596 2022 1648 turba
2061 1594 2343 1663 qnzcrebat

764 1708 884 1745 eum
913 1699 1155 1759 tangere,
1207 1691 1334 1757 quia
1379 1688 1552 1741 virtus
1582 1689 1649 1740 ab
1691 1687 1782 1738 illo
1813 1686 1995 1738 exibat
2041 1687 2341 1739 etsanabat

765 1795 972 1834 omnes.
1015 1799 1032 1830 ›
1057 1780 1316 1833 Dominus
1342 1781 1499 1832 docet
1521 1793 1624 1831 nos
1654 1786 1712 1830 ut
1734 1792 1895 1844 opera
1918 1792 2013 1828 sua
2041 1776 2334 1837 imitemur,

2434 583 2529 637 ἀπ’
2560 581 2741 635 αὐτῶν
2771 579 2999 642 δώδεκα,
3044 577 3138 641 οῦς
3195 575 3292 630 καὶ
3329 575 3664 638 ἀποστόλους
3711 575 3978 644 ὠνόμασε
4007 593 4022 605 ·

2435 673 2674 740 Σίμωνα,
2697 673 2755 724 δν
2798 673 2892 723 καὶ
2927 670 3182 736 ὠνόμασε
3208 667 3437 737 Πέτρον,
3470 668 3566 720 καὶ
3625 666 3886 736 Ἀνδρίαν
3927 668 4030 720 τὸν

2434 762 2663 831 ἀδελφὸν
2696 761 2886 824 αὑτοῦ,
2933 759 3214 824 Ἰάκωϐον,
3241 759 3338 812 καὶ
3409 759 3683 827 Ἰωάννην,
3727 759 4028 824 Φίλιππον,

2437 856 2532 907 καὶ
2560 854 2985 924 Βαρθολομαῖον,
3033 853 3330 914 Ματθαῐον,
3370 852 3464 903 καὶ
3507 850 3729 919 Θωμᾶν,
3760 850 4030 904 Ἰάκωϐον

2436 949 2526 999 τὸν
2561 947 2654 1000 τοῦ
2684 946 2962 1014 Ἀλφαίου,
3013 947 3107 998 καὶ
3138 945 3358 1015 Σίμωνα
3396 945 3486 998 τὸν
3533 945 3865 1014 καλούμενον
3919 946 4029 1012 ζη-

2436 1038 2636 1107 λωτὴν,
2675 1038 2875 1092 Ἰούδαν
2918 1036 3201 1101 Ἰακώϐου,
3250 1038 3343 1090 καὶ
3391 1037 3592 1090 Ἰούδαν
3637 1035 4028 1106 Ἰσκαριώτην,

2437 1132 2494 1194 δς
2523 1133 2617 1186 καὶ
2663 1131 2880 1197 ἐγένετο
2934 1130 3220 1200 προδότης.
3253 1131 3362 1183 Καὶ
3394 1129 3637 1193 καταϐάς
3664 1132 3781 1198 μετ’
3811 1129 4028 1193 αὐτῶν,

2438 1225 2570 1293 ἔστη
2596 1223 2690 1276 ἐπὶ
2723 1223 2888 1276 τόπου
2930 1221 3166 1286 πεδινοῦ,
3203 1223 3294 1275 καὶ
3335 1220 3487 1290 ὄχλος
3520 1221 3780 1289 μαθητῶν
3823 1220 4030 1286 αὑτοῦ,

2440 1316 2538 1370 καὶ
2569 1315 2772 1386 πλῆθος
2796 1316 2932 1368 πολὺ
2975 1314 3070 1367 τοῦ
3104 1313 3234 1366 λαοῦ
3275 1314 3382 1366 ἀπὸ
3411 1314 3590 1383 πάσης
3625 1314 3725 1383 τῆς
3758 1313 4034 1378 Ἰουδαίας

2442 1409 2537 1462 καὶ
2578 1408 2954 1478 Ἰερουσαλήμ,
2992 1408 3085 1460 καὶ
3135 1406 3236 1476 τῆς
3278 1407 3545 1476 παραλίου
3587 1406 3764 1476 Τύρου
3799 1408 3893 1459 καὶ
3931 1407 4032 1458 Σι-

2440 1500 2629 1563 δῶνος,
2664 1499 2713 1552 οἳ
2743 1496 2906 1570 ἦλθον
2932 1497 3162 1551 ἀκοῦσαι
3193 1499 3358 1552 αὑτοῦ
3387 1500 3483 1551 καὶ
3524 1498 3740 1566 ίαθῆναι
3773 1498 3877 1550 ἀπὸ
3911 1498 4032 1550 τῶν

2440 1591 2612 1643 νόσων
2665 1589 2878 1652 αὐτῶν,
2927 1588 3022 1641 καὶ
3069 1588 3120 1640 ot
3172 1589 3489 1657 όχλούμενοι
3542 1587 3646 1640 ὑπὸ
3695 1587 4032 1656 πνευμάτων

2440 1679 2792 1748 ἀκαθάρτων,
2857 1679 2953 1732 καὶ
3015 1679 3430 1749 ἐθεραπεύοντο.
3480 1680 3590 1733 Καὶ
3646 1680 3752 1742 πᾶς
3788 1681 3818 1733 ό
3863 1678 4034 1748 ὄχλος

2443 1771 2621 1839 ἐζήτει
2679 1769 2949 1823 ἅπτεσθαι
3002 1770 3205 1835 αὑτοῦ,
3257 1771 3342 1823 ὅτι
3387 1769 3619 1839 δύναμις
3674 1768 3802 1838 παρ’
3852 1768 4033 1821 αὑτοῦ

767 1872 978 1925 ctsicut
1003 1873 1112 1940 ipse
1143 1872 1287 1934 fecit,
1317 1870 1391 1923 ita
1415 1879 1466 1923 et
1500 1886 1598 1923 nos
1621 1869 1900 1922 faciamus.
1928 1867 2066 1922 Ecce
2091 1877 2342 1922 oraturus
2375 1847 2419 1905 Β
2446 1892 2448 1912 λ

2375 1847 2419 1905 Β
2446 1865 2729 1935 ἐξήρχετο.
2773 1866 2880 1918 Καὶ
2916 1865 3034 1918 lato
3063 1865 3290 1927 πάντας.
3331 1883 3348 1916 ι
3388 1865 3570 1916 Πάντα
3598 1865 3740 1916 ποιεῖ
3762 1864 3790 1916 ό
3821 1862 4034 1932 Κύριος

769 1975 907 2028 erat,
941 1973 992 2016 et
1015 1963 1260 2016 ascendit
1296 1963 1348 2016 iu
1386 1971 1648 2015 montem.
1698 1960 1912 2016 Etenim
1941 1971 2155 2029 oportet
2181 1961 2344 2014 etiam

768 2069 865 2107 nos
901 2069 928 2105 a
982 2056 1210 2122 negotiis
1240 2054 1448 2107 otiosos
1478 2067 1657 2119 orare,
1683 2063 1736 2107 et
1763 2067 1869 2107 non
1907 2052 1958 2104 in
1996 2052 2173 2106 medio
2207 2050 2346 2103 ntul-

770 2156 970 2212 torum,
1008 2148 1102 2200 sed
1151 2155 1550 2213 pernoctantes,
1584 2159 1649 2198 ne
1675 2144 1856 2197 statim
1896 2153 1954 2196 ut
1984 2141 2334 2209 coeperimus,

767 2251 1062 2290 cessemus.
1094 2235 1221 2288 Post
1270 2237 1573 2292 orationem
1607 2245 1787 2289 autem
1823 2235 1988 2304 elegit
2023 2233 2338 2303 discipulos,

769 2332 827 2377 ut
851 2325 1040 2378 doceat
1067 2328 1230 2378 etiam
1264 2340 1366 2380 nos
1393 2327 1610 2394 quando
1641 2326 1952 2395 quempiam
1981 2325 2038 2378 in
2067 2325 2351 2394 spirituale

770 2415 1136 2468 tuinisterium
1196 2431 1384 2470 sumus
1419 2417 1721 2470 ordinaturi
1757 2430 1878 2470 cmn
1927 2417 2181 2485 precibus
2206 2416 2350 2471 hunc

771 2506 1058 2575 eligamus,
1103 2515 1157 2558 ut
1202 2508 1375 2561 doctis
1405 2521 1432 2559 a
1485 2505 1596 2562 Deo
1627 2517 1681 2561 et
1715 2506 1784 2560 ab
1812 2507 1901 2562 illo
1928 2507 2240 2576 petentibus
2267 2522 2351 2561 re-

771 2597 911 2652 velet
941 2597 1064 2666 quis
1101 2597 1328 2652 idoneus
1359 2599 1448 2652 sit.
1483 2600 1796 2666 Assumpsit
1849 2613 1980 2667 ergo
2029 2599 2346 2662 duodecim,

772 2691 1158 2760 descenditque
1206 2706 1328 2745 cum
1381 2691 1486 2744 illis
1517 2691 1584 2745 de
1634 2701 1857 2757 monte;
1913 2701 1970 2746 ut
2011 2706 2104 2746 eos
2141 2693 2232 2762 qui
2283 2707 2349 2748 ex

2447 1956 2713 2010 διδάσκων
2744 1958 2913 2026 ἡμᾶς,
2948 1955 3036 2008 ινα
3078 1956 3172 2009 καὶ
3203 1958 3362 2026 ἡμεῖς
3401 1955 3547 2008 οῦτω
3595 1955 3858 2024 ποιῶμεν.
3888 1954 4036 2008 Ἰδοὺ

2446 2048 2578 2116 γοῦν
2613 2049 2822 2118 μέλλων
2866 2047 3148 2116 εὔξασθαι,
3179 2048 3356 2102 ἀνεισί
3396 2064 3454 2101 τε
3489 2049 3570 2111 είς
3603 2049 3746 2117 δρος.
3777 2047 3883 2099 Καὶ
3914 2047 4036 2116 γάρ

2448 2141 2528 2194 δεῖ
2551 2140 2911 2212 σχολάζοντας
2945 2141 3367 2212 προσεύχεσθαι,
3393 2143 3486 2194 καὶ
3521 2142 3594 2210 μὴ
3621 2141 3680 2192 ἐν
3713 2140 3861 2210 μέσῳ
3893 2139 4038 2193 πολ-

2450 2232 2578 2296 λῶν,
2613 2231 2750 2288 ἀλλὰ
2788 2234 2883 2285 καὶ
2921 2230 3455 2299 διανυκτερεύοντας,
3486 2230 3562 2300 μὴ
3605 2230 3766 2292 εὐθὺς
3795 2229 4035 2299 ίσταμλο

2450 2342 2574 2389 νους
2602 2327 2682 2387 είς
2712 2327 3038 2396 προσευχήν,
3061 2319 3177 2376 εἶτα
3211 2322 3638 2392 ἀφισταμένους.
3663 2322 3817 2374 Μετὰ
3843 2320 3900 2373 δέ
3932 2322 4039 2390 τὴν

2450 2417 2618 2486 εὐχὴν
2667 2415 2948 2485 ἐκλέγεται
2997 2415 3122 2478 τοὺς
3175 2414 3444 2486 μαθητὰς,
3489 2413 3563 2477 ὡς
3609 2411 3679 2466 ἂν
3713 2413 3900 2484 διδάξῃ
3940 2415 4039 2466 καὶ

2451 2510 2597 2580 ἡμᾶς
2631 2510 2761 2564 ὅταν
2794 2509 3078 2580 μέλλωμίν
3105 2526 3225 2561 τινα
3253 2511 3332 2571 είς
3356 2507 3632 2560 διακονίαν
3665 2507 3838 2560 θεῖναι
3867 2524 4037 2560 πνευ·

2455 2603 2714 2675 ματικῆν,
2755 2603 2893 2674 μετά
2918 2605 3086 2672 εὐχῆς
3116 2601 3273 2655 τοῦτο
3297 2601 3596 2672 αἱρεῖσθαι,
3631 2601 4040 2670 όδηγουμένους

2452 2697 2560 2750 ὑπὸ
2582 2696 2738 2758 Θεοῦ,
2760 2696 2855 2748 καὶ
2879 2695 3009 2764 παρ’
3036 2695 3243 2746 ἐκείνου
3275 2691 3562 2754 αἰτοῦντας
3583 2690 4041 2760 ἀποκαλυφθῆναι

779 2783 1005 2836 urbibus
1061 2793 1344 2844 venerant,
1375 2794 1553 2848 sanet,
1583 2790 1637 2838 et
1663 2786 1893 2853 geminis
1919 2783 2195 2838 beneﬁciis
2229 2800 2354 2854 pro—
2451 2803 2460 2837 ι

2451 2787 2586 2855 ἡμῖν
2632 2784 2722 2838 τὸν
2752 2783 3000 2853 δόκιμον.
3031 2783 3317 2852 Ἐλόμενος
3358 2782 3415 2834 δέ
3457 2782 3582 2844 τοὺς
3623 2781 3852 2842 δώδεκα,
3903 2783 4040 2835 κάτ-

775 2884 1052 2942 sequatur.
1086 2873 1138 2926 in
1168 2875 1349 2927 anima
1391 2875 1600 2930 scilicet
1641 2891 1704 2930 ac
1738 2890 1987 2944 corpore.
2024 2876 2163 2930 Audi
2207 2879 2349 2930 enim

2455 2894 2594 2930 εισιν
2644 2878 2708 2930 ἐκ
2750 2875 2842 2929 τοῦ
2886 2875 3064 2945 ὅρους,
3111 2877 3186 2937 ὼς
3231 2875 3299 2928 ἂν
3338 2873 3464 2936 τοὺς
3515 2873 3623 2926 άπὸ
3670 2873 3778 2926 τῶν
3829 2874 4042 2927 πόλεων

775 2964 902 3025 quid
951 2965 1140 3018 dicat:
1178 2964 1455 3019 Venerunt
1518 2976 1576 3020 ut
1609 2969 1859 3021 audirent
1905 2983 2052 3029 eum,
2091 2971 2234 3038 quod
2282 2969 2351 3023 ad
2455 2998 2456 3003 η

2455 2970 2710 3032 ἐλθόντας
2764 2972 3002 3040 ἰάσηται,
3043 2970 3140 3022 καὶ
3186 2966 3389 3031 διπλῶς
3423 2967 3756 3037 εὐεργετήσῃ
3803 2967 3950 3021 κατά
3983 2985 4039 3020 τε

775 3055 971 3110 anima:
1001 3071 1186 3109 curam
1241 3059 1546 3125 pertinebat
1581 3075 1594 3110 :
1637 3070 1692 3112 et
1720 3069 2046 3114 sanarentur
2081 3077 2110 3114 a
2149 3061 2352 3116 morbis
2453 3082 2456 3104 ι

2453 3065 2631 3136 ψυχὴν
2659 3065 2754 3116 καὶ
2779 3063 2916 3116 κατὰ
2948 3062 3131 3132 σῶμα.
3165 3063 3364 3116 Ἀκουε
3395 3061 3523 3132 γάρ,
3554 3057 4043 3116 δτιἮλθονάκοῦ-

776 3147 907 3212 suis,
937 3148 1040 3201 hoc
1073 3150 1137 3202 de
1182 3151 1500 3219 corporibus
1523 3150 1676 3204 dicit.
1703 3150 1915 3204 Etenin.
1963 3153 2134 3206 virtus
2166 3155 2233 3208 ab
2259 3153 2351 3207 illo
2378 3185 2420 3243 ο

2378 3185 2420 3243 c
2459 3175 2546 3212 σαι
2586 3157 2772 3223 αὐτοῦ,
2801 3157 2959 3210 τοῦτο
2988 3156 3141 3210 ἐστιν
3190 3157 3222 3226 ή
3255 3155 3363 3209 τῶν
3404 3155 3592 3225 ψυχῶν
3626 3155 3918 3227 θεραπεία,
3948 3154 4042 3209 καὶ

775 3243 1172 3312 egrediebatur,
1201 3255 1256 3296 et
1303 3246 1534 3297 sanabat
1561 3260 1770 3298 omnes.
1810 3243 1943 3299 Nam
1977 3247 2252 3313 prophetae
2297 3256 2350 3300 et

2457 3247 2673 3316 ἰαθῆναι
2715 3247 2823 3300 άπὸ
2859 3247 2968 3299 τῶν
3009 3247 3178 3300 νόσων
3232 3245 3433 3310 αὐτῶν,
3478 3245 3655 3310 τοῦτο,
3706 3248 3740 3314 ή
3788 3246 3904 3298 τῶν
3940 3264 4040 3298 σω-

777 3335 866 3386 alii
898 3337 1067 3388 sancti
1097 3349 1204 3388 non
1236 3336 1508 3389 habebant
1533 3337 1786 3389 virtutem
1815 3351 1844 3390 a
1873 3350 1929 3391 se
1960 3339 2350 3406 egredientem.

776 3427 892 3480 Non
921 3431 1064 3482 enim
1102 3427 1319 3484 fuerunt
1353 3429 1455 3498 ipsi
1495 3429 1671 3482 lontes
1702 3430 1979 3483 virtutum.
2007 3429 2076 3483 At
2097 3429 2352 3486 Dominus

778 3523 966 3575 habuit
1012 3523 1264 3576 virtutem
1304 3537 1332 3574 a
1377 3537 1434 3575 se
1467 3524 1860 3591 egredientem,
1911 3523 2348 3592 quandoquidem

775 3615 887 3682 ipse
906 3615 1024 3668 fons
1052 3614 1334 3668 virtutum.
1363 3613 1427 3667 Et
1455 3616 1526 3668 ita
1555 3616 1837 3685 prapheta
1871 3631 1933 3670 ac
1976 3616 2152 3670 sancti
2181 3614 2350 3670 virtu-

775 3713 880 3758 tem
909 3719 1061 3759 suam
1089 3719 1324 3774 superne
1357 3717 1709 3776 acceperunt.

848 3993 1017 4048 Vens.
1064 3993 1260 4048 20-26.
1296 4013 1314 4044 ι
1356 3992 1420 4048 Et
1464 3994 1578 4062 ipse
1621 3992 1869 4048 attollens
1911 3993 2093 4048 oculos
2135 4009 2264 4048 suos
2299 3995 2350 4048 in

775 4085 1104 4154 discipulos,
1137 4085 1353 4140 dicebat
1389 4103 1401 4139 :
1441 4084 1587 4138 Beati
1623 4099 1910 4153 pauperes,
1947 4084 2077 4153 quia
2113 4098 2351 4140 veStrum

774 4184 867 4230 est
912 4191 1134 4244 regnum
1163 4175 1279 4231 Dei.
1317 4174 1464 4229 Beati
1494 4176 1584 4244 qui
1617 4177 1834 4229 esuritis
1859 4191 2022 4239 nunc,
2049 4177 2174 4244 quia
2201 4185 2348 4230 satu-

775 4268 1048 4321 rabimini.
1081 4267 1226 4320 Beati
1259 4269 1346 4335 qui
1381 4265 1522 4320 ﬂetis
1550 4282 1716 4330 nunc,
1754 4266 1876 4336 quia
1903 4268 2167 4321 ridebitis.
2201 4267 2348 4320 Beati

784 4358 937 4412 eritis
1000 4373 1120 4412 cum
1161 4372 1254 4411 vos
1298 4359 1513 4412 oderint
1555 4359 1830 4417 homines.
1873 4368 1925 4412 et
1981 4360 2352 4426 separaverint

777 4467 893 4514 vos,
921 4460 974 4503 et
999 4452 1460 4519 exprobraverint,
1493 4460 1546 4502 et
1571 4449 1828 4516 ejeceriut
1876 4466 2070 4504 nomen
2106 4462 2345 4504 vestrum

2457 3341 2664 3410 μάτωνο
2705 3340 2935 3410 δύναμις
2975 3340 3083 3411 γάρ
3129 3341 3258 3411 παρ’
3289 3339 3456 3392 αὑτοῦ
3506 3339 3768 3410 ἐξήρχετο
3796 3343 3891 3392 καὶ
3931 3343 4041 3393 iam

2456 3433 2686 3495 πάντας.
2713 3433 2779 3485 Ol
2809 3433 2908 3502 μὲν
2936 3433 3046 3502 γάρ
3070 3432 3347 3502 προφῆται
3375 3431 3470 3484 καὶ
3495 3431 3544 3483 οἱ
3573 3431 3725 3484 ἄλλοι
3753 3431 3904 3498 ἀγιοι
3941 3432 4038 3484 οὐκ

2453 3523 2597 3596 εἶχον
2633 3523 2861 3594 δύναμιν
2887 3523 3254 3593 ὲξερχομένην
3287 3521 3382 3575 ἀπ’
3413 3521 3612 3574 αὐτῶν·
3661 3522 3722 3573 οὐ
3755 3522 3869 3592 γὰρ
3901 3517 4043 3592 ἦσαν

2451 3618 2608 3669 αὐτοὶ
2634 3617 2810 3685 πηγαὶ
2838 3616 3142 3683 δυνάμεων.
3194 3614 3252 3666 '0
3279 3613 3335 3666 δέ
3383 3612 3589 3683 Κύριος
3639 3612 3875 3682 δύναμιν
3901 3611 4043 3681 εἶχιν

2452 3707 2817 3778 ἐξερχομίνην
2870 3707 2964 3760 ἀπ’
2999 3706 3184 3759 αὑτοῦ·
3219 3705 3380 3769 αὐτὸς
3417 3706 3526 3775 γάρ
3561 3701 3628 3776 ἦν
3673 3707 3706 3776 ή
3743 3705 3899 3776 πηγή
3949 3707 4044 3775 τῆς

2451 3799 2754 3868 δυνάμεως.
2807 3800 2893 3862 Ὦς
2928 3799 2985 3851 οἵ
3008 3815 3069 3867 γε
3101 3801 3380 3869 προφῆται
3415 3800 3510 3852 καὶ
3547 3799 3594 3851 οί
3627 3799 3771 3866 ἅγιοι
3799 3799 4045 3868 ἐδέχοντο

2459 3898 2659 3967 μᾶλλον
2691 3895 2896 3950 ἀνωθεν
2934 3894 3184 3964 δύναμιν.

2535 4011 2551 4042 ι
2585 3990 2695 4044 Καὶ
2742 3989 2903 4052 αὐτὸς
2960 3991 3171 4059 ἐπάρας
3205 3989 3332 4050 τοὺς
3383 3988 3698 4058 ὀφθαλμοὺς
3750 3989 3922 4043 αὐτοῦ
3966 3991 4044 4053 εις

2453 4081 2581 4141 τοὺς
2624 4079 2870 4149 μαθητάς
2922 4079 3111 4142 αὑτοῦ,
3141 4078 3296 4145 ἔλεγε
3327 4094 3340 4108 ·
3389 4079 3668 4148 Μακάριοι
3716 4080 3765 4132 ot
3812 4082 4041 4150 πτωχοὶ,

2453 4173 2536 4225 ὅτι
2565 4171 2808 4241 ὑμετέρα
2845 4173 2994 4224 ἐστὶν
3022 4173 3054 4237 ή
3091 4170 3338 4241 βασιλεία
3364 4169 3458 4223 τοῦ
3490 4169 3647 4224 Θεοῦ.
3678 4172 3961 4244 Μακάριοι
3994 4175 4042 4227 οί

2455 4262 2734 4325 κλαίοντες
2776 4261 2892 4326 νῦν,
2942 4263 3023 4314 ὅτι
3071 4262 3355 4329 γελάσετε.
3410 4259 3690 4332 Μακάριοι
3740 4264 3866 4317 ἐστε
3916 4268 4042 4320 ὅταν

2458 4357 2762 4426 μισήσωσιν
2793 4355 2937 4424 ὑμᾶς
2960 4356 3009 4407 οἱ
3040 4355 3338 4424 ἅνθρωποι,
3373 4355 3468 4407 καὶ
3497 4355 3842 4425 ἀφορίσωσιν
3875 4359 4040 4427 ὑμεῖς.

2457 4450 2551 4504 καὶ
2577 4449 2898 4515 όνειδίσωσι,
2928 4449 3024 4502 καὶ
3049 4447 3319 4501 ἐκϐάλωσι
3349 4448 3410 4501 τὸ
3439 4448 3610 4518 ὄνομα
3645 4451 3797 4519 ὑμῶν
3835 4451 3913 4514 ὡς
3949 4471 4044 4505 πο-

777 4553 1030 4610 tanqttam
1068 4542 1268 4595 malum
1312 4553 1529 4611 propter
1570 4539 1763 4593 Filium
1802 4541 2052 4594 hominis.
2114 4540 2356 4596 Gaudete
2390 4548 2433 4601 D

2390 4545 2642 4614 ῡνηρὸν,
2679 4544 2841 4595 ἕνεκα
2890 4543 2983 4596 τοῦ
3039 4540 3169 4595 Υἰοῦ
3217 4541 3311 4595 τοῦ
3346 4543 3659 4612 ἀνθρώπου.
3708 4546 3944 4616 Χαίρετε
3987 4549 4042 4599 ἐν

773 4637 827 4691 in
871 4639 964 4691 illo
999 4636 1085 4690 die
1124 4645 1178 4690 et
1224 4635 1532 4689 exsultate:
1579 4647 1706 4687 ecce
1739 4635 1882 4688 enim
1922 4649 2132 4687 merces
2170 4646 2350 4688 vestra

775 4729 940 4782 multa
973 4735 1056 4780 est
1100 4729 1150 4779 iu
1186 4727 1360 4780 cmlis.
1399 4725 1706 4778 Secundum
1750 4727 1863 4779 haec
1897 4727 2040 4778 enim
2084 4726 2353 4781 faciebant

775 4819 1056 4889 prophetis
1077 4828 1260 4885 patres
1296 4832 1504 4871 eorum.
1547 4817 1924 4870 Verumtamen
1970 4834 2047 4871 vae
2087 4819 2236 4873 vobis
2265 4820 2344 4873 di-

772 4913 1000 4974 vitibus,
1043 4912 1170 4980 quia
1223 4910 1434 4964 babetis
1481 4907 1906 4962 consolationem
1954 4924 2210 4963 vestram.
2260 4909 2352 4966 Vae

774 5005 924 5056 vobis
969 5004 1058 5070 qui
1110 5002 1339 5056 saturati
1385 5001 1519 5055 estis
1564 5015 1745 5064 nunc,
1777 5002 1901 5068 quia
1946 5003 2219 5056 esurietis.
2267 5005 2352 5057 Va:

773 5095 927 5149 vobis
971 5094 1062 5162 qui
1109 5093 1295 5147 ridetis
1346 5108 1520 5158 nunc,
1568 5093 1693 5162 quia
1741 5094 1996 5161 lugebit-is
2030 5104 2082 5146 et
2130 5093 2347 5149 ﬂebitis.

773 5187 863 5242 Vae
891 5203 1010 5242 cum
1045 5185 1382 5239 laudaverint
1411 5200 1503 5238 vos
1531 5201 1720 5240 omnes
1749 5186 2014 5238 homines.
2047 5184 2349 5238 Secundum

775 5283 887 5333 hinc
911 5279 1053 5333 enim
1082 5276 1351 5332 faciebant
1377 5277 1858 5346 pseudoprophetis
1884 5289 2064 5344 patres
2085 5292 2294 5353 eorum.
2327 5297 2345 5328 ι

771 5372 1064 5441 Postquam
1097 5370 1373 5424 ordinavit
1408 5370 1698 5434 discipulos
1721 5413 1734 5435 ,
1774 5385 1868 5438 per
1907 5371 2268 5426 beatitudines
2301 5383 2354 5426 et

770 5467 1044 5520 doctrinas
1081 5465 1130 5518 in
1167 5463 1418 5516 ordinem
1456 5463 1627 5532 magis
1664 5464 2002 5530 spiritualem
2047 5463 2253 5520 inducit
2290 5480 2353 5518 ac

771 5558 1065 5625 componit.
1099 5553 1235 5609 Nam
1265 5555 1331 5608 ad
1361 5553 1480 5607 illos
1510 5569 1569 5608 se
1604 5567 1822 5609 vertens
1849 5571 2158 5611 sermonem
2199 5556 2348 5612 facit.

769 5648 838 5706 Et
868 5650 1096 5717 primum
1132 5649 1320 5703 beatos
1351 5647 1485 5702 dicit
1523 5662 1809 5716 pauperes,
1843 5649 2004 5720 312
2029 5651 2142 5704 sive
2178 5653 2354 5705 humi-

769 5744 848 5797 les
891 5743 1185 5812 intelligere
1224 5744 1498 5807 volueris,
1540 5743 1652 5798 sive
1694 5760 1721 5797 a
1771 5747 2011 5813 pecuniae
2056 5746 2354 5813 cupiditate

774 5837 924 5890 alieni
952 5852 996 5892 ε.
1037 5836 1102 5892 Et
1144 5851 1333 5893 omnes
1365 5836 1733 5893 beatitudines
1775 5837 2094 5908 simpliciter
2126 5837 2351 5910 frugali-

2457 4639 2642 4709 ἐκείνῃ
2671 4639 2736 4706 τῇ
2766 4637 2950 4706 ήμέρᾳ
2981 4641 3075 4689 καὶ
3101 4637 3452 4706 σκιρτήσατε.
3498 4636 3625 4689 Ἰδοὺ
3657 4638 3766 4705 γάρ
3794 4641 3823 4690 ό
3850 4641 4042 4707 μισθὸς

2456 4730 2609 4798 ὑμῶν
2670 4727 2835 4789 πολὺς
2887 4729 2944 4778 ἐν
2997 4729 3109 4789 τοῖς
3169 4710 3439 4797 οὐρανοῖς.
3499 4727 3655 4780 Κατὰ
3708 4727 3886 4782 ταῦτα
3935 4732 4042 4799 γάρ

2453 4823 2669 4874 ἐποίουν
2725 4824 2836 4882 τοῖς
2888 4821 3198 4890 προφήταις
3250 4821 3298 4872 οί
3351 4819 3586 4889 πατέρες
3635 4819 3839 4874 αὐτῶν.
3894 4822 4040 4892 Πλὴν

2451 4915 2576 4968 οὐαὶ
2621 4915 2748 4984 ὑμῖν
2795 4916 2907 4976 τοῖς
2959 4911 3257 4977 πλουσίοις,
3301 4913 3382 4966 ὄτι
3426 4914 3659 4982 ἀπέχετε
3711 4913 3812 4983 τὴν
3858 4915 4040 4983 παρά-

2455 5007 2648 5075 κλησιν
2690 5004 2863 5076 ὑμῶν.
2887 5005 3024 5059 Οὐαὶ
3045 5005 3196 5074 ὑμῖν,
3232 5006 3282 5058 οί
3317 5005 3771 5076 ἐμπεπλησμένοι
3808 5006 3930 5072 νῦν,
3961 5009 4040 5062 ὅτι

2455 5099 2763 5152 πεινάσετε.
2801 5097 2937 5152 Οὐαὶ
2985 5098 3136 5168 ὑμῖν,
3168 5098 3219 5150 oi
3255 5098 3525 5166 γελῶντες
3561 5096 3676 5160 νῦν,
3720 5099 3802 5152 δτι
3838 5101 4042 5170 πενθή·

2457 5209 2575 5245 σετε
2611 5193 2702 5244 καὶ
2737 5190 3023 5244 κλαύσετε.
3061 5188 3198 5243 Οὐαὶ
3230 5190 3360 5243 ὅταν
3413 5191 3592 5252 καλῶς
3647 5192 3792 5262 ὑμᾶς
3841 5194 4041 5246 εἴπωσι

2455 5288 2654 5349 πάντες
2682 5286 2730 5338 ol
2766 5284 3063 5355 ἀνθρωττοι.
3099 5283 3255 5337 Κατά
3304 5283 3475 5337 ταῦτα
3522 5284 3632 5356 γὰρ
3663 5285 3884 5338 ἐποίουν
3931 5287 4040 5349 τοῖς

2451 5378 2923 5450 ψευδοπροφήταις
2945 5378 2994 5428 οί
3023 5376 3256 5446 πατέρες
3280 5377 3479 5432 αὐτῶν.
3521 5397 3539 5429 ι
3579 5379 3735 5431 Μετὰ
3763 5379 3825 5431 τὸ
3860 5396 4040 5448 χειροο

2452 5473 2671 5540 τονῆσαι
2712 5472 2835 5532 τοὺς
2883 5469 3154 5540 μαθητὰς,
3187 5469 3440 5539 ῥυθμίζει
3482 5471 3679 5533 αὐτοὺς
3718 5471 3808 5523 διά
3835 5489 3899 5524 τε
3931 5471 4038 5524 τῶν

2455 5560 2820 5631 μακαρισμῶν
2852 5562 2947 5614 καὶ
3003 5559 3100 5628 τῆς
3147 5559 3494 5624 διδασκαλίας
3539 5565 3617 5624 είς
3651 5579 4038 5630 πνευματικω-

2450 5657 2615 5724 τέραν
2647 5657 3003 5709 κατάστασιν.
3049 5656 3191 5725 Πρὸς
3236 5656 3346 5727 γὰρ
3383 5656 3580 5719 αὐτοὺς
3615 5657 4035 5726 ἀποτεινόμενος

2455 5752 2688 5802 ποιεῖται
2741 5749 2831 5801 τὸν
2893 5749 3068 5818 λόγον.
3127 5751 3236 5803 Καὶ
3291 5751 3506 5822 πρῶτον
3561 5751 3863 5822 μακαρίζει
3915 5751 4036 5812 τοὺς

2456 5844 2730 5912 πτωχοὺς,
2786 5842 2896 5897 εἴτε
2953 5845 3077 5908 τοὺς
3127 5844 3561 5916 ταπεινόφρονας
3614 5842 3832 5915 βούλοιο
3875 5842 4032 5908 νοεῖν,
