4256 6432
166 417 273 480 ’173

920 403 1368 469 ENARRATIO
1401 402 1482 462 ΙΝ
1527 394 2031 461 EVANGELIUM
2075 391 2397 455 LUC/E.-
2419 389 2576 449 CAP.
2609 391 2704 451 Vl.

3354 381 3464 451 ’ΠΛ

172 527 282 580 εἴτε
304 523 432 587 τοὺς
458 524 835 594 ἀφιλάργυρον
884 521 1105 591 ιχοντας
1149 520 1244 572 τδν
1285 518 1507 585 τρόπον.
1550 514 1762 577 Ἀπλῶς

1871 519 2035 566 tatem
2075 525 2172 564 nos
2203 516 2401 563 ument
2450 520 2510 560 ac
2549 505 2941 565 humilitatem,
2981 511 3034 557 et
3071 510 3462 571 comtemptum

168 617 225 668 δέ
255 616 460 678 πάντες
491 617 538 668 οἱ
570 612 916 686 μακαρισμοὶ
945 610 1224 663 εὐτέλειαν
1255 608 1405 678 ἡμᾶς
1427 607 1763 669 διδάσκουσι,

172 709 269 762 καὶ
322 709 658 762 ταπείνωσιν
717 707 810 759 καὶ
866 704 1220 769 ἐξουδένωσιν
1284 703 1379 753 καὶ
1432 699 1764 766 ὀνειδισμὸν.

171 802 389 872 Ὥσπερ
430 796 522 854 οὖν
551 799 730 853 καὶτὸ
765 799 900 851 Οὐαὶ
934 797 1166 858 ἐκείνοις
1191 792 1623 877 ἀποκληροῦται,
1656 790 1769 852 τοῖς

171 910 231 945 τε
269 893 547 954 πλουσίοις
580 892 638 943 ἐν
682 889 761 958 τῷ
803 891 897 942 νῦν
929 885 1109 948 αἰῶνι,
1161 887 1255 950 οὒς
1293 885 1385 938 καὶ
1405 884 1632 953 ἀπέχειν
1670 882 1770 952 τὴν

171 985 521 1054 παράκλησίν
573 999 758 1054 φησιν.
834 981 956 1036 ἀντὶ
1012 980 1108 1033 τοῦ
1151 973 1255 1032 ὧδε
1295 979 1354 1031 ἐν
1409 975 1487 1046 τῷ
1540 975 1769 1046 παρόντι

174 1077 336 1129 αἰῶνι
375 1075 788 1143 ἀπολαμϐάνειν
822 1073 922 1142 τὴν
962 1071 1329 1140 εὐφροσύνην,
1378 1068 1472 1121 καὶ
1521 1068 1632 1129 τοῖς
1666 1082 1761 1132 γε·

173 1165 328 1227 λῶσι,
375 1167 466 1218 καὶ
517 1164 788 1237 τρυφῶσι,
842 1163 933 1216 καὶ
968 1160 1405 1226 ἀπαινουμένοις.
1453 1155 1762 1227 Φρίξωμεν,

1871 617 1934 657 ac
1966 601 2259 670 opprobria
2292 598 2513 653 ferenda
2545 615 2558 651 :
2592 595 3054 666 quemadmodum
3084 603 3138 648 et
3172 609 3251 649 va:
3285 595 3466 664 dirigit

1870 698 1922 749 in
1953 696 2150 748 divites
2185 690 2346 758 liuius
2382 690 2563 745 saeculi
2585 729 2597 752 ,
2629 703 2766 758 quos
2801 698 2854 741 et
2897 687 3328 742 consolationem
3371 688 3467 742 ba-

1871 788 1998 839 liere
2031 783 2187 846 dicit,
2226 783 2327 836 hoc
2356 792 2461 845 est,
2496 781 2583 834 hic
2613 779 2667 833 in
2697 780 2954 848 presenti
2992 780 3191 833 saeculo
3219 780 3463 836 laetitiam

1871 879 2144 944 accipere,
2171 884 2225 928 et
2259 875 2457 938 ridere,
2485 883 2534 926 et
2576 873 2628 925 in
2662 872 2876 926 deliciis
2908 885 2970 925 ac
3012 872 3258 927 laudibus
3287 873 3465 930 claros

1873 969 2074 1022 vivere.
2108 967 2466 1030 Horreamus,
2505 965 2727 1030 fratres,
2761 965 2886 1033 quia
2930 980 3009 1018 va:
3045 965 3244 1019 habent
3273 967 3364 1034 qui
3397 969 3466 1020 ab

1875 1059 2187 1114 hominibus
2219 1057 2532 1111 laudantur.
2564 1055 2730 1109 Decet
2758 1057 2976 1124 quidem
3016 1066 3073 1109 ut
3103 1065 3160 1110 et
3198 1055 3265 1110 sb
3289 1057 3464 1110 homi-

1876 1152 2036 1205 nibus
2065 1151 2372 1212 laudemur,
2399 1149 2494 1205 st-d
2525 1152 2673 1218 prius
2701 1162 2730 1201 a
2764 1147 2892 1202 Deo.

170 1258 413 1324 ἀδελφοὶ,
447 1258 564 1321 πῶς
596 1259 656 1310 τὸ
687 1257 822 1310 οὐαὶ
851 1256 1048 1326 ἔχωσιν
1073 1257 1120 1308 oi
1154 1254 1305 1323 παρὰ
1333 1252 1442 1305 τῶν
1464 1248 1766 1320 ἀνθρώπων
1805 1244 2219 1315 ἐπαινούμενοι.
2285 1245 2378 1296 Δεῖ
2406 1243 2504 1312 μὲν
2558 1243 2671 1310 γὰρ
2708 1243 2803 1293 καὶ
2833 1242 2984 1310 παρὰ
3027 1240 3136 1293 τῶν
3161 1240 3467 1312 ἀνθρώπων

171 1349 538 1415 ἐπαινεῖσθαι,
573 1349 709 1402 ἀλλά
731 1349 999 1420 πρότερον
1029 1349 1138 1400 ἀπὸ
1165 1346 1327 1399 Θεοῦ.

250 1461 269 1494 ι
305 1442 468 1495 ⁹Αλλά
507 1441 636 1511 ὑμῖν
661 1441 804 1508 λέγω
831 1443 943 1504 τοῖς
974 1439 1266 1492 ἀκούουσιν
1295 1455 1307 1467 ο
1337 1437 1614 1504 Ἀγαπᾶτε
1635 1435 1762 1496 τοὺς

171 1531 402 1603 ἐχθροὺς
439 1533 615 1602 ὑμῶν.
661 1528 858 1593 Καλῶς
904 1532 1108 1583 ποιεῖτε
1160 1530 1272 1591 τοῖς
1315 1525 1566 1597 μισοῦσιν
1594 1526 1759 1594 ὑμᾶς.

175 1625 462 1694 Εὑλογεῖτε
482 1626 608 1688 τοὺς
630 1622 1055 1695 καταρωμένους
1086 1622 1253 1693 ὑμᾶς,
1271 1623 1364 1674 καὶ
1385 1618 1760 1692 προσεύχεσθε

171 1717 316 1788 ὑπὲρ
347 1715 456 1770 τῶν
495 1714 910 1786 ἐπηρεαζόντων
943 1715 1108 1784 ὑμᾶς.
1153 1712 1246 1783 Τῷ
1279 1711 1540 1766 τύπτοντί
1577 1728 1634 1763 σε
1667 1711 1762 1763 ἐπὶ

1944 1426 2112 1480 Vens.
2144 1421 2336 1479 27-36.
2367 1441 2386 1474 ι
2422 1421 2526 1475 Sed
2551 1422 2706 1476 vobis
2730 1422 2851 1477 dico
2874 1423 3186 1491 quinuditis
3213 1443 3227 1478 :
3254 1425 3467 1496 Diligite

1871 1521 2119 1574 inimicos
2159 1527 2394 1582 vestros,
2446 1515 2747 1570 benefacite
2804 1515 2888 1568 his
2941 1517 3032 1584 qui
3083 1532 3176 1573 vos
3212 1518 3464 1576 oderunt.

1872 1610 2186 1666 Benedicite
2233 1607 2686 1662 maledicentibus
2730 1607 2884 1658 vobis
2909 1645 2922 1668 ,
2961 1617 3016 1660 et
3061 1619 3216 1662 orate
3245 1624 3343 1678 pro
3375 1624 3468 1664 ca-

1870 1704 2267 1758 lumniantibus
2290 1716 2406 1754 vos.
2435 1700 2766 1754 Percutienti
2795 1709 2845 1751 te
2875 1699 2929 1752 in
2961 1702 3259 1766 maxillam,
3287 1704 3466 1769 prwbe

171 1811 267 1880 τὴν
318 1810 567 1877 σιαγόνα,
602 1807 816 1879 πάρεχε
856 1808 950 1862 καὶ
995 1808 1093 1877 τὴν
1139 1805 1327 1875 ἀλλην,
1377 1806 1473 1860 καὶ
1516 1804 1624 1858 ἀπὸ
1667 1801 1762 1856 τοῦ

1869 1805 1923 1851 ει
1947 1796 2209 1849 alteram:
2245 1805 2301 1848 et
2330 1793 2398 1846 ab
2427 1808 2492 1847 eo
2523 1793 2617 1862 qui
2650 1791 2832 1845 aufert
2873 1792 2965 1844 tibi
3005 1794 3262 1861 pallium,
3299 1797 3462 1850 etiam

170 1903 418 1973 ατροντός
441 1918 536 1956 σου
562 1901 622 1955 τὸ
649 1902 885 1972 ἱμάτιον,
913 1901 1009 1955 καὶ
1035 1899 1128 1955 τὸν
1157 1901 1359 1970 χιτῶνα
1386 1901 1460 1969 μὴ
1483 1897 1755 1968 κωλύσῃς.

174 1992 344 2046 Παντὶ
371 1992 428 2047 δέ
459 1993 537 2063 τῷ
566 1993 806 2047 αἰτοῦντί
835 2009 894 2046 σε
923 1991 1091 2048 δίδου.
1120 1991 1227 2044 Kal
1256 1991 1364 2044 ἀπὸ
1389 1989 1483 2044 τοῦ
1515 1989 1759 2060 αἴροντος

171 2084 238 2138 τὰ
276 2085 347 2136 σά
416 2086 490 2154 μὴ
525 2084 767 2138 ἀπαίτει.
802 2084 914 2138 Kal
964 2084 1146 2146 καθὼς
1187 2084 1371 2136 θέλετε
1407 2083 1498 2136 ’ίνα
1533 2081 1760 2134 ποιῶσιν

167 2175 300 2244 ὑμῖν
329 2177 377 2227 οῖ
408 2176 708 2246 ἄνθρωποι,
759 2177 852 2229 καὶ
884 2176 1045 2247 ὑμεῖς
1079 2177 1284 2230 ποιεῖτε
1315 2175 1500 2239 αὐτοῖς
1533 2174 1756 2244 ὁμοίως.

169 2268 281 2322 Καὶ
324 2269 372 2321 εί
420 2270 674 2336 ἀγαπᾶτε
721 2270 848 2332 τοὺς
881 2271 1213 2337 ἀγαπῶντας
1249 2271 1415 2338 ὑμᾶς,
1464 2271 1591 2322 ποία
1631 2267 1761 2338 ὑμῖν

167 2360 331 2429 χάρις
362 2361 478 2414 ἐστί
504 2379 518 2426 ;
554 2363 666 2416 Kal.
706 2362 816 2434 γὰρ
842 2363 890 2415 οἱ
922 2363 1237 2434 ἁμαρτωλοὶ
1272 2365 1396 2427 τοὺς
1428 2361 1761 2430 ἀγαπῶντας

166 2454 369 2516 αὐτοὺς
402 2453 680 2520 ἀγαπῶσι.
717 2455 827 2507 Καὶ
869 2454 966 2507 ἐὰν
1005 2455 1370 2524 ἀγαθοποιῆτε
1402 2456 1527 2516 τοὺς
1555 2452 1760 2521 ἀγαθο-

167 2545 460 2610 ποιοῦντας
496 2549 660 2616 ὑμᾶς,
693 2547 819 2600 ποία
847 2548 975 2617 ὑμῖν
1033 2549 1192 2617 χάρις
1240 2547 1389 2614 ἐστί;
1432 2546 1542 2598 Kal.
1576 2545 1686 2616 γὰρ
1712 2545 1761 2598 οἱ

167 2635 495 2706 ἁμαρτωλοὶ
521 2637 581 2689 τὸ
608 2637 741 2690 αὐτὸ
773 2637 1006 2690 ποιοῦσι.
1044 2639 1152 2691 Kal
1195 2638 1289 2690 ἐὰν
1319 2638 1598 2708 δανείζητε
1629 2637 1759 2706 παρ’

166 2724 248 2784 ὦν
280 2729 530 2793 ἐλπίζετε
580 2731 901 2793 ἀπολαϐεῖν,
940 2730 1067 2784 ποία
1114 2732 1242 2800 ὑμῖν
1277 2732 1434 2801 χάρις
1472 2730 1617 2795 tati;
1652 2733 1762 2783 Kal.

168 2821 281 2894 γάρ
309 2824 356 2876 oi
381 2823 700 2892 ἁμαρτωλοὶ
722 2822 1064 2892 ἁμαρτωλοῖς
1089 2821 1414 2886 δανείζουσι,
1446 2822 1534 2876 ἵνα
1559 2823 1764 2876 ἀπολά-

169 2912 309 2966 6ωσι
359 2914 426 2966 τὰ
484 2915 591 2966 ἶσα.
644 2914 789 2982 Πλὴν
838 2915 1086 2981 ἀγαπᾶτε
1138 2914 1263 2976 τοὺς
1311 2914 1538 2984 ἐχθροὺς
1587 2914 1760 2983 ὑμῶν,

172 3005 266 3058 καὶ
301 3003 705 3072 ἀγαθοποιεῖτε,
755 3006 848 3057 καὶ
881 3005 1174 3068 δανείζετε,
1225 3004 1391 3075 μηδὲν
1436 3002 1764 3068 ἀπελπίζον-

168 3111 282 3158 τες,
315 3096 407 3148 καῖ
431 3096 582 3149 ἔσται
617 3099 644 3150 6
677 3097 869 3166 μισθὸς
900 3097 1056 3168 ὑμῶν
1080 3096 1246 3159 πολύς
1268 3114 1280 3127 ·
1316 3097 1408 3150 καὶ
1439 3096 1625 3150 ἔσεσθε
1656 3097 1761 3150 υίοὶ

169 3188 265 3241 τοῦ
329 3187 610 3256 Ὑψίστου,
653 3189 735 3240 ὅτι
791 3189 956 3253 αὐτὸς
1001 3189 1238 3258 χρηστός
1288 3189 1434 3241 ἐστιν
1488 3188 1582 3241 ἐπὶ
1630 3189 1757 3252 τοὺς

168 3279 504 3350 ἀχαρίστους
537 3280 630 3332 καὶ
662 3279 954 3350 πονηρούς.
993 3278 1215 3332 Γίνεσθε
1253 3274 1347 3333 οὖν
1389 3281 1760 3351 οἰκτίρμονες,

166 3372 353 3435 καθὼς
413 3373 502 3424 καὶ
556 3373 583 3424 6
634 3373 824 3443 Πατὴρ
878 3372 1034 3442 ὑμῶν
1081 3375 1108 3426 6
1159 3373 1411 3441 οὐράνιος
1463 3374 1764 3443 οἰκτίρμων

165 3466 338 3520 ἐστίν.
379 3485 398 3517 ι
446 3467 665 3535 Ἐπειδὴ
703 3485 809 3538 περ
836 3470 884 3521 οἱ
915 3468 1202 3520 ἀπόστολοι
1234 3467 1459 3536 ἔμελλον
1497 3468 1762 3539 σταλῆναι

166 3559 260 3610 ἐπὶ
284 3557 346 3610 τὸ
384 3559 669 3629 κήρυγμα,
710 3560 804 3612 καὶ
844 3560 1252 3630 προσεδοκῶντο
1289 3560 1541 3612 ἐντεῦθεν
1571 3559 1762 3613 πολλοὶ

165 3649 355 3712 αὐτοῖς
384 3649 612 3702 διὼκται
641 3651 734 3702 καὶ
757 3651 1029 3702 ἐπίϐουλοι
1051 3663 1064 3678 ³
1105 3652 1152 3702 εί
1183 3648 1275 3704 οὖν
1309 3652 1400 3703 ἐπὶ
1431 3648 1505 3719 τῷ
1531 3650 1762 3721 διωγμῷ

165 3740 459 3811 ἀχθόμενοι
482 3741 527 3792 οξ
555 3741 863 3805 ἀπόστολοι,
885 3737 1004 3794 εἶτα
1029 3741 1273 3805 θέλοντες
1300 3741 1609 3811 ἀμύνασθαι
1632 3745 1761 3806 τοὺς

165 3832 538 3901 λυπήσαντας,
582 3832 846 3900 ἐσίγησαν
877 3833 972 3884 καὶ
1009 3833 1108 3884 οὐκ
1139 3832 1407 3898 ἐδίδαξαν,
1442 3832 1665 3885 ἔσϐεστο
1693 3833 1761 3886 ἂν

163 3927 192 3977 6
226 3923 321 3976 τοῦ
351 3923 692 3991 Εὑαγγελίου
721 3925 869 3996 ἥλιος
899 3941 913 3955 ο
949 3925 1037 3978 διὰ
1071 3924 1230 3978 τοῦτο
1277 3926 1457 3978 τοίνυν
1487 3927 1514 3977 ό
1551 3926 1759 3996 Κύριος

166 4018 592 4086 προλαμὸἀνων,
641 4019 901 4088 παραινεῖ
947 4019 1060 4080 τοῖς
1111 4018 1430 4077 ἀποστόλοις
1490 4017 1566 4087 μὴ
1624 4018 1761 4089 πρὸς

163 4108 381 4178 ἄμυναν
410 4110 517 4162 τῶν
556 4110 769 4180 ἐχθρῶν
815 4113 1035 4179 χωρεῖν,
1087 4095 1223 4164 ἀλλά
1268 4111 1448 4164 πάντα
1496 4110 1760 4178 γενναίως

165 4204 355 4271 φέρειν
378 4204 446 4255 τά
483 4202 868 4270 συμϐαίνοντα,
897 4204 1000 4255 κάν
1026 4203 1288 4271 ὑϐρίζωσί
1319 4221 1484 4267 τινες,
1505 4205 1606 4256 κᾶν
1636 4206 1760 4257 ἀνο-

165 4296 296 4354 σίως
327 4294 790 4359 ἐπιϐουλεύωσινχ
821 4293 966 4346 οὕτω
1012 4296 1106 4346 καὶ
1136 4295 1297 4357 αὐτὸς
1330 4296 1388 4348 ὲν
1422 4295 1500 4365 τῷ
1535 4297 1757 4366 σταυρῷ

165 4385 363 4449 ἐποίει,
396 4383 606 4451 λέγων’
651 4384 854 4453 Πάτερ,
901 4386 1040 4453 ἄφες
1090 4385 1297 4448 αὐτοῖς,
1338 4387 1398 4438 οὑ
1442 4388 1552 4457 γὰρ
1582 4387 1756 4440 οἴδασι

161 4477 214 4529 τί
242 4476 508 4529 ποιοῦσιν.
542 4473 676 4528 Εἶτα
705 4476 792 4528 ἶνα
832 4476 905 4545 μὴ
938 4476 1134 4545 ἔχωσιν
1177 4477 1352 4530 εἰπεῖν
1379 4479 1428 4530 οῖ
1469 4479 1758 4532 ἀπόστολοι

1865 1886 1974 1942 noli
2015 1885 2253 1939 tunicam
2298 1883 2613 1953 prohibere.
2653 1882 2812 1935 Omni
2861 1894 3044 1937 autem
3081 1883 3320 1954 exigenti
3367 1887 3461 1938 abs

1867 1989 1944 2042 te,
1989 1977 2206 2032 tribue:
2248 1988 2306 2032 et
2354 1978 2424 2030 ab
2465 1964 2531 2031 ed
2571 1977 2662 2046 qui
2706 1975 2884 2030 aufert
2924 1992 3044 2045 quae
3090 1986 3177 2031 tua
3214 1988 3360 2041 sunt,
3398 1991 3464 2032 ne

1867 2069 2123 2140 reposcas
2154 2090 2167 2125 :
2199 2080 2254 2124 et
2290 2077 2450 2139 prout
2480 2068 2642 2122 vultis
2677 2079 2733 2122 ut
2771 2068 2978 2122 faciant
3003 2069 3155 2123 vobis
3191 2070 3464 2137 homines,

1865 2180 1960 2220 vos
1999 2178 2216 2233 quoque
2246 2161 2410 2217 facite
2453 2161 2558 2215 illis
2599 2161 2875 2216 similiter.
2919 2160 2988 2215 Et
3021 2161 3066 2214 si
3103 2161 3330 2231 diligitis
3366 2178 3462 2218 eos

1863 2257 1955 2326 qui
1993 2271 2088 2309 vos
2118 2255 2368 2324 diligunt,
2396 2267 2518 2322 qua:
2544 2254 2697 2308 vobis
2730 2262 2814 2307 est
2840 2251 3052 2320 gratis?
3083 2251 3219 2307 Nam
3251 2263 3306 2309 et
3335 2269 3435 2325 pec

1865 2359 2080 2404 catores
2103 2363 2198 2403 eos
2222 2363 2251 2402 a
2281 2348 2476 2415 quibus
2500 2347 2818 2417 diliguntur,
2847 2344 3100 2416 diligunt.
3137 2346 3200 2401 Et
3225 2346 3270 2402 si
3301 2348 3468 2403 bene-

1867 2440 2109 2496 feceritis
2149 2441 2233 2494 liis
2257 2439 2349 2508 qui
2393 2439 2546 2493 vobis
2590 2436 2973 2502 benefaciunt,
3028 2453 3149 2507 quae
3194 2438 3348 2492 vobis
3381 2446 3467 2493 est

1866 2534 2082 2606 gratia?
2127 2533 2406 2604 Siquidem
2450 2541 2505 2587 et
2547 2541 2870 2603 peccatores
2907 2532 3009 2586 hoc
3050 2530 3279 2587 faciunt.
3319 2532 3385 2588 Et
3419 2533 3463 2588 sl

1867 2639 2114 2682 mutuum
2137 2628 2397 2681 dederitis
2426 2626 2509 2681 Itis
2535 2639 2564 2678 a
2593 2624 2795 2694 quibus
2824 2624 3061 2694 speratis
3093 2640 3191 2679 vos
3219 2634 3466 2695 receptu-

1869 2735 1978 2783 ros,
2019 2734 2139 2789 quae
2172 2721 2342 2790 gratia
2375 2730 2460 2775 est
2495 2721 2691 2776 vobis?
2726 2720 2862 2775 Nam
2898 2733 2952 2776 et
2987 2731 3306 2790 peccatores
3342 2737 3469 2792 pec-

1867 2811 2145 2866 catoribus
2170 2811 2302 2865 dant
2325 2823 2596 2877 mutuum,
2625 2818 2682 2866 ut
2708 2811 2979 2882 recipiant
3008 2813 3182 2882 paria.
3209 2812 3468 2877 Quinimo

1867 2905 2076 2976 diligite
2117 2907 2372 2960 inimicos
2406 2916 2646 2972 vestros,
2679 2915 2735 2961 et
2763 2905 3097 2970 benefacite,
3133 2917 3186 2962 et
3219 2915 3466 2961 mutuum

1869 3001 2024 3063 date,
2077 2999 2210 3052 nihil
2258 2999 2384 3053 inde
2427 3008 2756 3069 sperantes:
2797 3009 2852 3054 et
2891 2999 2996 3054 erit
3043 3013 3254 3054 merces
3286 3009 3465 3053 vestra

1873 3093 2070 3155 multa,
2105 3103 2160 3146 et
2202 3093 2359 3147 eritis
2405 3093 2498 3145 lilii
2534 3091 2798 3147 Altissimi
2835 3109 2847 3145 :
2885 3091 3011 3160 quia
3054 3090 3172 3161 ipse
3202 3090 3469 3159 benignus

1867 3197 1951 3242 est
1980 3203 2107 3256 erga
2146 3188 2388 3255 ingratos
2428 3196 2478 3239 et
2516 3185 2712 3238 malos.
2754 3183 2947 3239 Estote
2984 3197 3116 3252 ergo
3153 3182 3469 3237 misericor-

1869 3281 1988 3344 des,
2016 3281 2155 3333 sicut
2183 3293 2234 3333 et
2260 3279 2420 3333 Pater
2450 3289 2632 3332 vester
2660 3278 2972 3330 misericors
2995 3283 3103 3334 est.
3136 3295 3153 3326 ι
3194 3275 3467 3342 Quoniam

1869 3369 2100 3439 apostoli
2125 3372 2189 3423 ad
2210 3369 2614 3439 pra-dicandum
2638 3368 2885 3423 mittendi
2911 3377 3090 3433 erant,
3111 3375 3167 3422 et
3185 3376 3469 3437 exspecta-

1868 3461 2066 3515 bantur
2095 3463 2250 3516 multi
2289 3470 2668 3530 persecutores
2697 3472 2751 3515 et
2780 3462 3131 3515 insidiatores
3165 3480 3178 3515 :
3220 3461 3266 3515 si
3303 3463 3472 3530 igitur

1869 3555 2098 3622 apostoli
2123 3557 2174 3608 in
2196 3553 2577 3622 persecutione
2590 3569 2687 3610 sua
2707 3553 2970 3618 dolentes,
2995 3554 3060 3608 ad
3081 3552 3464 3608 vindicandum

1867 3661 1963 3701 eos
1992 3649 2082 3716 qui
2117 3663 2176 3701 sc
2206 3645 2569 3712 offenderant,
2609 3648 2858 3701 conversi
2900 3646 3154 3713 fuissent,
3186 3647 3472 3702 siluissent

1866 3749 1920 3794 et
1945 3754 2050 3793 non
2068 3740 2403 3804 docuissent,
2428 3740 2733 3795 exstinctus
2763 3739 2948 3808 utique
2969 3737 3163 3794 fuisset
3187 3739 3267 3792 sol
3290 3735 3469 3792 Evan-

1866 3833 1992 3903 gelii
2023 3851 2042 3886 τ
2069 3844 2354 3902 propterea
2384 3832 2644 3888 Dominus
2676 3834 2984 3902 anticipans
3016 3835 3274 3886 admonet
3302 3832 3469 3887 disci-

1866 3927 2020 3996 pulos
2055 3942 2120 3980 ne
2151 3927 2444 3980 vindictam
2478 3927 2543 3980 de
2588 3926 2824 3981 inimicis
2858 3934 3117 3990 sumant,
3161 3925 3255 3979 sed
3285 3924 3468 3980 omnia

1867 4035 1986 4089 quae
2008 4021 2288 4083 eveniunt,
2325 4020 2540 4074 fortiter
2569 4018 2767 4082 ferant,
2797 4019 3048 4088 quamvis
3069 4019 3291 4088 quidam
3325 4019 3468 4086 inju-

1866 4113 1946 4168 ria
1979 4110 2248 4174 aﬂiciant,
2287 4113 2539 4182 quamvis
2578 4112 2884 4178 irreligiose
2917 4112 3279 4175 insidientur;
3325 4112 3469 4165 sicut

1864 4215 1920 4261 et
1946 4208 2060 4274 ipse
2092 4206 2325 4259 incruce
2354 4203 2608 4269 faciebat,
2636 4204 2862 4258 dicens:
2896 4203 3079 4272 Pater,
3113 4204 3327 4258 dimitte
3350 4205 3466 4270 eis;

1867 4298 2121 4351 nesciunt
2175 4298 2319 4349 enim
2373 4295 2502 4363 quid
2568 4295 2796 4348 faciunt.
2854 4293 3057 4349 Deinde
3114 4311 3179 4348 ne
3236 4295 3464 4364 apostoli

1866 4389 2048 4441 dicere
2080 4388 2291 4455 possint
2317 4387 2659 4455 impossibile
2687 4401 2809 4440 esse
2843 4395 3173 4454 praeceptum
3204 4386 3463 4455 diligendi

1871 4477 2153 4539 inimicos,
2205 4475 2337 4529 dicit
2377 4494 2390 4530 :
2437 4477 2592 4542 Quod
2635 4476 2732 4530 tibi
2787 4478 2870 4531 vis
2899 4476 3050 4540 ﬁeri,
3104 4477 3205 4530 hoc
3246 4488 3303 4531 et
3346 4477 3468 4532 aliis

163 4568 429 4621 ἀδύνατον
475 4564 613 4620 εἶναι
667 4569 728 4620 τὸ
783 4569 1026 4621 τοιοῦτον
1079 4569 1383 4638 ἐπίταγμα,
1421 4570 1483 4622 τὸ
1537 4573 1760 4642 ἀγαπᾷν

1869 4565 2035 4621 facito
2063 4585 2076 4620 :
2108 4575 2161 4621 et
2193 4577 2311 4621 esto
2349 4567 2472 4621 talis
2503 4567 2650 4630 aliis,
2685 4567 2876 4636 quales
2909 4568 3047 4620 alios
3082 4567 3177 4620 tibi
3210 4583 3333 4623 esse
3362 4569 3464 4624 vis.

163 4663 290 4722 τοὺς
324 4660 574 4731 ἐχθροὺς,
607 4661 792 4730 φησὶν,
828 4662 893 4713 Ὃ
923 4662 1018 4712 ἐὰν
1057 4660 1216 4732 θέλῃς
1262 4664 1326 4715 σὺ
1375 4665 1469 4716 ἐπὶ
1504 4665 1755 4731 σεαυτοῦ,

163 4755 326 4808 τοῦτο
360 4754 590 4820 ἔνδειξαι
623 4755 718 4807 καὶ
761 4757 875 4816 τοῖς
907 4755 1139 4826 ἑτέροις.
1173 4755 1286 4810 Καὶ
1327 4756 1488 4824 γενοῦ
1517 4757 1757 4822 τοιοῦτος

163 4848 363 4910 ἀλλοις,
403 4847 549 4909 οἴους
581 4847 646 4900 ἂν
683 4847 846 4918 θέλῃς
893 4850 1026 4919 περὶ
1076 4849 1303 4901 σεαυτὸν
1338 4849 1593 4917 γενέσθαι
1641 4851 1759 4903 ἐτέ-

166 4956 314 5009 ρους.
351 4939 410 4991 El
442 4939 541 5006 μὲν
569 4940 839 5010 σκληροὺς
871 4943 964 4992 καὶ
992 4940 1341 5017 ἀσυμπαθεῖς
1386 4942 1479 4994 καὶ
1506 4942 1758 5013 ὀργίλους

168 5031 346 5094 θέλεις
377 5028 516 5084 εἶναι
547 5035 670 5095 τοὺς
721 5032 950 5103 ἐχθρούς
980 5050 1083 5098 σοι,
1131 5033 1224 5086 ίσο
1265 5035 1360 5086 καὶ
1395 5035 1459 5087 σὺ
1490 5036 1755 5103 τοιοῦτος,

169 5127 216 5176 εί
242 5123 296 5175 δὲ
323 5124 636 5176 τούναντίον
665 5124 906 5193 ἀγαθοὺς
946 5128 1038 5180 καὶ
1070 5129 1378 5195 συμπαθεῖς
1404 5128 1497 5180 καὶ
1523 5127 1760 5199 ἀμνησι-

168 5216 394 5279 κάκους,
439 5218 512 5286 μὴ
550 5217 810 5270 ἀδύνατον
847 5213 987 5271 εῖναι
1045 5218 1236 5288 νόμιζε
1281 5218 1341 5271 τὸ
1381 5219 1622 5282 τοιοῦτος
1662 5223 1759 5275 καὶ

166 5310 329 5370 αὐτὸς
364 5305 522 5363 εἶναι.
573 5311 733 5380 Ὁρᾷς
768 5310 931 5379 νόμον
969 5311 1210 5382 ἔμφυτον
1241 5313 1297 5364 ἐν
1337 5315 1459 5376 ταῖς
1507 5313 1758 5383 καρδίαις

166 5402 323 5473 ἡμῶν
374 5403 870 5472 ὲγγεγραμμένον;
905 5404 1061 5458 Οὕτω
1106 5406 1199 5459 καὶ
1243 5409 1269 5458 6
1306 5407 1512 5476 Κύριος
1560 5402 1754 5462 εἶπεν

178 5494 266 5546 Ἐν
298 5497 416 5557 ταῖς
461 5494 701 5564 ἡμέραις
744 5497 982 5560 ἐκείναις
1033 5497 1210 5560 διδοὺς
1261 5499 1458 5566 νόμους
1505 5517 1629 5570 μου,
1678 5503 1758 5565 είς

163 5585 262 5656 τὴν
291 5586 534 5638 διάνοιαν
565 5588 746 5640 αὐτῶν
771 5587 866 5642 καὶ
901 5589 992 5640 ἐπὶ
1022 5589 1131 5642 τῶν
1157 5590 1401 5657 Δκαρδιῶν
1426 5591 1606 5644 αὐτῶν
1635 5593 1759 5644 ἐπι-

165 5678 365 5749 γράψω
394 5677 614 5745 αὐτούς,
654 5677 788 5733 Εἶτα
819 5681 912 5734 καὶ
959 5679 1128 5752 ἀλλην
1166 5682 1414 5752 ἀνάγκην
1447 5683 1759 5753 ἐπιτίθησιν

165 5773 323 5843 ἡμῖν,
365 5773 446 5826 ὃτι
518 5773 643 5826 Ἑάν
695 5776 949 5842 ἀγαπᾶτε
1002 5774 1129 5838 τοὺς
1181 5775 1536 5843 ἀγαπῶντας,
1581 5777 1758 5845 ὅμοιοί

164 5863 665 5936 ἐστε·ἀμαρτωλοῖς
695 5867 789 5921 καὶ
824 5866 1076 5932 ἐθνικοῖς.
1111 5867 1236 5923 Ἐὰν
1264 5867 1318 5922 δὲ
1350 5871 1600 5938 ἀγαπᾶτε
1631 5872 1756 5932 τοὺς

1871 4660 1928 4714 Si
1972 4660 2190 4729 quidem
2233 4660 2403 4714 duros
2458 4669 2512 4713 et
2559 4660 3017 4727 incompatientes
3061 4673 3114 4713 et
3171 4660 3467 4716 iracundos

1869 4752 2109 4807 volueris
2143 4767 2269 4807 esse
2301 4751 2396 4805 tibi
2427 4752 2699 4817 inimicos,
2730 4761 2849 4806 esto
2873 4763 2928 4806 et
2957 4761 3013 4806 tu
3047 4752 3189 4814 talis,
3222 4753 3305 4807 sin
3346 4753 3464 4808 illos

1870 4845 2111 4900 volueris
2138 4859 2261 4900 esse
2297 4845 2490 4912 bonos,
2512 4857 2568 4900 et
2591 4846 3016 4914 compatieutes,
3049 4853 3103 4900 et
3139 4846 3467 4914 injuriarum

1869 4938 2248 5001 immemores,
2290 4953 2358 4992 ne
2399 4938 2736 5008 impossibile
2765 4940 2959 4995 credas
2989 4954 3111 4994 esse
3150 4942 3294 5008 Quod
3327 4950 3382 4994 et
3414 4950 3465 4993 tu

1873 5030 1994 5085 talis
2027 5031 2144 5084 fias.
2176 5031 2341 5085 Vides
2364 5031 2534 5100 legem
2567 5031 2870 5085 naturalem
2898 5034 2951 5085 in
2977 5033 3234 5086 cordibus
3263 5043 3466 5086 nostris

1870 5123 2332 5192 inscriptam?Sic
2356 5137 2412 5179 et
2431 5123 2696 5179 Dominus
2719 5127 2883 5180 dixit:
2911 5125 2967 5179 in
2988 5127 3177 5182 diebus
3205 5128 3309 5180 illis
3334 5127 3468 5182 dans

1869 5217 2016 5286 leges
2062 5233 2212 5273 ineas
2255 5219 2310 5272 in
2359 5229 2596 5274 mentem
2632 5219 2796 5290 313
2826 5221 3062 5284 illorum,
3114 5231 3170 5276 et
3205 5221 3258 5275 in
3303 5223 3466 5276 corda

1869 5311 2081 5364 illorum
2117 5313 2416 5366 inscribam
2466 5327 2583 5367 eas.
2633 5315 2828 5370 Postea
2885 5325 2940 5369 et
2981 5316 3085 5369 alia
3136 5317 3469 5372 necessitate

1869 5419 1967 5458 nos
2005 5416 2180 5473 urget.
2245 5405 2303 5458 Si
2340 5404 2568 5471 diligitis
2605 5421 2699 5461 eos
2737 5407 2827 5475 qui
2868 5407 3022 5462 vobis
3057 5408 3195 5463 bene
3237 5407 3466 5473 faciunt,

1870 5495 2076 5552 similes
2102 5495 2235 5551 estis
2262 5499 2642 5565 peccatoribus
2671 5509 2726 5554 et
2766 5500 3080 5569 gentilibus.
3117 5500 3210 5553 Sin
3242 5499 3468 5570 diligitis

1868 5604 1962 5646 eos
1996 5593 2089 5660 qui
2143 5593 2293 5646 vobis
2335 5592 2724 5658 malefzteiunt,
2764 5594 2974 5649 similes
3013 5593 3146 5648 estis
3184 5590 3332 5656 Deo,
3374 5589 3468 5660 qui

1867 5695 1954 5739 est
1986 5687 2162 5740 bonus
2192 5686 2420 5753 ingratis
2465 5698 2518 5739 et
2562 5687 2740 5742 malis.
2806 5687 3003 5742 Utrum
3050 5686 3214 5756 igitur
3253 5685 3363 5739 Deo
3397 5697 3467 5738 an

1869 5778 2252 5849 peccatoribus
2311 5780 2521 5834 similes
2574 5781 2687 5832 Iieri
2741 5779 2940 5834 vultis?
2999 5778 3159 5833 Vides
3221 5776 3466 5832 divinam

1870 5873 2221 5929 doctrinam?
2255 5871 2499 5929 Primum
2533 5889 2563 5928 a
2593 5873 2826 5930 naturali
2865 5873 2983 5944 lege
3017 5883 3067 5930 ιο
3089 5871 3296 5928 docuit.
3329 5867 3468 5926 Nam
