  <div class='ocr_page' id='page_1' title='image "/cluster/home/n/w/nwhite01/storage/ocr_20150623/123/nnc1.0046979670/417.png"; bbox 0 0 4256 6432; ppageno 0'>
   <div class='ocr_carea' id='block_1_1' title="bbox 735 355 845 421">
    <p class='ocr_par' dir='ltr' id='par_1_1' title="bbox 735 355 845 421">
     <span class='ocr_line' id='line_1_1' title="bbox 735 355 845 421; baseline 0.027 -3"><span class='ocrx_word' id='word_1_1' title='bbox 735 355 845 421; x_wconf 78' lang='lat'><strong>775</strong></span> 
     </span>
    </p>
   </div>
   <div class='ocr_carea' id='block_1_2' title="bbox 739 541 2314 616">
    <p class='ocr_par' dir='ltr' id='par_1_2' title="bbox 739 541 2314 616">
     <span class='ocr_line' id='line_1_2' title="bbox 739 541 2314 616; baseline -0.012 -3"><span class='ocrx_word' id='word_1_2' title='bbox 739 578 767 613; x_wconf 85' lang='lat' dir='ltr'><strong>a</strong></span> <span class='ocrx_word' id='word_1_3' title='bbox 797 560 900 613; x_wconf 81' lang='lat' dir='ltr'><strong>ﬁne</strong></span> <span class='ocrx_word' id='word_1_4' title='bbox 921 575 980 611; x_wconf 87' lang='lat' dir='ltr'><strong>ac</strong></span> <span class='ocrx_word' id='word_1_5' title='bbox 1008 556 1269 616; x_wconf 86' lang='lat' dir='ltr'><strong>mercede,</strong></span> <span class='ocrx_word' id='word_1_6' title='bbox 1315 551 1613 606; x_wconf 80' lang='lat' dir='ltr'><strong>mercedem</strong></span> <span class='ocrx_word' id='word_1_7' title='bbox 1641 547 1786 601; x_wconf 89' lang='lat' dir='ltr'><strong>enim</strong></span> <span class='ocrx_word' id='word_1_8' title='bbox 1834 546 2117 616; x_wconf 85' lang='lat' dir='ltr'><strong>pollicetur</strong></span> <span class='ocrx_word' id='word_1_9' title='bbox 2140 541 2314 604; x_wconf 83' lang='lat' dir='ltr'><strong>vobis,</strong></span> 
     </span>
    </p>
   </div>
   <div class='ocr_carea' id='block_1_3' title="bbox 740 642 1426 719">
    <p class='ocr_par' dir='ltr' id='par_1_3' title="bbox 740 642 1426 719">
     <span class='ocr_line' id='line_1_3' title="bbox 740 642 1426 719; baseline -0.012 -16"><span class='ocrx_word' id='word_1_10' title='bbox 740 649 880 719; x_wconf 88' lang='lat' dir='ltr'><strong>quod</strong></span> <span class='ocrx_word' id='word_1_11' title='bbox 910 647 1112 701; x_wconf 80' lang='lat' dir='ltr'><strong>similes</strong></span> <span class='ocrx_word' id='word_1_12' title='bbox 1143 644 1284 697; x_wconf 82' lang='lat' dir='ltr'><strong>liatis</strong></span> <span class='ocrx_word' id='word_1_13' title='bbox 1314 642 1426 695; x_wconf 79' lang='lat' dir='ltr'><strong>hci.</strong></span> 
     </span>
    </p>
   </div>
   <div class='ocr_carea' id='block_1_4' title="bbox 1650 327 3367 406">
    <p class='ocr_par' dir='ltr' id='par_1_4' title="bbox 1650 327 3367 406">
     <span class='ocr_line' id='line_1_4' title="bbox 1650 327 3367 406; baseline -0.013 -1"><span class='ocrx_word' id='word_1_14' title='bbox 1650 336 2228 405; x_wconf 73' lang='lat' dir='ltr'><strong>THEOPHYLACTI</strong></span> <span class='ocrx_word' id='word_1_15' title='bbox 2263 334 2360 396; x_wconf 84' lang='lat' dir='ltr'><strong>8U</strong></span> <span class='ocrx_word' id='word_1_16' title='bbox 2370 328 2673 395; x_wconf 64' lang='grc' dir='ltr'><strong>[Α]Αῆιῶ</strong></span> <span class='ocrx_word' id='word_1_17' title='bbox 2714 327 3072 390; x_wconf 80' lang='lat' dir='ltr'><strong>ARCHlEP.</strong></span> <span class='ocrx_word' id='word_1_18' title='bbox 3361 399 3367 406; x_wconf 28' lang='grc'><strong><em>⁸</em></strong></span> 
     </span>
    </p>
   </div>
   <div class='ocr_carea' id='block_1_5' title="bbox 739 432 3367 536">
    <p class='ocr_par' dir='ltr' id='par_1_5' title="bbox 739 440 3367 536">
     <span class='ocr_line' id='line_1_5' title="bbox 739 440 3367 536; baseline -0.011 -16"><span class='ocrx_word' id='word_1_19' title='bbox 739 469 884 536; x_wconf 90' lang='lat' dir='ltr'><strong>quod</strong></span> <span class='ocrx_word' id='word_1_20' title='bbox 910 480 962 520; x_wconf 92' lang='lat' dir='ltr'><strong>tu</strong></span> <span class='ocrx_word' id='word_1_21' title='bbox 990 467 1086 520; x_wconf 87' lang='lat' dir='ltr'><strong>tibi</strong></span> <span class='ocrx_word' id='word_1_22' title='bbox 1109 467 1186 519; x_wconf 85' lang='lat' dir='ltr'><strong>vis</strong></span> <span class='ocrx_word' id='word_1_23' title='bbox 1216 464 1355 529; x_wconf 84' lang='lat' dir='ltr'><strong>ﬂeri,</strong></span> <span class='ocrx_word' id='word_1_24' title='bbox 1388 461 1488 515; x_wconf 83' lang='lat' dir='ltr'><strong>hoc</strong></span> <span class='ocrx_word' id='word_1_25' title='bbox 1512 460 1676 515; x_wconf 83' lang='lat' dir='ltr'><strong>etiam</strong></span> <span class='ocrx_word' id='word_1_26' title='bbox 1705 456 1862 510; x_wconf 77' lang='lat' dir='ltr'><strong>alteri</strong></span> <span class='ocrx_word' id='word_1_27' title='bbox 1892 455 2000 509; x_wconf 75' lang='lat' dir='ltr'><strong>lac.</strong></span> <span class='ocrx_word' id='word_1_28' title='bbox 2033 453 2234 507; x_wconf 84' lang='lat' dir='ltr'><strong>Deinde</strong></span> <span class='ocrx_word' id='word_1_29' title='bbox 2256 461 2310 504; x_wconf 91' lang='lat' dir='ltr'><strong>et</strong></span> <span class='ocrx_word' id='word_1_30' title='bbox 2341 458 2388 514; x_wconf 73' lang='grc' dir='ltr'>Α</span> <span class='ocrx_word' id='word_1_31' title='bbox 2415 448 2555 517; x_wconf 76' lang='grc' dir='ltr'>πρὸς</span> <span class='ocrx_word' id='word_1_32' title='bbox 2587 446 2733 515; x_wconf 77' lang='grc' dir='ltr'>ὑμᾶς</span> <span class='ocrx_word' id='word_1_33' title='bbox 2764 442 3256 536; x_wconf 74' lang='grc' dir='ltr'>πονηρευομένους,</span> <span class='ocrx_word' id='word_1_34' title='bbox 3285 440 3367 536; x_wconf 73' lang='grc' dir='ltr'>ὃμι</span> 
     </span>
    </p>
   </div>
   <div class='ocr_carea' id='block_1_6' title="bbox 2422 432 4017 536">
    <p class='ocr_par' dir='ltr' id='par_1_6' title="bbox 2422 432 4017 517">
     <span class='ocr_line' id='line_1_6' title="bbox 2422 432 4017 517; baseline -0.009 -16"><span class='ocrx_word' id='word_1_35' title='bbox 2422 448 2555 517; x_wconf 75' lang='grc' dir='ltr'>πρὸς</span> <span class='ocrx_word' id='word_1_36' title='bbox 2587 446 2733 515; x_wconf 78' lang='grc' dir='ltr'>ὑμᾶς</span> <span class='ocrx_word' id='word_1_37' title='bbox 2764 442 3256 514; x_wconf 77' lang='grc' dir='ltr'>πονηρευομένους,</span> <span class='ocrx_word' id='word_1_38' title='bbox 3285 437 3463 508; x_wconf 82' lang='grc' dir='ltr'>ὅμοιοί</span> <span class='ocrx_word' id='word_1_39' title='bbox 3506 437 3630 490; x_wconf 67' lang='grc' dir='ltr'>ἔστι</span> <span class='ocrx_word' id='word_1_40' title='bbox 3656 435 3736 506; x_wconf 85' lang='grc' dir='ltr'><strong>τῷ</strong></span> <span class='ocrx_word' id='word_1_41' title='bbox 3781 432 3930 503; x_wconf 76' lang='grc' dir='ltr'>Θεῷ,</span> <span class='ocrx_word' id='word_1_42' title='bbox 3956 434 4017 494; x_wconf 72' lang='grc' dir='ltr'>ὃς</span> 
     </span>
    </p>
   </div>
   <div class='ocr_carea' id='block_1_7' title="bbox 3901 318 4016 380">
    <p class='ocr_par' dir='ltr' id='par_1_7' title="bbox 3901 318 4016 380">
     <span class='ocr_line' id='line_1_7' title="bbox 3901 318 4016 380; baseline 0.035 -4"><span class='ocrx_word' id='word_1_43' title='bbox 3901 318 4016 380; x_wconf 72' lang='grc' dir='ltr'><strong>’ΠΕ</strong></span> 
     </span>
    </p>
   </div>
   <div class='ocr_carea' id='block_1_8' title="bbox 2424 524 4015 604">
    <p class='ocr_par' dir='ltr' id='par_1_8' title="bbox 2424 524 4015 604">
     <span class='ocr_line' id='line_1_8' title="bbox 2424 524 4015 604; baseline -0.009 -13"><span class='ocrx_word' id='word_1_44' title='bbox 2424 540 2573 592; x_wconf 65' lang='grc' dir='ltr'>ἔστιν</span> <span class='ocrx_word' id='word_1_45' title='bbox 2607 536 2813 604; x_wconf 84' lang='grc' dir='ltr'>ἀγαθὸς</span> <span class='ocrx_word' id='word_1_46' title='bbox 2859 534 2954 587; x_wconf 75' lang='grc' dir='ltr'><strong>ἐπὶ</strong></span> <span class='ocrx_word' id='word_1_47' title='bbox 3002 534 3126 596; x_wconf 81' lang='grc' dir='ltr'>τοὺς</span> <span class='ocrx_word' id='word_1_48' title='bbox 3184 532 3514 600; x_wconf 77' lang='grc' dir='ltr'><strong>ἀχαρίστους</strong></span> <span class='ocrx_word' id='word_1_49' title='bbox 3569 530 3664 581; x_wconf 77' lang='grc' dir='ltr'>καὶ</span> <span class='ocrx_word' id='word_1_50' title='bbox 3711 524 4015 597; x_wconf 86' lang='grc' dir='ltr'>πονηρούς.</span> 
     </span>
    </p>
   </div>
   <div class='ocr_carea' id='block_1_9' title="bbox 2422 618 4014 694">
    <p class='ocr_par' dir='ltr' id='par_1_9' title="bbox 2422 618 4014 694">
     <span class='ocr_line' id='line_1_9' title="bbox 2422 618 4014 694; baseline -0.009 -11"><span class='ocrx_word' id='word_1_51' title='bbox 2422 631 2582 683; x_wconf 84' lang='grc' dir='ltr'>Ποῖον</span> <span class='ocrx_word' id='word_1_52' title='bbox 2611 627 2704 682; x_wconf 82' lang='grc' dir='ltr'>οὖν</span> <span class='ocrx_word' id='word_1_53' title='bbox 2745 628 2950 688; x_wconf 77' lang='grc' dir='ltr'>θέλετε,</span> <span class='ocrx_word' id='word_1_54' title='bbox 2989 628 3165 694; x_wconf 86' lang='grc' dir='ltr'>ὅμοιοι</span> <span class='ocrx_word' id='word_1_55' title='bbox 3212 621 3355 676; x_wconf 69' lang='grc' dir='ltr'>εἶναι</span> <span class='ocrx_word' id='word_1_56' title='bbox 3402 623 3513 675; x_wconf 83' lang='grc' dir='ltr'>τῶν</span> <span class='ocrx_word' id='word_1_57' title='bbox 3559 618 3937 690; x_wconf 76' lang='grc' dir='ltr'><strong>ἁμαρτωλῶν,</strong></span> <span class='ocrx_word' id='word_1_58' title='bbox 3980 618 4014 674; x_wconf 78' lang='grc' dir='ltr'>ἢ</span> 
     </span>
    </p>
   </div>
   <div class='ocr_carea' id='block_1_10' title="bbox 739 717 4018 807">
    <p class='ocr_par' dir='ltr' id='par_1_10' title="bbox 739 717 4018 807">
     <span class='ocr_line' id='line_1_10' title="bbox 739 717 4018 807; baseline -0.009 -14"><span class='ocrx_word' id='word_1_59' title='bbox 739 717 911 807; x_wconf 65' lang='grc' dir='ltr'>δμοιοι</span> <span class='ocrx_word' id='word_1_60' title='bbox 963 734 1102 790; x_wconf 78' lang='grc' dir='ltr'>εἶναι</span> <span class='ocrx_word' id='word_1_61' title='bbox 1149 737 1240 790; x_wconf 78' lang='grc' dir='ltr'><strong>τοῦ</strong></span> <span class='ocrx_word' id='word_1_62' title='bbox 1289 736 1466 798; x_wconf 87' lang='grc' dir='ltr'>Θεοῦ;</span> <span class='ocrx_word' id='word_1_63' title='bbox 1520 735 1683 803; x_wconf 79' lang='grc' dir='ltr'>Ὁρᾷς</span> <span class='ocrx_word' id='word_1_64' title='bbox 1723 732 2073 786; x_wconf 71' lang='grc' dir='ltr'><strong>διδασκαλίαν</strong></span> <span class='ocrx_word' id='word_1_65' title='bbox 2123 730 2316 792; x_wconf 86' lang='grc' dir='ltr'>θείαν;</span> <span class='ocrx_word' id='word_1_66' title='bbox 2359 725 2585 778; x_wconf 85' lang='grc' dir='ltr'>Ἔπεισέ</span> <span class='ocrx_word' id='word_1_67' title='bbox 2651 741 2710 776; x_wconf 90' lang='grc' dir='ltr'><strong>σε</strong></span> <span class='ocrx_word' id='word_1_68' title='bbox 2777 725 2993 792; x_wconf 83' lang='grc' dir='ltr'>πρῶτον</span> <span class='ocrx_word' id='word_1_69' title='bbox 3024 723 3132 775; x_wconf 76' lang='grc' dir='ltr'>ἀπὸ</span> <span class='ocrx_word' id='word_1_70' title='bbox 3170 721 3265 774; x_wconf 82' lang='grc' dir='ltr'><strong>τοῦ</strong></span> <span class='ocrx_word' id='word_1_71' title='bbox 3302 717 3535 787; x_wconf 82' lang='grc' dir='ltr'>φυσικοῦ</span> <span class='ocrx_word' id='word_1_72' title='bbox 3562 717 3748 787; x_wconf 85' lang='grc' dir='ltr'>νόμου.</span> <span class='ocrx_word' id='word_1_73' title='bbox 3792 717 3860 767; x_wconf 88' lang='lat'><strong>&#39;0</strong></span> <span class='ocrx_word' id='word_1_74' title='bbox 3905 717 4018 784; x_wconf 71' lang='grc' dir='ltr'><strong>γὰρ</strong></span> 
     </span>
    </p>
   </div>
   <div class='ocr_carea' id='block_1_11' title="bbox 740 807 4018 897">
    <p class='ocr_par' dir='ltr' id='par_1_11' title="bbox 740 807 4018 897">
     <span class='ocr_line' id='line_1_11' title="bbox 740 807 4018 897; baseline -0.008 -11"><span class='ocrx_word' id='word_1_75' title='bbox 740 835 910 894; x_wconf 84' lang='grc' dir='ltr'>θέλεις</span> <span class='ocrx_word' id='word_1_76' title='bbox 961 836 1024 884; x_wconf 80' lang='grc' dir='ltr'>σὺ</span> <span class='ocrx_word' id='word_1_77' title='bbox 1077 829 1330 897; x_wconf 88' lang='grc' dir='ltr'>γενέσθαι</span> <span class='ocrx_word' id='word_1_78' title='bbox 1381 845 1484 890; x_wconf 84' lang='grc' dir='ltr'>σοι,</span> <span class='ocrx_word' id='word_1_79' title='bbox 1545 827 1704 879; x_wconf 86' lang='grc' dir='ltr'>τοῦτο</span> <span class='ocrx_word' id='word_1_80' title='bbox 1761 828 1855 879; x_wconf 75' lang='grc' dir='ltr'>καὶ</span> <span class='ocrx_word' id='word_1_81' title='bbox 1910 826 2072 886; x_wconf 74' lang='grc' dir='ltr'>αὐτὸς</span> <span class='ocrx_word' id='word_1_82' title='bbox 2125 823 2305 883; x_wconf 76' lang='grc' dir='ltr'>ἄλλοις</span> <span class='ocrx_word' id='word_1_83' title='bbox 2345 820 2507 872; x_wconf 90' lang='grc' dir='ltr'>ποίει.</span> <span class='ocrx_word' id='word_1_84' title='bbox 2548 815 2681 870; x_wconf 76' lang='grc' dir='ltr'>Εἶτα</span> <span class='ocrx_word' id='word_1_85' title='bbox 2724 816 2899 869; x_wconf 78' lang='grc' dir='ltr'><strong>πείθει</strong></span> <span class='ocrx_word' id='word_1_86' title='bbox 2943 833 3002 869; x_wconf 86' lang='grc' dir='ltr'><strong>σε</strong></span> <span class='ocrx_word' id='word_1_87' title='bbox 3038 816 3132 869; x_wconf 77' lang='grc' dir='ltr'><strong>καὶ</strong></span> <span class='ocrx_word' id='word_1_88' title='bbox 3185 814 3293 868; x_wconf 85' lang='grc' dir='ltr'>ἀπὸ</span> <span class='ocrx_word' id='word_1_89' title='bbox 3332 813 3426 866; x_wconf 89' lang='grc' dir='ltr'><strong>τοῦ</strong></span> <span class='ocrx_word' id='word_1_90' title='bbox 3447 811 3634 874; x_wconf 88' lang='grc' dir='ltr'>τέλους</span> <span class='ocrx_word' id='word_1_91' title='bbox 3662 807 3884 863; x_wconf 79' lang='grc' dir='ltr'>καὶτοῦ</span> <span class='ocrx_word' id='word_1_92' title='bbox 3922 826 4018 878; x_wconf 84' lang='grc' dir='ltr'>μι-</span> 
     </span>
    </p>
   </div>
   <div class='ocr_carea' id='block_1_12' title="bbox 740 910 2588 993">
    <p class='ocr_par' dir='ltr' id='par_1_12' title="bbox 740 910 2588 993">
     <span class='ocr_line' id='line_1_12' title="bbox 740 910 2588 993; baseline -0.009 -14"><span class='ocrx_word' id='word_1_93' title='bbox 740 926 891 979; x_wconf 86' lang='grc' dir='ltr'>σθοῦ·</span> <span class='ocrx_word' id='word_1_94' title='bbox 927 923 1116 993; x_wconf 85' lang='grc' dir='ltr'>μισθὸν</span> <span class='ocrx_word' id='word_1_95' title='bbox 1142 923 1248 990; x_wconf 84' lang='grc' dir='ltr'><strong>γὰρ</strong></span> <span class='ocrx_word' id='word_1_96' title='bbox 1283 921 1627 988; x_wconf 83' lang='grc' dir='ltr'>ὑπισχνεῖται</span> <span class='ocrx_word' id='word_1_97' title='bbox 1661 921 1790 988; x_wconf 84' lang='grc' dir='ltr'>ὑμῖν</span> <span class='ocrx_word' id='word_1_98' title='bbox 1831 917 1892 970; x_wconf 85' lang='grc' dir='ltr'>τὸ</span> <span class='ocrx_word' id='word_1_99' title='bbox 1921 915 2138 985; x_wconf 81' lang='grc' dir='ltr'>ὁμοίους</span> <span class='ocrx_word' id='word_1_100' title='bbox 2164 912 2417 981; x_wconf 88' lang='grc' dir='ltr'>γενέσθαι</span> <span class='ocrx_word' id='word_1_101' title='bbox 2446 910 2588 980; x_wconf 84' lang='grc' dir='ltr'><strong>Θεῷ.</strong></span> 
     </span>
    </p>
   </div>
   <div class='ocr_carea' id='block_1_13' title="bbox 813 1005 2315 1075">
    <p class='ocr_par' dir='ltr' id='par_1_13' title="bbox 813 1005 2315 1075">
     <span class='ocr_line' id='line_1_13' title="bbox 813 1005 2315 1075; baseline -0.008 -9"><span class='ocrx_word' id='word_1_102' title='bbox 813 1012 976 1066; x_wconf 72' lang='lat' dir='ltr'><strong>Vens.</strong></span> <span class='ocrx_word' id='word_1_103' title='bbox 1039 1011 1226 1065; x_wconf 73' lang='lat'><strong>37-40.</strong></span> <span class='ocrx_word' id='word_1_104' title='bbox 1267 1030 1284 1061; x_wconf 82' lang='grc' dir='ltr'><strong>ι</strong></span> <span class='ocrx_word' id='word_1_105' title='bbox 1325 1009 1497 1062; x_wconf 85' lang='lat' dir='ltr'><strong>Nolite</strong></span> <span class='ocrx_word' id='word_1_106' title='bbox 1526 1010 1788 1075; x_wconf 87' lang='lat' dir='ltr'><strong>judicare,</strong></span> <span class='ocrx_word' id='word_1_107' title='bbox 1826 1019 1880 1061; x_wconf 91' lang='lat' dir='ltr'><strong>et</strong></span> <span class='ocrx_word' id='word_1_108' title='bbox 1913 1024 2016 1061; x_wconf 90' lang='lat' dir='ltr'><strong>non</strong></span> <span class='ocrx_word' id='word_1_109' title='bbox 2043 1005 2315 1072; x_wconf 81' lang='lat' dir='ltr'><strong>judicabi-</strong></span> 
     </span>
    </p>
   </div>
   <div class='ocr_carea' id='block_1_14' title="bbox 741 1095 2310 1162">
    <p class='ocr_par' dir='ltr' id='par_1_14' title="bbox 741 1095 2310 1162">
     <span class='ocr_line' id='line_1_14' title="bbox 741 1095 2310 1162; baseline -0.008 -4"><span class='ocrx_word' id='word_1_110' title='bbox 741 1109 891 1159; x_wconf 82' lang='lat' dir='ltr'><strong>mini.</strong></span> <span class='ocrx_word' id='word_1_111' title='bbox 922 1103 1099 1157; x_wconf 75' lang='lat' dir='ltr'><strong>Nolite</strong></span> <span class='ocrx_word' id='word_1_112' title='bbox 1140 1102 1503 1156; x_wconf 82' lang='lat' dir='ltr'><strong>condemnare</strong></span> <span class='ocrx_word' id='word_1_113' title='bbox 1525 1140 1539 1162; x_wconf 92' lang='lat'><strong>,</strong></span> <span class='ocrx_word' id='word_1_114' title='bbox 1577 1108 1630 1152; x_wconf 87' lang='lat' dir='ltr'><strong>ct</strong></span> <span class='ocrx_word' id='word_1_115' title='bbox 1662 1115 1765 1151; x_wconf 89' lang='lat' dir='ltr'><strong>non</strong></span> <span class='ocrx_word' id='word_1_116' title='bbox 1797 1095 2310 1151; x_wconf 82' lang='lat' dir='ltr'><strong>comiemnabimini.</strong></span> 
     </span>
    </p>
   </div>
   <div class='ocr_carea' id='block_1_15' title="bbox 741 1187 2316 1258">
    <p class='ocr_par' dir='ltr' id='par_1_15' title="bbox 741 1187 2316 1258">
     <span class='ocr_line' id='line_1_15' title="bbox 741 1187 2316 1258; baseline -0.009 -9"><span class='ocrx_word' id='word_1_117' title='bbox 741 1197 1056 1258; x_wconf 71' lang='lat' dir='ltr'><strong>Retnittite,</strong></span> <span class='ocrx_word' id='word_1_118' title='bbox 1110 1204 1164 1248; x_wconf 86' lang='lat' dir='ltr'><strong>et</strong></span> <span class='ocrx_word' id='word_1_119' title='bbox 1209 1193 1516 1246; x_wconf 92' lang='lat' dir='ltr'><strong>remittetur</strong></span> <span class='ocrx_word' id='word_1_120' title='bbox 1569 1191 1742 1242; x_wconf 86' lang='lat' dir='ltr'><strong>vobis.</strong></span> <span class='ocrx_word' id='word_1_121' title='bbox 1798 1190 1962 1251; x_wconf 85' lang='lat' dir='ltr'><strong>Date,</strong></span> <span class='ocrx_word' id='word_1_122' title='bbox 2008 1200 2061 1239; x_wconf 90' lang='lat' dir='ltr'><strong>et</strong></span> <span class='ocrx_word' id='word_1_123' title='bbox 2103 1187 2316 1239; x_wconf 87' lang='lat' dir='ltr'><strong>dabitur</strong></span> 
     </span>
    </p>
   </div>
   <div class='ocr_carea' id='block_1_16' title="bbox 739 1281 2313 1342">
    <p class='ocr_par' dir='ltr' id='par_1_16' title="bbox 739 1281 2313 1342">
     <span class='ocr_line' id='line_1_16' title="bbox 739 1281 2313 1342; baseline -0.01 0"><span class='ocrx_word' id='word_1_124' title='bbox 739 1290 912 1342; x_wconf 78' lang='lat' dir='ltr'><strong>vobis.</strong></span> <span class='ocrx_word' id='word_1_125' title='bbox 952 1289 1254 1340; x_wconf 73' lang='lat' dir='ltr'><strong>Mensuratn</strong></span> <span class='ocrx_word' id='word_1_126' title='bbox 1285 1285 1478 1337; x_wconf 86' lang='lat' dir='ltr'><strong>bonam</strong></span> <span class='ocrx_word' id='word_1_127' title='bbox 1510 1292 1565 1335; x_wconf 90' lang='lat' dir='ltr'><strong>et</strong></span> <span class='ocrx_word' id='word_1_128' title='bbox 1592 1281 1890 1335; x_wconf 83' lang='lat' dir='ltr'><strong>confertam</strong></span> <span class='ocrx_word' id='word_1_129' title='bbox 1922 1289 1973 1332; x_wconf 89' lang='lat' dir='ltr'><strong>et</strong></span> <span class='ocrx_word' id='word_1_130' title='bbox 1999 1293 2313 1330; x_wconf 75' lang='lat' dir='ltr'><strong>concussam</strong></span> 
     </span>
    </p>
   </div>
   <div class='ocr_carea' id='block_1_17' title="bbox 743 1371 2312 1447">
    <p class='ocr_par' dir='ltr' id='par_1_17' title="bbox 743 1371 2312 1447">
     <span class='ocr_line' id='line_1_17' title="bbox 743 1371 2312 1447; baseline -0.006 -15"><span class='ocrx_word' id='word_1_131' title='bbox 743 1392 902 1447; x_wconf 90' lang='lat' dir='ltr'><strong>atque</strong></span> <span class='ocrx_word' id='word_1_132' title='bbox 927 1381 1288 1431; x_wconf 77' lang='lat' dir='ltr'><strong>exundantem</strong></span> <span class='ocrx_word' id='word_1_133' title='bbox 1313 1377 1509 1429; x_wconf 89' lang='lat' dir='ltr'><strong>dabunt</strong></span> <span class='ocrx_word' id='word_1_134' title='bbox 1543 1377 1592 1426; x_wconf 91' lang='lat' dir='ltr'><strong>in</strong></span> <span class='ocrx_word' id='word_1_135' title='bbox 1619 1375 1795 1426; x_wconf 91' lang='lat' dir='ltr'><strong>sinum</strong></span> <span class='ocrx_word' id='word_1_136' title='bbox 1832 1382 2088 1425; x_wconf 69' lang='lat' dir='ltr'><strong>vestrum.</strong></span> <span class='ocrx_word' id='word_1_137' title='bbox 2115 1371 2312 1423; x_wconf 65' lang='lat' dir='ltr'><strong>Eadem</strong></span> 
     </span>
    </p>
   </div>
   <div class='ocr_carea' id='block_1_18' title="bbox 744 1460 2314 1537">
    <p class='ocr_par' dir='ltr' id='par_1_18' title="bbox 744 1460 2314 1537">
     <span class='ocr_line' id='line_1_18' title="bbox 744 1460 2314 1537; baseline -0.008 -16"><span class='ocrx_word' id='word_1_138' title='bbox 744 1472 937 1537; x_wconf 80' lang='lat' dir='ltr'><strong>quippe</strong></span> <span class='ocrx_word' id='word_1_139' title='bbox 963 1483 1210 1520; x_wconf 80' lang='lat' dir='ltr'><strong>mensura</strong></span> <span class='ocrx_word' id='word_1_140' title='bbox 1247 1481 1349 1533; x_wconf 90' lang='lat' dir='ltr'><strong>qua</strong></span> <span class='ocrx_word' id='word_1_141' title='bbox 1389 1466 1672 1526; x_wconf 90' lang='lat' dir='ltr'><strong>metituiui,</strong></span> <span class='ocrx_word' id='word_1_142' title='bbox 1709 1465 1998 1515; x_wconf 84' lang='lat' dir='ltr'><strong>metientur</strong></span> <span class='ocrx_word' id='word_1_143' title='bbox 2021 1460 2108 1512; x_wconf 83' lang='lat' dir='ltr'><strong>alii</strong></span> <span class='ocrx_word' id='word_1_144' title='bbox 2142 1462 2314 1512; x_wconf 82' lang='lat' dir='ltr'><strong>vobis.</strong></span> 
     </span>
    </p>
   </div>
   <div class='ocr_carea' id='block_1_19' title="bbox 747 1551 2317 1620">
    <p class='ocr_par' dir='ltr' id='par_1_19' title="bbox 747 1551 2317 1620">
     <span class='ocr_line' id='line_1_19' title="bbox 747 1551 2317 1620; baseline -0.006 -8"><span class='ocrx_word' id='word_1_145' title='bbox 747 1560 958 1613; x_wconf 77' lang='lat' dir='ltr'><strong>Dicebat</strong></span> <span class='ocrx_word' id='word_1_146' title='bbox 996 1569 1172 1611; x_wconf 84' lang='lat' dir='ltr'><strong>autem</strong></span> <span class='ocrx_word' id='word_1_147' title='bbox 1213 1559 1314 1610; x_wconf 90' lang='lat' dir='ltr'><strong>illis</strong></span> <span class='ocrx_word' id='word_1_148' title='bbox 1359 1557 1789 1609; x_wconf 78' lang='lat' dir='ltr'><strong>similitudinem.</strong></span> <span class='ocrx_word' id='word_1_149' title='bbox 1837 1551 2089 1620; x_wconf 85' lang='lat' dir='ltr'><strong>Nunquid</strong></span> <span class='ocrx_word' id='word_1_150' title='bbox 2142 1558 2317 1618; x_wconf 61' lang='lat' dir='ltr'><strong>potest</strong></span> 
     </span>
    </p>
   </div>
   <div class='ocr_carea' id='block_1_20' title="bbox 742 1641 2319 1705">
    <p class='ocr_par' dir='ltr' id='par_1_20' title="bbox 742 1641 2319 1705">
     <span class='ocr_line' id='line_1_20' title="bbox 742 1641 2319 1705; baseline -0.008 0"><span class='ocrx_word' id='word_1_151' title='bbox 742 1665 914 1705; x_wconf 72' lang='lat' dir='ltr'><strong>caecus</strong></span> <span class='ocrx_word' id='word_1_152' title='bbox 937 1665 1003 1703; x_wconf 71' lang='lat' dir='ltr'><strong>ca</strong></span> <span class='ocrx_word' id='word_1_153' title='bbox 1015 1665 1136 1703; x_wconf 87' lang='lat' dir='ltr'><strong>cum</strong></span> <span class='ocrx_word' id='word_1_154' title='bbox 1161 1650 1390 1702; x_wconf 86' lang='lat' dir='ltr'><strong>ducete‘!</strong></span> <span class='ocrx_word' id='word_1_155' title='bbox 1415 1663 1590 1702; x_wconf 85' lang='lat' dir='ltr'><strong>nonne</strong></span> <span class='ocrx_word' id='word_1_156' title='bbox 1612 1646 1769 1700; x_wconf 89' lang='lat' dir='ltr'><strong>ambo</strong></span> <span class='ocrx_word' id='word_1_157' title='bbox 1793 1647 1842 1697; x_wconf 91' lang='lat' dir='ltr'><strong>in</strong></span> <span class='ocrx_word' id='word_1_158' title='bbox 1870 1647 2078 1698; x_wconf 81' lang='lat' dir='ltr'><strong>l&#39;oveam</strong></span> <span class='ocrx_word' id='word_1_159' title='bbox 2101 1641 2319 1696; x_wconf 87' lang='lat' dir='ltr'><strong>cadent?</strong></span> 
     </span>
    </p>
   </div>
   <div class='ocr_carea' id='block_1_21' title="bbox 2508 993 4022 1070">
    <p class='ocr_par' dir='ltr' id='par_1_21' title="bbox 2508 993 4022 1070">
     <span class='ocr_line' id='line_1_21' title="bbox 2508 993 4022 1070; baseline -0.004 -18"><span class='ocrx_word' id='word_1_160' title='bbox 2508 1021 2525 1052; x_wconf 82' lang='lat' dir='ltr'><strong>t</strong></span> <span class='ocrx_word' id='word_1_161' title='bbox 2556 1003 2646 1059; x_wconf 75' lang='grc' dir='ltr'><strong>Μὴ</strong></span> <span class='ocrx_word' id='word_1_162' title='bbox 2681 1001 2913 1070; x_wconf 76' lang='grc' dir='ltr'><strong>κρίνετε,</strong></span> <span class='ocrx_word' id='word_1_163' title='bbox 2961 998 3056 1051; x_wconf 81' lang='grc' dir='ltr'>καὶ</span> <span class='ocrx_word' id='word_1_164' title='bbox 3089 997 3151 1050; x_wconf 85' lang='grc' dir='ltr'>οὐ</span> <span class='ocrx_word' id='word_1_165' title='bbox 3188 996 3262 1068; x_wconf 84' lang='grc' dir='ltr'>μὴ</span> <span class='ocrx_word' id='word_1_166' title='bbox 3312 997 3561 1067; x_wconf 85' lang='grc' dir='ltr'>κριθῆτε.</span> <span class='ocrx_word' id='word_1_167' title='bbox 3597 997 3686 1062; x_wconf 78' lang='grc' dir='ltr'><strong>Μὴ</strong></span> <span class='ocrx_word' id='word_1_168' title='bbox 3722 993 4022 1047; x_wconf 71' lang='grc' dir='ltr'>καταδικά-</span> 
     </span>
    </p>
   </div>
   <div class='ocr_carea' id='block_1_22' title="bbox 2425 1089 4020 1161">
    <p class='ocr_par' dir='ltr' id='par_1_22' title="bbox 2425 1089 4020 1161">
     <span class='ocr_line' id='line_1_22' title="bbox 2425 1089 4020 1161; baseline -0.004 -16"><span class='ocrx_word' id='word_1_169' title='bbox 2425 1093 2566 1158; x_wconf 82' lang='grc' dir='ltr'>ζετε,</span> <span class='ocrx_word' id='word_1_170' title='bbox 2624 1094 2716 1145; x_wconf 81' lang='grc' dir='ltr'>καὶ</span> <span class='ocrx_word' id='word_1_171' title='bbox 2768 1094 2830 1144; x_wconf 86' lang='grc' dir='ltr'>οὐ</span> <span class='ocrx_word' id='word_1_172' title='bbox 2896 1091 2972 1161; x_wconf 83' lang='grc' dir='ltr'>μὴ</span> <span class='ocrx_word' id='word_1_173' title='bbox 3023 1090 3459 1159; x_wconf 77' lang='grc' dir='ltr'><strong>καταδικασθῆτε</strong></span> <span class='ocrx_word' id='word_1_174' title='bbox 3490 1106 3505 1121; x_wconf 80' lang='grc'><strong><em>⁸</em></strong></span> <span class='ocrx_word' id='word_1_175' title='bbox 3557 1089 3863 1153; x_wconf 76' lang='grc' dir='ltr'>ἀπολύετε,</span> <span class='ocrx_word' id='word_1_176' title='bbox 3923 1090 4020 1140; x_wconf 84' lang='grc' dir='ltr'>καὶ</span> 
     </span>
    </p>
   </div>
   <div class='ocr_carea' id='block_1_23' title="bbox 2424 1182 4019 1254">
    <p class='ocr_par' dir='ltr' id='par_1_23' title="bbox 2424 1182 4019 1254">
     <span class='ocr_line' id='line_1_23' title="bbox 2424 1182 4019 1254; baseline -0.006 -14"><span class='ocrx_word' id='word_1_177' title='bbox 2424 1185 2858 1254; x_wconf 81' lang='grc' dir='ltr'>ἀπολυθήσεσθε.</span> <span class='ocrx_word' id='word_1_178' title='bbox 2902 1185 3105 1248; x_wconf 84' lang='grc' dir='ltr'>Δίδοτε,</span> <span class='ocrx_word' id='word_1_179' title='bbox 3139 1184 3235 1237; x_wconf 78' lang='grc' dir='ltr'>καὶ</span> <span class='ocrx_word' id='word_1_180' title='bbox 3281 1182 3571 1252; x_wconf 81' lang='grc' dir='ltr'>δοθήσεται</span> <span class='ocrx_word' id='word_1_181' title='bbox 3604 1183 3756 1252; x_wconf 83' lang='grc' dir='ltr'>ὑμῖν.</span> <span class='ocrx_word' id='word_1_182' title='bbox 3798 1182 4019 1249; x_wconf 79' lang='grc' dir='ltr'>Μέτρον</span> 
     </span>
    </p>
   </div>
   <div class='ocr_carea' id='block_1_24' title="bbox 2427 1272 4019 1345">
    <p class='ocr_par' dir='ltr' id='par_1_24' title="bbox 2427 1272 4019 1345">
     <span class='ocr_line' id='line_1_24' title="bbox 2427 1272 4019 1345; baseline -0.007 -15"><span class='ocrx_word' id='word_1_183' title='bbox 2427 1279 2589 1330; x_wconf 84' lang='grc' dir='ltr'>καλὸν</span> <span class='ocrx_word' id='word_1_184' title='bbox 2611 1277 2998 1345; x_wconf 82' lang='grc' dir='ltr'>πεπιεσμένον,</span> <span class='ocrx_word' id='word_1_185' title='bbox 3027 1276 3120 1328; x_wconf 78' lang='grc' dir='ltr'>καὶ</span> <span class='ocrx_word' id='word_1_186' title='bbox 3145 1273 3562 1342; x_wconf 80' lang='grc' dir='ltr'>σεσαλευμένον,</span> <span class='ocrx_word' id='word_1_187' title='bbox 3585 1272 3680 1325; x_wconf 79' lang='grc' dir='ltr'>καὶ</span> <span class='ocrx_word' id='word_1_188' title='bbox 3705 1275 4019 1339; x_wconf 81' lang='grc' dir='ltr'>ὑπερεκχυ-</span> 
     </span>
    </p>
   </div>
   <div class='ocr_carea' id='block_1_25' title="bbox 2425 1361 4020 1440">
    <p class='ocr_par' dir='ltr' id='par_1_25' title="bbox 2425 1361 4020 1440">
     <span class='ocr_line' id='line_1_25' title="bbox 2425 1361 4020 1440; baseline -0.007 -17"><span class='ocrx_word' id='word_1_189' title='bbox 2425 1371 2646 1440; x_wconf 85' lang='grc' dir='ltr'>νόμενον</span> <span class='ocrx_word' id='word_1_190' title='bbox 2682 1369 2914 1421; x_wconf 80' lang='grc' dir='ltr'>δώσουσι</span> <span class='ocrx_word' id='word_1_191' title='bbox 2940 1373 3018 1431; x_wconf 86' lang='grc' dir='ltr'><strong>είς</strong></span> <span class='ocrx_word' id='word_1_192' title='bbox 3042 1368 3134 1420; x_wconf 77' lang='grc' dir='ltr'>τὸν</span> <span class='ocrx_word' id='word_1_193' title='bbox 3157 1367 3356 1420; x_wconf 78' lang='grc' dir='ltr'>κόλπον</span> <span class='ocrx_word' id='word_1_194' title='bbox 3389 1366 3564 1434; x_wconf 86' lang='grc' dir='ltr'>ὑμῶν.</span> <span class='ocrx_word' id='word_1_195' title='bbox 3599 1364 3690 1431; x_wconf 82' lang='grc' dir='ltr'><strong>Τῷ</strong></span> <span class='ocrx_word' id='word_1_196' title='bbox 3721 1364 3832 1430; x_wconf 80' lang='grc' dir='ltr'><strong>γὰρ</strong></span> <span class='ocrx_word' id='word_1_197' title='bbox 3865 1361 4020 1430; x_wconf 79' lang='grc' dir='ltr'><strong>αὑτῷ</strong></span> 
     </span>
    </p>
   </div>
   <div class='ocr_carea' id='block_1_26' title="bbox 2430 1449 4022 1532">
    <p class='ocr_par' dir='ltr' id='par_1_26' title="bbox 2430 1449 4022 1532">
     <span class='ocr_line' id='line_1_26' title="bbox 2430 1449 4022 1532; baseline -0.004 -20"><span class='ocrx_word' id='word_1_198' title='bbox 2430 1464 2614 1532; x_wconf 77' lang='grc' dir='ltr'>μέτρῳ</span> <span class='ocrx_word' id='word_1_199' title='bbox 2646 1456 2688 1529; x_wconf 80' lang='grc' dir='ltr'>ᾧ</span> <span class='ocrx_word' id='word_1_200' title='bbox 2725 1464 2998 1531; x_wconf 78' lang='grc' dir='ltr'>μετρεῖτε,</span> <span class='ocrx_word' id='word_1_201' title='bbox 3031 1458 3566 1528; x_wconf 81' lang='grc' dir='ltr'>ἀντιμετρηθήσεται</span> <span class='ocrx_word' id='word_1_202' title='bbox 3600 1457 3752 1524; x_wconf 83' lang='grc' dir='ltr'>ὑμῖν.</span> <span class='ocrx_word' id='word_1_203' title='bbox 3793 1449 3932 1504; x_wconf 83' lang='grc' dir='ltr'>Είπε</span> <span class='ocrx_word' id='word_1_204' title='bbox 3965 1452 4022 1505; x_wconf 68' lang='grc' dir='ltr'>δὲ</span> 
     </span>
    </p>
   </div>
   <div class='ocr_carea' id='block_1_27' title="bbox 2425 1547 4022 1623">
    <p class='ocr_par' dir='ltr' id='par_1_27' title="bbox 2425 1547 4022 1623">
     <span class='ocr_line' id='line_1_27' title="bbox 2425 1547 4022 1623; baseline -0.006 -17"><span class='ocrx_word' id='word_1_205' title='bbox 2425 1557 2520 1606; x_wconf 75' lang='grc' dir='ltr'>καὶ</span> <span class='ocrx_word' id='word_1_206' title='bbox 2544 1553 2860 1623; x_wconf 73' lang='grc' dir='ltr'>παραϐολὴν</span> <span class='ocrx_word' id='word_1_207' title='bbox 2891 1556 3094 1615; x_wconf 73' lang='grc' dir='ltr'>αὐτοῖς.</span> <span class='ocrx_word' id='word_1_208' title='bbox 3133 1552 3222 1623; x_wconf 88' lang='grc' dir='ltr'>Μή</span> <span class='ocrx_word' id='word_1_209' title='bbox 3250 1570 3301 1604; x_wconf 89' lang='grc' dir='ltr'><strong>τι</strong></span> <span class='ocrx_word' id='word_1_210' title='bbox 3330 1550 3548 1603; x_wconf 86' lang='grc' dir='ltr'>δύναται</span> <span class='ocrx_word' id='word_1_211' title='bbox 3587 1548 3782 1616; x_wconf 79' lang='grc' dir='ltr'>τυφλὸς</span> <span class='ocrx_word' id='word_1_212' title='bbox 3818 1547 4022 1615; x_wconf 81' lang='grc' dir='ltr'>τυφλὸν</span> 
     </span>
    </p>
   </div>
   <div class='ocr_carea' id='block_1_28' title="bbox 2423 1639 4022 1715">
    <p class='ocr_par' dir='ltr' id='par_1_28' title="bbox 2423 1639 4022 1715">
     <span class='ocr_line' id='line_1_28' title="bbox 2423 1639 4022 1715; baseline -0.005 -17"><span class='ocrx_word' id='word_1_213' title='bbox 2423 1646 2670 1714; x_wconf 71' lang='grc' dir='ltr'>ὀδηγεῖνς</span> <span class='ocrx_word' id='word_1_214' title='bbox 2703 1647 3156 1715; x_wconf 49' lang='grc' dir='ltr'>Οὑχίάμφέτεροι</span> <span class='ocrx_word' id='word_1_215' title='bbox 3187 1647 3264 1706; x_wconf 86' lang='grc' dir='ltr'><strong>είς</strong></span> <span class='ocrx_word' id='word_1_216' title='bbox 3292 1643 3512 1713; x_wconf 86' lang='grc' dir='ltr'>βόθυνον</span> <span class='ocrx_word' id='word_1_217' title='bbox 3535 1641 3829 1694; x_wconf 83' lang='grc' dir='ltr'>πεσοῦνται</span> <span class='ocrx_word' id='word_1_218' title='bbox 3858 1657 3871 1702; x_wconf 89' lang='grc'><strong>;</strong></span> <span class='ocrx_word' id='word_1_219' title='bbox 3905 1639 4022 1692; x_wconf 69' lang='lat' dir='ltr'><strong>05x</strong></span> 
     </span>
    </p>
   </div>
   <div class='ocr_carea' id='block_1_29' title="bbox 743 1734 3367 1809">
    <p class='ocr_par' dir='ltr' id='par_1_29' title="bbox 743 1734 3367 1809">
     <span class='ocr_line' id='line_1_29' title="bbox 743 1734 3367 1809; baseline -0.003 -16"><span class='ocrx_word' id='word_1_220' title='bbox 743 1741 856 1794; x_wconf 76' lang='lat' dir='ltr'><strong>Non</strong></span> <span class='ocrx_word' id='word_1_221' title='bbox 882 1752 965 1794; x_wconf 83' lang='lat' dir='ltr'><strong>est</strong></span> <span class='ocrx_word' id='word_1_222' title='bbox 991 1739 1283 1809; x_wconf 75' lang='lat' dir='ltr'><strong>discipulus</strong></span> <span class='ocrx_word' id='word_1_223' title='bbox 1317 1755 1478 1808; x_wconf 92' lang='lat' dir='ltr'><strong>supra</strong></span> <span class='ocrx_word' id='word_1_224' title='bbox 1506 1740 1822 1806; x_wconf 84' lang='lat' dir='ltr'><strong>magistrum</strong></span> <span class='ocrx_word' id='word_1_225' title='bbox 1853 1753 2033 1798; x_wconf 88' lang='lat' dir='ltr'><strong>suum,</strong></span> <span class='ocrx_word' id='word_1_226' title='bbox 2059 1734 2327 1803; x_wconf 73' lang='lat' dir='ltr'><strong>perfectus</strong></span> <span class='ocrx_word' id='word_1_227' title='bbox 2362 1735 2401 1790; x_wconf 85' lang='grc' dir='ltr'><strong>Β</strong></span> <span class='ocrx_word' id='word_1_228' title='bbox 2431 1738 2546 1792; x_wconf 77' lang='grc' dir='ltr'>ἔστι</span> <span class='ocrx_word' id='word_1_229' title='bbox 2583 1738 2834 1808; x_wconf 82' lang='grc' dir='ltr'>μαθητὴς</span> <span class='ocrx_word' id='word_1_230' title='bbox 2870 1738 3010 1807; x_wconf 76' lang='grc' dir='ltr'>ὑπὲρ</span> <span class='ocrx_word' id='word_1_231' title='bbox 3042 1738 3131 1788; x_wconf 83' lang='grc' dir='ltr'>τὸν</span> <span class='ocrx_word' id='word_1_232' title='bbox 3179 1737 3367 1788; x_wconf 80' lang='grc' dir='ltr'>διδάσκ</span> 
     </span>
    </p>
   </div>
   <div class='ocr_carea' id='block_1_30' title="bbox 2422 1734 4023 1809">
    <p class='ocr_par' dir='ltr' id='par_1_30' title="bbox 2431 1734 4023 1808">
     <span class='ocr_line' id='line_1_30' title="bbox 2431 1734 4023 1808; baseline -0.006 -17"><span class='ocrx_word' id='word_1_233' title='bbox 2431 1738 2546 1792; x_wconf 77' lang='grc' dir='ltr'>ἔστι</span> <span class='ocrx_word' id='word_1_234' title='bbox 2583 1738 2834 1808; x_wconf 81' lang='grc' dir='ltr'>μαθητὴς</span> <span class='ocrx_word' id='word_1_235' title='bbox 2870 1738 3010 1807; x_wconf 76' lang='grc' dir='ltr'>ὑπὲρ</span> <span class='ocrx_word' id='word_1_236' title='bbox 3042 1738 3131 1788; x_wconf 83' lang='grc' dir='ltr'>τὸν</span> <span class='ocrx_word' id='word_1_237' title='bbox 3179 1737 3496 1788; x_wconf 75' lang='grc' dir='ltr'>διδάσκαλον</span> <span class='ocrx_word' id='word_1_238' title='bbox 3547 1734 3736 1787; x_wconf 85' lang='grc' dir='ltr'>αὑτοῦ.</span> <span class='ocrx_word' id='word_1_239' title='bbox 3792 1735 4023 1800; x_wconf 78' lang='grc' dir='ltr'>Κατηρ-</span> 
     </span>
    </p>
   </div>
   <div class='ocr_carea' id='block_1_31' title="bbox 745 1828 2321 1900">
    <p class='ocr_par' dir='ltr' id='par_1_31' title="bbox 745 1828 2321 1900">
     <span class='ocr_line' id='line_1_31' title="bbox 745 1828 2321 1900; baseline -0.004 -15"><span class='ocrx_word' id='word_1_240' title='bbox 745 1842 923 1885; x_wconf 80' lang='lat' dir='ltr'><strong>autem</strong></span> <span class='ocrx_word' id='word_1_241' title='bbox 957 1832 1134 1885; x_wconf 88' lang='lat' dir='ltr'><strong>omnis</strong></span> <span class='ocrx_word' id='word_1_242' title='bbox 1165 1833 1308 1893; x_wconf 88' lang='lat' dir='ltr'><strong>erit,</strong></span> <span class='ocrx_word' id='word_1_243' title='bbox 1348 1832 1484 1884; x_wconf 86' lang='lat' dir='ltr'><strong>sicut</strong></span> <span class='ocrx_word' id='word_1_244' title='bbox 1522 1833 1781 1900; x_wconf 77' lang='lat' dir='ltr'><strong>magister</strong></span> <span class='ocrx_word' id='word_1_245' title='bbox 1818 1831 2001 1896; x_wconf 49' lang='lat' dir='ltr'><strong>ipsius.</strong></span> <span class='ocrx_word' id='word_1_246' title='bbox 2044 1849 2060 1878; x_wconf 73' lang='grc' dir='ltr'><strong>ι</strong></span> <span class='ocrx_word' id='word_1_247' title='bbox 2095 1828 2321 1882; x_wconf 88' lang='lat' dir='ltr'><strong>Omnem</strong></span> 
     </span>
    </p>
   </div>
   <div class='ocr_carea' id='block_1_32' title="bbox 748 1919 2324 1976">
    <p class='ocr_par' dir='ltr' id='par_1_32' title="bbox 748 1919 2324 1976">
     <span class='ocr_line' id='line_1_32' title="bbox 748 1919 2324 1976; baseline -0.003 -1"><span class='ocrx_word' id='word_1_248' title='bbox 748 1923 994 1976; x_wconf 82' lang='lat' dir='ltr'><strong>morbum</strong></span> <span class='ocrx_word' id='word_1_249' title='bbox 1028 1921 1293 1975; x_wconf 78' lang='lat' dir='ltr'><strong>diﬂicilem</strong></span> <span class='ocrx_word' id='word_1_250' title='bbox 1326 1922 1391 1974; x_wconf 91' lang='lat' dir='ltr'><strong>ab</strong></span> <span class='ocrx_word' id='word_1_251' title='bbox 1422 1923 1710 1976; x_wconf 75' lang='lat' dir='ltr'><strong>animabus</strong></span> <span class='ocrx_word' id='word_1_252' title='bbox 1750 1922 1950 1974; x_wconf 88' lang='lat' dir='ltr'><strong>nostris</strong></span> <span class='ocrx_word' id='word_1_253' title='bbox 1975 1929 2188 1973; x_wconf 81' lang='lat' dir='ltr'><strong>amovet</strong></span> <span class='ocrx_word' id='word_1_254' title='bbox 2218 1919 2324 1971; x_wconf 85' lang='lat' dir='ltr'><strong>Du-</strong></span> 
     </span>
    </p>
   </div>
   <div class='ocr_carea' id='block_1_33' title="bbox 749 2011 2324 2079">
    <p class='ocr_par' dir='ltr' id='par_1_33' title="bbox 749 2011 2324 2079">
     <span class='ocr_line' id='line_1_33' title="bbox 749 2011 2324 2079; baseline -0.001 -15"><span class='ocrx_word' id='word_1_255' title='bbox 749 2013 928 2066; x_wconf 88' lang='lat' dir='ltr'><strong>miuus</strong></span> <span class='ocrx_word' id='word_1_256' title='bbox 952 2051 965 2074; x_wconf 97' lang='lat'><strong>,</strong></span> <span class='ocrx_word' id='word_1_257' title='bbox 1003 2011 1240 2064; x_wconf 80' lang='lat' dir='ltr'><strong>radicem</strong></span> <span class='ocrx_word' id='word_1_258' title='bbox 1276 2012 1398 2065; x_wconf 91' lang='lat' dir='ltr'><strong>dico</strong></span> <span class='ocrx_word' id='word_1_259' title='bbox 1445 2011 1733 2078; x_wconf 69' lang='lat' dir='ltr'><strong>superbiae.</strong></span> <span class='ocrx_word' id='word_1_260' title='bbox 1780 2011 1914 2064; x_wconf 68' lang='lat' dir='ltr'><strong>Nam</strong></span> <span class='ocrx_word' id='word_1_261' title='bbox 1945 2012 2034 2079; x_wconf 89' lang='lat' dir='ltr'><strong>qui</strong></span> <span class='ocrx_word' id='word_1_262' title='bbox 2085 2011 2324 2078; x_wconf 88' lang='lat' dir='ltr'><strong>seipsum</strong></span> 
     </span>
    </p>
   </div>
   <div class='ocr_carea' id='block_1_34' title="bbox 747 2101 2317 2170">
    <p class='ocr_par' dir='ltr' id='par_1_34' title="bbox 747 2101 2317 2170">
     <span class='ocr_line' id='line_1_34' title="bbox 747 2101 2317 2170; baseline -0.001 -16"><span class='ocrx_word' id='word_1_263' title='bbox 747 2118 851 2156; x_wconf 89' lang='lat' dir='ltr'><strong>non</strong></span> <span class='ocrx_word' id='word_1_264' title='bbox 893 2105 1232 2167; x_wconf 85' lang='lat' dir='ltr'><strong>considerat,</strong></span> <span class='ocrx_word' id='word_1_265' title='bbox 1285 2112 1337 2156; x_wconf 90' lang='lat' dir='ltr'><strong>et</strong></span> <span class='ocrx_word' id='word_1_266' title='bbox 1384 2101 1559 2155; x_wconf 75' lang='lat' dir='ltr'><strong>solum</strong></span> <span class='ocrx_word' id='word_1_267' title='bbox 1642 2103 1872 2156; x_wconf 88' lang='lat' dir='ltr'><strong>attendit</strong></span> <span class='ocrx_word' id='word_1_268' title='bbox 1929 2117 2013 2156; x_wconf 88' lang='lat' dir='ltr'><strong>res</strong></span> <span class='ocrx_word' id='word_1_269' title='bbox 2062 2102 2317 2170; x_wconf 80' lang='lat' dir='ltr'><strong>proximi,</strong></span> 
     </span>
    </p>
   </div>
   <div class='ocr_carea' id='block_1_35' title="bbox 746 2192 2321 2263">
    <p class='ocr_par' dir='ltr' id='par_1_35' title="bbox 746 2192 2321 2263">
     <span class='ocr_line' id='line_1_35' title="bbox 746 2192 2321 2263; baseline -0.002 -15"><span class='ocrx_word' id='word_1_270' title='bbox 746 2192 974 2263; x_wconf 76' lang='lat' dir='ltr'><strong>illasque</strong></span> <span class='ocrx_word' id='word_1_271' title='bbox 999 2204 1186 2248; x_wconf 65' lang='lat' dir='ltr'><strong>tonare</strong></span> <span class='ocrx_word' id='word_1_272' title='bbox 1217 2194 1350 2258; x_wconf 89' lang='lat' dir='ltr'><strong>vult,</strong></span> <span class='ocrx_word' id='word_1_273' title='bbox 1380 2205 1587 2246; x_wconf 82' lang='lat' dir='ltr'><strong>certum</strong></span> <span class='ocrx_word' id='word_1_274' title='bbox 1626 2194 1768 2262; x_wconf 86' lang='lat' dir='ltr'><strong>quod</strong></span> <span class='ocrx_word' id='word_1_275' title='bbox 1806 2193 2058 2260; x_wconf 82' lang='lat' dir='ltr'><strong>superbia</strong></span> <span class='ocrx_word' id='word_1_276' title='bbox 2091 2193 2321 2260; x_wconf 86' lang='lat' dir='ltr'><strong>capitur,</strong></span> 
     </span>
    </p>
   </div>
   <div class='ocr_carea' id='block_1_36' title="bbox 744 2282 2322 2351">
    <p class='ocr_par' dir='ltr' id='par_1_36' title="bbox 744 2282 2322 2351">
     <span class='ocr_line' id='line_1_36' title="bbox 744 2282 2322 2351; baseline 0 -13"><span class='ocrx_word' id='word_1_277' title='bbox 744 2296 799 2338; x_wconf 82' lang='lat' dir='ltr'><strong>et</strong></span> <span class='ocrx_word' id='word_1_278' title='bbox 841 2285 1177 2339; x_wconf 78' lang='lat' dir='ltr'><strong>obliviscitur</strong></span> <span class='ocrx_word' id='word_1_279' title='bbox 1216 2287 1318 2338; x_wconf 88' lang='lat' dir='ltr'><strong>sui.</strong></span> <span class='ocrx_word' id='word_1_280' title='bbox 1363 2282 1596 2338; x_wconf 86' lang='lat' dir='ltr'><strong>Omnino</strong></span> <span class='ocrx_word' id='word_1_281' title='bbox 1639 2286 1783 2337; x_wconf 89' lang='lat' dir='ltr'><strong>enim</strong></span> <span class='ocrx_word' id='word_1_282' title='bbox 1828 2288 1892 2337; x_wconf 84' lang='lat' dir='ltr'><strong>de</strong></span> <span class='ocrx_word' id='word_1_283' title='bbox 1937 2301 1992 2338; x_wconf 90' lang='lat' dir='ltr'><strong>se</strong></span> <span class='ocrx_word' id='word_1_284' title='bbox 2039 2287 2178 2351; x_wconf 83' lang='lat' dir='ltr'><strong>quod</strong></span> <span class='ocrx_word' id='word_1_285' title='bbox 2216 2299 2322 2338; x_wconf 89' lang='lat' dir='ltr'><strong>non</strong></span> 
     </span>
    </p>
   </div>
   <div class='ocr_carea' id='block_1_37' title="bbox 747 2379 2322 2446">
    <p class='ocr_par' dir='ltr' id='par_1_37' title="bbox 747 2379 2322 2446">
     <span class='ocr_line' id='line_1_37' title="bbox 747 2379 2322 2446; baseline -0.001 -15"><span class='ocrx_word' id='word_1_286' title='bbox 747 2386 933 2446; x_wconf 62' lang='grc' dir='ltr'>μεθίει</span> <span class='ocrx_word' id='word_1_287' title='bbox 961 2379 1167 2440; x_wconf 61' lang='lat' dir='ltr'><strong>sentit,</strong></span> <span class='ocrx_word' id='word_1_288' title='bbox 1221 2387 1274 2430; x_wconf 92' lang='lat' dir='ltr'><strong>et</strong></span> <span class='ocrx_word' id='word_1_289' title='bbox 1320 2389 1602 2446; x_wconf 64' lang='lat' dir='ltr'><strong>proyterea</strong></span> <span class='ocrx_word' id='word_1_290' title='bbox 1644 2379 1780 2432; x_wconf 89' lang='lat' dir='ltr'><strong>alios</strong></span> <span class='ocrx_word' id='word_1_291' title='bbox 1818 2391 2101 2445; x_wconf 83' lang='lat' dir='ltr'><strong>peccantes</strong></span> <span class='ocrx_word' id='word_1_292' title='bbox 2142 2394 2322 2446; x_wconf 86' lang='lat' dir='ltr'><strong>repre-</strong></span> 
     </span>
    </p>
   </div>
   <div class='ocr_carea' id='block_1_38' title="bbox 749 2467 2323 2539">
    <p class='ocr_par' dir='ltr' id='par_1_38' title="bbox 749 2467 2323 2539">
     <span class='ocr_line' id='line_1_38' title="bbox 749 2467 2323 2539; baseline -0.001 -16"><span class='ocrx_word' id='word_1_293' title='bbox 749 2471 953 2523; x_wconf 82' lang='lat' dir='ltr'><strong>hendit.</strong></span> <span class='ocrx_word' id='word_1_294' title='bbox 1006 2467 1170 2539; x_wconf 86' lang='lat' dir='ltr'><strong>igitur</strong></span> <span class='ocrx_word' id='word_1_295' title='bbox 1209 2470 1252 2522; x_wconf 88' lang='lat' dir='ltr'><strong>si</strong></span> <span class='ocrx_word' id='word_1_296' title='bbox 1300 2470 1379 2522; x_wconf 85' lang='lat' dir='ltr'><strong>vis</strong></span> <span class='ocrx_word' id='word_1_297' title='bbox 1419 2470 1865 2523; x_wconf 82' lang='lat' dir='ltr'><strong>incondetnnatus</strong></span> <span class='ocrx_word' id='word_1_298' title='bbox 1903 2483 2051 2532; x_wconf 83' lang='lat' dir='ltr'><strong>esse,</strong></span> <span class='ocrx_word' id='word_1_299' title='bbox 2099 2489 2164 2524; x_wconf 90' lang='lat' dir='ltr'><strong>ne</strong></span> <span class='ocrx_word' id='word_1_300' title='bbox 2192 2484 2323 2523; x_wconf 84' lang='lat' dir='ltr'><strong>con-</strong></span> 
     </span>
    </p>
   </div>
   <div class='ocr_carea' id='block_1_39' title="bbox 749 2559 2324 2627">
    <p class='ocr_par' dir='ltr' id='par_1_39' title="bbox 749 2559 2324 2627">
     <span class='ocr_line' id='line_1_39' title="bbox 749 2559 2324 2627; baseline 0.003 -15"><span class='ocrx_word' id='word_1_301' title='bbox 749 2561 970 2614; x_wconf 72' lang='lat' dir='ltr'><strong>demnes</strong></span> <span class='ocrx_word' id='word_1_302' title='bbox 998 2561 1153 2613; x_wconf 85' lang='lat' dir='ltr'><strong>alios.</strong></span> <span class='ocrx_word' id='word_1_303' title='bbox 1194 2559 1289 2612; x_wconf 85' lang='lat' dir='ltr'><strong>Dic</strong></span> <span class='ocrx_word' id='word_1_304' title='bbox 1315 2560 1497 2625; x_wconf 85' lang='lat' dir='ltr'><strong>enim,</strong></span> <span class='ocrx_word' id='word_1_305' title='bbox 1535 2574 1750 2627; x_wconf 67' lang='lat' dir='ltr'><strong>quaeso,</strong></span> <span class='ocrx_word' id='word_1_306' title='bbox 1791 2575 1958 2627; x_wconf 87' lang='lat' dir='ltr'><strong>quare</strong></span> <span class='ocrx_word' id='word_1_307' title='bbox 1996 2563 2324 2616; x_wconf 85' lang='lat' dir='ltr'><strong>condemnas</strong></span> 
     </span>
    </p>
   </div>
   <div class='ocr_carea' id='block_1_40' title="bbox 746 2649 2325 2720">
    <p class='ocr_par' dir='ltr' id='par_1_40' title="bbox 746 2649 2325 2720">
     <span class='ocr_line' id='line_1_40' title="bbox 746 2649 2325 2720; baseline 0 -14"><span class='ocrx_word' id='word_1_308' title='bbox 746 2649 910 2706; x_wconf 84' lang='lat' dir='ltr'><strong>alium</strong></span> <span class='ocrx_word' id='word_1_309' title='bbox 958 2662 1012 2702; x_wconf 92' lang='lat' dir='ltr'><strong>ut</strong></span> <span class='ocrx_word' id='word_1_310' title='bbox 1066 2654 1505 2720; x_wconf 57' lang='lat' dir='ltr'><strong>pravaricantetn</strong></span> <span class='ocrx_word' id='word_1_311' title='bbox 1551 2652 1769 2706; x_wconf 80' lang='lat' dir='ltr'><strong>divinas</strong></span> <span class='ocrx_word' id='word_1_312' title='bbox 1807 2653 1991 2720; x_wconf 79' lang='lat' dir='ltr'><strong>leges?</strong></span> <span class='ocrx_word' id='word_1_313' title='bbox 2038 2657 2227 2707; x_wconf 83' lang='lat' dir='ltr'><strong>Annon</strong></span> <span class='ocrx_word' id='word_1_314' title='bbox 2271 2664 2325 2707; x_wconf 89' lang='lat' dir='ltr'><strong>et</strong></span> 
     </span>
    </p>
   </div>
   <div class='ocr_carea' id='block_1_41' title="bbox 748 2744 2327 2814">
    <p class='ocr_par' dir='ltr' id='par_1_41' title="bbox 748 2744 2327 2814">
     <span class='ocr_line' id='line_1_41' title="bbox 748 2744 2327 2814; baseline 0.003 -19"><span class='ocrx_word' id='word_1_315' title='bbox 748 2753 804 2795; x_wconf 90' lang='lat' dir='ltr'><strong>tu</strong></span> <span class='ocrx_word' id='word_1_316' title='bbox 838 2746 1212 2811; x_wconf 65' lang='lat' dir='ltr'><strong>praevaricaris</strong></span> <span class='ocrx_word' id='word_1_317' title='bbox 1243 2745 1483 2798; x_wconf 79' lang='lat' dir='ltr'><strong>divinam</strong></span> <span class='ocrx_word' id='word_1_318' title='bbox 1519 2745 1732 2814; x_wconf 81' lang='lat' dir='ltr'><strong>legem?</strong></span> <span class='ocrx_word' id='word_1_319' title='bbox 1760 2744 1828 2799; x_wconf 87' lang='lat' dir='ltr'><strong>Ut</strong></span> <span class='ocrx_word' id='word_1_320' title='bbox 1868 2754 2075 2798; x_wconf 85' lang='lat' dir='ltr'><strong>taceam</strong></span> <span class='ocrx_word' id='word_1_321' title='bbox 2109 2747 2173 2798; x_wconf 88' lang='lat' dir='ltr'><strong>de</strong></span> <span class='ocrx_word' id='word_1_322' title='bbox 2205 2747 2327 2799; x_wconf 87' lang='lat' dir='ltr'><strong>aliis</strong></span> 
     </span>
    </p>
   </div>
   <div class='ocr_carea' id='block_1_42' title="bbox 749 2835 2327 2906">
    <p class='ocr_par' dir='ltr' id='par_1_42' title="bbox 749 2835 2327 2906">
     <span class='ocr_line' id='line_1_42' title="bbox 749 2835 2327 2906; baseline 0.004 -22"><span class='ocrx_word' id='word_1_323' title='bbox 749 2835 1009 2902; x_wconf 75' lang='lat' dir='ltr'><strong>peccatis.</strong></span> <span class='ocrx_word' id='word_1_324' title='bbox 1045 2849 1190 2888; x_wconf 92' lang='lat' dir='ltr'><strong>certe</strong></span> <span class='ocrx_word' id='word_1_325' title='bbox 1222 2836 1275 2887; x_wconf 90' lang='lat' dir='ltr'><strong>in</strong></span> <span class='ocrx_word' id='word_1_326' title='bbox 1312 2837 1398 2889; x_wconf 90' lang='lat' dir='ltr'><strong>illo</strong></span> <span class='ocrx_word' id='word_1_327' title='bbox 1429 2835 1548 2905; x_wconf 88' lang='lat' dir='ltr'><strong>ipso</strong></span> <span class='ocrx_word' id='word_1_328' title='bbox 1585 2838 1723 2904; x_wconf 85' lang='lat' dir='ltr'><strong>quod</strong></span> <span class='ocrx_word' id='word_1_329' title='bbox 1758 2837 1894 2890; x_wconf 66' lang='lat' dir='ltr'><strong>alios</strong></span> <span class='ocrx_word' id='word_1_330' title='bbox 1923 2838 2156 2904; x_wconf 80' lang='lat' dir='ltr'><strong>judicas,</strong></span> <span class='ocrx_word' id='word_1_331' title='bbox 2199 2853 2327 2906; x_wconf 86' lang='lat' dir='ltr'><strong>pec-</strong></span> 
     </span>
    </p>
   </div>
   <div class='ocr_carea' id='block_1_43' title="bbox 749 2923 2327 2997">
    <p class='ocr_par' dir='ltr' id='par_1_43' title="bbox 749 2923 2327 2997">
     <span class='ocr_line' id='line_1_43' title="bbox 749 2923 2327 2997; baseline 0.004 -19"><span class='ocrx_word' id='word_1_332' title='bbox 749 2938 842 2979; x_wconf 77' lang='lat' dir='ltr'><strong>cas</strong></span> <span class='ocrx_word' id='word_1_333' title='bbox 864 2923 929 2978; x_wconf 85' lang='grc'><strong>³³.</strong></span> <span class='ocrx_word' id='word_1_334' title='bbox 964 2923 1175 2977; x_wconf 87' lang='lat' dir='ltr'><strong>Etenim</strong></span> <span class='ocrx_word' id='word_1_335' title='bbox 1220 2927 1400 2980; x_wconf 87' lang='lat' dir='ltr'><strong>divina</strong></span> <span class='ocrx_word' id='word_1_336' title='bbox 1455 2927 1537 2981; x_wconf 77' lang='lat' dir='ltr'><strong>lex</strong></span> <span class='ocrx_word' id='word_1_337' title='bbox 1586 2929 1830 2997; x_wconf 65' lang='lat' dir='ltr'><strong>praecipit</strong></span> <span class='ocrx_word' id='word_1_338' title='bbox 1877 2931 1968 2981; x_wconf 76' lang='lat' dir='ltr'><strong>tibi</strong></span> <span class='ocrx_word' id='word_1_339' title='bbox 2013 2944 2080 2981; x_wconf 90' lang='lat' dir='ltr'><strong>ne</strong></span> <span class='ocrx_word' id='word_1_340' title='bbox 2115 2930 2327 2996; x_wconf 80' lang='lat' dir='ltr'><strong>juitices</strong></span> 
     </span>
    </p>
   </div>
   <div class='ocr_carea' id='block_1_44' title="bbox 752 3016 2323 3089">
    <p class='ocr_par' dir='ltr' id='par_1_44' title="bbox 752 3016 2323 3089">
     <span class='ocr_line' id='line_1_44' title="bbox 752 3016 2323 3089; baseline 0.003 -22"><span class='ocrx_word' id='word_1_341' title='bbox 752 3016 991 3068; x_wconf 75' lang='lat' dir='ltr'><strong>fratrem.</strong></span> <span class='ocrx_word' id='word_1_342' title='bbox 1021 3017 1082 3068; x_wconf 77' lang='lat' dir='ltr'><strong>Et</strong></span> <span class='ocrx_word' id='word_1_343' title='bbox 1107 3019 1176 3069; x_wconf 91' lang='lat' dir='ltr'><strong>ita</strong></span> <span class='ocrx_word' id='word_1_344' title='bbox 1207 3019 1371 3071; x_wconf 88' lang='lat' dir='ltr'><strong>etiam</strong></span> <span class='ocrx_word' id='word_1_345' title='bbox 1403 3029 1458 3071; x_wconf 92' lang='lat' dir='ltr'><strong>tu</strong></span> <span class='ocrx_word' id='word_1_346' title='bbox 1489 3021 1865 3086; x_wconf 73' lang='lat' dir='ltr'><strong>przevaricaris</strong></span> <span class='ocrx_word' id='word_1_347' title='bbox 1895 3021 2087 3089; x_wconf 91' lang='lat' dir='ltr'><strong>legem.</strong></span> <span class='ocrx_word' id='word_1_348' title='bbox 2111 3020 2175 3073; x_wconf 85' lang='lat' dir='ltr'><strong>Et</strong></span> <span class='ocrx_word' id='word_1_349' title='bbox 2203 3037 2323 3076; x_wconf 90' lang='lat' dir='ltr'><strong>cum</strong></span> 
     </span>
    </p>
   </div>
   <div class='ocr_carea' id='block_1_45' title="bbox 749 3108 2324 3182">
    <p class='ocr_par' dir='ltr' id='par_1_45' title="bbox 749 3108 2324 3182">
     <span class='ocr_line' id='line_1_45' title="bbox 749 3108 2324 3182; baseline 0.006 -23"><span class='ocrx_word' id='word_1_350' title='bbox 749 3108 1130 3177; x_wconf 67' lang='lat' dir='ltr'><strong>praavaricatur</strong></span> <span class='ocrx_word' id='word_1_351' title='bbox 1164 3125 1251 3175; x_wconf 84' lang='lat' dir='ltr'><strong>es,</strong></span> <span class='ocrx_word' id='word_1_352' title='bbox 1285 3125 1390 3165; x_wconf 90' lang='lat' dir='ltr'><strong>non</strong></span> <span class='ocrx_word' id='word_1_353' title='bbox 1434 3111 1594 3165; x_wconf 86' lang='lat' dir='ltr'><strong>debes</strong></span> <span class='ocrx_word' id='word_1_354' title='bbox 1623 3112 1870 3179; x_wconf 82' lang='lat' dir='ltr'><strong>judicare</strong></span> <span class='ocrx_word' id='word_1_355' title='bbox 1901 3115 2062 3165; x_wconf 88' lang='lat' dir='ltr'><strong>alium</strong></span> <span class='ocrx_word' id='word_1_356' title='bbox 2095 3123 2151 3166; x_wconf 94' lang='lat' dir='ltr'><strong>ut</strong></span> <span class='ocrx_word' id='word_1_357' title='bbox 2183 3128 2324 3182; x_wconf 70' lang='lat' dir='ltr'><strong>prat-</strong></span> 
     </span>
    </p>
   </div>
   <div class='ocr_carea' id='block_1_46' title="bbox 748 3199 2329 3276">
    <p class='ocr_par' dir='ltr' id='par_1_46' title="bbox 748 3199 2329 3276">
     <span class='ocr_line' id='line_1_46' title="bbox 748 3199 2329 3276; baseline 0.005 -24"><span class='ocrx_word' id='word_1_358' title='bbox 748 3201 1126 3253; x_wconf 67' lang='lat' dir='ltr'><strong>Varit‘aloretn.</strong></span> <span class='ocrx_word' id='word_1_359' title='bbox 1159 3199 1406 3257; x_wconf 78' lang='lat' dir='ltr'><strong>Judicem</strong></span> <span class='ocrx_word' id='word_1_360' title='bbox 1435 3203 1582 3257; x_wconf 91' lang='lat' dir='ltr'><strong>enim</strong></span> <span class='ocrx_word' id='word_1_361' title='bbox 1610 3207 1944 3274; x_wconf 87' lang='lat' dir='ltr'><strong>superiorem</strong></span> <span class='ocrx_word' id='word_1_362' title='bbox 1973 3221 2093 3261; x_wconf 87' lang='lat' dir='ltr'><strong>esse</strong></span> <span class='ocrx_word' id='word_1_363' title='bbox 2115 3220 2329 3276; x_wconf 89' lang='lat' dir='ltr'><strong>oportet</strong></span> 
     </span>
    </p>
   </div>
   <div class='ocr_carea' id='block_1_47' title="bbox 752 3293 2324 3364">
    <p class='ocr_par' dir='ltr' id='par_1_47' title="bbox 752 3293 2324 3364">
     <span class='ocr_line' id='line_1_47' title="bbox 752 3293 2324 3364; baseline 0.007 -21"><span class='ocrx_word' id='word_1_364' title='bbox 752 3302 945 3343; x_wconf 89' lang='lat' dir='ltr'><strong>natura</strong></span> <span class='ocrx_word' id='word_1_365' title='bbox 986 3303 1258 3359; x_wconf 83' lang='lat' dir='ltr'><strong>peccante.</strong></span> <span class='ocrx_word' id='word_1_366' title='bbox 1290 3293 1528 3348; x_wconf 75' lang='lat' dir='ltr'><strong>liemitte</strong></span> <span class='ocrx_word' id='word_1_367' title='bbox 1554 3295 1732 3364; x_wconf 84' lang='lat' dir='ltr'><strong>igitur,</strong></span> <span class='ocrx_word' id='word_1_368' title='bbox 1767 3307 1820 3351; x_wconf 87' lang='lat' dir='ltr'><strong>et</strong></span> <span class='ocrx_word' id='word_1_369' title='bbox 1857 3302 2158 3353; x_wconf 85' lang='lat' dir='ltr'><strong>remittetur</strong></span> <span class='ocrx_word' id='word_1_370' title='bbox 2193 3300 2324 3354; x_wconf 87' lang='lat' dir='ltr'><strong>tibi:</strong></span> 
     </span>
    </p>
   </div>
   <div class='ocr_carea' id='block_1_48' title="bbox 752 3380 2329 3451">
    <p class='ocr_par' dir='ltr' id='par_1_48' title="bbox 752 3380 2329 3451">
     <span class='ocr_line' id='line_1_48' title="bbox 752 3380 2329 3451; baseline 0.007 -20"><span class='ocrx_word' id='word_1_371' title='bbox 752 3384 840 3443; x_wconf 84' lang='lat' dir='ltr'><strong>da,</strong></span> <span class='ocrx_word' id='word_1_372' title='bbox 875 3393 929 3432; x_wconf 92' lang='lat' dir='ltr'><strong>et</strong></span> <span class='ocrx_word' id='word_1_373' title='bbox 959 3380 1173 3434; x_wconf 83' lang='lat' dir='ltr'><strong>dabitur</strong></span> <span class='ocrx_word' id='word_1_374' title='bbox 1203 3383 1319 3435; x_wconf 90' lang='lat' dir='ltr'><strong>tibi.</strong></span> <span class='ocrx_word' id='word_1_375' title='bbox 1353 3383 1656 3438; x_wconf 76' lang='lat' dir='ltr'><strong>Mansuram</strong></span> <span class='ocrx_word' id='word_1_376' title='bbox 1693 3387 1837 3439; x_wconf 91' lang='lat' dir='ltr'><strong>enim</strong></span> <span class='ocrx_word' id='word_1_377' title='bbox 1869 3389 2083 3451; x_wconf 70' lang='lat' dir='ltr'><strong>liouatn,</strong></span> <span class='ocrx_word' id='word_1_378' title='bbox 2119 3390 2329 3442; x_wconf 82' lang='lat' dir='ltr'><strong>confer—</strong></span> 
     </span>
    </p>
   </div>
   <div class='ocr_carea' id='block_1_49' title="bbox 752 3478 2323 3533">
    <p class='ocr_par' dir='ltr' id='par_1_49' title="bbox 752 3478 2323 3533">
     <span class='ocr_line' id='line_1_49' title="bbox 752 3478 2323 3533; baseline 0.004 -8"><span class='ocrx_word' id='word_1_379' title='bbox 752 3482 858 3525; x_wconf 83' lang='lat' dir='ltr'><strong>tatn</strong></span> <span class='ocrx_word' id='word_1_380' title='bbox 900 3485 952 3527; x_wconf 87' lang='lat' dir='ltr'><strong>et</strong></span> <span class='ocrx_word' id='word_1_381' title='bbox 986 3489 1302 3528; x_wconf 79' lang='lat' dir='ltr'><strong>concussam</strong></span> <span class='ocrx_word' id='word_1_382' title='bbox 1337 3486 1394 3530; x_wconf 86' lang='lat' dir='ltr'><strong>et</strong></span> <span class='ocrx_word' id='word_1_383' title='bbox 1422 3478 1789 3532; x_wconf 82' lang='lat' dir='ltr'><strong>exundantem</strong></span> <span class='ocrx_word' id='word_1_384' title='bbox 1831 3482 2032 3532; x_wconf 87' lang='lat' dir='ltr'><strong>dabunt</strong></span> <span class='ocrx_word' id='word_1_385' title='bbox 2071 3481 2121 3531; x_wconf 89' lang='lat' dir='ltr'><strong>in</strong></span> <span class='ocrx_word' id='word_1_386' title='bbox 2149 3481 2323 3533; x_wconf 87' lang='lat' dir='ltr'><strong>sinunt</strong></span> 
     </span>
    </p>
   </div>
   <div class='ocr_carea' id='block_1_50' title="bbox 750 3565 2327 3635">
    <p class='ocr_par' dir='ltr' id='par_1_50' title="bbox 750 3565 2327 3635">
     <span class='ocr_line' id='line_1_50' title="bbox 750 3565 2327 3635; baseline 0.004 -19"><span class='ocrx_word' id='word_1_387' title='bbox 750 3576 1011 3618; x_wconf 76' lang='lat' dir='ltr'><strong>vestrum.</strong></span> <span class='ocrx_word' id='word_1_388' title='bbox 1057 3565 1172 3618; x_wconf 82' lang='lat' dir='ltr'><strong>Non</strong></span> <span class='ocrx_word' id='word_1_389' title='bbox 1211 3568 1352 3620; x_wconf 90' lang='lat' dir='ltr'><strong>enim</strong></span> <span class='ocrx_word' id='word_1_390' title='bbox 1401 3582 1560 3635; x_wconf 84' lang='lat' dir='ltr'><strong>parce</strong></span> <span class='ocrx_word' id='word_1_391' title='bbox 1601 3573 1882 3622; x_wconf 91' lang='lat' dir='ltr'><strong>remetitur</strong></span> <span class='ocrx_word' id='word_1_392' title='bbox 1925 3569 2203 3634; x_wconf 82' lang='lat' dir='ltr'><strong>Dominus,</strong></span> <span class='ocrx_word' id='word_1_393' title='bbox 2234 3574 2327 3626; x_wconf 86' lang='lat' dir='ltr'><strong>sed</strong></span> 
     </span>
    </p>
   </div>
   <div class='ocr_carea' id='block_1_51' title="bbox 752 3656 2325 3732">
    <p class='ocr_par' dir='ltr' id='par_1_51' title="bbox 752 3656 2325 3732">
     <span class='ocr_line' id='line_1_51' title="bbox 752 3656 2325 3732; baseline 0.005 -22"><span class='ocrx_word' id='word_1_394' title='bbox 752 3656 1022 3724; x_wconf 85' lang='lat' dir='ltr'><strong>Opuiente.</strong></span> <span class='ocrx_word' id='word_1_395' title='bbox 1070 3659 1432 3732; x_wconf 41' lang='lat' dir='ltr'><strong>Sicut,igitnur</strong></span> <span class='ocrx_word' id='word_1_396' title='bbox 1477 3676 1764 3714; x_wconf 87' lang='lat' dir='ltr'><strong>mcnsurus</strong></span> <span class='ocrx_word' id='word_1_397' title='bbox 1819 3660 2048 3715; x_wconf 80' lang='lat' dir='ltr'><strong>latinam</strong></span> <span class='ocrx_word' id='word_1_398' title='bbox 2099 3666 2325 3732; x_wconf 76' lang='lat' dir='ltr'><strong>promis.</strong></span> 
     </span>
    </p>
   </div>
   <div class='ocr_carea' id='block_1_52' title="bbox 752 3749 2326 3825">
    <p class='ocr_par' dir='ltr' id='par_1_52' title="bbox 752 3749 2326 3825">
     <span class='ocr_line' id='line_1_52' title="bbox 752 3749 2326 3825; baseline 0.005 -23"><span class='ocrx_word' id='word_1_399' title='bbox 752 3750 1024 3812; x_wconf 85' lang='lat' dir='ltr'><strong>concutis,</strong></span> <span class='ocrx_word' id='word_1_400' title='bbox 1057 3749 1438 3819; x_wconf 79' lang='lat' dir='ltr'><strong>exundareqne</strong></span> <span class='ocrx_word' id='word_1_401' title='bbox 1476 3749 1634 3815; x_wconf 83' lang='lat' dir='ltr'><strong>lacis,</strong></span> <span class='ocrx_word' id='word_1_402' title='bbox 1670 3755 1935 3820; x_wconf 73' lang='lat' dir='ltr'><strong>siquidem</strong></span> <span class='ocrx_word' id='word_1_403' title='bbox 1970 3755 2170 3823; x_wconf 78' lang='lat' dir='ltr'><strong>absque</strong></span> <span class='ocrx_word' id='word_1_404' title='bbox 2201 3772 2326 3825; x_wconf 82' lang='lat' dir='ltr'><strong>par-</strong></span> 
     </span>
    </p>
   </div>
   <div class='ocr_carea' id='block_1_53' title="bbox 754 3840 2334 3920">
    <p class='ocr_par' dir='ltr' id='par_1_53' title="bbox 754 3840 2334 3920">
     <span class='ocr_line' id='line_1_53' title="bbox 754 3840 2334 3920; baseline 0.007 -28"><span class='ocrx_word' id='word_1_405' title='bbox 754 3840 991 3894; x_wconf 86' lang='lat' dir='ltr'><strong>citnonia</strong></span> <span class='ocrx_word' id='word_1_406' title='bbox 1024 3843 1198 3894; x_wconf 85' lang='lat' dir='ltr'><strong>metiri</strong></span> <span class='ocrx_word' id='word_1_407' title='bbox 1232 3844 1311 3896; x_wconf 89' lang='lat' dir='ltr'><strong>vis</strong></span> <span class='ocrx_word' id='word_1_408' title='bbox 1344 3862 1356 3896; x_wconf 84' lang='lat'>:</span> <span class='ocrx_word' id='word_1_409' title='bbox 1395 3843 1466 3920; x_wconf 64' lang='lat' dir='ltr'><strong>ita</strong></span> <span class='ocrx_word' id='word_1_410' title='bbox 1500 3855 1552 3898; x_wconf 92' lang='lat' dir='ltr'><strong>et</strong></span> <span class='ocrx_word' id='word_1_411' title='bbox 1589 3843 1848 3898; x_wconf 68' lang='lat' dir='ltr'><strong>Dominus</strong></span> <span class='ocrx_word' id='word_1_412' title='bbox 1880 3864 2189 3901; x_wconf 83' lang='lat' dir='ltr'><strong>mensuram</strong></span> <span class='ocrx_word' id='word_1_413' title='bbox 2219 3865 2334 3903; x_wconf 86' lang='lat' dir='ltr'><strong>ma-</strong></span> 
     </span>
    </p>
   </div>
   <div class='ocr_carea' id='block_1_54' title="bbox 753 3937 2333 4000">
    <p class='ocr_par' dir='ltr' id='par_1_54' title="bbox 753 3937 2333 4000">
     <span class='ocr_line' id='line_1_54' title="bbox 753 3937 2333 4000; baseline 0.009 -20"><span class='ocrx_word' id='word_1_414' title='bbox 753 3945 911 4000; x_wconf 73' lang='lat' dir='ltr'><strong>gnam</strong></span> <span class='ocrx_word' id='word_1_415' title='bbox 954 3945 1004 3986; x_wconf 90' lang='lat' dir='ltr'><strong>et</strong></span> <span class='ocrx_word' id='word_1_416' title='bbox 1047 3937 1416 3988; x_wconf 77' lang='lat' dir='ltr'><strong>exundantem</strong></span> <span class='ocrx_word' id='word_1_417' title='bbox 1463 3937 1612 3990; x_wconf 86' lang='lat' dir='ltr'><strong>dabit</strong></span> <span class='ocrx_word' id='word_1_418' title='bbox 1652 3938 1769 3992; x_wconf 85' lang='lat' dir='ltr'><strong>tibi.</strong></span> <span class='ocrx_word' id='word_1_419' title='bbox 1809 3938 1905 3992; x_wconf 85' lang='lat' dir='ltr'><strong>Hie</strong></span> <span class='ocrx_word' id='word_1_420' title='bbox 1947 3941 2085 3994; x_wconf 81' lang='lat' dir='ltr'><strong>forte</strong></span> <span class='ocrx_word' id='word_1_421' title='bbox 2124 3945 2333 3997; x_wconf 83' lang='lat' dir='ltr'><strong>acutior</strong></span> 
     </span>
    </p>
   </div>
   <div class='ocr_carea' id='block_1_55' title="bbox 753 4021 2332 4100">
    <p class='ocr_par' dir='ltr' id='par_1_55' title="bbox 753 4021 2332 4100">
     <span class='ocr_line' id='line_1_55' title="bbox 753 4021 2332 4100; baseline 0.012 -30"><span class='ocrx_word' id='word_1_422' title='bbox 753 4021 1022 4088; x_wconf 70' lang='lat' dir='ltr'><strong>quispiam</strong></span> <span class='ocrx_word' id='word_1_423' title='bbox 1055 4025 1356 4089; x_wconf 68' lang='lat' dir='ltr'><strong>qttzrsierit,</strong></span> <span class='ocrx_word' id='word_1_424' title='bbox 1397 4026 1668 4094; x_wconf 85' lang='lat' dir='ltr'><strong>quomodo</strong></span> <span class='ocrx_word' id='word_1_425' title='bbox 1702 4039 1987 4098; x_wconf 83' lang='lat' dir='ltr'><strong>postquam</strong></span> <span class='ocrx_word' id='word_1_426' title='bbox 2027 4032 2182 4100; x_wconf 81' lang='lat' dir='ltr'><strong>dixit,</strong></span> <span class='ocrx_word' id='word_1_427' title='bbox 2218 4036 2332 4100; x_wconf 80' lang='lat' dir='ltr'><strong>Qua</strong></span> 
     </span>
    </p>
   </div>
   <div class='ocr_carea' id='block_1_56' title="bbox 752 4117 2331 4193">
    <p class='ocr_par' dir='ltr' id='par_1_56' title="bbox 752 4117 2331 4193">
     <span class='ocr_line' id='line_1_56' title="bbox 752 4117 2331 4193; baseline 0.011 -27"><span class='ocrx_word' id='word_1_428' title='bbox 752 4128 1005 4166; x_wconf 88' lang='lat' dir='ltr'><strong>mensura</strong></span> <span class='ocrx_word' id='word_1_429' title='bbox 1041 4117 1326 4183; x_wconf 85' lang='lat' dir='ltr'><strong>tnctlmini,</strong></span> <span class='ocrx_word' id='word_1_430' title='bbox 1364 4121 1653 4173; x_wconf 87' lang='lat' dir='ltr'><strong>metientur</strong></span> <span class='ocrx_word' id='word_1_431' title='bbox 1697 4124 1847 4177; x_wconf 82' lang='lat' dir='ltr'><strong>vobis</strong></span> <span class='ocrx_word' id='word_1_432' title='bbox 1878 4135 1930 4177; x_wconf 91' lang='lat' dir='ltr'><strong>et</strong></span> <span class='ocrx_word' id='word_1_433' title='bbox 1971 4126 2104 4193; x_wconf 91' lang='lat' dir='ltr'><strong>alii,</strong></span> <span class='ocrx_word' id='word_1_434' title='bbox 2135 4129 2331 4182; x_wconf 90' lang='lat' dir='ltr'><strong>iterum</strong></span> 
     </span>
    </p>
   </div>
   <div class='ocr_carea' id='block_1_57' title="bbox 753 4208 2332 4290">
    <p class='ocr_par' dir='ltr' id='par_1_57' title="bbox 753 4208 2332 4290">
     <span class='ocr_line' id='line_1_57' title="bbox 753 4208 2332 4290; baseline 0.01 -31"><span class='ocrx_word' id='word_1_435' title='bbox 753 4208 884 4261; x_wconf 90' lang='lat' dir='ltr'><strong>dicit</strong></span> <span class='ocrx_word' id='word_1_436' title='bbox 907 4210 1050 4276; x_wconf 90' lang='lat' dir='ltr'><strong>quod</strong></span> <span class='ocrx_word' id='word_1_437' title='bbox 1079 4225 1328 4264; x_wconf 87' lang='lat' dir='ltr'><strong>mensura</strong></span> <span class='ocrx_word' id='word_1_438' title='bbox 1353 4213 1629 4267; x_wconf 80' lang='lat' dir='ltr'><strong>exundet?</strong></span> <span class='ocrx_word' id='word_1_439' title='bbox 1661 4214 1716 4267; x_wconf 90' lang='lat' dir='ltr'><strong>Si</strong></span> <span class='ocrx_word' id='word_1_440' title='bbox 1745 4215 1888 4268; x_wconf 88' lang='lat' dir='ltr'><strong>enim</strong></span> <span class='ocrx_word' id='word_1_441' title='bbox 1915 4219 2172 4282; x_wconf 77' lang='lat' dir='ltr'><strong>exundet,</strong></span> <span class='ocrx_word' id='word_1_442' title='bbox 2195 4235 2332 4290; x_wconf 90' lang='lat' dir='ltr'><strong>quo-</strong></span> 
     </span>
    </p>
   </div>
   <div class='ocr_carea' id='block_1_58' title="bbox 759 4301 2330 4380">
    <p class='ocr_par' dir='ltr' id='par_1_58' title="bbox 759 4301 2330 4380">
     <span class='ocr_line' id='line_1_58' title="bbox 759 4301 2330 4380; baseline 0.01 -30"><span class='ocrx_word' id='word_1_443' title='bbox 759 4301 918 4352; x_wconf 88' lang='lat' dir='ltr'><strong>modo</strong></span> <span class='ocrx_word' id='word_1_444' title='bbox 953 4317 1204 4354; x_wconf 87' lang='lat' dir='ltr'><strong>mensura</strong></span> <span class='ocrx_word' id='word_1_445' title='bbox 1236 4303 1348 4357; x_wconf 66' lang='lat' dir='ltr'><strong>haec</strong></span> <span class='ocrx_word' id='word_1_446' title='bbox 1379 4306 1566 4358; x_wconf 88' lang='lat' dir='ltr'><strong>eadem</strong></span> <span class='ocrx_word' id='word_1_447' title='bbox 1598 4305 1726 4359; x_wconf 86' lang='lat' dir='ltr'><strong>est?</strong></span> <span class='ocrx_word' id='word_1_448' title='bbox 1757 4307 1991 4362; x_wconf 88' lang='lat' dir='ltr'><strong>Dicimus</strong></span> <span class='ocrx_word' id='word_1_449' title='bbox 2016 4311 2197 4380; x_wconf 88' lang='lat' dir='ltr'><strong>itaque</strong></span> <span class='ocrx_word' id='word_1_450' title='bbox 2225 4327 2330 4366; x_wconf 92' lang='lat' dir='ltr'><strong>non</strong></span> 
     </span>
    </p>
   </div>
   <div class='ocr_carea' id='block_1_59' title="bbox 758 4391 2325 4462">
    <p class='ocr_par' dir='ltr' id='par_1_59' title="bbox 758 4391 2325 4462">
     <span class='ocr_line' id='line_1_59' title="bbox 758 4391 2325 4462; baseline 0.01 -22"><span class='ocrx_word' id='word_1_451' title='bbox 758 4403 881 4444; x_wconf 87' lang='lat' dir='ltr'><strong>esse</strong></span> <span class='ocrx_word' id='word_1_452' title='bbox 910 4391 1109 4455; x_wconf 85' lang='lat' dir='ltr'><strong>dictum</strong></span> <span class='ocrx_word' id='word_1_453' title='bbox 1143 4396 1286 4462; x_wconf 88' lang='lat' dir='ltr'><strong>quod</strong></span> <span class='ocrx_word' id='word_1_454' title='bbox 1317 4405 1463 4448; x_wconf 88' lang='lat' dir='ltr'><strong>tanta</strong></span> <span class='ocrx_word' id='word_1_455' title='bbox 1498 4411 1748 4451; x_wconf 86' lang='lat' dir='ltr'><strong>mensura</strong></span> <span class='ocrx_word' id='word_1_456' title='bbox 1781 4402 2073 4454; x_wconf 83' lang='lat' dir='ltr'><strong>metientur</strong></span> <span class='ocrx_word' id='word_1_457' title='bbox 2100 4405 2250 4458; x_wconf 89' lang='lat' dir='ltr'><strong>vobis</strong></span> <span class='ocrx_word' id='word_1_458' title='bbox 2272 4415 2325 4459; x_wconf 90' lang='lat' dir='ltr'><strong>et</strong></span> 
     </span>
    </p>
   </div>
   <div class='ocr_carea' id='block_1_60' title="bbox 757 4482 2326 4563">
    <p class='ocr_par' dir='ltr' id='par_1_60' title="bbox 757 4482 2326 4563">
     <span class='ocr_line' id='line_1_60' title="bbox 757 4482 2326 4563; baseline 0.01 -28"><span class='ocrx_word' id='word_1_459' title='bbox 757 4482 869 4545; x_wconf 86' lang='lat' dir='ltr'><strong>alii,</strong></span> <span class='ocrx_word' id='word_1_460' title='bbox 905 4485 995 4535; x_wconf 83' lang='lat' dir='ltr'><strong>sed</strong></span> <span class='ocrx_word' id='word_1_461' title='bbox 1035 4488 1245 4538; x_wconf 84' lang='lat' dir='ltr'><strong>eadem.</strong></span> <span class='ocrx_word' id='word_1_462' title='bbox 1289 4487 1561 4555; x_wconf 88' lang='lat' dir='ltr'><strong>Siquidem</strong></span> <span class='ocrx_word' id='word_1_463' title='bbox 1601 4491 1827 4544; x_wconf 80' lang='lat' dir='ltr'><strong>dixisset</strong></span> <span class='ocrx_word' id='word_1_464' title='bbox 1869 4503 2015 4545; x_wconf 87' lang='lat' dir='ltr'><strong>tanta</strong></span> <span class='ocrx_word' id='word_1_465' title='bbox 2052 4510 2326 4563; x_wconf 86' lang='lat' dir='ltr'><strong>mensura,</strong></span> 
     </span>
    </p>
   </div>
   <div class='ocr_carea' id='block_1_61' title="bbox 755 4579 2332 4643">
    <p class='ocr_par' dir='ltr' id='par_1_61' title="bbox 755 4579 2332 4643">
     <span class='ocr_line' id='line_1_61' title="bbox 755 4579 2332 4643; baseline 0.01 -14"><span class='ocrx_word' id='word_1_466' title='bbox 755 4584 882 4629; x_wconf 89' lang='lat' dir='ltr'><strong>tunc</strong></span> <span class='ocrx_word' id='word_1_467' title='bbox 932 4592 1033 4628; x_wconf 90' lang='lat' dir='ltr'><strong>non</strong></span> <span class='ocrx_word' id='word_1_468' title='bbox 1079 4579 1340 4632; x_wconf 76' lang='lat' dir='ltr'><strong>defuisset</strong></span> <span class='ocrx_word' id='word_1_469' title='bbox 1383 4581 1666 4636; x_wconf 83' lang='lat' dir='ltr'><strong>diilicultas</strong></span> <span class='ocrx_word' id='word_1_470' title='bbox 1713 4595 1766 4637; x_wconf 92' lang='lat' dir='ltr'><strong>et</strong></span> <span class='ocrx_word' id='word_1_471' title='bbox 1812 4589 2173 4643; x_wconf 89' lang='lat' dir='ltr'><strong>contrarietas</strong></span> <span class='ocrx_word' id='word_1_472' title='bbox 2218 4606 2332 4643; x_wconf 88' lang='lat' dir='ltr'><strong>ser-</strong></span> 
     </span>
    </p>
   </div>
   <div class='ocr_carea' id='block_1_62' title="bbox 752 4666 2330 4740">
    <p class='ocr_par' dir='ltr' id='par_1_62' title="bbox 752 4666 2330 4740">
     <span class='ocr_line' id='line_1_62' title="bbox 752 4666 2330 4740; baseline 0.01 -24"><span class='ocrx_word' id='word_1_473' title='bbox 752 4666 921 4719; x_wconf 85' lang='lat' dir='ltr'><strong>moui.</strong></span> <span class='ocrx_word' id='word_1_474' title='bbox 963 4667 1114 4720; x_wconf 65' lang='lat' dir='ltr'><strong>Nunc</strong></span> <span class='ocrx_word' id='word_1_475' title='bbox 1149 4681 1325 4720; x_wconf 88' lang='lat' dir='ltr'><strong>autem</strong></span> <span class='ocrx_word' id='word_1_476' title='bbox 1357 4685 1477 4722; x_wconf 89' lang='lat' dir='ltr'><strong>cum</strong></span> <span class='ocrx_word' id='word_1_477' title='bbox 1511 4675 1698 4725; x_wconf 85' lang='lat' dir='ltr'><strong>eadem</strong></span> <span class='ocrx_word' id='word_1_478' title='bbox 1743 4676 1967 4740; x_wconf 82' lang='lat' dir='ltr'><strong>dixerit,</strong></span> <span class='ocrx_word' id='word_1_479' title='bbox 2010 4678 2170 4732; x_wconf 82' lang='lat' dir='ltr'><strong>Solvit</strong></span> <span class='ocrx_word' id='word_1_480' title='bbox 2201 4695 2330 4732; x_wconf 88' lang='lat' dir='ltr'><strong>con-</strong></span> 
     </span>
    </p>
   </div>
   <div class='ocr_carea' id='block_1_63' title="bbox 755 4758 2335 4839">
    <p class='ocr_par' dir='ltr' id='par_1_63' title="bbox 755 4758 2335 4839">
     <span class='ocr_line' id='line_1_63' title="bbox 755 4758 2335 4839; baseline 0.011 -34"><span class='ocrx_word' id='word_1_481' title='bbox 755 4760 1114 4811; x_wconf 74' lang='lat' dir='ltr'><strong>trarietatem.</strong></span> <span class='ocrx_word' id='word_1_482' title='bbox 1148 4758 1298 4812; x_wconf 89' lang='lat' dir='ltr'><strong>Licet</strong></span> <span class='ocrx_word' id='word_1_483' title='bbox 1325 4763 1468 4813; x_wconf 91' lang='lat' dir='ltr'><strong>enim</strong></span> <span class='ocrx_word' id='word_1_484' title='bbox 1501 4765 1628 4815; x_wconf 87' lang='lat' dir='ltr'><strong>dare</strong></span> <span class='ocrx_word' id='word_1_485' title='bbox 1650 4766 1837 4817; x_wconf 89' lang='lat' dir='ltr'><strong>eadem</strong></span> <span class='ocrx_word' id='word_1_486' title='bbox 1872 4781 2146 4832; x_wconf 89' lang='lat' dir='ltr'><strong>mensura,</strong></span> <span class='ocrx_word' id='word_1_487' title='bbox 2171 4768 2335 4839; x_wconf 65' lang='lat'><strong>314</strong></span> 
     </span>
    </p>
   </div>
   <div class='ocr_carea' id='block_1_64' title="bbox 755 4847 2336 4921">
    <p class='ocr_par' dir='ltr' id='par_1_64' title="bbox 755 4847 2336 4921">
     <span class='ocr_line' id='line_1_64' title="bbox 755 4847 2336 4921; baseline 0.01 -24"><span class='ocrx_word' id='word_1_488' title='bbox 755 4847 849 4898; x_wconf 84' lang='lat' dir='ltr'><strong>sed</strong></span> <span class='ocrx_word' id='word_1_489' title='bbox 877 4865 977 4900; x_wconf 83' lang='lat' dir='ltr'><strong>non</strong></span> <span class='ocrx_word' id='word_1_490' title='bbox 1025 4861 1192 4903; x_wconf 85' lang='lat' dir='ltr'><strong>tanta.</strong></span> <span class='ocrx_word' id='word_1_491' title='bbox 1228 4851 1339 4904; x_wconf 79' lang='lat' dir='ltr'><strong>Hoc</strong></span> <span class='ocrx_word' id='word_1_492' title='bbox 1369 4853 1533 4921; x_wconf 78' lang='lat' dir='ltr'><strong>igitur</strong></span> <span class='ocrx_word' id='word_1_493' title='bbox 1572 4856 1701 4908; x_wconf 88' lang='lat' dir='ltr'><strong>dicit</strong></span> <span class='ocrx_word' id='word_1_494' title='bbox 1733 4859 1986 4910; x_wconf 88' lang='lat' dir='ltr'><strong>Dominus</strong></span> <span class='ocrx_word' id='word_1_495' title='bbox 2018 4875 2030 4911; x_wconf 90' lang='lat'>:</span> <span class='ocrx_word' id='word_1_496' title='bbox 2075 4859 2136 4912; x_wconf 89' lang='lat' dir='ltr'><strong>Si</strong></span> <span class='ocrx_word' id='word_1_497' title='bbox 2171 4862 2336 4915; x_wconf 82' lang='lat' dir='ltr'><strong>bene-</strong></span> 
     </span>
    </p>
   </div>
   <div class='ocr_carea' id='block_1_65' title="bbox 755 4935 2330 5004">
    <p class='ocr_par' dir='ltr' id='par_1_65' title="bbox 755 4935 2330 5004">
     <span class='ocr_line' id='line_1_65' title="bbox 755 4935 2330 5004; baseline 0.01 -16"><span class='ocrx_word' id='word_1_498' title='bbox 755 4935 973 5001; x_wconf 78' lang='lat' dir='ltr'><strong>feceris,</strong></span> <span class='ocrx_word' id='word_1_499' title='bbox 1004 4939 1231 4994; x_wconf 79' lang='lat' dir='ltr'><strong>beneﬁet</strong></span> <span class='ocrx_word' id='word_1_500' title='bbox 1263 4944 1379 4995; x_wconf 84' lang='lat' dir='ltr'><strong>tibi.</strong></span> <span class='ocrx_word' id='word_1_501' title='bbox 1418 4943 1528 4997; x_wconf 88' lang='lat' dir='ltr'><strong>lloc</strong></span> <span class='ocrx_word' id='word_1_502' title='bbox 1560 4946 1701 4998; x_wconf 91' lang='lat' dir='ltr'><strong>enim</strong></span> <span class='ocrx_word' id='word_1_503' title='bbox 1727 4956 1810 4997; x_wconf 87' lang='lat' dir='ltr'><strong>est</strong></span> <span class='ocrx_word' id='word_1_504' title='bbox 1836 4946 2022 5000; x_wconf 89' lang='lat' dir='ltr'><strong>eadem</strong></span> <span class='ocrx_word' id='word_1_505' title='bbox 2054 4963 2330 5004; x_wconf 86' lang='lat' dir='ltr'><strong>mensura.</strong></span> 
     </span>
    </p>
   </div>
   <div class='ocr_carea' id='block_1_66' title="bbox 755 5029 2332 5105">
    <p class='ocr_par' dir='ltr' id='par_1_66' title="bbox 755 5029 2332 5105">
     <span class='ocr_line' id='line_1_66' title="bbox 755 5029 2332 5105; baseline 0.008 -22"><span class='ocrx_word' id='word_1_506' title='bbox 755 5029 1132 5086; x_wconf 81' lang='lat' dir='ltr'><strong>Exundantem</strong></span> <span class='ocrx_word' id='word_1_507' title='bbox 1162 5045 1339 5088; x_wconf 82' lang='lat' dir='ltr'><strong>autem</strong></span> <span class='ocrx_word' id='word_1_508' title='bbox 1374 5037 1537 5101; x_wconf 82' lang='lat' dir='ltr'><strong>dicit,</strong></span> <span class='ocrx_word' id='word_1_509' title='bbox 1578 5039 1718 5105; x_wconf 86' lang='lat' dir='ltr'><strong>quod</strong></span> <span class='ocrx_word' id='word_1_510' title='bbox 1756 5053 1878 5092; x_wconf 92' lang='lat' dir='ltr'><strong>cum</strong></span> <span class='ocrx_word' id='word_1_511' title='bbox 1915 5042 2081 5093; x_wconf 83' lang='lat' dir='ltr'><strong>semel</strong></span> <span class='ocrx_word' id='word_1_512' title='bbox 2117 5041 2332 5096; x_wconf 79' lang='lat' dir='ltr'><strong>benefe-</strong></span> 
     </span>
    </p>
   </div>
   <div class='ocr_carea' id='block_1_67' title="bbox 754 5127 2327 5191">
    <p class='ocr_par' dir='ltr' id='par_1_67' title="bbox 754 5127 2327 5191">
     <span class='ocr_line' id='line_1_67' title="bbox 754 5127 2327 5191; baseline 0.009 -15"><span class='ocrx_word' id='word_1_513' title='bbox 754 5127 916 5191; x_wconf 85' lang='lat' dir='ltr'><strong>ceris,</strong></span> <span class='ocrx_word' id='word_1_514' title='bbox 950 5127 1251 5181; x_wconf 77' lang='lat' dir='ltr'><strong>innumeris</strong></span> <span class='ocrx_word' id='word_1_515' title='bbox 1283 5132 1454 5184; x_wconf 84' lang='lat' dir='ltr'><strong>modis</strong></span> <span class='ocrx_word' id='word_1_516' title='bbox 1480 5131 1576 5185; x_wconf 90' lang='lat' dir='ltr'><strong>tibi</strong></span> <span class='ocrx_word' id='word_1_517' title='bbox 1607 5132 1859 5186; x_wconf 80' lang='lat' dir='ltr'><strong>benefiet.</strong></span> <span class='ocrx_word' id='word_1_518' title='bbox 1889 5132 2028 5186; x_wconf 88' lang='lat' dir='ltr'><strong>Idem</strong></span> <span class='ocrx_word' id='word_1_519' title='bbox 2061 5144 2142 5188; x_wconf 86' lang='lat' dir='ltr'><strong>est</strong></span> <span class='ocrx_word' id='word_1_520' title='bbox 2167 5137 2327 5190; x_wconf 84' lang='lat' dir='ltr'><strong>etiam</strong></span> 
     </span>
    </p>
   </div>
   <div class='ocr_carea' id='block_1_68' title="bbox 759 5215 2332 5286">
    <p class='ocr_par' dir='ltr' id='par_1_68' title="bbox 759 5215 2332 5286">
     <span class='ocr_line' id='line_1_68' title="bbox 759 5215 2332 5286; baseline 0.009 -19"><span class='ocrx_word' id='word_1_521' title='bbox 759 5215 808 5267; x_wconf 92' lang='lat' dir='ltr'><strong>in</strong></span> <span class='ocrx_word' id='word_1_522' title='bbox 845 5217 1318 5272; x_wconf 84' lang='lat' dir='ltr'><strong>condeuinatione.</strong></span> <span class='ocrx_word' id='word_1_523' title='bbox 1361 5222 1462 5286; x_wconf 79' lang='lat' dir='ltr'><strong>Qui</strong></span> <span class='ocrx_word' id='word_1_524' title='bbox 1504 5224 1645 5276; x_wconf 90' lang='lat' dir='ltr'><strong>enim</strong></span> <span class='ocrx_word' id='word_1_525' title='bbox 1686 5227 2012 5279; x_wconf 85' lang='lat' dir='ltr'><strong>condemnat</strong></span> <span class='ocrx_word' id='word_1_526' title='bbox 2052 5236 2107 5280; x_wconf 90' lang='lat' dir='ltr'><strong>et</strong></span> <span class='ocrx_word' id='word_1_527' title='bbox 2140 5229 2332 5281; x_wconf 86' lang='lat' dir='ltr'><strong>deinde</strong></span> 
     </span>
    </p>
   </div>
   <div class='ocr_carea' id='block_1_69' title="bbox 753 5313 2333 5386">
    <p class='ocr_par' dir='ltr' id='par_1_69' title="bbox 753 5313 2333 5386">
     <span class='ocr_line' id='line_1_69' title="bbox 753 5313 2333 5386; baseline 0.008 -24"><span class='ocrx_word' id='word_1_528' title='bbox 753 5315 1169 5373; x_wconf 86' lang='lat' dir='ltr'><strong>condemnatur,</strong></span> <span class='ocrx_word' id='word_1_529' title='bbox 1229 5313 1417 5366; x_wconf 83' lang='lat' dir='ltr'><strong>eadem</strong></span> <span class='ocrx_word' id='word_1_530' title='bbox 1475 5331 1725 5370; x_wconf 87' lang='lat' dir='ltr'><strong>mensura</strong></span> <span class='ocrx_word' id='word_1_531' title='bbox 1779 5317 2020 5384; x_wconf 85' lang='lat' dir='ltr'><strong>recipit:</strong></span> <span class='ocrx_word' id='word_1_532' title='bbox 2067 5329 2333 5386; x_wconf 85' lang='lat' dir='ltr'><strong>quatenus</strong></span> 
     </span>
    </p>
   </div>
   <div class='ocr_carea' id='block_1_70' title="bbox 759 5404 2330 5479">
    <p class='ocr_par' dir='ltr' id='par_1_70' title="bbox 759 5404 2330 5479">
     <span class='ocr_line' id='line_1_70' title="bbox 759 5404 2330 5479; baseline 0.011 -30"><span class='ocrx_word' id='word_1_533' title='bbox 759 5410 940 5454; x_wconf 85' lang='lat' dir='ltr'><strong>autem</strong></span> <span class='ocrx_word' id='word_1_534' title='bbox 969 5404 1200 5470; x_wconf 90' lang='lat' dir='ltr'><strong>amplius</strong></span> <span class='ocrx_word' id='word_1_535' title='bbox 1230 5405 1623 5461; x_wconf 88' lang='lat' dir='ltr'><strong>condemnatur</strong></span> <span class='ocrx_word' id='word_1_536' title='bbox 1643 5411 1784 5479; x_wconf 85' lang='lat' dir='ltr'><strong>quod</strong></span> <span class='ocrx_word' id='word_1_537' title='bbox 1814 5411 2041 5466; x_wconf 89' lang='lat' dir='ltr'><strong>similem</strong></span> <span class='ocrx_word' id='word_1_538' title='bbox 2072 5413 2330 5466; x_wconf 87' lang='lat' dir='ltr'><strong>condem-</strong></span> 
     </span>
    </p>
   </div>
   <div class='ocr_carea' id='block_1_71' title="bbox 757 5492 2331 5558">
    <p class='ocr_par' dir='ltr' id='par_1_71' title="bbox 757 5492 2331 5558">
     <span class='ocr_line' id='line_1_71' title="bbox 757 5492 2331 5558; baseline 0.01 -15"><span class='ocrx_word' id='word_1_539' title='bbox 757 5492 922 5553; x_wconf 87' lang='lat' dir='ltr'><strong>narit,</strong></span> <span class='ocrx_word' id='word_1_540' title='bbox 968 5493 1018 5545; x_wconf 90' lang='lat' dir='ltr'><strong>in</strong></span> <span class='ocrx_word' id='word_1_541' title='bbox 1063 5495 1164 5549; x_wconf 86' lang='lat' dir='ltr'><strong>hoc</strong></span> <span class='ocrx_word' id='word_1_542' title='bbox 1203 5499 1485 5552; x_wconf 81' lang='lat' dir='ltr'><strong>exundans</strong></span> <span class='ocrx_word' id='word_1_543' title='bbox 1535 5510 1618 5554; x_wconf 81' lang='lat' dir='ltr'><strong>est</strong></span> <span class='ocrx_word' id='word_1_544' title='bbox 1665 5518 1940 5557; x_wconf 84' lang='lat' dir='ltr'><strong>mensura.</strong></span> <span class='ocrx_word' id='word_1_545' title='bbox 1985 5501 2112 5558; x_wconf 69' lang='lat' dir='ltr'><strong>Haec</strong></span> <span class='ocrx_word' id='word_1_546' title='bbox 2151 5513 2331 5558; x_wconf 89' lang='lat' dir='ltr'><strong>autent</strong></span> 
     </span>
    </p>
   </div>
   <div class='ocr_carea' id='block_1_72' title="bbox 759 5581 2330 5665">
    <p class='ocr_par' dir='ltr' id='par_1_72' title="bbox 759 5581 2330 5665">
     <span class='ocr_line' id='line_1_72' title="bbox 759 5581 2330 5665; baseline 0.008 -30"><span class='ocrx_word' id='word_1_547' title='bbox 759 5581 895 5636; x_wconf 75' lang='lat' dir='ltr'><strong>dixit</strong></span> <span class='ocrx_word' id='word_1_548' title='bbox 952 5584 1209 5644; x_wconf 86' lang='lat' dir='ltr'><strong>Dominus</strong></span> <span class='ocrx_word' id='word_1_549' title='bbox 1260 5605 1289 5644; x_wconf 88' lang='lat' dir='ltr'><strong>a</strong></span> <span class='ocrx_word' id='word_1_550' title='bbox 1345 5594 1798 5650; x_wconf 84' lang='lat' dir='ltr'><strong>condemnatione</strong></span> <span class='ocrx_word' id='word_1_551' title='bbox 1861 5611 1958 5650; x_wconf 74' lang='lat' dir='ltr'><strong>nos</strong></span> <span class='ocrx_word' id='word_1_552' title='bbox 2021 5595 2330 5665; x_wconf 81' lang='lat' dir='ltr'><strong>prohibens.</strong></span> 
     </span>
    </p>
   </div>
   <div class='ocr_carea' id='block_1_73' title="bbox 832 5774 1265 5848">
    <p class='ocr_par' dir='ltr' id='par_1_73' title="bbox 832 5774 1265 5848">
     <span class='ocr_line' id='line_1_73' title="bbox 832 5774 1265 5848; baseline 0.014 -18"><span class='ocrx_word' id='word_1_553' title='bbox 832 5777 875 5811; x_wconf 80' lang='grc'><strong>³³</strong></span> <span class='ocrx_word' id='word_1_554' title='bbox 924 5774 1080 5835; x_wconf 82' lang='lat' dir='ltr'><strong>Rom.</strong></span> <span class='ocrx_word' id='word_1_555' title='bbox 1117 5794 1176 5848; x_wconf 86' lang='lat' dir='ltr'><strong>tt,</strong></span> <span class='ocrx_word' id='word_1_556' title='bbox 1218 5780 1265 5836; x_wconf 83' lang='lat' dir='ltr'><strong>l.</strong></span> 
     </span>
    </p>
   </div>
   <div class='ocr_carea' id='block_1_74' title="bbox 2426 1821 4016 1901">
    <p class='ocr_par' dir='ltr' id='par_1_74' title="bbox 2426 1821 4016 1901">
     <span class='ocr_line' id='line_1_74' title="bbox 2426 1821 4016 1901; baseline -0.008 -17"><span class='ocrx_word' id='word_1_557' title='bbox 2426 1831 2682 1901; x_wconf 70' lang='grc' dir='ltr'>τισμένης</span> <span class='ocrx_word' id='word_1_558' title='bbox 2729 1829 2786 1882; x_wconf 78' lang='grc' dir='ltr'>δὲ</span> <span class='ocrx_word' id='word_1_559' title='bbox 2838 1831 2944 1892; x_wconf 83' lang='grc' dir='ltr'><strong>πᾶς</strong></span> <span class='ocrx_word' id='word_1_560' title='bbox 2991 1828 3144 1880; x_wconf 79' lang='grc' dir='ltr'>ἔσται</span> <span class='ocrx_word' id='word_1_561' title='bbox 3194 1828 3269 1888; x_wconf 84' lang='grc' dir='ltr'>ὡς</span> <span class='ocrx_word' id='word_1_562' title='bbox 3315 1827 3344 1877; x_wconf 94' lang='lat'><strong>6</strong></span> <span class='ocrx_word' id='word_1_563' title='bbox 3383 1824 3703 1884; x_wconf 75' lang='grc' dir='ltr'>διδάσκαλ&gt;ς</span> <span class='ocrx_word' id='word_1_564' title='bbox 3762 1821 3958 1875; x_wconf 83' lang='grc' dir='ltr'>αὑτοῦ.</span> <span class='ocrx_word' id='word_1_565' title='bbox 3997 1840 4016 1872; x_wconf 70' lang='grc' dir='ltr'><strong>ι</strong></span> 
     </span>
    </p>
   </div>
   <div class='ocr_carea' id='block_1_75' title="bbox 2428 1913 4024 1993">
    <p class='ocr_par' dir='ltr' id='par_1_75' title="bbox 2428 1913 4024 1993">
     <span class='ocr_line' id='line_1_75' title="bbox 2428 1913 4024 1993; baseline -0.008 -16"><span class='ocrx_word' id='word_1_566' title='bbox 2428 1925 2783 1993; x_wconf 85' lang='grc' dir='ltr'>Παγχάλεπον</span> <span class='ocrx_word' id='word_1_567' title='bbox 2810 1923 3024 1990; x_wconf 82' lang='grc' dir='ltr'>νόσημα</span> <span class='ocrx_word' id='word_1_568' title='bbox 3054 1920 3349 1988; x_wconf 83' lang='grc' dir='ltr'>ἀποτέμνει</span> <span class='ocrx_word' id='word_1_569' title='bbox 3374 1918 3480 1970; x_wconf 82' lang='grc' dir='ltr'>τῶν</span> <span class='ocrx_word' id='word_1_570' title='bbox 3511 1916 3800 1984; x_wconf 86' lang='grc' dir='ltr'>ἡμετέρων</span> <span class='ocrx_word' id='word_1_571' title='bbox 3829 1913 4024 1984; x_wconf 77' lang='grc' dir='ltr'>ψυχῶν</span> 
     </span>
    </p>
   </div>
   <div class='ocr_carea' id='block_1_76' title="bbox 2426 2005 4023 2082">
    <p class='ocr_par' dir='ltr' id='par_1_76' title="bbox 2426 2005 4023 2082">
     <span class='ocr_line' id='line_1_76' title="bbox 2426 2005 4023 2082; baseline -0.007 -15"><span class='ocrx_word' id='word_1_572' title='bbox 2426 2017 2453 2067; x_wconf 94' lang='lat'><strong>6</strong></span> <span class='ocrx_word' id='word_1_573' title='bbox 2487 2016 2711 2082; x_wconf 79' lang='grc' dir='ltr'>Κύριος,</span> <span class='ocrx_word' id='word_1_574' title='bbox 2760 2013 2858 2080; x_wconf 86' lang='grc' dir='ltr'>τὴν</span> <span class='ocrx_word' id='word_1_575' title='bbox 2909 2012 3068 2080; x_wconf 75' lang='grc' dir='ltr'>ῥίζαν</span> <span class='ocrx_word' id='word_1_576' title='bbox 3115 2010 3257 2077; x_wconf 89' lang='grc' dir='ltr'>λέγω</span> <span class='ocrx_word' id='word_1_577' title='bbox 3299 2012 3397 2080; x_wconf 85' lang='grc' dir='ltr'>τῆς</span> <span class='ocrx_word' id='word_1_578' title='bbox 3445 2005 3770 2076; x_wconf 71' lang='grc' dir='ltr'>ὑπεροψίας.</span> <span class='ocrx_word' id='word_1_579' title='bbox 3811 2006 3874 2057; x_wconf 84' lang='lat'><strong>&#39;0</strong></span> <span class='ocrx_word' id='word_1_580' title='bbox 3908 2006 4023 2071; x_wconf 72' lang='grc' dir='ltr'><strong>γὰρ</strong></span> 
     </span>
    </p>
   </div>
   <div class='ocr_carea' id='block_1_77' title="bbox 2430 2100 4021 2177">
    <p class='ocr_par' dir='ltr' id='par_1_77' title="bbox 2430 2100 4021 2177">
     <span class='ocr_line' id='line_1_77' title="bbox 2430 2100 4021 2177; baseline -0.005 -18"><span class='ocrx_word' id='word_1_581' title='bbox 2430 2105 2505 2177; x_wconf 79' lang='grc' dir='ltr'>μὴ</span> <span class='ocrx_word' id='word_1_582' title='bbox 2555 2106 2748 2160; x_wconf 79' lang='grc' dir='ltr'>ἑαυτὸν</span> <span class='ocrx_word' id='word_1_583' title='bbox 2793 2104 3284 2172; x_wconf 76' lang='grc' dir='ltr'>ἐπισκεπτόμενος,</span> <span class='ocrx_word' id='word_1_584' title='bbox 3336 2103 3470 2155; x_wconf 79' lang='grc' dir='ltr'><strong>ἀλλά</strong></span> <span class='ocrx_word' id='word_1_585' title='bbox 3521 2101 3589 2152; x_wconf 82' lang='grc' dir='ltr'><strong>τὰ.</strong></span> <span class='ocrx_word' id='word_1_586' title='bbox 3640 2100 3735 2153; x_wconf 90' lang='grc' dir='ltr'><strong>τοῦ</strong></span> <span class='ocrx_word' id='word_1_587' title='bbox 3786 2101 4021 2169; x_wconf 67' lang='grc' dir='ltr'>πλησίον</span> 
     </span>
    </p>
   </div>
   <div class='ocr_carea' id='block_1_78' title="bbox 2430 2191 4022 2268">
    <p class='ocr_par' dir='ltr' id='par_1_78' title="bbox 2430 2191 4022 2268">
     <span class='ocr_line' id='line_1_78' title="bbox 2430 2191 4022 2268; baseline -0.007 -17"><span class='ocrx_word' id='word_1_588' title='bbox 2430 2199 2594 2268; x_wconf 83' lang='grc' dir='ltr'>μόνον</span> <span class='ocrx_word' id='word_1_589' title='bbox 2617 2195 2852 2266; x_wconf 78' lang='grc' dir='ltr'>ἐφορῶν,</span> <span class='ocrx_word' id='word_1_590' title='bbox 2883 2197 2978 2248; x_wconf 77' lang='grc' dir='ltr'>καὶ</span> <span class='ocrx_word' id='word_1_591' title='bbox 3011 2195 3185 2248; x_wconf 89' lang='grc' dir='ltr'>ταῦτα</span> <span class='ocrx_word' id='word_1_592' title='bbox 3217 2193 3495 2261; x_wconf 79' lang='grc' dir='ltr'>μωμεύειν</span> <span class='ocrx_word' id='word_1_593' title='bbox 3523 2191 3715 2254; x_wconf 85' lang='grc' dir='ltr'>θέλων,</span> <span class='ocrx_word' id='word_1_594' title='bbox 3752 2191 4022 2261; x_wconf 84' lang='grc' dir='ltr'>πρόδηλον</span> 
     </span>
    </p>
   </div>
   <div class='ocr_carea' id='block_1_79' title="bbox 2426 2284 4020 2359">
    <p class='ocr_par' dir='ltr' id='par_1_79' title="bbox 2426 2284 4020 2359">
     <span class='ocr_line' id='line_1_79' title="bbox 2426 2284 4020 2359; baseline -0.005 -16"><span class='ocrx_word' id='word_1_595' title='bbox 2426 2292 2509 2344; x_wconf 86' lang='grc' dir='ltr'>ὃτι</span> <span class='ocrx_word' id='word_1_596' title='bbox 2556 2288 2829 2359; x_wconf 73' lang='grc' dir='ltr'>ὑπεροψίᾳ</span> <span class='ocrx_word' id='word_1_597' title='bbox 2880 2289 3234 2356; x_wconf 76' lang='grc' dir='ltr'>ἁλισκόμενος</span> <span class='ocrx_word' id='word_1_598' title='bbox 3277 2284 3499 2355; x_wconf 86' lang='grc' dir='ltr'>λέληθεν</span> <span class='ocrx_word' id='word_1_599' title='bbox 3553 2285 3772 2338; x_wconf 76' lang='grc' dir='ltr'>ἑαυτόν.</span> <span class='ocrx_word' id='word_1_600' title='bbox 3827 2284 4020 2338; x_wconf 83' lang='grc' dir='ltr'>Οῑεται</span> 
     </span>
    </p>
   </div>
   <div class='ocr_carea' id='block_1_80' title="bbox 2429 2377 4023 2452">
    <p class='ocr_par' dir='ltr' id='par_1_80' title="bbox 2429 2377 4023 2452">
     <span class='ocr_line' id='line_1_80' title="bbox 2429 2377 4023 2452; baseline -0.005 -18"><span class='ocrx_word' id='word_1_601' title='bbox 2429 2381 2535 2452; x_wconf 75' lang='grc' dir='ltr'><strong>γὰρ</strong></span> <span class='ocrx_word' id='word_1_602' title='bbox 2569 2381 2783 2442; x_wconf 82' lang='grc' dir='ltr'>πάντως</span> <span class='ocrx_word' id='word_1_603' title='bbox 2817 2381 2944 2449; x_wconf 69' lang='grc' dir='ltr'>περὶ</span> <span class='ocrx_word' id='word_1_604' title='bbox 2987 2378 3206 2440; x_wconf 80' lang='grc' dir='ltr'>ἑαυτοῦ,</span> <span class='ocrx_word' id='word_1_605' title='bbox 3256 2379 3338 2429; x_wconf 80' lang='grc' dir='ltr'>ὅτι</span> <span class='ocrx_word' id='word_1_606' title='bbox 3387 2379 3486 2446; x_wconf 79' lang='grc' dir='ltr'><strong>οὐχ</strong></span> <span class='ocrx_word' id='word_1_607' title='bbox 3526 2378 3860 2446; x_wconf 82' lang='grc' dir='ltr'>ἀμαρτάνει.</span> <span class='ocrx_word' id='word_1_608' title='bbox 3911 2377 4023 2430; x_wconf 76' lang='grc' dir='ltr'><strong>Καὶ</strong></span> 
     </span>
    </p>
   </div>
   <div class='ocr_carea' id='block_1_81' title="bbox 2427 2467 4023 2539">
    <p class='ocr_par' dir='ltr' id='par_1_81' title="bbox 2427 2467 4023 2539">
     <span class='ocr_line' id='line_1_81' title="bbox 2427 2467 4023 2539; baseline -0.004 -13"><span class='ocrx_word' id='word_1_609' title='bbox 2427 2473 2513 2526; x_wconf 72' lang='grc' dir='ltr'><strong>διὰ</strong></span> <span class='ocrx_word' id='word_1_610' title='bbox 2557 2472 2715 2524; x_wconf 88' lang='grc' dir='ltr'>τοῦτο</span> <span class='ocrx_word' id='word_1_611' title='bbox 2773 2472 2900 2532; x_wconf 84' lang='grc' dir='ltr'>τοὺς</span> <span class='ocrx_word' id='word_1_612' title='bbox 2947 2470 3141 2531; x_wconf 79' lang='grc' dir='ltr'>ἄλλους</span> <span class='ocrx_word' id='word_1_613' title='bbox 3191 2469 3607 2539; x_wconf 81' lang='grc' dir='ltr'>ἁμαρτάνοντας</span> <span class='ocrx_word' id='word_1_614' title='bbox 3655 2469 3924 2523; x_wconf 77' lang='grc' dir='ltr'>αἰτιᾶται,</span> <span class='ocrx_word' id='word_1_615' title='bbox 3961 2467 4023 2520; x_wconf 77' lang='lat' dir='ltr'><strong>Et</strong></span> 
     </span>
    </p>
   </div>
   <div class='ocr_carea' id='block_1_82' title="bbox 2426 2556 4021 2632">
    <p class='ocr_par' dir='ltr' id='par_1_82' title="bbox 2426 2556 4021 2632">
     <span class='ocr_line' id='line_1_82' title="bbox 2426 2556 4021 2632; baseline -0.003 -15"><span class='ocrx_word' id='word_1_616' title='bbox 2426 2563 2518 2617; x_wconf 80' lang='grc' dir='ltr'><strong>οῦν</strong></span> <span class='ocrx_word' id='word_1_617' title='bbox 2549 2565 2724 2626; x_wconf 88' lang='grc' dir='ltr'>θέλεις</span> <span class='ocrx_word' id='word_1_618' title='bbox 2753 2563 3120 2632; x_wconf 78' lang='grc' dir='ltr'>ἀκατάκριτος</span> <span class='ocrx_word' id='word_1_619' title='bbox 3149 2556 3311 2625; x_wconf 77' lang='grc' dir='ltr'>εἶναι,</span> <span class='ocrx_word' id='word_1_620' title='bbox 3338 2561 3413 2632; x_wconf 80' lang='grc' dir='ltr'>μὴ</span> <span class='ocrx_word' id='word_1_621' title='bbox 3443 2561 3743 2629; x_wconf 78' lang='grc' dir='ltr'>κατάκρινε</span> <span class='ocrx_word' id='word_1_622' title='bbox 3771 2560 4021 2628; x_wconf 61' lang='grc' dir='ltr'>ἑτέρους.</span> 
     </span>
    </p>
   </div>
   <div class='ocr_carea' id='block_1_83' title="bbox 2429 2651 4025 2724">
    <p class='ocr_par' dir='ltr' id='par_1_83' title="bbox 2429 2651 4025 2724">
     <span class='ocr_line' id='line_1_83' title="bbox 2429 2651 4025 2724; baseline -0.003 -17"><span class='ocrx_word' id='word_1_623' title='bbox 2429 2656 2564 2707; x_wconf 83' lang='grc' dir='ltr'><strong>Εἰπέ</strong></span> <span class='ocrx_word' id='word_1_624' title='bbox 2597 2670 2686 2724; x_wconf 91' lang='grc' dir='ltr'><strong>μοι</strong></span> <span class='ocrx_word' id='word_1_625' title='bbox 2727 2654 2834 2723; x_wconf 78' lang='grc' dir='ltr'><strong>γὰρ</strong></span> <span class='ocrx_word' id='word_1_626' title='bbox 2870 2652 3013 2706; x_wconf 87' lang='grc' dir='ltr'>διατί</span> <span class='ocrx_word' id='word_1_627' title='bbox 3067 2651 3416 2719; x_wconf 74' lang='grc' dir='ltr'>κατακρίνεις</span> <span class='ocrx_word' id='word_1_628' title='bbox 3473 2651 3683 2720; x_wconf 72' lang='grc' dir='ltr'>ἕτερον,</span> <span class='ocrx_word' id='word_1_629' title='bbox 3727 2651 3804 2712; x_wconf 85' lang='grc' dir='ltr'>ὼς</span> <span class='ocrx_word' id='word_1_630' title='bbox 3841 2667 4025 2721; x_wconf 82' lang='grc' dir='ltr'>παρα·</span> 
     </span>
    </p>
   </div>
   <div class='ocr_carea' id='block_1_84' title="bbox 2429 2743 4020 2813">
    <p class='ocr_par' dir='ltr' id='par_1_84' title="bbox 2429 2743 4020 2813">
     <span class='ocr_line' id='line_1_84' title="bbox 2429 2743 4020 2813; baseline -0.003 -14"><span class='ocrx_word' id='word_1_631' title='bbox 2429 2749 2690 2802; x_wconf 78' lang='grc' dir='ltr'>ϐαίνοντα</span> <span class='ocrx_word' id='word_1_632' title='bbox 2719 2750 2934 2809; x_wconf 83' lang='grc' dir='ltr'>πάντως</span> <span class='ocrx_word' id='word_1_633' title='bbox 2960 2747 3085 2806; x_wconf 79' lang='grc' dir='ltr'>τοὺς</span> <span class='ocrx_word' id='word_1_634' title='bbox 3110 2743 3288 2806; x_wconf 90' lang='grc' dir='ltr'>θείους</span> <span class='ocrx_word' id='word_1_635' title='bbox 3316 2743 3513 2813; x_wconf 86' lang='grc' dir='ltr'>νόμους</span> <span class='ocrx_word' id='word_1_636' title='bbox 3537 2759 3552 2808; x_wconf 88' lang='grc'>;</span> <span class='ocrx_word' id='word_1_637' title='bbox 3584 2744 3657 2797; x_wconf 83' lang='grc' dir='ltr'><strong>Σὺ</strong></span> <span class='ocrx_word' id='word_1_638' title='bbox 3689 2743 3744 2795; x_wconf 81' lang='grc' dir='ltr'>δὲ</span> <span class='ocrx_word' id='word_1_639' title='bbox 3768 2745 3936 2806; x_wconf 80' lang='grc' dir='ltr'>αὐτὸς</span> <span class='ocrx_word' id='word_1_640' title='bbox 3959 2744 4020 2795; x_wconf 72' lang='grc' dir='ltr'>οὔ</span> 
     </span>
    </p>
   </div>
   <div class='ocr_carea' id='block_1_85' title="bbox 2431 2833 4022 2907">
    <p class='ocr_par' dir='ltr' id='par_1_85' title="bbox 2431 2833 4022 2907">
     <span class='ocr_line' id='line_1_85' title="bbox 2431 2833 4022 2907; baseline -0.003 -17"><span class='ocrx_word' id='word_1_641' title='bbox 2431 2839 2790 2906; x_wconf 77' lang='grc' dir='ltr'>παραϐαίνεις</span> <span class='ocrx_word' id='word_1_642' title='bbox 2829 2837 2972 2890; x_wconf 86' lang='grc' dir='ltr'>θεῖον</span> <span class='ocrx_word' id='word_1_643' title='bbox 3013 2837 3214 2907; x_wconf 84' lang='grc' dir='ltr'>νόμον;</span> <span class='ocrx_word' id='word_1_644' title='bbox 3266 2836 3494 2906; x_wconf 79' lang='grc' dir='ltr'>Ἀφίημι</span> <span class='ocrx_word' id='word_1_645' title='bbox 3550 2836 3609 2887; x_wconf 71' lang='grc' dir='ltr'>ἐν</span> <span class='ocrx_word' id='word_1_646' title='bbox 3665 2837 3786 2894; x_wconf 85' lang='grc' dir='ltr'>ταῖς</span> <span class='ocrx_word' id='word_1_647' title='bbox 3835 2833 4022 2898; x_wconf 78' lang='grc' dir='ltr'>ἄλλαις</span> 
     </span>
    </p>
   </div>
   <div class='ocr_carea' id='block_1_86' title="bbox 2430 2927 4020 3001">
    <p class='ocr_par' dir='ltr' id='par_1_86' title="bbox 2430 2927 4020 3001">
     <span class='ocr_line' id='line_1_86' title="bbox 2430 2927 4020 3001; baseline 0.003 -17"><span class='ocrx_word' id='word_1_648' title='bbox 2430 2932 2745 3001; x_wconf 82' lang='grc' dir='ltr'>ἁμαρτίαις,</span> <span class='ocrx_word' id='word_1_649' title='bbox 2786 2929 2902 2983; x_wconf 81' lang='grc' dir='ltr'>ἀλλ’</span> <span class='ocrx_word' id='word_1_650' title='bbox 2931 2933 2989 2982; x_wconf 78' lang='grc' dir='ltr'><strong>έν</strong></span> <span class='ocrx_word' id='word_1_651' title='bbox 3019 2930 3168 3000; x_wconf 87' lang='grc' dir='ltr'>αὑτῴ</span> <span class='ocrx_word' id='word_1_652' title='bbox 3195 2929 3370 2999; x_wconf 80' lang='grc' dir='ltr'>τούτῳ</span> <span class='ocrx_word' id='word_1_653' title='bbox 3417 2927 3495 2997; x_wconf 85' lang='grc' dir='ltr'>τῷ</span> <span class='ocrx_word' id='word_1_654' title='bbox 3527 2929 3738 2998; x_wconf 86' lang='grc' dir='ltr'>κρίνειν</span> <span class='ocrx_word' id='word_1_655' title='bbox 3773 2929 4020 2998; x_wconf 77' lang='grc' dir='ltr'>ἑτέρους.</span> 
     </span>
    </p>
   </div>
   <div class='ocr_carea' id='block_1_87' title="bbox 2430 3018 4021 3090">
    <p class='ocr_par' dir='ltr' id='par_1_87' title="bbox 2430 3018 4021 3090">
     <span class='ocr_line' id='line_1_87' title="bbox 2430 3018 4021 3090; baseline -0.004 -16"><span class='ocrx_word' id='word_1_656' title='bbox 2430 3023 2646 3081; x_wconf 79' lang='grc' dir='ltr'>πάντως</span> <span class='ocrx_word' id='word_1_657' title='bbox 2679 3021 2788 3090; x_wconf 86' lang='grc' dir='ltr'><strong>γάρ</strong></span> <span class='ocrx_word' id='word_1_658' title='bbox 2817 3021 2978 3089; x_wconf 90' lang='grc' dir='ltr'>νόμος</span> <span class='ocrx_word' id='word_1_659' title='bbox 3008 3019 3149 3083; x_wconf 85' lang='grc' dir='ltr'>θεῖος</span> <span class='ocrx_word' id='word_1_660' title='bbox 3185 3018 3560 3074; x_wconf 80' lang='grc' dir='ltr'>διακελεύεται</span> <span class='ocrx_word' id='word_1_661' title='bbox 3592 3035 3673 3070; x_wconf 90' lang='grc' dir='ltr'><strong>σοι</strong></span> <span class='ocrx_word' id='word_1_662' title='bbox 3705 3019 3780 3088; x_wconf 78' lang='grc' dir='ltr'>μὴ</span> <span class='ocrx_word' id='word_1_663' title='bbox 3809 3020 4021 3087; x_wconf 82' lang='grc' dir='ltr'>κρίνειν</span> 
     </span>
    </p>
   </div>
   <div class='ocr_carea' id='block_1_88' title="bbox 2377 3105 4024 3182">
    <p class='ocr_par' dir='ltr' id='par_1_88' title="bbox 2377 3105 4024 3182">
     <span class='ocr_line' id='line_1_88' title="bbox 2377 3105 4024 3182; baseline -0.002 -16"><span class='ocrx_word' id='word_1_664' title='bbox 2377 3105 2397 3125; x_wconf 72' lang='grc'>³</span> <span class='ocrx_word' id='word_1_665' title='bbox 2429 3115 2520 3166; x_wconf 69' lang='grc' dir='ltr'>τὸν</span> <span class='ocrx_word' id='word_1_666' title='bbox 2555 3114 2805 3182; x_wconf 83' lang='grc' dir='ltr'>ἀδελφόν·</span> <span class='ocrx_word' id='word_1_667' title='bbox 2842 3112 2983 3166; x_wconf 83' lang='grc' dir='ltr'>ὥστε</span> <span class='ocrx_word' id='word_1_668' title='bbox 3013 3112 3105 3165; x_wconf 74' lang='grc' dir='ltr'>καὶ</span> <span class='ocrx_word' id='word_1_669' title='bbox 3134 3113 3201 3164; x_wconf 75' lang='grc' dir='ltr'>σὺ</span> <span class='ocrx_word' id='word_1_670' title='bbox 3228 3110 3591 3180; x_wconf 80' lang='grc' dir='ltr'>παραὸαίνεις</span> <span class='ocrx_word' id='word_1_671' title='bbox 3621 3111 3810 3179; x_wconf 87' lang='grc' dir='ltr'>νόμον.</span> <span class='ocrx_word' id='word_1_672' title='bbox 3839 3111 4024 3179; x_wconf 79' lang='grc' dir='ltr'>Παρα-</span> 
     </span>
    </p>
   </div>
   <div class='ocr_carea' id='block_1_89' title="bbox 2431 3201 4023 3274">
    <p class='ocr_par' dir='ltr' id='par_1_89' title="bbox 2431 3201 4023 3274">
     <span class='ocr_line' id='line_1_89' title="bbox 2431 3201 4023 3274; baseline -0.004 -16"><span class='ocrx_word' id='word_1_673' title='bbox 2431 3205 2601 3274; x_wconf 78' lang='grc' dir='ltr'>δάτης</span> <span class='ocrx_word' id='word_1_674' title='bbox 2627 3205 2683 3257; x_wconf 81' lang='grc' dir='ltr'>δὲ</span> <span class='ocrx_word' id='word_1_675' title='bbox 2715 3204 2813 3267; x_wconf 81' lang='grc' dir='ltr'>ὢν,</span> <span class='ocrx_word' id='word_1_676' title='bbox 2845 3205 2945 3256; x_wconf 83' lang='grc' dir='ltr'>οὐκ</span> <span class='ocrx_word' id='word_1_677' title='bbox 2987 3201 3224 3272; x_wconf 78' lang='grc' dir='ltr'>ὀφείλεις</span> <span class='ocrx_word' id='word_1_678' title='bbox 3268 3202 3456 3271; x_wconf 73' lang='grc' dir='ltr'>ἕτερον</span> <span class='ocrx_word' id='word_1_679' title='bbox 3490 3202 3700 3269; x_wconf 89' lang='grc' dir='ltr'>κρίνειν</span> <span class='ocrx_word' id='word_1_680' title='bbox 3729 3201 3807 3263; x_wconf 84' lang='grc' dir='ltr'>ὡς</span> <span class='ocrx_word' id='word_1_681' title='bbox 3853 3216 4023 3271; x_wconf 83' lang='grc' dir='ltr'>παρα-</span> 
     </span>
    </p>
   </div>
   <div class='ocr_carea' id='block_1_90' title="bbox 2431 3290 4024 3367">
    <p class='ocr_par' dir='ltr' id='par_1_90' title="bbox 2431 3290 4024 3367">
     <span class='ocr_line' id='line_1_90' title="bbox 2431 3290 4024 3367; baseline -0.002 -18"><span class='ocrx_word' id='word_1_682' title='bbox 2431 3298 2621 3366; x_wconf 75' lang='grc' dir='ltr'>ϐάτην.</span> <span class='ocrx_word' id='word_1_683' title='bbox 2680 3295 2976 3367; x_wconf 79' lang='grc' dir='ltr'>Ἀνώτερον</span> <span class='ocrx_word' id='word_1_684' title='bbox 3013 3297 3122 3365; x_wconf 84' lang='grc' dir='ltr'><strong>γὰρ</strong></span> <span class='ocrx_word' id='word_1_685' title='bbox 3160 3290 3298 3346; x_wconf 80' lang='grc' dir='ltr'>εἶναι</span> <span class='ocrx_word' id='word_1_686' title='bbox 3331 3292 3412 3346; x_wconf 69' lang='grc' dir='ltr'>δεῖ</span> <span class='ocrx_word' id='word_1_687' title='bbox 3452 3293 3548 3362; x_wconf 81' lang='grc' dir='ltr'>τῆς</span> <span class='ocrx_word' id='word_1_688' title='bbox 3597 3293 4024 3362; x_wconf 72' lang='grc' dir='ltr'>ἀμαρτανούσης</span> 
     </span>
    </p>
   </div>
   <div class='ocr_carea' id='block_1_91' title="bbox 2430 3382 4020 3458">
    <p class='ocr_par' dir='ltr' id='par_1_91' title="bbox 2430 3382 4020 3458">
     <span class='ocr_line' id='line_1_91' title="bbox 2430 3382 4020 3458; baseline -0.003 -17"><span class='ocrx_word' id='word_1_689' title='bbox 2430 3389 2648 3457; x_wconf 82' lang='grc' dir='ltr'>φύσεως</span> <span class='ocrx_word' id='word_1_690' title='bbox 2691 3390 2780 3442; x_wconf 81' lang='grc' dir='ltr'>τὸν</span> <span class='ocrx_word' id='word_1_691' title='bbox 2828 3390 3041 3458; x_wconf 87' lang='grc' dir='ltr'>κριτήν.</span> <span class='ocrx_word' id='word_1_692' title='bbox 3085 3388 3313 3439; x_wconf 83' lang='grc' dir='ltr'>Ἀπόλυε</span> <span class='ocrx_word' id='word_1_693' title='bbox 3353 3382 3468 3452; x_wconf 84' lang='grc' dir='ltr'>οὖν,</span> <span class='ocrx_word' id='word_1_694' title='bbox 3525 3387 3620 3438; x_wconf 79' lang='grc' dir='ltr'>καὶ</span> <span class='ocrx_word' id='word_1_695' title='bbox 3672 3385 4020 3455; x_wconf 78' lang='grc' dir='ltr'>ἀπολυθήσῃ·</span> 
     </span>
    </p>
   </div>
   <div class='ocr_carea' id='block_1_92' title="bbox 2428 3477 4022 3548">
    <p class='ocr_par' dir='ltr' id='par_1_92' title="bbox 2428 3477 4022 3548">
     <span class='ocr_line' id='line_1_92' title="bbox 2428 3477 4022 3548; baseline -0.002 -16"><span class='ocrx_word' id='word_1_696' title='bbox 2428 3480 2595 3541; x_wconf 90' lang='grc' dir='ltr'>δίδου,</span> <span class='ocrx_word' id='word_1_697' title='bbox 2649 3480 2742 3532; x_wconf 70' lang='grc' dir='ltr'>καὶ</span> <span class='ocrx_word' id='word_1_698' title='bbox 2789 3477 3076 3548; x_wconf 75' lang='grc' dir='ltr'>δοθήσεταί</span> <span class='ocrx_word' id='word_1_699' title='bbox 3129 3494 3234 3533; x_wconf 86' lang='grc' dir='ltr'>σοι.</span> <span class='ocrx_word' id='word_1_700' title='bbox 3276 3478 3492 3547; x_wconf 88' lang='grc' dir='ltr'>Μέτρον</span> <span class='ocrx_word' id='word_1_701' title='bbox 3528 3479 3636 3546; x_wconf 80' lang='grc' dir='ltr'><strong>γὰρ</strong></span> <span class='ocrx_word' id='word_1_702' title='bbox 3681 3477 3870 3541; x_wconf 75' lang='grc' dir='ltr'>καλὸν,</span> <span class='ocrx_word' id='word_1_703' title='bbox 3927 3495 4022 3529; x_wconf 83' lang='grc' dir='ltr'>πε-</span> 
     </span>
    </p>
   </div>
   <div class='ocr_carea' id='block_1_93' title="bbox 2431 3569 4022 3639">
    <p class='ocr_par' dir='ltr' id='par_1_93' title="bbox 2431 3569 4022 3639">
     <span class='ocr_line' id='line_1_93' title="bbox 2431 3569 4022 3639; baseline -0.001 -17"><span class='ocrx_word' id='word_1_704' title='bbox 2431 3571 2725 3639; x_wconf 84' lang='grc' dir='ltr'>πιεσμένον</span> <span class='ocrx_word' id='word_1_705' title='bbox 2766 3571 2859 3622; x_wconf 74' lang='grc' dir='ltr'>καὶ</span> <span class='ocrx_word' id='word_1_706' title='bbox 2909 3569 3328 3638; x_wconf 65' lang='grc' dir='ltr'>σεσαλευμένον,</span> <span class='ocrx_word' id='word_1_707' title='bbox 3382 3569 3476 3620; x_wconf 75' lang='grc' dir='ltr'>καὶ</span> <span class='ocrx_word' id='word_1_708' title='bbox 3507 3569 4022 3638; x_wconf 78' lang='grc' dir='ltr'>ὑπερεκχυνόμενον</span> 
     </span>
    </p>
   </div>
   <div class='ocr_carea' id='block_1_94' title="bbox 2431 3659 4024 3729">
    <p class='ocr_par' dir='ltr' id='par_1_94' title="bbox 2431 3659 4024 3729">
     <span class='ocr_line' id='line_1_94' title="bbox 2431 3659 4024 3729; baseline 0 -17"><span class='ocrx_word' id='word_1_709' title='bbox 2431 3660 2697 3714; x_wconf 83' lang='grc' dir='ltr'>δώσουσιν</span> <span class='ocrx_word' id='word_1_710' title='bbox 2724 3665 2804 3724; x_wconf 83' lang='grc' dir='ltr'><strong>εἰς</strong></span> <span class='ocrx_word' id='word_1_711' title='bbox 2843 3661 2934 3713; x_wconf 84' lang='grc' dir='ltr'>τὸν</span> <span class='ocrx_word' id='word_1_712' title='bbox 2976 3661 3176 3713; x_wconf 85' lang='grc' dir='ltr'>κόλπον</span> <span class='ocrx_word' id='word_1_713' title='bbox 3211 3659 3388 3729; x_wconf 82' lang='grc' dir='ltr'>ὑμῶν.</span> <span class='ocrx_word' id='word_1_714' title='bbox 3432 3661 3508 3712; x_wconf 83' lang='grc' dir='ltr'><strong>Οὐ</strong></span> <span class='ocrx_word' id='word_1_715' title='bbox 3549 3666 3659 3729; x_wconf 81' lang='grc' dir='ltr'><strong>γὰρ</strong></span> <span class='ocrx_word' id='word_1_716' title='bbox 3691 3660 4024 3728; x_wconf 82' lang='grc' dir='ltr'>φειδομένως</span> 
     </span>
    </p>
   </div>
   <div class='ocr_carea' id='block_1_95' title="bbox 2433 3747 4024 3824">
    <p class='ocr_par' dir='ltr' id='par_1_95' title="bbox 2433 3747 4024 3824">
     <span class='ocr_line' id='line_1_95' title="bbox 2433 3747 4024 3824; baseline -0.003 -16"><span class='ocrx_word' id='word_1_717' title='bbox 2433 3756 2754 3824; x_wconf 72' lang='grc' dir='ltr'>ἀντιμετρεῖ</span> <span class='ocrx_word' id='word_1_718' title='bbox 2793 3756 2820 3807; x_wconf 98' lang='lat'><strong>6</strong></span> <span class='ocrx_word' id='word_1_719' title='bbox 2877 3753 3102 3824; x_wconf 76' lang='grc' dir='ltr'>Κύριος,</span> <span class='ocrx_word' id='word_1_720' title='bbox 3159 3751 3297 3805; x_wconf 88' lang='grc' dir='ltr'><strong>ἀλλά</strong></span> <span class='ocrx_word' id='word_1_721' title='bbox 3346 3751 3642 3812; x_wconf 78' lang='grc' dir='ltr'>πλουσίως.</span> <span class='ocrx_word' id='word_1_722' title='bbox 3677 3752 3893 3821; x_wconf 84' lang='grc' dir='ltr'>Ὠσπερ</span> <span class='ocrx_word' id='word_1_723' title='bbox 3932 3747 4024 3806; x_wconf 82' lang='grc' dir='ltr'>οὖν</span> 
     </span>
    </p>
   </div>
   <div class='ocr_carea' id='block_1_96' title="bbox 2436 3843 4023 3918">
    <p class='ocr_par' dir='ltr' id='par_1_96' title="bbox 2436 3843 4023 3918">
     <span class='ocr_line' id='line_1_96' title="bbox 2436 3843 4023 3918; baseline -0.003 -19"><span class='ocrx_word' id='word_1_724' title='bbox 2436 3849 2531 3899; x_wconf 74' lang='grc' dir='ltr'><strong>ἐὰν</strong></span> <span class='ocrx_word' id='word_1_725' title='bbox 2570 3847 2769 3918; x_wconf 79' lang='grc' dir='ltr'>μέλλῃς</span> <span class='ocrx_word' id='word_1_726' title='bbox 2801 3846 3096 3915; x_wconf 84' lang='grc' dir='ltr'>μετρήσειν</span> <span class='ocrx_word' id='word_1_727' title='bbox 3134 3844 3296 3913; x_wconf 82' lang='grc' dir='ltr'>τυχὸν</span> <span class='ocrx_word' id='word_1_728' title='bbox 3325 3843 3581 3913; x_wconf 74' lang='grc' dir='ltr'><strong>⁴ἄλευρον,</strong></span> <span class='ocrx_word' id='word_1_729' title='bbox 3617 3843 3830 3907; x_wconf 76' lang='grc' dir='ltr'>πιέζεις</span> <span class='ocrx_word' id='word_1_730' title='bbox 3867 3843 4023 3895; x_wconf 81' lang='grc' dir='ltr'>τοῦτο</span> 
     </span>
    </p>
   </div>
   <div class='ocr_carea' id='block_1_97' title="bbox 2435 3934 4022 4007">
    <p class='ocr_par' dir='ltr' id='par_1_97' title="bbox 2435 3934 4022 4007">
     <span class='ocr_line' id='line_1_97' title="bbox 2435 3934 4022 4007; baseline -0.002 -15"><span class='ocrx_word' id='word_1_731' title='bbox 2435 3942 2527 3993; x_wconf 79' lang='grc' dir='ltr'>καὶ</span> <span class='ocrx_word' id='word_1_732' title='bbox 2561 3937 2828 4001; x_wconf 86' lang='grc' dir='ltr'>σαλεύεις,</span> <span class='ocrx_word' id='word_1_733' title='bbox 2861 3937 2954 3990; x_wconf 74' lang='grc' dir='ltr'>καὶ</span> <span class='ocrx_word' id='word_1_734' title='bbox 3000 3935 3428 4007; x_wconf 82' lang='grc' dir='ltr'>ὑπερεκχεῖσθαι</span> <span class='ocrx_word' id='word_1_735' title='bbox 3470 3937 3668 4000; x_wconf 78' lang='grc' dir='ltr'>ποιεῖς,</span> <span class='ocrx_word' id='word_1_736' title='bbox 3706 3935 3822 4003; x_wconf 81' lang='grc' dir='ltr'>είγε</span> <span class='ocrx_word' id='word_1_737' title='bbox 3848 3934 4022 3997; x_wconf 57' lang='grc' dir='ltr'>θέλω</span> 
     </span>
    </p>
   </div>
   <div class='ocr_carea' id='block_1_98' title="bbox 2433 4024 4024 4098">
    <p class='ocr_par' dir='ltr' id='par_1_98' title="bbox 2433 4024 4024 4098">
     <span class='ocr_line' id='line_1_98' title="bbox 2433 4024 4024 4098; baseline -0.003 -14"><span class='ocrx_word' id='word_1_738' title='bbox 2433 4030 2594 4084; x_wconf 85' lang='grc' dir='ltr'>τοῦτο</span> <span class='ocrx_word' id='word_1_739' title='bbox 2629 4028 2899 4098; x_wconf 77' lang='grc' dir='ltr'>μετρῆσαι</span> <span class='ocrx_word' id='word_1_740' title='bbox 2947 4027 3120 4097; x_wconf 82' lang='grc' dir='ltr'>χωρὶς</span> <span class='ocrx_word' id='word_1_741' title='bbox 3170 4025 3456 4095; x_wconf 77' lang='grc' dir='ltr'>φειδωλίας</span> <span class='ocrx_word' id='word_1_742' title='bbox 3484 4042 3495 4054; x_wconf 88' lang='grc'><strong>·</strong></span> <span class='ocrx_word' id='word_1_743' title='bbox 3546 4024 3690 4079; x_wconf 77' lang='grc' dir='ltr'>οὕτω</span> <span class='ocrx_word' id='word_1_744' title='bbox 3726 4028 3823 4079; x_wconf 84' lang='grc' dir='ltr'>καὶ</span> <span class='ocrx_word' id='word_1_745' title='bbox 3851 4029 3880 4080; x_wconf 94' lang='lat'><strong>6</strong></span> <span class='ocrx_word' id='word_1_746' title='bbox 3915 4028 4024 4080; x_wconf 77' lang='grc' dir='ltr'><strong>Κύ-</strong></span> 
     </span>
    </p>
   </div>
   <div class='ocr_carea' id='block_1_99' title="bbox 2438 4119 4016 4195">
    <p class='ocr_par' dir='ltr' id='par_1_99' title="bbox 2438 4119 4016 4195">
     <span class='ocr_line' id='line_1_99' title="bbox 2438 4119 4016 4195; baseline -0.001 -19"><span class='ocrx_word' id='word_1_747' title='bbox 2438 4140 2548 4195; x_wconf 80' lang='grc' dir='ltr'>ριος</span> <span class='ocrx_word' id='word_1_748' title='bbox 2583 4122 2784 4191; x_wconf 85' lang='grc' dir='ltr'>μέτρον</span> <span class='ocrx_word' id='word_1_749' title='bbox 2829 4121 2973 4190; x_wconf 73' lang='grc' dir='ltr'>μέγα</span> <span class='ocrx_word' id='word_1_750' title='bbox 3019 4120 3114 4172; x_wconf 71' lang='grc' dir='ltr'>καὶ</span> <span class='ocrx_word' id='word_1_751' title='bbox 3157 4119 3664 4188; x_wconf 83' lang='grc' dir='ltr'>ὑπερεκχυνόμενον</span> <span class='ocrx_word' id='word_1_752' title='bbox 3711 4119 3876 4173; x_wconf 84' lang='grc' dir='ltr'>δώσει</span> <span class='ocrx_word' id='word_1_753' title='bbox 3916 4137 4016 4174; x_wconf 86' lang='grc' dir='ltr'>σοι.</span> 
     </span>
    </p>
   </div>
   <div class='ocr_carea' id='block_1_100' title="bbox 2433 4204 4020 4287">
    <p class='ocr_par' dir='ltr' id='par_1_100' title="bbox 2433 4204 4020 4287">
     <span class='ocr_line' id='line_1_100' title="bbox 2433 4204 4020 4287; baseline -0.005 -15"><span class='ocrx_word' id='word_1_754' title='bbox 2433 4218 2698 4287; x_wconf 84' lang='grc' dir='ltr'>Ζητήσειε</span> <span class='ocrx_word' id='word_1_755' title='bbox 2728 4214 2771 4267; x_wconf 81' lang='grc' dir='ltr'>δ’</span> <span class='ocrx_word' id='word_1_756' title='bbox 2801 4215 2865 4266; x_wconf 80' lang='grc' dir='ltr'>ἄν</span> <span class='ocrx_word' id='word_1_757' title='bbox 2893 4227 2973 4275; x_wconf 87' lang='grc' dir='ltr'><strong>τις</strong></span> <span class='ocrx_word' id='word_1_758' title='bbox 2997 4212 3273 4279; x_wconf 73' lang='grc' dir='ltr'>ὀξύτερος,</span> <span class='ocrx_word' id='word_1_759' title='bbox 3309 4211 3426 4273; x_wconf 81' lang='grc' dir='ltr'>πῶς</span> <span class='ocrx_word' id='word_1_760' title='bbox 3447 4210 3618 4262; x_wconf 84' lang='grc' dir='ltr'>εἰπὼν</span> <span class='ocrx_word' id='word_1_761' title='bbox 3644 4212 3726 4263; x_wconf 84' lang='grc' dir='ltr'>ὅτι</span> <span class='ocrx_word' id='word_1_762' title='bbox 3746 4204 3818 4280; x_wconf 80' lang='grc' dir='ltr'>ᾯ</span> <span class='ocrx_word' id='word_1_763' title='bbox 3842 4213 4020 4281; x_wconf 80' lang='grc' dir='ltr'>μέτρῳ</span> 
     </span>
    </p>
   </div>
   <div class='ocr_carea' id='block_1_101' title="bbox 2436 4301 4021 4376">
    <p class='ocr_par' dir='ltr' id='par_1_101' title="bbox 2436 4301 4021 4376">
     <span class='ocr_line' id='line_1_101' title="bbox 2436 4301 4021 4376; baseline -0.002 -17"><span class='ocrx_word' id='word_1_764' title='bbox 2436 4309 2706 4376; x_wconf 81' lang='grc' dir='ltr'>μετρεῖτε,</span> <span class='ocrx_word' id='word_1_765' title='bbox 2762 4301 3298 4373; x_wconf 77' lang='grc' dir='ltr'>ἀντιμετρηθήσεται</span> <span class='ocrx_word' id='word_1_766' title='bbox 3335 4302 3485 4371; x_wconf 76' lang='grc' dir='ltr'>ὑμῖν,</span> <span class='ocrx_word' id='word_1_767' title='bbox 3537 4301 3699 4354; x_wconf 79' lang='grc' dir='ltr'>πάλιν</span> <span class='ocrx_word' id='word_1_768' title='bbox 3743 4301 3916 4369; x_wconf 79' lang='grc' dir='ltr'>λέγει,</span> <span class='ocrx_word' id='word_1_769' title='bbox 3942 4305 4021 4356; x_wconf 83' lang='grc' dir='ltr'>ὅτι</span> 
     </span>
    </p>
   </div>
   <div class='ocr_carea' id='block_1_102' title="bbox 2437 4391 4019 4466">
    <p class='ocr_par' dir='ltr' id='par_1_102' title="bbox 2437 4391 4019 4466">
     <span class='ocr_line' id='line_1_102' title="bbox 2437 4391 4019 4466; baseline -0.003 -17"><span class='ocrx_word' id='word_1_770' title='bbox 2437 4397 2632 4466; x_wconf 84' lang='grc' dir='ltr'>μέτρον</span> <span class='ocrx_word' id='word_1_771' title='bbox 2684 4396 3194 4465; x_wconf 86' lang='grc' dir='ltr'>ὑπερεκχυνόμενον</span> <span class='ocrx_word' id='word_1_772' title='bbox 3242 4391 3508 4445; x_wconf 87' lang='grc' dir='ltr'>δώσουσιν</span> <span class='ocrx_word' id='word_1_773' title='bbox 3555 4395 3633 4454; x_wconf 83' lang='grc' dir='ltr'>εἰς</span> <span class='ocrx_word' id='word_1_774' title='bbox 3685 4392 3778 4444; x_wconf 69' lang='grc' dir='ltr'><strong>τὸν</strong></span> <span class='ocrx_word' id='word_1_775' title='bbox 3827 4393 4019 4444; x_wconf 85' lang='grc' dir='ltr'>κόλπον</span> 
     </span>
    </p>
   </div>
   <div class='ocr_carea' id='block_1_103' title="bbox 2432 4483 4015 4558">
    <p class='ocr_par' dir='ltr' id='par_1_103' title="bbox 2432 4483 4015 4558">
     <span class='ocr_line' id='line_1_103' title="bbox 2432 4483 4015 4558; baseline -0.004 -17"><span class='ocrx_word' id='word_1_776' title='bbox 2432 4489 2617 4558; x_wconf 86' lang='grc' dir='ltr'><strong>ὑμῶν;</strong></span> <span class='ocrx_word' id='word_1_777' title='bbox 2649 4489 2712 4540; x_wconf 78' lang='lat' dir='ltr'><strong>Et</strong></span> <span class='ocrx_word' id='word_1_778' title='bbox 2746 4488 2854 4555; x_wconf 87' lang='grc' dir='ltr'><strong>γάρ</strong></span> <span class='ocrx_word' id='word_1_779' title='bbox 2898 4485 3354 4556; x_wconf 80' lang='grc' dir='ltr'>ὑπερεκχύνεται,</span> <span class='ocrx_word' id='word_1_780' title='bbox 3407 4483 3527 4545; x_wconf 82' lang='grc' dir='ltr'>πῶς</span> <span class='ocrx_word' id='word_1_781' title='bbox 3576 4483 3637 4535; x_wconf 77' lang='grc' dir='ltr'><strong>τὸ</strong></span> <span class='ocrx_word' id='word_1_782' title='bbox 3688 4483 3827 4536; x_wconf 83' lang='grc' dir='ltr'>αὑτό</span> <span class='ocrx_word' id='word_1_783' title='bbox 3866 4485 4015 4550; x_wconf 80' lang='grc' dir='ltr'>ὲστι;</span> 
     </span>
    </p>
   </div>
   <div class='ocr_carea' id='block_1_104' title="bbox 2433 4574 4020 4650">
    <p class='ocr_par' dir='ltr' id='par_1_104' title="bbox 2433 4574 4020 4650">
     <span class='ocr_line' id='line_1_104' title="bbox 2433 4574 4020 4650; baseline -0.004 -16"><span class='ocrx_word' id='word_1_784' title='bbox 2433 4583 2678 4650; x_wconf 83' lang='grc' dir='ltr'>Λέγομεν</span> <span class='ocrx_word' id='word_1_785' title='bbox 2700 4579 2790 4632; x_wconf 77' lang='grc' dir='ltr'>οὖν</span> <span class='ocrx_word' id='word_1_786' title='bbox 2813 4581 2894 4633; x_wconf 79' lang='grc' dir='ltr'>ὅτι</span> <span class='ocrx_word' id='word_1_787' title='bbox 2911 4574 3172 4644; x_wconf 79' lang='grc' dir='ltr'>οὐκείπε,</span> <span class='ocrx_word' id='word_1_788' title='bbox 3200 4577 3452 4646; x_wconf 81' lang='grc' dir='ltr'>Τοσούτῳ</span> <span class='ocrx_word' id='word_1_789' title='bbox 3482 4578 3666 4646; x_wconf 83' lang='grc' dir='ltr'>μέτρῳ</span> <span class='ocrx_word' id='word_1_790' title='bbox 3694 4577 4020 4648; x_wconf 80' lang='grc' dir='ltr'>ἀντιμετρη-</span> 
     </span>
    </p>
   </div>
   <div class='ocr_carea' id='block_1_105' title="bbox 2435 4662 4019 4743">
    <p class='ocr_par' dir='ltr' id='par_1_105' title="bbox 2435 4662 4019 4743">
     <span class='ocr_line' id='line_1_105' title="bbox 2435 4662 4019 4743; baseline -0.004 -17"><span class='ocrx_word' id='word_1_791' title='bbox 2435 4673 2660 4743; x_wconf 80' lang='grc' dir='ltr'>θήσεται</span> <span class='ocrx_word' id='word_1_792' title='bbox 2690 4673 2842 4741; x_wconf 80' lang='grc' dir='ltr'>ὺμῖν,</span> <span class='ocrx_word' id='word_1_793' title='bbox 2874 4670 3032 4735; x_wconf 88' lang='grc' dir='ltr'>ἀλλά,</span> <span class='ocrx_word' id='word_1_794' title='bbox 3072 4670 3148 4740; x_wconf 84' lang='grc' dir='ltr'>τῷ</span> <span class='ocrx_word' id='word_1_795' title='bbox 3181 4668 3354 4738; x_wconf 73' lang='grc' dir='ltr'>αὐτῷ.</span> <span class='ocrx_word' id='word_1_796' title='bbox 3394 4667 3457 4721; x_wconf 86' lang='lat' dir='ltr'><strong>Ei</strong></span> <span class='ocrx_word' id='word_1_797' title='bbox 3491 4668 3592 4736; x_wconf 75' lang='grc' dir='ltr'>μὲν</span> <span class='ocrx_word' id='word_1_798' title='bbox 3616 4667 3740 4736; x_wconf 86' lang='grc' dir='ltr'>-γάρ</span> <span class='ocrx_word' id='word_1_799' title='bbox 3770 4662 3916 4730; x_wconf 78' lang='grc' dir='ltr'>εἶπε,</span> <span class='ocrx_word' id='word_1_800' title='bbox 3939 4684 4019 4720; x_wconf 88' lang='grc' dir='ltr'>το-</span> 
     </span>
    </p>
   </div>
   <div class='ocr_carea' id='block_1_106' title="bbox 2437 4756 4017 4834">
    <p class='ocr_par' dir='ltr' id='par_1_106' title="bbox 2437 4756 4017 4834">
     <span class='ocr_line' id='line_1_106' title="bbox 2437 4756 4017 4834; baseline -0.004 -18"><span class='ocrx_word' id='word_1_801' title='bbox 2437 4765 2611 4834; x_wconf 86' lang='grc' dir='ltr'>σούτῳ</span> <span class='ocrx_word' id='word_1_802' title='bbox 2646 4763 2852 4833; x_wconf 85' lang='grc' dir='ltr'>μέτρῳ,</span> <span class='ocrx_word' id='word_1_803' title='bbox 2880 4761 3002 4814; x_wconf 86' lang='grc' dir='ltr'>τότε</span> <span class='ocrx_word' id='word_1_804' title='bbox 3042 4761 3107 4813; x_wconf 81' lang='grc' dir='ltr'>ἂν</span> <span class='ocrx_word' id='word_1_805' title='bbox 3154 4756 3267 4829; x_wconf 76' lang='grc' dir='ltr'>εἶχε</span> <span class='ocrx_word' id='word_1_806' title='bbox 3310 4759 3632 4828; x_wconf 84' lang='grc' dir='ltr'>δυσχέρειαν</span> <span class='ocrx_word' id='word_1_807' title='bbox 3661 4760 3754 4811; x_wconf 86' lang='grc' dir='ltr'><strong>καί</strong></span> <span class='ocrx_word' id='word_1_808' title='bbox 3784 4757 4017 4810; x_wconf 73' lang='grc' dir='ltr'>ἐναντιόο</span> 
     </span>
    </p>
   </div>
   <div class='ocr_carea' id='block_1_107' title="bbox 2439 4848 4018 4924">
    <p class='ocr_par' dir='ltr' id='par_1_107' title="bbox 2439 4848 4018 4924">
     <span class='ocr_line' id='line_1_107' title="bbox 2439 4848 4018 4924; baseline -0.006 -17"><span class='ocrx_word' id='word_1_809' title='bbox 2439 4872 2578 4924; x_wconf 83' lang='grc' dir='ltr'>τητα</span> <span class='ocrx_word' id='word_1_810' title='bbox 2614 4857 2642 4906; x_wconf 92' lang='lat'><strong>6</strong></span> <span class='ocrx_word' id='word_1_811' title='bbox 2691 4853 2866 4921; x_wconf 83' lang='grc' dir='ltr'>λόγος.</span> <span class='ocrx_word' id='word_1_812' title='bbox 2921 4852 3035 4905; x_wconf 84' lang='grc' dir='ltr'>Νῦν</span> <span class='ocrx_word' id='word_1_813' title='bbox 3069 4852 3146 4917; x_wconf 81' lang='grc' dir='ltr'>δὲ,</span> <span class='ocrx_word' id='word_1_814' title='bbox 3197 4850 3274 4921; x_wconf 84' lang='grc' dir='ltr'>τῷ</span> <span class='ocrx_word' id='word_1_815' title='bbox 3319 4851 3469 4920; x_wconf 79' lang='grc' dir='ltr'>αὐτῷ</span> <span class='ocrx_word' id='word_1_816' title='bbox 3518 4848 3712 4912; x_wconf 72' lang='grc' dir='ltr'>εἰπὼν,</span> <span class='ocrx_word' id='word_1_817' title='bbox 3757 4848 3876 4901; x_wconf 76' lang='grc' dir='ltr'>λύει</span> <span class='ocrx_word' id='word_1_818' title='bbox 3927 4849 4018 4918; x_wconf 79' lang='grc' dir='ltr'>τὴν</span> 
     </span>
    </p>
   </div>
   <div class='ocr_carea' id='block_1_108' title="bbox 2441 4940 4016 5016">
    <p class='ocr_par' dir='ltr' id='par_1_108' title="bbox 2441 4940 4016 5016">
     <span class='ocr_line' id='line_1_108' title="bbox 2441 4940 4016 5016; baseline -0.004 -17"><span class='ocrx_word' id='word_1_819' title='bbox 2441 4946 2816 5015; x_wconf 75' lang='grc' dir='ltr'>ἐναντιότητα.</span> <span class='ocrx_word' id='word_1_820' title='bbox 2856 4944 3011 4998; x_wconf 86' lang='grc' dir='ltr'>Ἐστι</span> <span class='ocrx_word' id='word_1_821' title='bbox 3045 4944 3153 5016; x_wconf 83' lang='grc' dir='ltr'><strong>γὰρ</strong></span> <span class='ocrx_word' id='word_1_822' title='bbox 3192 4942 3389 4996; x_wconf 83' lang='grc' dir='ltr'>διδόναι</span> <span class='ocrx_word' id='word_1_823' title='bbox 3427 4942 3505 5012; x_wconf 82' lang='grc' dir='ltr'>τῷ</span> <span class='ocrx_word' id='word_1_824' title='bbox 3541 4940 3691 5011; x_wconf 85' lang='grc' dir='ltr'><strong>αὐτῷ</strong></span> <span class='ocrx_word' id='word_1_825' title='bbox 3728 4942 3932 5012; x_wconf 84' lang='grc' dir='ltr'>μέτρῳ,</span> <span class='ocrx_word' id='word_1_826' title='bbox 3962 4942 4016 4993; x_wconf 77' lang='grc' dir='ltr'>οὐ</span> 
     </span>
    </p>
   </div>
   <div class='ocr_carea' id='block_1_109' title="bbox 2444 5034 4018 5112">
    <p class='ocr_par' dir='ltr' id='par_1_109' title="bbox 2444 5034 4018 5112">
     <span class='ocr_line' id='line_1_109' title="bbox 2444 5034 4018 5112; baseline -0.004 -21"><span class='ocrx_word' id='word_1_827' title='bbox 2444 5042 2549 5112; x_wconf 80' lang='grc' dir='ltr'>μὴν</span> <span class='ocrx_word' id='word_1_828' title='bbox 2607 5039 2868 5109; x_wconf 79' lang='grc' dir='ltr'>τοσούτῳ.</span> <span class='ocrx_word' id='word_1_829' title='bbox 2931 5036 3108 5091; x_wconf 86' lang='grc' dir='ltr'>Τοῦτο</span> <span class='ocrx_word' id='word_1_830' title='bbox 3162 5037 3293 5104; x_wconf 83' lang='grc' dir='ltr'>γοῦν</span> <span class='ocrx_word' id='word_1_831' title='bbox 3351 5035 3498 5103; x_wconf 84' lang='grc' dir='ltr'>λέγει</span> <span class='ocrx_word' id='word_1_832' title='bbox 3556 5037 3584 5088; x_wconf 92' lang='lat'><strong>6</strong></span> <span class='ocrx_word' id='word_1_833' title='bbox 3648 5034 3895 5104; x_wconf 79' lang='grc' dir='ltr'>Κύριος,</span> <span class='ocrx_word' id='word_1_834' title='bbox 3945 5034 4018 5086; x_wconf 77' lang='grc' dir='ltr'>ὅτι</span> 
     </span>
    </p>
   </div>
   <div class='ocr_carea' id='block_1_110' title="bbox 2443 5125 4015 5204">
    <p class='ocr_par' dir='ltr' id='par_1_110' title="bbox 2443 5125 4015 5204">
     <span class='ocr_line' id='line_1_110' title="bbox 2443 5125 4015 5204; baseline -0.007 -18"><span class='ocrx_word' id='word_1_835' title='bbox 2443 5132 2855 5204; x_wconf 74' lang='grc' dir='ltr'>Εὑεργέτησας,</span> <span class='ocrx_word' id='word_1_836' title='bbox 2888 5130 3301 5200; x_wconf 78' lang='grc' dir='ltr'>εὐεργετηθήσῃ</span> <span class='ocrx_word' id='word_1_837' title='bbox 3336 5125 3495 5180; x_wconf 88' lang='grc' dir='ltr'>τοῦτο</span> <span class='ocrx_word' id='word_1_838' title='bbox 3535 5125 3597 5177; x_wconf 79' lang='grc' dir='ltr'><strong>τὸ</strong></span> <span class='ocrx_word' id='word_1_839' title='bbox 3644 5125 3776 5178; x_wconf 79' lang='grc' dir='ltr'>αὐτὸ</span> <span class='ocrx_word' id='word_1_840' title='bbox 3807 5125 4015 5193; x_wconf 84' lang='grc' dir='ltr'>μέτρον.</span> 
     </span>
    </p>
   </div>
   <div class='ocr_carea' id='block_1_111' title="bbox 2437 5217 4022 5296">
    <p class='ocr_par' dir='ltr' id='par_1_111' title="bbox 2437 5217 4022 5296">
     <span class='ocr_line' id='line_1_111' title="bbox 2437 5217 4022 5296; baseline -0.006 -16"><span class='ocrx_word' id='word_1_841' title='bbox 2437 5228 2511 5280; x_wconf 82' lang='grc' dir='ltr'><strong>Τὸ</strong></span> <span class='ocrx_word' id='word_1_842' title='bbox 2541 5226 2596 5280; x_wconf 78' lang='grc' dir='ltr'>δὲ</span> <span class='ocrx_word' id='word_1_843' title='bbox 2625 5225 3159 5296; x_wconf 83' lang='grc' dir='ltr'>ὑπερεκχυνόμενον,</span> <span class='ocrx_word' id='word_1_844' title='bbox 3193 5222 3274 5274; x_wconf 87' lang='grc' dir='ltr'>ὅτι</span> <span class='ocrx_word' id='word_1_845' title='bbox 3317 5221 3691 5291; x_wconf 78' lang='grc' dir='ltr'>εὐεργέτησας</span> <span class='ocrx_word' id='word_1_846' title='bbox 3726 5217 3897 5283; x_wconf 59' lang='lat' dir='ltr'><strong>inde,</strong></span> <span class='ocrx_word' id='word_1_847' title='bbox 3928 5234 4022 5286; x_wconf 84' lang='grc' dir='ltr'>μυ·</span> 
     </span>
    </p>
   </div>
   <div class='ocr_carea' id='block_1_112' title="bbox 2441 5309 4019 5391">
    <p class='ocr_par' dir='ltr' id='par_1_112' title="bbox 2441 5309 4019 5391">
     <span class='ocr_line' id='line_1_112' title="bbox 2441 5309 4019 5391; baseline -0.008 -18"><span class='ocrx_word' id='word_1_848' title='bbox 2441 5319 2773 5391; x_wconf 82' lang='grc' dir='ltr'>ριοπλασίως</span> <span class='ocrx_word' id='word_1_849' title='bbox 2827 5316 3264 5387; x_wconf 81' lang='grc' dir='ltr'>εὐεργετηθήσῃ.</span> <span class='ocrx_word' id='word_1_850' title='bbox 3321 5311 3394 5366; x_wconf 85' lang='grc' dir='ltr'>Τὸ</span> <span class='ocrx_word' id='word_1_851' title='bbox 3444 5312 3579 5366; x_wconf 78' lang='grc' dir='ltr'>αὐτὸ</span> <span class='ocrx_word' id='word_1_852' title='bbox 3635 5311 3728 5364; x_wconf 85' lang='grc' dir='ltr'>καὶ</span> <span class='ocrx_word' id='word_1_853' title='bbox 3783 5311 3881 5364; x_wconf 70' lang='grc' dir='ltr'>επὶ</span> <span class='ocrx_word' id='word_1_854' title='bbox 3930 5309 4019 5378; x_wconf 77' lang='grc' dir='ltr'>τῆς</span> 
     </span>
    </p>
   </div>
   <div class='ocr_carea' id='block_1_113' title="bbox 2441 5400 4050 5482">
    <p class='ocr_par' dir='ltr' id='par_1_113' title="bbox 2441 5400 4050 5482">
     <span class='ocr_line' id='line_1_113' title="bbox 2441 5400 4050 5482; baseline -0.009 -16"><span class='ocrx_word' id='word_1_855' title='bbox 2441 5415 2841 5482; x_wconf 83' lang='grc' dir='ltr'>κατακρίσεως.</span> <span class='ocrx_word' id='word_1_856' title='bbox 2882 5409 2940 5463; x_wconf 86' lang='grc'><strong>’0</strong></span> <span class='ocrx_word' id='word_1_857' title='bbox 2970 5409 3076 5479; x_wconf 80' lang='grc' dir='ltr'><strong>γὰρ</strong></span> <span class='ocrx_word' id='word_1_858' title='bbox 3111 5406 3477 5477; x_wconf 83' lang='grc' dir='ltr'>κατακρίνων,</span> <span class='ocrx_word' id='word_1_859' title='bbox 3523 5400 3648 5458; x_wconf 81' lang='grc' dir='ltr'>είτα</span> <span class='ocrx_word' id='word_1_860' title='bbox 3700 5403 4050 5471; x_wconf 77' lang='grc' dir='ltr'>κατακρινό-.</span> 
     </span>
    </p>
   </div>
   <div class='ocr_carea' id='block_1_114' title="bbox 2444 5494 4018 5575">
    <p class='ocr_par' dir='ltr' id='par_1_114' title="bbox 2444 5494 4018 5575">
     <span class='ocr_line' id='line_1_114' title="bbox 2444 5494 4018 5575; baseline -0.008 -16"><span class='ocrx_word' id='word_1_861' title='bbox 2444 5522 2628 5575; x_wconf 88' lang='grc' dir='ltr'>μενος,</span> <span class='ocrx_word' id='word_1_862' title='bbox 2669 5504 2746 5574; x_wconf 81' lang='grc' dir='ltr'>τῷ</span> <span class='ocrx_word' id='word_1_863' title='bbox 2773 5502 2924 5574; x_wconf 87' lang='grc' dir='ltr'><strong>αὑτῷ</strong></span> <span class='ocrx_word' id='word_1_864' title='bbox 2953 5503 3139 5573; x_wconf 86' lang='grc' dir='ltr'>μέτρῳ</span> <span class='ocrx_word' id='word_1_865' title='bbox 3164 5498 3579 5568; x_wconf 70' lang='grc' dir='ltr'>ἀντιλαμϐάνευ</span> <span class='ocrx_word' id='word_1_866' title='bbox 3605 5495 3743 5550; x_wconf 80' lang='grc' dir='ltr'>καθὸ</span> <span class='ocrx_word' id='word_1_867' title='bbox 3765 5494 3823 5548; x_wconf 67' lang='grc' dir='ltr'>δὲ</span> <span class='ocrx_word' id='word_1_868' title='bbox 3851 5495 4018 5548; x_wconf 74' lang='grc' dir='ltr'>πλεῖον</span> 
     </span>
    </p>
   </div>
   <div class='ocr_carea' id='block_1_115' title="bbox 2445 5586 4020 5669">
    <p class='ocr_par' dir='ltr' id='par_1_115' title="bbox 2445 5586 4020 5669">
     <span class='ocr_line' id='line_1_115' title="bbox 2445 5586 4020 5669; baseline -0.008 -17"><span class='ocrx_word' id='word_1_869' title='bbox 2445 5598 2860 5669; x_wconf 84' lang='grc' dir='ltr'>κατακρίνεται,</span> <span class='ocrx_word' id='word_1_870' title='bbox 2887 5596 2970 5650; x_wconf 82' lang='grc' dir='ltr'>ὃτι</span> <span class='ocrx_word' id='word_1_871' title='bbox 3010 5595 3105 5650; x_wconf 81' lang='grc' dir='ltr'><strong>τόν</strong></span> <span class='ocrx_word' id='word_1_872' title='bbox 3142 5594 3326 5665; x_wconf 85' lang='grc' dir='ltr'>ὅμοιον</span> <span class='ocrx_word' id='word_1_873' title='bbox 3358 5590 3674 5661; x_wconf 84' lang='grc' dir='ltr'>κατέκρινε,</span> <span class='ocrx_word' id='word_1_874' title='bbox 3708 5588 3854 5642; x_wconf 85' lang='grc' dir='ltr'><strong>κατά</strong></span> <span class='ocrx_word' id='word_1_875' title='bbox 3879 5586 4020 5641; x_wconf 81' lang='grc' dir='ltr'>τοῦτο</span> 
     </span>
    </p>
   </div>
  </div>
