4256 6432
254 393 358 455 ΤΠ

985 386 1426 446 ENARIIATIO
1458 384 1539 445 IN
1570 383 2068 443 EVANGELIUM
2091 381 2306 440 LUCA'Z
2368 402 2421 411 -
2454 374 2610 432 CAP.
2653 372 2748 432 VI.

3401 364 3506 426 773

261 505 764 575 ὑπερεκχυνομενόν
797 508 912 556 ἑστι
961 503 1021 554 τὺ
1061 502 1278 569 μέτρον.
1333 498 1518 550 Ταῦτα
1557 499 1609 550 δὲ
1658 500 1826 550 εἰπὼν
1860 507 1899 557 Α
1934 496 2072 550 Dicit
2101 504 2280 546 autem
2309 511 2330 545 c

1884 517 1899 557 ι
1934 496 2072 550 Dicit
2101 504 2280 546 autem
2309 500 2358 545 et
2388 490 2700 558 parabolam
2731 486 2901 548 nobis,
2931 484 3030 536 hoc
3061 489 3144 535 est
3175 482 3503 546 exetnplum.

259 605 286 651 ὁ
313 599 531 667 Κύριος,
575 597 669 650 καὶ
701 595 946 656 κωλύσας
1000 595 1144 661 ἡμᾶς
1191 591 1296 646 ἀπὸ
1334 590 1426 641 τοῦ
1457 591 1823 658 κατακρίνειν,

257 691 402 756 λέγει
452 691 545 742 καὶ
588 687 900 756 παραϐολὴν
969 687 1125 754 ἡμῖν,
1183 684 1455 734 τουτέστιν
1505 683 1826 748 ὑπόδειγμα.

259 781 391 832 Εἰπὲ
430 798 519 848 μοι
559 781 684 848 7&9,
720 779 906 845 φησίν,
961 779 988 826 ὁ
1035 775 1221 843 ἓτερον
1269 774 1487 842 κρίνων,
1529 774 1623 825 καὶ
1670 772 1830 832 αὐτὸς

255 874 320 923 τα
348 873 486 924 αὑτὰ
522 872 869 940 ἁμαρτάνων.
921 869 1018 920 οὐκ
1062 866 1245 927 ἔοικας
1279 864 1461 932 τυφλῷ
1494 865 1692 932 τυφλὸν
1740 863 1829 914 ὁδε

257 962 508 1030 ηγοῦντι;
561 960 624 1011 El
669 961 775 1028 7&9
809 959 895 1010 τὸν
928 958 1114 1025 ἕτερον
1149 956 1353 1024 κρίνεις
1376 997 1389 1018 ,
1421 953 1587 1015 αὐτὸς
1618 954 1671 1004 δὲ
1721 953 1832 1012 τοῖς

255 1050 438 1111 αὐτοῖς
473 1049 853 1120 περιπίπτεις,
896 1045 1197 1114 ἀμφότεροι
1243 1042 1433 1110 τυφλοί
1460 1059 1475 1073 ο
1513 1042 1606 1094 καὶ
1655 1041 1832 1101 δοκεις

259 1143 358 1210 μὲν
405 1141 620 1207 ὁδηγεῖν
670 1141 876 1191 ἐκεῖνον
925 1138 1018 1190 ἐπὶ
1065 1138 1124 1187 τὸ
1175 1134 1338 1188 καλὸν
1386 1134 1473 1186 διὰ
1526 1133 1617 1185 τοῦ
1658 1148 1830 1184 κατα-

257 1232 483 1301 κρίνειν,
521 1232 619 1299 οὐχ
639 1230 850 1300 δδηγεῖς
889 1229 965 1280 δέ.
1010 1227 1130 1288 Πῶς
1177 1225 1284 1295 γὰρ
1315 1226 1467 1277 ἔσται
1505 1225 1710 1283 ἐκεῖνος
1741 1223 1833 1274 ἐπὶ

254 1324 315 1373 τὸ
340 1323 502 1373 καλὸν
543 1321 900 1389 δδηγούμενος
934 1317 1038 1370 ὑπὸ
1071 1317 1188 1382 σοῦ,
1225 1318 1353 1368 ὅταν
1384 1318 1478 1368 καὶ
1503 1316 1564 1366 σὺ
1592 1314 1788 1384 πταίῃς
1815 1331 1830 1378 ;

257 1413 374 1462 υῦκ
404 1411 518 1462 ἔστι
547 1410 656 1478 7&9
697 1408 945 1477 μαθητὴς
987 1408 1126 1475 ὑπὲρ
1155 1406 1245 1457 τὸν
1273 1405 1610 1458 διδάσκαλον.
1645 1404 1705 1455 Et
1740 1399 1834 1455 οὖν

260 1505 326 1556 σὺ
360 1507 386 1556 ὁ
415 1502 730 1562 διδάσκαλος
755 1501 927 1553 δοκῶν
963 1502 1056 1552 καὶ
1092 1498 1302 1567 ὁδηγδς,
1346 1497 1584 1560 πταίεις,
1615 1497 1831 1556 πάντως

259 1609 360 1644 που
389 1595 481 1644 καὶ
508 1595 535 1644 ὀ
585 1591 1023 1662 μαθητευόμενος
1067 1589 1162 1641 καὶ
1203 1588 1586 1657 ὁδηγούμενος.
1625 1587 1687 1640 '0
1727 1586 1836 1656 7&9

254 1684 688 1753 κατηρτισμένος
735 1681 1009 1752 μαθητὴς,
1087 1679 1334 1732 τουτέστι
1395 1679 1834 1746 τετελειωμένος,

253 1778 410 1832 ἰσται
445 1779 521 1844 ὡς
557 1777 872 1839 διδάσκαλος
922 1776 1110 1829 αὐτοῦ.
1161 1773 1345 1827 Ταῦτα
1395 1768 1516 1825 εἷπε
1563 1770 1693 1840 περὶ
1741 1768 1836 1821 τοῦ

1936 587 2026 640 Dic
2055 587 2220 647 enim,
2248 600 2450 652 qutesu,
2479 584 2672 649 inquit,
2699 593 2874 631 nonne
2905 576 3132 629 alterum
3154 573 3424 641 judicans,
3452 585 3507 626 et

1934 679 2043 744 ipse
2077 678 2264 730 cadem
2311 691 2574 744 peccans,
2617 681 2962 738 comparatus
3009 683 3068 721 es
3113 681 3255 720 caeco
3306 679 3506 718 ctecnm

1935 765 2190 820 ducenti?
2247 763 2379 818 Nam
2440 767 2482 817 si
2537 765 2696 816 alium
2763 759 3122 819 condemnas,
3184 765 3237 811 et
3290 756 3402 823 ipse
3455 756 3508 806 in

1919 863 2122 912 eadem
2160 857 2349 910 incidis
2381 864 2624 923 peccata,
2650 853 2867 920 utrique
2900 851 3031 904 cteci
3062 849 3234 902 estis:
3273 857 3326 901 et
3358 847 3508 899 vitle-

1938 952 2011 1003 ris
2055 949 2270 1017 quidem
2314 949 2386 1000 illi
2432 947 2538 1000 dux
2576 961 2701 1000 esse
2734 947 2799 998 ad
2833 947 3064 1004 bonum,
3100 955 3165 994 eo
3200 941 3343 1006 quod
3379 953 3511 992 cou-

1935 1041 2200 1095 demnas:
2241 1054 2346 1092 non
2386 1055 2443 1092 es
2480 1049 2660 1092 autem
2692 1040 2820 1092 dux.
2866 1035 3146 1101 Quomodo
3177 1034 3320 1086 enim
3365 1031 3452 1084 ille
3480 1046 3512 1084 a

1940 1141 1990 1182 te
2018 1133 2081 1183 ad
2112 1131 2308 1183 bonum
2339 1130 2640 1188 inducetur.
2680 1144 2801 1181 cum
2837 1137 2890 1180 et
2923 1138 2976 1179 tu
3008 1123 3248 1178 labaris?
3281 1122 3400 1174 Non
3432 1130 3517 1174 est

1934 1227 2080 1277 enim
2131 1224 2429 1291 discipulus
2479 1238 2643 1290 super
2694 1221 3013 1288 magistrum
3053 1217 3114 1268 ".
3157 1215 3212 1268 Si
3257 1214 3420 1283 igitur
3459 1225 3513 1264 tu

1936 1314 2027 1382 qui
2063 1314 2263 1366 videris
2298 1328 2416 1367 esse
2454 1314 2712 1379 magister
2745 1322 2798 1364 et
2828 1313 2954 1375 dux,
2989 1308 3188 1361 laberis
3219 1325 3230 1359 :
3265 1305 3518 1357 omnibus

1939 1405 2114 1458 modis
2141 1407 2299 1458 cadet
2333 1405 2495 1458 etiam
2526 1405 2616 1471 qui
2647 1405 2868 1456 docetur
2894 1416 2956 1454 ac
2988 1399 3225 1453 ducitur.
3255 1396 3519 1450 Elabora-

1939 1507 2024 1549 tus
2075 1498 2219 1550 enim
2253 1496 2589 1565 discipulus,
2627 1497 2730 1548 hoc
2771 1506 2853 1548 est
2887 1491 3193 1562 perfectus,
3243 1489 3346 1542 erit
3380 1489 3522 1540 sicut

1940 1589 2200 1655 magister
2230 1590 2363 1658 ejus.
2397 1588 2522 1642 ΙΙωο
2556 1588 2689 1641 dicit
2716 1588 2874 1640 etiam
2911 1595 2967 1638 ut
3004 1601 3070 1639 ne
3094 1583 3523 1637 condemnentur

1943 1679 1994 1730 Ιιὶ
2022 1680 2110 1746 qui
2139 1689 2262 1732 sunt
2314 1679 2601 1733 inferiores
2635 1678 2826 1742 uobis,
2873 1680 2918 1729 si
2961 1677 3245 1730 vidcantur
3273 1683 3519 1741 peccare.

1943 1770 2137 1824 Subdit
2175 1786 2390 1840 quoque
2425 1782 2480 1824 et
2507 1771 2650 1824 aliud
2679 1772 2918 1838 ejusdem
2958 1767 3281 1838 argumenti.

258 1872 335 1941 μὴ
366 1872 475 1924 δεῖν
524 1871 874 1940 κατακρίνειν
911 1869 1038 1930 τοὺς
1070 1866 1489 1934 ὑποδεεστέρους
1533 1861 1708 1932 ἡμῶν,
1743 1861 1836 1915 καὶ
1869 1860 2156 1924 δοκοῦντας
2225 1865 2582 1934 ἁμαρτάνειν.
2648 1864 2874 1930 Ἐπάγει
2907 1862 2960 1914 δὲ
2995 1863 3084 1915 καὶ
3115 1861 3278 1931 ἕτερα.
3306 1864 3397 1930 τῆς
3427 1861 3524 1911 αὑ-

249 1962 359 2031 τῆς
385 1963 713 2029 ὑποθέσεως.

338 2079 354 2109 ι
391 2061 454 2111 Τί
483 2060 540 2111 δὶ
569 2059 785 2127 βλέπεις
813 2058 875 2110 τὸ
906 2057 1134 2127 κάρφος,
1168 2056 1228 2107 τὸ
1257 2058 1312 2107 ἐν
1339 2055 1413 2122 τῷ
1443 2051 1708 2121 ὀφθαλμῷ
1738 2050 1832 2104 τοῦ
1868 2062 1910 2115 Β

254 2150 486 2217 ἀδελφοῦ
515 2166 630 2215 σου,
659 2150 757 2219 τὴν
789 2150 846 2200 δὲ
886 2149 1039 2201 δοκὸν
1069 2148 1166 2217 τὴν
1202 2147 1259 2198 ὲν
1307 2146 1385 2215 τῷ
1432 2146 1545 2214 ίδίῳ
1573 2143 1838 2212 ὀφθαλμῴ

254 2243 320 2294 οὐ
362 2243 683 2305 κατανοεῖς;
725 2242 793 2292 Ἦ
829 2240 945 2302 πῶς
987 2238 1213 2291 δύνασαι
1265 2238 1444 2304 λέγειν
1500 2236 1581 2304 τῷ
1624 2234 1839 2303 ἀδελφῷ

259 2348 378 2396 σου,
435 2329 673 2397 Ἀδελφέ,
713 2330 845 2396 ἄφες
894 2328 1106 2381 ἰκῦάλω
1156 2327 1216 2379 τὸ
1269 2329 1509 2396 κάρφος,
1545 2328 1603 2378 τὸ
1654 2327 1712 2377 ὲν
1763 2325 1840 2394 τῷ

256 2420 523 2490 ὀφθαλμῷ
556 2438 672 2483 σου,
707 2421 866 2483 αὐτὸς
896 2421 994 2491 τὴν
1033 2422 1091 2472 ἐν
1130 2412 1207 2489 τῷ
1237 2417 1502 2487 ὀφθαλμῷ
1543 2434 1636 2470 σου
1683 2417 1840 2469 δοκὸν

253 2516 319 2568 οὐ
356 2514 569 2582 βλέπων
594 2531 610 2579 ;
653 2513 978 2581 ’Υποκριτὰ,
1006 2511 1198 2564 ἔκϐαλε
1223 2510 1439 2580 πρῶτον
1467 2508 1563 2580 τὴν
1593 2509 1747 2562 δοκὸν
1776 2510 1840 2560 ἐκ

255 2603 358 2657 τοῦ
389 2604 665 2672 ὀφθαλμοῦ
697 2619 813 2665 σου,
866 2606 957 2656 καὶ
980 2633 984 2638 ~
1006 2604 1125 2655 τότε
1158 2602 1464 2671 ᾱαόλέψεις
1499 2601 1750 2653 ἐκϐαλεῖν
1779 2601 1840 2654 τὸ

257 2694 470 2764 κάρφος
500 2693 559 2746 τὸ
591 2696 649 2748 ὲν
680 2695 754 2762 τῷ
792 2693 1060 2764 ὀφθαλμῷ
1095 2695 1187 2746 τοῦ
1218 2692 1445 2761 ἀδελφοῦ
1479 2710 1593 2747 σου.
1627 2693 1700 2744 Οὐ
1734 2693 1842 2764 γάρ

257 2786 379 2835 ἐστι
425 2783 639 2853 δένδρον
691 2782 878 2845 καλὸν,
931 2783 1120 2836 ποιοῦν
1174 2783 1382 2852 καρπὸν
1442 2784 1670 2852 σαπρὸν,
1720 2782 1842 2835 οὐδὲ

255 2872 476 2941 δένδρον
507 2861 736 2943 σαπρδν,
773 2871 962 2926 ποιοῦν
998 2874 1209 2944 καρπὸν
1235 2873 1418 2926 καλόν.
1437 2873 1707 2926 Ἕκαστον
1734 2873 1841 2942 γὰρ

257 2961 479 3032 δένδρον
508 2964 572 3014 ὲκ
598 2961 691 3015 τοῦ
745 2962 874 3016 ίδίου
904 2962 1119 3032 καρποῦ
1155 2962 1504 3030 γινώσκεται.
1536 2963 1611 3016 Οὐ
1651 2963 1760 3034 γὰρ
1785 2963 1845 3027 ἐξ

259 3053 515 3106 ἀκανθῶν
547 3053 866 3120 συλλέγουσι
910 3053 1072 3118 σῦκα,
1108 3054 1227 3106 οὐδὲ
1276 3055 1340 3106 ὲκ
1391 3053 1552 3122 βάτου
1600 3055 1843 3124 τρυγῶσι

263 3146 568 3216 σταφυλήν.
619 3146 676 3199 '0
708 3146 909 3213 ἀγαθὸς
957 3145 1239 3215 ἄνθρωπος
1271 3149 1335 3197 ἐκ
1384 3145 1480 3198 τοῦ
1512 3146 1719 3214 ἀγαθοῦ
1745 3148 1838 3217 θη-

266 3237 472 3307 σαυροῦ
500 3237 598 3308 τῆς
645 3238 867 3307 καρδίας
901 3236 1064 3288 αὑτοῦ
1102 3236 1366 3306 προφέρει
1395 3237 1452 3288 τὸ
1482 3238 1685 3305 ἀγαθόν
1711 3255 1723 3266 ·
1753 3242 1846 3292 καὶ

264 3330 297 3382 δ
329 3330 561 3400 πονηρὸς
598 3327 878 3399 ἄνθρωπος
914 3331 977 3380 ἐκ
1014 3327 1108 3380 τοῦ
1151 3327 1392 3398 πονηροῦ
1435 3329 1708 3399 θησαυροῦ
1747 3333 1844 3399 τῆς

261 3421 495 3491 καρδίας
543 3420 706 3472 αὑτοῦ
761 3420 1025 3491 προφέρει
1076 3418 1135 3472 τὸ
1183 3421 1437 3489 πονηρόν.
1480 3421 1574 3472 Ἐκ
1605 3423 1713 3492 7&9
1748 3401 1912 3474 τοῦ(1

264 3512 701 3585 περισσεύματος
733 3513 829 3581 τῆς
869 3511 1096 3581 καρδίας
1127 3510 1276 3563 λαλεῖ
1307 3512 1367 3562 τὸ
1400 3512 1572 3581 στόμα
1601 3513 1787 3565 αὑτοῦ.
1820 3533 1837 3562 ι

264 3608 335 3661 Τί
401 3607 633 3676 βλέπεις,
672 3607 825 3676 φησὶ,
879 3608 937 3656 τδ
964 3605 1192 3674 κάρφος,
1246 3604 1510 3668 τουτέστι,
1559 3604 1619 3655 τὸ
1654 3607 1846 3674 μικρὺν

265 3701 573 3767 ἁμάρτημα
605 3696 699 3749 τοῦ
739 3695 970 3764 ἀδελφοῦ
1011 3712 1126 3759 σου,
1173 3697 1272 3764 τὴν
1310 3694 1366 3747 δὲ
1406 3694 1579 3758 δοκὸν,
1611 3695 1670 3745 τὸ
1701 3696 1847 3764 μέγα

268 3791 572 3861 ἁμάρτημα
607 3791 667 3842 τὸ
699 3789 789 3840 σὺν
818 3790 876 3840 οὐ
920 3791 1242 3853 κατανοεϊς;
1291 3786 1463 3839 Τοῦτο
1509 3785 1566 3838 δὲ
1615 3787 1846 3856 ἁρμόζει

267 3883 365 3938 καὶ
394 3884 527 3954 πρὸς
563 3882 771 3944 πάντας
810 3881 940 3951 μὲν,⁸
965 3879 1202 3950 μάλιστα
1229 3879 1285 3931 δὲ
1329 3879 1463 3948 πρὸς
1497 3878 1845 3941 διδασκάλους

267 3975 364 4029 καὶ
391 3976 675 4045 ἄρχοντας,
698 3973 747 4024 οἶ
775 3973 844 4024 τὰ
871 3973 968 4042 μὲν
990 3970 1099 4024 τῶν
1126 3970 1228 4023 ὑπὸ
1253 3972 1410 4040 χεῖρα
1451 3972 1843 4041 ἁμαρτήματα,

268 4059 364 4122 κά).
396 4067 565 4137 μικρὰ
595 4068 722 4120 ὄντα
752 4065 1062 4130 κολάζουσι,
1097 4065 1165 4116 τὰ
1193 4063 1249 4115 δὲ
1279 4063 1474 4127 οἰκεῖα,
1508 4065 1611 4116 κᾶν
1639 4064 1848 4133 μεγάλα

263 4155 424 4229 ὦσιν,
455 4163 617 4216 έῶσιν
660 4161 955 4216 ἀκόλαστα.
1010 4160 1102 4213 Διδ
1140 4162 1234 4213 καὶ
1289 4159 1591 4230 ὑποκριτὰς
1625 4161 1846 4221 τούτους

267 4253 426 4310 καλεῖ
446 4257 473 4306 ὁ
504 4254 728 4323 Κύριος,
757 4253 832 4314 ὡς
857 4251 984 4303 ἄλλο
1014 4252 1111 4320 μὲν
1152 4251 1530 4318 φαινομένους,
1560 4251 1623 4304 ὲκ
1657 4248 1749 4301 τοῦ
1785 4251 1852 4302 τὰ

266 4346 380 4400 τῶν
436 4345 612 4404 ἄλλων
656 4345 1031 4414 ἁμαρτήματα
1082 4343 1352 4408 κολάζειν,
1402 4344 1685 4409 φαίνονται
1742 4343 1850 4412 γὰρ

263 4438 488 4505 δίκαιοι,
541 4437 669 4490 ἄλλο
721 4435 776 4488 δὲ
829 4434 1007 4500 ὄντας,
1061 4438 1124 4487 ὲκ
1172 4433 1265 4486 τοῦ
1306 4434 1396 4486 καὶ
1440 4434 1636 4495 αὐτοὺς
1681 4433 1850 4504 χείρω

265 4529 624 4600 ἁμαρτάνειν,
667 4524 803 4579 Εἶτα
848 4527 940 4578 καὶ
986 4526 1094 4578 ἀπὸ
1125 4526 1525 4595 ὑποδείγματος
1562 4524 1848 4577 πιστοῦται

266 4625 360 4674 τὸν
395 4621 553 4688 λόγον
585 4617 772 4673 αὐτοῦ.
808 4619 1016 4686 Ὥσπερ
1050 4617 1179 4687 γὰρ,
1229 4617 1415 4686 φησιν,
1451 4617 1549 4669 οὐκ
1581 4617 1695 4668 ἐστι
1734 4615 1851 4667 δένο

263 4700 393 4784 δρον
422 4711 607 4775 καλὸν,
635 4711 822 4763 ποιοῦν
848 4709 1059 4780 καρπὸν
1103 4709 1332 4777 σαπρὸν,
1364 4707 1483 4760 οὐδὲ
1510 4708 1724 4775 δένδρον
1761 4724 1851 4760 σα-

266 4805 429 4874 πρὸν,
462 4805 646 4856 ποιοῦν
678 4802 890 4872 καρπὸν
919 4801 1101 4864 καλὸν,
1131 4800 1275 4854 οὕτω
1315 4801 1408 4865 καὶ
1440 4803 1468 4853 ὁ
1498 4802 1621 4863 τοὺς
1652 4800 1845 4863 ἄλλους

269 4898 628 4967 σωφρονίζειν
669 4897 761 4948 καὶ
805 4894 1148 4964 διορθοῦσθαι
1196 4893 1488 4965 ἐπιχειρῶν
1559 4893 1652 4946 καὶ
1713 4911 1844 4964 μετ-

265 4995 423 5062 άγειν
444 4994 534 5044 ἐπὶ
558 4992 620 5043 τὸ
642 4988 984 5064 βέλτιον,οὑκ
1006 4990 1071 5041 ἂν
1092 4985 1176 5060 sit}
1202 4988 1455 5058 πονηρὸς,
1471 4989 1518 5040 εί
1535 4988 1590 5040 δὲ
1615 4989 1848 5056 πονηρὸς

265 5087 378 5156 εἴη,
434 5088 534 5138 οὐκ
591 5085 657 5137 ἂν
710 5085 928 5154 ἑτέρους
987 5081 1225 5152 βελτίους
1279 5082 1590 5152 ἐργάσαιτο.
1642 5081 1704 5133 Ἡ
1745 5083 1848 5149 γάρ

268 5181 504 5232 ἑκάστου
533 5179 729 5247 καρδία
767 5177 1036 5247 θησαυρός
1063 5179 1201 5238 ἐστι,
1258 5175 1362 5228 κᾶν
1399 5175 1495 5244 μὲν
1523 5175 1702 5242 ἀγαθὰ
1727 5175 1848 5246 ἔχῃ,

267 5277 364 5326 καὶ
393 5275 431 5323 .ὀ
459 5271 744 5340 ἄνθρωπος
797 5271 1000 5338 ἀγαθός
1048 5272 1186 5335 ἔστι,
1243 5271 1334 5321 καὶ
1381 5268 1561 5337 ἀγαθά
1600 5269 1771 5321 λαλεῖ⁹
1803 5269 1850 5319 εί

265 5365 325 5416 δὲ
359 5363 613 5432 πονηρῶν
645 5365 814 5431 μεστή
848 5365 996 5414 ἐστιν
1047 5362 1080 5431 ἡ
1128 5360 1343 5430 καρδία,
1387 5362 1479 5412 καὶ
1509 5362 1536 5412 δ
1566 5359 1850 5430 ἄνθρωπος

269 5459 506 5526 πονηράς
541 5459 678 5516 ἐστι,
719 5457 809 5507 καί
845 5455 1057 5523 πονηρὰ
1093 5453 1263 5505 λαλεῖ.
1310 5454 1546 5505 Δύνασαι
1581 5453 1634 5505 δὲ
1680 5452 1853 5504 ταῦτα

271 5549 452 5602 πάντα
477 5549 570 5599 καὶ
597 5547 672 5608 ὡς
702 5547 827 5615 περὶ
860 5547 966 5599 τῶν
995 5545 1309 5614 Φαρισαίων
1340 5543 1608 5611 λεγόμενα
1641 5543 1852 5611 νοῆσαι.

272 5645 417 5715 Πρὸς
445 5642 680 5700 ἐκείνους
704 5640 812 5708 γὰρ
827 5639 1261 5707 ἀποτεινόμενος,
1282 5639 1465 5706 φησὶν,
1499 5633 1857 5700 ὄτι,Ἐκεαλε

357 5806 399 5834 ³⁸
457 5804 613 5856 Jonn.
683 5799 920 5860 xnt,‘l6.

562 5895 669 5953 ΡΑἰ
688 5907 825 5951 μοι..
863 5894 977 5950 6R.
1027 5889 1314 5950 CXXIII.

2021 2048 2181 2102 Vens.
2217 2048 2405 2100 41-45.
2433 2046 2571 2111 Quid
2607 2053 2787 2099 autem
2818 2044 2966 2098 vides
2989 2043 3252 2097 festucam
3281 2043 3332 2096 itt
3365 2043 3526 2097 oculo

1945 2143 2129 2196 fratris
2160 2142 2254 2203 tui,
2291 2140 2499 2194 trabem
2534 2149 2713 2192 autem
2745 2154 2862 2205 qua:
2890 2139 2942 2189 in
2966 2137 3121 2190 oculo
3156 2138 3376 2203 proprio
3410 2145 3523 2196 tuo,

1945 2250 2049 2288 non
2079 2232 2515 2287 animadvertis?
2543 2233 2649 2284 Aut
2678 2234 2950 2298 quomodo
2979 2239 3134 2300 potes
3166 2230 3344 2282 dicere
3372 2228 3526 2280 fratri

1946 2337 2035 2382 tuo
2061 2345 2076 2380 :
2101 2326 2311 2388 Frater,
2339 2325 2476 2388 sine,
2500 2323 2710 2389 ejiciam
2731 2321 2990 2374 festucam
3011 2338 3132 2379 qua:
3162 2321 3216 2373 iu
3244 2321 3401 2373 oculo
3435 2331 3528 2372 tuo

1942 2429 2046 2487 est,
2084 2422 2196 2489 ipse
2224 2420 2276 2472 in
2301 2419 2458 2473 oculo
2482 2426 2574 2471 tuo
2597 2416 2805 2469 trabem
2826 2430 2932 2467 non
2960 2411 3186 2467 videns?
3210 2412 3524 2484 llypocritn,

1944 2514 2080 2583 ejice
2110 2514 2343 2583 primum
2374 2511 2581 2564 trabem
2615 2525 2682 2564 ex
2717 2499 2874 2563 oculo
2913 2518 3022 2569 tuo,
3061 2517 3115 2562 et
3156 2518 3285 2561 tunc
3317 2509 3526 2576 perspi-

1946 2605 2139 2658 ciesut
2172 2604 2355 2671 ejicias
2387 2607 2651 2657 festucam
2683 2616 2802 2668 quae
2835 2612 2918 2654 est
2942 2600 2996 2652 in
3025 2599 3184 2653 oculo
3215 2599 3402 2654 fratris
3427 2602 3526 2652 tui.

1946 2694 2062 2748 Non
2096 2703 2179 2748 est
2201 2694 2345 2747 enim
2375 2694 2537 2746 arbor
2559 2691 2697 2745 bona
2730 2706 2849 2760 qua:
2877 2691 3004 2744 facit
3028 2691 3262 2744 fructum
3289 2690 3526 2744 malum:

1946 2799 2119 2852 neque
2147 2783 2309 2836 arbor
2335 2781 2474 2836 mala
2507 2781 2709 2834 faciens
2739 2780 2973 2834 fructum
3007 2782 3227 2834 bonum.
3263 2780 3531 2849 Unaqua-

1944 2889 2047 2943 que
2088 2874 2230 2929 enim
2275 2873 2439 2927 arbor
2479 2888 2542 2926 ex
2588 2873 2769 2926 fructu
2820 2889 2920 2928 suo
2961 2876 3296 2943 agnoscitur.
3341 2873 3532 2946 Neque

1947 2967 2090 3020 enim
2118 2981 2148 3020 e
2181 2964 2351 3034 Spinis
2390 2966 2650 3034 colligunt
2685 2966 2817 3018 ficus
2839 3005 2852 3028 ,
2893 2980 3066 3034 neque
3105 2981 3135 3022 e
3165 2969 3300 3020 rubo
3343 2969 3531 3022 vinde-

1948 3058 2117 3111 miant
2149 3066 2330 3110 uvam.
2365 3055 2547 3110 Bonus
2580 3057 2742 3110 homo
2774 3071 2841 3109 ex
2875 3056 3021 3110 bono
3061 3056 3316 3111 thesauro
3350 3059 3534 3112 cordis

1949 3152 2030 3204 sui
2058 3149 2264 3219 profert
2288 3151 2514 3214 bonum,
2539 3160 2594 3203 et
2624 3150 2800 3204 malus
2828 3151 2991 3204 homo
3012 3167 3074 3204 ex
3107 3150 3247 3205 malo
3274 3151 3533 3206 thesauro

1947 3242 2127 3294 cordis
2157 3241 2238 3292 sui
2268 3239 2473 3309 profe.t
2499 3240 2722 3292 malum.
2756 3239 2830 3292 Ex
2860 3240 3154 3293 abundatia
3182 3240 3328 3295 enim
3352 3242 3534 3296 cordis

1950 3330 2186 3399 loquitur
2214 3346 2276 3385 os
2304 3332 2442 3399 eius.
2485 3349 2502 3380 ι
2538 3331 2676 3397 Quid
2707 3339 2886 3386 autem
2919 3331 3092 3396 vides,
3129 3331 3326 3400 inquit,
3363 3331 3534 3385 festu-

1948 3439 2090 3489 cam,
2133 3425 2234 3478 IIOC
2263 3432 2368 3488 est,
2397 3439 2618 3492 l.arrum
2652 3437 2931 3493 peccatum
2961 3423 3150 3479 fratris
3185 3428 3282 3488 tui,
3323 3427 3531 3481 trabem

1951 3526 2147 3578 autem,
2181 3531 2433 3585 magnum
2458 3528 2742 3584 peccatum
2779 3527 2950 3580 tuum,
2984 3533 3092 3572 non
3123 3520 3401 3574 advertis?
3423 3519 3536 3574 Hoc

1950 3616 2128 3662 autem
2168 3606 2420 3661 omnibus
2456 3608 2560 3662 dici
2597 3619 2810 3676 potest,
2852 3620 2906 3662 et
2953 3611 3186 3665 maxime
3225 3609 3537 3666 doctoribus

1950 3707 2005 3751 ct
2054 3697 2427 3766 principibus,
2482 3700 2573 3768 qui
2629 3700 2973 3753 subditorum
3023 3713 3242 3770 peccata
3290 3707 3538 3771 quamvis

1952 3808 2114 3863 parva
2148 3793 2416 3861 puniunt:
2453 3809 2547 3846 sua
2583 3803 2765 3847 autem
2807 3795 2972 3847 etiam
3005 3795 3238 3848 maxima
3277 3798 3536 3865 impunita

1950 3886 2154 3940 sinunt.
2190 3885 2396 3939 Idcirco
2434 3885 2556 3940 illos
2602 3895 2657 3938 et
2707 3869 3020 3956 liypocritas
3061 3899 3218 3941 vocat
3254 3887 3534 3945 Dominus.

1953 3977 2093 4034 Sunt
2125 3979 2213 4033 alii
2245 3980 2462 4049 quidem
2497 3989 2844 4049 apparentes,
2883 3982 3009 4035 dum
3047 3982 3279 4036 aliorum
3317 3996 3534 4050 peccata

1953 4071 2218 4140 puniunt:
2268 4072 2320 4125 in
2374 4073 2476 4125 hoc
2517 4074 2662 4124 enim
2703 4071 2836 4134 justi
2877 4082 3162 4139 apparent.
3211 4074 3314 4127 Alii
3359 4085 3537 4128 autem

1951 4174 2082 4218 sunt
2129 4180 2197 4220 ex
2245 4179 2310 4219 eo
2351 4165 2495 4232 quod
2544 4175 2599 4219 et
2644 4165 2744 4231 ipsi
2785 4167 3004 4231 gravius
3051 4178 3297 4235 peccent.
3343 4167 3537 4223 Poste.

1953 4256 2114 4310 etiam
2140 4267 2190 4309 et
2217 4257 2464 4325 exemplo
2493 4257 2780 4310 confirmat
2815 4272 3124 4312 sermonem
3151 4275 3330 4314 suum.
3366 4261 3538 4320 Sicut.

1955 4348 2163 4416 inquit,
2196 4365 2300 4402 non
2333 4358 2416 4401 est
2447 4346 2608 4402 arbor
2653 4349 2792 4402 bona
2843 4367 2962 4417 quae
3006 4351 3134 4405 facit
3172 4351 3408 4406 fructum
3443 4371 3544 4423 pu--

1954 4448 2112 4503 trem,
2136 4454 2310 4508 neque
2333 4440 2494 4493 arbor
2516 4439 2692 4507 putris
2710 4456 2831 4508 qua:
2853 4442 2999 4508 ;facit
3029 4441 3265 4496 fructum
3300 4445 3502 4498 bonum
3526 4465 3538 4499 :

1954 4530 2024 4583 ita
2057 4540 2110 4585 et
2137 4530 2228 4599 qui
2261 4529 2396 4585 alios
2431 4534 2700 4601 castigare
2728 4542 2784 4586 et
2817 4535 3112 4603 corrigere,
3145 4545 3199 4588 et
3229 4535 3294 4588 ad
3338 4538 3538 4591 bonum

1956 4621 2120 4692 315
2155 4623 2452 4677 transferre
2509 4633 2779 4688 attentat,
2837 4640 2942 4678 non
3000 4625 3164 4679 fuerit
3225 4629 3448 4682 malus:
3497 4633 3540 4684 si

1884 4753 1928 4807 υ
1957 4723 2138 4769 autem
2163 4714 2334 4768 malus
2357 4714 2539 4778 fuerit,
2564 4715 2699 4767 alios
2726 4730 2828 4768 non
2856 4716 3018 4769 faciet
3045 4717 3315 4775 meliores.
3345 4718 3536 4775 Unius-

1957 4807 2216 4877 cujusque
2241 4809 2384 4862 enim
2411 4822 2505 4861 cor
2528 4809 2821 4861 thesaurus
2848 4821 2968 4862 est:
3004 4819 3058 4862 ct
3087 4809 3129 4862 si
3155 4813 3375 4879 quidem
3403 4815 3539 4867 bona

1959 4901 2188 4965 habeat,
2231 4902 2394 4954 etiam
2439 4900 2600 4954 homo
2645 4901 2821 4955 bonus
2850 4912 2970 4967 est,
3003 4915 3059 4956 et
3090 4906 3229 4957 bena
3261 4905 3538 4974 loquitur:

1959 4995 2042 5046 sin
2078 5008 2206 5047 vero
2233 4995 2391 5048 malis
2414 5009 2510 5048 cor
2531 4993 2749 5061 plenum
2779 4992 2966 5059 fuerit,
2992 4998 3151 5049 etiam
3181 4998 3342 5052 homo
3369 5001 3544 5054 malus

1958 5091 2060 5146 est,
2091 5092 2144 5137 et
2172 5083 2310 5135 mala
2342 5085 2596 5150 loquitur.
2629 5083 2794 5138 Potes
2817 5093 2999 5138 autem
3022 5075 3148 5140 inec
3174 5098 3226 5139 et
3257 5088 3321 5141 de
3353 5087 3543 5144 Phari-

1958 5173 2081 5226 s:eis
2120 5175 2198 5226 sic
2231 5173 2552 5244 intelligere.
2587 5174 2666 5227 Ad
2706 5174 2823 5228 illos
2863 5175 3005 5228 enim
3051 5189 3359 5231 sermonem
3409 5180 3542 5233 diri-

1959 5279 2113 5336 gens,
2160 5265 2352 5334 inquit,
2383 5266 2530 5335 Ejice
2556 5267 2789 5334 primum
2818 5268 3024 5321 trabem
3060 5280 3123 5320 ett
3158 5270 3313 5322 ocqu
3340 5280 3456 5332 tuo,
3491 5283 3544 5325 et

1961 5367 2087 5412 tunc
2129 5357 2390 5413 festucam
2436 5373 2554 5427 quae
2597 5370 2682 5412 ρει
2729 5360 2780 5411 in
2827 5359 2986 5412 oculo
3030 5362 3212 5414 fratris
3243 5362 3359 5414 tui:
3405 5366 3544 5419 sicut

1954 5453 2118 5502 etiam
2159 5448 2290 5503 alibi
2337 5450 2486 5513 diett,
2533 5449 2810 5503 Camelum
2855 5451 3178 5517 glutientes,
3223 5464 3275 5505 ct
3314 5453 3540 5510 culicem

1956 5545 2286 5599 excoluntcs.
2322 5543 2604 5608 Quomodo
2641 5544 2806 5612 igitur
2849 5557 2944 5596 vos
2986 5541 3242 5600 Pharisaei
3282 5547 3372 5615 qui
3411 5548 3544 5601 estis

1959 5637 2184 5689 arbores
2237 5644 2457 5704 putres,
2516 5636 2766 5704 poteritis
2824 5637 3028 5691 fructus
3085 5637 3258 5693 bonos
3305 5638 3543 5693 afferre?

3093 5902 3163 5955 95
