4256 6432
733 410 838 473 ’179

1659 389 2236 457 THEOPHYLACTI
2269 382 2679 451 BULGARIE
2713 378 3067 442 AllCﬂlEP.

3886 367 4002 431 780

744 521 933 576 Vester
960 518 1107 575 enim
1134 528 1313 573 sermo
1344 524 1558 580 semper
1592 510 1767 594 putris
1796 516 1914 570 est,
1936 506 2075 559 sicut
2102 514 2154 557 et
2185 503 2318 556 vita.
2353 512 2394 567 Α

2353 512 2394 567 Α
2428 498 2644 568 πρῶτον
2668 498 2768 565 τὴν
2793 494 2948 547 δοκὸν
2974 494 3038 545 ἐκ
3064 487 3157 543 τοῦ
3188 468 3469 555 ὀφθαλμοῦ
3517 498 3634 548 σου,
3668 481 3761 537 καὶ
3794 482 3917 536 τότε
3949 487 4008 537 τ²ι

740 610 1047 681 Loquimini
1094 608 1237 663 enim
1290 620 1356 660 ex
1400 600 1729 657 abundantia
1778 597 1976 651 cordis.
2032 594 2313 659 Quomodo

739 705 901 773 igitur
926 702 1061 756 alios
1100 698 1387 768 corrigetis
1411 737 1425 759 ,
1457 706 1509 751 et
1538 693 1763 747 aliorum
1798 698 2014 759 peccata
2048 685 2307 756 punietis,

734 796 833 863 ipsi
856 794 1073 862 gravius
1106 787 1437 861 peccantes?

2423 591 2632 659 κάρφος
2662 586 2722 638 τὸ
2761 588 2819 638 ὲν
2844 584 2923 654 τῷ
2947 580 3213 652 ὀφθαλμῷ
3246 578 3342 632 τοῦ
3379 576 3607 645 ἀδελφοῦ
3641 593 3760 630 σου.
3790 575 4008 642 Ὠσπερ

2420 684 2513 735 καὶ
2544 679 2779 749 ἀλλαχοῦ
2829 678 2997 745 λέγει,
3033 677 3082 727 οί
3128 674 3227 745 τήν
3285 671 3531 741 κάμηλον
3589 668 4008 731 καταπίνοντες,

2422 776 2516 829 καὶ
2546 774 2637 826 τδν
2658 772 2897 825 κώνωπα
2925 766 3275 831 διῦλίζοντες.
3300 764 3425 827 Πῶς
3451 763 3567 829 οὖν,
3602 761 3792 831 φησὶν,
3824 760 4012 830 ὑμᾶς,

733 858 1313 959 ιῖιΦα-ρισαϊοιίδένδρα
1333 883 1481 945 ὄντες
1509 879 1717 949 σαπρὰ,
1776 877 2069 949 δυνήσεσθε
2134 876 2379 946 καρποὺς
2418 871 2663 940 ἀγαθοὺς
2706 868 3099 941 προενεγκεδις
3142 861 3331 932 ’Υμῶν
3375 861 3486 932 γὰρ
3528 860 3622 913 καὶ
3660 861 3689 911 6
3729 858 3886 925 λόγος
3916 874 4010 909 σα-

733 954 892 1056 πρὸς,
922 983 998 1047 ὡς
1026 982 1120 1036 καὶ
1151 983 1178 1033 6
1216 954 1349 1048 βίος,
1382 978 1445 1029 ὲκ
1477 976 1586 1046 γὰρ
1611 975 1705 1027 τοῦ
1740 974 2179 1043 περισσεύματος
2213 971 2313 1038 τῆς
2349 968 2608 1051 ’καρδίας
2657 967 2868 1034 λέγετε.
2941 962 3064 1025 Πῶς
3101 959 3283 1013 τοίνυν
3334 958 3555 1029 ἑτέρους
3602 954 3968 1025 διορθῶσεσθε
3993 969 4010 984 ο

732 1081 825 1134 καὶ
858 1078 1061 1146 ἐτέρων
1100 1075 1480 1145 ἁμαρτήματα
1517 1072 1800 1134 κολάσετε,
1843 1070 1999 1123 αὐτοὶ
2041 1067 2109 1120 τᾶ
2142 1066 2313 1137 μείζω
2347 1066 2796 1135 ἁμαρτάνοντεςς

808 1198 971 1250 \‘sss.
1010 1180 1200 1249 66-69.
1245 1211 1261 1243 ι
1302 1192 1439 1259 Quid
1468 1199 1646 1245 autem
1682 1190 1887 1243 vocatis
1920 1204 2025 1249 me,
2060 1187 2306 1251 Domine,

732 1287 980 1350 Domine,
1024 1298 1078 1340 et
1129 1299 1233 1337 non
1285 1282 1463 1337 facitis
1508 1296 1631 1349 qua:
1667 1280 1835 1334 dico?
1874 1279 2128 1347 Quisquis
2158 1276 2311 1331 venit

735 1381 803 1433 ad
829 1394 932 1443 me,
967 1386 1023 1432 et
1051 1375 1201 1430 audit
1224 1387 1503 1429 sermones
1539 1387 1707 1436 meos,
1734 1382 1787 1425 et
1820 1369 1949 1425 facit
1979 1384 2093 1434 eos,
2128 1379 2305 1424 osten-

735 1474 857 1527 dam
894 1468 1048 1524 vobis
1083 1469 1171 1522 cui
1200 1465 1394 1521 similis
1419 1466 1510 1519 sit.
1563 1462 1770 1518 Similis
1796 1470 1881 1517 est
1908 1460 2114 1517 homini
2138 1459 2309 1514 aedifi—

734 1562 875 1617 canti
912 1561 1158 1622 domum,
1189 1559 1278 1626 qui
1319 1556 1454 1611 fodit
1488 1557 1539 1610 in
1576 1555 1741 1609 altum
1771 1595 1783 1619 ,
1829 1564 1884 1608 et
1914 1552 2094 1623 posuit
2124 1550 2317 1605 funda-

736 1663 979 1709 mentum
1040 1665 1207 1720 super
1259 1657 1493 1718 petram.
1535 1642 1893 1699 lnundatione
1939 1652 2118 1697 autem
2150 1640 2314 1701 facta,

731 1747 930 1802 illisum
963 1752 1067 1817 gest
1120 1742 1317 1797 flumen
1368 1742 1548 1795 domui
1582 1740 1681 1804 illi,
1738 1748 1793 1792 ct
1832 1752 1937 1791 non
1993 1734 2165 1805 potuit
2199 1748 2315 1787 eam

2496 1203 2514 1235 ‹
2556 1183 2625 1237 Τί
2654 1183 2710 1237 δέ
2740 1200 2807 1254 με
2844 1181 3083 1245 καλεῖτε,
3116 1177 3313 1248 Κύριε,
3347 1174 3545 1245 Κύριε,
3574 1174 3670 1226 καὶ
3697 1172 3758 1225 οὒ
3799 1173 4011 1224 ποιεῖτε

2420 1277 2456 1331 ἃ
2486 1276 2666 1344 λέγω;
2698 1275 2814 1337 Πᾶς
2848 1277 2877 1327 6
2903 1272 3198 1344 ἐρχόμενος
3239 1270 3375 1340 πρός
3404 1284 3494 1337 με,
3527 1267 3623 1319 καὶ
3653 1264 3873 1317 ἀκούων
3911 1280 4015 1333 μου

2421 1370 2531 1421 τῶν
2560 1368 2757 1435 λόγων,
2793 1366 2888 1419 καὶ
2932 1363 3102 1417 ποιῶν
3147 1362 3367 1423 αὐτοὺς,
3423 1357 3692 1423 ὑποδείξω
3742 1357 3873 1425 ὑμῖν
3907 1358 4016 1407 τίνι
4092 1390 4099 1427 μ

2424 1460 2574 1513 ἐστὶν
2609 1460 2814 1529 ὅμοιος.
2862 1456 3091 1526 Ὃμοιός
3122 1455 3271 1506 ἑστιν
3310 1450 3583 1520 ἀνθρώπῳ
3631 1445 4015 1516 οἰκοδομοῦντι

2423 1554 2623 1616 οίκίαν,
2656 1552 2714 1614 ὃς
2756 1549 2959 1618 ἔσκαψε
2993 1548 3087 1601 καὶ
3130 1544 3386 1609 ὲϐάθυνε,
3432 1542 3529 1596 καὶ
3554 1540 3719 1611 ἔθηκε
3759 1538 4015 1609 θεμέλιον

2423 1648 2517 1699 ἐπὶ
2558 1646 2657 1715 τὴν
2687 1644 2916 1715 πέτραν.
2950 1638 3299 1712 Πλημμύρας
3327 1638 3385 1690 δὲ
3410 1634 3733 1705 γενομένης,
3767 1631 4012 1702 προσέρ-

2429 1738 2589 1809 ρηξεν
2638 1739 2666 1788 ὀ
2709 1735 2953 1805 ποταμὸς
3001 1736 3068 1803 τῇ
3122 1731 3270 1801 οἰκίᾳ
3305 1729 3511 1798 ἐκείνῃ,
3548 1727 3645 1779 καὶ¹
3691 1724 3795 1778 οὐκ
3822 1725 4015 1792 ἴσχυσε

733 1813 989 1901 movere,
1050 1835 1271 1889 fundata
1330 1833 1471 1886 enim
1536 1840 1652 1885 erat
1710 1843 1872 1898 super
1931 1836 2160 1897 petram.
2218 1810 2401 1890 QuiB

2356 1810 2401 1867 Β
2433 1829 2687 1882 σαλεῦσαι
2738 1828 2909 1898 αὐτήν
2929 1842 2944 1857 ⁶
2982 1823 3345 1901 τεθεμελίωτο
3376 1821 3482 1891 γὰρ
3524 1819 3620 1871 ἐπὶ
3647 1819 3747 1888 τὴν
3781 1818 4007 1885 πέτραν.

738 1936 918 1982 autem
948 1924 1177 1987 audivit,
1214 1931 1269 1977 et
1296 1936 1398 1975 non
1438 1920 1587 1985 fecit,
1627 1920 1828 1974 similis
1868 1928 1953 1975 est
1992 1916 2197 1973 homini
2228 1917 2319 1986 qui

737 2018 1029 2075 aediﬁcavit
1057 2016 1275 2070 domum
1310 2028 1461 2069 suam
1494 2027 1658 2082 super
1696 2021 1895 2065 terram
1941 2011 2149 2079 absque
2198 2008 2320 2062 fun-

738 2116 1013 2179 damento,
1048 2113 1100 2166 in
1132 2123 1292 2179 quam
1350 2106 1525 2160 illisus
1564 2112 1643 2159 est
1696 2103 1911 2168 fluvius,
1958 2112 2011 2157 et
2060 2101 2321 2156 continuo

738 2203 953 2269 cecidit,
1002 2211 1057 2256 ct
1114 2197 1255 2252 facta
1304 2204 1386 2251 est
1424 2194 1579 2249 ruina
1626 2193 1817 2247 domus
1862 2191 2006 2245 illius
2040 2204 2255 2259 magna.
2297 2208 2316 2240 ι

739 2297 806 2353 Et
853 2298 956 2351 hoc
1000 2289 1311 2349 necessario
1344 2287 1499 2342 nobis
1534 2286 1765 2350 dicitur,
1821 2284 1910 2352 qui
1967 2297 2061 2336 ore
2103 2282 2319 2350 quidem

735 2390 1009 2446 Christum
1044 2384 1405 2445 confitemur,
1442 2394 1605 2448 opere
1653 2386 1831 2433 autem
1878 2390 2139 2446 negamus
2167 2374 2232 2427 ³⁵.
2261 2372 2319 2427 Si

735 2483 880 2537 enim
921 2478 1181 2533 Dominus
1234 2489 1377 2540 sum,
1437 2472 1653 2541 inquit,
1693 2469 1916 2523 omnino
1949 2473 2191 2521 vestrum
2235 2474 2320 2518 est

739 2575 919 2628 facere
950 2585 1011 2625 ea
1042 2582 1161 2637 quae
1187 2575 1316 2622 sunt
1347 2577 1653 2621 servorum.
1685 2560 1833 2615 Servi
1863 2560 2009 2614 enim
2055 2572 2190 2625 opus
2236 2565 2321 2611 est

746 2676 895 2720 recte
928 2661 1110 2717 facere
1147 2657 1290 2728 quod
1344 2655 1599 2711 dominus
1643 2652 1895 2721 imperat.
1949 2648 2164 2717 Deinde,
2192 2647 2323 2703 dicit

744 2753 899 2808 nobis
937 2749 1067 2821 quid
1115 2749 1357 2804 lucretur
1406 2760 1465 2800 se
1499 2742 1758 2807 audiens,
1787 2749 1840 2795 ct
1878 2755 1982 2795 non
2014 2738 2187 2794 solum
2222 2753 2325 2791 au~

744 2846 923 2906 diens,
955 2842 1048 2897 sed
1074 2851 1125 2895 ct
1156 2839 1383 2892 faciens.
1412 2833 1618 2889 Similis
1640 2841 1725 2886 est
1750 2830 1893 2885 enim
1922 2830 2125 2885 homini
2157 2829 2322 2883 rediti-

740 2936 912 2999 cauti,
950 2933 1041 3003 qui
1072 2920 1365 2986 mitificavit
1395 2940 1559 2993 super
1582 2933 1807 2993 petram.
1842 2922 2003 2975 Petra
2038 2920 2198 2990 igitur
2240 2928 2322 2973 est

738 3030 1007 3092 Christus,
1044 3025 1188 3081 sicut
1229 3018 1525 3091 Apostolus
1575 3026 1803 3071 testatur
1829 3013 1893 3066 ³⁸.
1942 3012 2102 3068 Fodit
2138 3019 2321 3064 autem

739 3125 791 3176 in
847 3118 1196 3192 profundum,
1248 3114 1341 3183 qui
1406 3127 1511 3167 non
1572 3105 1989 3177 superlicialiter
2040 3116 2321 3157 sermones

2435 1919 2493 1973 '0
2525 1920 2579 1972 δὲ
2631 1918 2871 1980 ἀκούσας
2918 1918 3011 1969 καὶ
3068 1913 3142 1985 μὴ
3184 1899 3443 1982 ποιήσας,
3495 1909 3679 1978 ὅμοιός
3733 1909 3886 1961 ἔστιν
3916 1906 4012 1959 ἀν-

2425 2010 2627 2080 θρώπῳ
2662 2008 3081 2076 οἰκοδομήσαντι
3117 2002 3297 2056 οἰκίαν
3325 2000 3419 2053 ἐπὶ
3448 1998 3546 2070 τὴν
3579 2001 3685 2066 γῆν
3714 1996 3889 2067 χωρὶς
3922 1995 4012 2048 θε-

2427 2102 2612 2168 μελίου
2636 2117 2649 2131 ’
2736 2096 3113 2169 προσέρῤηεεν
3134 2098 3163 2149 6
3182 2094 3447 2163 ποταμὸς,
3470 2093 3567 2145 καὶ
3585 2091 3789 2152 εὐθέως
3824 2089 4009 2151 ἔπεσε,

2424 2194 2519 2247 καὶ
2547 2194 2767 2259 ἐγένετο
2790 2210 2849 2244 το
2875 2191 3063 2261 ῥῆγμα
3084 2190 3185 2256 τῆς
3204 2177 3383 2247 οίκίας
3402 2183 3616 2251 ἐκείνης
3648 2185 3815 2251 μέγα.
3849 2200 3868 2233 ι
3901 2182 4012 2233 Καὶ

2423 2287 2581 2341 τοῦτο
2604 2288 2907 2353 ἀναγκαῖον
2942 2294 3078 2350 προς
3108 2281 3260 2350 ἡμᾶς
3279 2319 3293 2343 ,
3316 2279 3446 2340 τοὺς
3476 2275 3878 2346 ὁμολογοῦντας
3916 2276 4012 2343 μὲν

2414 2368 2587 2429 ἀὑτὸν
2619 2377 2733 2437 τοῖς
2787 2373 2993 2443 χείλεσι
3032 2370 3261 2440 Κύριον,
3291 2371 3403 2431 τοῖς
3432 2367 3489 2419 δὲ
3524 2368 3709 2437 ἔργοις
3740 2366 4014 2434 ἀρνουμέ-

2427 2486 2568 2531 νους.
2601 2468 2663 2520 Εί
2689 2468 2794 2537 γὰρ
2826 2465 3027 2535 Κύριός
3059 2465 3195 2533 ειμι,
3216 2462 3371 2532 φησὶ,
3396 2460 3617 2522 πάντως
3648 2459 3795 2527 ὑμᾶς
3825 2457 3936 2510 ἔδει
3956 2459 4015 2507 τό

2427 2561 2535 2613 τῶν
2556 2559 2760 2614 δούλων
2792 2576 2984 2611 ποιειν.
3017 2555 3231 2610 Δούλων
3259 2555 3316 2607 δὲ
3344 2552 3525 2623 ἔργον,
3550 2552 3609 2603 τὸ
3634 2551 3904 2619 πράττειν
3929 2548 3963 2602 ἃ
3989 2550 4016 2597 ὁ

2426 2652 2613 2721 κύριος
2655 2648 2953 2701 ἐπιτάττει.
2986 2642 3120 2699 Εἶτα
3146 2646 3295 2712 λέγει
3326 2645 3460 2713 ήμῖν
3488 2641 3541 2694 τί
3574 2639 3855 2709 κερδαίνει
3878 2638 4018 2691 6:6-

2424 2742 2519 2795 τοῦ
2551 2728 2789 2804 ἀκούων,
2824 2740 2919 2793 καὶ
2947 2738 3021 2809 μή
3052 2739 3211 2807 μόνον
3257 2734 3495 2799 ἀκούων,
3534 2732 3671 2785 ἀλλὰ
3702 2732 3797 2784 καὶ
3820 2730 4014 2783 ποιῶν.

2428 2835 2652 2902 Ὄμοιος
2677 2832 2787 2903 γάρ
2808 2833 2955 2884 ἐστιν
2983 2829 3254 2899 ἀνθρώπῳ
3281 2827 3550 2895 οἰκοδόμῳ
3578 2824 3637 2887 ὃς
3659 2824 4014 2895 ᾠκοδόμησεν

2416 2927 2520 2982 ,ἐπὶ
2568 2925 2666 2995 τὴν
2713 2923 2940 2994 πέτραν.
3004 2924 3185 2992 Πέτρα
3240 2920 3339 2990 μὲν
3386 2914 3479 2972 οὖν
3510 2919 3539 2971 6
3574 2918 3835 2988 Χριστὸς,
3885 2916 3961 2980 ὡς
3989 2919 4016 2969 6

2438 3016 2761 3079 Ἀπδστολος
2813 3016 3106 3085 μαρτυρεῖ.
3154 3013 3402 3066 Σκάπτει
3451 3010 3509 3065 δὲ
3549 3011 3644 3065 καὶ
3680 3010 3930 3080 βαθύνει,
3958 3009 4016 3071 6;

2430 3108 2505 3178 μὴ
2537 3108 2868 3171 ἐπιπολαίως
2925 3107 3140 3175 δέχεται
3187 3104 3316 3165 τοὺς
3360 3103 3460 3173 τῆς
3508 3102 3734 3172 Γραφῆς
3800 3102 4015 3169 λόγους,

648 3251 651 3253 ›
740 3175 1035 3280 Scriptura:
1066 3208 1280 3277 accipit,
1326 3206 1420 3259 scd
1458 3175 1741 3256 scrutatur
1786 3196 2057 3268 profunda
2106 3194 2316 3248 illarum

2342 3175 2388 3238 C
2424 3175 2538 3253 ἀλλ’
2571 3201 2770 3271 ἐρευνᾷ.
2809 3201 2876 3251 τὰ
2917 3198 3054 3268 βάθη
3101 3196 3309 3249 τούτων
3356 3195 3494 3265 μετὰ
3542 3194 3638 3247 τοῦ
3675 3193 4012 3263 πνεύματος.

743 3310 797 3360 in
830 3304 1051 3373 spiritu.
1083 3299 1230 3353 Talis
1274 3298 1439 3366 igitur
1469 3306 1523 3348 et
1569 3306 1730 3360 supra
1764 3300 1975 3359 petram
2012 3287 2223 3349 fundat,
2265 3295 2320 3338 ct

740 3395 936 3451 deinde
982 3393 1121 3449 facta
1172 3398 1518 3459 tempestate,
1568 3386 1668 3439 hoc
1707 3390 1789 3436 est
1829 3382 2203 3449 persecutione
2238 3377 2319 3431 vel

743 3488 1059 3550 tentatioue,
1092 3480 1472 3538 illiditﬂumeu
1524 3476 1705 3532 domui
1755 3474 1854 3539 illi,
1893 3480 2150 3534 tentator,
2202 3469 2318 3523 sive

738 3584 984 3645 danuon,
1036 3579 1150 3631 sive
1203 3577 1386 3636 homo,
1445 3580 1501 3625 et
1538 3584 1643 3624 non
1678 3569 1821 3621 valet
1872 3577 2089 3618 movere
2146 3561 2313 3616 illam.

740 3671 976 3728 Flumiui
1016 3683 1147 3725 sane
1176 3652 1392 3721 tentans
1425 3663 1513 3717 ille
1559 3661 1719 3716 homo
1747 3657 2046 3723 confertur,
2083 3664 2137 3710 et
2166 3652 2318 3707 valde

740 3764 935 3821 merito
961 3780 976 3830 ;
1006 3761 1144 3815 sicut
1168 3760 1310 3813 enim
1344 3754 1542 3807 flumen
1574 3751 1838 3806 inundare
1870 3748 2000 3803 facit
2029 3762 2169 3818 aqua
2198 3761 2318 3816 qua:

740 3870 975 3925 superne
1026 3850 1250 3911 decidit,
1285 3849 1353 3902 ita
1392 3857 1446 3901 et
1491 3851 1787 3898 tentantem
1842 3842 1994 3895 illum
2040 3841 2317 3914 hominem

746 3946 998 4008 Satanas,
1039 3942 1128 4011 qui
1172 3957 1200 3995 c
1224 3937 1475 4010 supernis
1506 3936 1723 4000 cecidit,
1756 3947 2002 3999 crescere
2031 3932 2178 3985 facit.
2215 3929 2318 3984 Do-

739 4053 861 4092 mus
887 4047 1068 4090 autem
1098 4049 1285 4089 eorum
1320 4030 1411 4100 qui
1440 4044 1545 4084 non
1581 4027 1786 4083 faciunt
1810 4040 2117 4080 sermonem
2147 4022 2321 4078 Domi-

739 4131 791 4185 ni
824 4129 986 4193 cadit,
1016 4136 1070 4181 et
1117 4126 1175 4179 fit
1221 4125 1375 4178 ruina
1428 4125 1619 4178 domus
1669 4120 1811 4174 illius
1864 4130 2076 4190 ntagna.
2128 4117 2317 4187 Magna

739 4224 883 4275 enim
934 4220 1088 4272 ruina
1132 4226 1217 4271 est
1248 4230 1437 4269 eorum
1478 4214 1567 4283 qui
1601 4212 1826 4265 audiunt
1855 4220 1908 4263 et
1942 4226 2048 4264 non
2093 4209 2315 4263 faciunt.

738 4314 871 4369 Nam
898 4313 991 4382 qui
1042 4327 1147 4365 non
1190 4309 1360 4371 audit,
1394 4318 1445 4359 et
1475 4321 1580 4359 non
1610 4304 1774 4371 faciti,
1806 4320 1910 4357 non
1945 4314 2053 4355 tant
2084 4304 2320 4370 graviter

737 4410 901 4470 cadit,
939 4405 1027 4475 qui
1071 4414 1251 4458 autem
1283 4400 1430 4453 audit
1453 4409 1506 4453 et
1540 4414 1643 4452 non
1674 4397 1823 4461 facit,
1856 4396 2074 4464 gravius
2108 4402 2315 4463 peccat.

1334 4697 1563 4753 CAPUT
1611 4694 1719 4748 Vil.

895 4825 970 4877 De
1003 4820 1322 4877 centurione,
1366 4815 1468 4935 De]
1492 4813 1605 4879 ﬁlio
1640 4812 1829 4865 vidum.
1866 4806 1938 4859 De
1976 4809 2150 4860 missis

1374 4903 1403 4935 (ι
1478 4900 1669 4935 oannc.

1374 4903 1403 4938 (ί
1438 4900 1669 4936 ιοαηιισ.

814 5008 973 5060 \‘Lus.
1027 5004 1175 5059 l-lﬂ.
1212 4981 1378 5073 316
1408 5019 1427 5051 ι
1466 5000 1602 5053 Cum
1658 5005 1839 5052 autem
1884 5002 2317 5052 consummasset

733 5102 919 5157 oumia
954 5100 1118 5154 verba
1154 5111 1273 5165 ~sua
1323 5095 1577 5151 audiente
1604 5091 1822 5163 pupula,
1854 5090 2081 5145 intravit
2113 5086 2317 5159 Caper-

2435 3293 2497 3346 Ὀ
2522 3292 2760 3355 τοιοῦτος
2791 3290 2884 3344 οὖν
2918 3291 3012 3342 καὶ
3062 3286 3155 3342 ἐπὶ
3194 3289 3293 3359 τὴν
3326 3289 3534 3357 πέτραν
3582 3286 3851 3357 θεμελιοῖ.
3884 3282 4017 3339 Εἶτα

2425 3381 2764 3454 πλημμύρας
2794 3381 3111 3451 γενομένης,
3149 3378 3393 3449 διωγμοῦ
3429 3380 3590 3449 τυχὸν
3615 3378 3647 3449 ἢ
3677 3377 4014 3446 πειρασμοῦ,

2424 3476 2727 3545 προσρήσει
2767 3476 2793 3526 6
2818 3472 3061 3543 ποταμὸς
3104 3476 3170 3545 τῇ
3203 3472 3352 3535 οἰκία
3391 3473 3599 3541 ἐκείνῃ,
3642 3473 3670 3523 ὁ
3710 3470 4018 3539 πειραστής

2424 3567 2533 3619 εἴτε
2562 3566 2770 3636 δαίμων
2800 3566 2909 3616 εἴτε
2945 3562 3254 3633 ἄνθρωπος,
3285 3561 3381 3614 καὶ
3411 3560 3512 3613 οὐκ
3548 3557 3724 3628 ίσχύει
3754 3556 4018 3611 σαλεῦσαι

2422 3661 2647 3729 ταύτην.
2693 3656 2929 3727 ιῐοταμῷ
2970 3655 3015 3709 δ’
3045 3654 3112 3709 ἂν
3144 3653 3521 3726 παραϐληθείη
3551 3653 3578 3706 ὸ
3609 3650 3897 3721 πειράζων
3926 3652 4023 3706 ἆν-

2426 3753 2665 3824 θρωπος,
2698 3754 2790 3804 καὶ
2824 3750 2969 3820 μάλα
2997 3751 3244 3811 είκότως·
3276 3747 3465 3816 ὥσπερ
3495 3747 3600 3814 γὰρ
3633 3744 3727 3798 τὸν
3770 3745 4019 3813 ποταμιν

2425 3846 2459 3915 ὴ
2488 3843 2694 3897 ἄνωθεν
2744 3843 3017 3897 πίπτουσα
3058 3840 3230 3912 βροχὴ
3280 3840 3638 3909 πλημμυρεῖν
3672 3839 3841 3899 ποιεῖ,
3876 3836 4019 3888 οὖῑω

2425 3933 2635 3987 καὶτὸν
2680 3932 2983 4003 πειίιαστὴν
3032 3930 3321 4002 ἄνθρωπον
3347 3932 3376 3983 6
3406 3927 3616 3982 ἄνωθεν
3674 3927 3865 3979 πεσὼν
3910 3926 4017 3977 Σα-

2424 4028 2591 4089 τανᾶς
2625 4024 2814 4087 αὔξειν
2852 4025 3012 4077 ποιεί.
3044 4023 3167 4075 Τῶν
3206 4021 3263 4073 δὲ
3300 4021 3375 4091 μὴ
3414 4021 3716 4074 ποιούντων
3759 4019 3890 4081 τοὺς
3922 4018 4015 4069 τοῦ

2425 4119 2629 4189 Κυρίου
2654 4118 2848 4185 λόγους
2878 4119 2910 4187 ή
2945 4115 3091 4169 οἰκία
3115 4116 3328 4179 πίπτει,
3362 4114 3455 4165 καὶ
3485 4113 3699 4181 γίνεται
3729 4112 3791 4164 τὸ
3823 4111 4013 4181 ῥῆγμα

2422 4210 2522 4277 τῆς
2548 4209 2727 4275 οἰκίας
2757 4207 2974 4274 ἐκείνης
3022 4205 3187 4274 μέγα.
3220 4203 3448 4271 amata
3477 4203 3583 4271 γάρ
3628 4202 3735 4254 είσι
3764 4201 3834 4253 τὶ
3871 4198 4018 4252 πτώ-

2427 4320 2561 4373 ματα
2607 4301 2715 4353 τῶν
2743 4299 3050 4353 ἀκουόντων
3083 4298 3202 4367 μὲν,
3246 4297 3321 4367 μὴ
3352 4294 3652 4347 ποιούντων
3686 4294 3764 4347 δέ.
3820 4292 3881 4345 Ὀ
3920 4292 4015 4361 μὲν

2426 4395 2532 4460 γὰρ
2562 4397 2698 4463 μήτε
2723 4390 2961 4454 ἀκούσας
2991 4391 3129 4460 μήτε
3152 4390 3410 4457 ποιήσας,
3435 4387 3781 4456 ἐλαφρότερα
3808 4385 4014 4449 πταίει,

2346 4486 2535 4570 ῃὸδὲ
2597 4485 2836 4544 ἀκούσας
2901 4484 3019 4553 μὲν,
3082 4482 3156 4550 μὴ
3222 4480 3457 4548 ποιήσας
3514 4478 3593 4543 δὲ,
3652 4476 4012 4545 χαλεπώτερα

2428 4580 2751 4648 ἁμαρτάνει.

3042 4691 3086 4742 Κ
3098 4691 3271 4742 ΕΦΑᾹ
3317 4689 3391 4743 Ζ’.

2424 4812 2563 4880 Περὶ
2596 4809 2701 4862 τοῦ
2740 4806 3205 4880 ἑκατογτὰρχοψ
3250 4804 3389 4873 Περὶ
3420 4805 3536 4880 τοῦ,
3585 4803 3848 4880 ΨξοῦῙῆ(
3901 4806 4015 4873 Z'i‘

2522 4898 2654 4951 ρας.
2692 4880 2827 4945 Περὶ
2864 4877 2981 4931 τῶν
3010 4874 3360 4931 σταλέντων
3388 4876 3552 4945 παρὰ
3594 4874 3905 4930 Ἰωάννου.

2508 5016 2519 5048 ι
2571 4997 2724 5049 Ἐπεὶ
2756 4995 2813 5049 δὲ
2835 4995 3124 5063 ἐπλήρωσε
3166 4993 3348 5046 πάντα
3375 4992 3445 5045 τὰ
3478 4990 3704 5063 ῥήματα
3728 4988 3901 5043 αὐτοῦ
3936 4993 4015 5054 εἰς

2420 5093 2518 5154 τὰς
2550 5089 2719 5154 ἀκοὰς
2734 5087 2828 5142 τοῦ
2846 5087 3001 5152 λαοῦ,
3025 5085 3275 5157 εἰσῆλθεν
3296 5085 3378 5149 είς
3401 5083 3809 5155 Καπερνσούμ.
3855 5082 4019 5138 Ἐκαο

744 5191 1305 5251 naum.CcutuIiouis
1362 5198 1540 5242 autem
1602 5186 1881 5256 cujusdam
1940 5198 2133 5240 servus
2181 5183 2320 5237 male
2418 5204 2425 5221 ι

2418 5185 2715 5254 τοντάρχου
2753 5182 2810 5235 δέ
2855 5198 3002 5245 τινος
3036 5180 3223 5242 δοῦλος
3270 5177 3458 5241 κακῶς
3491 5178 3654 5246 ἔχων,
3691 5177 3893 5247 ἔμελλε
3926 5194 4015 5229 τε-

737 5292 945 5347 lial:ens
984 5286 1176 5357 agebat
1206 5283 1441 5335 animam
1466 5321 1479 5342 ,
1512 5279 1603 5349 qui
1646 5277 1722 5332 illi
1771 5288 1889 5333 erat
1916 5277 2139 5332 cliarus.
2184 5276 2320 5331 Cum

2420 5277 2612 5348 λευτᾷν
2646 5277 2705 5340 ὃς
2753 5272 2823 5345 ἦν
2853 5274 3006 5346 αὐτῷ
3059 5273 3299 5344 ἔντιμος.
3351 5270 3629 5335 Ἀκούσας
3657 5271 3717 5324 δὲ
3753 5272 3887 5342 περὶ
3922 5270 4015 5323 τοῦ

741 5383 980 5439 ουιιὸδεοῑ
1012 5388 1189 5433 autem
1223 5377 1290 5429 de
1315 5371 1466 5439 Jesu,
1504 5371 1653 5427 misit
1680 5372 1744 5425 ad
1776 5384 1899 5425 eum
1931 5371 2181 5425 seniores
2215 5367 2317 5423 Ju-

2432 5368 2631 5441 Ἰησοῦ,
2686 5368 2977 5421 ἀπέστειλε
3031 5366 3167 5438 πρὸς
3217 5365 3382 5419 αὑτὸν
3436 5364 3853 5436 πρεσϐυτέρους
3903 5362 4016 5415 τῶν

737 5478 997 5536 deorum,
1030 5485 1227 5540 rogans
1255 5483 1378 5523 eum
1408 5476 1468 5520 ut
1494 5464 1706 5518 veniret
1730 5472 1789 5519 et
1819 5472 2065 5519 servaret
2096 5476 2315 5517 servum

2430 5461 2991 5540 'loa6cshov,_tpw:tbv
3035 5460 3201 5515 αὐτὸν
3229 5460 3379 5522 ὅπως
3406 5458 3579 5512 ἐλθὼν
3626 5456 3874 5529 διασώσῃ
3924 5458 4015 5511 τὸν

738 5585 918 5623 suum.
956 5568 1026 5623 At
1075 5565 1147 5617 illi
1197 5578 1319 5617 cum
1366 5562 1643 5617 venissent
1691 5560 1759 5613 ad
1810 5556 2015 5620 Jesum,
2054 5554 2321 5625 rogabant
2417 5585 2419 5598 ι

2417 5556 2603 5609 δοῦλον
2636 5525 2823 5609 abacti.
2879 5555 2944 5609 0i
2977 5554 3055 5620 δὲ,
3111 5552 3555 5626 παραγενόμενοι
3591 5550 3731 5622 πρὸς
3778 5525 3873 5605 τῷ
3916 5549 4016 5618 ἰηο

738 5679 860 5712 irim
914 5658 1173 5721 studiose,
1229 5655 1510 5709 dicentes:
1569 5652 1775 5721 Dignus
1826 5659 1913 5705 est
1962 5658 2020 5703 ut
2078 5648 2182 5702 hoc
2245 5646 2320 5701 illi

2421 5648 2564 5711 σοῦν,
2607 5646 2953 5717 παρεκάλουν
3012 5644 3175 5699 αὐτὸν
3230 5642 3565 5707 σπουδαίως,
3621 5641 3878 5709 λέγοντες
3935 5642 4014 5695 ὅτι

813 5843 853 5873 ει
888 5840 991 5893 't‘u.
1032 5859 1067 5903 ι,
1114 5838 1193 5893 ιο.
1273 5835 1317 5865 ³·
1346 5835 1364 5887 ι
1392 5833 1517 5888 Cor.
1555 5851 1608 5901 ς,
1647 5834 1695 5887 ι.
