4256 6432
747 409 853 471 783

1666 390 2239 457 TllEUl’IlYLACTI
2277 386 2686 449 BULGARLIE
2726 385 3074 448 ARCHIEP.

3897 374 4000 440 784

751 522 994 572 dicentes
1030 530 1042 566 :
1079 512 1344 579 PiOplieta
1396 521 1619 575 magnus
1675 503 1910 557 surrexit
1938 500 2079 555 inter
2117 515 2233 563 nos,
2269 505 2320 550 et
2349 502 2396 558 Α
2426 497 2432 548 i

2313 502 2396 558 [Α
2426 496 2717 568 Προφήτης
2772 496 2943 565 μέγας
2994 494 3291 562 ἐγήγερται
3333 491 3391 542 ἐν
3435 492 3589 560 ἡμῖν,
3623 487 3717 542 καὶ
3763 490 3846 542 ὅτι
3898 492 3994 541 ἑπ-

752 612 893 664 Deus
926 606 1159 662 visitarit
1198 601 1409 672 plebem
1444 614 1617 653 suam.
1658 614 1677 648 ι
1713 593 2003 661 Postquam
2041 593 2317 646 centurio.

753 702 838 752 nis
867 712 1078 751 servum
1107 694 1270 747 etiam
1300 691 1496 745 absens
1525 687 1753 751 sanavit,
1792 682 1936 738 aliud
1974 684 2147 737 rarius
2192 681 2319 735 facit

751 784 1085 839 miraculum.
1119 782 1194 836 Ne
1219 782 1341 850 quis
1368 780 1525 842 dicat,
1557 778 1621 830 Et
1648 775 1773 844 quid
1798 774 1921 828 novi
1951 771 2132 826 in’boc
2161 783 2319 824 servo

756 876 1032 945 contigit?
1086 871 1332 927 fortassis
1398 869 1595 946 alioqui
1646 881 1751 920 non
1801 864 1997 921 fuisset
2048 871 2313 924 mortuus,

750 978 1035 1037 propterea
1066 971 1333 1019 mortuum
1370 962 1514 1015 illum
1548 961 1639 1028 qui
1672 957 2032 1020 efferebatur,
2069 954 2313 1008 suscitat.

748 1059 863 1113 Non
916 1057 1085 1110 solum
1128 1064 1305 1108 autem
1356 1053 1521 1106 verbo
1574 1051 1703 1104 facit
1748 1047 2090 1111 miraculum,
2138 1046 2231 1100 sed
2264 1053 2319 1097 ct

747 1150 982 1207 lowlum
1012 1149 1222 1217 tangit:
1260 1153 1317 1198 ut
1351 1145 1623 1198 discamus
1652 1140 1793 1210 quod
1821 1151 2017 1206 corpus
2049 1136 2166 1205 ejus
2195 1149 2319 1188 cor-

747 1257 847 1309 pus
870 1240 1141 1293 viviﬂetnn
1170 1238 1259 1292 sit.
1289 1235 1553 1298 Ononiam
1584 1233 1726 1286 enim
1758 1243 1886 1283 caro
1912 1226 2029 1293 ejus
2064 1226 2203 1279 facta
2237 1233 2319 1278 est

747 1333 966 1403 propria
1001 1329 1159 1383 Verbi
1187 1343 1306 1381 omn
1347 1342 1365 1377 et
1399 1324 1742 1385 vivilicantis,
1782 1332 2063 1390 Propterea
2108 1316 2316 1370 vivifica

745 1436 829 1477 est
882 1438 937 1476 et
1003 1423 1138 1489 ipsa,
1199 1419 1444 1484 tollitque
1496 1426 1721 1470 mortem
1781 1424 1834 1467 et
1888 1410 2312 1478 corruptionem.

751 1514 921 1567 Porro
953 1512 1149 1564 resedit
1181 1516 1447 1568 mortuus,
1492 1515 1545 1560 et
1574 1506 1739 1573 capit
1760 1504 1927 1570 loqui,
1966 1513 2022 1555 ut
2061 1516 2128 1553 ne
2156 1513 2318 1567 appa-

752 1612 932 1656 renter
967 1611 1171 1654 tantum
1203 1595 1525 1669 quibus-lant
1559 1597 1849 1648 suscitatus
1879 1592 2148 1645 videatur.
2184 1588 2317 1641 Nam

755 1709 894 1747 vera-
936 1689 1348 1744 resurrectionis
1382 1688 1591 1757 signum
1640 1682 1770 1750 fuit,
1802 1684 2038 1738 residere
2067 1692 2121 1736 et
2152 1682 2315 1751 loqui.

753 1783 1111 1835 lnanimatum
1162 1782 1303 1834 enim
1352 1793 1547 1845 corpus
1602 1791 1777 1844 neque
1830 1777 2087 1837 residere,
2146 1788 2319 1841 neque

747 1875 890 1941 loqui
926 1879 1121 1940 potest.
1160 1867 1387 1921 Viduam
1424 1876 1603 1920 autem
1654 1866 1921 1935 intelligas
1970 1875 2023 1919 et
2053 1865 2310 1927 animam,

746 1980 865 2032 ιγλιλε
901 1964 1070 2015 virum
1103 1975 1284 2022 suum,
1320 1960 1540 2012 verbum
1580 1956 1699 2023 Dei,
1733 1960 1823 2027 qui
1852 1959 2049 2012 bonum
2079 1959 2314 2010 semina-

745 2066 821 2107 vit
860 2067 1064 2122 semen,
1104 2050 1323 2102 amisit:
1378 2047 1519 2102 filius
1546 2061 1673 2106 vero
1704 2048 1856 2114 ejus,
1891 2060 2044 2100 mens
2100 2055 2313 2097 mortua

743 2160 845 2207 est,
892 2156 943 2197 et
980 2143 1200 2197 effertur
1228 2153 1379 2193 extra
1429 2155 1714 2207 supernam
1748 2139 2043 2201 civitatem,
2092 2135 2316 2191 Jerusa~

744 2237 845 2288 lem
871 2252 884 2298 ;
917 2233 1060 2302 regio
1081 2233 1222 2285 enim
1248 2230 1542 2283 viventium
1569 2228 1654 2281 illa
1678 2237 1781 2282 est.
1801 2228 2031 2282 Proinde
2057 2227 2317 2280 Dominus

746 2321 1123 2377 misericordia
1167 2330 1345 2374 motus
1373 2320 1543 2387 tangit
1573 2318 1825 2372 loculum.
1860 2318 2093 2372 Loculns
2120 2319 2312 2373 mentis

744 2427 827 2467 est
862 2430 1076 2483 corpus.
1113 2413 1431 2481 Sepulcrum
1465 2413 1606 2465 enim
1643 2422 1696 2465 et
1728 2411 1937 2464 loculus
1969 2425 2165 2478 corpus
2207 2420 2310 2476 est,

743 2507 883 2557 unde
915 2518 970 2557 et
1018 2502 1189 2557 Graeci
1228 2516 1429 2570 corpus
1477 2500 1636 2569 σῶμα
1669 2511 1888 2565 vocant,
1929 2501 2083 2569 quasi
2142 2500 2313 2569 σῆμα,

744 2599 843 2649 hoc
873 2606 956 2648 est
987 2594 1313 2661 sepulcrum.
1351 2591 1517 2646 Tacto
1566 2604 1746 2647 autem
1793 2607 2020 2662 corpore
2054 2591 2316 2648 Dominus

742 2695 968 2740 suscitat
998 2694 1252 2746 mentem,
1276 2684 1568 2752 juvenilem
1592 2694 1645 2736 et
1679 2683 1869 2737 fortem
1902 2683 2051 2736 illam
2083 2681 2312 2750 faciens,

743 2794 861 2847 quae
884 2778 1100 2839 residet,
1127 2787 1180 2828 et
1205 2785 1263 2827 u'.
1290 2775 1546 2829 suscitata
1575 2773 1734 2828 fuerit
1758 2788 1787 2827 a
1811 2774 2063 2843 sepulcro
2086 2776 2312 2843 pet-cati,

742 2871 967 2939 illClplrl
999 2868 1164 2936 loqui,
1197 2869 1297 2921 hoc
1327 2878 1430 2933 est,
1460 2868 1657 2923 docere
1683 2867 1840 2925 alios.
1872 2869 2141 2936 Quamdiu
2171 2871 2317 2925 enim

742 2963 792 3013 in
842 2970 1061 3028 peccato
1104 2960 1397 3024 detinetur,
1446 2975 1552 3015 non
1587 2970 1761 3030 potest
1808 2964 2003 3017 docere
2054 2946 2109 3016 et
2143 2962 2312 3031 loqui,

738 3054 863 3119 quis
897 3053 1043 3106 enim
1078 3050 1127 3105 ei
1159 3052 1410 3106 crederet
1436 3051 1477 3108 ?.

818 3322 979 3377 \‘sns.
1013 3322 1193 3377 £7.29.
1238 3340 1254 3373 ι
1295 3321 1361 3375 Ει
1395 3322 1525 3375 exiit
1566 3323 1653 3375 hic
1689 3336 1877 3376 rumor
1917 3323 1969 3381 in
2002 3322 2310 3377 universam

742 3415 990 3471 Judmam
1047 3415 1114 3468 de
1176 3429 1259 3478 eo,
1309 3426 1361 3468 et
1414 3428 1629 3467 omnem
1679 3415 1962 3468 finitimam
2013 3418 2309 3484 regionem.

738 3506 803 3559 Et
835 3505 1216 3558 nuntiaverunt
1246 3503 1438 3557 Joanni
1482 3504 1734 3573 discipuli
1769 3505 1942 3572 ipsius
1984 3508 2049 3559 de
2083 3506 2167 3559 bis
2194 3520 2312 3559 om-

739 3600 920 3650 nibus.
956 3596 1022 3648 Et
1052 3596 1323 3650 invocavit
1354 3597 1487 3650 duos
1516 3596 1579 3649 de
1624 3596 1895 3665 liscipulis
1918 3598 2028 3652 suis
2048 3595 2304 3661 Joannes,

739 3691 994 3759 misitque
1021 3692 1087 3741 ad
1123 3687 1307 3741 Jesurn
1344 3688 1527 3742 dicens
1554 3708 1567 3742 :
1596 3688 1673 3742 Tu
1721 3705 1781 3745 es
1809 3691 1899 3757 qui
1935 3702 2198 3746 venturus
2227 3708 2306 3756 es,

735 3781 902 3849 318
927 3797 992 3831 an
1030 3781 1191 3832 alium
1213 3779 1637 3855 exspectamus?
1664 3780 1798 3832 Cum
1833 3790 2011 3833 autem
2038 3782 2312 3837 venissent

738 3877 805 3924 ad
836 3886 957 3924 eum
993 3871 1114 3933 viri,
1150 3870 1440 3921 dixerunt:
1473 3866 1711 3921 Joannes
1742 3865 1981 3934 Baptista
2030 3870 2180 3923 misit
2213 3884 2310 3925 nos

736 3966 802 4015 ad
842 3974 911 4027 te,
949 3962 1173 4015 dicens:
1228 3958 1307 4012 Tu
1361 3976 1417 4012 es
1475 3960 1561 4012 ille
1612 3960 1701 4028 qui
1764 3969 2022 4015 venturus
2074 3970 2179 4026 est,
2240 3978 2308 4017 an

733 4054 896 4104 alium
944 4048 1361 4120 exspectamus?
1394 4048 1447 4100 In
1495 4051 1681 4101 eadem
1714 4059 1895 4102 autem
1948 4050 2078 4103 liora
2110 4051 2308 4106 multos

734 4145 947 4195 curavit
988 4159 1017 4195 a
1050 4142 1250 4195 morbis
1293 4155 1354 4193 ac
1391 4140 1561 4209 plagis
1610 4150 1660 4194 et
1710 4141 1995 4209 spiritibus
2046 4143 2221 4207 malis,
2254 4152 2308 4199 et

733 4236 891 4288 areis
925 4234 1109 4286 multis
1154 4233 1375 4285 donavit
1421 4234 1619 4285 visum.
1670 4232 1737 4285 Et
1788 4235 2120 4301 respondens
2172 4237 2308 4289 dixit

734 4326 879 4377 illis:
915 4324 1111 4377 Euntes
1144 4324 1449 4376 renuntiate
1495 4321 1689 4375 Joanni
1728 4338 1846 4392 qua:
1888 4325 2099 4378 vidistis
2125 4336 2178 4378 et
2208 4340 2309 4380 au-

732 4419 914 4480 distis,
946 4418 1087 4484 quod
1117 4417 1243 4470 cmci
1280 4417 1516 4483 videant,
1550 4417 1725 4471 (laudi
1773 4418 2071 4483 ambulent,
2106 4418 2305 4487 leprosi

2422 586 2690 654 εσκιψατο
2711 586 2739 638 6
2754 585 2885 646 Θεὸς
2900 585 2988 635 τὸν
3011 584 3135 636 λαὸν
3154 582 3343 635 αὑτοῦ.
3377 600 3395 634 ι
3423 580 3643 652 Ἐπειδὴ
3664 598 3771 650 περ
3792 582 3886 633 τὸν
3906 581 3997 633 το)

2420 674 2817 750 ἑκατοντάρχου
2847 672 3033 726 δοῦλον
3079 673 3211 741 ὑγιᾶ
3237 672 3331 724 καὶ
3368 674 3443 741 μὴ
3476 670 3667 741 παρὼν
3717 671 3997 739 ἐποίησεν,

2420 764 2606 834 ἕτερον
2644 765 2956 833 καινότερον
3002 762 3433 833 θαυματουργεῖ.
3476 761 3597 816 ’Ὶνα
3635 763 3745 832 γὰρ
3787 764 3865 832 μή
3918 780 4000 823 τις

2419 855 2569 929 εῖπῃ,
2594 858 2703 910 Kal
2722 856 2773 909 τί
2791 856 2974 909 καινὸν
2996 855 3089 906 ἐπὶ
3110 853 3185 925 τῷ
3204 854 3376 923 δούλῳ
3398 854 3652 924 ἐποίησεν
3672 871 3685 921 ;
3707 854 3866 917 Ἴσως
3892 856 3999 922 γὰρ
4038 860 4042 867 ’

2418 946 2540 999 ούδὶ
2566 947 2835 1001 ἀπέθανεν
2862 948 2928 1001 ἀν
2955 947 3161 1009 δοῦλος,
3194 946 3281 999 διὰ
3325 944 3483 998 τοῦτο
3513 946 3606 999 τὸν
3632 947 4000 1015 ἐκκομιζόμε-

2419 1059 2507 1093 νον
2532 1043 2739 1095 ὶκεῖνον
2761 1042 2955 1113 νεκρὸν
2981 1043 3197 1111 ἀνιστᾷ.
3236 1040 3308 1095 Οὐ
3331 1041 3474 1111 λόγῳ
3499 1042 3555 1094 δὲ
3588 1041 4002 1111 θαυματουργεῖ

2422 1132 2603 1198 μόνον,
2640 1131 2774 1186 ἀλλά
2807 1134 2901 1186 καὶ
2949 1133 3048 1200 τῆς
3075 1131 3237 1202 σοροῦ
3280 1130 3541 1184 ἅπτεται·
3604 1132 3690 1185 ἵνα
3728 1133 3996 1202 μάθωμεν

2419 1222 2500 1275 ὅτι
2533 1223 2593 1277 τὸ
2632 1223 2792 1293 σῶμα
2836 1222 3004 1277 αὐτοῦ
3040 1223 3201 1293 σῶμα
3250 1222 3395 1291 ζωῆς
3426 1225 3597 1277 ἔστιν.
3633 1224 3859 1291 Ἐπειδὴ
3894 1227 4001 1292 γὰρ

2423 1313 2532 1367 ἰδία
2580 1315 2773 1384 γέγονε
2826 1314 2920 1368 τοῦ
2979 1315 3221 1385 Δόγουή
3277 1314 3414 1385 σάρξ
3456 1314 3549 1367 τοῦ
3579 1315 3756 1368 πάντα
3793 1316 4000 1382 ζωογο-

2420 1404 2660 1471 νοῦντος,
2710 1406 2799 1461 διά
2845 1406 3005 1459 τοῦτο
3055 1407 3319 1471 ζωοποιός
3374 1411 3489 1459 ἐστι
3545 1409 3638 1459 καὶ
3685 1406 3851 1476 αῦτη,
3907 1409 4002 1459 καὶ

2420 1496 2651 1550 θανάτου
2695 1499 2791 1551 καὶ
2830 1488 3034 1567 φθορᾶς
3074 1499 3414 1568 ἀναιρετική.
3453 1498 3804 1551 ’Λνεκάθισεν
3854 1495 3947 1551 οὖν
3976 1502 4003 1551 6

2420 1588 2634 1658 νεκρὸς,
2678 1592 2771 1642 καὶ
2806 1590 3010 1661 ἡρξατο
3048 1590 3251 1655 λαλεῖν,
3286 1590 3371 1641 ῖνα
3406 1590 3479 1660 μὴ
3524 1592 3663 1643 κατά
3698 1592 4001 1659 φαντασίαν

2419 1680 2547 1752 δόξῃ
2575 1682 2719 1733 τισὶν
2753 1682 3076 1752 ἐγηγέρθαι.
3111 1682 3221 1735 Καὶ
3251 1682 3360 1753 γάρ
3387 1683 3622 1751 ἀληθοῦς
3652 1685 4003 1746 ἀναστάσεως

2424 1776 2645 1843 σημεῖα,
2700 1774 2758 1827 τὸ
2820 1775 3147 1828 ἀνακαθίσαι
3174 1776 3268 1828 καὶ
3318 1775 3590 1845 λαλῆσαι·
3648 1776 3879 1827 Emito!
3939 1793 4002 1842 γε

2349 1838 2395 1898 Β
2422 1838 2628 1935 ἄψυχον
2658 1866 2817 1935 σῶμα
2851 1865 2974 1919 οὔτε
3019 1866 3382 1931 ἀνακαθίσαι,
3416 1838 3541 1920 alite
3572 1868 3802 1932 λαλῆσαι
3843 1838 4001 1920 δύνα-

2422 1974 2532 2012 ται.
2572 1958 2765 2029 Χήραν
2791 1960 2848 2012 δὲ
2876 1961 3090 2030 νοήσεις
3114 1960 3211 2012 καὶ
3232 1960 3333 2031 τὴν
3360 1960 3537 2030 ψυχὴν
3560 1963 3656 2031 τὴν
3692 1960 4003 2013 amem:—

2424 2065 2523 2101 σαν
2544 2049 2634 2102 τὸν
2662 2048 2832 2119 ἀνδρα
2860 2051 3053 2118 αὐτῆς,
3080 2052 3171 2103 τὸν
3204 2051 3361 2117 λόγον
3384 2050 3478 2102 τοῦ
3507 2052 3664 2114 Θεοῦ,
3695 2051 3786 2102 τὸν
3823 2052 4003 2116 ἀγοθά

2424 2142 2718 2211 σπέρματα
2752 2142 3073 2214 σπείραντα.
3119 2144 3247 2205 Υῖδς
3291 2141 3348 2194 δὲ
3390 2144 3593 2211 ταύτης
3619 2144 3646 2194 6
3672 2142 3821 2205 νοῦς,
3859 2146 3887 2195 ὸ
3911 2160 4004 2194 τε-

2422 2233 2632 2303 θνηκὼς
2664 2234 2757 2286 καὶ
2786 2233 2890 2297 ἕξω
2929 2234 3030 2303 τῆς
3072 2235 3306 2302 πόλεως,
3333 2238 3431 2304 τῆς
3460 2236 3574 2288 ἀνω
3616 2232 4001 2304 Ἰερουσαλὴμ,

2420 2324 2798 2395 κομιζόμενος.
2836 2326 3001 2395 Χὼρα
3027 2326 3137 2397 γὰρ
3162 2326 3271 2379 τῶν
3304 2326 3521 2390 ζώντων
3549 2328 3697 2378 ἐστὶν
3729 2328 3915 2393 ἐκείνη
3936 2345 3949 2358 ·
3978 2330 4007 2380 6

2418 2412 2549 2480 γοῦν
2610 2413 2813 2482 Κύριος
2868 2416 3322 2486 σπλαγχνισθεὶς,
3378 2416 3609 2469 ἅπτεται
3658 2419 3762 2486 τῆς
3814 2417 4001 2489 σοροῦ.

2422 2505 2589 2574 Σορὸς
2619 2506 2675 2558 δὲ
2709 2506 2802 2558 τοῦ
2844 2506 2969 2588 νοῦ,
3001 2510 3062 2560 τὸ
3090 2509 3269 2580 σῶμα.
3312 2509 3494 2578 Τάφος
3538 2511 3647 2579 γὰρ
3691 2511 3863 2573 ὅντως
3912 2512 4005 2563 καὶ

2423 2598 2573 2666 σῆμα
2618 2598 2680 2651 τὸ
2724 2598 2902 2670 σῶμα.
2952 2601 3111 2654 Καθά
3167 2601 3261 2655 καί
3304 2619 3449 2665 τινες
3503 2598 3656 2656 εἷπον
3690 2604 3824 2657 αὐτὸ
3855 2606 4007 2675 σῆμα

2420 2685 2581 2756 εἶναι,
2610 2676 2859 2744 τουτέστι
2915 2692 3109 2761 τάφον.
3153 2693 3456 2764 ’Λψάμενος
3496 2690 3588 2747 οὖν
3616 2696 3711 2748 τοῦ
3752 2695 4007 2767 σώματος

2421 2782 2447 2832 6
2482 2781 2683 2851 Κύριος
2713 2782 2915 2852 ἐγείρει
2965 2782 3056 2835 τὸν
3107 2783 3254 2848 νοῦν,
3292 2786 3538 2838 νεανικὸν
3568 2786 3734 2838 αὐτὸν
3766 2788 3861 2839 καὶ
3884 2803 4009 2853 γεν-

2422 2874 2571 2925 ναῖον
2629 2873 2820 2927 ποιῶν.
2877 2872 3242 2946 ’Δνακαθίσας
3292 2874 3349 2927 δὲ
3383 2876 3746 2939 όνεανίσκος,
3799 2878 3828 2930 6
3881 2878 4007 2939 νοῦς

2420 2966 2563 3035 λέγω
2614 2959 2793 3031 οὗτος,
2827 2967 2920 3018 καὶ
2961 2966 3208 3037 ἐγερθεὶς
3234 2968 3347 3020 ἀπὸ
3376 2968 3469 3021 τοῦ
3500 2970 3674 3035 τάφου
3702 2970 3802 3037 τῆς
3828 2970 4007 3041 ἀμαρ-

2418 3057 2557 3122 τίας,
2587 3058 2709 3109 τότε
2750 3056 2978 3127 ἄρξεται
3026 3056 3229 3119 λαλεῖν,
3263 3056 3513 3109 τουτέστι
3566 3058 3845 3111 διδάσκειν
3889 3059 4008 3114 ιτι-

2345 3182 2391 3243 c
2422 3164 2570 3217 ρους.
2603 3147 2693 3199 Ἐν
2720 3148 2830 3217 ὅσῳ
2853 3148 2963 3217 γὰρ
2987 3150 3049 3218 τῇ
3081 3149 3328 3219 ἁμαρτίᾳ
3357 3152 3669 3218 κατέχεται,
3696 3151 3758 3203 οὺ
3780 3150 4006 3205 δύναται

2422 3238 2691 3293 διδάσκειν
2723 3238 2818 3291 καὶ
2857 3239 3060 3304 λαλεῖψ
3086 3240 3170 3304 τίς
3198 3240 3306 3312 γὰρ
3338 3240 3486 3310 αύτῷ
3508 3242 3827 3307 πιστεύσεις

2500 3348 2517 3380 ι
2556 3330 2663 3383 Καὶ
2709 3329 2931 3400 ἐξῆλθεν
2983 3333 3010 3383 6
3053 3331 3210 3401 λόγος
3258 3327 3414 3395 οὗτος
3463 3335 3520 3386 ὲν
3546 3334 3644 3407 ὅλῃ
3675 3338 3742 3406 τῇ
3775 3335 4009 3410 Ἰονδαξᾳ

2423 3424 2550 3493 περὶ
2571 3423 2760 3486 αὐτοῦ,
2814 3424 2907 3476 καὶ
2936 3426 2994 3475 ὲν
3040 3426 3193 3499 πάσῃ
3220 3430 3284 3496 τῇ
3313 3426 3629 3499 περιχώρῳ.
3670 3429 3783 3482 Καὶ
3824 3432 4007 3501 ἀπήγ-

2421 3518 2608 3585 γειλαν
2635 3517 2858 3590 Ἰωάννῃ
2893 3521 2942 3571 οι
2975 3520 3216 3590 μαθηταὶ
3260 3522 3427 3574 αὐτοῦ
3461 3525 3589 3591 περὶ
3628 3524 3850 3577 πάντων
3881 3526 4007 3577 τού-

2418 3626 2547 3661 των.
2583 3610 2692 3661 Καὶ
2738 3608 3254 3681 προσκαλεσάμενος
3299 3611 3392 3664 δύο
3426 3612 3577 3674 me;
3606 3613 3713 3664 τῶν
3745 3615 4009 3683 μαθητῶν

2423 3702 2589 3755 αὑτοῦ
2623 3704 2651 3755 ὁ
2685 3703 2964 3772 Ἰωάννης,
3004 3703 3219 3773 ἔπεμψε
3245 3704 3378 3774 πρὸς
3414 3705 3507 3764 τὸν
3535 3705 3764 3774 Ἰησοῦν,
3796 3706 4005 3775 λέγων·

2421 3794 2491 3845 Σὺ
2526 3790 2577 3845 εῐ
2618 3796 2645 3846 6
2671 3794 2985 3865 ἐρχόμενος,
3017 3796 3049 3865 ἢ
3095 3795 3256 3848 ἄλλον
3286 3797 3707 3867 προσδοκῶμεν;
3754 3801 4008 3869 Παραγε-

2421 3882 2637 3951 νόμενοι
2670 3883 2723 3936 δὲ
2774 3884 2910 3953 πρὸς
2944 3884 3107 3936 αὐτὸν
3138 3886 3187 3937 οἱ
3229 3884 3443 3955 ἄνδρες,
3470 3882 3624 3938 εἷπον
3645 3904 3658 3916 ·
3694 3887 3951 3957 Ἰωάννης
3980 3890 4008 3940 6

2418 3971 2733 4043 Βαπτιστὴς
2763 3975 3106 4027 ἀπέσταλκεν
3134 3976 3286 4044 ἡμᾶς
3327 3977 3463 4045 πρός
3497 3994 3579 4041 σε,
3617 3978 3823 4045 λέγων·
3860 3980 3933 4031 Σὺ
3962 3976 4007 4031 εἰ

2416 4066 2445 4115 6
2479 4065 2794 4136 ἐρχόμενος,
2829 4066 2859 4135 ἢ
2904 4066 3063 4119 ἄλλον
3099 4067 3647 4140 προσδοκῶμενςἙν
3683 4073 3822 4139 αὐτῇ
3854 4071 3910 4123 δὲ
3943 4075 4004 4140 τῆ

2416 4156 2535 4228 ὥρᾳ
2564 4157 2901 4227 ἐθεράπευσε
2945 4157 3174 4223 πολλοὺς
3218 4158 3326 4213 ἀπὸ
3367 4160 3538 4212 νόσων
3584 4162 3674 4213 καὶ
3717 4163 4007 4228 μαστίγωδ

2414 4250 2509 4300 καὶ
2539 4249 2868 4317 πνευμάτων
2893 4250 3171 4319 πονηρῶν,
3198 4252 3294 4303 καὶ
3327 4253 3547 4320 τυφλοῖς
3571 4242 3788 4315 πολλοῖς
3817 4255 4004 4323 ἐχαρί-

2418 4359 2547 4393 σατο
2582 4341 2642 4392 τὸ
2678 4342 2917 4409 βλέπειν.
2959 4344 3067 4394 Καὶ
3109 4344 3426 4414 ἀποκριθεὶς
3454 4341 3608 4397 εἶπεν
3640 4346 3825 4409 αὐτοῖς
3848 4364 3871 4409 ﬂ
3902 4350 4003 4400 ﬂo-

2421 4433 2706 4505 ρευθὲντες
2736 4434 3112 4504 ἀπαγγείλατε
3158 4434 3403 4507 Ἰωάννῃ,
3442 4438 3477 4490 ἂ
3500 4438 3668 4491 εἴδετε
3714 4441 3808 4492 καὶ
3838 4442 4004 4509 ﬁxeri-

736 4511 1084 4574 tnnntlentur,
1117 4510 1263 4561 surdi
1306 4510 1545 4571 audiant,
1592 4509 1784 4577 mortui
1820 4520 2125 4579 resurgant,
2168 4527 2303 4580 pau-
2341 4537 2382 4590 ο
2414 4552 2417 4573 ,

2341 4537 2382 4590 D
2414 4544 2563 4592 σατε,
2606 4528 2688 4581 ὅτι
2729 4527 2918 4595 τυφλοὶ
2966 4528 3359 4594 ἀναϐλέπουσι,
3394 4528 3562 4600 χωλοὶ
3595 4534 3998 4601 περιπατοῦσι,

731 4600 954 4669 peribus
1015 4603 1365 4654 annuntietur
1418 4602 1811 4669 Evangeliutn:
1872 4610 1927 4656 et
1984 4604 2176 4658 beatus
2224 4612 2309 4657 est

732 4693 1041 4761 quicunque
1072 4711 1175 4746 non
1217 4694 1378 4746 fuerit
1404 4692 1643 4747 offensus
1681 4709 1776 4762 per
1806 4708 1912 4747 me.
1950 4693 2012 4745 Et
2041 4709 2161 4747 cum
2191 4696 2305 4750 dis-

734 4783 1025 4836 cessissent
1070 4783 1242 4836 nuntii
1275 4780 1520 4848 Joannis,
1564 4786 1728 4852 capit
1768 4786 1834 4836 de
1878 4780 2086 4837 Joanne
2126 4785 2308 4838 dicere

732 4890 797 4942 ad
842 4889 1013 4941 turba:
1058 4904 1071 4939 :
1124 4887 1261 4953 Quid
1298 4887 1485 4941 existis
1518 4887 1567 4939 in
1596 4887 1866 4939 desertum
1919 4892 1974 4937 ut
2008 4884 2308 4939 videretis?

729 4981 1048 5033 arundinem
1086 4994 1203 5047 qua:
1261 4990 1423 5032 vento
1463 4977 1739 5046 agitatur?
1794 4976 1900 5030 Sed
1946 4978 2073 5045 quid
2121 4978 2308 5029 existis

730 5071 942 5123 visuri?
993 5072 1266 5123 hominem
1317 5070 1566 5123 mollibus
1624 5069 1960 5122 vestimentis
2023 5068 2308 5121 indutum?

731 5164 869 5218 Ecce
908 5166 996 5233 qui
1028 5166 1226 5217 vestitu
1263 5156 1541 5229 splendido
1568 5164 1890 5226 vestiuntur,
1924 5173 1974 5214 et
2012 5162 2062 5213 in
2094 5162 2305 5216 deliciis

732 5267 917 5325 agunt,
955 5259 1003 5309 in
1041 5256 1180 5309 aulis
1216 5270 1402 5325 regum
1454 5264 1615 5317 sunt.
1664 5256 1767 5309 Sed
1817 5256 1943 5322 quid
1998 5256 2189 5307 existis
2242 5255 2305 5306 ad

731 5346 1065 5400 videndum?
1096 5346 1462 5414 prophetam?
1502 5345 1700 5413 Utique
1740 5346 1862 5398 dico
1902 5347 2069 5406 vobis,
2107 5358 2159 5398 et
2192 5347 2307 5413 plus

730 5456 893 5509 quam
925 5440 1265 5508 prophetam.
1316 5438 1413 5491 llic
1460 5451 1542 5491 cst
1595 5440 1659 5490 de
1717 5453 1821 5505 quo
1871 5439 2133 5508 scripturn
2179 5449 2304 5491 cst:

728 5531 869 5586 Ecce
914 5533 1069 5585 mitto
1100 5531 1350 5599 angelum
1393 5546 1567 5583 meum
1619 5541 1741 5583 ante
1792 5529 1981 5583 faciem
2016 5541 2181 5593 trram,
2217 5530 2306 5597 qui

729 5623 1053 5692 praeparabit
1082 5624 1221 5674 viam
1256 5631 1402 5673 tuam
1451 5634 1575 5673 ante
1619 5630 1686 5675 te.
1750 5620 1875 5675 Dic-0
1930 5624 2072 5674 enim
2110 5624 2298 5675 vobis:

728 5716 901 5786 Major
932 5717 1071 5770 inter
1112 5725 1267 5769 natos
1303 5714 1595 5767 mulierum
1634 5716 1895 5783 propheta
1953 5713 2159 5769 Joanne
2210 5715 2305 5767 lla—

727 5812 887 5878 ptista
941 5824 1099 5864 nemo
1132 5821 1251 5866 est:
1302 5818 1547 5866 attamen
1574 5810 1667 5877 qui
1698 5809 1873 5863 minor
1914 5818 1996 5863 est
2029 5810 2086 5863 in
2134 5824 2305 5879 regno

2410 4617 2603 4688 λεπροὶ
2629 4617 3054 4687 καθαρίζονται,
3084 4620 3260 4688 κωφοὶ
3302 4621 3588 4688 ἀκούουσι,
3623 4623 3809 4694 νεκροὶ
3860 4627 4005 4691 ἐγει-

2414 4727 2616 4779 ρονται,
2654 4710 2863 4779 πτωχοὶ
2886 4711 3355 4777 εὐαγγελίζονται.
3391 4714 3501 4766 Καὶ
3526 4717 3797 4782 μακάριός
3828 4718 4000 4781 ἐστιν,

2410 4804 2467 4865 ὃς
2509 4806 2605 4856 ἐὰν
2656 4804 2731 4872 μὴ
2787 4803 3150 4874 σκανδαλισθῇ
3207 4807 3265 4858 ἑν
3319 4806 3461 4874 ὲμοί.
3514 4807 3890 4863 ’Δπελθὸντων
3946 4812 4002 4862 δὲ

2411 4896 2518 4949 τῶν
2568 4896 2814 4963 ἀγγέλων
2871 4895 3141 4961 Ἰωάννου,
3198 4897 3403 4967 ἧρξατο
3452 4897 3635 4965 λέγειν
3682 4902 3793 4961 τοῖς
3824 4900 4004 4969 δχλοις

2414 4991 2543 5057 περὶ
2589 4988 2856 5039 Ἰωάννου’
2906 4988 2971 5037 ΤΞ
3004 4987 3360 5057 ἐξεληλύυατε
3391 4991 3471 5053 εξς
3497 4992 3596 5059 τὴν
3632 4991 3838 5061 ἔρημον
3874 4994 4003 5045 θεά-

2415 5077 2643 5141 σασθαι;
2683 5077 2928 5145 κάλαμον
2972 5078 3077 5128 ὑπὸ
3130 5078 3334 5147 ἀνέμου
3387 5078 3788 5150 σαλευόμενον;
3844 5082 4006 5135 Ἀλλά

2415 5174 2463 5223 τί
2492 5172 2846 5242 ἐξεληλύυατε
2874 5171 3031 5235 ἰδεῖν,
3066 5170 3352 5241 ἄνθρωπον
3382 5173 3439 5226 ἐν
3469 5174 3735 5243 μαλακοῖς
3764 5175 4007 5243 ὶματῖοις

2410 5263 2825 5333 ἠμφιεσμένον,
2916 5265 3047 5317 Ἰδοὺ
3101 5266 3150 5317 ol
3206 5267 3263 5317 ὲν
3323 5266 3603 5335 ἱματισμῷ
3652 5265 3851 5333 ἐνδόξῳ
3912 5270 4005 5317 καὶ

2413 5362 2588 5425 τρυφῇ
2642 5356 3005 5425 ὑπάρχοντες,
3057 5357 3115 5407 ἐν
3161 5361 3269 5418 τοί,
3311 5356 3602 5426 βασιλείοις
3635 5358 3797 5413 εἰσίν.
3845 5358 4007 5410 Ἀλλά

2411 5451 2461 5497 τί
2511 5446 2872 5515 ἐξεληλύϋατε
2935 5446 3096 5509 ὶδεῐν;
3142 5448 3456 5517 προφήτην;
3520 5448 3629 5500 Ναὶ
3666 5448 3811 5515 λέγω
3847 5450 3999 5518 ὑμῖν,

2413 5540 2504 5589 καὶ
2546 5538 2935 5605 περισσέτερον
2969 5539 3272 5608 προφήτου.
3310 5533 3477 5601 Οὗτός
3513 5540 3628 5591 ἐστι
3662 5541 3792 5609 περὶ
3818 5538 3877 5593 οῦ
3917 5546 4004 5607 γέ-

2414 5645 2677 5697 ·ίραπταισ
2717 5629 2843 5679 Ἰδοὺ
2877 5631 2989 5694 ἐγὼ
3024 5630 3341 5683 ἀποστέλλω
3370 5632 3458 5683 τὸν
3492 5631 3725 5699 ἄγγελόν
3764 5652 3866 5703 μου
3900 5638 4005 5703 πρὸ

2414 5721 2703 5790 προσώπου
2736 5737 2848 5783 σου,
2879 5722 2931 5783 ὃς
2968 5723 3371 5775 κατασκευάσει
3394 5725 3492 5793 τὴν
3520 5724 3638 5776 ὁδόν
3670 5742 3761 5778 σου
3798 5728 4004 5798 ἔμπρο-

2414 5811 2538 5865 σθέν
2569 5829 2682 5865 σου.
2720 5814 2880 5881 Λέγω
2908 5813 3013 5884 γὰρ
3053 5815 3202 5883 ὑμῖν,
3255 5814 3454 5885 μείζων
3492 5818 3549 5870 ἐν
3585 5823 3867 5890 γεννητοῖς
3903 5837 4000 5887 γυ-
