4256 6432
244 393 358 461 ’189

958 385 1409 452 ENARRATIO
1438 382 1521 447 IN
1559 382 2064 450 EVANGELIUM
2105 385 2345 449 LUCE.
2383 409 2454 418 —
2507 383 2668 444 CAP.
2707 379 2841 446 VII.

3435 381 3544 446 '190

255 502 616 578 μαρτυρήσας
659 500 790 571 περὶ
821 499 1087 570 Χριστοῦ,
1123 498 1218 552 νῦν
1265 495 1835 570 ἀποστείλαςιρωτᾷ,

1956 498 2274 555 testiﬁcetur
2305 497 2374 552 de
2407 509 2515 560 me,
2569 509 2716 550 nunc
2752 503 2935 549 autem
2993 491 3205 560 ignoret
3257 506 3364 548 me.
3409 491 3544 547 Nam

250 599 303 651 sl.
332 597 494 659 αὑτός
538 597 688 648 εστιν
727 593 758 646 6
787 591 1106 662 ὲρχόμενος,
1139 591 1228 643 διά
1273 587 1432 642 τοῦτο
1464 588 1612 656 λέγει
1641 590 1668 642 6
1705 591 1840 662 Χριτ

254 689 382 752 στδς
412 687 549 757 πρὸς
599 687 725 748 τοῦς
757 685 948 755 ὄχλους
967 726 980 747 ,
1011 687 1094 738 ὅτι
1125 683 1308 750 Μηδὲν
1350 680 1592 736 τοιοῦτον
1633 684 1840 737 ὑπολά-

255 780 392 846 δητε
419 778 549 844 περὶ
585 778 858 830 Ἰωάννου.
883 778 976 845 Μὴ
999 775 1108 846 γὰρ
1139 775 1386 843 κάλαμος
1413 775 1584 837 ἐστιν,
1606 774 1680 837 ὡς
1710 776 1840 828 ποτὲ

257 871 362 940 μὶν
393 863 519 932 ὦδε,
557 867 688 920 ποτὶ
723 867 780 920 δι
811 867 929 919 ἐκεῖ
971 864 1270 928 κλίνεσθαι,
1313 865 1409 918 καὶ
1438 865 1534 918 νῦν
1566 868 1666 936 μὲν
1700 884 1842 935 μαρ-

251 965 439 1033 τυρεῖν
470 962 599 1032 περὶ
650 958 808 1030 εμοῦ,
839 958 934 1013 νῦν
987 959 1044 1015 δὲ
1095 960 1312 1026 ἀγνοεῖν
1365 959 1486 1029 ὲμέ.
1523 960 1584 1012 Et
1634 961 1741 1029 γὰρ
1773 954 1842 1029 ἦν

250 1050 516 1117 τοιοῦτος,
541 1051 686 1115 τίνος
716 1049 903 1104 ῑνεκεν
929 1049 1184 1120 ἐξήλθετε
1215 1050 1296 1112 είς
1324 1048 1423 1118 τὴν
1457 1049 1667 1120 ἔρημον
1695 1050 1851 1111 τότε,

252 1144 398 1198 ὥστε
429 1143 732 1199 θεάσασθαι
765 1143 967 1209 adadv;
1005 1142 1168 1195 ’Δλλὰ
1200 1143 1412 1213 μήποτε
1443 1143 1548 1196 ὑπὸ
1578 1145 1676 1214 τῆς
1710 1159 1844 1210 τρυ-

253 1240 366 1306 φῆς
394 1237 662 1308 διεφθάρη
687 1237 780 1291 τὸν
805 1237 952 1300 νοῦν,
992 1235 1131 1290 ἀλλὰ
1175 1233 1337 1305 στολὴ
1367 1233 1641 1289 δείκνυσιν
1680 1234 1843 1287 αὐτὸν

254 1330 518 1401 ὑπεράνω
563 1330 748 1399 πάσης
792 1327 1028 1399 τρυφῆς.
1059 1329 1122 1380 Et
1162 1327 1272 1398 γὰρ
1304 1328 1539 1398 ἰτρύφα,
1585 1329 1643 1380 tv
1684 1326 1842 1395 βασι·

252 1421 420 1486 λείοις
441 1423 508 1476 av
535 1411 622 1492 ἦν.
655 1407 818 1474 Ἀλλά
845 1423 1135 1490 προφήτην
1159 1421 1324 1474 αὐτὸν
1349 1420 1532 1492 Extat;
1564 1421 1673 1474 Ναὶ
1699 1421 1846 1488 λέγω

254 1515 413 1584 ὑμῖν,
455 1515 548 1589 καὶ.
578 1514 965 1592 περισσότερον
997 1514 1304 1584 προφήτου.
1338 1515 1401 1568 Ol
1426 1515 1526 1583 μὲν
1559 1515 1669 1584 γὰρ
1695 1515 1846 1569 ἄλλοι

257 1609 525 1672 προεῖπον
555 1622 620 1658 πε
632 1607 686 1676 pi.
718 1604 960 1676 Χριστοῦ
995 1608 1181 1675 μόνον,
1213 1600 1369 1670 οὗτος
1405 1608 1462 1661 δὲ
1496 1609 1587 1661 καὶ
1620 1607 1729 1661 εἶδε
1753 1609 1848 1663 καὶ

254 1700 450 1765 ἔδειξε,
479 1699 658 1768 λέγων
680 1714 692 1727 ·
725 1701 832 1752 Ἴδε
865 1700 900 1750 .6
943 1699 1140 1768 ’Δμνδς
1187 1699 1280 1753 τοῦ
1311 1699 1469 1755 Θεοῦ.
1516 1703 1629 1756 Καὶ
1659 1703 1708 1754 οἱ
1747 1701 1848 1771 μὲν

1943 593 1988 646 si
2023 591 2217 646 fuisset
2259 589 2402 652 talis,
2434 588 2590 656 cujus
2617 589 2792 658 gratia
2825 586 3136 642 exivissetis
3176 586 3230 639 in
3262 586 3540 641 desertum

1946 694 2007 738 ιιι
2039 683 2299 737 videretis
2329 682 2498 736 eum?
2526 680 2632 736 Sed
2661 693 2837 749 neque
2867 679 3112 733 animum
3144 693 3302 732 suum
3335 677 3545 733 deliciis

1944 777 2210 846 corrupit,
2266 777 2434 830 vestis
2480 776 2624 828 enim
2682 774 2801 842 ejus
2855 772 3096 826 declarat
3152 770 3365 824 deliciis
3418 785 3542 824 emn

1946 870 2288 940 superiorem
2322 882 2469 922 esse.
2506 865 2720 920 Etenim
2753 867 2796 919 si
2846 865 3167 919 arrisisscnt
3217 863 3266 917 ei
3313 862 3540 923 deliciae,

1949 963 2001 1014 in
2057 961 2274 1029 palatiis
2308 960 2550 1013 vixisset.
2615 960 2684 1010 At
2734 945 3076 1026 prophetam.
3111 955 3262 1009 illum
3315 955 3544 1009 dicitis?

1950 1053 2154 1123 Utique
2185 1054 2306 1106 tlico
2334 1053 2512 1112 vobis.
2547 1052 2720 1120 major
2749 1059 2832 1103 est
2861 1049 3148 1119 propheta.
3198 1047 3332 1101 Nam
3365 1047 3453 1099 alii
3484 1047 3549 1098 de

1947 1144 2169 1199 Christo
2197 1151 2406 1196 tantum
2436 1142 2832 1212 prredixerunt,
2865 1141 2954 1194 hic
2989 1139 3156 1194 etiam
3189 1149 3245 1194 et
3273 1140 3408 1193 vidit
3434 1181 3448 1204 ,
3497 1150 3553 1192 et

1949 1235 2277 1290 monstravit
2315 1235 2544 1290 dicens:
2606 1233 2747 1288 Ecce
2793 1233 2979 1302 Agnus
3029 1232 3119 1286 ille
3172 1231 3288 1285 Dei.
3341 1231 3404 1284 Et
3458 1233 3549 1284 al.i

1951 1327 2169 1397 quidem
2207 1328 2485 1396 prophetae
2534 1327 2987 1396 proplietizarunt
3030 1334 3318 1394 postquam
3346 1325 3552 1391 egressi

1952 1428 2080 1474 sunt
2109 1435 2172 1473 ex
2210 1421 2383 1472 uteris
2412 1431 2647 1472 matrum
2675 1438 2688 1472 :
2729 1420 2818 1473 hic
2845 1428 3028 1474 autem
3057 1429 3348 1486 antequam
3375 1418 3553 1470 exiret

1951 1513 2018 1565 de
2045 1520 2221 1574 utero,
2255 1513 2478 1580 agnovit
2501 1509 2812 1576 Dominum,
2846 1520 2901 1565 et
2923 1508 3243 1563 exsultavit.
3277 1508 3404 1562 Post
3437 1509 3552 1561 haec

1952 1601 2111 1656 aﬂ'ert
2143 1614 2199 1655 et
2229 1602 2544 1669 prophetam
2579 1611 2796 1666 testem;
2830 1601 2961 1655 dicit
2994 1601 3138 1654 enim
3179 1619 3192 1653 ε
3233 1598 3331 1655 llic
3360 1608 3445 1653 est
3487 1601 3553 1653 de

1951 1710 2058 1766 quo
2088 1695 2352 1764 scriptum
2385 1702 2508 1748 est:
2541 1693 2683 1750 Ecce
2719 1695 2879 1748 mitto
2912 1694 3165 1762 angelum
3201 1708 3402 1746 meum.
3435 1693 3552 1744 Au-

254 1791 407 1843 ἄλλοι
429 1791 726 1860 προφῆται,
783 1791 928 1858 μετὰ
958 1792 1019 1843 τὸ
1077 1791 1316 1855 ἐξελθεῖν
1366 1793 1432 1845 ἐκ
1480 1793 1584 1860 τῆς
1635 1792 1845 1856 κοιλίας

1956 1791 2107 1862 gelus
2131 1791 2276 1845 enim
2308 1788 2546 1844 Joannes
2587 1788 2718 1852 fuit,
2771 1786 3024 1842 fortassis
3067 1785 3212 1852 quod
3249 1785 3551 1854 angelicam

251 1881 366 1934 τῶν
394 1884 647 1953 μητέρων
694 1885 897 1947 αὐτῶν,
929 1885 1354 1955 προεφήτευσαν
1385 1902 1397 1916 ·
1444 1881 1599 1948 οὗτος
1656 1885 1711 1938 δὲ
1755 1887 1849 1939 καὶ

1956 1885 2119 1938 vitam
2171 1891 2227 1938 et
2284 1898 2391 1937 non
2446 1881 2747 1943 carnalem,
2804 1880 2900 1934 sed
2958 1877 3300 1948 spiritualem
3359 1877 3552 1947 egerit,
3616 1922 3620 1927 .

257 1975 365 2045 πρὸ
402 1975 496 2028 τοῦ
544 1975 780 2040 ἐξελθεῖν
804 1977 870 2029 ἐκ
906 1975 1007 2044 τῆς
1048 1978 1282 2046 μήτρας,
1331 1976 1549 2044 ἐπέγνω
1589 1975 1681 2028 τδν
1732 1977 1847 2030 Κύ-

196 2107 223 2144 ;
257 2083 400 2138 ptov,
429 2069 526 2121 καὶ
551 2067 900 2139 ἐσκίρτησεν.
940 2063 1076 2121 Εἶτα
1104 2069 1347 2140 παράγει
1383 2069 1476 2123 καὶ
1512 2070 1606 2122 τὸν
1633 2072 1849 2141 προφή-

251 2175 356 2228 την
387 2160 665 2230 μάρτυρα.
692 2162 832 2230 Φησὶ
857 2161 988 2230 γὰρ,
1020 2153 1190 2224 Οὗτός
1218 2162 1335 2214 ἑστι
1373 2164 1502 2233 περὶ
1549 2157 1612 2215 οὗ
1644 2163 1848 2231 γέγρα-

253 2266 410 2303 πταιο
429 2252 567 2304 Ἰδοὺ
596 2253 916 2306 ἀποστέλλω
933 2252 1026 2306 τὸν
1043 2253 1274 2322 ἄγγελόν
1299 2271 1422 2324 μου.
1452 2254 1717 2322 Ἀγγελος
1740 2256 1850 2325 γὰρ

250 2345 282 2397 6
325 2344 601 2413 Ἰωάννης.
640 2346 783 2414 τάχα
823 2345 922 2414 μὲν
960 2346 1056 2399 καὶ
1094 2346 1182 2399 διὰ
1216 2346 1278 2399 τὸ
1321 2347 1510 2415 σχεδὸν
1557 2348 1719 2402 άῦλον
1754 2348 1849 2401 τοῦ

255 2436 372 2496 βίου
408 2439 500 2491 καὶ
525 2438 840 2506 ἀγγελικδν,
875 2439 1020 2508 τάχα
1047 2439 1104 2491 δὲ
1137 2441 1232 2492 καὶ
1266 2439 1356 2491 διὰ
1383 2441 1445 2493 τὸ
1474 2441 1729 2508 ἀγγεῖλαι
1753 2442 1850 2512 τὴν

253 2527 352 2580 τοῦ
380 2528 633 2600 Σωτῆρος
648 2518 981 2599 ἰπιδημξαν.
1025 2530 1200 2601 Ἀμὴν
1237 2530 1381 2597 λέγω
1415 2531 1568 2600 ὑμῖν,
1595 2533 1695 2586 οὐκ
1721 2534 1852 2604 ἐγή-

249 2636 447 2688 γερται
481 2622 540 2672 tv
577 2624 857 2688 γεννητοῖς
879 2621 1410 2690 γυναικῶν-μείζων
1443 2623 1714 2681 Ἰωάννου.
1738 2625 1850 2677 τῶν

254 2713 438 2768 ἄλλων
470 2714 692 2767 πάντων
726 2714 960 2783 ἐξαίρων
995 2714 1087 2766 τὸν
1113 2714 1452 2785 Πρόόρομον.
1485 2709 1622 2768 Εἶτα
1647 2717 1849 2770 ὡσανεί

249 2823 399 2869 τινος
423 2808 694 2870 εἰπόντος,
721 2808 831 2861 Καὶ
869 2805 965 2859 σοῦ
997 2806 1054 2858 δὲ
1085 2801 1348 2871 αὑτοῦ,’ὦ
1381 2807 1606 2877 Χριστὶ,
1647 2809 1851 2877 μείζων

250 2898 438 2965 ιστίν;
471 2899 702 2966 ἐπάγει·
747 2899 804 2952 ’0
833 2899 890 2950 δὲ
921 2898 1246 2968 μικρότερος
1273 2897 1441 2950 αὐτοῦ
1471 2896 1604 2967 ἐγὼ,
1645 2899 1850 2968 μείζων

249 2989 368 3060 είμὶ
386 2992 444 3044 tv
473 2994 538 3060 τῇ
563 2990 814 3062 βασιλείᾳ
842 2990 953 3043 τῶν
971 2990 1242 3060 οὐρανῶν.
1266 2989 1583 3060 Νομίζομαι
1613 2990 1713 3061 μὲν
1739 2992 1850 3061 γάρ

251 3081 350 3133 νῦν
393 3082 719 3152 μικρότερος
761 3082 928 3134 αὑτοῦ
962 3083 1055 3134 καὶ
1107 3081 1251 3134 κατὰ
1283 3083 1566 3150 εὐγένειαν
1608 3085 1701 3135 καὶ
1732 3084 1848 3153 ήλι-

1951 1975 2210 2030 fortassis
2245 1975 2412 2029 etiam
2435 1973 2580 2043 quod
2617 1974 2907 2027 adventum
2933 1971 3232 2025 Salvatoris
3264 1970 3553 2023 niintiarit.

1952 2071 2126 2123 Amen
2159 2068 2282 2123 dico
2314 2067 2492 2133 vobis,
2543 2082 2650 2121 non
2701 2066 2943 2120 surrexit
2985 2067 3127 2118 inter
3169 2073 3324 2118 natos
3359 2063 3554 2117 mulie-

1954 2176 2075 2214 rum
2110 2160 2284 2229 major
2335 2158 2566 2214 Joanne.
2602 2157 2831 2214 Praetert
2867 2156 2988 2210 aliis
3021 2156 3275 2211 omnibus
3307 2156 3558 2210 Praecur-

1956 2268 2158 2309 sorem.
2196 2250 2404 2306 Deinde
2440 2251 2596 2320 quasi
2651 2250 2775 2319 quis
2799 2249 3050 2311 dixisset,
3086 2249 3168 2300 An
3204 2256 3259 2300 et
3302 2258 3351 2301 te
3386 2247 3558 2314 major

1956 2345 2045 2400 ille
2097 2344 2230 2399 est?
2283 2343 2511 2400 subdit:
2566 2341 2682 2411 Ego
2735 2351 2916 2394 autem
2950 2341 3040 2408 qui
3078 2341 3259 2392 minor
3290 2340 3381 2394 illo
3412 2355 3554 2404 sum,

1955 2437 2130 2506 major
2178 2452 2300 2491 sum
2351 2437 2404 2491 in
2457 2450 2625 2506 regno
2661 2435 2948 2490 ctelorum.
2985 2433 3199 2488 llabenr
3234 2433 3377 2488 enim
3413 2447 3558 2488 nunc

1956 2533 2136 2587 minor
2175 2531 2268 2585 illo
2295 2540 2352 2586 et
2381 2541 2605 2600 pr0pter
2655 2538 2896 2592 aetatem,
2931 2539 2985 2581 et
3020 2537 3240 2596 propter
3271 2541 3466 2598 genus,
3500 2535 3558 2581 et

1955 2636 2175 2696 propter
2202 2624 2456 2692 gloriam,
2503 2623 2598 2678 sed
2653 2623 2705 2676 in
2757 2637 2924 2692 regno
2955 2622 3221 2676 caelorum
3255 2621 3430 2690 major
3467 2620 3560 2674 illo

1955 2733 2098 2782 smn,
2135 2717 2238 2772 hoe
2268 2726 2374 2781 est,
2409 2717 2464 2770 in
2517 2715 2773 2770 omnibus
2827 2714 3026 2768 divinis
3069 2723 3124 2768 et
3154 2713 3556 2782 spiritualihus.

1960 2807 2194 2862 Proinde
2226 2807 2406 2862 omnis
2431 2805 2660 2876 pupulus
2689 2805 2780 2874 qui
2813 2806 3064 2860 audierat
3090 2803 3381 2869 Joannem,
3405 2806 3562 2875 justi-

1957 2903 2142 2957 licavit
2175 2901 2364 2967 Deum,
2400 2901 2499 2954 hoc
2523 2909 2628 2964 est,
2654 2899 3063 2953 honoraverunt
3086 2898 3281 2962 Deum,
3311 2913 3379 2954 eo
3409 2897 3555 2968 quod

1956 2994 2276 3064 prophetam
2304 2995 2424 3062 ejus
2460 2991 2561 3060 ipsi
2607 2991 3028 3061 suscepissent:
3064 2989 3328 3045 Pharisa-i
3374 3000 3558 3045 autem

1960 3099 2063 3137 non
2114 3083 2523 3136 honoraveruut
2576 3079 2785 3145 Deum,
2852 3094 2958 3132 non
3021 3089 3280 3148 suscepto
3327 3077 3562 3134 Joanne.

250 3172 379 3226 κίαν
406 3174 498 3226 καὶ
548 3173 730 3238 δόξαν,
779 3175 899 3228 ἀλλ’
929 3175 1008 3251 ,ἐν
1054 3177 1121 3245 τῇ
1160 3173 1410 3245 βασιλείᾳ
1451 3175 1561 3227 τῶν
1607 3175 1849 3246 οὐρανῶν

1956 3175 2188 3241 Quidam
2221 3183 2430 3240 autem,
2458 3172 2602 3226 inter
2632 3171 2772 3226 ﬁlios
2815 3171 3130 3237 mulierum,
3163 3172 3243 3226 sic
3276 3170 3562 3227 intellexe-

253 3264 459 3335 μείζων
490 3265 656 3318 αὑτοῦ
696 3268 834 3334 εἰμι,
895 3265 1177 3318 τουτέστιν
1221 3268 1280 3318 tv
1344 3268 1481 3319 πᾶσι
1533 3269 1646 3330 τοῖς
1683 3267 1848 3331 θείοις

251 3356 347 3409 καὶ
395 3361 810 3425 πνευματικοῖς.
883 3360 999 3420 Πᾶς
1057 3357 1150 3410 οῦν
1204 3359 1232 3409 ὁ
1263 3358 1391 3421 λαὸς
1456 3360 1698 3422 ἀκούσας
1753 3361 1846 3414 τοῦ

264 3447 538 3514 Ἰωάννου,
582 3450 912 3502 ἐδικαίωσαν
945 3452 1036 3503 τὸν
1066 3451 1222 3513 Θεὸν,
1259 3451 1542 3505 τουτέστιν
1577 3453 1848 3523 ἐτίμησαν

248 3543 343 3595 τὴν
377 3543 536 3604 Θεὸν,
580 3543 664 3596 ὅτι
713 3544 805 3596 τὸν
846 3545 1135 3614 προφήτην
1168 3543 1334 3596 αὑτοῦ
1383 3544 1656 3607 ἐδέξαντο.
1701 3546 1763 3598 Oi
1791 3545 1848 3599 δὲ

247 3634 537 3706 Φαρισαῖοι
557 3633 838 3702 ἠτίμασαν
854 3636 945 3685 τὸν
967 3633 1124 3695 Θεὸν,
1152 3633 1226 3703 μὴ
1249 3632 1534 3700 δεξάμενοι
1570 3634 1844 3701 Ἰωάννην.

250 3726 297 3777 Τ
303 3727 412 3789 tut;
437 3725 495 3779 δὲ
516 3726 597 3790 τὸ,
631 3728 689 3778 ἐν
722 3728 1004 3795 γεννητοῖς
1053 3725 1354 3791 γυναικῶν,
1380 3723 1554 3787 οὕτως
1591 3724 1846 3794 ἐνόησαν,

247 3818 332 3871 ὅτι
358 3817 539 3881 καλῶς
573 3813 747 3883 εἷπεν,
789 3820 846 3870 tv
898 3820 1178 3887 γεννητοῖς
1215 3815 1514 3885 γυναικῶν,
1537 3817 1849 3888 ὑπεξαίρων

247 3909 448 3966 ἑαυτὸν
477 3913 505 3964 6
538 3911 764 3982 Κύριος.
798 3912 971 3972 Αὐτὸς
999 3911 1110 3980 γὰρ
1149 3911 1427 3982 παρθένου
1463 3907 1532 3980 ἦν
1565 3913 1846 3983 γεννητὸς,

249 4002 373 4072 οὐχὶ
431 4002 710 4069 γυναικδς,
762 4003 1014 4054 τ’,υτέστι
1061 4005 1462 4073 γεγαμημένης
1507 4004 1682 4074 ἀνδρί.
1737 3990 1849 4058 Καὶ

249 4095 334 4157 τὸ,
363 4096 392 4147 6
425 4096 849 4165 ptxpdtspo;6t
895 4097 952 4147 tv
1006 4099 1072 4166 τῇ
1131 4095 1378 4166 βασιλεία
1420 4097 1531 4147 τιῖιν
1575 4098 1845 4166 οὐρανῶν,

249 4183 427 4246 ἄλλως
477 4185 732 4255 ενόησλν,
776 4187 858 4238 ὅτι
890 4187 918 4236 6
951 4187 1279 4255 μικρότερος
1308 4187 1367 4238 ὲν
1396 4187 1475 4255 τῷ
1537 4189 1678 4239 κατὰ
1714 4189 1847 4256 Χρι-

253 4275 381 4328 στὸν
417 4275 538 4346 βίῳ,
571 4276 777 4345 μείζων
811 4278 904 4330 ἐπὶ
933 4277 1028 4329 τοῦ
1071 4281 1130 4331 ὲν
1167 4278 1245 4349 τῷ
1267 4279 1418 4348 νόμῳ
1449 4278 1686 4342 δικαίου,
1736 4275 1848 4334 οἷον

263 4365 524 4438 Ἰωάννης
568 4369 669 4437 μὲν
720 4368 861 4422 κατὰ
909 4371 1010 4438 τὴν
1051 4373 1107 4423 tv
1163 4369 1244 4439 τῷ
1287 4371 1439 4441 νόμῳ
1499 4372 1848 4442 δικαιοσύνην

247 4458 565 4529 ἄμεμπτος.
619 4459 687 4514 Εί
720 4477 806 4524 τις
876 4461 934 4514 δὲ
987 4463 1187 4532 εὑρεθῇ
1235 4462 1674 4534 βεδαπτισμένος
1723 4465 1845 4535 μὲν,

1963 3275 2113 3330 runt,
2143 3266 2286 3336 quod
2319 3267 2456 3320 bene
2490 3266 2710 3328 dixerit,
2750 3267 2892 3320 inter
2935 3263 3073 3322 filios
3112 3265 3403 3320 mulierum
3434 3286 3446 3321 :
3483 3269 3560 3322 ita

1959 3359 2100 3411 enim
2134 3356 2352 3423 excepit
2402 3357 2639 3424 scipsum
2688 3356 2972 3420 Dominus,
3007 3359 3452 3427 quandoquidem
3498 3359 3564 3412 de

1961 3451 2170 3520 virgine
2207 3450 2375 3504 fuerit
2409 3459 2591 3515 natus,
2621 3465 2726 3503 non
2762 3452 2828 3504 de
2863 3452 3087 3505 muliere
3113 3452 3284 3503 virum
3313 3461 3562 3520 experta.

1962 3542 2028 3596 Et
2060 3543 2203 3611 quod
2233 3543 2388 3609 dicit,
2429 3542 2614 3597 minor
2645 3545 2696 3596 in
2729 3558 2896 3612 regno
2929 3543 3221 3608 caelorum,
3267 3544 3426 3598 aliter
3480 3545 3563 3598 itt-

1961 3636 2312 3689 tellexerunt.
2345 3635 2543 3690 'Minor
2582 3637 2634 3690 in
2690 3637 2798 3690 vita
2851 3637 3199 3703 Christiana,
3257 3638 3431 3706 major
3483 3647 3568 3694 est

1957 3728 2106 3798 justo
2131 3728 2288 3796 juxta
2322 3729 2518 3800 legem,
2557 3738 2615 3783 ut
2641 3729 2883 3785 Joannes
2932 3730 3088 3800 juxta
3123 3731 3396 3800 justitiam
3428 3731 3564 3802 legis

1961 3832 2084 3876 erat
2142 3822 2661 3890 irreprehensibilis.
2726 3823 2783 3878 Si
2845 3825 2968 3894 quis
3029 3834 3212 3879 autem
3253 3825 3565 3881 inveniatur

1960 3913 2273 3984 baptizatus
2323 3914 2544 3984 quidem
2573 3955 2587 3978 ,
2643 3896 2883 3968 nondum
2940 3928 3122 3979 autem
3157 3916 3326 3987 320
3362 3917 3562 3971 malum

1961 3993 2234 4076 quoddam
2268 4008 2351 4060 vel
2400 4010 2602 4062 bonum
2637 4019 2897 4076 Operatus
2936 4009 3119 4074 fuerit,
3165 4012 3253 4065 ltie
3306 4014 3566 4067 minimus

1959 4111 2042 4153 est
2085 4101 2135 4152 in
2195 4115 2362 4169 regno
2425 4100 2712 4166 caalorum,
2757 4102 2857 4156 hoc
2906 4111 3009 4167 est,
3069 4104 3121 4157 in
3176 4107 3566 4175 praedicatione

1961 4188 2191 4254 Christi,
2223 4201 2466 4243 attamen
2506 4192 2679 4256 major
2711 4202 2797 4244 est
2828 4209 2934 4244 non
2977 4193 3276 4260 baptizato,
3315 4198 3570 4265 quamvis

1962 4281 2052 4336 ille
2087 4283 2140 4334 in
2167 4279 2285 4350 lege
2306 4281 2485 4349 justus
2509 4280 2692 4334 fuerit.
2721 4281 2813 4334 Vel
2838 4282 3036 4337 aliter:
3067 4284 3155 4339 Sis
3185 4284 3312 4341 licet
3339 4286 3564 4342 minime

1961 4373 2221 4436 carnalis,
2259 4373 2354 4426 sed
2379 4372 2553 4427 ferme
2589 4371 2915 4429 utJoaunes
2939 4377 3281 4444 spiritua‘lis:
3316 4390 3564 4435 attamen

1960 4465 2406 4537 quandoquidem
2439 4467 2619 4522 adhuc
2661 4469 2712 4522 in
2748 4483 2914 4525 carne
2944 4486 3004 4526 es
3026 4512 3039 4536 ,
3079 4466 3365 4541 propterea
3402 4475 3566 4528 mini-

252 4551 424 4622 μήπω
476 4551 533 4604 δέ
576 4569 628 4604 τι
682 4552 854 4606 κακὸν
910 4554 942 4622 ἢ
1002 4554 1210 4621 ἀγαθὸν
1247 4556 1648 4626 ἐργασάμενος,
1691 4550 1847 4622 οὗτος

1959 4573 2080 4614 mus
2126 4559 2178 4612 in
2228 4559 2653 4625 resurrectione,
2685 4578 2849 4630 quam
2881 4578 3106 4632 regnum
3145 4565 3410 4619 ctelorum
3446 4581 3570 4623 esse

249 4645 535 4715 ἐλάχιστος
559 4644 635 4698 ὦν
656 4649 714 4697 έν
735 4650 800 4716 τῇ
828 4648 1082 4718 βασιλείᾳ
1128 4648 1238 4701 τῶν
1267 4649 1538 4719 οὐρανῶν,
1567 4650 1849 4705 τουτέστιν

248 4735 309 4788 tv
344 4735 424 4806 τῷ
456 4736 600 4790 κατὰ
646 4737 887 4808 Χριστὸν
930 4740 1275 4809 κηρύγματι,
1314 4741 1465 4809 ὅμως
1499 4740 1702 4809 μείζων
1735 4742 1850 4794 ἐστὶ

247 4826 346 4881 τοῦ
382 4828 749 4894 ἀϐαπτίστου,
803 4831 861 4881 ἐν
899 4830 1052 4900 νόμῳ
1087 4831 1142 4883 δὲ
1200 4831 1435 4884 δικαίου.
1471 4831 1580 4884 Καὶ
1639 4830 1846 4894 ἄλλως·

249 4921 334 4974 δτι
362 4923 411 4974 εί
445 4921 540 4976 καὶ
573 4923 818 4993 ἄσαρκος
855 4923 1055 4993 μικροῦ
1081 4926 1108 4976 6
1145 4925 1421 4994 Ἰωάννης,
1448 4927 1538 4976 καί
1561 4924 1724 4988 άῦλος
1757 4923 1850 4980 οὖν

1964 4651 2115 4719 dicit,
2177 4652 2349 4720 major
2395 4662 2447 4707 te
2501 4664 2608 4708 est.
2665 4654 2820 4708 Tunc
2864 4658 3008 4710 enim
3051 4657 3117 4710 ah
3156 4657 3569 4726 incorruptione

1962 4747 2110 4800 omni
2142 4746 2323 4813 liberi,
2355 4762 2462 4801 non
2511 4748 2651 4803 ultra
2682 4749 2836 4818 juxta
2883 4765 3104 4805 carnem
3138 4751 3563 4808 ambulabimns.

1967 4836 2031 4890 Et
2060 4837 2152 4906 qui
2189 4847 2317 4891 tunc
2353 4853 2574 4906 parvus,
2612 4841 2790 4910 major
2829 4851 2914 4897 est
2947 4858 3011 4898 eo
3045 4844 3139 4911 qui
3177 4861 3323 4900 nunc
3346 4846 3564 4915 quidem

1964 4938 2044 4981 est
2081 4929 2285 4993 justus,
2319 4929 2414 4983 sed
2456 4945 2677 4984 carnem
2716 4932 2893 4987 adhuc
2927 4945 3126 5003 gestat.

250 5019 332 5071 ἔτι
357 5021 417 5071 tv
450 5019 639 5088 σαρκί.
674 5021 787 5075 Καὶ
815 5019 903 5075 διὰ
934 5020 1092 5073 τοῦτο
1124 5024 1152 5074 6
1185 5021 1473 5092 ἐλάχιστος
1546 5024 1602 5075 ὲν
1657 5027 1721 5095 τῇ
1790 5025 2111 5090 ἁλαστάσεε,
2159 5028 2225 5096 ἣν
2295 5027 2576 5096 βασιλείαν
2630 5027 2878 5096 οὐρανῶν
2952 5025 3094 5081 εἶναί
3146 5047 3301 5099 φησι,
3361 5029 3568 5098 μείζων

252 5109 423 5166 αὑτοῦ
461 5112 599 5165 ἐστι.
631 5112 767 5165 Τότε
803 5113 914 5186 γὰρ
950 5113 1170 5178 τελείως
1205 5114 1690 5185 άφθαρτισθέντες,
1715 5119 1813 5172 οὐκ
1842 5121 1924 5173 ἔτι
1966 5122 2106 5173 κατᾶ
2136 5123 2318 5194 σάρκα
2353 5125 2830 5193 περιπατήσομεν.
2862 5122 2969 5174 Καὶ
2999 5125 3025 5174 6
3056 5124 3176 5175 τότε
3210 5124 3408 5194 μικρὸς
3442 5126 3566 5195 μεί-

251 5209 363 5272 ζων
402 5211 522 5262 εστὶ
563 5209 659 5262 τοῦ
697 5209 792 5262 νῦν
830 5209 1043 5263 δικαίου
1087 5210 1208 5282 μὲν,
1243 5210 1386 5282 πλὴν
1425 5213 1506 5267 ετι
1548 5213 1726 5285 σάρκα
1759 5215 2076 5288 φοροῦντος.

335 5339 355 5372 ε
387 5315 526 5374 Εῐπε
578 5323 637 5378 δδ
667 5325 696 5377 6
731 5310 963 5395 Κύριος⁹
999 5325 1124 5378 Τίνι
1176 5319 1270 5380 οῦν
1313 5327 1568 5397 ὁμοιώσω
1595 5331 1722 5393 τοὺς
1765 5332 1860 5384 ἀν-

256 5411 515 5483 θρώπους
549 5415 649 5485 τῆς
679 5419 873 5485 γενεᾶς
905 5417 1112 5490 ταύτης
1139 5435 1154 5486 ;
1190 5420 1283 5474 καὶ
1315 5421 1425 5474 τίνι
1474 5423 1612 5477 τίσιν
1644 5426 1861 5494 ὅμοιως

2031 5332 2196 5387 Vens.
2230 5333 2424 5389 50-35.
2457 5354 2476 5388 ι
2514 5335 2607 5392 Ait
2644 5346 2823 5390 autem
2861 5337 3122 5391 Dominus
3151 5355 3163 5390 :
3199 5338 3301 5391 Cui
3328 5353 3458 5408 ergo
3493 5340 3564 5394 si-

1960 5424 2114 5479 miles
2135 5427 2314 5480 dicam
2340 5428 2587 5482 homines
2606 5429 2977 5497 generationis
3001 5429 3200 5491 huius?
3225 5441 3278 5484 et
3295 5433 3381 5486 cui
3411 5434 3564 5486 simi-

258 5507 479 5576 Ὀμοεοί
505 5508 614 5561 είσι
643 5508 880 5572 παιδίοις
909 5513 1024 5574 τοῖς
1060 5511 1120 5564 tv
1161 5513 1340 5584 ἀγορᾷ
1374 5515 1732 5586 καθημένοις,
1768 5520 1849 5572 καΊ

1961 5519 2040 5573 les
2081 5520 2249 5572 sunt?
2281 5518 2500 5575 Similes
2537 5531 2666 5575 sunt
2696 5524 2884 5590 pueris
2912 5524 3232 5578 sedentibus
3255 5524 3307 5577 in
3339 5523 3478 5590 foro,
3511 5535 3564 5577 ιιι

259 5598 680 5670 προσφωνοῦσιν
734 5600 989 5673 ἀλλήλοις
1037 5604 1133 5658 καὶ
1180 5603 1432 5674 λέγουσιν
1457 5626 1472 5640 ο
1523 5608 1856 5680 Ηύλήσαμεν

1960 5614 2392 5670 σοιτιιιιιιειιιιίὺιιε
2436 5617 2578 5670 inter
2612 5632 2694 5680 se,
2738 5633 2799 5671 ac
2827 5618 3132 5673 dicentibus
3166 5637 3180 5675 :
3208 5617 3564 5672 Cantavimus

257 5690 414 5782 ὑμῖν,
448 5693 543 5744 καὶ
581 5692 684 5746 οὐκ
714 5693 1068 5764 ὠρχήσασθε.
1118 5696 1539 5770 Ἐθρηνήσαμεν
1589 5701 1741 5770 ὑμῖν,
1767 5703 1849 5755 καὶ

1965 5704 2118 5759 Vobis
2149 5706 2322 5771 tibiis,
2353 5716 2409 5760 et
2434 5722 2540 5760 nou
2573 5708 2839 5773 saltastis,
2881 5710 3184 5765 cecinimus
3226 5712 3381 5765 vobis
3408 5712 3565 5782 lugu.

256 5780 362 5835 rint
393 5783 725 5841 ικλαύσατε.
774 5787 1034 5860 Ἐλήλυθε
1062 5787 1175 5860 γὰρ
1211 5789 1467 5861 Ἰωάννη,
1491 5794 1520 5845 6
1549 5793 1862 5863 Βατιτιστης

259 5873 401 5945 μήτε
431 5876 598 5949 άρτον
631 5879 850 5948 ισθίων,
895 5884 1035 5953 μήτε
1071 5881 1214 5939 οἶνον
1255 5883 1448 5950 πίνω-θ,
1487 5885 1579 5940 καὶ
1630 5885 1852 5955 λέγετε·

1965 5797 2105 5864 bria,
2140 5808 2195 5851 et
2229 5815 2334 5852 nun
2370 5798 2644 5868 plorastis.
2683 5797 2839 5853 Venit
2873 5800 3018 5855 enim
3053 5799 3292 5856 Joannes
3324 5802 3565 5872 Btptista

1965 5905 2138 5958 neque
2170 5889 2334 5945 edens
2379 5907 2597 5958 panem,
2635 5907 2810 5960 neque
2845 5893 3034 5950 bibens
3072 5894 3279 5955 vinum,
3335 5906 3388 5950 ct
3428 5895 3562 5950 dici-
