4256 6432
764 402 866 465 7"]

1684 405 2257 470 THEOPHYLACTI
2301 362 2711 471 summm
2752 406 3106 468 ARCHIEP.

3918 401 4024 465 ἰνὶ
4074 376 4077 379 δ

772 523 874 575 lis:
914 519 1243 572 Dmntonium
1278 519 1457 572 habet.
1508 518 1666 572 Venit
1710 519 1875 573 Filius.
1908 522 2142 575 hominis
2178 522 2342 574 edens
2373 525 2418 580 Α
2450 560 2453 572 .

2337 525 2418 580 ιΑ
2450 521 2735 588 Δαιμόνιον
2787 519 2921 588 ἔχει.
2980 516 3267 586 Ἐλήλυθεν
3316 518 3343 567 6
3395 517 3520 578 Υἱὸς
3580 515 3674 567 τοῦ
3730 516 4018 583 ἀνθρώπου

773 628 835 665 ac
863 612 1071 671 bibens,
1102 618 1155 663 et
1187 610 1404 663 dicitis:
1438 608 1578 664 Ecce
1606 612 1766 666 homo
1799 613 1956 677 edax,
1991 622 2043 665 et
2100 614 2210 665 vini
2243 628 2341 678 po-

774 713 874 765 tor,
901 702 1109 755 amicus
1130 702 1539 767 publicanorum
1576 717 1639 755 ac
1667 712 2034 770 peccatorum,
2068 701 2136 755 Et
2175 704 2336 772 justi-

770 791 929 844 t‘lcata
971 801 1052 845 est
1105 792 1366 860 sapientia
1434 808 1463 845 a
1498 792 1622 846 ﬁliis
1655 794 1771 847 suis
1814 796 2087 848 omnibus.
2123 812 2142 846 ι
2210 795 2339 848 Erat

766 880 1037 948 quoddam
1070 881 1178 934 ludi
1208 895 1379 949 genus
1412 884 1551 951 apud
1594 880 1829 938 Iudaeos.
1857 885 1914 936 lu
1968 894 2151 952 partes
2195 885 2338 936 enim

768 972 903 1025 duas
933 972 1081 1039 pueri
1116 972 1266 1025 multi
1291 974 1691 1037 dividebantur,
1727 985 1782 1029 et
1814 977 1963 1043 quasi
2007 976 2169 1029 vitam
2197 976 2342 1029 deri-

768 1062 985 1128 debant,
1028 1062 1116 1115 alii
1150 1078 1214 1116 ex
1248 1080 1351 1117 una
1407 1076 1562 1133 parte
1615 1066 2094 1123 lamentabantur:
2146 1068 2238 1121 alii
2274 1082 2337 1121 ex

766 1155 931 1207 altera
966 1154 1109 1209 Iibiis
1150 1157 1418 1209 canebant
1459 1176 1474 1212 :
1508 1169 1561 1211 et
1583 1174 1757 1227 neque
1805 1159 2046 1227 lugentes
2076 1164 2341 1213 curahant

768 1247 820 1299 hl
856 1247 946 1314 qui
970 1262 1034 1300 ex
1071 1248 1239 1301 altera
1274 1258 1426 1316 parte
1456 1271 1471 1302 :
1498 1264 1671 1317 neque
1705 1252 1951 1305 tibicines
2004 1252 2153 1320 ipsos
2176 1267 2332 1306 cura-

766 1338 897 1391 bant
926 1340 975 1391 hi
1010 1340 1101 1407 qui
1147 1340 1418 1408 lugebant.
1453 1342 1628 1397 Taxat
1664 1343 1829 1412 igitur
1858 1344 2117 1399 Dominus
2145 1344 2337 1399 Phari-

766 1442 917 1493 saos,
940 1430 1031 1498 qui
1064 1444 1235 1499 neque
1268 1431 1519 1500 lugebant
1554 1448 1674 1487 cum
1702 1433 1909 1488 Joanne
1954 1436 2233 1505 lugubrem
2264 1437 2340 1489 vi—

766 1530 871 1572 tam
928 1530 1137 1590 agente,
1186 1532 1236 1575 et
1294 1524 1668 1591 paenitentiam
1718 1525 2116 1590 introducente,
2168 1544 2341 1597 neque

762 1626 885 1664 eum
922 1612 1278 1668 imitabantur
1316 1633 1329 1667 :
1365 1630 1540 1683 neque
1592 1617 2042 1687 obtemperabant
2078 1618 2204 1674 Jesu
2257 1621 2337 1673 vi-

764 1712 872 1754 tam
907 1717 1016 1770 pr:e
1044 1717 1100 1757 se
1136 1704 1325 1758 ferenti
1363 1707 1658 1761 civili‘oretn
1694 1722 1709 1759 :
1750 1710 1841 1762 sed
1874 1711 2064 1764 ambos
2116 1712 2341 1780 repelle-

763 1795 911 1856 hant,
944 1809 1042 1848 nec
1074 1795 1315 1865 lugentes
1352 1812 1475 1851 cum
1515 1799 1724 1855 Joanne
1750 1800 1984 1869 lugente,
2021 1817 2199 1871 neque
2216 1817 2340 1857 con-

2446 611 2640 663 ἐσθίων
2671 610 2763 661 καὶ
2806 610 2993 669 πίνων,
3024 608 3115 659 καὶ
3139 607 3347 673 λέγετε,
3379 604 3505 657 Ἰδοὺ
3529 605 3811 674 ἅνθρωπος
3852 606 4022 672 φάγος

2448 703 2541 754 καὶ
2568 698 2871 768 οἰνοπότης,
2918 700 3069 768 φίλος
3105 698 3354 751 τελωνῶν
3402 699 3495 749 καὶ
3522 697 3885 767 ἁμαρτωλῶν,
3931 700 4021 748 καὶ

2445 792 2739 860 ἐδικαιώθη
2767 794 2799 860 ἡ
2836 793 2997 860 σοφία
3023 790 3130 843 ἀπὸ
3159 790 3266 841 τῶν
3291 788 3493 841 τέκνων
3527 791 3699 857 αὐτῆς
3736 792 3974 845 πάντων,
4000 810 4016 840 ι

2444 881 2552 934 Ἦν
2578 900 2629 935 τι
2668 881 2818 951 παρά
2851 884 2965 943 τοῖς
3018 881 3291 939 Ἰουδαίοις
3324 876 3461 941 εἶδος
3491 880 3707 941 παιδιᾶς
3754 879 4019 939 τοιοῦτον,

2446 977 2526 1036 είς
2559 974 2697 1045 μέρη
2722 974 2816 1026 δύο
2848 972 3058 1043 πληθὺς
3084 972 3312 1024 παιδίων
3346 972 3621 1039 ἐτέμνετο.
3648 972 3756 1022 Καὶ
3788 973 3881 1023 τὸν
3906 971 4018 1040 βίον

2444 1066 2642 1118 ὡσανεὶ
2680 1065 2965 1133 γελῶντες,
3002 1065 3050 1117 οἱ
3078 1063 3175 1132 μὲν
3215 1061 3368 1114 ἐνθεν
3403 1062 3683 1131 ἐθρήνουν,
3715 1063 3763 1111 oi
3790 1062 3846 1112 δὲ
3876 1064 4019 1113 ἐκεῖο

2444 1158 2535 1212 θεν
2558 1157 2773 1227 ηὔλουν.
2816 1158 2925 1209 Kal.
2964 1155 3087 1208 οὔτε
3146 1159 3256 1217 τοῖς
3294 1154 3581 1223 Θρηνοῦσιν
3614 1154 3663 1204 oi
3700 1152 3793 1203 τοῦ
3834 1153 4023 1223 ἐτέρου

2447 1249 2649 1319 μέρους
2687 1248 3043 1311 συνετίθεντο,
3074 1246 3199 1300 οὔτε
3232 1249 3343 1307 τοῖς
3379 1243 3633 1299 αὐλοῦσιν
3660 1240 3825 1297 οὗτοι.
3870 1245 4022 1295 Ἐπι-

2446 1343 2688 1394 σκώπτει
2716 1343 2896 1395 τοίνυν
2949 1342 2978 1392 6
3022 1338 3226 1409 Κύριος
3259 1337 3351 1390 καὶ
3400 1338 3526 1396 τοὺς
3566 1336 3915 1406 Φαρισαίους,
3948 1333 4024 1393 ὡς

2442 1431 2682 1485 τοιοῦτόν
2719 1450 2771 1484 τι
2825 1429 3133 1491 ποιοῦντας.
3173 1428 3312 1483 Οῦτε
3355 1427 3461 1494 γὰρ
3510 1425 3586 1492 τῷ
3630 1423 3853 1493 Ἰωάννῃ
3886 1424 4023 1493 θρη-

2444 1524 2663 1591 νητικὸν
2712 1522 2826 1591 βίον
2882 1522 3087 1591 βιοῦντι
3138 1522 3232 1572 καὶ
3278 1518 3569 1587 μετάνοιαν
3620 1514 4016 1582 εἰσηγουμένῳ,

2445 1616 2852 1685 συνεπένθησαν
2899 1615 2931 1685 ἢ
2976 1616 3338 1684 ἐμιμήσαντο,
3379 1611 3501 1663 οὔτε
3555 1611 3632 1677 τῷ
3677 1608 3855 1676 Ἰησοῦ
3909 1607 4021 1675 βίον

2444 1708 2871 1777 ἐπιδεικνυμένῳ
2911 1707 3190 1777 χαρίεντγ,
3247 1704 3577 1772 ἐπείσθησαν
3620 1702 3651 1771 ῆ
3696 1700 4016 1752 συνέθεντο·

2444 1801 2559 1853 ἀλλ’
2612 1802 2958 1869 ἀμφοτέρους
3012 1799 3351 1857 ἀπώσαντο,
3398 1796 3535 1865 μήτε
3584 1793 3663 1861 τῷ
3730 1792 4022 1861 θρηνοῦντα.

761 1887 1005 1941 cinentes
1036 1902 1154 1941 eum
1179 1888 1305 1943 Jesu
1366 1892 1513 1945 tibiis
1565 1905 1811 1959 canente,
1875 1896 1975 1949 hoc
2004 1906 2108 1958 est,
2148 1898 2337 1950 remis-
2372 1868 2412 1927 Β

2372 1868 2412 1927 Β
2459 1890 2676 1959 Ἰωάννῃ
2708 1888 3159 1959 συνθρηνοῦντες,
3196 1889 3334 1956 μήτε
3363 1886 3441 1954 τῷ
3465 1884 3716 1937 αὑλοῦντι
3743 1884 3838 1934 καὶ
3874 1884 4018 1933 ἀνει-

762 1980 931 2035 siore.
967 1981 1029 2033 Et
1052 1982 1347 2049 justilicata
1369 1995 1453 2039 est
1486 1986 1773 2055 sapientia,
1798 1988 1898 2041 hoc
1920 1997 2024 2051 est,
2052 1990 2335 2053 honorata,

762 2088 867 2125 non
899 2088 926 2126 a
958 2074 1266 2139 Pharisaeis,
1316 2078 1409 2131 sed
1460 2095 1487 2131 a
1526 2078 1651 2133 filiis
1695 2080 1829 2145 suis,
1888 2082 1938 2133 id
1969 2089 2069 2145 est,
2108 2082 2191 2135 his
2246 2082 2335 2149 qui

762 2178 1112 2234 susceperunt
1142 2166 1323 2221 J'esum
1348 2178 1401 2221 et
1422 2167 1704 2223 Joannem.

833 2456 1210 2512 Vsns.36-£3.
1247 2480 1263 2511 ι
1306 2458 1549 2529 Rogabat
1621 2470 1797 2517 autem
1846 2460 1995 2516 illum
2046 2457 2258 2532 quidam
2309 2479 2339 2519 e

762 2549 1047 2603 Pharisaeis
1083 2563 1141 2604 ut
1174 2563 1391 2620 caperet
1423 2554 1601 2607 cibum
1641 2570 1762 2609 cum
1797 2555 1933 2623 ipso.
1962 2555 2028 2609 Et
2063 2556 2337 2626 ingressus

761 2642 975 2695 domum
1000 2642 1279 2709 Pharisaei,
1338 2648 1629 2701 accubuit:
1680 2658 1735 2700 et
1804 2662 1931 2701 ecce
1990 2648 2181 2701 mulier
2220 2664 2339 2716 qua:

764 2734 937 2786 fuerat
966 2734 1018 2786 in
1050 2735 1268 2789 civitate
1296 2738 1589 2803 peccatrix,
1624 2746 1683 2789 ut
1707 2738 1979 2806 cognovit,
2010 2738 2153 2806 quod
2179 2737 2337 2793 Jesus

762 2826 1103 2880 accubuisset
1132 2827 1185 2880 in
1238 2828 1398 2881 domo
1447 2826 1728 2893 Phariszi,
1766 2828 1943 2882 attulit
1999 2830 2332 2883 alabastrum

762 2917 1041 2981 unguenti,
1069 2925 1327 2987 s‘tansque
1355 2920 1421 2973 ad
1446 2921 1611 2988 pedes
1640 2920 1761 2988 ejus
1814 2936 1844 2973 a
1893 2930 2063 2990 tergo,
2094 2920 2224 2975 ﬂens
2254 2921 2335 2974 la-

772 3010 973 3078 crymis
1026 3012 1191 3077 carpit
1226 3013 1403 3079 rigare
1456 3014 1619 3081 pech
1649 3014 1786 3081 ejus,
1810 3024 1863 3066 et
1912 3013 2120 3080 capillis
2145 3013 2336 3081 capitis

759 3099 841 3152 sui
869 3102 1232 3169 exstergebat,
1263 3114 1317 3155 et
1350 3103 1765 3157 deosculabatur
1794 3106 1957 3171 pedes
1983 3104 2120 3173 ejus,
2146 3115 2200 3159 et
2231 3121 2330 3157 uu-

2446 1982 2589 2050 μένῳ
2620 1982 2793 2051 Ἰησοῦ
2822 1979 3229 2059 συμφοροῦντες
3248 1980 3346 2043 (2).
3372 1978 3481 2030 Καὶ
3509 1977 3694 2029 λοιπὸν
3727 1974 4017 2039 ἐδικαιώθη

2440 2078 2471 2142 ἠ
2514 2074 2680 2141 σοφία
2718 2072 2812 2124 τοῦ
2846 2072 3003 2138 Θεοῦ,
3030 2071 3307 2122 τουτέστιν
3342 2068 3597 2136 ἐτιμήθη,
3627 2068 3725 2134 οὐχ
3773 2066 3878 2116 ὑπὸ
3912 2064 4019 2115 τῶν

2438 2166 2771 2235 Φαρισαίων,
2815 2165 2951 2218 ἀλλά
2988 2164 3098 2215 τῶν
3128 2164 3335 2214 τέκνων
3368 2160 3561 2227 αὐτῆς,
3604 2158 3874 2217 τουτέστι,
3915 2156 4021 2207 τῶν

2442 2256 2904 2328 παραδεξαμένων
2945 2257 3035 2309 τὸν
3082 2254 3240 2323 λόγον
3279 2251 3373 2305 τοῦ
3407 2269 3462 2302 τε
3508 2252 3757 2305 Ἰωάννου
3790 2250 3884 2299 καὶ
3926 2245 4018 2300 τοῦ

2456 2348 2647 2416 Ἰησοῦ.

2521 2480 2538 2511 ι
2582 2462 2799 2531 Ἥρώτα
2835 2460 2891 2512 δέ
2922 2476 3002 2521 τις
3039 2459 3199 2510 αὑτὸν
3229 2456 3337 2508 τῶν
3364 2451 3689 2525 Φαρισαίων,
3736 2456 3826 2507 ἶνα
3874 2455 4019 2523 φάγῃ

2446 2556 2565 2621 μετ’
2600 2552 2787 2605 αὐτοῦ.
2826 2550 2937 2603 Καὶ
2986 2548 3244 2601 εἰσελθὼν
3285 2552 3361 2610 είς
3386 2549 3483 2617 τὴν
3511 2548 3688 2600 οἰκίαν
3729 2546 3822 2598 τοῦ
3854 2548 4016 2614 Φαρι-

2445 2644 2623 2708 σαίου,
2662 2642 2939 2710 ἀνεκλίθη.
2970 2642 3077 2691 Καὶ
3114 2641 3221 2692 ἰδοὺ
3254 2640 3392 2708 γυνὴ
3422 2642 3477 2690 ἐν
3504 2642 3568 2707 τῇ
3595 2638 3772 2700 πόλει,
3802 2639 3924 2705 ἣτις
3954 2633 4019 2705 ἦν

2442 2734 2788 2805 ἁμαρτωλὸς,
2812 2733 3110 2801 ἐπιγνοῦσα
3142 2733 3222 2785 ὅτι
3253 2732 3538 2784 ἀνάκειται
3573 2732 3629 2782 ἐν
3664 2734 3729 2800 τῇ
3759 2732 3906 2800 οίκία
3924 2730 4017 2781 τοῦ

2440 2827 2761 2899 Φαρισαίου,
2795 2826 3070 2895 κομίσασα
3110 2824 3453 2890 ἀλάϐαστρον
3489 2823 3687 2891 μύρου,
3719 2825 3813 2875 καὶ
3848 2824 4017 2875 στᾶσα

2444 2919 2593 2989 παρά
2622 2918 2750 2980 τοὺς
2774 2918 2941 2978 πόδας
2972 2914 3137 2967 αὐτοῦ
3166 2914 3361 2977 ὀπίσω,
3385 2915 3645 2966 κλαίουσα
3676 2915 3882 2983 ἤρξατο
3904 2916 4023 2984 βρέ-

2443 3030 2560 3081 χειν
2602 3013 2727 3073 toil;
2758 3012 2925 3072 πόδας
2964 3008 3131 3063 αὑτοῦ
3165 3013 3275 3072 τοῖς
3306 3010 3555 3077 δάκρυσι,
3602 3011 3695 3061 καὶ
3729 3011 3849 3069 ταῖς
3881 3008 4021 3075 θριςὶ

2439 3107 2538 3173 τῆς
2589 3104 2832 3172 κεφαλῆς
2888 3102 3059 3170 αὐτῆς
3120 3101 3411 3169 ἐξέμασσε,
3444 3102 3538 3153 καὶ
3576 3100 3859 3166 κατεφίλει
3903 3101 4022 3161 τοὺς

760 3202 957 3257 gucnto
990 3194 1241 3262 ungebat.
1278 3193 1480 3248 Videns
1514 3205 1691 3249 autem
1719 3194 2024 3250 Pbarisaaus
2056 3197 2146 3266 qui
2180 3212 2336 3250 voca-
2364 3205 2407 3259 C

2364 3205 2407 3259 C
2442 3197 2605 3258 πόδας
2638 3193 2828 3262 αὑτοῦ,
2885 3196 2979 3247 καὶ
3012 3194 3200 3263 ἤλειφε
3238 3195 3315 3263 τῷ
3344 3195 3520 3263 μύρῳ.
3560 3193 3702 3245 Ἰδὼν
3727 3193 3783 3243 δὲ
3807 3196 3834 3244 6
3857 3194 4021 3259 Φαρι-

761 3294 915 3337 verat
942 3299 1087 3346 eum,
1123 3286 1197 3339 ait
1242 3289 1381 3339 intra
1409 3302 1466 3340 se
1510 3288 1737 3342 dicens:
1772 3286 1872 3342 Hic
1919 3290 1963 3343 si
2017 3298 2162 3343 esset
2209 3304 2333 3358 pro-

756 3377 941 3444 pheta,
970 3378 1133 3430 sciret
1166 3380 1349 3445 utique
1396 3393 1519 3447 qua:
1549 3389 1603 3433 et
1634 3380 1808 3447 qualis
1837 3390 1921 3433 est
1971 3380 2166 3434 mulier
2218 3398 2335 3449 qua:

760 3469 929 3537 tangit
958 3470 1154 3537 ipsum,
1187 3471 1308 3539 quia
1342 3473 1618 3539 peccatrix
1647 3480 1747 3526 est.
1782 3472 1848 3526 Et
1881 3474 2214 3541 respondens
2246 3473 2334 3527 Je-

758 3572 851 3611 sus
881 3555 1014 3609 dixit
1045 3558 1109 3610 ad
1147 3558 1293 3611 illum
1331 3576 1344 3612 :
1377 3557 1586 3622 Simon,
1633 3559 1805 3613 habeo
1854 3561 2148 3630 quidquam
2191 3563 2334 3629 quod

760 3648 857 3699 tibi
892 3648 1092 3701 dicam.
1120 3650 1188 3701 At
1222 3649 1309 3703 ille
1345 3652 1421 3704 ait
1455 3670 1468 3705 :
1525 3650 1802 3719 Magister,
1832 3651 1938 3706 dic.
1978 3652 2093 3707 Duo
2128 3653 2335 3707 debito-

760 3756 849 3795 res
869 3754 1023 3797 erant
1060 3746 1273 3798 cuidam
1314 3747 1588 3801 creditori.
1628 3747 1783 3803 Unus
1818 3748 2048 3805 dehebat
2082 3748 2335 3801 denarios

757 3832 1103 3903 quingentos,
1151 3842 1205 3887 et
1260 3835 1403 3891 aitetl
1446 3838 1857 3908 quinquaginta,
1890 3854 2009 3891 cum
2048 3848 2229 3892 autem
2259 3835 2335 3891 illi

755 3939 864 3980 non
897 3936 1079 3981 essent
1114 3928 1395 3993 solvendo,
1446 3931 1771 3986 condonavit
1827 3920 2108 4001 utrisque:
2136 3934 2328 3987 horum

757 4017 923 4085 igitur
953 4019 1037 4071 dic
1060 4027 1178 4072 uter
1206 4034 1326 4075 eum
1358 4020 1475 4090 plus
1504 4023 1730 4093 diliget?
1757 4023 2111 4094 Respondens
2141 4025 2327 4079 Simon

757 4110 935 4163 dixit:
974 4109 1241 4166 Existimo
1274 4113 1416 4181 quod
1452 4114 1497 4168 is
1521 4118 1607 4169 cui
1636 4117 1756 4186 plus
1776 4118 2121 4171 condonavit.
2168 4117 2325 4187 321

758 4200 930 4253 Atille
950 4201 1085 4254 dixit
1115 4207 1163 4254 ei
1198 4220 1213 4255 :
1244 4203 1704 4270 Rectejudicasti.
1732 4226 1750 4257 ι
1782 4206 2005 4261 Videtur
2028 4208 2117 4261 hic
2137 4205 2327 4261 Phari-

757 4305 896 4347 saus
924 4292 1014 4363 qui
1049 4294 1455 4350 vocavitJesum
1482 4298 1559 4364 (α)
1582 4312 1685 4351 non
1712 4307 1912 4353 rectam
1937 4299 2193 4354 habuisse
2212 4316 2335 4354 sen-

755 4384 1002 4450 tentiam,
1028 4386 1119 4440 sed
1144 4386 1362 4441 dolosus
1396 4388 1565 4443 fuisse
1586 4400 1641 4444 et
1665 4391 1935 4461 hypocrisi
1990 4392 2201 4462 plenus.
2236 4392 2331 4446 Di-

754 4474 830 4529 cit
853 4475 1047 4545 igitur:
1094 4478 1149 4532 Si
1174 4487 1315 4533 esset
1361 4479 1448 4534 bie
1477 4482 1755 4549 propheta,
1789 4494 1841 4537 et
1868 4484 1939 4536 ita
1989 4500 2094 4539 non
2159 4486 2335 4539 credi-

2450 3292 2601 3352 σαῖος
2628 3290 2656 3340 6
2682 3288 2917 3350 καλέσας
2940 3287 3123 3349 αὑτὸν,
3144 3283 3298 3338 εἶπεν
3324 3289 3379 3338 ἐν
3405 3286 3601 3354 ἐαυτῷ,
3630 3286 3806 3352 λέγων
3825 3302 3836 3312 ’
3858 3279 4020 3345 Οὗτος

2448 3383 2496 3434 εἰ
2536 3377 2605 3449 ἦν
2637 3382 2946 3450 προφήτης,
2981 3380 3278 3445 ἐγίνωσκεν
3329 3378 3416 3441 ἂν,
3462 3379 3545 3441 τίς
3577 3378 3669 3431 καὶ
3730 3379 3951 3446 ποταπὴ
3991 3380 4021 3444 ἡ

2447 3472 2605 3543 γυνὴ,
2638 3473 2761 3543 ἣτις
2794 3475 3025 3526 ἅπτεται
3070 3472 3260 3535 αὐτοῦ,
3283 3473 3362 3524 ὅτι
3394 3472 3719 3541 ἁμαρτωλός
3752 3474 3889 3523 ἐστι.
3917 3473 4023 3523 Kal.

2444 3564 2767 3633 ἀποκριθεὶς
2800 3564 2829 3614 6
2871 3560 3100 3630 Ἰησοῦς,
3125 3559 3245 3614 εἷπε
3278 3562 3413 3631 πρὸς
3444 3562 3640 3614 αὐτόν·
3675 3562 3879 3629 Σίμων,
3920 3564 4023 3630 ἔχω

2449 3656 2531 3709 σοί
2576 3674 2627 3709 τι
2672 3658 2866 3709 εἰπεῖν.
2914 3656 2973 3707 Ὀ
3013 3654 3068 3707 δέ
3131 3671 3298 3724 φησι’
3339 3655 3661 3719 Διδάσκαλε,
3717 3656 3863 3707 εἰπέ.
3922 3656 4024 3707 Δύο

2447 3750 2839 3820 χρεωφειλέται
2904 3745 3047 3817 ἦσαν
3096 3748 3349 3816 δανειστῇ
3391 3765 3516 3798 τινι.
3585 3746 3643 3799 ’0
3703 3740 3784 3808 εἷς
3825 3745 4022 3813 ὤφειλε

2446 3844 2679 3913 δηνάρια
2732 3843 3087 3907 πεντακόσια,
3145 3844 3171 3894 6
3229 3841 3285 3894 δὲ
3323 3841 3509 3909 ἕτερος
3550 3840 3910 3910 πεντήκοντα,
3951 3841 4024 3909 μὴ

2446 3936 2679 4005 ἐχόντων
2708 3934 2764 3987 δέ
2796 3934 2974 3987 αὐτῶν
3005 3933 3320 3997 ἀποδοῦναι,
3341 3934 3671 4004 ἀμφοτέροις
3707 3933 4021 4000 ἐχαρίσατο.

2445 4030 2543 4092 Τίς
2569 4028 2660 4081 οὖν
2691 4029 2892 4088 αὐτῶν,
2925 4029 3066 4091 είπέ,
3101 4022 3279 4079 πλεῖον
3316 4025 3476 4077 αὑτὸν
3502 4026 3809 4093 ἀγαπήσει;
3861 4024 3997 4075 ‘Am

2445 4121 2657 4188 κριθεὶς
2703 4120 2759 4172 δὲ
2792 4122 2819 4172 6
2859 4121 3041 4189 Σίμων
3070 4116 3260 4172 εἶπενο
3310 4115 3717 4185 Ὑπολαμϐάνω
3760 4117 3844 4168 ὅτι
3886 4109 3929 4181 ᾧ
3966 4116 4028 4167 τὸ

2443 4213 2625 4265 πλεῖον
2650 4212 2961 4282 ἐχαρίσατο.
2978 4211 3108 4265 ’0δέ
3130 4207 3283 4265 εἶπεν
3311 4208 3705 4279 αὐτῷ,’ορθῶς
3731 4209 3977 4279 ἔκρινας.
4005 4229 4022 4259 ι

2444 4305 2701 4358 Φαίνεται
2731 4300 2885 4367 οὗτος
2914 4306 2943 4356 ὁ
2968 4305 3260 4373 Φαρισαῖος
3288 4305 3318 4355 6
3348 4302 3632 4371 κεκληκὼς
3670 4301 3762 4355 τὸν
3793 4300 4025 4369 Ἰησοῦν,

2445 4396 2524 4463 μὴ
2554 4394 2716 4455 εὐθὺς
2752 4390 2891 4446 εἶναι
2913 4394 3013 4463 τὴν
3046 4392 3294 4462 γνώμην,
3350 4392 3489 4445 ἀλλά
3516 4391 3731 4463 δολερὸς
3768 4393 3869 4443 καὶ·
3894 4392 4028 4442 ὑπ)-

2440 4486 2676 4556 κρίσεως
2703 4486 2934 4558 πλήρης,
2965 4487 3132 4555 Φησὶν
3169 4484 3291 4538 οὖν·
3335 4478 3506 4547 Οὗτος
3548 4485 3597 4535 εί
3623 4479 3691 4553 ἦν
3718 4484 4025 4555 προφήτης,

756 4568 847 4620 dit.
887 4570 1011 4639 quia
1042 4571 1154 4625 hac
1193 4572 1539 4641 loquebatur.
1574 4574 1836 4629 Dominus
1862 4585 2041 4631 tamen
2078 4578 2333 4646 quamvis
2368 4572 2410 4627 D

2368 4572 2410 4627 D
2440 4579 2579 4633 ὥστε
2610 4582 2709 4633 οὐκ
2758 4580 3077 4645 ἐπίστευεν,
3129 4578 3317 4647 ἐπειδὴ
3360 4575 3588 4631 τοιαῦτα
3628 4576 3833 4631 ἐλάλει.
3879 4578 3940 4631 '0
3974 4577 4025 4629 δὲ

1715 4760 1802 4818 Ex
1852 4758 2197 4821 collatione
2229 4763 2416 4824 codd.
2452 4766 2681 4825 Venet.
2732 4764 2793 4824 S.
2826 4763 3050 4824 Marci.

828 4934 905 5003 (ε)
930 4930 1173 5003 Comet
1197 4915 1385 5003 aqua;
1427 4930 1683 5003 'Ettyap
1710 4930 1811 5003 τοῦ
1840 4930 2004 5003 αὑτοῦ
2041 4932 2339 5000 κεφαλαίου

766 5000 948 5073 ἐχεται
1006 5001 1102 5054 τοῦ
1159 5000 1329 5061 δεῖξαι
1398 5002 1608 5070 συνῳδὰ
1658 5000 1822 5069 αὐτῷ
1867 5002 2190 5073 υπράττοντα
2248 5006 2339 5055 τὸν

768 5068 1039 5141 Ἰωάννην,
1088 5074 1137 5122 εί
1191 5075 1283 5122 καὶ
1342 5074 1407 5125 τά
1456 5068 1721 5141 γενόμενα
1775 5068 1995 5123 ἐναντία
2038 5068 2128 5141 ἦν.
2182 5076 2246 5141 ῘῸ
2281 5076 2336 5125 δέ

755 5144 922 5209 λέγει,
972 5142 1211 5193 τοιοῦτόν
1244 5144 1411 5213 ἐστιν
1448 5158 1460 5171 ·
1523 5143 1801 5195 Ἐναντίαν
1856 5140 2121 5211 ἑκάτερος
2174 5140 2336 5213 ἦλθεν

756 5215 874 5283 ὁδὸν
911 5215 1019 5279 ἐγὼ
1056 5213 1149 5263 καὶ
1187 5213 1213 5262 6
1242 5212 1526 5283 ’l_wdvvr;;,
1580 5214 1673 5265 καὶ
1725 5213 1919 5265 ταύτὸν
1970 5216 2335 5283 ἐποιήσαμεν,

754 5280 865 5335 οἷον
911 5283 975 5335 ἂν
1010 5282 1061 5333 εί
1088 5298 1231 5354 τινες
1273 5280 1533 5350 θηρευταὶ
1566 5283 1703 5345 ζῶον
1734 5284 2077 5354 ,δυσθήρατον
2119 5280 2334 5337 διάδύο

759 5354 951 5419 μέλλον
1001 5352 1295 5423 ἐμπίπτειν
1330 5354 1463 5403 ὁδῶν
1494 5355 1572 5423 εἰς
1619 5354 1677 5403 τὸ
1724 5352 2016 5423 θήρατρον,
2067 5356 2335 5423 ἑκατέραν

756 5426 986 5494 ἕκαστος
1036 5420 1329 5494 απολῌαόὼν
1378 5424 1498 5474 ὁδὸν
1533 5422 1747 5474 ἐλαύνοι
1790 5420 2102 5487 ἐξεναντίας
2148 5420 2333 5494 ἕτερος

752 5494 831 5562 τῷ
896 5493 1092 5561 ἑτέρῳ,
1156 5491 1296 5563 ὥστε
1354 5494 1572 5554 πάντως
1626 5496 1704 5556 εἰς
1766 5494 1993 5563 θάτερον
2046 5488 2331 5563 ἐμπεσεῖν.

766 5564 907 5617 Ἀλλ’
943 5566 1100 5635 ὑμεῖς
1148 5562 1419 5635 οὐδετέρῳ
1470 5562 1792 5635 προσέχετε,
1848 5562 1969 5616 οὒτε
2019 5562 2165 5635 ἐμοὶ,
2208 5565 2332 5617 οὔτε

750 5630 994 5703 Ἰωάννῃ.
1060 5634 1167 5685 Καὶ
1218 5630 1401 5686 λοιπὸν
1434 5630 1751 5703 ἐδικαιώθη,
1796 5652 1847 5687 κ.
1882 5652 1929 5687 τ.
1974 5637 2023 5691 λ.
2054 5630 2085 5687 ἰ
2146 5636 2333 5689 Adhuc

824 5834 904 5911 (tt)
937 5841 1076 5895 Edit.
1118 5841 1239 5895 Lut.
1272 5840 1491 5905 omittit,
1529 5844 1617 5910 qui
1648 5841 1843 5893 vocavit
1882 5838 2087 5893 luunt.

2442 4934 2585 4987 enim
2620 4932 2768 4986 in'eo
2799 4932 3022 4995 insistit,
3061 4940 3117 4984 ut
3148 4932 3415 4995 ostendat,
3458 4928 3723 4983 Joannem
3755 4931 3937 4999 egisse
3968 4946 4024 4981 ea

2442 5019 2563 5069 quae
2594 5018 2773 5057 secum
2824 5004 3216 5071 congruebant,
3264 5002 3481 5055 tametsi
3530 5016 3694 5071 opera
3748 5002 4022 5071 contraria

2444 5074 2641 5128 forent.
2678 5073 2829 5138 Quod
2868 5070 3032 5141 igitur
3063 5073 3163 5127 hoc
3205 5074 3321 5127 loco
3342 5072 3449 5141 ait,
3496 5070 3721 5139 perinde
3768 5081 3854 5123 est
3897 5087 3958 5123 ac
3978 5070 4021 5141 si

2424 5147 2690 5204 ,diceret:
2752 5139 3016 5211 Equidem
3077 5159 3174 5211 ego
3213 5154 3267 5197 et
3328 5140 3566 5195 Joannes
3606 5141 3883 5195 contraria
3944 5139 4023 5192 via

2444 5216 2740 5268 incedimus
2772 5232 2785 5266 :
2822 5228 3007 5266 verum
3042 5230 3139 5267 nos
3170 5212 3391 5281 perinde
3418 5212 3653 5265 facimus
3693 5226 3755 5277 ac
3778 5213 3824 5265 si
3857 5228 4019 5264 ven..-

2446 5294 2592 5338 torcs
2637 5288 2809 5338 feram
2859 5297 3014 5353 captu
3062 5285 3356 5346 tlimcilem,
3387 5298 3506 5353 quae
3542 5297 3635 5349 per
3658 5283 3795 5334 duas
3830 5282 3945 5335 vias
3975 5281 4023 5333 in

2446 5358 2699 5423 laqueum
2734 5355 2969 5409 incidere
2997 5365 3194 5423 potest,
3230 5353 3904 5422 utramquwviatusinguli
3938 5368 4024 5405 oc-

2443 5437 2727 5492 cupantes,
2779 5426 2917 5479 alter
2968 5437 3157 5478 contra
3204 5425 3434 5479 alterum
3490 5432 3700 5477 stantes
3746 5426 4019 5475 contraria

2442 5496 2526 5548 via
2557 5496 2849 5563 impellant.
2869 5505 2922 5547 et
2945 5504 3192 5563 urgeant,
3219 5506 3276 5548 ut
3298 5495 3609 5549 omnimode
3631 5494 3681 5545 iu
3702 5494 4021 5547 alterutrum

2446 5566 2699 5633 laqueum
2730 5567 2960 5619 decidat.
2998 5567 3103 5618 Sed
3129 5580 3223 5619 vos
3252 5565 3451 5627 neutri,
3487 5579 3589 5617 nec
3624 5564 3757 5618 mihi
3796 5564 4020 5627 scilicet,

2445 5650 2538 5690 nec
2571 5635 2787 5701 Juanui,
2816 5636 3140 5691 attendistis.
3170 5634 3459 5700 Caeterum,
3492 5654 3509 5685 I
3543 5644 3647 5689 etc.
