4256 6432
241 401 349 468 797

920 409 1364 473 ENARRATIO
1406 409 1488 472 1N
1546 412 2046 478 EVANGELIUM
2088 419 2326 482 LUCrE.
2364 447 2432 456 -
2471 422 2634 484 CAP.
2677 422 2842 486 VIII.

3383 439 3391 448 ‘
3422 421 3530 486 798

244 518 316 572 ’Δ
347 516 461 587 γὰρ
489 516 590 572 οὐκ
621 511 782 584 εἶδον,
820 519 938 583 πῶς
968 519 1037 573 ἂν
1067 521 1375 592 έκήρυξαν;
1408 523 1508 576 Διά
1546 525 1704 579 τοῦτο
1733 528 1825 580 καὶ

1935 545 2037 594 quo
2066 542 2229 600 pacto
2283 531 2714 600 prmdicasscnt?
2771 532 3067 600 Pr0ptcrea
3099 540 3158 585 et
3216 531 3530 586 Precnrsor

238 610 270 661 ὸ
304 609 618 680 Πρόδρομος
641 609 850 677 ἔλεγεν*
867 611 926 664 Ὀ
945 609 1022 665 ὣν
1053 613 1119 666 ἐκ
1136 615 1236 683 τῆς
1251 615 1375 682 γῆς,
1395 615 1458 666 lx
1479 618 1580 686 τῆς
1600 616 1704 685 γῆς
1725 616 1822 669 λαο

240 703 346 758 λεῖ.
368 705 424 756 Ὀ
439 703 494 756 δὲ
511 703 720 758 ἄνωθεν
740 705 1057 775 ἐρχόμενος,
1075 706 1104 758 δ
1123 705 1338 775 ἑώρακε
1359 712 1649 779 μαρτυρεῖ.
1667 711 1824 764 Ἦκο⁴

239 794 468 846 λούθουν
482 795 540 848 δδ
562 795 713 866 αὐτῷ
735 797 829 848 καλ⁵
863 799 1141 862 γυναῖκες,
1173 799 1262 852 Eva
1292 799 1556 869 μάθωμεν
1597 801 1673 864 ὡς
1702 802 1823 855 οὐδὲ

238 885 300 938 τ’)
315 884 450 955 θῆλυ
465 886 734 940 κωλύεται
749 888 853 940 ὑπὸ
867 888 968 957 τῆς
979 888 1263 953 ἀσθενείας
1278 891 1590 945 ἀκολουθεῖν
1607 893 1681 964 τῷ
1696 896 1824 964 X9:-

238 973 372 1043 στῷ.
392 976 535 1045 Ὀρα
549 976 606 1029 δὲ
625 977 740 1039 πῶς
761 979 856 1030 καὶ
873 979 1126 1031 πλούσιαι
1145 976 1303 1033 οὖσαι
1318 982 1467 1049 ὅμως
1488 985 1666 1037 πάντα
1689 1001 1824 1054 παρ’

238 1067 408 1132 εῖδον,
435 1070 530 1122 καὶ
557 1070 656 1140 τὴν
702 1069 793 1122 διὰ
832 1071 1068 1140 Χριστὸν
1095 1075 1191 1126 καὶ
1232 1073 1372 1142 μετὰ
1413 1075 1649 1144 Χριστοῦ
1684 1094 1824 1130 πτω-

237 1156 392 1226 χείαν
425 1159 650 1213 εἴλοντο.
693 1161 815 1214 Ὀτι
846 1163 954 1230 γὰρ
985 1163 1236 1216 πλούσιαι
1269 1159 1431 1233 ἦσαν,
1462 1166 1652 1218 ἄκουεο
1694 1167 1821 1220 Ὀτι

235 1247 526 1314 διηκόνουν
569 1250 646 1319 τῷ
691 1251 880 1320 Κυρίῳ
929 1252 1036 1304 ἀπὸ
1082 1252 1192 1305 τῶν
1237 1253 1595 1324 ὑπαρχόντων
1630 1257 1823 1320 αὑταῖς

237 1341 335 1391 καὶ
372 1342 472 1393 οὐκ
498 1341 607 1394 ἀπὸ
630 1342 797 1405 ξένων
821 1347 1123 1413 χρημάτων
1149 1346 1242 1397 καὶ
1267 1345 1491 1399 ἀδικιῶν
1512 1347 1586 1409 ὡς
1614 1349 1820 1402 πολλοί.

236 1430 314 1482 Τδ
338 1430 416 1492 δὲ.
439 1431 534 1501 ἀφ’
555 1426 622 1502 ἦς
651 1432 962 1502 ἐξεληλύθει
986 1433 1240 1501 δαιμόνια
1271 1435 1429 1500 ἑπτὰ,
1461 1437 1608 1500 τινὲς
1637 1439 1737 1508 μὲν
1763 1441 1825 1492 τὸ

237 1523 410 1576 πολλὰ
449 1523 651 1576 νοοῦσι.
709 1525 868 1594 Παρὰ
919 1527 982 1594 τῇ
1018 1525 1208 1596 Γραφῇ
1245 1528 1352 1596 γὰρ
1395 1529 1455 1581 τὸ
1486 1530 1650 1592 ἑπτὰ,
1702 1532 1824 1583 ἀντὶ

235 1613 334 1668 τοῦ
366 1613 558 1678 πολλὰ,
594 1616 1026 1685 ἐκλιμϐἀνεται.
1067 1619 1220 1688 Τάχα
1248 1620 1304 1670 δέ
1330 1637 1414 1682 τις
1438 1621 1582 1673 εἴποι
1618 1619 1705 1684 ἂν,
1742 1623 1823 1675 ὅτι

235 1703 427 1772 ὥσπερ
456 1705 595 1760 εἰσὶν
621 1707 763 1760 ἑπτὰ
795 1708 1085 1778 πνεύματα
1113 1713 1212 1780 τῆς
1238 1712 1458 1781 ἀρετῆς,
1483 1711 1657 1774 οὕτως
1687 1716 1826 1765 είσῖν

235 1801 303 1853 ἐκ
331 1797 426 1851 τοῦ
475 1800 720 1852 ἐναντίου
767 1802 908 1853 ἑπτὰ
948 1801 1236 1871 πνεύματα
1280 1802 1381 1872 τῆς
1425 1806 1649 1867 κακίας.
1697 1799 1825 1860 Οἷόν

235 1891 355 1945 ἐστι
409 1891 630 1961 πνεῦμα
688 1892 855 1958 φόϐου
905 1894 1063 1955 Θεοῦ,
1114 1895 1265 1949 ἔστιν
1313 1899 1377 1949 έκ
1433 1897 1529 1950 τοῦ
1583 1899 1826 1953 ἐναντίου

236 1981 461 2052 πνεῦμα
497 1983 729 2051 ἀφοϐίας
758 1984 917 2046 Θεοῦ,
953 1988 1068 2038 ἔστι
1104 1988 1324 2057 πνεῦμα
1354 1991 1648 2053 συνέσεως,
1679 1991 1827 2044 ἔστιν

239 2075 619 2144 ἀντιστρόφως
669 2076 891 2143 πνεῦμα
941 2079 1277 2144 ἀσυνεσίας,
1311 2083 1405 2134 καὶ
1450 2083 1710 2152 καθεξῆς.
1764 2083 1826 2135 El

239 2169 318 2238 μὴ
362 2168 495 2235 γοῦν
521 2168 816 2240 ἐκϐληθείη
869 2170 937 2234 τὰ
984 2172 1125 2228 ἑπτα
1177 2173 1352 2227 ταῦτα
1405 2175 1693 2243 πνεύματα
1729 2178 1827 2245 τῆς

237 2259 436 2323 κακίας
480 2261 589 2313 ἀπὸ
622 2261 722 2329 τῆς
767 2262 966 2332 ψυχῆς,
1016 2266 1076 2317 οὐ
1110 2265 1334 2319 δύναταί
1370 2284 1454 2329 τις
1508 2268 1826 2322 ἀκολουθεῖν

235 2351 317 2424 τῷ
349 2350 590 2421 Χριστῷ.
616 2355 708 2405 Δεῖ
750 2355 860 2424 γὰρ
895 2355 1150 2409 ἐκϐαλεῖν
1181 2357 1398 2425 πρῶτον
1432 2357 1522 2410 τὸν
1559 2359 1823 2427 Σατανᾶν,

238 2444 336 2499 καὶ
365 2442 537 2507 οὕτως
565 2445 830 2497 ὲνοικὶσαι
869 2446 960 2498 τὸν
994 2449 1253 2516 Χριστόν.

321 2554 339 2587 ι
374 2537 656 2599 Συνιόντος
687 2537 744 2590 δὲ
771 2536 928 2607 δχλου
965 2539 1186 2602 πολλοῦ,
1222 2542 1316 2593 καὶ
1351 2541 1460 2596 τῶν
1496 2544 1636 2598 κατὰ
1670 2545 1826 2598 πόλιν

236 2629 717 2698 ἐπιπορευομένων
760 2633 900 2699 πρὸς
956 2632 1141 2694 αὑτὸν,
1189 2629 1308 2685 εἶπε
1335 2634 1424 2688 διὰ
1484 2636 1823 2706 παραϐολῆς·

250 2720 506 2790 Ἐξῆλθεν
546 2724 574 2776 ό
605 2724 847 2794 σπείρων
881 2724 976 2777 τοῦ
1010 2729 1233 2796 σπεῖραι
1264 2728 1355 2780 τὸν
1390 2731 1594 2798 σπόρον
1636 2730 1823 2786 αὐτοῦ.

240 2812 352 2867 Καὶ
383 2814 440 2865 ἐν
486 2813 566 2885 τῷ
614 2817 861 2886 σπείρειν
913 2817 1098 2879 αὑτὸν,
1131 2818 1159 2870 ὃ
1208 2820 1305 2888 μὲν
1347 2819 1512 2872 ἔπεσε
1545 2822 1696 2890 παρὰ
1729 2822 1826 2890 τὴν

237 2905 378 2967 ὁδὸν,
417 2907 509 2959 καὶ
543 2907 920 2979 κατεπατήθη,
975 2911 1071 2962 καὶ
1105 2912 1172 2963 τὰ
1209 2913 1434 2966 πετεινὰ
1468 2914 1562 2966 τοῦ
1594 2915 1825 2983 οὐρανοῦ

239 3000 552 3070 κατέφαγεν
579 3003 709 3055 αύτό
727 3020 739 3031 '
771 3004 864 3055 καὶ
892 3003 1079 3072 ἕτερον
1110 3005 1309 3058 ἔπεσεν
1331 3008 1426 3060 ἐπὶ
1454 3007 1554 3079 τὴν
1593 3009 1824 3079 πέτραν,

241 3095 334 3146 καὶ
387 3093 519 3161 φυὲν
570 3095 842 3164 ἐξηράνθη
901 3097 990 3148 διὰ
1045 3098 1106 3149 τὸ
1162 3100 1238 3167 μὴ
1286 3099 1430 3168 ἔχειν
1467 3100 1690 3169 ἰκμάδα·
1735 3103 1828 3154 καὶ

1928 623 2140 678 dicebat
2177 641 2190 676 :
2226 622 2329 687 Qui
2358 625 2425 676 de
2452 633 2594 676 terra
2633 632 2738 685 est,
2765 625 2832 678 de
2863 635 3006 677 terra
3057 624 3299 692 loquitur
3335 640 3350 679 :
3387 623 3476 691 qui
3501 638 3533 677 ο

1926 717 2180 783 Supernis
2232 716 2400 778 venit,
2444 717 2586 780 quod
2621 719 2755 770 vidit
2823 726 3074 770 testatur.
3102 715 3312 769 Secuta:
3347 727 3530 768 autem

1926 817 2052 859 sunt
2106 823 2230 860 cum
2267 808 2540 872 mulieres,
2579 819 2636 860 ut
2669 811 2848 862 discas
2882 807 3024 874 quod
3086 823 3260 872 neque
3301 805 3534 861 feminas

1926 913 2023 952 sua
2061 897 2402 953 infirmitasa
2455 899 2713 954 comitatu
2773 899 2976 953 Clnisﬁ
3035 897 3348 967 prohibeat.
3395 896 3531 950 Vide

1927 993 2054 1045 item
2090 993 2362 1059 quomodo
2388 997 2443 1044 et
2475 1006 2598 1059 quae
2628 992 2824 1044 divites
2879 999 3060 1053 erant,
3115 990 3370 1043 omuihus
3429 1004 3522 1043 ne-

1925 1083 2117 1153 glectis
2141 1092 2516 1152 paupertatem
2585 1099 2710 1137 cum
2764 1083 2989 1138 Christo
3047 1091 3099 1136 et
3151 1074 3250 1149 pro
3305 1080 3530 1136 Christo

1927 1176 2248 1245 delegerint.
2322 1173 2458 1228 Nam
2499 1176 2642 1244 quod
2691 1177 2886 1229 divites
2940 1174 3163 1236 fuerint,
3211 1174 3358 1237 audi,
3393 1173 3529 1238 Quia

1926 1268 2310 1320 ministrarum
2364 1265 2596 1321 Domino
2651 1265 2718 1320 de
2749 1266 3098 1320 facultatibus
3127 1266 3262 1325 suis.
3319 1280 3424 1316 non
3468 1265 3533 1316 dc

1928 1358 2122 1411 alienis
2147 1358 2342 1425 opibus
2371 1366 2425 1411 et
2469 1357 2668 1424 injuste
2695 1358 2886 1427 partis,
2907 1358 2982 1410 uti
3017 1357 3169 1410 multi
3193 1357 3386 1410 solent.
3414 1352 3533 1408 Jam

1927 1465 2022 1518 per
2056 1459 2265 1517 septem
2299 1448 2588 1513 demonia,
2623 1465 2744 1517 quae
2796 1449 2863 1503 de
2917 1448 3006 1501 illa
3055 1449 3227 1517 ejecta
3287 1446 3528 1506 fuerunt,

1925 1536 2787 1610 quidamintelliguntmulta.ln
2865 1539 3169 1606 Scripturis
3229 1539 3371 1590 enim
3431 1553 3531 1606 pro

1929 1631 2115 1684 multis
2136 1641 2341 1698 septem
2369 1631 2544 1700 accipi
2586 1630 2750 1685 solet.
2786 1630 3056 1685 Fortassis
3087 1642 3269 1683 autem
3330 1630 3530 1682 dixerit

1927 1721 2073 1789 quis,
2105 1723 2249 1790 quod
2279 1719 2422 1775 sicut
2453 1729 2578 1775 sunt
2619 1732 2825 1790 septem
2885 1722 3111 1789 spiritus
3163 1715 3400 1783 virtutis,
3460 1720 3531 1772 ita

1929 1823 2058 1869 sunt
2086 1830 2117 1869 e
2143 1815 2360 1870 diverso
2394 1828 2601 1883 septem
2629 1816 2853 1883 spiritus
2893 1815 3114 1867 malitia:
3142 1832 3154 1877 ;
3193 1826 3249 1867 ut
3282 1815 3424 1867 sicut
3452 1823 3536 1866 cst

1931 1909 2154 1976 spiritus
2183 1909 2398 1962 timoris
2422 1908 2539 1972 Dei,
2574 1909 2643 1961 ita
2685 1919 2794 1962 cte
2846 1905 3064 1960 diverso
3120 1909 3346 1973 spiritus
3399 1921 3534 1958 cou-

1932 2009 2172 2071 tcmptus
2200 2000 2294 2054 Dei
2323 2009 2377 2053 et
2409 2000 2728 2068 impietatis.
2773 1998 2869 2053 Est
2919 2000 3145 2067 spiritus
3196 1999 3528 2062 intellectus,

1930 2104 2010 2148 est
2043 2109 2074 2147 e.
2104 2094 2319 2148 diverso
2344 2093 2568 2161 spiritus
2604 2093 2952 2148 hebetudinis
3012 2092 3286 2145 intellectu
3340 2107 3537 2145 caren-

1932 2187 2020 2252 tis,
2046 2195 2099 2240 et
2135 2188 2212 2241 sic
2241 2186 2307 2240 de
2336 2187 2477 2239 aliis.
2510 2187 2694 2254 Itaque
2727 2186 2828 2239 nisi
2862 2185 3154 2254 cjiciantur
3177 2194 3385 2252 septem
3422 2183 3537 2253 spi-

1935 2283 2071 2336 ritus
2097 2280 2322 2335 malitize
2387 2283 2453 2334 ab
2527 2284 2731 2344 anima,
2795 2295 2902 2332 non
2952 2288 3130 2348 potest
3193 2281 3314 2347 quis
3379 2275 3534 2346 sequi

1929 2372 2232 2428 Christum.
2263 2373 2493 2440 Oportet
2519 2374 2662 2427 enim
2699 2373 2934 2441 primum
2966 2371 3090 2440 ejici
3126 2371 3450 2436 daamonem,
3477 2377 3534 2424 et

1931 2476 2058 2518 tunc.
2087 2465 2394 2527 inhabitare
2428 2465 2725 2518 Christum.

2002 2559 2168 2614 Vens.
2189 2557 2519 2614 4—lO.iCum
2546 2567 2724 2611 autem
2748 2558 2903 2612 turba
2931 2557 3164 2626 plurima
3195 2557 3532 2620 conveniret,

1930 2651 2271 2720 etesiugulis
2287 2651 2598 2706 civitatibus
2636 2661 2996 2720 properarent
3015 2652 3080 2703 ad
3108 2665 3254 2715 eum,
3276 2649 3410 2704 dixit
3443 2665 3542 2720 per

1930 2745 2341 2800 similitudinem
2370 2744 2545 2798 :Exiit
2567 2745 2656 2812 qui
2680 2752 2980 2798 sementem
3006 2743 3262 2806 faciebat,
3288 2745 3352 2795 ad
3370 2743 3541 2798 semi-

1931 2837 2169 2891 nandum
2218 2850 2404 2891 semen
2456 2851 2612 2890 suum
2653 2845 2748 2890 :et
2787 2837 2927 2890 inter
2954 2835 3358 2900 seminandum,
3395 2835 3540 2888 aliud

1935 2931 2131 2984 cecidit
2185 2929 2329 2983 circa
2370 2930 2532 2996 viam,
2568 2929 3020 2983 etconculcatmn
3069 2941 3176 2996 est,
3208 2939 3262 2982 et
3296 2929 3545 2983 volucres

1931 3022 2058 3078 coeli
2080 3022 2435 3076 comederunt
2459 3023 2611 3076 illud.
2644 3021 2709 3077 Et
2741 3023 2884 3076 aliud
2913 3023 3112 3078 cecidit
3139 3037 3303 3089 super
3328 3031 3540 3091 petram

1931 3127 1987 3169 et
2047 3125 2266 3170 enatum
2309 3117 2475 3180 aruit,
2546 3116 2672 3185 quia
2710 3131 2812 3169 non
2844 3116 3079 3170 habebat
3124 3116 3434 3170 humorem.
3477 3110 3548 3166 Et

236 3183 428 3255 ἕτερον
457 3185 653 3237 ἔπεσεν
681 3187 738 3237 ὲν
767 3185 917 3256 μέσῳ
948 3187 1056 3240 τῶν
1078 3188 1352 3254 ἀκανθῶν,
1380 3191 1472 3242 καὶ
1497 3196 1832 3260 συμφυεῖσαι

1943 3207 2087 3259 aliud
2146 3206 2342 3260 cecidit
2394 3207 2538 3259 inter
2588 3208 2797 3277 spinas,
2854 3217 2907 3261 et
2957 3207 3118 3261 simul
3166 3215 3344 3260 enata:
3373 3207 3546 3275 spina:

237 3279 294 3329 αἱ
323 3277 558 3331 ἄκανθαι
597 3278 903 3342 ἀπέπνιξαν
939 3282 1090 3334 αὑτό.
1128 3283 1238 3334 Καὶ
1283 3282 1470 3353 ἕτερον
1516 3285 1714 3337 ἔπεσεν
1751 3289 1830 3349 εἰς

153 3425 166 3438 ,
239 3368 340 3438 τὴν
369 3369 473 3438 γῆν
504 3369 601 3438 τὴν
633 3370 866 3439 ἀγαθὴν,
899 3370 993 3423 καὶ
1023 3373 1155 3440 φυὲν
1202 3374 1425 3442 ἐποίησε
1454 3377 1667 3445 καρπὲν
1700 3377 1831 3427 ἐκα-

229 3462 700 3515 Ἰιςονταπλασίονα.
741 3461 929 3515 Ταῦτα
951 3463 1146 3531 λέγων,
1195 3465 1413 3531 ἐφώνει,
1455 3463 1512 3516 ὐ
1550 3466 1687 3535 ἔχων
1718 3460 1832 3518 ὦτα

243 3552 491 3613 ἀκούειν,
530 3553 796 3605 ἀκουέτω.
847 3553 1179 3622 Ἐπηρώτων
1222 3553 1279 3605 δὲ
1311 3554 1472 3606 αὑτὸν
1503 3557 1551 3607 οἱ
1591 3556 1835 3626 μαθηταὶ

239 3646 430 3708 αὑτοῦ,
476 3646 764 3711 λέγοντες,
799 3646 880 3703 τίς
930 3648 1016 3715 είη
1072 3647 1102 3715 ἡ
1139 3648 1425 3716 παραῦολὴ
1462 3647 1632 3719 abte};
1683 3650 1740 3701 ’0
1776 3650 1834 3702 δὲ

241 3735 430 3794 εἶπεν·
469 3739 633 3807 Ὑμῖν
667 3738 876 3790 δέδοται
910 3737 1116 3803 γνῶναι
1145 3739 1216 3792 τὰ
1249 3742 1524 3811 μυστήρια
1546 3743 1645 3812 τῆς
1679 3742 1836 3810 βασι-

238 3831 394 3895 λιίας
449 3830 544 3884 τοῦ
591 3830 747 3893 Θεοῦ,
777 3833 890 3893 τοῖς
919 3830 977 3883 δὲ
1010 3831 1218 3895 λοιποῖς
1247 3834 1304 3885 ὲν
1354 3834 1717 3902 παραϐολαῖς,
1749 3837 1836 3888 ἵνα

243 3922 535 3995 βλέποντες
597 3925 670 3994 μὴ
721 3923 986 3992 βλέπωσι,
1055 3927 1151 3977 καὶ
1197 3925 1488 3988 ἀκούοντες
1526 3927 1601 3998 μὴ
1643 3928 1836 3981 συνιῶ-

245 4032 350 4068 σιν.
396 4035 413 4068 ι
451 4014 630 4086 Ὅπερ
660 4011 815 4070 εἶπεν
844 4017 872 4068 ό
901 4015 1066 4068 Δαυῖδ
1090 4017 1258 4070 πάλαι
1296 4019 1354 4070 ὲν
1387 4019 1666 4090 προσώπῳ
1698 4022 1836 4092 Χρι-

243 4107 396 4172 στοῦ,
422 4105 581 4159 τοῦτο
609 4106 704 4159 νῦν
736 4106 1165 4176 ἐξέϐη.’Δνοίξω
1181 4109 1312 4179 γὰρ,
1343 4114 1530 4179 φησὶν,
1561 4113 1618 4164 ὲν
1654 4130 1835 4182 παρα-

245 4201 432 4264 ϐολαῖς
469 4201 531 4253 τὸ
583 4200 760 4270 στόμα
818 4218 943 4270 μου.
986 4202 1291 4269 Φθέγγεται
1342 4205 1522 4257 τοίνυν
1573 4206 1600 4257 ό
1633 4206 1838 4275 Κύριος

242 4293 632 4365 παραδολικῶς
683 4293 772 4345 διὰ
807 4293 1005 4346 πολλά·
1045 4295 1141 4347 καὶ
1189 4297 1276 4348 ἶνα
1320 4295 1431 4366 γὰρ
1464 4315 1839 4366 προσεκτικω-

243 4387 434 4457 τέρους
466 4387 671 4459 ποιήσῃ
698 4388 823 4447 τοὺς
870 4387 1189 4453 ἀκούοντας,
1222 4390 1317 4442 καὶ
1343 4391 1591 4461 διεγείρῃ
1652 4394 1838 4456 αὐτοῖς

244 4479 337 4533 τὸν
367 4477 492 4533 νοῦν
519 4482 598 4541 εἰς
631 4480 864 4549 ζήτησιν
891 4480 1002 4532 τῶν
1034 4481 1366 4549 λεγομένων.
1407 4483 1697 4552 Εἱώθαμεν
1728 4487 1838 4554 γὰρ

241 4571 292 4623 οἱ
326 4570 606 4640 ἄνθρωποι
649 4571 721 4624 τὰ
759 4573 858 4642 μὲν
889 4574 1184 4636 σκοτεινῶς
1219 4574 1490 4644 λεγόμενα
1531 4579 1835 4648 περιεργά-

242 4662 454 4728 ζεσθαι,
485 4665 553 4717 τὰ
589 4664 646 4717 δὲ
690 4665 836 4735 σαφῆ
869 4670 1244 4736 περιφρονεῖν·
1283 4670 1378 4722 καὶ
1423 4669 1510 4723 ἴνα
1547 4672 1596 4722 oi
1628 4670 1836 4735 ἀνάξιοι

243 4758 352 4810 τῶν
395 4758 792 4828 μυστηριωδῶς
838 4758 1153 4827 λεγομένων
1203 4761 1280 4829 μὴ
1329 4762 1664 4818 ἐπακούωσι.
1728 4765 1838 4818 Καὶ

238 4848 327 4903 διὰ
361 4850 698 4903 πολλὰ-ἅλλα
728 4852 787 4903 ὲν
836 4851 1173 4921 παραϐολαῖς
1208 4853 1528 4921 φθέγγεται.
1582 4857 1836 4926 Ἐξῆλθεν

239 4933 334 4990 οὖν
361 4939 390 4990 ό
425 4937 687 5006 σπείρων,
719 4939 1024 5007 τουτέστιν,
1060 4944 1087 4994 ό
1116 4942 1245 5017 re;
1281 4944 1375 4996 τοῦ
1411 4947 1546 4998 Θεοῦ
1607 4948 1834 5017 ἐξῆλθεν

240 5031 306 5085 lx
335 5029 446 5084 τῶν
487 5032 708 5086 κόλπων
751 5036 858 5090 τῶν
903 5035 1234 5107 Πατρικῶν,
1290 5041 1384 5093 καὶ
1416 5041 1524 5094 ἀπὸ
1553 5044 1652 5112 τῆξ
1694 5061 1832 5114 κρυν

240 5122 494 5192 φιὸτητος
538 5124 730 5189 αὑτοῦ,
768 5126 863 5180 καὶ
895 5130 1147 5201 ἐμφανὴς
1172 5131 1409 5199 ἐγένετο.
1446 5134 1543 5197 Τίς
1574 5136 1628 5188 δὲ
1672 5137 1836 5206 ἑξῆλυ

240 5215 365 5283 θεν;
395 5213 457 5270 Ὀ
475 5219 562 5271 ἀεὶ
590 5219 852 5289 σπείρων.
874 5223 949 5274 Οὐ
973 5221 1202 5277 παύεται
1225 5227 1332 5299 γὰρ
1357 5229 1383 5280 ὁ
1413 5227 1542 5292 Υἱὸς
1557 5224 1660 5281 ’τοῦ
1694 5230 1829 5283 Θεοῦ

237 5308 326 5361 ἀεὶ
353 5309 595 5379 σπείρων
629 5313 685 5362 ὲν
719 5315 838 5375 ταῖς
865 5315 1160 5386 ἡμετέραις
1183 5319 1403 5390 ψυχαῖς.
1427 5322 1499 5373 Οὐ
1528 5323 1636 5392 γὰρ
1671 5325 1831 5394 μόνον

236 5399 370 5453 ὅταν
395 5398 645 5474 διδάσκῃ,
680 5403 816 5457 ἀλλὰ
848 5409 940 5459 καὶ
965 5409 1053 5463 διὰ
1087 5412 1184 5481 τῆς
1218 5414 1449 5477 κτίσεως
1480 5417 1706 5485 ταύτης,
1738 5420 1834 5480 καὶ

236 5493 349 5546 τῶν
397 5491 521 5546 καθ’
575 5496 813 5568 ἑκάστην
843 5501 920 5563 είς
970 5503 1117 5572 ἡμᾶς
1152 5506 1477 5575 γινομένων,
1513 5510 1726 5578 σπείρει
1773 5515 1831 5564 ἐν

237 5585 362 5674 ταῖς
385 5585 688 5657 ἡμετέραις
718 5591 920 5662 ψυχαῖς
945 5595 1014 5647 τὰ
1043 5596 1225 5664 ἀγαθὰ
1255 5599 1567 5671 σπέρματα.
1602 5603 1828 5674 Ἐξῆλθε

238 5670 332 5743 δὲ,
364 5679 463 5750 οὐχ
507 5679 598 5734 ῖνα
624 5684 753 5745 τοὺς
785 5689 1067 5757 γεωργοὺς
1096 5691 1415 5767 ἀποκτείνῃ,
1449 5694 1480 5765 ἢ
1516 5697 1614 5768 τὴν
1647 5670 1830 5769 χώραν

315 5857 362 5889 ³⁸
393 5856 533 5918 I‘sal.
575 5875 772 5929 Luvtt,
812 5862 866 5920 ἓ.

1940 3297 2344 3351 sofl‘Ocavcrunt
2388 3297 2538 3352 illud.
2595 3298 2659 3351 Et
2699 3299 2845 3352 aliud
2895 3299 3091 3353 ceridit
3128 3299 3180 3352 in
3218 3311 3417 3352 terram
3451 3297 3546 3352 ho-

1940 3407 2086 3454 nam,
2122 3399 2176 3444 et
2221 3399 2446 3443 enatum
2480 3388 2610 3444 fecit
2650 3389 2886 3444 fructum
2919 3393 3256 3462 centuplum.
3283 3389 3407 3444 Hac
3462 3389 3547 3444 dia

1939 3496 2070 3538 cens
2119 3482 2390 3536 clamabat
2427 3483 2573 3548 :Qui
2623 3483 2786 3537 habet
2838 3499 2999 3537 aures
3064 3484 3128 3535 ad
3178 3483 3544 3540 audiendum.

1943 3577 2151 3631 audiat.
2195 3577 2616 3653 lutet-rogabant
2658 3587 2838 3630 autem
2873 3592 2994 3631 eum
3029 3575 3277 3645 discipuli
3313 3574 3430 3644 ejus
3462 3576 3546 3628 di-

1939 3678 2147 3735 centes,
2187 3683 2435 3736 quanam
2477 3676 2622 3722 esset
2647 3668 2749 3721 ista
2805 3658 3084 3735 parabola.
3120 3668 3189 3719 At
3233 3665 3321 3719 ille
3352 3665 3489 3718 dixit
3527 3684 3542 3720 :

1944 3763 2112 3818 Vobis
2137 3762 2323 3816 datum
2364 3771 2448 3816 est
2498 3775 2662 3815 nosse
2694 3762 2952 3831 mysteria
3002 3761 3150 3830 regni
3189 3759 3304 3824 Dei,
3333 3757 3549 3814 caneris

1940 3867 2122 3910 autem
2176 3872 2273 3928 per
2313 3855 2599 3924 parabolas
2635 3875 2649 3912 :
2684 3865 2742 3910 ut
2789 3855 3056 3920 videntes,
3092 3870 3197 3909 non
3223 3855 3462 3917 videant,
3496 3863 3550 3906 et

1939 3947 2105 4020 324
2151 3948 2439 4005 audientes
2499 3962 2606 4000 non
2662 3946 3050 4015 intelligant.»
3109 3945 3263 4000 Nunc
3332 3945 3548 3999 tandem

1939 4042 2119 4096 evenit
2166 4041 2309 4112 quod
2347 4040 2475 4095 olim
2531 4039 2696 4093 David
2747 4041 2799 4093 in
2832 4055 3063 4109 persona
3100 4038 3308 4095 Christi
3355 4038 3490 4092 dixit
3529 4054 3544 4091 :

1940 4134 2195 4203 Aperiam
2246 4133 2417 4197 enim,
2481 4133 2680 4201 inquit,
2721 4133 2774 4184 in
2831 4132 3103 4198 parabolis
3155 4146 3217 4185 os
3271 4145 3450 4184 meum
3477 4128 3543 4184 ⁸⁸.

1943 4224 2206 4294 Loquitur
2256 4224 2438 4292 itaque
2491 4223 2776 4292 parabolas
2807 4222 3070 4276 Dominus
3102 4231 3324 4290 propter
3355 4223 3546 4282 multa,

1943 4332 2137 4386 nempe
2200 4325 2258 4369 ut
2310 4315 2636 4374 attentiores
2695 4314 2890 4370 reddat
2935 4315 3231 4380 auditores,
3265 4324 3316 4368 et
3348 4316 3551 4369 excitet

1943 4408 2156 4462 illorum
2221 4417 2460 4461 mentem
2493 4407 2557 4458 ad
2588 4407 2972 4476 inquirendum
3027 4407 3093 4460 de
3135 4406 3218 4458 his
3251 4421 3370 4476 qua:
3401 4408 3545 4461 dicta

1944 4513 2092 4558 sunt.
2155 4502 2346 4557 Solent
2386 4503 2528 4556 enim
2594 4502 2844 4556 homines
2901 4501 3174 4556 curiosius
3219 4503 3549 4572 investigare

1944 4600 2010 4651 de
2041 4597 2130 4651 his
2170 4611 2292 4666 qua:
2341 4597 2482 4650 dieta
2521 4606 2648 4650 sunt
2699 4596 3009 4661 obscurius,
3045 4595 3333 4650 manifesta
3365 4604 3547 4650 autem

1944 4689 2260 4759 negligere:
2292 4698 2349 4743 et
2377 4701 2433 4742 ut
2458 4689 2666 4760 indigni
2699 4704 2806 4743 non
2833 4689 3140 4758 intelligant
3177 4704 3299 4756 quae
3330 4691 3549 4743 abstru-

1940 4780 2055 4834 sius
2105 4789 2236 4834 sunt
2286 4782 2473 4846 dicta;
2508 4791 2670 4849 atque
2722 4792 2943 4851 prepter
2982 4781 3146 4834 multa
3173 4781 3277 4838 alia
3308 4781 3360 4834 in
3389 4795 3547 4849 para-

1940 4871 2078 4926 bolis
2107 4871 2365 4941 loquitur.
2393 4868 2541 4924 Eviit
2584 4871 2749 4941 igitbr
2776 4871 3078 4936 seminans,
3111 4869 3213 4923 hoc
3236 4879 3340 4933 est,
3376 4868 3548 4922 Filius

1944 4963 2036 5021 Dei
2062 4966 2234 5020 exivit
2270 4966 2334 5020 de
2371 4965 2551 5019 Patris
2582 4965 2662 5018 sui
2700 4967 2822 5018 siuu
2855 4963 3196 5027 abscondito,
3230 4973 3284 5016 ct
3325 4962 3549 5031 conspi-

1933 5073 2069 5112 cuus
2119 5057 2293 5112 factus
2332 5067 2436 5113 est.
2488 5057 2623 5123 Quis
2661 5067 2839 5110 autem
2873 5056 3083 5111 exivit?
3120 5054 3170 5111 Is
3205 5056 3295 5124 qui
3329 5071 3546 5123 semper

1937 5137 2195 5207 seminat.
2237 5149 2409 5204 Filius
2456 5150 2599 5202 enim
2640 5149 2732 5204 Det
2777 5165 2883 5202 non
2909 5159 3088 5203 cessat
3128 5163 3345 5215 semper
3382 5147 3548 5202 semia

1937 5259 2067 5297 nare
2099 5244 2149 5296 in
2182 5244 2470 5298 animabus
2496 5243 2722 5296 nostris.
2757 5240 2871 5296 Non
2907 5243 3052 5296 enim
3111 5242 3288 5295 solum
3323 5241 3543 5311 quando

1937 5336 2149 5388 videtur
2189 5337 2405 5398 docere,
2462 5336 2555 5388 sed
2606 5343 2658 5388 et
2707 5350 2805 5403 per
2855 5334 3114 5387 mundum
3143 5333 3331 5391 istum.
3361 5341 3411 5386 et
3447 5349 3545 5400 per

1942 5443 2002 5480 ea
2033 5442 2154 5496 quae
2181 5427 2423 5497 quotidie
2459 5426 2586 5482 facit
2621 5445 2748 5496 erga
2784 5443 2901 5493 nos,
2971 5428 3205 5483 seminat
3231 5426 3282 5479 in
3340 5426 3546 5481 nostris

1943 5520 2226 5573 animabus
2268 5519 2405 5573 bona
2454 5521 2684 5574 semina.
2723 5521 2901 5573 Exivit
2930 5533 3131 5584 autem,
3163 5535 3268 5574 non
3306 5528 3366 5573 ut
3400 5521 3544 5589 agri-

1941 5614 2090 5665 colas
2144 5613 2382 5675 occidat,
2429 5612 2512 5666 vel
2560 5629 2749 5681 agrum
2790 5621 3008 5681 exurat,
3063 5613 3158 5669 sed
3195 5622 3252 5666 ut
3285 5613 3535 5668 seminet.

1943 5699 2098 5771 Srpc
2128 5702 2302 5757 enim.
2333 5704 2610 5773 egreditur
2654 5703 2888 5777 agricola
2922 5712 2976 5761 et
3023 5713 3251 5774 propter
3272 5705 3399 5773 alia,
3433 5720 3539 5769 non
