4256 6432
762 382 868 444 709

1684 386 2263 448 THEOPHYLACTI
2302 387 2706 449 BULGARI.’E
2748 384 3103 446 ARCHIEP.

3919 377 4023 442 800

765 490 939 543 solum
972 498 1027 544 ut
1067 492 1314 553 seminat,
1344 492 1435 544 sed
1462 493 1592 545 exiit
1614 504 1669 545 ut
1697 497 1924 549 setninet
1948 512 2131 551 semen
2168 514 2344 552 suum.
2377 518 2393 560 Α

2415 539 2424 559 λ
2453 498 2798 570 κατακαύσει.
2822 499 2936 566 ᾁλλ’
2964 499 3049 549 ἵνα
3076 494 3293 563 σπείρῃ·
3324 493 3581 554 πολλάκις
3605 492 3713 561 γὰρ
3745 490 4027 561 ἐξέρχεται

762 582 1018 651 Prnprius
1054 585 1193 635 enim
1220 584 1334 648 ejus
1367 594 1447 637 est
1479 600 1656 638 sermo
1690 588 1967 651 doctrina,
1997 598 2174 642 etnon
2205 589 2337 641 alie-

765 692 882 727 nns.
916 675 1186 743 Propltetzc
1221 676 1363 728 enim
1406 691 1741 745 quzccunque
1776 680 2051 741 dixerunt,
2083 696 2112 733 e
2148 680 2337 746 spiritu

765 770 1036 828 dixerunt,
1088 779 1140 819 et
1183 784 1287 820 non
1333 780 1390 821 ut
1445 772 1697 837 propria:
1731 775 1869 825 unde
1925 781 1979 824 et
2035 772 2335 825 dixeruM:

2446 592 2473 641 6
2507 590 2750 659 γεωργὸς
2791 590 2883 640 καὶ
2932 589 2999 640 δι’
3031 587 3188 649 ἄλλα,
3225 586 3287 637 οὐ
3341 585 3501 654 μόνον
3549 584 3636 634 διὰ
3691 584 3751 635 τὸ
3784 586 4026 649 σπεῖραι.

2444 683 2548 734 Τὸν
2582 683 2781 752 σπόρον
2811 681 2867 733 δὲ
2897 679 3061 733 αὑτοῦ
3095 676 3282 745 ἐξῆ).οε
3316 678 3555 744 σπεῖραι.
3594 674 3754 735 Ἰδιος
3796 676 3908 741 γὰρ
3939 674 4027 725 αὐ·

2442 772 2535 823 τοῦ
2569 769 2635 831 ἦν
2665 773 2692 822 6
2726 771 2884 837 λόγος
2927 769 3024 837 τῆς
3052 766 3420 826 διδασκαλίας,
3468 766 3559 816 καὶ
3597 765 3696 815 οὐκ
3723 762 4024 830 ἀλλότριος.

762 856 883 909 "me
914 856 1044 909 dicit
1096 855 1377 910 Dominus.
1410 858 1657 910 Christus
1701 871 1830 911 vero
1865 860 2141 926 proprium
2180 860 2339 913 liabet

2441 863 2503 913 Οί
2538 861 2636 929 μὲν
2686 861 2794 929 γὰρ
2838 860 3134 928 προφῆται,
3174 857 3271 908 ὃσα
3304 856 3510 920 ἔλεγον,
3544 854 3643 905 οὐκ
3677 855 3785 905 [δια
3820 850 4023 917 ελεγον,

758 962 968 1007 semen,
1005 948 1204 1000 idcirco
1239 964 1341 999 non
1374 948 1584 1001 dicebat
1616 950 1814 1003 docens
1849 968 1862 1003 :
1903 950 2025 1005 llaec
2070 952 2200 1004 dicit
2228 951 2334 1005 Do-

757 1038 955 1099 minus,
999 1039 1088 1090 sed
1116 1055 1132 1087 ι
1163 1038 1274 1106 Ego
1298 1038 1416 1091 dico
1447 1040 1619 1092 vobis.
1652 1039 1965 1094 Seminante
1996 1051 2177 1095 autem
2220 1043 2330 1107 illo,

756 1127 858 1180 ltoc
910 1139 989 1180 est
1025 1130 1267 1191 docente,
1300 1130 1441 1183 aliud
1480 1131 1695 1197 quidem
1722 1132 1922 1185 cecidit
1956 1133 2099 1186 circa
2137 1133 2273 1185 viam
2320 1151 2332 1185 :

756 1228 859 1271 no‘n
892 1222 1027 1272 dixit
1082 1222 1220 1286 quod
1254 1222 1538 1291 projecerit
1579 1224 1876 1286 seminans,
1912 1225 2003 1279 sed
2037 1229 2175 1294 quod
2206 1225 2334 1281 illud

752 1313 1030 1367 ceciderit.
1077 1310 1206 1364 Nam
1237 1315 1325 1379 qui
1375 1316 1628 1376 seminat,
1667 1316 1969 1370 seminatet
2000 1317 2177 1381 docet,
2210 1333 2331 1371 ser-

760 1419 846 1455 mo
870 1414 1043 1455 autem
1076 1405 1222 1457 cadit
1260 1406 1309 1457 in
1342 1406 1644 1458 audientes.
1681 1405 1744 1458 Hi
1770 1416 1946 1459 autem
1985 1408 2334 1463 inveniuntur

749 1507 778 1544 e
813 1509 869 1544 se
909 1493 984 1545 vel
1046 1494 1148 1558 via,
1182 1495 1261 1547 vel
1291 1504 1458 1562 petra,
1499 1495 1579 1548 vel
1616 1497 1812 1563 spinae,
1878 1498 1959 1551 vel
1992 1506 2132 1551 terra
2169 1499 2329 1553 bona.

752 1580 1018 1635 Caeterum
1053 1584 1327 1651 discipulis
1362 1585 1819 1652 interrogantibus
1863 1589 2194 1656 parabolam,
2254 1591 2332 1642 di-

744 1674 817 1727 cit
888 1673 1196 1728 Dominus:
1244 1674 1408 1729 Vobis
1458 1677 1643 1730 datum
1716 1688 1799 1731 est
1858 1681 1998 1734 scire
2073 1682 2331 1752 mysteria

750 1763 899 1828 regni
938 1760 1052 1829 Dei,
1098 1764 1197 1817 hoc
1249 1774 1330 1817 est
1384 1767 1535 1818 vobis
1571 1768 1961 1834 quaerentibus,
1997 1779 2052 1821 ut
2082 1770 2326 1824 tliscatis.

750 1870 772 1905 ε
811 1852 997 1907 Omnis
1029 1857 1167 1907 enim
1203 1858 1291 1924 qui
1333 1859 1483 1925 petit,
1530 1860 1724 1927 accipit
1758 1860 1837 1913 ".
1872 1879 1889 1911 ι
1922 1859 2163 1931 Reliquis
2200 1878 2325 1917 vero

743 1945 833 2013 qui
868 1949 1219 2000 sacramentis
1267 1950 1467 2012 indigni
1533 1961 1675 2014 sunt,
1714 1952 1941 2005 obscure
1979 1953 2250 2016 dicuntur,
2276 1961 2328 2006 ct

742 2038 1048 2091 existimant
1095 2041 1310 2106 quidem
1361 2056 1417 2093 se
1476 2043 1679 2103 videre,
1734 2044 1824 2097 sed
1860 2060 1966 2097 non
2000 2044 2181 2097 vident
2226 2055 2328 2099 :et.

742 2128 968 2180 audiunt
1001 2129 1241 2196 quidem,
1288 2132 1380 2183 sed
1428 2146 1528 2183 non
1582 2132 1913 2201 intelligunt,
1950 2145 2111 2201 atque
2138 2134 2239 2189 ltoc
2273 2136 2323 2187 in

740 2216 953 2269 illorum
1026 2218 1245 2271 bonum.
1313 2218 1388 2273 Ne
1448 2222 1589 2273 enim
1667 2224 1837 2291 magis
1890 2224 2322 2276 condemnentur

738 2310 880 2377 quod
940 2312 1150 2379 cognita
1196 2314 1452 2381 mysteria
1515 2319 1835 2381 spreverint,
1869 2317 1987 2370 ideo
2020 2318 2087 2368 ab
2120 2317 2222 2370 illis
2259 2333 2320 2371 ea

737 2398 981 2453 Christus
1014 2402 1314 2455 abscondit.
1373 2403 1473 2469 Qui
1510 2407 1650 2457 enim
1688 2410 1954 2474 cognoscit
1983 2416 2034 2460 et
2067 2418 2313 2461 contem-

735 2490 834 2553 nit,
863 2494 1103 2561 graviora
1142 2505 1378 2549 meretur
1400 2498 1681 2572 supplicia.

2443 953 2577 1005 ἀλλὰ
2610 952 2702 1004 τοῦ
2740 950 3065 1018 πνεύματος.
3092 948 3181 998 Διὸ
3208 946 3413 1013 ἔλεγον,
3448 945 3587 996 Τάδε
3618 944 3769 1009 λέγει
3795 942 4020 1009 Κύριος.

2452 1048 2509 1098 'U
2540 1046 2596 1098 δὲ
2618 1043 2850 1113 Χριστὸς
2903 1041 3032 1094 [διον
3060 1036 3173 1108 εἶχε
3198 1039 3289 1090 τὸν
3333 1037 3553 1107 σπόρον.
3583 1035 3672 1087 Διὸ
3703 1036 3805 1086 οὐκ
3839 1034 4026 1098 ἔλεγεν

2438 1134 2563 1186 ὅταν
2582 1133 2877 1196 ἐδίδασκεν,
2896 1131 2976 1183 ὅτι
2990 1128 3127 1181 Τάδε
3144 1129 3293 1194 λέγει
3311 1128 3533 1196 Κῠριος,
3560 1123 3697 1187 ἀλλ’,
3716 1121 3862 1190 Ἐγὼ
3884 1123 4026 1190 λέγω

2438 1226 2586 1295 ὑμῖν.
2633 1225 2720 1277 Ἐν
2743 1224 2821 1293 τῷ
2850 1223 3096 1291 σπείρειν
3126 1220 3180 1272 δὲ
3209 1220 3395 1281 αὐτὸν,
3418 1217 3721 1278 τουτέστιν,
3750 1216 3810 1267 ὲν
3844 1213 3923 1282 τῷ
3950 1213 4025 1265 δι-

2436 1316 2678 1377 δάσκειν,
2707 1314 2837 1368 ἄλλο
2876 1314 2974 1382 μὲν
3018 1313 3179 1363 ἔπεσε
3216 1310 3367 1379 παρὰ
3400 1309 3498 1379 τὴν
3526 1308 3663 1361 όδόν.
3702 1307 3819 1359 Οὐκ
3869 1302 4023 1356 εἶπεν

2436 1408 2518 1460 ὅτι
2566 1408 2789 1479 ἔρριψεν
2821 1408 2848 1458 6
2887 1405 3149 1473 σπείρων,
3183 1402 3299 1455 ἀλλ’
3351 1400 3781 1453 ιπεσεν“ὲκείνο.
3826 1397 3886 1449 Ὀ
3924 1397 4022 1465 μὲν

2437 1502 2543 1568 γὰρ
2575 1498 2813 1566 σπείρων
2875 1485 3085 1565 σπείρει
3116 1496 3209 1546 καὶ
3236 1493 3497 1545 διδάσκει.
3544 1491 3603 1543 Ὀ
3652 1490 3709 1542 δὲ
3748 1489 3909 1555 λόγος
3945 1491 4022 1549 είς

2436 1590 2561 1649 τοὺς
2592 1588 2891 1648 ἀκούοντας
2924 1588 3132 1638 πίπτει.
3170 1579 3411 1637 Οὗτοι·δὶ
3433 1583 3780 1653 εὑρίσκονται
3813 1579 3849 1650 ἢ
3878 1579 4018 1643 666;,

2435 1678 2467 1747 ἢ
2502 1680 2695 1748 πέτρα,
2749 1680 2780 1742 ἢ
2815 1679 3049 1740 ἄκανθα,
3085 1678 3117 1746 ἢ
3152 1676 3331 1746 ἀγαθὴ
3359 1675 3454 1744 γῆ.
3502 1673 3778 1740 Ἑρωτῶσι
3822 1671 3879 1723 δὲ
3910 1673 4021 1733 τοῖς

2439 1772 2707 1839 μαθηταῖς
2739 1768 3204 1848 τὴν-παραϐολὴν,
3238 1770 3401 1834 φησιν
3432 1767 3459 1817 6
3488 1766 3709 1834 Κύριος·
3744 1765 3909 1831 ’Υμῐν
3938 1763 4021 1815 δέ-

2435 1862 2582 1914 δοται
2613 1862 2816 1928 γνῶναι
2851 1862 2917 1913 τὰ
2966 1861 3241 1928 μυστήρια
3288 1861 3387 1928 τῆς
3417 1856 3694 1926 βασιλείας
3729 1854 3823 1906 τοῦ
3857 1854 4018 1914 Θεοῦ.

2426 1954 2723 2014 τουτέστιν,
2763 1954 2891 2021 ὑμῖν
2916 1954 3035 2012 -τοῖς
3085 1950 3309 2018 ζηταῦσι
3359 1949 3570 2017 μαθεῖν.
3613 1965 3630 1997 ι
3678 1947 3795 2009 Πᾶς
3847 1946 3956 2015 γὰρ
3988 1948 4017 1998 6

2428 2047 2614 2109 αἰτῶν,
2662 2045 2967 2114 λαμϐάνειν
3008 2063 3022 2092 ι
3063 2045 3175 2104 τοῖς
3221 2043 3274 2093 δὲ
3309 2042 3516 2104 λοιποῖς
3550 2042 3660 2101 τοῖς
3717 2038 3792 2107 μὴ
3848 2036 4017 2101 ἀξίοις

2426 2136 2547 2191 οὖσι
2598 2138 2705 2190 τῶν
2760 2136 3099 2206 μυστηρίων,
3154 2133 3445 2194 σκοτεινῶς
3484 2134 3759 2198 λέγονται,
3806 2130 3904 2180 καὶ
3936 2128 4016 2179 δο-

2427 2228 2579 2280 κοῦσι
2632 2227 2729 2296 μὲν
2761 2226 2998 2294 βλέπειν,
3042 2225 3101 2276 οὐ
3148 2223 3405 2291 βλέπουσι
3458 2221 3513 2273 δέ
3548 2239 3563 2252 ·
3607 2220 3703 2272 καὶ
3753 2219 4014 2272 ἀκούουσι

2432 2322 2551 2387 μὲν,
2589 2321 2649 2371 οὑ
2704 2316 2946 2369 συνιοῦσι
2978 2317 3061 2379 δὲ,
3102 2316 3385 2368 καὶτοῦτο
3421 2316 3499 2375 είς
3547 2312 3871 2382 εὐεργεσίαν
3920 2311 4013 2363 αὖα

2420 2407 2548 2458 τῶν.
2578 2407 2694 2459 Ἵνα
2743 2407 2850 2475 γὰρ
2895 2406 2971 2474 μὴ
3017 2406 3174 2457 πλέον
3215 2404 3642 2472 κατακριθῶσιν,
3672 2403 3747 2463 ὡς
3781 2403 3921 2470 μετά
3956 2401 4012 2450 τ’)

2422 2496 2626 2563 γνῶναι
2658 2497 2727 2549 τὰ
2779 2498 3053 2565 μυστήρια
3083 2496 3601 2565 καταφρονήσαντες
3630 2494 3835 2555 αὐτῶν,
3885 2491 4011 2543 τού-

733 2601 825 2635 του
863 2585 1045 2637 ἕνεκεν
1088 2586 1407 2657 ἀπέκρυψεν
1440 2591 1467 2640 ό
1514 2590 1746 2657 Χριστὸς
1786 2590 1879 2642 ἀπ’
1906 2591 2087 2642 αὐτῶν
2116 2590 2307 2643 ταῦτα.
2361 2589 2419 2642 Ὀ
2480 2592 2585 2661 γὰρ
2621 2591 2804 2657 γνοὺς,
2876 2585 2995 2641 εἶτα
3043 2591 3485 2662 καταφρονήσας,
3520 2586 3830 2656 βαρυτέρας
3862 2587 4011 2649 ἄξιος

733 2695 1024 2747 τιμωριας.

808 2772 967 2826 Vsus.
1002 2774 1187 2827 11-15.
1231 2791 1246 2822 ι
1297 2773 1391 2827 Est
1424 2785 1601 2827 autem
1636 2776 1750 2829 haec
1781 2778 2028 2844 parabole
2060 2797 2071 2831 :
2120 2779 2314 2831 Semen

731 2876 814 2922 est
847 2881 1024 2921 sermo
1076 2866 1187 2919 Dei.
1227 2865 1325 2931 Qui
1363 2877 1541 2921 autem
1585 2867 1735 2934 juxta
1772 2868 1934 2931 viam,
1973 2870 2024 2923 lti
2052 2879 2179 2923 sunt
2220 2870 2316 2939 qui

732 2961 962 3012 audiunt
1016 2978 1027 3011 :
1074 2960 1266 3012 deinde
1312 2961 1454 3011 venit
1489 2958 1729 3012 diabolus
1752 2968 1802 3013 et
1836 2959 1973 3013 tollit
2005 2976 2312 3015 sermonem

735 3052 802 3103 de
860 3050 1022 3102 corde
1056 3065 1260 3113 eorum,
1304 3064 1370 3103 ne
1400 3049 1683 3103 credentes
1725 3060 2031 3105 serventur.
2058 3052 2193 3105 Nam
2222 3055 2313 3123 qui

734 3156 897 3209 super
964 3151 1196 3211 petram,
1257 3144 1309 3196 bi
1363 3154 1487 3197 sunt
1539 3143 1629 3213 qui
1691 3158 1810 3198 cum
1860 3145 2151 3211 audierint,
2186 3162 2309 3202 cum
2340 3182 2382 3239 ο

732 3235 927 3301 gaudia
974 3236 1272 3302 suscipiunt
1303 3252 1631 3302 sermonem,
1668 3246 1722 3291 et
1751 3238 1805 3291 bi
1837 3240 2046 3295 radices
2074 3255 2188 3300 non
2213 3240 2311 3293 ha-

733 3327 879 3387 bent,
910 3326 996 3393 qui
1041 3327 1105 3378 ad
1160 3336 1367 3394 tempus
1394 3328 1644 3391 credunt,
1672 3338 1726 3382 et
1767 3330 1819 3383 in
1853 3340 2093 3399 tempore
2132 3342 2309 3386 tenta-

731 3416 893 3468 tionis
944 3417 1218 3470 recedunt.
1276 3417 1427 3482 Quod
1480 3430 1658 3474 autem
1689 3420 1741 3473 ir
1778 3423 1965 3489 spinas
1996 3423 2215 3485 cecidit,
2257 3425 2308 3477 lii

730 3515 854 3558 sunt
891 3509 979 3573 qui
1034 3507 1339 3571 audierunt,
1377 3517 1431 3562 et
1482 3524 1509 3559 a
1544 3509 2003 3567 sollicitudinibtu
2028 3522 2081 3566 et
2110 3514 2312 3570 divitiis

730 3612 791 3649 ac
821 3598 1178 3665 voluptatibus
1210 3600 1326 3653 vitze
1372 3611 1581 3663 euntes.
1613 3602 1967 3669 suﬂocantur,
2013 3606 2176 3677 325
2213 3624 2312 3663 nec

729 3686 970 3740 referunt
1001 3687 1257 3742 fructum.
1291 3688 1443 3754 Quod
1474 3700 1654 3746 autem
1688 3693 1742 3747 in
1779 3694 1976 3748 bonam
2008 3704 2228 3762 terram,
2254 3698 2309 3751 hi

729 3786 857 3830 sunt
891 3778 977 3843 qui
1038 3780 1088 3831 in
1138 3780 1300 3833 corde
1338 3780 1566 3837 honesto
1599 3798 1664 3837 ac
1688 3786 1850 3851 bono,
1883 3787 2165 3842 audientes
2198 3804 2314 3843 ser-

730 3884 938 3922 monem
999 3870 1250 3934 retinent,
1304 3880 1357 3925 et
1382 3866 1615 3928 fructum
1675 3875 1905 3930 alterunt
1958 3892 2053 3945 per
2094 3880 2308 3948 patien-

729 3958 875 4012 tiam.
915 3977 933 4010 ι
987 3961 1120 4013 Tres
1174 3963 1260 4015 hic
1300 3964 1518 4018 ordines
1547 3980 1734 4019 eorum
1767 3976 1891 4021 sunt
1920 3968 2012 4038 qui
2047 3984 2151 4024 non
2189 3984 2309 4025 ser-

729 4061 944 4103 vantttr.
997 4049 1129 4104 Nam
1180 4052 1231 4105 bi
1271 4054 1360 4122 qui
1393 4069 1555 4109 secus
1592 4057 1754 4123 viam,
1786 4060 2101 4128 neutiquam
2138 4062 2310 4117 susci-

727 4143 878 4209 piunt.
941 4156 1296 4210 sermonem;
1354 4145 1492 4198 sicut
1544 4148 1689 4199 enim
1752 4148 1835 4200 via
1907 4150 2220 4206 conculcata
2256 4163 2309 4207 et

727 4234 1022 4301 constipata
1076 4248 1262 4287 semen
1306 4250 1411 4288 non
1448 4237 1695 4303 suscipit,
1741 4254 1808 4295 eo
1830 4241 1975 4309 quod
2029 4242 2163 4297 dura
2215 4247 2305 4311 sit,

726 4321 793 4375 ita
834 4334 888 4376 et
946 4322 1196 4377 obdurati
1249 4327 1408 4379 corde
1466 4340 1774 4383 sermonem
1831 4346 1933 4385 non
2004 4335 2309 4403 suscipiunt

726 4413 881 4467 etiam
945 4416 1224 4471 audientes
1256 4433 1271 4469 :
1301 4432 1403 4471 non
1438 4418 1726 4474 attendunt
1778 4424 1955 4478 enim..
1987 4426 2172 4496 Atqui
2215 4442 2311 4496 per

2498 2790 2515 2821 ι
2564 2772 2720 2822 Ἐστι
2769 2770 2824 2821 δὲ
2879 2768 3016 2837 αὕτη
3051 2768 3083 2836 ἡ
3134 2766 3438 2835 παραϐολὴ,
3480 2766 3541 2819 Ὀ
3571 2766 3774 2832 σπόρος
3804 2766 3954 2818 ἐστὶν
3982 2769 4009 2819 ό

2418 2862 2577 2928 λόγος
2608 2858 2701 2911 τοῦ
2730 2858 2887 2912 Θεοῦ.
2928 2858 2988 2908 Ol
3024 2856 3080 2909 δὲ
3113 2856 3263 2924 παρὰ
3294 2855 3393 2926 τὴν
3422 2857 3563 2919 όδλν,
3595 2858 3732 2908 εἰσιν
3763 2859 3812 2909 οί
3844 2857 4005 2911 ἀκού.

2416 2967 2584 3011 οντες,
2636 2946 2757 3001 εἶτα
2806 2948 3027 3018 ἔρχεται
3058 2949 3085 2998 6
3136 2940 3382 3009 διάὀολος
3416 2948 3511 2999 καὶ
3542 2947 3689 3019 αἴρει
3728 2950 3820 3003 τὸν
3852 2950 4007 3018 λόγον

2416 3041 2524 3094 ἀπὸ
2571 3043 2667 3108 τῆς
2721 3040 2949 3110 καρδίας
2984 3039 3183 3105 αιὶτῶν,
3224 3039 3309 3092 ἵνα
3354 3040 3428 3110 μὴ
3465 3043 3857 3105 πιστεύσαντες
3899 3062 4005 3097 σω-

2416 3135 2600 3190 θῶσιν.
2663 3135 2725 3187 0i
2778 3133 2834 3187 δὲ
2901 3134 2992 3187 επὶ
3042 3134 3141 3203 τῆς
3178 3134 3403 3204 πέτρας,
3436 3134 3484 3185 οἱ
3535 3135 3663 3185 ὅταν
3705 3134 4004 3199 ἀκούσωσι,

2420 3230 2557 3299 μετὰ
2592 3230 2765 3298 χαρᾶς
2792 3228 3039 3299 δέχονται
3074 3227 3163 3279 τὸν
3192 3226 3371 3293 λόγον,
3407 3226 3501 3277 καὶ
3531 3219 3680 3279 οὗτοι
3708 3226 3865 3296 ῥίζαν
3907 3233 4007 3281 οὐκ

2414 3322 2649 3391 ἔχουσιν,
2688 3319 2907 3390 021196;
2958 3320 3152 3391 καιρὸν
3187 3320 3526 3382 πιστεύουσι,
3574 3322 3667 3373 καὶ
3715 3322 3775 3373 ἑν
3825 3322 4006 3393 καιρῷ
4104 3376 4107 3379 ,

2416 3412 2721 3481 πειρασμοῦ
2746 3412 3093 3480 ἀφίστανται.
3121 3411 3194 3463 T6
3219 3411 3275 3463 δὲ
3309 3411 3387 3473 είς
3422 3410 3519 3473 τὰς
3542 3411 3787 3475 ἀκάνθας
3812 3414 4002 3477 πεσὸν,
4038 3460 4039 3463 η

2413 3497 2560 3557 οὗτοί
2611 3505 2748 3556 είσιν
2793 3504 2842 3554 οί
2890 3502 3245 3566 ἀκούσαντες,
3303 3506 3397 3555 καὶ
3447 3503 3551 3555 ὑπὸ
3591 3507 3877 3574 μεριμνῶν
3912 3510 4004 3561 καὶ

2414 3596 2647 3649 πλούτου
2700 3596 2791 3647 καὶ
2824 3594 3029 3665 ἡδονῶν
3065 3593 3158 3646 τοῦ
3209 3595 3327 3664 βίον
3366 3595 3725 3665 πορευόμενοι
3761 3600 4002 3664 συμπνε-

2414 3704 2623 3755 γονται,
2670 3690 2766 3740 καὶ
2796 3688 2856 3740 οὐ
2898 3687 3307 3761 τελεσφοροῦσι.
3342 3692 3415 3744 T6
3456 3692 3513 3744 δὲ
3546 3693 3603 3745 ιν
3634 3697 3700 3762 τῇ
3736 3695 3877 3765 καλῇ
3908 3699 4001 3767 γῇ.

2412 3773 2557 3833 οὗτοὶ
2613 3782 2750 3832 εἰσιν
2810 3781 3005 3845 οἵτινες
3069 3785 3126 3834 ἐν
3183 3784 3382 3855 καρδίᾳ.
3434 3786 3572 3855 καλῇ
3641 3787 3739 3839 καὶ
3797 3788 4000 3859 ἀγαθῇ,

2413 3869 2748 3933 ἀκούσαντες
2777 3871 2869 3924 τὸν
2900 3870 3081 3939 λόγον,
3114 3874 3407 3945 κατέχουσι
3430 3878 3525 3931 καὶ⁸
3556 3881 4004 3948 καρποφοροεσιν

2411 3964 2470 4015 ὲν
2503 3964 2770 4033 ὑπομονῇ.
2810 3983 2827 4015 ι
2878 3966 3039 4035 Τρεῖς
3068 3966 3247 4033 τάξεις
3280 3970 3385 4021 elui.
3427 3970 3537 4023 τῶν
3569 3972 3643 4041 μὴ
3678 3973 4003 4041 σωζομένων

2414 4054 2666 4109 ἐνταῦθα.
2708 4057 2771 4108 Οἱ
2823 4057 2921 4127 μὲν
2948 4059 3057 4129 γὰρ
3106 4060 3257 4130 παρὰ
3290 4062 3388 4131 τὴν
3442 4063 3582 4128 ὁδὸν,
3622 4066 3672 4117 οί
3706 4067 3835 4134 μηδ’
3867 4067 4003 4129 ὅλως

2412 4148 2846 4219 παραδεξάμενοι
2878 4151 2969 4204 τὸν
2998 4152 3179 4220 λόγον.
3215 4155 3427 4225 Ὠσπερ
3458 4158 3569 4227 γὰρ
3605 4158 3632 4227 ἡ
3660 4159 3799 4223 έδὶς,
3834 4179 4003 4213 κατα-

2410 4243 2772 4315 πεπατημὲνη
2832 4247 2927 4298 καὶ
2998 4248 3465 4318 συμπεπιλημὲντι
3525 4252 3588 4303 οὐ
3641 4251 3857 4322 δέχεται
3913 4256 4001 4307 τὸν

2411 4335 2633 4403 σπόρον,
2668 4335 2743 4398 ὡς
2776 4333 3168 4414 πληρὰρῦσα,
3203 4337 3347 4393 οὕτω
3374 4341 3470 4395 καὶ
3499 4342 3548 4393 οί
3577 4343 4000 4414 σκληροκόρδιοι

2408 4424 2515 4477 οὐδ’
2545 4425 2682 4489 ὅλως
2712 4404 3104 4498 παραδόγοῖται
3140 4430 3232 4483 τὸν
3270 4430 3451 4501 λόγον,
3485 4433 3590 4489 κᾶν
3618 4404 3882 4501 ἀκόιὸωσε,
3927 4442 3999 4508 μὴ

725 4514 931 4571 petram
982 4507 1373 4578 intelliguntur,
1435 4511 1736 4579 suscipiunt
1775 4516 2013 4581 quidem,
2050 4518 2144 4571 sed
2196 4534 2304 4587 prae
2336 4525 2384 4584 ι)

2415 4518 2788 4590 προσέχοντες.
2842 4521 2906 4573 Ol
2954 4520 3011 4573 δὲ
3047 4523 3202 4593 παρὰ
3229 4524 3328 4594 τὴν
3366 4527 3597 4598 πέτραν,
3634 4530 3683 4580 οί
3712 4507 3999 4600 δεξάμενοι

724 4595 1036 4651 inﬁrmitate
1088 4599 1317 4653 humana
1372 4600 1423 4654 in
1489 4606 1878 4659 tentationibus
1934 4622 2299 4666 marcescunt.

725 4684 889 4740 Tertii
920 4700 1042 4742 sunt
1072 4691 1161 4761 qui
1197 4706 1316 4745 cum
1354 4693 1678 4748 audiverunt
1705 4705 1759 4749 et
1788 4709 2161 4767 susceperunt,
2192 4717 2302 4771 pre

725 4780 867 4833 curis
920 4781 1039 4833 vitae
1098 4768 1255 4851 ltujus
1308 4783 1664 4841 sull‘ocantur.
1719 4786 1893 4857 lgitur
1942 4798 2051 4845 tres
2081 4768 2297 4861 quidem

723 4882 902 4940 partes
958 4888 1144 4928 eorum
1197 4886 1321 4931 sunt
1356 4878 1447 4946 qui
1483 4890 1727 4947 pereunt,
1768 4895 1871 4934 una
1901 4894 2081 4937 autem
2114 4898 2299 4940 eorum

722 4963 808 5031 qui
869 4963 1169 5017 salvantur.
1227 4966 1301 5019 lta
1354 4970 1510 5037 pauci
1544 4971 1757 5039 quidem
1791 4982 1915 5025 sunt
1951 4974 2043 5043 qui
2082 4990 2305 5031 servan-

718 5064 823 5119 tur,
877 5056 1061 5125 plures
1110 5068 1289 5111 autem
1334 5061 1425 5127 qui
1473 5073 1719 5128 pereunt.
1771 5063 2054 5119 Videitem
2084 5082 2204 5121 cum
2241 5068 2307 5123 de

720 5146 805 5199 bis
857 5148 947 5216 qui
1000 5148 1354 5213 suﬂ'ocantttr,
1406 5152 1664 5221 loquitur,
1706 5159 1975 5223 quomodo
2012 5174 2119 5212 non
2154 5159 2301 5225 dicit,

726 5240 865 5306 quod
922 5254 1029 5307 pne
1084 5242 1286 5297 divitiis
1346 5242 1699 5311 suﬂ‘ocentur,
1724 5250 1815 5302 sed
1849 5264 1956 5316 prre
1981 5253 2130 5306 curis
2166 5253 2305 5307 divi-

722 5332 915 5383 tiarum
947 5340 1002 5384 et
1030 5334 1507 5391 sollicitudinibus.
1541 5336 1655 5392 Non
1680 5341 1820 5393 enim
1850 5342 2050 5397 divitia
2080 5356 2297 5414 nocent,

714 5422 807 5475 sed
849 5423 1242 5480 sollicitudines
1288 5443 1500 5481 earum.
1541 5430 1687 5483 Multi
1735 5434 1876 5487 enim
1925 5452 2114 5506 magna
2141 5452 2295 5493 com-

715 5517 871 5571 moda
904 5532 966 5571 ex
1000 5518 1204 5572 divitiis
1240 5522 1563 5590 percipiunt,
1594 5524 1712 5579 iHas
1742 5526 1792 5579 in
1824 5542 2118 5597 pauperum
2166 5547 2296 5587 ven-

720 5622 824 5663 tres
877 5609 1245 5676 projicientes.
1301 5614 1593 5673 Considera
1633 5632 1845 5687 quoque
1876 5631 1927 5675 et
1958 5622 2291 5693 diligentiam

790 5787 829 5820 ⁸⁸
856 5791 1038 5846 .‘l.t‘-tlt.
1075 5813 1161 5853 ιιι.
1201 5798 1231 5836 5"

2408 4610 2529 4677 μὲν,
2558 4607 2679 4667 εἶτα
2712 4613 2817 4667 ὑπὸ
2839 4613 3124 4680 ἀσθενείας
3153 4614 3504 4691 ἀνθρωπίνης
3531 4623 3641 4684 τοῖς
3666 4630 4000 4694 πειρασμοῖς

2406 4699 2965 4770 ὑπομαλακισθέντες.
3017 4706 3204 4777 Τρίτοι
3254 4710 3333 4776 δὲ,
3390 4712 3440 4763 oi
3488 4712 3850 4778 ἀκούσαντες,
3904 4719 4000 4769 καὶ

2404 4791 2509 4843 ὑπὸ
2545 4794 2823 4863 μεριμνῶν
2869 4796 2963 4850 τοῦ
3000 4797 3119 4868 βίου
3169 4803 3622 4873 συμπνιγόμενοι.
3677 4808 3842 4879 Τρεῖς
3893 4812 3994 4879 μὲν

2403 4882 2495 4935 οὖν
2529 4886 2749 4955 μερίδες
2775 4890 2881 4942 elui.
2922 4892 3029 4944 τῶν
3088 4894 3507 4966 ἀπολλυμένων,
3560 4900 3662 4969 μία
3699 4901 3756 4953 δὲ
3803 4904 3838 4973 ἡ
3889 4905 3998 4958 τῶν

2407 4975 2766 5046 σωζομένων·
2818 4981 2992 5046 οὕτως
3041 4985 3215 5055 ὀλίγοι
3266 4988 3368 5059 μιν
3405 4991 3543 5044 εἰσιν
3587 4994 3636 5046 οί
3670 4994 3995 5063 σωζόμενοι,

2406 5067 2623 5134 πλείους
2650 5071 2705 5124 δὲ
2729 5074 2777 5125 οί
2811 5074 3193 5147 ἀπολλύμενοι.
3230 5080 3377 5149 Ὅρα
3408 5082 3465 5137 δι
3495 5085 3587 5139 ἐπὶ
3623 5086 3731 5139 τῶν
3756 5106 3998 5158 συμπνι-

2404 5162 2671 5230 γομένων,
2724 5167 2841 5231 πῶς
2868 5169 2967 5224 οὐκ
3019 5166 3170 5227 εἴπεν
3200 5176 3282 5229 ὅτι
3318 5177 3424 5230 ὑπὸ
3450 5178 3545 5231 τοῦ
3587 5181 3822 5237 πλούτου
3853 5202 3917 5237 συ
3927 5204 3993 5254 μ-

2402 5254 2707 5323 πνίγονται,
2746 5259 2861 5312 ἀλλ’
2891 5261 2997 5314 ὑπὸ
3028 5264 3138 5317 τῶν
3175 5268 3459 5337 μεριμνῶν
3489 5271 3585 5323 τοῦ
3628 5272 3888 5327 πλούτου.
3921 5277 3993 5328 Οὐ

2404 5347 2512 5416 γὰρ
2566 5348 2593 5400 6
2648 5350 2879 5417 πλοῦτος
2926 5352 3178 5423 βλάπτει,
3214 5356 3331 5409 ἀλλ’
3360 5360 3418 5411 al
3472 5362 3736 5431 μέριμναι
3777 5367 3992 5419 τούτου.

2405 5440 2562 5495 Ἐπεὶ
2588 5443 2774 5496 πολλοὶ
2801 5445 2907 5500 ὑπὸ
2928 5445 3025 5501 τοῦ
3057 5448 3291 5502 πλούτου
3321 5449 3704 5522 ὠφελήθησαν,
3735 5455 3991 5525 ῥίψαντες

2404 5529 2564 5584 αὐτὸν
2599 5535 2677 5596 είς
2708 5534 2806 5599 τὰς
2833 5536 2943 5590 τῶν
2969 5539 3217 5609 πενήτων
3249 5540 3544 5609 γαστέρας.
3578 5543 3778 5598 Σκόπει
3811 5546 3865 5599 δέ
3903 5565 3987 5614 μοι

2403 5622 2494 5675 καὶ
2527 5622 2626 5695 τὴν
2652 5626 2937 5697 ἀκρίϐειαν
2977 5627 3068 5683 τοῦ
3109 5629 3524 5702 εὐαγγελιστοῦ,
3560 5634 3677 5700 πῶς
3723 5637 3829 5707 ἔφη
3861 5644 3985 5712 περὶ
