4256 6432
255 391 360 454 80-1

254 503 369 557 τῶν
422 500 770 571 σωζομένων,
819 499 1017 563 οῖτινες

255 681 418 740 οὖτοι
451 687 558 756 γὰρ
591 685 652 735 οὑ
693 682 1009 754 κατέχουσι,
1054 683 1169 735 ἀλλ’
1196 683 1342 753 αῐρει
1375 682 1467 735 τὸν
1490 683 1648 749 λόγον
1678 686 1704 736 6
1734 683 1847 735 διά-

254 776 412 840 ϐολος
435 779 529 830 ἀπ’
547 775 749 829 αὐτῶν·
769 777 831 829 τὸ
855 775 933 838 δὲ,
960 776 1424 846 καρποφοροῦσιν,
1452 773 1575 829 εἶπε
1605 776 1694 830 διὰ
1720 777 1845 838 τοὺς

243 869 754 941 ,συμπνιγομένους,
803 870 898 921 καὶ
949 868 1024 938 μὴ
1063 868 1559 939 ,τελεσφοροῦντα;.
1614 870 1844 922 Ἐκεῖνοι

251 962 363 1030 γὰρ
402 960 462 1012 οὑ
493 958 962 1030 καρποφοροῦσιν,
995 961 1043 1013 οῖ
1077 960 1152 1030 μὴ
1181 961 1634 1030 τελεσφοροῦντες
1677 961 1840 1028 λέγω.

252 1051 329 1105 Τὸ
357 1052 434 1115 δὲ,
467 1051 525 1103 έν
555 1050 825 1120 ὑπομονῇ,
860 1046 980 1102 εἶπε
1017 1051 1106 1102 διά
1135 1051 1263 1114 τοὺς
1284 1053 1378 1105 ἐπὶ
1405 1050 1508 1119 τῆς
1541 1051 1768 1121 πέτρας,
1794 1051 1843 1104 οἳ

248 1142 497 1212 δέχονται
540 1144 639 1211 μὲν
662 1143 752 1194 τὸν
787 1143 962 1210 λόγον,
1001 1142 1098 1212 οὐχ
1147 1144 1514 1213 ὑπομένοντες
1561 1144 1617 1196 δὲ
1649 1161 1844 1212 πειρα-

249 1234 394 1304 σμοῦ
432 1235 641 1301 ἔφοδον,
688 1234 939 1304 ἀδόκιμοι
977 1235 1279 1302 φαίνονται.
1333 1236 1500 1306 Ὁρᾷς
1545 1235 1663 1298 πῶς
1717 1232 1840 1288 εἷπε

249 1329 379 1395 περὶ
425 1327 534 1377 τῶν
567 1327 894 1395 σωζομένων
933 1327 1014 1390 τὸ,
1048 1327 1361 1397 κατέχουσι,
1398 1330 1489 1380 καὶ
1518 1328 1598 1392 τὸ,
1631 1346 1842 1398 καρπο-

245 1416 500 1484 φοροῦσι,
535 1418 628 1470 καὶ
651 1419 732 1482 τὸ,
767 1418 1038 1490 ὑπομονῇ,
1066 1421 1160 1471 καὶ
1188 1419 1275 1473 διὰ
1301 1420 1512 1473 τούτων
1534 1420 1644 1472 τῶν
1671 1421 1839 1490 τριῶν

245 1510 618 1562 ἀποδιέστειλε
675 1511 872 1574 αὑτοὺς
929 1511 1039 1564 ἀπὸ
1075 1511 1184 1564 τῶν
1222 1513 1297 1582 μὴ
1349 1513 1710 1581 κατεχόντων,
1744 1514 1827 1565 οἴ-

243 1602 391 1663 τινές
423 1604 561 1654 εἰσιν
596 1603 644 1653 οί
678 1603 831 1670 παρὰ
860 1601 958 1672 τήν
989 1603 1106 1656 ὁδόν
1137 1604 1235 1673 (ὅ).
1285 1604 1416 1655 Ἀπὸ
1444 1605 1554 1656 τῶν
1588 1604 1663 1674 μὴ
1707 1605 1841 1657 ὑπο-

246 1696 521 1762 μενόντων
550 1694 860 1765 πειρασμοῦ
890 1695 1101 1763 ἔφοδον,
1136 1697 1334 1760 οἵτινές
1368 1699 1506 1749 εἰσιν
1533 1697 1581 1748 oi
1616 1701 1672 1749 ὲν
1718 1699 1836 1758 ταῖς

242 1786 531 1849 ἀκάνθαις.
594 1788 727 1840 Ἀπ’)
781 1787 890 1840 τῶν
948 1787 1023 1857 μὴ
1080 1788 1463 1857 ὑπομενόντων
1521 1788 1833 1859 πειρασμοῦ

241 1877 452 1946 ἔφοδον,
485 1877 682 1939 οἵτινές
705 1881 842 1930 εἰσιν
872 1879 920 1931 oi
956 1880 1047 1932 ἐπὶ
1080 1879 1181 1948 τῆς
1214 1881 1442 1950 πέτρας.

321 2187 338 2218 ι
385 2169 572 2232 Οὐδεὶς
597 2169 652 2222 δὲ
684 2169 877 2239 λύχνον
907 2170 1071 2238 ἅψας,
1100 2169 1367 2222 καλύπτει
1406 2169 1571 2221 αὑτὸν
1621 2169 1829 2233 σκεύει,

235 2262 271 2331 ἢ
302 2262 560 2315 ὑποκάτω
597 2261 783 2331 κλίνης
839 2261 1078 2331 τίθησιν,
1123 2261 1238 2313 ἀλλ’
1271 2261 1365 2313 ἐπὶ
1406 2261 1626 2330 λυχνίας
1661 2259 1836 2313 ἐπιτί-

237 2352 421 2422 θησιν,
457 2354 544 2408 ἵνα
593 2355 642 2406 oi
692 2355 1139 2425 εἰσπορευόμενοι
1187 2353 1427 2423 βλέπωσι
1476 2353 1536 2405 τὸ
1586 2353 1722 2421 φῶς.
1759 2352 1834 2404 Οὑ

235 2446 347 2516 γάρ
400 2447 830 2515 δστιξκρυπτὸν,
884 2444 915 2498 ὅ
963 2446 1023 2498 οὑ
1058 2445 1294 2516 φανερὸν
1342 2447 1675 2514 γενήσεται,
1715 2443 1836 2496 οὑδὲ

234 2539 558 2612 ἀπόκρυφον
586 2539 613 2592 ὃ
640 2540 700 2591 οὑ
736 2539 1138 2609 γνωσθήσεται,
1176 2540 1271 2592 καὶ
1301 2540 1379 2600 είς
1413 2536 1648 2608 φανερὸν
1683 2536 1832 2608 ἔλθῃ.

235 2633 475 2685 Βλέπετε
517 2631 610 2684 οὖν
664 2631 781 2695 πῶς
820 2631 1072 2686 ἀκούετε.
1108 2633 1205 2694 Ὃς
1262 2634 1372 2700 γὰρ
1404 2631 1472 2684 ἂν
1516 2629 1636 2702 ἔχῃ,
1675 2629 1835 2701 δοθή-

235 2740 390 2776 σεται
427 2724 578 2792 αὑτῴ
602 2739 616 2753 ·
654 2724 748 2775 καὶ
782 2723 838 2786 ὃς
885 2723 950 2775 ἂν
985 2722 1061 2792 μὴ
1112 2723 1232 2796 ἔχη,
1272 2724 1364 2776 καὶ
1403 2723 1431 2775 ὃ
1476 2723 1627 2775 δοκεῖ
1665 2723 1832 2793 ἔχειν,

234 2816 538 2889 ἀρθήσεται
564 2819 659 2869 ἀπ’
687 2814 877 2870 αὑτοῦ.
914 2817 1117 2886 Ἀλλης
1148 2816 1502 2881 διδασκε-λίας
1556 2817 1700 2886 ἀρχὴ
1749 2816 1837 2868 ὲν-

232 2910 430 2966 ταῦθα.
460 2911 600 2981 Πρὸς
628 2911 742 2981 γὰρ
765 2911 890 2973 τοὺς
923 2908 1173 2980 μαθητὰς
1205 2912 1629 2979 ἀποτεινόμενος
1660 2908 1836 2962 ταῦτα

231 3003 408 3070 λέγει,
459 3005 540 3066 εἰς
576 3004 864 3072 ἀκρίϐειαν
917 3002 1034 3071 βίου
1067 3002 1275 3069 ὲνάγων
1310 3003 1529 3075 ,αὐτοὺς
1573 3003 1669 3056 καὶ
1703 3020 1831 3054 παι-

229 3093 407 3147 δεύων
427 3094 757 3161 ἐναγωνίους
786 3087 946 3154 εἶναι,
981 3092 1056 3155 ὡς
1090 3093 1241 3163 παρὰ
1277 3093 1498 3146 πάντων
1529 3092 1830 3164 βλέπεσθαι

916 391 1364 452 ΕΝΛΒΒΛΤΙΟ
1405 390 1486 452 ΙΝ
1527 392 1831 453 EVANGE

1938 394 2030 451 351
2076 394 2310 454 ιυωι.
2355 419 2423 430 -·-
2457 396 2620 457 CAP.
2665 395 2834 458 Vill.

1109 501 1449 564 ἀκούσαντες
1521 502 1618 555 τὸν
1667 502 1824 566 λόγον

1955 507 2322 573 cvangelistm,
2355 508 2626 574 quomodo
2659 507 2852 560 dixerit
2887 509 2951 561 dc
3001 507 3084 562 his
3132 508 3220 574 qui
3256 508 3557 566 salvantur.

255 594 572 663 κατέχουσι.
605 590 777 644 Τοῦτο
806 592 917 660 γὰρ
947 587 1070 644 εἷπε
1118 591 1206 644 διὰ
1235 592 1360 654 τοὺς
1397 592 1547 662 παρά
1581 591 1680 662 τὴν
1704 592 1844 645 ὀδόν.
1863 621 1879 637 ο

3447 401 3559 467 802

1959 599 2102 663 quod
2131 599 2372 651 auditum
2418 614 2726 653 sermonem
2776 599 3064 652 n-tincaut.
3100 598 3210 653 lloc
3237 602 3382 654 enim
3426 604 3564 657 dixit

1900 732 1915 742 .
1957 699 2183 759 propter
2239 705 2333 744 cos
2385 691 2477 758 qui
2531 706 2626 759 per
2658 693 2796 744 \imn
2846 691 3241 759 intelliguntur.
3298 693 3358 746 Hi
3412 695 3558 747 enim

1953 795 2063 834 non
2124 782 2381 842 retinent,
2418 783 2509 835 sed
2539 783 2786 836 diabolus
2835 784 2974 836 tullit
3005 786 3070 837 ab
3102 787 3179 838 eis
3212 799 3558 851 sermonem;

1951 881 2005 926 et
2061 874 2203 939 quod
2263 872 2500 926 fructum
2557 871 2812 937 aﬂ‘erant,
2868 873 3005 927 dixit
3069 884 3294 943 propter
3343 890 3436 929 eos
3467 877 3562 946 qui

1950 963 2311 1053 suqocantur,
2372 967 2541 1034 etqui
2571 981 2676 1019 non
2716 966 3011 1034 perdurant
3057 982 3229 1034 usque
3276 967 3340 1022 ad
3371 967 3557 1022 (litem.

1950 1055 2030 1110 Illi
2057 1058 2201 1111 enim
2233 1055 2470 1111 fructum
2503 1073 2612 1111 non
2635 1057 2888 1122 afferunt,
2927 1060 3016 1128 qui
3063 1075 3166 1111 non
3209 1072 3560 1128 perseverant

1948 1165 2118 1220 usque
2170 1150 2237 1204 ad
2305 1150 2486 1205 linem.
2543 1149 2714 1204 Porro
2760 1152 2904 1220 quod
2961 1151 3116 1215 dicit,
3162 1152 3216 1203 in
3274 1154 3556 1219 patientia,

1947 1245 2086 1297 dixit
2139 1254 2363 1314 propter
2388 1260 2483 1299 eos
2525 1245 2617 1313 qui
2663 1255 2829 1312 super
2858 1255 3088 1312 petram,
3126 1246 3216 1312 qui
3250 1241 3559 1313 suscipiunt

1947 1338 2170 1406 quidem
2202 1353 2537 1403 sermonem,
2570 1353 2675 1391 non
2701 1339 2975 1394 sustinent
3017 1348 3197 1391 autem
3237 1339 3559 1391 tcntationis

1945 1430 2196 1494 insidias,
2243 1439 2298 1483 et
2348 1428 2774 1496 comprobantur
2821 1429 3060 1499 reprobi.
3091 1430 3254 1484 Vides
3280 1431 3557 1498 quomodo

1951 1522 2148 1576 dixerit
2180 1523 2355 1576 dehis
2388 1523 2477 1591 qui
2515 1522 2815 1589 salvantur,
2852 1524 2994 1591 quod
3029 1523 3314 1588 retineant,
3343 1531 3398 1576 et
3445 1521 3559 1574 fru-

1945 1626 2092 1670 ctum
2128 1616 2355 1682 faciant,
2409 1626 2574 1685 atque
2624 1617 2676 1670 id
2724 1617 2777 1669 in
2836 1616 3095 1687 patientia
3134 1631 3146 1668 :
3179 1626 3232 1670 et
3285 1631 3381 1685 per
3449 1617 3555 1668 tria

1943 1707 2257 1761 distinxerit
2323 1721 2417 1762 eos
2468 1727 2478 1761 :
2539 1709 2605 1760 ab
2666 1707 2752 1761 his
2793 1708 2885 1774 qui
2945 1724 3050 1760 non
3083 1708 3344 1772 retinent,
3388 1718 3439 1760 et
3502 1706 3556 1759 hi

1945 1813 2070 1854 sunt
2097 1803 2187 1870 qui
2237 1801 2391 1871 juxta
2442 1801 2582 1853 viam
2622 1819 2633 1852 :
2667 1800 2736 1854 ab
2776 1801 2859 1853 his
2892 1799 2982 1868 qui
3021 1799 3259 1856 fructum
3308 1815 3415 1853 non
3475 1797 3558 1850 af-

1872 1862 1916 1920 Β
1948 1862 2150 1956 feruui,
2209 1862 2258 1946 ci
2309 1894 2362 1946 hi
2394 1902 2518 1946 sunt
2551 1894 2639 1961 qui
2673 1893 2816 1946 inter
2840 1891 3027 1961 spinas
3061 1911 3075 1946 :
3117 1891 3184 1944 ab
3215 1892 3298 1944 his
3329 1895 3418 1956 qui
3448 1905 3554 1944 non

1948 1983 2225 2038 sustinent
2279 1985 2592 2040 tetitatit-nis
2642 1985 2888 2049 insidias,
2928 1995 2979 2037 et
3014 1985 3066 2037 hi
3097 1993 3224 2040 sunt
3271 1985 3360 2054 qui
3393 1999 3557 2052 super

1945 2086 2179 2143 petram.
2452 2085 2454 2088 ’

2021 2188 2178 2244 Vens.
2215 2191 2408 2245 16-18.
2451 2209 2468 2240 ι
2508 2189 2679 2244 Nemo
2704 2205 2830 2245 vero
2860 2206 2981 2244 cum
3018 2191 3299 2245 lucernam
3352 2204 3552 2243 arcen-

1945 2282 2109 2346 derit,
2134 2283 2309 2350 operit
2339 2297 2458 2336 eam
2485 2298 2634 2349 vase,
2670 2293 2759 2336 aut
2785 2283 2973 2338 subter
2994 2283 3194 2338 lectum
3227 2285 3400 2352 ponit,
3457 2286 3551 2336 sed

1942 2388 2110 2442 super
2141 2375 2533 2429 candelabrum
2579 2375 2754 2445 ponit,
2803 2385 2862 2430 ut
2910 2377 3178 2430 intrantes
3209 2377 3427 2430 videant
3468 2377 3552 2430 lu-

1941 2483 2088 2521 men.
2115 2465 2232 2521 Non
2264 2479 2350 2524 est
2383 2468 2526 2521 enim
2556 2468 2854 2534 occultum,
2887 2470 3028 2536 quod
3064 2483 3170 2522 non
3199 2469 3550 2524 manifestum

1940 2563 2011 2615 sit
2050 2559 2294 2614 futurum
2324 2579 2337 2615 :
2373 2575 2473 2615 nec
2504 2560 2912 2626 absconditum,
2938 2562 3081 2629 quod
3113 2577 3218 2615 non
3252 2563 3324 2616 sit
3347 2577 3552 2632 cogno-

1939 2654 2225 2718 scendum,
2273 2664 2328 2708 et
2373 2656 2424 2708 in
2472 2654 2816 2724 propatulum
2863 2664 3174 2709 venturum.
3205 2653 3396 2709 Videte
3420 2671 3552 2724 ergo

1941 2746 2215 2814 quomodo
2242 2747 2499 2800 audiatis.
2518 2745 2938 2813 Quisquisenim
2965 2745 3152 2809 habet,
3180 2746 3405 2800 dabitur
3435 2748 3541 2800 illi:

1942 2849 1997 2893 et
2057 2837 2374 2908 quicunque
2423 2854 2527 2891 non
2559 2838 2746 2899 habet,
2781 2837 2948 2891 etiam
2984 2840 3131 2909 quod
3163 2849 3318 2908 putat
3356 2855 3413 2893 se
3450 2841 3550 2892 ha-

1943 2931 2095 2996 bere,
2128 2929 2410 2984 auferetur
2435 2930 2502 2983 ab
2536 2947 2623 2984 eo.
2675 2948 2691 2979 ι
2726 2929 2836 2984 lloc
2869 2929 2988 2984 loco
3021 2932 3250 2986 alterius
3288 2932 3552 2986 doetrina:

1943 3023 2156 3077 initium
2183 3031 2289 3077 est.
2327 3023 2408 3077 Ad
2441 3021 2736 3091 discipulos
2768 3023 2913 3076 enim
2948 3039 3259 3077 sermonem
3288 3025 3551 3096 dirigem,

1943 3116 2058 3170 haec
2115 3117 2247 3171 dicit
2296 3116 2558 3170 inducens
2611 3131 2708 3170 eos
2741 3115 2810 3170 ad
2840 3127 3045 3171 sancta:
3076 3117 3199 3170 vitae
3231 3117 3547 3186 diligentem

232 3186 552 3256 μέλλοντας.
597 3185 657 3238 Ὀ
697 3186 805 3255 γὰρ
857 3185 1125 3238 διδάσκων
1175 3185 1270 3238 καὶ
1317 3186 1630 3257 κηρύττων,
1678 3188 1832 3258 παρά

1939 3208 2271 3274 custodiam,
2307 3220 2360 3262 et
2409 3209 2686 3263 instruens
2712 3219 2771 3261 ut
2810 3209 3098 3277 semperiu
3137 3226 3311 3279 agone
3343 3211 3456 3264 sint
3485 3227 3552 3265 ac

228 3279 454 3331 πάντων
491 3278 770 3348 βλέπεται,
814 3280 966 3349 παρά
1014 3278 1236 3331 πάντων
1282 3281 1731 3348 περισκοπεῖται,
1785 3282 1835 3334 εἰ

229 3367 395 3431 καλός
427 3368 574 3421 ἐστιν
602 3367 634 3438 ἢ
666 3369 1001 3433 τούναντίον,
1053 3367 1147 3421 καὶ
1173 3368 1326 3421 οὐδὲν
1359 3369 1469 3422 τῶν
1500 3368 1665 3422 αὑτοῦ
1701 3369 1836 3440 κρύ-

231 3476 453 3513 πτεται.
487 3458 691 3530 ΔὙμεῖς
720 3457 835 3526 οὖν,
869 3454 913 3513 ὦ
941 3460 1204 3531 μαθηταὶ,
1233 3461 1331 3514 ἐὰν
1366 3460 1528 3532 ἔχητε
1560 3462 1835 3534 προσοχὴν

231 3552 326 3604 καὶ
374 3549 636 3620 σπουδὴν,
680 3550 1152 3621 δοθήσεταιὺμῖν
1210 3551 1409 3605 πλείων
1460 3551 1623 3622 χάρις
1682 3554 1835 3624 παρὰ

229 3643 395 3696 Θεοῦ.
435 3645 529 3704 Ὃς
556 3643 602 3694 δ’
628 3643 694 3697 ἂν
737 3645 812 3715 μὴ
840 3643 938 3715 ἔχῃ
962 3643 1201 3715 σπουδὴν
1227 3646 1320 3696 καὶ
1346 3647 1645 3716 προσοχὴν,
1684 3646 1780 3699 καὶ
1806 3646 1836 3699 ὃ

228 3736 383 3789 δοκεῖ
439 3735 584 3806 εχειν
637 3738 885 3807 χάρισμα
944 3739 1053 3790 ἀπὸ
1095 3737 1257 3804 Θεοῦ,
1291 3737 1381 3792 διὰ
1421 3740 1520 3809 τῆς
1569 3741 1834 3811 ἀμελείας

229 3829 401 3886 αὑτοῦ
442 3831 847 3885 κατασϐέννυσι
881 3830 977 3884 καὶ¹
1004 3831 1293 3885 ἀπόλλυσι.

307 4143 326 4175 ι
374 4124 747 4192 ΙῙαρεγένοντο
800 4111 1046 4192 δὶπρδς
1105 4124 1340 4194 αὑτὸνή
1401 4125 1586 4196 μήτηρ
1632 4128 1726 4179 καὶ
1782 4128 1830 4179 οἱ

227 4216 450 4282 ἀδελφοὶ
477 4213 666 4276 αὑτοῦ,
699 4214 793 4266 καὶ
822 4213 924 4266 οὑκ
951 4214 1222 4284 ἠδύναντο
1257 4219 1541 4287 συντυχεῖν
1568 4217 1719 4289 αὑτῷ
1742 4219 1831 4272 διὰ

226 4309 320 4361 τὸν
343 4307 518 4378 ΰχλον.
555 4309 664 4360 Καὶ
687 4306 976 4377 ἀπηγγέλη
1008 4306 1178 4377 αύτῷ,
1211 4308 1477 4376 λεγόντων
1501 4326 1514 4340 ο
1550 4309 1617 4362 'H
1645 4311 1830 4381 μήτηρ

229 4417 324 4453 σου
371 4401 465 4452 καὶ
499 4400 547 4451 oi
583 4396 803 4466 ἀδελφοί
835 4414 930 4450 σου
972 4398 1271 4468 ἑστήκασιν
1310 4398 1436 4465 ἔξω,
1476 4400 1606 4452 ἰδεῖν
1635 4418 1694 4453 σε
1737 4402 1830 4453 θέ-

227 4493 432 4555 λοντες.
479 4493 535 4546 ’0
559 4491 614 4544 δὲ
641 4491 989 4562 ἀποκριθεὶς,
1024 4486 1143 4544 εἶπε
1181 4492 1316 4562 πρὸς
1349 4492 1547 4557 αὐτούς
1569 4511 1583 4522 θ
1619 4495 1824 4566 Μήτηρ

230 4603 330 4656 μου
364 4587 459 4639 καὶ
494 4584 719 4652 ἀδελφοί
758 4602 860 4654 μου
912 4579 1062 4639 οὑτοι
1110 4586 1250 4638 εἰσιν
1285 4588 1332 4639 oi
1383 4587 1474 4639 τὸν
1530 4587 1688 4656 λόγον
1729 4589 1823 4641 τοῦ

224 4677 361 4732 Θεοῦ
410 4677 702 4740 ἀκούοντες
749 4680 845 4732 καὶ
884 4678 1188 4752 ποιοῦντες.
1229 4698 1247 4730 ι
1290 4680 1574 4734 Ἐντεῦθεν
1616 4683 1825 4736 δείκνυ-

223 4789 336 4834 ται,
369 4772 451 4824 ὅτι
494 4773 594 4824 οὑκ
620 4765 688 4841 ἦν
732 4771 871 4841 μετά
911 4771 1022 4825 τῶν
1077 4773 1221 4827 κατὰ
1273 4775 1454 4845 σάρκα
1488 4777 1770 4845 συγγενῶν
1797 4780 1825 4832 6

223 4866 484 4937 Χριστός
517 4865 835 4919 καταλιπὼν
866 4866 975 4938 γὰρ
1001 4867 1251 4946 τούτους,
1282 4868 1536 4938 σχολάζει
1567 4874 1631 4940 τῇ
1659 4889 1823 4924 πνευ-

225 4960 431 5028 ματικῇ
463 4957 808 5030 διδασκαλίᾳ,
855 4957 973 5012 ἀλλ’
1007 4961 1206 5012 ἐκεῖνοι
1254 4962 1651 5029 παραγίνονται
1684 4963 1825 5034 πρὸς

233 5048 409 5102 ιὺτόν.
444 5046 633 5110 Οὕτως
670 5043 765 5101 οὗν
808 5049 917 5121 χρὴ
945 5048 1040 5102 καὶ
1073 5049 1254 5103 πάντα
1280 5052 1372 5103 τὸν
1398 5051 1679 5106 διακονίαν
1721 5071 1822 5106 πε-

226 5143 591 5213 πιστευμένον
643 5140 803 5208 Θεοῦ,
867 5143 1033 5214 μηδὲν
1086 5144 1360 5198 ποιεῖσθαι
1426 5147 1825 5218 προτιμότερον

219 5234 453 5303 ταύτης,
491 5234 626 5288 ἀλλὰ
654 5235 750 5288 καὶ
793 5238 973 5304 γονεῖς
1004 5235 1406 5306 παρωθεῖσθαι,
1446 5239 1564 5306 εἴγε
1599 5240 1826 5304 μέλλον-ι

225 5344 310 5380 σιν
351 5329 497 5396 ήμᾶς
545 5329 862 5399 ἑμποδίζειν
918 5329 1214 5398 ἀνωφελῶς
1285 5333 1380 5383 καὶ
1428 5332 1606 5401 μάτην
1648 5335 1727 5396 είς
1767 5333 1826 5385 τὸ

222 5420 320 5474 τοῦ
353 5419 490 5472 Θεοῦ
520 5421 701 5490 ἔργον.
743 5421 956 5492 Ὠσπερ
987 5417 1078 5475 οὖν
1111 5423 1204 5475 καὶ
1233 5422 1327 5476 νῦν
1357 5426 1384 5475 6
1421 5425 1627 5494 Κύριος
1658 5429 1822 5481 ποιεῖ.

1941 3298 2264 3366 certamine,
2320 3307 2506 3368 utpote
2553 3299 2621 3352 ab
2678 3299 2931 3354 omnibus
2990 3303 3385 3370 conspiciendi.
3446 3301 3549 3367 Qui

1938 3389 2084 3444 enim
2131 3391 2288 3442 docet
2328 3404 2389 3442 ac
2437 3389 2717 3457 pratdicat,
2769 3391 2838 3444 ab
2879 3392 3137 3446 omnibus
3185 3396 3547 3463 conspicitur,

1938 3479 2007 3534 ab
2031 3480 2286 3534 omnibus
2313 3479 2646 3549 dijudicatur
2674 3524 2688 3547 ,
2715 3481 2882 3554 326
2913 3498 3040 3536 num
3077 3485 3342 3540 honestus
3367 3487 3457 3554 sit,
3495 3499 3549 3541 ιιι

1940 3570 2075 3625 nihil
2134 3571 2277 3641 quod
2312 3571 2439 3624 facit
2481 3574 2809 3626 occultatur.
2847 3573 2949 3628 Vos
2980 3575 3166 3645 igitur,
3203 3593 3234 3628 o
3263 3577 3543 3645 discipuli,

1938 3666 1986 3721 si
2039 3667 2387 3722 attenderitis
2424 3677 2478 3720 et
2541 3668 2772 3722 studiosi
2824 3667 3061 3730 fueritis,
3129 3670 3350 3724 (lnbllﬂl‘
3393 3673 3548 3727 vobis

1939 3762 2112 3831 major
2157 3761 2329 3830 gratia
2387 3775 2418 3814 a
2459 3761 2588 3815 Deo.
2629 3760 2728 3826 Qui
2769 3777 2897 3816 vero
2927 3779 3031 3815 non
3082 3763 3397 3818 adhibuerit
3432 3777 3549 3819 stn-

1938 3853 2085 3908 dium
2117 3861 2172 3906 et
2198 3851 2575 3914 attentionem,
2608 3851 2774 3904 etiam
2809 3852 2852 3905 sl
2876 3869 3039 3920 quam
3069 3855 3300 3922 gratiam
3347 3857 3548 3924 habere

1937 3944 2184 4000 rideatur
2207 3959 2233 3996 a
2257 3945 2385 4007 Deo,
2404 3959 2496 4012 per
2518 3944 2901 4013 negligentiam
2926 3961 3079 3999 suam
3111 3962 3230 4001 eam
3251 3948 3499 4017 exstingu
3528 3959 3546 4001 t

1937 4049 1987 4092 et
2015 4038 2211 4107 perdit.

2013 4154 2172 4209 Vsus.
2213 4153 2400 4209 19-21.
2442 4173 2459 4204 ι
2498 4152 2780 4209 Venerunt
2822 4164 3003 4208 autem
3055 4157 3121 4209 ad
3160 4156 3312 4210 illum
3373 4166 3540 4211 mat-1

1934 4257 1990 4302 et
2036 4247 2237 4300 fratres
2286 4246 2424 4313 ejus,
2476 4254 2530 4299 et
2592 4261 2699 4299 non
2762 4256 3018 4313 poterant
3062 4248 3217 4300 adire
3265 4263 3388 4301 eum
3434 4265 3540 4316 pt'u'

1934 4340 2112 4402 turba,
2144 4348 2200 4392 et
2251 4339 2562 4392 nuntiatum
2597 4349 2680 4392 est
2710 4337 2819 4403 illi,;
2871 4339 3207 4407 dictumque,
3245 4339 3415 4393 Mater
3451 4351 3540 4393 tua

1932 4441 1986 4485 et
2009 4431 2206 4485 fratres
2261 4431 2336 4484 tui
2389 4441 2538 4484 stant
2587 4429 2738 4495 foris,
2783 4431 3022 4485 volentes
3072 4442 3122 4486 te
3173 4433 3377 4486 videre.
3440 4433 3540 4500 Qui

1933 4523 2271 4590 respondens
2303 4522 2441 4576 dixit
2471 4523 2537 4575 ad
2581 4522 2739 4575 illos:
2769 4521 2940 4577 Mater
2978 4540 3094 4576 tnea
3128 4535 3179 4578 et
3214 4525 3412 4578 fratres
3439 4527 3538 4579 mei

1936 4615 1989 4668 hi
2023 4623 2154 4669 sunt
2207 4614 2299 4682 qui
2365 4627 2675 4667 sermonem
2731 4611 2825 4666 Dei
2862 4617 3111 4679 audiunt,
3144 4628 3200 4669 et
3247 4616 3452 4670 faciunt
3480 4619 3537 4670 il-

1936 4705 2066 4759 lum.
2109 4723 2127 4756 ι
2169 4704 2282 4760 lloc
2345 4705 2465 4760 loco
2517 4706 2828 4759 ostenditur
2878 4710 3023 4775 quod
3076 4710 3235 4763 fuerit
3286 4727 3390 4764 non
3416 4727 3535 4765 cum

1933 4799 2245 4854 carnalibus
2271 4800 2519 4867 cognatis
2555 4801 2808 4854 Christus
2835 4818 2846 4851 :
2875 4800 2980 4854 illis
3009 4803 3152 4855 enim
3176 4802 3400 4866 relictis,
3431 4805 3533 4873 spi-

1935 4893 2118 4946 rituali
2144 4892 2375 4965 vacabat
2404 4893 2690 4953 doctrinae.
2721 4895 2864 4947 unde
2897 4894 2969 4947 illi
3005 4897 3070 4947 ad
3103 4911 3227 4948 eum
3250 4900 3517 4950 accedunt

1936 4983 2028 5040 Sic
2058 4969 2467 5054 etiamoportct
2499 4996 2556 5038 ut
2583 5000 2776 5040 omnes
2807 4986 3009 5054 quibus
3035 4987 3408 5042 concreditum
3456 5005 3523 5044 est

1934 5077 2300 5132 ministerium
2357 5074 2473 5141 Dei,
2530 5077 2666 5130 nihil
2726 5076 2816 5131 illo
2839 5081 3120 5148 antiquius
3169 5083 3400 5135 habeant
3454 5084 3536 5136 νυΙ

1934 5163 2247 5231 praeferant.
2302 5164 2442 5218 Sunt
2499 5166 2626 5218 item
2685 5178 2739 5220 et
2790 5179 3042 5236 parentes
3090 5171 3410 5241 repellendi,
3462 5175 3536 5226 si-

1929 5258 2148 5323 quidem
2213 5261 2421 5326 absque
2473 5257 2706 5314 utilitate
2758 5259 3074 5316 etfrustra
3129 5264 3183 5316 in
3244 5279 3409 5332 opere
3445 5266 3533 5320 Dei

1931 5365 2028 5403 nos
2061 5351 2373 5419 impedituri
2420 5360 2569 5415 sunt,
2617 5354 3075 5420 quemadmodum
3111 5369 3325 5412 ctnunc
3354 5357 3532 5414 Domi-

1933 5459 2035 5496 nus
2085 5441 2234 5497 facit.
2290 5442 2428 5510 Quia
2476 5446 2622 5499 enim
2676 5446 2934 5504 dixerant
2974 5450 3050 5505 illi
3080 5453 3299 5520 quidam
3337 5456 3404 5507 de
3443 5469 3524 5506 co-

1190 5629 1282 5687 Ex
1337 5629 1688 5695 collatione
1738 5638 1930 5700 codd.
1967 5641 2197 5700 Venet.
2234 5637 2297 5700 S.
2338 5636 2558 5700 Marci.

297 5741 374 5821 (ἦ)
429 5739 722 5821 ρωποι,-
758 5743 969 5821 Οῐτινές
1017 5746 1155 5799 είσιν
1201 5747 1259 5821 old
1302 5748 1456 5821 παρά
1519 5753 1620 5821 τὴν
1677 5752 1816 5810 ὁδόν.

225 5811 503 5891 ’,επολτῶν
543 5811 616 5882 μὴ
644 5814 1141 5891 τελεσφορούντων.
1193 5811 1406 5891 οῖτινές
1437 5811 1586 5875 εἰσιν
1606 5824 1665 5876 ὲν
1697 5829 1819 5891 ταῖς

161 5883 514 5948 [ἀκάνθας
548 5901 597 5938 κ.
631 5901 679 5938 τ.
719 5885 768 5939 λ.
804 5903 821 5938 ι
862 5883 924 5943 lii
954 5898 1103 5956 sunt,
1129 5888 1222 5962 qui
1247 5890 1404 5960 juxta
1429 5893 1592 5950 viam.
1625 5894 1707 5954 Ab
1733 5883 1817 5956 his

1933 5759 2024 5828 qui
2056 5757 2295 5813 fructum
2326 5773 2426 5813 suo
2461 5769 2708 5830 tempore
2737 5776 2846 5820 non
2882 5762 3138 5820 afferunt.
3209 5764 3275 5820 Et
3320 5766 3372 5822 hi
3401 5775 3532 5824 sunt

1931 5831 2024 5903 qui
2056 5833 2199 5886 inter
2228 5831 2436 5901 spinas,
2474 5849 2492 5884 ι
2537 5841 2645 5888 etc.
