4256 6432
257 369 371 437 789
972 363 1422 429 ENARRATIO
1451 360 1534 425 IN
1573 360 2078 428 EVANGELIUM
2119 363 2360 428 LUC/ﬁ.
2397 387 2468 397 —
2521 362 2681 422 CAP.
2721 359 2855 424 VII.
3449 361 3558 426 7.90

269 479 631 554 μαρτυρήσας
673 477 803 548 περὶ
834 475 1101 547 Χριστοῦ,
1136 475 1232 530 νῦν
1278 473 1609 538 ἀποστείλας
1646 476 1849 548 ιρωτᾷ,
1882 479 1926 538 Δ,

1882 479 1926 538 Δ.
1962 476 2288 534 testiﬁcetur
2320 475 2388 530 de
2422 488 2529 539 me,
2582 488 2730 528 nunc
2766 482 2948 528 autem
3007 470 3218 540 ignoret
3271 485 3378 527 me.
3423 470 3556 526 Nam

263 575 316 627 εί
344 574 507 636 αὑτός
552 574 702 624 ἔστιν
741 569 771 623 6
801 568 1120 639 ίρχόμενος,
1153 568 1241 620 διά
1287 565 1446 620 τοῦτο
1477 565 1626 634 λέγει
1655 567 1682 620 6
1719 569 1854 640 Χριέ

1957 571 2002 624 si
2037 569 2230 624 fuisset
2273 567 2416 630 talis.
2447 566 2604 635 cujus
2631 567 2806 636 gratia
2838 565 3150 621 exivissetis
3189 565 3244 618 in
3275 566 3553 620 desertum

269 666 394 729 στος
425 663 562 734 πρὸς
613 663 739 724 τοὺς
770 662 962 732 δχλους
981 703 994 724 ,
1025 663 1108 715 ὅτι
1139 660 1322 728 Μηδὲν
1363 657 1605 714 τοιοῦτον
1647 662 1853 715 ὑπολά-

1960 672 2020 716 ιιι
2053 660 2312 715 viderctis
2342 676 2466 714 eum
2489 661 2512 713 ?
2539 659 2646 714 Sed
2675 672 2850 728 neque
2881 658 3126 712 animum
3157 673 3316 712 suum
3348 657 3558 713 deliciis

270 756 405 823 δητε
432 755 563 821 περὶ
599 755 872 808 Ἰωάννου.
897 755 989 822 Μὴ
1012 753 1122 822 γάρ
1153 753 1399 820 κάλαμος
1426 752 1598 815 ἐστιν,
1619 752 1693 815 ὡς
1723 754 1853 806 ποτὲ

1958 755 2224 824 corrn'pit,
2280 754 2448 808 vestis
2494 754 2637 806 enim
2695 753 2814 820 ejus
2868 751 3110 805 declarat
3165 749 3378 804 deliciis
3431 765 3555 804 eum

272 848 374 917 μὶν
406 839 532 909 ὧδε,
571 844 701 896 ποτὶ
737 844 793 896 δὲ
825 844 942 896 ἐκεῖ
985 842 1284 906 κλίνεσθαι,
1326 843 1422 895 καὶ
1451 843 1548 895 νῦν
1579 845 1679 914 μὲν
1713 861 1856 913 μαρ-

1959 847 2302 918 snpcriorem
2335 860 2482 900 esse.
2521 844 2734 898 Etenim
2767 845 2809 898 si
2860 844 3180 898 arrisisscnt
3229 842 3279 897 ei
3327 842 3553 902 delicia’,

267 941 453 1009 τυρεῖν
483 939 613 1009 περὶ
664 935 821 1006 ίμοῧ,
852 934 948 990 νῦν
1000 935 1057 992 δὲ
1109 938 1325 1003 ἀγνοεῖν
1379 936 1499 1006 ἐμέ.
1537 937 1596 989 Ei
1647 939 1754 1007 γὰρ
1786 931 1856 1007 ἦν

1962 940 2014 992 in
2071 939 2286 1008 palatiis
2321 939 2563 991 vixisset.
2629 938 2698 989 At
2747 925 3088 1005 prophetam~
3125 935 3274 988 illum
3329 935 3557 989 dicitis?

265 1027 530 1094 τοιοῦτος,
554 1028 699 1092 τίνος
729 1026 916 1081 ῑνεκεν
943 1025 1197 1097 ἐξήλθετε
1229 1027 1309 1090 είς
1337 1026 1436 1096 τὴν
1470 1027 1680 1097 ἔρημον
1708 1027 1864 1088 τότε..

1963 1031 2167 1100 Utique
2198 1032 2320 1084 dico
2347 1030 2524 1090 vobis.
2561 1031 2734 1098 major
2763 1037 2845 1082 est
2875 1027 3161 1098 propheta.
3211 1026 3344 1080 Nam
3379 1026 3466 1078 alii
3498 1027 3561 1078 do

266 1121 410 1175 ὥστε
442 1120 746 1176 θεάσασθαι
778 1120 980 1186 αὐτόν;
1018 1119 1181 1173 Ἀλλὰ
1213 1120 1425 1190 μήποτέ
1455 1120 1561 1173 ὑπὸ
1591 1123 1689 1191 τῆς
1723 1137 1857 1188 τρυ-

1961 1122 2182 1178 Christo
2211 1129 2419 1174 tantum
2449 1121 2845 1190 pra-dixerunt,
2878 1120 2967 1172 hic
3003 1118 3169 1174 etiam
3202 1129 3258 1173 et
3286 1119 3461 1183 vidit,
3510 1129 3565 1171 et

267 1217 377 1283 φῆς
405 1214 675 1285 διεφθάρη
701 1214 793 1268 τὸν
819 1215 966 1277 νοῦν,
1005 1213 1144 1266 ἀλλὰ
1189 1210 1350 1283 στολὴ
1380 1210 1654 1266 δείκνυσιν
1693 1211 1856 1265 αὑτὸν

1963 1213 2290 1268 monstravit
2328 1213 2557 1268 dicens:
2618 1212 2760 1266 Ecce
2806 1212 2992 1281 Agnus
3042 1211 3132 1265 ille
3185 1210 3300 1264 Dei.
3353 1211 3418 1264 Et
3471 1213 3561 1264 alii

267 1307 530 1378 ὑπεράνω
576 1307 762 1375 πάσης
805 1304 1041 1376 τρυφῆς.
1073 1306 1135 1358 El
1175 1305 1285 1375 γὰρ
1318 1305 1552 1375 ἰτρύφα,
1597 1307 1656 1358 ὲν
1697 1304 1854 1372 βασι-

1964 1305 2182 1375 quidem
2221 1307 2498 1375 prophetis
2547 1305 3000 1375 proplielizarunt
3043 1313 3330 1373 postquam
3359 1304 3564 1370 egressi

265 1397 432 1462 λείοις
453 1400 521 1452 ἂν
548 1388 636 1468 ἦν.
669 1383 831 1452 Ἀλλά
859 1399 1148 1468 προφήτην
1172 1398 1337 1452 αὐτὸν
1362 1397 1545 1469 Exue;
1577 1399 1686 1452 Ναὶ
1712 1399 1859 1466 λέγω

1965 1406 2092 1452 sunt
2121 1413 2184 1451 ex
2223 1399 2395 1451 uteris
2425 1409 2660 1451 matrum
2689 1417 2701 1450 :
2741 1399 2830 1452 hic
2858 1407 3041 1452 autem
3069 1407 3362 1465 antequam
3389 1397 3565 1450 exiret

268 1491 425 1560 ὑμῖν,
467 1491 561 1565 καί
591 1491 978 1562 περισσότερον
1010 1491 1317 1561 προφήτου.
1351 1493 1413 1546 Ol
1439 1492 1538 1560 μὲν
1571 1493 1682 1562 γάρ
1707 1493 1858 1546 ἄλλοι

1963 1491 2030 1543 de
2057 1498 2233 1553 utero,
2268 1491 2491 1558 agnovit
2514 1488 2825 1554 Dominum,
2858 1499 2914 1544 et
2937 1488 3256 1542 exsultavit.
3291 1487 3417 1541 Post
3450 1489 3564 1540 haec

269 1586 537 1648 προεῖπον
567 1583 699 1652 περὶ
731 1581 973 1653 Χριστοῦ
1008 1585 1194 1652 μόνον,
1227 1577 1382 1647 οὗτος
1418 1586 1475 1639 δὲ
1509 1587 1599 1638 καὶ
1633 1585 1740 1638 εἶδε
1765 1588 1860 1641 καὶ

1965 1580 2124 1635 all'ert
2156 1591 2211 1633 et
2242 1581 2557 1648 prophetam
2591 1590 2809 1644 testem;
2843 1580 2974 1634 dicit
3007 1580 3151 1633 enim
3192 1598 3204 1632 :
3245 1578 3344 1634 llic
3374 1587 3458 1632 est
3499 1581 3565 1632 de

267 1676 462 1742 ἔδειξε,
491 1675 671 1744 λέγων
692 1691 705 1704 ·
738 1677 846 1729 Ἴδε
878 1677 912 1726 .6
956 1677 1153 1745 Ἀμνὸς
1199 1677 1293 1731 τοῦ
1324 1677 1482 1732 Θεοῦ.
1529 1680 1641 1733 Καὶ
1672 1680 1722 1732 oi
1760 1679 1861 1749 μὲν

1963 1688 2070 1744 quo
2100 1673 2364 1742 scriptum
2397 1680 2521 1727 est:
2554 1671 2695 1728 Ecce
2732 1674 2891 1727 mitto
2924 1673 3178 1742 angelum
3214 1688 3414 1726 meum.
3447 1672 3563 1724 An-

267 1767 419 1819 ἄλλοι
441 1768 738 1836 προφῆται,
795 1767 941 1836 μετὰ
971 1769 1032 1820 τὸ
1089 1768 1328 1832 ἐξελθεῖν
1379 1771 1444 1822 ὲκ
1492 1770 1596 1838 τῆς
1647 1770 1858 1834 κοιλίας
1895 1827 1936 1840 __

1895 1827 1936 1840 __
1965 1769 2119 1840 gelus
2143 1769 2289 1823 enim
2320 1767 2559 1822 Joannes
2601 1767 2731 1831 fuit,
2785 1765 3036 1821 fortassis
3079 1764 3224 1832 quod
3262 1764 3562 1834 angelicam

265 1858 378 1911 τῶν
406 1860 660 1930 μητέρων
706 1861 910 1924 αὐτῶν,
941 1862 1366 1932 προεφήτευσαν
1397 1880 1410 1893 °
1457 1858 1612 1926 οὗτος
1669 1863 1723 1916 δὲ
1768 1865 1861 1917 καὶ
1893 1827 1938 1883 Β

1966 1863 2132 1916 vitam
2184 1869 2240 1916 et
2296 1876 2403 1915 non
2459 1859 2760 1922 carnalem,
2817 1859 2912 1912 sed
2970 1856 3313 1926 spiritualem
3371 1857 3564 1927 egerit,
3628 1902 3631 1906 .

270 1951 377 2021 πρὸ
414 1951 510 2004 τοῦ
557 1952 793 2017 ἐξελθεῖν
817 1955 883 2006 ἐκ
919 1952 1019 2021 τῆς
1060 1955 1294 2023 μήτρας,
1344 1953 1561 2021 ἐπέγνω
1602 1953 1694 2006 τὸν
1745 1955 1860 2008 Κύ-

1965 1953 2222 2009 t'ortassis
2257 1953 2424 2008 etiam
2447 1952 2592 2022 quod
2629 1952 2920 2006 adventum
2945 1950 3244 2004 Salvatoris
3275 1949 3564 2002 mmtiarit.

269 2059 412 2114 ριον,
441 2046 538 2098 καὶ
564 2044 913 2116 ἐσκίρτησεν.
952 2040 1088 2098 Εἶτα
1116 2047 1360 2117 παράγει
1395 2047 1489 2100 καὶ
1525 2048 1618 2100 τὸν
1646 2050 1862 2119 προφή-

1964 2049 2138 2101 Amen
2171 2047 2295 2101 dico
2326 2045 2504 2111 vobis,
2555 2061 2662 2100 non
2713 2045 2955 2099 surrexit
2997 2046 3138 2097 inter
3180 2052 3336 2097 natos
3371 2043 3565 2096 mulie-

265 2152 369 2204 την
399 2136 677 2206 μάρτυρα.
705 2139 844 2207 Φησὶ
869 2138 1000 2207 γὰρ,
1031 2130 1203 2202 Οὗτός
1230 2139 1348 2192 ἐστι
1385 2141 1514 2210 περὶ
1561 2134 1624 2192 οὗ
1656 2141 1861 2208 γέγρα-

1965 2154 2087 2192 rum
2122 2139 2296 2207 major
2347 2136 2578 2193 Joanne.
2614 2135 2843 2192 Praefert
2879 2135 3000 2189 aliis
3033 2135 3287 2190 Omnibus
3319 2135 3569 2189 Praecur-

266 2243 422 2280 πται·
441 2229 579 2281 Ἰδοὺ
609 2229 928 2282 ἀποστέλλω
945 2229 1038 2283 τὸν
1055 2231 1286 2300 ἄγγελόν
1311 2249 1434 2302 μου.
1464 2232 1730 2299 Ἀγγελος
1752 2234 1862 2303 γάρ

1969 2246 2170 2286 sorem.
2208 2229 2416 2284 Deinde
2452 2229 2608 2298 quasi
2663 2228 2787 2297 quis
2811 2227 3062 2290 dixisset,
3098 2228 3180 2279 An
3216 2235 3271 2279 et
3313 2237 3363 2280 te
3398 2226 3570 2294 major

263 2322 294 2373 6
337 2320 613 2390 Ἰωάννης.
652 2323 796 2391 τάχα
835 2322 934 2391 μὲν
972 2323 1068 2376 καὶ
1106 2323 1195 2376 διὰ
1229 2323 1290 2376 τὸ
1332 2324 1522 2393 σχεδὸν
1569 2325 1730 2380 ἄῦλον
1766 2325 1860 2379 τοῦ

1968 2323 2057 2378 ille
2109 2322 2242 2377 est?
2295 2321 2523 2378 subdit:
2578 2320 2694 2389 Ego
2746 2331 2928 2373 autem
2961 2320 3052 2387 qui
3091 2319 3271 2372 minor
3302 2319 3393 2373 illo
3424 2334 3565 2384 sum,

267 2412 385 2472 βίου
420 2415 512 2467 καὶ
537 2415 852 2482 άγγελικὸν,
887 2417 1032 2485 τάχα
1059 2416 1116 2469 δὲ
1149 2418 1244 2469 καὶ
1278 2416 1367 2468 διὰ
1394 2419 1457 2471 τὺ
1486 2419 1741 2485 ἀγγεῖλαι
1764 2419 1861 2489 τὴν

1967 2416 2142 2484 major
2190 2431 2312 2470 sum
2363 2415 2416 2470 in
2469 2429 2636 2485 regno
2673 2413 2960 2468 cmlorum.
2997 2412 3211 2467 Haheor
3245 2413 3389 2466 enim
3425 2427 3568 2467 nunc

265 2503 364 2556 τοῦ
392 2505 645 2577 Σωτῆρος
659 2495 992 2575 ὶπιδημίαν.
1038 2507 1212 2578 Ἀμὴν
1249 2507 1392 2574 λέγω
1427 2508 1580 2577 ὑμῖν,
1607 2511 1707 2564 οὑκ
1733 2512 1864 2582 ἐγή-

1968 2511 2148 2565 minor
2187 2510 2280 2564 illo
2307 2519 2364 2564 et
2393 2520 2617 2579 prapter
2667 2516 2908 2571 aztatem,
2943 2517 2996 2560 et
3032 2517 3252 2576 propter
3283 2521 3477 2577 genus,
3512 2515 3568 2560 et

262 2613 459 2665 γερται
493 2599 551 2649 ἐν
589 2601 870 2665 γεννητοῖς
891 2599 1177 2666 γυναικῶν
1218 2598 1422 2667 μείζων
1455 2601 1725 2659 Ἰωάννου.
1749 2603 1862 2655 τῶν

1967 2614 2187 2674 propter
2214 2603 2467 2671 gloriam,
2515 2601 2609 2657 sed
2665 2602 2716 2654 in
2767 2616 2935 2670 regno
2967 2601 3232 2654 caalorum
3266 2601 3442 2670 major
3478 2599 3570 2653 illo

267 2690 449 2744 ἄλλων
482 2691 704 2744 πάντων
737 2691 972 2760 ἐξαίρων
1007 2691 1099 2744 τὸν
1124 2691 1464 2762 Πρόδρομον.
1498 2687 1634 2746 Εἶτα
1659 2695 1861 2748 ὡσανεί

1967 2711 2110 2760 stnu,
2147 2696 2250 2750 hoc
2280 2705 2385 2759 est,
2421 2695 2475 2748 in
2528 2694 2785 2749 omnibus
2839 2693 3037 2747 divinis
3081 2702 3135 2747 et
3165 2692 3566 2762 spiritualihus.

261 2800 410 2846 τινος
434 2784 706 2847 εἰπόντος,
733 2785 843 2838 Καὶ
881 2782 976 2837 σοῦ
1009 2783 1065 2835 δὲ
1098 2779 1360 2848 αὑτοῦ,’ὧ
1393 2785 1617 2855 Χριστὲ,
1658 2786 1862 2854 μείζων

1972 2785 2204 2840 Proinde
2237 2785 2418 2841 omnis
2442 2784 2672 2854 populus
2701 2783 2791 2853 qui
2825 2785 3074 2838 audierat
3101 2781 3392 2847 Joannem,
3415 2785 3572 2854 justi-

262 2874 449 2942 ιατίν;
482 2875 680 2942 ἐπάγει
701 2893 714 2905 ο
759 2876 816 2929 Ὀ
845 2876 902 2927 δὲ
933 2875 1258 2945 μικρότερος
1284 2875 1452 2928 αὑτοῦ
1482 2874 1615 2944 ξγὼ,
1657 2877 1861 2945 μείζων

1968 2881 2153 2935 licavit
2186 2880 2375 2944 Deum,
2411 2879 2511 2932 hoc
2535 2887 2638 2942 est,
2666 2877 3074 2932 bonoravcrunt
3097 2877 3292 2941 Deum,
3322 2892 3390 2933 eo
3420 2877 3565 2948 quod

261 2967 379 3037 είμὶ
397 2969 456 3020 ἐν
484 2971 549 3037 τῇ
574 2967 826 3039 βασιλείᾳ
853 2967 965 3020 τῶν
983 2967 1254 3038 οὐρανῶν.
1278 2967 1594 3037 Νομίζομαι
1625 2968 1724 3038 μὲν
1751 2970 1861 3038 γὰρ

1967 2972 2288 3042 prophetam
2315 2973 2435 3040 ejus
2471 2970 2572 3038 ipsi
2618 2970 3039 3039 suscepissent:
3076 2969 3339 3024 Pharisa'i
3385 2980 3567 3024 autem

263 3057 362 3110 νῦν
404 3059 730 3128 μικρότερος
773 3059 939 3112 αὑτοῦ
973 3060 1067 3111 καὶ
1118 3059 1262 3111 κατὰ
1294 3060 1577 3127 εὐγένειαν
1619 3063 1712 3113 καὶ
1743 3062 1860 3131 ἡλι-

1971 3077 2074 3114 uon
2125 3061 2533 3113 honorat/erunt
2587 3058 2796 3124 Deum,
2863 3073 2968 3112 non
3032 3068 3292 3128 suscepto
3338 3057 3572 3114 Joanne.

262 3149 390 3203 κίαν
416 3151 509 3204 καὶ
559 3150 741 3216 δόξαν,
791 3152 910 3205 ἀλλ’
940 3152 1020 3228 ,ὲν
1065 3154 1133 3222 τῇ
1171 3151 1422 3223 βασιλείᾳ
1462 3152 1572 3204 τῶν
1618 3153 1864 3223 οὐρανῶν
1888 3175 1934 3237 C

1891 3175 1934 3237 Ο
1966 3152 2199 3218 Quidam
2232 3161 2440 3218 autem,
2469 3151 2612 3204 inter
2643 3150 2784 3205 ﬁlios
2826 3149 3142 3215 mulierum,
3174 3152 3255 3205 sic
3287 3150 3572 3207 intellexe-

265 3240 470 3312 μείζων
501 3242 668 3295 αὑτοῦ
707 3244 846 3312 είμι,
906 3243 1189 3296 τουτέστιν
1232 3245 1291 3295 ἐν
1355 3246 1492 3296 πᾶσι
1545 3247 1657 3308 τοῖς
1694 3245 1859 3309 θείοις

1974 3253 2124 3308 runt,
2153 3245 2297 3314 quod
2329 3245 2467 3298 bene
2501 3244 2720 3306 dixerit,
2761 3247 2902 3299 inter
2945 3242 3084 3300 ﬁlios
3123 3244 3414 3299 mulierum
3445 3265 3456 3300 :
3495 3248 3570 3302 ita

261 3332 358 3386 καὶ
406 3337 821 3402 πνευματικοῖς.
894 3337 1010 3396 Πᾶς
1068 3335 1161 3388 οὖν
1215 3337 1243 3386 ὁ
1274 3335 1402 3398 λαὸς
1467 3337 1708 3400 ἀκούσας
1763 3339 1857 3391 τοῦ

1970 3336 2111 3389 enim
2145 3335 2362 3402 excepit
2412 3335 2650 3403 scipsum
2698 3335 2982 3398 Dominus,
3018 3339 3464 3406 quandoquidem
3509 3339 3573 3392 de

276 3424 550 3491 Ἰωάννου,
593 3427 923 3480 ἐδικαίωσαν
956 3429 1047 3480 τὸν
1077 3429 1233 3490 Θεὸν,
1270 3428 1554 3482 τουτέστιν
1588 3430 1860 3500 ἐτίμησαν

1971 3429 2180 3498 virgine
2218 3428 2386 3482 fuerit
2419 3437 2601 3493 natus,
2631 3443 2736 3481 non
2772 3430 2838 3482 de
2873 3431 3098 3483 muliere
3124 3432 3296 3482 virum
3323 3440 3572 3499 experta.

259 3520 353 3572 τὸν
388 3520 547 3581 Θεὸν,
591 3521 674 3574 ὅτι
723 3521 816 3573 τὸν
857 3523 1146 3590 προφήτην
1179 3521 1345 3573 αὑτοῦ
1394 3521 1667 3584 ἐδέξαντο.
1712 3523 1774 3576 Ol
1801 3522 1859 3577 δὲ

1973 3520 2038 3574 Ει
2071 3521 2213 3588 quod
2244 3521 2398 3587 dicit,
2439 3521 2624 3575 minor
2655 3523 2705 3575 in
2739 3537 2907 3590 regno
2940 3523 3232 3587 caelorum,
3279 3524 3437 3578 aliter
3491 3525 3572 3577 in-

258 3611 548 3683 Φαρισαῖοι
567 3611 849 3679 ἠτίμασαν
865 3613 956 3662 τὸν
979 3611 1134 3672 Θεὸν,
1163 3611 1237 3680 μὴ
1259 3610 1544 3678 δεξάμενοι
1581 3611 1854 3678 Ἰωάννην.

1973 3614 2322 3667 tellcxerunt.
2356 3613 2554 3668 'Minor
2591 3615 2644 3667 in
2700 3616 2808 3669 vita
2861 3616 3210 3681 Christiana,
3268 3617 3442 3684 major
3493 3627 3578 3673 est

261 3703 307 3754 Τ
313 3703 422 3766 tusc
447 3702 506 3755 δὲ
527 3703 608 3766 τὸ,
641 3704 699 3755 ὲν
733 3705 1015 3772 γεννητοῖς
1064 3702 1364 3768 γυναικῶν,
1391 3700 1565 3764 οὕτως
1602 3702 1856 3771 ἐνόησαν,

1968 3705 2117 3776 justo
2141 3706 2298 3773 juxta
2333 3707 2528 3778 legem,
2567 3717 2624 3762 ut
2651 3707 2894 3764 Joannes
2943 3709 3098 3779 juxta
3133 3709 3406 3779 justitiam
3438 3710 3574 3781 legis

259 3794 342 3848 ὅτι
368 3794 550 3858 καλῶς
584 3790 757 3860 εἶπεν,
799 3797 856 3846 ὲν
908 3797 1188 3864 γεννητοῖς
1225 3792 1524 3863 γυναικῶν,
1548 3794 1859 3865 ὑπεξαίρων

1971 3810 2093 3854 erat
2153 3801 2671 3868 irreprehensibilis.
2736 3801 2792 3856 Si
2855 3803 2978 3872 quis
3039 3812 3222 3857 autem
3263 3804 3575 3860 inveniatur

259 3886 458 3942 ἑαυτὸν
487 3889 516 3940 6
549 3887 774 3958 Κύριος.
808 3889 982 3948 Αὐτὸς
1010 3888 1120 3957 γάρ
1159 3888 1436 3958 παρθένου
1474 3884 1542 3958 ἦν
1575 3890 1856 3960 γεννητὸς,

1971 3891 2282 3962 baptizatus
2333 3892 2554 3962 quidem
2583 3933 2596 3957 ,
2654 3874 2893 3947 nondum
2950 3907 3132 3957 autem
3167 3895 3336 3965 320
3372 3895 3571 3950 malum

260 3979 383 4049 οὐχὶ
441 3978 720 4045 γυναικὸς,
772 3979 1025 4031 τευτέστι
1071 3982 1472 4050 γεγαμημένης
1518 3981 1692 4051 ἀνδρί.
1748 3967 1859 4035 Καὶ

1971 3971 2244 4054 quoddam
2278 3986 2361 4038 vel
2410 3988 2612 4040 bonum
2647 3997 2908 4054 Operatus
2946 3987 3129 4053 fuerit,
3175 3991 3263 4044 hic
3315 3993 3575 4046 minimus

260 4071 344 4133 τὸ,
373 4073 402 4124 6
434 4072 859 4142 μικρότεροςδὲ
905 4074 963 4124 ὲν
1017 4075 1082 4142 τῇ
1141 4071 1388 4142 βασιλεία
1429 4074 1541 4124 τῶν
1585 4075 1856 4144 οὐρανῶν,

1969 4078 2145 4131 estin
2205 4093 2372 4147 regno
2433 4078 2721 4143 cmlornm,
2766 4080 2867 4134 hoc
2916 4089 3019 4145 est,
3079 4083 3132 4136 in
3186 4085 3575 4154 pgndicatione

260 4159 437 4223 άλλως
487 4161 742 4231 ένόησλν,
786 4163 868 4214 ὅτι
899 4164 928 4214 6
961 4163 1289 4232 μικρότερος
1318 4163 1377 4215 ἓν
1406 4163 1485 4232 τῷ
1547 4166 1688 4217 κατὰ
1724 4166 1857 4234 Χρι-

1971 4166 2200 4233 Christi,
2233 4178 2476 4221 attamen
2515 4170 2688 4234 major
2721 4180 2807 4222 est
2838 4187 2944 4223 non
2987 4171 3286 4239 baptizato,
3325 4176 3579 4244 quamvis

265 4251 391 4304 στὸν
425 4251 548 4322 βίῳ,
580 4252 787 4322 μείζων
821 4255 914 4306 ἐπὶ
943 4253 1056 4306 τοῦ.
1081 4257 1140 4308 ὲν
1177 4255 1255 4326 τῷ
1277 4257 1428 4326 νόμῳ
1459 4255 1696 4320 δικαίου,
1746 4253 1858 4311 οἷον

2015 4258 2061 4312 Ie
2097 4261 2150 4311 in
2177 4257 2294 4328 lege
2315 4259 2495 4327 justus
2519 4259 2702 4312 fuerit.
2730 4259 2823 4312 Vel
2848 4260 3046 4315 aliter:
3077 4263 3165 4317 Sis
3194 4263 3321 4319 licet
3349 4265 3574 4322 minime
3686 4305 3688 4307 -

274 4342 534 4414 Ἰωάννης
578 4345 680 4414 μὲν
730 4345 872 4399 κατὰ
919 4347 1020 4415 τὴν
1060 4350 1117 4400 ἐν
1173 4347 1253 4416 τῷ
1297 4348 1449 4418 νόμῳ
1509 4349 1858 4420 δικαιοσύνην

1970 4351 2231 4414 carnalis,
2269 4350 2364 4404 sed
2388 4350 2563 4405 ferme
2599 4349 2924 4408 utJoannes
2948 4356 3290 4422 spiritua‘lis:
3326 4369 3572 4414 attamen

258 4433 575 4506 ἄμεμπτος.
628 4435 696 4490 Εἴ
730 4454 816 4500 τις
885 4438 944 4491 δὲ
997 4439 1197 4510 εὑρεθῇ
1245 4439 1684 4511 βεὸαπτισμένος
1732 4442 1855 4512 μὲν,

1969 4443 2414 4514 quandoquidem
2449 4445 2628 4500 adhuc
2671 4448 2722 4501 in
2757 4462 2923 4503 carne
2954 4465 3013 4505 es
3035 4491 3048 4514 ,
3088 4445 3374 4520 propterea
3412 4454 3575 4507 mini-

262 4528 434 4599 μήπω
485 4527 542 4581 δέ
586 4546 638 4581 τι
692 4529 864 4582 κακὸν
919 4531 952 4599 ἦ
1012 4531 1219 4598 ἀγαθὸν
1257 4533 1658 4603 ἐργασάμενος,
1700 4527 1857 4599 οὗτος
1891 4543 1940 4601 D

1898 4543 1940 4601 ο
1969 4551 2088 4590 mus
2135 4537 2187 4590 in
2237 4537 2663 4603 resurrectione,
2695 4556 2859 4608 quam
2891 4557 3116 4610 regnum
3155 4544 3420 4598 ctelorum
3456 4560 3579 4602 esse

260 4621 544 4692 ἐλάχιστος
568 4621 644 4675 ῶν
665 4625 724 4675 ὲν
745 4627 810 4693 τῇ
838 4624 1092 4695 βασιλεία
1138 4625 1247 4678 τῶν
1277 4626 1547 4697 οὐρανῶν,
1577 4627 1858 4683 τουτέστιν

1974 4629 2124 4696 dicit,
2186 4630 2358 4698 major
2405 4639 2456 4684 te
2511 4642 2618 4686 est.
2675 4632 2828 4687 Tunc
2873 4637 3018 4689 enim
3060 4636 3127 4690 ab
3165 4636 3577 4705 incorruptione

258 4711 318 4765 ιν
354 4712 433 4783 τῷ
465 4713 610 4766 κατὰ
655 4715 897 4785 Χριστὸν
939 4716 1284 4786 κηρύγματι,
1324 4718 1475 4786 ὅμως
1509 4718 1712 4787 μείζων
1744 4720 1860 4771 ἐστὶ

1971 4724 2118 4778 omni
2152 4723 2332 4791 liberi,
2365 4740 2470 4779 non
2520 4726 2661 4781 ultra
2692 4727 2846 4796 juxta
2892 4744 3113 4784 carnem
3148 4731 3571 4787 ambulabimus.

257 4803 356 4858 τοῦ
391 4805 759 4870 ἀϐαπτίστου,
813 4808 871 4858 ἐν
909 4807 1062 4877 νόμῳ
1096 4808 1152 4860 δὲ
1210 4808 1445 4861 δικαίου.
1481 4809 1590 4862 Καὶ
1648 4807 1855 4872 ἄλλως*

1976 4814 2040 4868 Ει
2069 4815 2161 4884 ιιιιί
2198 4825 2326 4869 tunc
2362 4830 2583 4884 parvus,
2621 4819 2799 4888 major
2838 4829 2923 4875 est
2956 4837 3020 4877 eo
3054 4823 3148 4890 qui
3186 4840 3333 4880 nunc
3356 4825 3572 4895 quidem

258 4897 420 4951 ὅτιτί
455 4898 549 4953 καὶ
583 4900 827 4970 ἄσαρκος
865 4900 1064 4970 μικροῦ
1090 4904 1117 4953 6
1153 4902 1430 4987 Ἰωάννης,
1457 4904 1548 4954 καὶ
1571 4901 1733 4966 ἄῦλος
1767 4901 1860 4957 οὖν

1457 4904 1548 4954 καὶ
1571 4901 1733 4966 ἄῦλος
1767 4901 1860 4957 οὖν
1973 4916 2052 4958 est
2089 4907 2294 4971 justus,
2328 4907 2422 4960 scd
2465 4923 2686 4962 carnem
2725 4911 2902 4966 adhuc
2936 4923 3134 4982 gestat.

259 4995 342 5047 ἔτι
366 4997 426 5048 ιν
459 4995 647 5065 σαρκί.
684 4997 796 5051 Καὶ
825 4997 912 5052 διὰ
943 4997 1102 5051 τοῦτο
1133 5002 1162 5051 6
1194 4999 1483 5069 ἐλάχιστος
1555 5001 1611 5052 ὲν
1666 5005 1730 5072 τῇ
1800 5002 2121 5068 άλαστάσει,
2168 5006 2234 5074 ἦν
2304 5006 2585 5074 βασιλείαν
2638 5006 2887 5074 οὐρανῶν
2961 5003 3103 5060 εἶναί
3156 5025 3311 5078 φησι,
3370 5008 3576 5077 μείζων

262 5087 433 5142 αὑτοῦ
471 5089 608 5142 ἔστι.
641 5089 776 5142 Τότε
813 5090 923 5162 γάρ
959 5091 1180 5155 τελείως
1214 5091 1699 5162 άφθαρτισθὲντες,
1724 5097 1823 5149 οὐκ
1851 5098 1933 5150 ἔτι
1974 5099 2115 5150 xaris
2145 5100 2326 5172 σάρκα
2361 5103 2839 5171 περιπατήσομεν.
2871 5101 2979 5153 Καὶ
3009 5103 3035 5154 ὁ
3065 5103 3185 5154 τότε
3219 5103 3416 5173 μικρὸς
3450 5105 3575 5174 μεί-

261 5185 372 5248 ζων
412 5187 532 5238 ἐστι
573 5185 668 5238 τοῦ
707 5186 802 5238 νῦν
840 5186 1053 5241 δικαίου
1095 5187 1217 5259 μὲν,
1253 5187 1396 5259 πλὴν
1435 5190 1516 5245 ιτι
1557 5191 1735 5262 σάρκα
1769 5192 2085 5265 φοροῦντος.

344 5316 364 5349 ι
396 5291 535 5350 Eine
587 5299 646 5354 δὲ
677 5301 706 5353 6
740 5300 972 5372 Κύριοςι
1009 5302 1134 5355 Τίνι
1185 5296 1279 5357 οὖν
1321 5305 1577 5374 ὁμοιώσω
1605 5309 1730 5370 τοὺς
1774 5309 1869 5362 άν-

2039 5309 2204 5364 Vens.
2238 5311 2433 5367 50-35.
2466 5332 2485 5366 ι
2523 5313 2616 5370 Ait
2652 5323 2831 5368 autem
2870 5316 3131 5370 Dominus
3160 5333 3172 5368 :
3208 5317 3310 5370 Cui
3336 5332 3466 5386 ergo
3501 5319 3571 5372 si-

265 5387 525 5459 θρώπους
557 5392 658 5462 τῆς
688 5396 882 5461 γενεάς
915 5394 1121 5468 ταύτης
1147 5413 1163 5464 ;
1199 5397 1292 5451 καὶ
1324 5397 1434 5451 τίνι.
1483 5401 1622 5454 τίσιν
1653 5404 1869 5471 opacet;

1968 5401 2122 5457 miles
2144 5405 2323 5458 dicam
2349 5405 2596 5460 homines
2614 5407 2985 5475 generationis
3009 5408 3208 5470 huius?
3233 5420 3286 5462 et
3303 5411 3390 5465 cui
3420 5412 3571 5464 simi-

267 5483 488 5552 Ὀμοιοί
513 5485 623 5537 είσι
652 5485 889 5549 παιδίοις
919 5490 1034 5551 τοῖς
1068 5488 1129 5541 εν
1170 5491 1349 5561 ἀγορᾷ
1383 5492 1742 5564 καθημένοις,
1777 5497 1870 5550 καὶ

1969 5497 2048 5550 les
2090 5498 2258 5550 sunt?
2290 5496 2510 5553 Similes
2546 5509 2674 5553 sunt
2705 5501 2892 5568 pueris
2921 5502 3240 5556 sedentibus
3263 5503 3315 5556 iu
3348 5502 3486 5569 fore,
3519 5515 3571 5556 ct

267 5575 689 5647 προσφωνοῦσιν
744 5576 998 5650 ἀλληλοις
1046 5581 1142 5635 καὶ
1189 5581 1441 5651 λέγουσιν
1466 5603 1481 5617 ο
1531 5585 1864 5658 Ηύλήσαμεν

1969 5592 2401 5648 acclamantibus
2445 5595 2586 5648 inter
2621 5610 2702 5658 sc,
2746 5611 2808 5650 ac
2835 5596 3140 5651 dicentibus
3174 5616 3187 5653 :
3216 5596 3571 5651 Cantavimns

265 5667 423 5760 ὑμῖν,
456 5669 552 5721 καὶ
591 5669 694 5723 οὐκ
723 5669 1076 5741 ὠρχήσασθε.
1127 5673 1548 5747 Ἐθρηνῆσαμεν
1598 5678 1750 5748 ὑμῖν,
1775 5680 1875 5732 καὶ·

1973 5682 2126 5737 vobis
2157 5684 2330 5748 tibiis,
2361 5694 2417 5738 ct
2443 5699 2549 5738 non
2581 5686 2846 5750 saltastis,
2889 5687 3192 5744 cecinimus
3235 5691 3388 5744 vobis
3416 5691 3572 5760 lngu-

265 5756 370 5851 ct'iit
401 5759 734 5818 ικλαύσατε.
783 5763 1042 5836 Ἐλήλυθε
1071 5765 1184 5837 γὰρ
1220 5767 1476 5838 Ἰωάννης
1499 5771 1528 5822 6
1557 5771 1871 5840 Ιὶατιτιστὴς

1974 5775 2113 5842 hria,
2149 5786 2203 5829 ct
2237 5793 2343 5830 lltm
2379 5776 2652 5846 plorastis.
2691 5775 2847 5831 Venit
2881 5778 3025 5833 enim
3061 5776 3299 5834 Joannes
3332 5756 3572 5851 BtptE-sta

268 5850 410 5921 μήτε
440 5852 607 5925 ἄρτον
640 5855 859 5925 ἐσθίων,
905 5861 1044 5929 μήτε
1079 5857 1222 5916 οἶνον
1264 5861 1456 5927 πίνων,
1495 5862 1588 5916 καὶ
1639 5862 1860 5932 λέγετε·

1973 5883 2147 5935 neque
2179 5867 2343 5923 edens
2388 5884 2606 5936 panem,
2644 5885 2818 5938 neque
2853 5871 3042 5927 bibens
3080 5873 3286 5933 vinum.
3342 5884 3396 5928 ct
3435 5873 3568 5928 ilicis
