4256 6432
746 405 846 469 7"]

1664 409 2237 474 THEOPHYLACTI
2283 366 2691 475 summm
2732 411 3086 473 ARCHIEP.

3900 407 4007 471 792
4058 386 4061 387 ν

752 526 854 579 lis:
894 522 1225 575 Dmmonium
1259 523 1438 576 habet.
1488 522 1647 576 Venit
1690 523 1855 577 Filius.
1889 526 2123 579 hominis
2158 526 2322 579 edens
2354 530 2399 584 Α
2430 566 2433 577 ι

2321 530 2399 584 ηΑ
2430 526 2716 593 Δαιμόνιον
2768 524 2901 593 ἔχει.
2961 522 3247 591 Ἐλήλυθεν
3296 524 3324 573 6
3375 522 3502 584 Υἱὸς
3562 521 3655 573 τοῦ
3712 522 4002 590 ανθρώπου

754 632 815 668 ac
844 616 1052 675 bibens,
1082 622 1135 666 et
1168 613 1385 667 dicitis:
1419 612 1558 668 Ecce
1587 615 1746 671 homo
1779 617 1937 681 edax,
1971 626 2023 669 et
2081 618 2191 669 vini
2224 633 2322 682 po—

755 716 855 769 tor,
882 706 1089 758 amicus
1110 705 1520 771 publicanorum
1556 720 1620 759 ac
1647 717 2015 774 peccatorum,
2049 705 2117 760 Et
2156 708 2316 777 justi-

750 795 909 847 ﬂcata
951 805 1032 849 est
1085 796 1347 864 sapientia
1415 812 1444 849 a
1479 796 1602 850 ﬁliis
1635 798 1751 851 suis
1794 800 2067 853 omnibus.
2103 817 2122 850 ι
2191 799 2320 853 Erat

747 884 1017 951 quoddam
1050 885 1158 938 ludi
1188 899 1359 953 genus
1392 888 1531 955 apud
1574 884 1809 942 Judaos.
1837 890 1894 940 In
1948 898 2131 957 partes
2175 889 2318 941 enim

749 976 882 1028 duas
913 976 1062 1043 pueri
1095 976 1247 1028 multi
1271 978 1670 1042 dividebantur,
1707 989 1761 1033 et
1793 981 1943 1048 quasi
1987 981 2149 1034 vitam
2177 980 2322 1033 deri-

748 1065 965 1131 debant,
1008 1066 1096 1118 alii
1129 1082 1194 1120 ex
1228 1084 1330 1121 una
1386 1080 1542 1137 parte
1594 1070 2074 1126 lamentabantur:
2126 1072 2217 1125 alii
2254 1086 2317 1126 ex

747 1158 911 1211 altera
946 1158 1089 1213 tibiis
1130 1160 1397 1213 canebant
1439 1179 1453 1215 :
1487 1173 1541 1215 et
1563 1178 1737 1231 neque
1784 1164 2026 1231 lugentes
2056 1168 2321 1218 curabant

748 1250 799 1301 Ιιί
836 1250 926 1316 qui
950 1265 1013 1303 ex
1051 1251 1219 1304 altera
1254 1262 1405 1320 parte
1435 1274 1451 1306 :
1478 1269 1651 1321 neque
1685 1256 1931 1309 tibicines
1984 1256 2131 1325 ipsos
2156 1272 2311 1311 cura-

746 1341 876 1394 bant
905 1342 955 1394 bi
989 1343 1080 1410 qui
1127 1344 1397 1411 lugebant.
1433 1345 1607 1400 Taxat
1644 1348 1808 1417 igitur
1838 1348 2097 1403 Dominus
2124 1349 2317 1403 Phari-

744 1445 897 1497 saos,
920 1433 1010 1501 qui
1044 1448 1215 1503 neque
1247 1435 1499 1504 lugebant
1534 1452 1654 1491 cum
1682 1437 1889 1492 Joanne
1934 1440 2213 1511 lugubrem
2243 1442 2320 1495 vi-

746 1532 850 1575 tam
907 1534 1116 1593 agente,
1166 1534 1216 1579 et
1274 1528 1648 1595 paenitentiam
1698 1530 2095 1595 introducente,
2148 1548 2320 1601 neque

742 1628 864 1667 eum
900 1614 1257 1671 imitabantur
1296 1636 1308 1670 :
1345 1634 1519 1686 neque
1571 1622 2021 1691 obtemperabant
2058 1623 2183 1678 Jesu
2236 1626 2315 1678 vi-

743 1715 851 1757 tam
886 1719 994 1772 pra:
1022 1720 1079 1759 se
1115 1707 1305 1761 ferenti
1342 1710 1637 1764 civili'orem
1673 1726 1687 1763 :
1729 1714 1821 1767 sed
1854 1715 2043 1768 ambos
2095 1716 2319 1784 repelle-

742 1797 890 1859 bant,
923 1812 1020 1850 nec
1052 1798 1295 1868 lugentes
1331 1816 1455 1855 cum
1494 1802 1703 1859 Joanne
1730 1803 1963 1873 lugente,
2001 1822 2177 1877 neque
2196 1822 2319 1861 con-

2427 615 2620 667 ἐσθίων
2651 615 2743 665 καὶ
2786 614 2973 674 πίνων,
3004 613 3095 664 καὶ
3119 612 3327 679 λέγετε,
3360 610 3486 663 Ἰδοὺ
3510 611 3794 680 ἄνθρωπος
3834 613 4006 678 φάγος

2428 708 2521 759 καὶ
2548 704 2853 773 οἰνοπότης,
2898 704 3049 773 φίλος
3085 703 3334 756 τελωνῶν
3382 705 3477 755 καὶ
3503 703 3867 772 ἁμαρτωλῶν,
3914 706 4006 755 καὶ

2426 797 2719 865 ἐδικαιώθη
2747 798 2779 865 ή
2817 798 2977 865 σοφία
3003 796 3111 849 ἀπὸ
3140 795 3246 846 τῶν
3271 794 3475 847 τέκνων
3508 796 3681 862 αὐτῆς
3718 797 3957 851 πάντων,
3984 817 4001 846 ι

2424 886 2532 939 Ἦν
2558 904 2609 939 τι
2648 886 2798 956 παρά
2832 889 2945 947 τοῖς
2998 886 3271 945 Ἰουδαίοις
3305 882 3441 947 εἶδος
3472 886 3689 947 παιδιᾶς
3736 885 4004 946 τοιοῦτον,

2426 982 2506 1041 είς
2538 979 2677 1050 μέρη
2702 979 2796 1031 δύο
2828 978 3038 1048 πληθὺς
3064 977 3292 1030 παιδίων
3326 977 3601 1045 ἐτέμνετο.
3629 978 3737 1028 Καὶ
3770 980 3862 1030 τὸν
3887 977 4003 1047 βίον

2424 1070 2621 1123 ὡσανεὶ
2660 1070 2945 1137 γελῶντες,
2982 1070 3030 1122 οἱ
3058 1068 3155 1137 μὲν
3196 1067 3349 1120 ἔνθεν
3383 1068 3663 1137 ἐθρήνουν,
3696 1068 3744 1117 oi
3772 1068 3828 1119 δὲ
3857 1070 4002 1119 Exsi-

2424 1162 2515 1216 θεν
2538 1163 2752 1232 ηὔλουν.
2795 1163 2905 1215 Καὶ
2943 1160 3067 1213 οὔτε
3125 1164 3236 1223 τοῖς
3275 1159 3562 1229 θρηνοῦσιν
3595 1160 3644 1209 οί
3682 1159 3775 1210 τοῦ
3815 1160 4008 1229 ἐτέρου

2427 1254 2629 1324 μέρους
2666 1254 3023 1317 συνετίθεντο,
3055 1251 3179 1305 οὔτε
3211 1254 3323 1313 τοῖς
3359 1250 3614 1304 αὐλοῦσιν
3640 1246 3806 1303 οὗτοι.
3851 1251 4006 1302 Ἐπι-

2425 1348 2667 1399 σκώπτει
2696 1348 2875 1399 τοίνυν
2928 1347 2957 1397 6
3002 1344 3206 1415 Κύριος
3238 1344 3331 1395 καὶ
3380 1343 3506 1402 τοὺς
3546 1342 3897 1411 Φαρισαίους,
3931 1340 4007 1400 ὡς

2422 1436 2662 1490 τοιοῦτόν
2698 1455 2751 1489 τι
2804 1434 3113 1497 ποιοῦντας.
3153 1434 3292 1489 Οῦτε
3335 1433 3441 1500 γὰρ
3490 1430 3567 1498 τῷ
3610 1429 3833 1499 Ἰωάννῃ
3866 1430 4006 1498 θρη-

2424 1528 2643 1595 νητικὸν
2692 1528 2805 1596 βίον
2862 1527 3067 1596 βιοῦντι
3117 1528 3211 1578 καὶ
3258 1524 3548 1593 μετάνοιαν
3601 1520 3999 1588 εἰσηγουμένῳ,

2424 1621 2830 1691 συνεπένθησαν
2878 1621 2910 1691 ἢ
2955 1621 3318 1689 ἐμιμήσαντο,
3359 1617 3481 1669 οὔτε
3535 1617 3611 1682 τῷ
3657 1614 3836 1682 Ἰησοῦ
3891 1613 4005 1681 βίον

2422 1714 2850 1783 ἐπιδεικνυμένῳ
2890 1712 3170 1783 χαρίεντν,
3227 1709 3557 1778 ἐπείσθησαν
3600 1709 3631 1777 ἢ
3676 1706 3999 1758 συνέθεντο·

2424 1807 2538 1857 ἀλλ’
2591 1807 2936 1874 ἀμφοτέρους
2992 1805 3330 1863 ἀπώσαντο,
3378 1802 3514 1871 μήτε
3563 1799 3643 1867 τῷ
3709 1798 4005 1868 θρηνοῦντι

740 1890 983 1943 cinentes
1014 1905 1133 1945 eum
1158 1892 1285 1947 Jesu
1346 1896 1493 1949 tibiis
1544 1909 1790 1963 canente,
1854 1900 1954 1953 hoc
1984 1911 2087 1962 est,
2127 1903 2316 1955 remis-
2350 1873 2391 1931 Β

2350 1873 2391 1931 Β
2438 1895 2655 1965 Ἰωάννῃ
2687 1894 3137 1964 συνθρηνοῦντες,
3175 1894 3313 1962 μήτε
3342 1891 3420 1960 τῷ
3444 1890 3696 1942 αὑλοῦντι
3723 1890 3819 1940 καὶ
3854 1890 4000 1939 ἀνει-

741 1983 909 2037 siore.
946 1983 1008 2036 Et
1031 1985 1326 2052 justillcata
1348 1999 1432 2043 cst
1465 1990 1752 2057 sapientia,
1777 1991 1877 2045 hoc
1900 2002 2003 2055 est,
2031 1994 2314 2057 honorata,

2424 1987 2568 2055 μένῳ
2599 1987 2771 2056 Ἰησοῦ
2801 1984 3209 2065 συμφοροῦντες
3228 1984 3326 2050 (2).
3351 1984 3460 2036 Καὶ
3488 1982 3674 2034 λοιπον
3707 1981 3999 2046 ἐδικαιώθη

741 2090 846 2128 non
877 2090 905 2129 a
937 2076 1245 2141 Pharisaeis,
1295 2081 1387 2134 sed
1439 2098 1466 2134 a
1506 2081 1630 2136 filiis
1674 2084 1808 2149 suis,
1867 2086 1917 2137 id
1948 2094 2049 2149 est,
2088 2086 2169 2139 his
2226 2087 2314 2154 qui
2418 2099 2422 2107 ‘

2418 2082 2450 2147 ἡ
2493 2079 2659 2145 σοιρία
2696 2078 2791 2129 τοῦ
2825 2076 2981 2143 Θεοῦ,
3008 2058 3286 2127 τουτέστιν
3321 2074 3576 2142 ἐτιμήθη,
3607 2073 3705 2141 οὐχ
3752 2072 3858 2123 ὑπὸ
3892 2071 4001 2121 τῶν

740 2180 1090 2237 susceperunt
1120 2169 1302 2224 Jesum
1327 2181 1380 2225 et
1401 2171 1683 2228 Joannem.

812 2459 1189 2517 Vens.3‘6-ﬂ.
1225 2483 1242 2514 ι
1286 2461 1529 2532 Rogabat
1600 2472 1776 2519 autem
1824 2465 1974 2521 illum
2024 2461 2237 2536 quidam
2287 2483 2317 2523 e

741 2552 1025 2607 Pbarisaeis
1061 2566 1119 2607 ut
1152 2567 1371 2624 caperet
1402 2557 1580 2611 cibum
1620 2574 1740 2613 cum
1776 2559 1911 2627 ipso.
1940 2558 2007 2613 Et
2042 2560 2316 2630 ingressus

740 2646 953 2698 domum
978 2645 1257 2713 Phariszi,
1316 2652 1607 2705 accubuit:
1659 2661 1713 2704 et
1782 2666 1910 2705 ecce
1968 2652 2160 2706 mulier
2199 2668 2317 2721 qua:

743 2736 916 2789 fuerat
945 2738 996 2789 in
1028 2739 1246 2792 civitate
1274 2742 1567 2807 peccatrix,
1603 2749 1661 2793 ut
1686 2743 1957 2809 cognovit,
1989 2743 2131 2811 quod
2158 2741 2315 2797 Jesus

741 2828 1081 2882 accubuisset
1111 2830 1163 2883 in
1216 2832 1376 2885 domo
1426 2830 1707 2898 Pharisaei,
1744 2832 1921 2886 attulit
1978 2834 2311 2887 alabastrum

740 2920 1019 2985 unguenti,
1046 2929 1305 2990 s'tansque
1333 2924 1399 2976 ad
1424 2924 1589 2991 pedes
1618 2924 1739 2992 ejus
1793 2940 1823 2977 a
1872 2934 2043 2993 tergo,
2072 2925 2203 2980 ﬂens
2233 2926 2313 2978 la-

750 3013 952 3081 crymis
1004 3015 1169 3080 erepit
1204 3016 1381 3083 rigare
1434 3018 1597 3085 pedes
1627 3018 1764 3085 ejus,
1788 3028 1841 3071 et
1890 3017 2097 3084 capillis
2123 3018 2314 3085 capitis

738 3102 820 3155 sui
848 3105 1210 3172 exstergebat,
1240 3117 1294 3159 et
1328 3106 1743 3161 deosculabatur
1772 3110 1935 3176 pedes
1961 3108 2098 3177 ejus,
2123 3119 2178 3163 et
2209 3126 2308 3161 tm-

2418 2171 2750 2240 Φαρισαίων,
2793 2170 2929 2223 ἀλλά
2967 2170 3077 2220 τῶν
3106 2169 3315 2219 τέκνων
3347 2166 3540 2233 αὐτῆς.
3584 2164 3854 2222 τουτέστι,
3897 2163 4004 2213 τῶν

2421 2261 2883 2333 παραδεξαμένων
2924 2262 3013 2315 τὸν
3061 2260 3218 2327 λόγον
3258 2257 3353 2311 τοῦ
3386 2274 3441 2307 τε
3488 2256 3736 2310 Ἰωάννου
3770 2254 3864 2306 καὶ
3907 2251 4002 2306 τοῦ

2434 2353 2625 2421 Ἰησοῦ.

2499 2484 2517 2515 ι
2560 2466 2777 2536 Ἠρὼτα
2814 2465 2869 2517 δέ
2901 2481 2980 2527 τις
3017 2464 3177 2515 αὑτὸν
3206 2461 3316 2514 τῶν
3343 2457 3669 2531 Φαρισαίων,
3715 2462 3805 2513 ἵνα
3853 2461 4002 2530 φάγῃ

2424 2561 2543 2626 μετ’
2578 2556 2765 2610 αὑτοῦ.
2804 2555 2914 2607 Καὶ
2964 2554 3222 2606 εἰσελθὼν
3264 2558 3339 2616 είς
3366 2555 3461 2623 τὴν
3490 2554 3667 2606 οἰκίαν
3708 2553 3802 2605 τοῦ
3834 2554 4000 2621 Φαρι-

2423 2648 2601 2713 σαίου,
2640 2648 2917 2715 ἀνεκλίθη.
2948 2647 3055 2697 Καὶ
3091 2646 3198 2697 ξδοί)
3232 2646 3371 2714 γυνὴ
3401 2648 3455 2696 ἐν
3484 2648 3546 2713 τῇ
3574 2644 3750 2706 πόλει,
3783 2646 3904 2711 ﬁn;
3934 2640 4003 2712 ἦν

2421 2739 2765 2810 ἁμαρτωλὸς,
2790 2738 3088 2805 ἐπιγνοῦσα
3120 2738 3201 2790 ὅτι
3232 2738 3517 2789 ἀνάκειται
3552 2738 3609 2789 ἐν
3642 2740 3707 2805 τῇ
3736 2738 3885 2806 οἰκίᾳ
3904 2736 4001 2788 τοῦ

2419 2832 2739 2903 Φαρισαίου,
2773 2832 3047 2901 κομίσασα
3088 2829 3431 2896 ἀλάϐαστρον
3468 2830 3665 2898 μύρου,
3697 2831 3791 2881 καί
3826 2830 4001 2881 στᾶσα

2421 2924 2572 2994 παρά
2600 2923 2727 2985 τοὺς
2752 2922 2918 2983 πόδας
2949 2920 3115 2972 αὑτοῦ
3144 2920 3339 2982 ὀπίσω,
3363 2920 3623 2972 κλαίουσα
3653 2921 3860 2989 ἤρξατο
3883 2921 4007 2989 βρέ-

2421 3034 2538 3086 χειν
2580 3018 2705 3079 τοὺς
2736 3017 2903 3077 πόδας
2942 3014 3109 3068 αὑτοῦ
3142 3018 3253 3077 τοῖς
3284 3016 3533 3083 δάκρυσι,
3582 3018 3673 3067 καὶ
3705 3017 3827 3075 ταῖς
3858 3014 4004 3081 θριςὶ

2417 3112 2515 3177 τῆς
2566 3108 2809 3177 κεφαλῆς
2866 3108 3036 3175 αὐτῆς
3098 3107 3389 3175 ἐξέμασσε,
3422 3108 3517 3159 καὶ
3555 3106 3836 3173 κατεφίλει
3880 3107 4006 3167 τοὺς

738 3205 936 3261 guento
968 3197 1219 3265 ungebat.
1256 3197 1457 3252 Videns
1492 3208 1669 3253 autem
1698 3198 2002 3255 Pbarisaus
2034 3201 2124 3270 qui
2158 3217 2314 3255 voca—
2342 3209 2384 3263 ς

2342 3209 2384 3263 C
2420 3201 2582 3263 πόδας
2615 3198 2806 3266 αὑτοῦ,
2862 3200 2956 3252 καὶ
2990 3199 3177 3268 ἣλειφε
3216 3201 3293 3269 τῷ
3321 3200 3498 3269 μύρῳ.
3538 3199 3680 3251 Ἰδὼν
3704 3199 3759 3250 δέ
3784 3202 3811 3251 6
3833 3200 4003 3265 Φαρι-

740 3297 893 3340 verat
921 3302 1065 3350 eum,
1100 3290 1176 3342 ait
1220 3292 1359 3343 intra
1387 3306 1443 3344 se
1488 3292 1715 3347 dicens:
1750 3291 1851 3346 Hic
1897 3294 1941 3347 si
1996 3302 2140 3347 esset
2187 3309 2311 3363 pro-

734 3380 920 3447 pheta,
948 3380 1110 3433 sciret
1144 3383 1326 3448 utique
1374 3397 1496 3450 qua:
1527 3394 1581 3437 et
1612 3384 1786 3451 qualis
1815 3394 1899 3438 est
1949 3384 2145 3438 mulier
2196 3403 2313 3455 qua:

738 3471 908 3539 tangit
937 3472 1131 3539 ipsum,
1164 3474 1286 3542 quia
1321 3477 1596 3543 peccatrix
1625 3484 1724 3530 est.
1760 3476 1826 3530 Et
1858 3479 2192 3545 respondens
2223 3478 2312 3531 Je-

736 3574 829 3613 sus
860 3558 993 3613 dixit
1023 3562 1086 3613 ad
1124 3562 1270 3615 illum
1309 3580 1321 3616 :
1355 3560 1564 3625 Simon,
1611 3563 1783 3617 habeo
1832 3566 2126 3634 quidquam
2168 3568 2311 3633 quod

738 3650 835 3703 tibi
870 3650 1070 3704 dicam.
1098 3654 1166 3705 At
1198 3652 1287 3707 ille
1323 3656 1398 3707 ait
1433 3675 1445 3708 :
1503 3654 1780 3723 Magister,
1810 3656 1916 3711 dic.
1955 3656 2071 3711 Duo
2106 3658 2313 3711 debito-

738 3758 827 3798 res
847 3756 1000 3799 erant
1038 3749 1251 3801 cuidam
1292 3751 1566 3805 creditori.
1606 3752 1760 3807 Unus
1794 3752 2027 3810 debebat
2059 3753 2312 3805 denarios

735 3835 1080 3905 quingentos,
1128 3846 1183 3891 et
1238 3839 1381 3895 alte!
1423 3842 1834 3912 quinquaginta,
1867 3858 1987 3895 cum
2026 3852 2207 3897 autem
2236 3840 2313 3896 illi

733 3942 841 3983 non
874 3940 1055 3984 essent
1092 3930 1374 3997 solvendo,
1423 3935 1749 3989 condonavit
1805 3939 2085 4005 utrisque:
2114 3939 2305 3992 horum

734 4020 899 4088 igitur
930 4022 1015 4075 dic
1036 4031 1155 4076 uter
1183 4037 1303 4078 eum
1335 4024 1453 4093 plus
1481 4026 1707 4096 diliget?
1735 4027 2088 4097 Respondens
2118 4030 2303 4083 Simon

734 4112 870 4166 dixit
897 4132 911 4166 :
951 4111 1218 4169 Existimo
1251 4117 1393 4184 quod
1429 4117 1474 4172 is
1498 4120 1584 4173 cui
1612 4120 1733 4189 plus
1754 4121 2098 4175 condonavit.
2145 4121 2302 4191 321

734 4202 906 4256 Atille
927 4204 1061 4257 dixit
1092 4210 1140 4257 ei
1175 4224 1190 4259 :
1221 4206 1681 4273 Rectejudicasti.
1709 4229 1727 4260 ι
1758 4209 1983 4264 Videtur
2006 4212 2093 4265 hic
2114 4208 2304 4265 Phari-

734 4308 873 4349 σείει
900 4294 991 4366 qui
1025 4298 1231 4351 vocavit
1250 4296 1431 4353 Jesum
1458 4301 1536 4368 (α)
1559 4315 1662 4354 non
1689 4310 1889 4356 rectam
1914 4302 2171 4358 habuisse
2188 4320 2312 4359 sen—

732 4386 978 4453 tentiam,
1004 4390 1095 4443 sed
1121 4390 1339 4445 dolosus
1374 4391 1541 4446 fuisse
1563 4404 1618 4447 et
1641 4394 1913 4464 hypocrisi
1967 4396 2178 4466 plenus.
2212 4396 2307 4450 Di-

730 4476 807 4531 cit
830 4477 1024 4547 igitur:
1070 4480 1125 4535 Si
1150 4490 1292 4535 esset
1337 4482 1425 4537 bic
1454 4486 1731 4553 propheta,
1765 4497 1818 4540 et
1845 4488 1916 4539 ita
1966 4504 2071 4542 non
2136 4490 2311 4543 credi-

2428 3296 2578 3357 σαϊος
2605 3295 2633 3345 6
2659 3293 2894 3355 καλέσας
2918 3293 3101 3355 αὐτὸν,
3121 3290 3275 3345 εἶπεν
3300 3295 3356 3343 ἐν
3382 3292 3579 3360 ἐαυτῷ,
3608 3293 3811 3359 λέγων·
3833 3285 4003 3352 Οὗτος

2426 3388 2473 3439 εἰ
2514 3382 2582 3455 ἦν
2614 3387 2923 3455 προφήτης,
2958 3386 3255 3450 ἐγίνωσκεν
3306 3384 3393 3447 ἂν,
3440 3385 3522 3447 τίς
3555 3384 3647 3437 καὶ
3706 3386 3928 3453 ποταπὴ
3969 3386 4001 3451 ἠ

2425 3478 2582 3548 γυνὴ,
2615 3478 2737 3548 ητις
2770 3480 3003 3531 ἅπτεται
3048 3478 3237 3540 αὐτοῦ,
3260 3479 3339 3529 ὅτι
3370 3479 3696 3547 ἁμαρτωλός
3728 3480 3865 3529 ἐστι.
3892 3480 4003 3531 Καὶ

2422 3568 2744 3638 ἀποκριθεὶς
2778 3569 2805 3619 6
2848 3566 3077 3635 Ἰησοῦς,
3102 3565 3221 3619 εἷπε
3255 3568 3389 3637 πρὸς
3421 3569 3618 3620 αὐτόν·
3652 3568 3855 3636 Σίμων,
3897 3570 4003 3637 εχω

2426 3661 2508 3713 σοί
2554 3678 2605 3713 τι
2649 3663 2843 3714 εἰπεῖν,
2890 3662 2949 3713 'O
2990 3660 3044 3712 δέ
3107 3677 3274 3729 φησι·
3315 3660 3638 3725 Διδάσκαλε,
3694 3662 3839 3713 εἰπέ.
3899 3663 4003 3714 Δύο

2424 3755 2815 3825 χρεωφειλέται
2881 3750 3023 3823 ἦσαν
3073 3754 3326 3821 δανειστῇ
3368 3771 3493 3804 τινι.
3563 3753 3619 3805 ’0
3680 3746 3761 3814 εἷς
3802 3752 4002 3819 ὤφειλε

2423 3848 2655 3918 δηνάρια
2709 3848 3063 3912 πεντακόσια,
3121 3849 3148 3899 6
3205 3846 3261 3898 δὲ
3300 3846 3485 3914 ἔτερος
3527 3845 3886 3915 πεντήκοντα,
3927 3847 4003 3915 μὴ

2422 3940 2655 4010 ἐχόντων
2684 3939 2741 3991 δέ
2772 3939 2950 3992 αὐτῶν
2982 3938 3296 4001 ἀποδοῦναι,
3318 3939 3649 4009 ἀμφοτέροις
3684 3938 3999 4006 ἐχαρίσατο.

2422 4034 2465 4086 Τ
2473 4035 2519 4096 ίς
2546 4033 2637 4085 οὖν
2667 4034 2869 4093 αὐτῶν,
2902 4034 3043 4097 είπέ,
3077 4027 3254 4083 πλεῖον
3292 4031 3451 4082 αὐτὸν
3478 4031 3786 4098 ἀγαπήσιι;
3837 4030 3973 4081 Ἀπο

2422 4125 2633 4193 κριθεὶς
2679 4124 2735 4177 δὲ
2768 4127 2796 4177 6
2835 4126 3017 4194 Σίμων
3046 4121 3236 4177 εἶπενο
3286 4120 3695 4190 ’Υπολαμσάνω
3736 4123 3820 4175 ὅτι
3942 4122 4007 4173 τὸ

2420 4217 2601 4269 πλεῖον
2626 4217 2937 4287 ἐχαρίσατο.
2955 4218 3013 4269 '0
3028 4216 3084 4270 δὲ
3106 4211 3259 4270 εἶπεν
3288 4214 3682 4285 αὐτῷ,’ορθῶς
3708 4215 3951 4285 ἔκρινας.
3982 4235 4000 4264 a

2420 4310 2678 4363 Φαίνεται
2707 4304 2862 4371 οὗτος
2890 4311 2919 4361 6
2944 4310 3236 4377 Φαρισαῖος
3264 4311 3294 4361 6
3324 4307 3610 4376 κεκληκὼς
3649 4307 3738 4360 τὸν
3770 4306 4003 4375 Ἰησοῦν,

2421 4400 2499 4468 μὴ
2530 4398 2693 4461 εὐθὺς
2728 4394 2868 4451 εἶναι
2890 4400 2988 4468 τὴν
3022 4396 3271 4467 γνώμην,
3326 4397 3465 4451 ἀλλά
3493 4396 3707 4468 δολερὸς
3744 4399 3844 4448 καὶ.
3869 4398 4009 4449 {ne}.

2416 4490 2652 4560 κρίσεως
2679 4491 2910 4563 πλήρης.
2941 4492 3108 4561 Φησὶν
3144 4490 3267 4543 οὖν’
3311 4484 3482 4553 Οὗτος
3524 4491 3573 4541 si
3600 4485 3668 4559 ἦν
3694 4490 4004 4561 προφήτης,

732 4570 823 4623 dit.
864 4572 987 4641 quia
1019 4573 1131 4627 hac
1170 4574 1516 4643 loqnebatur.
1551 4577 1813 4633 Dominus
1838 4589 2017 4634 tamen
2055 4582 2304 4649 quamvis
2344 4576 2387 4631 D

2344 4576 2387 4631 D
2416 4583 2555 4636 ὣστε
2585 4587 2685 4637 οὐκ
2734 4585 3053 4651 ἐπίστευεν,
3105 4584 3293 4652 ἐπειδὴ
3336 4582 3564 4637 τοιαῦτα
3603 4582 3808 4638 ἐλάλει.
3854 4584 3915 4637 '0
3947 4584 4006 4635 δὲ

1692 4763 1778 4821 Ex
1828 4760 2173 4825 collatione
2204 4767 2392 4827 codd.
2428 4770 2657 4829 Venet.
2708 4768 2769 4828 S.
2802 4768 3025 4829 Marci.

804 4936 881 5006 (2)
906 4932 1151 5006 Cod._3l
1173 4918 1321 5006 addit
1348 4952 1361 4987 :
1404 4932 1536 5006 'EztA
1552 4934 1660 5003 γὰρ
1686 4934 1786 5006 τοῦ
1816 4934 1981 4987 αὑτοῦ
2018 4936 2314 5003 κεφαλαίου

742 5003 923 5076 ιχεται
982 5004 1077 5058 τοῦ
1135 5003 1305 5065 δεῖξαι
1375 5004 1584 5073 συνῳδά
1646 5004 1798 5072 αὐτῷ
1843 5006 2165 5076 -πράττοντα
2223 5009 2315 5058 τὸν

744 5071 1015 5145 Ἰωάννην.
1064 5077 1112 5126 εί
1167 5078 1259 5125 καὶ
1319 5076 1383 5127 τά
1433 5071 1697 5143 γενόμενα
1752 5071 1971 5127 ἐναντία
2014 5071 2103 5143 ἦν,
2154 5078 2221 5145 ξῸ
2256 5078 2311 5128 δὲ

730 5147 897 5212 λέγει,
948 5142 1186 5198 τοιοῦτόν
1239 5146 1388 5195 ἐστιν
1424 5161 1436 5173 ³
1499 5142 1777 5197 Ἐναντίαν
1833 5142 2095 5213 ἑκάτερος
2149 5142 2311 5215 ἦλθεν

732 5218 849 5286 ὁδὸν
886 5218 994 5282 ἐγὼ
1031 5217 1125 5267 καὶ
1162 5217 1189 5265 6
1218 5215 1503 5286 'l_tudwr;;,
1556 5217 1649 5286 καὶ
1701 5216 1895 5267 ταύτὸν
1946 5218 2311 5286 ἐποιήσαμεν,

730 5282 840 5338 οἷον
886 5286 950 5338 ἂν
985 5286 1037 5335 εί
1064 5301 1207 5345 τινες
1248 5282 1509 5353 θηρευταὶ
1542 5285 1679 5347 ζῶον
1715 5287 2052 5356 δυσθήρατον
2094 5282 2310 5339 διὰδύο

735 5356 926 5422 μέλλον
976 5356 1270 5425 ἐμπίπτειν
1305 5356 1439 5406 ὁδῶν
1469 5358 1548 5425 εἰς
1595 5356 1653 5405 τὸ
1700 5356 1991 5425 θήρατρον.
2042 5359 2310 5425 ἑκατέραν

732 5428 962 5487 ἕκαστος
1012 5423 1303 5496 απολ-αϐὼν
1353 5426 1473 5477 ὁδὸν
1508 5424 1722 5476 ἐλαύνοι
1766 5423 2077 5490 ἐξεναντίας
2124 5423 2309 5496 ἕτερος

729 5496 807 5564 τῷ
872 5496 1067 5563 ἑτέρῳ,
1131 5494 1271 5566 ὥστε
1328 5497 1546 5557 πάντως
1600 5497 1679 5566 εἰς
1742 5496 1968 5565 θάτερον
2021 5491 2306 5566 ἐμπεσεῖν.

742 5566 883 5638 Ἀλλ’
919 5568 1074 5638 ὑμείς
1123 5564 1393 5638 οὐδετέρῳ
1444 5565 1767 5638 προσέχετε,
1823 5564 1944 5619 οῦτε
1994 5564 2139 5638 ἐμοὶ,
2183 5568 2307 5620 οὗτε

726 5632 969 5705 Ἰωάννῃξ
1035 5637 1142 5687 Καὶ
1192 5632 1375 5689 λοιπὸν
1408 5632 1726 5705 ἐδικαιώθη,
1770 5655 1822 5691 κ.
1857 5655 1905 5690 τ.
1949 5639 1998 5694 λ.
2028 5632 2059 5690 ἰ
2120 5640 2308 5692 Aditur

801 5836 879 5913 (α)
912 5842 1051 5897 Edit.
1092 5844 1213 5897 ιω.
1246 5843 1465 5907 omittit,
1504 5846 1591 5913 qui
1622 5846 1817 5897 vocavit
1856 5842 2061 5897 luunt.

2417 4938 2561 4991 enim
2595 4936 2744 4990 in’eo
2775 4936 2998 5000 insistit,
3036 4945 3093 4989 ut
3124 4937 3391 5000 ostendat,
3434 4933 3698 4989 Joannem
3731 4936 3910 5005 egisse
3941 4952 4005 4987 ea

2418 5023 2538 5073 quae
2570 5023 2749 5061 secum
2800 5008 3191 5076 congruebant.
3240 5008 3457 5060 tametsi
3506 5021 3669 5073 opera
3722 5009 4003 5059 contraria

2419 5078 2617 5132 forent.
2654 5077 2805 5143 Quod
2844 5075 3007 5145 igitur
3038 5078 3138 5131 hoc
3180 5079 3296 5131 loco
3326 5078 3425 5139 ait,
3472 5075 3696 5143 perinde
3743 5086 3827 5129 est
3872 5093 3933 5128 ac
3956 5077 4002 5128 si

2400 5150 2665 5207 ,diceret:
2728 5149 2991 5215 Equidem
3053 5164 3149 5216 ego
3188 5159 3242 5201 et
3304 5145 3541 5200 Joannes
3580 5147 3858 5199 contraria
3917 5146 4003 5199 via

2420 5219 2716 5271 incedimus
2748 5236 2760 5270 :
2798 5232 2983 5271 verum
3017 5235 3114 5271 nos
3144 5217 3366 5285 perinde
3393 5216 3628 5269 facimus
3669 5231 3730 5281 ac
3755 5218 3798 5271 si
3831 5233 4000 5269 vena-

2422 5297 2568 5341 tores
2613 5291 2785 5341 feram
2834 5300 2989 5357 captu
3038 5290 3331 5350 difﬁcilem,
3362 5303 3481 5357 quae
3517 5302 3610 5354 per
3633 5288 3771 5339 duas
3805 5288 3919 5340 rias
3951 5287 4005 5338 in

2422 5362 2674 5427 laqueum
2710 5359 2945 5413 incidere
2972 5369 3169 5427 potest,
3204 5357 3880 5427 utramque-viamsingull
3913 5373 4007 5410 oc.

2418 5441 2702 5495 cupantes,
2754 5429 2892 5482 alter
2943 5441 3133 5482 contra
3180 5430 3409 5483 alterum
3466 5437 3674 5482 stantes
3720 5430 4002 5480 contraria

2418 5500 2501 5551 via
2533 5500 2825 5568 impellant.
2844 5509 2896 5552 et
2920 5509 3167 5568 urgeant,
3194 5510 3251 5552 ut
3273 5500 3583 5553 omnimode
3605 5499 3655 5549 in
3677 5498 4004 5552 alterutrqu

2422 5570 2674 5636 laqueum
2706 5571 2935 5623 decidat.
2973 5571 3079 5623 Sed
3104 5585 3197 5623 vos
3228 5570 3426 5632 neutri,
3462 5584 3563 5623 nec
3598 5570 3731 5623 mihi
3771 5570 4003 5635 scilicet,

2420 5655 2513 5694 nec
2546 5638 2761 5705 Juanni,
2790 5640 3115 5697 attendistis.
3145 5638 3434 5705 Caeterum,
3467 5658 3485 5690 ο
3518 5649 3622 5694 etc.
