4256 6432
242 398 350 462 793

927 399 1371 460 ENARRATIO
1414 400 1494 459 IN
1533 400 2041 463 EVANGELIUM
2106 400 2344 463 LUCIE.
2378 425 2446 434 -
2478 401 2641 461 CAP.
2684 401 2817 462 VII.

3434 400 3542 463 794

245 518 453 589 Κύριος
489 519 662 589 ὅμως,
695 517 874 570 καίτοι
907 517 1065 581 εἰδὼς
1092 518 1258 571 αὐτὸν
1294 518 1369 588 μὴ
1396 518 1526 589 εὐθῆ
1553 520 1705 585 δντα,
1734 521 1846 573 είσ-

1956 524 2118 578 sciret
2153 537 2279 576 eum
2327 538 2435 576 non
2483 536 2603 575 esse
2665 522 2977 585 candidum,
3026 521 3300 590 ingressus
3342 536 3424 577 est
3475 527 3542 578 ad

245 613 473 681 ἀρχεται
500 613 636 682 πρὸς
659 610 824 662 αὐτὸν
860 610 954 661 καὶ
999 609 1286 671 συνεσθίει,
1321 610 1589 663 διδάσκων
1624 613 1844 673 πάντως

261 705 416 773 ἡμᾶς
450 704 536 756 διὰ
594 702 807 767 τούτου,
841 701 915 764 ὡς
959 704 1026 755 ἂν
1056 704 1167 765 τοῖς
1218 703 1467 767 ὑπούλως
1514 703 1650 773 πρὸς
1696 704 1845 773 ἡμᾶς

255 795 503 865 ἔχουσιν,
548 797 714 865 ἡμεῖς
770 793 957 857 ἁπλῶς
1007 795 1103 848 καὶ⁵
1148 796 1348 860 ἀδόλως
1377 794 1840 867 προσφερώμεθα.

254 887 491 957 Ζητοῦσι
525 887 583 940 δὲ
635 887 824 941 πολλοὶ
868 888 1033 941 πόσαι
1055 883 1197 958 ἦσαν
1219 891 1272 941 αί
1304 891 1561 956 γυναῖκες
1609 889 1666 941 αί
1698 886 1844 940 ἀλεί-

247 978 425 1048 ψασαι
460 979 552 1048 τὸν
602 979 809 1050 Κύριον
846 980 1023 1049 μύρῳ.
1061 981 1171 1033 Καὶ
1208 982 1258 1033 οἱ
1300 982 1400 1051 μέν
1432 998 1597 1048 φασιν
1627 980 1711 1033 ὅτι
1752 979 1845 1033 δύο

246 1066 414 1142 ἦσαν,
441 1073 475 1142 ἠ
530 1074 681 1143 παρὰ
728 1073 807 1143 τῷ
849 1073 1075 1143 Ἰωάννῃ
1115 1074 1236 1142 μία,
1280 1074 1313 1141 ἡ
1356 1073 1451 1125 καὶ
1506 1071 1710 1141 ἀδελφὴ
1748 1070 1843 1123 τοῦ

248 1164 529 1233 Λαζάρου,
571 1165 665 1217 καὶ
693 1166 854 1235 έτέρα
896 1166 929 1233 ἡ
985 1164 1137 1233 παρά
1166 1164 1243 1233 τῷ
1268 1162 1538 1232 Ματθαίῳ
1564 1163 1658 1215 καὶ
1685 1162 1845 1230 Μάρ-

250 1272 356 1324 κῳ,
386 1257 481 1307 καὶ
504 1254 599 1308 νῦν
631 1254 890 1325 παρὰ·τῷ
928 1255 1134 1325 Λουκᾷ.
1176 1252 1318 1321 Ἐγὼ
1347 1255 1406 1306 δὲ
1439 1254 1699 1320 πείθομαι
1731 1254 1845 1315 τοῖς

246 1347 469 1415 λέγουσι
502 1351 652 1418 τρεῖς
694 1345 837 1401 εἶναι
871 1347 1099 1411 ταύτας.
1134 1348 1283 1401 Μίαν
1318 1349 1417 1418 μὲν
1446 1349 1546 1415 τὴν
1578 1346 1730 1417 παρὰ
1766 1346 1845 1415 τῷ

260 1440 487 1510 Ἰωάννῃ
522 1441 629 1511 πρὸ
664 1438 724 1506 ἒξ
756 1440 982 1512 ἡμερῶν
1008 1441 1103 1494 τοῦ
1145 1442 1358 1512 Πάσχα,
1384 1442 1450 1512 ἢν
1490 1440 1583 1494 καὶ
1608 1440 1845 1508 ἀδελφὴν

249 1527 393 1586 εἶναι
441 1533 715 1603 Λαζάρου.
760 1533 990 1604 Ἑτέραν
1033 1533 1089 1585 δὲ
1134 1533 1234 1604 τὴν
1264 1533 1415 1599 παρὰ
1449 1531 1527 1600 τῷ
1574 1530 1843 1600 Ματθαίῳ

249 1628 347 1679 καὶ
385 1626 619 1695 Μάρκῳ,
651 1627 756 1697 πρὸ
785 1625 881 1679 δύο
905 1626 1131 1696 ἡμερῶν
1159 1625 1254 1678 τοῦ
1292 1625 1505 1695 Πάσχα,
1526 1626 1620 1677 καὶ
1650 1624 1843 1694 τρίτην

248 1720 459 1786 ταύτην
490 1719 588 1785 τὴν
623 1716 720 1769 νῦν
755 1718 907 1787 παρά
945 1718 1023 1788 τῷ
1062 1718 1267 1788 Λουκᾷ,
1306 1719 1435 1786 περὶ
1466 1718 1535 1770 τά
1576 1718 1718 1784 μέσα
1748 1718 1841 1770 τοῦ

251 1806 613 1874 Εὑαγγελίου,
661 1808 971 1879 μυρίσασαν
1006 1809 1104 1877 τὴν
1133 1809 1361 1878 Κύριον,
1405 1808 1497 1861 καὶ
1530 1808 1682 1860 οὐδὲν
1715 1825 1838 1860 και-

242 1898 339 1949 νδν
372 1900 638 1969 πρότερον
669 1901 881 1970 ταύτην
909 1903 1135 1970 ποιῆσαι
1154 1899 1333 1959 τοῦτο,
1362 1901 1529 1968 μήπω
1550 1899 1838 1961 ἐνστάντος

245 1992 344 2045 τοῦ
380 1993 584 2062 καιροῦ,
617 1992 712 2046 τοῦ
744 1992 973 2059 πάθους,
1020 1990 1139 2047 εἶτα
1193 1994 1408 2055 ὲκείνας
1445 1995 1555 2046 εἴτε
1599 2010 1841 2062 μιμησα·

250 2084 425 2153 μένας
452 2085 686 2153 ταύτην,
710 2085 820 2138 εἴτε
855 2087 955 2147 καὶ,
987 2085 1187 2150 ἄλλως,
1231 2086 1457 2154 πλησίον
1497 2085 1592 2137 τοῦ
1635 2086 1844 2148 πάοους

246 2173 310 2227 τδ
344 2175 477 2228 αὐτὸ
536 2176 784 2243 ποιῆσαι.
822 2176 884 2228 Εἰ
933 2176 990 2229 δὲ
1027 2176 1123 2229 καὶ
1180 2176 1209 2227 ὀ
1250 2176 1405 2246 παρά
1458 2176 1537 2245 τῷ
1576 2176 1842 2244 llis-.0pr

243 2266 341 2319 τὸν
395 2266 601 2338 Κύριον
651 2268 915 2330 καλέσας,
952 2268 1139 2336 Σίμων
1187 2268 1497 2337 ὡνόμαστο,
1542 2268 1636 2321 καὶ
1683 2270 1711 2320 ὁ
1748 2268 1843 2321 νῦν

246 2356 403 2426 παρὰ
430 2357 508 2427 τῷ
551 2358 754 2426 Λουκᾷ,
798 2358 852 2410 τί
895 2359 1085 2412 καινὸν
1118 2363 1421 2431 συμπεσεῖν
1458 2360 1526 2412 τά
1558 2360 1799 2429 ὀνόματα
1828 2378 1842 2423 ς

259 2451 419 2503 Ἐπεὶ
450 2452 656 2515 ἐκεῖνός
683 2468 745 2518 γε
765 2453 858 2505 καὶ
890 2452 1092 2522 λεπρϋς
1124 2450 1214 2524 ἦν,
1242 2454 1359 2506 ἀλλ’
1390 2455 1509 2523 οὐχὶ
1538 2454 1632 2506 καὶ
1664 2448 1842 2517 οὗτος.

252 2544 522 2607 Κάκεῖνος
558 2546 679 2613 μὲν,
710 2544 1189 2615 τεθεραπευμένος
1217 2546 1329 2599 άπὸ
1359 2548 1455 2614 τῆς
1480 2547 1707 2615 λέπρας.
1745 2564 1843 2615 χα-

250 2635 538 2704 ριστήριον
561 2612 676 2705 Ῠτὴν
726 2612 923 2704 κλῆσιν
950 2612 1250 2689 ἀποδίδωσι
1278 2635 1356 2707 τῷ
1394 2612 1638 2707 ριστῷ.
1674 2612 1844 2698 οὗτος

246 2726 338 2793 δὲ,
396 2725 520 2780 οὔτε
581 2727 827 2797 λεπρὸς,
874 2726 1002 2779 οὔτε
1060 2728 1156 2780 ἐπὶ
1211 2728 1591 2799 χαριῑτερίοις
1646 2728 1841 2782 λαλῶν.

252 2819 525 2883 Κάκεῖνος
580 2819 681 2889 μὲν
720 2819 872 2873 οὐδὲν
916 2813 1093 2883 εἶπεν,
1138 2814 1292 2881 οὗτος
1320 2819 1377 2872 δὲ
1422 2821 1710 2887 ὲγόγγυσε,
1754 2820 1847 2872 καὶ

251 2911 577 2981 κατακρίνει
614 2915 671 2964 ἐν
693 2910 876 2981 ταὺτῷ
901 2912 993 2963 τόν
1016 2928 1076 2963 τε
1104 2909 1314 2981 Ἰησοῦν
1351 2914 1439 2963 καὶ
1464 2913 1564 2980 τὴν
1587 2916 1843 2978 γυναῖκα.

250 3004 367 3074 τὴν
403 3004 527 3075 μιν,
565 3004 642 3069 ὡς
689 3004 1039 3075 ἁμαρτωλὸν,
1071 3004 1163 3056 τὸν
1204 3003 1285 3071 δὲ,
1318 3003 1393 3069 ὡς
1440 3005 1843 3075 φιλάνθρωπον.

258 3099 325 3151 Ὦ
358 3101 457 3169 τῆς
509 3098 801 3160 ἀπονοίαςι
846 3100 1057 3161 Ὄντως
1105 3099 1400 3169 Φαρισαῖος
1446 3100 1475 3151 ὁ
1519 3098 1842 3169 ἄνθρωπος’

1950 632 2098 679 eum,
2133 626 2187 670 et
2219 616 2453 669 comedit
2488 618 2609 668 cu'm
2638 630 2723 678 eo,
2756 615 2957 680 doceps
3006 629 3101 681 per
3158 615 3260 667 hoc
3320 616 3542 668 omnino

1951 708 2093 775 quod
2128 721 2226 761 nos
2259 705 2535 775 simplices
2557 707 2916 759 exliibeamus
2940 720 3065 774 erga
3098 721 3191 757 eos
3219 706 3309 774 qui
3359 706 3543 758 dolose

1952 802 2240 855 nobisrum
2278 810 2461 868 agunt.
2522 799 2780 865 Qumrunt
2824 809 3001 852 autem
3065 798 3215 852 multi
3270 810 3403 869 quot
3429 800 3580 875 Γιιρο.

1953 894 2062 946 rint
2104 891 2358 945 mulieres
2394 907 2511 960 quze
2539 893 2796 945 unxeriut
2831 892 3116 945 Dominum
3152 902 3447 959 unguento.
3478 893 3541 944 Et

1951 985 2040 1038 alii
2064 986 2279 1053 quidem
2320 986 2509 1039 dicunt
2565 986 2708 1053 quod
2744 988 2861 1038 dum
2916 986 3159 1047 fuerunt,
3195 1001 3297 1037 una
3334 985 3545 1038 scilicct

1953 1077 2091 1144 apud
2128 1075 2413 1141 Joannem,
2439 1093 2560 1147 qum
2592 1077 2873 1130 fuitsomr
2906 1074 3120 1137 Lazari,
3165 1086 3219 1129 et
3258 1077 3359 1130 alia
3403 1079 3538 1145 apud

1950 1169 2263 1224 Matthaeum
2291 1182 2341 1222 et
2366 1168 2627 1234 Marcum,
2654 1181 2707 1222 et
2729 1185 2873 1223 nunc
2896 1171 3037 1236 apud
3062 1168 3286 1221 Lucam.
3316 1168 3423 1238 Ego
3450 1187 3548 1220 an-

1954 1273 2059 1319 tem
2099 1265 2260 1319 credo
2291 1265 2373 1318 his
2404 1264 2492 1333 qui
2546 1265 2869 1316 dicnnttres
2913 1278 3056 1327 esse,
3106 1279 3266 1315 unam
3324 1264 3542 1331 quidem

1950 1355 2089 1424 apud
2117 1355 2381 1410 Joannem
2417 1365 2541 1409 ante
2572 1370 2665 1409 sex
2697 1356 2811 1410 dies
2862 1354 3111 1417 Pasclue,
3148 1370 3266 1419 qure
3298 1366 3349 1408 et
3384 1370 3542 1407 soror

1952 1448 2049 1501 fuit
2080 1448 2270 1501 Lazari
2316 1465 2328 1501 :
2357 1446 2519 1501 aliaat
2570 1457 2749 1500 autem
2784 1446 2923 1515 apud
2984 1446 3296 1499 Mattlnrum
3330 1457 3381 1499 et
3404 1447 3453 1500 M
3475 1466 3550 1496 tr—

1949 1557 2072 1596 Cum
2096 1549 2221 1595 ante
2255 1540 2393 1595 duos
2426 1541 2539 1593 dies
2601 1539 2845 1603 Pascha),
2882 1550 2937 1595 ct
2992 1539 3205 1590 tertiam
3280 1540 3421 1593 hanc
3481 1542 3546 1593 de

1948 1652 2053 1705 qua
2089 1650 2231 1691 nunc
2261 1634 2460 1701 Lucas,
2490 1649 2610 1704 qum
2656 1636 2706 1687 in
2739 1635 2911 1688 media
2969 1632 3245 1700 Evangelii
3284 1636 3548 1700 prtrdica-

1949 1731 2097 1783 tione
2127 1728 2414 1781 Dominum
2448 1729 2622 1782 unxit.
2671 1728 2859 1796 Neque
2913 1731 3113 1781 mirum
3144 1738 3227 1783 est
3261 1729 3402 1796 quod
3434 1730 3547 1782 lm-c

1952 1831 2077 1875 ante
2102 1822 2411 1889 passionem
2446 1821 2545 1875 hoc
2582 1821 2796 1885 fecerit,
2842 1830 2896 1874 et
2944 1821 3069 1873 inde
3104 1820 3207 1873 illa:
3238 1820 3317 1871 vel
3347 1824 3407 1872 ad
3441 1821 3508 1873 lin
3531 1849 3543 1858 -

1942 1915 2030 1982 jus
2056 1914 2435 1975 imitationem,
2481 1914 2596 1967 sive
2629 1913 2731 1966 alia
2767 1912 2834 1967 de
2872 1930 3032 1967 causa
3082 1914 3303 1967 circiter
3336 1914 3546 1980 passin-

1949 2025 2069 2061 nem
2104 2009 2243 2061 idem
2279 2007 2529 2062 fecerint.
2567 2006 2826 2072 Quamvis
2854 2018 3034 2059 autem
3075 2016 3128 2060 ct
3176 2009 3221 2059 is
3266 2009 3356 2076 qui
3406 2010 3546 2074 apud

1948 2100 2262 2153 Mittlmum
2307 2110 2791 2162 connnemoratur,
2824 2112 2878 2153 et
2907 2100 3065 2168 cujus
3113 2116 3258 2153 nunc
3297 2102 3354 2153 fit
3392 2118 3544 2152 nimi-

1952 2194 2043 2254 lio,
2072 2194 2261 2245 eodem
2310 2190 2549 2245 SimOnis
2579 2193 2800 2245 nomine
2831 2204 3113 2253 vocemur.
3156 2194 3298 2244 hami
3346 2194 3543 2244 mirum

1950 2283 2132 2337 fuerit.
2169 2283 2324 2352 Stepe
2356 2286 2499 2337 enim
2538 2284 2691 2337 multi
2716 2284 2855 2337 idem
2892 2300 3088 2338 nomen
3121 2287 3447 2339 sortiuntur.
3480 2287 3548 2339 At

1950 2375 2037 2429 ille
2073 2376 2170 2428 fuit
2203 2376 2470 2443 leprosus,
2502 2375 2597 2429 sed
2634 2376 2722 2428 hic
2768 2391 2896 2429 non.
2928 2376 2986 2429 ΕΙ
3028 2377 3115 2430 ille
3138 2377 3357 2445 quidem
3387 2392 3551 2430 sana-

1949 2476 2034 2521 tus
2065 2480 2093 2518 a
2125 2466 2274 2533 lepra
2314 2465 2365 2518 in
2421 2467 2720 2536 gratiarum
2773 2466 3042 2520 actionem
3090 2450 3305 2520 vocavit
3367 2466 3550 2522 Demi-

1950 2572 2100 2618 num,
2131 2556 2220 2609 hic
2250 2564 2430 2610 autem
2461 2572 2638 2624 neque
2668 2557 2939 2622 leprosus,
2974 2572 3151 2625 neque
3206 2560 3410 2627 gratias
3462 2572 3548 2611 re-

1950 2650 2152 2704 ferens.
2188 2649 2254 2703 Et
2284 2648 2370 2704 ille
2396 2649 2614 2718 quidem
2650 2649 2784 2703 nihil
2820 2649 2952 2703 dicit
3004 2667 3017 2699 :
3090 2651 3176 2704 uie
3238 2662 3420 2703 autent
3449 2652 3546 2704 ob-

1950 2744 2335 2807 murmuravit,
2386 2751 2439 2795 et
2470 2741 2857 2797 condemnavit
2889 2743 2940 2795 iu
3006 2742 3107 2796 hoc
3170 2751 3277 2795 tam
3335 2741 3545 2809 Jesnm,

1951 2849 2114 2903 quam
2148 2833 2434 2888 mulierem
2480 2850 2493 2886 :
2550 2833 2693 2887 hanc
2751 2845 2809 2888 ut
2859 2836 3243 2904 peccatricem,
3295 2834 3441 2886 illum
3493 2842 3553 2887 ut

1951 2927 2387 2982 misericordem.
2425 2925 2469 2981 Ο
2504 2928 2910 2996 arrogantiam!
2949 2927 3085 2982 Vere
3119 2927 3428 2981 Pliarisams
3453 2929 3549 2981 Ιιο-

1952 3036 2059 3076 mo.
2096 3019 2201 3074 Sed
2234 3019 2494 3075 Dominus
2520 3036 2717 3089 rogans
2745 3022 2896 3075 illum
2933 3023 2983 3074 iu
3016 3021 3310 3088 paraboliq
3348 3021 3399 3074 in
3436 3036 3552 3075 me-

1951 3114 2098 3167 dium
2135 3113 2386 3183 producit
2421 3113 2698 3168 debitores
2734 3116 2889 3178 duos,
2928 3114 3267 3183 latenterqne
3298 3124 3350 3169 et
3402 3114 3551 3166 illum

251 3192 371 3244 ἀλλ’
400 3192 429 3243 6
458 3190 665 3261 Κύριος
695 3190 921 3261 ἐρωτῶν
948 3190 1113 3244 αὑτὸν
1152 3192 1211 3244 ὲν
1239 3190 1597 3261 παραϐολαῖς,
1630 3192 1725 3245 καὶ
1754 3192 1848 3244 δύο

1956 3204 2255 3257 debitorem
2291 3219 2413 3259 esse
2443 3206 2705 3260 insinuat.
2742 3206 2806 3259 Et
2839 3221 3030 3273 parum
3067 3207 3288 3274 quidem
3350 3207 3552 3260 debere

256 3283 661 3354 χρεωφειλέτας
694 3283 964 3353 παράγων
995 3284 1075 3346 είς
1105 3282 1166 3336 τὸ
1200 3283 1391 3354 μέσον,
1424 3282 1729 3353 λεληθότως
1756 3285 1852 3335 καὶ

254 3377 419 3428 αὺτδιν
442 3374 847 3446 χρεωφειλέτην
896 3369 1037 3428 εἶναι
1081 3375 1255 3443 λέγει,
1298 3375 1510 3429 ἐλάττω
1538 3376 1636 3445 μὲν
1666 3392 1845 3445 χρεω-

255 3471 404 3521 στεῖν
428 3468 711 3529 δοκοῦντα,
742 3469 1127 3539 χρεωστοῠντα
1163 3469 1210 3524 δ’
1243 3469 1362 3522 οὖν.
1400 3468 1542 3523 Οῠτε
1567 3471 1700 3537 γοῦν
1725 3471 1753 3522 ὁ
1780 3470 1849 3522 τά

254 3563 465 3617 ἐλάττω
506 3562 801 3633 χρεωστῶν
821 3563 919 3627 σὺ,
954 3561 1181 3616 δύνασαι
1214 3560 1401 3615 δοῦναι
1448 3562 1549 3631 τὴν
1601 3561 1849 3631 ὀφειλὴν,

252 3659 317 3712 οὐ
357 3659 466 3729 γάρ
496 3658 638 3726 ἔχεις
682 3656 1077 3728 ἐξομολόγησιν
1104 3659 1171 3726 τῇ
1208 3656 1563 3725 ὑπερηφανίᾳ
1615 3657 1854 3723 κρατού-

256 3768 442 3824 μενος,
483 3750 609 3804 οὔτε
649 3752 682 3819 ἡ
719 3750 881 3821 γυνή.
937 3749 1297 3819 ’Δμιροτέροις
1346 3746 1442 3800 οὖν
1486 3747 1849 3818 ἀφεθήσεται,

252 3844 353 3897 καὶ
413 3843 497 3907 τίς
556 3841 743 3895 πλεῖον
801 3843 1116 3913 Mannert;
1190 3840 1419 3904 Πάντως
1472 3834 1517 3909 ᾦ
1574 3842 1645 3896 τά
1703 3842 1876 3897 πολλά
1937 3845 2143 3917 άφέθη.

288 3940 405 3995 όνα.

288 3940 405 3995 όνα.

251 3936 287 4005 ζ
334 4054 353 4088 ι
390 4037 499 4089 Καὶ
540 4053 801 4105 στραφεις
853 4038 991 4107 πρὸς
1052 4035 1151 4107 τὴν
1200 4038 1477 4105 γυναῖκα,
1518 4035 1595 4108 τῷ
1648 4038 1856 4108 Σίμωνι

252 4131 398 4201 εφη·
446 4127 671 4192 Βλέπεις
708 4126 914 4199 ταύτην
960 4128 1059 4199 τὴν
1113 4131 1390 4197 γυναῖκα;
1441 4129 1715 4199 ΕίσῆλΘον
1778 4134 1861 4194 εἰς

252 4226 353 4297 τὴν
398 4223 574 4277 οίκίαν
602 4240 721 4286 σου,
769 4221 915 4292 ὕδωρ
950 4222 1044 4274 ἐπὶ
1075 4224 1203 4285 τοὺς
1240 4222 1410 4286 πόδας
1447 4238 1550 4292 μου
1590 4224 1692 4275 οὐκ
1725 4221 1859 4275 εδω.

253 4330 382 4379 πᾶς’
419 4314 560 4385 αὕτη
594 4315 652 4367 δὲ
684 4315 800 4376 τοῖς
842 4313 1107 4383 δάκρυσιν
1138 4313 1331 4385 ἔϐρεξε
1367 4332 1469 4384 μου
1500 4316 1626 4377 τοὺς
1668 4316 1858 4381 πόδας,

1952 3294 2261 3359 videbatur,
2319 3296 2554 3351 debebat
2610 3297 2797 3365 igitur.
2851 3297 3039 3364 itaque
3101 3313 3277 3366 neque
3312 3308 3368 3351 tu
3404 3306 3556 3365 potes

1950 3386 2081 3439 dare
2115 3386 2281 3440 etiam
2318 3388 2507 3443 minus
2534 3389 2777 3443 debitum
2809 3407 2821 3441 :
2858 3404 2963 3443 non
2999 3390 3143 3444 enim
3202 3390 3370 3444 habes
3420 3406 3554 3444 con-

1950 3476 2244 3531 fessionem
2287 3481 2544 3550 superbia
2602 3480 2857 3546 inflatus,
2922 3497 3099 3549 neque
3125 3483 3338 3537 mulier.
3381 3482 3561 3539 Utris-

1949 3583 2056 3637 que
2085 3570 2247 3639 igitur
2284 3571 2542 3649 remittet.
2595 3572 2661 3626 Et
2726 3581 2846 3626 uter
2872 3572 2991 3641 plus
3048 3573 3274 3643 diliget?
3317 3572 3555 3629 Omnino

1950 3661 2035 3715 cui
2061 3662 2225 3715 multa
2258 3663 2481 3719 dimissa
2517 3676 2666 3718 sunt.
2689 3651 2758 3719 Et
2787 3681 2911 3720 cum
2940 3667 3055 3720 [me
3083 3665 3335 3732 dixisset,
3362 3667 3559 3722 obruu-

1950 3758 2161 3809 tescere
2201 3754 2331 3809 fecit
2358 3768 2729 3827 arrogantem.

2224 3849 2334 3901 Καὶ
2405 3848 2581 3903 ταῦτα
2636 3849 2809 3905 είπὼν
2870 3851 3220 3919 ἐπιστομίζει
3274 3850 3366 3906 τὸν
3426 3852 3562 3908 άλα-

2040 4038 2205 4092 V'zas.
2239 4036 2434 4091 “-50.
2482 4057 2499 4089 ε
2533 4035 2596 4090 Ει
2628 4051 2927 4092 conversus
2952 4038 3019 4091 ad
3085 4037 3395 4097 mulierem.
3425 4038 3564 4094 dixit

1960 4130 2168 4186 Simoni
2215 4147 2228 4183 :
2267 4130 2432 4185 Vides
2460 4129 2602 4185 hanc
2638 4130 2972 4185 mulierem?
2997 4130 3202 4185 lntravi
3247 4130 3303 4183 in
3339 4130 3561 4184 domum

1960 4237 2107 4281 tuam
2148 4245 2160 4281 :
2192 4242 2388 4293 aquam
2418 4226 2652 4297 pedibus
2683 4227 2822 4282 meis
2852 4241 2961 4282 non
3007 4227 3246 4283 dedisti:
3294 4227 3413 4283 haec
3464 4242 3568 4283 au-

1966 4326 2073 4371 tem
2113 4316 2377 4388 lacrymis
2434 4316 2633 4387 rigavit
2673 4316 2839 4386 pedes
2879 4331 3054 4381 meos.
3093 4326 3148 4372 et
3177 4317 3389 4386 capillis
3420 4318 3567 4387 capi-

253 4411 351 4462 καὶ
390 4404 513 4470 ταῖς
547 4406 695 4477 θριξὶ
732 4406 833 4476 τῆς
864 4406 1109 4473 κεφαλῆς
1142 4406 1315 4479 αὐτῆς
1347 4406 1601 4478 ὲξέμαξε.
1637 4408 1852 4478 Φίλημά

1957 4411 2026 4466 lls
2066 4411 2144 4465 sui
2177 4409 2426 4465 extersit.
2454 4408 2713 4465 Osculum
2738 4408 2873 4465 mihi
2899 4425 3006 4467 non
3053 4409 3280 4475 dedisti,
3317 4412 3434 4466 haec
3467 4426 3567 4466 au-

258 4518 353 4572 μοι
382 4501 481 4553 οὐκ
512 4500 744 4563 εδωκας,
775 4498 916 4567 αὕτη
956 4499 1011 4552 δε
1033 4500 1125 4566 ἀφ’
1155 4494 1224 4573 ἧς
1252 4502 1527 4571 εἰσῆλθον,
1553 4502 1615 4554 οὐ
1646 4501 1857 4556 διέλιπε

1956 4512 2065 4558 tem
2097 4517 2161 4556 ex
2193 4518 2302 4571 quo
2344 4500 2565 4569 intravi,
2611 4516 2718 4556 non
2777 4505 3022 4557 cessavit
3058 4504 3366 4558 deosculari
3398 4506 3568 4575 pedes

256 4589 639 4660 καταφιλοῦσά
688 4606 790 4659 μου
822 4590 949 4649 τοὺς
987 4590 1177 4654 πόδας.
1224 4591 1423 4663 Ἐλαίῳ
1454 4592 1554 4664 τὴν
1609 4594 1852 4663 κεφαλήν

1967 4611 2137 4651 meos.
2175 4595 2306 4651 Oleo
2333 4604 2497 4665 caput
2537 4610 2720 4651 meum
2773 4612 2881 4650 non
2910 4598 3160 4664 ‘unxisti,
3218 4599 3335 4653 haec
3383 4609 3566 4654 autem

258 4702 362 4754 μου
389 4685 489 4737 οὐκ
516 4683 768 4754 ἠλειψας,
793 4681 934 4752 αὕτη
963 4682 1021 4735 δὲ
1048 4682 1208 4756 μύρῳ
1246 4685 1435 4757 ἧλειψέ
1471 4704 1572 4756 μου
1606 4688 1731 4749 τοὺς
1762 4690 1859 4741 7:6-

253 4767 460 4840 δας,οὗ
492 4776 654 4846 χάριν
673 4774 820 4841 λέγω
859 4792 964 4841 σοι,
987 4774 1267 4844 ἀφέωνται
1298 4779 1355 4829 αί
1386 4779 1656 4850 ἁμαρτίαι
1686 4782 1857 4851 αὐτῆς

255 4870 317 4922 αἱ
345 4867 562 4929 πολλαὶ,
597 4869 680 4921 ὅτι
702 4869 958 4939 ἠγάπησε
1010 4870 1170 4927 πολύ.
1198 4866 1269 4943 τῷ
1302 4872 1359 4924 δὲ
1398 4872 1579 4941 ὀλίγον
1609 4874 1853 4943 ἀφίεται,

254 4960 437 5029 ὀλίγον
466 4962 673 5031 ἀγαπᾷ.
698 4957 834 5014 Eine
866 4961 925 5014 δὲ
949 4963 1110 5033 αὐτῇ·
1141 4963 1451 5032 Ἀφέωνταί
1477 4982 1569 5018 σου
1598 4968 1652 5019 αί
1680 4966 1859 5036 ἁμαρ-

254 5051 390 5107 τίαι.
423 5053 535 5106 Καὶ
568 5053 886 5125 ἦρξαντοίοὶ
924 5056 1384 5124 συνανακείμενοι
1417 5057 1599 5119 λέγειν
1630 5061 1686 5111 ἐν
1727 5061 1858 5111 ἐαυ-

256 5147 402 5209 τοῖςο
428 5145 525 5209 Τίς
552 5140 706 5210 οὗτός
739 5149 887 5201 ἐστιν
912 5147 970 5211 ὃς
996 5148 1094 5201 καὶ
1115 5150 1396 5219 ἁμαρτίας
1428 5150 1687 5221 ἀφίησιν;
1723 5146 1856 5204 Eine

255 5236 313 5290 δὲ
343 5237 480 5310 πρὸς
518 5239 615 5311 τὴν
640 5239 988 5309 γυναῖκαθἮ
1030 5240 1217 5304 πίστις
1259 5258 1355 5293 σου
1397 5242 1605 5295 σέσωκέ
1642 5261 1724 5306 σε,
1762 5261 1859 5297 πο-

259 5332 424 5402 ρεύου
454 5334 533 5399 είς
561 5335 810 5407 εἰρήνην.
844 5354 861 5387 ι
899 5318 1153 5389 Δείκνυσι
1191 5336 1285 5389 τὸν
1338 5338 1559 5407 Σίμωνα
1591 5340 1620 5390 ό
1652 5338 1857 5409 Κύριος

260 5430 356 5482 καὶ
392 5426 632 5493 ἀλαζόνα
677 5430 771 5483 καὶ
807 5431 1058 5498 ἀνόητον,
1107 5428 1375 5493 Ἀλαζὸνα
1416 5430 1535 5498 μὲν,
1575 5430 1629 5482 εἴ
1663 5448 1724 5500 γε
1766 5434 1858 5484 ἐπὶ

258 5525 373 5584 τοῖς
394 5521 764 5593 ἁμαρτήμασι
798 5522 899 5591 τὴν
937 5521 1231 5592 ἄνθρωπον
1262 5520 1612 5590 κατέκρινεν,
1640 5520 1855 5591 ἂνθρω-

262 5631 364 5678 sto;
394 5613 472 5667 ὢν
499 5615 595 5668 καὶ
634 5614 818 5679 αὐτός.
858 5616 1115 5687 Ἀνὸητον
1143 5615 1222 5678 δὲ,
1257 5615 1373 5681 εἴγε
1392 5615 1451 5667 οὐ
1486 5616 1728 5668 συνεῖδεν
1774 5617 1857 5669 ὃτι

258 5706 499 5763 τοσαῦτα
536 5708 847 5777 ποιήσασαν
894 5709 994 5777 τὴν
1042 5712 1282 5775 γυναῖκα
1327 5707 1566 5769 πίστεως
1609 5707 1857 5777 σύμϐολα

260 5799 359 5855 καῖ
384 5800 629 5871 ἀγάπης.
663 5801 771 5855 ἔδει
815 5802 1251 5869 παραδέξασθαι,
1309 5802 1426 5855 ἀλλ’
1461 5803 1562 5855 οὐκ
1597 5803 1856 5872 ἀποπέμ-

256 5890 484 5971 ψασθαι
517 5894 612 5956 Διὸ
658 5893 756 5949 καὶ
797 5894 1017 5969 ἐλέγχει
1045 5891 1211 5953 αυτὸν
1238 5894 1267 5951 ὁ
1304 5892 1531 5965 Κύριοι,
1566 5893 1645 5965 ὡς.
1674 5895 1856 5965 μάτην

1965 4698 2242 4758 unguento
2271 4690 2427 4745 unxit
2458 4690 2623 4759 pedes
2641 4704 2811 4746 meos.
2839 4688 3073 4761 Propter
3095 4692 3239 4762 quod
3270 4693 3392 4747 dico
3422 4692 3517 4747 tibi
3552 4710 3568 4747 :

1964 4782 2338 4836 Remittantur
2389 4793 2614 4853 peccata
2671 4782 2792 4851 ejus
2821 4783 3014 4847 multa,
3069 4786 3329 4855 quoniam
3378 4786 3571 4840 dilexit

1966 4875 2218 4931 multum.
2252 4874 2353 4929 Cui
2383 4886 2566 4930 autem
2610 4876 2792 4931 minus
2832 4878 3153 4943 remittitur,
3187 4881 3234 4934 is
3277 4882 3457 4935 minus
3480 4881 3565 4934 di-

1965 4969 2105 5039 ligit.
2134 4966 2280 5024 Dixit
2312 4978 2494 5023 autem
2520 4969 2589 5024 ad
2626 4968 3229 5025 illamzﬂemittanlnr
3285 4973 3378 5026 tibi
3446 4960 3573 5041 pec-

1964 5072 2105 5116 cata.
2143 5060 2211 5137 Et
2244 5071 2531 5132 coeperunt
2562 5062 2652 5130 qui
2707 5062 2871 5117 simul
2930 5063 3350 5129 accumbebant,
3408 5064 3572 5135 322

1963 5154 2149 5210 dicere
2175 5156 2319 5209 intra
2369 5170 2478 5211 se:
2540 5154 2674 5221 Quis
2709 5166 2793 5211 est
2846 5155 2953 5219 hic,
2989 5156 3082 5225 qui
3136 5157 3302 5210 etiam
3354 5169 3575 5225 peccata

1968 5248 2244 5303 remittit?
2272 5248 2622 5303 Dixitautem
2656 5247 2724 5302 ad
2762 5249 3045 5303 mulierem
3085 5268 3096 5301 :
3138 5247 3300 5303 Fides
3338 5259 3427 5303 tua
3464 5249 3575 5303 sal-

1966 5355 2086 5390 vam
2123 5348 2173 5391 te
2204 5338 2357 5403 fecit,
2389 5340 2524 5392 vade
2560 5339 2612 5393 in
2643 5354 2799 5407 pace.
2843 5358 2860 5390 ι
2905 5339 3160 5393 Ostendit
3201 5339 3464 5394 Dominus
3485 5337 3575 5394 Si-

1966 5445 2179 5483 monem
2208 5440 2263 5483 et
2293 5438 2641 5499 arrogantem
2681 5440 2737 5483 et
2783 5430 3135 5499 insipientem
3171 5428 3360 5483 fuisse.
3402 5430 3574 5483 Arro-

1964 5530 2181 5589 gantem
2220 5521 2442 5591 quidem
2502 5535 2564 5574 ac
2588 5520 3073 5585 contumeliosum,
3131 5520 3572 5589 quandoquidem

1963 5615 2126 5668 etiam
2152 5614 2268 5684 ipse
2290 5615 2453 5669 homo
2474 5612 2768 5674 exsistens,
2798 5614 3076 5667 hominem
3103 5623 3324 5683 propter
3347 5617 3571 5679 peccata

1964 5707 2379 5762 condemnabat.
2445 5706 2795 5773 lnsipientem
2847 5722 3000 5767 vero.
3030 5705 3299 5775 siquidem
3326 5719 3432 5757 non
3486 5704 3573 5757 iu-

1968 5798 2256 5862 lellexerit,
2291 5798 2433 5865 quod
2460 5796 2744 5852 mulierem
2778 5813 2896 5865 qum.
2926 5806 3087 5850 tantm,
3139 5794 3269 5848 lid'ci
3294 5804 3347 5850 ct
3380 5794 3564 5851 citari-

1965 5893 2093 5958 latis
2120 5893 2274 5964 signa
2296 5891 2660 5965 prastitisscl,
2695 5895 2972 5958 onorleret
3004 5890 3309 5959 suscipere.
3339 5900 3443 5947 non
3480 5895 3564 5943 re-
