4256 6432
226 415 333 481 797

904 416 1349 480 ENARRATIO
1390 415 1472 477 ΙΝ
1529 415 2030 478 EVANGELIUM
2072 418 2311 481 LUCrE.
2348 445 2415 454 ·-
2455 419 2618 480 CAP.
2661 416 2826 481 VIII.

3369 430 3374 438 ‘
3406 411 3514 475 798

230 532 301 586 ’Δ
333 529 446 600 γὰρ
473 528 575 583 οὐκ
606 521 766 594 εἶδον,
805 527 922 591 πῶς
953 527 1022 581 ἂν
1052 527 1360 599 έκήρυξανς
1394 528 1493 581 Διά
1531 528 1690 582 τοῦτο
1717 530 1810 582 καὶ
1840 556 1850 582 Α

1939 547 2022 595 tuo
2051 541 2214 599 pacto
2267 528 2698 598 praedicasscnt?
2756 526 3052 593 Propterea
3085 532 3144 577 et
3201 523 3515 576 Prtecttrsor

224 624 256 675 ὸ
291 622 604 692 Πρόδρομος
627 620 835 688 ἐλεγενο
853 620 912 673 Ὀ
931 618 1007 673 ὣν
1040 621 1105 673 ἐκ
1122 621 1221 690 τῆς
1237 621 1361 689 γῆς,
1381 621 1443 671 lx
1465 623 1565 690 τῆς
1585 619 1690 688 γῆς
1711 619 1808 671 λαο

228 717 333 770 λεῖ.
354 717 411 769 '0
425 715 480 768 δι
497 715 706 770 ἄνωθεν
727 715 1044 784 ἐρχόμενος,
1061 713 1091 766 ὃ
1110 712 1324 782 ἑώρακε
1345 716 1636 783 μαρτυρεῖ.
1653 714 1811 766 Ἧκο-

228 807 454 860 λούθουν
469 807 527 860 δδ
549 805 700 877 αὐτῷ
721 806 816 858 καὶ
849 807 1128 872 γυναῖκες,
1160 805 1250 858 ἵνα
1279 805 1543 874 μάθωμεν
1585 804 1660 867 ὡς
1689 805 1810 857 οὐδὲ

227 899 288 952 τ’)
303 897 438 967 θῆλυ
452 897 722 951 κωλύεται
737 898 840 950 ὑπὸ
855 897 956 965 τῆς
967 896 1251 960 ἀσθενείας
1266 896 1578 950 ἀκολουθεῖν
1593 896 1668 967 τῷ
1683 898 1726 949 Χ
1737 915 1812 967 ρι-

228 986 360 1057 στῷ.
380 989 524 1057 Ὀρα
538 987 594 1040 δί
614 987 728 1049 πῶς
750 988 844 1040 καὶ
861 987 1114 1039 πλούσιαι
1134 983 1291 1040 οὖσαι
1307 988 1455 1054 ὅμως
1477 989 1654 1040 πάντα
1677 1003 1812 1056 παρ-

228 1081 396 1146 εῖδον,
425 1082 519 1134 καὶ
546 1081 644 1151 τὴν
692 1079 783 1132 διὰ
821 1080 1057 1150 Χριστὸν
1084 1082 1181 1133 καὶ
1222 1079 1361 1149 μετὰ
1402 1080 1638 1148 Χριστοῦ
1673 1097 1813 1132 πτω-

228 1169 382 1240 χείαν
415 1171 640 1224 εἴλοντο.
683 1172 805 1224 Ὀτι
837 1173 945 1240 γὰρ
975 1170 1226 1222 πλούσιαι
1259 1165 1421 1239 ἦσαν,
1452 1170 1641 1222 ἄκουε·
1684 1170 1811 1221 Ὅτι

227 1262 516 1328 διηκόνουν
559 1261 638 1331 τῷ
681 1261 871 1330 Κυρίῳ
919 1261 1026 1314 ἀπὸ
1073 1259 1182 1312 τῶν
1227 1259 1586 1330 ὑπαρχόντων
1622 1261 1814 1322 αὑταῖς

229 1355 326 1405 καὶ
362 1355 463 1406 οὐκ
490 1353 598 1405 ἀπὸ
621 1353 788 1416 ξένων
813 1369 916 1422 χρη
927 1356 1114 1422 μάτων
1139 1353 1234 1404 καὶ
1259 1350 1482 1404 ἀδικιῶν
1503 1352 1578 1413 ὡς
1605 1351 1811 1404 πολλοί.

229 1444 306 1496 Τδ
329 1444 408 1506 δὲ,
431 1444 526 1514 ἀφ’
548 1438 614 1513 ἧς
644 1442 954 1513 ἐξεληλύθει
978 1442 1232 1509 δαιμόνια
1262 1441 1421 1505 ἑπτὰ,
1453 1441 1599 1504 τινὲς
1629 1442 1729 1511 μὲν
1756 1443 1817 1494 τδ

230 1537 402 1589 πολλὰ
442 1534 644 1587 νοοῦσι.
702 1534 860 1605 Παρὰ
911 1536 975 1603 τῇ
1011 1533 1201 1602 Γραφῇ
1237 1534 1345 1602 γὰρ
1387 1534 1447 1586 τὸ
1479 1533 1642 1595 ἑπτὰ,
1695 1534 1816 1586 ἀντὶ

229 1627 327 1681 τοῦ
359 1626 551 1689 πολλὰ,
587 1627 1019 1695 ἐπιλαμϐάνεται.
1060 1627 1214 1695 Τάχα
1241 1626 1297 1677 δέ
1323 1642 1407 1688 τις
1431 1625 1575 1678 εῖποι
1611 1623 1698 1687 ἂν,
1735 1625 1816 1677 ὃτι

230 1717 422 1785 ὥσπερ
450 1717 588 1771 είσὶν
615 1718 758 1770 ἑπτὰ
789 1717 1079 1787 πνεύματα
1107 1721 1206 1787 τῆς
1231 1717 1452 1786 ἀρετῆς,
1477 1716 1651 1778 οὕτως
1681 1718 1820 1768 είσῖν

231 1814 298 1866 ὲκ
325 1810 420 1864 τοῦ
470 1811 714 1864 ἐναντίου
761 1812 902 1862 ἑπτὰ
943 1809 1232 1879 πνεύματα
1275 1809 1375 1878 τῆς
1420 1811 1643 1871 κακίας.
1692 1801 1820 1863 Οἷόν

231 1905 350 1959 ἐστι
405 1903 626 1972 πνεῦμα
683 1902 851 1969 φόϐου
900 1902 1058 1962 Θεοῦ,
1109 1902 1260 1954 ἐστιν
1309 1905 1372 1956 ὲκ
1429 1901 1524 1954 τοῦ
1579 1901 1821 1956 ἐναντίου

233 1995 457 2064 πνεῦμα
493 1994 725 2062 ἀφοϐίας
754 1994 914 2055 Θεοῦ,
949 1997 1064 2046 ἐστι
1100 1995 1320 2063 πνεῦμα
1350 1995 1644 2056 συνέσεως,
1675 1994 1823 2046 ἔστιν

237 2088 617 2157 ἀντιστρόφως
667 2086 888 2152 πνεῦμα
939 2087 1274 2150 ἀσυνεσίας,
1309 2088 1402 2140 καὶ
1447 2087 1706 2155 καθεξῆς.
1761 2085 1823 2137 El

237 2182 316 2252 μὴ
360 2181 492 2248 γοῦν
518 2179 814 2249 ὲκσληθεέη
866 2179 935 2243 τὰ
982 2179 1123 2237 ἑπτὰ
1175 2180 1349 2232 ταῦτα
1402 2180 1691 2247 πνεύματα
1727 2180 1825 2247 τῆς

236 2272 434 2336 κακίας
479 2273 588 2325 ἀπὸ
620 2272 720 2340 τῆς
765 2272 964 2342 ψυχῆς,
1014 2275 1075 2325 οὐ
1108 2272 1332 2326 δύναταί
1368 2289 1453 2334 τις
1506 2271 1824 2325 ἀκολουθεῖν

235 2365 316 2437 τῷ
348 2363 590 2434 Χριστῷ.
615 2366 707 2416 Δεῖ
749 2365 859 2434 γὰρ
894 2363 1148 2416 ἐκϐαλεῖν
1180 2363 1397 2432 πρῶτον
1431 2362 1522 2415 τὸν
1559 2363 1822 2428 Σατανᾶν,

239 2457 336 2513 καὶ
365 2455 537 2519 οὓτως
565 2455 830 2508 ὲνοικίσαι
869 2455 960 2506 τὸν
995 2456 1253 2523 Χριστόν.

321 2567 340 2600 ι
375 2549 656 2610 Συνιόντος
687 2547 744 2600 δὲ
771 2547 928 2617 ὄχλου
965 2547 1186 2608 πολλοῦ,
1223 2547 1317 2599 καὶ
1351 2547 1460 2600 τῶν
1495 2548 1636 2601 κατὰ
1670 2548 1826 2600 πόλιν

238 2641 718 2711 ἐπιπορευομένων
761 2642 901 2709 πρὸς
957 2640 1142 2701 αὐτὸν,
1191 2636 1309 2691 εἷπε
1336 2639 1426 2693 διὰ
1485 2639 1824 2709 παραϐολῆς·

254 2734 508 2803 Ἐξῆλθεν
548 2736 576 2787 ό
607 2735 849 2805 σπείρων
883 2733 978 2786 τοῦ
1012 2736 1235 2803 σπεῖραι
1265 2734 1358 2786 τὸν
1392 2735 1596 2803 σπόρον
1637 2733 1825 2788 αὑτοῦ.

243 2825 356 2881 Καὶ
386 2827 443 2878 εν
488 2825 568 2897 τῷ
617 2827 864 2896 σπείρειν
915 2826 1100 2886 αὑτὸν,
1134 2825 1161 2878 ὃ
1211 2826 1308 2895 μὲν
1349 2825 1514 2877 ἔπεσε
1547 2825 1698 2893 παρὰ
1732 2825 1829 2893 τὴν

241 2919 382 2979 ὁδὸν,
420 2920 512 2972 καὶ
547 2917 923 2988 κατεπατήθη,
978 2919 1074 2970 καὶ
1108 2919 1175 2970 τὰ
1213 2919 1436 2971 πετεινὰ
1471 2918 1565 2970 τοῦ
1597 2918 1828 2986 οὐρανοῦ

244 3014 556 3083 κατέφαγεν
583 3013 743 3066 αὐτό·
775 3014 868 3065 καὶ
896 3013 1083 3081 ἕτερον
1115 3013 1313 3066 ἔπεσεν
1335 3013 1430 3065 ἐπὶ
1459 3012 1558 3084 τὴν
1596 3013 1828 3082 πέτραν,

248 3109 339 3160 καὶ
393 3107 524 3175 φυὲν
575 3105 847 3175 ἐξηράνθη
905 3105 995 3156 διὰ
1049 3106 1111 3157 τὸ
1167 3107 1243 3174 μὴ
1290 3105 1434 3174 ἔχειν
1472 3104 1694 3173 ἰκμάδα·
1739 3106 1833 3156 καὶ

1914 624 2126 678 dicebat
2162 641 2175 674 :
2212 620 2314 685 Qui
2344 621 2410 673 de
2438 631 2580 672 terra
2619 627 2724 680 est,
2751 620 2818 672 de
2849 629 2992 670 terra
3043 616 3285 683 loquitur
3321 630 3336 670 :
3372 612 3462 681 qui
3487 627 3518 666 ο

1913 717 2166 784 Supernis
2218 714 2386 776 venit,
2430 713 2572 777 quod
2608 714 2741 765 vidit
2809 719 3060 764 testatur.
3089 707 3298 761 Secuta:
3334 717 3517 758 autem

1913 817 2040 860 sunt
2094 822 2217 858 eum
2254 806 2528 868 mulieres,
2566 815 2623 856 ut
2656 805 2836 857 discas
2869 800 3010 868 quod
3074 814 3248 864 neque
3289 796 3521 850 fetninas

1913 914 2012 953 sua
2049 897 2390 950 inﬁrmitasa
2443 895 2701 950 comitatu
2761 892 2964 947 ClitiSti
3023 889 3336 960 prohibeat.
3382 886 3519 940 Vide

1915 994 2042 1046 item
2079 991 2351 1058 quomodo
2377 995 2432 1042 et
2464 1003 2586 1055 quae
2616 987 2812 1039 divites
2867 992 3048 1046 erant,
3104 981 3358 1034 omnibus
3418 993 3510 1032 ne-

1915 1084 2106 1154 glectis
2129 1090 2506 1151 paupertatem
2575 1095 2699 1134 cum
2754 1077 2978 1131 Christo
3037 1084 3088 1128 et
3140 1066 3239 1140 pro
3294 1071 3519 1124 Christo

1917 1177 2238 1245 delegertnt.
2313 1171 2449 1226 Nam
2489 1172 2632 1240 quod
2681 1171 2876 1224 divites
2930 1166 3153 1228 fuerint,
3201 1165 3348 1227 audi,
3383 1163 3519 1227 Quia

1916 1269 2301 1322 ministrarum
2354 1263 2586 1317 Domino
2642 1261 2708 1316 de
2740 1260 3089 1315 facultatibus
3118 1258 3253 1316 suis,
3310 1270 3414 1307 non
3458 1254 3524 1306 de

1919 1358 2114 1412 alienis
2139 1357 2334 1424 opibus
2363 1363 2417 1408 et
2461 1354 2659 1421 injuste
2687 1353 2878 1422 partis,
2897 1351 2974 1403 uti
3009 1349 3160 1402 mulli
3184 1348 3378 1400 solent.
3406 1342 3525 1396 Jam

1919 1465 2014 1518 per
2048 1458 2258 1517 septem
2291 1446 2580 1509 daemonia,
2614 1460 2736 1513 quae
2789 1443 2855 1497 de
2909 1441 2999 1494 illa
3047 1441 3219 1509 ejecta
3279 1437 3521 1496 fuerunt,

1918 1531 2780 1609 quidamintclliguntmttlta.ln
2857 1532 3162 1599 Scripturis
3222 1530 3364 1582 enim
3425 1542 3524 1595 pro

1922 1631 2108 1684 multis
2129 1640 2335 1697 septem
2362 1627 2537 1696 accipi
2579 1625 2743 1680 solet.
2780 1624 3050 1678 Fortassis
3081 1634 3263 1674 autem
3324 1620 3524 1671 dixerit

1922 1721 2067 1790 quis.
2099 1721 2243 1789 quod
2273 1718 2416 1773 sicut
2447 1726 2572 1771 sunt
2613 1726 2818 1785 septem
2879 1715 3105 1782 Spiliills
3158 1707 3394 1772 vit‘lttlis,
3455 1709 3525 1761 ita

1925 1824 2053 1871 sunt
2081 1830 2112 1868 e
2138 1814 2356 1867 diverso
2389 1825 2596 1879 septem
2624 1811 2848 1878 spiritus
2889 1808 3109 1860 malitia:
3137 1823 3150 1868 ;
3187 1817 3244 1858 ut
3277 1805 3418 1858 sicut
3447 1811 3531 1854 cst

1927 1909 2149 1977 spiritus
2178 1908 2393 1961 timoris
2417 1905 2534 1968 Dei,
2569 1905 2638 1955 ita
2680 1913 2790 1956 cte
2842 1900 3060 1953 diverso
3116 1900 3341 1965 spiritus
3394 1911 3529 1947 con-

1928 2010 2168 2070 temptus
2197 1999 2290 2052 Dei
2320 2007 2374 2050 et
2405 1996 2723 2064 impietatis.
2770 1992 2865 2046 Est
2915 1992 3142 2060 spiritus
3193 1989 3524 2050 intellectus,

1927 2105 2007 2148 est
2040 2109 2070 2147 e.
2101 2093 2316 2147 diverso
2341 2089 2565 2159 spiritus
2601 2087 2948 2143 hebetudinis
3009 2084 3284 2138 intellectu
3337 2096 3534 2135 caren—

1930 2188 2017 2252 tis,
2043 2195 2095 2240 et
2132 2187 2210 2239 sic
2238 2184 2304 2238 de
2333 2184 2475 2236 aliis.
2508 2183 2692 2250 Itaque
2725 2180 2825 2233 nisi
2859 2179 3152 2247 ejiciantur
3175 2185 3383 2242 septem
3419 2173 3534 2242 spi-

1932 2283 2070 2336 ritus
2095 2279 2320 2334 malitite
2385 2280 2451 2331 ab
2525 2280 2730 2338 anima,
2793 2289 2900 2327 non
2950 2281 3128 2342 potest
3191 2271 3313 2338 quis
3377 2264 3532 2335 sequi

1928 2373 2231 2428 Christum.
2262 2371 2492 2439 Oportet
2518 2369 2661 2423 enim
2698 2367 2932 2436 primum
2965 2364 3089 2433 ejici
3125 2362 3449 2425 daemonem,
3476 2366 3532 2413 et

1931 2477 2058 2519 tunc
2087 2464 2393 2525 inhabitare
2427 2462 2725 2515 Christum.

2004 2560 2168 2613 Vens.
2190 2554 2519 2612 A—l0.tCtttn
2547 2563 2724 2607 autem
2749 2552 2904 2606 turba
2932 2550 3165 2620 plurima
3196 2546 3532 2609 conveniret,

1931 2650 2272 2720 etesittgulis
2288 2648 2598 2704 civitatibus
2638 2654 2997 2715 properarent
3017 2644 3081 2695 ad
3109 2657 3255 2707 eum,
3277 2640 3412 2694 dixit
3445 2655 3543 2709 per

1932 2745 2343 2801 similitudinem
2373 2742 2547 2795 :Exiit
2569 2740 2658 2808 qui
2683 2747 2982 2793 sementem
3009 2735 3264 2797 faciebat,
3289 2735 3354 2786 ad
3373 2733 3542 2787 semi-

1934 2837 2172 2892 nandum
2221 2849 2406 2889 semen
2459 2848 2615 2887 suum
2655 2840 2750 2886 :et
2790 2831 2929 2884 inter
2957 2827 3361 2890 seminandum,
3397 2825 3542 2878 aliud

1937 2930 2134 2985 cecidit
2188 2928 2333 2982 circa
2373 2928 2536 2992 viam,
2572 2923 3023 2979 etconculcatum
3073 2933 3179 2988 est,
3211 2930 3266 2974 et
3299 2919 3548 2972 volucres

1936 3023 2062 3080 caali
2084 3021 2438 3076 comederunt
2463 3020 2615 3073 illud.
2649 3017 2713 3072 Et
2745 3017 2888 3072 aliud
2917 3016 3117 3071 cecidit
3143 3029 3307 3080 super
3332 3021 3544 3081 petram

1936 3128 1991 3170 et
2051 3125 2271 3170 enatum
2314 3115 2480 3177 aruit,
2551 3112 2677 3181 quia
2715 3126 2818 3163 non
2849 3110 3084 3163 habebat
3129 3107 3439 3161 humorem.
3482 3100 3553 3155 Et

243 3197 434 3268 ἕτερον
463 3197 658 3249 ἔπεσεν
686 3199 744 3248 ὲν
773 3195 923 3266 μέσῳ
953 3195 1062 3248 τῶν
1084 3195 1358 3260 ἀκανθῶν,
1386 3196 1478 3247 καὶ
1503 3199 1838 3264 συμφυεῖσαι

1949 3207 2093 3260 aliud
2151 3205 2348 3259 cecidit
2399 3205 2544 3256 inter
2593 3204 2802 3272 spinas,
2859 3211 2912 3255 et
2963 3199 3124 3254 simul
3171 3207 3349 3252 enata:
3378 3196 3552 3265 spina:

245 3292 302 3344 al.
331 3290 564 3344 ἄκανθαι
603 3288 909 3352 ἀπέπνιξαν
946 3289 1096 3342 αὐτό.
1134 3290 1244 3342 Καὶ
1289 3289 1476 3358 ἕτερον
1523 3289 1720 3341 ἔπεσεν
1758 3291 1836 3351 εἰς

163 3440 174 3452 1
248 3381 348 3452 τὴν
377 3381 481 3450 γῆν
511 3381 608 3450 τὴν
639 3381 873 3449 ἀγαθὴν,
907 3380 1000 3432 καὶ
1030 3381 1162 3448 φυὲν
1209 3380 1432 3447 ἐποίησε
1461 3381 1674 3449 καρπὶν
1706 3381 1837 3430 ἐκι-

237 3474 708 3528 κτονταπλασίονα.
749 3472 937 3525 Ταῦτα
959 3471 1154 3538 λέγων,
1202 3471 1420 3537 ἐφώνει,
1462 3468 1520 3521 ὐ
1558 3470 1694 3539 ἔχων
1725 3463 1840 3520 ὦτα

253 3565 500 3626 ἀκούειν,
539 3564 804 3617 ἀκουέτω.
856 3561 1186 3630 Ἐπηρώτων
1230 3560 1287 3612 δὲ
1319 3560 1480 3612 αὐτὸν
1512 3561 1559 3611 οἱ
1599 3559 1843 3629 μαθηταὶ

809 3655 888 3712 τίς
939 3657 1026 3722 εῐη
1081 3655 1111 3722 ἠ
1147 3653 1434 3723 παραϐολὴ
1472 3653 1640 3723 αῦτης
1692 3653 1749 3704 ’0
1785 3653 1844 3704 δὲ

252 3748 440 3808 εἶπεν·
479 3751 643 3818 Ὑμῖν
677 3749 886 3800 δέδοται
920 3746 1125 3812 γνῶναι
1155 3746 1225 3798 τὰ
1259 3747 1533 3816 μυστήρια
1555 3747 1654 3816 τῆς
1688 3745 1845 3814 βασι-

249 3845 405 3908 λείας
460 3842 554 3896 τοῦ
601 3840 758 3902 θεοῦ,
788 3843 900 3902 τοῖς
929 3839 988 3891 δὲ
1020 3839 1229 3902 λοιποῖς
1257 3840 1315 3891 έν
1365 3838 1727 3907 παραϐολαῖς,
1759 3839 1846 3890 ἵνα

255 3937 546 4009 βλέποντες
608 3936 682 4005 μὴ
732 3934 997 4002 βλέπωσι,
1065 3934 1162 3985 καὶ
1208 3931 1499 3993 ἀκούοντες
1537 3931 1612 4002 μὴ
1654 3931 1847 3984 συνιῶ-

257 4046 362 4083 σιν.
408 4048 426 4081 ι
463 4026 643 4097 Ὅπερ
672 4021 827 4080 εἷπεν
856 4027 884 4077 ό
913 4023 1077 4077 Δαυῖδ
1102 4024 1270 4076 πάλαι
1308 4026 1366 4076 έν
1399 4023 1678 4094 προσώπῳ
1710 4025 1848 4094 Χρι-

256 4120 409 4185 στοῦ,
435 4117 594 4172 τοῦτο
623 4117 716 4170 νῦν
749 4116 931 4185 ἐξέϐη.
951 4116 1178 4181 ’Δνοίξω
1194 4117 1324 4185 γὰρ,
1355 4118 1543 4185 φησὶν,
1573 4117 1630 4168 ὲν
1667 4133 1848 4186 παρα-

259 4215 445 4277 ϐολαῖς
483 4213 545 4264 τὸ
597 4211 773 4280 στόμα
832 4227 957 4279 μου.
999 4210 1304 4276 Φθέγγεται
1355 4211 1535 4262 τοί-,υν
1586 4210 1613 4260 ό
1647 4210 1851 4278 Κύριος

256 4306 646 4378 συμϐολικῶς
697 4303 786 4355 διὰ
820 4302 1018 4355 πολλά·
1059 4303 1155 4354 καὶ
1203 4304 1290 4354 ῖνα
1334 4301 1445 4371 γὰρ
1478 4319 1852 4371 προσεκτικω-

257 4401 449 4471 τέρους
481 4399 686 4470 ποιήσῃ
713 4398 838 4458 τοὺς
885 4395 1204 4460 ἀκούοντας,
1237 4396 1332 4448 καὶ
1358 4396 1606 4465 διεγείρῃ
1667 4397 1853 4458 αὐτοῖς

259 4493 352 4547 τὸν
382 4490 508 4545 νοῦν
535 4493 614 4553 είς
647 4491 879 4559 ζήτησιν
907 4489 1017 4542 τῶν
1049 4488 1382 4556 λεγομένων.
1422 4487 1712 4556 Εἱώθαμεν
1743 4489 1853 4557 γὰρ

257 4585 307 4637 οἱ
342 4583 622 4652 ἄνθρωποι
666 4582 737 4634 τὰ
775 4583 874 4652 μὲν
905 4581 1201 4643 σκοτεινῶς
1235 4581 1506 4650 λεγόμενα
1547 4582 1851 4651 περιεργά-

259 4676 472 4742 ζεσθαι,
502 4677 570 4728 τὰ
605 4676 664 4728 δὴ
707 4674 854 4744 σαφῆ
886 4677 1262 4746 περιφρονεῖν
1300 4676 1395 4728 καὶ
1440 4674 1527 4727 ἴνα
1564 4676 1613 4726 οί
1645 4673 1853 4737 ἀνάξιοι

261 4772 370 4824 τῶν
412 4768 810 4840 μυστηριωδῶς
857 4767 1170 4835 λεγομένοιν
1221 4768 1298 4835 μὴ
1347 4766 1682 4821 ἐπακούωσι.
1746 4769 1856 4820 Καὶ

256 4862 346 4917 διὰ
380 4862 552 4914 πολλὰ
581 4861 716 4915 ἄλλα
747 4862 805 4913 ἐν
855 4859 1192 4930 παραϐολαῖς
1227 4858 1546 4927 φθέγγεται.
1600 4861 1854 4928 Ἐξῆλθεν

258 4947 354 5003 οὖν
381 4952 409 5003 ό
444 4949 706 5017 σπείρων,
737 4948 1043 5015 τουτέστιν,
1079 4952 1106 5002 ό
1136 4949 1264 5012 Υἱὸς
1300 4949 1394 5002 τοῦ
1429 4951 1565 5003 Θεοῦ
1626 4951 1853 5020 ἐξῆλθεν

259 5045 326 5098 lx
355 5043 465 5096 τῶν
507 5044 728 5098 κόλπων
771 5046 878 5099 τῶν
923 5020 1254 5115 Πατρικῶν,
1310 5046 1404 5098 καὶ
1436 5046 1544 5098 ἀπὸ
1573 5048 1672 5116 τῆς
1714 5064 1852 5116 xpu—

261 5135 513 5204 φιότητος
558 5135 750 5198 αὑτοῦ,
788 5135 883 5189 καὶ
915 5137 1166 5207 ἐμφανὴς
1193 5138 1430 5205 ἐγένετο.
1467 5138 1563 5201 Τίς
1594 5140 1649 5191 δὲ
1693 5140 1857 5208 ὲξῆλα

250 3659 415 3714 αὑτοῦ
426 3699 439 3721 ,
485 3658 736 3723 λέγοντες
757 3699 774 3721 ,

262 5228 387 5295 θεν;
416 5225 477 5282 Ὀ
496 5231 582 5283 ἀεὶ
611 5229 873 5299 σπείρων.
895 5231 970 5282 Οὐ
994 5229 1224 5284 παύεται
1247 5233 1354 5304 γὰρ
1378 5235 1404 5284 ὁ
1434 5228 1682 5296 Υίὸς“τοῦ
1715 5232 1850 5284 Θεοῦ

259 5321 349 5374 ἀεὶ
376 5321 616 5392 σπείρων
651 5324 707 5372 ὲν
741 5325 860 5384 ταῖς
887 5324 1182 5393 ἡμετέραις
1205 5325 1425 5396 ψυχαῖς.
1449 5327 1521 5377 Οῦ
1550 5327 1658 5395 γὰρ
1693 5328 1853 5396 μόνον

259 5413 392 5466 ὅταν
418 5411 667 5486 διδάσκῃ,
702 5413 839 5466 ἀλλὰ
872 5417 963 5467 καὶ
988 5417 1076 5470 διὰ
1111 5419 1207 5488 τῆς
1241 5419 1472 5481 κτίσεως
1503 5420 1729 5489 ταύτης,
1761 5422 1857 5473 καὶ

259 5506 372 5560 τῶν
420 5504 544 5558 καθ’
597 5507 836 5578 ἑκάστην
866 5510 944 5572 είς
994 5511 1140 5580 ἡμᾶς
1175 5511 1500 5579 γινομένων,
1537 5513 1750 5580 σπείρει
1797 5517 1855 5565 ἐν

262 5599 386 5661 ταῖς
409 5597 711 5669 ἡμετέραις
741 5600 944 5671 ψυχαῖς
970 5603 1039 5655 τὰ
1068 5603 1249 5671 ἀγαθὰ
1279 5604 1591 5675 σπέρματα.
1626 5606 1852 5676 serpe;

263 5685 356 5758 δέ,
387 5692 488 5763 οὑχ
531 5691 622 5746 ῖνα
648 5695 778 5755 τοὺς
810 5697 1091 5766 γεωργοὺς
1122 5697 1440 5772 ἀποκτείνῃ,
1475 5699 1506 5769 ἢ
1542 5700 1639 5771 τὴν
1671 5700 1855 5771 χώραν

340 5871 386 5902 ³⁸
418 5869 559 5930 Psal.
602 5886 798 5939 Lsxttn,
838 5872 892 5929 ἓ.

1946 3297 2349 3352 aull‘Ot‘avcrunt
2394 3295 2544 3349 illud.
2601 3294 2666 3347 Et
2706 3293 2851 3346 aliud
2901 3293 3097 3346 cecidit
3134 3291 3186 3344 in
3224 3302 3424 3343 terram
3456 3287 3551 3342 ho-

1947 3407 2093 3454 nam,
2129 3399 2184 3444 et
2228 3397 2453 3442 enatum
2488 3385 2617 3440 fecit
2657 3385 2892 3440 fructum
2926 3385 3262 3454 centuplum.
3290 3380 3414 3434 Haec
3468 3379 3554 3434 di-

1946 3497 2078 3539 cens
2126 3480 2398 3536 clamabat
2434 3479 2580 3545 τρυε
2630 3478 2794 3532 habet
2846 3492 3007 3530 aures
3072 3476 3136 3527 ad
3186 3473 3551 3529 audiendum.

1951 3577 2160 3632 audiat.
2203 3575 2624 3652 lutet-rogabant
2667 3583 2846 3625 autem
2881 3585 3003 3624 eum
3037 3567 3285 3636 discipuli
3321 3565 3438 3634 ejus
3470 3565 3554 3618 di-

1948 3678 2156 3735 centes,
2197 3681 2444 3736 quzcnam
2486 3672 2630 3718 esset
2656 3664 2758 3716 ista
2813 3651 3092 3729 parabola.
3130 3660 3198 3710 At
3241 3656 3330 3709 ille
3361 3656 3498 3708 dixit
3535 3673 3550 3708 :

1954 3764 2122 3818 Vobis
2147 3761 2333 3815 datum
2373 3767 2458 3813 est
2508 3771 2672 3811 nosse
2704 3755 2961 3825 mysteria
3012 3753 3160 3822 regni
3198 3750 3314 3814 Dei,
3343 3746 3558 3803 caeteris

1951 3867 2132 3911 autem
2187 3871 2284 3927 per
2323 3852 2610 3923 parabolas
2646 3870 2660 3906 :
2695 3860 2752 3905 ut
2799 3849 3066 3912 videntes,
3102 3861 3208 3900 non
3234 3846 3472 3906 videant,
3507 3851 3561 3895 et

1949 3947 2116 4021 324
2162 3947 2450 4004 audientes
2510 3958 2617 3997 non
2673 3940 3060 4009 intelligant.»
3119 3937 3273 3990 Nunc
3344 3935 3559 3988 tandem

1951 4043 2131 4098 ev'enit
2178 4040 2321 4111 quod
2359 4037 2486 4092 olim
2543 4035 2708 4088 David
2759 4036 2811 4087 in
2844 4048 3074 4102 persona
3112 4029 3320 4085 Christi
3367 4027 3502 4081 dixit
3542 4043 3555 4079 :

1953 4134 2208 4204 Aperiam
2259 4131 2429 4194 enim,
2495 4129 2693 4197 inquit,
2733 4128 2786 4179 in
2844 4124 3116 4192 parabolis
3168 4137 3230 4176 os
3283 4135 3462 4174 meum
3489 4117 3556 4172 ⁸⁸.

1955 4224 2219 4294 Loquitur
2269 4223 2450 4290 itaque
2504 4218 2790 4288 parabolas
2821 4216 3083 4270 Dominus
3115 4221 3337 4281 propter
3368 4212 3559 4270 multa.

1957 4332 2151 4386 nempe
2214 4325 2272 4369 ut
2324 4312 2650 4371 attentiores
2708 4309 2904 4364 reddat
2948 4307 3245 4371 auditores,
3278 4315 3330 4358 et
3361 4305 3565 4358 excitet

1958 4409 2171 4463 illorum
2236 4415 2474 4459 mentem
2508 4403 2572 4455 ad
2603 4401 2987 4471 inquirendum
3042 4400 3107 4452 de
3149 4397 3232 4450 his
3265 4412 3385 4466 qua:
3416 4398 3560 4450 dicta

1960 4514 2108 4559 sunt.
2171 4500 2362 4557 Solent
2401 4499 2543 4554 enim
2609 4498 2859 4552 homines
2916 4494 3189 4548 curiosius
3234 4493 3564 4561 investigare

1961 4601 2026 4652 de
2058 4597 2146 4650 his
2187 4611 2308 4665 qua:
2357 4595 2498 4648 dicta
2537 4602 2663 4646 sunt
2715 4589 3025 4653 obscurius,
3061 4586 3349 4641 manifesta
3381 4593 3563 4638 autem

1961 4689 2237 4760 negligere
2263 4706 2277 4741 :
2309 4697 2366 4741 et
2394 4699 2450 4739 ut
2475 4685 2682 4756 indigni
2715 4699 2823 4738 non
2850 4682 3156 4750 intelligant
3193 4695 3316 4747 quae
3347 4681 3566 4733 abstru-

1958 4780 2073 4834 sius
2124 4788 2254 4834 stmt
2303 4780 2490 4844 dicta;
2525 4787 2687 4845 atque
2739 4786 2960 4845 prepter
2984 4773 3164 4825 multa
3190 4773 3295 4826 alia
3325 4771 3377 4824 in
3407 4784 3564 4840 para-

1958 4872 2097 4927 bolis
2127 4871 2384 4940 loquitur.
2411 4865 2558 4920 Eviit
2602 4867 2767 4936 igitur
2794 4865 3096 4927 seminans,
3129 4861 3232 4914 hoc
3254 4869 3359 4922 est,
3395 4857 3566 4911 Filius

1963 4965 2055 5021 Dei
2082 4965 2254 5020 exivit
2289 4965 2353 5018 de
2390 4962 2569 5015 Patris
2600 4960 2680 5014 sui
2718 4961 2840 5013 sinu
2874 4955 3215 5018 abscondito,
3249 4963 3304 5006 et
3344 4950 3568 5019 conspi-

1953 5074 2089 5113 cuus
2139 5056 2314 5111 factus
2352 5064 2456 5110 est.
2508 5054 2642 5120 Quis
2680 5062 2859 5104 autem
2893 5049 3102 5104 exivit?
3140 5046 3189 5102 ls
3225 5047 3314 5115 qui
3349 5059 3566 5113 semper

1958 5137 2216 5206 seminat.
2258 5147 2429 5202 Filius
2477 5146 2619 5199 enim
2661 5145 2751 5200 Del
2798 5159 2903 5196 non
2929 5151 3108 5195 cessat
3149 5153 3365 5206 semper
3403 5136 3568 5192 semia

1958 5259 2088 5298 nare
2120 5244 2170 5296 in
2204 5242 2492 5295 animabus
2518 5238 2742 5292 nostris.
2777 5235 2893 5290 Non
2929 5236 3072 5290 enim
3133 5234 3309 5287 solum
3345 5229 3563 5301 quando

1959 5337 2172 5388 videtur
2211 5336 2427 5396 docere,
2484 5332 2576 5384 sed
2628 5338 2680 5384 et
2728 5345 2826 5398 per
2877 5327 3136 5380 mundum
3164 5325 3353 5381 istum,
3383 5331 3432 5375 et
3468 5337 3567 5388 per

1965 5444 2024 5481 ea
2056 5442 2176 5496 quae
2204 5425 2445 5496 quotidie
2482 5423 2608 5478 facit
2643 5440 2770 5491 erga
2807 5437 2923 5486 nos,
2993 5420 3228 5476 seminat
3254 5417 3305 5470 in
3363 5414 3568 5469 nostris

1968 5520 2250 5573 animabus
2291 5518 2429 5570 bona
2478 5517 2708 5569 semina.
2746 5515 2924 5568 Exivit
2953 5527 3154 5574 autem,
3187 5526 3292 5565 non
3329 5518 3389 5562 ιιι
3424 5509 3568 5578 agri-

1965 5614 2114 5666 colas
2168 5611 2406 5672 occidat,
2453 5609 2536 5663 vel
2584 5624 2773 5676 agt-um
2814 5615 3032 5673 exurat,
3087 5605 3182 5660 sed
3219 5613 3276 5658 ut
3309 5602 3559 5657 setninet.

1969 5699 2123 5770 S.epe
2153 5701 2327 5756 enim.
2357 5701 2634 5770 egreditur
2679 5698 2912 5771 agricola
2947 5705 3000 5754 et
3047 5705 3274 5765 propter
3296 5696 3424 5762 alia,
3457 5710 3564 5750 non
