4256 6432
742 391 849 453 ’799

1665 389 2243 450 THEOPHYLACTI
2282 386 2686 449 BULGARIE
2729 382 3084 445 ARCHIEP.

3896 370 3999 435 800

746 498 919 551 solum
953 506 1008 551 ut
1048 498 1296 560 seminet,
1325 498 1416 551 sed
1443 498 1573 549 exiit
1595 508 1651 550 ut
1678 500 1905 554 seminet
1929 515 2112 554 semen
2148 516 2324 555 suum.
2357 514 2375 561 Α

2434 498 2779 569 κατακαύσῃ.
2802 497 2917 564 ᾁλλ⁴
2944 496 3029 547 ἵνα
3057 490 3274 561 σπείρῃ·
3305 488 3563 549 πολλάκις
3586 487 3693 557 γὰρ
3726 484 4003 555 ἐξέρχεται

744 590 999 660 Prnprins
1035 592 1175 642 enim
1201 589 1315 654 ejus
1348 599 1429 642 est
1461 605 1638 643 sermo
1671 592 1948 654 doctrinm,
1978 601 2031 645 et
2054 606 2156 644 non
2186 590 2319 643 alie-

747 700 863 735 nus.
897 682 1168 751 Prophetzc
1203 682 1346 734 enim
1388 696 1722 750 quzccunque
1758 684 2033 745 dixerunt,
2065 698 2094 735 e
2130 682 2319 748 spiritu

748 778 1019 836 dixerunt,
1071 785 1122 826 et
1165 790 1269 827 non
1315 785 1373 828 ut
1427 776 1679 842 propria:
1713 779 1852 829 unde
1907 783 1962 827 et
2017 775 2317 827 dixerUnt:

745 864 865 917 Hmc
896 863 1027 916 dicit
1078 862 1359 916 Dominus.
1392 863 1640 916 Christus
1684 875 1813 914 vero
1847 862 2123 930 proprium
2162 861 2322 914 habet

741 970 951 1015 semen.
988 955 1186 1006 idcirco
1222 970 1325 1006 non
1356 954 1568 1007 dicehat
1598 954 1798 1007 docens
1831 971 1845 1007 :
1886 954 2008 1008 "ac
2053 954 2183 1007 dicit
2211 952 2317 1005 Do-

740 1046 939 1107 minus,
982 1045 1071 1097 sed
1100 1062 1116 1095 ι
1146 1045 1257 1113 Ego
1282 1044 1399 1097 dico
1430 1044 1603 1097 vobis.
1636 1043 1948 1097 Seminante
1980 1053 2160 1097 autem
2203 1044 2313 1109 illo,

741 1135 842 1188 hoc
894 1146 973 1187 est
1009 1136 1252 1197 docente,
1284 1135 1425 1187 aliud
1465 1136 1679 1202 quidem
1706 1135 1906 1189 cecidit
1940 1136 2082 1188 circa
2121 1135 2257 1187 viam
2303 1152 2316 1187 :

740 1236 844 1279 no‘n
877 1229 1011 1280 dixit
1065 1228 1204 1293 quod
1238 1228 1523 1296 projecerit
1564 1228 1861 1290 seminans,
1896 1228 1987 1282 sed
2020 1230 2159 1297 quod
2191 1227 2317 1282 illud

737 1320 1015 1374 ceciderit.
1062 1317 1191 1371 Nam
1222 1320 1310 1385 qui
1360 1321 1613 1381 seminat,
1652 1319 1954 1373 seminatet
1985 1320 2161 1383 docet,
2195 1334 2316 1373 ser-

745 1427 831 1463 mo
854 1421 1027 1462 autem
1062 1412 1208 1463 cadit
1246 1412 1295 1463 in
1327 1411 1630 1463 audientes.
1667 1409 1729 1461 Hi
1755 1420 1931 1463 autem
1971 1410 2319 1465 inveniuntur

734 1515 855 1553 ese
894 1500 970 1553 vel
1030 1501 1133 1565 via,
1168 1501 1247 1554 vel
1276 1509 1444 1569 petra,
1485 1500 1565 1553 vel
1602 1501 1798 1567 spinae,
1863 1500 1944 1554 vel
1978 1509 2117 1553 terra
2154 1501 2314 1555 bona.

738 1588 1004 1644 (laterum
1039 1590 1313 1657 discipulis
1347 1590 1805 1657 interrogantibus
1849 1591 2179 1659 paratiolam,
2240 1593 2318 1643 di-

2426 592 2454 642 6
2488 590 2731 659 γεωργὸς
2772 588 2863 640 καὶ
2913 587 2981 638 δι’
3013 584 3169 646 ἄλλα,
3206 583 3269 633 οὺ
3322 580 3482 650 μόνον
3530 579 3619 630 διὰ
3673 580 3732 630 τὸ
3764 580 4002 643 σπεῖραι.

2425 683 2529 735 Τὸν
2564 683 2763 751 σπόρον
2793 680 2847 732 δὲ
2878 677 3043 732 αὐτοῦ
3076 674 3265 743 ἐξῆλθε
3297 674 3537 740 σπεῖραι.
3576 668 3735 730 Ἰδιος
3775 669 3887 735 γὰρ
3917 667 4004 719 αὐ-

2424 772 2517 823 τοῦ
2550 768 2616 832 ἦν
2647 773 2674 822 6
2707 770 2865 836 λόγος
2909 767 3006 836 τῆς
3033 762 3403 823 διδασκαλίας,
3450 761 3542 812 καὶ
3579 759 3677 810 οὑκ
3705 756 4001 824 ἀλλότριος.

2423 863 2486 914 Οί
2520 861 2618 929 μὲν
2668 860 2776 928 γὰρ
2820 858 3116 927 προφῆται,
3157 854 3254 906 ὅσα
3288 852 3493 917 ἔλεγον,
3528 848 3626 901 οὐκ
3659 850 3766 900 ῐδια
3800 844 4003 910 ελεγον,

2426 952 2560 1005 ἀλλὰ
2593 951 2685 1003 τοῦ
2722 949 3048 1017 πνεύματος.
3074 945 3164 997 Διὸ
3190 944 3396 1010 ελεγον,
3432 940 3570 992 Τάδε
3600 938 3751 1005 λέγει
3776 936 4004 1003 Κύριος.

2435 1048 2492 1098 'U
2524 1046 2580 1098 δὲ
2601 1042 2833 1112 Χριστὸς
2887 1039 3015 1092 [διον
3043 1034 3157 1106 εἶχε
3181 1036 3272 1087 τὸν
3316 1033 3537 1103 σπόρον.
3566 1030 3655 1083 Διὸ
3685 1030 3786 1081 οὐκ
3822 1027 4009 1092 ἔλεγεν

2421 1135 2547 1186 ὅταν
2565 1133 2861 1195 ἐδίδασκεν,
2879 1129 2959 1181 δτι
2974 1126 3111 1179 Τάδε
3128 1126 3277 1191 λέγει
3295 1124 3517 1193 Κύριος,
3544 1118 3680 1182 ἀλλ’,
3700 1115 3845 1184 Ἐγὼ
3866 1116 4011 1184 λέγω

2422 1227 2570 1296 ὑμῖν.
2618 1225 2704 1277 Ἐν
2727 1222 2805 1292 τῷ
2833 1220 3080 1289 σπείρειν
3110 1218 3164 1269 δὲ
3194 1217 3379 1277 αὑτὸν,
3403 1211 3705 1273 τουτέστιν,
3735 1211 3792 1262 ὲν
3826 1206 3905 1296 τῷ
3932 1206 4011 1258 δι-

2421 1316 2663 1376 δάσκειν,
2692 1313 2821 1368 ἄλλο
2861 1313 2958 1381 μὲν
3002 1310 3165 1361 ἔπεσε
3200 1306 3352 1376 παρὰ
3384 1305 3482 1375 τὴν
3511 1302 3648 1356 όδὸν.
3686 1301 3803 1353 Οὐκ
3853 1295 4008 1349 εἶπεν

2421 1408 2503 1461 ὅτι
2550 1406 2773 1479 ἔρριψεν
2806 1406 2833 1457 6
2872 1403 3134 1471 σπείρων,
3168 1398 3284 1453 ἀλλ’
3336 1395 3765 1450 ῐπεσεν“ὲκεῖνο.
3809 1392 3869 1443 '0
3908 1390 4008 1458 μὲν

2422 1501 2528 1569 γὰρ
2560 1497 2798 1565 σπείρων
2861 1483 3071 1564 σπείρει
3101 1493 3195 1544 καὶ
3221 1489 3483 1543 διδάσκει.
3529 1486 3588 1539 Ὀ
3638 1485 3695 1537 δὲ
3735 1483 3893 1550 λόγος
3929 1484 4008 1543 είς

2421 1590 2547 1649 τοὺς
2577 1587 2877 1646 ἀκούοντας
2910 1585 3118 1636 πίπτει.
3156 1575 3397 1635 Οὗτοιοδὶ
3419 1578 3765 1647 εὑρίσκονται
3797 1573 3835 1644 ἢ
3863 1572 4004 1636 666;,

731 1682 804 1735 cit
874 1681 1183 1734 Dominus:
1230 1680 1395 1735 Vohis
1445 1682 1629 1735 datum
1703 1691 1786 1735 est
1845 1684 1984 1737 scire
2059 1684 2317 1754 mysteria

2421 1678 2453 1748 ἢ
2488 1680 2681 1748 πέτρα,
2735 1680 2766 1741 ἢ
2801 1677 3035 1738 ἄκανθα,
3071 1676 3103 1743 ἢ
3138 1672 3317 1743 ἀγαθὴ
3344 1671 3441 1741 γῆ.
3488 1667 3765 1735 Ἐρωτῶσι
3807 1665 3865 1717 δὲ
3894 1665 4007 1725 τοῖς

737 1771 886 1836 regni
924 1768 1039 1836 Dei,
1084 1770 1184 1823 hoc
1236 1780 1317 1823 est
1371 1772 1522 1823 vobis
1558 1772 1948 1839 quzcrentibus,
1983 1782 2039 1823 ut
2069 1772 2313 1825 discatis.

2426 1772 2693 1839 μαθηταῖς
2726 1766 3190 1847 τὴν-παραϐολὴν,
3225 1766 3388 1831 φησὶν
3418 1762 3446 1813 6
3475 1761 3697 1830 Κύριος·
3732 1758 3893 1826 Ὑμῖν
3924 1756 4008 1857 δέ-

738 1878 759 1913 (
798 1860 984 1914 Omnis
1016 1862 1155 1915 enim
1191 1864 1278 1931 qui
1320 1864 1470 1931 petit,
1517 1864 1711 1931 accipit
1745 1863 1825 1916 ”.
1860 1882 1876 1914 ι
1909 1862 2150 1933 Reliquis
2186 1879 2312 1917 vero
2348 1847 2375 1859 -

2421 1863 2569 1915 δοται
2600 1862 2804 1928 γνῶναι
2838 1860 2905 1912 τὰ
2953 1859 3227 1926 μυστήρια
3274 1857 3373 1925 τῆς
3404 1851 3681 1923 βασιλείας
3716 1848 3809 1901 τοῦ
3844 1847 4005 1906 Θεοῦ.

731 1953 822 2022 qui
856 1955 1207 2007 sacramentis
1255 1956 1455 2018 indigni
1520 1965 1662 2018 sunt,
1701 1955 1929 2008 obscure
1967 1956 2237 2018 dicuntur,
2263 1963 2315 2007 et
2372 2025 2375 2029 Α

2413 1954 2710 2013 τουτέστιν,
2750 1953 2879 2020 ὑμῖν
2904 1952 3023 2010 -τοῖς
3073 1947 3296 2016 ζητοῦσι
3346 1945 3558 2013 μαθεῖν.
3600 1961 3619 1993 ι
3665 1942 3781 2003 Πᾶς
3835 1940 3943 2008 γὰρ
3976 1941 4004 1992 6

730 2046 1036 2099 existimant
1083 2047 1298 2113 quidem
1350 2061 1405 2099 se
1464 2046 1667 2107 videre,
1722 2047 1813 2100 sed
1848 2063 1954 2099 non
1987 2047 2169 2099 vident
2213 2056 2316 2101 :et
2372 2028 2375 2029 ν

2416 2047 2602 2109 αἰτῶν,
2650 2045 2954 2114 λαμϐάνει·
2996 2061 3010 2090 1
3051 2042 3162 2101 τοῖς
3208 2040 3262 2090 δὲ
3296 2038 3505 2099 λοιποῖς
3538 2037 3648 2097 τοῖς
3704 2032 3778 2103 μὴ
3835 2028 4006 2095 ἀξίοις

732 2135 957 2188 audiunt
990 2136 1229 2203 quidem,
1276 2137 1369 2189 sed
1416 2151 1517 2187 non
1571 2136 1902 2205 intelligunt,
1938 2147 2100 2204 atque
2126 2136 2227 2190 hoc
2260 2137 2311 2189 in

2415 2136 2535 2193 οὖσι
2586 2137 2693 2190 τῶν
2749 2134 3087 2205 μυστηρίων,
3143 2130 3432 2190 σκοτεινῶς
3472 2129 3747 2194 λέγονται,
3793 2122 4005 2173 καὶ-δο-

730 2223 942 2277 illorunt
1016 2225 1235 2278 bonum.
1302 2224 1377 2278 Ne
1436 2226 1577 2278 enim
1656 2228 1826 2295 magis
1879 2226 2309 2279 condemnentur

728 2317 870 2385 quod
929 2318 1139 2387 cognita
1186 2319 1441 2387 mysteria
1503 2322 1825 2386 spreveriut,
1858 2320 1976 2373 ideo
2010 2320 2077 2371 ab
2110 2319 2211 2372 illis
2248 2334 2308 2371 ea

726 2406 970 2461 Christus
1004 2409 1303 2462 abscondit.
1362 2409 1462 2474 Qui
1500 2412 1640 2462 enim
1677 2413 1944 2478 cognoscit
1973 2418 2024 2462 et
2057 2420 2303 2463 content-

725 2498 824 2560 nit,
853 2501 1093 2568 graviora
1132 2510 1368 2554 meretur
1390 2502 1672 2577 supplicia.

2415 2229 2567 2280 κοῦσι
2622 2227 2717 2296 μὲν
2750 2225 2987 2293 βλέπειν,
3031 2223 3090 2273 o6
3138 2220 3393 2289 βλέπουσι
3446 2217 3502 2269 δέ
3537 2234 3551 2247 ·
3595 2215 3691 2267 καὶ
3742 2212 4002 2266 ἀκούουσι

2420 2322 2541 2388 μὲν,
2578 2321 2638 2371 οὑ
2692 2315 2936 2369 συνιοῦσι
2967 2315 3050 2377 δὲ,
3091 2316 3186 2365 καὶ
3217 2312 3373 2364 τοῦτο
3409 2312 3487 2371 είς
3536 2306 3860 2377 εὐεργεσίαν
3908 2304 4001 2356 αὖ·

2410 2407 2538 2459 τῶν.
2568 2407 2683 2458 Ἰνα
2732 2407 2840 2474 γὰρ
2884 2405 2961 2472 μὴ
3006 2403 3163 2454 πλέον
3204 2399 3633 2469 κατακριθῶσιν,
3661 2398 3737 2457 ὡς
3769 2396 3909 2465 μετὰ
3945 2394 4000 2444 τλι

2412 2497 2616 2564 γνῶναι
2648 2497 2716 2549 τὰ
2769 2496 3043 2564 μυστήρια
3073 2492 3590 2561 καταφρονήσαντες
3620 2488 3824 2549 αὐτῶν,
3874 2484 3998 2537 τού-

724 2609 816 2643 του
853 2593 1036 2645 ἕνεκεν
1078 2592 1398 2663 ἀπέκρυψεν
1430 2596 1457 2645 6
1505 2594 1736 2662 Χριστὸς
1777 2593 1870 2646 ἀπ’
1896 2593 2078 2645 αὐτῶν
2106 2592 2297 2645 ταῦτα.
2351 2590 2409 2643 Ὀ
2470 2591 2575 2662 γὰρ
2610 2590 2794 2657 γνοὺς,
2866 2584 2985 2640 εἶτα
3032 2586 3475 2659 καταφρονήσας,
3511 2582 3819 2651 βαρυτέρας
3852 2580 3999 2644 ἄξιος

724 2702 1015 2755 τιμωριας.

799 2779 959 2834 Vsus.
994 2780 1179 2834 ll—l5.
1222 2798 1237 2828 ι
1288 2778 1383 2833 Est
1416 2790 1593 2832 autem
1627 2780 1741 2833 haec
1772 2780 2020 2848 parabola
2051 2800 2063 2833 ι
2111 2780 2305 2832 Semen

723 2884 805 2930 est
839 2888 1016 2929 sermo
1069 2873 1179 2925 Dei.
1218 2870 1317 2937 Qui
1355 2882 1533 2926 autem
1576 2871 1727 2938 juxta
1764 2872 1926 2935 viam,
1965 2873 2017 2926 hi
2044 2881 2171 2940 sunt
2211 2872 2308 2941 qui

724 2968 955 3021 audiunt
1008 2986 1020 3018 :
1066 2966 1258 3019 deinde
1304 2967 1447 3017 venit
1481 2963 1722 3016 diabolus
1744 2972 1794 3016 et
1829 2962 1965 3016 tollit
1997 2978 2305 3017 sermonem

728 3060 795 3111 de
853 3057 1014 3110 corde
1048 3072 1253 3119 eorum,
1296 3070 1363 3109 ne
1392 3054 1676 3109 credentes
1718 3062 2023 3108 serventur.
2050 3054 2185 3107 Nam
2214 3056 2306 3124 qui

728 3163 889 3217 super
956 3158 1189 3218 petram,
1250 3150 1301 3201 hi
1356 3159 1480 3201 sunt
1532 3148 1621 3217 qui
1684 3162 1803 3202 cum
1854 3147 2145 3214 audierint,
2179 3164 2375 3241 cumC

725 3242 920 3309 gaudio
967 3242 1265 3308 suscipiunt
1297 3256 1625 3307 sermOnem,
1661 3250 1715 3295 et
1744 3241 1799 3295 hi
1831 3242 2039 3296 radices
2067 3257 2181 3302 non
2206 3241 2304 3294 ha-

727 3334 873 3394 bent,
904 3334 990 3401 qui
1035 3334 1099 3385 ad
1154 3342 1361 3401 tempus
1388 3333 1639 3395 credunt,
1666 3342 1720 3386 et
1760 3334 1813 3387 in
1848 3344 2087 3402 tempore
2125 3344 2303 3388 tenta-

725 3424 888 3476 tionis
939 3424 1212 3477 recedunt.
1271 3422 1421 3488 Quod
1474 3435 1653 3478 autem
1684 3425 1736 3478 ir
1772 3426 1960 3492 spinas
1991 3425 2209 3487 cecidit,
2251 3426 2303 3479 hi

725 3523 849 3567 sunt
886 3516 974 3580 qui
1029 3514 1333 3578 audierunt,
1372 3522 1425 3567 et
1476 3530 1505 3564 a
1538 3513 1999 3570 sollicitudinibus
2023 3524 2075 3569 et
2105 3515 2306 3571 divitiis

724 3620 785 3657 ac
816 3605 1173 3673 voluptatibus
1205 3607 1321 3658 Viue
1368 3616 1576 3667 euntes.
1608 3607 1963 3672 suﬂocantur,
2008 3608 2172 3679 325
2208 3625 2307 3664 nec

725 3693 966 3748 referunt
996 3694 1253 3748 fructum.
1287 3695 1438 3760 Quod
1470 3705 1651 3751 autem
1683 3697 1738 3751 in
1775 3698 1972 3751 bonam
2004 3707 2223 3764 terram,
2250 3699 2304 3753 hi

724 3793 853 3838 sunt
887 3786 973 3851 qui
1034 3786 1085 3837 in
1134 3786 1297 3839 corde
1334 3786 1562 3841 honesto
1595 3802 1660 3841 ac
1684 3790 1846 3854 bono,
1879 3790 2162 3844 audientes
2194 3806 2309 3845 ser-

726 3891 935 3929 monem
996 3876 1246 3941 retinent,
1300 3886 1353 3931 et
1379 3872 1612 3933 fructum
1672 3878 1902 3933 aderunt
1954 3895 2050 3948 per
2091 3882 2305 3950 patien-

725 3966 871 4020 tiam.
912 3985 930 4017 ›
984 3967 1117 4020 Tres
1170 3968 1257 4021 hic
1296 3969 1515 4023 ordines
1544 3984 1731 4024 eorum
1764 3979 1889 4025 sunt
1917 3971 2009 4041 qui
2044 3986 2148 4025 non
2186 3984 2305 4027 ser-

726 4068 941 4111 vantur.
994 4056 1127 4111 Nam
1176 4058 1228 4111 hi
1269 4059 1358 4127 qui
1391 4074 1553 4114 secus
1590 4061 1751 4126 viam,
1783 4062 2098 4130 neutiquam
2135 4064 2306 4117 susci-

724 4150 877 4217 piunt
939 4163 1294 4215 sermonem;
1351 4149 1490 4203 sicut
1542 4151 1687 4203 enim
1750 4151 1834 4203 via
1905 4153 2218 4207 conculcata
2254 4164 2307 4209 et

725 4242 1020 4309 constipata
1074 4254 1260 4293 semen
1305 4255 1410 4293 non
1447 4241 1693 4308 suscipit,
1739 4257 1806 4297 eo
1828 4244 1973 4312 quod
2027 4245 2161 4299 dura
2213 4248 2303 4311 sit,

724 4330 792 4383 ita
833 4341 887 4384 et
944 4329 1194 4384 obdurati
1247 4332 1407 4384 corde
1466 4344 1772 4386 sermonem
1830 4348 1933 4387 non
2003 4336 2308 4405 suscipiunt

724 4420 879 4475 etiam
944 4422 1223 4477 audientes
1256 4438 1270 4475 :
1300 4438 1403 4476 non
1438 4422 1726 4478 attendunt
1777 4426 1955 4481 enim..
1986 4428 2171 4497 Atqui
2214 4443 2309 4497 per

2489 2790 2506 2821 ι
2554 2772 2711 2822 Ἐστι
2760 2769 2815 2820 δὲ
2870 2766 3007 2835 αὕτη
3042 2765 3074 2834 ή
3126 2762 3429 2833 πῖραϐολὴ,
3471 2762 3532 2814 '0
3562 2760 3764 2827 σπόρος
3794 2760 3944 2811 ἐστὶν
3972 2762 3998 2811 6

2410 2863 2568 2928 λόγος
2600 2858 2692 2911 τοῦ
2721 2856 2879 2911 Θεοῦ.
2919 2856 2981 2907 Οἱ
3015 2853 3071 2907 δὲ
3104 2853 3255 2922 παρὰ
3286 2851 3384 2922 τὴν
3413 2853 3555 2914 666v,
3585 2853 3723 2904 εἰσὶν
3753 2853 3801 2904 oi
3835 2850 3995 2904 ἀκού-

2408 2967 2576 3012 οντες,
2628 2945 2749 3001 εἶτα
2798 2946 3019 3017 ἔρχεται
3050 2946 3077 2996 6
3128 2936 3374 3005 διάϐολος
3408 2943 3502 2995 καὶ
3534 2942 3679 3014 αἴρει
3719 2944 3811 2997 τὸν
3844 2944 3997 3012 λόγον

2407 3042 2516 3095 ἀπὸ
2564 3043 2659 3109 τῆς
2714 3038 2942 3109 καρδίας
2976 3037 3175 3103 αὐτῶν,
3216 3035 3302 3090 ἰίνα
3347 3036 3421 3106 μὴ
3458 3038 3851 3099 πιστεύσαντες
3891 3056 3996 3091 σω-

2409 3135 2592 3191 ϐῶσιν.
2655 3135 2717 3188 Οἱ
2770 3132 2827 3186 δὲ
2893 3132 2985 3185 ἰπὶ
3035 3131 3134 3201 τῆς
3171 3131 3397 3201 πέτρας,
3429 3130 3477 3182 οἱ
3527 3131 3655 3181 ὅταν
3697 3129 3995 3193 ἀκούσωσι,

2412 3230 2551 3300 μετὰ
2585 3230 2758 3298 χαρᾶς
2785 3226 3033 3297 δέχονται
3067 3224 3156 3277 τὸν
3185 3223 3365 3290 λόγον,
3400 3223 3493 3273 καὶ
3524 3215 3671 3276 οὗτοι
3700 3221 3860 3291 ῥίζαν
3901 3227 3998 3275 οὐκ

2408 3322 2643 3392 ἔχουσιν,
2681 3320 2730 3371 οἳ
2764 3318 2900 3389 πρὸς
2952 3317 3145 3387 καιρδν
3181 3317 3519 3377 πιστεύωσι,
3567 3316 3660 3368 καὶ
3708 3317 3766 3368 ἐν
3819 3315 3998 3386 καιρῷ
4100 3368 4103 3375 η

2410 3411 2714 3481 πειρασμοῦ
2740 3410 3087 3479 ἀφίστανται.
3115 3409 3188 3461 T6
3213 3408 3269 3461 δὲ
3304 3408 3382 3470 είς
3416 3406 3513 3468 τὰς
3537 3406 3781 3469 ἀκάνθας
3806 3409 3995 3471 πεσὸν,
4026 3452 4033 3457 .

2408 3497 2554 3557 οὗτοί
2605 3505 2742 3556 εἰσιν
2787 3502 2836 3554 oi
2884 3500 3240 3564 ἀκούσαντες,
3298 3502 3391 3551 καὶ
3442 3499 3546 3552 61:6
3585 3502 3873 3569 μεριμνῶν
3907 3505 3997 3555 καὶ

2408 3596 2641 3649 πλούτου
2694 3595 2787 3647 καὶ
2819 3593 3024 3664 ήδονῶν
3061 3590 3153 3644 τοῦ
3205 3592 3321 3661 βίου
3361 3591 3719 3661 πορευόμενοι
3756 3594 3997 3659 συμπνίο

2409 3704 2618 3755 γονται,
2665 3688 2761 3739 καὶ
2791 3688 2851 3739 οὐ
2894 3685 3303 3759 τελεσφοροῦσι.
3337 3688 3410 3741 T6
3452 3687 3508 3740 δὲ
3541 3689 3598 3740 εν
3629 3691 3695 3757 τῇ
3731 3688 3872 3759 καλῇ
3904 3692 3997 3761 γῇ.

2407 3774 2554 3833 οὗτοί
2608 3781 2746 3832 εἰσιν
2805 3780 3000 3844 οἵτινες
3065 3783 3122 3833 ὲν
3178 3781 3378 3852 καρδία
3430 3781 3567 3850 καλῇ
3637 3781 3735 3833 καὶ
3793 3782 3997 3852 ἀγαθῇ,

2409 3868 2745 3932 ἀκούσαντες
2773 3870 2865 3922 τὸν
2897 3869 3077 3937 λόγον,
3111 3871 3403 3941 κατέχουσι
3426 3873 3520 3927 καὶ
3553 3874 4001 3943 καρπφοροίσιν

2407 3966 2466 4016 ὲν
2500 3964 2766 4032 ὑπομονῇ.
2806 3982 2824 4014 ι
2874 3964 3037 4033 Τρεῖς
3064 3964 3244 4030 τάξεις
3276 3965 3382 4018 sict
3424 3965 3533 4019 τῶν
3565 3966 3639 4036 μὴ
3673 3966 4001 4034 σωζομένων

2410 4053 2663 4110 ἐνταῦθα.
2704 4056 2767 4107 Οἱ
2820 4055 2917 4125 μὲν
2945 4056 3055 4126 γὰρ
3103 4056 3254 4127 παρὰ
3286 4058 3385 4127 τὴν
3439 4058 3578 4123 ὁδὸν,
3619 4060 3668 4112 oi
3702 4060 3832 4128 μηδ’
3864 4059 4001 4121 ὅλως

2410 4147 2843 4219 παραδεξάμενοι
2875 4148 2967 4202 τὸν
2996 4150 3177 4217 λόγον.
3212 4151 3424 4221 Ὠσπερ
3456 4153 3565 4222 γὰρ
3602 4154 3629 4222 ἡ
3657 4154 3796 4216 ίδὶς,
3831 4172 4001 4207 κατα-

2408 4242 2769 4313 πεπατημένη
2829 4245 2925 4295 καὶ
2996 4244 3463 4314 συμπεπιλημένη
3522 4247 3585 4298 οὐ
3639 4246 3855 4316 δέχεται
3910 4249 4001 4301 τὸν

2409 4334 2631 4403 σπόρον,
2666 4334 2741 4397 ὡς
2773 4330 3166 4408 πληρὰρῦσα,
3202 4333 3345 4389 οὕτω
3372 4337 3467 4389 καὶ
3496 4337 3546 4389 oi
3574 4337 3999 4408 σκληροκάρδιοι

2406 4401 2680 4488 οὐδ’-ὅλως
2710 4401 3103 4496 παραδέχονται
3138 4427 3230 4479 τὸν
3269 4426 3450 4497 λόγον,
3483 4428 3588 4484 κᾶν
3617 4401 3879 4495 ἀκουωσι,
3925 4434 3998 4502 μὴ

724 4522 929 4579 petram
981 4514 1373 4584 intelliguntur,
1435 4516 1735 4584 suscipiunt
1774 4518 2012 4585 quidem,
2050 4520 2144 4573 sed
2196 4535 2303 4588 pra:
2335 4525 2375 4584 ι]

2410 4518 2787 4589 προσέχοντες.
2840 4518 2905 4571 Ol
2954 4518 3010 4571 δὲ
3046 4519 3201 4591 παρὰ
3228 4520 3327 4589 τὴν
3366 4522 3596 4593 πέτραν,
3633 4524 3681 4575 οἱ
3711 4524 3998 4594 δεξάμενοι

724 4604 1036 4658 inﬁrmitate
1088 4605 1317 4658 humana
1372 4605 1423 4659 in
1490 4610 1877 4662 leutationibus
1934 4622 2299 4667 marcescunt.

725 4692 890 4748 Tertii
920 4705 1042 4749 sum
1072 4697 1161 4767 qni
1197 4713 1317 4751 cum
1354 4698 1679 4752 audiverunt
1705 4709 1759 4753 et
1788 4711 2161 4769 susceperunt,
2191 4717 2302 4772 pra

725 4786 867 4840 curis
920 4788 1039 4839 vita:
1098 4774 1256 4858 hujus
1308 4788 1665 4845 sull'ocantur.
1718 4789 1893 4860 lgitur
1943 4801 2051 4847 tres
2082 4794 2297 4863 quidem

724 4890 903 4949 partes
959 4895 1145 4935 eorum
1198 4892 1322 4936 sunt
1357 4884 1448 4951 qui
1484 4894 1728 4951 pereunt,
1769 4898 1872 4937 una
1902 4897 2081 4939 autem
2115 4900 2299 4941 eorum

723 4970 809 5039 qui
870 4970 1171 5025 salvantur.
1228 4972 1302 5024 lta
1356 4974 1511 5042 pauci
1545 4974 1758 5043 quidem
1792 4984 1917 5029 sunt
1952 4976 2045 5046 qui
2083 4991 2306 5032 servan-

720 5071 824 5127 tur,
878 5063 1063 5132 plures
1112 5073 1291 5117 autem
1336 5066 1426 5133 qui
1475 5077 1721 5133 pereunt.
1773 5065 1903 5121 Vide
1928 5068 2055 5121 item
2085 5084 2205 5123 cum
2242 5069 2309 5123 de

721 5154 807 5207 his
858 5156 949 5224 qui
1002 5154 1357 5218 suﬂ‘ocantnr,
1408 5157 1666 5226 loquitur,
1709 5162 1978 5226 quomodo
2014 5176 2121 5214 nun
2156 5160 2303 5226 dicit,

728 5248 868 5315 quod
925 5262 1031 5313 pne
1086 5248 1289 5302 divitiis
1349 5248 1702 5314 suti‘ocentur,
1726 5254 1818 5306 sed
1852 5268 1958 5319 pra:
1984 5255 2132 5307 curis
2168 5254 2307 5308 divi-

725 5340 918 5391 tiarum
949 5347 1005 5391 et
1033 5340 1510 5396 sollicitudinibus.
1543 5341 1658 5396 Non
1683 5344 1824 5397 enim
1853 5345 2052 5400 divitia
2083 5358 2300 5415 nocent,

717 5430 809 5483 sed
852 5430 1245 5485 sollicitudines
1291 5448 1504 5486 earum.
1544 5434 1690 5487 Multi
1738 5437 1880 5490 enim
1928 5454 2118 5507 magna
2144 5453 2299 5494 com-

718 5525 874 5579 moda
908 5540 969 5578 ex
1004 5524 1208 5578 divitiis
1244 5526 1566 5595 percipiunt,
1598 5528 1717 5582 iHas
1746 5529 1796 5582 in
1828 5545 2121 5599 pauperum
2170 5548 2299 5588 ven-

724 5630 827 5671 tres
881 5616 1249 5684 projicicntes.
1305 5619 1597 5677 Considera
1638 5635 1850 5691 quoque
1880 5633 1931 5678 et
1962 5624 2295 5695 diligentiam

794 5795 834 5827 ⁸⁸
860 5798 1043 5853 .‘la'llt.
1080 5819 1093 5846 \
1112 5819 1166 5859 ιι.
1206 5803 1235 5847 5“

2407 4609 2528 4677 μὲν,
2557 4606 2677 4665 εἶτα
2712 4612 2816 4665 61:6
2838 4610 3124 4677 ἀσθενείας
3152 4610 3503 4687 ἀνθρώπίνης
3531 4618 3641 4679 τοῖς
3665 4623 4000 4688 πειρασμοῖς

2405 4700 2965 4769 ὺπομαλακισθίντες.
3017 4703 3205 4774 Τρίτοι
3254 4705 3333 4771 δὲ,
3389 4707 3441 4759 οῑ
3488 4706 3850 4771 ἀκούσαντες,
3905 4712 3999 4763 καὶ

2403 4791 2509 4843 61:6
2544 4792 2823 4863 μεριμνῶν
2869 4794 2963 4848 τοῦ
3001 4794 3119 4866 βίου
3169 4799 3623 4869 συμπνιγόμενοι.
3677 4802 3843 4873 Τρεῖς
3894 4804 3993 4873 μὲν

2404 4882 2495 4935 οὖν
2530 4884 2749 4954 μερίδες
2776 4888 2881 4940 εἶσὶ
2922 4889 3031 4942 τῶν
3089 4890 3508 4962 ἀπολλυμένων.
3562 4895 3663 4964 μία
3701 4895 3758 4948 δὲ
3804 4898 3839 4967 ἡ
3890 4898 3997 4951 τῶν

2408 4974 2767 5046 σωζομένωνο
2818 4979 2993 5044 οὕτως
3043 4982 3217 5052 ὀλίγοι
3268 4984 3370 5055 μέν
3407 4987 3544 5040 εῑσιν
3588 4988 3639 5040 oi
3670 4988 3995 5057 σωζόμενοι,

2407 5067 2623 5133 πλείους
2652 5070 2706 5123 δὲ
2729 5073 2779 5125 oi
2812 5072 3195 5145 ἀπολλύμενοι.
3232 5076 3380 5145 Ὅρα
3410 5079 3467 5133 δι
3497 5080 3589 5134 ἐπὶ
3625 5081 3733 5134 τῶν
3759 5099 3997 5151 συμπνι-

2405 5162 2673 5229 γομένων,
2725 5166 2843 5229 πῶς
2869 5168 2969 5221 οὐκ
3021 5163 3173 5224 εἶπεν
3203 5173 3285 5225 δτι
3320 5173 3427 5225 61:6
3453 5173 3548 5227 τοῦ
3589 5175 3825 5230 πλούτου
3855 5194 3918 5230 συ
3929 5196 3994 5246 μ-

2404 5254 2710 5323 πνὶγονται,
2748 5258 2864 5310 ἀλλ’
2893 5259 2999 5313 61:6
3031 5261 3140 5315 τῶν
3178 5264 3462 5333 μεριμνῶν
3492 5265 3587 5318 τοῦ
3631 5266 3890 5321 πλούτου.
3922 5268 3994 5321 Οὐ

2406 5347 2515 5417 γὰρ
2568 5348 2597 5399 6
2650 5349 2881 5415 πλοῦτος
2930 5351 3180 5422 βλάπτει,
3216 5352 3334 5406 ἀλλ’
3364 5356 3421 5408 αῑ
3475 5356 3739 5425 μέριμναι
3780 5360 3993 5413 τούτου.

2408 5440 2565 5495 Ἐπεὶ
2592 5443 2777 5495 πολλοὶ
2804 5443 2910 5498 ὑπὸ
2932 5443 3028 5499 τοῦ
3061 5444 3293 5499 πλούτου
3316 5445 3708 5518 ὠφελήθησαν,
3739 5449 3994 5519 ῥίψαντες

2408 5529 2567 5583 αὐτὸν
2602 5534 2681 5596 είς
2712 5533 2810 5597 τὰς
2836 5534 2947 5588 τῶν
2973 5536 3221 5606 πενήτων
3252 5536 3548 5605 γαστέρας.
3581 5538 3784 5592 Σκόπει
3815 5540 3870 5592 δὲ
3907 5558 3991 5608 μοι

2407 5622 2498 5675 καὶ
2530 5622 2630 5695 τὴν
2657 5624 2942 5696 ἀκρίϐειαν
2982 5624 3073 5681 τοῦ
3113 5626 3527 5698 εὐαγγελιστοῦ,
3564 5630 3681 5695 πῶς
3728 5632 3833 5701 ἔφη
3866 5636 3989 5705 περὶ
