4256 6432
261 404 366 467 801

261 517 374 570 τῶν
428 514 775 584 σωζομένων,
824 512 1022 578 οἵτινες

261 694 422 752 Οὗτοι
457 700 564 769 γάρ
596 698 657 749 οὑ
698 696 1014 768 κατέχουσι,
1059 697 1174 749 ἀλλ’
1201 698 1346 768 αῐρει
1381 697 1472 749 τὸν
1494 699 1653 764 λόγον
1683 701 1709 751 ό
1739 698 1852 750 διά-

259 789 417 852 ϐολος
439 792 534 843 ἀπ’
553 789 754 842 αὐτῶν·
774 791 836 842 τὸ
860 789 938 852 δὲ,
965 791 1428 860 καρποφοροῦσιν,
1457 788 1579 843 εἶπε
1610 791 1699 845 διὰ
1725 791 1850 853 τοὺς

247 882 759 954 ,συμπνιγομένους,
808 884 903 936 καὶ
954 882 1028 952 μὴ
1068 883 1564 954 ,τελεσφοροῦντας.
1619 885 1850 937 Ἐκεῖνοι

256 975 368 1044 γὰρ
407 973 466 1025 οὑ
498 972 966 1044 καρποφοροῦσιν,
999 976 1047 1027 οι
1081 975 1157 1044 μὴ
1186 975 1638 1045 τελεσφοροῦντες
1681 975 1844 1043 λέγω.

257 1065 334 1118 Τὸ
361 1065 438 1128 δὲ,
471 1065 530 1117 ἰν
559 1064 830 1133 ὑπομονῇ,
864 1059 985 1116 εἷπε
1021 1065 1111 1117 διὰ
1140 1066 1267 1128 τοὺς
1288 1067 1382 1119 επὶ
1409 1065 1512 1134 τῆς
1545 1065 1772 1136 πέτρας,
1798 1067 1848 1119 οἳ

253 1156 502 1226 δέχονται
544 1158 644 1224 μὲν
667 1157 757 1208 τὸν
792 1157 967 1224 λόγον,
1005 1157 1102 1226 οὑχ
1151 1158 1518 1227 ὑπομένοντες
1565 1159 1621 1211 δὲ
1653 1177 1848 1228 πειρα-

255 1248 398 1317 σμοῦ
436 1249 646 1315 ἔφοδον,
693 1248 944 1318 ἀδόκιμοι
981 1249 1283 1316 φαίνονται.
1337 1251 1503 1321 Ὁρᾷς
1548 1251 1668 1313 πῶς
1721 1247 1844 1304 εἷπε

253 1341 384 1409 περὶ
429 1340 539 1390 τῶν
572 1341 898 1409 σωζομένων
937 1341 1018 1405 τὺ,
1052 1342 1365 1411 κατέχουσι,
1402 1345 1492 1395 καὶ
1522 1343 1602 1406 τὸ,
1635 1361 1846 1414 καρπο-

250 1430 504 1497 φοροῦσι,
539 1432 632 1483 καὶ
656 1432 737 1496 τὸ,
771 1431 1042 1504 ὑπομονῇ,
1069 1435 1164 1486 καὶ
1192 1434 1279 1488 διὰ
1305 1435 1516 1487 τούτων
1538 1435 1647 1488 τῶν
1674 1437 1842 1506 τριῶν

249 1523 622 1575 άποδιέστειλε
680 1525 876 1587 αὐτοὺς
933 1525 1043 1577 ἀπὸ
1079 1525 1188 1578 τῶν
1225 1527 1301 1596 μὴ
1352 1528 1713 1596 κατεχόντων,
1747 1529 1830 1580 οῖ-

247 1615 395 1676 τινές
427 1617 565 1667 εἰσιν
600 1616 648 1667 oi
682 1617 835 1683 παρὰ
864 1615 961 1686 τὴν
993 1617 1110 1670 ὀδόν
1140 1619 1239 1687 (5).
1289 1619 1420 1670 ’Δπὸ
1447 1619 1557 1670 τῶν
1591 1619 1666 1689 μὴ
1711 1621 1844 1672 ὑπο-

250 1709 524 1775 μενόντων
554 1709 864 1778 πειρασμοῦ
893 1709 1105 1777 έφοδον,
1139 1711 1337 1775 οἵτινές
1372 1714 1509 1764 εἰσιν
1536 1713 1584 1763 οἱ
1619 1715 1676 1764 ὲν
1721 1715 1839 1773 ταῖς

247 1799 534 1863 ἀκάνθαις.
598 1802 730 1854 ’Δπδ
784 1801 892 1854 τῶν
951 1802 1026 1871 μὴ
1083 1803 1466 1872 ὑπομενόντων
1524 1804 1835 1874 πειρασμοῦ

246 1890 456 1959 ἔφοδον,
487 1891 686 1953 οἵτινές
708 1895 845 1944 εἰσιν
875 1893 923 1945 οἱ
959 1894 1050 1946 ἐπὶ
1083 1893 1184 1963 τῆς
1217 1896 1444 1964 πέτρας.

324 2200 341 2231 ι
388 2182 575 2245 Οὐδεὶς
600 2182 654 2236 δὲ
687 2183 880 2253 λύχνον
910 2183 1073 2253 ἅψας,
1102 2183 1369 2237 καλύπτει
1409 2183 1574 2236 αὑτὸν
1623 2183 1831 2248 σκεύει,

239 2275 274 2344 ἢ
305 2274 564 2328 ὑποκάτω
599 2275 784 2344 κλίνης
842 2275 1080 2346 τίθησιν,
1125 2275 1241 2328 ἁλλ’
1273 2276 1367 2327 ἐπὶ
1408 2275 1628 2344 λυχνίας
1663 2275 1838 2328 ἐπιτί-

240 2365 424 2435 θησιν,
460 2367 547 2420 ἵνα
596 2369 644 2419 ot
695 2369 1141 2439 εἰσπορευόμενοι
1189 2367 1429 2437 βλέπωσι
1478 2367 1538 2420 τὸ
1588 2368 1724 2436 φῶς.
1761 2367 1836 2420 Οὑ

238 2459 350 2529 γάρ
404 2461 518 2511 ἐστι
544 2521 546 2523 γ
573 2461 832 2529 κρυπτὸν,
886 2457 917 2512 δ
965 2460 1024 2511 οὑ
1060 2459 1297 2530 φανερὸν
1344 2462 1676 2529 γενήσεται,
1717 2458 1838 2510 οὐδὲ

237 2552 560 2624 ἀπόκρυφον
588 2553 616 2604 ὃ
642 2554 702 2605 οὑ
739 2553 1139 2623 γνωσθήσεται,
1178 2555 1273 2606 καὶ
1303 2554 1381 2614 είς
1415 2551 1650 2622 φανερὸν
1685 2551 1834 2622 ἔλθῃ.

237 2646 478 2698 Βλέπετε
519 2644 613 2696 οὖν
666 2645 783 2708 πῶς
822 2645 1073 2699 ἀκούετε.
1109 2647 1207 2709 Ὃς
1264 2648 1374 2715 γάρ
1406 2645 1474 2698 ἂν
1517 2644 1637 2718 ἔχῃ,
1677 2644 1837 2716 δοθή-

237 2753 393 2789 σεται
429 2737 580 2806 αὑτῷ
604 2753 618 2766 ·
656 2737 750 2788 καὶ
784 2737 840 2799 ὃς
887 2737 952 2789 ἂν
987 2736 1062 2807 μὴ
1113 2737 1234 2810 ἔχῃ,
1273 2739 1366 2790 καὶ
1404 2738 1432 2790 ὃ
1478 2737 1629 2790 δοκεῖ
1667 2737 1834 2808 ἔχειν,

236 2829 540 2902 ἀρθήσεται
566 2831 661 2883 ἀπ’
689 2828 879 2884 αὑτοῦ.
917 2831 1118 2900 Ἀλλης
1150 2831 1503 2895 διδασκιλὶας
1557 2831 1702 2901 ἀρχὴ
1751 2831 1839 2883 ὲν-

235 2923 431 2979 ταῦθα.
462 2925 603 2994 Πρδς
629 2924 700 2991 γὰ
712 2940 744 2994 ρ
767 2925 893 2987 τοὺς
924 2923 1174 2994 μαθητὰς
1206 2927 1630 2994 ἀποτεινόμενος
1661 2923 1838 2978 ταῦτα

234 3016 410 3083 λέγει,
461 3018 542 3080 είς
577 3017 866 3084 ἀκρίϐειαν
919 3016 1035 3085 βίου
1069 3017 1277 3082 ὲνάγων
1310 3017 1530 3088 ἀὑτοὺς
1575 3018 1670 3071 καὶ
1705 3035 1832 3070 παι-

231 3106 409 3160 δεύων
429 3108 758 3174 ἐναγωνίους
788 3101 947 3168 εἶναι,
983 3105 1058 3169 ὠς
1093 3107 1242 3177 παρᾶ
1279 3107 1499 3161 πάντων
1530 3107 1831 3178 βλέπεσθαι

921 405 1370 466 ENARRATIO
1411 404 1492 466 IN
1532 407 2034 467 EVANGEIJUIVI
2082 410 2316 470 LUCIE.
2361 436 2428 447 —
2462 412 2626 473 CAP.
2671 412 2839 474 Vill.

3452 419 3565 485 802

1115 515 1454 579 ἀκούσαντες
1525 517 1621 570 τὸν
1672 517 1830 581 λόγον

1961 523 2328 588 cvangelistm,
2360 524 2631 591 quomodo
2663 523 2857 577 dixerit
2892 526 2956 578 de
3006 524 3089 579 his
3137 525 3224 591 qui
3261 525 3562 584 salvantur.

262 607 577 676 κατέχουσι.
611 603 783 657 Τοῦτο
812 606 922 674 γὰρ
951 601 1076 657 εἷπε
1123 606 1211 659 διὰ
1240 607 1366 669 τοὺς
1401 607 1552 676 παρά
1585 606 1685 677 τὴν
1709 607 1848 660 ὀδόν.
1868 636 1884 652 ο

1964 614 2107 678 quod
2136 615 2377 667 auditum
2424 629 2731 669 sermonem
2781 617 3070 669 retineant.
3105 616 3215 670 Hoc
3242 619 3386 672 enim
3431 621 3569 675 dixit

1904 748 1920 756 -
1961 715 2188 774 propter
2244 721 2338 760 eos
2390 708 2482 775 qui
2536 723 2631 774 per
2663 709 2800 760 \iam
2851 709 3246 776 intelliguntur.
3302 711 3363 763 Hi
3416 712 3562 765 enim

1958 810 2068 850 non
2129 797 2386 858 retinent.
2423 799 2514 851 sed
2544 800 2790 852 diabolus
2840 801 2979 853 tullit
3010 803 3075 854 ab
3107 805 3184 855 eis
3217 817 3563 869 sermonem;

1955 896 2010 942 et
2065 891 2207 955 quod
2268 887 2505 943 fructum
2562 888 2817 953 aﬂ‘erant,
2872 890 3008 944 dixit
3073 902 3298 960 propter
3347 907 3441 947 eos
3471 894 3566 964 qui

1954 979 2315 1068 sugocantur,
2377 983 2545 1050 etqui
2576 997 2681 1035 non
2720 982 3016 1051 perdurant
3061 999 3234 1052 usque
3280 985 3344 1039 ad
3376 984 3560 1039 ﬂuctu.

1955 1072 2035 1126 Illi
2061 1073 2205 1127 enim
2237 1071 2474 1127 fructum
2507 1089 2616 1128 non
2639 1073 2892 1139 afferunt,
2931 1077 3021 1145 qui
3067 1092 3170 1128 non
3213 1090 3564 1146 perseverant

1952 1181 2122 1235 usque
2175 1165 2242 1220 ad
2309 1166 2490 1222 linem.
2547 1166 2718 1221 Porro
2764 1169 2907 1236 quod
2965 1168 3120 1233 dicit,
3166 1170 3219 1221 in
3278 1171 3560 1236 patientia,

1951 1260 2090 1312 dixit
2143 1270 2366 1330 propter
2392 1276 2486 1314 eos
2529 1261 2620 1330 qui
2667 1272 2833 1328 super
2861 1272 3092 1329 petram,
3129 1264 3220 1330 qui
3253 1258 3564 1330 suscipiunt

1951 1353 2173 1422 quidem
2207 1369 2540 1420 sermonem,
2574 1369 2679 1408 non
2703 1357 2979 1411 sustinent
3021 1366 3200 1408 autem
3241 1356 3562 1409 tentationis

1950 1446 2200 1511 insidias,
2246 1455 2302 1499 et
2351 1445 2778 1513 comprobantur
2825 1447 3064 1516 reprobi.
3094 1447 3258 1501 Vides
3283 1448 3560 1516 quomodo

1955 1538 2152 1592 dixerit
2184 1539 2249 1592 de
2275 1539 2358 1591 his
2391 1539 2480 1607 qui
2518 1539 2818 1606 salvantur,
2855 1541 2997 1608 quod
3031 1540 3318 1605 retineant,
3346 1549 3401 1593 et
3448 1538 3562 1592 fru-

1949 1641 2096 1687 ctum
2132 1632 2359 1698 faciant,
2412 1641 2578 1701 alque
2628 1634 2679 1686 id
2728 1634 2780 1686 iu
2839 1633 3098 1703 patientia
3137 1649 3149 1686 :
3182 1643 3235 1688 et
3287 1649 3384 1703 per
3453 1635 3558 1687 tria

1947 1723 2260 1777 distinxerit
2326 1737 2420 1779 eos
2471 1743 2481 1777 :
2541 1726 2607 1777 ab
2669 1725 2755 1778 his
2797 1725 2888 1791 qui
2948 1741 3053 1777 non
3086 1726 3347 1789 retinent,
3391 1736 3442 1777 et
3505 1724 3559 1777 hi

1948 1828 2073 1869 sunt
2100 1819 2190 1886 qui
2239 1818 2394 1887 juxta
2445 1818 2585 1870 viam
2625 1836 2636 1869 :
2670 1817 2738 1870 ab
2779 1817 2862 1870 his
2895 1817 2985 1886 qui
3024 1817 3262 1874 fructum
3311 1833 3418 1871 non
3478 1815 3560 1868 af-

1875 1878 1919 1936 B
1952 1908 2154 1972 ferunt,
2211 1918 2261 1962 ct
2312 1909 2365 1962 hi
2397 1919 2521 1962 Sttttl
2553 1911 2642 1977 qui
2677 1910 2819 1963 inter
2843 1908 3030 1978 spinas
3064 1928 3078 1962 :
3120 1908 3186 1962 ab
3218 1910 3301 1962 his
3332 1912 3421 1974 qui
3450 1923 3557 1962 non

1951 1999 2228 2054 sustinent
2282 2002 2595 2056 tetitatic-nis
2645 2002 2890 2066 insidias,
2930 2011 2982 2055 et
3017 2002 3068 2055 hi
3100 2011 3226 2057 sunt
3274 2003 3363 2071 qui
3395 2017 3560 2071 super

1948 2102 2182 2159 petram.

2022 2203 2181 2260 Vens.
2219 2207 2410 2261 16-18.
2453 2225 2470 2256 ι
2511 2206 2681 2261 Nemo
2706 2222 2832 2262 vero
2862 2223 2983 2262 cum
3021 2209 3301 2263 lucernam
3354 2222 3554 2261 accen-

1947 2298 2111 2362 derit,
2136 2299 2312 2366 operit
2341 2313 2461 2352 eam
2487 2315 2636 2366 vase,
2672 2310 2761 2352 aut
2787 2299 2975 2355 subter
2997 2300 3196 2355 lectum
3229 2302 3402 2369 ponit,
3459 2303 3554 2354 sed

1945 2404 2113 2458 super
2144 2391 2535 2445 candelabrum
2581 2392 2756 2461 ponit,
2805 2402 2864 2447 ut
2912 2394 3180 2448 intrantes
3211 2395 3429 2448 videant
3470 2395 3553 2447 lu-

1944 2498 2090 2537 men.
2118 2481 2234 2537 Non
2267 2495 2352 2540 est
2385 2484 2529 2537 enim
2558 2485 2856 2551 occultum,
2888 2487 3030 2554 quod
3066 2501 3172 2539 non
3200 2487 3552 2542 manifestum

1942 2579 2013 2630 sit
2052 2575 2296 2630 futurum
2326 2595 2339 2630 ι
2375 2591 2475 2631 nec
2506 2577 2913 2642 absconditum,
2940 2579 3082 2646 quod
3114 2595 3220 2632 non
3253 2581 3325 2633 sit
3349 2594 3553 2650 cogno-

1941 2670 2227 2733 scendum,
2275 2680 2329 2724 et
2374 2672 2426 2724 in
2474 2670 2817 2740 propatulum
2865 2681 3175 2726 venturum.
3206 2671 3398 2727 Videte
3421 2689 3554 2742 ergo

1943 2761 2217 2833 quomodo
2244 2763 2500 2816 audiatis.
2520 2762 2938 2829 Quisquisenim
2967 2763 3153 2826 habet,
3181 2764 3406 2817 dabitur
3437 2766 3542 2818 illi:

1943 2864 1998 2908 et
2059 2853 2375 2923 quicunque
2425 2870 2528 2907 non
2560 2855 2748 2915 habet,
2783 2854 2950 2908 etiam
2986 2857 3132 2926 quod
3164 2867 3319 2926 putat
3357 2873 3415 2911 se
3451 2858 3552 2910 ha-

1945 2946 2096 3011 bere,
2130 2945 2411 2999 auferetur
2437 2946 2503 2999 ab
2537 2964 2624 3000 eo.
2676 2964 2692 2996 ι
2727 2946 2838 3001 lloc
2869 2945 2989 3002 loco
3023 2948 3251 3003 alterius
3289 2949 3553 3004 doctrina:

1943 3038 2158 3092 initium
2184 3047 2290 3093 est.
2329 3039 2409 3093 Ad
2442 3038 2737 3108 discipulos
2769 3040 2914 3092 enim
2949 3056 3260 3094 sermonem
3289 3043 3552 3115 dirigens,

1944 3131 2059 3186 haec
2116 3132 2248 3186 dicit
2297 3132 2559 3186 inducens
2612 3147 2710 3186 eos
2743 3132 2811 3186 ad
2841 3143 3046 3188 sancta:
3077 3134 3200 3188 vita:
3232 3135 3548 3204 diligentem

235 3199 552 3268 μέλλοντας.
598 3198 658 3251 Ὀ
697 3199 807 3269 γὰρ
858 3199 1126 3253 διδάσκων
1177 3200 1272 3253 καὶ
1318 3200 1631 3271 κηρύττων,
1679 3203 1833 3274 παρά

1941 3224 2272 3290 custodiam,
2307 3236 2360 3277 et
2411 3225 2687 3279 instruens
2714 3235 2772 3278 ut
2811 3227 3099 3294 semperin
3138 3244 3312 3297 agone
3344 3229 3456 3283 sint
3486 3246 3553 3283 ac

232 3292 456 3344 πάντων
491 3291 771 3361 βλέπεται,
816 3294 966 3363 παρὰ
1015 3293 1238 3345 πάντων
1283 3296 1732 3362 περισκοπείται,
1786 3297 1836 3349 εί

232 3379 396 3444 καλός
428 3381 575 3434 ἐστιν
603 3380 635 3450 ἢ
667 3383 1002 3447 τούναντίον,
1055 3381 1148 3436 καὶ
1174 3383 1326 3434 οὐδὲν
1360 3383 1470 3437 τῶν
1501 3383 1666 3436 αὑτοῦ
1701 3385 1838 3456 κρύ-

233 3489 454 3526 πτεται.
488 3471 692 3543 ,Ὑμεῖς
720 3471 836 3539 οὖν,
870 3468 914 3527 ὦ
942 3474 1204 3545 μαθηταὶ,
1234 3475 1332 3528 ἐὰν
1367 3475 1530 3547 ἔχητε
1561 3477 1835 3550 προσοχὴν

232 3564 326 3616 καὶ
374 3563 637 3634 σπουδὴν,
681 3563 1152 3634 δοθήσεταιὺμῖν
1211 3565 1410 3619 πλείων
1460 3567 1622 3637 χάρις
1682 3569 1835 3639 παρὰ

229 3655 396 3709 Θεοῦ.
436 3657 530 3718 ’ος
557 3657 602 3708 δ’
629 3656 695 3711 ἂν
738 3659 812 3728 μὴ
840 3657 938 3729 ἔχῃ
962 3657 1201 3729 σπουδὴν
1227 3659 1320 3710 καὶ
1346 3661 1646 3731 προσοχὴν,
1685 3661 1780 3714 καὶ
1806 3661 1836 3714 ὃ

229 3749 382 3802 δοκεῖ
439 3748 585 3820 ιχειν
637 3752 885 3820 χάρισμα
945 3752 1053 3803 ἀπὸ
1096 3750 1258 3818 Θεοῦ,
1291 3751 1381 3806 διὰ
1421 3755 1521 3824 τῆς
1569 3756 1835 3826 ἀμελείας

230 3843 400 3898 αὑτοῦ
442 3845 848 3898 κατασσέννυσι
881 3844 978 3898 καὶ
1004 3845 1293 3899 ἀπόλλυσι.

306 4156 326 4188 ε
374 4137 747 4206 ῐῐαρεγένοντο
800 4125 1046 4207 δὲ’πρδς
1104 4138 1339 4209 αὐτὸνή
1401 4140 1585 4211 μήτηρ
1631 4143 1726 4194 καὶ
1781 4143 1830 4194 οἱ

227 4229 449 4295 ἀδελφοὶ
475 4227 665 4290 αὑτοῦ,
698 4228 793 4280 καὶ
822 4227 923 4280 οὑκ
951 4229 1222 4298 ἠδύναντο
1256 4233 1541 4302 συντυχεῖν
1567 4232 1718 4304 αὑτῷ
1742 4233 1831 4288 διὰ

226 4321 320 4373 τὸν
342 4321 517 4390 θχλον.
554 4322 663 4374 Καὶ
687 4320 975 4391 ἀπηγγέλη
1007 4321 1177 4391 αὒτῷ,
1210 4322 1476 4391 λεγόντων
1500 4341 1513 4355 ·
1549 4324 1616 4377 Ἠ
1643 4326 1830 4396 μήτηρ

228 4429 324 4466 σου
370 4414 464 4465 καὶ
499 4413 546 4464 οἱ
583 4409 803 4479 ἀδελφοί
835 4428 930 4464 σου
971 4412 1270 4482 ἑστήκασιν
1310 4413 1436 4479 ἔξω,
1475 4415 1605 4467 ἰδεῖν
1634 4433 1694 4468 σε
1736 4417 1829 4469 θέ-

226 4506 432 4568 λοντες.
478 4505 534 4558 Ὀ
558 4505 612 4558 δὲ
640 4505 988 4575 ἀποκριθεὶς,
1023 4500 1143 4557 εἷπε
1181 4506 1316 4577 πρὸς
1348 4507 1546 4572 αὑτούς
1568 4525 1582 4538 ·
1618 4510 1823 4581 Μήτηρ

228 4615 330 4668 μου
363 4600 459 4652 καὶ
494 4597 718 4664 ἀδελφοί
758 4615 860 4668 μου
911 4592 1061 4652 οὗτοι
1109 4601 1250 4652 εἰσιν
1284 4603 1331 4653 ot
1382 4602 1473 4654 τὸν
1529 4602 1688 4671 λόγον
1729 4603 1822 4656 τοῦ

223 4690 360 4744 Θεοῦ
409 4690 702 4754 ἀκούοντες
749 4693 844 4744 καὶ
883 4692 1188 4756 ποιοῦντες.
1229 4712 1246 4744 ι
1289 4695 1573 4749 Ἐντεῦθεν
1615 4698 1823 4751 δείκνυ-

222 4801 336 4847 ται,
368 4785 451 4837 ὅτι
493 4786 592 4837 οὑκ
618 4778 687 4855 ἦν
731 4785 870 4854 μετά
911 4785 1022 4839 τῶν
1077 4787 1220 4840 κατά
1272 4789 1452 4859 σάρκα
1487 4792 1769 4860 συγγενῶν
1796 4795 1824 4846 δ

222 4879 483 4950 Χριστός·
517 4877 834 4932 καταλιπὼν
865 4879 974 4952 γὰρ
1000 4881 1250 4960 τούτους,
1281 4883 1534 4952 σχολάζει
1565 4889 1630 4956 τῇ
1658 4904 1822 4939 πνευο

223 4973 430 5041 ματικῇ
462 4970 807 5043 διδασκαλίᾳ,
855 4971 972 5025 ἀλλ’
1006 4974 1205 5025 ἐκεῖνοι
1252 4977 1650 5044 παραγίνονται
1682 4978 1824 5049 πρὸς

232 5061 408 5114 ιὺτόν.
443 5060 632 5123 Οῦτως
669 5057 763 5114 οὗν
807 5062 916 5134 χρὴ
943 5062 1038 5115 καὶ
1072 5063 1252 5116 πάντα
1280 5066 1371 5117 τὸν
1396 5065 1678 5120 διακονίαν
1719 5086 1820 5121 πε-

224 5156 590 5226 πιστευμένον
641 5154 802 5221 Θεοῦ,
865 5157 1032 5227 μηδὲν
1085 5158 1359 5212 ποιεῖσθαι
1425 5162 1822 5233 προτιμότερον

218 5246 451 5316 ταύτης,
489 5247 624 5301 ἀλλὰ
653 5248 749 5301 καὶ
791 5251 972 5317 γονεῖς
1003 5249 1404 5320 παρωθεῖσθαι,
1444 5253 1562 5320 εῑγε
1596 5255 1824 5319 μέλλου-

223 5357 309 5392 σιν
351 5341 496 5409 ήμᾶς
543 5342 860 5411 εμποδίζειν
916 5343 1211 5411 ἀνωφελῶς
1284 5347 1378 5397 καὶ
1425 5346 1605 5416 μάτην
1645 5350 1724 5410 εἰς
1764 5348 1824 5400 τὸ

219 5431 320 5486 τοῦ
352 5432 488 5484 Θεοῦ
518 5434 699 5503 ἔργον.
741 5435 954 5506 Ὠσπερ
985 5430 1077 5489 οὖν
1109 5437 1202 5489 καὶ
1232 5436 1325 5490 νῦν
1354 5440 1381 5490 ὁ
1419 5440 1625 5509 Κύριος
1655 5444 1819 5496 ποιεῖ.

1942 3314 2264 3381 certamine,
2321 3323 2507 3384 utpote
2554 3315 2622 3369 ab
2679 3316 2932 3371 omnibus
2991 3321 3386 3387 eonspieiendi.
3447 3319 3549 3385 Qui

1939 3405 2085 3459 enim
2132 3407 2289 3458 docet
2328 3421 2390 3457 ac
2439 3405 2718 3473 praedicat,
2770 3408 2838 3461 ab
2879 3409 3137 3463 omnibus
3185 3415 3548 3481 conspicitur,

1939 3495 2007 3549 ab
2032 3496 2286 3549 omnibus
2314 3496 2647 3565 dijudicatur
2674 3540 2688 3564 ,
2715 3498 2882 3570 326
2914 3515 3040 3553 num
3077 3503 3342 3557 honestus
3367 3505 3458 3572 sit,
3495 3518 3550 3559 et

1940 3586 2076 3641 nihil
2135 3587 2278 3657 quod
2312 3586 2439 3640 facit
2481 3591 2809 3643 occultatur.
2847 3590 2950 3645 Vos
2980 3592 3166 3662 igitur,
3203 3611 3235 3646 ο
3263 3595 3543 3664 discipuli,

1938 3681 1985 3737 si
2039 3682 2387 3738 attenderitis
2424 3693 2478 3737 et
2541 3685 2773 3739 studiosi
2825 3684 3061 3746 fueritis,
3129 3687 3351 3741 dabitur
3393 3691 3548 3744 vobis

1939 3777 2112 3846 major
2157 3777 2329 3846 gratia
2388 3791 2418 3830 a
2459 3777 2589 3832 Deo.
2629 3777 2728 3842 Qui
2769 3793 2896 3832 vero
2927 3795 3030 3832 non
3082 3781 3398 3836 adhibuerit
3432 3795 3549 3837 stu-

1939 3869 2085 3923 dium
2118 3877 2172 3922 et
2198 3867 2575 3930 attentionem,
2608 3868 2774 3920 etiam
2809 3869 2852 3922 si
2876 3885 3039 3937 quam
3069 3872 3300 3938 gratiam
3347 3874 3548 3940 habere

1936 3959 2185 4015 videatur
2207 3976 2233 4013 a
2258 3961 2385 4024 Deo,
2404 3976 2496 4029 per
2519 3960 2901 4029 negligentiam
2926 3977 3079 4016 suam
3110 3978 3230 4018 eam
3251 3966 3499 4035 exstingu
3528 3977 3546 4018 t

1937 4064 1988 4108 et
2016 4054 2211 4123 perdit.

2014 4169 2172 4224 Vens.
2213 4169 2400 4225 49-21.
2442 4189 2459 4220 ι
2497 4168 2779 4226 Venerunt
2821 4181 3002 4225 autem
3055 4174 3120 4226 ad
3159 4173 3312 4227 illum
3373 4184 3540 4228 mat-‘r

1933 4273 1990 4318 et
2036 4262 2236 4316 fratres
2285 4262 2424 4329 ejus,
2475 4271 2529 4315 et
2592 4278 2698 4316 non
2761 4272 3016 4330 poterant
3061 4266 3216 4318 adire
3264 4280 3388 4318 eum
3432 4283 3539 4334 pt'a’

1933 4356 2111 4418 turba,
2144 4363 2199 4408 et
2251 4355 2561 4408 nuntiatum
2596 4365 2678 4408 est
2709 4354 2818 4419 illi,i
2871 4355 3206 4424 dictumque,
3244 4356 3415 4410 Mater
3450 4368 3540 4410 tua

1931 4456 1985 4501 et
2008 4447 2206 4501 fratres
2260 4447 2336 4500 tui
2388 4457 2537 4500 stant
2586 4446 2737 4511 foris,
2781 4447 3021 4502 volentes
3071 4459 3121 4502 te
3173 4451 3376 4504 videre.
3439 4451 3539 4518 Qui

1932 4539 2270 4606 respondens
2302 4537 2440 4592 dixit
2470 4539 2536 4590 ad
2580 4538 2738 4592 illos:
2767 4537 2939 4593 Mater
2977 4556 3093 4593 mea
3127 4551 3179 4594 et
3213 4542 3410 4596 fratres
3438 4545 3537 4596 mei

1935 4630 1988 4683 hi
2023 4639 2153 4684 sunt
2206 4629 2298 4698 qui
2363 4643 2673 4684 sermonem
2731 4627 2824 4682 Dei
2861 4633 3109 4695 audiunt,
3143 4645 3198 4686 et
3247 4633 3450 4687 faciunt
3478 4636 3536 4688 il-

1934 4721 2064 4775 lum.
2107 4739 2126 4772 )
2168 4720 2281 4776 Hoc
2344 4721 2464 4776 loco
2516 4722 2827 4776 ostenditur
2877 4726 3022 4792 quod
3075 4727 3233 4780 fuerit
3285 4744 3533 4782 noucuw

1932 4813 2243 4870 carnalibus
2270 4816 2517 4883 cognatis
2554 4817 2807 4870 Christus
2833 4834 2845 4868 :
2873 4817 2978 4871 illis
3008 4820 3150 4872 enim
3174 4818 3398 4884 relictis,
3429 4822 3532 4890 spi-

1933 4908 2117 4962 rituali
2143 4908 2374 4981 vacabat
2402 4909 2688 4969 doctrinae.
2719 4912 2862 4964 unde
2895 4910 2967 4963 illi
3003 4914 3068 4964 ad
3101 4928 3226 4965 eum
3249 4918 3516 4967 accedunt

1934 4998 2026 5055 Sic
2057 5001 2224 5054 etiam
2251 5006 2466 5070 oportet
2498 5011 2554 5055 ut
2581 5017 2774 5057 omnes
2805 5003 3007 5071 quibus
3034 5005 3406 5059 conci-editum
3455 5023 3520 5061 es

1932 5092 2298 5147 ministerium
2355 5090 2471 5156 Dei,
2528 5093 2664 5147 nihil
2724 5093 2814 5148 illo
2837 5097 3119 5165 antiquius
3167 5099 3398 5152 habeant
3452 5101 3533 5154 vel

1932 5178 2244 5246 praeferant.
2300 5180 2440 5234 Sunt
2497 5182 2624 5234 item
2683 5194 2737 5236 et
2788 5195 3040 5252 parentes
3088 5188 3408 5257 repellendi,
3460 5192 3534 5243 si-

1927 5273 2146 5339 quidem
2211 5276 2419 5341 absque
2471 5274 2704 5330 utilitate
2756 5276 3072 5332 etirustra
3126 5281 3181 5333 in
3242 5296 3407 5349 opere
3444 5283 3531 5337 Dei

1929 5380 2026 5419 nos
2059 5367 2372 5435 impedituri
2417 5376 2567 5432 sunt,
2615 5370 3072 5437 quemadmodum
3108 5385 3323 5429 etnunc
3352 5374 3530 5431 Domi-

1930 5474 2033 5511 nus
2082 5457 2232 5513 t‘acit.
2288 5459 2426 5526 Quia
2474 5462 2620 5515 enim
2673 5462 2930 5520 dixerant
2971 5467 3048 5521 illi
3078 5469 3297 5537 quidam
3335 5473 3402 5524 de
3441 5486 3521 5524 co-

1188 5643 1280 5702 Ex
1334 5644 1686 5710 collatione
1736 5653 1928 5716 codd.
1964 5656 2195 5715 Venet.
2232 5653 2295 5715 S.
2336 5653 2555 5716 Marci.

296 5753 372 5836 (ἔξ)
427 5752 719 5836 ρούηὸι..
756 5757 967 5836 Οῐτινές
1014 5760 1152 5812 εισιν
1199 5761 1257 5836 ot
1299 5763 1453 5836 παρά
1516 5767 1618 5836 τὴν
1675 5767 1814 5825 όδόν.

223 5823 501 5906 ςὶἑτῖδῆτῶν
541 5824 614 5895 μὴ
642 5827 1138 5906 τεμσφορρύντων.
1190 5823 1403 5906 φῖτινές
1435 5823 1584 5890 εἰσιᾶ
1604 5839 1662 5892 ἐν
1693 5823 1816 5906 ταῖς

157 5895 512 5961 [lixa/654;,
546 5913 595 5950 κ.
629 5914 677 5951 τ.
718 5898 766 5952 λ.
802 5895 824 5950 ι
860 5895 921 5957 lIi
952 5912 1101 5970 sunt,
1127 5902 1219 5975 qui
1245 5903 1402 5974 juxta
1426 5908 1589 5964 viam.
1621 5909 1704 5969 Ab
1730 5895 1814 5971 his

1931 5775 2022 5844 qui
2054 5772 2293 5828 fructum
2323 5788 2424 5829 suo
2458 5785 2704 5846 tempore
2733 5792 2843 5835 non
2879 5779 3136 5836 alierum.
3207 5781 3273 5838 Et
3318 5783 3369 5839 hi
3399 5761 3529 5841 sunt

1929 5847 2022 5918 qui
2054 5847 2197 5901 inter
2225 5847 2434 5917 spinas,
2471 5864 2489 5899 ι
2534 5857 2642 5903 etc.
