  <div class='ocr_page' id='page_1' title='image "/cluster/home/n/w/nwhite01/storage/ocr_20150623/123/nnc1.0046979670/442.png"; bbox 0 0 4256 6432; ppageno 0'>
   <div class='ocr_carea' id='block_1_1' title="bbox 228 388 342 452">
    <p class='ocr_par' dir='ltr' id='par_1_1' title="bbox 228 388 342 452">
     <span class='ocr_line' id='line_1_1' title="bbox 228 388 342 452; baseline -0.026 0"><span class='ocrx_word' id='word_1_1' title='bbox 228 388 342 452; x_wconf 79' lang='grc'><strong>805</strong></span> 
     </span>
    </p>
   </div>
   <div class='ocr_carea' id='block_1_2' title="bbox 886 378 2765 448">
    <p class='ocr_par' dir='ltr' id='par_1_2' title="bbox 886 378 2765 448">
     <span class='ocr_line' id='line_1_2' title="bbox 886 378 2765 448; baseline 0.002 -8"><span class='ocrx_word' id='word_1_2' title='bbox 886 378 1326 441; x_wconf 79' lang='lat' dir='ltr'><strong>ENARRATIO</strong></span> <span class='ocrx_word' id='word_1_3' title='bbox 1363 382 1444 442; x_wconf 81' lang='lat' dir='ltr'><strong>IN</strong></span> <span class='ocrx_word' id='word_1_4' title='bbox 1483 381 1985 443; x_wconf 76' lang='lat' dir='ltr'><strong>EVANGELIUM</strong></span> <span class='ocrx_word' id='word_1_5' title='bbox 2027 382 2261 445; x_wconf 65' lang='lat' dir='ltr'><strong>LUC/8.</strong></span> <span class='ocrx_word' id='word_1_6' title='bbox 2295 409 2362 422; x_wconf 88' lang='grc'><strong>--</strong></span> <span class='ocrx_word' id='word_1_7' title='bbox 2397 385 2558 446; x_wconf 75' lang='lat' dir='ltr'><strong>CAP.</strong></span> <span class='ocrx_word' id='word_1_8' title='bbox 2605 386 2765 448; x_wconf 77' lang='grc' dir='ltr'>γῐιι.</span> 
     </span>
    </p>
   </div>
   <div class='ocr_carea' id='block_1_3' title="bbox 3433 388 3574 454">
    <p class='ocr_par' dir='ltr' id='par_1_3' title="bbox 3433 388 3574 454">
     <span class='ocr_line' id='line_1_3' title="bbox 3433 388 3574 454; baseline 0.021 -3"><span class='ocrx_word' id='word_1_9' title='bbox 3433 388 3574 454; x_wconf 70' lang='grc'><strong>806</strong></span> 
     </span>
    </p>
   </div>
   <div class='ocr_carea' id='block_1_4' title="bbox 231 490 1833 570">
    <p class='ocr_par' dir='ltr' id='par_1_4' title="bbox 231 490 1822 560">
     <span class='ocr_line' id='line_1_4' title="bbox 231 490 1822 560; baseline -0.006 -9"><span class='ocrx_word' id='word_1_10' title='bbox 231 496 348 551; x_wconf 56' lang='lat' dir='ltr'><strong>duo</strong></span> <span class='ocrx_word' id='word_1_11' title='bbox 392 494 486 548; x_wconf 87' lang='grc' dir='ltr'><strong>τοῦ</strong></span> <span class='ocrx_word' id='word_1_12' title='bbox 539 491 733 555; x_wconf 80' lang='grc' dir='ltr'>ὕπνου,</span> <span class='ocrx_word' id='word_1_13' title='bbox 788 490 1068 544; x_wconf 75' lang='grc' dir='ltr'>τουτέστιν</span> <span class='ocrx_word' id='word_1_14' title='bbox 1121 490 1343 560; x_wconf 81' lang='grc' dir='ltr'><strong>ἀνέστη,</strong></span> <span class='ocrx_word' id='word_1_15' title='bbox 1398 492 1494 543; x_wconf 67' lang='grc' dir='ltr'>καὶ</span> <span class='ocrx_word' id='word_1_16' title='bbox 1548 491 1713 544; x_wconf 70' lang='grc' dir='ltr'>πάλιν</span> <span class='ocrx_word' id='word_1_17' title='bbox 1772 492 1822 542; x_wconf 88' lang='grc' dir='ltr'><strong>οί</strong></span> 
     </span>
    </p>
   </div>
   <div class='ocr_carea' id='block_1_5' title="bbox 1934 490 3538 570">
    <p class='ocr_par' dir='ltr' id='par_1_5' title="bbox 1934 490 3538 570">
     <span class='ocr_line' id='line_1_5' title="bbox 1934 490 3538 570; baseline 0.009 -27"><span class='ocrx_word' id='word_1_18' title='bbox 1934 490 2040 545; x_wconf 80' lang='lat' dir='ltr'><strong>Pax</strong></span> <span class='ocrx_word' id='word_1_19' title='bbox 2103 495 2274 547; x_wconf 75' lang='lat' dir='ltr'><strong>vobis.</strong></span> <span class='ocrx_word' id='word_1_20' title='bbox 2310 493 2376 549; x_wconf 83' lang='lat' dir='ltr'><strong>Et</strong></span> <span class='ocrx_word' id='word_1_21' title='bbox 2428 495 2542 549; x_wconf 69' lang='lat' dir='ltr'><strong>hate</strong></span> <span class='ocrx_word' id='word_1_22' title='bbox 2573 497 2790 565; x_wconf 79' lang='lat' dir='ltr'><strong>quidem</strong></span> <span class='ocrx_word' id='word_1_23' title='bbox 2848 513 2942 562; x_wconf 83' lang='lat' dir='ltr'><strong>per</strong></span> <span class='ocrx_word' id='word_1_24' title='bbox 2987 500 3336 570; x_wconf 75' lang='lat' dir='ltr'><strong>auagogiam.</strong></span> <span class='ocrx_word' id='word_1_25' title='bbox 3384 500 3538 567; x_wconf 84' lang='lat' dir='ltr'><strong>Quod</strong></span> 
     </span>
    </p>
   </div>
   <div class='ocr_carea' id='block_1_6' title="bbox 239 580 1830 658">
    <p class='ocr_par' dir='ltr' id='par_1_6' title="bbox 239 580 1830 658">
     <span class='ocr_line' id='line_1_6' title="bbox 239 580 1830 658; baseline -0.004 -18"><span class='ocrx_word' id='word_1_26' title='bbox 239 586 484 658; x_wconf 73' lang='grc' dir='ltr'>μαθηταὶ</span> <span class='ocrx_word' id='word_1_27' title='bbox 528 586 587 638; x_wconf 70' lang='grc' dir='ltr'><strong>ὲν</strong></span> <span class='ocrx_word' id='word_1_28' title='bbox 641 584 875 654; x_wconf 76' lang='grc' dir='ltr'>γαλήνῃ.</span> <span class='ocrx_word' id='word_1_29' title='bbox 922 583 1184 645; x_wconf 65' lang='grc' dir='ltr'>Ἐπιστὰς</span> <span class='ocrx_word' id='word_1_30' title='bbox 1237 585 1346 652; x_wconf 71' lang='grc' dir='ltr'>γὰρ</span> <span class='ocrx_word' id='word_1_31' title='bbox 1387 584 1593 646; x_wconf 78' lang='grc' dir='ltr'>αὐτοῖς,</span> <span class='ocrx_word' id='word_1_32' title='bbox 1636 580 1830 635; x_wconf 77' lang='grc' dir='ltr'>εἶπεν·</span> 
     </span>
    </p>
   </div>
   <div class='ocr_carea' id='block_1_7' title="bbox 238 671 1833 747">
    <p class='ocr_par' dir='ltr' id='par_1_7' title="bbox 238 671 1833 747">
     <span class='ocr_line' id='line_1_7' title="bbox 238 671 1833 747; baseline -0.004 -17"><span class='ocrx_word' id='word_1_33' title='bbox 238 678 450 747; x_wconf 83' lang='grc' dir='ltr'>Είρήνη</span> <span class='ocrx_word' id='word_1_34' title='bbox 490 677 639 745; x_wconf 78' lang='grc' dir='ltr'>ὑμῖν.</span> <span class='ocrx_word' id='word_1_35' title='bbox 693 675 804 728; x_wconf 65' lang='grc' dir='ltr'><strong>Καὶ</strong></span> <span class='ocrx_word' id='word_1_36' title='bbox 843 680 1019 727; x_wconf 83' lang='grc' dir='ltr'>ταῦτα</span> <span class='ocrx_word' id='word_1_37' title='bbox 1061 671 1160 741; x_wconf 79' lang='grc' dir='ltr'>μὲν</span> <span class='ocrx_word' id='word_1_38' title='bbox 1212 673 1597 740; x_wconf 85' lang='grc' dir='ltr'>ἀναγωγικῶς.</span> <span class='ocrx_word' id='word_1_39' title='bbox 1633 671 1708 725; x_wconf 84' lang='grc' dir='ltr'><strong>Τὸ</strong></span> <span class='ocrx_word' id='word_1_40' title='bbox 1744 671 1833 736; x_wconf 85' lang='grc' dir='ltr'>δὲ,</span> 
     </span>
    </p>
   </div>
   <div class='ocr_carea' id='block_1_8' title="bbox 235 758 1833 839">
    <p class='ocr_par' dir='ltr' id='par_1_8' title="bbox 235 758 1833 839">
     <span class='ocr_line' id='line_1_8' title="bbox 235 758 1833 839; baseline -0.005 -18"><span class='ocrx_word' id='word_1_41' title='bbox 235 768 336 832; x_wconf 87' lang='grc' dir='ltr'>Τίς</span> <span class='ocrx_word' id='word_1_42' title='bbox 361 770 468 839; x_wconf 74' lang='grc' dir='ltr'>ἄρα</span> <span class='ocrx_word' id='word_1_43' title='bbox 517 758 670 827; x_wconf 70' lang='grc' dir='ltr'>οὗτός</span> <span class='ocrx_word' id='word_1_44' title='bbox 707 767 890 826; x_wconf 63' lang='lat' dir='ltr'><strong>estw;</strong></span> <span class='ocrx_word' id='word_1_45' title='bbox 930 763 1027 834; x_wconf 88' lang='grc' dir='ltr'>οὑχ</span> <span class='ocrx_word' id='word_1_46' title='bbox 1073 763 1149 826; x_wconf 84' lang='grc' dir='ltr'>ὡς</span> <span class='ocrx_word' id='word_1_47' title='bbox 1178 763 1511 832; x_wconf 77' lang='grc' dir='ltr'>ἀποροῦντες</span> <span class='ocrx_word' id='word_1_48' title='bbox 1559 762 1833 829; x_wconf 78' lang='grc' dir='ltr'>λέγουσιν,</span> 
     </span>
    </p>
   </div>
   <div class='ocr_carea' id='block_1_9' title="bbox 235 854 1835 927">
    <p class='ocr_par' dir='ltr' id='par_1_9' title="bbox 235 854 1835 927">
     <span class='ocr_line' id='line_1_9' title="bbox 235 854 1835 927; baseline -0.006 -14"><span class='ocrx_word' id='word_1_49' title='bbox 235 860 377 914; x_wconf 79' lang='grc' dir='ltr'>ἀλλὰ</span> <span class='ocrx_word' id='word_1_50' title='bbox 433 855 842 927; x_wconf 75' lang='grc' dir='ltr'>θαυμάζοντες·</span> <span class='ocrx_word' id='word_1_51' title='bbox 897 855 974 916; x_wconf 79' lang='grc' dir='ltr'>ὡς</span> <span class='ocrx_word' id='word_1_52' title='bbox 1028 856 1094 907; x_wconf 80' lang='grc' dir='ltr'><strong>ἂν</strong></span> <span class='ocrx_word' id='word_1_53' title='bbox 1132 857 1180 907; x_wconf 82' lang='grc' dir='ltr'><strong>εί</strong></span> <span class='ocrx_word' id='word_1_54' title='bbox 1237 855 1410 915; x_wconf 77' lang='grc' dir='ltr'>οὕτως</span> <span class='ocrx_word' id='word_1_55' title='bbox 1467 855 1690 922; x_wconf 71' lang='grc' dir='ltr'>ἔλεγονο</span> <span class='ocrx_word' id='word_1_56' title='bbox 1737 854 1835 914; x_wconf 86' lang='grc' dir='ltr'>Τίς</span> 
     </span>
    </p>
   </div>
   <div class='ocr_carea' id='block_1_10' title="bbox 237 938 1828 1012">
    <p class='ocr_par' dir='ltr' id='par_1_10' title="bbox 237 938 1828 1012">
     <span class='ocr_line' id='line_1_10' title="bbox 237 938 1828 1012; baseline -0.006 -10"><span class='ocrx_word' id='word_1_57' title='bbox 237 953 388 1003; x_wconf 65' lang='grc' dir='ltr'>ἔστιν</span> <span class='ocrx_word' id='word_1_58' title='bbox 419 941 598 1010; x_wconf 67' lang='grc' dir='ltr'>οὗτος,</span> <span class='ocrx_word' id='word_1_59' title='bbox 652 947 774 998; x_wconf 74' lang='grc' dir='ltr'>ἀντὶ</span> <span class='ocrx_word' id='word_1_60' title='bbox 801 943 918 1008; x_wconf 77' lang='grc' dir='ltr'>τοῦ,</span> <span class='ocrx_word' id='word_1_61' title='bbox 955 942 1123 1004; x_wconf 97' lang='grc' dir='ltr'>πόσος</span> <span class='ocrx_word' id='word_1_62' title='bbox 1161 944 1255 996; x_wconf 75' lang='grc' dir='ltr'><strong>καὶ</strong></span> <span class='ocrx_word' id='word_1_63' title='bbox 1287 943 1518 1012; x_wconf 76' lang='grc' dir='ltr'>πηλίκος</span> <span class='ocrx_word' id='word_1_64' title='bbox 1561 943 1657 994; x_wconf 72' lang='grc' dir='ltr'><strong>καὶ</strong></span> <span class='ocrx_word' id='word_1_65' title='bbox 1697 938 1828 1005; x_wconf 76' lang='grc' dir='ltr'>οἷος,</span> 
     </span>
    </p>
   </div>
   <div class='ocr_carea' id='block_1_11' title="bbox 237 1034 1612 1110">
    <p class='ocr_par' dir='ltr' id='par_1_11' title="bbox 237 1034 1612 1110">
     <span class='ocr_line' id='line_1_11' title="bbox 237 1034 1612 1110; baseline -0.006 -17"><span class='ocrx_word' id='word_1_66' title='bbox 237 1040 335 1093; x_wconf 80' lang='grc' dir='ltr'>καὶ</span> <span class='ocrx_word' id='word_1_67' title='bbox 363 1041 422 1091; x_wconf 70' lang='grc' dir='ltr'><strong>δν</strong></span> <span class='ocrx_word' id='word_1_68' title='bbox 459 1039 561 1110; x_wconf 78' lang='grc' dir='ltr'><strong>ὅσῃ</strong></span> <span class='ocrx_word' id='word_1_69' title='bbox 592 1036 812 1106; x_wconf 71' lang='grc' dir='ltr'>ἐξουσίᾳ.</span> <span class='ocrx_word' id='word_1_70' title='bbox 841 1037 936 1088; x_wconf 58' lang='grc' dir='ltr'><strong>καὶ</strong></span> <span class='ocrx_word' id='word_1_71' title='bbox 961 1035 1189 1103; x_wconf 81' lang='grc' dir='ltr'><strong>δυνάμει</strong></span> <span class='ocrx_word' id='word_1_72' title='bbox 1220 1034 1393 1086; x_wconf 86' lang='grc' dir='ltr'>ταῦτα</span> <span class='ocrx_word' id='word_1_73' title='bbox 1430 1036 1612 1097; x_wconf 73' lang='grc' dir='ltr'>ποιεῖς</span> 
     </span>
    </p>
   </div>
   <div class='ocr_carea' id='block_1_12' title="bbox 317 1123 1830 1194">
    <p class='ocr_par' dir='ltr' id='par_1_12' title="bbox 317 1123 1830 1194">
     <span class='ocr_line' id='line_1_12' title="bbox 317 1123 1830 1194; baseline -0.005 -11"><span class='ocrx_word' id='word_1_74' title='bbox 317 1151 337 1183; x_wconf 76' lang='grc' dir='ltr'><strong>ι</strong></span> <span class='ocrx_word' id='word_1_75' title='bbox 378 1131 489 1185; x_wconf 72' lang='grc' dir='ltr'><strong>Καὶ</strong></span> <span class='ocrx_word' id='word_1_76' title='bbox 531 1129 910 1182; x_wconf 71' lang='grc' dir='ltr'><strong>κατέπλευσαν</strong></span> <span class='ocrx_word' id='word_1_77' title='bbox 955 1129 1034 1188; x_wconf 82' lang='grc' dir='ltr'><strong>είς</strong></span> <span class='ocrx_word' id='word_1_78' title='bbox 1072 1129 1172 1194; x_wconf 77' lang='grc' dir='ltr'><strong>τὴν</strong></span> <span class='ocrx_word' id='word_1_79' title='bbox 1208 1125 1394 1194; x_wconf 84' lang='grc' dir='ltr'>χώραν</span> <span class='ocrx_word' id='word_1_80' title='bbox 1433 1125 1544 1177; x_wconf 79' lang='grc' dir='ltr'>τῶν</span> <span class='ocrx_word' id='word_1_81' title='bbox 1581 1123 1830 1193; x_wconf 72' lang='grc' dir='ltr'>Γαδαρη-</span> 
     </span>
    </p>
   </div>
   <div class='ocr_carea' id='block_1_13' title="bbox 238 1214 1834 1290">
    <p class='ocr_par' dir='ltr' id='par_1_13' title="bbox 238 1214 1834 1290">
     <span class='ocr_line' id='line_1_13' title="bbox 238 1214 1834 1290; baseline -0.005 -18"><span class='ocrx_word' id='word_1_82' title='bbox 238 1222 388 1286; x_wconf 84' lang='grc' dir='ltr'>νῶν,</span> <span class='ocrx_word' id='word_1_83' title='bbox 429 1223 552 1290; x_wconf 80' lang='grc' dir='ltr'>ἣτις</span> <span class='ocrx_word' id='word_1_84' title='bbox 606 1220 757 1274; x_wconf 64' lang='grc' dir='ltr'>ἐστὶν</span> <span class='ocrx_word' id='word_1_85' title='bbox 811 1219 1082 1287; x_wconf 80' lang='grc' dir='ltr'>ἀντίπερα</span> <span class='ocrx_word' id='word_1_86' title='bbox 1121 1217 1218 1286; x_wconf 78' lang='grc' dir='ltr'>τῆς</span> <span class='ocrx_word' id='word_1_87' title='bbox 1265 1215 1582 1276; x_wconf 70' lang='grc' dir='ltr'><strong>Γαλιλαίας.</strong></span> <span class='ocrx_word' id='word_1_88' title='bbox 1649 1214 1834 1277; x_wconf 79' lang='grc' dir='ltr'>Ἐξελ-</span> 
     </span>
    </p>
   </div>
   <div class='ocr_carea' id='block_1_14' title="bbox 239 1306 1834 1379">
    <p class='ocr_par' dir='ltr' id='par_1_14' title="bbox 239 1306 1834 1379">
     <span class='ocr_line' id='line_1_14' title="bbox 239 1306 1834 1379; baseline -0.003 -18"><span class='ocrx_word' id='word_1_89' title='bbox 239 1311 388 1363; x_wconf 79' lang='grc' dir='ltr'>θόντι</span> <span class='ocrx_word' id='word_1_90' title='bbox 437 1310 493 1362; x_wconf 74' lang='grc' dir='ltr'>δὲ</span> <span class='ocrx_word' id='word_1_91' title='bbox 526 1309 676 1379; x_wconf 77' lang='grc' dir='ltr'><strong>αὺτῷ</strong></span> <span class='ocrx_word' id='word_1_92' title='bbox 707 1309 802 1360; x_wconf 77' lang='grc' dir='ltr'><strong>ἐπὶ</strong></span> <span class='ocrx_word' id='word_1_93' title='bbox 845 1307 943 1377; x_wconf 83' lang='grc' dir='ltr'>τὴν</span> <span class='ocrx_word' id='word_1_94' title='bbox 975 1309 1116 1375; x_wconf 79' lang='grc' dir='ltr'>γῆν,</span> <span class='ocrx_word' id='word_1_95' title='bbox 1148 1306 1463 1375; x_wconf 79' lang='grc' dir='ltr'>ὑπήντησεν</span> <span class='ocrx_word' id='word_1_96' title='bbox 1501 1306 1653 1374; x_wconf 71' lang='grc' dir='ltr'>αὐτῷ</span> <span class='ocrx_word' id='word_1_97' title='bbox 1688 1306 1834 1375; x_wconf 80' lang='grc' dir='ltr'>ἁνήρ</span> 
     </span>
    </p>
   </div>
   <div class='ocr_carea' id='block_1_15' title="bbox 237 1394 1832 1469">
    <p class='ocr_par' dir='ltr' id='par_1_15' title="bbox 237 1394 1832 1469">
     <span class='ocr_line' id='line_1_15' title="bbox 237 1394 1832 1469; baseline -0.004 -14"><span class='ocrx_word' id='word_1_98' title='bbox 237 1420 321 1465; x_wconf 87' lang='grc' dir='ltr'><strong>τις</strong></span> <span class='ocrx_word' id='word_1_99' title='bbox 353 1405 418 1454; x_wconf 67' lang='grc' dir='ltr'>ἐκ</span> <span class='ocrx_word' id='word_1_100' title='bbox 446 1402 544 1469; x_wconf 75' lang='grc' dir='ltr'>τῆς</span> <span class='ocrx_word' id='word_1_101' title='bbox 570 1399 801 1462; x_wconf 82' lang='grc' dir='ltr'>πόλεως,</span> <span class='ocrx_word' id='word_1_102' title='bbox 833 1399 892 1461; x_wconf 76' lang='grc' dir='ltr'>ὃς</span> <span class='ocrx_word' id='word_1_103' title='bbox 927 1394 1041 1469; x_wconf 74' lang='grc' dir='ltr'>εἶχε</span> <span class='ocrx_word' id='word_1_104' title='bbox 1074 1399 1332 1467; x_wconf 82' lang='grc' dir='ltr'>δαιμόνια</span> <span class='ocrx_word' id='word_1_105' title='bbox 1367 1400 1430 1450; x_wconf 83' lang='grc' dir='ltr'>ὲκ</span> <span class='ocrx_word' id='word_1_106' title='bbox 1462 1398 1672 1468; x_wconf 81' lang='grc' dir='ltr'>χρόνων</span> <span class='ocrx_word' id='word_1_107' title='bbox 1708 1399 1832 1449; x_wconf 70' lang='lat' dir='ltr'><strong>lxa-</strong></span> 
     </span>
    </p>
   </div>
   <div class='ocr_carea' id='block_1_16' title="bbox 238 1489 1832 1561">
    <p class='ocr_par' dir='ltr' id='par_1_16' title="bbox 238 1489 1832 1561">
     <span class='ocr_line' id='line_1_16' title="bbox 238 1489 1832 1561; baseline -0.003 -16"><span class='ocrx_word' id='word_1_108' title='bbox 238 1495 369 1559; x_wconf 85' lang='grc' dir='ltr'><strong>νῶν,</strong></span> <span class='ocrx_word' id='word_1_109' title='bbox 406 1494 498 1548; x_wconf 75' lang='grc' dir='ltr'><strong>καὶ</strong></span> <span class='ocrx_word' id='word_1_110' title='bbox 527 1492 744 1561; x_wconf 76' lang='grc' dir='ltr'>ἱμάτιον</span> <span class='ocrx_word' id='word_1_111' title='bbox 774 1491 874 1542; x_wconf 78' lang='grc' dir='ltr'><strong>οὐκ</strong></span> <span class='ocrx_word' id='word_1_112' title='bbox 915 1490 1307 1555; x_wconf 71' lang='grc' dir='ltr'><strong>ἐνεδιδύσκετο,</strong></span> <span class='ocrx_word' id='word_1_113' title='bbox 1341 1490 1437 1542; x_wconf 74' lang='grc' dir='ltr'>καὶ</span> <span class='ocrx_word' id='word_1_114' title='bbox 1466 1491 1524 1540; x_wconf 83' lang='grc' dir='ltr'>ὲν</span> <span class='ocrx_word' id='word_1_115' title='bbox 1559 1490 1706 1558; x_wconf 70' lang='grc' dir='ltr'>οἰκίᾳ</span> <span class='ocrx_word' id='word_1_116' title='bbox 1731 1489 1832 1541; x_wconf 86' lang='grc' dir='ltr'><strong>οὑκ</strong></span> 
     </span>
    </p>
   </div>
   <div class='ocr_carea' id='block_1_17' title="bbox 239 1576 1831 1657">
    <p class='ocr_par' dir='ltr' id='par_1_17' title="bbox 239 1576 1831 1657">
     <span class='ocr_line' id='line_1_17' title="bbox 239 1576 1831 1657; baseline -0.006 -17"><span class='ocrx_word' id='word_1_117' title='bbox 239 1587 452 1657; x_wconf 75' lang='grc' dir='ltr'>ἔμενεν,</span> <span class='ocrx_word' id='word_1_118' title='bbox 473 1585 588 1639; x_wconf 75' lang='grc' dir='ltr'>ἀλλ’</span> <span class='ocrx_word' id='word_1_119' title='bbox 619 1586 678 1635; x_wconf 78' lang='grc' dir='ltr'>ὲν</span> <span class='ocrx_word' id='word_1_120' title='bbox 705 1576 815 1644; x_wconf 79' lang='grc' dir='ltr'>τοῖς</span> <span class='ocrx_word' id='word_1_121' title='bbox 850 1584 1152 1652; x_wconf 82' lang='grc' dir='ltr'>μνήμασιν.</span> <span class='ocrx_word' id='word_1_122' title='bbox 1191 1580 1340 1634; x_wconf 88' lang='grc' dir='ltr'>Ἰδὼν</span> <span class='ocrx_word' id='word_1_123' title='bbox 1367 1581 1425 1633; x_wconf 85' lang='grc' dir='ltr'>δὲ</span> <span class='ocrx_word' id='word_1_124' title='bbox 1461 1582 1552 1634; x_wconf 85' lang='grc' dir='ltr'><strong>τὸν</strong></span> <span class='ocrx_word' id='word_1_125' title='bbox 1596 1579 1831 1650; x_wconf 80' lang='grc' dir='ltr'><strong>Ἰησοῦν,</strong></span> 
     </span>
    </p>
   </div>
   <div class='ocr_carea' id='block_1_18' title="bbox 238 1671 1828 1746">
    <p class='ocr_par' dir='ltr' id='par_1_18' title="bbox 238 1671 1828 1746">
     <span class='ocr_line' id='line_1_18' title="bbox 238 1671 1828 1746; baseline -0.006 -14"><span class='ocrx_word' id='word_1_126' title='bbox 238 1681 335 1732; x_wconf 78' lang='grc' dir='ltr'><strong>καὶ</strong></span> <span class='ocrx_word' id='word_1_127' title='bbox 365 1675 702 1746; x_wconf 76' lang='grc' dir='ltr'><strong>ἀνακράξας,</strong></span> <span class='ocrx_word' id='word_1_128' title='bbox 735 1674 1080 1743; x_wconf 79' lang='grc' dir='ltr'>προσέπεσεν</span> <span class='ocrx_word' id='word_1_129' title='bbox 1104 1671 1276 1742; x_wconf 83' lang='grc' dir='ltr'>αὐτῷ,</span> <span class='ocrx_word' id='word_1_130' title='bbox 1303 1673 1397 1726; x_wconf 82' lang='grc' dir='ltr'><strong>καὶ</strong></span> <span class='ocrx_word' id='word_1_131' title='bbox 1429 1675 1583 1744; x_wconf 74' lang='grc' dir='ltr'>φωνῇ</span> <span class='ocrx_word' id='word_1_132' title='bbox 1613 1672 1828 1745; x_wconf 77' lang='grc' dir='ltr'>μεγάλῃ</span> 
     </span>
    </p>
   </div>
   <div class='ocr_carea' id='block_1_19' title="bbox 237 1767 1830 1839">
    <p class='ocr_par' dir='ltr' id='par_1_19' title="bbox 237 1767 1830 1839">
     <span class='ocr_line' id='line_1_19' title="bbox 237 1767 1830 1839; baseline -0.004 -12"><span class='ocrx_word' id='word_1_133' title='bbox 237 1770 383 1827; x_wconf 72' lang='grc' dir='ltr'>εἷπε*</span> <span class='ocrx_word' id='word_1_134' title='bbox 429 1771 495 1826; x_wconf 80' lang='grc' dir='ltr'><strong>Τί</strong></span> <span class='ocrx_word' id='word_1_135' title='bbox 545 1771 670 1839; x_wconf 66' lang='grc' dir='ltr'>ἐμοὶ</span> <span class='ocrx_word' id='word_1_136' title='bbox 726 1771 821 1824; x_wconf 85' lang='grc' dir='ltr'>καὶ</span> <span class='ocrx_word' id='word_1_137' title='bbox 870 1769 977 1831; x_wconf 80' lang='grc' dir='ltr'>σοὶ,</span> <span class='ocrx_word' id='word_1_138' title='bbox 1032 1768 1233 1838; x_wconf 83' lang='grc' dir='ltr'><strong>Ἰησοῦ,</strong></span> <span class='ocrx_word' id='word_1_139' title='bbox 1264 1767 1360 1821; x_wconf 79' lang='grc' dir='ltr'>Υίὲ</span> <span class='ocrx_word' id='word_1_140' title='bbox 1405 1768 1499 1820; x_wconf 82' lang='grc' dir='ltr'><strong>τοῦ</strong></span> <span class='ocrx_word' id='word_1_141' title='bbox 1543 1768 1680 1820; x_wconf 82' lang='grc' dir='ltr'><strong>Θεοῦ</strong></span> <span class='ocrx_word' id='word_1_142' title='bbox 1734 1768 1830 1820; x_wconf 86' lang='grc' dir='ltr'><strong>τοῦ</strong></span> 
     </span>
    </p>
   </div>
   <div class='ocr_carea' id='block_1_20' title="bbox 1940 583 3541 649">
    <p class='ocr_par' dir='ltr' id='par_1_20' title="bbox 1940 583 3541 649">
     <span class='ocr_line' id='line_1_20' title="bbox 1940 583 3541 649; baseline 0.005 -13"><span class='ocrx_word' id='word_1_143' title='bbox 1940 592 2121 637; x_wconf 85' lang='lat' dir='ltr'><strong>autem</strong></span> <span class='ocrx_word' id='word_1_144' title='bbox 2153 585 2341 638; x_wconf 85' lang='lat' dir='ltr'><strong>dicunt</strong></span> <span class='ocrx_word' id='word_1_145' title='bbox 2375 583 2676 649; x_wconf 70' lang='lat' dir='ltr'><strong>:Quisnatn</strong></span> <span class='ocrx_word' id='word_1_146' title='bbox 2719 585 2808 639; x_wconf 88' lang='lat' dir='ltr'><strong>hic</strong></span> <span class='ocrx_word' id='word_1_147' title='bbox 2837 586 2964 640; x_wconf 83' lang='lat' dir='ltr'><strong>est?</strong></span> <span class='ocrx_word' id='word_1_148' title='bbox 3001 601 3104 640; x_wconf 92' lang='lat' dir='ltr'><strong>non</strong></span> <span class='ocrx_word' id='word_1_149' title='bbox 3149 597 3208 642; x_wconf 88' lang='lat' dir='ltr'><strong>ut</strong></span> <span class='ocrx_word' id='word_1_150' title='bbox 3230 589 3541 644; x_wconf 84' lang='lat' dir='ltr'><strong>dubitantes</strong></span> 
     </span>
    </p>
   </div>
   <div class='ocr_carea' id='block_1_21' title="bbox 1940 667 3538 742">
    <p class='ocr_par' dir='ltr' id='par_1_21' title="bbox 1940 667 3538 742">
     <span class='ocr_line' id='line_1_21' title="bbox 1940 667 3538 742; baseline 0.008 -23"><span class='ocrx_word' id='word_1_151' title='bbox 1940 667 2146 734; x_wconf 86' lang='lat' dir='ltr'><strong>dicunt,</strong></span> <span class='ocrx_word' id='word_1_152' title='bbox 2196 670 2290 723; x_wconf 80' lang='lat' dir='ltr'><strong>sed</strong></span> <span class='ocrx_word' id='word_1_153' title='bbox 2330 673 2662 725; x_wconf 77' lang='lat' dir='ltr'><strong>admirantes</strong></span> <span class='ocrx_word' id='word_1_154' title='bbox 2699 673 2895 741; x_wconf 91' lang='lat' dir='ltr'><strong>:qnasi</strong></span> <span class='ocrx_word' id='word_1_155' title='bbox 2939 676 3185 728; x_wconf 86' lang='lat' dir='ltr'><strong>dicerent</strong></span> <span class='ocrx_word' id='word_1_156' title='bbox 3215 694 3229 730; x_wconf 87' lang='lat'><strong>:</strong></span> <span class='ocrx_word' id='word_1_157' title='bbox 3260 677 3394 742; x_wconf 86' lang='lat' dir='ltr'><strong>Quis</strong></span> <span class='ocrx_word' id='word_1_158' title='bbox 3447 679 3538 732; x_wconf 90' lang='lat' dir='ltr'><strong>hic</strong></span> 
     </span>
    </p>
   </div>
   <div class='ocr_carea' id='block_1_22' title="bbox 1938 756 3542 838">
    <p class='ocr_par' dir='ltr' id='par_1_22' title="bbox 1938 756 3542 838">
     <span class='ocr_line' id='line_1_22' title="bbox 1938 756 3542 838; baseline 0.009 -30"><span class='ocrx_word' id='word_1_159' title='bbox 1938 768 2043 821; x_wconf 86' lang='lat' dir='ltr'><strong>est,</strong></span> <span class='ocrx_word' id='word_1_160' title='bbox 2109 756 2208 812; x_wconf 92' lang='lat' dir='ltr'><strong>hoc</strong></span> <span class='ocrx_word' id='word_1_161' title='bbox 2258 768 2363 824; x_wconf 85' lang='lat' dir='ltr'><strong>cst,</strong></span> <span class='ocrx_word' id='word_1_162' title='bbox 2400 771 2639 827; x_wconf 83' lang='lat' dir='ltr'><strong>quantus</strong></span> <span class='ocrx_word' id='word_1_163' title='bbox 2701 769 2754 815; x_wconf 86' lang='lat' dir='ltr'><strong>et</strong></span> <span class='ocrx_word' id='word_1_164' title='bbox 2781 762 2978 829; x_wconf 82' lang='lat' dir='ltr'><strong>qualis,</strong></span> <span class='ocrx_word' id='word_1_165' title='bbox 3022 772 3074 818; x_wconf 92' lang='lat' dir='ltr'><strong>et</strong></span> <span class='ocrx_word' id='word_1_166' title='bbox 3118 764 3172 818; x_wconf 92' lang='lat' dir='ltr'><strong>in</strong></span> <span class='ocrx_word' id='word_1_167' title='bbox 3204 779 3404 836; x_wconf 76' lang='lat' dir='ltr'><strong>quanta</strong></span> <span class='ocrx_word' id='word_1_168' title='bbox 3445 782 3542 838; x_wconf 84' lang='lat' dir='ltr'><strong>po-</strong></span> 
     </span>
    </p>
   </div>
   <div class='ocr_carea' id='block_1_23' title="bbox 1942 847 2507 902">
    <p class='ocr_par' dir='ltr' id='par_1_23' title="bbox 1942 847 2507 902">
     <span class='ocr_line' id='line_1_23' title="bbox 1942 847 2507 902; baseline 0 -2"><span class='ocrx_word' id='word_1_169' title='bbox 1942 855 2139 902; x_wconf 77' lang='lat' dir='ltr'><strong>testate</strong></span> <span class='ocrx_word' id='word_1_170' title='bbox 2172 849 2286 902; x_wconf 57' lang='lat' dir='ltr'><strong>hac</strong></span> <span class='ocrx_word' id='word_1_171' title='bbox 2322 847 2454 902; x_wconf 73' lang='lat' dir='ltr'><strong>facit</strong></span> <span class='ocrx_word' id='word_1_172' title='bbox 2484 849 2507 900; x_wconf 87' lang='lat'><strong>?</strong></span> 
     </span>
    </p>
   </div>
   <div class='ocr_carea' id='block_1_24' title="bbox 2007 1122 3530 1211">
    <p class='ocr_par' dir='ltr' id='par_1_24' title="bbox 2007 1122 3530 1211">
     <span class='ocr_line' id='line_1_24' title="bbox 2007 1122 3530 1211; baseline 0.013 -32"><span class='ocrx_word' id='word_1_173' title='bbox 2007 1122 2176 1181; x_wconf 69' lang='lat' dir='ltr'><strong>Vsus.</strong></span> <span class='ocrx_word' id='word_1_174' title='bbox 2230 1127 2304 1183; x_wconf 75' lang='lat'><strong>26</strong></span> <span class='ocrx_word' id='word_1_175' title='bbox 2339 1128 2429 1185; x_wconf 72' lang='grc'><strong>55.</strong></span> <span class='ocrx_word' id='word_1_176' title='bbox 2473 1149 2491 1182; x_wconf 77' lang='grc' dir='ltr'><strong>ι</strong></span> <span class='ocrx_word' id='word_1_177' title='bbox 2557 1130 2624 1186; x_wconf 87' lang='grc' dir='ltr'>Ει</span> <span class='ocrx_word' id='word_1_178' title='bbox 2680 1134 3077 1200; x_wconf 74' lang='lat' dir='ltr'><strong>navigaverunt</strong></span> <span class='ocrx_word' id='word_1_179' title='bbox 3127 1139 3193 1194; x_wconf 86' lang='lat' dir='ltr'><strong>ad</strong></span> <span class='ocrx_word' id='word_1_180' title='bbox 3253 1141 3530 1211; x_wconf 74' lang='lat' dir='ltr'><strong>regionem</strong></span> 
     </span>
    </p>
   </div>
   <div class='ocr_carea' id='block_1_25' title="bbox 1935 1217 3538 1291">
    <p class='ocr_par' dir='ltr' id='par_1_25' title="bbox 1935 1217 3538 1291">
     <span class='ocr_line' id='line_1_25' title="bbox 1935 1217 3538 1291; baseline 0.012 -19"><span class='ocrx_word' id='word_1_181' title='bbox 1935 1217 2347 1276; x_wconf 85' lang='lat' dir='ltr'><strong>Gadareuorum</strong></span> <span class='ocrx_word' id='word_1_182' title='bbox 2381 1238 2501 1290; x_wconf 62' lang='lat' dir='ltr'><strong>qua:</strong></span> <span class='ocrx_word' id='word_1_183' title='bbox 2532 1235 2617 1278; x_wconf 77' lang='grc' dir='ltr'><strong>εει</strong></span> <span class='ocrx_word' id='word_1_184' title='bbox 2647 1237 2841 1280; x_wconf 88' lang='lat' dir='ltr'><strong>contra</strong></span> <span class='ocrx_word' id='word_1_185' title='bbox 2874 1227 3177 1284; x_wconf 66' lang='lat' dir='ltr'><strong>Galilaeam.</strong></span> <span class='ocrx_word' id='word_1_186' title='bbox 3220 1231 3282 1285; x_wconf 87' lang='lat' dir='ltr'><strong>Et</strong></span> <span class='ocrx_word' id='word_1_187' title='bbox 3316 1249 3438 1288; x_wconf 90' lang='lat' dir='ltr'><strong>cum</strong></span> <span class='ocrx_word' id='word_1_188' title='bbox 3471 1236 3538 1291; x_wconf 81' lang='lat' dir='ltr'><strong>de</strong></span> 
     </span>
    </p>
   </div>
   <div class='ocr_carea' id='block_1_26' title="bbox 1938 1314 3536 1397">
    <p class='ocr_par' dir='ltr' id='par_1_26' title="bbox 1938 1314 3536 1397">
     <span class='ocr_line' id='line_1_26' title="bbox 1938 1314 3536 1397; baseline 0.011 -33"><span class='ocrx_word' id='word_1_189' title='bbox 1938 1314 2058 1364; x_wconf 83' lang='lat' dir='ltr'><strong>navi</strong></span> <span class='ocrx_word' id='word_1_190' title='bbox 2094 1326 2347 1384; x_wconf 74' lang='lat' dir='ltr'><strong>egressus</strong></span> <span class='ocrx_word' id='word_1_191' title='bbox 2375 1328 2521 1371; x_wconf 87' lang='lat' dir='ltr'><strong>esset</strong></span> <span class='ocrx_word' id='word_1_192' title='bbox 2549 1321 2614 1371; x_wconf 85' lang='lat' dir='ltr'><strong>ad</strong></span> <span class='ocrx_word' id='word_1_193' title='bbox 2659 1327 2886 1384; x_wconf 88' lang='lat' dir='ltr'><strong>terram,</strong></span> <span class='ocrx_word' id='word_1_194' title='bbox 2925 1324 3166 1377; x_wconf 85' lang='lat' dir='ltr'><strong>occurrit</strong></span> <span class='ocrx_word' id='word_1_195' title='bbox 3201 1326 3273 1378; x_wconf 88' lang='lat' dir='ltr'><strong>illi</strong></span> <span class='ocrx_word' id='word_1_196' title='bbox 3299 1326 3384 1380; x_wconf 81' lang='lat' dir='ltr'><strong>vir</strong></span> <span class='ocrx_word' id='word_1_197' title='bbox 3413 1329 3536 1397; x_wconf 85' lang='lat' dir='ltr'><strong>qui-</strong></span> 
     </span>
    </p>
   </div>
   <div class='ocr_carea' id='block_1_27' title="bbox 1936 1405 3535 1488">
    <p class='ocr_par' dir='ltr' id='par_1_27' title="bbox 1936 1405 3535 1488">
     <span class='ocr_line' id='line_1_27' title="bbox 1936 1405 3535 1488; baseline 0.011 -32"><span class='ocrx_word' id='word_1_198' title='bbox 1936 1405 2058 1456; x_wconf 82' lang='lat' dir='ltr'><strong>dam</strong></span> <span class='ocrx_word' id='word_1_199' title='bbox 2099 1420 2130 1458; x_wconf 88' lang='lat' dir='ltr'><strong>e</strong></span> <span class='ocrx_word' id='word_1_200' title='bbox 2161 1405 2384 1461; x_wconf 85' lang='lat' dir='ltr'><strong>civitate</strong></span> <span class='ocrx_word' id='word_1_201' title='bbox 2417 1411 2506 1478; x_wconf 90' lang='lat' dir='ltr'><strong>qni</strong></span> <span class='ocrx_word' id='word_1_202' title='bbox 2548 1411 2781 1465; x_wconf 77' lang='lat' dir='ltr'><strong>habebat</strong></span> <span class='ocrx_word' id='word_1_203' title='bbox 2810 1413 3074 1467; x_wconf 77' lang='lat' dir='ltr'><strong>dzemonia</strong></span> <span class='ocrx_word' id='word_1_204' title='bbox 3103 1416 3215 1484; x_wconf 85' lang='lat' dir='ltr'><strong>jam</strong></span> <span class='ocrx_word' id='word_1_205' title='bbox 3251 1437 3278 1470; x_wconf 76' lang='grc' dir='ltr'><strong>ιι</strong></span> <span class='ocrx_word' id='word_1_206' title='bbox 3325 1431 3535 1488; x_wconf 82' lang='lat' dir='ltr'><strong>tempo-</strong></span> 
     </span>
    </p>
   </div>
   <div class='ocr_carea' id='block_1_28' title="bbox 1937 1497 3536 1578">
    <p class='ocr_par' dir='ltr' id='par_1_28' title="bbox 1937 1497 3536 1578">
     <span class='ocr_line' id='line_1_28' title="bbox 1937 1497 3536 1578; baseline 0.011 -30"><span class='ocrx_word' id='word_1_207' title='bbox 1937 1497 2088 1550; x_wconf 88' lang='lat' dir='ltr'><strong>ribus</strong></span> <span class='ocrx_word' id='word_1_208' title='bbox 2121 1497 2329 1562; x_wconf 73' lang='lat' dir='ltr'><strong>multis,</strong></span> <span class='ocrx_word' id='word_1_209' title='bbox 2364 1508 2420 1552; x_wconf 89' lang='lat' dir='ltr'><strong>et</strong></span> <span class='ocrx_word' id='word_1_210' title='bbox 2457 1503 2784 1558; x_wconf 82' lang='lat' dir='ltr'><strong>vestimento</strong></span> <span class='ocrx_word' id='word_1_211' title='bbox 2823 1520 2926 1558; x_wconf 89' lang='lat' dir='ltr'><strong>non</strong></span> <span class='ocrx_word' id='word_1_212' title='bbox 2971 1510 3322 1573; x_wconf 68' lang='lat' dir='ltr'><strong>induebamur,</strong></span> <span class='ocrx_word' id='word_1_213' title='bbox 3359 1527 3536 1578; x_wconf 87' lang='lat' dir='ltr'><strong>neque</strong></span> 
     </span>
    </p>
   </div>
   <div class='ocr_carea' id='block_1_29' title="bbox 1937 1588 3535 1658">
    <p class='ocr_par' dir='ltr' id='par_1_29' title="bbox 1937 1588 3535 1658">
     <span class='ocr_line' id='line_1_29' title="bbox 1937 1588 3535 1658; baseline 0.011 -17"><span class='ocrx_word' id='word_1_214' title='bbox 1937 1589 1988 1641; x_wconf 92' lang='lat' dir='ltr'><strong>in</strong></span> <span class='ocrx_word' id='word_1_215' title='bbox 2020 1588 2182 1643; x_wconf 89' lang='lat' dir='ltr'><strong>domo</strong></span> <span class='ocrx_word' id='word_1_216' title='bbox 2214 1595 2488 1656; x_wconf 84' lang='lat' dir='ltr'><strong>manebat,</strong></span> <span class='ocrx_word' id='word_1_217' title='bbox 2532 1597 2626 1648; x_wconf 86' lang='lat' dir='ltr'><strong>sed</strong></span> <span class='ocrx_word' id='word_1_218' title='bbox 2677 1597 2728 1650; x_wconf 91' lang='lat' dir='ltr'><strong>in</strong></span> <span class='ocrx_word' id='word_1_219' title='bbox 2770 1601 3160 1654; x_wconf 88' lang='lat' dir='ltr'><strong>tuonumeutis.</strong></span> <span class='ocrx_word' id='word_1_220' title='bbox 3202 1601 3250 1656; x_wconf 80' lang='lat' dir='ltr'><strong>Is</strong></span> <span class='ocrx_word' id='word_1_221' title='bbox 3281 1611 3338 1656; x_wconf 89' lang='lat' dir='ltr'><strong>ut</strong></span> <span class='ocrx_word' id='word_1_222' title='bbox 3367 1604 3535 1658; x_wconf 81' lang='lat' dir='ltr'><strong>vidis-</strong></span> 
     </span>
    </p>
   </div>
   <div class='ocr_carea' id='block_1_30' title="bbox 1936 1678 3536 1758">
    <p class='ocr_par' dir='ltr' id='par_1_30' title="bbox 1936 1678 3536 1758">
     <span class='ocr_line' id='line_1_30' title="bbox 1936 1678 3536 1758; baseline 0.011 -26"><span class='ocrx_word' id='word_1_223' title='bbox 1936 1689 2017 1732; x_wconf 89' lang='lat' dir='ltr'><strong>set</strong></span> <span class='ocrx_word' id='word_1_224' title='bbox 2045 1678 2251 1749; x_wconf 83' lang='lat' dir='ltr'><strong>Jesum,</strong></span> <span class='ocrx_word' id='word_1_225' title='bbox 2283 1692 2338 1736; x_wconf 90' lang='lat' dir='ltr'><strong>et</strong></span> <span class='ocrx_word' id='word_1_226' title='bbox 2388 1687 2776 1753; x_wconf 77' lang='lat' dir='ltr'><strong>exclmuasset,</strong></span> <span class='ocrx_word' id='word_1_227' title='bbox 2821 1690 3058 1756; x_wconf 92' lang='lat' dir='ltr'><strong>procidit</strong></span> <span class='ocrx_word' id='word_1_228' title='bbox 3091 1705 3219 1747; x_wconf 92' lang='lat' dir='ltr'><strong>ante</strong></span> <span class='ocrx_word' id='word_1_229' title='bbox 3255 1695 3426 1758; x_wconf 87' lang='lat' dir='ltr'><strong>illum,</strong></span> <span class='ocrx_word' id='word_1_230' title='bbox 3472 1711 3536 1749; x_wconf 88' lang='lat' dir='ltr'><strong>ac</strong></span> 
     </span>
    </p>
   </div>
   <div class='ocr_carea' id='block_1_31' title="bbox 1939 1771 3532 1850">
    <p class='ocr_par' dir='ltr' id='par_1_31' title="bbox 1939 1771 3532 1850">
     <span class='ocr_line' id='line_1_31' title="bbox 1939 1771 3532 1850; baseline 0.013 -30"><span class='ocrx_word' id='word_1_231' title='bbox 1939 1785 2070 1824; x_wconf 78' lang='lat' dir='ltr'><strong>voce</strong></span> <span class='ocrx_word' id='word_1_232' title='bbox 2105 1775 2468 1838; x_wconf 73' lang='lat' dir='ltr'><strong>magua‘dixit</strong></span> <span class='ocrx_word' id='word_1_233' title='bbox 2497 1794 2510 1828; x_wconf 91' lang='lat'><strong>:</strong></span> <span class='ocrx_word' id='word_1_234' title='bbox 2543 1771 2680 1841; x_wconf 84' lang='lat' dir='ltr'><strong>Quid</strong></span> <span class='ocrx_word' id='word_1_235' title='bbox 2715 1780 2844 1832; x_wconf 91' lang='lat' dir='ltr'><strong>mihi</strong></span> <span class='ocrx_word' id='word_1_236' title='bbox 2895 1781 2968 1834; x_wconf 85' lang='lat' dir='ltr'><strong>rei</strong></span> <span class='ocrx_word' id='word_1_237' title='bbox 3012 1790 3185 1835; x_wconf 88' lang='lat' dir='ltr'><strong>tecmn</strong></span> <span class='ocrx_word' id='word_1_238' title='bbox 3222 1793 3327 1847; x_wconf 89' lang='lat' dir='ltr'><strong>est,</strong></span> <span class='ocrx_word' id='word_1_239' title='bbox 3380 1783 3532 1850; x_wconf 82' lang='lat' dir='ltr'><strong>Jesu,</strong></span> 
     </span>
    </p>
   </div>
   <div class='ocr_carea' id='block_1_32' title="bbox 239 1848 1833 1938">
    <p class='ocr_par' dir='ltr' id='par_1_32' title="bbox 239 1857 1829 1935">
     <span class='ocr_line' id='line_1_32' title="bbox 239 1857 1829 1935; baseline -0.005 -16"><span class='ocrx_word' id='word_1_240' title='bbox 239 1865 461 1935; x_wconf 70' lang='grc' dir='ltr'>ὑψίστου</span> <span class='ocrx_word' id='word_1_241' title='bbox 491 1881 505 1925; x_wconf 86' lang='grc'><strong>;</strong></span> <span class='ocrx_word' id='word_1_242' title='bbox 531 1862 735 1928; x_wconf 75' lang='grc' dir='ltr'>Δέομαί</span> <span class='ocrx_word' id='word_1_243' title='bbox 761 1877 875 1925; x_wconf 87' lang='grc' dir='ltr'>σου,</span> <span class='ocrx_word' id='word_1_244' title='bbox 912 1860 987 1930; x_wconf 85' lang='grc' dir='ltr'>μή</span> <span class='ocrx_word' id='word_1_245' title='bbox 1023 1875 1089 1928; x_wconf 81' lang='grc' dir='ltr'><strong>με</strong></span> <span class='ocrx_word' id='word_1_246' title='bbox 1115 1857 1436 1933; x_wconf 77' lang='grc' dir='ltr'>βασανίσῃς.</span> <span class='ocrx_word' id='word_1_247' title='bbox 1474 1859 1829 1930; x_wconf 83' lang='grc' dir='ltr'>Παρήγγελλε</span> 
     </span>
    </p>
   </div>
   <div class='ocr_carea' id='block_1_33' title="bbox 1934 1848 3532 1938">
    <p class='ocr_par' dir='ltr' id='par_1_33' title="bbox 1936 1848 3532 1938">
     <span class='ocr_line' id='line_1_33' title="bbox 1936 1848 3532 1938; baseline 0.008 -27"><span class='ocrx_word' id='word_1_248' title='bbox 1936 1859 2036 1912; x_wconf 83' lang='lat' dir='ltr'><strong>Fili</strong></span> <span class='ocrx_word' id='word_1_249' title='bbox 2094 1859 2186 1913; x_wconf 89' lang='lat' dir='ltr'><strong>Dei</strong></span> <span class='ocrx_word' id='word_1_250' title='bbox 2243 1860 2539 1917; x_wconf 78' lang='lat' dir='ltr'><strong>altissimi?</strong></span> <span class='ocrx_word' id='word_1_251' title='bbox 2588 1865 2836 1922; x_wconf 85' lang='lat' dir='ltr'><strong>Obsecro</strong></span> <span class='ocrx_word' id='word_1_252' title='bbox 2879 1877 2950 1929; x_wconf 85' lang='lat' dir='ltr'><strong>te,</strong></span> <span class='ocrx_word' id='word_1_253' title='bbox 3003 1883 3070 1920; x_wconf 91' lang='lat' dir='ltr'><strong>ne</strong></span> <span class='ocrx_word' id='word_1_254' title='bbox 3118 1886 3203 1922; x_wconf 91' lang='lat' dir='ltr'><strong>me</strong></span> <span class='ocrx_word' id='word_1_255' title='bbox 3252 1848 3532 1938; x_wconf 71' lang='lat' dir='ltr'><strong>torqueas.</strong></span> 
     </span>
    </p>
   </div>
   <div class='ocr_carea' id='block_1_34' title="bbox 237 1951 1831 2028">
    <p class='ocr_par' dir='ltr' id='par_1_34' title="bbox 237 1951 1831 2028">
     <span class='ocr_line' id='line_1_34' title="bbox 237 1951 1831 2028; baseline -0.004 -17"><span class='ocrx_word' id='word_1_256' title='bbox 237 1960 347 2028; x_wconf 63' lang='grc' dir='ltr'>γὰρ</span> <span class='ocrx_word' id='word_1_257' title='bbox 376 1957 454 2027; x_wconf 83' lang='grc' dir='ltr'>τῷ</span> <span class='ocrx_word' id='word_1_258' title='bbox 506 1959 782 2022; x_wconf 68' lang='grc' dir='ltr'>πνεύματι</span> <span class='ocrx_word' id='word_1_259' title='bbox 834 1953 913 2023; x_wconf 83' lang='grc' dir='ltr'>τῷ</span> <span class='ocrx_word' id='word_1_260' title='bbox 958 1952 1261 2021; x_wconf 75' lang='grc' dir='ltr'><strong>ἀκαθάρτῳ</strong></span> <span class='ocrx_word' id='word_1_261' title='bbox 1311 1951 1547 2016; x_wconf 79' lang='grc' dir='ltr'><strong>ἐξελθεῖν</strong></span> <span class='ocrx_word' id='word_1_262' title='bbox 1595 1952 1705 2005; x_wconf 82' lang='grc' dir='ltr'>ἀπὸ</span> <span class='ocrx_word' id='word_1_263' title='bbox 1737 1953 1831 2004; x_wconf 88' lang='grc' dir='ltr'><strong>τοῦ</strong></span> 
     </span>
    </p>
   </div>
   <div class='ocr_carea' id='block_1_35' title="bbox 237 2044 1828 2121">
    <p class='ocr_par' dir='ltr' id='par_1_35' title="bbox 237 2044 1828 2121">
     <span class='ocr_line' id='line_1_35' title="bbox 237 2044 1828 2121; baseline -0.006 -16"><span class='ocrx_word' id='word_1_264' title='bbox 237 2049 554 2121; x_wconf 71' lang='grc' dir='ltr'>ἀνθρώπου.</span> <span class='ocrx_word' id='word_1_265' title='bbox 604 2047 827 2108; x_wconf 79' lang='grc' dir='ltr'><strong>Πολλοῖς</strong></span> <span class='ocrx_word' id='word_1_266' title='bbox 866 2046 979 2115; x_wconf 75' lang='grc' dir='ltr'>γὰρ</span> <span class='ocrx_word' id='word_1_267' title='bbox 1017 2046 1229 2115; x_wconf 77' lang='grc' dir='ltr'>χρόνοις</span> <span class='ocrx_word' id='word_1_268' title='bbox 1264 2044 1611 2114; x_wconf 72' lang='grc' dir='ltr'>συνηρπάκει</span> <span class='ocrx_word' id='word_1_269' title='bbox 1644 2045 1828 2109; x_wconf 75' lang='grc' dir='ltr'>αὐτὸν,</span> 
     </span>
    </p>
   </div>
   <div class='ocr_carea' id='block_1_36' title="bbox 240 2136 1833 2210">
    <p class='ocr_par' dir='ltr' id='par_1_36' title="bbox 240 2136 1833 2210">
     <span class='ocr_line' id='line_1_36' title="bbox 240 2136 1833 2210; baseline -0.004 -15"><span class='ocrx_word' id='word_1_270' title='bbox 240 2143 336 2195; x_wconf 79' lang='grc' dir='ltr'>καὶ</span> <span class='ocrx_word' id='word_1_271' title='bbox 368 2141 648 2210; x_wconf 75' lang='grc' dir='ltr'>ὲδεσμεῖτο</span> <span class='ocrx_word' id='word_1_272' title='bbox 669 2138 893 2192; x_wconf 79' lang='grc' dir='ltr'>ἁλύσεσι</span> <span class='ocrx_word' id='word_1_273' title='bbox 931 2139 1024 2189; x_wconf 77' lang='grc' dir='ltr'><strong>καὶ</strong></span> <span class='ocrx_word' id='word_1_274' title='bbox 1054 2136 1245 2197; x_wconf 83' lang='grc' dir='ltr'><strong>πέδαις</strong></span> <span class='ocrx_word' id='word_1_275' title='bbox 1271 2136 1705 2206; x_wconf 74' lang='grc' dir='ltr'>φυλασσόμενος,</span> <span class='ocrx_word' id='word_1_276' title='bbox 1741 2137 1833 2188; x_wconf 81' lang='grc' dir='ltr'>καὶ</span> 
     </span>
    </p>
   </div>
   <div class='ocr_carea' id='block_1_37' title="bbox 236 2227 1832 2312">
    <p class='ocr_par' dir='ltr' id='par_1_37' title="bbox 236 2227 1832 2312">
     <span class='ocr_line' id='line_1_37' title="bbox 236 2227 1832 2312; baseline -0.004 -26"><span class='ocrx_word' id='word_1_277' title='bbox 236 2234 587 2305; x_wconf 73' lang='grc' dir='ltr'>διαρῤήσεων</span> <span class='ocrx_word' id='word_1_278' title='bbox 621 2230 690 2283; x_wconf 78' lang='grc' dir='ltr'>τὰ</span> <span class='ocrx_word' id='word_1_279' title='bbox 716 2230 892 2312; x_wconf 72' lang='grc' dir='ltr'>δεσμὰ</span> <span class='ocrx_word' id='word_1_280' title='bbox 919 2228 1187 2298; x_wconf 74' lang='grc' dir='ltr'>ἠλαύνετο</span> <span class='ocrx_word' id='word_1_281' title='bbox 1213 2228 1320 2280; x_wconf 76' lang='grc' dir='ltr'><strong>ὑπδ</strong></span> <span class='ocrx_word' id='word_1_282' title='bbox 1349 2227 1444 2280; x_wconf 87' lang='grc' dir='ltr'><strong>τοῦ</strong></span> <span class='ocrx_word' id='word_1_283' title='bbox 1467 2228 1726 2298; x_wconf 86' lang='grc' dir='ltr'>’δαίμονος</span> <span class='ocrx_word' id='word_1_284' title='bbox 1752 2231 1832 2285; x_wconf 81' lang='grc' dir='ltr'>εἰς</span> 
     </span>
    </p>
   </div>
   <div class='ocr_carea' id='block_1_38' title="bbox 236 2318 1832 2394">
    <p class='ocr_par' dir='ltr' id='par_1_38' title="bbox 236 2318 1832 2394">
     <span class='ocr_line' id='line_1_38' title="bbox 236 2318 1832 2394; baseline -0.003 -17"><span class='ocrx_word' id='word_1_285' title='bbox 236 2324 334 2387; x_wconf 79' lang='grc' dir='ltr'>τὰς</span> <span class='ocrx_word' id='word_1_286' title='bbox 369 2325 633 2394; x_wconf 67' lang='grc' dir='ltr'>δρήμους.</span> <span class='ocrx_word' id='word_1_287' title='bbox 694 2318 1056 2390; x_wconf 80' lang='grc' dir='ltr'>Ἐπηρώτησε</span> <span class='ocrx_word' id='word_1_288' title='bbox 1096 2319 1152 2372; x_wconf 77' lang='grc' dir='ltr'>δὲ</span> <span class='ocrx_word' id='word_1_289' title='bbox 1191 2320 1355 2372; x_wconf 77' lang='grc' dir='ltr'>αὑτὸν</span> <span class='ocrx_word' id='word_1_290' title='bbox 1403 2321 1432 2372; x_wconf 87' lang='grc' dir='ltr'><strong>ό</strong></span> <span class='ocrx_word' id='word_1_291' title='bbox 1476 2320 1706 2389; x_wconf 69' lang='grc' dir='ltr'>Ἰησοῦς,</span> <span class='ocrx_word' id='word_1_292' title='bbox 1741 2321 1832 2373; x_wconf 87' lang='grc' dir='ltr'>λέ-</span> 
     </span>
    </p>
   </div>
   <div class='ocr_carea' id='block_1_39' title="bbox 237 2408 1831 2484">
    <p class='ocr_par' dir='ltr' id='par_1_39' title="bbox 237 2408 1831 2484">
     <span class='ocr_line' id='line_1_39' title="bbox 237 2408 1831 2484; baseline -0.003 -14"><span class='ocrx_word' id='word_1_293' title='bbox 237 2432 370 2484; x_wconf 80' lang='grc' dir='ltr'>γωνο</span> <span class='ocrx_word' id='word_1_294' title='bbox 401 2417 466 2468; x_wconf 85' lang='grc' dir='ltr'>Τί</span> <span class='ocrx_word' id='word_1_295' title='bbox 514 2414 598 2468; x_wconf 89' lang='grc' dir='ltr'><strong>σοί</strong></span> <span class='ocrx_word' id='word_1_296' title='bbox 629 2416 779 2466; x_wconf 69' lang='grc' dir='ltr'>ἔστιν</span> <span class='ocrx_word' id='word_1_297' title='bbox 811 2412 1022 2482; x_wconf 77' lang='grc' dir='ltr'>ὅνομας</span> <span class='ocrx_word' id='word_1_298' title='bbox 1094 2412 1152 2465; x_wconf 87' lang='grc'><strong>’0</strong></span> <span class='ocrx_word' id='word_1_299' title='bbox 1183 2412 1239 2466; x_wconf 77' lang='grc' dir='ltr'>δὲ</span> <span class='ocrx_word' id='word_1_300' title='bbox 1279 2408 1424 2465; x_wconf 60' lang='grc' dir='ltr'>εἷπε</span> <span class='ocrx_word' id='word_1_301' title='bbox 1459 2409 1698 2480; x_wconf 81' lang='grc' dir='ltr'>Λεγεὼν,</span> <span class='ocrx_word' id='word_1_302' title='bbox 1750 2414 1831 2466; x_wconf 84' lang='grc' dir='ltr'>ὅτι</span> 
     </span>
    </p>
   </div>
   <div class='ocr_carea' id='block_1_40' title="bbox 235 2504 1832 2579">
    <p class='ocr_par' dir='ltr' id='par_1_40' title="bbox 235 2504 1832 2579">
     <span class='ocr_line' id='line_1_40' title="bbox 235 2504 1832 2579; baseline -0.003 -16"><span class='ocrx_word' id='word_1_303' title='bbox 235 2509 494 2579; x_wconf 77' lang='grc' dir='ltr'>δαιμόνια</span> <span class='ocrx_word' id='word_1_304' title='bbox 521 2505 694 2559; x_wconf 83' lang='grc' dir='ltr'>πολλά</span> <span class='ocrx_word' id='word_1_305' title='bbox 730 2504 982 2572; x_wconf 79' lang='grc' dir='ltr'>εἰσῆλθον</span> <span class='ocrx_word' id='word_1_306' title='bbox 1024 2505 1106 2565; x_wconf 80' lang='grc' dir='ltr'><strong>είς</strong></span> <span class='ocrx_word' id='word_1_307' title='bbox 1145 2505 1330 2566; x_wconf 77' lang='grc' dir='ltr'>αὐτὸν,</span> <span class='ocrx_word' id='word_1_308' title='bbox 1385 2505 1480 2556; x_wconf 75' lang='grc' dir='ltr'>καὶ</span> <span class='ocrx_word' id='word_1_309' title='bbox 1529 2504 1832 2572; x_wconf 78' lang='grc' dir='ltr'>παρεκάλει</span> 
     </span>
    </p>
   </div>
   <div class='ocr_carea' id='block_1_41' title="bbox 236 2596 1832 2669">
    <p class='ocr_par' dir='ltr' id='par_1_41' title="bbox 236 2596 1832 2669">
     <span class='ocr_line' id='line_1_41' title="bbox 236 2596 1832 2669; baseline -0.004 -13"><span class='ocrx_word' id='word_1_310' title='bbox 236 2602 428 2664; x_wconf 64' lang='grc' dir='ltr'>αὑτὸν,</span> <span class='ocrx_word' id='word_1_311' title='bbox 463 2601 552 2652; x_wconf 80' lang='grc' dir='ltr'>ἱνα</span> <span class='ocrx_word' id='word_1_312' title='bbox 576 2598 652 2669; x_wconf 83' lang='grc' dir='ltr'>μὴ</span> <span class='ocrx_word' id='word_1_313' title='bbox 679 2596 913 2668; x_wconf 77' lang='grc' dir='ltr'>ἐπιτάξῃ</span> <span class='ocrx_word' id='word_1_314' title='bbox 943 2597 1124 2658; x_wconf 80' lang='grc' dir='ltr'>αὐτοῖς</span> <span class='ocrx_word' id='word_1_315' title='bbox 1157 2597 1238 2658; x_wconf 84' lang='grc' dir='ltr'><strong>είς</strong></span> <span class='ocrx_word' id='word_1_316' title='bbox 1268 2597 1366 2666; x_wconf 78' lang='grc' dir='ltr'>τὴν</span> <span class='ocrx_word' id='word_1_317' title='bbox 1389 2597 1627 2651; x_wconf 77' lang='grc' dir='ltr'>ἄϐυσσον</span> <span class='ocrx_word' id='word_1_318' title='bbox 1664 2599 1832 2653; x_wconf 80' lang='grc' dir='ltr'>ἀπελ-</span> 
     </span>
    </p>
   </div>
   <div class='ocr_carea' id='block_1_42' title="bbox 235 2690 1824 2761">
    <p class='ocr_par' dir='ltr' id='par_1_42' title="bbox 235 2690 1824 2761">
     <span class='ocr_line' id='line_1_42' title="bbox 235 2690 1824 2761; baseline -0.004 -12"><span class='ocrx_word' id='word_1_319' title='bbox 235 2695 373 2749; x_wconf 77' lang='grc' dir='ltr'>θεῖν.</span> <span class='ocrx_word' id='word_1_320' title='bbox 403 2690 513 2746; x_wconf 82' lang='grc' dir='ltr'><strong>Ἦν</strong></span> <span class='ocrx_word' id='word_1_321' title='bbox 542 2693 597 2744; x_wconf 68' lang='grc' dir='ltr'><strong>ει</strong></span> <span class='ocrx_word' id='word_1_322' title='bbox 635 2693 751 2743; x_wconf 74' lang='grc' dir='ltr'>ἐκεῖ</span> <span class='ocrx_word' id='word_1_323' title='bbox 785 2690 955 2759; x_wconf 81' lang='grc' dir='ltr'><strong>ἀγέλη</strong></span> <span class='ocrx_word' id='word_1_324' title='bbox 1001 2690 1204 2758; x_wconf 89' lang='grc' dir='ltr'>χοίρων</span> <span class='ocrx_word' id='word_1_325' title='bbox 1236 2690 1440 2742; x_wconf 84' lang='grc' dir='ltr'>ίκανὼν</span> <span class='ocrx_word' id='word_1_326' title='bbox 1471 2690 1824 2761; x_wconf 70' lang='grc' dir='ltr'>βοσκομένων</span> 
     </span>
    </p>
   </div>
   <div class='ocr_carea' id='block_1_43' title="bbox 235 2781 1832 2856">
    <p class='ocr_par' dir='ltr' id='par_1_43' title="bbox 235 2781 1832 2856">
     <span class='ocr_line' id='line_1_43' title="bbox 235 2781 1832 2856; baseline -0.002 -18"><span class='ocrx_word' id='word_1_327' title='bbox 235 2788 294 2839; x_wconf 72' lang='grc' dir='ltr'><strong>ὲν</strong></span> <span class='ocrx_word' id='word_1_328' title='bbox 322 2784 401 2854; x_wconf 88' lang='grc' dir='ltr'><strong>τῷ</strong></span> <span class='ocrx_word' id='word_1_329' title='bbox 428 2784 567 2856; x_wconf 77' lang='grc' dir='ltr'>δρει,</span> <span class='ocrx_word' id='word_1_330' title='bbox 595 2784 691 2836; x_wconf 74' lang='grc' dir='ltr'>καὶ</span> <span class='ocrx_word' id='word_1_331' title='bbox 721 2783 1068 2852; x_wconf 74' lang='grc' dir='ltr'>παρεκάλουν</span> <span class='ocrx_word' id='word_1_332' title='bbox 1094 2781 1259 2834; x_wconf 63' lang='grc' dir='ltr'>αὑτὸν</span> <span class='ocrx_word' id='word_1_333' title='bbox 1301 2782 1390 2835; x_wconf 67' lang='lat' dir='ltr'><strong>tua.</strong></span> <span class='ocrx_word' id='word_1_334' title='bbox 1419 2783 1696 2856; x_wconf 76' lang='grc' dir='ltr'>ἐπιτρέψῃ</span> <span class='ocrx_word' id='word_1_335' title='bbox 1733 2785 1832 2835; x_wconf 83' lang='grc' dir='ltr'><strong>αὑ-</strong></span> 
     </span>
    </p>
   </div>
   <div class='ocr_carea' id='block_1_44' title="bbox 236 2871 1827 2941">
    <p class='ocr_par' dir='ltr' id='par_1_44' title="bbox 236 2871 1827 2941">
     <span class='ocr_line' id='line_1_44' title="bbox 236 2871 1827 2941; baseline -0.004 -13"><span class='ocrx_word' id='word_1_336' title='bbox 236 2879 349 2939; x_wconf 86' lang='grc' dir='ltr'>τοῖς</span> <span class='ocrx_word' id='word_1_337' title='bbox 384 2877 462 2938; x_wconf 77' lang='grc' dir='ltr'><strong>είς</strong></span> <span class='ocrx_word' id='word_1_338' title='bbox 497 2874 738 2936; x_wconf 73' lang='grc' dir='ltr'>ἐκείνους</span> <span class='ocrx_word' id='word_1_339' title='bbox 792 2871 1081 2933; x_wconf 81' lang='grc' dir='ltr'>εἰσελθεῖν,</span> <span class='ocrx_word' id='word_1_340' title='bbox 1134 2872 1228 2923; x_wconf 75' lang='grc' dir='ltr'>καὶ</span> <span class='ocrx_word' id='word_1_341' title='bbox 1283 2872 1589 2941; x_wconf 68' lang='grc' dir='ltr'>ἐπέτρεψεν</span> <span class='ocrx_word' id='word_1_342' title='bbox 1622 2874 1827 2935; x_wconf 82' lang='grc' dir='ltr'>αὐτοῖς.</span> 
     </span>
    </p>
   </div>
   <div class='ocr_carea' id='block_1_45' title="bbox 249 2962 1830 3036">
    <p class='ocr_par' dir='ltr' id='par_1_45' title="bbox 249 2962 1830 3036">
     <span class='ocr_line' id='line_1_45' title="bbox 249 2962 1830 3036; baseline -0.001 -16"><span class='ocrx_word' id='word_1_343' title='bbox 249 2967 568 3033; x_wconf 77' lang='grc' dir='ltr'>Ἐξελθόντα</span> <span class='ocrx_word' id='word_1_344' title='bbox 595 2965 654 3019; x_wconf 75' lang='grc' dir='ltr'>δι</span> <span class='ocrx_word' id='word_1_345' title='bbox 677 2965 746 3018; x_wconf 78' lang='grc' dir='ltr'>τὰ</span> <span class='ocrx_word' id='word_1_346' title='bbox 777 2964 1031 3034; x_wconf 84' lang='grc' dir='ltr'>δαιμόνια</span> <span class='ocrx_word' id='word_1_347' title='bbox 1053 2963 1161 3016; x_wconf 84' lang='grc' dir='ltr'><strong>άπὸ</strong></span> <span class='ocrx_word' id='word_1_348' title='bbox 1183 2962 1278 3016; x_wconf 90' lang='grc' dir='ltr'><strong>τοῦ</strong></span> <span class='ocrx_word' id='word_1_349' title='bbox 1307 2963 1620 3033; x_wconf 81' lang='grc' dir='ltr'>ἀνθρώπου,</span> <span class='ocrx_word' id='word_1_350' title='bbox 1650 2967 1830 3036; x_wconf 74' lang='grc' dir='ltr'>εἱσῆλο</span> 
     </span>
    </p>
   </div>
   <div class='ocr_carea' id='block_1_46' title="bbox 237 3054 1832 3129">
    <p class='ocr_par' dir='ltr' id='par_1_46' title="bbox 237 3054 1832 3129">
     <span class='ocr_line' id='line_1_46' title="bbox 237 3054 1832 3129; baseline 0 -18"><span class='ocrx_word' id='word_1_351' title='bbox 237 3060 330 3112; x_wconf 83' lang='grc' dir='ltr'><strong>θον</strong></span> <span class='ocrx_word' id='word_1_352' title='bbox 375 3061 456 3121; x_wconf 82' lang='grc' dir='ltr'><strong>είς</strong></span> <span class='ocrx_word' id='word_1_353' title='bbox 510 3059 636 3121; x_wconf 67' lang='grc' dir='ltr'>τοὺς</span> <span class='ocrx_word' id='word_1_354' title='bbox 673 3057 912 3129; x_wconf 80' lang='grc' dir='ltr'>χοίρους.</span> <span class='ocrx_word' id='word_1_355' title='bbox 949 3057 1060 3110; x_wconf 78' lang='grc' dir='ltr'><strong>Καὶ</strong></span> <span class='ocrx_word' id='word_1_356' title='bbox 1104 3054 1430 3127; x_wconf 78' lang='grc' dir='ltr'>ὦρμησενή</span> <span class='ocrx_word' id='word_1_357' title='bbox 1477 3057 1654 3126; x_wconf 81' lang='grc' dir='ltr'>ἀγέλη</span> <span class='ocrx_word' id='word_1_358' title='bbox 1686 3061 1832 3112; x_wconf 73' lang='grc' dir='ltr'>κατὰ</span> 
     </span>
    </p>
   </div>
   <div class='ocr_carea' id='block_1_47' title="bbox 233 3146 1829 3220">
    <p class='ocr_par' dir='ltr' id='par_1_47' title="bbox 233 3146 1829 3220">
     <span class='ocr_line' id='line_1_47' title="bbox 233 3146 1829 3220; baseline -0.005 -15"><span class='ocrx_word' id='word_1_359' title='bbox 233 3151 332 3205; x_wconf 88' lang='grc' dir='ltr'><strong>τοῦ</strong></span> <span class='ocrx_word' id='word_1_360' title='bbox 367 3148 617 3220; x_wconf 86' lang='grc' dir='ltr'>κρημνοῦ</span> <span class='ocrx_word' id='word_1_361' title='bbox 649 3149 728 3211; x_wconf 84' lang='grc' dir='ltr'><strong>είς</strong></span> <span class='ocrx_word' id='word_1_362' title='bbox 755 3149 856 3217; x_wconf 79' lang='grc' dir='ltr'><strong>τὴν</strong></span> <span class='ocrx_word' id='word_1_363' title='bbox 885 3146 1103 3216; x_wconf 83' lang='grc' dir='ltr'>λίμνην,</span> <span class='ocrx_word' id='word_1_364' title='bbox 1136 3148 1230 3198; x_wconf 77' lang='grc' dir='ltr'>καὶ</span> <span class='ocrx_word' id='word_1_365' title='bbox 1276 3147 1577 3216; x_wconf 79' lang='grc' dir='ltr'>ἀπεπνίγη,</span> <span class='ocrx_word' id='word_1_366' title='bbox 1623 3167 1642 3198; x_wconf 70' lang='grc' dir='ltr'><strong>ι</strong></span> <span class='ocrx_word' id='word_1_367' title='bbox 1689 3149 1829 3218; x_wconf 80' lang='grc' dir='ltr'><strong>Ὀρα</strong></span> 
     </span>
    </p>
   </div>
   <div class='ocr_carea' id='block_1_48' title="bbox 1937 1952 3538 2028">
    <p class='ocr_par' dir='ltr' id='par_1_48' title="bbox 1937 1952 3538 2028">
     <span class='ocr_line' id='line_1_48' title="bbox 1937 1952 3538 2028; baseline 0.009 -22"><span class='ocrx_word' id='word_1_368' title='bbox 1937 1952 2301 2024; x_wconf 71' lang='grc' dir='ltr'>Ρηεςὶρίειιαι</span> <span class='ocrx_word' id='word_1_369' title='bbox 2326 1957 2470 2010; x_wconf 91' lang='lat' dir='ltr'><strong>enim</strong></span> <span class='ocrx_word' id='word_1_370' title='bbox 2499 1958 2711 2028; x_wconf 86' lang='lat' dir='ltr'><strong>spiritui</strong></span> <span class='ocrx_word' id='word_1_371' title='bbox 2746 1962 3029 2014; x_wconf 86' lang='lat' dir='ltr'><strong>immundo</strong></span> <span class='ocrx_word' id='word_1_372' title='bbox 3062 1971 3116 2015; x_wconf 89' lang='lat' dir='ltr'><strong>ut</strong></span> <span class='ocrx_word' id='word_1_373' title='bbox 3143 1964 3319 2017; x_wconf 79' lang='lat' dir='ltr'><strong>exiret</strong></span> <span class='ocrx_word' id='word_1_374' title='bbox 3344 1966 3410 2017; x_wconf 88' lang='lat' dir='ltr'><strong>ab</strong></span> <span class='ocrx_word' id='word_1_375' title='bbox 3441 1965 3538 2019; x_wconf 89' lang='lat' dir='ltr'><strong>bo-</strong></span> 
     </span>
    </p>
   </div>
   <div class='ocr_carea' id='block_1_49' title="bbox 1937 2043 3535 2117">
    <p class='ocr_par' dir='ltr' id='par_1_49' title="bbox 1937 2043 3535 2117">
     <span class='ocr_line' id='line_1_49' title="bbox 1937 2043 3535 2117; baseline 0.007 -22"><span class='ocrx_word' id='word_1_376' title='bbox 1937 2043 2103 2098; x_wconf 87' lang='lat' dir='ltr'><strong>mine.</strong></span> <span class='ocrx_word' id='word_1_377' title='bbox 2141 2043 2484 2112; x_wconf 85' lang='lat' dir='ltr'><strong>Frequenter</strong></span> <span class='ocrx_word' id='word_1_378' title='bbox 2518 2048 2664 2101; x_wconf 90' lang='lat' dir='ltr'><strong>enim</strong></span> <span class='ocrx_word' id='word_1_379' title='bbox 2702 2050 3047 2117; x_wconf 82' lang='lat' dir='ltr'><strong>corripuerat</strong></span> <span class='ocrx_word' id='word_1_380' title='bbox 3098 2051 3274 2115; x_wconf 90' lang='lat' dir='ltr'><strong>illum,</strong></span> <span class='ocrx_word' id='word_1_381' title='bbox 3319 2063 3372 2105; x_wconf 91' lang='lat' dir='ltr'><strong>ct</strong></span> <span class='ocrx_word' id='word_1_382' title='bbox 3417 2053 3535 2106; x_wconf 78' lang='lat' dir='ltr'><strong>vin-</strong></span> 
     </span>
    </p>
   </div>
   <div class='ocr_carea' id='block_1_50' title="bbox 1933 2135 3535 2210">
    <p class='ocr_par' dir='ltr' id='par_1_50' title="bbox 1933 2135 3535 2210">
     <span class='ocr_line' id='line_1_50' title="bbox 1933 2135 3535 2210; baseline 0.006 -21"><span class='ocrx_word' id='word_1_383' title='bbox 1933 2135 2180 2189; x_wconf 82' lang='lat' dir='ltr'><strong>ciebatur</strong></span> <span class='ocrx_word' id='word_1_384' title='bbox 2228 2137 2462 2201; x_wconf 88' lang='lat' dir='ltr'><strong>catenis,</strong></span> <span class='ocrx_word' id='word_1_385' title='bbox 2503 2151 2557 2193; x_wconf 87' lang='lat' dir='ltr'><strong>et</strong></span> <span class='ocrx_word' id='word_1_386' title='bbox 2588 2141 2944 2209; x_wconf 90' lang='lat' dir='ltr'><strong>compedibus</strong></span> <span class='ocrx_word' id='word_1_387' title='bbox 2989 2145 3431 2210; x_wconf 77' lang='lat' dir='ltr'><strong>custodiebatur,</strong></span> <span class='ocrx_word' id='word_1_388' title='bbox 3479 2153 3535 2198; x_wconf 76' lang='lat' dir='ltr'><strong>et</strong></span> 
     </span>
    </p>
   </div>
   <div class='ocr_carea' id='block_1_51' title="bbox 1935 2228 3538 2300">
    <p class='ocr_par' dir='ltr' id='par_1_51' title="bbox 1935 2228 3538 2300">
     <span class='ocr_line' id='line_1_51' title="bbox 1935 2228 3538 2300; baseline 0.006 -19"><span class='ocrx_word' id='word_1_389' title='bbox 1935 2228 2111 2296; x_wconf 88' lang='lat' dir='ltr'><strong>ruptis</strong></span> <span class='ocrx_word' id='word_1_390' title='bbox 2138 2229 2376 2284; x_wconf 82' lang='lat' dir='ltr'><strong>vinculis</strong></span> <span class='ocrx_word' id='word_1_391' title='bbox 2408 2233 2674 2300; x_wconf 70' lang='lat' dir='ltr'><strong>agebatur</strong></span> <span class='ocrx_word' id='word_1_392' title='bbox 2703 2249 2732 2287; x_wconf 87' lang='lat' dir='ltr'><strong>a</strong></span> <span class='ocrx_word' id='word_1_393' title='bbox 2781 2235 3053 2290; x_wconf 69' lang='lat' dir='ltr'><strong>daemonio</strong></span> <span class='ocrx_word' id='word_1_394' title='bbox 3088 2237 3139 2291; x_wconf 89' lang='lat' dir='ltr'><strong>iu</strong></span> <span class='ocrx_word' id='word_1_395' title='bbox 3177 2239 3415 2291; x_wconf 85' lang='lat' dir='ltr'><strong>deserta.</strong></span> <span class='ocrx_word' id='word_1_396' title='bbox 3453 2239 3538 2292; x_wconf 87' lang='lat' dir='ltr'><strong>In-</strong></span> 
     </span>
    </p>
   </div>
   <div class='ocr_carea' id='block_1_52' title="bbox 1934 2322 3536 2396">
    <p class='ocr_par' dir='ltr' id='par_1_52' title="bbox 1934 2322 3536 2396">
     <span class='ocr_line' id='line_1_52' title="bbox 1934 2322 3536 2396; baseline 0.004 -20"><span class='ocrx_word' id='word_1_397' title='bbox 1934 2322 2233 2390; x_wconf 77' lang='lat' dir='ltr'><strong>terrogavit</strong></span> <span class='ocrx_word' id='word_1_398' title='bbox 2275 2333 2460 2376; x_wconf 84' lang='lat' dir='ltr'><strong>autem</strong></span> <span class='ocrx_word' id='word_1_399' title='bbox 2511 2324 2661 2378; x_wconf 92' lang='lat' dir='ltr'><strong>illum</strong></span> <span class='ocrx_word' id='word_1_400' title='bbox 2714 2324 2897 2392; x_wconf 85' lang='lat' dir='ltr'><strong>Jcsus,</strong></span> <span class='ocrx_word' id='word_1_401' title='bbox 2945 2327 3183 2383; x_wconf 87' lang='lat' dir='ltr'><strong>dicens:</strong></span> <span class='ocrx_word' id='word_1_402' title='bbox 3233 2330 3386 2396; x_wconf 85' lang='lat' dir='ltr'><strong>Quod</strong></span> <span class='ocrx_word' id='word_1_403' title='bbox 3442 2331 3536 2386; x_wconf 86' lang='lat' dir='ltr'><strong>tibi</strong></span> 
     </span>
    </p>
   </div>
   <div class='ocr_carea' id='block_1_53' title="bbox 1935 2415 3540 2489">
    <p class='ocr_par' dir='ltr' id='par_1_53' title="bbox 1935 2415 3540 2489">
     <span class='ocr_line' id='line_1_53' title="bbox 1935 2415 3540 2489; baseline 0.007 -24"><span class='ocrx_word' id='word_1_404' title='bbox 1935 2427 2132 2467; x_wconf 84' lang='lat' dir='ltr'><strong>nomen</strong></span> <span class='ocrx_word' id='word_1_405' title='bbox 2177 2415 2305 2468; x_wconf 87' lang='lat' dir='ltr'><strong>est?</strong></span> <span class='ocrx_word' id='word_1_406' title='bbox 2342 2417 2412 2468; x_wconf 76' lang='lat' dir='ltr'><strong>At</strong></span> <span class='ocrx_word' id='word_1_407' title='bbox 2453 2415 2542 2469; x_wconf 88' lang='lat' dir='ltr'><strong>ille</strong></span> <span class='ocrx_word' id='word_1_408' title='bbox 2579 2417 2758 2471; x_wconf 76' lang='lat' dir='ltr'><strong>dixit:</strong></span> <span class='ocrx_word' id='word_1_409' title='bbox 2797 2418 2988 2489; x_wconf 78' lang='lat' dir='ltr'><strong>Legio,</strong></span> <span class='ocrx_word' id='word_1_410' title='bbox 3031 2422 3156 2488; x_wconf 84' lang='lat' dir='ltr'><strong>quia</strong></span> <span class='ocrx_word' id='word_1_411' title='bbox 3199 2422 3540 2478; x_wconf 71' lang='lat' dir='ltr'><strong>intraverant</strong></span> 
     </span>
    </p>
   </div>
   <div class='ocr_carea' id='block_1_54' title="bbox 1934 2507 3540 2583">
    <p class='ocr_par' dir='ltr' id='par_1_54' title="bbox 1934 2507 3540 2583">
     <span class='ocr_line' id='line_1_54' title="bbox 1934 2507 3540 2583; baseline 0.008 -24"><span class='ocrx_word' id='word_1_412' title='bbox 1934 2507 2202 2560; x_wconf 66' lang='lat' dir='ltr'><strong>daemonia</strong></span> <span class='ocrx_word' id='word_1_413' title='bbox 2255 2509 2425 2563; x_wconf 86' lang='lat' dir='ltr'><strong>multa</strong></span> <span class='ocrx_word' id='word_1_414' title='bbox 2472 2510 2526 2562; x_wconf 90' lang='lat' dir='ltr'><strong>in</strong></span> <span class='ocrx_word' id='word_1_415' title='bbox 2580 2526 2726 2564; x_wconf 88' lang='lat' dir='ltr'><strong>eum.</strong></span> <span class='ocrx_word' id='word_1_416' title='bbox 2771 2509 2835 2564; x_wconf 80' lang='lat' dir='ltr'><strong>Et</strong></span> <span class='ocrx_word' id='word_1_417' title='bbox 2888 2523 3222 2583; x_wconf 78' lang='lat' dir='ltr'><strong>rogaverunt</strong></span> <span class='ocrx_word' id='word_1_418' title='bbox 3259 2515 3410 2570; x_wconf 90' lang='lat' dir='ltr'><strong>illum</strong></span> <span class='ocrx_word' id='word_1_419' title='bbox 3471 2534 3540 2572; x_wconf 90' lang='lat' dir='ltr'><strong>ne</strong></span> 
     </span>
    </p>
   </div>
   <div class='ocr_carea' id='block_1_55' title="bbox 1934 2597 3538 2673">
    <p class='ocr_par' dir='ltr' id='par_1_55' title="bbox 1934 2597 3538 2673">
     <span class='ocr_line' id='line_1_55' title="bbox 1934 2597 3538 2673; baseline 0.009 -25"><span class='ocrx_word' id='word_1_420' title='bbox 1934 2597 2238 2667; x_wconf 80' lang='lat' dir='ltr'><strong>imperaret</strong></span> <span class='ocrx_word' id='word_1_421' title='bbox 2270 2600 2403 2668; x_wconf 88' lang='lat' dir='ltr'><strong>ipsis</strong></span> <span class='ocrx_word' id='word_1_422' title='bbox 2434 2612 2494 2654; x_wconf 92' lang='lat' dir='ltr'><strong>ut</strong></span> <span class='ocrx_word' id='word_1_423' title='bbox 2545 2602 2596 2654; x_wconf 91' lang='lat' dir='ltr'><strong>in</strong></span> <span class='ocrx_word' id='word_1_424' title='bbox 2649 2604 2912 2673; x_wconf 84' lang='lat' dir='ltr'><strong>abyssum</strong></span> <span class='ocrx_word' id='word_1_425' title='bbox 2967 2605 3130 2661; x_wconf 88' lang='lat' dir='ltr'><strong>irent.</strong></span> <span class='ocrx_word' id='word_1_426' title='bbox 3179 2608 3308 2662; x_wconf 82' lang='lat' dir='ltr'><strong>Erat</strong></span> <span class='ocrx_word' id='word_1_427' title='bbox 3355 2620 3538 2664; x_wconf 86' lang='lat' dir='ltr'><strong>autem</strong></span> 
     </span>
    </p>
   </div>
   <div class='ocr_carea' id='block_1_56' title="bbox 1936 2686 3536 2766">
    <p class='ocr_par' dir='ltr' id='par_1_56' title="bbox 1936 2686 3536 2766">
     <span class='ocr_line' id='line_1_56' title="bbox 1936 2686 3536 2766; baseline 0.013 -28"><span class='ocrx_word' id='word_1_428' title='bbox 1936 2686 2005 2741; x_wconf 86' lang='lat' dir='ltr'><strong>ibi</strong></span> <span class='ocrx_word' id='word_1_429' title='bbox 2042 2702 2175 2756; x_wconf 73' lang='lat' dir='ltr'><strong>grex</strong></span> <span class='ocrx_word' id='word_1_430' title='bbox 2206 2703 2496 2758; x_wconf 90' lang='lat' dir='ltr'><strong>porcorum</strong></span> <span class='ocrx_word' id='word_1_431' title='bbox 2533 2692 2831 2746; x_wconf 86' lang='lat' dir='ltr'><strong>multorum</strong></span> <span class='ocrx_word' id='word_1_432' title='bbox 2866 2698 3214 2763; x_wconf 87' lang='lat' dir='ltr'><strong>pascentium</strong></span> <span class='ocrx_word' id='word_1_433' title='bbox 3244 2703 3296 2753; x_wconf 89' lang='lat' dir='ltr'><strong>in</strong></span> <span class='ocrx_word' id='word_1_434' title='bbox 3329 2711 3536 2766; x_wconf 87' lang='lat' dir='ltr'><strong>monte,</strong></span> 
     </span>
    </p>
   </div>
   <div class='ocr_carea' id='block_1_57' title="bbox 1933 2783 3538 2860">
    <p class='ocr_par' dir='ltr' id='par_1_57' title="bbox 1933 2783 3538 2860">
     <span class='ocr_line' id='line_1_57' title="bbox 1933 2783 3538 2860; baseline 0.011 -27"><span class='ocrx_word' id='word_1_435' title='bbox 1933 2789 1989 2834; x_wconf 92' lang='lat' dir='ltr'><strong>et</strong></span> <span class='ocrx_word' id='word_1_436' title='bbox 2017 2783 2285 2851; x_wconf 76' lang='lat' dir='ltr'><strong>rogabant</strong></span> <span class='ocrx_word' id='word_1_437' title='bbox 2326 2797 2452 2836; x_wconf 91' lang='lat' dir='ltr'><strong>eum</strong></span> <span class='ocrx_word' id='word_1_438' title='bbox 2503 2794 2560 2837; x_wconf 91' lang='lat' dir='ltr'><strong>ut</strong></span> <span class='ocrx_word' id='word_1_439' title='bbox 2609 2787 2953 2853; x_wconf 89' lang='lat' dir='ltr'><strong>permltteret</strong></span> <span class='ocrx_word' id='word_1_440' title='bbox 3008 2790 3144 2860; x_wconf 82' lang='lat' dir='ltr'><strong>ipsis</strong></span> <span class='ocrx_word' id='word_1_441' title='bbox 3195 2793 3249 2846; x_wconf 92' lang='lat' dir='ltr'><strong>in</strong></span> <span class='ocrx_word' id='word_1_442' title='bbox 3303 2794 3422 2850; x_wconf 91' lang='lat' dir='ltr'><strong>illos</strong></span> <span class='ocrx_word' id='word_1_443' title='bbox 3454 2797 3538 2850; x_wconf 86' lang='lat' dir='ltr'><strong>in-</strong></span> 
     </span>
    </p>
   </div>
   <div class='ocr_carea' id='block_1_58' title="bbox 1932 2871 3540 2952">
    <p class='ocr_par' dir='ltr' id='par_1_58' title="bbox 1932 2871 3540 2952">
     <span class='ocr_line' id='line_1_58' title="bbox 1932 2871 3540 2952; baseline 0.011 -28"><span class='ocrx_word' id='word_1_444' title='bbox 1932 2873 2106 2937; x_wconf 69' lang='lat' dir='ltr'><strong>gredi.</strong></span> <span class='ocrx_word' id='word_1_445' title='bbox 2138 2871 2201 2926; x_wconf 84' lang='lat' dir='ltr'><strong>Et</strong></span> <span class='ocrx_word' id='word_1_446' title='bbox 2243 2875 2490 2940; x_wconf 88' lang='lat' dir='ltr'><strong>permisit</strong></span> <span class='ocrx_word' id='word_1_447' title='bbox 2533 2875 2658 2929; x_wconf 91' lang='lat' dir='ltr'><strong>illis.</strong></span> <span class='ocrx_word' id='word_1_448' title='bbox 2699 2875 2968 2932; x_wconf 74' lang='lat' dir='ltr'><strong>Exierunt</strong></span> <span class='ocrx_word' id='word_1_449' title='bbox 3009 2895 3140 2952; x_wconf 69' lang='lat' dir='ltr'><strong>ergo</strong></span> <span class='ocrx_word' id='word_1_450' title='bbox 3173 2886 3439 2940; x_wconf 70' lang='lat' dir='ltr'><strong>dartnouia</strong></span> <span class='ocrx_word' id='word_1_451' title='bbox 3470 2887 3540 2942; x_wconf 82' lang='lat' dir='ltr'><strong>ab</strong></span> 
     </span>
    </p>
   </div>
   <div class='ocr_carea' id='block_1_59' title="bbox 1935 2962 3539 3046">
    <p class='ocr_par' dir='ltr' id='par_1_59' title="bbox 1935 2962 3539 3046">
     <span class='ocr_line' id='line_1_59' title="bbox 1935 2962 3539 3046; baseline 0.01 -30"><span class='ocrx_word' id='word_1_452' title='bbox 1935 2962 2177 3028; x_wconf 87' lang='lat' dir='ltr'><strong>homine,</strong></span> <span class='ocrx_word' id='word_1_453' title='bbox 2215 2975 2270 3019; x_wconf 88' lang='lat' dir='ltr'><strong>et</strong></span> <span class='ocrx_word' id='word_1_454' title='bbox 2318 2967 2662 3022; x_wconf 87' lang='lat' dir='ltr'><strong>intraverunt</strong></span> <span class='ocrx_word' id='word_1_455' title='bbox 2703 2970 2754 3022; x_wconf 89' lang='lat' dir='ltr'><strong>in</strong></span> <span class='ocrx_word' id='word_1_456' title='bbox 2795 2985 2994 3038; x_wconf 81' lang='lat' dir='ltr'><strong>pcrcos</strong></span> <span class='ocrx_word' id='word_1_457' title='bbox 3027 2991 3040 3027; x_wconf 91' lang='lat'>:</span> <span class='ocrx_word' id='word_1_458' title='bbox 3081 2983 3135 3028; x_wconf 88' lang='lat' dir='ltr'><strong>et</strong></span> <span class='ocrx_word' id='word_1_459' title='bbox 3167 2977 3371 3046; x_wconf 80' lang='lat' dir='ltr'><strong>impetu</strong></span> <span class='ocrx_word' id='word_1_460' title='bbox 3402 2979 3539 3034; x_wconf 77' lang='lat' dir='ltr'><strong>abiit</strong></span> 
     </span>
    </p>
   </div>
   <div class='ocr_carea' id='block_1_60' title="bbox 1933 3054 3532 3131">
    <p class='ocr_par' dir='ltr' id='par_1_60' title="bbox 1933 3054 3532 3131">
     <span class='ocr_line' id='line_1_60' title="bbox 1933 3054 3532 3131; baseline 0.01 -23"><span class='ocrx_word' id='word_1_461' title='bbox 1933 3073 2064 3124; x_wconf 79' lang='lat' dir='ltr'><strong>grex</strong></span> <span class='ocrx_word' id='word_1_462' title='bbox 2094 3074 2190 3126; x_wconf 82' lang='lat' dir='ltr'><strong>pcr</strong></span> <span class='ocrx_word' id='word_1_463' title='bbox 2227 3054 2468 3130; x_wconf 70' lang='lat' dir='ltr'><strong>prmceps</strong></span> <span class='ocrx_word' id='word_1_464' title='bbox 2504 3062 2554 3113; x_wconf 86' lang='lat' dir='ltr'><strong>in</strong></span> <span class='ocrx_word' id='word_1_465' title='bbox 2605 3072 2881 3131; x_wconf 79' lang='lat' dir='ltr'><strong>stagnum,</strong></span> <span class='ocrx_word' id='word_1_466' title='bbox 2945 3078 3002 3120; x_wconf 89' lang='lat' dir='ltr'><strong>et</strong></span> <span class='ocrx_word' id='word_1_467' title='bbox 3035 3066 3332 3123; x_wconf 70' lang='lat' dir='ltr'><strong>ettﬂ&#39;oratus</strong></span> <span class='ocrx_word' id='word_1_468' title='bbox 3365 3083 3472 3128; x_wconf 83' lang='lat' dir='ltr'><strong>est.</strong></span> <span class='ocrx_word' id='word_1_469' title='bbox 3511 3091 3532 3124; x_wconf 71' lang='grc' dir='ltr'><strong>ι</strong></span> 
     </span>
    </p>
   </div>
   <div class='ocr_carea' id='block_1_61' title="bbox 1939 3146 3535 3230">
    <p class='ocr_par' dir='ltr' id='par_1_61' title="bbox 1939 3146 3535 3230">
     <span class='ocr_line' id='line_1_61' title="bbox 1939 3146 3535 3230; baseline 0.011 -31"><span class='ocrx_word' id='word_1_470' title='bbox 1939 3146 2071 3202; x_wconf 81' lang='lat' dir='ltr'><strong>Vide</strong></span> <span class='ocrx_word' id='word_1_471' title='bbox 2102 3152 2403 3205; x_wconf 77' lang='lat' dir='ltr'><strong>daemonem</strong></span> <span class='ocrx_word' id='word_1_472' title='bbox 2449 3153 2664 3209; x_wconf 88' lang='lat' dir='ltr'><strong>duabus</strong></span> <span class='ocrx_word' id='word_1_473' title='bbox 2696 3156 2855 3210; x_wconf 91' lang='lat' dir='ltr'><strong>malis</strong></span> <span class='ocrx_word' id='word_1_474' title='bbox 2903 3156 3287 3215; x_wconf 78' lang='lat' dir='ltr'><strong>aﬂectiouibus</strong></span> <span class='ocrx_word' id='word_1_475' title='bbox 3338 3167 3535 3230; x_wconf 84' lang='lat' dir='ltr'><strong>teneri,</strong></span> 
     </span>
    </p>
   </div>
   <div class='ocr_carea' id='block_1_62' title="bbox 236 3210 1833 3319">
    <p class='ocr_par' dir='ltr' id='par_1_62' title="bbox 236 3210 1824 3312">
     <span class='ocr_line' id='line_1_62' title="bbox 236 3210 1824 3312; baseline -0.003 -16"><span class='ocrx_word' id='word_1_476' title='bbox 236 3248 329 3297; x_wconf 78' lang='grc' dir='ltr'><strong>τὸν</strong></span> <span class='ocrx_word' id='word_1_477' title='bbox 351 3210 585 3312; x_wconf 71' lang='grc' dir='ltr'>δαίμονα</span> <span class='ocrx_word' id='word_1_478' title='bbox 603 3210 726 3294; x_wconf 66' lang='lat' dir='ltr'><strong>onst</strong></span> <span class='ocrx_word' id='word_1_479' title='bbox 753 3210 954 3300; x_wconf 76' lang='grc' dir='ltr'>κακίας</span> <span class='ocrx_word' id='word_1_480' title='bbox 985 3210 1184 3291; x_wconf 76' lang='grc' dir='ltr'>πάθεσι</span> <span class='ocrx_word' id='word_1_481' title='bbox 1215 3210 1598 3309; x_wconf 65' lang='grc' dir='ltr'>μεριζόμενον,</span> <span class='ocrx_word' id='word_1_482' title='bbox 1629 3210 1824 3310; x_wconf 66' lang='grc' dir='ltr'>θράσει</span> 
     </span>
    </p>
   </div>
   <div class='ocr_carea' id='block_1_63' title="bbox 1934 3210 3540 3319">
    <p class='ocr_par' dir='ltr' id='par_1_63' title="bbox 1934 3241 3540 3319">
     <span class='ocr_line' id='line_1_63' title="bbox 1934 3241 3540 3319; baseline 0.012 -27"><span class='ocrx_word' id='word_1_483' title='bbox 1934 3241 2162 3296; x_wconf 85' lang='lat' dir='ltr'><strong>audacia</strong></span> <span class='ocrx_word' id='word_1_484' title='bbox 2206 3253 2262 3296; x_wconf 84' lang='lat' dir='ltr'><strong>et</strong></span> <span class='ocrx_word' id='word_1_485' title='bbox 2303 3245 2521 3300; x_wconf 83' lang='lat' dir='ltr'><strong>timore.</strong></span> <span class='ocrx_word' id='word_1_486' title='bbox 2569 3245 2704 3300; x_wconf 79' lang='lat' dir='ltr'><strong>Nam</strong></span> <span class='ocrx_word' id='word_1_487' title='bbox 2748 3250 2892 3317; x_wconf 87' lang='lat' dir='ltr'><strong>quod</strong></span> <span class='ocrx_word' id='word_1_488' title='bbox 2927 3251 3108 3306; x_wconf 88' lang='lat' dir='ltr'><strong>dicit:</strong></span> <span class='ocrx_word' id='word_1_489' title='bbox 3143 3254 3282 3319; x_wconf 86' lang='lat' dir='ltr'><strong>Quid</strong></span> <span class='ocrx_word' id='word_1_490' title='bbox 3321 3256 3452 3310; x_wconf 88' lang='lat' dir='ltr'><strong>utibi</strong></span> <span class='ocrx_word' id='word_1_491' title='bbox 3485 3270 3540 3312; x_wconf 90' lang='lat' dir='ltr'><strong>et</strong></span> 
     </span>
    </p>
   </div>
   <div class='ocr_carea' id='block_1_64' title="bbox 237 3331 1822 3404">
    <p class='ocr_par' dir='ltr' id='par_1_64' title="bbox 237 3331 1822 3404">
     <span class='ocr_line' id='line_1_64' title="bbox 237 3331 1822 3404; baseline -0.015 3"><span class='ocrx_word' id='word_1_492' title='bbox 237 3338 333 3390; x_wconf 72' lang='grc' dir='ltr'><strong>καὶ</strong></span> <span class='ocrx_word' id='word_1_493' title='bbox 380 3335 550 3404; x_wconf 72' lang='grc' dir='ltr'>φόδφο</span> <span class='ocrx_word' id='word_1_494' title='bbox 605 3333 680 3386; x_wconf 81' lang='grc' dir='ltr'>Τδ</span> <span class='ocrx_word' id='word_1_495' title='bbox 729 3333 827 3401; x_wconf 78' lang='grc' dir='ltr'><strong>μὲν</strong></span> <span class='ocrx_word' id='word_1_496' title='bbox 861 3333 971 3402; x_wconf 73' lang='grc' dir='ltr'><strong>γὰρ</strong></span> <span class='ocrx_word' id='word_1_497' title='bbox 1025 3332 1228 3398; x_wconf 83' lang='grc' dir='ltr'>λέγειν.</span> <span class='ocrx_word' id='word_1_498' title='bbox 1266 3331 1332 3383; x_wconf 81' lang='grc' dir='ltr'><strong>Τί</strong></span> <span class='ocrx_word' id='word_1_499' title='bbox 1375 3333 1502 3401; x_wconf 78' lang='grc' dir='ltr'>ἐμοὶ</span> <span class='ocrx_word' id='word_1_500' title='bbox 1548 3335 1645 3386; x_wconf 74' lang='grc' dir='ltr'><strong>καὶ</strong></span> <span class='ocrx_word' id='word_1_501' title='bbox 1696 3333 1822 3398; x_wconf 76' lang='grc' dir='ltr'>σοίς</span> 
     </span>
    </p>
   </div>
   <div class='ocr_carea' id='block_1_65' title="bbox 238 3422 1823 3500">
    <p class='ocr_par' dir='ltr' id='par_1_65' title="bbox 238 3422 1823 3500">
     <span class='ocr_line' id='line_1_65' title="bbox 238 3422 1823 3500; baseline -0.004 -19"><span class='ocrx_word' id='word_1_502' title='bbox 238 3429 469 3500; x_wconf 81' lang='grc' dir='ltr'>θρασέος</span> <span class='ocrx_word' id='word_1_503' title='bbox 502 3427 595 3478; x_wconf 77' lang='grc' dir='ltr'>καὶ</span> <span class='ocrx_word' id='word_1_504' title='bbox 624 3425 983 3493; x_wconf 65' lang='grc' dir='ltr'>ἀναισχύντου</span> <span class='ocrx_word' id='word_1_505' title='bbox 1019 3422 1232 3488; x_wconf 86' lang='grc' dir='ltr'>δούλου,</span> <span class='ocrx_word' id='word_1_506' title='bbox 1261 3424 1323 3475; x_wconf 81' lang='grc' dir='ltr'>τὸ</span> <span class='ocrx_word' id='word_1_507' title='bbox 1358 3424 1436 3485; x_wconf 78' lang='grc' dir='ltr'>δὲ,</span> <span class='ocrx_word' id='word_1_508' title='bbox 1469 3424 1675 3493; x_wconf 78' lang='grc' dir='ltr'>Δέομαί</span> <span class='ocrx_word' id='word_1_509' title='bbox 1708 3441 1823 3489; x_wconf 86' lang='grc' dir='ltr'>σου,</span> 
     </span>
    </p>
   </div>
   <div class='ocr_carea' id='block_1_66' title="bbox 239 3513 1824 3589">
    <p class='ocr_par' dir='ltr' id='par_1_66' title="bbox 239 3513 1824 3589">
     <span class='ocr_line' id='line_1_66' title="bbox 239 3513 1824 3589; baseline -0.004 -17"><span class='ocrx_word' id='word_1_510' title='bbox 239 3517 581 3589; x_wconf 71' lang='grc' dir='ltr'>φοῆουμένου</span> <span class='ocrx_word' id='word_1_511' title='bbox 651 3517 790 3569; x_wconf 67' lang='grc' dir='ltr'>ἐστί.</span> <span class='ocrx_word' id='word_1_512' title='bbox 847 3513 1102 3585; x_wconf 77' lang='grc' dir='ltr'>Κατῲκει</span> <span class='ocrx_word' id='word_1_513' title='bbox 1155 3514 1212 3566; x_wconf 85' lang='grc' dir='ltr'>δὲ</span> <span class='ocrx_word' id='word_1_514' title='bbox 1280 3517 1338 3568; x_wconf 73' lang='grc' dir='ltr'>ἑν</span> <span class='ocrx_word' id='word_1_515' title='bbox 1384 3517 1498 3578; x_wconf 86' lang='grc' dir='ltr'>τοῖς</span> <span class='ocrx_word' id='word_1_516' title='bbox 1551 3517 1824 3585; x_wconf 79' lang='grc' dir='ltr'>μνήμασι,</span> 
     </span>
    </p>
   </div>
   <div class='ocr_carea' id='block_1_67' title="bbox 239 3607 1829 3678">
    <p class='ocr_par' dir='ltr' id='par_1_67' title="bbox 239 3607 1829 3678">
     <span class='ocr_line' id='line_1_67' title="bbox 239 3607 1829 3678; baseline -0.004 -12"><span class='ocrx_word' id='word_1_517' title='bbox 239 3613 488 3678; x_wconf 77' lang='grc' dir='ltr'>πονηράν</span> <span class='ocrx_word' id='word_1_518' title='bbox 520 3609 756 3662; x_wconf 62' lang='grc' dir='ltr'>ἐνθεῖναι</span> <span class='ocrx_word' id='word_1_519' title='bbox 802 3611 914 3667; x_wconf 77' lang='grc' dir='ltr'>τοῖς</span> <span class='ocrx_word' id='word_1_520' title='bbox 968 3608 1278 3677; x_wconf 80' lang='grc' dir='ltr'>ἀνθρώποις</span> <span class='ocrx_word' id='word_1_521' title='bbox 1327 3608 1603 3677; x_wconf 78' lang='grc' dir='ltr'>ὑπόληψιν</span> <span class='ocrx_word' id='word_1_522' title='bbox 1640 3607 1829 3678; x_wconf 75' lang='grc' dir='ltr'>βουλό-</span> 
     </span>
    </p>
   </div>
   <div class='ocr_carea' id='block_1_68' title="bbox 241 3698 1832 3772">
    <p class='ocr_par' dir='ltr' id='par_1_68' title="bbox 241 3698 1832 3772">
     <span class='ocr_line' id='line_1_68' title="bbox 241 3698 1832 3772; baseline -0.003 -16"><span class='ocrx_word' id='word_1_523' title='bbox 241 3720 426 3772; x_wconf 79' lang='grc' dir='ltr'>μενος,</span> <span class='ocrx_word' id='word_1_524' title='bbox 454 3704 536 3755; x_wconf 81' lang='grc' dir='ltr'><strong>ὅτι</strong></span> <span class='ocrx_word' id='word_1_525' title='bbox 583 3703 641 3754; x_wconf 79' lang='grc' dir='ltr'><strong>αἱ</strong></span> <span class='ocrx_word' id='word_1_526' title='bbox 686 3700 860 3769; x_wconf 70' lang='grc' dir='ltr'>ψυχαὶ</span> <span class='ocrx_word' id='word_1_527' title='bbox 891 3699 999 3753; x_wconf 85' lang='grc' dir='ltr'>τῶν</span> <span class='ocrx_word' id='word_1_528' title='bbox 1031 3699 1415 3752; x_wconf 77' lang='grc' dir='ltr'>ἀποθανόντων</span> <span class='ocrx_word' id='word_1_529' title='bbox 1443 3698 1701 3768; x_wconf 83' lang='grc' dir='ltr'>δαίμονες</span> <span class='ocrx_word' id='word_1_530' title='bbox 1748 3699 1832 3768; x_wconf 89' lang='grc' dir='ltr'>γί-</span> 
     </span>
    </p>
   </div>
   <div class='ocr_carea' id='block_1_69' title="bbox 237 3791 1831 3863">
    <p class='ocr_par' dir='ltr' id='par_1_69' title="bbox 237 3791 1831 3863">
     <span class='ocr_line' id='line_1_69' title="bbox 237 3791 1831 3863; baseline -0.005 -13"><span class='ocrx_word' id='word_1_531' title='bbox 237 3813 442 3852; x_wconf 81' lang='grc' dir='ltr'>νονται.</span> <span class='ocrx_word' id='word_1_532' title='bbox 473 3795 762 3848; x_wconf 80' lang='grc' dir='ltr'>Δίτοῦνται</span> <span class='ocrx_word' id='word_1_533' title='bbox 788 3794 845 3846; x_wconf 82' lang='grc' dir='ltr'>δὲ</span> <span class='ocrx_word' id='word_1_534' title='bbox 872 3795 921 3845; x_wconf 84' lang='grc' dir='ltr'>οἱ</span> <span class='ocrx_word' id='word_1_535' title='bbox 943 3792 1195 3863; x_wconf 79' lang='grc' dir='ltr'>δαίμονες</span> <span class='ocrx_word' id='word_1_536' title='bbox 1227 3791 1301 3861; x_wconf 79' lang='grc' dir='ltr'>μὴ</span> <span class='ocrx_word' id='word_1_537' title='bbox 1332 3791 1593 3843; x_wconf 81' lang='grc' dir='ltr'>εἰσελθεῖν</span> <span class='ocrx_word' id='word_1_538' title='bbox 1629 3793 1710 3854; x_wconf 81' lang='grc' dir='ltr'>εἰς</span> <span class='ocrx_word' id='word_1_539' title='bbox 1731 3792 1831 3860; x_wconf 75' lang='grc' dir='ltr'><strong>τὴν</strong></span> 
     </span>
    </p>
   </div>
   <div class='ocr_carea' id='block_1_70' title="bbox 237 3865 1832 3954">
    <p class='ocr_par' dir='ltr' id='par_1_70' title="bbox 237 3865 1832 3954">
     <span class='ocr_line' id='line_1_70' title="bbox 237 3865 1832 3954; baseline -0.008 -12"><span class='ocrx_word' id='word_1_540' title='bbox 237 3889 502 3951; x_wconf 72' lang='grc' dir='ltr'>ἄϐυσσον,</span> <span class='ocrx_word' id='word_1_541' title='bbox 551 3865 689 3940; x_wconf 80' lang='grc' dir='ltr'>ἀλλὰ</span> <span class='ocrx_word' id='word_1_542' title='bbox 742 3883 1165 3954; x_wconf 75' lang='grc' dir='ltr'>συγχωρηθῆναι</span> <span class='ocrx_word' id='word_1_543' title='bbox 1210 3881 1293 3933; x_wconf 69' lang='grc' dir='ltr'>ἔτι</span> <span class='ocrx_word' id='word_1_544' title='bbox 1319 3884 1377 3932; x_wconf 81' lang='grc' dir='ltr'><strong>ὲν</strong></span> <span class='ocrx_word' id='word_1_545' title='bbox 1410 3883 1477 3952; x_wconf 82' lang='grc' dir='ltr'>τῇ</span> <span class='ocrx_word' id='word_1_546' title='bbox 1512 3883 1583 3950; x_wconf 79' lang='grc' dir='ltr'>γῇ</span> <span class='ocrx_word' id='word_1_547' title='bbox 1619 3877 1832 3948; x_wconf 76' lang='grc' dir='ltr'>διατρίο</span> 
     </span>
    </p>
   </div>
   <div class='ocr_carea' id='block_1_71' title="bbox 237 3967 1830 4043">
    <p class='ocr_par' dir='ltr' id='par_1_71' title="bbox 237 3967 1830 4043">
     <span class='ocr_line' id='line_1_71' title="bbox 237 3967 1830 4043; baseline -0.003 -14"><span class='ocrx_word' id='word_1_548' title='bbox 237 3980 376 4033; x_wconf 79' lang='grc' dir='ltr'>ϐειν.</span> <span class='ocrx_word' id='word_1_549' title='bbox 423 3977 483 4030; x_wconf 86' lang='grc' dir='ltr'>Ὀ</span> <span class='ocrx_word' id='word_1_550' title='bbox 517 3977 575 4030; x_wconf 72' lang='grc' dir='ltr'>δὲ</span> <span class='ocrx_word' id='word_1_551' title='bbox 604 3976 809 4043; x_wconf 84' lang='grc' dir='ltr'>Κύριος</span> <span class='ocrx_word' id='word_1_552' title='bbox 841 3976 1117 4043; x_wconf 82' lang='grc' dir='ltr'>συγχωρεῖ</span> <span class='ocrx_word' id='word_1_553' title='bbox 1144 3974 1327 4036; x_wconf 82' lang='grc' dir='ltr'>αὐτοῖς</span> <span class='ocrx_word' id='word_1_554' title='bbox 1362 3967 1504 4025; x_wconf 79' lang='grc' dir='ltr'>εἶναι</span> <span class='ocrx_word' id='word_1_555' title='bbox 1548 3975 1605 4024; x_wconf 84' lang='grc' dir='ltr'><strong>ὲν</strong></span> <span class='ocrx_word' id='word_1_556' title='bbox 1639 3974 1702 4041; x_wconf 77' lang='grc' dir='ltr'>τῇ</span> <span class='ocrx_word' id='word_1_557' title='bbox 1737 3972 1830 4041; x_wconf 80' lang='grc' dir='ltr'><strong>γῇ.</strong></span> 
     </span>
    </p>
   </div>
   <div class='ocr_carea' id='block_1_72' title="bbox 238 4065 1833 4136">
    <p class='ocr_par' dir='ltr' id='par_1_72' title="bbox 238 4065 1833 4136">
     <span class='ocr_line' id='line_1_72' title="bbox 238 4065 1833 4136; baseline -0.006 -12"><span class='ocrx_word' id='word_1_558' title='bbox 238 4074 316 4135; x_wconf 85' lang='grc' dir='ltr'>ὼς</span> <span class='ocrx_word' id='word_1_559' title='bbox 365 4072 432 4124; x_wconf 79' lang='grc' dir='ltr'>ἄν</span> <span class='ocrx_word' id='word_1_560' title='bbox 483 4068 812 4130; x_wconf 79' lang='grc' dir='ltr'>παλαίοντες</span> <span class='ocrx_word' id='word_1_561' title='bbox 867 4070 980 4130; x_wconf 85' lang='grc' dir='ltr'>τοῖς</span> <span class='ocrx_word' id='word_1_562' title='bbox 1031 4065 1374 4136; x_wconf 77' lang='grc' dir='ltr'>ἀνθρώποις,</span> <span class='ocrx_word' id='word_1_563' title='bbox 1425 4065 1833 4134; x_wconf 83' lang='grc' dir='ltr'>δοκιμωτέρους</span> 
     </span>
    </p>
   </div>
   <div class='ocr_carea' id='block_1_73' title="bbox 239 4155 1834 4229">
    <p class='ocr_par' dir='ltr' id='par_1_73' title="bbox 239 4155 1834 4229">
     <span class='ocr_line' id='line_1_73' title="bbox 239 4155 1834 4229; baseline -0.007 -12"><span class='ocrx_word' id='word_1_564' title='bbox 239 4164 438 4225; x_wconf 71' lang='grc' dir='ltr'>αὐτοὺς</span> <span class='ocrx_word' id='word_1_565' title='bbox 469 4160 721 4215; x_wconf 82' lang='grc' dir='ltr'>ποιῶσιν.</span> <span class='ocrx_word' id='word_1_566' title='bbox 761 4159 824 4214; x_wconf 79' lang='lat' dir='ltr'><strong>Et</strong></span> <span class='ocrx_word' id='word_1_567' title='bbox 872 4159 980 4226; x_wconf 84' lang='grc' dir='ltr'>γὰρ</span> <span class='ocrx_word' id='word_1_568' title='bbox 1016 4158 1093 4229; x_wconf 82' lang='grc' dir='ltr'>μὴ</span> <span class='ocrx_word' id='word_1_569' title='bbox 1120 4155 1261 4228; x_wconf 77' lang='grc' dir='ltr'>ἦσαν</span> <span class='ocrx_word' id='word_1_570' title='bbox 1289 4156 1596 4221; x_wconf 85' lang='grc' dir='ltr'>ἀντίπαλοι,</span> <span class='ocrx_word' id='word_1_571' title='bbox 1630 4157 1733 4209; x_wconf 82' lang='grc' dir='ltr'>οὑκ</span> <span class='ocrx_word' id='word_1_572' title='bbox 1766 4156 1834 4209; x_wconf 85' lang='grc' dir='ltr'>ἂν</span> 
     </span>
    </p>
   </div>
   <div class='ocr_carea' id='block_1_74' title="bbox 236 4244 1833 4326">
    <p class='ocr_par' dir='ltr' id='par_1_74' title="bbox 236 4244 1833 4326">
     <span class='ocr_line' id='line_1_74' title="bbox 236 4244 1833 4326; baseline -0.005 -18"><span class='ocrx_word' id='word_1_573' title='bbox 236 4252 379 4326; x_wconf 78' lang='grc' dir='ltr'>ἦσαν</span> <span class='ocrx_word' id='word_1_574' title='bbox 406 4254 637 4322; x_wconf 76' lang='grc' dir='ltr'>ἀγῶνες,</span> <span class='ocrx_word' id='word_1_575' title='bbox 675 4253 773 4306; x_wconf 83' lang='grc' dir='ltr'>καὶ</span> <span class='ocrx_word' id='word_1_576' title='bbox 800 4252 848 4304; x_wconf 82' lang='grc' dir='ltr'><strong>εί</strong></span> <span class='ocrx_word' id='word_1_577' title='bbox 882 4252 957 4320; x_wconf 81' lang='grc' dir='ltr'>μὴ</span> <span class='ocrx_word' id='word_1_578' title='bbox 1006 4246 1147 4320; x_wconf 79' lang='grc' dir='ltr'><strong>ἦσαν</strong></span> <span class='ocrx_word' id='word_1_579' title='bbox 1179 4249 1414 4317; x_wconf 82' lang='grc' dir='ltr'>ἀγῶνες,</span> <span class='ocrx_word' id='word_1_580' title='bbox 1447 4250 1548 4301; x_wconf 87' lang='grc' dir='ltr'>οὐκ</span> <span class='ocrx_word' id='word_1_581' title='bbox 1590 4249 1658 4302; x_wconf 85' lang='grc' dir='ltr'>ἂν</span> <span class='ocrx_word' id='word_1_582' title='bbox 1693 4244 1833 4318; x_wconf 77' lang='grc' dir='ltr'>ἦσαν</span> 
     </span>
    </p>
   </div>
   <div class='ocr_carea' id='block_1_75' title="bbox 238 4340 1835 4414">
    <p class='ocr_par' dir='ltr' id='par_1_75' title="bbox 238 4340 1835 4414">
     <span class='ocr_line' id='line_1_75' title="bbox 238 4340 1835 4414; baseline -0.005 -13"><span class='ocrx_word' id='word_1_583' title='bbox 238 4348 518 4414; x_wconf 83' lang='grc' dir='ltr'>στέφανοι.</span> <span class='ocrx_word' id='word_1_584' title='bbox 566 4344 723 4401; x_wconf 71' lang='grc' dir='ltr'>Μάθε</span> <span class='ocrx_word' id='word_1_585' title='bbox 753 4343 811 4398; x_wconf 65' lang='grc' dir='ltr'>δὲ</span> <span class='ocrx_word' id='word_1_586' title='bbox 861 4344 956 4396; x_wconf 78' lang='grc' dir='ltr'>καὶ</span> <span class='ocrx_word' id='word_1_587' title='bbox 1003 4340 1522 4410; x_wconf 80' lang='grc' dir='ltr'>ἀναγωγικὼτερον,</span> <span class='ocrx_word' id='word_1_588' title='bbox 1555 4343 1638 4394; x_wconf 84' lang='grc' dir='ltr'><strong>ὃτι</strong></span> <span class='ocrx_word' id='word_1_589' title='bbox 1685 4341 1835 4402; x_wconf 69' lang='grc' dir='ltr'>ὅστις</span> 
     </span>
    </p>
   </div>
   <div class='ocr_carea' id='block_1_76' title="bbox 235 4433 1832 4509">
    <p class='ocr_par' dir='ltr' id='par_1_76' title="bbox 235 4433 1832 4509">
     <span class='ocr_line' id='line_1_76' title="bbox 235 4433 1832 4509; baseline -0.004 -17"><span class='ocrx_word' id='word_1_590' title='bbox 235 4440 354 4509; x_wconf 68' lang='grc' dir='ltr'>ἔχει</span> <span class='ocrx_word' id='word_1_591' title='bbox 379 4438 638 4508; x_wconf 85' lang='grc' dir='ltr'>δαίμονας</span> <span class='ocrx_word' id='word_1_592' title='bbox 668 4439 727 4489; x_wconf 79' lang='grc' dir='ltr'><strong>ἐν</strong></span> <span class='ocrx_word' id='word_1_593' title='bbox 766 4435 970 4504; x_wconf 78' lang='grc' dir='ltr'>ἑαυτῷ,</span> <span class='ocrx_word' id='word_1_594' title='bbox 1004 4435 1253 4488; x_wconf 81' lang='grc' dir='ltr'>τουτέστι</span> <span class='ocrx_word' id='word_1_595' title='bbox 1317 4434 1639 4502; x_wconf 70' lang='grc' dir='ltr'>δαιμονικὰς</span> <span class='ocrx_word' id='word_1_596' title='bbox 1689 4433 1832 4503; x_wconf 63' lang='grc' dir='ltr'>πρά-</span> 
     </span>
    </p>
   </div>
   <div class='ocr_carea' id='block_1_77' title="bbox 238 4524 1834 4599">
    <p class='ocr_par' dir='ltr' id='par_1_77' title="bbox 238 4524 1834 4599">
     <span class='ocr_line' id='line_1_77' title="bbox 238 4524 1834 4599; baseline -0.003 -17"><span class='ocrx_word' id='word_1_597' title='bbox 238 4531 373 4593; x_wconf 79' lang='grc' dir='ltr'>ξεις.</span> <span class='ocrx_word' id='word_1_598' title='bbox 418 4531 636 4599; x_wconf 74' lang='grc' dir='ltr'>ἱμάτιον</span> <span class='ocrx_word' id='word_1_599' title='bbox 681 4529 783 4580; x_wconf 73' lang='grc' dir='ltr'>οὐκ</span> <span class='ocrx_word' id='word_1_600' title='bbox 830 4525 1229 4588; x_wconf 75' lang='grc' dir='ltr'>ὲνόιδύσκεται,</span> <span class='ocrx_word' id='word_1_601' title='bbox 1264 4529 1535 4588; x_wconf 76' lang='grc' dir='ltr'>τουτέστι,</span> <span class='ocrx_word' id='word_1_602' title='bbox 1582 4524 1834 4595; x_wconf 63' lang='grc' dir='ltr'>τὴντάπὸ</span> 
     </span>
    </p>
   </div>
   <div class='ocr_carea' id='block_1_78' title="bbox 235 4617 1832 4691">
    <p class='ocr_par' dir='ltr' id='par_1_78' title="bbox 235 4617 1832 4691">
     <span class='ocr_line' id='line_1_78' title="bbox 235 4617 1832 4691; baseline -0.002 -16"><span class='ocrx_word' id='word_1_603' title='bbox 235 4623 332 4675; x_wconf 79' lang='grc' dir='ltr'><strong>τοῦ</strong></span> <span class='ocrx_word' id='word_1_604' title='bbox 366 4621 743 4691; x_wconf 84' lang='grc' dir='ltr'>βαπτίσματος</span> <span class='ocrx_word' id='word_1_605' title='bbox 791 4617 986 4688; x_wconf 81' lang='grc' dir='ltr'>στολὴν</span> <span class='ocrx_word' id='word_1_606' title='bbox 1033 4619 1134 4670; x_wconf 87' lang='grc' dir='ltr'><strong>οὐκ</strong></span> <span class='ocrx_word' id='word_1_607' title='bbox 1176 4617 1312 4687; x_wconf 74' lang='grc' dir='ltr'>ἔχει,</span> <span class='ocrx_word' id='word_1_608' title='bbox 1365 4621 1460 4671; x_wconf 81' lang='grc' dir='ltr'><strong>καὶ</strong></span> <span class='ocrx_word' id='word_1_609' title='bbox 1507 4619 1564 4671; x_wconf 82' lang='grc' dir='ltr'><strong>ὲν</strong></span> <span class='ocrx_word' id='word_1_610' title='bbox 1593 4619 1743 4688; x_wconf 78' lang='grc' dir='ltr'>οἰκία</span> <span class='ocrx_word' id='word_1_611' title='bbox 1770 4620 1832 4672; x_wconf 81' lang='grc' dir='ltr'><strong>οὐ</strong></span> 
     </span>
    </p>
   </div>
   <div class='ocr_carea' id='block_1_79' title="bbox 238 4710 1834 4786">
    <p class='ocr_par' dir='ltr' id='par_1_79' title="bbox 238 4710 1834 4786">
     <span class='ocr_line' id='line_1_79' title="bbox 238 4710 1834 4786; baseline -0.003 -18"><span class='ocrx_word' id='word_1_612' title='bbox 238 4718 415 4786; x_wconf 74' lang='grc' dir='ltr'>μένει,</span> <span class='ocrx_word' id='word_1_613' title='bbox 451 4715 732 4767; x_wconf 81' lang='grc' dir='ltr'>τουτέστιν</span> <span class='ocrx_word' id='word_1_614' title='bbox 764 4715 823 4765; x_wconf 73' lang='grc' dir='ltr'>ἐν</span> <span class='ocrx_word' id='word_1_615' title='bbox 867 4711 1191 4782; x_wconf 76' lang='grc' dir='ltr'>Ἐκκλησία.</span> <span class='ocrx_word' id='word_1_616' title='bbox 1224 4712 1341 4765; x_wconf 80' lang='grc' dir='ltr'>Οὐκ</span> <span class='ocrx_word' id='word_1_617' title='bbox 1372 4710 1520 4775; x_wconf 79' lang='grc' dir='ltr'>ἄξιος</span> <span class='ocrx_word' id='word_1_618' title='bbox 1549 4712 1657 4782; x_wconf 83' lang='grc' dir='ltr'><strong>γάρ</strong></span> <span class='ocrx_word' id='word_1_619' title='bbox 1685 4715 1834 4765; x_wconf 66' lang='grc' dir='ltr'>ἐστιν</span> 
     </span>
    </p>
   </div>
   <div class='ocr_carea' id='block_1_80' title="bbox 237 4805 1832 4878">
    <p class='ocr_par' dir='ltr' id='par_1_80' title="bbox 237 4805 1832 4878">
     <span class='ocr_line' id='line_1_80' title="bbox 237 4805 1832 4878; baseline -0.004 -17"><span class='ocrx_word' id='word_1_620' title='bbox 237 4805 590 4878; x_wconf 80' lang='grc' dir='ltr'>εἰσέρχεσθαι</span> <span class='ocrx_word' id='word_1_621' title='bbox 640 4809 699 4859; x_wconf 84' lang='grc' dir='ltr'>ὲν</span> <span class='ocrx_word' id='word_1_622' title='bbox 739 4805 1205 4876; x_wconf 79' lang='grc' dir='ltr'>Ἐκκλησία,ἀλλ’</span> <span class='ocrx_word' id='word_1_623' title='bbox 1256 4807 1313 4856; x_wconf 79' lang='grc' dir='ltr'><strong>ὲν</strong></span> <span class='ocrx_word' id='word_1_624' title='bbox 1365 4807 1477 4867; x_wconf 85' lang='grc' dir='ltr'>τοῖς</span> <span class='ocrx_word' id='word_1_625' title='bbox 1529 4809 1832 4874; x_wconf 76' lang='grc' dir='ltr'>μνήμασιν,</span> 
     </span>
    </p>
   </div>
   <div class='ocr_carea' id='block_1_81' title="bbox 235 4893 1828 4969">
    <p class='ocr_par' dir='ltr' id='par_1_81' title="bbox 235 4893 1828 4969">
     <span class='ocr_line' id='line_1_81' title="bbox 235 4893 1828 4969; baseline -0.001 -19"><span class='ocrx_word' id='word_1_626' title='bbox 235 4902 358 4969; x_wconf 81' lang='grc' dir='ltr'>ῆτσι</span> <span class='ocrx_word' id='word_1_627' title='bbox 382 4902 494 4960; x_wconf 88' lang='grc' dir='ltr'>τοῖς</span> <span class='ocrx_word' id='word_1_628' title='bbox 515 4897 626 4950; x_wconf 86' lang='grc' dir='ltr'>τῶν</span> <span class='ocrx_word' id='word_1_629' title='bbox 647 4897 856 4966; x_wconf 84' lang='grc' dir='ltr'>νεκρῶν</span> <span class='ocrx_word' id='word_1_630' title='bbox 881 4897 1061 4967; x_wconf 76' lang='grc' dir='ltr'>ἔργων</span> <span class='ocrx_word' id='word_1_631' title='bbox 1087 4895 1337 4966; x_wconf 82' lang='grc' dir='ltr'>δοχείοις,</span> <span class='ocrx_word' id='word_1_632' title='bbox 1367 4893 1480 4948; x_wconf 85' lang='grc' dir='ltr'>οἷον</span> <span class='ocrx_word' id='word_1_633' title='bbox 1531 4897 1828 4966; x_wconf 84' lang='grc' dir='ltr'>πορνείοις,</span> 
     </span>
    </p>
   </div>
   <div class='ocr_carea' id='block_1_82' title="bbox 236 4987 1617 5059">
    <p class='ocr_par' dir='ltr' id='par_1_82' title="bbox 236 4987 1617 5059">
     <span class='ocr_line' id='line_1_82' title="bbox 236 4987 1617 5059; baseline -0.001 -15"><span class='ocrx_word' id='word_1_634' title='bbox 236 4991 565 5052; x_wconf 78' lang='grc' dir='ltr'><strong>τελωνείοις⁸</strong></span> <span class='ocrx_word' id='word_1_635' title='bbox 607 4987 781 5042; x_wconf 86' lang='grc' dir='ltr'>ταῦτα</span> <span class='ocrx_word' id='word_1_636' title='bbox 810 4990 920 5058; x_wconf 83' lang='grc' dir='ltr'>γὰρ</span> <span class='ocrx_word' id='word_1_637' title='bbox 950 4992 1195 5059; x_wconf 84' lang='grc' dir='ltr'>μνημεῖα</span> <span class='ocrx_word' id='word_1_638' title='bbox 1224 4989 1423 5052; x_wconf 82' lang='grc' dir='ltr'>κακίας</span> <span class='ocrx_word' id='word_1_639' title='bbox 1456 4990 1617 5043; x_wconf 80' lang='grc' dir='ltr'>εἰσίν.</span> 
     </span>
    </p>
   </div>
   <div class='ocr_carea' id='block_1_83' title="bbox 314 5063 1834 5153">
    <p class='ocr_par' dir='ltr' id='par_1_83' title="bbox 314 5063 1834 5153">
     <span class='ocr_line' id='line_1_83' title="bbox 314 5063 1834 5153; baseline 0.002 -19"><span class='ocrx_word' id='word_1_640' title='bbox 314 5104 332 5134; x_wconf 72' lang='grc' dir='ltr'><strong>ι</strong></span> <span class='ocrx_word' id='word_1_641' title='bbox 387 5081 612 5144; x_wconf 79' lang='grc' dir='ltr'>Ἰδόντες</span> <span class='ocrx_word' id='word_1_642' title='bbox 641 5063 699 5134; x_wconf 68' lang='grc' dir='ltr'>δὲ</span> <span class='ocrx_word' id='word_1_643' title='bbox 732 5083 782 5134; x_wconf 81' lang='grc' dir='ltr'><strong>οῖ</strong></span> <span class='ocrx_word' id='word_1_644' title='bbox 827 5080 1119 5149; x_wconf 83' lang='grc' dir='ltr'>βόσκοντες</span> <span class='ocrx_word' id='word_1_645' title='bbox 1154 5082 1215 5135; x_wconf 72' lang='grc' dir='ltr'>τὸ</span> <span class='ocrx_word' id='word_1_646' title='bbox 1259 5085 1659 5153; x_wconf 67' lang='grc' dir='ltr'>γεγενημένον,</span> <span class='ocrx_word' id='word_1_647' title='bbox 1703 5084 1834 5153; x_wconf 48' lang='grc' dir='ltr'>ἔτυ-</span> 
     </span>
    </p>
   </div>
   <div class='ocr_carea' id='block_1_84' title="bbox 237 5175 1836 5245">
    <p class='ocr_par' dir='ltr' id='par_1_84' title="bbox 237 5175 1836 5245">
     <span class='ocr_line' id='line_1_84' title="bbox 237 5175 1836 5245; baseline 0.001 -17"><span class='ocrx_word' id='word_1_648' title='bbox 237 5193 356 5244; x_wconf 76' lang='grc' dir='ltr'>γον,</span> <span class='ocrx_word' id='word_1_649' title='bbox 415 5176 509 5227; x_wconf 75' lang='grc' dir='ltr'>καὶ</span> <span class='ocrx_word' id='word_1_650' title='bbox 561 5175 910 5245; x_wconf 82' lang='grc' dir='ltr'>ἀπήγγειλαν</span> <span class='ocrx_word' id='word_1_651' title='bbox 957 5175 1037 5237; x_wconf 84' lang='grc' dir='ltr'><strong>είς</strong></span> <span class='ocrx_word' id='word_1_652' title='bbox 1082 5176 1186 5244; x_wconf 76' lang='grc' dir='ltr'>τὴν</span> <span class='ocrx_word' id='word_1_653' title='bbox 1217 5176 1396 5241; x_wconf 87' lang='grc' dir='ltr'>πόλιν,</span> <span class='ocrx_word' id='word_1_654' title='bbox 1449 5177 1546 5229; x_wconf 68' lang='grc' dir='ltr'>καὶ</span> <span class='ocrx_word' id='word_1_655' title='bbox 1579 5178 1659 5240; x_wconf 86' lang='grc' dir='ltr'><strong>είς</strong></span> <span class='ocrx_word' id='word_1_656' title='bbox 1708 5179 1836 5241; x_wconf 87' lang='grc' dir='ltr'>τοὺς</span> 
     </span>
    </p>
   </div>
   <div class='ocr_carea' id='block_1_85' title="bbox 237 5265 1832 5339">
    <p class='ocr_par' dir='ltr' id='par_1_85' title="bbox 237 5265 1832 5339">
     <span class='ocr_line' id='line_1_85' title="bbox 237 5265 1832 5339; baseline 0.001 -19"><span class='ocrx_word' id='word_1_657' title='bbox 237 5268 466 5337; x_wconf 76' lang='grc' dir='ltr'>ἀγρούς.</span> <span class='ocrx_word' id='word_1_658' title='bbox 536 5265 789 5336; x_wconf 71' lang='grc' dir='ltr'>Ἐξῆλθοί</span> <span class='ocrx_word' id='word_1_659' title='bbox 837 5265 894 5318; x_wconf 71' lang='grc' dir='ltr'>δὲ</span> <span class='ocrx_word' id='word_1_660' title='bbox 939 5267 1070 5319; x_wconf 83' lang='grc' dir='ltr'>ίδείν</span> <span class='ocrx_word' id='word_1_661' title='bbox 1112 5267 1176 5322; x_wconf 75' lang='grc' dir='ltr'>τὸ</span> <span class='ocrx_word' id='word_1_662' title='bbox 1219 5268 1474 5336; x_wconf 82' lang='grc' dir='ltr'>γεγονὸς,</span> <span class='ocrx_word' id='word_1_663' title='bbox 1530 5270 1624 5321; x_wconf 74' lang='grc' dir='ltr'><strong>καὶ</strong></span> <span class='ocrx_word' id='word_1_664' title='bbox 1668 5265 1832 5339; x_wconf 82' lang='grc' dir='ltr'>ἦλθον</span> 
     </span>
    </p>
   </div>
   <div class='ocr_carea' id='block_1_86' title="bbox 237 5349 1834 5432">
    <p class='ocr_par' dir='ltr' id='par_1_86' title="bbox 237 5349 1834 5432">
     <span class='ocr_line' id='line_1_86' title="bbox 237 5349 1834 5432; baseline 0.003 -22"><span class='ocrx_word' id='word_1_665' title='bbox 237 5349 377 5429; x_wconf 76' lang='grc' dir='ltr'>πρὸς</span> <span class='ocrx_word' id='word_1_666' title='bbox 411 5358 505 5410; x_wconf 72' lang='grc' dir='ltr'><strong>τὸν</strong></span> <span class='ocrx_word' id='word_1_667' title='bbox 547 5357 778 5426; x_wconf 82' lang='grc' dir='ltr'>Ἰησοῦν,</span> <span class='ocrx_word' id='word_1_668' title='bbox 811 5360 907 5410; x_wconf 68' lang='grc' dir='ltr'>καὶ</span> <span class='ocrx_word' id='word_1_669' title='bbox 942 5353 1103 5429; x_wconf 71' lang='grc' dir='ltr'>εὖρον</span> <span class='ocrx_word' id='word_1_670' title='bbox 1133 5359 1446 5430; x_wconf 84' lang='grc' dir='ltr'>καθήμενον</span> <span class='ocrx_word' id='word_1_671' title='bbox 1489 5362 1582 5414; x_wconf 84' lang='grc' dir='ltr'><strong>τὸν</strong></span> <span class='ocrx_word' id='word_1_672' title='bbox 1619 5363 1834 5432; x_wconf 78' lang='grc' dir='ltr'>ἄνθρω-</span> 
     </span>
    </p>
   </div>
   <div class='ocr_carea' id='block_1_87' title="bbox 238 5443 1832 5525">
    <p class='ocr_par' dir='ltr' id='par_1_87' title="bbox 238 5443 1832 5525">
     <span class='ocr_line' id='line_1_87' title="bbox 238 5443 1832 5525; baseline 0.004 -22"><span class='ocrx_word' id='word_1_673' title='bbox 238 5467 365 5518; x_wconf 84' lang='grc' dir='ltr'>πον,</span> <span class='ocrx_word' id='word_1_674' title='bbox 399 5451 494 5518; x_wconf 81' lang='grc' dir='ltr'><strong>ἀφ’</strong></span> <span class='ocrx_word' id='word_1_675' title='bbox 520 5443 581 5504; x_wconf 74' lang='grc' dir='ltr'><strong>οῦ</strong></span> <span class='ocrx_word' id='word_1_676' title='bbox 605 5450 675 5502; x_wconf 73' lang='grc' dir='ltr'>τὰ</span> <span class='ocrx_word' id='word_1_677' title='bbox 699 5450 955 5520; x_wconf 83' lang='grc' dir='ltr'>δαιμόνια</span> <span class='ocrx_word' id='word_1_678' title='bbox 985 5452 1320 5522; x_wconf 80' lang='grc' dir='ltr'>ἐξεληλύθει,</span> <span class='ocrx_word' id='word_1_679' title='bbox 1347 5455 1710 5525; x_wconf 79' lang='grc' dir='ltr'>ἱματισμένον</span> <span class='ocrx_word' id='word_1_680' title='bbox 1738 5458 1832 5509; x_wconf 71' lang='grc' dir='ltr'><strong>καὶ</strong></span> 
     </span>
    </p>
   </div>
   <div class='ocr_carea' id='block_1_88' title="bbox 240 5540 1837 5618">
    <p class='ocr_par' dir='ltr' id='par_1_88' title="bbox 240 5540 1837 5618">
     <span class='ocr_line' id='line_1_88' title="bbox 240 5540 1837 5618; baseline 0.006 -26"><span class='ocrx_word' id='word_1_681' title='bbox 240 5540 641 5613; x_wconf 73' lang='grc' dir='ltr'>σωφρονοῦντα,</span> <span class='ocrx_word' id='word_1_682' title='bbox 681 5543 834 5612; x_wconf 78' lang='grc' dir='ltr'>παρὰ</span> <span class='ocrx_word' id='word_1_683' title='bbox 867 5545 993 5606; x_wconf 75' lang='grc' dir='ltr'>τοὺς</span> <span class='ocrx_word' id='word_1_684' title='bbox 1030 5545 1196 5609; x_wconf 86' lang='grc' dir='ltr'>πόδας</span> <span class='ocrx_word' id='word_1_685' title='bbox 1219 5546 1312 5599; x_wconf 85' lang='grc' dir='ltr'><strong>τοῦ</strong></span> <span class='ocrx_word' id='word_1_686' title='bbox 1354 5547 1553 5618; x_wconf 78' lang='grc' dir='ltr'>Ἰησοῦ,</span> <span class='ocrx_word' id='word_1_687' title='bbox 1585 5552 1677 5602; x_wconf 76' lang='grc' dir='ltr'>καὶ</span> <span class='ocrx_word' id='word_1_688' title='bbox 1709 5552 1837 5618; x_wconf 64' lang='lat' dir='ltr'><strong>sepo-</strong></span> 
     </span>
    </p>
   </div>
   <div class='ocr_carea' id='block_1_89' title="bbox 238 5633 1833 5708">
    <p class='ocr_par' dir='ltr' id='par_1_89' title="bbox 238 5633 1833 5708">
     <span class='ocr_line' id='line_1_89' title="bbox 238 5633 1833 5708; baseline 0.003 -21"><span class='ocrx_word' id='word_1_689' title='bbox 238 5633 510 5704; x_wconf 68' lang='grc' dir='ltr'>Οήθησαν.</span> <span class='ocrx_word' id='word_1_690' title='bbox 553 5635 923 5705; x_wconf 82' lang='grc' dir='ltr'>’Λπήγγειλαν</span> <span class='ocrx_word' id='word_1_691' title='bbox 948 5636 1004 5689; x_wconf 79' lang='grc' dir='ltr'>δὲ</span> <span class='ocrx_word' id='word_1_692' title='bbox 1035 5638 1225 5701; x_wconf 75' lang='grc' dir='ltr'>αὐτοῖς</span> <span class='ocrx_word' id='word_1_693' title='bbox 1255 5639 1350 5691; x_wconf 78' lang='grc' dir='ltr'>καὶ</span> <span class='ocrx_word' id='word_1_694' title='bbox 1373 5642 1422 5693; x_wconf 90' lang='grc' dir='ltr'>οἱ</span> <span class='ocrx_word' id='word_1_695' title='bbox 1459 5641 1680 5708; x_wconf 83' lang='grc' dir='ltr'>ἰδόντες,</span> <span class='ocrx_word' id='word_1_696' title='bbox 1715 5645 1833 5705; x_wconf 72' lang='grc' dir='ltr'>πὼς</span> 
     </span>
    </p>
   </div>
   <div class='ocr_carea' id='block_1_90' title="bbox 237 5727 1833 5803">
    <p class='ocr_par' dir='ltr' id='par_1_90' title="bbox 237 5727 1833 5803">
     <span class='ocr_line' id='line_1_90' title="bbox 237 5727 1833 5803; baseline 0.004 -24"><span class='ocrx_word' id='word_1_697' title='bbox 237 5727 420 5798; x_wconf 70' lang='grc' dir='ltr'>ἐσώθη</span> <span class='ocrx_word' id='word_1_698' title='bbox 443 5730 471 5781; x_wconf 82' lang='grc' dir='ltr'>ὁ</span> <span class='ocrx_word' id='word_1_699' title='bbox 497 5728 886 5798; x_wconf 80' lang='grc' dir='ltr'>δαιμονισθείς.</span> <span class='ocrx_word' id='word_1_700' title='bbox 934 5730 1044 5783; x_wconf 71' lang='grc' dir='ltr'><strong>Καὶ</strong></span> <span class='ocrx_word' id='word_1_701' title='bbox 1077 5731 1371 5803; x_wconf 80' lang='grc' dir='ltr'>ἠρώτησαν</span> <span class='ocrx_word' id='word_1_702' title='bbox 1399 5734 1562 5787; x_wconf 61' lang='grc' dir='ltr'>αὑτὸν</span> <span class='ocrx_word' id='word_1_703' title='bbox 1592 5733 1738 5788; x_wconf 73' lang='grc' dir='ltr'>ἅπαν</span> <span class='ocrx_word' id='word_1_704' title='bbox 1774 5735 1833 5787; x_wconf 73' lang='grc' dir='ltr'><strong>τ³›</strong></span> 
     </span>
    </p>
   </div>
   <div class='ocr_carea' id='block_1_91' title="bbox 237 5818 1831 5896">
    <p class='ocr_par' dir='ltr' id='par_1_91' title="bbox 237 5818 1831 5896">
     <span class='ocr_line' id='line_1_91' title="bbox 237 5818 1831 5896; baseline 0.006 -25"><span class='ocrx_word' id='word_1_705' title='bbox 237 5818 442 5890; x_wconf 74' lang='grc' dir='ltr'>πλῆθος</span> <span class='ocrx_word' id='word_1_706' title='bbox 489 5819 588 5890; x_wconf 74' lang='grc' dir='ltr'><strong>τῆς</strong></span> <span class='ocrx_word' id='word_1_707' title='bbox 634 5822 944 5893; x_wconf 80' lang='grc' dir='ltr'>περιχώρου</span> <span class='ocrx_word' id='word_1_708' title='bbox 1001 5826 1107 5878; x_wconf 72' lang='grc' dir='ltr'>τῶν</span> <span class='ocrx_word' id='word_1_709' title='bbox 1156 5827 1512 5896; x_wconf 72' lang='grc' dir='ltr'>Γαδαρηνῶν,</span> <span class='ocrx_word' id='word_1_710' title='bbox 1569 5832 1831 5884; x_wconf 69' lang='grc' dir='ltr'>ἀπελθεῖν</span> 
     </span>
    </p>
   </div>
   <div class='ocr_carea' id='block_1_92' title="bbox 1932 3334 3536 3412">
    <p class='ocr_par' dir='ltr' id='par_1_92' title="bbox 1932 3334 3536 3412">
     <span class='ocr_line' id='line_1_92' title="bbox 1932 3334 3536 3412; baseline 0.012 -27"><span class='ocrx_word' id='word_1_711' title='bbox 1932 3334 2029 3386; x_wconf 90' lang='lat' dir='ltr'><strong>tibi</strong></span> <span class='ocrx_word' id='word_1_712' title='bbox 2057 3334 2081 3387; x_wconf 65' lang='grc' dir='ltr'>ἲ</span> <span class='ocrx_word' id='word_1_713' title='bbox 2111 3336 2336 3389; x_wconf 90' lang='lat' dir='ltr'><strong>audacis</strong></span> <span class='ocrx_word' id='word_1_714' title='bbox 2358 3347 2414 3391; x_wconf 88' lang='lat' dir='ltr'><strong>et</strong></span> <span class='ocrx_word' id='word_1_715' title='bbox 2440 3340 2769 3406; x_wconf 86' lang='lat' dir='ltr'><strong>impudentis</strong></span> <span class='ocrx_word' id='word_1_716' title='bbox 2801 3343 2984 3408; x_wconf 84' lang='lat' dir='ltr'><strong>servi;</strong></span> <span class='ocrx_word' id='word_1_717' title='bbox 3022 3347 3163 3412; x_wconf 90' lang='lat' dir='ltr'><strong>quod</strong></span> <span class='ocrx_word' id='word_1_718' title='bbox 3196 3362 3326 3402; x_wconf 76' lang='lat' dir='ltr'><strong>vero</strong></span> <span class='ocrx_word' id='word_1_719' title='bbox 3359 3349 3492 3404; x_wconf 87' lang='lat' dir='ltr'><strong>dicit</strong></span> <span class='ocrx_word' id='word_1_720' title='bbox 3520 3366 3536 3404; x_wconf 89' lang='lat'><strong>:</strong></span> 
     </span>
    </p>
   </div>
   <div class='ocr_carea' id='block_1_93' title="bbox 1931 3422 3538 3493">
    <p class='ocr_par' dir='ltr' id='par_1_93' title="bbox 1931 3422 3538 3493">
     <span class='ocr_line' id='line_1_93' title="bbox 1931 3422 3538 3493; baseline 0.01 -15"><span class='ocrx_word' id='word_1_721' title='bbox 1931 3422 2173 3478; x_wconf 85' lang='lat' dir='ltr'><strong>Obsecro</strong></span> <span class='ocrx_word' id='word_1_722' title='bbox 2211 3434 2286 3485; x_wconf 89' lang='lat' dir='ltr'><strong>te.</strong></span> <span class='ocrx_word' id='word_1_723' title='bbox 2323 3427 2569 3482; x_wconf 87' lang='lat' dir='ltr'><strong>timentis</strong></span> <span class='ocrx_word' id='word_1_724' title='bbox 2607 3439 2710 3482; x_wconf 89' lang='lat' dir='ltr'><strong>est.</strong></span> <span class='ocrx_word' id='word_1_725' title='bbox 2752 3429 2975 3486; x_wconf 85' lang='lat' dir='ltr'><strong>Habitat</strong></span> <span class='ocrx_word' id='word_1_726' title='bbox 3011 3445 3194 3490; x_wconf 89' lang='lat' dir='ltr'><strong>autem</strong></span> <span class='ocrx_word' id='word_1_727' title='bbox 3231 3439 3282 3490; x_wconf 91' lang='lat' dir='ltr'><strong>in</strong></span> <span class='ocrx_word' id='word_1_728' title='bbox 3329 3457 3538 3493; x_wconf 77' lang='lat' dir='ltr'><strong>monu-</strong></span> 
     </span>
    </p>
   </div>
   <div class='ocr_carea' id='block_1_94' title="bbox 1932 3515 3538 3592">
    <p class='ocr_par' dir='ltr' id='par_1_94' title="bbox 1932 3515 3538 3592">
     <span class='ocr_line' id='line_1_94' title="bbox 1932 3515 3538 3592; baseline 0.01 -24"><span class='ocrx_word' id='word_1_729' title='bbox 1932 3515 2157 3580; x_wconf 82' lang='lat' dir='ltr'><strong>mentis,</strong></span> <span class='ocrx_word' id='word_1_730' title='bbox 2192 3523 2248 3568; x_wconf 91' lang='lat' dir='ltr'><strong>ut</strong></span> <span class='ocrx_word' id='word_1_731' title='bbox 2278 3516 2474 3570; x_wconf 86' lang='lat' dir='ltr'><strong>malam</strong></span> <span class='ocrx_word' id='word_1_732' title='bbox 2510 3521 2876 3586; x_wconf 88' lang='lat' dir='ltr'><strong>suspicionem</strong></span> <span class='ocrx_word' id='word_1_733' title='bbox 2916 3523 3191 3592; x_wconf 79' lang='lat' dir='ltr'><strong>ingereret</strong></span> <span class='ocrx_word' id='word_1_734' title='bbox 3224 3526 3538 3585; x_wconf 88' lang='lat' dir='ltr'><strong>hominibus</strong></span> 
     </span>
    </p>
   </div>
   <div class='ocr_carea' id='block_1_95' title="bbox 1933 3607 3542 3691">
    <p class='ocr_par' dir='ltr' id='par_1_95' title="bbox 1933 3607 3542 3691">
     <span class='ocr_line' id='line_1_95' title="bbox 1933 3607 3542 3691; baseline 0.012 -33"><span class='ocrx_word' id='word_1_735' title='bbox 1933 3607 2076 3675; x_wconf 88' lang='lat' dir='ltr'><strong>quod</strong></span> <span class='ocrx_word' id='word_1_736' title='bbox 2105 3608 2302 3661; x_wconf 72' lang='lat' dir='ltr'><strong>anima:</strong></span> <span class='ocrx_word' id='word_1_737' title='bbox 2342 3611 2698 3665; x_wconf 90' lang='lat' dir='ltr'><strong>morientium</strong></span> <span class='ocrx_word' id='word_1_738' title='bbox 2745 3615 3017 3670; x_wconf 67' lang='lat' dir='ltr'><strong>daemones</strong></span> <span class='ocrx_word' id='word_1_739' title='bbox 3049 3616 3202 3671; x_wconf 80' lang='lat' dir='ltr'><strong>fiant.</strong></span> <span class='ocrx_word' id='word_1_740' title='bbox 3239 3618 3411 3675; x_wconf 78' lang='lat' dir='ltr'><strong>Porro</strong></span> <span class='ocrx_word' id='word_1_741' title='bbox 3444 3638 3542 3691; x_wconf 84' lang='lat' dir='ltr'><strong>pe-</strong></span> 
     </span>
    </p>
   </div>
   <div class='ocr_carea' id='block_1_96' title="bbox 1937 3700 3540 3786">
    <p class='ocr_par' dir='ltr' id='par_1_96' title="bbox 1937 3700 3540 3786">
     <span class='ocr_line' id='line_1_96' title="bbox 1937 3700 3540 3786; baseline 0.009 -34"><span class='ocrx_word' id='word_1_742' title='bbox 1937 3708 2058 3752; x_wconf 89' lang='lat' dir='ltr'><strong>tunt</strong></span> <span class='ocrx_word' id='word_1_743' title='bbox 2103 3700 2378 3754; x_wconf 74' lang='lat' dir='ltr'><strong>dzemones</strong></span> <span class='ocrx_word' id='word_1_744' title='bbox 2413 3716 2480 3757; x_wconf 90' lang='lat' dir='ltr'><strong>ne</strong></span> <span class='ocrx_word' id='word_1_745' title='bbox 2526 3702 2580 3756; x_wconf 90' lang='lat' dir='ltr'><strong>in</strong></span> <span class='ocrx_word' id='word_1_746' title='bbox 2633 3705 2892 3774; x_wconf 82' lang='lat' dir='ltr'><strong>abyssum</strong></span> <span class='ocrx_word' id='word_1_747' title='bbox 2930 3706 3333 3776; x_wconf 78' lang='lat' dir='ltr'><strong>ingrediantur,</strong></span> <span class='ocrx_word' id='word_1_748' title='bbox 3365 3711 3540 3786; x_wconf 69' lang='lat'><strong>328</strong></span> 
     </span>
    </p>
   </div>
   <div class='ocr_carea' id='block_1_97' title="bbox 1934 3792 3535 3863">
    <p class='ocr_par' dir='ltr' id='par_1_97' title="bbox 1934 3792 3535 3863">
     <span class='ocr_line' id='line_1_97' title="bbox 1934 3792 3535 3863; baseline 0.009 -17"><span class='ocrx_word' id='word_1_749' title='bbox 1934 3793 2029 3847; x_wconf 79' lang='lat' dir='ltr'><strong>sed</strong></span> <span class='ocrx_word' id='word_1_750' title='bbox 2062 3792 2113 3846; x_wconf 87' lang='lat' dir='ltr'><strong>in</strong></span> <span class='ocrx_word' id='word_1_751' title='bbox 2141 3803 2283 3846; x_wconf 88' lang='lat' dir='ltr'><strong>terra</strong></span> <span class='ocrx_word' id='word_1_752' title='bbox 2308 3795 2700 3863; x_wconf 79' lang='lat' dir='ltr'><strong>permittantur</strong></span> <span class='ocrx_word' id='word_1_753' title='bbox 2724 3797 2868 3851; x_wconf 90' lang='lat' dir='ltr'><strong>ultra</strong></span> <span class='ocrx_word' id='word_1_754' title='bbox 2896 3800 3107 3854; x_wconf 84' lang='lat' dir='ltr'><strong>versari</strong></span> <span class='ocrx_word' id='word_1_755' title='bbox 3134 3819 3148 3855; x_wconf 90' lang='lat'><strong>:</strong></span> <span class='ocrx_word' id='word_1_756' title='bbox 3176 3812 3230 3856; x_wconf 90' lang='lat' dir='ltr'><strong>et</strong></span> <span class='ocrx_word' id='word_1_757' title='bbox 3269 3805 3535 3860; x_wconf 88' lang='lat' dir='ltr'><strong>Dominus</strong></span> 
     </span>
    </p>
   </div>
   <div class='ocr_carea' id='block_1_98' title="bbox 1936 3886 3541 3955">
    <p class='ocr_par' dir='ltr' id='par_1_98' title="bbox 1936 3886 3541 3955">
     <span class='ocr_line' id='line_1_98' title="bbox 1936 3886 3541 3955; baseline 0.009 -17"><span class='ocrx_word' id='word_1_758' title='bbox 1936 3886 2204 3955; x_wconf 40' lang='lat' dir='ltr'><strong>p-‘rmittit</strong></span> <span class='ocrx_word' id='word_1_759' title='bbox 2248 3886 2369 3941; x_wconf 91' lang='lat' dir='ltr'><strong>illos</strong></span> <span class='ocrx_word' id='word_1_760' title='bbox 2402 3902 2525 3942; x_wconf 88' lang='lat' dir='ltr'><strong>esse</strong></span> <span class='ocrx_word' id='word_1_761' title='bbox 2567 3890 2619 3941; x_wconf 90' lang='lat' dir='ltr'><strong>in</strong></span> <span class='ocrx_word' id='word_1_762' title='bbox 2657 3899 2826 3953; x_wconf 84' lang='lat' dir='ltr'><strong>terra,</strong></span> <span class='ocrx_word' id='word_1_763' title='bbox 2869 3902 2928 3946; x_wconf 90' lang='lat' dir='ltr'><strong>ut</strong></span> <span class='ocrx_word' id='word_1_764' title='bbox 2979 3905 3259 3950; x_wconf 86' lang='lat' dir='ltr'><strong>certamen</strong></span> <span class='ocrx_word' id='word_1_765' title='bbox 3301 3898 3541 3953; x_wconf 82' lang='lat' dir='ltr'><strong>habeant</strong></span> 
     </span>
    </p>
   </div>
   <div class='ocr_carea' id='block_1_99' title="bbox 1937 3980 3540 4058">
    <p class='ocr_par' dir='ltr' id='par_1_99' title="bbox 1937 3980 3540 4058">
     <span class='ocr_line' id='line_1_99' title="bbox 1937 3980 3540 4058; baseline 0.008 -26"><span class='ocrx_word' id='word_1_766' title='bbox 1937 3994 2060 4033; x_wconf 89' lang='lat' dir='ltr'><strong>cum</strong></span> <span class='ocrx_word' id='word_1_767' title='bbox 2098 3980 2432 4058; x_wconf 57' lang='lat' dir='ltr'><strong>hominibus,</strong></span> <span class='ocrx_word' id='word_1_768' title='bbox 2475 3991 2530 4035; x_wconf 89' lang='lat' dir='ltr'><strong>et</strong></span> <span class='ocrx_word' id='word_1_769' title='bbox 2579 3984 2919 4049; x_wconf 84' lang='lat' dir='ltr'><strong>probatiores</strong></span> <span class='ocrx_word' id='word_1_770' title='bbox 2954 3985 3074 4040; x_wconf 93' lang='lat' dir='ltr'><strong>illos</strong></span> <span class='ocrx_word' id='word_1_771' title='bbox 3117 3990 3365 4044; x_wconf 86' lang='lat' dir='ltr'><strong>reddant.</strong></span> <span class='ocrx_word' id='word_1_772' title='bbox 3402 3989 3540 4046; x_wconf 85' lang='lat' dir='ltr'><strong>Nam</strong></span> 
     </span>
    </p>
   </div>
   <div class='ocr_carea' id='block_1_100' title="bbox 1937 4072 3538 4153">
    <p class='ocr_par' dir='ltr' id='par_1_100' title="bbox 1937 4072 3538 4153">
     <span class='ocr_line' id='line_1_100' title="bbox 1937 4072 3538 4153; baseline 0.007 -28"><span class='ocrx_word' id='word_1_773' title='bbox 1937 4072 1983 4125; x_wconf 91' lang='lat' dir='ltr'><strong>si</strong></span> <span class='ocrx_word' id='word_1_774' title='bbox 2035 4087 2141 4125; x_wconf 90' lang='lat' dir='ltr'><strong>non</strong></span> <span class='ocrx_word' id='word_1_775' title='bbox 2171 4083 2351 4127; x_wconf 86' lang='lat' dir='ltr'><strong>essent</strong></span> <span class='ocrx_word' id='word_1_776' title='bbox 2387 4075 2707 4142; x_wconf 74' lang='lat' dir='ltr'><strong>adversarii,</strong></span> <span class='ocrx_word' id='word_1_777' title='bbox 2759 4093 2935 4145; x_wconf 81' lang='lat' dir='ltr'><strong>neque</strong></span> <span class='ocrx_word' id='word_1_778' title='bbox 2982 4085 3288 4136; x_wconf 76' lang='lat' dir='ltr'><strong>certamina</strong></span> <span class='ocrx_word' id='word_1_779' title='bbox 3331 4097 3538 4153; x_wconf 80' lang='lat' dir='ltr'><strong>essent,</strong></span> 
     </span>
    </p>
   </div>
   <div class='ocr_carea' id='block_1_101' title="bbox 1937 4164 3540 4239">
    <p class='ocr_par' dir='ltr' id='par_1_101' title="bbox 1937 4164 3540 4239">
     <span class='ocr_line' id='line_1_101' title="bbox 1937 4164 3540 4239; baseline 0.009 -21"><span class='ocrx_word' id='word_1_780' title='bbox 1937 4173 1991 4218; x_wconf 89' lang='lat' dir='ltr'><strong>et</strong></span> <span class='ocrx_word' id='word_1_781' title='bbox 2013 4164 2115 4218; x_wconf 83' lang='lat' dir='ltr'><strong>nisi</strong></span> <span class='ocrx_word' id='word_1_782' title='bbox 2143 4167 2442 4220; x_wconf 85' lang='lat' dir='ltr'><strong>certamina</strong></span> <span class='ocrx_word' id='word_1_783' title='bbox 2465 4179 2676 4230; x_wconf 78' lang='lat' dir='ltr'><strong>essent,</strong></span> <span class='ocrx_word' id='word_1_784' title='bbox 2705 4183 2880 4239; x_wconf 88' lang='lat' dir='ltr'><strong>neque</strong></span> <span class='ocrx_word' id='word_1_785' title='bbox 2905 4187 3122 4226; x_wconf 61' lang='lat' dir='ltr'><strong>corona}</strong></span> <span class='ocrx_word' id='word_1_786' title='bbox 3153 4173 3352 4230; x_wconf 75' lang='lat' dir='ltr'><strong>fort-nt.</strong></span> <span class='ocrx_word' id='word_1_787' title='bbox 3381 4176 3540 4233; x_wconf 79' lang='lat' dir='ltr'><strong>Disce</strong></span> 
     </span>
    </p>
   </div>
   <div class='ocr_carea' id='block_1_102' title="bbox 1938 4256 3542 4336">
    <p class='ocr_par' dir='ltr' id='par_1_102' title="bbox 1938 4256 3542 4336">
     <span class='ocr_line' id='line_1_102' title="bbox 1938 4256 3542 4336; baseline 0.011 -26"><span class='ocrx_word' id='word_1_788' title='bbox 1938 4266 1994 4310; x_wconf 87' lang='lat' dir='ltr'><strong>et</strong></span> <span class='ocrx_word' id='word_1_789' title='bbox 2019 4256 2277 4324; x_wconf 88' lang='lat' dir='ltr'><strong>quiddam</strong></span> <span class='ocrx_word' id='word_1_790' title='bbox 2331 4259 2670 4314; x_wconf 87' lang='lat' dir='ltr'><strong>sublimioris</strong></span> <span class='ocrx_word' id='word_1_791' title='bbox 2716 4266 3018 4332; x_wconf 63' lang='lat' dir='ltr'><strong>anagogim.</strong></span> <span class='ocrx_word' id='word_1_792' title='bbox 3067 4266 3326 4336; x_wconf 83' lang='lat' dir='ltr'><strong>Quisquis</strong></span> <span class='ocrx_word' id='word_1_793' title='bbox 3379 4270 3542 4326; x_wconf 82' lang='lat' dir='ltr'><strong>habet</strong></span> 
     </span>
    </p>
   </div>
   <div class='ocr_carea' id='block_1_103' title="bbox 1939 4347 3541 4424">
    <p class='ocr_par' dir='ltr' id='par_1_103' title="bbox 1939 4347 3541 4424">
     <span class='ocr_line' id='line_1_103' title="bbox 1939 4347 3541 4424; baseline 0.012 -23"><span class='ocrx_word' id='word_1_794' title='bbox 1939 4347 2084 4401; x_wconf 85' lang='lat' dir='ltr'><strong>intra</strong></span> <span class='ocrx_word' id='word_1_795' title='bbox 2125 4362 2183 4402; x_wconf 89' lang='lat' dir='ltr'><strong>se</strong></span> <span class='ocrx_word' id='word_1_796' title='bbox 2211 4348 2506 4414; x_wconf 78' lang='lat' dir='ltr'><strong>daunones,</strong></span> <span class='ocrx_word' id='word_1_797' title='bbox 2533 4351 2637 4406; x_wconf 92' lang='lat' dir='ltr'><strong>hoc</strong></span> <span class='ocrx_word' id='word_1_798' title='bbox 2683 4363 2767 4408; x_wconf 88' lang='lat' dir='ltr'><strong>est</strong></span> <span class='ocrx_word' id='word_1_799' title='bbox 2804 4370 2969 4424; x_wconf 87' lang='lat' dir='ltr'><strong>opera</strong></span> <span class='ocrx_word' id='word_1_800' title='bbox 3003 4360 3360 4423; x_wconf 76' lang='lat' dir='ltr'><strong>dzemouiaca,</strong></span> <span class='ocrx_word' id='word_1_801' title='bbox 3391 4377 3541 4421; x_wconf 76' lang='lat' dir='ltr'><strong>veSIe</strong></span> 
     </span>
    </p>
   </div>
   <div class='ocr_carea' id='block_1_104' title="bbox 1943 4442 3544 4526">
    <p class='ocr_par' dir='ltr' id='par_1_104' title="bbox 1943 4442 3544 4526">
     <span class='ocr_line' id='line_1_104' title="bbox 1943 4442 3544 4526; baseline 0.014 -33"><span class='ocrx_word' id='word_1_802' title='bbox 1943 4457 2047 4494; x_wconf 89' lang='lat' dir='ltr'><strong>non</strong></span> <span class='ocrx_word' id='word_1_803' title='bbox 2085 4442 2349 4504; x_wconf 88' lang='lat' dir='ltr'><strong>induitur.</strong></span> <span class='ocrx_word' id='word_1_804' title='bbox 2379 4454 2532 4499; x_wconf 78' lang='lat' dir='ltr'><strong>caret</strong></span> <span class='ocrx_word' id='word_1_805' title='bbox 2557 4449 2703 4499; x_wconf 88' lang='lat' dir='ltr'><strong>enim</strong></span> <span class='ocrx_word' id='word_1_806' title='bbox 2741 4449 2879 4502; x_wconf 87' lang='lat' dir='ltr'><strong>stola</strong></span> <span class='ocrx_word' id='word_1_807' title='bbox 2911 4466 3073 4518; x_wconf 86' lang='lat' dir='ltr'><strong>quam</strong></span> <span class='ocrx_word' id='word_1_808' title='bbox 3108 4454 3160 4507; x_wconf 90' lang='lat' dir='ltr'><strong>in</strong></span> <span class='ocrx_word' id='word_1_809' title='bbox 3215 4457 3544 4526; x_wconf 83' lang='lat' dir='ltr'><strong>baptismate</strong></span> 
     </span>
    </p>
   </div>
   <div class='ocr_carea' id='block_1_105' title="bbox 1863 4534 3535 4613">
    <p class='ocr_par' dir='ltr' id='par_1_105' title="bbox 1863 4534 3535 4613">
     <span class='ocr_line' id='line_1_105' title="bbox 1863 4534 3535 4613; baseline 0.013 -27"><span class='ocrx_word' id='word_1_810' title='bbox 1863 4547 1914 4606; x_wconf 80' lang='grc' dir='ltr'><strong>ι)</strong></span> <span class='ocrx_word' id='word_1_811' title='bbox 1941 4534 2175 4602; x_wconf 88' lang='lat' dir='ltr'><strong>accepit,</strong></span> <span class='ocrx_word' id='word_1_812' title='bbox 2211 4544 2266 4588; x_wconf 90' lang='lat' dir='ltr'><strong>et</strong></span> <span class='ocrx_word' id='word_1_813' title='bbox 2300 4535 2355 4588; x_wconf 90' lang='lat' dir='ltr'><strong>in</strong></span> <span class='ocrx_word' id='word_1_814' title='bbox 2386 4534 2552 4593; x_wconf 91' lang='lat' dir='ltr'><strong>domo</strong></span> <span class='ocrx_word' id='word_1_815' title='bbox 2583 4553 2690 4592; x_wconf 90' lang='lat' dir='ltr'><strong>non</strong></span> <span class='ocrx_word' id='word_1_816' title='bbox 2734 4552 2941 4607; x_wconf 70' lang='lat' dir='ltr'><strong>tutariet,</strong></span> <span class='ocrx_word' id='word_1_817' title='bbox 2977 4545 3079 4598; x_wconf 87' lang='lat' dir='ltr'><strong>hoc</strong></span> <span class='ocrx_word' id='word_1_818' title='bbox 3117 4556 3221 4613; x_wconf 88' lang='lat' dir='ltr'><strong>est,</strong></span> <span class='ocrx_word' id='word_1_819' title='bbox 3261 4549 3316 4602; x_wconf 90' lang='lat' dir='ltr'><strong>in</strong></span> <span class='ocrx_word' id='word_1_820' title='bbox 3349 4548 3535 4608; x_wconf 79' lang='lat' dir='ltr'><strong>Eccle-</strong></span> 
     </span>
    </p>
   </div>
   <div class='ocr_carea' id='block_1_106' title="bbox 1940 4627 3536 4709">
    <p class='ocr_par' dir='ltr' id='par_1_106' title="bbox 1940 4627 3536 4709">
     <span class='ocr_line' id='line_1_106' title="bbox 1940 4627 3536 4709; baseline 0.012 -30"><span class='ocrx_word' id='word_1_821' title='bbox 1940 4627 2017 4680; x_wconf 91' lang='lat' dir='ltr'><strong>sia</strong></span> <span class='ocrx_word' id='word_1_822' title='bbox 2047 4644 2062 4692; x_wconf 88' lang='lat'><strong>;</strong></span> <span class='ocrx_word' id='word_1_823' title='bbox 2096 4627 2354 4695; x_wconf 76' lang='lat' dir='ltr'><strong>indignus</strong></span> <span class='ocrx_word' id='word_1_824' title='bbox 2382 4632 2527 4683; x_wconf 89' lang='lat' dir='ltr'><strong>enim</strong></span> <span class='ocrx_word' id='word_1_825' title='bbox 2554 4641 2637 4685; x_wconf 89' lang='lat' dir='ltr'><strong>est</strong></span> <span class='ocrx_word' id='word_1_826' title='bbox 2671 4642 2728 4685; x_wconf 92' lang='lat' dir='ltr'><strong>ut</strong></span> <span class='ocrx_word' id='word_1_827' title='bbox 2758 4634 3098 4703; x_wconf 78' lang='lat' dir='ltr'><strong>ingrediatur</strong></span> <span class='ocrx_word' id='word_1_828' title='bbox 3130 4638 3182 4690; x_wconf 93' lang='lat' dir='ltr'><strong>iu</strong></span> <span class='ocrx_word' id='word_1_829' title='bbox 3209 4638 3536 4709; x_wconf 80' lang='lat' dir='ltr'><strong>Eeelesiam,</strong></span> 
     </span>
    </p>
   </div>
   <div class='ocr_carea' id='block_1_107' title="bbox 1937 4710 3532 4800">
    <p class='ocr_par' dir='ltr' id='par_1_107' title="bbox 1937 4710 3532 4800">
     <span class='ocr_line' id='line_1_107' title="bbox 1937 4710 3532 4800; baseline 0.011 -28"><span class='ocrx_word' id='word_1_830' title='bbox 1937 4721 2033 4773; x_wconf 82' lang='lat' dir='ltr'><strong>sed</strong></span> <span class='ocrx_word' id='word_1_831' title='bbox 2064 4720 2117 4773; x_wconf 88' lang='lat' dir='ltr'><strong>in</strong></span> <span class='ocrx_word' id='word_1_832' title='bbox 2155 4723 2545 4788; x_wconf 81' lang='lat' dir='ltr'><strong>monumentis,</strong></span> <span class='ocrx_word' id='word_1_833' title='bbox 2582 4723 2683 4779; x_wconf 91' lang='lat' dir='ltr'><strong>hoc</strong></span> <span class='ocrx_word' id='word_1_834' title='bbox 2707 4710 2809 4791; x_wconf 82' lang='lat' dir='ltr'><strong>est,</strong></span> <span class='ocrx_word' id='word_1_835' title='bbox 2848 4727 2899 4779; x_wconf 90' lang='lat' dir='ltr'><strong>in</strong></span> <span class='ocrx_word' id='word_1_836' title='bbox 2935 4738 3274 4783; x_wconf 88' lang='lat' dir='ltr'><strong>mortuorum</strong></span> <span class='ocrx_word' id='word_1_837' title='bbox 3304 4749 3532 4800; x_wconf 88' lang='lat' dir='ltr'><strong>operum</strong></span> 
     </span>
    </p>
   </div>
   <div class='ocr_carea' id='block_1_108' title="bbox 1938 4815 3537 4884">
    <p class='ocr_par' dir='ltr' id='par_1_108' title="bbox 1938 4815 3537 4884">
     <span class='ocr_line' id='line_1_108' title="bbox 1938 4815 3537 4884; baseline 0.01 -19"><span class='ocrx_word' id='word_1_838' title='bbox 1938 4815 2318 4881; x_wconf 77' lang='lat' dir='ltr'><strong>receptaculis,</strong></span> <span class='ocrx_word' id='word_1_839' title='bbox 2372 4825 2430 4869; x_wconf 89' lang='lat' dir='ltr'><strong>ut</strong></span> <span class='ocrx_word' id='word_1_840' title='bbox 2480 4819 2532 4869; x_wconf 90' lang='lat' dir='ltr'><strong>in</strong></span> <span class='ocrx_word' id='word_1_841' title='bbox 2581 4819 2899 4884; x_wconf 75' lang='lat' dir='ltr'><strong>prostibuiis</strong></span> <span class='ocrx_word' id='word_1_842' title='bbox 2959 4830 3014 4873; x_wconf 84' lang='lat' dir='ltr'><strong>et</strong></span> <span class='ocrx_word' id='word_1_843' title='bbox 3062 4821 3277 4878; x_wconf 85' lang='lat' dir='ltr'><strong>teloniis</strong></span> <span class='ocrx_word' id='word_1_844' title='bbox 3321 4835 3377 4879; x_wconf 88' lang='lat' dir='ltr'><strong>et</strong></span> <span class='ocrx_word' id='word_1_845' title='bbox 3414 4825 3537 4881; x_wconf 78' lang='lat' dir='ltr'><strong>aliis</strong></span> 
     </span>
    </p>
   </div>
   <div class='ocr_carea' id='block_1_109' title="bbox 1936 4904 2970 4964">
    <p class='ocr_par' dir='ltr' id='par_1_109' title="bbox 1936 4904 2970 4964">
     <span class='ocr_line' id='line_1_109' title="bbox 1936 4904 2970 4964; baseline 0.006 -6"><span class='ocrx_word' id='word_1_846' title='bbox 1936 4908 2201 4959; x_wconf 80' lang='lat' dir='ltr'><strong>scelerum</strong></span> <span class='ocrx_word' id='word_1_847' title='bbox 2229 4904 2459 4961; x_wconf 72' lang='lat' dir='ltr'><strong>olIit-inis</strong></span> <span class='ocrx_word' id='word_1_848' title='bbox 2487 4917 2541 4962; x_wconf 88' lang='lat' dir='ltr'><strong>el</strong></span> <span class='ocrx_word' id='word_1_849' title='bbox 2573 4911 2970 4964; x_wconf 84' lang='lat' dir='ltr'><strong>monumentis.</strong></span> 
     </span>
    </p>
   </div>
   <div class='ocr_carea' id='block_1_110' title="bbox 2011 5103 3534 5186">
    <p class='ocr_par' dir='ltr' id='par_1_110' title="bbox 2011 5103 3534 5186">
     <span class='ocr_line' id='line_1_110' title="bbox 2011 5103 3534 5186; baseline 0.012 -32"><span class='ocrx_word' id='word_1_850' title='bbox 2011 5103 2174 5158; x_wconf 76' lang='lat' dir='ltr'><strong>Vens.</strong></span> <span class='ocrx_word' id='word_1_851' title='bbox 2218 5104 2417 5160; x_wconf 62' lang='lat'><strong>54-39.</strong></span> <span class='ocrx_word' id='word_1_852' title='bbox 2456 5123 2474 5157; x_wconf 76' lang='grc' dir='ltr'><strong>ι</strong></span> <span class='ocrx_word' id='word_1_853' title='bbox 2508 5103 2680 5160; x_wconf 75' lang='lat' dir='ltr'><strong>Poiro</strong></span> <span class='ocrx_word' id='word_1_854' title='bbox 2703 5117 2761 5159; x_wconf 90' lang='lat' dir='ltr'><strong>ut</strong></span> <span class='ocrx_word' id='word_1_855' title='bbox 2790 5109 3046 5164; x_wconf 83' lang='lat' dir='ltr'><strong>viderunt</strong></span> <span class='ocrx_word' id='word_1_856' title='bbox 3068 5113 3212 5181; x_wconf 88' lang='lat' dir='ltr'><strong>quod</strong></span> <span class='ocrx_word' id='word_1_857' title='bbox 3238 5115 3534 5186; x_wconf 81' lang='lat' dir='ltr'><strong>acciderat,</strong></span> 
     </span>
    </p>
   </div>
   <div class='ocr_carea' id='block_1_111' title="bbox 1938 5195 3536 5269">
    <p class='ocr_par' dir='ltr' id='par_1_111' title="bbox 1938 5195 3536 5269">
     <span class='ocr_line' id='line_1_111' title="bbox 1938 5195 3536 5269; baseline 0.01 -19"><span class='ocrx_word' id='word_1_858' title='bbox 1938 5195 1991 5250; x_wconf 90' lang='lat' dir='ltr'><strong>hi</strong></span> <span class='ocrx_word' id='word_1_859' title='bbox 2011 5198 2101 5260; x_wconf 87' lang='lat' dir='ltr'><strong>qui</strong></span> <span class='ocrx_word' id='word_1_860' title='bbox 2122 5196 2438 5265; x_wconf 81' lang='lat' dir='ltr'><strong>pascebant,</strong></span> <span class='ocrx_word' id='word_1_861' title='bbox 2460 5198 2741 5269; x_wconf 78' lang='lat' dir='ltr'><strong>fugerunt,</strong></span> <span class='ocrx_word' id='word_1_862' title='bbox 2765 5214 2820 5255; x_wconf 91' lang='lat' dir='ltr'><strong>et</strong></span> <span class='ocrx_word' id='word_1_863' title='bbox 2841 5219 3117 5259; x_wconf 85' lang='lat' dir='ltr'><strong>rumorem</strong></span> <span class='ocrx_word' id='word_1_864' title='bbox 3145 5209 3536 5266; x_wconf 82' lang='lat' dir='ltr'><strong>nuntiaverunt</strong></span> 
     </span>
    </p>
   </div>
   <div class='ocr_carea' id='block_1_112' title="bbox 1937 5289 3538 5360">
    <p class='ocr_par' dir='ltr' id='par_1_112' title="bbox 1937 5289 3538 5360">
     <span class='ocr_line' id='line_1_112' title="bbox 1937 5289 3538 5360; baseline 0.01 -18"><span class='ocrx_word' id='word_1_865' title='bbox 1937 5289 1991 5342; x_wconf 91' lang='lat' dir='ltr'><strong>iu</strong></span> <span class='ocrx_word' id='word_1_866' title='bbox 2031 5289 2310 5344; x_wconf 81' lang='lat' dir='ltr'><strong>civitatem</strong></span> <span class='ocrx_word' id='word_1_867' title='bbox 2345 5305 2409 5345; x_wconf 82' lang='lat' dir='ltr'><strong>ac</strong></span> <span class='ocrx_word' id='word_1_868' title='bbox 2453 5293 2630 5346; x_wconf 77' lang='lat' dir='ltr'><strong>villas.</strong></span> <span class='ocrx_word' id='word_1_869' title='bbox 2669 5294 2934 5349; x_wconf 80' lang='lat' dir='ltr'><strong>Exierunt</strong></span> <span class='ocrx_word' id='word_1_870' title='bbox 2981 5311 3162 5353; x_wconf 84' lang='lat' dir='ltr'><strong>autem</strong></span> <span class='ocrx_word' id='word_1_871' title='bbox 3205 5313 3262 5355; x_wconf 90' lang='lat' dir='ltr'><strong>ut</strong></span> <span class='ocrx_word' id='word_1_872' title='bbox 3295 5306 3538 5360; x_wconf 84' lang='lat' dir='ltr'><strong>viderent</strong></span> 
     </span>
    </p>
   </div>
   <div class='ocr_carea' id='block_1_113' title="bbox 1937 5382 3535 5461">
    <p class='ocr_par' dir='ltr' id='par_1_113' title="bbox 1937 5382 3535 5461">
     <span class='ocr_line' id='line_1_113' title="bbox 1937 5382 3535 5461; baseline 0.013 -28"><span class='ocrx_word' id='word_1_873' title='bbox 1937 5383 2079 5451; x_wconf 91' lang='lat' dir='ltr'><strong>quod</strong></span> <span class='ocrx_word' id='word_1_874' title='bbox 2117 5382 2322 5437; x_wconf 75' lang='lat' dir='ltr'><strong>factum</strong></span> <span class='ocrx_word' id='word_1_875' title='bbox 2353 5396 2489 5438; x_wconf 87' lang='lat' dir='ltr'><strong>erat.</strong></span> <span class='ocrx_word' id='word_1_876' title='bbox 2525 5387 2589 5440; x_wconf 87' lang='lat' dir='ltr'><strong>Et</strong></span> <span class='ocrx_word' id='word_1_877' title='bbox 2622 5401 2889 5444; x_wconf 75' lang='lat' dir='ltr'><strong>venerunt</strong></span> <span class='ocrx_word' id='word_1_878' title='bbox 2926 5394 2992 5443; x_wconf 84' lang='lat' dir='ltr'><strong>ad</strong></span> <span class='ocrx_word' id='word_1_879' title='bbox 3036 5391 3244 5461; x_wconf 71' lang='lat' dir='ltr'><strong>Iesum,</strong></span> <span class='ocrx_word' id='word_1_880' title='bbox 3279 5407 3336 5452; x_wconf 86' lang='lat' dir='ltr'><strong>et</strong></span> <span class='ocrx_word' id='word_1_881' title='bbox 3376 5398 3535 5453; x_wconf 81' lang='lat' dir='ltr'><strong>inve-</strong></span> 
     </span>
    </p>
   </div>
   <div class='ocr_carea' id='block_1_114' title="bbox 1937 5477 3533 5553">
    <p class='ocr_par' dir='ltr' id='par_1_114' title="bbox 1937 5477 3533 5553">
     <span class='ocr_line' id='line_1_114' title="bbox 1937 5477 3533 5553; baseline 0.013 -28"><span class='ocrx_word' id='word_1_882' title='bbox 1937 5483 2140 5528; x_wconf 87' lang='lat' dir='ltr'><strong>nerunt</strong></span> <span class='ocrx_word' id='word_1_883' title='bbox 2190 5477 2465 5530; x_wconf 83' lang='lat' dir='ltr'><strong>hominem</strong></span> <span class='ocrx_word' id='word_1_884' title='bbox 2518 5480 2798 5534; x_wconf 83' lang='lat' dir='ltr'><strong>sedentem</strong></span> <span class='ocrx_word' id='word_1_885' title='bbox 2849 5499 2878 5535; x_wconf 88' lang='lat' dir='ltr'><strong>a</strong></span> <span class='ocrx_word' id='word_1_886' title='bbox 2923 5500 3033 5553; x_wconf 90' lang='lat' dir='ltr'><strong>quo</strong></span> <span class='ocrx_word' id='word_1_887' title='bbox 3064 5487 3332 5543; x_wconf 74' lang='lat' dir='ltr'><strong>drcmouia</strong></span> <span class='ocrx_word' id='word_1_888' title='bbox 3381 5491 3533 5545; x_wconf 79' lang='lat' dir='ltr'><strong>exie-</strong></span> 
     </span>
    </p>
   </div>
   <div class='ocr_carea' id='block_1_115' title="bbox 1935 5569 3535 5651">
    <p class='ocr_par' dir='ltr' id='par_1_115' title="bbox 1935 5569 3535 5651">
     <span class='ocr_line' id='line_1_115' title="bbox 1935 5569 3535 5651; baseline 0.012 -31"><span class='ocrx_word' id='word_1_889' title='bbox 1935 5577 2081 5632; x_wconf 84' lang='lat' dir='ltr'><strong>rant,</strong></span> <span class='ocrx_word' id='word_1_890' title='bbox 2130 5569 2408 5634; x_wconf 77' lang='lat' dir='ltr'><strong>vcstitum,</strong></span> <span class='ocrx_word' id='word_1_891' title='bbox 2451 5587 2516 5625; x_wconf 88' lang='lat' dir='ltr'><strong>ac</strong></span> <span class='ocrx_word' id='word_1_892' title='bbox 2550 5590 2682 5626; x_wconf 82' lang='lat' dir='ltr'><strong>sana</strong></span> <span class='ocrx_word' id='word_1_893' title='bbox 2717 5589 2921 5645; x_wconf 85' lang='lat' dir='ltr'><strong>mente,</strong></span> <span class='ocrx_word' id='word_1_894' title='bbox 2970 5581 3035 5631; x_wconf 83' lang='lat' dir='ltr'><strong>ad</strong></span> <span class='ocrx_word' id='word_1_895' title='bbox 3080 5583 3243 5651; x_wconf 71' lang='lat' dir='ltr'><strong>pedes</strong></span> <span class='ocrx_word' id='word_1_896' title='bbox 3290 5583 3439 5647; x_wconf 84' lang='lat' dir='ltr'><strong>Jesn,</strong></span> <span class='ocrx_word' id='word_1_897' title='bbox 3479 5595 3535 5639; x_wconf 91' lang='lat' dir='ltr'><strong>et</strong></span> 
     </span>
    </p>
   </div>
   <div class='ocr_carea' id='block_1_116' title="bbox 1937 5659 3534 5745">
    <p class='ocr_par' dir='ltr' id='par_1_116' title="bbox 1937 5659 3534 5745">
     <span class='ocr_line' id='line_1_116' title="bbox 1937 5659 3534 5745; baseline 0.013 -36"><span class='ocrx_word' id='word_1_898' title='bbox 1937 5659 2256 5715; x_wconf 88' lang='lat' dir='ltr'><strong>timuerunt.</strong></span> <span class='ocrx_word' id='word_1_899' title='bbox 2292 5661 2693 5719; x_wconf 76' lang='lat' dir='ltr'><strong>Nuntiaverunt</strong></span> <span class='ocrx_word' id='word_1_900' title='bbox 2739 5677 2919 5722; x_wconf 89' lang='lat' dir='ltr'><strong>autem</strong></span> <span class='ocrx_word' id='word_1_901' title='bbox 2969 5669 3076 5726; x_wconf 90' lang='lat' dir='ltr'><strong>illis</strong></span> <span class='ocrx_word' id='word_1_902' title='bbox 3115 5676 3277 5727; x_wconf 88' lang='lat' dir='ltr'><strong>ctiam</strong></span> <span class='ocrx_word' id='word_1_903' title='bbox 3318 5675 3409 5745; x_wconf 90' lang='lat' dir='ltr'><strong>qui</strong></span> <span class='ocrx_word' id='word_1_904' title='bbox 3449 5676 3534 5729; x_wconf 70' lang='lat' dir='ltr'><strong>vi-</strong></span> 
     </span>
    </p>
   </div>
   <div class='ocr_carea' id='block_1_117' title="bbox 1935 5751 3534 5835">
    <p class='ocr_par' dir='ltr' id='par_1_117' title="bbox 1935 5751 3534 5835">
     <span class='ocr_line' id='line_1_117' title="bbox 1935 5751 3534 5835; baseline 0.012 -31"><span class='ocrx_word' id='word_1_905' title='bbox 1935 5751 2150 5815; x_wconf 86' lang='lat' dir='ltr'><strong>derant,</strong></span> <span class='ocrx_word' id='word_1_906' title='bbox 2182 5754 2457 5821; x_wconf 89' lang='lat' dir='ltr'><strong>quomodo</strong></span> <span class='ocrx_word' id='word_1_907' title='bbox 2488 5771 2655 5810; x_wconf 84' lang='lat' dir='ltr'><strong>sanus</strong></span> <span class='ocrx_word' id='word_1_908' title='bbox 2688 5757 2863 5814; x_wconf 83' lang='lat' dir='ltr'><strong>factus</strong></span> <span class='ocrx_word' id='word_1_909' title='bbox 2898 5773 3041 5816; x_wconf 83' lang='lat' dir='ltr'><strong>esset</strong></span> <span class='ocrx_word' id='word_1_910' title='bbox 3084 5765 3128 5818; x_wconf 90' lang='lat' dir='ltr'><strong>is</strong></span> <span class='ocrx_word' id='word_1_911' title='bbox 3163 5767 3253 5834; x_wconf 94' lang='lat' dir='ltr'><strong>qui</strong></span> <span class='ocrx_word' id='word_1_912' title='bbox 3288 5766 3534 5835; x_wconf 74' lang='lat' dir='ltr'><strong>agitaba-</strong></span> 
     </span>
    </p>
   </div>
   <div class='ocr_carea' id='block_1_118' title="bbox 1940 5843 3532 5923">
    <p class='ocr_par' dir='ltr' id='par_1_118' title="bbox 1940 5843 3532 5923">
     <span class='ocr_line' id='line_1_118' title="bbox 1940 5843 3532 5923; baseline 0.016 -33"><span class='ocrx_word' id='word_1_913' title='bbox 1940 5852 2024 5894; x_wconf 87' lang='lat' dir='ltr'><strong>tur</strong></span> <span class='ocrx_word' id='word_1_914' title='bbox 2055 5860 2080 5895; x_wconf 79' lang='grc' dir='ltr'><strong>ιι</strong></span> <span class='ocrx_word' id='word_1_915' title='bbox 2131 5843 2417 5899; x_wconf 69' lang='grc' dir='ltr'>(ἱςιιειιοηὶο.</span> <span class='ocrx_word' id='word_1_916' title='bbox 2474 5846 2536 5901; x_wconf 82' lang='lat' dir='ltr'><strong>Et</strong></span> <span class='ocrx_word' id='word_1_917' title='bbox 2582 5865 2909 5923; x_wconf 74' lang='lat' dir='ltr'><strong>rogaverunt</strong></span> <span class='ocrx_word' id='word_1_918' title='bbox 2944 5855 3095 5910; x_wconf 85' lang='lat' dir='ltr'><strong>illum</strong></span> <span class='ocrx_word' id='word_1_919' title='bbox 3137 5859 3316 5916; x_wconf 84' lang='lat' dir='ltr'><strong>omnis</strong></span> <span class='ocrx_word' id='word_1_920' title='bbox 3351 5860 3532 5918; x_wconf 87' lang='lat' dir='ltr'><strong>multi-</strong></span> 
     </span>
    </p>
   </div>
  </div>
