4256 6432
714 371 816 432 δΟἸ

715 486 843 537 ΙυιΙι)
874 484 1110 551 regionis
1139 483 1573 547 Gadarenoruin,
1607 495 1664 537 ιιι
1698 484 2005 537 discederet
2046 483 2114 536 ab
2149 483 2303 550 ipsis,

2424 481 2519 533 ἀπ’
2564 479 2769 536 αὐτῶν,

711 578 835 643 quia
892 592 1086 643 magno
1134 576 1331 628 timore
1374 576 1717 629 tenebantur.
1776 574 1891 641 Ipse
1948 585 2129 627 autem
2168 588 2299 627 con-

711 682 903 721 scensa
948 668 1067 719 navi
1102 682 1351 721 reversus
1381 679 1483 721 est.
1521 667 1829 734 Rogaverat
1862 667 2009 720 enim
2042 667 2191 719 illum
2226 668 2308 718 vir

712 776 739 807 ιι
796 771 902 824 quo
957 757 1222 808 datinonia
1265 757 1533 818 exierant,
1590 769 1647 808 ut
1697 772 1818 807 eum
1868 770 1935 808 eo
1989 764 2156 817 esset,
2212 755 2308 808 sed

712 848 981 914 ablegavit
1008 861 1129 900 eum
1152 846 1329 913 Jesus,
1364 848 1551 903 dicens
1581 866 1592 899 :
1632 846 1763 900 Redi
1797 846 1849 898 iu
1882 846 2103 898 domum
2139 854 2310 907 tuam,

710 950 763 990 et
796 952 955 989 narra
1001 954 1336 1007 quaecunque
1377 940 1469 991 tibi
1509 938 1700 992 fecerit
1742 941 1900 993 Deus.
1950 936 2017 990 Et
2049 938 2184 991 abiit
2217 953 2315 1007 per

716 1038 876 1081 totam
914 1030 1189 1083 civitatem
1232 1028 1532 1097 praedicans
1585 1045 1929 1097 quacunque
1992 1030 2096 1083 sibi
2143 1028 2308 1083 fecis-

712 1129 797 1170 set
858 1117 1032 1172 Jesus.
1090 1138 1107 1169 ι
1179 1119 1321 1186 Fuga
1374 1129 1651 1188 pastorum
1719 1120 2021 1173 Gadarenis
2092 1119 2311 1173 occasio

713 1210 901 1264 salutis
940 1220 1075 1275 erat,
1111 1212 1205 1263 sed
1260 1212 1332 1263 illi
1389 1228 1491 1264 non
1554 1212 1963 1266 intellexerunt.
2016 1212 2317 1281 Oportebat

713 1303 856 1354 enim
886 1304 1066 1355 mirari
1092 1303 1345 1356 virtutem
1373 1303 1696 1369 Salvatoris,
1720 1312 1774 1357 et
1800 1305 2024 1357 credere
2046 1305 2093 1357 ei
2124 1322 2135 1358 :
2164 1311 2218 1355 at
2240 1304 2313 1356 illi

711 1404 1059 1461 rogaverunt,
1113 1393 1305 1461 inquit,
1335 1392 1543 1459 Jesuai,
1583 1396 1683 1449 llOC
1732 1404 1815 1447 est
1858 1396 2310 1459 obsecraverunt,

717 1498 773 1537 ut
801 1486 867 1537 ab
898 1486 1027 1551 ipsis
1061 1489 1356 1539 recederet.
1393 1484 1716 1540 'l‘irnucrunt
1748 1489 1893 1541 enim
1922 1503 1989 1540 ne
2016 1502 2123 1555 quo
2152 1498 2314 1555 pacto

713 1578 875 1629 etiam
933 1578 1077 1629 aliud
1136 1578 1394 1630 damnum
1458 1590 1795 1647 paterentur,
1865 1578 2315 1647 quandoquidem

715 1669 865 1734 porci
892 1668 1197 1733 periissem.
1254 1667 1322 1717 At
1372 1676 1595 1721 sanatus
1640 1668 1735 1722 ille
1786 1678 1997 1721 certum
2044 1667 2316 1735 quoddam

715 1760 963 1812 sanitatis
999 1758 1259 1810 indicium
1301 1760 1642 1814 ostendebat.
1696 1760 1771 1812 lta
1832 1760 1979 1813 enim
2014 1769 2198 1813 mente
2226 1775 2315 1813 sa—

714 1864 874 1905 natus
906 1860 1009 1909 cst.
1058 1862 1115 1903 ut
1144 1850 1330 1905 Jesum
1360 1863 1711 1921 agnosceret,
1747 1868 1913 1907 orans
1953 1864 2010 1906 ut
2040 1854 2145 1906 sibi
2191 1867 2315 1907 cuin

1653 371 2235 430 THEOPHYIACTI
2287 367 2703 428 BULGAll-lﬁ
2748 362 3105 422 ARCHIEI‘.

2816 479 2896 527 ὅτι
2926 476 3077 541 φόϐῳ
3111 472 3335 540 μεγάλῳ
3391 469 3724 537 συνείχοντο·
3776 468 3943 529 αὐτὸς
3983 468 4039 518 δὲ

2421 573 2593 640 ἐμϐὰς
2634 574 2712 632 εἰς
2744 568 2807 621 τὸ
2840 570 3042 627 πλοῖον,
3076 563 3445 631 ὑπέστρεψεν.
3490 562 3705 613 Ἐδέετο
3735 560 3794 611 δὲ
3832 562 3860 611 6
3889 562 4037 628 ἀνὴρ

2425 666 2517 731 ἀφ’
2544 661 2603 717 οὗ
2627 662 2939 729 ἐξεληλύθει
2967 660 3032 710 τὰ
3055 658 3333 726 δαιμόνια,
3363 650 3505 706 εἶναι
3542 655 3639 705 σὺν
3665 652 3839 719 αύτῷ.
3907 652 4037 703 Ἀπ-

2419 758 2579 810 έλυσε
2627 756 2683 807 δὲ
2718 754 2881 805 αὑτὸν
2923 754 2950 801 ὁ
2984 748 3220 819 Ἰησοῦς,
3269 746 3467 813 λέγων’
3524 742 3909 812 ’Υπόστρεψον
3957 743 4037 803 εἰς

2418 848 2511 898 τὸν
2539 841 2688 897 οἶκόν
2724 860 2837 903 σου,
2886 841 2980 893 καὶ
3015 837 3235 907 διηγοῦ,
3271 836 3372 887 ὃσα
3418 832 3648 901 ἐποίησέ
3693 848 3776 882 σοι
3812 834 3843 881 ὁ
3870 831 4032 891 Θεὸς.

2420 938 2529 992 Καὶ
2584 935 2821 1003 ἀπῆλθε,
2877 932 3001 984 καθ’
3038 931 3168 999 ὃλην
3213 929 3314 999 τὴν
3368 927 3527 978 πόλιν
3578 923 3876 993 κηρύσσων
3936 923 4039 974 ὅσα

2420 1032 2680 1099 ἐποίησεν
2733 1026 2884 1095 αὐτῷ
2936 1028 2964 1078 ὀ
3017 1022 3248 1093 Ἰησοῦς.
3307 1040 3325 1071 ι
3367 1020 3440 1071 T6
3498 1018 3597 1087 μὶν
3657 1020 3853 1085 φυγεῖν
3906 1015 4036 1077 τοὺς

2423 1123 2747 1193 βόσκοντας,
2794 1114 3076 1184 σωτηρίας
3118 1109 3345 1181 ἀφορμὴ
3378 1106 3597 1174 ἐγένετο
3627 1107 3741 1167 τοῖς
3775 1103 4036 1171 Γαδαρη-

2420 1218 2552 1276 νοῖς,
2595 1213 2710 1265 ἀλλ’
2747 1212 2947 1263 ἐκεῖνοι
2988 1208 3049 1259 οὐ
3085 1204 3352 1271 συνῆκαν.
3406 1200 3540 1251 Δέον
3582 1197 3692 1265 γὰρ
3742 1196 4033 1264 θαυμάσαι

2419 1308 2518 1377 τῆν
2552 1307 2782 1371 δύναμιν
2829 1300 2924 1352 τοῦ
2976 1297 3252 1366 Σωτῆρος,
3302 1293 3397 1346 καὶ
3434 1289 3728 1343 πιστεῦσαι
3774 1287 3952 1355 αὐτῷ’
3987 1287 4036 1335 οἱ

2420 1399 2477 1450 δὲ
2507 1394 2827 1466 ἠρώτησαν,
2870 1391 3030 1460 φησι,
3065 1389 3157 1441 τὸν
3198 1386 3435 1458 Ἰησοῦν,
3472 1383 3595 1438 ἀντὶ
3628 1382 3723 1431 τοῦ
3782 1381 4037 1449 παρεκα-

2424 1494 2607 1551 λεσαν,
2637 1472 2894 1541 ἀπελθεῖι
2927 1484 3022 1536 ἀπ’
3053 1482 3261 1557 αὐτῶν,
3296 1477 3650 1548 ὲφοὸἠθησαν
3693 1475 4037 1565 γάρρὴπως

2422 1587 2518 1639 καὶ
2554 1584 2683 1637 ἄλλο
2734 1598 2789 1632 τι
2844 1578 3145 1647 ἐπιζήμιον
3197 1573 3471 1636 πάθωσιν,
3524 1570 3720 1637 ὥσπερ
3760 1570 3859 1620 καὶ
3907 1567 4036 1627 τοὺς

2422 1678 2639 1749 χοίρους
2668 1674 2983 1729 ἀπώλεσαν.
3023 1670 3081 1722 '0
3114 1667 3170 1720 δὲ
3203 1662 3569 1735 θεραπευθεὶς
3604 1661 3841 1730 εκεῖ-λος,
3871 1659 4038 1749 ἀναν-

2423 1748 2684 1839 τίρρητον
2733 1766 2835 1833 τὴν
2885 1757 3168 1823 ἀπόδειξιν
3222 1758 3322 1826 τῆς
3388 1754 3693 1822 θεραπείας
3750 1748 4032 1839 ὲιιφαίνει.

2623 1856 2731 1924 γὰρ
2762 1851 2998 1920 ὑγιάσθη
3033 1848 3135 1911 τὰς
3173 1847 3403 1915 φρένας,
3452 1842 3595 1893 ὥστε
3632 1835 3945 1905 ἐπιγνῶναι
3976 1850 4035 1884 τε

718 1944 810 1997 illo
862 1960 983 1998 esse
1040 1944 1246 1999 liceret.
1303 1946 1535 2009 Etenim,
1588 1956 1646 1999 ut
1684 1957 1932 2015 apparet,
1974 1947 2198 2001 timebat
2251 1962 2315 1999 ne

2428 1950 2518 2001 τὶν
2562 1946 2793 2016 Ἰησοῦν,
2832 1944 2928 1996 καὶ
2959 1939 3146 2004 ἀξιοῦν
3178 1936 3364 2001 αὑτὸν,
3398 1935 3485 1987 ἵνα
3578 1934 3676 1985 σὺν
3710 1928 3885 1998 αὐτῷ.
3926 1927 4037 1978 Καὶ

720 2037 1165 2105 l'orte-clongatus
1194 2054 1219 2089 a
1254 2036 1380 2091 Jesu
1419 2054 1448 2090 a
1479 2039 1818 2092 daemonibus
1852 2041 2049 2093 iterum
2094 2040 2315 2093 invade-

718 2139 903 2194 retur;
947 2133 1040 2181 sed
1097 2129 1361 2183 Dominus
1407 2130 1610 2183 indicat
1649 2131 1696 2184 ei
1741 2130 1884 2197 quod
1924 2129 2052 2182 licet
2100 2143 2209 2181 non
2245 2128 2317 2182 sit

715 2236 921 2281 secum,
969 2224 1141 2288 gratia
1205 2231 1383 2274 tamen
1436 2221 1553 2287 ejus
1608 2231 1911 2289 protectus,
1964 2221 2315 2274 daemoniaeis

715 2314 1007 2367 insultibus
1055 2315 1305 2382 superior
1355 2314 1467 2368 fiat.
1520 2314 1678 2376 Redi,
1737 2314 1934 2384 inquit,
1985 2315 2038 2367 in
2089 2312 2312 2367 domum

714 2414 882 2467 tuam,
933 2415 987 2458 et
1037 2420 1193 2456 narra
1244 2420 1582 2473 quan-utique
1615 2407 1710 2459 tibi
1754 2408 1945 2460 fecerit
1985 2406 2149 2459 Deus.
2195 2402 2313 2457 Non

714 2496 870 2562 dixit,
919 2512 1259 2565 qumcunque
1306 2514 1407 2566 ego
1450 2500 1543 2551 tibi
1600 2500 1844 2562 fet-etim,
1884 2498 2113 2568 ﬁgurant
2157 2498 2315 2552 nobis

716 2588 1039 2642 humilitatis
1075 2593 1331 2654 tradens,
1371 2600 1428 2645 ut
1474 2594 1657 2645 omnia
1722 2594 1859 2645 bona
1910 2604 2078 2658 opera
2129 2600 2315 2645 nostra

718 2683 824 2734 Deo
856 2682 1177 2736 tribuamus.
1214 2680 1342 2736 Erat
1373 2692 1555 2737 autem
1600 2682 1687 2737 ille
1731 2695 1947 2753 gratus,
1993 2682 2065 2736 ita
2100 2693 2155 2735 ut
2188 2698 2316 2735 nar-

714 2786 861 2827 raret
905 2790 1243 2843 quaecunque
1276 2776 1497 2829 fecisset
1544 2777 1593 2829 ei
1648 2774 1826 2829 Jesas.
1860 2776 1999 2828 Nam
2048 2773 2318 2828 Dominus

713 2868 931 2935 quidem
966 2880 1301 2937 praeceperat
1348 2869 1396 2922 ei
1432 2879 1491 2921 ut
1522 2879 1773 2921 narraret
1802 2881 2143 2938 quacunque
2170 2867 2317 2922 fece-

716 2972 799 3013 rat
824 2961 874 3013 ci
912 2963 1050 3015 Deus
1081 2976 1095 3014 :
1138 2974 1192 3015 at
1225 2962 1271 3015 is
1308 2972 1493 3015 narrat
1521 2976 1862 3030 quzecunque
1909 2963 1959 3015 ei
1993 2960 2199 3016 fecerat
2223 2959 2317 3015 ,Ιο-

714 3067 829 3105 eus.
866 3052 1090 3121 Oportet
1121 3054 1285 3123 igitur
1310 3064 1364 3107 et
1403 3069 1503 3107 nos
1549 3055 1768 3123 quando
1819 3053 2053 3121 cuipiam
2098 3053 2321 3107 benefa-

714 3146 914 3211 cinius,
952 3147 1092 3201 nolle
1128 3149 1230 3201 ltoc
1261 3146 1548 3216 praedicari
1578 3166 1591 3200 :
1634 3158 1688 3200 at
1720 3148 1868 3201 illum
1902 3151 1994 3217 qui
2050 3150 2320 3205 bcnelicio

714 3238 942 3293 affectus
1006 3246 1124 3301 est,
1187 3240 1352 3293 etiam
1432 3239 1745 3294 nolentibus
1806 3240 1962 3294 nobis
2016 3243 2320 3311 pradicare

731 3333 911 3386 decet.

790 3514 954 3567 Vsus.
992 3512 1183 3567 40-44.
1252 3532 1269 3564 ι
1323 3512 1550 3567 Factum
1596 3525 1684 3569 est
1736 3524 1917 3569 autem
1951 3530 2074 3570 cum
2117 3517 2321 3573 rediret

714 3610 894 3670 Jesus,
942 3607 1157 3674 excepit
1186 3605 1353 3675 329
1400 3606 1551 3659 illum
1584 3608 1743 3662 turba
1791 3626 1803 3659 :
1841 3624 1963 3662 nam
1995 3626 2187 3665 omnes
2214 3627 2315 3665 ex-

716 3700 1033 3773 spectabant
1063 3715 1206 3753 etim.
1262 3698 1327 3751 Et
1355 3713 1481 3753 ecce
1534 3700 1683 3752 venit
1731 3700 1811 3753 vir
1849 3702 1937 3755 cui
1976 3716 2173 3757 nomen
2208 3701 2321 3757 Jai-

715 3810 828 3860 rus,
862 3804 915 3846 et
962 3794 1077 3860 ipse
1106 3794 1359 3861 princeps
1402 3791 1703 3861 Synagoga:
1734 3805 1871 3857 erat,
1908 3795 2223 3865 acciditque
2249 3798 2315 3851 ad

716 3891 877 3956 pedes
906 3886 1056 3948 Jesu,
1088 3901 1284 3955 rogans
1313 3901 1436 3938 eum
1468 3896 1524 3939 ut
1550 3887 1783 3941 intraret
1805 3890 1858 3939 in
1883 3888 2105 3942 domum
2132 3905 2314 3954 suam,

715 3982 975 4049 qu0nlam
1010 3980 1166 4032 unica
1198 3978 1306 4031 ﬁlia
1336 3989 1457 4031 erat
1488 3980 1536 4031 ei
1573 3977 1685 4032 fere
1710 3994 1976 4032 annorum
2005 3980 2315 4043 duodecim,

715 4083 769 4126 et
820 4076 933 4125 lucc
985 4072 1339 4124 moriebatur.
1395 4068 1597 4124 Verum
1649 4071 1793 4125 inter
1849 4073 2087 4125 eundum
2145 4074 2317 4125 turba:

715 4164 1072 4218 coarctabant
1116 4179 1260 4216 eum.
1301 4163 1365 4215 Et
1402 4162 1597 4217 mulier
1620 4179 1739 4231 qua:
1769 4175 1890 4217 erat
1917 4166 2156 4218 obnoxia
2191 4182 2318 4235 pro-

715 4260 878 4312 ﬂuvio
913 4256 1193 4327 sanguinis
1219 4258 1287 4308 ab
1315 4257 1473 4311 antiis
1504 4257 1816 4323 duodecim,
1844 4274 1965 4327 quae
1991 4260 2042 4312 in
2076 4262 2320 4316 medicos

717 4352 1061 4419 impenderat
1100 4362 1317 4403 onmem
1353 4350 1742 4412 substantiam,
1780 4366 1879 4404 nec
1915 4352 1982 4404 ab
2021 4354 2129 4405 ullo
2167 4364 2320 4422 pote-

717 4455 801 4499 rat
832 4447 1033 4509 curari,
1068 4448 1301 4499 accessit
1330 4455 1499 4509 retro,
1544 4454 1598 4498 et
1633 4446 1809 4514 tetigit
1847 4445 2119 4500 ﬁmbriam
2152 4448 2317 4500 vesti-

716 4542 881 4593 menti
914 4537 1055 4603 cjus,
1090 4548 1143 4591 et
1168 4538 1461 4592 confestim
1494 4537 1793 4591 sistebatur
1820 4536 1999 4591 ﬂuxus
2031 4539 2319 4608 sanguinis

714 4630 852 4701 ejus.
890 4650 907 4680 ι
956 4628 1138 4683 Rediit
1180 4633 1399 4697 quidem
1442 4626 1606 4685 Iesus
1654 4650 1683 4685 a
1730 4635 1951 4703 regione
1994 4634 2315 4689 Gatlareno-

718 4740 859 4788 rum,
902 4723 1254 4791 exspectabat
1286 4734 1464 4776 autem
1511 4724 1661 4778 illum
1703 4728 1878 4789 turba,
1934 4739 2044 4780 tum
2093 4740 2317 4797 propter

2427 2044 2558 2112 γὰρ,
2580 2042 2655 2103 ὼς
2686 2039 2883 2101 ἔοικεν,
2910 2022 3162 2107 ὲιροῦεῖτο
3195 2032 3398 2101 μήπως
3427 2024 3765 2099 μακρυνθεὶς
3798 2023 3910 2077 ἀπὺ
3942 2019 4034 2072 τοῦ

2440 2134 2636 2204 Ἰησοῦ,
2697 2132 2857 2186 πάλιν
2911 2126 3332 2197 εὐεπιχείρητος
3374 2122 3525 2173 ἔσται
3579 2121 3695 2181 τοῖς
3754 2117 4033 2185 δαίμοσιν.

2438 2231 2496 2282 Ὀ
2534 2228 2592 2280 δὲ
2632 2224 2862 2296 Κύριος,
2899 2221 3166 2275 δεικνύων
3202 2216 3357 2287 αύτῷ
3390 2216 3474 2268 ὅτι
3530 2212 3634 2265 κάν
3672 2211 3749 2279 μῆ
3786 2212 3923 2280 συνῇ
3960 2207 4037 2274 τῷ

2440 2318 2649 2390 Ἰησοῦς
2691 2317 2921 2370 δύναται
2948 2316 3017 2382 τῇ
3063 2311 3252 2380 χάριτι
3298 2306 3467 2361 αὑτοῦ
3511 2304 3859 2371 σκεπόμενος
3892 2298 4036 2353 ἀνώ-

2426 2431 2583 2483 τερος
2615 2405 3094 2478 εἷναιδαιμονικῆς
3114 2401 3405 2473 ἐπηρείας,
3436 2395 3813 2466 ’Υπόστρεψε,
3844 2392 4034 2461 φησιν,

2426 2506 2507 2565 εις
2538 2505 2629 2555 τὸν
2656 2490 2807 2555 οἶκόν
2831 2516 2947 2563 σου,
2977 2498 3071 2550 καὶ
3097 2494 3291 2565 διηγοῦ
3323 2494 3426 2546 ὃσα
3454 2488 3685 2559 ἐποίησέ
3718 2503 3800 2539 σοι
3823 2487 3852 2537 6
3878 2484 4033 2545 Θεὸς.

2427 2600 2542 2653 Οὐκ
2572 2594 2751 2661 εἶπεν,
2777 2597 2881 2648 ὅσα
2903 2610 2983 2646 σοι
3014 2592 3252 2660 ἐποίησα
3300 2586 3433 2655 ἐγὼ,
3463 2585 3636 2639 τύπον
3668 2584 3803 2653 ἡμῖν
3839 2596 4028 2634 ταπειρ

2426 2689 2767 2761 νοφροσύνης
2804 2687 3005 2746 διδούς.
3052 2684 3166 2736 Καὶ
3207 2683 3297 2735 ἵνα
3338 2679 3517 2732 πάντα
3568 2676 3707 2746 πρὸς
3738 2674 3872 2726 Θεδν
3909 2677 4039 2724 dva-

2428 2785 2688 2853 φέρωμεν
2721 2781 2790 2834 τά
2840 2776 3266 2848 κατορθώματα.
3316 2773 3376 2828 Ὀ
3409 2769 3468 2822 δὲ
3527 2768 3702 2830 οὓτως
3733 2765 4038 2834 εὐγνώμων

2426 2874 2519 2948 ἢν,
2563 2877 2705 2945 ὥστε
2737 2870 3048 2943 διηγεῖσθαι
3096 2869 3201 2920 ὅσα
3231 2866 3489 2933 εποίησεν
3536 2860 3688 2930 αὐτῷ
3728 2861 3756 2912 6
3802 2856 4013 2928 Ἰησοῦς

2440 2971 2499 3023 '0
2547 2967 2798 3039 μὲνγὰρ
2852 2966 3061 3033 Κύριος
3098 2958 3435 3030 προσέταξεν
3494 2953 3647 3025 αύτῷ
3694 2950 4035 3020 διηγεῖσθαι,

2428 3064 2529 3115 ὅσα
2586 3059 2848 3127 ἐποίησεν
2898 3054 3050 3123 αὑτῷ
3095 3056 3123 3105 6
3181 3050 3338 3115 Θεὸς,
3392 3050 3422 3101 6
3470 3047 3529 3100 δὲ
3584 3046 3878 3115 διηγεῖται,
3935 3042 4039 3095 ὅσα

2429 3154 2686 3223 ἐποίησεν
2722 3148 2874 3219 αὐτῷ
2907 3151 2935 3200 6
2971 3143 3202 3216 Ἰησοῦς.
3227 3144 3321 3196 Δεῖ
3349 3140 3443 3195 οὖν
3472 3141 3568 3192 καὶ
3601 3141 3748 3209 ἡμᾶς
3779 3138 3911 3190 ὅταν
3933 3138 4039 3187 τινὶ

2432 3248 2755 3317 ποιήσωμεν
2784 3240 3012 3311 ἀγαθὸν,
3036 3241 3112 3310 μὴ
3142 3238 3319 3291 θέλειν
3343 3230 3829 3303 ἀνακηρύττεσθαι
3853 3228 4036 3294 τοῦτο,

2348 3356 2396 3416 c
2430 3342 2639 3392 ἐκεῖνον
2687 3338 2743 3391 δὲ
2782 3336 2874 3388 τὸν
2911 3334 3157 3387 παθόντα
3214 3331 3275 3384 τὸ
3330 3328 3560 3396 ἀγαθὸν,
3605 3325 3712 3379 κᾶν
3746 3325 3914 3395 ἡμεῖς
3959 3324 4038 3391 μὴ

2437 3434 2707 3501 θέλωμεν,
2739 3427 3144 3499 ἀνακηρύττειν
3184 3425 3341 3518 αύ.τό.

2502 3546 2521 3577 ι
2576 3525 2828 3591 Ἐγένετο
2854 3522 2911 3575 δὲ
2943 3523 3001 3574 ὲν
3033 3519 3112 3590 τῷ
3160 3512 3504 3588 ὑποστρέψαι
3528 3516 3621 3568 τὸν
3664 3512 3897 3584 Ἰησοῦν,
3935 3515 4037 3565 ἀπ-

2424 3620 2645 3686 εδέξατο
2670 3617 2837 3671 αὑτὸν
2859 3619 2887 3669 6
2922 3614 3105 3685 δχλος,
3140 3610 3282 3683 ἦσαν
3311 3609 3421 3681 γάρ
3444 3610 3652 3671 πάντες
3688 3607 4040 3678 προσδοκῶν·-

2422 3730 2513 3772 τες
2541 3711 2728 3765 αὐτόν.
2780 3708 2892 3762 Καὶ
2927 3706 3037 3759 ἰδοὺ
3069 3702 3236 3775 ἦλθεν
3283 3702 3447 3772 ἀνὴρ,
3488 3694 3533 3769 ᾧ
3572 3700 3750 3769 ὄνομα
3784 3700 4035 3769 Ἰάειρος,

2426 3808 2521 3859 κα)⁵
2543 3805 2707 3866 αὐτὸς
2736 3803 2923 3871 ἄρχων
2951 3800 3051 3869 τῆς
3075 3795 3416 3864 Συναγωγῆς
3450 3794 3690 3863 ὑπῆρχε,
3726 3791 3821 3843 καὶ
3852 3791 4040 3841 πεσὼν

2424 3898 2581 3967 παρά
2609 3898 2738 3955 τοὺς
2782 3894 2951 3955 πόδας
3004 3891 3098 3944 τοῦ
3144 3888 3345 3957 Ἰησοῦ,
3384 3884 3692 3956 παρεκάλει
3724 3885 3893 3936 αὑτὸν
3924 3885 4039 3933 εισ-

2424 3990 2600 4042 ελθεῖν
2652 3990 2733 4049 είς
2765 3986 2857 4039 τὸν
2905 3981 3056 4037 οἷκον
3090 3981 3284 4046 αὐτοῦ,
3321 3982 3405 4032 ὅτι
3438 3980 3690 4047 θυγάτηρ
3740 3978 4040 4047 μονογενὴς

2424 4081 2493 4153 ἦν
2524 4082 2699 4151 αὐτῷ,
2756 4081 2831 4141 ὡς
2884 4078 3022 4131 ὲτὼν
3052 4076 3289 4137 δώδεκα,
3337 4073 3434 4125 καὶ
3478 4072 3622 4140 αῦτη
3658 4071 4037 4140 ἀπέθνησκεν.

2436 4177 2524 4227 Ἐν
2552 4175 2608 4227 δὲ
2636 4173 2713 4241 τῷ
2747 4172 2983 4237 ὑπάγειν
3014 4168 3206 4231 αὑτὸν,
3230 4167 3280 4217 οἱ
3308 4166 3454 4235 δχλοι
3485 4165 3818 4229 συνέπνιγον
3852 4163 4036 4215 αὐτόν.

2425 4270 2537 4321 Καὶ
2580 4268 2721 4333 γυνὴ
2753 4264 2891 4317 οὖσα
2925 4264 2982 4315 ὲν
3017 4263 3174 4331 ῥύσει
3218 4260 3451 4328 αἵματος
3485 4250 3598 4309 ἀπὸ
3634 4256 3773 4308 ὲτῶν
3806 4254 4033 4312 δώδεκα.

2421 4359 2545 4426 ἥτις
2605 4358 2813 4424 ἰατροῖς
2871 4350 3351 4423 προσαναλώσασα
3408 4350 3533 4403 ὅλον
3585 4349 3679 4401 τὸν
3751 4347 3893 4419 βίον,
3940 4349 4037 4399 οὐκ

2425 4454 2647 4518 [σχυσεν
2703 4449 2795 4499 ὑπ’
2860 4447 3079 4508 οὐδενὸς
3144 4443 3584 4514 θεραπευθῆναι,
3650 4440 4037 4511 προσελθοῦσα

2421 4544 2670 4605 ὄπισθεν,
2706 4541 2885 4609 ἥψατο
2913 4539 3007 4592 τοῦ
3040 4538 3356 4610 κρασπέδου
3422 4537 3524 4588 τοῦ
3560 4536 3780 4602 ἱματίου
3851 4534 4037 4599 αὑτοῦ,

2423 4636 2518 4688 καὶ
2553 4636 2899 4704 παραχρῆμα
2926 4631 3058 4701 ἔστη
3088 4633 3119 4700 ὴ
3158 4631 3310 4701 ῥύσις
3359 4628 3455 4682 τοῦ
3500 4630 3734 4699 αἵματος
3782 4628 3979 4699 αὐτῆς.
4015 4647 4031 4677 ι

2435 4728 2779 4797 Ὑπέστρεψε
2815 4727 2914 4795 μὲν
2950 4728 2978 4777 ὀ
3019 4726 3233 4792 Ἰησοῦς
3280 4722 3389 4775 ἀπὸ
3415 4724 3516 4791 τῆς
3561 4722 3671 4773 τῶν
3705 4722 4037 4792 Γαδαρηνῶν

715 4818 1040 4879 doctrinam,
1079 4826 1191 4869 tum
1234 4829 1452 4885 propter
1485 4819 1770 4872 miracula.
1813 4822 2055 4874 Accessit
2095 4824 2223 4875 item
2261 4834 2315 4877 et

2424 4819 2630 4891 χώρας.
2672 4818 3030 4889 Ιιροσεδόκων
3072 4816 3129 4869 δὲ
3165 4817 3328 4868 αὐτὸν
3360 4816 3410 4867 οἱ
3448 4817 3620 4885 ὄχλοι,
3665 4816 3786 4883 ἅμα
3823 4817 3924 4883 μὲν
3952 4816 4037 4867 διὰ

716 4911 965 4979 prinreps
1011 4912 1232 4979 quidam
1293 4911 1614 4983 Synagogae,
1667 4929 1774 4967 non
1832 4916 2089 4984 vulgaris,
2138 4931 2310 4985 neque

712 5004 975 5071 abjeetus,
1012 5006 1106 5057 sed
1155 5019 1219 5057 ex
1257 5008 1468 5073 primis.
1514 5007 1750 5073 Apponit
1782 5019 1964 5060 autem
2013 5018 2067 5060 et
2113 5025 2311 5063 nomen

714 5097 858 5149 illius
906 5098 1264 5167 evangelista,
1315 5107 1373 5150 ut
1414 5100 1595 5151 notius
1643 5100 1734 5151 [int
1787 5102 2109 5153 miraculum
2166 5104 2311 5169 quid

714 5203 840 5241 \cre
888 5187 1090 5242 factum
1139 5192 1231 5242 sit.
1270 5190 1487 5244 Accidit
1518 5204 1699 5243 autem
1735 5195 1800 5243 ad
1836 5194 1999 5259 pedes
2028 5192 2183 5257 Jesu,
2221 5212 2313 5249 ur-

714 5290 871 5347 gente
916 5282 1261 5335 necessitate.
1298 5281 1558 5345 Quamvis
1586 5284 1728 5336 enim
1772 5284 1892 5339 sine
1931 5286 2019 5339 illa
2064 5297 2313 5355 Oporteat

713 5374 1017 5438 procidere,
1054 5384 1107 5427 et
1141 5389 1441 5442 agnoscere
1470 5375 1637 5429 Deum
1662 5391 1783 5430 esse
1816 5376 2027 5442 Jesum,
2070 5391 2310 5435 attamen

710 5475 763 5516 et
789 5462 1008 5518 amictio
1034 5470 1179 5535 cogit
1209 5468 1454 5522 homines
1481 5480 1541 5522 ut
1567 5471 1792 5524 meliora
1821 5482 2121 5527 sectentur.
2157 5472 2313 5528 Unde

708 5564 763 5611 et
793 5557 957 5610 David
1016 5558 1233 5612 dicebat
1267 5578 1279 5612 :
1324 5579 1341 5610 ι
1377 5561 1433 5613 In
1464 5576 1621 5616 canto
1671 5576 1724 5617 et
1760 5564 1914 5618 lreno
1948 5566 2195 5620 maxillas
2226 5581 2318 5621 eo-

710 5667 828 5705 rum
876 5655 1212 5722 constringe,
1263 5658 1352 5723 qui
1404 5674 1511 5711 non
1558 5660 1944 5729 approxituant
1979 5661 2044 5714 ad
2097 5670 2148 5715 tc
2171 5662 2240 5718 “.
2279 5682 2297 5715 ι

779 5846 823 5872 ⁸⁸
854 5843 994 5895 Ρςςιι.
1034 5860 1181 5908 xxxi,
1227 5845 1280 5897 9.

2423 4916 2522 4981 τὴν
2554 4910 2931 4971 διδασκαλίαν,
2969 4910 3089 4977 ἄμα
3120 4908 3179 4960 δὲ
3208 4908 3299 4959 διά
3349 4906 3419 4959 τὰ
3472 4907 3755 4976 θαύματα.
3794 4907 4038 4977 ΙΙροσῆλ-

2424 5004 2518 5056 θεν
2546 5004 2639 5056 οῦν
2674 5004 2767 5056 καί
2800 5020 2883 5064 τις
2914 5002 3100 5071 ἄρχων
3130 5002 3231 5070 τῆς
3262 5000 3623 5070 Συναγωγῆς,
3652 5002 3755 5053 οὐκ
3788 5002 4035 5070 εὐτελὴς,

2423 5100 2531 5152 οὐδ’
2566 5098 2898 5163 ἀπόϐλητος,
2952 5096 3087 5149 άλλά
3133 5096 3243 5147 τῶν
3292 5096 3553 5165 πρώτων.
3614 5095 4035 5164 Προστίθησιδὲ

2424 5194 2519 5247 καὶ
2553 5194 2614 5245 τὸ
2643 5194 2817 5259 ὄνομα
2853 5190 3047 5242 τούτου
3080 5188 3567 5261 ὁοεύαγγελιστὴς,
3610 5188 3699 5240 ἵνα
3737 5193 4034 5259 γνωριμω-

2423 5304 2583 5356 τερον
2613 5287 2675 5338 τὸ
2709 5285 2897 5353 θαῦμα
2934 5284 3291 5354 γένηταιηώς
3338 5283 3486 5335 ἐστιν
3518 5272 3742 5351 ἀληθές.
3792 5284 4031 5352 "poeni-

2426 5399 2551 5434 πτει
2590 5383 2649 5434 δὲ
2683 5377 2838 5444 οὗτος
2869 5380 2946 5451 τῷ
2990 5381 3191 5449 Ἰησοῦ,
3246 5381 3434 5450 χρείας
3485 5380 3780 5447 ἐνστάσης.
3842 5381 4033 5431 Καίτοι

2427 5476 2535 5529 ἔδει
2580 5477 2743 5527 αὑτὸν
2797 5476 2891 5528 καὶ
2929 5476 3005 5544 μὴ
3048 5475 3253 5542 ταύτης
3299 5472 3751 5539 ἀναγκαζούσης,
3797 5486 4037 5539 προσπε-

2422 5573 2558 5632 σεῖν,
2618 5572 2710 5621 καὶ
2766 5568 3070 5635 ἐπιγνῶναι
3119 5568 3283 5619 αὐτὸν
3316 5567 3452 5620 Θεὸν
3486 5567 3657 5627 ὄντα,
3718 5568 3870 5635 ὅμως
3918 5566 4009 5615 καὶ

2420 5664 2604 5731 θλίψις
2656 5661 2767 5713 ἐσθ’
2822 5662 2911 5713 ὅτε
2954 5659 3274 5724 ὲκὸιάςεται
3327 5663 3451 5725 τοὺς
3509 5659 3841 5730 ἀνθρώπους
3902 5656 4033 5727 πρὸς
