4256 6432
293 401 405 462 1'09

973 403 1420 466 ΕΝᾸΠΠΛΤῘΟ
1457 405 1540 466 ΙΝ
1568 404 2080 466 EVANGELIUM
2126 405 2363 466 [ΗΕΒ.
2405 428 2472 438 -
2512 405 2674 463 l2.\l‘.
2721 407 2742 463 ἰ
2774 405 2884 464 lll.

3478 405 3586 467 ειη

293 518 395 582 1L7:
427 514 518 566 τοῦ
545 515 852 584 κρείττονος
882 516 1168 584 ³επιλογήν.
1209 516 1398 586 Ταύτῃ
1430 535 1510 570 τοι
1535 519 1629 569 καὶ
1660 519 1688 570 6
1724 517 1857 572 Δαυῒ

1990 519 2162 572 Porro
2195 518 2390 570 mulier
2426 518 2478 568 in
2518 518 2754 568 transitu
2805 515 3046 577 accedit,
3088 515 3408 584 ampliorem
3451 523 3586 571 alle-

293 607 396 673 ἔφη
425 608 480 657 ἐν
513 606 674 675 κημῴ
709 608 801 658 καὶ
830 607 1032 675 χαλινῷ
1065 607 1164 669 τὰς
1198 608 1458 675 σιαγόνας
1479 609 1661 662 αὐτῶν
1689 609 1876 676 ἂγξαι,

288 696 398 746 τῶν
433 697 506 766 μὴ
538 696 865 762 ἐγγιζόντων
901 698 1037 766 προς
1073 699 1153 750 σέ.
1187 699 1276 750 Ἐν
1331 698 1552 768 παρόδῳ
1607 699 1664 752 δὲ
1706 702 1878 768 πρόσ-

288 803 396 838 εισι
453 788 585 857 γυνὴ
639 788 823 840 πίστιν
852 789 1166 857 ἐπαγομένη
1216 789 1360 858 μάλα
1390 790 1610 855 πολλὴν.
1651 791 1879 858 Προσελο

287 870 458 929 θόὖσα
484 881 616 948 γὰρ,
645 879 823 948 ἥψατο
851 879 944 932 τοῦ
976 882 1288 948 κρασπέδου
1317 881 1410 932 τοῦ
1445 883 1664 950 ἱματίου
1688 882 1876 946 αὐτοῦ,

286 971 620 1022 πιστεύουσα
647 973 886 1032 πάντως,
917 975 1000 1024 ὅτι
1043 975 1145 1024 ἐὰν
1178 974 1338 1040 μόνον
1374 973 1601 1044 ἅψηται,
1634 975 1877 1042 σωθήσε-

282 1079 397 1113 ται.
455 1064 560 1115 Καὶ
616 1065 961 1134 παραχρῆμα
1012 1064 1144 1134 ἔστη
1193 1067 1224 1132 ἡ
1266 1066 1421 1134 ῥύσις
1469 1068 1564 1118 τοῦ
1617 1069 1872 1135 αἵματος.

286 1153 497 1220 ’Ὥσπερ
536 1153 644 1223 γὰρ
666 1153 720 1205 εἰ
749 1155 1092 1224 προσαγάγοι
1135 1143 1218 1216 τις
1257 1156 1539 1225 ὀτξθαλμὸν
1567 1159 1705 1222 φωτὶ
1737 1157 1875 1225 λαμ-

283 1259 460 1305 ποντι,
521 1243 552 1313 ἢ
607 1245 740 1312 πυρὶ
781 1244 1081 1312 φρύγανον,
1135 1245 1297 1308 εὐθὺς
1345 1245 1690 1315 ἐνεργοῦσιν,
1730 1245 1875 1298 οῦτω

283 1334 714 1402 προσαγαγοῦσα
772 1338 960 1388 πίστιν
1019 1336 1099 1405 τῷ
1154 1337 1440 1407 δυναμένῳ
1509 1339 1870 1408 θεραπεῦσαι,

280 1426 445 1487 εὐθὺς
471 1429 570 1495 τῆς
602 1427 898 1496 θεραπείας
948 1428 1157 1498 ἔτυχεν.
1197 1430 1366 1482 Οὐδὲν
1412 1431 1519 1500 γὰρ
1567 1431 1869 1500 ἐλογίσατο,

277 1519 343 1570 οὐ
397 1519 455 1570 τ’)
488 1518 836 1589 πολυχρόνιον
883 1521 984 1588 τῆς
1037 1521 1218 1583 νόσου,
1264 1523 1434 1574 ούοτδ
1483 1525 1609 1585 τοὺς
1649 1525 1872 1594 ίατροὺς

277 1611 603 1678 ἀστοχῆσαι,
632 1612 730 1663 οὐκ
763 1611 894 1664 ἄλλο
924 1612 1099 1688 ούδέν.
1147 1613 1307 1666 ’Λλλά
1351 1614 1513 1682 μόνον
1554 1613 1867 1678 ἐπίστευσε,

279 1703 373 1753 καί
410 1704 698 1758 σέσωσται.
746 1704 854 1756 Καὶ
904 1704 978 1766 ὡς
1029 1703 1197 1768 ῑοικε,
1243 1706 1514 1776 πρότερον
1564 1705 1742 1775 ἥψατο
1774 1707 1869 1759 τοῦ

278 1793 457 1862 Ἰησοῦ
494 1795 723 1863 νοητῶς,
763 1792 882 1850 εἶτα
918 1798 1011 1850 καὶ
1043 1798 1402 1866 σωματικῶς.

1987 625 2113 663 rens
2183 611 2370 662 tidem.
2434 611 2508 661 Ac
2549 610 2715 662 edens
2764 609 2908 662 enim
2983 608 3238 675 tangebat
3313 605 3614 661 fimbriam.

1986 702 2292 755 vestimenti
2337 702 2474 766 ejus,
2525 703 2660 754 bona
2711 716 2829 770 spe,
2881 709 2935 754 et
2980 711 3127 753 certa
3172 700 3298 760 fide,
3345 703 3488 768 quod
3532 706 3575 756 si

1987 801 2192 844 tantum
2251 793 2616 860 contingeret,
2669 793 2990 846 salvaretur.
3059 791 3123 844 Et.
3173 793 3357 843 statim
3431 796 3583 847 stetit

1983 883 2156 936 fluxus
2189 888 2472 952 sanguinis
2499 885 2639 953 ejus.
2679 885 2833 938 Sicut
2865 885 2909 937 si
2957 886 3078 952 quis
3112 885 3333 937 alTerret
3361 885 3578 938 oculum

1981 977 2047 1026 ad
2096 976 2273 1027 lumen
2322 977 2529 1039 lucens,
2580 977 2661 1028 vel
2711 978 2966 1045 stipulam
3031 979 3094 1027 ad
3147 978 3346 1044 ignem,
3397 979 3579 1030 statim

1981 1067 2351 1132 operationem
2401 1067 2616 1119 illorum
2661 1069 3045 1132 experiretur:
3096 1068 3168 1119 ita
3200 1080 3254 1122 et
3303 1069 3389 1120 illa
3443 1068 3576 1121 affe-

1983 1174 2107 1211 rens
2143 1160 2299 1211 fidem
2339 1161 2404 1211 ad
2441 1175 2565 1212 eum
2600 1162 2688 1226 qui
2738 1176 2934 1213 sanare
2979 1170 3216 1228 poterat,
3261 1164 3443 1214 statim
3490 1177 3582 1215 sa-

1982 1253 2207 1303 nitatem
2254 1250 2448 1319 adepta
2496 1261 2599 1307 est.
2640 1251 2827 1321 Neque
2857 1255 3001 1305 enim
3043 1253 3429 1321 cogitabatch
3462 1257 3580 1306 ditt-

1980 1344 2294 1394 turnitatetn
2345 1344 2540 1404 morbi,
2593 1345 2677 1395 vel
2721 1345 3162 1411 desperationem
3208 1346 3573 1406 medicorum,

1979 1431 2060 1486 vel
2103 1431 2246 1484 aliud
2278 1433 2558 1499 quiddam,
2591 1432 2685 1486 sed
2735 1433 2970 1486 credidit
3014 1442 3244 1497 tantum,
3283 1443 3338 1486 et
3369 1435 3576 1486 salt-aia

1977 1534 2062 1578 est
2090 1541 2103 1576 ;
2131 1533 2207 1585 et,
2239 1532 2296 1576 ut
2332 1525 2568 1589 videtur,
2602 1525 2752 1594 prius
2781 1526 2954 1594 tetigit
2987 1525 3270 1582 Christum
3300 1539 3500 1590 mente,
3524 1539 3581 1581 et

1978 1617 2102 1670 dein
2143 1631 2389 1684 COrpore.

353 1890 460 1942 Καὶ
493 1887 648 1943 εἶπεν
681 1891 709 1942 6
764 1891 994 1960 111005;-
1044 1891 1140 1954 Τίς
1190 1892 1218 1944 6
1250 1891 1530 1961 ἁψάμενός
1560 1908 1662 1962 μου
1689 1910 1704 1957 ;
1750 1893 1857 1963 ’Ap-

2049 1886 2214 1941 Vens.
2248 1887 2438 1942 65-48.
2478 1905 2497 1937 ‹
2541 1886 2602 1940 Ει
2639 1885 3086 1952 aitJesus:Quis
3125 1895 3209 1939 est
3239 1885 3330 1956 qui
3369 1901 3450 1938 me
3490 1899 3542 1938 te

279 1980 558 2050 νουμένων
590 1981 646 2048 es.
695 1981 938 2046 πάντων,
985 1976 1142 2032 εἶπεν
1181 1983 1211 2033 6
1254 1981 1461 2050 Πέτρος
1508 1981 1604 2033 καὶ
1647 1983 1698 2034 ol
1752 1981 1872 2051 μετ’

275 2072 481 2125 αὑτοῦ·
529 2071 856 2134 Ἐπιστάτα,
911 2068 970 2126 οἷ’
1004 2073 1151 2143 ὄχλοι
1201 2073 1486 2143 συνέχουσι
1512 2089 1570 2125 σε
1604 2075 1696 2126 καὶ
1738 2075 1874 2126 ἀπο-

275 2160 543 2227 θλίϐουσι,
588 2165 685 2216 καὶ
728 2164 928 2232 λέγεις,
982 2165 1080 2227 Τίς
1115 2166 1143 2218 6
1188 2165 1469 2234 ἁψάμενός
1522 2182 1659 2235 μους
1701 2165 1758 2218 Ὀ
1814 2167 1872 2219 δὲ

271 2253 486 2323 Ἰησοῦς
541 2247 730 2306 εἶπενο
769 2254 987 2324 Ἥψατό
1033 2273 1136 2322 μου
1178 2273 1281 2318 τις.
1332 2254 1476 2324 Ἐγὼ
1531 2257 1640 2327 γάρ
1697 2257 1872 2325 ἔγνων

273 2343 506 2414 δύναμιν
554 2345 884 2411 ἐξελθοῦσαν
928 2347 1024 2400 ἀπ’
1056 2347 1214 2417 ἐμοῦ.
1276 2348 1487 2403 ’ἰδοῦσα
1536 2350 1593 2403 δὲ
1641 2353 1674 2420 ἡ
1730 2352 1869 2422 γυνὴ

271 2438 354 2489 ὅτι
401 2439 503 2490 οὐκ
547 2437 726 2500 ἔλαθε,
775 2439 1057 2508 τρέμουσα
1107 2435 1241 2509 ἦλθε
1269 2479 1284 2503 ,
1338 2443 1435 2493 κα)⁸
1482 2444 1870 2511 προσπεσοῦσα

270 2528 443 2598 αὐτῷ,
472 2529 539 2582 δι’
575 2524 642 2600 ἢν
672 2529 855 2585 αἰτίαν
903 2532 1084 2601 ἥψατο
1115 2532 1308 2594 αὑτοῦ,
1344 2533 1684 2602 ἀπήγγειλεν
1719 2535 1870 2605 αὐτῷ

279 2621 515 2675 ἐνώπιον
550 2623 751 2686 παντὸς
779 2624 873 2676 τοῦ
916 2623 1068 2686 λαοῦ,
1105 2626 1198 2676 καὶ
1225 2625 1300 2688 ὡς
1331 2625 1456 2694 ἰάθη
1501 2627 1868 2697 παραχρῆμα.

284 2713 346 2767 Ὀ
379 2715 434 2768 δὲ
481 2710 637 2768 εἶπεν
666 2715 804 2785 αὐτῇ
833 2732 846 2747 ο
890 2715 1127 2786 Θάρσει,
1161 2716 1424 2786 θύγατερ,
1463 2719 1497 2787 ή
1545 2719 1728 2782 πίστις
1773 2737 1868 2771 σου

271 2803 480 2856 σέσωκέ
510 2821 591 2868 σε,
625 2807 861 2874 πορεύου
898 2807 978 2868 είς
1012 2807 1258 2878 ειρήνην.
1293 2825 1312 2856 ι
1368 2808 1427 2860 '0
1457 2808 1666 2879 Κύριος
1697 2809 1868 2862 θέλων

270 2897 367 2946 καὶ
396 2897 492 2964 τῆς
519 2896 775 2962 γυναικὸς
805 2895 905 2966 τὴν
932 2897 1114 2948 πίστιν
1139 2899 1308 2951 πᾶσιν
1337 2898 1737 2963 ἐπιδείξασθαι,
1773 2900 1861 2953 ἵνα

272 2989 510 3056 μιμηταὶ
551 2986 758 3058 ταύτης
799 2989 1092 3056 γένωνται.
1140 2991 1237 3042 καὶ
1269 2991 1348 3060 τῷ
1387 2990 1600 3062 Ἰαείρῳ
1645 2991 1867 3055 ἐλπίδας

267 3079 478 3146 ἀγαθὰς
519 3079 701 3133 δοῦναι
751 3083 880 3150 περὶ
908 3081 1006 3151 τῆς
1059 3083 1228 3136 αὑτοῦ
1280 3083 1582 3155 θυγατρὸς,
1637 3088 1868 3155 φανεροί

265 3171 332 3225 τὸ
360 3171 634 3243 λαθραίως
665 3173 979 3243 γενόμενον,
1027 3176 1119 3227 καὶ
1190 3175 1346 3245 ζητεῖ
1388 3176 1486 3246 μὲν
1538 3177 1622 3240 τίς
1666 3180 1693 3230 6
1722 3178 1862 3248 ἀψά-
1889 3222 1930 3278 C

268 3267 430 3334 μένος
461 3263 650 3321 αὑτοῦ.
695 3265 753 3319 ὐ
802 3265 856 3318 δὲ
892 3267 1117 3335 Πέτρος,
1150 3264 1342 3338 ὥσπερ
1387 3268 1680 3338 τολμηρὸς,
1717 3287 1857 3340 μεμ-

267 3357 500 3426 φάμενος
525 3356 689 3410 αὑτὸν
721 3359 908 3410 ἕνεκεν
933 3357 1033 3426 τῆς
1060 3357 1408 3428 ἐρωτήσεως,
1436 3363 1572 3430 φησί
1595 3375 1610 3390 ·
1654 3361 1859 3414 Τοσοῦ-

265 3451 348 3502 τοί
396 3466 454 3502 σε
495 3449 884 3518 συμπνίγουσι,
939 3450 1033 3503 καὶ
1087 3450 1288 3518 λέγεις·
1347 3451 1442 3513 Τίς
1500 3455 1530 3505 6
1577 3451 1862 3522 ἁψάμενός

268 3559 403 3609 pou;
437 3543 553 3595 Οὐκ
581 3542 782 3596 ἐνενόει
809 3541 865 3594 δὲ
896 3543 948 3594 τί
973 3543 1002 3595 6
1033 3541 1237 3612 Κύριος
1267 3541 1482 3613 ἠρώτα.
1518 3543 1580 3596 '0
1623 3544 1726 3610 μὲν
1749 3546 1861 3615 γὰρ

278 3633 484 3713 Ἰησοῦς
532 3633 887 3698 ἐπυνθάνετο,
928 3633 1024 3697 Τίς
1052 3635 1084 3686 6
1113 3634 1393 3704 ἁψάμενός
1421 3651 1526 3706 μου
1561 3636 1702 3706 μετά
1751 3637 1844 3688 πί-

263 3741 458 3788 στεως,
495 3725 590 3777 καὶ
617 3725 738 3793 οὐχὶ
765 3725 952 3788 ἁπλῶς
986 3725 1184 3790 οὕτως.
1231 3725 1446 3797 Ὥσπερ
1478 3727 1588 3798 γὰρ
1619 3728 1732 3798 ἔχει
1774 3745 1858 3792 τις

260 3811 378 3870 ὦτα
415 3817 508 3870 τοῦ
543 3817 786 3881 ἀ.;ούειν,
811 3815 972 3880 ἀλλος
1000 3817 1058 3870 δὲ
1093 3811 1211 3871 ὦτα
1241 3815 1356 3888 εχει
1383 3819 1477 3870 καὶ
1507 3819 1608 3871 οὐκ
1643 3818 1854 3881 ἀκούει,

261 3910 438 3972 οὕτως
493 3909 653 3973 ἄλλος
686 3909 788 3981 μὲν
840 3912 1078 3964 ἅπτεται
1126 3912 1270 3982 μετά
1312 3911 1577 3976 πίστεως,
1613 3913 1773 3976 ἄλλος
1799 3914 1857 3968 δὲ

260 4002 474 4069 ἐγγίζει
536 4002 658 4073 μὲν,
710 4004 746 4073 ἡ
781 4002 852 4056 ’δέ
902 4003 1104 4075 καρδία
1165 4002 1332 4058 αὐτοῦ
1393 4005 1587 4076 πόρρω
1635 4008 1854 4078 ἀπέχει.

257 4095 474 4166 Ἐρωτᾷ
509 4096 688 4148 τοίνυν
715 4098 744 4149 6
779 4095 1005 4166 Κύριος,
1035 4094 1128 4148 καί
1159 4113 1240 4149 τοι
1271 4094 1429 4158 εἰδὼς
1456 4095 1556 4164 τὴν
1596 4100 1853 4164 γυναῖκα,

257 4190 374 4241 ἀλλ’
405 4190 543 4257 ὅπερ
578 4189 740 4259 ἔφην,
770 4189 858 4242 ῐνα
887 4190 983 4242 καὶ
1015 4189 1116 4257 τὴν
1151 4187 1335 4240 πίστιν
1365 4188 1541 4256 αὐτῆς
1573 4188 1853 4261 ὑποδείξῃ,

258 4283 355 4334 καὶ
381 4282 471 4333 τὸν
513 4281 971 4352 ἀρχισυνάγωγον
998 4279 1222 4334 εὗελπιν
1253 4282 1458 4351 ποιήσῃ
1490 4295 1504 4310 °
1531 4283 1733 4352 ἐρωτᾷ,
1761 4283 1856 4336 καὶ

255 4375 534 4445 θεατρεζει
577 4375 679 4446 τὴν
719 4377 980 4443 γυναῖκα.
1014 4375 1228 4442 Ἐγνων
1259 4378 1390 4444 γὰρ,
1430 4376 1584 4443 φησὶ,
1622 4374 1855 4444 δύναμιν

251 4468 580 4532 ἐξελθοῦσαν
610 4466 706 4521 ἀπ’
733 4467 896 4536 ἐμοῦ,
922 4468 1172 4530 εἰκότως.
1205 4468 1270 4518 υἱ
1300 4468 1400 4536 μὲν
1429 4467 1540 4537 γὰρ
1573 4467 1852 4536 προσῆται

1980 1979 2134 2049 tigit?
2173 1978 2506 2049 Negantibns
2548 1990 2729 2032 autem
2769 1981 3048 2042 Omnibus,
3094 1979 3234 2031 dixit
3279 1979 3472 2032 Petrus
3521 1992 3575 2031 et

1975 2071 2065 2137 qui
2101 2085 2222 2123 cum
2270 2070 2366 2124 illo
2393 2079 2553 2123 erant
2593 2087 2608 2126 :
2643 2069 2976 2138 Prmceptor,
3024 2072 3197 2122 turba:
3229 2082 3280 2122 te
3310 2071 3572 2123 censu-in-

1976 2173 2108 2232 gunt
2159 2171 2216 2215 et
2254 2160 2536 2226 afﬂictam,
2586 2171 2644 2216 et
2696 2163 2868 2214 dicis:
2910 2160 3043 2226 Quis
3092 2177 3178 2214 me
3234 2162 3456 2230 tetigit?
3507 2161 3576 2215 Et

1975 2252 2291 2308 dixitJesus
2324 2271 2335 2307 :
2372 2254 2572 2323 Tetigit
2605 2268 2693 2306 me
2727 2254 2962 2322 aliquis:
3004 2267 3123 2307 nam
3161 2267 3261 2322 ego
3302 2254 3426 2306 novi
3464 2254 3574 2306 vir-

1976 2355 2141 2400 tutem
2173 2361 2204 2399 a
2243 2361 2328 2400 me
2369 2347 2569 2399 exisse.
2611 2343 2812 2398 Videns
2845 2354 3026 2397 autem
3057 2344 3253 2397 mulier
3282 2343 3428 2411 quod
3463 2358 3569 2395 non

1973 2440 2243 2502 latuisset,
2283 2449 2520 2492 tremens
2549 2439 2694 2490 venit
2724 2453 2787 2490 ac
2818 2438 3049 2506 procidit
3080 2449 3207 2489 ante
3240 2438 3404 2503 pedes
3431 2436 3568 2503 ejus.

1972 2545 2027 2586 et
2077 2533 2145 2584 ob
2204 2547 2365 2600 quam
2404 2546 2626 2584 causam
2681 2531 2950 2600 tetigisset
3002 2545 3153 2594 eum,
3209 2528 3472 2582 iudicavnt
3521 2529 3571 2580 ei

1971 2640 2155 2679 coram
2222 2634 2335 2677 toto
2389 2625 2606 2692 populo,
2671 2633 2726 2676 et
2768 2622 3226 2690 quemadmodum
3285 2620 3570 2679 confestim

1970 2724 2164 2770 sanata
2192 2714 2402 2768 fuisset.
2437 2719 2503 2767 At
2530 2717 2646 2780 ipse
2680 2714 2818 2768 dixit
2851 2714 2900 2767 ei
2929 2731 2942 2766 :
2977 2712 3228 2777 Confide,
3260 2713 3400 2765 tilia:
3436 2711 3571 2764 fides

1972 2817 2060 2861 tua
2095 2819 2146 2860 te
2180 2807 2442 2860 servatit.
2486 2805 2633 2859 Vade
2664 2820 2788 2860 cum
2825 2819 2979 2872 pace.
3028 2824 3047 2855 ι
3087 2804 3349 2857 Dominus
3384 2801 3574 2854 volens

1967 2904 2132 2956 etiam
2167 2900 2411 2954 mulieris
2448 2899 2606 2953 [idem
2643 2899 2903 2951 omnibus
2956 2895 3298 2950 manifestam
3336 2895 3477 2956 fieri,
3515 2905 3575 2946 ut

1969 2995 2273 3048 imitatores
2317 2992 2434 3060 ejus
2490 2993 2705 3055 tierent,
2749 2998 2801 3044 et
2853 2987 3064 3041 Jairum
3103 2987 3366 3054 majorem
3416 3000 3568 3052 spem

1937 3085 2033 3139 'de
2065 3085 2239 3140 salute
2271 3083 2449 3139 filiolae
2476 3099 2588 3138 sua:
2611 3097 2829 3151 capere,
2856 3081 2999 3151 quod
3030 3079 3169 3134 clam
3197 3079 3400 3132 factum
3426 3087 3566 3142 erat,

1969 3177 2315 3239 manifestat,
2350 3185 2404 3230 et
2433 3175 2628 3242 qumrit
2663 3175 2885 3243 quidem
2916 3174 3038 3240 quis
3071 3172 3252 3241 ipsum
3288 3170 3566 3240 tetigerit;

1968 3279 2022 3321 at
2055 3267 2248 3322 Petrus
2289 3267 2554 3320 audacter
2596 3267 2666 3319 ob
2714 3265 3204 3331 interrogationem
3262 3263 3403 3316 hanc
3437 3276 3562 3315 eum

1968 3361 2378 3429 reprehendens
2413 3359 2544 3414 dicit
2573 3375 2585 3410 :
2623 3359 2728 3410 Tot
2767 3369 2818 3412 te
2853 3358 3246 3425 comprimunt,
3292 3365 3347 3408 et
3380 3355 3514 3408 dicis
3545 3371 3563 3410 :

1963 3452 2098 3517 Quis
2126 3467 2211 3505 me
2247 3451 2471 3522 tetigit?
2499 3449 2616 3503 Non
2653 3449 2992 3517 intelligebat
3033 3459 3214 3501 autem
3247 3448 3374 3516 quid
3406 3447 3566 3501 .Iesus

1964 3544 2346 3613 interrogaret.
2378 3541 2541 3599 Jesus
2577 3543 2723 3595 enim
2782 3545 3104 3607 interrogat,
3141 3540 3275 3606 Quis
3310 3555 3394 3594 me
3430 3540 3557 3593 teti-

1962 3633 2076 3706 git?
2113 3651 2236 3688 cum
2293 3635 2417 3700 lide,
2458 3645 2514 3688 et
2559 3650 2664 3688 nou
2719 3634 2794 3687 ita
2841 3633 3186 3701 simpliciter.
3229 3631 3365 3685 Nam
3420 3633 3566 3685 sicut

1959 3727 2127 3799 33o
2158 3727 2280 3796 quis
2315 3728 2478 3783 habet
2523 3743 2683 3780 aures
2723 3728 3001 3792 audiendi,
3048 3727 3189 3780 alius
3232 3740 3358 3780 vero
3391 3741 3556 3779 aures

1964 3822 2146 3885 habet,
2201 3830 2254 3874 et
2319 3835 2426 3874 non
2489 3820 2643 3875 audit
2695 3835 2711 3873 :
2771 3823 2842 3873 ita
2893 3821 3035 3873 alius
3098 3818 3321 3888 quidem
3389 3819 3566 3884 tangit

1961 3928 2083 3967 cum
2122 3913 2249 3975 fide,
2284 3912 2423 3965 alius
2454 3922 2653 3986 .autem
2694 3906 3099 3982 appropinquat
3139 3911 3356 3981 quidem
3405 3911 3562 3978 pedi-

1960 4004 2084 4066 bus,
2137 4004 2303 4057 corde
2350 4013 2529 4056 autem
2583 4004 2774 4073 procul
2823 4013 2926 4057 est.
2963 4002 3136 4073 ltogat
3167 4002 3332 4072 igitur
3379 4001 3563 4055 Domi-

1961 4114 2083 4164 tms,
2125 4115 2233 4153 non
2287 4099 2544 4168 ignorans
2599 4097 2802 4153 factum
2853 4099 3125 4161 mulieris,
3185 4098 3279 4152 sed
3323 4097 3374 4152 id
3409 4097 3558 4167 quod

1959 4193 2229 4256 dicebam,
2260 4202 2318 4246 ut
2346 4201 2401 4247 et
2439 4192 2597 4246 [idem
2627 4192 2746 4262 ejus
2783 4193 2905 4246 aliis
2935 4199 3291 4256 monstraret,
3327 4201 3380 4244 et
3409 4192 3562 4259 prin-

1957 4286 2062 4354 cipi
2105 4284 2403 4355 Synagogm
2433 4299 2584 4352 spem
2616 4285 2815 4339 bonam
2848 4285 3074 4339 faceret.
3113 4283 3308 4354 Rogat,
3351 4292 3404 4337 et
3437 4299 3563 4352 spe-

1959 4379 2212 4432 etabilem
2255 4377 2385 4431 facit
2419 4376 2725 4432 mulierem.
2771 4375 2905 4430 Novi
2943 4379 3117 4443 enim,
3151 4376 3347 4446 inquit,
3388 4376 3561 4430 virtu-

1959 4479 2066 4524 tem
2098 4471 2300 4525 exiisse
2326 4486 2356 4523 a
2403 4485 2509 4536 me,
2555 4469 2772 4528 merito.
2813 4472 3103 4540 Propheta:
3131 4471 3276 4523 enim
3313 4485 3417 4522 non
3458 4470 3562 4522 ha-

249 4560 354 4625 οὐκ
391 4555 538 4627 εἶχον
581 4557 841 4629 δυνάμεις
872 4557 968 4610 ἀπ’
1013 4558 1195 4610 αὐτῶν
1225 4558 1589 4628 ἑξερχομένας
1616 4575 1628 4587 ·
1662 4560 1846 4628 χάριτι

1962 4563 2157 4617 hebant
2188 4563 2446 4617 virtutem
2485 4564 2552 4618 de
2583 4577 2644 4617 se
2686 4562 3081 4632 egredientem,
3118 4563 3212 4617 sed
3249 4565 3422 4630 gratia
3462 4562 3555 4615 Dei

249 4651 362 4719 γὰρ
391 4647 528 4701 Θεοῦ
573 4648 1084 4718 ἐθαυματούργουν.
1127 4648 1187 4702 '0
1241 4647 1300 4702 δὲ
1340 4646 1550 4717 Ἰησοῦς
1588 4652 1738 4717 πηγὴ
1772 4647 1848 4699 ὢν

249 4741 454 4803 παντὸς
483 4740 690 4810 ἀγαθοῦ
719 4740 814 4794 καὶ⁴
847 4743 1028 4810 πάσης
1055 4741 1362 4811 δυνάμεως,
1407 4739 1523 4811 ἔχει
1562 4740 1657 4793 καὶ
1690 4741 1847 4794 δυνά-

253 4854 378 4908 μεις
416 4838 513 4890 ἀπ’
565 4835 734 4892 αὑτοῦ
787 4837 1180 4907 ἐςερχομένας.
1223 4837 1397 4906 Διπλῇ
1445 4835 1502 4888 ει
1548 4834 1845 4904 θεραπεύει

244 4938 350 4997 τὴν
381 4931 619 4996 γυναῖκα
669 4931 697 4981 6
733 4929 962 4997 Κύριος,
992 4930 1208 4999 πρῶτον
1236 4927 1337 4996 μὲν
1363 4931 1464 4996 τὴν
1488 4928 1642 4980 νόσον
1675 4928 1846 4995 αὐτῆς

248 5029 570 5094 ἰασάμενος,
598 5007 798 5078 ῖπειτα
834 5024 890 5084 δὲ
925 5026 1017 5078 καὶ
1044 5023 1137 5077 τὸν
1157 5010 1362 5095 ἒτρόμον
1388 5025 1489 5094 τῆς
1531 5023 1712 5094 ψυχῆς
1746 5042 1856 5091 κα-,

242 5120 556 5183 ταστῦας,
581 5120 670 5171 διὰ
698 5118 792 5172 τοῦ
821 5120 1020 5172 εἰπεῖν·
1057 5119 1284 5189 Θάρσει,
1319 5118 1584 5186 θύγατερ.

323 5229 342 5262 ο
386 5211 508 5264 Ἔτι
560 5211 728 5264 αὑτοῦ
782 5211 1095 5275 λαλοῦντος,
1150 5210 1372 5282 ἔρχεταί
1418 5227 1502 5266 τις
1544 5211 1699 5279 παρὰ
1745 5207 1840 5262 τοῦ

240 5303 694 5374 ἀρχισυναγώγου
785 5303 960 5372 λέγων
1056 5303 1223 5372 αὐτῷ.
1295 5303 1373 5355 ὃτι
1460 5303 1732 5370 Τέθνηκεν
1806 5304 1838 5371 ἡ

241 5397 491 5464 θυγάτηρ
581 5411 697 5459 σου,
763 5397 837 5466 μὴ
927 5395 1122 5447 σκύλλε
1174 5397 1268 5447 τὸν
1337 5394 1675 5457 διδάσκαλον.
1782 5395 1840 5447 ὐ

240 5491 296 5542 δὲ
395 5487 607 5558 Ἰησοῦς
696 5479 969 5553 ἀκοῦσαὶ,
1020 5489 1298 5558 ἀπεκρίθη
1365 5487 1535 5557 αὐτῷ,
1611 5489 1836 5556 λέγων·

238 5584 332 5653 Μὴ
405 5583 596 5651 φοϐοῦ,
664 5585 823 5653 μόνον
886 5584 1135 5647 πίστευε,
1171 5584 1265 5635 καὶ
1332 5581 1663 5651 σωθήσεται.
1715 5580 1834 5633 Ἐλ-

235 5676 349 5730 θὼν
381 5675 438 5727 δὲ
466 5677 544 5738 εἰς
612 5678 710 5745 τὴν
763 5678 960 5740 οἰκίαν,
1008 5678 1108 5729 οὐκ
1165 5676 1380 5744 ἀφῆκεν
1435 5675 1698 5728 εἰσελθεῖν
1743 5676 1837 5727 ού-

233 5770 384 5832 ὖένα,
455 5772 502 5821 εἰ
566 5769 640 5840 μὴ
709 5771 934 5841 Πέτρον,
1006 5771 1100 5823 καὶ
1168 5770 1446 5832 Ἰάκωϐον,
1509 5771 1603 5822 καὶ
1650 5770 1834 5823 Ἰωάν-

236 5881 352 5934 νην,
412 5863 506 5917 καὶ
549 5863 640 5916 τὸν
689 5865 904 5934 πατέρα
972 5865 1070 5932 τῆς
1130 5863 1320 5925 παιδὸς
1398 5863 1492 5916 καὶ
1554 5864 1654 5931 τὴν
1724 5881 1831 5933 μη-

605 5964 865 6023 ι¹Ατῐιοι.,
917 5965 1032 6022 ιὶιι.
1081 5959 1367 6022 CXXIII.
1414 5979 1416 5981 '

1954 4656 2328 4722 sperabantur
2381 4653 2667 4709 miracula.
2707 4653 2867 4708 Jesus
2910 4669 3043 4708 vero
3083 4670 3207 4707 cum
3247 4653 3367 4708 fons
3409 4664 3559 4708 esset

1951 4746 2131 4799 omnis
2163 4747 2288 4801 boni
2347 4757 2401 4802 et
2442 4749 2623 4803 omnis
2655 4747 2911 4810 virtutis,
2949 4748 3112 4801 habet
3148 4758 3203 4801 et
3239 4749 3493 4801 tirtutem
3525 4764 3554 4800 a

1951 4859 2010 4896 se
2065 4844 2458 4913 egredientem.
2514 4842 2650 4897 Nam
2707 4843 3000 4912 dupliciter
3052 4853 3212 4896 sanat
3270 4845 3553 4898 mulierem

1955 4935 2234 5000 Dominus,
2271 4935 2504 5004 primum
2555 4933 2777 5003 quidem
2818 4934 3065 4987 morbum
3113 4934 3231 5001 ejus
3278 4933 3552 4995 sanando,

1951 5029 2146 5081 deinde
2199 5028 2448 5081 timorem
2487 5026 2684 5081 animae
2739 5025 2856 5094 ejus
2889 5026 3088 5080 tollens
3134 5042 3229 5095 per
3270 5027 3372 5080 hoc
3407 5031 3553 5095 quod

1949 5117 2122 5171 dixit:
2155 5117 2406 5184 C'onftde,
2441 5119 2570 5173 filia.
2652 5139 2656 5142 η

2029 5211 2193 5266 Vens.
2227 5211 2418 5267 49-56.
2460 5231 2478 5264 ι
2513 5211 2703 5265 Adhuc
2734 5210 2825 5265 illo
2856 5211 3114 5280 loquente
3146 5211 3293 5265 venit
3324 5211 3544 5281 quidam

1949 5320 1973 5351 n
2015 5304 2177 5357 domo
2207 5306 2473 5374 principis
2505 5307 2826 5378 Synagogm,
2879 5309 3068 5361 dicens
3104 5306 3150 5360 ei
3179 5319 3192 5357 :
3227 5305 3434 5358 Mortua
3465 5312 3548 5356 est

1946 5396 2052 5447 lilia
2096 5407 2184 5448 tua
2217 5413 2230 5449 :
2267 5397 2371 5448 noli
2407 5414 2606 5453 vexare
2637 5401 2986 5469 magistrum.
3041 5397 3200 5451 Jesus
3235 5408 3412 5449 autem
3447 5410 3544 5445 au‘

1941 5488 2058 5542 dito
2092 5490 2192 5543 hoc
2217 5491 2384 5545 verbo
2416 5494 2696 5560 respondit
2727 5495 2865 5562 patri
2906 5492 3092 5561 puellm
3124 5509 3135 5542 :
3170 5489 3284 5541 Noli
3327 5490 3537 5547 timere,

1940 5584 2101 5637 Crede
2131 5594 2363 5646 tantum,
2403 5595 2456 5638 et
2485 5587 2631 5638 salva
2674 5589 2800 5639 erit.
2837 5586 2901 5638 Et
2932 5602 3055 5640 cum
3090 5586 3326 5639 venisset
3353 5584 3405 5635 in

1942 5694 2110 5741 mum,
2151 5693 2254 5732 non
2289 5681 2540 5748 permisit
2585 5681 2790 5735 intrare
2841 5697 3023 5734 secum
3063 5698 3389 5751 queinquam
3435 5695 3538 5731 ΙΙωΙ

1938 5770 2184 5836 Petrum,
2243 5781 2298 5826 et
2347 5771 2726 5839 Jacobumpet
2770 5772 3064 5838 Joannem,
3105 5783 3153 5828 et
3217 5782 3425 5843 patrem
3475 5786 3540 5828 ac

1942 5872 2172 5919 matrem
2226 5863 2437 5933 puella'.
2476 5863 2911 5921 Flebantautem
2959 5882 3171 5920 omnes.
3224 5877 3276 5920 et
3320 5866 3543 5936 plange-

3109 5966 3189 6025 26
