  <div class='ocr_page' id='page_1' title='image "/cluster/home/n/w/nwhite01/storage/ocr_20150623/123/nnc1.0046979670/445.png"; bbox 0 0 4256 6432; ppageno 0'>
   <div class='ocr_carea' id='block_1_1' title="bbox 744 375 844 439">
    <p class='ocr_par' dir='ltr' id='par_1_1' title="bbox 744 375 844 439">
     <span class='ocr_line' id='line_1_1' title="bbox 744 375 844 439; baseline -0.03 -1"><span class='ocrx_word' id='word_1_1' title='bbox 744 375 844 439; x_wconf 74' lang='grc' dir='ltr'><strong>ειι</strong></span> 
     </span>
    </p>
   </div>
   <div class='ocr_carea' id='block_1_2' title="bbox 1653 356 3095 429">
    <p class='ocr_par' dir='ltr' id='par_1_2' title="bbox 1653 356 3095 429">
     <span class='ocr_line' id='line_1_2' title="bbox 1653 356 3095 429; baseline -0.007 -1"><span class='ocrx_word' id='word_1_2' title='bbox 1653 361 2232 428; x_wconf 68' lang='grc' dir='ltr'><strong>ΤΗΕυΗΠιΔαΤι</strong></span> <span class='ocrx_word' id='word_1_3' title='bbox 2272 356 2686 420; x_wconf 63' lang='grc' dir='ltr'><strong>ΒυιαλιιιΕ</strong></span> <span class='ocrx_word' id='word_1_4' title='bbox 2734 356 3095 429; x_wconf 43' lang='lat' dir='ltr'><strong>ARCIIIEPa</strong></span> 
     </span>
    </p>
   </div>
   <div class='ocr_carea' id='block_1_3' title="bbox 3880 355 3996 429">
    <p class='ocr_par' dir='ltr' id='par_1_3' title="bbox 3880 355 3996 429">
     <span class='ocr_line' id='line_1_3' title="bbox 3880 355 3996 429; baseline 0.103 -12"><span class='ocrx_word' id='word_1_5' title='bbox 3880 355 3996 429; x_wconf 56' lang='lat' dir='ltr'><strong>Rl‘t’.</strong></span> 
     </span>
    </p>
   </div>
   <div class='ocr_carea' id='block_1_4' title="bbox 738 466 2298 544">
    <p class='ocr_par' dir='ltr' id='par_1_4' title="bbox 738 477 2298 544">
     <span class='ocr_line' id='line_1_4' title="bbox 738 477 2298 544; baseline -0.01 -5"><span class='ocrx_word' id='word_1_6' title='bbox 738 492 859 539; x_wconf 66' lang='lat' dir='ltr'><strong>Izaut</strong></span> <span class='ocrx_word' id='word_1_7' title='bbox 898 484 1064 538; x_wconf 72' lang='lat' dir='ltr'><strong>illum.</strong></span> <span class='ocrx_word' id='word_1_8' title='bbox 1094 483 1156 535; x_wconf 78' lang='lat' dir='ltr'><strong>At</strong></span> <span class='ocrx_word' id='word_1_9' title='bbox 1186 481 1271 534; x_wconf 69' lang='lat' dir='ltr'><strong>ille</strong></span> <span class='ocrx_word' id='word_1_10' title='bbox 1301 480 1433 533; x_wconf 77' lang='lat' dir='ltr'><strong>dixit</strong></span> <span class='ocrx_word' id='word_1_11' title='bbox 1462 498 1474 532; x_wconf 94' lang='lat'><strong>:</strong></span> <span class='ocrx_word' id='word_1_12' title='bbox 1507 477 1685 533; x_wconf 81' lang='lat' dir='ltr'><strong>Nolite</strong></span> <span class='ocrx_word' id='word_1_13' title='bbox 1722 479 1870 544; x_wconf 82' lang='lat' dir='ltr'><strong>ﬂere,</strong></span> <span class='ocrx_word' id='word_1_14' title='bbox 1905 493 2007 530; x_wconf 87' lang='lat' dir='ltr'><strong>non</strong></span> <span class='ocrx_word' id='word_1_15' title='bbox 2046 484 2129 528; x_wconf 90' lang='lat' dir='ltr'><strong>cst</strong></span> <span class='ocrx_word' id='word_1_16' title='bbox 2165 486 2298 526; x_wconf 88' lang='lat' dir='ltr'><strong>mor-</strong></span> 
     </span>
    </p>
   </div>
   <div class='ocr_carea' id='block_1_5' title="bbox 2331 466 3990 544">
    <p class='ocr_par' dir='ltr' id='par_1_5' title="bbox 2335 466 3990 539">
     <span class='ocr_line' id='line_1_5' title="bbox 2335 466 3990 539; baseline -0.001 -19"><span class='ocrx_word' id='word_1_17' title='bbox 2335 470 2381 529; x_wconf 80' lang='grc' dir='ltr'>Α</span> <span class='ocrx_word' id='word_1_18' title='bbox 2414 472 2567 539; x_wconf 70' lang='grc' dir='ltr'><strong>τέρα.</strong></span> <span class='ocrx_word' id='word_1_19' title='bbox 2613 470 2870 522; x_wconf 70' lang='grc' dir='ltr'><strong>Ἒκλαιον</strong></span> <span class='ocrx_word' id='word_1_20' title='bbox 2899 470 2952 521; x_wconf 76' lang='grc' dir='ltr'><strong>δὲ</strong></span> <span class='ocrx_word' id='word_1_21' title='bbox 2994 470 3208 531; x_wconf 77' lang='grc' dir='ltr'><strong>πάντες.</strong></span> <span class='ocrx_word' id='word_1_22' title='bbox 3248 468 3339 520; x_wconf 75' lang='grc' dir='ltr'><strong>καὶ</strong></span> <span class='ocrx_word' id='word_1_23' title='bbox 3368 466 3658 521; x_wconf 66' lang='grc' dir='ltr'><strong>ἔκόπτοντο</strong></span> <span class='ocrx_word' id='word_1_24' title='bbox 3690 468 3880 537; x_wconf 60' lang='grc' dir='ltr'><strong>αὑτήν.</strong></span> <span class='ocrx_word' id='word_1_25' title='bbox 3929 474 3990 519; x_wconf 59' lang='grc' dir='ltr'><strong>ἐι</strong></span> 
     </span>
    </p>
   </div>
   <div class='ocr_carea' id='block_1_6' title="bbox 736 566 2305 639">
    <p class='ocr_par' dir='ltr' id='par_1_6' title="bbox 736 566 2305 639">
     <span class='ocr_line' id='line_1_6' title="bbox 736 566 2305 639; baseline -0.008 -10"><span class='ocrx_word' id='word_1_26' title='bbox 736 589 849 639; x_wconf 85' lang='lat' dir='ltr'><strong>tua,</strong></span> <span class='ocrx_word' id='word_1_27' title='bbox 897 576 991 629; x_wconf 78' lang='lat' dir='ltr'><strong>sed</strong></span> <span class='ocrx_word' id='word_1_28' title='bbox 1027 572 1243 628; x_wconf 94' lang='lat' dir='ltr'><strong>dormit.</strong></span> <span class='ocrx_word' id='word_1_29' title='bbox 1284 570 1347 623; x_wconf 79' lang='lat' dir='ltr'><strong>Et</strong></span> <span class='ocrx_word' id='word_1_30' title='bbox 1378 570 1690 623; x_wconf 78' lang='lat' dir='ltr'><strong>deridebzutt</strong></span> <span class='ocrx_word' id='word_1_31' title='bbox 1728 584 1873 631; x_wconf 76' lang='lat' dir='ltr'><strong>eun),</strong></span> <span class='ocrx_word' id='word_1_32' title='bbox 1903 569 2139 621; x_wconf 72' lang='lat' dir='ltr'><strong>scientes</strong></span> <span class='ocrx_word' id='word_1_33' title='bbox 2165 566 2305 631; x_wconf 84' lang='lat' dir='ltr'><strong>quod</strong></span> 
     </span>
    </p>
   </div>
   <div class='ocr_carea' id='block_1_7' title="bbox 739 657 2301 732">
    <p class='ocr_par' dir='ltr' id='par_1_7' title="bbox 739 657 2301 732">
     <span class='ocr_line' id='line_1_7' title="bbox 739 657 2301 732; baseline -0.01 -9"><span class='ocrx_word' id='word_1_34' title='bbox 739 681 946 723; x_wconf 80' lang='lat' dir='ltr'><strong>mortua</strong></span> <span class='ocrx_word' id='word_1_35' title='bbox 984 672 1145 719; x_wconf 80' lang='lat' dir='ltr'><strong>esset.</strong></span> <span class='ocrx_word' id='word_1_36' title='bbox 1203 662 1320 732; x_wconf 84' lang='lat' dir='ltr'><strong>Ipse</strong></span> <span class='ocrx_word' id='word_1_37' title='bbox 1366 672 1543 716; x_wconf 88' lang='lat' dir='ltr'><strong>autem</strong></span> <span class='ocrx_word' id='word_1_38' title='bbox 1594 662 1781 731; x_wconf 73' lang='lat' dir='ltr'><strong>ejectis</strong></span> <span class='ocrx_word' id='word_1_39' title='bbox 1835 660 1982 713; x_wconf 81' lang='lat' dir='ltr'><strong>foras</strong></span> <span class='ocrx_word' id='word_1_40' title='bbox 2028 657 2301 719; x_wconf 81' lang='lat' dir='ltr'><strong>omnibus,</strong></span> 
     </span>
    </p>
   </div>
   <div class='ocr_carea' id='block_1_8' title="bbox 739 743 2300 829">
    <p class='ocr_par' dir='ltr' id='par_1_8' title="bbox 739 743 2300 829">
     <span class='ocr_line' id='line_1_8' title="bbox 739 743 2300 829; baseline -0.011 -17"><span class='ocrx_word' id='word_1_41' title='bbox 739 759 1073 829; x_wconf 77' lang='lat' dir='ltr'><strong>apprehensa</strong></span> <span class='ocrx_word' id='word_1_42' title='bbox 1129 767 1289 806; x_wconf 88' lang='lat' dir='ltr'><strong>manu</strong></span> <span class='ocrx_word' id='word_1_43' title='bbox 1332 751 1453 820; x_wconf 86' lang='lat' dir='ltr'><strong>ejus</strong></span> <span class='ocrx_word' id='word_1_44' title='bbox 1491 750 1739 805; x_wconf 75' lang='lat' dir='ltr'><strong>clamat-it</strong></span> <span class='ocrx_word' id='word_1_45' title='bbox 1766 789 1782 813; x_wconf 96' lang='lat'><strong>,</strong></span> <span class='ocrx_word' id='word_1_46' title='bbox 1820 749 2049 803; x_wconf 81' lang='lat' dir='ltr'><strong>dicens:</strong></span> <span class='ocrx_word' id='word_1_47' title='bbox 2096 743 2300 807; x_wconf 81' lang='lat' dir='ltr'><strong>Puella,</strong></span> 
     </span>
    </p>
   </div>
   <div class='ocr_carea' id='block_1_9' title="bbox 733 838 2304 919">
    <p class='ocr_par' dir='ltr' id='par_1_9' title="bbox 733 838 2304 919">
     <span class='ocr_line' id='line_1_9' title="bbox 733 838 2304 919; baseline -0.01 -14"><span class='ocrx_word' id='word_1_48' title='bbox 733 865 909 919; x_wconf 69' lang='lat' dir='ltr'><strong>surgo.</strong></span> <span class='ocrx_word' id='word_1_49' title='bbox 940 848 1003 903; x_wconf 60' lang='lat' dir='ltr'><strong>l‘lt</strong></span> <span class='ocrx_word' id='word_1_50' title='bbox 1032 859 1282 901; x_wconf 82' lang='lat' dir='ltr'><strong>reversus</strong></span> <span class='ocrx_word' id='word_1_51' title='bbox 1306 854 1399 900; x_wconf 46' lang='lat' dir='ltr'><strong>est.</strong></span> <span class='ocrx_word' id='word_1_52' title='bbox 1412 844 1636 912; x_wconf 82' lang='lat' dir='ltr'><strong>spiritus</strong></span> <span class='ocrx_word' id='word_1_53' title='bbox 1663 844 1802 911; x_wconf 83' lang='lat' dir='ltr'><strong>ejus,</strong></span> <span class='ocrx_word' id='word_1_54' title='bbox 1825 850 1881 895; x_wconf 89' lang='lat' dir='ltr'><strong>et</strong></span> <span class='ocrx_word' id='word_1_55' title='bbox 1908 838 2145 893; x_wconf 76' lang='lat' dir='ltr'><strong>surrexit</strong></span> <span class='ocrx_word' id='word_1_56' title='bbox 2171 852 2304 890; x_wconf 85' lang='lat' dir='ltr'><strong>eon-</strong></span> 
     </span>
    </p>
   </div>
   <div class='ocr_carea' id='block_1_10' title="bbox 733 932 2294 1006">
    <p class='ocr_par' dir='ltr' id='par_1_10' title="bbox 733 932 2294 1006">
     <span class='ocr_line' id='line_1_10' title="bbox 733 932 2294 1006; baseline -0.008 -13"><span class='ocrx_word' id='word_1_57' title='bbox 733 944 905 1003; x_wconf 81' lang='lat' dir='ltr'><strong>tiuuo,</strong></span> <span class='ocrx_word' id='word_1_58' title='bbox 940 955 1001 994; x_wconf 86' lang='lat' dir='ltr'><strong>ac</strong></span> <span class='ocrx_word' id='word_1_59' title='bbox 1027 938 1189 1006; x_wconf 80' lang='lat' dir='ltr'><strong>jussit</strong></span> <span class='ocrx_word' id='word_1_60' title='bbox 1218 938 1290 991; x_wconf 87' lang='lat' dir='ltr'><strong>illi</strong></span> <span class='ocrx_word' id='word_1_61' title='bbox 1326 936 1438 989; x_wconf 86' lang='lat' dir='ltr'><strong>dari</strong></span> <span class='ocrx_word' id='word_1_62' title='bbox 1472 935 1671 988; x_wconf 86' lang='lat' dir='ltr'><strong>cibum.</strong></span> <span class='ocrx_word' id='word_1_63' title='bbox 1715 932 1782 985; x_wconf 85' lang='lat' dir='ltr'><strong>Et</strong></span> <span class='ocrx_word' id='word_1_64' title='bbox 1832 942 2154 1001; x_wconf 90' lang='lat' dir='ltr'><strong>stupuerunt</strong></span> <span class='ocrx_word' id='word_1_65' title='bbox 2194 942 2294 994; x_wconf 66' lang='grc' dir='ltr'><strong>ρας</strong></span> 
     </span>
    </p>
   </div>
   <div class='ocr_carea' id='block_1_11' title="bbox 732 1020 2301 1096">
    <p class='ocr_par' dir='ltr' id='par_1_11' title="bbox 732 1020 2301 1096">
     <span class='ocr_line' id='line_1_11' title="bbox 732 1020 2301 1096; baseline -0.011 -11"><span class='ocrx_word' id='word_1_66' title='bbox 732 1043 914 1085; x_wconf 64' lang='lat' dir='ltr'><strong>rentes</strong></span> <span class='ocrx_word' id='word_1_67' title='bbox 960 1029 1094 1096; x_wconf 81' lang='lat' dir='ltr'><strong>ejus.</strong></span> <span class='ocrx_word' id='word_1_68' title='bbox 1137 1029 1205 1081; x_wconf 81' lang='lat' dir='ltr'><strong>At</strong></span> <span class='ocrx_word' id='word_1_69' title='bbox 1252 1027 1338 1079; x_wconf 89' lang='lat' dir='ltr'><strong>ille</strong></span> <span class='ocrx_word' id='word_1_70' title='bbox 1370 1024 1622 1094; x_wconf 64' lang='lat' dir='ltr'><strong>praecepit</strong></span> <span class='ocrx_word' id='word_1_71' title='bbox 1672 1022 1754 1077; x_wconf 89' lang='lat' dir='ltr'><strong>cis</strong></span> <span class='ocrx_word' id='word_1_72' title='bbox 1804 1034 1871 1074; x_wconf 92' lang='lat' dir='ltr'><strong>ne</strong></span> <span class='ocrx_word' id='word_1_73' title='bbox 1921 1023 2009 1075; x_wconf 89' lang='lat' dir='ltr'><strong>cui</strong></span> <span class='ocrx_word' id='word_1_74' title='bbox 2052 1020 2301 1073; x_wconf 84' lang='lat' dir='ltr'><strong>dicerent</strong></span> 
     </span>
    </p>
   </div>
   <div class='ocr_carea' id='block_1_12' title="bbox 730 1106 2299 1188">
    <p class='ocr_par' dir='ltr' id='par_1_12' title="bbox 730 1106 2299 1188">
     <span class='ocr_line' id='line_1_12' title="bbox 730 1106 2299 1188; baseline -0.011 -15"><span class='ocrx_word' id='word_1_75' title='bbox 730 1122 871 1188; x_wconf 83' lang='lat' dir='ltr'><strong>quod</strong></span> <span class='ocrx_word' id='word_1_76' title='bbox 921 1118 1119 1174; x_wconf 80' lang='lat' dir='ltr'><strong>factum</strong></span> <span class='ocrx_word' id='word_1_77' title='bbox 1160 1124 1310 1170; x_wconf 77' lang='lat' dir='ltr'><strong>.crat.</strong></span> <span class='ocrx_word' id='word_1_78' title='bbox 1354 1133 1371 1166; x_wconf 84' lang='lat' dir='ltr'><strong>I</strong></span> <span class='ocrx_word' id='word_1_79' title='bbox 1421 1112 1579 1168; x_wconf 82' lang='lat' dir='ltr'><strong>Jesus</strong></span> <span class='ocrx_word' id='word_1_80' title='bbox 1616 1121 1675 1166; x_wconf 85' lang='lat' dir='ltr'><strong>ut</strong></span> <span class='ocrx_word' id='word_1_81' title='bbox 1707 1112 1914 1165; x_wconf 77' lang='lat' dir='ltr'><strong>audivit</strong></span> <span class='ocrx_word' id='word_1_82' title='bbox 1965 1109 2106 1175; x_wconf 86' lang='lat' dir='ltr'><strong>quod</strong></span> <span class='ocrx_word' id='word_1_83' title='bbox 2159 1106 2299 1159; x_wconf 79' lang='lat' dir='ltr'><strong>dixit</strong></span> 
     </span>
    </p>
   </div>
   <div class='ocr_carea' id='block_1_13' title="bbox 726 1198 2291 1280">
    <p class='ocr_par' dir='ltr' id='par_1_13' title="bbox 726 1198 2291 1280">
     <span class='ocr_line' id='line_1_13' title="bbox 726 1198 2291 1280; baseline -0.01 -17"><span class='ocrx_word' id='word_1_84' title='bbox 726 1212 945 1280; x_wconf 77' lang='lat' dir='ltr'><strong>quidam</strong></span> <span class='ocrx_word' id='word_1_85' title='bbox 976 1212 1042 1261; x_wconf 90' lang='lat' dir='ltr'><strong>ad</strong></span> <span class='ocrx_word' id='word_1_86' title='bbox 1071 1209 1554 1275; x_wconf 85' lang='lat' dir='ltr'><strong>arclusyuagogum</strong></span> <span class='ocrx_word' id='word_1_87' title='bbox 1582 1221 1597 1259; x_wconf 86' lang='lat'><strong>:</strong></span> <span class='ocrx_word' id='word_1_88' title='bbox 1639 1202 1718 1257; x_wconf 84' lang='lat' dir='ltr'><strong>Ne</strong></span> <span class='ocrx_word' id='word_1_89' title='bbox 1754 1216 1914 1255; x_wconf 77' lang='lat' dir='ltr'><strong>vexes</strong></span> <span class='ocrx_word' id='word_1_90' title='bbox 1953 1198 2291 1267; x_wconf 83' lang='lat' dir='ltr'><strong>magistrum,</strong></span> 
     </span>
    </p>
   </div>
   <div class='ocr_carea' id='block_1_14' title="bbox 730 1293 2297 1369">
    <p class='ocr_par' dir='ltr' id='par_1_14' title="bbox 730 1293 2297 1369">
     <span class='ocr_line' id='line_1_14' title="bbox 730 1293 2297 1369; baseline -0.01 -12"><span class='ocrx_word' id='word_1_91' title='bbox 730 1309 832 1359; x_wconf 81' lang='lat' dir='ltr'><strong>hoc</strong></span> <span class='ocrx_word' id='word_1_92' title='bbox 863 1312 965 1366; x_wconf 79' lang='lat' dir='ltr'><strong>est,</strong></span> <span class='ocrx_word' id='word_1_93' title='bbox 1002 1318 1067 1356; x_wconf 89' lang='lat' dir='ltr'><strong>uc</strong></span> <span class='ocrx_word' id='word_1_94' title='bbox 1102 1302 1271 1355; x_wconf 80' lang='lat' dir='ltr'><strong>facias</strong></span> <span class='ocrx_word' id='word_1_95' title='bbox 1316 1299 1614 1369; x_wconf 81' lang='lat' dir='ltr'><strong>negotium,</strong></span> <span class='ocrx_word' id='word_1_96' title='bbox 1654 1312 1719 1351; x_wconf 91' lang='lat' dir='ltr'><strong>ne</strong></span> <span class='ocrx_word' id='word_1_97' title='bbox 1752 1294 1925 1349; x_wconf 83' lang='lat' dir='ltr'><strong>adduc</strong></span> <span class='ocrx_word' id='word_1_98' title='bbox 1961 1293 2151 1347; x_wconf 86' lang='lat' dir='ltr'><strong>illum:</strong></span> <span class='ocrx_word' id='word_1_99' title='bbox 2194 1306 2297 1344; x_wconf 90' lang='lat' dir='ltr'><strong>nou</strong></span> 
     </span>
    </p>
   </div>
   <div class='ocr_carea' id='block_1_15' title="bbox 738 1383 2297 1459">
    <p class='ocr_par' dir='ltr' id='par_1_15' title="bbox 738 1383 2297 1459">
     <span class='ocr_line' id='line_1_15' title="bbox 738 1383 2297 1459; baseline -0.01 -12"><span class='ocrx_word' id='word_1_100' title='bbox 738 1391 1077 1459; x_wconf 78' lang='lat' dir='ltr'><strong>exspectavit</strong></span> <span class='ocrx_word' id='word_1_101' title='bbox 1130 1401 1187 1443; x_wconf 90' lang='lat' dir='ltr'><strong>ut</strong></span> <span class='ocrx_word' id='word_1_102' title='bbox 1219 1389 1469 1458; x_wconf 82' lang='lat' dir='ltr'><strong>princeps</strong></span> <span class='ocrx_word' id='word_1_103' title='bbox 1494 1400 1777 1455; x_wconf 77' lang='lat' dir='ltr'><strong>synagoga:</strong></span> <span class='ocrx_word' id='word_1_104' title='bbox 1822 1385 1922 1452; x_wconf 91' lang='lat' dir='ltr'><strong>ipsi</strong></span> <span class='ocrx_word' id='word_1_105' title='bbox 1970 1383 2297 1452; x_wconf 83' lang='lat' dir='ltr'><strong>loqueretur,</strong></span> 
     </span>
    </p>
   </div>
   <div class='ocr_carea' id='block_1_16' title="bbox 731 1476 2296 1551">
    <p class='ocr_par' dir='ltr' id='par_1_16' title="bbox 731 1476 2296 1551">
     <span class='ocr_line' id='line_1_16' title="bbox 731 1476 2296 1551; baseline -0.007 -14"><span class='ocrx_word' id='word_1_106' title='bbox 731 1486 823 1537; x_wconf 80' lang='lat' dir='ltr'><strong>sed</strong></span> <span class='ocrx_word' id='word_1_107' title='bbox 854 1481 1110 1551; x_wconf 68' lang='lat' dir='ltr'><strong>prmvenit</strong></span> <span class='ocrx_word' id='word_1_108' title='bbox 1137 1494 1280 1544; x_wconf 90' lang='lat' dir='ltr'><strong>eum,</strong></span> <span class='ocrx_word' id='word_1_109' title='bbox 1313 1493 1382 1531; x_wconf 90' lang='lat' dir='ltr'><strong>ne</strong></span> <span class='ocrx_word' id='word_1_110' title='bbox 1407 1478 1545 1532; x_wconf 80' lang='lat' dir='ltr'><strong>forte</strong></span> <span class='ocrx_word' id='word_1_111' title='bbox 1567 1476 1770 1530; x_wconf 85' lang='lat' dir='ltr'><strong>diceret</strong></span> <span class='ocrx_word' id='word_1_112' title='bbox 1794 1476 2257 1544; x_wconf 74' lang='lat' dir='ltr'><strong>arehisynagogus</strong></span> <span class='ocrx_word' id='word_1_113' title='bbox 2282 1490 2296 1526; x_wconf 91' lang='lat'><strong>:</strong></span> 
     </span>
    </p>
   </div>
   <div class='ocr_carea' id='block_1_17' title="bbox 732 1565 2298 1644">
    <p class='ocr_par' dir='ltr' id='par_1_17' title="bbox 732 1565 2298 1644">
     <span class='ocr_line' id='line_1_17' title="bbox 732 1565 2298 1644; baseline -0.01 -13"><span class='ocrx_word' id='word_1_114' title='bbox 732 1578 844 1631; x_wconf 74' lang='lat' dir='ltr'><strong>Non</strong></span> <span class='ocrx_word' id='word_1_115' title='bbox 873 1588 1007 1644; x_wconf 85' lang='lat' dir='ltr'><strong>Opus</strong></span> <span class='ocrx_word' id='word_1_116' title='bbox 1046 1574 1217 1627; x_wconf 81' lang='lat' dir='ltr'><strong>habeo</strong></span> <span class='ocrx_word' id='word_1_117' title='bbox 1252 1583 1322 1637; x_wconf 90' lang='lat' dir='ltr'><strong>te,</strong></span> <span class='ocrx_word' id='word_1_118' title='bbox 1354 1570 1465 1639; x_wconf 82' lang='lat' dir='ltr'><strong>jam</strong></span> <span class='ocrx_word' id='word_1_119' title='bbox 1516 1569 1660 1623; x_wconf 90' lang='lat' dir='ltr'><strong>enim</strong></span> <span class='ocrx_word' id='word_1_120' title='bbox 1693 1568 1891 1621; x_wconf 89' lang='lat' dir='ltr'><strong>malum</strong></span> <span class='ocrx_word' id='word_1_121' title='bbox 1943 1565 2145 1619; x_wconf 81' lang='lat' dir='ltr'><strong>factum</strong></span> <span class='ocrx_word' id='word_1_122' title='bbox 2196 1574 2298 1629; x_wconf 89' lang='lat' dir='ltr'><strong>est,</strong></span> 
     </span>
    </p>
   </div>
   <div class='ocr_carea' id='block_1_18' title="bbox 727 1655 2297 1731">
    <p class='ocr_par' dir='ltr' id='par_1_18' title="bbox 727 1655 2297 1731">
     <span class='ocr_line' id='line_1_18' title="bbox 727 1655 2297 1731; baseline -0.009 -9"><span class='ocrx_word' id='word_1_123' title='bbox 727 1682 857 1723; x_wconf 89' lang='lat' dir='ltr'><strong>ecce</strong></span> <span class='ocrx_word' id='word_1_124' title='bbox 888 1673 1101 1719; x_wconf 83' lang='lat' dir='ltr'><strong>mortua</strong></span> <span class='ocrx_word' id='word_1_125' title='bbox 1132 1672 1214 1716; x_wconf 87' lang='lat' dir='ltr'><strong>est</strong></span> <span class='ocrx_word' id='word_1_126' title='bbox 1240 1676 1401 1731; x_wconf 86' lang='lat' dir='ltr'><strong>quam</strong></span> <span class='ocrx_word' id='word_1_127' title='bbox 1433 1657 1785 1729; x_wconf 79' lang='lat' dir='ltr'><strong>sperabamus</strong></span> <span class='ocrx_word' id='word_1_128' title='bbox 1814 1673 1844 1711; x_wconf 89' lang='lat' dir='ltr'><strong>a</strong></span> <span class='ocrx_word' id='word_1_129' title='bbox 1883 1666 1934 1709; x_wconf 88' lang='lat' dir='ltr'><strong>te</strong></span> <span class='ocrx_word' id='word_1_130' title='bbox 1979 1655 2297 1709; x_wconf 86' lang='lat' dir='ltr'><strong>sanandam.</strong></span> 
     </span>
    </p>
   </div>
   <div class='ocr_carea' id='block_1_19' title="bbox 732 1748 2302 1826">
    <p class='ocr_par' dir='ltr' id='par_1_19' title="bbox 732 1748 2302 1826">
     <span class='ocr_line' id='line_1_19' title="bbox 732 1748 2302 1826; baseline -0.008 -15"><span class='ocrx_word' id='word_1_131' title='bbox 732 1758 901 1826; x_wconf 77' lang='lat' dir='ltr'><strong>Igitur</strong></span> <span class='ocrx_word' id='word_1_132' title='bbox 949 1772 1014 1809; x_wconf 91' lang='lat' dir='ltr'><strong>ne</strong></span> <span class='ocrx_word' id='word_1_133' title='bbox 1056 1755 1185 1826; x_wconf 91' lang='lat' dir='ltr'><strong>quid</strong></span> <span class='ocrx_word' id='word_1_134' title='bbox 1218 1755 1322 1807; x_wconf 83' lang='lat' dir='ltr'><strong>tale</strong></span> <span class='ocrx_word' id='word_1_135' title='bbox 1366 1751 1570 1809; x_wconf 84' lang='lat' dir='ltr'><strong>diceret</strong></span> <span class='ocrx_word' id='word_1_136' title='bbox 1604 1769 1618 1810; x_wconf 87' lang='lat'><strong>;</strong></span> <span class='ocrx_word' id='word_1_137' title='bbox 1661 1748 1971 1803; x_wconf 87' lang='lat' dir='ltr'><strong>incredulus</strong></span> <span class='ocrx_word' id='word_1_138' title='bbox 2002 1749 2145 1803; x_wconf 84' lang='lat' dir='ltr'><strong>enim</strong></span> <span class='ocrx_word' id='word_1_139' title='bbox 2184 1755 2302 1800; x_wconf 89' lang='lat' dir='ltr'><strong>erat</strong></span> 
     </span>
    </p>
   </div>
   <div class='ocr_carea' id='block_1_20' title="bbox 730 1835 2301 1915">
    <p class='ocr_par' dir='ltr' id='par_1_20' title="bbox 730 1835 2301 1915">
     <span class='ocr_line' id='line_1_20' title="bbox 730 1835 2301 1915; baseline -0.008 -10"><span class='ocrx_word' id='word_1_140' title='bbox 730 1861 784 1905; x_wconf 90' lang='lat' dir='ltr'><strong>et</strong></span> <span class='ocrx_word' id='word_1_141' title='bbox 816 1849 1032 1903; x_wconf 67' lang='lat' dir='ltr'><strong>Iudaeus</strong></span> <span class='ocrx_word' id='word_1_142' title='bbox 1066 1843 1440 1915; x_wconf 68' lang='lat' dir='ltr'><strong>:praeveuieus</strong></span> <span class='ocrx_word' id='word_1_143' title='bbox 1477 1842 1627 1895; x_wconf 88' lang='lat' dir='ltr'><strong>illum</strong></span> <span class='ocrx_word' id='word_1_144' title='bbox 1675 1840 1960 1902; x_wconf 85' lang='lat' dir='ltr'><strong>Christus,</strong></span> <span class='ocrx_word' id='word_1_145' title='bbox 2001 1838 2168 1894; x_wconf 89' lang='lat' dir='ltr'><strong>dicit:</strong></span> <span class='ocrx_word' id='word_1_146' title='bbox 2224 1835 2301 1892; x_wconf 80' lang='lat' dir='ltr'><strong>Ne</strong></span> 
     </span>
    </p>
   </div>
   <div class='ocr_carea' id='block_1_21' title="bbox 732 1930 2299 2005">
    <p class='ocr_par' dir='ltr' id='par_1_21' title="bbox 732 1930 2299 2005">
     <span class='ocr_line' id='line_1_21' title="bbox 732 1930 2299 2005; baseline -0.01 -8"><span class='ocrx_word' id='word_1_147' title='bbox 732 1946 946 2005; x_wconf 69' lang='lat' dir='ltr'><strong>timeas,</strong></span> <span class='ocrx_word' id='word_1_148' title='bbox 974 1949 1181 1993; x_wconf 86' lang='lat' dir='ltr'><strong>tantum</strong></span> <span class='ocrx_word' id='word_1_149' title='bbox 1218 1938 1375 1992; x_wconf 82' lang='lat' dir='ltr'><strong>crede</strong></span> <span class='ocrx_word' id='word_1_150' title='bbox 1409 1953 1421 1988; x_wconf 93' lang='lat'>:</span> <span class='ocrx_word' id='word_1_151' title='bbox 1461 1936 1667 2003; x_wconf 81' lang='lat' dir='ltr'><strong>respice</strong></span> <span class='ocrx_word' id='word_1_152' title='bbox 1702 1932 1768 1985; x_wconf 93' lang='lat' dir='ltr'><strong>ad</strong></span> <span class='ocrx_word' id='word_1_153' title='bbox 1828 1930 2108 1985; x_wconf 88' lang='lat' dir='ltr'><strong>mulierem</strong></span> <span class='ocrx_word' id='word_1_154' title='bbox 2142 1931 2299 1993; x_wconf 84' lang='lat' dir='ltr'><strong>hanc,</strong></span> 
     </span>
    </p>
   </div>
   <div class='ocr_carea' id='block_1_22' title="bbox 730 2023 2303 2104">
    <p class='ocr_par' dir='ltr' id='par_1_22' title="bbox 730 2023 2303 2104">
     <span class='ocr_line' id='line_1_22' title="bbox 730 2023 2303 2104; baseline -0.008 -17"><span class='ocrx_word' id='word_1_155' title='bbox 730 2052 852 2104; x_wconf 78' lang='lat' dir='ltr'><strong>qua:</strong></span> <span class='ocrx_word' id='word_1_156' title='bbox 894 2032 1172 2102; x_wconf 84' lang='lat' dir='ltr'><strong>sanguinis</strong></span> <span class='ocrx_word' id='word_1_157' title='bbox 1205 2028 1467 2098; x_wconf 85' lang='lat' dir='ltr'><strong>proﬂuvio</strong></span> <span class='ocrx_word' id='word_1_158' title='bbox 1497 2027 1761 2082; x_wconf 80' lang='lat' dir='ltr'><strong>laboravit</strong></span> <span class='ocrx_word' id='word_1_159' title='bbox 1793 2044 1809 2080; x_wconf 90' lang='lat'><strong>:</strong></span> <span class='ocrx_word' id='word_1_160' title='bbox 1851 2025 1993 2079; x_wconf 86' lang='lat' dir='ltr'><strong>illam</strong></span> <span class='ocrx_word' id='word_1_161' title='bbox 2043 2024 2087 2077; x_wconf 90' lang='lat' dir='ltr'><strong>si</strong></span> <span class='ocrx_word' id='word_1_162' title='bbox 2122 2023 2303 2077; x_wconf 86' lang='lat' dir='ltr'><strong>imita-</strong></span> 
     </span>
    </p>
   </div>
   <div class='ocr_carea' id='block_1_23' title="bbox 644 2112 2303 2187">
    <p class='ocr_par' dir='ltr' id='par_1_23' title="bbox 644 2112 2303 2187">
     <span class='ocr_line' id='line_1_23' title="bbox 644 2112 2303 2187; baseline -0.007 -8"><span class='ocrx_word' id='word_1_163' title='bbox 644 2126 655 2135; x_wconf 83' lang='grc'><em>’</em></span> <span class='ocrx_word' id='word_1_164' title='bbox 731 2140 816 2181; x_wconf 82' lang='lat' dir='ltr'><strong>ius</strong></span> <span class='ocrx_word' id='word_1_165' title='bbox 867 2123 1056 2187; x_wconf 78' lang='lat' dir='ltr'><strong>fueris,</strong></span> <span class='ocrx_word' id='word_1_166' title='bbox 1119 2135 1226 2175; x_wconf 88' lang='lat' dir='ltr'><strong>non</strong></span> <span class='ocrx_word' id='word_1_167' title='bbox 1268 2117 1567 2175; x_wconf 80' lang='lat' dir='ltr'><strong>aberrabis.</strong></span> <span class='ocrx_word' id='word_1_168' title='bbox 1608 2116 1873 2171; x_wconf 81' lang='lat' dir='ltr'><strong>Cteterum</strong></span> <span class='ocrx_word' id='word_1_169' title='bbox 1917 2128 1983 2169; x_wconf 79' lang='lat' dir='ltr'><strong>ex</strong></span> <span class='ocrx_word' id='word_1_170' title='bbox 2024 2112 2303 2181; x_wconf 86' lang='lat' dir='ltr'><strong>discipulis</strong></span> 
     </span>
    </p>
   </div>
   <div class='ocr_carea' id='block_1_24' title="bbox 729 2203 2294 2277">
    <p class='ocr_par' dir='ltr' id='par_1_24' title="bbox 729 2203 2294 2277">
     <span class='ocr_line' id='line_1_24' title="bbox 729 2203 2294 2277; baseline -0.01 -7"><span class='ocrx_word' id='word_1_171' title='bbox 729 2226 933 2270; x_wconf 87' lang='lat' dir='ltr'><strong>tantum</strong></span> <span class='ocrx_word' id='word_1_172' title='bbox 961 2214 1162 2266; x_wconf 87' lang='lat' dir='ltr'><strong>intrare</strong></span> <span class='ocrx_word' id='word_1_173' title='bbox 1191 2224 1371 2264; x_wconf 81' lang='lat' dir='ltr'><strong>secum</strong></span> <span class='ocrx_word' id='word_1_174' title='bbox 1398 2208 1643 2277; x_wconf 88' lang='lat' dir='ltr'><strong>permisit</strong></span> <span class='ocrx_word' id='word_1_175' title='bbox 1661 2206 1921 2262; x_wconf 78' lang='lat' dir='ltr'><strong>Joannem</strong></span> <span class='ocrx_word' id='word_1_176' title='bbox 1944 2214 1998 2260; x_wconf 90' lang='lat' dir='ltr'><strong>et</strong></span> <span class='ocrx_word' id='word_1_177' title='bbox 2034 2203 2294 2259; x_wconf 85' lang='lat' dir='ltr'><strong>Jacobmu</strong></span> 
     </span>
    </p>
   </div>
   <div class='ocr_carea' id='block_1_25' title="bbox 728 2296 2303 2369">
    <p class='ocr_par' dir='ltr' id='par_1_25' title="bbox 728 2296 2303 2369">
     <span class='ocr_line' id='line_1_25' title="bbox 728 2296 2303 2369; baseline -0.008 -8"><span class='ocrx_word' id='word_1_178' title='bbox 728 2319 784 2361; x_wconf 87' lang='lat' dir='ltr'><strong>et</strong></span> <span class='ocrx_word' id='word_1_179' title='bbox 830 2305 1077 2367; x_wconf 86' lang='lat' dir='ltr'><strong>Petrum,</strong></span> <span class='ocrx_word' id='word_1_180' title='bbox 1112 2313 1170 2357; x_wconf 92' lang='lat' dir='ltr'><strong>ut</strong></span> <span class='ocrx_word' id='word_1_181' title='bbox 1208 2300 1592 2369; x_wconf 89' lang='lat' dir='ltr'><strong>discipulorum</strong></span> <span class='ocrx_word' id='word_1_182' title='bbox 1639 2300 1940 2368; x_wconf 60' lang='lat' dir='ltr'><strong>pracipuos</strong></span> <span class='ocrx_word' id='word_1_183' title='bbox 1990 2304 2045 2350; x_wconf 85' lang='lat' dir='ltr'><strong>et</strong></span> <span class='ocrx_word' id='word_1_184' title='bbox 2078 2296 2303 2351; x_wconf 87' lang='lat' dir='ltr'><strong>tacitur-</strong></span> 
     </span>
    </p>
   </div>
   <div class='ocr_carea' id='block_1_26' title="bbox 729 2390 2302 2455">
    <p class='ocr_par' dir='ltr' id='par_1_26' title="bbox 729 2390 2302 2455">
     <span class='ocr_line' id='line_1_26' title="bbox 729 2390 2302 2455; baseline -0.008 -4"><span class='ocrx_word' id='word_1_185' title='bbox 729 2413 849 2451; x_wconf 89' lang='lat' dir='ltr'><strong>nos.</strong></span> <span class='ocrx_word' id='word_1_186' title='bbox 880 2394 1104 2450; x_wconf 73' lang='lat' dir='ltr'><strong>Nulebat</strong></span> <span class='ocrx_word' id='word_1_187' title='bbox 1138 2394 1281 2449; x_wconf 89' lang='lat' dir='ltr'><strong>enim</strong></span> <span class='ocrx_word' id='word_1_188' title='bbox 1320 2393 1421 2445; x_wconf 83' lang='lat' dir='ltr'><strong>hoc</strong></span> <span class='ocrx_word' id='word_1_189' title='bbox 1455 2390 1775 2443; x_wconf 84' lang='lat' dir='ltr'><strong>miraculum</strong></span> <span class='ocrx_word' id='word_1_190' title='bbox 1812 2398 1935 2443; x_wconf 84' lang='lat' dir='ltr'><strong>ante</strong></span> <span class='ocrx_word' id='word_1_191' title='bbox 1966 2398 2176 2455; x_wconf 88' lang='lat' dir='ltr'><strong>tempus</strong></span> <span class='ocrx_word' id='word_1_192' title='bbox 2204 2401 2302 2439; x_wconf 78' lang='lat' dir='ltr'><strong>re-</strong></span> 
     </span>
    </p>
   </div>
   <div class='ocr_carea' id='block_1_27' title="bbox 731 2479 2298 2554">
    <p class='ocr_par' dir='ltr' id='par_1_27' title="bbox 731 2479 2298 2554">
     <span class='ocr_line' id='line_1_27' title="bbox 731 2479 2298 2554; baseline -0.007 -14"><span class='ocrx_word' id='word_1_193' title='bbox 731 2489 901 2542; x_wconf 64' lang='lat' dir='ltr'><strong>telari</strong></span> <span class='ocrx_word' id='word_1_194' title='bbox 933 2486 1137 2551; x_wconf 89' lang='lat' dir='ltr'><strong>multis,</strong></span> <span class='ocrx_word' id='word_1_195' title='bbox 1165 2494 1385 2554; x_wconf 89' lang='lat' dir='ltr'><strong>propter</strong></span> <span class='ocrx_word' id='word_1_196' title='bbox 1411 2481 1725 2536; x_wconf 66' lang='lat' dir='ltr'><strong>Judzorurn</strong></span> <span class='ocrx_word' id='word_1_197' title='bbox 1776 2480 2010 2534; x_wconf 80' lang='lat' dir='ltr'><strong>fortasse</strong></span> <span class='ocrx_word' id='word_1_198' title='bbox 2043 2479 2298 2531; x_wconf 83' lang='lat' dir='ltr'><strong>invidiam</strong></span> 
     </span>
    </p>
   </div>
   <div class='ocr_carea' id='block_1_28' title="bbox 730 2568 2302 2651">
    <p class='ocr_par' dir='ltr' id='par_1_28' title="bbox 730 2568 2302 2651">
     <span class='ocr_line' id='line_1_28' title="bbox 730 2568 2302 2651; baseline -0.01 -16"><span class='ocrx_word' id='word_1_199' title='bbox 730 2582 985 2651; x_wconf 81' lang='lat' dir='ltr'><strong>pleraque</strong></span> <span class='ocrx_word' id='word_1_200' title='bbox 1009 2594 1074 2633; x_wconf 78' lang='lat' dir='ltr'><strong>ex</strong></span> <span class='ocrx_word' id='word_1_201' title='bbox 1102 2574 1352 2647; x_wconf 85' lang='lat' dir='ltr'><strong>Operibus</strong></span> <span class='ocrx_word' id='word_1_202' title='bbox 1382 2576 1495 2629; x_wconf 84' lang='lat' dir='ltr'><strong>suis</strong></span> <span class='ocrx_word' id='word_1_203' title='bbox 1524 2573 1827 2639; x_wconf 80' lang='lat' dir='ltr'><strong>occultans,</strong></span> <span class='ocrx_word' id='word_1_204' title='bbox 1852 2588 1921 2625; x_wconf 88' lang='lat' dir='ltr'><strong>ne</strong></span> <span class='ocrx_word' id='word_1_205' title='bbox 1952 2568 2153 2625; x_wconf 86' lang='lat' dir='ltr'><strong>invidia</strong></span> <span class='ocrx_word' id='word_1_206' title='bbox 2182 2582 2302 2621; x_wconf 86' lang='lat' dir='ltr'><strong>suc-</strong></span> 
     </span>
    </p>
   </div>
   <div class='ocr_carea' id='block_1_29' title="bbox 728 2660 2298 2743">
    <p class='ocr_par' dir='ltr' id='par_1_29' title="bbox 728 2660 2298 2743">
     <span class='ocr_line' id='line_1_29' title="bbox 728 2660 2298 2743; baseline -0.012 -14"><span class='ocrx_word' id='word_1_207' title='bbox 728 2674 873 2729; x_wconf 74' lang='lat' dir='ltr'><strong>censi</strong></span> <span class='ocrx_word' id='word_1_208' title='bbox 922 2671 1109 2743; x_wconf 84' lang='lat' dir='ltr'><strong>judicii</strong></span> <span class='ocrx_word' id='word_1_209' title='bbox 1173 2670 1365 2723; x_wconf 81' lang='lat' dir='ltr'><strong>ﬁerent</strong></span> <span class='ocrx_word' id='word_1_210' title='bbox 1405 2668 1501 2722; x_wconf 88' lang='lat' dir='ltr'><strong>rei.</strong></span> <span class='ocrx_word' id='word_1_211' title='bbox 1560 2665 1716 2719; x_wconf 83' lang='lat' dir='ltr'><strong>Hunc</strong></span> <span class='ocrx_word' id='word_1_212' title='bbox 1766 2666 1817 2718; x_wconf 89' lang='lat' dir='ltr'><strong>in</strong></span> <span class='ocrx_word' id='word_1_213' title='bbox 1880 2663 2093 2717; x_wconf 86' lang='lat' dir='ltr'><strong>modum</strong></span> <span class='ocrx_word' id='word_1_214' title='bbox 2139 2660 2298 2714; x_wconf 87' lang='lat' dir='ltr'><strong>etiam</strong></span> 
     </span>
    </p>
   </div>
   <div class='ocr_carea' id='block_1_30' title="bbox 728 2753 2301 2834">
    <p class='ocr_par' dir='ltr' id='par_1_30' title="bbox 728 2753 2301 2834">
     <span class='ocr_line' id='line_1_30' title="bbox 728 2753 2301 2834; baseline -0.01 -14"><span class='ocrx_word' id='word_1_215' title='bbox 728 2782 829 2821; x_wconf 78' lang='lat' dir='ltr'><strong>nos</strong></span> <span class='ocrx_word' id='word_1_216' title='bbox 856 2778 1068 2834; x_wconf 82' lang='lat' dir='ltr'><strong>quoque</strong></span> <span class='ocrx_word' id='word_1_217' title='bbox 1098 2762 1275 2816; x_wconf 82' lang='lat' dir='ltr'><strong>facere</strong></span> <span class='ocrx_word' id='word_1_218' title='bbox 1302 2769 1538 2829; x_wconf 87' lang='lat' dir='ltr'><strong>oportet,</strong></span> <span class='ocrx_word' id='word_1_219' title='bbox 1570 2757 1785 2827; x_wconf 81' lang='lat' dir='ltr'><strong>quando</strong></span> <span class='ocrx_word' id='word_1_220' title='bbox 1814 2756 1936 2826; x_wconf 85' lang='lat' dir='ltr'><strong>quis</strong></span> <span class='ocrx_word' id='word_1_221' title='bbox 1968 2754 2130 2808; x_wconf 90' lang='lat' dir='ltr'><strong>nobis</strong></span> <span class='ocrx_word' id='word_1_222' title='bbox 2163 2753 2301 2806; x_wconf 88' lang='lat' dir='ltr'><strong>iuvi-</strong></span> 
     </span>
    </p>
   </div>
   <div class='ocr_carea' id='block_1_31' title="bbox 725 2847 2301 2924">
    <p class='ocr_par' dir='ltr' id='par_1_31' title="bbox 725 2847 2301 2924">
     <span class='ocr_line' id='line_1_31' title="bbox 725 2847 2301 2924; baseline -0.011 -11"><span class='ocrx_word' id='word_1_223' title='bbox 725 2860 840 2922; x_wconf 87' lang='lat' dir='ltr'><strong>det,</strong></span> <span class='ocrx_word' id='word_1_224' title='bbox 875 2871 941 2911; x_wconf 91' lang='lat' dir='ltr'><strong>ne</strong></span> <span class='ocrx_word' id='word_1_225' title='bbox 974 2856 1280 2924; x_wconf 84' lang='lat' dir='ltr'><strong>aperiamus</strong></span> <span class='ocrx_word' id='word_1_226' title='bbox 1310 2853 1358 2906; x_wconf 91' lang='lat' dir='ltr'><strong>ei</strong></span> <span class='ocrx_word' id='word_1_227' title='bbox 1392 2860 1572 2905; x_wconf 85' lang='lat' dir='ltr'><strong>nostra</strong></span> <span class='ocrx_word' id='word_1_228' title='bbox 1605 2851 1745 2903; x_wconf 88' lang='lat' dir='ltr'><strong>bona</strong></span> <span class='ocrx_word' id='word_1_229' title='bbox 1773 2863 1961 2917; x_wconf 89' lang='lat' dir='ltr'><strong>opera,</strong></span> <span class='ocrx_word' id='word_1_230' title='bbox 2007 2847 2102 2901; x_wconf 87' lang='lat' dir='ltr'><strong>sed</strong></span> <span class='ocrx_word' id='word_1_231' title='bbox 2144 2860 2301 2897; x_wconf 83' lang='lat' dir='ltr'><strong>cure-</strong></span> 
     </span>
    </p>
   </div>
   <div class='ocr_carea' id='block_1_32' title="bbox 726 2938 2303 3016">
    <p class='ocr_par' dir='ltr' id='par_1_32' title="bbox 726 2938 2303 3016">
     <span class='ocr_line' id='line_1_32' title="bbox 726 2938 2303 3016; baseline -0.011 -12"><span class='ocrx_word' id='word_1_232' title='bbox 726 2965 848 3004; x_wconf 89' lang='lat' dir='ltr'><strong>mus</strong></span> <span class='ocrx_word' id='word_1_233' title='bbox 883 2950 1187 3016; x_wconf 78' lang='lat' dir='ltr'><strong>utignoret,</strong></span> <span class='ocrx_word' id='word_1_234' title='bbox 1231 2959 1298 2997; x_wconf 91' lang='lat' dir='ltr'><strong>ne</strong></span> <span class='ocrx_word' id='word_1_235' title='bbox 1332 2942 1589 2997; x_wconf 79' lang='lat' dir='ltr'><strong>ferientes</strong></span> <span class='ocrx_word' id='word_1_236' title='bbox 1624 2942 1820 3010; x_wconf 81' lang='lat' dir='ltr'><strong>ipsum,</strong></span> <span class='ocrx_word' id='word_1_237' title='bbox 1845 2953 2031 2993; x_wconf 88' lang='lat' dir='ltr'><strong>ansam</strong></span> <span class='ocrx_word' id='word_1_238' title='bbox 2062 2938 2303 3006; x_wconf 66' lang='grc' dir='ltr'><strong>ιιι-τοικα-</strong></span> 
     </span>
    </p>
   </div>
   <div class='ocr_carea' id='block_1_33' title="bbox 731 3027 2300 3107">
    <p class='ocr_par' dir='ltr' id='par_1_33' title="bbox 731 3027 2300 3107">
     <span class='ocr_line' id='line_1_33' title="bbox 731 3027 2300 3107; baseline -0.01 -13"><span class='ocrx_word' id='word_1_239' title='bbox 731 3056 856 3094; x_wconf 86' lang='lat' dir='ltr'><strong>mus</strong></span> <span class='ocrx_word' id='word_1_240' title='bbox 886 3053 1053 3107; x_wconf 73' lang='lat' dir='ltr'><strong>magis</strong></span> <span class='ocrx_word' id='word_1_241' title='bbox 1104 3034 1376 3089; x_wconf 88' lang='lat' dir='ltr'><strong>invidendi</strong></span> <span class='ocrx_word' id='word_1_242' title='bbox 1423 3048 1485 3087; x_wconf 84' lang='lat' dir='ltr'><strong>ac</strong></span> <span class='ocrx_word' id='word_1_243' title='bbox 1542 3032 1594 3085; x_wconf 92' lang='lat' dir='ltr'><strong>in</strong></span> <span class='ocrx_word' id='word_1_244' title='bbox 1631 3038 1912 3101; x_wconf 86' lang='lat' dir='ltr'><strong>peccatum</strong></span> <span class='ocrx_word' id='word_1_245' title='bbox 1947 3029 2157 3081; x_wconf 90' lang='lat' dir='ltr'><strong>ruendi.</strong></span> <span class='ocrx_word' id='word_1_246' title='bbox 2194 3027 2300 3080; x_wconf 88' lang='lat' dir='ltr'><strong>Sed</strong></span> 
     </span>
    </p>
   </div>
   <div class='ocr_carea' id='block_1_34' title="bbox 725 3120 2296 3201">
    <p class='ocr_par' dir='ltr' id='par_1_34' title="bbox 725 3120 2296 3201">
     <span class='ocr_line' id='line_1_34' title="bbox 725 3120 2296 3201; baseline -0.011 -15"><span class='ocrx_word' id='word_1_247' title='bbox 725 3130 902 3201; x_wconf 82' lang='lat' dir='ltr'><strong>quoad</strong></span> <span class='ocrx_word' id='word_1_248' title='bbox 934 3130 1044 3183; x_wconf 83' lang='lat' dir='ltr'><strong>lieri</strong></span> <span class='ocrx_word' id='word_1_249' title='bbox 1077 3137 1279 3195; x_wconf 84' lang='lat' dir='ltr'><strong>potest,</strong></span> <span class='ocrx_word' id='word_1_250' title='bbox 1308 3126 1473 3179; x_wconf 85' lang='lat' dir='ltr'><strong>adniti</strong></span> <span class='ocrx_word' id='word_1_251' title='bbox 1498 3123 1779 3187; x_wconf 88' lang='lat' dir='ltr'><strong>debemus,</strong></span> <span class='ocrx_word' id='word_1_252' title='bbox 1804 3132 1861 3174; x_wconf 89' lang='lat' dir='ltr'><strong>ut</strong></span> <span class='ocrx_word' id='word_1_253' title='bbox 1882 3122 2055 3190; x_wconf 85' lang='lat' dir='ltr'><strong>ipsum</strong></span> <span class='ocrx_word' id='word_1_254' title='bbox 2078 3120 2296 3172; x_wconf 83' lang='lat' dir='ltr'><strong>lateant.</strong></span> 
     </span>
    </p>
   </div>
   <div class='ocr_carea' id='block_1_35' title="bbox 724 3210 2299 3279">
    <p class='ocr_par' dir='ltr' id='par_1_35' title="bbox 724 3210 2299 3279">
     <span class='ocr_line' id='line_1_35' title="bbox 724 3210 2299 3279; baseline -0.01 -1"><span class='ocrx_word' id='word_1_255' title='bbox 724 3224 859 3279; x_wconf 76' lang='lat' dir='ltr'><strong>Cum</strong></span> <span class='ocrx_word' id='word_1_256' title='bbox 892 3232 1071 3276; x_wconf 86' lang='lat' dir='ltr'><strong>autem</strong></span> <span class='ocrx_word' id='word_1_257' title='bbox 1112 3219 1371 3272; x_wconf 88' lang='lat' dir='ltr'><strong>Dominus</strong></span> <span class='ocrx_word' id='word_1_258' title='bbox 1398 3216 1637 3271; x_wconf 88' lang='lat' dir='ltr'><strong>diceret:</strong></span> <span class='ocrx_word' id='word_1_259' title='bbox 1681 3212 1797 3268; x_wconf 80' lang='lat' dir='ltr'><strong>Non</strong></span> <span class='ocrx_word' id='word_1_260' title='bbox 1827 3222 1910 3267; x_wconf 87' lang='lat' dir='ltr'><strong>est</strong></span> <span class='ocrx_word' id='word_1_261' title='bbox 1940 3221 2174 3274; x_wconf 88' lang='lat' dir='ltr'><strong>mortua,</strong></span> <span class='ocrx_word' id='word_1_262' title='bbox 2205 3210 2299 3263; x_wconf 84' lang='lat' dir='ltr'><strong>sed</strong></span> 
     </span>
    </p>
   </div>
   <div class='ocr_carea' id='block_1_36' title="bbox 727 3302 2302 3383">
    <p class='ocr_par' dir='ltr' id='par_1_36' title="bbox 727 3302 2302 3383">
     <span class='ocr_line' id='line_1_36' title="bbox 727 3302 2302 3383; baseline -0.01 -12"><span class='ocrx_word' id='word_1_263' title='bbox 727 3317 944 3378; x_wconf 85' lang='lat' dir='ltr'><strong>dormit,</strong></span> <span class='ocrx_word' id='word_1_264' title='bbox 978 3329 1029 3367; x_wconf 87' lang='lat' dir='ltr'><strong>et</strong></span> <span class='ocrx_word' id='word_1_265' title='bbox 1057 3312 1214 3383; x_wconf 81' lang='lat'><strong>331</strong></span> <span class='ocrx_word' id='word_1_266' title='bbox 1253 3318 1473 3365; x_wconf 87' lang='lat' dir='ltr'><strong>vocaret</strong></span> <span class='ocrx_word' id='word_1_267' title='bbox 1500 3320 1729 3362; x_wconf 86' lang='lat' dir='ltr'><strong>mortem</strong></span> <span class='ocrx_word' id='word_1_268' title='bbox 1764 3319 2036 3367; x_wconf 86' lang='lat' dir='ltr'><strong>somnum,</strong></span> <span class='ocrx_word' id='word_1_269' title='bbox 2064 3317 2130 3356; x_wconf 89' lang='lat' dir='ltr'><strong>eo</strong></span> <span class='ocrx_word' id='word_1_270' title='bbox 2162 3302 2302 3369; x_wconf 78' lang='lat' dir='ltr'><strong>quod</strong></span> 
     </span>
    </p>
   </div>
   <div class='ocr_carea' id='block_1_37' title="bbox 726 3394 2302 3473">
    <p class='ocr_par' dir='ltr' id='par_1_37' title="bbox 726 3394 2302 3473">
     <span class='ocr_line' id='line_1_37' title="bbox 726 3394 2302 3473; baseline -0.011 -11"><span class='ocrx_word' id='word_1_271' title='bbox 726 3419 995 3463; x_wconf 86' lang='lat' dir='ltr'><strong>mortuam</strong></span> <span class='ocrx_word' id='word_1_272' title='bbox 1020 3406 1172 3473; x_wconf 86' lang='lat' dir='ltr'><strong>quasi</strong></span> <span class='ocrx_word' id='word_1_273' title='bbox 1204 3418 1269 3455; x_wconf 78' lang='lat' dir='ltr'><strong>ex</strong></span> <span class='ocrx_word' id='word_1_274' title='bbox 1311 3414 1502 3454; x_wconf 88' lang='lat' dir='ltr'><strong>somno</strong></span> <span class='ocrx_word' id='word_1_275' title='bbox 1557 3398 1917 3451; x_wconf 85' lang='lat' dir='ltr'><strong>suscitaturus</strong></span> <span class='ocrx_word' id='word_1_276' title='bbox 1940 3403 2121 3450; x_wconf 84' lang='lat' dir='ltr'><strong>esset:</strong></span> <span class='ocrx_word' id='word_1_277' title='bbox 2157 3394 2302 3447; x_wconf 86' lang='lat' dir='ltr'><strong>deri-</strong></span> 
     </span>
    </p>
   </div>
   <div class='ocr_carea' id='block_1_38' title="bbox 726 3484 2304 3561">
    <p class='ocr_par' dir='ltr' id='par_1_38' title="bbox 726 3484 2304 3561">
     <span class='ocr_line' id='line_1_38' title="bbox 726 3484 2304 3561; baseline -0.01 -9"><span class='ocrx_word' id='word_1_278' title='bbox 726 3506 915 3553; x_wconf 87' lang='lat' dir='ltr'><strong>serunt</strong></span> <span class='ocrx_word' id='word_1_279' title='bbox 954 3510 1075 3561; x_wconf 81' lang='lat' dir='ltr'><strong>eum</strong></span> <span class='ocrx_word' id='word_1_280' title='bbox 1109 3491 1411 3553; x_wconf 80' lang='lat' dir='ltr'><strong>audientes,</strong></span> <span class='ocrx_word' id='word_1_281' title='bbox 1445 3498 1501 3542; x_wconf 94' lang='lat' dir='ltr'><strong>ut</strong></span> <span class='ocrx_word' id='word_1_282' title='bbox 1533 3489 1727 3541; x_wconf 84' lang='lat' dir='ltr'><strong>iterum</strong></span> <span class='ocrx_word' id='word_1_283' title='bbox 1762 3485 1965 3555; x_wconf 90' lang='lat' dir='ltr'><strong>aliquid</strong></span> <span class='ocrx_word' id='word_1_284' title='bbox 2020 3484 2304 3537; x_wconf 86' lang='lat' dir='ltr'><strong>accederet</strong></span> 
     </span>
    </p>
   </div>
   <div class='ocr_carea' id='block_1_39' title="bbox 726 3577 2299 3649">
    <p class='ocr_par' dir='ltr' id='par_1_39' title="bbox 726 3577 2299 3649">
     <span class='ocr_line' id='line_1_39' title="bbox 726 3577 2299 3649; baseline -0.01 -8"><span class='ocrx_word' id='word_1_285' title='bbox 726 3586 1007 3641; x_wconf 87' lang='lat' dir='ltr'><strong>miraculo.</strong></span> <span class='ocrx_word' id='word_1_286' title='bbox 1046 3584 1112 3639; x_wconf 88' lang='lat' dir='ltr'><strong>Ut</strong></span> <span class='ocrx_word' id='word_1_287' title='bbox 1143 3586 1285 3637; x_wconf 89' lang='lat' dir='ltr'><strong>enim</strong></span> <span class='ocrx_word' id='word_1_288' title='bbox 1322 3592 1505 3649; x_wconf 80' lang='lat' dir='ltr'><strong>postea</strong></span> <span class='ocrx_word' id='word_1_289' title='bbox 1534 3580 1716 3633; x_wconf 89' lang='lat' dir='ltr'><strong>dicere</strong></span> <span class='ocrx_word' id='word_1_290' title='bbox 1747 3592 1854 3632; x_wconf 89' lang='lat' dir='ltr'><strong>non</strong></span> <span class='ocrx_word' id='word_1_291' title='bbox 1886 3587 2108 3646; x_wconf 88' lang='lat' dir='ltr'><strong>possent</strong></span> <span class='ocrx_word' id='word_1_292' title='bbox 2157 3577 2299 3645; x_wconf 89' lang='lat' dir='ltr'><strong>quod</strong></span> 
     </span>
    </p>
   </div>
   <div class='ocr_carea' id='block_1_40' title="bbox 728 3669 2301 3741">
    <p class='ocr_par' dir='ltr' id='par_1_40' title="bbox 728 3669 2301 3741">
     <span class='ocr_line' id='line_1_40' title="bbox 728 3669 2301 3741; baseline -0.01 -4"><span class='ocrx_word' id='word_1_293' title='bbox 728 3696 834 3737; x_wconf 90' lang='lat' dir='ltr'><strong>non</strong></span> <span class='ocrx_word' id='word_1_294' title='bbox 857 3680 928 3735; x_wconf 91' lang='lat' dir='ltr'><strong>sit</strong></span> <span class='ocrx_word' id='word_1_295' title='bbox 961 3690 1192 3741; x_wconf 85' lang='lat' dir='ltr'><strong>mortua,</strong></span> <span class='ocrx_word' id='word_1_296' title='bbox 1225 3678 1319 3730; x_wconf 87' lang='lat' dir='ltr'><strong>sed</strong></span> <span class='ocrx_word' id='word_1_297' title='bbox 1361 3673 1639 3728; x_wconf 85' lang='lat' dir='ltr'><strong>dormierit</strong></span> <span class='ocrx_word' id='word_1_298' title='bbox 1676 3690 1688 3725; x_wconf 93' lang='lat'><strong>:</strong></span> <span class='ocrx_word' id='word_1_299' title='bbox 1726 3679 1945 3741; x_wconf 86' lang='lat' dir='ltr'><strong>propter</strong></span> <span class='ocrx_word' id='word_1_300' title='bbox 1974 3670 2077 3724; x_wconf 87' lang='lat' dir='ltr'><strong>hoc</strong></span> <span class='ocrx_word' id='word_1_301' title='bbox 2110 3669 2301 3737; x_wconf 86' lang='lat' dir='ltr'><strong>permi-</strong></span> 
     </span>
    </p>
   </div>
   <div class='ocr_carea' id='block_1_41' title="bbox 728 3760 2302 3841">
    <p class='ocr_par' dir='ltr' id='par_1_41' title="bbox 728 3760 2302 3841">
     <span class='ocr_line' id='line_1_41' title="bbox 728 3760 2302 3841; baseline -0.01 -12"><span class='ocrx_word' id='word_1_302' title='bbox 728 3776 796 3829; x_wconf 89' lang='lat' dir='ltr'><strong>sit</strong></span> <span class='ocrx_word' id='word_1_303' title='bbox 823 3782 878 3826; x_wconf 92' lang='lat' dir='ltr'><strong>ut</strong></span> <span class='ocrx_word' id='word_1_304' title='bbox 915 3771 1062 3841; x_wconf 87' lang='lat' dir='ltr'><strong>prius</strong></span> <span class='ocrx_word' id='word_1_305' title='bbox 1092 3770 1425 3823; x_wconf 83' lang='lat' dir='ltr'><strong>derideretur</strong></span> <span class='ocrx_word' id='word_1_306' title='bbox 1456 3766 1508 3818; x_wconf 89' lang='lat' dir='ltr'><strong>in</strong></span> <span class='ocrx_word' id='word_1_307' title='bbox 1537 3780 1600 3819; x_wconf 88' lang='lat' dir='ltr'><strong>eo</strong></span> <span class='ocrx_word' id='word_1_308' title='bbox 1630 3766 1772 3833; x_wconf 90' lang='lat' dir='ltr'><strong>quod</strong></span> <span class='ocrx_word' id='word_1_309' title='bbox 1798 3764 2027 3827; x_wconf 81' lang='lat' dir='ltr'><strong>diceret,</strong></span> <span class='ocrx_word' id='word_1_310' title='bbox 2072 3760 2189 3815; x_wconf 83' lang='lat' dir='ltr'><strong>Non</strong></span> <span class='ocrx_word' id='word_1_311' title='bbox 2218 3772 2302 3815; x_wconf 89' lang='lat' dir='ltr'><strong>est</strong></span> 
     </span>
    </p>
   </div>
   <div class='ocr_carea' id='block_1_42' title="bbox 729 3853 2301 3929">
    <p class='ocr_par' dir='ltr' id='par_1_42' title="bbox 729 3853 2301 3929">
     <span class='ocr_line' id='line_1_42' title="bbox 729 3853 2301 3929; baseline -0.009 -9"><span class='ocrx_word' id='word_1_312' title='bbox 729 3875 966 3929; x_wconf 86' lang='lat' dir='ltr'><strong>mortua,</strong></span> <span class='ocrx_word' id='word_1_313' title='bbox 1001 3861 1094 3917; x_wconf 83' lang='lat' dir='ltr'><strong>sed</strong></span> <span class='ocrx_word' id='word_1_314' title='bbox 1141 3858 1379 3915; x_wconf 74' lang='lat' dir='ltr'><strong>dormit&#39;:</strong></span> <span class='ocrx_word' id='word_1_315' title='bbox 1430 3868 1489 3911; x_wconf 87' lang='lat' dir='ltr'><strong>ut</strong></span> <span class='ocrx_word' id='word_1_316' title='bbox 1541 3860 1932 3911; x_wconf 83' lang='lat' dir='ltr'><strong>obturarentur</strong></span> <span class='ocrx_word' id='word_1_317' title='bbox 1975 3868 2069 3909; x_wconf 83' lang='lat' dir='ltr'><strong>ora</strong></span> <span class='ocrx_word' id='word_1_318' title='bbox 2114 3853 2301 3907; x_wconf 84' lang='lat' dir='ltr'><strong>volen-</strong></span> 
     </span>
    </p>
   </div>
   <div class='ocr_carea' id='block_1_43' title="bbox 730 3948 2293 4019">
    <p class='ocr_par' dir='ltr' id='par_1_43' title="bbox 730 3948 2293 4019">
     <span class='ocr_line' id='line_1_43' title="bbox 730 3948 2293 4019; baseline -0.008 -8"><span class='ocrx_word' id='word_1_319' title='bbox 730 3959 862 4013; x_wconf 88' lang='lat' dir='ltr'><strong>tium</strong></span> <span class='ocrx_word' id='word_1_320' title='bbox 887 3953 1229 4011; x_wconf 86' lang='lat' dir='ltr'><strong>calumniari.</strong></span> <span class='ocrx_word' id='word_1_321' title='bbox 1258 3949 1437 4019; x_wconf 85' lang='lat' dir='ltr'><strong>Usque</strong></span> <span class='ocrx_word' id='word_1_322' title='bbox 1468 3950 1603 4003; x_wconf 83' lang='lat' dir='ltr'><strong>adeo</strong></span> <span class='ocrx_word' id='word_1_323' title='bbox 1630 3948 1774 4003; x_wconf 86' lang='lat' dir='ltr'><strong>enim</strong></span> <span class='ocrx_word' id='word_1_324' title='bbox 1801 3956 1947 4002; x_wconf 87' lang='lat' dir='ltr'><strong>certa</strong></span> <span class='ocrx_word' id='word_1_325' title='bbox 1972 3954 2090 4002; x_wconf 86' lang='lat' dir='ltr'><strong>erat</strong></span> <span class='ocrx_word' id='word_1_326' title='bbox 2122 3961 2293 4007; x_wconf 86' lang='lat' dir='ltr'><strong>n:ors,</strong></span> 
     </span>
    </p>
   </div>
   <div class='ocr_carea' id='block_1_44' title="bbox 729 4037 2301 4107">
    <p class='ocr_par' dir='ltr' id='par_1_44' title="bbox 729 4037 2301 4107">
     <span class='ocr_line' id='line_1_44' title="bbox 729 4037 2301 4107; baseline -0.01 -1"><span class='ocrx_word' id='word_1_327' title='bbox 729 4063 786 4105; x_wconf 90' lang='lat' dir='ltr'><strong>ut</strong></span> <span class='ocrx_word' id='word_1_328' title='bbox 840 4047 1153 4105; x_wconf 83' lang='lat' dir='ltr'><strong>deriderent</strong></span> <span class='ocrx_word' id='word_1_329' title='bbox 1198 4046 1507 4100; x_wconf 87' lang='lat' dir='ltr'><strong>dicentem:</strong></span> <span class='ocrx_word' id='word_1_330' title='bbox 1549 4040 1669 4096; x_wconf 83' lang='lat' dir='ltr'><strong>Non</strong></span> <span class='ocrx_word' id='word_1_331' title='bbox 1710 4050 1792 4096; x_wconf 89' lang='lat' dir='ltr'><strong>est</strong></span> <span class='ocrx_word' id='word_1_332' title='bbox 1838 4049 2072 4093; x_wconf 87' lang='lat' dir='ltr'><strong>mortua.</strong></span> <span class='ocrx_word' id='word_1_333' title='bbox 2128 4037 2301 4107; x_wconf 84' lang='lat' dir='ltr'><strong>Ejecit</strong></span> 
     </span>
    </p>
   </div>
   <div class='ocr_carea' id='block_1_45' title="bbox 727 4132 2300 4203">
    <p class='ocr_par' dir='ltr' id='par_1_45' title="bbox 727 4132 2300 4203">
     <span class='ocr_line' id='line_1_45' title="bbox 727 4132 2300 4203; baseline -0.008 -6"><span class='ocrx_word' id='word_1_334' title='bbox 727 4154 903 4197; x_wconf 87' lang='lat' dir='ltr'><strong>autem</strong></span> <span class='ocrx_word' id='word_1_335' title='bbox 927 4141 1073 4195; x_wconf 76' lang='lat' dir='ltr'><strong>[oras</strong></span> <span class='ocrx_word' id='word_1_336' title='bbox 1090 4154 1301 4203; x_wconf 86' lang='lat' dir='ltr'><strong>omnes,</strong></span> <span class='ocrx_word' id='word_1_337' title='bbox 1322 4136 1547 4191; x_wconf 81' lang='lat' dir='ltr'><strong>fortasse</strong></span> <span class='ocrx_word' id='word_1_338' title='bbox 1563 4136 1762 4189; x_wconf 89' lang='lat' dir='ltr'><strong>docens</strong></span> <span class='ocrx_word' id='word_1_339' title='bbox 1785 4147 1883 4188; x_wconf 88' lang='lat' dir='ltr'><strong>nos</strong></span> <span class='ocrx_word' id='word_1_340' title='bbox 1910 4146 2098 4187; x_wconf 89' lang='lat' dir='ltr'><strong>carere</strong></span> <span class='ocrx_word' id='word_1_341' title='bbox 2126 4132 2300 4185; x_wconf 83' lang='lat' dir='ltr'><strong>inanis</strong></span> 
     </span>
    </p>
   </div>
   <div class='ocr_carea' id='block_1_46' title="bbox 644 4225 2294 4306">
    <p class='ocr_par' dir='ltr' id='par_1_46' title="bbox 644 4225 2294 4306">
     <span class='ocr_line' id='line_1_46' title="bbox 644 4225 2294 4306; baseline -0.007 -18"><span class='ocrx_word' id='word_1_342' title='bbox 644 4276 645 4279; x_wconf 57' lang='grc' dir='ltr'><strong>η</strong></span> <span class='ocrx_word' id='word_1_343' title='bbox 725 4236 908 4306; x_wconf 69' lang='lat' dir='ltr'><strong>gloriae</strong></span> <span class='ocrx_word' id='word_1_344' title='bbox 937 4234 1138 4293; x_wconf 84' lang='lat' dir='ltr'><strong>studio,</strong></span> <span class='ocrx_word' id='word_1_345' title='bbox 1182 4239 1235 4283; x_wconf 89' lang='lat' dir='ltr'><strong>et</strong></span> <span class='ocrx_word' id='word_1_346' title='bbox 1289 4228 1425 4281; x_wconf 80' lang='lat' dir='ltr'><strong>nihil</strong></span> <span class='ocrx_word' id='word_1_347' title='bbox 1477 4228 1543 4281; x_wconf 90' lang='lat' dir='ltr'><strong>ad</strong></span> <span class='ocrx_word' id='word_1_348' title='bbox 1588 4227 2010 4280; x_wconf 86' lang='lat' dir='ltr'><strong>ostentationem</strong></span> <span class='ocrx_word' id='word_1_349' title='bbox 2070 4225 2294 4277; x_wconf 80' lang='lat' dir='ltr'><strong>facere:</strong></span> 
     </span>
    </p>
   </div>
   <div class='ocr_carea' id='block_1_47' title="bbox 726 4314 2297 4387">
    <p class='ocr_par' dir='ltr' id='par_1_47' title="bbox 726 4314 2297 4387">
     <span class='ocr_line' id='line_1_47' title="bbox 726 4314 2297 4387; baseline -0.008 -6"><span class='ocrx_word' id='word_1_350' title='bbox 726 4329 959 4381; x_wconf 76' lang='lat' dir='ltr'><strong>fortasse</strong></span> <span class='ocrx_word' id='word_1_351' title='bbox 989 4334 1168 4377; x_wconf 86' lang='lat' dir='ltr'><strong>autem</strong></span> <span class='ocrx_word' id='word_1_352' title='bbox 1203 4331 1256 4375; x_wconf 89' lang='lat' dir='ltr'><strong>et</strong></span> <span class='ocrx_word' id='word_1_353' title='bbox 1289 4320 1486 4374; x_wconf 71' lang='lat' dir='ltr'><strong>docens</strong></span> <span class='ocrx_word' id='word_1_354' title='bbox 1520 4319 1684 4387; x_wconf 89' lang='lat' dir='ltr'><strong>quod,</strong></span> <span class='ocrx_word' id='word_1_355' title='bbox 1718 4317 1936 4385; x_wconf 80' lang='lat' dir='ltr'><strong>quando</strong></span> <span class='ocrx_word' id='word_1_356' title='bbox 1971 4316 2091 4386; x_wconf 86' lang='lat' dir='ltr'><strong>quis</strong></span> <span class='ocrx_word' id='word_1_357' title='bbox 2122 4314 2297 4369; x_wconf 78' lang='lat' dir='ltr'><strong>factu-</strong></span> 
     </span>
    </p>
   </div>
   <div class='ocr_carea' id='block_1_48' title="bbox 724 4410 2291 4482">
    <p class='ocr_par' dir='ltr' id='par_1_48' title="bbox 724 4410 2291 4482">
     <span class='ocr_line' id='line_1_48' title="bbox 724 4410 2291 4482; baseline -0.009 -9"><span class='ocrx_word' id='word_1_358' title='bbox 724 4433 815 4473; x_wconf 88' lang='lat' dir='ltr'><strong>rus</strong></span> <span class='ocrx_word' id='word_1_359' title='bbox 861 4427 946 4472; x_wconf 85' lang='lat' dir='ltr'><strong>est</strong></span> <span class='ocrx_word' id='word_1_360' title='bbox 994 4413 1277 4476; x_wconf 82' lang='lat' dir='ltr'><strong>miracula,</strong></span> <span class='ocrx_word' id='word_1_361' title='bbox 1332 4413 1446 4482; x_wconf 84' lang='lat' dir='ltr'><strong>ipse</strong></span> <span class='ocrx_word' id='word_1_362' title='bbox 1494 4426 1600 4464; x_wconf 91' lang='lat' dir='ltr'><strong>non</strong></span> <span class='ocrx_word' id='word_1_363' title='bbox 1649 4411 1701 4463; x_wconf 93' lang='lat' dir='ltr'><strong>in</strong></span> <span class='ocrx_word' id='word_1_364' title='bbox 1752 4410 1927 4463; x_wconf 87' lang='lat' dir='ltr'><strong>medio</strong></span> <span class='ocrx_word' id='word_1_365' title='bbox 1978 4412 2291 4473; x_wconf 88' lang='lat' dir='ltr'><strong>ruultorum,</strong></span> 
     </span>
    </p>
   </div>
   <div class='ocr_carea' id='block_1_49' title="bbox 2412 558 3985 631">
    <p class='ocr_par' dir='ltr' id='par_1_49' title="bbox 2412 558 3985 631">
     <span class='ocr_line' id='line_1_49' title="bbox 2412 558 3985 631; baseline 0.001 -18"><span class='ocrx_word' id='word_1_366' title='bbox 2412 562 2465 615; x_wconf 81' lang='grc' dir='ltr'><strong>δὲ</strong></span> <span class='ocrx_word' id='word_1_367' title='bbox 2498 558 2616 615; x_wconf 78' lang='grc' dir='ltr'><strong>εἷπε</strong></span> <span class='ocrx_word' id='word_1_368' title='bbox 2645 580 2655 591; x_wconf 93' lang='grc'>·</span> <span class='ocrx_word' id='word_1_369' title='bbox 2697 564 2787 631; x_wconf 78' lang='grc' dir='ltr'><strong>Μὴ</strong></span> <span class='ocrx_word' id='word_1_370' title='bbox 2818 562 3052 623; x_wconf 78' lang='grc' dir='ltr'><strong>κλαίετε,</strong></span> <span class='ocrx_word' id='word_1_371' title='bbox 3090 562 3189 612; x_wconf 80' lang='grc' dir='ltr'><strong>οὐκ</strong></span> <span class='ocrx_word' id='word_1_372' title='bbox 3218 560 3506 623; x_wconf 75' lang='grc' dir='ltr'><strong>ἀπέθανεν,</strong></span> <span class='ocrx_word' id='word_1_373' title='bbox 3547 560 3684 613; x_wconf 83' lang='grc' dir='ltr'><strong>ἀλλά</strong></span> <span class='ocrx_word' id='word_1_374' title='bbox 3712 560 3985 615; x_wconf 71' lang='grc' dir='ltr'><strong>καθεύδει.</strong></span> 
     </span>
    </p>
   </div>
   <div class='ocr_carea' id='block_1_50' title="bbox 2413 647 3991 719">
    <p class='ocr_par' dir='ltr' id='par_1_50' title="bbox 2413 647 3991 719">
     <span class='ocr_line' id='line_1_50' title="bbox 2413 647 3991 719; baseline -0.003 -14"><span class='ocrx_word' id='word_1_375' title='bbox 2413 654 2521 705; x_wconf 68' lang='grc' dir='ltr'><strong>Καὶ</strong></span> <span class='ocrx_word' id='word_1_376' title='bbox 2552 651 2861 719; x_wconf 72' lang='grc' dir='ltr'><strong>κατεγέλων</strong></span> <span class='ocrx_word' id='word_1_377' title='bbox 2900 647 3086 714; x_wconf 76' lang='grc' dir='ltr'><strong>αὑτοῦ,</strong></span> <span class='ocrx_word' id='word_1_378' title='bbox 3122 650 3324 712; x_wconf 87' lang='grc' dir='ltr'><strong>εἰδότες</strong></span> <span class='ocrx_word' id='word_1_379' title='bbox 3352 650 3434 702; x_wconf 84' lang='grc' dir='ltr'><strong>ὅτι</strong></span> <span class='ocrx_word' id='word_1_380' title='bbox 3481 649 3776 704; x_wconf 67' lang='grc' dir='ltr'><strong>ἀπέθανεν.</strong></span> <span class='ocrx_word' id='word_1_381' title='bbox 3816 652 3991 711; x_wconf 62' lang='grc' dir='ltr'><strong>Αὐτός</strong></span> 
     </span>
    </p>
   </div>
   <div class='ocr_carea' id='block_1_51' title="bbox 2409 742 3989 811">
    <p class='ocr_par' dir='ltr' id='par_1_51' title="bbox 2409 742 3989 811">
     <span class='ocr_line' id='line_1_51' title="bbox 2409 742 3989 811; baseline -0.003 -14"><span class='ocrx_word' id='word_1_382' title='bbox 2409 744 2463 797; x_wconf 70' lang='grc' dir='ltr'><strong>δὶ</strong></span> <span class='ocrx_word' id='word_1_383' title='bbox 2514 744 2758 797; x_wconf 71' lang='grc' dir='ltr'><strong>ἑκδαλὼν</strong></span> <span class='ocrx_word' id='word_1_384' title='bbox 2792 744 2895 807; x_wconf 79' lang='grc' dir='ltr'><strong>ἔξω</strong></span> <span class='ocrx_word' id='word_1_385' title='bbox 2932 745 3137 805; x_wconf 79' lang='grc' dir='ltr'><strong>πάντας</strong></span> <span class='ocrx_word' id='word_1_386' title='bbox 3188 744 3284 795; x_wconf 58' lang='grc' dir='ltr'><strong>καὶ⁸</strong></span> <span class='ocrx_word' id='word_1_387' title='bbox 3322 742 3603 811; x_wconf 84' lang='grc' dir='ltr'><strong>κρατήσας</strong></span> <span class='ocrx_word' id='word_1_388' title='bbox 3654 742 3755 809; x_wconf 77' lang='grc' dir='ltr'><strong>τῆς</strong></span> <span class='ocrx_word' id='word_1_389' title='bbox 3806 742 3989 810; x_wconf 61' lang='grc' dir='ltr'><strong>χειρὸς</strong></span> 
     </span>
    </p>
   </div>
   <div class='ocr_carea' id='block_1_52' title="bbox 2412 834 3988 905">
    <p class='ocr_par' dir='ltr' id='par_1_52' title="bbox 2412 834 3988 905">
     <span class='ocr_line' id='line_1_52' title="bbox 2412 834 3988 905; baseline -0.003 -17"><span class='ocrx_word' id='word_1_390' title='bbox 2412 838 2599 905; x_wconf 79' lang='grc' dir='ltr'><strong>αὐτῆς,</strong></span> <span class='ocrx_word' id='word_1_391' title='bbox 2631 837 2877 904; x_wconf 68' lang='grc' dir='ltr'><strong>ἐφώνησε</strong></span> <span class='ocrx_word' id='word_1_392' title='bbox 2912 836 3084 903; x_wconf 81' lang='grc' dir='ltr'><strong>λέγων</strong></span> <span class='ocrx_word' id='word_1_393' title='bbox 3116 850 3128 864; x_wconf 92' lang='grc'><strong>·</strong></span> <span class='ocrx_word' id='word_1_394' title='bbox 3165 835 3229 887; x_wconf 80' lang='lat' dir='ltr'><strong>&#39;ll</strong></span> <span class='ocrx_word' id='word_1_395' title='bbox 3259 836 3410 898; x_wconf 87' lang='grc' dir='ltr'><strong>παῖς,</strong></span> <span class='ocrx_word' id='word_1_396' title='bbox 3462 834 3698 905; x_wconf 70' lang='grc' dir='ltr'><strong>ιγείρου.</strong></span> <span class='ocrx_word' id='word_1_397' title='bbox 3734 834 3844 886; x_wconf 80' lang='grc' dir='ltr'><strong>Καὶ</strong></span> <span class='ocrx_word' id='word_1_398' title='bbox 3888 835 3988 885; x_wconf 71' lang='grc' dir='ltr'><strong>ἐπι</strong></span> 
     </span>
    </p>
   </div>
   <div class='ocr_carea' id='block_1_53' title="bbox 2410 926 3990 999">
    <p class='ocr_par' dir='ltr' id='par_1_53' title="bbox 2410 926 3990 999">
     <span class='ocr_line' id='line_1_53' title="bbox 2410 926 3990 999; baseline -0.003 -19"><span class='ocrx_word' id='word_1_399' title='bbox 2410 928 2641 999; x_wconf 65' lang='grc' dir='ltr'><strong>έστρεψε</strong></span> <span class='ocrx_word' id='word_1_400' title='bbox 2690 930 2751 981; x_wconf 71' lang='grc' dir='ltr'><strong>τὸ</strong></span> <span class='ocrx_word' id='word_1_401' title='bbox 2783 928 3000 994; x_wconf 81' lang='grc' dir='ltr'><strong>πνεῦμα</strong></span> <span class='ocrx_word' id='word_1_402' title='bbox 3032 928 3224 998; x_wconf 77' lang='grc' dir='ltr'><strong>αὐτῆς,</strong></span> <span class='ocrx_word' id='word_1_403' title='bbox 3256 928 3349 978; x_wconf 76' lang='grc' dir='ltr'><strong>καὶ</strong></span> <span class='ocrx_word' id='word_1_404' title='bbox 3372 926 3571 997; x_wconf 79' lang='grc' dir='ltr'><strong>ἀνέστη</strong></span> <span class='ocrx_word' id='word_1_405' title='bbox 3624 926 3990 996; x_wconf 75' lang='grc' dir='ltr'><strong>παραχρῆμα,</strong></span> 
     </span>
    </p>
   </div>
   <div class='ocr_carea' id='block_1_54' title="bbox 2408 1019 3990 1093">
    <p class='ocr_par' dir='ltr' id='par_1_54' title="bbox 2408 1019 3990 1093">
     <span class='ocr_line' id='line_1_54' title="bbox 2408 1019 3990 1093; baseline -0.004 -18"><span class='ocrx_word' id='word_1_406' title='bbox 2408 1036 2503 1076; x_wconf 87' lang='grc' dir='ltr'><strong>και</strong></span> <span class='ocrx_word' id='word_1_407' title='bbox 2528 1022 2769 1086; x_wconf 73' lang='grc' dir='ltr'><strong>διέταξεν</strong></span> <span class='ocrx_word' id='word_1_408' title='bbox 2799 1024 2935 1093; x_wconf 76' lang='grc' dir='ltr'><strong>αὐτῇ</strong></span> <span class='ocrx_word' id='word_1_409' title='bbox 2960 1021 3179 1091; x_wconf 78' lang='grc' dir='ltr'><strong>δοθῆναι</strong></span> <span class='ocrx_word' id='word_1_410' title='bbox 3206 1023 3425 1089; x_wconf 75' lang='grc' dir='ltr'><strong>φαγεῖν.</strong></span> <span class='ocrx_word' id='word_1_411' title='bbox 3458 1020 3566 1073; x_wconf 79' lang='grc' dir='ltr'><strong>Καὶ</strong></span> <span class='ocrx_word' id='word_1_412' title='bbox 3600 1019 3905 1088; x_wconf 71' lang='grc' dir='ltr'><strong>ἐξέστησαν</strong></span> <span class='ocrx_word' id='word_1_413' title='bbox 3936 1020 3990 1069; x_wconf 80' lang='grc' dir='ltr'><strong>οἱ</strong></span> 
     </span>
    </p>
   </div>
   <div class='ocr_carea' id='block_1_55' title="bbox 2407 1111 3993 1183">
    <p class='ocr_par' dir='ltr' id='par_1_55' title="bbox 2407 1111 3993 1183">
     <span class='ocr_line' id='line_1_55' title="bbox 2407 1111 3993 1183; baseline -0.003 -16"><span class='ocrx_word' id='word_1_414' title='bbox 2407 1118 2584 1181; x_wconf 78' lang='grc' dir='ltr'><strong>γονεῖς</strong></span> <span class='ocrx_word' id='word_1_415' title='bbox 2616 1115 2807 1183; x_wconf 78' lang='grc' dir='ltr'><strong>αὐτῆς.</strong></span> <span class='ocrx_word' id='word_1_416' title='bbox 2866 1114 2927 1166; x_wconf 85' lang='grc' dir='ltr'>Ὀ</span> <span class='ocrx_word' id='word_1_417' title='bbox 2957 1114 3013 1166; x_wconf 67' lang='grc' dir='ltr'><strong>δὲ</strong></span> <span class='ocrx_word' id='word_1_418' title='bbox 3049 1112 3424 1183; x_wconf 68' lang='grc' dir='ltr'><strong>παρήγγειλεν</strong></span> <span class='ocrx_word' id='word_1_419' title='bbox 3455 1113 3645 1174; x_wconf 69' lang='grc' dir='ltr'><strong>αὺιοῖς</strong></span> <span class='ocrx_word' id='word_1_420' title='bbox 3676 1111 3867 1181; x_wconf 67' lang='grc' dir='ltr'><strong>μηδενὶ</strong></span> <span class='ocrx_word' id='word_1_421' title='bbox 3908 1112 3993 1163; x_wconf 80' lang='grc' dir='ltr'><strong>εξ-</strong></span> 
     </span>
    </p>
   </div>
   <div class='ocr_carea' id='block_1_56' title="bbox 2407 1196 3991 1271">
    <p class='ocr_par' dir='ltr' id='par_1_56' title="bbox 2407 1196 3991 1271">
     <span class='ocr_line' id='line_1_56' title="bbox 2407 1196 3991 1271; baseline -0.003 -16"><span class='ocrx_word' id='word_1_422' title='bbox 2407 1204 2528 1255; x_wconf 87' lang='grc' dir='ltr'><strong>πεῖν</strong></span> <span class='ocrx_word' id='word_1_423' title='bbox 2560 1202 2624 1255; x_wconf 82' lang='grc' dir='ltr'><strong>τὸ</strong></span> <span class='ocrx_word' id='word_1_424' title='bbox 2654 1202 2895 1271; x_wconf 84' lang='grc' dir='ltr'><strong>γεγονός.</strong></span> <span class='ocrx_word' id='word_1_425' title='bbox 2945 1221 2963 1253; x_wconf 73' lang='grc' dir='ltr'><strong>ι</strong></span> <span class='ocrx_word' id='word_1_426' title='bbox 3020 1201 3085 1254; x_wconf 87' lang='lat'><strong>&#39;0</strong></span> <span class='ocrx_word' id='word_1_427' title='bbox 3115 1200 3323 1271; x_wconf 78' lang='grc' dir='ltr'><strong>Ἰησοῦς</strong></span> <span class='ocrx_word' id='word_1_428' title='bbox 3356 1200 3615 1263; x_wconf 83' lang='grc' dir='ltr'><strong>ἀκούσας,</strong></span> <span class='ocrx_word' id='word_1_429' title='bbox 3647 1199 3721 1261; x_wconf 84' lang='grc' dir='ltr'><strong>ὡς</strong></span> <span class='ocrx_word' id='word_1_430' title='bbox 3753 1196 3874 1252; x_wconf 79' lang='grc' dir='ltr'><strong>εἷπέ</strong></span> <span class='ocrx_word' id='word_1_431' title='bbox 3909 1216 3991 1261; x_wconf 85' lang='grc' dir='ltr'><strong>τις</strong></span> 
     </span>
    </p>
   </div>
   <div class='ocr_carea' id='block_1_57' title="bbox 2406 1291 3994 1366">
    <p class='ocr_par' dir='ltr' id='par_1_57' title="bbox 2406 1291 3994 1366">
     <span class='ocr_line' id='line_1_57' title="bbox 2406 1291 3994 1366; baseline -0.003 -19"><span class='ocrx_word' id='word_1_432' title='bbox 2406 1296 2542 1365; x_wconf 73' lang='grc' dir='ltr'><strong>πρὸς</strong></span> <span class='ocrx_word' id='word_1_433' title='bbox 2593 1296 2683 1347; x_wconf 75' lang='grc' dir='ltr'><strong>τὸν</strong></span> <span class='ocrx_word' id='word_1_434' title='bbox 2711 1296 3161 1366; x_wconf 78' lang='grc' dir='ltr'><strong>ἀρχισυνάγωγον</strong></span> <span class='ocrx_word' id='word_1_435' title='bbox 3191 1309 3201 1322; x_wconf 94' lang='grc'><strong>·</strong></span> <span class='ocrx_word' id='word_1_436' title='bbox 3242 1293 3334 1361; x_wconf 81' lang='grc' dir='ltr'><strong>Μὴ</strong></span> <span class='ocrx_word' id='word_1_437' title='bbox 3364 1292 3555 1345; x_wconf 80' lang='grc' dir='ltr'><strong>σκύλλε</strong></span> <span class='ocrx_word' id='word_1_438' title='bbox 3605 1292 3695 1344; x_wconf 69' lang='grc' dir='ltr'><strong>τὸν</strong></span> <span class='ocrx_word' id='word_1_439' title='bbox 3727 1291 3994 1345; x_wconf 73' lang='grc' dir='ltr'><strong>διδάσκα-</strong></span> 
     </span>
    </p>
   </div>
   <div class='ocr_carea' id='block_1_58' title="bbox 2405 1385 3990 1458">
    <p class='ocr_par' dir='ltr' id='par_1_58' title="bbox 2405 1385 3990 1458">
     <span class='ocr_line' id='line_1_58' title="bbox 2405 1385 3990 1458; baseline -0.003 -20"><span class='ocrx_word' id='word_1_440' title='bbox 2405 1388 2514 1451; x_wconf 90' lang='grc' dir='ltr'><strong>λον,</strong></span> <span class='ocrx_word' id='word_1_441' title='bbox 2548 1388 2818 1453; x_wconf 76' lang='grc' dir='ltr'><strong>τουτέστι,</strong></span> <span class='ocrx_word' id='word_1_442' title='bbox 2846 1387 2939 1458; x_wconf 77' lang='grc' dir='ltr'><strong>Μὴ</strong></span> <span class='ocrx_word' id='word_1_443' title='bbox 2967 1390 3046 1451; x_wconf 77' lang='grc' dir='ltr'><strong>εἰς</strong></span> <span class='ocrx_word' id='word_1_444' title='bbox 3073 1389 3275 1449; x_wconf 82' lang='grc' dir='ltr'><strong>κόπους</strong></span> <span class='ocrx_word' id='word_1_445' title='bbox 3306 1386 3530 1456; x_wconf 74' lang='grc' dir='ltr'><strong>ἔμϐαλε,</strong></span> <span class='ocrx_word' id='word_1_446' title='bbox 3569 1386 3643 1454; x_wconf 83' lang='grc' dir='ltr'><strong>μὴ</strong></span> <span class='ocrx_word' id='word_1_447' title='bbox 3680 1385 3990 1453; x_wconf 75' lang='grc' dir='ltr'><strong>μετακίνει,</strong></span> 
     </span>
    </p>
   </div>
   <div class='ocr_carea' id='block_1_59' title="bbox 2403 1476 3991 1551">
    <p class='ocr_par' dir='ltr' id='par_1_59' title="bbox 2403 1476 3991 1551">
     <span class='ocr_line' id='line_1_59' title="bbox 2403 1476 3991 1551; baseline -0.004 -19"><span class='ocrx_word' id='word_1_448' title='bbox 2403 1482 2505 1533; x_wconf 73' lang='grc' dir='ltr'><strong>οὐκ</strong></span> <span class='ocrx_word' id='word_1_449' title='bbox 2554 1481 2809 1550; x_wconf 81' lang='grc' dir='ltr'><strong>ἀνέμεινε</strong></span> <span class='ocrx_word' id='word_1_450' title='bbox 2846 1481 2938 1533; x_wconf 82' lang='grc' dir='ltr'><strong>τδν</strong></span> <span class='ocrx_word' id='word_1_451' title='bbox 2973 1481 3426 1551; x_wconf 74' lang='grc' dir='ltr'><strong>ἀρχισυνάγωγον</strong></span> <span class='ocrx_word' id='word_1_452' title='bbox 3477 1477 3707 1546; x_wconf 78' lang='grc' dir='ltr'><strong>λαλῆσαί</strong></span> <span class='ocrx_word' id='word_1_453' title='bbox 3749 1493 3801 1529; x_wconf 90' lang='grc' dir='ltr'><strong>τι</strong></span> <span class='ocrx_word' id='word_1_454' title='bbox 3852 1476 3991 1545; x_wconf 66' lang='grc' dir='ltr'><strong>πρξς</strong></span> 
     </span>
    </p>
   </div>
   <div class='ocr_carea' id='block_1_60' title="bbox 2404 1567 3985 1643">
    <p class='ocr_par' dir='ltr' id='par_1_60' title="bbox 2404 1567 3985 1643">
     <span class='ocr_line' id='line_1_60' title="bbox 2404 1567 3985 1643; baseline -0.004 -18"><span class='ocrx_word' id='word_1_455' title='bbox 2404 1573 2583 1637; x_wconf 74' lang='grc' dir='ltr'><strong>αὐτὸν,</strong></span> <span class='ocrx_word' id='word_1_456' title='bbox 2639 1574 2775 1627; x_wconf 87' lang='grc' dir='ltr'><strong>ἀλλά</strong></span> <span class='ocrx_word' id='word_1_457' title='bbox 2810 1572 3151 1643; x_wconf 76' lang='grc' dir='ltr'><strong>προφθάσας,</strong></span> <span class='ocrx_word' id='word_1_458' title='bbox 3197 1572 3286 1624; x_wconf 90' lang='grc' dir='ltr'><strong>ἴνα</strong></span> <span class='ocrx_word' id='word_1_459' title='bbox 3322 1572 3395 1640; x_wconf 82' lang='grc' dir='ltr'><strong>μὴ</strong></span> <span class='ocrx_word' id='word_1_460' title='bbox 3426 1569 3555 1641; x_wconf 72' lang='grc' dir='ltr'><strong>εἴπῃ</strong></span> <span class='ocrx_word' id='word_1_461' title='bbox 3608 1572 3635 1622; x_wconf 91' lang='grc' dir='ltr'><strong>ό</strong></span> <span class='ocrx_word' id='word_1_462' title='bbox 3676 1567 3985 1638; x_wconf 80' lang='grc' dir='ltr'><strong>ἀρχισυνὰ-</strong></span> 
     </span>
    </p>
   </div>
   <div class='ocr_carea' id='block_1_61' title="bbox 2404 1661 3992 1737">
    <p class='ocr_par' dir='ltr' id='par_1_61' title="bbox 2404 1661 3992 1737">
     <span class='ocr_line' id='line_1_61' title="bbox 2404 1661 3992 1737; baseline -0.004 -19"><span class='ocrx_word' id='word_1_463' title='bbox 2404 1682 2605 1735; x_wconf 84' lang='grc' dir='ltr'><strong>γωγος·</strong></span> <span class='ocrx_word' id='word_1_464' title='bbox 2658 1666 2733 1719; x_wconf 85' lang='grc' dir='ltr'><strong>Οὐ</strong></span> <span class='ocrx_word' id='word_1_465' title='bbox 2777 1666 2967 1737; x_wconf 82' lang='grc' dir='ltr'><strong>χρείαν</strong></span> <span class='ocrx_word' id='word_1_466' title='bbox 3012 1682 3105 1727; x_wconf 85' lang='grc' dir='ltr'><strong>σου</strong></span> <span class='ocrx_word' id='word_1_467' title='bbox 3157 1665 3286 1735; x_wconf 68' lang='grc' dir='ltr'><strong>ἔχω.</strong></span> <span class='ocrx_word' id='word_1_468' title='bbox 3321 1665 3419 1736; x_wconf 73' lang='grc' dir='ltr'><strong>ήδη</strong></span> <span class='ocrx_word' id='word_1_469' title='bbox 3464 1664 3658 1731; x_wconf 75' lang='grc' dir='ltr'><strong>γέγονε</strong></span> <span class='ocrx_word' id='word_1_470' title='bbox 3699 1662 3761 1714; x_wconf 75' lang='grc' dir='ltr'><strong>τὸ</strong></span> <span class='ocrx_word' id='word_1_471' title='bbox 3793 1661 3992 1720; x_wconf 63' lang='grc' dir='ltr'><strong>κακον,</strong></span> 
     </span>
    </p>
   </div>
   <div class='ocr_carea' id='block_1_62' title="bbox 2410 1750 3990 1828">
    <p class='ocr_par' dir='ltr' id='par_1_62' title="bbox 2410 1750 3990 1828">
     <span class='ocr_line' id='line_1_62' title="bbox 2410 1750 3990 1828; baseline -0.006 -19"><span class='ocrx_word' id='word_1_472' title='bbox 2410 1758 2519 1811; x_wconf 72' lang='grc' dir='ltr'><strong>ἰδοὺ</strong></span> <span class='ocrx_word' id='word_1_473' title='bbox 2564 1757 2836 1811; x_wconf 78' lang='grc' dir='ltr'><strong>ἀπέθανεν</strong></span> <span class='ocrx_word' id='word_1_474' title='bbox 2882 1759 2949 1828; x_wconf 75' lang='grc' dir='ltr'><strong>ἢν</strong></span> <span class='ocrx_word' id='word_1_475' title='bbox 2996 1754 3417 1826; x_wconf 80' lang='grc' dir='ltr'><strong>προσεδοκῶμεν</strong></span> <span class='ocrx_word' id='word_1_476' title='bbox 3462 1757 3545 1808; x_wconf 87' lang='grc' dir='ltr'><strong>ὅτι</strong></span> <span class='ocrx_word' id='word_1_477' title='bbox 3599 1750 3990 1823; x_wconf 71' lang='grc' dir='ltr'><strong>θεραπεύσεις,</strong></span> 
     </span>
    </p>
   </div>
   <div class='ocr_carea' id='block_1_63' title="bbox 2408 1838 3992 1919">
    <p class='ocr_par' dir='ltr' id='par_1_63' title="bbox 2408 1838 3992 1919">
     <span class='ocr_line' id='line_1_63' title="bbox 2408 1838 3992 1919; baseline -0.006 -17"><span class='ocrx_word' id='word_1_478' title='bbox 2408 1851 2493 1903; x_wconf 82' lang='grc' dir='ltr'><strong>ἵνα</strong></span> <span class='ocrx_word' id='word_1_479' title='bbox 2530 1850 2660 1915; x_wconf 86' lang='grc' dir='ltr'><strong>γοῦν</strong></span> <span class='ocrx_word' id='word_1_480' title='bbox 2689 1849 2853 1918; x_wconf 75' lang='grc' dir='ltr'><strong>μηδὲν</strong></span> <span class='ocrx_word' id='word_1_481' title='bbox 2886 1848 3127 1902; x_wconf 86' lang='grc' dir='ltr'><strong>τοιοῦτον</strong></span> <span class='ocrx_word' id='word_1_482' title='bbox 3164 1849 3292 1919; x_wconf 73' lang='grc' dir='ltr'><strong>εἴπῃ</strong></span> <span class='ocrx_word' id='word_1_483' title='bbox 3334 1864 3345 1877; x_wconf 88' lang='grc'><strong>·</strong></span> <span class='ocrx_word' id='word_1_484' title='bbox 3388 1847 3616 1906; x_wconf 77' lang='grc' dir='ltr'><strong>ἄπιστος</strong></span> <span class='ocrx_word' id='word_1_485' title='bbox 3649 1844 3758 1913; x_wconf 70' lang='grc' dir='ltr'><strong>γὰρ</strong></span> <span class='ocrx_word' id='word_1_486' title='bbox 3792 1838 3860 1911; x_wconf 71' lang='grc' dir='ltr'><strong>ἣν</strong></span> <span class='ocrx_word' id='word_1_487' title='bbox 3892 1840 3992 1893; x_wconf 76' lang='grc' dir='ltr'><strong>καὶ</strong></span> 
     </span>
    </p>
   </div>
   <div class='ocr_carea' id='block_1_64' title="bbox 2420 1933 3990 2012">
    <p class='ocr_par' dir='ltr' id='par_1_64' title="bbox 2420 1933 3990 2012">
     <span class='ocr_line' id='line_1_64' title="bbox 2420 1933 3990 2012; baseline -0.004 -18"><span class='ocrx_word' id='word_1_488' title='bbox 2420 1942 2669 2004; x_wconf 82' lang='grc' dir='ltr'><strong>Ἰουδαῖος</strong></span> <span class='ocrx_word' id='word_1_489' title='bbox 2700 1958 2712 1971; x_wconf 88' lang='grc'>·</span> <span class='ocrx_word' id='word_1_490' title='bbox 2769 1942 3093 2012; x_wconf 80' lang='grc' dir='ltr'><strong>προφθάσας</strong></span> <span class='ocrx_word' id='word_1_491' title='bbox 3142 1940 3307 1993; x_wconf 74' lang='grc' dir='ltr'><strong>αὑτὸν</strong></span> <span class='ocrx_word' id='word_1_492' title='bbox 3350 1940 3377 1991; x_wconf 88' lang='grc' dir='ltr'><strong>ό</strong></span> <span class='ocrx_word' id='word_1_493' title='bbox 3404 1936 3657 2008; x_wconf 78' lang='grc' dir='ltr'><strong>Χριστὸς,</strong></span> <span class='ocrx_word' id='word_1_494' title='bbox 3705 1934 3857 2004; x_wconf 69' lang='grc' dir='ltr'>φησί·</span> <span class='ocrx_word' id='word_1_495' title='bbox 3892 1933 3990 2002; x_wconf 69' lang='grc' dir='ltr'><strong>Μὴ</strong></span> 
     </span>
    </p>
   </div>
   <div class='ocr_carea' id='block_1_65' title="bbox 2409 2028 3990 2102">
    <p class='ocr_par' dir='ltr' id='par_1_65' title="bbox 2409 2028 3990 2102">
     <span class='ocr_line' id='line_1_65' title="bbox 2409 2028 3990 2102; baseline -0.007 -16"><span class='ocrx_word' id='word_1_496' title='bbox 2409 2032 2600 2102; x_wconf 79' lang='grc' dir='ltr'><strong>φοῦοῦ,</strong></span> <span class='ocrx_word' id='word_1_497' title='bbox 2654 2033 2813 2093; x_wconf 85' lang='grc' dir='ltr'><strong>μόνον</strong></span> <span class='ocrx_word' id='word_1_498' title='bbox 2842 2033 3087 2097; x_wconf 81' lang='grc' dir='ltr'><strong>πίστευε,</strong></span> <span class='ocrx_word' id='word_1_499' title='bbox 3129 2033 3263 2100; x_wconf 85' lang='grc' dir='ltr'><strong>πρὸς</strong></span> <span class='ocrx_word' id='word_1_500' title='bbox 3295 2030 3391 2100; x_wconf 83' lang='grc' dir='ltr'><strong>τὴν</strong></span> <span class='ocrx_word' id='word_1_501' title='bbox 3438 2030 3762 2099; x_wconf 71' lang='grc' dir='ltr'><strong>αἱμόρρουν,</strong></span> <span class='ocrx_word' id='word_1_502' title='bbox 3797 2028 3990 2093; x_wconf 69' lang='grc' dir='ltr'><strong>φησιν,</strong></span> 
     </span>
    </p>
   </div>
   <div class='ocr_carea' id='block_1_66' title="bbox 2405 2119 3988 2195">
    <p class='ocr_par' dir='ltr' id='par_1_66' title="bbox 2405 2119 3988 2195">
     <span class='ocr_line' id='line_1_66' title="bbox 2405 2119 3988 2195; baseline -0.004 -17"><span class='ocrx_word' id='word_1_503' title='bbox 2405 2126 2729 2178; x_wconf 76' lang='grc' dir='ltr'><strong>ἀποσκόπει·</strong></span> <span class='ocrx_word' id='word_1_504' title='bbox 2796 2125 3008 2195; x_wconf 77' lang='grc' dir='ltr'><strong>ἐκείνην</strong></span> <span class='ocrx_word' id='word_1_505' title='bbox 3083 2124 3416 2193; x_wconf 73' lang='grc' dir='ltr'><strong>μιμούμενος</strong></span> <span class='ocrx_word' id='word_1_506' title='bbox 3473 2123 3575 2173; x_wconf 82' lang='grc' dir='ltr'><strong>οὐκ</strong></span> <span class='ocrx_word' id='word_1_507' title='bbox 3635 2119 3988 2187; x_wconf 77' lang='grc' dir='ltr'><strong>ἀστοχήσεις.</strong></span> 
     </span>
    </p>
   </div>
   <div class='ocr_carea' id='block_1_67' title="bbox 2404 2209 3992 2287">
    <p class='ocr_par' dir='ltr' id='par_1_67' title="bbox 2404 2209 3992 2287">
     <span class='ocr_line' id='line_1_67' title="bbox 2404 2209 3992 2287; baseline -0.01 -14"><span class='ocrx_word' id='word_1_508' title='bbox 2404 2220 2582 2272; x_wconf 87' lang='grc' dir='ltr'><strong>Μόνον</strong></span> <span class='ocrx_word' id='word_1_509' title='bbox 2610 2218 2665 2271; x_wconf 81' lang='grc' dir='ltr'><strong>δὲ</strong></span> <span class='ocrx_word' id='word_1_510' title='bbox 2702 2218 2929 2287; x_wconf 82' lang='grc' dir='ltr'><strong>Πέτρον,</strong></span> <span class='ocrx_word' id='word_1_511' title='bbox 2962 2217 3055 2268; x_wconf 72' lang='grc' dir='ltr'><strong>καὶ</strong></span> <span class='ocrx_word' id='word_1_512' title='bbox 3100 2216 3377 2281; x_wconf 71' lang='grc' dir='ltr'><strong>Ἰωάννην,</strong></span> <span class='ocrx_word' id='word_1_513' title='bbox 3411 2213 3505 2265; x_wconf 72' lang='grc' dir='ltr'><strong>καὶ</strong></span> <span class='ocrx_word' id='word_1_514' title='bbox 3545 2210 3800 2262; x_wconf 79' lang='grc' dir='ltr'><strong>Ἰάκωδον</strong></span> <span class='ocrx_word' id='word_1_515' title='bbox 3822 2209 3992 2278; x_wconf 70' lang='grc' dir='ltr'><strong>ἀφίῃ-</strong></span> 
     </span>
    </p>
   </div>
   <div class='ocr_carea' id='block_1_68' title="bbox 2407 2300 3992 2375">
    <p class='ocr_par' dir='ltr' id='par_1_68' title="bbox 2407 2300 3992 2375">
     <span class='ocr_line' id='line_1_68' title="bbox 2407 2300 3992 2375; baseline -0.008 -12"><span class='ocrx_word' id='word_1_516' title='bbox 2407 2328 2491 2363; x_wconf 89' lang='grc' dir='ltr'><strong>σιν</strong></span> <span class='ocrx_word' id='word_1_517' title='bbox 2521 2310 2807 2371; x_wconf 72' lang='grc' dir='ltr'><strong>εἰσελθεῖν,</strong></span> <span class='ocrx_word' id='word_1_518' title='bbox 2847 2308 2923 2371; x_wconf 84' lang='grc' dir='ltr'><strong>ὡς</strong></span> <span class='ocrx_word' id='word_1_519' title='bbox 2959 2307 3289 2375; x_wconf 77' lang='grc' dir='ltr'><strong>προκρίτους</strong></span> <span class='ocrx_word' id='word_1_520' title='bbox 3322 2305 3430 2357; x_wconf 85' lang='grc' dir='ltr'><strong>τῶν</strong></span> <span class='ocrx_word' id='word_1_521' title='bbox 3465 2300 3747 2373; x_wconf 75' lang='grc' dir='ltr'><strong>μαθητῶν,</strong></span> <span class='ocrx_word' id='word_1_522' title='bbox 3784 2300 3879 2352; x_wconf 69' lang='grc' dir='ltr'><strong>καὶ</strong></span> <span class='ocrx_word' id='word_1_523' title='bbox 3911 2300 3992 2361; x_wconf 80' lang='grc' dir='ltr'><strong>ὡς</strong></span> 
     </span>
    </p>
   </div>
   <div class='ocr_carea' id='block_1_69' title="bbox 2402 2392 3990 2471">
    <p class='ocr_par' dir='ltr' id='par_1_69' title="bbox 2402 2392 3990 2471">
     <span class='ocr_line' id='line_1_69' title="bbox 2402 2392 3990 2471; baseline -0.009 -16"><span class='ocrx_word' id='word_1_524' title='bbox 2402 2402 2735 2471; x_wconf 79' lang='grc' dir='ltr'><strong>δυναμένους</strong></span> <span class='ocrx_word' id='word_1_525' title='bbox 2770 2400 3045 2469; x_wconf 82' lang='grc' dir='ltr'><strong>σιωπῆσαι</strong></span> <span class='ocrx_word' id='word_1_526' title='bbox 3073 2400 3131 2451; x_wconf 75' lang='grc' dir='ltr'><strong>τὸ</strong></span> <span class='ocrx_word' id='word_1_527' title='bbox 3166 2397 3373 2466; x_wconf 86' lang='grc' dir='ltr'><strong>θαῦμα.</strong></span> <span class='ocrx_word' id='word_1_528' title='bbox 3419 2397 3493 2449; x_wconf 70' lang='grc' dir='ltr'><strong>Οὐ</strong></span> <span class='ocrx_word' id='word_1_529' title='bbox 3526 2395 3635 2462; x_wconf 75' lang='grc' dir='ltr'><strong>γὰρ</strong></span> <span class='ocrx_word' id='word_1_530' title='bbox 3674 2392 3869 2462; x_wconf 67' lang='grc' dir='ltr'><strong>ἧθελεν</strong></span> <span class='ocrx_word' id='word_1_531' title='bbox 3899 2392 3990 2442; x_wconf 86' lang='grc' dir='ltr'><strong>ἴνα</strong></span> 
     </span>
    </p>
   </div>
   <div class='ocr_carea' id='block_1_70' title="bbox 2404 2482 3992 2563">
    <p class='ocr_par' dir='ltr' id='par_1_70' title="bbox 2404 2482 3992 2563">
     <span class='ocr_line' id='line_1_70' title="bbox 2404 2482 3992 2563; baseline -0.009 -17"><span class='ocrx_word' id='word_1_532' title='bbox 2404 2496 2509 2563; x_wconf 72' lang='grc' dir='ltr'><strong>πρὸ</strong></span> <span class='ocrx_word' id='word_1_533' title='bbox 2562 2492 2754 2558; x_wconf 81' lang='grc' dir='ltr'><strong>καιροῦ</strong></span> <span class='ocrx_word' id='word_1_534' title='bbox 2814 2490 3229 2558; x_wconf 66' lang='grc' dir='ltr'><strong>ἀποκαλυφθείη</strong></span> <span class='ocrx_word' id='word_1_535' title='bbox 3295 2488 3407 2550; x_wconf 76' lang='grc' dir='ltr'><strong>τοῖς</strong></span> <span class='ocrx_word' id='word_1_536' title='bbox 3462 2486 3699 2548; x_wconf 71' lang='grc' dir='ltr'><strong>πολλοῖς,</strong></span> <span class='ocrx_word' id='word_1_537' title='bbox 3757 2484 3845 2535; x_wconf 80' lang='grc' dir='ltr'><strong>δια</strong></span> <span class='ocrx_word' id='word_1_538' title='bbox 3896 2482 3992 2533; x_wconf 74' lang='grc' dir='ltr'><strong>τὸν</strong></span> 
     </span>
    </p>
   </div>
   <div class='ocr_carea' id='block_1_71' title="bbox 2404 2570 3989 2655">
    <p class='ocr_par' dir='ltr' id='par_1_71' title="bbox 2404 2570 3989 2655">
     <span class='ocr_line' id='line_1_71' title="bbox 2404 2570 3989 2655; baseline -0.008 -17"><span class='ocrx_word' id='word_1_539' title='bbox 2404 2586 2595 2654; x_wconf 84' lang='grc' dir='ltr'><strong>φθόνον</strong></span> <span class='ocrx_word' id='word_1_540' title='bbox 2630 2587 2770 2655; x_wconf 70' lang='grc' dir='ltr'><strong>τάχα</strong></span> <span class='ocrx_word' id='word_1_541' title='bbox 2800 2585 2907 2635; x_wconf 82' lang='grc' dir='ltr'><strong>τῶν</strong></span> <span class='ocrx_word' id='word_1_542' title='bbox 2974 2582 3261 2646; x_wconf 82' lang='grc' dir='ltr'><strong>Ἰουδαίων,</strong></span> <span class='ocrx_word' id='word_1_543' title='bbox 3311 2580 3381 2633; x_wconf 70' lang='grc' dir='ltr'><strong>τὰ</strong></span> <span class='ocrx_word' id='word_1_544' title='bbox 3429 2570 3601 2631; x_wconf 82' lang='grc' dir='ltr'><strong>πλείὼ</strong></span> <span class='ocrx_word' id='word_1_545' title='bbox 3650 2577 3758 2630; x_wconf 83' lang='grc' dir='ltr'><strong>τῶν</strong></span> <span class='ocrx_word' id='word_1_546' title='bbox 3803 2575 3989 2644; x_wconf 75' lang='grc' dir='ltr'><strong>ῑργων</strong></span> 
     </span>
    </p>
   </div>
   <div class='ocr_carea' id='block_1_72' title="bbox 2404 2669 3989 2747">
    <p class='ocr_par' dir='ltr' id='par_1_72' title="bbox 2404 2669 3989 2747">
     <span class='ocr_line' id='line_1_72' title="bbox 2404 2669 3989 2747; baseline -0.008 -15"><span class='ocrx_word' id='word_1_547' title='bbox 2404 2678 2573 2733; x_wconf 79' lang='grc' dir='ltr'><strong>αὑτοῦ</strong></span> <span class='ocrx_word' id='word_1_548' title='bbox 2612 2676 3027 2747; x_wconf 81' lang='grc' dir='ltr'><strong>συγκαλύπτων,</strong></span> <span class='ocrx_word' id='word_1_549' title='bbox 3066 2676 3151 2727; x_wconf 82' lang='grc' dir='ltr'><strong>ἵνα</strong></span> <span class='ocrx_word' id='word_1_550' title='bbox 3178 2673 3252 2744; x_wconf 78' lang='grc' dir='ltr'><strong>μὴ</strong></span> <span class='ocrx_word' id='word_1_551' title='bbox 3276 2671 3351 2741; x_wconf 86' lang='grc' dir='ltr'><strong>τῷ</strong></span> <span class='ocrx_word' id='word_1_552' title='bbox 3376 2670 3556 2741; x_wconf 78' lang='grc' dir='ltr'><strong>φθόνῳ</strong></span> <span class='ocrx_word' id='word_1_553' title='bbox 3589 2669 3989 2734; x_wconf 82' lang='grc' dir='ltr'><strong>διακαιόμενοι,</strong></span> 
     </span>
    </p>
   </div>
   <div class='ocr_carea' id='block_1_73' title="bbox 2406 2758 3989 2839">
    <p class='ocr_par' dir='ltr' id='par_1_73' title="bbox 2406 2758 3989 2839">
     <span class='ocr_line' id='line_1_73' title="bbox 2406 2758 3989 2839; baseline -0.009 -17"><span class='ocrx_word' id='word_1_554' title='bbox 2406 2770 2671 2839; x_wconf 81' lang='grc' dir='ltr'><strong>κρίματος</strong></span> <span class='ocrx_word' id='word_1_555' title='bbox 2724 2769 2895 2837; x_wconf 76' lang='grc' dir='ltr'><strong>ἔνοχοι</strong></span> <span class='ocrx_word' id='word_1_556' title='bbox 2950 2762 3079 2817; x_wconf 83' lang='grc' dir='ltr'><strong>εἷεν.</strong></span> <span class='ocrx_word' id='word_1_557' title='bbox 3134 2765 3346 2832; x_wconf 83' lang='grc' dir='ltr'><strong>Ὠσπερ</strong></span> <span class='ocrx_word' id='word_1_558' title='bbox 3409 2758 3502 2815; x_wconf 77' lang='grc' dir='ltr'><strong>οὖν</strong></span> <span class='ocrx_word' id='word_1_559' title='bbox 3557 2763 3652 2813; x_wconf 71' lang='grc' dir='ltr'><strong>καὶ</strong></span> <span class='ocrx_word' id='word_1_560' title='bbox 3708 2761 3859 2828; x_wconf 72' lang='grc' dir='ltr'><strong>ἡμᾶς</strong></span> <span class='ocrx_word' id='word_1_561' title='bbox 3905 2758 3989 2809; x_wconf 80' lang='grc' dir='ltr'><strong>δεῖ</strong></span> 
     </span>
    </p>
   </div>
   <div class='ocr_carea' id='block_1_74' title="bbox 2407 2850 3990 2927">
    <p class='ocr_par' dir='ltr' id='par_1_74' title="bbox 2407 2850 3990 2927">
     <span class='ocr_line' id='line_1_74' title="bbox 2407 2850 3990 2927; baseline -0.008 -15"><span class='ocrx_word' id='word_1_562' title='bbox 2407 2862 2601 2921; x_wconf 79' lang='grc' dir='ltr'><strong>ποιεῖν,</strong></span> <span class='ocrx_word' id='word_1_563' title='bbox 2655 2860 2783 2911; x_wconf 86' lang='grc' dir='ltr'><strong>ὅταν</strong></span> <span class='ocrx_word' id='word_1_564' title='bbox 2837 2858 2920 2927; x_wconf 85' lang='grc' dir='ltr'><strong>εἴη</strong></span> <span class='ocrx_word' id='word_1_565' title='bbox 2968 2874 3049 2915; x_wconf 83' lang='grc' dir='ltr'><strong>τι;</strong></span> <span class='ocrx_word' id='word_1_566' title='bbox 3100 2857 3233 2924; x_wconf 75' lang='grc' dir='ltr'><strong>ἡμῖν</strong></span> <span class='ocrx_word' id='word_1_567' title='bbox 3283 2853 3513 2921; x_wconf 75' lang='grc' dir='ltr'><strong>φθονῶν,</strong></span> <span class='ocrx_word' id='word_1_568' title='bbox 3558 2852 3657 2903; x_wconf 78' lang='grc' dir='ltr'><strong>οὐκ</strong></span> <span class='ocrx_word' id='word_1_569' title='bbox 3695 2850 3990 2918; x_wconf 65' lang='grc' dir='ltr'><strong>όςςείλοίιεν</strong></span> 
     </span>
    </p>
   </div>
   <div class='ocr_carea' id='block_1_75' title="bbox 2406 2942 3990 3021">
    <p class='ocr_par' dir='ltr' id='par_1_75' title="bbox 2406 2942 3990 3021">
     <span class='ocr_line' id='line_1_75' title="bbox 2406 2942 3990 3021; baseline -0.008 -18"><span class='ocrx_word' id='word_1_570' title='bbox 2406 2951 2543 3021; x_wconf 81' lang='grc' dir='ltr'><strong>πρὸς</strong></span> <span class='ocrx_word' id='word_1_571' title='bbox 2604 2950 2765 3002; x_wconf 76' lang='grc' dir='ltr'><strong>αὐτὸν</strong></span> <span class='ocrx_word' id='word_1_572' title='bbox 2818 2946 3170 3017; x_wconf 82' lang='grc' dir='ltr'><strong>ἀπογυμνοῦν</strong></span> <span class='ocrx_word' id='word_1_573' title='bbox 3224 2948 3291 2998; x_wconf 72' lang='grc' dir='ltr'><strong>τὰ</strong></span> <span class='ocrx_word' id='word_1_574' title='bbox 3344 2944 3755 3015; x_wconf 80' lang='grc' dir='ltr'><strong>κατορθώματα</strong></span> <span class='ocrx_word' id='word_1_575' title='bbox 3806 2942 3990 3012; x_wconf 77' lang='grc' dir='ltr'><strong>ἡμῶν,</strong></span> 
     </span>
    </p>
   </div>
   <div class='ocr_carea' id='block_1_76' title="bbox 2406 3033 3989 3111">
    <p class='ocr_par' dir='ltr' id='par_1_76' title="bbox 2406 3033 3989 3111">
     <span class='ocr_line' id='line_1_76' title="bbox 2406 3033 3989 3111; baseline -0.009 -16"><span class='ocrx_word' id='word_1_576' title='bbox 2406 3045 2491 3096; x_wconf 79' lang='grc' dir='ltr'><strong>ἵνα</strong></span> <span class='ocrx_word' id='word_1_577' title='bbox 2529 3041 2604 3111; x_wconf 75' lang='grc' dir='ltr'><strong>μὴ</strong></span> <span class='ocrx_word' id='word_1_578' title='bbox 2641 3042 2969 3111; x_wconf 80' lang='grc' dir='ltr'><strong>πλήττοντες</strong></span> <span class='ocrx_word' id='word_1_579' title='bbox 3016 3038 3200 3099; x_wconf 73' lang='grc' dir='ltr'><strong>αὐτὸν,</strong></span> <span class='ocrx_word' id='word_1_580' title='bbox 3236 3036 3481 3107; x_wconf 84' lang='grc' dir='ltr'><strong>ποιῶμεν</strong></span> <span class='ocrx_word' id='word_1_581' title='bbox 3535 3036 3697 3087; x_wconf 81' lang='grc' dir='ltr'><strong>πλέον</strong></span> <span class='ocrx_word' id='word_1_582' title='bbox 3750 3033 3989 3100; x_wconf 71' lang='grc' dir='ltr'><strong>φθονεῖν,</strong></span> 
     </span>
    </p>
   </div>
   <div class='ocr_carea' id='block_1_77' title="bbox 2331 3117 3987 3223">
    <p class='ocr_par' dir='ltr' id='par_1_77' title="bbox 2331 3117 3987 3223">
     <span class='ocr_line' id='line_1_77' title="bbox 2331 3117 3987 3223; baseline -0.009 -35"><span class='ocrx_word' id='word_1_583' title='bbox 2331 3168 2369 3223; x_wconf 76' lang='lat' dir='ltr'><strong>c</strong></span> <span class='ocrx_word' id='word_1_584' title='bbox 2405 3136 2500 3187; x_wconf 69' lang='grc' dir='ltr'><strong>καλ⁸</strong></span> <span class='ocrx_word' id='word_1_585' title='bbox 2546 3135 2625 3194; x_wconf 80' lang='grc' dir='ltr'><strong>εἰς</strong></span> <span class='ocrx_word' id='word_1_586' title='bbox 2668 3134 2975 3201; x_wconf 76' lang='grc' dir='ltr'><strong>ἁμάρτημα</strong></span> <span class='ocrx_word' id='word_1_587' title='bbox 3032 3128 3413 3199; x_wconf 76' lang='grc' dir='ltr'><strong>ἐμϐάλλωμεν,</strong></span> <span class='ocrx_word' id='word_1_588' title='bbox 3461 3126 3576 3178; x_wconf 86' lang='grc' dir='ltr'><strong>ἀλλ’</strong></span> <span class='ocrx_word' id='word_1_589' title='bbox 3629 3124 3704 3187; x_wconf 76' lang='grc' dir='ltr'><strong>ὡς</strong></span> <span class='ocrx_word' id='word_1_590' title='bbox 3760 3117 3875 3175; x_wconf 75' lang='grc' dir='ltr'><strong>οἷόν</strong></span> <span class='ocrx_word' id='word_1_591' title='bbox 3924 3138 3987 3174; x_wconf 87' lang='grc' dir='ltr'><strong>τε</strong></span> 
     </span>
    </p>
   </div>
   <div class='ocr_carea' id='block_1_78' title="bbox 2408 3217 3990 3288">
    <p class='ocr_par' dir='ltr' id='par_1_78' title="bbox 2408 3217 3990 3288">
     <span class='ocr_line' id='line_1_78' title="bbox 2408 3217 3990 3288; baseline -0.007 -9"><span class='ocrx_word' id='word_1_592' title='bbox 2408 3224 2728 3288; x_wconf 56' lang='grc' dir='ltr'><strong>σπουδάζειν</strong></span> <span class='ocrx_word' id='word_1_593' title='bbox 2779 3225 2852 3287; x_wconf 82' lang='grc' dir='ltr'><strong>ὼς</strong></span> <span class='ocrx_word' id='word_1_594' title='bbox 2906 3225 2970 3276; x_wconf 86' lang='grc' dir='ltr'><strong>ἂν</strong></span> <span class='ocrx_word' id='word_1_595' title='bbox 3014 3221 3350 3275; x_wconf 79' lang='grc' dir='ltr'><strong>λανθάνωσιν</strong></span> <span class='ocrx_word' id='word_1_596' title='bbox 3400 3220 3585 3272; x_wconf 81' lang='grc' dir='ltr'><strong>αὐτόν.</strong></span> <span class='ocrx_word' id='word_1_597' title='bbox 3629 3217 3900 3284; x_wconf 79' lang='grc' dir='ltr'><strong>Λέγοντος</strong></span> <span class='ocrx_word' id='word_1_598' title='bbox 3934 3217 3990 3269; x_wconf 73' lang='grc' dir='ltr'><strong>δὲ</strong></span> 
     </span>
    </p>
   </div>
   <div class='ocr_carea' id='block_1_79' title="bbox 2406 3310 3992 3387">
    <p class='ocr_par' dir='ltr' id='par_1_79' title="bbox 2406 3310 3992 3387">
     <span class='ocr_line' id='line_1_79' title="bbox 2406 3310 3992 3387; baseline -0.009 -15"><span class='ocrx_word' id='word_1_599' title='bbox 2406 3321 2499 3373; x_wconf 85' lang='grc' dir='ltr'><strong>τοῦ</strong></span> <span class='ocrx_word' id='word_1_600' title='bbox 2538 3319 2741 3387; x_wconf 79' lang='grc' dir='ltr'><strong>Κυρίου</strong></span> <span class='ocrx_word' id='word_1_601' title='bbox 2770 3318 2851 3369; x_wconf 76' lang='grc' dir='ltr'><strong>ὅτι</strong></span> <span class='ocrx_word' id='word_1_602' title='bbox 2905 3317 3005 3367; x_wconf 73' lang='grc' dir='ltr'><strong>οὐκ</strong></span> <span class='ocrx_word' id='word_1_603' title='bbox 3044 3314 3338 3374; x_wconf 81' lang='grc' dir='ltr'><strong>ἀπέθανεν,</strong></span> <span class='ocrx_word' id='word_1_604' title='bbox 3392 3312 3528 3365; x_wconf 78' lang='grc' dir='ltr'><strong>ἀλλὰ</strong></span> <span class='ocrx_word' id='word_1_605' title='bbox 3564 3310 3848 3371; x_wconf 80' lang='grc' dir='ltr'><strong>καθεύδει,</strong></span> <span class='ocrx_word' id='word_1_606' title='bbox 3899 3310 3992 3361; x_wconf 81' lang='grc' dir='ltr'><strong>καὶ</strong></span> 
     </span>
    </p>
   </div>
   <div class='ocr_carea' id='block_1_80' title="bbox 2404 3402 3990 3472">
    <p class='ocr_par' dir='ltr' id='par_1_80' title="bbox 2404 3402 3990 3472">
     <span class='ocr_line' id='line_1_80' title="bbox 2404 3402 3990 3472; baseline -0.008 -8"><span class='ocrx_word' id='word_1_607' title='bbox 2404 3413 2495 3464; x_wconf 79' lang='grc' dir='ltr'><strong>τὸν</strong></span> <span class='ocrx_word' id='word_1_608' title='bbox 2524 3412 2752 3463; x_wconf 82' lang='grc' dir='ltr'><strong>θάνατον</strong></span> <span class='ocrx_word' id='word_1_609' title='bbox 2786 3408 2953 3459; x_wconf 77' lang='grc' dir='ltr'><strong>ὕπνον</strong></span> <span class='ocrx_word' id='word_1_610' title='bbox 3003 3405 3317 3469; x_wconf 75' lang='grc' dir='ltr'><strong>καλοῦντος,</strong></span> <span class='ocrx_word' id='word_1_611' title='bbox 3354 3404 3488 3457; x_wconf 87' lang='grc' dir='ltr'><strong>διότι</strong></span> <span class='ocrx_word' id='word_1_612' title='bbox 3536 3402 3730 3472; x_wconf 78' lang='grc' dir='ltr'><strong>ἔμελλε</strong></span> <span class='ocrx_word' id='word_1_613' title='bbox 3762 3402 3863 3471; x_wconf 80' lang='grc' dir='ltr'><strong>τὴν</strong></span> <span class='ocrx_word' id='word_1_614' title='bbox 3897 3419 3990 3452; x_wconf 82' lang='grc' dir='ltr'><strong>τε-</strong></span> 
     </span>
    </p>
   </div>
   <div class='ocr_carea' id='block_1_81' title="bbox 2404 3494 3990 3571">
    <p class='ocr_par' dir='ltr' id='par_1_81' title="bbox 2404 3494 3990 3571">
     <span class='ocr_line' id='line_1_81' title="bbox 2404 3494 3990 3571; baseline -0.009 -16"><span class='ocrx_word' id='word_1_615' title='bbox 2404 3504 2662 3571; x_wconf 81' lang='grc' dir='ltr'><strong>θνηκυῖαν</strong></span> <span class='ocrx_word' id='word_1_616' title='bbox 2715 3500 3015 3568; x_wconf 83' lang='grc' dir='ltr'><strong>ἀναστῆσαι</strong></span> <span class='ocrx_word' id='word_1_617' title='bbox 3066 3498 3258 3568; x_wconf 78' lang='grc' dir='ltr'><strong>ὥσπερ</strong></span> <span class='ocrx_word' id='word_1_618' title='bbox 3313 3497 3372 3560; x_wconf 76' lang='grc' dir='ltr'><strong>ἐξ</strong></span> <span class='ocrx_word' id='word_1_619' title='bbox 3426 3495 3619 3557; x_wconf 79' lang='grc' dir='ltr'><strong>ῦπνου,</strong></span> <span class='ocrx_word' id='word_1_620' title='bbox 3669 3494 3990 3561; x_wconf 80' lang='grc' dir='ltr'><strong>κατεγέλων</strong></span> 
     </span>
    </p>
   </div>
   <div class='ocr_carea' id='block_1_82' title="bbox 2403 3585 3988 3655">
    <p class='ocr_par' dir='ltr' id='par_1_82' title="bbox 2403 3585 3988 3655">
     <span class='ocr_line' id='line_1_82' title="bbox 2403 3585 3988 3655; baseline -0.007 -7"><span class='ocrx_word' id='word_1_621' title='bbox 2403 3592 2566 3648; x_wconf 74' lang='grc' dir='ltr'><strong>αὑτοῦ</strong></span> <span class='ocrx_word' id='word_1_622' title='bbox 2597 3593 2647 3644; x_wconf 83' lang='lat' dir='ltr'><strong>oi</strong></span> <span class='ocrx_word' id='word_1_623' title='bbox 2692 3590 3001 3651; x_wconf 65' lang='grc' dir='ltr'><strong>ἀκούοντες,</strong></span> <span class='ocrx_word' id='word_1_624' title='bbox 3058 3590 3146 3640; x_wconf 79' lang='grc' dir='ltr'><strong>ἵνα</strong></span> <span class='ocrx_word' id='word_1_625' title='bbox 3196 3590 3289 3639; x_wconf 76' lang='grc' dir='ltr'><strong>καὶ</strong></span> <span class='ocrx_word' id='word_1_626' title='bbox 3324 3586 3525 3655; x_wconf 73' lang='grc' dir='ltr'><strong>μᾶλλον</strong></span> <span class='ocrx_word' id='word_1_627' title='bbox 3574 3586 3633 3638; x_wconf 77' lang='grc' dir='ltr'><strong>τὸ</strong></span> <span class='ocrx_word' id='word_1_628' title='bbox 3680 3585 3870 3653; x_wconf 82' lang='grc' dir='ltr'><strong>θαῦμα</strong></span> <span class='ocrx_word' id='word_1_629' title='bbox 3905 3588 3988 3653; x_wconf 73' lang='grc' dir='ltr'><strong>εἴη</strong></span> 
     </span>
    </p>
   </div>
   <div class='ocr_carea' id='block_1_83' title="bbox 2404 3678 3987 3752">
    <p class='ocr_par' dir='ltr' id='par_1_83' title="bbox 2404 3678 3987 3752">
     <span class='ocr_line' id='line_1_83' title="bbox 2404 3678 3987 3752; baseline -0.005 -15"><span class='ocrx_word' id='word_1_630' title='bbox 2404 3686 2607 3752; x_wconf 88' lang='grc' dir='ltr'><strong>θαῦμα.</strong></span> <span class='ocrx_word' id='word_1_631' title='bbox 2645 3685 2763 3735; x_wconf 83' lang='grc' dir='ltr'><strong>Ἵνα</strong></span> <span class='ocrx_word' id='word_1_632' title='bbox 2798 3684 2905 3750; x_wconf 70' lang='grc' dir='ltr'><strong>γὰρ</strong></span> <span class='ocrx_word' id='word_1_633' title='bbox 2940 3681 3012 3750; x_wconf 80' lang='grc' dir='ltr'><strong>μὴ</strong></span> <span class='ocrx_word' id='word_1_634' title='bbox 3059 3680 3226 3750; x_wconf 77' lang='grc' dir='ltr'><strong>ἔχωσι</strong></span> <span class='ocrx_word' id='word_1_635' title='bbox 3274 3680 3456 3747; x_wconf 80' lang='grc' dir='ltr'><strong>λέγειν</strong></span> <span class='ocrx_word' id='word_1_636' title='bbox 3506 3679 3734 3747; x_wconf 80' lang='grc' dir='ltr'><strong>ὕστερον</strong></span> <span class='ocrx_word' id='word_1_637' title='bbox 3779 3678 3855 3740; x_wconf 74' lang='grc' dir='ltr'><strong>ὡς</strong></span> <span class='ocrx_word' id='word_1_638' title='bbox 3890 3680 3987 3743; x_wconf 58' lang='grc' dir='ltr'><strong>οῦκ</strong></span> 
     </span>
    </p>
   </div>
   <div class='ocr_carea' id='block_1_84' title="bbox 2404 3771 3983 3841">
    <p class='ocr_par' dir='ltr' id='par_1_84' title="bbox 2404 3771 3983 3841">
     <span class='ocr_line' id='line_1_84' title="bbox 2404 3771 3983 3841; baseline -0.006 -10"><span class='ocrx_word' id='word_1_639' title='bbox 2404 3776 2691 3839; x_wconf 82' lang='grc' dir='ltr'><strong>ἀπέθανεν,</strong></span> <span class='ocrx_word' id='word_1_640' title='bbox 2723 3774 2834 3826; x_wconf 87' lang='grc' dir='ltr'><strong>ἀλλ’</strong></span> <span class='ocrx_word' id='word_1_641' title='bbox 2867 3774 3132 3835; x_wconf 79' lang='grc' dir='ltr'><strong>ῦπνωττε,</strong></span> <span class='ocrx_word' id='word_1_642' title='bbox 3181 3772 3268 3825; x_wconf 73' lang='grc' dir='ltr'><strong>διὰ</strong></span> <span class='ocrx_word' id='word_1_643' title='bbox 3300 3771 3459 3824; x_wconf 75' lang='grc' dir='ltr'><strong>τοῦτο</strong></span> <span class='ocrx_word' id='word_1_644' title='bbox 3488 3772 3812 3841; x_wconf 56' lang='grc' dir='ltr'><strong>ᾠκονόμησε</strong></span> <span class='ocrx_word' id='word_1_645' title='bbox 3849 3773 3983 3838; x_wconf 64' lang='grc' dir='ltr'><strong>προσ</strong></span> 
     </span>
    </p>
   </div>
   <div class='ocr_carea' id='block_1_85' title="bbox 2402 3862 3992 3938">
    <p class='ocr_par' dir='ltr' id='par_1_85' title="bbox 2402 3862 3992 3938">
     <span class='ocr_line' id='line_1_85' title="bbox 2402 3862 3992 3938; baseline -0.005 -17"><span class='ocrx_word' id='word_1_646' title='bbox 2402 3886 2561 3938; x_wconf 80' lang='grc' dir='ltr'><strong>τερον</strong></span> <span class='ocrx_word' id='word_1_647' title='bbox 2589 3865 3087 3933; x_wconf 81' lang='grc' dir='ltr'><strong>καταγελασθῆναι,</strong></span> <span class='ocrx_word' id='word_1_648' title='bbox 3121 3868 3179 3917; x_wconf 86' lang='grc' dir='ltr'><strong>ὲν</strong></span> <span class='ocrx_word' id='word_1_649' title='bbox 3225 3863 3302 3935; x_wconf 83' lang='grc' dir='ltr'><strong>τῷ</strong></span> <span class='ocrx_word' id='word_1_650' title='bbox 3334 3865 3511 3930; x_wconf 77' lang='grc' dir='ltr'><strong>λέγειν</strong></span> <span class='ocrx_word' id='word_1_651' title='bbox 3543 3863 3626 3916; x_wconf 84' lang='grc' dir='ltr'><strong>ὅτι</strong></span> <span class='ocrx_word' id='word_1_652' title='bbox 3657 3864 3757 3915; x_wconf 78' lang='grc' dir='ltr'><strong>οὐκ</strong></span> <span class='ocrx_word' id='word_1_653' title='bbox 3786 3862 3992 3915; x_wconf 78' lang='grc' dir='ltr'><strong>ἀπέθα-</strong></span> 
     </span>
    </p>
   </div>
   <div class='ocr_carea' id='block_1_86' title="bbox 2402 3955 3988 4027">
    <p class='ocr_par' dir='ltr' id='par_1_86' title="bbox 2402 3955 3988 4027">
     <span class='ocr_line' id='line_1_86' title="bbox 2402 3955 3988 4027; baseline -0.006 -11"><span class='ocrx_word' id='word_1_654' title='bbox 2402 3979 2516 4027; x_wconf 84' lang='grc' dir='ltr'><strong>νεν,</strong></span> <span class='ocrx_word' id='word_1_655' title='bbox 2561 3960 2697 4014; x_wconf 84' lang='grc' dir='ltr'><strong>ἀλλὰ</strong></span> <span class='ocrx_word' id='word_1_656' title='bbox 2729 3959 3003 4022; x_wconf 82' lang='grc' dir='ltr'><strong>καθεύδει,</strong></span> <span class='ocrx_word' id='word_1_657' title='bbox 3048 3958 3123 4021; x_wconf 82' lang='grc' dir='ltr'><strong>ὡς</strong></span> <span class='ocrx_word' id='word_1_658' title='bbox 3174 3957 3239 4010; x_wconf 84' lang='grc' dir='ltr'><strong>ἂν</strong></span> <span class='ocrx_word' id='word_1_659' title='bbox 3273 3956 3601 4027; x_wconf 80' lang='grc' dir='ltr'><strong>ὲμφραγῶσι</strong></span> <span class='ocrx_word' id='word_1_660' title='bbox 3636 3955 3703 4007; x_wconf 75' lang='grc' dir='ltr'><strong>τὰ</strong></span> <span class='ocrx_word' id='word_1_661' title='bbox 3741 3956 3988 4022; x_wconf 71' lang='grc' dir='ltr'><strong>στόματα</strong></span> 
     </span>
    </p>
   </div>
   <div class='ocr_carea' id='block_1_87' title="bbox 2400 4048 3983 4119">
    <p class='ocr_par' dir='ltr' id='par_1_87' title="bbox 2400 4048 3983 4119">
     <span class='ocr_line' id='line_1_87' title="bbox 2400 4048 3983 4119; baseline -0.006 -13"><span class='ocrx_word' id='word_1_662' title='bbox 2400 4055 2509 4107; x_wconf 83' lang='grc' dir='ltr'><strong>τῶν</strong></span> <span class='ocrx_word' id='word_1_663' title='bbox 2541 4052 2803 4105; x_wconf 86' lang='grc' dir='ltr'><strong>θελόντων</strong></span> <span class='ocrx_word' id='word_1_664' title='bbox 2842 4050 3224 4119; x_wconf 75' lang='grc' dir='ltr'><strong>συκοφαντεῖν.</strong></span> <span class='ocrx_word' id='word_1_665' title='bbox 3252 4048 3521 4100; x_wconf 85' lang='grc' dir='ltr'><strong>Τοσοῦτον</strong></span> <span class='ocrx_word' id='word_1_666' title='bbox 3548 4048 3659 4119; x_wconf 73' lang='grc' dir='ltr'><strong>γὰρ</strong></span> <span class='ocrx_word' id='word_1_667' title='bbox 3688 4048 3983 4111; x_wconf 74' lang='grc' dir='ltr'><strong>ἀπέθανεν,</strong></span> 
     </span>
    </p>
   </div>
   <div class='ocr_carea' id='block_1_88' title="bbox 2402 4138 3989 4209">
    <p class='ocr_par' dir='ltr' id='par_1_88' title="bbox 2402 4138 3989 4209">
     <span class='ocr_line' id='line_1_88' title="bbox 2402 4138 3989 4209; baseline -0.005 -14"><span class='ocrx_word' id='word_1_668' title='bbox 2402 4144 2541 4197; x_wconf 79' lang='grc' dir='ltr'><strong>ὥστε</strong></span> <span class='ocrx_word' id='word_1_669' title='bbox 2575 4145 2669 4196; x_wconf 66' lang='grc' dir='ltr'><strong>καὶ</strong></span> <span class='ocrx_word' id='word_1_670' title='bbox 2701 4144 3015 4209; x_wconf 82' lang='grc' dir='ltr'><strong>κατεγέλων</strong></span> <span class='ocrx_word' id='word_1_671' title='bbox 3042 4140 3205 4193; x_wconf 76' lang='grc' dir='ltr'><strong>αὐτοῦ</strong></span> <span class='ocrx_word' id='word_1_672' title='bbox 3240 4139 3492 4206; x_wconf 79' lang='grc' dir='ltr'><strong>λέγοντος</strong></span> <span class='ocrx_word' id='word_1_673' title='bbox 3531 4140 3613 4191; x_wconf 88' lang='grc' dir='ltr'><strong>ὃτι</strong></span> <span class='ocrx_word' id='word_1_674' title='bbox 3650 4138 3751 4189; x_wconf 73' lang='grc' dir='ltr'><strong>οὐκ</strong></span> <span class='ocrx_word' id='word_1_675' title='bbox 3782 4138 3989 4189; x_wconf 77' lang='grc' dir='ltr'><strong>ἀπέθαο</strong></span> 
     </span>
    </p>
   </div>
   <div class='ocr_carea' id='block_1_89' title="bbox 2401 4226 3986 4296">
    <p class='ocr_par' dir='ltr' id='par_1_89' title="bbox 2401 4226 3986 4296">
     <span class='ocr_line' id='line_1_89' title="bbox 2401 4226 3986 4296; baseline -0.005 -11"><span class='ocrx_word' id='word_1_676' title='bbox 2401 4248 2511 4285; x_wconf 87' lang='grc' dir='ltr'><strong>νεν.</strong></span> <span class='ocrx_word' id='word_1_677' title='bbox 2558 4229 2808 4293; x_wconf 80' lang='grc' dir='ltr'><strong>Ἐξέδαλε</strong></span> <span class='ocrx_word' id='word_1_678' title='bbox 2864 4230 2919 4282; x_wconf 77' lang='grc' dir='ltr'><strong>δὲ</strong></span> <span class='ocrx_word' id='word_1_679' title='bbox 2952 4228 3055 4292; x_wconf 77' lang='grc' dir='ltr'><strong>ἔξω</strong></span> <span class='ocrx_word' id='word_1_680' title='bbox 3097 4227 3329 4288; x_wconf 72' lang='grc' dir='ltr'><strong>πάντας,</strong></span> <span class='ocrx_word' id='word_1_681' title='bbox 3381 4227 3522 4295; x_wconf 81' lang='grc' dir='ltr'><strong>τάχα</strong></span> <span class='ocrx_word' id='word_1_682' title='bbox 3565 4226 3665 4296; x_wconf 76' lang='grc' dir='ltr'><strong>μὲν</strong></span> <span class='ocrx_word' id='word_1_683' title='bbox 3711 4226 3986 4279; x_wconf 79' lang='grc' dir='ltr'><strong>παιδ;ύων</strong></span> 
     </span>
    </p>
   </div>
   <div class='ocr_carea' id='block_1_90' title="bbox 2403 4314 3984 4391">
    <p class='ocr_par' dir='ltr' id='par_1_90' title="bbox 2403 4314 3984 4391">
     <span class='ocr_line' id='line_1_90' title="bbox 2403 4314 3984 4391; baseline -0.006 -16"><span class='ocrx_word' id='word_1_684' title='bbox 2403 4322 2547 4391; x_wconf 64' lang='grc' dir='ltr'><strong>ἡμᾶς</strong></span> <span class='ocrx_word' id='word_1_685' title='bbox 2596 4320 2942 4390; x_wconf 75' lang='grc' dir='ltr'><strong>ἀφιλοδόξους</strong></span> <span class='ocrx_word' id='word_1_686' title='bbox 2996 4314 3156 4381; x_wconf 78' lang='grc' dir='ltr'><strong>εἶναι,</strong></span> <span class='ocrx_word' id='word_1_687' title='bbox 3205 4318 3297 4371; x_wconf 79' lang='grc' dir='ltr'><strong>καὶ</strong></span> <span class='ocrx_word' id='word_1_688' title='bbox 3333 4316 3500 4387; x_wconf 77' lang='grc' dir='ltr'><strong>μηδὲν</strong></span> <span class='ocrx_word' id='word_1_689' title='bbox 3550 4316 3687 4386; x_wconf 83' lang='grc' dir='ltr'><strong>πρὸς</strong></span> <span class='ocrx_word' id='word_1_690' title='bbox 3726 4316 3984 4380; x_wconf 74' lang='grc' dir='ltr'><strong>ιπίδειξιν</strong></span> 
     </span>
    </p>
   </div>
   <div class='ocr_carea' id='block_1_91' title="bbox 2402 4407 3983 4482">
    <p class='ocr_par' dir='ltr' id='par_1_91' title="bbox 2402 4407 3983 4482">
     <span class='ocr_line' id='line_1_91' title="bbox 2402 4407 3983 4482; baseline -0.004 -15"><span class='ocrx_word' id='word_1_691' title='bbox 2402 4416 2591 4467; x_wconf 85' lang='grc' dir='ltr'><strong>ποιεῖν.</strong></span> <span class='ocrx_word' id='word_1_692' title='bbox 2631 4411 2783 4482; x_wconf 78' lang='grc' dir='ltr'><strong>Τάχα</strong></span> <span class='ocrx_word' id='word_1_693' title='bbox 2814 4412 2868 4464; x_wconf 82' lang='grc' dir='ltr'><strong>δὲ</strong></span> <span class='ocrx_word' id='word_1_694' title='bbox 2902 4412 2996 4465; x_wconf 71' lang='grc' dir='ltr'><strong>καὶ</strong></span> <span class='ocrx_word' id='word_1_695' title='bbox 3042 4409 3329 4474; x_wconf 76' lang='grc' dir='ltr'><strong>διδάσκων,</strong></span> <span class='ocrx_word' id='word_1_696' title='bbox 3381 4409 3464 4461; x_wconf 86' lang='grc' dir='ltr'><strong>ὅτι</strong></span> <span class='ocrx_word' id='word_1_697' title='bbox 3510 4408 3641 4461; x_wconf 84' lang='grc' dir='ltr'><strong>ὅταν</strong></span> <span class='ocrx_word' id='word_1_698' title='bbox 3692 4407 3865 4478; x_wconf 77' lang='grc' dir='ltr'><strong>μέλλῃ</strong></span> <span class='ocrx_word' id='word_1_699' title='bbox 3906 4424 3983 4470; x_wconf 83' lang='grc' dir='ltr'><strong>τις</strong></span> 
     </span>
    </p>
   </div>
   <div class='ocr_carea' id='block_1_92' title="bbox 722 4497 2298 4587">
    <p class='ocr_par' dir='ltr' id='par_1_92' title="bbox 722 4499 2292 4573">
     <span class='ocr_line' id='line_1_92' title="bbox 722 4499 2292 4573; baseline -0.008 -9"><span class='ocrx_word' id='word_1_700' title='bbox 722 4511 818 4565; x_wconf 78' lang='lat' dir='ltr'><strong>sed</strong></span> <span class='ocrx_word' id='word_1_701' title='bbox 866 4509 1013 4563; x_wconf 89' lang='lat' dir='ltr'><strong>solus</strong></span> <span class='ocrx_word' id='word_1_702' title='bbox 1078 4515 1132 4560; x_wconf 88' lang='lat' dir='ltr'><strong>et</strong></span> <span class='ocrx_word' id='word_1_703' title='bbox 1199 4519 1304 4559; x_wconf 93' lang='lat' dir='ltr'><strong>non</strong></span> <span class='ocrx_word' id='word_1_704' title='bbox 1350 4504 1636 4573; x_wconf 84' lang='lat' dir='ltr'><strong>impeditus</strong></span> <span class='ocrx_word' id='word_1_705' title='bbox 1681 4516 1803 4557; x_wconf 89' lang='lat' dir='ltr'><strong>esse</strong></span> <span class='ocrx_word' id='word_1_706' title='bbox 1848 4502 2059 4556; x_wconf 86' lang='lat' dir='ltr'><strong>debeat.</strong></span> <span class='ocrx_word' id='word_1_707' title='bbox 2118 4499 2292 4553; x_wconf 79' lang='lat' dir='ltr'><strong>Rediit</strong></span> 
     </span>
    </p>
   </div>
   <div class='ocr_carea' id='block_1_93' title="bbox 2331 4497 3980 4587">
    <p class='ocr_par' dir='ltr' id='par_1_93' title="bbox 2331 4497 3980 4587">
     <span class='ocr_line' id='line_1_93' title="bbox 2331 4497 3980 4587; baseline -0.007 -26"><span class='ocrx_word' id='word_1_708' title='bbox 2331 4525 2377 4587; x_wconf 76' lang='grc' dir='ltr'><strong>ι)</strong></span> <span class='ocrx_word' id='word_1_709' title='bbox 2404 4507 2859 4577; x_wconf 81' lang='grc' dir='ltr'><strong>θαυματουργεῖν,</strong></span> <span class='ocrx_word' id='word_1_710' title='bbox 2883 4504 2983 4557; x_wconf 81' lang='grc' dir='ltr'><strong>οὐκ</strong></span> <span class='ocrx_word' id='word_1_711' title='bbox 3013 4505 3071 4555; x_wconf 87' lang='grc' dir='ltr'><strong>ὲν</strong></span> <span class='ocrx_word' id='word_1_712' title='bbox 3106 4502 3255 4572; x_wconf 86' lang='grc' dir='ltr'><strong>μέσῳ</strong></span> <span class='ocrx_word' id='word_1_713' title='bbox 3282 4502 3493 4553; x_wconf 84' lang='grc' dir='ltr'><strong>πολλῶν</strong></span> <span class='ocrx_word' id='word_1_714' title='bbox 3523 4501 3603 4553; x_wconf 84' lang='grc' dir='ltr'><strong>δεῖ</strong></span> <span class='ocrx_word' id='word_1_715' title='bbox 3629 4501 3792 4554; x_wconf 78' lang='grc' dir='ltr'><strong>αὑτὸν</strong></span> <span class='ocrx_word' id='word_1_716' title='bbox 3822 4497 3980 4560; x_wconf 72' lang='grc' dir='ltr'><strong>εἶναι,</strong></span> 
     </span>
    </p>
   </div>
   <div class='ocr_carea' id='block_1_94' title="bbox 714 4594 2290 4671">
    <p class='ocr_par' dir='ltr' id='par_1_94' title="bbox 714 4594 2290 4671">
     <span class='ocr_line' id='line_1_94' title="bbox 714 4594 2290 4671; baseline -0.006 -17"><span class='ocrx_word' id='word_1_717' title='bbox 714 4603 889 4671; x_wconf 69' lang='lat' dir='ltr'><strong>igitur</strong></span> <span class='ocrx_word' id='word_1_718' title='bbox 942 4598 1166 4667; x_wconf 84' lang='lat' dir='ltr'><strong>spiritus</strong></span> <span class='ocrx_word' id='word_1_719' title='bbox 1208 4596 1423 4667; x_wconf 64' lang='lat' dir='ltr'><strong>puellae,</strong></span> <span class='ocrx_word' id='word_1_720' title='bbox 1496 4610 1600 4649; x_wconf 89' lang='lat' dir='ltr'><strong>non</strong></span> <span class='ocrx_word' id='word_1_721' title='bbox 1648 4594 1795 4649; x_wconf 84' lang='lat' dir='ltr'><strong>enim</strong></span> <span class='ocrx_word' id='word_1_722' title='bbox 1843 4594 2002 4647; x_wconf 88' lang='lat' dir='ltr'><strong>aliam</strong></span> <span class='ocrx_word' id='word_1_723' title='bbox 2056 4594 2290 4646; x_wconf 85' lang='lat' dir='ltr'><strong>animam</strong></span> 
     </span>
    </p>
   </div>
   <div class='ocr_carea' id='block_1_95' title="bbox 724 4682 2291 4754">
    <p class='ocr_par' dir='ltr' id='par_1_95' title="bbox 724 4682 2291 4754">
     <span class='ocr_line' id='line_1_95' title="bbox 724 4682 2291 4754; baseline -0.006 -8"><span class='ocrx_word' id='word_1_724' title='bbox 724 4691 954 4754; x_wconf 79' lang='lat' dir='ltr'><strong>induxit,</strong></span> <span class='ocrx_word' id='word_1_725' title='bbox 989 4690 1081 4743; x_wconf 88' lang='lat' dir='ltr'><strong>sed</strong></span> <span class='ocrx_word' id='word_1_726' title='bbox 1112 4703 1230 4741; x_wconf 85' lang='lat' dir='ltr'><strong>eam</strong></span> <span class='ocrx_word' id='word_1_727' title='bbox 1264 4702 1381 4753; x_wconf 80' lang='lat' dir='ltr'><strong>quae</strong></span> <span class='ocrx_word' id='word_1_728' title='bbox 1408 4700 1436 4737; x_wconf 77' lang='grc' dir='ltr'><strong>ιι</strong></span> <span class='ocrx_word' id='word_1_729' title='bbox 1465 4698 1691 4751; x_wconf 85' lang='lat' dir='ltr'><strong>corpore</strong></span> <span class='ocrx_word' id='word_1_730' title='bbox 1714 4682 1977 4747; x_wconf 72' lang='lat' dir='ltr'><strong>avolant,</strong></span> <span class='ocrx_word' id='word_1_731' title='bbox 2014 4684 2205 4737; x_wconf 77' lang='lat' dir='ltr'><strong>iterum</strong></span> <span class='ocrx_word' id='word_1_732' title='bbox 2241 4684 2291 4736; x_wconf 92' lang='lat' dir='ltr'><strong>iu</strong></span> 
     </span>
    </p>
   </div>
   <div class='ocr_carea' id='block_1_96' title="bbox 722 4774 2291 4853">
    <p class='ocr_par' dir='ltr' id='par_1_96' title="bbox 722 4774 2291 4853">
     <span class='ocr_line' id='line_1_96' title="bbox 722 4774 2291 4853; baseline -0.008 -15"><span class='ocrx_word' id='word_1_733' title='bbox 722 4785 898 4853; x_wconf 85' lang='lat' dir='ltr'><strong>ipsum</strong></span> <span class='ocrx_word' id='word_1_734' title='bbox 945 4780 1121 4835; x_wconf 88' lang='lat' dir='ltr'><strong>redire</strong></span> <span class='ocrx_word' id='word_1_735' title='bbox 1178 4776 1322 4831; x_wconf 78' lang='lat' dir='ltr'><strong>fecit.</strong></span> <span class='ocrx_word' id='word_1_736' title='bbox 1372 4774 1637 4843; x_wconf 63' lang='lat' dir='ltr'><strong>Praecepit</strong></span> <span class='ocrx_word' id='word_1_737' title='bbox 1688 4784 1868 4827; x_wconf 87' lang='lat' dir='ltr'><strong>autem</strong></span> <span class='ocrx_word' id='word_1_738' title='bbox 1909 4783 1965 4827; x_wconf 89' lang='lat' dir='ltr'><strong>ut</strong></span> <span class='ocrx_word' id='word_1_739' title='bbox 2011 4774 2060 4829; x_wconf 88' lang='lat' dir='ltr'><strong>ei</strong></span> <span class='ocrx_word' id='word_1_740' title='bbox 2111 4774 2291 4829; x_wconf 87' lang='lat' dir='ltr'><strong>cibum</strong></span> 
     </span>
    </p>
   </div>
   <div class='ocr_carea' id='block_1_97' title="bbox 721 4866 2292 4943">
    <p class='ocr_par' dir='ltr' id='par_1_97' title="bbox 721 4866 2292 4943">
     <span class='ocr_line' id='line_1_97' title="bbox 721 4866 2292 4943; baseline -0.006 -13"><span class='ocrx_word' id='word_1_741' title='bbox 721 4881 931 4939; x_wconf 78' lang='lat' dir='ltr'><strong>darent,</strong></span> <span class='ocrx_word' id='word_1_742' title='bbox 960 4887 1067 4943; x_wconf 79' lang='lat' dir='ltr'><strong>quo</strong></span> <span class='ocrx_word' id='word_1_743' title='bbox 1096 4871 1512 4925; x_wconf 69' lang='lat' dir='ltr'><strong>conﬁrmaretur</strong></span> <span class='ocrx_word' id='word_1_744' title='bbox 1544 4870 1674 4922; x_wconf 86' lang='lat' dir='ltr'><strong>lides</strong></span> <span class='ocrx_word' id='word_1_745' title='bbox 1705 4882 1767 4921; x_wconf 89' lang='lat' dir='ltr'><strong>ac</strong></span> <span class='ocrx_word' id='word_1_746' title='bbox 1796 4868 2001 4921; x_wconf 86' lang='lat' dir='ltr'><strong>veritas</strong></span> <span class='ocrx_word' id='word_1_747' title='bbox 2031 4866 2170 4935; x_wconf 90' lang='lat' dir='ltr'><strong>quod</strong></span> <span class='ocrx_word' id='word_1_748' title='bbox 2204 4866 2292 4920; x_wconf 85' lang='lat' dir='ltr'><strong>illa</strong></span> 
     </span>
    </p>
   </div>
   <div class='ocr_carea' id='block_1_98' title="bbox 724 4956 2297 5028">
    <p class='ocr_par' dir='ltr' id='par_1_98' title="bbox 724 4956 2297 5028">
     <span class='ocr_line' id='line_1_98' title="bbox 724 4956 2297 5028; baseline -0.006 -9"><span class='ocrx_word' id='word_1_749' title='bbox 724 4966 1125 5021; x_wconf 71' lang='lat' dir='ltr'><strong>resurrexisset.</strong></span> <span class='ocrx_word' id='word_1_750' title='bbox 1172 4962 1356 5017; x_wconf 73' lang='lat' dir='ltr'><strong>Posset</strong></span> <span class='ocrx_word' id='word_1_751' title='bbox 1404 4961 1566 5014; x_wconf 86' lang='lat' dir='ltr'><strong>etiam</strong></span> <span class='ocrx_word' id='word_1_752' title='bbox 1599 4969 1654 5015; x_wconf 88' lang='lat' dir='ltr'><strong>et</strong></span> <span class='ocrx_word' id='word_1_753' title='bbox 1702 4960 1782 5013; x_wconf 90' lang='lat' dir='ltr'><strong>sic</strong></span> <span class='ocrx_word' id='word_1_754' title='bbox 1818 4958 2045 5028; x_wconf 88' lang='lat' dir='ltr'><strong>intelligi</strong></span> <span class='ocrx_word' id='word_1_755' title='bbox 2100 4975 2112 5011; x_wconf 91' lang='lat'><strong><em>:</em></strong></span> <span class='ocrx_word' id='word_1_756' title='bbox 2167 4956 2297 5011; x_wconf 87' lang='lat' dir='ltr'><strong>San-</strong></span> 
     </span>
    </p>
   </div>
   <div class='ocr_carea' id='block_1_99' title="bbox 722 5050 2297 5129">
    <p class='ocr_par' dir='ltr' id='par_1_99' title="bbox 722 5050 2297 5129">
     <span class='ocr_line' id='line_1_99' title="bbox 722 5050 2297 5129; baseline -0.006 -18"><span class='ocrx_word' id='word_1_757' title='bbox 722 5060 936 5129; x_wconf 81' lang='lat' dir='ltr'><strong>guinem</strong></span> <span class='ocrx_word' id='word_1_758' title='bbox 969 5055 1235 5123; x_wconf 84' lang='lat' dir='ltr'><strong>proﬂueus</strong></span> <span class='ocrx_word' id='word_1_759' title='bbox 1262 5068 1341 5108; x_wconf 78' lang='lat' dir='ltr'><strong>est</strong></span> <span class='ocrx_word' id='word_1_760' title='bbox 1363 5054 1540 5107; x_wconf 80' lang='lat' dir='ltr'><strong>cuiuis</strong></span> <span class='ocrx_word' id='word_1_761' title='bbox 1572 5052 1749 5104; x_wconf 84' lang='lat' dir='ltr'><strong>anima</strong></span> <span class='ocrx_word' id='word_1_762' title='bbox 1775 5050 2078 5105; x_wconf 77' lang='lat' dir='ltr'><strong>scatulieus</strong></span> <span class='ocrx_word' id='word_1_763' title='bbox 2107 5065 2297 5103; x_wconf 86' lang='lat' dir='ltr'><strong>cruen-</strong></span> 
     </span>
    </p>
   </div>
   <div class='ocr_carea' id='block_1_100' title="bbox 723 5142 2297 5219">
    <p class='ocr_par' dir='ltr' id='par_1_100' title="bbox 723 5142 2297 5219">
     <span class='ocr_line' id='line_1_100' title="bbox 723 5142 2297 5219; baseline -0.005 -16"><span class='ocrx_word' id='word_1_764' title='bbox 723 5162 835 5204; x_wconf 78' lang='lat' dir='ltr'><strong>tutu</strong></span> <span class='ocrx_word' id='word_1_765' title='bbox 880 5160 1158 5219; x_wconf 77' lang='lat' dir='ltr'><strong>peccatum</strong></span> <span class='ocrx_word' id='word_1_766' title='bbox 1208 5158 1261 5201; x_wconf 90' lang='lat' dir='ltr'><strong>et</strong></span> <span class='ocrx_word' id='word_1_767' title='bbox 1313 5146 1747 5215; x_wconf 78' lang='lat' dir='ltr'><strong>sanguinarium.</strong></span> <span class='ocrx_word' id='word_1_768' title='bbox 1779 5142 1951 5198; x_wconf 85' lang='lat' dir='ltr'><strong>Omne</strong></span> <span class='ocrx_word' id='word_1_769' title='bbox 1996 5144 2140 5197; x_wconf 86' lang='lat' dir='ltr'><strong>cnim</strong></span> <span class='ocrx_word' id='word_1_770' title='bbox 2174 5159 2297 5210; x_wconf 82' lang='lat' dir='ltr'><strong>pec-</strong></span> 
     </span>
    </p>
   </div>
   <div class='ocr_carea' id='block_1_101' title="bbox 722 5235 2295 5301">
    <p class='ocr_par' dir='ltr' id='par_1_101' title="bbox 722 5235 2295 5301">
     <span class='ocr_line' id='line_1_101' title="bbox 722 5235 2295 5301; baseline -0.006 -6"><span class='ocrx_word' id='word_1_771' title='bbox 722 5252 900 5295; x_wconf 74' lang='lat' dir='ltr'><strong>catum</strong></span> <span class='ocrx_word' id='word_1_772' title='bbox 934 5239 1197 5293; x_wconf 73' lang='lat' dir='ltr'><strong>homicida</strong></span> <span class='ocrx_word' id='word_1_773' title='bbox 1228 5249 1329 5301; x_wconf 84' lang='lat' dir='ltr'><strong>est,</strong></span> <span class='ocrx_word' id='word_1_774' title='bbox 1363 5250 1416 5293; x_wconf 90' lang='lat' dir='ltr'><strong>et</strong></span> <span class='ocrx_word' id='word_1_775' title='bbox 1443 5239 1657 5292; x_wconf 87' lang='lat' dir='ltr'><strong>occisor</strong></span> <span class='ocrx_word' id='word_1_776' title='bbox 1690 5238 1904 5290; x_wconf 73' lang='lat' dir='ltr'><strong>animo.</strong></span> <span class='ocrx_word' id='word_1_777' title='bbox 1943 5237 2009 5289; x_wconf 82' lang='lat' dir='ltr'><strong>At</strong></span> <span class='ocrx_word' id='word_1_778' title='bbox 2040 5236 2080 5289; x_wconf 87' lang='lat' dir='ltr'><strong>si</strong></span> <span class='ocrx_word' id='word_1_779' title='bbox 2116 5235 2295 5287; x_wconf 74' lang='lat' dir='ltr'><strong>anima</strong></span> 
     </span>
    </p>
   </div>
   <div class='ocr_carea' id='block_1_102' title="bbox 723 5326 2293 5398">
    <p class='ocr_par' dir='ltr' id='par_1_102' title="bbox 723 5326 2293 5398">
     <span class='ocr_line' id='line_1_102' title="bbox 723 5326 2293 5398; baseline -0.003 -11"><span class='ocrx_word' id='word_1_780' title='bbox 723 5331 1008 5398; x_wconf 81' lang='lat' dir='ltr'><strong>contigerit</strong></span> <span class='ocrx_word' id='word_1_781' title='bbox 1043 5341 1269 5393; x_wconf 71' lang='lat' dir='ltr'><strong>vestem,</strong></span> <span class='ocrx_word' id='word_1_782' title='bbox 1308 5330 1407 5382; x_wconf 87' lang='lat' dir='ltr'><strong>hoc</strong></span> <span class='ocrx_word' id='word_1_783' title='bbox 1446 5340 1529 5383; x_wconf 89' lang='lat' dir='ltr'><strong>est</strong></span> <span class='ocrx_word' id='word_1_784' title='bbox 1569 5330 1995 5383; x_wconf 85' lang='lat' dir='ltr'><strong>incarnationem</strong></span> <span class='ocrx_word' id='word_1_785' title='bbox 2048 5326 2198 5391; x_wconf 66' lang='lat' dir='ltr'><strong>Jesu,</strong></span> <span class='ocrx_word' id='word_1_786' title='bbox 2239 5337 2293 5382; x_wconf 83' lang='lat' dir='ltr'><strong>et</strong></span> 
     </span>
    </p>
   </div>
   <div class='ocr_carea' id='block_1_103' title="bbox 724 5420 2293 5491">
    <p class='ocr_par' dir='ltr' id='par_1_103' title="bbox 724 5420 2293 5491">
     <span class='ocr_line' id='line_1_103' title="bbox 724 5420 2293 5491; baseline -0.004 -12"><span class='ocrx_word' id='word_1_787' title='bbox 724 5424 1018 5479; x_wconf 79' lang='lat' dir='ltr'><strong>credider.t</strong></span> <span class='ocrx_word' id='word_1_788' title='bbox 1046 5424 1183 5491; x_wconf 89' lang='lat' dir='ltr'><strong>quod</strong></span> <span class='ocrx_word' id='word_1_789' title='bbox 1217 5421 1528 5474; x_wconf 75' lang='lat' dir='ltr'><strong>incarnatus</strong></span> <span class='ocrx_word' id='word_1_790' title='bbox 1547 5421 1613 5473; x_wconf 84' lang='lat' dir='ltr'><strong>sit</strong></span> <span class='ocrx_word' id='word_1_791' title='bbox 1648 5420 1813 5473; x_wconf 79' lang='lat' dir='ltr'><strong>Filius</strong></span> <span class='ocrx_word' id='word_1_792' title='bbox 1842 5420 1955 5482; x_wconf 87' lang='lat' dir='ltr'><strong>Dei,</strong></span> <span class='ocrx_word' id='word_1_793' title='bbox 1983 5422 2293 5474; x_wconf 70' lang='lat' dir='ltr'><strong>sanctilira-</strong></span> 
     </span>
    </p>
   </div>
   <div class='ocr_carea' id='block_1_104' title="bbox 722 5512 2291 5583">
    <p class='ocr_par' dir='ltr' id='par_1_104' title="bbox 722 5512 2291 5583">
     <span class='ocr_line' id='line_1_104' title="bbox 722 5512 2291 5583; baseline -0.003 -12"><span class='ocrx_word' id='word_1_794' title='bbox 722 5518 887 5572; x_wconf 74' lang='lat' dir='ltr'><strong>bitur.</strong></span> <span class='ocrx_word' id='word_1_795' title='bbox 914 5514 979 5568; x_wconf 83' lang='lat' dir='ltr'><strong>Et</strong></span> <span class='ocrx_word' id='word_1_796' title='bbox 1008 5514 1054 5570; x_wconf 89' lang='lat' dir='ltr'><strong>si</strong></span> <span class='ocrx_word' id='word_1_797' title='bbox 1085 5514 1204 5582; x_wconf 84' lang='lat' dir='ltr'><strong>quis</strong></span> <span class='ocrx_word' id='word_1_798' title='bbox 1234 5512 1397 5566; x_wconf 81' lang='lat' dir='ltr'><strong>fuerit</strong></span> <span class='ocrx_word' id='word_1_799' title='bbox 1426 5512 1674 5581; x_wconf 71' lang='lat' dir='ltr'><strong>princvps</strong></span> <span class='ocrx_word' id='word_1_800' title='bbox 1705 5512 2022 5583; x_wconf 56' lang='lat' dir='ltr'><strong>Synagogx,</strong></span> <span class='ocrx_word' id='word_1_801' title='bbox 2058 5517 2158 5567; x_wconf 76' lang='lat' dir='ltr'><strong>hoc</strong></span> <span class='ocrx_word' id='word_1_802' title='bbox 2189 5524 2291 5576; x_wconf 79' lang='lat' dir='ltr'><strong>est.</strong></span> 
     </span>
    </p>
   </div>
   <div class='ocr_carea' id='block_1_105' title="bbox 724 5603 2291 5677">
    <p class='ocr_par' dir='ltr' id='par_1_105' title="bbox 724 5603 2291 5677">
     <span class='ocr_line' id='line_1_105' title="bbox 724 5603 2291 5677; baseline -0.002 -17"><span class='ocrx_word' id='word_1_803' title='bbox 724 5623 876 5663; x_wconf 78' lang='lat' dir='ltr'><strong>meus</strong></span> <span class='ocrx_word' id='word_1_804' title='bbox 904 5621 1022 5677; x_wconf 67' lang='lat' dir='ltr'><strong>qua:</strong></span> <span class='ocrx_word' id='word_1_805' title='bbox 1051 5614 1243 5673; x_wconf 58' lang='grc' dir='ltr'><strong>ιιι-πεδί</strong></span> <span class='ocrx_word' id='word_1_806' title='bbox 1274 5603 1453 5658; x_wconf 72' lang='lat' dir='ltr'><strong>multis</strong></span> <span class='ocrx_word' id='word_1_807' title='bbox 1489 5606 1947 5673; x_wconf 83' lang='lat' dir='ltr'><strong>pcrcupiditatcut</strong></span> <span class='ocrx_word' id='word_1_808' title='bbox 1978 5615 2029 5659; x_wconf 76' lang='lat' dir='ltr'><strong>tt</strong></span> <span class='ocrx_word' id='word_1_809' title='bbox 2055 5606 2291 5659; x_wconf 77' lang='lat' dir='ltr'><strong>habendi</strong></span> 
     </span>
    </p>
   </div>
   <div class='ocr_carea' id='block_1_106' title="bbox 723 5700 2290 5773">
    <p class='ocr_par' dir='ltr' id='par_1_106' title="bbox 723 5700 2290 5773">
     <span class='ocr_line' id='line_1_106' title="bbox 723 5700 2290 5773; baseline -0.001 -14"><span class='ocrx_word' id='word_1_810' title='bbox 723 5705 955 5759; x_wconf 68' lang='lat' dir='ltr'><strong>studium</strong></span> <span class='ocrx_word' id='word_1_811' title='bbox 1005 5702 1363 5773; x_wconf 62' lang='lat' dir='ltr'><strong>congregatis,</strong></span> <span class='ocrx_word' id='word_1_812' title='bbox 1398 5711 1451 5756; x_wconf 90' lang='lat' dir='ltr'><strong>et</strong></span> <span class='ocrx_word' id='word_1_813' title='bbox 1488 5702 1832 5771; x_wconf 75' lang='lat' dir='ltr'><strong>:rgrohverit</strong></span> <span class='ocrx_word' id='word_1_814' title='bbox 1870 5700 1975 5757; x_wconf 75' lang='lat' dir='ltr'><strong>ﬁlia</strong></span> <span class='ocrx_word' id='word_1_815' title='bbox 2011 5701 2147 5771; x_wconf 80' lang='lat' dir='ltr'><strong>ejus,</strong></span> <span class='ocrx_word' id='word_1_816' title='bbox 2204 5718 2290 5759; x_wconf 83' lang='lat' dir='ltr'><strong>co-</strong></span> 
     </span>
    </p>
   </div>
   <div class='ocr_carea' id='block_1_107' title="bbox 2403 4590 3982 4665">
    <p class='ocr_par' dir='ltr' id='par_1_107' title="bbox 2403 4590 3982 4665">
     <span class='ocr_line' id='line_1_107' title="bbox 2403 4590 3982 4665; baseline -0.007 -10"><span class='ocrx_word' id='word_1_817' title='bbox 2403 4602 2518 4655; x_wconf 82' lang='grc' dir='ltr'><strong>ἀλλ⁹</strong></span> <span class='ocrx_word' id='word_1_818' title='bbox 2552 4600 2821 4663; x_wconf 68' lang='grc' dir='ltr'><strong>ἰδιάζοντα</strong></span> <span class='ocrx_word' id='word_1_819' title='bbox 2867 4599 2961 4650; x_wconf 81' lang='grc' dir='ltr'><strong>καὶ</strong></span> <span class='ocrx_word' id='word_1_820' title='bbox 3012 4598 3442 4665; x_wconf 84' lang='grc' dir='ltr'><strong>ἀπερίσπαστον.</strong></span> <span class='ocrx_word' id='word_1_821' title='bbox 3490 4594 3862 4663; x_wconf 63' lang='grc' dir='ltr'><strong>Ἑπέστρειιεν</strong></span> <span class='ocrx_word' id='word_1_822' title='bbox 3895 4590 3982 4647; x_wconf 78' lang='grc' dir='ltr'><strong>οὖν</strong></span> 
     </span>
    </p>
   </div>
   <div class='ocr_carea' id='block_1_108' title="bbox 2400 4687 3980 4763">
    <p class='ocr_par' dir='ltr' id='par_1_108' title="bbox 2400 4687 3980 4763">
     <span class='ocr_line' id='line_1_108' title="bbox 2400 4687 3980 4763; baseline -0.005 -16"><span class='ocrx_word' id='word_1_823' title='bbox 2400 4695 2460 4747; x_wconf 74' lang='grc' dir='ltr'><strong>τὸ</strong></span> <span class='ocrx_word' id='word_1_824' title='bbox 2488 4693 2703 4763; x_wconf 87' lang='grc' dir='ltr'><strong>πνεῦμα</strong></span> <span class='ocrx_word' id='word_1_825' title='bbox 2724 4694 2822 4762; x_wconf 75' lang='grc' dir='ltr'><strong>τῆς</strong></span> <span class='ocrx_word' id='word_1_826' title='bbox 2854 4690 3061 4752; x_wconf 79' lang='grc' dir='ltr'><strong>παιδός·</strong></span> <span class='ocrx_word' id='word_1_827' title='bbox 3092 4692 3151 4743; x_wconf 88' lang='grc' dir='ltr'><strong>ού</strong></span> <span class='ocrx_word' id='word_1_828' title='bbox 3189 4690 3295 4759; x_wconf 75' lang='grc' dir='ltr'><strong>γὰρ</strong></span> <span class='ocrx_word' id='word_1_829' title='bbox 3325 4688 3491 4757; x_wconf 77' lang='grc' dir='ltr'><strong>ἀλλην</strong></span> <span class='ocrx_word' id='word_1_830' title='bbox 3524 4687 3700 4758; x_wconf 71' lang='grc' dir='ltr'><strong>ψυχὴν</strong></span> <span class='ocrx_word' id='word_1_831' title='bbox 3731 4690 3980 4757; x_wconf 71' lang='grc' dir='ltr'><strong>εἰσήνεγ-</strong></span> 
     </span>
    </p>
   </div>
   <div class='ocr_carea' id='block_1_109' title="bbox 2403 4780 3976 4855">
    <p class='ocr_par' dir='ltr' id='par_1_109' title="bbox 2403 4780 3976 4855">
     <span class='ocr_line' id='line_1_109' title="bbox 2403 4780 3976 4855; baseline -0.007 -13"><span class='ocrx_word' id='word_1_832' title='bbox 2403 4806 2519 4853; x_wconf 89' lang='grc' dir='ltr'><strong>κεν,</strong></span> <span class='ocrx_word' id='word_1_833' title='bbox 2584 4788 2699 4843; x_wconf 79' lang='grc' dir='ltr'><strong>ἀλλ’</strong></span> <span class='ocrx_word' id='word_1_834' title='bbox 2728 4786 2946 4854; x_wconf 71' lang='grc' dir='ltr'><strong>εκείνην</strong></span> <span class='ocrx_word' id='word_1_835' title='bbox 2971 4782 3071 4855; x_wconf 83' lang='grc' dir='ltr'><strong>τὴν</strong></span> <span class='ocrx_word' id='word_1_836' title='bbox 3096 4784 3202 4838; x_wconf 85' lang='grc' dir='ltr'><strong>ἀπὸ</strong></span> <span class='ocrx_word' id='word_1_837' title='bbox 3229 4782 3321 4835; x_wconf 83' lang='grc' dir='ltr'><strong>τοῦ</strong></span> <span class='ocrx_word' id='word_1_838' title='bbox 3351 4780 3603 4850; x_wconf 86' lang='grc' dir='ltr'><strong>σώματος</strong></span> <span class='ocrx_word' id='word_1_839' title='bbox 3630 4784 3976 4839; x_wconf 77' lang='grc' dir='ltr'><strong>ἀποπτᾶσαν,</strong></span> 
     </span>
    </p>
   </div>
   <div class='ocr_carea' id='block_1_110' title="bbox 2399 4873 3977 4949">
    <p class='ocr_par' dir='ltr' id='par_1_110' title="bbox 2399 4873 3977 4949">
     <span class='ocr_line' id='line_1_110' title="bbox 2399 4873 3977 4949; baseline -0.007 -13"><span class='ocrx_word' id='word_1_840' title='bbox 2399 4883 2601 4949; x_wconf 75' lang='grc' dir='ltr'><strong>ταύτην</strong></span> <span class='ocrx_word' id='word_1_841' title='bbox 2650 4879 2872 4947; x_wconf 76' lang='grc' dir='ltr'><strong>ἐποίησε</strong></span> <span class='ocrx_word' id='word_1_842' title='bbox 2920 4876 3227 4946; x_wconf 70' lang='grc' dir='ltr'><strong>στραφῆναι</strong></span> <span class='ocrx_word' id='word_1_843' title='bbox 3258 4874 3345 4927; x_wconf 77' lang='grc' dir='ltr'><strong>ἐπ’</strong></span> <span class='ocrx_word' id='word_1_844' title='bbox 3392 4873 3544 4926; x_wconf 79' lang='grc' dir='ltr'><strong>αὑτό.</strong></span> <span class='ocrx_word' id='word_1_845' title='bbox 3590 4873 3892 4937; x_wconf 78' lang='grc' dir='ltr'><strong>Διετάξατο</strong></span> <span class='ocrx_word' id='word_1_846' title='bbox 3927 4874 3977 4925; x_wconf 70' lang='grc' dir='ltr'><strong>δὲ</strong></span> 
     </span>
    </p>
   </div>
   <div class='ocr_carea' id='block_1_111' title="bbox 2395 4964 3977 5043">
    <p class='ocr_par' dir='ltr' id='par_1_111' title="bbox 2395 4964 3977 5043">
     <span class='ocr_line' id='line_1_111' title="bbox 2395 4964 3977 5043; baseline -0.007 -17"><span class='ocrx_word' id='word_1_847' title='bbox 2395 4976 2530 5043; x_wconf 71' lang='grc' dir='ltr'><strong>αὑτῇ</strong></span> <span class='ocrx_word' id='word_1_848' title='bbox 2564 4972 2786 5041; x_wconf 80' lang='grc' dir='ltr'><strong>δοθῆναι</strong></span> <span class='ocrx_word' id='word_1_849' title='bbox 2840 4972 3055 5037; x_wconf 83' lang='grc' dir='ltr'><strong>φαγεῖν,</strong></span> <span class='ocrx_word' id='word_1_850' title='bbox 3108 4968 3242 5036; x_wconf 74' lang='grc' dir='ltr'><strong>πρὸς</strong></span> <span class='ocrx_word' id='word_1_851' title='bbox 3303 4964 3571 5016; x_wconf 86' lang='grc' dir='ltr'><strong>πίστωσιν</strong></span> <span class='ocrx_word' id='word_1_852' title='bbox 3615 4964 3841 5017; x_wconf 76' lang='grc' dir='ltr'><strong>πλείονα</strong></span> <span class='ocrx_word' id='word_1_853' title='bbox 3891 4964 3977 5019; x_wconf 80' lang='grc' dir='ltr'><strong>καὶ</strong></span> 
     </span>
    </p>
   </div>
   <div class='ocr_carea' id='block_1_112' title="bbox 2399 5054 3973 5133">
    <p class='ocr_par' dir='ltr' id='par_1_112' title="bbox 2399 5054 3973 5133">
     <span class='ocr_line' id='line_1_112' title="bbox 2399 5054 3973 5133; baseline -0.006 -18"><span class='ocrx_word' id='word_1_854' title='bbox 2399 5064 2687 5133; x_wconf 76' lang='grc' dir='ltr'><strong>βεϐαίωσιν</strong></span> <span class='ocrx_word' id='word_1_855' title='bbox 2734 5059 2827 5112; x_wconf 86' lang='grc' dir='ltr'><strong>τοῦ</strong></span> <span class='ocrx_word' id='word_1_856' title='bbox 2882 5058 3097 5125; x_wconf 84' lang='grc' dir='ltr'><strong>ἀληθῶς</strong></span> <span class='ocrx_word' id='word_1_857' title='bbox 3134 5055 3302 5125; x_wconf 75' lang='grc' dir='ltr'><strong>αὐτὴν</strong></span> <span class='ocrx_word' id='word_1_858' title='bbox 3353 5054 3675 5121; x_wconf 78' lang='grc' dir='ltr'><strong>ἀναστῆναι.</strong></span> <span class='ocrx_word' id='word_1_859' title='bbox 3724 5054 3885 5107; x_wconf 77' lang='grc' dir='ltr'><strong>ἐστι</strong></span> <span class='ocrx_word' id='word_1_860' title='bbox 3926 5054 3973 5105; x_wconf 78' lang='grc' dir='ltr'><strong>δὲ</strong></span> 
     </span>
    </p>
   </div>
   <div class='ocr_carea' id='block_1_113' title="bbox 2398 5147 3970 5219">
    <p class='ocr_par' dir='ltr' id='par_1_113' title="bbox 2398 5147 3970 5219">
     <span class='ocr_line' id='line_1_113' title="bbox 2398 5147 3970 5219; baseline -0.007 -11"><span class='ocrx_word' id='word_1_861' title='bbox 2398 5159 2489 5210; x_wconf 65' lang='grc' dir='ltr'><strong>καὶ</strong></span> <span class='ocrx_word' id='word_1_862' title='bbox 2519 5154 2659 5207; x_wconf 70' lang='grc' dir='ltr'><strong>οὕτω</strong></span> <span class='ocrx_word' id='word_1_863' title='bbox 2696 5155 2869 5207; x_wconf 80' lang='grc' dir='ltr'><strong>ταῦτα</strong></span> <span class='ocrx_word' id='word_1_864' title='bbox 2908 5152 3121 5219; x_wconf 77' lang='grc' dir='ltr'><strong>νοήσαι-</strong></span> <span class='ocrx_word' id='word_1_865' title='bbox 3155 5151 3454 5219; x_wconf 45' lang='lat' dir='ltr'><strong>alga/appos;</strong></span> <span class='ocrx_word' id='word_1_866' title='bbox 3484 5148 3599 5199; x_wconf 72' lang='grc' dir='ltr'><strong>ἐστὶ</strong></span> <span class='ocrx_word' id='word_1_867' title='bbox 3652 5148 3803 5199; x_wconf 76' lang='grc' dir='ltr'><strong>πᾶσι</strong></span> <span class='ocrx_word' id='word_1_868' title='bbox 3835 5147 3970 5217; x_wconf 71' lang='grc' dir='ltr'><strong>ψυχὴ</strong></span> 
     </span>
    </p>
   </div>
   <div class='ocr_carea' id='block_1_114' title="bbox 2400 5238 3973 5318">
    <p class='ocr_par' dir='ltr' id='par_1_114' title="bbox 2400 5238 3973 5318">
     <span class='ocr_line' id='line_1_114' title="bbox 2400 5238 3973 5318; baseline -0.008 -19"><span class='ocrx_word' id='word_1_869' title='bbox 2400 5249 2664 5318; x_wconf 77' lang='grc' dir='ltr'><strong>βλύζουσα</strong></span> <span class='ocrx_word' id='word_1_870' title='bbox 2720 5247 2810 5300; x_wconf 74' lang='grc' dir='ltr'><strong>καὶ</strong></span> <span class='ocrx_word' id='word_1_871' title='bbox 2853 5244 3178 5314; x_wconf 73' lang='grc' dir='ltr'><strong>πηγάξουσα</strong></span> <span class='ocrx_word' id='word_1_872' title='bbox 3227 5242 3325 5306; x_wconf 70' lang='grc' dir='ltr'><strong>τὴν</strong></span> <span class='ocrx_word' id='word_1_873' title='bbox 3370 5238 3649 5307; x_wconf 73' lang='grc' dir='ltr'><strong>αἱματώδη</strong></span> <span class='ocrx_word' id='word_1_874' title='bbox 3699 5241 3973 5308; x_wconf 74' lang='grc' dir='ltr'><strong>ἁμαρτίαν</strong></span> 
     </span>
    </p>
   </div>
   <div class='ocr_carea' id='block_1_115' title="bbox 2392 5330 3972 5409">
    <p class='ocr_par' dir='ltr' id='par_1_115' title="bbox 2392 5330 3972 5409">
     <span class='ocr_line' id='line_1_115' title="bbox 2392 5330 3972 5409; baseline -0.008 -17"><span class='ocrx_word' id='word_1_875' title='bbox 2392 5341 2485 5392; x_wconf 71' lang='grc' dir='ltr'><strong>καὶ</strong></span> <span class='ocrx_word' id='word_1_876' title='bbox 2527 5340 2776 5409; x_wconf 66' lang='grc' dir='ltr'><strong>φονικὴν.</strong></span> <span class='ocrx_word' id='word_1_877' title='bbox 2830 5339 2987 5390; x_wconf 66' lang='grc' dir='ltr'><strong>Πίσα</strong></span> <span class='ocrx_word' id='word_1_878' title='bbox 3029 5336 3134 5403; x_wconf 83' lang='grc' dir='ltr'><strong>γὰρ</strong></span> <span class='ocrx_word' id='word_1_879' title='bbox 3187 5331 3427 5403; x_wconf 83' lang='grc' dir='ltr'><strong>ἁμαρτία</strong></span> <span class='ocrx_word' id='word_1_880' title='bbox 3480 5330 3674 5399; x_wconf 77' lang='grc' dir='ltr'><strong>φονεύς</strong></span> <span class='ocrx_word' id='word_1_881' title='bbox 3724 5333 3841 5382; x_wconf 74' lang='grc' dir='ltr'><strong>ἐστι</strong></span> <span class='ocrx_word' id='word_1_882' title='bbox 3892 5330 3972 5381; x_wconf 76' lang='grc' dir='ltr'><strong>καὶ</strong></span> 
     </span>
    </p>
   </div>
   <div class='ocr_carea' id='block_1_116' title="bbox 2397 5420 3970 5501">
    <p class='ocr_par' dir='ltr' id='par_1_116' title="bbox 2397 5420 3970 5501">
     <span class='ocr_line' id='line_1_116' title="bbox 2397 5420 3970 5501; baseline -0.01 -16"><span class='ocrx_word' id='word_1_883' title='bbox 2397 5433 2634 5501; x_wconf 72' lang='grc' dir='ltr'><strong>σφαγεὺς</strong></span> <span class='ocrx_word' id='word_1_884' title='bbox 2664 5433 2759 5498; x_wconf 65' lang='grc' dir='ltr'><strong>τῆς</strong></span> <span class='ocrx_word' id='word_1_885' title='bbox 2788 5429 2985 5499; x_wconf 65' lang='grc' dir='ltr'><strong>ψυχῆς.</strong></span> <span class='ocrx_word' id='word_1_886' title='bbox 3019 5426 3166 5494; x_wconf 59' lang='lat' dir='ltr'><strong>sum</strong></span> <span class='ocrx_word' id='word_1_887' title='bbox 3198 5421 3345 5493; x_wconf 79' lang='grc' dir='ltr'><strong>οὗνὴ</strong></span> <span class='ocrx_word' id='word_1_888' title='bbox 3376 5423 3543 5493; x_wconf 73' lang='grc' dir='ltr'><strong>ψυχὴ,</strong></span> <span class='ocrx_word' id='word_1_889' title='bbox 3579 5423 3842 5491; x_wconf 58' lang='grc' dir='ltr'><strong>ἁψαμένη</strong></span> <span class='ocrx_word' id='word_1_890' title='bbox 3877 5420 3970 5472; x_wconf 75' lang='grc' dir='ltr'><strong>τῶν</strong></span> 
     </span>
    </p>
   </div>
   <div class='ocr_carea' id='block_1_117' title="bbox 2399 5512 3966 5593">
    <p class='ocr_par' dir='ltr' id='par_1_117' title="bbox 2399 5512 3966 5593">
     <span class='ocr_line' id='line_1_117' title="bbox 2399 5512 3966 5593; baseline -0.008 -18"><span class='ocrx_word' id='word_1_891' title='bbox 2399 5526 2624 5593; x_wconf 60' lang='grc' dir='ltr'><strong>ἱματίων</strong></span> <span class='ocrx_word' id='word_1_892' title='bbox 2652 5524 2743 5576; x_wconf 86' lang='grc' dir='ltr'><strong>τοῦ</strong></span> <span class='ocrx_word' id='word_1_893' title='bbox 2782 5522 2979 5591; x_wconf 74' lang='grc' dir='ltr'><strong>Ἰησοῦ,</strong></span> <span class='ocrx_word' id='word_1_894' title='bbox 3009 5520 3255 5573; x_wconf 80' lang='grc' dir='ltr'><strong>τουτέστι</strong></span> <span class='ocrx_word' id='word_1_895' title='bbox 3297 5518 3391 5587; x_wconf 77' lang='grc' dir='ltr'><strong>τῆς</strong></span> <span class='ocrx_word' id='word_1_896' title='bbox 3433 5514 3762 5585; x_wconf 77' lang='grc' dir='ltr'><strong>σαρκώσεως</strong></span> <span class='ocrx_word' id='word_1_897' title='bbox 3790 5512 3966 5571; x_wconf 71' lang='grc' dir='ltr'><strong>αὐτον,</strong></span> 
     </span>
    </p>
   </div>
   <div class='ocr_carea' id='block_1_118' title="bbox 2398 5604 3964 5682">
    <p class='ocr_par' dir='ltr' id='par_1_118' title="bbox 2398 5604 3964 5682">
     <span class='ocr_line' id='line_1_118' title="bbox 2398 5604 3964 5682; baseline -0.011 -11"><span class='ocrx_word' id='word_1_898' title='bbox 2398 5621 2493 5673; x_wconf 63' lang='grc' dir='ltr'><strong>καὶ</strong></span> <span class='ocrx_word' id='word_1_899' title='bbox 2546 5617 2885 5670; x_wconf 74' lang='grc' dir='ltr'><strong>πιστεύσασα</strong></span> <span class='ocrx_word' id='word_1_900' title='bbox 2919 5616 3000 5667; x_wconf 76' lang='grc' dir='ltr'><strong>ὅτι</strong></span> <span class='ocrx_word' id='word_1_901' title='bbox 3056 5614 3401 5682; x_wconf 78' lang='grc' dir='ltr'><strong>σεσαρκωται</strong></span> <span class='ocrx_word' id='word_1_902' title='bbox 3449 5611 3475 5661; x_wconf 90' lang='grc' dir='ltr'><strong>ό</strong></span> <span class='ocrx_word' id='word_1_903' title='bbox 3526 5607 3654 5669; x_wconf 72' lang='grc' dir='ltr'><strong>Υἱὸς</strong></span> <span class='ocrx_word' id='word_1_904' title='bbox 3702 5604 3796 5657; x_wconf 79' lang='grc' dir='ltr'><strong>τοῦ</strong></span> <span class='ocrx_word' id='word_1_905' title='bbox 3820 5604 3964 5663; x_wconf 68' lang='grc' dir='ltr'><strong>Θεοῦ,</strong></span> 
     </span>
    </p>
   </div>
   <div class='ocr_carea' id='block_1_119' title="bbox 2398 5697 3965 5777">
    <p class='ocr_par' dir='ltr' id='par_1_119' title="bbox 2398 5697 3965 5777">
     <span class='ocr_line' id='line_1_119' title="bbox 2398 5697 3965 5777; baseline -0.01 -14"><span class='ocrx_word' id='word_1_906' title='bbox 2398 5711 2701 5777; x_wconf 73' lang='grc' dir='ltr'><strong>ὑγιάζεται.</strong></span> <span class='ocrx_word' id='word_1_907' title='bbox 2744 5708 2858 5761; x_wconf 68' lang='grc' dir='ltr'><strong>Κᾶν</strong></span> <span class='ocrx_word' id='word_1_908' title='bbox 2893 5706 3340 5776; x_wconf 63' lang='grc' dir='ltr'><strong>ἀρχισυνάγωγος</strong></span> <span class='ocrx_word' id='word_1_909' title='bbox 3367 5701 3421 5754; x_wconf 82' lang='grc' dir='ltr'><strong>δέ</strong></span> <span class='ocrx_word' id='word_1_910' title='bbox 3454 5717 3536 5764; x_wconf 90' lang='grc' dir='ltr'><strong>τις</strong></span> <span class='ocrx_word' id='word_1_911' title='bbox 3570 5702 3677 5771; x_wconf 69' lang='grc' dir='ltr'><strong>εἴη,</strong></span> <span class='ocrx_word' id='word_1_912' title='bbox 3732 5697 3965 5752; x_wconf 72' lang='grc' dir='ltr'><strong>τουτέστι</strong></span> 
     </span>
    </p>
   </div>
  </div>
