4256 6432
733 401 841 466 819

1613 397 2183 459 ΤΗΕΟΡΗΥωεΤι
2220 396 2632 458 BULGARL‘E
2672 394 3030 456 ARCIIIEP.

3870 389 3985 453 8‘20

735 516 882 587 quod
909 514 954 569 si
981 514 1101 581 quis
1130 512 1356 569 voluerit
1390 515 1507 585 ejus
1538 513 1831 578 discipulus
1855 527 1996 575 esse,
2034 513 2171 567 mori
2200 514 2296 567 dc-
2323 512 2416 571 Αἰ

2323 513 2375 571 Α
2398 512 2482 566 ὃτι
2514 512 2567 565 εί
2585 528 2669 575 τις
2699 510 2840 564 θέλει
2886 508 3133 579 μαθητὴς
3156 506 3321 560 αὑτοῦ
3372 502 3513 559 εἶναι
3538 546 3553 569 ,
3609 502 3985 572 ἀποθνήσκειν

737 606 827 661 bet
850 619 955 660 non
984 603 1215 669 gloriosa
1249 614 1457 669 morte,
1498 606 1590 661 sed
1621 602 2011 672 contemptibili
2032 644 2049 668 ,
2083 612 2137 659 et
2163 604 2301 660 sicut

737 695 1124 751 condemnatus
1149 695 1347 750 occidi.
1381 696 1642 762 Quoniam
1670 703 1850 749 autem
1888 694 2040 750 multi
2074 695 2298 765 ignomi-

737 785 888 839 niosa
911 794 1083 841 morte
1114 786 1454 849 occiduntur,
1481 786 1574 841 sed
1608 788 1750 841 sicut
1783 786 2020 842 latrones
2048 802 2112 841 ac
2136 786 2300 841 male-

738 871 997 941 factores,
1064 885 1347 946 propterea
1392 875 1597 945 .adjieit
1636 877 1773 942 boc,
1816 887 1872 932 et
1905 885 2160 946 sequatur
2190 890 2296 943 me,

733 967 836 1021 hoc
886 976 992 1029 est,
1026 981 1239 1021 omnem
1272 967 1527 1022 virtutem
1563 977 1832 1024 exerceat.
1881 967 1981 1034 Qui
2021 969 2164 1023 enim
2199 983 2296 1023 ro-

733 1054 890 1109 luerit
912 1056 1147 1108 animum
1176 1071 1326 1110 suam
1354 1070 1577 1112 servare
1600 1096 1617 1120 ,
1647 1056 1833 1125 perdet
1867 1056 2036 1119 illam,
2063 1057 2163 1112 hoc
2190 1067 2292 1124 est,

733 1146 821 1211 qui
855 1145 1088 1200 voluerit
1113 1147 1295 1201 vivere
1320 1148 1472 1215 juxta
1514 1149 1796 1211 mundum,
1833 1148 1921 1202 hic
1951 1148 2145 1203 occidit
2178 1148 2295 1202 aui-

734 1252 897 1289 mam.
926 1234 1205 1291 Erubescit
1236 1237 1514 1293 Christum
1546 1239 1638 1308 qui
1670 1238 1800 1294 dicit
1832 1257 1847 1293 :
1876 1239 2152 1306 Quomodo
2177 1255 2296 1296 cre-

732 1328 854 1379 dam
894 1328 948 1381 in
978 1328 1294 1383 cruciﬁxum
1335 1340 1391 1382 et
1432 1330 1645 1384 illusum
1678 1330 1882 1384 Deum?
1922 1340 1976 1387 et
2019 1346 2298 1387 sermones

734 1418 873 1472 illius
906 1419 1195 1486 erubescit,
1213 1420 1304 1489 qui
1338 1418 1609 1490 Evangelii
1640 1421 2040 1491 simplicitatem
2070 1423 2292 1478 irridet:

732 1510 894 1564 talem
933 1520 1112 1566 autem
1140 1513 1422 1569 erubescet
1463 1520 1517 1567 et
1555 1512 1817 1569 Dominus
1861 1514 1916 1569 in
1960 1514 2126 1584 gloria
2164 1531 2294 1580 sua,

730 1604 833 1657 hoc
858 1610 963 1667 est,
986 1604 1042 1659 in
1066 1605 1303 1659 secundo
1324 1605 1580 1660 adventu.
1604 1607 1761 1673 Quod
1780 1614 1962 1661 autem
1985 1607 2137 1673 dicit,
2157 1608 2298 1665 hunc

728 1708 946 1750 sensum
978 1695 1137 1750 habet
1163 1715 1175 1749 :
1208 1700 1348 1751 sicut
1376 1698 1420 1753 si
1446 1698 1566 1768 quis
1588 1699 1972 1765 paterfamilias
1990 1700 2153 1756 habet
2182 1716 2297 1758 ser-

728 1801 853 1838 vum
880 1788 1103 1854 malum,
1133 1788 1405 1845 erubescit
1435 1790 1713 1847 nominare
1745 1792 1892 1845 illum
1925 1807 2139 1847 servum
2166 1808 2293 1863 pro.

728 1880 931 1943 prium,
984 1880 1059 1934 ita
1112 1890 1167 1935 et
1220 1895 1341 1951 ego,
1387 1882 1600 1952 inquit,
1651 1884 1968 1939 erubescam
2015 1885 2294 1941 nominare

727 1984 943 2023 servum
997 1985 1173 2026 meum
1225 1986 1349 2026 eum
1388 1975 1479 2041 qui
1517 1975 1865 2042 abnegaverit
1914 1991 2019 2030 me.
2055 1976 2122 2031 Et
2168 1977 2293 2047 quia

727 2074 890 2128 supra
918 2060 1053 2116 dixit
1091 2060 1235 2127 :Qui
1279 2064 1455 2131 perdit
1486 2065 1722 2119 animam
1762 2081 1947 2133 suam,
1976 2069 2204 2124 salvabit
2229 2069 2294 2123 il-

728 2153 833 2204 lam
864 2166 885 2205 :
905 2152 1093 2209 volens
1112 2164 1414 2210 monstrare
1441 2172 1688 2228 quaenam
1716 2160 1853 2215 bona
1889 2161 2025 2217 tales
2054 2177 2296 2218 merean-

728 2256 836 2308 tur,
870 2244 1000 2299 dit'it
1036 2261 1049 2296 :
1081 2244 1405 2320 Suu1335
1431 2249 1651 2318 quidam
1684 2266 1751 2306 ex
1782 2251 1868 2307 his
1902 2255 1991 2323 qui
2026 2255 2115 2309 bic
2145 2264 2294 2322 sunt,

725 2336 822 2402 qui
865 2349 972 2390 non
1015 2338 1315 2393 morientur
1342 2341 1514 2396 donec
1540 2342 1771 2396 viderint
1802 2358 2023 2413 regnum
2050 2344 2165 2411 Dei,
2194 2347 2296 2401 boc

725 2433 829 2487 est,
861 2426 1107 2493 gloriam.
1140 2428 1197 2483 in
1244 2444 1350 2499 qua
1388 2429 1558 2485 futuri
1589 2440 1717 2487 sunt
1751 2431 1905 2499 Justi.
1955 2433 2067 2488 lloc
2115 2445 2293 2490 autem

726 2515 864 2570 dixit
896 2518 963 2571 de
1003 2518 1476 2589 transiiguratione
1522 2537 1643 2578 sua.
1685 2521 2115 2595 Transﬁguratio
2148 2527 2292 2581 enim

730 2610 897 2677 iigura
942 2610 1041 2665 fuit
1070 2611 1265 2669 future
1289 2612 1473 2684 gloria:
1504 2629 1522 2668 :
1550 2624 1605 2671 et
1636 2617 1779 2671 sicut
1803 2619 1856 2669 in
1882 2618 1981 2672 hac
2009 2618 2166 2675 Iesus
2194 2621 2294 2673 mi-

728 2701 972 2758 rabiliter
998 2704 1309 2775 l‘ulguravit,
1335 2707 1409 2761 ita
1442 2708 1557 2775 pari
1589 2706 1760 2762 forma
1793 2718 1921 2764 tunc
1948 2717 2003 2764 et
2031 2710 2161 2780 justi
2188 2710 2295 2765 lul-

724 2794 948 2864 gebunt.
966 2794 1103 2850 Sunt
1121 2796 1289 2866 igitur
1303 2797 1541 2867 quidam,
1558 2798 1704 2867 inqui
1713 2796 2021 2868 t,Joannes,
2039 2799 2296 2869 Jacobus,

723 2896 780 2943 et
820 2885 1033 2953 Petrus,
1062 2890 1153 2959 qui
1194 2903 1301 2945 non
1329 2892 1847 2961 prcoccupabuntur
1886 2906 2079 2961 morte,
2122 2894 2295 2953 donec

722 2980 960 3035 viderint
988 2981 1165 3051 inqua
1186 2982 1357 3053 gloria
1378 2983 1542 3039 futuri
1570 2994 1696 3039 sunt
1720 2984 1811 3054 qui
1834 3000 1922 3043 me
1942 2986 2291 3045 conﬁtentur.

723 3071 986 3127 \‘iderunt
1020 3085 1200 3130 autem
1235 3076 1336 3130 hoc
1362 3076 1413 3130 in
1448 3076 1939 3147 transilguratione.

793 3339 961 3392 Vens.
985 3338 1177 3393 28-36.
1211 3357 1231 3390 ι
1264 3338 1485 3394 Factum
1521 3349 1607 3396 est
1630 3349 1808 3396 autem
1835 3352 1953 3411 post
1982 3343 2097 3399 haec
2129 3346 2289 3401 verba

718 3428 835 3483 fere
866 3429 1057 3483 diebus
1084 3437 1228 3494 octo,
1265 3439 1322 3483 et
1351 3431 1646 3498 assumpsit
1685 3430 1903 3486 Petrum
1935 3442 1988 3487 et
2028 3432 2290 3491 Joannem

720 3529 775 3573 et
800 3518 1086 3584 Jacobum,
1128 3528 1182 3575 et
1214 3521 1459 3575 ascendit
1495 3522 1550 3575 in
1598 3532 1838 3578 montem
1884 3534 1943 3578 ut
1989 3536 2189 3581 oraret.
2230 3528 2295 3583 Et

721 3611 862 3664 facta
897 3618 1003 3675 est,
1039 3610 1166 3663 dum
1213 3620 1418 3678 oraret,
1457 3612 1669 3680 species
1699 3612 1879 3668 vultus
1924 3613 2039 3681 ejus
2080 3614 2206 3679 alia,
2236 3626 2293 3672 et

722 3702 948 3758 vestitus
990 3702 1107 3772 ejus
1136 3701 1292 3758 albus
1336 3714 1390 3757 et
1437 3703 1724 3773 refulgens.
1778 3705 1843 3760 l'lt
1879 3720 2005 3760 ecce
2041 3708 2147 3762 duo
2190 3710 2292 3763 viri

719 3794 1079 3861 loquebantur
1126 3808 1247 3849 cum
1292 3794 1404 3859 illo,
1456 3796 1547 3863 qui
1598 3802 1754 3849 erant
1792 3795 1970 3852 Moses
2016 3806 2071 3853 et
2118 3798 2287 3868 Elias,

723 3885 815 3953 qui
844 3886 945 3939 visi
991 3886 1044 3939 in
1078 3886 1365 3955 majestate
1397 3887 1648 3942 dicebant
1680 3901 1959 3942 excessum
1989 3889 2105 3959 ejus
2132 3906 2292 3959 quem

719 3976 1093 4046 completurus
1159 3986 1299 4033 erat.
1356 3975 1549 4034 Petrus
1602 3993 1732 4033 vero
1778 3986 1832 4033 et
1880 3980 1971 4048 qui
2027 3995 2148 4035 cum
2203 3981 2294 4037 illo

717 4078 895 4135 erant,
930 4071 1137 4141 gravati
1162 4079 1317 4127 erant
1345 4085 1560 4126 somno.
1596 4070 1906 4140 Experrecti
1938 4080 2119 4127 autem
2145 4074 2294 4130 vide-

722 4176 846 4215 runt
872 4165 1207 4233 majestatem
1234 4162 1371 4231 ejus,
1404 4173 1460 4219 et
1484 4164 1619 4220 duos
1640 4166 1788 4219 viros
1810 4166 1902 4233 qui
1930 4167 2145 4221 stabant
2166 4183 2290 4222 cum

720 4256 833 4309 illo.
890 4254 957 4309 Et
1003 4255 1203 4310 factum
1252 4264 1335 4311 est
1384 4270 1504 4311 cum
1555 4256 1897 4311 discederent
1944 4257 2015 4312 ab
2058 4258 2169 4323 illo,
2217 4259 2295 4315 ait

718 4346 910 4402 Petrus
948 4349 1013 4402 ad
1051 4348 1261 4413 Jesum,
1294 4347 1625 4417 Praeceptor,
1680 4351 1879 4404 bonum
1930 4358 2013 4406 est
2060 4366 2159 4405 nos
2207 4352 2295 4407 bic

717 4453 859 4505 esse,
908 4448 962 4495 et
1006 4437 1271 4494 iaciamus
1316 4439 1416 4493 tria
1468 4439 1836 4506 tabernacula,
1874 4456 2038 4495 unum
2077 4442 2193 4505 tibi,
2238 4451 2294 4497 et

2399 602 2602 671 ὀφείλει
2636 603 2736 655 οὐκ
2779 600 2989 665 ινδοξον
3021 598 3276 663 θάνατον,
3306 596 3423 650 ἀλλ’
3474 595 3838 649 ἐπονείδιστον
3858 638 3873 659 ,
3908 594 3988 661 ὡς

2401 694 2729 762 κατάκριτος
2759 691 3138 761 φονευόμενος.
3186 689 3343 743 Ἐπεὶ
3365 688 3421 741 δὲ
3447 685 3632 740 πολλοὶ
3655 685 3985 755 φονεύονται

2401 786 2501 851 μὲν
2528 782 2926 847 ὶπονειδίστως,
2949 781 3067 836 ἀλλ’
3100 780 3176 845 ὡς
3196 780 3395 851 λῃσταὶ
3425 778 3523 833 καὶ
3545 778 3856 838 κακοποιοὶ,
3891 774 3987 829 διὰ

2397 876 2555 930 τοῦτο
2579 874 2887 947 προσέθηκε
2918 874 3001 938 τὸ,
3037 871 3147 926 Καὶ
3172 868 3537 925 ἀκολουθείτω
3561 886 3672 939 μοι,
3706 867 3985 931 τουτέστι,

2399 963 2577 1015 πᾶσαν
2611 962 2811 1031 ἀρετὴν
2838 960 3205 1031 μετερχέσθω,
3237 960 3331 1021 ’ος
3359 958 3467 1029 γάρ
3496 956 3565 1010 ἀν
3590 956 3719 1027 θέλῃ
3746 955 3847 1027 τὴν
3877 955 3986 1025 ψυ-

2399 1052 2500 1125 χὴν
2521 1052 2685 1108 αὑτοῦ
2719 1052 2911 1116 σῶσαι,
2946 1051 3202 1106 ἀπολέσει
3237 1048 3410 1119 αὐτὴν
3429 1090 3445 1115 ,
3476 1047 3783 1109 τουτέστιν,
3818 1046 3881 1109 δς
3911 1046 3983 1100 ἀν

2400 1145 2529 1218 θέλῃ
2573 1145 2735 1215 ζῆσαι
2784 1141 2927 1196 κατά
2969 1142 3196 1211 κόσμον,
3235 1134 3392 1203 οὗτος
3438 1137 3801 1193 ἀποθανεῖται
3837 1136 3988 1189 κατά

2396 1236 2596 1308 ψυχήν.
2633 1235 3049 1307 Ἐπαισχύνεται
3073 1234 3130 1289 δὲ
3160 1234 3255 1287 τὸν
3283 1231 3516 1301 Χριστὸν
3536 1270 3551 1296 ,
3585 1232 3614 1283 ό
3640 1230 3839 1297 λέγων,
3871 1229 3985 1291 ὅτε,

2398 1326 2523 1388 Πῶς
2558 1326 2834 1381 πιστεύσω
2876 1322 3281 1395 ἐσταυρωμένῳ
3298 1320 3417 1391 Θεῷ
3446 1322 3541 1374 καὶ
3570 1318 3931 1389 ἰμπαιχθέντι
3966 1336 3983 1383 ;

2397 1418 2533 1472 ἀλλά
2566 1420 2661 1473 καὶ
2690 1420 2816 1481 τοὺς
2838 1417 3003 1472 αὑτοῦ
3031 1416 3224 1484 λόγους
3256 1412 3668 1482 ἐπαισχύνεται,
3696 1412 3725 1463 ό
3754 1410 3855 1479 τὴν
3884 1409 3987 1462 τοῦ

2398 1510 2731 1579 Εύαγγελίου
2766 1510 3033 1563 ἰδιωτείαν
3061 1507 3359 1576 διασύρων.
3394 1504 3649 1558 Τοιοῦτον
3682 1502 3777 1556 οὖν
3818 1504 3984 1555 luat-

2399 1599 2759 1671 σχυνθήσεται
2797 1600 2827 1651 ό
2860 1599 3065 1669 Κύριος
3099 1600 3158 1653 ἰν
3187 1601 3255 1669 τῇ
3285 1596 3413 1668 δόξῃ
3440 1593 3610 1649 αὐτοῦ
3637 1633 3655 1658 ,
3695 1592 3981 1655 τουτέστι,

2394 1692 2461 1761 τῇ
2495 1690 2721 1762 δευτέρᾳ
2759 1690 3048 1762 παρουσίᾳ.
3087 1690 3153 1742 ὐ
3199 1687 3258 1742 δὲ
3304 1687 3455 1755 λέγει
3498 1684 3736 1739 τοιοῦτόν
3787 1685 3977 1736 έστινο

2398 1784 2611 1852 Ὠσπερ
2652 1783 2747 1838 ἰάν
2791 1799 2873 1846 τις
2899 1781 3287 1849 οἰκοδεσπότης
3330 1779 3432 1850 Im
3475 1778 3662 1833 δοῦλον
3715 1774 3980 1845 πονηρὸν,

2396 1874 2713 1944 αἰσχύνεται
2737 1873 3003 1944 ὀνομάσαι
3030 1871 3223 1926 τοῦτον
3250 1870 3439 1925 δοῦλον
3461 1872 3683 1934 οἰκεῖον,
3712 1868 3857 1922 οὕτω
3886 1866 3985 1921 καὶ

2395 1961 2531 2030 ἐγὼ,
2549 1963 2734 2033 φησιν,
2752 1960 3187 2033 αἰσχυνθήσομαι
3208 1959 3474 2027 ὀνομάσαι
3493 1958 3679 2012 δοῦλον
3705 1958 3861 2028 έμὸν,
3888 1956 3983 2009 τὸν

2396 2054 2774 2124 ἀρνησάμενόν
2820 2069 2908 2124 με.
2976 2052 3129 2107 Ἐπεὶ
3176 2052 3235 2106 δὲ
3286 2046 3441 2105 εἶπεν
3476 2051 3609 2113 ἀνω,
3651 2050 3733 2103 ὅτι
3764 2048 3863 2111 ’ος
3914 2047 3984 2101 ἂν

2395 2143 2635 2215 ἀπολέσῃ
2656 2143 2755 2215 τὴν
2772 2144 2951 2215 ψυχὴν
2973 2143 3161 2209 αὐτοῦ,
3184 2142 3351 2196 σώσει
3378 2141 3571 2212 αὐτὴν,
3589 2139 3765 2193 θέλων
3785 2138 3979 2203 δεῖξαι,

2397 2236 2565 2289 ποίων
2593 2235 2814 2303 ἀγαθῶν
2849 2233 3229 2300 καταξιοῦνται
3254 2238 3303 2288 oi
3329 2234 3583 2298 τοιοῦτοι,
3618 2231 3788 2302 φησίν
3811 2246 3826 2262 ·
3852 2228 3978 2283 Εἰσί

2396 2342 2541 2389 τινες
2558 2325 2669 2381 τῶν
2692 2319 2815 2392 ὧδε,
2845 2326 2898 2380 οῖ
2919 2326 2981 2380 οὔ
3008 2311 3084 2397 μὴ
3107 2325 3460 2381 ἀποθάνωσιν
3484 2325 3588 2388 ἓως
3610 2322 3679 2378 ἂν
3704 2323 3858 2377 ῖδωσι
3880 2320 3982 2391 τὴν

2398 2416 2677 2486 βασιλείαν
2702 2415 2798 2470 τοῦ
2830 2416 2967 2470 Θεοῦ
2992 2460 3007 2482 ,
3037 2418 3286 2471 τουτέστι
3308 2458 3323 2483 ,
3356 2419 3457 2486 τὴν
3486 2415 3647 2481 δόξαν
3677 2415 3738 2467 έν
3768 2407 3804 2487 ᾗ
3850 2413 3984 2484 μέλ-

2394 2508 2577 2561 λουσιν
2621 2506 2842 2561 έσεσθαι
2880 2509 2929 2560 οἰ
2959 2506 3180 2561 δίκαιοι.
3218 2506 3393 2561 Τοῦτο
3424 2506 3482 2559 δὲ
3523 2503 3646 2559 εἰπε
3700 2506 3835 2573 περὶ
3878 2504 3979 2573 τῆς

2400 2600 2898 2672 μεταμορφώσεως.
2938 2600 3005 2653 Ἡ
3055 2600 3164 2671 γὰρ
3217 2599 3643 2670 μεταμόρφωσις
3686 2597 3858 2660 τύπος
3912 2590 3982 2665 ἦν

2395 2692 2498 2762 τῆς
2522 2690 2824 2763 μελλούσης
2844 2691 2959 2745 ἀνω
2975 2690 3157 2758 δόξης,
3174 2692 3270 2745 καὶ
3292 2690 3486 2761 ὥσπερ
3508 2692 3567 2743 έν
3582 2690 3755 2761 ταύτῃ
3779 2690 3979 2758 ἤστρα-

2395 2783 2553 2854 ψενό
2591 2783 2801 2853 Ἰησοῦς
2832 2783 3190 2854 παραδόξως,
3225 2782 3402 2846 οὕτως
3444 2782 3724 2850 ἀναλόγως
3760 2780 3885 2834 τότε
3926 2780 3978 2833 οἰ

2392 2875 2591 2929 δίκαιοι
2616 2872 2939 2945 λάμψουσιν,
2974 2874 3127 2927 Εἰσὶν
3162 2871 3275 2938 οὖν,
3303 2874 3460 2943 φησι,
3490 2873 3657 2935 τινὲς,
3697 2872 3975 2942 Ἰωάννης,

2393 2964 2600 3035 Πέτρος
2626 2965 2723 3017 καὶ
2766 2961 3046 3025 Ἰάκωϐος,
3083 2962 3135 3016 οἶ
3158 2962 3219 3014 οὐ
3252 2962 3328 3033 μὴ
3352 2961 3634 3031 φθάσωσιν
3656 2960 3976 3024 ἀποθανεῖν,

2393 3056 2500 3118 ἕως
2536 3056 2603 3110 ἂν
2645 3056 2831 3109 ἴδωσιν
2864 3056 2923 3108 ἐν
2952 3054 3082 3124 ποία
3122 3054 3250 3126 δόξῃ
3294 3055 3513 3108 ἔσονται
3544 3056 3595 3107 οἰ
3642 3054 3744 3123 {pl
3790 3052 3979 3120 ὁμολο-

2322 3197 2366 3255 c
2398 3148 2646 3214 Toﬁ‘wsc.
2676 3147 2857 3202 Ἰδωσι
2886 3147 2943 3201 δι
2968 3145 3127 3200 τοῦτο
3155 3148 3215 3200 έν
3238 3145 3318 3217 τῷ
3348 3146 3527 3217 καιρῷ
3556 3146 3657 3216 τῆς
3698 3161 3977 3217 μεταμορ·

2399 3257 2647 3311 φωσεως.

2475 3349 2493 3381 ε
2518 3329 2762 3398 Ἐγένετο
2791 3329 2847 3383 δὲ
2884 3327 3024 3399 μετά
3056 3329 3184 3391 τοὺς
3206 3328 3397 3395 λόγους
3422 3326 3646 3391 τούτους
3668 3326 3804 3381 ὡσεὶ
3833 3327 3974 3397 ἠμέ-

2398 3440 2491 3492 ραι
2518 3421 2682 3488 ὀκτὼ,
2725 3422 2821 3475 καὶ
2878 3422 3217 3491 παραλαϐὼν
3280 3420 3506 3492 Πέτρον,
3544 3420 3641 3473 καὶ
3694 3419 3975 3486 Ἰωάννην,

2396 3515 2491 3567 καὶ
2534 3512 2812 3577 Ἰάκωϐον,
2844 3512 3016 3582 ἀνέϐη
3045 3513 3127 3575 εἰς
3155 3513 3219 3566 τό
3246 3512 3372 3583 ὄρος
3401 3508 3827 3581 προσεύξασθαι.
3864 3510 3978 3564 Καὶ

2393 3606 2632 3671 ἐγένετο,
2694 3605 2751 3657 ὲν
2790 3603 2867 3673 τῷ
2905 3602 3308 3673 προσεύχεσθαι
3358 3602 3539 3667 αὑτὸν,
3572 3601 3633 3653 τὸ
3688 3595 3830 3662 εἶδος
3882 3598 3977 3652 τοῦ

2395 3697 2689 3767 προσώπου
2719 3695 2885 3749 αὑτοῦ
2918 3695 3132 3765 ἕτερον,
3159 3694 3254 3748 καὶ
3278 3695 3307 3746 ό
3330 3692 3623 3763 ἱματισμὸς
3652 3688 3819 3743 αὐτοῦ
3853 3690 3978 3773 λευτ-

2395 3793 2490 3854 κὸς
2518 3790 2930 3859 ἐξαστράπτων.
2987 3788 3099 3839 Καὶ
3144 3785 3253 3839 ἰδοὺ
3301 3785 3494 3855 ἄνδρες
3516 3783 3608 3835 δύο
3653 3782 3977 3834 συνελάλουν

2393 3882 2564 3954 αὐτῷ,
2615 3883 2810 3942 οἵτινες
2838 3876 2979 3951 ἦσαν
3000 3880 3207 3949 Μωσῆς
3227 3880 3320 3931 καὶ
3353 3876 3563 3942 Ἠλίας,
3614 3876 3665 3929 οἶ
3716 3875 3977 3944 ἀρθέντες

2392 3978 2453 4031 έν
2482 3976 2630 4048 δόξῃ,
2687 3974 2875 4042 ελεγον
2906 3974 3005 4040 τὴν
3034 3970 3213 4038 ἔξοδον
3237 3970 3427 4036 αὑτοῦ,
3468 3971 3535 4038 ἢν
3593 3967 3790 4038 εμελλε
3839 3968 3977 4036 πλη-

2397 4067 2525 4139 ροῦν
2552 4071 2610 4121 ἰν
2656 4065 3035 4138 Ἰερουσαλήμ.
3068 4065 3129 4117 '0
3158 4063 3216 4116 δὲ
3249 4063 3452 4132 Πέτρος
3478 4062 3573 4114 καὶ
3600 4062 3650 4114 οἰ
3683 4060 3781 4113 σὺν
3802 4059 3974 4128 αὐτῷ,

2393 4154 2533 4229 ἦσαν
2567 4156 2939 4227 βεϐαρημένοι
2972 4152 3158 4224 ὕπνῳ.
3192 4152 3743 4224 Διαγρηγορήσαντες
3794 4150 3874 4217 δὲ,
3900 4145 3975 4203 ei-

2393 4248 2483 4300 δον
2536 4249 2636 4318 τὴν
2696 4247 2857 4311 δόξαν
2921 4244 3112 4299 αὐτοῦ.
3153 4246 3265 4299 Καὶ
3309 4246 3435 4307 τοὺς
3483 4245 3579 4297 δύο
3606 4243 3811 4313 ἄνδρας
3850 4244 3976 4305 τοὺς

2397 4338 2741 4401 συνεστῶτας
2772 4336 2923 4407 αύτῷ
2943 4354 2956 4368 ·
2983 4337 3079 4391 καὶ
3109 4337 3328 4405 ἐγένετο
3362 4338 3421 4390 έν
3447 4336 3526 4405 τῷ
3549 4333 3975 4406 διαχωρίζεσθαι

2396 4430 2591 4492 αὐτοὺς
2626 4428 2722 4481 ἀπ’
2768 4426 2958 4493 αὑτοῦ,
2982 4426 3136 4479 εἶπεν
3164 4430 3192 4480 ὀ
3212 4427 3419 4495 Πέτρος
3446 4426 3581 4496 πρὸς
3603 4426 3697 4479 τὸν
3720 4424 3932 4495 Ἰησοῦν
3954 4442 3969 4456 ο

720 4547 887 4585 unum
917 4532 1074 4596 Mosi,
1106 4543 1158 4587 et
1188 4548 1353 4586 unum
1405 4532 1555 4598 Elia},
1607 4532 1853 4587 nesciens
1892 4535 2019 4601 quid
2060 4535 2283 4590 diceret.
2318 4535 2364 4591 Ι)
2393 4522 2401 4541 ’

2318 4535 2364 4591 ι)
2393 4522 2712 4585 Ἐπιστάτα,
2744 4521 2908 4575 καλόν
2946 4524 3094 4575 ἐστιν
3122 4522 3272 4591 ἡμᾶς
3320 4512 3422 4574 ὦδε
3458 4514 3621 4583 εἷναι,
3676 4520 3772 4573 καὶ
3811 4521 3972 4589 ποιή-

721 4622 841 4677 Ιιτοο
872 4633 1052 4677 autem
1085 4622 1174 4676 illo
1213 4622 1465 4691 loquente
1495 4621 1635 4677 facta
1671 4632 1755 4677 est
1789 4624 1980 4687 nubes,
2016 4634 2066 4677 et
2098 4627 2288 4682 obum-

718 4716 895 4771 bravit
941 4731 1055 4771 eos.
1115 4715 1435 4771 Timuerunt
1484 4726 1665 4771 autem
1715 4719 2040 4773 intrantibus
2084 4720 2187 4774 illis
2236 4722 2286 4776 in

717 4807 910 4861 nubem
947 4826 959 4860 :
997 4818 1053 4861 et
1081 4823 1179 4862 vox
1215 4807 1354 4863 facta
1386 4818 1469 4863 est
1499 4810 1567 4865 de
1588 4810 1729 4865 nube
1752 4851 1766 4876 ,
1811 4813 1995 4865 dicens
2026 4829 2039 4865 :
2079 4810 2173 4864 llic
2205 4822 2289 4867 est

717 4898 885 4951 Filius
927 4913 1077 4951 meus
1125 4898 1377 4965 dilectus,
1413 4898 1587 4969 ipsuut
1630 4902 1833 4955 audite.
1866 4900 1933 4956 Et
1966 4902 2093 4956 dum
2139 4902 2290 4957 lieret

716 5006 843 5056 vos,
878 4990 1128 5045 inventus
1171 5000 1257 5045 est
1286 4988 1441 5046 Jesus
1474 4991 1639 5058 solus,
1677 5002 1731 5049 et
1768 4994 1867 5062 ipsi
1895 5003 2200 5057 tacuerunt,
2233 5008 2289 5049 et

717 5082 921 5137 nemini
958 5082 1210 5137 dixerunt
1254 5083 1307 5135 in
1349 5082 1456 5138 illis
1506 5083 1695 5139 diebus
1741 5086 2036 5155 quidquam
2089 5100 2154 5139 ex
2206 5086 2289 5141 bis

715 5190 836 5244 qua:
876 5174 1146 5229 viderant.
1187 5193 1206 5227 ι
1247 5173 1528 5229 Matthmus
1573 5177 1703 5231 dicit
1734 5193 1829 5231 sex
1867 5178 1983 5232 dies
2028 5180 2288 5233 transisse

718 5278 838 5336 post
886 5282 1172 5323 sermones
1215 5267 1335 5332 hos,
1366 5276 1421 5321 et
1470 5278 1597 5321 tunc
1631 5265 1813 5323 Jcsnm
1872 5269 2181 5322 ascendisse
2232 5269 2284 5323 iu

716 5370 974 5413 montem.
1022 5359 1199 5415 Lucas
1244 5369 1426 5414 autem
1470 5360 1605 5413 dicit
1652 5371 1773 5415 octo
1818 5360 2098 5416 transisse.
2149 5359 2285 5415 Nam

719 5449 804 5501 ille
839 5449 984 5502 solas
1014 5449 1129 5502 dies
1163 5450 1512 5505 intermedias
1544 5450 1673 5502 dicit
1709 5469 1721 5505 :
1750 5451 1922 5505 Lucas
1962 5463 2141 5505 autem
2182 5468 2285 5506 nou

717 5541 1067 5593 intermedias
1102 5541 1263 5605 solas,
1308 5542 1401 5595 sed
1448 5552 1502 5596 et
1532 5543 1671 5595 diem
1714 5558 1814 5611 qua
1846 5544 1975 5597 dicti
2024 5554 2145 5597 sunt
2176 5560 2287 5599 ser-

717 5647 903 5684 mnnes
964 5630 1058 5691 illi,
1108 5639 1160 5682 et
1208 5631 1345 5684 diem
1391 5648 1493 5699 qua
1546 5633 1683 5684 lucta
1735 5642 1818 5684 est
1862 5636 2281 5702 transliguratio.

717 5723 1020 5790 Asstttupsil
1066 5731 1243 5777 :tulcm
1284 5732 1389 5777 [res
1442 5725 1582 5777 auio»
1635 5768 1642 5777 .
1691 5724 1927 5780 i'clt'ttstt.
1991 5738 2171 5791 ttlpntt‘.
2226 5742 2283 5778 se

718 5814 1047 5882 ~ltlt;:<,ntt‘m,
1112 5813 1371 5869 Judnnuu
1411 5827 1513 5871 aut;
1540 5835 1610 5875 ιιι,
1657 5829 1708 5870 ut
1745 5836 1861 5872 vum
1906 5836 2061 5887 Tum
2097 5821 2280 5889 ιίιξεέικ

2395 4629 2576 4681 σωμεν
2611 4613 2817 4681 σκηνὰς
2844 4615 3017 4681 τρεῖς,
3052 4611 3183 4679 μίαν
3206 4612 3309 4677 σοὶ,
3348 4612 3443 4664 καὶ
3481 4610 3607 4681 μίαν
3641 4612 3854 4672 Μωσεῖ,
3881 4615 3974 4666 καὶ

2395 4706 2527 4776 μίαν
2576 4705 2757 4775 Ἠλίᾳ,
2793 4705 2869 4775 μὴ
2915 4705 3070 4768 εἰδὼς
3099 4705 3318 4773 δλέγει.
3348 4705 3538 4760 Ταῦτα
3578 4706 3633 4759 δὲ
3674 4706 3838 4759 αὐτοῦ
3892 4709 3974 4760 λέ-

2390 4816 2599 4867 γοντος,
2624 4800 2727 4865 ὲγέπ
2752 4815 2840 4850 sto
2870 4800 3066 4869 νεφέλη
3093 4800 3189 4852 καὶ
3212 4800 3544 4853 ἐπεσκίασεν
3566 4800 3785 4862 αὐτούς.
3814 4801 3971 4870 Ἑτρο-

2390 4891 2637 4960 6ήθησαν
2670 4890 2726 4943 δὲ
2766 4892 2825 4943 ὲν
2857 4890 2933 4960 τῷ
2972 4891 3217 4953 ἐκείνους
3244 4890 3507 4944 εἰσελθεῖν
3542 4893 3621 4955 εἰς
3667 4894 3769 4962 τὴν
3817 4895 3973 4961 νεᾳέ-

2390 4982 2509 5053 λην,
2545 4984 2636 5036 καὶ
2680 4986 2833 5053 φωνὴ
2869 4985 3087 5050 ἐγένετο
3120 4986 3185 5036 ἐκ
3230 4984 3329 5053 τῆς
3374 4985 3627 5055 νεφέλης,
3693 4985 3926 5053 λέγουσα
3955 5004 3967 5017 ⁸

2390 5071 2556 5140 Οὗτός
2585 5078 2732 5129 ἐστιν
2756 5079 2785 5129 ὀ
2827 5076 2953 5138 Υἱός
2986 5092 3097 5144 ’μου
3127 5078 3155 5129 ὁ
3180 5077 3487 5146 ἀγαπητὸς,
3519 5078 3685 5132 αὐτοῦ
3718 5081 3967 5134 ἀκούετε.

2390 5170 2497 5221 Καὶ
2535 5170 2593 5220 ὲν
2632 5168 2710 5236 τῷ
2738 5169 2992 5235 γενέσθαι
3045 5154 3158 5238 τὴν.
3199 5169 3403 5239 φωνὴν,
3450 5170 3650 5241 εὑρέθη
3681 5173 3710 5224 ό
3763 5172 3971 5242 Ἰησοῦς

2391 5262 2571 5329 μόνος,
2604 5264 2696 5313 καὶ
2722 5261 2877 5312 αὐτοὶ
2925 5262 3210 5330 ἐσίγησαν,
3242 5263 3331 5316 καὶ
3390 5263 3567 5317 οὐδενί
3626 5264 3971 5335 ἀπήγγειλαν

2387 5352 2445 5403 ὲν
2489 5351 2727 5413 ἐκείναις
2772 5353 2891 5413 ταῖς
2926 5354 3162 5423 ἡμέραις
3229 5354 3382 5407 οὐδὲν
3434 5348 3511 5409 ὧν
3573 5356 3913 5427 ἑωράκασιν.
3944 5378 3963 5410 s

2398 5442 2457 5495 '0
2486 5447 2583 5511 μὲν
2628 5446 2905 5508 Ματθαῐος
2954 5444 3013 5511 ἒξ
3080 5448 3299 5517 ἡμέρας
3348 5450 3484 5517 φησί
3544 5450 3783 5503 διελθεῖν
3834 5452 3971 5520 μετα

2387 5540 2514 5602 τοὺς
2547 5540 2737 5607 λόγους
2766 5540 3011 5603 τούτους,
3040 5542 3135 5594 καὶ
3161 5544 3280 5594 τότε
3316 5542 3407 5594 τὸν
3458 5542 3672 5612 Ἰησοῦν
3729 5546 3971 5599 ἀνελθεῖν

2388 5635 2468 5694 εἰς
2499 5636 2558 5685 τὸ
2588 5636 2713 5702 ὅρος
2736 5638 2970 5698 ,λουκᾶς
2999 5636 3051 5688 δὲ
3084 5634 3228 5688 ὀκτὼ
3253 5653 3384 5705 φησι
3410 5636 3663 5702 διελθεῖν,
3683 5639 3780 5700 τὰς
3811 5658 3967 5707 μετα-

2394 5726 2453 5788 ξ’)
2501 5728 2667 5795 μέρος
2701 5731 2909 5799 ἡμέρας
2946 5730 3090 5796 λέχει
3120 5748 3131 5758 ·
3170 5731 3381 5789 Λουκᾶς
3413 5730 3489 5789 δὲ,
3518 5734 3579 5782 οὐ
3623 5735 3718 5793 τὰς
3766 5735 3963 5801 {uici-3

2392 5822 2576 5887 ίινχς,
2615 5823 2743 5874 in).

2788 5826 2869 5875 xtl?
3038 5825 3241 5893 ἱιμέρλν
3286 5823 3399 5875 7.;10’
3440 5826 3501 5893 ᾖν
3570 5824 3871 5893 ἐλέχθησαν
3920 5828 3963 5875 υἱ
