4256 6432
238 400 344 464 821

927 405 1370 468 ENAlUlATlO
1413 407 1489 467 1N
1533 402 2038 466 EVANGEIJUM
2071 402 2310 466 ιυαε.
2341 426 2412 438 -
2437 400 2600 462 C.\P.
2644 399 2746 460 lx.

3425 383 3534 449 822

241 511 394 580 λόγοι
430 506 596 576 οὗτοι,
643 514 907 584 κάκείνην
935 516 1056 569 καθ’
1095 517 1217 588 ῆνὴ
1250 516 1679 588 μεταμὸρφωσις
1725 515 1792 582 γέ
1851 557 1860 572 ι

1956 526 2020 569 lat
2053 533 2066 568 :
2104 513 2401 578 Jacohum,
2433 513 2525 582 qui
2559 521 2615 566 et
2654 510 2770 580 ipse
2809 506 3056 562 fervebat
3091 504 3210 559 zelo
3246 516 3346 573 pro
3373 500 3535 554 Chri-

243 621 394 671 γονε.
425 605 710 676 Παρίλαϐε
734 606 791 660 δὲ
816 609 946 671 τοὺς
970 611 1120 677 τρεῖς
1161 610 1381 678 μόνους,
1434 608 1528 663 τδν
1569 609 1670 679 μεν
1726 609 1832 664 Πέ-

242 717 376 771 τρον
403 700 479 763 ὡς
511 699 813 766 ἀγαπῶντα
839 737 856 764 .
892 700 986 754 τὸν
1007 701 1066 755 δὲ
1095 703 1354 775 Ἰωάννην
1399 702 1474 766 ὡς
1526 699 1832 771 ἀγαπώμε-

246 809 358 853 νον,
396 792 490 843 καὶ
527 789 621 844 τὸν
643 791 904 846 Ίάιιωϐον
931 793 1012 858 δὲ,
1042 795 1119 858 ὡς
1147 796 1243 850 καὶ
1263 795 1430 850 αὐτὸν
1461 795 1668 865 θερμὸν
1698 794 1832 847 ὅντα

242 884 339 936 τὸν
367 881 510 952 ὑπὲρ
540 882 710 937 αὐτοῦ
740 883 924 956 ζῆλον,
952 884 985 955 ἢ
1010 885 1105 941 καὶ
1141 888 1222 950 ὡς
1239 886 1576 957 δυναμένους
1621 885 1832 956 κρύψαι

241 975 309 1026 τὸ
344 975 602 1044 πρᾶγμα,
626 975 724 1030 καὶ
759 979 1074 1046 κατασχεῖν,
1113 979 1212 1032 καὶ
1246 978 1435 1048 μηδενὶ
1473 976 1830 1046 ἀπαγγεῖλαι.

244 1064 557 1120 ’Λνασαίνει
582 1065 640 1121 δι
671 1069 752 1131 είς
779 1067 926 1138 ὅρος,
949 1067 1091 1122 ὥστε
1135 1068 1564 1142 προσεύξασθαι.
1602 1071 1694 1122 Δεῐ
1723 1069 1834 1138 γὰρ

247 1155 552 1222 ίόιάζοντας
581 1159 733 1230 ἡμᾶς
761 1159 856 1214 καὶ
883 1159 1302 1224 ἀναϐαίνοντας.
1350 1161 1445 1215 καὶ
1483 1160 1678 1232 μηδενὶ
1725 1160 1836 1214 τῶν

243 1247 449 1316 γηίνων
464 1248 861 1316 ιγκύπτοντας,
879 1249 1302 1320 προσεύχεσθαι.
1319 1249 1572 1319 Ἐγένετο
1597 1251 1656 1304 δὲ
1675 1251 1737 1305 τὸ
1759 1245 1836 1304 εῐ-
1861 1279 1863 1281 ι

245 1338 335 1401 δνς
359 1339 524 1395 αὐτοῦ
537 1341 750 1412 ιτερον,
768 1342 866 1411 οὐχ
897 1342 974 1405 ὡς
999 1344 1368 1411 μεταστάντος
1389 1342 1556 1397 αὐτοῦ
1573 1344 1652 1407 είς
1669 1343 1836 1413 ἀλλην

246 1429 434 1500 φύσιν.
459 1432 685 1502 Ἔμεινε
703 1435 812 1503 γὰρ
830 1427 944 1498 οἷος
967 1429 1054 1506 ἦν·
1086 1433 1224 1488 ἀλλὰ
1239 1434 1304 1488 τὺ
1329 1434 1516 1504 σχῆμα
1545 1433 1639 1487 τοῦ
1670 1451 1838 1505 προσ·

244 1519 400 1576 ὠπου
444 1522 610 1577 αὐτοῦ
643 1523 820 1595 ἐφάνη
835 1523 1219 1596 λαμπρότερον
1242 1526 1276 1597 ἢ
1302 1526 1598 1597 πρότερον.
1624 1525 1839 1595 Ὠσπερ

248 1609 347 1667 οὖν
379 1613 473 1668 καὶ
502 1615 594 1688 lari
625 1613 738 1669 τῶν
767 1615 1001 1686 ἱματίων
1031 1616 1198 1670 αὺτοῦ
1223 1616 1440 1685 γίγονε.
1467 1614 1692 1670 Τούτων
1728 1616 1841 1687 γὰρ

254 1706 318 1759 τὸ
348 1701 488 1768 εἶδος
517 1705 682 1777 μόνον
715 1705 1081 1779 λεήστραψεν,
1102 1708 1223 1777 οὐχὶ
1245 1705 1350 1776 τῆς
1375 1707 1564 1770 οὐσίας
1587 1707 1696 1761 τῶν
1720 1709 1844 1778 ίμα-

245 1801 381 1853 τίων
417 1799 908 1869 μεταμειφθείσης,
928 1800 1064 1854 ἀλλά
1090 1801 1189 1872 τῆς
1218 1800 1563 1869 ἐπιφανείας.
1592 1802 1843 1872 Μωῦσῆς

246 1893 306 1946 δι
347 1893 648 1957 καὶἹΙλίας
696 1896 1144 1966 συνειστήκεισαν
1185 1895 1337 1967 αὐτῷ
1388 1895 1842 1967 προσευχομίνῳ,

249 1985 338 2037 ἵνα
362 1984 550 2057 δειχθῇ
575 1987 776 2058 ὅτιούκ
803 1985 952 2040 ἔστιν
974 1988 1220 2051 ἐναντίος
1247 1990 1358 2051 τοῖς
1388 1990 1704 2060 προφήταις
1751 1990 1844 2042 καὶ

248 2075 328 2145 τῷ
347 2077 520 2146 νόμῳ.
544 2079 608 2132 Et
634 2073 847 2150 γὰρῆν,
865 2080 965 2133 οὐκ
989 2079 1056 2133 ἀν
1084 2082 1112 2133 ὁ
1139 2081 1232 2133 τὸν
1248 2081 1412 2150 νόμον
1433 2080 1558 2145 δοὺς
1583 2082 1842 2151 Μωῦσῆς,

247 2170 393 2224 καὶό
422 2170 528 2223 τῶν
559 2172 858 2242 προφητῶν
905 2171 1245 2244 θερμότατος
1288 2172 1499 2240 Ἠλίας,
1551 2174 1846 2246 ἠνέσχοντο

248 2263 578 2336 δορυφορεῖν
608 2265 794 2332 αὐτὸν,
830 2266 926 2320 καὶ
967 2265 1121 2336 αὐτῷ
1173 2266 1554 2323 συνίστασθαι.
1617 2269 1846 2336 Ἔλεγον

249 2355 306 2409 δὲ
336 2356 440 2426 τὴν
470 2355 650 2421 ἔξοδον
682 2357 750 2429 ἢν
801 2357 996 2428 ιμελλε
1036 2358 1284 2430 πληροῦν
1341 2363 1401 2414 ιν
1454 2359 1842 2432 Ἰερουσαλὴμ,

248 2447 502 2500 τουτέστι
555 2449 650 2502 τὸν
677 2448 932 2504 θάνατον.
978 2451 1038 2506 '0
1058 2451 1117 2505 δι
1147 2452 1355 2525 Πέτρος
1381 2450 1538 2524 ὕπνῳ
1569 2453 1843 2522 ὲὸαρεϊτο,

249 2539 319 2610 τῇ
357 2543 636 2612 προσευχῇ
694 2541 1054 2613 σχολάζοντος
1110 2545 1208 2598 τοῦ
1264 2545 1530 2617 Χριστοῦ.
1588 2545 1847 2617 ’Δσθενὴς

251 2630 363 2700 γὰρ
419 2626 510 2702 ἦν,
561 2631 655 2685 καὶ
716 2634 780 2686 τὸ
819 2633 1167 2706 ἀνθρώπινον
1217 2638 1499 2710 ἐπληρου“,
1531 2636 1689 2708 ὕπνῳ
1721 2639 1846 2693 δου-

255 2721 454 2777 λεύων.
501 2724 963 2797 Διαγρηγορήσας
990 2726 1073 2795 δὶ,
1116 2726 1316 2800 θεωρεῖ
1367 2729 1470 2801 τὴν
1500 2729 1686 2797 δόξαν,
1752 2730 1850 2785 καὶ

246 2818 376 2879 τοὺς
401 2814 496 2870 δύο
525 2817 752 2889 ἀνδρας·
785 2817 976 2890 ὥσπερ
1013 2819 1070 2874 ὁὶ
1099 2821 1503 2892 ἀποδεχόμενος
1537 2823 1638 2893 τὴν
1667 2824 1848 2876 ἐκεῖσε

249 2906 564 2980 διατριϐὴν,
589 2908 680 2963 διά
726 2926 788 2964 τε
833 2911 898 2963 τὸ
933 2910 1049 2979 φῶς
1091 2911 1186 2964 καὶ
1203 2911 1296 2964 διὰ
1350 2912 1412 2966 τὸ
1450 2912 1681 2984 θεωρεῖν
1723 2917 1850 2979 τοὺς

251 3001 564 3070 προφήτας,
595 3001 754 3070 φησί’
773 3002 954 3056 Καλόν
979 3005 1129 3056 εστιν
1163 3004 1310 3073 ἡμᾶς
1335 2997 1437 3058 ὦδε
1493 3001 1656 3064 εἶναι,
1703 3005 1852 3060 Ἐνόο

260 3093 387 3163 μιζε
428 3093 537 3164 γὰρ
566 3095 648 3147 ὅτι
695 3095 818 3148 τότε
849 3091 916 3165 ἦν
949 3095 981 3165 ἡ
1019 3097 1335 3161 συντέλεια,
1369 3097 1467 3150 καὶ
1507 3100 1540 3168 ἡ
1595 3099 1851 3169 βασιλεία

1934 618 2063 663 sto:
2102 607 2186 661 vel
2236 615 2293 660 ut
2359 604 2535 674 magis
2584 602 2889 657 taciturnos
2951 606 3008 652 et
3052 595 3218 651 silere
3266 591 3535 647 valentes.

1935 695 2108 752 Porro
2146 698 2199 750 iu
2237 705 2478 750 montem
2510 691 2759 750 ascendit
2793 700 2853 745 ut
2891 697 3094 745 oraret.
3130 683 3358 753 Oportet
3389 681 3541 736 enim

1935 807 2034 848 nos
2065 791 2342 845 solitarios
2391 803 2515 844 esse
2545 797 2600 842 ct
2636 785 2953 849 ascendere,
2997 790 3054 835 et
3097 778 3261 832 nullis
3299 771 3536 830 terrenis

1937 887 2104 940 rebus
2153 883 2437 938 intendere
2472 883 2705 936 orando.
2753 877 2924 933 Facta
2973 883 3059 930 est
3103 882 3286 926 autem
3326 868 3538 936 species

1934 978 2118 1034 vultus
2149 976 2267 1043 ejus
2301 975 2427 1038 alia,
2465 990 2571 1028 non
2601 981 2810 1027 mutato
2840 985 2907 1024 eo
2944 968 2999 1022 in
3028 965 3192 1020 aliam
3225 973 3482 1017 naturam
3521 976 3536 1012 :

1938 1071 2140 1126 mansit
2190 1069 2336 1124 enim
2367 1068 2548 1139 qualis
2595 1074 2738 1120 erat.
2791 1062 2900 1118 Sed
2937 1059 3151 1130 species
3195 1056 3379 1110 vultus
3420 1052 3544 1121 eius

1938 1164 2279 1235 splendidior
2308 1160 2563 1232 apparuit
2601 1172 2766 1229 quam
2801 1155 2986 1225 prius,
3020 1151 3161 1208 sicut
3203 1161 3258 1204 et
3283 1148 3336 1203 iu
3367 1145 3539 1200 vesti-

1937 1259 2142 1313 mentis
2169 1257 2289 1327 ejus
2321 1254 2521 1309 factum
2553 1261 2671 1307 est:
2700 1251 2894 1305 horum
2920 1245 3070 1302 enim
3091 1241 3304 1314 species
3328 1247 3539 1294 tantum

1939 1349 2172 1408 refulsit.
2206 1361 2314 1401 non
2361 1351 2668 1414 permutata
2712 1339 3172 1396 vestimentorum
3207 1329 3540 1388 substantia,

1939 1440 2036 1495 sed
2067 1439 2378 1508 superficie.
2399 1435 2579 1490 Moses
2613 1447 2798 1487 autem
2825 1441 2880 1486 et
2914 1430 3062 1485 Elias
3085 1427 3384 1484 astiterunt
3416 1438 3541 1477 cum

1939 1545 2007 1586 eo
2039 1540 2255 1591 orante,
2289 1539 2349 1582 nt
2385 1535 2724 1581 monstretur
2760 1524 2905 1594 quod
2952 1536 3060 1576 non
3094 1521 3165 1574 sit
3195 1514 3545 1571 adversarius

1945 1622 2042 1692 legi
2085 1633 2137 1676 et
2171 1620 2474 1689 prophetis.
2525 1616 2658 1672 Nam
2705 1616 2750 1671 ai
2797 1615 2921 1669 talis
2971 1613 3193 1676 fuisset,
3253 1625 3360 1663 non
3410 1607 3545 1676 legis

1945 1715 2104 1769 dator
2146 1711 2348 1771 Moses.
2389 1721 2444 1764 et
2487 1707 2921 1764 ferventissimus
2953 1704 3344 1775 prophetarum
3399 1698 3548 1753 Elias

1947 1821 2007 1860 se
2052 1805 2126 1858 illi
2166 1802 2557 1866 associasseut,
2584 1799 2667 1853 vel
2712 1813 2838 1854 eum
2885 1797 3004 1866 ipso
3037 1795 3340 1850 stetissent.
3383 1790 3546 1844 Dice-

1950 1895 2081 1950 bant
2111 1903 2292 1948 autem
2323 1905 2611 1947 excessum
2646 1889 2766 1958 ejus
2802 1885 3074 1957 queinodo
3117 1883 3269 1937 illum
3309 1880 3549 1948 comple-

1947 1995 2105 2040 turus
2149 1995 2267 2040 erat
2318 1981 2731 2052 Hierosolymis.
2778 1980 2882 2034 hoc
2929 1987 3013 2033 est
3051 1985 3306 2030 mortem.
3353 1971 3552 2027 Petrus

1947 2077 2114 2148 336
2160 2085 2341 2130 autem
2393 2088 2588 2130 somno
2642 2072 2994 2142 gravabatur,
3047 2065 3284 2120 orationi
3320 2073 3552 2116 vacante

1946 2169 2189 2227 Christo.
2245 2167 2503 2223 infirmus
2561 2167 2708 2221 enim
2768 2173 2920 2230 erat,
2976 2173 3032 2216 et
3085 2156 3334 2216 Lumano
3399 2169 3553 2210 more

1948 2278 2144 2319 somno
2183 2261 2474 2318 serviebat.
2510 2259 2648 2314 Cum
2690 2267 2873 2312 autem
2901 2254 3234 2324 evigilasset,
3273 2249 3554 2318 spectabat

1949 2356 2176 2426 gloriam
2226 2365 2282 2409 et
2332 2354 2468 2409 duos
2509 2355 2657 2407 viros
2697 2368 2710 2405 :
2749 2349 2915 2405 veluti
2965 2358 3147 2401 autem
3194 2345 3361 2397 vitam
3405 2342 3551 2395 illam

1950 2448 2277 2518 approbans,
2303 2455 2416 2501 tum
2449 2454 2672 2514 propter
2700 2441 3076 2512 splendorem,
3113 2446 3226 2490 tmn
3254 2435 3557 2505 prophetas

1951 2556 2088 2611 quos
2122 2540 2362 2605 videbat,
2392 2537 2571 2592 dixit:
2611 2535 2822 2590 Bonum
2856 2545 2942 2589 est
2969 2547 3068 2587 nos
3099 2531 3187 2585 hic
3218 2543 3358 2584 esse.
3390 2525 3554 2583 Puta-

1953 2631 2048 2686 bat
2077 2631 2222 2685 enim
2275 2640 2405 2683 tunc
2439 2627 2969 2682 consummationem
3007 2621 3175 2677 fuisse
3221 2630 3274 2676 et
3322 2634 3553 2690 regnum

1950 2721 2104 2788 Jesu,
2131 2721 2386 2792 ignorans
2411 2718 2542 2790 quid
2573 2719 2915 2788 loqueretur.
2948 2713 3200 2768 Nondum
3228 2711 3375 2767 enim
3407 2709 3553 2774 linis,

1955 2831 2134 2886 neque
2179 2815 2330 2886 regni
2371 2812 2489 2869 dies
2526 2811 2791 2875 instabat,
2844 2823 3022 2880 neque
3065 2806 3387 2878 gaudiorum
3422 2803 3556 2858 frui-

1954 2911 2132 2965 tiones
2181 2907 2388 2962 sanctis
2448 2905 2924 2962 communicandas
2981 2909 3161 2958 erant.
3213 2897 3446 2970 insuper
3501 2906 3573 2957 ct,

1955 3001 2200 3072 cruciﬁgi
2257 3002 2456 3054 timens
2495 2997 2806 3061 Christum,
2848 2996 2966 3051 inec
3015 2995 3253 3049 dicebat.
3289 2993 3558 3059 Quoniam

1957 3096 2208 3149 audierat
2251 3090 2399 3163 quod
2450 3097 2706 3160 oporteat
2753 3103 2879 3143 eum
2929 3087 3130 3152 occidi,
3181 3095 3237 3140 et
3287 3085 3446 3140 tertia
3474 3085 3564 3137 die

252 3185 352 3240 τοῦ
375 3185 579 3256 Ἰησοῦν
614 3187 690 3258 μὴ
714 3185 874 3252 εἰδὼς
891 3187 918 3241 δ
940 3188 1112 3256 λέγει.
1148 3187 1317 3244 Οὔπω
1337 3189 1446 3261 γὰρ
1474 3186 1541 3264 ἦν
1567 3192 1626 3245 τὸ
1652 3193 1846 3262 πέρας.

1960 3200 2251 3256 resurgere
2280 3201 2295 3238 :
2326 3181 2460 3239 dicit
2485 3182 2646 3255 quasi
2677 3183 2730 3236 in
2763 3182 2909 3236 hunc
2942 3180 3186 3242 modum,
3217 3177 3294 3234 Ne
3329 3180 3563 3233 descen-

255 3278 382 3331 οὐδὲ
433 3278 535 3346 τῆς
575 3277 860 3350 βασιλείας
900 3280 932 3350 ἡ
966 3280 1152 3351 ἡμέρα
1206 3282 1537 3352 ἐνειστήκει,
1587 3283 1708 3336 οὐδὲ
1756 3285 1855 3353 τῆς

255 3369 370 3421 τῶν
393 3368 615 3436 ἀγαθῶν
665 3369 1021 3434 ἀπολαύσεως
1081 3364 1157 3426 ὧν
1213 3369 1537 3441 μεθέξουσιν
1585 3375 1634 3425 ol
1687 3373 1854 3441 ἅγιοι.

255 3459 494 3531 ’Λμαδὲ
521 3463 617 3514 καὶ
658 3450 996 3533 φοόοὗμενος
1040 3462 1100 3516 τὸ
1147 3463 1532 3535 σταυρωθῆναι
1585 3466 1676 3517 τδν
1708 3467 1857 3534 Χρι-

259 3554 411 3618 στὸν,
434 3552 610 3610 ταῦτά
664 3571 854 3624 φησιν.
916 3553 1071 3609 Ἐπεὶ
1101 3553 1213 3625 γὰρ
1267 3555 1504 3625 ἦκουσεν
1557 3556 1858 3620 αὑτοῦ,ὗτι

257 3646 342 3698 δεῖ
375 3644 540 3698 αὑτὸν
569 3644 1008 3716 ἀποκτανθῆναι,
1048 3645 1142 3698 καὶ
1162 3646 1228 3715 τῇ
1276 3644 1444 3716 τρίτῃ
1489 3645 1678 3716 ἡμέρα
1723 3646 1857 3699 ἀνα-

263 3738 481 3807 στῆναι,
513 3737 649 3807 φησι
682 3737 878 3802 ταῦτα,
915 3737 1204 3809 μονονουχὶ
1257 3737 1432 3806 λέγων
1457 3756 1470 3769 ·
1524 3739 1614 3809 Μὴ
1664 3739 1859 3793 κατέλ-

260 3833 450 3900 θωμεν
482 3833 547 3884 ἐκ
605 3830 701 3884 τοῦ
733 3830 916 3902 ὅρους,
975 3830 1213 3885 ἐνταῦθα
1269 3832 1733 3902 καταμείνωμεν,
1772 3831 1861 3886 ἵνα

260 3924 355 3976 τὸν
413 3922 647 3994 σταυρὸν
710 3923 1096 3994 διαδράσωμεν
1151 3926 1245 3977 καὶ
1290 3925 1353 3976 τὸ
1390 3925 1585 3986 πάθος.
1624 3925 1863 3995 Ἕχομεν

276 4013 464 4066 Ἠλίαν
490 4013 706 4082 βοηθὸν,
763 4015 810 4067 εί
860 4013 1170 4067 ιπὲλοωσιν
1201 4015 1337 4084 ἡμῖν
1389 4015 1440 4066 oi
1492 4014 1760 4081 Ἰουδαῖοι,
1805 4015 1864 4068 τὸ

265 4106 379 4177 τιῦρ
407 4107 826 4172 κατενεγκόντα,
863 4109 956 4160 καὶ
979 4108 1108 4171 τοὺς
1151 4108 1664 4180 πεντηκονταρχους
1721 4111 1854 4163 ἀπο.

267 4200 520 4254 λὲσαντα.
555 4199 794 4270 Ἐχομεν
821 4201 1066 4269 Μωῦσῆν
1117 4200 1207 4254 τὸν
1249 4201 1385 4254 τόσα
1425 4203 1520 4254 καὶ
1568 4204 1701 4255 τόσα
1733 4204 1864 4275 ἔρνη

265 4294 628 4360 ἀφανίσαντα·
667 4292 840 4347 ταῦτα
866 4293 922 4346 δὲ
956 4293 1110 4364 ἔλεγε
1144 4293 1220 4365 μὴ
1250 4293 1453 4358 είόὼςὸ
1489 4295 1662 4363 λέγει.
1694 4297 1866 4360 Αὐτὸς

271 4387 374 4455 μὲν
406 4387 514 4455 γὰρ
545 4385 796 4455 ὶνόμιξεν
818 4386 902 4439 ὅτι
932 4383 1292 4456 παγχάλεπόν
1317 4403 1370 4437 τι
1397 4387 1492 4438 καὶ
1527 4387 1696 4440 κακόν
1718 4391 1867 4442 ἐστιν

269 4482 299 4530 ὁ
335 4478 592 4547 σταυρὸς,
623 4478 718 4532 καὶ
740 4477 832 4530 διὰ
867 4477 1028 4531 τοῦτο
1057 4476 1473 4548 ἀποδιδράσκων
1505 4481 1668 4532 αὑτὸν
1689 4521 1705 4544 ,
1733 4479 1866 4535 ταῦ-

1961 3281 2152 3335 damus
2201 3279 2267 3332 de
2309 3286 2533 3343 monte,
2593 3289 2913 3329 maneamus
2969 3273 3080 3337 hic,
3131 3281 3191 3326 ut
3239 3285 3458 3324 crucem
3512 3281 3568 3324 et

1963 3369 2276 3439 passionem
2309 3366 2656 3439 eﬂugiamus.
2683 3364 2961 3420 Habemus
2993 3362 3165 3416 Eliam
3208 3363 3512 3430 adjutorem
3550 3378 3564 3415 :

1961 3462 2006 3517 si
2043 3461 2344 3516 invaserint
2385 3474 2484 3514 nos
2520 3455 2718 3520 Judaei,
2757 3457 2936 3526 ignem
2973 3454 3209 3508 deducet
3241 3452 3310 3516 “,
3343 3462 3399 3506 et
3426 3450 3572 3506 sicut

1961 3554 2464 3626 quinquagenarias
2508 3553 2813 3607 comburet.
2870 3549 3150 3602 Habemus
3197 3545 3420 3610 Mosen,
3473 3545 3568 3615 qui

1965 3657 2044 3702 tot
2077 3654 2131 3701 et
2178 3644 2363 3701 tantas
2398 3654 2592 3716 gentes
2637 3644 2913 3714 perdidit:
2954 3643 3068 3696 haec
3117 3651 3302 3694 autem
3355 3639 3574 3693 dicebat

1966 3740 2217 3796 nesciens
2238 3739 2368 3810 quid
2398 3739 2738 3808 loqueretur.
2768 3736 2892 3808 Ipse
2921 3736 3068 3791 enim
3103 3734 3331 3804 putabat
3363 3733 3568 3787 malum

1963 3831 2223 3901 quiddam
2269 3840 2326 3886 et
2374 3829 2758 3886 diﬂicillimum
2796 3843 2921 3884 esse
2963 3842 3212 3889 crucem,
3249 3837 3304 3881 et
3344 3835 3576 3897 propter

1969 3924 2069 3978 hoc
2100 3923 2246 3977 illam
2281 3923 2511 3992 cupiens
2541 3921 2722 3986 vitari,
2762 3922 2875 3975 hac
2903 3921 3141 3976 dicebat.
3181 3919 3440 3975 Christus
3466 3935 3568 3973 au-

1969 4025 2077 4071 tem
2139 4016 2358 4070 sitiebat
2406 4015 2679 4084 erueiligi,
2730 4013 2992 4084 quoniam
3043 4027 3150 4066 non
3211 4012 3374 4067 aliter
3422 4013 3574 4068 salus

1969 4112 2250 4164 hominum
2295 4109 2606 4165 constabat.
2643 4107 2812 4163 Petro
2863 4115 3048 4162 autem
3096 4109 3312 4162 dicente
3354 4122 3368 4159 :
3415 4125 3432 4157 ι
3473 4103 3577 4158 Fa-

1969 4203 2180 4257 ciamus
2214 4202 2565 4257 tahernacula
2597 4202 2721 4267 tria,
2764 4221 2784 4251 ι
2830 4201 3096 4257 Dominus
3129 4209 3357 4270 repente
3391 4201 3577 4254 taber-

1971 4295 2225 4350 naculum
2275 4311 2382 4350 non
2416 4295 2791 4349 manufactum
2839 4294 2992 4359 facit,
3041 4295 3185 4350 etin
3234 4293 3366 4348 illud
3395 4294 3579 4363 ingrc-

1970 4388 2120 4443 ditur
2173 4403 2298 4444 cum
2347 4389 2653 4458 prophetis.
2694 4398 2751 4440 ut
2791 4389 3118 4444 ostendatur
3161 4386 3305 4456 quod
3341 4388 3395 4442 in
3430 4386 3572 4441 mrllc

1973 4481 2151 4534 minor
2189 4481 2258 4536 sit
2308 4481 2489 4535 Patre.
2528 4481 2683 4536 Sicut
2723 4481 2871 4534 enim
2905 4480 2958 4533 in
3007 4480 3180 4534 veteri
3233 4479 3352 4549 lege
3405 4480 3580 4533 nubes

265 4586 339 4623 τα
371 4570 577 4637 ίλεγεν.
632 4569 695 4623 '0
747 4569 804 4622 δι
835 4569 1044 4641 Κύριος
1100 4571 1256 4640 ἐδίψα
1302 4571 1709 4643 σταυρωθῆναι,
1743 4575 1860 4628 ἐπεὶ

1978 4575 2262 4629 dicebatur
2288 4573 2492 4629 habere
2526 4573 2843 4643 Dominum,
2876 4584 2930 4629 et
2958 4574 3138 4630 Muses
3169 4573 3583 4644 ingrcdiebatur

262 4665 371 4715 οὐκ
432 4663 561 4732 lvi-po
602 4663 781 4728 ἄλλως
813 4663 939 4728 τοὺς
976 4663 1302 4734 ἀνθρώπους
1371 4667 1637 4735 σωθῆναι.
1671 4666 1780 4720 Τοῦ
1810 4668 1866 4721 δὲ

268 4758 502 4826 Πέτρου,
541 4773 562 4808 ε
595 4756 761 4826 fieri]-
790 4775 925 4824 υμεν
993 4757 1204 4827 σκηνὰς
1251 4759 1423 4828 τρεῖς,
1451 4777 1469 4809 ι
1525 4757 1799 4827 λέγοντος.
1841 4761 1870 4813 ό

272 4849 485 4917 Κύριος
517 4849 729 4920 σκηνὴν
783 4849 1208 4924 ἀχειροποίητον
1259 4851 1527 4922 ἐξαίφνης
1561 4856 1724 4918 ποιεῖ,
1776 4855 1871 4907 καὶ

267 4959 330 4996 εν
356 4942 528 5015 ταύτῃ
572 4944 884 5014 εἰσέρχεται
931 4944 1074 5015 μετά
1122 4962 1186 5012 γε
1253 4945 1364 4998 τῶν
1417 4945 1738 5015 προφητῶν,
1782 4947 1872 5000 ἴνα

268 5037 459 5108 δειχθῇ
482 5037 566 5090 ὅτι
596 5037 754 5090 οὐδὲν
783 5036 1107 5095 ἀλαττοῦται
1137 5017 1231 5090 τὸς
1263 5038 1497 5108 Πατρός.
1528 5039 1740 5109 Ὠσπερ
1760 5040 1873 5110 γὰρ

271 5133 330 5183 ἑν
353 5133 417 5198 τῇ
452 5131 664 5200 παλαιᾷ
711 5130 747 5199 ἠ
791 5129 992 5200 νεφέλη
1031 5129 1252 5196 ἐλέγετο
1288 5129 1434 5198 ἔχειν
1490 5130 1583 5182 τὸν
1644 5130 1872 5202 Κύριον,

271 5223 368 5274 καὶ
399 5222 641 5291 Μωῦσῆς
674 5223 966 5291 εἰσήρχετο
997 5226 1055 5274 ἐν
1080 5223 1244 5290 αὐτῇ,
1283 5225 1374 5275 καὶ
1406 5222 1551 5274 οὕτω
1581 5223 1672 5274 τὸν
1709 5225 1873 5291 νόμον

269 5312 508 5381 ἐδέχετο,
537 5309 681 5363 οὔτω
723 5312 816 5363 καὶ
849 5310 1006 5380 νῦνή
1047 5310 1247 5380 νεφέλη
1285 5311 1376 5364 τδν
1403 5313 1641 5380 Χριστὸν
1683 5313 1869 5378 ἐδέξαφ

270 5421 354 5465 το.
396 5406 490 5456 καὶ
521 5404 722 5473 νεφέλη
752 5405 815 5457 οὐ
855 5403 1140 5474 γνοφώδης
1183 5422 1196 5434 ·
1233 5407 1481 5476 παρῆλθε
1524 5406 1632 5476 γὰρ
1679 5409 1713 5477 ὴ
1743 5407 1874 5460 σκιὰ

267 5494 366 5550 τοῦ
404 5495 595 5564 νόμου,
627 5498 720 5549 καὶ
747 5495 808 5550 τὸ
834 5499 1110 5551 σκοτεινὸν
1138 5497 1239 5566 τῆς
1263 5499 1530 5567 ἀσαφείας
1561 5513 1576 5527 ο
1604 5498 1744 5551 ἀλλά
1777 5517 1870 5552 νε-

271 5588 412 5658 φέλη
447 5590 708 5659 φωτεινή.
760 5584 932 5643 ⁷11).οε
971 5590 1081 5662 γὰρ
1112 5593 1145 5661 ἡ
1195 5590 1428 5661 ἀλήθεια
1480 5593 1573 5644 καὶ
1627 5591 1872 5660 ἔλαμψεν

275 5685 311 5754 η
344 5684 440 5736 τοῦ
473 5683 682 5755 Κυρίου
723 5687 905 5755 χάρις,
943 5687 1032 5740 καὶ
1064 5685 1219 5740 οἰδὲν
1248 5688 1523 5742 axe-raw?»
1549 5687 1663 5742 νῦν.
1715 5685 1869 5754 Ἐγὲο

351 5863 387 5895 ι·
430 5864 488 5918 n‘
528 5865 660 5934 tng.
701 5886 735 5930 ι,
777 5871 853 5924 ιιι.

1969 4667 2022 4721 iu
2058 4683 2204 4728 eam,
2245 4676 2408 4736 atque
2454 4666 2534 4721 sic
2564 4667 2738 4737 legem
2771 4668 3015 4734 suscwit
3051 4685 3064 4720 :
3105 4667 3177 4720 ita
3206 4675 3262 4721 et
3300 4681 3445 4721 nunc
3477 4681 3580 4720 nu-

1971 4760 2066 4814 bes
2114 4758 2394 4814 Christum
2443 4760 2692 4829 suscipit,
2729 4760 3012 4830 nubesque
3061 4775 3169 4813 nun
3219 4759 3522 4828 caliginosa
3564 4776 3577 4814 :

1969 4853 2190 4907 transiit
2219 4854 2365 4907 enim
2405 4855 2601 4908 umbra
2639 4855 2841 4908 veteris
2866 4854 3018 4923 legis,
3054 4864 3108 4906 et
3135 4853 3428 4907 tenebrosa
3469 4852 3573 4907 ουρ

1972 4944 2244 5004 scuritas;
2287 4944 2382 4999 sed
2415 4946 2591 5000 nubes
2637 4943 2838 4998 lucida.
2870 4943 3030 4997 Venit
3064 4944 3210 4999 enim
3259 4942 3482 5008 veritas,
3525 4952 3588 4998 ct-

1974 5035 2151 5088 illuxit
2185 5035 2358 5106 gratia
2421 5036 2662 5105 Dummi,
2719 5037 2970 5106 nihilque
3022 5051 3167 5089 nunc
3225 5037 3580 5090 tenebrosum

1973 5138 2077 5182 cst.
2123 5104 2289 5182 Facth
2323 5139 2406 5182 est
2452 5139 2506 5183 et
2539 5144 2640 5182 vox
2684 5129 2753 5183 de
2787 5129 2952 5192 nube,
2985 5128 3130 5182 sicut
3168 5127 3298 5183 olim
3345 5143 3448 5181 vox
3484 5127 3580 5182 Dei

1977 5220 2306 5274 audiebatur
2346 5221 2414 5274 de
2447 5221 2610 5274 nube.
2659 5218 2922 5274 Inventus
2951 5230 3034 5273 est
3081 5231 3266 5272 autem
3300 5216 3460 5273 Jesus
3493 5233 3582 5273 so-

1976 5313 2106 5368 lus:
2153 5322 2212 5367 ut
2281 5330 2350 5369 ne
2415 5315 2540 5384 quis
2588 5321 2760 5384 putet,
2819 5316 2987 5382 quod,
3049 5331 3066 5363 ι
3129 5312 3225 5367 Hie
3278 5323 3363 5365 est
3413 5311 3584 5366 Filius

1977 5421 2156 5470 meus,
2213 5426 2230 5458 ι
2271 5406 2336 5460 de
2387 5405 2535 5459 Mnse
2586 5405 2668 5458 vel
2730 5403 2845 5459 Elia
2895 5405 3100 5460 dicnmi
3161 5405 3253 5458 sit.
3312 5402 3585 5458 Fortassis

1974 5500 2140 5552 etiam
2178 5501 2277 5553 hoc
2311 5498 2606 5569 significat,
2643 5499 2788 5568 quod
2841 5514 3016 5567 usque
3054 5501 3120 5551 ad
3165 5509 3378 5567 tempus
3410 5497 3589 5566 quod-

1976 5591 2102 5644 dam
2136 5593 2470 5660 apparebant
2503 5591 2586 5646 lex
2620 5601 2676 5646 ct
2720 5592 3027 5662 prOphelte,
3076 5592 3215 5645 sicut
3245 5602 3298 5644 et
3333 5593 3433 5644 hoe
3465 5590 3587 5642 loco

1980 5683 2159 5739 Moses
2194 5694 2248 5740 ct
2281 5681 2428 5741 Elias
2463 5704 2477 5743 :
2511 5683 2706 5741 deinde
2745 5685 2915 5750 solus,
2957 5687 3255 5754 pnulcritis
3289 5683 3428 5745 illis,
3467 5697 3572 5753 ap-
