4256 6432
937 419 1381 482 ENARRATIO
1425 420 1503 480 IN
1534 418 2040 480 EVANGELIUM
2085 417 2297 478 LUC/I3
2347 441 2417 454 -
2454 417 2612 477 CAP.
2652 416 2758 476 IX.

3410 409 3516 472 826

221 529 392 584 Θόοθε
421 529 582 599 ὑμεῖς
611 532 692 594 είς
726 528 794 584 τὰ
827 526 939 584 ὦτα
978 532 1133 603 ὐμῶν
1157 534 1283 596 τοὺς
1328 533 1521 600 λόγους
1572 533 1820 588 τούτονξ.

1927 532 2119 588 Ponite
2149 547 2241 586 vos
2285 531 2338 585 in
2373 531 2595 603 auribus
2633 527 2833 582 vestris
2861 538 3144 580 sermones
3174 523 3325 579 istos.
3353 523 3520 578 Futu.

237 618 298 672 '0
327 619 436 688 γάρ
469 617 596 681 Υίὸς
623 619 717 671 τοῦ
745 618 1041 689 ἀνθρώπου
1079 621 1266 690 μέλλει
1301 621 1694 692 παραδίδοσθαι
1738 625 1817 686 εἰς

233 709 428 777 κείρας
471 706 798 778 ἀνθρώπιον.
847 709 911 762 Ol
941 710 996 763 δὲ
1051 711 1284 779 ἠγνόουν
1321 711 1383 763 τὸ
1431 711 1584 784 ῥῆμα
1632 712 1813 777 τοῦτο,

227 798 330 851 καὶ
357 792 426 869 ἦν
480 799 1058 871 παρακεκαλυμμένον
1103 802 1205 857 ἀπ’
1240 803 1442 866 αὐτῶν,
1482 805 1568 858 ἵνα
1604 803 1680 873 μὴ
1731 805 1818 857 αι’-

227 888 467 944 σθωνται
503 891 657 946 αὐτό.
685 893 798 948 Καὶ
830 893 1125 963 ιφοϐοὖντο
1153 895 1431 967 ἔρωτῆσαι
1479 897 1646 950 αὐτὸν
1688 898 1817 968 περὶ

222 982 320 1036 τοῦ
359 984 607 1054 ῥήματος
637 985 851 1040 τούτου.
892 1004 911 1037 ι
946 987 1011 1039 οι
1070 987 1168 1058 μιν
1203 987 1349 1042 ἄλλοι
1411 990 1614 1053 πάντες
1652 989 1818 1042 ἐθαύ-

225 1073 402 1141 μαζον
441 1075 535 1127 ἐπὶ
567 1077 736 1130 πᾶσιν
767 1071 850 1139 οἷς
900 1077 1074 1130 [nolet
1104 1079 1133 1131 6
1161 1077 1394 1150 Ἰησοῦς,
1447 1081 1546 1133 οὐκ
1600 1081 1696 1134 ἐπὶ
1740 1079 1818 1151 τῷ

223 1163 306 1216 ἑνὶ
335 1162 510 1233 τούτῳ
536 1163 799 1235 θαύματι.
882 1167 940 1220 Ὀ
967 1166 1024 1220 δὲ
1059 1168 1218 1236 ἀφεὶς
1247 1169 1375 1228 τοὺς
1407 1169 1623 1234 ἄλλους,
1680 1172 1816 1240 πρὸς

222 1255 350 1319 τοὺς
387 1256 636 1326 μαθητάς
660 1256 995 1326 διαλέγεται,
1046 1259 1140 1312 καί
1200 1277 1368 1330 φησι·
1426 1261 1599 1314 Θὲσοε
1656 1262 1816 1328 ὑμεῖς

223 1346 399 1400 ταῦτα
433 1349 634 1413 πάντα,
659 1350 727 1402 τά
750 1366 807 1400 τε
856 1348 1114 1418 θαύματα
1143 1353 1238 1404 καὶ
1269 1356 1396 1415 τοὺς
1425 1352 1516 1405 ἐπὶ
1540 1355 1653 1415 τοῖς
1683 1352 1816 1406 0mi-

225 1456 362 1506 μασι
390 1439 603 1505 λόγους,
633 1441 713 1504 είς
741 1441 809 1493 τὰ
840 1435 962 1496 ὦτα
997 1443 1173 1513 ὑμῶν.
1209 1444 1309 1496 Διὰ
1342 1445 1434 1510 τί;
1466 1444 1612 1496 Διότι
1635 1443 1815 1514 μέλλω

222 1529 600 1600 παραδοθῆναι
629 1533 724 1584 καὶ
753 1534 1156 1603 σταυρωθῆναι,
1193 1535 1260 1588 ἵν’
1288 1535 1418 1589 ὅταν
1456 1534 1806 1606 σταυρωθέν-

221 1639 292 1674 τα
325 1640 392 1692 με
425 1623 590 1693 ἴδητε,
628 1623 701 1696 μὴ
730 1625 989 1695 νομίσητε
1017 1627 1099 1679 ὄτι
1125 1627 1234 1681 ἀπὸ
1292 1627 1597 1697 ἀδυναμίας
1655 1627 1816 1680 τοῦτο

221 1716 492 1770 πέπονθα.
549 1716 608 1770 ’0
634 1718 742 1787 γὰρ
789 1717 1017 1772 τοιαῦτα
1057 1719 1516 1790 θαυματουργῶν,
1583 1717 1816 1790 ἠδύνατο

219 1808 290 1862 ἂν
317 1809 451 1880 μηδὲ
481 1811 884 1880 σταυρωθῆναι.
909 1813 974 1866 Ol
995 1812 1074 1877 δὲ,
1106 1812 1338 1883 ὴγνόουν
1367 1813 1426 1866 τὸ
1451 1813 1606 1884 ῥῆμα
1630 1811 1809 1876 τοῦτο,

1923 641 2037 678 rum
2065 633 2148 677 est
2181 633 2237 677 ut
2273 599 2444 677 Filius
2471 621 2708 675 hominis
2742 617 3068 672 tradatur-in
3095 632 3294 671 manus
3326 615 3519 669 bomi-

1921 734 2070 772 num.
2107 720 2177 770 At
2225 716 2299 770 illi
2337 713 2663 785 ignorabant
2692 710 2911 766 verbum
2948 708 3116 774 istud,
3155 717 3207 762 et
3242 723 3356 762 erat
3387 709 3520 762 alts-

1919 809 2196 864 comlitum
2249 807 2318 861 ab
2361 806 2491 866 illis,
2561 813 2619 858 ut
2663 819 2768 856 non
2825 799 3190 869 intelligerent
3249 799 3396 852 illud.
3454 798 3518 851 Et

1921 901 2189 954 timebant
2222 913 2348 952 cum
2408 897 2750 963 interrogare
2808 893 2873 946 de
2927 891 3034 945 boc
3097 891 3287 943 verbo.
3337 907 3356 939 ι
3409 889 3514 943 Alii

1918 994 2134 1060 quidem
2189 1005 2380 1046 omnes
2420 988 2834 1042 admirabantur
2876 985 2929 1038 in
2965 982 3220 1038 omnibus
3264 998 3383 1047 qnze
3432 982 3515 1035 fa-

1918 1087 2094 1140 ciebat
2126 1083 2307 1146 Iesus,
2335 1097 2439 1136 non
2475 1080 2528 1134 itt
2558 1095 2666 1134 uno
2701 1080 2801 1132 ltoc
2826 1078 3112 1130 miraculo.
3150 1075 3348 1129 Verum
3397 1075 3514 1140 ipse

1926 1177 2128 1231 relictis
2163 1174 2285 1228 aliis
2324 1188 2447 1227 cum
2478 1171 2759 1238 discipulis
2795 1169 3075 1237 loquitur,
3115 1175 3170 1222 et
3199 1166 3330 1220 dicit
3364 1185 3379 1223 ζ
3413 1165 3518 1239 Po-

1919 1268 2031 1320 nite
2065 1279 2158 1318 vos
2190 1264 2303 1318 haec
2345 1262 2552 1324 omnia,
2609 1267 2662 1315 et
2702 1259 2987 1323 miracula,
3020 1267 3075 1311 et
3133 1257 3515 1312 miraculorum

1919 1374 2224 1422 srrmones,
2253 1358 2306 1411 in
2332 1373 2494 1410 aures
2527 1366 2761 1411 vestras.
2795 1355 2974 1422 Quare
3000 1354 3023 1409 ἲ
3049 1353 3185 1420 Quia
3221 1353 3518 1406 tradendus

1921 1465 2038 1504 Sum
2071 1459 2124 1501 et
2151 1445 2554 1516 cruciﬁgendus
2589 1464 2603 1500 :
2651 1455 2708 1498 ut
2751 1445 2973 1514 quando
3010 1441 3330 1496 cruciﬁxum
3371 1442 3520 1493 vidc-

1919 1539 2060 1602 ritis,
2115 1553 2183 1592 ne
2234 1535 2604 1599 existimetis,
2661 1535 2805 1601 quod
2861 1547 2970 1602 prae
3024 1530 3344 1583 inﬁrmitate
3390 1527 3514 1578 talia

1918 1645 2112 1702 passus
2146 1629 2272 1683 sim.
2307 1625 2443 1681 Nam
2477 1627 2566 1696 qui
2600 1625 2727 1679 talia
2758 1623 3018 1678 miracula
3064 1621 3213 1684 facit,
3245 1628 3429 1687 potest
3462 1627 3519 1671 et

1917 1737 2024 1777 non
2049 1719 2316 1790 crueiﬁgi.
2348 1717 2424 1772 Illi
2457 1728 2637 1772 autem
2671 1715 3002 1786 ignorabant
3038 1711 3263 1765 verbum
3301 1709 3425 1769 boe,
3463 1717 3520 1759 et

1918 1826 2034 1870 erat
2066 1812 2440 1867 absconditum
2474 1811 2542 1864 ab
2571 1810 2673 1863 eis.
2712 1807 2774 1861 Et
2809 1821 2979 1876 quare
3008 1807 3106 1857 Itoc
3137 1803 3240 1856 fuit
3267 1801 3290 1853 ?
3325 1801 3403 1856 Ut
3453 1815 3520 1852 ne

219 1903 318 1974 κα).
353 1898 421 1973 ἦν
482 1904 1060 1975 παρακεκαλυμμένον
1114 1906 1210 1959 άπ*
1243 1883 1459 1960 αὐτῶν.
1502 1904 1602 1958 Διὰ
1653 1904 1705 1956 τί
1756 1903 1812 1957 δὲ

1921 1917 2046 1959 ante
2076 1914 2288 1970 tempus
2312 1901 2536 1955 tristitia
2569 1897 2934 1959 aﬁicerentur,
2967 1902 3017 1947 et
3057 1894 3252 1945 timore
3273 1901 3523 1942 exterre-

223 1982 390 2047 τοῦτο
420 1995 675 2078 ιγένετος
720 1996 840 2050 Ἵνα
871 1997 946 2068 μὴ
978 1996 1084 2068 πρὸ
1111 1997 1307 2070 καιροῦ
1358 1997 1660 2062 λυπῶνται,
1719 1999 1814 2049 καὶ

218 2084 302 2156 τῷ
324 2086 476 2156 φόϐῳ
504 2088 972 2158 εκταράττωνται.
1022 2089 1486 2158 Συγκαταϐαίνων
1517 2085 1614 2144 οὖν
1639 2092 1667 2143 6
1683 2090 1815 2153 Θεὸς

218 2179 290 2248 τῇ
315 2177 574 2251 ἀσθενείᾳ
604 2179 808 2247 αὐτῶν,
840 2181 938 2234 καὶ
963 2174 1075 2234 οἷον
1103 2181 1293 2235 παιδία
1336 2180 1462 2236 τινὰ
1518 2180 1812 2251 διακυϐερ-

220 2269 332 2322 νῶν
357 2269 576 2335 αὐτοὺς,
624 2271 686 2325 οὐ
743 2271 1043 2345 συνεχώρει
1072 2273 1266 2341 νοῆσαι
1322 2273 1522 2338 αὐτοὺς
1564 2271 1626 2326 16
1682 2272 1813 2343 περὶ

217 2355 319 2411 τοῦ
348 2358 586 2429 σταυροῦ
604 2358 934 2431 ·λεγόμενον.
994 2362 1137 2432 Ὅρα
1195 2361 1252 2414 δδ
1291 2361 1387 2415 καὶ
1424 2361 1525 2432 τὴν
1585 2359 1814 2415 ἐκείνων

217 2448 532 2517 εὐλάϐειαν,
588 2451 706 2516 πῶς
735 2451 1069 2506 εὐλαϐοῦντο
1129 2451 1406 2524 ὶρωτῆσαι
1439 2492 1455 2517 ,
1501 2451 1706 2523 μᾶλλον
1757 2450 1814 2505 δὲ

221 2540 540 2610 εφοϐοὖντο.
581 2542 641 2596 ὐ
666 2543 778 2614 γὰρ
811 2543 978 2613 φόϐος
1004 2544 1261 2608 ὶπίτασίς
1295 2545 1446 2598 εστιν
1502 2543 1812 2611 εὐλαϐείας,

218 2631 410 2703 ὥσπερ
438 2634 533 2686 καὶ
562 2635 596 2704 η
625 2634 883 2690 εὐλάϐεια
911 2635 1344 2706 συνεσταλμένος
1379 2635 1566 2706 φόϐος.

295 2745 314 2776 ε
342 2726 576 2798 Εἰσῆλθε
598 2726 656 2780 δὲ
687 2727 1039 2799 διαλογισμὸς
1068 2731 1126 2796 ἐν
1151 2730 1360 2795 αὐτοις,
1392 2730 1474 2791 τὸ.
1514 2729 1599 2793 τίς
1629 2727 1697 2783 ἂν
1725 2729 1816 2799 είη

222 2816 427 2886 μείζων
450 2814 650 2872 αὐτῶν.
693 2817 755 2872 '0
787 2819 844 2873 δι
883 2818 1114 2889 Ἰησοῦς,
1147 2817 1274 2873 ίδὼν
1306 2819 1399 2876 τὸν
1461 2819 1817 2889 διαλογισμὸν

217 2909 320 2980 τῆς
344 2909 575 2979 καρδίας
605 2910 806 2978 αὐτῶν,
834 2911 1233 2982 ἐπιλαϐόμενος
1284 2911 1529 2976 παιδίου,
1582 2910 1815 2977 ἔστησεν

219 3000 356 3054 αὐτὸ
384 2999 516 3071 παρ’
556 3002 756 3072 ἐαυτῷ,
785 3005 881 3056 καὶ
911 3001 1065 3056 εἶπεν
1089 3004 1301 3066 αὐτοῖς’
1338 3005 1435 3069 Ὃς
1470 3005 1566 3059 ιὰν
1593 3003 1815 3075 δέξηται

217 3092 381 3147 τοῦτο
405 3093 468 3146 τὸ
494 3093 707 3147 παιδίον
737 3095 830 3147 ἐπὶ
859 3095 923 3147 τὸ
980 3095 1209 3166 ὀνόματι
1237 3113 1364 3167 μου,
1413 3096 1516 3168 ιμὶ
1552 3096 1772 3167 δέχεται
1798 3113 1813 3127 ο

221 3187 320 3239 καὶ
349 3185 409 3288 δς
432 3187 526 3288 ἐάν
555 3186 658 3254 εμὲ
687 3186 942 3257 δέξηται,
996 3187 1216 3259 δέχεται
1272 3189 1365 3242 τὸν
1410 3182 1810 3244 ἀποστείλαντά
1839 3226 1885 3288 C

226 3293 318 3345 με.
360 3277 418 3329 ’0
443 3277 550 3345 γάρ
616 3277 945 3350 μικρότερος
975 3281 1034 3332 ιν
1097 3280 1264 3333 πᾶσιν
1323 3281 1455 3350 ὑμίν
1520 3280 1808 3350 ὑπάρχων,

218 3363 379 3432 οὗτος
406 3364 557 3422 lout
580 3369 776 3440 μέγας.
811 3369 1160 3441 ’Δποκριθεὶς
1186 3371 1242 3425 δι
1269 3373 1296 3425 6
1335 3371 1590 3440 Ἰωάννης
1619 3368 1774 3425 εἶπεν
1792 3386 1807 3401 °

233 3461 558 3524 Ἐπιστάτα,
597 3463 810 3530 είδομίν
839 3479 964 3516 τινα
983 3461 1077 3514 ἰπὶ
1107 3461 1184 3533 τῷ
1220 3462 1447 3532 ὀνόματί
1479 3478 1574 3516 σου
1614 3462 1814 3516 ἐκϐάλ-

220 3553 389 3606 λοντα
417 3553 693 3622 δαιμόνια,
723 3556 818 3609 καὶ
854 3554 1210 3626 ὶκωλύσαμεν
1237 3557 1423 3620 αὐτὸν,
1451 3557 1534 3610 ὅτι
1563 3559 1662 3610 οὐκ
1681 3559 1815 3610 ἀκο-

221 3647 407 3699 λουθεῖ
441 3645 564 3716 μεθ’
593 3647 770 3718 ἡμῶν.
803 3649 914 3701 Καὶ
948 3644 1070 3700 εἷπε
1105 3648 1242 3717 πρὸς
1275 3647 1438 3702 αὐτὸν
1482 3651 1510 3702 6
1559 3649 1774 3720 Ἰησοῦς
1795 3665 1809 3678 ·

222 3738 319 3808 Μὴ
352 3738 612 3794 κωλύετε.
654 3741 751 3802 '0;
815 3740 924 3809 γάρ
953 3742 1055 3792 οὐκ
1108 3739 1225 3793 ἔστι
1259 3741 1384 3794 καθ’
1432 3739 1616 3810 ημῶν,
1672 3740 1814 3812 ὑπὲρ

224 3829 388 3898 ἡμῶν
419 3832 622 3884 ἐστιν.»
660 3830 838 3894 Πάθος
885 3831 1137 3884 διακένου
1170 3829 1329 3901 δόξης
1358 3831 1639 3904 ὑπέδραμε
1688 3832 1818 3896 τοὺς

221 3924 578 3988 ἀποστόλους.
623 3925 779 3978 Ἐπεὶ
803 3925 953 3977 δοκεῖ
991 3927 1056 3978 ὲκ
1085 3924 1180 3978 τοῦ
1207 3926 1298 3977 τὸν
1365 3924 1817 3993 δαιμονιζόμενον

229 4015 306 4086 μὴ
340 4015 744 4086 θεραπευθῆναι
775 4015 1167 4085 ιπεγερθὲντος
1201 4017 1387 4078 αὐτοῖς
1431 4016 1526 4068 τοῦ
1582 4017 1814 4078 πάθους.

227 4108 388 4169 Εἰκὸς
417 4107 528 4175 γάρ
560 4103 629 4178 ἦν
665 4108 862 4170 αὐτοὺς
903 4109 1374 4178 διαφιλονεικῆσαι
1417 4109 1547 4180 περὶ
1598 4109 1814 4172 τούτου,

223 4199 454 4267 λέγοντα
485 4201 850 4267 ἓκαστον,ὃτι
879 4203 942 4255 οὐ
992 4201 1081 4255 διὰ
1136 4202 1237 4273 τὴν
1289 4202 1428 4272 ἑμὴν
1486 4201 1814 4272 ἀδυναμίαν,

223 4291 366 4345 ἀλλὰ
421 4291 511 4344 διὰ
556 4291 656 4360 τὴν
704 4292 800 4345 τοῦ
851 4295 1020 4355 δεῖνος
1068 4294 1169 4346 οὐκ
1238 4292 1579 4364 ἐθεραπεύθη
1609 4294 1637 4346 6
1665 4294 1817 4358 παῖς,

229 4379 531 4435 κάντεῦθεν
564 4381 872 4450 ἀναφθῆναι
915 4384 1015 4452 τὴν
1040 4383 1312 4454 περὶτοῦ,
1337 4383 1422 4445 τίς
1459 4383 1526 4435 ἂν
1563 4381 1650 4452 εῐη
1704 4383 1820 4452 μείο

225 4476 360 4540 ζων,
395 4475 533 4547 ἔριν.
580 4475 770 4528 ’Δλλ⁹ὐ
805 4473 1032 4545 Κύριος,
1073 4475 1229 4540 εἰδὼς
1266 4478 1366 4540 τὰς
1396 4475 1623 4548 καρδίας
1683 4476 1818 4528 ἑκά-

1861 1993 1866 2000 ’
1917 2008 2129 2052 rentur.
2159 1996 2350 2063 Itaque
2381 1992 2522 2046 Deus
2549 1987 2997 2046 condescendens
3027 1983 3330 2038 inﬁrmitati
3353 1980 3520 2051 338

1916 2087 2156 2151 illorum,
2227 2095 2282 2142 et
2341 2083 2494 2154 quasi
2540 2097 2738 2151 pueros
2769 2080 3086 2133 moderatur
3137 2076 3280 2139 illos,
3344 2088 3522 2142 neque

1917 2181 2170 2237 concedit
2203 2179 2305 2242 eis,
2340 2186 2400 2232 ut
2430 2175 2729 2244 intelligant
2760 2174 2862 2227 ltoe
2888 2171 3031 2240 quod
3065 2171 3127 2222 de
3159 2182 3326 2222 cruce
3367 2166 3516 2220 dice-

1915 2268 2098 2329 batur.
2128 2271 2262 2326 Vide
2289 2279 2471 2325 autem
2497 2278 2553 2323 et
2584 2267 2798 2321 illorum
2824 2262 3219 2327 reverentiam,
3247 2259 3521 2328 quomodo

1917 2379 2028 2435 prae
2061 2363 2366 2418 reverentia
2412 2361 2750 2428 interrogare
2779 2372 2886 2412 non
2916 2356 3212 2416 audebant,
3264 2352 3373 2406 imo
3410 2365 3520 2420 prro

1921 2459 2148 2514 timore:
2185 2471 2315 2510 nam
2357 2455 2522 2509 timor
2548 2459 2898 2522 augmentum
2930 2458 3009 2504 est
3036 2447 3254 2518 pietatis
3285 2456 3338 2500 et
3367 2460 3522 2498 reve-

1921 2549 2106 2605 rentia:
2168 2548 2311 2603 sicut
2350 2555 2406 2600 et
2455 2543 2760 2600 reverentia
2819 2541 2902 2596 vel
2967 2540 3152 2608 pietas
3190 2545 3519 2592 contractus

1920 2643 2082 2699 timor
2117 2652 2222 2696 est.

1994 2733 2160 2788 Vens.
2192 2731 2382 2788 £6-50.
2415 2749 2433 2783 ι
2470 2730 2699 2786 Intravit
2724 2736 2907 2782 autem
2932 2722 3192 2793 cogitatio
3219 2723 3363 2776 inter
3389 2735 3511 2783 eos,

1918 2826 2042 2898 quis
2072 2840 2262 2880 eorum
2304 2822 2477 2891 major
2501 2833 2670 2878 esset.
2709 2823 2778 2875 At
2813 2820 2974 2873 Iesus
3007 2818 3194 2870 videns
3227 2813 3520 2882 cogitatio-

1919 2933 2042 2972 Item
2065 2917 2250 2972 cordis
2286 2916 2526 2983 illorum,
2556 2913 2918 2984 apprehendit
2961 2924 3210 2980 puerum,
3235 2915 3290 2962 et
3327 2906 3523 2960 statuit

1920 3010 2069 3064 illum
2109 3008 2266 3077 iusta
2301 3020 2383 3073 se,
2436 3017 2493 3061 et
2539 3007 2617 3060 ait
2661 3006 2769 3060 illis
2814 3023 2827 3059 :
2868 3004 3197 3072 Quicunque
3251 2998 3522 3067 receperit

1919 3116 2147 3172 puerum
2175 3100 2323 3154 hunc
2360 3102 2411 3152 itt
2453 3100 2675 3152 nomine
2724 3112 2867 3159 meo,
2908 3111 2993 3148 me
3018 3094 3212 3161 recipit
3257 3110 3270 3146 :
3309 3103 3362 3145 et
3396 3091 3521 3160 qui-

1918 3209 2131 3263 cunque
2180 3208 2266 3248 me
2315 3191 2610 3260 receperit,
2667 3189 2862 3256 recipit
2896 3204 3033 3242 eum.
3075 3187 3166 3256 qui
3219 3199 3304 3238 me
3347 3183 3519 3238 misit.

1916 3283 2052 3339 Nam
2082 3287 2174 3355 qui
2229 3285 2410 3339 minor
2439 3293 2525 3337 est
2558 3283 2702 3336 inter
2746 3296 2940 3336 omnes
2973 3295 3092 3343 vos,
3134 3278 3221 3332 hic
3261 3278 3366 3332 erit
3403 3293 3522 3330 ma-

1917 3391 2076 3446 gnus.
2105 3374 2462 3444 Respondens
2484 3384 2665 3427 autem
2693 3373 2956 3436 Joannes,
2977 3372 3116 3426 dixit
3147 3390 3160 3425 :
3186 3369 3518 3439 Praeceptor,
3556 3425 3559 3428 .

1917 3469 2155 3523 vidimus
2188 3467 2478 3536 quemdam
2523 3468 2624 3520 sub
2665 3464 2886 3518 nomine
2920 3475 3013 3518 tuo
3061 3463 3375 3532 ejicientem
3413 3463 3523 3514 dte-

1918 3560 2128 3623 m0nia,
2158 3568 2214 3614 el.
2248 3559 2634 3629 prohibuimus
2660 3573 2808 3619 eum,
2842 3557 2970 3626 quia
3002 3570 3110 3610 non
3145 3555 3396 3622 sequitur
3426 3569 3523 3606 n0-

1921 3654 2154 3707 ltiscutn.
2190 3652 2258 3707 Et
2298 3653 2375 3706 ait
2425 3651 2493 3706 ad
2526 3651 2678 3705 illum
2715 3648 2876 3704 Iesus
2909 3667 2922 3703 :
2963 3648 3141 3702 Nolite
3176 3647 3464 3716 prohibere
3504 3664 3517 3700 :

1919 3747 2010 3815 qui
2059 3745 2204 3800 enim
2259 3760 2369 3799 non
2415 3753 2500 3799 est
2534 3727 2822 3797 adversum
2863 3755 2986 3801 nos,
3022 3755 3122 3808 pro
3166 3739 3322 3792 nobis
3354 3747 3458 3792 est.
3492 3757 3512 3790 ε

1923 3842 2142 3897 Morbus
2184 3840 2365 3895 inanis
2413 3839 2602 3909 gloria:
2622 3836 2898 3907 apostolos
2918 3835 3287 3890 invasit.Mihi
3306 3833 3519 3887 videtur

1919 3944 2098 3990 ortum
2134 3933 2183 3987 id
2229 3933 2372 3986 inter
2401 3931 2544 3993 illos,
2576 3944 2642 3983 eo
2673 3925 2818 3998 quod
2858 3930 3249 3984 dmmoniacum
3287 3947 3392 3983 non
3426 3945 3519 3983 sa-

1923 4024 2128 4078 narint.
2163 4021 2472 4077 Verisimile
2510 4021 2656 4075 enim
2697 4021 2841 4088 quod
2886 4035 3054 4089 super
3085 4020 3190 4074 Itoe
3233 4023 3522 4075 contende-

1925 4116 2056 4176 rint,
2101 4113 2414 4168 dicentibus
2457 4113 2688 4180 singulis
2715 4113 2859 4183 quod
2903 4129 3011 4168 non
3069 4122 3289 4182 prepter
3339 4129 3518 4175 suam,

1921 4208 2016 4262 sed
2045 4207 2274 4261 alterius
2297 4206 2583 4273 cujusdam
2618 4207 2993 4261 inﬁrmitatem
3020 4224 3154 4277 puer
3182 4207 3270 4261 ille
3296 4216 3522 4261 sanatus

1923 4316 2029 4352 non
2075 4299 2237 4354 fuerit
2279 4317 2293 4352 :
2341 4308 2397 4353 et
2447 4299 2573 4354 inde
2623 4314 2853 4354 accensa
2903 4301 2968 4353 Iis
3017 4313 3122 4357 est.
3165 4301 3289 4370 quis
3332 4314 3522 4355 eorum

1924 4372 2096 4459 major
2127 4401 2292 4446 esset.
2324 4390 2395 4442 At
2425 4391 2685 4444 Dominus
2707 4391 2841 4446 visis
2872 4391 3209 4462 singulorum
3242 4392 3522 4453 cordibus,

1925 4483 2190 4551 praevenit
2236 4499 2257 4543 ;
2309 4491 2364 4536 et
2424 4484 2746 4552 priusquam
2804 4485 3030 4539 morbus
3091 4484 3522 4544 incrudeseeret,

225 4583 380 4631 στου,
418 4567 633 4634 φθάνει,
677 4567 771 4619 καὶ
801 4570 934 4636 πρὶν
966 4567 1286 4637 ἢαύξηθείη
1314 4569 1374 4620 τί)
1417 4567 1592 4650 πάθος
1634 4565 1814 4631 τοῦτο,

1926 4572 2141 4626 curavit.
2189 4571 2456 4626 radicitus
2489 4573 2634 4638 ejici.
2671 4570 2845 4625 Morbi
2887 4572 3033 4625 enim
3076 4573 3144 4624 ab
3189 4572 3341 4623 initio
3366 4569 3520 4623 facile

227 4658 524 4722 σπουδάζει
559 4660 856 4730 πρὸρῤιζον
889 4661 1165 4730 ἐκτεμεῖν.
1209 4659 1516 4730 Ἀρχόμενα
1562 4661 1662 4730 μὲν
1712 4659 1820 4730 γάρ

223 4754 293 4804 τά
325 4753 475 4821 πάθη
529 4752 791 4805 νικῶνται
843 4751 1065 4824 ῥᾳδίως,
1129 4750 1439 4822 αὐξηθέντα
1468 4751 1526 4804 δὶ
1584 4751 1823 4804 δυσαπόο

224 4846 403 4912 ϐλητα
428 4845 660 4914 γίνεται.
695 4846 818 4910 Πῶς
852 4841 945 4898 οὖν
973 4847 1226 4915 ἐκτέμνει
1259 4846 1319 4898 τὸ
1364 4847 1534 4897 κακόν
1560 4863 1574 4910 ;
1601 4843 1822 4897 Ἐπίλα-

223 4940 477 5008 ϐόμενος,
509 4940 665 5008 φησὶ,
709 4939 950 5004 παιδίου,
1001 4939 1242 4992 δείκνυσι
1295 4938 1455 4990 τοῦτο
1484 4940 1595 4999 τοῖς
1643 4939 1822 5007 μαθη-

223 5034 369 5094 ταί,⁶
401 5030 579 5098 δηλῶν
620 5031 804 5093 αὐτοῖς
832 5031 922 5084 διὰ
962 5031 1180 5095 τούτου,
1209 5031 1291 5083 ὅτι
1354 5031 1613 5098 τοιαύτην
1675 5028 1817 5096 γνὼ-

226 5142 338 5194 μην
375 5125 459 5176 δεῖ
488 5125 636 5195 ἡμᾶς
684 5127 741 5178 ἐν
790 5107 1493 5190 ἑαυτοϊςκατασκευάζειν,
1527 5125 1648 5178 οἵαν
1708 5126 1821 5188 τοῖς

224 5217 461 5280 παιδίοις
563 5217 749 5288 ἡλικία
775 5218 996 5272 δέδωκε.
1031 5219 1219 5272 Ταῦτα
1246 5219 1356 5289 γὰρ
1379 5218 1728 5289 άπειρόκακά
1758 5217 1817 5294 τνέ

985 5314 1122 5382 μήτε
1167 5310 1472 5380 φιλοδοξίας
1528 5292 1817 5378 λογισμοίς

224 5401 613 5473 ἐνοχλούμενα.
669 5405 806 5472 μήτε
843 5403 1238 5475 φιλοπρωτίας.
1283 5405 1380 5467 ’ος
1403 5402 1516 5468 οὖν,
1550 5402 1706 5472 φησὶ,
1739 5402 1822 5454 δέ-

224 5496 375 5559 ξεται
412 5494 652 5547 τοιοῦτον
683 5495 894 5548 παιδίον
927 5496 1018 5549 ἐπὶ
1041 5496 1120 5566 τῷ
1142 5495 1368 5564 ὀνόματί
1399 5513 1520 5563 μου,
1551 5495 1650 5565 ἐμὲ
1674 5495 1821 5564 δέχε-

220 5604 336 5641 ται.
386 5589 450 5640 Ὀ
480 5587 534 5640 δὲ
565 5587 733 5655 λέγει,
764 5585 1006 5640 τοιοῦτόν
1055 5590 1202 5640 ἐστιν
1229 5604 1242 5615 '
1299 5586 1497 5658 Ὑμεῖς
1541 5588 1638 5654 μὲν
1670 5588 1821 5656 νομί-

222 5680 370 5743 ζετε,
400 5680 483 5733 ίἰντι
512 5680 605 5732 ἐὰν
637 5681 858 5751 σοϐαροὶ
899 5681 1168 5750 φαίνησθε
1229 5681 1327 5734 καὶ
1357 5681 1643 5750 φιλόδοξοι,
1694 5681 1817 5733 τότε

221 5773 455 5840 ἁρέπετε
484 5776 595 5835 τοῖς
627 5773 867 5836 πολλοῖς.

222 5313 334 5363 εἰσι
373 5310 468 5362 καὶ
521 5310 892 5364 ἁπλούστατα-
908 5352 922 5376 ,

905 5775 999 5826 καὶ
1032 5775 1153 5826 τότε
1193 5773 1436 5836 πλείονες
1463 5770 1816 5834 ὑποδέξονται

223 5864 390 5933 ίμὶς.
432 5864 577 5932 Ἐγὼ
611 5866 666 5920 δὲ
700 5866 845 5933 λέγω
887 5865 1041 5936 ὑμῖν,
1089 5869 1167 5920 Ξτι
1203 5865 1458 5920 τεςαῦτον
1519 5867 1584 5935 τῇ
1644 5864 1814 5917 αλλό-

1925 4666 2222 4720 vineuntur
2249 4683 2262 4719 :
2290 4681 2410 4720 cum
2442 4653 2574 4718 vero
2610 4665 3016 4727 incrudueyint,
3049 4670 3242 4717 curatu
3278 4661 3520 4715 difﬁciles

1925 4769 2071 4813 sunt.
2104 4757 2288 4828 Itaque
2314 4758 2590 4828 Quomodo
2620 4757 2820 4810 malum
2857 4757 2959 4818 huc
2990 4756 3288 4810 mnendat?
3312 4757 3495 4824 Appre

1926 4854 2155 4906 liensum
2217 4867 2446 4921 puerum
2499 4851 2740 4905 ostendit
2782 4849 3108 4919 discipulis,
3169 4848 3521 4904 nanil‘estans

1924 4946 2002 4998 eis
2027 4960 2124 5012 per
2147 4944 2272 5007 h0e,
2294 4944 2436 5014 quod
2467 4943 2624 4997 talem
2651 4953 2889 4998 mentem
2915 4951 3132 5011 oportet
3163 4957 3259 4996 nos
3289 4943 3339 4994 in
3366 4943 3521 4996 nobis

1924 5052 2151 5108 parare,
2204 5037 2380 5105 qualis
2444 5048 2527 5092 est
2585 5038 2637 5091 in
2696 5038 2900 5106 pueris.
2959 5036 3038 5090 Illi
3100 5036 3246 5089 enim
3305 5034 3526 5090 malitiae

1923 5141 2175 5201 expertes
2208 5140 2334 5185 sunt
2370 5140 2423 5185 et
2456 5130 2876 5200 simplicissimi,
2916 5144 3091 5198 neque.
3128 5129 3304 5183 inanis
3337 5128 3525 5197 gloria:

1925 5239 2102 5293 neque
2152 5223 2471 5278 ambitionis
2519 5223 2946 5293 cogitationibus
2996 5222 3348 5276 divexantur.
3416 5220 3521 5286 Qui

1924 5318 2111 5387 igitur,
2159 5317 2359 5384 inquit.
2391 5318 2697 5385 susceperit
2733 5315 2895 5369 talem
2931 5328 3158 5383 puerum
3201 5313 3253 5364 in
3302 5314 3525 5364 nomine

1925 5424 2068 5471 meo,
2104 5423 2190 5460 me
2241 5408 2491 5473 suscipit.
2523 5407 2677 5472 Quod
2711 5405 2892 5459 autem
2931 5405 3086 5468 dicit,
3117 5402 3260 5456 Imne
3297 5417 3520 5455 sensum

1924 5502 2132 5554 habet:
2171 5498 2276 5553 Vos
2317 5501 2537 5566 quidem
2592 5499 2914 5564 opinamini,
2963 5498 3107 5566 quod
3149 5493 3521 5564 sipompatiei

1921 5601 1976 5643 et
2027 5590 2251 5661 gloriosi
2286 5590 2528 5654 fueritis,
2559 5592 2745 5644 multis
2779 5590 3063 5657 placeatis,
3104 5587 3393 5655 pluresque
3427 5599 3524 5638 vos

1921 5681 2226 5749 suseep'uri
2250 5681 2380 5733 sint.
2405 5679 2517 5749 ligo
2542 5693 2718 5733 autem
2749 5680 2868 5734 dico
2890 5680 3209 5748 vobis,quml
3239 5676 3524 5746 tantOpere

1926 5774 2133 5839 gaudeo
2179 5771 2551 5840 simplicitate,
2597 5781 2649 5825 et
2697 5773 2840 5842 quod
2891 5788 2954 5826 ea
3014 5770 3317 5840 discipulos
3368 5785 3523 5825 meos

1925 5866 1996 5918 ita
2030 5864 2315 5930 discet-uit,
2367 5873 2420 5919 ut
2458 5865 2707 5935 quisquis
2736 5865 3206 5936 simplicissimum
3257 5863 3432 5918 virum
3466 5871 3524 5919 et
