4256 6432
800 378 905 441 89.7

1715 372 2291 443 THEOPHYLACTI
2334 371 2745 435 BULGARirﬁ
2785 374 3145 439 ARCHIEP.

3942 377 4051 443 ολδ

802 490 1145 544 innocentem
1199 488 1503 557 susceperit
1550 499 1605 542 ut
1652 502 1827 542 meum
1861 485 2187 554 discipulum
2222 499 2239 538 :
2270 483 2369 537 hoc
2404 487 2443 537 Α
2476 496 2483 507 ·

2404 487 2443 537 Α
2476 496 2599 549 τητι
2644 478 2839 552 χαίρω,
2903 481 2995 533 καὶ
3051 479 3196 534 οὕτω
3268 478 3660 553 χαρακτηρίζει
3711 480 3852 550 αὕτη
3922 485 4054 545 τοὺς

800 581 946 635 enim
979 589 1061 634 est
1101 579 1242 647 quod
1277 579 1428 643 dicit,
1458 580 1511 633 in
1553 580 1768 633 nomine
1812 563 1932 633 nlo
1964 594 1979 634 :
2016 591 2100 631 me
2121 576 2366 644 suscipit.

802 670 903 736 Qui
926 680 1106 723 autem
1137 682 1482 739 arrogantem
1514 670 1762 736 suscipit,
1793 684 1967 735 neque
2000 683 2177 723 meum
2205 666 2371 721 disci-

802 759 984 827 pulum
1050 760 1311 826 suscipit,
1378 774 1551 827 neque
1619 773 1725 812 me.
1780 758 2129 827 Respondens
2187 767 2366 811 autem

796 843 1034 901 Joannes
1077 848 1209 901 dixit
1250 864 1263 901 :
1304 847 1557 912 Domine,
1592 848 1827 902 vidimus
1860 847 2148 918 quemdam
2182 848 2233 901 iu
2268 862 2365 902 uo-

799 936 944 989 mine
974 945 1065 989 tuo
1093 935 1400 1005 ejicieutcm
1428 938 1717 1004 da-monia,
1742 949 1794 991 et
1819 937 2191 1007 prohibuimus
2217 950 2363 990 eum.

796 1026 1053 1093 Quanam
1102 1029 1373 1082 sermonis
1410 1028 1555 1083 illius
1598 1030 1983 1099 consequentia
2032 1044 2189 1098 quem
2229 1027 2368 1083 dixit

796 1118 1047 1183 Joannes,
1081 1120 1145 1172 ad
1178 1133 1239 1179 ea
1273 1136 1392 1190 quae
1424 1122 1559 1175 dixit
1594 1119 1892 1176 Dominus?
1925 1119 2119 1188 Utique
2147 1133 2361 1188 magna.

796 1208 931 1273 Quia
986 1211 1129 1263 enim
1183 1210 1390 1265 dixerat
1422 1210 1684 1265 Dominus
1729 1212 1871 1280 quod
1916 1211 2094 1264 Minor
2131 1211 2183 1263 in
2214 1210 2365 1265 vobis

798 1302 883 1354 hie
906 1303 1009 1355 erit
1040 1316 1286 1372 magnus,
1315 1303 1503 1358 timere
1529 1307 1696 1372 carpit
1723 1302 1957 1357 Joannes
1990 1318 2056 1358 ne
2087 1301 2224 1356 forte
2248 1317 2359 1355 ma-

797 1392 904 1446 lum
959 1392 1086 1461 quid
1138 1391 1418 1457 fecissent,
1474 1394 1688 1449 homine
1742 1408 1839 1461 per
1896 1396 2263 1463 arrogantiam
2310 1403 2363 1448 et

794 1484 1101 1550 superbiam
1154 1486 1448 1553 prohibito.
1491 1484 1626 1538 Nam
1676 1486 1965 1554 prohibere
2016 1486 2248 1555 aliquem
2296 1486 2364 1540 ab

794 1562 992 1641 aliquo,
1019 1588 1126 1628 non
1150 1575 1411 1629 minorem
1437 1577 1607 1645 arguit
1634 1576 1803 1646 339
1823 1593 1944 1631 eum
1973 1579 2061 1646 qui
2094 1576 2360 1643 prohibet,

791 1666 886 1716 sed
930 1663 1102 1730 majus
1144 1664 1397 1734 quiddam
1430 1666 1497 1721 de
1537 1683 1597 1721 se
1640 1672 1987 1731 sentientem,
2020 1683 2181 1737 quam
2208 1670 2272 1721 de
2296 1682 2363 1721 co

794 1752 883 1819 qui
920 1754 1237 1820 prohibetur
1255 1757 1323 1809 ab
1349 1756 1482 1825 ipso.
1512 1753 1744 1811 Proinde
1775 1756 2012 1811 Joannes
2040 1756 2263 1812 timebat
2290 1771 2355 1810 ne

796 1843 932 1897 forte
982 1845 1266 1911 superbius
1316 1846 1513 1914 egisset
1559 1846 1831 1915 prohibito
1889 1848 2128 1904 homine.
2184 1845 2351 1915 Cujus

793 1934 958 2003 igitur
989 1936 1159 2004 gratia
1193 1936 1587 2003 prohibuerunt
1622 1936 2075 1993 hominemlNon
2111 1938 2358 1992 inviden-

793 2037 897 2091 tes,
940 2027 1035 2081 sed
1078 2028 1357 2098 indignum
1394 2029 1544 2083 illum
1573 2028 1879 2098 judicantes
1907 2031 1996 2099 qui
2033 2029 2355 2085 miraculum

788 2130 1145 2185 operaretur:
1182 2135 1289 2174 non
1314 2121 1457 2176 enim
1486 2122 1811 2178 aderatcum
1839 2122 1947 2178 illis
1978 2124 2150 2193 gratia
2183 2137 2351 2193 agen-

786 2206 978 2262 dorum
1014 2210 1395 2267 miraculorum
1431 2212 1677 2279 daretur,
1716 2229 1891 2287 neque
1933 2215 2001 2269 ad
2030 2218 2134 2271 hoc
2176 2230 2210 2271 ε
2248 2213 2355 2270 Do-

792 2295 941 2351 tuino
994 2299 1225 2356 emissus
1266 2312 1418 2369 erat,
1472 2304 1614 2359 sicut
1660 2303 1791 2372 alii,
1848 2319 2023 2373 neque
2073 2303 2350 2361 Christum

789 2400 1017 2455 usquam
1053 2392 1402 2459 sequebatur.
1432 2395 1571 2461 Quid
1617 2395 1782 2465 igitur
1830 2395 2125 2451 Dominus!
2155 2394 2350 2460 Sinite,

787 2474 978 2546 inquit,
1008 2493 1133 2535 eum
1173 2482 1274 2537 hoc
1318 2482 1516 2539 facere.
1546 2483 1790 2540 Conterit
1837 2486 1981 2540 enim
2014 2497 2070 2542 et
2112 2487 2227 2558 ipse
2259 2486 2353 2541 Sa-

789 2575 925 2620 tanae
946 2578 1106 2639 caput
1136 2586 1152 2625 :
1184 2580 1238 2626 et
1265 2573 1393 2643 quia
1427 2588 1529 2629 non
1556 2574 1807 2630 obstabat
1825 2576 1977 2633 vobis
2001 2576 2066 2633 ad
2098 2578 2352 2647 praedica-

786 2657 1008 2723 tionem,
1035 2677 1139 2718 non
1170 2676 1491 2735 cooperator
1536 2669 1769 2724 diabolo.
1798 2671 2030 2727 Proinde
2074 2686 2171 2740 pro
2196 2671 2353 2729 nobis

785 2760 883 2805 est.
934 2750 1033 2818 Qui
1062 2754 1207 2809 enim
1236 2771 1343 2811 non
1378 2766 1464 2813 est
1490 2770 1680 2815 contra
1712 2760 1901 2830 Deum,
1922 2756 2037 2833 pro
2074 2762 2182 2819 Deo
2220 2774 2306 2819 est
2334 2784 2348 2820 :

784 2844 1236 2909 quemadmodum
1284 2848 1376 2915 qui
1424 2864 1529 2904 non
1588 2864 1877 2921 congregat
1916 2868 2037 2908 cum
2092 2854 2219 2923 Deo,
2260 2856 2352 2911 ille

780 2949 902 2988 cum
921 2938 1132 2993 diabolo
1156 2948 1262 2995 est.
1282 2942 1566 3000 Admirare
1594 2957 1795 3014 autem,
1816 2951 2062 3016 obsecro,
2092 2952 2346 3007 virtutem

782 3028 1019 3083 nominis
1064 3028 1293 3100 Christi,
1332 3040 1601 3128 quomodo
1628 3048 1678 3094 et
1720 3056 1817 3110 per
1847 3042 2117 3113 indignos,
2164 3054 2221 3099 et
2253 3061 2349 3101 eos

778 3120 869 3185 qui
926 3136 1031 3175 non
1075 3135 1232 3178 erant
1275 3120 1391 3192 ejus
1440 3128 1712 3199 discipuli,
1750 3133 1921 3203 gratia
1969 3146 2247 3205 operetur,
2291 3146 2341 3191 et
2377 3155 2422 3215 ε

780 3207 953 3263 solum
989 3214 1273 3280 nominati,
1299 3218 1370 3269 ita
1411 3227 1464 3272 et
1501 3234 1598 3287 per
1642 3225 1973 3292 sacerdotes,
2012 3228 2223 3281 etiamsi
2266 3228 2347 3281 in-

778 3299 928 3369 digni
982 3302 1214 3370 fuerint,
1262 3318 1520 3375 operatur
1574 3314 1767 3379 gratia,
1834 3323 1888 3368 et
1940 3317 2350 3374 sanctificantur

777 3410 989 3464 omnes,
1020 3400 1231 3455 etiamsi
1258 3401 1502 3469 impurus
1530 3403 1691 3461 fuerit
1720 3410 1998 3467 sacerdos.

851 3660 1019 3717 Vens:
1046 3666 1232 3724 5l-56.
1290 3690 1312 3721 ε
1349 3668 1571 3726 Pactum
1604 3684 1688 3729 est
1727 3686 1904 3732 autem
1941 3678 2066 3733 dum
2112 3664 2359 3752 campie-7

779 3764 964 3809 rentur
995 3756 1113 3811 dics
1144 3764 1533 3829 assumptiouis
1559 3765 1697 3834 ejus,
1725 3776 1779 3820 et
1827 3768 1941 3838 ipse
1972 3768 2163 3824 faciem
2194 3789 2347 3828 suam

778 3847 1185 3914 olifirmaverat,
1216 3865 1273 3906 ut
1305 3854 1421 3908 iret'
1450 3856 1903 3927 Hierosolymam,
1934 3872 1990 3917 et
2031 3863 2169 3919 misit
2205 3883 2347 3921 nun-

779 3946 884 3991 tos
931 3945 1057 3993 ante
1084 3953 1431 4008 conspecmm
1480 3961 1656 4009 suum,
1696 3959 1745 4001 et
1781 3964 1973 4004 crinitos
2014 3953 2350 4009 intraverunt

779 4031 831 4081 in
865 4030 1139 4086 civitatem
1195 4032 1685 4101 Samaritanorum,
1716 4050 1774 4094 ut
1824 4055 2079 4109 pararent
2132 4047 2228 4102 illi.
2284 4048 2349 4102 Et

780 4136 885 4174 non
915 4136 1239 4192 receperunt
1266 4140 1413 4189 eum,
1447 4130 1571 4195 quia
1621 4129 1786 4186 facies
1831 4135 1949 4202 ejus
2006 4150 2121 4190 erat
2167 4142 2347 4193 euntis

783 4210 1231 4284 Hierosolymam.
1284 4216 1416 4271 Cum
1447 4218 1709 4273 vidissent
1740 4232 1918 4278 autem
1950 4226 2198 4295 discipuli
2227 4230 2345 4297 ejus

773 4302 1014 4358 Jacobus
1048 4316 1101 4359 et
1125 4302 1383 4372 Joannes,
1419 4307 1671 4363 dixerunt
1704 4329 1717 4364 :
1745 4311 1989 4376 Domine,
2010 4317 2348 4374 visdicamus

776 4405 836 4451 ut
871 4398 1009 4467 ignis
1034 4398 1098 4452 de
1113 4399 1251 4454 caelo
1270 4400 1579 4463 descendat.
1605 4412 1658 4454 et
1679 4414 1957 4459 consumat
1986 4406 2122 4473 illos,
2158 4424 2347 4479 quem-

2474 572 2640 641 ἐμοὺς
2675 572 2941 643 μαθητάς,
2971 571 3110 625 ὥστε
3140 572 3289 635 ὅστις
3315 572 3383 625 ἂν
3427 572 3646 642 δέξηται
3697 572 3790 626 τὸν
3844 573 4053 627 ἀπλού-

2474 684 2667 721 στατον
2696 668 2864 738 ἄνδρα
2880 670 2974 721 καὶ
3022 668 3251 731 άκακον,
3274 668 3350 730 ὡς
3390 669 3523 738 ἐμὸν
3583 667 3833 737 μαθητὴν
3864 669 4056 737 (τοῦτο

2472 758 2579 827 γάρ
2622 761 2735 811 ἐστι
2781 761 2862 822 τὸ,
2889 759 2982 812 επὶ
3010 758 3088 830 τῷ
3124 760 3351 829 ὀνόματί
3401 759 3549 828 μου),
3586 758 3687 827 ἐμὲ
3712 757 3958 827 δέχεται.
3991 760 4052 815 '0

2471 846 2579 913 γάρ
2615 846 2854 910 ἀλαζόνα
2874 847 3185 918 δεχόμενος,
3207 849 3331 903 οὔτε
3358 850 3490 918 ὲμδν
3515 848 3764 919 μαθητὴν
3804 849 4050 919 δέχεται,

2468 935 2592 989 οὔτε
2616 937 2738 1006 ὲμό.
2827 938 3173 1007 Ἀποκριθεὶς
3202 941 3260 994 δι
3296 942 3325 994 6
3360 940 3616 1010 Ἰωάννης
3660 935 3817 993 εῐπεο
3845 942 4050 1009 Κύριε,

2468 1028 2681 1099 εἴδομεν
2714 1046 2837 1083 τινα
2862 1030 2955 1083 επὶ
2981 1030 3061 1101 τῷ
3079 1031 3305 1101 ὀνόματί
3352 1047 3447 1084 σου
3484 1030 3821 1086 ἐκϐάλλοντα
3856 1032 4054 1100 δαιμό-

2466 1137 2577 1183 νια,
2603 1121 2694 1173 καὶ
2751 1120 3107 1190 ἐκωλύσαμεν
3159 1122 3347 1177 αὐτόν.
3416 1123 3548 1175 Ποία
3605 1122 3904 1177 ἀκολουθία
3951 1123 4050 1176 τοῦ

2470 1207 2653 1275 λόγου,
2676 1208 2735 1262 ὃν
2772 1204 2928 1263 εἶπεν
2958 1213 2987 1264 6
3023 1209 3297 1279 Ἰωάννης,
3328 1213 3467 1282 πρὸς
3494 1210 3532 1265 ἃ
3566 1206 3765 1264 εἷπενό
3793 1211 4044 1281 Κύριοςς

2466 1298 2645 1369 Πολλὴ
2714 1300 2815 1371 μὲν
2861 1296 2975 1354 οὖν.
3025 1300 3179 1353 Ἐπεὶ
3230 1300 3339 1371 γὰρ
3399 1297 3551 1356 εἶπεν
3590 1303 3619 1354 6
3662 1303 3911 1376 Κύριος,
3961 1305 4047 1357 ὄτι

2478 1388 2541 1443 Ὀ
2571 1390 2894 1460 μικρότερος
2928 1392 2987 1443 ἐν
3019 1392 3147 1460 ὑμῖν
3186 1390 3471 1462 ὑπάρχων,
3516 1384 3672 1456 οὗτος
3732 1393 3889 1446 ἔσται
3946 1395 4046 1464 μί-

2465 1493 2588 1545 γας,
2620 1478 2864 1549 εφοϐήθη
2896 1479 3084 1533 λοιπδν
3116 1480 3145 1533 6
3214 1478 3488 1553 Ἰωάννης,
3517 1484 3716 1553 μήπως
3774 1483 3951 1536 κακόν
3991 1500 4048 1535 τι

2462 1569 2727 1638 ἑποίησαν
2770 1568 3117 1632 κωλύσαντες
3164 1570 3452 1643 ἄνθρωπον
3479 1572 3901 1639 δξουσιαστικῶς
3950 1575 4050 1627 καὶ

2463 1659 2823 1723 άλαζονικῶς.
2856 1662 2931 1715 T6
2969 1662 3077 1734 γάρ
3118 1662 3359 1717 κωλύειν
3396 1667 3519 1718 τινά
3553 1665 3662 1717 ἀπό
3726 1681 3893 1729 τινος,
3946 1666 4050 1718 οὐκ

2462 1749 2721 1803 ἐλάττονα
2753 1753 3008 1822 ἐμφαίνει
3036 1754 3127 1807 τὸν
3181 1755 3479 1821 κωλύοντα,
3519 1756 3657 1811 άλλά
3710 1758 3964 1827 κρεῖττόν
3994 1774 4049 1810 τι

2464 1841 2765 1912 φρονοῦντα
2792 1844 3002 1897 ἑκείνου
3042 1845 3138 1899 τοῦ
3190 1847 3538 1917 κωλυομένου
3569 1851 3713 1919 παρ’
3750 1848 3941 1903 αὐτοῦ.
4003 1851 4049 1902 0

2460 1930 2641 1984 τοίνυν
2680 1932 2930 2004 Ἰωάννης
2972 1933 3217 2005 ἐφοϐήθη
3247 1935 3429 2002 τοῦτο,
3478 1939 3676 2005 μήπως
3716 1938 4051 2002 ἀλαζονικὸν

2460 2019 2624 2091 ἔργον
2682 2023 2930 2092 ἐποίησε,
2964 2024 3217 2088 κωλύσας
3273 2025 3367 2080 τδν
3428 2027 3735 2098 ἄνθρωπον.
3775 2028 3936 2093 τίνος
3988 2030 4047 2083 δι

2461 2111 2648 2165 ινεκεν
2672 2112 2914 2167 ἰκὼλυσν
2938 2114 3031 2167 τδν
3054 2115 3339 2184 ἄνθρωπον
3366 2133 3383 2184 ;
3413 2118 3486 2172 Οὐ
3518 2118 3866 2189 φθονοῦντες,
3908 2120 4047 2175 ἀλλά

2460 2202 2743 2273 κρίνοντες
2772 2204 2938 2259 αὑτὸν
2969 2205 3191 2272 ἀνάξιον
3216 2206 3313 2262 τοῦ
3337 2196 3796 2281 θαυματουργετνδ
3828 2212 3893 2264 οὐ
3935 2212 4047 2283 γὰρ

2458 2287 2526 2364 ἦν
2558 2293 2677 2362 μετ’
2706 2293 2886 2348 αὐτῶν
2916 2296 3211 2368 δεξάμενος
3249 2298 3351 2370 τὴν
3381 2299 3543 2370 χάριν
3564 2299 3657 2354 τοῦ
3698 2299 4046 2372 θαυματουρ-

2457 2387 2596 2455 γεπν,
2642 2385 2752 2440 οὐδ’
2812 2386 3137 2443 ἀπέστειλεν
3201 2390 3367 2445 αὐτὸν
3407 2393 3502 2445 ἐπὶ
3547 2391 3709 2447 τοῦτο
3741 2395 3771 2446 6
3810 2395 4041 2464 Κύριος,

2458 2475 2645 2547 ὥσπερ
2674 2478 2767 2531 καί
2792 2479 2990 2545 αὐτούς
3016 2498 3031 2511 ο
3074 2482 3199 2535 οὐδε
3227 2481 3517 2555 ἠκολούθει
3548 2483 3687 2549 ὅλως
3713 2483 3793 2555 τῷ
3836 2486 4037 2555 Ἰησοῦ.

2457 2569 2524 2621 Τί
2560 2564 2654 2623 οὖν
2673 2572 2701 2623 6
2726 2570 2962 2641 Κύριοςς
2986 2573 3215 2643 Ἅφετε,
3245 2574 3433 2646 φησιν,
3464 2576 3629 2630 αὐτὸν
3656 2575 3817 2630 τοῦτο
3833 2581 4037 2631 ποιεῖν’

2458 2660 2740 2728 Συντρίϐει
2778 2662 2887 2732 γάρ
2905 2666 2998 2716 καὶ
3029 2664 3193 2727 αὐτὸς
3225 2666 3327 2737 τήν
3360 2667 3578 2721 Σατανᾶ
3622 2668 3878 2737 δύναμιν,
3944 2670 4040 2721 καὶ

2456 2751 2581 2804 ἐπεὶ
2612 2752 2712 2805 οὐκ
2739 2753 3017 2821 ἑμτοοδίζει
3053 2756 3185 2825 ύμῖν
3216 2756 3298 2819 είς
3328 2758 3390 2811 τὸ
3422 2759 3706 2830 κήρυγμα,
3735 2760 3859 2813 οὐδὲ
3906 2777 4043 2830 συμ-

2458 2844 2691 2914 πράττει
2728 2843 2807 2915 τῷ
2842 2845 3096 2917 διαϐόλῳ,
3127 2848 3317 2902 λοιπὸν
3376 2850 3517 2921 ὑπὲρ
3544 2853 3576 2922 ή
3586 2851 3705 2920 μῶν
3730 2853 3903 2906 ἐστιν.
3942 2854 4038 2915 ὐς

2454 2934 2565 3003 γάρ
2612 2934 2717 2987 οὐκ
2749 2933 2870 2988 ιστι
2902 2938 3045 2991 κατά
3091 2936 3185 2991 τοῦ
3214 2938 3376 3005 Θεοῦ,
3402 2940 3542 3011 ὑπὲρ
3564 2940 3660 2995 τοῦ
3688 2942 3827 2995 Θεοῦ
3856 2944 4033 3007 εστιν,

2454 3024 2643 3096 ὥσπερ
2670 3027 2818 3089 ὅστις
2846 3026 2907 3081 ού
2923 3028 3147 3097 συνάγει
3175 3030 3312 3099 μετά
3329 3030 3423 3085 τοῦ
3449 3029 3611 3099 Θεοῦ,
3646 3035 3859 3098 ἐκεῖνος
3894 3039 4035 3107 μετά

2454 3116 2548 3169 τοῦ
2596 3118 2844 3173 διαϐόλου
2884 3119 3021 3174 ἐστί.
3074 3121 3371 3191 Θαύμασον
3413 3122 3471 3176 δέ
3517 3140 3607 3193 μοι
3662 3126 3763 3196 τὴν
3804 3126 4036 3196 δύναμιν

2456 3210 2551 3263 τοῦ
2586 3211 2849 3281 ὀνόματος
2881 3211 2977 3265 τοῦ
3012 3212 3275 3284 Χριστοῦ,
3310 3213 3430 3280 πῶς
3460 3215 3556 3268 καὶ
3601 3215 3690 3269 διὰ
3738 3216 3851 3270 τῶν
3904 3219 4033 3271 ἀνα-

2456 3300 2584 3365 ξίων
2611 3300 2706 3353 καὶ
2748 3299 3036 3371 μηϐντων
3083 3302 3348 3374 μαθητῶν
3398 3304 3590 3369 αὐτοῦ,
3621 3306 3845 3377 ἐνήργει
3876 3310 3908 3378 ἡ
3945 3310 4038 3377 χά-

2454 3392 2697 3460 ρις,.καὶ
2740 3391 2912 3462 ψιλῶς
2957 3395 3389 3465 ὀνομαζομένου,
3422 3397 3569 3451 οὕτω
3619 3400 3714 3452 καὶ
3771 3399 3861 3453 δά
3927 3401 4033 3452 τῶν

2452 3481 2663 3551 ἱερέων,
2703 3482 2805 3535 κᾶν
2828 3482 3039 3547 ἀνάξιοι
3075 3479 3233 3550 ὦσιν,
3260 3488 3473 3559 ίνεργεί
3504 3490 3536 3559 ή
3567 3490 3727 3558 χάρις
3757 3494 3853 3543 καὶ
3874 3492 4033 3559 άγιά-

2459 3573 2643 3636 ζσινται
2678 3576 2902 3642 πάντες,
2932 3576 3037 3631 κάν
3065 3578 3295 3646 ἀναγνος
3322 3580 3405 3651 εἴη
3432 3582 3461 3633 6
3501 3582 3706 3649 ἱερεύς.

2528 3685 2546 3719 ι
2605 3668 2854 3736 Ἐγένετο
2898 3668 2957 3721 δὲ
2982 3671 3041 3751 ίιν
3078 3669 3158 3741 τῷ
3193 3673 3648 3743 συμπληροῦσθαι
3686 3676 3784 3739 τὰς
3816 3677 4030 3753 ἡμέρας

2451 3760 2551 3829 τῆς
2575 3760 2899 3831 ἀναλήψεως
2930 3762 3119 3827 αὑτοῦ,
3146 3763 3244 3816 καὶ
3272 3765 3435 3829 αὐτὸς
3452 3767 3513 3819 τὸ
3537 3770 3831 3838 πρόσωπον
3862 3768 4030 3823 αὑτοῦ

2452 3851 2702 3921 ἐστήριξε
2728 3854 2823 3906 τοῦ
2862 3852 3190 3923 πορεύεσθαι
3222 3856 3301 3918 είς
3342 3857 3721 3930 Ἰερουσαλὴμ,
3769 3861 3867 3914 καὶ
3921 3864 4029 3915 ἀπ·

2451 3944 2693 3997 ἐστειλεν
2715 3945 2982 4014 ἀγγέλους
3018 3946 3124 4017 πρὸ
3144 3946 3441 4017 προσώπου
3472 3951 3658 4014 αὐτοῦ.
3709 3958 3801 4009 καὶ
3832 3973 4029 4025 πορευ-

2451 4034 2676 4101 θέντες,
2756 4037 3007 4105 εἰσῆλθον
3069 4039 3151 4099 είς
3204 4036 3403 4109 κώμην
3452 4042 3831 4113 Σαμαρειτῶν,
3891 4050 4029 4103 ἅστε

2448 4129 2737 4198 ἑτοιμάσαι
2776 4130 2948 4201 αὐτῷ.
3001 4132 3113 4185 Καὶ
3159 4135 3261 4185 οὑκ
3312 4134 3563 4200 ἐδέξαντο
3611 4138 3800 4203 αὐτὸν,
3857 4160 3930 4193 ατι
3967 4144 4027 4195 τὺ

2450 4221 2742 4290 πρόσωπον
2776 4222 2944 4277 αὐτοῦ
2991 4218 3061 4295 ἦν
3105 4225 3481 4294 πορευόμενον
3523 4228 3601 4290 είς
3644 4227 4017 4303 Ἰερουσαλήμ.

2460 4314 2682 4377 Ἰδόντες
2710 4314 2766 4367 δὲ
2788 4317 2837 4369 oi
2863 4316 3105 4387 μαθηταὶ
3131 4317 3321 4385 αὐτοῦ,
3352 4318 3603 4383 Ἰάκωϐος
3634 4321 3729 4373 καὶ
3750 4320 4024 4395 Ἰωάννης,

2450 4400 2603 4457 εἷπον
2628 4420 2641 4434 ο
2670 4404 2867 4475 Κύριε,
2906 4404 3085 4471 θέλεις
3116 4408 3367 4480 εἴπωμεν
3408 4409 3522 4479 πῦρ
3555 4410 3860 4483 καταϐῆναι
3924 4418 4029 4470 ἀπὸ

775 4490 1062 4547 admodum
1103 4503 1155 4546 et
1221 4493 1362 4547 Elias
1415 4494 1579 4550 fecit?
1615 4495 1923 4553 Conversus
1964 4501 2343 4566 autemIJesus
2380 4515 2456 4568 D‘

2380 4515 2422 4568 ο
2453 4494 2548 4547 τοῦ
2578 4496 2835 4567 ούρανοῦ,
2874 4499 2966 4551 καὶ
2994 4499 3274 4553 ἀναλῶσαι
3330 4501 3527 4563 αὐτοὺς
3558 4502 3631 4565 ὡς
3684 4504 3787 4557 καὶ
3848 4507 4027 4571 Ἠλίας

780 4579 1077 4649 increpavit
1133 4583 1273 4644 illos,
1341 4586 1571 4645 dicens:
1632 4586 1861 4643 Nescitis
1918 4590 2074 4659 cujus
2122 4596 2345 4662 spiritus

776 4672 911 4725 estis
942 4689 1054 4727 vos.
1093 4672 1256 4727 Filius
1303 4676 1444 4727 enim
1504 4676 1742 4733 hominis
1782 4696 1886 4734 non
1926 4686 2069 4738 venit
2120 4687 2185 4739 ad
2221 4703 2344 4755 per-

774 4760 1009 4815 dendum
1063 4765 1271 4818 animas
1322 4764 1622 4833 hou-inmn,
1654 4770 1744 4821 sed
1785 4771 1850 4823 ad
1898 4777 2238 4833 servandum.
2281 4778 2344 4834 Et

771 4849 1029 4906 abierunt
1062 4852 1116 4906 in
1148 4852 1291 4906 aliud
1322 4856 1628 4912 castellum.
1666 4879 1686 4912 r
1720 4861 1858 4926 Quid
1890 4874 1972 4919 est
2002 4870 2143 4934 quod
2189 4871 2341 4937 dicit,

777 4944 902 4995 dum
934 4943 1339 5013 complerentur
1368 4949 1483 5002 dics
1516 4954 1903 5021 assumptiouis
1930 4958 2086 5026 ejus?
2112 4961 2210 5016 hoc
2235 4974 2339 5029 est,

775 5048 900 5087 cum
966 5034 1199 5089 iustahat
1251 5047 1462 5108 tempus
1492 5057 1599 5109 quo
1664 5053 1945 5113 postquam
1997 5051 2345 5107 sustinuisset

771 5123 1061 5179 salutarent
1096 5129 1401 5196 passionem
1461 5149 1556 5200 pro
1598 5135 1773 5200 nobis,
1820 5144 2103 5205 Oportebat
2138 5148 2340 5199 assumi

772 5214 825 5267 in
874 5218 1092 5282 coelum,
1130 5231 1180 5273 et
1218 5224 1502 5277 considere
1538 5226 1644 5280 Deo
1674 5238 1725 5281 ct
1761 5228 1931 5285 Patri.
1970 5231 2122 5288 Tunc
2180 5236 2344 5305 igitur

767 5322 890 5361 cum
948 5313 1418 5382 appropinquabat
1477 5326 1688 5385 tempus
1756 5324 2025 5390 passionis
2081 5326 2232 5394 ejus,
2291 5339 2343 5383 ct

770 5402 1159 5470 assumptionis
1214 5421 1277 5459 cx
1331 5405 1433 5460 hoc
1472 5410 1694 5476 mumio,
1749 5415 1989 5470 decrevit
2045 5434 2150 5472 non
2205 5420 2339 5474 ultra

768 5490 897 5546 ltinc
929 5499 983 5547 ct
1021 5496 1144 5551 inde
1198 5499 1567 5561 obambulare,
1624 5504 1715 5557 sed
1756 5510 2049 5563 ascendere
2085 5510 2341 5567 ilieroso-

767 5581 987 5647 lymam.
1022 5580 1210 5651 itaque
1258 5590 1397 5653 quod
1428 5589 1735 5643 oblinuavit
1792 5592 1983 5649 facium
2016 5613 2189 5666 suam,
2242 5604 2341 5656 hoc

768 5676 1032 5738 iii-rlurat,
1094 5680 1235 5744 quod
1288 5684 1576 5737 stahilicrit
1627 5695 1679 5740 ct
1736 5687 1967 5745 firmarit
2013 5696 2337 5750 sententiam

764 5769 909 5836 quod
941 5771 1067 5825 rciﬁt
1095 5775 1391 5831 ἀποκάμνω
1422 5775 1868 5851 liictosoiymam.
1911 5782 2077 5841 Porto
2120 5791 2336 5845 nuntios

2447 4590 2669 4659 εποίησε
2691 4606 2705 4656 ;
2730 4589 2996 4661 Στραφεὶς
3023 4592 3080 4646 δὲ
3111 4593 3140 4645 6
3174 4591 3405 4662 Ἰησοῦς,
3435 4593 3773 4666 ιπετίμησεν
3805 4600 3989 4664 αύτοῐς
4011 4642 4023 4664 ,

2444 4682 2539 4733 καὶ
2573 4679 2726 4734 εἶπεν
2753 4699 2766 4711 ·
2794 4684 2911 4734 Ούκ
2940 4683 3123 4736 οἴδατε
3171 4683 3285 4737 οἴου
3322 4685 3633 4756 πνεύματός
3685 4689 3811 4742 ὲστε
3851 4692 4024 4761 ὑμεῖς.

2456 4775 2516 4827 '0
2544 4774 2653 4843 γάρ
2669 4774 2797 4836 Υίὸς
2814 4774 2908 4826 τοῦ
2938 4774 3233 4844 ἀνθρώπου
3246 4776 3345 4829 οὐκ
3366 4772 3497 4849 ἦ).οε
3522 4778 3701 4848 ψυχὰς
3726 4781 4024 4852 ἀνθρώπων

2445 4868 2732 4929 ἀπολέσαι,
2780 4868 2918 4920 ἀλλά
2950 4870 3143 4924 σῶσαι.
3180 4872 3290 4924 Καὶ
3322 4874 3703 4945 ἐπορεύθησαν
3726 4880 3807 4940 εἰς
3837 4881 4024 4949 ἑτέραν

2446 4958 2657 5029 κώμην.
2700 4978 2720 5010 ι
2756 4959 2821 5012 Τί
2862 4962 3011 5013 ἐστιν
3047 4962 3186 5033 ὅπερ
3220 4964 3408 5033 φησὶν,
3463 4967 3546 5019 ὅτι
3599 4969 3818 5035 ἐγένετο
3848 4973 3905 5023 ὲν
3950 4972 4021 5042 τῷ

2448 5051 2899 5123 συμπληροῦσθαι
2942 5055 3041 5118 τὰς
3084 5056 3296 5124 ἡμέρας
3330 5057 3430 5127 τῆς
3462 5059 3783 5128 ἀναλήψεως
3818 5062 4016 5127 mito-3;

2448 5142 2863 5208 Τουτέστιν,ὂτι
2916 5147 3226 5218 ἐνειστήκει
3294 5152 3323 5201 6
3371 5152 3583 5221 καιρὸς,
3645 5152 3765 5203 καθ’
3817 5155 3874 5206 ὃν
3923 5157 4017 5209 ἔδει

2445 5233 2635 5287 λοιπὸν
2665 5235 2726 5287 τὸ
2756 5236 3025 5305 σωτήριον
3059 5238 3199 5307 ὑπὲρ
3236 5238 3398 5309 ἡμῶν
3426 5240 3801 5310 ὑπομείναντα
3834 5244 4017 5304 πάθος.

2444 5326 2826 5395 ἀναληφθῆναι
2877 5331 2956 5390 εἱς
2989 5329 3219 5400 οὐρανὸν
3269 5332 3363 5383 καὶ
3409 5332 3762 5402 συνεδρεῦςαι
3797 5335 3873 5404 τῷ
3910 5337 4018 5407 Θεῷ

2443 5421 2534 5473 καὶ
2570 5421 2766 5491 Πατρῑ.
2798 5421 2933 5474 Τότε
2964 5423 3145 5476 τοίνυν
3175 5425 3261 5476 ὅτε
3310 5426 3613 5495 ἐνειστήκει
3641 5429 3670 5479 6
3713 5431 3906 5499 καιρὸς
3934 5431 4016 5483 τοῦ

2443 5510 2648 5575 πάθους
2685 5512 2874 5575 αὶτοῦ,
2920 5514 3145 5583 καὶτῆς
3186 5517 3249 5567 ὲκ
3295 5516 3389 5569 τοῦ
3435 5518 3643 5587 κόσμου
3678 5520 4014 5589 ἀναλήψεως,

2444 5603 2623 5674 ἔκρινε
2661 5606 2862 5673 μηκέτι
2895 5599 2996 5658 ὦδε
3032 5608 3257 5659 κάκεῖσε
3286 5609 3702 5679 περιέρχεσθαι,
3729 5611 3847 5663 ἀλλ’
3878 5613 4015 5666 ἀνελ-

2445 5698 2558 5750 θεῖν
2589 5700 2667 5760 εἰς
2705 5698 3074 5766 Ἰεροσόὶυιια.
3098 5699 3170 5751 Τὸ
3190 5700 3340 5766 γοῦν,
3372 5702 3623 5771 ἐστήριξε
3645 5704 3706 5755 τὸ
3733 5706 4013 5774 πρόσωπον

2444 5791 2626 5857 obrui),
2660 5792 2811 5845 τλῦτη)
2840 5793 2989 5860 anisi?
3019 5796 3096 5845 ὅτι
3127 5792 3449 5865 ἀσρὼρισεν,
3493 5794 3801 5865 ἐκύρωκν,
3831 5799 4007 5869 Eoum".
