4256 6432
188 399 298 463 £37

931 397 1376 462 ENARRATIO
1412 396 1496 461 ΙΝ
1524 395 2027 461 ΕνΑΝοΕιιυιιι
2067 398 2306 461 LUC.-E.
2338 424 2404 438 -
2441 399 2602 461 CAP.
2639 399 2712 462 X.

3377 403 3484 465 838

189 518 286 569 καὶ
315 515 444 570 ὅταν
471 515 611 570 κατά
633 515 814 586 ψυχὴν
835 511 1193 576 ἀσθενοῦντες
1219 511 1625 583 θεραπευθῶσι,
1654 511 1771 563 τότε

1880 511 2024 563 enim
2068 511 2227 579 longe
2268 511 2411 564 istud
2455 523 2568 572 est,
2614 513 3055 583 quandoquidem
3101 527 3387 586 peccatum
3424 521 3478 574 iu

186 611 424 677 ῆγγικεν
452 610 541 660 ἐπ’
585 607 786 670 αὐτοὺς
812 607 847 676 ἡ
893 605 1148 676 βασιλεία
1175 602 1272 656 τοῦ
1294 601 1457 655 Θεοῦ.
1509 602 1642 653 Ἀπδ
1668 605 1779 670 γὰρ

187 699 690 762 τοῦ-,ἀσθενοῦντος
714 698 935 781 μακράν
977 697 1126 749 ἔστιν
1159 694 1323 764 αὕτη,
1355 692 1778 762 βασιλευομένου

190 791 300 843 ὑπὸ
333 791 434 858 τῆς
463 789 743 858 ἁμαρτίας
778 788 881 842 ἔτι.

269 902 288 932 ι
326 884 416 944 Εἰς
446 882 514 950 ἥν
537 879 584 933 δ’
619 882 686 935 ἂν
724 880 880 933 πόλιν
911 875 1237 948 εἰσέρχησθε
1275 876 1369 927 καὶ
1412 875 1488 944 μὴ
1527 871 1778 943 δέχονται

186 975 360 1042 ὑμᾶς,
389 972 703 1037 ἐξελθόντες
730 973 810 1034 είς
835 971 933 1033 τὰς
966 969 1250 1030 πλατείας,
1302 968 1490 1029 αὐτοῖς
1529 965 1724 1019 εἴπατε
1758 981 1774 997 ο

186 1067 300 1120 Καὶ
335 1066 425 1117 τὸν
456 1065 734 1134 κονιορτὸν
767 1064 860 1116 τὸν
918 1061 1250 1130 κολληθέντα
1281 1062 1417 1131 ἡμῖν
1456 1062 1519 1111 ὲκ
1546 1058 1648 1128 τῆς
1681 1058 1779 1110 πό-

186 1160 327 1219 λεως
359 1155 539 1225 ὑμῶν,
567 1153 1013 1225 ἀπομασσόμεθα
1042 1153 1194 1222 ὑμῖν,
1231 1151 1374 1222 πλὴν
1411 1150 1572 1204 τοῦτο
1610 1150 1776 1218 γινώ-

187 1266 374 1313 σκετε,
410 1250 492 1302 ὅτι
544 1249 779 1319 ἤγγικεν
810 1248 895 1314 ἐφ’
931 1247 1078 1317 ὑμᾶς
1113 1249 1146 1315 ἡ
1189 1244 1436 1314 βασιλεία
1467 1244 1561 1298 τοῦ
1594 1242 1731 1296 Θεοῦ
1763 1261 1776 1274 ·

187 1343 350 1409 Λέγω
384 1342 439 1393 δὲ
472 1343 604 1410 ὑμῖν
633 1343 715 1393 ὃτι
746 1339 1004 1409 Σοδόμοις
1035 1338 1390 1408 ἀνεκτότερον
1429 1336 1584 1390 ἔσται
1624 1339 1684 1388 ὲν
1709 1338 1777 1405 τῇ

185 1436 378 1504 ἡμέρᾳ
416 1434 604 1506 ἐκείνῃ
647 1431 678 1501 ἢ
728 1433 796 1502 τῇ
858 1431 1012 1483 πόλει
1049 1431 1257 1500 ἐκείνῃ.
1304 1449 1322 1482 ι
1375 1430 1569 1490 Ὅταν,
1619 1430 1777 1498 φησὶ,

191 1522 269 1592 μὴ
300 1522 564 1590 δέχωνται
596 1520 763 1589 ὑμᾶς,
819 1518 1133 1584 ἐξελθόντες
1185 1518 1637 1589 διαμαρτύρασθε
1683 1519 1782 1571 αὖ-

188 1617 321 1675 τοίς,
355 1616 436 1666 ὅτι
467 1612 632 1665 Οὐδὲν
664 1610 842 1664 κοινὸν
893 1613 1024 1680 ἡμῖν
1051 1611 1188 1680 πρὸς
1221 1612 1387 1680 ὑμᾶς,
1427 1610 1547 1663 οὐδὲ
1580 1610 1779 1680 ἔχομέν

187 1724 241 1759 τι
261 1707 369 1759 ἀπὸ
394 1707 493 1773 τῆς
523 1705 798 1776 ὑμετέρας
826 1704 1035 1766 πόλεως
1059 1719 1072 1731 ⁸
1101 1701 1239 1756 ἀλλά
1273 1703 1477 1756 καὶτὸν
1499 1702 1779 1770 κονιορτὸν

189 1800 282 1852 τὸν
363 1796 694 1868 κολληθέντα
755 1798 886 1866 ἡμῖν
967 1795 1428 1866 ἀπομασσόμεθα,
1495 1795 1781 1849 τουτέστιν

187 1891 666 1959 ἀποτινάσσομεν,
751 1889 1276 1959 ἀποσπογγίζομεν,
1357 1888 1777 1960 ἀπορρίπτομεν

188 1983 320 2052 ὑμῖν
368 2001 381 2013 ·
415 1982 555 2049 πλὴν
579 1979 901 2050 γινώσκετε,
938 1981 1017 2034 δτι
1055 1981 1289 2051 ἦγγικεν
1319 1981 1405 2049 ἐφ’
1428 1980 1574 2049 ὑμᾶς
1612 1983 1644 2049 ἡ
1682 1980 1777 2050 βα-

190 2075 368 2128 σιλεία
394 2075 488 2127 τοῦ
523 2073 685 2126 Θεοῦ.
740 2071 1010 2126 Ἐνταῦθα
1039 2071 1272 2142 ζητήσει
1307 2088 1413 2137 τις·
1447 2073 1574 2135 Πῶς
1609 2090 1776 2142 φησιν

185 2160 214 2218 ό
259 2167 462 2236 Κύριος
495 2167 588 2218 καὶ
641 2167 755 2226 τοῖς
807 2151 1229 2234 ὑποδεχομένοις
1261 2155 1388 2227 τοὺς
1437 2164 1776 2227 ἀποστόλους

187 2258 406 2323 ἐγγίσαι
445 2258 542 2326 τὴν
575 2255 878 2326 βασιλείαν,
915 2258 1009 2309 καί⁵
1048 2258 1161 2318 τοίς
1205 2255 1278 2326 μὴ
1315 2256 1772 2326 ὑποδεχομένοιςς

190 2351 380 2402 Ἔστιν
419 2345 511 2402 οὖν
545 2351 742 2424 εἰπεῖν,
778 2350 858 2402 ὅτι
893 2349 1046 2402 οὐδὲν
1065 2349 1308 2404 ἐναντίον
1339 2351 1492 2421 φησί.
1527 2351 1635 2405 Καὶ
1667 2352 1776 2421 γὰρ

185 2445 301 2504 τοῖς
337 2443 436 2510 μὲν
471 2443 596 2503 τοὺς
629 2440 969 2504 ἀποστόλους
1018 2439 1354 2509 δεχομένοις,
1404 2441 1644 2508 ἐγγίζειν
1677 2439 1775 2510 τὴν

187 2532 471 2601 βασιλείαν
503 2535 592 2586 ἐπ’
624 2531 944 2604 εὐεργεσίᾳ,
972 2534 1088 2595 τοῖς
1122 2531 1178 2584 δὲ
1214 2531 1289 2601 μὴ
1324 2531 1773 2602 ὑποδεχομένοις,

184 2623 280 2674 ἐπὶ
330 2622 677 2691 κατακρίσει.
745 2621 979 2675 ’Υπόθου
1015 2622 1126 2692 γάρ
1165 2638 1254 2690 μοι
1297 2624 1356 2674 ὲν
1408 2622 1626 2692 θεάτρῳ
1668 2623 1776 2674 τινὶ

187 2713 561 2781 κατακρίτους
595 2707 734 2764 εἶναι
791 2712 1044 2776 πολλοὺς,
1089 2713 1186 2765 καὶ
1222 2713 1444 2783 ἑτέρους
1472 2713 1776 2782 ἀκατακρίο

183 2820 347 2867 τους·
410 2805 811 2872 συγκλητικούς
865 2805 928 2858 τέ
985 2822 1150 2875 φημι,
1195 2805 1537 2875 στρατηγούς
1572 2824 1630 2859 τε
1681 2807 1777 2860 καὶ

183 2896 444 2965 ἀριστέας
479 2897 662 2967 τυχὸν,
700 2892 819 2950 εἶτα
851 2898 1034 2965 λέγειν
1066 2915 1189 2951 τινα
1223 2900 1444 2969 κήρυκα
1476 2900 1611 2968 πρὸς
1649 2902 1778 2953 πάν·

181 3005 282 3050 τας
305 2987 442 3058 όμοῦ
490 2989 617 3050 τούς
643 3006 703 3041 τε
749 2989 1141 3060 κατακρίτους,
1191 2992 1445 3055 καὶτοὺς
1492 2994 1773 3063 ἐντίμους,

180 3080 518 3150 ὅτιηγγικεν
547 3082 575 3133 ό
617 3080 876 3150 βασιλεὺς
928 3084 1082 3151 ὑμῖν,
1137 3078 1227 3153 ἆρ’
1257 3083 1320 3136 οὐ
1364 3086 1479 3147 τοῖς
1538 3087 1638 3156 μὲν
1683 3088 1777 3138 ἐπὶ

180 3173 426 3234 κολάσει,
454 3175 568 3236 τοῖς
594 3174 650 3226 δὲ
705 3175 798 3226 ἐπὶ
836 3177 969 3246 τιμῇ
1023 3176 1118 3228 καὶ
1167 3175 1465 3249 εὐεργεσίᾳ
1522 3179 1769 3247 ἐγγίζειν
1797 3205 1838 3262 C

179 3266 273 3318 τὸν
314 3265 541 3334 βασιλέα
580 3267 766 3335 λέγεις
811 3266 1000 3330 Οὕτως
1036 3261 1131 3320 οὖν
1159 3268 1401 3323 ἐνταῦθα
1452 3271 1585 3325 νόει.
1647 3271 1767 3325 Ἀν-

180 3363 470 3428 εκτότερον
501 3358 558 3411 δὲ
592 3359 742 3413 ἔσται
765 3360 1043 3430 Σοδόμοις,
1077 3363 1231 3432 φησὶ,
1265 3361 1296 3430 ἢ
1329 3365 1394 3431 τῇ
1431 3362 1506 3432 μὴ
1534 3367 1769 3431 παραδε-

179 3447 388 3518 ξαμένη
431 3450 575 3519 ὑμᾶς
609 3451 783 3506 πόλει.
817 3452 974 3505 Διατί
1009 3469 1022 3516 ;
1068 3452 1214 3505 Διότι
1256 3455 1335 3515 είς
1386 3453 1598 3522 Σόδομα
1639 3455 1771 3506 ἀπό-

179 3542 360 3594 στολοι
393 3542 493 3594 οὐκ
518 3543 932 3614 ἀπεστάλησαν·
974 3546 1023 3596 οἱ
1050 3545 1230 3597 τοίνυν
1269 3546 1397 3608 τοὺς
1432 3545 1768 3608 ἀποστόλους

180 3634 256 3702 μὴ
289 3633 606 3702 δεξάμενοι,
638 3635 858 3706 χείρους
900 3635 1208 3706 Σοδομιτῶν
1239 3639 1401 3691 εἰσιν.
1434 3638 1769 3708 Παρατήρη-

178 3742 272 3777 σον
301 3723 380 3788 δὲ,
402 3724 540 3796 ὅτιη
578 3725 731 3787 πόλις
761 3727 794 3795 ἡ
826 3727 901 3796 μὴ
931 3726 1357 3798 παραδεχομένη
1378 3730 1506 3793 τοὺς
1531 3730 1768 3784 ἀποστό-

176 3817 327 3880 λους.
387 3816 652 3879 πλατείας
707 3818 842 3887 εχει.
885 3819 1129 3872 Πλατεῖα
1180 3819 1290 3890 γάρ
1340 3821 1487 3874 ἐστιν
1519 3823 1550 3892 ἡ
1581 3823 1763 3893 ὁδὸςὴ

175 3912 472 3977 ἀπάγουσα
522 3911 603 3972 είς
648 3909 748 3980 τὴν
791 3911 1070 3966 ἀπώλειαν
1101 3927 1118 3943 °
1155 3913 1305 3977 ὅστις
1354 3909 1448 3967 οὖν
1503 3915 1768 3976 πλατείας

177 4003 333 4065 ὁδοὺς
363 4001 474 4072 εχει
506 4001 833 4069 ἀπαγούσας
865 4006 946 4067 είς
974 4004 1276 4071 ἀπώλειαν,
1304 4007 1511 4070 ἐκεῖνος
1537 4008 1768 4063 ἀποστο-

174 4094 325 4148 λικὸν
359 4095 519 4161 λόγον
557 4095 655 4146 καὶ
689 4094 832 4148 θεῖον
853 4095 914 4148 οὑ
949 4097 1336 4168 παραδέχεται.

253 4209 270 4239 ι
310 4187 446 4240 Οὐαί
489 4203 596 4250 σοι,
624 4187 936 4256 Χιυραζεὶν,
973 4189 1096 4242 οὐαί
1126 4207 1230 4254 σοι,
1263 4190 1560 4259 Βηθσαῖδᾶ,
1589 4194 1672 4247 ὅτι
1716 4196 1765 4248 εἰ

174 4281 234 4333 ὲν
269 4276 433 4348 Τύρῳ
474 4278 568 4330 καὶ
607 4278 800 4331 Σιδῶνι
843 4280 1094 4347 ἐγένοντο
1123 4284 1178 4335 αί
1209 4281 1488 4353 δυνάμεις,
1523 4285 1578 4336 αἱ
1608 4288 1764 4353 γενό-

174 4385 340 4438 μεναι
395 4369 454 4419 ὲν
497 4367 648 4435 ὑμῖν,
693 4369 865 4424 πάλαι
910 4371 998 4437 ἂν,
1055 4373 1113 4424 ὲν
1187 4373 1378 4443 σάκκῳ
1436 4375 1530 4428 καὶ
1585 4377 1765 4446 σποδῷ

170 4458 507 4529 καθήμεναι,
571 4461 929 4531 μετενόησαν.
1005 4463 1150 4532 Πλὴν
1207 4461 1369 4534 Τύρῳ
1418 4467 1511 4518 καὶ
1575 4467 1763 4521 Σιδῶνι

1886 601 1978 654 illo
2010 614 2198 671 regnat
2228 617 2293 657 ac
2329 603 2663 660 dominatur.

1955 866 2120 921 Vens.
2181 867 2337 922 542.
2377 887 2395 920 ι
2439 867 2497 922 Ιιι
2539 883 2926 939 quamcunque
2970 882 3151 926 autem
3199 874 3476 932 civitatem

1880 956 2232 1018 lntravmitis,
2259 965 2310 1011 et
2344 972 2447 1011 non
2480 961 2819 1026 susceperint
2852 977 2966 1024 vos,
2993 975 3256 1019 exeuntes
3285 969 3334 1019 in
3365 967 3480 1036 pla-

1882 1059 1994 1102 teae
2029 1047 2111 1100 eis
2143 1045 2354 1102 dicite:
2392 1048 2570 1102 Etiam
2615 1051 2888 1118 pulverem
2926 1056 3017 1124 qui
3056 1057 3283 1111 adiuuit
3323 1061 3478 1114 nobis

1881 1142 1946 1194 de
1985 1140 2210 1194 civitate
2252 1149 2429 1191 vestra
2454 1181 2468 1204 ,
2505 1144 2842 1208 exnergimns
2882 1144 2933 1196 in
2971 1160 3110 1201 vos:
3153 1156 3330 1201 tamen
3376 1151 3477 1204 hoc

1881 1233 2075 1286 scitote
2125 1233 2269 1301 quod
2321 1232 2780 1300 appropinquavit
2831 1235 2882 1287 in
2936 1250 3030 1290 vos
3084 1251 3305 1298 regnum
3358 1240 3474 1295 Dei.

1886 1327 2016 1380 Dico
2051 1327 2204 1378 vobis
2229 1327 2372 1395 quod
2409 1324 2662 1380 Sodomis
2707 1327 2758 1378 in
2797 1329 2882 1379 die
2915 1327 3006 1380 illo
3049 1331 3332 1385 remissius
3372 1334 3478 1388 crit

1882 1417 2147 1485 quamjlli
2181 1417 2411 1471 civitati.
2453 1436 2470 1468 ι
2509 1418 2774 1484 Quando,
2822 1419 3031 1486 inquit,
3072 1436 3176 1474 non
3216 1438 3476 1491 snscepo-

1884 1511 1991 1563 rint
2027 1524 2142 1574 vos,
2174 1509 2381 1577 egressi
2415 1509 2689 1562 testemini
2723 1509 2805 1564 eis
2836 1511 2979 1578 quod
3017 1513 3151 1566 nihil
3185 1530 3478 1570 commune

1885 1601 2040 1656 nobis
2066 1601 2345 1656 vobiscum
2373 1638 2387 1664 ,
2422 1616 2597 1670 neque
2630 1603 2892 1656 habemus
2922 1604 3126 1673 aliquid
3161 1606 3227 1658 de
3255 1609 3477 1663 civitate

1885 1707 2063 1750 vcsua
2097 1712 2110 1748 :
2145 1696 2241 1750 sed
2270 1697 2434 1750 etiam
2471 1695 2752 1763 pulverem
2784 1695 2875 1766 qui
2905 1698 3136 1752 adita-sit
3172 1700 3348 1764 nobis,
3381 1717 3476 1755 ex-

1884 1785 2167 1854 tergimus.
2199 1785 2301 1840 hoc
2344 1794 2428 1839 est
2470 1788 2797 1852 excutimus,
2835 1789 3062 1858 Spongia
3093 1791 3474 1857 emend-anius,

1881 1878 2169 1946 abjicimus
2200 1878 2254 1933 in
2287 1893 2404 1934 vos.
2442 1878 2831 1934 Verumtamen
2866 1882 3062 1937 scitote
3092 1885 3236 1953 quod
3278 1899 3477 1952 appro.

1881 1969 2160 2038 pinquavit
2203 1968 2258 2024 in
2283 1983 2383 2023 vos
2424 1984 2650 2038 regnum
2690 1969 2807 2028 Dei.
2852 1970 2964 2027 Hoc
3007 1974 3128 2028 loco
3164 1977 3479 2045 quaesiverit

1879 2061 2150 2130 quispiam
2179 2078 2191 2115 :
2221 2061 2508 2127 Quomodo
2550 2062 2686 2118 dicit
2718 2063 2982 2120 Dominus
3008 2068 3477 2137 appropinquasse

1881 2167 2104 2219 regnum
2131 2152 2224 2207 Dei
2247 2161 2302 2206 et
2332 2152 2418 2206 his
2441 2155 2532 2223 qui
2560 2168 2920 2226 susceperunt
2947 2168 2999 2213 et
3030 2161 3120 2229 qni
3154 2177 3261 2214 non
3289 2177 3476 2216 susce-

1879 2252 2075 2314 perunt
2103 2245 2424 2312 apostolos?
2453 2249 2912 2318 Appropinquare
2935 2251 3068 2305 dicit
3103 2269 3331 2318 regnum
3358 2269 3471 2308 cce-

1880 2336 2053 2391 lorum
2085 2336 2167 2392 his
2195 2339 2286 2406 qui
2311 2341 2588 2408 apostolos
2618 2355 2931 2410 suscepere,
2963 2351 3188 2414 propter
3212 2345 3474 2400 beneﬁcia

1878 2443 1999 2498 qua:
2030 2429 2084 2482 in
2118 2444 2213 2484 eos
2243 2429 2604 2497 collocantur,
2635 2433 2719 2487 bis
2748 2445 2929 2489 autem
2963 2438 3054 2504 qui
3085 2453 3189 2491 non
3213 2453 3476 2506 suscepe-

1879 2531 2024 2584 runt,
2061 2532 2282 2592 propter
2310 2523 2846 2581 c0ndemn.ttionem.
2878 2527 3045 2600 Finge
3077 2530 3128 2582 in
3161 2532 3478 2598 spectaculo

1878 2612 2112 2682 quodam
2148 2617 2348 2669 multos
2376 2617 2794 2676 condemnatos.
2830 2631 2883 2674 et
2911 2621 3046 2675 alios
3079 2637 3184 2675 non
3220 2625 3480 2677 condem-

1883 2719 2075 2762 natos:
2121 2707 2452 2778 Senatores,
2495 2711 2747 2781 inquam,
2789 2730 2855 2768 ac
2899 2717 3176 2771 exercitus
3216 2723 3383 2772 duces
3423 2727 3480 2773 ct

1879 2801 2172 2867 optimates
2202 2817 2213 2852 :
2242 2802 2438 2858 deinde
2470 2803 2655 2858 dicere
2693 2820 3000 2874 preconem
3036 2808 3104 2862 ad
3131 2823 3328 2863 omnes
3365 2819 3471 2864 tam

1880 2893 2272 2947 condemnatos
2285 2909 2445 2964 quam
2470 2898 2812 2952 venerabiles
2837 2917 2850 2952 :
2875 2899 3349 2971 Appropinquavit
3368 2903 3474 2957 ἐει

1882 2993 2101 3043 vester:
2136 3003 2318 3043 nonne
2350 2989 2435 3044 bis
2465 2990 2682 3061 quidem
2711 2991 2778 3046 ad
2807 2993 3158 3063 supplicium,
3190 2994 3312 3050 aliis
3347 3010 3478 3052 vero

1882 3080 1948 3131 ad
1991 3078 2220 3149 gloriam
2267 3091 2323 3136 et
2374 3082 2797 3160 beneﬁcentiam
2853 3088 3296 3155 appropinquare
3343 3089 3477 3143 dicit

1884 3183 2062 3238 regem
2090 3169 2113 3222 ?
2140 3170 2230 3224 Sic
2259 3171 2425 3242 igitur
2445 3182 2500 3226 et
2528 3175 2630 3227 hoc
2654 3173 2773 3230 loco
2797 3175 3062 3246 intellige.
3113 3175 3476 3234 Tolerabilius

1880 3264 1986 3315 erit
2006 3260 2281 3330 Sodomis,
2311 3265 2504 3334 inquit,
2531 3281 2692 3334 quam
2719 3268 2925 3321 civitati
2958 3283 3077 3336 qua:
3102 3285 3199 3324 vos
3224 3287 3330 3325 non
3358 3287 3478 3326 διιε-

1879 3356 2104 3421 ceperit.
2143 3355 2362 3420 Quare?
2405 3355 2482 3409 Eo
2523 3359 2665 3426 quod
2711 3359 2763 3412 in
2809 3360 3046 3414 Sodoma
3090 3364 3322 3431 apostoli
3368 3380 3474 3417 non

1879 3447 2103 3498 [ιιυι-ιιιιι
2139 3447 2316 3500 missi.
2364 3448 2560 3514 Igitur,
2607 3452 2697 3517 qui
2743 3452 3017 3520 apostolos
3061 3469 3170 3507 non
3213 3469 3475 3524 suscepe-

1882 3547 2030 3600 runt,
2061 3535 2363 3593 deteriores
2396 3549 2524 3594 sunt
2559 3540 2881 3598 Sodomitis.
2917 3543 3162 3606 Observa
3193 3547 3473 3602 civitatem

1879 3645 1984 3682 non
2059 3631 2445 3699 suscipientem
2490 3639 2768 3702 apostolos
2821 3635 3031 3703 plateas
3073 3638 3294 3693 habere.
3343 3640 3472 3694 Lata

1877 3725 2023 3777 enim
2055 3727 2139 3778 via
2166 3737 2246 3779 est
2273 3741 2393 3794 qum
2421 3728 2568 3781 ducit
2598 3729 2662 3782 ad
2691 3730 2970 3784 interitqu
2994 3754 3005 3785 ;
3033 3746 3196 3800 quam
3223 3733 3475 3802 quisquis

1878 3817 2206 3885 ingreditur,
2239 3819 2328 3873 ille
2355 3821 2715 3889 apostolicum
2748 3832 2804 3878 et
2828 3825 3072 3879 divinum
3103 3825 3330 3881 verbutu
3366 3843 3472 3882 non

1876 3913 2126 3982 suscipit.

1948 4182 2124 4249 Vtzns,
2170 4185 2360 4239 15-16.
2407 4203 2425 4237 ι
2459 4185 2547 4240 Va:
2583 4186 2702 4250 tibi,
2732 4185 3024 4254 Cornzain,
3053 4203 3130 4242 va:
3155 4189 3273 4254 tibi,
3302 4189 3466 4243 Beth-

1874 4281 2023 4333 saida
2058 4299 2070 4332 :
2112 4283 2240 4349 quia
2282 4281 2325 4333 si
2387 4283 2438 4333 in
2494 4279 2640 4350 Tyro
2682 4290 2737 4334 et
2768 4281 2973 4336 Sidone
3053 4283 3211 4336 laetae
3241 4284 3470 4336 inissent

1877 4374 2104 4424 virtutes
2135 4387 2255 4440 qua:
2287 4371 2444 4426 facta:
2471 4383 2600 4426 sunt
2636 4375 2686 4425 in
2721 4375 2907 4439 vobis,
2949 4375 3078 4428 olim
3122 4376 3174 4428 in
3205 4377 3384 4428 cilicio
3418 4386 3470 4428 t-t

1874 4465 2061 4519 cinere
2122 4467 2380 4520 sedentes
2437 4468 2840 4534 pmnituisscnt.
2890 4467 3279 4523 Verumtamen
3328 4467 3470 4538 Tyro

170 4552 529 4621 ἀνεκτότερον
580 4552 735 4608 ἔσται
791 4555 851 4607 ὲν
883 4556 948 4628 τῇ
994 4555 1196 4626 κρίσει,
1254 4559 1288 4627 ἢ
1327 4559 1476 4628 ὑμῖν.
1536 4561 1646 4614 Καὶ
1679 4563 1766 4629 σὺ,

1875 4568 1928 4612 et
1964 4558 2151 4614 Sidoni
2194 4560 2478 4615 remissius
2507 4563 2612 4615 erit
2641 4562 2691 4614 in
2722 4561 2963 4632 judicio,
2996 4579 3159 4633 quam
3193 4565 3371 4618 vobis.
3407 4564 3471 4618 Et

170 4645 574 4714 Καπερναοὺμ,
627 4647 660 4714 ὴ
717 4644 825 4708 ἕως
873 4646 968 4700 τοῦ
1021 4649 1254 4720 οὐρανοῦ
1298 4650 1598 4721 ὑψωθεῖσα,
1662 4654 1768 4718 ἓως

168 4739 300 4812 ᾇδου
338 4738 820 4812 καταδιὸασθήσῃ.
860 4741 920 4794 ’0
940 4742 1158 4797 ἀκούων
1185 4744 1364 4814 ὑμῶν,
1392 4747 1528 4815 ἐμοῦ
1557 4749 1764 4816 ἀκούει,

167 4831 265 4882 καὶ
329 4831 357 4882 ό
384 4829 592 4884 ἀθετῶν
623 4831 791 4901 ὑμᾶς,
832 4833 934 4902 ἐμὲ
984 4834 1202 4888 ἀθετεῐο
1231 4839 1260 4891 ὁ
1288 4838 1346 4890 δὲ
1391 4839 1491 4908 ἐμὲ
1532 4838 1763 4903 ἀθετῶν,

168 4922 358 4974 ἀθετεῖ
411 4923 504 4974 τὸν
552 4923 956 4980 ἀποστείλαντά
1001 4944 1090 4996 με.
1161 4946 1180 4980 ι
1235 4929 1299 4982 'H
1351 4930 1531 5001 Τύρος
1581 4933 1676 4986 καὶ
1733 4936 1764 5004 ὴ

166 5013 340 5068 Σιδὼν
367 5015 549 5079 πόλεις
581 5011 724 5086 ἦσαν
757 5012 1090 5088 Ἑλληνίδες,
1117 5022 1151 5090 ἠ
1191 5022 1249 5074 δὲ
1295 5022 1574 5092 Βηθσαῖδὰ
1606 5030 1696 5079 καὶ
1733 5027 1766 5096 ἡ

166 5105 481 5176 Χωραζεὶν,
532 5108 848 5164 Ἰουδαῖκαί.
871 5112 1033 5180 Λέγει
1059 5115 1259 5178 τοίνυν,
1293 5115 1374 5169 ὅτι
1419 5118 1509 5170 Ἐν
1547 5122 1612 5189 τῇ
1645 5119 1767 5189 κρί-

169 5217 255 5253 σει
287 5200 646 5273 ἀνεκτότερον
692 5203 851 5258 ἐσται
907 5210 1021 5271 τοῖς
1069 5209 1362 5280 Ἕλλησιν,
1407 5213 1596 5280 ἥὺμῖν
1653 5217 1764 5277 τοῖς

169 5294 342 5348 ίδοῦσι
381 5293 660 5365 θαύματα,
699 5297 797 5351 καὶ
833 5298 907 5370 μὴ
947 5302 1324 5357 πιστεύσασιν.
1386 5307 1618 5358 Ἐκεῖνοι
1653 5308 1764 5377 γὰρ

166 5388 214 5437 εί
244 5380 408 5448 εἶδον,
433 5386 763 5440 ἐπίστευσαν
793 5388 880 5445 ἀν.
921 5391 1082 5444 ’Λλλά
1125 5393 1217 5444 καλ⁵
1247 5393 1336 5456 σὺ,
1364 5394 1760 5464 Καπερναοὺμ,

165 5475 393 5544 aedon;
431 5476 531 5544 μὲν
563 5477 668 5540 ἓως
698 5479 958 5550 οὐρανοῦ,
997 5481 1337 5553 δοξαζομένη
1365 5483 1456 5537 διὰ
1496 5487 1564 5537 τὰ
1591 5489 1648 5538 ὲν
1678 5489 1762 5539 σοὶ

163 5565 422 5635 θαύματα
471 5570 650 5623 πολλὰ
701 5576 1004 5642 γεγονότα,
1043 5577 1499 5652 καταϐιϐασθήσῃ
1542 5579 1598 5632 δὲ
1657 5581 1760 5645 ἕως

167 5656 325 5728 ᾅδου,
353 5664 882 5736 κατακριθησομένη
910 5667 980 5719 δι’
1014 5668 1144 5720 αὐτὸ
1165 5669 1349 5730 τοῦτο,
1374 5670 1456 5723 ὅτι
1493 5671 1587 5722 καὶ
1620 5672 1762 5740 μετὰ

159 5750 401 5805 τοσαῦτα
440 5756 696 5825 θαύματα
752 5760 1024 5822 ἀπιστεῖς.
1069 5757 1202 5814 Εἶτα
1259 5763 1345 5814 ἵνα
1402 5764 1476 5833 μὴ
1526 5764 1760 5830 λέγωσιν

166 5847 209 5898 oi
243 5848 589 5917 πεμπόμενοι
621 5852 713 5904 ὲπί
745 5853 804 5906 τὸ
850 5855 1138 5926 κήρυγμα,
1164 5856 1246 5908 ὅτι
1279 5856 1382 5910 ποῦ
1406 5858 1758 5920 ἀποστέλλεις

1876 4663 1952 4718 ιιι,
1971 4649 2337 4720 Capernaum,
2365 4668 2484 4720 quae
2513 4668 2682 4721 usque
2705 4657 2770 4708 ad
2800 4656 2998 4710 cmlum
3023 4657 3164 4711 elata
3189 4673 3268 4721 cs,
3296 4673 3470 4726 usque

1873 4745 1939 4797 ad
1972 4744 2244 4798 infernum
2279 4746 2627 4816 deprimeris.
2661 4747 2762 4813 Qui
2799 4764 2898 4804 vos
2931 4751 3114 4816 audit,
3155 4766 3239 4806 me
3271 4754 3419 4804 audit
3450 4769 3465 4811 ;

1871 4847 1925 4892 et
1953 4840 2044 4908 qui
2077 4853 2171 4894 vos
2200 4841 2430 4910 spernit,
2464 4855 2549 4895 me
2582 4843 2815 4911 Spernit.
2852 4842 2953 4906 Qui
2987 4856 3168 4899 autem
3199 4860 3285 4899 me
3315 4861 3471 4914 sper-

1871 4932 1985 4993 nit,
2029 4933 2236 5001 spernit
2278 4947 2400 4987 eum
2445 4935 2539 5002 qui
2579 4949 2665 4989 me
2700 4935 2866 4990 misit.
2913 4955 2931 4988 ι
2968 4935 3145 5008 Tyrus
3190 4951 3242 4994 et
3297 4938 3469 4994 Sidon

1871 5023 2123 5077 civitates
2177 5024 2397 5080 fuerunt
2451 5028 2774 5096 gentilium,
2824 5027 3114 5083 Bellisaida
3170 5041 3352 5085 autent
3413 5044 3469 5087 et

1868 5114 2137 5170 Curozain
2164 5116 2430 5175 Judaicac.
2469 5121 2606 5175 Dicit
2644 5121 2806 5190 igitur
2832 5125 2976 5190 quod
3012 5125 3062 5176 in
3095 5125 3300 5191 judicio
3331 5127 3469 5181 tole-

1873 5208 2096 5263 rabilius
2129 5212 2232 5263 erit
2261 5213 2553 5280 gentilibus
2593 5230 2753 5282 quam
2791 5215 2968 5279 vobis,
3003 5218 3094 5285 qui
3126 5219 3338 5273 vidistis
3370 5223 3473 5274 ini-

1873 5299 2091 5362 racula,
2134 5310 2189 5354 et
2230 5316 2334 5354 non
2383 5305 2711 5358 credidistis.
2767 5305 2841 5357 llli
2891 5309 3035 5362 enim
3085 5310 3129 5363 si
3183 5313 3465 5375 vidissent,

1868 5392 2226 5447 credidissent
2249 5396 2454 5463 utique.
2482 5394 2586 5449 Sed
2613 5397 2842 5469 οι345
2862 5410 2935 5461 ιιι,
2962 5400 3329 5468 Capernaum,
3351 5420 3466 5464 qua‘

1867 5487 2104 5539 cxaltata
2151 5488 2370 5554 quidem
2423 5489 2569 5544 fuisti
2604 5506 2775 5560 usque
2813 5494 2878 5546 ad
2914 5496 3135 5558 (mlum,
3167 5508 3219 5549 et
3255 5497 3467 5565 gloriﬁ-

1867 5591 1985 5632 cata
2025 5581 2231 5644 multis,
2261 5598 2381 5649 quae
2415 5584 2465 5635 in
2503 5593 2552 5636 te
2582 5584 2725 5638 facta
2754 5597 2900 5653 sunt,
2949 5590 3246 5653 miraculis,
3283 5591 3466 5644 detra-

1868 5671 2016 5725 ltcris
2063 5691 2232 5726 imaue
2283 5678 2349 5730 ad
2409 5677 2720 5746 infernum,
2774 5685 3190 5737 condemnanda
3246 5695 3468 5753 μνοιιιιιι⁸

1866 5765 1995 5816 istm
2047 5761 2254 5834 ipsum,
2289 5770 2507 5837 quodet
2539 5783 2658 5838 post
2701 5783 2846 5826 tanta
2892 5776 3154 5828 miracula
3186 5776 3464 5830 im-rcuula

1867 5873 2075 5912 nzancs.
2126 5857 2328 5914 Deinde
2357 5871 2416 5914 ut
2450 5879 2513 5916 nc
2552 5864 2735 5919 dicant
2775 5866 2865 5932 qui
2905 5867 3197 5921 mittuntur
3237 5871 3299 5921 :t.i
3332 5883 3468 5936 pra:-
