4256 6432
250 401 352 468 841

1000 387 1457 461 ΕΝΔΠΠΑΤΙΟ
1483 395 1562 454 IN'
1603 390 2106 456 EVANGELIUM
2147 392 2383 454 LUCIB.
2421 417 2488 428 -
2529 393 2684 453 CAP.
2731 393 2804 453 X.

3437 393 3549 460 842

249 514 417 580 Θεοῦ,
445 515 542 570 καὶ
573 513 777 585 χάριτι.
813 511 924 564 Καὶ
973 513 1001 564 6
1035 513 1134 583 μὲν
1162 510 1408 574 διάϐολος
1431 510 1638 563 ἀνωθεν
1669 528 1841 562 κατα-

1954 522 2054 574 que
2077 508 2333 576 gaudium
2367 507 2587 562 nomina
2628 514 2808 561 vestra
2840 506 2894 559 in
2927 505 3080 560 cmlis
3111 506 3299 571 scribi,
3338 518 3393 560 et
3424 523 3545 564 esse

249 609 466 674 πίπτει,
494 609 544 662 ol
583 607 641 660 δὲ
680 605 962 676 ἄνθρωποι
996 604 1149 657 κάτω
1173 604 1324 664 ὄντες
1365 603 1670 672 γράφονται
1704 603 1836 655 ἄνω.

261 700 329 755 Ἦ
355 699 584 773 ἀληθινὴ
607 693 701 753 οὖν
733 696 903 767 χαρά,
927 695 988 748 τὸ
1010 694 1323 765 γράφεσθαι
1341 694 1495 764 ὑμῶν
1513 694 1581 746 τά
1601 693 1840 762 ὀνόματα

247 794 364 850 ἄνω
393 797 488 849 καὶ
524 790 969 864 μνημονεύεσθαι
1011 788 1118 842 61:6
1147 788 1307 844 Θεοῦ.

327 908 347 940 ι
397 888 484 940 Ἐν
517 884 652 956 αὐτῇ
696 887 762 954 τῇ
791 883 912 955 ὥρᾳ
962 880 1331 951 ὴγαλλίασατο
1379 881 1458 950 τῷ
1504 879 1774 950 πνεύματι
1814 881 1842 932 6

266 978 497 1048 Ἰησοῦς,
549 976 645 1031 καὶ
674 970 871 1028 εῐπενο
908 972 1379 1044 Ἐξομολογοῦμαί
1451 988 1572 1036 σοι,
1634 971 1836 1041 Πάτερ,

255 1073 430 1144 Κύριε
461 1070 556 1123 τοῦ
602 1067 836 1140 ούρανοῦ
887 1069 981 1120 καὶ
1039 1066 1140 1136 τῆς
1177 1066 1311 1135 γῆς,
1377 1065 1460 1118 δτι
1511 1064 1840 1135 ἀπέκρυψας

251 1164 427 1217 ταῦτα
483 1161 588 1214 ἀπὸ
620 1161 801 1228 σοφῶν
858 1159 955 1218 καὶ
997 1157 1272 1220 συνετῶν,
1332 1155 1428 1208 καὶ
1479 1156 1840 1224 ἀπεκάλυψας

252 1253 394 1307 αύτά
423 1252 638 1322 νηπίοις
669 1269 682 1281 ο
721 1252 836 1312 ναὶ.
871 1252 900 1302 6
937 1248 1150 1321 Πατὴρ,
1193 1249 1278 1302 δτι
1303 1247 1476 1311 οὕτως
1517 1247 1734 1315 ἐγένετο
1754 1248 1843 1300 e6-

251 1345 405 1398 δοκία
431 1344 744 1415 ἔμπροσθέν
775 1360 890 1396 σου.
928 1361 947 1395 ι
979 1342 1190 1412 Ὥσπερ
1210 1340 1394 1411 πατὴρ
1411 1340 1618 1408 ἀγαθὸς
1643 1340 1841 1404 παῖδας

253 1436 378 1490 ἰδὼν
407 1435 872 1508 κατορθώσαντάς
902 1452 978 1499 τι,
1012 1434 1156 1487 οὕτω
1185 1433 1281 1486 καὶ
1327 1435 1356 1485 6
1387 1433 1579 1504 Σωτὴρ
1607 1432 1841 1501 ἀγάλλε-

247 1545 361 1592 ται,
390 1529 472 1583 ὅτι
525 1528 786 1582 τοιούτων
814 1526 1037 1596 ἀγαθῶν
1066 1525 1384 1597 ἠξιώθησαν
1425 1527 1476 1578 οἱ
1523 1526 1835 1580 ἀπόστολοι.

248 1620 580 1694 Εὐχάριστεῖ
631 1615 727 1674 οὖν
786 1620 866 1691 τῷ
920 1621 1118 1690 Πατρὶ,
1178 1620 1259 1672 ὅτι
1323 1617 1721 1690 ἀπεκρύὸησαν
1773 1619 1840 1671 τὰ

249 1713 479 1767 τοιαῦτα
533 1713 818 1784 μυστήρια
855 1712 964 1764 ἀπὸ
995 1713 1200 1780 σοφῶν,
1240 1711 1348 1764 τῶν
1377 1712 1692 1781 Φαρισαίων
1742 1710 1838 1780 δη-

246 1804 385 1876 λαδὴ
420 1804 511 1858 καὶ
542 1801 930 1874 Γραμματέων
959 1803 1070 1855 τῶν
1086 1801 1507 1873 ἓρμηνευόντων
1529 1802 1622 1855 τὸν
1652 1803 1836 1872 νόμον,

1952 601 2001 650 in
2031 601 2295 652 memoria
2329 596 2445 652 Dei.

2021 877 2188 932 Vens.
2229 877 2321 934 ‘21.
2381 898 2399 930 ι
2452 878 2507 931 lu
2562 883 2749 934 eadem
2799 880 2930 934 liora
3005 883 3299 937 exsultavit
3352 887 3545 953 spiritu

1945 972 2102 1025 .Icsus
2126 1015 2138 1035 ,
2170 982 2224 1027 ct
2257 972 2433 1027 dixit:
2466 972 2746 1027 Confiteor
2776 973 2908 1037 tibi,
2940 975 3120 1040 Pater,
3162 976 3389 1030 Domine
3423 979 3546 1031 εαξιί

1947 1074 1998 1117 et
2035 1077 2227 1130 terras,
2279 1064 2425 1132 quod
2473 1064 2813 1120 abscondisti
2876 1067 2989 1121 ltzec
3035 1083 3063 1119 a
3111 1070 3450 1136 sapientibus
3491 1083 3548 1123 ct

1949 1160 2328 1226 prudentibus,
2355 1169 2410 1213 et
2450 1160 2700 1215 revelasti
2733 1176 2794 1214 ea
2823 1162 3103 1230 parvulis:
3137 1163 3324 1228 etiam,
3355 1165 3546 1229 Pater,

1946 1252 2203 1319 quoniam
2258 1253 2337 1305 sic
2387 1251 2774 1320 complacitum
2823 1262 2911 1306 est
2961 1268 3146 1306 coram
3199 1265 3270 1306 te.
3326 1272 3346 1305 ι
3396 1255 3551 1325 Sicut

1946 1351 2100 1412 pater
2134 1343 2308 1401 bonus
2343 1359 2467 1397 cum
2509 1342 2708 1397 viderit
2753 1342 2892 1398 filios
2929 1357 3073 1398 recta
3107 1346 3352 1414 quaedam
3381 1362 3548 1414 opera

1946 1437 2203 1506 gessisse,
2229 1437 2300 1491 ita
2331 1436 2584 1490 Salvator
2609 1437 2868 1503 exsultat,
2906 1440 3034 1506 quia
3069 1440 3191 1493 talia
3218 1440 3358 1496 bona
3394 1444 3550 1494 asse;

1946 1530 2054 1582 cuti
2079 1538 2240 1582 erant
2278 1528 2530 1598 apostoli.
2578 1527 2769 1601 Itaque
2811 1530 2960 1584 Patri
3007 1534 3208 1596 gratias
3251 1535 3360 1602 agit
3403 1536 3548 1603 quod

1945 1619 2302 1673 occultaverit
2345 1621 2564 1689 quidem
2612 1621 2738 1675 talia
2793 1625 3050 1692 mysteria
3105 1640 3132 1676 a
3181 1627 3547 1693 sapientibus,

1947 1710 2238 1766 Pbarisxis
2267 1713 2478 1766 scilicet
2518 1722 2572 1767 et
2601 1711 2809 1768 Scribis
2840 1716 2932 1784 qui
2975 1716 3147 1785 legem
3181 1720 3548 1786 interpretan-

1946 1809 2056 1865 tur,
2112 1811 2162 1855 et
2210 1802 2666 1873 intelligentibus,
2733 1806 2834 1860 hoc
2885 1810 2984 1870 est?
3028 1808 3310 1877 discipulis
3349 1809 3543 1865 borum

248 1866 626 1947 xal'euvezc'b-v
828 1866 1290 1963 μαθητευομένων
1355 1893 1460 1945 61:6
1514 1866 1729 1945 τούτων⁷
1773 1892 1838 1963 δὴ

1954 1892 2287 1948 Scribarum.
2335 1896 2570 1965 Sapiens
2602 1900 2744 1952 enim
2775 1911 2860 1953 est
2895 1903 2984 1969 qui
3018 1883 3546 1973 docet,iintelligens

247 1987 359 2042 τῶν
390 1985 793 2056 Γραμματὲων.
833 1985 1006 2054 Σοφὸς
1040 1985 1140 2055 μὲν
1177 1984 1285 2055 γάρ
1312 1985 1460 2036 ἐστιν
1490 1984 1516 2035 6
1546 1984 1838 2050 διδάσκων,

249 2078 472 2141 συνετὸς
505 2078 562 2130 δὲ
611 2078 638 2130 6
675 2076 1063 2148 διδασκόμενος
1093 2077 1187 2130 καὶ
1219 2076 1424 2139 συνιεὶς
1451 2075 1522 2129 τά
1550 2075 1841 2146 λεγόμενα.

248 2166 376 2224 Οἷον
410 2169 809 2238 ὑποδείγματος
841 2170 1000 2240 χάριν
1024 2210 1039 2233 ,
1094 2170 1255 2236 σοφὸς
1287 2169 1314 2220 6
1350 2169 1654 2240 Γαμαλιὴλ,
1691 2186 1844 2220 συνεο

246 2263 340 2326 τδς
373 2263 428 2316 δὲ
458 2263 486 2315 6
513 2260 747 2325 Παῦλος.
789 2259 848 2313 '0
877 2261 978 2330 μὲν
1026 2260 1137 2331 γάρ
1185 2258 1530 2324 διδάσκαλος,
1576 2262 1604 2312 6
1631 2259 1688 2312 δὲ
1721 2275 1843 2312 συν-

253 2357 355 2419 ιεὶς
385 2355 452 2408 τά
490 2354 760 2424 λεγόμενα
803 2354 936 2424 παρ’
966 2351 1201 2408 ἐκείνου.
1224 2352 1474 2420 Νηπίους
1502 2351 1557 2403 δὲ
1586 2350 1843 2420 ὀνομάζει

247 2448 376 2510 τοὺς
405 2446 640 2510 οἰκείους
677 2445 928 2516 μαθητάς
954 2447 983 2498 6
1011 2443 1240 2514 Κύριος,
1289 2438 1376 2496 οἷα
1410 2441 1485 2514 μὴ
1512 2441 1843 2512 νομομαθεῖς

248 2538 435 2605 ὄντας,
491 2538 628 2593 ἀλλὰ
681 2537 809 2602 τοὺς
845 2538 1066 2601 πλείους
1124 2537 1187 2590 ὲκ
1237 2534 1334 2589 τοῦ
1386 2535 1546 2604 ὄχλου
1593 2536 1686 2586 καὶ
1734 2533 1845 2586 τῶν

248 2632 451 2686 ἀλιέων
484 2650 617 2702 συνη
630 2631 1014 2703 ρανισμένους.
1054 2629 1218 2684 Ἀλλά
1251 2629 1360 2699 μὴν
1391 2629 1485 2682 καὶ⁵
1517 2628 1593 2690 ὼς
1621 2627 1842 2691 ἄκακοι,

250 2724 438 2794 νήπιοι
472 2725 538 2778 ἂν
572 2722 847 2793 κληθεῖεν.
907 2721 1140 2776 Ἐκεῖνοι
1190 2720 1246 2774 δὲ
1297 2720 1586 2781 δοκοῦντες
1633 2718 1845 2770 συνετοὶ

252 2817 350 2868 καὶ
377 2817 556 2884 σοφοὶ,
579 2815 641 2869 06
669 2813 777 2886 μὴν
803 2815 978 2879 ὖντες.
1023 2812 1342 2883 ’Λπεκρύδη
1366 2807 1461 2864 οὖν
1481 2812 1550 2864 τὰ
1570 2810 1845 2880 μυστήρια

251 2909 364 2961 ἀπὸ
403 2907 512 2962 τῶν
561 2909 868 2962 δοκούντων
920 2906 1102 2975 σοφῶν
1151 2906 1248 2959 καὶ
1309 2904 1571 2968 συνετῶν,
1626 2904 1687 2956 ού
1739 2903 1845 2973 μὴν

251 2999 445 3054 ὄντων.
477 2999 538 3052 El
561 3000 667 3071 γάρ
701 2994 865 3071 ἦσαν,
899 2997 1268 3068 ἀπεκαλύφθη
1300 2996 1368 3050 ἂν
1398 2997 1603 3058 αὐτοῖς.
1652 2980 1846 3060 Ναὶξὸ

258 3090 472 3163 Πατὴρ,
521 3092 833 3164 εὐχαριστῶ
875 3109 978 3158 σοι,
1012 3093 1094 3144 ὅτι
1143 3090 1320 3153 οὕτως
1369 3090 1586 3157 ἐγένετο
1622 3088 1845 3142 εὐδοκία

250 3183 566 3256 ιμπροσθέν
604 3199 724 3249 σου,
755 3183 1060 3248 τουτέστιν,
1091 3185 1172 3237 ὃτι
1215 3182 1442 3253 τοιαύτη
1484 3181 1702 3235 εὐδοκία
1752 3182 1848 3234 καὶ
1874 3212 1918 3275 C

258 3279 476 3352 θέλησις
515 3279 735 3348 ἐγένετο
791 3277 1114 3349 ἔμπροσθέν
1167 3291 1284 3341 σου,
1317 3276 1413 3329 καὶ
1451 3271 1626 3337 οὕτως
1677 3272 1846 3344 ἤρεσέ

255 3389 362 3428 σοι.

332 3485 352 3515 ε
391 3465 500 3518 Καὶ
530 3463 791 3533 στραφεἙς
826 3461 966 3531 πρὸς
999 3461 1126 3524 τοὺς
1159 3460 1432 3528 μαθητὰς,
1472 3453 1595 3511 εἶπε
1622 3476 1636 3491 ·
1665 3458 1850 3512 Πάντα

258 3563 352 3628 μοι
392 3554 670 3627 παρεδόθη
699 3555 806 3608 61:6
833 3555 930 3606 τοῦ
971 3552 1188 3622 Πατρός
1239 3568 1366 3622 μου.
1400 3552 1510 3604 Καὶ
1554 3551 1730 3613 οὐδεὶς
1763 3569 1850 3617 γι-

252 3649 473 3714 νώσκει,
505 3647 588 3711 τίς
614 3650 766 3701 ἐστιν
796 3648 825 3700 6
868 3647 1018 3711 Υἱὸς,
1049 3646 1099 3697 εί
1150 3643 1226 3713 μὴ
1281 3644 1310 3696 6
1370 3643 1582 3712 Πατὴρ,
1635 3643 1729 3694 καὶ
1767 3642 1847 3704 τίς

253 3747 406 3799 ἔστιν
436 3746 464 3797 6
493 3743 708 3813 Πατὴρ,
747 3741 796 3793 εί
833 3739 908 3810 μὴ
939 3743 967 3793 6
1017 3739 1168 3802 Υἱὸς,
1204 3741 1298 3791 καὶ
1329 3731 1374 3804 ᾧ
1403 3736 1499 3789 ἐὰν
1533 3736 1793 3807 βούληται
1824 3740 1851 3788 6

254 3836 385 3899 Υίδς
402 3834 776 3906 ἀποκαλύψαι.
809 3835 921 3887 Καὶ
949 3831 1215 3902 στραφεὶς
1249 3831 1386 3901 πρὸς
1416 3830 1542 3893 τοὺς
1578 3830 1847 3900 μαθητὰς,

253 3930 378 3982 κατ’
407 3928 542 3981 Ιδίαν
569 3923 694 3981 εἷπε
719 3941 733 3956 ⁶
765 3926 1045 3994 Μακάριοι
1084 3925 1134 3976 oi
1163 3923 1452 3993 ὀφθαλμοὶ,
1477 3925 1525 3974 ot
1559 3924 1850 3991 βλέποντες

252 4020 288 4074 ἃ
314 4021 472 4090 ὑμεῖς
499 4019 752 4090 βλέπετε.
786 4018 947 4086 Λέγω
973 4017 1084 4089 γὰρ
1113 4018 1266 4087 ύμῖν,
1305 4019 1388 4070 ὅτι
1424 4015 1612 4069 πολλοὶ
1637 4015 1850 4086 προφῆ-

254 4130 351 4168 ται
382 4115 477 4166 καὶ
509 4112 752 4184 βασιλεῖς
799 4110 1077 4181 ⁴ξθέλησαν
1132 4111 1263 4164 ἰδεῖν
1299 4110 1335 4164 ἀ
1377 4109 1535 4180 ὑμεῖς
1597 4107 1848 4176 βλέπετε,

255 4209 356 4260 καὶ
412 4205 513 4258 οὐκ
567 4201 728 4271 εἶδον,
765 4207 862 4258 καὶ
921 4203 1156 4258 ἀκοῦσαι
1192 4202 1228 4256 ἃ
1280 4203 1533 4266 ἀκούετε,
1602 4202 1698 4254 καὶ
1751 4201 1852 4254 οὐκ

1950 1996 2130 2042 autem
2166 1987 2258 2055 qui
2295 1988 2520 2044 docetur
2562 1997 2615 2044 et
2660 1991 2914 2061 intelligit
2959 2009 3082 2060 qum
3127 1995 3380 2050 dicuntur
3413 2015 3428 2063 ;
3467 2011 3551 2061 ut,

1948 2079 2182 2146 exempli
2224 2081 2429 2150 gratia,
2466 2081 2684 2150 sapiens
2718 2081 3023 2147 Gamaliel,
3064 2085 3366 2154 intelligens
3403 2087 3548 2141 Pau-

1949 2171 2065 2225 lus:
2112 2172 2203 2226 ille
2241 2173 2388 2227 enim
2419 2173 2670 2235 docebat,
2705 2175 2790 2227 ltic
2829 2175 3167 2245 intelligebat
3205 2194 3325 2248 quae
3360 2182 3428 2233 ab
3459 2181 3549 2234 illo

1950 2263 2305 2319 docebantur.
2355 2263 2623 2320 Parvulos
2673 2277 2855 2320 autem
2912 2269 3230 2322 nominabat
3287 2271 3552 2324 Dominus

1951 2369 2083 2409 suos
2132 2355 2469 2424 discipulos,
2517 2367 2703 2424 utpote
2751 2374 2846 2413 cos
2885 2360 2976 2428 qui
3021 2360 3071 2413 in
3113 2361 3228 2430 lege
3265 2363 3411 2418 docti
3445 2381 3550 2417 ηυι

1949 2453 2141 2511 erant;
2187 2449 2280 2502 sed
2332 2449 2577 2518 plerique
2611 2465 2676 2505 ex
2725 2452 2878 2505 turba
2924 2464 2977 2506 et
3017 2453 3386 2523 piscatoribus
3423 2473 3552 2509 con-

1951 2540 2181 2610 gregali.
2222 2540 2615 2596 Verumtamen
2653 2553 2706 2596 et
2740 2545 2950 2610 parvuli
2992 2546 3120 2599 dicti
3155 2558 3280 2601 sunt
3313 2548 3383 2603 ob
3418 2564 3552 2616 pue-

1954 2631 2108 2686 rilem
2144 2633 2577 2702 simplicitatem.
2610 2634 2691 2689 llli
2718 2647 2898 2691 autem
2938 2640 3214 2708 sapientes
3241 2642 3396 2706 dicti,
3425 2659 3552 2713 quia

1954 2725 2275 2780 ridebantur
2323 2728 2636 2796 sapientes,
2684 2744 2806 2782 cum
2855 2733 3129 2801 sapientes
3181 2752 3286 2790 non
3343 2753 3550 2792 essent.

1951 2819 2253 2875 Abscondit
2300 2820 2466 2889 igitur
2516 2823 2773 2891 mysteria
2829 2823 2896 2877 ab
2947 2825 3032 2880 bis
3083 2827 3173 2896 qui
3225 2829 3552 2887 videbantur

1951 2910 2226 2979 sapientes
2261 2920 2316 2966 et
2347 2912 2743 2982 intelligentes,
2795 2929 2916 2968 cum
2963 2918 3149 2986 utique
3193 2935 3300 2975 non
3345 2935 3548 2978 essent.

1952 3001 2087 3056 Nam
2111 3003 2161 3058 si
2193 3003 2440 3068 fuissent,
2475 3007 2713 3060 revelata
2739 3007 2972 3063 inissent
3001 3011 3100 3065 eis.
3135 3012 3337 3081 Etiam,
3368 3014 3548 3080 Pater,

1951 3095 2156 3164 gratias
2187 3110 2289 3166 ago
2322 3095 2441 3160 tibi,
2477 3097 2604 3166 quia
2639 3099 2720 3153 sic
2751 3099 3155 3170 beneplacitum
3186 3104 3286 3158 fuit
3315 3118 3440 3160 ante
3474 3118 3549 3169 te.

1953 3188 2060 3243 hoc
2085 3199 2202 3255 est,
2243 3187 2349 3244 fuit
2388 3190 2513 3246 talis
2550 3194 2870 3262 approbatio
2906 3204 2958 3250 et
3004 3196 3188 3251 volitio
3231 3209 3360 3255 ante
3396 3211 3466 3266 te,
3497 3209 3551 3256 et

1955 3281 2036 3337 sic
2063 3281 2272 3353 placuit
2303 3283 2425 3339 tibi.

2035 3459 2306 3522 Vsas.25,
2330 3462 2423 3516 24.
2457 3480 2472 3513 ι
2505 3460 2888 3520 Etconversns
2925 3465 2992 3518 ad
3024 3468 3343 3535 discipulos,
3373 3470 3549 3525 ditit:

1955 3552 2150 3606 Omnia
2186 3553 2316 3607 milii
2351 3555 2549 3608 tradita
2581 3564 2708 3610 sunt
2739 3574 2767 3609 a
2800 3555 2962 3611 Patre
3004 3573 3145 3624 nico,
3179 3570 3231 3614 et
3267 3577 3426 3617 nemo
3453 3565 3553 3619 scit

1954 3648 2075 3715 quis
2114 3649 2185 3699 sit
2218 3647 2388 3701 Filios
2445 3649 2547 3702 nisi
2593 3647 2790 3714 Pater,
2832 3659 2886 3704 et
2926 3652 3050 3720 quis
3110 3654 3180 3706 sit
3241 3652 3404 3709 Pater
3450 3659 3551 3710 nisi

1954 3739 2152 3804 Filius,
2185 3749 2237 3792 et
2267 3740 2352 3793 cui
2385 3740 2618 3795 voluerit
2673 3742 2843 3797 Filius
2869 3745 3101 3812 aperire.
3156 3746 3222 3800 Et
3259 3763 3556 3804 converSus

1954 3835 2020 3887 ad
2045 3834 2340 3902 discipulos
2373 3849 2641 3900 seorsum,
2674 3836 2846 3890 dixit:
2884 3835 3035 3891 Beati
3071 3839 3210 3892 oculi
3247 3841 3342 3910 qui
3370 3844 3556 3896 vident

1954 3941 2074 3994 qua:
2105 3939 2202 3978 vos
2244 3926 2460 3980 videtis.
2506 3926 2635 3980 Dico
2665 3909 2813 3980 enim
2847 3927 3000 3984 vobis
3043 3933 3188 4000 quod
3229 3933 3384 3987 multi
3430 3951 3555 4006 prn-

1955 4019 2134 4086 pltette
2162 4027 2216 4070 ct
2263 4032 2419 4086 reges
2451 4018 2742 4072 voluerunt
2764 4020 2950 4074 videre
2983 4037 3103 4088 qua:
3135 4039 3230 4078 vos
3260 4025 3474 4090 videtis,
3505 4041 3560 4082 et

1957 4122 2063 4162 non
2099 4109 2396 4163 viderunt:
2431 4118 2483 4164 et
2517 4109 2707 4164 audire
2740 4125 2860 4178 qua:
2888 4113 3109 4177 auditis,
3144 4124 3200 4168 et
3231 4131 3334 4170 non
3368 4121 3558 4172 audie-

1957 4209 2100 4254 runt.
2148 4220 2166 4253 ι
2204 4202 2394 4257 Omnia
2433 4203 2718 4257 traduntur
2746 4202 2932 4258 Filioa
2957 4205 3153 4270 Patre,
3199 4206 3347 4261 sicut
3386 4208 3560 4279 subji-

257 4299 523 4371 ἥκουσαν.
586 4316 604 4349 ι
647 4298 834 4351 Πάντα
871 4297 1262 4367 παραδίδονται
1318 4294 1396 4364 τῷ
1427 4294 1540 4364 Υἱῴ
1604 4296 1708 4346 61:6
1756 4294 1850 4347 τοῦ

1954 4294 2147 4346 cienda
2194 4290 2414 4346 fuerunt
2453 4292 2592 4347 Filio
2630 4294 2837 4348 omnia.
2887 4294 3002 4349 Duo
3045 4297 3189 4350 enim
3240 4302 3388 4353 modi
3434 4299 3562 4356 sunt

256 4389 495 4459 Πατρδς,
553 4387 675 4441 καθ’
712 4387 740 4439 δ
788 4386 1014 4457 ἔμελλον
1075 4385 1420 4453 ὑποταγῆναι
1476 4384 1556 4453 τῷ
1611 4384 1729 4454 Υἰῷ
1784 4384 1854 4438 τά

1957 4386 2156 4454 quibus
2199 4397 2390 4455 regnat
2427 4387 2478 4439 in
2528 4387 2683 4440 nobis
2725 4385 2915 4439 Deus:
2959 4403 3101 4442 unus
3138 4404 3245 4458 quo
3280 4406 3470 4463 regnat
3504 4395 3560 4450 in

256 4480 462 4537 πάντα.
498 4478 604 4532 Δύο
633 4480 744 4550 γάρ
777 4478 970 4548 τρόποι
999 4478 1107 4530 alat
1148 4476 1272 4530 καθ’
1301 4476 1395 4539 οὒς
1433 4475 1708 4546 βασιλεύει
1743 4476 1853 4530 τῶν

1956 4478 2044 4532 bis
2073 4480 2163 4548 qui
2195 4479 2419 4544 nolunt;
2450 4479 2606 4542 alius,
2636 4481 2687 4533 in
2722 4480 2806 4533 his
2828 4480 2921 4549 qui
2955 4481 3137 4535 volunt
3165 4501 3178 4535 :
3233 4496 3292 4538 ut
3321 4489 3557 4558 exempli

255 4571 480 4626 πάντων
538 4573 566 4624 6
607 4572 776 4633 θεόςθ
818 4569 846 4621 6
883 4568 1002 4637 μὲν,
1037 4569 1130 4621 καὶ
1182 4569 1258 4636 μὴ
1307 4567 1670 4637 βουλομένων,
1711 4567 1739 4620 6
1769 4569 1848 4634 δὲ,

1960 4569 2134 4638 gratia
2192 4567 2324 4637 quid
2363 4568 2562 4634 dicam,
2590 4567 2731 4622 Deus
2762 4568 3020 4624 Dominus
3051 4588 3202 4626 meus
3230 4585 3314 4629 est
3343 4577 3559 4632 etiamsi

258 4663 626 4734 βουλομένων.
656 4655 785 4714 Οἷόν
830 4679 884 4713 τι
941 4659 1107 4727 λέγω,
1156 4659 1433 4728 Δεσπότης
1469 4659 1617 4710 ἐστὶν
1646 4661 1673 4712 6
1722 4658 1854 4720 Θεὸς

256 4755 422 4827 ἐμοῦ,
473 4756 580 4809 κᾶν
614 4755 688 4824 μὴ
724 4753 887 4816 θέλω,
927 4753 1062 4806 καθὸ
1114 4753 1462 4822 Δημιουργός
1527 4751 1628 4821 μού
1684 4755 1851 4804 ἐστιν.

261 4851 423 4903 Ἐστι
447 4848 506 4902 δὲ
556 4847 834 4915 Δεσπότης
882 4845 1017 4915 ἐμὸς
1068 4846 1256 4908 πάλιν,
1311 4846 1441 4898 ὅταν
1489 4844 1577 4896 διὰ
1612 4843 1710 4911 τῆς
1745 4843 1857 4896 τῶν

257 4941 490 4996 ἐντολῶν
533 4937 799 5010 ἒργασίας
848 4937 910 4989 τὸ
983 4937 1198 5007 θέλημα
1263 4936 1427 4990 αὑτοῦ
1512 4937 1705 5005 πληρῶ
1781 4935 1858 4997 ὡς

258 5032 446 5096 δοῦλος
477 5030 1040 5100 εὐγνώμων.ςΠρώην
1077 5017 1176 5099 μέν
1205 5030 1315 5100 γὰρ
1347 5032 1379 5100 ἡ
1414 5030 1522 5080 τῶν
1552 5029 1857 5098 ἀνθρωπων

261 5125 428 5195 φύσις
463 5125 628 5194 δούλη
657 5119 748 5193 ἦν,
786 5123 876 5176 καὶ
932 5123 1244 5192 ὑποχείριος
1296 5121 1373 5190 τῷ
1429 5115 1602 5188 Θεῷ,’
1638 5122 1742 5173 κᾶν
1782 5121 1857 5191 μὴ

261 5216 448 5288 ἠθελε,
485 5215 588 5269 κάν
620 5215 698 5284 τῷ
735 5215 956 5284 Σατανᾷ
982 5212 1274 5283 ύπούργει.
1312 5213 1464 5264 Ἐπεὶ
1495 5212 1548 5264 δὲ
1573 5215 1599 5264 6
1621 5211 1856 5281 Χριστὸς

261 5309 357 5361 τὸν
399 5307 542 5375 ὑπὲρ
582 5306 741 5376 ἡμῶν
775 5307 1065 5372 ἀνεδέξατο
1117 5305 1385 5373 πόλεμον,
1428 5305 1521 5358 καὶ
1573 5305 1857 5363 ἐπισπάσας

262 5403 416 5472 ἡμᾶς
463 5401 572 5454 ἀπὸ
603 5401 700 5469 τῆς
743 5400 1057 5471 τυραννίδος
1114 5399 1207 5452 τοῦ
1252 5398 1522 5460 διασόλου,
1575 5398 1858 5464 ὑπηρέτας

267 5497 417 5565 ἡμᾶς
481 5495 573 5547 καὶ
636 5494 878 5563 ἐργάτας
932 5493 1042 5544 τῶν
1083 5491 1316 5544 ἐντολῶν
1354 5491 1630 5560 εποίησεν,
1668 5490 1854 5540 ἔκτοτε

263 5585 447 5640 δοῦλοι
482 5585 792 5656 γεγόναμεν
829 5585 1175 5654 εὐγνώμονες
1203 5585 1296 5637 καὶ
1334 5583 1494 5652 φύσει
1531 5583 1626 5634 καὶ
1661 5599 1858 5651 προαι-

268 5681 441 5754 ρέσει.
493 5680 558 5732 Ἦ
591 5680 690 5748 μὲν
722 5679 829 5748 γάρ
893 5682 1025 5749 πρὶν
1073 5677 1290 5732 δουλεία
1344 5677 1506 5744 φύσει
1566 5677 1726 5743 μόνον
1767 5671 1855 5744 ἦν,

268 5775 302 5844 ὴ
333 5774 565 5842 δευτέρα
605 5772 683 5836 δὲ,
743 5775 837 5823 καὶ
897 5773 1240 5840 προαιρέσει.
1279 5771 1459 5823 Τοῦτο
1502 5765 1594 5822 οὖν
1654 5769 1802 5821 ἔστιν
1832 5767 1860 5819 ὃ

270 5865 419 5933 λέγει
454 5865 547 5916 νῦν
580 5867 606 5916 6
641 5863 877 5932 Κύριος.
906 5864 988 5915 ὃτι
1040 5863 1225 5913 Πάντα
1285 5879 1373 5927 μοι
1431 5859 1703 5932 παρεδόθη
1755 5859 1859 5911 61:6

498 5957 770 6016 l'nnon.
812 5956 930 6016 Gn.
995 5957 1289 6018 CXXI”.

1961 4659 2162 4722 nolim,
2193 4657 2317 4727 quia
2355 4655 2618 4710 Conditor
2655 4672 2808 4712 meus
2847 4669 2952 4712 est.
2997 4657 3094 4713 Est
3135 4671 3316 4715 autem
3363 4665 3562 4720 iterum

1963 4750 2223 4804 Dominus
2280 4763 2472 4813 meus,
2537 4751 2754 4818 quando
2801 4752 3071 4807 servando
3115 4754 3370 4809 mandata
3419 4755 3561 4825 ejus,

1965 4844 2299 4898 voluntatem
2329 4842 2447 4912 ejus
2483 4843 2705 4912 impleo,
2738 4857 2927 4913 gratus
2955 4861 3146 4900 servus
3173 4847 3374 4903 factus.
3402 4849 3562 4903 Prius

1965 4935 2180 5002 quidem
2224 4935 2457 4988 humana
2503 4943 2695 4987 natura
2739 4935 3044 5000 serviebat,
3089 4947 3142 4990 et
3185 4940 3403 4993 subdita
3442 4955 3563 4996 erat

1961 5023 2122 5094 347
2151 5023 2262 5077 Deo
2278 5011 2488 5078 etiamSi
2517 5025 2928 5090 nollet,etiamsl
2956 5025 3173 5079 Satanae
3200 5029 3561 5085 ministraret.

1963 5117 2256 5187 Postquam
2281 5129 2466 5172 autem
2491 5118 2748 5174 Christus
2773 5134 2869 5188 pro
2892 5121 3050 5175 nobis
3074 5123 3312 5190 suscepit
3341 5125 3562 5184 bellum.

1962 5220 2016 5265 et
2049 5226 2148 5265 nos
2174 5226 2201 5264 a
2233 5212 2432 5266 diaboli
2460 5213 2747 5281 tyrannide
2774 5223 3078 5279 extractos,
3105 5212 3392 5270 ministros
3436 5233 3566 5272 suos

1964 5316 2018 5360 et
2051 5306 2432 5359 mandatorum
2478 5318 2703 5358 suorum
2751 5307 3036 5374 operarios
3081 5306 3240 5370 fecit,
3278 5316 3408 5365 tunc
3437 5309 3565 5366 facti

1965 5410 2154 5450 sumus
2197 5396 2339 5450 servi
2385 5395 2524 5464 grati
2584 5405 2640 5449 et
2697 5407 2891 5450 natura
2950 5408 3003 5451 et
3057 5399 3353 5453 voluntate.
3411 5399 3570 5456 Prior

1966 5490 2110 5542 cnim
2147 5488 2384 5542 servitus
2434 5498 2645 5543 naturas
2694 5499 2900 5543 tantum
2949 5499 3100 5557 erat,
3153 5493 3388 5545 secunda
3439 5507 3570 5546 vero

1965 5581 2129 5633 etiam
2182 5581 2500 5634 voluntatis.
2555 5578 2668 5635 Hoc
2719 5581 2884 5645 igitur
2927 5592 3011 5637 est
3055 5584 3196 5651 quod
3236 5597 3384 5637 nunc
3434 5583 3568 5636 dicit

1967 5674 2230 5728 Dominus
2260 5714 2273 5738 ,
2321 5674 2444 5740 quia
2475 5671 2684 5742 [Omnia
2732 5676 2864 5729 mihi
2907 5675 3102 5730 tradita
3152 5687 3279 5730 sunt
3324 5692 3353 5729 a
3403 5674 3576 5730 Patre-

1970 5781 2113 5829 tneo,
2155 5768 2258 5820 hoc
2289 5776 2398 5829 est,
2433 5770 2618 5820 omnia
2650 5769 2782 5822 mihi
2820 5769 3156 5838 subjicienda
3189 5778 3349 5835 sunt,
3383 5779 3438 5824 et
3467 5772 3570 5824 sub

1976 5868 2302 5928 potestatem
2341 5876 2516 5914 meam
2553 5861 2869 5928 redigenda.
2907 5860 3096 5915 Simile
3131 5874 3310 5917 antem
3346 5873 3430 5918 est
3468 5863 3570 5918 hoc

3168 5959 3243 6016 27
