4256 6432
747 385 853 448 8L3

1666 365 2244 433 THEOPHYLACTI
2286 357 2699 425 BULGARLE
2738 352 3104 417 ARCHIEP.

3901 340 4017 405 8“

744 499 795 554 ci
825 496 966 567 quod
1009 491 1203 549 alicubi
1246 489 1490 559 dictum:
1530 504 1548 536 ι
1590 484 1721 567 Data
1763 490 1847 534 est
1875 476 2003 531 mibi
2022 475 2204 530 omnis
2231 488 2329 544 po—

2404 468 2528 530 ,106
2582 465 2797 536 Πατρός
2840 481 2966 534 μου,
2996 458 3283 520 τουτέστι,
3327 454 3504 510 πάντα
3545 469 3637 524 μοι
3669 450 4018 520 ὑποταγῆναι

751 564 921 647 testas
957 588 1009 641 in
1049 584 1187 639 cmlo
1215 590 1267 635 et
1296 580 1349 634 in
1376 587 1519 632 terra
1545 568 1611 629 “.
1643 592 1663 625 ι
1697 564 1832 638 Quia
1851 570 1999 624 enim
2026 564 2327 637 paciﬁcavit

749 681 931 737 omnia
964 688 1069 731 tam
1120 688 1241 745 quae
1287 672 1341 725 in
1384 668 1521 725 cmlo
1553 670 1865 736 quamqua
1899 662 1951 716 in
1998 670 2163 724 terra,
2197 656 2323 711 talia

750 773 899 826 dicit.
924 770 989 822 Et
1028 766 1219 820 aliter;
1245 759 1463 817 «Omnia
1490 755 1783 811 traduntur
1809 753 1945 809 Filio
1983 766 2013 805 a
2049 748 2319 810 Patre“,s

750 861 931 916 munia
970 870 1132 927 opera
1166 867 1286 922 qua:
1323 851 1642 907 incarnatus
1677 859 1773 914 pro
1808 842 1965 898 nobis
1999 839 2145 894 fecit.
2184 836 2323 903 Quia

748 956 895 1008 enim
934 926 1111 1019 neque
1140 946 1303 1001 Pater
1338 955 1517 1011 neque
1543 938 1778 1007 Spiritus
1807 949 1904 1004 pro
1936 931 2092 987 nobis
2121 928 2204 1019 vel
2239 926 2325 980 in-

749 1018 1149 1104 cartiatusest,
1179 1041 1264 1093 vel
1299 1049 1524 1107 passus,
1550 1030 1635 1086 vel
1663 1026 1997 1089 resurrexit,
2026 1023 2121 1079 sed
2153 1018 2327 1076 Filius

750 1141 865 1195 hac
907 1134 1093 1191 omnia
1124 1131 1278 1195 tulit,
1310 1136 1365 1183 et
1398 1126 1506 1181 dux
1540 1122 1731 1179 salutis
1758 1126 1962 1174 nostra
1999 1114 2174 1171 lactus
2211 1120 2325 1178 est:

750 1228 954 1285 idcirco
980 1224 1113 1280 dixit
1132 1223 1310 1278 omnia
1340 1217 1537 1273 tradita
1564 1214 1667 1284 ipsi
1706 1225 1866 1268 esse:
1896 1206 2061 1264 veluti
2089 1205 2133 1260 si
2158 1203 2329 1259 dixis-

751 1330 857 1387 set,
894 1318 1052 1373 Pater
1077 1328 1228 1370 meus
1256 1309 1389 1366 milti
1420 1304 1755 1363 concredidit
1784 1300 1991 1365 omnia,
2019 1294 2325 1359 mearnari,

750 1383 884 1483 pati,
921 1420 1227 1476 resurgere,
1252 1401 1467 1457 salvare
1497 1406 1746 1453 naturam
1782 1390 2076 1462 repulsam.
2107 1385 2175 1441 Et
2202 1383 2327 1439 nul-

751 1477 836 1561 ius
870 1506 971 1560 scit
1022 1494 1217 1557 Filium
1262 1496 1365 1551 nisi
1409 1492 1591 1555 Pater,
1622 1499 1671 1544 et
1710 1486 1834 1554 quis
1874 1484 1946 1551 sit
1984 1482 2181 1544 Pater,
2226 1477 2328 1534 nisi

749 1596 940 1653 Filius.
977 1592 1263 1658 Postquam
1296 1594 1476 1639 autem
1504 1580 1672 1637 dicit:
1709 1575 1903 1633 Omnia
1938 1572 2067 1627 ntilti
2103 1583 2329 1626 concre-

750 1682 863 1738 dita
897 1686 1054 1744 sunt,
1088 1674 1247 1746 quasi
1286 1671 1509 1743 dubium
1552 1667 1824 1738 quoddam
1862 1677 2004 1718 nunc
2041 1659 2222 1717 solvit.
2253 1658 2330 1713 Ne

751 1774 893 1829 enim
935 1765 1328 1841 quis'dubitet,
1363 1762 1427 1816 Et
1458 1761 1615 1831 cujus
1654 1758 1826 1829 gratia
1854 1756 1946 1812 tibi
1981 1752 2177 1808 tradita
2206 1756 2332 1806 sttnt

750 1863 953 1925 omnia,
976 1868 1029 1915 et
1046 1873 1153 1912 non
1179 1854 1354 1919 alteri,
1387 1850 1638 1906 fortassis
1661 1845 1852 1915 angelo
1871 1843 1951 1899 vel
1970 1836 2335 1911 arcltaugelo?

751 1949 1053 2020 dicit,quod
1082 1946 1372 2015 Propterea
1400 1940 1530 1996 mihi
1560 1937 1802 2001 tradidit,
1826 1950 1890 1991 eo
1910 1934 2063 2005 quod
2091 1931 2331 2002 eiusdem

753 2054 961 2098 natura:
1003 2049 1057 2094 et
1092 2034 1415 2092 substantia:
1456 2047 1575 2087 sum
1615 2044 1737 2083 cum
1779 2042 1865 2082 eo.
1910 2027 1974 2082 Et
2011 2026 2150 2081 sicut
2180 2022 2331 2077 illum

754 2134 934 2188 nullus
970 2130 1110 2198 scit,
1143 2128 1218 2182 ita
1256 2136 1431 2194 neque
1491 2137 1578 2178 tne
1613 2122 1715 2177 nisi
1742 2118 1906 2175 Pater
1940 2116 2089 2173 solus
2119 2136 2133 2171 :
2168 2126 2224 2171 et
2259 2115 2333 2170 ita

733 2226 951 2282 auerito
987 2222 1117 2277 milii
1158 2218 1381 2274 tradidit
1423 2214 1603 2271 omnia
1634 2224 1692 2268 ut
1721 2211 1961 2283 ejusdem
1996 2219 2201 2263 naturae
2242 2220 2332 2263 se-

755 2332 900 2379 cum,
937 2326 1264 2382 omnemque
1303 2308 1668 2380 cognitionem
1715 2301 2149 2382 transcendenti,
2195 2300 2337 2356 sicut

755 2407 922 2460 etiam
957 2406 1073 2472 ipse
1114 2416 1275 2470 supra
1310 2413 1525 2455 omnem
1558 2393 1889 2463 cognitionis
1928 2392 2035 2445 vim
2069 2401 2172 2446 est.
2204 2389 2333 2444 Ete-

753 2500 864 2553 nim
898 2496 1089 2561 Pater,
1123 2492 1327 2562 inquit,
1362 2507 1391 2543 a
1428 2488 1542 2544 solo
1576 2487 1713 2541 Filio
1746 2486 2121 2555 cognoscitur,
2154 2491 2208 2538 et
2247 2483 2334 2536 cui

754 2585 926 2644 Filius
953 2585 1185 2641 voluerit
1215 2577 1617 2637 revelare.Vide
1640 2587 1819 2630 autem
1854 2575 1996 2645 quod
2013 2568 2182 2628 Filius
2211 2573 2334 2641 qui-

757 2681 876 2733 dem
914 2692 1018 2731 non
1058 2690 1156 2744 per
1186 2672 1568 2730 revelatiouem
1600 2677 1890 2738 cognoscat
1918 2650 2152 2731 Patrem,
2180 2680 2334 2720 crea-

760 2782 892 2826 tum
926 2779 1107 2823 autem
1134 2782 1232 2836 per
1256 2764 1637 2820 revelationetn
1670 2781 1682 2817 :
1712 2760 2043 2831 grutiacnitn
2067 2760 2337 2828 accipiunt

753 2862 1035 2917 scientiam
1064 2874 1079 2912 :
1116 2872 1222 2913 non
1254 2855 1419 2923 igitur
1445 2864 1662 2909 creatus
1701 2863 1778 2908 est
1812 2852 2000 2907 Filius.
2034 2851 2338 2906 Conversus

754 2967 884 3007 vero
927 2950 993 3005 ad
1046 2947 1373 3018 discipulos,
1430 2947 1619 3001 beatos
1673 2926 1793 2999 illos
1839 2943 2004 3006 dicit,
2053 2952 2107 2996 ct
2147 2956 2336 2996 omnes

757 3059 970 3117 quoque
1016 3042 1109 3113 qui
1155 3056 1275 3096 cam
1320 3039 1425 3093 ﬁde
1473 3039 1646 3108 ipsum
1682 3034 1737 3090 in
1768 3049 1931 3091 carne
1967 3032 2333 3089 autl-ttl.intcttt

2434 559 2639 631 μέλλει,
2677 557 2775 611 καὶ
2819 555 2922 608 ὑπὸ
2954 552 3055 623 τὴν
3091 550 3227 620 ἀμὴν
3279 546 3604 631 δεσποτείαν
3654 544 4012 613 μεταπεσεῖν.

2429 629 2657 721 ςΟμοιον
2685 649 2742 702 δι
2788 648 2948 700 τοῦτο
2975 640 3055 708 τῷ
3097 629 3329 711 ἀλλαχοῦ
3363 636 3606 708 ῥηθέντι,
3634 654 3653 687 ι
3696 632 3888 701 Ἐδόθη
3918 649 4015 701 μοι

2430 720 2582 796 πᾶσα
2617 738 2839 805 ἐξουσία
2870 738 2926 790 ιν
2959 731 3178 805 οὐρανῷ
3211 730 3307 785 καὶ
3344 726 3438 782 επὶ
3482 727 3605 797 γῆς.
3651 745 3670 778 ι
3722 720 3879 780 Ἐπεὶ
3906 724 4020 793 γὰρ

2430 832 2817 905 είρηνοποίησε
2845 828 2916 882 τὰ
2968 826 3147 880 πάντα
3178 823 3247 877 τά
3290 837 3352 874 τε
3401 821 3462 874 εν
3515 817 3731 889 οὐρανῷ
3782 816 3882 870 καὶ
3924 817 4022 867 ἐπὶ

2430 927 2555 995 γῆς,
2593 922 2681 977 διὰ
2718 920 2880 974 τοῦτο
2906 917 3134 972 τοιαῦτα
3164 915 3334 983 λέγει.
3369 912 3481 966 Kal
3513 908 3692 972 ἄλλως
3720 908 3799 971 δὲ,
3830 907 4021 961 Πάντα

2431 1014 2823 1088 παραδίδονται
2855 1011 2933 1081 τῷ
2983 1007 3099 1078 Υίῷ
3133 1005 3242 1061 ὑπὸ
3294 1002 3389 1058 τοῦ
3432 1001 3665 1072 Πατρδς.
3720 997 3906 1051 πάντα
3954 995 4025 1049 τά

2431 1112 2531 1179 τῆς
2561 1107 2702 1177 ὑπὲρ
2727 1103 2889 1176 ἡμῶν
2914 1097 3231 1165 οἰκονομίας
3262 1096 3424 1166 ἔργα.
3465 1090 3687 1161 Ἐπειδὴ
3716 1089 3826 1161 γὰρ
3877 1089 4025 1157 ὑπὲρ

2439 1178 2598 1266 ἡμῶν
2634 1193 2758 1247 οὕτε
2796 1194 2825 1245 6
2855 1190 3072 1261 Πατὴρ,
3106 1187 3233 1242 οὔτε
3273 1186 3337 1239 τὸ
3367 1183 3593 1252 Πνεῦμα
3631 1179 3665 1251 ἢ
3704 1178 4024 1250 ἐσαρκώθη,

2433 1286 2466 1357 ἢ
2504 1283 2726 1348 επαθεν,
2750 1282 2785 1350 ἢ
2817 1281 3045 1349 ἀνέστη,
3080 1275 3195 1330 ἀλλ’
3218 1278 3246 1330 6
3279 1274 3410 1338 Υἱὸς
3441 1272 3615 1328 ταῦτα
3648 1272 3828 1323 πάντα
3862 1270 4027 1338 ἑνήρ-

2410 1361 2601 1447 ’γησε,
2633 1374 2729 1429 καὶ
2761 1370 3005 1443 ἀρχηγὸς
3036 1370 3132 1439 τῆς
3176 1364 3453 1436 σωτηρίας
3480 1361 3637 1432 ἡμῶν
3661 1360 3903 1429 εγενετο,
3936 1357 4029 1411 διὰ

2434 1468 2594 1524 τοῦτο
2624 1462 2746 1521 εἷπε
2800 1464 2978 1518 πάντα
3031 1455 3428 1533 παραδεδόσθαι
3462 1453 3633 1525 αὐτῷ,
3660 1451 3851 1520 ὥσπερ
3876 1450 3944 1503 ἀν
3974 1450 4028 1501 εί

2434 1560 2618 1630 ῑλεγεν
2641 1574 2655 1588 ⁸
2697 1558 2759 1611 '0
2796 1557 2987 1627 Πατήρ
3030 1570 3130 1624 μου
3152 1550 3277 1621 εμοὶ
3299 1548 3650 1602 δνεπίστευσε
3690 1544 3909 1607 πάντα,
3961 1540 4028 1592 τὺ

2437 1646 2817 1721 σαρκωθῆναι,
2849 1642 2911 1697 τὸ
2936 1641 3154 1706 παθεῖν,
3186 1639 3246 1694 τὸ
3266 1638 3589 1707 ἀναστῆναι,
3615 1634 3677 1689 τὸ
3708 1632 3885 1688 σῶσαι
3922 1632 4027 1700 τὴν

2448 1739 2798 1795 ἀπωσθεῐσαν
2824 1736 3008 1807 φύσιν,
3042 1735 3139 1788 καὶ
3166 1731 3342 1793 οὐδεὶς
3383 1727 3643 1798 γινώσκει
3683 1726 3776 1781 τδν
3810 1723 3943 1779 Υίδν
3974 1725 4027 1776 εί

2364 1804 2413 1865 Β
2449 1832 2525 1906 μὴ
2555 1835 2583 1886 6
2606 1831 2816 1901 Πατὴρ,
2838 1804 2947 1881 ’καὶ
2977 1827 3060 1890 τίς
3106 1826 3254 1879 ιστιν
3291 1823 3321 1876 6
3355 1820 3568 1892 Πατὴρ,
3614 1820 3665 1872 ει
3701 1819 3779 1891 μὴ
3805 1819 3832 1871 δ
3861 1816 4023 1879 τως.

2437 1924 2626 1995 ἐπειδὴ
2660 1919 2815 1977 εἶπεν
2835 1921 2942 1986 ὅτι,
2971 1918 3156 1973 Πάντα
3190 1934 3280 1987 μοι
3316 1912 3615 1985 παρεδόθη,
3638 1910 3841 1965 ὡσανεὶ
3886 1910 4027 1962 ἀπο-

2439 2023 2565 2091 ρίαν
2592 2016 2718 2069 τινὰ
2742 2014 2861 2067 λύει
2878 2013 2996 2065 νῦν.
3030 2012 3153 2064 ἰνα
3179 2009 3287 2079 γάρ
3315 2006 3389 2078 μὴ
3411 2007 3591 2075 ἀπορῇ
3616 2020 3723 2069 τις,
3744 2000 3858 2056 Kal
3879 2001 4027 2063 τίνος

2436 2108 2603 2166 ἕνεκά
2647 2126 2730 2163 σοι
2770 2106 3055 2179 παρέδωκε
3106 2104 3284 2156 πάντα
3331 2100 3560 2168 καὶούχ
3605 2096 3805 2166 ἑτέρῳ,
3861 2094 4030 2163 τυχὶν

2437 2201 2676 2271 ἀγγέλῳ,
2724 2199 2756 2270 ἢ
2796 2197 3162 2269 ἀρχαγγέλῳ;
3218 2192 3405 2263 φησιν,
3446 2191 3530 2244 ὅτι
3573 2188 3672 2243 Διά
3730 2187 3895 2242 τοῦτό
3936 2203 4027 2257 μοι

2439 2292 2751 2367 παρέδωκε,
2787 2291 2925 2343 διότι
2967 2287 3215 2358 ὁμοφυὴς
3248 2283 3397 2355 αὑτῷ
3429 2285 3545 2354 είμι
3593 2280 3689 2335 καὶ
3712 2279 4025 2350 όμοούσιος.

2437 2383 2549 2441 Καὶ
2579 2386 2770 2454 ὥσπερ
2823 2385 3031 2436 ἐκεῖνον
3085 2379 3260 2442 οὐδεὶς
3322 2376 3621 2446 γινώσκει,
3678 2373 3855 2437 οὕτως
3905 2370 4029 2426 οὐδὲ

2437 2481 2561 2550 ἐμὲ,
2593 2481 2640 2532 εί
2672 2478 2748 2549 μὴ
2789 2478 2817 2530 6
2856 2475 3048 2546 Πατὴρ
3075 2474 3259 2544 μόνος,
3280 2471 3424 2525 ὥστε
3448 2472 3675 2532 εἰκότως
3717 2486 3809 2539 μοι
3849 2466 4031 2537 παρέ-

2436 2573 2577 2647 δωκε
2612 2570 2815 2633 πάντα,
2848 2567 2923 2631 ώς
2947 2569 3184 2637 ὁμοφυεῐ
3209 2564 3385 2631 αύτῷ,
3419 2566 3517 2617 καὶ
3543 2563 3724 2616 πᾶσαν
3767 2560 4030 2629 ύπερκειο

2442 2666 2591 2736 μένῳ
2640 2662 2888 2733 γνῶσιν,
2925 2659 3116 2731 ὥσπερ
3167 2659 3260 2713 καὶ
3306 2656 3469 2720 αὐτὸς
3532 2655 3714 2725 πάσης
3772 2650 4030 2720 γνώσεως

2439 2760 2723 2812 ἐπέκεινα.
2765 2756 2877 2813 Kal
2922 2754 3033 2827 γὰρ
3066 2753 3163 2807 καὶ
3205 2755 3234 2806 6
3288 2752 3505 2821 Πατὴρ,
3556 2748 3715 2818 φησὶ,
3772 2744 3881 2799 ὑπὸ
3930 2741 4027 2797 τοῦ

2441 2852 2573 2905 Υἰοῠ
2607 2852 2773 2921 μόνου
2805 2850 3162 2919 γινώσκεται,
3196 2845 3288 2899 καὶ
3314 2838 3358 2911 ᾧ
3385 2842 3451 2896 ἀν
3490 2839 3726 2910 βουληθῇ
3760 2836 4035 2893 ἀποκαλύ-

2439 2944 2541 3013 ψαι
2564 2946 2593 2999 6
2622 2943 2773 3007 Υίός.
2814 2943 2959 3013 Ὅρα
2991 2940 3046 2993 δὲ
3070 2939 3189 3002 πῶς
3216 2939 3244 2990 6
3276 2937 3376 3007 μὲν
3406 2936 3533 2998 Υἱὸς
3560 2934 3621 2987 ού
3650 2933 3717 2986 δι’
3748 2930 4029 2988 ἀποκαλύ·

2438 3036 2587 3107 ψεως
2625 3036 2891 3105 γινώσκει
2922 3032 3015 3086 τὸν
3038 3031 3285 3101 Πατέρα,
3327 3030 3377 3082 oi
3405 3027 3463 3081 δὲ
3492 3025 3789 3080 κτιστο¹ιδι¹
3822 3024 4031 3077 ἀποκα-

758 3115 942 3194 vident
993 3144 1047 3191 et
1090 3131 1353 3189 miracula
1399 3139 1734 3201 operantem.
1782 3128 1990 3182 Etenim
2063 3129 2332 3194 pr0plietze

2404 3145 2409 3197 ί
2442 3128 2654 3198 λύψεως
2686 3144 2700 3159 ο
2751 3126 2937 3198 χάριτι
2989 3123 3099 3193 γὰρ
3135 3120 3475 3192 λαμϐάνωσι
3504 3118 3605 3188 τὴν
3654 3116 3857 3184 γνῶσιν
3880 3132 3892 3145 ·
3929 3115 4031 3168 οὐκ

758 3228 921 3300 prisci
982 3236 1036 3280 et
1091 3238 1248 3295 reges
1296 3222 1741 3277 desideraverunt
1792 3216 2010 3287 quidem
2064 3216 2117 3271 itt
2172 3231 2336 3273 carne

758 3324 943 3378 videre
979 3318 1267 3374 Dominum
1302 3326 1356 3371 et
1381 3313 1571 3369 audire
1597 3328 1755 3380 eunt;
1789 3315 1882 3367 sed
1918 3327 2026 3365 non
2073 3311 2336 3381 contingit

758 3414 856 3469 eis.
889 3412 953 3467 Et
984 3408 1162 3473 aliter,
1198 3405 1331 3471 Quia
1388 3417 1548 3472 supra
1582 3403 1716 3457 dixit
1749 3420 1763 3456 :
1792 3402 1889 3455 Cui
1927 3399 2096 3471 Filius
2132 3401 2337 3455 revela—

759 3508 920 3570 verit,
956 3502 1045 3557 ille
1070 3499 1172 3555 scit
1196 3498 1411 3553 Patrem
1441 3512 1455 3549 :
1486 3493 1670 3549 beatos
1690 3508 1836 3547 nunc
1865 3491 1994 3547 dicit
2017 3492 2331 3560 discipulos,

760 3596 903 3665 quod
942 3610 1037 3650 sua
1076 3590 1404 3647 revelatione
1442 3588 1543 3643 ista
1570 3588 1653 3642 eis
1690 3587 2026 3655 contingant.
2054 3584 2335 3639 llevelavit

758 3688 902 3744 enim
934 3685 1013 3741 eis
1042 3683 1259 3739 Patrem
1293 3696 1389 3751 per
1420 3694 1501 3736 se.
1534 3679 1717 3747 Ipsum
1765 3679 1908 3732 enim
1941 3678 2159 3742 videns,
2197 3679 2341 3735 videt

758 3777 977 3837 Patrem
1017 3792 1031 3829 :
1075 3773 1217 3843 quod
1262 3772 1462 3826 bonum
1508 3769 1689 3824 nullus
1732 3782 1797 3822 ex
1834 3770 2039 3824 sanctis
2083 3770 2173 3838 qui
2217 3777 2343 3825 ante

760 3869 1190 3946 incarnationem
1224 3864 1343 3934 ejus
1366 3858 1611 3926 fuerunt,
1640 3862 1896 3924 obtinuit,
1917 3862 2173 3930 quianon
2198 3862 2345 3918 vidc-

759 3969 887 4013 runt
919 3956 1207 4012 Dominum
1238 3955 1290 4008 in
1320 3965 1505 4017 carne,
1537 3966 1635 4021 per
1664 3964 1823 4019 quem
1857 3948 2020 4005 Pater
2049 3964 2346 4020 cognosce-

758 4059 941 4116 retur;
975 4048 1117 4103 unde
1147 4060 1322 4117 neque
1351 4044 1569 4104 Patrem
1606 4042 1685 4097 sic
1718 4041 1972 4095 viderunt
2000 4050 2057 4095 ut
2089 4044 2342 4112 apostoli.

2446 3218 2559 3288 ἄρα
2586 3215 2806 3279 κτιστδς
2822 3217 2849 3268 6
2870 3215 3021 3293 Υἱός.
3055 3212 3327 3284 Στραφεὶς
3350 3211 3406 3264 δὲ
3438 3211 3575 3280 πρὸς
3596 3210 3723 3271 τοὺς
3758 3206 4029 3279 μαθητὰς,

2447 3309 2740 3381 μακαρίζει
2769 3308 2987 3374 αὐτοὺς,
3034 3306 3129 3359 καὶ
3163 3301 3373 3366 πάντας
3411 3301 3600 3364 ἀπλῶς
3628 3301 3755 3364 τοὺς
3806 3298 4032 3369 βλέπον-

2442 3420 2563 3467 τας,
2596 3400 2737 3472 μετά
2760 3401 2999 3461 πίστεως
3033 3397 3302 3468 δηλονότι,
3330 3397 3388 3449 εν
3417 3396 3583 3466 σαρκὶ
3623 3390 4031 3461 περιπατοῦντα

2441 3492 2604 3547 αὐτὸν
2652 3493 2749 3546 καὶ
2824 3489 3372 3561 θαυματουργοῦντα.
3444 3489 3554 3540 Kal
3593 3486 3705 3555 γὰρ
3757 3486 3807 3537 οί
3862 3483 4035 3535 asilas

2445 3585 2725 3657 προφῆται
2780 3583 2878 3637 καὶ
2941 3582 3181 3652 βασιλεῖς
3243 3579 3603 3650 ἐπεθύμησαν
3652 3576 3754 3647 μὲν
3809 3574 3939 3627 ίδείν
3975 3574 4035 3623 ἐν

2441 3680 2609 3750 σαρκὶ
2654 3676 2747 3730 τὸν
2794 3674 3024 3746 Κύριον,
3065 3675 3161 3727 καὶ
3218 3672 3454 3727 ἀκοῦσαι
3495 3668 3661 3723 αὑτοῦ
3688 3709 3704 3730 .
3770 3666 3888 3720 ἀλλ’
3931 3664 4034 3743 οὐκ

2441 3774 2630 3844 ιτυχον
2674 3770 2889 3826 τούτου.
2921 3771 3035 3824 Καὶ
3075 3769 3248 3831 ἄλλως
3274 3768 3351 3831 δὲ,
3413 3763 3567 3819 Ἐπεὶ
3596 3759 3752 3816 εἶπεν
3780 3760 4033 3832 ἀνω,ιὸτι

2441 3858 2514 3936 Ὦ
2552 3867 2617 3919 ἀν
2655 3866 2683 3917 6
2717 3863 2848 3925 Υἱὸς
2878 3860 3229 3932 ἀποκαλύψῃ,
3259 3861 3464 3920 ἐκεῖνος
3492 3853 3751 3925 γινώσκει
3790 3847 3881 3904 τὸν
3916 3849 4033 3901 Πα-

2441 3956 2600 4027 τέρα,
2637 3954 2937 4025 μακαρίζει
2980 3953 3171 4006 λοιπὸν
3197 3952 3327 4015 τοὺς
3365 3948 3615 4020 μαθητὰς
3646 3946 3721 4008 ώς
3755 3944 3857 4013 τῆς
3892 3943 4031 3996 ἀπο-

2446 4045 2738 4117 καλύψεως
2762 4044 2967 4114 ταύτης
2991 4045 3276 4115 τυχόντας.
3316 4040 3692 4094 ’Δπεκάλνπτε
3713 4035 3825 4106 γὰρ
3851 4035 4034 4096 αὐτοῖς

761 4144 852 4197 τὸν
900 4141 1124 4211 Πατέρα
1166 4139 1233 4193 δι’
1274 4135 1462 4192 αὑτοῦ.
1512 4134 1573 4188 '0
1622 4134 1731 4206 γὰρ
1771 4132 1936 4188 αὐτὸν
1980 4134 2147 4206 ὀρῶν,
2192 4136 2340 4209 ἐώρα
2379 4140 2473 4195 τὸν
2497 4140 2743 4211 Πατέρα.
2776 4138 2983 4192 Τούτου
3031 4136 3089 4190 δι
3130 4134 3227 4189 τοῦ
3294 4132 3502 4201 ἀγαθοῦ
3535 4130 3711 4193 οὐδεὶς
3776 4126 3889 4181 τῶν
3927 4126 4035 4195 πρὸ

758 4238 859 4305 τῆς
901 4233 1169 4303 ὲνάάρκου
1225 4228 1542 4299 οἰκονομίας
1604 4226 1778 4294 ἁγίων
1828 4226 2089 4297 ιπέτυχεν
2116 4246 2129 4259 ’
2169 4232 2293 4285 ιπει
2330 4232 2441 4304 γὰρ
2472 4233 2573 4287 οὐκ
2606 4228 2751 4286 εἶδον
2820 4230 2916 4283 τὸν
2955 4228 3164 4297 Κύριον
3193 4228 3253 4281 εν
3293 4229 3480 4297 σαρκὶ,
3508 4224 3574 4277 δι’
3643 4214 3704 4275 οὗ
3750 4224 3780 4274 6
3843 4219 4035 4290 Πατὴρ

764 4325 1116 4396 ιγνωρίζετο,
1146 4321 1334 4374 λοιπὸν
1363 4321 1488 4373 οὐδὲ
1514 4319 1609 4373 τὸν
1656 4318 1879 4390 Πατέρα
1903 4313 2043 4372 εἶδον
2069 4320 2242 4386 οὕτως
2272 4323 2347 4386 ὡς
2380 4324 2432 4378 οι
2465 4322 2775 4379 ἀπόστολοι.

838 4415 1004 4471 Vens.
1040 4414 1231 4469 25-28.
1268 4432 1287 4465 ι
1324 4411 1391 4467 Et
1418 4425 1548 4467 ecce
1575 4410 1792 4479 quidam
1832 4409 2177 4482 legisperitus
2211 4429 2329 4470 sur-

2404 4421 2419 4475 Ι
2525 4434 2544 4468 ι
2606 4415 2722 4471 Kal
2785 4414 2895 4469 ιδοὺ
2949 4410 3170 4483 νομικός
3229 4425 3312 4473 τις
3374 4405 3612 4476 ἀνέστη,
3675 4399 4031 4473 ἐκπειράζων

760 4508 901 4565 rexit
953 4512 1167 4560 tentans
1223 4501 1407 4566 illum,
1463 4509 1520 4555 et
1574 4499 1801 4556 dicens:
1862 4499 2153 4571 Magister,
2216 4506 2345 4574 quid

761 4597 1011 4655 iaciendo
1071 4594 1239 4649 vitam
1276 4604 1538 4646 aeternam
1587 4591 1923 4660 possidebo?
1966 4592 2037 4647 At
2075 4593 2166 4648 ille
2208 4596 2345 4650 dixit

762 4690 930 4763 358
950 4688 1015 4742 ad
1047 4702 1172 4743 eum
1200 4700 1215 4739 :
1248 4684 1304 4739 in
1328 4683 1447 4755 lege
1471 4684 1601 4753 quid
1631 4682 1894 4753 scriptum
1927 4684 2049 4740 est?
2074 4688 2345 4755 quomodo

762 4781 951 4852 legis?
1003 4777 1096 4835 Ille
1153 4779 1491 4847 respondens
1545 4775 1729 4832 dixit:
1795 4774 2000 4847 Diliges
2057 4774 2343 4836 Dominum

761 4877 929 4932 Deum
961 4884 1111 4929 tuum
1138 4887 1205 4928 ex
1232 4880 1349 4927 toto
1378 4871 1544 4927 corde
1567 4878 1681 4936 tuo,
1706 4878 1762 4926 et
1786 4884 1853 4925 ex
1888 4879 1996 4925 tota
2024 4872 2203 4927 anima
2228 4882 2346 4941 tua,

764 4982 821 5031 et
857 4986 923 5027 ex
961 4970 1092 5026 totis
1127 4967 1339 5024 viribus
1370 4967 1512 5030 tuis,
1554 4974 1611 5021 et
1650 4979 1717 5021 ex
1756 4973 1865 5020 tota
1912 4975 2097 5022 mente
2132 4975 2258 5023 tua:
2286 4977 2345 5025 et

761 5065 1067 5137 proximum
1103 5070 1254 5117 tuum
1285 5060 1426 5116 sicut
1457 5057 1717 5129 teipsum.
1746 5056 2005 5130 Dixitque
2035 5058 2114 5115 illi
2140 5078 2153 5114 :
2179 5059 2347 5118 Recte

764 5155 1114 5225 respondisti,
1158 5154 1260 5207 hoc
1304 5150 1415 5218 fac,
1459 5158 1513 5205 et
1547 5150 1721 5205 vives.
1759 5168 1777 5201 ι
1813 5153 2093 5223 Arrogans
2124 5153 2345 5225 quidam

763 5246 1113 5320 legispcritus
1144 5245 1272 5309 fuit,
1323 5242 1433 5298 imo
1463 5243 1754 5313 superbus,
1807 5253 1868 5298 ut
1888 5258 1953 5299 ex
1988 5244 2074 5301 his
2104 5259 2225 5316 qua:
2256 5261 2341 5302 se-

761 5330 1004 5413 quuntur
1079 5335 1431 5390 manitestum
1491 5346 1612 5401 est,
1687 5335 1908 5405 insuper
1966 5345 2023 5391 et
2100 5335 2338 5392 dolosus.

760 5429 987 5487 Accedit
1050 5428 1237 5498 itaque
1299 5433 1516 5482 tentans
1609 5425 1916 5481 Dominum.
2008 5426 2343 5496 Opinabatur

763 5525 909 5581 enim
963 5520 1106 5592 quod
1182 5534 1248 5575 ex
1310 5520 1588 5589 responsis
1648 5520 1995 5591 supplantare
2054 5520 2343 5579 Dominum

764 5623 965 5689 posset.
1007 5614 1114 5670 Sed
1146 5614 1409 5669 Dominus
1437 5610 1588 5668 illum
1621 5613 1685 5667 ad
1728 5612 1901 5684 legem
1943 5614 2113 5681 ducit,
2150 5616 2203 5670 in
2236 5631 2341 5687 qua

845 5797 891 5828 "
919 5795 1105 5852 liattb.
1139 5810 1333 5861 xxvtn,
1358 5792 1444 5847 l8.
1523 5794 1569 5826 “
1595 5793 1782 5850 Matth.
1827 5801 1945 5861 xm,
1995 5794 2054 5849 δ.

2442 4507 2639 4574 αὐτὸν,
2698 4507 2795 4562 καὶ
2845 4506 3065 4574 λέγων’
3100 4500 3440 4563 Διδάσκαλε,
3494 4497 3548 4550 τί
3601 4496 3835 4564 ποιήσας
3890 4492 4034 4561 ζωὴν

2441 4598 2657 4653 αἰώνιον
2681 4597 3077 4671 κληρονομήσω
3087 4611 3111 4661 .;
3144 4593 3207 4647 '0
3228 4592 3286 4647 δι
3311 4585 3436 4645 εἷπε
3465 4587 3602 4660 πρὸς
3626 4586 3810 4641 αὐτόν·
3847 4586 3937 4639 Ἐν
3960 4583 4035 4655 τῷ

2440 4689 2593 4761 νόμῳ
2622 4689 2677 4744 τί
2708 4689 3060 4762 γάγραπτβη
3113 4684 3233 4749 πῶς
3262 4680 3699 4750 ἀναγινώσκειςς
3746 4676 3880 4731 Ὀδδ
3903 4677 4037 4729 ἀπο-

2442 4781 2656 4854 κριθεὶς
2688 4778 2880 4835 εῑπενο
2923 4778 3257 4848 ⁹Δγαπήσεις
3292 4774 3499 4845 Κύριον
3540 4769 3801 4829 τὸνθεόν
3842 4785 3940 4822 σου
3979 4769 4034 4832 ἐξ

2442 4874 2573 4945 ὅλης
2609 4873 2710 4944 τῆς
2734 4871 2961 4943 καρδίας
2993 4886 3087 4924 σου
3108 4910 3124 4936 ,
3156 4869 3251 4922 καὶ
3277 4867 3340 4933 ιξ
3368 4866 3496 4937 δλης
3537 4864 3641 4935 τῆς
3685 4862 3867 4933 ψυχῆς
3905 4878 4031 4927 σου,

2444 4967 2541 5019 καὶ
2570 4964 2630 5030 ἐξ
2652 4964 2780 5035 ὅλης
2802 4966 2901 5035 τῆς
2932 4961 3117 5033 ίσχύος
3146 4977 3263 5026 σου,
3296 4960 3394 5014 καὶ
3425 4959 3487 5023 ιε
3511 4956 3639 5026 ὅλης
3664 4956 3765 5026 τῆς
3796 4954 4033 5015 διανοίας

2444 5073 2538 5111 σου
2559 5095 2575 5122 ,
2605 5055 2703 5111 καὶ
2733 5054 2825 5111 τὸν
2854 5053 3083 5125 πλησίον
3111 5069 3207 5107 σου
3236 5048 3314 5116 ὡς
3345 5051 3561 5105 ἑαυτὸν.
3586 5043 3725 5103 Εῐπε
3750 5046 3808 5100 δὲ
3844 5045 3994 5115 αὐτῷ
4015 5061 4028 5075 °

2454 5149 2660 5224 Ὀρθῶς
2690 5148 2999 5221 ἀπεκρίθης
3020 5163 3033 5177 ·
3071 5147 3231 5202 τοῦτο
3256 5145 3438 5211 ποίει,
3473 5144 3570 5198 καὶ
3598 5144 3764 5213 ζήσῃ.
3812 5160 3830 5191 ι
3876 5141 4033 5193 Ἀλα-

2442 5245 2551 5311 ζών
2595 5261 2680 5309 τις
2712 5238 2783 5314 ἦν
2815 5244 2844 5296 6
2874 5240 3099 5311 νομικὸς
3123 5280 3139 5305 ,
3180 5238 3382 5311 μᾶλλον
3423 5236 3480 5291 δὲ
3524 5236 3882 5305 ὑπερήφανος
3904 5274 3917 5294 .
3965 5232 4032 5295 ὡς

2443 5337 2507 5390 εκ
2530 5337 2640 5391 τῶν
2670 5334 2800 5406 ἑξῆς
2820 5332 3122 5396 δείκνυται,
3160 5333 3223 5385 ού
3256 5332 3419 5401 μόνον
3442 5329 3522 5394 δὲ,
3548 5326 3687 5381 ἀλλά
3713 5325 3812 5378 καὶ
3842 5325 4028 5386 δόλιος.

2447 5430 2706 5501 Πρόσεισι
2730 5426 2863 5495 γοῦν
2887 5424 3235 5496 ικπειράζων
3256 5422 3349 5476 τὸν
3384 5421 3612 5493 Κύριον.
3647 5418 3809 5490 ’ῼετο
3832 5416 3945 5487 γὰρ
3967 5416 4030 5477 ὡς

2447 5520 2797 5576 ύποσκελίσει
2822 5518 3007 5584 αὑτὸν,
3040 5515 3099 5584 ἑξ
3130 5511 3205 5572 ὧν
3229 5514 3297 5570 ἂν
3322 5514 3459 5587 πρὸς
3484 5514 3650 5568 αὐτὸν
3680 5508 4027 5585 ἀποκριθείη.

2461 5614 2600 5669 Ἀλλ’
2627 5616 2659 5669 6
2703 5612 2910 5685 Κύριος
2958 5612 3054 5667 επὶ
3084 5610 3177 5665 τὸν
3206 5609 3373 5682 νόμον
3398 5606 3563 5664 αὑτὸν
3595 5604 3805 5677 ἀπάγει
3829 5643 3848 5673 ,
3886 5604 3969 5673 ιφ·
3991 5594 4029 5670 ᾧ
