4256 6432
233 394 345 459 845

975 393 1418 456 ENARRATIO
1458 393 1535 452 1N
1581 388 2082 453 EVANGELIUM
2126 389 2357 451 [ΑΜΕ.
2399 414 2467 425 -
2506 390 2669 451 CAP.
2706 389 2779 450 X.

3412 386 3518 451 846

241 507 387 576 μέγα
411 504 754 574 εὗρενθύετο.
782 505 922 575 Ὀρα
948 505 1004 558 δὲ
1040 506 1140 575 τὴν
1177 506 1272 558 τοῦ
1306 505 1472 574 νόμον
1508 504 1816 574 ἀκρίϐειαν,
1851 555 1855 565 ,

1937 507 2062 558 mire.
2100 505 2458 574 gloriabatur.
2497 504 2629 558 Vide
2664 515 2846 559 autem
2875 512 3082 572 quanto
3113 503 3299 558 studio
3324 505 3512 573 jubeat

233 596 357 661 ’πῶς
388 596 599 650 κελεύει
628 597 848 667 ἀγαπᾷν
879 597 970 648 τὸν
1002 595 1157 650 Θεόν.
1201 597 1258 648 Ὀ
1293 595 1582 665 ἄνθρωπος
1613 595 1818 647 τελειό-

234 689 393 759 τερὸν
429 689 544 741 ἐστι
597 688 816 742 πάντων
864 687 973 740 τῶν
1017 689 1375 755 κτισμάτων,
1420 685 1674 754 μετέχων
1720 685 1822 754 μὲν

360 780 542 834 αὐτῶν
589 779 840 848 πάντων,
873 780 1012 850 ἔχων
1044 778 1104 832 δέ
1140 797 1192 830 τι
1224 779 1320 832 καὶ
1363 778 1665 848 ιξαίρετον,
1708 772 1821 830 οἷόν

235 888 292 926 τι
333 872 499 940 λέγω·
538 871 770 940 Μετέχει
812 872 906 925 καὶ
950 867 1046 923 τοῦ
1074 869 1260 922 λίθου·
1300 867 1417 938 ἔχει
1447 868 1556 938 γὰρ
1590 865 1817 938 τρίχας.

232 966 456 1034 ὃνυχας,
492 963 799 1032 ἀναίσθητα
822 963 974 1027 ὅντα,
1001 961 1194 1032 ὥσπερ
1219 964 1247 1014 ὁ
1268 960 1435 1024 λίθος.
1460 962 1695 1030 Μετέχει
1727 959 1822 1013 καὶ

233 1056 331 1108 τοῦ
374 1056 566 1122 φυτοῦ,
617 1054 756 1110 καθὸ
793 1053 1040 1120 αὒξεται,
1077 1055 1172 1108 καὶ
1208 1054 1492 1124 τρέφεται,
1528 1052 1623 1106 καὶ
1658 1052 1824 1122 γεννᾷ.

233 1146 299 1198 σὺ
348 1146 565 1214 ὅμοιον,
617 1145 807 1218 ῶσπερ
848 1146 940 1200 καὶ
976 1149 1045 1200 τὰ
1088 1145 1251 1215 φυτά.
1287 1145 1524 1215 Μετέχει
1571 1146 1666 1197 καὶ
1715 1142 1822 1196 τῶν

235 1236 470 1303 ἀλόγων,
519 1237 651 1291 καθὸ
677 1237 789 1307 εχει
817 1222 916 1299 τάς
944 1236 1250 1308 αἰσθήσεις,
1280 1236 1374 1288 καὶ
1408 1233 1698 1303 θυμοῦται,
1727 1236 1824 1288 καί⁵

237 1328 518 1398 ἐπιθυμεῖ.
561 1329 797 1398 Μετὲχει
820 1328 878 1381 δὲ
905 1329 1000 1380 καὶ
1026 1327 1163 1381 Θεοῦ
1193 1328 1348 1396 παρα
1374 1329 1556 1382 πάντα
1587 1329 1657 1381 τα
1685 1328 1822 1383 ἄλλα

235 1417 375 1481 ζῶα,
417 1419 560 1471 κατά
610 1419 710 1487 τὴν
759 1420 954 1488 νοεράν
985 1419 1188 1489 ψυχήν.
1231 1419 1414 1473 Θέλων
1457 1418 1549 1472 οὖν
1577 1419 1750 1484 δεῖξαι
1796 1421 1825 1471 ὁ

236 1513 422 1580 νόμος,
470 1513 552 1564 ὅτι
594 1510 675 1563 δεῖ
706 1510 796 1562 τὸν
839 1508 1128 1579 ἄνθρωπον
1161 1511 1283 1563 ὅλον
1314 1508 1383 1562 δι’
1431 1509 1553 1563 ὅλου
1605 1510 1821 1577 ἑαυτὸν,

234 1603 421 1655 δοῦναι
460 1604 611 1673 θεῷ,
656 1604 748 1656 καὶ
796 1604 978 1666 πάσας
1023 1605 1122 1666 τὰς
1175 1604 1415 1673 ψυχικὰς
1451 1605 1710 1675 δυνάμεις
1745 1607 1827 1666 είς

232 1696 337 1767 τὴν
378 1697 598 1767 ἀγάπην
627 1696 722 1749 τοῦ
747 1695 1212 1761 Θεοῦ’ἀναλῶσαι,
1242 1696 1330 1749 διά
1364 1697 1465 1767 μὲν
1498 1697 1590 1751 τοῦ
1619 1699 1820 1761 εἰπεῖν.

235 1791 299 1854 ἐξ
326 1789 455 1862 δλης
497 1791 597 1860 τῆς
640 1790 885 1862 καρδίας,
925 1789 1025 1860 τὴν
1067 1789 1538 1860 σωματικωτέραν
1588 1791 1683 1844 καὶ
1726 1792 1824 1862 τὴν

235 1886 348 1946 τοῖς
387 1855 571 1953 τρυτοίς
606 1855 814 1936 οἰκείαν
859 1855 1095 1952 ἐδήλωσε
1121 1855 1375 1952 δθναμιν.
1414 1855 1515 1937 Ᾰιά
1540 1882 1597 1937 δὶ
1628 1882 1724 1937 τοῦ
1763 1855 1822 1951 ég
1857 1855 1898 1911 Β

234 1976 368 2046 ὅλης
399 1976 500 2043 τῆς
546 1975 757 2052 ψνχῆς,
804 1975 905 2046 τὴν
966 1975 1140 2044 μέσην
1196 1975 1291 2027 καὶ
1331 1977 1442 2038 τοῖς
1487 1975 1826 2046 αίσθητικοίς

238 2068 608 2138 ἁρμόζουσαν.
649 2068 746 2121 Διά
777 2068 832 2121 δὲ
883 2066 975 2120 τοῦ
1028 2066 1087 2131 ἐξ
1134 2068 1262 2139 ὅλης
1309 2069 1408 2137 τῆς
1449 2067 1717 2132 διανοίας,
1763 2067 1824 2120 το

241 2161 532 2215 ίδιαίτατον
563 2161 658 2213 τοῦ
691 2161 982 2232 ἀνθρώπου
1011 2161 1109 2231 τὴν
1143 2160 1336 2233 νοεράν
1365 2161 1545 2231 ψυχὴν
1575 2163 1824 2232 κατεμή-

237 2271 386 2308 was.
419 2255 490 2306 Τὸ
519 2254 576 2308 δὲ
600 2255 658 2318 ἐξ
680 2253 808 2323 ὅλης
841 2254 937 2322 τῆς
981 2253 1187 2322 ίσχύος,
1221 2254 1302 2317 είς
1332 2255 1512 2308 πάντα
1540 2254 1720 2308 ταῦτα
1747 2253 1827 2307 δεῐ

238 2347 383 2414 ἡμᾶς
418 2345 615 2398 ἕλκειν.
645 2346 736 2398 Δετ
767 2346 876 2415 γὰρ
907 2347 1055 2415 ἡμᾶς
1091 2345 1187 2399 καὶ
1208 2345 1307 2417 τὴν
1336 2345 1570 2416 φυτικὴν
1598 2343 1826 2415 δύναμιν

235 2441 335 2506 τῆς
362 2440 539 2509 ψυχῆς
565 2439 887 2494 ὑποτάττειν
912 2444 977 2510 τῇ
1005 2441 1193 2514 ἀγάπῃ
1221 2441 1314 2494 τοῦ
1351 2439 1612 2512 Χριστοῦ.
1664 2439 1827 2494 Ἀλλὰ

237 2530 355 2593 πῶς
381 2544 408 2595 ;‘
464 2531 718 2602 Ἰσχυρῶς
745 2571 760 2594 ,
809 2530 946 2584 ἀλλά
993 2532 1068 2601 μὴ
1115 2531 1515 2602 ἐκλελυμένως.
1575 2533 1683 2584 Καὶ
1728 2531 1826 2601 τὴν

233 2624 563 2694 αἰσθητικὴν
588 2663 602 2688 ,
645 2626 740 2679 καὶ
770 2625 992 2694 ταύτην
1026 2625 1262 2695 ίσχυρῶς
1287 2667 1302 2690 ,
1328 2627 1430 2680 ,καὶ
1464 2627 1563 2696 τὴν
1592 2626 1788 2695 νοεράν
1808 2668 1822 2690 ,

235 2718 334 2770 καὶ
361 2717 564 2785 ταύτην
587 2716 648 2781 ἐξ
677 2717 803 2788 ὅλης
829 2717 927 2785 τῆς
963 2718 1167 2787 ἰσχύος.
1196 2719 1360 2771 Ὥστε
1397 2719 1551 2781 ὅλους
1599 2720 1827 2780 ἑαυτοὺς

233 2809 529 2877 ὀφείλομεν
584 2809 785 2863 διδόναι
825 2809 982 2879 Θεῷ.
1023 2812 1118 2862 καὶ
1168 2811 1527 2874 ὑποτάττειν,
1577 2812 1672 2863 καὶ
1730 2811 1827 2880 τὴν

210 2889 584 2974 Ὃρεπτικὴν,
641 2903 736 2958 καὶ
801 2903 901 2972 τὴν
951 2903 1278 2971 αἰσθητικὴν
1341 2904 1434 2955 καὶ
1478 2903 1828 2972 διανοητικὴν

236 2996 398 3066 ἡμῶν
431 2997 661 3066 δύναμιν
689 2998 753 3067 τῇ
785 2996 976 3068 ἀγάπῃ
1009 2994 1101 3048 τοῦ
1131 2996 1288 3050 Θεοῦ.
1330 2997 1440 3050 Καὶ
1471 2996 1561 3049 τὶν
1599 2996 1828 3065 πλησίον

242 3107 338 3144 σου
377 3089 453 3152 ὼς
493 3089 735 3144 σεαυτόν.
785 3087 844 3141 '0
880 3090 1042 3156 νόμος
1073 3087 1229 3142 οὔπω
1268 3090 1338 3142 τα
1378 3090 1558 3143 τέλεια
1592 3090 1830 3158 δυιάμε-

237 3201 329 3243 νος
363 3181 633 3234 διδάσκειν
667 3180 755 3233 διὰ
802 3181 864 3232 τὸ
905 3181 1177 3251 νηπιῶδες
1211 3183 1321 3235 τῶν
1362 3183 1703 3246 ἀκουόντων,
1737 3182 1828 3234 τὴν

240 3274 470 3341 πλησίον
504 3273 723 3342 ἀγαπᾷν
755 3273 1124 3342 προτρέπεται
1151 3274 1227 3337 ὼς
1258 3274 1469 3327 ἑαυτὸν.
1517 3274 1574 3328 Ὀ
1605 3275 1660 3327 δὲ
1697 3275 1830 3343 Χρι-

244 3364 368 3426 στὸς
403 3365 495 3416 καὶ
529 3363 669 3432 ὑπὲρ
701 3364 894 3416 ἑαυτὸν
937 3365 1162 3434 ἀγαπᾷν
1201 3366 1292 3417 τὸν
1325 3365 1556 3436 πλησίον
1581 3365 1789 3428 ἐδίδαξε
1812 3383 1824 3395 ·

241 3455 486 3517 Μείζωα
519 3458 625 3524 γὰρ
675 3455 876 3526 ταύτης
930 3457 1187 3526 ἀγάπην,
1231 3458 1398 3525 φησὶ,
1442 3459 1542 3509 οὐκ
1591 3456 1707 3526 ἔχει
1746 3473 1862 3520 τις’

239 3549 437 3613 δείξαι,
469 3549 502 3620 ἢ
549 3549 755 3611 Euan;
783 3550 882 3616 τὴν
910 3538 1090 3620 ψυχὴν
1125 3550 1288 3604 αὖτοῦ
1327 3552 1392 3620 θῇ
1434 3550 1573 3622 ὑπὲρ
1600 3552 1708 3605 τῶν
1738 3554 1829 3619 φία-

240 3642 354 3694 λων
386 3641 572 3694 αὑτοῦ.
604 3642 764 3710 Λέγει
785 3640 877 3694 οὖν
897 3644 1031 3712 πρὶς
1059 3643 1148 3695 τὸν
1176 3644 1418 3711 νομικόν·
1463 3643 1670 3714 Ὀρθῶς
1703 3647 1833 3696 ἀπε-

242 3732 460 3802 κρίθης.
514 3733 664 3785 Ἐπεὶ
694 3736 824 3803 γὰρ,
856 3734 1042 3801 φησὶν,
1091 3734 1171 3786 ἔτι
1201 3735 1280 3803 τῷ
1315 3737 1464 3804 νόμῳ
1505 3736 1823 3790 ὑπόκεισαιι

240 3825 421 3899 ὀρθῶς
451 3825 720 3898 ἀποκρίνῃ
741 3845 757 3860 ο
791 3829 931 3882 κατά
963 3827 1054 3882 τὸν
1089 3829 1252 3898 νόμον
1279 3812 1388 3901 γὰρ
1417 3834 1649 3900 φρονεῖς.

331 4031 350 4063 ι
408 4011 466 4064 Ὀ
502 4011 561 4064 δὲ
617 4010 787 4064 θέλων
839 4011 1084 4064 δικαιοῦν
1119 4013 1353 4074 ἑαυτὸν,
1398 4007 1518 4063 εἷπε
1579 4012 1711 4080 πρὸς
1744 4011 1834 4064 τὸν

257 4105 489 4178 Ἰησοῦν⁹
523 4106 632 4158 Καὶ
661 4105 742 4166 τίς
776 4106 893 4156 ἐστι
924 4122 1024 4174 μου
1059 4105 1323 4175 πλησίον;
1374 4104 1694 4157 ’Υπολαδὼν
1719 4103 1774 4157 δὲ
1807 4107 1835 4157 ὁ

257 4197 506 4270 Ἰησοῦς,
570 4193 762 4250 εἷπεν·
804 4197 1126 4266 ’Ἄνθρωπός
1186 4214 1271 4259 τις
1345 4195 1667 4249 κατέϐαινεν
1729 4196 1837 4249 ἀπὸ

256 4290 622 4362 Ἰερουσαλὴμ
659 4291 738 4352 είς
793 4287 1038 4359 Ἱεριχὼ,
1077 4290 1169 4342 καὶ
1205 4289 1433 4359 λῃσταῖς
1469 4289 1834 4358 περιέπεσεν,

243 4385 296 4438 οἳ
342 4384 438 4436 καὶ
472 4382 794 4444 ἐκδύσαντες
832 4382 996 4434 αὐτὸν
1022 4419 1036 4444 ,
1083 4381 1179 4434 καὶ
1226 4381 1441 4448 πληγὰς
1477 4380 1795 4450 περιθέντες
1820 4421 1834 4446 ,

243 4476 512 4548 ἀπῆλθον,
560 4477 792 4545 ἀφέντες
828 4474 1070 4545 ἡμιθανῆ
1112 4475 1471 4544 τυγχάνοντα.
1515 4475 1670 4527 Κατὰ
1700 4490 1834 4543 συγ-

243 4571 445 4641 κυρίαν
473 4570 529 4622 δὲ
582 4569 759 4638 ἱερεύς
793 4585 874 4629 τις
919 4566 1240 4620 κατέϐαινεν
1270 4568 1330 4618 ὲν
1361 4569 1426 4637 τῇ
1465 4567 1572 4637 ὀδῷ
1606 4567 1794 4640 ἐκείνῃ
1819 4607 1834 4632 ,
1873 4552 1917 4607 Ῑ)

244 4663 342 4716 καὶ
375 4659 498 4714 ίδὼν
530 4659 693 4713 αὑτὸν
723 4657 1149 4727 ἀντιπαρῆλθεν.
1197 4657 1434 4724 Ὁμοίως
1461 4658 1518 4711 δὲ
1548 4656 1643 4711 καὶ
1675 4658 1840 4710 Λευί-

243 4754 667 4825 τηςγενόμενος
696 4753 839 4806 κατά
863 4751 952 4804 τὸν
986 4751 1153 4804 τόπον
1177 4749 1368 4813 ἐλθὼν,
1395 4753 1490 4804 καὶ
1527 4751 1651 4804 ἰδὼν
1678 4751 1841 4806 αὑτὸν

243 4848 640 4918 ἀντιπαρῆλθε.
688 4845 1037 4914 Σαμαρείτης
1077 4844 1135 4897 δὲ
1183 4843 1386 4897 die.qu
1420 4839 1554 4914 ἦλθε
1591 4846 1712 4897 κατ’
1743 4845 1840 4897 αὑ-

241 4943 362 5004 τὸν,
403 4942 498 4994 καὶ
542 4939 667 4992 ἰδὼν
709 4937 1154 5006 ἐσπλαγχνίσθη,
1186 4938 1279 4989 καὶ
1322 4936 1642 5007 προσελθὼν
1681 4937 1842 4990 κατι-

243 5035 378 5104 δησε
408 5035 475 5088 τὰ
503 5031 795 5103 τραύματα
825 5029 1022 5093 αὑτοῦ,
1056 5030 1295 5099 ἐπιχέων
1326 5029 1506 5083 ἔλαιον
1535 5030 1632 5082 καὶ
1676 5025 1838 5086 οἶνον.

259 5126 562 5188 Ἐπιὸάσας
609 5126 668 5178 δὲ
717 5123 880 5176 αὑτὸν
932 5123 1027 5176 ἐπὶ
1070 5124 1131 5176 τὸ
1166 5122 1298 5174 ῐδιον
1348 5122 1584 5190 κτῆνος,
1634 5121 1843 5191 ἢγαγεν

247 5219 414 5274 αὑτὸν
439 5219 518 5279 είς
543 5217 882 5285 πανδοχεῖον,
913 5216 1010 5267 καὶ
1040 5211 1359 5282 ἐπεμελήθη
1387 5213 1578 5265 αὑτοῦ.
1614 5215 1725 5266 Καὶ
1753 5216 1846 5267 ἐπὶ

245 5311 349 5381 τὴν
376 5309 570 5378 αὔριον
605 5307 861 5373 ἐξελθὼν,
894 5305 1141 5359 ἐκϐαλὼν
1171 5306 1264 5358 δύο
1292 5307 1527 5376 δηνάρια
1559 5305 1726 5358 ἔδωκε
1766 5306 1845 5376 τῷ

247 5403 530 5471 πανδοχεῖ,
566 5401 659 5454 καὶ
691 5396 845 5453 εἶπεν
899 5399 1046 5468 αὐτῷ
1071 5416 1082 5428 ·
1125 5398 1520 5469 Ἐπιμελήθητι
1555 5398 1718 5456 αὐτοῦ
1743 5400 1838 5452 και)⁵

246 5494 277 5547 ὃ
334 5511 388 5544 τι
420 5493 485 5546 ἀν
530 5492 1024 5564 προσδαπανήσῃς,
1068 5491 1180 5558 ἐγὼ
1219 5494 1278 5543 ὲν
1317 5490 1396 5559 τῷ
1435 5490 1838 5560 ἐπανέρχεσθαί

252 5602 356 5657 με,
390 5584 656 5639 ἀποδώσω
693 5601 795 5638 σοι.
834 5584 931 5646 Τίς
958 5579 1053 5636 οὖν
1088 5582 1198 5636 τῶν
1233 5581 1402 5652 τριῶν
1431 5581 1662 5652 πλησίον
1695 5583 1842 5635 δοκεῖ

253 5696 336 5730 σοι
383 5679 665 5746 γεγονέναι
704 5675 798 5729 τοῦ
829 5676 1166 5747 ἐμπεσόντος
1206 5677 1284 5738 είς
1311 5675 1439 5737 τοὺς
1482 5673 1730 5746 λῃστάς;
1781 5676 1842 5728 '0

323 5864 398 5931 (α)
430 5858 573 5917 Edit.
603 5859 724 5916 Lut.
756 5876 861 5916 non
890 5859 1073 5923 habet.
1101 5875 1163 5914 ac
1188 5856 1349 5927 gignit
1382 5855 1480 5912 sibi
1505 5855 1696 5911 simile.

1925 598 2006 651 lex
2044 596 2208 650 Deum
2239 611 2449 651 amare.
2507 596 2680 651 llonto
2713 603 3091 651 creaturarum
3131 597 3374 650 omnium
3434 610 3520 651 est

1925 689 2358 756 pert'ettissituus
2412 698 2466 743 et
2523 688 2799 759 particeps
2859 696 3069 742 natura:
3126 687 3414 749 omnium,
3465 699 3521 741 et
3584 691 3586 693 ’

1923 789 2184 849 pr.cterea
2235 780 2490 848 quiddam
2541 778 2833 834 sublimius
2868 777 3097 833 habens.
3155 776 3227 832 Ut
3279 779 3516 844 exempli

1925 873 2097 941 gratia
2141 873 2270 940 quid
2306 871 2524 927 dicam:
2557 870 2838 938 Particcps
2884 879 2965 924 est
3021 877 3232 924 natura:
3277 869 3472 937 lapidis
3504 889 3516 922 :

1926 965 2090 1019 habet
2119 965 2267 1020 enim
2299 965 2527 1034 capillos
2563 974 2618 1019 et
2647 976 2879 1031 ungues,
2909 977 3030 1032 qua:
3060 962 3340 1017 insensata
3370 973 3515 1028 sunt,

1926 1058 2386 1128 quemadmodum
2421 1057 2580 1126 lapis.
2612 1055 2896 1125 l’articcps
2927 1066 3010 1112 est
3044 1066 3097 1111 et
3127 1065 3340 1110 natura:
3367 1055 3522 1124 pinn-

1928 1159 2126 1213 tarum,
2153 1149 2454 1204 secundum
2483 1149 2626 1216 quod
2655 1150 2855 1202 crescit
2881 1155 2935 1202 et
2969 1148 3230 1214 nutritur,
3263 1163 3326 1202 ac
3351 1147 3522 1216 gignit

1927 1241 2029 1296 sibi
2065 1241 2244 1295 simile
2285 1240 2389 1311 (α),
2437 1242 2581 1296 sicut
2640 1249 2695 1294 et
2731 1242 2944 1310 plantm.
2999 1239 3285 1309 Particeps
3332 1251 3415 1295 est
3469 1253 3524 1294 et

1929 1344 2138 1388 natura:
2173 1334 2481 1395 brutorunt.
2520 1335 2822 1388 secundum
2850 1334 2992 1402 quod
3026 1332 3189 1387 habet
3224 1349 3440 1396 sensus,
3470 1343 3524 1387 et

1931 1429 2211 1494 irascitur,
2269 1443 2324 1481 et
2372 1428 2731 1496 concupiscit.
2790 1427 3070 1496 Particeps
3117 1437 3204 1482 est
3251 1437 3431 1481 autem
3470 1437 3525 1479 et

1933 1517 2024 1573 Dei
2060 1518 2216 1588 juxta
2271 1519 2594 1573 rationalem
2643 1520 2924 1584 animam,
2963 1533 3127 1587 supra
3180 1519 3362 1574 omnia
3416 1520 3519 1572 alia

1932 1612 2257 1666 animantia.
2292 1611 2485 1680 itaque
2519 1611 2603 1665 lex
2637 1611 2928 1666 ostendere
2971 1610 3155 1666 volens
3186 1613 3327 1678 quod
3359 1611 3522 1666 homo

1931 1704 2126 1759 debeat
2159 1718 2282 1758 sese
2326 1713 2495 1757 totum
2528 1704 2745 1756 tradere
2779 1703 2912 1769 Dcu,
2960 1714 3014 1757 et
3044 1718 3232 1756 omnes
3261 1703 3524 1757 animales

1933 1799 2161 1851 virtutes
2193 1796 2469 1848 insumere
2521 1795 2570 1847 in
2622 1794 2969 1848 dilectionem
3027 1794 3144 1857 Dei,
3195 1809 3260 1847 eo
3300 1793 3520 1862 quidem

1931 1889 2074 1958 quod
2108 1889 2269 1954 dixit,
2330 1902 2396 1941 es
2454 1897 2568 1942 toto
2614 1886 2802 1949 corde,
2859 1886 3191 1941 crassiorem
3238 1897 3290 1939 et
3326 1887 3526 1954 plantis

1932 1985 2208 2054 propriam
2241 1982 2543 2037 declaravit
2570 1981 2855 2036 virtutem.
2917 1980 3156 2035 Diceudo
3207 1989 3426 2045 autem,
3457 1997 3524 2037 ex

1933 2087 2048 2132 tcta
2084 2078 2286 2142 anima,
2314 2077 2546 2131 mediam
2577 2075 2842 2138 ostendit,
2877 2082 2929 2130 et
2955 2076 3193 2130 sensatis
3220 2090 3525 2145 congruen-

1931 2179 2062 2224 tem.
2105 2169 2210 2225 Per
2239 2175 2342 2223 hoc
2386 2179 2566 2223 autem
2620 2168 2763 2237 quod
2819 2164 2972 2230 dicit,
3031 2181 3097 2220 ex
3150 2176 3258 2221 tota
3319 2176 3521 2226 mente.

1932 2262 2140 2319 homini
2171 2261 2412 2316 maxime
2438 2261 2717 2330 propriam
2748 2259 2856 2312 vim
2901 2258 3252 2328 signiﬁcavit,
3284 2257 3522 2310 animam

1932 2355 2279 2412 rationalem.
2323 2354 2490 2409 Porro
2525 2352 2670 2422 quod
2703 2352 2866 2414 dicit,
2906 2365 2970 2404 ex
3018 2360 3131 2405 tota
3183 2348 3524 2412 fortitudine,

1931 2450 1999 2504 ad
2051 2449 2234 2503 omnia
2285 2437 2402 2502 hzec
2463 2445 2806 2501 trahendum.
2863 2443 3093 2513 Oportet
3147 2442 3292 2497 enim
3344 2451 3522 2496 noset

1935 2541 2236 2594 naturalem
2273 2555 2336 2594 ac
2374 2539 2738 2609 vegetativam
2768 2539 3024 2591 virtutem
3053 2536 3326 2606 subjicere
3355 2536 3527 2590 dilec-

1935 2634 2066 2687 tioni
2098 2631 2328 2687 Christi.
2368 2632 2476 2686 Sed
2504 2630 2825 2700 quomodo?
2860 2630 3100 2684 Fortiter
3129 2641 3183 2684 ct
3216 2645 3320 2684 noa
3357 2629 3529 2683 disso-

1933 2725 2064 2778 lutc.
2098 2723 2162 2778 Et
2203 2725 2350 2779 sensi
2381 2723 2549 2784 ivam,
2595 2732 2762 2791 atque
2811 2722 2959 2777 illam
3009 2722 3248 2777 fortiter.
3285 2720 3530 2785 Denique

1933 2823 1990 2866 ct
2023 2811 2365 2877 rationalem,
2407 2821 2570 2879 atque
2622 2810 2770 2863 illam
2818 2825 2882 2864 cx
2923 2820 3033 2864 tota
3075 2811 3298 2864 virtute.
3355 2810 3530 2877 Atque

1933 2907 2009 2960 ita
2041 2905 2321 2973 debemus;
2352 2918 2451 2957 nos
2507 2912 2652 2957 totos
2694 2901 2829 2956 dare
2877 2899 3010 2969 Deo,
3057 2900 3435 2969 subjicereque
3476 2910 3533 2953 ct

1935 2998 2276 3063 nutritivam,
2314 3005 2369 3050 et
2399 2996 2745 3061 sensitivam,
2798 3003 2854 3050 et
2907 2993 3229 3049 ratiOualctn
3280 3003 3528 3048 nostram

1935 3091 2198 3145 virtutem
2231 3089 2508 3144 dilecuoni
2546 3087 2665 3141 Dei.
2713 3087 2780 3140 Et
2827 3087 3140 3156 proximum
3195 3096 3345 3140 tuum
3387 3086 3532 3140 sicut

1877 3183 2188 3259 Iteipsum.
2233 3179 2345 3234 Lex
2397 3180 2635 3234 nondum
2685 3177 2872 3233 valens
2927 3178 3172 3249 perfecta
3229 3178 3428 3232 docere
3460 3178 3530 3231 ob

1939 3275 2250 3328 auditorum
2275 3271 2666 3342 puerilitatem,
2691 3270 3007 3341 proximum
3030 3270 3259 3340 diligere
3279 3271 3533 3325 hortatur

1940 3378 1992 3420 ut
2041 3368 2300 3436 seipsum.
2356 3363 2612 3420 Christus
2656 3373 2838 3419 autem
2879 3374 2932 3418 et
2968 3363 3254 3433 plusquam
3292 3364 3532 3429 seipsum

1938 3458 2164 3527 diligere
2201 3456 2506 3524 proximum
2542 3455 2744 3509 docuit.
2774 3453 3030 3522 Majorem
3061 3453 3206 3508 enim
3238 3452 3342 3506 hac
3369 3452 3537 3506 dilec-

1939 3551 2165 3615 tionem,
2230 3549 2426 3618 inquit,
2483 3563 2644 3603 nemo
2674 3549 2934 3603 exhibere
3000 3555 3201 3616 potest,
3261 3564 3424 3618 quam
3476 3560 3537 3604 ut

1939 3644 2177 3697 animant
2228 3642 2380 3696 suam
2429 3649 2595 3711 ponat
2632 3642 2758 3708 quis
2804 3656 2903 3710 pro
2960 3641 3151 3696 amicis
3200 3641 3334 3696 suis.
3395 3642 3536 3695 Dicit

1938 3734 2103 3804 igitur
2125 3734 2190 3788 ad
2219 3734 2614 3804 legisperitum,
2637 3732 2806 3788 Recte
2832 3732 3179 3802 respondiSti.
3202 3730 3336 3796 Quia
3359 3734 3534 3800 enim,

1940 3829 2123 3880 dicere
2156 3827 2292 3891 vult,
2334 3823 2435 3895 legi
2473 3827 2652 3881 adhuc
2682 3825 2962 3903 subjectus
2999 3841 3079 3890 es,
3119 3837 3268 3882 recte
3305 3841 3533 3896 resltou-

1941 3917 2066 3971 disti
2092 3935 2105 3984 ;
2134 3919 2291 3986 juxta
2325 3917 2496 3986 legem
2529 3919 2675 3971 enim
2703 3918 2872 3986 sapis.

2014 4008 2397 4066 \’ens.29-57.
2438 4029 2456 4062 ι
2500 4010 2593 4064 ille
2641 4021 2822 4064 autem
2862 4011 3050 4066 volens
3073 4012 3380 4081 justilicare
3429 4013 3539 4065 se'—

1943 4118 2119 4173 psunt,
2153 4103 2293 4157 dixit
2327 4103 2393 4158 ad
2423 4102 2608 4158 Jesum
2639 4122 2650 4157 :
2687 4103 2752 4156 Et
2777 4104 2905 4173 quis
2935 4117 3016 4159 est
3043 4120 3196 4160 meus
3223 4107 3468 4174 proximu
3515 4111 3538 4159 Υ

1942 4195 2296 4264 llespoudens
2329 4209 2510 4250 autem
2537 4196 2719 4260 Jesus,
2754 4198 2927 4252 dixit:
2955 4196 3128 4252 llomo
3161 4199 3382 4268 quidam
3415 4201 3538 4253 des-

1942 4287 2206 4341 cendebat
2257 4287 2326 4340 ab
2373 4286 2766 4358 Hierosolymis
2810 4288 2861 4341 itt
2918 4287 3198 4352 Hiericho,
3247 4298 3301 4343 et
3347 4291 3539 4342 incidit

1944 4378 1995 4431 in
2033 4377 2295 4441 latrones,
2321 4379 2410 4448 qui
2441 4379 2604 4432 etiam
2632 4380 3075 4447 despoliaveruut
3116 4396 3240 4432 eum
3270 4381 3536 4443 νρςιίιιυς,

1945 4485 2009 4525 ac
2040 4470 2356 4525 vulneribus
2406 4468 2625 4525 inﬂictis
2659 4471 2914 4525 abierunt
2962 4472 3322 4526 semimortua
3372 4473 3540 4543 349

1944 4563 2162 4618 delicto.
2200 4561 2413 4617 Accidit
2449 4573 2629 4616 autem
2677 4572 2737 4616 ut
2773 4565 3032 4617 sacerdos
3059 4564 3278 4632 quidam
3309 4567 3542 4618 desceu‘

1940 4654 2092 4709 deret
2123 4653 2311 4707 eadem
2344 4653 2454 4716 via,
2508 4654 2736 4722 visoque
2786 4654 2876 4707 illo
2916 4656 3199 4722 praeteriit.
3268 4653 3541 4709 Similiter

1942 4753 1993 4798 ct
2031 4743 2220 4798 Levita
2271 4759 2395 4798 cum
2435 4745 2538 4798 iret
2585 4745 2738 4813 juxta
2778 4745 2993 4810 locum,
3029 4761 3092 4799 ac
3121 4748 3348 4800 vidisset
3381 4764 3538 4808 eum,

1942 4836 2229 4907 praeteriit.
2265 4836 2644 4890 Samaritanus
2674 4847 2856 4890 autem
2889 4837 3111 4906 quidam
3162 4839 3266 4892 iter
3308 4837 3538 4896 faciens.

1945 4932 2093 4985 venit
2125 4930 2190 4983 ad
2227 4946 2386 4984 eum:
2425 4940 2479 4983 et
2516 4929 2633 4984 viso
2664 4945 2768 4993 eo,
2801 4932 3176 4985 misericordia
3213 4943 3395 4986 motus
3434 4946 3540 4999 est,

1944 5035 2000 5076 ct
2028 5025 2294 5078 accedens
2335 5023 2576 5093 alligavit
2610 5022 2830 5076 vulnera
2864 5024 3011 5092 ejus,
3043 5022 3333 5079 infundens
3359 5028 3538 5082 oleum

1946 5131 2010 5168 ac
2041 5117 2261 5168 vinum:
2295 5127 2349 5168 et
2382 5116 2670 5185 imponens
2724 5117 2875 5168 illum
2926 5116 2978 5169 Eu
3018 5132 3174 5170 suum
3209 5120 3542 5187 jumeutum,

1945 5207 2101 5258 duxit
2129 5206 2181 5258 in
2208 5205 2598 5268 diversorium,
2621 5217 2677 5259 et
2698 5221 2887 5260 curam
2918 5207 3038 5277 ejus
3069 5209 3200 5277 egit.
3226 5209 3293 5262 Et
3323 5222 3545 5279 postem

1947 5299 2035 5352 die
2090 5299 2408 5368 egrediens,
2479 5298 2834 5369 depromptos
2887 5303 3021 5356 duos
3079 5303 3334 5357 denarios
3395 5305 3548 5358 dedit

1954 5391 2174 5461 hospiti,
2198 5400 2253 5445 et
2277 5391 2352 5443 ait
2379 5390 2427 5444 ei
2455 5409 2468 5444 :
2500 5391 2702 5446 Curam
2731 5384 2878 5445 illius
2907 5394 3082 5460 habe;
3109 5410 3162 5448 et
3187 5395 3553 5465 quodcunque

1953 5494 2216 5552 praetcrea
2250 5485 2631 5553 insumpseris,
2662 5501 2762 5555 ego
2787 5503 2907 5540 cum
2937 5488 3151 5543 rediero
3177 5490 3399 5543 reddam
3429 5490 3545 5542 tibi.

1954 5577 2088 5644 Quis
2112 5593 2242 5650 ergo
2271 5579 2466 5632 horum
2505 5579 2666 5633 trium
2696 5581 2909 5634 videtur
2937 5583 3030 5637 tibi
3062 5586 3346 5654 proximus
3387 5582 3553 5635 fuisse

1955 5673 2032 5730 illi
2073 5675 2166 5743 qui
2195 5674 2389 5729 incidit
2418 5675 2470 5729 in
2506 5674 2795 5731 latrones?
2822 5677 2890 5730 At
2924 5676 3012 5733 ille
3047 5677 3178 5732 dixit
3207 5693 3220 5731 ε
3257 5676 3360 5744 Qui
3392 5690 3554 5731 excr-
