4256 6432
789 420 890 482 817

1697 406 2268 470 THEOPIIYLACTI
2300 399 2707 465 BULGARI/E
2746 396 3101 460 ARCHIEP.

3930 384 4046 451 ειε

793 541 901 590 cuit
933 534 1358 591 misericm-diam
1401 531 1452 582 in
1485 529 1651 583 illum.
1701 525 1788 579 Ait
1831 524 1995 593 igitur
2040 522 2117 576 illi
2158 520 2351 576 Iesus:
2384 517 2474 577 Αε

2384 524 2428 577 Α
2455 515 2509 569 δὲ
2542 510 2692 566 εἶπεν
2718 530 2730 544 ·
2774 512 2832 565 '0
2854 512 3085 579 ποιήσας
3115 508 3173 560 τὸ
3194 506 3342 570 ἔλεος
3376 506 3491 576 μετ’
3523 504 3706 560 αὐτοῦ.
3744 498 3913 557 Εἶπεν
3939 504 4041 559 οῦν

793 629 959 692 Vade,
996 638 1050 682 et
1085 637 1137 678 tu
1173 626 1253 677 fac
1300 621 1570 677 similiter.
1615 636 1632 669 ι
1685 616 1957 669 Laudatus
2002 629 2031 668 a
2070 613 2351 668 Salvatorc

790 717 1148 787 lagisperitus,
1175 711 1407 782 prodidit
1431 708 1770 764 insolentiam
1796 707 1983 759 animi.
2008 703 2347 759 Dixitenim:

791 810 856 867 Et
880 808 1001 877 quis
1031 817 1115 860 est
1161 820 1313 859 meus
1352 803 1672 872 proximus?
1718 798 2076 854 Existimabat
2117 796 2261 851 enim
2293 812 2352 853 se

783 898 986 970 justum
1046 911 1203 958 esse,
1261 894 1571 962 nullumque
1626 891 1825 946 habere
1871 890 1971 945 sibi
2016 888 2247 944 similem
2298 896 2352 943 et

787 990 1094 1060 proximum
1126 986 1324 1039 virtute
1350 1003 1362 1036 :
1393 993 1590 1050 putans
1616 983 1787 1037 solum
1813 980 2019 1050 justum
2052 980 2197 1047 justo
2227 994 2350 1049 pro-

788 1081 991 1134 ximum
1016 1093 1155 1133 esse.
1187 1076 1421 1131 Proinde
1448 1074 1632 1129 volens
1669 1072 1971 1141 justitlcare
2005 1074 2264 1139 seipsum,
2296 1078 2349 1124 et

787 1170 971 1226 extolli
1016 1183 1178 1238 super
1210 1181 1411 1222 'omncs
1444 1165 1710 1231 homines,
1744 1164 2092 1226 insolescens,
2124 1161 2302 1231 inquit
2331 1178 2345 1215 :

786 1264 853 1318 Et
882 1264 1003 1333 quis
1031 1270 1114 1316 est
1155 1261 1428 1330 proximus
1473 1244 1664 1312 meus?
1689 1255 1941 1310 Salvator
1970 1263 2172 1320 autem,
2214 1267 2349 1321 quo-

786 1356 929 1409 niam
960 1354 1214 1410 Conditor
1242 1352 1353 1420 ipsc
1385 1359 1539 1413 erat,
1592 1347 1773 1403 sciens
1819 1356 1935 1401 nos’
1967 1361 2155 1401 omnes
2185 1360 2346 1401 unam

784 1458 1109 1510 creaturam,
1159 1460 1261 1499 non
1311 1444 1565 1513 operibus
1596 1456 1768 1513 neque
1814 1440 2201 1510 dignitatibus,
2253 1438 2348 1495 scd

782 1550 972 1595 natura
1007 1538 1194 1593 detlnit
1233 1537 1565 1609 proximum.
1613 1533 1694 1590 Ne
1732 1534 1895 1605 igitur
1926 1544 2101 1604 putes,
2148 1532 2346 1604 inquit,

780 1632 905 1703 quia
928 1632 1107 1701 justus
1136 1643 1217 1695 es,
1265 1628 1407 1697 quod
1447 1626 1626 1682 nullus
1657 1626 1751 1680 tibi
1794 1626 1990 1681 similis
2031 1624 2123 1679 sit.
2149 1625 2347 1680 Omnes

779 1722 921 1777 enim
956 1720 1047 1790 qui
1082 1717 1327 1788 ejusdem
1377 1726 1585 1773 natura:
1627 1726 1773 1783 sunt,
1825 1716 2055 1787 proximi
2087 1714 2163 1769 tui
2198 1724 2342 1770 sunt.

781 1810 871 1867 Sis
900 1811 1063 1882 igitur
1094 1811 1331 1865 vicissim
1366 1818 1420 1863 et
1463 1817 1519 1863 tu
1567 1808 1671 1863 illis
1703 1808 2016 1878 proximus:
2064 1821 2170 1861 non
2204 1806 2341 1870 loco,

778 1902 873 1958 sed
902 1900 1186 1957 atl'ectione
1214 1908 1270 1957 et
1294 1900 1472 1956 studio
1507 1914 1633 1969 erga
1665 1900 1804 1954 illos.
1838 1899 2047 1955 Idcirco
2076 1909 2129 1955 et
2154 1899 2346 1954 Sama-

778 1993 1019 2047 ritanum
1055 1992 1347 2047 introducit
1400 1992 1454 2046 in
1499 1990 1825 2060 exemplum,
1865 1998 1922 2045 ut
1955 1990 2051 2045 tibi
2082 1998 2342 2045 monstret

776 2085 919 2152 quod
960 2085 1083 2138 licet
1128 2085 1215 2137 hic
1242 2085 1349 2137 vita
1384 2084 1736 2152 discreparet,
1774 2082 2054 2150 proximus
2083 2090 2261 2136 tamen
2293 2081 2341 2137 ci

775 2183 891 2229 erat
916 2174 1007 2243 qui
1046 2173 1395 2227 miseratione
1419 2171 1636 2241 dignus.
1669 2170 1759 2225 Sic
1790 2178 1844 2223 et
1875 2179 1928 2224 ιιι
1967 2169 2344 2239 compassionc

774 2266 1080 2333 proximum
1114 2272 1166 2317 te
1216 2262 1290 2315 illi
1320 2260 1537 2325 exhibe,
1579 2270 1633 2316 et
1660 2272 1851 2329 sponte
1880 2275 1943 2314 ac
1978 2275 2084 2314 non
2122 2268 2342 2314 vocatus

774 2357 827 2409 in
871 2356 1015 2410 illius
1043 2354 1343 2408 subsidium
1381 2367 1562 2408 curre.
1614 2352 1879 2407 Docemur
1930 2352 2095 2421 igitur
2138 2361 2192 2405 et
2239 2352 2343 2407 hoc

771 2446 894 2500 loco
928 2460 1022 2514 per
1047 2445 1361 2513 parabolam
1410 2452 1472 2497 ut
1515 2445 1685 2512 parati
1736 2445 1903 2497 simus
1932 2444 1996 2497 ad
2032 2442 2343 2499 misericor-

772 2538 950 2600 diam,
1003 2546 1058 2590 ct
1088 2550 1349 2589 conemur
1394 2548 1515 2589 esse
1559 2534 1790 2603 proximi
1829 2533 1915 2587 his
1952 2534 2041 2601 qui
2098 2534 2341 2601 indigent

770 2638 958 2683 nostro
989 2627 1251 2682 subsidio.
1292 2624 1458 2682 Docet
1484 2635 1662 2679 autem
1690 2635 1743 2680 et
1772 2635 1969 2694 quanta
2002 2625 2095 2681 Dei
2129 2626 2341 2681 bonitas

771 2738 901 2795 erga
936 2723 1204 2777 homines.
1246 2720 1616 2776 Descendebat
1654 2722 1796 2775 enim
1830 2722 2061 2775 humana
2091 2731 2282 2776 natura
2310 2736 2340 2773 a

774 2812 1140 2876 Hierusalem,
1172 2812 1273 2867 hoc
1299 2821 1402 2878 est,
1434 2826 1465 2866 ι
1507 2812 1795 2880 tranquilla
1835 2823 1890 2867 et
1939 2813 2159 2882 paciﬁca
2208 2814 2337 2869 vita.

770 2906 1106 2961 Hierusalem
1161 2906 1305 2960 enim
1369 2904 1755 2973 interpretatur
1812 2905 1945 2959 visio
1997 2907 2166 2975 pacis.
2223 2905 2341 2973 Quo

770 3009 949 3054 autem
982 2997 1382 3055 descendebat}?
1430 2996 1487 3050 In
1528 2996 1780 3052 Hiericho
1818 2996 2096 3060 humilem,
2137 3013 2338 3052 conca-

767 3107 912 3158 vam,
946 3102 996 3146 ct
1021 3101 1150 3146 mstu
1174 3089 1548 3153 suﬂ'ucantcm,
1579 3090 1682 3143 hoc
1712 3097 1817 3155 est,
1850 3090 2012 3143 vitam
2044 3090 2341 3146 alfectioiti-

2455 605 2603 677 αύτῴ
2631 607 2659 658 ό
2705 603 2910 674 Ἰησοῦς
2935 619 2949 634 ·
2988 600 3231 671 Πορεύου
3252 642 3268 665 ,
3329 598 3424 651 καὶ
3461 599 3524 652 σὺ
3557 598 3695 651 ποίει
3726 597 3972 677 λόμοίως.
4014 616 4034 649 ι

2467 673 2803 758 Ἐπαινεθεις
2852 695 2958 748 ὑπὸ
2989 692 3083 747 τοῦ
3130 692 3382 762 Σωτῆρος
3410 692 3437 743 ό
3482 673 3733 759 νομικὸς,
3762 688 3861 758 τὴν
3901 689 4038 742 ἀλα-

2453 789 2662 854 ζονείαν
2691 786 3005 859 ἐξέρρηξεν.
3034 779 3172 837 Εἶπε
3205 782 3336 853 γάρ’
3370 780 3479 835 Καὶ
3503 779 3587 844 τίς
3617 780 3731 832 ἐστί
3764 796 3865 849 μου
3896 778 4038 849 πλη-

2454 879 2597 944 alca;
2626 879 2785 949 ᾬετο
2813 876 2920 947 γάρ
2953 877 3034 928 ὅτι
3071 873 3277 936 δίκαιος
3308 870 3404 936 ὢν,
3443 870 3631 923 οὐδένα
3669 869 3815 940 ἔχειν
3845 870 4037 938 ὅμοιον

2452 971 2650 1043 ἐαυτῷ,
2690 970 2785 1024 καὶ
2830 966 3199 1039 πλησιάζοντα
3237 965 3380 1018 κατὰ
3407 964 3505 1035 τὴν
3539 964 3761 1035 ἀρετήν.
3797 963 4039 1033 Πλησίον

2451 1064 2561 1135 γάρ
2614 1062 2776 1133 μόνον
2821 1061 3047 1131 ἤλπιζεν
3098 1054 3241 1113 εἶναι
3287 1057 3380 1112 τὸν
3426 1056 3633 1111 δίκαιον
3683 1056 3765 1121 τῷ
3810 1056 4033 1124 δικαίῳ.

2450 1155 2633 1209 Θέλων
2659 1148 2753 1207 οῦν
2800 1151 3045 1206 δικαιοῦν
3087 1149 3278 1203 ἐαυτὸν
3326 1146 3422 1202 καὶ
3456 1146 3781 1216 ὑπεραίρειν
3812 1146 4038 1201 πάντων

2449 1245 2755 1318 ἀνθρώπων
2776 1285 2790 1311 ,
2822 1241 3280 1312 ἀλαζονευόμενός
3310 1255 3476 1310 φησι·
3504 1240 3614 1293 Καὶ
3642 1238 3727 1301 τίς
3774 1238 3891 1291 ἐστί
3929 1254 4038 1307 μου

2450 1337 2712 1407 πλησίον;
2750 1336 2809 1389 ’0
2829 1336 2886 1388 δέ
2915 1334 3125 1405 Σωτὴρ,
3155 1333 3251 1387 ἀτε
3277 1333 3340 1404 δὴ
3371 1331 3607 1400 Ποιητὴς
3630 1328 3727 1395 ὢν,
3760 1330 3855 1383 καὶ
3877 1329 4039 1392 εἰδὼς

2451 1431 2659 1493 πάντας
2712 1427 2770 1482 ἐν
2817 1426 3079 1498 πλάσμα,
3114 1426 3175 1479 ού
3229 1426 3351 1489 ταῖς
3393 1422 3695 1495 πράξεσιν,
3749 1423 3875 1477 οὐδὲ
3919 1425 4039 1485 τοίς

2450 1522 2776 1594 ἀξιώμασιν,
2807 1503 2944 1577 ἀλλά
2964 1522 3030 1591 τῇ
3057 1519 3218 1589 φύσει
3247 1518 3492 1590 ὁρίζεται
3532 1518 3625 1571 τὸν
3662 1516 3913 1586 πλησίον.
3939 1514 4036 1586 κὴ

2449 1614 2557 1685 γὰρ
2586 1614 2794 1684 νόμιζε,
2825 1613 3011 1683 φησὶν,
3040 1613 3124 1666 δτι
3157 1610 3350 1681 ἐπειδὴ
3374 1609 3582 1673 δίκαιος
3617 1604 3687 1675 εί,
3730 1607 3907 1672 οὐδείς
3948 1606 4035 1659 σοί

2448 1706 2601 1760 ἐστιν
2628 1706 2832 1776 ὅμοιος.
2880 1703 3090 1767 Πάντες
3129 1702 3240 1774 γάρ
3270 1701 3461 1771 οί.τῆς
3494 1699 3665 1770 αὐτῆς
3692 1698 3909 1770 φύσεως
3941 1715 4040 1751 κε-

2448 1799 2841 1869 κοινωνηκότες
2888 1797 3117 1868 πλησίον
3180 1796 3277 1850 σού
3315 1796 3448 1849 είσι.
3498 1792 3665 1847 Γενοῦ
3711 1793 3895 1846 τοίνυν
3938 1794 4039 1848 καὶ

2446 1894 2611 1958 αὐτὸς
2644 1891 2874 1964 πλησίον
2903 1892 3116 1957 αὐτοῖς,
3152 1891 3214 1945 οὐ
3256 1888 3335 1961 τῷ
3382 1888 3555 1960 τόπῳ,
3589 1887 3730 1942 ἀλλά
3760 1889 3827 1959 τῇ
3859 1887 4037 1941 διαθέ-

2447 2005 2531 2042 σει
2568 1988 2663 2041 καὶ
2687 1989 2753 2059 τῇ
2788 1989 2868 2049 είς
2898 1985 3097 2050 αὐτοὺς
3128 1984 3439 2056 ἐπιμελείᾳ.
3473 1982 3565 2037 Διὸ
3594 1983 3689 2037 καὶ
3720 1984 3813 2036 τὸν
3845 1983 4034 2053 Σαμα-

2448 2081 2634 2153 ρείτην
2674 2060 2880 2149 είσάγω
2916 2096 2998 2133 σοι
3039 2077 3177 2150 πρὸς
3220 2076 3556 2146 ῦπόδειγμα,
3593 2076 3679 2129 ῐνα
3714 2092 3797 2129 σοι
3848 2074 4028 2140 δείξω,

2444 2174 2528 2227 ὅτι
2561 2171 2750 2242 ῶσπερ
2802 2163 2958 2235 οὗτος
2998 2171 3274 2241 διαφέρων
3320 2168 3398 2241 τῷ
3432 2168 3563 2239 βίῳ,
3609 2168 3759 2239 ὅμως
3801 2168 4031 2235 πλησίον

2446 2264 2637 2332 γέγονε
2683 2260 2779 2315 τοῦ
2829 2261 2980 2325 ἀξίου
3038 2260 3369 2331 ἐλεηθῆναι,
3420 2257 3567 2313 οὕτω
3614 2260 3707 2312 καὶ
3745 2258 3811 2311 σὺ
3840 2258 4031 2328 ,δεῖξον

2446 2354 2672 2410 σεαυτὸν
2702 2353 2930 2425 πλησίον
2963 2357 3031 2426 τῇ
3063 2353 3406 2426 συμπαθείᾳ,
3447 2354 3544 2408 καὶ
3571 2352 3909 2421 αὐτόκλητος
3935 2352 4031 2406 ἐπὶ

2442 2444 2540 2517 τήν
2580 2443 2833 2515 βοήθειαν
2886 2443 3092 2512 βάδιζε.
3143 2440 3526 2513 Διδασκόμεθα
3582 2436 3678 2494 οὖν
3715 2443 3813 2495 καὶ
3859 2439 4030 2493 ταῦτα

2442 2536 2530 2589 διὰ
2572 2536 2671 2601 τῆς
2700 2535 3019 2607 παραϐολῆς
3054 2537 3283 2606 ταύτης,
3323 2534 3385 2589 τὸ
3438 2534 3688 2606 ἑτοίμους
3721 2529 3864 2587 εἶναι
3893 2532 4030 2602 πρὸς

2444 2627 2591 2682 ἔλεον
2610 2668 2625 2694 ,
2658 2631 2752 2682 καὶ
2797 2627 3054 2682 σπεύδειν
3087 2627 3318 2699 πλησίον
3344 2627 3589 2697 γίνεσθαι
3618 2628 3728 2680 τῶν
3756 2626 4031 2695 δεομένων

2442 2720 2543 2790 τῆς
2580 2724 2711 2793 παρ’
2742 2722 2899 2793 ήμῶν
2939 2720 3217 2792 βοηθείας.
3272 2720 3651 2790 Διδασκόμεθα
3687 2721 3746 2775 δέ
3790 2723 3885 2775 καὶ
3927 2722 4031 2791 τήν

2447 2814 2577 2884 περὶ
2600 2814 2693 2866 τὸν
2724 2813 3012 2884 ἄνθρωπον
3041 2812 3357 2884 ἀγαθότητα
3387 2812 3485 2866 τὀὗ
3520 2812 3681 2867 Θεοῦ.
3714 2812 4028 2866 Κατέὸαινε

2444 2904 2553 2976 γὰρ
2584 2906 2619 2973 ἡ
2650 2903 2969 2977 ἀνθρωπίνη
3002 2903 3167 2974 φύσις
3195 2904 3303 2959 ἀπὸ
3344 2904 3717 2975 Ἰερουσαλὴμ,
3777 2902 4029 2957 τουτέστι

2442 2997 2542 3065 τῆς
2577 2984 2943 3051 ἀστασιάστου
2993 2997 3089 3050 καὶ
3126 2992 3409 3068 είρηναίας
3446 2995 3747 3067 διαγωγῆς.
3791 2996 4030 3067 Ὀρασις

2444 3090 2550 3160 γὰρ
2595 3089 2818 3159 εἰρήνης
2871 3089 3234 3159 ἑρμηνεύεται
3288 3092 3322 3161 ή
3375 3088 3753 3161 Ἰερουσαλήμ.
3806 3090 3916 3142 Ποῦ
3971 3090 4026 3143 δέ

766 3183 869 3239 bus
898 3183 1129 3253 plenam.
1179 3182 1308 3237 \‘idc
1342 3191 1523 3236 autem
1552 3182 1693 3251 quod
1726 3196 1831 3235 non
1864 3182 2083 3246 dixerit,
2112 3183 2340 3239 descen-
2368 3215 2409 3271 ο
2445 3202 2447 3208 ε

2368 3215 2409 3271 C
2445 3181 2799 3249 κατέϐαινεν;
2844 3182 2935 3245 Et;
2964 3182 3065 3253 τὴν
3109 3181 3357 3253 Ἰεριχὼ,
3402 3184 3500 3250 τὴν
3539 3183 3727 3253 κοίλην
3761 3184 3859 3236 καὶ
3892 3182 4027 3253 χθα-

766 3277 867 3341 dit,
902 3278 994 3331 sed
1027 3276 1407 3351 descendebat.
1443 3275 1673 3344 Semper
1698 3274 1843 3329 enim
1875 3274 2107 3330 humana
2143 3286 2332 3331 natura
2444 3298 2447 3341 λ

2444 3275 2619 3345 μαλὴν
2672 3276 2763 3329 καὶ
2812 3274 2889 3345 τῷ
2938 3276 3183 3345 καύματι
3238 3276 3545 3347 πνιγηρὰν,
3599 3278 3876 3339 τουτέστι,
3924 3280 4027 3346 τὴν

766 3372 834 3425 ad
868 3370 1121 3424 inferiora
1151 3369 1411 3439 proclivis
1457 3377 1559 3433 est,
1608 3384 1712 3421 non
1760 3368 1948 3435 semel,
1991 3372 2083 3424 sed
2123 3385 2339 3440 semper

764 3464 887 3517 vita
913 3460 1287 3516 aﬂ‘ectionibus
1331 3460 1525 3515 deditae
1558 3473 1778 3515 vacans.
1827 3459 2021 3517 Incidit
2068 3472 2245 3516 autem
2279 3463 2332 3517 in

762 3552 1020 3617 Iatroines,
1059 3553 1161 3607 hoc
1196 3560 1282 3607 est
1321 3551 1611 3607 daemones.
1662 3552 1773 3607 Nisi
1821 3554 1941 3623 quis
1986 3570 2014 3609 a
2051 3555 2334 3624 cogitatio-

766 3644 923 3699 nibus
956 3643 1275 3699 sublimibus
1311 3644 1672 3711 descenderit,
1704 3660 1809 3700 non
1838 3645 2028 3701 incidit
2058 3648 2110 3702 in
2137 3649 2334 3703 daemo-

764 3752 884 3802 nes,
914 3736 1005 3807 qui
1036 3746 1199 3791 exuto
1230 3736 1437 3791 homini
1484 3747 1537 3791 et
1584 3736 1811 3806 spoliato
1870 3739 2110 3794 vestibus
2158 3740 2331 3793 virtu-

764 3839 897 3893 tum,
932 3838 1059 3882 tunc
1090 3826 1278 3895 plagas
1324 3824 1565 3881 inferunt
1618 3826 1847 3894 peccati.
1901 3826 2141 3882 Primum
2188 3830 2329 3883 enim

762 3916 1036 3970 denudant
1064 3931 1164 3970 nos
1213 3916 1378 3971 omni-
1408 3917 1548 3971 bona
1584 3918 1913 3985 cogitatione
1942 3928 1996 3974 et
2023 3918 2333 3975 visitatione

764 4004 858 4059 Dei
885 4020 899 4059 :
930 4005 1121 4060 deinde
1140 4005 1327 4075 plagas
1350 4008 1557 4074 peccati
1595 4008 1859 4063 inferunt.
1890 4008 2056 4066 Porro
2081 4019 2329 4065 naturam

765 4098 1057 4154 buntanam
1115 4100 1526 4157 semimortuam
1592 4102 1978 4171 reliquerunt:
2042 4103 2125 4157 vel
2190 4104 2332 4174 quod

763 4192 960 4246 anima
979 4192 1323 4262 immortalis,
1353 4207 1549 4265 corpus
1575 4204 1754 4250 autem
1792 4196 2050 4264 mortale,
2089 4196 2254 4269 350
2278 4208 2333 4254 et

765 4281 836 4335 ita
862 4282 1144 4337 dimidium
1176 4283 1411 4340 hominis
1436 4286 1597 4341 morti
1620 4285 1904 4343 ‘suhditum
1939 4296 2054 4343 est:
2087 4290 2167 4343 vel
2188 4289 2331 4359 quod

765 4390 871 4428 non
927 4375 1150 4430 omnino
1196 4377 1478 4445 desperata
1529 4386 1646 4431 erat
1707 4378 1944 4434 humana
1996 4389 2209 4435 natura.
2274 4380 2330 4435 In

761 4466 980 4521 Christo
1009 4466 1151 4521 enim
1183 4467 1411 4522 salutem
1443 4482 1501 4522 se
1540 4468 1845 4523 habituram
1895 4484 2019 4526 esse
2058 4471 2330 4540 sperabat.

2440 3366 2661 3435 ἐμπαθῆ
2691 3366 2858 3437 ζωήν.
2885 3366 3028 3436 Ὅρα
3056 3366 3134 3429 δὲ,
3157 3366 3258 3419 οὐκ
3289 3362 3443 3420 εἶπεν
3472 3367 3553 3420 ὅτι
3581 3366 3823 3435 Κατέόη,
3860 3366 4023 3429 ἀλλὰ,

2439 3460 2794 3514 Κατέσαινεν.
2865 3460 2976 3513 Ἀεὶ
3028 3461 3138 3529 γὰρ
3190 3462 3222 3531 ή
3272 3459 3585 3531 ἀνθρωπίνη
3633 3459 3791 3529 φύσις
3827 3460 3921 3513 ἐπὶ
3959 3462 4025 3512 τά

2440 3553 2589 3605 κάτω
2625 3551 2808 3605 ἔνευεν
2832 3592 2847 3619 ,
2879 3551 2977 3622 οὐχ
3026 3552 3196 3619 ἀπαξ,
3236 3552 3372 3607 ἀλλά
3421 3552 3489 3605 δι’
3518 3552 3642 3605 ὅλου
3667 3550 3742 3617 τῷ
3783 3551 4027 3622 ἐμπαθεῖ

2441 3646 2539 3718 βίῳ
2574 3648 2937 3720 προσέχουσα.
2973 3648 3276 3721 Περιὲπεσε
3301 3649 3360 3703 δέ
3383 3649 3608 3721 λῃσταῖς
3630 3689 3645 3714 ,
3683 3649 3797 3713 τοῖς
3828 3648 4027 3718 δαίμο-

2439 3759 2544 3796 σιν.
2585 3742 2646 3795 EI
2684 3740 2758 3812 μὴ
2799 3740 2910 3813 γὰρ
2944 3741 3161 3814 καταϐῇ
3190 3759 3275 3806 τις
3310 3742 3417 3796 ἀπὸ
3440 3741 3534 3796 τοῦ
3571 3741 3740 3811 ῦψους
3766 3744 3868 3811 τῆς
3902 3741 4027 3795 δια-

2437 3832 2584 3896 νοίας
2609 3873 2625 3899 ,
2655 3833 2716 3886 οὐ
2768 3833 3091 3906 περιπίπτει
3124 3837 3237 3898 τοῖς
3268 3835 3517 3905 δαίμοσιν
3542 3850 3554 3862 ·
3598 3834 3647 3888 οἳ
3692 3834 4047 3899 ἐκδύσαντες.

2438 3924 2528 3978 τὸν
2583 3925 2903 3997 ἄνθρωπον,
2959 3927 3055 3981 καὶ
3106 3928 3471 3999 στερήσαντες
3514 3926 3622 3980 τῶν
3675 3927 3773 3997 τῆς
3817 3928 4026 3996 ἀρετῆς

2440 4018 2669 4088 ίματίων
2691 4057 2707 4083 ,
2738 4019 2861 4072 τότε
2887 4018 2985 4083 τὰς
3015 4018 3228 4089 πληγὰς
3261 4019 3542 4089 ἐπέθηκαν
3572 4019 3672 4088 τῆς
3718 4019 4022 4089 ἁμαρτίας.

2436 4110 2710 4183 Πρότερον
2760 4110 2869 4181 γὰρ
2917 4110 3329 4181 ἀπογυμνοῦσιν
3366 4112 3517 4182 ήμᾶς
3569 4111 3770 4174 παντὸς
3810 4110 4022 4180 ἀγαθοῦ

2432 4204 2727 4275 λογισμοῦ,
2761 4203 2855 4257 καὶ
2882 4203 2983 4273 τῆς
3018 4203 3113 4257 τοῦ
3141 4203 3277 4257 Θεοῦ
3308 4204 3539 4276 σκέπης,
3577 4199 3677 4258 εἴθ’
3702 4203 3879 4267 οὕτως
3919 4204 4022 4266 τὰς

2434 4296 2650 4369 πληγάς
2701 4297 2803 4367 τῆς
2849 4298 3121 4368 ἁμαρτίας
3179 4295 3585 4351 ἐπιϐάλλουσιν.
3649 4296 3924 4367 Ἡμιθανῆ
3965 4298 4021 4350 δέ

2438 4386 2766 4455 κατέλειψαν
2794 4386 2894 4456 τὴν
2922 4384 3272 4456 ἀνθρωπίνην
3309 4384 3474 4455 φύσιν
3497 4424 3514 4449 ,
3555 4384 3589 4455 ἢ
3624 4384 3758 4438 διότι
3792 4386 3828 4456 ή
3869 4386 4020 4456 ψυχὴ

2436 4476 2738 4544 ἀθάνατος,
2772 4477 2834 4531 τὸ
2869 4478 2927 4532 δέ
2963 4476 3123 4549 σῶμα
3157 4477 3381 4547 θνητόνο
3415 4475 3558 4531 ῶστε
3591 4476 3654 4531 τὸ
3696 4477 3874 4547 ἥμισυ
3920 4475 4018 4532 τοῦ

763 4559 951 4629 Itaque
988 4575 1093 4617 non
1124 4568 1337 4615 mortua
1368 4569 1487 4615 erat
1517 4562 1775 4615 omnino:
1810 4560 1906 4615 sed
1949 4570 2172 4632 propter
2218 4563 2329 4617 rui-
2360 4554 2405 4609 1)
2433 4588 2444 4622 ι

2360 4554 2405 4609 υ
2433 4569 2725 4640 ἀνθρώπου
2758 4570 2839 4641 τῷ
2881 4569 3099 4641 θανάτῳ
3134 4569 3463 4641 ὑπαχθῆναιο
3496 4569 3531 4641 ἢ
3567 4568 3703 4624 διότι
3735 4570 3797 4624 οὐ
3836 4571 4014 4642 πάντη

761 4667 887 4707 nam
934 4652 1058 4706 .‘tdrr;
1093 4666 1239 4707 mors
1291 4652 1347 4705 in
1405 4654 1660 4705 mundum
1707 4652 1929 4708 intravit
1950 4655 1995 4687 "
2049 4670 2065 4708 ι
2111 4665 2333 4724 propter

761 4743 963 4798 Christi
1001 4754 1178 4798 autem
1221 4743 1663 4811 justillcationem
1711 4761 1856 4799 mors
1894 4747 2156 4802 abolenda
2190 4760 2327 4803 erat.

761 4834 865 4890 Per
890 4836 1224 4889 sacerdotem
1259 4849 1385 4890 vero
1412 4846 1463 4890 et
1495 4833 1761 4901 Levitam,
1798 4838 1966 4906 legem
2006 4840 2247 4911 intellige
2276 4850 2331 4896 et

762 4926 1011 4995 propitct'
1042 4944 1076 4981 ε.
1111 4925 1187 4980 Illi
1218 4926 1362 4981 enim
1395 4928 1648 4983 volebant
1692 4926 1991 4996 justitlcare
2037 4931 2329 4988 humanum

762 5031 1031 5081 naturam,
1087 5016 1182 5072 sed
1245 5032 1353 5072 non
1400 5027 1715 5087 potuerunt.
1766 5016 2106 5089 lmpossibile
2157 5020 2327 5087 enim,

764 5105 939 5173 inquit
983 5103 1204 5169 Paulus,
1253 5106 1571 5175 sanguinem
1631 5116 1903 5162 taurorum
1950 5116 2005 5164 et
2051 5108 2327 5167 hircorum

762 5195 951 5268 tollere
981 5208 1260 5265 peccatum
1286 5200 1355 5253 "’.
1385 5196 1592 5253 Miseni
1622 5199 1805 5271 itaque
1834 5212 1960 5256 sunt
1994 5202 2249 5265 hominis,
2276 5213 2331 5259 et

759 5286 826 5339 de
854 5285 974 5355 ejus
1025 5288 1257 5342 sanitate
1290 5292 1620 5359 cogitarunt.
1670 5292 1871 5349 Deinde
1905 5296 2183 5364 plagarum
2214 5311 2333 5349 ma-

758 5379 1039 5449 gnitudine
1071 5380 1219 5444 victi,
1256 5383 1321 5433 ait
1369 5386 1664 5452 posteriora
1696 5385 1889 5441 iterum
1916 5390 2151 5458 regressi
2183 5398 2329 5444 sunt.

760 5470 871 5525 [Ioc
924 5472 1066 5526 enim
1118 5463 1394 5543 significat
1443 5477 1880 5547 ἀντιπαρελθείν.
1943 5480 2102 5536 Venit
2157 5483 2327 5545 enim,

757 5562 955 5631 inquit,
990 5562 1096 5631 lex,
1146 5574 1201 5619 et
1252 5566 1423 5621 astitit
1465 5566 1704 5635 iacenti:
1749 5572 1939 5627 deinde
1989 5589 2097 5629 non
2144 5574 2329 5629 valens

747 5668 977 5723 sanare,
1034 5672 1252 5716 reversa
1284 5669 1387 5725 est,
1428 5664 1530 5717 hoc
1563 5664 1704 5719 enim
1758 5665 2027 5736 signiﬁcat
2057 5667 2325 5741 ἀντιπαρ-

826 5842 870 5874 "
925 5839 1078 5895 Rom.
1130 5840 1303 5905 v.12.
1378 5840 1424 5873 ⁸⁸
1457 5839 1617 5898 Hebr.
1657 5859 1711 5908 x,
1740 5843 1792 5901 4.

2433 4657 2501 4733 ἦν
2525 4662 2922 4734 ἀπεγνωσμένη
2948 4664 2981 4732 ή
3006 4661 3321 4733 ἀνθρωπίνη
3358 4661 3542 4729 φύσις·
3568 4662 3626 4715 ἐν
3652 4661 3763 4733 γάρ
3788 4662 4014 4733 Χριστῷ

2433 4751 2530 4823 τήν
2556 4754 2829 4824 σωτηρίαν
2851 4753 2993 4820 ἐξειν
3017 4753 3297 4823 ἠλπίζετο.
3324 4753 3488 4815 Ὥστε
3514 4755 3618 4809 οὐκ
3639 4755 4016 4813 ἐτεθανάτωτο

2437 4844 2740 4909 παντελῶς,
2779 4843 2894 4897 ἀλλ’
2926 4846 3051 4897 ὅσον
3091 4845 3192 4917 μὲν
3226 4844 3320 4898 ἐπὶ
3352 4845 3431 4916 τῷ
3467 4845 3562 4899 τοῦ
3614 4846 3787 4917 ξΔδάμ.
3830 4863 4013 4918 παρα-

2437 4933 2691 5006 πτώματι
2720 4934 2950 5000 θάνατος
2983 4938 3063 5000 είς
3092 4938 3183 4990 τδν
3214 4936 3422 5007 κόσμον
3454 4936 3699 5007 είσῆλθεν
3728 4954 3745 4971 ο
3774 4939 3904 4993 ὅσον
3942 4940 3997 4993 δέ

2433 5030 2529 5083 ἐπὶ
2574 5028 2651 5100 τῷ
2700 5027 2793 5083 τοῦ
2829 5029 3067 5099 Χριστοῦ
3100 5029 3431 5100 δικαιώματι
3464 5032 3492 5083 ό
3536 5030 3768 5095 θάνατος
3819 5031 4012 5102 ἔμελλε

2428 5122 2843 5193 καταργεῖσθαι.
2886 5122 3059 5195 Ἰερέα
3095 5122 3153 5176 δὲ
3180 5124 3273 5176 καὶ
3309 5122 3563 5193 Δευίτην,
3597 5123 3691 5177 τδν
3723 5124 3895 5193 νόμον
3925 5141 4010 5194 μοι

2435 5211 2541 5265 νόει
2588 5212 2835 5275 καὶτοὺς
2879 5214 3202 5283 προφήτας.⁸
3241 5208 3401 5269 Οὗτοι
3444 5214 3558 5282 γάρ
3579 5213 3875 5284 ἠϐούλοντο
3914 5216 4009 5285 μὲν

2430 5303 2716 5357 δικαιῶσαι
2758 5303 2858 5374 τήν
2896 5304 3244 5378 ἀνθρωπίνην
3271 5305 3433 5375 φύσιν
3452 5348 3468 5373 ,
3494 5307 3617 5367 (οὐκ
3664 5306 4007 5378 ἠδυνήθησαν

2428 5394 2503 5449 δέ.
2560 5396 2847 5450 Ἀδύνατον
2878 5397 3009 5468 γάρ,
3044 5399 3209 5467 φησιν
3260 5400 3289 5451 ό
3334 5397 3566 5461 Παῦλος,
3606 5392 3747 5468 αἷμα
3792 5400 4005 5471 ταύρων

2428 5488 2519 5541 καλ⁵
2566 5489 2786 5558 τράγων
2831 5489 3051 5557 ἀφελεῖν
3096 5488 3393 5559 ἁμαρτίας.
3452 5490 3723 5561 ’Πλέησαν
3772 5491 3876 5559 μιν
3919 5488 4002 5545 οὖν

2425 5579 2516 5634 τδν
2548 5580 2836 5653 ἀνθρωπον
2864 5626 2877 5649 ,
2938 5584 3033 5637 καὶ
3074 5582 3412 5655 θεραπεῦσαι.
3459 5583 3840 5656 διενοήθησαν.
3878 5580 4000 5637 Εἶτα

2425 5675 2491 5745 τῇ
2522 5674 2632 5730 τῶν
2661 5675 2888 5749 πληγῶν
2927 5678 3255 5749 ἐπικρατείᾳ
3280 5677 3591 5749 νικηθέντες
3610 5718 3627 5748 ,
3658 5679 3741 5743 είς
3768 5679 3998 5733 τούπίσω
