4256 6432
269 390 380 457 διο

987 398 1436 463 ENARRATIO
1475 384 1558 466 1N
1599 403 2104 470 EVANGELIUM
2134 412 2373 477 Luca.
2402 439 2468 450 -
2510 415 2678 480 CAP.
2717 418 2788 477 Χ.

3458 418 3569 482 650

270 506 436 562 πάλιν
496 506 884 578 ὑπεχώρησαν.
919 509 1092 566 Τοῦτο
1148 513 1261 586 γὰρ
1319 515 1574 587 σημαίνει
1622 517 1684 571 τὸ
1715 517 1844 570 ἀντι·

1969 518 2153 589 ἦλθεν,
2184 525 2420 580 Attende
2450 525 2582 580 item
2611 525 2755 595 quod
2796 526 3046 590 verbum,
3090 525 3314 590 accidit,
3343 539 3567 581 sensum

271 599 585 669 παρελθεῖν.
628 596 802 654 Ἦλθε
839 603 939 672 μὲν
969 607 1078 676 γάρ
1110 608 1138 660 6
1169 607 1374 676 νόμος,
1409 610 1502 663 καὶ
1549 609 1753 680 ἐπέστη
1782 611 1860 682 τῷ

269 691 531 761 κτιμένῳ,
577 686 696 745 εἶτα
729 693 806 764 μὴ
850 696 1053 766 ἰσχύων
1095 697 1460 770 θεραπεῦσαι,
1503 704 1857 774 ἀπεστράφη.

270 781 448 852 Ὀπερ
479 783 596 835 ἐστι
622 783 680 838 τὸ
723 788 1152 859 ἀντιπαρῆλθεν.
1192 791 1336 863 Ὅρα
1375 793 1430 846 δὲ
1463 794 1525 847 τὸ
1556 797 1696 848 κατά
1731 814 1861 866 συγ-

267 871 500 941 κυρίαν,
559 874 682 928 τίνα
727 876 855 929 νοῦν
906 878 1042 949 ἔχει.
1089 880 1179 951 Τῷ
1218 882 1332 936 ὄντι
1383 885 1492 956 γὰρ
1522 889 1550 940 6
1589 888 1754 959 νόμος
1795 892 1857 944 οὺ

266 965 697 1033 προηγουμένως
751 969 938 1039 ἐδόθη,
1005 972 1141 1027 ἀλλὰ
1201 977 1292 1030 διά
1348 979 1446 1047 τὴν
1506 981 1858 1055 ἀνθρωπίνην

263 1054 572 1123 ἀσθένειαν,
604 1061 677 1130 μὴ
707 1062 1019 1135 δυναμένην
1043 1065 1105 1132 ἐξ
1141 1069 1320 1139 ἀρχῆς
1343 1069 1602 1137 δέξασθαι
1627 1076 1688 1129 τὸ
1716 1080 1856 1132 κατά

263 1147 498 1216 Χριςτδν
532 1155 852 1224 μυστήριον.
884 1158 981 1210 Διά
1006 1161 1163 1214 τοῦτό
1209 1179 1394 1233 φησιν,
1432 1165 1514 1218 ὅτι
1552 1169 1612 1220 ’0
1651 1169 1852 1238 ἱερεὺς,

261 1240 544 1293 τουτέστιν
595 1247 622 1297 6
660 1246 858 1316 νόμος,
925 1250 1070 1304 κατὰ
1113 1256 1449 1324 συγκυρίαν,
1483 1260 1622 1330 ὅπερ
1657 1261 1852 1316 εἰώθα-

264 1347 365 1397 μεν
398 1333 578 1400 λέγειν
625 1341 770 1391 κατά
813 1340 1102 1412 σύμϐαμα,
1135 1346 1253 1398 ἀλλ’
1294 1349 1357 1401 οὐ
1392 1353 1851 1422 προηγουμένως,

256 1417 424 1491 ἦλθεν
476 1428 557 1491 είς
604 1430 665 1482 τὸ
721 1430 1061 1502 θεραπεῦσαι
1110 1438 1203 1492 τὸν
1258 1417 1566 1512 ἄνθρωπον.
1636 1417 1775 1498 ’Ἀλλ’

259 1516 466 1585 Κύριος
499 1523 593 1574 καὶ
624 1522 767 1586 Θεὸς
807 1527 989 1596 ἡμῶν,
1020 1531 1048 1581 6
1092 1530 1160 1583 δι’
1189 1533 1337 1602 ἡμᾶς
1369 1536 1586 1608 κατάρα
1620 1541 1853 1610 γενόμεο

257 1622 347 1669 νος
371 1649 386 1673 ,
417 1613 511 1662 καὶ
549 1612 899 1687 Σαμαρείτης
937 1619 1179 1684 ἀκούσας
1200 1664 1215 1688 ,
1267 1625 1469 1682 ὁδεύων
1491 1669 1504 1691 ,
1537 1632 1852 1701 τουτέστιν,

257 1698 391 1752 αὐτὸ
443 1701 607 1756 τοῦτο
658 1708 937 1776 πρόφασιν
992 1713 1113 1766 ὀδοῦ
1173 1719 1579 1788 ποιησάμενος,
1623 1727 1719 1780 καὶ
1761 1698 1854 1781 τὸν

257 1795 460 1845 σκοπὸν
484 1794 734 1863 θέμενος,
771 1801 828 1852 τὸ
861 1801 1009 1870 ἡμᾶς
1037 1803 1395 1876 θεραπεῦσαι,
1436 1813 1552 1865 ἀλλ’
1593 1817 1654 1868 οὐ
1709 1835 1851 1886 παρ-

1965 616 2254 679 qnemdam
2290 617 2473 672 habet.
2521 616 2660 672 Nam
2711 630 2900 672 revera
2955 618 3039 671 lex
3089 633 3199 672 non
3249 619 3318 674 ob
3369 633 3458 674 res
3512 618 3567 673 in

1963 705 2157 773 primis
2182 709 2444 773 intentas,
2468 711 2564 764 sed
2591 721 2815 779 propter
2835 711 3132 764 humanam
3161 711 3568 773 infirmitatem.

1962 814 2084 867 quae
2136 815 2242 853 non
2303 802 2479 870 potuit
2533 803 2601 857 ab
2663 804 2824 858 initio
2883 813 3288 858 sacramentum
3353 803 3566 859 Christi

1961 893 2264 960 suscipere,
2316 895 2442 948 data
2495 904 2600 951 est.
2639 896 2933 966 Propterea
2967 897 3121 962 dicit,
3166 895 3385 951 Accidit
3416 898 3562 966 quod

1960 984 2240 1048 sacerdos,
2278 986 2381 1042 hoc
2412 997 2495 1041 est
2531 988 2638 1051 lex,
2688 990 2758 1043 ita
2804 990 2953 1043 enim
2989 990 3174 1044 dicere
3224 988 3465 1044 solemus
3498 991 3564 1044 de

1961 1073 2181 1144 hisqnae
2205 1075 2438 1132 fortuito
2466 1080 2785 1146 obveniant,
2811 1090 2865 1136 et
2887 1081 3020 1135 citra
3045 1098 3269 1150 operam
3290 1092 3562 1148 nostrain,

1960 1170 2107 1223 venit
2146 1177 2204 1222 ut
2246 1182 2470 1227 sanaret
2518 1173 2831 1242 hominem,
2887 1177 2981 1230 sed
3035 1175 3300 1229 Dominus
3330 1184 3384 1228 et
3420 1174 3563 1229 Deus

1961 1271 2171 1328 mster,
2203 1265 2295 1334 qui
2331 1273 2556 1335 pmpter
2606 1281 2705 1322 nos
2755 1269 2933 1323 factus
2968 1279 3056 1324 est
3100 1269 3480 1333 maledictum,
3506 1278 3564 1322 et

1960 1367 2187 1409 vocatus
2238 1357 2648 1424 Samaritanus,
2702 1362 2805 1415 iter
2859 1361 3089 1427 faciens,
3130 1363 3229 1417 hoc
3279 1371 3381 1423 est,
3422 1362 3565 1414 hanc.

1962 1448 2311 1514 potissimum
2345 1451 2426 1503 sui
2456 1451 2669 1506 itineris
2694 1468 2914 1507 causam
2946 1469 3066 1510 esse
3095 1456 3303 1515 volens.
3335 1463 3390 1508 et
3420 1455 3563 1506 bunt:

1959 1556 2184 1610 scopum
2215 1544 2539 1610 observans,
2578 1556 2635 1600 nt
2677 1564 2775 1602 nos
2801 1558 3061 1613 sanaret,
3094 1564 3200 1601 non
3239 1546 3563 1614 praeteriens

1959 1645 2012 1688 et
2045 1636 2228 1690 obiter
2262 1653 2358 1692 nos
2383 1638 2612 1695 visitans
2639 1641 2785 1694 venit
2816 1643 2880 1694 a'l
2916 1657 3036 1705 nos,
3072 1642 3166 1696 sed
3201 1649 3564 1695 conversatus

1960 1724 2275 1794 nobiscum,
2329 1739 2383 1783 et
2438 1731 2652 1787 locutus
2704 1750 2809 1788 non
2862 1745 3212 1804 apparenter,
3268 1732 3361 1788 sed
3412 1748 3558 1787 vere.

1963 1817 2202 1873 Proinde
2229 1823 2412 1874 statim
2446 1823 2629 1892 alligat
2663 1825 2908 1888 vulnera,
2951 1840 3123 1893 neque
3151 1825 3416 1893 permittit
3446 1841 3563 1876 tua-

254 1882 495 1950 οδεύων,
548 1889 642 1940 καὶ
692 1891 757 1943 ἐκ
825 1895 1106 1965 παρέργου
1168 1901 1614 1974 ἐπισκεψάμενος
1662 1879 1844 1979 ἡμᾶς,

1962 1910 2130 1962 litiam
2186 1913 2423 1982 amplius
2479 1915 2673 1981 laxari,
2731 1919 2825 1970 sed
2887 1917 3072 1982 alligat
3130 1933 3272 1972 eam.
3321 1916 3564 1971 Infuudit

252 1970 420 2047 ἦλθεν
454 1981 534 2043 είς
579 1982 729 2050 ῄμᾶς
753 2026 767 2047 ,
797 1992 1274 2060 συναναστραφείς
1314 1970 1480 2065 ἡμῖν’,
1522 1970 1616 2052 και
1655 1970 1848 2072 ὁμιλί]ζ

255 2085 354 2131 σας
377 2071 757 2138 άφαντάστως.
789 2078 1102 2149 Κατέδησεν
1131 2078 1225 2138 οὖν
1251 2088 1413 2151 εὐθὺς
1437 2089 1505 2142 τὰ
1529 2092 1843 2162 τραύματα,

257 2161 332 2229 μὴ
367 2163 534 2226 ἐάσας
574 2164 673 2234 τὴν
701 2169 899 2222 κακίαν
931 2172 1024 2224 ἐπὶ
1057 2174 1218 2228 πλέον
1248 2179 1438 2232 ἄνετον
1477 2161 1618 2236 εἶναι
1646 2226 1660 2250 ,
1710 2186 1846 2239 ἀλλὰ

254 2255 567 2326 καταδήσας
619 2260 824 2330 αὐτὴν,
881 2263 1111 2334 ἐπέχεεν
1161 2269 1218 2321 δὲ
1279 2271 1460 2326 ἔλαιον
1528 2278 1623 2329 καὶ
1679 2274 1843 2332 οἶνοψ

252 2343 436 2400 ἔλαιον
479 2350 579 2419 μὲν
612 2353 703 2405 τὸν
761 2355 918 2423 λόγον
950 2358 1050 2427 τῆς
1088 2360 1461 2430 διδασκαλίας,
1496 2368 1585 2420 τὸν
1619 2369 1707 2422 διὰ
1739 2372 1845 2424 τῶν

253 2435 478 2501 ἀγαθῶν
508 2442 955 2515 προτρεπόμενον
981 2464 994 2478 ·
1027 2443 1172 2502 οἶνον
1202 2451 1278 2516 δὲ,
1313 2455 1404 2506 τὸν
1430 2456 1517 2509 διὶι
1544 2458 1651 2510 τῶν
1684 2461 1844 2530 φοϐε-

253 2529 512 2600 ρωτέρων
545 2523 812 2601 ἐνάγοντα
856 2540 991 2611 πρὸς
1034 2542 1256 2614 ἀρετήν.
1302 2543 1428 2602 Οἶον
1462 2550 1591 2605 ὅταν
1637 2523 1843 2628 ἀκούῃς

248 2620 345 2672 τοῦ
398 2624 605 2694 Κυρίου
644 2628 927 2695 λέγοντος·
977 2634 1149 2687 Δεῦτε
1193 2638 1328 2707 πρὸς
1367 2641 1431 2709 μὲ
1456 2683 1468 2706 ,
1516 2645 1672 2710 κάγὼ
1713 2649 1844 2700 ἁνα-

253 2714 452 2768 παύσω
492 2717 668 2785 ὑμᾶς,
704 2721 861 2775 τοῦτο
909 2725 968 2777 τὸ
1019 2726 1229 2782 ἔλαιον·
1265 2732 1557 2804 ἱλαρότητα
1602 2740 1711 2808 γὰρ
1753 2744 1841 2795 καὶ

251 2805 562 2859 ἀνάπαυσιν
590 2810 957 2868 ὑποδείκνυσι.
985 2817 1096 2870 Καὶ
1129 2819 1290 2873 πάλιν
1309 2841 1320 2852 ·
1361 2825 1548 2893 Δεῦτε,
1576 2829 1840 2900 κληρονο-

255 2897 468 2965 μήσατε
510 2900 610 2971 τὴν
655 2905 1073 2979 ἡτοιμασμένην
1130 2912 1260 2980 ὑμῖν
1317 2915 1617 2985 βασιλείαν.
1675 2924 1841 2977 Ὅταν

247 2985 305 3040 δὲ
331 2987 487 3064 λέγῃ,
521 2992 600 3046 ὅτι
635 2995 940 3066 Πορεύεσθε
973 3003 1053 3065 είς
1086 3004 1144 3055 τὸ
1177 3007 1396 3075 σκότος,
1439 3011 1596 3066 τοῦτο
1625 3015 1651 3065 6
1676 3013 1838 3083 οἶνος,

249 3079 284 3148 ἡ
328 3084 601 3154 στυπτικὴ
645 3087 990 3147 διδασκαλία.
1038 3095 1274 3166 Νοήσεις
1322 3101 1368 3152 6‘
1408 3103 1474 3155 ἂν
1505 3107 1600 3159 καὶ
1642 3079 1834 3172 ἄλλωςἐ

249 3449 346 3502 καὶ
376 3453 554 3504 πίνειν
577 3494 592 3516 ,
626 3457 720 3508 καὶ
769 3457 862 3511 τὸν
892 3459 1086 3514 ἄνετον
1127 3465 1241 3532 βίον
1289 3470 1687 3540 μεταδιώκειν,
1726 3477 1841 3530 ἀλλ’

247 3542 370 3612 uixi.
393 3545 816 3616 σκληραγωγίαν
838 3551 1235 3624 ἐνδείκνυσθαι,
1268 3559 1459 3632 ὥσπερ
1487 3566 1514 3618 6
1563 3565 1836 3640 Ἰωάννης,

247 3633 410 3688 τοῦτό
453 3637 572 3690 ἐστι
618 3640 678 3692 τὸ
723 3641 919 3698 ἔλαιον.
968 3646 1033 3699 'H
1064 3648 1120 3700 δὲ
1166 3650 1294 3723 ξένη
1323 3659 1547 3719 νηστεία
1589 3663 1683 3713 καὶ
1714 3663 1742 3715 6
1771 3633 1841 3716 ’ὲν

246 3725 494 3800 θαλάσσῃ
529 3731 868 3799 περίπατος,
913 3737 1008 3790 καὶ
1047 3740 1147 3793 ὅσα
1189 3742 1324 3798 ἄλλα
1364 3747 1465 3817 τῆς
1496 3750 1648 3816 θείας
1684 3754 1842 3810 δυνά-

252 3833 403 3884 μεως
426 3857 441 3880 ,
477 3820 650 3874 ταῦτά
699 3826 848 3876 ἐστιν
880 3827 907 3879 6
944 3823 1107 3894 οἶνος.
1150 3832 1295 3904 Οἴνῳ
1325 3835 1432 3907 γάρ
1474 3839 1842 3899 ἀπεικαστέον

242 3909 345 3978 τὴν
385 3911 636 3980 θεότητα,
665 3914 732 3983 ἢν
759 3915 999 3988 ἄκρατον
1030 3923 1356 3995 ὑπενεγκεῖν
1387 3932 1565 3999 οὐδεὶς
1607 3937 1674 3991 ἂν
1709 3940 1838 4008 ἠδυ-

241 4002 405 4073 νήθη,
437 4006 484 4056 εί
520 4005 594 4075 μὴ
627 4009 806 4062 καὶτὸ
831 4010 1017 4067 ἔλαιον
1044 4008 1131 4086 ἦν,
1164 4021 1447 4076 τουτέστιν
1507 4025 1540 4095 ή
1572 4002 1840 4085 κατά-άν-

242 4095 466 4163 υε-ωπον
503 4098 774 4171 διαγωγή.
842 4101 1001 4159 Ἐπεὶ
1054 4103 1149 4160 οὖν
1200 4111 1269 4163 δι’
1321 4115 1653 4190 ἀμφοτέρων
1692 4125 1842 4193 ἡμᾶς

242 4189 443 4255 ismare,
480 4189 735 4262 Θεότητός
769 4211 911 4265 φημι
957 4199 1050 4252 καὶ
1085 4189 1650 4276 ἀνθρωπότητος,γδιά
1684 4189 1843 4271 τοῦτο

245 4281 464 4347 λέγεται
494 4278 636 4336 οἶνον
667 4289 761 4338 καὶ
800 4288 981 4343 ἔλαιον
1012 4293 1254 4364 ἐπιχέαι.
1289 4300 1401 4353 Καὶ
1433 4303 1558 4355 καθ’
1599 4307 1842 4380 ἑκάστην

243 4373 304 4426 δὲ
364 4376 412 4427 οι
465 4375 893 4448 βαπτιζόμενοι,
952 4384 1061 4438 τῶν
1117 4391 1455 4460 τραυμάτων
1509 4396 1608 4467 τῆς
1657 4373 1841 4472 ψυχῑίς

242 4464 715 4536 ἀπαλλάττονται,
770 4473 936 4544 ἐλαίῳ
984 4477 1083 4545 μὲν
1135 4481 1229 4534 τοῦ
1285 4484 1462 4554 μύρου
1513 4464 1838 4567 χριόμενοιῐ,

242 4558 410 4622 εὐθὺς
438 4559 494 4613 δὲ
525 4564 934 4633 κοινωνοῦντες,
969 4570 1063 4624 καὶ
1101 4574 1196 4625 τοῦ
1225 4576 1372 4631 θείου
1406 4558 1841 4655 αἵματος-μεταέ
1878 4602 1921 4659 ι)

241 4653 636 4722 λαμϐάνοντες.
685 4659 1004 4717 Ἀνεϐίσασε
1046 4665 1103 4719 δὲ
1141 4669 1168 4720 6
1213 4671 1419 4741 Κύριος
1450 4677 1550 4747 τὴν
1597 4653 1843 4751 τραυμα-

239 4746 525 4802 τισοείσαν
565 4750 726 4821 ἡμῶν
758 4753 922 4821 φύσιν
959 4757 1055 4810 ἐπὶ
1091 4761 1152 4813 τὸ
1186 4763 1318 4816 ίδιον
1356 4746 1684 4841 ὑποζῦγιον,
1719 4746 1844 4828 του-

240 4844 449 4911 τέστιν,
493 4846 587 4899 ἐπὶ
615 4848 676 4901 τὸ
720 4849 883 4918 σῶμα
927 4854 1092 4908 αὑτοῦ
1119 4873 1131 4886 ⁸
1177 4861 1314 4931 μέλη
1346 4864 1455 4934 γάρ
1478 4867 1644 4921 αὑτοῦ
1689 4871 1840 4941 ἡμᾶς

240 4935 494 5006 ἐποίησε,
531 4939 623 4992 καὶ
650 4944 942 5008 κοινωνοὺς
969 4946 1064 5001 τοῦ
1095 4948 1350 5020 σωματος
1378 4958 1442 5008 αὑ
1455 4958 1571 5020 τοῦ,
1604 4962 1755 5015 κάτω
1781 4982 1840 5018 τε

240 5030 531 5100 κειμένους
565 5034 888 5090 ἀνεϐίϐασεν
933 5039 1026 5093 ἐπὶ
1055 5043 1157 5113 τὴν
1204 5045 1363 5112 ἀξίαν
1408 5051 1626 5123 ἐκείνην
1650 5096 1664 5120 ,
1698 5056 1839 5112 ὣστε

241 5123 572 5193 συσσώμους
607 5127 760 5197 αὐτῷ
791 5123 952 5183 εἶναι.
985 5133 1312 5207 Πανδοχεῐον
1344 5141 1400 5194 δὲ
1431 5145 1464 5214 ἡ
1517 5147 1837 5220 Ἐκκλησία,

240 5215 275 5283 ἡ
317 5216 494 5268 πάντα
523 5217 898 5294 ὑποδεχομένη
922 5239 936 5254 ·
967 5229 995 5279 6
1033 5228 1134 5298 μὲν
1168 5231 1278 5302 γὰρ
1322 5236 1509 5307 νόμος,
1538 5241 1599 5293 οὐ
1628 5215 1838 5311 πάντας

236 5306 476 5378 ἐδέχετο.
512 5311 816 5384 Ἀίὼαῦίτης
856 5317 988 5388 γὰρ,
1025 5324 1182 5391 φησὶ,
1224 5327 1318 5379 καὶ
1364 5330 1709 5407 Ἀμμανίτης
1736 5306 1837 5393 οὐκ

237 5401 613 5458 εἰσελεύσεται
644 5408 724 5469 είς
775 5408 1107 5482 Ἐκκλησίαν
1137 5417 1296 5474 Θεοῦ.
1341 5422 1456 5476 Νῦν
1491 5425 1645 5481 δὲνέν
1666 5401 1837 5486 ’παντὶ

237 5493 385 5548 ἔθνει
417 5497 447 5549 6
482 5496 820 5568 φοϐούμενος
849 5503 941 5556 τὸν
971 5505 1105 5560 Θεὸν
1137 5508 1327 5576 δεκτὸς
1365 5516 1519 5587 αὑτῷ
1552 5521 1694 5587 ἐστι,
1739 5523 1832 5578 θέο

234 5586 346 5641 λων
380 5592 702 5655 πιστεῦσαι,
733 5597 829 5648 καὶ
861 5599 1027 5671 μέρος
1054 5603 1313 5670 γενέσθαι
1342 5609 1444 5678 τῆς
1480 5611 1832 5686 Ἐκκλησίας.

239 5679 457 5743 Πάντας
484 5682 594 5755 γὰρ
637 5685 984 5759 ὑποδέχεται,
1016 5693 1114 5747 καὶ
1143 5695 1508 5768 ἁμαρτωλοὺς
1537 5705 1633 5758 καὶ
1663 5679 1825 5762 τελώ-

234 5789 356 5836 νας.
386 5773 529 5844 Ὀρα
561 5777 619 5831 δὲ
675 5779 774 5851 τὴν
819 5784 1132 5854 ἀκρίϐειαν,
1169 5791 1288 5855 πῶς
1329 5811 1517 5865 φησιν,
1559 5800 1643 5853 ὅτι
1684 5803 1828 5856 ἀπα-

233 5864 428 5936 ταγὼν
467 5869 545 5933 είς
595 5871 658 5925 τὸ
710 5874 1060 5948 πανδοχεῖον,
1097 5883 1416 5960 ἐπεμελήθη
1449 5891 1615 5946 αὑτοῦ
1641 5910 1653 5924 ·
1698 5897 1831 5968 πρὶν

1960 2001 2136 2052 nleum
2168 2016 2233 2055 ac
2271 2005 2489 2057 viuum:
2522 2007 2702 2060 oleum
2724 2047 2738 2072 ,
2795 2008 2895 2061 hoc
2939 2020 3023 2062 est
3083 2023 3394 2063 sermonem
3428 2008 3562 2063 dnc-

1960 2095 2137 2154 trium,
2179 2095 2268 2162 qui
2298 2112 2394 2163 per
2422 2100 2609 2152 suavia
2645 2117 2744 2154 nos
2778 2102 3143 2159 adhortatur:
3182 2105 3369 2157 vinum
3410 2118 3560 2166 vero,

1957 2202 2267 2241 sermonem
2301 2191 2410 2258 qui,
2438 2205 2534 2259 per
2568 2195 2874 2247 austeriora
2923 2194 3133 2249 inducit
3177 2197 3243 2248 ad
3277 2196 3558 2249 virtutem.

1960 2280 2200 2349 lixt'tnpli
2234 2283 2428 2349 gratia,
2473 2287 2695 2352 quando
2732 2281 2886 2341 aitdis
2921 2288 3209 2342 Dominum
3245 2288 3557 2341 dicentem:

1959 2370 2152 2428 Venite
2185 2376 2252 2428 ad
2301 2394 2405 2441 me,
2439 2387 2493 2432 et
2542 2395 2642 2448 ego
2689 2381 3003 2437 refecillabo
3043 2398 3180 2438 vos:
3218 2385 3321 2438 hoc
3353 2384 3557 2444 oleum.

1957 2465 2292 2523 hilaritatem
2336 2473 2479 2525 enim
2513 2484 2566 2528 et
2605 2477 2846 2544 quietem
2896 2479 3158 2532 ostendit.
3198 2477 3260 2531 Et
3313 2479 3509 2534 iterum
3542 2498 3554 2531 :

1960 2558 2171 2624 Venite,
2198 2564 2476 2632 poSsidete
2507 2580 2872 2634 prmparatum
2906 2572 3060 2624 vobis
3093 2587 3344 2642 regnum.
3376 2572 3560 2638 Quan-

1954 2651 2022 2705 do
2051 2664 2230 2706 autcm
2265 2654 2437 2709 dicit:
2496 2655 2571 2710 Ite
2625 2660 2675 2712 in
2729 2663 3021 2716 tenebras:
3078 2664 3268 2718 vinum
3323 2674 3428 2728 est,
3458 2665 3559 2718 hoc

1952 2755 2034 2797 est
2073 2747 2347 2802 austerior
2395 2749 2644 2805 doctrina
2686 2769 2702 2810 ;
2748 2754 3054 2823 Intelligere
3105 2767 3262 2826 potes
3293 2769 3346 2813 et
3376 2759 3552 2814 aliter.

1953 2838 2145 2894 Oleum
2180 2841 2476 2898 humanam
2514 2845 2791 2916 significat
2829 2853 3337 2917 conversationem,
3367 2854 3548 2908 vinum

1953 2933 2218 2997 divinam,
2246 2945 2303 2990 ut
2338 2937 2443 2991 tale
2474 2939 2602 3008 quid
2633 2939 2809 2995 dicam
2839 2962 2850 2997 :
2881 2945 3152 3000 Dominus
3183 2946 3284 3000 alia
3315 2946 3550 3001 humanc

1955 3039 2103 3077 more
2135 3025 2488 3095 operabatur,
2521 3029 2624 3083 alia
2651 3043 2834 3087 autent
2865 3037 3072 3091 divino.
3100 3036 3410 3093 Humanum
3439 3051 3556 3092 erat

1953 3121 2240 3175 eomedere
2283 3135 2334 3176 et
2373 3123 2580 3188 bibere,
2618 3137 2672 3180 et
2705 3131 2871 3182 vitam
2921 3130 3184 3186 laxiorem
3231 3133 3464 3197 sectari,
3500 3143 3550 3189 et

1955 3227 2058 3264 non
2091 3216 2463 3270 austeritatem
2498 3235 2610 3288 pta:
2646 3237 2704 3274 se
2739 3222 2903 3288 ferre,
2955 3235 3011 3277 ut
3064 3225 3342 3282 Joannes:
3393 3238 3557 3298 atque

1951 3304 2055 3358 hoc
2079 3306 2243 3361 fuerit
2275 3308 2477 3363 oleum.
2509 3310 2782 3380 Jejunium
2811 3330 2941 3369 vero
2971 3318 3241 3382 mirabile,
3277 3329 3332 3374 ει
3355 3320 3553 3376 ambu—

1950 3400 2082 3454 latio
2119 3400 2170 3454 iu
2207 3402 2370 3466 mari,
2407 3413 2461 3457 et
2500 3405 2619 3459 alia:
2657 3407 2855 3463 divina:
2892 3410 3144 3476 virtutes,
3178 3413 3363 3468 vinum
3403 3423 3550 3469 sunt.

1953 3493 2090 3546 Vino
2130 3495 2274 3548 enim
2325 3496 2624 3550 assimilata
2679 3501 2770 3554 est
2813 3503 3008 3569 deitas,
3063 3520 3224 3569 quam
3277 3520 3550 3562 meracam

1949 3585 2228 3642 sustinere
2281 3603 2344 3660 ac
2403 3587 2547 3644 ferre
2585 3593 2765 3648 nullus
2814 3605 3022 3665 posset,
3089 3598 3195 3652 nisi
3255 3607 3309 3653 et
3370 3601 3549 3656 oleum

1949 3680 2184 3744 adesset,
2218 3678 2323 3737 hoc
2371 3687 2458 3737 est
2496 3683 2788 3741 humanior
2815 3691 3183 3745 conversatio.
3222 3692 3288 3746 Et
3319 3695 3552 3762 proinde

1948 3772 2074 3840 quia
2111 3789 2207 3842 per
2231 3785 2466 3844 utraque
2506 3793 2606 3834 nos
2638 3783 2915 3846 servavit,
2949 3784 3293 3841 divinitatem
3323 3787 3547 3857 inquam

1946 3876 1999 3918 et
2038 3867 2477 3925 humanitatem:
2534 3883 2826 3941 propterea
2861 3877 2988 3931 dicit
3031 3881 3217 3934 vinum
3271 3891 3326 3937 et
3366 3882 3550 3939 oleum

1945 3957 2104 4027 351
2157 3957 2445 4019 infudisse.
2489 3961 2558 4018 Et
2594 3968 2838 4034 quotidie
2885 3969 2977 4039 qui
3023 3971 3377 4036 baptizantur
3419 3977 3554 4032 libe-

1948 4064 2140 4107 rantur
2168 4069 2196 4108 a
2227 4041 2546 4114 vulneribus
2582 4062 2812 4127 animm,
2862 4064 2982 4118 oleo
3032 4067 3250 4134 quidem
3283 4073 3546 4139 unguenti

1947 4146 2091 4199 uncti
2119 4165 2132 4200 ε
2163 4149 2350 4203 statim
2389 4160 2572 4206 autem
2624 4157 3094 4213 communicantes
3124 4167 3178 4213 et
3212 4160 3384 4216 divini
3418 4179 3547 4218 san-

1951 4238 2128 4306 guinis
2186 4242 2481 4312 participes
2532 4246 2689 4301 fiunt.
2747 4247 2920 4302 Pot-ro
2959 4251 3226 4308 Dominus
3288 4255 3553 4325 imposuit

1946 4330 2189 4382 sauciam
2226 4342 2472 4388 nostram
2507 4349 2757 4392 naturam
2802 4356 2968 4409 super
3015 4345 3296 4414 proprium
3331 4345 3551 4414 jumen-

1949 4427 2086 4485 tum,
2127 4424 2228 4477 hoc
2273 4434 2379 4491 est,
2435 4443 2600 4497 super
2646 4446 2846 4501 corpus
2878 4450 3060 4488 suum.
3105 4437 3348 4495 Membra
3401 4443 3547 4498 enim

1948 4527 2043 4564 sua
2097 4530 2197 4570 nos
2244 4515 2376 4573 fecit
2431 4529 2486 4574 et
2533 4523 2827 4594 participes
2884 4527 2967 4581 sui
2996 4532 3297 4597 corporis:
3338 4550 3552 4606 nosque

1950 4599 2138 4655 infimo
2189 4594 2308 4660 l‘oco
2339 4607 2474 4663 sitos
2500 4612 2682 4678 posuit
2715 4614 2766 4667 in
2810 4616 3134 4686 dignitatem
3194 4624 3367 4690 illam,
3405 4639 3462 4681 ut
3497 4640 3551 4682 et

1946 4692 2191 4762 ejusdem
2233 4703 2484 4768 corporis
2513 4703 2707 4760 simus.
2750 4707 3123 4767 Diversorium
3154 4728 3334 4771 autem
3366 4719 3552 4775 Eccle-

1944 4786 2022 4838 sia
2053 4795 2156 4849 εει,
2187 4803 2308 4858 quae
2338 4808 2530 4849 omnes
2579 4800 2844 4868 suscipit;
2900 4792 2987 4857 lci
3036 4806 3182 4860 enim
3217 4824 3322 4862 non
3355 4826 3547 4868 omms

1943 4879 2303 4948 suscipiebat.
2337 4883 2571 4940 Moabita
2602 4885 2770 4953 enim,
2804 4892 2959 4958 dicit,
2999 4907 3055 4949 et
3090 4898 3406 4956 Ammonita
3438 4918 3546 4958 non

1948 4967 2232 5027 intrabunt
2269 4974 2321 5028 in
2348 4976 2650 5033 Eeclesiam
2684 4981 2803 5039 Dei.
2861 4983 3013 5041 Nunc
3059 4999 3238 5045 autem
3295 4994 3346 5047 in
3396 4998 3547 5052 omni

1942 5072 2105 5130 gente
2129 5066 2221 5146 qui
2250 5069 2406 5123 timet
2438 5069 2607 5127 Deum
2631 5117 2646 5140 ,
2687 5086 2952 5147 acceptus
2991 5090 3077 5136 est
3111 5085 3181 5145 ei,
3227 5091 3389 5143 modo
3419 5091 3554 5148 velit

1943 5140 2171 5213 credere
2193 5173 2246 5214 et
2269 5177 2395 5231 pars
2421 5164 2536 5219 fieri
2568 5169 2846 5237 Ecclesiae,
2873 5187 2995 5241 quae
3016 5191 3208 5230 omnes
3231 5191 3552 5246 peccatores

1940 5259 1995 5302 et
2040 5254 2366 5320 publicanos
2415 5261 2669 5330 suscipit.
2709 5265 2841 5319 Vide
2893 5267 3021 5321 item
3077 5280 3132 5325 et
3181 5274 3546 5341 diligentiam.

1941 5349 2217 5412 quomodo
2266 5351 2498 5420 ducens,
2549 5355 2747 5426 inquit,
2805 5359 2856 5412 in
2909 5363 3297 5433 diversorium,
3358 5386 3546 5428 curam

1938 5439 2058 5507 ejus
2084 5443 2279 5510 egerit.
2306 5443 2442 5499 Nam
2469 5449 2624 5516 prius
2649 5466 2811 5520 quam
2847 5454 2899 5507 in
2943 5456 3047 5510 hoc
3081 5458 3330 5526 duceret,
3364 5464 3543 5520 solum

1940 5531 2185 5601 alligavit
2215 5537 2466 5594 vulnera.
2504 5543 2642 5608 Quid
2689 5545 2854 5615 igitur
2886 5558 2973 5602 est
3021 5553 3165 5619 quod
3206 5553 3374 5609 dico?
3408 5559 3544 5624 Quia

1939 5637 2062 5678 cum
2107 5630 2404 5684 constituta
2441 5643 2525 5689 est
2552 5635 2822 5700 Ecclesia,
2860 5650 2914 5694 et
2953 5641 3155 5698 factum
3188 5656 3271 5701 est
3298 5648 3544 5704 diverso-

1940 5716 2104 5785 rium,
2132 5719 2236 5776 hoc
2258 5732 2365 5791 est,
2388 5740 2452 5778 ex
2471 5728 2726 5784 omnibus
2747 5729 2921 5788 ferme
2948 5737 3204 5805 gentibus
3229 5739 3334 5796 lide
3357 5750 3539 5806 aucta,

1942 5819 2070 5866 tunc
2099 5811 2322 5870 fuerunt
2348 5827 2401 5871 et
2424 5819 2663 5889 Spiritus
2693 5826 2868 5881 sancti
2903 5829 3041 5883 dona
3065 5873 3078 5892 ,
3111 5840 3167 5886 et
3205 5834 3426 5888 dilatata
3461 5845 3546 5892 est

1937 5905 2112 5974 gratia
2154 5907 2285 5965 Dei:
2327 5910 2378 5966 iu
2424 5915 2568 5983 quod
2605 5929 2670 5971 ex
2703 5917 2854 5974 Actis
2915 5926 3284 5991 apostolorum
3338 5930 3544 5990 disces.
