4256 6432
790 395 891 459 851
1673 374 2248 441 THEOPHYLACTI
2286 372 2387 433 BU
2396 372 2471 431 LE

2351 371 2697 433 ULGARIE
2736 368 3095 430 ARCHIEP.
3923 356 4032 425 852

789 503 961 558 Tenet
1015 509 1189 554 autem
1226 498 1448 566 ﬁguram
1479 492 1705 559 hospitis
1757 488 1932 544 omnis
1976 484 2252 553 apostolus
2296 491 2349 538 et
2376 483 2470 548 Αγ

2376 483 2419 542 Α
2450 482 2558 550 γάρ
2585 480 2617 550 ἢ
2647 480 2955 546 ἀπαγαγεῖν
2979 480 3058 541 είς
3086 478 3263 539 τοῦτο,
3292 475 3452 543 μόνον
3478 474 3741 544 κατέδησε
3766 472 3837 526 τὰ
3868 472 4032 543 τραύο

790 599 976 649 doctor
1002 601 1053 644 et
1077 565 1290 659 pastor:
1319 586 1515 655 quibus
1554 584 1698 637 dedit
1735 580 1993 632 Dominus
2018 579 2153 629 duos
2179 577 2346 629 dena-
2457 588 2471 639 ε

2457 586 2621 639 ματα.
2677 567 2740 621 Τί
2778 567 2872 621 οῦν
2906 569 3053 619 ἐστιν
3092 568 3119 619 ὅ
3153 583 3329 636 φημι;
3379 566 3500 619 Ὀτι
3553 567 3651 634 τῆς
3693 565 4032 635 Ἐκκλησίας

790 687 922 744 rios,
949 685 1052 735 dno
1084 678 1452 741 TeSIamenta,
1486 675 1645 727 Vetus
1675 683 1727 726 ct
1756 670 1981 724 Novum.
2013 668 2182 724 Unius
2206 665 2347 720 enim
2454 679 2471 714 c

2454 662 2750 730 συστάσης,
2783 661 2875 714 καὶ
2902 659 3193 728 γενομένου
3227 656 3321 710 τοῦ
3347 657 3689 726 πανδοκείου,
3723 658 4031 723 τουτέστιν,

789 790 878 843 reg
905 789 929 827 s
960 771 1248 841 imaginem
1275 780 1499 834 utraque
1520 772 1722 828 tenent,
1755 777 1946 829 nempe
1968 760 2112 829 quod
2138 759 2347 828 eloquia
2451 756 2470 805 ἐ

2451 756 2514 805 ἐκ
2558 753 2773 806 πάντων
2802 751 2989 823 σχεδὸν
3020 752 3126 804 τῶν
3171 749 3341 802 ἐθνῶν
3372 750 3470 818 τῆς
3503 750 3741 812 πίστεως
3778 747 4035 818 αὐξηθεί-

790 866 882 916 Dei
932 864 1061 915 sint.
1094 860 1279 927 Itaque
1310 858 1557 915 denarios
1592 854 1711 906 illos
1741 851 1999 905 Dominus
2051 850 2102 902 in
2153 849 2347 902 cmlnm
2454 860 2471 895 c

2454 860 2573 911 σης,
2608 842 2728 894 τότε
2772 843 2987 906 ἐγένετο
3018 840 3112 892 καὶ
3148 838 3471 908 ιινεύματος
3507 838 3663 903 ἀγίου
3702 836 3905 905 δωρεὰ,
3939 835 4033 887 καὶ

1796 951 1849 993 et
1900 939 2166 1007 episcopis
2233 937 2350 990 aliis
2454 934 2486 1002 ἡ
2534 934 2691 1001 χάρις
2732 931 2824 984 τοῦ
2865 930 3002 982 Θεοῦ
3052 929 3402 983 ἐπλατύνετο,
3442 930 3477 980 Κ

2454 934 2486 1002 ἠ
2534 934 2691 1001 χάρις
2732 931 2824 984 τοῦ
2865 930 3002 982 Θεοῦ
3052 929 3402 983 ἐπλατύνετο.
3442 929 3548 980 Καὶ
3599 928 3760 980 τοῦτο
3811 925 4036 998 μαθήσῃ

791 954 1091 1006 ascendens
1146 950 1359 1015 reliquit
1424 944 1680 1010 apostolis
1715 984 1727 1002 ,

2450 1022 2559 1074 ἀπὸ
2586 1022 2691 1073 τῶν
2716 1020 2977 1091 Ιῐράξεων
3006 1020 3114 1072 τῶν
3141 1018 3478 1071 ἀποστόλων.
3526 1016 3745 1085 Ἐπέχει
3775 1016 3835 1069 δὲ
3864 1015 4037 1067 τύπον

786 1054 949 1107 atque
980 1040 1309 1092 doctoribus.
1364 1036 1507 1089 Dixit
1556 1043 1735 1085 autem
1789 1031 2090 1099 :Lluidquid
2138 1045 2204 1084 ex
2259 1038 2350 1081 luo

786 1132 1163 1197 insumpseris,
1202 1144 1310 1197 ego
1360 1128 1497 1180 dabo
1550 1127 1663 1178 tibi.
1712 1123 1915 1176 Revera
1972 1122 2113 1177 enim
2148 1120 2213 1174 de
2251 1132 2350 1173 suo

787 1222 1019 1289 apostoli
1059 1220 1219 1272 multa
1257 1220 1692 1283 insumpserunt,
1741 1214 1963 1265 multum
2019 1212 2346 1270 laborantes,

787 1322 837 1363 et
872 1312 1070 1377 ubique
1125 1309 1423 1361 doctrinam
1474 1304 1826 1357 seininantes.
1875 1302 1980 1354 Sed
2017 1312 2069 1353 et
2101 1301 2350 1352 doctores

789 1405 876 1470 qui
907 1402 1196 1467 explanant
1222 1398 1384 1453 Velm
1406 1405 1458 1449 et
1486 1396 1687 1449 Novum
1720 1394 2153 1451 Testamentum,
2183 1391 2346 1444 multa

786 1510 815 1545 e
848 1508 943 1543 suo
992 1493 1302 1551 insumunt,
1354 1501 1449 1554 pro
1501 1486 1693 1554 quibus
1731 1486 2029 1537 mercedem
2086 1481 2350 1548 accipient

789 1586 1015 1637 Domino
1050 1584 1291 1635 redituro
1338 1581 1389 1633 in
1442 1577 1681 1632 secundo
1710 1577 1963 1629 adventu.
2006 1573 2156 1626 'l‘unc
2206 1572 2346 1625 enim

784 1676 978 1745 singuli
1037 1674 1218 1728 dicent
1260 1673 1347 1725 ei:
1395 1657 1656 1728 Domine,
1690 1668 1822 1720 duos
1871 1663 2122 1717 denarios
2155 1660 2345 1714 dedisti

2452 1114 2761 1181 πανδοχέως
2790 1114 2897 1175 πᾶς
2931 1111 3249 1175 ἀπόστολος,
3284 1112 3381 1163 καὶ
3406 1109 3748 1172 διδάσκαλος,
3782 1109 3879 1161 καὶ
3910 1091 4044 1159 ποι-³

2457 1203 2596 1273 μὴν,
2650 1197 2729 1265 οἷς
2762 1201 2995 1254 δέδωκεν
3039 1202 3066 1251 ό
3102 1201 3306 1269 Κύριος
3358 1198 3453 1253 δύο
3498 1198 3767 1269 δηνάρια,
3809 1198 3908 1258 τὰς
3940 1193 4034 1249 δύο

2453 1293 2759 1359 Διαθήκας,
2808 1293 2905 1362 τὴν
2958 1293 3199 1345 Παλαιὰν
3240 1291 3332 1344 καὶ
3368 1291 3467 1361 τὴν
3512 1291 3678 1343 Νέαν.
3736 1290 3890 1350 Ἔνος
3925 1292 4034 1357 γὰρ

2453 1388 2636 1441 εἰκόνα
2690 1386 2951 1455 βασιλέως
3005 1386 3263 1456 φέρουσιν
3315 1384 3661 1453 ἀμφότεραι,
3719 1382 3813 1435 τοῦ
3868 1380 4032 1456 αἰτοῦ

2451 1478 2586 1531 Θεοῦ
2617 1478 2773 1545 λόγια
2808 1478 2983 1531 οὖσαι.
3022 1477 3206 1529 Ταῦτα
3238 1477 3369 1543 γοῦν
3394 1475 3461 1527 τά
3490 1477 3719 1545 δηνάρια
3751 1477 3830 1535 εἰς
3865 1475 4033 1541 ούραο

2451 1570 2574 1631 νοῦς
2612 1570 2974 1638 ἀνερχόμενος
3020 1571 3047 1621 ό
3078 1567 3281 1637 Κύριος
3333 1567 3593 1620 κατέλιπε
3634 1558 3746 1628 τόῖς
3794 1564 4033 1617 ἀποττόο

2452 1655 2587 1719 λοις,
2625 1656 2717 1706 καὶ
2761 1640 2873 1716 τοίς
2915 1656 3054 1707 κατὰ
3099 1658 3324 1726 καιροὺς
3373 1655 3716 1717 ἐπισκόποις,
3751 1655 3845 1705 καὶ
3885 1652 4032 1704 διδα-

789 1770 944 1832 mihi,
978 1780 1105 1821 ecce
1132 1767 1271 1818 alios
1316 1763 1449 1817 duos
1489 1769 1748 1827 praeterea
1784 1753 2044 1823 impendi.
2084 1749 2179 1805 Cui
2208 1750 2347 1804 dicet
2452 1764 2470 1799 c

2382 1830 2407 1832 _
2452 1747 2689 1809 σκάλοις.
2730 1742 2861 1799 Εἶπε
2889 1747 2963 1808 δὲ,
3001 1748 3081 1800 ὃτι
3119 1751 3183 1801 ’0
3218 1748 3285 1800 ἂν
3318 1748 3771 1817 προσδαπανήσῃς
3799 1743 4035 1801 οἴκοθεν,

786 1871 836 1912 et
867 1860 1012 1927 ipse:
1046 1858 1215 1927 Euge,
1240 1868 1394 1909 serve
1419 1854 1575 1914 bone,
1608 1860 1712 1902 etc.

2374 1830 2421 1888 Β
2450 1839 2561 1907 ἐγὼ
2584 1838 2739 1891 δώσω
2772 1856 2875 1892 σοι.
2903 1838 2993 1909 Τῷ
3016 1840 3129 1891 ὄντι
3158 1839 3267 1911 γὰρ
3310 1832 3801 1910 προσεδαπάνησαν
3827 1838 4037 1890 οἴκοθεν

788 1955 835 2006 οἱ
858 1949 1176 2011 ἀπόστολοι,
1210 1946 1377 1999 πολλά
1409 1944 1769 2002 κοπιάσαντες
1790 1982 1803 2002 ,
1832 1937 1925 1990 καὶ
1949 1933 2221 2004 πανταχοῦ
2250 1933 2348 2003 τὴν
2386 1932 2737 1986 διδασκαλίαν
2771 1932 3107 2002 σπείροντες.
3159 1932 3320 1985 Ἀλλά
3360 1934 3449 1985 καὶ
3483 1934 3530 1983 οἱ
3601 1934 3743 1984 κατά
3809 1930 4039 1999 καιροὺς

785 2041 1092 2095 διδάσκαλοι
1132 2036 1483 2107 ἐξηγούμενοι
1520 2033 1616 2102 τὴν
1644 2030 1885 2084 Παλαιὰν
1918 2029 2009 2081 καὶ
2042 2029 2140 2096 τὴν
2179 2025 2345 2088 Νέαν,
2386 2025 2554 2078 πολλά
2614 2025 3097 2095 προσεδαπάνησαν
3173 2024 3382 2077 οἴκοθεν
3407 2067 3420 2089 ,
3481 2024 3621 2093 ὑπὲρ
3690 2018 3764 2074 ὧν
3806 2026 3898 2075 τὸν

3944 2042 4035 2087 μι-

789 2135 915 2187 σθὸν
944 2131 1315 2201 ἀπολήψονται
1354 2130 1413 2180 ἐν
1446 2125 1524 2195 τῷ
1560 2123 1957 2191 ἐπανέρχεσθαι
2028 2120 2116 2171 τὸν
2159 2117 2386 2189 Κύριον,
2446 2118 2721 2171 τουτέστιν
2778 2122 2836 2171 ἐν
2907 2121 2971 2187 τῇ
3010 2119 3240 2188 δευτέρᾳ
3284 2120 3577 2186 παρουσία.
3632 2116 3767 2167 Τότε
3810 2116 3921 2185 γὰρ
3973 2116 4039 2167 ἂν

789 2230 931 2281 εἴποι
982 2224 1213 2310 Exacto;
1248 2219 1424 2275 αὐτῶν
1476 2216 1656 2285 αὐτῷ·
1723 2213 1933 2283 Κύριε,
1990 2211 2086 2264 δύο
2129 2211 2357 2280 δηνάρια
2426 2208 2664 2272 δέδωκάς
2709 2226 2834 2280 μοι,
2891 2210 2998 2263 ἰδοὺ
3033 2209 3166 2264 ἀλλα
3218 2208 3312 2261 δύο
3355 2207 3836 2278 προσεδαπάνησα.
3896 2207 4038 2275 Πρ>ς

787 2319 847 2370 ὃν
878 2320 994 2388 ἐρεῖ
1020 2318 1113 2369 καὶ
1144 2307 1303 2377 αὐτός
1329 2330 1341 2342 ·
1378 2312 1478 2374 Εὖ,
1516 2310 1667 2364 δοῦλε
1706 2307 1899 2377 ἀγαθέ.
3196 2354 3201 2360 η

864 2385 1026 2464 Vsus.
1063 2406 1247 2461 58-49..
1291 2423 1306 2455 ι
1342 2403 1561 2459 Factum
1586 2411 1668 2455 est
1702 2410 1877 2453 autem
1926 2399 2051 2451 dum
2107 2397 2265 2460 irent,
2298 2405 2354 2449 ut
2534 2410 2545 2441 ι

2534 2410 2547 2441 ι
2592 2389 2841 2458 Ἐγένετο
2869 2388 2924 2440 δὲ
2952 2390 3009 2440 ἐν
3038 2386 3121 2457 τῷ
3152 2386 3482 2457 πορεύεσθαι
3510 2387 3725 2448 αὐτοὺς,
3758 2387 3852 2439 καὶ
3873 2385 4036 2449 αὐτὸς

786 2506 902 2575 ipse
950 2503 1176 2556 intraret
1238 2499 1289 2550 in
1331 2495 1597 2565 quoddam
1663 2492 1995 2562 oppidulum,
2050 2505 2110 2543 ac
2168 2490 2359 2543 mulier
2453 2504 2467 2538 t

2353 2505 2359 2520 ι
2453 2483 2700 2553 εἰσῆλθεν
2731 2482 2809 2544 είς
2833 2480 3027 2550 κώμην
3046 2481 3188 2545 τινὰ,
3206 2479 3343 2550 γυνὴ
3362 2480 3416 2533 δέ
3440 2497 3543 2543 τις,
3564 2480 3784 2549 ὀνόματι
3804 2480 4034 2551 Μάρθα,

790 2598 1034 2667 ιιιιιῐειιιιιιιι
1086 2592 1291 2645 Martha
1325 2590 1538 2642 nomine
1581 2584 1793 2653 excepit
1818 2585 1967 2667 illum
2026 2583 2077 2635 itt
2140 2582 2355 2634 domum

790 2705 942 2744 suum
972 2706 985 2740 :
1021 2696 1073 2739 et
1102 2684 1225 2738 huic
1250 2691 1364 2735 erat
1396 2695 1547 2734 soror
1581 2679 1797 2732 nomine
1819 2652 2010 2738 Maria,
2052 2687 2172 2742 quae
2196 2672 2357 2725 etiam

790 2779 1036 2833 assidens
1064 2776 1127 2829 ad
1159 2777 1321 2843 pedes
1367 2770 1493 2825 Jesu
1535 2768 1786 2824 audiebat
1824 2780 2126 2820 sermonem
2188 2764 2353 2817 illius.

788 2871 997 2925 Martha
1024 2876 1200 2921 autem
1236 2862 1635 2919 distrahebatur
1661 2861 1803 2915 circa
1835 2857 2089 2927 frequens
2116 2856 2358 2909 ministe-

787 2964 961 3025 rium;
1033 2975 1151 3029 ane
1198 2957 1478 3020 assistens,
1508 2953 1582 3006 ait
1624 2968 1638 3004 :
1689 2950 1950 3017 Domine,
1988 2964 2090 3002 non
2125 2958 2207 3002 est
2263 2947 2355 3001 tibi

789 3070 932 3111 cura:
979 3052 1123 3121 quod
1179 3065 1334 3104 soror
1386 3061 1501 3103 mea
1559 3043 1777 3113 reliquit
1828 3056 1912 3095 me
1945 3051 2001 3093 ut
2039 3040 2150 3093 sola
2192 3038 2356 3091 mini-

789 3147 998 3205 strent?
1034 3145 1129 3197 Dic
1158 3157 1283 3211 ergo
1306 3139 1379 3193 illi
1420 3147 1476 3191 ut
1506 3152 1592 3192 me
1642 3134 1871 3203 adjuvet.
1911 3131 1977 3185 Et
2026 3132 2355 3201 respondens

789 3238 924 3294 dixit
956 3236 1029 3289 illi
1060 3234 1252 3288 Jestts:
1288 3227 1523 3291 Martha,
1551 3224 1789 3286 Martha,
1823 3220 2052 3277 sollicita
2080 3234 2161 3284 es,
2194 3229 2247 3271 et
2270 3225 2353 3269 tu-

788 3324 1237 3383 multuariseirea
1261 3318 1460 3373 multa:
1487 3315 1632 3385 atqui
1664 3328 1827 3368 unum
1851 3319 1935 3366 est
1962 3314 2353 3365 necessarium.

787 3421 955 3474 Maria
990 3427 1168 3471 autem
1215 3416 1405 3467 bonam
1461 3418 1666 3479 partem
1720 3404 1936 3473 delegit,
1968 3416 2087 3471 qua
2120 3416 2227 3454 non
2259 3414 2358 3452 au-

789 3514 997 3567 feretur
1023 3510 1088 3563 ab
1115 3523 1201 3562 ea.
1230 3525 1247 3556 ι
1286 3504 1476 3574 Magna
1507 3500 1721 3570 quidem
1758 3494 2144 3565 hospitalitatis
2183 3492 2357 3546 virtus

788 3614 893 3667 est,
930 3604 977 3655 id
1007 3600 1149 3667 quod
1193 3594 1399 3650 Martha
1433 3590 1693 3654 ostendit,
1728 3597 1780 3642 et
1831 3600 1937 3639 non
1997 3582 2289 3652 rejicienda
2338 3598 2352 3635 :

789 3694 962 3757 major
992 3700 1170 3744 autem
1207 3686 1487 3741 attendere
1515 3680 1695 3736 verbis
1732 3677 1904 3747 magis
1938 3674 2310 3745 spiritualibus
2340 3690 2352 3725 :

786 3803 884 3859 per
907 3784 1068 3856 352
1104 3782 1247 3837 illam
1268 3779 1410 3833 enim
1438 3789 1633 3843 corpus
1658 3772 1917 3841 pascitur,
1934 3783 2030 3838 per
2047 3770 2147 3824 hoc
2178 3766 2357 3820 anima

787 3858 1113 3933 viviﬁcatur.
1142 3874 1256 3928 Non
1284 3872 1425 3933 enim
1462 3877 1683 3939 propter
1712 3866 1815 3919 hoc
1851 3876 2126 3927 assumus,
2158 3858 2357 3930 inquit,

786 3988 820 4024 o
855 3970 1088 4032 Martha,
1123 3975 1181 4020 ut
1215 3974 1457 4019 ventrem
1493 3959 1812 4029 impleamus
1857 3955 2025 4010 variis
2057 3953 2214 4018 cibis,
2263 3949 2356 4005 sed

786 4073 848 4115 ιιι
876 4059 1158 4113 animabus
1181 4054 1339 4109 utiles
1373 4053 1563 4105 simus.
1590 4047 1726 4103 Vide
1756 4048 1883 4101 item
1907 4055 1962 4099 et
1995 4043 2205 4098 Domini
2233 4057 2358 4096 sett-

790 4154 1035 4208 tentiam.
1088 4146 1230 4202 Nihil
1266 4146 1415 4213 prius
1466 4142 1604 4195 dixit
1656 4140 1898 4203 Marthae,
1954 4152 2115 4206 quam
2162 4137 2229 4189 ab
2266 4134 2353 4189 illa

786 4238 1183 4312 perstringendi
1216 4242 1451 4289 sumeret
1478 4232 1843 4286 occasionem.
1876 4228 2169 4295 POStqnam
2211 4224 2354 4276 enim

787 4336 878 4389 illa
908 4330 1137 4384 avellere
1172 4326 1394 4382 tentavit
1420 4336 1663 4378 sororem
1696 4321 1765 4375 ab
1794 4320 2007 4381 auditu,
2050 4326 2160 4369 tum
2200 4313 2356 4369 deni-

786 4440 889 4493 que
914 4422 1191 4483 Dominus,
1221 4427 1432 4485 arrepta
1461 4412 1766 4477 occasione,
1793 4410 1938 4463 illam
1958 4406 2353 4475 νει-δοται.ζῶ-

2458 2571 2754 2636 ὑπεδὲξατο
2787 2570 2949 2624 αὑτὸν
2977 2572 3057 2633 είς
3090 2571 3181 2622 τὸν
3231 2564 3383 2623 οἷκον
3410 2570 3600 2637 αὐτῆς.
3656 2570 3764 2622 Καὶ
3808 2571 3939 2640 τῇδε
3967 2565 4037 2639 ἦν

2460 2664 2666 2735 ἀδελφὴ
2725 2664 3034 2734 καλουμένη
3105 2662 3311 2733 Μαρία,
3373 2664 3405 2731 ἢ
3464 2664 3558 2715 καὶ
3609 2663 4042 2732 παρακαθίσασα

2462 2756 2613 2827 παρά
2641 2757 2765 2818 τοῦς
2801 2754 2969 2817 πόδας
3003 2752 3095 2806 τοῦ
3144 2754 3341 2820 Ἰησοῦ,
3383 2754 3549 2823 ἤκουε
3577 2753 3684 2806 τῶν
3733 2754 3912 2820 λόγων
3940 2757 4038 2808 αῦ-

2461 2848 2579 2902 τοῦ.
2638 2848 2699 2900 Ἦ
2723 2847 2777 2899 δὲ
2812 2846 3014 2915 Μάρθα
3067 2845 3407 2915 περιεσπᾶτο
3465 2846 3591 2916 περὶ
3623 2845 3825 2914 πολλὴν
3858 2846 4041 2898 διακο-

2464 2941 2605 2995 νίαν.
2658 2939 2958 2992 Ἐπιστᾶσα
2990 2938 3046 2990 δὲ
3088 2934 3245 2991 εἴπεο
3286 2936 3480 3008 Κύριε,
3520 2938 3580 2990 οὺ
3618 2937 3769 3008 μέλει
3807 2956 3913 2999 σοι.
3956 2941 4040 2992 ὅτι

2464 3036 2497 3103 ἡ
2544 3033 2745 3103 ἀδελφή
2791 3050 2895 3103 μου
2941 3031 3076 3102 μόνη
3130 3049 3198 3102 με
3236 3031 3499 3084 κατέλιπε
3539 3032 3851 3095 διακονεῐν;
3903 3033 4040 3085 Εἰπὲ

2463 3120 2556 3177 οὖν
2579 3126 2739 3194 αὐτῇ,
2772 3124 2863 3175 ἵνα
2905 3139 2994 3192 μοι
3057 3120 3537 3191 συναντιλάϐηται.
3588 3122 3940 3191 Ἀποκριθεὶς
3983 3122 4041 3176 δὲ

2461 3215 2614 3271 εἶπεν
2639 3218 2777 3287 αὐτῇ
2812 3217 2840 3268 ὁ
2884 3216 3127 3285 Ἰησοῦς·
3182 3215 3403 3285 Μάρθα,
3455 3214 3677 3285 Μάρθα,
3742 3216 4037 3284 μεριμνᾷς,

2461 3310 2554 3363 καὶ
2584 3306 2830 3379 τυρϐάζῃ
2866 3302 2997 3377 περὶ
3035 3305 3223 3359 πολλά.
3272 3306 3422 3368 Ἐνὸς
3454 3305 3509 3357 δέ
3551 3308 3665 3358 ἐστι
3699 3306 3875 3374 χρεία.
3915 3306 4040 3357 Μα-

2462 3404 2553 3472 ρία
2587 3400 2640 3453 δὲ
2668 3400 2767 3468 τὴν
2792 3391 3226 3468 ἀγαθὴν’μερίδα
3266 3390 3715 3467 ἐξελέξατο,’ἧτις
3744 3398 3846 3449 οὐκ
3872 3397 4041 3463 ἀφαι-

2465 3492 2756 3564 ρεθήσεται
2787 3491 2882 3543 ἀπ’
2914 3492 3105 3559 αὐτῆς.
3151 3510 3169 3541 ι
3202 3491 3361 3555 Μέγα
3394 3490 3495 3560 μὲν
3519 3489 3577 3542 τὸ
3601 3489 3698 3558 τὴς
3727 3488 4039 3555 φιλοξενίας

2459 3584 2691 3654 ἀγαθὸν,
2728 3583 3145 3654 ὅπερὴΜάρθα
3188 3582 3557 3647 ἐπεδείκνυτο,
3598 3582 3695 3635 καὶ
3744 3581 3848 3633 οὐκ
3896 3582 4037 3633 ἀπό.

2460 3677 2676 3748 σλητονο
2718 3676 2901 3746 μεῖζον
2949 3676 3005 3728 δὲ
3036 3674 3095 3728 τὸ
3128 3676 3414 3747 προσέχειν
3440 3676 3552 3735 τοῖς
3583 3675 4039 3743 πνευματικά)τὲ-

2464 3788 2579 3841 ροις
2606 3769 2809 3837 λόγοις.
2844 3768 2921 3820 Δι’
2948 3768 3161 3819 ἐκείνου
3193 3766 3289 3837 μὲν
3319 3767 3428 3837 γάρ
3456 3765 3516 3817 τὸ
3558 3765 3717 3834 σῶμα
3746 3754 4035 3835 τρέφεται,

2460 3861 2547 3915 διὰ
2579 3860 2636 3913 δὲ
2667 3858 2860 3911 τούτου
2893 3860 2926 3927 ἡ
2956 3856 3102 3928 ψυχὴ
3133 3855 3388 3920 ζωοῦται.
3445 3855 3521 3909 Οὐ
3557 3857 3667 3926 γὰρ
3718 3857 3806 3909 διὰ
3854 3856 4037 3921 τοῦτο,

2461 3954 2619 4022 φησι,
2673 3955 2978 4021 πάρεσμεν,
3038 3943 3083 4002 ὧ
3128 3948 3347 4019 Μάρθα,
3386 3948 3470 4001 ἵνα
3509 3948 3607 4018 τὴν
3659 3949 3905 4017 γαστέρα
3942 3950 4039 4018 ἑμ-

2457 4046 2750 4112 πλήσωμειν
2779 4041 3039 4095 ποικίλων
3070 4040 3398 4113 βρωμάτων,
3420 4040 3536 4094 ἀλλ’
3570 4040 3657 4093 ἵνα
3682 4040 3860 4111 ψυχὰς
3882 4042 4034 4111 ὠφε-

2455 4136 2735 4207 λήσωμεν.
2767 4134 2911 4204 Ὅρα
2943 4132 3000 4186 δὲ
3028 4132 3126 4203 τὴν
3154 4131 3251 4185 τοῦ
3275 4132 3485 4202 Κυρίου
3519 4130 3769 4202 γνώμην.
3802 4133 3878 4185 υῦ
3902 4133 4035 4201 πρό-

2454 4246 2610 4300 τερον
2640 4224 2762 4279 εῐπέ
2802 4243 2854 4278 τι
2882 4225 3020 4297 πρὸς
3044 4222 3145 4294 τὴν
3174 4223 3431 4293 Μάρθαν,
3481 4225 3613 4292 πρὶν
3644 4224 3677 4293 ἢ
3716 4224 3850 4295 παρ’
3884 4224 4037 4277 ἑκεί-

2458 4336 2551 4385 νης
2582 4318 2767 4371 λαϐεῖν
2794 4316 2894 4378 τὰς
2924 4313 3175 4384 ἀφορμάς
3199 4314 3298 4383 τῆς
3326 4314 3694 4385 ὲπιπλήξεως.
3743 4315 3899 4367 Ἐπεὶ
3928 4316 4037 4385 γάρ

2458 4411 2640 4480 ὲκείνη
2674 4407 3105 4463 ἀποσπάσασθαι
3148 4407 3409 4478 ἀπειρᾶτο
3447 4407 3548 4477 τὴν
3579 4406 3819 4478 ἀδελφὴν
3864 4410 4039 4477 αὐτῆς

793 4530 949 4573 tenus
985 4516 1128 4569 enim
1153 4508 1493 4577 hospitalitas
1519 4504 1867 4560 veneratione
1893 4502 2054 4571 digna
2086 4509 2191 4563 est,
2220 4513 2354 4568 qua-
2390 4518 2437 4575 υ
2462 4505 2474 4557 ε

2390 4502 2571 4575 parte
2618 4504 2716 4572 τῆς
2770 4500 3111 4571 ἀκροάσεως,
3155 4499 3276 4551 τότε
3336 4499 3364 4551 ό
3432 4498 3636 4569 Κύριος
3698 4499 4037 4568 δραξάμενος

792 4625 947 4665 tenus
982 4621 1089 4662 non
1120 4602 1387 4658 abstrahit
1415 4608 1469 4653 et
1505 4597 1722 4653 abducit
1752 4610 1853 4650 nos
1898 4609 1927 4648 a
1960 4594 2132 4665 magis
2162 4606 2356 4648 neces-

802 4720 861 4757 sa
872 4704 985 4754 riis.
1008 4696 1111 4752 Sed
1129 4697 1172 4751 si
1199 4692 1424 4762 cmperit
1444 4705 1541 4746 nos
1558 4702 1749 4745 arcere
1764 4703 1795 4743 a
1814 4686 1982 4742 rebus
1993 4686 2352 4758 gravioribus,

790 4806 918 4849 tunc
947 4791 1017 4845 illi
1072 4785 1440 4858 praeferendus
1485 4783 1793 4837 divinorum
1839 4781 2106 4836 auditus:
2159 4781 2269 4835 imo
2309 4780 2353 4834 sl

790 4882 1099 4939 accuratius
1132 4876 1445 4938 dicendum,
1495 4888 1601 4927 non
1648 4870 2071 4941 hospitalitatem
2105 4870 2357 4939 prohibet

791 4976 1074 5039 Dominus,
1107 4970 1202 5026 sed
1264 4967 1582 5021 varietatem
1614 4978 1678 5020 ac
1731 4962 1977 5031 turbam,
2028 4964 2134 5018 hoc
2171 4971 2253 5017 est
2282 4962 2359 5017 di-

791 5066 1141 5121 stractionem
1183 5069 1237 5115 et
1277 5057 1659 5114 turbationem.
1710 5052 1924 5110 Laudat
1963 5053 2106 5109 enim
2148 5051 2358 5123 {regale

792 5157 1104 5227 hospitium.
1127 5152 1322 5219 lQuare
1350 5149 1520 5213 enim,
1546 5147 1737 5216 inquit,
1762 5145 1995 5213 Martha,
2018 5145 2249 5201 sollicita
2275 5159 2355 5209 es,

790 5263 847 5307 et
882 5246 1120 5302 turbaris
1148 5246 1291 5297 circa
1328 5239 1489 5293 multa
1531 5238 1637 5293 hoc
1664 5245 1771 5301 est,
1798 5237 2145 5301 distraheris,
2173 5235 2356 5291 turba-

792 5342 904 5395 ris?
935 5339 1057 5395 Uno
1095 5335 1252 5396 nobis
1314 5345 1449 5400 opus
1500 5337 1606 5394 est,
1670 5342 1862 5400 nempe
1906 5338 1963 5384 ιιι
2011 5328 2357 5384 comedamus

793 5434 1262 5502 qualitercunque.
1298 5439 1405 5479 non
1445 5423 1630 5477 variis.
1677 5422 1904 5489 Quidam
1957 5431 2138 5476 autem
2191 5434 2357 5489 expo-

792 5533 946 5589 uunt,
976 5537 1080 5575 uno
1106 5530 1189 5576 est
1212 5532 1365 5587 opus,
1397 5530 1504 5570 non
1534 5515 1601 5569 de
1624 5527 1741 5573 esu,
1792 5514 1884 5569 sed
1928 5512 2227 5571 attentione
2257 5512 2354 5565 do-

788 5618 1000 5673 ctrinae.
1035 5613 1201 5667 Porro
1221 5610 1381 5665 dictis
1412 5606 1518 5661 illis
1542 5658 1545 5659 ν
1569 5607 1728 5660 docet
1762 5603 2015 5661 Dominus
2060 5600 2351 5674 apostolos,

794 5718 847 5761 ut
878 5722 1001 5761 cum
1041 5702 1287 5757 venerint
1328 5701 1381 5755 in
1426 5697 1644 5753 domum
1703 5695 2003 5766 cujusdam,
2059 5713 2165 5752 non
2205 5698 2351 5752 varia

793 5796 1095 5867 inquirant,
1135 5792 1229 5849 sed
1269 5787 1505 5845 contenti
1556 5786 1667 5843 sint
1718 5784 1917 5855 frugali
1961 5784 2348 5857 hospitalitate,

2458 4595 2738 4668 ἀφορμῆς,
2774 4591 3098 4663 ἐπιπλήττει
3125 4590 3323 4660 αὑτήν.
3368 4588 3548 4659 Μέχρι
3582 4590 3691 4660 γάρ
3714 4590 3839 4642 τότε
3873 4592 3905 4660 ἡ
3954 4609 4038 4660 ipt-

2455 4686 2667 4753 λοξενία
2698 4684 2953 4756 τιμητέα,
2991 4682 3185 4753 μέχρις
3222 4681 3347 4735 δτου
3373 4681 3436 4735 οὐ
3464 4683 3709 4753 περισπᾷ
3732 4683 3903 4752 ἡμᾶς,
3945 4684 4037 4736 καὶ

2456 4782 2743 4850 ἀπαγάγει
2782 4778 2893 4830 τῶν
2940 4774 3410 4845 ἀναγκαιοτέρων.
3457 4773 3629 4828 Ἐπάν
3685 4774 3743 4827 δὲ
3799 4776 4035 4846 ἀρξηται

2456 4868 2691 4923 κωλύειν
2726 4868 2877 4939 ἡμᾶς
2902 4865 3012 4920 ἀπὺ
3055 4864 3166 4918 τῶν
3216 4864 3676 4937 σπουδαιοτέρων,
3722 4867 4033 4936 τηνικαῦτα

2457 4960 2665 5030 ταύτης
2700 4959 3070 5029 προτιμητέον
3094 4956 3195 5027 τὴν
3217 4957 3329 5011 τῶν
3363 4956 3528 5011 θείων
3568 4958 3858 5029 ἀκρόασιν,
3888 4962 4032 5029 μᾶλα

2466 5052 2557 5106 λον
2575 5050 2634 5105 at
2655 5051 2704 5104 εί
2727 5050 2811 5105 δεῖ
2843 5048 2906 5102 τὸ
2932 5046 3325 5120 ἀκριϐέστερον
3348 5048 3547 5114 εἰπεῖν,
3579 5050 3641 5103 οὐ
3686 5049 3790 5120 τὴν
3810 5052 4031 5119 φιλοξε-

2454 5142 2576 5196 νίαν
2604 5141 2803 5195 κωλύει
2837 5142 2867 5194 ὁ
2899 5138 3127 5210 Κύριος,
3163 5139 3301 5193 ἀλλά
3321 5139 3423 5211 τὴν
3445 5139 3723 5194 ποικιλίαν
3753 5143 3851 5195 καὶ
3889 5144 3995 5215 τύρ

2456 5236 2579 5303 ὕην,
2608 5231 2857 5285 τουτέστι
2889 5232 2983 5287 τὸν
3011 5232 3422 5302 περισπασμδν,
3480 5232 3575 5284 καὶ
3607 5232 3707 5302 τὴν
3735 5236 3992 5307 ταραχήν
4014 5250 4028 5265 ⁸

2455 5324 2578 5377 ἐπεὶ
2606 5324 2704 5393 τὴν
2743 5322 2897 5391 λιτὴν
2928 5322 3199 5395 ὑποδοχὴν
3233 5324 3467 5376 tuatui.
3494 5323 3612 5376 Ἵνα
3638 5324 3690 5377 τί
3714 5325 3845 5395 γὰρ,
3875 5328 4028 5400 φησὶ,

2454 5415 2655 5487 Μάρθα
2691 5414 2983 5485 μεριμνᾷς,
3015 5414 3111 5467 καὶ
3136 5412 3383 5486 τυρϐάζῃ
3408 5414 3601 5482 πολλὰ,
3634 5417 3911 5485 τουτέστι,
3942 5438 4030 5473 πε-

2459 5508 2647 5580 ρισπᾷ,
2669 5507 2949 5579 ταράττῃ;
2988 5508 3141 5572 Ἐνδς
3177 5507 3376 5579 ἔχομεν
3424 5509 3616 5580 χρείαν
3645 5509 3743 5562 τοῦ
3781 5514 4028 5580 φαγεῐνὸ

2454 5617 2506 5654 τι
2537 5600 2599 5671 δή
2631 5611 2787 5665 ποτε,
2818 5600 2940 5669 οὐχὶ
2969 5599 3266 5663 ποικιλίας.
3304 5599 3462 5663 Τινὲς
3499 5600 3556 5653 δὲ
3580 5601 3663 5664 τὸ,
3706 5601 3862 5665 Ἐνός
3911 5606 4025 5657 ἔστι

2454 5697 2631 5767 χρεία,
2660 5698 2721 5750 οὐ
2759 5698 2887 5768 περὶ
2916 5694 3007 5750 τοῦ
3036 5696 3231 5764 φαγεῖν
3255 5696 3505 5764 ἐνόησαν,
3532 5696 3678 5749 ἀλλὰ
3700 5696 3797 5750 τοῦ
3830 5699 4027 5768 προσέσ

2452 5806 2569 5859 χειν
2597 5792 2660 5861 τῇ
2700 5788 3037 5858 διδασκαλίᾳ.
3067 5788 3144 5841 Δι’
3171 5782 3247 5843 ὧν
3281 5787 3335 5841 δὲ
3366 5788 3516 5858 λέγει
3541 5830 3555 5855 ,
3618 5790 3862 5845 διδάσκει
3900 5794 4022 5855 τοὺς
