4256 6432
274 390 378 452 853

943 388 1387 448 ENARRATIO
1427 388 1508 450 IN
1549 388 2048 452 EVANGELIUM
2085 391 2318 455 LUC/E.
2357 418 2427 432 -
2463 395 2622 459 CAP.
2668 395 2774 456 XI.

3443 393 3554 458 8‘54

273 505 606 566 ἀποστόλους
645 504 673 555 ό
693 501 916 572 Κύριος,
953 502 1040 556 ἶνα
1066 504 1195 556 ὅταν
1223 502 1536 555 εἰσέλθωσιν
1569 504 1649 566 είς
1675 503 1852 561 οἰκίαν
1884 507 1930 562 Α

1884 507 1930 562 Α
1962 502 2096 556 nihil
2128 504 2244 572 plus
2276 514 2579 574 qurerentes
2612 520 2777 574 quam
2818 513 2873 560 ut
2919 503 3208 558 attendant
3268 503 3547 558 doctrinae.

271 593 440 656 τινὸς,
483 592 651 662 μηδὲν
693 591 940 644 ποικίλον
992 591 1257 662 ζητῶσιν,
1301 591 1416 645 ἀλλ’
1450 592 1729 660 ἀρκῶνται
1779 597 1853 664 τῇ

273 685 396 756 λιτῇ
437 685 697 753 ὑποδοχῇ,
748 683 914 754 μηδὲν
939 683 1102 736 πλέον
1129 682 1442 755 ζητοῦντες,
1479 685 1511 753 ἢ
1551 684 1614 736 τὸ
1649 685 1852 755 προσέ-

276 794 393 846 χειν
421 779 485 845 τῇ
535 774 853 846 διδασκαλίᾳ
881 791 894 805 ο
932 775 1041 827 νόει
1072 774 1131 828 δέ
1167 792 1279 844 μοι,
1333 774 1565 844 Μάρθαν
1619 775 1718 845 μὲν
1752 775 1852 845 τὴν

275 868 587 939 πρακτικὴν
615 866 837 937 ἀρετὴν,
886 867 1109 936 Μαρίαν
1153 866 1210 920 δὲ
1236 866 1338 937 τὴν
1380 867 1637 937 Θεωρίαν.
1659 866 1722 920 Ἦ
1751 868 1849 937 μὲν

275 958 368 1014 οὖν
398 959 677 1030 πρακτικὴ
717 959 1137 1029 περισπασμοὺς
1187 957 1298 1028 ἔχει
1360 959 1455 1012 καὶ
1496 959 1770 1030 ὀχλήσειςι
1818 961 1850 1028 ὴ

274 1049 332 1103 τι
371 1047 592 1120 θεωρία,
619 1051 784 1121 κυρία
805 1050 1072 1121 γενομένη
1099 1051 1207 1104 τῶν
1246 1050 1456 1104 παθῶν·
1493 1052 1684 1123 Μαρία
1717 1051 1848 1122 γάρ,

277 1139 442 1207 κυρία
463 1181 477 1199 ,
527 1139 912 1211 ἑρμηνεύεταιο
945 1142 1025 1203 είς
1055 1141 1153 1210 τὴν
1202 1141 1312 1194 τῶν
1360 1141 1519 1195 θείων
1551 1141 1728 1209 λόγων
1761 1143 1852 1195 καὶ

273 1233 382 1283 τῶν
410 1232 695 1300 κριμάτων
718 1230 950 1299 δποψίαν
972 1233 1345 1301 ἐνασχολεῖται
1376 1233 1567 1301 μόνην.
1605 1234 1849 1302 Πρόσχες

273 1323 330 1376 δὲ
363 1325 453 1375 καὶ
493 1324 570 1386 τὸ,
618 1323 1052 1392 Παρακαθίσασα
1105 1325 1257 1394 παρά
1284 1325 1411 1387 τοὺς
1467 1325 1634 1387 πόδας
1659 1323 1849 1390 αὐτοῦ,

273 1417 438 1482 ἧκουε
467 1414 574 1467 τῶν
596 1413 771 1481 λόγων
811 1415 996 1469 αὐτοῦ.
1042 1416 1105 1468 Ol
1162 1415 1260 1484 μὲν
1293 1417 1404 1487 γὰρ
1447 1416 1606 1479 πόδες
1647 1420 1852 1471 νοοῐντο

271 1505 340 1556 ἄν
370 1507 450 1568 είς
488 1504 587 1575 τὴν
642 1506 954 1576 πρακτικὴν
1001 1507 1225 1575 ἀρετήν.
1280 1508 1564 1577 Κινήσεως
1608 1507 1718 1577 γὰρ
1757 1511 1850 1562 καὶ

272 1595 499 1665 πορείας
526 1594 664 1647 είσὶν
693 1595 1035 1648 ὲνδεικτικοί.
1072 1595 1146 1648 Τὸ
1173 1596 1230 1649 δὲ
1256 1598 1502 1660 καθίσαι,
1539 1599 1639 1667 τῆς
1663 1600 1847 1670 ἑδραι-

271 1687 462 1754 ότητος
486 1685 776 1754 σύμϐολον.
810 1687 1001 1749 Ὅστις
1027 1686 1120 1740 οῦν
1147 1688 1362 1742 καθίσει
1392 1691 1546 1760 παρὰ
1581 1691 1711 1755 τοὺς
1754 1692 1852 1745 πό-

271 1775 368 1837 δας
397 1773 491 1827 τοῦ
557 1776 752 1844 Ἰησοῦ,
804 1778 1108 1844 τουτέστιν,
1157 1779 1306 1843 ὅστις
1371 1779 1640 1851 ὲδραιωθῇ
1700 1783 1849 1852 ὲντῇ

1958 596 2202 669 lntellige
2231 615 2445 669 quoque
2477 617 2572 670 per
2602 600 2874 654 Martham
2917 595 3169 654 virtutem
3206 603 3502 667 practicam
3533 637 3550 665 ,

1957 704 2053 757 per
2082 689 2329 756 Mariam,
2381 693 2922 760 contemplationem.
2965 690 3211 746 Practice
3244 691 3389 745 enim
3440 691 3554 746 dis-

1958 781 2256 835 tractiones
2307 792 2360 836 et
2413 781 2753 838 turbationes
2794 783 2947 837 fert:
2999 783 3388 852 contemplatio
3423 797 3551 838 vero

1957 870 2174 925 domina
2228 871 2286 925 llt
2343 871 2710 928 alfecdonum.
2746 873 2915 926 Maria
2957 872 3100 925 enim
3134 873 3349 926 domina
3376 874 3552 928 inter-

1954 970 2223 1031 pretatur,
2259 977 2322 1018 ac
2353 964 2406 1018 in
2441 964 2554 1019 sola
2600 967 2916 1020 divinorum
2945 967 3291 1034 eloquiorum
3325 977 3380 1020 et
3405 967 3551 1033 judi-

1955 1055 2162 1109 ciorum
2197 1058 2661 1126 contemplatione
2705 1070 2974 1127 occupata
3014 1067 3119 1114 est.
3167 1060 3554 1115 Animadverte

1957 1155 2136 1200 autem
2177 1155 2231 1201 et
2263 1145 2390 1209 hoc.
2424 1148 2566 1213 quod
2627 1149 2833 1203 assidet
2873 1147 3030 1215 juxta
3075 1149 3240 1217 pedes
3294 1147 3446 1213 Jesu,
3496 1158 3553 1205 et

1956 1235 2104 1289 audit
2133 1250 2417 1292 sermones
2443 1237 2579 1306 ejus.
2623 1238 2840 1292 Etenim
2887 1253 2985 1304 per
3039 1236 3204 1306 pedes
3241 1236 3554 1306 intelligunt

1959 1326 2209 1380 virtutem
2229 1328 2556 1395 practicam;
2591 1339 2795 1382 motmn
2822 1329 2966 1381 enim
2993 1338 3042 1382 et
3069 1329 3343 1384 incessum
3367 1339 3554 1382 osten-

1956 1413 2112 1466 dunt.
2148 1413 2321 1468 Porro
2356 1415 2557 1478 sessio,
2581 1413 2860 1469 ﬁrmitatis
2907 1415 3217 1484 symbolum
3254 1423 3361 1471 est.
3395 1416 3554 1481 Quis‘

1956 1505 2078 1572 quis
2113 1505 2280 1574 igitur
2309 1505 2518 1560 sederit
2549 1505 2700 1574 juxta
2735 1507 2901 1573 pedes
2929 1505 3086 1567 Jesu,
3115 1515 3168 1559 ct
3194 1508 3555 1561 confirmatus

1958 1593 2126 1649 fuerit
2155 1595 2206 1648 in
2229 1595 2492 1663 practica,
2519 1611 2582 1650 ac
2613 1597 2861 1650 imitatur
2892 1596 3056 1650 vitam
3092 1607 3146 1650 et
3183 1599 3558 1652 conversatio-

1957 1703 2080 1742 Item
2121 1686 2272 1756 Jesu,
2312 1689 2402 1745 ille
2442 1700 2627 1758 postea
2672 1689 2821 1742 venit
2851 1690 2918 1743 ad
2960 1689 3204 1742 auditum
3247 1691 3552 1743 divinorum

1959 1789 2296 1841 sermonum,
2361 1777 2613 1832 videlicet
2670 1778 3196 1846 contemplationem
3259 1793 3272 1830 :
3329 1778 3454 1846 quia
3501 1790 3557 1831 et

271 1865 575 1935 πρακτικῇ,
617 1866 712 1918 καὶ
745 1865 843 1934 τὴν
872 1867 968 1919 τοῦ
1021 1866 1197 1936 Ἰησοῦ
1241 1869 1469 1938 πορείαν
1509 1871 1604 1923 καὶ
1651 1871 1855 1938 διαγω-
1890 1859 1930 1912 Β

1890 1859 1930 1912 Β
1961 1867 2129 1922 Maria
2163 1871 2396 1937 primum
2457 1869 2633 1934 sedet,
2677 1871 2876 1925 deinde
2913 1870 3066 1924 audit
3123 1887 3427 1925 sermones.
3478 1871 3555 1925 Tu

270 1955 375 2024 γὴν
402 1957 786 2028 μιμησάμενος
819 1959 878 2011 έν
917 1957 1091 2031 ταύτῃ
1123 1961 1426 2030 στερεωθῇ,
1467 1963 1678 2025 ὲκείνος
1710 1963 1851 2032 μετὰ

269 2046 444 2099 ταῦτα
470 2046 662 2115 φθάνει
687 2050 766 2111 είς
791 2048 891 2120 τὴν
922 2049 1092 2121 ἀκοὴν
1118 2051 1226 2102 τῶν
1254 2050 1414 2104 θείων
1436 2052 1657 2120 λογίων,
1684 2055 1856 2125 ἧγουν

269 2138 370 2207 τὴν
408 2138 664 2208 θεωρίαν.
706 2141 860 2195 Ἐπεὶ
897 2143 993 2195 καὶ
1027 2145 1060 2212 ἡ
1085 2144 1274 2214 Μαρία
1305 2144 1524 2214 πρῶτον
1554 2147 1852 2213 καθίσασα,

269 2221 373 2285 ei?
397 2225 570 2298 οῧτες
600 2228 772 2305 {fama
790 2230 900 2288 τῶν
927 2231 1120 2298 λόγων.
1151 2233 1222 2285 Σὺ
1250 2233 1452 2302 τοίνυν,
1482 2237 1544 2289 ἐί
1568 2237 1666 2305 μιν
1692 2235 1856 2290 δῦνα-

272 2342 384 2390 σαι,
411 2329 490 2390 είς
515 2329 616 2397 τὴν
641 2329 740 2395 τῆς
761 2330 980 2397 Μαρίας
1010 2328 1166 2394 τάξιν
1197 2328 1453 2398 ἀνάϐηθι,
1486 2329 1653 2400 κυρία
1703 2347 1857 2399 γενο-

272 2418 413 2487 μένη
449 2418 554 2471 τῶν
596 2419 808 2484 παθῶν,
865 2423 960 2474 καὶ
989 2422 1070 2482 είς
1117 2420 1354 2490 θεωρίαν
1388 2421 1665 2489 φθάσασα.
1706 2423 1768 2474 El
1799 2422 1857 2476 δὲ

275 2509 351 2579 μὴ
380 2508 537 2562 τοῦτό
587 2525 668 2562 σοι
701 2509 948 2576 δυνατὸν,
999 2511 1202 2583 Μάρθα
1245 2512 1425 2578 γενοῦ,
1452 2511 1527 2581 τῷ
1567 2512 1858 2582 πρακτικῷ

275 2602 433 2670 μέρει
465 2603 871 2671 προσκειμένη,
909 2605 1004 2656 καὶ
1033 2604 1122 2656 διὰ
1154 2604 1348 2656 τούτου
1383 2605 1622 2674 Χριστὸν
1656 2607 1853 2660 ὐποδε-

272 2695 501 2762 χομένη.
538 2693 752 2764 Ὀραδὲ
781 2695 873 2747 καὶ
894 2697 972 2758 τὸ,
1010 2715 1028 2746 ε
1075 2696 1198 2764 ἥτις
1261 2697 1361 2749 οὐκ
1417 2698 1855 2766 ἀφαιρεθήσεται

405 2787 596 2856 αὐτῆς.
648 2807 666 2838 ι
708 2788 764 2840 '0
799 2789 901 2857 μὲν
927 2789 1032 2858 γάρ
1082 2791 1388 2858 πρακτικὸς
1415 2789 1526 2857 ἔχει
1560 2791 1587 2842 ὃ
1622 2791 1856 2860 ἀφαιρε-

275 2883 502 2949 θήσεται
527 2882 621 2933 ἀπ’
661 2881 850 2946 αὐτοῦ,
880 2882 1181 2943 τουτέστιν,
1209 2883 1341 2934 αὐτὸ
1368 2882 1528 2934 τοῦτο
1560 2883 1659 2951 τὴν
1690 2883 1859 2951 ἀσχο-

270 2973 413 3034 λίαν,
475 2975 569 3024 καὶ
619 2975 711 3026 τὸν
761 2975 1146 3044 περισπασμόν
1182 2990 1197 3006 ο
1233 2975 1563 3044 προκόπτων
1614 2975 1721 3043 γάρ
1763 2977 1858 3026 καὶ

273 3066 494 3132 φθάνων
518 3068 598 3128 εἰς
627 3065 880 3137 θεωρίαν,
914 3067 1006 3120 τοῦ
1043 3069 1437 3137 περισπασμοῦ
1468 3070 1561 3120 καὶ
1590 3070 1684 3134 τῆς
1723 3068 1857 3136 τύρ-

272 3160 375 3222 ϐης
424 3157 832 3228 ἐλευθεροῦται·
868 3159 1011 3212 ὥστε
1059 3160 1374 3230 ἀφαιρεῖταί
1418 3177 1466 3211 τι
1510 3161 1604 3212 ἀπ’
1661 3160 1850 3213 αὐτοῦ.

285 3249 342 3301 'U
366 3248 422 3302 δὲ
480 3248 813 3319 θεωρητικὸς
861 3251 923 3303 οὐ
976 3251 1251 3321 στερεῖταί
1305 3268 1434 3304 ποτε
1487 3252 1586 3321 τῆς
1638 3253 1848 3322 ἀγαθῆς

1961 1963 2126 2033 igitur
2153 1963 2197 2017 si
2235 1961 2456 2031 quidem
2487 1971 2662 2030 potes,
2701 1963 2752 2015 in
2796 1961 3047 2016 ordinem
3077 1962 3261 2015 Maria:
3301 1964 3556 2026 ascende,

1959 2063 2012 2105 ct
2045 2053 2143 2108 llas
2172 2053 2392 2107 domina
2430 2052 2800 2118 allectionum,
2833 2063 2886 2106 et
2931 2055 2997 2108 ad
3039 2055 3554 2123 contemplationem

1963 2145 2205 2199 veniens.
2241 2146 2308 2198 At
2339 2146 2382 2198 si
2423 2145 2524 2198 hoc
2555 2145 2648 2198 [illi
2685 2161 2791 2199 non
2832 2144 2996 2199 fuerit
3020 2147 3298 2216 possibile,
3342 2147 3555 2201 Martha

1961 2247 2098 2300 esto,
2132 2237 2390 2305 practicze
2427 2238 2564 2306 parti
2601 2236 2877 2299 addictus,
2911 2249 2964 2289 et
2989 2253 3084 2304 per
3134 2237 3236 2291 hoc
3278 2240 3557 2292 Christum

1962 2329 2287 2397 suscipiens.
2327 2326 2462 2382 Vide
2487 2337 2665 2381 autem
2700 2329 2802 2382 hoc
2838 2348 2848 2381 :
2890 2348 2906 2379 ι
2950 2328 3081 2394 Quae
3114 2345 3218 2382 nou
3275 2329 3556 2398 auferetur

1963 2425 2029 2476 ab
2061 2437 2145 2476 ea.
2194 2441 2211 2473 ι
2252 2420 2538 2476 Practicus
2570 2423 2713 2474 enim
2750 2421 2916 2475 habet
2958 2422 3102 2490 quod
3147 2438 3173 2474 a
3227 2437 3285 2476 se
3342 2423 3561 2476 aufera-

1965 2524 2072 2579 tur,
2107 2514 2211 2568 Itoc
2239 2523 2342 2577 est,
2379 2513 2790 2567 distractionem
2816 2523 2868 2566 et
2893 2514 3305 2579 occupationem
3339 2531 3353 2568 :
3385 2514 3550 2582 proli-

1964 2607 2157 2662 cieudo
2183 2607 2326 2661 enim
2358 2605 2506 2659 venit
2530 2607 2595 2657 ad
2626 2607 3163 2674 contemplationem,
3188 2607 3562 2675 liberaturque

1966 2717 1992 2753 a
2031 2700 2338 2754 turbatione
2370 2708 2422 2752 et
2465 2699 2844 2761 distractione,
2872 2709 2919 2751 et
2948 2699 3016 2751 ita
3049 2699 3329 2752 auferetur
3353 2700 3560 2768 aliquid

1966 2794 2032 2845 ab
2060 2808 2144 2846 eo.
2179 2791 2595 2858 Contemplator
2650 2806 2780 2844 vero
2837 2806 2942 2844 non
2998 2792 3242 2859 privatur
3276 2794 3380 2846 hac
3423 2792 3565 2846 bona

1967 2894 2140 2950 parte,
2173 2882 2634 2952 contemplatione
2663 2883 2898 2937 srilicet.
2943 2882 2996 2935 In
3031 2880 3174 2953 quod
3207 2885 3355 2938 enim
3383 2886 3562 2953 majus

1967 2977 2112 3030 aliud
2154 2976 2461 3045 proliceret,
2504 2977 2595 3030 ubi
2631 2978 2684 3030 in
2731 2977 2831 3030 hoc
2879 2978 3089 3030 venerit
3133 2977 3437 3046 fastigium,
3481 2979 3562 3031 di-

1967 3069 2143 3121 xiuam
2183 3069 2302 3122 dico
2363 3068 2653 3130 visionem,
2693 3069 2742 3120 id
2778 3068 2922 3136 quod
2988 3079 3071 3121 est
3120 3069 3408 3123 deiﬁcari?
3456 3068 3560 3135 Qui

1966 3160 2107 3212 enim
2138 3159 2229 3212 Dci
2253 3160 2519 3213 visionem
2557 3158 2722 3230 353
2782 3161 3118 3228 assequitur,
3176 3161 3316 3215 Deus
3364 3160 3442 3215 ﬁt.
3480 3163 3568 3216 Si-

1964 3253 2089 3306 mile
2116 3253 2258 3306 enim
2287 3252 2449 3306 simili
2490 3252 2991 3320 comprehenditur.

269 3342 474 3413 τεὺτης
502 3343 737 3414 μερίδος,
772 3345 918 3413 λέγω
938 3345 1001 3416 δὴ
1025 3345 1124 3416 τῆς
1148 3345 1406 3415 θεωρίας.
1441 3345 1535 3408 Εἰς
1565 3347 1672 3416 γὰρ
1707 3348 1859 3398 ποῖον
1900 3346 2031 3401 ἄλλο
2074 3345 2259 3415 μεῖζον
2295 3345 2586 3414 προκόψει,
2659 3345 2874 3412 φθάσας
2947 3347 3025 3408 εἰς
3072 3346 3205 3398 αὐτὸ
3235 3348 3295 3399 τὸ
3318 3349 3561 3418 ἀκρότα-

271 3455 383 3502 τον,
417 3437 562 3504 λέγω
583 3438 647 3508 δὴ
675 3440 733 3492 τὸ
772 3440 904 3492 Θεὸν
935 3441 1174 3508 βλέπειν,
1208 3441 1344 3510 ὅπερ
1389 3440 1508 3491 ἔστι
1577 3439 1995 3507 θεουργεῖσθαι;
2039 3437 2098 3492 '0
2133 3439 2242 3505 γὰρ
2314 3437 2447 3490 Θεὸν
2521 3437 2744 3506 βλέπειν
2806 3436 3058 3502 ἀξιωθεὶς
3087 3479 3100 3504 ,
3159 3441 3278 3504 θεὸς
3319 3443 3558 3510 γίνεται·

271 3531 362 3602 Τῷ
393 3535 564 3604 ὁμοίῳ
587 3535 698 3605 γὰρ
722 3535 782 3587 τὸ
814 3537 996 3605 ὅμοιον
1023 3535 1529 3604 καταλαμϐάνεται.

873 3678 1100 3732 ΚΕΦΑΛ
1113 3717 1126 3733 .
1152 3678 1254 3733 lA'.

275 3788 416 3854 Περὶ
467 3788 841 3862 προσευχῆς.
874 3775 1026 3862 ’Περὶ
1085 3790 1208 3862 τοῦ-μ
1248 3793 1500 3858 ἕχον-τος
1549 3793 1864 3862 διιψόνιον

346 3860 566 3934 κωφόιο.
597 3858 880 3934 Περὶ-τῆς
902 3861 1140 3934 Ϋὲκητοῡ
1177 3860 1367 3928 ὄχλου
1392 3858 1714 3934 ἐπαράσὴς
1743 3882 1861 3934 gm-

344 3929 482 4004 2_1jr.
516 3930 654 4004 Περὶ
705 3929 824 4004 ne;
852 3931 1181 4004 aito‘drtwr
1222 3932 1498 4004 σημεῖον.
1558 3929 1698 4004 Περὶ
1744 3929 1860 4004 ’τοῦ

342 4002 670 4074 Φαρισαίου
703 4001 810 4053 τοῦ
832 3999 1376 4074 -καέέσαντος-τόν
1409 3999 1680 4072 Ἰησοῦὶο.
1715 4002 1860 4074 Περῖ

342 4069 450 4122 τοῦ
481 4071 858 4139 ταλανισμοῦ
893 4069 1012 4124 τῶν
1040 4071 1326 4140 νομικῶν.

347 4201 366 4232 ι
402 4183 514 4236 Καὶ
567 4183 806 4250 έγένετο,
855 4186 914 4237 ἐν
957 4185 1035 4254 τῷ
1081 4181 1220 4237 εἶναι
1265 4186 1431 4239 αὐτὸν
1472 4189 1529 4239 ὲν
1569 4187 1718 4258 τόπῳ
1753 4189 1862 4242 τινὶ

273 4277 709 4346 προσευχόμενον
735 4314 749 4338 ,
780 4275 853 4337 ὡς
883 4276 1197 4341 ἐπαύσατο,
1239 4272 1362 4329 εἶπέ
1407 4295 1490 4340 τις
1538 4277 1648 4330 τῶν
1682 4279 1864 4350 μαθη-

269 4367 378 4421 τῶν
410 4367 574 4421 αὐτοῦ
596 4367 732 4436 πρὸς
764 4368 929 4421 αὐτόν
953 4383 968 4398 ⁸
994 4367 1195 4437 Κύριε,
1215 4368 1428 4433 δίδαξον
1452 4371 1600 4439 ἡμᾶς
1627 4372 1864 4441 προσεθ-

269 4460 482 4530 χεσθαι,
519 4459 699 4523 καθὼς
741 4459 838 4514 καὶ
893 4461 1151 4531 Ἰωάννης
1182 4459 1392 4525 ἐδίδαξε
1449 4461 1573 4523 τοὺς
1609 4463 1862 4533 μαθητάς

268 4551 458 4606 αὐτοῦ.
487 4549 620 4612 Eine
651 4552 709 4605 δὲ
732 4553 915 4614 αὐτοῖς
941 4569 953 4582 ο
986 4551 1156 4604 Ὅταν
1185 4550 1586 4621 προσεύχησθε,
1623 4551 1813 4619 λέγετε
1839 4565 1853 4581 ·

270 4645 454 4714 Πάτερ
473 4643 654 4714 ἡμῶν,
681 4645 711 4696 ό
737 4645 795 4697 ὲν
819 4647 933 4707 τοῖς
953 4643 1228 4712 οὐρανοῖς,
1249 4643 1572 4713 ἁγιασθήτω
1603 4643 1664 4696 τὸ
1688 4643 1860 4714 ὄνομά

271 4755 392 4801 σο),
431 4737 634 4790 ἐλθέτω
672 4738 705 4808 ἠ
752 4736 1003 4808 βασιλεία
1036 4753 1152 4803 σου,
1184 4736 1475 4807 γενηθήτω
1529 4735 1589 4789 τὸ
1643 4736 1859 4805 θέλημά

271 4849 388 4894 σου,
424 4833 499 4895 ὡς
553 4834 612 4882 ἐν
659 4831 897 4902 οὐρανῷ,
956 4831 1051 4884 καὶ
1105 4833 1200 4884 ἐπὶ
1234 4831 1332 4899 τῆς
1391 4833 1513 4900 γῆς,
1566 4831 1658 4884 τὸν
1691 4831 1857 4900 ἄρτον

271 4923 428 4992 ἡμῶν
455 4923 548 4975 τὸν
575 4922 858 4975 έπεούσιον
887 4922 1030 4975 δίδου
1061 4923 1195 4998 ἠμῖς)
1228 4922 1288 4974 τὸ
1321 4922 1442 4975 καθ’
1483 4922 1723 4991 ἡμέραν,
1757 4921 1856 4974 καὶ

267 5013 404 5081 ἄφες
428 5014 559 5084 ἡμῖν
582 5013 680 5077 τὰς
697 5015 972 5084 ἁμαρτίας
994 5015 1177 5084 ἡμῶν,
1203 5014 1297 5067 καὶ
1317 5014 1425 5083 γάρ
1444 5015 1598 5065 αὐτοὶ
1623 5015 1857 5082 ἀφίεμεν

268 5108 434 5159 παντὶ
478 5106 932 5176 δφείλοντιήμϊν,
980 5109 1073 5160 καὶ
1122 5106 1199 5176 μὴ
1231 5105 1553 5178 εἰσενέγκῃς
1581 5107 1731 5176 ἡμᾶς
1776 5107 1856 5169 εἰς

267 5201 598 5271 πειρασμὸν,
655 5200 794 5253 ἀλλά
843 5201 1004 5272 ῥῦσαι
1052 5201 1201 5269 ἡμᾶς
1240 5199 1349 5252 ἀπὸ
1385 5200 1481 5252 τοῦ
1516 5199 1776 5269 πονηροῦ.
1834 5218 1851 5249 ι

267 5295 432 5364 Ζηλοῐ
456 5296 484 5347 δ
512 5293 764 5365 μαθητὴς
797 5295 1036 5365 Χριστοῦ
1095 5295 1222 5356 τοὺς
1283 5292 1533 5362 μαθητὰς
1580 5292 1854 5357 Ἰωάννου,

265 5387 346 5440 διδ
379 5389 474 5440 καὶ
513 5387 668 5456 ζητεῖ
696 5386 1013 5458 διδαχθῆναι
1039 5387 1240 5454 τρόπον
1266 5389 1605 5457 προσευχῆς.
1646 5385 1704 5437 '0
1725 5385 1857 5452 γοῦν

269 5480 470 5549 Σωτὴρ
511 5479 776 5545 διδάσκει,
814 5480 888 5550 μὴ
923 5479 1324 5550 παρωσάμενος
1374 5480 1474 5548 τὴν
1497 5479 1725 5543 ἀξίωσιν
1760 5476 1854 5530 τοῦ

269 5571 541 5644 μαθητοῦ.
583 5574 770 5644 Πάτερ
810 5573 992 5645 ἡμῶν,
1025 5573 1215 5644 φησιν,
1252 5575 1280 5627 δ
1312 5573 1371 5626 έν
1409 5576 1525 5636 τοῖς
1577 5573 1852 5644 οὐρανοῖς.

267 5664 413 5734 Ὅρα
433 5665 533 5732 τὴν
572 5667 674 5732 τῆς
699 5665 868 5735 εὐχῆς
895 5663 1152 5736 δύναμιν.
1186 5665 1368 5729 Εὐθὺς
1402 5664 1516 5719 ἀνω
1542 5683 1601 5718 σε
1628 5665 1850 5733 ἀνάγει,

269 5759 362 5810 καὶ
394 5757 570 5811 πείθει
601 5776 684 5826 σε,
715 5759 904 5828 ἐπειδὴ
959 5760 1250 5829 ὀνομάζεις
1306 5761 1518 5828 πατέρα
1560 5759 1652 5811 τὸν
1699 5758 1850 5822 Θεὸν,

269 5852 343 5919 μὴ
376 5851 547 5913 πάντη
575 5851 669 5914 τῆς
697 5850 1011 5914 ὁμοιότητος
1049 5845 1442 5906 ,ειποέεῖπεσἼσιι
1470 5892 1481 5912 .
1513 5851 1644 5903 ἀλλὰ
1685 5867 1851 5902 σπον-

2585 3678 2817 3734 CAPUT
2868 3679 2959 3732 XI.

1967 3787 2041 3842 De
2077 3791 2336 3843 oratione.
2369 3790 2443 3842 De
2470 3805 2529 3842 eo
2566 3790 2656 3857 qui
2681 3791 2906 3842 habebat
2960 3791 3282 3843 άωηιοηίιιηι
3315 3791 3565 3846 surdum.

2039 3860 2111 3912 De
2140 3861 2357 3912 muliere
2387 3876 2503 3926 qua:
2535 3877 2706 3912 vorem
2729 3862 2804 3913 de
2833 3866 2986 3912 turba
3034 3862 3244 3915 extulit.
3282 3859 3357 3912 De
3389 3873 3564 3922 peten-

2037 3930 2177 3984 tibus
2207 3933 2438 3999 signum.
2483 3930 2555 3983 De
2607 3929 2886 3984 I’lmrisa'o
2936 3931 3313 3999 interpellante
3354 3931 3563 3985 Jesum.

2038 3999 2114 4054 De
2150 4002 2368 4055 miseria
2395 4001 2841 4069 legisperitorum.

2040 4187 2202 4244 Vens.
2235 4189 2351 4242 1-4.
2393 4206 2411 4238 ι
2447 4185 2512 4240 Ει
2546 4187 2746 4240 factum
2779 4195 2863 4240 est
2916 4201 3038 4238 cum
3087 4197 3274 4240 oraret
3314 4186 3551 4254 quodam

1965 4281 2018 4336 in
2051 4283 2187 4348 loco,
2247 4292 2305 4334 ut
2331 4281 2593 4342 cessavit,
2626 4278 2760 4331 dixit
2790 4278 3010 4346 quidam
3043 4291 3104 4331 ex
3141 4277 3426 4344 discipulis
3451 4277 3568 4345 ejus

1965 4373 2031 4426 ad
2062 4386 2186 4426 eum
2225 4390 2237 4424 :
2271 4371 2526 4433 Domine,
2555 4371 2692 4424 doce
2732 4384 2830 4423 nos
2884 4383 3076 4433 orare,
3135 4370 3280 4422 sicut
3326 4367 3567 4423 Joannes

1965 4464 2151 4518 docuit
2181 4464 2481 4532 discipulos
2513 4477 2662 4517 suos.
2698 4461 2760 4514 Et
2790 4462 2866 4514 ait
2895 4461 3001 4514 illis
3037 4479 3048 4514 :
3089 4461 3224 4514 Cum
3259 4460 3452 4524 oratis,
3485 4459 3567 4514 di-

1892 4535 1934 4589 D
1964 4556 2070 4610 cite
2107 4575 2121 4609 :
2155 4552 2318 4609 Pater
2352 4564 2558 4619 uoster,
2607 4553 2698 4622 qui
2749 4567 2808 4607 es
2859 4553 2910 4604 in
2957 4550 3146 4614 cmlis,
3189 4549 3567 4604 sanctiﬁcetur

1966 4661 2166 4702 nomen
2227 4657 2411 4712 tuum;
2446 4647 2630 4699 veniat
2677 4659 2922 4714 regnum
2964 4653 3146 4707 tuum;
3185 4642 3279 4695 fiat
3314 4641 3568 4697 voluntas

1967 4748 2078 4801 tua,
2113 4737 2572 4806 quemadmodum
2607 4737 2664 4790 in
2717 4735 2879 4797 caelo,
2941 4739 3022 4790 sic
3056 4736 3220 4788 etiam
3266 4736 3318 4788 in
3374 4743 3564 4801 terra;

1965 4846 2161 4900 panem
2199 4841 2444 4883 nostrum
2476 4825 2860 4896 quotidianum
2886 4826 2950 4879 da
2987 4827 3144 4880 nobis
3173 4826 3418 4895 quotidie
3453 4842 3466 4890 ;
3511 4837 3569 4880 et

1969 4924 2187 4977 remitte
2230 4922 2388 4976 nobis
2421 4932 2649 4989 peccata
2687 4928 2894 4982 nostra,
2947 4920 3220 4988 siquidem
3265 4929 3318 4972 et
3351 4933 3450 4972 nos
3480 4935 3568 4972 re.

1967 5015 2236 5069 mittimus
2281 5015 2428 5067 omni
2479 5013 2699 5068 debenti
2746 5012 2924 5066 nobis.
2967 5011 3030 5064 Et
3075 5026 3143 5066 ne
3204 5026 3302 5065 nos
3340 5011 3566 5065 inducas

1969 5110 2023 5163 in
2057 5108 2439 5169 tentationem,
2466 5106 2558 5160 sed
2595 5105 2766 5159 libera
2805 5119 2903 5158 nos
2963 5120 2991 5157 a
3036 5104 3198 5157 tnalo.
3236 5122 3254 5155 ι
3315 5103 3566 5158 Imitatur

1963 5202 2265 5267 discipulus
2297 5199 2502 5253 Christi
2555 5199 2853 5268 discipulos
2893 5196 3122 5251 Joannis
3184 5214 3196 5249 :
3261 5196 3466 5251 idcirco
3505 5207 3561 5253 et

1969 5295 2164 5364 ιιιιτενίι
2191 5305 2241 5345 ut
2279 5294 2539 5346 doceatur
2574 5292 2795 5346 modum
2849 5290 3133 5345 orationis.
3180 5289 3437 5344 Salvator
3467 5305 3562 5342 au-

1970 5395 2102 5447 tem,
2140 5398 2245 5437 non
2285 5384 2497 5452 repulsa
2517 5381 2778 5452 .discipuli
2813 5395 2995 5449 prece.
3039 5384 3193 5434 docet
3229 5399 3240 5433 :
3274 5380 3436 5434 Pater
3465 5397 3559 5434 nu-

1963 5485 2098 5537 Ster,
2135 5474 2334 5544 inquit,
2373 5474 2464 5542 qui
2513 5488 2571 5527 es
2605 5473 2657 5526 iu
2686 5471 2859 5526 CtBiiS.
2904 5470 3036 5524 Vide
3097 5471 3363 5524 orationis
3428 5471 3559 5521 vim.

1967 5565 2162 5622 Statim
2187 5583 2403 5622 sursum
2430 5579 2480 5621 te
2505 5567 2653 5619 ducit
2679 5606 2693 5630 ,
2720 5565 2927 5634 tibique
2958 5564 3272 5635 persuadet,
3301 5563 3560 5630 quoniam

1963 5664 2219 5716 nominas
2263 5661 2434 5716 Deum
2490 5671 2743 5730 patrem,
2799 5674 2869 5712 ne
2919 5661 3148 5712 omnino
3200 5655 3560 5712 similitudine

1962 5757 2081 5825 ejus
2115 5770 2351 5820 careas;
2405 5752 2498 5808 sed
2554 5752 2785 5806 enitaris
2827 5747 2946 5804 ﬁeri
2992 5749 3190 5803 similis
3227 5746 3396 5800 Patri.
3446 5745 3563 5800 Non

1964 5850 2099 5901 dixit
2130 5858 2334 5909 autem,
2395 5846 2553 5900 l‘atcr
2597 5858 2772 5907 meus,
2833 5841 2954 5906 sed,
3015 5841 3176 5896 Pater
3234 5850 3441 5903 noster,
3492 5838 3559 5891 ad
