4256 6432
767 398 873 462 855
1637 383 2215 447 THEOPHYLACTI
2257 377 2665 442 BULGARIB
2704 370 3061 435 ARCHIEP.
3804 457 3828 462 _
3898 352 4017 421 856

771 505 1131 565 fraterltilalis
1190 514 1429 565 amorem
1462 506 1515 554 te
1559 498 1872 561 cohortans,
1910 504 1967 550 et
2008 492 2339 559 compellens
2367 490 2452 551 At

2337 528 2339 538 ν
2367 492 2418 551 Α
2440 488 2623 552 δάζειν
2642 484 2780 555 πρὸς
2808 481 2898 535 τὸν
2930 475 3151 547 Πατέρα
3172 470 3572 541 ἐξομοιοῦσθαι.
3618 467 3734 565 Οὐκ
3757 457 3902 565 ἐἶπε
3939 466 4018 531 δέ,

770 557 959 644 iunnes
996 588 1218 654 diligere
1266 564 1521 652 tanquam
1562 596 1880 637 communes
1905 580 2124 632 fratres.
2167 576 2336 631 Porro
2444 580 2451 630 Ι

2444 577 2625 644 Πάτερ
2655 590 2786 643 μου,
2834 569 2972 623 ἀλλά
3008 565 3191 633 Πάτερ
3226 561 3411 630 ήμῶν,
3435 563 3517 623 είς
3567 557 3924 654 φιλαδελφίαν

772 699 892 735 rum
926 680 1079 739 dixit,
1119 678 1170 729 in
1201 674 1375 738 cmlis,
1424 689 1529 728 non
1574 673 1737 727 Deum
1770 672 1879 725 illic
1912 669 2335 733 circumscribit,

772 775 863 823 sed
902 769 1200 822 auditorem
1230 767 1287 819 in
1334 764 1498 820 caelos
1525 762 1795 825 subvehit,
1826 770 1882 815 et
1915 776 1947 815 a
1977 759 2211 814 terrenis
2238 759 2336 812 ab-

772 863 938 918 ducit.
973 859 1355 914 Sanctiﬂcetur
1380 871 1507 912 vero
1534 868 1729 914 nomen
1762 862 1940 919 tuum,
1977 866 2075 923 pro
2103 866 2168 907 eo
2196 849 2338 920 quod

772 961 878 1012 est,
911 948 1262 1019 glorificetur,
1294 947 1397 1001 hoc
1424 954 1528 1010 est,
1555 944 1637 999 fac
1658 945 1823 998 vitam
1851 952 2090 998 nostram
2116 944 2168 996 in
2194 950 2336 996 tuam

774 1055 896 1096 esse
933 1038 1179 1111 gloriam.
1210 1036 1348 1091 Nam
1380 1038 1523 1092 sicut
1546 1051 1740 1091 nomen
1779 1035 1873 1090 Dei
1911 1021 2131 1105 propter
2165 1033 2337 1088 malos

775 1130 1201 1199 blasphematur,
1251 1129 1323 1182 ita
1364 1139 1587 1198 propter
1655 1142 1749 1182 eos
1803 1127 1893 1196 qui
1930 1129 2125 1181 bonam
2175 1134 2340 1195 agunt

773 1222 941 1275 vitam
973 1220 1327 1289 gloriﬁcatur.
1360 1218 1551 1271 Veniat
1580 1233 1802 1289 regnum
1840 1226 2012 1271 tuum.
2042 1215 2212 1270 Malus
2244 1217 2338 1271 de-

774 1321 1031 1381 precatur
1064 1325 1285 1378 regnum
1331 1307 1447 1373 Dei,
1496 1308 1687 1363 nolens
1718 1309 1847 1364 illud
1896 1309 2080 1362 venire
2120 1320 2339 1379 propter

775 1401 976 1472 judicia
1030 1416 1149 1469 qua:
1204 1402 1313 1455 illic
1352 1407 1513 1453 erunt
1558 1419 1571 1455 :
1609 1400 1791 1469 justus
1818 1413 1946 1453 vero
1969 1408 2090 1453 orat
2121 1409 2177 1453 ut
2232 1400 2340 1453 cito

778 1491 978 1555 veniat,
1016 1506 1121 1561 quo
1148 1507 1178 1545 a
1214 1491 1601 1546 tentatiouibus
1628 1506 1748 1559 qua
1788 1492 1877 1546 hic
1911 1501 2059 1556 sunt,
2083 1492 2339 1547 liberetur

774 1593 829 1636 et
856 1583 1120 1650 quiescat.
1152 1581 1276 1637 Fiat
1307 1592 1483 1637 autem
1535 1582 1783 1637 voluntas
1837 1592 1952 1645 tua.
1982 1584 2340 1653 quemadmo-

778 1676 901 1727 dum
936 1674 991 1727 in
1027 1674 1165 1729 caelo
1200 1674 1268 1727 ab
1302 1672 1526 1743 angelis,
1567 1675 1639 1728 ita
1680 1681 1735 1728 et
1761 1687 1791 1727 a
1828 1673 1983 1729 nobis
2030 1672 2341 1727 hominibus

777 1778 942 1834 super
973 1763 1404 1834 terram.Angeli
1433 1764 1575 1819 enim
1626 1766 1849 1817 omnino
1897 1762 2052 1831 juxta
2091 1765 2339 1818 volunta-

780 1866 885 1907 tem
914 1855 1005 1908 Dei
1040 1864 1354 1925 operantur.
1386 1853 1548 1910 Docet
1574 1869 1789 1925 quoque
1835 1856 2211 1923 quotidianum
2245 1871 2339 1924 pa-

777 1960 899 1997 nem
934 1945 1107 1999 solum
1139 1946 1511 2015 querendum,
1552 1944 1656 2000 hoc
1686 1954 1790 2008 est,
1813 1958 1934 1999 eum
1969 1946 2059 2015 qui
2091 1947 2340 2001 substan-

777 2039 863 2090 tiae
893 2045 1092 2091 nostra:
1113 2047 1167 2091 et
1193 2038 1313 2091 vita:
1343 2037 1727 2092 ctmservandte
1752 2038 2007 2093 conducit
2045 2054 2059 2091 :
2104 2052 2212 2092 non
2251 2053 2341 2092 su—

776 2128 1061 2197 perﬂuum,
1096 2132 1189 2185 sed
1225 2133 1612 2185 necessarium.
1665 2128 1836 2184 Porro
1876 2144 1982 2185 non
2026 2129 2233 2185 intrare
2284 2129 2341 2184 in

776 2224 1123 2287 tentationes,
1157 2221 1423 2291 signiﬁcat
1448 2236 1555 2275 non
1608 2231 1814 2276 temere
1873 2220 2258 2290 prosiliendum
2288 2222 2340 2274 in

778 2316 1122 2369 temationes.
1162 2314 1345 2383 Neque
1375 2313 1517 2369 enim
1549 2328 1707 2368 orare
1747 2313 2006 2368 debemus
2046 2312 2236 2376 Deum,
2287 2320 2345 2365 ut

779 2406 1034 2458 immittat
1067 2410 1118 2458 in
1145 2421 1241 2459 nos
1271 2406 1658 2467 tentationem,
1688 2405 1782 2459 sed
1821 2405 2171 2471 deprecanda:
2193 2412 2340 2466 sunt,

774 2506 829 2550 et
858 2497 903 2551 si
936 2494 1091 2550 nobis
1122 2495 1441 2560 acciderint,
1481 2494 1717 2549 ferenda:
1746 2495 1984 2549 fortiter.
2018 2493 2208 2548 Dicere
2240 2509 2341 2547 au-

780 2603 884 2643 tem
914 2603 1224 2658 possumus,
1251 2588 1391 2657 quod
1436 2588 1543 2642 duo
1597 2588 1709 2643 sint
1738 2586 1904 2659 35‘|
1930 2600 2127 2656 genera
2170 2596 2344 2640 tenta-

776 2674 1006 2735 tionum.
1050 2680 1183 2735 Alia:
1218 2681 1362 2735 enim
1416 2690 1542 2734 sunt
1589 2680 1930 2744 voluntariae,
1983 2689 2042 2735 ut
2085 2679 2344 2741 ebrietas,

778 2772 1149 2836 homicidium,
1178 2772 1522 2837 adulterium,
1553 2772 1780 2842 aliteque
1805 2770 2118 2826 affectiones
2151 2790 2164 2825 :
2198 2772 2347 2826 hisce

779 2866 924 2920 enim
959 2866 1344 2921 tentationibus
1390 2874 1581 2935 sponte
1613 2881 1710 2921 nos
1763 2866 2152 2935 submittimus.
2196 2866 2347 2920 Invo-

778 2947 1211 3047 hgltariaa'vero
1259 2968 1407 3023 sunt,
1444 2958 1638 3026 quibus
1695 2958 1907 3027 tyranni
1949 2968 2003 3012 et
2052 2959 2343 3014 validiores

754 3064 876 3101 nos
904 3048 1223 3115 subjiciunt.
1268 3050 1434 3117 Igitur
1472 3064 1505 3101 a
1563 3049 1884 3102 voluntariis
1929 3050 2341 3111 tentationibus.

2438 666 2742 735 διεγείρων,
2794 663 2890 715 καὶ
2927 652 3363 722 καταναγκάζων
3402 652 3613 714 πάντας
3649 649 3898 721 ἀγαπᾷν,
3942 647 4020 710 ὡς

2440 758 2652 818 κοινοὺς
2682 751 2968 821 ἀδελφούς.
3030 749 3117 802 Ἐν
3161 749 3282 810 τοῖς
3333 744 3589 815 οὐρανοῖς
3634 742 3693 796 δέ
3729 739 3927 803 εἰπὼν,
3957 738 4020 791 οὐ

2440 847 2775 918 περιγράφει
2801 845 2921 897 ἐκεῖ
2949 842 3041 895 τὸν
3072 838 3229 902 Θεὸν,
3273 835 3407 890 άλλά
3446 835 3539 887 τὸν
3570 830 3853 903 ἀκροατὴν
3883 829 4023 884 ἀνά-

2440 957 2522 1008 γει
2553 940 2633 1001 είς
2671 934 2964 1007 οὐρανοὺς,
2998 932 3091 987 καὶ
3140 932 3347 998 ἀπάγει
3408 928 3516 980 τῶν
3563 925 3790 994 γηΐνων.
3834 924 4023 989 Ἀγια-

2441 1032 2621 1099 σθήτω
2644 1030 2704 1082 τὺ
2733 1026 2905 1098 δνομά
2926 1042 3039 1088 σου,
3072 1025 3193 1077 ἀντὶ
3232 1022 3349 1087 τοῦ,
3378 1016 3718 1088 δοξασθήτω,
3748 1014 4020 1077 τουτέστι,

2441 1121 2665 1189 ποίησον
2694 1118 2851 1190 ἡμῶν
2880 1117 2970 1171 τὸν
3002 1115 3117 1184 βίον
3148 1115 3229 1176 είς
3270 1112 3431 1176 δόξαν
3472 1106 3614 1163 εἶναι
3646 1108 3772 1178 σήν.
3810 1106 4022 1173 Ὠσπερ

2441 1212 2551 1280 γὰρ
2579 1212 2638 1263 τὸ
2670 1209 2843 1280 ὄνομα
2870 1209 2967 1261 τοῦ
3000 1205 3138 1259 Θεοῦ
3168 1203 3574 1275 βλασφημεῖται
3622 1198 3711 1253 διὰ
3758 1198 3891 1261 τοὺς
3928 1212 4025 1249 ια-

2442 1304 2593 1367 κοὺς,
2624 1300 2767 1354 οὕτω
2794 1299 3079 1364 δοξάζεται
3108 1298 3197 1351 διὰ
3224 1297 3348 1359 τοὺς
3377 1293 3585 1363 ἀγαθὸν
3626 1293 3743 1363 βίον
3773 1292 4021 1360 ἔχοντας.

2455 1394 2691 1447 Ἐλθέτω
2721 1395 2753 1461 ἡ
2794 1391 3043 1461 βασιλεία
3080 1407 3197 1442 σου.
3260 1389 3318 1441 ’0
3348 1388 3452 1458 μὲν
3486 1384 3819 1456 ἁμαρτωλὸς
3848 1380 4024 1435 ἀπεύ-

2443 1504 2595 1557 χεται
2622 1487 2722 1555 τὴν
2749 1472 3028 1556 βασιλείαν
3052 1482 3148 1535 τοῦ
3174 1480 3336 1545 Θεοῦ,
3367 1479 3442 1551 μὴ
3463 1478 3793 1549 βουλόμενος
3818 1474 4026 1544 ταύτην

2440 1576 2635 1638 ἐλθεῖν,
2662 1576 2749 1628 διά
2775 1576 2843 1628 τὰ
2868 1576 2984 1627 ἐκεῖ
3001 1573 3382 1641 δικαιωτήρια.
3421 1570 3479 1623 '0
3497 1569 3553 1622 δέ
3570 1568 3775 1629 δίκαιος
3798 1566 4025 1619 τούναν-

2438 1666 2553 1720 τίον
2581 1668 2768 1737 τάχιον
2787 1664 2959 1735 αὐτὴν
2987 1664 3163 1717 ἐλθεῖν
3188 1662 3433 1734 εὔχεται,
3482 1662 3557 1725 ὠς
3593 1662 3659 1715 ἄν
3683 1656 4025 1725 ἀπαλλαγεὶς

2439 1760 2548 1811 τῶν
2570 1756 2806 1811 ἐνταῦθα
2841 1755 3234 1824 πειρατηρίων,
3265 1752 3668 1822 ἀναπαύσηται.
3695 1749 3951 1802 Γενέσθω
3970 1748 4024 1801 δὲ

2441 1854 2532 1905 καὶ
2548 1851 2607 1903 τὸ
2624 1849 2835 1920 θέλημά
2850 1866 2966 1911 σου,
2983 1848 3174 1917 ὥσπερ
3191 1850 3247 1900 ἐν
3269 1845 3484 1916 ούρανῷ
3505 1846 3610 1898 ὑπὸ
3626 1843 3734 1897 τῶν
3750 1842 4024 1911 ἀγγέλων,

2440 1943 2584 1997 οὕτω
2607 1941 2831 2011 καὶ’ὐφ’
2855 1941 3014 2011 ἡμῶν
3035 1940 3145 1993 τῶν
3178 1936 3485 2007 ἀνθρώπων
3524 1936 3621 1990 ἐπὶ
3658 1936 3759 2005 τῆς
3798 1935 3927 2003 γῆς.
3951 1933 4014 1983 οι

2442 2033 2550 2099 γὰρ
2577 2031 2803 2098 ἄγγελοι
2834 2032 3037 2093 πάντες
3061 2029 3201 2082 κατά
3232 2028 3294 2080 τὸ
3324 2025 3582 2089 τοῦνΒεοῦ
3603 2024 3819 2095 θέλημα
3845 2023 4024 2076 πάντα

2442 2122 2747 2193 ἐνεργοῦσι.
2783 2121 3038 2176 Διδάσκει
3084 2120 3141 2174 δὲ
3178 2120 3271 2173 τὸν
3314 2117 3588 2171 ἐπιούσιον
3619 2116 3787 2187 ἄρτον
3840 2115 4024 2186 ζητεῖν

2447 2216 2627 2286 μόνον,
2674 2217 2947 2277 τουτέστι,
3003 2214 3097 2267 τὸν
3148 2213 3241 2265 ἐπὶ
3285 2213 3351 2281 τῇ
3404 2211 3564 2281 οὐσίᾳ
3594 2209 3775 2281 ἡμῶν,
3824 2208 3921 2261 καὶ
3955 2210 4019 2279 τῇ

2446 2306 2705 2359 συστάσει
2734 2306 2834 2374 τῆς
2860 2304 3006 2372 ζωῆς
3034 2303 3479 2373 συμϐαλλόμενον
3502 2319 3513 2331 ·
3555 2303 3617 2354 οὐ
3647 2300 3739 2353 τὸν
3769 2299 4025 2370 περιττὸν

2443 2399 2684 2461 πάντως,
2720 2396 2857 2450 ἀλλά
2886 2397 2975 2449 τὸν
2999 2396 3315 2462 ἀναγκαῖον.
3347 2394 3421 2446 Τὸ
3448 2394 3526 2453 δὲ,
3557 2391 3632 2463 μὴ
3653 2392 3922 2444 εἰσελθεῖν
3947 2394 4024 2452 εἰς

2444 2489 2774 2560 πειρασμὸν,
2805 2491 2867 2543 τὸ
2906 2490 2982 2560 μὴ
3013 2488 3288 2559 ἐπιπηδῷ
3318 2490 3431 2550 τοῖς
3456 2488 3789 2556 πειρασμοῖς
3819 2486 4022 2555 σημαί·

2444 2600 2545 2637 νει.
2588 2585 2665 2635 Οὐ
2717 2582 2827 2652 γὰρ
2869 2583 2951 2634 δεῖ
2993 2583 3141 2652 ἡμᾶς
3188 2581 3533 2649 παρακαλεῖν
3592 2579 3685 2632 τὸν
3734 2579 3898 2639 Θεὸν.
3938 2579 4023 2631 ῐνα

2446 2679 2594 2747 ἡμᾶς
2619 2678 2699 2739 είς
2731 2678 3039 2746 πειρασμὸν
3086 2675 3335 2748 ἐμϐάλῃ,
3374 2676 3488 2729 ἀλλ’
3540 2673 3880 2745 ἀπεύχεσθαι
3928 2674 4025 2744 μιν

2445 2771 2603 2824 τοῦτο
2637 2786 2652 2803 ’
2699 2770 2839 2824 ἐπὶν
2884 2770 2940 2823 δέ
2992 2768 3143 2841 ἔλθῃ,
3192 2768 3455 2836 γενναίως
3511 2768 3720 2837 φέρειν.
3779 2768 3940 2819 Ἐστι
3970 2766 4024 2819 δέ

2446 2867 2647 2932 εἰπεῖν,
2680 2866 2762 2918 ὅτι
2792 2862 2974 2922 διττὸν
3002 2864 3064 2916 τὸ
3094 2860 3235 2926 εἶδος
3266 2863 3378 2915 τῶν
3414 2862 3761 2935 πειρασμῶν.
3827 2864 3892 2915 Οί
3928 2861 4027 2931 μὲν

2447 2960 2555 3028 γὰρ
2583 2959 2821 3013 ἑκούσιοι
2848 2975 2861 2988 ·
2894 2954 3007 3011 οἷον
3052 2958 3216 3027 μέθη,
3252 2962 3432 3025 φόνος,
3470 2959 3706 3028 μοιχεία,
3859 2958 4027 3012 τᾶλλα

2449 3052 2597 3119 πάθη
2618 3069 2634 3084 ο
2671 3051 2883 3113 τούτοις
2911 3050 3021 3120 γάρ
3050 3052 3165 3112 τοῖς
3195 3052 3521 3121 πειρασμοῖς
3556 3052 3776 3112 ἑκόντες
3798 3052 4031 3113 ἑαυτοὺς

779 3142 883 3195 hoc
931 3150 1013 3196 est
1042 3141 1445 3229 affectionibus,
1497 3140 1686 3211 fugere
1742 3156 1841 3196 nos
1894 3152 2128 3211 oportet,
2174 3154 2227 3197 et
2252 3158 2345 3197 eas
2377 3148 2460 3227 ci

2377 3166 2421 3227 ο
2450 3144 2897 3214 ύπεμϐἀλλομεν.
2939 3141 3210 3197 ’Δκούσιοι
3247 3142 3303 3195 δὲ
3356 3142 3678 3214 πειρασμοὶ,
3723 3138 3806 3207 οἷς
3837 3145 3887 3197 οί
3934 3144 4029 3198 τύ·

781 3234 1090 3301 deprecari,
1122 3241 1177 3286 et
1211 3233 1414 3299 dicere,
1450 3229 1533 3286 Ne
1584 3232 1807 3287 inducas
1850 3246 1967 3297 nos,
2004 3233 2106 3287 hoc
2148 3240 2251 3296 est,
2286 3248 2351 3287 ne
2454 3254 2462 3302 ι

2350 3260 2351 3281 i
2454 3250 2637 3302 ραννοι
2683 3233 2777 3286 καὶ
2812 3231 2977 3301 βίαιοι
3030 3232 3180 3301 ἡμᾶς
3212 3232 3629 3287 ὑποϐάλλουσιν.
3682 3233 3817 3287 ’Δπδ
3850 3235 4031 3287 τοίνυν

778 3325 1059 3393 permittas
1086 3339 1185 3379 nos
1220 3324 1461 3378 incidere
1491 3324 1543 3377 in
1574 3323 1947 3389 tentationem,
1979 3322 2080 3378 hoc
2118 3333 2203 3378 est
2254 3340 2355 3377 νο·
2450 3344 2459 3361 ι

2347 3354 2355 3365 -
2450 3325 2559 3379 τῶν
2606 3324 2871 3377 ἑκουσίων
2926 3323 3274 3395 πειρασμῶν,
3324 3324 3570 3377 τουτέστι
3633 3324 3744 3377 τῶν
3814 3326 4028 3391 παθῶν,

778 3414 1067 3468 luntariam
1094 3416 1470 3471 tentationem.
1506 3414 1613 3468 Sed
1646 3414 1815 3468 libera
1851 3429 1949 3469 nos
1997 3429 2025 3466 a
2065 3416 2227 3469 malo.
2256 3415 2355 3469 Hic
2452 3436 2459 3465 ε

2346 3432 2355 3469 :
2452 3418 2675 3487 φεύγειν
2710 3417 2793 3469 δεῖ
2825 3418 2993 3486 ἡμᾶς,
3027 3418 3123 3468 καὶ
3150 3416 3377 3476 τούτους
3414 3415 3775 3485 ἀπεύχεσθαι,
3817 3418 3915 3470 καὶ
3944 3418 4027 3470 λέ-

778 3512 920 3565 enim
953 3519 1039 3565 est
1077 3510 1169 3578 qui
1197 3519 1251 3564 et
1297 3508 1634 3564 voluntarias
1663 3517 1717 3562 et
1762 3507 2155 3563 involuntarias
2190 3508 2351 3563 infert
2450 3527 2459 3539 ·

2349 3551 2351 3559 .
2450 3527 2590 3577 γειν,
2616 3510 2718 3579 ,Μὴ
2745 3510 3065 3579 εἰσενέγκῃς
3096 3510 3266 3578 ἡμᾶς,
3318 3509 3588 3573 τουτέστι,
3629 3508 3704 3578 μὴ
3736 3511 4030 3579 συγχωρή-

779 3604 1129 3657 tentationes.
1184 3601 1306 3657 Ideo
1362 3602 1452 3671 qui
1504 3602 1729 3655 tentaris
1766 3600 1834 3653 ab
1888 3601 2103 3654 homine
2158 3601 2343 3654 etxim
2454 3620 2460 3646 ι

2454 3616 2553 3671 σῃς
2590 3601 2733 3668 ἡμᾶς
2758 3602 3023 3668 ἐμπεσεῖν
3064 3602 3145 3663 είς
3174 3599 3505 3668 πειρασμὸν,
3546 3600 3716 3670 ἤγουν
3743 3600 3826 3662 είς
3857 3602 4033 3663 πάθος

777 3696 1007 3762 pateris;
1036 3711 1099 3748 ne
1133 3705 1291 3763 putes
1316 3694 1588 3746 hominem
1619 3706 1741 3746 esse
1774 3693 1869 3745 tibi
1898 3701 2176 3745 auctorem
2219 3700 2342 3743 ten-
2457 3719 2458 3733 ξ

2457 3692 2727 3757 ἐκούσιον,
2752 3693 2886 3745 ἀλλὰ
2930 3693 3090 3761 ῥῦσαι
3142 3694 3292 3762 ἡμᾶς
3320 3693 3426 3746 ἀπὸ
3454 3692 3547 3745 τοῦ
3578 3692 3837 3765 πονηροῦ.
3865 3688 4031 3755 Οὗτος

778 3786 1019 3846 talionis,
1048 3786 1143 3839 sed
1174 3776 1489 3853 malignum.
1518 3783 1607 3836 Ille
1630 3783 1776 3837 enim
1806 3791 1886 3837 est
1915 3783 2005 3851 qui
2032 3781 2189 3836 fratri
2224 3798 2345 3851 pcr-
2453 3801 2459 3815 ι

2453 3786 2563 3854 γάρ
2606 3786 2723 3837 ἐστι
2766 3785 2859 3837 καὶ
2904 3786 3031 3847 τοὺς
3066 3783 3357 3847 ἀκουσίους
3406 3787 3503 3837 καὶ
3564 3786 3691 3847 τοὺς
3746 3786 4033 3849 ἑκουσίους

777 3877 969 3931 suadet
996 3886 1053 3930 ut
1086 3878 1135 3929 in
1172 3886 1222 3931 te
1243 3867 1427 3930 smvia‘t
1451 3860 1505 3930 et
1540 3875 1796 3929 insaniat.
2031 3894 2036 3901 ·
2453 3897 2458 3911 ι

2453 3874 2796 3944 πειρασμοὺς
2824 3875 3067 3943 ἐπάγων.
3110 3875 3201 3928 Διὸ
3235 3875 3310 3945 μὴ
3340 3876 3610 3936 ἀκουσίως
3635 3876 4033 3947 πειραζόμενος

776 3968 882 4021 ὑπὸ
907 3966 1214 4037 ἀνθρώπου,
1240 3967 1428 4036 νόμιζε
1451 3965 1542 4018 τὸν
1568 3965 1857 4035 ἄνθρωπον
1885 3960 2025 4021 εἷναί
2065 3982 2147 4019 σοι
2209 3968 2386 4020 αίτιον
2423 3965 2518 4017 τοῦ
2598 3965 2929 4035 πειρασμοῦ,
2966 3966 3103 4020 ἀλλά
3159 3966 3250 4019 τὸν
3310 3968 3566 4037 πονηρόν.
3630 3968 3871 4032 Ἐκεῖνος
3926 3970 4035 4039 γάρ

778 4059 1195 4115 ἑστινὸπείθων
1220 4060 1308 4112 τὸν
1341 4058 1627 4130 ἄνθρωπον
1666 4058 1807 4111 κατά
1858 4059 1954 4112 σοῦ
1996 4059 2197 4131 λυττᾷν
2246 4064 2339 4114 καὶ
2385 4060 2695 4131 μαίνεσθαι.

852 4153 1010 4208 Vens.
1042 4153 1164 4209 5-8.
1205 4172 1224 4203 ι
1260 4154 1323 4208 Ει
1348 4156 1422 4206 ait
1458 4154 1562 4207 illis
1594 4168 1607 4205 :
1670 4152 1802 4217 Quis
1846 4163 2087 4208 vestrum
2124 4155 2343 4209 habebit

778 4247 1039 4309 amicum,
1075 4255 1129 4299 et
1151 4246 1247 4298 ibit
1280 4247 1345 4298 atl
1375 4246 1520 4297 illum
1557 4247 1727 4298 media
1765 4254 1942 4310 nocte,
1968 4255 2023 4299 et
2056 4248 2197 4301 dicet
2224 4248 2297 4299 illi
2331 4267 2343 4299 :

780 4344 821 4395 Α
849 4343 988 4404 uice,
1020 4340 1085 4393 da
1116 4339 1247 4393 mihi
1279 4349 1462 4391 mutuo
1488 4348 1600 4391 tres
1633 4352 1821 4407 panes,
1851 4339 2107 4407 quoniam
2144 4341 2352 4395 amicus

781 4447 934 4485 meus
963 4432 1105 4484 venit
1130 4429 1194 4484 de
1219 4431 1299 4481 via
1336 4430 1404 4483 ad
1442 4443 1548 4492 me,
1590 4440 1643 4483 et
1685 4444 1788 4483 non
1814 4431 1987 4485 habeo
2012 4430 2157 4499 quod
2184 4447 2351 4499 appo-

2522 4174 2541 4206 ι
2584 4156 2693 4207 Καὶ
2723 4150 2847 4206 εἶπε
2885 4154 3019 4224 πρὸς
3049 4156 3270 4217 αὐτούς·
3306 4156 3400 4219 Τίς
3432 4156 3493 4221 ἐξ
3527 4157 3679 4226 ὑμῶν
3706 4158 3820 4222 ἐεει
3857 4161 4032 4229 φίλον,

2450 4250 2543 4300 καὶ
2576 4248 2908 4316 πορεύσεται
2948 4246 3086 4315 πρὸς
3138 4246 3303 4299 αὐτὸν
3343 4250 3727 4317 μεσονυκτίου,
3763 4256 3859 4304 καὶ
3902 4254 4030 4323 εῖπῃ

2451 4337 2601 4406 αύτῷ
2623 4354 2635 4367 ·
2682 4337 2828 4400 Φίλε,
2853 4337 3058 4405 χρῆσόν
3098 4354 3187 4404 μοι
3212 4340 3372 4407 πρεῖς
3404 4337 3626 4407 ἄρτους,
3654 4340 3847 4409 ἐπειδὴ
3866 4342 4032 4409 ,φίλος

2462 4428 2799 4499 παρεγένετο
2827 4428 2887 4491 ἐξ
2906 4428 3025 4481 ὁδοῦ
3045 4428 3179 4498 πρὸς
3204 4428 3293 4499 μέ,
3322 4430 3417 4483 καὶ
3433 4430 3534 4481 οὐκ
3549 4430 3656 4499 ἔχω
3678 4430 3707 4483 ὃ
3733 4432 4038 4502 παραθήσω

779 4541 901 4579 nam
938 4524 1033 4579 illi.
1064 4523 1129 4577 Et
1156 4522 1247 4577 ille
1276 4522 1419 4576 intus
1472 4523 1807 4592 respondens
1830 4524 1977 4579 dicat
2014 4523 2175 4579 :Noli
2214 4527 2344 4579 mihi
2381 4514 2460 4573 Di

2381 4514 2426 4573 Ι)
2453 4520 2625 4591 αὐτῷ.
2659 4520 2921 4582 Κάκεῖ-νος
2964 4519 3168 4572 ἔσωθεν
3206 4519 3529 4591 ἀποκριθεὶς
3559 4519 3693 4593 εἴπῃ
3715 4536 3729 4549 ⁸
3799 4522 3894 4593 Μή
3948 4541 4035 4589 μοι

780 4619 1043 4669 molestus
1071 4629 1216 4677 esse,
1268 4614 1379 4683 jam
1422 4616 1619 4667 ostium
1662 4613 1906 4669 clausum
1956 4630 2066 4681 εει,
2115 4627 2169 4673 et
2196 4620 2349 4687 pueri

782 4708 885 4760 ιιιεί
912 4720 1121 4760 mecum
1146 4716 1272 4758 sunt
1306 4706 1357 4756 in
1391 4707 1552 4759 cubili
1580 4724 1592 4760 :
1626 4723 1726 4759 non
1764 4722 1984 4774 possum
2010 4725 2259 4779 surgere,
2296 4720 2349 4765 et

782 4799 912 4851 dare
958 4796 1074 4849 lilii.
1109 4794 1239 4849 Dico
1275 4796 1444 4859 vobis,
1474 4798 1637 4848 etiam
1666 4798 1710 4848 si
1762 4812 1866 4851 non
1916 4798 2144 4855 daturus
2179 4802 2249 4855 sit
2277 4802 2350 4856 illi

782 4903 1009 4957 surgens
1032 4902 1096 4941 eo
1125 4888 1268 4956 quod
1300 4888 1503 4940 amicus
1533 4886 1647 4955 ejus
1675 4890 1767 4951 sit,
1799 4899 2017 4958 propter
2041 4892 2355 4961 improbita-

783 4989 888 5033 tem
927 4988 1105 5031 tamen
1128 4978 1244 5047 ejus
1278 4990 1489 5048 surget,
1514 4995 1576 5033 ac
1610 4980 1760 5034 dabit
1806 4981 1882 5036 illi
1935 4993 2201 5052 quotquot
2254 4987 2353 5040 ha-

782 5068 1049 5135 hetopns.
1092 5085 1109 5117 ι
1142 5066 1460 5121 Parabolatn
1498 5070 1637 5125 hanc
1662 5082 1713 5124 et
1746 5074 2052 5142 exemplum
2094 5074 2229 5129 dicit
2252 5077 2354 5131 Do-

782 5159 984 5219 minus,
1029 5161 1283 5213 erudiens
1354 5176 1451 5213 nos
1504 5178 1569 5215 ne
1631 5166 1870 5231 segniter
1916 5180 2157 5221 oremus.
2216 5167 2355 5234 Quid

784 5252 948 5316 igitur
979 5252 1089 5304 vult
1124 5253 1430 5321 parabola?
1461 5254 1686 5308 Mediam
1738 5267 1951 5310 noctem
2011 5260 2229 5327 quidem
2268 5263 2356 5314 in-

781 5347 898 5410 quit
953 5361 1073 5399 esse
1127 5357 1426 5399 extremum
1478 5348 1620 5413 vitae,
1658 5352 1723 5401 ad
1773 5352 1913 5420 quod
1946 5368 2067 5406 cum
2107 5354 2356 5410 homines

781 5441 1127 5507 pervenerint
1154 5456 1378 5494 sensum
1407 5440 1530 5494 boni
1579 5444 1869 5512 accipiunt,
1892 5456 1946 5499 et
1979 5446 2042 5498 ad
2079 5445 2247 5501 Deum
2274 5446 2354 5501 fe-

2454 4615 2661 4676 κόπους
2692 4614 2922 4683 πάρεχε,
2962 4612 3065 4681 ἤδη
3093 4614 3125 4681 ὴ
3162 4612 3302 4681 θύρα
3323 4612 3668 4678 κέκλεισται,
3695 4614 3792 4666 καὶ
3817 4616 3884 4668 τά
3917 4632 4039 4668 παι-

2454 4709 2544 4761 δία
2587 4726 2689 4779 μου
2728 4709 2845 4778 μετ’
2880 4706 3016 4775 ἐμοῦ
3053 4710 3133 4769 είς
3155 4708 3256 4777 τὴν
3292 4707 3480 4778 κοίτην
3515 4707 3676 4771 εῖσὶν,
3704 4710 3765 4761 ού
3800 4710 4037 4778 δύναμαι

2455 4803 2695 4864 ἀναστὰς
2725 4799 2907 4853 δοῦναί
2952 4816 3055 4854 σοι.
3114 4798 3275 4867 Λέγω
3304 4800 3457 4869 ὑμῖν,
3502 4802 3550 4853 εί
3598 4802 3694 4857 καὶ
3752 4805 3816 4855 οὐ
3878 4803 4036 4855 δώσει

2455 4894 2605 4963 αὐτῷ
2628 4893 2866 4955 ἀναστὰς
2892 4892 2980 4945 διὰ
3008 4891 3069 4943 τὸ
3108 4887 3249 4945 εἶναι
3288 4890 3456 4944 αὐτοῦ
3502 4892 3678 4960 φίλον,
3704 4892 3793 4945 διά
3834 4910 3898 4959 γε
3938 4896 4034 4964 τὴν

2457 4988 2733 5042 ἀναίδειαν
2759 4984 2923 5040 αὐτοῦ
2945 4985 3190 5056 ἐγερθεὶς
3213 4983 3376 5039 δώσει
3404 4985 3555 5053 αὑτῷ
3590 4985 3731 5039 ὅσων
3758 4987 3974 5058 χρῄζει.
4012 5008 4029 5039 ι

2457 5081 2786 5151 Παραϐολήν
2837 5096 2959 5132 τινα
3009 5079 3105 5131 καὶ
3165 5077 3475 5147 ὑπόδειγμα
3522 5077 3672 5147 λέγει
3732 5080 3761 5131 ὁ
3809 5082 4033 5151 Κύριος,

2458 5174 2732 5227 παιδεύων
2784 5173 2932 5242 ἡμᾶς
2963 5171 3175 5237 ἀόκνως
3198 5191 3213 5201 ι
3238 5174 3663 5245 προσεύχεσθαι.
3701 5174 3768 5228 Τί
3812 5171 3906 5226 οὖν
3950 5192 4037 5243 ση-

2464 5264 2704 5340 μαίνειή
2741 5261 3027 5333 παραϐολή
3050 5280 3065 5329 ;
3088 5262 3458 5317 Μεσονύκτιον
3490 5264 3591 5333 μέν
3615 5283 3781 5333 φασιν
3813 5261 3953 5317 εἶναι
3975 5269 4037 5316 τά

2458 5358 2659 5429 ἔσχατα
2693 5354 2786 5409 τοῦ
2806 5355 2947 5427 βίου,
2972 5357 3031 5409 ἐν
3059 5351 3139 5419 οῖς
3175 5360 3224 5409 οἱ
3264 5357 3542 5428 ἄνθρωποι
3576 5358 3861 5427 γενόμενοι
3907 5359 4037 5427 πρὸς

2462 5450 2818 5519 συναίσθησιν
2853 5450 3106 5519 ἔρχονται
3150 5450 3243 5502 τοῦ
3276 5450 3465 5515 καλοῦ,
3498 5451 3593 5505 καὶ
3644 5452 4036 5521 προστρέχουσι

782 5531 984 5586 stinant
1011 5548 1022 5582 :
1054 5534 1142 5601 qui
1171 5534 1377 5588 anticus
1422 5545 1525 5599 est,
1568 5549 1759 5591 omnes
1800 5536 2049 5605 diligens,
2081 5549 2133 5592 et
2167 5554 2359 5593 omnes
2461 5559 2463 5582 ι

2353 5555 2359 5590 ι
2461 5543 2599 5612 Θεῷ.
2645 5536 2814 5604 Οὗτος
2850 5542 2961 5612 γάρ
2991 5545 3142 5595 ἐστιν
3182 5543 3207 5594 ὁ
3235 5542 3411 5611 φίλος,
3440 5546 3467 5596 ό
3492 5544 3699 5607 πάντας
3729 5543 3927 5612 φιλῶν,
3948 5544 4034 5596 καὶ

780 5624 971 5678 volens
996 5625 1176 5679 salvos
1197 5626 1332 5680 fieri.
1378 5627 1547 5695 Igitur
1577 5630 1731 5681 multi
1771 5629 2037 5683 accedunt
2084 5630 2137 5685 in
2176 5630 2355 5685 media

783 5727 960 5781 nocte,
1000 5717 1099 5771 hoc
1144 5726 1247 5780 est,
1282 5719 1330 5771 in
1398 5728 1641 5773 extrema
1696 5720 1825 5787 vita,
1863 5722 1928 5773 ad
1964 5721 2149 5785 Deum,
2200 5731 2257 5775 ut
2288 5722 2355 5778 ad

787 5808 1044 5876 anticum,
1072 5820 1125 5865 et
1156 5811 1340 5866 dicunt
1362 5810 1410 5867 ei
1453 5830 1464 5865 :
1500 5811 1575 5866 Da
1606 5811 1735 5867 mihi
1764 5821 1874 5867 tres
1896 5828 2080 5883 panes,
2119 5814 2219 5870 hoc
2251 5825 2355 5882 est,

2464 5634 2632 5687 θέλων
2672 5634 2932 5703 σωθῆναι.
2980 5633 3382 5704 Προσέρχονται
3413 5635 3595 5688 τοίνυν
3640 5634 3835 5687 πολλοὶ
3873 5636 3931 5687 ἐν
3962 5634 4034 5703 τῷ

2469 5728 2833 5797 μεσονυκτίῳ,
2868 5726 3145 5780 τουτέστιν
3173 5728 3230 5779 ὲν
3263 5728 3339 5797 τῷ
3370 5728 3583 5797 ἐσχάτῳ
3618 5727 3739 5798 βίῳ,
3787 5726 3867 5797 τῷ
3896 5726 4031 5797 Θεῷ,

2466 5819 2538 5880 ὡς
2571 5818 2729 5889 φίλῳ,
2775 5820 2867 5873 καὶ
2922 5820 3140 5889 λέγουσι
3173 5837 3183 5849 ·
3225 5821 3323 5885 Mc
3356 5824 3503 5892 τρεῖς
3565 5822 3792 5891 ἄρτους,
3832 5821 3929 5892 τὴν
3958 5822 4031 5884 είς
