4256 6432
260 394 366 467 867

878 393 1326 456 ENARRATIO
1371 395 1447 454 IN
1486 386 2270 458 ΕνΑΝεΕιιυΜιυειΕ.
2301 420 2370 432 --
2411 396 2573 460 CAP.
2611 395 2718 458 XI.

3441 391 3550 456 858

261 507 466 579 1‘pta'5a
493 505 691 560 πίστιν.
735 504 892 568 Φίλος
920 505 1030 574 γᾶρ
1078 504 1415 575 παρεγένετο
1483 505 1791 568 τουτέστιν,
1820 507 1850 558 6

1973 507 2118 561 idem
2167 508 2223 562 in
2263 506 2612 565 Trinitatem.
2666 509 2891 564 Amicus
2928 504 3075 562 enim
3114 517 3273 560 meus
3306 504 3547 573 advenit,

263 600 499 669 ἄγγελος
524 600 556 652 6
590 598 692 668 τὴν
728 596 909 668 ψυχὴν
941 597 1414 668 παραλαμϐάνων.
1451 599 1611 662 Φίλος
1656 598 1717 652 δὲ
1753 599 1849 652 καὶ

265 694 374 756 πᾶς
399 690 654 760 άτγελος,
681 688 827 743 καθά
857 690 923 762 δή
953 690 1048 744 καὶ
1073 691 1101 742 6
1131 688 1335 759 Κύριός
1364 705 1532 760 φησι·
1577 689 1738 758 Χαρά
1767 691 1852 758 γί-

264 799 413 836 νεται
460 784 521 834 ιν
577 780 796 852 ούρανῷ
845 783 939 835 ἰπὶ
991 780 1242 851 σωτηρίᾳ
1280 779 1600 847 ἀνθρώπου.
1660 779 1745 834 Τά
1791 781 1852 834 δὲ

265 870 456 925 παιδία
503 870 572 924 τὰ
611 871 706 924 ἰπὶ⁵
750 871 853 944 τῆς
896 869 1086 941 κλίνης
1133 870 1554 941 ἀναπαυόμενα,
1613 873 1752 925 εἰσιν
1802 875 1852 927 oi

267 959 617 1030 στραφέντες,
646 960 742 1014 καὶ
767 962 1056 1028 γεγονότες
1092 962 1170 1024 ὡς
1198 961 1267 1014 τὰ
1299 962 1515 1028 παιδία,
1547 963 1644 1016 καὶ
1672 962 1846 1033 ἠξιω-

269 1051 422 1121 μένοι
449 1049 526 1121 τῷ
557 1051 751 1122 Κυρίῳ
773 1052 1284 1107 συναναπαύεσθαι.
1339 1054 1648 1109 ’Δναίδειαν
1678 1056 1736 1109 δὲ
1768 1056 1854 1110 λέ-

263 1157 355 1220 χει
391 1142 489 1212 τὴν
548 1142 671 1212 μεθ’
713 1143 995 1214 ὑπομονῆς
1050 1146 1460 1216 ἐπιτεταμένην
1508 1147 1852 1218 προσευχήν.

267 1233 401 1286 Νόει
436 1233 496 1287 δι
530 1235 626 1288 καὶ
661 1234 859 1301 ἄλλως,
905 1236 1266 1300 μεσονύκτιον
1324 1236 1448 1308 μὲν,
1503 1240 1607 1307 τὴν
1647 1240 1855 1310 ἀκμὴν,

269 1324 452 1376 καὶτὸ
504 1325 838 1395 μεσαίτατον
885 1326 998 1380 τῶν
1038 1329 1392 1399 πειρασμῶν.
1441 1330 1559 1394 Νὺξ
1595 1331 1698 1399 μὲν
1744 1330 1858 1402 γὰρ

269 1417 381 1478 πᾶς
413 1416 743 1487 πειρασμὸς,
797 1416 1154 1486 μεσονύκτιον
1187 1419 1245 1473 δὲ
1295 1420 1517 1484 πάντως
1573 1421 1634 1474 τὸ
1688 1423 1858 1492 μέσον

268 1505 377 1559 τῶν
413 1507 754 1577 πειρασμῶν.
787 1509 959 1563 Ὅταν
987 1509 1084 1566 οῦν
1115 1529 1200 1576 τις
1255 1515 1315 1571 ιν
1358 1514 1547 1582 μέσοις
1576 1515 1688 1579 τοῖς
1739 1531 1860 1567 πειο

273 1602 504 1667 ρασμοῖς
559 1601 812 1670 γένηται,
864 1604 1234 1674 προσέρχεται
1285 1603 1366 1674 τῷ
1408 1605 1656 1676 φιλοῦντι
1710 1608 1860 1677 ἡμᾶς

269 1690 413 1758 Θῴ,
449 1693 543 1746 καὶ
568 1692 715 1761 λέγέι
739 1711 752 1724 ·
790 1695 1012 1766 Χρῆσόν
1052 1713 1146 1766 μοι
1172 1700 1322 1768 τρεῖς
1351 1698 1571 1769 ἄρτους,
1605 1699 1706 1770 τὴν
1753 1717 1861 1753 σω-

269 1785 471 1854 τηρίαν
510 1784 604 1838 τοῦ
635 1786 910 1858 σώματος,
942 1789 1038 1842 καὶ
1057 1790 1157 1859 τῆς
1183 1782 1387 1860 ψυχῆς,
1422 1791 1519 1844 καί
1559 1791 1656 1845 τοῦ
1696 1792 1862 1844 πνεύο

275 1851 469 1944 ματος.
510 1879 644 1932 Ἀπὸ
673 1851 783 1951 γάρ
825 1887 935 1934 τῶν
979 1851 1505 1952 πειρασμῶνυδίος,
1539 1884 1616 1955 μὴ
1670 1885 1857 1937 κινδυ-
1901 1851 1946 1911 Β

275 1969 445 2041 νεύσῃ
481 1970 658 2034 ταῦτα
686 1972 757 2026 τά
779 1973 931 2042 τρία.
972 1973 1072 2037 Τίς
1097 1974 1153 2027 δὲ
1183 1975 1212 2027 6
1261 1974 1421 2043 φίλος
1459 1976 1488 2028 6
1541 1977 1860 2046 παραγενό-

273 2079 439 2128 μενος
484 2062 546 2127 ἐξ
577 2061 733 2129 ὑδοῦς
769 2057 846 2116 Ἦ
901 2063 1122 2129 πάντως
1155 2068 1182 2118 6
1227 2066 1439 2136 Κύριος
1479 2069 1507 2120 6
1551 2066 1867 2135 δοκιμάζων

271 2154 420 2223 ἡμᾶς
447 2156 506 2207 ὲν
529 2156 642 2218 τοῖς
663 2158 1015 2226 πειρασμοῖς,
1042 2158 1137 2211 καὶ
1163 2157 1336 2212 θέλων
1367 2160 1568 2227 φαγεῖν
1603 2159 1703 2229 τήν
1734 2160 1868 2228 ήμε-

269 2244 438 2314 τέραν
473 2244 785 2315 σωτηρίανς
818 2246 936 2300 Οὑκ
976 2245 1091 2317 ἔχει
1129 2247 1188 2300 δι
1224 2248 1279 2301 τί
1338 2250 1653 2320 παραθήσει
1687 2248 1867 2320 τούτῳ

269 2337 388 2390 66v
423 2338 538 2399 τοῖς
601 2341 933 2409 πειρασμοῖς
981 2340 1270 2408 ἐμπεσὼν,
1325 2341 1425 2396 καὶ
1463 2342 1710 2396 ἀσθενῶν
1769 2342 1866 2412 ἀφ’

271 2428 467 2482 ἑαυτοῦ
514 2429 833 2498 ἀντιστῆναι
883 2431 1122 2497 τούτοις,
1169 2434 1264 2488 καὶ
1298 2433 1647 2502 θεραπεῦσαι
1699 2434 1858 2488 Θεόν.

269 2516 346 2573 T6
381 2521 439 2574 δὲ
479 2521 802 2591 κλεισθῆναι
845 2525 946 2595 τὴν
983 2524 1180 2594 θύραν,
1241 2526 1402 2580 τοῦτο
1449 2528 1731 2597 σημαίνει,
1783 2528 1868 2581 ὃτι

269 2614 353 2666 δεῖ
387 2613 495 2682 πρὸ
527 2613 639 2667 τῶν
667 2617 998 2686 πειρασμῶν
1025 2619 1176 2687 ἡμᾶς
1205 2614 1347 2671 εἶναι
1391 2619 1861 2689 ἡωιμασμένους,

271 2701 412 2756 επάν
446 2703 503 2756 δὲ
558 2705 918 2775 ἐμπέσωμεν,
952 2693 1269 2761 κέκλεισται
1305 2709 1338 2779 ή
1391 2710 1489 2778 τῆς
1545 2709 1868 2780 ἑτοιμασίας

273 2795 438 2866 θύρα,
499 2795 596 2849 xai
641 2796 923 2867 ἀνέτοιμοι
985 2798 1398 2868 εὑρισκόμενοι,
1452 2801 1501 2852 εἰ
1554 2799 1631 2870 μὴ
1672 2802 1701 2853 6
1735 2801 1868 2862 Θεὸς

273 2886 558 2958 βοηθήσει,
598 2890 1062 2959 κινδυνεύσωμεν.
1096 2892 1296 2946 Παιδία
1327 2891 1406 2956 δὲ,
1448 2891 1597 2947 καθά
1648 2910 1868 2963 προαπ-

273 2981 559 3052 εδόθησαν,
587 2980 698 3036 εἷεν
724 2983 790 3037 ἂν
811 2985 861 3036 οἱ
891 2984 1179 3054 γενόμενοι
1209 2985 1317 3038 uioi
1353 2985 1450 3038 τοῦ
1474 2984 1613 3039 Θεοῦ
1639 2986 1708 3039 δι’
1740 2987 1872 3056 ἀρε-

266 3073 392 3147 τῆς,
419 3074 515 3128 καὶ
550 3075 995 3146 ἀνακλινόμενοι,
1042 3078 1140 3130 καί⁵
1171 3078 1587 3147 ἀναπαυόμενοι
1624 3080 1683 3130 ὲν
1722 3078 1866 3148 Θεῷ.

1955 597 2058 655 Ιιοε
2083 605 2190 662 est,
2227 600 2456 669 angelus
2492 601 2588 670 qui
2617 601 2855 655 animam
2893 596 3144 655 assumit.
3188 595 3416 649 Amicus
3447 610 3548 648 au-

1955 698 2063 746 tem
2092 699 2180 746 est
2205 692 2382 746 omnis
2404 692 2654 763 angelus,
2688 692 2832 747 sicut
2863 700 2918 746 et
2950 689 3214 745 Dominus
3243 687 3384 741 dixit
3407 684 3551 754 quod

1955 782 2212 851 gaudium
2282 783 2489 838 factum
2539 793 2623 839 est
2675 785 2727 838 in
2763 783 2908 839 caelo
2957 784 3024 836 de
3066 780 3242 836 salute
3289 777 3532 832 hominis

1955 873 2116 929 Pueri
2173 883 2360 930 autem
2399 876 2491 944 qui
2533 876 2587 930 in
2647 875 2790 930 lecto
2844 874 3160 944 quiescunt,
3191 879 3320 924 sunt
3359 870 3413 923 hi
3461 866 3554 937 qui

1956 967 2204 1022 conversi
2237 976 2387 1029 sunt,
2410 975 2464 1020 et
2489 965 2618 1020 facti
2651 973 2779 1020 sunt
2821 976 2879 1019 ut
2904 963 3083 1036 pueri,
3118 970 3173 1017 ct
3202 960 3350 1029 digni
3378 957 3552 1013 habiti

1958 1073 2085 1118 sunt
2118 1061 2209 1132 qui
2255 1061 2604 1130 quiescerent
2655 1075 2779 1114 cum
2841 1058 3097 1114 Domino.
3151 1051 3553 1123 impudentiam

1959 1161 2143 1208 autem
2188 1162 2246 1206 et
2290 1153 2696 1220 improbitatem
2751 1150 2883 1204 dicit
2937 1147 3247 1202 orationem
3289 1152 3555 1198 attentam

1960 1259 2083 1298 cum
2116 1244 2469 1300 sustinentia.
2495 1241 2740 1311 lntcllige
2763 1249 2824 1296 et
2851 1239 3032 1303 aliter,
3062 1252 3163 1306 per
3180 1235 3420 1290 mediam
3454 1248 3558 1286 no-

1961 1345 2125 1403 ctem,
2168 1337 2441 1406 ingentem
2474 1335 2857 1389 tentationem.
2891 1329 3008 1385 Nox
3039 1331 3184 1383 enim
3231 1327 3411 1383 omnis
3438 1335 3560 1379 ten-

1965 1428 2098 1482 tatio
2133 1445 2149 1481 :
2183 1427 2364 1482 media
2389 1435 2576 1481 autem
2618 1441 2751 1488 nox,
2782 1424 2965 1478 omnis
2995 1420 3316 1476 tentatiouis
3352 1418 3560 1472 fervor.

1964 1519 2133 1589 igitur
2162 1532 2285 1574 cum
2326 1519 2450 1588 quis
2503 1520 2556 1571 in
2595 1517 2803 1570 medias
2857 1514 3190 1569 tentationes
3229 1510 3560 1581 pervenerit,

1964 1611 2178 1666 accedit
2218 1611 2284 1664 ad
2313 1611 2478 1664 Deum
2513 1625 2614 1663 nos
2637 1609 2954 1678 diligentem
2986 1615 3041 1660 et
3069 1605 3202 1659 dicit
3225 1623 3237 1658 :
3258 1602 3564 1657 Commoda

1967 1703 2096 1779 mihi
2133 1713 2244 1757 tres
2265 1717 2451 1771 panes,
2473 1701 2706 1756 salutem
2730 1700 2980 1768 corporis
3005 1697 3241 1761 scilicet,
3270 1705 3324 1749 ct
3343 1695 3565 1758 animat,

1969 1807 2026 1850 et
2055 1796 2303 1864 spirllus.
2333 1795 2581 1849 Timetur
2619 1793 2765 1848 enim
2821 1806 2888 1845 ne
2943 1790 3047 1844 tria
3087 1789 3203 1843 haec
3250 1801 3350 1857 per
3383 1794 3563 1839 tenta-

1975 1890 2151 1943 tiones
2181 1886 2582 1956 periclitentur.
2611 1883 2746 1951 Quis
2781 1893 2965 1937 autem
2994 1880 3209 1935 amicus
3238 1887 3321 1933 est
3353 1877 3443 1944 qui
3468 1891 3568 1931 ve-

1971 1984 2050 2038 nit
2113 1984 2180 2034 de
2245 1981 2368 2035 via?
2419 1979 2652 2035 Omnino
2717 1977 3000 2036 Dominus,
3053 1973 3146 2042 qui
3171 1971 3368 2040 probat
3395 1984 3492 2024 nos
3516 1969 3569 2022 in

1973 2072 2391 2134 Ientationibus,
2429 2080 2483 2124 et
2518 2067 2711 2122 avidus
2754 2075 2841 2120 est
2892 2065 3088 2120 edendi
3149 2064 3218 2117 de
3255 2060 3432 2116 salute
3473 2073 3573 2115 ue-

1971 2162 2119 2216 stra?
2149 2160 2311 2232 355
2345 2160 2462 2214 Non
2497 2162 2661 2212 habet
2697 2167 2879 2210 autem
2928 2155 3072 2224 quod
3108 2162 3346 2223 apponat
3369 2151 3570 2216 amico,

1973 2255 2018 2309 is
2045 2258 2137 2324 qui
2172 2256 2226 2308 in
2264 2254 2593 2306 tentationes
2632 2249 2923 2312 inciderat,
2977 2256 3031 2300 et
3081 2246 3337 2299 inﬁrmus
3386 2257 3483 2312 per
3514 2255 3574 2297 se

1972 2356 2032 2401 ut
2060 2345 2290 2400 obsistat
2315 2344 2443 2406 illis,
2476 2352 2527 2397 et
2563 2349 2721 2397 curet
2757 2355 2819 2394 ea
2866 2353 2991 2408 quae
3030 2346 3158 2390 sunt
3185 2334 3301 2388 Dei.
3373 2331 3567 2388 Claudi

1966 2438 2190 2509 ianuam
2249 2436 2430 2505 signat
2458 2435 2600 2501 quod
2633 2440 2889 2504 oporteat
2939 2440 3064 2484 ante
3112 2428 3442 2484 tentationes
3475 2439 3574 2482 nos

1970 2544 2090 2584 esse
2124 2540 2480 2599 praeparatos.
2515 2526 2655 2582 Cum
2716 2535 2901 2580 autem
2957 2523 3341 2583 incideritnus,
3381 2519 3570 2574 clausa

1971 2634 2054 2677 est
2089 2621 2515 2690 praeparationis
2536 2617 2732 2683 ianua,
2764 2626 2818 2672 et
2847 2616 2938 2684 qni
2965 2614 3328 2668 inveniuntur
3359 2611 3572 2678 imprae-

1969 2713 2300 2787 parati,nisi
2339 2711 2479 2764 Deus
2536 2709 2832 2778 adiuverit,
2886 2705 3369 2777 periclitabuntur.
3412 2701 3573 2754 Pueri

1970 2820 2178 2869 autem,
2205 2807 2344 2860 sicut
2367 2805 2516 2873 prius
2542 2805 2766 2868 dictum,
2805 2803 2859 2856 hi
2886 2812 3034 2866 sunt,
3071 2799 3161 2867 qui
3193 2811 3288 2867 per
3319 2796 3576 2848 virtutem

1974 2900 2100 2954 farti
2126 2910 2256 2954 sunt
2290 2897 2381 2951 ﬁlii
2419 2895 2534 2959 Dei,
2569 2907 2624 2950 et
2653 2897 2982 2949 recumbunt
3020 2907 3086 2949 ac
3118 2891 3413 2962 quiescunt
3453 2902 3577 2943 cum

1975 2992 2108 3050 Deo.

353 3187 372 3219 ι
409 3168 582 3236 Κάγὼ
611 3168 742 3238 ὑμῖν
776 3168 924 3236 λέγω
947 3183 962 3199 °
998 3169 1234 3232 Αἰτεῖτε,
1265 3169 1362 3223 καὶ
1395 3169 1683 3241 δοθήσεται
1716 3171 1866 3239 ὑμῖν,

2055 3170 2216 3226 Vens.
2264 3170 2421 3224 9.13.
2453 3185 2472 3219 ι
2519 3167 2585 3223 Ει
2629 3181 2732 3239 ego
2763 3166 2882 3221 dico
2917 3164 3069 3218 vobis
3112 3181 3125 3217 :
3155 3161 3353 3227 Petite,
3387 3170 3442 3217 et
3473 3160 3576 3217 da-

273 3260 510 3329 ζητεῖτε,
547 3261 641 3313 καί
699 3261 996 3332 εὑρήσετε,
1058 3261 1311 3332 κρούετε,
1371 3263 1467 3316 καὶ
1517 3265 1869 3332 ἀνοιγήσεται

271 3353 424 3421 ὑμῖν.
451 3353 567 3418 Πᾶς
597 3355 708 3424 γὰρ
740 3355 768 3407 6
798 3355 966 3408 αίτῶν
995 3354 1293 3423 λαμϐάνει,
1323 3356 1419 3408 καὶ
1457 3358 1485 3409 6
1515 3355 1697 3427 ζητῶν
1723 3356 1873 3427 εὑρί-

274 3461 417 3509 σκει,
459 3447 553 3498 καὶ
591 3444 671 3516 τῷ
706 3445 956 3516 κρούοντι
989 3447 1362 3516 ἀνοιγήσεται.
1414 3447 1550 3501 Τίνα
1605 3447 1664 3500 66
1717 3446 1873 3517 ὑμῶν

271 3537 366 3588 τὸν
393 3535 609 3605 πατέρα
639 3537 858 3607 αἰτήσει
888 3537 917 3588 6
957 3537 1072 3600 υίὸς
1107 3538 1294 3608 ἄρτον,
1333 3540 1409 3610 μή
1439 3537 1589 3591 λίθον
1616 3538 1874 3592 ἐπιδώσει

273 3627 459 3698 αὑτῷ;
499 3629 570 3680 Ἦ
605 3629 700 3682 καὶ
729 3629 902 3698 ἰχθὺν,
939 3629 1015 3700 μὴ
1057 3630 1179 3682 ἀντί
1224 3630 1405 3701 ίχθύος
1431 3629 1558 3699 ὅφιν
1607 3630 1866 3684 ἐπιδώσει

273 3717 460 3786 αὑτῷ;
501 3719 572 3772 Ἢ
610 3720 703 3771 καὶ
749 3719 845 3772 ὲάν
890 3719 1092 3791 αἰτήσῃ
1140 3720 1269 3787 ὠὸν,
1301 3721 1379 3793 μὴ
1411 3721 1672 3777 ἐπιδώσει
1723 3722 1876 3796 αὐτῷ

273 3811 571 3881 σκορπίον;
604 3811 666 3862 Εἰ
703 3805 797 3864 οῦν
834 3811 996 3881 ὑμεῖς
1037 3814 1269 3884 πονηροὶ
1314 3813 1660 3884 ὑπάρχοντες
1691 3815 1871 3868 οἴδατε

272 3903 485 3973 δόματα
515 3904 698 3972 ἀγαθά
723 3904 921 3959 διδόναι
951 3907 1064 3967 τοῖς
1095 3905 1308 3969 τέκνοις
1334 3907 1517 3978 ὑμῶν,
1543 3907 1699 3979 πόσῳ
1736 3905 1874 3980 μᾶλι

275 3993 367 4047 λον
395 3996 424 4046 6
459 3995 648 4064 Πατὴρ
683 3997 711 4048 6
744 3993 804 4058 ἐξ
845 3993 1081 4065 ούρανοῦ
1110 3995 1273 4050 δώσει
1318 3997 1546 4070 Πνεῦμα
1572 3999 1732 4068 ἄτιον
1761 4002 1876 4065 τοῖς

275 4083 521 4138 αἰτοῦσιν
553 4085 749 4138 αὑτόνί
781 4104 799 4136 ι
836 4085 983 4156 Ὀρα
1008 4085 1068 4138 τὸ
1103 4087 1334 4159 ἀκριϐὲς
1369 4089 1467 4158 τῆς
1505 4089 1726 4156 λέξεως.
1759 4091 1875 4144 Ούκ

275 4175 454 4242 εἶπεν,
493 4179 576 4230 ὅτι
603 4179 932 4248 Αἰτήσασθε,
973 4179 1068 4232 καί
1106 4179 1415 4250 δοθήσεται,
1459 4182 1605 4250 ἀλλ’,
1636 4185 1872 4246 Αἰτεῖτε,

276 4272 398 4324 ἀντὶ
423 4270 545 4333 τοῦ,
571 4269 836 4340 διηνεκῶς
869 4270 1108 4340 ζητεῖτε.
1149 4274 1267 4337 Πᾶς
1284 4272 1394 4345 γάρ
1414 4274 1443 4327 6
1465 4274 1636 4328 αἰτῶν
1663 4275 1876 4345 λαμϐά-

276 4380 379 4416 νει.
415 4359 562 4433 Ἀρα
599 4359 694 4416 οὖν
736 4364 765 4416 6
813 4363 1113 4434 ἀσύμφορα
1157 4365 1324 4420 αἰτῶν
1363 4367 1672 4438 λαμϐάνει;
1713 4368 1868 4440 Οὐχί·

279 4456 496 4528 πρῶτον
528 4456 629 4526 μὲν
667 4455 777 4526 γὰρ
799 4457 832 4528 ή
855 4457 966 4509 τῶν
997 4459 1337 4530 ἀσυμφόρων
1384 4460 1602 4530 αἴτησις
1632 4461 1757 4514 οὑδὲ
1787 4462 1876 4515 αῖ·-

1976 3264 2124 3320 bitur
2180 3262 2370 3326 vobis;
2419 3259 2668 3329 quaerite,
2733 3264 2789 3312 et
2835 3255 3171 3320 invenietis;
3224 3252 3454 3325 pulsate,
3524 3259 3582 3305 et

1976 3355 2251 3425 aperietur
2278 3353 2452 3408 vobis.
2486 3351 2679 3406 Omnis
2711 3349 2856 3403 enim
2891 3348 2982 3416 qui
3023 3348 3180 3418 petit,
3229 3346 3430 3414 accipit
3473 3362 3486 3398 :
3526 3353 3579 3399 ct

1975 3446 2066 3514 qui
2118 3444 2332 3512 (μιαν-ξι,
2381 3441 2638 3496 invenit:
2697 3446 2751 3494 et
2791 3437 3028 3508 pulsanti
3085 3437 3384 3508 aperietur.
3445 3436 3581 3503 Quis

1977 3548 2160 3593 autem
2197 3551 2265 3590 ex
2307 3533 2460 3590 vobis
2501 3543 2676 3603 pater,
2715 3547 2742 3584 a
2795 3547 2905 3600 quo
2950 3531 2994 3586 si
3045 3530 3187 3586 ﬁlius
3217 3530 3440 3598 petierit
3478 3544 3574 3599 pa-

1977 3646 2121 3693 nem,
2148 3624 2533 3695 numlapidem
2557 3624 2706 3678 dabit
2734 3623 2848 3676 illi?
2874 3625 2980 3676 Aut
3002 3623 3043 3677 si
3072 3623 3299 3691 piscem,
3323 3637 3454 3676 num
3484 3636 3584 3690 pro

1977 3724 2125 3794 pisce
2155 3729 2464 3790 serpentem
2489 3717 2638 3771 dabit
2670 3716 2910 3770 illi?Aut
2930 3715 2974 3769 si
3005 3715 3224 3783 petierit
3244 3729 3432 3778 ovum,
3453 3727 3580 3767 num

1977 3814 2219 3884 porriget
2260 3811 2335 3866 illi
2368 3809 2686 3880 scorpium?
2716 3805 2778 3886 .Si
2804 3821 2939 3875 ergo
2975 3820 3090 3872 vos,
3119 3821 3242 3860 cum
3276 3805 3395 3860 sitis
3431 3804 3583 3870 mali,

1979 3905 2152 3960 nostis
2184 3903 2307 3958 data
2347 3902 2490 3957 bona
2535 3901 2666 3954 dare
2717 3899 2844 3954 ﬁliis
2869 3897 3068 3952 vestris
3111 3915 3125 3951 :
3162 3905 3371 3966 quanto
3411 3895 3586 3966 magis

1975 3996 2137 4053 Pater
2167 4005 2351 4051 vester
2387 3994 2486 4064 qui
2539 3994 2593 4047 in
2628 3993 2781 4048 cmlis
2811 4001 2918 4055 est,
2963 3990 3118 4046 dabit
3153 3989 3420 4059 Spiritum
3459 4004 3587 4043 san-

1977 4102 2122 4148 ctum
2165 4087 2519 4160 poscentibus
2568 4086 2664 4140 sel
2713 4103 2732 4136 ι
2775 4083 2966 4138 Videte
3012 4083 3302 4137 verborum
3349 4082 3586 4152 diligen-

1981 4187 2132 4239 tiam.
2175 4183 2294 4238 Non
2319 4181 2484 4243 dixit,
2515 4179 2735 4249 petetis,
2768 4188 2824 4232 et
2857 4176 3096 4244 dabitur,
3120 4175 3239 4241 scd,
3263 4176 3454 4246 petite,
3485 4176 3587 4230 hoc

1979 4288 2086 4345 est,
2121 4277 2388 4331 continuo
2428 4273 2679 4344 quaerite.
2706 4271 2900 4328 Omnis
2938 4270 3086 4325 enim
3119 4271 3210 4339 qui
3248 4269 3404 4337 petit,
3440 4268 3585 4324 acci-

1981 4371 2080 4440 pit.
2108 4367 2366 4436 Nunquid
2399 4380 2533 4436 ergo
2562 4375 2618 4418 et
2652 4363 2742 4433 qui
2789 4363 2925 4431 petit
2970 4376 3090 4430 quae
3124 4375 3233 4415 non
3269 4361 3587 4429 expediunt,

1981 4461 2218 4533 accipit?
2239 4460 2381 4515 Non.
2405 4458 2592 4513 Primo
2630 4457 2801 4526 igitur
2831 4469 3013 4510 rerum
3050 4453 3338 4507 noxiarum
3398 4451 3590 4521 petitio

274 4567 435 4620 τησις
484 4549 551 4601 ἂν
601 4548 828 4620 κληθείη
880 4550 1016 4621 πρὸς
1054 4552 1147 4604 τὸν
1189 4552 1346 4608 Θεόν.
1406 4554 1464 4608 'U
1506 4554 1615 4626 γὰρ
1645 4555 1724 4625 τῷ
1759 4553 1875 4627 Θεῷ

1987 4569 2094 4611 non
2132 4563 2358 4609 vocatur
2392 4553 2583 4623 petitio
2630 4551 2772 4621 apud
2832 4549 3024 4604 Deum.
3082 4545 3220 4602 Nam
3269 4547 3361 4617 qui
3420 4546 3589 4601 Deum

278 4644 740 4716 προσευχόμενος,
767 4645 977 4712 ὀφείλει
1015 4647 1306 4715 αἰτεῖσθαι,
1329 4647 1366 4702 ἃ
1399 4649 1608 4713 ἐκεῖνος
1636 4649 1870 4707 δίδωσιν.

275 4741 446 4792 Ὀταν
477 4738 534 4790 δέ
587 4755 672 4801 τις
720 4739 793 4791 τά
840 4739 1142 4810 ἀσύμφορα
1192 4743 1454 4809 αἰτεῖται,
1500 4743 1561 4798 οὑ
1603 4744 1742 4813 πρὸς
1781 4744 1874 4798 τὸν

272 4833 405 4885 Θεὸν
436 4832 672 4885 ποιεῖται
706 4831 806 4900 τὴν
843 4832 1082 4902 σίτησινο
1116 4825 1274 4897 οὗτος
1309 4836 1418 4906 γὰρ
1462 4833 1762 4906 ἀσύμφορα
1810 4835 1872 4889 οὑ

274 4924 510 4979 δίδωσιν.
555 4923 792 4978 Ἔπειτα
828 4923 992 4978 ἄκουε
1025 4927 1120 4980 καὶ
1150 4926 1330 5003 ἀὑτοῦ
1362 4927 1458 4981 τοῦ
1485 4928 1715 4999 Κυρίου,
1753 4928 1873 4993 πῶς

273 5017 516 5071 διδάσκει
551 5017 701 5087 ἡμᾶς
724 5016 995 5071 αἰτεῖσθαι
1028 5017 1064 5071 ἀ
1096 5019 1196 5074 δεῖ.
1236 5019 1435 5089 Ἀρτον
1465 5020 1597 5090 γάρ,
1624 5022 1815 5092 φησὶν,
1843 5022 1874 5075 6

275 5105 389 5167 υίὸς
425 5106 519 5160 καὶ
561 5105 718 5176 ἰχθὺν
757 5107 850 5161 καί
898 5107 1006 5160 ὠὸν
1052 5109 1308 5164 αἰτεῖται.
1339 5111 1552 5182 Ὠσπερ
1582 5108 1675 5166 οὖν
1695 5112 1874 5167 ταῦτα

275 5196 569 5264 ἀνθρώπου
599 5199 719 5250 ἐστὶ
753 5198 983 5269 βρῶσις,
1014 5200 1160 5254 οὓτω
1184 5202 1279 5256 καὶ
1305 5203 1375 5257 τὰ
1404 5205 1688 5274 αἰτήματα
1718 5206 1879 5277 ήμῶν

273 5288 585 5356 ὀφείλουσιν
612 5284 752 5346 εἶναι
779 5292 1130 5364 συμφέροντα
1150 5294 1246 5347 καὶ
1268 5295 1694 5368 συμϐαλλόμενα
1719 5299 1876 5370 ἡμῖν.

275 5383 408 5435 Νόει
437 5382 494 5436 δέ
539 5400 652 5453 μοι,
699 5384 783 5438 ἔτι
811 5385 979 5455 ἀρτον
1017 5387 1118 5458 μὲν
1151 5390 1387 5442 αἰτεῖται
1445 5392 1554 5454 πᾶς
1593 5392 1630 5443 6
1662 5390 1762 5463 τὴν
1797 5393 1880 5456 εἰς

279 5473 489 5542 Τριάδα
513 5475 697 5530 πίστιν
713 5477 1174 5550 ἀποκαλυφθῆναι
1195 5480 1369 5552 αὑτῷ,
1386 5484 1481 5537 καὶ
1497 5482 1594 5555 τὴν
1605 5484 1877 5556 ὀρθότητα

276 5568 386 5620 τῶν
419 5569 710 5639 δογμάτων
766 5572 937 5627 αἰτῶν
964 5589 978 5604 ο
1016 5573 1182 5645 ἀρτος
1234 5577 1344 5647 γὰρ
1382 5577 1559 5632 ταῦτά
1604 5579 1745 5631 εἰσιν
1798 5578 1877 5644 ὡς

278 5661 608 5731 στηρίζοντα
652 5665 904 5736 καρδίαν.
950 5666 1126 5739 Ἰχθὺν
1161 5668 1222 5724 δὲ
1268 5670 1412 5725 αἰτεῖ
1441 5672 1470 5724 6
1503 5673 1561 5727 ὲν
1589 5670 1672 5743 τῷ
1701 5671 1872 5728 πελά-

354 5850 398 5882 ⁸⁹
443 5849 584 5905 Psal.
628 5864 748 5913 cm,
795 5849 885 5906 ιι.

1984 4659 2128 4712 orat,
2171 4647 2334 4704 debet
2363 4656 2552 4718 petere
2577 4661 2700 4716 quat
2727 4644 2817 4699 ille
2847 4645 2961 4699 dat.
2996 4641 3228 4709 Quando
3264 4649 3447 4695 autem
3471 4639 3594 4709 quis

1986 4742 2150 4799 noxia
2197 4741 2357 4812 petit,
2400 4754 2512 4794 non
2549 4739 2616 4793 ad
2677 4737 2847 4792 Deum
2897 4734 3221 4805 petitionem
3257 4732 3434 4788 facit:
3480 4732 3595 4800 ipso

1984 4836 2127 4890 enim
2185 4834 2345 4889 noxia
2401 4847 2508 4887 non
2560 4831 2674 4886 dat.
2739 4830 2968 4900 Insuper
3023 4827 3152 4882 audi
3192 4828 3361 4880 etiam
3414 4825 3593 4893 ipsum

1985 4926 2277 4982 Dominum
2317 4924 2594 4995 quomodo
2622 4922 2820 4977 doceat
2855 4935 2956 4976 nos
2988 4928 3180 4991 petere
3207 4931 3329 4988 qua:
3353 4924 3593 4986 oportet.

1984 5019 2208 5083 Panem,
2245 5018 2442 5086 inquit,
2475 5025 2532 5072 et
2571 5016 2774 5086 piscem
2801 5023 2859 5070 et
2880 5028 3046 5069 ovum
3081 5011 3225 5068 ﬁlius
3251 5012 3407 5082 petit.
3439 5009 3598 5066 Sicut

1980 5113 2143 5184 igitur
2185 5111 2301 5166 haec
2341 5109 2580 5166 hominis
2607 5117 2740 5164 sunt
2779 5106 2936 5162 cibus
2965 5104 3038 5171 δ’,
3080 5106 3153 5160 ita
3184 5113 3240 5160 et
3297 5104 3593 5173 petitiones

1981 5214 2182 5261 nostra
2224 5203 2388 5258 utiles
2423 5203 2582 5258 nobis
2619 5215 2745 5258 esse
2771 5201 2997 5256 debent.
3044 5197 3295 5268 lntellige
3327 5198 3416 5253 hic
3446 5196 3592 5266 quod

1979 5312 2176 5368 panem
2211 5305 2358 5367 petat
2386 5298 2569 5352 omnis
2608 5296 2702 5365 qui
2736 5293 2898 5350 ﬁdem
2947 5294 3000 5347 itt
3033 5291 3364 5347 Trinitatem
3415 5299 3471 5344 et
3508 5303 3595 5342 rc-

1979 5392 2304 5448 ctltudinem
2339 5391 2654 5462 dogmatum
2688 5386 2918 5443 revdari
2947 5385 3054 5441 sibi
3097 5384 3254 5456 petit.
3288 5381 3416 5437 Haec
3444 5380 3591 5436 enim

1979 5498 2078 5541 cor
2109 5484 2253 5539 sicut
2283 5482 2442 5553 panis
2474 5481 2826 5538 conﬁrmant.
2863 5479 2933 5532 At
2963 5481 3167 5550 piscem
3201 5476 3358 5547 petit,
3399 5474 3493 5543 qui
3535 5473 3590 5528 in

1979 5577 2121 5634 mari
2143 5578 2269 5632 vitae
2292 5577 2455 5648 hujus
2499 5584 2607 5641 est,
2638 5583 2694 5630 et
2720 5573 2921 5646 quaerit
2947 5589 2976 5627 a
3010 5571 3121 5628 Deo
3147 5571 3502 5642 adjutorium,
3533 5576 3595 5620 ut

1976 5671 2031 5728 in
2057 5671 2250 5729 mediis
2270 5671 2664 5728 tentationibus
2682 5683 2790 5726 non
2809 5665 3218 5739 submergatur,
3237 5664 3331 5722 sed
3352 5663 3520 5729 vivat,
3541 5669 3598 5720 rt
