4256 6432
262 398 374 468 861

951 387 1400 453 ENARRATIO
1437 386 1519 448 ΙΝ
1553 386 2056 449 ΕνΑΝΟΕΙᾸυΜ
2091 385 2330 448 ωαίε.
2378 410 2448 422 -
2485 384 2647 447 CAP.
2692 384 2800 445 XI.

3445 382 3563 448 .86!

266 515 578 585 συνέχειαν,
609 513 846 571 ἵσταται,
900 507 1040 560 ἒπάν
1071 507 1128 560 δὲ
1160 490 1452 559 διαστῶσιν
1477 506 1572 557 ἀπ’
1609 505 1857 575 ἀλλήλων

1963 505 2173 576 pacifici
2208 511 2357 564 sunt,
2409 511 2856 558 conservantur:
2894 513 3020 554 cum
3069 507 3253 554 autem
3301 499 3445 556 inter
3501 518 3565 559 ισ

259 611 312 662 οἱ
347 613 534 680 τοῖχοι,
562 608 774 665 πίπτει⁹
819 600 930 654 είτε
995 595 1144 652 οἷκον
1181 599 1399 668 νοήσεις
1439 599 1564 660 τοὺς
1589 599 1646 648 ἐν
1679 602 1744 666 τῇ
1778 599 1857 650 oi-

258 703 376 774 κὶα,
431 703 525 756 καὶ
570 689 716 749 οὗτοι
748 695 854 757 ἕως
895 692 995 763 μὲν
1042 690 1407 761 εἰρηνεύουσι,
1459 692 1853 757 συνεστήκασι,

257 796 402 850 ἐπὰν
432 793 488 845 δὲ
517 787 780 842 διαστῶσι
832 786 955 840 κατ’
1001 783 1274 850 ἀλλήλων,
1319 781 1636 835 πίπτουσιν.
1678 781 1858 833 Ἔστω

260 890 340 950 δὲ,
379 889 459 939 ὅτι
493 883 745 936 ὲκὸάλλω
767 877 880 946 εγὼ
909 879 977 930 τὰ
1007 878 1266 946 δαιμόνια
1295 877 1353 926 ὲν
1391 873 1474 943 τῷ
1505 871 1854 937 Βεελζεδοὺλ,

259 982 310 1032 οί
334 977 440 1029 υίοὶ
465 974 640 1044 ὑμῶν,
676 973 956 1025 τουτέστιν
991 970 1041 1019 oi
1091 966 1404 1029 ἀπόστολοι,
1444 967 1500 1016 ἐν
1529 965 1637 1017 τίνι
1663 963 1857 1016 ἐκϐάλ-

257 1069 477 1131 λουσιν;
520 1061 598 1119 ἿΙ
639 1062 815 1130 δῆλον,
849 1060 930 1110 ὃτι
956 1060 1012 1110 ἐν
1038 1057 1114 1127 τῷ
1147 1057 1264 1126 ἐμῷ
1303 1057 1564 1123 όνόματι;
1603 1054 1727 1116 Πῶς
1761 1049 1855 1106 οὖν

257 1159 362 1228 ἐμὲ
392 1157 606 1225 λέγετε,
651 1157 733 1208 ὃτι
771 1155 828 1204 ἐν
867 1150 945 1220 τῷ
982 1148 1311 1212 Βεελζεὸοὺλ
1344 1147 1593 1201 ἐκϐάλλω
1625 1145 1755 1213 ἐγὼ,
1782 1145 1858 1208 ὡς

256 1249 450 1320 χρείαν
504 1250 642 1317 ἔχων
692 1246 793 1313 τῆς
854 1243 1067 1296 ἐκείνου
1134 1241 1440 1309 δυνάμεως,
1501 1240 1642 1291 ὅπου
1688 1255 1751 1304 γε
1803 1239 1853 1290 oi

259 1341 517 1410 ὑμέτεροι
589 1339 717 1400 υίοὶ,
752 1338 923 1406 ἦγουν
973 1337 1022 1387 oi
1079 1333 1388 1397 ἀπόστολοι,
1422 1333 1479 1383 ὲν
1518 1331 1596 1398 τῷ
1630 1331 1855 1400 ὀνόματί

261 1449 365 1498 μου
395 1429 791 1494 ἐκϐάλλουσινς
826 1429 966 1495 Ἀρα
1016 1426 1174 1478 αὐτοὶ
1218 1423 1648 1494 κατακρινοῦσιν
1683 1424 1850 1492 ὑμᾶς.

258 1523 540 1594 Πρόδηλον
562 1523 670 1591 γὰρ
703 1521 777 1581 ὡς
812 1519 908 1571 ὲάν
939 1519 1138 1592 ἐκεῖνοι
1169 1516 1510 1569 ὲκὸάλλωσιν
1551 1517 1608 1566 ἐν
1635 1514 1714 1584 τῷ
1741 1514 1856 1568 όνό-

268 1614 401 1683 ματί
431 1631 555 1684 μου,
590 1613 698 1678 ἐγὼ
726 1610 826 1677 τῆς
878 1611 1068 1676 ἐτέρου
1095 1608 1379 1677 δυνάμεως
1415 1609 1475 1658 ού
1511 1607 1720 1676 χρῄζω.
1764 1605 1854 1656 Ἐν

255 1705 504 1776 δακτύλῳ
548 1705 677 1771 γοῦν
729 1701 889 1765 Θεοῦ,
934 1703 1216 1755 τουτέστιν
1247 1701 1305 1751 ὲν
1348 1699 1630 1768 Πνεύματι
1683 1701 1849 1768 ἁγίῳ,

1963 597 2250 660 dissident,
2306 594 2529 649 cadunt.
2582 592 2712 648 Esto
2766 602 2946 647 autem
3004 592 3148 662 quod
3194 607 3296 662 ego
3345 594 3560 660 eiiciam

1962 689 2226 744 daemonia
2254 688 2306 741 in
2339 686 2651 750 Beelzehnl,
2685 685 2776 740 filii
2821 684 3012 748 vestri,
3047 685 3150 739 hoc
3181 696 3266 738 est
3303 685 3560 754 apostoli.

1961 781 2014 835 in
2068 796 2176 849 quo
2209 779 2472 847 ejiciunt?
2513 776 2707 831 Nonne
2732 775 3086 830 manifestum
3139 777 3284 844 quod
3328 777 3380 828 in
3440 791 3562 832 meo

1961 873 2218 927 nomine?
2241 870 2525 938 Quomodo
2550 871 2716 938 igitur
2747 869 2928 922 dicitis
2958 870 3104 937 quod
3127 883 3228 937 ego
3262 867 3475 934 ejiciam
3503 870 3555 922 in

1959 963 2264 1024 Declzebul.
2319 963 2477 1032 quasi
2522 976 2657 1030 Opus
2700 961 2928 1015 habeam
2982 961 3130 1014 illius
3170 959 3395 1023 virtute,
3434 974 3557 1013 cum

1961 1056 2054 1110 filii
2099 1054 2290 1118 vestri,
2337 1053 2507 1107 sancti
2545 1053 2754 1106 scilicet
2790 1051 3046 1120 apostoli,
3093 1050 3144 1104 in
3184 1065 3304 1104 meo
3334 1050 3557 1105 nomine

1959 1147 2224 1202 daemonia
2257 1145 2521 1214 eliciant?
2570 1145 2738 1214 Igitur
2788 1145 2888 1211 ipsi
2941 1143 3387 1197 condemnahunt
3437 1157 3558 1198 vos.

1959 1240 2303 1294 Manifestum
2325 1239 2470 1292 enim
2498 1237 2640 1306 quod
2671 1237 2714 1290 si
2750 1236 2822 1288 illi
2855 1236 2906 1288 in
2940 1249 3067 1288 meo
3088 1235 3306 1288 nomine.
3334 1233 3563 1301 ejiciunt

1959 1333 2245 1396 tlmnmnia,
2273 1331 2404 1384 mihi
2441 1345 2548 1383 non
2582 1344 2722 1397 opus
2751 1329 2819 1382 sit
2847 1329 3050 1381 virtute
3092 1327 3338 1381 alterius.
3381 1327 3440 1380 In
3475 1327 3561 1380 di-

1957 1426 2069 1492 gito
2099 1440 2226 1494 ergo
2275 1423 2394 1485 Dei,
2425 1424 2530 1476 hoc
2575 1429 2682 1484 est,
2735 1421 2789 1473 in
2819 1419 3027 1488 Spiritu
3064 1429 3256 1473 sancto
3298 1418 3478 1487 ejicio,
3506 1428 3560 1473 ct

1956 1515 2121 1587 357
2163 1530 2267 1568 non
2302 1515 2353 1566 in
2391 1513 2532 1566 malo
2558 1512 2773 1581 spiritu.
2811 1510 3048 1580 Digitum
3079 1519 3262 1564 autem
3295 1509 3558 1578 Spiritum

1958 1610 2110 1671 dicit,
2147 1617 2205 1660 nt
2227 1609 2372 1660 scias
2397 1606 2539 1676 quod
2572 1605 2714 1658 sicut
2739 1604 2940 1673 digitus
2963 1603 3210 1671 ejusdem
3244 1601 3564 1656 substantia!

1957 1712 2040 1755 est
2071 1717 2192 1752 cum
2240 1708 2352 1752 toto
2401 1713 2652 1766 corpore,
2680 1697 2755 1749 ita
2789 1708 2843 1751 et
2876 1696 3117 1766 Spiritus
3140 1695 3386 1764 ejusdem
3424 1697 3558 1750 sub-

258 1797 527 1860 ὲκϐάλλω,
572 1796 668 1849 καί
698 1795 800 1848 οὐκ
831 1796 888 1846 ὲν
915 1794 1188 1862 πνεύματι
1225 1791 1466 1861 πονηρῷ.
1501 1791 1775 1844 Δάκτυλον
1799 1791 1854 1844 δὲ

1962 1794 2172 1844 ειηιιιὶευ
2212 1801 2294 1843 est
2323 1807 2443 1842 rum
2479 1789 2641 1843 Patre
2687 1800 2740 1843 et
2787 1789 2947 1842 Filio.
2985 1786 3255 1841 Fortassis
3290 1797 3470 1842 autem
3505 1797 3560 1842 et

257 1889 322 1942 τὸ
365 1885 587 1955 Πνεῦμα
619 1886 789 1953 λέγει,
823 1885 911 1938 ἵνα
958 1883 1136 1956 μάθῃς
1179 1886 1264 1938 ὅτι
1300 1884 1494 1954 ὥσπερ
1535 1887 1563 1938 ό
1591 1883 1854 1946 δάκτυλος

256 1977 542 2046 δμοούσιός
575 1980 692 2056 ἐστι
717 1977 794 2046 τῷ
819 1977 926 2046 ὅλῳ
962 1976 1201 2046 σώματι,
1229 1977 1374 2028 οὓτω
1413 1977 1506 2028 καὶ
1533 1977 1591 2029 τὸ
1629 1975 1854 2045 Πνεῦμα

254 2068 544 2138 όμοούσιον
584 2067 660 2136 τῷ
685 2067 863 2138 Πατρὶ
891 2069 984 2121 καὶ
1008 2066 1087 2136 τῷ
1131 2067 1264 2137 Υίῴ.
1313 2068 1538 2135 Μήποτε
1578 2068 1634 2120 δὲ
1665 2067 1853 2136 ἐπειδὴ

255 2161 380 2231 χεὶρ
419 2159 559 2213 Θεοῦ
593 2160 812 2228 λέγεται
842 2161 872 2212 ό
904 2160 1042 2224 nec,
1073 2159 1526 2212 ὲπανεπαύσαντο
1551 2160 1606 2213 δὲ
1637 2161 1723 2212 ἐπ’
1759 2161 1852 2213 αύ-

254 2251 350 2302 τδν
389 2251 444 2302 al
476 2249 570 2301 τοῦ
601 2248 916 2318 Πνεύματος
955 2250 1096 2301 ἑπτὰ
1142 2250 1416 2318 ἐνέργειαι
1461 2251 1557 2318 οὐχ
1594 2249 1668 2312 ὼς
1702 2253 1854 2320 ὲνερ-

255 2340 549 2412 γούμενον,
570 2341 690 2395 ἀλλ’
711 2341 788 2404 ὼς
808 2341 1093 2410 όμοούσιον
1117 2341 1191 2411 τῷ
1212 2342 1349 2394 Πνεύ
1361 2360 1512 2412 ματι.
1545 2343 1640 2396 Ἓν
1665 2343 1720 2395 δὲ
1745 2344 1854 2396 τῶν

255 2433 352 2487 τοῦ
393 2434 711 2504 Πνεύματος
752 2435 1126 2504 ἷχαρισμάτων
1170 2438 1264 2487 καὶ
1303 2436 1597 2504 ἐνεργειῶν
1642 2439 1757 2488 ἐστι
1795 2439 1855 2488 τὸ

261 2512 480 2579 ιίοθαὶο
519 2526 610 2578 διὰ
640 2526 801 2580 τοῦτο
844 2526 1065 2596 λέγεται
1109 2529 1165 2580 ὲν
1196 2527 1450 2596 δακτύλῳ
1488 2528 1624 2578 Θεοῦ
1654 2527 1853 2580 {-27.6511-

257 2617 373 2671 λειν
422 2619 491 2671 τά
535 2617 811 2686 δαιμόνια,
891 2618 1141 2670 τουτέστι
1202 2616 1279 2685 τῷ
1331 2616 1696 2686 πνευματικιῇ
1755 2635 1853 2686 χα-

263 2709 514 2779 ρίσματι.
551 2710 762 2778 Ὠσπερ
796 2709 906 2778 γάρ
938 2709 1249 2771 ὁδάκτυλος
1290 2711 1454 2778 μέρος
1501 2709 1599 2778 τῆς
1641 2712 1849 2779 15:93:.

258 2800 402 2853 οὕτω
448 2802 541 2854 καὶ
570 2803 629 2854 τὸ
667 2803 884 2871 πνεῦμα
923 2802 1034 2854 τῶν
1074 2802 1277 2854 ίάσεων
1307 2801 1472 2870 μέρος
1506 2795 1575 2870 ἦν
1607 2793 1681 2855 ὧν
1712 2797 1858 2869 εἶχεν

258 2895 289 2946 ὁ
324 2894 532 2961 Ἰησοῦς
567 2896 917 2961 πνευμάτων,
946 2895 1066 2963 ἦτοι
1101 2895 1209 2946 τῶν
1239 2894 1332 2946 τοῦ
1361 2892 1675 2963 πνεύματος
1703 2897 1860 2964 ἐνερ-

260 2986 447 3054 γειῶν.
486 2986 616 3040 Ἐάν
640 2983 733 3040 οὖν
784 2986 1057 3049 ἐκϐάλλω,
1107 2988 1260 3057 φησὶ,
1313 2987 1382 3040 τά
1429 2987 1688 3057 δαιμόνια
1739 2988 1861 3059 θείᾳ

1962 1885 2102 1946 ideo,
2135 1885 2260 1954 quia
2296 1882 2466 1937 Filius
2496 1882 2698 1936 dicitur
2720 1897 2916 1935 manus
2951 1880 3067 1944 Dei,
3093 1890 3147 1934 et
3181 1881 3567 1949 requieverunt

1961 1993 2125 2046 super
2154 1992 2279 2030 eum
2319 1987 2525 2044 septem
2563 1973 2816 2029 efﬁcaciae
2854 1973 3118 2044 Spiritus,
3149 1989 3256 2027 non
3291 1974 3433 2042 quod
3466 1987 3562 2037 per

1961 2067 2224 2135 Spiritum
2268 2075 2480 2136 agatur,
2517 2067 2611 2120 sed
2644 2066 2770 2134 quia
2797 2065 3284 2119 consubstantialis
3322 2073 3405 2118 est
3437 2062 3560 2130 Spi-

1962 2162 2112 2215 ritui.
2162 2159 2340 2213 Uutttlt
2395 2170 2576 2212 autem
2615 2174 2678 2212 ex
2733 2158 2892 2210 donis
2928 2168 2982 2210 et
3034 2156 3288 2211 eﬂicaciis
3328 2155 3563 2223 Spiritus

1959 2255 2136 2309 saneti
2181 2263 2262 2306 est
2308 2267 2506 2306 sanare
2545 2270 2557 2304 :
2595 2262 2884 2318 propterea
2926 2251 3124 2304 dicitur
3155 2253 3208 2303 in
3242 2251 3406 2320 digito
3443 2249 3562 2316 Dei,

1954 2349 2058 2402 hoc
2083 2358 2188 2412 est,
2235 2348 2292 2402 in
2341 2346 2614 2417 spirituali
2655 2347 2796 2400 dono
2846 2344 3049 2412 ejicere
3099 2344 3386 2398 datmonia.
3425 2340 3560 2395 Nam

1954 2441 2095 2492 sicut
2120 2422 2471 2507 digitns'pars
2501 2448 2584 2491 est
2616 2452 2829 2499 manus,
2861 2437 2932 2488 ita
2965 2435 3189 2502 spiritus
3217 2434 3560 2486 sanationum

1952 2547 2077 2600 pars
2099 2533 2195 2585 fuit
2218 2533 2510 2600 spirituum
2531 2546 2666 2600 quos
2693 2528 3168 2590 hahuitChristus.
3202 2529 3300 2581 hoc
3318 2537 3399 2581 est
3430 2540 3560 2594 ope-

1953 2624 2227 2677 rationnm
2276 2623 2528 2690 spiritus.
2558 2622 2853 2692 Propterea
2901 2622 2944 2676 si
2993 2621 3174 2688 ejicio,
3222 2619 3415 2686 inquit,
3452 2619 3562 2672 da:-

1959 2716 2138 2768 mnnia
2179 2716 2418 2767 emt-acia
2474 2715 2671 2768 divinze
2709 2716 2953 2774 virtutis,
2994 2713 3244 2782 pervenit
3279 2711 3474 2780 uliqtlc
3504 2709 3561 2763 itt

1961 2823 2055 2861 vos
2095 2824 2319 2875 regnum
2355 2807 2472 2860 Dei.
2522 2807 2673 2871 Quod
2715 2807 2877 2860 talem
2927 2807 3091 2858 habet
3140 2819 3361 2857 sensum
3398 2821 3409 2855 :
3464 2801 3564 2855 Dc—

1962 2907 2230 2951 structum
2265 2914 2404 2950 nunc
2429 2907 2511 2949 est
2548 2913 2774 2964 regnum
2823 2896 3048 2958 diaboli,
3085 2905 3383 2962 regnatque
3417 2892 3563 2945 Deus

1962 2990 2054 3057 qui
2082 2989 2357 3042 daemones
2377 2988 2599 3056 cffugat.
2628 2988 2765 3041 Audi
2792 2986 2935 3039 enim
2961 2987 3087 3054 quid
3114 2988 3371 3051 deim-eps
3394 2983 3561 3038 dicat.

261 3080 540 3150 ινερτείᾳ,
574 3081 812 3146 ἔφθασεν
838 3079 945 3149 ἆρα
974 3078 1064 3146 ἐφ’
1091 3080 1233 3145 ὑμᾶς
1261 3079 1294 3148 ἡ
1338 3078 1588 3148 βασιλεία
1616 3079 1711 3132 τοῦ
1740 3078 1900 3132 Θεοῦ.
1947 3079 2127 3147 Ὅπερ
2158 3079 2399 3134 τοιοῦτον
2457 3080 2569 3148 ἔχει
2603 3080 2695 3131 τὸν
2727 3079 2871 3142 νοιῖν,
2903 3079 2983 3130 ὅτι
3021 3077 3352 3130 καταλύεται
3379 3075 3565 3128 λοιπὸν

260 3173 297 3239 ὴ
326 3169 574 3238 βασιλεία
616 3170 709 3222 τοῦ
757 3169 1030 3237 διαϐόλου,
1065 3171 1160 3224 καὶ
1202 3169 1478 3240 βασιλεύει
1525 3174 1552 3224 ὁ
1596 3173 1730 3236 Θεὸς
1782 3173 1808 3226 ὁ
1849 3171 1977 3234 τοὺς
2039 3173 2300 3240 δαίμονας
2367 3172 2670 3225 ἐκδιώκων.
2701 3173 2903 3224 Ἀκουε
2932 3171 3040 3241 γάρ
3096 3170 3147 3222 τί
3182 3171 3269 3222 διὰ
3299 3168 3406 3221 τῶν
3436 3167 3566 3238 ἑξῆς

259 3267 432 3334 λέγει.

337 3379 355 3412 ι
391 3361 561 3413 Ὀταν
608 3363 637 3413 ὁ
680 3360 899 3432 ίσχυρδς
934 3360 1388 3431 καθωπλισμένος
1445 3364 1692 3434 φυλάσσῃ
1748 3363 1847 3434 τὴν

2027 3359 2190 3414 Vsus.
2217 3360 2400 3414 Ἐἰ-26.
2435 3379 2451 3410 ι
2484 3358 2617 3412 Cum
2648 3358 2806 3411 fortis
2829 3371 3077 3410 armatus
3104 3359 3339 3411 custodit
3365 3360 3563 3411 atrium

260 3451 459 3505 laurei}
499 3451 690 3520 αὐλὴν,
733 3453 792 3503 ιν
827 3452 1020 3522 είρήνῃ
1062 3454 1177 3505 ἐστὶ
1210 3453 1275 3504 τά
1325 3453 1641 3523 ὑπάρχοντα
1680 3456 1851 3525 αὐτῷ.

275 3543 446 3596 Ἐπάν
466 3543 520 3596 δὲ
547 3546 574 3596 ό
609 3544 956 3615 ἰσχυρότερος
980 3543 1146 3600 αὑτοῦ
1173 3544 1417 3597 ἐπελθὼν
1446 3549 1642 3616 νικήσῃ
1669 3548 1853 3614 αὐτὸν,

264 3635 366 3703 τὴν
393 3634 695 3687 πανοπλίαν
734 3633 900 3687 αὑτοῦ
929 3636 1095 3704 αῐρει,
1127 3637 1212 3702 ἐφ’
1317 3638 1620 3700 ἐπεποίθει,
1655 3641 1750 3690 καὶ
1786 3639 1854 3691 τά

265 3724 440 3778 σκύλα
479 3724 646 3777 αὑτοῦ
689 3724 1012 3778 διαδίδωσιν.
1055 3725 1126 3778 ’0
1155 3727 1229 3795 μὴ
1275 3724 1350 3778 ὢν
1386 3725 1505 3795 μετ’
1537 3728 1695 3798 ἐμοῦ,
1734 3729 1854 3782 κατ’

263 3816 400 3885 ἐμοῦ
444 3817 580 3879 ὲστι,
613 3816 709 3869 καὶ
736 3815 765 3867 ὁ
797 3815 871 3886 μὴ
906 3815 1160 3882 συνάγων
1191 3817 1308 3885 μετ’
1342 3819 1498 3886 ἐμοῦ,
1535 3821 1850 3888 σκορπίζει.

264 3908 436 3962 Ὅταν
474 3909 536 3961 τὸ
565 3907 880 3978 ἀκάοαρτον
912 3906 1132 3988 πνεῦμα
1163 3908 1355 3982 ἐξέλθῃ
1385 3911 1496 3962 ἀπὸ
1521 3910 1615 3963 τοῦ
1647 3912 1855 3981 ἀνθρὼ-

265 4016 392 4062 πσυ,
423 4000 691 4067 διέρχεται
721 3997 790 4050 δι’
818 3996 1064 4067 ἀνύδρων
1089 4000 1270 4050 τόπων
1294 3999 1490 4068 ζητοῦν
1523 4001 1853 4067 ἀνάπαυσιν,

263 4094 362 4145 tul
399 4093 474 4162 μὴ
522 4092 795 4158 εὑρίσκων
822 4091 1004 4158 λέγει·
1063 4091 1435 4164 ’Υποστρέψω
1460 4097 1536 4157 εἰς
1571 4096 1662 4147 τὸν
1709 4095 1856 4150 οἶκόν

267 4201 372 4251 μου
403 4182 526 4234 ὅθεν
569 4181 814 4249 ἐξῆλθον.
846 4181 956 4234 Καὶ
995 4181 1165 4234 ἐλθὼν
1198 4183 1442 4254 εὑρίσκει
1474 4187 1856 4256 σεσαρωμένον

265 4273 361 4326 καὶ
389 4271 832 4341 κεκοσμημένον,
865 4270 988 4323 τότε
1019 4271 1336 4342 πορεύεται,
1364 4275 1458 4326 καὶ
1491 4276 1705 4345 παραλα
1718 4276 1858 4344 p.651-

267 4380 346 4416 νει
386 4364 528 4417 ἐτττά
575 4363 740 4434 ’ἐτερα
781 4363 1070 4434 πνεύματα
1117 4365 1462 4436 πονηρότερα
1506 4366 1726 4430 ἑαυτοῦ,
1765 4367 1856 4420 καί

264 4458 578 4512 είσελθὸντα
617 4461 863 4512 κατοικεῖ
893 4459 1029 4521 εκεῖ,
1061 4462 1156 4512 καὶ
1190 4459 1398 4527 γίνεται
1439 4459 1507 4512 τὰ
1534 4459 1740 4529 ἔσχατα
1766 4460 1855 4513 τοῦ

266 4552 560 4624 ἀνθρώπου
590 4551 806 4605 ἐκείνου
841 4553 1064 4622 χείρονα
1096 4551 1206 4607 τῶν
1236 4552 1490 4623 πρώτων.
1534 4573 1551 4604 ι
1591 4549 1700 4606 Ἦν
1734 4556 1854 4623 μὲν,

265 4648 422 4717 φησὶ,
461 4647 566 4717 πρὸ
603 4647 698 4716 τῆς
728 4646 872 4716 ὲμῆς
915 4648 1227 4718 παρουσίας
1275 4649 1498 4719 ίσχυρδς
1527 4651 1554 4701 ὁ
1582 4650 1852 4714 Σατανᾶς.

1965 3469 2145 3514 Stttltlt,
2177 3451 2228 3503 in
2260 3465 2390 3520 pace
2421 3461 2547 3502 sunt
2575 3465 2634 3500 ea
2675 3464 2795 3517 qua:
2843 3451 3106 3519 possidet.
3151 3449 3252 3504 Ubi
3291 3467 3417 3504 vero
3451 3449 3566 3503 for-

1966 3546 2071 3598 tior
2119 3558 2183 3596 eo
2219 3543 2616 3611 superveniens
2657 3543 2848 3595 vicerit
2902 3557 3048 3605 cum,
3102 3543 3358 3596 universa
3413 3560 3562 3596 arma

1964 3637 2086 3705 ejus
2127 3635 2345 3698 aufert;
2367 3637 2417 3687 in
2450 3635 2650 3702 quibus
2678 3634 3009 3696 confidebat,
3041 3645 3096 3687 et
3134 3634 3303 3701 Spolia
3335 3635 3454 3702 ejus
3486 3636 3566 3689 di-

1963 3729 2202 3783 stribuit.
2235 3726 2333 3793 Qui
2365 3742 2469 3779 non
2505 3736 2587 3780 est
2616 3740 2852 3788 mecum,
2885 3736 3077 3778 contra
3111 3741 3196 3779 me
3220 3737 3299 3780 est
3333 3746 3345 3779 ;
3378 3736 3432 3781 ει
3472 3728 3565 3796 qui

1965 3829 2074 3874 nea
2113 3817 2316 3887 colligit
2353 3833 2586 3881 mecum,
2619 3816 2901 3884 dispergit.
2932 3815 3066 3869 Cum
3098 3818 3414 3873 immundus
3450 3821 3566 3887 spi-

1967 3915 2106 3965 ritus
2145 3911 2342 3965 exierit
2374 3909 2444 3962 ab
2474 3905 2719 3970 homine,
2764 3907 3010 3961 ambulat
3039 3924 3132 3974 per
3163 3908 3280 3961 loca
3329 3911 3562 3973 arentia,

1965 4019 2217 4074 quaerens
2252 4004 2515 4070 requiem,
2569 4012 2622 4054 et
2650 4017 2754 4054 non
2789 4002 3094 4066 inveniens,
3132 4003 3262 4055 dicit
3307 4019 3320 4055 :
3363 4003 3562 4056 “wer-

1970 4108 2052 4150 tar
2107 4097 2160 4149 in
2210 4097 2431 4150 domum
2479 4109 2655 4147 meam
2692 4095 2832 4147 unde
2869 4095 3034 4148 exivi.
3070 4093 3284 4148 Etcum
3338 4097 3566 4160 venerit,

1969 4189 2173 4244 invenit
2211 4203 2331 4243 eam
2358 4188 2535 4256 scopis
2565 4188 2878 4240 mundatam
2905 4195 3068 4256 atque
3100 4199 3387 4241 ornatam:
3438 4199 3566 4242 tunc

1968 4281 2138 4347 vadit,
2186 4290 2240 4334 et
2277 4280 2512 4334 assumit
2566 4291 2775 4350 septem
2813 4280 2950 4334 alios
3000 4281 3224 4347 spiritus
3277 4281 3568 4342 nequiores

1969 4373 2108 4442 ipso,
2139 4385 2194 4427 et
2225 4372 2454 4440 ingressi
2490 4372 2738 4424 habitant
2781 4373 2874 4436 ibi,
2921 4381 2973 4424 ct
3020 4371 3155 4424 fiunt
3184 4383 3431 4426 extrema
3469 4373 3567 4424 ho-

1970 4465 2129 4517 minis
2177 4462 2321 4516 illius
2377 4463 2563 4532 pejora
2603 4463 2813 4529 primis.
2854 4482 2873 4514 ι
2911 4461 3034 4516 Fuit
3075 4464 3316 4533 quidem,
3367 4463 3562 4530 inquit,

1967 4569 2090 4611 autc
2115 4558 2406 4609 adventmn
2445 4572 2621 4609 meum
2658 4555 2814 4609 fortis
2845 4557 3100 4617 Satanas.
3136 4568 3190 4609 et
3219 4555 3567 4609 custodiebat

1968 4652 2165 4705 atrium
2198 4665 2377 4713 suum,
2414 4649 2515 4701 hoc
2547 4657 2650 4711 est,
2682 4647 3008 4715 przevalebat
3039 4656 3087 4699 et
3131 4646 3429 4716 imperabat
3461 4647 3564 4699 hu-

266 4742 362 4794 καὶ
394 4739 669 4808 ἐφύλασσε
703 4739 803 4810 τὴν
830 4738 1027 4795 ἑαυτοῦ
1058 4740 1553 4810 αύλὴν,-τουτέστι,
1579 4743 1856 4813 κατεκρά-

1969 4757 2141 4796 mana:
2183 4750 2389 4796 naturae
2441 4740 2655 4795 fortiter
2685 4750 2738 4794 et
2777 4754 2990 4794 secure.
3036 4737 3329 4808 Postquam
3380 4750 3560 4792 autem

266 4851 352 4888 τει
397 4833 497 4904 τῆς
526 4833 882 4906 ἀνθρωπίνης
930 4835 1147 4904 φύσεως
1185 4835 1422 4905 βεθαίως
1462 4837 1556 4888 καὶ
1586 4837 1850 4906 ἀσφαλῶς

267 4925 408 4979 ὲπάν
430 4927 486 4981 δὶ
503 4921 668 4997 ἦλθον
691 4924 804 4995 ἐγὼ
891 4927 1243 4998 ἰσχυρότερος
1266 4928 1456 4988 αὑτοῦ,
1480 4929 1573 4981 καὶ
1595 4931 1857 4999 νενίκηκα

268 5020 362 5073 τὸν
379 5022 605 5092 κόσμον,
625 5019 724 5074 καὶ
743 5019 841 5090 τὴν
857 5015 1168 5074 πανοπλίαν
1179 5019 1373 5090 αὑτοῦ,
1390 5021 1476 5090 ἔφ’
1550 5022 1855 5087 ἐπεποίθει,

267 5114 408 5185 ὅπερ
435 5113 551 5167 [στι
595 5114 777 5167 πάντα
818 5116 888 5167 τά
921 5114 1040 5185 σίδη
1079 5115 1179 5186 τῆς
1223 5114 1524 5184 ἁμαρτίας·
1575 5116 1714 5185 αὓτη
1747 5116 1862 5184 γάρ

265 5205 410 5261 ὅπλα
436 5205 535 5260 τοῦ
573 5205 846 5271 διαϐόλου,
884 5207 979 5259 καὶ
1013 5205 1190 5278 ταύτῃ
1220 5205 1442 5279 θαρρῶν
1468 5206 1686 5276 ἑνίσχυε
1721 5207 1863 5260 κατά

266 5295 376 5352 τῶν
423 5295 729 5368 ἀνθρώπιον
756 5311 770 5326 ⁸
811 5297 1022 5366 ταύτην
1067 5291 1161 5349 οῦν
1197 5295 1297 5366 τὴν
1347 5295 1652 5349 πανοπλίαν
1696 5295 1862 5349 αὑτοῦ

266 5390 530 5463 διέρῤηξα
567 5389 951 5462 ἀναμάρτητος
987 5388 1256 5459 εὑρεθεὶς,
1309 5391 1406 5443 καὶ
1451 5389 1638 5462 ἔκτοτε
1690 5390 1853 5460 ὴσθέυ

267 5500 420 5555 νησε.
453 5483 563 5538 Kal
585 5483 656 5536 τὰ
681 5482 858 5537 σκύλα
888 5480 1079 5568 αὐτοῦ,
1104 5482 1226 5553 ἢτοι
1251 5483 1377 5547 τοὺς
1405 5480 1746 5554 ἀνθρῴπους,
1771 5483 1865 5548 οὓς

264 5573 414 5649 εἶχεν
433 5577 510 5640 ὡς
533 5575 772 5647 λάφυρα.
795 5576 1097 5630 ἀπέσπασα
1119 5575 1217 5627 ἀπ’
1235 5575 1425 5641 αὑτοῦ,
1450 5577 1546 5629 καὶ
1572 5577 1860 5646 διαδίδωμι

265 5669 426 5726 ἄλλον
457 5669 601 5740 mo
630 5667 851 5739 ἀγγέλῳ
881 5667 1058 5739 πιστῷ
1087 5667 1310 5737 φύλακι,
1341 5669 1430 5723 ἵνα
1459 5670 1582 5723 ἀντὶ
1618 5671 1711 5724 τοῦ
1746 5670 1861 5724 δαίο

271 5779 455 5836 μονος,
483 5754 529 5831 ᾧ
555 5762 923 5834 ἱτυραννεῐτο,
961 5761 1061 5832 ἔχῃ
1093 5761 1258 5815 αὐτὸν
1286 5763 1314 5816 ὁ
1337 5763 1593 5831 ἄγγελος.
1629 5764 1739 5817 Kal
1767 5763 1860 5817 άλ-

267 5853 377 5920 λως
403 5853 485 5910 δέ·
513 5853 650 5912 Τίνα
679 5854 965 5911 κοινωνίαν
1001 5855 1112 5926 ἔχω
1160 5854 1272 5923 ἐγὼ
1321 5857 1456 5928 πρὸς
1487 5857 1578 5911 τὸν
1626 5855 1855 5921 Βεελζε-

1969 4850 2069 4906 ego
2100 4835 2219 4888 veni
2259 4834 2350 4888 illo
2378 4833 2595 4899 fortior,
2622 4844 2678 4888 ct
2712 4833 2814 4887 vici
2849 4833 3111 4886 mundmn
3147 4831 3443 4901 omniaque
3473 4845 3564 4885 ar.

1969 4947 2052 4982 ma
2090 4929 2206 4997 ejus
2254 4928 2308 4982 in
2341 4929 2540 4997 quibus
2573 4928 2792 4992 ﬁdebat,
2829 4927 3013 4980 omnia
3066 4925 3278 4982 scilicet
3309 4934 3565 4994 peccato-

1968 5036 2086 5074 rum
2129 5035 2327 5091 genera
2364 5039 2376 5073 :
2412 5020 2501 5072 illa
2538 5019 2685 5073 enim
2710 5034 2864 5073 arma
2891 5029 3019 5074 sunt
3046 5018 3243 5072 diaboli
3281 5020 3332 5070 in
3366 5017 3567 5086 quibus

1967 5116 2248 5170 lidebatet
2283 5114 2612 5184 prmvalebat
2639 5113 2901 5169 adversus
2935 5112 3184 5167 homines
3223 5129 3236 5164 :
3269 5128 3418 5166 arma
3465 5112 3568 5183 igi-

1963 5218 2072 5274 tur,
2100 5208 2344 5277 iuquam,
2371 5207 2460 5261 illa
2479 5207 2596 5277 ejus
2615 5207 2811 5278 diripui
2837 5222 2959 5276 ego.
2982 5207 3072 5275 qui
3094 5207 3211 5261 sine
3229 5218 3454 5276 peccato
3480 5211 3565 5259 in-

1974 5309 2188 5364 veutus,
2212 5309 2265 5354 et
2290 5315 2355 5354 ex
2392 5315 2457 5354 eo
2483 5309 2728 5369 tempore
2750 5299 2943 5355 debilis
2968 5299 3144 5354 factus
3183 5307 3289 5359 est.
3320 5307 3372 5352 et
3391 5300 3565 5370 Spolia

1964 5391 2106 5460 ejus,
2141 5391 2244 5447 hoc
2295 5399 2378 5446 est
2424 5391 2673 5446 homines
2704 5407 2842 5462 quos
2877 5389 3113 5445 habebat
3164 5391 3316 5461 quasi
3365 5392 3561 5459 spolia,

1966 5485 2036 5538 ab
2061 5499 2127 5538 eo
2153 5482 2334 5554 rapui,
2367 5493 2421 5537 et
2449 5482 2606 5537 trado
2645 5498 2732 5548 ea,
2767 5483 2912 5538 aliud
2945 5484 3035 5536 alii
3066 5481 3258 5553 angelo
3293 5480 3400 5534 ﬁdo
3462 5497 3560 5535 cn-

1963 5577 2214 5640 stodi,ut
2266 5591 2364 5646 pro
2406 5577 2672 5640 dmmonc,
2723 5559 2880 5644 cujus
2935 5577 3280 5646 tyrannidem
3339 5573 3559 5636 tulerat,

1963 5671 2160 5726 habeat
2196 5672 2467 5741 angelum.
2513 5670 2603 5724 Vel
2633 5671 2790 5725 aliter
2826 5690 2838 5724 :
2877 5670 3064 5739 Egone
3114 5665 3554 5723 cuummuioncm

1961 5778 2081 5819 cum
2111 5761 2399 5818 Beclzebul
2451 5761 2666 5818 habeo?
2707 5760 2882 5818 Meum
2920 5776 3056 5830 Opus
3094 5770 3178 5815 est
3222 5771 3556 5829 coogrt-gnrc

1957 5856 2098 5914 filios
2131 5858 2222 5914 Dei
2255 5857 2552 5928 dispersos,
2602 5857 2744 5914 illius
2789 5871 2917 5912 vero
2950 5865 3309 5924 congregatos
3339 5854 3546 5922 disper-
