4256 6432
733 370 837 433 863

1649 358 2225 423 THEOPHYLACI'I
2263 356 2676 424 BULGARIA!
2712 350 3073 417 ARCHIEP.

3891 343 4013 407 σοι

734 497 880 548 gere.
910 478 1191 547 Quomodo
1209 476 1381 544 igitur
1406 474 1470 527 ile
1498 471 1868 543 me'cogitatis
1899 475 2041 543 quod
2063 489 2308 529 commu-
2340 479 2386 538 Α

2416 470 2585 532 δούλς
2633 466 2794 536 Ἐμὸν
2824 465 2885 536 ἔρ
2901 480 2986 532 ίον
3009 458 3151 525 test,
3189 456 3251 512 τδ
3298 456 3554 525 συνάγειν
3582 453 3651 507 τὰ
3691 452 3867 548 τέκνα
3914 454 4022 508 τοῦ

734 576 953 628 nionem
999 570 1222 624 habeam
1266 580 1390 619 cum
1427 564 1672 619 Sataua‘l
1705 566 1771 619 Et
1806 564 2049 633 profecto
2080 565 2194 619 hate
2219 578 2310 619 co-

734 662 925 731 gitatio
957 659 1082 739 hinc
1112 658 1308 720 oritur,
1345 657 1488 725 quod
1516 656 1789 709 tltemoncs
1838 657 2008 725 magis
2045 671 2186 709 nunc
2216 670 2313 711 vos

734 766 892 817 quam
930 749 1061 804 olim
1096 755 1364 817 premant.
1416 745 1624 797 Etenim
1668 746 1932 799 habuistis
1977 747 2142 801 etiam
2183 748 2309 801 olim

736 842 1075 893 immundum
1110 840 1381 907 spiritum,
1408 838 1499 905 qui
1534 836 1811 892 habitabat
1837 838 1888 891 itt
1920 838 2071 894 vobis
2098 840 2314 909 quando

736 931 873 985 idola
905 931 1189 992 colebatis,
1222 939 1276 982 et
1316 928 1607 997 prophetas
1638 927 2013 995 occidebatis;
2062 942 2115 986 et
2166 931 2312 985 visus

734 1031 815 1076 est
842 1030 1022 1089 postea
1054 1013 1223 1090 358
1244 1020 1390 1074 exire
1421 1034 1452 1073 a
1477 1020 1627 1075 vobis
1657 1036 1673 1073 :
1702 1028 1758 1072 at
1781 1035 1925 1076 nunc
1954 1022 2109 1077 rediit
2139 1023 2193 1076 in
2221 1022 2315 1076 do-

739 1128 880 1165 mum
928 1127 1103 1175 suam,
1149 1114 1250 1166 hoc
1288 1122 1372 1166 est
1408 1113 1616 1166 animas
1656 1122 1888 1176 vestras,
1935 1127 2057 1167 eum
2104 1122 2310 1182 septem

734 1203 1031 1271 spiritibus.
1060 1204 1161 1257 hoc
1180 1213 1262 1258 est
1280 1203 1496 1256 multis:
1526 1202 1969 1273 Scripturaeuim
1987 1212 2190 1273 septem
2217 1219 2313 1273 pro

735 1294 918 1346 multis
950 1302 1166 1359 usurpat
1196 1310 1211 1345 :
1251 1292 1487 1361 fecitque
1527 1295 1681 1349 vobis
1708 1304 1949 1348 extrema
1982 1296 2163 1364 pejora
2198 1296 2313 1363 pri-

738 1384 860 1435 mis.
890 1382 1025 1436 Cum
1071 1384 1217 1438 enim
1263 1384 1399 1438 idola
1446 1384 1717 1445 coleretis.
1758 1388 2050 1455 prOphetas
2098 1388 2312 1441 occide-

736 1471 897 1535 batis,
922 1474 1161 1528 nondum
1192 1486 1378 1544 aperte
1402 1475 1594 1543 injuria
1628 1474 1944 1532 alliciebatis
1974 1476 2165 1530 Filium
2198 1477 2311 1542 Dei,

736 1564 825 1628 qui
858 1579 1003 1618 nunc
1028 1576 1249 1632 propter
1270 1580 1364 1620 vos
1392 1566 1446 1619 in
1479 1581 1643 1621 carne
1664 1568 1930 1636 apparuit.
1959 1565 2112 1620 Nunc
2138 1574 2313 1619 autem

736 1670 855 1720 qua:
882 1668 1003 1721 spes
1030 1655 1220 1709 salutis
1258 1656 1475 1724 quando
1504 1664 1559 1710 et
1590 1657 1872 1712 incarnato
1897 1657 2035 1712 Filio
2071 1657 2191 1719 Dei,
2222 1657 2313 1725 qui

736 1755 789 1799 et
820 1757 1038 1813 propter
1070 1763 1163 1802 vos
1191 1747 1449 1802 miracula
1487 1758 1745 1819 operatus
1771 1756 1877 1815 est,
1918 1749 1969 1811 in
1996 1758 2196 1803 tantam
2231 1748 2313 1801 iu-

737 1838 1125 1905 gratitudinem
1179 1846 1234 1891 et
1301 1815 1680 1895 contumeliam
1734 1840 2096 1910 prorupistis?
2142 1815 2386 1895 PorroB

738 1928 849 1981 lnca
878 1942 1162 1995 tuaquosa,
1186 1929 1381 1999 anima;
1402 1940 1531 1984 sunt
1552 1946 1739 1984 eorum
1764 1932 1857 1998 qui
1888 1931 2023 1985 nihil
2049 1946 2312 1999 aquosum

734 2029 791 2071 et
830 2020 1142 2074 dissolutum
1194 2022 1418 2084 habent,
1456 2025 1549 2077 sed
1598 2022 1762 2077 aridat
1795 2032 1850 2078 et
1893 2024 2135 2079 sollicita:
2166 2033 2311 2091 sunt,

736 2108 789 2161 itt
827 2110 1020 2176 quibus
1064 2111 1261 2165 nullam
1296 2113 1531 2181 quietem
1577 2114 1779 2168 invenit
1817 2116 2037 2183 spiritus
2084 2116 2317 2169 immun-

736 2198 903 2253 ditim.
957 2201 1020 2254 Et
1058 2202 1311 2269 quoniam
1368 2204 1418 2256 in
1468 2204 1665 2259 talibus
1709 2205 1997 2260 animabus
2050 2206 2317 2275 malignus

742 2292 947 2345 nullum
977 2293 1231 2347 domicilii
1266 2295 1442 2349 locum
1482 2296 1707 2362 invenit,
1746 2299 1812 2349 ad
1846 2294 2057 2351 Juda20s
2089 2300 2317 2352 reverti-

742 2393 849 2442 tur.
869 2392 921 2435 et
952 2382 1081 2435 ﬁunt
1108 2384 1239 2453 ipsis
1265 2386 1561 2453 posteriora
1588 2386 1859 2441 deteriora
1885 2390 2073 2457 primis
2101 2406 2114 2441 :
2140 2404 2317 2458 neque

734 2471 910 2525 adhuc
931 2473 1129 2528 habent
1152 2476 1479 2546 prophetas;
1514 2480 1829 2531 occiderunt
1854 2481 1996 2533 enim
2033 2478 2269 2535 Verbum
2296 2498 2309 2533 :

738 2577 915 2631 neque
966 2567 1315 2621 unctionem:
1353 2569 1632 2624 Christum
1691 2572 1837 2624 enim
1904 2573 2311 2628 cruciﬂxeruut.

740 2654 865 2709 Ilaec
897 2656 1040 2711 enim
1080 2658 1129 2712 in
1165 2659 1270 2713 illis
1312 2662 1439 2714 olim
1487 2663 1837 2731 apparebant,
1874 2665 2129 2731 quamvis
2178 2666 2314 2720 idola

739 2745 1016 2801 tolerent:
1047 2765 1189 2803 nunc
1220 2754 1540 2822 autemquia
1572 2756 1623 2807 in
1654 2753 1849 2808 Filium
1880 2757 1969 2810 Dei
1993 2764 2318 2825 peccarunt,

739 2839 990 2893 omnibus
1021 2842 1095 2893 illi
1123 2845 1315 2909 privati
1346 2856 1490 2899 sunt.

2420 560 2554 615 Θεοῦ
2581 559 2648 611 τὰ
2677 551 3158 626 διεσκορπισμένα,
3186 547 3398 603 ἐκείνου
3456 548 3636 616 ἔργον,
3675 545 3737 598 τὸ
3765 545 3836 597 τὰ
3879 560 4024 597 συν-

2417 647 3006 723 ηγμέναησκορπίζειν.
3036 642 3160 705 Πῶς
3182 636 3275 694 οὖν
3292 638 3520 693 τοιαῦτα
3568 638 3697 707 *περὶ⁸
3739 634 3884 706 ἐμοῦ
3931 637 4028 688 λο-

2416 743 2659 813 γίζεσθε,
2687 744 2769 796 ὅτι
2801 738 3089 795 κοινωνίαν
3112 736 3221 807 ἔχω
3242 734 3381 806 πρὸς
3413 733 3505 786 τὸν
3536 734 3814 797 Σατσνᾶνς
3866 729 4024 784 Ἀλλ’

2415 838 2584 899 ὅντως
2632 838 2660 889 ὀ
2708 834 2952 897 τοιοῦτος
3001 829 3265 900 λογισμὸς
3312 828 3443 897 ὑμῖν
3495 826 3694 896 συνέϐη
3740 826 3855 879 ἀπὸ
3916 824 4022 878 τοῦ

2420 928 2623 1000 μᾶλλον
2673 927 2819 997 ὑμᾶς
2870 925 3153 995 δαιμονᾷν.
3206 920 3318 976 Καὶ
3356 921 3465 989 γὰρ
3513 920 3689 988 είχετε
3751 919 3855 987 μὲν
3918 918 4025 972 καὶ

2417 1019 2610 1089 πρώην
2649 1018 2709 1071 τὸ
2742 1015 3051 1089 ἀκάθαρτον
3094 1012 3313 1081 πνεῦμα
3344 1008 3590 1064 ἐνοικοῦν
3624 1011 3684 1061 tv
3712 1008 3870 1077 ὑμίν,
3924 1011 4024 1062 ὅτε

2416 1110 2880 1177 είδωλολατρεῐτε,
2929 1106 3026 1159 καὶ
3055 1106 3183 1167 τοὺς
3214 1103 3499 1175 προφήτας
3527 1099 3839 1169 ὲφονεύετε’
3892 1096 4025 1152 εἶτα

2416 1202 2594 1266 ἔδοξεν
2620 1200 2857 1267 δξελθεῖν
2887 1198 3132 1269 ὲξὺμῶν,
3156 1191 3277 1249 εἶτα
3297 1192 3394 1247 νῦν
3423 1191 3775 1263 ὑποστρέψαι)
3807 1192 3896 1254 είς
3922 1190 4026 1243 τὸν

2416 1292 2610 1347 ἑαυτοῦ
2654 1288 2823 1353 οἷκον,
2859 1290 3110 1344 τουτέστι
3150 1287 3248 1353 τὰς
3276 1284 3550 1357 ὑμετέρας
3596 1282 3801 1354 ψυχάς,
3865 1284 4023 1353 μετὰ

2418 1383 2747 1454 πνευμάτων
2777 1381 2940 1449 ἑπτὰ,
2974 1381 3141 1452 ήγουν
3173 1378 3407 1433 πολλῶν·
3452 1377 3515 1429 τδ
3540 1375 3650 1446 γὰρ
3677 1374 3845 1439 ἑπτὰ,
3890 1375 4024 1426 ἀντὶ

2416 1475 2532 1540 τοῦ,
2560 1473 2751 1539 πολλὰ,
2783 1460 2985 1526 νοεῖται
3025 1470 3177 1542 παρὰ
3209 1474 3273 1541 τῇ
3318 1470 3532 1541 Γραφῇ’
3577 1466 3840 1536 ἐποίησεν
3879 1466 4022 1533 ὑμῖν

2415 1568 2485 1619 τὰ
2510 1566 2714 1636 ἔσχατα
2748 1564 2970 1637 χείρονα
2990 1564 3100 1619 τῶν
3131 1562 3383 1635 πρώτων.
3414 1562 3565 1632 Ὀσῳ
3586 1560 3709 1614 τότε
3741 1560 3845 1629 μὲν
3879 1560 4021 1611 ὅταν

2420 1657 2661 1720 εἰδώλοις
2701 1655 3048 1726 ἐλατρεύετε,
3076 1654 3219 1718 -τοῦς
3263 1654 3549 1725 προφήτας
3589 1649 4017 1712 άπεκτιννύετε,

2420 1751 2519 1805 καὶ
2551 1750 2705 1803 οῦπω
2732 1750 2887 1803 οὐδὲν
2918 1750 3000 1812 είς
3029 1748 3119 1801 τὸν
3146 1747 3244 1801 τοῦ
3283 1744 3421 1799 Θεοῦ
3462 1747 3591 1799 Υίὸν
3619 1745 3910 1816 προδήλως
3946 1743 4018 1797 δι’

2415 1844 2560 1911 ὑμᾶς
2591 1842 2647 1895 tv
2672 1840 2839 1912 σαρκὶ
2867 1840 3107 1909 φανέντα
3146 1837 3423 1909 ὑϐρίζετε.
3459 1836 3574 1890 Νῦν
3607 1837 3665 1889 δὲ
3690 1836 3820 1889 ποία
3853 1836 4018 1898 ἐλπὶς

2422 1933 2724 2005 σωτηρίας,
2773 1934 2862 1989 ὅσα
2904 1933 3001 1986 καὶ
3053 1930 3430 2001 σαρκωθέντος
3471 1927 3564 1981 τοῦ
3612 1928 3767 1993 Υίοῦ,
3805 1929 3905 1979 καὶ
3943 1927 4017 1978 δι’

2415 2026 2561 2096 ὑμᾶς
2586 2022 3155 2093 θαυματουργοῦντος,
3178 2023 3271 2074 ἐπὶ
3292 2021 3391 2089 τῆς
3415 2021 3586 2103 αὐτῆς
3606 2020 4013 2089 ἀγνωμοσύνης

2415 2118 2513 2170 καὶ
2554 2115 2765 2186 ὕϐρεως
2811 2115 3114 2184 ἑστήκατες
3166 2113 3419 2183 Ἀνυδροι
3462 2105 3525 2165 δὲ
3573 2112 3751 2175 τόποι,
3792 2112 3847 2162 αἱ
3903 2110 4015 2162 τῶν

2419 2208 2585 2279 μηδὶν
2642 2207 2837 2277 ὑδαρὲς
2892 2206 3124 2277 ἑχόντων
3162 2205 3333 2276 ψυχαὶ
3404 2205 3538 2276 μηδὲ
3581 2203 3827 2267 ἔκλυτον,
3875 2202 4015 2256 ἀλλα

2417 2300 2514 2353 καὶ
2558 2298 2741 2370 ξηραὶ,
2795 2298 3447 2368 καιμεμεριμνημέναι,
3505 2299 3561 2349 tv
3606 2290 3693 2361 αἷς
3747 2295 4018 2366 οὐδεμίαν

2416 2391 2663 2461 εὑρίσκει
2722 2390 2782 2443 τὸ
2840 2389 3060 2459 πνεῦμα
3111 2390 3209 2457 τῆς
3278 2386 3621 2457 ἀκαθαρσίας
3676 2387 4012 2441 ἀνάπαυσιν.

2431 2484 2588 2537 Ἐπεὶ
2633 2482 2812 2536 τοίνυν
2867 2482 2924 2533 tv
2978 2484 3100 2545 ταῖς
3149 2480 3428 2544 τοιαύταις
3477 2479 3682 2549 ψυχαῖς
3743 2478 4013 2544 οὐδεμίαν

2421 2574 2749 2644 ἐνοικήσεως
2776 2571 2960 2644 χώραν
2977 2572 3088 2641 εχει
3107 2574 3138 2625 ὁ
3160 2573 3416 2642 πονηρὸς,
3442 2571 3536 2623 ἐπὶ
3557 2570 3684 2633 τοὺς
3719 2570 4013 2631 Ἰουδαίους

2421 2668 2706 2735 τρέπεται,
2741 2668 2835 2719 καὶ
2863 2667 3076 2735 γίνεται
3097 2666 3277 2719 αὐτῶν
3304 2666 3373 2719 τά
3404 2665 3608 2734 ἔσχατα
3647 2665 3874 2733 χείρονα
3904 2662 4013 2715 τῶν

2419 2758 2673 2828 πρώτωψ
2701 2758 2887 2811 οὐκέτι
2916 2757 3182 2827 γὰρ,παρ’
3211 2760 3395 2820 αὐτοῖς
3420 2756 3721 2826 προφῆται·
3746 2754 4013 2806 ἀπέκτει-

2419 2870 2517 2906 ναν
2550 2853 2659 2923 γὰρ
2684 2855 2776 2906 τδν
2806 2853 2984 2920 λόγον’
3020 2852 3205 2904 οὐκέτι
3241 2850 3473 2921 χρίσμα·
3505 2848 3596 2901 τὸν
3628 2849 3737 2917 γὰρ
3772 2844 4014 2917 Χριστὸν

736 2930 1112 2999 ἐσταύρωσαν.
1151 2933 1335 2988 Ταῦτα
1360 2936 1416 2990 δὲ
1450 2938 1509 2989 ὲν
1547 2938 1729 3001 αὐτοῖς
1765 2938 1989 3008 ῶρῶντο
2056 2918 2268 3011 πρώην,
2305 2945 2354 2997 εί
2395 2946 2488 2997 καὶ
2539 2918 2979 3015 είδωλολάτρουν,
3040 2942 3132 2995 νῦν
3176 2918 3404 2995 δὲνξπείὶ
3472 2940 3549 3003 είς
3597 2939 3689 2991 τὸν
3737 2939 3871 2992 Υἰὸν
3915 2939 4011 2993 τοῦ

736 3021 872 3073 Θεοῦ
905 3023 1171 3092 ἥμαρτον,
1206 3028 1421 3082 πάντων
1456 3031 1800 3099 ἐστέρηνται.

816 3113 1185 3170 Vsas.27-52.
1217 3138 1233 3167 ι
1264 3118 1487 3174 Factum
1512 3133 1593 3175 est
1612 3134 1815 3187 autem,
1836 3140 1957 3179 cum
1978 3127 2091 3181 [nec
2112 3128 2316 3183 diceret
2344 3134 2392 3194 ο

739 3205 1003 3261 rxtolleus
1029 3222 1209 3263 vocem
1234 3214 1477 3278 quredam
1509 3216 1700 3268 mulier
1720 3216 1786 3269 de
1816 3218 1992 3283 turba,
2017 3218 2154 3273 dixit
2198 3220 2272 3273 illi
2306 3238 2318 3273 :

742 3296 934 3352 Beatus
961 3308 1145 3354 venter
1181 3302 1269 3368 qtti
1299 3310 1349 3357 te
1382 3307 1635 3373 portavit,
1679 3316 1732 3359 et
1762 3307 1925 3361 ubera
1956 3324 2075 3378 qua:
2102 3310 2317 3365 suxisti.

744 3397 813 3442 At
840 3388 929 3443 ille
960 3392 1133 3444 dixit:
1162 3392 1436 3459 Quiuimo,
1468 3398 1611 3450 beati
1645 3397 1729 3465 qui
1762 3400 1988 3453 audiunt
2015 3414 2319 3457 sermonem

747 3484 861 3547 Dei,
896 3496 944 3540 et
990 3490 1298 3543 custodiunt
1335 3490 1501 3543 illum.
1534 3490 1731 3546 Turbis
1769 3504 1947 3548 autem
1985 3495 2322 3551 condensati-

746 3576 887 3630 tibus
914 3591 969 3629 se
994 3580 1153 3644 cmpit
1186 3580 1369 3633 dicere
1400 3598 1411 3633 :
1448 3579 1605 3635 Natio
1634 3583 1747 3637 [nec
1783 3584 1921 3637 mala
1949 3597 2073 3641 est:
2108 3587 2320 3654 signum

742 3670 959 3735 qumrit,
989 3679 1042 3723 et
1071 3671 1284 3738 signum
1320 3689 1421 3725 non
1448 3673 1667 3727 dabitur
1690 3676 1761 3741 ei,
1792 3677 1893 3730 nisi
1934 3678 2143 3746 signum
2175 3676 2324 3733 Jonas

743 3760 1041 3829 prophetae.
1086 3760 1219 3815 Nam
1253 3764 1391 3841 sicut
1435 3763 1604 3820 Jonas
1642 3768 1854 3837 signum
1908 3768 2003 3821 fuit
2050 3768 2321 3836 Ninivitis,

746 3850 819 3903 ita
876 3853 1034 3905 etiam
1070 3853 1238 3907 Filius
1288 3856 1521 3910 hominis
1561 3857 1667 3910 erit
1718 3859 1921 3912 nationi
1965 3860 2075 3914 isti.
2119 3860 2324 3931 Regina

746 3944 915 3997 austri
945 3956 1127 4011 surget
1173 3946 1224 3999 itt
1253 3946 1455 4014 judicio
1487 3962 1609 4001 cum
1636 3950 1765 4002 viris
1795 3950 2028 4005 nationis
2060 3952 2239 4021 hujus,
2272 3963 2326 4007 et

747 4038 1129 4091 condemnabit
1152 4037 1270 4091 illos
1298 4056 1311 4091 :
1347 4040 1469 4107 quia
1507 4040 1655 4091 venit
1681 4055 1709 4091 a
1736 4039 1933 4094 liuibus
1966 4050 2122 4095 terra:
2148 4053 2203 4096 ut
2232 4060 2327 4096 au-

748 4125 887 4178 diret
922 4128 1243 4195 sapientiam
1275 4130 1603 4195 Solomonis,
1636 4141 1690 4186 et
1716 4147 1841 4187 ecce
1870 4133 1987 4201 plus
2025 4151 2186 4203 quam
2227 4136 2327 4191 So-

743 4215 923 4270 lomon
963 4218 1063 4270 hoc
1098 4218 1149 4271 in
1180 4218 1319 4273 loco.
1356 4220 1465 4273 Viri
1493 4220 1743 4275 Ninivitm
1783 4234 2005 4293 surgent
2046 4226 2097 4278 itt
2126 4226 2327 4291 judicio

745 4324 866 4361 cum
901 4310 1119 4365 natione
1149 4311 1271 4375 hac,
1305 4322 1360 4365 et
1408 4314 1846 4369 condemnabunt
1889 4316 2058 4383 illam,
2107 4320 2232 4385 quia
2260 4320 2327 4373 ad

741 4402 1113 4468 paenitentiam
1157 4404 1376 4458 adducti
1428 4415 1555 4459 sunt
1602 4407 1988 4474 praedicatione
2034 4409 2184 4465 Jonas
2224 4431 2239 4466 :
2274 4422 2329 4466 ct

2505 3123 2754 3193 Ἐγένετο
2784 3122 2841 3175 δὲ
2880 3123 2937 3174 ὲν
2980 3121 3059 3189 τῷ
3108 3119 3287 3187 λέγειν
3316 3118 3478 3172 αὑτὸν
3520 3117 3712 3187 ταῦτα,
3753 3119 4015 3189 ἐπάρασά

2426 3235 2509 3279 τις
2537 3214 2675 3285 γυνὴ
2702 3214 2883 3284 φωνὴν
2910 3217 2972 3265 ὲκ
3001 3212 3092 3264 τοῦ
3129 3212 3309 3281 ὄχλου,
3335 3204 3489 3263 εἶπεν
3510 3209 3659 3279 αὐτῷ
3687 3226 3700 3240 ο
3743 3211 4015 3280 Μακαρία

2427 3311 2461 3377 η
2490 3310 2667 3362 κοιλία
2701 3310 2732 3378 ή
2761 3305 3077 3375 βαστάσασά
3107 3322 3188 3367 σε,
3218 3306 3313 3358 καὶ
3346 3306 3567 3373 μαστοὶ,
3591 3304 3688 3367 οὒς
3717 3305 4009 3374 ἐθήλασας.

2422 3390 2594 3462 Αὐτὸς
2641 3400 2696 3451 δὲ
2755 3395 2908 3450 εἷπε·
2950 3395 3253 3463 Μενοῦνγε,
3304 3396 3565 3465 μακάριοι
3616 3396 3669 3449 ot
3717 3398 4012 3461 ἀκούοντες

2423 3491 2512 3544 τὸν
2558 3478 2721 3557 λόγον
2762 3488 2853 3540 τοῦ
2890 3487 3056 3548 Θεοῦ,
3095 3488 3191 3539 καὶ
3237 3486 3609 3555 φυλάσσοντες
3652 3486 3839 3541 αὐτόν.
3890 3487 4012 3541 Τῶν

2424 3584 2479 3635 δὲ
2508 3583 2677 3651 ὄχλων
2711 3579 3208 3650 ἐπαθροιζομένων,
3247 3579 3449 3648 ἧρξατο
3488 3578 3700 3645 λέγειν’
3743 3578 3809 3633 Ἡ
3852 3581 4011 3647 γενεὰ

2427 3672 2564 3739 αὕτη
2588 3669 2801 3738 πονηρά
2831 3670 2975 3734 ἐστι,
3002 3671 3230 3737 σημεῖον
3256 3668 3526 3736 ἐπιζητεῖ,
3556 3671 3650 3722 καὶ
3690 3673 3918 3740 σημεῖον
3948 3674 4009 3726 οὐ

2427 3760 2713 3831 δοθήσεται
2744 3759 2907 3829 αὐτῇ,
2945 3758 2992 3809 εί
3028 3758 3103 3827 μὴ
3127 3758 3188 3809 τὺ
3224 3759 3449 3827 σημεῖον
3485 3757 3641 3812 Ἰωνᾶ
3672 3758 3767 3812 τοῦ
3796 3762 4011 3831 προφήο

2426 3871 2541 3909 του.
2600 3850 2795 3915 Καθὼς
2825 3851 2936 3919 γὰρ
2986 3849 3203 3917 ἐγένετο
3250 3850 3431 3912 Ἰωνᾶς
3464 3853 3698 3920 σημεῖον
3744 3852 3860 3915 τοῖς
3911 3853 4011 3906 Νι-

2426 3946 2688 4009 νευίταις,
2720 3944 2891 4007 οὕτως
2927 3942 3081 3996 ἔσται
3120 3942 3265 3996 καὶὸ
3294 3943 3421 4006 Υίὸς
3473 3942 3568 3996 τοῦ
3616 3943 3906 4015 ἀνθρώπου
3944 3949 4008 4017 τῇ

2426 4041 2590 4109 γενεᾷ
2624 4038 2815 4107 ταύτῃ.
2859 4036 3159 4089 Βασίλισσα
3213 4035 3369 4088 νότου
3431 4036 3799 4109 ἐγερθήσεται
3856 4040 3913 4092 tv
3943 4042 4007 4110 τῇ

2428 4133 2607 4201 κρίσει
2641 4132 2779 4200 μετὰ
2806 4129 2913 4182 τῶν
2942 4128 3154 4199 ἀνδρῶν
3181 4128 3281 4197 τῆς
3310 4131 3504 4196 γενεᾶς
3528 4130 3757 4199 ταύτης,
3790 4132 3884 4184 καὶ
3911 4148 4007 4183 κα-

2427 4228 2671 4293 τακρινεῖ
2701 4224 2917 4285 αὐτοὺς,
2950 4222 3031 4274 ὅτι
3057 4216 3225 4290 ἦλθεν
3256 4222 3319 4272 ὲκ
3346 4221 3456 4273 τῶν
3488 4223 3745 4291 περάτων
3785 4224 3887 4293 τῆς
3914 4226 4011 4293 γῆς

2430 4316 2661 4368 ἀκοῦσαι
2704 4315 2800 4383 τὴν
2854 4315 3047 4381 σοφίαν
3095 4313 3466 4382 Σολομῶντος,
3515 4315 3611 4367 καὶ
3664 4314 3775 4368 ίδοὺ
3836 4315 4010 4369 πλεῖον

2432 4408 2775 4479 Σολομῶντος
2806 4402 2929 4461 ὧδε.
2964 4407 3193 4477 ’Ἄνδρες
3224 4407 3508 4460 Νινευῖται
3539 4407 3935 4479 ἀναστήσονται
3958 4412 4011 4463 tv

743 4504 870 4544 ecce
921 4492 1040 4561 plus
1072 4509 1232 4562 quam
1278 4493 1409 4549 Jona
1448 4496 1550 4550 hoc
1591 4498 1642 4550 in
1696 4498 1836 4553 loco.
1878 4518 1897 4551 ι
1942 4499 2231 4557 Pharisazis
2269 4515 2323 4558 et
2357 4486 2386 4539 ί]

2427 4503 2490 4569 τῇ
2516 4500 2692 4567 κρίσει
2724 4500 2861 4567 μετὰ
2882 4498 2979 4567 τῆς
3002 4498 3196 4563 γενεᾶς
3209 4498 3437 4566 ταύτης,
3464 4497 3561 4550 καὶ
3586 4499 4007 4569 κατακρινοῦσιν

748 4581 955 4637 Scribis
980 4584 1237 4639 miracula
1262 4588 1596 4654 laxantibus,
1624 4589 1817 4643 mulier
1839 4590 2065 4661 simplex
2088 4595 2320 4665 doloque

744 4693 937 4733 carens
976 4679 1062 4733 illa
1104 4681 1366 4736 celebrat.
1431 4681 1530 4737 Ubi
1585 4692 1765 4737 autem
1817 4694 1945 4739 sunt
1994 4688 2085 4754 qui
2136 4688 2323 4742 dicunt

745 4771 1029 4827 Dominum
1058 4783 1380 4843 apparenter
1404 4784 1609 4830 tantum
1636 4778 1987 4847 apparuisse?
2015 4777 2139 4835 Hazc
2162 4781 2323 4848 igitur

746 4867 899 4921 testis
923 4868 993 4921 sit
1024 4866 1164 4935 quod
1194 4874 1245 4919 et
1273 4867 1439 4921 ubera
1468 4869 1697 4923 suxerit.
1722 4869 1839 4938 Ipse
1867 4886 1995 4925 vero
2028 4871 2215 4926 beatos
2239 4871 2324 4924 di-

748 4960 820 5012 cit
860 4959 985 5013 illos
1030 4959 1121 5027 qui
1151 4960 1466 5013 custodiunt
1502 4975 1807 5016 sermonem
1856 4961 1973 5027 Dei,
2018 4976 2123 5016 non
2157 4963 2323 5017 desti-

749 5062 905 5107 tuens
936 5055 1270 5110 beatitudine
1297 5055 1525 5110 Matrem
1550 5070 1726 5119 suam,
1752 5055 1893 5110 absit
1924 5075 1935 5109 :
1968 5057 2063 5111 sed
2088 5059 2326 5113 ostendit

746 5146 887 5211 quod
926 5146 1087 5198 etiam
1122 5147 1197 5199 illi
1244 5148 1390 5202 nulla
1424 5147 1631 5201 utilitas
1662 5146 1839 5201 futura
1887 5148 1956 5201 sit
1987 5163 2051 5203 ex
2079 5165 2143 5204 eo
2179 5151 2325 5219 quod

748 5236 952 5303 peperit
977 5248 1029 5291 et
1060 5238 1338 5292 lactaverit
1363 5239 1560 5309 ipsum.
1592 5239 1691 5295 nisi
1717 5240 1946 5295 virtutes
1972 5242 2106 5296 alias
2132 5256 2324 5298 omnes

750 5326 964 5381 habeat.
1000 5329 1226 5399 Insuper
1256 5339 1310 5386 et
1345 5331 1459 5385 tunc
1483 5333 1799 5400 tempestive
1830 5333 1980 5387 dicit.
2013 5333 2149 5400 Quia
2179 5336 2323 5390 enim

749 5420 915 5474 invidi
950 5431 1000 5475 et
1046 5422 1418 5478 inobeilientes
1469 5426 1768 5494 arguebant
1810 5426 1947 5480 alios
1972 5426 2083 5497 [qui
2114 5442 2326 5483 sermo-

752 5526 850 5565 nes
918 5511 1033 5579 ejus
1088 5516 1397 5577 audiebant,
1437 5516 1555 5571 ideo
1605 5516 1853 5572 Christus
1901 5528 2089 5573 contra
2138 5520 2328 5575 beatos

753 5620 848 5660 eos
887 5606 1020 5659 dicit
1075 5606 1168 5676 qui
1232 5607 1473 5661 audiunt.
1529 5608 1798 5665 Fortassis
1857 5621 2039 5665 autem
2099 5621 2154 5667 et
2198 5627 2328 5682 pro-

756 5709 877 5770 pter
931 5708 1180 5755 sauatum
1228 5701 1449 5757 surdum
1501 5702 1615 5758 inec
1647 5704 1780 5759 dicit
1815 5721 1831 5760 :
1864 5712 1925 5759 ut
1965 5712 2017 5759 et
2050 5704 2166 5776 ipse
2203 5720 2328 5761 cum

756 5790 1011 5858 audierit,
1074 5790 1239 5847 faciat
1308 5807 1636 5860 sermonem,
1703 5803 1755 5851 et
1826 5811 1931 5852 non
2002 5794 2096 5850 liat
2161 5796 2211 5851 ei
2278 5795 2331 5851 in

2430 4590 2622 4659 αὐτὴν,
2650 4591 2731 4643 ὅτι
2755 4589 3091 4659 μετενόησαν
3113 4589 3192 4651 εἰς
3210 4588 3271 4641 τὸ
3298 4590 3566 4657 κήρυγμα
3594 4589 3769 4653 Ἰωνᾶ,
3794 4593 3886 4643 καὶ
3911 4592 4008 4645 ίδοὺ

2431 4683 2616 4735 πλεῖον
2654 4681 2807 4734 Ἰωνᾶ
2828 4676 2950 4734 ὦδε.
2988 4700 3007 4733 ι
3035 4680 3155 4734 Τῶν
3177 4680 3490 4751 Φαρισαίων
3515 4682 3611 4733 καὶ
3638 4681 4009 4750 Γραμματέων

2430 4774 2825 4829 διαόαλλὸντων
2855 4774 2923 4827 τὰ
2968 4773 3245 4844 Θαύματα,
3280 4775 3313 4844 ή
3352 4772 3492 4842 γυνὴ
3521 4773 3582 4826 τὸ
3610 4772 3798 4827 ἄδολον
3832 4778 4009 4845 χρῆμα

2432 4870 2525 4921 κα)⁸
2565 4866 2769 4921 ἁπλοῦν
2807 4867 3065 4936 εὐφημεῖ.
3103 4858 3214 4919 Ποῦ
3239 4864 3295 4918 δέ
3330 4866 3471 4918 εἰσιν
3518 4866 3567 4918 οί
3605 4865 3861 4934 λέγοντες
3888 4884 4009 4933 φαν.

2431 4960 2593 5030 τασίᾳ
2628 4960 2861 5029 φανῆναι
2904 4959 2994 5010 τὸν
3025 4958 3261 5026 Κύριον;
3322 4958 3456 5011 Ἰδοὺ
3498 4958 3607 5028 γὰρ
3640 4958 3736 5011 καὶ
3772 4962 4007 5027 μαστοὺς

2433 5054 2661 5123 Θηλάσαι
2684 5054 3065 5123 μαρτυρεῖται.
3084 5051 3256 5115 Αὐτὸς
3276 5051 3333 5105 δὲ
3352 5050 3648 5121 μακαρίζει
3675 5052 3803 5111 τοὺς
3827 5054 4008 5122 φυλάσ-

2436 5163 2624 5209 σοντας
2649 5146 2741 5199 τδν
2770 5144 2926 5213 λόγον
2961 5144 3053 5197 τοῦ
3093 5137 3252 5211 Θεοῦ,
3279 5146 3379 5199 οὐκ
3412 5144 3691 5199 ὲκὸάλλων
3716 5147 3816 5199 τοῦ
3847 5165 4008 5218 μακα-

2437 5238 2634 5308 ρισμοῦ
2674 5240 2772 5310 τὴν
2810 5239 3043 5307 Μητέρα
3078 5238 3268 5305 αὑτοῦ,
3312 5238 3519 5308 ἄπαγε,
3560 5240 3702 5294 ἀλλὰ
3731 5241 4002 5305 δεικνύων,

2432 5331 2515 5384 ὅτι
2558 5332 2711 5384 οὐδὲν
2742 5332 2863 5385 οὐδὲ
2908 5330 3092 5401 εκείνη
3120 5331 3541 5402 ὠφεληθήσεται
3568 5332 3678 5385 ἀπὸ
3708 5332 3805 5388 τοῦ
3844 5335 4003 5387 τεκείύ

2436 5426 2599 5479 αὑτὸν
2650 5426 2744 5479 καὶ
2803 5425 3062 5496 θηλάσαι,
3112 5426 3161 5479 εί
3215 5427 3289 5496 μὴ
3330 5427 3427 5480 καὶ
3454 5427 3554 5497 τὴν
3600 5426 3771 5498 ἄλλην
3801 5427 4003 5480 ἃπασαν

2439 5517 2639 5588 ἀρετὴν
2688 5518 2823 5587 ἔχοι.
2856 5518 3007 5587 "Apta
3057 5518 3240 5571 δὲκαὶ
3298 5517 3435 5588 πρὸς
3481 5518 3572 5572 τὸν
3610 5519 3807 5589 καιρὸν
3849 5518 4003 5574 ταῦτά

2441 5626 2627 5679 φησιν.
2666 5608 2818 5661 Ἐπεὶ
2844 5609 2952 5680 γὰρ
2978 5612 3025 5662 οἱ
3053 5607 3314 5678 βάσκανοι
3338 5609 3431 5662 καὶ
3460 5610 3685 5680 ἀνήκοοι
3712 5609 3823 5663 τῶν
3851 5609 4001 5676 λόγων

2442 5702 2607 5755 αὐτοῦ
2647 5701 2926 5757 διέϐαλλον
2964 5702 3092 5766 τοὺς
3132 5702 3455 5769 ἀκούοντας,
3483 5703 3648 5766 αὑτὸς
3682 5703 3745 5756 τὸ
3778 5704 4001 5758 ἐναντίον

2446 5795 2631 5863 ποιῶν,
2669 5795 2870 5868 μᾶλλον
2912 5797 3207 5869 μακαρίζει
3261 5799 3385 5863 τοὺς
3429 5798 3749 5862 ἀκούοντας.
3781 5798 3929 5870 Τάχα
3952 5798 3997 5851 6t
