4256 6432
261 405 374 470 865

1002 396 1458 460 ENARRATIO
1500 395 1585 458 ιΝ
1625 390 2142 458 EVANGELIUM
2180 387 2419 451 ευριπ.
2459 414 2529 428 --
2561 391 2726 454 CAP.
2769 392 2877 453 X1.

3463 398 3576 462 866

264 518 363 578 xui.
389 516 477 571 διὰ
505 516 598 569 τὸν
626 514 845 572 ίαθέντα
877 511 1060 581 κωφὸν
1086 511 1263 567 ταῦτά
1293 529 1484 585 φησιν,
1530 510 1617 562 ἵνα
1644 507 1742 562 καὶ
1765 507 1859 561 αὐ-

1973 504 2491 560 condemuatiouem
2562 515 2781 574 recepta
2850 505 3110 561 audiendi
3165 507 3334 579 359
3383 509 3574 568 virtus.

262 616 356 681 τὸς
387 613 634 676 ἀκούσας
665 609 877 681 φυλάξῃ
910 607 1001 662 τὸν
1025 606 1210 676 λόγον,
1245 607 1338 661 καὶ
1366 605 1444 676 μὴ
1469 604 1692 674 γίνηται
1718 599 1868 671 αὐτῷ

262 708 298 782 ή
335 708 472 780 πρὸς
501 705 564 758 τὸ
610 702 834 758 ἀκούειν
863 699 1094 770 δύναμις
1142 702 1222 764 εἰς
1267 698 1618 769 κατάκρισιν.
1657 696 1781 750 Τῶν
1810 695 1867 748 δὲ

262 801 437 874 ὕχλων
475 796 979 869 ἐπαθροιζομένων,
1019 794 1227 866 ἤρξατο
1277 795 1306 846 0
1367 794 1577 862 Κύριος
1618 791 1866 862 ἐλέγχειν

261 892 756 964 τούςάγνώμονας.
789 889 1013 961 Ἐπειδὴ
1040 888 1150 960 γὰρ
1170 883 1314 959 ἦσάν
1339 901 1488 950 τινες
1517 884 1652 955 παρ’
1679 883 1868 947 αὐτοῖς

262 989 313 1043 oi
349 982 640 1058 ζητοῦντες
672 986 900 1055 σημεῖον
932 982 992 1050 ἐξ
1020 980 1256 1052 οὐρανοῦ
1287 978 1548 1050 γενέσθαι
1586 978 1740 1048 παρὰ
1769 974 1865 1031 τοῦ

276 1077 476 1145 Ἰησοῦ·
511 1077 697 1146 ελεγον
724 1076 858 1146 γὰρ,
893 1075 975 1128 ὃτι
1011 1073 1155 1128 Ὀσα
1189 1074 1340 1126 ποιεῖ
1369 1072 1600 1141 σημεῖα,
1630 1069 1740 1123 ἀπὸ
1762 1069 1867 1138 γῆς

259 1173 391 1236 εισι,
429 1170 524 1226 καὶ
567 1171 626 1225 ἐν
655 1167 988 1233 Βεελζεδοὺλ
1027 1167 1204 1220 ταῦτα
1244 1166 1392 1219 ποιεῖ
1437 1164 1518 1236 τῷ
1551 1161 1868 1235 κοσμοκρά-

257 1279 403 1335 τορι,
433 1262 510 1326 ὼς
551 1261 731 1332 ῑχοντι
778 1259 877 1329 τῆς
915 1261 1023 1328 γῆς
1056 1256 1331 1322 ἐξουσίαν,
1361 1254 1421 1323 ἐξ
1454 1252 1686 1324 ούρανοῦ
1721 1252 1779 1305 δέ
1802 1253 1865 1307 οὐ

257 1355 487 1412 δύναται
515 1357 760 1423 ποιῆσαι,
801 1348 892 1407 οἷα
941 1338 1017 1423 μή
1058 1349 1153 1405 τοῦ
1184 1350 1441 1419 οὐρανίου
1473 1346 1689 1418 Πατρός
1738 1346 1867 1412 Υἱὸς

257 1450 359 1506 ὢν.
396 1451 551 1504 Ἐπεὶ
595 1447 688 1502 οὖν
723 1442 866 1518 ἦσάν
888 1463 1033 1510 τινες
1072 1447 1120 1498 0i
1151 1443 1327 1498 ταῦτα
1361 1442 1635 1511 λέγοντες,
1671 1441 1865 1495 τούτου

256 1542 448 1596 ἐνεκεν
484 1540 697 1610 ἐλέγχει
725 1538 928 1600 αὐτοὺς
961 1537 990 1588 0
1025 1534 1254 1607 Κύριος,
1303 1534 1400 1588 καί
1435 1550 1623 1603 φησιν,
1654 1533 1738 1585 ὅτι
1766 1533 1866 1584 A0-

258 1635 488 1705 θήσεται
526 1633 659 1703 ὑμῖν
683 1633 932 1703 σημεῖον,
959 1631 1098 1700 ὅπερ
1128 1628 1294 1704 δείξει
1343 1644 1413 1698 με
1444 1625 1702 1698 ἀληθινὸν
1735 1624 1866 1679 Υῑδν

256 1727 356 1782 τοῦ
404 1725 658 1798 οὐρανίου
712 1725 950 1796 Πατρός.
1001 1725 1161 1778 Ποῖον
1206 1721 1398 1788 τοῦτο;
1433 1721 1507 1774 Τὸ
1539 1719 1635 1773 τοῦ
1688 1717 1867 1784 Ἰωνᾶ,

255 1821 427 1892 ἠγουν
451 1819 513 1872 τὸ
546 1820 646 1889 τῆς
686 1817 1059 1879 ἀναστάσεως.
1089 1814 1302 1886 Ὥσπερ
1328 1813 1439 1885 γὰρ
1474 1812 1685 1876 ἐκεῖνος
1716 1812 1864 1881 τρεῖς

1972 595 2450 667 Congregautibus
2484 605 2664 652 autem
2717 612 2780 653 se
2815 599 3010 666 turbis,
3052 602 3218 670 cmpit
3278 600 3442 658 Jesus
3489 619 3575 657 re-

1969 689 2313 761 prehendere
2359 690 2621 761 ingratos.
2669 690 2808 745 Nam
2839 693 3100 762 quoniam
3153 705 3310 751 erant
3354 699 3577 766 quidam

1970 781 2114 853 apud
2167 797 2265 838 eos
2324 783 2420 853 qui
2478 786 2801 854 qumrebant
2858 786 3074 857 signum
3140 789 3206 842 de
3256 789 3399 844 caelo
3453 789 3572 844 lieri

1970 891 2003 931 a
2041 873 2198 942 Jesu,
2243 877 2503 932 dicebant
2565 879 2715 938 enim
2751 892 2766 930 :
2804 879 2970 948 Signa
3007 894 3129 950 qum
3175 880 3302 935 fecit
3337 883 3402 937 de
3433 892 3579 937 terra

1968 976 2119 1035 sunt,
2179 977 2236 1023 el.
2295 967 2426 1024 facit
2477 985 2540 1024 ea
2604 970 2660 1024 in
2715 969 3006 1025 Beclzebul
3067 974 3252 1027 mutuli
3310 975 3578 1046 principe,

1969 1060 2064 1129 qui
2114 1068 2447 1129 potestatem
2485 1059 2645 1115 habet
2695 1071 2856 1114 terra:
2899 1078 2913 1114 :
2954 1063 3023 1116 de
3065 1062 3207 1117 cmlo
3243 1072 3425 1116 autem
3472 1079 3580 1119 non

1970 1154 2193 1225 pulerit,
2219 1167 2285 1207 eo
2311 1153 2455 1223 quod
2482 1168 2587 1207 non
2612 1152 2687 1208 sit
2711 1151 3090 1232 Filius‘Patris
3121 1155 3404 1212 caelestis:
3431 1157 3579 1226 quia,

1970 1246 2222 1317 inquam,
2259 1245 2485 1301 fuerunt
2535 1244 2758 1316 quidam
2793 1247 2908 1302 llaec
2947 1249 3215 1316 dicentes,
3250 1249 3367 1317 ejus
3401 1254 3576 1318 gratia

1971 1340 2158 1411 arguit
2185 1353 2279 1395 eos
2301 1338 2586 1404 Dominus,
2610 1349 2664 1395 et
2690 1341 2822 1396 dicit
2855 1359 2868 1395 :
2899 1339 3128 1396 Dabitur
3155 1343 3310 1397 vobis
3335 1343 3579 1413 signum,

1976 1434 2121 1503 quod
2168 1434 2426 1490 ostendet
2474 1449 2561 1489 me
2602 1447 2792 1488 verum
2842 1433 3044 1489 Filium
3093 1436 3339 1491 caelestis
3377 1435 3582 1494 Patris.

1970 1526 2145 1594 Quale
2179 1525 2324 1581 hoc?
2355 1523 2509 1581 Jonas
2545 1527 2786 1597 signum,
2831 1525 2935 1580 hoc
3000 1535 3085 1582 est
3131 1530 3578 1584 resurrectionis.

1970 1619 2132 1676 Sicut
2181 1620 2327 1676 enim
2375 1619 2471 1676 ille
2513 1621 2691 1675 tribus
2737 1620 2933 1676 diebus
2976 1619 3079 1674 fuit
3116 1621 3168 1675 in
3218 1632 3411 1678 ventre
3447 1625 3579 1687 ceti,

1969 1713 2048 1770 ita
2097 1721 2155 1770 et
2206 1728 2308 1784 ego
2348 1723 2460 1768 tres
2492 1715 2608 1769 dies
2644 1713 2845 1770 faciam
2891 1715 2944 1769 in
2985 1723 3177 1769 ventre
3228 1715 3408 1786 magni
3448 1718 3580 1782 ceti,

1970 1807 2077 1863 hoc
2128 1817 2213 1863 est
2283 1805 2508 1876 inferni,
2562 1819 2618 1863 et
2664 1823 2973 1880 resurgam.
3025 1807 3098 1863 At
3127 1807 3280 1864 Jonzn
3328 1810 3575 1878 quidem,

255 1912 472 1985 ἡμέρας
519 1911 777 1981 ἐποίησεν
832 1912 890 1963 ἐν
943 1912 1010 1980 τῇ
1061 1904 1242 1979 κοιλίᾳ
1286 1906 1383 1960 τοῦ
1433 1907 1656 1978 κήτους,
1715 1904 1859 1958 οὕτω

1968 1911 2259 1972 postquam
2309 1900 2460 1956 velut
2504 1901 2708 1956 revixit
2735 1916 2803 1956 ex
2848 1910 3042 1957 ventre
3079 1902 3213 1969 ceti,
3259 1903 3582 1973 praedicanti

256 2005 417 2076 κάγὼ
443 2008 597 2077 τρεῖς
623 2003 839 2075 ἡμέρας
865 2003 1104 2074 ποιήσας
1125 2003 1184 2055 ἐν
1205 2003 1274 2073 τῇ
1299 1999 1482 2072 κοιλίᾳ
1510 1999 1606 2054 τοῦ
1630 2001 1855 2073 κήτους,

254 2099 353 2152 τοῦ
396 2099 634 2170 μεγάλου
687 2097 878 2169 θηρὸς,
930 2095 1023 2150 τοῦ
1066 2096 1220 2168 ᾅδου,
1256 2095 1659 2166 ἀναστήσομαι.
1716 2093 1858 2148 Ἀλλ’

267 2193 427 2246 Ἰωνᾶ
474 2191 574 2261 μὲν
615 2193 757 2263 μετὰ
788 2189 886 2262 τὴν
917 2191 981 2243 ἐκ
1022 2189 1119 2243 τοῦ
1156 2191 1358 2262 κήτους
1405 2181 1517 2242 οἷον
1555 2187 1859 2241 ἀναϐίωσιν

255 2284 588 2356 κηρύσσοντι
645 2281 983 2350 ἐπείσθησαν
1037 2283 1086 2335 οί
1139 2282 1443 2347 Νινευῖται,
1486 2279 1611 2350 ἐμοὶ
1662 2278 1721 2332 δὲ
1765 2281 1858 2332 καὶ

253 2379 553 2433 ἀναστάντι
581 2378 644 2431 οὐ
673 2375 961 2430 πιστεύσει
988 2377 1022 2447 ή
1048 2376 1212 2446 γενεὰ
1241 2373 1412 2446 αὕτη·
1446 2373 1571 2428 ὅθεν
1593 2389 1858 2444 κατακρι-

254 2471 540 2542 θήσονται,
579 2473 661 2524 ὅτι
697 2469 988 2533 Νινευίτας
1018 2470 1118 2523 οὐκ
1153 2469 1524 2540 ἐμιμήσαντο,
1572 2467 1750 2520 καίτοι
1794 2481 1857 2532 γε

255 2566 445 2620 πλεῖον
492 2547 800 2620 Ἰωνᾶίὖδε.
834 2563 908 2617 Τό
936 2580 995 2617 τε
1021 2563 1132 2634 γάρ
1161 2559 1386 2633 ἀξίωμα
1413 2563 1473 2614 τὸ
1497 2561 1628 2632 ἐμὸν
1663 2559 1758 2613 καὶ
1798 2557 1858 2611 τὸ

252 2658 350 2712 τοῦ
393 2658 750 2729 κηρύγματος
777 2653 919 2721 εῐδος
964 2645 1168 2728 πολλὴν
1201 2657 1467 2726 διαφοράν
1498 2655 1855 2709 ἐνδείκνυται.

270 2749 416 2820 Ἐγὼ
444 2750 751 2820 Δεσπότης,
781 2752 990 2813 ἐκεῖνος
1012 2747 1219 2814 δοῦλος.
1262 2747 1407 2818 Ἐγὼ
1448 2747 1731 2817 βασιλείαν
1768 2747 1858 2799 οὐ·

255 2844 438 2915 ρανῶν
487 2842 774 2914 κηρύσσω,
828 2843 1035 2905 ἐκεῖνος
1102 2840 1381 2912 σωτηρίαν
1431 2838 1531 2910 τὴν
1593 2840 1703 2893 ἀπὸ
1757 2839 1860 2908 τῆς

253 2935 666 3008 καταστροφῆς.
717 2932 862 3002 Ἐγὼ
906 2932 1046 3005 μετὰ
1087 2932 1408 3004 θαυμάτων,
1458 2935 1668 2997 ἐκεῖνος
1701 2931 1858 2985 οὐδὲν

255 3029 492 3099 ποιήσας
522 3027 732 3098 θαῦμα.
780 3027 1018 3097 Ὁμοίως
1056 3028 1153 3081 καὶ
1184 3027 1229 3098 ἡ
1254 3025 1545 3097 βασίλισσα
1575 3026 1672 3080 τοῦ
1700 3026 1856 3082 νότου

255 3123 583 3194 κατακρινεῖ
621 3120 722 3192 τὴν
751 3120 948 3188 γενεὰν
981 3118 1209 3188 ταύτην,
1248 3119 1330 3172 ὅτι
1361 3118 1426 3171 ἐκ
1457 3117 1715 3187 περάτων
1753 3118 1859 3186 γῆς

251 3208 421 3287 ἦλθεν
455 3214 692 3268 άκοῦσαι
730 3213 831 3284 τὴν
868 3213 1063 3283 σοφίαν
1093 3212 1464 3282 Σολομῶντος.
1502 3212 1633 3266 Νόει
1673 3211 1731 3264 δέ
1765 3228 1857 3282 μοι

1969 1993 2330 2049 crediderunt
2369 1991 2629 2049 Ninivitze
2668 2012 2681 2049 :
2720 1995 2853 2051 mibi
2888 2004 3074 2050 autem
3121 1996 3286 2051 etiam
3334 2011 3458 2050 cum
3499 2012 3572 2051 rc-

1969 2088 2284 2152 surrexere,
2320 2102 2428 2142 non
2478 2088 2666 2143 credet
2703 2089 2987 2158 generatio
3039 2089 3140 2144 ista
3193 2089 3389 2144 :unde
3451 2105 3585 2144 cou-

1969 2181 2402 2245 demnabuntur,
2442 2182 2588 2252 quod
2643 2197 2821 2252 neque
2873 2181 3148 2238 Ninivitas
3193 2182 3309 2237 sint
3366 2183 3581 2250 imitati,

1969 2275 2221 2342 quamvis
2265 2273 2438 2343 major
2505 2291 2651 2332 nunc
2709 2277 2798 2331 liic
2843 2277 2985 2332 adsit
3032 2292 3197 2346 quam
3236 2274 3395 2331 Jona.
3447 2275 3583 2330 Nam

1967 2369 2039 2422 ob
2065 2383 2243 2422 meam
2269 2358 2592 2439 dignitatem
2643 2379 2697 2424 et
2725 2370 3139 2440 praedicationis
3174 2385 3371 2441 genus,
3412 2371 3580 2438 major

1970 2473 2311 2517 monstratur
2338 2463 2692 2520 excellentia.
2737 2465 2853 2534 Ego
2886 2465 3174 2534 Dominus,
3211 2464 3302 2521 ille
3343 2479 3534 2520 servus
3568 2479 3583 2515 :

1971 2569 2071 2624 ego
2099 2570 2327 2626 regnum
2368 2557 2636 2613 ccelorum
2672 2559 2933 2628 prmdico,
2961 2558 3054 2612 illc
3082 2558 3314 2614 salutem
3351 2573 3416 2612 ne
3452 2572 3580 2627 pcr-

1975 2650 2120 2706 irent
2157 2669 2171 2707 :
2222 2661 2324 2722 ego
2365 2667 2490 2707 cum
2539 2652 2844 2718 miraculis,
2885 2652 2978 2707 ille
3013 2655 3222 2722 absque
3275 2650 3584 2706 miraculis.

1970 2747 2238 2803 Similiter
2290 2757 2347 2802 et
2397 2748 2591 2815 regina
2641 2748 2817 2802 austri
2860 2746 3253 2802 condemnabit
3300 2747 3582 2800 nationem

1971 2839 2133 2905 hanc,
2170 2840 2296 2909 quia
2344 2853 2413 2895 ex
2469 2839 2671 2895 ﬁnibus
2723 2851 2886 2894 terra:
2917 2839 3076 2894 venit
3123 2846 3181 2892 ut
3228 2837 3446 2892 audiret
3498 2853 3556 2890 sa

1968 2934 2231 3004 pientiam
2258 2934 2594 2991 Solomonis.
2635 2934 2914 3006 intelligas
2945 2949 3184 3005 quoque,
3217 2936 3468 3002 obsecro,
3490 2947 3589 3005 per

1971 3029 2217 3098 reginam
2269 3029 2471 3092 austri,
2503 3043 2727 3084 omnem
2765 3028 3006 3082 animam
3041 3044 3163 3096 quae
3210 3028 3263 3082 in
3308 3027 3456 3082 bono
3491 3044 3585 3080 va-

1961 3120 2076 3175 lida
2130 3128 2216 3176 est
2246 3129 2300 3176 et
2322 3130 2663 3191 perseverat.
2698 3121 2766 3175 Et
2790 3130 2847 3175 ut
2880 3122 2987 3176 tale
3007 3121 3139 3190 quid
3168 3120 3372 3182 dicam,
3400 3121 3584 3190 aquilo

1970 3213 2026 3268 in
2065 3209 2352 3283 Scriptura
2394 3212 2696 3268 infamatur
2751 3221 3013 3280 tanquam
3063 3213 3366 3267 adversarii
3411 3213 3582 3283 regio.

256 3281 354 3361 καὶ
383 3308 570 3361 πᾶσαν
598 3281 867 3378 ψυχὴν-ἐν
905 3281 982 3378 τῷ
1035 3306 1188 3378 καλῷ
1235 3305 1551 3377 κρατοῦσαν
1584 3307 1680 3360 καὶ
1712 3281 1859 3358 ἱστα-

1969 3305 2161 3362 Gelida
2194 3281 2348 3361 enim
2381 3315 2468 3360 est
2521 3315 2574 3360 et
2610 3305 2806 3374 rigida,
2839 3322 2904 3360 ac
2938 3316 3151 3360 mortua
3196 3306 3345 3361 facit.
3384 3281 3584 3362 Auster

259 3399 432 3470 μένην
463 3399 786 3470 βασίλισσαν
813 3399 918 3453 τοῦ
939 3399 1119 3453 νότου.
1149 3395 1276 3453 Οἴόν
1306 3400 1359 3452 τί
1392 3416 1560 3470 φημι,
1599 3400 1628 3452 0
1655 3398 1860 3470 βορρᾶς

254 3493 412 3564 παρὰ
463 3498 532 3566 τῇ
580 3495 774 3566 Γραφῇ
812 3474 1187 3558 διαϐάλλεται,
1228 3493 1304 3555 ὼς
1339 3492 1432 3546 τοῦ
1478 3494 1862 3560 ἀντικειμένου

252 3585 440 3648 τόποςο
463 3585 671 3656 ψυχρὸς
702 3586 811 3654 γὰρ
835 3584 932 3637 καὶ⁵
961 3581 1282 3655 νεκροποιὸς
1314 3584 1411 3635 καὶ
1478 3582 1767 3653 ναρκώδης
1787 3598 1800 3610 ⁸
1838 3582 1866 3634 0

251 3677 310 3732 τὲ
335 3680 486 3741 νότος
517 3680 826 3730 ἐπαινεῖται
853 3677 928 3738 ὼς
961 3673 1183 3744 πνεῦμα
1207 3674 1418 3744 θερμὸν
1447 3673 1545 3727 καὶ
1569 3673 1861 3742 ζωογονον,

253 3770 353 3825 καὶ
391 3769 501 3823 τῶν
544 3768 984 3840 νεναρκηκότων,
997 3767 1178 3839 μελῶν
1212 3763 1668 3822 θαλπτικόν.“Διὸ
1700 3765 1794 3818 καὶ
1828 3765 1862 3836 ἡ

254 3864 319 3919 ἐν
355 3861 436 3933 τῷ
470 3863 710 3932 ’ᾼσματι
745 3860 936 3932 νύμφη
967 3861 1062 3913 τὸν
1100 3859 1309 3932 βορῤἇν
1348 3858 1660 3926 διώκουσα,
1706 3855 1855 3922 Ἐξε-

251 3954 509 4025 γέρθητι,
537 3956 702 4024 φησὶ,
730 3953 925 4026 βορρᾶ,
964 3951 1276 4034 καὶέρχου,
1325 3952 1467 4006 νότε.
1498 3953 1610 4004 Καὶ
1637 3951 1802 4005 πάλιν
1830 3952 1859 4003 0

255 4048 545 4120 προφήτης
591 4046 760 4117 φησί’
818 4046 930 4100 Καὶ
979 4045 1074 4100 τὸν
1122 4045 1232 4100 άπὸ
1281 4045 1457 4118 βορῤᾶ
1501 4044 1862 4118 ἐξολοθρεύσῃ

251 4141 482 4214 Κύριος,
530 4140 776 4211 δηλονότι
818 4139 913 4194 τὸν
964 4140 1238 4195 Σατανᾶν.
1285 4139 1353 4192 Ἢ
1392 4139 1573 4193 τοίνυν
1620 4138 1771 4210 ψυχὴ
1821 4141 1856 4210 ή

255 4231 628 4303 βασιλεύουσα
673 4231 734 4285 ἐν
773 4228 852 4301 τῷ
879 4229 1039 4300 νότῳ,
1090 4232 1159 4300 τῇ
1194 4229 1376 4300 ἀγαθῇ
1414 4228 1597 4298 μερίδι
1632 4227 1731 4281 καὶ
1775 4227 1856 4297 τῷ

253 4324 616 4395 πνευματικῷ
654 4324 780 4394 βίῳ,
811 4327 911 4378 καὶ
952 4322 1044 4377 διὰ
1075 4323 1174 4392 τῆς
1205 4321 1523 4394 πρακτικῆς
1556 4321 1618 4374 τὸ
1654 4322 1858 4392 κράτος

251 4415 478 4487 ἔχουσα,
511 4417 733 4488 ἔρχεται
791 4417 873 4480 εἰς
922 4414 985 4469 τὸ
1021 4415 1256 4469 ἑκοῦσαι
1305 4417 1408 4487 τὴν
1457 4415 1675 4486 σοφίαν,
1721 4414 1859 4484 ὅπερ

1965 3415 2101 3455 vero
2153 3398 2408 3454 laudatur
2453 3407 2512 3452 ut
2560 3407 2759 3453 ventus
2805 3398 3017 3453 calidus
3069 3410 3124 3452 et
3170 3399 3477 3465 viviﬁcans,
3526 3412 3584 3456 et

1964 3488 2181 3558 stupida
2236 3485 2483 3542 membra
2543 3486 2865 3542 confovcns.
2923 3488 3050 3542 Ideo
3097 3497 3153 3542 et
3211 3487 3264 3542 in
3332 3488 3586 3545 Cauticis

1964 3596 2163 3649 sponsa
2204 3580 2514 3650 aquilonem
2568 3579 2764 3650 fugatis
2810 3581 2943 3634 dicit
2979 3598 2993 3634 :
3032 3581 3232 3650 Surge,
3278 3581 3496 3651 aquilo;
3528 3592 3585 3636 et

1963 3676 2110 3740 veni,
2143 3686 2351 3728 auster.
2393 3672 2458 3726 Et
2496 3673 2693 3727 iterum
2738 3675 3002 3743 prOplteta
3031 3673 3163 3727 dicit
3199 3692 3211 3728 :
3243 3673 3310 3728 Et
3340 3688 3464 3728 eum
3488 3673 3584 3746 qui

1965 3765 2036 3821 ab
2080 3765 2338 3834 aquilone
2385 3774 2493 3830 est,
2537 3766 2934 3822 exterminabit
2974 3766 3260 3834 Dominus,
3316 3768 3581 3822 Satanam

1969 3858 2201 3913 scilicet.
2233 3856 2406 3926 Igitur
2437 3857 2624 3912 anima
2647 3873 2770 3928 qua:
2799 3867 2994 3928 regnat
3028 3861 3082 3913 in
3107 3869 3322 3924 austro,
3349 3862 3401 3914 iu
3439 3860 3582 3916 bona

1969 3961 2126 4023 parte
2155 3951 2462 4022 Spiritualis
2493 3951 2641 4019 vita,
2677 3962 2734 4006 et
2767 3953 3056 4023 imperium
3100 3954 3266 4009 habet
3306 3953 3362 4008 in
3392 3955 3583 4023 operi-

1969 4047 2091 4112 bus,
2143 4046 2297 4099 venit
2335 4055 2393 4099 ut
2426 4045 2616 4100 audiat
2664 4047 3019 4116 sapientiam,
3057 4047 3160 4102 hoc
3190 4055 3296 4112 est,
3345 4047 3413 4102 ad
3445 4053 3582 4104 cou-

1967 4137 2378 4209 templationem
2425 4138 2692 4194 ascendit.
2742 4139 3026 4210 Sapientia
3077 4141 3221 4194 enim
3273 4140 3585 4197 Solomonis

1969 4230 2184 4300 paciﬁci
2239 4233 2409 4299 regis,
2462 4231 2680 4286 Domini
2735 4242 2791 4287 et
2843 4230 2939 4287 Dei
2979 4235 3156 4289 nostri
3193 4235 3584 4305 contemplatio

1969 4332 2057 4379 est
2086 4341 2100 4380 :
2131 4325 2199 4379 ad
2241 4340 2408 4395 quam
2443 4341 2550 4380 non
2589 4325 2776 4381 veniet
2805 4327 2932 4396 quis
2959 4327 3146 4396 aliter,
3181 4328 3287 4383 nisi
3318 4344 3583 4399 regnave-

1974 4415 2048 4469 rit
2078 4415 2134 4469 in
2168 4416 2311 4472 bona
2343 4417 2480 4482 vita,
2509 4425 2566 4472 et
2588 4432 2688 4486 per
2730 4419 2968 4473 activam
2997 4420 3374 4491 imperaverit.

248 4513 425 4577 ἐστιν,
454 4514 535 4576 είς
575 4510 813 4581 θεωρίαν
849 4513 1016 4566 ἀναὸι
1044 4512 1160 4566 ἱνει.
1203 4511 1271 4564 Ἦ
1302 4510 1413 4582 γὰρ
1447 4510 1612 4580 σοφία
1641 4509 1738 4563 τοῦ
1789 4509 2144 4580 Σολομῶντος
2207 4511 2305 4565 τοῦ
2346 4512 2632 4584 είρηνικού
2713 4513 3014 4583 βασιλέως,
3081 4516 3178 4598 τοῦ
3227 4518 3442 4589 Κυρίου
3486 4519 3585 4573 καὶ

248 4606 393 4661 Θεοῦ
419 4605 579 4678 ἡμῶν
623 4606 658 4676 ἡ
695 4605 902 4677 θεωρία
951 4607 1126 4671 ἐστὶν,
1162 4607 1244 4669 εἰς
1290 4606 1357 4677 ἢν
1414 4605 1594 4668 ἄλλως
1638 4606 1740 4659 οὐκ
1789 4602 1856 4658 ἂν
1895 4604 2117 4678 εἰσέλθῃ
2148 4621 2256 4670 τις,
2287 4607 2337 4660 εί
2412 4606 2490 4678 μὴ
2529 4606 2621 4662 διὰ
2650 4606 2745 4661 τοῦ
2811 4606 3136 4693 βασιλεῦσαι
3177 4611 3237 4667 ἐν
3275 4611 3356 4684 τῷ
3386 4611 3582 4683 ἀγαθῷ

252 4700 378 4773 βίῳ,
411 4701 510 4754 καὶ
537 4698 817 4770 κρατῆσαι
849 4698 942 4752 διὰ
969 4699 1072 4770 τῆς
1102 4699 1442 4770 πρακτικῆς.

338 4812 358 4847 ι
387 4793 578 4858 Οὐδεὶς
621 4791 680 4846 δὲ
721 4792 917 4865 λύχνον
955 4792 1124 4863 ἅψας,
1173 4797 1252 4858 είς
1303 4795 1557 4864 κρυπτὴν
1608 4795 1850 4866 τίθησιν,

2034 4792 2200 4847 Vatis.
2239 4794 2438 4849 ’ὃὸ-56.
2480 4813 2498 4845 ι
2560 4792 2732 4876 Nemo
2777 4787 3062 4850 lucernam
3117 4796 3394 4861 accendit,
3429 4807 3485 4853 et
3530 4798 3586 4852 iu

248 4885 374 4943 οὐδέ
427 4887 532 4942 ὑπὸ
569 4885 664 4940 τὸν
706 4886 915 4958 μόδιον,
947 4887 1063 4940 ἀλλ’
1114 4888 1212 4941 ἐπὶ
1237 4889 1336 4959 τήν
1371 4887 1620 4958 λυχνίαν,
1659 4890 1748 4943 ἵνα
1803 4893 1854 4944 οί

249 4982 702 5053 εἰσπορευόμενοι
724 4982 786 5035 τὸ
816 4981 934 5051 φῶς
960 4981 1258 5053 βλέπωσιν.
1293 4983 1352 5036 '0
1385 4983 1581 5054 λύχνος
1613 4983 1708 5038 τοῦ
1746 4985 1856 5036 σώ-

253 5074 428 5147 ματός
456 5076 605 5128 ἐστιν
645 5075 674 5128 ό
707 5068 1011 5145 ὀφθαλμός.
1051 5075 1221 5128 Ὅταν
1255 5069 1349 5128 οὖν
1373 5077 1402 5128 0
1445 5075 1726 5146 ὀφθαλμός
1761 5095 1854 5131 σου

250 5166 460 5231 ἁπλοῦς
483 5161 542 5240 ᾖ,
575 5165 671 5220 καὶ
720 5165 842 5220 ὅλον
890 5167 950 5219 τδ
1003 5166 1165 5236 σῶμά
1217 5184 1310 5220 σου
1352 5168 1622 5236 φωτεινόν
1679 5170 1852 5223 ἐστιν.

259 5257 435 5314 Ἐπὰν
480 5260 552 5313 δὲ’
588 5258 827 5330 πονηρὸς
859 5255 918 5330 ᾗ,
968 5259 1066 5312 κει)⁹
1097 5259 1157 5311 τὸ
1201 5259 1365 5330 σῶμά
1405 5276 1502 5313 σου
1567 5261 1855 5316 σκοτεινόν

249 5354 386 5406 ἐστι.
419 5351 626 5406 Σκόπει
660 5350 777 5418 οὖν,
815 5354 890 5424 μὴ
911 5352 973 5406 τὺ
1001 5351 1117 5420 φῶς
1139 5351 1199 5405 τὸ
1228 5353 1286 5406 ἐν
1319 5353 1404 5406 σοὶ
1457 5353 1650 5417 σκότος
1679 5355 1850 5410 ἐστίν.

248 5441 313 5498 E‘l
335 5440 432 5498 οὖν
463 5444 528 5498 τὸ
554 5443 717 5513 σῶμά
738 5461 835 5498 σου
874 5443 996 5499 ὅλον
1019 5443 1308 5514 φωτεινόν,
1341 5445 1418 5514 μὴ
1445 5445 1567 5514 ἕχον
1583 5441 1645 5499 ’τι
1684 5447 1855 5518 μέρος

250 5533 555 5601 σκοτεινὸν,
589 5535 742 5590 ἔσται
767 5535 1034 5605 φωτεινόν
1059 5534 1205 5600 ὅλον,
1233 5535 1310 5598 ὡς
1339 5535 1470 5588 ὃταν
1507 5537 1536 5586 0
1557 5535 1752 5607 λύχνος
1783 5539 1850 5607 τῇ

248 5631 510 5701 ἀστραπῇ
542 5630 754 5703 φωτίζῃ
780 5647 862 5685 σε.
900 5650 918 5683 ι
962 5630 1301 5701 Ἐπειδήπερ
1328 5631 1377 5682 οἱ
1416 5628 1680 5700 βάσκανοι
1714 5631 1849 5683 ’1ου-

248 5721 389 5777 δάϊοι
445 5722 514 5776 τὰ
561 5720 823 5793 θαύματα
875 5723 1168 5794 βλέποντες
1223 5722 1633 5791 ἐσυκοφάντουν
1675 5721 1856 5777 ταῦτα.

248 5815 369 5879 νόδς
393 5814 590 5887 κακίᾳ,
623 5816 816 5870 τούτου
837 5816 1026 5870 ἕνεκεν
1059 5817 1086 5870 0
1122 5815 1327 5886 Κύριος
1349 5814 1527 5868 ταύτά
1548 5831 1704 5884 φησι·
1733 5813 1857 5868 Ὀτι

248 5907 450 5978 λύχνον
500 5907 761 5973 λαϐόντες
813 5910 863 5963 οί
897 5908 1198 5985 δἀνθρωττοι
1235 5907 1389 5980 παρὰ
1419 5906 1513 5963 τοῦ
1558 5907 1719 5977 Θεοῦ,
1756 5908 1860 5980 τὴν

1967 4885 2291 4940 abscondito
2322 4885 2494 4956 ponit,
2546 4900 2721 4957 neque
2749 4887 2945 4942 subter
2992 4888 3260 4954 modium,
3295 4889 3391 4944 sed
3417 4902 3586 4961 super

1968 4978 2383 5045 candelabrum,
2419 4990 2477 5031 ut
2530 4980 2621 5048 qui
2675 4980 3082 5051 ingrediuntur,
3130 4983 3312 5039 lumen
3341 4984 3582 5039 videant.

1968 5071 2214 5132 Lucerna
2244 5074 2498 5139 corporis
2526 5081 2609 5128 est
2632 5073 2845 5128 oculus.
2871 5074 3008 5127 Cum
3043 5075 3209 5144 igitur
3235 5076 3428 5130 oculus
3455 5086 3580 5131 tuus

1968 5162 2136 5218 fuerit
2166 5162 2428 5232 simplex,
2469 5173 2639 5218 totum
2669 5179 2889 5234 quoque
2917 5180 3122 5234 corpus
3159 5177 3310 5220 tuum
3342 5167 3582 5222 lucidum

1966 5257 2109 5323 erit;
2133 5256 2276 5327 quod
2305 5257 2350 5310 si
2381 5256 2558 5310 malus
2588 5256 2777 5322 fuerit,
2804 5257 2971 5322 etiam
3009 5273 3208 5328 corpus
3245 5271 3397 5315 tuum
3433 5271 3586 5317 tene-

1967 5351 2192 5406 brosum
2224 5353 2377 5407 erit.
2405 5351 2540 5407 Vide
2577 5366 2709 5422 ergo
2751 5368 2820 5408 ne
2876 5353 3062 5409 lumen
3117 5358 3263 5426 quod
3293 5357 3345 5411 in
3394 5367 3446 5410 te
3478 5367 3584 5421 est,

1969 5448 2209 5500 tenebrae
2255 5447 2384 5501 sint.
2436 5445 2495 5500 Si
2529 5461 2663 5518 ergo
2695 5451 2895 5519 c‘orpus
2930 5458 3083 5504 tuum
3138 5460 3310 5506 t0tum
3345 5451 3583 5508 lucidum

1965 5538 2153 5605 fuerit,
2209 5554 2316 5594 non
2398 5539 2609 5597 habens
2651 5541 2891 5613 aliquam
2951 5554 3165 5615 partem
3211 5546 3584 5613 tenebrosam,

1963 5631 2044 5686 sic
2066 5631 2172 5686 erit
2195 5630 2438 5687 lucidum
2460 5633 2628 5706 360
2651 5644 2846 5699 totum,
2880 5645 2941 5690 ut
2967 5652 3089 5692 cum
3123 5638 3345 5694 lucerna
3378 5637 3585 5711 fulgore

1963 5725 2238 5781 illuminat
2276 5736 2348 5782 te.
2391 5746 2410 5779 ι
2459 5727 2730 5795 Quoniam
2766 5731 2935 5787 invidi
2988 5732 3162 5788 Judmi
3199 5733 3462 5789 miracula
3505 5737 3585 5788 vi-

1960 5818 2176 5884 dentes,
2204 5835 2267 5874 ea
2295 5820 2779 5878 calumniabautur
2806 5825 2874 5880 ob
2906 5827 3106 5880 mentis
3141 5827 3428 5891 maLtiatn,
3464 5829 3582 5896 cjtzs

1961 5913 2142 5983 gratia
2175 5915 2441 5973 Dominus
2467 5915 2586 5974 haec
2616 5919 2749 5975 dicit
2790 5938 2803 5975 :
2831 5921 2978 5990 quod
3019 5920 3303 5977 lucernam
3335 5925 3513 5983 adepti
3551 5937 3577 5976 ε
