4256 6432
774 380 881 444 887

1697 372 2274 435 THEOPHYLACTI
2318 370 2728 434 BULGARl/E
2757 368 3111 430 ARCHIEP.

3920 363 4029 428 868

781 497 915 558 Deo,
945 491 1244 548 intellectus
1274 489 1481 553 scilicet
1522 502 1586 541 ac
1632 489 1830 541 mentis
1873 486 2215 550 beneficium,
2255 500 2350 553 per
2376 496 2421 547 Α
2452 502 2462 519 ι

2347 502 2350 514 ι
2376 496 2421 547 Α
2452 485 2546 538 τοῦ
2598 485 2713 548 νοὸς
2742 483 2921 555 χάριν,
2961 484 3031 537 δι’
3059 479 3126 554 ἧς
3181 483 3450 553 βλέπομεν
3490 480 3690 534 ώσανεὶ
3728 479 3909 548 φωτὸς
3939 482 4028 533 δο-

776 602 936 656 quam
978 584 1234 644 videmus,
1271 578 1436 633 veluti
1474 577 1521 632 si
1552 576 1705 631 nobis
1747 578 1928 631 datum
1957 587 2105 630 esset
2139 575 2342 638 lumen,

778 681 1021 732 homines
1046 671 1379 728 abscondunt
1408 671 1603 725 mentis
1622 669 1904 738 judicium,
1928 676 1983 721 et
2009 682 2119 736 pra:
2144 666 2344 721 invidia

773 763 1145 830 obtenebrati,
1207 762 1465 816 miracula
1525 769 1580 815 et
1638 759 1901 815 beneﬁcia
1966 774 2074 813 non
2138 759 2341 821 vident.

773 857 1018 926 quamvis
1043 856 1095 909 in
1128 856 1230 909 hoc
1258 850 1626 920 acceperimus
1648 860 1908 914 mentem,
1937 860 1997 904 nt
2025 864 2190 919 super
2217 864 2348 904 can-

773 948 1049 1000 delubrum
1093 959 1374 1013 ponamus,
1422 951 1481 995 ut
1530 943 1697 998 etiam
1751 941 1842 995 alii
1886 941 2072 995 lumen
2104 940 2339 995 videant.

780 1037 1001 1093 Videtur
1027 1047 1202 1091 autem
1242 1037 1372 1091 mibi
1405 1035 1507 1089 hoc
1537 1035 1716 1089 dicere
1741 1032 1823 1087 :0
1845 1032 2140 1094 Pharisaei).
2174 1032 2343 1088 babes

774 1130 1077 1190 scientiam,
1130 1126 1274 1180 isl'Jd
1319 1133 1399 1179 est
1442 1126 1664 1179 lucerna
1713 1139 1727 1177 :
1783 1131 1999 1189 oportet
2029 1132 2082 1176 te
2115 1121 2343 1176 scientia

775 1220 859 1273 illa
891 1219 986 1281 iiti,
1022 1226 1077 1270 ut
1112 1233 1206 1285 per
1230 1231 1345 1270 eam
1377 1229 1638 1283 agnoscas
1664 1214 1946 1278 miracula,
1978 1222 2032 1268 et
2057 1213 2177 1265 aliis
2207 1226 2340 1280 quo-

772 1326 877 1378 que
918 1309 1200 1363 ostendere
1229 1317 1281 1361 et
1314 1314 1615 1359 monstrare
1647 1307 1824 1373 possis
1862 1305 2005 1373 quod
2037 1303 2145 1358 sint
2174 1317 2338 1372 opera

772 1402 888 1455 Filii
918 1399 1031 1465 Dei,
1059 1408 1110 1453 et
1138 1412 1240 1451 non
1264 1395 1544 1450 Beelzebul
1578 1413 1603 1448 :-
1622 1408 1679 1449 ut
1712 1396 1765 1449 hi
1800 1396 1895 1463 qui
1932 1394 2331 1464 ingrediuntur,

774 1493 873 1544 hoc
907 1500 991 1543 est
1023 1488 1229 1551 novitii,
1263 1497 1315 1541 et
1368 1487 1459 1555 qui
1490 1488 1848 1551 instruuntur,
1881 1486 2059 1539 lumen
2100 1486 2338 1539 videant.

768 1574 900 1628 Nam
928 1576 1017 1643 qui
1052 1575 1267 1642 sapiens
1295 1585 1397 1638 est,
1427 1574 1537 1642 jam
1569 1575 1846 1643 ingressus
1872 1585 1953 1628 est
1989 1574 2119 1642 :qui
2154 1584 2335 1626 autem

766 1667 945 1729 discit,
978 1665 1156 1719 adhuc
1184 1666 1499 1735 ingreditur.
1530 1666 1598 1718 At
1630 1665 1885 1720 Pliarismi
1910 1681 2003 1720 vos
2034 1665 2135 1720 boe
2159 1664 2339 1719 facere

770 1774 874 1811 non
901 1757 1080 1821 vultis,
1117 1759 1208 1810 sed
1252 1759 1464 1810 oculum
1495 1758 1689 1811 mentis
1733 1768 1947 1822 vestrm,
1989 1760 2077 1826 qui
2110 1757 2335 1826 simplex

2447 576 2632 639 θέντος
2670 576 2820 645 ἡμῖν,
2854 577 3206 647 κατέκρυψαν
3246 574 3450 645 ταύτην
3476 577 3574 643 τὴν
3619 573 3901 643 διάκρισιν
3930 572 4025 623 τοῦ

2448 669 2564 732 νοῦ,
2596 669 2689 720 καὶ
2737 666 2844 721 ἀπὸ
2890 668 3191 737 βασκανίας
3242 668 3637 730 σκοτισθέντες,
3665 666 3732 718 τὰ
3763 664 4028 733 θαύματα

2447 759 2658 821 καὶτὰς
2683 758 3002 828 εὐεργεσίας
3026 759 3124 829 οὐχ
3149 758 3339 829 δρῶσι.
3362 758 3554 811 Καίτοι
3582 757 3675 809 επὶ
3705 754 3883 825 τούτῳ
3905 754 4027 807 ἑλά-

2447 851 2617 921 δομεν
2644 850 2736 903 τὸν
2762 849 2909 916 νοῦν,
2939 850 3027 903 ῐνα
3053 850 3148 903 επὶ
3170 850 3267 921 τὴν
3312 848 3536 920 λυχνίαν
3560 847 3819 917 τιθῶμεν.
3852 846 3931 908 ὼς
3960 845 4026 897 ἂν

2446 944 2540 997 καὶ
2566 942 2712 999 ἄλλοι
2746 941 2983 1013 βλέπωσι
3007 941 3069 1017 τὸ
3094 942 3229 1012 φῶς.
3258 944 3417 995 Δοκεῖ
3440 939 3499 994 δέ
3528 957 3615 1009 μοι
3634 938 3795 992 τοῦτο
3822 938 4024 1005 λέγειν,

2444 1035 2547 1101 ὅτι,
2575 1030 2647 1087 Ὠ
2666 1035 2946 1105 Φαρισαῖε,
2985 1032 3129 1103 ἔχεις
3162 1032 3383 1101 γνῶσιν,
3401 1031 3559 1086 τοῦτο
3579 1033 3606 1085 ό
3633 1032 3848 1101 λύχνος.
3875 1030 4027 1084 Ἔδει

2446 1143 2505 1180 σε
2539 1129 2604 1197 τῇ
2639 1126 2841 1194 γνώσει
2877 1125 3047 1196 ταύτῃ
3082 1124 3385 1195 κεχρῆσθαι
3423 1125 3561 1193 πρὸς
3598 1125 3697 1193 τὴν
3728 1122 3837 1175 τῶν
3891 1122 4026 1175 Gai»

2446 1220 2633 1289 μάτων
2684 1218 3001 1286 ἐπίγνωσιν,
3037 1217 3133 1271 καὶ
3184 1219 3295 1280 τοῖς
3341 1216 3522 1279 ἄλλοις
3570 1216 3627 1268 δὲ
3682 1214 3897 1283 φαίνειν
3935 1215 4026 1265 καὶ

2441 1310 2709 1363 δεικνύειν
2737 1308 2933 1372 ταῦτα,
2978 1310 3060 1362 ὅτι
3094 1308 3231 1377 ἔργα
3263 1310 3368 1360 είσὶ
3415 1305 3509 1359 τοῦ
3545 1305 3675 1358 Υίοῦ
3732 1303 3827 1358 τοῦ
3860 1302 4024 1368 Θεοῦ,

2442 1404 2537 1455 καὶ
2566 1402 2691 1472 οὐχὶ
2736 1401 2828 1456 τοῦ
2867 1400 3217 1466 Βεελζεσοὺλ,
3252 1401 3328 1463 ώς
3364 1399 3429 1452 ἂν
3466 1400 3517 1450 οἱ
3546 1398 4022 1468 είσπορευὸμενοτ,

2440 1494 2717 1556 τουτέστιν
2748 1494 2795 1547 al
2830 1494 3183 1561 είσαγωγικοὶ
3228 1493 3322 1545 καὶ
3345 1492 3623 1564 ἀρχάριοι,
3668 1491 3728 1540 τὸ
3753 1490 3871 1557 φῶς
3908 1488 4027 1557 βλέ-

2441 1601 2637 1638 πωσιν.
2674 1584 2732 1637 '0
2783 1585 2882 1653 μὲν
2927 1584 3037 1655 γὰρ
3090 1583 3250 1651 σοφὸς
3284 1584 3383 1652 ἤδη
3419 1581 3718 1653 ἐπορεύθη,
3773 1581 3802 1631 ὀ
3838 1579 3894 1630 δὲ
3946 1578 4025 1629 ἔτι

2446 1675 2732 1744 μανθάνων
2797 1675 3109 1747 πορεύεται.
3173 1673 3311 1727 Ἀλλ’
3358 1674 3418 1726 οὐ
3470 1672 3628 1726 τοῦτο
3684 1669 4023 1740 ἠϐουλήοητε

2445 1772 2599 1839 ὑμεῖς
2626 1772 2674 1822 cl
2696 1771 2999 1839 Φαρισαῖοι,
3030 1767 3167 1821 ἀλλὰ
3187 1767 3279 1820 τὸν
3304 1765 3583 1835 όφθαλμδν
3608 1764 3707 1833 τῆς
3730 1765 3912 1833 ψυχῆς
3938 1761 4027 1813 τὶν

767 1860 904 1911 erat.
946 1850 1151 1903 fecistis
1192 1849 1469 1917 obliquum
1507 1860 1561 1903 et
1587 1852 1901 1905 obscurum.
1947 1849 2155 1905 Etenim
2200 1851 2340 1904 sicut
2374 1831 2448 1891 Βε

2339 1831 2415 1900 ιΒ
2444 1831 2819 1915 νοῦνγάπλοῦν
2868 1831 3019 1927 ὅντα,
3070 1831 3367 1930 εποιήσατε
3423 1831 3580 1923 λοξὸν
3631 1831 4020 1910 uidene-1.

766 1942 958 1995 oculus
989 1940 1232 2007 corporis
1257 1942 1299 1993 si
1329 1940 1456 2009 quid
1490 1940 1669 2004 habet,
1701 1942 1801 1995 hoc
1830 1950 1884 1995 et
1913 1954 2109 2009 corpus
2140 1942 2339 1997 habere

769 2034 893 2086 facit
927 2050 940 2085 :
971 2032 1015 2085 si
1049 2030 1264 2099 quidem
1299 2032 1471 2085 lucem
1493 2032 1650 2085 habet
1679 2047 1744 2086 ac
1778 2032 1990 2087 lucidus
2023 2032 2201 2096 fuerit,
2233 2033 2338 2087 erit

764 2132 819 2176 et
846 2137 1040 2189 corpus
1069 2125 1119 2174 in
1142 2120 1299 2175 luce:
1332 2122 1415 2175 sin
1450 2125 1774 2177 tenebrosus
1798 2123 1977 2188 fuerit,
2009 2125 2113 2179 erit
2138 2125 2336 2180 etillud

767 2210 1130 2265 intenebris:
1181 2212 1342 2265 simili
1395 2213 1551 2267 modo
1579 2214 1830 2268 eumdem
1879 2212 2128 2269 allectum
2176 2218 2335 2270 habet

765 2306 965 2367 anima.
1003 2320 1159 2373 quem
1206 2307 1365 2362 habet
1417 2322 1586 2360 meus.
1618 2307 1682 2360 Et
1714 2312 1757 2361 si
1805 2310 2071 2362 invenerit
2122 2310 2335 2364 oculum

763 2411 921 2463 quem
947 2387 1149 2462 accepit
1182 2410 1211 2447 a
1243 2396 1369 2461 Deo,
1401 2406 1452 2449 et
1477 2397 1646 2451 lucem
1677 2400 2020 2453 obtenebrari
2048 2398 2128 2453 vel
2160 2400 2230 2453 ab
2258 2401 2341 2455 in'-

764 2484 924 2545 vidia,
953 2484 1033 2537 rei
1065 2485 1131 2537 ab
1163 2486 1411 2549 avaritia,
1446 2487 1524 2537 vel
1548 2497 1604 2539 ut
1635 2487 1686 2540 in
1718 2503 1950 2553 summa,
1977 2488 2177 2554 dicam,
2216 2505 2336 2544 car.

762 2575 1001 2639 nalitatc,
1031 2576 1419 2630 nlitenebratur
1454 2589 1508 2631 et
1542 2579 1675 2646 ipsa.

832 2665 995 2719 Vens.
1033 2668 1224 2720 37-“.
1262 2688 1278 2717 ι
1336 2669 1549 2723 Etcum
1586 2670 1920 2738 loqueretur,
1954 2673 2334 2739 rogavitilluin

762 2763 976 2829 quidam
1013 2761 1317 2815 Pliarismus
1345 2772 1397 2813 ut
1428 2763 1717 2830 pranderet
1748 2765 1885 2831 apud
1926 2779 2003 2817 se.
2036 2762 2193 2819 Jesus
2242 2781 2338 2819 au-

764 2862 867 2903 tem
904 2851 1175 2919 ingressus
1204 2852 1479 2905 accubuit.
1526 2851 1833 2911 Phariam-us
1862 2865 2041 2908 autem
2073 2871 2197 2909 cum
2244 2856 2336 2909 vi-

759 2944 945 3005 disset,
981 2943 1278 2995 admiratus
1312 2950 1395 2997 est
1448 2946 1593 3010 quod
1624 2958 1731 2997 nou
1764 2947 1911 3013 prius
1943 2946 2177 3000 lavassct
2210 2958 2336 3002 ante

760 3034 1036 3099 prandium
1063 3050 1077 3097 ;
1112 3040 1165 3086 ct
1186 3035 1261 3086 ait
1292 3034 1548 3089 Dominus
1582 3035 1646 3089 ad
1679 3035 1825 3088 illum
1857 3052 1869 3087 :
1901 3034 2052 3090 Nunc
2078 3052 2171 3091 vos
2196 3036 2330 3091 Plia-

761 3123 897 3176 τίεκί
925 3126 1192 3178 exteriora
1245 3125 1418 3193 poculi
1452 3127 1724 3193 catinique
1763 3128 2059 3190 mundatis,
2106 3130 2333 3199 etquod

761 3217 903 3269 intus
957 3225 1037 3269 est
1084 3218 1271 3279 vestri,
1333 3216 1546 3285 plenum
1602 3230 1686 3273 est
1738 3222 1922 3289 rapina
1982 3233 2038 3277 et
2086 3224 2328 3278 malitia:

757 3309 925 3371 stulti,
956 3322 1134 3361 nonne
1163 3312 1251 3378 qui
1282 3308 1411 3363 fecit
1439 3311 1581 3378 quod
1605 3310 1738 3365 {oris
1766 3322 1868 3377 est,
1903 3314 2067 3368 etiam
2099 3316 2151 3370 id
2184 3315 2330 3385 quod

758 3400 899 3452 intus
949 3410 1027 3452 est
1090 3398 1251 3453 fecit?
1282 3400 1665 3456 Verumtamen
1713 3405 1854 3472 quod
1899 3417 2168 3475 superest,
2207 3409 2331 3463 date

754 3495 1173 3564 eleenmsynam,
1216 3507 1268 3548 et
1301 3511 1426 3549 ecce
1468 3498 1649 3550 omnia
1701 3499 1895 3552 munda
1930 3511 2055 3553 sunt
2088 3502 2260 3555 vobis.
2302 3518 2319 3552 ι

756 3589 973 3640 Sciebat
1012 3589 1227 3654 quidem
1277 3586 1672 3641 l‘liarismorum
1703 3589 1924 3645 livorem
1959 3591 2241 3655 Dominus,
2272 3600 2329 3647 et

755 3678 1103 3732 nihilominus
1139 3680 1371 3734 comedit
1398 3694 1519 3733 cum
1549 3681 1628 3733 eis
1669 3692 1884 3751 propter
1929 3683 2072 3737 istud
2129 3684 2327 3753 ipsum,-

752 3772 892 3840 quod
915 3773 1035 3825 mali
1070 3782 1243 3833 erant,
1271 3782 1320 3825 et
1348 3775 1687 3827 correctione
1713 3789 1847 3842 Opus
1875 3775 2164 3830 habebant.
2192 3776 2323 3831 Nam

753 3874 969 3932 propter
999 3866 1097 3916 hoc
1128 3862 1503 3917 comedit'cuni
1526 3865 1626 3928 eis,
1659 3875 1718 3918 ut
1747 3867 2088 3922 occasionem
2122 3884 2320 3936 appre-

753 3957 967 4018 hendat,
1003 3965 1267 4009 eteorum
1312 3970 1490 4009 mores
1534 3957 1803 4011 emendet.
1839 3957 2072 4013 Proinde
2101 3970 2157 4013 et
2184 3975 2327 4014 nunc

748 4047 965 4099 stultam
1004 4061 1191 4100 eorum
1236 4048 1679 4101 consuetudinem
1733 4058 1899 4113 taxat,
1946 4065 2141 4118 nempe
2169 4051 2324 4104 lotio-

751 4154 869 4191 uem
906 4150 1195 4206 antequam
1249 4142 1537 4193 comedant
1580 4158 1591 4193 :
1634 4141 1835 4195 docens
1884 4145 2024 4209 quod
2078 4154 2323 4211 oporteat

748 4228 982 4279 animam
1008 4243 1101 4295 per
1125 4229 1261 4280 bona
1283 4220 1445 4295 opera
1471 4228 1787 4297 puriﬁcare;
1817 4247 1939 4284 nam
1963 4232 2128 4286 lavari
2159 4248 2317 4300 aqua,

749 4332 852 4371 non
894 4318 1156 4379 animam,
1190 4320 1284 4371 sed
1312 4334 1512 4387 corpus
1536 4321 1802 4387 puriﬁcat.
1838 4324 1905 4375 At
1936 4323 2082 4375 stulti
2117 4324 2190 4375 illi
2225 4340 2322 4391 pu-

747 4411 932 4463 tabant
973 4410 1113 4477 quod
1160 4425 1284 4463 cum
1319 4426 1544 4477 corpore
1585 4414 1801 4480 quando
1842 4414 2218 4480 baptizabatur
2270 4425 2319 4469 et

2444 1950 2658 2021 Ὥσπερ
2688 1950 2796 2021 γὰρ
2824 1952 2852 2003 ό
2879 1949 3158 2019 ὀφθαλμὸς
3184 1948 3277 2001 τοῦ
3310 1947 3588 2018 σώματος,
3621 1947 3771 2009 ὅπως
3805 1946 3873 2000 ἂν
3902 1948 4021 2017 ἔχῃ,

2438 2042 2581 2095 οὕτω
2616 2044 2709 2096 καὶ
2737 2046 2796 2095 τὸ
2839 2041 3000 2111 σῶμα
3032 2043 3195 2104 ποιεῖ,
3227 2042 3276 2094 εί
3305 2041 3404 2110 μὲν
3432 2040 3695 2108 φωτεινὸς
3724 2039 3836 2108 εἴη,
3872 2038 4024 2091 ἔσται

2441 2133 2533 2183 καὶ
2560 2133 2620 2185 τὸ
2648 2133 2810 2201 σῶμα
2845 2134 2901 2185 ὲν
2924 2132 3095 2201 φωτί·
3126 2134 3174 2184 εί
3204 2131 3261 2185 δὲ
3288 2130 3585 2193 σκοτεινὸς,
3615 2130 3770 2182 ἔσται
3804 2130 4025 2182 κάκεῖνο

2441 2223 2496 2275 ἐν
2524 2223 2725 2278 σκότει.
2756 2222 2860 2275 Τὸν
2909 2222 3071 2275 αὑτὸν
3101 2221 3302 2291 τρόπον
3328 2220 3424 2274 καὶ
3450 2220 3528 2289 τῷ
3560 2218 3641 2273 νοῒ
3668 2221 3700 2290 ή
3724 2220 3875 2288 ψυχὴ
3904 2237 4024 2271 ουν-

2438 2314 2755 2367 διατίθεται.
2796 2314 2907 2367 Καὶ
2962 2313 3021 2365 ὃν
3070 2311 3263 2365 ἐλαϐεν
3307 2314 3372 2364 ὲκ
3420 2312 3559 2365 Θεοῦ
3615 2311 3902 2381 ὀφθαλμὸν
3932 2310 4034 2363 καὶ.Δ

2440 2406 2574 2472 φῶς,
2606 2403 2797 2457 τοῦτον
2824 2406 2872 2457 εἰ
2902 2404 3054 2474 εῦροι
3078 2404 3459 2475 σκοτιζόμενον
3487 2404 3519 2473 ἢ
3557 2404 3662 2457 ὑπὸ
3694 2403 4021 2472 βασκανίας,

2438 2496 2469 2565 ἢ
2506 2496 2960 2567 φιλοχρηματίας,
3000 2498 3093 2548 καὶ
3123 2494 3309 2559 ἁπλῶς
3336 2497 3509 2548 εἰπεῖν
3548 2494 3855 2563 φιλοῦλίας,
3900 2510 4022 2546 σκο-

2437 2590 2642 2653 τίζεται
2677 2590 2769 2641 καὶ
2801 2588 2967 2657 αὐτή.

2514 2699 2531 2730 ι
2580 2681 2669 2733 Ἐν
2700 2680 2761 2736 δὲ,
2789 2678 2865 2750 τῷ
2899 2680 3153 2750 λαλῆσαι,
3177 2679 3370 2751 ἠρώτα
3398 2679 3561 2733 αὑτὸν
3584 2679 3885 2749 Φαρισαῖός
3916 2695 4021 2741 τις,

2439 2776 2583 2837 ὅπως
2613 2776 2884 2845 ἀριστήσῃ
2917 2772 3047 2843 παρ’
3083 2772 3250 2842 αὐτῷ·
3284 2771 3540 2825 εἰσελθὼν
3563 2772 3619 2824 δὲ
3639 2773 3931 2824 ἀνέπεσεν.
3967 2770 4024 2823 ’0

2439 2866 2495 2918 δὲ
2533 2868 2823 2935 Φαρισαῖος
2864 2864 2985 2923 iac.”
3024 2866 3357 2935 ἐθαύμασεν,
3390 2866 3472 2919 ὅτι
3528 2866 3590 2917 οὐ
3634 2864 3852 2935 πρῶτον
3893 2863 4023 2915 ἰδα-

2439 2956 2636 3025 πτίσθη
2680 2956 2784 3024 ττρῦ
2822 2954 2917 3007 τοῦ
2971 2956 3219 3025 ἀρίστου.
3256 2952 3392 3008 Eine
3451 2954 3510 3007 δὲ
3549 2956 3577 3007 ό
3628 2954 3833 3024 Κύριος
3886 2954 4024 3024 προς

2440 3047 2600 3100 αὐτόν
2623 3063 2637 3077 ο
2663 3047 2776 3099 Νῦν
2821 3048 2977 3117 ὑμεῖς
3004 3050 3053 3100 oi
3080 3048 3367 3118 Φαρισαῖοι
3403 3047 3463 3099 τὸ
3496 3044 3694 3109 ἔξωθεν
3725 3045 3821 3097 τοῦ
3858 3061 4025 3113 ποτη-

2441 3138 2555 3205 ρίου
2584 3139 2678 3192 καὶ
2705 3138 2799 3190 τοῦ
2824 3139 3054 3202 πίνακος
3076 3137 3426 3208 καθαρίζετε,
3460 3136 3520 3189 τὺ
3548 3136 3605 3189 δὲ
3632 3133 3840 3189 ἔσωθεν
3870 3135 4024 3204 ὑμῶν

2438 3230 2599 3299 γέμει
2630 3229 2885 3300 ἁρπαγῆς
2918 3231 3013 3283 καὶ
3045 3232 3308 3301 πονηρίας
3329 3245 3344 3263 ο
3380 3230 3635 3299 ἄφρονες,
3671 3228 3769 3298 οὐχ
3801 3229 3829 3278 ὁ
3866 3230 4026 3295 ποιή-

2436 3336 2536 3381 σας
2579 3321 2639 3372 τὸ
2686 3321 2908 3386 ἔξωθεν,
2949 3323 3044 3375 καὶ
3091 3321 3153 3375 τὸ
3202 3321 3406 3375 ἔσωθεν
3436 3323 3729 3391 ἐποίησενς
3773 3320 3923 3389 Πλὴν
3958 3319 4025 3371 τὰ

2430 3413 2618 3463 ἐνόντα
2667 3412 2786 3464 δότε
2820 3412 3215 3483 ἐλεημοσύνην,
3259 3414 3353 3465 καὶ
3406 3414 3517 3467 ίδοὺ
3572 3413 3749 3466 πάντα
3801 3412 4025 3479 καθαρά

2435 3502 2564 3571 ύμῖν
2594 3504 2762 3555 ἐστιν.
2822 3524 2840 3555 ι
2876 3505 3030 3575 ’ᾚδει
3064 3504 3164 3573 μὲν
3196 3506 3293 3574 τὴν
3326 3506 3434 3558 τῶν
3482 3506 3796 3573 Φαρισαίων
3836 3509 4025 3557 σκαιό·

2425 3606 2562 3657 τητα
2610 3592 2637 3641 ὁ
2676 3590 2901 3657 Κύριος,
2939 3591 3053 3644 ἀλλ’
3108 3594 3260 3662 ὅμως
3317 3597 3668 3648 συνεστιᾶται
3720 3598 3906 3659 αὐτοῖς
3956 3597 4007 3649 δι

2430 3678 2562 3731 αὐτὸ
2588 3678 2764 3745 τοῦτο,
2791 3680 2873 3731 ὅτι
2898 3676 3304 3750 πονηροὶῆσαν,
3343 3682 3436 3735 καὶ
3478 3682 3820 3752 διορθώσεως
3864 3683 4024 3756 ἔχρῃ-

2430 3774 2540 3835 ζον.
2579 3772 2676 3825 Διά
2710 3772 2869 3826 τοῦτο
2899 3773 3005 3843 γάρ
3051 3790 3135 3825 τοι
3169 3774 3461 3839 συνεσθίει,
3512 3774 3589 3836 ὡς
3642 3774 3708 3827 ἂν
3751 3774 4023 3845 δράξηται

2428 3864 2707 3931 ἀφορμῆς,
2734 3865 2828 3916 καὶ
2860 3864 3124 3934 βελτιώσῃ
3164 3866 3232 3917 τὰ
3281 3866 3386 3936 ἢθη
3437 3867 3641 3920 αὐτῶν.
3680 3866 3893 3936 Ὠςπερ
3928 3864 4022 3917 οὗ)

2431 3954 2521 4005 καὶ
2548 3953 2642 4005 νῦν
2684 3956 2742 4005 τὸ
2775 3955 3002 4024 ἀνόητον
3038 3955 3217 4009 αὐτῶν
3268 3956 3388 4021 ἔθος
3438 3956 3833 4019 ἐπισκώπτων,
3875 3958 4021 4025 φημὶ

2425 4044 2489 4111 δὴ
2512 4046 2574 4097 τὸ
2601 4045 2706 4115 πρὸ
2732 4045 2823 4098 τοῦ
2855 4050 3052 4114 φαγεῖν
3074 4049 3469 4119 καθαρίζεσθαι
3503 4051 3724 4113 αὐτοὺς,
3749 4049 4018 4114 διδάσκει,

2424 4137 2504 4187 ὅτι
2544 4137 2623 4189 δεῖ
2653 4138 2752 4205 τὴν
2795 4137 2974 4207 ψυχὴν
3028 4140 3368 4210 κεκαθάρθαι
3419 4141 3486 4193 δι’
3536 4139 3715 4210 ἔργων
3771 4142 4017 4210 ἀγαθῶν,

2423 4225 2497 4287 ώς
2528 4227 2653 4294 τόγε
2686 4228 2972 4281 νίπτεσθαι
3007 4228 3075 4281 δι’
3107 4229 3322 4295 ὓδατος,
3356 4232 3415 4282 ού
3450 4230 3653 4301 ψυχὴν,
3686 4230 3827 4284 ἀλλὰ
3859 4232 4019 4300 σῶμα

2424 4320 2695 4389 καθαίρει.
2744 4321 2971 4373 Ἐκεῖνοι
3006 4321 3115 4391 γὰρ
3145 4322 3397 4391 ἐνόμιζον
3428 4324 3478 4375 οἱ
3511 4324 3757 4391 ἀνόητοι,
3784 4325 3866 4376 ὃτι
3904 4326 4018 4392 ἅμα

2423 4411 2498 4481 τῷ
2529 4412 2744 4481 σώματι
2791 4414 2885 4465 καὶ
2923 4415 2951 4482 ἡ
3000 4414 3148 4483 ψυχὴ
3189 4415 3369 4469 αὐτῶν
3418 4414 3749 4483 καθαίρεται
3801 4414 3890 4468 διὰ
3925 4416 4015 4469 τοῦ

745 4503 1044 4567 lavabatur,
1073 4503 1233 4558 simul
1274 4505 1519 4558 etanima
1551 4514 1892 4574 purgarctur.
1924 4506 2181 4560 Dominus
2214 4509 2311 4576 igi-
2344 4528 2393 4586 υ
2423 4553 2426 4571 Α

2344 4505 2780 4586 υβαπτίζεσθαι
2844 4508 2936 4559 καὶ
2994 4507 3279 4560 νίπτεσθαι
3350 4510 3411 4561 τδ
3477 4507 3661 4576 σῶμα.
3718 4508 3781 4563 Ὀ
3837 4511 4016 4562 τοίνυν

748 4607 832 4649 tur
877 4596 1105 4665 pulchro
1147 4596 1333 4649 calicis
1381 4597 1625 4661 exemplo
1682 4613 1810 4651 usus
1861 4608 1963 4651 est.
1993 4598 2129 4662 Quia
2175 4601 2316 4653 enim

747 4695 954 4757 tempus
1002 4696 1119 4740 erat
1169 4701 1391 4751 mensas,
1436 4686 1619 4740 calicis
1666 4699 1718 4740 et
1755 4689 1917 4742 catiui
1958 4692 2220 4753 meminit,
2253 4692 2320 4745 ab

744 4778 829 4831 his
857 4792 975 4846 qua:
1004 4776 1071 4829 ob
1098 4776 1285 4829 oculos
1318 4777 1419 4829 sita
1449 4786 1627 4840 erant,
1668 4778 2033 4831 testiinonium
2062 4778 2316 4845 aﬂerens,

741 4878 795 4921 et
836 4866 1171 4935 persuadens
1204 4864 1495 4921 Pharisaais
1540 4868 1681 4934 quod
1712 4867 1850 4919 sicut
1905 4868 2049 4920 nulla
2100 4868 2316 4936 quidem

741 4961 945 5013 utilitas
963 4970 1045 5013 est
1070 4960 1414 5011 extrinsecus
1444 4958 1697 5011 mundum
1724 4973 1843 5013 esse
1861 4959 2019 5029 361
2046 4959 2314 5028 poculum,

742 5053 1066 5106 intrinsecus
1098 5060 1277 5103 autem
1312 5050 1589 5119 impletum
1633 5064 1757 5104 esse
1785 5052 2040 5105 sordibus
2072 5068 2085 5105 :
2116 5052 2194 5106 sic
2224 5068 2318 5106 ne-

739 5159 844 5212 que
874 5146 917 5197 si
947 5158 1142 5212 corpus
1178 5144 1501 5211 baptizetur,
1540 5144 1721 5195 anima
1776 5153 1951 5198 autem
1984 5146 2127 5197 omni
2160 5145 2313 5214 plena

735 5237 809 5292 sit
843 5237 1204 5299 immunditia,
1240 5246 1419 5305 utpote
1452 5237 1637 5303 rapina
1675 5244 1727 5289 et
1757 5238 1981 5291 malitia.
2017 5238 2315 5293 lnsinuavit

734 5342 912 5384 autem
966 5328 1103 5383 duas
1154 5328 1466 5385 allectiones
1518 5331 1713 5397 quibus
1758 5329 2076 5383 laborabant
2118 5329 2310 5397 Jutlei,

733 5423 1017 5475 avaritiam
1050 5435 1149 5490 per
1179 5421 1454 5488 rapinam,
1502 5421 1757 5474 invidiam
1811 5432 1988 5476 autem
2020 5434 2072 5477 et
2099 5440 2219 5493 quae
2246 5439 2311 5478 ex

734 5514 931 5568 invidia
957 5515 1300 5585 proveniunt,
1331 5529 1425 5582 per
1467 5516 1750 5569 malitiam.
1792 5514 1943 5569 Nulla
1973 5518 2135 5587 igitur
2166 5518 2312 5571 utili-

736 5617 815 5661 tas
844 5620 924 5660 cst
950 5610 1163 5675 quando
1209 5608 1288 5662 sic
1325 5608 1488 5660 habet
1515 5611 1715 5665 anima.
1761 5608 1947 5675 Stulti,
2006 5624 2184 5665 nonne
2216 5611 2305 5679 qui

731 5701 855 5756 fecit
882 5718 1098 5774 corpus,
1127 5704 1267 5771 quod
1306 5704 1473 5757 multa
1518 5720 1645 5757 cura
1695 5706 1958 5776 dignaris,
1996 5706 2155 5759 etiam
2188 5706 2307 5757 ani-

733 5809 875 5849 mam
920 5795 1082 5852 fecit?
1116 5794 1330 5854 Debetis
1362 5797 1528 5867 igitur
1556 5806 1609 5852 et
1640 5798 1781 5853 illam
1815 5813 2066 5870 purgare.
2109 5799 2307 5855 Deinde

2422 4598 2623 4665 Κύριος
2656 4596 2899 4667 χαρίεντι
2927 4598 3342 4667 παραδείγματι
3375 4600 3644 4670 κέχρηται
3668 4600 3747 4670 τῷ
3780 4600 3876 4655 τοῦ
3922 4618 4015 4653 πο-

2420 4688 2629 4758 τηρίου.
2668 4689 2818 4741 Ἐπεὶ
2846 4690 2953 4758 γὰρ
2987 4691 3176 4759 καιρὸς
3197 4685 3265 4760 ἦν
3292 4691 3598 4762 τραπέζης,
3629 4692 3900 4762 ποτηρίου
3923 4693 4014 4745 καὶ

2420 4781 2644 4844 πίνακος
2673 4780 3021 4849 μνημονεύει,
3052 4782 3159 4836 ἀπὸ
3187 4783 3297 4837 τῶν
3329 4784 3387 4834 ὲν
3415 4784 3535 4853 ὕψει
3562 4786 3840 4854 κειμένων
3872 4804 4007 4857 μαρ-

2425 4872 2610 4941 τυρίαν
2642 4873 2929 4939 παράγων,
2968 4874 3061 4927 καὶ
3098 4876 3420 4942 συμπείθων
3450 4876 3544 4929 τὸν
3580 4878 3907 4946 Φαρισαῖον,
3932 4882 4009 4934 ὅτι

2419 4962 2609 5032 ὥσπερ
2663 4965 2818 5016 οὐδὲν
2861 4965 3054 5033 ὄφελος
3101 4965 3302 5029 ἔξωθεν
3352 4968 3450 5037 μὲν
3494 4970 3738 5039 καθαρὸν
3782 4966 3926 5024 εἶναι
3953 4973 4009 5024 τὸ

2422 5058 2701 5127 ποτήριον,
2754 5059 2959 5111 ἔσωθεν
2994 5059 3050 5110 δὲ
3100 5060 3272 5129 ῥύπου
3315 5063 3515 5125 παντὸς
3549 5064 4005 5135 πεπληρωμένον,

2418 5150 2587 5214 οὕτως
2617 5151 2737 5204 οὐδὲ
2774 5151 3023 5220 σώματος
3060 5152 3488 5223 βατπιζομένου,
3514 5156 3694 5225 ψυχῆς
3718 5158 3776 5210 δὲ
3809 5160 4007 5229 γεμού-

2420 5259 2515 5312 σης
2550 5243 2726 5312 πάσης
2759 5244 3119 5313 ἀκαθαρσίας,
3156 5241 3265 5299 οἷον
3291 5249 3550 5317 ἁρπαγῆς
3580 5250 3676 5301 καὶ
3711 5256 4000 5320 πονηρίας.

2428 5333 2675 5405 ᾟνίξατο
2707 5336 2763 5388 δὲ
2794 5336 2859 5387 τὰ
2887 5336 2979 5392 δύο
3004 5337 3147 5407 πάθη
3180 5339 3247 5391 τὰ
3281 5339 3691 5409 ἐπικρατοῦντα
3728 5342 3837 5394 τῶν
3877 5344 3999 5395 Ἰου-

2415 5428 2597 5481 δαίων.
2650 5427 2964 5492 πλεονεξίαν
3002 5429 3091 5481 διά
3124 5430 3223 5497 τῆς
3256 5430 3536 5501 ἁρπαγῆς,
3571 5432 3769 5499 φθόνον
3819 5436 3873 5488 δὲ
3909 5436 3995 5486 καὶ

2414 5520 2479 5572 τὰ
2522 5523 2584 5572 ἐκ
2616 5521 2812 5591 φθόνου
2859 5520 2945 5573 διὰ
2985 5523 3083 5590 τῆς
3133 5524 3416 5593 πονηρίας.
3457 5525 3626 5577 Οὐδὲν
3660 5525 3754 5579 οὖν
3787 5526 3991 5593 ὄφελος,

2414 5612 2540 5666 ὃταν
2572 5613 2743 5675 οὕτως
2771 5613 2870 5685 ἔχῃ
2898 5616 2929 5683 ἡ
2956 5614 3121 5685 ψυχή.
3160 5615 3454 5687 Ἀφρονες,
3487 5618 3585 5687 οὑχ
3616 5620 3642 5669 ό
3679 5622 3913 5687 ποιήσας
3941 5619 3992 5670 τὸ

2416 5708 2597 5777 σῶμα,
2627 5706 2657 5759 ὃ
2696 5707 2896 5777 πολλῆς
2941 5710 3262 5778 ἐπιμελείας
3310 5711 3503 5777 ἀξιοῖς,
3555 5713 3650 5763 καὶ
3687 5713 3787 5781 τὴν
3818 5713 3991 5781 ψυχὴν

2415 5801 2706 5873 εποίησεν,
2751 5801 3022 5872 ὐφείλετε
3042 5802 3135 5858 οὖν
3169 5804 3261 5860 καὶ
3292 5804 3497 5877 ταύτην
3529 5803 3836 5875 καθαίρειν.
3866 5799 3988 5858 Εἶτα
