4256 6432
252 397 367 462 869

997 393 1446 458 ENARRATIO
1484 394 1572 458 IN
1609 391 2117 456 EVANGELIUM
2167 394 2383 457 LUCIE
2435 419 2505 431 -
2538 394 2702 457 CAP.
2743 395 2852 456 X1.

3447 396 3574 463 «670

257 509 505 564 διδάσκει
535 507 758 572 αὐτοὺς,
796 506 916 571 πῶς
962 508 1326 580 καθαρίζεται
1368 507 1433 561 τδ
1463 507 1594 563 ισω.
1634 506 1735 562 Διά
1762 506 1851 576 τῆς

1967 506 2128 564 docet
2153 522 2252 563 eos
2296 506 2569 578 quomodo
2595 507 2942 578 purgandum
2986 506 3058 564 sit
3101 508 3247 579 quod
3296 509 3569 568 interius:

260 602 655 673 ιλεημοσύνης,
682 600 870 672 φησίν.
903 600 1048 672 Ὅρα
1073 601 1132 654 δέ
1180 617 1274 671 μοι
1307 599 1426 664 πῶς
1467 600 1538 653 τά
1573 599 1671 654 δύο
1709 597 1856 669 πάθη

259 695 445 749 αὐτῶν
472 692 790 764 θεραπεύει,
824 693 919 746 τὸν
953 691 1151 762 φθόνον
1186 691 1354 760 λέγω,
1406 691 1509 746 καὶ
1535 690 1640 761 τὴν
1676 691 1860 762 ἁρπα-

257 783 387 855 γὴν,
433 784 522 838 διὰ
568 781 664 838 τοῦ
697 781 1002 839 ὑποϐισθαι
1046 787 1151 856 τήν
1197 781 1595 854 ιλεημοσύνην.
1642 781 1704 837 '0
1750 781 1859 854 γάρ

260 875 430 930 ιλεῶν
474 873 716 945 ἀληθῶς,
741 874 843 947 οὐχ
871 876 1115 948 ἀρπάσει
1148 873 1222 928 τά
1250 874 1345 928 τοῦ
1390 873 1719 944 δλεουμένου
1754 873 1856 945 (ι),

260 969 324 1022 οὐ
358 968 616 1038 φθονήσει
643 966 721 1038 τῷ
753 953 1083 1040 ελεουμίνιρ.
1132 966 1291 1021 Ἐπεὶ
1315 966 1502 1021 τοίνυν
1523 966 1620 1020 δύο
1645 965 1860 1031 τούτοις

258 1054 410 1125 πάθη
443 1052 710 1121 ὠνείδισε,
743 1055 812 1109 δι’
840 1055 960 1120 ἑνὸς
984 1057 1286 1127 φαρμάκου
1310 1055 1486 1110 ταῦτα
1507 1055 1858 1128 ἐκμοχλεὺει,

259 1146 804 1219 τῆςιιλεημοσὺνης,
836 1137 1200 1219 ήτιςίπρὼτη
1254 1146 1398 1219 θύρα
1450 1148 1552 1218 τῆς
1600 1147 1854 1201 θεοποιοῦ

257 1238 523 1309 ἀγάπηςο
573 1238 799 1309 ἀγάπης
846 1239 904 1292 δι
963 1240 1248 1311 παρούσης
1295 1239 1400 1294 ποῦ
1431 1240 1719 1306 πλεονεξία
1763 1242 1858 1296 καὶ

259 1330 489 1399 φθόνοςς
508 1331 591 1384 Τά
611 1333 804 1386 ενόντα
824 1332 940 1396 οὖν,
963 1333 1235 1401 τουτέστι,
1254 1333 1325 1388 τὰ
1354 1334 1669 1404 ὑπάρχοντα
1693 1335 1824 1404 ὑμῖν
1841 1351 1856 1364 ο

260 1423 445 1487 καλῶς
475 1421 532 1479 δι
556 1420 680 1478 εἷπε
709 1424 781 1478 τά
813 1426 1026 1492 ἀνόντα,
1067 1428 1162 1480 καὶ
1196 1427 1297 1480 οὑκ
1328 1424 1509 1494 εἶπεν,
1538 1427 1692 1494 δντα,
1722 1429 1858 1482 διότι

253 1515 328 1568 τά
356 1514 616 1586 χρήματα
643 1514 841 1570 ενεισιν
874 1518 932 1569 ἐν
967 1519 1034 1588 τῇ
1061 1517 1263 1589 καρδίᾳ
1291 1515 1388 1570 τοῦ
1411 1516 1856 1588 φιλοχρημάτου,

256 1606 356 1660 καὶ
374 1605 715 1678 ἆγδιάθηνται
737 1608 900 1678 αὐτῇ,
929 1607 1011 1661 διδ
1039 1607 1134 1662 καὶ
1168 1607 1518 1678 Δαυῖδ,φησι,
1583 1609 1659 1680 μὴ
1686 1626 1857 1680 προσ-

254 1696 506 1752 τίθεσθαι
565 1696 667 1771 τὴν
725 1699 957 1771 καρδίαν
1012 1699 1093 1769 τῷ
1147 1699 1388 1770 πλούτῳ,
1449 1699 1724 1766 τουτέστι,
1779 1699 1856 1770 μὴ

257 1791 566 1862 προσηλοῦν
598 1792 772 1866 αὐτὴν
806 1794 905 1846 καὶ
935 1792 1280 1863 συνδεσμεῖν.

1965 593 2077 652 Per
2096 597 2530 669 eleemosyuam,
2560 599 2755 668 inquit.
2780 599 2919 655 Vide
2941 607 3128 654 autem
3147 604 3421 671 quomodo
3437 602 3574 659 duas

1965 688 2186 745 illorum
2213 688 2535 746 adeelioncs
2564 702 2743 756 sanet,
2765 690 3030 746 invidiam
3061 690 3188 747 dico
3208 701 3263 746 et
3293 695 3570 763 rapinam,

1963 793 2062 850 per
2086 778 2191 835 hoc
2221 781 2367 850 quod
2410 781 2633 851 subjicit
2663 782 3096 852 eleemosynam.
3127 780 3267 837 Nam
3307 785 3401 854 qui
3442 800 3574 842 vere

1962 871 2276 937 miseretur,
2331 886 2442 925 non
2482 869 2657 942 rapiet
2702 872 2821 942 ejus
2857 872 2996 928 bona
3046 872 3206 943 cujus
3253 875 3571 940 miseretur,

1963 975 2140 1030 neque
2164 960 2240 1025 illi
2271 960 2556 1017 invidebit.
2583 961 2648 1016 Et
2675 963 2802 1031 quia
2835 963 2976 1018 duos
3012 964 3235 1019 morbos
3264 965 3346 1020 eis
3376 979 3572 1035 expro-

1959 1053 2162 1118 bravit,
2200 1068 2310 1107 uno
2358 1053 2601 1109 remedio
2644 1053 3031 1132 eleemosynas
3057 1066 3354 1126 utrumque
3386 1067 3568 1124 sanat,

1962 1159 2084 1214 qua:
2114 1139 2290 1213 prima
2324 1153 2410 1199 est
2433 1134 2604 1214 janua
2657 1143 2968 1200 deiﬁcantis
2999 1144 3311 1199 charitatis.
3337 1144 3393 1199 Si
3418 1147 3570 1200 enim

1961 1239 2177 1295 all'uerit
2204 1240 2450 1306 dilectio,
2485 1240 2576 1296 ubi
2611 1239 2852 1294 manebit
2877 1240 3109 1294 avaritia
3143 1248 3198 1294 et
3227 1238 3470 1292 invidia?
3498 1237 3572 1292 Ea

1959 1331 2129 1402 igitur
2154 1345 2277 1398 quae
2306 1331 2512 1394 insunt,
2541 1330 2646 1384 hoc
2693 1339 2799 1390 est,
2835 1328 3130 1384 facultates
3157 1339 3377 1392 vestrm.
3427 1327 3572 1382 Bene

1960 1421 2119 1487 dixit,
2149 1437 2212 1476 ea
2239 1437 2363 1491 qua:
2389 1421 2604 1488 insunt,
2627 1432 2684 1476 et
2719 1438 2828 1478 non
2858 1423 3021 1486 dixit,
3068 1437 3131 1476 ea
3160 1435 3283 1492 quae
3311 1431 3466 1483 sunt,
3507 1436 3574 1476 eo

1959 1514 2102 1583 quod
2132 1513 2336 1568 divitia:
2363 1514 2550 1568 insunt
2578 1515 2632 1569 in
2658 1515 2824 1570 corde
2867 1515 3020 1577 avari
3069 1524 3126 1568 et
3150 1515 3368 1579 sedent
3399 1515 3450 1567 in
3482 1529 3568 1569 eo.

1958 1608 2086 1664 Ideo
2121 1617 2198 1663 et'
2226 1607 2397 1662 David
2446 1607 2580 1663 dicit
2625 1622 2737 1662 non
2785 1608 3169 1677 apponendum
3209 1621 3308 1662 cor
3341 1606 3568 1671 divitiis,

1961 1700 2066 1757 hoc
2095 1709 2203 1766 est,
2239 1715 2309 1756 ne
2333 1699 2704 1772 agglutinetur
2735 1714 2834 1755 nec
2862 1700 3174 1770 colligetur.

335 1901 354 1934 ε
397 1883 536 1937 Ἀλλ’
575 1885 700 1944 ciui
743 1885 876 1956 ὑμῖν
899 1887 1014 1949 τοῖς
1057 1884 1404 1956 Φαρισαίοις,
1451 1885 1536 1940 ὅτι
1569 1884 1849 1939 ἀποδεκα-

2031 1878 2200 1936 Vsus.
2237 1879 2432 1934 42-51.
2466 1898 2485 1931 ι
2527 1879 2634 1934 Sed
2670 1893 2752 1932 vae
2781 1878 2937 1933 vobis
2967 1875 3286 1952 Pharisaeis,
3306 1876 3448 1956 quia
3477 1875 3571 1931 de-

255 1972 415 2028 τοῢτε
440 1974 503 2028 τδ
532 1975 825 2048 ἡδύοσμον,
876 1977 972 2030 καὶ
1001 1977 1065 2032 τὸ
1091 1979 1358 2048 πήγανον,
1405 1978 1502 2033 καὶ
1526 1979 1638 2032 πᾶν
1681 1977 1852 2046 λάκα-

265 2077 370 2131 νον,
397 2066 490 2120 καὶ
521 2048 865 2139 παρέρχεσθε
895 2066 996 2139 τὴν
1022 2068 1229 2139 κρίσιν,
1253 2069 1350 2123 καὶ
1375 2069 1477 2139 τὴν
1504 2067 1729 2137 ἀγάπην
1753 2065 1849 2121 τοῦ

254 2155 418 2211 Θεοῦ*
449 2158 626 2214 ταῦτα
651 2159 758 2214 ιδει
790 2158 1036 2228 ποιῆσαι,
1070 2160 1301 2214 κάκεῖνα
1337 2159 1414 2230 μὴ
1445 2160 1689 2229 ἀφιέναι.
1714 2159 1852 2213 Οὐαὶ

257 2247 392 2317 ῦμῖν
419 2252 533 2314 τοῖς
568 2252 908 2322 Φαρισαίοις,
942 2252 1028 2306 δτι
1056 2252 1313 2322 ἀγαπᾶτε
1355 2253 1456 2322 τὴν
1499 2253 1853 2324 πρωτοκαθε-

258 2338 420 2411 δρίαν
455 2343 514 2396 tv
550 2346 672 2408 ταῖς
706 2345 1076 2429 συναγωγαῖς,
1118 2344 1214 2398 καὶ
1254 2345 1382 2408 τοὺς
1418 2346 1748 2416 ἀσπασμοὺς
1793 2347 1852 2400 ὲν

252 2436 374 2496 ταῖς
409 2436 660 2506 ἀγοραῖς.
691 2437 826 2492 Otia!
853 2438 1007 2508 ὑμῖν,
1057 2438 1415 2508 Γραμματείς
1447 2439 1542 2492 καὶ
1563 2441 1852 2510 Φαρισαῖοι

253 2523 571 2596 ὑποκριταὶ,
606 2528 688 2582 ὅτι
720 2530 842 2582 ἐστὲ
877 2529 955 2594 ῶς
984 2528 1053 2583 τὰ
1079 2531 1323 2600 μνημεῖα
1353 2530 1424 2584 τά
1447 2530 1644 2600 άδηλα,
1681 2531 1778 2584 καὶ
1800 2532 1850 2584 οἱ

252 2613 536 2685 ἀνθρωττοι
573 2619 1007 2689 περιπατοῦντες
1038 2618 1230 2674 ἀπάνω
1255 2621 1357 2675 οῦκ
1409 2622 1638 2676 οῖδασιν.
1689 2623 1851 2676 Ἀπο-

251 2704 469 2776 κριθεὶς
496 2706 553 2759 δέ
585 2723 667 2770 τις
695 2706 803 2761 τῶν
828 2709 1095 2779 νομικῶν,
1129 2710 1281 2779 λέγει
1308 2711 1458 2782 αὐτῷ
1479 2730 1494 2744 ο
1525 2713 1850 2782 Διδάσκαλε,

251 2793 426 2849 ταῦτα
485 2796 658 2865 λέγων
713 2799 808 2853 καὶ
864 2801 1012 2870 ἡμᾶς
1046 2801 1309 2872 ὑϐρίζεις.
1355 2803 1414 2857 '0
1445 2804 1503 2858 δὲ
1527 2800 1688 2859 εἷπε·
1737 2807 1851 2861 Καὶ

252 2887 386 2957 ὑμῖν
424 2891 536 2952 τοῖς
569 2893 814 2960 νομικοῖς
846 2893 991 2972 οὐαὶ,
1031 2893 1115 2947 ὅτι
1146 2895 1436 2966 φορτίζετε
1461 2900 1593 2962 τοὺς
1640 2899 1854 2970 ἀνθρώ-

254 2994 393 3043 πους
436 2982 633 3051 φορτία
662 2981 1068 3048 δυσϐάστακτα,
1104 2987 1198 3038 καὶ
1223 2986 1380 3039 αὐτοὶ
1406 2987 1486 3041 ἑνὶ
1515 2988 1623 3041 τῶν
1646 2989 1850 3043 δακτύ-

253 3067 365 3122 λων
395 3070 550 3141 ὑμῶν
591 3073 654 3126 οὐ
685 3074 1031 3146 προσψαύετε
1070 3079 1182 3141 τοῖς
1214 3079 1479 3148 φορτίοις.
1526 3081 1666 3136 (ιῦαὶ
1698 3084 1849 3153 ὑμῖν,

253 3162 340 3217 δτι
368 3164 725 3237 -οίκοδομεῖτε
759 3169 829 3223 τὰ
873 3173 1116 3241 μνημεῖα
1168 3172 1278 3225 τῶν
1331 3174 1654 3246 προφητῶν,
1699 3177 1752 3229 oi
1794 3177 1851 3231 δὲ

255 3257 496 3327 πατέρες
518 3259 676 3330 ὑμῶν
720 3262 1048 3318 ἀπέκτειναν
1079 3265 1302 3336 αὐτούςτ
1345 3267 1454 3339 ἀρα
1493 3271 1848 3339 μαρτυρεῖτε,

236 3349 347 3404 ’καὶ
374 3352 746 3408 συνευδοκεῖτε
772 3357 886 3420 τοῖς
913 3355 1096 3427 ἔργοις
1121 3359 1233 3412 τῶν
1257 3361 1514 3431 πατέρων
1549 3361 1578 3414 ὑ
1587 3363 1728 3433 μῶν,
1764 3364 1848 3418 ὅτι

252 3441 412 3494 αὐτοὶ
448 3442 550 3513 μὶν
581 3445 916 3501 ἀπέκτειναν
963 3449 1187 3515 αὐτοὺς,
1233 3452 1394 3521 ὑμεῖς
1426 3453 1484 3505 δὲ
1515 3453 1849 3525 οἰκοδομεῖτε

249 3533 434 3587 αὐτῶν
462 3536 528 3589 τὰ
570 3541 832 3609 μνημεῖα.
867 3540 965 3593 Διά
995 3540 1158 3595 τοῦτο
1185 3543 1332 3613 καὶὴ
1369 3545 1534 3612 σοφία
1577 3545 1670 3598 τοῦ
1712 3547 1848 3600 Θεοῦ

252 3619 434 3677 εἶπεν·
477 3626 792 3682 Ἀποστελῶ
826 3633 905 3695 είς
931 3632 1130 3696 αὐτοὺς
1158 3636 1442 3706 προφήτας
1485 3637 1579 3690 καὶ
1611 3638 1850 3692 ἀποστό-

250 3718 397 3786 λους,
433 3719 530 3774 καὶ
573 3721 632 3788 ἐξ
665 3722 847 3777 αὐτῶν
883 3725 1251 3779 ἀποκτενοῦσι
1287 3727 1382 3780 καὶ
1411 3727 1722 3796 διώξουσιν,
1759 3730 1849 3785 ῖνα

249 3809 529 3882 ἐκζητηθῇ
558 3811 620 3864 τὸ
652 3805 794 3883 αἷμα
829 3816 1050 3869 πάντων
1071 3816 1181 3870 τῶν
1212 3819 1536 3889 προφητῶν,
1583 3821 1644 3874 τὸ
1687 3825 1852 3893 ἐκχυ-

246 3904 478 3972 ¹διίμενον
505 3902 616 3957 ἀπὸ
647 3907 957 3975 καταδολῆς
986 3907 1196 3979 κόσμου
1228 3911 1338 3963 ἀπὸ
1361 3911 1462 3981 τῆς
1489 3915 1689 3980 γενεᾶς
1717 3914 1850 3968 ταύ-

247 4009 370 4060 της,
399 3993 508 4048 ἀπὸ
530 3995 626 4048 τοῦ
661 3995 895 4066 αἵματος
923 3998 1089 4052 Ἀϐε).
1119 4000 1226 4064 ἕως
1262 4001 1356 4054 τοῦ
1405 4005 1642 4073 αἵματος
1670 4009 1854 4077 Ζαχα-

249 4084 393 4156 ρίου,
424 4084 519 4140 τοῦ
568 4088 914 4159 ἀπολομένου
965 4092 1170 4160 μεταξὺ
1207 4095 1303 4147 τοῦ
1333 4095 1727 4169 θυσιαστηρίου
1759 4104 1852 4155 καὶ

245 4177 346 4232 τοῦ
383 4176 557 4234 οἴκου.
590 4181 702 4236 Ναὶ
741 4183 888 4251 λέγω
935 4184 1086 4254 ὑμῖν,
1124 4187 1566 4261 ἐκζητηθήσεται
1613 4193 1722 4247 ἀπὸ
1753 4197 1850 4264 τῆς

246 4273 442 4340 γενεᾶς
473 4271 701 4346 ταύτης.
741 4294 760 4327 ι
803 4277 866 4329 Oi
892 4277 1177 4348 Φαρισαῖοι
1208 4281 1294 4334 ἵνα
1321 4281 1398 4352 μὴ
1427 4284 1722 4354 παραδῶσι
1752 4286 1845 4357 5i}-

246 4363 343 4417 θεν
378 4365 471 4419 τδν
498 4367 688 4438 νόμον,
732 4367 1106 4423 ἀπεδεκάτουν
1153 4373 1247 4426 καὶ
1281 4373 1350 4427 τὰ
1397 4375 1680 4446 ἐλάχιστα,
1714 4380 1762 4430 εἰ
1791 4379 1850 4432 δέ

241 4471 333 4520 τις
376 4457 562 4521 αὐτοῖς
608 4459 904 4530 ἐμέμψατο
954 4462 1120 4532 τυχὸν
1174 4462 1252 4527 ὡς
1301 4468 1847 4537 μικρολογουμένοις,

1955 1972 2173 2028 cimatis
2211 1981 2453 2026 mentam
2490 1981 2546 2028 et
2575 1982 2780 2034 rutam,
2811 1979 2868 2025 et
2900 1969 3135 2039 quodvis
3173 1952 3316 2028 olus:
3347 1977 3404 2024 et
3431 1984 3574 2040 prae-

1955 2059 2419 2131 teritisjudicium
2462 2061 2860 2117 etcharitatem
2891 2059 3021 2115 Dei:
3049 2061 3156 2115 imo
3180 2060 3296 2116 haec
3329 2061 3573 2130 oportuit

1957 2153 2163 2222 facere,
2215 2163 2270 2209 et
2303 2153 2395 2208 illa
2446 2168 2552 2209 non
2593 2154 2872 2209 omittere.
2923 2152 3018 2209 νω
3059 2153 3212 2208 vobis
3248 2153 3568 2220 Pltarisrels,

1955 2248 2082 2317 quia
2116 2247 2346 2318 diligitis
2373 2247 2580 2318 primas
2618 2247 2912 2302 cathedras
2946 2245 3001 2300 in
3039 2247 3358 2318 synagogis,
3385 2258 3440 2303 et
3475 2262 3570 2304 se-

1963 2339 2263 2396 lutationcs
2300 2340 2352 2392 in
2399 2338 2542 2395 foro.
2576 2338 2670 2394 Va:
2720 2338 2895 2402 vobis,
2943 2337 3154 2412 scribze
3201 2350 3258 2393 et
3305 2338 3568 2395 Pharisaei

1956 2431 2278 2503 hypocrita,
2315 2432 2443 2502 quia
2471 2432 2605 2488 estis
2627 2440 2686 2484 ut
2720 2439 3075 2484 monumenta
3108 2445 3229 2500 qum
3259 2445 3366 2485 non
3399 2445 3566 2502 appa-

1957 2537 2111 2594 rent,
2160 2537 2213 2582 et
2261 2527 2511 2583 homines
2541 2526 2886 2582 ambulantes
2959 2539 3128 2594 super
3157 2525 3430 2580 nesciunt.
3462 2521 3572 2581 Rc-

1961 2621 2237 2687 spondcns
2288 2629 2466 2674 autem
2516 2618 2740 2688 quidam
2800 2632 2866 2672 ex
2902 2617 3265 2689 legisperitis,
3299 2620 3373 2671 ait
3427 2617 3504 2671 illi
3553 2635 3569 2674 :

1958 2711 2239 2782 Hagister,
2287 2711 2401 2766 lucc
2435 2711 2625 2767 dicens
2667 2712 2833 2766 etiam
2871 2725 2974 2766 nos
3005 2710 3178 2766 amcis
3207 2710 3567 2765 contumelia.

1957 2803 2026 2857 At
2061 2802 2150 2857 ille
2184 2804 2301 2858 ait:
2341 2802 2407 2857 Et
2452 2804 2608 2858 vobis
2654 2803 2988 2872 legiSperitis
3024 2817 3126 2867 ve,
3163 2802 3291 2872 quia
3325 2805 3574 2858 onerata

1961 2898 2210 2952 homines
2241 2899 2504 2954 oneribus
2538 2914 2658 2968 qua:
2696 2907 2918 2967 portare
2956 2913 3063 2953 non
3095 2907 3349 2973 possunt,
3382 2908 3437 2950 et
3467 2896 3570 2966 ipsi

1962 3003 2070 3042 uno
2100 2990 2268 3060 digito
2300 3001 2485 3048 vestro
2513 3007 2619 3045 non
2654 2991 2925 3063 attingitis
2955 2993 3227 3048 sarcinas.
3259 2989 3354 3046 Va:
3393 2991 3568 3052 vobis.

1959 3083 2086 3152 quia
2142 3082 2426 3139 mdiﬂcatis
2473 3093 2830 3138 monumenta
2897 3086 3290 3154 pr0pbetarum
3331 3102 3345 3140 :
3387 3094 3573 3154 patrs

1961 3188 2141 3231 autem
2194 3177 2358 3231 vestri
2416 3177 2738 3232 occiderunt
2791 3178 2935 3233 illos.
3001 3176 3256 3233 Profecto
3292 3178 3570 3234 testamini

1957 3269 2102 3338 quod
2127 3271 2496 3339 comprobatis
2531 3269 2675 3326 facta
2709 3282 2926 3340 patrum
2956 3281 3287 3338 vestrorum,
3307 3273 3568 3342 quoniam

1957 3362 2030 3416 illi
2068 3362 2288 3432 quidem
2336 3377 2431 3417 eos
2479 3363 2840 3428 occiderunt;
2897 3379 2992 3419 vos
3049 3374 3230 3420 autem
3285 3359 3571 3421 tediﬂcatis

1955 3470 2144 3508 eorum
2187 3454 2459 3522 sepulcra.
2500 3455 2798 3524 Propterea
2841 3464 2896 3511 et
2935 3459 3204 3526 sapientia
3253 3458 3345 3512 Dei
3379 3459 3566 3514 dixit:

1956 3545 2166 3600 Mittam
2201 3547 2270 3601 ad
2319 3546 2438 3603 illos
2484 3549 2780 3617 prophetas
2812 3556 2869 3603 et
2901 3551 3202 3617 apostolos,
3232 3561 3286 3604 et
3350 3567 3415 3605 ex
3463 3550 3571 3608 illis

1953 3635 2204 3690 occident
2230 3646 2283 3690 et
2307 3647 2726 3705 persequentur,
2759 3647 2816 3692 ut
2849 3639 3167 3708 requiratur
3192 3640 3418 3709 sanguis
3447 3657 3566 3695 om-

1957 3728 2102 3782 nium
2146 3728 2532 3798 prophetarum
2591 3732 2682 3798 qui
2741 3730 3043 3785 ell'unditur
3091 3747 3119 3785 a
3174 3733 3566 3788 constitutiOne

1955 3821 2142 3876 mutuli
2186 3836 2216 3874 a
2259 3823 2482 3876 natione
2543 3823 2674 3886 ista,
2718 3837 2748 3878 a
2798 3825 3070 3893 Sanguine
3109 3824 3244 3878 Abel
3294 3827 3567 3895 usquead

1953 3914 2272 3982 sanguinem
2334 3913 2650 3980 Zachariae,
2717 3907 2811 3985 qui
2871 3917 3036 3986 periit
3096 3915 3241 3972 inter
3292 3917 3464 3970 altare
3514 3927 3568 3971 et

1953 4007 2162 4074 tndem;
2201 4007 2448 4074 profecto
2484 4008 2606 4062 dico
2642 4007 2817 4071 vobis,
2865 4007 3186 4076 .requiretur
3222 4008 3289 4061 ab
3338 4007 3442 4062 hac
3472 4023 3568 4061 ινι-

1954 4103 2124 4154 tione.
2165 4116 2184 4150 ι
2218 4097 2505 4167 Pharisaei,
2539 4115 2606 4154 ne
2629 4101 3147 4170 transgrederentur
3173 4099 3344 4171 legem
3376 4101 3571 4156 νίάυιί-

1953 4200 2060 4255 cet,
2109 4193 2354 4246 decimas
2394 4192 2560 4246 etiam
2596 4207 2663 4248 ex
2697 4193 2940 4247 minimis
2981 4194 3188 4247 dabant
3221 4212 3234 4246 :
3283 4203 3338 4248 et
3367 4194 3411 4248 si
3446 4197 3571 4264 quis

1957 4284 2076 4338 illos
2106 4285 2540 4354 reprehendebat
2587 4296 2694 4338 tam
2748 4299 3042 4354 parvarum
3071 4300 3257 4340 rerum
3298 4287 3567 4340 rationem

1955 4376 2241 4439 habentes,
2291 4376 2464 4446 legem
2497 4375 2876 4445 proterebant,
2920 4392 3043 4446 quze
3071 4377 3140 4432 de
3187 4379 3448 4432 omnibus
3476 4380 3570 4432 de-

1954 4470 2127 4525 cimas
2155 4467 2342 4524 oﬁ‘erri
2373 4469 2758 4524 sacerdotibus
2813 4469 3190 4538 praecipiebat.
3235 4468 3426 4538 Itaque
3461 4469 3572 4524 Do-

241 4547 338 4602 τὸν
370 4550 536 4620 νόμον
560 4549 896 4621 προῦφερον,
931 4551 991 4616 ὃς
1015 4547 1128 4607 ἀπὸ
1163 4557 1384 4609 πάντων
1417 4558 1649 4634 δεκάτας
1675 4578 1849 4632 προσ-

1961 4560 2139 4614 minus
2169 4559 2303 4614 dicit
2338 4577 2350 4614 :
2402 4560 2555 4614 Sicut
2596 4559 2683 4612 illa
2737 4575 2845 4614 non
2892 4559 3190 4628 negligitis,
3245 4560 3318 4613 ita
3356 4571 3574 4630 oportet

246 4639 514 4713 φάρεσθαι
568 4644 687 4706 τοῖς
721 4643 962 4716 ἱερεῦσιν
1020 4646 1293 4701 ἀκέλευεν.
1358 4649 1417 4702 '0
1458 4651 1590 4718 γοῦν
1645 4653 1854 4723 Κύριός

243 4751 436 4808 φησιν,
501 4736 587 4792 δτι
623 4737 840 4809 Ὠσπερ
870 4738 1080 4794 τούτων
1119 4740 1224 4794 οὐκ
1249 4741 1524 4810 ἀμελεῖτε,
1569 4742 1678 4797 εδει
1710 4748 1856 4815 ὑμᾶς

243 4831 344 4882 καὶ
365 4829 467 4900 τὴν
499 4829 690 4901 κρίσιν
724 4832 821 4885 καὶ
844 4831 946 4902 τήν
977 4831 1204 4903 ἀγάπην
1234 4832 1328 4886 τοῦ
1369 4833 1508 4889 Θεοῦ
1542 4842 1848 4908 περι-ποιεῖς

246 4916 396 4974 σθαι.
458 4919 679 4991 Ἐπειδὴ
727 4920 840 4991 γὰρ
897 4923 1075 4976 ἄδικοι
1153 4917 1321 4992 ἦσαν,
1383 4924 1479 4976 καὶ
1519 4926 1700 4997 χήραν
1753 4931 1850 4982 καὶ

245 5004 483 5077 ὀρφανὸν
510 5007 894 5077 ἀπεκτίννυον,
942 5015 1256 5083 φησὶν,’δτί
1282 5017 1374 5066 Δεῖ
1401 5016 1547 5085 ὑμᾶς
1577 5017 1723 5087 ἔχειν
1749 5020 1848 5092 τὴν

243 5098 448 5169 κρίσιν,
479 5099 650 5171 ἤγουν
677 5101 778 5176 την
807 5101 1230 5175 δικαιοκρισίαν.
1275 5105 1431 5159 Ἐπεὶ
1459 5106 1517 5161 δὲ
1545 5109 1642 5162 καὶ
1673 5127 1847 5164 κατα-

245 5193 518 5260 φρονηταὶ
574 5188 718 5263 ἦσαν
762 5192 859 5246 τοῦ
914 5193 1073 5261 Θεοῦ,
1132 5195 1446 5268 ἀδιαφόρως
1509 5200 1623 5264 τοῖς
1681 5202 1848 5272 ἱεροῖς

245 5281 432 5353 ιργοις
463 5284 896 5356 ἐπιχειροῦντες,
914 5287 1015 5340 ηδιά
1053 5287 1213 5341 τοῦτο
1247 5290 1430 5355 αὐτοῖς
1455 5293 1554 5362 τὴν
1578 5293 1672 5347 τοῦ
1708 5295 1845 5349 Θεοῦ

246 5373 470 5443 ἀγάπην
495 5375 644 5443 ἔχειν
669 5375 999 5430 δντέλλεται.
1042 5377 1102 5431 ὐ
1148 5380 1258 5448 γὰρ
1290 5380 1528 5448 ἀγαπῶν
1572 5384 1665 5435 τὸν
1691 5383 1847 5449 Θεὸν,

246 5464 310 5520 οὐ
351 5469 844 5538 καταφρονητικῶς
895 5470 1111 5540 μέτεισι
1161 5471 1233 5524 τὰ
1267 5471 1408 5543 ἔργα
1456 5457 1643 5529 αὑτοῦ.
1694 5477 1850 5547 Τάχα

246 5556 306 5613 δέ
328 5575 423 5630 μοι
439 5560 608 5627 δοκεῖ,
629 5563 821 5634 ἐπειδὴ
847 5562 942 5616 δύο
971 5563 1088 5635 εἴδη
1117 5564 1221 5634 τῆς
1245 5565 1494 5638 ἀγάπης,
1524 5570 1586 5622 τό
1618 5587 1678 5623 τε
1711 5574 1849 5642 πρὸς

1957 4666 2058 4706 vos
2103 4662 2158 4704 et
2205 4651 2469 4721 judicium
2505 4651 2672 4723 362
2713 4661 2768 4706 et
2829 4651 3178 4707 dilemionem
3230 4651 3324 4706 Dei
3366 4651 3568 4715 facere,

1957 4745 2227 4811 Quoniam
2265 4743 2452 4812 iujusti
2486 4755 2665 4810 erant,
2712 4745 3020 4814 viduasque
3047 4754 3103 4799 et
3132 4744 3410 4814 orpbauos
3440 4761 3571 4816 pes-

1958 4837 2308 4903 sumdahant,
2333 4836 2466 4890 dicit
2491 4836 2637 4906 quod
2656 4846 2908 4906 oporteat
2936 4852 3031 4891 eos
3051 4836 3566 4906 baberejudiciutn,

1961 4927 2066 4982 hoc
2091 4940 2196 4992 est,
2217 4928 2426 4996 justum
2451 4927 2745 4998 judicium.
2783 4927 2850 4982 Et
2874 4930 3000 4999 quia
3030 4939 3446 5000 contemptores
3474 4933 3571 4986 Dei

1961 5033 2138 5084 erant,
2178 5031 2384 5076 temere
2424 5036 2580 5077 sacra
2609 5036 2777 5092 opera
2830 5031 3158 5090 tractantes,
3194 5025 3399 5080 idcirco
3430 5041 3570 5095 prae-

1963 5113 2102 5190 cipit_
2128 5113 2208 5167 eis
2241 5123 2300 5168 ut
2330 5115 2659 5169 cltaritatem
2699 5115 2790 5170 Dei
2820 5115 3075 5172 habeant.
3109 5116 3245 5172 Nam
3270 5120 3361 5190 qui
3397 5119 3574 5190 diligit

1964 5185 2158 5270 Deum,
2194 5220 2303 5260 non
2350 5209 2707 5278 contemptim
2755 5207 2887 5262 iacit
2925 5224 3089 5280 opera
3123 5211 3260 5280 ejus.
3289 5185 3574 5268 Fortassis

1964 5307 2166 5363 autem,
2201 5309 2258 5352 ut
2290 5299 2421 5353 mihi
2448 5299 2687 5364 videtur,
2715 5301 2977 5371 quoniam
3010 5303 3128 5356 dua:
3161 5311 3288 5356 sunt
3323 5301 3573 5356 dilertio.

1960 5391 2044 5445 nis
2073 5391 2307 5460 Species,
2333 5401 2440 5446 una
2477 5408 2604 5464 erga
2640 5393 2834 5460 Deum,
2868 5396 3038 5451 altera
3073 5411 3202 5467 erga
3237 5397 3570 5466 proximum,

1962 5485 2096 5538 duas
2131 5483 2251 5537 illas
2285 5484 2549 5541 insinuat.
2586 5485 2828 5544 Diceudo
2855 5489 3003 5544 enim
3029 5488 3324 5558 judicium,
3364 5489 3575 5543 indicat

1962 5574 2312 5630 dilectionem
2351 5593 2484 5648 erga
2542 5581 2872 5648 proximum.
2925 5581 3088 5638 Juste
3141 5583 3286 5638 enim
3327 5582 3575 5650 judicare

1218 5686 1316 5746 Ex
1358 5685 1709 5750 collatione
1743 5691 1934 5753 codd.
1990 5693 2224 5755 Venet.
2263 5695 2325 5756 S.
2374 5697 2597 5759 Marci.

319 5779 893 5874 Eodrlgbgu‘tloi't
932 5785 1261 5874 ὲλεουμένου
1317 5789 1460 5874 (πῶς
1503 5791 1609 5874 γαρ
1637 5792 1861 5874 opteth
1975 5795 2432 5874 tiamne).thch
2464 5801 2563 5874 οῦχ
2595 5800 2926 5874 ἁρπάσειτά
2956 5803 3050 5854 τοῦ
3075 5803 3422 5874 ὲλεουμένου.
3455 5808 3575 5872 ῐῒῶς

245 5851 465 5925 ἀληθῶς
488 5854 532 5924 ς)
565 5853 627 5907 οὐ
665 5853 948 5927 φθονήσει,
979 5875 1037 5914 κ.
1059 5851 1114 5913 τ.
1151 5858 1200 5914 λ.
1244 5851 1478 5918 --Ὀοὼ
1512 5851 1603 5930 ³52,
1651 5863 1707 5917 '0
1737 5865 1850 5934 γὰρ

1959 5866 2072 5939 γὰρ
2099 5870 2127 5922 ὁ
2152 5866 2323 5924 ἐλεῶν
2350 5866 2574 5941 ἀληθῶς
2603 5866 2864 5942 φθονήσει
2890 5874 2966 5944 τῷ
2992 5866 3336 5948 ἐλεουμένῳς
3369 5895 3424 5933 κ.
3447 5898 3494 5933 τ.
3527 5866 3573 5932 Α.
