4256 6432
777 369 875 441 871

1692 374 2276 441 THEOPHYLACTI
2317 378 2729 443 ΒΙΠᾸΞΛΒΙΕ
2791 379 3151 448 ARCHIEP.

3942 375 4061 441 812

774 491 1104 558 proximum,
1153 495 1207 543 et
1254 503 1358 543 non
1394 485 1710 542 eonculcare
1756 503 1902 554 eum,
1939 502 2004 543 ex
2058 488 2329 544 dilectioni

2460 494 2552 546 τὸν
2593 492 2752 557 Θεὸν,
2802 493 2898 547 καὶ
2945 494 3006 547 τὸ
3051 494 3188 563 πρὸς
3221 490 3312 546 τδν
3363 490 3609 562 πλησίον,
3649 490 3715 542 τά
3749 487 3846 543 δύο
3872 487 4061 542 ταῦτα

775 581 852 633 fit.
883 579 1120 633 Dicendo
1147 591 1270 631 vero
1307 574 1649 632 dileCIionem
1684 578 1796 639 Dei,
1832 579 2052 630 omnino
2078 577 2343 647 signiﬁcat

771 673 1073 741 generalem
1123 668 1461 724 aﬂ‘ectiouem
1489 685 1615 735 erga
1651 670 1837 722 Deum.
1875 669 1941 721 Et
1975 671 2191 737 quando
2225 671 2344 737 quis

771 763 938 828 diligit
971 761 1294 829 proximum,
1336 777 1438 814 non
1470 769 1713 828 :propter
1765 759 2029 813 szeculare
2061 762 2340 827 quiddam,

769 854 850 905 vel
889 863 1095 922 turpem
1116 852 1472 916 aﬂ'eetionem,
1500 851 1596 906 sed
1620 852 1774 921 juxta
1808 850 1998 913 Deum,
2027 867 2088 905 ea
2125 855 2342 922 quidem

767 943 863 999 Dei
896 945 1110 1000 dilectio
1137 945 1240 998 dici
1283 955 1475 1014 potest,
1509 961 1671 1013 quam
1708 947 1915 1008 scilicet
1950 949 2168 1001 mandat
2204 946 2343 1000 Dens

767 1053 830 1090 ac
868 1037 1075 1105 probat.
1134 1035 1394 1091 volebant
1437 1047 1614 1092 autem
1672 1038 1926 1094 Pharisaei
1977 1041 2045 1092 ab
2092 1037 2343 1092 omnibus

771 1128 1076 1180 hominibus
1109 1128 1362 1182 honorari
1400 1139 1453 1183 et
1491 1129 1712 1183 salutari
1754 1141 1811 1182 ut
1841 1132 2092 1184 doctores
2123 1130 2173 1182 in
2201 1129 2340 1181 foro.

767 1218 881 1272 Hoc
909 1222 1051 1272 enim
1083 1221 1192 1273 vult
1227 1221 1478 1274 salutatio
1507 1231 1558 1275 et
1591 1221 1900 1289 appellatio.
1929 1222 2146 1275 Similes
2177 1221 2342 1289 igitur

764 1313 915 1377 estis,
959 1313 1145 1381 inquit,
1193 1313 1578 1372 monumentis,
1617 1327 1738 1380 quae
1789 1313 1947 1382 plena
1971 1314 2184 1380 quidem
2216 1321 2341 1365 sunt

763 1406 908 1457 omni
937 1403 1234 1471 putredine,
1262 1404 1602 1458 extrinsecus
1634 1413 1814 1458 autem
1847 1420 2114 1458 marmore
2136 1403 2340 1472 fulgere

758 1495 943 1548 vident
996 1495 1262 1558 homines,
1315 1496 1620 1550 nescientes
1667 1496 1797 1563 quid
1833 1496 2063 1558 calcent,
2099 1494 2337 1562 alioquin

761 1586 1206 1639 aboniinarcntur
1229 1585 1685 1639 abominationem
1710 1601 1832 1655 qua:
1863 1587 2001 1638 intra
2021 1596 2125 1638 est.
2149 1584 2337 1654 Legis-

763 1675 965 1740 peritus
994 1689 1120 1727 vero
1160 1675 1328 1728 stulte
1376 1675 1612 1743 seipsum
1646 1674 2056 1742 reprehensioni
2093 1674 2333 1738 subiicit.

763 1764 906 1817 Sane
956 1765 1044 1816 alii
1095 1776 1251 1818 erant
1290 1765 1602 1834 legisperlti,
1658 1775 1712 1818 et
1762 1765 1849 1818 alii
1884 1763 2163 1818 Pharisaei.
2201 1764 2333 1816 Nam

2447 581 2800 651 αἰνίττεσθαι,
2840 582 2931 637 διὰ
2961 584 3061 653 μὲν
3093 583 3188 636 τοῦ
3234 583 3410 636 εἰπεῖν
3454 583 3554 651 τὴν
3594 581 3806 653 κρίσιν,
3838 580 4056 646 ὑποδη-

2445 673 2552 725 λῶν
2579 674 2678 745 τὴν
2728 675 2808 736 είς
2858 674 2950 726 τὸν
3001 673 3232 742 πλησίον
3283 672 3525 740 ἀγάπην·
3575 672 3638 725 τὸ
3671 673 3784 741 γὰρ
3813 668 4058 729 δικαίως

2447 766 2652 836 κρίνειν
2682 765 2771 818 τὸν
2805 765 3056 836 πλησίον,
3085 765 3177 816 καὶ
3207 765 3282 834 μὴ
3312 747 3813 818 καταδυναστεύειν
3842 759 4051 819 αὑτοῦ.

2445 857 2509 909 ἐκ
2539 857 2630 909 τοῦ
2663 856 2884 927 ἀγαπᾷν
2915 855 3080 908 αὑτὸν
3121 856 3353 924 γίνεται.
3389 854 3486 907 Διά
3515 855 3570 908 δὲ
3608 854 3701 906 τοῦ
3729 856 3917 905 εἰπεῖν
3948 853 4058 920 τὴν

2446 951 2669 1020 ἀγάπην
2691 950 2785 1002 τοῦ
2808 948 2967 1016 Θεοῦ,
2985 948 3082 1018 τὴν
3110 948 3246 1018 πρὸς
3273 947 3367 1001 τὸν
3397 946 3534 1000 Θεὸν
3570 948 3786 1006 πάντως
3817 933 4059 1012 μηνύων

2443 1040 2631 1110 όλικὴν
2655 1041 2919 1094 διάθεσιν.
2955 1040 3064 1092 Καὶ
3087 1042 3215 1093 ὅταν
3244 1040 3302 1092 δέ
3341 1056 3424 1102 τις
3455 1038 3650 1108 ἀγαπᾷ
3678 1037 3772 1090 τὸν
3803 1037 4054 1104 πλησίον

2443 1133 2506 1185 ού
2533 1133 2621 1186 διά
2669 1149 2722 1186 τι
2773 1132 3127 1201 κοσμικόν,ῆ
3181 1131 3409 1201 αίσχρὸν
3462 1130 3655 1191 πάθος,
3703 1129 3848 1181 ἀλλά
3901 1130 4058 1180 κατὰ.

2443 1224 2596 1284 Θεὸν.
2643 1224 2860 1295 λεχθείη
2896 1225 2962 1278 ἂν
3003 1225 3098 1278 καὶ
3126 1222 3266 1294 αὓτη
3299 1223 3488 1292 ἀγάπη
3519 1222 3612 1274 τοῦ
3657 1220 3817 1284 Θεοῦ,
3873 1221 4058 1289 ῆγουν

2442 1316 2508 1386 ἢν
2536 1317 2840 1369 ἐντέλλεται
2862 1318 2889 1369 ὁ
2910 1314 3149 1384 Θεὸς,ἢν
3176 1313 3527 1382 ἀποδέχεται.
3552 1311 3785 1364 ’Ἤθελον
3807 1311 3866 1363 δὲ
3893 1310 4056 1377 παρὰ

2445 1410 2647 1472 παντὸς
2685 1407 2976 1478 ἀνθρώπου
3055 1407 3322 1475 τιμᾶσθαι
3375 1406 3468 1458 καὶ
3523 1403 4052 1483 προσαγορεύεσθαι

2441 1500 2518 1562 ὡς
2561 1499 2870 1554 διδάσκαλοι
2911 1503 2970 1552 ἐν
2998 1502 3117 1562 ταῖς
3163 1500 3412 1569 ἀγοραῖςο
3447 1496 3606 1550 τοῦτο
3633 1495 3745 1564 γὰρ
3775 1498 3802 1548 ὁ
3854 1497 4050 1547 ἀσπαο

2443 1593 2598 1661 σμὸς,
2631 1593 2665 1662 ἡ
2707 1592 3072 1663 προσηγορία.
3145 1591 3393 1645 Ἐοίκατε
3438 1590 3593 1659 γοῦν,
3623 1590 3783 1658 φησι,
3821 1589 4052 1657 μνήμα-

2442 1700 2548 1746 σιν,
2579 1683 2616 1737 ἀ
2644 1684 2877 1754 γέμουσι
2913 1684 3011 1753 μὲν
3043 1684 3226 1753 πάσης
3259 1683 3521 1753 σαπρίας,
3559 1681 3760 1748 ἔξωθεν
3801 1681 3861 1733 δέ
3903 1680 4053 1749 λάμο

2442 1793 2635 1828 πουσιν
2673 1775 2990 1846 μαρμάροις
3013 1793 3025 1804 ·
3063 1777 3098 1830 ἃ.
3127 1775 3364 1846 ὁρῶντες
3388 1775 3439 1827 oi
3486 1773 3792 1845 ἄνθρωποι,
3823 1775 3930 1826 οὐκ
3968 1773 4053 1826 οῖ-

764 1855 1020 1910 Pliariszei
1050 1858 1366 1910 videbantur
1408 1866 1465 1908 ut
1507 1857 1784 1922 monachi,
1813 1867 1866 1910 et
1896 1860 1984 1925 qui
2022 1857 2090 1911 ab
2118 1855 2238 1911 aliis
2284 1869 2329 1909 st

2441 1868 2564 1921 δασι
2593 1842 2695 1921 πού
2739 1842 3172 1938 περιπατοῦσιν,
3195 1868 3230 1938 ἢ
3261 1868 3371 1939 γάρ
3423 1868 3490 1922 ἂν
3515 1842 3917 1938 ἐμυσάχθησαν
3944 1866 4050 1942 τὴν

760 1948 1134 2017 segregabam.
1160 1946 1477 2014 Legisperiti
1504 1961 1635 2000 vero
1663 1945 1868 2000 Scriba:
1895 1953 2049 2000 erant
2072 1955 2126 1999 et
2156 1946 2342 1999 docto-

761 2052 868 2100 res,
905 2039 993 2105 qui
1031 2035 1307 2090 solvebant
1332 2036 1658 2104 quaestiones
1698 2036 1851 2103 legis.
1885 2033 2198 2090 Onerabaut
2234 2035 2338 2090 ita-

758 2141 867 2195 que
895 2125 1138 2180 homines
1175 2124 1435 2194 gravibus
1454 2135 1507 2178 et
1536 2122 1987 2190 intolerabilibus,
2021 2131 2341 2180 mandantcs

763 2233 823 2270 ea
856 2233 976 2284 qua:
1021 2217 1074 2270 in
1143 2216 1259 2284 lege
1288 2217 1577 2270 observata
1617 2214 1874 2281 diliicilia,
1913 2227 1968 2270 et
2021 2218 2120 2285 ipsi
2165 2231 2339 2285 neque

759 2310 924 2379 digito
957 2310 1295 2377 attingebant
1329 2323 1532 2363 onera:
1573 2309 1673 2362 hoc
1715 2319 1820 2370 est,
1855 2310 1954 2376 ipsi
1988 2309 2120 2362 nihil
2150 2324 2214 2364 ex
2252 2308 2339 2364 bis

758 2415 877 2467 quae
908 2400 1030 2452 aliis
1074 2399 1435 2466 imperabant,
1478 2397 1775 2453 faciebant.
1825 2398 1959 2453 Nam
1993 2401 2209 2468 quando
2237 2401 2334 2455 do-

755 2506 885 2546 cens
923 2490 1049 2545 facit
1087 2505 1204 2558 quze
1255 2491 1435 2554 docet,
1484 2490 1704 2545 alleviat
1754 2506 1944 2556 onera,
1980 2492 2338 2562 exemploque

754 2600 851 2640 suo
881 2584 1306 2638 consolatioiiem
1341 2582 1498 2638 affert
1547 2583 1847 2653 discipulis.
1879 2583 2106 2650 Quando
2156 2595 2336 2641 autem

755 2677 884 2732 nihil
916 2676 1280 2730 hortiltt'fac'tt
1307 2692 1427 2747 quae
1457 2677 1634 2742 docet,
1692 2688 1818 2733 tunc
1848 2693 1968 2747 quze
2011 2681 2170 2734 docet
2211 2695 2339 2750 gra-

753 2772 903 2823 viora
947 2783 1110 2822 onera
1143 2768 1394 2822 videntur
1425 2769 1727 2836 discipulis,
1776 2778 2031 2838 tanquam
2060 2784 2181 2840 qua:
2211 2785 2276 2824 ne
2308 2785 2338 2824 ε

754 2859 976 2914 doctore
1019 2859 1236 2927 quidem
1300 2858 1480 2927 perfici
1543 2870 1766 2928 queant.
1825 2861 2074 2915 Declarat
2125 2875 2340 2932 quoque

754 2949 1015 3005 Dominus
1062 2949 1278 3006 Judaeos
1319 2957 1541 3021 nepotes
1570 2961 1693 3005 esse
1734 2967 1797 3006 ac
1844 2953 2086 3008 heredes
2117 2954 2338 3009 malitiae

751 3043 904 3108 Cain,
933 3058 997 3096 eo
1028 3043 1170 3110 quod
1207 3043 1336 3096 dicit
1372 3043 1513 3111 quod
1552 3042 1731 3099 omnis
1770 3043 2013 3114 sanguis,
2036 3042 2240 3099 eﬂ'usus
2268 3045 2336 3099 ab

748 3135 879 3188 Abel
913 3151 1082 3204 usque
1116 3136 1182 3189 ad
1215 3133 1562 3201 Zachariam,
1593 3151 1621 3189 a
1655 3136 1875 3190 natione
1906 3135 1994 3189 illa
2026 3146 2331 3204 expetatur.

749 3224 962 3277 Etenim
1023 3240 1117 3278 vos
1168 3225 1481 3293 prophetas,
1532 3227 1623 3293 qui
1675 3235 1834 3279 erant
1894 3224 2094 3280 fratres
2146 3228 2332 3293 vestri,

749 3316 1045 3380 occidistis,
1068 3318 1212 3371 sicut
1235 3316 1323 3371 ille
1351 3317 1506 3372 Abel.
1534 3317 1687 3373 Unde
1709 3317 1929 3386 quidam
1964 3333 2068 3373 non
2102 3319 2335 3373 absurde

747 3419 1172 3464 numeraveruut
1199 3407 1332 3463 Cain
1377 3411 1518 3464 inter
1548 3424 1643 3465 eos
1677 3411 1768 3479 qui
1799 3411 2092 3480 prophetas
2119 3412 2334 3465 occide-

747 3509 895 3564 runt,
919 3515 947 3553 a
977 3516 1086 3569 quo
1109 3501 1361 3555 vindictae
1379 3503 1663 3572 exquisitae
1680 3513 1812 3557 sunt
1837 3515 2048 3573 septem
2067 3505 2332 3576 supplicio

747 3592 950 3646 scilicet
979 3593 1181 3648 leviore
1195 3579 1223 3645 -i:
1251 3592 1484 3648 Lamecli
1513 3595 1585 3627 δ’·
1611 3605 1790 3650 autem
1824 3597 1966 3652 inter
1997 3612 2090 3652 eos
2119 3598 2208 3667 qui
2237 3613 2331 3653 oc-

745 3681 998 3735 ciderunt
1017 3681 1314 3736 Christum.
1342 3680 1407 3737 Et
1441 3684 1562 3738 ideo
1590 3684 1902 3755 septuagies
1929 3695 2135 3755 septem
2173 3684 2330 3739 ultio-

745 3786 844 3827 nes
877 3772 1167 3838 dederunt,
1211 3774 1441 3843 dispersi
1479 3775 1531 3827 in
1582 3777 1972 3844 captivitatem,
2011 3791 2041 3829 a
2074 3791 2180 3845 qua
2223 3792 2329 3830 non

747 3862 1019 3918 redibunt.
1053 3863 1186 3931 Quis
1216 3872 1401 3919 autem
1434 3866 1534 3919 fuit
1567 3865 1882 3932 Zacharias,
1922 3881 2081 3935 quem
2113 3868 2330 3922 occide-

744 3965 873 4010 runt
918 3958 1056 4011 inter
1094 3959 1351 4026 templum
1396 3971 1454 4037 et
1489 3956 1705 4012 altare?
1737 3958 1840 4012 Alii
1875 3959 2092 4028 quidem
2145 3959 2332 4016 dicunt

743 4047 910 4104 fuisse
936 4051 1171 4118 priscum
1195 4048 1514 4104 Zachariam
1541 4050 1708 4105 lilium
1737 4050 1963 4114 Joiadaa,
1987 4067 2144 4120 quem
2165 4053 2328 4125 363

743 4141 1070 4208 lapidarunt,
1116 4152 1174 4194 ut
1205 4141 1463 4196 discimus
1513 4157 1577 4194 ex
1625 4139 1762 4196 libro
1797 4141 2027 4210 Regum.
2060 4142 2164 4197 Alii
2203 4159 2328 4197 vero

741 4241 954 4302 patrem
1013 4230 1395 4295 Pratcursoris,
1429 4249 1492 4286 eo
1524 4235 1665 4301 quod
1718 4234 1806 4288 ille
1852 4236 2201 4290 ordinaverat
2234 4236 2326 4290 Dei

743 4324 1072 4380 Genitricem
1119 4341 1240 4380 cum
1286 4326 1586 4393 virginibus
1616 4327 1784 4380 etiam
1833 4337 2117 4396 postquam
2162 4343 2329 4398 pepe-

742 4416 906 4471 risset
950 4416 1249 4482 Christum,
1300 4427 1354 4470 et
1387 4419 1749 4471 constituerat
1792 4433 1912 4472 eam
1946 4419 1998 4472 in
2055 4420 2173 4474 loco
2221 4434 2329 4490 quo

2443 1960 2646 2014 ἔσωθεν
2691 1960 3047 2030 βδελυγμίαν.
3092 1960 3152 2013 'O
3185 1952 3510 2031 obvoptxb;
3542 1962 3792 2031 ἀνοήτως
3835 1960 4050 2026 ὑπάγει

2443 2049 2638 2104 ἐαυτὸν
2666 2049 2746 2121 τῷ
2776 2049 3005 2121 ἐλέγχῳ.
3044 2051 3231 2104 ’Δλλοι
3269 2051 3328 2105 δὲ
3371 2047 3512 2122 ἦσαν
3544 2054 3591 2104 οί
3635 2052 3857 2122 νομικοὶ
3893 2052 4052 2121 παρὰ

2441 2143 2568 2205 τοὺς
2593 2141 2942 2211 Φαρισαίους.
2971 2143 3037 2196 Ol
3079 2143 3179 2213 μὲν
3220 2142 3641 2214 γὰρ.Φαρισαῖοι
3678 2143 3756 2207 ὡς
3801 2145 4050 2213 ἀσκηταὶ

2439 2233 2683 2300 ἐδόκουν,
2704 2234 2798 2286 καὶ
2825 2234 3270 2305 ἀποκεκομμένοι
3295 2233 3404 2287 τῶν
3435 2234 3630 2290 ἀλλων.
3653 2235 3717 2287 Οί
3744 2234 3801 2288 δὲ
3821 2235 4047 2303 νομικοὶ

2441 2325 2800 2396 Γραμματεῖς
2829 2321 2972 2398 ἦσαν
3015 2327 3112 2380 καὶ
3151 2327 3486 2392 διδάσκαλοι,
3521 2330 3636 2391 τοῖς
3687 2327 4045 2397 βουλομένοις

2441 2417 2511 2470 τὰ
2536 2417 2633 2471 τοῦ
2660 2418 2828 2488 νόμου
2847 2416 3140 2490 ζητήματα
3167 2417 3410 2483 λύοντες.
3448 2419 3769 2490 Ἐφόρτιζον
3793 2416 3892 2471 οὖν
3913 2419 4046 2482 τοὺς

2442 2510 2767 2584 ἀνθρώπους
2793 2511 2966 2582 βαρέα
2991 2513 3086 2566 καὶ
3105 2511 3494 2566 δυσϐάστακτα
3519 2513 3568 2566 οί
3589 2513 3833 2584 νομικοὶ,
3859 2513 4044 2566 ἐντελ-

2439 2603 2656 2674 λόμενοι
2685 2605 2874 2668 αὐτοῖς
2897 2605 2966 2658 τά
2997 2603 3090 2658 τοῦ
3121 2604 3290 2676 νόμου
3320 2604 3678 2673 δυσφύλακτα
3707 2605 4043 2676 παρατηρή-

2446 2714 2610 2766 ματα,
2663 2697 2818 2752 autat
2865 2697 2920 2751 δὲ
2951 2697 3030 2769 τῷ
3067 2698 3317 2769 δακτύλῳ
3361 2691 3541 2752 αὐτῶν
3570 2698 3632 2751 ού
3682 2698 4039 2767 προσέψαυον

2441 2790 2556 2852 τοῖς
2605 2788 2868 2858 φορτίοις,
2923 2789 3228 2854 τουτέστιν,
3271 2789 3428 2844 αὐτοὶ
3477 2788 3653 2856 οὐδὲν,
3705 2789 3767 2856 ἐξ
3815 2783 3895 2842 ὢν
3925 2791 4041 2850 τοῖς

2442 2878 2624 2942 ἄλλοις
2657 2879 2973 2944 ἐπέταττον,
3011 2879 3304 2951 ἔπραττον.
3339 2880 3512 2935 Ὅταν
3557 2881 3657 2951 μὲν
3690 2881 3800 2951 γὰρ
3831 2882 3861 2934 ό
3890 2880 4038 2934 διδα-

2444 2989 2592 3025 σκων
2621 2971 2837 3042 πράττῃ
2883 2971 2920 3024 ἃ
2953 2971 3219 3038 διδάσκει,
3266 2971 3638 3043 ἐπελαφρύνει
3683 2972 3755 3026 τά
3810 2972 4036 3043 φορτία,

2443 3062 2750 3132 ὑπόδειγμα
2778 3062 2956 3126 διδοὺς
3004 3063 3220 3131 ἑαυτὸν,
3268 3067 3365 3119 καὶ
3393 3065 3745 3137 παρηγορίαν
3783 3065 4036 3133 ἐμποιῶν

2361 3178 2405 3241 C
2440 3154 2552 3215 τοῖς
2571 3152 3005 3221 διδασκομένοις.
3037 3154 3209 3210 Ὅταν
3234 3155 3292 3209 δέ
3321 3156 3477 3210 οὐδὲν
3506 3151 3582 3210 ὧν
3606 3155 3759 3225 λέγει
3784 3156 4027 3226 πράττῃ,

2443 3243 2746 3312 τηνικαῦτα
2773 3244 2947 3317 βαρέα
2971 3246 3140 3309 ὅντως
3162 3247 3230 3301 τὰ
3256 3247 3457 3320 φορτία
3480 3247 3631 3302 δοκεῖ
3650 3249 3762 3311 τοῖς
3791 3247 4041 3301 διδασκο-

2448 3338 2650 3404 μένοις,
2682 3337 2756 3398 ὡς
2786 3338 2921 3408 μηδὲ
2945 3341 3095 3408 παρὰ
3114 3338 3210 3391 τοῦ
3241 3338 3566 3394 διδασκάλου
3591 3339 3871 3407 δυνάμενα
3905 3355 4039 3393 κατ-

2442 3425 2772 3496 ορθωθῆναι.
2822 3428 3108 3498 Ἐμφαίνει
3149 3429 3207 3482 δὲ
3261 3431 3291 3481 ό
3322 3429 3531 3500 Κύριος
3569 3429 3701 3494 τοὺς
3743 3429 4038 3492 Ἰουδαίους

2442 3517 2742 3584 ἀπογόνους
2779 3519 2875 3571 καὶ
2915 3519 3290 3589 κληρονόμους
3328 3521 3429 3588 τῆς
3484 3522 3686 3585 κακίας
3739 3521 3833 3575 τοῦ
3873 3522 4034 3585 nam,

2441 3608 2528 3661 διὰ
2558 3608 2650 3662 τοῦ
2674 3609 2853 3679 λέγειν
2882 3611 2966 3664 ὃτι
3001 3612 3110 3665 πᾶν
3136 3609 3280 3681 αἷμα
3309 3614 3543 3683 ἐκχυθὲν
3594 3613 3704 3668 ἀπὸ
3738 3613 3909 3666 ’Δϐελ
3932 3614 4038 3676 ἓως

2439 3701 2532 3754 τοῦ
2556 3704 2828 3774 Ζαχαρίου
2857 3705 3300 3776 ἁπαιτηθήσεται
3330 3708 3441 3761 ἀπὸ
3460 3708 3561 3777 τῆς
3585 3709 3782 3776 γενεᾶς
3806 3705 4032 3776 ταύτης.

2441 3797 2552 3849 Καὶ
2596 3797 2727 3867 γὰρ,
2763 3798 2952 3868 φησὶν,
2985 3801 3142 3871 ὑμεῖς
3185 3801 3453 3870 ἀδελφοὺς
3486 3802 3648 3865 ὄντας
3705 3803 3863 3872 ὑμῶν
3910 3803 4036 3865 τοὺς

2443 3888 2729 3958 προφήτας
2756 3890 3112 3957 ἐφονεύσατε,
3137 3892 3210 3954 ὼς
3242 3893 3495 3957 κάκεῖνος
3522 3894 3614 3946 τὸν
3648 3893 3838 3946 Ἅϐελ.
3870 3892 4034 3946 Ὀθεν

2441 3984 2539 4032 οὐκ
2567 3978 2778 4048 ἀλόγως
2808 3983 2952 4046 τινες
2983 3983 3077 4037 τὸν
3107 3984 3206 4052 μὲν
3240 3986 3384 4038 Κάῖν
3409 3987 3491 4049 είς
3531 3986 3622 4039 τὸν
3655 3987 3786 4048 τοὺς
3813 3986 4031 4054 προφή-

2439 4086 2537 4132 τας
2581 4070 2984 4124 ἀποκτείναντα
3024 4073 3151 4126 λαὸν
3198 4073 3536 4138 ἐξελάϐοντο,
3586 4074 3681 4143 ἀφ’
3711 4069 3775 4128 οὗ
3825 4075 4031 4126 ἐκδεδί-

2440 4179 2635 4232 κηνται
2680 4161 2841 4226 ἑπτὰ,
2883 4163 3227 4235 ἐλαφροτέρᾳ
3271 4166 3475 4235 δηλαδὴ
3516 4166 3794 4236 τιμωρία·
3844 4168 3937 4219 τὸν
3977 4167 4032 4218 δὲ

2437 4253 2631 4321 Λάμεχ
2664 4252 2743 4315 είς
2776 4253 2903 4317 τοὺς
2928 4254 3360 4318 ἀποκτείναντας
3392 4257 3484 4310 τὸν
3508 4257 3772 4326 Χριστὸν,
3815 4257 3894 4311 διὸ
3939 4259 4030 4311 καὶ

2439 4345 2904 4413 ἑϐδομηκοντάκις
2927 4347 3070 4398 ἑπτὰ
3095 4348 3500 4415 ἐκδεδίκηνται,
3537 4351 3615 4411 είς
3647 4350 4027 4418 αίχμαλωσῐαν

2438 4436 2832 4506 διασπαρέντες
2851 4439 3283 4509 ἀνυπόστροφον.
3311 4441 3406 4503 Τίς
3429 4441 3486 4494 δὲ
3509 4437 3578 4512 ἦν
3599 4444 3708 4512 ἀρα
3736 4443 4025 4512 Ζαχαρίας,

742 4508 846 4562 illa
874 4517 1020 4562 stant
1053 4527 1066 4563 ι
1101 4510 1189 4565 hic
1217 4510 1362 4562 enim
1398 4509 1548 4564 locus
1576 4521 1659 4564 est
1692 4511 1830 4565 inter
1861 4512 2117 4580 templum
2151 4524 2204 4565 et
2245 4514 2327 4566 ιιιρ

2439 4526 2496 4579 ὃν
2525 4528 2825 4594 ἐφόνευσαν
2852 4532 3058 4599 μεταξὺ
3077 4532 3171 4587 τοῦ
3203 4533 3333 4585 ναοῦ
3359 4533 3452 4586 καὶ
3474 4535 3569 4585 τοῦ
3598 4533 4024 4604 θυσιαστηρὶους

740 4606 882 4663 tare,
916 4601 1060 4668 quod
1093 4610 1175 4653 est
1223 4612 1378 4654 extra
1411 4616 1636 4666 aereum,
1686 4613 1741 4655 et
1787 4613 2071 4671 propterea
2112 4607 2327 4659 occide-

743 4699 871 4742 runt
895 4705 1036 4743 eum.
1063 4688 1202 4743 Nam
1235 4691 1357 4758 quia
1391 4691 1784 4760 exspectabant
1813 4692 2032 4759 quidam
2053 4694 2323 4750 Christum

743 4795 924 4851 regem
954 4796 1109 4835 suum
1142 4781 1406 4848 futurum,
1433 4784 1687 4838 nolebant
1720 4794 1900 4838 autem
1938 4798 2120 4855 regem
2163 4789 2322 4856 ferre,

743 4872 862 4927 ideo
903 4873 1221 4928 occiderunt
1268 4883 1537 4939 sanctum,
1582 4873 1676 4943 qui
1712 4887 2028 4930 asseruerat
2064 4878 2322 4947 virginem

740 4964 1035 5033 peperisse,
1088 4974 1142 5018 et
1191 4964 1464 5019 Christum
1551 4976 1738 5019 natum
1798 4979 1919 5021 esse
1981 4979 2325 5036 regnaturum

707 5035 906 5123 ‘super
945 5071 1057 5121 eos,
1099 5055 1244 5124 quod
1291 5058 1718 5111 adversabantur
1749 5075 1762 5111 :
1788 5059 1994 5128 absque
2026 5061 2186 5118 enim.
2206 5076 2329 5132 rege

746 5148 997 5202 volebant
1028 5165 1164 5204 esse.

2439 4621 2501 4672 Οί
2532 4621 2630 4690 μὲν
2652 4622 2874 4689 λέγουσι
2901 4625 2992 4676 τὸν
3017 4627 3241 4695 ἀρχαῖον
3267 4626 3546 4695 Ζαχαρίαν
3577 4628 3669 4680 τὸν
3688 4626 3783 4680 τοῦ
3826 4629 4025 4692 Ἵωάδε,

2438 4714 2531 4765 καὶ
2575 4712 2633 4763 ὃν
2660 4713 3071 4782 ἐλιθοϐόλησαν,
3121 4715 3198 4779 ὡς
3231 4716 3345 4770 ἐστι
3388 4717 3582 4788 μαθεῖν
3619 4721 3684 4774 ἐκ
3712 4722 3815 4792 τῆς
3845 4721 4024 4792 βίϐλου

2435 4803 2543 4855 τῶν
2579 4803 2881 4857 Βασιλειῶν
2913 4823 2928 4838 ο
2975 4809 3023 4859 οἱ
3069 4806 3124 4861 δὲ
3168 4808 3258 4861 τὸν
3293 4810 3506 4880 πατέρα
3540 4811 3636 4864 τοῦ
3684 4815 4022 4886 Προδρόμου,

2433 4891 2621 4944 τοῦτον
2667 4895 2775 4964 γὰρ
2805 4895 3044 4962 τάξαντα
3081 4900 3181 4968 τὴν
3209 4899 3474 4956 Θεοτόκον
3509 4905 3651 4971 μετά
3678 4904 3790 4961 τῶν
3825 4906 4026 4978 παρθέ-

2435 5000 2542 5037 νων
2571 4988 2709 5054 una
2735 4988 2795 5039 τὸ
2828 4991 3008 5043 τεκεῖν
3034 4991 3127 5044 τὸν
3156 4992 3416 5061 Χριστὸν,
3453 4994 3550 5047 καὶ
3583 4998 3867 5066 στήσαντα
3897 5001 4022 5052 ταύ·

2428 5093 2527 5146 την
2558 5079 2614 5164 ἐν
2641 5079 2716 5148 τῷ
2748 5082 2900 5150 τόπῳ
2937 5084 2995 5134 ἐν
3022 5075 3065 5150 ᾧ
3096 5085 3302 5138 ἐκεῖναι
3334 5086 3586 5140 ῖσταντο·
3622 5091 3651 5140 ό
3677 5089 3735 5142 δὲ
3763 5091 3929 5156 τόπος
3957 5088 4022 5164 ἦν

2433 5170 2638 5236 μεταξὺ
2669 5170 2764 5224 τοῦ
2800 5172 2929 5226 ναοῦ
2962 5175 3057 5227 καὶ
3103 5175 3199 5229 τοῦ
3230 5177 3625 5248 θυσιαστηρίου
3656 5182 3750 5234 τοῦ
3782 5182 3891 5248 ἔξω
3931 5184 4020 5236 τοῦ

742 5240 968 5346 χαλκού.
1006 5241 1297 5346 diiudico
1320 5243 1505 5346 τοίνυν
1538 5245 1835 5346 ἐφόνευσαν
1862 5248 2054 5346 αὐτόν..
2100 5248 2253 5304 Ἐπεὶ
2274 5254 2382 5326 γὰρ
2418 5262 2763 5330 προσεδόκων
2790 5267 2933 5329 τινὲς
2960 5268 3053 5320 τὸν
3090 5270 3330 5339 Χριστὸν
3368 5240 3591 5343 βασιλέα
3620 5279 3806 5332 αύτῶν
3824 5240 4020 5346 ἐσόμε-

741 5352 849 5397 νον,
884 5335 983 5386 οὑκ
1015 5334 1204 5400 ἤθελον
1231 5337 1289 5388 δὲ
1317 5336 1729 5406 βασιλευθῆναι,
1783 5339 1971 5393 τούτου
2018 5342 2182 5397 ἓνεκα
2221 5345 2515 5414 ἐφόνευσαν

2575 5357 2668 5408 τὸν
2709 5358 2888 5425 ἅγιον,
2919 5359 2994 5420 ὡς
3028 5361 3354 5430 βεϐαιοῦντα
3392 5369 3476 5424 ὅτι
3506 5372 3780 5443 παρθένος
3819 5373 4015 5455 ἔτεκενν

741 5426 890 5534 καὶὸ
925 5426 1173 5534 Χρεῖξδὶ
1193 5427 1453 5534 ξγεννήεξξι
1481 5428 1508 5481 ὁ
1534 5428 1744 5534 μέλλξυν
1777 5431 1972 5534 ἀὐτῶν
2009 5432 2346 5534 βασιλεύειν,
2398 5441 2535 5514 ὅπερ
2586 5426 3039 5519 ἀπεσιτρέφοντοο⁷
3077 5455 3424 5513 ἀϐασίλευτοι
3482 5426 3601 5532 γὰρ.
3626 5426 3821 5534 ἢθελον
3866 5433 4014 5522 sint:

813 5516 977 5573 Vens.
1043 5519 1234 5573 52-54.
1283 5540 1300 5572 ι
1401 5522 1489 5577 Vae
1560 5523 1714 5578 vobis
1775 5525 2118 5596 legisperitis,
2192 5531 2319 5600 quia

741 5613 943 5667 tulistis
980 5613 1186 5668 clavem
1221 5616 1460 5671 scientia:
1495 5633 1508 5670 :
1545 5618 1646 5688 ipsi
1682 5632 1799 5674 non
1836 5619 2126 5689 introistis,
2148 5633 2204 5677 et
2236 5637 2330 5678 eos

740 5706 830 5775 qui
868 5707 1184 5774 introibant,
1222 5708 1491 5764 vetuistis.
1517 5709 1650 5767 Cum
1698 5719 1880 5767 autem
1932 5714 2048 5770 hac
2094 5716 2161 5772 ad
2209 5715 2328 5771 illos

813 5795 884 5828 "‘
922 5796 1058 5852 Gen.
1093 5813 1162 5852 tv.

2504 5555 2523 5587 ι
2567 5540 2706 5593 υύαὶ
2734 5542 2864 5613 ύμῖν
2891 5546 3004 5609 τοῖς
3037 5552 3304 5617 νομικοῖς,
3352 5553 3434 5606 ὅτι
3487 5555 3659 5628 ῇρατε
3691 5562 3793 5628 τὴν
3843 5562 4015 5618 κλεῖδα

2429 5628 2526 5726 τῆς
2555 5629 2833 5698 γνώσεως·
2868 5637 3023 5690 αὐτοὶ
3044 5640 3143 5692 οὐκ
3170 5643 3474 5714 είσήλθετε,
3501 5650 3749 5715 καὶτοὺς
3782 5655 4016 5726 εἰσερχος

2435 5721 2630 5789 μένους
2663 5726 2996 5786 ἐκωλύσατε.
3034 5733 3302 5802 Λέγοντος
3349 5739 3407 5792 δὲ
3452 5742 3617 5796 αὐτοῦ
3667 5745 3843 5802 ταῦτα
