4256 6432
253 396 364 464 873

963 396 1420 460 ENA'RRATIO
1463 398 1544 458 ΙΝ
1580 399 2087 462 EVANGEIJUM
2127 403 2368 464 ωσι-Ε.
2414 428 2484 438 -
2538 404 2697 465 CAP.
2754 406 2860 465 XI.

3457 412 3591 477 ’874

253 512 479 574 αὐτοὺς,
535 507 774 580 ἤρξαντο
829 507 878 559 οἱ
931 508 1291 578 Γραμματεῖς
1330 515 1422 564 καὶ
1478 513 1525 563 οί
1581 513 1867 584 Φαρισαῖοι

1995 516 2206 583 liceret,
2252 527 2546 586 cmperunt
2601 517 2903 586 legisperiti
2941 526 2994 571 et
3033 519 3291 576 Pharisaei
3353 526 3592 590 graviter

251 603 447 665 δεινῶς
470 603 698 670 ἐνέχειν,
721 602 812 653 καὶ
836 601 1308 670 ἀποστοματίζειν
1344 603 1511 656 αύτὸν
1538 604 1668 674 περὶ
1688 605 1870 657 πλειό-

253 715 382 762 νων,
418 694 796 765 ἐνεδρεύοντες
839 693 1024 758 αὑτὸν,
1088 695 1386 763 ζητοῦντες
1425 695 1692 765 θηρεῦσαί
1721 715 1774 749 τι
1807 699 1872 751 ἐκ

250 789 350 844 τοῦ
405 788 674 859 στόματος
711 787 905 851 αὑτοῦ,
943 788 1032 841 ἵνα
1070 791 1534 858 κατηγορήσωσιν
1589 790 1759 843 αὑτοῦ
1847 811 1864 842 ι

253 880 462 936 κλεῖδα
491 881 748 948 γνώσεως
777 878 1068 948 ὠνόμασεν
1091 880 1118 930 ὁ
1143 881 1348 950 Κύριος
1367 881 1465 952 τὴν
1497 881 1869 945 διδασκαλίαν,

253 976 351 1027 καὶ
379 973 481 1044 τὴν
507 973 599 1026 διὰ
632 971 728 1026 τοῦ
757 973 927 1042 νόμου
964 973 1343 1043 χειραγωγίαν
1365 975 1673 1044 δυναμένου
1707 992 1873 1047 προσ-

251 1068 411 1136 ἀγειν
449 1067 528 1136 τῷ
590 1065 839 1138 Χριστῷ.
891 1065 950 1119 '0
1006 1066 1118 1136 γὰρ
1151 1066 1314 1138 νόμος
1354 1068 1701 1138 χειραγωγδς
1734 1069 1869 1123 πάν.

250 1181 363 1225 τως
385 1165 466 1226 είς
495 1162 761 1233 Χριστόν.
787 1162 856 1215 οι
872 1161 1058 1214 τοίνυν
1093 1163 1312 1232 νομικοὶ
1333 1162 1428 1214 τὸν
1456 1163 1622 1230 νόμον
1649 1162 1873 1215 δοκοῦν-

248 1271 344 1316 τες
379 1253 732 1323 ἑρμηνεύειν,
773 1254 876 1323 τὴν
924 1253 1114 1307 κλεῖδα
1152 1255 1252 1323 τῆς
1305 1252 1568 1321 γνώσεως
1618 1256 1874 1324 κατεῖχον

250 1343 636 1415 ἐθελοκάκως,
661 1348 758 1400 καὶ
805 1347 906 1400 οὐκ
940 1348 1162 1417 ἤνοιγον
1210 1345 1307 1409 τὰς
1342 1344 1437 1398 τοῦ
1473 1347 1642 1414 νόμου
1679 1344 1872 1416 θύρας,

251 1440 343 1494 ινα
381 1439 450 1492 δι’
481 1440 665 1494 αὐτῶν
700 1438 1024 1492 εἰσέλθωσιν
1057 1439 1216 1493 αύτοί
1263 1455 1322 1491 τε
1349 1439 1444 1492 καὶ
1497 1439 1524 1490 ὁ
1565 1438 1695 1502 λαὸς
1737 1440 1875 1507 πρὸς

251 1534 515 1606 Χριστόν.
555 1535 714 1588 Ἔστι
743 1534 799 1588 δέ
832 1538 858 1588 ὀ
883 1535 1050 1605 νόμος
1082 1535 1225 1604 θύρα
1256 1537 1337 1597 είς
1370 1534 1639 1604 Χριστόν·
1676 1533 1818 1604 πλὴν
1842 1534 1875 1602 ἡ

253 1628 397 1699 θύρα
432 1627 576 1697 αὕτη
619 1628 991 1699 κεκλεισμὲνη
1029 1628 1202 1692 ἐστὶν,
1238 1629 1334 1681 ἐὰν
1389 1630 1462 1698 μὴ
1504 1643 1587 1688 τις
1613 1627 1712 1696 τὴν
1744 1627 1879 1679 ἀσά-

255 1739 416 1793 φειαν
435 1722 531 1776 τοῦ
550 1723 722 1794 νόμου
743 1722 1023 1795 σαφηνιζῃ
1045 1723 1139 1775 καὶ
1164 1722 1431 1796 διανοίγῃ.
1454 1723 1566 1776 Καὶ
1590 1721 1697 1793 γὰρ
1721 1724 1746 1774 ὁ
1763 1721 1880 1773 K13-

260 1833 379 1886 ριος
427 1811 584 1869 εἷπεν
610 1832 624 1846 ·
673 1835 689 1866 ι
732 1817 793 1869 Et
829 1816 1152 1869 ἐπιστεύετε
1194 1817 1405 1882 Μωσεῖ,
1458 1817 1774 1870 ἐπιστεύετε
1815 1815 1880 1869 ἂν

1985 606 2245 663 insistere
2277 617 2334 663 et
2367 609 2615 677 captiose
2646 623 2771 664 eum
2805 610 3146 680 interrogare
3179 613 3246 666 de
3276 615 3484 682 multis,
3512 617 3592 669 in»

1983 701 2249 760 sidiantes
2263 705 2342 766 ci,
2367 710 2422 756 ct
2449 711 2760 770 quaerentes
2785 702 2988 771 aliquid
3021 705 3207 757 venari
3236 721 3300 760 ex
3327 721 3419 761 ore
3450 709 3590 778 ejus,

1984 809 2092 865 quo
2139 803 2472 850 accusarent
2505 811 2653 850 eum.
2695 814 2714 847 ι
2751 795 2973 851 Clavem
3011 798 3254 851 scientize
3289 802 3592 856 nominavit

1987 891 2253 945 Dominus
2302 889 2612 943 doctrinam
2650 899 2705 944 et
2738 890 2875 958 legis
2927 892 3435 956 manuiluetionem,
3471 910 3593 965 quae

1988 981 2492 1037 valebatadducere
2514 982 2578 1034 ad
2610 981 2915 1036 Christum.
2947 982 3058 1036 Lex
3082 983 3224 1036 enim
3251 986 3473 1039 omnino
3495 1001 3593 1042 nos

1986 1076 2052 1129 ad
2083 1074 2370 1129 Christum
2421 1072 2761 1129 manuducit.
2797 1074 3122 1144 Legisperiti
3156 1077 3342 1146 igitur,
3369 1079 3460 1148 qui
3490 1080 3591 1133 sibi

1993 1177 2144 1223 recte
2189 1167 2362 1236 legem
2415 1168 2765 1237 interpretari
2807 1169 3153 1232 videbantur,
3202 1172 3445 1226 scientiae
3484 1173 3597 1227 cla-

1986 1275 2107 1315 vem
2157 1260 2397 1330 maligne
2433 1261 2714 1324 tenebant,
2767 1271 2818 1314 et
2878 1278 2985 1315 non
3033 1265 3354 1330 aperiebant
3403 1265 3598 1332 januas

1985 1352 2145 1420 legis,
2176 1368 2277 1422 per
2307 1367 2446 1423 quas
2483 1354 2757 1407 intrarent
2790 1364 2843 1407 et
2877 1355 2974 1422 ipsi
3005 1365 3058 1408 et
3083 1357 3315 1423 populus
3341 1357 3405 1409 ad
3436 1358 3596 1412 Chri-

1987 1453 2158 1510 stum,
2204 1445 2654 1512 quandoquidem
2705 1443 2789 1499 lex
2839 1446 3004 1511 ianua
3055 1457 3137 1500 est
3181 1448 3247 1501 ad
3273 1444 3593 1503 'Christum.

1988 1532 2386 1588 Verumtamen
2415 1534 2584 1602 janua
2622 1535 2724 1589 ista
2759 1535 2945 1591 clausa
2978 1547 3082 1600 est,
3113 1540 3215 1591 nisi
3251 1540 3374 1608 quis
3407 1542 3598 1596 obscu-

1990 1628 2212 1682 ritatem
2255 1627 2393 1698 legis
2428 1627 2746 1684 manifestet
2791 1638 2847 1684 et
2882 1633 3113 1699 aperiat,
3151 1632 3429 1699 faciatque
3480 1649 3599 1688 ina-

1991 1721 2272 1777 uifestam.
2307 1721 2525 1777 Etenim
2565 1723 2829 1778 Dominus
2860 1724 2996 1778 dixit
3029 1745 3040 1779 :
3077 1744 3095 1776 ι
3138 1727 3193 1781 Si
3231 1728 3599 1783 credidissetis

1993 1811 2162 1880 Mosi,
2217 1818 2536 1871 eredissetis
2597 1818 2785 1885 utique
2852 1817 3072 1872 mihi“.
3127 1839 3146 1870 ›
3199 1819 3266 1873 Ει
3338 1821 3533 1875 iterum
3583 1840 3595 1874 :

255 1905 405 1976 ἐμοί.
433 1927 450 1958 ι
476 1909 591 1961 Καὶ
609 1886 797 1962 πάλινο
833 1928 851 1961 ι
878 1909 1168 1979 Ἐρευνᾶτε
1203 1910 1302 1972 τὰς
1328 1909 1577 1980 Γραφὰς,
1606 1910 1688 1962 ὅτι
1718 1904 1877 1963 αὗταί

1995 1909 2336 1964 Scrutatniui
2371 1909 2708 1981 Scripturas,
2738 1913 2998 1979 quoniam
3033 1914 3148 1968 ista:
3183 1924 3309 1968 sunt
3341 1931 3462 1984 quae
3526 1929 3601 1969 te-

257 1999 400 2050 είσιν
428 1999 485 2052 αί
517 2001 901 2072 μαρτυροῦσαι
930 2001 1060 2073 περὶ
1091 1999 1249 2071 ἐμοῦ,
1282 2003 1378 2054 καὶ
1412 2002 1574 2071 ὑμεῖς
1604 2002 1663 2054 ού
1690 2003 1875 2055 θέλετε

256 2090 437 2144 ἐλθεῖν
475 2093 614 2163 πρὸς
639 2111 726 2164 με.
761 2114 778 2146 ι
810 2088 938 2148 υἶον
965 2094 1041 2159 ὼς
1081 2095 1174 2148 ἐπὶ
1210 2095 1326 2155 ἐνὸς
1370 2095 1674 2160 ὑποδεῖξαι,
1708 2096 1877 2166 ἀμνὸς

253 2185 531 2253 ἐσφάζετο
548 2189 661 2250 τοῖς
690 2186 988 2252 Ἰουδαίοις,
1011 2187 1259 2258 ἐχρίοντο
1278 2189 1332 2241 αί
1348 2187 1524 2258 φλιαὶ,
1545 2189 1640 2241 καὶ
1655 2189 1725 2241 τὰ
1742 2189 1880 2260 κρέα

254 2274 468 2347 ἢσθιον,
498 2278 599 2330 καὶ
633 2272 701 2350 ἦν
733 2278 919 2342 αύτοῖς
954 2279 1080 2348 νίκη
1124 2277 1287 2332 τοῦτο
1328 2277 1470 2331 κατὰ
1501 2277 1594 2330 τοῦ
1624 2277 1882 2348 ὀλοθρευ-

254 2370 375 2426 τοῦ.
416 2370 592 2424 Τοῦτο
620 2372 676 2425 δὲ
709 2371 856 2427 ἅπαν
886 2374 947 2426 τὸ
995 2372 1090 2426 τοῦ
1125 2371 1370 2443 Χριστοῦ
1417 2373 1722 2443 μυστήριον
1753 2372 1878 2442 ἐδήο

254 2462 372 2524 λου,
429 2458 492 2518 οῦ
530 2464 608 2530 ὡς
647 2465 826 2538 ἀμνοῦ
869 2464 1108 2538 ἀμώμου
1141 2467 1235 2520 καὶ
1275 2465 1510 2519 ἀσπίλου
1547 2465 1879 2534 σφαγέντος,

255 2557 597 2628 ἐχρῐσθησαν
621 2561 678 2613 αῖ
711 2560 984 2631 ἡμέτεραι
1021 2560 1199 2628 φλιαὶ,
1240 2560 1415 2631 θυμὸς
1456 2559 1552 2614 καὶ
1585 2558 1880 2630 ἐπιθυμία,

256 2652 355 2703 καὶ
393 2651 456 2704 τὸ
507 2651 718 2705 τούτων
753 2635 1078 2724 ύπέρθύ-ρον
1117 2655 1179 2707 τδ
1233 2655 1582 2722 λογιστικόνθ
1629 2654 1725 2707 καὶ
1781 2655 1880 2723 τὴν

260 2744 445 2816 σάρκα
482 2745 578 2799 τοῦ
618 2745 752 2799 Υἱοῦ
784 2745 878 2799 τοῦ
913 2745 1210 2819 ἀνθρώπου
1253 2748 1562 2817 ἐφάγομεν,
1611 2748 1705 2800 καὶ
1740 2764 1882 2798 νενι-

259 2839 520 2911 κήκαμεν
557 2839 652 2894 τὸν
686 2840 786 2906 τὰς
827 2841 1072 2912 ψυχικὰς
1105 2842 1266 2913 ἡμῶν
1305 2841 1569 2912 δυνάμεις
1615 2839 1882 2910 ὀλοθρεύ-

261 2951 415 2990 οντα.
440 2935 550 2988 Καὶ
581 2935 650 2987 τὰ
678 2933 852 2989 πλείω
882 2936 938 2989 δὲ
967 2935 1060 2988 τοῦ
1087 2935 1259 3006 νόμου
1289 2936 1380 2989 τὸν
1412 2935 1652 3007 Χριστὸν
1681 2934 1885 3005 ὑπεδή-

262 3025 411 3082 λουν.
445 3025 859 3096 Κεκλεισμένος
891 3027 1080 3098 μέντοι
1112 3022 1182 3098 ἦν
1224 3025 1449 3098 ὀδνὸμος
1479 3028 1547 3099 τῇ
1584 3023 1678 3080 τοῦ
1702 3024 1885 3096 γράμο

264 3136 440 3190 ματος
472 3119 738 3190 ἀσαφείᾳ,
781 3118 974 3192 ὥσπερ
1001 3121 1112 3174 τινὶ
1142 3119 1306 3193 θύρᾳ.
1361 3117 1493 3172 Ἐὰν
1531 3116 1590 3172 δέ
1614 3135 1698 3182 τις
1737 3116 1886 3170 διδα-

264 3212 499 3268 σκαλίαν
553 3211 990 3284 ἐνεκεχείριστό,
1037 3206 1198 3277 οὗτος
1236 3209 1350 3282 εἶχε
1402 3212 1503 3283 τὴν
1553 3210 1746 3264 κλεῖδα
1783 3208 1888 3279 τῆς

261 3306 560 3374 γνώσεωςο
597 3304 693 3358 καὶ
728 3305 777 3358 εί
804 3302 1093 3375 ὴδούλετο,
1119 3297 1335 3374 ἧνοιξεν
1381 3302 1471 3366 ἂν,
1505 3301 1601 3356 καὶ
1634 3301 1799 3365 αὑτός
1829 3317 1888 3354 τε

263 3399 513 3471 εἰσῆλθε.
544 3401 640 3454 καὶ
673 3399 860 3464 ἄλλοις
886 3397 1082 3468 ὁδηγδς
1116 3397 1358 3466 ἐγένετο,
1401 3397 1543 3467 ὅπερ
1581 3397 1633 3450 οἱ
1668 3395 1889 3464 νομικοὶ

258 3495 367 3550 οὐκ
406 3494 700 3566 ἐποίησαν,
754 3493 872 3548 ἀλλ’
911 3489 1061 3564 ἦραν
1097 3493 1202 3563 τὴν
1241 3490 1431 3545 κλεῖδα
1468 3490 1571 3560 τῆς
1606 3489 1887 3559 γνώσεως,

264 3591 553 3643 τουτέστιν
612 3587 972 3659 ἀπέκρυψαν,
1014 3585 1315 3655 ἠφάνισαν,
1345 3583 1441 3637 καὶ
1463 3583 1655 3653 λοιπὸν
1692 3581 1768 3644 ὡς
1787 3581 1890 3647 τῆς

265 3679 482 3746 κλειδὸς
511 3680 780 3754 ἀρθείσης
813 3683 880 3735 ἐκ
925 3678 1120 3751 μέσου,
1154 3679 1278 3748 ἦτοι
1324 3680 1424 3747 τῆς
1455 3673 1760 3747 ἑρμηνείας
1793 3671 1889 3726 τοῦ

262 3777 460 3847 νόμου,
491 3773 678 3849 ἐμεινε
708 3772 1090 3846 οιεκλεισμένη
1131 3773 1164 3844 ἠ
1211 3769 1408 3827 τούτου
1445 3767 1610 3842 θύρα.
1650 3768 1890 3840 Νοὴσειις

263 3870 310 3925 δ’
345 3869 412 3926 ἂν
447 3872 544 3925 καὶ
590 3870 700 3942 τὴν
727 3869 914 3923 πίστιν
949 3868 1139 3922 κλεῖδα
1179 3867 1282 3936 τῆς
1321 3865 1604 3934 γνώσεως.
1644 3863 1744 3917 Διὰ
1781 3861 1891 3932 γὰρ

262 3967 368 4037 τῆς
407 3964 650 4030 πίστεως
693 3964 1118 4034 προσγίνεταιή
1175 3962 1275 4032 τῆς
1335 3956 1604 4028 ἀληθέίας
1644 3957 1848 4027 γνῶσις
1872 3970 1888 3986 ·

262 4061 364 4115 καὶ
391 4058 527 4130 γοῦν
555 4060 584 4113 ὁ
618 4059 911 4129 προφήτης
949 4055 1178 4117 Ἡσαΐας
1211 4053 1345 4123 φησι
1372 4069 1386 4083 ο
1431 4072 1449 4104 ι
1493 4053 1628 4115 Καὶ,
1659 4049 1788 4102 Ἐὰν
1828 4047 1890 4101 ού

265 4151 634 4222 πιστεύσητε,
667 4148 781 4205 οὐδ’
808 4147 872 4202 ού
912 4146 989 4218 μὴ
1021 4144 1249 4215 συνῆτε.
1297 4162 1316 4195 ι
1361 4144 1424 4196 Οί
1456 4140 1640 4194 τοίνυν
1671 4135 1891 4208 νομικοὶ

264 4244 370 4315 τὴν
389 4243 583 4299 κλεῖδα
611 4241 838 4312 ταύτης,
882 4240 1006 4311 ἦτοι
1029 4241 1137 4309 τὴν
1169 4236 1383 4301 πίστιν,
1415 4229 1562 4304 ἦραν
1587 4234 1652 4286 ἐκ
1697 4229 1891 4303 μέσου,

267 4340 366 4393 καὶ
392 4317 747 4409 ἀπέκρυψαν.
784 4329 860 4389 Οὐ
895 4330 1159 4404 γὰρ-εἴων
1187 4319 1476 4384 πιστεύειν
1506 4327 1660 4391 τινὰς
1689 4326 1775 4390 είς
1800 4324 1893 4380 τὸν

265 4430 410 4486 ὅλων
433 4427 672 4500 Σωτῆρα
704 4425 970 4498 Χριστόν.
1012 4420 1494 4492 Ἐθαυματούργει
1524 4419 1762 4484 ἐκεῖνος,
1798 4418 1895 4472 καὶ

265 4526 297 4578 δ
319 4521 450 4586 λαὸς
479 4520 571 4575 διὰ
614 4518 727 4573 τῶν
757 4517 1059 4589 θαυμάτων
1095 4513 1396 4579 πιστεύων,
1450 4511 1684 4582 ἔμελλεν
1712 4512 1900 4578 ἐπιγι-

1987 1998 2308 2052 stimonium
2335 2001 2622 2067 perhibent
2647 2005 2714 2055 de
2745 2017 2848 2056 me.
2878 1999 2943 2055 Et
2971 2019 3065 2057 vos
3087 2020 3191 2058 non
3225 2005 3386 2059 vultis
3415 2006 3601 2062 venire

1995 2091 2060 2142 ad
2096 2105 2202 2145 me.
2239 2090 2305 2145 Et
2347 2101 2402 2144 ut
2438 2093 2670 2160 exempli
2703 2094 2878 2162 gratia
2912 2111 3080 2148 unum
3113 2099 3400 2151 ostendam
3439 2115 3450 2150 :
3503 2114 3602 2168 ag-

1993 2199 2097 2238 nus
2127 2184 2516 2238 immolabatur
2549 2201 2577 2237 a
2613 2184 2817 2239 ludatis
2843 2226 2857 2251 ,
2902 2195 2957 2241 et
2988 2190 3331 2258 ungebautur
3365 2191 3599 2259 superli-

1990 2278 2245 2342 minaria,
2279 2287 2334 2330 et
2362 2291 2555 2333 carnes
2589 2279 2972 2344 comedebant,
3040 2291 3094 2334 et
3130 2292 3248 2335 erat
3276 2284 3356 2337 eis
3388 2285 3490 2338 hoc
3520 2286 3601 2337 vi-

1989 2372 2161 2424 ctoria
2239 2379 2433 2424 contra
2512 2372 3023 2428 exterminatorem.
3086 2375 3447 2445 Signiﬁcabat
3499 2379 3602 2434 hoc

1988 2463 2152 2533 plane
2191 2463 2513 2534 mysterium
2549 2463 2777 2530 Christi,
2813 2481 2920 2534 quo
2962 2476 3018 2522 ut
3054 2483 3192 2537 agno
3248 2471 3599 2528 immaculato

1989 2567 2042 2612 et
2093 2573 2228 2628 puro
2267 2559 2453 2614 occiso
2489 2558 2694 2629 perfusi
2749 2570 2877 2615 sunt
2933 2564 3106 2618 uestri
3146 2573 3350 2633 postes,
3412 2565 3492 2618 ira
3549 2577 3606 2619 et

1991 2651 2461 2719 concupiscentia,
2495 2662 2550 2706 et
2597 2653 2790 2707 horum
2837 2655 3286 2724 superliminare,
3323 2657 3605 2712 rationalis

1995 2744 2076 2797 vis
2117 2759 2130 2797 :
2167 2758 2505 2813 carnemque
2541 2743 2663 2799 Filii
2702 2747 2941 2800 hominis
2981 2749 3345 2813 comedimus,
3379 2759 3434 2803 et
3469 2750 3604 2804 vici-

1993 2851 2120 2890 mus
2159 2836 2378 2906 quidem
2414 2838 2682 2892 animales
2716 2840 2947 2894 virtutes
3002 2850 3221 2895 nostras
3262 2843 3600 2911 perdentem.

1993 2928 2065 2984 Et
2109 2931 2374 2999 pleraque
2405 2931 2458 2986 in
2493 2930 2612 3002 lege
2639 2931 2921 2988 Christum
2957 2933 3371 3002 significabant.
3404 2937 3601 2991 Clausa

1993 3023 2141 3078 enim
2171 3031 2291 3078 erat
2320 3022 2406 3078 lex
2457 3024 2799 3080 obscuritate
2834 3023 3051 3092 litterae,
3083 3028 3237 3095 quasi
3270 3028 3437 3097 janua
3470 3045 3608 3100 qun-

1993 3117 2138 3172 dam.
2175 3116 2232 3170 Si
2269 3125 2451 3172 autem
2486 3118 2729 3188 cuipiam
2776 3119 3026 3174 doctrina
3073 3125 3387 3178 concredita
3420 3125 3603 3188 fuerit,

1997 3209 2088 3266 hic
2128 3211 2296 3265 habet
2327 3210 2538 3266 clavem
2569 3211 2815 3268 scientia:
2849 3231 2862 3267 :
2894 3214 2939 3268 si
2993 3214 3247 3269 voluerit.
3271 3219 3509 3288 aperire,
3553 3231 3608 3274 et

1997 3303 2116 3374 ipse
2147 3304 2398 3371 intrabit,
2430 3315 2482 3360 et
2517 3306 2638 3361 aliis
2694 3309 2801 3361 dux
2853 3309 2999 3363 erit:
3033 3308 3084 3363 id
3119 3311 3263 3379 quod
3306 3314 3607 3384 lcgisperiti

1997 3413 2106 3453 non
2164 3397 2438 3465 fecerunt,
2477 3401 2573 3455 sed
2625 3401 2868 3456 tulerunt
2920 3403 3129 3457 clavem
3181 3405 3447 3472 scientizr,
3502 3408 3608 3463 hoc

1995 3501 2080 3546 est
2127 3492 2564 3559 absconderunt,
2593 3494 2986 3561 obscurarunt,
3020 3507 3075 3552 et
3104 3497 3219 3567 jam
3252 3500 3411 3569 quasi
3460 3500 3605 3556 clavi

1997 3596 2028 3637 e
2053 3581 2233 3636 medio
2262 3581 2501 3658 sublata,
2532 3583 2635 3638 hoc
2661 3593 2747 3639 est
2773 3584 2909 3654 legis
2937 3585 3419 3656 interpretatione,
3453 3605 3610 3644 mau-

1999 3675 2072 3730 sit
2107 3674 2296 3730 clausa
2352 3676 2470 3744 ejus
2519 3676 2710 3745 janua.
2745 3677 3024 3749 lntelligas
3059 3681 3185 3734 item
3217 3693 3274 3735 et
3310 3681 3471 3736 {idem
3504 3685 3612 3739 cla-

1998 3780 2122 3821 vem
2185 3780 2308 3821 esse
2352 3768 2618 3822 scientiae.
2649 3767 2752 3820 Per
2785 3768 2944 3823 ﬁdem
2982 3772 3130 3825 enim
3163 3774 3324 3827 datur
3359 3777 3612 3833 veritatis

1999 3860 2231 3918 scientia
2269 3878 2282 3916 :
2315 3860 2462 3916 unde
2488 3862 2754 3932 propheta
2784 3863 2956 3918 Isaias
2987 3866 3121 3919 dicit
3155 3883 3168 3920 :
3207 3885 3225 3917 ι
3270 3868 3386 3922 Nisi
3419 3871 3608 3924 credi-

1999 3956 2226 4024 deretis,
2268 3971 2374 4011 non
2421 3957 2824 4028 intelligetis“.
2867 3977 2885 4011 ι
2922 3959 3092 4029 Igitur
3142 3961 3441 4031 legisperiti
3496 3963 3611 4017 cla-

2001 4065 2120 4106 vem
2148 4051 2314 4117 hanc,
2335 4051 2438 4107 hoc
2464 4061 2548 4106 est
2579 4052 2762 4119 ﬁdem,
2785 4068 2816 4108 e
2844 4053 3010 4126 364
3034 4056 3210 4109 medio
3268 4056 3614 4112 abstulerunt

1997 4151 2054 4197 et
2128 4143 2564 4199 absconderant.
2623 4142 2741 4198 Non
2801 4149 2949 4199 enim
3013 4148 3266 4200 sinebant
3342 4151 3613 4218 quosdam

1999 4235 2228 4292 credere
2264 4237 2316 4290 in
2347 4234 2634 4291 Christmn
2680 4237 2930 4292 omnium
2971 4237 3340 4293 Salvatorem.
3379 4240 3474 4294 Ille
3511 4241 3614 4294 mi-

2002 4330 2192 4386 racula
2248 4329 2511 4391 faciebat,
2553 4341 2608 4382 et
2652 4331 2885 4399 populus
2922 4348 3020 4401 per
3063 4332 3324 4386 miracula
3379 4333 3612 4389 credens

2003 4424 2293 4493 agniturus
2346 4431 2466 4476 erat
2516 4422 2687 4476 Deum
2725 4440 2738 4476 :
2769 4433 2824 4476 at
2858 4423 2911 4476 hi
2941 4423 2998 4476 in
3033 4422 3322 4478 Beelzebol
3358 4426 3615 4480 dicebam.

2002 4514 2206 4585 ejicere
2285 4512 2560 4568 daatnonia
2582 4515 2650 4567 ".
2692 4511 2859 4568 Vides
2926 4506 3204 4582 quomodo
3268 4515 3615 4570 abstulerunt

265 4614 505 4670 νώσκειν
535 4612 700 4667 αὑτὸν
732 4611 869 4666 Θεόν
891 4626 906 4643 ⁶
937 4611 989 4665 οι
1016 4609 1073 4666 δὲ
1095 4611 1152 4663 ἐν
1185 4607 1519 4673 Βεελζεδοὺλ
1545 4606 1734 4674 ελεγον
1765 4605 1884 4658 ἐπι-

2005 4607 2216 4662 elavetu
2266 4606 2534 4671 scientiae,
2571 4621 2681 4661 non
2711 4607 2958 4660 sinentes
2994 4607 3222 4661 credere
3252 4607 3304 4661 id
3337 4622 3436 4677 per
3465 4606 3613 4676 quod

267 4709 450 4765 τελεῖν
475 4708 640 4763 αὐτὸν
665 4708 736 4762 τὰ
761 4705 1046 4775 θαύματα.
1081 4705 1247 4775 Ὁρᾷς
1279 4702 1398 4765 πῶς
1417 4697 1564 4773 ἦραν
1587 4700 1689 4769 τὴν
1707 4698 1895 4754 κλεῖδα

266 4803 372 4876 τῆς
389 4804 672 4872 γνώσεως,
699 4801 812 4854 ὀὐκ
836 4797 1040 4861 ἐῶντες
1064 4795 1354 4850 πιστεύειν
1385 4794 1466 4864 τῷ
1492 4793 1560 4848 δι’
1591 4784 1653 4846 οὗ
1682 4795 1715 4863 ὴ
1753 4791 1896 4858 γνῶ.

270 4911 358 4959 αις
385 4895 574 4958 αὐτοῖς
613 4892 845 4963 ἔμελλεν
889 4889 1278 4958 ἐπιγίνεσθαις
1323 4886 1643 4946 Ἔδίδασκεν
1687 4887 1743 4936 ἐν
1773 4886 1895 4947 ταῖς

270 4989 633 5058 Συναγωγαῖς
656 4989 716 5042 τὸ
733 4987 957 5059 θέλημα
980 4983 1077 5038 τοῦ
1103 4984 1270 5048 Θεοῦ,
1288 4983 1339 5035 οἱ
1366 4984 1423 5035 δὲ
1451 4983 1664 5049 ἔλεγον,
1692 4979 1896 5050 Δαιμόο

269 5086 394 5139 νιον
421 5083 560 5154 εχει,
582 5082 682 5136 καὶ
714 5080 994 5151 μαίνεται.
1014 5079 1068 5132 τί
1098 5075 1268 5130 αὑτοῦ
1301 5074 1532 5130 ἀκούετε
1552 5091 1566 5139 ;
1586 5071 1772 5146 Ἦραν
1799 5069 1894 5128 οῦν

271 5173 419 5232 κατὰ
449 5171 512 5226 τὸ
548 5171 753 5242 ἀληθὲς
798 5171 901 5242 τὴν
945 5167 1135 5223 κλεῖδα
1179 5165 1278 5236 τῆς
1311 5163 1594 5233 γνώσεως,
1623 5164 1792 5218 ’,αὐτοί
1823 5179 1885 5216 τε

270 5269 375 5322 οὐκ
407 5265 688 5337 εἰσῆλθον,
725 5264 822 5320 καὶ
856 5263 1086 5335 ἐτᾷρους
1143 5258 1521 5324 κεκωλύκασι,
1571 5258 1668 5320 καὶ
1717 5255 1894 5310 ταῦτα

270 5358 732 5432 είσερχομένους,
784 5354 1072 5410 τουτέστιν
1134 5350 1481 5423 ἐπιτηδείους
1534 5350 1697 5412 ὂντας
1760 5347 1898 5418 πρὸς

276 5452 643 5524 θεογνωσίαν.
682 5451 807 5506 Ἐτι
859 5449 919 5504 δὲ
941 5446 1116 5505 αὑτοῦ
1151 5447 1327 5503 ταῦτα
1360 5446 1643 5513 λέγοντος,
1695 5435 1898 5496 ἐκεῖνοι

270 5547 469 5619 ὥσπερ
497 5543 1034 5617 ἐπιμαρτυροῦντες,
1052 5543 1176 5607 τοῖς
1199 5543 1388 5612 λόγοις
1417 5537 1614 5607 αὑτοῦ,
1633 5538 1755 5593 δέον
1773 5538 1898 5590 ἐπιο

271 5641 483 5712 γνῶναι
505 5641 622 5712 -τὴν
651 5639 865 5694 οίκείαν
913 5636 1232 5701 ἀσθένειαν,
1277 5635 1638 5691 ἐπεδείκνυον
1665 5634 1900 5694 ἑαυτοὺς

271 5736 439 5808 δῆθεν
465 5735 817 5806 σοφωτέρους
844 5733 1038 5801 αὑτοῦ,
1075 5734 1170 5787 καὶ
1189 5731 1263 5802 δὴ
1296 5728 1765 5802 ἀποστοματίζειν
1800 5729 1902 5781 αύ-

345 5925 396 5960 "
428 5924 584 5984 Joaa.
617 5923 782 5986 v.46.
864 5923 907 5954 "
937 5922 1038 5976 lea.
1065 5937 1167 5984 vn,
1205 5917 1262 5974 9.
1338 5922 1384 5954 "
1425 5919 1620 5974 Matth.
1666 5931 1763 5981 xu,
1800 5915 1893 5971 24.

601 6025 880 6086 Parnm.
927 6021 1049 6085 Gn.
1103 6019 1386 6085 CXXIII.

2001 4701 2295 4756 scientiam
2345 4700 2422 4754 illi
2477 4700 2803 4768 acquisituri
2854 4710 3032 4754 erant.
3067 4701 3307 4755 Docebat
3357 4702 3504 4754 enim
3558 4701 3613 4755 in

2001 4792 2307 4865 Synagogis
2361 4795 2699 4849 voluntatem
2750 4793 2842 4847 Dei
2901 4813 2911 4846 :
2956 4793 3034 4847 illi
3091 4805 3272 4847 autem
3309 4793 3608 4847 dicebant:

2004 4887 2353 4963 Drenroniutn
2411 4888 2596 4951 habet,
2626 4897 2681 4940 et
2729 4888 2932 4941 insanit
2961 4906 2974 4940 :
3007 4888 3135 4956 quid
3184 4886 3334 4940 illum
3371 4887 3611 4940 auditis?

2001 4979 2266 5034 Tulerunt
2308 4979 2473 5050 igitur
2514 4993 2643 5033 vere
2699 4977 2908 5032 clavem
2971 4976 3236 5042 scientiae,
3269 4985 3325 5031 et
3378 4977 3478 5046 ipsi
3530 4977 3613 5029 in-

2005 5073 2198 5146 gressi.
2218 5088 2324 5129 non
2355 5081 2505 5137 sunt,
2539 5083 2598 5126 et
2659 5072 2797 5126 alios
2828 5071 3229 5140 prohibuerunt
3258 5070 3498 5124 maxime
3530 5068 3613 5122 in-

2006 5165 2342 5236 gredientes,
2386 5165 2488 5220 hoc
2562 5175 2648 5220 est
2691 5164 2967 5220 studiosos
3015 5162 3345 5233 cognitionis
3390 5161 3609 5216 divine.

2006 5261 2103 5316 Illo
2143 5272 2326 5314 autem
2378 5261 2558 5315 adhuc
2603 5259 2863 5330 loquente
2907 5259 3042 5321 haec,
3073 5257 3148 5311 illi
3184 5255 3342 5324 quasi
3377 5263 3607 5309 attesta-

2000 5363 2194 5412 rentur
2218 5355 2366 5410 dicta
2385 5353 2528 5423 ejus,
2553 5367 2681 5406 eum
2708 5359 2990 5421 oporteret
3011 5348 3294 5420 propriam
3309 5359 3608 5416 agnoscere

2001 5448 2464 5513 imbecillitatem,
2489 5453 2841 5501 ostentarunt
2874 5458 2933 5498 se
2961 5443 3055 5498 illo
3087 5439 3342 5496 videlicet
3391 5439 3607 5507 sapien-

2001 5543 2193 5610 tiores,
2224 5551 2389 5611 atque
2422 5541 2714 5596 oceludere
2771 5539 2850 5593 illi
2899 5553 2984 5605 os,
3016 5537 3162 5607 quod
3196 5534 3374 5590 Graeci
3419 5533 3610 5588 dicunt

2003 5634 2492 5706 ἀποστοματίζειν,
2574 5633 2933 5703 incipiebant,
2992 5633 3093 5686 hoc
3157 5639 3242 5684 est
3299 5627 3614 5695 frequenter

2005 5730 2367 5801 intermgare,
2393 5737 2448 5783 et
2481 5726 2798 5798 perplexum
2823 5723 3001 5780 facere
3027 5745 3038 5779 :
3066 5724 3117 5779 id
3152 5722 3294 5792 quod
3327 5720 3443 5776 fieri
3475 5719 3616 5774 soht

3205 5997 3281 6061 28
