4256 6432
283 391 390 456 877

967 394 1416 457 ENARRATIO
1452 399 1528 458 ΙΝ
1566 395 2072 457 EVANGELIUM
2116 397 2352 458 LUCE.
2395 424 2462 435 -
2494 398 2656 459 CAP.
2702 400 2844 460 Xll.

3480 402 3596 466 878

279 501 434 556 πᾶσα
458 500 772 573 ὑπόκρισις,
798 501 928 556 ἄλλο
956 504 1056 573 μὲν
1080 503 1452 575 πλαττομένη,
1475 504 1606 560 ἄλλο
1626 504 1683 558 δὲ
1721 499 1878 558 οὖσα.

1990 503 2113 558 dein
2131 513 2239 572 est,
2260 515 2314 562 et
2333 507 2480 562 aliud
2508 508 2679 578 lingit.
2700 505 2959 562 Pharismi
2979 504 3187 578 itaque,
3210 508 3408 579 inquit,
3429 510 3598 569 latcre

280 594 344 646 Οί
376 591 476 662 μὲν
508 591 600 645 οὖν
630 589 941 661 Φαρισαῖοι,
975 596 1162 666 φησὶν,
1211 597 1418 650 οῐονται
1465 595 1754 650 λανθάνειν
1781 594 1877 649 διὰ

275 684 376 753 τῆς
405 685 769 756 ὑποκρίσεως,
796 686 855 739 τὺ
886 687 1228 758 χρηστόηθες
1259 689 1443 754 αὐτοῖς
1480 689 1880 763 περιποιούμε-

275 792 376 830 νοι.
417 775 561 845 Πλὴν
603 775 760 829 οὐδὲν
795 777 1325 848 συγκεκαλυμμένον
1357 782 1507 834 ἐστὶν
1549 781 1578 836 ὃ
1607 781 1710 836 οὐκ
1738 781 1879 835 ἀποο

275 866 708 938 καλυφθήσεται.
758 869 945 922 Πάντα
971 869 1088 942 γάρ
1122 872 1222 926 καὶ
1264 874 1489 942 ῥήματα
1521 875 1615 927 καὶ
1660 873 1879 945 διανοήο

276 976 426 1030 ματα
458 960 644 1031 γυμνὰ
677 963 1233 1033 παραστήσονταιτῷ
1267 964 1572 1036 τελευταίῳ
1604 965 1705 1035 μὲν
1737 965 1878 1019 πάν-

271 1067 380 1111 τως
402 1053 693 1124 κριτηρίῳ,
723 1053 864 1124 πλὴν
896 1058 1000 1108 κᾶν
1029 1055 1112 1122 τῷ
1147 1057 1376 1128 παρόντι
1405 1057 1508 1128 βίῳ
1539 1057 1714 1113 πολλά
1766 1058 1878 1111 τῶν

271 1145 668 1215 κρυπτομένων
701 1147 1050 1215 γυμνοῦσθαι
1087 1149 1265 1216 φιλεῖ·
1315 1149 1418 1203 ὅσα
1458 1148 1553 1203 οὖν
1581 1151 1777 1205 εἴπατε
1818 1151 1877 1203 ὲν

269 1236 337 1304 τῇ
395 1235 586 1305 σκοτία
621 1238 717 1289 καὶ
761 1238 820 1290 ὲν
855 1241 966 1303 τοῖς
1014 1238 1289 1310 ταμείοις,
1327 1240 1425 1293 καὶ
1450 1241 1699 1312 κρυφίως
1748 1243 1874 1296 ὲλα-

270 1324 499 1395 λήσατε,
525 1329 937 1398 κηρυχθήσεται
973 1330 1068 1383 ἐπὶ
1099 1331 1180 1402 τῷ
1208 1334 1350 1400 φωτὶ
1381 1333 1470 1386 καὶ
1503 1333 1598 1386 ἐπὶ
1634 1333 1745 1388 τῶν
1773 1335 1874 1388 δω-

272 1419 481 1488 μάτων.
518 1419 706 1472 Ταῦτα
732 1421 789 1474 δὲ
830 1422 1086 1489 φαίνεται
1136 1425 1236 1494 μὲν
1274 1425 1416 1495 πρὸς
1454 1424 1583 1488 τοὺς
1617 1425 1874 1497 μαθητὰς

269 1507 468 1578 λέγων,
508 1512 645 1582 πρὸς
700 1512 757 1564 δὲ
793 1515 919 1577 τοὺς
958 1515 1297 1586 Φαρισαίους
1344 1517 1722 1582 ἀποτείνεται,
1774 1519 1875 1583 τὰς

269 1601 454 1656 αὐτῶν
487 1603 783 1668 επιϐουλὰς
825 1605 1224 1676 αἰνιττόμενος,
1252 1609 1348 1663 καὶ
1383 1611 1674 1681 μονονουχὶ
1711 1609 1874 1664 τοῦτο

267 1691 447 1758 δηλῶν
485 1697 694 1760 αὐτοῖς,
729 1696 832 1750 κᾶν
873 1699 1004 1770 δοκῇ
1043 1699 1182 1770 πρὸς
1233 1703 1362 1767 τοὺς
1410 1702 1664 1773 μαθητὰς
1693 1703 1873 1757 ταῦτα

269 1784 475 1854 λέγειν.
511 1787 657 1853 Ὅτι,
710 1782 756 1843 ὦ
789 1791 1101 1860 Φαρισαῖοι,
1140 1792 1242 1845 ὅσα
1281 1794 1338 1847 ὲν
1367 1796 1434 1865 τῇ
1471 1795 1684 1866 σκοτίᾳ,
1718 1812 1874 1848 τουτ-

1988 609 2050 650 se
2087 605 2284 661 putant
2331 612 2430 668 per
2476 598 2821 668 hypocrisin,
2849 600 3031 654 bonos
3082 612 3264 655 mores
3306 599 3410 655 sibi
3438 600 3587 656 ellln-

1987 699 2200 759 gentes.
2237 691 2406 762 Atqui
2463 691 2600 746 nihil
2651 689 2930 746 occultum
2973 701 3080 758 est,
3110 693 3256 762 quod
3292 705 3401 747 non
3442 707 3622 748 reve-s

1988 779 2212 836 labitur.
2245 781 2442 837 Omnia
2494 785 2640 839 enim
2677 792 2731 839 et
2760 784 2927 839 verba
2957 794 3014 840 et
3042 786 3408 855 cogitationes
3439 789 3599 844 nuda

1986 880 2116 928 ante
2141 871 2414 940 judicium
2439 875 2666 930 omnino
2689 877 2913 945 quidem
2932 877 2984 930 in
3006 879 3376 946 supremolllo
3394 879 3479 935 die
3504 895 3601 949 ap-

1990 967 2263 1037 parebunt
2300 969 2474 1039 :quin
2511 981 2566 1024 et
2608 971 2662 1025 in
2719 970 2980 1040 praesenti
3026 972 3134 1026 vita
3177 973 3349 1028 multa
3401 989 3598 1029 eorum

1985 1076 2108 1131 quae
2152 1063 2525 1130 occultantur,
2575 1065 2925 1121 manifestari
2999 1067 3202 1122 solent.
3242 1067 3602 1137 Quaecunque

1987 1155 2154 1224 igitur
2216 1156 2269 1212 in
2339 1159 2589 1214 tenebris
2633 1159 2874 1227 dixistis,
2928 1170 2982 1216 et
3029 1162 3084 1214 in
3109 1162 3507 1232 promptuariis
3549 1172 3603 1217 et

1985 1247 2204 1303 occulte
2255 1248 2425 1305 locuti
2465 1253 2621 1314 estis.
2692 1253 3140 1322 praedicabantur
3191 1254 3242 1308 in
3291 1255 3503 1309 lumine
3548 1266 3602 1310 et

1987 1339 2042 1394 in
2082 1341 2262 1398 tectis.
2292 1342 2361 1398 Et
2387 1344 2506 1399 haec
2547 1346 2771 1414 quidem
2805 1347 3037 1401 videtur
3066 1347 3132 1400 ad
3164 1347 3468 1418 discipulos
3522 1349 3602 1404 di-

1984 1448 2132 1502 cere,
2181 1436 2275 1492 sed
2344 1439 2411 1491 ad
2471 1437 2784 1494 Ριιτιιιδίροε
2823 1440 3034 1506 dirigit,
3088 1441 3320 1496 insidias
3379 1442 3598 1498 illorum

1985 1507 2275 1583 insinuans
2314 1546 2326 1582 :
2359 1538 2413 1584 et
2444 1531 2601 1601 quasi
2633 1533 2732 1587 hoc
2763 1533 2846 1588 eis
2875 1534 3216 1599 manifestat,
3251 1535 3504 1605 quamvis
3531 1535 3597 1588 ad

1984 1618 2285 1689 discipulos
2336 1622 2590 1679 videatur
2638 1626 2811 1694 loqui.
2859 1626 3156 1692 Quoniam,
3209 1643 3242 1682 ο
3304 1627 3595 1691 Pharisaei,

1983 1726 2327 1784 quatcunque
2392 1716 2446 1770 in
2511 1717 2774 1782 tenebris,
2863 1720 2965 1773 hoc
3033 1728 3117 1774 est
3164 1722 3219 1774 in
3287 1719 3598 1777 tenebrosis

1984 1806 2188 1861 vestris
2216 1807 2497 1873 cordibus,
2529 1810 2805 1879 cogitatis,
2842 1818 3118 1866 tentantes
3162 1826 3249 1866 me
3272 1810 3594 1881 illaqueare,

270 1879 423 1931 ἐστιν
451 1880 508 1931 ὲν
534 1883 655 1943 ταῖς
680 1885 986 1945 σκοτειναῖς
1020 1883 1176 1951 ὑμῶν
1197 1885 1472 1954 καρδίαις,
1491 1886 1873 1957 ηὲμελετήσατε

1987 1896 2044 1950 in
2097 1896 2219 1951 luce
2273 1896 2572 1953 andientur
2603 1911 2656 1954 et
2687 1910 3113 1968 cognoscentur.
3147 1901 3260 1972 Ego
3291 1902 3439 1956 enim
3475 1918 3596 1957 sum

271 1967 603 2036 παγιδεῠσαί
651 1988 719 2040 με
750 1970 1019 2035 θέλοντες,
1050 1973 1109 2025 ὲν
1138 1973 1218 2042 τῷ
1283 1974 1425 2042 φωτὶ
1465 1975 1876 2047 ἀκουσθήσεται

269 2060 367 2112 καὶ
400 2047 814 2130 γνωσθήσεται·
864 2063 977 2130 ὲγὼ
1003 2064 1114 2134 γάρ
1153 2066 1268 2136 είμι
1297 2065 1356 2120 τὸ
1385 2066 1525 2135 φῶς,
1561 2069 1658 2121 καὶ
1686 2069 1747 2120 οὐ
1781 2067 1875 2121 δύ⁴

267 2152 437 2206 νασθέ
479 2170 546 2223 με
587 2153 796 2220 λαθεῖν,
837 2155 952 2208 ἀλλ’
1003 2157 1064 2210 ὲν
1112 2157 1239 2225 ἐμοὶ
1298 2157 1378 2230 τῷ
1409 2159 1552 2228 φωτὶ
1610 2162 1721 2215 πᾶν
1763 2160 1792 2214 δ
1837 2163 1871 2232 ὴ

269 2243 518 2314 ὑμετέρα
563 2247 757 2299 σκοτία
810 2247 1151 2318 βουλεύεται,
1193 2249 1641 2318 διαγινώσκεται.
1689 2253 1802 2308 Καὶ
1849 2252 1877 2307 δ

267 2334 411 2403 πρὸς
449 2336 511 2388 τὸ
566 2331 658 2400 οὖς
704 2339 972 2410 ἀλλήλους
1030 2339 1554 2408 συνεϐουλεύσασθε,
1609 2343 1878 2398 ἀκουστόν

1981 1987 2106 2051 lux,
2131 1998 2186 2043 et
2217 2004 2322 2044 non
2360 1991 2593 2058 potestis
2625 2007 2654 2046 a
2690 2007 2777 2048 me
2807 1993 3099 2059 occultari,
3128 1995 3225 2049 secl
3261 1994 3314 2048 in
3354 2011 3476 2050 meo
3507 1977 3596 2050 lu-

1980 2081 2128 2135 mine
2167 2083 2353 2136 omnia
2393 2083 2748 2139 tenebrarum
2801 2094 3113 2141 vestrarum
3160 2089 3393 2143 consilia
3426 2089 3598 2144 inter-

1979 2182 2303 2228 noscuntur.
2345 2176 2411 2230 Et
2452 2177 2600 2248 quod
2636 2179 2779 2233 inter
2811 2193 2906 2234 vos
2940 2180 2991 2234 in
3025 2194 3187 2236 aures
3241 2182 3593 2248 consultatis,

1979 2259 2054 2314 ita
2090 2262 2223 2316 mibi
2255 2264 2536 2334 cognitum
2569 2277 2654 2321 est
2681 2275 2736 2322 et
2765 2269 3039 2336 auditum,
3073 2271 3306 2340 perinde
3339 2287 3405 2327 ac
3430 2287 3598 2343 super

1978 2369 2190 2410 summa
2225 2365 2364 2411 tecta
2402 2360 2759 2427 praedicatum
2799 2360 3260 2440 fuisset..Poteris
3292 2374 3476 2419 autem
3505 2365 3594 2420 illa

270 2445 365 2498 μοι
415 2430 639 2496 γέγονεν
673 2430 868 2495 οὕτως,
924 2430 1117 2503 ὥσπερ
1164 2432 1230 2487 ἂν
1266 2435 1315 2485 εἰ
1356 2436 1450 2487 ἐπὶ
1492 2435 1602 2487 τῶν
1650 2436 1875 2507 ὑψηλῶν

1985 2451 2140 2505 etiam
2172 2452 2255 2506 sic
2289 2451 2612 2522 intelligere,
2648 2455 2793 2524 quod
2827 2456 2918 2509 lux
2972 2430 3046 2511 sit
3092 2455 3478 2528 Evangelium,
3543 2469 3598 2516 et

265 2519 538 2590 δωμάτων
572 2523 880 2595 ἐκηρύχθη.
931 2523 1123 2578 Ταῦτα
1167 2523 1224 2578 δὲ
1272 2524 1503 2582 δύνασαι
1538 2529 1752 2598 νοῆσαι,
1781 2534 1878 2586 καὶ

267 2613 352 2667 ὅτι
382 2615 498 2681 φῶς
545 2617 644 2686 μέν
675 2619 792 2670 ὲστι
833 2619 893 2670 τὸ
921 2617 1278 2686 Εὑαγγέλιον,
1304 2617 1397 2672 καὶ
1420 2618 1652 2690 δώματα
1670 2622 1876 2695 ὑψηλὰ,

268 2707 329 2760 αί
381 2707 492 2761 τῶν
527 2710 846 2764 ἀποστόλων
882 2711 1091 2782 ὑψηλαὶ
1128 2710 1321 2783 ψυχαί.
1354 2713 1498 2768 Ὀσα
1532 2714 1591 2768 δὲ
1623 2719 1673 2769 οί
1702 2719 1875 2789 Φαρι-

270 2800 414 2851 σαῖοι
449 2799 821 2868 ἐϐουλεύοντο,
859 2803 1250 2876 ἐκηρύχθησαν
1282 2803 1534 2876 ὕστερον,
1574 2811 1670 2862 καὶ
1705 2811 1878 2881 ἡκού-

1977 2553 2120 2600 tecta
2163 2561 2378 2601 summa
2417 2548 2790 2618 apostolorum
2821 2565 3054 2607 summa:
3075 2551 3292 2607 animae.
3325 2550 3599 2620 Qitmcun-

1976 2651 2082 2707 que
2116 2646 2300 2693 autem
2337 2639 2604 2696 Pharisaei
2657 2641 3068 2709 consultarunt,
3106 2648 3406 2715 praedicata
3468 2656 3596 2703 sunt

1978 2741 2166 2799 postea
2201 2741 2255 2787 et
2287 2732 2470 2787 audita
2505 2735 2559 2789 in
2597 2734 2803 2793 lumine
2842 2735 3152 2808 Evangelii,
3190 2748 3376 2795 stante
3428 2756 3594 2811 super

1984 2825 2322 2894 apostolicas
2352 2828 2566 2884 animas
2596 2845 2801 2900 magno
2835 2833 3199 2900 prtedicatore
3234 2834 3470 2905 Spiritu.

268 2894 484 2964 σθησαν
548 2897 607 2950 ὲν
669 2897 750 2968 τῷ
786 2897 926 2952 φωτὶ
968 2896 1066 2951 τοῦ
1139 2897 1520 2969 Εὑαγγελίου,
1570 2903 1667 2958 ἐπὶ
1704 2908 1818 2963 τῶν
1882 2915 2261 2976 ἀποστολικῶν
2309 2923 2501 2994 ψυχῶν
2550 2894 2854 2998 ισταμένου
2905 2928 3001 2983 τοῦ
3049 2894 3293 3000 μεγάλου
3350 2936 3599 3008 κήρυκος

267 2991 366 3047 τοῦ
399 2992 538 3045 Πνεύ
547 3009 742 3062 ματος.

347 3125 366 3158 ι
404 3105 565 3175 Λέγω
594 3105 652 3161 δὲ
678 3106 810 3176 ὑμῖν
836 3107 948 3169 τοῖς
968 3106 1143 3176 φίλοις
1174 3126 1300 3176 μου,
1354 3113 1430 3183 μὴ
1462 3112 1742 3188 φοϐηθῆτε
1768 3118 1878 3174 ἀπὸ

2061 3109 2224 3166 Vens.
2253 3111 2376 3165 4-7.
2420 3129 2440 3164 ι
2478 3110 2611 3168 Dico
2646 3123 2832 3170 autem
2873 3116 3027 3171 vobis
3077 3119 3272 3175 amicis
3310 3126 3484 3190 meis,
3528 3141 3599 3180 ne

266 3201 379 3255 τῶν
416 3201 850 3254 ἀποκτεινόντων
891 3201 954 3254 τὸ
995 3200 1180 3272 σῶμα,
1240 3205 1335 3256 καὶ
1386 3206 1530 3275 μετά
1577 3211 1756 3266 ταῦτα
1799 3213 1876 3286 μὴ

268 3295 505 3367 ἑχόντων
533 3293 922 3366 περισσότερόν
957 3312 1010 3347 τι
1045 3300 1294 3368 ποιῆσαι.
1344 3297 1637 3367 Ὑποδείξω
1664 3297 1719 3359 δὲ
1744 3307 1877 3378 ὑμῖν

268 3392 395 3445 τίνα
434 3389 736 3460 φοϐηθῆτε.
767 3388 1051 3460 Φοϐηθῆτε
1093 3393 1183 3444 τὸν
1234 3393 1374 3464 μετά
1416 3394 1474 3447 τὸ
1525 3397 1876 3468 ἀποκτεῖναι,
1911 3418 1916 3423 ·

268 3485 522 3553 ἐξουσίαν
561 3486 756 3557 ἔχοντα
791 3487 1050 3554 ἐμϐαλεῖν
1082 3489 1161 3551 είς
1185 3488 1284 3559 τὴν
1311 3491 1560 3558 γέενναν.
1594 3493 1704 3547 Ναὶ
1731 3495 1878 3565 λέγω

269 3583 422 3651 υμῖν,
451 3579 637 3635 τοῦτον
663 3579 960 3650 φοϐηθῆτε.
981 3580 1116 3650 Οὐχὶ
1141 3581 1302 3634 πέντε
1328 3583 1590 3654 στρουθία
1611 3587 1876 3644 πωλεῖται

270 3673 555 3746 ἀσσαρίων
587 3673 714 3738 δύος
746 3675 854 3727 Καὶ
885 3672 945 3727 ἓν
991 3671 1051 3739 ἐξ
1079 3673 1262 3727 αὐτῶν
1295 3675 1397 3730 οὐκ
1440 3676 1589 3731 ἐστιν
1620 3680 1878 3753 ἐπιλελη-

271 3767 472 3836 σμένον
503 3765 737 3820 ὲνώπιον
790 3765 885 3818 τοῦ
939 3765 1099 3831 Θεοῦ,
1135 3767 1274 3822 ἀλλά
1317 3769 1412 3821 καὶ
1451 3770 1506 3822 αί
1535 3771 1722 3842 τρίχες
1776 3774 1878 3844 τῆς

269 3855 518 3926 κεφαλῆς
547 3855 704 3927 ὑμῶν
731 3857 903 3910 πᾶσαι
935 3856 1300 3929 ἠρίθμηνται.
1337 3860 1430 3930 Μὴ
1462 3855 1558 3915 οὖν
1591 3863 1874 3932 φοϐεῖσθε,

269 3948 486 4000 πολλῶν
517 3947 817 4018 στρουθίων
851 3949 1164 4020 διαφέρετε.
1202 3969 1220 4001 ι
1259 3951 1484 4024 Ἐπειδὴ
1507 3954 1609 4025 τῆς
1645 3955 1879 4027 ύποκρίο

272 4057 414 4104 σεως
458 4040 571 4094 τῶν
614 4041 928 4110 Φαρισαίων
983 4044 1368 4114 κατηγόρησεν
1414 4048 1442 4099 ό
1496 4047 1728 4118 Κύριος,
1785 4051 1879 4102 καὶ

268 4135 578 4206 ἀπέστησεν
632 4136 804 4206 αὐτῆς
843 4138 968 4199 τοὺς
1016 4137 1181 4190 αὑτοῦ
1232 4139 1507 4210 μαθητὰς,
1545 4141 1643 4194 καὶ
1680 4143 1740 4195 ὲν
1797 4143 1878 4214 τῷ

273 4231 428 4303 μέσῳ
456 4232 514 4285 δὲ
550 4233 711 4286 πάλιν
739 4234 864 4296 τοὺς
902 4233 1234 4303 Φαρισαίους
1270 4235 1506 4307 ἐπληττε
1540 4236 1631 4291 διὰ
1661 4239 1757 4293 τοῦ
1790 4239 1878 4292 λέ-

269 4341 425 4394 γειν’
459 4343 477 4378 ι
508 4325 574 4378 Ὃ
590 4325 785 4379 εἴπατε
819 4326 878 4377 ὲν
915 4327 982 4397 τῇ
1020 4329 1236 4399 σκοτίᾳ,
1270 4328 1679 4402 ἀκουσθήσεται
1706 4333 1764 4385 έν
1797 4332 1877 4404 τῷ

271 4418 433 4485 φωτὶ,
475 4435 495 4470 ι
528 4417 625 4472 νῦν
657 4419 791 4490 πρὸς
840 4421 966 4483 τους
1023 4420 1213 4490 φίλους
1251 4423 1420 4476 αὐτοῦ
1455 4425 1523 4478 τὰ
1559 4425 1876 4498 τελειότερα

1987 3204 2302 3257 terreamini
2327 3203 2494 3276 366
2518 3207 2585 3259 ab
2611 3207 2695 3261 his
2725 3207 2819 3277 qui
2851 3210 3112 3265 occidunt
3139 3227 3366 3284 corpus,
3391 3225 3443 3271 et
3472 3229 3599 3288 post

1985 3293 2101 3350 haec
2131 3310 2236 3350 non
2271 3296 2476 3351 habent
2524 3299 2670 3368 quod
2719 3300 2956 3369 amplius
3021 3301 3246 3360 faciant.
3295 3307 3596 3365 Ostendam

1987 3397 2171 3442 autem
2207 3389 2363 3443 vobis
2395 3405 2560 3458 quem
2597 3391 2861 3447 timeatis.
2897 3392 3109 3450 Timete
3142 3413 3266 3453 eum
3297 3403 3391 3471 qui
3427 3412 3598 3472 post-

1986 3493 2149 3548 quam
2199 3480 2487 3546 occiderit,
2547 3482 2714 3537 habet
2771 3494 3097 3553 potestatem
3146 3491 3472 3560 conjiciendi
3544 3495 3596 3550 lt‘

1986 3572 2313 3641 gehennam.
2367 3573 2530 3629 Certe
2565 3575 2690 3630 dico
2725 3578 2903 3645 vobis,
2937 3580 3083 3638 hunc
3138 3584 3350 3642 timete.
3402 3587 3599 3646 Nonne

1985 3666 2229 3735 quinque
2279 3653 2584 3736 paSserculi
2645 3682 2888 3727 veneunt
2951 3676 3176 3731 minutis
3209 3680 3432 3736 assibus
3466 3684 3600 3736 duo-

1986 3757 2122 3813 bus?
2163 3767 2218 3812 et
2259 3775 2402 3815 unus
2449 3776 2514 3816 ex
2552 3761 2657 3816 illis
2693 3777 2798 3816 non
2831 3775 2920 3820 est
2966 3767 3023 3822 in
3075 3768 3354 3826 oblivione
3407 3789 3596 3827 coram

1987 3852 2120 3908 Deo.
2156 3852 2300 3920 Quin
2328 3863 2382 3908 et
2411 3855 2593 3926 capilli
2642 3855 2840 3925 capitis
2881 3861 3048 3914 vestri
3099 3876 3293 3918 omnes
3323 3867 3598 3920 numerati

1987 3956 2119 4003 sunt
2151 3966 2163 4002 :
2201 3949 2372 4004 nolite
2402 3965 2534 4021 ergo
2565 3947 2765 4006 timere
2799 3969 2812 4006 :
2842 3952 3028 4008 multis
3063 3958 3389 4024 passeribus
3425 3961 3602 4029 pluris

1985 4042 2145 4098 estis.
2179 4061 2197 4094 ι
2227 4041 2528 4114 Postquam
2560 4044 2822 4101 Dominus
2851 4047 3166 4119 hypocrisin
3193 4051 3598 4109 Pharisaeorum

1985 4130 2291 4198 accusavit,
2334 4143 2388 4187 et
2414 4132 2718 4204 discipulos
2742 4150 2873 4192 suos
2903 4138 3079 4192 abilla
3095 4140 3383 4210 deterruit,
3434 4154 3488 4200 et
3512 4147 3598 4200 in-

1986 4221 2473 4280 terimPharisazos
2506 4227 2707 4281 iterum
2731 4230 3054 4298 perstrinxit
3077 4247 3174 4300 per
3194 4233 3299 4289 hoc
3331 4239 3478 4306 quod
3517 4239 3602 4292 di-

1985 4314 2098 4368 xit:
2126 4333 2145 4366 ι
2176 4314 2330 4382 Quod
2351 4317 2568 4372 dixistis
2587 4317 2641 4371 in
2666 4322 2929 4387 tenebris,
2951 4323 3275 4379 audieturiu
3300 4325 3504 4384 lumine
3530 4345 3546 4386 :
3576 4347 3598 4384 ι

1987 4424 2133 4465 nunc
2195 4411 2262 4465 ad
2320 4413 2528 4467 amicos
2590 4428 2720 4470 suos
2780 4419 3109 4485 perfectiora
3178 4419 3444 4492 loquitur.
3496 4426 3605 4483 Ubi

271 4510 602 4580 διαλέγεται.
641 4487 754 4576 Τάς
809 4514 919 4586 γὰρ
958 4487 1205 4579 ἀκάνθας
1245 4511 1449 4582 ἐξελὼν
1489 4519 1615 4590 ήδη,
1657 4487 1878 4592 σπείρει

1985 4505 2133 4557 enim
2160 4505 2350 4574 spinas
2378 4507 2650 4575 exsecuit,
2671 4509 2858 4579 jamet
2886 4513 3091 4567 bonum
3124 4529 3314 4572 semen
3338 4520 3599 4576 seminat.

271 4603 336 4657 τὸ
369 4603 574 4673 ἀγαθὸν
617 4605 865 4678 σπέρμα.
903 4608 1062 4676 Λέγω
1093 4609 1152 4662 δὲ
1187 4609 1318 4680 ὑμῖν
1357 4615 1468 4676 τοῖς
1515 4613 1693 4682 φίλοις
1737 4633 1841 4684 μου
1864 4632 1879 4648 ο

274 4697 343 4750 τὰ
390 4699 499 4770 γάρ
543 4700 814 4771 πρότερον
866 4700 1139 4773 λεγόμενα
1189 4704 1248 4757 ού
1298 4705 1437 4776 πρὸς
1466 4705 1668 4770 αὐτοὺς
1715 4703 1878 4778 ἦσαν,

273 4789 411 4843 ἀλλά
434 4791 569 4860 πρὸς
603 4793 729 4856 τοὺς
757 4793 1114 4865 Φαρισαίους·
1151 4797 1282 4866 ὑμῖν
1314 4791 1409 4850 οὖν
1457 4796 1606 4864 λέγω
1643 4801 1759 4862 τοῖς
1791 4799 1883 4868 φί-

274 4882 388 4944 λοις
418 4901 541 4954 μουο
568 4886 630 4938 ού
663 4889 797 4940 πᾶσι
829 4891 939 4959 γὰρ
965 4887 1199 4960 ἁρμόζει
1231 4893 1258 4943 ὁ
1285 4890 1442 4960 λόγος
1475 4883 1654 4957 οὗτος,
1686 4892 1803 4946 ἀλλ’
1831 4893 1880 4945 οἳ

274 4973 335 5039 ἐξ
364 4975 492 5052 ὅλης
516 4975 698 5048 ψυχῆς
723 4978 1026 5050 ἠγάπησαν
1054 4981 1239 5042 αὑτὸν,
1277 4984 1371 5036 καὶ
1409 4983 1460 5036 οἳ
1508 4982 1765 5038 δύνανται
1791 4985 1880 5041 λέ-

274 5083 426 5137 γειν·
461 5068 556 5130 Τίς
587 5071 733 5140 ἡμᾶς
774 5072 1002 5143 χωρίσει
1031 5074 1142 5127 ἀπὸ
1183 5075 1281 5145 τῆς
1311 5077 1536 5148 ἀγάπης
1570 5077 1668 5130 τοῦ
1705 5078 1879 5146 Θεοῦ;

276 5161 405 5223 Τοῖς
431 5160 694 5224 τοιούτοις
723 5164 958 5234 ἁρμόζει
997 5165 1140 5238 αὕτη
1185 5170 1219 5239 ὴ
1251 5171 1602 5240 παραίνεσις.
1645 5171 1736 5242 Μὴ
1784 5189 1883 5241 φο-

276 5252 505 5326 ϐηθῆτε,
536 5254 725 5326 φησὶν,
750 5257 861 5310 ἀπὸ
889 5257 999 5327 τῶν
1029 5259 1471 5315 ἀποκτεινόντων
1501 5263 1560 5316 τὸ
1584 5263 1767 5335 σῶμα,
1789 5268 1885 5318 καὶ

282 5347 455 5420 μηδὲν
480 5349 676 5403 τούτου
714 5350 879 5406 πλέον
914 5352 1177 5423 βλάπτειν
1213 5356 1470 5425 ἑχόντων.
1514 5358 1608 5420 Et;
1637 5357 1747 5429 γὰρ
1792 5376 1883 5428 μι-

274 5441 410 5514 κρὸν
434 5443 466 5511 ή
492 5444 585 5496 ἀπ’
611 5442 791 5499 αὐτῶν
809 5445 984 5516 ζημία
1008 5447 1386 5519 περιίσταται,
1420 5451 1581 5520 σῶμα
1605 5449 1876 5520 βλαπτόν-

276 5552 410 5600 των,
438 5534 467 5588 ὃ
497 5534 555 5590 τὸ
586 5538 786 5591 οίκεῑον
821 5539 1093 5607 πείσεται,
1132 5541 1237 5596 κᾶν
1267 5543 1422 5596 αὐτοὶ
1465 5543 1540 5616 μή
1576 5543 1879 5616 βλάψωσιν.

289 5629 534 5683 Ἐκεῖνον
559 5629 616 5684 δὲ
638 5631 789 5696 ἀξιον
811 5633 1097 5701 φοϐεῖσθαι
1129 5635 1224 5688 τὸν
1248 5637 1309 5690 ού
1345 5637 1508 5708 μόνον
1539 5638 1700 5711 σῶμα
1726 5639 1886 5695 κολά-

275 5722 464 5788 ζοντα,
490 5723 628 5777 ἀλλὰ
650 5726 739 5778 καὶ
767 5725 969 5799 ψυχὴν,
992 5728 1053 5782 τὸ
1080 5728 1350 5784 ἀθάνατον
1374 5734 1567 5803 χρῆμα
1594 5732 1888 5798 ἀθανάτοις

350 5906 393 5937 "-
424 5905 580 5961 llum.
620 5923 737 5974 vm,
765 5910 855 5962 55.

1985 4596 2116 4652 Dico
2150 4609 2334 4654 autem
2375 4601 2531 4656 vobis
2559 4603 2754 4659 amicis
2783 4606 2943 4660 meis.
2981 4607 3057 4661 Ea
3090 4609 3238 4663 enim
3279 4626 3404 4682 quae
3444 4615 3598 4683 prius

1985 4691 2220 4758 dixerat,
2248 4709 2355 4748 noo
2371 4696 2438 4749 ad
2462 4695 2631 4765 ipsos,
2657 4699 2753 4753 sed
2774 4700 2840 4753 ad
2864 4698 3175 4757 Pharisaeos
3194 4704 3338 4760 dieta
3362 4706 3601 4767 fuerant.

1988 4786 2156 4841 Vobis
2188 4787 2353 4858 igitur
2387 4788 2517 4845 dico
2570 4791 2765 4848 amicis
2816 4794 2976 4848 meis.
3016 4792 3132 4850 Non
3167 4797 3314 4851 enim
3347 4801 3602 4858 omnibus

1988 4894 2171 4936 sermo
2190 4883 2279 4939 ille
2297 4887 2576 4956 congruit,
2595 4889 2688 4940 scd
2714 4886 2798 4942 his
2815 4890 2907 4960 qui
2927 4905 2991 4946 ex
3015 4899 3129 4946 toto
3152 4894 3322 4950 corde
3345 4898 3583 4966 diligunt

1985 4985 2041 5029 et
2074 4975 2260 5031 dicere
2291 4989 2516 5046 possunt
2555 4997 2566 5032 :
2603 4980 2736 5047 Quis
2769 4998 2869 5037 nos
2896 4987 3174 5054 separabit
3226 5003 3254 5040 a
3306 4987 3598 5043 dilecttom

1987 5067 2193 5124 Christi
2219 5069 2311 5124 "?
2339 5070 2565 5130 Talibus
2594 5074 2740 5128 enim
2774 5074 3078 5133 admonitio
3102 5081 3189 5134 illa
3219 5087 3501 5140 convenit.
3528 5082 3605 5140 Nc

1991 5163 2255 5230 timeatis,
2293 5165 2491 5235 inquit,
2533 5168 2600 5222 ab
2656 5168 2742 5223 his
2801 5170 2896 5238 qui
2967 5173 3230 5227 occidunt
3294 5191 3521 5249 corpus,
3553 5192 3606 5235 et

1990 5257 2124 5310 nihil
2171 5258 2406 5328 amplius
2460 5276 2658 5317 nocere
2701 5272 2955 5332 p'ssunt.
2986 5264 3222 5321 Parvum
3258 5270 3409 5325 enim
3447 5277 3593 5326 dam-

1991 5366 2119 5404 num
2150 5355 2217 5405 ab
2247 5353 2354 5407 illis
2382 5355 2623 5420 eveniat,
2653 5359 2742 5426 qui
2782 5363 2998 5430 corpori
3035 5373 3258 5429 nocent,
3289 5365 3436 5436 quod
3471 5367 3604 5422 alio-

1989 5445 2080 5513 qui
2111 5461 2406 5515 passurum
2441 5463 2612 5515 esset,
2649 5452 2815 5507 etiam
2851 5454 2957 5509 illis
2988 5472 3097 5511 non
3128 5458 3478 5514 laedentibus.
3513 5459 3608 5515 lllo

1989 5548 2172 5594 autem
2214 5541 2412 5612 dignus
2455 5544 2545 5613 qui
2593 5546 2877 5614 timeatur,
2909 5551 3003 5620 qui
3042 5566 3148 5604 non
3192 5553 3372 5607 solum
3405 5569 3606 5624 corpus

1989 5635 2280 5705 punit,sed
2299 5638 2633 5703 etanimam,
2651 5643 3023 5699 immortalem
3046 5649 3476 5718 possessionem,
3503 5650 3604 5702 im-

1991 5729 2314 5786 mortalibus
2346 5731 2563 5800 suhjicit
2599 5738 2803 5804 pmnis,
2829 5739 3007 5810 iisque
3044 5743 3387 5800 ardentibus.
3419 5743 3610 5812 Itaque
