4256 6432
230 396 337 465 881

960 389 1414 455 ΕΝᾹΒΗΑΤΙΟ
1455 388 1539 451 1N
1560 387 2071 451 EVANGELIUM
2110 390 2351 453 LUCIE.
2393 409 2465 427 -··
2490 388 2652 450 CAP.
2692 386 2836 448 XII.

3424 409 3442 423 η-
3464 368 3574 446 δεῖ

231 509 333 565 τοῦ
356 506 514 561 Θεοῦσ
541 506 570 559 ὁ
606 502 665 557 δὲ
685 500 1075 574 ἀρνησάμενός
1110 518 1178 571 με
1208 499 1446 555 ἐνώπιον
1482 498 1590 553 τῶν
1620 496 1839 571 ἀνθρώ-

1985 507 2131 557 utem
2169 502 2455 571 negaverit
2500 516 2591 555 me
2638 514 2823 555 coram
2877 498 3218 563 hominibus,
3284 496 3574 566 negabitur

232 618 377 665 πων,
437 595 892 668 ἀπαρνηθήσεται
945 592 1181 648 ἐνώπιον
1245 592 1356 645 τῶν
1426 590 1684 659 ἀγγέλων
1738 590 1836 644 τοῦ

232 692 401 748 Θεοῦ.
436 691 548 746 Καὶ
582 691 693 754 πᾶς
732 688 792 752 ὃς
842 688 960 758 ἐρεῖ
1003 686 1164 754 λόγον
1196 686 1279 749 είς
1310 685 1404 740 τὸν
1440 685 1573 739 Υίὸν
1601 683 1697 738 τοῦ
1738 684 1838 738 dv-

233 786 482 854 Opdmov,
505 781 846 851 ἀφεθήσεται
861 778 1036 850 αὑτῷ·
1062 778 1142 848 τῷ
1163 778 1219 831 δὲ
1236 779 1317 841 είς
1340 776 1402 830 τὸ
1424 777 1582 843 ἅγιον
1606 775 1834 846 ΙΙνεῦμα

241 870 729 943 βλασφημήσαντι,
758 868 860 922 οὐκ
891 866 1255 939 ἀφεθήσεται.
1292 864 1496 920 ὐτ⁹ἂν
1511 865 1569 920 δὲ
1593 866 1839 936 προσφέ-

238 981 413 1037 ρωσιν
437 964 580 1034 ὑμᾶς
612 962 707 1015 ἐπὶ
737 962 839 1027 τὰς
872 961 1233 1031 Συναγωγὰς,
1261 961 1358 1016 καὶ
1392 959 1493 1025 τὰς
1511 959 1713 1032 ἀρχὰς,
1744 962 1843 1016 καὶ

234 1057 337 1118 τὰς
356 1054 628 1121 ἐξουσίας,
665 1055 742 1125 μὴ
765 1054 1097 1127 μεριμνᾶτε,
1123 1052 1242 1117 πῶς
1264 1052 1297 1124 ή
1318 1053 1372 1107 τί
1392 1054 1841 1126 ἀπολογήσησθε,

236 1148 274 1217 ἢ
297 1147 350 1199 τί
380 1147 607 1215 εἴπητεο
647 1147 707 1200 τὸ
735 1146 845 1215 γὰρ
897 1145 1055 1213 ἅγιον
1094 1146 1322 1215 Πνεῦμα
1356 1145 1566 1213 διδάξει
1599 1147 1747 1215 ὑμᾶς
1777 1148 1843 1201 ἐν

241 1241 384 1309 αὐτῇ
418 1245 485 1311 τῇ
517 1241 661 1312 ὥρᾳ,
686 1274 689 1275 ν
712 1238 748 1294 ἃ
779 1239 862 1293 δεῖ
891 1241 1091 1296 εἰπεῖν.
1130 1259 1149 1292 ο
1192 1238 1310 1294 Νῦν
1350 1240 1410 1294 τὸ
1463 1239 1704 1295 ἔπαθλον
1735 1242 1842 1312 ’τῆς

242 1332 556 1402 μαρτυρίας
586 1330 932 1401 προτίθησιν.
960 1330 1019 1383 ‘E
1032 1330 1121 1383 πεὶ
1145 1330 1256 1401 γὰρ
1281 1325 1428 1397 εἷπε,
1461 1331 1555 1401 Μὴ
1583 1332 1843 1400 φοϐεῖσθε

237 1424 351 1475 ἀπὸ
390 1424 501 1475 τῶν
546 1422 989 1475 ἀποκτεινόντων
1023 1422 1085 1474 τὸ
1140 1422 1327 1491 σῶμα,
1369 1422 1478 1477 καῖ’
1519 1426 1841 1494 προσεῖπεν,

240 1515 353 1578 ὅτι,
392 1516 503 1568 Καὶ
541 1514 598 1566 αί
638 1514 826 1584 τρίχες
883 1514 1042 1586 ὑμῶν
1091 1514 1452 1585 ἠρίθμηνται,
1495 1516 1585 1571 ἵνα
1643 1517 1719 1586 μή
1760 1534 1847 1581 τις

241 1609 378 1683 εἴπῃ
399 1624 415 1641 υ
450 1608 549 1672 Δὸς
580 1625 673 1678 μοι
699 1608 795 1662 καὶ
827 1608 1020 1680 μισθόν
1046 1624 1170 1663 τινα
1189 1625 1203 1639 ο
1235 1606 1290 1662 τί
1316 1608 1427 1679 γάρ
1464 1626 1557 1681 μοι
1585 1609 1773 1679 μέλλει
1796 1610 1847 1662 εί

240 1705 344 1768 τὰς
396 1704 593 1777 τρίχας
650 1704 797 1775 ἔχεις
834 1704 1255 1776 ὴριθμημένας;
1295 1705 1455 1775 φησί’
1522 1704 1720 1769 Θέλεις
1750 1705 1848 1760 καὶ

244 1796 477 1867 μισθὸν;
516 1796 705 1850 ἄκουε·
741 1798 838 1861 Ὃς
866 1797 933 1851 ἂν
962 1797 1280 1869 ὁμολογήσῃ
1306 1798 1366 1852 ὲν
1398 1797 1547 1868 ἐμοὶ,
1573 1797 1847 1868 ὁμολογη-

1952 608 2138 651 ruram
2173 594 2385 666 angelis
2417 594 2533 649 llei.
2565 591 2631 647 Et
2663 591 2917 663 quisquis
2964 591 3209 661 loquitur
3268 592 3478 645 dictum
3519 593 3571 643 in

1950 687 2146 744 Filium
2179 688 2439 755 hominis,
2470 690 2784 743 remittetur
2816 687 2891 742 illi
2923 704 2938 741 :
2968 688 3016 742 ei
3051 701 3179 740 vero
3202 687 3295 754 qui
3344 686 3397 739 in
3448 681 3571 751 Spi-

1953 784 2116 838 ritum
2131 793 2386 838 sanctum
2404 781 2714 838 convicium
2729 780 3069 841 dixerit.non
3098 778 3514 835 remittetmeu
3526 794 3572 830 nt

1953 886 2134 931 autem
2158 876 2599 930 adduxeriutvos
2620 874 2685 929 ad
2713 873 3116 947 Synagogas,et
3134 874 3198 926 ad
3220 873 3577 944 magistratus

1957 984 2021 1024 ac
2053 978 2377 1039 potestates,
2412 968 2583 1023 nolite
2608 969 2826 1024 solliciti
2867 982 2991 1023 esse
3043 967 3283 1037 qualiter
3326 977 3420 1021 aut
3444 966 3577 1036 quid

1956 1063 2358 1134 respondeatis,
2391 1072 2485 1118 aut
2518 1064 2645 1133 quid
2672 1063 2887 1118 dicatis.
2919 1055 3158 1133 Spiritus
3184 1064 3331 1118 enim
3356 1074 3582 1118 sanctus

1956 1156 2175 1213 docebit
2206 1156 2373 1211 vosin
2399 1156 2589 1211 eadem
2618 1154 2749 1211 hora
2771 1156 2901 1226 quid
2920 1163 3173 1224 oporteat
3194 1171 3290 1208 vos
3318 1155 3520 1209 dicere.
3559 1174 3576 1205 ι

1956 1246 2115 1303 Nunc
2149 1256 2329 1302 autem
2380 1245 2665 1316 praeruium
2721 1248 2965 1315 martyrii
3031 1246 3243 1313 adjicit.
3287 1245 3581 1314 Postquam

1959 1341 2104 1396 enim
2137 1340 2301 1404 dixit,
2333 1340 2415 1395 Ne
2443 1340 2686 1418 timeatis
2713 1341 2782 1394 ab
2817 1341 2899 1393 his
2931 1340 3022 1415 qui
3050 1338 3310 1395 occidunt
3341 1353 3541 1406 corpus
3569 1356 3583 1392 :

1958 1444 2015 1488 ct
2048 1432 2247 1502 adjecit
2278 1433 2421 1504 quod
2470 1430 2664 1497 Capilli
2722 1435 2889 1486 vestri
2963 1431 3232 1486 numerati
3279 1440 3457 1485 sunt:
3514 1444 3582 1483 ue

1959 1526 2083 1596 quis
2128 1526 2321 1581 dicat:
2382 1523 2459 1578 Da
2515 1524 2650 1579 mihi
2703 1525 2872 1579 etiam
2931 1525 3237 1579 mercedum
3292 1524 3578 1593 aliquam:

1958 1619 2088 1689 quid
2117 1621 2265 1674 cnim
2316 1618 2448 1673 mihi
2478 1617 2749 1689 profuerit
2801 1618 2847 1674 si
2876 1618 3107 1689 capillos
3154 1616 3539 1671 numeraveris
3566 1614 3588 1669 ?

1963 1712 2081 1780 Vis,
2114 1712 2314 1783 inquit,
2345 1711 2509 1768 etiam
2542 1711 2851 1768 mercedem
2887 1711 2911 1764 ?
2942 1710 3103 1764 audi:
3139 1708 3403 1779 Qm'Squis
3448 1723 3585 1762 cou-

1964 1807 2206 1863 ﬁtebitur
2240 1807 2293 1860 in
2355 1822 2464 1871 me,
2523 1814 2859 1875 aguoscetur
2930 1818 3117 1859 coram
3175 1803 3308 1858 Deo.
3367 1802 3418 1855 lu
3476 1815 3585 1864 me,

242 1889 478 1958 θήσεται
527 1888 761 1943 ἐνώπιον
809 1888 901 1943 τοῦ
945 1889 1107 1944 Θεοῦ.
1157 1891 1233 1943 Τὸ
1262 1889 1341 1954 δὲ,
1388 1889 1739 1963 Ὀμολογήσῃ
1793 1891 1852 1944 ἐν

1977 1900 2111 1965 licit,
2142 1898 2520 1965 conﬁtebitur,
2557 1898 2662 1962 hoc
2697 1908 2783 1954 est
2824 1912 2948 1953 meo
3008 1895 3286 1965 adiutorio
3337 1895 3582 1963 adjutus,

244 1980 396 2049 ἐμοὶ,
432 1973 610 2057 εἶπεν,
653 1981 778 2034 ἀντὶ
809 1979 904 2035 τοῦ
929 2021 944 2049 ,
977 1982 1136 2037 Μετὰ
1168 1982 1270 2052 τῆς
1330 1982 1471 2053 ἐμῆς
1506 1982 1850 2053 συνεργείας,

243 2072 348 2125 καὶ
388 2073 446 2125 ὲν
479 2074 546 2142 τῇ
579 2074 688 2142 ὲμῇ
720 2071 953 2142 δυνάμει
975 2090 990 2105 ο
1034 2071 1400 2144 Ὀμολογήσω
1435 2073 1569 2143 γοῦν
1601 2074 1763 2143 κάγὼ
1794 2078 1854 2130 ὲν

244 2163 423 2234 αἷιτῷ,
466 2164 770 2232 τουτὲςτιν,
806 2166 899 2218 ὑπ’
940 2165 1110 2220 αὑτοῦ
1145 2168 1605 2239 συνεργούμενος.
1637 2168 1856 2242 Χρῄξοο

247 2275 354 2327 μεν
384 2258 495 2329 γὰρ
527 2258 623 2312 καὶ
676 2260 843 2330 ἡμεῖς
889 2261 1327 2331 προηγουμένως
1358 2260 1453 2315 τοῦ
1489 2261 1628 2315 Θεοῦ
1656 2280 1669 2293 ·
1702 2263 1859 2317 οὐδὲν

245 2352 363 2424 γάρ
392 2352 564 2424 χωρὶς
593 2353 804 2406 ἐκείνου
841 2354 1142 2425 δυνάμεθα’
1185 2357 1281 2410 καὶ
1304 2358 1333 2410 6
1360 2356 1496 2421 Θεὸς
1527 2356 1692 2411 πάλιν
1715 2356 1857 2431 χρῄ-

247 2444 335 2509 ζει
373 2444 550 2516 ἡμῶν·
584 2445 680 2500 ἐὰν
708 2446 819 2518 γὰρ
856 2448 931 2520 μὴ
956 2448 1097 2520 εῦρῃ
1141 2448 1200 2501 ὲν
1235 2451 1372 2519 ἡμῖν
1398 2448 1537 2518 ἔργα
1563 2450 1712 2517 ἄξια.
1738 2450 1861 2504 οὐδὲ

249 2539 740 2612 προσλαμϐάνεται
794 2543 966 2613 ἡμᾶς,
1019 2541 1054 2614 ἢ
1104 2543 1215 2613 γάρ
1246 2542 1313 2596 ἂν
1369 2544 1861 2617 προσωπολήπτης

255 2633 371 2705 εἴη.
417 2633 830 2706 Ὁμολογοῦμεν
877 2630 979 2689 οὖν
1017 2638 1187 2707 ἡμεῖς
1223 2639 1281 2690 ὲν
1337 2637 1512 2708 αὐτῷ,
1575 2640 1865 2692 τουτέστιν

254 2730 318 2780 ἐν
349 2732 415 2799 τῇ
449 2729 619 2783 αὐτοῦ
652 2730 968 2802 συνεργεία.
1030 2732 1143 2785 Καὶ
1204 2732 1369 2795 αὐτὸς
1415 2734 1472 2785 ὲν
1513 2734 1668 2803 ἡμῖν,
1703 2749 1857 2787 τουτ-

255 2822 408 2877 έστιν
481 2825 540 2878 ὲν
569 2827 637 2896 τῇ
691 2825 847 2896 ήμῶν
876 2826 1193 2897 συνεργείᾳ.
1243 2828 1303 2880 El
1338 2827 1413 2899 μὴ
1464 2828 1574 2897 γὰρ
1618 2827 1866 2898 δώσομεν

256 2915 413 2986 αὑτῷ
445 2917 726 2989 ἀφορμὴν.
758 2919 881 2981 οὐδὲ
911 2919 1249 2990 ὁμολογήσει
1298 2921 1443 2992 ὑπὲρ
1490 2920 1672 2992 ήμῶν.
1721 2921 1782 2976 ’0
1809 2921 1866 2975 δὲ

253 3008 743 3081 ἁρνούμενος,οὐκ
766 3013 827 3065 ὲν
855 3015 923 3083 τῇ
982 3013 1079 3067 τοῦ
1128 3012 1268 3067 Θεοῦ
1308 3014 1542 3085 δυνάμει
1591 3016 1865 3088 ἀρνεῖται.

258 3104 354 3157 Διὸ
385 3104 506 3157 οὐδὲ
534 3105 847 3177 προσέθηκε
875 3107 955 3172 τὸ,
992 3109 1052 3160 ὲν
1078 3108 1226 3176 ἐμοὶ,
1251 3108 1391 3176 ἀλλ’,
1429 3110 1457 3160 ὁ
1478 3109 1869 3180 ἀρνησάμενός

252 3213 357 3269 με,
388 3199 601 3269 μήποτε
636 3199 694 3253 δὲ
725 3199 1013 3264 καίδπᾶς
1046 3199 1205 3269 ἅγιος
1231 3201 1290 3253 ἐν
1319 3200 1399 3270 τῷ
1426 3201 1652 3273 Χριστῷ
1691 3202 1866 3273 μένει,
1897 3239 1943 3302 C

261 3293 362 3346 καὶ
392 3294 421 3346 ὁ
450 3293 686 3363 Χριστὸς
720 3295 779 3346 ἐν
815 3292 990 3364 αὐτῷ,
1028 3293 1176 3348 κατὰ
1205 3292 1368 3347 τοῦτο
1400 3293 1624 3365 εἴρηται
1650 3297 1734 3347 τό·
1768 3294 1874 3358 ’ος

264 3386 332 3439 ἂν
371 3386 685 3457 ὁμολογήσῃ
717 3388 773 3439 ἒν
814 3389 961 3457 ἐμοὶ,
996 3386 1249 3440 τουτέστι
1306 3386 1509 3457 μένων,
1545 3368 1877 3459 ὁμολογήσω

264 3477 426 3545 κάγὼ
456 3480 515 3543 ἐν
537 3478 691 3549 αὐτῷ
724 3480 903 3548 μένων
929 3494 943 3510 ·
981 3483 1075 3533 καὶ
1113 3481 1224 3543 πᾶς
1264 3479 1323 3542 ὃς
1373 3479 1441 3533 ἂν
1477 3481 1577 3551 ὲρῇ
1608 3480 1770 3549 λόγον
1794 3481 1877 3544 εἰς

262 3570 361 3624 τὸν
380 3572 513 3624 Υἱὶν
534 3571 630 3625 τοῦ
658 3571 974 3643 ἀνθρώπου,
998 3572 1342 3642 ἀφεθήσεται
1364 3572 1536 3644 αὐτῷ.
1559 3572 1876 3640 Τοῦτ’ἔστι,

263 3664 323 3724 ὃς
352 3663 748 3734 βλασφημήσῃ
778 3669 858 3729 εἰς
908 3667 1008 3736 ἐμὲ
1036 3668 1131 3720 τὸν
1164 3668 1497 3737 φαινόμενον
1558 3668 1692 3722 Υἱδν
1722 3668 1881 3740 ψιλὸν

264 3756 365 3811 τοῦ
395 3756 715 3830 ἀνθρώπου,
752 3760 851 3812 καὶ
883 3758 1160 3824 ἐσθίοντα,
1188 3762 1284 3816 καὶ
1316 3762 1569 3829 πίνοντα,
1599 3762 1698 3817 καὶ
1737 3762 1879 3835 μετὰ

266 3849 525 3903 τελωνῶν
582 3851 844 3920 διάγοντα
879 3854 976 3906 καὶ
1034 3852 1276 3924 πορνῶν,
1328 3855 1706 3924 συγγνωστὸς,
1764 3855 1875 3911 κᾶν

271 3945 608 4018 μετανοήσῃ,
642 3944 749 3999 κᾶν
776 3947 874 4015 μή.
905 3945 982 3998 Οὐ
998 3945 1108 4016 γὰρ
1140 3946 1421 4015 λογίζεται
1445 3948 1596 4019 αὐτῷ
1630 3950 1883 4022 ἁμαρτία

274 4034 354 4107 μὴ
386 4038 721 4092 πιστεύοντι.
760 4038 825 4091 Τί
861 4039 973 4110 γὰρ
1016 4034 1180 4102 εἶδεν.
1239 4040 1327 4094 ἵνα
1381 4042 1657 4115 πιστεύσῃ
1684 4061 1699 4111 ;
1731 4043 1799 4097 Τί
1829 4044 1886 4098 δὲ

275 4130 484 4200 μᾶλλον
512 4132 615 4185 οὐκ
650 4129 799 4185 εἶδεν
813 4132 966 4198 ἄξιον
985 4133 1308 4205 δυσφημίας
1334 4152 1348 4201 ;
1385 4132 1542 4189 Εἶδεν
1568 4135 1881 4207 ἄνθρωπον,

272 4224 507 4295 πόρναις
540 4224 923 4295 συνδιάγοντα,
967 4225 1066 4280 καὶ
1098 4226 1418 4299 βλασφημεῖ
1457 4230 1537 4293 εἰς
1575 4228 1743 4284 αὐτόν
1773 4244 1787 4260 ⁶
1820 4230 1885 4284 οὐ

275 4318 563 4386 λογίζεται
592 4315 688 4373 οῦν
710 4320 861 4390 αὐτῷ
898 4322 1171 4392 ἁμαρτία.
1205 4322 1369 4385 Εἰκὸς
1399 4323 1509 4394 γὰρ
1536 4323 1727 4377 ἕπαοε’
1767 4325 1887 4388 πῶς

275 4411 387 4478 γάρ
420 4412 549 4475 Υιὸς
588 4411 745 4478 Θεοῦ,
776 4416 803 4466 ὀ
857 4414 1095 4485 πόρναις
1152 4415 1500 4483 συνδιάγων;
1546 4397 1890 4489 Βλασφημήο

278 4522 366 4557 σει
400 4504 584 4558 toi-Iuv
627 4506 721 4558 καὶ
783 4506 989 4561 πλάνον
1046 4509 1387 4564 ἀποκαλέσει
1433 4511 1527 4564 τὸν
1570 4509 1716 4564 οὕτω
1748 4512 1881 4582 μὲν

1958 2004 2011 2049 et
2046 2009 2163 2049 mea
2201 1994 2448 2049 virtute:
2511 1991 2815 2049 conﬁtebor
2865 1990 3032 2064 igitur
3082 1998 3129 2046 et
3204 2003 3304 2059 ego
3356 1989 3411 2041 in
3470 1986 3584 2052 illo,

1959 2090 2066 2145 hoc
2094 2099 2178 2144 est
2236 2088 2338 2144 sub
2374 2088 2495 2157 ipso
2532 2102 2854 2157 conperans.
2906 2085 3056 2157 Opus
3111 2086 3255 2140 enim
3317 2082 3586 2137 habemus

1964 2192 2020 2239 et
2050 2198 2153 2239 nos
2212 2184 2323 2239 Deo
2382 2183 2544 2248 duce,
2602 2182 2724 2237 sine
2784 2195 2892 2251 quo
2958 2180 3094 2234 nihil
3162 2193 3504 2248 possumus:
3543 2184 3597 2231 et

1964 2276 2109 2332 Deus
2161 2292 2383 2348 quoque
2426 2292 2565 2348 opus
2595 2275 2761 2331 habet
2791 2274 2974 2329 nobis.
3004 2273 3174 2345 368
3208 2270 3266 2327 Si
3301 2270 3446 2325 enim
3485 2282 3593 2322 nou

1966 2365 2242 2427 invenerit
2267 2370 2319 2424 in
2353 2370 2512 2425 nobis
2568 2383 2734 2438 opera
2813 2367 3001 2438 digna,
3060 2380 3235 2434 neque
3284 2379 3384 2418 nos
3431 2377 3588 2417 assu-

1967 2473 2121 2519 met:
2152 2462 2354 2533 alioqui
2392 2475 2753 2532 personarum
2800 2467 3060 2528 acceptor
3113 2464 3281 2512 esset.
3341 2453 3590 2511 Conﬁte-

1967 2572 2092 2611 mur
2130 2555 2298 2627 igitur
2328 2564 2386 2609 et
2416 2569 2514 2609 nos
2552 2553 2605 2607 iu
2638 2551 2751 2617 illo,
2788 2551 2893 2607 hoc
2949 2559 3035 2607 est
3094 2552 3147 2604 in
3199 2548 3320 2619 ejus
3380 2560 3592 2617 coope-

1969 2650 2184 2704 ratione
2212 2666 2226 2701 :
2250 2655 2306 2702 et
2341 2647 2456 2719 ipse
2492 2646 2544 2702 in
2577 2646 2756 2711 nobis,
2800 2646 2907 2701 hoc
2964 2654 3052 2701 est
3094 2645 3147 2699 in
3182 2653 3367 2699 nostra
3403 2656 3603 2711 coope-

1970 2742 2208 2796 ratione.
2267 2738 2326 2794 Si
2367 2739 2515 2795 enim
2606 2753 2715 2793 non
2766 2737 3085 2793 dederimus
3139 2737 3189 2793 ei
3221 2736 3600 2800 occasionem,

1973 2850 2083 2891 non
2115 2835 2468 2890 conﬁtebitur
2504 2850 2604 2906 pro
2638 2833 2815 2891 nobis.
2869 2833 2974 2901 Qui
3050 2841 3235 2888 autem
3288 2831 3598 2901 negaverit.

1974 2944 2083 2983 non
2116 2928 2173 2984 in
2201 2928 2405 2983 virtute
2438 2927 2530 2983 Dei
2570 2936 2733 2999 negat
2765 2928 2923 2982 :ideo
2956 2942 3062 2982 non
3100 2924 3346 2996 apponit,
3383 2924 3435 2978 in
3472 2939 3591 2985 me.
3626 2978 3627 2981 η

1976 3022 2095 3088 sed,
2123 3020 2213 3091 qui
2258 3022 2542 3090 negaverit
2572 3036 2680 3076 me.
2706 3018 2848 3087 Quid
2895 3030 3077 3075 autem
3140 3019 3185 3073 si
3236 3018 3402 3071 etiam
3450 3016 3607 3084 juxta

1976 3121 2031 3175 id
2081 3119 2225 3189 quod
2255 3116 2438 3173 omnis
2476 3128 2700 3172 sanctus
2736 3127 2920 3170 manet
2972 3114 3025 3168 itt
3072 3112 3318 3174 Christo,
3359 3121 3413 3167 et
3442 3109 3607 3165 Chrio

1976 3224 2097 3271 stus
2127 3223 2315 3270 manet
2348 3213 2402 3266 in
2438 3226 2527 3277 eo,
2563 3209 2707 3264 istud
2739 3220 2959 3278 quoque
2989 3205 3193 3260 dictum
3231 3213 3353 3260 est:
3391 3223 3410 3257 ι
3444 3202 3607 3269 Quis-

1980 3307 2104 3377 quis
2130 3302 2485 3361 conﬁtebitur
2536 3301 2594 3355 in
2653 3314 2764 3363 me,
2814 3299 2918 3352 hoc
2962 3304 3046 3350 est
3098 3293 3149 3347 in
3209 3307 3297 3347 me
3350 3305 3607 3357 manens,

1981 3399 2288 3454 conﬁtebor
2330 3400 2521 3463 utique
2552 3402 2606 3447 et
2630 3390 2811 3462 egoin
2845 3389 2938 3443 illo
2964 3402 3193 3441 manens
3215 3387 3284 3439 ⁸⁸.
3325 3385 3393 3439 Ει
3432 3386 3614 3439 omnis

1985 3491 2077 3562 qui
2108 3491 2306 3546 dixerit
2333 3501 2645 3541 sermonem
2696 3484 2750 3538 in
2797 3482 2997 3537 Filium
3057 3480 3319 3544 hominis,
3357 3478 3611 3534 remitte-

1985 3594 2072 3639 tur
2102 3582 2174 3638 ei.
2218 3602 2236 3635 ι
2273 3580 2389 3642 Hoc
2423 3588 2540 3644 est,
2576 3576 2668 3648 qui
2731 3572 3196 3645 hiasphemaverit
3243 3573 3295 3625 iu
3348 3587 3456 3637 me,
3510 3573 3602 3641 qui

1983 3675 2174 3729 videor
2205 3689 2375 3743 purus
2407 3670 2579 3725 Filius
2618 3667 2877 3732 hominis,
2909 3677 2961 3721 et
2996 3667 3246 3726 comedo,
3281 3676 3333 3720 et
3367 3664 3517 3728 bibo,
3555 3672 3612 3717 et

1985 3781 2108 3823 cum
2143 3763 2452 3836 publicanis
2475 3774 2531 3817 et
2579 3761 2778 3816 scortis
2811 3773 3005 3813 versor
3029 3796 3045 3823 ,
3080 3756 3297 3811 veniam
3349 3757 3614 3826 consequi

1987 3859 2212 3931 peterit,
2247 3858 2365 3914 sive
2397 3856 2737 3928 pmuituerit,
2781 3853 2899 3909 sive
2932 3867 3063 3906 non.
3101 3848 3219 3903 Neu
3251 3850 3399 3905 enim
3434 3850 3616 3919 iungiti-

1991 3960 2139 4009 tatur
2173 3950 2221 4007 ci
2252 3958 2535 4020 peccatum
2574 3947 2619 4003 si
2672 3962 2777 4001 non
2836 3944 3049 4001 credat.
3104 3940 3244 4008 Quid
3281 3944 3427 3997 enim
3479 3944 3617 3998 vidit.

1988 4057 2049 4101 ut
2084 4043 2314 4101 credat?
2352 4042 2437 4098 vel
2462 4042 2665 4112 potius,
2718 4040 2851 4111 quid
2877 4055 2983 4093 non
3035 4035 3172 4091 vidit
3225 4036 3482 4091 convicio
3530 4036 3619 4092 di-

1991 4138 2203 4211 gnum?
2244 4136 2387 4192 Vidit
2416 4136 2696 4191 hominem
2747 4143 3059 4187 versautcm
3117 4148 3241 4189 cum
3293 4130 3521 4194 scortis,
3566 4143 3621 4187 ct

1992 4233 2114 4288 ideo
2148 4231 2497 4298 blasphemat
2523 4243 2648 4283 eum
2684 4244 2699 4283 :
2728 4242 2836 4281 non
2869 4226 3032 4298 igitur
3067 4227 3373 4297 imputatur
3409 4228 3457 4281 ei
3494 4240 3622 4294 pec-

1991 4336 2201 4381 catum.
2238 4321 2556 4379 Verisimile
2607 4321 2753 4375 enim
2787 4320 2965 4373 visum
2997 4328 3084 4374 cst
3115 4336 3129 4372 :
3165 4335 3289 4372 nam
3343 4318 3622 4388 quomodo

1993 4417 2166 4474 Filius
2200 4417 2317 4483 Dei,
2358 4416 2451 4486 qui
2490 4430 2613 4469 cum
2661 4413 2859 4470 scortis
2915 4409 3205 4467 versatur?
3263 4410 3622 4480 Blaspbemat

1995 4513 2164 4585 igitur
2194 4522 2249 4567 et
2280 4512 2641 4582 impostorem
2679 4517 2843 4563 vocat
2870 4523 3023 4573 eum,
3054 4507 3147 4577 qui
3203 4508 3284 4562 sic
3325 4519 3625 4561 conversa-

275 4597 557 4666 διάγοντα,
580 4600 710 4653 Υἱὸν
736 4601 793 4655 δὲ
815 4602 951 4655 Θεοῦ
975 4604 1171 4677 ἑαυτὸν
1198 4603 1482 4657 ποιοῦντα..
1518 4602 1688 4660 Ὅταν
1719 4605 1777 4658 δέ
1800 4623 1869 4670 τις

1996 4621 2106 4673 tur,
2148 4616 2203 4661 et
2269 4604 2560 4659 facientem
2631 4616 2691 4657 se
2729 4601 2926 4657 Filium
2978 4600 3096 4656 Dei.
3146 4599 3381 4667 Quando
3437 4609 3622 4654 autem

278 4692 362 4751 ei;
398 4690 459 4744 τὸ
494 4692 652 4760 ἅγιον
684 4692 915 4764 Πνεῦμα
935 4694 1261 4773 βλασφημῇ,
1293 4695 1703 4766 ἁσύγγνωστος.
1738 4701 1803 4752 Ὀ
1832 4698 1869 4753 δῖ

1990 4699 2114 4771 quis
2170 4695 2479 4753 convicium
2522 4692 2727 4749 dixerit
2767 4693 2820 4747 in
2874 4680 3142 4762 Spiritum
3192 4700 3467 4755 sanctum,
3513 4704 3620 4744 non

277 4783 456 4852 λέγει,
506 4785 754 4840 τοιοῦτόν
799 4788 950 4841 ἐστιν
989 4805 1002 4819 ·
1040 4789 1217 4843 Ὅταν
1270 4790 1605 4862 θεοσημείας
1647 4790 1892 4861 βλέπων,

280 4879 379 4931 καὶ
401 4878 540 4949 ἔργα
579 4879 797 4949 μεγάλα
827 4884 923 4935 καὶ
948 4882 1211 4951 ἐξαίρετα
1241 4883 1448 4955 ἀπιστῇ
1484 4886 1579 4937 καὶ
1612 4900 1893 4953 συκοφανκ

280 4974 374 5042 τῇ,
413 4974 512 5037 τὰς
536 4974 630 5026 τοῦ
661 4976 822 5043 ἁγίου
856 4975 1182 5044 ῐινεύματος
1227 4976 1516 5047 ἐνεργείας
1558 4976 1639 5046 τῷ
1664 4976 1896 5041 Βεελζε-

281 5067 419 5120 δοὺλ
478 5069 927 5141 προσανατιοεῖς,
983 5068 1109 5123 τότε
1152 5067 1496 5139 βλασφημῶν
1538 5070 1619 5133 είς
1647 5067 1707 5121 τὸ
1740 5066 1899 5135 ἅγιον

284 5159 535 5229 Πνεῦμα,
595 5162 692 5215 καὶ
725 5162 781 5214 ἐν
826 5160 1104 5232 πνεύματι
1154 5162 1385 5232 πονηρῷ
1440 5160 1535 5213 καὶ
1560 5160 1626 5213 οὐ
1662 5158 1797 5229 θείῳ
1828 5159 1897 5214 τὰ

285 5256 495 5324 σημεῖα
526 5254 778 5323 γίνεσθαι
804 5254 1004 5331 λέγων,
1062 5255 1460 5325 ἀσύγνγνωστὸς
1486 5255 1629 5320 ὲστι,
1658 5253 1754 5307 καὶ
1795 5252 1898 5305 οὐκ

282 5347 442 5403 ἔσται
500 5350 703 5416 ἀθῶος,
742 5338 804 5403 εἴ
851 5349 927 5419 μὴ
986 5351 1348 5421 μετανοήσειλ·
1382 5349 1462 5418 τῷ
1522 5351 1751 5420 μὲν-εἰς
1805 5347 1900 5401 τὸν

282 5441 417 5496 Υιὸν
470 5442 563 5496 τοῦ
623 5443 919 5514 ἀνθρώπου
971 5429 1415 5514 βλασφημοῦντι,
1468 5440 1896 5514 οὐὸὲ“άμαρτία

283 5536 589 5604 ἐλογίζετο,
618 5538 700 5591 διὸ
752 5540 846 5593 καὶ
882 5538 958 5609 μὴ
1010 5539 1293 5609 μετανοῶν
1326 5537 1734 5608 συγγνωστέος,
1807 5536 1899 5607 Τῷ

283 5630 341 5682 5':
375 5630 522 5682 Οειου
557 5632 877 5700 ῐινεύματος
917 5634 1056 5703 ἔργα
1085 5634 1310 5703 ὁρῶντι,
1342 5635 1434 5687 καὶ
1486 5630 1894 5703 βλασφημοῦν-

285 5740 361 5787 τι,
403 5725 572 5796 χωρὶς
603 5727 897 5796 μετανοίας
929 5728 1029 5780 οὐκ
1073 5728 1442 5797 ἀφεθήσεται.
1484 5724 1756 5798 Ἀμαρτία
1786 5724 1895 5793 γὰρ

368 5909 405 5937 “
438 5905 628 5962 .iluiilt.
680 5924 735 5973 ι,
765 5908 853 5962 ἰοὶ.

1992 4796 2307 4847 remittetur
2350 4788 2423 4843 ei.
2455 4788 2613 4855 Quod
2650 4802 2782 4841 vero
2837 4776 2999 4851 dicit,
3042 4786 3189 4839 hunc
3240 4800 3465 4840 sensum
3525 4783 3622 4837 ha-

1990 4887 2086 4943 bet
2112 4904 2125 4939 :
2154 4886 2382 4953 Quando
2413 4883 2605 4938 videns
2647 4862 2833 4938 divina
2871 4880 3160 4945 miracula,
3206 4889 3261 4933 ct
3288 4894 3457 4949 opera
3513 4894 3628 4933 ma-

1994 4998 2098 5053 gua
2132 4993 2190 5035 ct
2225 4979 2593 5050 prmcellcntia
2626 4977 2910 5043 discredit,
2965 4984 3021 5031 et
3074 4973 3452 5030 calumniatur
3496 4971 3624 5037 Spi-

1998 5072 2139 5127 ritus
2177 5072 2353 5133 sancti
2389 5071 2763 5142 operationes,
2803 5070 2924 5124 illas
2958 5067 3245 5123 Beelzebul
3289 5066 3625 5131 attribuens,

2010 5166 2057 5221 is
2098 5165 2439 5235 hlaSphemat
2470 5174 2527 5218 et
2565 5164 2875 5218 convicium
2908 5162 3041 5216 dicit
3103 5161 3157 5215 in
3193 5158 3463 5230 Spiritum
3500 5175 3628 5213 san-

2010 5268 2197 5327 ctum;
2230 5268 2285 5315 et
2310 5260 2361 5313 in
2396 5258 2589 5327 spiritu
2622 5258 2858 5330 maligno
2890 5266 2941 5311 et
2971 5272 3076 5310 non
3125 5254 3315 5309 divino
3363 5252 3627 5308 miracula

2012 5352 2127 5407 ﬁeri
2162 5351 2371 5415 dicens,
2406 5350 2624 5404 veniam
2683 5364 2789 5403 non
2823 5356 3216 5419 consequetur,
3266 5356 3320 5401 et
3371 5362 3476 5399 tum
3525 5348 3628 5398 erit

2010 5440 2299 5501 innocens,
2341 5438 2383 5493 si
2416 5454 2521 5493 non
2575 5438 2917 5509 pmuitucril.
2974 5438 3033 5493 Ei
3094 5439 3239 5492 enim
3283 5437 3377 5506 qui
3430 5435 3625 5489 Filium

2011 5533 2253 5588 hominis
2300 5532 2667 5602 blaspltcmat,
2722 5542 3009 5603 peccatum
3077 5547 3185 5587 non
3255 5531 3559 5601 imputatur
3607 5547 3618 5581 :

2010 5627 2133 5683 idco
2160 5627 2263 5683 clsi
2305 5645 2413 5684 non
2456 5638 2578 5701 agat
2609 5631 3015 5700 paenitentiam,
3053 5628 3269 5682 veniam
3321 5638 3628 5694 conseque-

2012 5734 2123 5777 tur.
2169 5720 2385 5779 Vidcnti
2425 5731 2608 5778 autem
2636 5722 2801 5777 divini
2842 5720 3081 5793 Spiritus
3123 5736 3309 5793 Opera,
3358 5730 3411 5773 ct
3472 5717 3628 5773 blas-
