4256 6432
739 398 847 460 883

1662 385 2243 455 THEOPHYLACTI
2292 382 2707 449 BULGARIE
2740 389 3100 451 ARCHIEP-

3926 375 4032 443 884

742 511 1045 588 phemanti,
1096 510 1306 579 absque
1334 501 1653 576 pteuitentia
1685 508 1968 572 peccatum
2002 512 2109 553 non
2143 496 2323 553 remit«

2438 494 2675 568 μεγίστη
2707 498 3120 570 λογισθήσεται.
3169 497 3341 552 Ὅταν
3377 495 3432 549 δὲ
3466 492 3859 566 πρωφᾶρωσιν

742 618 921 662 tetur:
988 608 1268 672 peccatum
1322 595 1468 652 enim
1515 592 1812 649 maximum
1878 591 2131 646 habetur.
2192 588 2327 646 Cum

741 707 920 752 autem
962 690 1285 748 adduxerim
1312 702 1409 744 vos
1433 688 1504 742 ad
1539 685 1888 756 magistratus
1921 690 1975 737 et
2007 687 2325 751 potestates.

739 798 846 843 etc.
883 786 1018 853 Quia
1050 784 1341 839 infirmitas
1382 785 1571 834 nostra
1609 775 1809 845 duplex
1845 783 1951 839 est,
1991 783 2049 829 et
2072 772 2159 829 vel
2202 787 2330 844 pro-

740 887 860 948 pter
918 879 1172 931 timorem
1224 886 1507 942 poenarum
1556 868 1792 939 fugimus
1847 866 2191 937 martyrium,
2245 865 2329 921 vel

742 978 960 1038 propter
993 967 1419 1036 simplicitatem.
1451 979 1518 1019 eo
1554 962 1702 1033 quod
1735 975 1842 1016 non
1880 974 2169 1030 possumus
2207 959 2329 1014 red-

740 1063 870 1117 dere
918 1062 1181 1115 rationem
1234 1066 1435 1115 nostra:
1476 1055 1645 1113 iidei:
1693 1053 1903 1110 sanavit
1938 1052 2158 1122 quidem
2211 1066 2327 1107 me-

742 1164 854 1207 tum
892 1153 983 1222 qui
1027 1166 1091 1205 ex
1147 1149 1347 1221 poenis,
1376 1148 1500 1219 quia
1534 1147 1671 1202 dixit
1700 1166 1713 1201 :
1774 1144 1851 1199 Ne
1900 1143 2137 1201 timeatis
2168 1159 2263 1199 eos
2295 1156 2326 1197 a

742 1246 935 1314 quibus
964 1242 1231 1297 occiditur
1256 1255 1473 1310 carpus.
1500 1240 1671 1295 Sanat
1696 1251 1913 1307 quoque
1939 1251 2083 1292 nunc
2122 1243 2327 1290 motum

740 1334 829 1401 qui
862 1348 932 1388 ex
964 1331 1345 1402 simplicitate;
1380 1345 1503 1387 nam
1531 1328 1783 1399 quoniam
1818 1342 1926 1382 non
1976 1325 2131 1381 multi
2182 1324 2330 1395 sapi-

742 1435 898 1481 entes
948 1425 1245 1481 secnndum
1286 1436 1510 1478 carnem
1561 1421 1949 1486 crediderunt,
1998 1419 2092 1475 sed
2145 1419 2329 1490 plures

742 1518 906 1574 laici:
937 1516 1017 1573 Ne
1056 1517 1270 1586 timeas,
1307 1516 1505 1587 inquit,
1531 1515 1623 1585 qui
1676 1514 1905 1585 simplex
1941 1528 2025 1579 es,
2071 1521 2126 1569 et
2172 1526 2330 1584 agre-

742 1612 844 1667 stis
884 1626 951 1667 ac
1007 1611 1197 1677 idiota,
1254 1623 1435 1678 neque
1485 1606 1753 1664 sollicitus
1796 1605 1875 1662 sis
1923 1605 2197 1676 quomodo
2244 1605 2350 1665 vel.

743 1704 871 1775 quid
898 1703 1228 1773 respondeas
1263 1712 1515 1775 tyranno,
1555 1715 1677 1756 cum
1715 1700 2083 1771 interrogatus
2132 1698 2323 1764 fueris,

740 1796 826 1851 vel
859 1796 987 1867 quid
1017 1796 1202 1853 dicas:
1238 1795 1378 1851 alius
1399 1793 1755 1851 concionandi
1785 1792 1978 1849 modus
2026 1793 2149 1848 erit.
2202 1789 2327 1862 Spi-

2443 585 2540 641 ἐπὶ
2584 586 2683 652 τὰς
2723 589 2901 661 ἀρχὰς
2959 589 3055 643 καὶ
3105 588 3208 651 τὰς
3263 585 3537 653 ἔξουσίας,
3593 585 3691 638 καὶ
3758 582 3833 636 τά
3878 580 4030 649 ἑξῆς.

2442 679 2677 753 -Ἐπειδὴ
2708 681 2742 751 ἡ
2781 682 3040 736 ἀσθένεια
3102 679 3261 753 ἡμῶν
3317 680 3494 749 διττὴ,
3546 676 3643 731 καὶ
3674 677 3709 747 ἢ
3737 676 3830 729 διὰ
3862 675 4028 743 φόὸον

2446 771 2725 827 κολάσεων
2752 773 3148 843 ἀποφεύγομεν
3195 772 3259 826 τὺ
3313 768 3701 842 μαρτύριον,ἢ
3739 768 3821 822 δι’.
3840 768 4035 838 ἀγροι-

2446 862 2593 929 κίαν,
2622 863 2715 919 καὶ
2741 864 2804 918 sb
2843 864 3207 936 μὴδύνασθαι
3239 862 3427 918 δοῦναι
3460 862 3621 931 λόγον
3649 858 3753 929 τῆς
3809 860 3873 911 ὲν
3900 858 4031 926 ἡμῖν

2445 956 2684 1021 πίστεως
2704 971 2721 988 ⁸
2758 956 2948 1011 ίάσατο
2976 956 3079 1027 μὲν
3123 957 3217 1011 τὸν
3245 956 3338 1009 ἐπὶ
3392 955 3516 1018 ταῖς
3566 950 3829 1006 κολάσεσι
3860 947 4029 1017 φόϐον

2442 1048 2532 1104 διά
2560 1050 2657 1104 τοῦ
2691 1052 2889 1116 είπεῖν,
2951 1050 3044 1117 Μὴ
3085 1048 3365 1120 φοϐηθῆτε
3395 1046 3503 1103 ἀπὸ
3522 1045 3633 1099 τῶν
3674 1040 4030 1099 ἀποκτεινόν-

2441 1158 2554 1196 των
2584 1143 2648 1197 τὸ
2690 1144 2870 1215 σῶμα,
2909 1144 3054 1198 ίᾶται
3098 1142 3159 1197 δὲ
3209 1141 3307 1195 νῦν
3340 1140 3436 1195 καὶ
3462 1139 3554 1193 τὸν
3585 1137 3677 1190 ἐπὶ
3725 1138 3794 1206 τῇ
3843 1136 4034 1204 ἀγροι-

2441 1234 2559 1307 κίᾳ.
2596 1236 2750 1291 Ἐπεὶ
2781 1241 2891 1307 γὰρ
2938 1237 3001 1290 οὐ
3042 1237 3230 1291 πολλοὶ
3280 1236 3438 1305 σοφοὶ
3486 1233 3631 1289 κατά
3676 1233 3863 1302 σάρκα
3914 1227 4037 1281 ἀπί-

2442 1345 2695 1397 στευσαν,
2733 1330 2847 1386 ἀλλ’
2870 1332 2921 1385 oi
2940 1331 3161 1394 πλείους
3196 1330 3428 1395 ίδιῶται,
3456 1327 3549 1399 Μὴ
3584 1325 3775 1396 φοϐοῦ.
3811 1323 3972 1395 φησὶ.
4007 1323 4035 1374 6

2438 1422 2698 1495 ἄγροικος
2753 1424 2849 1479 καὶ
2888 1422 3133 1494 ίδιὼτης,
3186 1423 3323 1495 μηδι
3376 1422 3623 1495 μερίμνα
3684 1417 3806 1482 πῶς
3870 1416 3905 1487 ἢ
3978 1413 4030 1469 τί

2441 1514 2767 1589 ἀπολογήσῃ
2819 1515 2899 1588 τῷ
2952 1517 3205 1589 τυράννῳ
3262 1511 3688 1587 ιρωτὼμενοςῆ
3735 1511 3792 1565 τί
3837 1508 4021 1582 είπῃςο

2439 1600 2601 1655 ἄλλον
2663 1602 3243 1675 τρόπον-δημηγορῶν
3268 1618 3283 1631 ·
3319 1603 3380 1656 τὸ
3419 1602 3529 1673 γάρ
3577 1601 3736 1671 ἀγιον
3801 1598 4031 1670 Πνεῦμα

2442 1694 2645 1763 διδάξει
2679 1697 2826 1767 ὑμᾶς
2860 1697 2920 1750 ιν
2960 1696 3102 1769 αὐτῇ
3140 1699 3208 1768 τῇ
3232 1695 3376 1768 ὥρᾳ,
3404 1694 3442 1750 ἀ
3494 1694 3577 1749 δεῖ
3608 1695 3809 1749 είπεῖν.
3846 1692 4031 1755 Ὥστε,

2439 1788 2528 1855 τίς
2571 1789 2733 1863 χρεία
2782 1788 2881 1844 τοῦ
2934 1790 3272 1862 φροντίζειν,
3325 1788 3443 1858 εῖγε
3496 1788 3553 1843 tv
3596 1787 3740 1859 αὐτῇ
3794 1787 3865 1857 τῇ
3913 1784 4033 1856 ὥρᾳ

742 1865 891 1947 ritus
939 1891 1085 1946 enim
1135 1898 1359 1946 sanctus
1416 1888 1630 1946 docebit
1671 1903 1768 1945 vos
1790 1889 1843 1944 in
1897 1888 1986 1943 illa
2035 1886 2167 1943 bora
2211 1899 2323 1958 qua

2439 1882 2655 1955 μέλλεις
2709 1883 2815 1937 ὑπὸ
2855 1882 2950 1937 τοῦ
2996 1881 3324 1953 Πνεύματος
3391 1878 3781 1943 διδάσκεσθαις
3858 1876 4031 1941 οὕτως

740 1982 907 2055 369
936 1980 1080 2051 loqui
1113 1989 1399 2052 oporteat:
1446 1990 1613 2051 atque
1664 1980 1740 2036 ita
1796 1981 1926 2050 quid
1983 1979 2148 2056 fuerit
2196 1993 2323 2050 opus

2434 1971 2532 2031 οὖν
2557 1976 2957 2048 ἀμφοτέρωθεν
2990 1977 3072 2040 είς
3112 1974 3176 2029 rb
3205 1972 3509 2045 μαρτύριον
3536 1972 3688 2043 ἡμᾶς
3716 1968 4029 2039 ιπαλείφει,

742 2070 1126 2135 sollicitudine,
1175 2070 1221 2126 si
1250 2069 1467 2140 quidem
1508 2070 1560 2124 in
1592 2070 1682 2124 illa
1744 2070 1877 2124 hora
1910 2085 1937 2122 a
1958 2069 2164 2139 Spiritu
2198 2083 2323 2123 san-

2433 2068 2527 2122 τόν
2560 2085 2621 2123 τε
2655 2069 2751 2122 ἐπὶ
2781 2070 2847 2140 τῇ
2875 2068 3166 2140 σωματικῇ
3200 2064 3463 2138 ἀσθενείᾳ.
3504 2063 3696 2134 φόϐον,
3722 2063 3818 2117 τόν
3845 2079 3905 2116 τε
3932 2060 4025 2115 επὶ

741 2169 831 2214 cto
858 2160 1134 2215 docendus
1164 2158 1309 2214 eris?
1339 2157 1433 2214 Sic
1461 2158 1626 2230 igitur
1654 2167 1886 2230 utroque
1940 2158 2102 2214 modo
2134 2171 2232 2215 nos
2261 2158 2323 2214 ad

2431 2162 2501 2232 τῇ
2526 2159 2804 2231 ἀγροικίᾳ
2825 2158 3081 2231 ἰώμενος.
3806 2172 3809 2173 ⁷
3910 2154 3914 2156 Ὗ

743 2250 1062 2323 martyrium
1097 2250 1316 2313 instruit
1343 2268 1357 2305 :
1388 2259 1544 2305 sanat
1575 2258 1776 2306 metum
1809 2250 1897 2319 qui
1928 2258 2014 2307 est
2040 2265 2105 2307 ex
2136 2263 2330 2320 corpo-

742 2343 841 2397 rali
878 2342 1221 2407 infirmitate,
1247 2351 1301 2398 et
1332 2342 1422 2411 qui
1453 2358 1518 2399 ex
1551 2342 1929 2412 simplicitate.
2520 2388 2532 2398 .

819 2437 982 2494 Vsus.
1042 2436 1229 2492 l3-l5.
1283 2455 1303 2489 ι
1351 2436 1442 2493 Ait
1488 2444 1669 2492 autem
1702 2435 2101 2506 ei‘quidamde
2132 2435 2323 2492 turba:

2510 2449 2532 2483 ι
2566 2427 2701 2485 Ritu
2719 2428 2779 2485 δέ
2812 2445 2897 2494 τις
2919 2427 3070 2499 αύτῷ
3094 2428 3157 2482 ἐκ
3186 2427 3282 2483 τοῦ
3313 2428 3475 2501 δχλου
3494 2443 3510 2459 ⁸
3542 2426 3872 2493 Διδάσκαλε,
3899 2426 4022 2480 είπλ

742 2532 1022 2600 Magister,
1077 2530 1163 2586 die
1192 2528 1344 2584 fratri
1394 2544 1519 2584 meo
1564 2538 1623 2587 ut
1655 2527 1862 2584 dividat
1903 2544 2115 2584 mecum
2149 2528 2323 2585 bare-

2434 2522 2514 2593 τῷ
2536 2521 2755 2592 ἀδελφῷ
2784 2539 2889 2592 μου
2931 2520 3269 2593 μερίσασθαι
3313 2519 3433 2591 μετ’
3459 2518 3595 2593 ιμοῦ
3635 2520 3737 2592 τὴν
3765 2520 4030 2591 κληρονο·

738 2628 988 2680 ditatem.
1031 2627 1100 2680 At
1124 2624 1212 2678 ille
1245 2622 1381 2678 dixit
1414 2624 1463 2678 ei
1502 2641 1515 2679 :
1554 2622 1748 2688 Homo,
1784 2623 1908 2691 quis
1932 2636 2018 2678 me
2041 2622 2323 2678 constituit

2432 2614 2663 2687 μίαν.’0
2692 2614 2749 2668 δὲ
2771 2604 2929 2667 εἶπεν
2963 2611 3136 2685 αὐτῷ·
3168 2612 3484 2682 Ἄνθρωπε,
3508 2613 3593 2678 τίς
3627 2629 3697 2684 με
3724 2613 4030 2682 κατέστησε

732 2718 968 2781 j'tdiccm
1002 2728 1093 2771 aut
1117 2716 1406 2789 divisorem
1440 2731 1602 2785 super
1626 2731 1720 2771 vos
1747 2715 2046 2787 ?Dixitque
2071 2717 2140 2773 ad
2162 2716 2317 2773 illos:

2430 2707 2697 2778 δικαστὴν
2751 2706 2785 2777 ἢ
2823 2704 3096 2779 μεριστὴν
3136 2706 3223 2776 ἐφ’
3254 2706 3432 2778 ύμᾶςς
3486 2701 3624 2760 Eius
3682 2706 3742 2761 δὲ
3768 2704 3907 2777 πρὸς
3934 2705 4029 2759 αὐ-

742 2808 934 2863 Videte
966 2818 1021 2863 et
1072 2819 1262 2864 cavete
1291 2808 1361 2864 ab
1394 2810 1644 2872 avaritia,
1680 2809 1808 2879 quia
1849 2824 1954 2863 non
2003 2809 2055 2863 in
2084 2807 2323 2865 abunda-

2430 2798 2578 2865 τούς·
2616 2798 2812 2871 Ὁρᾶτε
2863 2799 2960 2852 καὶ
3020 2797 3363 2869 φυλάσσεσθε
3416 2799 3527 2852 ἀπὸ
3554 2798 3654 2868 τῆς
3688 2796 4029 2865 πλεονεξίας,

742 2905 812 2954 ιτιι
857 2901 1180 2969 cujusquam
1221 2902 1326 2956 vita
1357 2902 1476 2972 ejus
1525 2911 1608 2958 est
1641 2917 1707 2956 ex
1752 2901 1818 2957 iis
1844 2917 1965 2971 qua:
1998 2903 2257 2972 possidet.
2286 2912 2320 2955 ἰ

2430 2892 2514 2946 ὅτι
2545 2892 2647 2945 οὐκ
2681 2894 2740 2947 ἐν
2772 2891 2852 2962 τῷ
2908 2893 3260 2962 περισσεύειν
3291 2893 3402 2945 τινὶ
3440 2894 3473 2961 η
3506 2890 3622 2962 ζωὴ
3653 2892 3827 2945 αὐτοῦ
3883 2893 4030 2945 ἐστιν

742 2992 951 3049 Docens
983 3008 1083 3048 nos
1117 2994 1376 3049 Dominus
1403 2993 1674 3062 quomodo
1699 3002 1948 3063 oporteat
1975 3002 2323 3059 contemnere

2430 2986 2495 3039 lx
2510 2984 2622 3039 τῶν
2641 2984 2999 3056 ὑπαρχόντων
3019 2985 3190 3056 αὐτῷ.
3228 3004 3248 3038 s
3277 2984 3559 3039 Διδάσκων
3578 2986 3729 3058 ημᾶς
3753 2986 3782 3038 ό
3802 2985 4028 3055 Κύριος,

738 3082 1077 3153 temporalia,
1132 3094 1187 3141 et
1216 3083 1358 3153 quod
1386 3094 1492 3139 non
1519 3098 1655 3154 opus
1690 3084 1763 3139 sit
1786 3083 2012 3138 multum
2066 3082 2323 3152 occupari

2430 3079 2545 3142 πῶς
2572 3079 2655 3133 δεῖ
2695 3081 3065 3152 καταφρονεῖν
3096 3079 3208 3133 τῶν
3248 3078 3547 3148 βιωτικῶν,
3590 3078 3687 3132 καὶ
3715 3079 3802 3132 ὅτι
3840 3078 3902 3131 ού
3952 3077 4030 3130 δεῖ

738 3176 791 3228 in
847 3176 1099 3242 terrenis,
1150 3176 1375 3231 dimittit
1402 3191 1431 3231 a
1470 3191 1530 3230 se
1577 3190 1699 3231 eum
1727 3175 1819 3246 qui
1849 3186 2139 3231 vocaverat
2165 3191 2227 3232 se
2265 3184 2323 3231 ut

2432 3171 2811 3245 περισπᾶσθαι
2847 3171 2978 3243 περὶ
3003 3170 3071 3226 τά
3099 3172 3288 3242 γήϊνα,
3310 3172 3706 3242 ἀποπέμπεται
3736 3172 3831 3225 τὸν
3861 3186 4031 3242 προσ-

740 3267 1032 3336 partiretur
1094 3268 1465 3322 baereditatem
1498 3278 1779 3338 paternam
1809 3283 1824 3333 ;
1886 3267 2006 3323 ideo
2065 3276 2122 3323 et
2147 3268 2281 3341 dicit
2310 3286 2323 3325 :

2430 3264 2773 3336 καλούμενον
2831 3263 2997 3319 αὑτὸν
3036 3265 3117 3329 είς
3148 3265 3211 3344 τδ
3253 3265 3592 3336 μερίσασθαι
3622 3264 3724 3338 τὴν
3760 3264 4026 3336 πατρῴαν

738 3358 871 3425 Quis
896 3373 984 3412 me
1010 3359 1295 3414 constituit
1318 3359 1554 3430 judicem
1581 3358 1664 3413 vel
1682 3359 1973 3415 divisorem
1998 3373 2163 3431 super
2192 3375 2285 3416 vos
2304 3360 2330 3413 τ

736 3453 1002 3519 Quoniam
1035 3453 1181 3509 enim
1211 3453 1298 3507 ille
1334 3454 1592 3509 omiserat
1626 3464 1808 3522 petere
1837 3454 2012 3523 utilia,
2037 3465 2093 3511 et
2131 3455 2329 3513 anima!

734 3545 893 3598 saluti
964 3544 1325 3611 cuiiferentia,
1385 3546 1437 3600 in
1512 3549 1744 3602 terrenis
1825 3557 1878 3602 et
1937 3548 2328 3618 temporalibus

736 3635 967 3705 negotiis
1013 3638 1292 3705 quaerebat
1352 3637 1525 3707 ipsum
1584 3637 1764 3695 facere
1792 3639 2088 3697 divisorem
2122 3660 2138 3697 :
2171 3640 2327 3709 cujus

734 3728 910 3799 gratia
973 3731 1132 3801 quasi
1189 3728 1594 3801 ob>treperum,
1644 3743 1698 3787 et
1730 3732 1862 3795 nihil
1892 3749 1960 3790 ex
1992 3734 2216 3791 utilibus
2248 3735 2327 3791 di-

730 3834 886 3874 scere
942 3820 1237 3883 volentem,
1307 3820 1551 3887 dimittit,
1605 3820 1767 3894 idque
1814 3834 2099 3881 mansuete
2132 3833 2188 3879 et
2216 3838 2323 3879 non

732 3924 952 3967 aus:ere
1002 3912 1232 3969 faciens.
1271 3913 1437 3969 Docet
1471 3926 1651 3971 autem
1683 3916 1909 3972 omnino
1942 3905 2039 3985 per
2065 3916 2167 3970 hoc
2190 3928 2327 3970 'om-

730 4018 829 4057 nos
854 4010 907 4058 et
937 4003 1027 4073 qui
1065 4013 1190 4058 tunc
1216 4010 1271 4059 et
1298 4004 1392 4073 qui
1428 4020 1570 4059 nunc
1606 4005 1855 4072 audiunt,
1886 4005 2066 4061 omnia
2108 4005 2325 4076 quidem

728 4102 943 4145 terrena
1000 4091 1341 4163 negligenda,
1389 4102 1441 4149 et
1480 4094 1550 4149 ob
1598 4096 1917 4165 temporalia
1960 4099 2174 4169 negotia
2215 4111 2323 4152 non

727 4184 1167 4239 contendendum
1226 4201 1349 4243 cum
1408 4186 1717 4256 fratribus,
1783 4188 2084 4245 cedendum
2138 4199 2325 4244 autent

728 4272 902 4343 magis
971 4272 1096 4337 illis,
1144 4274 1363 4332 etiamsi
1392 4275 1557 4331 velint
1589 4276 1740 4331 avari
1770 4290 1911 4336 esse.
1948 4276 2032 4333 Ab
2056 4292 2123 4335 eo
2152 4279 2323 4346 enim,

728 4364 927 4432 inquit.
956 4365 1046 4433 qui
1084 4366 1261 4421 aufert
1300 4374 1416 4432 tua,
1453 4382 1519 4421 ne
1543 4376 1777 4437 repetas.
1820 4368 2128 4435 Quaerenda
2160 4369 2327 4440 igitur

725 4472 1070 4527 quaecunque
1130 4458 1281 4513 utilia
1324 4467 1379 4513 et
1438 4460 1749 4515 necessaria
1798 4472 1924 4515 sunt
1971 4462 2039 4516 ad
2092 4462 2321 4519 salutem

2433 3355 2824 3428 κληρονομίαν.
2852 3357 2943 3411 Διὸ
2969 3356 3064 3412 καί
3088 3373 3226 3427 φησι
3252 3374 3265 3389 ·
3296 3358 3395 3420 Τίς
3426 3374 3495 3427 με
3527 3360 3837 3429 κατέστησε
3872 3359 4028 3412 δικα-

2433 3449 2566 3519 στὴν
2610 3450 2645 3521 ἢ
2711 3449 2983 3521 μεριστὴν
3013 3450 3099 3521 ιφ’
3131 3451 3313 3523 ὑμᾱςς
3362 3447 3584 3521 Ἐπειδὴ
3640 3450 3751 3523 γὰρ
3791 3453 4021 3518 εκεῖνος,

2431 3542 2755 3598 καταλιπὼν
2795 3546 2972 3598 αἰτεῖν
3020 3543 3091 3598 τά
3131 3548 3382 3617 χρήσιμα
3439 3545 3536 3599 καὶ
3589 3546 3727 3616 πρὸς
3783 3544 4027 3617 ψυχικὴν

2433 3633 2713 3706 σωτηρίαν
2736 3636 3123 3707 συμφέροντα,
3161 3637 3291 3707 περὶ
3319 3637 3526 3707 γηΐνων
3548 3638 3642 3691 καὶ
3673 3636 4029 3708 προσκαίρων

2430 3729 2777 3801 πραγμάτων
2816 3730 3086 3802 μεριστὴν
3116 3729 3281 3786 αὐτὸν
3311 3731 3572 3800 γενίσθαι
3606 3732 3809 3803 ᾐτεῖτο,
3837 3731 4027 3786 τούτου

2429 3823 2591 3896 χάριν
2647 3822 2726 3888 ὡς
2771 3823 3007 3895 ὀχληρὸν
3062 3825 3157 3877 καὶ
3191 3823 3344 3878 οὐδὲν
3389 3823 3646 3878 ἐθέλοντα
3683 3824 3882 3894 μαθεῖν
3919 3824 4029 3877 τῶν

2428 3915 2662 3969 δεόντων
2686 3916 3101 3987 ἀποπέμπεται,
3137 3917 3234 3969 καὶ
3272 3913 3434 3970 τοῦτο
3482 3913 3676 3989 πράως
3723 3917 3902 3970 ποιῶν
3928 3918 4023 3972 καὶ

2429 4008 2532 4063 ούκ
2566 4006 3019 4079 ἐπιπληκτικῶς.·
3056 4007 3245 4063 Πείθει
3314 4008 3373 4062 δι
3418 4010 3651 4079 πάντως,
3684 4009 3775 4063 διὰ
3832 4009 4025 4063 τούτου

2430 4099 2641 4165 πάντας
2664 4101 2793 4165 τοὺς
2824 4101 2920 4155 καὶ
2943 4100 3063 4154 τότε
3103 4100 3199 4155 καὶ
3234 4100 3330 4154 νῦν
3352 4100 3656 4165 ἀκούοντας
3692 4102 3900 4167 παντὸς
3930 4102 4027 4173 μὲν

2428 4193 2655 4263 ἀμελεῖν
2706 4194 3045 4266 προσκαίρου
3111 4194 3207 4247 καὶ
3265 4194 3459 4264 γηῖνου
3529 4194 3887 4264 πράγματος,
3944 4195 4019 4265 μὴ

2428 4284 2875 4357 φιλονεικοῦντας
2913 4285 3188 4357 ἀδελφοῖς,
3212 4285 3465 4351 εἴκοντας
3500 4287 3556 4340 δι
3585 4287 3792 4358 μᾶλλον
3817 4287 4023 4352 αὐτοῖς,

2429 4379 2533 4437 κᾶν
2566 4380 2863 4452 βούλωνται
2891 4381 3263 4437 πλεονεκτεῖν.
3310 4382 3447 4436 ’Δπὸ
3485 4380 3597 4455 γὰρ
3626 4383 3722 4437 τοῦ
3755 4384 4023 4455 αἴροντος,

2428 4474 2587 4545 φησὶ,
2617 4474 2687 4527 τὰ
2748 4475 2815 4529 σά
2849 4476 2926 4548 μὴ
2972 4476 3223 4543 ἀπαίτει,
3262 4474 3559 4547 ζητοῦνται,
3592 4478 3697 4532 ὅσα
3754 4480 3865 4550 πέρ
3910 4481 4025 4533 εστι

724 4551 957 4615 animm;
1003 4550 1121 4605 ideo
1170 4560 1225 4605 et
1263 4551 1505 4607 subdidit
1564 4553 1802 4609 dicens:
1850 4551 2037 4610 Videte
2110 4568 2163 4612 et
2219 4572 2317 4612 cu-

2430 4568 2674 4639 χρήσιμα
2708 4568 2804 4622 καὶ
2856 4569 3139 4638 ἀναγκαῖα
3191 4569 3332 4641 πρὸς
3372 4570 3655 4641 σωτηρίαν
3687 4570 3893 4641 ψυχῆς.
3934 4572 4025 4625 Διὸ

722 4645 924 4698 stodite
947 4658 1045 4698 vos
1076 4643 1146 4700 ab
1176 4645 1429 4713 avaritia,
1457 4654 1566 4699 uta
1586 4646 1853 4703 diabolica
1890 4648 2123 4721 quadam
2164 4649 2320 4706 fovea

724 4738 983 4793 admonet
1036 4753 1134 4793 nos
1181 4747 1240 4791 ut
1276 4737 1566 4809 fugiamus.
1610 4740 1690 4793 Ad
1740 4754 1879 4809 quos
1911 4751 2092 4796 autem
2122 4742 2260 4797 dixit
2298 4760 2311 4795 :

722 4828 918 4884 Videte
947 4838 1000 4884 et
1040 4829 1311 4884 custodite
1338 4844 1435 4885 vos
1480 4830 1549 4885 ab
1594 4832 1868 4888 avaritia?
1898 4831 1982 4890 Ad
2007 4834 2141 4891 duos
2198 4833 2321 4889 illos

721 4923 940 4985 fratres,
992 4924 1247 4993 quoniam
1297 4925 1365 4979 de
1424 4924 1743 4983 inmeditate
1773 4925 1847 4980 illi
1894 4928 2317 4984 contendebant.

721 5016 1030 5073 Verisimile
1081 5025 1262 5072 autem
1295 5008 1298 5012 ’
1325 5026 1467 5084 erat,
1509 5034 1675 5073 unum
1698 5035 1764 5074 ex
1799 5019 1907 5076 illis
1938 5020 2148 5077 duobus
2177 5022 2317 5078 alte-

720 5127 840 5164 rum
889 5111 1082 5181 injuria
1135 5110 1401 5177 affecisse,
1429 5121 1483 5169 et
1511 5123 1798 5185 propterea
1830 5115 1896 5171 de
1923 5116 2152 5171 avaritia
2193 5132 2315 5172 cum

724 5204 832 5258 illis
863 5202 1124 5271 loquitur.
1178 5203 1430 5275 Magnum
1466 5206 1611 5262 enim
1653 5208 1753 5265 hoc
1813 5208 2014 5265 malum
2050 5225 2067 5266 :
2112 5210 2316 5267 idcirco

720 5308 774 5353 et
808 5296 1013 5351 Paulus
1046 5297 1412 5354 idololatriam
1471 5300 1643 5371 ipsam
1670 5312 1827 5359 vocat
1857 5323 1869 5358 :
1901 5303 2041 5359 forte
2068 5308 2211 5377 quod
2246 5310 2314 5363 ad

720 5392 863 5447 solos
924 5390 1190 5461 pertineat
1241 5392 1334 5461 qui
1374 5391 1541 5447 Deum
1580 5392 1833 5466 ignorant
1868 5396 2010 5463 :vel,
2068 5398 2118 5454 id
2168 5400 2313 5470 quod

720 5484 887 5537 etiam
935 5482 1140 5543 verius,
1178 5482 1305 5552 quia
1333 5483 1475 5541 idola
1499 5485 1768 5555 gentium,
1807 5498 2089 5556 argentum
2117 5499 2171 5544 et
2218 5505 2314 5543 au-

720 5592 862 5630 rum.
898 5574 1066 5645 igitur
1100 5578 1190 5647 qui
1229 5578 1659 5650 colitargentum
1691 5590 1979 5648 etaurum,
2004 5583 2200 5640 similis
2228 5594 2313 5641 est

718 5669 985 5724 idolorum
1024 5671 1341 5727 cultoribus.
1373 5671 1629 5728 Eamdem
1694 5675 1839 5729 enim
1877 5679 2159 5733 materiam
2218 5682 2315 5734 ad.

716 5771 877 5817 erant
920 5773 973 5818 et
1028 5765 1411 5836 amplexantur
1461 5778 1708 5841 uterque.
1736 5768 2085 5841 Supervacua
2127 5774 2309 5842 itaque

720 5854 990 5926 fugienda.
1057 5858 1282 5927 Quare?
1318 5860 1454 5932 Quia
1513 5879 1618 5920 non
1663 5864 1715 5922 in
1747 5864 2046 5923 abundanti
2076 5869 2307 5942 quodam

2430 4661 2524 4713 xui.
2556 4661 2806 4731 ἀπήγαγε
2832 4659 3027 4738 λέγων·
3062 4660 3259 4734 Ὁρᾶτε
3286 4662 3379 4717 καὶ
3410 4662 3756 4732 φυλάσσεσθε
3792 4663 3903 4718 ἀπὸ
3928 4665 4027 4734 τῆς

2431 4754 2771 4823 πλεονεξίας,
2822 4756 2901 4819 ὠς
2951 4756 3147 4827 βόθρον
3208 4757 3333 4811 τινὰ
3385 4756 3695 4812 διαδολικὸν
3742 4759 4027 4829 παραινῶν

2429 4849 2563 4919 ἡμῖν
2596 4849 2804 4920 ταύτην
2840 4849 3201 4917 ἀποφεύγειν.
3244 4849 3390 4920 Πρὸς
3421 4850 3575 4915 τίνας
3610 4850 3674 4905 δὲ,
3690 4849 3857 4906 τοῦτο
3881 4850 4023 4917 εἷπε,

2443 4942 2638 5014 Ὁρᾶτε
2680 4943 2775 4996 καὶ
2822 4941 3167 5013 φυλάσσεσθε
3216 4944 3326 4997 απὸ
3355 4943 3456 5013 τῆς
3490 4943 3844 5011 πλεονεξίαες
3887 4944 4024 5015 Πρὸς

2425 5035 2554 5098 τοὺς
2582 5034 2679 5088 δύο
2730 5033 2957 5100 τούτους
3000 5035 3287 5106 ἀδελφούςο
3322 5037 3445 5092 επεὶ
3483 5037 3595 5110 γὰρ
3656 5040 3783 5110 περὶ
3832 5039 4023 5111 κληρο-

2426 5127 2627 5199 νομίας
2658 5124 2727 5201 ἦν
2780 5129 2950 5192 ιύτοῖς
2972 5131 3006 5199 ἠ
3036 5130 3363 5201 ἀμφιϐολία,
3396 5131 3549 5197 είκδς
3599 5133 3660 5188 δδ
3694 5129 3764 5205 ἦν
3793 5134 3907 5188 τῶν
3934 5133 4020 5188 δύο

2426 5220 2633 5276 τούτων
2665 5221 2757 5275 τὸν
2786 5222 2883 5275 ἕνα
2913 5224 3123 5278 ἀδικεῖν
3175 5224 3269 5279 τὸν
3313 5224 3522 5296 ἕτερον,
3556 5227 3647 5280 διὰ
3706 5227 3874 5282 τοῦτο
3901 5228 4020 5300 περὶ

2426 5313 2740 5381 πλεονεξίας
2773 5315 2959 5379 αὐτοῖς
3005 5315 3337 5387 διαλέγεται.
3375 5318 3538 5386 Μέγα
3568 5320 3681 5392 γὰρ
3731 5321 4019 5384 τοῦτοκαο

2424 5406 2542 5458 κόν⁸
2576 5406 2659 5461 διὸ
2708 5410 2803 5462 καὶ
2832 5409 3075 5475 Παῦλος,
3132 5410 3585 5484 είδωλολατρείαν
3632 5413 3795 5467 τοῦτο
3821 5417 4014 5480 καλεῖ,

2422 5494 2563 5567 τάχα
2587 5497 2665 5560 ὡς
2696 5498 2882 5569 μόνοις
2914 5500 3126 5585 πρέπον
3156 5503 3271 5565 τοῖς
3305 5503 3381 5573 μὴ
3403 5503 3571 5558 εἰδόσι
3605 5504 3741 5560 Θεὸν
3771 5525 3783 5537 ·
3820 5508 3854 5585 ἢ
3890 5510 4016 5575 ὅπερ

2422 5590 2518 5641 καὶ
2547 5590 2935 5661 ἀληθέστερον,
2978 5592 3102 5645 ἐπεὶ
3141 5592 3208 5647 τὰ
3241 5594 3437 5648 εἴδωλα
3476 5594 3587 5648 τῶν
3620 5598 3820 5662 ἐθνῶν,
3850 5599 4013 5669 ἀργύέ

2425 5700 2543 5753 ριον
2574 5685 2670 5737 καὶ
2706 5674 2954 5755 χρυσίον.
2985 5686 3218 5757 Ὀμοιος
3248 5688 3363 5751 τοῖς
3415 5689 3842 5764 είδωλολάτραις
3880 5696 3908 5746 ό
3942 5710 4014 5745 τις

2424 5778 2543 5848 μῶν
2586 5779 2646 5832 τὸ
2685 5780 2953 5852 ἀργύριον
2998 5782 3093 5835 καὶ
3148 5781 3211 5834 τὸ
3242 5781 3467 5853 χρυσίον
3495 5799 3511 5813 ’
3544 5785 3645 5855 τὴν
3687 5788 3801 5859 γὰρ
3854 5788 4011 5855 αὐτὴν

2424 5871 2560 5945 ὓλην
2599 5874 2974 5945 προσκυνοῦσι
3027 5876 3119 5929 καὶ
3168 5878 3524 5947 περιέπουσιν
3555 5882 3882 5955 ἀμφότεροι.
3930 5884 4013 5937 Δεῖ
