4256 6432
233 395 347 463 835
913 380 1366 451 ENARRATIO
1401 387 1484 448 IN
1521 379 2037 450 EVANGELIUM
2078 383 2319 447 LUC/E.
2355 411 2424 423 --
2461 388 2622 463 CAP.
2672 387 2816 450 XII.
3449 381 3581 448 .885

233 503 337 564 οὖν
373 507 598 578 φεύγειν
626 508 690 562 τὸ
729 507 1008 578 περιττόν.
1053 507 1243 574 Διατί;
1298 506 1447 560 Διότι
1499 504 1602 558 οὐκ
1658 506 1718 558 εν
1770 501 1880 573 τῷ.

1986 503 2068 558 ita
2124 503 2232 561 illis
2256 511 2384 560 est:
2423 504 2475 559 id
2507 515 2615 572 est,
2651 503 2776 560 vita:
2830 514 3087 559 mensura
3140 515 3249 559 non
3285 499 3452 557 simul
3481 514 3580 555 ex-

240 601 594 675 περισσεύειν
625 601 798 671 τινὶή
857 600 972 670 ζωὴ
1021 599 1192 654 αὐτοῦ
1244 601 1384 666 εστι,
1441 600 1750 665 τουτέστιν,
1784 599 1847 653 οὐ

1986 597 2203 653 enditur
2261 611 2389 652 cum
2450 598 2567 668 ipsa
2631 595 2996 662 abundantia,
3050 610 3231 666 neque
3279 594 3430 650 enim
3481 592 3580 664 qui

240 694 649 750 συνεκτείνεται
679 693 742 746 τὸ
775 693 874 763 τῆς
899 690 1046 761 ζωῆς
1071 692 1274 763 μέτρον
1305 696 1377 765 τῇ
1422 691 1740 764 περιουσίᾳο
1784 692 1848 746 οὐ

1986 693 2124 748 nulla
2202 690 2471 762 possidet,
2557 691 2769 748 diutius
2825 691 3001 746 vivit:
3045 705 3227 760 neque
3279 689 3580 745 comitatur

241 790 356 862 γὰρ
393 787 459 860 δὴ
485 789 514 840 6
547 786 691 858 ἔχων
728 785 926 855 πολλὰ,
956 785 1058 856 ήδη
1103 803 1208 839 που
1242 786 1340 839 καὶ
1375 787 1436 850 ες
1474 787 1694 856 μακρὸν
1743 783 1850 855 ζή-

1986 785 2276 842 iivitiarttm
2343 784 2753 841 multitudinem
2810 782 2940 838 vita:
2971 781 3316 851 lougmvitas.
3347 779 3463 836 Hoc
3480 795 3581 834 au-

245 896 426 940 σεται,
453 877 578 930 οὐδὲ
604 876 897 931 ἀκολουθεῖ
933 876 1013 948 τῷ
1041 876 1238 949 πλήθει
1269 875 1364 931 τοῦ
1394 875 1634 931 πλούτου
1667 878 1701 948 ἡ
1742 893 1853 947 μα-

1986 896 2065 936 em
2092 880 2225 936 dicit
2252 880 2518 936 Dominus
2559 879 2853 937 Confutans
2884 879 3249 952 cogitationes
3276 878 3581 932 amantium

243 972 524 1045 κροζωτα.
545 970 720 1028 Τοῦτο
743 971 800 1026 δὲ
843 971 995 1043 λέγει
1021 975 1049 1026 6
1074 973 1303 1045 Κύριος,
1355 971 1695 1044 ἀνατρᾶπων
1721 973 1852 1037 τούς

1986 976 2201 1032 livitias.
2219 976 2494 1044 Quoniam
2546 975 2697 1032 enim
2739 973 3059 1032 divitiarum
3085 984 3362 1027 amatores
3390 969 3580 1025 existi-

243 1065 355 1117 τῶν
393 1062 774 1134 φιλοπλούτων
826 1063 1128 1134 λογισμούς
1151 1081 1164 1094 ’
1228 1065 1421 1138 ἑπειδὴ
1449 1064 1562 1137 γάρ
1598 1065 1648 1119 oi
1702 1064 1856 1134 φιλό-

245 1154 473 1209 πλοντοι
489 1154 744 1208 δοκοῦσιν
776 1153 852 1218 ὡς
885 1155 1156 1224 φιλόζωοι.
1171 1156 1462 1227 περιέπειν
1479 1156 1573 1210 τὸν
1596 1153 1853 1222 πλοῦτον,
1907 1173 1910 1175 λ

245 1248 345 1302 καὶ
375 1248 452 1312 ώς
501 1248 595 1301 επὶ
657 1248 873 1320 μακρὸν
927 1250 1219 1319 μέλλοντες
1266 1249 1589 1321 βιώσεσθαι,
1651 1266 1860 1304 παντα-

244 1339 408 1410 χόθεν
439 1340 721 1408 συνάγειν,
763 1341 930 1411 φησίν
961 1359 975 1372 ·
1022 1342 1213 1396 ’Δθλιε
1248 1343 1346 1397 καὶ
1376 1341 1736 1416 ταλαίπωρε,
1780 1344 1858 1415 μὴ

245 1431 360 1502 γὰρ
394 1436 458 1484 ὲκ
493 1431 588 1485 τοῦ
623 1429 771 1501 ἔχειν
821 1430 995 1486 πολλά
1029 1433 1473 1506 προσγενήσεται
1529 1451 1615 1488 σοι
1651 1434 1748 1488 καὶ
1797 1433 1860 1488 τὸ

249 1523 588 1596 μακρὸδιον;
649 1525 705 1577 τί
735 1524 922 1579 τοίνυν
982 1526 1323 1592 κακοπαθεῖς
1370 1528 1662 1600 προδήλως
1712 1526 1859 1599 ὑπὲρ

245 1617 352 1688 τῆς
407 1617 608 1688 ἀδήλου
670 1617 1068 1685 ἀναπαύσεωςς
1110 1619 1342 1690 Ἄδηλον
1397 1621 1498 1692 μὲν
1551 1620 1687 1692 γὰρ,
1731 1622 1850 1690 είγε

248 1710 479 1779 φθάσεις
503 1711 583 1775 είς
605 1710 804 1781 γῆρας.
833 1703 897 1766 οὗ
921 1712 1110 1766 εἵνεκα
1138 1712 1520 1785 θησαυρίζεις.
1565 1713 1847 1786 Πρόδηλον

259 1803 321 1857 δὲ
345 1804 428 1857 ὅτι
459 1802 555 1856 νῦν
580 1804 802 1875 δαπανᾷ
824 1804 956 1873 περὶ
973 1806 1069 1859 τὸν
1088 1807 1360 1878 πορισμὸν
1394 1808 1507 1861 τῶν
1524 1825 1627 1879 χρη
1639 1808 1847 1879 μάτων.

1958 1079 2112 1126 mant
2131 1070 2276 1140 quod
2297 1069 2467 1126 multo
2495 1080 2745 1139 tempore
2771 1068 2992 1124 divitias
3024 1063 3486 1136 possessurisiot,
3529 1070 3586 1118 et

1958 1165 2117 1232 quasi
2155 1162 2248 1218 ditt
2279 1161 2884 1232 victuri,undequaque
2930 1173 3065 1228 opes
3096 1158 3387 1228 colligunt,
3408 1157 3544 1213 dicit
3566 1179 3583 1211 :

1959 1255 2541 1316 Iliscretserumnose.
2561 1253 2808 1324 nunquid
2827 1268 2894 1310 ex
2914 1252 3212 1308 multorum
3233 1251 3585 1321 possessione

1962 1351 2072 1406 vita
2098 1361 2188 1406 tua
2230 1349 2548 1420 productior
2582 1348 2734 1403 erit?
2768 1361 2866 1402 cur
2898 1346 3064 1417 igitur
3096 1343 3356 1414 amigeris
3407 1342 3588 1408 mani-

1962 1434 2102 1500 feste
2141 1457 2244 1515 pro
2289 1442 2460 1514 37o
2512 1441 2720 1498 incerta
2784 1439 3028 1510 quiete?
3097 1435 3372 1492 Incertum
3438 1436 3586 1492 enim

1965 1550 2096 1591 num
2128 1537 2199 1589 ad
2249 1542 2592 1590 senectutem
2660 1532 2962 1604 pertingas,
3029 1528 3187 1599 cujus
3235 1527 3411 1599 gratia
3468 1528 3589 1582 the-

1966 1625 2216 1682 saurizas
2247 1643 2263 1680 :
2293 1621 2647 1679 manifestum
2680 1626 2866 1676 autem
2888 1618 3037 1691 quod
3076 1631 3222 1673 nunc
3256 1615 3490 1670 insumis
3534 1613 3591 1666 in

1967 1731 2102 1788 opes
2129 1715 2566 1788 eonquirendas.

330 1916 351 1947 ε
383 1891 518 1950 Εἷπε
533 1895 590 1950 δὲ
615 1872 935 1970 παραϐολὴν
954 1898 1093 1969 πρὸς
1124 1872 1326 1965 αὐτούς
1358 1872 1573 1969 λέγωνῖ
1618 1872 1862 1973 ίλνθρώ·

2039 1901 2210 1960 Vsus.
2274 1901 2467 1958 ιιι-ει.
2514 1921 2534 1955 ι
2574 1899 2724 1956 Dixit
2781 1906 2967 1956 autem
3043 1895 3469 1955 similitudinem
3525 1895 3594 1946 ad

252 2008 362 2045 που
410 1991 561 2055 τινὸς
585 2049 592 2056 ,
614 1992 875 2046 πλουσίου
906 1993 1216 2064 εὐφόρησεν
1249 1994 1282 2061 ἡ
1335 1992 1512 2064 χώρα,
1553 1993 1651 2046 καὶ
1683 1992 1861 2048 διελοο

250 2084 444 2155 γίζετο
480 2085 541 2138 ὲν
592 2083 773 2154 ἑαυτῷ
807 2084 990 2153 λέγων
1021 2100 1035 2113 ·
1074 2083 1142 2138 Τί
1195 2084 1430 2156 ποιήσω,
1477 2083 1562 2138 ὅτι
1593 2083 1699 2138 οὐκ
1751 2082 1863 2155 ἔχω

252 2177 364 2231 «εεοῦ
395 2177 612 2245 συνάξω
654 2178 785 2242 τούς
847 2177 1103 2250 καρπούς
1135 2194 1275 2250 μου;
1317 2177 1430 2232 Καὶ
1461 2171 1587 2232 εἷπε
1613 2193 1630 2210 ο
1689 2177 1864 2233 Τοῦτο

254 2271 495 2339 ποιήσω,
540 2267 760 2323 καθελῶ
819 2284 923 2340 μου
974 2269 1074 2333 τὰς
1101 2268 1416 2340 ἀποθήκας,
1453 2269 1550 2324 καὶ
1605 2269 1866 2340 μείζονας

255 2348 630 2433 οἰκοδομήσω,
663 2361 762 2416 καὶ
794 2360 1012 2429 συνάξω
1051 2363 1170 2424 ἐκεῖ
1203 2361 1385 2417 πάντα
1420 2360 1491 2417 τὰ
1544 2363 1866 2434 γεννήματά

257 2470 392 2525 μου,
444 2455 540 2508 καὶ
571 2454 640 2508 τὶ
699 2454 884 2522 ἀγαθά
940 2471 1070 2523 μου,
1103 2456 1200 2510 καὶ
1235 2455 1348 2527 δρῶ
1406 2457 1476 2526 τῇ
1508 2454 1659 2528 ψυχῇ
1697 2473 1805 2527 μου
1847 2470 1861 2487 ⁸

260 2546 451 2619 Ψυχὴ,
499 2546 647 2618 ίχεις
683 2547 860 2602 πολλὰ
897 2547 1363 2620 ἀγαθὰ-κείμενα
1411 2550 1495 2614 είς
1542 2548 1640 2620 ἔτη
1668 2550 1866 2618 πολλὰ,

258 2640 590 2707 ἀναπαύου,
626 2642 794 2711 φάγε,
825 2640 941 2707 πίε,
980 2640 1305 2714 εὐφραίνου.
1357 2637 1501 2696 Eius
1541 2642 1601 2696 δὲ
1644 2641 1798 2714 αὐτῷ
1841 2643 1871 2698 6

259 2733 418 2800 Θεάςο
461 2734 694 2806 Ἀφρον.
717 2735 892 2809 ταύτῃ
922 2738 989 2807 τῇ
1021 2735 1180 2790 νυκτὶ
1208 2735 1311 2807 τὴν
1347 2735 1536 2809 ψυχήν
1573 2753 1669 2790 σου
1699 2736 1872 2791 ἀπαι-

259 2826 451 2881 τοῦσιν
477 2827 587 2883 ἀπὸ
627 2826 748 2881 σοῦ’
783 2827 820 2882 ἀ
853 2828 910 2882 δι
940 2829 1272 2900 ἡτοίμασας,
1299 2828 1408 2884 τίνι
1441 2830 1629 2896 ierat;
1679 2829 1872 2895 Οὐτως

259 2922 294 2975 6
327 2919 677 2993 θησαυρίζων
711 2922 918 2994 ἑαυτῷ,
951 2922 1050 2978 καὶ
1077 2925 1155 2995 μὴ
1213 2925 1295 2989 είς
1355 2923 1496 2981 Θεὸν
1536 2925 1807 2982 πλουτῶν.
1848 2942 1867 2976 ι

263 3012 456 3068 Εἰπὼν
489 3017 572 3070 ὅτι
601 3015 663 3068 οὐ
698 3017 775 3088 τῇ¹
800 3018 1092 3090 περισσεία
1122 3015 1235 3070 τῶν
1256 3018 1562 3090 χρημάτων
1588 3020 1686 3074 καὶ
1711 3020 1744 3090 ἡ
1773 3017 1872 3073 τοῦ

262 3105 564 3177 ἀνθρώπου
585 3106 716 3184 ’ζωὴ
768 3109 1343 3182 συμπαρεκτείνεται,
1367 3116 1375 3122 “
1400 3110 1539 3181 πρὸς
1575 3109 1876 3187 βεόαίωσιν

263 3199 462 3254 τούτου
493 3201 749 3273 ἐπιφέρει
780 3202 876 3255 καὶ
909 3202 1255 3274 παραϐολήν.
1296 3205 1409 3259 Καὶ
1445 3205 1550 3276 ὅρα
1584 3205 1704 3269 πῶς
1743 3206 1878 3260 ὐπο-

264 3294 475 3365 γράφει
495 3296 632 3366 ἡμίν
657 3296 894 3367 ἀνοήτου
914 3295 1178 3350 πλουσίου
1209 3297 1528 3369 ἀπλήστους
1552 3297 1874 3370 λογισμούς.

277 3386 343 3440 ὐ
372 3389 472 3457 μὲν
500 3389 611 3458 γάρ
646 3387 780 3454 Θεὸς
825 3388 894 3442 τά
924 3389 1124 3462 ἑαυτοῦ
1153 3390 1353 3457 ἐποίει,
1389 3392 1484 3446 καὶ
1515 3392 1617 3464 τὴν
1668 3394 1879 3448 οἰκείαν

263 3479 675 3552 εὐσπλαγχνίαν
731 3481 1086 3538 ἐπεδείκνυτο
1121 3499 1136 3514 ·
1173 3485 1236 3538 οὐ
1290 3483 1403 3556 γὰρ
1439 3483 1497 3540 ἓν
1546 3486 1736 3558 γήδιον
1783 3485 1881 3541 τοῦ

265 3572 556 3638 πλουσίου,
588 3573 706 3628 ἀλλ’
736 3575 833 3648 ὅλη
869 3577 903 3648 ή
933 3575 1092 3649 χώρα
1118 3576 1453 3649 εὐφόρησεν.
1522 3575 1585 3632 Ὀ
1613 3577 1672 3632 δὲ
1705 3579 1884 3645 οὕτως

268 3664 344 3740 ἧν
372 3653 628 3740 ἄκαρπος
674 3670 805 3740 περὶ
839 3670 940 3741 τὴν
985 3670 1426 3743 εὐσπλαγχνίαν,
1481 3671 1626 3726 ὥστε
1662 3673 1797 3745 πρὶν
1847 3673 1882 3746 ἢ

266 3760 481 3830 λαϐεῖν,
539 3763 813 3833 συνεῖχεν.
856 3764 1002 3837 Ὅρα
1048 3765 1107 3820 δὲ
1153 3766 1250 3820 καὶ
1303 3765 1402 3831 τὰς
1452 3764 1549 3820 τοῦ
1619 3765 1883 3822 πλουσίου

268 3851 492 3925 ἡδονὰς,
533 3855 602 3909 Τί
651 3856 900 3927 ποιήσιος
969 3857 1245 3924 Τοιαύτας
1282 3859 1472 3931 φωνὰς
1507 3860 1650 3932 οὐχὶ
1713 3862 1810 3916 καὶ
1859 3863 1888 3916 6

271 3943 445 4016 πένης
480 3945 658 4015 λέγει,
687 3947 742 4000 τί
783 3949 1142 4020 ποιήσω,ὄτι
1192 3951 1296 4024 οὐκ
1339 3951 1452 4022 ἔχω
1497 3950 1616 4016 πῶς
1671 3954 1887 4024 τραφή-

271 4057 476 4111 σομαι,
504 4039 621 4105 πῶς
667 4040 996 4114 ἐνδύσομαις
1041 4041 1147 4097 Ἴδε
1183 4020 1277 4115 μοι
1310 4020 1409 4100 καί
1455 4046 1555 4111 τὰς
1585 4046 1681 4102 τοῦ
1711 4020 1886 4102 -πλου-

274 4134 397 4189 σίου
427 4135 613 4206 φωνάς
635 4150 652 4166 ο
683 4134 751 4190 Τί
782 4130 1021 4209 ποιήσω,
1053 4138 1137 4193 ὃτι
1173 4140 1275 4193 οὐκ
1332 4139 1446 4211 εχω
1498 4139 1605 4196 πού
1670 4143 1888 4208 συνάξω

270 4229 404 4292 τούς
433 4227 686 4300 καρπούς
715 4243 855 4302 μους
893 4230 1050 4303 Καλή
1073 4249 1138 4302 γε
1169 4233 1518 4300 ἀνάπαυσις,
1536 4233 1672 4303 Εῐγε
1729 4237 1826 4289 καὶ
1861 4238 1891 4291 6

274 4323 451 4394 πένης
473 4323 630 4396 φησί’
656 4323 722 4377 Τί
747 4326 986 4396 ποιήσω,
1017 4325 1103 4380 ὅτι
1134 4327 1233 4381 οὐκ
1252 4326 1400 4398 ιχω;
1436 4327 1534 4382 καὶ⁸
1551 4329 1579 4382 ὁ
1601 4328 1887 4395 πλούσιος,

273 4416 345 4472 Τί
375 4418 617 4489 ποιήσω,
642 4419 726 4473 δτι
747 4419 849 4473 οὐκ
874 4419 1024 4491 Exeo;
1054 4420 1108 4474 τί
1133 4422 1316 4474 τοίνυν
1345 4422 1661 4494 συνάγομεν
1694 4426 1761 4477 ἐκ
1792 4423 1889 4478 τοῦ

275 4509 456 4565 πλείω
479 4513 741 4579 συνάγειν
761 4529 776 4577 ;
800 4511 1116 4568 ἀνάπαυσιν
1145 4514 1245 4585 μεν
1268 4514 1380 4586 γὰρ
1412 4515 1475 4569 οὐ
1499 4514 1886 4587 κερδαίνομεν.

1969 1997 2115 2065 illos,
2181 1995 2416 2054 dicens:
2475 1993 2732 2052 Hominis
2788 1992 3079 2064 cujusdam
3147 1990 3338 2045 divitis
3397 1987 3596 2042 uberes

1969 2093 2184 2150 fructus
2237 2107 2370 2164 ager
2410 2092 2618 2158 attulit,
2655 2101 2713 2148 et
2761 2089 3043 2162 cogitabat
3073 2088 3217 2142 intra
3241 2099 3323 2148 se,
3355 2085 3544 2139 direns
3578 2098 3593 2136 :

1968 2187 2112 2257 Quid
2148 2189 2377 2254 faciam,
2438 2190 2588 2260 quod
2659 2202 2769 2243 non
2830 2185 3068 2243 habeam
3101 2196 3211 2253 quo
3265 2193 3596 2250 congregem

1969 2280 2181 2338 fructus
2249 2281 2453 2338 meos?
2517 2279 2588 2335 Et
2650 2279 2832 2335 dixit:
2900 2275 3015 2332 Hoc
3040 2274 3266 2340 faciam,
3313 2271 3597 2327 destruam

1971 2375 2168 2432 horrea
2194 2390 2337 2443 mea,
2359 2383 2415 2432 et
2436 2375 2645 2446 majora
2668 2382 2974 2439 exstruam,
3004 2379 3061 2427 et
3089 2367 3441 2440 congregabo
3469 2364 3598 2421 illuc

1971 2471 2157 2529 omnia
2195 2473 2336 2528 bona
2357 2484 2478 2524 mea
2502 2482 2627 2539 qua
2652 2467 2787 2522 mihi
2820 2475 2949 2521 nata
2983 2472 3134 2531 sunt,
3171 2471 3229 2518 et
3273 2459 3454 2515 dicam
3487 2456 3604 2512 ani-

1973 2581 2078 2623 mm
2099 2580 2202 2622 ma:
2243 2582 2259 2620 :
2293 2547 2528 2629 Anima,
2561 2559 2732 2618 babes
2772 2556 2944 2614 multa
2985 2557 3128 2613 bona
3166 2551 3479 2625 repositain
3505 2564 3606 2634 an-

1974 2675 2077 2718 nos
2107 2662 2332 2725 multos,
2391 2658 2703 2729 requiesce,
2752 2651 3003 2719 comede,
3037 2649 3186 2716 bibe,
3226 2647 3423 2720 gaude.
3456 2644 3607 2701 Dixit

1975 2763 2162 2812 autem
2206 2753 2288 2809 illi
2321 2752 2508 2809 Deus:
2549 2749 2752 2814 Stulte,
2808 2749 2912 2804 hae
2962 2753 3131 2802 nocte
3173 2743 3414 2802 animam
3456 2750 3605 2794 tuam

1978 2854 2232 2915 repetent
2256 2841 2356 2899 abs
2410 2851 2465 2899 te
2491 2857 2506 2895 :
2539 2855 2663 2913 qua:
2699 2854 2833 2897 vero
2858 2838 3088 2903 parasti,
3120 2834 3209 2891 cui
3242 2830 3486 2890 cedent?
3515 2829 3608 2886 Sic

1979 2942 2072 3012 qui
2107 2939 2357 2996 recondit
2387 2936 2514 3007 sibi,
2546 2951 2649 2994 nec
2676 2942 2764 2991 est
2793 2939 2932 3005 erga
2966 2931 3142 2987 Deum
3173 2927 3353 2985 dives.
3393 2945 3413 2979 ι
3452 2923 3611 2980 Ροει-

1977 3049 2145 3105 quam
2206 3031 2349 3088 dixit
2382 3031 2555 3086 vitam
2605 3026 2854 3085 hominis
2894 3039 3001 3080 non
3046 3020 3276 3092 produci
3305 3033 3439 3088 cum.
3468 3015 3611 3071 divi-

1983 3127 2184 3182 tiarum
2243 3122 2607 3191 abundantia,
2646 3121 2715 3176 ad
2766 3117 3254 3174 conﬁrmationem
3289 3111 3411 3183 ejus
3450 3109 3613 3166 aﬂ'ert

1912 3249 1961 3312 ο
1991 3221 2158 3277 etiam
2211 3216 2528 3291 parabolam
2565 3235 2579 3272 :
2612 3224 2667 3270 et
2710 3215 2832 3269 vide
2855 3211 3137 3282 quomodo
3158 3206 3432 3312 describit.
3449 3203 3613 3260 nobis

1993 3313 2338 3372 insatiabiles
2356 3312 2508 3369 stulti
2537 3308 2723 3366 divitis
2753 3306 3142 3377 cogitationes.
3177 3303 3324 3360 Deus
3346 3302 3491 3357 enim
3514 3313 3612 3356 sua

1991 3408 2252 3475 faciebat,
2313 3416 2370 3463 et
2427 3404 2647 3462 solitam
2683 3400 3010 3459 ostendebat
3054 3395 3519 3460 misericordiam,
3550 3398 3614 3449 ut

1991 3516 2103 3557 non
2161 3515 2307 3556 unus
2367 3506 2582 3555 tantum
2652 3495 2840 3552 divitis
2891 3492 3122 3566 agellus,
3174 3491 3271 3548 sed
3306 3500 3419 3546 tota
3462 3487 3616 3560 regio

1991 3593 2191 3650 uberes
2215 3592 2292 3647 illi
2327 3591 2542 3652 fructus
2593 3589 2814 3646 aﬂ'erret
2850 3606 2864 3643 :
2901 3601 3096 3642 verum
3154 3585 3245 3642 hic
3282 3594 3394 3639 tam
3433 3581 3618 3637 immi-

1990 3687 2231 3743 sericors
2267 3693 2407 3752 erat,
2438 3695 2498 3741 ut
2534 3693 2830 3753 antequam
2867 3681 3139 3751 reciperet
3170 3694 3258 3743 ea,
3299 3677 3616 3733 clauderet.

1992 3780 2130 3837 Vide
2159 3779 2290 3836 item
2345 3788 2404 3835 et
2433 3777 2620 3836 divitis
2664 3776 2994 3847 voluptates.
3027 3773 3170 3842 Quid
3206 3772 3446 3829 faciam?
3470 3769 3616 3827 Neu-

1993 3875 2200 3946 tiquam
2260 3889 2470 3944 pauper
2518 3874 2594 3930 ita
2643 3873 2986 3944 loqueretur,
3023 3869 3158 3941 quid
3206 3867 3434 3933 iaciam,
3486 3867 3617 3936 quia

1993 3984 2102 4024 non
2164 3968 2342 4026 habeo
2377 3970 2654 4040 quomodo
2700 3967 2922 4035 induar,
2972 3965 3252 4040 quomodo
3297 3964 3454 4021 alar?
3486 3962 3621 4020 Vide

1994 4072 2180 4120 autem
2204 4072 2261 4120 et
2289 4064 2480 4119 divitis
2499 4078 2662 4120 voces
2689 4081 2704 4117 :
2728 4061 2874 4130 Quid
2906 4060 3128 4127 faciam,
3153 4059 3283 4134 quia
3311 4076 3419 4115 non
3444 4059 3621 4115 habeo

1996 4158 2086 4213 ubi
2140 4171 2468 4228 congregem
2524 4156 2740 4212 fructus
2798 4154 2998 4211 meos?
3052 4153 3202 4210 Bona
3255 4152 3478 4224 quidem
3534 4161 3622 4209 est

1996 4251 2174 4321 quies.
2211 4250 2496 4321 Siquidem
2533 4261 2588 4304 et
2611 4265 2818 4322 pauper
2851 4247 3021 4304 dicit:
3057 4247 3199 4315 Quid
3230 4245 3456 4311 faciam,
3488 4243 3621 4316 quia

1998 4358 2107 4398 non
2141 4342 2317 4398 habeo
2347 4341 2371 4395 ἲ
2414 4351 2472 4397 ει
2520 4341 2674 4397 dives
2707 4340 2841 4397 dicit
2871 4359 2884 4396 :
2921 4338 3064 4407 Quid
3109 4337 3310 4394 faciam
3345 4337 3475 4408 quia
3511 4349 3620 4391 non

2001 4436 2176 4492 habeo
2207 4435 2231 4489 ί
2262 4434 2402 4503 Quid
2464 4434 2635 4508 igitur
2693 4434 2974 4489 lucramur
3028 4448 3097 4488 ex
3159 4447 3226 4488 eo
3272 4431 3417 4502 quod
3465 4429 3620 4500 plura

2003 4527 2450 4601 congrt-gamus?
2503 4526 2758 4594 Quietem
2815 4525 2964 4582 enim
3030 4539 3137 4580 non
3191 4524 3507 4589 lucramur,
3567 4530 3625 4576 et

273 4603 393 4658 Καὶ
421 4602 586 4674 δῆλον
609 4605 720 4658 ἀπὸ
758 4603 871 4660 τῶν
925 4606 1252 4676 φροντίδων,
1283 4606 1572 4681 ἁμαρτιῶν
1616 4609 1674 4663 δὲ
1726 4609 1880 4681 μόνον

2006 4619 2361 4675 manifestum
2409 4618 2487 4682 id,
2523 4618 2668 4688 quod
2702 4633 2732 4672 a
2785 4619 2978 4676 curis:
3023 4627 3234 4674 tantum
3270 4627 3456 4674 autem
3494 4631 3624 4689 pec-

278 4697 488 4769 οτλῆθος
536 4699 757 4763 ἑαυτοῖς
810 4698 1251 4772 ὲπισωρεύομεν.
1321 4702 1555 4757 Καθελῶ
1621 4721 1727 4774 μου
1790 4703 1892 4769 τὰς

279 4794 594 4866 ἀποθήκας,
631 4794 730 4850 καὶ
759 4797 1020 4868 μείζονας
1048 4799 1418 4872 οἰκοδομήσω.
1484 4802 1612 4856 Ἐὰν
1637 4802 1694 4855 δὲ
1727 4802 1894 4856 πλέον

279 4888 566 4963 εὐφορήσῃ
598 4889 680 4952 είς
700 4889 762 4945 τὸ
804 4891 1063 4961 μέλλον-1)
1097 4891 1276 4964 χώρα,
1311 4894 1477 4948 πάλιν
1506 4895 1891 4969 καθαιρήσεις,

283 4982 384 5034 καὶ⁵
420 4981 585 5037 πάλιν
621 4983 1027 5056 οίκοδομήσεις·
1057 4988 1269 5052 καὶοτίς
1296 4990 1455 5061 χρεία
1479 4990 1769 5062 καθαιρεῖν
1799 4993 1896 5047 καὶ

279 5074 626 5147 οίκοδομεῖνς
674 5078 864 5150 Ἔχεις
908 5079 1200 5157 ἀποθήκας
1234 5082 1348 5136 τῶν
1390 5084 1627 5157 πτωχῶν
1656 5085 1756 5150 τὰς
1790 5101 1896 5154 γα-

284 5170 511 5245 στέρας,
540 5170 714 5227 πολλά
746 5172 1058 5246 δυναμένας
1112 5154 1335 5247 χωρεῖν,
1378 5177 1475 5231 καὶ
1515 5154 1897 5242 άκαταλύτους

282 5267 383 5319 καὶ
409 5266 758 5339 ἀφθάρτουςο
791 5270 1041 5339 οὐράνιοι
1100 5270 1210 5341 γάρ
1243 5273 1352 5324 εισι
1386 5273 1484 5325 καὶ
1531 5272 1699 5343 θεῖαι,
1737 5271 1901 5345 είπερ

282 5359 314 5412 6
342 5358 560 5429 τρέφων
584 5361 820 5432 πένητα,
846 5363 982 5418 Θεὸν
1011 5364 1228 5437 τρέφει.
1285 5365 1432 5437 Ὀρα
1465 5364 1523 5418 δὲ
1577 5366 1672 5421 καὶ
1710 5365 1902 5437 ἕτερον

283 5454 540 5526 ἀνόητον.
573 5456 656 5509 Τὰ
686 5460 1014 5531 γεννήματά
1044 5478 1173 5532 μου,
1205 5460 1300 5514 καὶ
1351 5459 1422 5514 τὰ
1452 5456 1638 5529 ἀγαθά
1666 5479 1791 5531 μου.
1825 5461 1902 5515 Οὐ

284 5551 398 5621 γάρ
419 5549 642 5620 ἱνόμιζε
670 5554 846 5608 ταῦτα
872 5555 1020 5628 ἔχειν
1044 5558 1108 5610 ὲκ
1136 5557 1301 5624 Θεοῦ,
1325 5558 1359 5628 ἢ
1389 5561 1500 5628 γάρ
1524 5557 1614 5621 ἂν,
1656 5558 1732 5620 ὡς
1764 5557 1904 5612 Θεοῦ

287 5647 604 5719 είκονόμος,
639 5649 773 5719 περὶ
795 5649 972 5704 ταῦτα
1003 5651 1261 5707 διέκειτο.
1299 5651 1438 5705 Ἀλλ’
1465 5654 1688 5706 οἰκείων
1726 5651 1905 5705 πόνων

289 5742 615 5814 γεννήματα
634 5742 811 5797 ταῦτα
833 5743 994 5816 ᾤετο,
1043 5745 1124 5800 διδ
1155 5747 1250 5801 καὶ
1287 5747 1470 5819 ἑαυτῴ
1506 5746 1683 5800 ταῦτα
1713 5764 1907 5818 σφετε-

294 5837 606 5909 ριζὸμενος,
640 5838 721 5893 Τὰ
773 5841 1094 5910 γεννήματά
1129 5859 1230 5911 μου
1279 5842 1374 5895 καὶ
1404 5842 1474 5897 τὰ
1532 5842 1715 5913 ἀγαθά
1775 5860 1902 5914 μου,

288 5930 485 6000 ξιξ-(εν
523 5950 536 5964 ·
591 5931 782 5987 οὐδένα
813 5933 944 6004 γὰρ,
984 5938 1173 6006 φησὶν,
1222 5935 1333 6006 ἔχω
1382 5938 1662 6003 κοινωνὸν,
1714 5937 1906 5993 οὐδένα

2001 4718 2254 4769 calorum
2318 4709 2724 4766 multitudinem
2800 4710 2959 4766 nobis
3017 4708 3453 4765 accumulamus.
3514 4708 3622 4765 De-

2003 4816 2215 4863 strnam
2268 4806 2465 4861 horrea
2487 4820 2634 4872 mea,
2683 4814 2740 4880 et
2777 4803 2985 4869 majora
3019 4814 3303 4859 exstruam
3341 4820 3353 4855 :
3389 4802 3533 4874 quod
3567 4803 3615 4857 si

2005 4901 2158 4972 regio
2204 4899 2390 4970 plures
2441 4899 2494 4953 in
2544 4907 2827 4967 posterum
2881 4895 3094 4952 fructus
3123 4895 3392 4962 attulerit,
3424 4896 3626 4952 iterum

2003 4995 2097 5051 illa
2141 4995 2418 5061 destrues,
2449 5003 2504 5048 et
2531 4993 2656 5048 .alia
2697 4991 3018 5049 mdiiicabis.
3049 4991 3115 5046 Et
3140 5007 3263 5062 quae
3292 4991 3500 5046 utilitas
3530 4989 3629 5044 de-

2003 5090 2253 5148 struendi
2313 5098 2368 5145 et
2391 5087 2768 5144 exstruendii
2810 5084 2996 5142 Habes
3047 5086 3271 5151 horrea,
3317 5098 3625 5156 pauperum

2004 5193 2248 5252 ventres,
2280 5199 2402 5255 qua:
2436 5181 2606 5237 multa
2655 5195 2857 5252 capere
2900 5187 3148 5251 possunt,
3176 5193 3410 5249 qumque
3442 5176 3631 5235 incor-

2006 5278 2288 5350 ruptibilia
2344 5284 2476 5332 sunt
2511 5295 2524 5330 :
2561 5274 2811 5330 cmicsﬁa
2879 5273 3028 5330 enim
3088 5282 3240 5337 sunt,
3275 5281 3332 5326 et
3387 5270 3573 5327 divina
3608 5309 3626 5325 .

2007 5370 2460 5449 quandoquidem
2515 5367 2610 5438 qui
2666 5365 2844 5436 pascit
2867 5379 3188 5434 pauperem,
3221 5361 3394 5416 Deum
3428 5362 3626 5433 pascit.

2008 5463 2147 5521 Vide
2188 5465 2318 5520 item
2350 5470 2406 5517 et
2438 5461 2603 5516 aliam
2657 5458 3054 5527 insipidntiam.
3108 5456 3417 5512 Proventus
3448 5470 3627 5521 meos,

2009 5555 2114 5610 hoc
2181 5565 2268 5610 est
2315 5568 2439 5625 qua:
2512 5551 2647 5606 mihi
2709 5559 2836 5604 nata
2887 5560 3036 5617 sunt,
3071 5557 3128 5605 et
3159 5550 3302 5604 bona
3337 5562 3478 5603 mea.
3509 5544 3628 5602 Non

2009 5650 2156 5706 enim
2222 5648 2449 5718 putabat
2502 5646 2624 5701 hac
2672 5658 2734 5701 se
2778 5644 2984 5700 habere
3009 5659 3075 5700 ex
3115 5643 3250 5709 Deo,
3284 5641 3522 5712 alioquin
3571 5650 3633 5697 ut

2011 5744 2360 5814 dispensator
2411 5740 2505 5796 Dei
2556 5740 2719 5796 aliter
2767 5739 2885 5795 hac
2927 5738 3295 5809 disposuisset
3330 5755 3342 5790 :
3383 5745 3480 5793 sed
3517 5735 3634 5792 suis

2012 5838 2295 5895 laboribus
2341 5845 2496 5908 parta
2558 5835 2807 5905 putabat,
2849 5829 3055 5889 idcirco
3092 5841 3145 5887 et
3173 5831 3275 5888 silii
3306 5831 3421 5889 haec
3452 5830 3633 5886 tribu-

2015 5952 2134 6003 cns,
2178 5933 2316 5989 bona
2351 5947 2449 5987 sua
2483 5940 2533 5987 ct
2590 5929 2691 5985 sibi
2731 5938 2856 5984 nata
2895 5927 3132 5993 diccbat,
3174 5929 3330 5998 quasi
3363 5926 3570 5983 diceret
3614 5941 3636 5980 :
