4256 6432
733 396 839 461 887

1654 392 2235 457 THEOPIIYLACTI
2278 389 2695 451 BULGAlil/E
2738 392 3097 454 ARCllIEP.

3920 388 4023 452 888

731 514 947 571 Nullqu
1017 513 1189 569 habeo
1248 510 1474 574 socium,
1532 509 1740 565 nullum
1800 509 2089 564 divisorem
2136 507 2315 562 [ιοίοε

2434 503 2701 575 μεριστὴν
2739 502 3025 573 ποιοῦμαι,
3089 505 3148 555 οὐ
3191 501 3284 555 τοῦ
3319 502 3457 556 Θεοῦ
3508 502 3670 568 εἰσιν,
3725 500 3845 555 ἀλλ’
3892 504 4023 573 ἐμὰ,

731 625 840 666 non
899 608 993 663 Dei
1026 616 1174 673 sunt,
1207 604 1300 660 sed
1362 618 1481 659 mea
1517 623 1531 660 :
1564 604 1713 660 solus
1772 605 1937 674 igitur
1966 602 2141 665 fruar,
2173 610 2228 656 et
2252 602 2318 654 ad

735 700 1046 755 fruitionem
1080 696 1292 752 illorum
1319 695 1489 752 Deum
1514 712 1618 751 non
1643 709 1939 750 sesumam.
1970 692 2107 759 Quia
2135 700 2317 747 autem

734 793 832 846 ista
880 789 1068 853 stulta,
1128 788 1406 845 videamus
1465 796 1520 843 et
1584 787 1811 856 reliqua.
1866 786 2104 850 Anima,
2151 786 2319 841 babes

734 879 903 935 multa
937 879 1077 934 bona
1127 880 1359 949 reposita
1396 878 1449 933 in
1490 878 1690 933 multos
1716 891 1910 933 annos.
1951 877 2189 942 Longam
2217 876 2315 932 sibi

731 969 1023 1035 praestituit
1068 970 1256 1033 vitam,
1301 970 1455 1038 quasi
1511 978 1568 1023 et
1617 968 1786 1032 illam,
1829 976 2032 1022 terram
2091 967 2318 1023 colendo

727 1061 1055 1115 excoluisset
1084 1078 1098 1115 :
1128 1075 1231 1115 non
1254 1061 1397 1115 enim
1434 1070 1488 1115 et
1516 1061 1603 1117 illa
1648 1061 1742 1117 tibi
1770 1061 1895 1115 inde
1926 1068 2049 1113 nata
2083 1067 2191 1123 est,
2222 1073 2317 1114 nc-

727 1167 833 1221 que
866 1152 965 1206 hoc
994 1162 1141 1206 tuum
1174 1152 1332 1223 371
1370 1155 1590 1209 bonum.
1638 1152 1895 1217 Comede,
1933 1150 2075 1215 bibe,
2110 1151 2312 1206 Iretare.

729 1243 875 1311 Euge
890 1244 1069 1311 qualia
1098 1245 1291 1298 anima“:
1321 1245 1475 1297 bona:
1502 1242 1817 1298 affectiones
1841 1260 1854 1295 :
1887 1258 2007 1297 nam
2033 1243 2316 1297 comedere

728 1342 783 1386 et
812 1333 1030 1399 bibere,
1098 1333 1427 1387 irrationalis
1479 1335 1673 1388 anima:
1732 1336 1932 1389 bonum
1960 1344 2043 1389 est
2092 1353 2104 1388 :
2156 1334 2316 1403 igitur

729 1437 853 1477 cum
896 1423 1059 1477 etiam
1088 1422 1203 1492 ipse
1233 1422 1394 1477 talen.
1446 1424 1681 1478 animam
1713 1425 1939 1480 sortitus
1988 1425 2083 1489 sis,
2122 1425 2316 1478 merito

730 1516 806 1570 illi
834 1516 945 1570 haec
994 1517 1207 1571 tribuis.
1244 1516 1547 1573 Rationalis
1578 1533 1708 1573 vero
1740 1520 1935 1573 animae
1975 1520 2177 1572 bouum
2208 1528 2312 1582 est,

729 1608 1047 1677 intelligere,
1086 1610 1423 1675 ratiocinari,
1456 1611 1627 1666 laztari
1685 1612 1737 1667 in
1781 1610 1897 1683 lege
1941 1612 2031 1667 Dei
2064 1620 2118 1666 et
2162 1612 2315 1665 bonis

728 1703 1161 1774 cogitationibus.
1215 1705 1330 1759 Non
1380 1704 1577 1760 sulliclt
1606 1714 1785 1761 autem
1828 1706 1919 1761 tibi
1952 1716 2007 1760 et
2031 1706 2316 1761 comedere

727 1805 780 1850 et
819 1796 1024 1863 bibere,
1065 1812 1098 1852 ο
1129 1797 1314 1859 stulte,
1376 1796 1470 1852 sed
1506 1806 1563 1852 et
1618 1792 2040 1852 abominabilem
2077 1796 2314 1865 voluplao

2431 595 2594 665 μόνος
2639 594 2733 648 οὖν
2773 594 3074 648 ἀπολαύσω
3102 609 3115 623 ’
3173 594 3235 646 οὐ
3292 592 3387 646 τὸν
3445 592 3580 646 Θεὸν
3632 592 4025 662 προσλήψομαι

2428 690 2511 750 είς
2540 687 2642 757 τὴν
2694 686 2905 740 τούτων
2958 686 3283 741 ἀπόλαυσιν.
3317 685 3471 737 Ἐπεὶ
3520 685 3579 737 δὲ
3626 684 3805 737 ταῦτα
3858 684 4023 736 αὐτοῦ

2427 780 2656 851 ἀνόητα,
2712 779 2913 849 ἴδωμεν
2971 779 3068 832 καὶ
3130 780 3200 831 τὰ
3240 778 3393 847 ἑξῆς.
3429 777 3614 847 Ψυχὴ,
3650 778 3801 845 ἔχεις
3854 776 4021 829 πολλά

2426 872 2611 941 ἁγαθά
2640 872 2873 941 κείμενα
2905 874 2984 934 είς
3040 870 3133 941 ἐτη
3163 870 3361 923 πολλά.
3396 870 3589 937 Μῆκος
3622 870 3806 937 ἑαυτῷ
3844 870 4015 940 ὁρίζει

2427 965 2595 1031 ζωῆς,
2625 964 2814 1035 ὥσπερ
2840 966 2937 1018 καὶ
2968 963 3127 1017 τοῦτο
3166 964 3230 1015 ἐκ
3260 962 3365 1031 γῆς
3386 963 3715 1031 γεωργήσας
3744 978 3756 989 ·
3795 964 3873 1030 μὴ
3915 961 4019 1031 γὰρ

2428 1057 2522 1110 καὶ
2554 1055 2714 1109 τοῦτο
2738 1056 2985 1126 γέννημα
3005 1056 3119 1119 σὺν,
3144 1055 3218 1125 μὴ
3234 1053 3345 1125 γὰρ
3373 1055 3466 1107 καὶ
3491 1052 3648 1106 τοῦτο
3668 1052 3880 1119 ἀγαθον
3903 1052 4016 1105 σόν.

2426 1150 2592 1216 Φάγε,
2620 1149 2734 1213 πίε,
2768 1147 3089 1217 εὐφραίνου.
3128 1142 3268 1214 Εὖγε
3295 1146 3403 1199 τῶν
3433 1146 3656 1214 ἀγαθῶν
3687 1146 3786 1213 τῆς
3818 1145 4015 1213 κίνυΧῨΨ

2425 1242 2487 1293 τὸ
2513 1242 2620 1312 γάρ
2666 1244 2865 1310 φαγεῖν
2898 1242 2990 1293 καὶ
3020 1239 3081 1292 τὺ
3128 1241 3295 1302 πιεῖν,
3336 1240 3535 1307 ἀλόγου
3568 1238 3749 1308 ψυχῆς
3790 1237 4017 1303 ἀγαθόν’

2426 1334 2685 1403 τοιαύτην
2713 1333 2807 1387 οὖν
2859 1333 2997 1403 ἔχων
3025 1334 3118 1387 καὶ
3146 1332 3309 1396 αὐτὸς
3347 1332 3549 1402 ψυχὴν,
3605 1331 3833 1391 εἰκότως
3884 1330 4020 1398 αὐτῇ

2426 1426 2599 1481 ταῦτα
2658 1426 3087 1498 προσανατίθης.
3148 1426 3395 1494 Λογικῆς
3440 1424 3498 1477 δὲ
3548 1423 3730 1493 ψυχῆς
3779 1422 4019 1486 ἀγαθὸν,

2427 1521 2639 1591 νοῆσαι,
2695 1520 3040 1588 λογίσασθαι,
3098 1517 3476 1591 εὐφρανθῆναι
3512 1518 3661 1587 νόμῳ
3722 1514 3863 1568 Θεοῦ
3933 1515 4024 1567 καὶ

2424 1613 2790 1684 διανοήμασιν
2840 1612 3089 1681 ἀγαθοῖς.
3126 1612 3242 1665 Οὐκ
3272 1610 3528 1682 ἀρκεῖδέ
3584 1626 3667 1662 σοι
3710 1610 3773 1661 τὺ
3830 1610 4022 1677 φαγεῖν

2429 1708 2519 1759 καὶ
2553 1708 2721 1770 πιεῖν,
2753 1699 2798 1760 ὧ
2838 1706 3035 1775 ἄφρον.
3070 1705 3206 1760 ἀλλά
3242 1705 3339 1759 καὶ
3387 1704 3487 1775 τὴν
3544 1700 4023 1756 ἐπακολουθοῦσαν

2423 1803 2638 1863 τούτοις
2677 1801 2970 1871 αἰσχίστην
3018 1802 3114 1853 καὶ
3166 1798 3416 1870 μυσαράν
3466 1796 3661 1867 ἡδονὴν
3713 1794 4025 1855 ἐπιτάττεις

727 1899 833 1943 tem
861 1898 914 1942 et
951 1889 1343 1957 turpissimam,
1390 1903 1511 1958 qua:
1544 1890 1686 1943 hanc
1713 1888 2090 1958 consequitur,
2122 1889 2316 1942 animae

2423 1898 2485 1967 τῇ
2505 1898 2683 1967 ψυχῇ;
2710 1896 2989 1965 Εὐφήμως
3010 1895 3121 1966 γὰρ
3145 1896 3174 1947 6
3194 1892 3399 1964 Κύριος
3424 1889 3510 1945 διά
3539 1888 3659 1951 τοῦ,
3683 1886 4023 1956 Εὐφραίνου,

726 1984 1002 2051 imperas?
1060 1983 1219 2039 Clare
1259 1986 1403 2040 enim
1440 1983 1701 2039 Dominus
1742 1998 1837 2053 per
1866 1984 1969 2041 boc
1993 1983 2136 2054 quod
2159 1983 2311 2049 dicit,

729 2075 955 2142 Laetare,
980 2076 1297 2133 affectiones
1335 2076 1629 2133 declaravit
1658 2077 1979 2133 libidinosas
2030 2085 2085 2132 et
2115 2079 2314 2132 intem-

725 2179 963 2237 peratas,
993 2184 1113 2239 qua:
1150 2170 1456 2225 satietatem
1504 2170 1749 2226 ciborum
1796 2182 1851 2227 et
1894 2180 2117 2242 potuum
2148 2170 2315 2226 comi-

726 2269 930 2316 tantur.
986 2260 1130 2317 Dixit
1177 2271 1358 2319 autem
1415 2262 1464 2318 ei
1519 2262 1659 2327 Deus
1702 2262 1942 2329 :Stulte,
1997 2263 2101 2319 hac
2157 2273 2318 2321 nocte

731 2355 967 2409 animam
1004 2365 1149 2411 tuam
1184 2364 1450 2427 repetent.
1488 2356 1605 2413 Non
1636 2358 1738 2413 hoc
1764 2358 1962 2415 dicitur
1992 2360 2145 2429 quasi
2176 2358 2316 2415 Deus

730 2445 1000 2500 familiare
1056 2448 1384 2518 colloquium
1438 2449 1634 2505 habeat
1672 2465 1794 2505 cum
1829 2451 2019 2517 divite,
2076 2450 2221 2505 Dixit
2265 2452 2314 2507 ei

728 2540 908 2608 Deus;
940 2543 1033 2597 sed
1060 2556 1281 2598 sensum
1315 2543 1460 2597 hunc
1486 2542 1649 2597 habet
1670 2542 1813 2613 quod
1844 2543 1999 2610 dicit,
2032 2543 2168 2599 Cum
2202 2545 2316 2600 haec

724 2635 889 2691 ille-in
922 2643 1105 2691 mente
1136 2635 1378 2701 haberet,
1418 2636 1554 2692 dixit
1583 2638 1725 2693 Deus
1760 2639 2005 2709 (tingitur
2026 2640 2175 2695 enim
2201 2640 2317 2697 hac

736 2729 1013 2797 parabola)
1044 2746 1058 2783 :
1088 2728 1281 2783 Stulte.
1318 2728 1554 2784 Stultum
1616 2730 1781 2801 igitur
1832 2732 1985 2787 illum
2044 2743 2220 2799 vocat,
2260 2723 2320 2790 ut

725 2820 816 2890 qui
866 2835 1087 2891 prorsus
1115 2820 1316 2877 insulsa
1360 2823 1579 2894 cogitet,
1646 2824 2104 2894 quemadmodum
2138 2826 2318 2882 decla-

727 2914 989 2968 ravimus.
1021 2912 1285 2983 lnsipiens
1317 2915 1461 2969 enim
1483 2923 1567 2970 est
1593 2925 1647 2971 et
1673 2930 1847 2972 vanus
1874 2919 2053 2973 omnis
2079 2918 2170 2988 qui
2198 2919 2319 2975 talis

722 3016 829 3071 est,
879 3006 1022 3062 sicut
1056 3015 1112 3061 et
1140 3006 1309 3061 David
1344 3006 1477 3062 dicit
1510 3024 1523 3062 :
1556 3006 1705 3065 Vane
1732 3010 1911 3066 omnis
1946 3012 2129 3071 homo.
2162 3013 2231 3078 ",
2264 3022 2320 3067 et

721 3113 885 3153 causa
926 3106 1008 3154 cst
1039 3118 1052 3154 :
1078 3098 1415 3154 tbesaurizat
1455 3104 1512 3154 et
1559 3100 1732 3156 nescit
1774 3102 1859 3156 cui
1905 3116 2195 3174 congreget
2227 3119 2313 3161 ea.

2420 1990 2489 2043 τά
2512 1989 2889 2060 ἀσελγέστατα
2921 1986 3070 2059 πάθη
3101 1986 3397 2058 ἐδήλωσεν,
3428 1984 3463 2039 ἀ
3490 1985 3557 2055 τῇ
3598 1981 3890 2052 πλησμονῇ
3920 1979 4026 2030 τῶν

2423 2080 2732 2153 βρωμάτων
2769 2080 2864 2134 καὶ
2916 2079 3182 2150 πομάτων
3234 2078 3567 2149 παρέπεται.
3621 2071 3755 2128 Είπε
3789 2074 3847 2126 δὲ
3880 2069 4025 2141 αὐτῷ

2420 2178 2449 2229 ό
2475 2174 2609 2238 Θεός
2629 2191 2642 2205 ’
2671 2175 2901 2245 ’Δφρον,
2928 2172 3099 2245 ταύτῃ
3124 2175 3190 2245 τῇ
3214 2172 3372 2225 νυκτὶ
3399 2170 3498 2241 τὴν
3519 2169 3701 2241 ψυχήν
3736 2184 3834 2220 σου
3862 2167 4027 2219 ἀπαι-

2423 2268 2612 2323 τοῦσιν
2640 2269 2751 2323 ἀπὸ
2796 2268 2915 2321 σοῦ.
2948 2268 3060 2338 Οὐχ
3091 2268 3168 2331 ώς
3197 2266 3291 2321 τοῦ
3326 2264 3464 2320 Θεοῦ
3490 2266 3567 2334 τῷ
3604 2261 3854 2331 πλουσίῳ
3900 2262 4023 2330 6m-

2426 2363 2695 2434 λήσαντος
2752 2362 2974 2431 λέγεται
3008 2364 3070 2415 τὸ
3097 2403 3111 2428 ,
3140 2357 3277 2416 Eine
3333 2360 3390 2414 δι
3439 2358 3591 2431 αὐτῷ
3616 2361 3644 2412 6
3674 2356 3837 2422 Θεὸς,
3892 2354 4027 2408 ἀλλὰ

2420 2456 2666 2512 τοιοῦτόν
2690 2473 2742 2510 τι
2775 2457 2945 2524 λέγει,
2991 2457 3072 2511 ὅτι
3102 2454 3278 2509 ταῦτα
3308 2454 3366 2507 δὲ
3401 2451 3567 2507 αὑτοῦ
3589 2448 4025 2520 ἐνθυμουμένου,

2420 2547 2576 2605 εἶπεν
2619 2551 2648 2603 6
2686 2549 2819 2614 Θεδς
2861 2549 3184 2619 (πλάττεται
3221 2547 3331 2618 γὰρ
3368 2544 3544 2599 ταῦτα
3586 2545 3621 2614 ἡ
3667 2540 3984 2613 παραϐολή)
4010 2557 4023 2570 ·

2419 2642 2648 2715 Ἀφρον.
2687 2643 2939 2713 Ἀφρονα
2976 2643 3075 2714 μὲν
3102 2636 3196 2694 οὖν
3230 2638 3395 2693 αὑτὸν
3423 2636 3704 2709 ὀνομάζει,
3730 2635 3807 2700 ώς
3848 2635 4027 2704 πάντη

2421 2736 2627 2806 ἀνόητα
2649 2733 3106 2805 βουλευσάμενον,
3125 2731 3270 2786 καθά
3291 2731 3357 2802 δὴ
3383 2729 3773 2799 ἀπεδείξαμεν.
3799 2727 4027 2797 ’Δφρων

2423 2828 2531 2899 γὰρ
2555 2829 2652 2881 καὶ
2686 2828 2916 2899 μάταιος
2940 2828 3046 2889 πᾶς
3067 2824 3335 2890 τοιοῦτος,
3360 2821 3505 2877 καθά
3538 2823 3635 2876 καὶ
3662 2819 3830 2874 ΔαυῙό
3854 2819 4024 2887 λέγει’

2422 2923 2617 2992 Μάτην
2646 2924 2755 2986 πᾶς
2789 2921 3082 2992 ἄνθρωπος
3107 2938 3120 2950 ο
3156 2919 3253 2974 καὶ
3282 2920 3316 2989 ἠ
3348 2919 3519 2983 αίτῑα,
3555 2915 3889 2987 θησαυρίζει
3932 2914 4027 2967 καὶ

2421 3020 2482 3071 οὑ
2512 3017 2774 3088 γινώσκει
2804 3018 2912 3071 τίνι
2952 3017 3175 3085 συνάξει
3204 3016 3348 3071 αὐτά
3367 3031 3380 3045 ⁸
3407 3015 3526 3078 πῶς
3551 3014 3663 3085 γὰρ
3686 3013 3788 3066 οὐκ
3812 3012 4027 3082 ἄφρων,

2420 3113 2451 3165 6
2488 3112 2564 3183 μὴ
2597 3111 2760 3181 γνοὺς
2788 3112 2869 3167 ὅτι
2901 3110 3049 3181 ζωῆς
3079 3110 3258 3182 μέτρα
3285 3107 3440 3179 παρά
3472 3107 3621 3179 μόνῳ
3648 3104 3729 3177 τῷ
3758 3104 3905 3175 Θεῷ,
3935 3113 4031 3158 και

722 3189 858 3246 Nam
887 3207 995 3261 quo
1026 3201 1186 3263 pacto
1221 3206 1329 3246 non
1351 3201 1435 3246 est
1484 3191 1770 3260 insipiens,
1804 3194 1897 3263 qui
1929 3194 2143 3264 ignorat
2172 3196 2316 3267 quod

2424 3205 2525 3257 οὐκ
2566 3206 2729 3268 αὑτός
2783 3222 2870 3267 τις
2925 3204 3159 3268 ἕκαστος
3213 3202 3394 3273 ἑαυτῷ
3445 3199 3672 3272 όριστὴς
3706 3198 3809 3266 τῆς
3844 3198 4026 3268 ζωῆς.

725 3284 849 3339 vita:
883 3300 1136 3340 mensura
1158 3284 1298 3354 apud
1325 3283 1500 3339 solum
1542 3285 1731 3353 Deum,
1764 3300 1865 3342 nec
1889 3286 1991 3343 sibi
2024 3289 2314 3359 quisquam

729 3391 883 3432 suam
939 3377 1105 3432 vitam
1157 3375 1383 3433 deﬁnire
1431 3378 1649 3448 possit?
1682 3377 1923 3435 Observa
1949 3379 2078 3434 item
2106 3391 2161 3436 et
2189 3395 2314 3435 ver-

724 3472 874 3537 bum,
935 3469 1222 3540 Iit-petent.
1284 3471 1473 3543 Angeli
1515 3472 1661 3525 enim
1718 3472 1861 3527 sicut
1900 3472 2151 3528 crudeles
2214 3474 2315 3527 tri-

724 3567 976 3619 butorum
1037 3573 1320 3620 exactores
1378 3574 1433 3619 et
1489 3565 1782 3630 terribiles,
1850 3575 1995 3620 tuam
2068 3576 2317 3635 repetent

721 3657 982 3721 animam,
1019 3668 1070 3711 te
1121 3657 1285 3711 etiam
1323 3657 1513 3723 invito,
1556 3667 1742 3725 utpote
1760 3668 1982 3729 propter
2008 3658 2134 3713 vitae
2173 3673 2316 3729 pra:-

721 3748 893 3803 sentis
913 3749 1261 3803 immodicum
1290 3763 1551 3812 amorem,
1587 3748 1923 3805 obluctante.
1954 3750 2089 3805 Nam
2119 3765 2149 3805 a
2165 3752 2315 3822 justo

723 3859 828 3899 non
889 3844 1154 3914 repetitur
1198 3843 1400 3907 anima,
1437 3844 1533 3899 sed
1560 3843 1647 3899 ille
1677 3844 1921 3913 gaudens
1951 3854 2004 3901 et
2034 3846 2315 3916 exsultans

720 3938 1200 3991 commendateam
1236 3936 1343 3991 Deo
1373 3936 1518 3991 Patri
1544 3938 1855 4007 spirituum,
1889 3952 2065 4010 neque
2088 3949 2315 3995 mortem

720 4042 864 4097 aegre
895 4028 1023 4082 fert.
1059 4027 1300 4098 Corpore
1333 4028 1476 4082 enim
1512 4010 1956 4085 circumamictus
1985 4040 2069 4087 est
2095 4041 2154 4087 ut
2187 4047 2317 4088 one-

724 4136 801 4186 re,
855 4119 996 4189 quod
1045 4118 1237 4174 leviter
1276 4120 1513 4188 deponit.
1571 4119 1837 4177 Peccator
1891 4137 2020 4179 vero
2056 4125 2151 4194 qui
2195 4127 2316 4181 ani-

724 4227 868 4265 mum
917 4214 1076 4284 ‘carni
1141 4213 1379 4267 subdidit
1469 4214 1685 4281 corpori
1750 4216 1977 4270 nimium
2065 4216 2313 4287 all'ectus,

722 4306 886 4360 etiam
919 4306 1063 4359 illam
1121 4305 1248 4359 fecit
1280 4320 1524 4371 carnem,
1577 4306 1910 4363 indivulsam
1960 4324 2081 4366 eam
2112 4313 2317 4369 habere

721 4398 834 4450 vult
868 4414 880 4449 :
909 4396 1115 4450 idcirco
1154 4395 1353 4449 dicitur
1398 4394 1466 4449 ab
1513 4410 1579 4451 eo
1608 4390 1877 4467 repetita,
1948 4400 2091 4455 sicut
2127 4402 2194 4457 ab
2242 4403 2318 4457 in-

723 4488 1013 4543 obedieute
1065 4489 1300 4559 quodam
1332 4488 1577 4545 debitore
1602 4491 1695 4562 qui
1740 4493 1973 4548 traditur
2006 4494 2317 4553 crudelibus

2429 3295 2572 3366 Ὅρα
2596 3297 2652 3350 δὲ
2684 3297 2779 3351 καὶ
2808 3296 2909 3369 τὴν
2932 3295 3080 3363 λέξιν
3109 3294 3227 3364 τοῦ,
3258 3292 3636 3349 ’Δπαιτοῦσιν.
3668 3292 3887 3361 Ὠσπερ
3917 3292 4027 3361 γάρ

2425 3404 2570 3451 τινες
2590 3389 2820 3457 ἀπηνεῖς
2850 3387 3161 3459 φορολόγοι,
3195 3386 3422 3458 φοϐεροὶ
3463 3382 3689 3454 ἄγγελοι
3713 3382 3817 3454 τὴν
3849 3382 4030 3453 ψυχήν

2428 3498 2521 3533 σου
2579 3480 2911 3534 ἀπαιτοῦσιν
2958 3481 3207 3544 ἄκοντος,
3244 3473 3333 3532 οἷα
3379 3477 3470 3532 διὰ
3512 3477 3810 3548 φιλοζωΐαν
3875 3478 4028 3529 ἀντι·-

2427 3574 2755 3644 ποιουμένου
2808 3572 2919 3626 τῶν
2968 3570 3244 3627 ἐνταῦθα·
3288 3575 3317 3625 6
3350 3570 3451 3641 μὲν
3500 3572 3611 3642 γάρ
3660 3570 3877 3631 δίκαιος
3929 3568 4030 3621 οὑκ

2426 3672 2744 3724 ἀπαιτεῖται
2774 3670 2875 3740 τὴν
2908 3668 3109 3739 ψυχὴν,
3145 3666 3283 3721 ἀλλά
3317 3665 3683 3737 παρατίθεται
3714 3666 3924 3734 ταύτην
3954 3663 4029 3733 τῷ

2424 3762 2547 3833 Θεῷ
2576 3763 2671 3815 καὶ⁵
2701 3762 2880 3833 Πατρὶ
2931 3761 3041 3814 τῶν
3088 3760 3440 3830 πνευμάτων,
3482 3757 3693 3829 χαίρων
3732 3758 3831 3810 καὶ
3860 3755 4029 3824 ἀγα.λό

2425 3856 2675 3927 λόμενος,
2708 3856 2803 3910 καὶ
2832 3855 2955 3909 οὐδὲ
2985 3846 3248 3923 δυσφορεῖ
3278 3852 3407 3924 περὶ
3438 3851 3539 3924 τὴν
3573 3852 3864 3906 ἀπόθεσιν·
3901 3849 4027 3904 ὲλαο

2426 3950 2563 4019 φρὸν
2618 3952 2726 4020 γάρ
2798 3948 3020 4018 φορτίον
3065 3946 3125 4000 τὸ
3175 3944 3338 4016 σῶμα
3386 3945 3737 4016 περίκειταιο
3782 3947 3812 3998 6
3863 3943 3921 3996 δέ
3967 3958 4029 4010 γε

2428 4040 2755 4111 ἁμαρτωλὸς
2791 4039 3234 4111 κατασαρκώσας
3272 4039 3373 4109 τὴν
3403 4039 3607 4111 ψυχὴν,
3642 4040 3741 4095 καὶ
3771 4056 4029 4110 προσσα-

2429 4134 2817 4208 ματοποιώσας
2848 4133 3039 4203 αὐτὴν,
3075 4133 3170 4187 καὶ
3213 4133 3317 4203 γῆν
3353 4133 3609 4205 ¹νιποιήεειας,
3662 4132 4027 4186 δυσαποσπά-

2428 4248 2568 4291 στως
2602 4228 2775 4299 αὐτὴν
2803 4228 2948 4298 ἔχειν
3000 4226 3409 4299 παρεσκεύασε,
3437 4226 3518 4281 διὸ
3548 4227 3644 4280 καὶ
3672 4225 4029 4280 ἀπαιτεῖσθαι

2424 4320 2633 4389 ταύτην
2694 4319 2953 4386 λέγεται,
3030 4317 3223 4388 ὥσπερ
3288 4334 3375 4381 τις
3432 4318 3719 4388 χρεώστης
3792 4314 4030 4384 ἀπειθὴς

2428 4416 2772 4486 πράκτορσιν
2820 4412 3058 4481 ἀπηνὲσι
3104 4410 3564 4482 παραδιδόμενος.
3616 4410 3761 4479 Ὅρα
3806 4408 4030 4471 sexo;

2427 4510 2529 4561 οὐκ
2556 4502 2711 4561 εἶπεν
2727 4522 2741 4537 ·
2774 4505 3021 4561 Ἀπαιτῶ
3042 4505 3141 4576 τὴν
3164 4505 3347 4575 ψυχήν
3372 4521 3491 4567 σου,
3516 4504 3655 4571 ἀλλ’,
3679 4503 4028 4557 ’Δπαιτοῦσιο

722 4582 1087 4638 exactoribus.
1123 4581 1255 4638 Vide
1297 4598 1513 4653 quoque
1547 4584 1689 4651 quod
1735 4600 1839 4639 non
1870 4586 2008 4642 dixit
2045 4607 2057 4641 :
2110 4586 2317 4659 Repeto

2427 4599 2536 4653 τῶν
2586 4598 2815 4651 δικαίων
2843 4596 2952 4666 γάρ
2992 4596 3050 4649 αἱ
3075 4597 3249 4666 ψυχαὶ
3284 4598 3342 4650 ὲν
3384 4596 3534 4667 χειρὶ
3562 4594 3727 4649 Θεοῦ.
3789 4594 3884 4665 Τῷ
3915 4594 4029 4648 ὄντι

722 4675 958 4728 animam
1044 4683 1191 4727 tuam
1244 4692 1255 4727 :
1314 4674 1427 4738 sed,
1479 4673 1765 4743 Repetent.
1833 4676 2112 4735 Justorum
2167 4681 2312 4738 enim

722 4767 919 4821 animm
952 4767 1004 4821 in
1035 4782 1197 4821 manu
1238 4765 1353 4823 Dei.
1399 4767 1461 4820 Et
1490 4767 1735 4837 profecto
1770 4770 1824 4823 in
1882 4783 2039 4829 nocte
2094 4775 2162 4831 ab
2209 4776 2312 4832 bu-

715 4859 955 4930 jusmodi
1004 4859 1268 4929 repetitur
1321 4860 1523 4915 anima.
1584 4860 1699 4916 Non
1735 4864 1881 4918 enim
1932 4866 2094 4922 habet
2130 4869 2312 4927 lumen

718 4953 917 5007 divinae
964 4951 1207 5006 scientiae
1246 4952 1348 5006 sibi
1383 4951 1617 5024 fulgens,
1666 4955 1761 5010 sed
1792 4970 1917 5011 cum
1965 4960 2121 5015 estin
2157 4973 2313 5021 nocte

718 5045 1032 5117 cupiditatis
1094 5044 1433 5113 divitiarum,
1478 5058 1531 5103 et
1588 5048 1657 5104 ab
1720 5049 1808 5104 illa
1884 5052 2310 5127 obtenebratur,

720 5148 895 5193 morte
937 5140 1441 5209 comprehenditur.
1499 5140 1589 5197 Sic
1644 5143 1833 5215 utique
1891 5146 2188 5204 stultusesl
2220 5152 2312 5222 qui

721 5232 823 5287 sibi
858 5233 1208 5299 thesaurizal,
1250 5242 1303 5289 et
1335 5234 1597 5305 insipiens
1628 5236 1848 5303 dicitur,
1881 5250 1932 5295 et
1965 5256 2068 5295 non
2103 5244 2315 5311 perlicit

722 5324 1107 5393 cogitationem
1156 5340 1331 5389 suam,
1368 5326 1463 5379 sed
1519 5327 1571 5379 in
1604 5327 1720 5395 ipso
1788 5331 2138 5400 cogitationis
2197 5351 2313 5389 mo-

721 5426 907 5471 mento
946 5432 1011 5471 cx
1046 5425 1155 5472 tota
1203 5420 1311 5473 vita
1340 5418 1701 5476 abscinditur.
1731 5422 1797 5476 At
1822 5424 1862 5478 si
1898 5428 2229 5498 pauperibus
2264 5439 2319 5483 et

2422 4688 2517 4747 οὖν
2540 4694 2599 4747 ἐν
2629 4691 2787 4746 νυκτὶ
2834 4692 3155 4745 ἀπαιτεῖται
3202 4690 3305 4761 τὴν
3354 4689 3540 4761 ψυχὴν
3578 4691 3607 4743 6
3640 4688 3904 4751 τοιοῦτος.
3951 4690 4028 4743 05

2423 4781 2534 4852 γάρ
2564 4782 2681 4852 ἔχει
2727 4779 2846 4849 φώς
2896 4779 3051 4842 θείας
3091 4777 3449 4847 ἐπιγνώσεως
3500 4776 3822 4849 ἑπιλάμπον
3853 4776 4025 4848 αὐτῷ,

2422 4874 2541 4928 ἀλλ’
2572 4875 2633 4926 ὲν
2661 4872 2820 4926 νυκτὶ⁸
2853 4870 2955 4941 τῆς
3003 4869 3393 4941 φιλοπλουτίας
3421 4869 3520 4936 ὣν,
3558 4854 3656 4924 καῖ
3684 4870 3791 4923 ὑπὸ
3820 4870 4025 4941 ταύτης

2424 4965 2836 5042 ἐσκοτιθμένος,
2882 4963 3100 5035 θανάτῳ
3130 4961 3621 5034 καταλαμσάνεται
3644 4979 3659 4995 ·
3707 4961 3887 5026 οὕτως
3918 4963 4026 5033 ἄρα

2422 5062 2453 5115 ό
2502 5059 2853 5130 θησαυρίζων
2902 5056 3107 5128 ἑαυτῷ,
3158 5056 3354 5126 ἄφρων
3401 5055 3606 5126 δηλαδὴ
3659 5055 4023 5128 καλούμενος,

2426 5152 2520 5207 καὶ
2559 5154 2635 5223 μὴ
2668 5151 2946 5223 περαίνων
2980 5151 3083 5214 τὰς
3138 5147 3306 5204 αὐτοῦ
3358 5148 3580 5220 βουλὰς,
3632 5148 3752 5203 ἀλλ’
3783 5150 3847 5203 ἐν
3876 5148 4025 5220 αὐτῷ

2424 5246 2503 5316 τῷ
2532 5244 2708 5317 καιρῷ
2749 5245 2848 5315 τῆς
2882 5242 3081 5315 βουλῆς
3114 5243 3522 5314 ἐκτεμνόμενος
3569 5242 3710 5307 ὅλως
3746 5242 3845 5297 τοῦ
3880 5243 4019 5313 βίου.

2418 5341 2480 5394 Εἰ
2510 5340 2566 5393 δέ
2599 5356 2661 5407 γε
2689 5341 2805 5401 τοῖς
2862 5336 3059 5407 πένησι
3101 5337 3195 5391 καὶ
3222 5338 3302 5409 τῷ
3334 5336 3455 5407 Θεῷ
3495 5336 3888 5409 ἐθησαύριζεν,
3923 5338 4022 5391 οὐκ

2416 5427 2481 5482 ἂν
2510 5423 2656 5497 εἶχεν
2687 5427 2860 5487 οὕτως
2888 5444 2898 5455 ·
2934 5426 3335 5498 σπουδάσωμεν
3354 5422 3449 5482 οὖν
3470 5430 3548 5491 είς
3569 5427 3705 5481 Θεὸν
3738 5428 4017 5493 πλουτεῖν,

719 5509 831 5566 Dco
877 5521 1277 5580 congregasset,
1328 5528 1433 5567 non
1487 5512 1568 5567 sic
1622 5528 1680 5568 se
1722 5514 2023 5583 habuisset,
2061 5535 2315 5576 curemus

2423 5525 2714 5587 τουτέστιν,
2745 5522 2832 5575 ἐπ’
2858 5522 3054 5592 ἐκείνῳ
3078 5522 3423 5586 πεποιθέναι,
3453 5523 3552 5575 καὶ
3578 5523 3791 5575 ἐκεῖνον
3818 5524 4018 5593 ἡμέτε-

721 5606 903 5665 igitur.
932 5615 992 5659 ut
1034 5606 1226 5659 divites
1259 5607 1449 5661 fiamus
1496 5607 1548 5661 in
1594 5607 1722 5673 Deo,
1756 5610 1855 5665 hoc
1906 5624 1988 5667 est
2034 5623 2092 5667 ut
2128 5616 2178 5669 iu
2225 5614 2315 5671 illo

2423 5634 2509 5686 ρον
2539 5615 2685 5685 ἔχειν
2714 5612 2966 5674 πλοῦτον,
2992 5615 3085 5666 καὶ
3115 5613 3208 5666 τοῦ
3239 5613 3471 5667 πλούτου
3503 5614 3766 5684 ταμεῐαν,
3797 5614 3896 5667 καὶ
3943 5612 4015 5681 μὴ

723 5697 972 5752 tiducium
1028 5698 1322 5753 habeamus
1352 5710 1404 5755 ct
1434 5711 1488 5755 ut
1538 5701 1684 5756 illum
1746 5704 2037 5763 habeamus
2101 5708 2313 5763 divitias

2423 5710 2591 5776 λέγειν
2628 5710 2708 5760 ὅτι
2739 5708 2799 5760 13/.
2844 5707 3025 5770 ἀγαθά
3062 5723 3183 5775 μου.
3222 5706 3379 5771 ἀλλὰ,
3413 5705 3477 5760 τὰ
3514 5705 3814 5772 ἁγαθέιτοῦ
3859 5703 4009 5759 6:0‘3‘

793 5881 835 5907 ⁸⁴
886 5881 1027 5932 ι’κςιῑ.
1077 5899 1300 5945 “Mill,
1345 5883 1427 5938 12.
