4256 6432
257 411 366 476 889

980 415 1434 479 ENARRATIO
1475 417 1560 478 IN
1601 417 2114 483 EVANGELIUM
2157 422 2395 484 LUCIE.
2440 449 2510 459 -
2550 424 2712 485 CAP.
2749 425 2893 486 XII.

3469 402 3606 490 ego

257 528 308 577 εί
339 523 395 577 δὲ
427 523 565 610 Geo-3
595 526 737 580 εἰσιν
767 525 973 594 ἀγαθὰ,
1009 527 1086 599 μὴ
1135 529 1579 603 ἀποστεριὶψεθα
1612 533 1704 586 τὸν
1733 532 1858 587 Θεὸν

1975 545 2197 593 nostras
2227 537 2307 610 (a)
2344 547 2400 595 et
2453 537 2771 594 divitiarum
2808 537 3274 606 dispensatorem.
3312 535 3423 592 Nec
3447 539 3601 592 dica-

253 617 368 669 τῶν
399 609 621 687 ἀγαθῶν
646 617 816 674 αὐτοῦ
837 635 852 651 ⁸
887 619 1047 674 τοῦτο
1084 620 1205 675 εστι
1231 621 1293 676 τὸ
1317 624 1398 687 είς
1428 624 1564 677 Θεὸν
1588 625 1864 692 πλουτεῖν,

255 709 319 762 τδ
348 710 633 763 πιστεύειν
664 711 748 764 ὅτι
773 710 868 764 ὲάν
898 712 1081 765 πάντα
1117 712 1277 767 δώσω
1309 715 1404 768 καὶ
1434 715 1682 784 κενώσω,
1710 717 1867 771 οὐδέν

258 820 352 872 μοι
403 803 513 856 τῶν
562 805 884 872 ἀναγκαίων
949 805 1220 876 ἐπιλείψει
1247 818 1292 837 "
1325 811 1551 877 ταμεῖον
1603 798 1722 882 γάρχ
1774 828 1865 882 μοι

250 893 364 946 τῶν
415 895 641 962 ἀγαοῶν
686 899 835 951 ἐστιν
881 898 910 952 6
956 897 1122 963 Θεόςο
1173 899 1377 968 ἀνοίγω
1453 903 1549 955 καὶ
1605 904 1747 974 αἴρω
1794 904 1865 958 τά

251 987 490 1059 χρειώδη
499 1027 513 1042 .
1147 1007 1154 1013 ‘

328 1204 347 1236 ‹
396 1181 530 1240 Eine
560 1187 616 1241 δὲ
651 1188 791 1260 πρὸς
841 1191 969 1254 τοὺς
1003 1192 1257 1262 μαθητὰς
1310 1191 1478 1246 αὐτοῦ
1502 1209 1516 1224 °
1570 1193 1671 1247 Διά
1703 1192 1863 1247 τοῦτο

245 1278 379 1346 ὑμῖν
412 1279 577 1346 λέγω,
621 1283 695 1350 μὴ
737 1286 1041 1354 μεριμνᾶτε
1077 1288 1144 1356 τῇ
1176 1285 1323 1355 ψυχῇ
1356 1285 1410 1338 τί
1441 1285 1680 1356 φάγητε,
1725 1285 1862 1356 μηδὲ

243 1373 326 1442 τῷ
360 1374 576 1442 σώματι
603 1376 759 1445 ὑμῶν
792 1377 846 1430 τί
872 1359 1194 1447 ἐνδύσησθε.
1238 1379 1302 1431 Ἥ
1333 1379 1444 1449 γὰρ
1479 1377 1629 1449 ψυχὴ
1654 1378 1860 1432 πλείων

245 1465 369 1515 ἐστὶ
403 1465 501 1532 τῆς
533 1468 763 1538 τροφῆς,
813 1472 907 1521 καὶ
946 1470 1008 1522 τὸ
1045 1471 1207 1540 σῶμα
1244 1470 1337 1523 τοῦ
1376 1469 1679 1541 ἐνδύματος
1704 1487 1718 1502 ⁸
1757 1489 1859 1526 κα-

241 1559 550 1629 τανοήσατε
603 1561 730 1622 τοὺς
781 1561 1026 1631 κόρακας
1083 1562 1267 1616 ὅτιού
1324 1562 1670 1631 σπείρουσιν,
1732 1563 1858 1616 οὐδὲ

242 1645 578 1716 Οερίζουσιν,
617 1645 699 1714 οἷς
732 1651 833 1705 οὐκ
868 1651 984 1706 ἔστι
1015 1656 1262 1725 ταμεῖον,
1299 1654 1420 1708 οὐδὲ
1446 1654 1724 1727 ἀποθήκη.
1762 1656 1857 1708 καὶ

238 1743 267 1792 ό
298 1741 432 1805 Θεὸς
460 1744 656 1813 τρέφει
684 1745 908 1810 αὐτούς.
938 1747 1096 1818 Πόσῳ
1136 1748 1341 1818 μᾶλλον
1371 1750 1533 1818 ὑμεῖς
1557 1740 1853 1819 διαφέρετε

237 1833 352 1887 τῶν
407 1837 710 1904 πετεινῶν;
762 1839 856 1902 Τίς
888 1839 945 1893 δὲ
986 1841 1044 1908 ἐξ
1080 1841 1236 1910 ὑμῶν
1284 1844 1570 1915 μεριμνῶν
1625 1845 1852 1899 δύναται

242 1927 571 1996 προσθεῖναι
604 1931 698 1982 ἐπὶ
749 1932 849 2002 τὴν
904 1908 1130 2003 ἠλικίαν
1170 1908 1572 2008 αὑτοῦ-πῆχυν
1620 1937 1755 2005 ἰνα;
1791 1939 1854 1992 Ei
1889 1908 1931 1968 Β

235 2021 335 2072 civ
383 2021 508 2075 οὕτε
556 2022 842 2095 ἐλάχιστον
893 2026 1150 2096 δύνασθε,
1202 2031 1255 2084 τί
1301 2033 1433 2102 περὶ
1480 2031 1594 2086 τῶν
1649 2032 1859 2088 λοιπῶν

242 2118 591 2186 μεριμνᾶτε;
631 2137 649 2171 ›
690 2120 848 2173 Κατά
905 2122 1105 2194 μικρὸν
1141 2124 1238 2177 ἐπὶ
1277 2125 1348 2179 τὰ
1378 2125 1688 2198 τελεώτερα
1724 2144 1858 2197 προ-

239 2210 369 2275 άγει
408 2209 507 2280 τὴν
536 2212 893 2267 διδασκαλίαν
916 2217 944 2269 6
976 2216 1208 2288 Κύριος.
1245 2218 1390 2288 Ὅρα
1417 2219 1527 2290 γὰρ
1556 2219 1655 2290 τὴν
1678 2218 1854 2284 τάξιν.

250 2303 489 2371 ’έίδίδαξε
525 2306 899 2374 φυλάσσεσθαι
929 2309 1038 2363 ἀπὸ
1054 2312 1154 2382 τῆς
1188 2311 1531 2379 πλεονεξίας,
1556 2313 1653 2367 καὶ⁸
1678 2330 1852 2385 προσο

238 2396 411 2466 ἔθηκε
441 2399 762 2471 παραὸολὴν
785 2443 798 2466 ,
834 2400 936 2473 τὴν
963 2403 1094 2474 περὶ
1144 2404 1242 2458 τοῦ
1278 2405 1565 2473 πλουσίου,
1600 2407 1690 2461 διὰ
1718 2408 1857 2462 ταύ-

235 2507 340 2558 της
381 2491 624 2557 δεικνὺς,
656 2495 739 2548 ὅτι
776 2495 984 2567 ἄφρων
1015 2499 1044 2551 6
1074 2496 1170 2551 τοῦ
1201 2497 1450 2564 πλείονος
1495 2501 1852 2572 ὀρεγόμενος.

237 2577 379 2634 Ιιῖῖτσι
413 2584 743 2654 προκόπτων
764 2585 1029 2659 τῷλόγῳ,
1059 2588 1182 2642 οὐδὲ
1220 2591 1354 2660 περὶ
1389 2590 1501 2644 τῶν
1531 2592 1852 2660 ἀναγκαίων

236 2670 389 2736 ἡμᾶς
442 2675 723 2745 μεριμνᾷν
755 2675 839 2746 ἐᾷ.
881 2667 1096 2749 Ὥσπερ
1128 2666 1224 2732 οὖν
1255 2679 1284 2731 6
1317 2680 1565 2746 διάϐολος
1591 2684 1700 2737 ἀπὸ
1743 2684 1854 2738 τῶν

237 2763 460 2832 μικρῶν
511 2767 818 2838 ἀρχόμενος
871 2772 1232 2842 περιπίπτειν
1271 2776 1424 2845 ἡμᾶς
1465 2779 1584 2841 τοῖς
1621 2779 1854 2849 μείζωσι

237 2859 385 2909 ποιεῖ
445 2857 551 2926 (διὸ
601 2862 697 2914 καὶ
749 2865 1159 2937 μυρμηκολὲων
1207 2867 1529 2940 ὠνόμασται
1574 2873 1728 2946 παρά
1776 2873 1855 2946 τῷ

249 2949 423 3016 Ἰὼϐ),
450 2950 629 3018 οὕτως
655 2956 719 3008 ἐκ
757 2956 853 3010 τοῦ
889 2959 1138 3013 ἐναντίου
1172 2965 1200 3016 ὀ
1230 2963 1438 3035 Κύριος
1468 2965 1725 3022 ἀναλύων
1753 2971 1855 3023 αὐ·

231 3043 330 3096 τοῦ
379 3044 449 3098 τά
520 3046 693 3136 ἔργα,
753 3053 1024 3124 πρότερον
1075 3055 1144 3110 τὰ
1197 3059 1426 3129 μεγάλα,
1471 3063 1854 3136 ἁμαρτήματα

235 3136 455 3205 φεύγει,
511 3135 632 3195 εἶτα
668 3145 764 3196 καὶ
812 3145 915 3206 τὰς
969 3149 1148 3222 ἀρχὰς
1197 3154 1410 3209 τούτων
1465 3135 1846 3217 ὑποδείκνυσι.

238 3233 283 3284 Τ
291 3234 356 3302 ὴν
379 3230 476 3288 οὖν
509 3237 827 3308 πλεονεξίαν
879 3242 1102 3310 ὑποδείξ

234 3326 458 3397 ἔρχεται
507 3332 602 3384 καὶ
635 3332 731 3386 ἐπὶ
777 3334 880 3405 τὴν
931 3336 1091 3407 ῥίζαν
1139 3339 1374 3413 ταύτης.
1435 3345 1526 3400 ἵνα
1563 3348 1662 3402 καὶ
1717 3352 1855 3406 ταύ-

232 3436 336 3515 την
387 3421 675 3498 ὑποτέμῃ,
731 3428 878 3497 φημὶ
925 3429 990 3501 δὴ
1059 3433 1161 3506 τὴν
1199 3436 1500 3508 μέριμναν,
1535 3442 1633 3496 καί
1687 3461 1853 3515 φησι·

234 3514 339 3567 Διά
371 3515 532 3569 τοῦτο
558 3517 703 3586 λέγω
756 3521 909 3592 ὑμῖν,
943 3523 1154 3596 ἐπειδὴ,
1190 3528 1383 3598 φησὶν,
1419 3531 1612 3604 ἄφρων
1651 3514 1803 3589 ἐστὶν
1830 3539 1858 3590 6

237 3608 468 3664 πλείονα
496 3609 643 3682 ζωῆς
678 3614 856 3686 μέτρα
897 3617 1079 3688 ἑαυτῴ
1113 3619 1461 3692 διαγράφων,
1501 3627 1596 3678 καὶ
1621 3627 1853 3682 ἀπατώ-

239 3717 406 3770 μενος
449 3703 546 3756 τοῦ
598 3705 846 3770 πλείονος
900 3709 1155 3764 ἐντεῦθεν
1205 3712 1524 3784 ὀρέγεσθαι,
1572 3713 1684 3782 οἷος
1734 3714 1858 3792 ἦνό

235 3790 521 3857 πλούσιος,
551 3795 638 3848 διὰ
677 3795 835 3849 τοῦτο
883 3796 1028 3868 λέγω
1063 3799 1216 3869 ὑμῖν,
1264 3802 1340 3873 μὴ
1385 3790 1855 3882 μεριμνήσετεήτῇ

234 3886 387 3957 ψυχῇ
435 3887 594 3958 ὑμῶν
621 3889 673 3941 τί
709 3890 951 3961 φάγητε,
1010 3893 1110 3964 οὐχ
1153 3895 1231 3959 ὠς
1282 3898 1382 3967 τῆς
1429 3902 1627 3971 νοερᾶς
1674 3901 1858 3972 ψυχῆς

236 3982 556 4055 ἑσϐιούσης,
609 3986 728 4040 ἀλλ’
776 3987 901 4040 ἐπεὶ
951 3990 1341 4064 δοκεῖήψυχὴ
1389 3993 1466 4067 μὴ
1526 3996 1705 4061 ἄλλως
1760 3999 1854 4052 ἁν-

234 4075 466 4147 έχεσθαι
497 4078 577 4149 τῷ
621 4079 839 4151 σώματι
894 4083 1266 4152 συνδεδέσθαι,
1295 4088 1344 4140 εί
1377 4088 1452 4159 μὴ
1500 4090 1860 4161 τρεφομένων

237 4177 272 4245 ἡ
281 4174 422 4244 μῶν·
442 4176 530 4230 διὰ
542 4176 703 4230 τοῦτο
717 4178 892 4244 οὕτως
915 4175 1092 4236 εἶπεν.
1116 4183 1328 4248 Ἀλλως
1345 4201 1426 4239 τε’
1448 4187 1511 4239 τὸ
1546 4187 1649 4256 μὲν
1689 4189 1856 4261 σῶμα

238 4269 339 4322 καὶ
373 4269 569 4339 νεκρὸν
616 4271 889 4338 ἐνδύεται,
919 4275 982 4328 ού
1013 4275 1282 4345 τρέφεται
1306 4276 1388 4332 δέ.
1438 4279 1596 4333 Ἑπεὶ
1641 4281 1738 4336 οὖν
1762 4283 1858 4337 τοῦ

237 4361 494 4431 ἐμψύχου
527 4362 588 4416 τὸ
616 4363 939 4434 τρέφεσθαι,
981 4369 1214 4434 εἰκότως
1249 4370 1487 4442 ἀνέθηκε
1518 4376 1586 4444 τῇ
1626 4373 1775 4448 ψυχῇ
1799 4377 1861 4431 τὸ

238 4454 564 4522 τρέφεσθαι.
607 4456 678 4508 Ἢ
712 4457 836 4528 ούχὶ
891 4459 987 4513 καὶ
1022 4463 1055 4530 ἠ
1103 4461 1378 4536 θρεπτικὴ
1431 4465 1666 4536 δύναμις
1708 4467 1859 4540 ψυχὴ

239 4547 500 4616 λέγεται;
543 4550 639 4620 Μὴ
703 4552 1089 4623 μεριμνήσητε
1124 4550 1220 4609 οὖν
1253 4557 1332 4627 τῷ
1367 4559 1656 4631 θρεπτικῷ
1697 4561 1859 4634 μέρει

1978 646 2122 699 tuus,
2157 631 2300 687 bona
2335 632 2684 698 nostra,sed,
2711 632 2851 686 bona
2881 629 2974 685 Dei
3003 649 3015 684 :
3048 631 3093 684 si
3128 639 3312 684 autem
3344 630 3436 685 Dei
3469 643 3599 685 sunt

1972 721 2138 787 bona,
2188 739 2254 777 ne
2286 724 2566 793 privemus
2601 723 2767 777 Deum
2795 721 2954 776 bonis
3001 722 3140 776 suis.
3180 719 3296 775 Hoc
3325 731 3408 775 est
3433 721 3595 775 ditari

1974 814 2027 868 iu
2091 814 2225 881 Deo,
2281 818 2506 870 credere
2540 817 2683 885 quod
2718 816 2883 887 372
2941 814 2987 869 si
3058 815 3246 869 omnia
3291 814 3493 869 dedero
3541 824 3598 868 et

1969 921 2333 972 evacttzivero,
2361 910 2710 964 niltilcorum
2744 910 2948 978 quibus
2978 908 3110 962 milii
3143 923 3277 976 opus
3306 906 3470 962 fuerit
3503 913 3596 962 dc-

1970 999 2119 1054 llciet
2150 1001 2244 1072 (ὑ).
2278 1000 2726 1071 Promptum-ium
2763 1003 2910 1056 enim
2944 1002 3216 1056 bonorum
3265 1000 3406 1056 Deus
3453 1010 3540 1056 est
3575 1019 3590 1056 :

1969 1091 2212 1160 aperiam
2239 1102 2293 1147 et
2332 1093 2515 1148 tollam
2545 1095 2884 1148 necessaria.

2044 1214 2212 1268 Vens.
2256 1210 2449 1266 22-26.
2494 1229 2512 1262 ι
2555 1211 2812 1280 Dixitque
2848 1211 2913 1265 ad
2942 1211 3242 1280 discipulos
3272 1225 3399 1265 suos
3428 1231 3439 1264 :
3470 1210 3594 1267 Ideo

1966 1307 2091 1363 dico
2125 1305 2279 1361 vobis
2314 1323 2328 1358 :
2359 1303 2540 1358 Nolite
2578 1303 2802 1358 solliciti
2835 1319 2959 1358 esse
3008 1305 3204 1358 anima:
3223 1304 3350 1372 quid
3395 1305 3591 1373 edatis,

1969 1414 2148 1469 neque
2213 1398 2432 1467 corpori
2505 1407 2696 1452 vestro
2766 1397 2895 1466 quid
2995 1398 3337 1462 induamini;
3409 1398 3593 1452 anima

1965 1491 2113 1545 enim
2147 1491 2267 1561 plus
2319 1499 2404 1544 est
2443 1506 2608 1560 quam
2648 1504 2800 1552 esca,
2828 1499 2882 1543 et
2921 1505 3122 1558 corpus
3153 1490 3272 1559 plus
3308 1506 3470 1559 quam
3505 1491 3592 1544 in-

1967 1585 2312 1638 dumentum.
2349 1582 2714 1638 Considerate
2752 1598 2947 1637 corvos
2972 1585 3097 1650 quia
3141 1600 3245 1637 non
3294 1585 3588 1648 scminant,

1967 1693 2146 1745 neque
2208 1687 2442 1742 metunt,
2494 1679 2695 1746 quibus
2744 1692 2854 1731 non
2904 1687 2985 1731 est
3030 1680 3357 1746 penuarium
3414 1693 3593 1746 neque

1966 1772 2246 1836 horreum,
2297 1783 2353 1826 et
2401 1770 2546 1824 Deus
2585 1773 2757 1840 pascit
2819 1771 2965 1825 illos.
3012 1770 3232 1835 Quanto
3288 1771 3462 1839 magis
3495 1785 3593 1826 vos

1964 1864 2235 1932 praestatis
2276 1864 2591 1919 volucribus
2617 1865 2640 1917 ’ί
2669 1864 2804 1930 Quis
2833 1874 3015 1917 autem
3044 1873 3289 1917 vestrum
3313 1864 3587 1918 sollicitu-

1968 1957 2093 2011 dine
2145 1971 2243 2011 sua
2275 1965 2453 2025 potest
2485 1957 2728 2027 adjicere
2763 1957 2830 2008 ad
2855 1966 3122 2010 staturam
3150 1972 3310 2010 suam
3346 1959 3592 2010 cubitum

1966 2049 2186 2103 unum?
2233 2048 2289 2103 Si
2340 2064 2469 2119 ergo
2519 2066 2586 2104 ne
2617 2049 2668 2103 id
2719 2035 2966 2119 quidem,
2999 2048 3144 2118 quod
3179 2049 3465 2103 minimum
3486 2062 3591 2118 est,

1965 2142 2216 2212 potestis,
2245 2143 2374 2212 quid
2418 2145 2484 2198 de
2523 2145 2741 2198 cmteris
2779 2143 2999 2197 solliciti
3058 2143 3219 2198 estis?
3263 2163 3280 2195 ι
3312 2142 3591 2198 Paulatim

1965 2234 2020 2288 in
2076 2234 2402 2290 sublimiora
2458 2236 2715 2291 subducit
2762 2236 3074 2290 doctrinam
3135 2236 3420 2292 Dominus.
3456 2238 3595 2294 Vide

1963 2329 2113 2383 enim
2165 2329 2439 2383 ordinem.
2500 2329 2916 2384 Docuitcavere
2948 2331 3017 2384 ab
3046 2332 3298 2398 avaritia,
3344 2343 3395 2388 et
3429 2347 3598 2402 appo-

1963 2423 2071 2475 suit
2103 2413 2421 2492 parabolam
2461 2423 2607 2478 illam
2652 2424 2717 2479 de
2742 2425 2933 2489 divite,
2965 2441 3065 2495 per
3096 2427 3241 2479 illam
3278 2439 3596 2485 monstrans

1964 2517 2109 2586 quod
2156 2517 2423 2588 insipiens
2468 2521 2538 2574 sit
2568 2520 2658 2588 qui
2699 2519 2852 2589 plura
2880 2522 3180 2578 desiderat.
3222 2521 3428 2576 Deinde
3464 2537 3595 2591 pro-

1964 2609 2154 2663 ficiens
2186 2625 2464 2674 sermone,
2515 2624 2694 2678 neque
2736 2612 2802 2665 de
2835 2611 3168 2665 necessariis
3197 2611 3465 2665 sollicitos
3496 2628 3594 2666 nos

1961 2715 2081 2755 esse
2129 2703 2280 2758 sinit.
2316 2703 2791 2770 Quemadmodum
2853 2704 3021 2774 igitur
3057 2705 3313 2760 diabolus
3348 2722 3376 2760 a
3411 2706 3596 2771 parvis

1961 2792 2178 2862 incipit,
2233 2802 2290 2847 ut
2349 2809 2448 2849 uos
2487 2795 2538 2848 iu
2579 2797 2832 2866 graviora
2885 2797 3027 2850 mala
3116 2796 3277 2853 faciat
3331 2798 3593 2863 incidere,

1961 2890 2315 2956 quamobrem
2379 2898 2434 2945 et
2482 2891 2876 2961 myrtnicoleon
2931 2907 2960 2946 a
3011 2891 3112 2946 Job
3163 2893 3476 2948 nominatur
3498 2893 3589 2946 “:

1961 2983 2034 3037 ita
2069 2998 2098 3038 ε
2123 2981 2342 3037 diverso
2377 2982 2649 3039 Dominus
2707 2986 3074 3054 resolvitejus
3105 3003 3295 3058 opera.
3345 2987 3594 3044 Primum

1958 3079 2104 3131 enim
2159 3092 2353 3147 magna
2402 3090 2629 3148 peccata
2692 3080 2867 3147 fugat,
2900 3081 3101 3136 deinde
3130 3081 3296 3135 etiam
3323 3082 3594 3151 principia

1959 3184 2149 3224 eorum
2198 3171 2464 3227 ostendit.
2497 3170 2634 3225 Cum
2672 3173 2840 3245 igitur
2884 3175 3186 3230 indicasset
3219 3185 3276 3228 ut
3315 3175 3384 3230 ab
3412 3176 3596 3231 avari-

1106 3263 1172 3310 ας
1220 3249 1358 3318 ἡμῖν
1418 3251 1846 3324 φυλάττεσθαι,

1965 3262 2037 3316 tia
2100 3279 2450 3330 caveremus,
2501 3266 2650 3319 venit
2703 3275 2755 3321 et
2796 3266 2862 3320 ad
2894 3267 3069 3337 ipsam
3118 3267 3387 3335 radicem,
3419 3278 3479 3323 ut
3537 3276 3596 3324 et

1967 3357 2144 3427 ipsam
2207 3367 2475 3427 amputet,
2544 3359 2978 3416 sollicitudinem
3031 3364 3277 3432 inquam,
3316 3371 3370 3416 et
3421 3362 3594 3420 dicit:

1963 3448 2198 3519 Propter
2241 3450 2345 3506 hoc
2373 3453 2498 3508 dico
2536 3452 3016 3523 vobis,’quoniam
3049 3455 3318 3523 insipiens
3354 3465 3460 3522 est,
3488 3457 3582 3526 qui

1963 3542 2117 3613 plura
2139 3559 2301 3613 quam
2341 3544 2465 3599 vita:
2525 3546 2830 3600 necessitas
2862 3549 3070 3616 exigat,
3111 3548 3365 3617 inquirit,
3394 3548 3596 3620 etplus

1964 3635 2019 3690 in
2059 3637 2161 3690 hac
2199 3637 2309 3691 vita
2346 3638 2576 3707 appetit,
2604 3640 2785 3709 qualis
2817 3641 3156 3707 eratdives;
3221 3641 3428 3696 idcirco
3469 3642 3595 3698 dico

1964 3727 2142 3794 vobis,
2173 3744 2240 3783 ne
2266 3711 2482 3783 solliciti
2519 3730 2641 3785 sitis
2665 3732 2861 3785 animm
2876 3745 3074 3786 vcsme
3097 3731 3224 3802 quid
3251 3734 3589 3789 comedatis:

1967 3837 2074 3876 non
2106 3823 2250 3892 quod
2315 3823 2588 3878 mentales
2615 3823 2816 3879 animre
2853 3829 3171 3891 comedam,
3210 3828 3304 3880 sed
3332 3827 3460 3895 quia
3497 3841 3596 3898 ap-

1965 3925 2120 3984 paret
2163 3917 2404 3970 animam
2457 3934 2564 3973 non
2618 3914 2840 3974 aliunde
2895 3922 3114 3988 corpori
3160 3919 3432 3988 colligari,
3488 3921 3592 3975 nisi

1966 4023 2068 4063 nos
2123 4008 2362 4064 alantur.
2430 4010 2727 4081 Propterea
2751 4013 2830 4067 sic
2856 4013 3010 4069 dicit.
3039 4011 3103 4067 Et
3163 4013 3347 4078 aliter,
3392 4029 3594 4084 corpus

1964 4104 2184 4172 quidem
2255 4116 2534 4159 mortuum
2613 4107 2878 4171 induitur,
2925 4123 3033 4161 non
3087 4108 3331 4176 pascitur
3382 4118 3589 4163 autem.

1966 4196 2205 4252 Proinde
2234 4200 2359 4268 quia
2384 4200 2754 4254 animatorutn
2798 4211 2881 4256 est
2911 4202 3084 4272 pasci,
3137 4203 3338 4255 merito
3385 4202 3596 4256 addidit

1965 4293 2165 4348 animae
2200 4293 2369 4362 pasci.
2420 4293 2616 4348 Annon
2645 4304 2700 4348 et
2737 4295 2995 4349 nutritiva
3031 4297 3112 4349 vis
3141 4295 3322 4348 anima
3345 4294 3594 4351 dicitur?

1965 4380 2136 4454 Igitur
2169 4399 2236 4438 ne
2268 4384 2488 4439 solliciti
2525 4385 2649 4440 sitis
2693 4387 3012 4455 vcgetativai
3055 4388 3199 4456 parti
3258 4387 3456 4442 animm
3485 4403 3592 4442 non

1966 4477 2278 4544 rationalis,
2329 4478 2461 4547 quid
2513 4481 2842 4545 comedatis,
2898 4496 3077 4550 neque
3123 4481 3341 4551 corpori
3368 4496 3477 4552 quo
3514 4482 3598 4535 in-

1968 4570 2240 4625 duamini.
2296 4570 2506 4626 Deinde
2560 4571 2721 4626 affert
2750 4573 3019 4628 rationein
3055 4591 3069 4627 :
3105 4573 3247 4627 Nam
3279 4574 3372 4644 qui
3417 4573 3596 4643 majus

236 4646 340 4717 τῆς
374 4645 574 4717 ἀλόγου
624 4647 830 4742 φυχῆς,
871 4651 923 4704 τί
960 4652 1201 4724 φάγητε,
1247 4655 1388 4726 μηδὲ
1415 4656 1495 4727 τῷ
1523 4655 1766 4742 σώματι,
1805 4661 1858 4714 τί

1965 4661 2138 4725 dedit,
2196 4675 2390 4732 nempe
2429 4662 2695 4730 animam,
2752 4679 2934 4720 nonne
2970 4674 3025 4718 et
3060 4665 3244 4721 cibum
3271 4641 3463 4720 dabit?
3491 4641 3593 4732 Qui

238 4738 567 4809 ἐνδύσησθε.
602 4737 737 4794 Εἶτα
760 4743 1016 4814 ἐπιφέρει
1041 4745 1310 4816 λογισμόν
1335 4765 1350 4781 °
1378 4751 1407 4804 6
1439 4752 1550 4823 γάρ
1572 4737 1636 4806 τό
1669 4753 1860 4824 μεῖζον

239 4831 390 4895 δοὺς,
441 4831 543 4903 τὴν
582 4832 789 4904 ψυχὴν,
821 4835 882 4888 οὐ
911 4834 1074 4890 δώσει
1127 4839 1224 4892 καὶ.
1267 4841 1372 4910 τὴν
1421 4844 1671 4913 τροφήν;
1707 4844 1767 4897 '0
1798 4848 1860 4900 τὸ

241 4926 407 4994 σῶμα
456 4925 604 4990 δοὺς,
656 4929 780 4998 οὐχὶ
835 4930 932 4982 καὶ
971 4929 1033 4983 τὸ
1061 4931 1271 5003 ἔνδυμα
1306 4934 1509 5000 δώσεις
1563 4933 1699 4993 Εἶτα
1750 4941 1860 4994 ἀπὸ

240 5019 703 5090 παραδείγματος
737 5022 849 5098 τῶν
899 5021 1177 5094 κοράκων,
1213 5027 1289 5091 ὡς
1314 5030 1381 5082 ἂν
1405 5029 1648 5104 ἐνθρέψῃ
1680 5033 1856 5104 ἡμᾶς,

235 5114 308 5168 τὰ
341 5114 571 5168 πετεινά
598 5117 679 5179 είς
711 5117 878 5188 μέσον
907 5117 1056 5187 ἀγει.
1100 5121 1366 5177 Ἠδύνατο
1395 5125 1498 5193 μὲν
1518 5127 1630 5198 γὰρ
1665 5129 1857 5197 ἁγίους

236 5209 534 5279 ς·ροφήτας
561 5213 938 5282 παραγαγεῖν,
959 5208 1073 5268 οἷον
1103 5214 1196 5269 τὸν
1233 5216 1423 5272 Ἠλίαν
1447 5220 1542 5273 καὶ
1565 5221 1660 5276 τὸν
1687 5224 1857 5278 Μωῡ-

239 5305 366 5371 σῆν,
415 5301 554 5356 ἀλλὰ
595 5303 736 5374 πρὸς
786 5303 960 5359 πλείω
1002 5305 1285 5365 δυσωπίαν
1311 5311 1381 5366 τὰ
1410 5319 1632 5372 πετεινὰ
1671 5316 1852 5389 φέρει.

237 5392 378 5450 Εἶτα
409 5395 505 5449 καὶ
538 5396 730 5469 ἕτερον
753 5401 1017 5471 λογισμὸν
1050 5404 1330 5478 ἐπιφέρει.
1366 5408 1505 5462 Είπέ
1541 5392 1655 5480 μοι,
1679 5411 1733 5464 τί
1760 5430 1860 5483 με.

242 5489 456 5560 ρνμνῶν
489 5491 830 5561 κερδαίνεις;
880 5495 1191 5569 Προστίθης
1222 5503 1289 5572 τῇ
1329 5501 1519 5576 ἡλικίᾳ.
1548 5523 1642 5559 σου
1673 5507 1779 5561 κᾶν
1802 5508 1863 5562 τὸ

237 5581 566 5649 ἑλὰγιστονς
607 5583 765 5652 Οὐχὶ,
806 5585 1011 5655 μᾶλλον
1050 5590 1151 5659 μὲν
1175 5592 1269 5645 οὖν
1299 5593 1556 5668 ύφαιρεῖς
1588 5599 1698 5652 τῶν
1725 5617 1860 5671 σαρ-

312 5743 360 5774 ⁸¹⁵
387 5739 490 5797 Job
528 5759 600 5808 tv,
625 5745 789 5812 juxta
823 5747 988 5804 LXX.

316 5868 394 5932 (al
429 5866 525 5920 ΙὶεΙ.
565 5867 687 5923 Lul.
721 5871 1028 5926 divitiarum
1065 5879 1273 5929 (cllum.

1967 4754 2117 4809 dedit
2147 4768 2370 4823 corpus,
2406 4770 2595 4811 nonne
2628 4766 2682 4810 et
2721 4756 3102 4812 indumentum
3166 4758 3318 4813 dabit
3346 4759 3369 4812 ἲ
3397 4760 3594 4814 Postea

1964 4845 2130 4901 etiam
2181 4847 2248 4900 ab
2271 4847 2523 4916 exemplo
2552 4863 2843 4902 corvorum
2879 4850 3075 4919 probat
3096 4851 3240 4920 quod
3272 4867 3372 4906 nos
3407 4855 3590 4907 nutri-

1965 4951 2042 5001 et.
2078 4942 2323 4996 volatilia
2353 4943 2407 4996 in
2434 4944 2672 4999 medium
2705 4944 2967 5001 alierens.
3001 4947 3434 5004 Potueratenim
3467 4965 3595 5005 san-

1964 5046 2083 5089 etos
2129 5036 2498 5105 propltetasin
2539 5036 2778 5090 medium
2821 5036 3040 5106 afferre,
3071 5047 3259 5108 utpote
3286 5038 3460 5093 Eliam
3508 5040 3594 5095 vel

1965 5127 2198 5192 Mosen;
2243 5129 2339 5184 sed
2367 5131 2434 5184 ad
2493 5130 2760 5201 majorem
2817 5133 3079 5202 pudorem
3123 5131 3362 5187 volatilia
3412 5132 3594 5188 alien.

1964 5225 2170 5282 Deinde
2218 5237 2272 5280 et
2295 5226 2455 5282 aliam
2484 5229 2752 5283 rationem
2785 5230 3029 5283 adducit.
3069 5228 3189 5293 Dic,
3227 5243 3432 5297 qumso,
3467 5231 3597 5299 quid

1964 5321 2338 5379 sollicitudine
2389 5323 2668 5391 proficis?
2735 5323 2931 5394 adjieis
2983 5331 3338 5378 staturtetuze
3376 5325 3459 5378 vel
3497 5325 3598 5378 mi-

1968 5417 2178 5470 nimum
2222 5417 2398 5488 quid?
2438 5416 2581 5483 Non,
2644 5419 2755 5472 imo
2802 5417 2989 5472 aufers
3037 5418 3224 5488 potius
3254 5416 3537 5487 quidpiam
3569 5433 3599 5472 e

1966 5509 2303 5564 carnalibus.
2342 5508 2673 5564 Sollicitudo
2705 5509 2853 5564 enim
2882 5507 3164 5569 tabefacit.
3202 5506 3256 5562 Si
3294 5508 3460 5576 igitur
3498 5509 3598 5560 ad-

1964 5602 2138 5673 jicere
2172 5618 2277 5658 non
2305 5612 2461 5673 potes
2485 5602 2714 5675 iquuod
2750 5602 3062 5668 minimum,
3092 5602 3224 5674 quid
3269 5602 3334 5659 de
3369 5599 3598 5671 reliquis

316 5938 392 6001 εἶδε
426 5940 558 5995 Ibid.
600 5941 946 6000 li't‘uc'ttat'cro
978 5964 1056 6000 mc
1100 5959 1287 6019 totum,
1322 5971 1347 6001 ’.ι
1373 5969 1396 6006 c
1438 5954 1639 6024 aliquid
1685 5973 1858 6012 mum
1907 5958 2262 6012 navssnrmnt
2287 5954 2617 6024 (Matinum
2648 5965 2744 6008 Cat.
