4256 6432
748 345 849 414 891

1674 338 2257 421 THEOPHYLACTI
2288 359 2704 427 BULGARLE
2735 367 3105 433 ancmsp.

3919 373 4031 438 892

741 460 1005 517 sollicitus
1032 476 1093 517 es
1119 462 1143 517 2
1176 462 1527 531 Perspicuum
1554 467 1726 533 enim,
1750 469 1892 540 quod
1924 469 2068 525 sicut
2092 470 2313 533 Deus.iu

2442 478 2579 533 κῶν⁹
2600 479 2847 549 τηκεδὼν
2872 480 2982 554 1&9
3008 481 3332 553 ἡμίριμνα.
3361 481 3423 538 E!
3448 481 3633 538 τοίνυν
3653 483 3715 538 τδ
3742 480 4031 554 ἐλάχιστον

742 561 1077 609 cretnentum
1102 554 1212 621 dat,
1234 554 1306 610 ita
1337 565 1391 611 et
1408 556 1513 611 alia
1538 557 1709 614 dabit.

814 808 981 867 Vsus.
1023 811 1217 870 27-51.
1263 833 1283 867 ι
1332 814 1690 874 Considerate
1716 818 1880 893 373
1912 820 2024 877 lilia
2062 824 2333 893 quomodo

747 911 999 958 crescunt
1032 923 1047 959 :
1076 919 1183 959 non
1232 893 1501 973 laborant,
1531 923 1706 979 neque
1753 921 1905 967 nent.
1959 912 2091 968 Dico
2146 922 2328 968 autem

739 993 916 1058 vobis,
945 1010 1044 1049 nec
1082 996 1338 1052 Solomon
1377 1000 1429 1052 in
1470 1001 1616 1055 omni
1655 1001 1825 1073 gloria
1860 1019 1958 1060 sua
2002 1005 2334 1061 vestiebatur

740 1082 881 1137 sicut
916 1098 1079 1139 unum
1120 1078 1352 1165 existis.
1384 1087 1441 1143 Si
1477 1099 1660 1146 autem
1710 1108 1934 1162 gramen
1968 1096 2110 1163 quod
2169 1096 2331 1152 hodie

739 1185 819 1228 est
856 1174 907 1229 in
938 1190 1090 1245 agro,
1138 1180 1203 1232 et'
1225 1193 1347 1234 cras
1384 1180 1438 1236 in
1471 1181 2037 1251 clibanum'mittitur,
2074 1188 2213 1243 Deus
2253 1190 2332 1245 sic

738 1266 899 1322 vestit
933 1284 949 1323 :
985 1277 1191 1337 quanto
1248 1273 1419 1343 magis
1473 1289 1570 1330 vos
1605 1276 1820 1343 vestiet,
1850 1291 1885 1332 ο
1932 1292 2120 1347 parum
2158 1278 2331 1335 [lden-

740 1356 863 1411 tcsl
905 1357 973 1413 Et
1021 1373 1117 1415 vos
1166 1360 1333 1417 nolite
1380 1377 1627 1438 quaerere
1681 1366 1812 1435 quid
1876 1368 2025 1422 esuri
2066 1368 2209 1434 sitis,
2236 1377 2332 1424 aut

740 1447 869 1517 quid
895 1448 1116 1504 bibituri
1153 1470 1169 1507 :
1201 1461 1257 1508 et
1289 1453 1457 1510 nolite
1491 1455 1545 1510 iu
1571 1454 1804 1531 sublime
1840 1458 1974 1515 tolli.
2021 1457 2148 1516 Hac
2183 1461 2329 1517 enim

738 1539 924 1595 omnia
956 1548 1150 1614 gentes
1171 1546 1355 1602 mundi
1385 1558 1655 1618 quarunt.
1706 1548 1870 1607 Pater
1924 1564 2107 1607 autem
2152 1563 2331 1611 vester

743 1631 847 1687 scit
880 1636 1023 1704 quod
1058 1635 1178 1692 istis
1222 1637 1530 1711 indigestis.
1571 1641 1715 1708 Quin
1746 1643 1928 1713 potius
1978 1646 2208 1715 quaerite
2240 1663 2328 1703 re—

2434 574 2496 627 οὐ
2520 572 2749 629 δύνασαι
2765 572 3090 647 προσϐῆναι,
3113 573 3168 627 τί
3183 575 3313 646 περὶ
3343 572 3454 629 τῶν
3477 574 3683 628 λοιπῶν
3713 576 4027 646 μεριμνᾷςς

2435 665 2710 736 Πρόδηλον
2726 668 2835 739 1&9
2861 667 2966 735 ὅτι,
2995 666 3186 739 ὥσπερ
3208 666 3310 740 τὴν
3336 665 3569 738 αὔξησιν
3589 670 3619 721 6
3637 667 3769 732 Θεὸς
3788 666 4029 734 δίδωσιν,

2433 757 2580 813 οὕτω
2608 759 2700 813 καὶ
2725 756 2899 814 τᾶλλα
2922 760 3109 817 δώσει.

2512 871 2530 904 ι
2571 853 2961 925 Κατανοησατε
3000 854 3070 909 τά
3105 854 3268 926 κρίνα
3302 854 3423 920 πῶς
3471 854 3714 921 αὐξάνει*
3739 854 3802 908 οὐ
3837 855 4020 923 κοπιᾷ,

2432 942 2555 996 οὐδὲ
2582 943 2754 1013 νήθει.
2783 944 2943 1014 Λέγω
2966 945 3117 1016 ὑμῖν,
3148 946 3231 1001 δτι
3258 946 3381 1001 οὐδὲ
3411 946 3668 1017 Σολομῶν
3694 948 3755 999 ἐν
3786 946 3941 1016 πάσῃ
3963 947 4026 1015 τῇ

2432 1029 2559 1104 δόξῃ
2581 1031 2747 1085 αὐτοῦ
2780 1032 3139 1105 περιεϐάλετο
3160 1034 3237 1099 ῶς
3266 1034 3326 1089 ἐν
3356 1035 3583 1090 τούτων.
3614 1037 3675 1090 Ei
3696 1035 3753 1090 δέ
3776 1036 3874 1090 τὸν
3901 1036 4028 1107 χόρ-

2431 1135 2525 1172 τον
2550 1122 2609 1173 ὲν
2632 1119 2712 1191 τῷ
2738 1119 2893 1193 ἁγρῷ
2924 1124 3168 1195 σήμερον
3191 1122 3344 1193 ὄντα,
3382 1126 3477 1181 καὶ
3510 1124 3703 1197 αὔριον
3738 1128 3821 1190 εις
3842 1125 4031 1179 κλίϐα-

2431 1228 2523 1265 νον
2573 1212 2927 1283 βαλλόμενον,
2974 1218 3003 1269 6
3048 1215 3181 1280 Θεὸς
3232 1216 3407 1282 οὓτως
3443 1219 3809 1290 ἀμφιέννυσι,
3881 1219 4031 1291 πόσῳ

2434 1300 2639 1370 μᾶλλον
2677 1303 2845 1373 ὑμᾶς,
2883 1303 3255 1374 ὀλιγόπισκοις
3294 1308 3409 1363 Καὶ
3448 1309 3609 1380 ὑμεῖς
3638 1310 3715 1382 μὴ
3737 1313 3959 1383 (quis:
3980 1309 4031 1364 τί

2434 1394 2649 1465 φάγητε
2678 1393 2712 1466 ἢ
2743 1396 2838 1449 καὶ
2860 1395 2916 1449 τί
2937 1397 3125 1468 πίητε,
3152 1399 3247 1453 καὶ
3270 1400 3347 1473 μὴ
3380 1401 3805 1473 μετεωρίζεσθε.
3843 1403 4029 1457 Ταῦτα

2429 1487 2541 1557 γὰρ
2572 1490 2751 1541 πάντα
2796 1482 3046 1562 τάἐονη
3094 1490 3190 1545 τοῦ
3243 1492 3457 1564 κόσμου
3519 1493 3793 1564 ἐπιζητεῖ.
3840 1494 4029 1565 ’Υμῶν

2428 1578 2485 1633 δὲ
2509 1580 2538 1634 6
2565 1580 2754 1653 Πατὴρ
2780 1577 2945 1650 οῐδεν,
2978 1584 3063 1637 δτι
3084 1583 3320 1658 χρῄζετε
3355 1585 3594 1640 τούτων·
3628 1586 3769 1657 πλὴν
3814 1589 4029 1658 ζητεῖτε

2427 1674 2528 1747 τὴν
2571 1674 2859 1746 βασιλείαν
2890 1675 2987 1733 τοῦ
3020 1677 3183 1745 Θεοῦ,
3229 1678 3328 1735 καὶ
3362 1680 3539 1734 ταῦτα
3566 1683 3748 1735 πάντα
3794 1700 4029 1754 προσπε-

737 1740 901 1795 gnum
936 1726 1057 1792 Dei,
1078 1737 1133 1784 et
1160 1733 1274 1787 hac
1300 1736 1481 1788 omnia
1510 1734 1835 1806 adjicientur
1864 1738 2045 1793 vobis.
2073 1756 2095 1791 ι
2131 1738 2195 1793 Ει
2223 1739 2313 1795 hat

740 1816 978 1845 I:l:--.....
1033 1822 1334 1845 -_-__I.-_.
1392 1826 1571 1845 ---μμ
1630 1835 1686 1845 μ.
1748 1844 1769 1845 ρ
1793 1843 1804 1845 _
1825 1843 1834 1845 _
1916 1822 1971 1845 ,1,
2025 1830 2036 1841 ο
2214 1829 2228 1845 ι

2886 1726 3056 1825 svia;
3069 1726 3509 1842 ;6V;Eiv_x9ivwv
3536 1726 3873 1843 61:66u1tta:
3892 1774 4029 1845 πρὸς

737 1816 978 1872 liliorum
1030 1822 1337 1891 exemplum
1392 1826 1599 1893 posuit,
1630 1835 1691 1885 ut
1746 1843 1845 1885 nos
1896 1822 2071 1901 magis
2123 1829 2313 1901 pudore

737 1904 1063 1936 ...η’...υιιιηιι
1108 1908 1163 1936 c:
1199 1912 1337 1936 -_:__
1378 1914 1489 1936 1-..-
1524 1915 1597 1936 -2-
1635 1918 1794 1936 -ηδ,
1848 1919 1915 1936 η-
1949 1934 1986 1936 ,_
2081 1929 2094 1936 -
2197 1935 2204 1936 ,

2798 1816 3169 1933 ἠμαξᾟλιιον
3195 1816 3397 1934 ἐθηκὲν
3413 1880 3427 1895 ο
3449 1865 3499 1917 si
3522 1865 3635 1936 1&9
3653 1816 4027 1930 ταὲξῖ

733 1904 1087 1966 suﬂ'underet.
1108 1908 1163 1966 Si
1195 1912 1339 1967 enim
1377 1914 1491 1969 hac
1520 1915 1600 1970 sic
1634 1918 1799 1974 vestit
1847 1919 2010 1985 Deus,
2039 1929 2100 1975 ut
2145 1935 2324 1991 neque

733 1996 986 2054 Salomon
1021 2001 1074 2055 in
1105 2003 1357 2060 omnibus
1392 2006 1604 2062 deliciis
1642 2008 1757 2064 suis
1790 2010 1961 2078 possit
2010 2011 2091 2068 sic
2136 2012 2324 2069 vestiri

734 2100 793 2145 ut
824 2088 988 2146 unum
1030 2106 1099 2148 ex
1140 2096 1285 2163 istis,
1312 2112 1542 2168 quorum
1577 2099 1721 2156 nulla
1752 2101 1971 2172 quidem
2010 2112 2091 2159 est
2139 2120 2327 2163 neces-

733 2183 868 2237 sitas
900 2183 1363 2255 pulchritudinis;
1393 2202 1603 2259 quanto
1647 2191 1822 2262 magis
1876 2206 1998 2261 nos,
2027 2194 2328 2251 honorabi-

734 2270 814 2326 les
850 2287 963 2342 pra:
992 2276 1205 2331 ceteris
1243 2288 1545 2346 creaturas,
1576 2282 1804 2350 vestiet,
1856 2285 2165 2354 presertim
2204 2300 2327 2341 cum

734 2366 1033 2423 necessitas
1061 2370 1306 2440 corporis
1339 2370 1714 2429 indumentum
1739 2376 2015 2444 postulet?
2038 2375 2179 2446 Quid
2225 2378 2327 2451 igi-

734 2466 841 2524 tur,
880 2456 1027 2514 dicet
1076 2462 1367 2532 quispiam,
1394 2463 1555 2533 jubcs
1582 2478 1641 2522 ut
1671 2481 1779 2523 non
1821 2468 2069 2527 colamus
2110 2472 2321 2542 agros?

731 2547 849 2607 Non
872 2550 1028 2623 dixit,
1055 2553 1131 2609 Ne
1164 2556 1357 2612 colatis
1400 2572 1563 2627 agros
1592 2577 1605 2614 :
1635 2560 1758 2627 sed,
1792 2559 1873 2618 Ne
1930 2561 2147 2619 solliciti
2182 2564 2323 2622 sitis.

732 2642 946 2699 Etenim
1000 2644 1108 2702 non
1155 2648 1419 2717 preltibeo
1450 2666 1518 2707 ne
1549 2650 1787 2719 labores,
1814 2654 1908 2711 sed
1955 2671 2023 2711 ne
2061 2656 2326 2714 sollicitus

733 2736 830 2800 sis,
870 2736 1301 2794 interdicozboc
1328 2748 1433 2805 est,
1471 2755 1539 2796 ne
1587 2756 1737 2811 spent
1792 2746 2056 2812 ponasin
2104 2755 2154 2802 te
2186 2748 2323 2816 ipso.

734 2828 826 2884 Sic
864 2831 955 2900 qui
983 2831 1214 2899 laborat,
1232 2840 1287 2888 et
1311 2848 1463 2904 spem
1490 2836 1651 2889 habet
1678 2835 1733 2890 in
1762 2835 1893 2902 Deo,
1921 2838 1970 2895 is
2013 2840 2146 2895 citra
2174 2841 2326 2897 solli-

731 2920 1027 2976 citudinem
1070 2922 1395 2990 vivit.‘Quod
1427 2926 1571 2981 enim
1601 2926 2022 2985 sollicitudinem
2056 2938 2113 2985 ut
2144 2946 2173 2985 a
2206 2932 2317 2988 Deo

731 3010 1091 3067 nlnlucenlem
1126 3023 1355 3079 resecet,
1380 3008 1726 3075 manifestum
1755 3027 1863 3074 est.
1885 3017 2122 3076 Proinde
2146 3022 2278 3078 dicit
2307 3040 2320 3076 :

735 3097 818 3155 Ne
870 3102 1129 3171 quaeratis
1166 3104 1298 3170 quid
1357 3106 1680 3171 cumedatis,
1706 3109 1792 3165 vel
1842 3110 1973 3179 quid
2022 3109 2247 3179 bibatis,
2270 3122 2325 3167 et

2430 1953 2793 2024 ἀμφιέννυσιν
2818 1955 2847 2008 6
2874 1955 3030 2023 Θεὸς,
3080 1956 3159 2022 ὡς
3207 1956 3345 2029 μηδὲ
3387 1955 3488 2027 τὴν
3532 1954 3630 2010 τοῦ
3674 1957 4027 2030 Σολομῶντος

2427 2047 2586 2113 δόξαν
2619 2050 2839 2121 ἰσχύσαι
2876 2050 3269 2123 περισαλέσθαι
3300 2051 3434 2106 ποτέ
3456 2051 3533 2117 ὡς
3563 2050 3624 2105 ἐν
3658 2051 3894 2115 τούτων,
3932 2055 4028 2107 καὶ

2430 2141 2609 2198 ταῦτα
2638 2142 2735 2197 τοῦ
2766 2142 3000 2209 κάλλους
3024 2143 3137 2199 τῶν
3176 2144 3384 2219 κρίνων
3419 2144 3497 2218 μὴ
3522 2145 3827 2215 ἀναγκαίου
3850 2144 4024 2210 ὂντος,

2432 2237 2589 2310 πόσῳ
2607 2236 2813 2309 μᾶλλον
2831 2239 2997 2310 ἡμᾶς,
3033 2239 3094 2293 τὸ
3120 2239 3305 2310 τίμιον
3324 2239 3578 2311 πλάσμα,
3606 2239 3709 2294 οὐκ
3734 2239 4023 2312 ἀμφιέσει,

2431 2332 2525 2385 καὶ
2571 2333 2745 2395 ταῦτα
2789 2332 3096 2401 ἀναγκαίου
3130 2331 3284 2397 ὕντος
3331 2334 3412 2405 τῷ
3455 2333 3671 2403 σώματι
3723 2332 3887 2404 ἡμῶν
3930 2330 4024 2386 τοῦ

2429 2424 2764 2493 ἐνδύματος;
2797 2425 2864 2480 Τί
2887 2421 3018 2491 οῦν,
3052 2425 3209 2498 φησι,
3244 2425 3492 2493 κελεύεις
3540 2428 3692 2499 ἡμᾶς
3728 2425 3806 2498 μὴ
3847 2444 4025 2497 γεωρ-

2428 2520 2546 2587 γεῖν
2569 2533 2584 2581 ;
2614 2518 2731 2571 Οὐκ
2759 2512 2902 2572 εἷπε·
2922 2517 3017 2587 Μὴ
3045 2521 3368 2591 γεωργεῐτε,
3390 2518 3552 2585 ἀλλὰ,
3569 2516 3665 2592 Μὴ
3685 2521 4020 2591 μεριμνᾶτε.

2440 2609 2804 2684 Ἐργάζεσθαι
2847 2610 2949 2681 μέν
2979 2611 3089 2684 1&9
3111 2613 3173 2667 οὐ
3205 2612 3423 2680 κωλύω,
3455 2616 3732 2687 μεριμνᾳν
3768 2615 3849 2679 δέ,
3885 2616 4023 2688 ὅπερ

2428 2702 2545 2757 ἔστι
2580 2700 2682 2775 τὴν
2710 2702 2903 2757 ἐλπίδα
2935 2703 3081 2774 ἐχειν
3115 2706 3173 2758 ἐν
3198 2704 3435 2771 ἐαυτοῐς,
3465 2706 3626 2762 τοῦτο
3661 2701 4024 2779 ἀπαγορεύω.

2440 2796 2530 2861 Ὠς
2560 2798 2654 2865 61s
2680 2796 3052 2868 ἐργαζόμενος
3074 2795 3193 2868 μὶν,
3225 2796 3467 2863 ἐλπίζων
3486 2798 3542 2853 δέ
3566 2802 3646 2865 είς
3671 2799 3830 2861 Θεὸν.
3852 2801 4027 2866 οὕτως

2428 2890 2752 2961 ἀμερίμνως
2795 2890 3000 2959 διάγει.
3038 2891 3160 2945 Ὀτι
3188 2891 3299 2961 1&9
3330 2891 3431 2965 τὴν
3491 2893 3773 2966 μίριμναν
3812 2893 3892 2962 ὥς
3924 2896 4029 2951 ἀπ-

2426 2982 2667 3051 άγουσαν
2692 2981 2830 3036 Θεοῦ
2860 2984 3146 3051 ἐκκόπτει,
3164 2982 3346 3056 δῆλον.
3379 2986 3519 3057 Φησὶ
3539 2987 3677 3060 γάρ’
3696 2988 3789 3061 Μὴ
3813 2987 4029 3061 ζητεῖτε

2424 3074 2477 3127 τί
2505 3074 2745 3146 φάγητε,
2773 3072 2882 3145 ἢτί
2903 3074 3088 3149 πίητε,
3125 3078 3218 3131 καὶ
3248 3076 3326 3152 μὴ
3354 3068 3779 3149 μετεωρίζεσθε.
3803 3081 4031 3136 Μετεω-

730 3166 901 3250 nolite
928 3195 979 3248 in
1010 3166 1241 3252 sublime
1268 3197 1403 3253 tolli.
1430 3198 1484 3252 lu
1518 3199 1751 3257 sublime
1782 3166 1891 3256 tolii
1923 3218 2149 3271 prorsus
2181 3206 2313 3261 nihil

2431 3166 2628 3239 ρισμδν
2662 3166 2773 3238 γὰρ
2825 3168 3045 3234 πάντως
3095 3170 3252 3225 οὐδὲν
3292 3170 3424 3226 ἀλλο
3474 3171 3647 3242 λέγει,
3680 3172 3717 3246 ἢ
3742 3173 3840 3229 τὶν
3872 3191 4030 3248 mpr-

734 3286 877 3340 a!iud
903 3286 1032 3342 dicit
1062 3304 1223 3357 quam
1253 3289 1691 3358 distractionem,
1713 3305 1767 3348 et
1791 3280 1993 3351 mentis
2020 3297 2324 3354 instabich

732 3378 1060 3444 versionem,
1088 3374 1231 3435 nunc
1256 3382 1375 3446 hoc,
1399 3398 1544 3439 nunc
1570 3384 1699 3440 illud
1728 3387 2021 3455 cogitantis
2046 3401 2099 3444 et
2125 3391 2192 3444 ab
2222 3391 2324 3446 hoc

731 3468 786 3520 in
849 3468 974 3522 illud
1033 3470 1301 3537 salientis,
1342 3480 1397 3527 ct
1449 3487 1669 3543 semper
1723 3475 2014 3531 sublimius
2066 3477 2321 3547 quiddam

731 3558 1078 3627 imaginantis
1108 3574 1314 3619 secum.
1360 3564 1555 3619 Annon
1591 3564 1757 3622 fuerit
1784 3566 1840 3625 in
1888 3567 2119 3624 sublime
2163 3568 2325 3624 tolli!

730 3649 879 3707 lianc
924 3652 1086 3723 igitur
1130 3655 1573 3723 sollicitudinem,
1627 3658 1731 3713 hoc
1764 3669 1848 3713 est
1876 3660 1949 3715 ita
1999 3662 2050 3715 in
2091 3661 2322 3718 sublimo

729 3744 862 3807 tolli,
882 3746 1006 3815 quia
1041 3760 1068 3799 a
1098 3744 1208 3801 Deo
1240 3747 1489 3819 abducit,
1517 3749 1778 3817 prohibet
1816 3749 2104 3818 Dominus,
2132 3751 2322 3809 dicens

726 3836 845 3893 hcc
888 3839 1071 3892 omnia
1103 3851 1294 3908 gentes
1324 3841 1626 3912 inquirere.
1657 3840 1980 3901 Sollicitudo
2009 3844 2158 3902 enim
2209 3860 2317 3902 non

726 3930 856 3983 solis
884 3930 1212 3985 necessariis
1242 3941 1498 3987 contenta
1528 3941 1635 3999 est,
1696 3935 1814 4001 sed,
1844 3943 1903 3990 ut
1928 3936 2064 4000 disi,
2101 3949 2319 4007 semper

2434 3261 2709 3331 σπασμὸν,
2740 3262 2837 3316 καὶ
2865 3262 2961 3317 τοῦ
2994 3264 3257 3337 λογισμοῦ
3283 3267 3384 3340 τὴν
3420 3267 3661 3324 ἀστατον
3691 3270 4026 3342 περιφορὰν,

2429 3352 2620 3407 ἄλλοτε
2651 3353 2782 3408 ἄλλο
2806 3354 3241 3428 ἐνθυμουμένου,
3272 3358 3367 3413 καὶ
3390 3357 3501 3414 ἀπὸ
3530 3359 3727 3414 τούτου
3744 3360 4029 3432 πηδῶντος

2428 3447 2515 3501 ἐπ’
2560 3450 2759 3515 ἐκεῖνο,
2811 3452 2903 3504 καὶ
2958 3451 3045 3506 ἀεὶ
3089 3451 3160 3506 τά
3206 3449 3522 3525 ὑψηλότερα
3569 3454 4026 3526 φανταζομένουο

2426 3541 2550 3612 οὐχὶ
2574 3543 2733 3598 τοῦτό
2760 3543 2912 3599 ἐστιν
2938 3546 2967 3598 6
2994 3548 3409 3619 μετεωρισμός;
3459 3546 3548 3613 Ὠς
3568 3543 3664 3602 οῦν
3694 3549 4028 3618 ἀπάγουσαν

2428 3636 2577 3706 ἡμᾶς
2631 3636 2727 3689 τοῦ
2780 3636 2919 3691 Θεοῦ
2967 3638 3068 3710 τὴν
3113 3639 3377 3705 τοιαύτην
3423 3641 3718 3714 μέριμναν,
3760 3636 3899 3714 ἧτοῗ
3935 3644 4029 3698 τὸν

2429 3729 2812 3799 μετεωρισμδν
2838 3768 2853 3794 ,
2912 3731 3251 3802 ἀπαγορεύει
3293 3732 3322 3785 6
3352 3732 3561 3803 Κύριος
3583 3771 3600 3797 ,
3663 3732 3875 3800 εἰπὼν,
3944 3736 4026 3789 ὅτι

2426 3820 2611 3874 Ταῦτα
2667 3820 2849 3876 πάντα
2878 3822 2947 3877 τὰ
2992 3823 3121 3895 εθνη
3153 3824 3425 3897 ἐπιζητεῖ.
3458 3827 3536 3880 06
3565 3826 3674 3899 1&9
3722 3828 3887 3899 μέχρι
3914 3828 4026 3882 τῶν

2424 3915 2742 3985 ἀναγκαίων
2771 3917 2805 3988 ἡ
2836 3919 3079 3990 μέριμνα
3126 3919 3367 3990 ἵσταται,
3406 3920 3524 3975 ἀλλ’
3554 3921 3694 3994 ὅπερ
3731 3916 3913 3987 εἷπον,
3939 3924 4026 3977 ἀεὶ

722 4020 886 4078 altius
909 4031 964 4077 et
996 4020 1172 4092 majus
1221 4024 1349 4093 quid
1404 4026 1659 4096 requirit,
1689 4034 1743 4081 et
1775 4040 2066 4098 propterea
2102 4028 2311 4085 dicitur

2423 4008 2491 4063 τά
2536 4008 2851 4081 ὑψηλότερα
2886 4010 3075 4083 ζητεῖ·
3103 4012 3185 4066 διδ
3212 4014 3307 4067 καὶ
3340 4014 3729 4086 μετεωρισμὸς
3776 4016 4023 4085 λέγεται,

726 4114 1105 4185 μετεωρισμὸς
1138 4115 1302 4172 elatio
1335 4118 1387 4172 in
1422 4118 1675 4175 sublime.
1703 4096 1789 4177 Et
1806 4131 1864 4176 ut
1880 4096 2098 4192 aliquid
2130 4136 2313 4177 exem-

2423 4096 2534 4157 οἷόν
2555 4102 2609 4155 τί
2642 4118 2818 4174 φημιο
2853 4104 2967 4160 Οὐκ
3000 4104 3199 4177 εχομεν
3236 4107 3422 4179 ἄρτον,
3461 4108 3825 4181 μεριμνῶμεν
3856 4112 4025 4166 πόθεν

723 4207 798 4276 pii
858 4210 1031 4276 gratia
1084 4210 1297 4265 dicam:
1337 4227 1447 4267 non
1499 4212 1767 4269 habemus
1818 4228 2037 4284 panem,
2094 4212 2313 4270 solliciti

2423 4195 2656 4267 ἐξωμεν,
2692 4198 2788 4253 καὶ
2832 4198 2935 4253 οὐκ
2967 4200 3095 4271 ἄχρι
3146 4200 3341 4255 τούτου
3389 4202 3686 4274 ἱστάμεθα,
3738 4205 3879 4260 ἀλλά
3928 4207 4024 4259 καὶ

723 4314 915 4355 sumus
945 4301 1090 4355 unde
1122 4302 1419 4359 habeamus
1445 4306 1541 4359 :‘et
1570 4319 1676 4359 non
1710 4305 1766 4359 in
1803 4310 1908 4360 hoc
1934 4306 2309 4371 subsistimus,

2423 4292 2603 4346 ὁποῖον
2632 4292 2800 4363 στέαρ
2834 4292 3044 4365 πυροῦ’
3078 4288 3202 4349 εἷτα
3235 4295 3332 4349 καὶ
3364 4290 3532 4361 οῐνον,
3568 4299 3666 4351 καὶ
3696 4298 3892 4355 τοῦτον
3928 4303 4024 4355 ἀν·

721 4394 817 4449 sed
849 4403 903 4448 et
933 4400 992 4448 ut
1022 4393 1233 4464 adipem
1267 4395 1551 4459 frumenti,
1579 4396 1777 4452 deinde
1810 4405 1865 4453 et
1898 4399 2108 4465 vinum,
2137 4400 2303 4469 idque

2423 4386 2674 4465 Θοσμίαν,
2714 4387 2809 4441 καὶ
2842 4388 2975 4457 ὕψον
3022 4388 3163 4461 πρὸς
3198 4388 3435 4455 τούτοις.
3482 4391 3595 4445 Kal.
3639 4392 3801 4447 τοῦτο
3851 4396 4020 4451 ἀττα-

717 4486 1241 4556 fragrantissimum,
1263 4497 1319 4542 et
1350 4489 1417 4543 ad
1457 4489 1574 4544 haec
1603 4504 1756 4546 assas
1780 4506 2003 4557 carnes,
2035 4502 2090 4547 et
2118 4493 2185 4549 ad
2216 4495 2313 4549 has

2423 4480 2585 4550 Υῆνος
2634 4481 2668 4551 ἢ
2722 4480 3005 4550 φασιανοῧζ
3077 4482 3243 4555 Ὁρᾷς
3291 4482 3393 4555 τὴν
3449 4484 3751 4556 μέριμναν,
3802 4490 4021 4542 καὶτὸν

719 4581 990 4649 attagines
1050 4588 1104 4635 et
1156 4582 1479 4651 phasianos.
1539 4581 1705 4637 Vides
1755 4584 2205 4653 sollicitudinem,
2263 4594 2317 4643 et

720 4673 773 4727 in
813 4674 1043 4726 sublime
1080 4688 1145 4727 ac
1193 4673 1422 4742 amplius
1458 4673 1827 4730 extollentiam
1854 4692 2015 4745 quam
2048 4678 2181 4734 dicit
2211 4696 2310 4747 με·

717 4763 1058 4833 τεωρισμόνῖ
1082 4762 1379 4834 Eapropter
1401 4764 1658 4820 Dominus
1685 4762 1929 4835 amputat
1950 4767 2064 4825 haec
2080 4771 2261 4825 omnia
2280 4776 2307 4829 ':

718 4856 947 4928 gentiles
981 4857 1128 4913 enim
1160 4858 1274 4912 haec
1304 4868 1577 4928 quaerunt.
1605 4857 1837 4930 Insuper
1872 4851 1926 4916 et
1956 4859 2120 4917 aliam
2152 4862 2310 4919 aifert

716 4950 986 5005 rationem
1014 4968 1027 5003 :
1055 4951 1181 5020 quia
1217 4949 1379 5005 Pater
1406 4960 1595 5005 noster
1621 4951 1728 5007 scit
1774 4954 1899 5021 quia
1930 4952 2016 5007 his
2045 4969 2180 5023 opus
2211 4954 2312 5009 ba-

717 5040 876 5108 betis,
907 5043 1017 5099 imo
1058 5059 1164 5099 non
1216 5059 1378 5097 uuam
1436 5046 1725 5113 rationem,
1758 5048 1852 5102 sed
1901 5048 2127 5104 multas.
2150 5048 2313 5106 Pater

718 5145 825 5201 est,
854 5136 1052 5206 inquit,
1076 5148 1129 5191 et
1161 5140 1205 5191 si
1238 5136 1426 5202 Pater,
1454 5141 1728 5208 quomodo
1756 5156 1861 5197 non
1897 5142 2087 5197 dabit?
2120 5140 2226 5198 Sed
2257 5151 2311 5198 et

620 5234 623 5235 '
716 5227 841 5291 scit,
874 5242 974 5280 nec
1002 5227 1145 5280 enim
1183 5226 1399 5293 ignorat
1428 5245 1440 5279 :
1475 5228 1567 5283 sed
1609 5242 1663 5286 et
1694 5247 1789 5288 vos
1813 5243 1951 5303 Opus
1978 5234 2191 5289 habetis
2213 5236 2312 5307 (ιι),

716 5332 820 5373 nec
883 5320 1028 5373 enim
1090 5320 1360 5390 superﬂua
1416 5331 1564 5387 sunt,
1612 5325 1704 5379 sed
1760 5323 1916 5380 vobis
1972 5328 2309 5386 necessaria.

716 5409 886 5480 igitur
924 5428 1047 5467 cum
1084 5423 1138 5467 et
1165 5414 1284 5484 ipse
1312 5414 1381 5469 sit
1418 5415 1604 5484 Pater,
1634 5426 1689 5476 et
1724 5435 1818 5476 vos
1863 5435 2001 5490 opus
2039 5421 2310 5489 habeatis,

714 5510 771 5555 et
824 5505 959 5561 sciat
994 5507 1106 5571 ille,
1146 5510 1422 5578 quomodo
1458 5526 1565 5567 non
1599 5512 1829 5569 daturus
1864 5517 2046 5571 esset?
2074 5512 2314 5585 Quierite

713 5593 880 5663 igitur
913 5612 1133 5668 regnum
1169 5598 1262 5656 Dei
1291 5608 1419 5655 ante
1456 5604 1658 5673 omnia,
1708 5606 1876 5679 374
1932 5616 1987 5663 et
2034 5617 2312 5679 tempora-

2422 4576 2843 4647 μετεωρισμόν;
2872 4576 3164 4631 Διά-τοῦτο
3188 4579 3217 4631 6
3253 4578 3459 4651 Κύριος
3491 4582 3775 4647 παντελῶς
3810 4584 4019 4655 ταύτην

2412 4670 2741 4724 ἀποκόπτει’
2773 4670 2821 4723 oi
2853 4671 3060 4725 ἐθνικοὶ
3090 4672 3201 4743 γάρ
3232 4672 3408 4727 ταῦτα
3446 4672 3726 4745 ζητοῦσιν.
3758 4674 3898 4733 Εἶτα
3926 4682 4020 4735 καὶ

2408 4764 2601 4836 ἕτερον
2626 4766 2821 4833 ἐπάγει
2850 4764 3135 4836 λογισμὸν,
3168 4767 3250 4819 ὅτι
3276 4766 3305 4819 6
3343 4766 3538 4839 Πατὴρ
3568 4768 3731 4839 ἡμῶν
3761 4766 3908 4827 οῐδεν
3937 4775 4019 4828 ὃτι

2410 4859 2671 4931 χρῄζετε,
2705 4858 2803 4913 καὶ¹
2847 4860 2947 4930 οὐχ
2995 4857 3094 4913 ἕνα
3131 4858 3416 4929 λογισμὸν,
3453 4861 3593 4915 ἀλλά
3638 4864 3737 4919 καὶ
3770 4866 4017 4931 πλείους.

2420 4953 2614 5025 Πατὴρ
2640 4955 2747 5025 γάρ
2783 4956 2921 5020 ἐστι,
2954 4954 3112 5025 φησὶ,
3137 4954 3232 5008 καὶ
3262 4955 3311 5007 εί
3336 4955 3554 5028 Πατὴρ,
3583 4957 3701 5023 πῶς
3730 4960 3793 5013 οὑ
3819 4960 4015 5027 δώσει,

2433 5050 2595 5104 Ἀλλά
2630 5054 2723 5104 καὶ
2755 5045 2888 5116 οἶδε,
2924 5050 2998 5122 μὴ
3046 5050 3157 5124 γὰρ
3190 5051 3399 5121 ἀγνοεῖ,
3437 5053 3578 5108 ἀλλά
3614 5056 3708 5110 καὶ
3757 5058 4013 5129 χρῄζετε,

2422 5143 2500 5212 μὴ
2531 5142 2639 5212 γάρ
2686 5142 2921 5213 περιττά
2968 5143 3149 5207 ἐστιν,
3187 5142 3327 5196 ἀλλά
3378 5144 3640 5216 χρειώδη.
3689 5147 3751 5200 Ei
3793 5144 3893 5202 οὖν
3924 5150 4019 5204 καὶ

2412 5236 2630 5305 Πατὴρ,
2670 5236 2765 5289 καὶ
2803 5236 2961 5305 ὑμεῖς
3010 5236 3272 5309 χρῄζετε,
3307 5238 3404 5292 καὶ
3448 5234 3589 5293 οἶδεν
3631 5240 3866 5307 ἐκεῖνος,
3902 5245 4018 5307 πῶς

2411 5329 2474 5382 οὐ
2506 5330 2702 5395 δὼσει;
2731 5330 2954 5399 Ζητείτε
2986 5325 3080 5384 οὖν
3124 5329 3224 5400 τὴν
3256 5330 3541 5402 βασιλείαν
3585 5334 3683 5388 τοῦ
3715 5334 3856 5389 Θεοῦ
3886 5354 4019 5407 προ-

2411 5425 2758 5496 ηγουμένως,
2784 5427 2879 5479 καὶ
2907 5426 3009 5499 τὴν
3044 5427 3175 5499 περὶ
3203 5426 3274 5480 τὰ
3308 5426 3542 5496 βιωτικά
3567 5431 3849 5501 μέριμναν
3873 5434 4010 5486 ἀπο-

2413 5516 2743 5587 ποιήσασθε,
2778 5518 2854 5579 ὠς
2882 5518 3267 5572 ἐκκύπτουσαν
3311 5520 3462 5589 ἡμᾶς
3492 5520 3602 5574 ἀπὺ
3650 5520 3870 5576 τούτου.
3906 5524 4013 5577 Καὶ

2412 5610 2533 5664 τότε
2558 5610 2735 5665 ταῦτα
2766 5611 2948 5667 πάντα
2976 5612 3413 5685 προστεθήσεται
3444 5614 3597 5686 ὑμῖν.
3643 5616 3816 5691 Ὀρςς
3839 5616 4008 5683 Θεόνς

792 5782 869 5852 (e)
897 5782 1033 5838 Edil.
1066 5786 1186 5841 Lul.
1217 5788 1323 5845 Sed
1346 5800 1396 5846 et
1436 5796 1534 5847 scit
1574 5809 1591 5847 :
1625 5797 1884 5866 quomodo
1912 5798 2052 5851 cm'm
2083 5798 2355 5867 ignoraret
2379 5801 2403 5854 .’
2423 5800 2524 5857 Sed
2555 5812 2604 5854 ει
2631 5801 2769 5870 quod
2805 5820 2932 5871 opus
2960 5804 3183 5860 habetis.
