4256 6432
239 413 354 484 893

959 403 1412 469 ENARRATIO
1447 403 1528 465 IN
1567 403 2092 470 EVANGELIUM
2129 408 2368 473 LUC/ﬁ.
2395 433 2465 447 ··-
2487 410 2652 472 CAP.
2694 372 2840 474 XII.

3436 437 3448 450 ·
3479 403 3596 480 ’894

235 531 294 585 εἰ
319 526 507 599 ζητεῖς
536 526 607 583 τὰ
635 524 834 599 μικρὰ,
879 523 980 578 οὐκ
1011 523 1246 595 ἀρεστὸν
1277 522 1428 594 αὐτῷ
1467 524 1668 588 ποιεῖς’
1711 540 1849 578 κατ-

1958 525 2101 586 lium
2149 525 2581 584 sollicitudinem
2618 526 2868 596 abjicite,
2910 542 3032 597 qum
3086 527 3157 582 ab
3207 525 3301 581 illo
3347 525 3596 588 abducit,

236 618 526 688 αισιζύνεις
561 617 676 688 γὰρ
699 617 760 669 τὸ
793 613 964 669 αὑτοῦ
998 612 1406 686 μεγαλόδωρον.
1445 613 1507 668 El
1537 611 1730 684 ζητεῖς
1783 614 1856 668 τὰ

191 773 198 780 ς
243 712 484 784 μεγάλα,
535 708 726 764 ἐκεῖνά
767 725 828 762 τε
877 706 1050 778 λήψῃ,
1097 707 1192 759 καί
1251 705 1394 777 πρός
1420 722 1485 775 γε
1532 703 1859 778 προσθήκην

236 805 385 874 ιξεις
415 802 599 859 καὶτὰ
632 803 831 874 μικράο
858 802 907 856 εί
934 801 1045 872 γὰρ
1071 799 1175 854 ἴδοι
1201 817 1262 853 σε
1292 799 1700 870 ἀσχολούμενον
1723 801 1857 872 περὶ

233 900 340 973 τὴν
366 895 645 971 βασιλείαν
693 893 885 962 αὑτοῦ,
936 895 1243 963 ἀναγκαῖον
1291 893 1541 960 πάντως,
1571 894 1655 948 ὅτι
1710 911 1848 966 προ-

238 989 502 1062 νοήσεταί
531 1005 626 1042 σου
654 989 713 1041 δν
743 989 859 1050 τοῖς
888 988 1023 1050 σοῖς.
1058 986 1130 1039 Ἢ
1163 986 1289 1057 οὐχὶ
1316 985 1414 1039 καὶ
1439 987 1608 1057 ἡμεῖς
1639 987 1699 1039 ὲν
1730 987 1850 1050 ταῖς

234 1083 470 1146 οἰκείαις
493 1079 641 1137 οὕτω
671 1078 959 1150 ποιοῦμεν,
985 1077 1188 1149 μᾶλλον
1203 1078 1434 1132 ἐκείνων
1465 1077 1854 1150 φροντίζοντες

234 1174 350 1230 τῶν
381 1173 541 1237 ὅλους
571 1171 808 1235 ἑαυτοὺς
835 1170 1256 1225 ἐπιδεδωκότων
1285 1172 1354 1242 τῇ
1385 1171 1639 1243 ἡμετέρᾳ
1687 1169 1854 1242 θερα-

232 1264 391 1338 πείᾳ,
414 1265 512 1319 καὶ
526 1263 738 1319 τούτων
766 1261 1189 1334 προνοούμενοι,
1213 1262 1292 1326 ὡς
1319 1261 1396 1336 μὴ
1426 1263 1854 1335 προνοουμένων

231 1359 462 1427 αὐτῶνς
492 1357 557 1412 οὐ
589 1355 774 1428 πολλῷ
815 1353 912 1410 οὖν
951 1353 1157 1427 μᾶλλον
1189 1355 1218 1409 6
1248 1353 1500 1427 Κύριος;
1557 1356 1853 1411 Ἐκκόπτει

229 1452 419 1507 τοίνυν
447 1451 549 1524 τὴν
585 1452 720 1522 περὶ
750 1449 863 1505 τῶν
929 1436 1211 1522 βιωτικῶν
1261 1449 1537 1522 μέριμναν
1563 1450 1593 1504 6
1619 1449 1848 1524 Κύριος,

229 1547 324 1601 ἵνα
349 1546 515 1619 πείσῃ
549 1545 698 1617 ῄμᾶς
732 1543 921 1616 ζητεῖν
949 1543 1054 1611 τὴν
1109 1542 1394 1614 βασιλείαν
1431 1544 1602 1599 αὐτοῦ
1628 1561 1645 1576 ο
1688 1561 1852 1618 μεριο

233 1639 414 1712 μνῶσι
444 1640 554 1711 γὰρ
579 1636 741 1692 τοῦτο
782 1637 885 1693 οὐκ
935 1635 1173 1692 ἔνεστιν.
1211 1637 1306 1708 Μὴ
1331 1637 1527 1708 φοϐοῦ,
1555 1637 1618 1692 τὸ
1647 1636 1850 1711 μικρὸν

118 1726 124 1730 ’
229 1735 510 1806 ποίμνιον,
536 1735 621 1788 ὄτι
660 1733 961 1807 εὐδόκησεν
986 1733 1016 1789 6
1044 1733 1240 1807 Πατὴρ
1269 1732 1428 1806 ὑμῶν
1479 1733 1669 1788 δοῦναι
1715 1734 1848 1806 ύμῖν

225 1830 332 1904 τὴν
361 1827 669 1901 βασιλείαν.

305 2027 327 2064 ι
363 2007 668 2082 Πωλήσατε
696 2009 765 2063 τὰ
811 2007 1137 2081 ὑπάρχοντα
1175 2010 1360 2081 ὑμῶν,
1403 2012 1500 2068 καὶ
1530 2012 1652 2068 δότε
1687 2011 1847 2086 ἐλεη-

232 2101 515 2177 μοσύνην·
571 2102 842 2174 ποιήσατε
887 2102 1108 2168 ἑαυτοῖς
1161 2103 1428 2175 βαλάντια
1462 2109 1540 2180 μὴ
1573 2106 1848 2162 παλαιούς

227 2214 390 2271 μινα,
433 2195 713 2270 θησαυρὸν
738 2197 1103 2253 ἀνέκλειπτον
1135 2199 1194 2253 ὲν
1217 2202 1331 2265 τοῖς
1381 2204 1662 2274 οὐρανοῖς,
1707 2203 1848 2258 ὅπου

224 2291 476 2364 κλέπτης
534 2293 638 2347 οὐκ
687 2290 924 2361 δγγίζει,
974 2293 1101 2347 οὐδὲ
1155 2295 1257 2366 σὴς
1286 2295 1598 2368 διαφθείρει
1632 2314 1647 2327 ·
1709 2296 1849 2351 ὅπου

223 2384 340 2456 γάρ
377 2385 532 2438 ἑστιν
551 2385 580 2439 ό
603 2382 892 2456 θησαυρὸς
912 2385 1092 2458 ὑμῶν,
1118 2386 1239 2440 ἑκεῖ
1265 2388 1362 2442 καὶ
1387 2390 1421 2460 ἡ
1453 2387 1662 2462 καρδία
1686 2389 1847 2460 ὑμῶν

222 2476 405 2533 ἔσται.
451 2496 472 2531 ι
505 2477 725 2550 Μικρὸν
758 2477 1014 2549 ποίμνιον
1043 2478 1309 2550 ὀνομάζει
1355 2481 1485 2546 τοὺς
1540 2481 1694 2554 αὐτῷ
1739 2499 1850 2554 μα-

179 2589 184 2592 ·
227 2569 491 2642 θητεύειν
542 2570 805 2635 θέλοντας
845 2571 874 2625 6
905 2571 1138 2645 Κύριος,
1168 2572 1202 2645 ἢ
1230 2573 1368 2628 διότι
1418 2576 1480 2629 ὲν
1527 2573 1606 2646 τῷ
1653 2575 1852 2649 κόσμῳ

224 2661 409 2734 τούτῳ
438 2662 489 2716 οί
517 2661 668 2732 ᾶγιοι
702 2663 894 2735 μικροὶ
928 2654 1026 2718 καὶ
1057 2660 1336 2737 ἐλάχιστοι
1362 2664 1453 2720 διὰ
1472 2665 1576 2740 τὴν
1600 2667 1853 2722 ἑκούσιον

223 2755 623 2828 ἁκτημοσύνην
672 2757 769 2810 καὶ
794 2757 940 2829 (lqu
951 2757 1293 2829 ματοσύνην,
1322 2759 1354 2831 ἢ
1379 2758 1472 2814 διὰ
1497 2760 1560 2814 τδ
1581 2759 1853 2831 ἡττᾶσθαι

223 2847 327 2918 τῆς
382 2846 493 2902 τῶν
541 2848 795 2919 ἀγγέλων
846 2849 1094 2923 πληθύος
1147 2842 1472 2923 ἀμετρήτου
1524 2850 1717 2924 οὔσης,
1760 2853 1854 2908 καὶ

224 2943 613 3015 ἀσυγκρείτως
650 2943 1042 3016 ὑπερεχούσης
1083 2944 1161 2999 τὰ
1190 2943 1317 3000 καθ’
1370 2946 1552 3016 ἡμᾶς’
1604 2947 1692 3002 ὅτι
1740 2949 1853 3021 γὰρ

225 3037 454 3102 πλείους
492 3039 544 3091 οί
587 3037 836 3108 ἄγγελοι,
893 3037 1057 3110 δῆλον
1096 3031 1174 3092 ὶκ
1224 3039 1330 3111 τῆς
1387 3040 1742 3114 παραϐολῆς,
1783 3043 1854 3116 ἢν

226 3125 386 3185 εἶπεν
440 3133 470 3185 6
528 3130 776 3204 Κύριος·
810 3131 896 3185 ὅτι
945 3131 1132 3204 χαίρει
1161 3132 1192 3187 6
1222 3133 1432 3206 ποιμὴν
1497 3136 1597 3192 ἐπὶ
1643 3135 1724 3209 τῷ
1771 3137 1854 3192 ἑνὶ

1965 619 2409 691 adjicienturque
2471 621 2630 678 vobis
2685 629 2818 676 tunc
2869 619 3080 675 omnia.
3131 619 3299 674 Vides
3351 619 3498 688 quod
3547 616 3596 672 si

1962 728 2129 784 parva
2163 717 2447 784 quaesieris
2469 731 2500 770 a
2536 715 2671 784 Deo,
2703 715 2840 770 nihil
2871 716 2948 771 illi
2984 724 3201 783 gratum
3236 712 3407 769 facias
3435 729 3450 767 :
3477 727 3599 766 tnu-

1959 808 2300 866 niliceutiatn
2357 809 2508 865 enim
2541 810 2663 881 ejus
2696 811 3055 866 dehonestas.
3116 807 3216 864 Sin
3277 805 3601 870 numsiveris

1962 919 2189 976 magna,
2215 913 2272 959 et
2307 903 2399 960 illa
2431 904 2670 974 accipies
2701 917 2757 960 et
2792 920 2917 959 cum
2974 903 3083 958 illis
3127 900 3383 970 accipies
3431 901 3598 955 etiam

1957 1013 2149 1068 parva.
2177 995 2317 1052 Nam
2361 1012 2486 1054 cum
2537 1009 2592 1055 te
2634 999 2841 1054 viderit
2893 1004 3224 1067 occupatum
3263 1008 3434 1065 regno
3472 1007 3596 1058 δυο,

1957 1089 2119 1162 plane
2148 1090 2526 1147 necessarium
2571 1101 2632 1147 ut
2678 1103 2735 1147 et
2773 1093 2872 1147 tibi
2906 1093 2961 1148 in
2994 1093 3162 1147 rebus
3220 1089 3330 1144 luis
3383 1087 3602 1159 prospi-

1961 1183 2094 1240 ciat.
2133 1184 2332 1241 Annon
2365 1195 2421 1242 et
2463 1203 2566 1244 nos
2639 1187 2691 1242 in
2728 1188 2893 1254 rebus
2932 1187 3173 1258 propriis
3212 1187 3296 1242 sic
3333 1183 3591 1252 facimus,

1956 1290 2012 1336 et
2043 1280 2219 1352 magis
2251 1297 2442 1338 curam
2480 1282 2703 1337 illorum
2739 1283 2978 1353 agimus,
3007 1281 3102 1350 qui
3139 1297 3202 1337 se
3233 1291 3378 1336 totos
3427 1279 3594 1336 nobis

1955 1373 2374 1444 manciparunt,
2403 1376 2583 1444 deque
2635 1375 2746 1431 illis
2800 1374 3020 1430 solliciti
3077 1389 3273 1430 sumus
3324 1383 3591 1443 tanquam

1955 1468 2170 1538 seipsos
2201 1467 2306 1539 ipsl
2351 1468 2672 1539 negligant?
2703 1477 2913 1539 quanto
2949 1467 3128 1538 magis
3174 1466 3228 1521 id
3263 1466 3375 1537 agit
3407 1464 3598 1524 Domi-

1959 1561 2106 1616 nus?
2128 1559 2424 1631 Propterea
2483 1560 2751 1616 Dominus
2782 1563 3029 1615 omnium
3081 1549 3468 1627 temporalium
3501 1575 3600 1615 cu-

1953 1664 2083 1707 ram
2110 1651 2388 1721 rejicit,ut
2421 1668 2738 1724 quaeramus
2784 1668 3017 1723 regnum
3065 1651 3204 1719 ejus,
3237 1651 3294 1706 id
3341 1652 3487 1723 quod
3532 1653 3599 1708 de

1953 1744 2351 1815 temporalibus
2393 1745 2612 1801 solliciti
2638 1761 2747 1801 non
2778 1746 3009 1801 faciunt.
3029 1743 3149 1798 Noli
3179 1741 3400 1810 timere,
3423 1745 3600 1814 pusil-

1949 1838 2038 1897 lus
2087 1855 2245 1912 grex,
2278 1841 2408 1912 quia
2451 1829 2842 1911 complacitum
2890 1850 2975 1895 est
3019 1836 3171 1894 Patri
3225 1848 3412 1897 vestro
3453 1839 3591 1895 dare

1958 1933 2113 1989 vobis
2141 1949 2395 2006 regnum.

2030 2027 2319 2092 Vens.55,
2352 2027 2446 2084 ει.
2489 2046 2508 2081 ι
2559 2025 2796 2084 Vendite
2838 2044 2961 2100 qua:
3001 2029 3303 2101 possidetis
3353 2038 3408 2086 et
3454 2028 3583 2083 date

1960 2120 2396 2194 eleemosynam.
2425 2121 2624 2180 Parale
2661 2122 2819 2180 vobis
2858 2125 3118 2181 sacculos
3147 2123 3244 2195 qui
3278 2139 3388 2179 non
3438 2136 3595 2182 vete-

1955 2224 2211 2281 rascuut,
2262 2216 2588 2291 thesaurum
2620 2233 2728 2274 non
2763 2219 3114 2274 deﬁcientem
3177 2217 3230 2272 in
3277 2215 3458 2283 ctelis,
3485 2230 3596 2287 quo

1956 2308 2048 2365 fur
2078 2324 2184 2365 non
2215 2310 2457 2378 accedit,
2482 2327 2664 2384 neque
2699 2313 2843 2368 linea
2894 2312 3224 2383 corrumpit.
3279 2308 3382 2367 Ubi
3439 2310 3590 2366 enim

1958 2406 2252 2462 thesaurus
2281 2414 2468 2462 vester
2489 2416 2598 2475 est,
2621 2408 2696 2463 ibi
2728 2417 2784 2463 et
2819 2422 2918 2462 cor
2951 2417 3198 2464 vestrum
3230 2406 3361 2462 erit.
3415 2423 3435 2457 ι
3472 2403 3582 2460 Do-

1957 2500 2143 2556 minus
2175 2501 2426 2556 nominat
2460 2500 2767 2573 discipulos
2790 2511 2844 2558 et
2895 2501 3210 2558 doctrinam
3261 2515 3422 2557 suam
3457 2514 3591 2556 sus-

1955 2594 2228 2662 cipientes
2304 2595 2564 2662 pusillum
2630 2609 2853 2669 gregem
2911 2613 2926 2651 :
2987 2595 3070 2652 vel
3128 2593 3277 2664 quod
3333 2592 3594 2664 perpauci

1959 2697 2100 2743 sunt
2130 2690 2307 2744 sancti
2340 2689 2394 2744 in
2428 2689 2631 2744 mundo
2661 2689 2980 2761 quisponte
3014 2697 3395 2759 paupertatem
3442 2685 3592 2741 illam

1957 2781 2164 2838 obeant
2192 2800 2210 2840 :
2240 2784 2324 2838 vel
2356 2784 2502 2853 quod
2535 2784 2582 2839 si
2614 2785 2683 2838 ad
2719 2785 2952 2857 angelos
2981 2785 3372 2849 conferantur,
3402 2797 3594 2837 nume-

1959 2890 2022 2931 ro
2059 2875 2571 2952 incomparabiliter
2597 2876 2895 2934 inferiores
2926 2880 3058 2944 sint,
3086 2879 3215 2947 quia
3250 2877 3426 2932 multo
3466 2875 3601 2946 plu-

1961 2985 2049 3026 res
2076 2979 2205 3028 sunt
2235 2972 2440 3042 angeli.
2466 2971 2536 3028 Et
2568 2971 2925 3028 manifestum
2964 2983 3050 3029 est
3084 2974 3189 3028 hoc
3236 2987 3304 3027 ex
3352 2973 3596 3043 parabo-

1958 3059 2006 3115 la
2029 3077 2193 3132 quam
2216 3060 2360 3117 dixit
2382 3062 2670 3124 Dominus.
2689 3064 2835 3132 quod
2862 3064 3099 3134 gaudeat
3129 3073 3321 3134 pastor
3350 3063 3472 3132 plus
3502 3077 3597 3118 su-

1957 3171 2057 3225 per
2090 3171 2198 3210 una
2239 3170 2344 3212 ove
2372 3157 2598 3212 iuventa
2634 3173 2760 3226 qum
2797 3159 3066 3228 perierat,
3089 3175 3253 3228 quam
3291 3173 3460 3230 super
3491 3172 3592 3212 no-

227 3223 566 3296 πλανηθέντι
612 3226 708 3278 καὶ
741 3223 1102 3297 εὐρεθίντι,ἢ
1138 3225 1234 3281 ἐπὶ
1258 3229 1371 3292 τοῖς
1395 3230 1852 3301 ιννενηκονταεν-

1973 3251 2199 3321 naginta
2229 3266 2428 3307 novem
2459 3267 2581 3321 quae
2615 3266 2723 3307 non
2748 3263 3098 3308 erraverunt.
3128 3244 3251 3321 Quo
3289 3253 3410 3309 loco
3443 3268 3599 3309 mon-

225 3320 329 3372 νέα
365 3320 483 3382 τοῖς
527 3319 604 3390 μὴ
651 3318 1145 3400 πεπλανημένοις·
1185 3319 1359 3388 ἔδειξε
1407 3321 1522 3394 γὰρ
1572 3322 1851 3394 ἐντεῦθεν,

222 3416 309 3469 ὅτι
339 3414 532 3485 ὥσπερ
574 3410 636 3467 τδ
697 3412 756 3466 ἓν
792 3408 930 3484 πρὸς
978 3413 1049 3468 τὰ
1089 3414 1638 3485 ῖννενηκονταεννέα,
1695 3418 1843 3474 οὕτω

223 3507 741 3580 καὶήάνθρωπίνη
799 3507 964 3578 φύσις
1013 3507 1154 3580 πρὸς
1215 3510 1318 3578 τὴν
1371 3512 1700 3584 ἀγγελικὴν.
1759 3514 1853 3588 Μὴ

223 3601 422 3675 φοϐοῦ,
451 3603 608 3675 φησι,
643 3596 689 3656 ὦ
725 3602 925 3674 μικρὸν
957 3602 1232 3674 ποίμνιον,
1274 3605 1398 3659 ἀντὶ
1436 3605 1555 3674 τοῦ,
1591 3608 1685 3680 Μὴ
1718 3609 1852 3663 ἀπι-

227 3698 473 3770 στήσῃς,
529 3697 615 3750 ὅτι
665 3696 1040 3770 προνοήσεταί
1089 3713 1187 3750 σου
1216 3698 1427 3764 όΘεὸς,
1489 3699 1599 3754 κᾶν
1658 3704 1735 3771 μὴ
1786 3703 1852 3757 σὺ

232 3793 539 3863 μεριμνᾷς.
585 3789 688 3844 Διὰ
716 3791 806 3859 τίς
851 3792 1003 3846 Διότι
1049 3790 1348 3861 εὐδόκησεν
1377 3792 1621 3868 όΠατὴρ
1664 3794 1852 3852 δοῦναι

227 3889 362 3959 ὑμῖν
392 3888 491 3960 τὴν
542 3887 848 3958 βασιλείαν.
875 3887 1038 3944 Ἐπεὶ
1066 3887 1162 3944 οὖν
1188 3887 1290 3962 τὴν
1322 3887 1609 3961 βασιλείαν
1637 3891 1850 3958 δίδωσι,

225 3980 416 4049 πολλῷ
464 3981 670 4052 μᾶλλον
703 3983 774 4036 τὰ
806 3982 907 4052 τῆς
954 3982 1079 4053 γῆς.
1114 3981 1208 4053 Μὴ
1249 3982 1436 4037 τοίνυν
1484 3985 1734 4050 ἀπίστει,
1767 3987 1853 4040 ὅτι

227 4075 329 4126 ἐὰν
357 4073 1141 4154 ἀκτημοσύνηνχὲπιτηδεύσῃ,
1175 4077 1278 4147 οὐχ
1317 4077 1463 4144 ἔξεις
1486 4079 1578 4133 τὸν
1613 4096 1853 4152 προνοη-

228 4166 462 4237 σόμενόν
515 4184 635 4233 σου,
666 4155 804 4223 ἀλλὰ
849 4166 1104 4239 πώλησον
1152 4169 1222 4224 τὰ
1253 4171 1602 4244 ὑπάρχοντα,
1645 4175 1740 4228 καὶ
1763 4175 1853 4241 66;

225 4260 628 4332 ἐλεημοσύνην,
677 4261 772 4314 καὶ
821 4262 1058 4331 ποίησον
1115 4261 1399 4335 θησαυρὸν
1465 4266 1849 4323 ἀνέκλειπτον.

225 4351 367 4410 Εἶτα
405 4355 586 4408 πείθει
625 4355 777 4426 ἡμᾶς
804 4355 899 4409 καὶ
926 4355 1036 4411 ἀπὸ
1084 4357 1349 4428 ,ογισμῶν
1402 4359 1851 4432 ἁναντιῤῥήτων.

238 4447 513 4502 Ἐνταῦθα
548 4448 649 4520 μὲν
671 4449 805 4521 γὰρ,
832 4450 990 4522 φησὶ,
1013 4467 1039 4501 0
1074 4467 1114 4520 Ις
1141 4449 1481 4525 διαφθείρει,
1511 4456 1571 4508 ἐν
1593 4455 1854 4526 οὐρανοῖς

223 4543 284 4598 δὲ
307 4544 373 4598 οὐ
397 4543 580 4598 τοῦτοζ
609 4544 728 4623 Οὐκ
768 4539 882 4615 ἆρα
932 4543 1026 4600 οὖν
1058 4546 1288 4617 ανόητον
1317 4548 1380 4602 τὺ
1408 4549 1770 4624 θησαυρίζειν
1795 4553 1855 4606 ὲν

1959 3355 2169 3400 stratur
2196 3347 2343 3414 quod
2377 3346 2523 3400 sicut
2547 3361 2713 3400 unum
2747 3361 2808 3402 se
2842 3347 3010 3402 habet
3043 3349 3112 3403 ad
3165 3347 3463 3419 nonaginta
3495 3362 3595 3403 no-

1959 3454 2107 3504 vem,
2151 3440 2229 3496 ita
2274 3441 2518 3496 humana
2558 3453 2753 3496 natura
2788 3443 2856 3496 ad
2899 3443 3233 3514 angelicam.
3259 3442 3340 3498 Ne
3387 3444 3594 3498 timeas

1958 3531 2154 3602 igitur,
2181 3534 2338 3598 dicit,
2372 3550 2406 3589 o
2435 3534 2631 3604 pusille
2677 3551 2834 3607 grex,
2886 3537 2990 3592 hoc
3022 3548 3130 3607 est,
3161 3555 3229 3593 ne
3287 3539 3366 3596 sis
3418 3539 3600 3594 incre-

1959 3626 2141 3682 tlulus.
2161 3625 2330 3683 Gerit'
2349 3629 2497 3682 enim
2535 3629 2614 3683 tui
2647 3645 2839 3684 curam
2880 3647 2942 3685 ac
2978 3632 3379 3698 providentiam
3424 3633 3593 3698 Deus,

1957 3718 2128 3774 etiam
2177 3719 2222 3775 si
2263 3728 2317 3773 lu
2371 3719 2646 3775 sollicitus
2679 3736 2787 3774 non
2825 3720 2923 3776 sis.
2945 3724 3170 3788 Quare?
3205 3723 3353 3792 Quia
3392 3725 3596 3778 bonum

1958 3812 2135 3866 visum
2169 3822 2276 3877 est,
2301 3824 2358 3868 et
2383 3813 2565 3883 placet
2612 3814 2760 3871 Patri
2797 3827 2859 3872 ut
2885 3819 2976 3873 det
3008 3819 3167 3875 vobis
3218 3834 3468 3891 regnttm.
3493 3819 3600 3886 Qui

1960 3903 2125 3972 igitur
2155 3904 2314 3960 vobis
2359 3920 2590 3975 regnum
2630 3907 2746 3970 da't,
2788 3909 2961 3965 multo
2998 3911 3177 3980 magis
3215 3920 3432 3966 terrena
3466 3925 3602 3966 con-

1959 3997 2140 4051 cedet.
2179 3994 2261 4050 Ne
2301 3996 2470 4066 igitur
2504 3997 2743 4070 difﬁdas.
2769 4002 2915 4071 quod
2953 4001 2999 4057 si
3035 4002 3352 4057 divitiarum
3387 4001 3601 4058 sollici-

1960 4090 2206 4143 tudinem
2239 4089 2536 4161 altjeceris,
2584 4108 2692 4148 non
2744 4093 2820 4149 sis
2873 4094 3170 4150 habiturus
3216 4095 3462 4167 aliquem
3494 4095 3591 4167 qui

1959 4181 2056 4236 tibi
2113 4183 2404 4252 provideat
2445 4203 2458 4240 :
2500 4185 2599 4240 sed
2650 4190 2831 4243 vende
2887 4203 2949 4243 ea
3005 4203 3130 4258 qua:
3192 4187 3389 4253 habes,
3432 4196 3490 4244 et
3523 4189 3594 4244 da

1957 4273 2388 4347 eleemosynam,
2412 4286 2466 4332 et
2500 4276 2589 4332 fac
2621 4279 2719 4334 tibi
2774 4281 3102 4336 thesaurum
3157 4279 3597 4338 indelicientem.

1959 4367 2042 4423 Ad
2078 4369 2194 4426 haec
2235 4371 2536 4440 persuadet
2575 4374 2741 4428 nobis
2774 4375 3091 4431 rationibus
3122 4375 3327 4445 quibus
3370 4385 3601 4433 contra-

1960 4461 2150 4520 dicere
2196 4479 2305 4518 non
2364 4479 2686 4535 possumus.
2715 4465 2772 4522 lu
2811 4469 2913 4522 hac
2945 4471 3095 4523 enim
3131 4471 3267 4534 vita,
3301 4470 3501 4541 inquit,
3527 4471 3599 4525 ti-

1957 4571 2063 4614 nea
2097 4559 2432 4630 corrumpit,
2461 4560 2517 4615 in
2576 4561 2735 4618 caelis
2789 4573 2976 4617 autem
3027 4579 3138 4618 non
3176 4565 3279 4620 sic.
3307 4562 3427 4619 Non
3464 4580 3600 4635 ergo

222 4640 404 4708 τόπῖρ,
434 4638 494 4692 ὲν
517 4632 562 4707 ᾧ
585 4638 896 4710 διαφθοράς
923 4633 1056 4695 Εἶτα
1072 4642 1271 4714 ἐπειδὴ
1291 4642 1385 4697 τὸν
1416 4645 1622 4716 χρυσὸν
1651 4646 1714 4701 οὐ
1740 4647 1852 4702 δια-

1972 4651 2286 4719 insipientis
2313 4662 2467 4708 esset
2497 4655 2766 4727 colligere
2798 4656 3092 4712 thesauros
3126 4656 3181 4711 in
3219 4658 3343 4712 loco
3380 4658 3437 4712 in
3491 4671 3602 4727 quo

225 4729 446 4801 φθείρει
470 4732 592 4802 σὴς,
618 4727 743 4786 εἷπε
778 4735 873 4787 καὶ
896 4733 979 4801 τὸ,
1012 4734 1196 4789 Ὅπου
1225 4735 1474 4809 κλέπτης
1496 4740 1598 4793 οὐκ
1620 4740 1857 4810 ἐγγίζει.

226 4823 339 4894 Σὴς
373 4821 475 4894 μὲν
522 4823 633 4894 γὰρ
675 4824 735 4878 οὐ
770 4823 1087 4897 διαφθείρει
1138 4827 1368 4898 χρυσὸν,
1418 4829 1559 4884 ἀλλὰ
1611 4831 1860 4900 κλέπτης

225 4915 388 4986 συλᾷ.
429 4910 563 4969 Εἶτα
593 4914 788 4987 ιπειδὴ
811 4916 874 4968 οὐ
899 4915 1106 4982 πάντες
1130 4919 1489 4986 κλέπτονται,
1523 4924 1856 4995 προστίθησι

222 5007 319 5060 τὶν
361 5007 539 5078 μείζω
570 5009 750 5081 πάντη
773 5009 869 5063 καὶ
895 5010 1300 5085 ἁναντίρρητον
1332 5013 1621 5086 λογισμόν.
1661 5017 1842 5073 Ὅπου

223 5100 337 5172 γάρ
362 5102 512 5154 ἔστιν
543 5102 573 5156 6
603 5085 883 5174 θησαυρὸς
912 5103 1092 5173 ὑμῶν,
1129 5105 1252 5159 ὶκεῖ
1276 5109 1372 5161 καὶ
1395 5097 1441 5178 ἡκ
1456 5109 1660 5182 καρδία
1695 5111 1856 5182 ὑμῶν

224 5192 408 5248 ἔσται.
444 5194 631 5249 Ἔστω
659 5194 794 5268 γὰρ,
857 5194 1049 5267 φησιν,
1080 5197 1165 5252 ὅτι
1207 5197 1336 5253 οὔτε
1380 5200 1485 5272 σὴς
1515 5201 1853 5276 διαφθείρει,

225 5286 353 5342 οὔτε
386 5288 634 5362 κλέπτης
664 5288 906 5359 ἐγγίζει,
938 5292 1075 5345 αὐτὸ
1095 5291 1261 5346 τοῦτο
1292 5293 1357 5348 τὸ
1387 5293 1539 5366 ἔχειν
1564 5297 1668 5368 τὴν
1706 5315 1851 5371 καρ-

225 5378 273 5432 δί
281 5396 350 5432 αν
368 5380 813 5454 προσηλωμένην
829 5382 910 5454 τῷ
935 5387 1426 5458 κατορωρυγμὲνῳ
1448 5387 1516 5461 θη
1527 5391 1738 5464 ραυρῷ,
1760 5394 1857 5447 καὶ

222 5474 284 5526 τὸ
305 5473 452 5527 θεῖον
474 5475 668 5548 χρῆμα
686 5477 787 5549 τῆς
811 5477 995 5550 ψυχῆς
1015 5483 1082 5552 τῇ
1098 5484 1170 5552 γῇ
1194 5481 1480 5551 ἐμϐαλεῖν,
1505 5483 1683 5557 πόσης
1703 5487 1859 5554 ἄξιον

222 5568 505 5640 τιμωρίας
527 5586 543 5637 ;
575 5571 796 5625 Μᾶλλον
823 5573 881 5627 δὲ
905 5573 1028 5639 πῶς
1046 5575 1109 5628 οὐ
1145 5577 1388 5648 μεγίστη
1412 5579 1660 5650 τιμωρία
1679 5581 1760 5654 τῷ
1794 5600 1859 5652 γε

223 5659 359 5716 γοῦν
389 5659 573 5730 ἔχοντι
597 5679 612 5729 ;
638 5662 821 5717 Ὅπου
843 5666 872 5719 6
894 5665 1178 5738 θησαυρός
1217 5684 1336 5736 σου,
1365 5672 1484 5723 ἐκεῖ
1510 5673 1607 5725 καὶ
1642 5674 1676 5745 ἡ
1709 5692 1852 5746 καρ-

224 5751 318 5806 δία
351 5769 471 5808 σουο
505 5759 554 5809 εί
580 5759 640 5810 ὲν
663 5760 731 5830 τῇ
758 5762 853 5831 γῇ,
883 5761 982 5816 καὶ
1003 5760 1171 5835 αῦτη,
1199 5764 1251 5818 εἰ
1275 5767 1334 5818 ἐν
1362 5765 1441 5837 τῷ
1462 5767 1684 5841 οὐρανῷ
1706 5773 1855 5826 ἐκεῖ.

221 5862 340 5914 νος,
370 5848 486 5905 ἄνω
520 5851 616 5906 καὶ
646 5851 810 5926 αῦτη.
847 5855 945 5921 Τίς
968 5855 1062 5912 οὖν
1091 5859 1192 5913 οὐκ
1223 5859 1293 5914 ἂν
1341 5861 1520 5917 ἕλοιτο
1555 5859 1698 5920 εἶναι
1731 5866 1846 5922 ἂνω

1960 4749 2434 4817 corrumpuntur?
2485 4747 2685 4805 Postea
2742 4751 2871 4820 quia
2942 4767 3142 4806 aurum
3195 4767 3226 4806 a
3275 4754 3421 4807 tinea
3491 4767 3604 4809 non

1955 4839 2354 4908 corrumpitur,
2380 4840 2542 4907 dixit,
2600 4851 2812 4912 etquo
2862 4843 2952 4898 fur
3005 4860 3114 4899 non
3165 4845 3401 4900 accedit.
3428 4842 3604 4901 Tiuea

1963 4932 2194 5001 quidem
2239 4948 2349 4988 non
2389 4935 2701 5006 corrumpit
2750 4951 2970 5004 aurum,
2999 4938 3095 4993 sed
3131 4939 3222 4992 fur
3253 4937 3464 5008 diripit.
3498 4936 3606 4992 De-

1959 5027 2129 5097 nique
2164 5029 2296 5098 quia
2346 5045 2454 5084 non
2487 5029 2673 5084 omnia
2711 5029 2858 5085 furto
2911 5041 3171 5100 pereunt,
3199 5031 3389 5099 adjicit
3428 5033 3601 5086 ratio-

1956 5133 2084 5176 nem
2141 5123 2434 5190 majorem,
2481 5132 2537 5178 et
2587 5123 3035 5179 contradictione
3083 5124 3452 5195 superiorem.
3495 5123 3603 5181 Ubi

1954 5211 2104 5267 enim
2150 5223 2238 5268 est
2283 5213 2582 5270 thesaurus
2633 5227 2842 5278 vester,
2870 5217 3069 5287 inquit,
3093 5217 3208 5272 illic
3259 5225 3315 5272 et
3363 5232 3461 5272 cor
3508 5231 3606 5272 ve-

1958 5315 2134 5362 strum
2166 5309 2296 5363 erit.
2326 5307 2460 5362 Esto
2493 5309 2666 5375 enim,
2689 5311 3056 5382 iuquit,quod
3087 5326 3265 5380 neque
3298 5314 3446 5365 tint-a
3482 5327 3606 5365 cor-

1962 5411 2210 5470 rumpat,
2243 5417 2424 5472 neque
2456 5403 2548 5458 fur
2572 5406 2807 5460 accedat
2839 5423 2852 5460 :
2896 5407 3040 5459 istuc
3075 5405 3256 5474 ipsum
3291 5417 3474 5460 tamen
3507 5404 3605 5458 ba-

1965 5495 2096 5550 bere
2120 5511 2217 5551 cor
2242 5497 2523 5552 addictum
2561 5501 2826 5555 thesauro
2859 5499 3099 5566 defosso,
3125 5511 3179 5556 et
3207 5501 3451 5555 animam
3478 5514 3603 5570 quae

1964 5590 2152 5645 divina
2189 5594 2474 5661 possessio
2515 5606 2621 5662 est,
2673 5595 2901 5664 injicere
2960 5609 3144 5663 terraa,
3179 5596 3347 5668 375
3399 5610 3495 5664 per
3543 5609 3604 5651 se

1964 5695 2175 5756 quanto
2216 5687 2493 5758 supplicio
2526 5687 2698 5744 fuerit
2741 5691 3016 5760 dignum?
3050 5692 3161 5745 imo
3186 5689 3462 5759 quomodo
3492 5703 3601 5743 non

1963 5792 2204 5844 summo,
2232 5778 2279 5832 si
2317 5780 2442 5850 quis
2476 5782 2929 5838 animadvertat?
2961 5784 3064 5840 Ubi
3108 5784 3255 5838 cnim
3308 5784 3606 5838 thesaurus

1959 5882 2106 5938 tuus,
2126 5872 2236 5929 illic
2254 5885 2419 5930 etcor
2444 5883 2596 5931 tuum
2628 5895 2640 5931 :
2667 5877 2792 5933 siin
2819 5889 2966 5935 terra
2993 5879 3104 5947 illo,
3125 5887 3181 5936 ct
3206 5881 3260 5934 in
3289 5887 3434 5934 terra
3455 5876 3560 5934 hoc
3587 5893 3603 5929 :
