4256 6432
722 333 832 395 895
1646 321 2230 384 TIIEOPHYLACTI
2266 316 2677 389 BULGARIE
2717 317 3074 380 ARCHIEP.
3917 318 4035 382 896

728 447 813 505 sin
874 452 1052 500 autem
1110 441 1164 494 in
1223 437 1363 507 coelo
1398 437 1508 503 ille,
1551 450 1768 491 sursum
1807 444 1892 490 est
1921 443 1978 489 et
2016 433 2143 486 hoc.
2189 430 2322 496 Quis
2351 431 2396 486 Α

2365 431 2396 485 Α
2423 430 2518 482 καὶ
2542 429 2618 497 μὴ
2656 427 2762 480 ὑπὸ
2786 427 2920 496 γῆν;
2950 427 3186 496 ἄγγελος
3227 424 3370 482 εἷναι
3412 429 3504 482 καὶ
3530 410 3608 500 μῆ
3638 427 3908 494 ἀσπάλαξ
3937 422 4046 483 ὑπὸ

727 541 891 611 igitur
911 550 1016 590 non
1051 547 1267 588 sursum
1281 545 1425 594 esse,
1441 540 1495 584 et
1517 545 1621 583 non
1642 527 1742 582 sub
1759 537 1925 592 terra,
1950 525 2170 578 mallet?
2189 524 2322 591 Quis

1909 566 1925 592 ,
1950 524 2322 591 mallet?Quis
2429 521 2532 591 γῆν
2566 520 2651 573 ἀεὶ
2683 521 2740 573 ἐν
2769 522 2882 584 τοῖς
2917 519 3194 591 ὀρύγμασι
3225 520 3585 591 διαιτώμενος

732 626 1135 694 nondiligeret
1171 624 1350 692 potius
1380 635 1500 676 esse
1540 618 1971 689 angelus,-qnam
2010 615 2154 685 talpa
2183 627 2324 670 sem—

729 738 829 792 per
859 723 910 772 in
942 717 1313 773 subterraneis
1342 713 1562 786 latebris
1590 710 1802 781 agens?

795 804 962 860 Vens.
989 803 1178 859 55-40.
1210 821 1227 853 ‹
1267 801 1388 856 Sint
1415 802 1581 859 lumbi
1624 801 1789 855 vestri
1831 800 2130 867 praecincti,
2158 809 2211 852 et
2239 801 2322 851 ln-

2505 817 2521 850 ι
2572 799 2859 850 Ἔστωσαν
2891 794 3054 864 ὑμῶν
3075 794 3140 849 αι
3154 793 3357 860 ὀσφύες
3380 791 3832 863 περιεζωσμέναι
3872 797 3973 845 καὶ
3993 794 4046 846 oi

727 914 907 956 cernae
935 912 1197 960 accensm,
1225 907 1276 949 et
1297 912 1391 948 vos
1422 880 1628 949 similes
1654 894 1964 947 hominibus
1993 903 2320 961 exspectan-

2426 887 2606 958 λύχνοι
2635 889 2938 957 καιόμενοι,
2968 890 3060 940 καὶ
3101 887 3261 956 ὑμεῖς
3289 887 3466 954 ὅμοιοι
3500 885 3816 955 ἀνθρώποις
3851 903 4035 956 προσ-

728 994 872 1047 tibns
907 991 1184 1044 dominum
1217 1005 1373 1042 suum
1412 991 1628 1055 quando
1662 1000 1978 1040 revertatur
2009 1002 2037 1038 a
2077 985 2318 1053 nuptiis:

2424 982 2733 1052 δεχομένοις
2761 981 2852 1033 τὸν
2890 979 3079 1048 κύριον
3102 978 3313 1032 ἑαυτῶν
3345 977 3474 1030 πότε
3504 978 3767 1030 ἀναλύσει
3807 980 3878 1030 ὲκ
3939 977 4045 1030 τῶν

730 1096 785 1136 ιιι
819 1101 939 1136 cum
975 1083 1189 1137 venerit
1214 1094 1268 1135 et
1296 1080 1610 1150 pulsaverit,
1651 1078 1934 1132 confestim
1969 1077 2216 1146 aperiant
2245 1077 2316 1130 ei.

2431 1078 2647 1146 γάμων,
2704 1075 2791 1128 ἴνα
2828 1073 3074 1135 ἐλθόντος
3107 1073 3201 1126 καὶ
3251 1071 3610 1140 κρούσαντος,
3639 1071 3852 1132 εὐθέως
3887 1072 4042 1124 avoi-

726 1173 875 1227 Beati
921 1175 1062 1226 servi
1098 1173 1195 1235 illi,
1223 1187 1356 1239 quos
1393 1186 1511 1223 cum
1546 1168 1757 1222 venerit
1793 1167 2070 1231 dominus,
2098 1167 2323 1222 iuvene-

2427 1169 2593 1234 Ewnv
2634 1169 2784 1239 αὐτῷ
2808 1186 2820 1199 ·
2859 1168 3122 1240 μακάριοι
3153 1169 3204 1220 oi
3235 1165 3414 1219 δοῦλοι
3444 1168 3644 1218 ἐκεῖνοι
3674 1164 3772 1226 οὓς
3806 1163 3989 1216 ἐλθὼν
4016 1167 4044 1218 6

728 1265 800 1318 rit
847 1264 1147 1334 vigilantes.
1174 1265 1344 1328 Amen
1377 1261 1496 1314 dico
1547 1259 1698 1313 vobis
1731 1262 1871 1328 quod
1904 1259 2203 1327 praecinget
2234 1272 2315 1322 se,

2424 1264 2612 1334 κύριος
2643 1263 2865 1331 εὑρήσει
2900 1259 3331 1332 γρηγοροῦντας.
3372 1259 3544 1327 Ἀμὴν
3572 1257 3714 1322 λέγω
3749 1258 3924 1325 ὑμῖν,
3958 1257 4039 1308 ὅτι

729 1365 780 1407 et
822 1354 979 1407 faciet
1010 1353 1128 1406 illos
1175 1353 1539 1413 discumbere,
1568 1359 1624 1404 et
1654 1350 1926 1404 transiens
1977 1348 2314 1402 ministrabit

2425 1355 2816 1425 περιζώσεται,
2845 1354 2941 1406 καὶ
2990 1351 3278 1405 ἀνακλινεῖ
3309 1351 3531 1413 αὐτοὺς,
3583 1350 3677 1401 καὶ
3732 1349 4042 1418 παρελθὼν

730 1446 854 1499 illis.
881 1446 946 1498 Et
981 1446 1024 1499 si
1075 1445 1283 1498 venerit
1337 1445 1389 1497 in
1448 1442 1684 1498 secunda
1737 1443 1940 1514 vigilia,
1967 1441 2106 1496 etin
2158 1441 2315 1495 tertia
2346 1464 2360 1472 -η

2432 1449 2740 1517 διακονήσει
2793 1429 2999 1508 αὐτοῖς.
3036 1443 3146 1497 Kal
3178 1443 3274 1496 ἐὰν
3323 1442 3452 1512 ἔλθη
3483 1443 3540 1494 ὲν
3566 1427 3631 1509 τῇ
3666 1439 3910 1510 δευτέρᾳ
3940 1455 4043 1506 auo
4109 1434 4113 1437 ’

728 1540 907 1605 vigilia
942 1539 1167 1601 venerit,
1195 1547 1355 1604 atque
1392 1539 1466 1591 ita
1503 1538 1794 1601 invenerit,
1841 1537 1980 1591 beati
2012 1545 2143 1590 sunt
2172 1535 2317 1590 servi

2421 1540 2589 1610 λακῇ,
2625 1541 2716 1592 καὶ
2755 1540 2813 1591 ἔν
2836 1541 2901 1608 τῇ
2935 1537 3094 1608 τρίτῃ
3129 1536 3376 1606 φυλακῇ,
3411 1534 3504 1586 καὶ
3530 1533 3667 1602 εὖρῃ
3685 1530 3897 1594 οὕτως,
3938 1550 4041 1601 μα-

730 1631 821 1684 ilii.
863 1630 972 1684 Iloe
1003 1641 1182 1684 autem
1215 1630 1430 1694 scitote,
1456 1630 1597 1699 quod
1626 1630 1670 1684 si
1705 1629 1898 1682 scisset
1925 1629 2318 1698 paterfamilias

2423 1632 2606 1700 κάριοί
2648 1632 2788 1682 εἰσιν
2816 1631 2864 1682 οἱ
2910 1629 3090 1682 δοῦλοι
3135 1630 3356 1681 ἐκεῖνοι.
3415 1625 3588 1678 Τοῦτο
3612 1625 3669 1676 δὲ
3697 1623 4037 1692 γινώσκετε,

730 1739 834 1792 qua
867 1724 994 1775 hora
1024 1722 1107 1775 fur
1144 1733 1403 1777 venturus
1445 1721 1652 1785 fuisset,
1677 1721 1953 1790 vigilasset
1983 1722 2188 1789 utique,
2219 1736 2317 1776 nec
2352 1781 2393 1794 ﬁ

2358 1781 2393 1794 λ
2422 1726 2504 1777 ὅτι
2525 1727 2571 1776 εἰ
2596 1723 2712 1794 ᾔδει
2742 1725 2768 1775 6
2795 1722 2970 1776 οίκοδε
2989 1721 3199 1790 σπότης
3228 1719 3359 1790 ποίᾳ
3395 1718 3515 1788 ὥρᾳ
3542 1720 3568 1770 6
3596 1717 3842 1786 κλέπτης
3877 1717 4039 1786 ἔρχε-

731 1829 920 1882 paSSus
972 1816 1161 1867 fuisset
1211 1814 1414 1881 perfodi
1463 1815 1679 1867 domum
1713 1827 1887 1866 suam.
1928 1811 1992 1865 Et
2022 1827 2120 1866 vos
2155 1810 2321 1880 igitur
2352 1781 2395 1836 Β

2357 1781 2395 1836 Β
2423 1835 2537 1879 ται,
2566 1781 2940 1885 ἐγρηγόρησεν
3002 1813 3092 1878 ἂν,
3125 1781 3219 1866 καὶ
3249 1781 3348 1864 οὐκ
3377 1781 3658 1879 ἂνυάιρῆκε
3703 1781 4038 1879 διορυγῆναι

733 1916 908 1958 estote
947 1906 1139 1973 parati,
1168 1905 1293 1972 quia
1324 1920 1428 1972 qua
1467 1906 1595 1957 hora
1627 1919 1730 1958 non
1765 1903 1988 1972 putatis,
2013 1897 2188 1956 Filius
2221 1902 2320 1956 lto.

2423 1910 2516 1962 τὸν
2540 1905 2689 1962 οἷκον
2723 1907 2910 1962 αὑτοῦ.
2950 1908 3062 1961 Kal
3094 1908 3256 1975 ὑμεῖς
3284 1901 3380 1958 οὖν
3411 1905 3628 1972 γίνεσθε
3662 1904 3915 1972 ἕτοιμοι,
3957 1905 4038 1957 ὃτι

735 1997 895 2049 minis
913 1997 1110 2050 veniet.
1145 2015 1162 2046 ι
1187 1994 1449 2048 Dominus
1480 1999 1764 2063 postquam
1804 1994 2128 2061 discipulum
2159 2009 2318 2047 suum

2425 1987 2457 2074 ᾖ
2489 2003 2610 2074 ὥρᾳ.
2640 2003 2700 2054 οὑ
2728 2003 2959 2066 δοκεῖτε,
2995 2003 3022 2054 6
3054 2000 3188 2063 Υἱὸς
3238 1997 3334 2051 τοῦ
3367 1996 3658 2067 ἀνθρώπου
3716 1998 3972 2066 ἔρχεται.
4016 2015 4034 2049 ι

732 2091 935 2153 absque
971 2087 1258 2158 superfluis
1299 2089 1426 2144 fecit
1478 2097 1531 2141 et
1565 2088 1789 2142 nudavit
1830 2089 1899 2142 ab
1925 2088 2071 2142 omni
2113 2087 2321 2142 sollieio

2437 2093 2758 2163 Ἀπέριττον
2795 2093 3028 2158 ποιήσας
3072 2089 3165 2142 τὸν
3216 2089 3472 2160 μαθητὴν
3525 2088 3692 2142 αὑτοῦ
3734 2091 3762 2141 6
3800 2089 4034 2159 Κύριος.

735 2183 921 2235 tudine
955 2190 1009 2234 et
1039 2181 1335 2249 cupiditate
1371 2181 1770 2247 temporalium,
1801 2181 1936 2235 ctita
1960 2180 2120 2249 plane
2147 2180 2318 2235 levem

2424 2185 2520 2238 καὶ
2551 2183 2851 2253 γυμνώσας
2886 2183 3052 2236 αὑτὸν
3090 2184 3271 2252 πάσης
3309 2181 3574 2252 βιωτικῆς
3626 2183 3911 2252 μερίμνης
3943 2181 4039 2234 καὶ

736 2274 991 2339 reddidit,
1018 2290 1160 2328 nunc
1193 2283 1245 2328 et
1277 2274 1584 2328 ministrum
1623 2291 1779 2328 suum
1814 2274 1964 2329 facit.
1991 2274 2124 2328 Eum
2169 2274 2313 2328 enim

2429 2274 2836 2348 μετεωρισμοῢ,
2885 2269 2983 2330 καὶ
3014 2279 3220 2343 κοῦφον
3271 2274 3767 2344 ἀπεργασάμενος,
3803 2275 3910 2343 ήδη
3945 2272 4040 2327 καὶ

735 2365 824 2434 qui
864 2365 1111 2419 minister
1131 2379 1253 2419 esse
1272 2365 1524 2429 voluerit,
1557 2365 1727 2420 levem
1760 2375 1814 2420 et
1847 2367 2154 2434 expeditum
2195 2379 2320 2420 esse

2425 2369 2708 2440 ὑπηρέτην
2732 2367 2894 2422 αὑτὸν
2915 2368 3078 2420 ποιεῖ.
3104 2369 3196 2419 Δεῖ
3216 2364 3323 2437 γὰρ
3341 2367 3434 2418 τὸν
3455 2367 3754 2436 ὑπηρετεῖν
3780 2364 4037 2430 θέλοντα,

733 2468 968 2528 oportet;
998 2459 1115 2513 ideo
1139 2459 1272 2514 dicit
1299 2477 1312 2513 :
1339 2459 1457 2512 Sint
1481 2460 1648 2513 lumbi
1682 2460 1848 2515 vestri
1878 2459 2181 2529 praecincti,
2216 2459 2320 2513 hoc

2426 2459 2630 2527 κοῦφον
2655 2455 2796 2518 εἶναι
2829 2460 2924 2512 καὶ
2944 2457 3166 2526 εὐθαλῆ.
3199 2457 3277 2510 διό
3310 2473 3477 2527 φησιν
3499 2473 3514 2489 ·
3552 2458 3845 2510 Ἔστωσαν
3880 2458 4039 2528 ὑμῶν

733 2560 835 2616 est,
876 2551 1125 2605 omnibus
1169 2552 1342 2605 modis
1394 2554 1564 2621 parati
1595 2562 1768 2607 estote
1799 2553 1864 2605 ad
1897 2567 2061 2623 opera
2097 2551 2313 2606 Domini

2424 2551 2479 2604 αί
2515 2549 2718 2618 ὀσφύες
2750 2549 3216 2620 περιεζωσμέναι,
3250 2549 3388 2618 ὅπερ
3422 2549 3871 2618 ἔστιν,”Ετοιμοι
3905 2550 4041 2602 πάν-

738 2645 924 2699 vestri.
951 2643 1015 2698 Et
1045 2646 1277 2701 lucernae
1300 2648 1552 2719 ardentes
1582 2648 1636 2701 in
1671 2647 1922 2700 manibus
1954 2648 2172 2712 vestris,
2215 2648 2321 2702 hoc

2423 2660 2548 2696 τοτε
2575 2641 2838 2708 φαίνεσθε
2875 2641 3012 2712 πρὸς
3031 2643 3096 2695 τὰ
3116 2641 3255 2711 ἔργα
3282 2641 3378 2695 τοῦ
3409 2642 3683 2694 Δεσπότου
3713 2643 3741 2693 ὑ
3753 2641 3897 2712 μῶν.
3929 2643 4039 2696 Καὶ

739 2745 843 2799 est,
891 2751 960 2789 ne
1008 2736 1061 2789 in
1113 2738 1355 2791 tenebris
1407 2747 1461 2791 et.
1527 2739 1730 2807 absque
1760 2738 1967 2808 judicio
2007 2741 2321 2802 versemini,

2424 2737 2473 2790 οί
2501 2735 2687 2806 λύχνοι
2741 2735 3054 2804 καιόμενοι·
3107 2733 3244 2802 ὅπερ
3296 2733 3437 2798 ἔστι,
3503 2735 3597 2804 Μὴ
3628 2735 3686 2786 ὲν
3722 2735 3914 2787 σκότει
3947 2740 4041 2787 καὶ

732 2826 832 2879 sed
880 2828 950 2878 sit
986 2827 1151 2880 vobis
1190 2827 1368 2882 lumeu
1401 2830 1573 2895 verbi,
1607 2830 1750 2898 quod
1789 2829 2113 2890 manslrabit
2169 2830 2324 2883 vobis

2430 2827 2657 2900 ἀκρισίᾳ
2689 2827 2932 2894 διάγετε,
2959 2825 3074 2879 ἀλλ’
3103 2825 3249 2880 ἔστω
3278 2825 3434 2897 ὑμῶν
3463 2827 3524 2880 τὺ
3556 2826 3652 2880 τοῦ
3687 2826 3853 2894 λόγου
3899 2828 4035 2896 φῶς,

736 2932 856 2986 qua:
900 2916 1143 2971 facienda
1177 2929 1229 2972 et
1268 2934 1386 2986 qua:
1429 2935 1538 2973 non
1595 2919 1860 2975 facienda.
1907 2918 1998 2974 Est
2034 2919 2197 2990 igitur
2230 2903 2322 2974 hic

2431 2926 2614 2975 πάντα
2673 2920 3027 2973 ὑποδεικνύον
3079 2918 3148 2973 τὰ
3195 2920 3448 2991 πρακτέα
3496 2921 3594 2974 καὶ
3636 2922 3711 2991 μὴ
3754 2922 4031 2992 πρακτέα.

739 3011 973 3063 nllllltiUS
1014 3025 1142 3064 nox.
1167 3008 1336 3065 Porro
1366 3011 1629 3067 succincti
1662 3012 1860 3067 lumbis
1889 3022 2038 3078 sunt,
2063 3013 2155 3083 qui
2186 3012 2323 3067 acti-

2432 3015 2627 3069 Ἔστιν
2657 3012 2753 3067 οὖν
2807 3012 2903 3080 νὺξ
2927 3011 2954 3064 ό
2985 3012 3191 3082 κόσμος
3236 3006 3413 3076 οὗτος.
3473 3011 3809 3083 Ἐζωσμένοι
3849 3014 3909 3066 δὲ
3939 3013 4036 3076 τὰς

736 3116 858 3155 vam
893 3101 1053 3155 vitam
1074 3111 1241 3171 agunt
1271 3121 1285 3157 :
1313 3102 1577 3172 ejusmodi
1609 3105 1754 3159 enim
1789 3105 2068 3160 habilibus
2099 3115 2325 3160 utuntur
2355 3135 2398 3194 ρ

2357 3135 2398 3194 C
2431 3106 2661 3176 ὀσφύας,
2694 3106 2743 3158 οί
2779 3106 2878 3176 τὴν
2928 3103 3241 3175 πρακτικὴν
3276 3104 3577 3175 μετιόντες.
3631 3104 3893 3159 Τοιοῦτον
3929 3109 4038 3176 γάρ

738 3195 1217 3264 operarii,quibus
1263 3205 1318 3249 et
1366 3195 1683 3252 ardentibus
1738 3197 1983 3251 candelis
2039 3212 2175 3267 opus
2220 3207 2324 3254 est.
2367 3191 2385 3194 ’

2367 3191 2385 3194 ’
2431 3197 2491 3250 τδ
2519 3198 2707 3268 σχῆμα
2738 3197 2848 3251 τῶν
2905 3197 3238 3268 ἐργατικῶν,
3267 3191 3350 3262 οἷς
3383 3198 3466 3251 δεῖ
3493 3197 3588 3253 καὶ
3623 3198 3750 3262 τοὺς
3807 3198 4038 3268 λύχνους

738 3284 887 3354 Opus
921 3285 1065 3342 enim
1104 3286 1268 3341 habet
1303 3287 1416 3341 vita
1449 3288 1625 3342 activa
1655 3289 1820 3342 etiam
1848 3288 2031 3358 judicii
2065 3291 2227 3356 dono,
2269 3297 2329 3345 ut

2431 3294 2716 3362 προσεῖναι
2749 3290 3094 3360 καιομένους.
3123 3293 3216 3342 Δεῖ
3245 3290 3353 3361 γὰρ
3378 3293 3446 3364 τῇ
3488 3293 3770 3362 πρακτικῇ
3812 3294 4038 3361 προσεῖ-

739 3375 786 3429 is
822 3377 911 3444 qui
969 3377 1202 3430 activam
1243 3379 1408 3431 vitam
1463 3380 1594 3448 agit,
1621 3395 1724 3433 non
1781 3381 1955 3434 solum
2013 3381 2149 3435 sciat
2201 3381 2329 3450 quid

2434 3403 2523 3437 vat
2555 3383 2651 3437 καὶ
2682 3383 2741 3435 τὸ
2773 3386 2870 3453 τῆς
2906 3381 3235 3453 διακρίσεως
3284 3383 3557 3455 χάρισμα,
3590 3383 3658 3436 ἵν’
3699 3384 3817 3454 ἔχοι
3861 3385 4038 3452 διαγι-

745 3476 993 3536 οροιιειει
1024 3467 1224 3535 facere,
1250 3471 1342 3524 sed
1367 3479 1420 3525 et
1452 3474 1743 3541 quomodo.
1764 3473 1911 3527 Multi
1945 3477 2088 3527 enim
2122 3475 2329 3529 bonum

2434 3475 2669 3528 νώσκειν
2701 3477 2728 3527 ὁ
2758 3474 3085 3544 πρακτικὸς,
3115 3474 3177 3527 οὐ
3213 3475 3372 3545 μόνον
3401 3474 3454 3527 τί
3499 3475 3606 3548 χρὴ
3653 3479 3852 3540 ποιεῖν,
3903 3476 4037 3530 ἀλλά

741 3561 958 3629 quidem
1015 3561 1286 3627 fecerunt,
1313 3564 1406 3616 sed
1466 3579 1572 3618 non
1619 3566 1778 3631 bene,
1813 3575 1869 3620 et
1926 3566 2060 3622 tales
2110 3569 2329 3638 quidem

2436 3571 2529 3623 καὶ
2567 3571 2627 3624 τὸ
2660 3571 2798 3633 πῶς.
2835 3568 3030 3621 Πολλοὶ
3059 3568 3160 3637 μὲν
3197 3567 3308 3637 γὰρ
3339 3567 3400 3620 τὸ
3432 3567 3598 3622 καλὸν
3650 3568 3945 3637 ἐποίησαν,
3979 3568 4033 3622 ού

743 3654 1002 3709 succincti
1043 3654 1261 3709 fuerunt
1297 3656 1516 3721 lumbis,
1537 3669 1591 3711 et
1616 3674 1779 3728 opera
1811 3660 2028 3728 quidem
2059 3661 2329 3728 fecerunt,

2433 3663 2617 3726 καλῶς
2665 3662 2741 3716 δέ’
2777 3663 2824 3714 oi
2872 3659 3104 3713 τοιοῦτοι
3155 3659 3249 3713 οὖν
3299 3658 3401 3723 τὰς
3460 3659 3562 3729 μὲν
3632 3659 3848 3728 ὀσφύας
3899 3655 4036 3730 ἦσαν

744 3747 837 3800 sed
870 3762 973 3800 non
1008 3748 1146 3802 bene
1173 3764 1188 3802 :
1221 3763 1320 3804 nec
1364 3751 1669 3805 habuerunt
1709 3754 1966 3808 ardentes
1998 3754 2251 3809 lucernas
2279 3757 2331 3809 in

2436 3753 2909 3826 περιεζωσμένοι·
2972 3753 3246 3824 ἔπραττον
3298 3751 3427 3823 γάρ,
3492 3753 3620 3815 τοὺς
3687 3752 3744 3804 δὲ
3807 3750 4033 3824 λύχνους

743 3839 1019 3904 manibus,
1045 3839 1148 3894 hoc
1180 3850 1282 3905 est,
1325 3858 1429 3896 non
1460 3843 1769 3897 habuerunt
1803 3857 2006 3900 rectum
2041 3848 2334 3918 judicium,

2436 3849 2536 3901 οὐκ
2606 3843 2750 3917 εἶχον
2842 3847 3207 3918 καιομένους,
3287 3845 3576 3900 τουτέστιν
3607 3887 3624 3913 ,
3706 3847 3808 3900 οὐκ
3893 3843 4037 3918 εἶχον

747 3932 839 3984 sed
864 3931 941 3983 vel
970 3932 1020 3984 in
1054 3931 1252 3985 fastum
1285 3933 1616 3998 inciderunt,
1638 3935 1722 3989 vel
1748 3935 1799 3988 in
1832 3936 1977 3991 aliud
2009 3942 2335 4009 arrogantia:

2437 3941 2536 4013 τὴν
2567 3942 2631 3994 ὲκ
2676 3940 2771 3994 τοῦ
2805 3941 2963 4008 λόγου
3023 3939 3318 4011 διάκρισιν,
3367 3939 3550 4008 ἀλλ’ἢ
3599 3941 3679 4001 εἰς
3726 3939 3900 4008 τύφον
3948 3943 4033 3993 tv-

747 4025 1120 4094 prareipi‘lium.
1149 4025 1674 4082 COusideresautem
1705 4038 1759 4084 et
1791 4031 2070 4101 hoc,quod
2095 4033 2332 4101 primum

2437 4034 2657 4099 ἔπεσον,
2691 4035 2722 4105 ἢ
2758 4037 2836 4097 εἰς
2884 4033 3047 4096 ἁλλον
3101 4032 3362 4095 ἀπονοίας
3419 4033 3691 4104 κρημνόν.
3716 4031 3955 4100 Νοήσεις
3983 4034 4033 4086 δὲ

747 4115 912 4171 lumbi
944 4119 1113 4171 nostri
1152 4121 1412 4174 succincti
1446 4121 1576 4187 sint,
1599 4122 1792 4178 deinde
1817 4123 2055 4178 lucernae
2082 4127 2331 4182 ardeant.

2437 4128 2533 4181 καὶ
2565 4128 2743 4193 τοῦτο,
2780 4128 2860 4180 ὅτι
2892 4124 3107 4197 πρῶτον
3136 4128 3191 4180 at
3222 4124 3422 4195 ὀσφύες
3466 4125 3625 4194 ἡμῶν
3663 4123 4032 4194 περιζώννυν-

747 4211 990 4265 Primum
1051 4215 1194 4267 enim
1251 4217 1523 4283 operatio,
1575 4227 1630 4270 et
1679 4218 1873 4273 deinde
1925 4221 2334 4291 contemplatio,

2441 4237 2555 4285 ται,
2587 4216 2705 4271 εἶτα
2734 4220 2781 4272 oi
2813 4219 2999 4287 λύχνοι
3055 4219 3324 4272 καίονται.
3368 4216 3596 4287 Πρῶτον
3647 4217 3759 4287 γὰρ
3813 4217 4028 4289 πρᾶξις,

749 4320 869 4372 quae
902 4307 1097 4359 mentis
1127 4313 1212 4360 est
1243 4307 1556 4362 illustratio.
1583 4307 1829 4363 Lucerna
1859 4312 2004 4364 enim
2054 4323 2138 4366 est
2185 4329 2339 4369 mens

2446 4306 2569 4364 εἶτα
2605 4309 2830 4382 Θεωρία,
2879 4311 3001 4378 ἥτις
3046 4309 3165 4361 ἐστὶ
3214 4309 3307 4362 τοῦ
3347 4308 3440 4362 νοῦ
3489 4308 3778 4379 ἔλλαμψις.
3835 4311 4032 4380 Λύχνος

751 4405 961 4459 nostra,
999 4413 1119 4466 quae
1146 4413 1267 4453 cum
1304 4398 1465 4454 habet
1510 4399 1694 4454 lumen
1751 4401 1844 4456 Dei
1897 4403 1948 4457 in
2002 4419 2061 4460 se
2101 4404 2336 4475 fulgens,

2442 4401 2551 4471 γὰρ
2579 4404 2606 4454 6
2634 4401 2759 4465 νοῦς
2809 4401 2986 4471 ἡμῶν,
3019 4400 3074 4463 ὃς
3118 4401 3248 4454 ὅταν
3297 4400 3394 4471 ἔχῃ
3424 4400 3486 4454 τὸ
3527 4399 3644 4469 φῶς
3687 4399 3784 4453 τοῦ
3817 4400 3954 4456 Θεοῦ
3979 4405 4031 4456 ὲν

747 4497 860 4540 tum
901 4487 1098 4542 dicitur
1131 4491 1344 4544 ardere.
1377 4490 1580 4546 Demus
1621 4492 1787 4562 igitur
1822 4509 2070 4565 operam,
2118 4508 2177 4552 ut
2227 4499 2336 4553 vir-
2369 4501 2414 4557 D

2369 4501 2414 4557 D
2444 4495 2593 4568 αύτῷ
2615 4495 2854 4567 λάμπον,
2883 4495 3007 4547 τότε
3042 4495 3261 4563 λέγεται
3313 4493 3568 4547 καίεσθαι
3590 4507 3605 4522 ⁶
3636 4492 4031 4564 σπουδάσωμεν

748 4587 862 4633 tute
887 4580 1057 4636 simus
1083 4583 1292 4650 praediti
1323 4585 1457 4637 duas
1496 4585 1758 4639 habentes
1781 4586 2031 4644 lucernas
2056 4591 2332 4656 ardentes,

2439 4587 2534 4642 οὖν
2568 4589 2772 4660 ἀρετὴν
2801 4589 3011 4652 ἀσκεῖν,
3045 4587 3134 4640 ἴνα
3159 4588 3283 4650 τοὺς
3313 4584 3408 4638 δύο
3436 4584 3664 4656 λύχνους
3692 4588 3725 4656 ἡ
3737 4587 3858 4655 μῶν
3891 4604 4031 4640 καιο-

747 4682 800 4727 et
854 4689 1164 4728 sermonem
1221 4676 1492 4731 internum
1520 4677 1571 4730 in
1599 4676 1910 4744 all‘ectibus,
1930 4693 1983 4736 et
2010 4698 2171 4753 quem
2209 4699 2334 4753 pro-

2444 4682 2637 4753 μένους
2676 4682 2890 4753 ἔχωμεν
2917 4720 2931 4744 ,
2975 4680 3067 4734 τόν
3115 4697 3175 4733 τε
3214 4679 3521 4734 ἐνδιάθετον
3573 4679 3756 4747 λόγον,
3813 4682 3911 4732 καὶ
3947 4679 4031 4733 τὸν

748 4769 1060 4821 nuntiantus
1090 4786 1104 4822 :
1133 4776 1185 4822 et
1216 4769 1487 4824 internum
1522 4770 1739 4841 quidem
1777 4779 1834 4825 ut
1878 4789 1975 4841 per
2005 4778 2186 4831 omnia
2219 4778 2336 4833 ani-

2444 4775 2805 4847 προφορικὸν,
2839 4774 2933 4828 τὸν
2966 4774 3064 4843 μὲν
3104 4771 3410 4826 ἐνδιάθετον
3449 4770 3537 4824 διὰ
3586 4770 3792 4833 παντὸς
3837 4772 4028 4841 ἀστρά-

750 4875 890 4912 mam
930 4860 1161 4916 illustret
1194 4879 1209 4915 :
1243 4877 1365 4917 eum
1399 4872 1579 4919 autem
1617 4880 1776 4934 quem
1816 4867 2166 4935 proferimus,
2195 4871 2332 4924 utin

2443 4883 2649 4920 πτοντα
2671 4867 2729 4918 ὲν
2757 4869 2824 4936 τῇ
2846 4866 3014 4936 ψυχῇ,
3047 4865 3140 4918 τὸν
3166 4864 3222 4918 δὲ
3253 4863 3591 4935 προφορικὸν
3617 4865 3675 4916 ἐν
3703 4864 3768 4932 τῇ
3793 4862 4026 4934 γλώσσῃ.

743 4952 910 5024 376
945 4953 1121 5022 lingua
1155 4954 1415 5026 refulgent
1444 4956 1676 5011 lucidus.
1704 4959 1952 5013 lntcrnus
1988 4975 2089 5015 nos
2135 4960 2339 5015 illuutio

2457 4961 2516 5014 Ὀ
2552 4959 2650 5030 μὲν
2684 4959 2793 5029 γὰρ
2844 4958 2992 5011 ἔνδον
3030 4959 3180 5028 ἡμᾶς
3220 4956 3469 5023 φωτίζει,
3502 4959 3529 5009 6
3559 4954 3615 5009 δὲ
3655 4955 4029 5018 διδασκαλικὸς

748 5057 860 5111 net,
914 5047 1198 5101 doctorum
1236 5060 1413 5130 autem
1461 5065 1659 5113 sermo,
1695 5062 1750 5106 et
1784 5052 1875 5121 qui
1937 5055 2337 5122 pronuntiatur,

2445 5053 2538 5104 καὶ
2566 5051 2902 5121 προφορικὺς
2928 5049 3120 5118 λύχνος
3152 5050 3278 5113 τοὺς
3305 5048 3525 5111 ἄλλους.
3565 5047 3676 5100 Kal
3701 5049 3867 5117 ἡμεῖς
3893 5042 4029 5116 ὦμεν

751 5139 904 5194 alios.
935 5140 999 5194 Et
1023 5158 1117 5195 nos
1144 5143 1351 5196 similes
1376 5143 1543 5198 simus
1562 5144 1874 5200 hominibus
1893 5149 2340 5216 exspectantibus

2442 5144 2618 5214 ὅμοιοι
2651 5142 2964 5214 ἀνθρώποις
2991 5141 3450 5213 προσδεχομένοις
3473 5141 3564 5194 τὸν
3581 5141 3789 5213 Κύριον
3813 5142 4027 5202 ἑαυτῶν,

749 5234 1022 5290 dOmiuum
1062 5253 1218 5290 suum
1274 5236 1494 5305 quando
1544 5248 1852 5293 revertatur
1883 5256 1912 5294 a
1949 5241 2171 5310 nuptiis.
2200 5243 2338 5308 Quis

2449 5239 2581 5290 πότε
2616 5236 2874 5289 ἁναλύσει
2903 5239 2967 5289 ὲκ
2997 5236 3106 5288 τῶν
3135 5237 3330 5305 γάμων
3352 5252 3365 5266 ·
3389 5234 3472 5297 τίς
3496 5234 3550 5288 δὲ
3575 5227 3734 5297 οὗτος
3758 5235 3784 5284 ὁ
3813 5234 4026 5304 Κύριος,

749 5337 928 5380 autem
961 5327 1046 5382 hic
1079 5327 1330 5383 dominus
1361 5328 1499 5383 alius
1530 5347 1691 5397 quant
1725 5332 1978 5388 Christus
2006 5332 2166 5388 Jesus
2198 5336 2337 5404 ?qui

2450 5331 2482 5401 ἢ
2515 5332 2540 5382 6
2573 5329 2806 5399 Χριστὸς
2837 5331 2864 5381 ὁ
2905 5328 3145 5398 Ἰησοῦς;
3186 5331 3280 5392 Ὃς
3315 5329 3416 5400 τὴν
3467 5327 3823 5398 ἀνθρωπίνην
3883 5327 4029 5395 φύσιν

747 5419 1039 5476 humanam
1063 5423 1280 5492 quidem
1309 5425 1604 5493 assumpsit
1631 5436 1979 5492 naturam,et
2009 5428 2151 5483 sicut
2178 5443 2340 5499 spon-

2448 5423 2738 5477 ἀναλαϐὼν
2784 5423 2859 5486 ὡς
2917 5424 3161 5494 νύμφην,
3205 5424 3298 5476 καὶ
3330 5421 3538 5484 ἔνώσας
3611 5422 3815 5488 ἑαυτῷ,
3867 5421 4026 5489 γάμον

745 5529 860 5570 sam
889 5513 1159 5583 copulavit
1188 5516 1309 5581 sibi,
1335 5527 1387 5571 et
1415 5517 1636 5587 nuptias
1663 5519 1809 5586 fecit,
1836 5521 1888 5573 in
1915 5535 2137 5575 carnem
2170 5537 2334 5576 uuam

2445 5517 2702 5587 ἐποίησεν
2737 5519 2817 5580 είς
2849 5518 3028 5588 σάρκα
3065 5518 3194 5587 μίαν
3221 5517 3360 5586 αὐτῇ
3391 5514 3698 5584 κολληθεὶς,
3737 5512 3937 5582 μᾶλλον
3958 5514 4024 5574 δὲ.

749 5608 796 5662 ei
829 5624 887 5662 se
923 5607 1267 5678 adjungcndo
1300 5630 1311 5663 :
1347 5613 1455 5666 ium
1493 5630 1600 5667 non
1632 5630 1767 5669 unas
1805 5614 1934 5671 fecit
1984 5618 2338 5686 nuptias,scd

2443 5612 2541 5682 οὺχ
2573 5611 2665 5664 Eva
2701 5612 2878 5681 γάμον
2910 5613 3166 5676 ποιεῖται,
3193 5611 3328 5664 ἀλλὰ
3355 5608 3607 5671 πολλούς·
3645 5606 3774 5660 καθ’
3806 5608 4023 5677 ἑκάστην

752 5702 971 5759 multas.
998 5704 1250 5769 Quotidie
1276 5706 1416 5759 cnim
1463 5708 1662 5777 nuptia‘
1701 5711 1833 5763 fiunt
1876 5711 1930 5763 in
1962 5711 2101 5766 ccelo
2124 5722 2339 5766 sancta-

2338 5743 2339 5748 η
2445 5706 2554 5776 γὰρ
2590 5706 2806 5776 ἡμέραν
2853 5705 3192 5778 νυμφεύεται
3237 5707 3293 5758 ἐν
3328 5703 3544 5776 οὐρανῷ
3577 5704 3677 5765 τὰς
3728 5703 3838 5756 τῶν
3869 5703 4019 5772 avie-1v

754 5808 868 5848 runt
904 5797 1230 5861 :mitnat'tnn,
1279 5816 1406 5867 τιιιηκ
1440 5804 1483 5854 ri
1537 5804 1878 5858 conuucndal
1933 5803 2261 5871 Paultts,\‘cl
2294 5805 2336 5860 si

2333 5805 2336 5859 ἱ
2447 5802 2643 5871 ’ζυχᾶς,
2679 5801 2742 5866 ἃς
2788 5803 3103 5874 παριστάνλ
3149 5800 3294 5868 αὐτῷ
3356 5798 3650 5862 Πα·’)λν›;,ἣ
3726 5800 3856 5860 ira;
3899 5813 4014 5850 κατ]
