  <div class='ocr_page' id='page_1' title='image "/cluster/home/n/w/nwhite01/storage/ocr_20150623/123/nnc1.0046979670/488.png"; bbox 0 0 4256 6432; ppageno 0'>
   <div class='ocr_carea' id='block_1_1' title="bbox 971 369 2866 479">
    <p class='ocr_par' dir='ltr' id='par_1_1' title="bbox 971 369 2866 479">
     <span class='ocr_line' id='line_1_1' title="bbox 971 369 2866 479; baseline -0.001 -3"><span class='ocrx_word' id='word_1_1' title='bbox 971 369 1424 476; x_wconf 65' lang='lat' dir='ltr'><strong>numnum</strong></span> <span class='ocrx_word' id='word_1_2' title='bbox 1463 414 1548 476; x_wconf 87' lang='lat' dir='ltr'><strong>IN</strong></span> <span class='ocrx_word' id='word_1_3' title='bbox 1576 411 2092 477; x_wconf 79' lang='lat' dir='ltr'><strong>EVANGELIUM</strong></span> <span class='ocrx_word' id='word_1_4' title='bbox 2135 413 2382 479; x_wconf 65' lang='lat' dir='ltr'><strong>LUCAZ.</strong></span> <span class='ocrx_word' id='word_1_5' title='bbox 2411 438 2479 450; x_wconf 90' lang='lat'><strong>—</strong></span> <span class='ocrx_word' id='word_1_6' title='bbox 2516 415 2680 476; x_wconf 68' lang='lat' dir='ltr'><strong>rae.</strong></span> <span class='ocrx_word' id='word_1_7' title='bbox 2727 415 2866 475; x_wconf 80' lang='lat' dir='ltr'><strong>xu.</strong></span> 
     </span>
    </p>
   </div>
   <div class='ocr_carea' id='block_1_2' title="bbox 3454 409 3599 482">
    <p class='ocr_par' dir='ltr' id='par_1_2' title="bbox 3454 409 3599 482">
     <span class='ocr_line' id='line_1_2' title="bbox 3454 409 3599 482; baseline -0.007 0"><span class='ocrx_word' id='word_1_8' title='bbox 3454 456 3472 466; x_wconf 51' lang='grc' dir='ltr'>ν-</span> <span class='ocrx_word' id='word_1_9' title='bbox 3491 409 3599 482; x_wconf 72' lang='lat'><strong>898</strong></span> 
     </span>
    </p>
   </div>
   <div class='ocr_carea' id='block_1_3' title="bbox 253 519 1853 600">
    <p class='ocr_par' dir='ltr' id='par_1_3' title="bbox 253 523 1853 597">
     <span class='ocr_line' id='line_1_3' title="bbox 253 523 1853 597; baseline -0.001 -16"><span class='ocrx_word' id='word_1_10' title='bbox 253 525 494 594; x_wconf 84' lang='grc' dir='ltr'>Παῦλον,</span> <span class='ocrx_word' id='word_1_11' title='bbox 548 523 857 597; x_wconf 62' lang='grc' dir='ltr'>παρθένους</span> <span class='ocrx_word' id='word_1_12' title='bbox 899 524 1092 592; x_wconf 85' lang='grc' dir='ltr'>ἀγνάς.</span> <span class='ocrx_word' id='word_1_13' title='bbox 1150 525 1403 579; x_wconf 77' lang='grc' dir='ltr'>’Δναλύιι</span> <span class='ocrx_word' id='word_1_14' title='bbox 1439 525 1498 580; x_wconf 77' lang='grc' dir='ltr'>δι</span> <span class='ocrx_word' id='word_1_15' title='bbox 1544 528 1610 580; x_wconf 75' lang='grc' dir='ltr'>ὲκ</span> <span class='ocrx_word' id='word_1_16' title='bbox 1654 526 1766 580; x_wconf 85' lang='grc' dir='ltr'><strong>τῶν</strong></span> <span class='ocrx_word' id='word_1_17' title='bbox 1793 528 1853 589; x_wconf 67' lang='grc' dir='ltr'>,ἐι</span> 
     </span>
    </p>
   </div>
   <div class='ocr_carea' id='block_1_4' title="bbox 1958 519 3596 600">
    <p class='ocr_par' dir='ltr' id='par_1_4' title="bbox 1974 519 3596 600">
     <span class='ocr_line' id='line_1_4' title="bbox 1974 519 3596 600; baseline 0.002 -18"><span class='ocrx_word' id='word_1_18' title='bbox 1974 528 2100 598; x_wconf 85' lang='lat' dir='ltr'><strong>quis</strong></span> <span class='ocrx_word' id='word_1_19' title='bbox 2129 529 2327 584; x_wconf 84' lang='lat' dir='ltr'><strong>similis</strong></span> <span class='ocrx_word' id='word_1_20' title='bbox 2359 527 2546 594; x_wconf 80' lang='lat' dir='ltr'><strong>Paulo,</strong></span> <span class='ocrx_word' id='word_1_21' title='bbox 2588 519 2829 600; x_wconf 81' lang='lat' dir='ltr'><strong>virgines</strong></span> <span class='ocrx_word' id='word_1_22' title='bbox 2894 538 3082 584; x_wconf 83' lang='lat' dir='ltr'><strong>castas</strong></span> <span class='ocrx_word' id='word_1_23' title='bbox 3106 531 3175 586; x_wconf 85' lang='grc'><strong>⁸⁸.</strong></span> <span class='ocrx_word' id='word_1_24' title='bbox 3226 529 3388 586; x_wconf 80' lang='lat' dir='ltr'><strong>Redit</strong></span> <span class='ocrx_word' id='word_1_25' title='bbox 3416 542 3596 588; x_wconf 79' lang='lat' dir='ltr'><strong>autem</strong></span> 
     </span>
    </p>
   </div>
   <div class='ocr_carea' id='block_1_5' title="bbox 250 613 1863 692">
    <p class='ocr_par' dir='ltr' id='par_1_5' title="bbox 250 613 1863 692">
     <span class='ocr_line' id='line_1_5' title="bbox 250 613 1863 692; baseline -0.001 -18"><span class='ocrx_word' id='word_1_26' title='bbox 250 621 509 691; x_wconf 69' lang='grc' dir='ltr'>οὐρανοῖς</span> <span class='ocrx_word' id='word_1_27' title='bbox 545 619 764 689; x_wconf 78' lang='grc' dir='ltr'>γάμων,</span> <span class='ocrx_word' id='word_1_28' title='bbox 793 613 938 687; x_wconf 82' lang='grc' dir='ltr'>τάχα</span> <span class='ocrx_word' id='word_1_29' title='bbox 974 617 1075 688; x_wconf 72' lang='grc' dir='ltr'>μὶν</span> <span class='ocrx_word' id='word_1_30' title='bbox 1104 617 1416 683; x_wconf 79' lang='grc' dir='ltr'><strong>καθολικῶς</strong></span> <span class='ocrx_word' id='word_1_31' title='bbox 1446 621 1508 675; x_wconf 71' lang='grc' dir='ltr'><strong>ιν</strong></span> <span class='ocrx_word' id='word_1_32' title='bbox 1533 623 1600 692; x_wconf 81' lang='grc' dir='ltr'>τῇ</span> <span class='ocrx_word' id='word_1_33' title='bbox 1629 620 1863 675; x_wconf 79' lang='grc' dir='ltr'><strong>καθόλου</strong></span> 
     </span>
    </p>
   </div>
   <div class='ocr_carea' id='block_1_6' title="bbox 254 708 1862 787">
    <p class='ocr_par' dir='ltr' id='par_1_6' title="bbox 254 708 1862 787">
     <span class='ocr_line' id='line_1_6' title="bbox 254 708 1862 787; baseline 0.001 -22"><span class='ocrx_word' id='word_1_34' title='bbox 254 713 563 784; x_wconf 76' lang='grc' dir='ltr'>συντελείᾳ,</span> <span class='ocrx_word' id='word_1_35' title='bbox 600 713 688 763; x_wconf 69' lang='grc' dir='ltr'>ὅτε</span> <span class='ocrx_word' id='word_1_36' title='bbox 713 711 809 763; x_wconf 85' lang='grc' dir='ltr'>ἀπ’</span> <span class='ocrx_word' id='word_1_37' title='bbox 839 708 1075 781; x_wconf 81' lang='grc' dir='ltr'>οὐρανοῦ</span> <span class='ocrx_word' id='word_1_38' title='bbox 1113 709 1399 766; x_wconf 73' lang='grc' dir='ltr'><strong>ἐλεύσεται</strong></span> <span class='ocrx_word' id='word_1_39' title='bbox 1425 714 1484 766; x_wconf 72' lang='grc' dir='ltr'>ἐν</span> <span class='ocrx_word' id='word_1_40' title='bbox 1514 716 1580 784; x_wconf 78' lang='grc' dir='ltr'>τῇ</span> <span class='ocrx_word' id='word_1_41' title='bbox 1613 712 1743 787; x_wconf 74' lang='grc' dir='ltr'>δόξῃ</span> <span class='ocrx_word' id='word_1_42' title='bbox 1766 714 1862 767; x_wconf 87' lang='grc' dir='ltr'><strong>τοῦ</strong></span> 
     </span>
    </p>
   </div>
   <div class='ocr_carea' id='block_1_7' title="bbox 251 801 1864 874">
    <p class='ocr_par' dir='ltr' id='par_1_7' title="bbox 251 801 1864 874">
     <span class='ocr_line' id='line_1_7' title="bbox 251 801 1864 874; baseline 0 -17"><span class='ocrx_word' id='word_1_43' title='bbox 251 803 499 874; x_wconf 75' lang='grc' dir='ltr'>Πατρός.</span> <span class='ocrx_word' id='word_1_44' title='bbox 532 803 685 870; x_wconf 83' lang='grc' dir='ltr'>Τάχα</span> <span class='ocrx_word' id='word_1_45' title='bbox 715 802 771 854; x_wconf 76' lang='grc' dir='ltr'><strong>ὀὶ</strong></span> <span class='ocrx_word' id='word_1_46' title='bbox 819 803 914 856; x_wconf 83' lang='grc' dir='ltr'>καὶ</span> <span class='ocrx_word' id='word_1_47' title='bbox 948 801 1072 856; x_wconf 82' lang='grc' dir='ltr'>καθ’</span> <span class='ocrx_word' id='word_1_48' title='bbox 1109 802 1352 874; x_wconf 76' lang='grc' dir='ltr'>ἑκάστην</span> <span class='ocrx_word' id='word_1_49' title='bbox 1391 803 1542 874; x_wconf 84' lang='grc' dir='ltr'>ὥραν</span> <span class='ocrx_word' id='word_1_50' title='bbox 1569 805 1627 855; x_wconf 81' lang='grc' dir='ltr'>ὲν</span> <span class='ocrx_word' id='word_1_51' title='bbox 1655 807 1720 874; x_wconf 75' lang='grc' dir='ltr'>τῇ</span> <span class='ocrx_word' id='word_1_52' title='bbox 1764 821 1864 874; x_wconf 79' lang='grc' dir='ltr'>με·</span> 
     </span>
    </p>
   </div>
   <div class='ocr_carea' id='block_1_8' title="bbox 256 894 1862 969">
    <p class='ocr_par' dir='ltr' id='par_1_8' title="bbox 256 894 1862 969">
     <span class='ocr_line' id='line_1_8' title="bbox 256 894 1862 969; baseline 0.001 -19"><span class='ocrx_word' id='word_1_53' title='bbox 256 901 386 969; x_wconf 81' lang='grc' dir='ltr'>ρικῇ</span> <span class='ocrx_word' id='word_1_54' title='bbox 411 895 508 949; x_wconf 74' lang='grc' dir='ltr'><strong>τοῦ</strong></span> <span class='ocrx_word' id='word_1_55' title='bbox 540 894 791 949; x_wconf 69' lang='grc' dir='ltr'>καθ’ῑνα</span> <span class='ocrx_word' id='word_1_56' title='bbox 838 895 1123 967; x_wconf 79' lang='grc' dir='ltr'>συντελείᾳ</span> <span class='ocrx_word' id='word_1_57' title='bbox 1154 897 1411 967; x_wconf 78' lang='grc' dir='ltr'><strong>ἀοράτως</strong></span> <span class='ocrx_word' id='word_1_58' title='bbox 1464 896 1559 950; x_wconf 78' lang='grc' dir='ltr'>καὶ</span> <span class='ocrx_word' id='word_1_59' title='bbox 1588 897 1862 967; x_wconf 86' lang='grc' dir='ltr'>ἀπροσδο-</span> 
     </span>
    </p>
   </div>
   <div class='ocr_carea' id='block_1_9' title="bbox 251 985 1864 1062">
    <p class='ocr_par' dir='ltr' id='par_1_9' title="bbox 251 985 1864 1062">
     <span class='ocr_line' id='line_1_9' title="bbox 251 985 1864 1062; baseline -0.014 1"><span class='ocrx_word' id='word_1_60' title='bbox 251 991 436 1062; x_wconf 68' lang='grc' dir='ltr'>κήτως</span> <span class='ocrx_word' id='word_1_61' title='bbox 471 991 845 1057; x_wconf 75' lang='grc' dir='ltr'>ιφιστάμενος</span> <span class='ocrx_word' id='word_1_62' title='bbox 867 1005 881 1019; x_wconf 89' lang='lat'><strong><em>°</em></strong></span> <span class='ocrx_word' id='word_1_63' title='bbox 924 1000 1200 1059; x_wconf 71' lang='grc' dir='ltr'>μακάριος</span> <span class='ocrx_word' id='word_1_64' title='bbox 1229 988 1325 1042; x_wconf 81' lang='grc' dir='ltr'>οὖν</span> <span class='ocrx_word' id='word_1_65' title='bbox 1349 989 1583 1054; x_wconf 69' lang='grc' dir='ltr'>ἑκείνος,</span> <span class='ocrx_word' id='word_1_66' title='bbox 1611 985 1670 1042; x_wconf 84' lang='grc' dir='ltr'><strong>δν</strong></span> <span class='ocrx_word' id='word_1_67' title='bbox 1697 990 1864 1061; x_wconf 76' lang='grc' dir='ltr'>εὑρή-</span> 
     </span>
    </p>
   </div>
   <div class='ocr_carea' id='block_1_10' title="bbox 250 1078 1864 1154">
    <p class='ocr_par' dir='ltr' id='par_1_10' title="bbox 250 1078 1864 1154">
     <span class='ocr_line' id='line_1_10' title="bbox 250 1078 1864 1154; baseline -0.001 -17"><span class='ocrx_word' id='word_1_68' title='bbox 250 1101 335 1137; x_wconf 82' lang='grc' dir='ltr'><strong>σιι</strong></span> <span class='ocrx_word' id='word_1_69' title='bbox 355 1082 798 1153; x_wconf 75' lang='grc' dir='ltr'><strong>περιεζωσμένον</strong></span> <span class='ocrx_word' id='word_1_70' title='bbox 828 1080 927 1150; x_wconf 76' lang='grc' dir='ltr'>μὲν</span> <span class='ocrx_word' id='word_1_71' title='bbox 942 1082 1040 1152; x_wconf 80' lang='grc' dir='ltr'>τὴν</span> <span class='ocrx_word' id='word_1_72' title='bbox 1063 1081 1256 1150; x_wconf 85' lang='grc' dir='ltr'>ὀσφὺν,</span> <span class='ocrx_word' id='word_1_73' title='bbox 1281 1078 1372 1136; x_wconf 74' lang='grc' dir='ltr'><strong>οἷα</strong></span> <span class='ocrx_word' id='word_1_74' title='bbox 1394 1082 1552 1154; x_wconf 82' lang='grc' dir='ltr'>δὴτῴ</span> <span class='ocrx_word' id='word_1_75' title='bbox 1572 1083 1864 1154; x_wconf 81' lang='grc' dir='ltr'><strong>πρακτικῷ</strong></span> 
     </span>
    </p>
   </div>
   <div class='ocr_carea' id='block_1_11' title="bbox 253 1174 1859 1247">
    <p class='ocr_par' dir='ltr' id='par_1_11' title="bbox 253 1174 1859 1247">
     <span class='ocr_line' id='line_1_11' title="bbox 253 1174 1859 1247; baseline 0.002 -22"><span class='ocrx_word' id='word_1_76' title='bbox 253 1176 412 1247; x_wconf 75' lang='grc' dir='ltr'>μέρει</span> <span class='ocrx_word' id='word_1_77' title='bbox 447 1176 546 1244; x_wconf 81' lang='grc' dir='ltr'>τῆς</span> <span class='ocrx_word' id='word_1_78' title='bbox 581 1175 726 1228; x_wconf 80' lang='grc' dir='ltr'>κατὰ</span> <span class='ocrx_word' id='word_1_79' title='bbox 755 1175 993 1245; x_wconf 86' lang='grc' dir='ltr'>Χριστὸν</span> <span class='ocrx_word' id='word_1_80' title='bbox 1032 1174 1358 1244; x_wconf 79' lang='grc' dir='ltr'><strong>φιλοσοφίας</strong></span> <span class='ocrx_word' id='word_1_81' title='bbox 1396 1174 1731 1243; x_wconf 78' lang='grc' dir='ltr'>θεραπεύειν</span> <span class='ocrx_word' id='word_1_82' title='bbox 1765 1176 1859 1229; x_wconf 83' lang='grc' dir='ltr'><strong>τὸν</strong></span> 
     </span>
    </p>
   </div>
   <div class='ocr_carea' id='block_1_12' title="bbox 249 1267 1860 1338">
    <p class='ocr_par' dir='ltr' id='par_1_12' title="bbox 249 1267 1860 1338">
     <span class='ocr_line' id='line_1_12' title="bbox 249 1267 1860 1338; baseline 0 -17"><span class='ocrx_word' id='word_1_83' title='bbox 249 1270 388 1322; x_wconf 87' lang='grc' dir='ltr'>Θεὸν</span> <span class='ocrx_word' id='word_1_84' title='bbox 423 1268 846 1338; x_wconf 81' lang='grc' dir='ltr'>ἑτοιμασθέντα,</span> <span class='ocrx_word' id='word_1_85' title='bbox 890 1268 1090 1338; x_wconf 76' lang='grc' dir='ltr'>ἔχοντα</span> <span class='ocrx_word' id='word_1_86' title='bbox 1128 1269 1185 1321; x_wconf 76' lang='grc' dir='ltr'>δὲ</span> <span class='ocrx_word' id='word_1_87' title='bbox 1212 1269 1306 1320; x_wconf 87' lang='grc' dir='ltr'><strong>τὸν</strong></span> <span class='ocrx_word' id='word_1_88' title='bbox 1341 1267 1534 1338; x_wconf 82' lang='grc' dir='ltr'>λύχνον</span> <span class='ocrx_word' id='word_1_89' title='bbox 1569 1268 1664 1320; x_wconf 86' lang='grc' dir='ltr'><strong>τοῦ</strong></span> <span class='ocrx_word' id='word_1_90' title='bbox 1699 1268 1860 1336; x_wconf 85' lang='grc' dir='ltr'>λόγου</span> 
     </span>
    </p>
   </div>
   <div class='ocr_carea' id='block_1_13' title="bbox 247 1360 1858 1432">
    <p class='ocr_par' dir='ltr' id='par_1_13' title="bbox 247 1360 1858 1432">
     <span class='ocr_line' id='line_1_13' title="bbox 247 1360 1858 1432; baseline 0 -17"><span class='ocrx_word' id='word_1_91' title='bbox 247 1363 345 1415; x_wconf 70' lang='grc' dir='ltr'>καὶ</span> <span class='ocrx_word' id='word_1_92' title='bbox 376 1362 475 1431; x_wconf 82' lang='grc' dir='ltr'>τῆς</span> <span class='ocrx_word' id='word_1_93' title='bbox 505 1360 840 1430; x_wconf 79' lang='grc' dir='ltr'>διακρίσεως</span> <span class='ocrx_word' id='word_1_94' title='bbox 878 1360 1195 1430; x_wconf 83' lang='grc' dir='ltr'>καιόμενον,</span> <span class='ocrx_word' id='word_1_95' title='bbox 1227 1361 1322 1413; x_wconf 80' lang='grc' dir='ltr'><strong>καὶ</strong></span> <span class='ocrx_word' id='word_1_96' title='bbox 1361 1363 1437 1430; x_wconf 77' lang='grc' dir='ltr'>μὴ</span> <span class='ocrx_word' id='word_1_97' title='bbox 1475 1361 1639 1430; x_wconf 84' lang='grc' dir='ltr'>μόνον</span> <span class='ocrx_word' id='word_1_98' title='bbox 1679 1361 1858 1432; x_wconf 85' lang='grc' dir='ltr'>πράτ-</span> 
     </span>
    </p>
   </div>
   <div class='ocr_carea' id='block_1_14' title="bbox 245 1453 1860 1526">
    <p class='ocr_par' dir='ltr' id='par_1_14' title="bbox 245 1453 1860 1526">
     <span class='ocr_line' id='line_1_14' title="bbox 245 1453 1860 1526; baseline 0 -19"><span class='ocrx_word' id='word_1_99' title='bbox 245 1471 410 1507; x_wconf 86' lang='grc' dir='ltr'>τοντα</span> <span class='ocrx_word' id='word_1_100' title='bbox 441 1455 500 1505; x_wconf 86' lang='grc' dir='ltr'><strong>τὸ</strong></span> <span class='ocrx_word' id='word_1_101' title='bbox 535 1454 722 1520; x_wconf 83' lang='grc' dir='ltr'>καλὸν,</span> <span class='ocrx_word' id='word_1_102' title='bbox 771 1453 920 1507; x_wconf 79' lang='grc' dir='ltr'>ἀλλᾶ</span> <span class='ocrx_word' id='word_1_103' title='bbox 944 1455 1042 1508; x_wconf 78' lang='grc' dir='ltr'>καὶ</span> <span class='ocrx_word' id='word_1_104' title='bbox 1086 1453 1269 1517; x_wconf 90' lang='grc' dir='ltr'>καλῶς</span> <span class='ocrx_word' id='word_1_105' title='bbox 1292 1471 1305 1486; x_wconf 73' lang='grc' dir='ltr'><strong>ο</strong></span> <span class='ocrx_word' id='word_1_106' title='bbox 1335 1456 1402 1507; x_wconf 91' lang='grc' dir='ltr'><strong>οὑ</strong></span> <span class='ocrx_word' id='word_1_107' title='bbox 1435 1455 1542 1526; x_wconf 85' lang='grc' dir='ltr'>μὴν</span> <span class='ocrx_word' id='word_1_108' title='bbox 1595 1455 1733 1508; x_wconf 84' lang='grc' dir='ltr'>ἀλλὰ</span> <span class='ocrx_word' id='word_1_109' title='bbox 1767 1457 1860 1509; x_wconf 68' lang='grc' dir='ltr'>καὶ</span> 
     </span>
    </p>
   </div>
   <div class='ocr_carea' id='block_1_15' title="bbox 246 1540 1860 1619">
    <p class='ocr_par' dir='ltr' id='par_1_15' title="bbox 246 1540 1860 1619">
     <span class='ocr_line' id='line_1_15' title="bbox 246 1540 1860 1619; baseline 0.002 -21"><span class='ocrx_word' id='word_1_110' title='bbox 246 1547 348 1615; x_wconf 80' lang='grc' dir='ltr'>τὴν</span> <span class='ocrx_word' id='word_1_111' title='bbox 387 1547 644 1617; x_wconf 79' lang='grc' dir='ltr'><strong>θεωρίαν,</strong></span> <span class='ocrx_word' id='word_1_112' title='bbox 696 1540 808 1598; x_wconf 73' lang='grc' dir='ltr'>οἷόν</span> <span class='ocrx_word' id='word_1_113' title='bbox 849 1563 932 1599; x_wconf 89' lang='grc' dir='ltr'><strong>τιν</strong></span> <span class='ocrx_word' id='word_1_114' title='bbox 957 1564 991 1600; x_wconf 93' lang='grc' dir='ltr'><strong>α</strong></span> <span class='ocrx_word' id='word_1_115' title='bbox 1016 1546 1212 1616; x_wconf 80' lang='grc' dir='ltr'>λύχνον</span> <span class='ocrx_word' id='word_1_116' title='bbox 1257 1546 1555 1618; x_wconf 77' lang='grc' dir='ltr'>δεξάμενον</span> <span class='ocrx_word' id='word_1_117' title='bbox 1582 1566 1594 1577; x_wconf 92' lang='grc'><strong>·</strong></span> <span class='ocrx_word' id='word_1_118' title='bbox 1625 1549 1714 1602; x_wconf 77' lang='grc' dir='ltr'><strong>διὰ</strong></span> <span class='ocrx_word' id='word_1_119' title='bbox 1751 1548 1860 1619; x_wconf 83' lang='grc' dir='ltr'>γὰρ</span> 
     </span>
    </p>
   </div>
   <div class='ocr_carea' id='block_1_16' title="bbox 243 1637 1860 1719">
    <p class='ocr_par' dir='ltr' id='par_1_16' title="bbox 243 1637 1860 1719">
     <span class='ocr_line' id='line_1_16' title="bbox 243 1637 1860 1719; baseline 0.004 -30"><span class='ocrx_word' id='word_1_120' title='bbox 243 1637 340 1689; x_wconf 79' lang='grc' dir='ltr'><strong>τοῦ</strong></span> <span class='ocrx_word' id='word_1_121' title='bbox 383 1639 482 1708; x_wconf 81' lang='grc' dir='ltr'>τὴν</span> <span class='ocrx_word' id='word_1_122' title='bbox 510 1639 686 1708; x_wconf 77' lang='grc' dir='ltr'>ὀσφὺν</span> <span class='ocrx_word' id='word_1_123' title='bbox 715 1639 1087 1707; x_wconf 79' lang='grc' dir='ltr'>περιεζῶσθαι</span> <span class='ocrx_word' id='word_1_124' title='bbox 1128 1641 1475 1710; x_wconf 80' lang='grc' dir='ltr'>περιγίνεται</span> <span class='ocrx_word' id='word_1_125' title='bbox 1542 1643 1675 1719; x_wconf 78' lang='grc' dir='ltr'>ἡμῖν</span> <span class='ocrx_word' id='word_1_126' title='bbox 1710 1643 1802 1695; x_wconf 74' lang='grc' dir='ltr'>καὶ</span> <span class='ocrx_word' id='word_1_127' title='bbox 1831 1643 1860 1695; x_wconf 86' lang='grc' dir='ltr'>ὁ</span> 
     </span>
    </p>
   </div>
   <div class='ocr_carea' id='block_1_17' title="bbox 245 1731 1859 1803">
    <p class='ocr_par' dir='ltr' id='par_1_17' title="bbox 245 1731 1859 1803">
     <span class='ocr_line' id='line_1_17' title="bbox 245 1731 1859 1803; baseline 0.002 -19"><span class='ocrx_word' id='word_1_128' title='bbox 245 1731 542 1799; x_wconf 68' lang='grc' dir='ltr'>καιόμενος</span> <span class='ocrx_word' id='word_1_129' title='bbox 593 1731 788 1800; x_wconf 80' lang='grc' dir='ltr'>λύχνος</span> <span class='ocrx_word' id='word_1_130' title='bbox 837 1732 940 1801; x_wconf 78' lang='grc' dir='ltr'>τῆς</span> <span class='ocrx_word' id='word_1_131' title='bbox 991 1731 1251 1803; x_wconf 84' lang='grc' dir='ltr'>θεωρίας,</span> <span class='ocrx_word' id='word_1_132' title='bbox 1312 1734 1515 1802; x_wconf 82' lang='grc' dir='ltr'>μᾶλλον</span> <span class='ocrx_word' id='word_1_133' title='bbox 1564 1735 1620 1788; x_wconf 88' lang='grc' dir='ltr'>δὲ</span> <span class='ocrx_word' id='word_1_134' title='bbox 1668 1735 1718 1788; x_wconf 85' lang='lat' dir='ltr'><strong>oi</strong></span> <span class='ocrx_word' id='word_1_135' title='bbox 1763 1735 1859 1787; x_wconf 74' lang='grc' dir='ltr'><strong>δεέο</strong></span> 
     </span>
    </p>
   </div>
   <div class='ocr_carea' id='block_1_18' title="bbox 243 1820 1859 1896">
    <p class='ocr_par' dir='ltr' id='par_1_18' title="bbox 243 1820 1859 1896">
     <span class='ocr_line' id='line_1_18' title="bbox 243 1820 1859 1896; baseline 0.002 -22"><span class='ocrx_word' id='word_1_136' title='bbox 243 1820 452 1891; x_wconf 82' lang='grc' dir='ltr'>λύχνοι,</span> <span class='ocrx_word' id='word_1_137' title='bbox 478 1823 505 1875; x_wconf 83' lang='grc' dir='ltr'><strong><em>ὃ</em></strong></span> <span class='ocrx_word' id='word_1_138' title='bbox 522 1831 578 1873; x_wconf 75' lang='grc' dir='ltr'><strong>τι</strong></span> <span class='ocrx_word' id='word_1_139' title='bbox 605 1822 910 1886; x_wconf 68' lang='grc' dir='ltr'>ἐνδιάθετος</span> <span class='ocrx_word' id='word_1_140' title='bbox 967 1825 1107 1876; x_wconf 85' lang='grc' dir='ltr'>καὶὸ</span> <span class='ocrx_word' id='word_1_141' title='bbox 1135 1827 1471 1894; x_wconf 80' lang='grc' dir='ltr'>προφορικός</span> <span class='ocrx_word' id='word_1_142' title='bbox 1495 1842 1506 1856; x_wconf 92' lang='grc'><strong>·</strong></span> <span class='ocrx_word' id='word_1_143' title='bbox 1529 1826 1607 1896; x_wconf 83' lang='grc' dir='ltr'>τῷ</span> <span class='ocrx_word' id='word_1_144' title='bbox 1630 1828 1859 1896; x_wconf 87' lang='grc' dir='ltr'>τοιούτῳ</span> 
     </span>
    </p>
   </div>
   <div class='ocr_carea' id='block_1_19' title="bbox 1976 620 3596 691">
    <p class='ocr_par' dir='ltr' id='par_1_19' title="bbox 1976 620 3596 691">
     <span class='ocr_line' id='line_1_19' title="bbox 1976 620 3596 691; baseline 0.001 -15"><span class='ocrx_word' id='word_1_145' title='bbox 1976 637 2044 676; x_wconf 85' lang='lat' dir='ltr'><strong>ex</strong></span> <span class='ocrx_word' id='word_1_146' title='bbox 2075 621 2393 677; x_wconf 50' lang='lat' dir='ltr'><strong>coelestibus</strong></span> <span class='ocrx_word' id='word_1_147' title='bbox 2436 623 2665 691; x_wconf 77' lang='lat' dir='ltr'><strong>nuptiis,</strong></span> <span class='ocrx_word' id='word_1_148' title='bbox 2713 620 2968 676; x_wconf 77' lang='lat' dir='ltr'><strong>fortassis</strong></span> <span class='ocrx_word' id='word_1_149' title='bbox 2999 622 3051 676; x_wconf 92' lang='lat' dir='ltr'><strong>in</strong></span> <span class='ocrx_word' id='word_1_150' title='bbox 3105 623 3402 678; x_wconf 78' lang='lat' dir='ltr'><strong>universali</strong></span> <span class='ocrx_word' id='word_1_151' title='bbox 3456 639 3596 679; x_wconf 81' lang='lat' dir='ltr'><strong>can-</strong></span> 
     </span>
    </p>
   </div>
   <div class='ocr_carea' id='block_1_20' title="bbox 1975 713 3580 781">
    <p class='ocr_par' dir='ltr' id='par_1_20' title="bbox 1975 713 3580 781">
     <span class='ocr_line' id='line_1_20' title="bbox 1975 713 3580 781; baseline 0.001 -11"><span class='ocrx_word' id='word_1_152' title='bbox 1975 715 2344 771; x_wconf 86' lang='lat' dir='ltr'><strong>summalinue</strong></span> <span class='ocrx_word' id='word_1_153' title='bbox 2399 714 2608 779; x_wconf 87' lang='lat' dir='ltr'><strong>mundi,</strong></span> <span class='ocrx_word' id='word_1_154' title='bbox 2669 714 2888 781; x_wconf 80' lang='lat' dir='ltr'><strong>quando</strong></span> <span class='ocrx_word' id='word_1_155' title='bbox 2939 713 3008 767; x_wconf 88' lang='lat' dir='ltr'><strong>de</strong></span> <span class='ocrx_word' id='word_1_156' title='bbox 3061 715 3220 768; x_wconf 63' lang='lat' dir='ltr'><strong>caelis</strong></span> <span class='ocrx_word' id='word_1_157' title='bbox 3277 716 3460 769; x_wconf 89' lang='lat' dir='ltr'><strong>veniet</strong></span> <span class='ocrx_word' id='word_1_158' title='bbox 3522 715 3580 771; x_wconf 87' lang='lat' dir='ltr'><strong>in</strong></span> 
     </span>
    </p>
   </div>
   <div class='ocr_carea' id='block_1_21' title="bbox 1980 805 3584 886">
    <p class='ocr_par' dir='ltr' id='par_1_21' title="bbox 1980 805 3584 886">
     <span class='ocr_line' id='line_1_21' title="bbox 1980 805 3584 886; baseline 0.003 -27"><span class='ocrx_word' id='word_1_159' title='bbox 1980 809 2153 880; x_wconf 85' lang='lat' dir='ltr'><strong>gloria</strong></span> <span class='ocrx_word' id='word_1_160' title='bbox 2236 807 2440 862; x_wconf 83' lang='lat' dir='ltr'><strong>Patris.</strong></span> <span class='ocrx_word' id='word_1_161' title='bbox 2499 805 2777 886; x_wconf 80' lang='lat' dir='ltr'><strong>Fortassis</strong></span> <span class='ocrx_word' id='word_1_162' title='bbox 2844 816 3029 860; x_wconf 88' lang='lat' dir='ltr'><strong>autem</strong></span> <span class='ocrx_word' id='word_1_163' title='bbox 3078 815 3137 860; x_wconf 86' lang='lat' dir='ltr'><strong>et</strong></span> <span class='ocrx_word' id='word_1_164' title='bbox 3198 807 3250 861; x_wconf 91' lang='lat' dir='ltr'><strong>in</strong></span> <span class='ocrx_word' id='word_1_165' title='bbox 3313 810 3584 863; x_wconf 81' lang='lat' dir='ltr'><strong>uniuscu-</strong></span> 
     </span>
    </p>
   </div>
   <div class='ocr_carea' id='block_1_22' title="bbox 1969 901 3589 971">
    <p class='ocr_par' dir='ltr' id='par_1_22' title="bbox 1969 901 3589 971">
     <span class='ocr_line' id='line_1_22' title="bbox 1969 901 3589 971; baseline 0.003 -19"><span class='ocrx_word' id='word_1_166' title='bbox 1969 901 2169 971; x_wconf 74' lang='lat' dir='ltr'><strong>jusque</strong></span> <span class='ocrx_word' id='word_1_167' title='bbox 2235 901 2455 970; x_wconf 90' lang='lat' dir='ltr'><strong>propria</strong></span> <span class='ocrx_word' id='word_1_168' title='bbox 2533 910 2710 955; x_wconf 92' lang='lat' dir='ltr'><strong>morte</strong></span> <span class='ocrx_word' id='word_1_169' title='bbox 2765 901 3183 970; x_wconf 67' lang='lat' dir='ltr'><strong>inexspectatus</strong></span> <span class='ocrx_word' id='word_1_170' title='bbox 3271 902 3589 957; x_wconf 82' lang='lat' dir='ltr'><strong>adveniens.</strong></span> 
     </span>
    </p>
   </div>
   <div class='ocr_carea' id='block_1_23' title="bbox 1973 991 3590 1065">
    <p class='ocr_par' dir='ltr' id='par_1_23' title="bbox 1973 991 3590 1065">
     <span class='ocr_line' id='line_1_23' title="bbox 1973 991 3590 1065; baseline 0.002 -20"><span class='ocrx_word' id='word_1_171' title='bbox 1973 992 2172 1048; x_wconf 84' lang='lat' dir='ltr'><strong>Beatus</strong></span> <span class='ocrx_word' id='word_1_172' title='bbox 2221 993 2388 1065; x_wconf 90' lang='lat' dir='ltr'><strong>igitur</strong></span> <span class='ocrx_word' id='word_1_173' title='bbox 2414 994 2503 1048; x_wconf 88' lang='lat' dir='ltr'><strong>ille</strong></span> <span class='ocrx_word' id='word_1_174' title='bbox 2543 1005 2708 1056; x_wconf 85' lang='lat' dir='ltr'><strong>quem</strong></span> <span class='ocrx_word' id='word_1_175' title='bbox 2746 993 3015 1048; x_wconf 80' lang='lat' dir='ltr'><strong>invenerit</strong></span> <span class='ocrx_word' id='word_1_176' title='bbox 3048 991 3344 1048; x_wconf 80' lang='lat' dir='ltr'><strong>succinctis</strong></span> <span class='ocrx_word' id='word_1_177' title='bbox 3371 995 3590 1064; x_wconf 72' lang='lat' dir='ltr'><strong>lumbis,</strong></span> 
     </span>
    </p>
   </div>
   <div class='ocr_carea' id='block_1_24' title="bbox 1974 1084 3588 1158">
    <p class='ocr_par' dir='ltr' id='par_1_24' title="bbox 1974 1084 3588 1158">
     <span class='ocr_line' id='line_1_24' title="bbox 1974 1084 3588 1158; baseline 0.001 -17"><span class='ocrx_word' id='word_1_178' title='bbox 1974 1087 2076 1142; x_wconf 89' lang='lat' dir='ltr'><strong>hoc</strong></span> <span class='ocrx_word' id='word_1_179' title='bbox 2122 1097 2226 1152; x_wconf 84' lang='lat' dir='ltr'><strong>est,</strong></span> <span class='ocrx_word' id='word_1_180' title='bbox 2254 1103 2445 1142; x_wconf 69' lang='lat' dir='ltr'><strong>Verum</strong></span> <span class='ocrx_word' id='word_1_181' title='bbox 2485 1084 2860 1143; x_wconf 87' lang='lat' dir='ltr'><strong>Christianum</strong></span> <span class='ocrx_word' id='word_1_182' title='bbox 2896 1088 3281 1158; x_wconf 79' lang='lat' dir='ltr'><strong>philosophum</strong></span> <span class='ocrx_word' id='word_1_183' title='bbox 3312 1098 3588 1158; x_wconf 85' lang='lat' dir='ltr'><strong>agentem,</strong></span> 
     </span>
    </p>
   </div>
   <div class='ocr_carea' id='block_1_25' title="bbox 1972 1180 3590 1252">
    <p class='ocr_par' dir='ltr' id='par_1_25' title="bbox 1972 1180 3590 1252">
     <span class='ocr_line' id='line_1_25' title="bbox 1972 1180 3590 1252; baseline 0 -16"><span class='ocrx_word' id='word_1_184' title='bbox 1972 1192 2031 1236; x_wconf 85' lang='lat' dir='ltr'><strong>et</strong></span> <span class='ocrx_word' id='word_1_185' title='bbox 2086 1183 2154 1236; x_wconf 90' lang='lat' dir='ltr'><strong>ad</strong></span> <span class='ocrx_word' id='word_1_186' title='bbox 2214 1180 2581 1237; x_wconf 89' lang='lat' dir='ltr'><strong>ministerium</strong></span> <span class='ocrx_word' id='word_1_187' title='bbox 2639 1181 2732 1238; x_wconf 88' lang='lat' dir='ltr'><strong>Dei</strong></span> <span class='ocrx_word' id='word_1_188' title='bbox 2790 1195 3259 1252; x_wconf 68' lang='lat' dir='ltr'><strong>prmparalum,et</strong></span> <span class='ocrx_word' id='word_1_189' title='bbox 3297 1183 3590 1238; x_wconf 85' lang='lat' dir='ltr'><strong>habentem</strong></span> 
     </span>
    </p>
   </div>
   <div class='ocr_carea' id='block_1_26' title="bbox 1971 1274 3584 1346">
    <p class='ocr_par' dir='ltr' id='par_1_26' title="bbox 1971 1274 3584 1346">
     <span class='ocr_line' id='line_1_26' title="bbox 1971 1274 3584 1346; baseline 0.001 -17"><span class='ocrx_word' id='word_1_190' title='bbox 1971 1274 2254 1329; x_wconf 80' lang='lat' dir='ltr'><strong>lucernam</strong></span> <span class='ocrx_word' id='word_1_191' title='bbox 2293 1277 2522 1330; x_wconf 89' lang='lat' dir='ltr'><strong>rationis</strong></span> <span class='ocrx_word' id='word_1_192' title='bbox 2561 1285 2618 1330; x_wconf 91' lang='lat' dir='ltr'><strong>et</strong></span> <span class='ocrx_word' id='word_1_193' title='bbox 2653 1277 2846 1346; x_wconf 89' lang='lat' dir='ltr'><strong>judicii</strong></span> <span class='ocrx_word' id='word_1_194' title='bbox 2887 1278 3171 1330; x_wconf 83' lang='lat' dir='ltr'><strong>ardentem</strong></span> <span class='ocrx_word' id='word_1_195' title='bbox 3205 1295 3218 1331; x_wconf 90' lang='lat'><strong>:</strong></span> <span class='ocrx_word' id='word_1_196' title='bbox 3255 1287 3314 1331; x_wconf 91' lang='lat' dir='ltr'><strong>et</strong></span> <span class='ocrx_word' id='word_1_197' title='bbox 3353 1292 3458 1333; x_wconf 89' lang='lat' dir='ltr'><strong>nou</strong></span> <span class='ocrx_word' id='word_1_198' title='bbox 3494 1290 3584 1331; x_wconf 86' lang='lat' dir='ltr'><strong>so-</strong></span> 
     </span>
    </p>
   </div>
   <div class='ocr_carea' id='block_1_27' title="bbox 1971 1366 3585 1437">
    <p class='ocr_par' dir='ltr' id='par_1_27' title="bbox 1971 1366 3585 1437">
     <span class='ocr_line' id='line_1_27' title="bbox 1971 1366 3585 1437; baseline 0.002 -17"><span class='ocrx_word' id='word_1_199' title='bbox 1971 1367 2082 1422; x_wconf 93' lang='lat' dir='ltr'><strong>lum</strong></span> <span class='ocrx_word' id='word_1_200' title='bbox 2129 1366 2418 1422; x_wconf 77' lang='lat' dir='ltr'><strong>facientem</strong></span> <span class='ocrx_word' id='word_1_201' title='bbox 2453 1370 2599 1437; x_wconf 88' lang='lat' dir='ltr'><strong>quod</strong></span> <span class='ocrx_word' id='word_1_202' title='bbox 2647 1371 2873 1432; x_wconf 88' lang='lat' dir='ltr'><strong>bonum,</strong></span> <span class='ocrx_word' id='word_1_203' title='bbox 2923 1369 3020 1423; x_wconf 89' lang='lat' dir='ltr'><strong>sed</strong></span> <span class='ocrx_word' id='word_1_204' title='bbox 3077 1372 3213 1423; x_wconf 85' lang='lat' dir='ltr'><strong>bene</strong></span> <span class='ocrx_word' id='word_1_205' title='bbox 3247 1370 3412 1423; x_wconf 89' lang='lat' dir='ltr'><strong>ctiam</strong></span> <span class='ocrx_word' id='word_1_206' title='bbox 3446 1387 3460 1423; x_wconf 90' lang='lat'>:</span> <span class='ocrx_word' id='word_1_207' title='bbox 3492 1383 3585 1422; x_wconf 87' lang='lat' dir='ltr'><strong>ac-</strong></span> 
     </span>
    </p>
   </div>
   <div class='ocr_carea' id='block_1_28' title="bbox 1972 1461 3588 1530">
    <p class='ocr_par' dir='ltr' id='par_1_28' title="bbox 1972 1461 3588 1530">
     <span class='ocr_line' id='line_1_28' title="bbox 1972 1461 3588 1530; baseline 0.001 -16"><span class='ocrx_word' id='word_1_208' title='bbox 1972 1461 2380 1530; x_wconf 79' lang='lat' dir='ltr'><strong>cipientemque</strong></span> <span class='ocrx_word' id='word_1_209' title='bbox 2415 1471 2470 1516; x_wconf 89' lang='lat' dir='ltr'><strong>et</strong></span> <span class='ocrx_word' id='word_1_210' title='bbox 2496 1462 2976 1530; x_wconf 70' lang='lat' dir='ltr'><strong>contemplationis</strong></span> <span class='ocrx_word' id='word_1_211' title='bbox 3029 1461 3333 1515; x_wconf 86' lang='lat' dir='ltr'><strong>lucernam.</strong></span> <span class='ocrx_word' id='word_1_212' title='bbox 3369 1461 3588 1515; x_wconf 87' lang='lat' dir='ltr'><strong>Haben-</strong></span> 
     </span>
    </p>
   </div>
   <div class='ocr_carea' id='block_1_29' title="bbox 1971 1553 3589 1625">
    <p class='ocr_par' dir='ltr' id='par_1_29' title="bbox 1971 1553 3589 1625">
     <span class='ocr_line' id='line_1_29' title="bbox 1971 1553 3589 1625; baseline -0.001 -18"><span class='ocrx_word' id='word_1_213' title='bbox 1971 1555 2041 1607; x_wconf 92' lang='lat' dir='ltr'><strong>do</strong></span> <span class='ocrx_word' id='word_1_214' title='bbox 2073 1555 2221 1608; x_wconf 87' lang='lat' dir='ltr'><strong>enim</strong></span> <span class='ocrx_word' id='word_1_215' title='bbox 2279 1554 2495 1608; x_wconf 89' lang='lat' dir='ltr'><strong>lumbos</strong></span> <span class='ocrx_word' id='word_1_216' title='bbox 2549 1557 2879 1623; x_wconf 58' lang='lat' dir='ltr'><strong>praecinctos</strong></span> <span class='ocrx_word' id='word_1_217' title='bbox 2912 1555 3016 1625; x_wconf 79' lang='grc' dir='ltr'>(α),</span> <span class='ocrx_word' id='word_1_218' title='bbox 3044 1555 3202 1608; x_wconf 89' lang='lat' dir='ltr'><strong>nobis</strong></span> <span class='ocrx_word' id='word_1_219' title='bbox 3254 1555 3472 1607; x_wconf 81' lang='lat' dir='ltr'><strong>advenit</strong></span> <span class='ocrx_word' id='word_1_220' title='bbox 3506 1553 3589 1606; x_wconf 86' lang='lat' dir='ltr'><strong>lu-</strong></span> 
     </span>
    </p>
   </div>
   <div class='ocr_carea' id='block_1_30' title="bbox 1971 1647 3583 1715">
    <p class='ocr_par' dir='ltr' id='par_1_30' title="bbox 1971 1647 3583 1715">
     <span class='ocr_line' id='line_1_30' title="bbox 1971 1647 3583 1715; baseline -0.001 -15"><span class='ocrx_word' id='word_1_221' title='bbox 1971 1661 2135 1700; x_wconf 87' lang='lat' dir='ltr'><strong>cerua</strong></span> <span class='ocrx_word' id='word_1_222' title='bbox 2174 1648 2718 1715; x_wconf 82' lang='lat' dir='ltr'><strong>contemplationis:</strong></span> <span class='ocrx_word' id='word_1_223' title='bbox 2753 1649 2864 1701; x_wconf 90' lang='lat' dir='ltr'><strong>imo</strong></span> <span class='ocrx_word' id='word_1_224' title='bbox 2911 1649 3094 1715; x_wconf 90' lang='lat' dir='ltr'><strong>potius</strong></span> <span class='ocrx_word' id='word_1_225' title='bbox 3154 1647 3394 1700; x_wconf 73' lang='lat' dir='ltr'><strong>lurerure</strong></span> <span class='ocrx_word' id='word_1_226' title='bbox 3442 1647 3583 1710; x_wconf 66' lang='lat' dir='ltr'><strong>dure,</strong></span> 
     </span>
    </p>
   </div>
   <div class='ocr_carea' id='block_1_31' title="bbox 1970 1737 3592 1808">
    <p class='ocr_par' dir='ltr' id='par_1_31' title="bbox 1970 1737 3592 1808">
     <span class='ocr_line' id='line_1_31' title="bbox 1970 1737 3592 1808; baseline -0.001 -15"><span class='ocrx_word' id='word_1_227' title='bbox 1970 1755 2078 1793; x_wconf 88' lang='lat' dir='ltr'><strong>una</strong></span> <span class='ocrx_word' id='word_1_228' title='bbox 2125 1754 2247 1808; x_wconf 65' lang='lat' dir='ltr'><strong>quae</strong></span> <span class='ocrx_word' id='word_1_229' title='bbox 2275 1749 2359 1793; x_wconf 91' lang='lat' dir='ltr'><strong>est</strong></span> <span class='ocrx_word' id='word_1_230' title='bbox 2389 1740 2440 1792; x_wconf 91' lang='lat' dir='ltr'><strong>in</strong></span> <span class='ocrx_word' id='word_1_231' title='bbox 2471 1741 2656 1803; x_wconf 82' lang='lat' dir='ltr'><strong>corde,</strong></span> <span class='ocrx_word' id='word_1_232' title='bbox 2687 1747 2741 1792; x_wconf 92' lang='lat' dir='ltr'><strong>et</strong></span> <span class='ocrx_word' id='word_1_233' title='bbox 2788 1739 2958 1794; x_wconf 86' lang='lat' dir='ltr'><strong>altera</strong></span> <span class='ocrx_word' id='word_1_234' title='bbox 3016 1739 3304 1791; x_wconf 89' lang='lat' dir='ltr'><strong>sermonis.</strong></span> <span class='ocrx_word' id='word_1_235' title='bbox 3334 1737 3592 1805; x_wconf 64' lang='lat' dir='ltr'><strong>Ejusmov</strong></span> 
     </span>
    </p>
   </div>
   <div class='ocr_carea' id='block_1_32' title="bbox 1971 1829 3585 1888">
    <p class='ocr_par' dir='ltr' id='par_1_32' title="bbox 1971 1829 3585 1888">
     <span class='ocr_line' id='line_1_32' title="bbox 1971 1829 3585 1888; baseline -0.002 0"><span class='ocrx_word' id='word_1_236' title='bbox 1971 1833 2026 1888; x_wconf 89' lang='lat' dir='ltr'><strong>di</strong></span> <span class='ocrx_word' id='word_1_237' title='bbox 2075 1833 2313 1887; x_wconf 89' lang='lat' dir='ltr'><strong>ministri</strong></span> <span class='ocrx_word' id='word_1_238' title='bbox 2360 1835 2523 1887; x_wconf 88' lang='lat' dir='ltr'><strong>etiam</strong></span> <span class='ocrx_word' id='word_1_239' title='bbox 2574 1833 2839 1888; x_wconf 88' lang='lat' dir='ltr'><strong>Dominus</strong></span> <span class='ocrx_word' id='word_1_240' title='bbox 2898 1833 3147 1886; x_wconf 90' lang='lat' dir='ltr'><strong>minister</strong></span> <span class='ocrx_word' id='word_1_241' title='bbox 3193 1829 3585 1886; x_wconf 78' lang='lat' dir='ltr'><strong>erit.Pr-.iecin-</strong></span> 
     </span>
    </p>
   </div>
   <div class='ocr_carea' id='block_1_33' title="bbox 243 1908 1853 2000">
    <p class='ocr_par' dir='ltr' id='par_1_33' title="bbox 243 1908 1853 1990">
     <span class='ocr_line' id='line_1_33' title="bbox 243 1908 1853 1990; baseline 0.004 -25"><span class='ocrx_word' id='word_1_242' title='bbox 243 1908 339 1965; x_wconf 79' lang='grc' dir='ltr'>οὖν</span> <span class='ocrx_word' id='word_1_243' title='bbox 370 1913 667 1983; x_wconf 84' lang='grc' dir='ltr'>θεράποντι</span> <span class='ocrx_word' id='word_1_244' title='bbox 719 1913 980 1984; x_wconf 79' lang='grc' dir='ltr'>θεράπων</span> <span class='ocrx_word' id='word_1_245' title='bbox 1013 1915 1040 1967; x_wconf 81' lang='grc' dir='ltr'>ὁ</span> <span class='ocrx_word' id='word_1_246' title='bbox 1078 1916 1282 1986; x_wconf 77' lang='grc' dir='ltr'>Κύριος</span> <span class='ocrx_word' id='word_1_247' title='bbox 1319 1918 1552 1986; x_wconf 87' lang='grc' dir='ltr'>γίνεται.</span> <span class='ocrx_word' id='word_1_248' title='bbox 1606 1920 1853 1990; x_wconf 81' lang='grc' dir='ltr'>Περιζώ-</span> 
     </span>
    </p>
   </div>
   <div class='ocr_carea' id='block_1_34' title="bbox 1958 1908 3582 2000">
    <p class='ocr_par' dir='ltr' id='par_1_34' title="bbox 1965 1925 3582 2000">
     <span class='ocr_line' id='line_1_34' title="bbox 1965 1925 3582 2000; baseline -0.001 -19"><span class='ocrx_word' id='word_1_249' title='bbox 1965 1937 2122 2000; x_wconf 89' lang='lat' dir='ltr'><strong>getur</strong></span> <span class='ocrx_word' id='word_1_250' title='bbox 2175 1927 2347 1992; x_wconf 87' lang='lat' dir='ltr'><strong>enim,</strong></span> <span class='ocrx_word' id='word_1_251' title='bbox 2400 1927 2600 1994; x_wconf 85' lang='lat' dir='ltr'><strong>inquit,</strong></span> <span class='ocrx_word' id='word_1_252' title='bbox 2638 1937 2693 1980; x_wconf 89' lang='lat' dir='ltr'><strong>et</strong></span> <span class='ocrx_word' id='word_1_253' title='bbox 2748 1925 3078 1980; x_wconf 86' lang='lat' dir='ltr'><strong>recumbere</strong></span> <span class='ocrx_word' id='word_1_254' title='bbox 3132 1925 3254 1977; x_wconf 86' lang='lat' dir='ltr'><strong>illos</strong></span> <span class='ocrx_word' id='word_1_255' title='bbox 3308 1925 3582 1990; x_wconf 80' lang='lat' dir='ltr'><strong>faciet,et</strong></span> 
     </span>
    </p>
   </div>
   <div class='ocr_carea' id='block_1_35' title="bbox 245 2006 1856 2083">
    <p class='ocr_par' dir='ltr' id='par_1_35' title="bbox 245 2006 1856 2083">
     <span class='ocr_line' id='line_1_35' title="bbox 245 2006 1856 2083; baseline 0.004 -25"><span class='ocrx_word' id='word_1_256' title='bbox 245 2022 404 2058; x_wconf 84' lang='grc' dir='ltr'>σεται</span> <span class='ocrx_word' id='word_1_257' title='bbox 429 2006 562 2075; x_wconf 81' lang='grc' dir='ltr'>γάρ,</span> <span class='ocrx_word' id='word_1_258' title='bbox 588 2007 747 2077; x_wconf 80' lang='grc' dir='ltr'>φησὶ,</span> <span class='ocrx_word' id='word_1_259' title='bbox 769 2008 861 2059; x_wconf 73' lang='grc' dir='ltr'>καὶ</span> <span class='ocrx_word' id='word_1_260' title='bbox 882 2007 1167 2060; x_wconf 82' lang='grc' dir='ltr'>ἀνακλινεῖ</span> <span class='ocrx_word' id='word_1_261' title='bbox 1187 2011 1410 2074; x_wconf 85' lang='grc' dir='ltr'>αὐτούς.</span> <span class='ocrx_word' id='word_1_262' title='bbox 1437 2014 1547 2066; x_wconf 78' lang='grc' dir='ltr'><strong>Καὶ</strong></span> <span class='ocrx_word' id='word_1_263' title='bbox 1566 2013 1856 2083; x_wconf 82' lang='grc' dir='ltr'>παρελθὼν</span> 
     </span>
    </p>
   </div>
   <div class='ocr_carea' id='block_1_36' title="bbox 241 2099 1854 2176">
    <p class='ocr_par' dir='ltr' id='par_1_36' title="bbox 241 2099 1854 2176">
     <span class='ocr_line' id='line_1_36' title="bbox 241 2099 1854 2176; baseline 0.004 -24"><span class='ocrx_word' id='word_1_264' title='bbox 241 2099 556 2170; x_wconf 75' lang='grc' dir='ltr'>διακονήσει</span> <span class='ocrx_word' id='word_1_265' title='bbox 613 2103 841 2164; x_wconf 82' lang='grc' dir='ltr'>αὐτοῖς·</span> <span class='ocrx_word' id='word_1_266' title='bbox 908 2103 1319 2173; x_wconf 75' lang='grc' dir='ltr'>περιζώννυται</span> <span class='ocrx_word' id='word_1_267' title='bbox 1381 2106 1480 2176; x_wconf 74' lang='grc' dir='ltr'>μὲν</span> <span class='ocrx_word' id='word_1_268' title='bbox 1533 2103 1627 2159; x_wconf 78' lang='grc' dir='ltr'><strong>οὖν</strong></span> <span class='ocrx_word' id='word_1_269' title='bbox 1661 2109 1687 2158; x_wconf 84' lang='grc' dir='ltr'><strong>ό</strong></span> <span class='ocrx_word' id='word_1_270' title='bbox 1722 2107 1854 2170; x_wconf 83' lang='grc' dir='ltr'>Θεὸς</span> 
     </span>
    </p>
   </div>
   <div class='ocr_carea' id='block_1_37' title="bbox 240 2191 1854 2272">
    <p class='ocr_par' dir='ltr' id='par_1_37' title="bbox 240 2191 1854 2272">
     <span class='ocr_line' id='line_1_37' title="bbox 240 2191 1854 2272; baseline 0.006 -28"><span class='ocrx_word' id='word_1_271' title='bbox 240 2191 380 2245; x_wconf 85' lang='grc' dir='ltr'>καθὸ</span> <span class='ocrx_word' id='word_1_272' title='bbox 405 2194 504 2264; x_wconf 85' lang='grc' dir='ltr'><strong>οὑχ</strong></span> <span class='ocrx_word' id='word_1_273' title='bbox 534 2191 754 2247; x_wconf 72' lang='grc' dir='ltr'>ἃπασαν</span> <span class='ocrx_word' id='word_1_274' title='bbox 795 2194 902 2266; x_wconf 82' lang='grc' dir='ltr'>τὴν</span> <span class='ocrx_word' id='word_1_275' title='bbox 943 2197 1054 2250; x_wconf 88' lang='grc' dir='ltr'><strong>τῶν</strong></span> <span class='ocrx_word' id='word_1_276' title='bbox 1084 2195 1309 2265; x_wconf 82' lang='grc' dir='ltr'>ἀγαθῶν</span> <span class='ocrx_word' id='word_1_277' title='bbox 1363 2198 1521 2268; x_wconf 81' lang='grc' dir='ltr'>χύσιν</span> <span class='ocrx_word' id='word_1_278' title='bbox 1567 2203 1700 2272; x_wconf 78' lang='grc' dir='ltr'>ἡμῖν</span> <span class='ocrx_word' id='word_1_279' title='bbox 1730 2202 1854 2254; x_wconf 79' lang='grc' dir='ltr'>ἑπι-</span> 
     </span>
    </p>
   </div>
   <div class='ocr_carea' id='block_1_38' title="bbox 241 2287 1852 2362">
    <p class='ocr_par' dir='ltr' id='par_1_38' title="bbox 241 2287 1852 2362">
     <span class='ocr_line' id='line_1_38' title="bbox 241 2287 1852 2362; baseline 0.007 -28"><span class='ocrx_word' id='word_1_280' title='bbox 241 2290 496 2355; x_wconf 74' lang='grc' dir='ltr'>χορηγεῖ,</span> <span class='ocrx_word' id='word_1_281' title='bbox 551 2287 670 2339; x_wconf 77' lang='grc' dir='ltr'>ἀλλ’</span> <span class='ocrx_word' id='word_1_282' title='bbox 708 2288 1034 2342; x_wconf 77' lang='grc' dir='ltr'>ἀναστέλλει</span> <span class='ocrx_word' id='word_1_283' title='bbox 1085 2289 1293 2361; x_wconf 86' lang='grc' dir='ltr'>ταύτην</span> <span class='ocrx_word' id='word_1_284' title='bbox 1320 2306 1334 2320; x_wconf 87' lang='grc'><strong>·</strong></span> <span class='ocrx_word' id='word_1_285' title='bbox 1370 2292 1453 2354; x_wconf 88' lang='grc' dir='ltr'><strong>τίς</strong></span> <span class='ocrx_word' id='word_1_286' title='bbox 1485 2293 1598 2362; x_wconf 84' lang='grc' dir='ltr'><strong>γὰρ</strong></span> <span class='ocrx_word' id='word_1_287' title='bbox 1627 2293 1852 2348; x_wconf 87' lang='grc' dir='ltr'>δύναται</span> 
     </span>
    </p>
   </div>
   <div class='ocr_carea' id='block_1_39' title="bbox 239 2374 1852 2457">
    <p class='ocr_par' dir='ltr' id='par_1_39' title="bbox 239 2374 1852 2457">
     <span class='ocr_line' id='line_1_39' title="bbox 239 2374 1852 2457; baseline 0.008 -31"><span class='ocrx_word' id='word_1_288' title='bbox 239 2374 498 2446; x_wconf 83' lang='grc' dir='ltr'>χωρῆσαι</span> <span class='ocrx_word' id='word_1_289' title='bbox 531 2375 688 2441; x_wconf 83' lang='grc' dir='ltr'>Θεὸν,</span> <span class='ocrx_word' id='word_1_290' title='bbox 716 2378 842 2442; x_wconf 82' lang='grc' dir='ltr'>ὅσος</span> <span class='ocrx_word' id='word_1_291' title='bbox 873 2380 1029 2445; x_wconf 70' lang='lat' dir='ltr'><strong>lati;</strong></span> <span class='ocrx_word' id='word_1_292' title='bbox 1055 2381 1164 2433; x_wconf 78' lang='grc' dir='ltr'><strong>Καὶ</strong></span> <span class='ocrx_word' id='word_1_293' title='bbox 1187 2381 1344 2450; x_wconf 83' lang='grc' dir='ltr'>δῆλον</span> <span class='ocrx_word' id='word_1_294' title='bbox 1369 2383 1433 2434; x_wconf 68' lang='grc' dir='ltr'>ἑκ</span> <span class='ocrx_word' id='word_1_295' title='bbox 1454 2384 1563 2436; x_wconf 83' lang='grc' dir='ltr'><strong>τῶν</strong></span> <span class='ocrx_word' id='word_1_296' title='bbox 1596 2385 1852 2457; x_wconf 76' lang='grc' dir='ltr'>Σεραφὶμ</span> 
     </span>
    </p>
   </div>
   <div class='ocr_carea' id='block_1_40' title="bbox 239 2467 1850 2545">
    <p class='ocr_par' dir='ltr' id='par_1_40' title="bbox 239 2467 1850 2545">
     <span class='ocr_line' id='line_1_40' title="bbox 239 2467 1850 2545; baseline 0.007 -26"><span class='ocrx_word' id='word_1_297' title='bbox 239 2467 678 2540; x_wconf 80' lang='grc' dir='ltr'>καλυπτομένων</span> <span class='ocrx_word' id='word_1_298' title='bbox 702 2471 792 2524; x_wconf 87' lang='grc' dir='ltr'><strong>διά</strong></span> <span class='ocrx_word' id='word_1_299' title='bbox 821 2472 920 2542; x_wconf 81' lang='grc' dir='ltr'>τὴν</span> <span class='ocrx_word' id='word_1_300' title='bbox 962 2473 1275 2544; x_wconf 71' lang='grc' dir='ltr'>ὑπερϐολὴν</span> <span class='ocrx_word' id='word_1_301' title='bbox 1318 2473 1414 2527; x_wconf 82' lang='grc' dir='ltr'><strong>τοῦ</strong></span> <span class='ocrx_word' id='word_1_302' title='bbox 1455 2473 1601 2528; x_wconf 81' lang='grc' dir='ltr'>θείου</span> <span class='ocrx_word' id='word_1_303' title='bbox 1639 2479 1850 2545; x_wconf 86' lang='grc' dir='ltr'>φωτός⁶</span> 
     </span>
    </p>
   </div>
   <div class='ocr_carea' id='block_1_41' title="bbox 238 2561 1852 2645">
    <p class='ocr_par' dir='ltr' id='par_1_41' title="bbox 238 2561 1852 2645">
     <span class='ocr_line' id='line_1_41' title="bbox 238 2561 1852 2645; baseline 0.007 -31"><span class='ocrx_word' id='word_1_304' title='bbox 238 2561 521 2645; x_wconf 67' lang='grc' dir='ltr'>ἀνακλίνξι</span> <span class='ocrx_word' id='word_1_305' title='bbox 568 2564 625 2617; x_wconf 76' lang='grc' dir='ltr'>δὲ</span> <span class='ocrx_word' id='word_1_306' title='bbox 671 2566 799 2627; x_wconf 87' lang='grc' dir='ltr'>τοὺς</span> <span class='ocrx_word' id='word_1_307' title='bbox 855 2566 1056 2631; x_wconf 65' lang='grc' dir='ltr'>καλοὺς</span> <span class='ocrx_word' id='word_1_308' title='bbox 1095 2568 1318 2633; x_wconf 86' lang='grc' dir='ltr'>δούλους</span> <span class='ocrx_word' id='word_1_309' title='bbox 1357 2585 1370 2599; x_wconf 93' lang='grc'><strong>·</strong></span> <span class='ocrx_word' id='word_1_310' title='bbox 1415 2570 1574 2634; x_wconf 83' lang='grc' dir='ltr'>ὅλους</span> <span class='ocrx_word' id='word_1_311' title='bbox 1619 2572 1730 2643; x_wconf 81' lang='grc' dir='ltr'>γὰρ</span> <span class='ocrx_word' id='word_1_312' title='bbox 1784 2573 1852 2626; x_wconf 85' lang='grc' dir='ltr'><strong>δι’</strong></span> 
     </span>
    </p>
   </div>
   <div class='ocr_carea' id='block_1_42' title="bbox 237 2656 1842 2734">
    <p class='ocr_par' dir='ltr' id='par_1_42' title="bbox 237 2656 1842 2734">
     <span class='ocr_line' id='line_1_42' title="bbox 237 2656 1842 2734; baseline 0.006 -25"><span class='ocrx_word' id='word_1_313' title='bbox 237 2656 382 2709; x_wconf 86' lang='grc' dir='ltr'>ὃλων</span> <span class='ocrx_word' id='word_1_314' title='bbox 442 2657 748 2712; x_wconf 78' lang='grc' dir='ltr'>ἀναπαύει·</span> <span class='ocrx_word' id='word_1_315' title='bbox 801 2659 877 2725; x_wconf 84' lang='grc' dir='ltr'>ὡς</span> <span class='ocrx_word' id='word_1_316' title='bbox 929 2662 1093 2732; x_wconf 75' lang='grc' dir='ltr'>γὰρὸ</span> <span class='ocrx_word' id='word_1_317' title='bbox 1126 2663 1563 2734; x_wconf 75' lang='grc' dir='ltr'>ἀνακεκλιμένος</span> <span class='ocrx_word' id='word_1_318' title='bbox 1617 2667 1740 2719; x_wconf 75' lang='grc' dir='ltr'>ὅλον</span> <span class='ocrx_word' id='word_1_319' title='bbox 1779 2667 1842 2719; x_wconf 90' lang='grc' dir='ltr'><strong>τὸ</strong></span> 
     </span>
    </p>
   </div>
   <div class='ocr_carea' id='block_1_43' title="bbox 240 2747 1852 2830">
    <p class='ocr_par' dir='ltr' id='par_1_43' title="bbox 240 2747 1852 2830">
     <span class='ocr_line' id='line_1_43' title="bbox 240 2747 1852 2830; baseline 0.007 -29"><span class='ocrx_word' id='word_1_320' title='bbox 240 2747 405 2818; x_wconf 88' lang='grc' dir='ltr'>σῶμα</span> <span class='ocrx_word' id='word_1_321' title='bbox 438 2750 736 2813; x_wconf 82' lang='grc' dir='ltr'>ἀναπαύει.</span> <span class='ocrx_word' id='word_1_322' title='bbox 773 2751 919 2806; x_wconf 82' lang='grc' dir='ltr'>οὑτω</span> <span class='ocrx_word' id='word_1_323' title='bbox 957 2759 1052 2807; x_wconf 72' lang='grc' dir='ltr'>καὶ</span> <span class='ocrx_word' id='word_1_324' title='bbox 1077 2756 1136 2808; x_wconf 72' lang='grc' dir='ltr'>ιν</span> <span class='ocrx_word' id='word_1_325' title='bbox 1160 2759 1228 2826; x_wconf 76' lang='grc' dir='ltr'>τῇ</span> <span class='ocrx_word' id='word_1_326' title='bbox 1262 2753 1537 2829; x_wconf 77' lang='grc' dir='ltr'>μελλούσῃ</span> <span class='ocrx_word' id='word_1_327' title='bbox 1570 2759 1852 2830; x_wconf 77' lang='grc' dir='ltr'>παρουσίᾳ</span> 
     </span>
    </p>
   </div>
   <div class='ocr_carea' id='block_1_44' title="bbox 236 2835 1850 2925">
    <p class='ocr_par' dir='ltr' id='par_1_44' title="bbox 236 2835 1850 2925">
     <span class='ocr_line' id='line_1_44' title="bbox 236 2835 1850 2925; baseline 0.008 -29"><span class='ocrx_word' id='word_1_328' title='bbox 236 2841 354 2896; x_wconf 82' lang='grc' dir='ltr'>δλοι</span> <span class='ocrx_word' id='word_1_329' title='bbox 384 2843 452 2896; x_wconf 81' lang='grc' dir='ltr'>δι’</span> <span class='ocrx_word' id='word_1_330' title='bbox 485 2845 622 2898; x_wconf 85' lang='grc' dir='ltr'>ὅλων</span> <span class='ocrx_word' id='word_1_331' title='bbox 654 2845 703 2898; x_wconf 86' lang='grc' dir='ltr'><strong>οί</strong></span> <span class='ocrx_word' id='word_1_332' title='bbox 754 2845 900 2915; x_wconf 82' lang='grc' dir='ltr'>ἆγιοι</span> <span class='ocrx_word' id='word_1_333' title='bbox 950 2835 1352 2906; x_wconf 76' lang='grc' dir='ltr'>ἀναπαύονται.</span> <span class='ocrx_word' id='word_1_334' title='bbox 1428 2854 1700 2908; x_wconf 79' lang='grc' dir='ltr'>Ἐνταῦθα</span> <span class='ocrx_word' id='word_1_335' title='bbox 1747 2856 1850 2925; x_wconf 83' lang='grc' dir='ltr'>μὲν</span> 
     </span>
    </p>
   </div>
   <div class='ocr_carea' id='block_1_45' title="bbox 240 2930 1848 3010">
    <p class='ocr_par' dir='ltr' id='par_1_45' title="bbox 240 2930 1848 3010">
     <span class='ocr_line' id='line_1_45' title="bbox 240 2930 1848 3010; baseline 0.009 -26"><span class='ocrx_word' id='word_1_336' title='bbox 240 2932 359 3002; x_wconf 81' lang='grc' dir='ltr'><strong>γὰρ</strong></span> <span class='ocrx_word' id='word_1_337' title='bbox 398 2933 474 3002; x_wconf 81' lang='grc' dir='ltr'>τῷ</span> <span class='ocrx_word' id='word_1_338' title='bbox 505 2930 721 3004; x_wconf 87' lang='grc' dir='ltr'>σώματι</span> <span class='ocrx_word' id='word_1_339' title='bbox 761 2935 950 2992; x_wconf 82' lang='grc' dir='ltr'>ἀνεσιν</span> <span class='ocrx_word' id='word_1_340' title='bbox 1014 2940 1112 3010; x_wconf 84' lang='grc' dir='ltr'>οὐχ</span> <span class='ocrx_word' id='word_1_341' title='bbox 1151 2941 1529 3010; x_wconf 81' lang='grc' dir='ltr'>εὑρίσκουσιν,</span> <span class='ocrx_word' id='word_1_342' title='bbox 1579 2946 1762 2997; x_wconf 76' lang='grc' dir='ltr'>εκεῖσε</span> <span class='ocrx_word' id='word_1_343' title='bbox 1791 2945 1848 2998; x_wconf 81' lang='grc' dir='ltr'>δὲ</span> 
     </span>
    </p>
   </div>
   <div class='ocr_carea' id='block_1_46' title="bbox 238 3020 1850 3100">
    <p class='ocr_par' dir='ltr' id='par_1_46' title="bbox 238 3020 1850 3100">
     <span class='ocr_line' id='line_1_46' title="bbox 238 3020 1850 3100; baseline 0.011 -28"><span class='ocrx_word' id='word_1_344' title='bbox 238 3020 345 3073; x_wconf 75' lang='grc' dir='ltr'>σὺν</span> <span class='ocrx_word' id='word_1_345' title='bbox 401 3025 523 3084; x_wconf 75' lang='grc' dir='ltr'>ταῖς</span> <span class='ocrx_word' id='word_1_346' title='bbox 576 3024 778 3094; x_wconf 79' lang='grc' dir='ltr'>ψυχαῖς</span> <span class='ocrx_word' id='word_1_347' title='bbox 811 3028 906 3078; x_wconf 78' lang='grc' dir='ltr'>καὶ</span> <span class='ocrx_word' id='word_1_348' title='bbox 934 3027 1003 3078; x_wconf 84' lang='grc' dir='ltr'>τὰ</span> <span class='ocrx_word' id='word_1_349' title='bbox 1036 3033 1392 3100; x_wconf 80' lang='grc' dir='ltr'>πνευματικά</span> <span class='ocrx_word' id='word_1_350' title='bbox 1424 3025 1610 3086; x_wconf 72' lang='grc' dir='ltr'>αὐτῶν</span> <span class='ocrx_word' id='word_1_351' title='bbox 1655 3035 1756 3088; x_wconf 63' lang='grc' dir='ltr'><strong>καλ⁸</strong></span> <span class='ocrx_word' id='word_1_352' title='bbox 1781 3035 1850 3090; x_wconf 85' lang='grc' dir='ltr'>τὰ</span> 
     </span>
    </p>
   </div>
   <div class='ocr_carea' id='block_1_47' title="bbox 238 3107 1850 3195">
    <p class='ocr_par' dir='ltr' id='par_1_47' title="bbox 238 3107 1850 3195">
     <span class='ocr_line' id='line_1_47' title="bbox 238 3107 1850 3195; baseline 0.011 -35"><span class='ocrx_word' id='word_1_353' title='bbox 238 3107 364 3162; x_wconf 81' lang='grc' dir='ltr'>θεῖα</span> <span class='ocrx_word' id='word_1_354' title='bbox 420 3109 653 3181; x_wconf 86' lang='grc' dir='ltr'>σώματα</span> <span class='ocrx_word' id='word_1_355' title='bbox 705 3113 1020 3186; x_wconf 72' lang='grc' dir='ltr'>ἀφθαρσίαν</span> <span class='ocrx_word' id='word_1_356' title='bbox 1080 3117 1610 3192; x_wconf 79' lang='grc' dir='ltr'>κληρονομήσαντα,</span> <span class='ocrx_word' id='word_1_357' title='bbox 1667 3123 1850 3195; x_wconf 80' lang='grc' dir='ltr'>πάσης</span> 
     </span>
    </p>
   </div>
   <div class='ocr_carea' id='block_1_48' title="bbox 236 3204 1851 3280">
    <p class='ocr_par' dir='ltr' id='par_1_48' title="bbox 236 3204 1851 3280">
     <span class='ocr_line' id='line_1_48' title="bbox 236 3204 1851 3280; baseline 0.012 -25"><span class='ocrx_word' id='word_1_358' title='bbox 236 3204 611 3270; x_wconf 49' lang='grc' dir='ltr'>ἀναπαύσεως,</span> <span class='ocrx_word' id='word_1_359' title='bbox 633 3207 1025 3273; x_wconf 78' lang='grc' dir='ltr'>ἀπολαύουσιν,</span> <span class='ocrx_word' id='word_1_360' title='bbox 1056 3214 1148 3265; x_wconf 84' lang='grc' dir='ltr'>καὶ</span> <span class='ocrx_word' id='word_1_361' title='bbox 1180 3214 1338 3268; x_wconf 68' lang='grc' dir='ltr'>ἔσται</span> <span class='ocrx_word' id='word_1_362' title='bbox 1361 3218 1388 3268; x_wconf 87' lang='grc' dir='ltr'><strong>ὁ</strong></span> <span class='ocrx_word' id='word_1_363' title='bbox 1417 3215 1552 3280; x_wconf 85' lang='grc' dir='ltr'>Θεὸς</span> <span class='ocrx_word' id='word_1_364' title='bbox 1573 3218 1644 3271; x_wconf 83' lang='grc' dir='ltr'>τὰ</span> <span class='ocrx_word' id='word_1_365' title='bbox 1671 3221 1851 3273; x_wconf 84' lang='grc' dir='ltr'>πάντα</span> 
     </span>
    </p>
   </div>
   <div class='ocr_carea' id='block_1_49' title="bbox 236 3298 1850 3380">
    <p class='ocr_par' dir='ltr' id='par_1_49' title="bbox 236 3298 1850 3380">
     <span class='ocr_line' id='line_1_49' title="bbox 236 3298 1850 3380; baseline 0.009 -30"><span class='ocrx_word' id='word_1_366' title='bbox 236 3298 298 3350; x_wconf 81' lang='grc' dir='ltr'>ὲν</span> <span class='ocrx_word' id='word_1_367' title='bbox 317 3299 482 3350; x_wconf 82' lang='grc' dir='ltr'>πᾶσιν</span> <span class='ocrx_word' id='word_1_368' title='bbox 516 3299 702 3362; x_wconf 84' lang='grc' dir='ltr'>αὐτοῖς</span> <span class='ocrx_word' id='word_1_369' title='bbox 720 3317 735 3331; x_wconf 79' lang='grc' dir='ltr'><strong>ο</strong></span> <span class='ocrx_word' id='word_1_370' title='bbox 759 3301 1002 3355; x_wconf 74' lang='grc' dir='ltr'>διακονεῖ</span> <span class='ocrx_word' id='word_1_371' title='bbox 1027 3303 1082 3357; x_wconf 85' lang='grc' dir='ltr'>δὲ</span> <span class='ocrx_word' id='word_1_372' title='bbox 1113 3307 1228 3369; x_wconf 84' lang='grc' dir='ltr'>τοῖς</span> <span class='ocrx_word' id='word_1_373' title='bbox 1250 3307 1445 3373; x_wconf 77' lang='grc' dir='ltr'>ἀξίοις,</span> <span class='ocrx_word' id='word_1_374' title='bbox 1476 3309 1850 3380; x_wconf 79' lang='grc' dir='ltr'>ἀμειϐόμενος</span> 
     </span>
    </p>
   </div>
   <div class='ocr_carea' id='block_1_50' title="bbox 235 3389 1850 3474">
    <p class='ocr_par' dir='ltr' id='par_1_50' title="bbox 235 3389 1850 3474">
     <span class='ocr_line' id='line_1_50' title="bbox 235 3389 1850 3474; baseline 0.009 -33"><span class='ocrx_word' id='word_1_375' title='bbox 235 3389 442 3453; x_wconf 74' lang='grc' dir='ltr'>αὐτοὺς</span> <span class='ocrx_word' id='word_1_376' title='bbox 471 3393 583 3454; x_wconf 86' lang='grc' dir='ltr'>τοῖς</span> <span class='ocrx_word' id='word_1_377' title='bbox 607 3391 744 3454; x_wconf 70' lang='lat' dir='ltr'><strong>(cor;</strong></span> <span class='ocrx_word' id='word_1_378' title='bbox 763 3410 776 3424; x_wconf 84' lang='lat'><strong><em>°</em></strong></span> <span class='ocrx_word' id='word_1_379' title='bbox 808 3397 902 3448; x_wconf 79' lang='grc' dir='ltr'>καὶ</span> <span class='ocrx_word' id='word_1_380' title='bbox 922 3395 1113 3467; x_wconf 80' lang='grc' dir='ltr'>ὥσπερ</span> <span class='ocrx_word' id='word_1_381' title='bbox 1135 3398 1292 3451; x_wconf 75' lang='grc' dir='ltr'>αὐτοὶ</span> <span class='ocrx_word' id='word_1_382' title='bbox 1318 3399 1469 3470; x_wconf 90' lang='grc' dir='ltr'><strong>αὑτῷ</strong></span> <span class='ocrx_word' id='word_1_383' title='bbox 1494 3401 1850 3474; x_wconf 80' lang='grc' dir='ltr'><strong>διηκόνησαν⁷</strong></span> 
     </span>
    </p>
   </div>
   <div class='ocr_carea' id='block_1_51' title="bbox 235 3480 1849 3565">
    <p class='ocr_par' dir='ltr' id='par_1_51' title="bbox 235 3480 1849 3565">
     <span class='ocr_line' id='line_1_51' title="bbox 235 3480 1849 3565; baseline 0.008 -29"><span class='ocrx_word' id='word_1_384' title='bbox 235 3480 386 3536; x_wconf 79' lang='grc' dir='ltr'>οὕτω</span> <span class='ocrx_word' id='word_1_385' title='bbox 417 3487 510 3548; x_wconf 65' lang='grc' dir='ltr'>καὶ</span> <span class='ocrx_word' id='word_1_386' title='bbox 547 3480 710 3548; x_wconf 82' lang='grc' dir='ltr'>αὑτὸς</span> <span class='ocrx_word' id='word_1_387' title='bbox 744 3487 927 3551; x_wconf 73' lang='grc' dir='ltr'>αὐτοῖς</span> <span class='ocrx_word' id='word_1_388' title='bbox 951 3491 1249 3560; x_wconf 81' lang='grc' dir='ltr'>ὑπηρετῶν</span> <span class='ocrx_word' id='word_1_389' title='bbox 1304 3495 1399 3545; x_wconf 79' lang='grc' dir='ltr'>καὶ</span> <span class='ocrx_word' id='word_1_390' title='bbox 1441 3495 1640 3565; x_wconf 77' lang='grc' dir='ltr'>δαψιλῆ</span> <span class='ocrx_word' id='word_1_391' title='bbox 1664 3497 1849 3562; x_wconf 80' lang='grc' dir='ltr'>αὐτοῖς</span> 
     </span>
    </p>
   </div>
   <div class='ocr_carea' id='block_1_52' title="bbox 235 3579 1851 3663">
    <p class='ocr_par' dir='ltr' id='par_1_52' title="bbox 235 3579 1851 3663">
     <span class='ocr_line' id='line_1_52' title="bbox 235 3579 1851 3663; baseline 0.011 -35"><span class='ocrx_word' id='word_1_392' title='bbox 235 3579 838 3650; x_wconf 77' lang='grc' dir='ltr'>παρέχων-τράπεζαν,</span> <span class='ocrx_word' id='word_1_393' title='bbox 891 3586 981 3636; x_wconf 82' lang='grc' dir='ltr'>καὶ</span> <span class='ocrx_word' id='word_1_394' title='bbox 1015 3585 1114 3653; x_wconf 79' lang='grc' dir='ltr'>τὴν</span> <span class='ocrx_word' id='word_1_395' title='bbox 1163 3587 1273 3638; x_wconf 87' lang='grc' dir='ltr'><strong>τῶν</strong></span> <span class='ocrx_word' id='word_1_396' title='bbox 1321 3591 1718 3660; x_wconf 80' lang='grc' dir='ltr'>πνευματικῶν</span> <span class='ocrx_word' id='word_1_397' title='bbox 1752 3609 1851 3663; x_wconf 86' lang='grc' dir='ltr'>χα-</span> 
     </span>
    </p>
   </div>
   <div class='ocr_carea' id='block_1_53' title="bbox 235 3670 1846 3754">
    <p class='ocr_par' dir='ltr' id='par_1_53' title="bbox 235 3670 1846 3754">
     <span class='ocr_line' id='line_1_53' title="bbox 235 3670 1846 3754; baseline 0.009 -34"><span class='ocrx_word' id='word_1_398' title='bbox 235 3670 523 3740; x_wconf 83' lang='grc' dir='ltr'>ρισμάτων</span> <span class='ocrx_word' id='word_1_399' title='bbox 551 3674 771 3744; x_wconf 78' lang='grc' dir='ltr'>τρυφὴν</span> <span class='ocrx_word' id='word_1_400' title='bbox 803 3675 1189 3746; x_wconf 77' lang='grc' dir='ltr'>χαριζόμενος.</span> <span class='ocrx_word' id='word_1_401' title='bbox 1214 3679 1466 3750; x_wconf 76' lang='grc' dir='ltr'>Φυλακὴν</span> <span class='ocrx_word' id='word_1_402' title='bbox 1492 3682 1547 3734; x_wconf 80' lang='grc' dir='ltr'>δὲ</span> <span class='ocrx_word' id='word_1_403' title='bbox 1577 3683 1846 3754; x_wconf 81' lang='grc' dir='ltr'>δευτέραν</span> 
     </span>
    </p>
   </div>
   <div class='ocr_carea' id='block_1_54' title="bbox 231 3763 1849 3847">
    <p class='ocr_par' dir='ltr' id='par_1_54' title="bbox 231 3763 1849 3847">
     <span class='ocr_line' id='line_1_54' title="bbox 231 3763 1849 3847; baseline 0.011 -33"><span class='ocrx_word' id='word_1_404' title='bbox 231 3763 333 3814; x_wconf 85' lang='grc' dir='ltr'>καὶ</span> <span class='ocrx_word' id='word_1_405' title='bbox 373 3764 564 3833; x_wconf 84' lang='grc' dir='ltr'>τρίτην</span> <span class='ocrx_word' id='word_1_406' title='bbox 590 3768 816 3835; x_wconf 71' lang='grc' dir='ltr'>νοήσαις</span> <span class='ocrx_word' id='word_1_407' title='bbox 846 3767 912 3821; x_wconf 82' lang='grc' dir='ltr'>ἂν</span> <span class='ocrx_word' id='word_1_408' title='bbox 936 3771 1035 3832; x_wconf 88' lang='grc' dir='ltr'><strong>τάς</strong></span> <span class='ocrx_word' id='word_1_409' title='bbox 1067 3769 1365 3841; x_wconf 76' lang='grc' dir='ltr'>διαφόρους</span> <span class='ocrx_word' id='word_1_410' title='bbox 1399 3771 1550 3845; x_wconf 81' lang='grc' dir='ltr'>ὧρας</span> <span class='ocrx_word' id='word_1_411' title='bbox 1575 3777 1672 3845; x_wconf 83' lang='grc' dir='ltr'>τῆς</span> <span class='ocrx_word' id='word_1_412' title='bbox 1701 3776 1849 3847; x_wconf 78' lang='grc' dir='ltr'>ζωῆς</span> 
     </span>
    </p>
   </div>
   <div class='ocr_carea' id='block_1_55' title="bbox 227 3851 1849 3942">
    <p class='ocr_par' dir='ltr' id='par_1_55' title="bbox 227 3851 1849 3942">
     <span class='ocr_line' id='line_1_55' title="bbox 227 3851 1849 3942; baseline 0.012 -38"><span class='ocrx_word' id='word_1_413' title='bbox 227 3853 419 3921; x_wconf 72' lang='grc' dir='ltr'>ἡμῶν.</span> <span class='ocrx_word' id='word_1_414' title='bbox 463 3851 592 3909; x_wconf 77' lang='grc' dir='ltr'>Οἷόν</span> <span class='ocrx_word' id='word_1_415' title='bbox 626 3875 678 3911; x_wconf 91' lang='grc' dir='ltr'><strong>τι</strong></span> <span class='ocrx_word' id='word_1_416' title='bbox 724 3859 898 3928; x_wconf 83' lang='grc' dir='ltr'>λέγω·</span> <span class='ocrx_word' id='word_1_417' title='bbox 927 3864 1141 3934; x_wconf 82' lang='grc' dir='ltr'>Ὠσπερ</span> <span class='ocrx_word' id='word_1_418' title='bbox 1167 3866 1194 3916; x_wconf 83' lang='grc' dir='ltr'><strong>ὁ</strong></span> <span class='ocrx_word' id='word_1_419' title='bbox 1217 3867 1518 3937; x_wconf 79' lang='grc' dir='ltr'>ἀγρυπνῶν</span> <span class='ocrx_word' id='word_1_420' title='bbox 1543 3870 1602 3922; x_wconf 79' lang='grc' dir='ltr'>ὲν</span> <span class='ocrx_word' id='word_1_421' title='bbox 1629 3873 1695 3942; x_wconf 77' lang='grc' dir='ltr'>τῇ</span> <span class='ocrx_word' id='word_1_422' title='bbox 1727 3867 1849 3924; x_wconf 79' lang='grc' dir='ltr'>δευ-</span> 
     </span>
    </p>
   </div>
   <div class='ocr_carea' id='block_1_56' title="bbox 228 3945 1847 4029">
    <p class='ocr_par' dir='ltr' id='par_1_56' title="bbox 228 3945 1847 4029">
     <span class='ocr_line' id='line_1_56' title="bbox 228 3945 1847 4029; baseline 0.011 -33"><span class='ocrx_word' id='word_1_423' title='bbox 228 3945 372 4015; x_wconf 71' lang='grc' dir='ltr'>τέρᾳ</span> <span class='ocrx_word' id='word_1_424' title='bbox 404 3948 499 4000; x_wconf 77' lang='grc' dir='ltr'>καὶ</span> <span class='ocrx_word' id='word_1_425' title='bbox 522 3951 685 4023; x_wconf 79' lang='grc' dir='ltr'>τρίτῃ</span> <span class='ocrx_word' id='word_1_426' title='bbox 713 3954 956 4024; x_wconf 77' lang='grc' dir='ltr'>φυλακῇ,</span> <span class='ocrx_word' id='word_1_427' title='bbox 992 3955 1141 4008; x_wconf 84' lang='grc' dir='ltr'><strong>δοκεί</strong></span> <span class='ocrx_word' id='word_1_428' title='bbox 1184 3953 1650 4029; x_wconf 69' lang='grc' dir='ltr'>ἐγρηγορώτατος</span> <span class='ocrx_word' id='word_1_429' title='bbox 1707 3956 1847 4015; x_wconf 83' lang='grc' dir='ltr'>εἶναι</span> 
     </span>
    </p>
   </div>
   <div class='ocr_carea' id='block_1_57' title="bbox 234 4029 1845 4124">
    <p class='ocr_par' dir='ltr' id='par_1_57' title="bbox 234 4029 1845 4124">
     <span class='ocr_line' id='line_1_57' title="bbox 234 4029 1845 4124; baseline 0.012 -38"><span class='ocrx_word' id='word_1_430' title='bbox 234 4029 426 4104; x_wconf 75' lang='grc' dir='ltr'>(αὗται</span> <span class='ocrx_word' id='word_1_431' title='bbox 461 4039 572 4109; x_wconf 76' lang='grc' dir='ltr'><strong>γὰρ</strong></span> <span class='ocrx_word' id='word_1_432' title='bbox 602 4042 658 4091; x_wconf 81' lang='lat' dir='ltr'><strong>al</strong></span> <span class='ocrx_word' id='word_1_433' title='bbox 694 4034 837 4110; x_wconf 82' lang='grc' dir='ltr'>ὧραι</span> <span class='ocrx_word' id='word_1_434' title='bbox 867 4045 968 4113; x_wconf 84' lang='grc' dir='ltr'>τῆς</span> <span class='ocrx_word' id='word_1_435' title='bbox 998 4045 1191 4109; x_wconf 87' lang='grc' dir='ltr'>νυκτὸς</span> <span class='ocrx_word' id='word_1_436' title='bbox 1221 4048 1458 4116; x_wconf 85' lang='grc' dir='ltr'>μάλιστα</span> <span class='ocrx_word' id='word_1_437' title='bbox 1495 4049 1667 4103; x_wconf 74' lang='grc' dir='ltr'>ὕπνου</span> <span class='ocrx_word' id='word_1_438' title='bbox 1698 4069 1845 4124; x_wconf 86' lang='grc' dir='ltr'>παρ-</span> 
     </span>
    </p>
   </div>
   <div class='ocr_carea' id='block_1_58' title="bbox 227 4132 1848 4214">
    <p class='ocr_par' dir='ltr' id='par_1_58' title="bbox 227 4132 1848 4214">
     <span class='ocr_line' id='line_1_58' title="bbox 227 4132 1848 4214; baseline 0.011 -33"><span class='ocrx_word' id='word_1_439' title='bbox 227 4132 453 4184; x_wconf 74' lang='grc' dir='ltr'>ικτικαὶ</span> <span class='ocrx_word' id='word_1_440' title='bbox 501 4135 615 4197; x_wconf 78' lang='grc' dir='ltr'>τοῖς</span> <span class='ocrx_word' id='word_1_441' title='bbox 650 4136 966 4206; x_wconf 81' lang='grc' dir='ltr'>ἀνθρώποις</span> <span class='ocrx_word' id='word_1_442' title='bbox 1012 4141 1105 4194; x_wconf 66' lang='grc' dir='ltr'><strong>καλ⁵</strong></span> <span class='ocrx_word' id='word_1_443' title='bbox 1136 4141 1360 4211; x_wconf 84' lang='grc' dir='ltr'>πρώτου</span> <span class='ocrx_word' id='word_1_444' title='bbox 1429 4139 1650 4214; x_wconf 64' lang='grc' dir='ltr'>ὕπνου),</span> <span class='ocrx_word' id='word_1_445' title='bbox 1701 4144 1848 4199; x_wconf 75' lang='grc' dir='ltr'>οὕτω</span> 
     </span>
    </p>
   </div>
   <div class='ocr_carea' id='block_1_59' title="bbox 226 4222 1846 4311">
    <p class='ocr_par' dir='ltr' id='par_1_59' title="bbox 226 4222 1846 4311">
     <span class='ocr_line' id='line_1_59' title="bbox 226 4222 1846 4311; baseline 0.012 -37"><span class='ocrx_word' id='word_1_446' title='bbox 226 4222 345 4275; x_wconf 83' lang='grc' dir='ltr'>νόει</span> <span class='ocrx_word' id='word_1_447' title='bbox 395 4241 486 4294; x_wconf 89' lang='grc' dir='ltr'><strong>μοι</strong></span> <span class='ocrx_word' id='word_1_448' title='bbox 530 4227 627 4280; x_wconf 75' lang='grc' dir='ltr'><strong>καὶ</strong></span> <span class='ocrx_word' id='word_1_449' title='bbox 660 4229 723 4281; x_wconf 76' lang='grc' dir='ltr'>ἐν</span> <span class='ocrx_word' id='word_1_450' title='bbox 770 4226 836 4300; x_wconf 84' lang='grc' dir='ltr'><strong>τῇ</strong></span> <span class='ocrx_word' id='word_1_451' title='bbox 887 4231 1134 4304; x_wconf 79' lang='grc' dir='ltr'>διαφόρῳ</span> <span class='ocrx_word' id='word_1_452' title='bbox 1181 4235 1520 4289; x_wconf 83' lang='grc' dir='ltr'>καταστάσει</span> <span class='ocrx_word' id='word_1_453' title='bbox 1561 4238 1662 4308; x_wconf 75' lang='grc' dir='ltr'>τῆς</span> <span class='ocrx_word' id='word_1_454' title='bbox 1699 4240 1846 4311; x_wconf 79' lang='grc' dir='ltr'>ζωῆς</span> 
     </span>
    </p>
   </div>
   <div class='ocr_carea' id='block_1_60' title="bbox 225 4313 1842 4398">
    <p class='ocr_par' dir='ltr' id='par_1_60' title="bbox 225 4313 1842 4398">
     <span class='ocr_line' id='line_1_60' title="bbox 225 4313 1842 4398; baseline 0.012 -32"><span class='ocrx_word' id='word_1_455' title='bbox 225 4314 392 4383; x_wconf 81' lang='grc' dir='ltr'>ἡμῶν</span> <span class='ocrx_word' id='word_1_456' title='bbox 448 4313 590 4370; x_wconf 71' lang='grc' dir='ltr'>εἶναι</span> <span class='ocrx_word' id='word_1_457' title='bbox 640 4318 789 4390; x_wconf 82' lang='grc' dir='ltr'>ὥρας</span> <span class='ocrx_word' id='word_1_458' title='bbox 839 4323 940 4386; x_wconf 82' lang='grc' dir='ltr'><strong>τὰς</strong></span> <span class='ocrx_word' id='word_1_459' title='bbox 991 4326 1303 4396; x_wconf 85' lang='grc' dir='ltr'>μακαρίους</span> <span class='ocrx_word' id='word_1_460' title='bbox 1356 4329 1507 4398; x_wconf 80' lang='grc' dir='ltr'>ἡμᾶς</span> <span class='ocrx_word' id='word_1_461' title='bbox 1558 4330 1842 4398; x_wconf 87' lang='grc' dir='ltr'>ποιούσας,</span> 
     </span>
    </p>
   </div>
   <div class='ocr_carea' id='block_1_61' title="bbox 224 4406 1846 4498">
    <p class='ocr_par' dir='ltr' id='par_1_61' title="bbox 224 4406 1846 4498">
     <span class='ocr_line' id='line_1_61' title="bbox 224 4406 1846 4498; baseline 0.015 -41"><span class='ocrx_word' id='word_1_462' title='bbox 224 4406 330 4459; x_wconf 72' lang='grc' dir='ltr'><strong>ιάν</strong></span> <span class='ocrx_word' id='word_1_463' title='bbox 369 4408 693 4480; x_wconf 78' lang='grc' dir='ltr'>εὑρεθῶμεν</span> <span class='ocrx_word' id='word_1_464' title='bbox 745 4416 1175 4487; x_wconf 84' lang='grc' dir='ltr'>γρηγοροῦντες.</span> <span class='ocrx_word' id='word_1_465' title='bbox 1215 4419 1479 4490; x_wconf 80' lang='grc' dir='ltr'>Ἦρπασέ</span> <span class='ocrx_word' id='word_1_466' title='bbox 1511 4439 1594 4487; x_wconf 89' lang='grc' dir='ltr'><strong>τις</strong></span> <span class='ocrx_word' id='word_1_467' title='bbox 1618 4421 1683 4476; x_wconf 77' lang='grc' dir='ltr'><strong>τά</strong></span> <span class='ocrx_word' id='word_1_468' title='bbox 1709 4427 1846 4498; x_wconf 86' lang='grc' dir='ltr'>χρή-</span> 
     </span>
    </p>
   </div>
   <div class='ocr_carea' id='block_1_62' title="bbox 229 4498 1840 4588">
    <p class='ocr_par' dir='ltr' id='par_1_62' title="bbox 229 4498 1840 4588">
     <span class='ocr_line' id='line_1_62' title="bbox 229 4498 1840 4588; baseline 0.014 -39"><span class='ocrx_word' id='word_1_469' title='bbox 229 4498 384 4568; x_wconf 86' lang='grc' dir='ltr'><strong>ματά</strong></span> <span class='ocrx_word' id='word_1_470' title='bbox 426 4515 552 4565; x_wconf 89' lang='grc' dir='ltr'>σου,</span> <span class='ocrx_word' id='word_1_471' title='bbox 591 4501 896 4575; x_wconf 74' lang='grc' dir='ltr'>τεθνήκασι</span> <span class='ocrx_word' id='word_1_472' title='bbox 954 4523 1035 4560; x_wconf 73' lang='grc' dir='ltr'><strong>σοι</strong></span> <span class='ocrx_word' id='word_1_473' title='bbox 1086 4510 1312 4574; x_wconf 83' lang='grc' dir='ltr'>παῖδες,</span> <span class='ocrx_word' id='word_1_474' title='bbox 1366 4513 1840 4588; x_wconf 69' lang='grc' dir='ltr'>ἐσυκοφαντήθηςο</span> 
     </span>
    </p>
   </div>
   <div class='ocr_carea' id='block_1_63' title="bbox 1962 2018 3584 2089">
    <p class='ocr_par' dir='ltr' id='par_1_63' title="bbox 1962 2018 3584 2089">
     <span class='ocr_line' id='line_1_63' title="bbox 1962 2018 3584 2089; baseline 0 -17"><span class='ocrx_word' id='word_1_475' title='bbox 1962 2019 2285 2089; x_wconf 71' lang='lat' dir='ltr'><strong>praeteriens</strong></span> <span class='ocrx_word' id='word_1_476' title='bbox 2362 2020 2700 2074; x_wconf 79' lang='lat' dir='ltr'><strong>ministrabit</strong></span> <span class='ocrx_word' id='word_1_477' title='bbox 2781 2018 2910 2072; x_wconf 90' lang='lat' dir='ltr'><strong>illis.</strong></span> <span class='ocrx_word' id='word_1_478' title='bbox 2961 2019 3328 2087; x_wconf 67' lang='lat' dir='ltr'><strong>Praecingitur</strong></span> <span class='ocrx_word' id='word_1_479' title='bbox 3396 2022 3584 2087; x_wconf 82' lang='lat' dir='ltr'><strong>itaque</strong></span> 
     </span>
    </p>
   </div>
   <div class='ocr_carea' id='block_1_64' title="bbox 1965 2108 3582 2182">
    <p class='ocr_par' dir='ltr' id='par_1_64' title="bbox 1965 2108 3582 2182">
     <span class='ocr_line' id='line_1_64' title="bbox 1965 2108 3582 2182; baseline 0 -18"><span class='ocrx_word' id='word_1_480' title='bbox 1965 2112 2106 2166; x_wconf 87' lang='lat' dir='ltr'><strong>Deus</strong></span> <span class='ocrx_word' id='word_1_481' title='bbox 2139 2112 2446 2166; x_wconf 88' lang='lat' dir='ltr'><strong>secundum</strong></span> <span class='ocrx_word' id='word_1_482' title='bbox 2483 2114 2630 2182; x_wconf 90' lang='lat' dir='ltr'><strong>quod</strong></span> <span class='ocrx_word' id='word_1_483' title='bbox 2667 2127 2774 2165; x_wconf 91' lang='lat' dir='ltr'><strong>non</strong></span> <span class='ocrx_word' id='word_1_484' title='bbox 2799 2115 3053 2165; x_wconf 87' lang='lat' dir='ltr'><strong>&#39;omnium</strong></span> <span class='ocrx_word' id='word_1_485' title='bbox 3107 2112 3380 2165; x_wconf 86' lang='lat' dir='ltr'><strong>bonorum</strong></span> <span class='ocrx_word' id='word_1_486' title='bbox 3437 2108 3582 2164; x_wconf 66' lang='lat' dir='ltr'><strong>eﬂ‘uo</strong></span> 
     </span>
    </p>
   </div>
   <div class='ocr_carea' id='block_1_65' title="bbox 1962 2203 3584 2275">
    <p class='ocr_par' dir='ltr' id='par_1_65' title="bbox 1962 2203 3584 2275">
     <span class='ocr_line' id='line_1_65' title="bbox 1962 2203 3584 2275; baseline -0.002 -16"><span class='ocrx_word' id='word_1_487' title='bbox 1962 2205 2170 2259; x_wconf 88' lang='lat' dir='ltr'><strong>sionem</strong></span> <span class='ocrx_word' id='word_1_488' title='bbox 2206 2206 2365 2259; x_wconf 74' lang='lat' dir='ltr'><strong>nubis</strong></span> <span class='ocrx_word' id='word_1_489' title='bbox 2397 2205 2735 2275; x_wconf 73' lang='lat' dir='ltr'><strong>suppeditat,</strong></span> <span class='ocrx_word' id='word_1_490' title='bbox 2767 2205 2862 2258; x_wconf 86' lang='lat' dir='ltr'><strong>sed</strong></span> <span class='ocrx_word' id='word_1_491' title='bbox 2911 2203 3059 2258; x_wconf 87' lang='lat' dir='ltr'><strong>illam</strong></span> <span class='ocrx_word' id='word_1_492' title='bbox 3116 2203 3417 2273; x_wconf 83' lang='lat' dir='ltr'><strong>restringit.</strong></span> <span class='ocrx_word' id='word_1_493' title='bbox 3447 2203 3584 2268; x_wconf 89' lang='lat' dir='ltr'><strong>Quis</strong></span> 
     </span>
    </p>
   </div>
   <div class='ocr_carea' id='block_1_66' title="bbox 1951 2296 3580 2368">
    <p class='ocr_par' dir='ltr' id='par_1_66' title="bbox 1951 2296 3580 2368">
     <span class='ocr_line' id='line_1_66' title="bbox 1951 2296 3580 2368; baseline -0.002 -15"><span class='ocrx_word' id='word_1_494' title='bbox 1951 2300 2105 2362; x_wconf 80' lang='lat' dir='ltr'><strong>enim</strong></span> <span class='ocrx_word' id='word_1_495' title='bbox 2144 2306 2323 2368; x_wconf 82' lang='lat' dir='ltr'><strong>potest</strong></span> <span class='ocrx_word' id='word_1_496' title='bbox 2348 2314 2542 2368; x_wconf 84' lang='lat' dir='ltr'><strong>capere</strong></span> <span class='ocrx_word' id='word_1_497' title='bbox 2565 2307 2802 2368; x_wconf 85' lang='lat' dir='ltr'><strong>quantus</strong></span> <span class='ocrx_word' id='word_1_498' title='bbox 2831 2299 2901 2352; x_wconf 88' lang='lat' dir='ltr'><strong>sit</strong></span> <span class='ocrx_word' id='word_1_499' title='bbox 2934 2297 3116 2351; x_wconf 88' lang='lat' dir='ltr'><strong>Deus?</strong></span> <span class='ocrx_word' id='word_1_500' title='bbox 3141 2308 3193 2350; x_wconf 91' lang='lat' dir='ltr'><strong>et</strong></span> <span class='ocrx_word' id='word_1_501' title='bbox 3227 2296 3580 2350; x_wconf 80' lang='lat' dir='ltr'><strong>manifestum</strong></span> 
     </span>
    </p>
   </div>
   <div class='ocr_carea' id='block_1_67' title="bbox 1958 2389 3586 2461">
    <p class='ocr_par' dir='ltr' id='par_1_67' title="bbox 1958 2389 3586 2461">
     <span class='ocr_line' id='line_1_67' title="bbox 1958 2389 3586 2461; baseline -0.004 -14"><span class='ocrx_word' id='word_1_502' title='bbox 1958 2402 2042 2447; x_wconf 91' lang='lat' dir='ltr'><strong>est</strong></span> <span class='ocrx_word' id='word_1_503' title='bbox 2074 2407 2141 2446; x_wconf 83' lang='lat' dir='ltr'><strong>ex</strong></span> <span class='ocrx_word' id='word_1_504' title='bbox 2176 2391 2490 2458; x_wconf 85' lang='lat' dir='ltr'><strong>Seraphim,</strong></span> <span class='ocrx_word' id='word_1_505' title='bbox 2515 2391 2609 2461; x_wconf 90' lang='lat' dir='ltr'><strong>qui</strong></span> <span class='ocrx_word' id='word_1_506' title='bbox 2651 2406 2710 2445; x_wconf 90' lang='lat' dir='ltr'><strong>se</strong></span> <span class='ocrx_word' id='word_1_507' title='bbox 2755 2391 3013 2458; x_wconf 79' lang='lat' dir='ltr'><strong>obtegqu</strong></span> <span class='ocrx_word' id='word_1_508' title='bbox 3051 2398 3275 2457; x_wconf 79' lang='lat' dir='ltr'><strong>propter</strong></span> <span class='ocrx_word' id='word_1_509' title='bbox 3308 2389 3586 2441; x_wconf 81' lang='lat' dir='ltr'><strong>excellen-</strong></span> 
     </span>
    </p>
   </div>
   <div class='ocr_carea' id='block_1_68' title="bbox 1961 2481 3590 2550">
    <p class='ocr_par' dir='ltr' id='par_1_68' title="bbox 1961 2481 3590 2550">
     <span class='ocr_line' id='line_1_68' title="bbox 1961 2481 3590 2550; baseline -0.001 -12"><span class='ocrx_word' id='word_1_510' title='bbox 1961 2486 2089 2539; x_wconf 86' lang='lat' dir='ltr'><strong>tiam</strong></span> <span class='ocrx_word' id='word_1_511' title='bbox 2144 2485 2312 2538; x_wconf 84' lang='lat' dir='ltr'><strong>divini</strong></span> <span class='ocrx_word' id='word_1_512' title='bbox 2369 2485 2616 2550; x_wconf 85' lang='lat' dir='ltr'><strong>lumiuis.</strong></span> <span class='ocrx_word' id='word_1_513' title='bbox 2663 2482 2838 2538; x_wconf 80' lang='lat' dir='ltr'><strong>Porro</strong></span> <span class='ocrx_word' id='word_1_514' title='bbox 2882 2482 3204 2541; x_wconf 86' lang='lat' dir='ltr'><strong>recumbere</strong></span> <span class='ocrx_word' id='word_1_515' title='bbox 3240 2481 3372 2535; x_wconf 79' lang='lat' dir='ltr'><strong>facit</strong></span> <span class='ocrx_word' id='word_1_516' title='bbox 3410 2483 3590 2536; x_wconf 85' lang='lat' dir='ltr'><strong>bonos</strong></span> 
     </span>
    </p>
   </div>
   <div class='ocr_carea' id='block_1_69' title="bbox 1957 2573 3583 2648">
    <p class='ocr_par' dir='ltr' id='par_1_69' title="bbox 1957 2573 3583 2648">
     <span class='ocr_line' id='line_1_69' title="bbox 1957 2573 3583 2648; baseline 0.001 -17"><span class='ocrx_word' id='word_1_517' title='bbox 1957 2592 2148 2632; x_wconf 90' lang='lat' dir='ltr'><strong>servos</strong></span> <span class='ocrx_word' id='word_1_518' title='bbox 2182 2596 2194 2631; x_wconf 88' lang='lat'><strong>:</strong></span> <span class='ocrx_word' id='word_1_519' title='bbox 2247 2588 2391 2631; x_wconf 85' lang='lat' dir='ltr'><strong>totos</strong></span> <span class='ocrx_word' id='word_1_520' title='bbox 2423 2579 2572 2632; x_wconf 91' lang='lat' dir='ltr'><strong>enim</strong></span> <span class='ocrx_word' id='word_1_521' title='bbox 2607 2592 2702 2648; x_wconf 91' lang='lat' dir='ltr'><strong>per</strong></span> <span class='ocrx_word' id='word_1_522' title='bbox 2732 2577 2914 2631; x_wconf 89' lang='lat' dir='ltr'><strong>omnia</strong></span> <span class='ocrx_word' id='word_1_523' title='bbox 2945 2577 3230 2646; x_wconf 87' lang='lat' dir='ltr'><strong>quiescere</strong></span> <span class='ocrx_word' id='word_1_524' title='bbox 3273 2573 3583 2633; x_wconf 59' lang='lat' dir='ltr'><strong>facil.’i\‘a&quot;t</strong></span> 
     </span>
    </p>
   </div>
   <div class='ocr_carea' id='block_1_70' title="bbox 1960 2671 3582 2741">
    <p class='ocr_par' dir='ltr' id='par_1_70' title="bbox 1960 2671 3582 2741">
     <span class='ocr_line' id='line_1_70' title="bbox 1960 2671 3582 2741; baseline -0.001 -16"><span class='ocrx_word' id='word_1_525' title='bbox 1960 2672 2109 2726; x_wconf 77' lang='lat' dir='ltr'><strong>sicut</strong></span> <span class='ocrx_word' id='word_1_526' title='bbox 2157 2672 2252 2740; x_wconf 91' lang='lat' dir='ltr'><strong>qui</strong></span> <span class='ocrx_word' id='word_1_527' title='bbox 2305 2671 2604 2736; x_wconf 87' lang='lat' dir='ltr'><strong>recumbit,</strong></span> <span class='ocrx_word' id='word_1_528' title='bbox 2635 2679 2749 2725; x_wconf 87' lang='lat' dir='ltr'><strong>toto</strong></span> <span class='ocrx_word' id='word_1_529' title='bbox 2801 2686 3033 2740; x_wconf 81' lang='lat' dir='ltr'><strong>corpore</strong></span> <span class='ocrx_word' id='word_1_530' title='bbox 3086 2671 3321 2741; x_wconf 85' lang='lat' dir='ltr'><strong>quiescit</strong></span> <span class='ocrx_word' id='word_1_531' title='bbox 3359 2688 3374 2726; x_wconf 88' lang='lat'><strong>:</strong></span> <span class='ocrx_word' id='word_1_532' title='bbox 3407 2671 3481 2724; x_wconf 87' lang='lat' dir='ltr'><strong>ita</strong></span> <span class='ocrx_word' id='word_1_533' title='bbox 3527 2672 3582 2726; x_wconf 92' lang='lat' dir='ltr'><strong>in</strong></span> 
     </span>
    </p>
   </div>
   <div class='ocr_carea' id='block_1_71' title="bbox 1957 2766 3583 2835">
    <p class='ocr_par' dir='ltr' id='par_1_71' title="bbox 1957 2766 3583 2835">
     <span class='ocr_line' id='line_1_71' title="bbox 1957 2766 3583 2835; baseline -0.001 -15"><span class='ocrx_word' id='word_1_534' title='bbox 1957 2768 2198 2821; x_wconf 80' lang='lat' dir='ltr'><strong>SCCtllldO</strong></span> <span class='ocrx_word' id='word_1_535' title='bbox 2259 2767 2495 2820; x_wconf 86' lang='lat' dir='ltr'><strong>adventu</strong></span> <span class='ocrx_word' id='word_1_536' title='bbox 2555 2782 2752 2820; x_wconf 88' lang='lat' dir='ltr'><strong>omnes</strong></span> <span class='ocrx_word' id='word_1_537' title='bbox 2797 2766 2974 2820; x_wconf 88' lang='lat' dir='ltr'><strong>sancti</strong></span> <span class='ocrx_word' id='word_1_538' title='bbox 3028 2781 3125 2834; x_wconf 89' lang='lat' dir='ltr'><strong>per</strong></span> <span class='ocrx_word' id='word_1_539' title='bbox 3193 2766 3379 2819; x_wconf 90' lang='lat' dir='ltr'><strong>omnia</strong></span> <span class='ocrx_word' id='word_1_540' title='bbox 3420 2766 3583 2835; x_wconf 80' lang='lat' dir='ltr'><strong>quie-</strong></span> 
     </span>
    </p>
   </div>
   <div class='ocr_carea' id='block_1_72' title="bbox 1958 2857 3588 2929">
    <p class='ocr_par' dir='ltr' id='par_1_72' title="bbox 1958 2857 3588 2929">
     <span class='ocr_line' id='line_1_72' title="bbox 1958 2857 3588 2929; baseline -0.003 -13"><span class='ocrx_word' id='word_1_541' title='bbox 1958 2868 2136 2918; x_wconf 73' lang='lat' dir='ltr'><strong>Scenit.</strong></span> <span class='ocrx_word' id='word_1_542' title='bbox 2180 2860 2392 2915; x_wconf 83' lang='lat' dir='ltr'><strong>Etenim</strong></span> <span class='ocrx_word' id='word_1_543' title='bbox 2431 2861 2484 2915; x_wconf 92' lang='lat' dir='ltr'><strong>in</strong></span> <span class='ocrx_word' id='word_1_544' title='bbox 2522 2861 2623 2915; x_wconf 88' lang='lat' dir='ltr'><strong>hac</strong></span> <span class='ocrx_word' id='word_1_545' title='bbox 2651 2861 2761 2915; x_wconf 87' lang='lat' dir='ltr'><strong>vita</strong></span> <span class='ocrx_word' id='word_1_546' title='bbox 2796 2860 3037 2929; x_wconf 80' lang='lat' dir='ltr'><strong>quietem</strong></span> <span class='ocrx_word' id='word_1_547' title='bbox 3090 2860 3338 2929; x_wconf 88' lang='lat' dir='ltr'><strong>corporis</strong></span> <span class='ocrx_word' id='word_1_548' title='bbox 3367 2875 3473 2914; x_wconf 90' lang='lat' dir='ltr'><strong>non</strong></span> <span class='ocrx_word' id='word_1_549' title='bbox 3502 2857 3588 2912; x_wconf 82' lang='lat' dir='ltr'><strong>iu-</strong></span> 
     </span>
    </p>
   </div>
   <div class='ocr_carea' id='block_1_73' title="bbox 1958 2953 3622 3028">
    <p class='ocr_par' dir='ltr' id='par_1_73' title="bbox 1958 2953 3622 3028">
     <span class='ocr_line' id='line_1_73' title="bbox 1958 2953 3622 3028; baseline 0.001 -23"><span class='ocrx_word' id='word_1_550' title='bbox 1958 2953 2205 3008; x_wconf 89' lang='lat' dir='ltr'><strong>veniunt.</strong></span> <span class='ocrx_word' id='word_1_551' title='bbox 2235 2954 2380 3007; x_wconf 84' lang='lat' dir='ltr'><strong>Alibi</strong></span> <span class='ocrx_word' id='word_1_552' title='bbox 2414 2963 2595 3007; x_wconf 87' lang='lat' dir='ltr'><strong>autem</strong></span> <span class='ocrx_word' id='word_1_553' title='bbox 2652 2969 2774 3007; x_wconf 91' lang='lat' dir='ltr'><strong>cum</strong></span> <span class='ocrx_word' id='word_1_554' title='bbox 2830 2955 3124 3008; x_wconf 83' lang='lat' dir='ltr'><strong>animabus</strong></span> <span class='ocrx_word' id='word_1_555' title='bbox 3171 2953 3478 3023; x_wconf 85' lang='lat' dir='ltr'><strong>spiritualia</strong></span> <span class='ocrx_word' id='word_1_556' title='bbox 3531 2963 3622 3028; x_wconf 10' lang='lat' dir='ltr'><strong>et}</strong></span> 
     </span>
    </p>
   </div>
   <div class='ocr_carea' id='block_1_74' title="bbox 1957 3045 3580 3120">
    <p class='ocr_par' dir='ltr' id='par_1_74' title="bbox 1957 3045 3580 3120">
     <span class='ocr_line' id='line_1_74' title="bbox 1957 3045 3580 3120; baseline 0.001 -21"><span class='ocrx_word' id='word_1_557' title='bbox 1957 3045 2139 3099; x_wconf 85' lang='lat' dir='ltr'><strong>divina</strong></span> <span class='ocrx_word' id='word_1_558' title='bbox 2171 3060 2360 3100; x_wconf 88' lang='lat' dir='ltr'><strong>eorum</strong></span> <span class='ocrx_word' id='word_1_559' title='bbox 2392 3060 2626 3120; x_wconf 81' lang='lat' dir='ltr'><strong>corpora</strong></span> <span class='ocrx_word' id='word_1_560' title='bbox 2652 3046 3126 3116; x_wconf 74' lang='lat' dir='ltr'><strong>incorruptionem</strong></span> <span class='ocrx_word' id='word_1_561' title='bbox 3155 3047 3580 3112; x_wconf 62' lang='lat' dir='ltr'><strong>haereditabunt,</strong></span> 
     </span>
    </p>
   </div>
   <div class='ocr_carea' id='block_1_75' title="bbox 1955 3131 3581 3202">
    <p class='ocr_par' dir='ltr' id='par_1_75' title="bbox 1955 3131 3581 3202">
     <span class='ocr_line' id='line_1_75' title="bbox 1955 3131 3581 3202; baseline 0.004 -17"><span class='ocrx_word' id='word_1_562' title='bbox 1955 3142 2012 3185; x_wconf 90' lang='lat' dir='ltr'><strong>et</strong></span> <span class='ocrx_word' id='word_1_563' title='bbox 2064 3134 2216 3186; x_wconf 89' lang='lat' dir='ltr'><strong>omni</strong></span> <span class='ocrx_word' id='word_1_564' title='bbox 2272 3134 2458 3202; x_wconf 83' lang='lat' dir='ltr'><strong>quiete</strong></span> <span class='ocrx_word' id='word_1_565' title='bbox 2517 3131 2793 3200; x_wconf 81' lang='lat' dir='ltr'><strong>fruentur,</strong></span> <span class='ocrx_word' id='word_1_566' title='bbox 2824 3145 2878 3190; x_wconf 91' lang='lat' dir='ltr'><strong>et</strong></span> <span class='ocrx_word' id='word_1_567' title='bbox 2927 3138 3033 3191; x_wconf 90' lang='lat' dir='ltr'><strong>erit</strong></span> <span class='ocrx_word' id='word_1_568' title='bbox 3094 3136 3237 3190; x_wconf 89' lang='lat' dir='ltr'><strong>Deus</strong></span> <span class='ocrx_word' id='word_1_569' title='bbox 3291 3137 3475 3192; x_wconf 85' lang='lat' dir='ltr'><strong>omnia</strong></span> <span class='ocrx_word' id='word_1_570' title='bbox 3529 3139 3581 3192; x_wconf 90' lang='lat' dir='ltr'><strong>iu</strong></span> 
     </span>
    </p>
   </div>
   <div class='ocr_carea' id='block_1_76' title="bbox 1959 3209 3575 3300">
    <p class='ocr_par' dir='ltr' id='par_1_76' title="bbox 1959 3209 3575 3300">
     <span class='ocr_line' id='line_1_76' title="bbox 1959 3209 3575 3300; baseline 0.005 -24"><span class='ocrx_word' id='word_1_571' title='bbox 1959 3225 2218 3279; x_wconf 88' lang='lat' dir='ltr'><strong>omnibus</strong></span> <span class='ocrx_word' id='word_1_572' title='bbox 2252 3225 2360 3287; x_wconf 86' lang='lat' dir='ltr'><strong>illis</strong></span> <span class='ocrx_word' id='word_1_573' title='bbox 2384 3225 2454 3280; x_wconf 85' lang='lat'><strong>&quot;.</strong></span> <span class='ocrx_word' id='word_1_574' title='bbox 2475 3209 2753 3288; x_wconf 67' lang='lat' dir='ltr'><strong>hliuistrat</strong></span> <span class='ocrx_word' id='word_1_575' title='bbox 2786 3243 2914 3282; x_wconf 89' lang='lat' dir='ltr'><strong>vero</strong></span> <span class='ocrx_word' id='word_1_576' title='bbox 2941 3230 3143 3300; x_wconf 81' lang='lat' dir='ltr'><strong>dignis,</strong></span> <span class='ocrx_word' id='word_1_577' title='bbox 3173 3247 3272 3300; x_wconf 90' lang='lat' dir='ltr'><strong>par</strong></span> <span class='ocrx_word' id='word_1_578' title='bbox 3301 3232 3382 3286; x_wconf 90' lang='lat' dir='ltr'><strong>eis</strong></span> <span class='ocrx_word' id='word_1_579' title='bbox 3410 3231 3575 3286; x_wconf 73' lang='lat' dir='ltr'><strong>retri-</strong></span> 
     </span>
    </p>
   </div>
   <div class='ocr_carea' id='block_1_77' title="bbox 1960 3315 3578 3396">
    <p class='ocr_par' dir='ltr' id='par_1_77' title="bbox 1960 3315 3578 3396">
     <span class='ocr_line' id='line_1_77' title="bbox 1960 3315 3578 3396; baseline 0.004 -26"><span class='ocrx_word' id='word_1_580' title='bbox 1960 3315 2136 3370; x_wconf 91' lang='lat' dir='ltr'><strong>buens</strong></span> <span class='ocrx_word' id='word_1_581' title='bbox 2173 3335 2186 3371; x_wconf 91' lang='lat'><strong>:</strong></span> <span class='ocrx_word' id='word_1_582' title='bbox 2217 3327 2272 3371; x_wconf 91' lang='lat' dir='ltr'><strong>et</strong></span> <span class='ocrx_word' id='word_1_583' title='bbox 2313 3319 2461 3372; x_wconf 89' lang='lat' dir='ltr'><strong>sicut</strong></span> <span class='ocrx_word' id='word_1_584' title='bbox 2518 3319 2618 3387; x_wconf 89' lang='lat' dir='ltr'><strong>ipsi</strong></span> <span class='ocrx_word' id='word_1_585' title='bbox 2669 3320 2717 3374; x_wconf 90' lang='lat' dir='ltr'><strong>ei</strong></span> <span class='ocrx_word' id='word_1_586' title='bbox 2772 3321 3260 3396; x_wconf 78' lang='lat' dir='ltr'><strong>ministraverunl,</strong></span> <span class='ocrx_word' id='word_1_587' title='bbox 3288 3324 3362 3377; x_wconf 85' lang='lat' dir='ltr'><strong>ita</strong></span> <span class='ocrx_word' id='word_1_588' title='bbox 3411 3326 3578 3379; x_wconf 79' lang='lat' dir='ltr'><strong>etiam</strong></span> 
     </span>
    </p>
   </div>
   <div class='ocr_carea' id='block_1_78' title="bbox 1959 3409 3576 3485">
    <p class='ocr_par' dir='ltr' id='par_1_78' title="bbox 1959 3409 3576 3485">
     <span class='ocr_line' id='line_1_78' title="bbox 1959 3409 3576 3485; baseline 0.007 -25"><span class='ocrx_word' id='word_1_589' title='bbox 1959 3409 2074 3476; x_wconf 91' lang='lat' dir='ltr'><strong>ipse</strong></span> <span class='ocrx_word' id='word_1_590' title='bbox 2107 3409 2187 3464; x_wconf 91' lang='lat' dir='ltr'><strong>eis</strong></span> <span class='ocrx_word' id='word_1_591' title='bbox 2229 3409 2474 3464; x_wconf 86' lang='lat' dir='ltr'><strong>vicissim</strong></span> <span class='ocrx_word' id='word_1_592' title='bbox 2508 3413 2806 3478; x_wconf 85' lang='lat' dir='ltr'><strong>ministrat,</strong></span> <span class='ocrx_word' id='word_1_593' title='bbox 2836 3426 2886 3467; x_wconf 91' lang='lat' dir='ltr'><strong>et</strong></span> <span class='ocrx_word' id='word_1_594' title='bbox 2927 3415 3196 3485; x_wconf 78' lang='lat' dir='ltr'><strong>dapsilem</strong></span> <span class='ocrx_word' id='word_1_595' title='bbox 3219 3416 3298 3472; x_wconf 87' lang='lat' dir='ltr'><strong>eis</strong></span> <span class='ocrx_word' id='word_1_596' title='bbox 3328 3432 3576 3471; x_wconf 88' lang='lat' dir='ltr'><strong>mensam</strong></span> 
     </span>
    </p>
   </div>
   <div class='ocr_carea' id='block_1_79' title="bbox 1957 3504 3579 3574">
    <p class='ocr_par' dir='ltr' id='par_1_79' title="bbox 1957 3504 3579 3574">
     <span class='ocr_line' id='line_1_79' title="bbox 1957 3504 3579 3574; baseline 0.007 -20"><span class='ocrx_word' id='word_1_597' title='bbox 1957 3511 2202 3570; x_wconf 68' lang='lat' dir='ltr'><strong>priestat,</strong></span> <span class='ocrx_word' id='word_1_598' title='bbox 2247 3504 2516 3559; x_wconf 80' lang='lat' dir='ltr'><strong>exhibens</strong></span> <span class='ocrx_word' id='word_1_599' title='bbox 2571 3506 2937 3574; x_wconf 88' lang='lat' dir='ltr'><strong>spiritualium</strong></span> <span class='ocrx_word' id='word_1_600' title='bbox 2993 3509 3263 3562; x_wconf 89' lang='lat' dir='ltr'><strong>donorum</strong></span> <span class='ocrx_word' id='word_1_601' title='bbox 3316 3509 3579 3566; x_wconf 80' lang='lat' dir='ltr'><strong>lautitias.</strong></span> 
     </span>
    </p>
   </div>
   <div class='ocr_carea' id='block_1_80' title="bbox 1958 3595 3571 3675">
    <p class='ocr_par' dir='ltr' id='par_1_80' title="bbox 1958 3595 3571 3675">
     <span class='ocr_line' id='line_1_80' title="bbox 1958 3595 3571 3675; baseline 0.007 -29"><span class='ocrx_word' id='word_1_602' title='bbox 1958 3595 2031 3647; x_wconf 85' lang='lat' dir='ltr'><strong>At</strong></span> <span class='ocrx_word' id='word_1_603' title='bbox 2088 3612 2185 3666; x_wconf 88' lang='lat' dir='ltr'><strong>per</strong></span> <span class='ocrx_word' id='word_1_604' title='bbox 2252 3599 2552 3652; x_wconf 87' lang='lat' dir='ltr'><strong>secundam</strong></span> <span class='ocrx_word' id='word_1_605' title='bbox 2608 3606 2663 3653; x_wconf 86' lang='lat' dir='ltr'><strong>et</strong></span> <span class='ocrx_word' id='word_1_606' title='bbox 2718 3601 2938 3653; x_wconf 89' lang='lat' dir='ltr'><strong>tertiam</strong></span> <span class='ocrx_word' id='word_1_607' title='bbox 3003 3602 3242 3672; x_wconf 80' lang='lat' dir='ltr'><strong>vigiliam</strong></span> <span class='ocrx_word' id='word_1_608' title='bbox 3299 3604 3571 3675; x_wconf 77' lang='lat' dir='ltr'><strong>intelligas</strong></span> 
     </span>
    </p>
   </div>
   <div class='ocr_carea' id='block_1_81' title="bbox 1955 3690 3580 3768">
    <p class='ocr_par' dir='ltr' id='par_1_81' title="bbox 1955 3690 3580 3768">
     <span class='ocr_line' id='line_1_81' title="bbox 1955 3690 3580 3768; baseline 0.005 -26"><span class='ocrx_word' id='word_1_609' title='bbox 1955 3690 2103 3743; x_wconf 89' lang='lat' dir='ltr'><strong>varia</strong></span> <span class='ocrx_word' id='word_1_610' title='bbox 2146 3693 2270 3745; x_wconf 69' lang='lat' dir='ltr'><strong>vita:</strong></span> <span class='ocrx_word' id='word_1_611' title='bbox 2308 3704 2512 3746; x_wconf 73' lang='lat' dir='ltr'><strong>nostra:</strong></span> <span class='ocrx_word' id='word_1_612' title='bbox 2554 3702 2802 3760; x_wconf 88' lang='lat' dir='ltr'><strong>tempora</strong></span> <span class='ocrx_word' id='word_1_613' title='bbox 2841 3712 2854 3747; x_wconf 87' lang='lat'><strong>:</strong></span> <span class='ocrx_word' id='word_1_614' title='bbox 2894 3706 2956 3749; x_wconf 90' lang='lat' dir='ltr'><strong>ut</strong></span> <span class='ocrx_word' id='word_1_615' title='bbox 2986 3697 3225 3766; x_wconf 78' lang='lat' dir='ltr'><strong>exempli</strong></span> <span class='ocrx_word' id='word_1_616' title='bbox 3267 3699 3440 3768; x_wconf 89' lang='lat' dir='ltr'><strong>gratia</strong></span> <span class='ocrx_word' id='word_1_617' title='bbox 3474 3699 3580 3752; x_wconf 89' lang='lat' dir='ltr'><strong>ali-</strong></span> 
     </span>
    </p>
   </div>
   <div class='ocr_carea' id='block_1_82' title="bbox 1955 3780 3574 3855">
    <p class='ocr_par' dir='ltr' id='par_1_82' title="bbox 1955 3780 3574 3855">
     <span class='ocr_line' id='line_1_82' title="bbox 1955 3780 3574 3855; baseline 0.008 -23"><span class='ocrx_word' id='word_1_618' title='bbox 1955 3781 2086 3848; x_wconf 87' lang='lat' dir='ltr'><strong>quid</strong></span> <span class='ocrx_word' id='word_1_619' title='bbox 2142 3780 2323 3836; x_wconf 88' lang='lat' dir='ltr'><strong>dicam</strong></span> <span class='ocrx_word' id='word_1_620' title='bbox 2362 3799 2376 3836; x_wconf 88' lang='lat'><strong>:</strong></span> <span class='ocrx_word' id='word_1_621' title='bbox 2412 3782 2891 3848; x_wconf 85' lang='lat' dir='ltr'><strong>Quemadmodum</strong></span> <span class='ocrx_word' id='word_1_622' title='bbox 2927 3789 3018 3855; x_wconf 93' lang='lat' dir='ltr'><strong>qui</strong></span> <span class='ocrx_word' id='word_1_623' title='bbox 3060 3788 3112 3842; x_wconf 91' lang='lat' dir='ltr'><strong>in</strong></span> <span class='ocrx_word' id='word_1_624' title='bbox 3147 3792 3444 3850; x_wconf 86' lang='lat' dir='ltr'><strong>secundam</strong></span> <span class='ocrx_word' id='word_1_625' title='bbox 3479 3801 3574 3845; x_wconf 89' lang='lat' dir='ltr'><strong>aut</strong></span> 
     </span>
    </p>
   </div>
   <div class='ocr_carea' id='block_1_83' title="bbox 1957 3872 3576 3949">
    <p class='ocr_par' dir='ltr' id='par_1_83' title="bbox 1957 3872 3576 3949">
     <span class='ocr_line' id='line_1_83' title="bbox 1957 3872 3576 3949; baseline 0.013 -26"><span class='ocrx_word' id='word_1_626' title='bbox 1957 3872 2172 3925; x_wconf 86' lang='lat' dir='ltr'><strong>tertiam</strong></span> <span class='ocrx_word' id='word_1_627' title='bbox 2227 3875 2464 3944; x_wconf 78' lang='lat' dir='ltr'><strong>vigiliam</strong></span> <span class='ocrx_word' id='word_1_628' title='bbox 2503 3876 2713 3945; x_wconf 78' lang='lat' dir='ltr'><strong>vigilat,</strong></span> <span class='ocrx_word' id='word_1_629' title='bbox 2759 3879 3213 3949; x_wconf 77' lang='lat' dir='ltr'><strong>vigilantissimus</strong></span> <span class='ocrx_word' id='word_1_630' title='bbox 3250 3898 3377 3937; x_wconf 80' lang='lat' dir='ltr'><strong>csse</strong></span> <span class='ocrx_word' id='word_1_631' title='bbox 3418 3884 3576 3943; x_wconf 83' lang='lat' dir='ltr'><strong>vide.-</strong></span> 
     </span>
    </p>
   </div>
   <div class='ocr_carea' id='block_1_84' title="bbox 1955 3962 3579 4043">
    <p class='ocr_par' dir='ltr' id='par_1_84' title="bbox 1955 3962 3579 4043">
     <span class='ocr_line' id='line_1_84' title="bbox 1955 3962 3579 4043; baseline 0.009 -27"><span class='ocrx_word' id='word_1_632' title='bbox 1955 3962 2197 4035; x_wconf 89' lang='lat' dir='ltr'><strong>tur(istis</strong></span> <span class='ocrx_word' id='word_1_633' title='bbox 2225 3966 2370 4019; x_wconf 88' lang='lat' dir='ltr'><strong>enim</strong></span> <span class='ocrx_word' id='word_1_634' title='bbox 2403 3968 2551 4021; x_wconf 89' lang='lat' dir='ltr'><strong>horis</strong></span> <span class='ocrx_word' id='word_1_635' title='bbox 2583 3971 2833 4024; x_wconf 84' lang='lat' dir='ltr'><strong>homines</strong></span> <span class='ocrx_word' id='word_1_636' title='bbox 2869 3974 3110 4026; x_wconf 84' lang='lat' dir='ltr'><strong>maximo</strong></span> <span class='ocrx_word' id='word_1_637' title='bbox 3143 3984 3196 4026; x_wconf 88' lang='lat' dir='ltr'><strong>et</strong></span> <span class='ocrx_word' id='word_1_638' title='bbox 3224 3977 3400 4043; x_wconf 86' lang='lat' dir='ltr'><strong>primo</strong></span> <span class='ocrx_word' id='word_1_639' title='bbox 3427 3993 3579 4030; x_wconf 81' lang='lat' dir='ltr'><strong>som-</strong></span> 
     </span>
    </p>
   </div>
   <div class='ocr_carea' id='block_1_85' title="bbox 1952 4062 3572 4138">
    <p class='ocr_par' dir='ltr' id='par_1_85' title="bbox 1952 4062 3572 4138">
     <span class='ocr_line' id='line_1_85' title="bbox 1952 4062 3572 4138; baseline 0.01 -28"><span class='ocrx_word' id='word_1_640' title='bbox 1952 4071 2023 4110; x_wconf 93' lang='lat' dir='ltr'><strong>no</strong></span> <span class='ocrx_word' id='word_1_641' title='bbox 2060 4062 2338 4130; x_wconf 89' lang='lat' dir='ltr'><strong>tenentur)</strong></span> <span class='ocrx_word' id='word_1_642' title='bbox 2367 4063 2469 4126; x_wconf 88' lang='lat' dir='ltr'><strong>slc,</strong></span> <span class='ocrx_word' id='word_1_643' title='bbox 2511 4062 2762 4124; x_wconf 87' lang='lat' dir='ltr'><strong>obsecro.</strong></span> <span class='ocrx_word' id='word_1_644' title='bbox 2794 4069 2959 4118; x_wconf 88' lang='lat' dir='ltr'><strong>etiam</strong></span> <span class='ocrx_word' id='word_1_645' title='bbox 2998 4067 3272 4138; x_wconf 78' lang='lat' dir='ltr'><strong>intelligas</strong></span> <span class='ocrx_word' id='word_1_646' title='bbox 3308 4069 3358 4122; x_wconf 92' lang='lat' dir='ltr'><strong>iu</strong></span> <span class='ocrx_word' id='word_1_647' title='bbox 3388 4071 3572 4126; x_wconf 80' lang='lat' dir='ltr'><strong>diver-</strong></span> 
     </span>
    </p>
   </div>
   <div class='ocr_carea' id='block_1_86' title="bbox 1951 4151 3567 4230">
    <p class='ocr_par' dir='ltr' id='par_1_86' title="bbox 1951 4151 3567 4230">
     <span class='ocr_line' id='line_1_86' title="bbox 1951 4151 3567 4230; baseline 0.009 -25"><span class='ocrx_word' id='word_1_648' title='bbox 1951 4151 2027 4206; x_wconf 86' lang='lat' dir='ltr'><strong>sis</strong></span> <span class='ocrx_word' id='word_1_649' title='bbox 2064 4153 2188 4206; x_wconf 66' lang='lat' dir='ltr'><strong>vltaz</strong></span> <span class='ocrx_word' id='word_1_650' title='bbox 2218 4163 2418 4230; x_wconf 70' lang='lat' dir='ltr'><strong>nostrae</strong></span> <span class='ocrx_word' id='word_1_651' title='bbox 2450 4158 2689 4212; x_wconf 79' lang='lat' dir='ltr'><strong>statibus</strong></span> <span class='ocrx_word' id='word_1_652' title='bbox 2722 4173 2845 4213; x_wconf 81' lang='lat' dir='ltr'><strong>esse</strong></span> <span class='ocrx_word' id='word_1_653' title='bbox 2871 4159 3059 4226; x_wconf 87' lang='lat' dir='ltr'><strong>horas,</strong></span> <span class='ocrx_word' id='word_1_654' title='bbox 3083 4178 3202 4230; x_wconf 82' lang='lat' dir='ltr'><strong>quae</strong></span> <span class='ocrx_word' id='word_1_655' title='bbox 3231 4159 3425 4218; x_wconf 78' lang='lat' dir='ltr'><strong>beatos</strong></span> <span class='ocrx_word' id='word_1_656' title='bbox 3465 4181 3567 4220; x_wconf 92' lang='lat' dir='ltr'><strong>nos</strong></span> 
     </span>
    </p>
   </div>
   <div class='ocr_carea' id='block_1_87' title="bbox 1952 4243 3572 4326">
    <p class='ocr_par' dir='ltr' id='par_1_87' title="bbox 1952 4243 3572 4326">
     <span class='ocr_line' id='line_1_87' title="bbox 1952 4243 3572 4326; baseline 0.009 -29"><span class='ocrx_word' id='word_1_657' title='bbox 1952 4244 2176 4311; x_wconf 78' lang='lat' dir='ltr'><strong>faciant,</strong></span> <span class='ocrx_word' id='word_1_658' title='bbox 2206 4246 2249 4300; x_wconf 86' lang='lat' dir='ltr'><strong>si</strong></span> <span class='ocrx_word' id='word_1_659' title='bbox 2285 4243 2570 4318; x_wconf 76' lang='lat' dir='ltr'><strong>vigilantes</strong></span> <span class='ocrx_word' id='word_1_660' title='bbox 2606 4251 2810 4303; x_wconf 60' lang='lat' dir='ltr'><strong>inventi</strong></span> <span class='ocrx_word' id='word_1_661' title='bbox 2851 4252 3144 4307; x_wconf 70' lang='lat' dir='ltr'><strong>fuerimus.</strong></span> <span class='ocrx_word' id='word_1_662' title='bbox 3192 4253 3396 4321; x_wconf 66' lang='lat' dir='ltr'><strong>Rapuit</strong></span> <span class='ocrx_word' id='word_1_663' title='bbox 3447 4257 3572 4326; x_wconf 87' lang='lat' dir='ltr'><strong>quis</strong></span> 
     </span>
    </p>
   </div>
   <div class='ocr_carea' id='block_1_88' title="bbox 1953 4337 3576 4418">
    <p class='ocr_par' dir='ltr' id='par_1_88' title="bbox 1953 4337 3576 4418">
     <span class='ocr_line' id='line_1_88' title="bbox 1953 4337 3576 4418; baseline 0.006 -24"><span class='ocrx_word' id='word_1_664' title='bbox 1953 4337 2198 4394; x_wconf 86' lang='lat' dir='ltr'><strong>divitilas</strong></span> <span class='ocrx_word' id='word_1_665' title='bbox 2218 4347 2362 4406; x_wconf 88' lang='lat' dir='ltr'><strong>tuas,</strong></span> <span class='ocrx_word' id='word_1_666' title='bbox 2391 4343 2591 4396; x_wconf 92' lang='lat' dir='ltr'><strong>mortui</strong></span> <span class='ocrx_word' id='word_1_667' title='bbox 2612 4355 2742 4398; x_wconf 92' lang='lat' dir='ltr'><strong>sunt</strong></span> <span class='ocrx_word' id='word_1_668' title='bbox 2770 4343 2936 4418; x_wconf 80' lang='lat'><strong>377</strong></span> <span class='ocrx_word' id='word_1_669' title='bbox 2969 4347 3064 4400; x_wconf 86' lang='lat' dir='ltr'><strong>tibi</strong></span> <span class='ocrx_word' id='word_1_670' title='bbox 3086 4346 3206 4412; x_wconf 81' lang='lat' dir='ltr'><strong>ﬁlii,</strong></span> <span class='ocrx_word' id='word_1_671' title='bbox 3236 4349 3576 4405; x_wconf 85' lang='lat' dir='ltr'><strong>calumniam</strong></span> 
     </span>
    </p>
   </div>
   <div class='ocr_carea' id='block_1_89' title="bbox 1950 4433 3563 4508">
    <p class='ocr_par' dir='ltr' id='par_1_89' title="bbox 1950 4433 3563 4508">
     <span class='ocr_line' id='line_1_89' title="bbox 1950 4433 3563 4508; baseline 0.011 -26"><span class='ocrx_word' id='word_1_672' title='bbox 1950 4447 2148 4502; x_wconf 88' lang='lat' dir='ltr'><strong>passus</strong></span> <span class='ocrx_word' id='word_1_673' title='bbox 2177 4447 2237 4488; x_wconf 86' lang='lat' dir='ltr'><strong>es</strong></span> <span class='ocrx_word' id='word_1_674' title='bbox 2271 4451 2285 4483; x_wconf 91' lang='lat'><strong>:</strong></span> <span class='ocrx_word' id='word_1_675' title='bbox 2324 4433 2366 4488; x_wconf 88' lang='lat' dir='ltr'><strong>si</strong></span> <span class='ocrx_word' id='word_1_676' title='bbox 2404 4434 2457 4488; x_wconf 92' lang='lat' dir='ltr'><strong>in</strong></span> <span class='ocrx_word' id='word_1_677' title='bbox 2493 4436 2791 4491; x_wconf 86' lang='lat' dir='ltr'><strong>iliusmodi</strong></span> <span class='ocrx_word' id='word_1_678' title='bbox 2833 4441 3173 4508; x_wconf 84' lang='lat' dir='ltr'><strong>temporibus</strong></span> <span class='ocrx_word' id='word_1_679' title='bbox 3228 4457 3334 4496; x_wconf 90' lang='lat' dir='ltr'><strong>non</strong></span> <span class='ocrx_word' id='word_1_680' title='bbox 3392 4443 3563 4500; x_wconf 80' lang='lat' dir='ltr'><strong>fueris</strong></span> 
     </span>
    </p>
   </div>
   <div class='ocr_carea' id='block_1_90' title="bbox 1951 4524 3574 4603">
    <p class='ocr_par' dir='ltr' id='par_1_90' title="bbox 1951 4524 3574 4603">
     <span class='ocr_line' id='line_1_90' title="bbox 1951 4524 3574 4603; baseline 0.008 -24"><span class='ocrx_word' id='word_1_681' title='bbox 1951 4524 2157 4593; x_wconf 89' lang='lat' dir='ltr'><strong>lapsus,</strong></span> <span class='ocrx_word' id='word_1_682' title='bbox 2183 4527 2276 4581; x_wconf 84' lang='lat' dir='ltr'><strong>sed</strong></span> <span class='ocrx_word' id='word_1_683' title='bbox 2305 4527 2536 4599; x_wconf 79' lang='lat' dir='ltr'><strong>vigilans</strong></span> <span class='ocrx_word' id='word_1_684' title='bbox 2575 4530 2830 4586; x_wconf 79' lang='lat' dir='ltr'><strong>inventus</strong></span> <span class='ocrx_word' id='word_1_685' title='bbox 2879 4547 2908 4585; x_wconf 91' lang='lat' dir='ltr'><strong>a</strong></span> <span class='ocrx_word' id='word_1_686' title='bbox 2947 4532 3060 4588; x_wconf 85' lang='lat' dir='ltr'><strong>Deo</strong></span> <span class='ocrx_word' id='word_1_687' title='bbox 3108 4543 3165 4589; x_wconf 90' lang='lat' dir='ltr'><strong>et</strong></span> <span class='ocrx_word' id='word_1_688' title='bbox 3213 4533 3472 4603; x_wconf 85' lang='lat' dir='ltr'><strong>Domino,</strong></span> <span class='ocrx_word' id='word_1_689' title='bbox 3514 4548 3574 4592; x_wconf 89' lang='lat' dir='ltr'><strong>et</strong></span> 
     </span>
    </p>
   </div>
   <div class='ocr_carea' id='block_1_91' title="bbox 225 4590 1853 4699">
    <p class='ocr_par' dir='ltr' id='par_1_91' title="bbox 225 4590 1842 4699">
     <span class='ocr_line' id='line_1_91' title="bbox 225 4590 1842 4680; baseline 0.012 -36"><span class='ocrx_word' id='word_1_690' title='bbox 225 4590 330 4644; x_wconf 73' lang='grc' dir='ltr'><strong>ιάν</strong></span> <span class='ocrx_word' id='word_1_691' title='bbox 360 4592 418 4643; x_wconf 81' lang='grc' dir='ltr'>ὲν</span> <span class='ocrx_word' id='word_1_692' title='bbox 457 4595 572 4679; x_wconf 79' lang='grc' dir='ltr'>τοῖς</span> <span class='ocrx_word' id='word_1_693' title='bbox 619 4597 888 4661; x_wconf 84' lang='grc' dir='ltr'>τοιούτοις</span> <span class='ocrx_word' id='word_1_694' title='bbox 949 4604 1167 4673; x_wconf 81' lang='grc' dir='ltr'>καιροῖς</span> <span class='ocrx_word' id='word_1_695' title='bbox 1212 4604 1274 4656; x_wconf 86' lang='grc' dir='ltr'>οὐ</span> <span class='ocrx_word' id='word_1_696' title='bbox 1325 4609 1672 4680; x_wconf 75' lang='grc' dir='ltr'>καταπέσῃς,</span> <span class='ocrx_word' id='word_1_697' title='bbox 1723 4611 1842 4664; x_wconf 82' lang='grc' dir='ltr'>ἀλλ’</span> 
     </span>
     <span class='ocr_line' id='line_1_92' title="bbox 231 4680 1413 4699; baseline 0 0"><span class='ocrx_word' id='word_1_698' title='bbox 625 4685 791 4699; x_wconf 75' lang='grc'><strong>....</strong></span> <span class='ocrx_word' id='word_1_699' title='bbox 911 4689 1203 4699; x_wconf 66' lang='grc'><strong>-,...-</strong></span> <span class='ocrx_word' id='word_1_700' title='bbox 1407 4698 1413 4699; x_wconf 62' lang='lat'><strong><em>,</em></strong></span> 
     </span>
    </p>
   </div>
   <div class='ocr_carea' id='block_1_92' title="bbox 1958 4590 3575 4699">
    <p class='ocr_par' dir='ltr' id='par_1_92' title="bbox 1958 4616 3575 4699">
     <span class='ocr_line' id='line_1_93' title="bbox 1958 4616 3575 4699; baseline 0.008 -29"><span class='ocrx_word' id='word_1_701' title='bbox 1958 4616 2087 4670; x_wconf 88' lang='lat' dir='ltr'><strong>nihil</strong></span> <span class='ocrx_word' id='word_1_702' title='bbox 2125 4617 2272 4672; x_wconf 83' lang='lat' dir='ltr'><strong>aliud</strong></span> <span class='ocrx_word' id='word_1_703' title='bbox 2315 4630 2513 4688; x_wconf 54' lang='lat' dir='ltr'><strong>prater</strong></span> <span class='ocrx_word' id='word_1_704' title='bbox 2552 4623 2804 4675; x_wconf 76' lang='lat' dir='ltr'><strong>mamista</strong></span> <span class='ocrx_word' id='word_1_705' title='bbox 2844 4621 3059 4678; x_wconf 78' lang='lat' dir='ltr'><strong>Domini</strong></span> <span class='ocrx_word' id='word_1_706' title='bbox 3099 4625 3299 4682; x_wconf 78' lang='lat' dir='ltr'><strong>feceris</strong></span> <span class='ocrx_word' id='word_1_707' title='bbox 3337 4649 3349 4682; x_wconf 69' lang='grc' dir='ltr'><strong>ς</strong></span> <span class='ocrx_word' id='word_1_708' title='bbox 3385 4629 3575 4699; x_wconf 81' lang='lat' dir='ltr'><strong>utique</strong></span> 
     </span>
    </p>
   </div>
   <div class='ocr_carea' id='block_1_93' title="bbox 225 4667 1840 4774">
    <p class='ocr_par' dir='ltr' id='par_1_93' title="bbox 225 4667 1840 4774">
     <span class='ocr_line' id='line_1_94' title="bbox 225 4667 1840 4774; baseline 0.017 -44"><span class='ocrx_word' id='word_1_709' title='bbox 225 4667 555 4774; x_wconf 59' lang='grc' dir='ltr'>ἀγρηγορὼς</span> <span class='ocrx_word' id='word_1_710' title='bbox 585 4685 832 4756; x_wconf 75' lang='grc' dir='ltr'>εὑρεθεὶς</span> <span class='ocrx_word' id='word_1_711' title='bbox 866 4689 946 4759; x_wconf 85' lang='grc' dir='ltr'>τῷ</span> <span class='ocrx_word' id='word_1_712' title='bbox 972 4667 1093 4763; x_wconf 78' lang='grc' dir='ltr'>Θεῷ</span> <span class='ocrx_word' id='word_1_713' title='bbox 1118 4695 1214 4747; x_wconf 78' lang='grc' dir='ltr'><strong>καὶ</strong></span> <span class='ocrx_word' id='word_1_714' title='bbox 1237 4698 1511 4772; x_wconf 79' lang='grc' dir='ltr'>Δεσπότῃ,</span> <span class='ocrx_word' id='word_1_715' title='bbox 1546 4667 1840 4774; x_wconf 39' lang='lat' dir='ltr'><strong>xit-p116“</strong></span> 
     </span>
    </p>
   </div>
   <div class='ocr_carea' id='block_1_94' title="bbox 224 4771 1841 4863">
    <p class='ocr_par' dir='ltr' id='par_1_94' title="bbox 224 4771 1841 4863">
     <span class='ocr_line' id='line_1_95' title="bbox 224 4771 1841 4863; baseline 0.015 -36"><span class='ocrx_word' id='word_1_716' title='bbox 224 4771 336 4842; x_wconf 74' lang='grc' dir='ltr'><strong>Ιξω</strong></span> <span class='ocrx_word' id='word_1_717' title='bbox 367 4775 473 4828; x_wconf 88' lang='grc' dir='ltr'><strong>τῶν</strong></span> <span class='ocrx_word' id='word_1_718' title='bbox 505 4777 676 4832; x_wconf 85' lang='grc' dir='ltr'>αὑτοῦ</span> <span class='ocrx_word' id='word_1_719' title='bbox 712 4781 946 4837; x_wconf 64' lang='grc' dir='ltr'>ἐντολῶν</span> <span class='ocrx_word' id='word_1_720' title='bbox 999 4786 1363 4861; x_wconf 81' lang='grc' dir='ltr'>ἀναγκασθῇς</span> <span class='ocrx_word' id='word_1_721' title='bbox 1406 4794 1637 4863; x_wconf 79' lang='grc' dir='ltr'>πρᾶξαι,</span> <span class='ocrx_word' id='word_1_722' title='bbox 1668 4771 1841 4863; x_wconf 73' lang='grc' dir='ltr'>δντως</span> 
     </span>
    </p>
   </div>
   <div class='ocr_carea' id='block_1_95' title="bbox 223 4867 1834 4961">
    <p class='ocr_par' dir='ltr' id='par_1_95' title="bbox 223 4867 1834 4961">
     <span class='ocr_line' id='line_1_96' title="bbox 223 4867 1834 4961; baseline 0.015 -41"><span class='ocrx_word' id='word_1_723' title='bbox 223 4870 577 4946; x_wconf 66' lang='grc' dir='ltr'>ὶγρηγορότα</span> <span class='ocrx_word' id='word_1_724' title='bbox 610 4889 670 4924; x_wconf 82' lang='grc' dir='ltr'><strong>σε</strong></span> <span class='ocrx_word' id='word_1_725' title='bbox 703 4867 865 4945; x_wconf 70' lang='grc' dir='ltr'>εὗρεν</span> <span class='ocrx_word' id='word_1_726' title='bbox 895 4879 953 4930; x_wconf 83' lang='grc' dir='ltr'>ὲν</span> <span class='ocrx_word' id='word_1_727' title='bbox 981 4879 1214 4951; x_wconf 80' lang='grc' dir='ltr'>δευτέρᾳ</span> <span class='ocrx_word' id='word_1_728' title='bbox 1247 4885 1342 4936; x_wconf 83' lang='grc' dir='ltr'>καὶ</span> <span class='ocrx_word' id='word_1_729' title='bbox 1387 4885 1548 4959; x_wconf 79' lang='grc' dir='ltr'>τρίτῃ</span> <span class='ocrx_word' id='word_1_730' title='bbox 1589 4888 1834 4961; x_wconf 78' lang='grc' dir='ltr'>φυλακῇ,</span> 
     </span>
    </p>
   </div>
   <div class='ocr_carea' id='block_1_96' title="bbox 221 4964 1842 5055">
    <p class='ocr_par' dir='ltr' id='par_1_96' title="bbox 221 4964 1842 5055">
     <span class='ocr_line' id='line_1_97' title="bbox 221 4964 1842 5055; baseline 0.016 -42"><span class='ocrx_word' id='word_1_731' title='bbox 221 4964 534 5030; x_wconf 75' lang='grc' dir='ltr'>τουτέστιν,</span> <span class='ocrx_word' id='word_1_732' title='bbox 572 4967 630 5020; x_wconf 76' lang='grc' dir='ltr'>ὲν</span> <span class='ocrx_word' id='word_1_733' title='bbox 662 4969 841 5040; x_wconf 82' lang='grc' dir='ltr'>καιρῷ</span> <span class='ocrx_word' id='word_1_734' title='bbox 868 4970 1050 5044; x_wconf 81' lang='grc' dir='ltr'>δεινῷ,</span> <span class='ocrx_word' id='word_1_735' title='bbox 1079 4974 1175 5027; x_wconf 79' lang='grc' dir='ltr'>καὶ</span> <span class='ocrx_word' id='word_1_736' title='bbox 1210 4975 1380 5030; x_wconf 79' lang='grc' dir='ltr'>ὕπνον</span> <span class='ocrx_word' id='word_1_737' title='bbox 1407 4979 1716 5055; x_wconf 84' lang='grc' dir='ltr'>θανατώδη,</span> <span class='ocrx_word' id='word_1_738' title='bbox 1745 4987 1842 5039; x_wconf 78' lang='grc' dir='ltr'>καὶ</span> 
     </span>
    </p>
   </div>
   <div class='ocr_carea' id='block_1_97' title="bbox 223 5058 1840 5144">
    <p class='ocr_par' dir='ltr' id='par_1_97' title="bbox 223 5058 1840 5144">
     <span class='ocr_line' id='line_1_98' title="bbox 223 5058 1840 5144; baseline 0.015 -35"><span class='ocrx_word' id='word_1_739' title='bbox 223 5058 589 5113; x_wconf 86' lang='grc' dir='ltr'>κατάπτωσιν</span> <span class='ocrx_word' id='word_1_740' title='bbox 622 5065 742 5127; x_wconf 82' lang='grc' dir='ltr'>ταῖς</span> <span class='ocrx_word' id='word_1_741' title='bbox 772 5067 1005 5135; x_wconf 87' lang='grc' dir='ltr'>χαύναις</span> <span class='ocrx_word' id='word_1_742' title='bbox 1040 5067 1243 5140; x_wconf 75' lang='grc' dir='ltr'>ψυχαῖς</span> <span class='ocrx_word' id='word_1_743' title='bbox 1274 5075 1575 5144; x_wconf 86' lang='grc' dir='ltr'>παρέχοντι</span> <span class='ocrx_word' id='word_1_744' title='bbox 1600 5093 1611 5104; x_wconf 87' lang='grc'><strong>·</strong></span> <span class='ocrx_word' id='word_1_745' title='bbox 1637 5078 1719 5131; x_wconf 81' lang='grc' dir='ltr'>δεῖ</span> <span class='ocrx_word' id='word_1_746' title='bbox 1746 5079 1840 5133; x_wconf 81' lang='grc' dir='ltr'>οὖν</span> 
     </span>
    </p>
   </div>
   <div class='ocr_carea' id='block_1_98' title="bbox 221 5152 1838 5243">
    <p class='ocr_par' dir='ltr' id='par_1_98' title="bbox 221 5152 1838 5243">
     <span class='ocr_line' id='line_1_99' title="bbox 221 5152 1838 5243; baseline 0.015 -41"><span class='ocrx_word' id='word_1_747' title='bbox 221 5152 643 5221; x_wconf 63' lang='grc' dir='ltr'>ἐγρηγόρσεως·</span> <span class='ocrx_word' id='word_1_748' title='bbox 676 5158 1038 5233; x_wconf 73' lang='grc' dir='ltr'>οἰκοδεσπότη</span> <span class='ocrx_word' id='word_1_749' title='bbox 1070 5163 1179 5235; x_wconf 69' lang='grc' dir='ltr'>γὰρ</span> <span class='ocrx_word' id='word_1_750' title='bbox 1209 5165 1496 5235; x_wconf 77' lang='grc' dir='ltr'>ἐοίκαμεν,</span> <span class='ocrx_word' id='word_1_751' title='bbox 1532 5169 1591 5233; x_wconf 80' lang='grc' dir='ltr'>ὃς</span> <span class='ocrx_word' id='word_1_752' title='bbox 1639 5174 1686 5224; x_wconf 82' lang='grc' dir='ltr'><strong>εί</strong></span> <span class='ocrx_word' id='word_1_753' title='bbox 1737 5174 1838 5243; x_wconf 81' lang='grc' dir='ltr'>μὲν</span> 
     </span>
    </p>
   </div>
   <div class='ocr_carea' id='block_1_99' title="bbox 115 5246 1847 5340">
    <p class='ocr_par' dir='ltr' id='par_1_99' title="bbox 115 5246 1847 5340">
     <span class='ocr_line' id='line_1_100' title="bbox 115 5246 1847 5340; baseline 0.016 -45"><span class='ocrx_word' id='word_1_754' title='bbox 115 5321 118 5324; x_wconf 9' lang='grc' dir='ltr'><strong>ἤ</strong></span> <span class='ocrx_word' id='word_1_755' title='bbox 222 5246 524 5316; x_wconf 81' lang='grc' dir='ltr'>ἀγρυπνεῐ,</span> <span class='ocrx_word' id='word_1_756' title='bbox 552 5250 613 5301; x_wconf 82' lang='grc' dir='ltr'>οὐ</span> <span class='ocrx_word' id='word_1_757' title='bbox 638 5250 866 5307; x_wconf 82' lang='grc' dir='ltr'>δύναται</span> <span class='ocrx_word' id='word_1_758' title='bbox 905 5255 1061 5308; x_wconf 83' lang='grc' dir='ltr'>οὐδὲν</span> <span class='ocrx_word' id='word_1_759' title='bbox 1093 5258 1239 5313; x_wconf 84' lang='grc' dir='ltr'>κατὰ</span> <span class='ocrx_word' id='word_1_760' title='bbox 1269 5259 1379 5314; x_wconf 88' lang='grc' dir='ltr'><strong>τῶν</strong></span> <span class='ocrx_word' id='word_1_761' title='bbox 1409 5262 1578 5317; x_wconf 82' lang='grc' dir='ltr'>αὑτοῦ</span> <span class='ocrx_word' id='word_1_762' title='bbox 1620 5268 1847 5340; x_wconf 80' lang='grc' dir='ltr'>χρημά-</span> 
     </span>
    </p>
   </div>
   <div class='ocr_carea' id='block_1_100' title="bbox 222 5341 1843 5436">
    <p class='ocr_par' dir='ltr' id='par_1_100' title="bbox 222 5341 1843 5436">
     <span class='ocr_line' id='line_1_101' title="bbox 222 5341 1843 5436; baseline 0.025 -46"><span class='ocrx_word' id='word_1_763' title='bbox 222 5354 336 5390; x_wconf 88' lang='grc' dir='ltr'><strong>των</strong></span> <span class='ocrx_word' id='word_1_764' title='bbox 359 5341 386 5393; x_wconf 83' lang='grc' dir='ltr'>ὁ</span> <span class='ocrx_word' id='word_1_765' title='bbox 413 5341 678 5414; x_wconf 78' lang='grc' dir='ltr'>κλέπτης·</span> <span class='ocrx_word' id='word_1_766' title='bbox 706 5347 755 5398; x_wconf 87' lang='grc' dir='ltr'><strong>εί</strong></span> <span class='ocrx_word' id='word_1_767' title='bbox 780 5347 836 5400; x_wconf 85' lang='grc' dir='ltr'>δὲ</span> <span class='ocrx_word' id='word_1_768' title='bbox 867 5349 1121 5421; x_wconf 82' lang='grc' dir='ltr'>ὑπνώδης</span> <span class='ocrx_word' id='word_1_769' title='bbox 1148 5353 1293 5421; x_wconf 72' lang='grc' dir='ltr'>ἐστὶ,</span> <span class='ocrx_word' id='word_1_770' title='bbox 1318 5356 1496 5411; x_wconf 88' lang='grc' dir='ltr'>πάντα</span> <span class='ocrx_word' id='word_1_771' title='bbox 1525 5359 1665 5430; x_wconf 74' lang='grc' dir='ltr'><strong>ἄρας</strong></span> <span class='ocrx_word' id='word_1_772' title='bbox 1692 5365 1843 5436; x_wconf 66' lang='grc' dir='ltr'><strong>οἰχή-</strong></span> 
     </span>
    </p>
   </div>
   <div class='ocr_carea' id='block_1_101' title="bbox 225 5435 1842 5517">
    <p class='ocr_par' dir='ltr' id='par_1_101' title="bbox 225 5435 1842 5517">
     <span class='ocr_line' id='line_1_102' title="bbox 225 5435 1842 5517; baseline 0.017 -34"><span class='ocrx_word' id='word_1_773' title='bbox 225 5447 409 5489; x_wconf 83' lang='grc' dir='ltr'>σεται.</span> <span class='ocrx_word' id='word_1_774' title='bbox 447 5435 706 5509; x_wconf 65' lang='grc' dir='ltr'>Κλέτσιην</span> <span class='ocrx_word' id='word_1_775' title='bbox 738 5439 796 5492; x_wconf 85' lang='grc' dir='ltr'>δὲ</span> <span class='ocrx_word' id='word_1_776' title='bbox 823 5442 1064 5498; x_wconf 75' lang='grc' dir='ltr'>ἐνταῦθα</span> <span class='ocrx_word' id='word_1_777' title='bbox 1091 5446 1272 5499; x_wconf 84' lang='grc' dir='ltr'>νοοῦσι</span> <span class='ocrx_word' id='word_1_778' title='bbox 1307 5448 1412 5516; x_wconf 81' lang='grc' dir='ltr'>μέν</span> <span class='ocrx_word' id='word_1_779' title='bbox 1441 5468 1588 5517; x_wconf 85' lang='grc' dir='ltr'>τινες</span> <span class='ocrx_word' id='word_1_780' title='bbox 1621 5457 1714 5508; x_wconf 81' lang='grc' dir='ltr'><strong>καὶ</strong></span> <span class='ocrx_word' id='word_1_781' title='bbox 1747 5435 1842 5513; x_wconf 84' lang='grc' dir='ltr'><strong>τὸν</strong></span> 
     </span>
    </p>
   </div>
   <div class='ocr_carea' id='block_1_102' title="bbox 221 5523 1840 5623">
    <p class='ocr_par' dir='ltr' id='par_1_102' title="bbox 221 5523 1840 5623">
     <span class='ocr_line' id='line_1_103' title="bbox 221 5523 1840 5623; baseline 0.018 -47"><span class='ocrx_word' id='word_1_782' title='bbox 221 5523 498 5623; x_wconf 74' lang='grc' dir='ltr'>διάϐολον,</span> <span class='ocrx_word' id='word_1_783' title='bbox 541 5528 736 5603; x_wconf 83' lang='grc' dir='ltr'>ὥσπερ</span> <span class='ocrx_word' id='word_1_784' title='bbox 767 5536 863 5589; x_wconf 73' lang='grc' dir='ltr'>καὶ</span> <span class='ocrx_word' id='word_1_785' title='bbox 896 5532 1047 5592; x_wconf 85' lang='grc' dir='ltr'>οἶκον</span> <span class='ocrx_word' id='word_1_786' title='bbox 1081 5539 1183 5611; x_wconf 80' lang='grc' dir='ltr'>τὴν</span> <span class='ocrx_word' id='word_1_787' title='bbox 1212 5539 1413 5612; x_wconf 74' lang='grc' dir='ltr'>ψυχὴν,</span> <span class='ocrx_word' id='word_1_788' title='bbox 1445 5547 1840 5623; x_wconf 74' lang='grc' dir='ltr'>οἰκοδεσπότην</span> 
     </span>
    </p>
   </div>
   <div class='ocr_carea' id='block_1_103' title="bbox 219 5615 1838 5719">
    <p class='ocr_par' dir='ltr' id='par_1_103' title="bbox 219 5615 1838 5719">
     <span class='ocr_line' id='line_1_104' title="bbox 219 5615 1838 5719; baseline 0.02 -50"><span class='ocrx_word' id='word_1_789' title='bbox 219 5615 318 5671; x_wconf 80' lang='grc' dir='ltr'><strong>τὸν</strong></span> <span class='ocrx_word' id='word_1_790' title='bbox 372 5619 698 5693; x_wconf 78' lang='grc' dir='ltr'>ἀνθρωπονο</span> <span class='ocrx_word' id='word_1_791' title='bbox 746 5628 807 5680; x_wconf 89' lang='grc' dir='ltr'><strong>οὑ</strong></span> <span class='ocrx_word' id='word_1_792' title='bbox 843 5629 951 5703; x_wconf 80' lang='grc' dir='ltr'>μὴν</span> <span class='ocrx_word' id='word_1_793' title='bbox 997 5632 1144 5686; x_wconf 77' lang='grc' dir='ltr'>ἔοικε</span> <span class='ocrx_word' id='word_1_794' title='bbox 1207 5637 1530 5710; x_wconf 83' lang='grc' dir='ltr'>πρόσφορος</span> <span class='ocrx_word' id='word_1_795' title='bbox 1587 5638 1730 5699; x_wconf 72' lang='grc' dir='ltr'>εἶναι</span> <span class='ocrx_word' id='word_1_796' title='bbox 1771 5615 1838 5719; x_wconf 75' lang='grc' dir='ltr'>τῇ</span> 
     </span>
    </p>
   </div>
   <div class='ocr_carea' id='block_1_104' title="bbox 299 5758 1407 5839">
    <p class='ocr_par' dir='ltr' id='par_1_104' title="bbox 299 5758 1407 5839">
     <span class='ocr_line' id='line_1_105' title="bbox 299 5758 1407 5839; baseline 0.009 -21"><span class='ocrx_word' id='word_1_797' title='bbox 299 5758 372 5794; x_wconf 86' lang='grc'><strong>⁸⁶⁹</strong></span> <span class='ocrx_word' id='word_1_798' title='bbox 406 5761 453 5819; x_wconf 93' lang='lat' dir='ltr'><strong>ll</strong></span> <span class='ocrx_word' id='word_1_799' title='bbox 487 5761 618 5821; x_wconf 89' lang='lat' dir='ltr'><strong>Cor.</strong></span> <span class='ocrx_word' id='word_1_800' title='bbox 654 5781 738 5832; x_wconf 80' lang='lat' dir='ltr'><strong>xi,</strong></span> <span class='ocrx_word' id='word_1_801' title='bbox 773 5764 830 5822; x_wconf 78' lang='grc'><strong>2.</strong></span> <span class='ocrx_word' id='word_1_802' title='bbox 907 5768 954 5800; x_wconf 87' lang='grc'><strong>⁸⁷</strong></span> <span class='ocrx_word' id='word_1_803' title='bbox 984 5769 1155 5825; x_wconf 86' lang='lat' dir='ltr'><strong>lCor.</strong></span> <span class='ocrx_word' id='word_1_804' title='bbox 1187 5787 1281 5839; x_wconf 89' lang='lat' dir='ltr'><strong>xv,</strong></span> <span class='ocrx_word' id='word_1_805' title='bbox 1315 5773 1407 5829; x_wconf 77' lang='lat'><strong>28.</strong></span> 
     </span>
    </p>
   </div>
   <div class='ocr_carea' id='block_1_105' title="bbox 1954 4709 3571 4789">
    <p class='ocr_par' dir='ltr' id='par_1_105' title="bbox 1954 4709 3571 4789">
     <span class='ocr_line' id='line_1_106' title="bbox 1954 4709 3571 4789; baseline 0.007 -27"><span class='ocrx_word' id='word_1_806' title='bbox 1954 4709 2265 4782; x_wconf 79' lang='lat' dir='ltr'><strong>vigilantem</strong></span> <span class='ocrx_word' id='word_1_807' title='bbox 2300 4721 2350 4768; x_wconf 92' lang='lat' dir='ltr'><strong>te</strong></span> <span class='ocrx_word' id='word_1_808' title='bbox 2387 4712 2442 4767; x_wconf 87' lang='lat' dir='ltr'><strong>in</strong></span> <span class='ocrx_word' id='word_1_809' title='bbox 2491 4715 2730 4769; x_wconf 73' lang='lat' dir='ltr'><strong>secunda</strong></span> <span class='ocrx_word' id='word_1_810' title='bbox 2762 4726 2817 4771; x_wconf 90' lang='lat' dir='ltr'><strong>et</strong></span> <span class='ocrx_word' id='word_1_811' title='bbox 2852 4719 3019 4772; x_wconf 87' lang='lat' dir='ltr'><strong>tertia</strong></span> <span class='ocrx_word' id='word_1_812' title='bbox 3051 4718 3237 4789; x_wconf 87' lang='lat' dir='ltr'><strong>vigilia</strong></span> <span class='ocrx_word' id='word_1_813' title='bbox 3273 4719 3571 4788; x_wconf 84' lang='lat' dir='ltr'><strong>invenerit,</strong></span> 
     </span>
    </p>
   </div>
   <div class='ocr_carea' id='block_1_106' title="bbox 1957 4801 3577 4884">
    <p class='ocr_par' dir='ltr' id='par_1_106' title="bbox 1957 4801 3577 4884">
     <span class='ocr_line' id='line_1_107' title="bbox 1957 4801 3577 4884; baseline 0.007 -27"><span class='ocrx_word' id='word_1_814' title='bbox 1957 4801 2061 4858; x_wconf 88' lang='lat' dir='ltr'><strong>hoc</strong></span> <span class='ocrx_word' id='word_1_815' title='bbox 2090 4814 2174 4877; x_wconf 84' lang='lat' dir='ltr'><strong>est</strong></span> <span class='ocrx_word' id='word_1_816' title='bbox 2230 4805 2283 4858; x_wconf 90' lang='lat' dir='ltr'><strong>in</strong></span> <span class='ocrx_word' id='word_1_817' title='bbox 2317 4807 2628 4876; x_wconf 86' lang='lat' dir='ltr'><strong>periculoso</strong></span> <span class='ocrx_word' id='word_1_818' title='bbox 2659 4821 2714 4863; x_wconf 91' lang='lat' dir='ltr'><strong>et</strong></span> <span class='ocrx_word' id='word_1_819' title='bbox 2759 4811 2911 4879; x_wconf 86' lang='lat' dir='ltr'><strong>gravi</strong></span> <span class='ocrx_word' id='word_1_820' title='bbox 2945 4820 3216 4883; x_wconf 88' lang='lat' dir='ltr'><strong>tempore,</strong></span> <span class='ocrx_word' id='word_1_821' title='bbox 3245 4817 3388 4884; x_wconf 88' lang='lat' dir='ltr'><strong>quod</strong></span> <span class='ocrx_word' id='word_1_822' title='bbox 3427 4831 3577 4872; x_wconf 89' lang='lat' dir='ltr'><strong>mor-</strong></span> 
     </span>
    </p>
   </div>
   <div class='ocr_carea' id='block_1_107' title="bbox 1948 4889 3573 4967">
    <p class='ocr_par' dir='ltr' id='par_1_107' title="bbox 1948 4889 3573 4967">
     <span class='ocr_line' id='line_1_108' title="bbox 1948 4889 3573 4967; baseline 0.008 -13"><span class='ocrx_word' id='word_1_823' title='bbox 1948 4900 2169 4956; x_wconf 83' lang='lat' dir='ltr'><strong>tilerum</strong></span> <span class='ocrx_word' id='word_1_824' title='bbox 2249 4917 2506 4958; x_wconf 85' lang='lat' dir='ltr'><strong>somnum</strong></span> <span class='ocrx_word' id='word_1_825' title='bbox 2559 4915 2616 4960; x_wconf 89' lang='lat' dir='ltr'><strong>et</strong></span> <span class='ocrx_word' id='word_1_826' title='bbox 2666 4921 2858 4962; x_wconf 84' lang='lat' dir='ltr'><strong>casum</strong></span> <span class='ocrx_word' id='word_1_827' title='bbox 2935 4889 3222 4964; x_wconf 84' lang='lat' dir='ltr'><strong>dissolutis</strong></span> <span class='ocrx_word' id='word_1_828' title='bbox 3284 4913 3573 4967; x_wconf 79' lang='lat' dir='ltr'><strong>animabus</strong></span> 
     </span>
    </p>
   </div>
   <div class='ocr_carea' id='block_1_108' title="bbox 1944 4993 3571 5072">
    <p class='ocr_par' dir='ltr' id='par_1_108' title="bbox 1944 4993 3571 5072">
     <span class='ocr_line' id='line_1_109' title="bbox 1944 4993 3571 5072; baseline 0.009 -26"><span class='ocrx_word' id='word_1_829' title='bbox 1944 4996 2173 5063; x_wconf 63' lang='lat' dir='ltr'><strong>praebet.</strong></span> <span class='ocrx_word' id='word_1_830' title='bbox 2207 4993 2360 5064; x_wconf 90' lang='lat' dir='ltr'><strong>Opus</strong></span> <span class='ocrx_word' id='word_1_831' title='bbox 2416 4998 2598 5068; x_wconf 80' lang='lat' dir='ltr'><strong>itaque</strong></span> <span class='ocrx_word' id='word_1_832' title='bbox 2632 4998 2802 5054; x_wconf 86' lang='lat' dir='ltr'><strong>luerit</strong></span> <span class='ocrx_word' id='word_1_833' title='bbox 2840 5001 3148 5072; x_wconf 78' lang='lat' dir='ltr'><strong>vigilantia.</strong></span> <span class='ocrx_word' id='word_1_834' title='bbox 3173 5001 3571 5061; x_wconf 79' lang='lat' dir='ltr'><strong>Patrilamilias</strong></span> 
     </span>
    </p>
   </div>
   <div class='ocr_carea' id='block_1_109' title="bbox 1943 5088 3565 5165">
    <p class='ocr_par' dir='ltr' id='par_1_109' title="bbox 1943 5088 3565 5165">
     <span class='ocr_line' id='line_1_110' title="bbox 1943 5088 3565 5165; baseline 0.009 -25"><span class='ocrx_word' id='word_1_835' title='bbox 1943 5088 2092 5160; x_wconf 83' lang='lat' dir='ltr'><strong>enim</strong></span> <span class='ocrx_word' id='word_1_836' title='bbox 2143 5089 2647 5163; x_wconf 84' lang='lat' dir='ltr'><strong>assimilamur,qul</strong></span> <span class='ocrx_word' id='word_1_837' title='bbox 2685 5094 2730 5147; x_wconf 90' lang='lat' dir='ltr'><strong>si</strong></span> <span class='ocrx_word' id='word_1_838' title='bbox 2766 5094 3260 5165; x_wconf 89' lang='lat' dir='ltr'><strong>vigila.verit,nibil</strong></span> <span class='ocrx_word' id='word_1_839' title='bbox 3299 5115 3366 5153; x_wconf 82' lang='lat' dir='ltr'><strong>ex</strong></span> <span class='ocrx_word' id='word_1_840' title='bbox 3397 5100 3565 5156; x_wconf 87' lang='lat' dir='ltr'><strong>rebus</strong></span> 
     </span>
    </p>
   </div>
   <div class='ocr_carea' id='block_1_110' title="bbox 1945 5182 3571 5258">
    <p class='ocr_par' dir='ltr' id='par_1_110' title="bbox 1945 5182 3571 5258">
     <span class='ocr_line' id='line_1_111' title="bbox 1945 5182 3571 5258; baseline 0.009 -21"><span class='ocrx_word' id='word_1_841' title='bbox 1945 5182 2066 5250; x_wconf 84' lang='lat' dir='ltr'><strong>ejus</strong></span> <span class='ocrx_word' id='word_1_842' title='bbox 2114 5182 2335 5240; x_wconf 76' lang='lat' dir='ltr'><strong>auferre</strong></span> <span class='ocrx_word' id='word_1_843' title='bbox 2369 5198 2628 5256; x_wconf 86' lang='lat' dir='ltr'><strong>poterunt</strong></span> <span class='ocrx_word' id='word_1_844' title='bbox 2667 5188 2857 5258; x_wconf 84' lang='lat' dir='ltr'><strong>fures;</strong></span> <span class='ocrx_word' id='word_1_845' title='bbox 2895 5191 2981 5247; x_wconf 89' lang='lat' dir='ltr'><strong>sin</strong></span> <span class='ocrx_word' id='word_1_846' title='bbox 3025 5203 3209 5249; x_wconf 88' lang='lat' dir='ltr'><strong>autem</strong></span> <span class='ocrx_word' id='word_1_847' title='bbox 3234 5194 3571 5251; x_wconf 86' lang='lat' dir='ltr'><strong>somniculo-</strong></span> 
     </span>
    </p>
   </div>
   <div class='ocr_carea' id='block_1_111' title="bbox 1946 5276 3569 5352">
    <p class='ocr_par' dir='ltr' id='par_1_111' title="bbox 1946 5276 3569 5352">
     <span class='ocr_line' id='line_1_112' title="bbox 1946 5276 3569 5352; baseline 0.01 -22"><span class='ocrx_word' id='word_1_848' title='bbox 1946 5291 2042 5330; x_wconf 88' lang='lat' dir='ltr'><strong>sus</strong></span> <span class='ocrx_word' id='word_1_849' title='bbox 2074 5276 2259 5340; x_wconf 81' lang='lat' dir='ltr'><strong>fuerit,</strong></span> <span class='ocrx_word' id='word_1_850' title='bbox 2301 5278 2502 5346; x_wconf 82' lang='lat' dir='ltr'><strong>ablatis</strong></span> <span class='ocrx_word' id='word_1_851' title='bbox 2562 5284 2821 5341; x_wconf 86' lang='lat' dir='ltr'><strong>omnibus</strong></span> <span class='ocrx_word' id='word_1_852' title='bbox 2851 5284 2942 5352; x_wconf 2' lang='lat' dir='ltr'><strong>plur</strong></span> <span class='ocrx_word' id='word_1_853' title='bbox 2978 5289 3184 5342; x_wconf 86' lang='lat' dir='ltr'><strong>evadit.</strong></span> <span class='ocrx_word' id='word_1_854' title='bbox 3227 5285 3333 5342; x_wconf 85' lang='lat' dir='ltr'><strong>Per</strong></span> <span class='ocrx_word' id='word_1_855' title='bbox 3390 5289 3569 5346; x_wconf 79' lang='lat' dir='ltr'><strong>furem</strong></span> 
     </span>
    </p>
   </div>
   <div class='ocr_carea' id='block_1_112' title="bbox 1943 5370 3570 5453">
    <p class='ocr_par' dir='ltr' id='par_1_112' title="bbox 1943 5370 3570 5453">
     <span class='ocr_line' id='line_1_113' title="bbox 1943 5370 3570 5453; baseline 0.01 -32"><span class='ocrx_word' id='word_1_856' title='bbox 1943 5370 2171 5439; x_wconf 88' lang='lat' dir='ltr'><strong>quidam</strong></span> <span class='ocrx_word' id='word_1_857' title='bbox 2209 5373 2313 5427; x_wconf 92' lang='lat' dir='ltr'><strong>hoc</strong></span> <span class='ocrx_word' id='word_1_858' title='bbox 2346 5373 2465 5429; x_wconf 91' lang='lat' dir='ltr'><strong>loco</strong></span> <span class='ocrx_word' id='word_1_859' title='bbox 2515 5377 2826 5447; x_wconf 81' lang='lat' dir='ltr'><strong>intelligunt</strong></span> <span class='ocrx_word' id='word_1_860' title='bbox 2876 5378 3351 5447; x_wconf 81' lang='lat' dir='ltr'><strong>diabolnm,sicut</strong></span> <span class='ocrx_word' id='word_1_861' title='bbox 3378 5396 3433 5438; x_wconf 87' lang='lat' dir='ltr'><strong>et</strong></span> <span class='ocrx_word' id='word_1_862' title='bbox 3472 5399 3570 5453; x_wconf 84' lang='lat' dir='ltr'><strong>per</strong></span> 
     </span>
    </p>
   </div>
   <div class='ocr_carea' id='block_1_113' title="bbox 1943 5466 3568 5543">
    <p class='ocr_par' dir='ltr' id='par_1_113' title="bbox 1943 5466 3568 5543">
     <span class='ocr_line' id='line_1_114' title="bbox 1943 5466 3568 5543; baseline 0.007 -23"><span class='ocrx_word' id='word_1_863' title='bbox 1943 5466 2166 5521; x_wconf 91' lang='lat' dir='ltr'><strong>domum</strong></span> <span class='ocrx_word' id='word_1_864' title='bbox 2224 5468 2494 5536; x_wconf 89' lang='lat' dir='ltr'><strong>animam,</strong></span> <span class='ocrx_word' id='word_1_865' title='bbox 2525 5479 2580 5524; x_wconf 89' lang='lat' dir='ltr'><strong>et</strong></span> <span class='ocrx_word' id='word_1_866' title='bbox 2604 5471 3088 5543; x_wconf 78' lang='lat' dir='ltr'><strong>patremfamilias,</strong></span> <span class='ocrx_word' id='word_1_867' title='bbox 3111 5474 3422 5542; x_wconf 85' lang='lat' dir='ltr'><strong>hominem;</strong></span> <span class='ocrx_word' id='word_1_868' title='bbox 3472 5477 3568 5532; x_wconf 87' lang='lat' dir='ltr'><strong>sed</strong></span> 
     </span>
    </p>
   </div>
   <div class='ocr_carea' id='block_1_114' title="bbox 1943 5561 3562 5631">
    <p class='ocr_par' dir='ltr' id='par_1_114' title="bbox 1943 5561 3562 5631">
     <span class='ocr_line' id='line_1_115' title="bbox 1943 5561 3562 5631; baseline 0.006 -21"><span class='ocrx_word' id='word_1_869' title='bbox 1943 5572 2052 5612; x_wconf 91' lang='lat' dir='ltr'><strong>non</strong></span> <span class='ocrx_word' id='word_1_870' title='bbox 2090 5569 2320 5628; x_wconf 88' lang='lat' dir='ltr'><strong>apparet</strong></span> <span class='ocrx_word' id='word_1_871' title='bbox 2378 5561 2655 5631; x_wconf 82' lang='lat' dir='ltr'><strong>expositio</strong></span> <span class='ocrx_word' id='word_1_872' title='bbox 2711 5564 2847 5618; x_wconf 82' lang='lat' dir='ltr'><strong>satis</strong></span> <span class='ocrx_word' id='word_1_873' title='bbox 2898 5564 3317 5624; x_wconf 83' lang='lat' dir='ltr'><strong>accommodata</strong></span> <span class='ocrx_word' id='word_1_874' title='bbox 3371 5566 3562 5626; x_wconf 83' lang='lat' dir='ltr'><strong>textui.</strong></span> 
     </span>
    </p>
   </div>
   <div class='ocr_carea' id='block_1_115' title="bbox 1941 5649 3563 5728">
    <p class='ocr_par' dir='ltr' id='par_1_115' title="bbox 1941 5649 3563 5728">
     <span class='ocr_line' id='line_1_116' title="bbox 1941 5649 3563 5728; baseline 0.007 -26"><span class='ocrx_word' id='word_1_875' title='bbox 1941 5649 2071 5707; x_wconf 87' lang='lat' dir='ltr'><strong>Furi</strong></span> <span class='ocrx_word' id='word_1_876' title='bbox 2099 5651 2245 5708; x_wconf 87' lang='lat' dir='ltr'><strong>enim</strong></span> <span class='ocrx_word' id='word_1_877' title='bbox 2270 5653 2373 5711; x_wconf 84' lang='lat' dir='ltr'><strong>hoc</strong></span> <span class='ocrx_word' id='word_1_878' title='bbox 2398 5653 2521 5712; x_wconf 92' lang='lat' dir='ltr'><strong>loco</strong></span> <span class='ocrx_word' id='word_1_879' title='bbox 2541 5653 2864 5715; x_wconf 89' lang='lat' dir='ltr'><strong>Dominicus</strong></span> <span class='ocrx_word' id='word_1_880' title='bbox 2893 5659 3164 5716; x_wconf 85' lang='lat' dir='ltr'><strong>adventus</strong></span> <span class='ocrx_word' id='word_1_881' title='bbox 3189 5669 3563 5728; x_wconf 86' lang='lat' dir='ltr'><strong>comparatur,</strong></span> 
     </span>
    </p>
   </div>
   <div class='ocr_carea' id='block_1_116' title="bbox 297 5905 2031 5991">
    <p class='ocr_par' dir='ltr' id='par_1_116' title="bbox 297 5905 2031 5991">
     <span class='ocr_line' id='line_1_117' title="bbox 297 5905 2031 5991; baseline 0.01 -30"><span class='ocrx_word' id='word_1_882' title='bbox 297 5905 378 5983; x_wconf 63' lang='lat' dir='ltr'><strong>ta)</strong></span> <span class='ocrx_word' id='word_1_883' title='bbox 414 5907 560 5965; x_wconf 87' lang='lat' dir='ltr'><strong>Edit.</strong></span> <span class='ocrx_word' id='word_1_884' title='bbox 601 5909 725 5968; x_wconf 84' lang='lat' dir='ltr'><strong>Lut.</strong></span> <span class='ocrx_word' id='word_1_885' title='bbox 757 5913 979 5983; x_wconf 85' lang='lat' dir='ltr'><strong>omittit,</strong></span> <span class='ocrx_word' id='word_1_886' title='bbox 1023 5914 1263 5972; x_wconf 74' lang='lat' dir='ltr'><strong>habendo</strong></span> <span class='ocrx_word' id='word_1_887' title='bbox 1298 5921 1435 5974; x_wconf 79' lang='lat' dir='ltr'><strong>enim</strong></span> <span class='ocrx_word' id='word_1_888' title='bbox 1461 5914 2031 5991; x_wconf 62' lang='lat' dir='ltr'><strong>lumbos&#39;pra&#39;cinclos.</strong></span> 
     </span>
    </p>
   </div>
  </div>
