4256 6432
762 395 869 457 899

1682 383 2264 446 THEOPHYLACTI
2308 381 2719 446 BULGAerE
2758 380 3121 444 ARCHIEP.

3952 377 4053 446 ροο

761 523 826 563 eo
852 503 998 579 quod
1029 511 1250 573 repente
1281 499 1650 570 et-inopinato
1680 500 1860 555 veniet
1889 517 1905 554 :
1939 500 2085 556 sicut
2115 509 2172 556 et
2215 515 2348 570 spo-
2378 507 2423 564 Α

2378 507 2423 564 Α
2451 498 2746 570 ἀκολουθίᾳ
2807 497 2954 570 αὕτη
2995 499 3028 569 ἡ
3077 495 3312 568 ἐκδοχήο
3367 494 3579 569 κλέπτῃ
3637 493 3746 567 γὰρ
3817 496 4052 551 ἐνταῦθα

763 600 1026 657 stolorum
1074 596 1291 666 quidam
1349 595 1524 650 dicit:
1557 592 1684 649 Dies
1732 593 1876 648 enim
1938 593 2155 649 Domini
2188 595 2350 666 quasi

763 690 853 746 fur
885 693 936 746 in
970 689 1211 745 nocte".
1233 687 1297 742 Et
1325 687 1426 744 hoc
1476 687 1593 743 loco
1625 687 1744 742 vide
1775 688 2050 756 quomodo
2084 687 2354 757 interpre-

766 793 912 840 tatur
956 782 1217 837 Dominus
1252 783 1374 852 quis
1401 781 1475 837 sit
1528 780 1635 835 fur.
1661 778 1794 834 Nam
1825 780 1957 834 dicit
1984 798 1998 835 :
2027 777 2095 833 Et
2124 794 2219 834 vos
2246 779 2350 849 igi-

766 885 851 931 tur
883 875 1121 944 vigilate,
1147 874 1273 943 quia
1307 888 1412 941 qua
1447 873 1577 926 hora
1614 885 1722 925 non
1763 870 1990 940 putatis,
2036 870 2204 926 Filius
2249 871 2350 926 ho-

765 966 927 1021 minis
961 966 1161 1020 veniet.
1185 964 1385 1018 Dicunt
1428 964 1650 1032 quidam
1683 962 1829 1031 quod
1865 978 1962 1032 per
1993 963 2220 1031 primam
2269 962 2351 1017 vi-

763 1059 953 1128 giliam
997 1057 1362 1125 intelligantur
1394 1056 1449 1110 iri
1485 1055 1576 1125 qui
1607 1056 1729 1110 aliis
1754 1065 1882 1110 sunt
1913 1056 2283 1126 diligentiores
2327 1073 2347 1111 ι

765 1163 860 1217 per
893 1148 1180 1202 secundum
1233 1162 1386 1212 vero,
1415 1139 1506 1216 (μή
1558 1148 1896 1216 aliquantum
1947 1155 2295 1216 protecerunt
2329 1163 2346 1202 :

766 1255 862 1309 per
907 1241 1121 1294 tertiam
1160 1239 1470 1307 autem,qui
1520 1239 1684 1293 etiam
1721 1240 1825 1294 illis
1874 1252 2003 1294 sunt
2036 1238 2345 1295 inferiores.

766 1334 835 1384 At
889 1331 978 1383 alii
1032 1333 1274 1384 diversas
1325 1340 1512 1384 mtates
1563 1343 1959 1398 exposuerunt,
1997 1341 2051 1386 et
2092 1331 2346 1400 primam,

766 1437 874 1492 qua
912 1421 1280 1475 adolescentes
1310 1436 1497 1476 sumus
1533 1438 1546 1474 :
1575 1425 1889 1488 secundam,
1916 1438 2021 1491 qua
2069 1421 2170 1476 viri
2208 1439 2221 1474 :
2251 1431 2352 1476 ter-

770 1518 917 1575 tium,
941 1531 1044 1584 qua
1075 1530 1252 1568 senes.
1286 1514 1480 1566 Beatus
1515 1515 1679 1583 igitur
1731 1516 1984 1584 quisquis
2027 1528 2351 1585 quacunque

765 1617 924 1660 atate
964 1608 1216 1661 inventus
1244 1607 1404 1660 fuerit
1441 1606 1688 1675 vigilans,
1722 1623 1820 1662 nec
1850 1611 1904 1662 in
1937 1608 2212 1679 operando
2249 1607 2349 1662 bo-

768 1717 893 1754 num
931 1701 1266 1770 negligenter
1296 1716 1352 1756 se
1383 1717 1600 1772 gerens.

840 1961 1003 2015 Vens.
1047 1962 1234 2016 41-44.
1279 1981 1298 2014 ι
1341 1962 1486 2016 Dixit
1520 1969 1700 2017 autem
1727 1963 1774 2016 ei
1804 1973 1995 2016 Petrus
2031 1982 2046 2018 ;
2094 1960 2346 2026 Domine,

770 2058 834 2107 ad
863 2071 960 2108 nos
993 2056 1124 2108 dicis
1152 2056 1308 2108 istam
1352 2055 1690 2124 parabolum,
1723 2071 1789 2108 an
1828 2055 1991 2109 etiam
2029 2057 2093 2109 ad
2122 2055 2357 2110 omnes?

771 2149 855 2201 Ait
886 2159 1064 2200 autem
1090 2148 1388 2202 Dominus:
1429 2147 1689 2211 Quisnam
1722 2157 1809 2200 est
1860 2147 2036 2200 lidelis
2077 2148 2355 2216 dispensa-

773 2249 856 2294 tor
901 2256 964 2294 ac
1033 2243 1270 2308 prudens
1324 2256 1484 2310 quem
1518 2240 1818 2294 constituet
1871 2240 2123 2294 dominus
2188 2254 2355 2310 super

773 2327 1096 2384 famulitium
1122 2345 1303 2393 suum,
1342 2342 1401 2382 ut
1430 2329 1523 2383 det
1551 2330 1657 2382 illis
1686 2329 1738 2382 in
1770 2339 2012 2397 tempore
2041 2332 2349 2386 dimensum

771 2420 1000 2474 cibum?
1038 2420 1234 2474 Beatus
1259 2420 1348 2474 ille
1375 2436 1587 2485 servus,
1609 2438 1768 2490 quem
1799 2437 1922 2475 cum
1952 2424 2166 2476 venerit
2187 2421 2359 2476 domi-

771 2525 894 2573 nus,
935 2511 1201 2563 invenerit
1225 2510 1295 2563 ita
1326 2510 1635 2566 facientem.
1673 2512 1813 2567 Vere
1834 2513 1957 2566 dico
1987 2513 2164 2573 vobis,
2211 2511 2353 2580 quod

771 2603 1022 2656 omnibus
1051 2619 1170 2672 qua:
1195 2605 1455 2673 possidet,
1496 2605 1752 2674 prmliciet
1782 2606 1953 2658 illum.
1993 2623 2011 2656 ι
2047 2605 2355 2673 Interroga-

771 2695 849 2748 vit
910 2691 1102 2747 Petrus
1148 2710 1244 2748 ceu
1303 2710 1491 2748 curam
1554 2696 1799 2750 Omnium
1857 2695 2092 2760 habens,
2146 2706 2201 2750 et
2255 2709 2354 2764 pro

773 2786 1108 2839 auditoribus
1133 2787 1418 2851 sollicitus,
1459 2797 1719 2857 tanquam
1776 2787 2010 2840 fratrum
2042 2795 2276 2850 amator,
2303 2793 2358 2840 et

774 2879 868 2928 cui
908 2875 1017 2942 jam
1054 2878 1366 2932 concredita
1422 2875 1684 2943 Ecclesia,
1722 2894 1848 2932 num
1882 2880 1948 2930 ad
1977 2893 2167 2934 omnes
2198 2893 2359 2948 para-

773 2967 950 3022 bolam
988 2971 1152 3022 dicat.
1187 2971 1443 3025 Dominus
1475 2985 1600 3025 vero
1626 2987 1730 3024 non
1772 2971 2059 3026 manifeste
2084 2974 2148 3026 ad
2192 2973 2358 3027 inter-

774 3065 1111 3133 rogationem
1155 3068 1467 3132 respondet,
1527 3067 1617 3117 sed
1668 3065 1882 3118 occulto
1912 3064 2145 3132 quodam
2195 3064 2357 3119 modo

773 3159 973 3211 indicat
1002 3159 1144 3226 quod
1199 3158 1339 3212 dicta
1390 3156 1642 3228 parabola
1686 3159 1992 3212 communis
2046 3157 2139 3222 sit,
2193 3167 2244 3212 et
2289 3158 2354 3211 ad

771 3266 959 3304 ou.nes
996 3252 1214 3320 quidem
1242 3253 1510 3322 pertineat
1569 3251 1779 3314 fideles,
1809 3262 1859 3306 et
1892 3252 1958 3306 ad
2003 3265 2100 3306 vos
2136 3260 2356 3321 aposto-

777 3341 879 3404 los,
909 3343 1032 3394 etin
1068 3343 1260 3408 primis
1287 3358 1379 3395 eos
1413 3343 1505 3412 qui
1546 3342 1626 3395 vel
1670 3343 1920 3397 doctrina
1979 3343 2061 3396 vel
2088 3342 2357 3414 dignitate

775 3448 1030 3508 praesunt.
1065 3434 1265 3488 Verum
1301 3436 1424 3486 audi
1458 3435 1706 3501 quisnam
1728 3432 1800 3486 sit
1829 3432 2003 3487 fidelis
2027 3447 2089 3486 ac
2122 3433 2359 3502 prudens

772 3531 1133 3598 dispensator.
1161 3526 1422 3580 Parabola
1451 3530 1593 3578 enim
1629 3525 1888 3595 praedicta
1922 3525 2129 3586 multis,
2160 3525 2358 3590 inquit,

774 3622 1046 3688 congruit.
1095 3618 1246 3671 Nunc
1299 3625 1478 3670 autem
1507 3618 1572 3671 de
1635 3617 1720 3671 his
1781 3617 1874 3686 qui
1933 3615 2174 3687 praefecti
2233 3625 2361 3670 sunt

773 3715 913 3777 aliis,
974 3715 1212 3783 inquiro,
1263 3711 1382 3781 quis
1421 3711 1730 3766 inveniatur
1787 3713 1893 3764 duo
1951 3711 2067 3764 haec
2117 3709 2356 3775 habens,

775 3810 934 3861 iidem
970 3808 1092 3860 dico
1149 3816 1204 3860 et
1236 3807 1615 3875 prudentiam;
1649 3820 1808 3858 rarus
1857 3806 2001 3859 enim
2051 3803 2136 3857 ltic
2185 3817 2238 3857 et
2273 3805 2359 3857 in-

774 3919 934 3960 vcniu
961 3902 1216 3958 difficilis.
1251 3901 1383 3955 Nam
1412 3902 1550 3956 sicut
1605 3901 1659 3953 in
1698 3901 2198 3970 dispensationibus
2221 3900 2356 3954 divi-

776 3999 970 4051 tiarum
1010 3997 1200 4062 siquis
1232 3995 1404 4048 lidelis
1434 3993 1599 4048 fuerit
1631 3994 1851 4047 domino
1891 4008 2012 4059 suo,
2044 4008 2147 4048 non
2179 4002 2361 4047 autem

776 4093 1032 4162 prudens,
1055 4092 1322 4158 disperdit
1361 4105 1445 4144 res
1491 4089 1716 4152 domini,
1758 4087 2010 4142 nesciens
2041 4087 2210 4158 378
2239 4086 2362 4141 illas

778 4183 1092 4252 dispensare
1143 4183 1284 4236 sicut
1346 4182 1618 4246 convenit,
1678 4179 1772 4233 sed
1828 4194 1933 4233 non
1987 4181 2074 4233 dat
2136 4178 2356 4249 quando

779 4284 1013 4343 Oportet,
1043 4283 1096 4326 et
1123 4274 1380 4327 damnum
1432 4273 1564 4327 facit
1615 4273 1839 4326 domino
1885 4269 2060 4341 majus
2099 4289 2113 4325 :
2165 4273 2360 4326 iterum

780 4366 825 4418 si
856 4364 1094 4431 prudens
1124 4363 1248 4432 quis
1271 4362 1452 4426 fuerit,
1499 4373 1554 4414 et
1583 4363 1872 4430 expendat,
1911 4357 2146 4415 inlldelis
2178 4369 2358 4412 autem

777 4457 866 4517 sit,
905 4451 992 4506 fur
1022 4455 1208 4521 utique
1266 4451 1448 4518 fuerit,
1487 4461 1540 4505 et
1594 4462 1746 4505 tanto
1778 4453 1948 4521 magis
1985 4450 2216 4505 difﬁcilis
2252 4450 2360 4504 de-

2457 592 2869 666 παριδάλλεται
2893 595 2927 663 ἡ
2962 591 3236 665 παρουσία
3268 591 3366 646 τοῦ
3396 591 3604 663 Κυρίου
3635 592 3727 646 διὰ
3753 592 3818 644 τὸ
3841 593 4055 663 ἀπροσο

2461 688 2709 758 δόκητον,
2739 685 2818 750 ὡς
2845 685 2937 740 καί
2981 703 3065 749 τις
3109 684 3221 739 τῶν
3272 683 3591 738 ἀποπόλων
3619 685 3796 754 λέγει·
3848 683 3918 738 Ἦ
3949 686 4055 755 γὰρ

2454 776 2634 848 ἡμέρα
2664 778 2870 848 Κυρίου
2901 775 3248 847 suum;
3279 778 3337 830 ὲν
3368 776 3546 830 νυκτί.
3587 777 3698 830 Καὶ
3730 774 3981 830 ἐνταῦθα
4001 776 4054 829 δὲ

2451 873 2481 927 6
2497 871 2701 942 Κύριος
2725 873 2802 926 ῐδε
2823 870 2941 934 πῶς
2959 870 3255 941 ἑρμηνεὺει
3277 871 3432 941 ἡμῖν,
3459 871 3541 934 τίς
3569 871 3718 923 ἐστιν
3734 871 3764 924 6
3782 867 4054 938 κλέπτης⁸

2454 965 2590 1035 φησὶ
2615 964 2744 1034 γάρ·
2776 963 2889 1015 Καὶ
2934 963 3094 1032 ὑμεῖς
3119 956 3213 1015 οὖν
3255 963 3609 1032 γρηγορεῖτε,
3656 961 3741 1015 δτι
3832 961 3961 1032 ὥρα
3990 960 4050 1013 οὐ

2452 1057 2681 1120 δοκεῖτε,
2713 1057 2742 1109 6
2765 1056 2892 1120 Υἱὸς
2919 1055 3014 1110 τοῦ
3036 1054 3316 1126 ἀνθρὼτου
3350 1054 3596 1125 ἔρχεται.
3628 1055 3769 1108 Φασὶ
3795 1055 3855 1108 δέ
3886 1070 4054 1117 τινες,

2453 1151 2536 1204 δτι
2573 1149 2704 1222 περὶ
2733 1148 2831 1220 τὴν
2860 1147 3089 1220 πρώτην
3115 1147 3366 1218 φυλακὴν
3398 1145 3842 1216 ὲγρηγοροῦντες
3870 1143 4057 1197 νοοῦν-

2455 1259 2545 1294 ται
2572 1241 2621 1294 ol
2655 1240 2763 1293 τῶν
2791 1239 2968 1294 ἀλλων
3012 1239 3428 1310 ὲπιμελέστεροι
3453 1256 3467 1269 ·
3502 1240 3630 1309 περὶ
3659 1238 3716 1292 δὲ
3747 1240 3850 1308 τὴν
3874 1237 4057 1290 δευτέ-

2458 1347 2557 1399 ραν
2589 1331 2636 1383 ol
2668 1329 3071 1400 ὑποσεόηκότες
3097 1344 3110 1358 ·
3146 1329 3274 1398 περὶ
3301 1328 3358 1382 δι
3381 1328 3480 1398 τὴν
3511 1328 3720 1399 τρίτην,
3744 1328 3798 1379 oi
3823 1327 3908 1379 ἔτι
3931 1327 4054 1379 τού-

2450 1435 2560 1471 των
2598 1419 2818 1488 ἥττους.
2873 1420 3060 1473 Ἀλλοι
3099 1419 3157 1472 δὲ
3211 1419 3308 1483 τὰς
3341 1419 3636 1491 διαφόρους
3689 1421 3915 1488 ἡλικίας
3966 1419 4049 1482 ἐξ·

2451 1511 2758 1582 ηγήσαντο.
2791 1511 3024 1582 Πρώτην
3056 1513 3152 1582 μὲν
3175 1511 3299 1565 καθ’
3324 1511 3392 1582 ἢν
3423 1511 3534 1564 νὲοι
3560 1512 3752 1580 ἐσμὲν,
3789 1511 4055 1581 δευτέραν

2451 1602 2531 1667 δδ,
2567 1603 2689 1656 καθ’
2715 1603 2783 1672 ἠν
2830 1603 3044 1673 ἄνδρες,
3099 1605 3297 1676 τρίτην
3333 1604 3414 1668 δὲ,
3445 1602 3569 1655 καθ’
3606 1605 3672 1674 ἢν
3719 1601 4052 1672 πρεοῦὖται.

2466 1693 2758 1763 Μακάριος
2786 1690 2879 1747 οὖν
2907 1695 3056 1757 ὅστις
3081 1694 3282 1766 εὑρεθῇ
3306 1697 3364 1748 ἐν
3397 1694 3839 1765 ὁποιᾳδηποτοῦν
3866 1695 4054 1765 ἡλικία

2455 1785 2799 1856 ἐγρηγορὼς,
2834 1789 2931 1838 καὶ
2971 1786 3046 1856 μὴ
3079 1786 3298 1857 ἀμελῶς
3348 1787 3482 1857 περὶ
3514 1787 3612 1857 τὴν
3645 1787 3924 1858 ἐργασίαν
3961 1788 4052 1840 τοῦ

2458 1874 2625 1927 καλοῦ
2656 1875 3028 1945 διακείμενος.

2537 1988 2555 2020 ι
2594 1967 2728 2022 Εἷπε
2786 1970 2842 2022 δὲ
2906 1969 3057 2040 αὑτῷ
3090 1972 3119 2024 6
3185 1972 3432 2043 Πέτροςο
3474 1972 3668 2043 Κύριε,
3723 1972 3867 2043 πρὸς
3910 1972 4058 2044 ἡμᾶς

2458 2060 2556 2131 τὴν
2591 2061 2911 2133 παραϐολὴν
2943 2062 3150 2133 ταύτην
3185 2063 3388 2131 λέγεις,
3424 2064 3457 2135 ἢ
3492 2063 3586 2116 καὶ
3626 2064 3766 2133 πρὸς
3801 2065 4056 2129 πάντας,

2461 2150 2597 2207 Εἷπε
2627 2155 2682 2208 δι
2722 2157 2747 2207 6
2785 2155 3022 2226 Κύριος·
3058 2156 3154 2219 Τίς
3203 2151 3316 2226 ἆρά
3349 2158 3499 2209 ἔστιν
3538 2159 3565 2209 6
3596 2158 3790 2221 πιστὸς
3848 2159 4059 2210 οίκσνό·

2460 2266 2580 2318 μσς,
2615 2249 2709 2301 καὶ
2750 2248 3037 2318 φρόνιμος,
3069 2247 3130 2301 6v
3154 2249 3492 2319 καταστήσει
3531 2249 3559 2300 6
3606 2247 3800 2319 κύριος
3836 2251 3934 2302 ἐπὶ
3959 2248 4058 2317 τῆς

2459 2341 2761 2410 θεραπείας
2793 2340 2990 2401 αὑτοῦ,
3033 2338 3128 2392 τοῦ
3171 2339 3373 2394 διδόναι
3413 2343 3470 2392 ὲν
3510 2339 3686 2410 καιρῷ
3720 2338 3785 2393 τὸ
3839 2340 4060 2409 σιτομέ-

2459 2450 2608 2502 τριον
2632 2452 2644 2500 ;
2679 2433 2966 2503 Μακάριος
2986 2436 3013 2487 6
3040 2433 3228 2496 δοῦλος
3256 2435 3487 2497 ἐκεῖνος,
3515 2433 3574 2486 δν
3601 2434 3774 2487 ἐλθὼν
3798 2437 3827 2487 6
3865 2434 4059 2503 κύριος

2459 2525 2650 2590 αὑτοῦ,
2711 2527 2935 2597 εὑρήσει
3001 2525 3265 2580 ποιοῦντα
3326 2524 3544 2590 οὑτως*
3627 2527 3852 2592 άληθῶς
3919 2527 4061 2596 λέγω

2459 2619 2609 2688 ὑμῖν,
2642 2620 2725 2672 ὅτι
2755 2621 2848 2673 ἐπὶ
2871 2621 3007 2672 πᾶσι
3029 2622 3142 2682 τοῖς
3165 2619 3511 2690 ὑπάρχουσιν
3533 2619 3684 2690 αὑτῷ
3709 2624 4061 2689 καταστήσει

2458 2713 2641 2765 αὐτόν.
2672 2731 2690 2765 ι
2732 2711 3049 2782 Ἡρώτησεν
3071 2714 3099 2765 6
3127 2714 3353 2782 Πέτρος,
3370 2707 3459 2766 οἷα
3485 2714 3704 2766 πάντων
3722 2714 4059 2784 φροντίζων,

2460 2805 2554 2857 καὶ
2579 2804 2721 2874 ὑπὲρ
2745 2802 2854 2856 τῶν
2891 2803 3204 2856 ἀκουόντων
3227 2803 3612 2873 διακαιόμενος
3675 2804 3751 2867 ὡς
3809 2804 4063 2873 φιλάδελ-

2460 2914 2579 2965 φος,
2612 2898 2706 2950 καὶ
2737 2896 2812 2959 ὡς
2837 2896 2937 2967 ήδη
2959 2897 3059 2966 τὴν
3100 2896 3430 2966 Ἐκκλησίαν
3453 2897 3794 2959 πιστευθεὶς,
3841 2900 3892 2950 εί
3923 2897 4062 2967 πρὸς

2460 2989 2671 3050 πάντας
2712 2987 2811 3058 τὴν
2845 2985 3166 3058 παραϐολὴν
3215 2987 3424 3059 ταύτην
3453 2987 3639 3055 λέγει·
3673 2989 3702 3040 6
3751 2988 3810 3040 δὲ
3855 2987 4063 3057 Κύριος

2459 3079 2710 3151 φανερῶς
2779 3079 2879 3150 μὲν
2921 3079 3075 3132 οὐδὲν
3143 3079 3507 3149 ἀποκρίνεται
3565 3079 3716 3148 αὐτῷ
3769 3077 3914 3148 πρὸς
3965 3079 4062 3146 τὴν

2461 3174 2755 3244 ἐρώτησιν,
2791 3173 3292 3244 ὲπικεκρυμμένως
3336 3172 3394 3226 δὲ
3451 3172 3745 3236 δείκνυσιν,
3777 3173 3862 3226 ὅτι
3894 3175 3928 3242 ἡ
3966 3174 4061 3242 μὲν

2466 3265 2694 3335 ρηθεῖσα
2727 3264 3021 3335 παραϐολὴ
3043 3265 3199 3334 κοινὴ
3225 3261 3317 3335 ἦν,
3358 3267 3452 3318 καὶ
3473 3266 3553 3328 είς
3579 3266 3792 3328 πάντας
3821 3264 4061 3332 φθάνου-

2466 3373 2534 3409 σα
2559 3359 2654 3409 καὶ.
2690 3359 2817 3418 τοὺς
2856 3356 3118 3426 τυχόντας
3175 3357 3429 3421 πιστοὺς,
3459 3358 3556 3426 τῆς
3611 3357 3666 3410 δὲ
3701 3359 3842 3426 πρδς
3886 3358 4055 3427 ὑμᾶς,

2465 3450 2622 3517 φησὶ,
2649 3447 2772 3509 τοὺς
2799 3450 3156 3512 ἀποστόλους,
3190 3450 3289 3502 καὶ
3320 3449 3510 3513 ἁπλῶς
3538 3451 3666 3514 τοὺς
3701 3451 4062 3514 διδασκαλίας

2463 3541 2495 3611 ἢ
2528 3541 2866 3609 προστασίας
2900 3540 3260 3606 ἀξιωθέντας,
3287 3541 3387 3613 ἠδη
3411 3545 3602 3597 ἀκουε·
3632 3544 3729 3607 Τίς
3765 3545 3877 3613 ἀρα
3915 3546 4060 3598 ἐστὶν

2461 3633 2490 3684 6
2538 3634 2728 3694 πιστὸς
2786 3635 2880 3686 καὶ
2944 3633 3209 3703 φρόνιμος
3258 3635 3562 3705 οἰκονόμος.
3629 3634 3695 3689 Ἥ
3756 3637 3859 3707 μὶν
3892 3639 4066 3710 apop-

2465 3725 2691 3796 ρηθείσα
2724 3726 3013 3796 παραϐολὴ
3059 3727 3298 3793 πολλοῖς,
3347 3731 3535 3800 φησὶν,
3589 3730 3848 3802 ἁρμόζει,
3886 3731 3984 3785 νῦν
4009 3732 4063 3784 δὲ

2465 3814 2597 3886 περὶ
2649 3816 2757 3868 τῶν
2815 3818 3156 3887 προστασίας
3215 3817 3558 3884 ἀξιωθέντων
3625 3825 3784 3893 φησὶ,
3847 3825 4061 3893 λέγων·

2469 3909 2726 3979 Διαπορῶ
2765 3911 2849 3973 τίς
2885 3911 3248 3981 εὑρεθήσεται
3303 3913 3478 3968 ταῦτα
3534 3916 3697 3984 ἔχων,
3730 3918 3830 3969 καὶ
3881 3919 4065 3972 πίστιν

2467 4001 2565 4054 καὶ
2596 4003 2882 4073 φρόνησιν·
2937 4004 3164 4069 σπάνιος
3215 4005 3323 4075 γάρ
3369 4003 3527 4073 οὗτος
3575 4010 3674 4062 καὶ
3713 4010 4062 4081 δυσεύρετος.

2466 4093 2658 4166 ὥσπερ
2685 4097 2794 4165 γὰρ
2829 4096 2920 4149 ἐπὶ
2952 4097 3062 4150 τῶν
3089 4099 3476 4169 ’χρηματικῶν
3523 4082 3855 4171 οἰκονομιῶν
3891 4106 3942 4157 εί
3971 4120 4063 4156 πι-

2467 4189 2592 4251 στὸς
2628 4189 2712 4258 εἴη
2764 4207 2846 4251 τις
2884 4188 2964 4260 τῷ
3009 4188 3248 4263 δεσπότῃ
3290 4191 3478 4258 αὑτοῦ,
3532 4193 3608 4262 μὴ
3663 4196 3938 4265 φρόνιμος
3983 4193 4061 4256 δι.

2466 4279 2875 4334 ἀπόλλυταιτά
2926 4282 3252 4349 δεσποτικὰ,
3309 4283 3386 4354 μὴ
3418 4285 3729 4354 δυναμένου
3786 4286 4065 4356 διοικῆσαι

2467 4374 2642 4426 ταῦτα
2667 4373 2743 4435 ὡς
2781 4373 2883 4440 δεῖ,
2918 4373 3032 4427 ἀλλ’
3061 4375 3191 4428 ὅταν
3217 4376 3380 4446 χρεία
3425 4374 3635 4443 δοῦναι,
3692 4377 3768 4448 μὴ
3799 4377 4062 4446 διδόντος,

2466 4465 2562 4518 καὶ
2593 4465 2858 4518 πλειόνων
2906 4465 3188 4520 ἀπώλειαν
3222 4466 3509 4531 ποιοῦντος
3534 4483 3547 4498 ·
3583 4467 3769 4534 πάλιν,
3798 4472 3848 4522 εί
3879 4475 4065 4541 φρόιι-

776 4546 1068 4615 prehensu,
1100 4551 1307 4632 quanto
1334 4542 1694 4613 prudentior:
1733 4542 1807 4595 ita
1836 4552 1890 4597 et
1919 4541 1973 4596 in
2001 4542 2200 4595 divinis
2223 4545 2361 4624 opus
2396 4560 2438 4615 ο

2396 4560 2438 4615 ο
2472 4575 2569 4629 μος
2605 4558 2705 4628 μὲν
2740 4558 2852 4628 εἴη,
2884 4559 2979 4612 καὶ⁵
3041 4561 3386 4630 ποριστικὸς,
3428 4560 3662 4626 ἄπιστος
3711 4562 3792 4627 δὲ,
3824 4564 4065 4636 κλέπτης

775 4650 858 4692 est
894 4639 995 4693 lide
1026 4653 1090 4693 ac
1113 4640 1422 4706 prudentia.
1459 4636 1584 4690 Scio
1634 4637 1777 4689 enim
1812 4635 2011 4689 multos
2031 4635 2127 4704 qui
2163 4635 2357 4688 viden-

780 4743 864 4786 tur
891 4734 1090 4784 virtute
1132 4745 1195 4783 ac
1237 4731 1436 4798 pietate
1479 4744 1544 4782 ac
1610 4727 1716 4781 fide
1780 4729 2010 4796 prmditi,
2071 4738 2358 4799 propterea

778 4825 921 4893 quod
947 4822 1316 4877 ecclesiastica
1338 4821 1637 4890 prudenter
1654 4821 2039 4874 administrare
2069 4828 2362 4889 nequeant,

777 4915 1067 4970 damnosos
1089 4926 1209 4966 esse
1242 4912 1517 4975 Ecclesiae,
1555 4922 1607 4965 et
1665 4927 1772 4966 non
1826 4917 2001 4964 solum
2048 4911 2360 4975 facultates.

779 5005 872 5060 sed
926 5006 1091 5060 etiam
1154 5004 1366 5058 animas
1431 5004 1694 5074 perdere:
1750 5012 1811 5057 ut
1867 5003 2102 5073 exempli
2156 5003 2357 5074 gratia,

778 5098 1020 5166 peccavit
1050 5098 1574 5166 quispiamvpecczsto
1612 5098 1754 5167 quod
1807 5098 2046 5150 animam
2085 5096 2309 5152 offendit
2342 5115 2353 5151 :

781 5193 883 5247 nisi
917 5195 1154 5262 prudens
1188 5192 1258 5246 sit
1305 5193 1396 5259 qui
1435 5191 1708 5260 przesidet,
1773 5193 1866 5246 sed
1919 5202 2130 5246 tantum
2166 5193 2362 5246 habeat

780 5287 958 5350 iidem,
1021 5287 1123 5338 hoc
1177 5296 1257 5337 est
1307 5286 1558 5338 virtutem
1604 5287 1810 5357 absque
1865 5286 2094 5356 judicio,
2159 5286 2240 5340 vel
2298 5301 2366 5339 ex

778 5379 1065 5431 immodica
1119 5377 1514 5445 increpatione,
1555 5381 1637 5433 vel
1680 5395 1746 5433 ex
1790 5381 2170 5449 intempestiva
2224 5379 2366 5433 illius

780 5475 1194 5528 mansuetudine
1237 5475 1605 5544 corrumpitur
1629 5477 1675 5529 is
1709 5476 1801 5546 qui
1827 5477 2009 5544 lapsus
2037 5486 2140 5541 est,
2174 5485 2227 5530 et
2258 5491 2362 5529 non

2469 4651 2534 4703 ἂν
2573 4649 2684 4720 είη,
2712 4652 2807 4703 καὶ
2834 4652 2979 4723 τόσῳ
3015 4652 3218 4722 μᾶλλον
3249 4653 3630 4725 δυσφώρατος,
3667 4657 3779 4726 ὅσῳ
3807 4658 3904 4710 καὶ
3933 4676 4064 4729 φρο·

2465 4743 2756 4811 νιμότατος
2775 4758 2788 4774 ο
2816 4742 2961 4794 οὕτω
2982 4742 3048 4814 δὴ
3077 4744 3174 4797 καὶ⁵
3205 4744 3295 4796 ἐπὶ
3327 4744 3438 4796 τῶν
3467 4745 3651 4814 θείων,
3685 4745 3769 4800 δεῖ
3805 4751 3862 4802 ὲν
3885 4751 4066 4819 ταυτῷ

2461 4833 2558 4884 καὶ⁵
2592 4833 2832 4897 πίστεως
2859 4835 2954 4887 καὶ
2979 4838 3332 4906 φρονήσεως·
3383 4833 3500 4890 οἶδα
3537 4839 3648 4910 γὰρ
3681 4840 3796 4908 ἑγὼ
3836 4844 4066 4907 πολλοὺς

2463 4926 2792 4990 σπουδαίους
2819 4927 2918 4997 μὲν
2967 4927 3262 4992 δοκοῦντας
3305 4932 3440 4986 κατ’
3468 4913 3695 5005 ἀρετὴν,
3738 4937 3839 4988 καὶ
3883 4939 4066 4992 θεοσε-

2463 5016 2598 5084 ϐεῖς,
2645 5019 2739 5072 καὶ
2775 5021 2959 5073 πίστιν
3002 5021 3247 5091 ἔχοντας,
3307 5025 3364 5077 ὲν
3412 5024 3490 5094 τῷ
3674 5028 3948 5084 δύνασθαι
4010 5033 4062 5084 δὲ

2468 5111 2751 5180 φρονίμως
2799 5110 3084 5166 διαθέσθαι
3132 5115 3201 5167 τὰ
3254 5115 3719 5188 ἑκκλησιαστικά,
3775 5122 3836 5174 οὑ
3903 5124 4064 5194 μόνον

2465 5205 2748 5273 Χρήματα·
2772 5205 2910 5259 ἀλλά
2935 5208 3030 5259 καὶ
3055 5206 3234 5278 ψυχὰς
3265 5210 3656 5281 ζημιώσαντας
3679 5233 3692 5249 ·
3719 5210 3836 5269 οἷον
3870 5218 4062 5271 ἐπται-

2470 5295 2528 5347 σί
2553 5312 2637 5359 τις
2657 5299 2715 5348 ὲν
2744 5298 2964 5370 ψυχικῷ
2991 5303 3463 5373 προσπταίσματι,
3491 5306 3538 5358 εἰ
3574 5304 3649 5376 μὴ
3675 5310 3949 5378 φρόνιμος
3979 5313 4059 5376 cii

2466 5389 2493 5439 6
2528 5387 2835 5460 προεστὼς,
2889 5392 3024 5464 ἀλλὰ
3074 5393 3239 5464 μόνον
3308 5398 3495 5450 πίστιν
3559 5398 3722 5470 ἔχων,
3785 5405 4063 5456 τουτέστιν

2465 5481 2665 5553 ἀρετὴν
2699 5481 3035 5557 ἀδιάκριτον,
3069 5487 3102 5558 ἢ
3130 5486 3189 5553 ἐξ
3216 5488 3462 5561 ἀμέτρου
3502 5492 3908 5562 ἐπιτιμήσεως,
3945 5495 4061 5564 iis:

779 5576 1026 5631 s-inatur,
1062 5567 1153 5620 sed
1195 5569 1517 5620 conteritur.
1577 5569 1836 5638 Quisquis
1897 5569 2062 5639 igitur
2106 5569 2279 5623 ﬁdelis
2313 5579 2368 5623 ct

2469 5577 2775 5648 πραότητος
2802 5579 3030 5650 ἀκαίρου
3056 5581 3385 5656 διαφθαρείη
3424 5586 3451 5637 δ
3509 5587 3773 5653 πταίσας,
3827 5590 3926 5642 καὶ
3968 5590 4058 5641 οὐκ

779 5662 1017 5727 prudens
1050 5660 1306 5714 inventus
1339 5661 1525 5725 fuerit,
1555 5662 1920 5718 constituetur
1955 5663 2008 5717 in
2054 5662 2365 5718 ministerio

2475 5675 2783 5746 ἰαθήσεται,
2835 5675 2951 5730 ἀλλ’
3007 5677 3448 5751 ἐπιτριϐήσεται.
3485 5683 3681 5748 Ὅστις
3731 5679 3830 5739 οὖν
3877 5686 4054 5748 πιστὸς

847 5841 892 5874 ⁸⁸
922 5840 961 5895 ll
1000 5839 1147 5897 Petr.
1183 5857 1265 5909 ιιι,
1300 5844 1385 5898 10.
