4256 6432
752 396 859 462 903

1674 384 2263 461 THEOPIIYLACTI
2313 380 2731 445 BULGARIE
2762 382 3127 444 ARCHIEP.

3956 380 4059 442 904

758 510 1059 566 secundum
1094 504 1435 575 Apostolum,
1472 501 1690 570 quando
1720 501 1958 569 Spiritus
2009 499 2108 555 Dei
2146 499 2352 555 habitat

2460 495 2777 568 εὑρίσκεται
2820 495 2977 560 τότε;
3013 494 3075 548 τὺ
3122 492 3233 564 γὰρ
3284 490 3735 563 διχοτομηῦἦναι,
3764 491 3937 545 τοῦτο
3969 508 4060 560 a1;-

758 602 817 657 in
849 600 1001 654 nobis
1032 597 1099 649 ".
1134 594 1237 659 Qui
1279 602 1467 646 autem
1529 604 1636 644 non
1689 588 1935 643 ambulat
1974 588 2191 657 spiritu,
2244 587 2340 640 sed

758 694 815 749 in
856 704 1017 747 carne
1041 697 1145 750 est,
1194 697 1248 741 et
1290 699 1485 755 expers
1533 683 1783 738 inventus
1820 681 2147 736 fueritrvitae
2180 678 2347 748 spiri-

760 784 953 846 tualis,
993 797 1117 837 cum
1161 778 1457 837 incredulis
1502 778 1808 839 ordinatur,
1870 785 2059 844 utpote
2081 772 2171 841 qui
2220 786 2348 825 cum

757 874 1039 931 incredula
1072 874 1273 927 mundo
1312 873 1724 927 condemnatur
1751 888 1764 922 :
1793 868 2051 937 quoniam
2074 864 2209 920 nihil
2240 863 2350 918 uti-

756 968 929 1023 litatis
955 972 1024 1023 ab
1051 977 1343 1037 apparente
1390 965 1495 1019 ﬁde
1546 962 1799 1034 percipit.
1844 959 1983 1015 Vera
2033 960 2187 1014 enim
2219 957 2353 1013 ﬁdes

758 1062 816 1114 lu
845 1062 962 1129 ipso
997 1074 1100 1112 non
1145 1057 1265 1111 fuit.
1310 1054 1441 1109 Nam
1492 1056 1535 1110 si
1579 1056 1630 1107 in
1681 1067 1747 1107 eo
1785 1050 1977 1105 fuisset
2017 1064 2145 1103 vero
2192 1047 2348 1111 ﬁdes,

2423 590 2657 662 μαίνει,
2698 588 2776 641 Τὸ
2811 586 3141 659 στερηθῆναι
3161 585 3264 655 τῆς
3294 584 3542 655 χάριτος.
3579 584 3923 654 Εὑρίσκεται
3954 586 4056 655 γάρ

2449 683 2479 733 6
2508 678 2747 742 ἐλεεινὸς
2778 677 2904 731 τότε
2941 676 3080 751 σὰρξ
3116 672 3195 730 ὣν
3250 678 3345 730 καὶ
3376 677 3439 729 οὐ
3479 674 3725 745 πνεῦμα’
3779 676 3909 728 ἐπεὶ
3937 677 4052 729 τότε

2450 770 2623 841 ἐσμὲν
2653 771 2711 823 ιν
2735 769 3040 839 πνεύματι,
3062 768 3203 823 κατὰ
3223 768 3314 822 τὸν
3342 768 3689 833 Ἀπόστολον,
3714 766 3806 821 ὅτε
3828 765 4054 837 Πνεῦμα

2458 861 2600 916 Θεοῦ
2622 863 2767 915 οίκεῖ
2822 863 2882 913 ὲν
2921 862 3053 931 ήμῖν
3080 875 3093 890 ⁸
3143 861 3172 911 6
3204 858 3263 911 δὲ
3297 857 3373 929 μὴ
3408 858 3685 926 πνεύματι
3729 859 4050 928 στοιχήσας,

2453 956 2570 1009 ἀλλ’
2598 955 2657 1007 ἐν
2694 952 2862 1023 σαρκὶ
2902 951 3001 1016 ὢν,
3045 952 3138 1005 no.1
3189 951 3422 1021 ἄμοιρος
3454 951 3703 1021 εὑρεθεὶς
3737 968 3878 1004 πνευ
3896 966 4053 1020 ματι-

2453 1046 2558 1115 κῆς
2593 1044 2893 1109 πολιτείας,
2926 1040 3067 1111 μετὰ
3090 1041 3198 1093 τῶν
3228 1040 3479 1093 ἀπίστων
3510 1041 3796 1103 τάττεται,
3834 1034 3927 1091 οἷα
3960 1038 4051 1089 σὺν

758 1152 1106 1219 dispensator
1141 1148 1313 1202 ﬁdelis
1342 1148 1553 1201 fuissel.
1580 1145 1779 1199 Verum
1812 1158 1969 1197 nunc
1996 1142 2122 1210 quia
2154 1141 2348 1195 bibens

2448 1138 2528 1207 τῷ
2564 1137 2784 1205 ἀπίστῳ
2811 1135 3008 1204 κόσμῳ
3044 1132 3543 1202 κατακρινόμενος,
3567 1132 3642 1194 ὡς
3701 1131 3877 1199 μηδὲν
3904 1129 4046 1197 ὠφε-

758 1254 813 1297 et
844 1258 902 1295 se
936 1242 1213 1294 inebrians
1240 1240 1360 1302 fuit,
1391 1248 1444 1292 et
1494 1254 1581 1293 res
1622 1236 1839 1290 Domini
1869 1246 2250 1302 corrumpens,
2285 1231 2349 1284 ﬁ-

755 1334 881 1388 dem
918 1349 1095 1387 veram
1134 1348 1237 1385 non
1264 1332 1475 1395 habuit,
1514 1346 1633 1399 quae
1668 1330 1905 1397 exigitur
1938 1341 1967 1380 a
2001 1326 2347 1395 dispensato-

756 1425 951 1479 ribus:
983 1424 1117 1477 bene
1147 1440 1275 1493 ergo
1303 1438 1426 1477 cum
1477 1420 1660 1475 inﬁdis
1705 1420 1927 1490 ponitur
1986 1418 2164 1486 portio
2208 1418 2347 1483 ejus.

757 1515 1008 1571 Privatus
1036 1519 1180 1571 enim
1212 1520 1353 1570 dono
1396 1528 1450 1571 et
1480 1517 1736 1577 nudatus,
1769 1512 1995 1566 mutilus
2046 1509 2343 1571 invenitur,

755 1618 809 1661 et
843 1624 951 1661 non
987 1609 1223 1675 integer.

2448 1230 2635 1300 ληθεὶς
2668 1229 2781 1283 ἀπὸ
2823 1227 2925 1297 τῆς
2957 1225 3229 1293 δοκούσης
3280 1226 3521 1286 πίστεως
3550 1242 3564 1255 ·
3596 1226 3629 1295 ή
3680 1223 3792 1293 γὰρ
3843 1222 4050 1292 ἀληθὴς

2452 1323 2640 1385 πίστις
2692 1322 2749 1373 ὲν
2789 1319 2942 1388 αὑτῷ
3000 1320 3101 1372 οὐκ
3133 1314 3201 1387 ἦν
3239 1334 3251 1350 ·
3287 1318 3335 1369 εί
3371 1316 3481 1385 γὰρ
3509 1316 3716 1385 ἀληθὴς
3770 1316 3962 1377 πίστις
3995 1317 4050 1365 ἐν

2454 1413 2607 1485 αὐτῷ
2632 1408 2721 1483 ἦν,
2761 1412 3047 1481 οἰκονόμος
3077 1410 3143 1464 ἂν
3188 1406 3255 1481 ἢν
3305 1410 3497 1471 πιστός
3525 1422 3538 1436 °
3582 1406 3679 1461 νῦν
3709 1408 3767 1461 δὲ
3800 1408 3933 1461 ἐπεὶ
3964 1407 4047 1458 πί-

2454 1522 2561 1557 νων
2601 1501 2691 1569 ἦν,
2729 1503 2824 1554 καὶ
2860 1501 3100 1573 μεθύων,
3131 1504 3227 1555 καὶ
3254 1501 3583 1570 διαφθείρων
3616 1502 3685 1552 τὰ
3720 1500 4046 1561 δεσποτικὰ,

2456 1597 2557 1649 οὐκ
2588 1591 2705 1667 εἶχε
2735 1596 2836 1664 τὴν
2877 1596 3051 1665 ἀληθῆ
3087 1600 3294 1661 πίστιν,
3331 1597 3400 1665 ἥν
3421 1594 3783 1647 ἀπαιτοῦνται
3818 1596 3867 1647 οί
3901 1596 4047 1648 olito-

755 1702 908 1771 νόμοι
934 1717 947 1731 ·
984 1702 1160 1763 καλῶς
1192 1704 1301 1772 ἄρα
1329 1699 1465 1769 μετὰ
1491 1699 1599 1751 τῶν
1630 1700 1873 1752 ἀπίστων
1904 1696 2114 1749 τίθεται
2150 1694 2211 1747 τὸ
2251 1692 2415 1764 μέρος
2449 1689 2619 1743 αὑτοῦ
2642 1705 2657 1721 ο
2692 1688 2981 1758 στερηθεὶς
3021 1689 3131 1760 γὰρ
3161 1690 3259 1743 τοῦ
3292 1690 3651 1760 ,χαρίσματος
3682 1691 3777 1745 καὶ
3820 1706 4044 1757 γυμνω-

756 1793 895 1855 θεὶς,
925 1794 1144 1856 κολοϐὸς
1177 1794 1489 1861 εὑρίσκεται
1531 1794 1625 1843 καὶ
1664 1794 1761 1861 οὐχ
1800 1790 2115 1858 ὁλόκληρος.

827 1888 995 1941 Vsus.
1027 1889 1113 1951 47,
1152 1887 1242 1943 68.
1275 1906 1291 1936 ι
1340 1887 1433 1942 Ille
1465 1898 1656 1941 autem.
1706 1901 1899 1941 servus
1950 1886 2042 1954 qui
2092 1880 2342 1951 cognovit

2522 1896 2543 1929 ι
2587 1878 2828 1939 Ἐκεῖνος
2866 1876 2923 1929 δὲ
2956 1878 2983 1929 6
3027 1875 3214 1939 δοῦλος
3271 1876 3299 1928 6
3351 1876 3515 1944 γνοὺς
3569 1876 3630 1929 τὸ
3687 1878 3907 1946 θέλημα
3952 1877 4043 1929 τοῦ

756 1982 1095 2035 Vuluiitatcin
1130 1980 1479 2042 duminisui,
1528 1996 1623 2034 uec
1667 1997 1725 2034 se
1780 1980 2121 2049 prmparavit,
2173 1989 2348 2044 neque

758 2072 1060 2127 secundum
1112 2072 1445 2123 voluntatem
1488 2070 1608 2139 ejus
1662 2072 1807 2135 fecit,
1845 2072 2019 2141 plagis
2071 2070 2347 2138 vapulabit

758 2161 942 2215 multis
967 2178 981 2225 ;
1006 2160 1096 2228 qui
1119 2170 1294 2213 autem
1329 2175 1432 2213 non
1453 2163 1725 2229 cognovit,
1743 2170 1793 2213 et
1819 2160 1948 2214 fecit
1968 2162 2124 2227 digna
2150 2160 2343 2230 plagis,

756 2253 1035 2322 vapulabit
1054 2256 1260 2321 paucis.
1283 2251 1450 2306 Porro
1465 2254 1766 2322 cuicunque
1783 2254 2009 2306 multum
2035 2254 2217 2307 datum
2236 2263 2342 2315 est,

756 2346 987 2399 multum
1018 2357 1289 2412 qumretur
1334 2346 1401 2400 ab
1432 2360 1496 2399 eo
1533 2364 1546 2398 ε
1580 2356 1633 2399 et
1682 2346 1768 2399 cui
1824 2346 2347 2399 commendaverunt

760 2436 1016 2498 multum,
1050 2425 1182 2504 pius
1217 2437 1588 2501 petentabee.
1626 2435 2170 2503 sllocloco‘amplius
2193 2439 2347 2504 quid-

757 2523 880 2577 dam
932 2540 994 2578 ac
1025 2526 1321 2579 terribilius
1356 2527 1511 2579 nobis
1539 2527 1879 2580 demonstrat
1908 2528 2191 2583 Dominus.
2228 2528 2344 2581 Non

758 2619 935 2673 solum
962 2620 1127 2683 enim,
1155 2619 1350 2691 inquit,
1369 2622 1540 2686 gratia
1580 2620 1875 2673 nudabitur
1892 2623 1981 2689 qui
2012 2622 2133 2675 talis
2157 2630 2260 2686 est,
2294 2630 2347 2674 et

761 2710 895 2762 nihil
936 2710 1035 2763 sibi
1082 2712 1321 2778 proderit
1359 2712 1462 2764 hoc
1488 2721 1547 2763 ut
1576 2710 1839 2766 liberetur
1866 2728 1895 2764 a
1931 2713 2128 2781 pmnis,
2166 2714 2257 2767 sed
2292 2722 2347 2768 et

762 2801 987 2867 majoris
1018 2801 1491 2856 condemnationis
1512 2816 1675 2869 causa
1700 2802 1804 2857 erit
1832 2803 2112 2874 dignitatis
2141 2805 2347 2875 magni-

762 2896 913 2949 tudo.
938 2893 1055 2960 Quo
1083 2894 1201 2964 plus
1233 2896 1379 2949 enim
1424 2896 1532 2951 scit
1582 2896 1673 2965 qui
1702 2906 1912 2965 peccat,
1948 2907 2099 2951 tanto
2129 2897 2347 2966 gravio-

757 3001 875 3045 rem
906 3002 1125 3052 ptenani
1162 2988 1265 3041 sibi
1329 2990 1584 3047 accersit.
1618 2988 1685 3043 Et
1751 2992 1803 3044 in
1858 2991 2213 3059 sequentibus
2243 2990 2343 3047 hoc

762 3077 1107 3132 manifestius
1136 3075 1214 3133 lit.
1249 3077 1349 3132 Cui
1390 3079 1756 3145 enim-datum
1783 3090 1867 3134 est
1901 3081 2153 3148 multum,
2190 3082 2257 3136 ab
2280 3096 2345 3137 eo

757 3169 1073 3239 requis-etut
1114 3171 1279 3224 etiam
1313 3170 1544 3224 multum
1577 3189 1589 3224 :
1623 3181 1677 3225 et
1699 3172 1785 3226 cui
1816 3177 2343 3229 commendaverunt

2449 1971 2637 2042 κυρίου
2670 1969 2860 2033 αὑτοῦ,
2887 1970 2983 2022 καὶ
3027 1970 3102 2039 μὴ
3126 1968 3423 2038 ἑτοιμάσας
3445 1969 3579 2040 μηδὲ
3622 1971 3865 2041 ποιήσας
3899 1971 4034 2039 πρὸς

2448 2064 2510 2116 τὸ
2542 2063 2757 2132 θέλημα
2785 2061 2978 2129 αὑτοῦ,
3005 2062 3305 2133 δαρήσεται
3333 2062 3533 2125 πολλάς
3557 2077 3573 2092 ⁸
3604 2064 3631 2116 6
3652 2064 3712 2115 δὲ
3745 2064 3823 2132 μὴ
3853 2065 4039 2131 γνοὺς,

2453 2157 2684 2227 ποιήσας
2707 2155 2761 2208 δὲ
2781 2155 2909 2221 ἀξια
2932 2155 3179 2225 πληγῶν,
3207 2156 3504 2226 δαρήσεται
3527 2156 3715 2225 ὀλίγας
3742 2172 3755 2185 ·
3779 2158 3953 2211 παντὶ
3987 2160 4041 2213 δὲ

2448 2239 2494 2313 ᾧ
2523 2246 2679 2314 ἐδόθη
2713 2246 2869 2310 πολὺ,
2923 2247 3058 2300 πολὺ
3092 2246 3455 2317 ζητηθήσεται
3483 2249 3613 2319 παρ’
3646 2249 3839 2314 αὐτοῦ,
3871 2251 3974 2305 καὶ
4005 2244 4045 2318 ᾧ

2451 2339 2754 2408 παρέθεντο
2789 2339 2947 2405 πολὺ,
3004 2341 3401 2410 περισσότερον
3436 2342 3755 2410 αἰτήσουσιν
3790 2344 3981 2399 αὐτόν.
4022 2365 4036 2395 ι

2462 2433 2730 2487 Ἐνταῦθα
2752 2415 2847 2486 καὶ
2878 2433 3061 2486 πλεῖόν
3097 2451 3147 2488 τι
3185 2434 3282 2486 καὶ
3312 2433 3695 2505 φοϐερώτερον
3718 2437 4035 2490 ὑποδείκνυ-

2448 2544 2533 2580 σιν
2561 2528 2692 2597 ήμῖν
2723 2529 2751 2580 6
2783 2527 3011 2597 Κύριος.
3077 2528 3153 2580 Οὐ
3191 2528 3351 2596 μόνον
3388 2529 3517 2600 γὰρ,
3561 2530 3719 2599 φησὶ,
3756 2531 3853 2584 τοῦ
3884 2533 4047 2603 χαρίο

2451 2633 2659 2686 σματος
2703 2617 3127 2686 γυμνωθήεεται
3166 2618 3197 2668 ὁ
3241 2617 3505 2682 τοιοῦτος,
3563 2619 3659 2671 καὶ
3706 2620 3864 2675 οὐδὲν
3894 2622 4045 2692 αὐτῷ

2452 2709 2814 2778 συμϐαλεῖται
2865 2710 3003 2779 πρὸς
3047 2710 3368 2781 ἀπαλλαγὴν
3420 2712 3532 2766 τῶν
3571 2715 3876 2782 κολάσεων,
3910 2718 4047 2772 ἀλλὰ

2450 2804 2545 2855 καὶ
2581 2802 2831 2872 μείζονος
2852 2803 3003 2872 αὺτῷ
3031 2806 3419 2885 κατακρίσεως
3447 2804 3624 2859 αῖτιον
3650 2810 3955 2879 γενήσεται
3988 2812 4046 2865 τὸ

2448 2893 2545 2947 τοῦ
2568 2894 2881 2965 ἀξιώματος
2907 2896 3159 2966 μέγεθος.
3200 2897 3351 2967 Ὅσῳ
3383 2897 3495 2967 γὰρ
3521 2898 3817 2966 γινώσκων
3852 2904 4044 2956 ἐπται-

2451 3003 2537 3053 σε,
2586 2986 2833 3059 τοσούτῳ
2890 2987 3115 3057 μείζονα
3172 2990 3273 3059 τὴν
3318 2990 3595 3061 τιμωρίαν
3646 2992 3832 3062 ἑαυτῷ
3884 3012 4047 3065 περι-

2448 3080 2708 3132 ποιεῖται.
2750 3076 2975 3131 Καὶνδιὰ
3024 3078 3134 3131 τῶν
3165 3078 3365 3150 ἑφεξῆς
3408 3080 3466 3133 δὲ
3506 3082 3847 3155 σαφέστερον
3880 3085 4046 3143 ,τοῦτο

2449 3175 2623 3228 ποιεῖ.
2684 3166 2755 3243 Ὅ
2785 3172 2896 3243 γὰρ
2922 3170 3101 3239 ἐδόθη,
3125 3173 3281 3243 φησὶ,
3304 3174 3464 3239 πολὺ,
3504 3174 3601 3227 καὶ
3628 3176 3763 3229 πολὺ
3802 3176 4045 3251 ζητηθήι

757 3259 1015 3324 multum,
1056 3259 1178 3329 plus
1204 3269 1389 3331 petent
1418 3263 1487 3316 ab
1514 3276 1599 3317 eo.
1627 3260 1730 3316 Per
1767 3264 1868 3317 hoc
1894 3264 2038 3317 enim
2070 3265 2340 3335 signatur,

2451 3282 2604 3319 σεται
2638 3265 2769 3337 παρ’
2799 3264 2990 3331 αὑτοῦ,
3010 3268 3124 3319 καὶ
3149 3261 3194 3335 ᾧ
3222 3266 3531 3337 παρέθεντο
3565 3270 3731 3334 πολὺ,
3785 3275 4046 3343 περισσὲ-

755 3365 974 3423 pmnam
1037 3368 1198 3422 quam
1252 3365 1535 3410 merentur
1567 3356 1845 3421 doctores,
1876 3357 2045 3428 380
2102 3359 2343 3415 futuram

756 3444 1039 3513 majorem.
1082 3444 1248 3499 Datur
1292 3447 1474 3517 igitur
1533 3456 1587 3503 et
1629 3452 2051 3503 commendatur
2100 3450 2344 3506 doctori-

758 3534 863 3590 bus
908 3554 923 3592 :
967 3538 1127 3592 datur
1162 3539 1399 3608 quidem,
1430 3550 1486 3594 ut
1545 3541 1716 3610 gratia
1771 3543 1997 3597 sanandi
2025 3544 2260 3612 morbos,
2290 3552 2348 3599 et

753 3628 991 3684 Iaciendi
1019 3631 1305 3698 miracula,
1344 3634 1759 3687 commendatur
1792 3644 1973 3689 autem
2006 3636 2087 3691 eis
2110 3638 2259 3693 verbi
2290 3647 2346 3692 et

744 3722 1020 3779 doctrina:
1053 3723 1277 3778 donum.
1319 3725 1387 3779 Et
1414 3740 1535 3779 cum
1563 3725 1721 3791 dixit,
1761 3725 1951 3795 Datur,
1980 3743 2087 3783 non
2118 3730 2342 3799 euhjun-

754 3812 853 3882 git,
887 3812 1140 3882 Amplius
1173 3817 1429 3884 exigent:
1464 3818 1568 3870 sed
1601 3834 1726 3872 cum
1760 3818 1920 3887 dixit,
1977 3820 2341 3887 Commenda-

754 3914 865 3968 tur,
927 3914 983 3959 et
1012 3906 1257 3974 profecto
1311 3908 1513 3964 donum
1558 3912 1712 3965 verbi
1759 3929 1897 3981 opus
1939 3904 2104 3969 habet
2135 3916 2340 3983 labore,

751 4007 807 4051 et
832 3998 1071 4068 amplius
1098 4001 1333 4069 exigitur
1360 4018 1387 4055 a
1415 4005 1752 4062 doctoribus.
1778 4004 2006 4076 Oportet
2028 4007 2175 4077 enim
2217 4023 2341 4065 eum

750 4102 857 4145 no:
904 4102 1028 4144 esse
1078 4092 1322 4147 desidem
1359 4108 1424 4149 ac
1473 4096 1748 4165 ignavum,
1826 4100 1921 4154 sed
1981 4101 2343 4171 multiplicare

752 4178 1013 4235 talentum
1034 4183 1202 4236 verbi.
1225 4182 1414 4253 Igitur,
1433 4187 1519 4241 cui
1548 4192 2097 4259 commendaverunt,
2137 4188 2342 4247 intellio

750 4285 879 4339 gere
910 4272 1098 4338 debes,
1121 4277 1206 4327 cui
1233 4276 1462 4331 multum
1497 4280 1683 4333 datum
1713 4283 1778 4335 ad
1824 4299 2066 4339 usuram.
2105 4284 2337 4341 Usuram

750 4362 895 4415 cnim
956 4368 1395 4423 commendatum
1451 4380 1507 4423 et
1538 4372 1843 4439 depositum
1899 4375 1985 4429 liic
2033 4377 2229 4448 signat.
2269 4378 2337 4431 At

751 4462 879 4505 sunt
927 4455 1018 4523 qui
1062 4467 1310 4523 quaerant
1349 4478 1362 4516 :
1423 4460 1601 4526 Esto,
1635 4462 1797 4530 bene,
1848 4468 2107 4534 puniatur
2139 4471 2183 4524 is
2217 4472 2339 4539 quis

752 4544 857 4598 scit
899 4546 1234 4602 voluntatem
1286 4549 1521 4616 Domini,
1554 4564 1609 4607 et
1646 4569 1753 4610 non
1795 4556 1923 4611 facit
1974 4575 1988 4614 :
2044 4544 2337 4629 quiautem

762 4639 966 4699 nescit,
1022 4651 1191 4705 quare
1232 4642 1491 4708 punitur?
1551 4643 1629 4702 Eo
1669 4648 1810 4715 quod
1867 4650 2135 4715 potuisset
2179 4654 2361 4710 etiam'

752 4724 869 4792 ipse
901 4728 1129 4792 discere,
1165 4741 1218 4784 et
1251 4736 1444 4799 noluit,
1484 4737 1576 4790 sed
1602 4737 1754 4807 piger
1779 4738 1903 4803 fuit,
1945 4741 2063 4810 ipse
2092 4743 2145 4797 in
2176 4754 2343 4802 causa

753 4814 860 4871 fuit
914 4821 1212 4888 quominus
1265 4810 1582 4882 didicerit:
1645 4842 1977 4901 quapropter
2038 4836 2343 4903 puniendus

757 4921 844 4966 est
898 4916 1045 4984 quod
1088 4926 1280 4985 sponte
1319 4934 1423 4974 non
1476 4922 1689 4978 didicit.
1737 4918 2075 4993 Timeamus,
2114 4927 2331 4989 fratres.

754 5001 897 5059 Nam.
922 5006 966 5059 si
1004 5007 1047 5061 is
1086 5010 1177 5077 qui
1208 5013 1340 5067 nihil
1367 5014 1495 5079 scit,
1533 5016 1757 5072 omnino
1777 5018 1977 5088 dignus
2011 5030 2094 5075 est
2126 5022 2338 5094 plagis:

752 5111 873 5168 quae
903 5106 1187 5159 excusatio
1216 5105 1469 5162 liberabit
1502 5123 1597 5164 eos
1618 5112 1708 5179 qui
1735 5098 1977 5168 scienter
2000 5114 2341 5186 delinquunt,

757 5193 994 5247 maxime
1033 5198 1077 5249 si
1107 5199 1357 5256 doctores
1382 5198 1619 5257 fuerint?
1652 5203 1885 5261 Gravior
1915 5207 2063 5263 enim
2092 5222 2176 5265 est
2222 5213 2337 5268 inec

755 5283 1156 5341 condemnatio.
1216 5314 1233 5326 -

831 5548 989 5607 Vitae.
1023 5552 1115 5621 69,
1150 5556 1238 5612 50.
1279 5577 1298 5610 ι
1336 5557 1517 5629 ignem
1552 5565 1675 5619 veni
1718 5565 1984 5624 missurus
2012 5571 2065 5625 in
2095 5580 2338 5629 terram:

753 5651 805 5695 et
858 5646 988 5713 quid
1022 5662 1159 5714 v0.0,
1204 5652 1247 5704 si
1303 5652 1413 5723 jam
1466 5672 1732 5716 accensus
1775 5662 1895 5717 est?
1932 5660 2036 5721 Sed
2068 5665 2341 5737 baptismo

828 5820 872 5853 '°
910 5819 1069 5879 Rom,
1106 5837 1225 5891 vni,
1265 5826 1317 5879 (δ⁴

2448 3374 2611 3429 τερον
2634 3360 2954 3430 αίτήσουσιν
2979 3360 3167 3413 αὐτόν.
3195 3360 3294 3413 Διὰ
3322 3357 3534 3414 τούτων
3587 3364 3700 3433 γὰρ
3736 3366 4043 3420 αίνίττεται

2451 3449 2549 3519 τὴν
2579 3450 2696 3512 τοῖς
2719 3450 3063 3515 διδασκάλοις
3090 3451 3459 3523 ὀφειλομένην
3493 3456 3774 3526 τιμωρίαν
3817 3460 4044 3527 μείζονα

2450 3540 2743 3611 ἐσομένην.
2772 3544 2881 3597 Καὶ
2903 3542 3105 3597 δίδοται
3137 3544 3230 3597 οὖν
3253 3548 3366 3609 τοῖς
3392 3547 3761 3613 διδασκάλοις
3794 3553 3895 3605 καὶ
3929 3568 4036 3605 πα-

2452 3630 2877 3701 ρακατατίθεται
2904 3650 2919 3665 ο
2954 3635 3161 3691 δίδοται
3212 3636 3333 3707 μὶν,
3384 3634 3498 3693 οἷον
3531 3641 3593 3693 το
3648 3643 3900 3713 χάρισμα
3947 3644 4039 3699 τοῦ

2450 3726 2891 3798 θαυματουργεῖν
2951 3732 3046 3782 καὶ
3111 3730 3296 3784 ίᾶσθαι
3349 3731 3562 3799 νόσους,
3639 3738 4029 3805 πειρακατειτίὁ

2448 3818 2599 3872 θεται
2639 3820 2696 3874 δὲ
2739 3821 2927 3899 αὐτοῖς
2956 3822 3017 3873 τὸ
3063 3821 3158 3875 τοῦ
3189 3823 3348 3892 λόγου
3381 3827 3478 3879 καὶ
3529 3827 3629 3897 τῆς
3683 3828 4038 3895 διδασκαλίας

2447 3916 2719 3986 χάρισμα.
2757 3916 2883 3970 Ἐπὶ
2920 3916 3021 3987 μὲν
3059 3917 3155 3973 οὖν
3186 3904 3303 3985 τοῧ,
3367 3922 3728 3988 Δίδοται,οὺκ
3759 3922 3919 3981 εἶπεν
3960 3928 4041 3982 ὃτι

2448 4012 2846 4083 Περισσότερον
2876 4014 3275 4084 άπαιτήσουσιν
3312 4031 3326 4045 °
3363 4018 3455 4071 ἐπὶ
3510 4018 3565 4072 δὲ
3604 4020 3721 4081 τοῦ,
3770 4022 4037 4093 Παρακαο

2446 4104 2730 4163 τατίθεται
2758 4121 2775 4136 ’
2808 4107 2904 4159 καλ⁸
2947 4108 3058 4176 γὰρ
3112 4108 3282 4173 ὅντως
3314 4110 3377 4163 τὸ
3411 4111 3516 4186 sou
3566 4111 3731 4181 λόγου
3794 4117 4039 4186 χάρισμα

2446 4197 2784 4266 ἐπεργασίας
2842 4197 3035 4264 δεῖται,
3094 4201 3190 4255 καὶ
3249 4204 3565 4257 ἁπαιτεῖται
3623 4206 3650 4257 6
3709 4206 4037 4271 διδάσκαλος

2446 4290 2853 4361 περισσότερον.
2913 4290 3007 4342 Δεῖ
3057 4291 3165 4363 γάρ
3200 4291 3365 4347 αὐτὸν
3405 4292 3482 4363 μὴ
3553 4293 3848 4365 ῥᾳθυμεῖν,
3907 4298 4039 4351 ἀλλὰ

2388 4440 2391 4443 _
2445 4381 2771 4445 πλεονάζειν
2799 4382 2861 4435 τὸ
2885 4383 2981 4437 τοῦ
3005 4384 3164 4452 λόγου
3202 4385 3467 4441 τάλαντον
3492 4404 3505 4417 ο
3542 4388 3605 4439 τὸ
3651 4390 3856 4456 τοίνυν,
3897 4409 4035 4463 παρ-

2445 4474 2774 4545 ετέθη,ἀντὶ
2791 4475 2910 4542 τοῦ,
2938 4470 2982 4545 ᾧ
3014 4477 3303 4547 ἐδανείσθη
3337 4479 3493 4545 πολὺ,
3516 4481 3756 4550 ὀφείλεις
3781 4489 3950 4538 νοεῖν·
3984 4487 4040 4540 τὺ

2368 4565 2557 4657 Βγὰρ
2627 4567 2855 4657 δάνειον.
2901 4569 3381 4641 παρακαταθήκην
3428 4573 3667 4626 ἐνταῦθα
3726 4575 4036 4647 ὠνόμασεν.

2462 4658 2620 4711 Ἀλλὰ
2638 4652 2864 4727 ζητοῦσί
2886 4661 3268 4727 τινες,”Εστω,
3300 4663 3481 4728 καλῶς
3499 4671 3821 4737 τιμωρεῖται
3834 4671 3862 4721 6
3879 4674 4039 4739 γνοὺς

2446 4749 2507 4802 τὸ
2526 4747 2742 4819 θέλημα
2757 4751 2850 4803 τοῦ
2872 4752 3157 4817 δεσπότου,
3184 4755 3277 4805 καὶ
3302 4753 3376 4827 μὴ
3398 4756 3591 4821 ποιῶν,
3608 4758 3637 4808 6
3663 4758 3721 4812 δὲ
3755 4762 3833 4831 μὴ
3852 4767 4038 4829 γνοὺς,

2447 4838 2591 4893 διατί
2622 4842 3147 4911 τιμωρεῖταιςΔιότι
3176 4843 3474 4913 δυνάμενος
3502 4851 3699 4917 μαθεῖν
3726 4868 3821 4904 και
3853 4852 4036 4916 αὐτὸς.

2446 4931 2597 4999 ὅμως
2629 4932 2729 4985 οὐκ
2757 4930 3043 5006 ἠθέλησεν,
3069 4935 3186 4987 ἀλλ’
3208 4936 3316 4993 ἀπὸ
3356 4936 3633 5009 ῥᾳθυμίας
3663 4942 3835 5007 αὐτὸς
3858 4945 4040 5015 ἑαυτῷ

2448 5023 2623 5085 αῖτιος
2668 5022 2765 5077 τοῦ
2797 5024 2873 5096 μὴ
2912 5025 3111 5097 μαθεῖν
3142 5028 3389 5097 γέγονεν,
3423 5029 3566 5084 ὥστε
3600 5032 3688 5086 διὰ
3729 5036 3894 5089 τοῦτο
3949 5056 4036 5093 κο-

2446 5112 2693 5180 λαστόος,
2728 5115 2808 5168 δτι
2846 5116 2989 5177 ἑκὼν
3018 5119 3120 5171 οὐκ
3147 5116 3342 5191 ἔμαθε.
3366 5121 3677 5193 Φρίξωμεν,
3702 5126 3930 5197 ἀδελφοί
3954 5146 3968 5159 ’
3996 5131 4041 5187 εἰ

2446 5206 2555 5275 γὰρ
2584 5210 2612 5260 6
2636 5208 2763 5279 μηδ’
2790 5208 2929 5273 ὅλως
2960 5213 3145 5277 γνοὺς,
3206 5210 3357 5279 ἄξιος
3382 5214 3636 5287 πληγῶν,
3679 5222 3834 5285 ποῖος
3863 5225 4041 5277 rixa).-

2446 5297 2595 5363 λάξει
2630 5299 2789 5369 λόγος
2839 5303 2964 5366 τοὺς
3026 5304 3089 5357 ὲν
3134 5303 3335 5378 γνώσει
3399 5308 3893 5382 πλημμελοῦντας,
3948 5318 4038 5369 καὶ

2449 5393 2684 5462 μάλιστα
2718 5396 2767 5447 εί
2795 5396 2891 5447 καὶ
2931 5395 3247 5451 διδάσκαλοι
3294 5396 3407 5455 εἷεν
3434 5420 3449 5470 ;
3480 5406 3898 5480 Φορτικώτερον
3934 5410 4039 5481 γάρ

2444 5485 2505 5539 τὸ
2542 5486 2749 5541 τούτων
2788 5489 3134 5563 κατάκριμα.

2522 5601 2540 5634 ι
2581 5582 2703 5655 Πῦρ
2731 5578 2897 5655 ἦλθον
2930 5584 3115 5647 βαλεῖν
3144 5590 3226 5653 είς
3271 5591 3371 5664 τήν
3402 5594 3506 5664 γῆν
3532 5610 3545 5623 ·
3580 5599 3677 5651 καὶ
3707 5597 3761 5650 τί
3794 5597 3957 5657 θέλω.
3991 5598 4035 5652 εὶ

2447 5674 2549 5747 ήδη
2593 5675 2857 5748 άνήφθη;
2916 5678 3213 5753 Βάπτισμα
3247 5683 3304 5738 δὲ
3339 5685 3447 5757 ἔχω
3497 5686 3900 5761 βαπτισθῆναι,
3947 5706 4031 5747 και
