4256 6432
259 430 367 493 905

950 423 1396 489 ENARRATIO
1437 422 1520 485 IN
1560 416 2072 484 EVANGELIUM
2105 417 2347 481 LUC.E.
2376 444 2446 453 —
2485 416 2647 477 CAP.
2688 416 2825 478 XII.

3419 436 3432 449 ·
3453 417 3560 482 906

260 537 391 601 πῶς
419 535 716 607 συνέχομαι
755 534 858 597 ἕως
878 527 942 587 οὗ
993 534 1219 604 τελεσθῇ
1250 551 1264 599 ;
1310 553 1327 585 ι
1366 532 1487 601 Πῦρ
1522 533 1729 586 νοεῖται
1756 529 1858 597 μὲν

1969 525 2141 583 habeo
2186 526 2482 595 baptizari,
2526 536 2579 580 et
2640 524 2920 595 quomodo
2990 524 3343 597 constriugor
3398 528 3576 586 donec

254 630 353 682 καὶ
390 628 445 683 ιδ
468 628 758 698 κήρυγμα,
818 628 848 678 ὁ
890 626 1050 694 λόγος
1080 626 1192 697 7'19
1238 625 1353 697 πῦρ
1406 623 1716 679 κατεσθίων
1746 622 1857 676 πᾶν

256 720 464 785 ὑλῶδες
520 720 616 773 καὶ
666 718 1012 788 συρφετῶδες
1045 718 1247 789 νόημα,
1297 719 1391 772 καὶ
1436 716 1505 770 τὰ
1545 714 1742 768 εἴδωλα
1774 711 1859 777 ἐξ·

1967 621 2321 690 perliciatur?
2370 640 2387 670 ι
2447 620 2550 675 l’er
2611 620 2794 691 igni-ni
2847 620 3068 689 quidem
3126 630 3175 674 ct
3251 621 3575 690 praadicatio

1966 714 2311 785 intelligitur.
2365 712 2562 769 Sermo
2621 713 2767 767 enim
2810 713 2952 783 ignis
2991 722 3100 777 est,
3151 714 3246 781 qui
3295 718 3576 770 cnnsttmit

256 814 539 882 ἀφανίζων
564 812 756 876 όποίας
780 812 848 865 ἀν
871 811 1004 882 ῦλης
1034 807 1167 867 εἷεν.
1198 812 1421 865 Νοεῖται
1444 809 1501 863 δὲ
1522 811 1619 863 καὶ⁵
1646 810 1675 861 ό
1694 805 1859 876 ζῆλος

1969 823 2185 862 omnem
2224 807 2574 862 materialcm
2621 816 2677 861 ct
2729 804 3111 873 itnperl‘ecum
3157 810 3575 878 COgitationem,

254 911 285 962 ό
336 907 478 976 ὑπὲρ
505 907 600 960 τοῦ
642 906 812 960 καλοῦ
847 907 907 960 ἐν
957 907 1178 977 ἑκάστῳ
1228 906 1387 977 ἡμῶν
1437 905 1856 975 ἀναπτόμενος·

252 1002 398 1070 τάχα
420 1000 477 1053 δὲ
510 1001 608 1054 καὶ
642 994 800 1059 οὗτος
824 1000 916 1055 διὰ
976 1000 1072 1055 τὸν
1124 999 1285 1068 λόγον
1314 998 1411 1053 τοῦ
1461 997 1599 1052 Θεοῦ
1633 996 1861 1067 γινόμε-

154 1139 159 1141 .
256 1111 371 1158 νος,
408 1094 511 1148 οὐκ
543 1095 771 1148 ἀπέοικε
802 1092 899 1148 τοῦ
963 1094 1240 1167 προτέρου
1264 1108 1278 1122 ⁶
1311 1093 1491 1162 τούτῳ
1516 1090 1583 1162 δὴ
1615 1088 1696 1160 τῷ
1724 1089 1859 1157 πυρὶ

254 1185 509 1254 βούλεται
561 1189 590 1240 ὁ
624 1185 832 1253 Κύριος
884 1186 1227 1241 ἀνάπτεσθαι
1279 1185 1378 1249 τὰς
1414 1184 1644 1255 καρδίας
1672 1180 1854 1252 ἡμῶν·

251 1280 339 1331 Est
370 1278 480 1347 7&9
508 1279 657 1350 ἡμᾶς
688 1277 852 1349 ζῆλον
885 1278 1155 1349 διάπυρον
1184 1278 1327 1347 ὑπὲρ
1347 1276 1442 1330 τοῦ
1473 1274 1641 1328 καλοῦ
1676 1274 1857 1343 ἔχειν·

254 1372 318 1425 τδρ
350 1371 549 1445 γάρ,τί
570 1372 729 1438 θέλω,
749 1372 869 1426 ἀντὶ
892 1361 1011 1437 τοῦ,
1034 1372 1200 1426 πόσον
1224 1371 1385 1437 θέλω,
1408 1370 1457 1423 εί
1481 1368 1581 1441 ἤδη
1606 1365 1856 1437 ἀνήφθη;

268 1461 626 1516 Ἐπισπεύδει
698 1463 809 1535 γὰρ
846 1461 946 1534 τὴν
978 1462 1180 1533 ἄναψιν
1247 1461 1443 1515 τούτου
1499 1459 1594 1514 τοῦ
1661 1457 1857 1529 πυρὸς,

259 1553 448 1619 καθὼς
481 1557 576 1609 καὶ
607 1556 637 1608 ό
684 1554 898 1619 Παῦλος
953 1556 1105 1623 λέγει
1134 1572 1151 1589 ο
1175 1556 1267 1627 Τῷ
1302 1553 1583 1623 πνεύματι
1611 1551 1853 1617 ζέοντες.

257 1650 372 1703 Καὶ⁸
404 1651 569 1704 πάλιν
588 1665 603 1680 '
641 1650 801 1721 Ζηλῶ
829 1650 941 1722 7&9
970 1651 1117 1721 ὑμᾶς
1143 1649 1283 1704 Θεοῦ
1325 1649 1498 1721 ζήλῳ.
1556 1646 1855 1715 Βάπτισμα

254 1743 316 1797 δὲ
367 1743 461 1797 τὸν
506 1743 741 1797 θάνατον
791 1743 988 1798 ἑαυτοῦ
1029 1744 1204 1814 λέγει.
1262 1742 1483 1812 Ἐπειδὴ
1515 1742 1625 1811 γὰρ
1665 1740 1726 1794 τὸ
1746 1738 1861 1809 πῦρ

263 1836 427 1891 τοῦτο
480 1839 582 1892 οὐκ
630 1838 809 1901 ἄλλως
845 1838 1073 1912 ἔμελλεν
1134 1838 1465 1910 ἀναφθῆναι,
1503 1840 1552 1892 εί
1597 1838 1673 1909 μὴ
1721 1838 1861 1908 μετά

254 1931 352 1983 τὸν
386 1930 621 1986 θάνατον
653 1930 821 1986 αὐτοῦ
862 1949 876 1963 ·
916 1935 1011 1986 καὶ
1065 1932 1177 2004 γάρ
1226 1933 1415 1986 ἔκτοτε
1479 1932 1541 1986 τὸ
1597 1933 1862 2004 κήρυγμα

258 2024 358 2076 καὶ
392 2025 420 2077 ό
449 2022 612 2093 ζῆλος
631 2024 844 2096 ηὐξήθη
869 2042 884 2057 ο
928 2024 1017 2078 διὰ
1045 2023 1205 2079 τοῦτο
1242 2025 1441 2093 ἐπάγει
1480 2025 1575 2079 καὶ
1611 2025 1739 2096 περὶ
1765 2022 1861 2077 τοῦ

256 2117 519 2183 θανάτου,
556 2118 846 2189 ὀνομάζων
876 2117 1043 2172 αὐτὸν
1093 2118 1406 2190 βάπτισμα.
1459 2117 1781 2189 Ἐπιθυμῶν
1806 2117 1863 2171 δὲ

254 2207 448 2262 τούτου
489 2209 715 2280 σφόδρα,
756 2210 927 2281 φησί·
955 2212 1066 2265 Καὶ
1096 2211 1216 2275 πῶς
1247 2211 1567 2282 συνέχομαι,
1593 2212 1715 2265 ἀντὶ
1740 2210 1860 2276 τοῦ,

255 2300 429 2355 πόσον
500 2300 773 2374 φροντίζω
846 2304 939 2356 καὶ
997 2302 1277 2376 θλίϐομαι,
1330 2303 1437 2367 ἕως
1489 2296 1565 2358 οὗ·
1594 2302 1862 2374 τελεσθῇς

253 2394 411 2463 Διψῶ
442 2394 549 2467 7&9
585 2397 677 2449 τὸν
705 2396 845 2469 ὑπὲρ
876 2398 979 2468 τῆς
1009 2397 1231 2451 πάντων
1258 2398 1537 2469 σωτηρίας
1592 2396 1847 2452 θάνατον.

258 2487 380 2561 Πῦρ
410 2490 467 2544 δὲ
511 2487 644 2563 ἦλθε
687 2491 872 2561 βαλεῖν
922 2495 951 2546 ό
982 2490 1205 2564 Κύριος,
1245 2492 1307 2545 οὺ
1346 2494 1509 2561 μόνον
1555 2492 1649 2545 ἐπὶ
1677 2491 1864 2544 πᾶσαν

257 2585 362 2654 τὴν
388 2584 517 2653 γῆν,
549 2587 627 2648 εἰς
659 2586 726 2655 ἦν
759 2587 787 2638 ό
818 2584 981 2654 λόγος
1010 2585 1105 2639 καὶ
1155 2586 1187 2655 ἠ
1228 2585 1412 2649 πίστις
1442 2582 1699 2654 ἡπλὼθη,
1726 2583 1865 2641 ἀλλὰ

257 2678 356 2734 καὶ
387 2679 478 2729 ἐπὶ
499 2679 597 2749 τὴν
650 2679 888 2733 ἑκάστου
935 2670 1141 2750 ᾡυχὴν,
1173 2678 1278 2750 γῆν
1322 2678 1422 2748 μὲν
1470 2675 1637 2730 οὖσαν
1688 2678 1864 2729 ἀκαν-

262 2771 505 2842 Οηφόρον
530 2773 625 2825 καὶ
648 2771 924 2843 ἄκαρπον,
953 2772 1061 2824 ὑπὸ
1089 2770 1146 2823 δὲ
1179 2770 1273 2825 τοῦ
1301 2769 1448 2825 θείου
1467 2770 1633 2838 λόγου
1664 2768 1859 2838 ὥσπερ

259 2866 441 2937 πυρδλς
478 2865 894 2937 διακαιομένην,
950 2864 1047 2917 καὶ
1087 2858 1348 2934 δεκτικὴν
1404 2865 1704 2934 γινομένην
1750 2862 1864 2915 τῶν

259 2957 426 3011 θείων
456 2958 818 3029 σπερμάτων,
840 2958 935 3012 καὶ
957 2955 1315 3028 καρποφοροῦ
1326 2974 1422 3009 σαν
1445 2954 1862 3026 πνευματικῶς.

1964 912 2019 957 et
2050 901 2347 957 simulacra
2379 900 2564 955 abolet
2612 898 2995 970 cujuscunque
3042 900 3255 956 fuerint
3309 903 3575 959 materia.

1963 993 2290 1064 Intelligitur
2316 994 2483 1050 etiam
2512 1001 2566 1046 et
2602 994 2755 1047 zelus
2786 1007 2886 1061 pro
2918 994 3123 1051 virtute
3158 997 3213 1050 in
3248 1010 3579 1068 unoquoque

1966 1098 2219 1144 nostrum
2266 1102 2582 1145 accensus:
2627 1088 2884 1147 fortassis
2937 1100 3123 1145 autem
3171 1100 3227 1147 et
3278 1092 3328 1147 is
3351 1102 3436 1147 est
3486 1095 3579 1162 qui

1966 1193 2194 1251 propter
2226 1181 2455 1236 verbum
2486 1183 2578 1237 Dei
2613 1183 2695 1245 lit,
2741 1199 2850 1247 non
2880 1184 3170 1239 dissimilis
3208 1194 3393 1239 autem
3425 1196 3513 1241 est
3540 1204 3568 1239 a

1966 1274 2192 1344 priore:
2228 1273 2333 1329 hoc
2377 1274 2526 1328 enim
2580 1274 2707 1345 igue
2750 1275 2863 1329 vult
2918 1275 3063 1331 Deus
3124 1277 3352 1332 accendi
3411 1280 3577 1333 corda

1968 1376 2178 1420 nostra.
2221 1365 2495 1423 Debemus
2516 1368 2747 1439 ignitum
2788 1383 2888 1437 pro
2910 1368 3116 1423 virtute
3142 1370 3319 1424 zelum
3355 1370 3581 1427 habere.

1968 1458 2147 1524 Unde,
2182 1460 2313 1529 quid
2348 1459 2495 1521 volo,
2552 1459 2602 1513 id
2631 1468 2739 1524 est,
2772 1470 3043 1529 quantum
3091 1460 3236 1526 volo,
3275 1461 3320 1513 si
3344 1460 3458 1530 jam
3487 1478 3582 1515 ac-

1966 1567 2168 1609 census
2216 1551 2336 1607 est'!
2376 1550 2545 1623 Urget
2586 1552 2736 1607 enim
2776 1563 2837 1606 ut
2892 1554 3230 1608 accendatur
3286 1554 3431 1623 ignis
3467 1554 3579 1612 ille.

1967 1647 2110 1702 sicut
2146 1658 2202 1704 et
2249 1646 2455 1703 Paulus
2489 1647 2627 1702 dicit
2682 1666 2694 1701 :
2740 1646 2950 1718 Spiritu
2993 1646 3299 1703 ferventes.
3355 1648 3422 1702 Ιιζι
3459 1664 3565 1704 τυγ-

1968 1754 2090 1794 sum
2128 1758 2140 1794 ι
2171 1738 2425 1795 ,Ειιιυιοι-
2450 1740 2602 1796 enim
2635 1755 2733 1795 vos
2760 1739 3114 1797 aemulatione
3149 1739 3266 1797 Dei.
3303 1742 3581 1812 B.tplisnta

1970 1844 2153 1888 autent
2179 1842 2415 1888 mortem
2449 1847 2604 1888 suam
2624 1834 2780 1887 dicit.
2819 1833 3093 1900 Quoniam
3132 1836 3282 1889 cnim
3315 1836 3459 1907 ignis
3491 1836 3582 1891 ille

1969 1941 2077 1980 non
2128 1926 2291 1981 aliter
2346 1928 2734 1983 accendendus
2774 1938 2918 1992 erat,
2974 1942 3139 1997 quam
3190 1941 3313 1999 post
3348 1940 3582 1985 mortem

1968 2019 2127 2088 ejus:
2159 2034 2284 2073 nam
2318 2034 2383 2074 ex
2414 2034 2480 2073 eo
2503 2029 2747 2088 tempore
2768 2020 3087 2087 praedicatio
3125 2028 3180 2076 et
3208 2021 3361 2076 zelus
3394 2037 3590 2078 creve-

1971 2126 2116 2179 rttul,
2151 2125 2441 2183 propterea
2477 2114 2665 2168 subdit
2701 2114 2866 2168 etiam
2901 2114 2967 2168 de
2999 2124 3197 2175 morte.
3238 2116 3573 2184 baptismum

1971 2206 2116 2261 illam
2150 2223 2379 2261 vocans.
2408 2206 2561 2262 llauc
2590 2214 2773 2261 autem
2806 2206 2965 2261 valde
2987 2207 3333 2270 desiderans,
3360 2207 3539 2279 inquit
3565 2226 3579 2261 :

1970 2301 2037 2356 Et
2083 2300 2364 2371 quomodo
2390 2302 2757 2372 constringor,
2794 2303 2897 2356 hoc
2937 2315 3044 2361 ρει,
3100 2316 3267 2371 quam
3310 2302 3587 2358 sollicitus

1969 2412 2088 2452 sum
2128 2412 2194 2452 ac
2264 2411 2508 2467 premor,
2573 2398 2749 2451 donec
2799 2395 3168 2465 perficiatur?
3231 2394 3371 2451 Sitio
3434 2396 3584 2451 enim

1972 2501 2205 2545 mortem
2264 2504 2366 2561 pro
2393 2490 2641 2544 omnium
2677 2488 2878 2544 salute.
2911 2488 3093 2557 Ignem
3121 2488 3269 2543 venit
3314 2489 3589 2543 miSSurus

1971 2605 2076 2643 non
2111 2586 2286 2643 solum
2324 2588 2375 2640 in
2414 2600 2637 2641 omnem
2678 2593 2906 2650 terram,
2966 2584 3018 2637 in
3053 2598 3218 2653 quam
3270 2584 3589 2653 praedicatio

1970 2694 2020 2736 ct
2050 2680 2187 2736 ﬁdes
2216 2679 2510 2751 explanata
2546 2688 2698 2742 sunt,
2733 2682 2828 2733 sed
2854 2676 3291 2747 uniuscujusque
3315 2678 3584 2736 animant.

1971 2788 2092 2845 qua!
2121 2783 2273 2829 terra
2328 2772 2551 2841 quidem
2606 2770 2829 2838 spinosa
2866 2779 2951 2825 est
2991 2781 3044 2825 et
3095 2772 3322 2835 sterilis,
3362 2787 3391 2823 a
3420 2773 3591 2826 verbo

1970 2878 2155 2923 autem
2190 2866 2286 2922 Dei
2315 2866 2475 2938 quasi
2505 2866 2629 2937 igne
2662 2879 2955 2929 succensa,
2994 2874 3049 2919 et
3084 2864 3397 2919 divinorum
3423 2866 3591 2921 semi-

1974 2980 2101 3019 num
2129 2978 2327 3033 capax.
2358 2970 2411 3015 et
2436 2958 2809 3031 spiritualium
2844 2956 3063 3027 frugum
3089 2958 3242 3013 ferax
3275 2958 3444 3013 facta.
3476 2960 3579 3014 Ubi

257 3052 435 3106 ’Ὅταν
487 3051 600 3123 7&9
646 3051 851 3123 ἅψηταί
907 3068 1053 3116 τινος
1108 3050 1287 3123 ψυχῆς
1356 3050 1610 3124 ἀοράτως
1662 3052 1697 3121 ἡ
1742 3050 1860 3104 θεία

1969 3058 2117 3115 enim
2178 3057 2411 3126 alicujus
2464 3055 2664 3111 anima:
2716 3054 3070 3110 invisibiliter
3148 3055 3332 3109 divina
3413 3057 3588 3123 gratia

257 3148 448 3220 χάρις,
472 3145 622 3198 δοκεῖ
647 3146 947 3214 φλέγεσθαι
972 3143 1050 3213 τῷ
1080 3142 1218 3197 Θεοῦ
1254 3144 1430 3215 πόθῳ,
1474 3143 1550 3208 ὡς
1584 3143 1687 3197 οὐκ
1714 3143 1860 3197 ἔστιν

1970 3152 2289 3220 coaligerit,
2313 3150 2530 3204 videtur
2560 3149 2840 3204 desiderio
2871 3148 2964 3202 Dei
3015 3163 3179 3218 supra
3222 3163 3388 3217 quam
3421 3149 3587 3220 381

259 3241 457 3302 είπείν,
488 3237 679 3309 ὥσπερ
703 3238 896 3306 ἀμέλει
923 3238 1019 3290 καὶ
1055 3238 1105 3290 οί
1135 3236 1266 3309 περὶ
1297 3237 1555 3307 Κλεόπαν
1577 3237 1658 3310 τῷ
1677 3239 1862 3291 τοιού-

1972 3244 2077 3298 dici
2106 3251 2273 3313 queat
2303 3241 2559 3312 ﬂagrare,
2593 3240 3061 3311 quemadmodum
3110 3251 3168 3296 et
3205 3240 3440 3312 Cleopas
3496 3243 3593 3296 lla-

256 3349 338 3403 τῳ
370 3332 505 3403 πυρὶ
533 3334 633 3401 τῆς
669 3330 764 3384 τοῦ
792 3331 929 3383 Θεοῦ
955 3330 1397 3401 ὑπο-ρλεγόμενοι
1420 3331 1673 3401 ἀοράτως
1700 3332 1860 3404 χάρι-

1972 3337 2171 3407 grabat
2199 3334 2388 3390 divino
2408 3334 2534 3404 igne
2563 3348 2687 3389 cum
2709 3333 2957 3387 diceret:
2996 3330 3188 3389 Nonne
3215 3348 3312 3389 cor
3336 3345 3590 3389 nostrum

256 3444 375 3492 τος,
421 3427 556 3498 Οὐχὶ
616 3428 649 3497 ἡ
700 3428 894 3497 καρδία
932 3429 1092 3498 ἡμῶν
1150 3426 1418 3498 καιομένη
1471 3421 1542 3497 ἦν
1595 3426 1656 3478 ὲν
1698 3426 1861 3495 ἠμίν;

258 3524 469 3592 ἔλεγον.
500 3524 648 3586 Εῖτις
687 3522 781 3577 οὖν
813 3522 982 3576 ἔπαθε
1019 3524 1079 3576 τὸ
1112 3520 1354 3576 τοιοῦτον
1410 3520 1610 3584 πάθος,
1653 3519 1865 3573 εἴσεται

260 3616 327 3669 τὸ
383 3616 705 3686 λεγόμενον.
764 3617 1042 3684 Πάσχουσι
1109 3615 1167 3669 δὲ
1212 3614 1403 3667 πολλοὶ
1442 3613 1541 3668 καὶ
1601 3613 1866 3675 πολλάκις

259 3709 794 3776 ἀναγινωσκομένων
853 3706 1016 3761 θείων
1090 3707 1351 3779 Γραφῶν,
1399 3706 1432 3777 ἢ
1498 3704 1630 3776 βίων
1690 3706 1866 3774 ἁγίων

260 3800 548 3872 Πατέρων,
586 3801 614 3871 ἦ
652 3801 1069 3872 παραινούντων
1102 3799 1268 3855 τινῶν
1314 3801 1410 3853 καὶ
1468 3800 1861 3863 διδασκόντων,

251 3894 636 3965 διακαιόμενοι
672 3895 809 3966 πρὸς
849 3895 910 3947 τὸ
950 3894 1114 3948 καλὸν
1162 3894 1264 3959 τάς
1309 3893 1511 3966 ψυχὰς,
1547 3893 1643 3947 καὶ
1668 3895 1716 3946 οἱ
1764 3892 1864 3964 μὲν

254 3990 389 4061 ἄχρι
420 3989 634 4058 τέλους,
670 3990 718 4041 οἱ
745 3989 801 4041 δὲ
844 3990 1160 4059 παραυτίκα
1186 3987 1713 4059 ἀποψυχραίνονται.

336 4100 355 4133 4
395 4083 639 4143 Δοκεῖτε,
672 4082 753 4134 ὅτι
790 4081 1015 4154 εἰρήνην
1053 4082 1445 4153 παρεγενόμην
1478 4080 1666 4135 δοῦναι
1703 4082 1761 4133 ἐν
1796 4082 1861 4151 τῇ

254 4172 367 4243 γῇς
403 4171 562 4242 Οὐχὶ,
594 4171 748 4241 λέγω
791 4170 941 4239 ὑμῖν,
975 4171 1150 4243 ἀλλ’ἢ
1187 4172 1595 4242 διαμερισμόν·
1647 4170 1861 4224 Ξσονται

254 4272 367 4336 γὰρ
397 4266 505 4318 ἀπὸ
532 4264 627 4317 τοῦ
654 4263 750 4318 νῦν
780 4265 944 4318 πέντε
977 4266 1034 4317 ὲν
1060 4266 1196 4336 οἴκῳ
1225 4266 1308 4318 ἑνὶ
1332 4265 1858 4337 διαμεμερισμένοι,

252 4359 405 4428 τρεῖς
442 4357 536 4410 ἰπὶ
583 4357 728 4419 δυσὶ,
770 4356 989 4410 καὶδύο
1026 4357 1120 4409 ἐπὶ
1164 4357 1345 4428 τρισὶν
1400 4357 1861 4429 διαμερισθήσον-

253 4468 369 4515 ται,
403 4451 585 4523 πατὴρ
620 4452 714 4505 ἐπὶ
736 4450 856 4521 υἱῷ,
891 4451 985 4503 καὶ
1012 4448 1128 4515 υίὸς
1160 4451 1257 4505 ἐπὶ
1287 4451 1495 4523 πατρί·
1538 4454 1723 4523 μήτηρ
1769 4454 1863 4507 ἐπὶ

254 4544 516 4617 θυγατρὶ.
550 4545 645 4597 καὶ
678 4545 931 4615 θυγάτηρ
977 4546 1069 4597 ἐπὶ
1102 4546 1305 4617 μητρί·
1363 4545 1604 4617 πενθερὰ
1634 4547 1727 4598 ἐπὶ
1761 4546 1861 4617 τὴν

1971 3444 2271 3486 accensum
2315 3438 2433 3484 erat
2484 3429 2539 3484 in
2601 3427 2761 3483 nobis
2794 3427 2882 3482 ’τί
2917 3427 3183 3499 Quisquis
3235 3429 3405 3500 igitur
3450 3429 3596 3483 hanc.

1973 3520 2328 3576 ali'ectioncm
2356 3528 2624 3591 expertus
2650 3528 2760 3583 eSt,
2803 3518 2910 3573 scit
2935 3519 3067 3588 quid
3103 3520 3377 3573 dicamus.
3411 3518 3595 3590 Expe-

1977 3618 2194 3668 rinutur
2217 3624 2405 3669 autem
2457 3612 2614 3667 multi
2639 3615 2807 3668 etiam
2845 3613 3072 3683 quando
3094 3612 3352 3682 leguntur
3385 3612 3591 3668 diriure

1972 3708 2298 3778 Scriptura,
2341 3706 2430 3763 vel
2456 3707 2583 3763 vitae
2663 3715 2986 3762 sanctorum
3067 3706 3315 3772 Patrum,
3375 3707 3458 3760 vel
3541 3712 3589 3762 si

1970 3807 2377 3859 admoneamur
2400 3800 2484 3856 vel
2516 3802 2842 3865 doceantur,
2876 3802 3157 3870 quomodo
3213 3801 3595 3856 accendantur

1972 3898 2170 3954 anima!
2193 3898 2259 3951 atl
2289 3896 2604 3953 faciendum
2649 3897 2876 3952 bunum.
2924 3894 2991 3948 Et
3016 3896 3108 3950 alii
3137 3896 3365 3967 quidem
3419 3911 3594 3968 usque

1970 3993 2037 4047 ad
2069 3992 2231 4047 linem
2265 3990 2519 4061 ﬂagrant,
2551 3989 2643 4044 alii
2672 4005 2803 4044 vero
2833 3990 3020 4044 statim
3068 3989 3399 4060 frigescunt.

2042 4086 2207 4140 Vens.
2244 4083 2437 4138 iii-55.
2468 4102 2487 4134 ι
2520 4082 2729 4137 Putatis
2760 4082 2902 4150 quod
2936 4096 3128 4151 pacem
3176 4083 3419 4135 venerim
3450 4080 3590 4135 mis-

1969 4194 2132 4233 surus
2178 4178 2230 4230 in
2276 4176 2526 4231 terram?
2560 4176 2703 4238 Non,
2740 4176 2864 4229 dico
2911 4175 3091 4239 vobis,
3134 4174 3247 4229 imo
3282 4176 3594 4243 separatio-

1970 4286 2119 4326 nem.
2152 4269 2325 4324 Erunt
2364 4270 2510 4323 enim
2567 4282 2633 4321 ex
2692 4267 2795 4321 hoc
2838 4266 3088 4337 quinque
3145 4266 3197 4319 in
3258 4268 3427 4321 domo
3483 4283 3592 4321 una

1969 4367 2154 4428 divisi,
2194 4374 2305 4418 tres
2336 4364 2603 4418 adversus
2643 4362 2806 4425 duos,
2843 4368 2898 4415 et
2930 4361 3037 4414 duo
3070 4372 3263 4416 contra
3299 4370 3413 4416 tres
3444 4361 3579 4417 divi-

1969 4460 2192 4522 dentur,
2238 4465 2396 4525 pater
2451 4455 2718 4509 adversus
2776 4453 2973 4519 lilium,
3012 4463 3066 4507 et
3130 4452 3276 4509 ﬁlius
3328 4457 3592 4510 adversm

1969 4564 2180 4624 patrem
2216 4565 2229 4611 :
2280 4558 2457 4604 mater
2499 4549 2770 4604 adversus
2807 4548 3000 4611 tiliam,
3035 4557 3091 4601 et
3151 4547 3263 4602 lilia
3319 4537 3593 4604 adversus

252 4640 477 4713 νύμφην
530 4640 727 4709 αὐτῆς,
756 4640 850 4694 καὶ
914 4640 1102 4712 νύμφη
1143 4640 1235 4693 ἐπὶ
1282 4639 1384 4711 τὴν
1444 4640 1721 4713 πενθεράν
1764 4641 1860 4696 αῦ-

1975 4657 2204 4703 matrem
2245 4659 2481 4701 ιεοοτυε
2515 4644 2784 4697 adversus
2838 4658 3034 4695 nurum
3096 4657 3281 4704 suam,
3325 4650 3379 4697 ει
3420 4657 3593 4696 nurus

247 4735 377 4803 τῆς.
416 4752 436 4786 ι
478 4734 713 4803 Χριστὸς
757 4734 857 4803 μέν
908 4735 1056 4787 ἐστιν
1099 4736 1133 4807 η
1195 4736 1387 4807 εἰρήνη
1448 4736 1629 4805 ἡμῶν,
1699 4735 1857 4807 πλὴν,

250 4829 372 4882 Οὐκ
419 4823 585 4899 ἦλθον
616 4868 631 4892 ,
689 4828 858 4899 φησὶν
890 4869 905 4890 ,
945 4829 1170 4900 εἰρήνην
1223 4829 1434 4883 δοῦναι.
1486 4828 1654 4882 Ὅθεν
1721 4832 1860 4883 αἰνί-

252 4939 432 4991 γματι
493 4923 640 4975 ἔοικε
696 4923 758 4974 τὸ
800 4921 1119 4993 λεγόμενον.
1184 4923 1435 4993 Λέγομεν
1489 4922 1604 4991 οὖν,
1665 4924 1741 4988 ὡς
1794 4925 1857 4977 οὐ

246 5017 406 5069 πᾶσα
438 5016 633 5086 εἰρήνη
692 5014 899 5083 ἅψογος
936 5014 1030 5067 καὶ
1068 5015 1231 5086 καλὴ,
1260 5014 1379 5069 ἀλλ’
1422 5015 1572 5068 ἔστιν
1619 5017 1859 5081 tumea-

243 5110 347 5182 λης
403 5110 689 5174 πολλάκις,
714 5094 817 5164 καί
856 5110 1050 5181 πόρρω
1106 5113 1207 5182 τῆς
1255 5108 1407 5175 θείας
1446 5112 1673 5183 ἀγάπης
1728 5111 1856 5183 βάλ-

245 5203 419 5257 λουσα
451 5220 463 5233 ’
489 5198 600 5257 οἷον
625 5204 755 5258 ὃταν
786 5202 1187 5274 εἰρηνεύωμεν,
1224 5204 1320 5257 καὶ
1361 5206 1749 5275 συμφωνῶμεν
1770 5205 1863 5258 ἐπὶ

249 5297 551 5350 καταλύσει
581 5300 680 5368 τῆς
708 5296 1002 5366 ἀληθείαςο
1030 5298 1239 5366 ταύτην
1265 5296 1357 5351 οὖν
1375 5298 1475 5369 τὴν
1503 5299 1728 5370 εἰρήνην
1760 5302 1861 5351 οὐκ

244 5386 383 5460 ἦλθε
424 5388 609 5442 δοῦναι
654 5391 914 5461 Χριστὸς,
961 5390 1276 5445 τουναντίον
1312 5391 1413 5461 μὲν
1463 5391 1581 5466 οῦν,
1608 5392 1861 5463 βούλεται

249 5480 404 5548 ἡμᾶς
449 5476 812 5550 διαφέρεσθαι
844 5482 983 5550 πρὸς
1016 5483 1284 5552 ἀλλήλους
1307 5484 1451 5555 ὑπὲρ
1479 5485 1575 5537 τοῦ
1613 5486 1803 5551 καλοῦ,
1834 5485 1863 5537 ὃ

243 5574 340 5623 καὶ
373 5573 431 5623 ἐν
466 5571 545 5641 τῷ
588 5571 821 5644 διωγμῷ
852 5574 1078 5641 γέγονεν
1104 5594 1119 5609 ·
1152 5579 1211 5629 ὲν
1246 5578 1328 5630 ἑνὶ
1354 5578 1465 5648 γὰρ
1499 5579 1636 5650 οἴκῳ
1668 5580 1852 5650 πατὴρ

240 5663 453 5737 Ἕλλην
506 5665 608 5737 υἰῷ
668 5668 844 5736 πιστῷ
875 5669 1179 5739 διεφέρετο,
1224 5674 1315 5724 καὶ
1351 5673 1537 5742 μήτηρ
1595 5673 1852 5745 θυγατρὶ,

238 5761 340 5812 καὶ
376 5762 438 5813 τὸ
495 5760 756 5830 ἔμπαλιν.
811 5762 933 5824 Πῶς
978 5765 1033 5815 δὲ
1086 5765 1260 5818 ει;;ὼν
1316 5766 1477 5818 πέντε
1513 5768 1569 5820 ἐν
1602 5768 1682 5821 ἐνὶ
1719 5759 1853 5840 οἴκῳ

318 5944 363 5974 ⁴⁰
398 5942 525 5997 Luc.
574 5962 721 5999 XN".
766 5946 852 5999 51’.

571 6046 835 6103 Parent.
892 6049 1003 6104 litt.
1065 6049 1330 6111 tiXhlil.

1977 4742 2242 4795 adversus
2266 4752 2485 4794 socrum
2528 4752 2707 4791 suam.
2758 4754 2777 4786 ι
2813 4734 3071 4792 Christus
3106 4735 3328 4806 quidem
3370 4744 3454 4792 cst
3481 4750 3590 4807 pax

1976 4842 2188 4895 nostra,
2252 4832 2371 4891 sed,
2418 4828 2535 4884 Non
2566 4829 2716 4893 veni,
2776 4828 2976 4898 inquit,
3026 4827 3302 4884 missurus
3346 4842 3537 4898 pacem
3578 4847 3592 4880 :

1971 4926 2118 4981 unde
2150 4922 2498 4994 mnigtnatice
2549 4923 2655 4977 hoc
2711 4920 2923 4975 dictum
2980 4932 3085 4976 est.
3119 4920 3369 4975 Dicimus
3422 4920 3595 4992 igitur

1970 5017 2113 5088 quod
2157 5032 2262 5072 non
2304 5014 2490 5071 omnis
2533 5030 2636 5085 pax
2681 5014 2958 5084 vitupcrio
2990 5022 3163 5078 caret,
3197 5023 3255 5068 ct
3302 5013 3447 5068 bona
3479 5022 3590 5073 cst.

1970 5113 2064 5169 sed
2116 5120 2201 5167 est
2240 5125 2384 5181 saepe
2426 5125 2531 5181 pax
2576 5108 2906 5181 periculosa,
2942 5118 2998 5163 et
3066 5107 3258 5179 procul
3324 5122 3353 5161 a
3405 5107 3587 5159 divina

1971 5205 2242 5258 charitate
2284 5204 2559 5271 rt‘jicicns,
2592 5213 2781 5273 utpote
2827 5204 3050 5271 quando
3092 5217 3278 5272 pacem
3324 5201 3592 5255 habemus

1967 5306 2021 5349 et
2084 5296 2483 5365 cottspiramns.
2533 5297 2585 5349 iu
2643 5297 3078 5350 destructionem
3130 5293 3399 5348 Veritatis.
3441 5292 3591 5347 lianc

1968 5389 2113 5443 enim
2164 5404 2353 5459 pacem
2392 5404 2498 5443 uon
2528 5389 2675 5443 venit
2716 5388 2969 5445 Christus
3006 5400 3064 5441 ut
3114 5389 3293 5451 daret,
3327 5390 3421 5442 sed
3452 5404 3591 5441 cou-

1971 5484 2202 5536 trurium
2257 5482 2371 5535 vult
2413 5504 2425 5536 :
2463 5498 2659 5553 nempe
2704 5491 2759 5535 ut
2793 5482 3161 5538 dissideamus
3208 5494 3433 5552 propter
3488 5481 3589 5533 lto-

1971 5592 2123 5640 uutn,
2162 5576 2308 5645 quod
2347 5584 2403 5631 et
2445 5577 2496 5630 in
2551 5576 2937 5645 persecutione
2991 5575 3197 5630 laetum
3234 5582 3341 5628 est.
3377 5572 3434 5627 lu
3479 5588 3587 5627 una

1966 5672 2114 5725 enim
2148 5674 2310 5726 domo
2364 5678 2521 5738 pater
2568 5670 2790 5740 gentilis
2844 5687 2871 5723 a
2932 5668 3044 5723 ﬁlio
3093 5668 3243 5723 tideli
3276 5666 3586 5726 diﬂ‘ercbat,

1968 5780 2021 5820 et
2080 5776 2255 5819 tualer
2303 5780 2333 5819 a
2379 5764 2511 5831 ﬁlia,
2544 5775 2599 5818 cl
2662 5775 2877 5819 contra.
2923 5763 3213 5829 Quomodo
3270 5772 3455 5816 autem
3504 5762 3579 5810 all-

3195 6052 3275 6111 '29
