4256 6432
786 438 889 503 907

1682 416 2262 489 THEOPHYLACTI
2299 406 2717 474 BULGAan
2756 384 3115 468 maxime.
3168 456 3171 457 ,

783 501 977 612 cendo,
1009 544 1261 616 Quinque
1321 543 1397 596 .in
1458 539 1621 595 domo
1675 554 1780 593 una
1844 535 2001 591 divisi
2079 538 2266 595 erunt,
2313 525 2368 579 iu

2471 518 3004 590 διαμεμερισμένους
3070 511 3316 576 ἔσεσθαι,
3361 510 3419 563 έν
3468 509 3537 580 τῇ
3571 504 3964 579 ἀπαριθμήσει
4010 501 4071 569 ιξ

779 637 1194 696 enumeratione
1240 649 1331 690 sex
1387 645 1651 701 personas
1707 627 1925 699 posuit?
1958 624 2205 681 Dicimus
2256 619 2360 689 igi-

781 718 1067 799 tur-quod
1126 738 1231 781 una
1271 736 1503 795 persona
1552 720 1636 777 bis
1671 727 1945 789 assumpta
1991 725 2094 772 est.
2126 712 2264 769 Filia
2309 718 2365 767 et

782 833 949 875 nurus
1004 816 1194 874 eadem
1236 825 1336 872 ’σοι
1378 826 1633 886 persona.
1690 807 1826 864 Filia
1857 809 2002 865 enim
2049 805 2271 868 dicitur,
2318 802 2363 857 si

781 911 848 967 ad
896 918 1125 965 matrem
1181 906 1505 963 referatur:
1535 917 1704 958 nurus
1744 915 1893 967 vero,
1918 902 1963 955 si
1995 899 2062 954 ad
2118 911 2361 954 socrum.

780 1006 916 1063 Tres
940 1009 1104 1079 igitur
1136 1014 1300 1062 erunt
1318 1001 1501 1067 divisi,
1538 1010 1695 1073 pater
1728 1010 1783 1055 et
1834 1006 2009 1053 mater
2055 1004 2112 1052 et
2150 1008 2363 1059 socrus,

778 1102 1040 1156 adversus
1095 1100 1253 1163 duos,
1291 1095 1461 1152 ﬁlium
1517 1103 1571 1151 et
1625 1092 1813 1149 ﬁliam.
1847 1090 1985 1146 Filia
2048 1089 2193 1145 enim
2241 1100 2363 1142 cum

779 1209 886 1249 una
926 1206 1155 1262 persona
1187 1190 1277 1252 sit,
1306 1191 1443 1253 duas
1473 1187 1767 1263 relationes
1802 1183 2055 1252 sttscipit,
2076 1191 2132 1237 et
2166 1194 2363 1236 secun-

778 1259 1065 1341 dum—hoc
1107 1282 1323 1337 videtur
1355 1278 1548 1351 duplex
1587 1259 1823 1346 persona
1872 1274 2031 1329 matri
2077 1281 2131 1328 et
2186 1285 2344 1326 socru

779 1373 994 1430 collata.
1029 1371 1276 1446 Intelligo
1319 1380 1497 1425 autem
1554 1366 1874 1437 simpliciter
1914 1379 2009 1435 per
2053 1372 2266 1434 patrem
2316 1375 2370 1416 et

778 1473 1010 1522 matrem
1068 1472 1128 1521 et
1190 1478 1429 1527 socrum,
1479 1470 1663 1517 vetera
1714 1458 1899 1515 Omnia
1964 1474 1977 1511 :
2043 1470 2141 1525 per
2192 1453 2363 1509 ﬁlium

781 1566 962 1612 autem
991 1566 1047 1609 et
1093 1555 1280 1620 ﬁliam,
1307 1554 1489 1609 omnia
1537 1567 1696 1609 nova.
1734 1553 1923 1619 Itaque
1966 1549 2229 1605 Dominus
2256 1546 2370 1601 vult

778 1657 839 1704 ut
864 1663 960 1704 sua
983 1661 1125 1701 nova
1145 1657 1201 1700 et
1226 1645 1407 1699 divina
1440 1649 1707 1715 pracepta
1751 1652 1805 1697 et
1827 1641 2080 1712 dogmata
2128 1648 2370 1710 pugnent

777 1755 902 1797 cum
952 1736 1196 1808 antiquis
1217 1735 1419 1791 nostris
1444 1734 1728 1790 sceleratis
1753 1734 1996 1786 moribus
2046 1739 2103 1786 et
2145 1731 2370 1799 dogma-

781 1831 873 1888 tis.
946 1827 1189 1901 Intelligo
1277 1835 1458 1881 autem
1510 1825 1673 1879 etiam
1741 1824 1824 1878 sic
1867 1840 1881 1875 :
1936 1820 2099 1875 Pater
2151 1818 2369 1889 quidem

780 1937 958 1988 mens,
990 1920 1139 1977 ﬁlius
1185 1932 1313 1974 vero
1360 1918 1519 1971 ratio.
1551 1914 1755 1971 Divisio
1802 1915 1995 1969 horum
2036 1912 2093 1967 iit
2138 1911 2190 1965 in
2236 1924 2371 1965 una-

780 2027 998 2081 quaque
1026 2009 1211 2076 domo,
1242 1992 1480 2066 bomitiis
1513 2007 1759 2074 inquam,
1794 2016 1850 2061 ut
1906 2003 2247 2058 manifestius
2280 2000 2367 2055 di-

781 2118 927 2168 cam,
965 2100 1235 2155 illustrata
1282 2097 1383 2153 fuit
1436 2112 1588 2153 mens
1624 2095 1867 2167 Dionysii
1916 2092 2277 2163 Areopagitae,
2315 2100 2371 2146 et

780 2196 1220 2268 pmdicationem
1280 2192 1518 2261 suscepit
1552 2228 1568 2255 ,
1624 2187 1948 2259 repugnavit
1996 2194 2181 2243 autem
2252 2184 2374 2255 ejus

781 2288 973 2354 menti,
997 2301 1118 2357 qua)
1178 2295 1288 2342 tam
1337 2283 1592 2339 alacriter
1636 2282 1795 2337 [idem
1844 2280 2104 2349 suscepit,
2154 2278 2373 2349 gentilis

780 2381 940 2446 ratio,
970 2386 1189 2433 tentans
1228 2375 1522 2432 ostendere
1579 2374 1882 2429 dialecticis
1935 2371 2251 2437 tendiculis,
2312 2380 2372 2424 ut

781 2472 903 2527 illas
957 2480 1305 2540 sequeretur.
1342 2467 1507 2523 Vides
1533 2467 1853 2522 divisionem
1884 2464 2055 2536 patris
2079 2473 2133 2519 et
2160 2462 2253 2517 lilii
2290 2464 2368 2518 in-

780 2576 864 2623 ter
905 2581 963 2621 se
991 2564 1414 2637 repugnantium
1459 2569 1680 2633 propter
1716 2560 1992 2617 Christum
2024 2570 2080 2613 et
2107 2558 2372 2628 pradica-

778 2657 1275 2715 tionem?Matrem
1330 2668 1547 2727 quoque
1594 2664 1651 2710 et
1707 2667 1923 2708 socrum
1949 2649 2168 2706 vocabis
2218 2665 2373 2705 men-

780 2762 912 2819 tem,
935 2752 1101 2806 Iilium
1125 2765 1256 2807 vero
1285 2760 1341 2804 et
1374 2763 1567 2802 nurum
1601 2761 1820 2801 sensum
1856 2762 1869 2798 :
1938 2743 2104 2815 382
2143 2752 2195 2798 et
2230 2746 2373 2799 inter

780 2844 879 2898 has
914 2852 992 2899 est
1022 2856 1197 2912 pugna
1226 2848 1449 2912 propter
1481 2837 1787 2901 Christum,
1822 2837 2139 2905 insurgente
2190 2844 2371 2890 mente

778 2942 968 2988 contra
1023 2947 1245 2988 sensum
1276 2948 1291 2983 :
1328 2930 1543 3001 quando
1588 2944 1742 2984 mens
1779 2929 2003 2983 suadet"
2034 2927 2370 2997 praeferenda

780 3037 887 3079 non
917 3020 1063 3077 ﬂuxa
1080 3021 1263 3087 ﬂuxis,
1309 3018 1715 3088 iuvisibiliaque
1741 3017 2075 3082 visibilibus,
2102 3018 2371 3086 habetque

779 3117 847 3170 ad
880 3115 982 3169 hoc
1010 3112 1509 3169 demonstrationes
1534 3111 1739 3166 multas
1762 3108 2078 3178 adiutrices.
2112 3108 2372 3164 Commit-

2466 614 2733 685 πρόσωπα
2761 610 2973 663 τέθεικε
3003 625 3016 675 ;
3043 607 3293 678 Λέγομιν
3322 598 3421 658 οὖν
3450 602 3534 655 δτι
3573 599 3633 655 ιν
3664 596 4070 670 πρόσωπονδις

2467 704 2702 777 ἐλήφθη.
2749 703 2815 756 Ἦ
2845 702 3093 771 θυγάτηρ
3123 699 3232 770 γὰρ
3249 697 3348 751 καὶ
3377 693 3619 766 ήνύμφη
3644 693 3707 747 τὸ
3734 692 3871 747 αὐτὸ
3894 690 4070 763 πρόσ-

2466 799 2619 859 ωπόν
2668 799 2841 862 έστιν,
2876 796 2954 859 ὡς
3000 793 3139 864 πρὸς
3184 791 3289 863 μὶν
3332 784 3428 844 οὖν
3481 788 3583 859 τὴν
3639 786 3857 858 μητέρα
3898 798 4071 855 apoc-

2467 890 2904 962 λαμϐανόμενον,
2939 885 3192 955 θυγάτηρ
3222 880 3541 952 ὠνομάσθη,
3590 878 3668 941 ὡς
3694 875 3761 945 ,δί
3800 875 3943 946 πρὸς
3972 874 4069 945 τὴν

2467 979 2773 1051 πενθερὰν,
2828 976 3039 1046 νύμφη.
3091 975 3253 1045 Τρεῖς
3306 971 3404 1027 οὖν
3461 970 3682 1033 ἔσονται
3742 968 4073 1037 διαμεμερι-

2471 1072 2681 1143 σμένοι.
2714 1070 2745 1124 6
2774 1070 2981 1141 πατὴρ,
3027 1068 3122 1121 καὶ
3147 1068 3181 1137 ἡ
3226 1066 3434 1136 μήτηρ,
3474 1063 3569 1117 καὶ
3600 1062 3633 1133 ἡ
3674 1060 3946 1131 πενθερὰ,
3977 1057 4068 1111 ἐπὶ

2468 1165 2611 1230 δυσὶ,
2642 1161 2893 1217 τουτέστι
2920 1159 2998 1232 τῷ
3042 1156 3146 1229 υίῷ
3190 1158 3289 1212 καὶ
3323 1158 3396 1226 τῆ-
3424 1151 3675 1223 θυγατρί.
3720 1150 3785 1204 Ἦ
3815 1150 3931 1219 γάρ
3976 1147 4041 1229 θυ

2470 1228 2672 1326 γάτηρ,
2704 1254 2781 1318 ὡς
2837 1228 3073 1324 ιφαμιν,
3120 1228 3189 1303 ἶν
3224 1247 3517 1320 πρόσωπον
3562 1239 3722 1305 οὖσα,
3774 1242 3918 1295 καθδ
3981 1228 4073 1293 δύο

2472 1347 2689 1418 σχέσεις
2704 1344 3050 1415 ἀναδέχεται,
3091 1343 3231 1396 κατά
3255 1338 3416 1394 τοῦτο
3444 1338 3593 1392 δοκεῖ
3616 1329 3759 1388 εἶναι
3782 1334 3882 1388 δύο
3903 1332 4076 1401 πρόσ-

2471 1458 2619 1504 ωπα,
2645 1440 2712 1511 τῇ
2756 1441 2925 1509 μητρὶ
2950 1434 3371 1509 προστεθημένη
3395 1433 3490 1486 καὶ
3534 1432 3602 1503 τῇ
3630 1429 3897 1499 πενθερᾷ.
3944 1427 4075 1481 Non

2476 1532 2532 1587 δέ
2590 1549 2681 1602 μοι
2716 1531 2903 1594 ἁπλῶς
2939 1530 3154 1599 πατέρα
3210 1527 3305 1581 καὶ
3366 1525 3581 1597 μητέρα
3633 1524 3729 1577 καὶ
3793 1520 4074 1591 πενθερὰν

2481 1627 2661 1680 πάντα
2690 1624 2761 1678 τὰ
2804 1622 3036 1687 παλαιά,
3061 1622 3177 1675 υἱὸν
3207 1620 3268 1674 δὶ
3314 1618 3410 1673 καὶ
3454 1616 3757 1687 θυγατέρα,
3793 1613 3983 1666 πάντα
4008 1610 4077 1663 τὰ

2475 1715 2571 1768 νέα
2604 1731 2618 1744 ·
2651 1714 2680 1766 6
2701 1713 2883 1767 τοίνυν
2910 1711 3117 1781 Κύριος
3164 1711 3299 1765 πᾶσι
3346 1711 3458 1773 τοῖς
3488 1709 3723 1770 παλαοῖς
3754 1706 3927 1777 ἡμῶν
3983 1704 4077 1756 καὶ

2478 1806 2825 1878 ἁμαρτωλοῖς
2849 1804 3003 1858 ’ἔθεσι
3027 1804 3123 1857 καὶ
3144 1802 3382 1873 δόγμασι
3426 1798 3704 1871 μάχεσθαι
3732 1798 3802 1850 τά
3823 1798 3926 1849 νέα
3980 1794 4076 1847 καὶ

2406 1865 2449 1924 Β
2476 1865 2612 1955 θεία.
2640 1865 2822 1953 αὐτοῦ*
2858 1896 3172 1967 ἐντάλματα
3357 1865 3618 1962 δόῆμᾶταο
3636 1890 3917 1959 βούλεται.
3945 1887 4076 1941 Νόει

2473 1993 2531 2046 δὲ
2563 1995 2656 2045 καὶ
2701 1991 2907 2054 οὔτως·
2948 1988 3141 2059 Πατὴρ
3190 1987 3290 2058 μὲν
3317 1989 3347 2041 6
3393 1986 3537 2050 νοῦς,
3571 1985 3685 2047 υίὸς
3718 1983 3777 2036 δὲ
3819 1984 3847 2035 ὁ
3889 1982 4073 2049 λόγος,

2478 2085 2744 2157 μερισμὸς
2777 2082 2872 2139 οὖν
2907 2084 3113 2138 τούτων
3134 2084 3356 2151 έγένετο
3382 2081 3440 2135 ὲν
3464 2079 3542 2151 τῷ
3562 2080 3641 2132 lvi
3676 2076 3838 2147 οἴκῳ,
3868 2076 3952 2145 τῷ
3984 2077 4075 2128 ἀι.-

2475 2177 2683 2247 ορώπῳ
2716 2176 2880 2246 φημὶ,
2912 2169 3025 2228 οἷον
3049 2174 3136 2228 ίνα
3182 2172 3518 2241 σαφέστερον
3553 2170 3716 2231 εἴπω,
3757 2165 4075 2237 ἐνελάμφθη

2473 2270 2502 2321 6
2532 2266 2658 2330 νοῦς
2681 2268 2775 2321 τοῦ
2808 2265 3203 2336 Ἀρεοπαγίτου
3231 2262 3537 2325 Διονυσίου,
3565 2260 3664 2313 καὶ
3694 2258 3755 2310 τὸ
3804 2258 4074 2327 κήρυγμα

2475 2361 2698 2428 ἐδέξατο
2730 2378 2743 2393 ·
2771 2359 3066 2414 ἀνθίστατο
3118 2357 3179 2411 δὲ
3209 2355 3407 2410 τούτου
3432 2354 3513 2425 τῷ
3546 2350 3626 2405 νοῒ
3653 2348 3733 2419 τῷ
3772 2349 4070 2402 ἀναποδεί-

2476 2472 2619 2518 κτως
2665 2451 2949 2523 δεξαμένῳ
2978 2450 3077 2520 τὴν
3125 2449 3311 2503 πίστιν
3365 2449 3394 2502 6
3449 2448 3607 2514 λόγος
3640 2445 3669 2495 ὁ
3725 2441 4066 2510 Ἑλληνικοί.

2473 2544 2853 2598 ἀποδεικνύειν
2895 2540 3265 2612 πειρώμενος,
3302 2539 3397 2593 καὶ
3439 2537 3817 2599 διαλεκτικαῖς
3862 2534 4074 2604 ὲφόδοες

2471 2634 2791 2691 ἀκολουθεῖν
2815 2631 3167 2702 ἀναγκάζων.
3218 2631 3383 2701 Ὁρᾷς
3410 2628 3679 2698 μερισμὸν
3724 2627 3936 2695 πατρὸς
3984 2627 4075 2676 καὶ

2472 2729 2590 2783 υίοῦ
2622 2728 2949 2800 μαχομένων
2978 2726 3230 2797 ἀλλήλοις
3280 2724 3372 2777 διὰ
3404 2722 3641 2791 Χριστὸν
3668 2721 3764 2774 καὶ
3804 2721 3864 2772 τὸ
3900 2719 4073 2789 κήρυ-

2473 2837 2631 2890 γμα;
2662 2821 2774 2874 Καὶ
2802 2820 3016 2890 μητέρα
3043 2817 3100 2870 δὲ
3128 2817 3222 2870 καὶ
3252 2814 3525 2884 πενθερὰν
3575 2811 3841 2873 καλέσαις
3876 2810 3947 2863 ἂν
3981 2808 4074 2877 τὴν

2472 2910 2737 2977 διάνοιαν,
2768 2907 3048 2977 θυγατέρα
3096 2906 3154 2961 δὲ
3204 2905 3302 2959 καὶ
3348 2904 3573 2974 νύμφην
3627 2902 3729 2973 τὴν
3787 2899 4071 2970 αἴσθησιν.

2474 3002 2586 3056 Καὶ
2632 3001 2861 3064 ταύταις
2924 2995 3019 3053 οὖν
3071 2999 3221 3071 μάχη
3290 2998 3508 3051 ἵσταται
3564 2993 3654 3048 διὰ
3702 2993 3969 3066 Χριστὸν,
4008 2993 4074 3061 τῇ

2476 3092 2576 3165 μὲν
2631 3093 2847 3166 διανοίᾳ
2896 3091 3040 3145 κατά
3095 3091 3197 3161 τῆς
3251 3088 3544 3160 αίθήσεως,
3584 3089 3715 3141 ὅταν
3773 3087 3808 3157 ἡ
3866 3084 4077 3137 διάνοια

780 3208 912 3262 titur
941 3217 1120 3261 autent
1150 3213 1206 3262 et
1238 3204 1432 3260 bellum
1470 3216 1666 3258 sensus
1698 3210 1887 3257 contra
1922 3209 2182 3256 mentem.
2221 3199 2365 3254 Sen-

2476 3187 2639 3260 πείθη
2702 3187 2981 3259 προτιμᾷν
3035 3184 3103 3239 τὰ
3149 3184 3226 3256 μὴ
3287 3180 3491 3255 ῥευστὰ
3544 3179 3655 3233 τῶν
3714 3178 4078 3250 ρευστῶν,τά

778 3313 872 3353 sus
899 3297 1042 3353 enim
1065 3312 1178 3368 per
1209 3295 1471 3351 miracula
1502 3303 1555 3349 et
1587 3293 1743 3364 signa
1800 3307 1919 3361 qua:
1954 3291 2209 3347 videntur
2241 3307 2369 3362 pcr-

779 3390 973 3443 ductus
1007 3388 1074 3443 ad
1106 3387 1297 3453 ﬁdem,
1334 3400 1441 3440 non
1484 3384 1659 3440 credit
1692 3382 1890 3439 mentis
1919 3382 2375 3454 cogitationibus:

781 3495 955 3549 neque
985 3481 1130 3534 enim
1178 3478 1457 3549 gentilium
1488 3476 1983 3532 demonstrationes
2032 3476 2147 3529 vult
2195 3477 2374 3544 sequi,

781 3590 900 3642 quae
925 3572 1255 3643 compellunt
1284 3571 1392 3625 illis
1437 3573 1783 3625 attendentes
1812 3584 1918 3625 non
1974 3570 2197 3624 credere
2231 3572 2376 3640 quod

782 3666 921 3721 Dens
953 3664 1127 3720 factus
1181 3665 1252 3719 sit
1299 3665 1495 3725 homo,
1527 3664 1609 3719 vel
1669 3662 1815 3733 quod
1876 3664 2026 3733 virgo
2080 3662 2373 3732 pepererit.

780 3758 1097 3829 Ilujusmodi
1128 3768 1253 3813 sunt
1280 3757 1565 3828 gentilium
1600 3757 1975 3822 deliramenta,
2018 3766 2227 3810 natura:
2260 3770 2377 3810 ser-

780 3851 1002 3906 vientia.
1035 3850 1104 3904 At
1142 3863 1338 3904 sensus
1364 3863 1459 3918 per
1489 3846 1751 3901 miracula
1777 3862 1897 3916 quae
1932 3846 2206 3912 videntur,
2244 3861 2375 3914 pre-

775 3944 1010 3999 stantior
1040 3941 1186 3997 omni
1218 3928 1694 3996 demonstratione
1724 3950 1832 4003 est,
1870 3941 1937 3992 ad
1974 3923 2075 3993 Dei.
2102 3940 2373 4009 cognitio-

778 4050 899 4090 nem
920 4036 1315 4089 mauuducens.
1342 4032 1455 4088 Non
1480 4034 1656 4089 omnis
1681 4033 1844 4101 igitur
1873 4048 1976 4103 pax
2003 4040 2056 4087 et
2081 4034 2371 4086 concordia

777 4128 916 4181 bona
976 4133 1082 4192 est,
1112 4126 1206 4179 sed
1253 4135 1338 4180 est
1377 4125 1595 4195 quando
1643 4134 1698 4178 et
1747 4138 1928 4195 pugna
1976 4132 2027 4178 et
2084 4122 2367 4178 dissidium

774 4220 957 4273 divina
1018 4218 1263 4287 quaedam
1326 4229 1413 4270 res
1477 4216 1710 4269 videtur.
1750 4212 1939 4268 Nullus
1986 4213 2149 4283 igitur
2223 4223 2367 4267 amet

778 4311 969 4377 malos,
991 4320 1047 4365 ct
1080 4310 1329 4379 quamvis
1360 4320 1515 4380 pater
1540 4318 1595 4364 et
1649 4320 1824 4362 mater
1864 4308 2225 4362 adversentur
2260 4307 2365 4378 legi

774 4401 1002 4465 Christi,
1037 4402 1445 4472 repugnandum
1500 4408 1582 4453 est
1633 4398 1712 4453 eis
1746 4397 1979 4468 perinde
2010 4412 2073 4453 ac
2120 4398 2366 4454 hostibus

777 4494 1047 4547 veritatis.

2480 3282 2692 3351 ἀόρατα
2733 3279 2842 3332 τῶν
2889 3278 3130 3350 ὁρατῶν,
3160 3277 3258 3329 καὶ
3310 3274 3412 3347 ἔχῃ
3452 3272 3591 3344 πρὸς
3650 3269 3815 3323 τοῦτο
3869 3270 4077 3331 πολλάί

2478 3374 2785 3440 ἀποδείξεις
2827 3369 3147 3442 συνεργούς.
3184 3368 3343 3424 Ἔστι
3369 3368 3427 3421 δὲ
3451 3367 3541 3419 ὅτε
3586 3366 3683 3419 καὶ
3715 3366 3785 3435 τῇ
3824 3361 4079 3433 αἰσθήσει

2480 3466 2623 3520 κατὰ
2670 3467 2770 3535 τῆς
2830 3463 3071 3525 διανοίας
3121 3460 3359 3531 πόλεμος
3420 3458 3842 3529 συγκροτεῖται’
3878 3457 3914 3527 η
3971 3458 4077 3525 γὰρ

2479 3561 2736 3630 αῐσθησις
2785 3557 2877 3612 διὰ
2944 3557 3053 3610 τῶν
3106 3554 3406 3625 θαυμάτων
3463 3552 3559 3605 καὶ
3613 3549 3723 3603 τῶν
3778 3549 4079 3620 δρωμένων

2481 3653 2726 3722 σημείων
2778 3649 3273 3721 χειραγωγουμένη
3323 3645 3460 3716 πρὸς
3493 3644 3702 3709 πίστιν,
3728 3642 3790 3695 οὐ
3828 3640 4077 3694 πείθεται

2476 3748 2591 3809 τοῖς
2625 3744 2725 3814 τῆς
2774 3742 3016 3804 διανοίας
3062 3740 3368 3809 λογισμοῖς,
3406 3738 3528 3791 οὐδὲ
3563 3739 3685 3800 ταῖς
3730 3735 4075 3814 Ἑλληνικαῖς

2475 3812 2814 3906 ἀποδείξεσιν
2834 3836 3065 3891 ῑπεσθαι
3085 3834 3355 3907 βούλεται,
3378 3830 3931 3900 συναναγκαζούσαις
3956 3812 4077 3893 τοῖς

2477 3932 2850 4004 προσέχοντας
2877 3931 3073 3993 αὐταῖς
3104 3927 3181 4000 μὴ
3208 3925 3516 3990 πιστεύειν,
3543 3926 3625 3978 ὃτι
3655 3924 3794 3987 Θεὸς
3846 3923 4075 3993 γέγονεν

2472 4024 2848 4096 ἄνθρωπος,ἢ
2902 4024 2986 4077 ὅτι
3020 4021 3291 4093 παρθένος
3335 4019 3514 4072 ἔτεκε.
3550 4014 3795 4070 Τοιαῦτα
3847 4016 3962 4088 γάρ
4010 4013 4065 4068 τε

2471 4120 2585 4171 τῶν
2617 4117 2779 4187 φύσει
2826 4113 3195 4170 δουλεύοντων
3253 4111 3593 4183 Ἑλληνικῶν
3654 4109 3943 4179 λογισμῶν
3977 4111 4072 4179 λη-

2472 4215 2716 4284 ρήματα.
2765 4211 2828 4263 Ἦ
2878 4209 3064 4279 μέντοι
3124 4206 3383 4276 αἴσθησις
3443 4205 3533 4259 διά
3606 4205 3718 4258 τῶν
3776 4204 4072 4275 ὁρωμένων

2469 4307 2769 4378 θαυμάτων
2829 4303 3095 4375 κρείττων
3145 4303 3330 4370 πάσης
3377 4300 3711 4367 ἀποδείξεώς
3750 4300 3871 4353 ἐστι
3937 4301 4072 4371 πρὸς

2469 4398 2804 4468 θεογνωσίαν
2851 4394 3193 4467 χειραγωγός
3220 4410 3233 4423 ·
3272 4394 3333 4445 ού
3381 4394 3533 4446 πᾶσα
3587 4388 3680 4446 οὗν
3736 4395 3937 4465 είρήνη
3984 4399 4073 4446 καὶ

2472 4490 2766 4565 συμφωνία
2806 4488 2999 4552 καλὸν,
3049 4484 3166 4539 ἀλλ’
3206 4483 3357 4537 ἐστιν
3390 4484 3479 4537 ὅτε
3522 4485 3615 4536 καὶ
3652 4486 3804 4555 μάχη
3837 4488 3934 4538 καὶ
3964 4487 4075 4538 διά·-

774 4607 963 4654 στασις
984 4588 1127 4643 θεῖόν
1152 4607 1205 4643 τι
1248 4588 1438 4659 χρῆμα
1480 4587 1646 4641 δοκεῖ·
1676 4588 1869 4658 μηδεὶς
1919 4589 2100 4644 τοίνυν
2140 4592 2437 4662 φιλιαζέτω
2473 4598 2586 4658 τοῖς
2618 4589 2900 4661 πονηροῖς,
2927 4580 3062 4638 ἀλλὰ
3090 4582 3193 4638 κάν
3225 4581 3431 4653 πατὴρ,
3475 4582 3579 4635 κᾶν
3615 4582 3804 4652 μήτηρ
3841 4582 4074 4636 ἐναντίοι

772 4687 1133 4757 εὑρίσκωνται
1174 4683 1253 4756 τῷ
1305 4684 1545 4756 Χριστοῦ
1600 4686 1775 4755 νόμῳ,
1802 4685 2145 4757 πολεμητέον
2176 4675 2364 4759 αὐτοῖς
2412 4698 2487 4760 ὡς
2541 4693 2639 4760 τῆς
2670 4684 2929 4756 ἀληθείαις
2960 4682 3195 4754 ἐχθροῖς.

851 4779 1010 4832 Vns.
1045 4776 1235 4833 56.59.
1285 4795 1303 4827 ι
1342 4777 1564 4831 Dicebat
1609 4787 1789 4830 autem
1825 4778 1890 4830 ad
1938 4784 2128 4847 turbas
2179 4801 2193 4836 :
2228 4784 2362 4840 Cum

2554 4802 2572 4837 ι
2605 4780 2800 4849 Ἔλεγε
2839 4777 2895 4831 δὲ
2945 4776 3178 4838 καὶτοῖς
3219 4772 3421 4844 ὅχλοις,
3460 4773 3633 4827 Ὅταν
3665 4774 3814 4845 ἴδητε
3842 4778 4074 4846 νεφέλην

770 4871 1020 4925 videritis
1048 4871 1247 4924 nubem
1271 4871 1539 4924 orientem
1569 4870 1637 4923 ab
1680 4884 1903 4935 occasu,
1932 4875 2114 4928 statim
2149 4876 2360 4944 dicitis,

771 4964 945 5019 imber
984 4963 1154 5029 venit,
1183 4971 1239 5017 et
1285 4964 1358 5017 ita
1409 4961 1465 5016 lit
1504 4982 1518 5018 :
1556 4972 1609 5017 et
1645 4976 1767 5016 cum
1826 4974 2070 5018 austrum
2120 4965 2361 5041 ﬂantem,

768 5057 953 5111 dicitis
996 5057 1142 5125 quod
1195 5064 1363 5110 testus
1412 5055 1633 5119 erit,'et
1691 5057 1769 5109 lit.
1799 5052 2132 5127 llypocritze,
2170 5061 2362 5117 laciem

768 5149 891 5204 coeli
932 5158 985 5203 et
1026 5159 1185 5203 terra
1238 5147 1414 5203 nostis
1462 5148 1714 5217 probare,
1746 5148 1847 5224 hoc
1909 5160 2092 5203 autem
2154 5161 2367 5225 tempus

770 5244 861 5311 qni
905 5242 963 5294 iit
1018 5248 1077 5295 ut
1113 5255 1219 5295 non
1276 5238 1683 5309 probetisYCur
1728 5251 1908 5295 autem
1950 5256 2016 5296 ex
2072 5244 2365 5315 vobisipsis

769 5348 875 5388 non
902 5332 1158 5400 judicatis
1182 5333 1541 5401 quodjustum
1568 5332 1690 5387 est?
1721 5330 1856 5387 Cum
1892 5335 2036 5388 enim
2058 5337 2211 5391 vadis
2235 5352 2359 5392 eum

768 5423 1083 5479 adversario
1120 5433 1210 5477 tuo
1244 5423 1309 5476 ad
1359 5424 1765 5494 magistratum,
1796 5423 1848 5477 in
1884 5426 1970 5495 via
2001 5424 2069 5480 da
2109 5442 2356 5497 Operam,

764 5529 824 5572 ut
870 5517 1123 5572 libi-reris
1159 5519 1223 5571 ab
1280 5516 1392 5581 illo,
1418 5533 1483 5571 ne
1539 5517 1676 5571 forte
1711 5519 1993 5587 pertrahat
2026 5532 2075 5574 te
2124 5523 2188 5575 ad
2218 5522 2357 5591 judi-

763 5620 906 5670 cem,
943 5605 1188 5675 etjndex
1243 5606 1422 5660 tradat
1456 5615 1506 5661 te
1533 5608 1798 5673 exactori,
1835 5619 1889 5662 et
1928 5620 2152 5665 exactor
2184 5611 2357 5682 conji-

765 5700 871 5753 ciat
918 5707 969 5753 te
1036 5700 1087 5752 in
1140 5714 1441 5754 carcerem.
1479 5699 1613 5754 Dico
1664 5702 1780 5767 tibi,
1816 5716 1921 5757 non
1970 5704 2145 5759 exibis
2209 5705 2355 5771 inde,

763 5791 935 5845 donec
991 5790 1239 5846 ultimum
1312 5793 1474 5845 etiam
1532 5794 1799 5848 minutum
1870 5797 2083 5851 reddas.
2127 5816 2144 5848 ι
2198 5797 2359 5852 Post-

763 5899 923 5952 quam
979 5884 1047 5939 de
1102 5877 1517 5956 praedicatione
1578 5889 1879 5957 disseruit,
1939 5889 2231 5962 ignemque
2302 5906 2355 5949 et

2468 4872 2874 4929 ἀνατέλλουσαν
2905 4869 3014 4921 ἀπὸ
3039 4865 3285 4936 δυσμῶν,
3319 4865 3525 4930 εὐθέως
3558 4868 3774 4935 λέγετε,
3811 4869 3899 4922 ὅτι
3935 4874 4070 4940 Ὀμ-

2471 4968 2600 5041 6ρος
2642 4966 2886 5037 ἔρχεται,
2931 4960 3028 5015 καὶ
3084 4961 3297 5030 γίνεται
3355 4960 3565 5027 οὕτως’
3597 4964 3693 5017 καὶ
3742 4963 3878 5016 ὅταν
3926 4967 4073 5018 νότον

2441 5060 2725 5119 ’πνέοντα,
2792 5056 2979 5125 λέγετε
3046 5054 3131 5107 δτι
3164 5053 3406 5109 Καύσων
3458 5054 3637 5123 ἔσται,
3692 5055 3788 5108 καὶ
3837 5057 4071 5124 γίνεται.

2482 5150 2829 5221 Ὑποκριται,
2868 5149 2929 5203 τὺ
2959 5148 3258 5220 πρόσωπον
3284 5147 3389 5217 τῆς
3432 5148 3537 5220 γῆς
3587 5149 3683 5202 καὶ
3708 5148 3807 5201 τοῦ
3838 5149 4071 5221 ούρανοῦ

2469 5246 2647 5299 οἴδατε
2706 5244 3049 5310 δοκιμάζειν,
3085 5244 3178 5295 τὸν
3227 5242 3285 5295 δὲ
3340 5242 3538 5313 καιρὸν
3594 5242 3787 5296 τοῦτον
3840 5244 3963 5309 πῶς
4016 5244 4069 5297 οὗ

2469 5338 2795 5408 δοκιμάζετε
2827 5353 2841 5401 ;
2868 5335 2932 5388 Τί
2979 5335 3167 5388 δὲκαὶ
3210 5334 3305 5404 ἀφ’
3361 5336 3571 5389 ἑαυτῶν
3637 5336 3701 5388 οὐ
3740 5338 3962 5407 κρίνετε
4017 5339 4068 5390 τὸ

2467 5432 2713 5498 δίκαιονς
2766 5432 2859 5495 Ὠς
2891 5430 3001 5502 γὰρ
3038 5430 3273 5499 ὑπάγεις
3328 5430 3471 5501 μετὰ
3528 5428 3623 5484 τοῦ
3659 5433 3947 5488 ἀντιδίκου
3981 5450 4066 5486 σου

2464 5524 2549 5577 ἐπ’
2596 5524 2855 5595 ἄρχοντα,
2890 5526 2947 5577 ὲν
2991 5526 3058 5593 τῇ
3120 5523 3226 5596 ὀδῷ
3277 5522 3365 5586 δὸς
3402 5525 3671 5595 ἐργασίαν
3717 5526 4066 5595 ἀπηλλάχθει

2467 5618 2562 5670 ἀπ’
2595 5616 2784 5681 αὑτοῦ,
2822 5619 2895 5689 μή
2950 5634 3081 5670 ποτε
3106 5617 3399 5689 κατασύρῃ
3430 5633 3491 5670 σε
3528 5618 3667 5691 πρὸς
3720 5621 3815 5672 τὸν
3850 5624 4061 5689 κριτὴν,

2465 5710 2560 5761 καὶ
2604 5710 2632 5760 6
2679 5709 2874 5783 κριτὴς
2952 5725 3012 5760 σε
3079 5707 3311 5777 παραδῷ
3364 5708 3443 5778 τῷ
3502 5710 3783 5778 πράκτορι
3819 5748 3836 5773 ,
3888 5711 3985 5762 καὶ
4037 5710 4062 5760 ὁ

2468 5801 2737 5872 πράκτωρ
2784 5819 2842 5855 σε
2893 5800 3031 5871 βάλῃ
3079 5802 3160 5864 είς
3190 5801 3439 5870 φυλακήν
3472 5816 3485 5829 ’
3518 5800 3665 5868 λέγω
3719 5818 3822 5858 σοι,
3861 5804 3924 5855 ού
3992 5803 4058 5870 μὴ

2467 5895 2689 5963 ἐξέλθῃς
2734 5896 2983 5959 ἐκεῖθεν,
3046 5895 3150 5958 ἕως
3206 5888 3265 5948 οὗ
3316 5896 3409 5947 καὶ
3461 5894 3522 5947 τδ
3585 5898 3818 5965 ἔσχατον
3870 5897 4056 5949 λεπτὸν
