4256 6432
742 415 839 486 9Ί1

1627 395 2203 463 ΤΗΕΟΡΙΙΥίιΑίὶΤῘ
2253 387 2665 453 BUI.G‘AR11E
2705 385 3064 449 ARCillEP.

3917 362 4023 432 912

732 542 884 601 pure,
912 525 1226 581 nuntiantes
1256 521 1330 576 illi
1355 520 1419 574 de
1468 516 1708 573 Galilmis
1733 528 1965 583 quorum
1990 510 2315 579 sanguinem
2351 516 2389 570 Α

2351 516 2389 570 Α
2422 506 2607 569 λοντες
2644 503 2795 574 αύτῷ
2822 501 2955 572 περὶ
3003 500 3115 554 τῶν
3149 498 3472 561 Γαλιλαίων,
3504 489 3581 552 ὧν
3612 494 3673 547 τδ
3705 484 3851 564 αἷμα
3905 485 4023 542 Πι-

2428 599 2484 601 η
2610 596 2630 601 ά
2712 596 2733 601 -
2909 594 2918 601 -
2997 593 3023 601 -
3093 593 3113 601 -
3226 594 3250 601 -
3362 591 3376 601 .
3432 590 3456 601 -
3646 578 4023 601 ,ιμηημμ

733 622 935 675 Pilatus
955 619 1243 673 miscuerat
1265 629 1383 667 cum
1402 610 1686 666 sacriliciis
1706 608 1973 677 ipsorum.
2009 603 2075 656 Et
2092 618 2316 670 respon-

731 713 864 767 dens
889 709 1046 767 Jesus
1078 707 1215 760 dixit
1248 703 1352 757 illis
1382 717 1396 753 :
1459 700 1669 755 Putatis
1717 704 1863 769 quod
1892 696 1945 751 hi
1966 691 2175 749 Galilei
2208 706 2318 762 pra:

735 804 942 860 cunctis
958 800 1208 856 Gaclila'is
1234 804 1552 867 peccatores
1589 792 1818 857 iuerint,
1844 789 1971 859 quia
2005 786 2134 841 talia
2173 783 2317 855 passi

736 894 892 952 sunt?
915 894 1053 951 Non.
1091 890 1214 945 dico
1240 889 1391 944 vobis
1420 886 1578 939 :-imo
1606 884 1708 938 nisi
1739 879 2101 951 resipueritis,
2131 890 2321 931 omnes

733 991 983 1047 similiter
1004 986 1267 1056 peribitis.
1298 984 1403 1035 Aut
1438 980 1513 1035 illi
1550 981 1736 1033 decem
1762 987 1815 1028 et
1846 985 1972 1029 octo
1994 985 2156 1041 supra
2190 982 2321 1038 quos

735 1083 931 1139 cecidit
964 1082 1128 1136 turris
1163 1080 1213 1131 in
1254 1074 1421 1140 Siloe,
1447 1083 1501 1128 et
1528 1072 1729 1127 occidit
1776 1083 1900 1131 eos,
1937 1064 2143 1135 putatis
2177 1060 2320 1130 quod

734 1176 1006 1228 debitores
1030 1170 1232 1225 fuerint
1274 1168 1410 1221 ultra
1459 1175 1685 1220 cunctos
1734 1160 1978 1215 homines
2017 1156 2322 1211 habitantes

733 1263 1122 1332 Jerosnlymis?
1151 1258 1293 1323 Non,
1327 1260 1450 1311 dico
1482 1256 1657 1315 vobis,
1689 1253 1796 1305 imo
1822 1251 1922 1303 nisi
1960 1243 2319 1315 resipneritis,

735 1372 926 1412 omnes
973 1355 1227 1409 similiter
1261 1349 1529 1420 peribitis.
1574 1365 1592 1397 ι
1649 1343 1817 1399 Judas
1860 1338 2134 1398 Galilmns,
2168 1334 2324 1403 cujus

734 1462 789 1504 et
832 1451 885 1502 in
914 1447 1063 1499 Actis
1105 1445 1220 1514 ipse
1263 1438 1602 1508 evangelista
1656 1443 1839 1489 noster
1892 1428 2157 1491 meminit,
2201 1438 2321 1479 cum

736 1554 784 1595 ct
819 1540 936 1609 ipse
957 1538 1290 1607 aliquantum
1321 1534 1513 1587 doctus
1543 1535 1688 1583 esset
1722 1527 1771 1580 in
1791 1525 1927 1595 lege,
1950 1521 2136 1577 docuit
2157 1519 2320 1572 etiam

736 1634 871 1688 alios
932 1628 1189 1685 Galilteos
1260 1640 1360 1680 suo
1420 1619 1657 1691 dogmati
1724 1618 2025 1671 adita-rere.
2091 1611 2330 1666 Docebat

736 1736 916 1780 autem
976 1734 1149 1788 neque
1212 1731 1308 1771 ore
1360 1724 1513 1769 tenus
1564 1710 1846 1767 ferendum
1905 1707 2071 1761 ullum
2109 1704 2330 1759 omnino

737 1816 1011 1872 hominem
1061 1809 1229 1882 385
1281 1808 1559 1863 dominum
1595 1804 1723 1869 dici,
1754 1815 1930 1871 neque
1998 1796 2218 1853 honoris
2250 1793 2329 1846 vel

2427 599 2587 661 λάτος
2608 596 2762 668 ἔμιξε
2793 594 2934 667 μετὰ
2954 593 3065 647 τῶν
3089 593 3292 647 θυσιῶν
3317 590 3503 646 αὐτῶν
3532 606 3545 619 ⁸
3572 586 3669 637 καὶ
3694 578 4028 649 ἀποκριθεὶς

2424 694 2452 745 ὁ
2518 690 2727 760 Ἰησοῦς
2786 683 2941 742 εἶπεν
3004 686 3209 748 αὐτοῖς·
3259 686 3479 737 Δοκεῖτε
3516 682 3600 736 ὅτι
3654 677 3705 731 οἱ
3749 672 4030 725 Γαλιλαῖοι

2426 780 2573 838 οὗτοι
2608 780 2928 851 ἁμαρτω).οὶ
2962 778 3114 845 παρὰ
3138 778 3350 833 πάντας
3381 775 3508 836 τοὺς
3539 767 3863 827 Γαλιλαίους
3903 766 4027 847 εγε-

2427 878 2702 942 νοντο,ὅτι
2759 872 2986 927 τοιαῦτα
3042 868 3425 933 πεπόνθασιν;
3457 862 3627 930 Ούχι,
3668 859 3818 927 λέγω
3873 857 4028 926 ὑμῖν,

2428 968 2544 1025 ἀλλ’
2576 968 2673 1021 ἐὰν
2706 965 2783 1037 μὴ
2819 961 3146 1035 μετανοῆτε,
3181 958 3385 1022 πάντες
3414 953 3677 1013 ὡσαύτως
3700 945 4025 1002 ἀπολεῖσθε.

2433 1064 2502 1118 Ἦ
2528 1062 2728 1116 ἐκεῖνοι
2752 1061 2801 1112 οι
2827 1059 2961 1112 δέκα
2991 1050 3086 1109 καὶ
3102 1052 3267 1112 ὀκτὼ.
3296 1050 3381 1118 ἐφ’
3410 1047 3503 1110 οὓς
3538 1044 3734 1097 ἔπεσεν
3760 1045 3789 1094 ὁ
3818 1040 4032 1110 πύργος

2429 1157 2488 1211 ἐν
2530 1153 2607 1224 τῷ
2639 1150 2886 1217 Σιλωὰμ,
2916 1148 3010 1199 καὶ
3058 1146 3385 1198 ἀπέκτεινεν
3433 1136 3630 1199 αύτούς
3653 1154 3667 1167 ο
3697 1136 3913 1187 δοκεῖτε
3950 1120 4032 1184 att

2430 1244 2574 1303 οὗτοι
2612 1240 2893 1313 ὀφειλέται
2926 1240 3180 1310 εγένοντο
3230 1234 3383 1307 παρὰ
3434 1232 3646 1290 πάντας
3701 1224 4033 1297 ἀνθρώπους

2429 1342 2557 1403 τοὺς
2584 1334 2978 1396 κατοικοῦντας
3006 1336 3065 1386 ὲν
3094 1328 3487 1403 Ὶερουσαλήμ;
3516 1322 3676 1394 Οὔχὶ,
3701 1322 3851 1386 λέγω
3879 1321 4030 1389 ὑμῖν,

2432 1432 2546 1487 ἀλλ’
2568 1431 2666 1485 δάν
2701 1428 2777 1499 μὴ
2820 1427 3138 1499 μετανοῆτε,
3178 1423 3381 1484 πάντες
3416 1417 3619 1489 ὁμοίως
3650 1410 3972 1468 ἀπολεῖσθε.
4001 1428 4021 1459 ι

2448 1524 2647 1585 Ἰούδας
2672 1524 2700 1575 ὁ
2721 1520 3024 1583 Γαλιλαῖος,
3058 1511 3120 1570 οὗ
3150 1517 3244 1570 καὶ
3283 1515 3342 1566 ὲν
3363 1514 3485 1575 ταῖς
3516 1506 3790 1579 Πραξεσιν
3821 1509 3847 1556 6
3868 1504 4035 1564 αὐτος

2434 1611 2588 1678 οὗτος
2624 1609 3018 1681 εύαγγιλιστὴς
3054 1610 3355 1679 μέμνηται,
3389 1600 3706 1673 νομομαθὴς
3732 1595 3899 1667 δῆθεν
3935 1592 4032 1655 ὢν,

2435 1707 2622 1759 ἔπεισε
2639 1701 2871 1763 πολλοὺς
2904 1703 3000 1753 καὶ
3026 1698 3222 1759 ἄλλους
3257 1694 3575 1755 Γαλιλαίους
3614 1687 4034 1757 συναπαχθῆναι

2437 1796 2515 1867 τῷ
2543 1794 2712 1852 αὑτοῦ
2746 1793 3001 1863 δόγμα-ει.
3048 1787 3409 1861 Ἐδογμάτιζε
3460 1785 3519 1839 δέ
3562 1782 3772 1854 μηδένα
3822 1779 4036 1850 ἀνθρὼ-

738 1908 1017 1964 modestiae
1045 1872 1241 1972 giatia-i,
1263 1910 1315 1956 et
1351 1914 1417 1953 ne
1444 1913 1624 1967 regem
1659 1896 1882 1966 quidem
1938 1892 2138 1962 ipsum.
2178 1888 2328 1944 Unde
2364 1882 2406 1939 Β

2364 1882 2406 1939 Β
2435 1905 2553 1943 πων
2586 1886 2723 1958 μηδὲ
2758 1884 2926 1955 μέχρι
2959 1881 3229 1951 στόματος
3259 1877 3553 1950 ἀνέχεσθαι
3586 1876 3770 1942 λέγειν
3802 1872 4030 1942 Κύριον,

738 2016 790 2056 et
818 2001 971 2055 mttlti
1018 2000 1279 2067 ipsorum,
1312 2000 1595 2063 propterea
1626 1991 1766 2060 quod
1791 1988 2059 2043 Caesarem
2096 1999 2199 2038 non
2251 1981 2325 2034 di-

738 2106 924 2147 rercnt
958 2091 1257 2152 dominum,
1280 2087 1519 2156 graviter
1539 2083 1877 2137 feriebantur
1908 2096 1920 2131 :
1953 2078 2045 2145 qui
2080 2087 2133 2130 et
2160 2075 2327 2130 ἀοι-ι·-

738 2188 866 2241 baut
895 2201 1001 2239 nnn
1033 2197 1149 2237 esse
1180 2178 1461 2235 offerenda
1490 2174 1757 2231 sacrificia
1790 2183 1993 2241 preter
2031 2184 2095 2223 ea
2131 2183 2253 2238 qua:
2299 2182 2326 2217 a

739 2279 886 2333 lilose
939 2286 1123 2330 essent
1176 2276 1495 2327 constituta.
1558 2270 1789 2337 Ideoque
1841 2264 2205 2335 prohibebant
2237 2272 2328 2337 lca

739 2386 858 2439 qua:
883 2384 980 2437 pro
1006 2365 1221 2421 Caesare
1239 2376 1290 2418 et
1322 2363 1686 2416 Romanorum
1717 2370 1881 2429 gente
1927 2356 2119 2409 tierent
2154 2352 2327 2407 sacri-

742 2464 884 2513 lit2ia.
923 2454 1227 2511 Verisimile
1256 2454 1417 2520 igitur
1448 2452 1682 2505 Pilatum
1715 2451 1784 2502 ob
1812 2449 1926 2500 hmc
1960 2446 2328 2516 indignantmn

736 2552 968 2621 jussisse
1022 2547 1196 2601 occidi
1248 2546 1501 2601 Galil-tene
1540 2544 1661 2597 illos
1697 2556 1861 2609 super
1898 2538 2167 2594 sacrilicia
2210 2550 2329 2605 qme

742 2645 810 2695 ab
837 2645 917 2695 eis
954 2638 1391 2709 prohibebantur
1440 2633 1557 2689 ﬁeri
1594 2648 1690 2703 pro
1732 2631 2103 2684 Romanorum
2149 2636 2330 2696 gente,

740 2743 797 2785 et
834 2731 907 2785 ita
954 2730 1275 2799 sanguinem
1321 2740 1511 2779 eorum
1564 2720 1910 2777 commisceri
1958 2717 2209 2784 sanguini
2243 2730 2331 2767 ra-

742 2823 1099 2879 criticiorum.
1149 2818 1627 2871 Annuntiaverunt
1701 2813 1865 2883 igitur
1935 2810 2158 2880 quidam
2221 2808 2335 2861 lucc

744 2913 1018 2971 Salvatori
1050 2922 1105 2964 ut
1146 2910 1327 2979 aliqua
1357 2924 1419 2962 ex
1456 2917 1609 2977 parte
1648 2906 1733 2973 pie
1772 2902 1937 2967 facta,
1970 2902 2210 2957 volentes
2242 2913 2337 2967 per

748 3008 849 3063 hoc
882 3005 1094 3060 discere
1128 3001 1257 3072 quid
1292 3002 1341 3053 in
1367 3013 1433 3053 eo
1458 2997 1559 3052 sibi
1594 2996 1860 3066 placeret.
1886 2992 2160 3048 l'utahant
2188 2992 2335 3046 enim

743 3101 962 3172 quidam
998 3092 1437 3164 illosjuslissime
1463 3103 1672 3160 passos,
1699 3096 1885 3156 utpote
1938 3094 2251 3156 peccatores
2283 3089 2338 3134 et

2436 1982 2571 2052 μηδὲ
2601 1979 2745 2036 κατά
2774 1993 2898 2031 τινα
2925 1974 3091 2046 τιμὴν
3115 1973 3212 2027 καὶ
3237 1971 3671 2042 φιλοφροσύνην,
3708 1966 3835 2037 μηδ’
3871 1966 4036 2018 αὑτὸν

2429 2077 2521 2130 τὴν
2547 2070 2908 2144 βασιλεύοντα
2930 2084 2943 2098 ·
2968 2065 3092 2119 ὅθεν
3116 2065 3212 2119 καὶ
3235 2063 3424 2117 πολλοί
3455 2079 3517 2132 γε
3543 2060 3725 2113 αὐτῶν
3751 2058 3898 2126 ὑπὲρ
3935 2056 4034 2108 τοῦ

2435 2170 2511 2240 μὴ
2544 2167 2720 2221 εἰπεῖν
2788 2165 2977 2235 κύριον
3021 2160 3115 2214 τὸν
3170 2160 3429 2229 Καίσαρα
3466 2153 3721 2226 χαλεπῶς
3758 2151 4037 2224 ᾐκίζοντο,

2431 2263 2481 2315 οἳ
2531 2264 2625 2315 καὶ
2664 2260 2946 2314 ἐδίδασκον
2984 2257 3153 2329 μηδὲν
3181 2254 3333 2323 παρὰ
3358 2252 3457 2313 τὰς
3490 2248 3937 2315 διατεταγμένας
3964 2242 4041 2311 τῷ

2432 2357 2623 2427 Μωσεῖ
2652 2354 2845 2417 θυσίας
2868 2353 2979 2405 δεῖν
3005 2345 3380 2417 ἀναφέρεσθαι
3408 2360 3421 2373 ο
3441 2342 3632 2411 διόπερ
3658 2338 3905 2392 ἐκώλυον
3944 2336 4041 2397 τὰς

2435 2447 2576 2516 ὑπὲρ
2610 2444 2702 2497 τοῦ
2754 2443 3033 2512 Καίσαρος
3085 2441 3179 2493 καὶ
3204 2437 3298 2490 τοῦ
3346 2433 3631 2503 Ῥωμαίων
3664 2431 3858 2492 ἔθνους
3902 2445 4046 2495 γινο-

2437 2542 2603 2608 μένας
2656 2537 2866 2600 θυσίας.
2902 2535 3063 2598 Εἰκὸς
3106 2532 3199 2586 οὖν
3240 2532 3334 2584 ἐπὶ
3366 2528 3578 2590 τούτοις
3613 2523 4039 2593 ἀγανακτοῦντα
4072 2560 4075 2561 ν

2433 2634 2528 2685 τὸν
2557 2630 2792 2686 Πιλᾶτον
2829 2628 3093 2681 κελεύσαι
3117 2628 3244 2687 τοὺς
3290 2621 3609 2683 Γαλιλαίους
3644 2618 3879 2678 τούτους
3909 2618 4045 2668 dm-

2439 2722 2776 2794 σφάττεσθαι
2825 2722 2957 2790 παρ’
3009 2720 3207 2778 αὐταῖς
3247 2715 3313 2782 δὴ
3373 2714 3492 2775 ταῖς
3547 2710 3761 2772 θυσίαις
3794 2713 3919 2770 ταῖς
3949 2706 4041 2761 ὑπ’

2439 2819 2619 2873 αὐτῶν
2644 2814 3018 2886 κωλυομέναις
3050 2811 3191 2881 ὑπὲρ
3218 2807 3311 2861 τοῦ
3353 2804 3644 2875 Ῥωμαίων
3674 2804 3867 2865 ἔθνους
3896 2800 4041 2868 γίνεο

2438 2912 2586 2977 σθαι,
2612 2910 2753 2963 ὥστε
2794 2907 3132 2977 ἀναμιγῆναι
3160 2904 3221 2956 τὸ
3277 2897 3419 2971 αἷμα
3458 2899 3639 2954 αὐτῶν
3678 2898 3757 2967 τῷ
3806 2903 3917 2950 τῶν
3947 2894 4045 2948 θυ·

2439 3004 2573 3057 σιῶν
2596 3004 2811 3073 αἵματι.
2830 2998 3206 3071 Ἅπήγγελλον
3238 2996 3331 3049 οὖν
3360 3012 3504 3058 τινες
3523 2993 3695 3046 ταῦτα
3718 2990 3800 3061 τῷ
3833 2991 4046 3060 Σωτῆρι

2439 3100 2515 3162 ὡς
2556 3096 2707 3167 ὑπὲρ
2742 3094 3032 3155 εὐσεϐείας
3092 3089 3254 3160 δῆθεν
3290 3088 3582 3158 γινόμενα,
3628 3085 3950 3155 βουλόμενοι
3986 3083 4050 3134 τὸ

744 3195 1119 3253 seditiosos,et
1150 3189 1434 3242 irritantes
1458 3183 1689 3237 Pilatum
1717 3183 1768 3234 in
1790 3181 1972 3235 odium
2002 3177 2337 3243 Jndteorum,
2368 3191 2413 3253 ς

2369 3191 2413 3253 C
2444 3191 2538 3243 ἐπὶ
2564 3187 2773 3249 τούτοις
2829 3186 3069 3254 ἀρέσκον
3126 3179 3275 3249 αύτῷ
3331 3178 3550 3249 μαθεῖν.
3604 3175 3893 3244 Ἐνόμιζον
3938 3175 4050 3239 γάρ

743 3302 810 3337 eo
840 3285 981 3353 quod
1017 3282 1279 3351 urgebant
1310 3278 1581 3331 Caesarem
1616 3289 1719 3327 non
1757 3272 2136 3343 appellandum
2165 3269 2335 3323 domi-

746 3394 875 3434 num
914 3394 927 3429 :
964 3376 1013 3430 id
1058 3373 1198 3443 quod
1248 3372 1297 3424 in
1343 3369 1507 3423 l0tius
1554 3366 1863 3420 Iudaeorum
1908 3363 2088 3435 gentis
2129 3362 2336 3416 incom-

748 3471 962 3524 modum
1011 3467 1260 3521 cedebat.
1294 3462 1467 3530 igitur
1522 3459 1773 3513 Salvator
1814 3472 1918 3510 nan
1980 3471 2186 3524 negans
2238 3469 2335 3509 eos

747 3578 868 3618 esse
899 3571 1239 3629 peccatores,
1269 3555 1400 3610 dicit
1439 3569 1541 3607 non
1588 3552 1732 3619 ipsos
1773 3564 1964 3620 passos
2010 3564 2130 3603 esse
2178 3548 2333 3617 quasi

748 3663 930 3707 essent
961 3650 1194 3720 majores
1228 3658 1541 3717 peccatores
1574 3646 1637 3697 iis
1681 3643 1771 3709 qui
1806 3642 1935 3696 nihil
1982 3642 2125 3711 passi
2178 3650 2326 3695 sunt.

746 3745 857 3800 Nisi
890 3745 1033 3799 enim
1074 3755 1127 3796 et
1156 3757 1252 3797 vos
1287 3738 1655 3809 resipneritis,
1687 3746 1741 3790 et
1787 3751 1816 3787 ιι
1857 3734 2223 3790 seditionibus
2254 3734 2335 3786 iti-

748 3838 949 3892 tt'slilta
1007 3835 1142 3890 bella
1195 3832 1594 3888 succendentes
1650 3826 2024 3891 cessaveritis,
2077 3837 2130 3879 et
2168 3825 2336 3878 Deum

748 3932 1003 4000 operibus
1034 3928 1245 3997 placare
1273 3922 1686 3986 festinaveritis,
1729 3922 1979 3991 graviora
2032 3918 2333 3989 patiemini.

750 4021 865 4075 Non
912 4030 1126 4089 0p0rlet
1177 4017 1321 4073 enim
1357 4024 1621 4085 przetcxtu
1647 4013 1866 4083 pietatis
1900 4026 2055 4065 suam
2108 4010 2336 4079 gloriam

750 4129 1014 4185 quaerere,
1063 4122 1117 4166 et
1172 4114 1460 4165 intestinas
1506 4108 1801 4162 seditiones
1851 4105 2113 4159 excitare.
2170 4102 2337 4156 Porro

750 4213 915 4265 turris
938 4222 1056 4278 qtne
1083 4206 1354 4261 ceciderat
1387 4205 1436 4255 in
1461 4200 1628 4264 S-Ioe,
1654 4198 1971 4269 prmsagium
2005 4206 2127 4250 erat
2151 4210 2338 4249 eorum

752 4320 871 4376 quae
902 4313 1089 4373 postea
1114 4298 1312 4370 populo
1333 4305 1592 4350 eventura
1620 4301 1812 4346 erant:
1845 4304 1941 4361 per
1975 4302 2177 4359 paucos
2195 4287 2339 4341 enim

751 4396 844 4467 qui
887 4404 1013 4447 tunc
1048 4391 1326 4461 perierunt
1367 4384 1567 4438 inultos
1612 4382 1919 4444 erudiebat,
1951 4379 2095 4448 quod
2144 4386 2197 4431 et
2234 4376 2338 4447 ipsi

753 4488 1003 4558 graviora
1036 4489 1219 4535 essent
1247 4477 1486 4547 passuri.
1525 4473 1720 4527 Turris
1754 4472 1900 4525 enim
1936 4470 2100 4524 totius
2136 4470 2335 4522 civita-

2442 3298 2585 3342 τινες
2617 3278 2936 3333 δικαιότατα
2962 3274 3160 3336 αὐτοὺς
3187 3271 3382 3325 παθεῖν
3413 3271 3489 3333 ὡς
3516 3265 3907 3339 ἁμαρτωλοὺς,
3949 3264 4048 3316 an

2444 3375 2634 3428 στάσιν
2690 3371 3047 3440 κινήσαντας,
3086 3367 3183 3420 καὶ
3238 3367 3333 3417 τὸν
3398 3362 3634 3416 Πιλάτον
3688 3358 4054 3428 ὲρεθίσαντας

2443 3469 2539 3521 ἐπὶ
2591 3466 2668 3537 τῷ
2721 3464 2902 3535 μισεῖν
2942 3462 3068 3523 τοὺς
3136 3457 3455 3519 Ἰουδαίους’
3497 3458 3530 3525 ἡ
3562 3454 3676 3524 γὰρ
3736 3450 3925 3505 αὐτῶν
3970 3449 4053 3500 εν-

2442 3577 2636 3623 στασις
2674 3561 2708 3629 ἠ
2742 3558 2887 3628 ὑπὲρ
2917 3555 3013 3609 τού
3049 3554 3125 3623 μὴ
3160 3551 3353 3607 καλεῖν
3386 3550 3480 3601 τὸν
3520 3548 3786 3615 Καίσαρα
3833 3545 4049 3613 κύριον.

2443 3652 2643 3715 παντὸς
2672 3650 2766 3703 τοῦ
2793 3650 2982 3710 ἔθνους
3021 3645 3134 3699 τῶν
3173 3641 3448 3696 Ἰουδαίων
3474 3640 3705 3711 ἥπτετο.
3752 3636 3813 3689 ’0
3865 3637 4050 3689 τοίνυν

2442 3745 2635 3816 Σωτὴρ
2668 3743 2731 3796 τδ
2763 3742 2860 3814 μὲν
2900 3735 3041 3794 εἶναι
3074 3738 3276 3800 αὐτούς
3328 3733 3695 3807 ἁμαρτωλοὺς
3725 3732 3830 3784 οὐκ
3862 3730 4051 3800 ἀρνεῖ-

2440 3854 2555 3900 ται,
2582 3836 2644 3888 οὺ
2680 3836 2787 3904 μήν
2804 3850 2938 3902 φησι
2971 3829 3151 3884 ταῦτα
3165 3827 3499 3882 πεπονθέναι
3522 3827 3724 3888 αὐτοὺς
3748 3824 3827 3883 ὡς
3870 3824 4053 3892 ἁμαρ-

2441 3929 2772 3997 τωλοτέρους
2828 3924 2936 3977 τῶν
2991 3921 3198 3975 λοιπῶν
3226 3920 3334 3973 τῶν
3399 3920 3474 3990 μὴ
3527 3917 3918 3971 πεπονθότων·
3953 3918 4051 3970 liv

2412 4086 2413 4089 η
2441 4018 2551 4088 γὰρ
2571 4017 2665 4071 καὶ
2686 4017 2844 4085 ὑμεῖς
2870 4014 2945 4085 μὴ
2975 4013 3369 4083 μετανοήσητε,
3402 4012 3493 4063 καί
3517 4009 3785 4079 ἀφέμενοι
3809 4010 3907 4062 τού
3929 4027 4053 4062 στα-

2445 4108 2654 4173 σιάζειν
2688 4108 2781 4161 καὶ
2810 4106 3109 4175 ἐμφυλίους
3141 4104 3320 4173 μάχας
3348 4101 3635 4164 ἀνάπτειν,
3662 4100 3799 4155 Θιὶν
3817 4104 3931 4163 τοῖς
3957 4100 4051 4172 ἔρ-

2443 4216 2564 4268 γοις
2602 4196 2929 4269 θεραπεύειν
2996 4193 3299 4275 σπεύνσητε,
3335 4192 3561 4262 χείρονα
3616 4190 3878 4243 πείσεσθε
3912 4206 3926 4221 ⁸
3973 4193 4054 4243 δεῖ

2445 4295 2555 4365 γὰρ
2588 4294 2665 4364 μὴ
2700 4292 2974 4362 προφάσει
3003 4288 3292 4352 εὐσεϐείας
3326 4288 3489 4353 δόξαν
3518 4289 3734 4347 ἑαυτοῖς
3761 4287 4051 4357 περιεθένο

2443 4402 2565 4447 τας,
2602 4385 2681 4447 εἰς
2713 4383 3011 4454 ὶμφυλίους
3045 4381 3265 4442 στάσεις
3307 4378 3622 4432 ἀπονεύειν.
3665 4379 3724 4431 ’0
3758 4379 3816 4431 δὲ
3837 4378 4052 4449 πύργος

2446 4480 2474 4530 ὁ
2505 4475 2687 4529 πεσὼν
2716 4477 2773 4528 ὲν
2807 4475 2886 4546 τῷ
2936 4473 3183 4543 Σιλωὰμ,
3212 4472 3415 4541 δεῖγμα
3448 4467 3516 4541 ἦν
3562 4469 3672 4523 τῶν
3706 4472 3847 4539 μετὰ
3878 4469 4054 4523 ταῦτα

754 4554 822 4633 tis
856 4577 1022 4647 ﬁgura
1055 4583 1140 4637 est
1173 4588 1187 4625 :
1217 4581 1273 4624 at
1314 4571 1500 4624 decem
1526 4578 1583 4622 et
1614 4577 1738 4620 octo
1774 4565 1871 4630 illi,
1919 4564 2084 4618 totius
2129 4561 2331 4631 populi.
2373 4554 2414 4609 ί)

2373 4554 2414 4609 ο
2447 4565 2880 4636 συμϐησομένων
2900 4565 2980 4635 τῷ
3000 4563 3115 4634 λαῷ
3140 4585 3152 4597 ο
3180 4563 3270 4617 διὰ
3296 4566 3409 4634 γὰρ
3432 4563 3541 4615 τῶν
3578 4564 3699 4616 τότε
3726 4562 4051 4634 ἀναιρεθένο

752 4671 885 4725 Cum
914 4668 1056 4722 enim
1088 4664 1188 4719 sub
1226 4663 1347 4717 Tito
1370 4662 1565 4715 civitas
1588 4666 1792 4721 rueret,
1817 4654 1996 4711 omnis
2032 4654 2259 4724 populus
2287 4654 2338 4708 in

754 4760 1128 4815 incredulitate
1157 4766 1482 4826 permanens
1505 4749 1664 4805 simul
1697 4748 1878 4817 periit.
1908 4746 1990 4800 Sit
2012 4758 2065 4801 et
2106 4747 2210 4799 hoc
2244 4761 2341 4798 no-

756 4854 837 4906 bis
864 4853 917 4905 in
971 4850 1058 4903 liis
1086 4861 1204 4915 qua
1251 4844 1494 4914 quotidie
1525 4839 1807 4903 eveniunt,
1845 4836 2166 4890 admonitio.
2198 4833 2333 4889 Cum

754 4947 898 4999 enim
928 4943 1067 5011 quit"
1102 4955 1147 4993 in
1197 4938 1249 4992 in
1305 4937 1632 4990 tentationes
1685 4931 1949 4992 incidunt,
1987 4928 2144 4982 nobis
2186 4938 2341 4983 extra

756 5040 1112 5089 imitationem
1158 5030 1369 5099 positis,
1404 5041 1469 5079 ne
1524 5040 1622 5079 nos
1663 5020 2081 5078 sollicitudinem
2140 5030 2194 5074 et
2232 5036 2343 5073 me-

758 5140 870 5182 tunt
900 5126 1103 5196 utjusti
1146 5123 1491 5191 abjiciamus.
1519 5118 1672 5187 quasi
1728 5126 1986 5184 tauquam
2032 5113 2166 5183 justi
2237 5128 2345 5166 non

756 5224 929 5273 simus
962 5215 1181 5269 obnoxii
1216 5230 1230 5266 :
1257 5212 1349 5266 sed
1378 5226 1409 5265 e
1434 5210 1650 5264 diverso
1682 5207 1854 5274 magis
1884 5206 2180 5257 doceamur
2203 5208 2346 5272 quod

758 5314 810 5366 in
846 5312 948 5365 hoc
1002 5309 1293 5378 puniantur
1341 5305 1436 5367 illi,
1471 5312 1527 5357 ut
1583 5316 1679 5355 nos
1720 5300 1975 5353 meliores
2008 5296 2346 5352 eﬂlciamnr:

757 5406 898 5473 quod
940 5405 983 5456 si
1012 5416 1108 5454 nos
1133 5399 1467 5470 negligentes
1502 5396 1789 5457 fuerimus,
1828 5395 2101 5461 patiemur
2136 5396 2348 5463 gravis-

756 5510 915 5553 Dlilla.

2443 4676 2553 4712 των
2582 4658 2779 4726 ὀλίγων
2806 4657 2929 4719 τοὺς
2970 4655 3201 4719 πολλοὺς
3239 4655 3591 4719 ἐπαίδευσεν,
3630 4656 3713 4708 ὅτι
3770 4658 3867 4707 καὶ
3897 4655 4052 4709 αὐτοὶ

2440 4750 2511 4803 τὰ
2541 4750 2711 4821 χείρω
2750 4748 3027 4802 πείσονται
3064 4764 3079 4777 ·
3101 4747 3129 4799 ὁ
3162 4747 3261 4818 μὲν
3278 4747 3387 4817 γὰρ
3424 4747 3634 4818 πύργος
3668 4747 3770 4816 τῆς
3789 4747 3924 4816 ὅλης
3954 4748 4050 4798 πό-

2444 4844 2583 4907 λεως
2618 4844 2736 4896 ιστὶ
2757 4840 3134 4911 προτύπωσις,
3178 4842 3229 4894 οἱ
3263 4841 3321 4894 δὲ
3344 4842 3479 4894 δέκα
3502 4842 3596 4894 καὶ
3622 4841 3770 4894 ὀκτὼ
3795 4840 3893 4893 τοῦ
3928 4840 4048 4894 ὅλου

2447 4936 2656 4998 ἔθνους.
2697 4936 2977 5005 Πεσούσης
3020 4930 3113 4989 οὖν
3158 4935 3255 5006 τῆς
3303 4935 3516 4997 πόλεως
3568 4935 3673 4987 ὑπὸ
3712 4935 3906 4999 Τίτου,
3947 4938 4049 4988 πᾶν

2448 5031 2509 5082 τὸ
2560 5029 2712 5091 ἔθνος
2761 5029 3117 5082 συναπώλετο
3169 5032 3237 5099 τῇ
3291 5028 3524 5099 ἀπιστία
3569 5029 4051 5098 ὲναπομείναντες.

2448 5122 2621 5176 Τοῦτο
2649 5123 2788 5175 ἐστο.
2830 5124 2961 5193 ἡμῖν
2992 5122 3132 5192 πρὸς
3167 5123 3349 5175 πάντα
3374 5121 3442 5174 τά
3487 5121 3607 5173 καθ’
3638 5122 3855 5192 ἡμέραν
3891 5136 4053 5192 πρισ-

2452 5216 2721 5269 πίπτοντα
2782 5216 3058 5269 νουθεσία.
3116 5214 3202 5286 Μὴ
3264 5216 3375 5285 γὰρ
3415 5215 3602 5283 ἐπειδή
3648 5231 3796 5276 τινες
3845 5214 4055 5285 περιπί-

2455 5322 2726 5368 πτουσιν,
2784 5306 2945 5376 ἡμῶν
3002 5308 3361 5375 ὰπειράστων
3428 5306 4050 5374 καταλιμπανομένων,

2449 5399 2554 5468 ήδη
2601 5398 2761 5451 τοῦτο
2794 5402 2928 5468 ἡμῖν
2982 5400 3059 5460 είς
3111 5399 3452 5467 ἀμεριμνίαν
3490 5398 3732 5467 παντελῆ
3779 5400 3947 5464 ἔστω,
3980 5401 4051 5450 ὅτι

2456 5490 2527 5551 ὡς
2558 5492 2757 5543 δίκαιοι
2786 5492 3113 5561 ἁπείραττοι
3149 5492 3715 5560 καταλιμπανόμεθα,
3757 5494 3902 5545 ἀλλὰ
3936 5494 4052 5545 τού-

754 5588 967 5642 ναντίον
996 5584 1193 5652 μᾶλλον
1229 5580 1614 5650 παιδευόμεθα,
1646 5582 1728 5634 ὅτι
1770 5583 1861 5633 ἐπὶ
1924 5580 2100 5650 τούτῳ
2137 5580 2453 5643 κολάζονται
2516 5584 2737 5647 ἐκεῖνοι,
2768 5584 2852 5633 ἵνα
2907 5585 3069 5652 ἡμεῖς
3127 5582 3536 5653 βελτιωθῶμεν,
3602 5587 3650 5635 εἰ
3692 5583 3748 5636 δὲ
3798 5585 3874 5654 μὴ
3905 5627 3918 5645 ,
3991 5589 4052 5637 :‘1

756 5687 1003 5757 χείριστα
1044 5698 1133 5731 πει
1164 5680 1367 5750 ὁμεθα.

833 5780 993 5832 Vitis.
1036 5777 1151 5829 6—9.
1197 5793 1213 5825 ι
1258 5773 1475 5827 Dicebat
1504 5781 1555 5825 et
1582 5776 1718 5825 hanc
1758 5772 2204 5827 SlizllilllldlilC-il;
2242 5772 2341 5825 Ar-

759 5877 940 5928 borum
970 5872 1049 5924 iltl
1108 5869 1336 5924 habebat
1365 5868 1582 5936 quidam
1617 5868 1912 5936 plant-ataui
1945 5868 1992 5917 in
2036 5867 2187 5920 vinea
2223 5882 2343 5927 sua,

2528 5790 2544 5820 ι
2576 5771 2772 5836 Ἔλεγε
2802 5769 2853 5821 EE.
2885 5768 3209 5839 ταύτηντὴν
3234 5768 3557 5838 παραϐολήν
3580 5787 3593 5799 ·
3612 5771 3813 5841 Συκῆν
3842 5766 3952 5841 εἶχέ
3974 5786 4050 5831 τις

2460 5865 2516 5916 ἐν
2549 5863 2625 5928 τῷ
2648 5861 2934 5929 ἀμπελῶνι
2966 5860 3133 5913 αύτοῦ
3165 5862 3616 5931 πεφυτευμένην,
3645 5863 3741 5915 καὶ
3767 5859 3898 5935 ἦλθε
3960 5861 4047 5929 (ne
