4256 6432
244 426 359 491 913

889 428 1339 492 ENARRATIO
1382 428 1463 489 ΙΝ
1506 424 2015 489 EVANGELIUM
2068 428 2304 491 ιυαιι.
2338 454 2397 465 -
2430 431 2588 492 CAP.
2624 430 2800 491 XIII.

3439 421 3569 491 ’914

244 538 361 591 τῶν
406 538 621 611 καρπὸν
674 543 732 594 ἐν
778 541 940 612 αὐτῇ,
971 545 1064 595 καὶ
1087 546 1187 617 οὑχ
1224 540 1389 615 εῦρεν
1423 564 1433 575 ·
1469 539 1592 598 εἶπε
1618 544 1675 597 δὲ
1714 543 1852 613 πρὸς

1970 556 2006 597 :t
2040 546 2189 599 venit
2219 561 2473 615 quaerens
2521 547 2762 601 fructum
2815 546 2869 600 in
2931 544 3045 611 illa,
3076 552 3130 598 et
3180 559 3286 598 non
3335 542 3567 600 invenit.

244 632 345 683 τὸν
371 632 790 702 ἀμπελουργόν·
853 634 986 687 Ἰδοὺ
1032 638 1162 705 τρία
1210 638 1303 708 ἔτη
1374 632 1611 707 ἔρχομαι
1671 634 1853 705 ζητῶν

246 722 467 795 καρπὸν
497 723 557 774 ἐν
600 726 668 793 τῇ
703 727 842 796 συκῇ
876 725 1073 798 ταύτῃ,
1099 731 1196 783 καὶ
1233 730 1333 800 ούχ
1384 729 1659 799 εὑρίσκων
1691 727 1853 781 ἔκκο-

243 815 354 886 ψι.ν
416 815 611 888 αὐτὴν,
648 816 733 871 ῑνα
787 820 841 873 τί
888 822 985 875 καὶ
1027 821 1129 892 τὴν
1188 824 1292 891 γῆν
1347 824 1650 895 καταργεῖς
1686 823 1747 875 Ὀ
1797 821 1855 875 δὲ

247 906 580 977 ἀποκριθεὶς
639 910 788 977 λέγει
857 912 1051 981 αὐτῷ·
1096 913 1296 983 Κύριε,
1331 915 1471 983 ἄφες
1528 915 1703 988 αὐτὴν
1755 916 1853 968 καὶ

249 997 417 1051 τοῦτο
457 1000 520 1052 τδ
581 1000 721 1064 ἔτος.
762 1001 868 1066 ἕως
924 1004 1047 1057 ὅτου
1093 1005 1288 1075 σκάψω
1340 1008 1474 1077 περὶ
1533 1006 1708 1080 αὐτὴν
1759 1008 1855 1062 καὶ

252 1090 409 1161 βαλῶ
463 1092 673 1162 κοπρία
710 1133 725 1157 ,
793 1095 897 1149 κᾶν
961 1095 1064 1166 μὲν
1114 1100 1321 1171 ποιήσῃ
1380 1100 1598 1171 καρπόν
1632 1117 1647 1132 '
1692 1101 1741 1154 εί
1798 1101 1857 1155 δὲ

254 1184 429 1254 μήγε,
489 1186 570 1250 εις
605 1185 668 1240 τδ
720 1186 919 1258 μέλλον
968 1190 1230 1260 ἐκκόψεις
1274 1192 1470 1264 αὑτήν.
1512 1211 1532 1244 ι
1597 1192 1855 1248 Ἀκολού-

250 1274 366 1340 Om;
425 1278 638 1347 εἰσάγει
675 1280 776 1350 τὴν
835 1280 1165 1353 παραϐολὴν
1218 1284 1427 1355 ταύτην
1458 1299 1473 1314 ’
1508 1285 1703 1357 ἐπειδὴ
1748 1284 1857 1355 γὰρ

249 1364 431 1433 εἶπεν,
464 1370 561 1424 ,ὅτι
606 1372 735 1425 Ἐὰν
787 1372 861 1443 μὴ
898 1376 1275 1445 μετανοήσητε
1312 1417 1329 1443 ,
1378 1376 1671 1430 ἀπολεῖσθε
1696 1419 1710 1442 ,
1766 1377 1859 1431 Ei-

249 1462 432 1525 κότως
487 1462 977 1536 ἐπισυνάπτειτὴν
1030 1467 1354 1540 παραϐολὴν
1388 1470 1616 1541 ταύτην.
1666 1469 1858 1523 Ἐστιν

248 1553 351 1609 οῦν
383 1556 523 1625 συκῆ
559 1558 593 1628 ή
630 1557 795 1625 γενεά
824 1558 938 1613 τῶν
978 1560 1257 1615 Ἰουδαίων
1299 1562 1481 1633 φύλλα
1514 1566 1651 1635 μόνα
1684 1563 1859 1635 πικρά

248 1647 513 1714 ποιοῦσα,
553 1650 769 1720 καρπὸν
813 1651 871 1707 δὲ
918 1654 994 1723 μὴ
1047 1655 1394 1727 παρέχουσα.
1442 1658 1532 1711 Ἑν
1561 1657 1640 1729 τῷ
1670 1660 1856 1728 ἀμπε-

250 1740 387 1796 λῶνι
415 1741 473 1796 δέ
505 1742 597 1796 τοῦ
639 1742 777 1797 Θεοῦ
808 1745 1019 1809 ἵστατο,
1059 1750 1126 1818 τῇ
1168 1747 1415 1820 πολιτεία
1450 1752 1518 1820 τῇ
1562 1751 1854 1823 Ἰουδαϊκῇ.

263 1832 331 1889 ὐ
359 1834 752 1905 οἰκοδεσπότης
799 1838 829 1890 6
866 1838 1106 1907 Χριστὸς
1144 1840 1343 1907 ἐλθὼν,
1373 1844 1468 1895 καὶ
1503 1842 1686 1913 ζητῶν
1718 1859 1861 1913 καρ-

254 1925 359 1979 πὸν
388 1927 626 1991 πίστεως
670 1930 767 1981 καὶ
820 1928 1199 2001 άγαθοεργίας
1239 1935 1298 1983 ἐν
1352 1933 1514 2004 αὐτῇ,
1553 1934 1653 2005 οὐχ
1703 1929 1853 2007 εὗρε.

252 2017 399 2090 Τρία
426 2018 483 2072 δὲ
522 2019 620 2090 ἐτη
657 2018 814 2090 ἦλθε,
845 2023 934 2078 διὰ
964 2024 1233 2091 Μωσέως,
1281 2025 1371 2080 διὰ
1407 2028 1733 2098 προφητῶν,
1765 2029 1860 2085 καὶ

252 2111 320 2167 τδ
349 2114 531 2184 τρίτον
560 2114 634 2168 δι’
679 2115 907 2170 ἐαυτοῦο
949 2117 1181 2190 ὕστερον
1231 2123 1417 2192 μέντοι
1465 2123 1540 2193 μὴ
1588 2126 1861 2196 μετανοή-

255 2222 460 2272 σαντας
490 2208 717 2279 ἐξέκοψε
757 2213 854 2281 τῆς
882 2211 975 2266 τοῦ
1006 2212 1144 2267 Θεοῦ
1185 2215 1429 2284 ἀγάπης·
1490 2216 1594 2269 ούκ
1626 2216 1706 2269 ἐτι
1748 2216 1857 2287 γάρ

253 2296 408 2354 lbvo:
438 2302 668 2372 Κυρίου,
702 2302 794 2355 καὶ
826 2304 958 2369 λαὸς
985 2305 1143 2373 ᾶγιος
1172 2305 1465 2360 καλοῦνται
1488 2323 1503 2338 ⁸
1532 2310 1615 2371 είς
1639 2309 1731 2361 τὸν
1762 2308 1857 2362 τό-

255 2406 359 2444 πον
388 2391 444 2443 δὲ
492 2392 674 2445 αὐτῶν
714 2396 1160 2467 άντεισήχθησαν
1206 2398 1273 2452 τὰ
1308 2397 1437 2467 ἔθνη
1469 2398 1537 2452 τά
1580 2399 1859 2472 δυνάμενα

255 2489 656 2557 καρποφορεῖν.
697 2489 939 2560 Νοηοείη
974 2490 1020 2542 δ’
1056 2490 1123 2545 ἂν
1156 2492 1307 2563 καὶῆ
1338 2494 1604 2567 σύμπασα
1642 2494 1858 2567 ἀνθρω-

256 2575 435 2646 πότἠς
466 2580 603 2647 συκῆ
625 2596 639 2610 ο
672 2581 1065 2651 οἰκοδεσπότης
1087 2626 1101 2644 ,
1133 2584 1161 2636 6
1191 2582 1325 2646 Θεὸς
1357 2564 1677 2656 καὶἮατήρ
1701 2600 1714 2615 ’
1751 2564 1861 2657 άμ-

257 2667 564 2739 πελουργὸς
591 2670 648 2725 δὲ
693 2671 721 2723 6
756 2672 885 2736 Υίὸς
930 2673 1025 2727 τοῦ
1070 2674 1238 2728 Θεοῦ·
1272 2675 1637 2746 φιλοπονῆσαι
1670 2678 1728 2732 δὲ
1765 2679 1862 2731 καὶ

256 2762 575 2835 ἐκκαθᾶραι
618 2767 711 2819 τὸν
746 2768 1049 2838 ἀμπελῶνα
1092 2768 1253 2839 ἡμῶν
1305 2769 1619 2839 ἐνδημῆσας
1644 2768 1670 2802 λ
1701 2774 1862 2825 ἐκκο-

259 2855 432 2925 πῆναι
454 2857 659 2928 ταύτην
677 2858 773 2931 τὴν
798 2862 975 2932 συκῆν
1000 2860 1074 2924 ὡς
1097 2861 1350 2932 ἄκαρπον
1373 2862 1472 2916 ούκ
1492 2864 1558 2935 ἐᾷ
1578 2867 1605 2916 6
1627 2864 1862 2935 Χριστὸς

258 2949 487 3002 τοιαῦτα
514 2949 690 3019 λέγων
713 2971 729 2985 ο
767 2971 786 3003 ι
833 2954 1007 3022 Ἄφες
1047 2954 1220 3025 αὐτὴν
1250 2957 1346 3009 καὶ
1376 2956 1536 3010 τοῦτο
1567 2958 1628 3009 τὸ
1660 2958 1800 3021 ἔτος.
1838 2980 1857 3011 ι

260 3039 327 3094 Ei
360 3041 447 3095 διὰ
484 3042 651 3113 νόμου
684 3047 778 3098 καὶ
829 3047 1130 3117 προφητῶν
1164 3048 1265 3101 οὐκ
1296 3048 1732 3117 ἐϐελτιώθησαν,
1766 3052 1864 3105 καὶ

263 3134 556 3204 μετανοίας
597 3139 811 3205 καρπὸν
868 3139 969 3192 οὐκ
1020 3140 1333 3207 ἐπέδωκαν,
1391 3142 1533 3196 ἀλλά
1590 3160 1651 3211 γε
1706 3144 1863 3214 κάγὼ

1965 639 2108 693 Dixit
2147 650 2330 694 autem
2372 640 2439 693 ad
2490 641 2756 694 cultorem
2815 640 2986 693 vineae
3023 658 3035 693 :
3079 637 3218 691 Ecce
3263 637 3392 689 anui
3454 647 3565 690 tres

1960 742 2088 785 sunt
2141 733 2193 785 in
2228 748 2337 800 quo
2374 733 2529 785 venio
2558 773 2570 788 .
2611 746 2863 797 qumrens
2910 729 3147 783 fructum
3186 728 3239 782 in
3294 729 3394 781 lim
3440 729 3565 785 hac,

1961 832 2011 875 et
2053 838 2158 876 non
2207 824 2425 876 invenio
2470 840 2482 876 :
2527 823 2749 877 succide
2809 822 3002 875 illam:
3047 822 3111 873 ad
3157 820 3284 888 quid
3321 819 3399 871 vel
3459 827 3571 871 ter-

1962 929 2079 969 ram
2137 915 2419 983 occupat?
2460 917 2528 970 At
2569 914 2656 968 ille
2709 916 3051 983 respondens
3102 912 3238 966 dixit
3275 912 3348 965 illi
3401 929 3413 963 :
3466 912 3571 966 Dn-

1961 1004 2131 1070 tnine,
2188 1004 2306 1059 sine
2343 1005 2491 1058 illam
2536 1014 2591 1059 et
2646 1004 2749 1059 hoc
2815 1020 2959 1058 anno
3012 1004 3188 1057 donec
3234 1000 3425 1055 fodero
3471 1004 3572 1055 cir-

1961 1112 2086 1151 cum
2124 1096 2294 1162 illam,
2350 1106 2405 1152 et
2451 1098 2653 1152 misero
2708 1106 2948 1159 stercus,
2998 1106 3053 1150 et
3099 1095 3144 1151 si
3214 1095 3437 1164 quidem
3500 1098 3571 1146 Ιν-

1962 1190 2102 1245 cerit
2131 1190 2415 1245 fructum:
2470 1189 2556 1245 sin
2611 1188 2819 1255 minus,
2878 1190 2929 1241 in
2990 1195 3268 1257 posterum
3320 1187 3572 1241 succida

1964 1283 2137 1338 illam.
2184 1303 2203 1336 ι
2234 1282 2383 1337 Bona
2440 1280 2829 1351 consequentia
2880 1279 3195 1348 pat'ahulaut
3259 1278 3400 1333 haue
3443 1276 3570 1346 jutt-

1961 1376 2040 1445 git
2096 1393 2110 1429 :
2155 1384 2444 1447 postquam
2518 1374 2669 1430 enim
2756 1373 2944 1435 dixit,
3001 1370 3111 1425 Nisi
3173 1371 3515 1438 resipueritis
3552 1412 3567 1433 ,

1963 1469 2241 1540 peribitis,
2299 1468 2501 1523 merito
2549 1477 2603 1523 et
2654 1468 2814 1520 istam
2864 1465 3178 1536 parabolam
3238 1464 3445 1530 adjicit.
3478 1463 3579 1518 Est

1961 1560 2131 1633 385
2175 1560 2342 1631 igitur
2377 1559 2513 1615 ficus
2536 1599 2549 1623 ,
2602 1556 2915 1613 Iudaeorum
2950 1556 3229 1625 generatio
3266 1554 3394 1609 folia
3448 1563 3571 1607 tan-

1963 1663 2077 1708 tum
2120 1667 2309 1707 amara
2366 1650 2598 1714 faciens,
2636 1660 2688 1704 et
2729 1650 2935 1705 nullum
2992 1650 3228 1702 fructum
3265 1644 3571 1716 proferens.

1963 1745 2020 1801 In
2071 1746 2228 1801 vinea
2280 1755 2464 1799 autem
2510 1745 2602 1799 Dei
2642 1744 2831 1809 stetit,
2874 1756 3068 1810 nempe
3118 1742 3168 1795 in
3206 1739 3429 1795 Judaica
3487 1741 3571 1789 vi-

1965 1838 2124 1894 vendi
2158 1838 2395 1893 ratione.
2436 1836 2847 1892 Paterfamilias
2897 1846 3078 1888 autem
3115 1834 3370 1887 Christus
3427 1832 3575 1885 venit

1963 1942 2017 1987 et
2060 1932 2310 2002 quaesivit
2359 1930 2598 1986 fructum
2655 1929 2779 1984 fidei
2833 1929 3212 1996 bonorumque
3252 1941 3481 1996 operum
3517 1926 3570 1977 in

1963 2040 2049 2091 ea,
2082 2040 2148 2079 ac
2183 2040 2287 2079 non
2325 2024 2555 2078 invenit.
2601 2022 2803 2076 Tribus
2840 2030 3023 2074 autem
3063 2018 3221 2072 annis
3252 2020 3422 2081 venit,
3475 2033 3575 2087 per

1966 2117 2177 2182 Mosen,
2210 2133 2308 2189 per
2342 2118 2664 2187 prophetas,
2716 2125 2770 2170 et
2807 2131 2903 2184 per
2952 2115 3189 2183 seipsum
3245 2112 3409 2166 tertio
3455 2130 3468 2165 :
3520 2123 3577 2165 et

1964 2211 2090 2280 quia
2121 2210 2501 2280 paenitentiam
2543 2224 2648 2264 non
2675 2218 2925 2277 egerunt,
2970 2223 2998 2261 a
3031 2206 3321 2261 dilectione
3354 2204 3445 2259 Dei
3481 2219 3576 2258 cus

1965 2304 2205 2357 abiecuit
2248 2320 2259 2355 :
2300 2318 2405 2355 non
2459 2302 2600 2355 ultra
2632 2302 2778 2355 enim
2810 2315 2942 2369 gens
2976 2297 3189 2352 Domini
3239 2308 3291 2351 et
3344 2298 3576 2367 populus

1966 2406 2189 2454 sanctus
2226 2406 2467 2450 vocatur.
2509 2395 2561 2447 lu
2599 2394 2777 2449 locum
2806 2402 2988 2448 autem
3022 2407 3211 2447 eorum
3248 2391 3576 2445 introducta:

1968 2502 2099 2547 sunt
2133 2502 2350 2563 gentes,
2377 2507 2496 2561 qua:
2524 2489 2763 2544 fructum
2801 2487 2987 2543 facere
3013 2486 3214 2541 valent.
3251 2485 3577 2556 lntclligitur

1965 2597 2018 2643 et
2054 2601 2150 2658 per
2182 2587 2344 2641 ficum
2380 2594 2553 2639 totum
2588 2584 2889 2638 humanum
2944 2596 3114 2651 genus
3148 2599 3161 2635 ;
3201 2594 3299 2650 per
3329 2589 3572 2650 patrem-

1968 2680 2206 2735 familias
2236 2678 2401 2734 Pater
2435 2688 2488 2733 ct
2524 2678 2664 2733 Deus
2700 2695 2712 2732 :
2746 2691 2842 2746 per
2872 2675 3141 2730 cultorem
3172 2675 3369 2737 vineae,
3401 2672 3576 2727 Filius

1969 2770 2101 2837 Dei,
2142 2772 2232 2840 qni
2285 2770 2572 2824 nobiscum
2621 2767 3005 2837 peregrinatus
3040 2776 3124 2820 est
3174 2775 3233 2818 ut
3272 2764 3476 2819 coleret
3525 2776 3580 2818 et

1969 2872 2227 2932 purgaret
2274 2862 2510 2916 vineam.
2550 2860 2805 2917 Christus
2872 2869 3057 2915 autem
3112 2859 3274 2914 ficum
3325 2857 3473 2913 illam
3521 2871 3581 2915 ut

1970 2956 2213 3013 sterilem
2246 2955 2494 3012 exsecari
2534 2970 2638 3009 non
2669 2954 2825 3018 sinit,
2860 2955 3051 3009 dicens
3090 2973 3103 3010 :
3142 2974 3159 3005 ι
3197 2952 3329 3010 Sine
3354 2955 3502 3009 illam
3526 2965 3582 3007 et

1971 3050 2073 3105 hoc
2109 3064 2274 3105 anno.
2316 3067 2333 3101 ι
2372 3048 2524 3104 Licet
2554 3048 2697 3103 enim
2729 3063 2825 3118 per
2858 3046 3032 3117 legem
3058 3056 3115 3103 et
3143 3047 3442 3119 prophetas
3471 3064 3576 3102 non

1971 3138 2175 3197 fuerint
2210 3141 2342 3198 facti
2404 3140 2700 3206 meliores,
2738 3155 2916 3210 neque
2962 3139 3299 3209 pri-nitentia:
3336 3138 3577 3194 fructum

259 3228 377 3290 τοῖς
408 3227 563 3295 ἐμοῖς
595 3228 850 3298 ἀρζεύσω
882 3229 1113 3295 τούτους
1139 3233 1380 3303 δόγμασι
1412 3237 1511 3289 καὶ
1543 3236 1856 3307 παθήμασι,

1972 3234 2252 3290 fecerint:
2290 3243 2533 3289 attamen
2582 3250 2667 3289 me
2716 3234 2981 3304 irrigante
3023 3235 3158 3288 meis
3208 3232 3476 3287 doctrinis
3529 3244 3583 3287 et

259 3318 368 3373 κᾶν
408 3321 507 3391 μὲν
551 3324 821 3392 ποιήσωσι
853 3325 1069 3395 καρπὸν
1106 3326 1440 3393 εὐπειθείας,
1478 3327 1529 3381 εί
1560 3328 1617 3383 δέ
1661 3330 1742 3401 μή
1770 3347 1859 3398 γε,

258 3412 343 3473 είς
380 3414 441 3463 τὸ
482 3411 678 3481 μέλλον
732 3415 990 3484 ἐκκόψεις
1045 3414 1241 3487 αὐτὴν,
1297 3418 1397 3486 τῆς
1459 3417 1569 3473 τῶν
1628 3419 1863 3475 δικαίων

264 3507 485 3576 μερίδος
518 3507 769 3578 ἐκτεμὼν
800 3511 1024 3573 αύτούς.
1059 3512 1157 3565 Ἐκ
1186 3512 1374 3582 τρίτου
1418 3513 1477 3569 δὲ
1516 3514 1731 3586 καρπον
1760 3516 1861 3585 ζη-

255 3598 487 3669 τηθεῖσα
526 3602 561 3673 ἡ
600 3601 761 3670 φύσις
797 3603 980 3673 ἡμῶν,
1026 3604 1128 3658 οὐκ
1170 3606 1484 3659 ἐπέδωκεν
1518 3608 1668 3674 ἅπαξ
1723 3608 1859 3680 μὲν,

258 3693 351 3747 ὅτε
384 3696 440 3747 ἐν
472 3693 549 3766 τῷ
584 3697 905 3768 παραδείσῳ
935 3700 1037 3769 τὴν
1068 3700 1297 3769 ἐντολὴν
1326 3701 1659 3773 παρέσημεν
1681 3721 1694 3735 ⁸
1734 3704 1863 3758 δεύ-

259 3802 422 3855 τερον
451 3787 529 3853 δὲ,
561 3788 651 3841 ὅτε
698 3791 757 3842 ἐν
809 3789 889 3861 τῷ
943 3791 1094 3862 νόμῳ
1147 3794 1628 3865 ἐμοσχοποίησαν,
1691 3818 1709 3850 ι
1767 3801 1863 3853 καὶ

258 3878 567 3950 ἠλλάξαντο
596 3882 698 3953 τὴν
729 3880 891 3951 δόξαν
916 3884 1013 3939 τοῦ
1041 3885 1181 3940 Θεοῦ
1214 3890 1271 3942 ἐν
1305 3887 1619 3962 ὁμοιώματι
1656 3890 1862 3964 μόσχου

260 3971 552 4037 ἐσθίοντος.
582 3975 799 4046 χόρτον.
842 3997 861 4029 ι
918 3978 1030 4032 Καὶ
1081 3980 1294 4050 τρίτον,
1347 3983 1438 4036 ὅτε
1489 3983 1582 4037 τὸν
1633 3986 1864 4059 Σωτῆρα

262 4064 363 4119 καὶ
429 4067 636 4139 Κύριον
684 4071 1113 4142 παρῃτήσαντο,
1169 4073 1438 4137 εἰπόντες*
1495 4077 1612 4129 Οὐκ
1658 4077 1864 4149 ἔχομεν

264 4154 514 4227 βασιλέα,
556 4161 603 4213 εί
634 4159 709 4232 μὴ
737 4161 1013 4234 Καίσαρα.
1046 4165 1160 4219 Καὶ
1199 4166 1226 4218 6
1260 4166 1385 4221 καθ’
1415 4166 1514 4221 ἕνα
1564 4168 1639 4235 δὲ,
1668 4172 1862 4243 ἡμῶν,

265 4250 409 4321 συκῆ
443 4253 593 4307 ἐστιν
622 4254 680 4307 ἐν
703 4253 783 4325 τῷ
807 4256 1206 4325 ἁμπελῶνιτοῦ
1238 4261 1400 4325 Θεοῦ,
1432 4266 1499 4333 τῇ
1527 4263 1861 4338 Ἐκκλησία,

262 4343 298 4414 ἢ
352 4343 543 4405 ἁπλῶς
579 4347 788 4413 εἰπεῖν,
840 4348 917 4421 τῷ
950 4350 1145 4421 κόσμῳ
1198 4352 1375 4422 τούτῳ
1424 4357 1863 4425 πεφυτευμένος.

266 4438 531 4509 Ἔρχεται
558 4438 653 4494 οῦν
680 4438 865 4512 ζητῶν
905 4442 1122 4515 καρπὸν
1153 4445 1181 4497 6
1205 4444 1360 4510 Θεὸς,
1387 4448 1482 4500 καὶ
1512 4448 1609 4501 ἐάν
1634 4449 1772 4522 εὕρῃ
1803 4469 1862 4506 σε

259 4531 515 4601 ἄκαρπον
536 4574 550 4595 ,
586 4534 892 4604 ἐκκοπῆναι
927 4537 1021 4591 τοῦ
1056 4536 1173 4607 βίου
1213 4539 1406 4593 τούτου
1441 4544 1806 4611 προστάττει·
1836 4546 1867 4600 6

1973 3326 2320 3396 passionibus
2359 3325 2645 3394 fortassis;
2676 3323 2883 3381 facient
2934 3323 3173 3381 fructum
3232 3325 3581 3380 obedientiam

1976 3418 2072 3474 Sin
2111 3420 2314 3487 minus,
2351 3419 2405 3472 in
2438 3426 2776 3491 postremmn
2807 3417 3096 3473 exsecabis
3144 3417 3314 3483 illam,
3344 3420 3584 3474 exsectis

1974 3512 2082 3568 illis
2108 3526 2137 3566 a
2170 3511 2447 3582 iustorum
2483 3511 2727 3581 regione.
2768 3508 2877 3566 Ter
2910 3521 3092 3565 autem
3122 3515 3409 3580 quaesitum
3446 3513 3497 3564 in
3524 3528 3586 3566 se

1974 3604 2212 3660 fructum
2251 3614 2445 3675 natura
2484 3615 2673 3658 nostra
2706 3620 2815 3659 non
2854 3605 3024 3660 dedit.
3064 3604 3308 3659 Primum
3342 3610 3490 3660 enim
3528 3607 3581 3661 in

1974 3698 2228 3767 paradiso
2253 3697 2570 3751 mandatum
2596 3697 2935 3765 prtcvaricati
2971 3713 3161 3752 sumus
3193 3715 3204 3750 :
3234 3698 3432 3753 deinde
3461 3714 3583 3752 cum

1975 3789 2197 3842 daretur
2228 3787 2336 3854 lex,
2373 3788 2546 3842 vitulo
2580 3787 2744 3853 facto,
2780 3807 2799 3841 t
2836 3798 3043 3843 mutata
3078 3801 3160 3842 est
3193 3790 3367 3860 gloria
3403 3790 3495 3845 Dei
3532 3792 3583 3845 itt

1974 3882 2392 3939 similitudinem
2426 3883 2578 3937 vituli
2628 3883 2969 3939 comedentis
3014 3882 3197 3940 fenum
3227 3886 3268 3917 "
3315 3903 3362 3941 ι.
3401 3885 3587 3941 'l‘rrtio

1974 3978 2194 4050 quando
2243 3978 2505 4034 Dominus
2560 3988 2615 4034 et
2670 3977 2923 4035 Salvator
2962 3980 3267 4050 abnegatus
3305 3991 3389 4035 est
3427 3996 3455 4033 a
3505 3981 3586 4032 di-

1975 4072 2251 4135 centibus,
2306 4068 2425 4125 Non
2480 4071 2750 4126 habemus
2804 4087 2985 4142 regem
3025 4073 3127 4125 nisi
3185 4072 3486 4127 Caesarem.
3522 4068 3590 4122 Et

1978 4163 2356 4234 unusquisque
2396 4172 2647 4219 nostrum
2682 4164 2818 4219 licus
2866 4175 2950 4220 est
2980 4166 3034 4220 in
3066 4167 3222 4221 vinea
3260 4166 3499 4232 Domini,
3535 4167 3587 4219 itt

1976 4258 2221 4314 Ecclesia
2248 4258 2503 4325 «scilicet,
2538 4258 2619 4314 vel
2652 4258 2980 4329 simpliciter
3011 4261 3265 4327 dicendo,
3300 4262 3350 4314 in
3386 4261 3591 4313 mundo

1978 4351 2082 4406 hoc
2112 4350 2381 4421 plautata.
2412 4347 2576 4406 Venit
2618 4349 2785 4421 igitur
2813 4351 2959 4407 Deus
2990 4367 3246 4421 quaerens
3296 4352 3537 4407 fructum
3573 4368 3585 4403 :

1974 4453 2030 4500 et
2060 4445 2107 4499 si
2139 4445 2415 4501 invenerit
2443 4458 2494 4500 te
2519 4446 2727 4513 absque
2772 4444 2976 4512 fructu,
3036 4445 3192 4516 jubet
3258 4456 3317 4501 ut
3363 4461 3428 4501 ex
3489 4446 3594 4501 hac

1978 4538 2087 4591 vita
2123 4536 2404 4594 exseceris
2458 4552 2474 4603 ;
2526 4548 2583 4591 at
2617 4538 2795 4591 cultor
2847 4539 3023 4593 vineae
3078 4538 3352 4607 supplicat
3388 4548 3448 4592 ut
3494 4538 3593 4592 tibi

260 4621 320 4677 δέ
350 4626 739 4694 ἀμπελουργὸς
768 4627 1004 4682 ἱκετεύει
1049 4630 1371 4699 φείσασθαι.
1414 4633 1511 4696 Τίς
1541 4632 1601 4687 δὲ
1627 4635 1655 4687 6
1688 4637 1862 4707 ἀμπε-

1981 4640 2257 4701 parcatur.
2291 4630 2428 4697 Quis
2460 4641 2645 4687 autem
2700 4630 2790 4685 ille
2826 4631 3009 4686 cultor
3041 4631 3251 4686 vincte?
3307 4628 3406 4686 Vel
3459 4647 3595 4686 suus

261 4714 531 4788 λουργόςς
573 4720 644 4773 Ἣ
675 4721 704 4774 6
730 4720 965 4789 ἄγγελος
998 4727 1027 4776 6
1064 4723 1297 4777 ἑκάστου
1331 4724 1540 4794 φύλαξ,
1574 4726 1607 4799 ἢ
1641 4730 1738 4783 καὶ
1770 4730 1869 4783 αύ-

260 4811 354 4872 τὸς
382 4813 412 4864 6
441 4810 730 4883 ἄνθρωπος
757 4830 771 4844 ·
818 4813 1049 4879 ἕκαστος
1096 4816 1207 4888 γὰρ
1258 4818 1425 4881 αὐτὸς
1475 4820 1659 4891 ἐαυτῷ
1688 4822 1869 4891 ἀμπε-

261 4901 516 4974 λουργός.
560 4906 829 4971 Πολλάκις
879 4907 974 4961 οῦν
1019 4909 1355 4980 ἀρρωστίαις
1392 4911 1790 4979 Θανατώδεαιν,
1831 4917 1867 4987 ἦ

262 4990 448 5056 ἄλλοις
478 4994 744 5060 κινδύνοις
775 4999 1191 5069 περιπεσόντες,
1221 5002 1416 5070 Ἀφες,
1460 4996 1505 5055 ὦ
1539 5004 1739 5077 Κύριε,
1770 5006 1863 5061 λέ-
1904 5006 1909 5011 ’

264 5100 460 5158 γομεν,
498 5088 594 5141 καὶ
624 5087 791 5143 τοῦτο
822 5090 882 5144 τὸ
909 5091 1050 5157 ἔτος,
1091 5096 1187 5147 καὶ
1233 5096 1676 5168 μετανοήσομενο
1710 5098 1871 5155 τοῦτο

264 5179 380 5250 γὰρ
412 5180 567 5251 δηλοῖ
594 5181 657 5235 τὸ
697 5183 928 5255 σκάψαι,
964 5186 1064 5239 καὶ
1114 5187 1437 5259 περιϐαλεῖν
1468 5190 1697 5263 κοπρίᾳ.
1724 5193 1870 5247 Σκά-

267 5288 472 5327 πτεται
504 5274 603 5345 μὲν
633 5276 743 5346 γὰρ
769 5276 803 5345 ἡ
830 5276 1002 5348 ψυχὴ,
1024 5278 1167 5331 ’ὅταν
1196 5280 1288 5333 τδν
1310 5280 1439 5351 χοῦν
1459 5282 1568 5335 τῶν
1596 5282 1872 5353 βιωτικῶν

267 5366 571 5438 φροντίδων
601 5369 1069 5443 ἁποτινάσσηται.
1120 5373 1215 5427 καὶ
1254 5374 1610 5446 κουφίζηται.
1648 5377 1873 5449 Κύπρια

265 5458 324 5514 δέ
358 5460 500 5533 αὐτῇ
547 5461 997 5533 περιϐάλλονται,
1041 5467 1073 5537 ἢ
1122 5470 1221 5539 τῆς
1262 5470 1597 5542 ἀτιμοτέρας
1637 5472 1867 5543 ἀγωγῆς

264 5554 363 5609 καὶ
406 5554 559 5627 παρὰ
595 5558 817 5612 πάντων
847 5563 1351 5634 καταπατουμὲνης
1391 5563 1669 5638 θερμότης
1698 5584 1711 5599 ο
1740 5568 1874 5621 ὅταν

265 5647 377 5719 γάρ
404 5665 493 5712 τις
533 5650 644 5703 ἀπὸ
669 5651 829 5723 δόξης
858 5655 939 5717 εἰς
970 5652 1161 5720 ἄδοξον
1204 5656 1321 5728 βίον
1363 5659 1559 5713 ἐαυτὸν
1605 5660 1879 5733 ἐπιῤῥίψῃ

266 5738 361 5795 διά
392 5739 493 5811 τὴν
520 5741 624 5811 τῆς
655 5740 840 5812 ψυχῆς
888 5747 1190 5820 σωτηρίαν,
1220 5749 1428 5823 κόπρια
1455 5751 1676 5823 λέγεται
1715 5770 1874 5827 περι-

351 5926 389 5956 ⁶¹
430 5926 573 5986 ΡδόΙ.
602 5948 690 6002 CV,
726 5933 818 5990 20.

1978 4724 2248 4796 cujusque
2283 4733 2471 4781 custos
2501 4724 2748 4797 angelus,
2788 4724 2872 4781 vel
2902 4726 3066 4779 etiam
3106 4728 3268 4780 homo
3292 4727 3444 4796 ipse:
3474 4741 3589 4781 sua:

1978 4825 2126 4878 enim
2160 4823 2336 4879 vinea:
2365 4822 2603 4893 quisque
2629 4821 2808 4877 cultor
2838 4832 2948 4877 est.
2987 4822 3144 4892 Saepe
3176 4822 3343 4893 igitur
3378 4838 3502 4876 cum
3537 4823 3591 4876 in

1976 4916 2207 4972 lethales
2244 4916 2467 4971 morbos
2508 4915 2592 4969 vel
2626 4898 2732 4969 alia
2770 4914 3011 4985 pericula
3045 4915 3337 4968 incidimus
3374 4932 3385 4966 :
3434 4914 3590 4978 Sine,

1977 5025 2010 5064 ο
2058 5007 2309 5074 Domine,
2337 5007 2598 5073 dicimus,
2649 5007 2815 5062 etiam
2854 5008 2958 5061 hoc
2988 5022 3153 5073 anno,
3224 5017 3279 5062 et
3321 5009 3597 5075 paeniten-

1982 5102 2113 5155 tiam
2142 5116 2391 5171 agemus.
2424 5098 2538 5155 Hoc
2573 5101 2719 5156 enim
2762 5100 3039 5171 significat
3068 5098 3258 5155 fodere
3289 5110 3346 5156 et
3376 5102 3599 5157 mittere

1977 5194 2123 5250 circa
2156 5193 2306 5248 illam
2343 5204 2580 5249 stercus.
2612 5192 2840 5248 Foditur
2883 5193 3087 5263 quippe
3129 5194 3335 5257 anima,
3374 5196 3596 5263 quando

1981 5287 2267 5342 decutitur
2290 5287 2675 5356 temporalium
2703 5285 3189 5356 curarumpulvis,
3216 5295 3271 5342 et
3302 5286 3597 5341 alleviatur

1981 5381 2120 5451 ipsa.
2161 5380 2394 5437 Stercus
2426 5396 2556 5436 vero
2610 5380 2955 5451 circumponi
3011 5380 3194 5449 signat
3232 5379 3506 5435 fervorem
3542 5388 3595 5435 et

1982 5473 2335 5530 severitatem
2372 5474 2426 5527 in
2461 5472 2545 5526 via
2594 5472 2797 5536 viliori,
2832 5470 3169 5541 pmnitentite
3199 5470 3429 5533 scilicet,
3474 5486 3596 5538 quae

1984 5568 2053 5625 ab
2086 5566 2343 5624 omnibus
2372 5568 2763 5622 conten-hitur.
2816 5566 3048 5634 Quando
3074 5565 3219 5621 enim
3245 5564 3369 5633 quis
3418 5580 3445 5616 a
3477 5565 3593 5633 glo-

1987 5662 2069 5717 ria
2104 5661 2156 5716 in
2194 5660 2361 5714 vitam
2413 5658 2703 5730 inglorium
2739 5672 2798 5712 se
2836 5657 3081 5712 demittit
3117 5664 3340 5726 propter
3360 5652 3597 5711 salutem

1986 5753 2207 5821 anitum,
2264 5761 2480 5809 stercus
2517 5751 2667 5808 circa
2720 5750 2956 5805 animam
3014 5750 3230 5804 mittere
3277 5747 3482 5803 dicitur
3530 5748 3599 5801 ad
