4256 6432
769 399 876 468 915

1676 395 2258 462 THEOPHYLACTI
2303 394 2720 457 BULGARhE
2757 395 2990 455 ARCHI
3008 396 3113 454 ΕΡ,

3922 392 4028 456 916

769 511 870 565 hoc
908 518 964 563 ut
1021 511 1251 564 lrnetum
1294 510 1471 563 faciat.
1523 510 1576 563 Si
1630 510 1849 578 quidem
1900 506 2194 563 fecerimus
2229 504 2344 559 frn-

2449 501 2640 558 ϐαλεῖν
2683 506 2749 574 τῇ
2794 503 2942 573 ψυχῇ
2994 504 3129 572 πρὸς
3186 501 3245 553 τὸ
3295 501 3758 572 καρποφορῆσαι·
3815 498 3916 552 ιάν
3952 502 4049 569 μιν

766 615 915 657 ctum
956 623 969 657 :
1009 604 1092 657 sin
1132 604 1332 667 minus,
1364 619 1470 658 non
1500 604 1639 657 ultra
1667 603 1925 671 relinquit
1964 616 2062 657 nos
2093 600 2149 655 in
2189 600 2344 656 vinea

765 710 861 747 sua
886 732 902 760 ,
943 696 1037 749 sed
1071 703 1288 748 exsecat
1320 708 1347 748 a
1387 694 1609 760 mundo,
1664 704 1720 747 nt
1760 708 1828 747 ne
1861 692 2067 747 frustra
2102 688 2346 760 occupe-

767 804 886 841 mus
921 788 1117 842 locum.
1154 787 1500 842 Peecatorem
1528 788 1670 843 enim
1702 786 1825 854 quis
1850 784 2040 840 videns
2068 784 2160 838 diu
2189 783 2343 839 σεσο-

768 890 994 943 rentem,
1028 879 1335 942 offenditur,
1395 890 1448 933 et
1498 878 1650 948 pejor
1686 880 1747 933 fit
1794 895 1808 935 :
1843 888 1898 933 et
1936 878 2016 932 sic
2072 877 2345 933 invenitur

764 978 1021 1035 peccator
1048 986 1221 1039 neque
1249 971 1363 1039 ipse
1393 968 1624 1023 fructum
1658 968 1898 1033 faciens,
1924 978 1981 1025 et
2015 967 2180 1023 alium
2209 982 2345 1036 quo-

760 1078 867 1131 que
909 1062 1206 1132 impediens
1262 1077 1327 1114 ne
1361 1062 1528 1133 386
1577 1061 1813 1117 fructum
1871 1061 2057 1115 faciat.
2096 1061 2248 1128 Quod
2297 1060 2341 1114 si

759 1164 1045 1207 exsecetur
1074 1168 1134 1206 ex
1197 1156 1299 1205 hac
1341 1154 1473 1217 vita,
1529 1153 1776 1209 fortassis
1826 1155 1861 1206 ii
1913 1154 2002 1222 qui
2061 1161 2340 1207 exsectum

762 1246 1015 1308 \idel'ittt,
1042 1248 1142 1300 IIOC
1174 1248 1358 1300 animo
1388 1262 1572 1301 secum
1606 1246 2023 1315 perpendentes,
2054 1244 2341 1298 mutabun-

759 1348 846 1391 tur
875 1350 926 1391 et
962 1338 1195 1393 fructum
1226 1338 1447 1392 facient.
1484 1338 1681 1393 Tribus
1714 1348 1894 1391 autem
1932 1336 2090 1390 annis
2143 1335 2344 1389 dicitur

762 1430 1151 1496 paterfamilias
1201 1432 1380 1483 vinire
1450 1431 1517 1484 ad
1573 1431 1767 1493 ticum,
1820 1429 2068 1485 fortassis
2120 1436 2342 1498 propter

757 1538 867 1579 tres
898 1527 1040 1592 leges
1070 1540 1205 1595 quas
1246 1526 1403 1579 nobis
1433 1524 1577 1577 dedit
1613 1534 1666 1579 et
1714 1525 1911 1594 quibus
1942 1522 2008 1577 ad
2060 1537 2161 1577 nos
2192 1521 2341 1574 venit

760 1618 1054 1680 Dominus,
1104 1632 1221 1684 qum
1272 1627 1398 1671 sunt
1454 1618 1748 1682 naturalis,
1802 1616 2024 1684 legalis,
2069 1623 2125 1669 et
2177 1613 2341 1684 spiri-

758 1709 937 1765 tualis.
970 1708 1261 1777 Oportebat
1292 1724 1423 1764 sane
1456 1725 1554 1763 nos
1579 1708 1810 1762 naturali
1838 1707 1954 1777 lege
1978 1704 2341 1760 commonitos

756 1804 989 1856 fructum
1045 1802 1222 1855 facere
1272 1822 1283 1856 :
1344 1818 1468 1855 nam
1528 1811 1720 1856 natura
1771 1802 1933 1855 docet
1976 1800 2106 1869 quid
2159 1797 2339 1852 facere

2449 596 2542 649 οὖν
2571 599 2889 667 ποιήσωμεν
2927 594 3159 663 καρπὸν,
3192 595 3240 647 εί
3261 593 3317 647 δὲ
3366 595 3535 664 μήτε,
3585 592 3772 648 ούκίτι
3806 594 4037 662 ἀφίησιν

2451 692 2599 761 ἡμᾶς
2630 692 2691 743 εν
2732 689 2809 759 τῷ
2848 687 3135 759 ἀμπελῶνι
3165 686 3370 752 αὑτοῦ,
3421 687 3539 741 ἀλλ’
3571 688 3835 742 ἐκκόπτει
3889 686 4045 741 τοῦδε

2448 782 2545 834 τοῦ
2581 781 2813 851 κόσμου,
2844 782 2933 834 ἶνα
2960 780 3037 851 μὴ
3060 779 3430 854 καταργῶμεν
3458 779 3550 833 τδν
3577 781 3746 834 τόπον
3766 797 3782 813 ο
3815 779 3915 833 τὸν
3938 778 4044 851 γὰρ

2452 871 2780 942 ἁμαρτωλὸν
2813 871 3250 942 πο).υχρονοῦντα
3283 870 3501 941 βλέπων
3546 888 3633 935 τις
3654 910 3670 934 ,
3711 870 4040 940 βλάπτεται,

2450 966 2543 1018 καὶ
2576 963 2778 1035 χείρων
2808 966 3020 1033 γίνεται
3041 982 3053 994 ο
3089 966 3184 1019 καὶ
3217 964 3394 1028 οὔτως
3445 965 3765 1035 εὑρίσκεται
3802 968 3831 1017 6
3861 966 4044 1035 ἀμαρ-

2447 1058 2617 1122 τωλδς
2663 1045 2807 1130 μήτε
2858 1059 3023 1123 αὐτὸς
3074 1060 3476 1130 καρποφορῶν,
3532 1058 3629 1112 καὶ
3664 1057 3815 1127 ἄλλῳ
3866 1060 4042 1127 ἀμποο

2446 1152 2610 1217 δίζων
2636 1152 2928 1223 δυναμένῳ
2974 1156 3370 1224 καρποφορεῖν.
3419 1153 3480 1207 Ei
3526 1153 3585 1207 δὲ
3620 1154 3836 1222 ἐκκοπῇ
3884 1149 4041 1206 τοῦδε

2446 1243 2542 1297 τοῦ
2584 1244 2738 1315 βίου,
2792 1245 2936 1315 τάχα
2988 1246 3038 1297 οῖ
3095 1244 3407 1299 ἐκκοπέντα
3455 1244 3621 1297 αὐτὸν
3674 1243 3921 1306 ίδὸντες,
3967 1244 4043 1305 εἰς

2448 1336 2808 1407 συναίσθησιν
2854 1337 3167 1407 ἐρχόμενοι.
3208 1335 3643 1405 μεταϐαλοῦνται
3692 1336 3788 1388 καὶ
3836 1352 4045 1402 καρπο-

2446 1429 2771 1498 φορήσουσι.
2822 1428 2963 1498 Τρία
3014 1427 3071 1481 δι
3104 1428 3198 1497 ετη
3252 1427 3473 1496 λέγεται
3520 1427 3782 1498 ἔρχεσθαι
3828 1428 3856 1481 6
3898 1427 4044 1480 οῖκο-

2445 1517 2721 1589 δεσπότης
2746 1520 2840 1572 επὶ
2869 1518 2968 1589 τὴν
3004 1520 3199 1589 συκῆν,
3230 1518 3375 1590 τάχα
3407 1520 3506 1590 μὶν
3536 1521 3632 1573 καὶ
3668 1518 3757 1573 διὰ
3799 1519 3863 1571 τδ
3897 1519 4043 1589 τρεῖς

2445 1605 2584 1664 εἶναι
2628 1611 2753 1675 τοὺς
2798 1611 3124 1681 δεδομένους
3172 1615 3305 1682 ἡμῖν
3340 1612 3560 1681 νόμους,
3614 1612 3683 1664 δι’
3714 1607 3791 1666 ὧν
3818 1611 4041 1682 ιρχετσι

2447 1700 2583 1769 πρὸς
2627 1698 2776 1771 ἡμᾶς
2808 1703 2838 1753 6
2883 1700 3126 1769 Κύριος·
3183 1701 3291 1754 εἰσὶ
3337 1700 3395 1752 δὲ
3430 1696 3597 1765 οὗτοι,
3643 1703 3671 1753 6
3718 1702 3984 1770 φυσικὸς,
4015 1701 4041 1753 6

2444 1792 2701 1862 νομικὸς,
2758 1794 2851 1846 καὶ
2905 1795 2932 1845 6
2977 1793 3371 1862 πνευματικός.
3427 1794 3576 1846 Ἔδει
3639 1793 3740 1863 μὲν
3794 1793 3910 1861 γὰρ
3965 1792 4038 1860 τῷ

754 1904 1005 1959 oporteat
1042 1913 1053 1946 :
1085 1905 1139 1947 at
1170 1896 1293 1962 quia
1331 1896 1381 1948 in
1418 1895 1577 1949 nobis
1630 1893 1929 1947 naturalem
1975 1891 2181 1945 invenit
2211 1889 2335 1944 inu-

2446 1856 2665 1954 φυσίκῷ
2690 1856 2847 1953 νόμῳ
2891 1856 3321 1953 παιδευομένους
3368 1884 3518 1953 ἡμᾶς
3564 1856 3966 1953 καρποφορεῖν·

756 1987 928 2049 tilem,
957 1987 1097 2039 dedit
1124 1998 1171 2041 et
1204 1986 1490 2040 Mosaicam
1524 1986 1694 2055 legem
1724 1994 1933 2039 natura:
1963 1982 2291 2052 adjutricem
2319 2000 2333 2035 ι

754 2094 873 2146 quae
922 2095 1044 2132 cum
1107 2089 1161 2132 et
1206 2081 1315 2146 ipsa
1368 2080 1583 2131 inventa
1627 2088 1710 2132 est
1757 2075 2072 2143 infrngifera
2118 2084 2339 2143 propter

757 2181 995 2223 nostram
1026 2171 1312 2232 desidiam,
1344 2173 1552 2226 addidit
1581 2182 1633 2225 et
1655 2170 2019 2239 spiritualem.
2047 2168 2151 2225 Ubi
2174 2169 2338 2238 igitur

757 2275 869 2317 tres
906 2264 1009 2317 illa:
1043 2280 1147 2317 non
1185 2264 1463 2319 meliorem
1511 2264 1848 2319 reddiderint
1882 2264 2186 2333 cujuspiam
2223 2263 2340 2317 ani-

759 2372 926 2421 mam,
964 2373 1137 2425 neque
1173 2358 1586 2425 longanimitate
1626 2368 1679 2411 et
1727 2358 2099 2412 misericordia
2151 2354 2243 2411 Dei
2283 2354 2341 2408 fit

753 2447 1114 2507 eiiiendatior.
1151 2459 1275 2500 tunc
1305 2457 1487 2514 postea
1522 2462 1743 2501 mouere
1772 2462 1876 2501 non
1906 2447 2045 2499 ultra
2084 2446 2285 2502 sinitur
2324 2464 2336 2500 :

760 2555 866 2591 non
912 2540 1057 2592 enim
1113 2538 1255 2592 Deus
1286 2553 1430 2605 sa‘pe
1462 2536 2038 2607 procrastinationibus
2070 2534 2335 2590 illuditnr.

750 2631 887 2694 Quid
920 2639 1097 2684 autem
1129 2632 1172 2685 si
1211 2647 1305 2699 per
1335 2642 1446 2684 tres
1502 2645 1673 2685 annos
1722 2640 1941 2685 :etatum
1978 2640 2151 2684 status
2181 2628 2340 2683 intel—

751 2700 920 2790 ligas?
954 2720 1284 2787 Pueritiam,
1343 2723 1443 2775 hoc
1496 2731 1580 2777 est
1628 2722 2049 2777 adolescentiam
2117 2732 2245 2776 octo
2286 2731 2340 2775 et

756 2814 949 2865 decem
1003 2826 1269 2865 annorum
1314 2831 1326 2864 :
1384 2813 1618 2876 virilem,
1659 2822 1713 2865 et
1761 2812 1976 2867 tertiam
2026 2827 2212 2865 eorum
2248 2812 2339 2882 qui

748 2905 860 2971 jam
892 2904 1164 2973 incipiunt
1208 2904 1325 2958 fieri
1359 2906 1547 2959 vetuli.
1592 2905 1821 2970 Quando
1869 2906 2035 2975 igitur
2080 2907 2133 2962 in
2178 2906 2341 2961 tertio

753 3012 916 3062 anno,
952 2996 1053 3051 hoc
1075 3009 1159 3052 est
1206 3008 1448 3059 senecta,
1475 3013 1581 3052 non
1606 2998 1802 3052 damus
1828 2999 2057 3065 fructus,
2082 3007 2136 3053 et
2163 2998 2342 3053 adhuc

754 3092 1123 3159 permittimur
1158 3091 1340 3146 vivere
1390 3102 1449 3144 ut
1506 3089 1827 3155 adjiciamus
1880 3102 2114 3156 stercus,
2171 3089 2336 3144 vilem

2442 1975 2550 2043 γὰρ
2583 1972 2743 2041 φύσις
2771 1973 2939 2043 αὐτὴν
2967 1973 3208 2027 διδάσκει
3242 1974 3303 2026 τὸ
3326 1974 3473 2027 δέον’
3515 1976 3637 2027 επεὶ
3664 1975 3721 2027 δὲ
3761 1973 4042 2043 ἄχρηστον

2442 2057 2603 2131 εὗρεν
2647 2067 2705 2117 ἐν
2759 2068 2889 2135 ἡμῖν
2923 2066 3013 2117 τὸν
3065 2066 3319 2133 φυσικὸν,
3380 2066 3549 2119 ἔδωκε
3594 2067 3687 2118 τὺν
3738 2065 4043 2119 Μοισαῖκδν

2446 2157 2639 2228 βοηθὸν
2672 2158 2767 2211 τοῦ
2811 2157 3046 2225 φυσικοῦ
3077 2160 3246 2228 νόμου
3272 2176 3285 2189 ·
3338 2158 3414 2221 ὡς
3442 2158 3499 2211 δὲ
3539 2159 3628 2210 καὶ
3662 2152 3821 2217 οὗτος
3861 2157 4038 2225 ἀχρη-

2443 2268 2564 2313 στος
2596 2251 2683 2303 διὰ
2714 2250 2811 2321 τὴν
2845 2250 3118 2322 ρᾳθυμίαν
3169 2250 3327 2320 ἡμῶν
3366 2250 3685 2321 εὑρίσκετο.
3734 2248 3925 2301 δίδωσι
3955 2249 4044 2301 τ“.ν

2449 2344 2816 2412 πνευματικόν
2866 2345 2995 2395 ὅταν
3018 2340 3111 2397 οῧν
3141 2346 3189 2396 οῖ
3219 2344 3367 2411 τρεῖς
3396 2338 3543 2395 οὗτοι
3574 2342 3650 2412 μὴ
3676 2340 4036 2411 βελτιὼσουσι

2442 2439 2542 2507 τήν
2565 2455 2706 2501 τινος
2739 2437 2937 2509 ψιχὴν,
2968 2437 3102 2507 μηδὲ
3132 2437 3238 2490 ὑπὸ
3264 2438 3363 2507 τῆς
3393 2437 3750 2509 μακροξωίας
3778 2438 3877 2490 καὶ
3915 2435 4041 2505 φιλ.

2443 2531 2761 2602 ανθρωπίας
2834 2532 3194 2603 βελτιωθείη,
3268 2531 3388 2584 τότε
3446 2530 3511 2601 δὴ
3567 2532 3647 2593 είς
3707 2529 3772 2583 τὸ
3845 2529 4044 2599 μέλλον

2442 2624 2628 2679 οὐκετι
2663 2625 2819 2679 ἐᾶται
2860 2642 2872 2655 ι
2905 2626 2966 2677 οὐ
3002 2626 3111 2693 γάρ
3156 2623 3417 2687 πολλάκις
3462 2622 3811 2688 ἐξαπατᾶται
3847 2625 3880 2676 6
3911 2622 4045 2686 Θεὸς

2443 2722 2561 2781 ταῖς
2592 2720 3020 2790 ὑπερημερίαις.
3058 2720 3288 2788 Μήποτε
3318 2719 3374 2772 δε
3412 2720 3506 2772 καὶ
3534 2718 3667 2791 τρία
3700 2720 3801 2789 ἔτη
3838 2720 4044 2790 νοήσῃς

2445 2812 2543 2875 τὰς
2583 2813 2733 2883 τρεῖς
2764 2814 3127 2877 καταστάσεις
3160 2813 3270 2866 τῶν
3303 2813 3565 2883 ἡλικιῶν;
3600 2812 3713 2884 Τὴν
3743 2814 4039 2881 παιδικὴν,

2446 2904 2567 2973 ἦτοι
2603 2902 2713 2956 τῶν
2743 2904 3072 2974 μειρακίων,
3110 2908 3233 2977 ἥτις
3263 2909 3395 2977 περὶ
3430 2908 3500 2960 τὰ
3533 2906 3918 2962 ὀκτωκαίδεκα
3944 2907 4043 2977 ἔτη

2445 2995 2758 3063 λογίζεται·
2802 2998 2904 3068 τὴν
2951 2998 3248 3069 ἀνδρικὴν,
3286 3002 3381 3052 καὶ
3412 3000 3513 3069 τὴν
3562 2999 3757 3071 τρίτην
3778 3000 3892 3053 τῶν
3938 3000 4042 3070 ήδη

2443 3087 2769 3159 ἀρξαμένων
2799 3090 3138 3144 πολιούσθαι.
3196 3091 3371 3144 Ὅταν
3414 3086 3509 3144 οὖν
3564 3093 3621 3144 ὲν
3642 3092 3723 3160 τῷ
3752 3093 3925 3162 γήρᾳ,
3963 3091 4047 3161 τῷ

756 3180 1092 3250 paenitentiae
1129 3180 1295 3233 vitam
1327 3190 1550 3250 propter
1583 3179 1863 3234 Christum
1897 3181 2250 3250 accipientes,
2283 3188 2336 3233 et

2443 3181 2614 3251 τρίτῳ
2636 3179 2771 3243 ἔτει,
2801 3181 2863 3234 ού
2896 3180 3082 3253 δῶμεν
3112 3182 3386 3254 καρποὺς,
3421 3183 3515 3236 καὶ
3547 3182 3630 3236 ἔτι
3665 3182 4047 3254 συγχωρηθεῦ⁶

754 3272 949 3326 deinde
975 3272 1140 3325 etiam
1172 3281 1298 3325 tunc
1334 3275 1648 3334 mentimur,
1682 3288 1790 3326 non
1835 3273 1975 3327 ultra
2008 3272 2164 3327 nobis
2208 3288 2334 3341 par-

749 3373 836 3417 cet
879 3362 1156 3425 Dominus,
1189 3364 1284 3417 sed
1313 3364 1545 3429 excidet,
1577 3374 1635 3417 ut
1681 3380 1748 3419 ne
1776 3364 1972 3419 frustra
2006 3379 2338 3435 occupemus

752 3464 979 3518 terram,
1053 3464 1104 3508 et
1173 3454 1309 3508 alios
1361 3453 1717 3509 offendamus.
1780 3455 1848 3510 Et
1902 3458 2013 3510 haec
2066 3457 2339 3526 expositio

749 3530 1027 3619 proposito
1063 3549 1229 3603 textui
1262 3564 1500 3605 consona
1543 3549 1673 3603 mihi
1709 3551 1939 3603 videtur.

821 3811 980 3865 Vsus.
1027 3809 1208 3864 10-17.
1260 3828 1277 3861 ι
1330 3808 1565 3865 Docebat
1615 3820 1796 3865 autem
1845 3812 1895 3864 in
1949 3828 2052 3865 una
2100 3826 2336 3883 synago-

746 3922 937 3975 garum
978 3904 1235 3959 Subliatis
1282 3923 1293 3961 :
1324 3915 1377 3959 ct
1412 3920 1538 3959 ecce
1562 3906 1755 3959 mulier
1803 3922 1925 3976 qua
1956 3906 2189 3961 habebat
2221 3908 2336 3976 spi-

747 4000 909 4051 iitnm
931 3998 1267 4052 inﬁrmitatis
1298 4000 1456 4053 annis
1479 4000 1668 4053 decem
1702 4010 1753 4052 et
1782 4008 1928 4064 octo,
1951 4008 2176 4069 eratque
2204 4015 2337 4054 con-

745 4096 941 4153 tracta,
977 4104 1079 4142 nec
1126 4088 1347 4141 omnino
1399 4098 1610 4156 poterat
1646 4090 1859 4159 erigere
1908 4099 2075 4159 caput
2127 4106 2335 4160 :quam

744 4199 865 4234 eum
904 4183 1109 4233 videret
1142 4180 1319 4243 Jesns,
1352 4185 1568 4234 vocavit
1598 4197 1716 4236 eam
1760 4184 1827 4237 ad
1869 4199 1949 4248 se,
1981 4194 2035 4237 et
2072 4186 2149 4239 ait
2203 4184 2277 4239 illi
2317 4203 2329 4239 :

748 4273 963 4334 Mulier,
998 4273 1227 4327 liberata
1261 4287 1321 4325 es
1348 4275 1416 4325 ab
1449 4272 1765 4329 infirmitate
1814 4285 1926 4329 tua.
1966 4276 2031 4329 Et
2075 4278 2333 4347 imposuit

747 4366 821 4418 illi
853 4381 1071 4429 manus,
1102 4374 1158 4419 et
1194 4362 1481 4419 confestim
1514 4376 1698 4421 erecta
1727 4376 1847 4429 est,
1900 4378 1955 4424 et
1992 4369 2334 4438 glorificabat

747 4462 936 4512 lteniu.
992 4456 1349 4527 Respondens
1397 4469 1581 4511 autem
1619 4459 1879 4529 princeps
1913 4457 2216 4532 Synagogm
2250 4463 2335 4516 in-

2442 3291 2543 3343 μεν
2573 3273 2738 3343 ζῆσαι
2767 3275 2905 3345 πρὸς
2949 3276 3009 3329 τὸ
3045 3276 3368 3348 περιϐαλεῖν
3411 3277 3640 3349 κόπρια,
3695 3278 3796 3347 τὴν
3832 3278 4048 3347 ἄτιμον

2435 3367 2528 3421 διά
2560 3368 2798 3438 Χριστὸν
2842 3368 2989 3438 ζωὴ»
3038 3370 3486 3444 ἐπανῃρημένοι.
3539 3366 3661 3424 εἷτα
3716 3372 3815 3424 καὶ
3862 3371 4049 3435 οὕτως

2438 3456 2779 3526 ψευσόμεθα.
2832 3460 2933 3511 οὐκ
2967 3459 3050 3512 ξτι
3087 3462 3339 3529 φείσεται
3379 3462 3538 3533 ἡμῶν
3577 3465 3605 3516 6
3655 3462 3888 3532 Κύριος,
3924 3464 4047 3517 ἀλλ’

2437 3546 2695 3617 ἐκκόψει,
2732 3547 2819 3601 ἵνα
2870 3550 2947 3620 μὴ
2997 3552 3372 3624 καταργῶμεν
3411 3554 3509 3622 τήν
3546 3556 3651 3623 γῆν
3703 3555 3800 3608 καὶ
3845 3554 4049 3619 ἄλλους

2439 3640 2788 3708 βλάπτοντες.
2834 3640 2984 3711 Αὖτη
3038 3646 3068 3714 ἡ
3101 3645 3366 3715 ἐξήγησις
3399 3646 3548 3699 δοκεῖ
3574 3662 3667 3717 μοι
3693 3641 3835 3701 εἶναι
3865 3664 4049 3718 προσ-

2438 3733 2710 3804 φυεστέρα
2738 3733 2815 3805 τῷ
2845 3734 3034 3804 σκοπῷ
3063 3735 3140 3807 τῷ
3173 3740 3545 3809 προκειμένῳ.
3996 3763 4005 3769 ·

2515 3846 2532 3875 ε
2574 3821 2685 3880 Ἦν
2723 3826 2780 3880 δὲ
2836 3828 3107 3883 διδάσκων
3151 3833 3209 3884 ὲν
3267 3833 3369 3901 μιᾷ
3422 3831 3534 3886 τῶν
3584 3834 3935 3903 συναγωγῶν
3987 3837 4050 3887 ἐν

2438 3921 2548 3979 τοῖς
2601 3919 2880 3973 Σάϐϐασι·
2934 3924 3031 3974 καὶ
3086 3924 3197 3978 ῖδοὺ
3246 3926 3383 3996 γυνὴ
3440 3921 3508 3995 ἦν
3570 3928 3789 3998 πνεῦμα
3842 3927 4051 3997 ἔχουσα

2440 4009 2727 4074 ἀσθενείας
2762 4010 2857 4083 ιτη
2889 4014 3023 4068 δέκα
3050 4018 3145 4069 καὶ
3170 4016 3339 4079 ὀκτὼ,
3382 4020 3490 4072 καὶ
3524 4014 3595 4090 ἧν
3622 4020 4047 4089 συγκύπτουσα,

2438 4102 2535 4157 καὶ
2576 4101 2654 4172 μὴ
2704 4102 2981 4177 δυναμένη
3015 4108 3296 4179 ἀνακύψαι
3343 4111 3425 4175 είς
3460 4111 3525 4165 τδ
3574 4112 3884 4186 παντελίςξ
3922 4113 4050 4167 ἰδὼν

2435 4193 2491 4246 δὲ
2525 4194 2699 4265 αὐτὴν
2738 4195 2767 4249 6
2812 4196 3031 4269 Ἰησοῦς
3068 4202 3489 4275 «possedimus,
3532 4207 3628 4259 καὶ
3672 4201 3831 4260 εἶπεν
3866 4207 4047 4276 αὐτῇ·

2437 4285 2627 4352 Γύναι,
2665 4289 3003 4353 ἀπολέλυσαι
3031 4294 3127 4364 τῆς
3157 4295 3450 4362 ἀσθενείας
3478 4315 3572 4352 σου
3597 4315 3611 4331 ·
3647 4301 3744 4352 καὶ
3770 4299 4049 4369 ἐπέθηκεν

2436 4379 2574 4451 αὐτῇ
2616 4380 2716 4445 τὰς
2754 4384 2943 4453 χεῖρας
2967 4424 2982 4447 ,
3027 4388 3123 4440 καὶ
3153 4392 3507 4461 παραχρῆμα
3553 4392 3860 4466 ἀνωρθώθη
3884 4438 3899 4459 ,
3954 4400 4048 4449 καὶ

2438 4475 2653 4543 ἐδόξαζε
2699 4478 2793 4531 τὸν
2823 4478 2981 4534 Θεόν.
3022 4480 3377 4553 Ἀποκριθεὶς
3420 4484 3477 4539 δὲ
3518 4488 3546 4539 6
3586 4488 4048 4557 ἀρχισυνάγωγος

740 4550 975 4619 dignans
995 4549 1139 4616 quod
1164 4547 1406 4602 Sabbato
1424 4559 1669 4602 sanasset
1689 4546 1873 4613 Iesus,
1894 4552 2111 4606 dicebat
2137 4554 2328 4608 turbat

2441 4569 2787 4635 ἀγανακτῶν,
2816 4572 2899 4625 ὅτι
2922 4572 3002 4644 τῷ
3040 4546 3307 4647 Σαϐϐάτῳ
3339 4546 3713 4650 ἐθεράπευσεν
3742 4584 3772 4634 6
3811 4546 4046 4652 15305;:

744 4644 850 4698 Sex
880 4644 996 4698 dies
1023 4652 1149 4698 sunt
1180 4643 1232 4696 in
1261 4642 1457 4713 quibus
1483 4651 1699 4710 oportet
1726 4647 1941 4713 operari
1979 4662 1993 4699 :
2024 4648 2076 4700 in
2110 4646 2178 4701 iis
2200 4662 2356 4717 ergo-

746 4738 926 4790 venite
956 4746 1016 4788 ut
1048 4736 1347 4799 sanemini,
1378 4744 1431 4790 et
1462 4750 1569 4789 non
1598 4735 1651 4789 in
1680 4736 1765 4791 die
1793 4737 2037 4795 Sabbati.
2083 4738 2332 4813 Respon-
2374 4754 2377 4757 ‘

741 4832 876 4884 deus
909 4840 1091 4884 autem
1137 4830 1203 4884 ad
1244 4828 1393 4882 illum
1441 4828 1704 4885 Dominus
1754 4832 1891 4887 dixit
1928 4851 1942 4886 :
2000 4832 2329 4904 Ilypocrita,

741 4924 1117 4995 uiuisquisqne
1149 4932 1389 4979 vestrum
1423 4921 1664 4979 Sabbato
1702 4940 1883 4981 nonne
1935 4930 2096 4981 solvit
2139 4930 2332 4984 bovem

740 5033 899 5071 suum
952 5026 1049 5072 aut
1100 5016 1316 5072 asinum
1363 5032 1395 5073 a
1429 5018 1681 5090 prtesepi,
1734 5030 1789 5075 et
1837 5021 1991 5075 ducit
2035 5024 2335 5092 aquatum?

741 5110 893 5165 llanc
925 5121 1108 5164 autem
1141 5108 1305 5164 filiam
1346 5110 1580 5167 Abrahae
1600 5151 1615 5176 ,
1641 5128 1803 5181 quam
1829 5113 2073 5186 alligavit
2096 5114 2333 5173 Satanas

736 5217 867 5260 ecce
906 5204 1093 5258 decem
1142 5214 1196 5257 ct
1244 5212 1369 5259 octo
1422 5205 1618 5267 annis,
1662 5220 1768 5260 non
1818 5208 2065 5275 oportuit
2121 5206 2256 5270 solvi
2300 5223 2330 5263 a

739 5296 954 5352 vinculo
1028 5295 1131 5351 isto
1178 5296 1268 5353 die
1318 5296 1581 5351 Sabbati?
1624 5295 1691 5351 Et
1740 5314 1864 5354 Cllttt
1913 5300 2029 5357 lucc
2086 5301 2328 5365 diceret,

733 5390 1132 5445 erubescebant
1160 5404 1351 5446 omnes
1404 5392 1703 5447 adversarii
1745 5392 1900 5462 ejus,
1943 5404 1997 5449 et
2024 5396 2203 5451 omnis
2233 5410 2331 5466 po-

736 5483 896 5552 pulus
926 5479 1199 5552 gaudebat
1225 5495 1391 5551 super
1421 5482 1697 5538 universis
1726 5498 1844 5552 qua:
1863 5485 2101 5555 gloriose
2128 5486 2332 5543 ﬂebant

733 5578 801 5629 ab
834 5590 924 5629 eo.
968 5593 988 5627 ι
1031 5574 1248 5631 Morbus
1289 5575 1378 5631 ille
1419 5576 1634 5631 mulieri
1668 5577 1882 5635 diabolo
1931 5578 2203 5653 aflligente
2234 5599 2328 5639 ac-

731 5668 973 5731 ciderat,
1008 5668 1149 5722 sicut
1184 5678 1239 5723 et
1272 5668 1532 5725 Dominus
1566 5668 1724 5735 dicit,
1753 5686 1916 5741 quam
1952 5674 2196 5745 alligavit
2226 5675 2312 5731 Sa,

736 5772 891 5815 lanas
920 5762 1109 5815 decem
1152 5771 1207 5816 et
1240 5772 1365 5817 octo
1414 5767 1593 5821 annis.
1641 5764 1775 5819 Nam
1806 5765 2056 5823 fortassis
2102 5783 2327 5839 propter

732 5866 955 5923 peccata
1008 5855 1332 5911 derelictam
1367 5872 1394 5911 a
1431 5858 1538 5915 Deo
1574 5858 1781 5928 punivit
1834 5860 2085 5919 Satanas.
2128 5863 2323 5925 Otnnia

2442 4662 2598 4730 ἔλεγε
2629 4663 2708 4730 τῷ
2749 4662 2923 4735 δχλῳ’
2976 4664 3076 4730 Ἐξ
3109 4668 3315 4740 ἡμέραι
3354 4672 3513 4736 εἰσὶν,
3545 4673 3604 4725 ὲν
3635 4668 3723 4737 αῖς
3756 4676 3841 4729 δεῖ
3876 4682 4046 4748 ἐργά-

2444 4755 2655 4837 ζεσθαυ
2692 4756 2751 4810 ὲν
2786 4756 3020 4821 ταύταις
3051 4758 3145 4813 οὖν
3185 4761 3475 4833 ῖρχόμενοι
3512 4763 3912 4835 θεραπεύεσθε,
3958 4774 4046 4825 καὶ

2445 4849 2520 4919 μὴ
2549 4851 2616 4921 τῇ
2655 4849 2842 4922 ἡμέρᾳ
2894 4850 2990 4905 τοῦ
3042 4852 3348 4909 Σαϐϐἀτου.
3386 4855 3696 4930 Ἀπεκρίθη
3730 4859 3788 4914 δὲ
3840 4864 3993 4933 αὐτῷ
4023 4865 4048 4915 6

2444 4943 2688 5014 Κύριος,
2726 4944 2821 4997 καὶ⁷
2861 4939 3041 4998 εῐπενο
3088 4944 3425 5018 ’Υποκριτά,
3475 4948 3707 5015 ἕκαστος
3765 4952 3929 5024 ὑμῶν
3972 4954 4047 5025 τῷ

2443 5034 2711 5104 Σαϐϐάτῳ
2740 5035 2802 5089 ού
2836 5035 2955 5091 λύει
3003 5037 3098 5092 τὸν
3147 5038 3278 5110 βοῦν
3315 5040 3485 5096 αὐτοῦ
3509 5082 3524 5106 ,
3560 5043 3596 5117 ἢ
3644 5043 3739 5099 τὸν
3770 5046 3897 5100 δνον
3940 5050 4047 5103 ἀπὸ

2440 5129 2542 5197 τῆς
2599 5128 2835 5201 φάτνης,
2881 5134 2977 5185 καλ⁵
3026 5130 3339 5201 ἀπαγαγὼν
3395 5134 3648 5201 ποτίζεις
3706 5137 3934 5211 Ταύτην
3991 5141 4047 5196 δι

2442 5220 2723 5293 θυγατέρα
2764 5222 3021 5294 ’Δϐραάμ
3050 5224 3242 5293 οὖσαν,
3276 5226 3342 5298 ἢν
3376 5227 3571 5299 ἔδησεν
3601 5230 3629 5284 6
3655 5230 3910 5296 Σατανᾶς
3937 5233 4042 5288 ῖδοὺ

2438 5313 2575 5368 δίκα
2605 5316 2705 5370 καὶ
2735 5314 2883 5369 ὀκτὼ
2906 5316 3024 5388 [τη.
3056 5318 3160 5373 οὐκ
3186 5318 3297 5375 εδει
3324 5320 3559 5392 λυθῆναι
3580 5323 3692 5379 ἀπὸ
3706 5324 3804 5379 τοῦ
3835 5325 4041 5395 δεσμοῦ

2438 5407 2632 5462 τούτου
2675 5411 2742 5481 τῇ
2771 5410 2960 5482 ἡμέρᾳ
2987 5410 3085 5466 τοῦ
3109 5412 3425 5482 Σαϐϐάτους
3454 5415 3566 5469 Καὶ
3587 5417 3762 5472 ταῦτα
3790 5418 4043 5488 λέγοντος

2437 5502 2639 5570 αὐτοῦ,
2674 5504 3086 5578 κατῃσχύνοντο
3114 5507 3318 5573 πάντες
3352 5511 3402 5564 οί
3440 5511 3822 5584 ἀντικείμενοι
3858 5516 4035 5587 αὐτῷ,

2439 5598 2533 5653 καὶ
2577 5598 2690 5663 πᾶς
2745 5599 2774 5653 6
2814 5598 2974 5670 δχλος
3019 5600 3246 5673 ἔχαιρεν
3286 5602 3381 5657 ἀπὶ
3436 5605 3575 5659 πᾶσι
3628 5607 3745 5672 τοῖς
3806 5608 4040 5676 ἀνδόξοις

2435 5691 2548 5754 τοῖς
2582 5690 2895 5762 γινομένοις
2935 5692 3027 5746 ὑπ’
3070 5693 3265 5751 αὑτοῦ.
3314 5714 3333 5749 ι
3383 5693 3476 5762 Ἐξ
3505 5696 3777 5769 ιπηρείας
3798 5700 4037 5756 διαϐολι-

2438 5779 2544 5849 κῆς
2574 5780 2636 5835 τδ
2660 5782 2835 5862 πάθος
2858 5782 3021 5838 τοῦτο
3048 5787 3117 5855 τῇ
3150 5788 3375 5853 γυναικὶ
3403 5788 3633 5860 συνέϐη,
3671 5791 3821 5844 καθά
3850 5792 3916 5861 δὴ
3949 5790 4037 5844 καὶ

2436 5877 2463 5927 ὁ
2507 5876 2712 5947 Κύριός
2743 5875 2938 5949 φησιν·
2976 5880 3039 5950 ἦν
3072 5879 3262 5948 ἕδησῖν
3297 5882 3323 5933 6
3357 5883 3601 5948 Σιτανίς
3637 5883 3732 5955 ἔτη
3772 5884 3906 5939 δέκα
3946 5886 4033 5938 καὶ
