4256 6432
234 411 353 478 917

960 408 1410 470 ENARRATIO
1449 409 1527 469 ΙΝ
1577 409 2086 475 EVANGELIUM
2125 413 2365 503 LUCIE.
2391 438 2462 453 -
2493 413 2656 474 CAl'.
2686 411 2863 472 XIII.

3453 406 3582 472 .918

235 523 420 578 631d).
496 522 660 583 Ἴσως
715 517 826 589 γὰρ
895 517 988 570 διὰ
1047 517 1375 588 πταίσματά
1433 536 1558 574 τινα
1615 521 1856 588 ἔγκατα-

1967 523 2116 577 enim
2146 526 2289 578 mala
2315 510 2572 578 humanis
2597 521 2925 589 corporibus
2951 517 3122 574 Salan
3148 517 3335 584 infert,
3363 522 3580 589 quando

235 615 566 684 λειφθεῖσαν
592 616 700 668 ὑπὸ
732 611 870 666 Θεοῦ
905 613 1236 685 ἐτιμωρεῖτο
1262 615 1290 665 6
1334 614 1603 678 Σατανᾶς.
1639 615 1854 687 Παραί-

238 728 367 775 τιος
397 712 507 782 γάρ
559 712 676 762 ἐστι
717 711 835 772 τοῖς
877 708 987 761 τῶν
1021 706 1334 778 ἀνθρώπων
1383 707 1600 778 σώμασι
1633 711 1854 765 πάντων

236 805 360 858 τῶν
391 803 674 873 δυσχερῶν
702 844 716 866 ,
752 803 883 856 ὅταν
919 799 1130 856 ἀνωθεν
1175 801 1328 871 παρά
1373 801 1512 855 Θεοῦ
1560 820 1853 876 συγχωρησ-

240 898 405 966 Οείη·
445 896 569 948 ἐπεὶ
605 896 701 948 καὶ
741 895 802 957 ἐξ,
850 893 1030 964 ἀρχῆς
1057 894 1227 955 αὐτὸς
1255 895 1389 964 ἡμῖν
1428 893 1693 962 πρόξενος
1732 896 1857 963 ἐγε-

240 981 398 1056 γόνει
467 986 561 1040 τοῦ
633 988 890 1039 ἐκπεσεῖν
961 988 1059 1055 μὲν
1118 984 1217 1055 τῆς
1251 985 1612 1055 ἀφθαρσίας.
1691 984 1857 1062 ὲφ’ᾖ

240 1079 606 1147 ἐκτίσθημεν,
653 1078 864 1149 νοσερῷ
905 1077 962 1131 δὲ
1012 1079 1226 1148 σώματι
1273 1079 1366 1138 καὶ
1393 1078 1586 1131 παθῶν
1621 1079 1856 1151 δεκτικῷ

244 1169 652 1240 προσδεοίψαι·
686 1172 813 1233 τοὺς
847 1170 1212 1240 δερματίνους
1253 1172 1363 1240 γὰρ
1414 1172 1652 1240 χιτῶνας
1692 1172 1853 1226 τοῦτο

241 1262 482 1330 νοοῦμεν
530 1263 768 1325 πάντως,
812 1264 869 1316 '0
919 1263 1104 1332 μέντοι
1137 1263 1343 1332 Κύριος
1393 1263 1853 1338 θεοπρεπεστάτῃ

246 1355 407 1423 φωνῇ
460 1354 556 1406 καὶ
611 1353 862 1418 ἐξουσίας
903 1354 1155 1426 γεμούσῃ
1202 1355 1303 1424 τῆς
1348 1356 1609 1422 γυναικὸς
1644 1357 1854 1426 ταύτης

240 1445 348 1514 τὴν
397 1445 552 1497 νόσον
602 1444 840 1496 ἐλαύνει.
890 1445 1200 1515 Ἐπιτίοησι
1258 1446 1316 1497 δὲ
1373 1448 1469 1499 καὶ
1509 1447 1607 1510 τὰς
1659 1451 1853 1518 χεῖρας

245 1536 392 1605 αὐτῇ
417 1577 430 1599 ,
465 1536 552 1588 ἵνα
590 1534 889 1603 μάθωμεν,
921 1537 1003 1588 ὅτι
1045 1535 1144 1606 τὴν
1173 1535 1269 1587 τοῦ
1315 1536 1478 1602 λόγου
1513 1537 1747 1606 δ’ύναμίν
1794 1557 1854 1592 τε

243 1627 344 1679 καὶ
378 1627 661 1696 ἐνέργειαν
700 1626 732 1695 ἡ
772 1624 903 1693 ἁγία
953 1628 1236 1698 πεφόρηκε
1268 1628 1446 1697 σάρξ·
1491 1629 1599 1682 ίδία
1635 1631 1746 1700 γὰρ
1784 1627 1853 1702 ἦν

241 1717 442 1782 αὑτοῦ,
475 1721 568 1771 καὶ
601 1719 699 1789 οὐχ
737 1720 927 1790 ἑτέρου
956 1721 1105 1783 τινος
1135 1720 1268 1791 παρ’
1294 1721 1460 1774 αὐτὸν
1492 1722 1647 1786 ὄντος
1677 1741 1849 1776 καταο

247 1811 420 1878 μόνας
469 1811 564 1862 καὶ
630 1810 1057 1873 ίδιοῡποστάτως
1100 1797 1540 1882 κεχωρισμένον,
1594 1817 1738 1869 καθά
1787 1817 1850 1886 δὴ

240 1901 526 1972 ,Νεστορίῳ
555 1902 632 1971 τῷ
680 1903 935 1955 δυσσεϐεῖ
963 1904 1130 1958 δοκεῖ.
1190 1905 1253 1957 ῚΙ
1283 1907 1382 1976 μὲν
1429 1906 1522 1959 οὖν
1573 1907 1850 1976 ἀγαθὸτης

242 1993 342 2046 τοῦ
385 1993 590 2066 Κυρίου
633 1995 882 2065 τοιαύτη,
947 2001 1061 2049 καὶι
1094 1996 1242 2050 οῦτω
1282 2000 1342 2051 τὸ
1385 1999 1587 2053 οἰκεῖον
1626 2002 1855 2071 πλάσμα

248 2087 503 2158 ἐλέησεν.
569 2089 627 2140 Ὀ
659 2089 718 2140 δὲ
765 2089 825 2155 ἐξ
875 2091 1049 2160 ἀρχῆς
1113 2091 1213 2159 τὴν
1268 2094 1507 2159 γυναῖκα
1567 2093 1854 2164 δεσμήσας

243 2183 515 2244 Σατανᾶς,
563 2181 862 2252 ἀχθόμενος
894 2186 960 2252 τῇ
989 2183 1200 2254 ταύτης
1231 2183 1407 2248 λύσει,
1438 2179 1527 2238 οἷα
1559 2185 1732 2238 θέλων
1759 2188 1854 2240 ἐπὶ

243 2273 412 2325 πλέον
448 2273 841 2342 κακουχεῖσθαι
870 2274 1065 2342 αὐτὴν,
1103 2276 1298 2344 δεσμεῖ
1326 2275 1417 2328 τὸν
1461 2276 1854 2346 ἀρχισυνάγω-

242 2381 343 2430 γον
390 2362 470 2431 τῷ
529 2363 732 2432 φΟόνῳ,
778 2365 873 2417 καὶ
906 2364 993 2416 διὰ
1038 2367 1132 2418 τοῦ
1180 2366 1452 2436 στόματος
1499 2367 1692 2420 τούτου
1751 2371 1852 2420 ἐπ-

242 2457 477 2525 ηρεάξει
507 2456 584 2525 τῷ
609 2456 872 2526 θαύματι⁸
897 2457 1070 2521 οὓτως
1094 2459 1202 2528 ἄρα
1232 2458 1511 2528 πανταχοῦ
1530 2462 1641 2523 τοῖς
1666 2461 1851 2523 καλοῖς

243 2549 574 2604 ἐπιτίθεται.
627 2550 958 2617 Ἀγανακτεί
998 2551 1091 2605 οὖν
1123 2554 1205 2604 ὅτι
1244 2555 1300 2605 ἐν
1331 2554 1600 2624 Σαϐϐάτῳ
1631 2558 1662 2624 ἡ
1692 2555 1747 2606 θε
1761 2572 1855 2625 ρα-

243 2642 381 2694 πεία
430 2641 644 2710 γέγονε,
681 2644 740 2695 ὃν
779 2645 808 2695 6
837 2644 1045 2714 Κύριος
1100 2649 1452 2719 χαριεστάτῳ
1482 2649 1852 2720 ὑποδείγματι

244 2733 362 2786 τῶν
403 2735 620 2801 ἀλόγων
670 2734 828 2798 ζώων
888 2738 1136 2807 ἐλέγχεισ
1194 2740 1322 2792 ὅθεν
1366 2743 1427 2794 οὐ
1487 2742 1660 2811 μόνος,
1691 2745 1857 2807 αὐτὸς

245 2831 364 2892 τοῖς
395 2829 663 2891 τοιούτοις
693 2829 899 2896 λόγοις,
940 2831 1079 2885 ἀλλὰ
1109 2833 1206 2885 καὶ
1242 2833 1452 2897 πάντες
1493 2836 1542 2888 oi
1578 2835 1730 2890 ἄλλοι
1760 2840 1856 2892 ἀν-

243 2923 551 2992 τικείμενοι
581 2921 660 2992 τῷ
705 2924 883 2993 Ἰησοῦ
913 2925 1023 2977 ἀπὸ
1061 2925 1173 2977 τῶν
1213 2925 1388 2994 λόγων
1421 2929 1853 2999 κατῃσχύνοντο.

246 3016 386 3069 Λίαν
446 3016 556 3087 γὰρ
602 3012 670 3087 ἦν
720 3016 948 3086 ἀνόητον
1013 3018 1075 3071 τὸ
1128 3019 1373 3072 κωλύειν
1442 3020 1856 3092 θεραπευθῆναι

244 3107 538 3176 ἇιθρωπον
571 3109 631 3160 ἐν
683 3108 972 3178 Σαϐϐάτῳ,
1019 3110 1110 3162 διὰ
1146 3110 1248 3181 τὴν
1299 3111 1504 3182 ἀργίαν
1544 3111 1710 3181 δῆθεν
1755 3114 1857 3184 τὴν

244 3197 355 3250 ὑπὸ
398 3199 493 3251 τοῦ
540 3199 706 3268 νόμου
749 3199 828 3270 τῷ
870 3199 1138 3271 Σαϐϐάτῳ
1185 3203 1713 3271 προστεταγμένην,
1789 3205 1854 3259 Oi
1886 3231 1923 3284 (ς

248 3291 352 3361 μὶν
381 3287 474 3346 οὖν
505 3294 874 3362 ἀντικείμενοι
903 3293 981 3364 τῷ
1020 3294 1195 3366 Ἰησοῦ
1225 3295 1334 3348 ἀπὸ
1370 3297 1477 3349 τῶν
1508 3296 1688 3365 λόγων
1715 3314 1840 3352 κατ·

245 3386 583 3459 ῃσχύνοντο,
635 3388 685 3440 οί
740 3387 797 3439 δὲ
829 3387 979 3457 ὄχλοι
1014 3387 1234 3458 ἔχαιρον
1266 3389 1360 3442 ἐπὶ
1390 3392 1504 3451 τοῖς
1536 3388 1743 3458 ἔργοις,
1777 3391 1853 3454 ὡς

248 3481 454 3532 ἐκεῖνοί
486 3496 548 3548 γε
579 3483 688 3541 τοῖς
734 3479 918 3549 ἔργοις
950 3481 1050 3533 οὐκ
1083 3480 1328 3551 ἔχαιρον,
1370 3482 1484 3533 ἀλλ’
1531 3484 1857 3555 ἐξετήκοντο

245 3573 800 3642 θαυματουργοῦντος
853 3573 946 3627 τοῦ
1001 3575 1265 3645 Χριστοῦ.
1314 3577 1377 3628 Ui
1437 3575 1492 3629 δὲ
1547 3577 1642 3629 τοῦ
1693 3577 1853 3648 ὄχλου

245 3659 336 3717 οἶα
401 3665 778 3735 ὠφελούμενοι
831 3669 896 3720 ἐκ
923 3666 1034 3720 τῶν
1066 3669 1337 3737 σημείων,
1376 3669 1622 3740 ἔχαιρον,
1655 3672 1855 3724 ἱάσεων

243 3759 639 3823 ἀπολαύοντες.
676 3759 864 3813 Ταῦτα
897 3761 952 3813 δέ
984 3780 1074 3831 μοι
1105 3762 1354 3831 λάμϐανε
1382 3763 1448 3816 τὰ
1475 3764 1735 3832 θαύματα
1762 3767 1856 3820 καὶ

245 3849 340 3900 ἐπὶ
372 3848 461 3900 τὸν
497 3849 648 3911 ἐντὸς
703 3849 1024 3916 ἄνθρωπον·
1072 3851 1381 3919 συγκύπτει
1427 3857 1537 3922 γὰρ
1588 3861 1624 3924 ἡ
1671 3857 1850 3928 ψυχὴ,

245 3943 378 3995 ὅταν
427 3944 519 3994 ἐπὶ
564 3942 664 4005 τάς
720 3944 921 4011 γηῖνας
977 3945 1148 4011 μόνας
1199 3947 1491 4015 φροντίδας
1548 3948 1698 4020 νεύῃ,
1760 3950 1857 4001 καὶ

249 4034 420 4107 μηδὲν
455 4035 772 4103 οὐράνιονῆ
831 4034 973 4088 θεῖον
1019 4038 1400 4106 φαντάζηταγ
1450 4039 1530 4091 διὸ
1567 4043 1659 4092 καὶ
1710 4040 1855 4093 ὀκτὼ

245 4129 344 4182 καὶ
378 4128 512 4180 δέκα
534 4128 629 4193 ἐτη
665 4132 843 4181 νοσεῖν
873 4129 1112 4196 λέγεται.
1143 4131 1316 4183 Ὀταν
1345 4132 1454 4202 γάρ
1488 4150 1573 4195 τις
1598 4137 1728 4204 περὶ
1753 4135 1852 4205 τὴν

245 4225 482 4294 τήρησιν
522 4222 628 4275 τῶν
678 4223 909 4275 ἐντολιίν
957 4224 1050 4276 τοῦ
1082 4225 1228 4278 θείου
1252 4227 1466 4302 μόμου,
1505 4229 1711 4292 αἵτινές
1747 4230 1854 4280 είσι

241 4315 403 4377 δέκα,
435 4317 527 4368 καὶ
557 4315 690 4384 περὶ
712 4316 812 4387 τὴν
844 4315 1039 4369 ἐλπίδα
1064 4316 1159 4370 τοῦ
1189 4317 1378 4386 ὀγδόου
1402 4321 1599 4383 αἰῶνος
1626 4321 1854 4393 άσθενῇ,

247 4407 382 4460 δέκα
416 4409 511 4460 καὶ
542 4407 690 4460 ὀκτὼ
724 4409 819 4480 ἐτη
852 4409 1192 4476 συγκύπτειν
1228 4411 1484 4480 λέγεται·
1529 4415 1558 4482 ἧ
1592 4416 1690 4486 οὐχ
1716 4417 1746 4470 6
1785 4419 1853 4488 τῇ

249 4503 320 4570 γῇ
357 4502 792 4572 προδκείμενοςν
839 4503 934 4556 καὶ
977 4504 1316 4576 ἁμαρτάνων
1349 4507 1437 4561 ἀεὶ
1475 4508 1575 4573 τάς
1609 4527 1667 4562 τε
1703 4511 1854 4563 ὲντο·

1965 613 2016 667 ei
2067 627 2096 667 a
2144 614 2376 668 Domino
2418 613 2810 682 permittitur:
2859 611 3306 681 quandoquidem
3339 613 3500 666 nobis
3527 625 3581 667 et

1967 704 2035 758 ab
2075 703 2234 759 initio
2263 715 2458 760 auctor
2508 704 2608 759 fuit
2652 704 2820 775 387
2869 714 2927 758 ut
2961 703 3030 758 ab
3083 704 3496 772 incorruptione
3527 706 3580 760 in

1964 811 2074 866 qua
2111 798 2318 852 conditi
2350 797 2578 862 fuimus,
2608 798 3016 860 excideremus,
3044 805 3100 850 et
3126 795 3346 850 infirmo
3373 797 3582 866 passio-

1964 905 2206 960 nmuque
2231 890 2423 960 capaci
2466 892 2685 958 corpori
2739 890 2945 958 alligati
2973 905 3247 945 essemus.
3283 888 3398 946 lloc
3431 891 3577 944 enim

1965 998 2064 1050 per
2099 983 2359 1053 pelliceas
2390 983 2608 1037 tunicas
2635 982 3013 1052 intelligimus.
3051 983 3123 1036 At
3153 981 3416 1038 Dominus
3442 999 3575 1038 voCe

1963 1074 2078 1130 Deo
2113 1073 2438 1143 dignissima
2483 1082 2866 1144 potestateque
2900 1075 3060 1143 plena
3082 1112 3098 1138 ,
3135 1075 3390 1128 mulieris
3420 1075 3583 1131 istius

1963 1168 2212 1222 morbum
2248 1166 2421 1236 fugat.
2457 1167 2693 1235 imponit
2722 1175 2904 1220 autem
2928 1166 2976 1219 ei
3003 1176 3060 1220 et
3090 1181 3287 1220 manus
3321 1174 3380 1219 ut
3405 1165 3580 1220 disca-

1963 1276 2087 1316 tuus
2132 1261 2274 1327 quod
2311 1260 2404 1314 Dei
2444 1273 2757 1314 sermonem
2786 1258 3162 1326 virtutemque
3207 1265 3260 1311 et
3294 1258 3573 1320 Operatio-

1963 1368 2086 1406 nem
2122 1362 2310 1406 sancta
2347 1366 2477 1403 caro
2526 1351 2803 1404 habuerit.
2836 1349 2945 1403 Sua
2985 1351 3131 1402 enim
3168 1348 3389 1416 propria
3439 1357 3576 1410 erat,

1959 1455 2014 1498 et
2057 1459 2166 1496 non
2211 1444 2442 1497 alterius
2474 1439 2779 1512 cuiuspiam
2814 1441 2920 1496 sibi
2972 1441 3321 1500 assistentis.
3358 1450 3414 1493 et
3456 1454 3581 1507 pro-

1964 1539 2200 1608 prietate
2251 1553 2503 1606 personae
2560 1535 2842 1605 separati,
2903 1536 3049 1589 sicut
3097 1534 3267 1602 impio
3322 1532 3579 1587 Nestorio

1960 1631 2197 1685 videtur.
2234 1630 2402 1698 Igitur
2433 1639 2584 1683 tanta
2615 1629 2837 1696 quidem
2884 1625 3102 1679 Domini
3138 1626 3483 1696 benignitas,
3521 1634 3579 1676 ut

1960 1723 2181 1794 proprio
2232 1722 2496 1792 figmento
2554 1721 2874 1775 misericors
2925 1728 3094 1773 esset.
3156 1718 3392 1770 Satanas
3449 1730 3580 1769 vero

1958 1818 2051 1886 qui
2089 1817 2244 1886 prius
2291 1815 2582 1870 mulierem
2626 1814 2971 1881 alligaverat,
3017 1813 3194 1867 morbi
3245 1811 3579 1865 solutionem

1961 1909 2174 1974 dolens,
2219 1916 2273 1962 et
2320 1923 2442 1961 eam
2489 1907 2724 1974 amplius
2773 1906 3016 1972 aliligere
3064 1906 3332 1973 cupiens,
3388 1902 3578 1972 alligat

1961 2000 2265 2071 principem
2301 1999 2604 2070 Synagogcc
2641 1999 2866 2061 invidia,
2895 2009 2944 2053 et
2979 2015 3075 2067 per
3099 2013 3162 2052 os
3184 1999 3306 2066 ejus
3336 1997 3577 2050 miracu-

1963 2095 2072 2149 lmn
2110 2094 2526 2150 calumniatur:
2585 2108 2738 2146 more
2786 2092 2933 2145 enim
2995 2107 3098 2146 suo
3163 2090 3323 2143 bonis
3377 2088 3580 2156 ubique

1963 2188 2213 2256 imponit.
2249 2186 2571 2255 Indignatur
2603 2200 2734 2254 ergo
2760 2183 2907 2254 quod
2945 2183 2996 2234 in
3025 2183 3272 2236 Sabbato
3303 2192 3530 2235 sanatur
3567 2205 3576 2238 ;

1964 2296 2127 2351 qucm
2184 2280 2450 2333 Dominus
2507 2275 2896 2346 pulcherrimis
2961 2275 3230 2342 exemplis
3291 2273 3579 2326 brutorum

1959 2372 2280 2427 animalium
2323 2371 2524 2441 arguit.
2589 2369 2744 2424 Unde
2783 2384 2888 2422 non
2943 2369 3061 2436 ipse
3112 2377 3323 2421 tantum
3383 2364 3583 2419 talibus

1961 2463 2332 2525 serluuuibus,
2388 2462 2482 2516 sed
2533 2471 2589 2515 et
2639 2476 2832 2514 omnes
2864 2461 2955 2513 alii
3006 2459 3096 2527 qui
3139 2458 3579 2512 adtersabantur

1958 2557 2115 2620 Jesu,
2156 2557 2656 2612 conluudebantur.
2704 2553 2915 2623 Magna:
2948 2556 3096 2607 cnim
3131 2552 3381 2606 stultitia:
3421 2557 3580 2614 erat,

1962 2652 2257 2722 prohibere
2324 2651 2604 2704 hominem
2675 2649 2864 2702 sanari
2925 2648 2978 2700 in
3047 2647 3292 2700 Sahbato
3357 2654 3582 2712 propter

1961 2747 2133 2801 otium
2165 2744 2312 2815 quod
2345 2744 2525 2814 aliqua
2559 2759 2624 2797 ex
2673 2751 2827 2811 parte
2881 2743 2935 2794 in
2971 2739 3217 2794 Sabbato
3250 2740 3333 2792 lex
3370 2752 3580 2807 praace-

1963 2849 2140 2909 perat.
2183 2837 2356 2907 Igitur
2387 2839 2480 2907 qui
2512 2837 2953 2892 adversabantur
2981 2833 3134 2898 Jesu,
3171 2832 3586 2887 confundeban-

1963 2941 2074 2985 tur.
2105 2928 2306 2984 Turba:
2341 2942 2527 2984 autem
2563 2930 2878 3000 gaudebant
2914 2928 2967 2982 in
3001 2926 3301 2995 operibus,
3339 2925 3481 2979 sicut
3506 2922 3584 2976 illi

1962 3024 2224 3094 operibus
2262 3039 2367 3078 non
2415 3024 2763 3095 gaudebant,
2815 3022 2909 3075 sed
2938 3018 3314 3080 insaniebant,
3363 3015 3586 3071 Christo

1964 3117 2202 3173 faciente
2230 3117 2519 3185 miracula.
2560 3119 2625 3170 At
2653 3115 2829 3170 turbae
2875 3129 2940 3168 ex
2973 3109 3256 3166 miraculis
3285 3109 3587 3164 utilitatem

1964 3210 2356 3281 percipieules.
2410 3201 2758 3277 gaudebant,
2804 3207 3046 3260 maxime
3078 3205 3223 3275 quod
3283 3202 3588 3260 sanationi-

1964 3306 2065 3359 bus
2095 3304 2439 3358 fruerentur.
2484 3301 2767 3372 lntelligas
2821 3307 3030 3365 autem,
3067 3313 3206 3364 oro,
3259 3295 3585 3351 miraculum

1964 3396 2110 3450 istud
2149 3396 2314 3450 etiam
2353 3395 2420 3449 de
2453 3397 2672 3449 interno
2723 3393 2972 3448 homine.
3026 3392 3360 3447 lncurvatur
3401 3389 3585 3444 anima

1963 3491 2184 3559 quando
2218 3491 2284 3543 ad
2341 3500 2594 3544 terrenas
2646 3498 2859 3542 tantum
2912 3502 3076 3542 curas
3117 3486 3331 3554 vergit,
3360 3494 3416 3540 et
3448 3482 3585 3539 nihil

1965 3585 2196 3640 caeleste
2235 3585 2315 3639 vel
2341 3585 2587 3638 divinum
2623 3598 2810 3638 secum
2854 3583 3114 3652 concipit.
3149 3579 3360 3635 Idcirco
3396 3580 3585 3634 decem

1967 3689 2017 3733 et
2055 3689 2182 3733 octo
2213 3667 2376 3732 anuis
2411 3687 2684 3747 aegrotare
2731 3676 2958 3730 dicitur.
3008 3674 3242 3741 Quando
3283 3673 3431 3728 enim
3463 3673 3589 3740 quis

1966 3772 2018 3823 in
2055 3768 2449 3824 observatione
2481 3768 2871 3822 mandatorum
2904 3766 3102 3821 divina:
3132 3764 3270 3833 legis
3305 3778 3430 3833 quae
3460 3770 3591 3817 sunt

1963 3864 2177 3928 decem,
2218 3870 2273 3916 et
2310 3860 2362 3914 in
2417 3876 2516 3932 spe
2550 3860 2733 3928 octavi
2771 3861 2956 3915 διορυιί
2991 3859 3247 3914 infirmus
3279 3856 3470 3922 fuerit,
3497 3856 3592 3910 de-

1963 3970 2080 4009 cem
2114 3964 2169 4008 et
2209 3964 2335 4010 octo
2371 3956 2532 4010 annis
2562 3955 2764 4010 dicitur
2796 3954 3100 4009 incurvari.
3151 3955 3350 4007 Annon
3399 3953 3592 4006 incur-

1963 4058 2127 4101 vatur
2175 4057 2231 4102 et
2263 4047 2618 4101 contrahitur
2667 4047 2757 4116 qui
2809 4047 3052 4101 terrenis
3091 4045 3348 4100 addictus
3399 4051 3593 4115 peccat

1964 4153 2207 4210 semper,
2255 4140 2513 4194 mandata
2563 4141 2864 4210 reprobat,
2909 4147 2965 4193 et
3022 4138 3267 4193 futurum
3326 4136 3589 4192 saeculum

1965 4249 2072 4287 non
2161 4234 2497 4303 exspectat?
2561 4232 2669 4288 Sed
2755 4231 3027 4286 Dominus
3100 4231 3154 4285 in
3231 4230 3476 4286 Sabbato
3535 4238 3592 4285 et

1968 4323 2258 4397 Syuagoga
2329 4333 2489 4380 sanat
2568 4325 2730 4380 talem
2792 4325 3060 4378 animam.
3131 4321 3366 4391 Quando
3441 4323 3592 4376 enim

1960 4417 2084 4484 quis
2133 4418 2187 4472 iu
2235 4416 2418 4487 seipse
2475 4415 2682 4487 colligit
2743 4414 3112 4470 confessionis
3168 4414 3580 4484 cogitationes:

1961 4506 2132 4564 Jmlas
2182 4511 2328 4565 enim
2379 4509 2655 4564 confessio
2689 4508 2913 4578 dicitur,
2965 4519 3020 4563 et
3075 4506 3380 4562 Sabbatom
3416 4513 3591 4570 tenet,

247 4593 350 4658 λας
377 4595 582 4660 ἀθετεῖ,
615 4599 708 4650 καὶ
739 4599 831 4650 τὸν
866 4595 1139 4667 μέλλοντα
1168 4600 1344 4654 αίῶνα
1368 4601 1428 4653 οὐ
1459 4601 1856 4674 προσδέχεται;

1969 4600 2071 4656 hoc
2106 4610 2213 4667 est,
2250 4601 2484 4656 feriatur
2524 4617 2555 4656 a
2600 4601 2761 4656 malis
2799 4619 2812 4654 ε
2852 4609 2984 4655 tunc
3029 4614 3154 4655 eum
3191 4609 3358 4654 sanat
3405 4597 3590 4666 Jesus,

247 4687 397 4742 Ἀλλ’
427 4690 454 4742 6
488 4689 694 4760 Κύριος
723 4692 782 4743 ὲν
809 4693 1074 4764 Σαϐϐάτῳ
1098 4694 1193 4746 καὶ
1222 4693 1526 4765 Συναγωγῇ
1555 4694 1855 4769 θεραπεύει

246 4779 351 4850 τὴν
403 4779 660 4851 τοιαύτην
699 4780 902 4852 ψυχήν.
956 4784 1131 4860 Ὅταν
1164 4789 1274 4855 γὰρ
1325 4786 1615 4857 συναγάγῃ
1662 4804 1746 4850 τις
1800 4789 1858 4842 ὲν

249 4871 436 4942 ἑαυτῷ
469 4873 598 4936 τοὺς
630 4873 730 4941 τῆς
788 4875 1236 4946 ἑξομολογήσεως
1266 4879 1567 4947 λογισμούς
1589 4895 1602 4910 ·
1653 4880 1858 4945 Ἰούδας

247 4969 362 5034 γὰρ
417 4965 812 5038 ἐξομολόγησις
859 4969 1146 5038 λέγεταιο,
1183 4970 1280 5024 καὶ
1331 4971 1614 5027 Σάϐϐατον
1663 4973 1855 5044 σχοίη,

247 5059 530 5111 τουτέστιν
560 5059 761 5130 ἀργίαν
791 5062 902 5114 ἀπὸ
948 5061 1057 5115 τῶν
1112 5062 1326 5128 κακῶν,
1373 5063 1496 5117 τότε
1551 5063 1852 5135 θεραπεύει

247 5153 417 5206 αὑτὸν
445 5155 473 5206 6
521 5153 754 5224 Ἰησοῦς,
774 5157 835 5208 οὐ
871 5158 1015 5227 λόγῳ
1047 5158 1196 5229 μόνῳ
1229 5157 1405 5228 λέγων
1443 5159 1593 5231 αὐτῷ
1623 5159 1851 5214 Ἀπολέ-

1973 4709 2078 4749 non
2111 4708 2370 4749 sermone
2407 4702 2621 4749 tantum
2667 4695 2862 4750 dicens
2895 4695 2946 4748 ei
2979 4713 2991 4748 :
3040 4693 3331 4749 Liberatus
3377 4703 3498 4747 esto
3523 4693 3593 4746 ab

1970 4789 2295 4846 iulirmitate
2346 4799 2436 4845 tua
2493 4807 2508 4844 :
2563 4803 2661 4847 sed
2715 4803 2771 4846 et
2824 4806 3018 4847 manus
3071 4793 3381 4861 imponens.
3440 4788 3593 4859 Opus

1969 4885 2116 4940 enim
2173 4895 2260 4942 est
2315 4885 2477 4940 nobis
2526 4893 2586 4939 ut
2628 4884 2697 4940 ad
2746 4885 3091 4956 operandam
3148 4899 3316 4956 opera
3368 4883 3592 4938 virtutis

1969 4977 2342 5046 suscipiamus
2377 4985 2432 5030 et
2462 4977 2776 5032 divinarum
2810 4991 3074 5031 manumn
3113 4973 3587 5044 cooperationem,

1968 5081 2026 5125 et
2067 5085 2176 5126 non
2214 5085 2310 5141 per
2351 5068 2529 5125 solum
2575 5071 2805 5126 verbum
2835 5076 2890 5124 et
2938 5069 3340 5125 instructiones
3379 5068 3590 5122 erudiri

1968 5163 2236 5228 contenti,
2279 5173 2538 5234 putemus
2582 5178 2682 5218 nos
2722 5162 3017 5219 sanitatem
3055 5171 3408 5217 consecutos.

248 5246 413 5300 λυσαι
444 5245 545 5316 τῆς
584 5246 874 5313 ἀσθενείας
908 5266 1027 5312 σου,
1095 5250 1234 5304 ἀλλὰ
1307 5255 1402 5306 καὶ
1468 5253 1568 5317 τὰς
1620 5257 1811 5325 χεῖρας
1876 5253 2092 5319 ἐπιθείς
2159 5255 2242 5309 δεῖ
2311 5254 2422 5327 γὰρ
2478 5257 2628 5328 ἡμᾶς
2691 5255 2789 5309 καὶ
2842 5253 2941 5325 τὴν
2995 5253 3105 5307 τῶν
3163 5254 3327 5308 θείων
3387 5253 3592 5327 χειρῶν

251 5338 551 5406 συνεργίαν
583 5340 721 5411 πρὸς
773 5341 834 5394 τὸ
875 5335 1139 5412 τὲράττειν
1172 5343 1242 5397 τὰ
1287 5345 1386 5413 τῆς
1445 5345 1646 5416 ἀρετῆς
1693 5345 1831 5416 ἔργα
1878 5346 2160 5416 δέξασθαι,
2197 5349 2294 5404 καὶ
2369 5349 2448 5421 μὴ
2511 5350 2601 5404 διὰ
2665 5351 2830 5419 λόγου
2874 5351 3040 5422 μόνου
3081 5349 3179 5404 καὶ
3221 5350 3591 5420 κατηχήσεως

247 5429 351 5500 τὴν
381 5429 684 5503 θεραπείαν
712 5432 897 5488 λαϐεῖν
928 5434 1221 5500 δοκοῦντας
1256 5437 1618 5508 ἀρκεσθῆναι.

331 5541 350 5576 t
383 5525 578 5594 Ἔλεγε
609 5525 689 5590 δὲ,
718 5523 839 5580 Τίνι
865 5528 1031 5598 ὁμοία
1056 5529 1207 5582 ἐστὶν
1230 5530 1264 5600 ἡ
1294 5529 1544 5600 βασιλεία
1580 5530 1674 5586 τοῦ
1701 5532 1863 5601 Θεοῦ,

252 5617 351 5671 καὶ
379 5616 488 5671 τίνι
535 5617 794 5689 ὁμοιώσω
827 5620 1036 5691 αὐτήν;
1083 5620 1280 5692 Ὁμοία
1324 5624 1444 5676 εστὶ
1485 5624 1677 5696 κόκκῳ
1713 5627 1868 5681 σινάο

253 5729 425 5780 mror,
454 5711 514 5767 6v
545 5712 730 5770 λαϐὼν
756 5715 1049 5789 ἄνθρωπος
1084 5714 1281 5772 ἔϐαλεν
1314 5719 1396 5782 εἰς
1425 5717 1607 5788 κῆπον
1643 5719 1862 5787 ἑαυτοῦ,

253 5807 348 5860 καὶ
377 5805 618 5876 ηὔξησε,
655 5808 750 5862 καὶ
795 5809 1015 5878 ἐγένετο
1064 5810 1146 5875 είς
1192 5809 1411 5882 δένδρον
1448 5813 1614 5884 μέγα,
1669 5815 1764 5868 καὶ
1797 5814 1867 5868 τὰ

259 5897 485 5952 πετεινά
513 5897 606 5952 τοῦ
635 5899 873 5970 οὐρανοῦ
923 5891 1357 5972 κατεσκήνωσαν
1395 5904 1450 5957 ἓν
1499 5905 1614 5968 τοῖς
1648 5903 1865 5971 κλάδοις

2040 5533 2212 5589 Vens.
2266 5529 2455 5588 18-22.
2519 5548 2537 5582 ‹
2601 5529 2831 5585 Dicebat
2879 5543 3063 5600 ergo:
3123 5525 3224 5581 Cui
3274 5525 3454 5581 simile
3507 5534 3594 5580 est

1971 5638 2204 5693 regnum
2236 5620 2372 5676 Dei?
2407 5628 2464 5677 et
2498 5621 2589 5676 cui
2625 5621 2809 5677 simile
2835 5619 3035 5676 faciam
3070 5619 3246 5675 illud?
3275 5617 3467 5673 Simile
3508 5627 3593 5672 est

1970 5731 2142 5789 grano
2176 5716 2356 5786 sinapi
2396 5715 2543 5786 quod
2578 5726 2866 5785 acceptum
2905 5715 3072 5769 homo
3103 5714 3250 5770 misit
3283 5712 3336 5767 in
3369 5711 3589 5767 hortum

1971 5827 2153 5880 suum,
2193 5820 2250 5866 et
2292 5811 2493 5880 crevit,
2528 5821 2584 5866 et
2618 5812 2794 5867 evasit
2831 5810 2884 5865 in
2916 5814 3172 5866 arborem
3206 5824 3488 5878 magnam,
3537 5818 3592 5861 et

1972 5907 2228 5964 volucres
2253 5903 2424 5978 388
2460 5904 2584 5962 coeli
2627 5904 3020 5962 nidulabantur
3053 5905 3106 5959 in
3140 5903 3307 5960 ramis
3348 5903 3490 5976 ejus.
3528 5903 3593 5955 Et
