  <div class='ocr_page' id='page_1' title='image "/cluster/home/n/w/nwhite01/storage/ocr_20150623/123/nnc1.0046979670/499.png"; bbox 0 0 4256 6432; ppageno 0'>
   <div class='ocr_carea' id='block_1_1' title="bbox 766 411 868 472">
    <p class='ocr_par' dir='ltr' id='par_1_1' title="bbox 766 411 868 472">
     <span class='ocr_line' id='line_1_1' title="bbox 766 411 868 472; baseline -0.02 0"><span class='ocrx_word' id='word_1_1' title='bbox 766 411 868 472; x_wconf 76' lang='grc'><strong>919</strong></span> 
     </span>
    </p>
   </div>
   <div class='ocr_carea' id='block_1_2' title="bbox 1616 386 3051 464">
    <p class='ocr_par' dir='ltr' id='par_1_2' title="bbox 1616 386 3051 464">
     <span class='ocr_line' id='line_1_2' title="bbox 1616 386 3051 464; baseline -0.013 -1"><span class='ocrx_word' id='word_1_2' title='bbox 1616 401 2199 464; x_wconf 66' lang='grc' dir='ltr'><strong>ΤίἸΕυΡΙιΥίιΜΠῚ</strong></span> <span class='ocrx_word' id='word_1_3' title='bbox 2244 392 2653 459; x_wconf 66' lang='grc' dir='ltr'>Βυιῦιιιιιάι</span> <span class='ocrx_word' id='word_1_4' title='bbox 2696 386 3051 450; x_wconf 75' lang='lat' dir='ltr'><strong>ARCHlEP.</strong></span> 
     </span>
    </p>
   </div>
   <div class='ocr_carea' id='block_1_3' title="bbox 3932 363 4043 430">
    <p class='ocr_par' dir='ltr' id='par_1_3' title="bbox 3932 363 4043 430">
     <span class='ocr_line' id='line_1_3' title="bbox 3932 363 4043 430; baseline 0 -3"><span class='ocrx_word' id='word_1_5' title='bbox 3932 363 4043 430; x_wconf 78' lang='lat'><strong>920</strong></span> 
     </span>
    </p>
   </div>
   <div class='ocr_carea' id='block_1_4' title="bbox 767 474 2354 583">
    <p class='ocr_par' dir='ltr' id='par_1_4' title="bbox 767 508 2347 583">
     <span class='ocr_line' id='line_1_4' title="bbox 767 508 2347 583; baseline -0.009 -10"><span class='ocrx_word' id='word_1_6' title='bbox 767 538 962 579; x_wconf 70' lang='lat' dir='ltr'><strong>verum</strong></span> <span class='ocrx_word' id='word_1_7' title='bbox 999 519 1132 573; x_wconf 73' lang='lat' dir='ltr'><strong>dixit</strong></span> <span class='ocrx_word' id='word_1_8' title='bbox 1167 537 1178 572; x_wconf 89' lang='lat'>:</span> <span class='ocrx_word' id='word_1_9' title='bbox 1218 517 1314 572; x_wconf 84' lang='lat' dir='ltr'><strong>Cui</strong></span> <span class='ocrx_word' id='word_1_10' title='bbox 1365 515 1543 571; x_wconf 87' lang='lat' dir='ltr'><strong>simile</strong></span> <span class='ocrx_word' id='word_1_11' title='bbox 1590 514 1784 568; x_wconf 92' lang='lat' dir='ltr'><strong>faciam</strong></span> <span class='ocrx_word' id='word_1_12' title='bbox 1824 526 2046 583; x_wconf 85' lang='lat' dir='ltr'><strong>regnum</strong></span> <span class='ocrx_word' id='word_1_13' title='bbox 2084 509 2212 567; x_wconf 86' lang='lat' dir='ltr'><strong>Dei?</strong></span> <span class='ocrx_word' id='word_1_14' title='bbox 2260 508 2347 561; x_wconf 84' lang='lat' dir='ltr'><strong>Si-</strong></span> 
     </span>
    </p>
   </div>
   <div class='ocr_carea' id='block_1_5' title="bbox 2451 474 4038 583">
    <p class='ocr_par' dir='ltr' id='par_1_5' title="bbox 2455 474 4038 558">
     <span class='ocr_line' id='line_1_5' title="bbox 2455 474 4038 558; baseline -0.02 0"><span class='ocrx_word' id='word_1_15' title='bbox 2455 500 2641 558; x_wconf 75' lang='grc' dir='ltr'>αύτοῦ.</span> <span class='ocrx_word' id='word_1_16' title='bbox 2679 498 2846 553; x_wconf 76' lang='grc' dir='ltr'>Πάλιν</span> <span class='ocrx_word' id='word_1_17' title='bbox 2886 490 3030 549; x_wconf 56' lang='grc' dir='ltr'>εἷπε</span> <span class='ocrx_word' id='word_1_18' title='bbox 3062 492 3106 544; x_wconf 87' lang='grc' dir='ltr'><strong>Τ</strong></span> <span class='ocrx_word' id='word_1_19' title='bbox 3113 489 3181 543; x_wconf 84' lang='grc' dir='ltr'><strong>ίνι</strong></span> <span class='ocrx_word' id='word_1_20' title='bbox 3211 483 3465 551; x_wconf 75' lang='grc' dir='ltr'>ὁμοιώσω</span> <span class='ocrx_word' id='word_1_21' title='bbox 3492 482 3590 553; x_wconf 81' lang='grc' dir='ltr'>τὴν</span> <span class='ocrx_word' id='word_1_22' title='bbox 3623 478 3910 551; x_wconf 70' lang='grc' dir='ltr'>βασιλείαν</span> <span class='ocrx_word' id='word_1_23' title='bbox 3941 474 4038 527; x_wconf 73' lang='grc' dir='ltr'>τοῦ</span> 
     </span>
    </p>
   </div>
   <div class='ocr_carea' id='block_1_6' title="bbox 764 601 2346 675">
    <p class='ocr_par' dir='ltr' id='par_1_6' title="bbox 764 601 2346 675">
     <span class='ocr_line' id='line_1_6' title="bbox 764 601 2346 675; baseline -0.004 -16"><span class='ocrx_word' id='word_1_24' title='bbox 764 611 892 661; x_wconf 84' lang='lat' dir='ltr'><strong>inilc</strong></span> <span class='ocrx_word' id='word_1_25' title='bbox 922 620 1016 663; x_wconf 74' lang='lat' dir='ltr'><strong>esto</strong></span> <span class='ocrx_word' id='word_1_26' title='bbox 1038 612 1330 669; x_wconf 86' lang='lat' dir='ltr'><strong>fermento,</strong></span> <span class='ocrx_word' id='word_1_27' title='bbox 1359 607 1499 675; x_wconf 89' lang='lat' dir='ltr'><strong>quod</strong></span> <span class='ocrx_word' id='word_1_28' title='bbox 1525 602 1806 671; x_wconf 87' lang='lat' dir='ltr'><strong>acceptum</strong></span> <span class='ocrx_word' id='word_1_29' title='bbox 1838 605 2030 657; x_wconf 87' lang='lat' dir='ltr'><strong>mulier</strong></span> <span class='ocrx_word' id='word_1_30' title='bbox 2060 601 2346 656; x_wconf 86' lang='lat' dir='ltr'><strong>abscondit</strong></span> 
     </span>
    </p>
   </div>
   <div class='ocr_carea' id='block_1_7' title="bbox 766 686 2345 762">
    <p class='ocr_par' dir='ltr' id='par_1_7' title="bbox 766 686 2345 762">
     <span class='ocr_line' id='line_1_7' title="bbox 766 686 2345 762; baseline -0.004 -11"><span class='ocrx_word' id='word_1_31' title='bbox 766 702 816 751; x_wconf 90' lang='lat' dir='ltr'><strong>in</strong></span> <span class='ocrx_word' id='word_1_32' title='bbox 854 698 1041 751; x_wconf 68' lang='lat' dir='ltr'><strong>farinae</strong></span> <span class='ocrx_word' id='word_1_33' title='bbox 1074 686 1191 750; x_wconf 89' lang='lat' dir='ltr'><strong>sata</strong></span> <span class='ocrx_word' id='word_1_34' title='bbox 1240 698 1341 750; x_wconf 86' lang='lat' dir='ltr'><strong>tria</strong></span> <span class='ocrx_word' id='word_1_35' title='bbox 1368 738 1382 762; x_wconf 94' lang='lat'><strong>,</strong></span> <span class='ocrx_word' id='word_1_36' title='bbox 1424 696 1599 750; x_wconf 89' lang='lat' dir='ltr'><strong>donec</strong></span> <span class='ocrx_word' id='word_1_37' title='bbox 1648 694 2000 749; x_wconf 83' lang='lat' dir='ltr'><strong>fermeuletur</strong></span> <span class='ocrx_word' id='word_1_38' title='bbox 2035 701 2230 745; x_wconf 89' lang='lat' dir='ltr'><strong>totum.</strong></span> <span class='ocrx_word' id='word_1_39' title='bbox 2277 691 2345 744; x_wconf 85' lang='lat' dir='ltr'><strong>Et</strong></span> 
     </span>
    </p>
   </div>
   <div class='ocr_carea' id='block_1_8' title="bbox 765 785 2344 857">
    <p class='ocr_par' dir='ltr' id='par_1_8' title="bbox 765 785 2344 857">
     <span class='ocr_line' id='line_1_8' title="bbox 765 785 2344 857; baseline 0 -20"><span class='ocrx_word' id='word_1_40' title='bbox 765 791 874 843; x_wconf 92' lang='lat' dir='ltr'><strong>ihat</strong></span> <span class='ocrx_word' id='word_1_41' title='bbox 903 806 997 857; x_wconf 86' lang='lat' dir='ltr'><strong>per</strong></span> <span class='ocrx_word' id='word_1_42' title='bbox 1026 791 1278 844; x_wconf 72' lang='lat' dir='ltr'><strong>civitates</strong></span> <span class='ocrx_word' id='word_1_43' title='bbox 1308 799 1362 844; x_wconf 93' lang='lat' dir='ltr'><strong>et</strong></span> <span class='ocrx_word' id='word_1_44' title='bbox 1393 788 1614 843; x_wconf 81' lang='lat' dir='ltr'><strong>castella</strong></span> <span class='ocrx_word' id='word_1_45' title='bbox 1651 789 1876 851; x_wconf 82' lang='lat' dir='ltr'><strong>docens,</strong></span> <span class='ocrx_word' id='word_1_46' title='bbox 1911 797 1964 839; x_wconf 92' lang='lat' dir='ltr'><strong>et</strong></span> <span class='ocrx_word' id='word_1_47' title='bbox 2007 789 2108 840; x_wconf 86' lang='lat' dir='ltr'><strong>iter</strong></span> <span class='ocrx_word' id='word_1_48' title='bbox 2140 785 2344 839; x_wconf 85' lang='lat' dir='ltr'><strong>faciens</strong></span> 
     </span>
    </p>
   </div>
   <div class='ocr_carea' id='block_1_9' title="bbox 763 878 2342 951">
    <p class='ocr_par' dir='ltr' id='par_1_9' title="bbox 763 878 2342 951">
     <span class='ocr_line' id='line_1_9' title="bbox 763 878 2342 951; baseline -0.002 -20"><span class='ocrx_word' id='word_1_49' title='bbox 763 878 1217 951; x_wconf 81' lang='lat' dir='ltr'><strong>Hierosolymam.</strong></span> <span class='ocrx_word' id='word_1_50' title='bbox 1262 900 1277 933; x_wconf 77' lang='grc' dir='ltr'><strong>ι</strong></span> <span class='ocrx_word' id='word_1_51' title='bbox 1321 880 1503 936; x_wconf 85' lang='lat' dir='ltr'><strong>Grano</strong></span> <span class='ocrx_word' id='word_1_52' title='bbox 1561 879 1734 947; x_wconf 81' lang='lat' dir='ltr'><strong>sinapi</strong></span> <span class='ocrx_word' id='word_1_53' title='bbox 1792 887 2070 946; x_wconf 84' lang='lat' dir='ltr'><strong>comparat</strong></span> <span class='ocrx_word' id='word_1_54' title='bbox 2121 891 2342 944; x_wconf 78' lang='lat' dir='ltr'><strong>regnum</strong></span> 
     </span>
    </p>
   </div>
   <div class='ocr_carea' id='block_1_10' title="bbox 765 968 2341 1043">
    <p class='ocr_par' dir='ltr' id='par_1_10' title="bbox 765 968 2341 1043">
     <span class='ocr_line' id='line_1_10' title="bbox 765 968 2341 1043; baseline -0.004 -18"><span class='ocrx_word' id='word_1_55' title='bbox 765 975 878 1027; x_wconf 73' lang='lat' dir='ltr'><strong>llei.</strong></span> <span class='ocrx_word' id='word_1_56' title='bbox 913 972 1159 1043; x_wconf 78' lang='lat' dir='ltr'><strong>Regnum</strong></span> <span class='ocrx_word' id='word_1_57' title='bbox 1193 982 1373 1026; x_wconf 87' lang='lat' dir='ltr'><strong>autem</strong></span> <span class='ocrx_word' id='word_1_58' title='bbox 1409 972 1502 1026; x_wconf 69' lang='lat' dir='ltr'><strong>Dei</strong></span> <span class='ocrx_word' id='word_1_59' title='bbox 1539 970 1856 1041; x_wconf 72' lang='lat' dir='ltr'><strong>prmdicatio</strong></span> <span class='ocrx_word' id='word_1_60' title='bbox 1894 982 2000 1032; x_wconf 79' lang='lat' dir='ltr'><strong>cst,</strong></span> <span class='ocrx_word' id='word_1_61' title='bbox 2033 980 2089 1023; x_wconf 90' lang='lat' dir='ltr'><strong>et</strong></span> <span class='ocrx_word' id='word_1_62' title='bbox 2118 968 2341 1021; x_wconf 86' lang='lat' dir='ltr'><strong>verbum</strong></span> 
     </span>
    </p>
   </div>
   <div class='ocr_carea' id='block_1_11' title="bbox 762 1060 2347 1134">
    <p class='ocr_par' dir='ltr' id='par_1_11' title="bbox 762 1060 2347 1134">
     <span class='ocr_line' id='line_1_11' title="bbox 762 1060 2347 1134; baseline -0.003 -15"><span class='ocrx_word' id='word_1_63' title='bbox 762 1066 878 1120; x_wconf 88' lang='lat' dir='ltr'><strong>Dei.</strong></span> <span class='ocrx_word' id='word_1_64' title='bbox 914 1066 1015 1120; x_wconf 83' lang='lat' dir='ltr'><strong>Per</strong></span> <span class='ocrx_word' id='word_1_65' title='bbox 1049 1064 1494 1134; x_wconf 64' lang='lat' dir='ltr'><strong>praedicationem</strong></span> <span class='ocrx_word' id='word_1_66' title='bbox 1523 1064 1669 1119; x_wconf 90' lang='lat' dir='ltr'><strong>enim</strong></span> <span class='ocrx_word' id='word_1_67' title='bbox 1707 1062 1955 1132; x_wconf 82' lang='lat' dir='ltr'><strong>regnavit</strong></span> <span class='ocrx_word' id='word_1_68' title='bbox 1981 1062 2033 1115; x_wconf 91' lang='lat' dir='ltr'><strong>iu</strong></span> <span class='ocrx_word' id='word_1_69' title='bbox 2061 1060 2347 1116; x_wconf 80' lang='lat' dir='ltr'><strong>animabus</strong></span> 
     </span>
    </p>
   </div>
   <div class='ocr_carea' id='block_1_12' title="bbox 761 1152 2344 1221">
    <p class='ocr_par' dir='ltr' id='par_1_12' title="bbox 761 1152 2344 1221">
     <span class='ocr_line' id='line_1_12' title="bbox 761 1152 2344 1221; baseline -0.003 -13"><span class='ocrx_word' id='word_1_70' title='bbox 761 1156 1062 1211; x_wconf 86' lang='lat' dir='ltr'><strong>hominum.</strong></span> <span class='ocrx_word' id='word_1_71' title='bbox 1120 1156 1412 1210; x_wconf 82' lang='lat' dir='ltr'><strong>Enimvero</strong></span> <span class='ocrx_word' id='word_1_72' title='bbox 1446 1156 1589 1209; x_wconf 87' lang='lat' dir='ltr'><strong>sicut</strong></span> <span class='ocrx_word' id='word_1_73' title='bbox 1640 1154 1815 1221; x_wconf 82' lang='lat' dir='ltr'><strong>sinapi</strong></span> <span class='ocrx_word' id='word_1_74' title='bbox 1866 1153 2078 1207; x_wconf 86' lang='lat' dir='ltr'><strong>videtur</strong></span> <span class='ocrx_word' id='word_1_75' title='bbox 2126 1152 2344 1218; x_wconf 80' lang='lat' dir='ltr'><strong>quidem</strong></span> 
     </span>
    </p>
   </div>
   <div class='ocr_carea' id='block_1_13' title="bbox 760 1242 2340 1315">
    <p class='ocr_par' dir='ltr' id='par_1_13' title="bbox 760 1242 2340 1315">
     <span class='ocr_line' id='line_1_13' title="bbox 760 1242 2340 1315; baseline -0.003 -15"><span class='ocrx_word' id='word_1_76' title='bbox 760 1263 982 1315; x_wconf 88' lang='lat' dir='ltr'><strong>parvum</strong></span> <span class='ocrx_word' id='word_1_77' title='bbox 1024 1264 1179 1311; x_wconf 88' lang='lat' dir='ltr'><strong>esse,</strong></span> <span class='ocrx_word' id='word_1_78' title='bbox 1234 1247 1457 1301; x_wconf 89' lang='lat' dir='ltr'><strong>multam</strong></span> <span class='ocrx_word' id='word_1_79' title='bbox 1489 1254 1669 1298; x_wconf 86' lang='lat' dir='ltr'><strong>autem</strong></span> <span class='ocrx_word' id='word_1_80' title='bbox 1717 1245 1877 1299; x_wconf 85' lang='lat' dir='ltr'><strong>habet</strong></span> <span class='ocrx_word' id='word_1_81' title='bbox 1929 1243 2212 1305; x_wconf 83' lang='lat' dir='ltr'><strong>virtutem,</strong></span> <span class='ocrx_word' id='word_1_82' title='bbox 2268 1242 2340 1295; x_wconf 88' lang='lat' dir='ltr'><strong>ita</strong></span> 
     </span>
    </p>
   </div>
   <div class='ocr_carea' id='block_1_14' title="bbox 757 1335 2339 1409">
    <p class='ocr_par' dir='ltr' id='par_1_14' title="bbox 757 1335 2339 1409">
     <span class='ocr_line' id='line_1_14' title="bbox 757 1335 2339 1409; baseline -0.003 -15"><span class='ocrx_word' id='word_1_83' title='bbox 757 1348 810 1394; x_wconf 85' lang='lat' dir='ltr'><strong>et</strong></span> <span class='ocrx_word' id='word_1_84' title='bbox 856 1354 1037 1394; x_wconf 90' lang='lat' dir='ltr'><strong>sermo</strong></span> <span class='ocrx_word' id='word_1_85' title='bbox 1085 1338 1364 1409; x_wconf 77' lang='lat' dir='ltr'><strong>Evangelii</strong></span> <span class='ocrx_word' id='word_1_86' title='bbox 1405 1338 1779 1393; x_wconf 84' lang='lat' dir='ltr'><strong>contemnitur</strong></span> <span class='ocrx_word' id='word_1_87' title='bbox 1819 1336 2040 1405; x_wconf 82' lang='lat' dir='ltr'><strong>quidem</strong></span> <span class='ocrx_word' id='word_1_88' title='bbox 2074 1351 2103 1389; x_wconf 87' lang='lat' dir='ltr'><strong>a</strong></span> <span class='ocrx_word' id='word_1_89' title='bbox 2134 1335 2339 1401; x_wconf 90' lang='lat' dir='ltr'><strong>multis,</strong></span> 
     </span>
    </p>
   </div>
   <div class='ocr_carea' id='block_1_15' title="bbox 756 1428 2343 1500">
    <p class='ocr_par' dir='ltr' id='par_1_15' title="bbox 756 1428 2343 1500">
     <span class='ocr_line' id='line_1_15' title="bbox 756 1428 2343 1500; baseline -0.003 -15"><span class='ocrx_word' id='word_1_90' title='bbox 756 1442 812 1485; x_wconf 91' lang='lat' dir='ltr'><strong>et</strong></span> <span class='ocrx_word' id='word_1_91' title='bbox 867 1441 1088 1500; x_wconf 81' lang='lat' dir='ltr'><strong>apparet</strong></span> <span class='ocrx_word' id='word_1_92' title='bbox 1125 1445 1251 1485; x_wconf 74' lang='lat' dir='ltr'><strong>esse</strong></span> <span class='ocrx_word' id='word_1_93' title='bbox 1288 1430 1517 1484; x_wconf 77' lang='lat' dir='ltr'><strong>stultitia</strong></span> <span class='ocrx_word' id='word_1_94' title='bbox 1562 1448 1576 1483; x_wconf 88' lang='lat'><strong>:</strong></span> <span class='ocrx_word' id='word_1_95' title='bbox 1633 1445 1757 1484; x_wconf 90' lang='lat' dir='ltr'><strong>cum</strong></span> <span class='ocrx_word' id='word_1_96' title='bbox 1820 1444 1948 1483; x_wconf 90' lang='lat' dir='ltr'><strong>vero</strong></span> <span class='ocrx_word' id='word_1_97' title='bbox 1992 1428 2143 1483; x_wconf 91' lang='lat' dir='ltr'><strong>illum</strong></span> <span class='ocrx_word' id='word_1_98' title='bbox 2181 1428 2343 1482; x_wconf 89' lang='lat' dir='ltr'><strong>homo</strong></span> 
     </span>
    </p>
   </div>
   <div class='ocr_carea' id='block_1_16' title="bbox 757 1520 2345 1592">
    <p class='ocr_par' dir='ltr' id='par_1_16' title="bbox 757 1520 2345 1592">
     <span class='ocr_line' id='line_1_16' title="bbox 757 1520 2345 1592; baseline -0.001 -18"><span class='ocrx_word' id='word_1_99' title='bbox 757 1523 1084 1592; x_wconf 74' lang='lat' dir='ltr'><strong>susceperit,</strong></span> <span class='ocrx_word' id='word_1_100' title='bbox 1118 1531 1172 1577; x_wconf 92' lang='lat' dir='ltr'><strong>et</strong></span> <span class='ocrx_word' id='word_1_101' title='bbox 1208 1523 1418 1578; x_wconf 89' lang='lat' dir='ltr'><strong>miserit</strong></span> <span class='ocrx_word' id='word_1_102' title='bbox 1443 1524 1494 1576; x_wconf 91' lang='lat' dir='ltr'><strong>iu</strong></span> <span class='ocrx_word' id='word_1_103' title='bbox 1529 1523 1747 1577; x_wconf 91' lang='lat' dir='ltr'><strong>hortum</strong></span> <span class='ocrx_word' id='word_1_104' title='bbox 1785 1536 1897 1576; x_wconf 63' lang='lat' dir='ltr'><strong>sua</strong></span> <span class='ocrx_word' id='word_1_105' title='bbox 1928 1523 2144 1585; x_wconf 69' lang='lat' dir='ltr'><strong>animae,</strong></span> <span class='ocrx_word' id='word_1_106' title='bbox 2182 1520 2345 1574; x_wconf 87' lang='lat' dir='ltr'><strong>arbo-</strong></span> 
     </span>
    </p>
   </div>
   <div class='ocr_carea' id='block_1_17' title="bbox 760 1614 2346 1684">
    <p class='ocr_par' dir='ltr' id='par_1_17' title="bbox 760 1614 2346 1684">
     <span class='ocr_line' id='line_1_17' title="bbox 760 1614 2346 1684; baseline -0.001 -17"><span class='ocrx_word' id='word_1_107' title='bbox 760 1631 873 1669; x_wconf 86' lang='lat' dir='ltr'><strong>rem</strong></span> <span class='ocrx_word' id='word_1_108' title='bbox 909 1630 1159 1684; x_wconf 81' lang='lat' dir='ltr'><strong>magnam</strong></span> <span class='ocrx_word' id='word_1_109' title='bbox 1211 1614 1360 1679; x_wconf 88' lang='lat' dir='ltr'><strong>facit,</strong></span> <span class='ocrx_word' id='word_1_110' title='bbox 1394 1615 1465 1667; x_wconf 90' lang='lat' dir='ltr'><strong>ita</strong></span> <span class='ocrx_word' id='word_1_111' title='bbox 1498 1623 1555 1667; x_wconf 90' lang='lat' dir='ltr'><strong>ut</strong></span> <span class='ocrx_word' id='word_1_112' title='bbox 1590 1625 1646 1669; x_wconf 90' lang='lat' dir='ltr'><strong>et</strong></span> <span class='ocrx_word' id='word_1_113' title='bbox 1676 1629 1854 1668; x_wconf 86' lang='lat' dir='ltr'><strong>ramos</strong></span> <span class='ocrx_word' id='word_1_114' title='bbox 1888 1614 2097 1678; x_wconf 88' lang='lat' dir='ltr'><strong>dilatet,</strong></span> <span class='ocrx_word' id='word_1_115' title='bbox 2153 1627 2216 1666; x_wconf 89' lang='lat' dir='ltr'><strong>ac</strong></span> <span class='ocrx_word' id='word_1_116' title='bbox 2255 1627 2346 1666; x_wconf 89' lang='lat' dir='ltr'><strong>vo-</strong></span> 
     </span>
    </p>
   </div>
   <div class='ocr_carea' id='block_1_18' title="bbox 756 1704 2346 1776">
    <p class='ocr_par' dir='ltr' id='par_1_18' title="bbox 756 1704 2346 1776">
     <span class='ocr_line' id='line_1_18' title="bbox 756 1704 2346 1776; baseline 0 -18"><span class='ocrx_word' id='word_1_117' title='bbox 756 1708 922 1760; x_wconf 84' lang='lat' dir='ltr'><strong>latilia</strong></span> <span class='ocrx_word' id='word_1_118' title='bbox 948 1708 1091 1771; x_wconf 81' lang='lat' dir='ltr'><strong>cceli,</strong></span> <span class='ocrx_word' id='word_1_119' title='bbox 1124 1708 1226 1760; x_wconf 93' lang='lat' dir='ltr'><strong>hoc</strong></span> <span class='ocrx_word' id='word_1_120' title='bbox 1252 1716 1361 1773; x_wconf 91' lang='lat' dir='ltr'><strong>est,</strong></span> <span class='ocrx_word' id='word_1_121' title='bbox 1396 1707 1645 1761; x_wconf 80' lang='lat' dir='ltr'><strong>homines</strong></span> <span class='ocrx_word' id='word_1_122' title='bbox 1677 1708 1766 1776; x_wconf 91' lang='lat' dir='ltr'><strong>qui</strong></span> <span class='ocrx_word' id='word_1_123' title='bbox 1809 1707 1861 1760; x_wconf 92' lang='lat' dir='ltr'><strong>iu</strong></span> <span class='ocrx_word' id='word_1_124' title='bbox 1903 1707 2136 1761; x_wconf 87' lang='lat' dir='ltr'><strong>sublime</strong></span> <span class='ocrx_word' id='word_1_125' title='bbox 2164 1704 2346 1760; x_wconf 87' lang='lat' dir='ltr'><strong>volare</strong></span> 
     </span>
    </p>
   </div>
   <div class='ocr_carea' id='block_1_19' title="bbox 760 1799 2347 1868">
    <p class='ocr_par' dir='ltr' id='par_1_19' title="bbox 760 1799 2347 1868">
     <span class='ocr_line' id='line_1_19' title="bbox 760 1799 2347 1868; baseline 0.001 -17"><span class='ocrx_word' id='word_1_126' title='bbox 760 1800 1026 1857; x_wconf 83' lang='lat' dir='ltr'><strong>nituntur.</strong></span> <span class='ocrx_word' id='word_1_127' title='bbox 1074 1801 1230 1854; x_wconf 88' lang='lat' dir='ltr'><strong>nidos</strong></span> <span class='ocrx_word' id='word_1_128' title='bbox 1255 1800 1495 1855; x_wconf 86' lang='lat' dir='ltr'><strong>habeant</strong></span> <span class='ocrx_word' id='word_1_129' title='bbox 1530 1800 1581 1853; x_wconf 91' lang='lat' dir='ltr'><strong>in</strong></span> <span class='ocrx_word' id='word_1_130' title='bbox 1616 1800 1802 1854; x_wconf 89' lang='lat' dir='ltr'><strong>ramis.</strong></span> <span class='ocrx_word' id='word_1_131' title='bbox 1842 1799 1944 1866; x_wconf 82' lang='lat' dir='ltr'><strong>Qui</strong></span> <span class='ocrx_word' id='word_1_132' title='bbox 1973 1801 2118 1854; x_wconf 83' lang='lat' dir='ltr'><strong>enim</strong></span> <span class='ocrx_word' id='word_1_133' title='bbox 2156 1815 2347 1868; x_wconf 90' lang='lat' dir='ltr'><strong>super-</strong></span> 
     </span>
    </p>
   </div>
   <div class='ocr_carea' id='block_1_20' title="bbox 2449 568 4041 662">
    <p class='ocr_par' dir='ltr' id='par_1_20' title="bbox 2449 568 4041 662">
     <span class='ocr_line' id='line_1_20' title="bbox 2449 568 4041 662; baseline -0.022 -10"><span class='ocrx_word' id='word_1_134' title='bbox 2449 595 2627 657; x_wconf 74' lang='grc' dir='ltr'><strong>Θεοῦς</strong></span> <span class='ocrx_word' id='word_1_135' title='bbox 2668 591 2864 662; x_wconf 85' lang='grc' dir='ltr'>Ὀμοία</span> <span class='ocrx_word' id='word_1_136' title='bbox 2895 587 3011 641; x_wconf 73' lang='grc' dir='ltr'>ἐστι</span> <span class='ocrx_word' id='word_1_137' title='bbox 3049 584 3220 653; x_wconf 77' lang='grc' dir='ltr'>ζύμῃ,</span> <span class='ocrx_word' id='word_1_138' title='bbox 3249 580 3316 650; x_wconf 82' lang='grc' dir='ltr'>ἢν</span> <span class='ocrx_word' id='word_1_139' title='bbox 3349 575 3591 631; x_wconf 70' lang='grc' dir='ltr'>λαϐοῦσα</span> <span class='ocrx_word' id='word_1_140' title='bbox 3631 572 3773 642; x_wconf 78' lang='grc' dir='ltr'>γυνὴ</span> <span class='ocrx_word' id='word_1_141' title='bbox 3798 568 4041 662; x_wconf 62' lang='grc' dir='ltr'>ἔκρυψεν</span> 
     </span>
    </p>
   </div>
   <div class='ocr_carea' id='block_1_21' title="bbox 2450 660 4042 761">
    <p class='ocr_par' dir='ltr' id='par_1_21' title="bbox 2450 660 4042 761">
     <span class='ocr_line' id='line_1_21' title="bbox 2450 660 4042 761; baseline -0.021 -18"><span class='ocrx_word' id='word_1_142' title='bbox 2450 694 2529 750; x_wconf 81' lang='grc' dir='ltr'><strong>είς</strong></span> <span class='ocrx_word' id='word_1_143' title='bbox 2577 660 2809 756; x_wconf 84' lang='grc' dir='ltr'>ἀλεύρου</span> <span class='ocrx_word' id='word_1_144' title='bbox 2845 682 2982 735; x_wconf 80' lang='grc' dir='ltr'>σάτα</span> <span class='ocrx_word' id='word_1_145' title='bbox 3016 676 3173 746; x_wconf 82' lang='grc' dir='ltr'>τρία,</span> <span class='ocrx_word' id='word_1_146' title='bbox 3207 673 3313 734; x_wconf 76' lang='grc' dir='ltr'>ἓως</span> <span class='ocrx_word' id='word_1_147' title='bbox 3353 662 3414 723; x_wconf 74' lang='grc' dir='ltr'><strong>οὗ</strong></span> <span class='ocrx_word' id='word_1_148' title='bbox 3450 665 3725 761; x_wconf 64' lang='grc' dir='ltr'>ἐζυμώθη</span> <span class='ocrx_word' id='word_1_149' title='bbox 3749 663 3897 717; x_wconf 82' lang='grc' dir='ltr'>ὅλον.</span> <span class='ocrx_word' id='word_1_150' title='bbox 3931 660 4042 761; x_wconf 61' lang='lat' dir='ltr'><strong>Kal.</strong></span> 
     </span>
    </p>
   </div>
   <div class='ocr_carea' id='block_1_22' title="bbox 2447 752 4043 847">
    <p class='ocr_par' dir='ltr' id='par_1_22' title="bbox 2447 752 4043 847">
     <span class='ocr_line' id='line_1_22' title="bbox 2447 752 4043 847; baseline -0.019 -14"><span class='ocrx_word' id='word_1_151' title='bbox 2447 752 2793 847; x_wconf 75' lang='grc' dir='ltr'>διεπορεύετο</span> <span class='ocrx_word' id='word_1_152' title='bbox 2826 772 2962 826; x_wconf 75' lang='grc' dir='ltr'>κατὰ</span> <span class='ocrx_word' id='word_1_153' title='bbox 3001 768 3185 829; x_wconf 84' lang='grc' dir='ltr'>πόλεις</span> <span class='ocrx_word' id='word_1_154' title='bbox 3246 764 3341 817; x_wconf 72' lang='grc' dir='ltr'>καὶ</span> <span class='ocrx_word' id='word_1_155' title='bbox 3373 758 3567 828; x_wconf 90' lang='grc' dir='ltr'>κώμας</span> <span class='ocrx_word' id='word_1_156' title='bbox 3616 752 3915 815; x_wconf 72' lang='grc' dir='ltr'>διδάσκων,</span> <span class='ocrx_word' id='word_1_157' title='bbox 3949 752 4043 803; x_wconf 71' lang='grc' dir='ltr'>καὶ</span> 
     </span>
    </p>
   </div>
   <div class='ocr_carea' id='block_1_23' title="bbox 2449 845 4040 941">
    <p class='ocr_par' dir='ltr' id='par_1_23' title="bbox 2449 845 4040 941">
     <span class='ocr_line' id='line_1_23' title="bbox 2449 845 4040 941; baseline -0.021 -16"><span class='ocrx_word' id='word_1_158' title='bbox 2449 845 2678 941; x_wconf 78' lang='grc' dir='ltr'>πορείαν</span> <span class='ocrx_word' id='word_1_159' title='bbox 2714 863 3040 932; x_wconf 82' lang='grc' dir='ltr'>ποιούμενος</span> <span class='ocrx_word' id='word_1_160' title='bbox 3088 858 3167 920; x_wconf 86' lang='grc' dir='ltr'><strong>είς</strong></span> <span class='ocrx_word' id='word_1_161' title='bbox 3206 849 3658 941; x_wconf 36' lang='grc' dir='ltr'>Ἰερουσαλήμ.)</span> <span class='ocrx_word' id='word_1_162' title='bbox 3685 845 3924 941; x_wconf 35' lang='grc' dir='ltr'>ΑΚόκκιρ</span> <span class='ocrx_word' id='word_1_163' title='bbox 3961 858 4040 893; x_wconf 80' lang='grc' dir='ltr'>σι-</span> 
     </span>
    </p>
   </div>
   <div class='ocr_carea' id='block_1_24' title="bbox 2450 934 4043 1027">
    <p class='ocr_par' dir='ltr' id='par_1_24' title="bbox 2450 934 4043 1027">
     <span class='ocr_line' id='line_1_24' title="bbox 2450 934 4043 1027; baseline -0.019 -13"><span class='ocrx_word' id='word_1_164' title='bbox 2450 934 2665 1021; x_wconf 76' lang='grc' dir='ltr'>νάπεως</span> <span class='ocrx_word' id='word_1_165' title='bbox 2696 952 3039 1027; x_wconf 81' lang='grc' dir='ltr'>παραϐάλλει</span> <span class='ocrx_word' id='word_1_166' title='bbox 3084 950 3183 1019; x_wconf 79' lang='grc' dir='ltr'>τὴν</span> <span class='ocrx_word' id='word_1_167' title='bbox 3215 944 3492 1016; x_wconf 81' lang='grc' dir='ltr'>βασιλείαν</span> <span class='ocrx_word' id='word_1_168' title='bbox 3530 937 3625 993; x_wconf 83' lang='grc' dir='ltr'>τοῦ</span> <span class='ocrx_word' id='word_1_169' title='bbox 3676 936 3815 990; x_wconf 76' lang='grc' dir='ltr'>Θεοῦ</span> <span class='ocrx_word' id='word_1_170' title='bbox 3838 954 3849 963; x_wconf 94' lang='grc'>·</span> <span class='ocrx_word' id='word_1_171' title='bbox 3889 934 4043 1027; x_wconf 64' lang='lat' dir='ltr'><strong>past:</strong></span> 
     </span>
    </p>
   </div>
   <div class='ocr_carea' id='block_1_25' title="bbox 2453 1021 4042 1114">
    <p class='ocr_par' dir='ltr' id='par_1_25' title="bbox 2453 1021 4042 1114">
     <span class='ocr_line' id='line_1_25' title="bbox 2453 1021 4042 1114; baseline -0.021 -5"><span class='ocrx_word' id='word_1_172' title='bbox 2453 1055 2572 1109; x_wconf 84' lang='grc' dir='ltr'>λεία</span> <span class='ocrx_word' id='word_1_173' title='bbox 2611 1054 2667 1106; x_wconf 79' lang='grc' dir='ltr'>δὲ</span> <span class='ocrx_word' id='word_1_174' title='bbox 2696 1021 2832 1105; x_wconf 84' lang='grc' dir='ltr'><strong>Θεοῦ</strong></span> <span class='ocrx_word' id='word_1_175' title='bbox 2865 1051 2893 1102; x_wconf 98' lang='lat'><strong>6</strong></span> <span class='ocrx_word' id='word_1_176' title='bbox 2919 1046 3075 1114; x_wconf 89' lang='grc' dir='ltr'>λόγος</span> <span class='ocrx_word' id='word_1_177' title='bbox 3138 1043 3231 1113; x_wconf 75' lang='grc' dir='ltr'>καὶ</span> <span class='ocrx_word' id='word_1_178' title='bbox 3264 1040 3325 1093; x_wconf 85' lang='grc' dir='ltr'>τὸ</span> <span class='ocrx_word' id='word_1_179' title='bbox 3358 1040 3646 1107; x_wconf 82' lang='grc' dir='ltr'>κήρυγμα.</span> <span class='ocrx_word' id='word_1_180' title='bbox 3680 1030 3783 1083; x_wconf 76' lang='grc' dir='ltr'><strong>Διὰ</strong></span> <span class='ocrx_word' id='word_1_181' title='bbox 3807 1028 3925 1097; x_wconf 79' lang='grc' dir='ltr'><strong>γὰρ</strong></span> <span class='ocrx_word' id='word_1_182' title='bbox 3949 1021 4042 1077; x_wconf 74' lang='grc' dir='ltr'><strong>τοῦ</strong></span> 
     </span>
    </p>
   </div>
   <div class='ocr_carea' id='block_1_26' title="bbox 2450 1118 4045 1220">
    <p class='ocr_par' dir='ltr' id='par_1_26' title="bbox 2450 1118 4045 1220">
     <span class='ocr_line' id='line_1_26' title="bbox 2450 1118 4045 1220; baseline -0.022 -16"><span class='ocrx_word' id='word_1_183' title='bbox 2450 1149 2808 1220; x_wconf 76' lang='grc' dir='ltr'><strong>κηρύγματος</strong></span> <span class='ocrx_word' id='word_1_184' title='bbox 2848 1139 3204 1195; x_wconf 73' lang='grc' dir='ltr'>ἐϐασίλευσεν</span> <span class='ocrx_word' id='word_1_185' title='bbox 3231 1136 3323 1188; x_wconf 69' lang='grc' dir='ltr'><strong>ἐπὶ</strong></span> <span class='ocrx_word' id='word_1_186' title='bbox 3356 1132 3456 1193; x_wconf 75' lang='grc' dir='ltr'><strong>τὰς</strong></span> <span class='ocrx_word' id='word_1_187' title='bbox 3482 1124 3801 1220; x_wconf 61' lang='grc' dir='ltr'>ψυχὰς-τῶν</span> <span class='ocrx_word' id='word_1_188' title='bbox 3828 1118 4045 1220; x_wconf 69' lang='grc' dir='ltr'>ἀνθρώ-</span> 
     </span>
    </p>
   </div>
   <div class='ocr_carea' id='block_1_27' title="bbox 2448 1211 4042 1304">
    <p class='ocr_par' dir='ltr' id='par_1_27' title="bbox 2448 1211 4042 1304">
     <span class='ocr_line' id='line_1_27' title="bbox 2448 1211 4042 1304; baseline -0.022 -11"><span class='ocrx_word' id='word_1_189' title='bbox 2448 1211 2589 1293; x_wconf 64' lang='grc' dir='ltr'>πων.</span> <span class='ocrx_word' id='word_1_190' title='bbox 2623 1211 2836 1304; x_wconf 29' lang='grc' dir='ltr'>’.Ωσπερ</span> <span class='ocrx_word' id='word_1_191' title='bbox 2862 1232 2957 1288; x_wconf 69' lang='grc' dir='ltr'>οὖν</span> <span class='ocrx_word' id='word_1_192' title='bbox 2986 1231 3047 1284; x_wconf 71' lang='grc' dir='ltr'>τὸ</span> <span class='ocrx_word' id='word_1_193' title='bbox 3086 1229 3276 1298; x_wconf 83' lang='grc' dir='ltr'>σίνηπι</span> <span class='ocrx_word' id='word_1_194' title='bbox 3309 1224 3460 1278; x_wconf 84' lang='grc' dir='ltr'>δοκεῖ</span> <span class='ocrx_word' id='word_1_195' title='bbox 3504 1220 3601 1289; x_wconf 83' lang='grc' dir='ltr'>μὲν</span> <span class='ocrx_word' id='word_1_196' title='bbox 3636 1211 3779 1269; x_wconf 79' lang='grc' dir='ltr'>εἶναι</span> <span class='ocrx_word' id='word_1_197' title='bbox 3817 1213 4042 1304; x_wconf 60' lang='grc' dir='ltr'>μικρὸν,</span> 
     </span>
    </p>
   </div>
   <div class='ocr_carea' id='block_1_28' title="bbox 2447 1298 4044 1400">
    <p class='ocr_par' dir='ltr' id='par_1_28' title="bbox 2447 1298 4044 1400">
     <span class='ocr_line' id='line_1_28' title="bbox 2447 1298 4044 1400; baseline -0.021 -14"><span class='ocrx_word' id='word_1_198' title='bbox 2447 1331 2653 1400; x_wconf 80' lang='grc' dir='ltr'>πολλὴν</span> <span class='ocrx_word' id='word_1_199' title='bbox 2684 1329 2741 1382; x_wconf 79' lang='grc' dir='ltr'>δὲ</span> <span class='ocrx_word' id='word_1_200' title='bbox 2774 1298 2875 1397; x_wconf 62' lang='grc' dir='ltr'><strong>την</strong></span> <span class='ocrx_word' id='word_1_201' title='bbox 2913 1322 3148 1392; x_wconf 85' lang='grc' dir='ltr'>δύναμιν</span> <span class='ocrx_word' id='word_1_202' title='bbox 3175 1318 3291 1389; x_wconf 73' lang='grc' dir='ltr'>ἔχει</span> <span class='ocrx_word' id='word_1_203' title='bbox 3312 1354 3327 1379; x_wconf 87' lang='grc'><strong>,</strong></span> <span class='ocrx_word' id='word_1_204' title='bbox 3368 1313 3516 1368; x_wconf 71' lang='grc' dir='ltr'>οὕτω</span> <span class='ocrx_word' id='word_1_205' title='bbox 3550 1310 3645 1363; x_wconf 70' lang='grc' dir='ltr'>καὶ</span> <span class='ocrx_word' id='word_1_206' title='bbox 3676 1309 3704 1361; x_wconf 92' lang='lat'><strong>6</strong></span> <span class='ocrx_word' id='word_1_207' title='bbox 3745 1304 3911 1400; x_wconf 84' lang='grc' dir='ltr'>λόγος</span> <span class='ocrx_word' id='word_1_208' title='bbox 3948 1298 4044 1400; x_wconf 64' lang='grc' dir='ltr'><strong>τού</strong></span> 
     </span>
    </p>
   </div>
   <div class='ocr_carea' id='block_1_29' title="bbox 2447 1394 4045 1492">
    <p class='ocr_par' dir='ltr' id='par_1_29' title="bbox 2447 1394 4045 1492">
     <span class='ocr_line' id='line_1_29' title="bbox 2447 1394 4045 1492; baseline -0.021 -12"><span class='ocrx_word' id='word_1_209' title='bbox 2447 1394 2787 1492; x_wconf 72' lang='grc' dir='ltr'>Εὐαγγελίου</span> <span class='ocrx_word' id='word_1_210' title='bbox 2831 1394 3266 1487; x_wconf 72' lang='grc' dir='ltr'>καταφρονεῖται</span> <span class='ocrx_word' id='word_1_211' title='bbox 3314 1408 3414 1479; x_wconf 82' lang='grc' dir='ltr'>μὲν</span> <span class='ocrx_word' id='word_1_212' title='bbox 3469 1406 3581 1466; x_wconf 79' lang='grc' dir='ltr'>τοῖς</span> <span class='ocrx_word' id='word_1_213' title='bbox 3652 1398 3898 1461; x_wconf 81' lang='grc' dir='ltr'>πολλοῖς,</span> <span class='ocrx_word' id='word_1_214' title='bbox 3954 1394 4045 1492; x_wconf 55' lang='grc' dir='ltr'><strong>και</strong></span> 
     </span>
    </p>
   </div>
   <div class='ocr_carea' id='block_1_30' title="bbox 2445 1486 4046 1587">
    <p class='ocr_par' dir='ltr' id='par_1_30' title="bbox 2445 1486 4046 1587">
     <span class='ocr_line' id='line_1_30' title="bbox 2445 1486 4046 1587; baseline -0.024 -12"><span class='ocrx_word' id='word_1_215' title='bbox 2445 1486 2593 1575; x_wconf 74' lang='grc' dir='ltr'>δοκεί</span> <span class='ocrx_word' id='word_1_216' title='bbox 2617 1486 2814 1587; x_wconf 41' lang='grc' dir='ltr'>’μωρια</span> <span class='ocrx_word' id='word_1_217' title='bbox 2845 1507 2986 1566; x_wconf 70' lang='grc' dir='ltr'>εἶναι</span> <span class='ocrx_word' id='word_1_218' title='bbox 3009 1486 3035 1577; x_wconf 11' lang='grc' dir='ltr'>,ν</span> <span class='ocrx_word' id='word_1_219' title='bbox 3058 1507 3243 1562; x_wconf 87' lang='grc' dir='ltr'>λαϐὼν</span> <span class='ocrx_word' id='word_1_220' title='bbox 3290 1504 3346 1556; x_wconf 71' lang='grc' dir='ltr'>δὲ</span> <span class='ocrx_word' id='word_1_221' title='bbox 3378 1498 3544 1553; x_wconf 72' lang='grc' dir='ltr'>αὑτὸν</span> <span class='ocrx_word' id='word_1_222' title='bbox 3592 1493 3918 1587; x_wconf 32' lang='grc' dir='ltr'>ἄνθρωπος’,</span> <span class='ocrx_word' id='word_1_223' title='bbox 3950 1486 4046 1587; x_wconf 64' lang='grc' dir='ltr'>καὶ</span> 
     </span>
    </p>
   </div>
   <div class='ocr_carea' id='block_1_31' title="bbox 2451 1580 4044 1682">
    <p class='ocr_par' dir='ltr' id='par_1_31' title="bbox 2451 1580 4044 1682">
     <span class='ocr_line' id='line_1_31' title="bbox 2451 1580 4044 1682; baseline -0.024 -15"><span class='ocrx_word' id='word_1_224' title='bbox 2451 1610 2628 1682; x_wconf 84' lang='grc' dir='ltr'>βαλὼν</span> <span class='ocrx_word' id='word_1_225' title='bbox 2666 1610 2748 1671; x_wconf 89' lang='grc' dir='ltr'><strong>είς</strong></span> <span class='ocrx_word' id='word_1_226' title='bbox 2808 1605 2985 1675; x_wconf 82' lang='grc' dir='ltr'>κῆπον</span> <span class='ocrx_word' id='word_1_227' title='bbox 3039 1597 3230 1661; x_wconf 75' lang='grc' dir='ltr'>αὑτοῦ,</span> <span class='ocrx_word' id='word_1_228' title='bbox 3287 1596 3458 1666; x_wconf 68' lang='grc' dir='ltr'>ἤγουν</span> <span class='ocrx_word' id='word_1_229' title='bbox 3507 1591 3575 1659; x_wconf 71' lang='grc' dir='ltr'>τῇ</span> <span class='ocrx_word' id='word_1_230' title='bbox 3625 1583 3825 1640; x_wconf 75' lang='grc' dir='ltr'>ἑαυτοῦ</span> <span class='ocrx_word' id='word_1_231' title='bbox 3873 1580 4044 1649; x_wconf 67' lang='grc' dir='ltr'>ψυχῇ,</span> 
     </span>
    </p>
   </div>
   <div class='ocr_carea' id='block_1_32' title="bbox 2448 1676 4043 1773">
    <p class='ocr_par' dir='ltr' id='par_1_32' title="bbox 2448 1676 4043 1773">
     <span class='ocr_line' id='line_1_32' title="bbox 2448 1676 4043 1773; baseline -0.023 -14"><span class='ocrx_word' id='word_1_232' title='bbox 2448 1676 2664 1773; x_wconf 80' lang='grc' dir='ltr'>δένδρον</span> <span class='ocrx_word' id='word_1_233' title='bbox 2704 1700 2847 1771; x_wconf 79' lang='grc' dir='ltr'>μέγα</span> <span class='ocrx_word' id='word_1_234' title='bbox 2882 1698 3046 1756; x_wconf 79' lang='grc' dir='ltr'>ποιεῖ,</span> <span class='ocrx_word' id='word_1_235' title='bbox 3090 1692 3233 1745; x_wconf 84' lang='grc' dir='ltr'>ὥστε</span> <span class='ocrx_word' id='word_1_236' title='bbox 3268 1686 3497 1746; x_wconf 81' lang='grc' dir='ltr'><strong>κλάδους</strong></span> <span class='ocrx_word' id='word_1_237' title='bbox 3529 1676 3678 1773; x_wconf 73' lang='grc' dir='ltr'>αὐτῷ</span> <span class='ocrx_word' id='word_1_238' title='bbox 3714 1676 4043 1773; x_wconf 60' lang='grc' dir='ltr'>προσεῖναι,</span> 
     </span>
    </p>
   </div>
   <div class='ocr_carea' id='block_1_33' title="bbox 2450 1763 4047 1855">
    <p class='ocr_par' dir='ltr' id='par_1_33' title="bbox 2450 1763 4047 1855">
     <span class='ocr_line' id='line_1_33' title="bbox 2450 1763 4047 1855; baseline -0.024 -2"><span class='ocrx_word' id='word_1_239' title='bbox 2450 1801 2545 1853; x_wconf 81' lang='grc' dir='ltr'>καὶ</span> <span class='ocrx_word' id='word_1_240' title='bbox 2588 1796 2658 1850; x_wconf 75' lang='grc' dir='ltr'><strong>τὰ</strong></span> <span class='ocrx_word' id='word_1_241' title='bbox 2692 1791 2914 1848; x_wconf 75' lang='grc' dir='ltr'>πετεινὰ</span> <span class='ocrx_word' id='word_1_242' title='bbox 2966 1788 3060 1843; x_wconf 75' lang='grc' dir='ltr'><strong>τοῦ</strong></span> <span class='ocrx_word' id='word_1_243' title='bbox 3109 1779 3377 1855; x_wconf 81' lang='grc' dir='ltr'>ούρανοῦ,</span> <span class='ocrx_word' id='word_1_244' title='bbox 3444 1778 3583 1843; x_wconf 72' lang='grc' dir='ltr'>ὅπερ</span> <span class='ocrx_word' id='word_1_245' title='bbox 3634 1771 3753 1823; x_wconf 81' lang='grc' dir='ltr'>ἐστι</span> <span class='ocrx_word' id='word_1_246' title='bbox 3794 1770 3926 1829; x_wconf 72' lang='grc' dir='ltr'>τοὺς</span> <span class='ocrx_word' id='word_1_247' title='bbox 3980 1763 4047 1816; x_wconf 68' lang='grc' dir='ltr'>τὰ</span> 
     </span>
    </p>
   </div>
   <div class='ocr_carea' id='block_1_34' title="bbox 756 1860 2354 1964">
    <p class='ocr_par' dir='ltr' id='par_1_34' title="bbox 756 1893 2349 1964">
     <span class='ocr_line' id='line_1_34' title="bbox 756 1893 2349 1964; baseline 0.001 -18"><span class='ocrx_word' id='word_1_248' title='bbox 756 1894 924 1959; x_wconf 83' lang='lat' dir='ltr'><strong>gressi</strong></span> <span class='ocrx_word' id='word_1_249' title='bbox 960 1903 1087 1947; x_wconf 90' lang='lat' dir='ltr'><strong>sunt</strong></span> <span class='ocrx_word' id='word_1_250' title='bbox 1123 1894 1441 1957; x_wconf 72' lang='lat' dir='ltr'><strong>terrestria,</strong></span> <span class='ocrx_word' id='word_1_251' title='bbox 1470 1894 1523 1947; x_wconf 89' lang='lat' dir='ltr'><strong>in</strong></span> <span class='ocrx_word' id='word_1_252' title='bbox 1567 1895 1731 1949; x_wconf 88' lang='lat' dir='ltr'><strong>ramis</strong></span> <span class='ocrx_word' id='word_1_253' title='bbox 1769 1894 2195 1964; x_wconf 71' lang='lat' dir='ltr'><strong>prtedieatiouis,</strong></span> <span class='ocrx_word' id='word_1_254' title='bbox 2246 1893 2349 1947; x_wconf 88' lang='lat' dir='ltr'><strong>huc</strong></span> 
     </span>
    </p>
   </div>
   <div class='ocr_carea' id='block_1_35' title="bbox 2451 1860 4047 1964">
    <p class='ocr_par' dir='ltr' id='par_1_35' title="bbox 2454 1860 4047 1964">
     <span class='ocr_line' id='line_1_35' title="bbox 2454 1860 4047 1964; baseline -0.023 -19"><span class='ocrx_word' id='word_1_255' title='bbox 2454 1890 2634 1961; x_wconf 74' lang='grc' dir='ltr'>ὑψηλὰ</span> <span class='ocrx_word' id='word_1_256' title='bbox 2663 1888 2918 1947; x_wconf 69' lang='grc' dir='ltr'>θέλοντας</span> <span class='ocrx_word' id='word_1_257' title='bbox 2962 1878 3222 1935; x_wconf 77' lang='grc' dir='ltr'><strong>πέτεσθαι.</strong></span> <span class='ocrx_word' id='word_1_258' title='bbox 3265 1869 3613 1941; x_wconf 72' lang='grc' dir='ltr'>ἀνθρώπους,</span> <span class='ocrx_word' id='word_1_259' title='bbox 3652 1860 4047 1964; x_wconf 73' lang='grc' dir='ltr'>κατασκηνοῦν</span> 
     </span>
    </p>
   </div>
   <div class='ocr_carea' id='block_1_36' title="bbox 755 1983 2346 2057">
    <p class='ocr_par' dir='ltr' id='par_1_36' title="bbox 755 1983 2346 2057">
     <span class='ocr_line' id='line_1_36' title="bbox 755 1983 2346 2057; baseline 0.001 -20"><span class='ocrx_word' id='word_1_260' title='bbox 755 1995 861 2050; x_wconf 83' lang='lat' dir='ltr'><strong>est,</strong></span> <span class='ocrx_word' id='word_1_261' title='bbox 901 1983 1138 2039; x_wconf 84' lang='lat' dir='ltr'><strong>dilatatis</strong></span> <span class='ocrx_word' id='word_1_262' title='bbox 1165 1988 1459 2040; x_wconf 87' lang='lat' dir='ltr'><strong>sententiis</strong></span> <span class='ocrx_word' id='word_1_263' title='bbox 1504 1986 1792 2055; x_wconf 87' lang='lat' dir='ltr'><strong>quiescunt</strong></span> <span class='ocrx_word' id='word_1_264' title='bbox 1821 2004 1835 2053; x_wconf 88' lang='lat'><strong>;</strong></span> <span class='ocrx_word' id='word_1_265' title='bbox 1880 1998 1938 2041; x_wconf 91' lang='lat' dir='ltr'><strong>ut</strong></span> <span class='ocrx_word' id='word_1_266' title='bbox 1967 1988 2195 2056; x_wconf 78' lang='lat' dir='ltr'><strong>exempli</strong></span> <span class='ocrx_word' id='word_1_267' title='bbox 2220 2002 2346 2057; x_wconf 81' lang='lat' dir='ltr'><strong>gra-</strong></span> 
     </span>
    </p>
   </div>
   <div class='ocr_carea' id='block_1_37' title="bbox 759 2075 2344 2147">
    <p class='ocr_par' dir='ltr' id='par_1_37' title="bbox 759 2075 2344 2147">
     <span class='ocr_line' id='line_1_37' title="bbox 759 2075 2344 2147; baseline 0.001 -19"><span class='ocrx_word' id='word_1_268' title='bbox 759 2076 831 2128; x_wconf 87' lang='lat' dir='ltr'><strong>tia</strong></span> <span class='ocrx_word' id='word_1_269' title='bbox 866 2077 992 2143; x_wconf 75' lang='lat' dir='ltr'><strong>quid</strong></span> <span class='ocrx_word' id='word_1_270' title='bbox 1022 2078 1197 2129; x_wconf 87' lang='lat' dir='ltr'><strong>dicam</strong></span> <span class='ocrx_word' id='word_1_271' title='bbox 1253 2094 1265 2129; x_wconf 92' lang='lat'><strong>:</strong></span> <span class='ocrx_word' id='word_1_272' title='bbox 1318 2077 1563 2131; x_wconf 87' lang='lat' dir='ltr'><strong>Granum</strong></span> <span class='ocrx_word' id='word_1_273' title='bbox 1593 2078 1824 2147; x_wconf 89' lang='lat' dir='ltr'><strong>sumpsit</strong></span> <span class='ocrx_word' id='word_1_274' title='bbox 1861 2075 2085 2140; x_wconf 83' lang='lat' dir='ltr'><strong>Paulus,</strong></span> <span class='ocrx_word' id='word_1_275' title='bbox 2121 2092 2344 2147; x_wconf 68' lang='lat' dir='ltr'><strong>par-vam</strong></span> 
     </span>
    </p>
   </div>
   <div class='ocr_carea' id='block_1_38' title="bbox 758 2166 2343 2238">
    <p class='ocr_par' dir='ltr' id='par_1_38' title="bbox 758 2166 2343 2238">
     <span class='ocr_line' id='line_1_38' title="bbox 758 2166 2343 2238; baseline 0 -19"><span class='ocrx_word' id='word_1_276' title='bbox 758 2167 981 2221; x_wconf 69' lang='lat' dir='ltr'><strong>Ananire</strong></span> <span class='ocrx_word' id='word_1_277' title='bbox 1006 2167 1048 2197; x_wconf 85' lang='lat'>&quot;</span> <span class='ocrx_word' id='word_1_278' title='bbox 1088 2166 1544 2232; x_wconf 80' lang='lat' dir='ltr'><strong>instructionem,</strong></span> <span class='ocrx_word' id='word_1_279' title='bbox 1587 2171 1683 2222; x_wconf 90' lang='lat' dir='ltr'><strong>sed</strong></span> <span class='ocrx_word' id='word_1_280' title='bbox 1718 2169 2019 2237; x_wconf 81' lang='lat' dir='ltr'><strong>plantatqu</strong></span> <span class='ocrx_word' id='word_1_281' title='bbox 2075 2169 2178 2221; x_wconf 90' lang='lat' dir='ltr'><strong>hoc</strong></span> <span class='ocrx_word' id='word_1_282' title='bbox 2219 2182 2343 2238; x_wconf 86' lang='lat' dir='ltr'><strong>gra-</strong></span> 
     </span>
    </p>
   </div>
   <div class='ocr_carea' id='block_1_39' title="bbox 758 2255 2348 2327">
    <p class='ocr_par' dir='ltr' id='par_1_39' title="bbox 758 2255 2348 2327">
     <span class='ocr_line' id='line_1_39' title="bbox 758 2255 2348 2327; baseline -0.003 -16"><span class='ocrx_word' id='word_1_283' title='bbox 758 2275 885 2311; x_wconf 93' lang='lat' dir='ltr'><strong>num</strong></span> <span class='ocrx_word' id='word_1_284' title='bbox 917 2258 968 2311; x_wconf 88' lang='lat' dir='ltr'><strong>in</strong></span> <span class='ocrx_word' id='word_1_285' title='bbox 1006 2260 1163 2313; x_wconf 91' lang='lat' dir='ltr'><strong>horto</strong></span> <span class='ocrx_word' id='word_1_286' title='bbox 1195 2258 1314 2327; x_wconf 85' lang='lat' dir='ltr'><strong>ejus</strong></span> <span class='ocrx_word' id='word_1_287' title='bbox 1349 2258 1565 2327; x_wconf 84' lang='lat' dir='ltr'><strong>pingui,</strong></span> <span class='ocrx_word' id='word_1_288' title='bbox 1609 2271 1790 2311; x_wconf 90' lang='lat' dir='ltr'><strong>ramos</strong></span> <span class='ocrx_word' id='word_1_289' title='bbox 1826 2255 1978 2323; x_wconf 86' lang='lat' dir='ltr'><strong>fecit,</strong></span> <span class='ocrx_word' id='word_1_290' title='bbox 2012 2256 2236 2318; x_wconf 87' lang='lat' dir='ltr'><strong>nrultas,</strong></span> <span class='ocrx_word' id='word_1_291' title='bbox 2266 2256 2348 2308; x_wconf 86' lang='lat' dir='ltr'><strong>irr-</strong></span> 
     </span>
    </p>
   </div>
   <div class='ocr_carea' id='block_1_40' title="bbox 758 2347 2347 2418">
    <p class='ocr_par' dir='ltr' id='par_1_40' title="bbox 758 2347 2347 2418">
     <span class='ocr_line' id='line_1_40' title="bbox 758 2347 2347 2418; baseline 0 -17"><span class='ocrx_word' id='word_1_292' title='bbox 758 2365 947 2418; x_wconf 84' lang='lat' dir='ltr'><strong>quam,</strong></span> <span class='ocrx_word' id='word_1_293' title='bbox 981 2360 1032 2402; x_wconf 90' lang='lat' dir='ltr'><strong>et</strong></span> <span class='ocrx_word' id='word_1_294' title='bbox 1078 2350 1247 2403; x_wconf 91' lang='lat' dir='ltr'><strong>bonas</strong></span> <span class='ocrx_word' id='word_1_295' title='bbox 1284 2350 1565 2403; x_wconf 86' lang='lat' dir='ltr'><strong>doctrinas</strong></span> <span class='ocrx_word' id='word_1_296' title='bbox 1597 2363 1660 2403; x_wconf 90' lang='lat' dir='ltr'><strong>ac</strong></span> <span class='ocrx_word' id='word_1_297' title='bbox 1710 2347 1992 2417; x_wconf 82' lang='lat' dir='ltr'><strong>epistolas,</strong></span> <span class='ocrx_word' id='word_1_298' title='bbox 2047 2349 2099 2399; x_wconf 93' lang='lat' dir='ltr'><strong>in</strong></span> <span class='ocrx_word' id='word_1_299' title='bbox 2150 2347 2347 2415; x_wconf 84' lang='lat' dir='ltr'><strong>quibus</strong></span> 
     </span>
    </p>
   </div>
   <div class='ocr_carea' id='block_1_41' title="bbox 758 2439 2349 2510">
    <p class='ocr_par' dir='ltr' id='par_1_41' title="bbox 758 2439 2349 2510">
     <span class='ocr_line' id='line_1_41' title="bbox 758 2439 2349 2510; baseline 0.001 -18"><span class='ocrx_word' id='word_1_300' title='bbox 758 2439 1147 2495; x_wconf 86' lang='lat' dir='ltr'><strong>nidulabantur</strong></span> <span class='ocrx_word' id='word_1_301' title='bbox 1178 2456 1285 2495; x_wconf 90' lang='lat' dir='ltr'><strong>non</strong></span> <span class='ocrx_word' id='word_1_302' title='bbox 1312 2443 1488 2496; x_wconf 88' lang='lat' dir='ltr'><strong>solurrr</strong></span> <span class='ocrx_word' id='word_1_303' title='bbox 1524 2441 1577 2494; x_wconf 90' lang='lat' dir='ltr'><strong>hi</strong></span> <span class='ocrx_word' id='word_1_304' title='bbox 1605 2440 1695 2510; x_wconf 87' lang='lat' dir='ltr'><strong>qui</strong></span> <span class='ocrx_word' id='word_1_305' title='bbox 1722 2451 1850 2495; x_wconf 91' lang='lat' dir='ltr'><strong>tunc</strong></span> <span class='ocrx_word' id='word_1_306' title='bbox 1879 2441 2139 2496; x_wconf 83' lang='lat' dir='ltr'><strong>sublimes</strong></span> <span class='ocrx_word' id='word_1_307' title='bbox 2166 2450 2349 2495; x_wconf 87' lang='lat' dir='ltr'><strong>mente</strong></span> 
     </span>
    </p>
   </div>
   <div class='ocr_carea' id='block_1_42' title="bbox 756 2531 2349 2603">
    <p class='ocr_par' dir='ltr' id='par_1_42' title="bbox 756 2531 2349 2603">
     <span class='ocr_line' id='line_1_42' title="bbox 756 2531 2349 2603; baseline 0.003 -20"><span class='ocrx_word' id='word_1_308' title='bbox 756 2539 806 2583; x_wconf 91' lang='lat' dir='ltr'><strong>et</strong></span> <span class='ocrx_word' id='word_1_309' title='bbox 841 2531 1135 2599; x_wconf 86' lang='lat' dir='ltr'><strong>sapientia,</strong></span> <span class='ocrx_word' id='word_1_310' title='bbox 1184 2532 1259 2586; x_wconf 89' lang='lat' dir='ltr'><strong>uti</strong></span> <span class='ocrx_word' id='word_1_311' title='bbox 1306 2531 1608 2594; x_wconf 88' lang='lat' dir='ltr'><strong>Corinthii,</strong></span> <span class='ocrx_word' id='word_1_312' title='bbox 1656 2532 1983 2603; x_wconf 85' lang='lat' dir='ltr'><strong>Dionysius,</strong></span> <span class='ocrx_word' id='word_1_313' title='bbox 2023 2531 2349 2588; x_wconf 84' lang='lat' dir='ltr'><strong>llierOtheus</strong></span> 
     </span>
    </p>
   </div>
   <div class='ocr_carea' id='block_1_43' title="bbox 754 2623 2343 2694">
    <p class='ocr_par' dir='ltr' id='par_1_43' title="bbox 754 2623 2343 2694">
     <span class='ocr_line' id='line_1_43' title="bbox 754 2623 2343 2694; baseline 0.003 -19"><span class='ocrx_word' id='word_1_314' title='bbox 754 2632 809 2675; x_wconf 90' lang='lat' dir='ltr'><strong>et</strong></span> <span class='ocrx_word' id='word_1_315' title='bbox 876 2623 964 2676; x_wconf 81' lang='lat' dir='ltr'><strong>alii</strong></span> <span class='ocrx_word' id='word_1_316' title='bbox 1032 2624 1269 2693; x_wconf 88' lang='lat' dir='ltr'><strong>plurimi,</strong></span> <span class='ocrx_word' id='word_1_317' title='bbox 1321 2627 1415 2679; x_wconf 88' lang='lat' dir='ltr'><strong>sed</strong></span> <span class='ocrx_word' id='word_1_318' title='bbox 1460 2634 1514 2679; x_wconf 93' lang='lat' dir='ltr'><strong>et</strong></span> <span class='ocrx_word' id='word_1_319' title='bbox 1562 2626 1655 2694; x_wconf 89' lang='lat' dir='ltr'><strong>qui</strong></span> <span class='ocrx_word' id='word_1_320' title='bbox 1716 2624 1941 2694; x_wconf 89' lang='lat' dir='ltr'><strong>reliquis</strong></span> <span class='ocrx_word' id='word_1_321' title='bbox 1992 2626 2343 2694; x_wconf 86' lang='lat' dir='ltr'><strong>temporibus.</strong></span> 
     </span>
    </p>
   </div>
   <div class='ocr_carea' id='block_1_44' title="bbox 760 2715 2349 2789">
    <p class='ocr_par' dir='ltr' id='par_1_44' title="bbox 760 2715 2349 2789">
     <span class='ocr_line' id='line_1_44' title="bbox 760 2715 2349 2789; baseline 0.003 -21"><span class='ocrx_word' id='word_1_322' title='bbox 760 2715 943 2771; x_wconf 85' lang='lat' dir='ltr'><strong>Potest</strong></span> <span class='ocrx_word' id='word_1_323' title='bbox 1016 2733 1111 2784; x_wconf 87' lang='lat' dir='ltr'><strong>per</strong></span> <span class='ocrx_word' id='word_1_324' title='bbox 1159 2734 1388 2786; x_wconf 77' lang='lat' dir='ltr'><strong>granum</strong></span> <span class='ocrx_word' id='word_1_325' title='bbox 1450 2720 1658 2788; x_wconf 87' lang='lat' dir='ltr'><strong>sinapis</strong></span> <span class='ocrx_word' id='word_1_326' title='bbox 1715 2719 1939 2789; x_wconf 74' lang='lat' dir='ltr'><strong>intelligi</strong></span> <span class='ocrx_word' id='word_1_327' title='bbox 1981 2728 2056 2776; x_wconf 77' lang='lat' dir='ltr'><strong>ett</strong></span> <span class='ocrx_word' id='word_1_328' title='bbox 2089 2718 2349 2773; x_wconf 88' lang='lat' dir='ltr'><strong>Dominus</strong></span> 
     </span>
    </p>
   </div>
   <div class='ocr_carea' id='block_1_45' title="bbox 757 2811 2344 2881">
    <p class='ocr_par' dir='ltr' id='par_1_45' title="bbox 757 2811 2344 2881">
     <span class='ocr_line' id='line_1_45' title="bbox 757 2811 2344 2881; baseline 0.001 -18"><span class='ocrx_word' id='word_1_329' title='bbox 757 2811 905 2879; x_wconf 84' lang='lat' dir='ltr'><strong>ipse,</strong></span> <span class='ocrx_word' id='word_1_330' title='bbox 942 2811 1064 2865; x_wconf 87' lang='lat' dir='ltr'><strong>vilis</strong></span> <span class='ocrx_word' id='word_1_331' title='bbox 1096 2812 1241 2865; x_wconf 87' lang='lat' dir='ltr'><strong>enim</strong></span> <span class='ocrx_word' id='word_1_332' title='bbox 1270 2811 1577 2879; x_wconf 85' lang='lat' dir='ltr'><strong>videbatur,</strong></span> <span class='ocrx_word' id='word_1_333' title='bbox 1612 2828 1734 2865; x_wconf 90' lang='lat' dir='ltr'><strong>nam</strong></span> <span class='ocrx_word' id='word_1_334' title='bbox 1766 2811 1904 2866; x_wconf 80' lang='lat' dir='ltr'><strong>fabri</strong></span> <span class='ocrx_word' id='word_1_335' title='bbox 1941 2813 2107 2876; x_wconf 90' lang='lat' dir='ltr'><strong>lilins,</strong></span> <span class='ocrx_word' id='word_1_336' title='bbox 2137 2823 2191 2865; x_wconf 93' lang='lat' dir='ltr'><strong>et</strong></span> <span class='ocrx_word' id='word_1_337' title='bbox 2218 2829 2344 2881; x_wconf 83' lang='lat' dir='ltr'><strong>parr-</strong></span> 
     </span>
    </p>
   </div>
   <div class='ocr_carea' id='block_1_46' title="bbox 758 2902 2349 2969">
    <p class='ocr_par' dir='ltr' id='par_1_46' title="bbox 758 2902 2349 2969">
     <span class='ocr_line' id='line_1_46' title="bbox 758 2902 2349 2969; baseline 0.003 -14"><span class='ocrx_word' id='word_1_338' title='bbox 758 2902 1046 2967; x_wconf 83' lang='lat' dir='ltr'><strong>perrimus.</strong></span> <span class='ocrx_word' id='word_1_339' title='bbox 1075 2904 1143 2954; x_wconf 88' lang='lat' dir='ltr'><strong>At</strong></span> <span class='ocrx_word' id='word_1_340' title='bbox 1172 2903 1259 2956; x_wconf 91' lang='lat' dir='ltr'><strong>ubi</strong></span> <span class='ocrx_word' id='word_1_341' title='bbox 1286 2902 1487 2956; x_wconf 90' lang='lat' dir='ltr'><strong>cecidit</strong></span> <span class='ocrx_word' id='word_1_342' title='bbox 1529 2903 1581 2956; x_wconf 90' lang='lat' dir='ltr'><strong>in</strong></span> <span class='ocrx_word' id='word_1_343' title='bbox 1612 2918 1707 2957; x_wconf 89' lang='lat' dir='ltr'><strong>cor</strong></span> <span class='ocrx_word' id='word_1_344' title='bbox 1736 2915 1917 2969; x_wconf 65' lang='lat' dir='ltr'><strong>terra),</strong></span> <span class='ocrx_word' id='word_1_345' title='bbox 1950 2920 2073 2956; x_wconf 91' lang='lat' dir='ltr'><strong>cum</strong></span> <span class='ocrx_word' id='word_1_346' title='bbox 2102 2913 2349 2963; x_wconf 87' lang='lat' dir='ltr'><strong>mortuus</strong></span> 
     </span>
    </p>
   </div>
   <div class='ocr_carea' id='block_1_47' title="bbox 755 2993 2339 3066">
    <p class='ocr_par' dir='ltr' id='par_1_47' title="bbox 755 2993 2339 3066">
     <span class='ocr_line' id='line_1_47' title="bbox 755 2993 2339 3066; baseline 0.003 -20"><span class='ocrx_word' id='word_1_347' title='bbox 755 3003 920 3057; x_wconf 85' lang='lat' dir='ltr'><strong>esset,</strong></span> <span class='ocrx_word' id='word_1_348' title='bbox 966 3003 1020 3047; x_wconf 93' lang='lat' dir='ltr'><strong>et</strong></span> <span class='ocrx_word' id='word_1_349' title='bbox 1058 2993 1305 3062; x_wconf 89' lang='lat' dir='ltr'><strong>sepultus</strong></span> <span class='ocrx_word' id='word_1_350' title='bbox 1350 2994 1402 3047; x_wconf 93' lang='lat' dir='ltr'><strong>in</strong></span> <span class='ocrx_word' id='word_1_351' title='bbox 1457 2994 1639 3059; x_wconf 90' lang='lat' dir='ltr'><strong>horto,</strong></span> <span class='ocrx_word' id='word_1_352' title='bbox 1678 3010 1859 3049; x_wconf 84' lang='lat' dir='ltr'><strong>ramos</strong></span> <span class='ocrx_word' id='word_1_353' title='bbox 1908 2996 2165 3066; x_wconf 89' lang='lat' dir='ltr'><strong>pulchros</strong></span> <span class='ocrx_word' id='word_1_354' title='bbox 2216 3011 2339 3064; x_wconf 85' lang='lat' dir='ltr'><strong>apo-</strong></span> 
     </span>
    </p>
   </div>
   <div class='ocr_carea' id='block_1_48' title="bbox 754 3084 2349 3159">
    <p class='ocr_par' dir='ltr' id='par_1_48' title="bbox 754 3084 2349 3159">
     <span class='ocr_line' id='line_1_48' title="bbox 754 3084 2349 3159; baseline 0.003 -20"><span class='ocrx_word' id='word_1_355' title='bbox 754 3084 928 3139; x_wconf 82' lang='lat' dir='ltr'><strong>stolos</strong></span> <span class='ocrx_word' id='word_1_356' title='bbox 968 3084 1117 3147; x_wconf 89' lang='lat' dir='ltr'><strong>fecit,</strong></span> <span class='ocrx_word' id='word_1_357' title='bbox 1158 3086 1210 3138; x_wconf 92' lang='lat' dir='ltr'><strong>in</strong></span> <span class='ocrx_word' id='word_1_358' title='bbox 1260 3088 1458 3153; x_wconf 83' lang='lat' dir='ltr'><strong>quibus</strong></span> <span class='ocrx_word' id='word_1_359' title='bbox 1505 3088 1792 3155; x_wconf 86' lang='lat' dir='ltr'><strong>quiescunt</strong></span> <span class='ocrx_word' id='word_1_360' title='bbox 1836 3104 2027 3144; x_wconf 92' lang='lat' dir='ltr'><strong>omnes</strong></span> <span class='ocrx_word' id='word_1_361' title='bbox 2075 3089 2166 3159; x_wconf 91' lang='lat' dir='ltr'><strong>qui</strong></span> <span class='ocrx_word' id='word_1_362' title='bbox 2198 3090 2349 3159; x_wconf 90' lang='lat' dir='ltr'><strong>prius</strong></span> 
     </span>
    </p>
   </div>
   <div class='ocr_carea' id='block_1_49' title="bbox 2454 1954 4049 2043">
    <p class='ocr_par' dir='ltr' id='par_1_49' title="bbox 2454 1954 4049 2043">
     <span class='ocr_line' id='line_1_49' title="bbox 2454 1954 4049 2043; baseline -0.026 -3"><span class='ocrx_word' id='word_1_363' title='bbox 2454 1954 2513 2040; x_wconf 67' lang='grc' dir='ltr'>ἐν</span> <span class='ocrx_word' id='word_1_364' title='bbox 2540 1954 2752 2043; x_wconf 78' lang='grc' dir='ltr'>τούτοις</span> <span class='ocrx_word' id='word_1_365' title='bbox 2786 1980 2901 2040; x_wconf 83' lang='grc' dir='ltr'>τοῖς</span> <span class='ocrx_word' id='word_1_366' title='bbox 2947 1972 3184 2032; x_wconf 77' lang='grc' dir='ltr'><strong>κλάδοις.</strong></span> <span class='ocrx_word' id='word_1_367' title='bbox 3228 1968 3293 2020; x_wconf 84' lang='grc' dir='ltr'><strong>Οἱ</strong></span> <span class='ocrx_word' id='word_1_368' title='bbox 3340 1963 3451 2034; x_wconf 70' lang='grc' dir='ltr'>γὰρ</span> <span class='ocrx_word' id='word_1_369' title='bbox 3478 1960 3589 2014; x_wconf 82' lang='grc' dir='ltr'><strong>τῶν</strong></span> <span class='ocrx_word' id='word_1_370' title='bbox 3630 1958 3841 2026; x_wconf 77' lang='grc' dir='ltr'>γηΐνων</span> <span class='ocrx_word' id='word_1_371' title='bbox 3875 1954 4049 2018; x_wconf 80' lang='grc' dir='ltr'>ὑπερ-</span> 
     </span>
    </p>
   </div>
   <div class='ocr_carea' id='block_1_50' title="bbox 2452 2044 4050 2145">
    <p class='ocr_par' dir='ltr' id='par_1_50' title="bbox 2452 2044 4050 2145">
     <span class='ocr_line' id='line_1_50' title="bbox 2452 2044 4050 2145; baseline -0.024 -13"><span class='ocrx_word' id='word_1_372' title='bbox 2452 2079 2719 2145; x_wconf 85' lang='grc' dir='ltr'>κείμενοι,</span> <span class='ocrx_word' id='word_1_373' title='bbox 2758 2074 2815 2125; x_wconf 70' lang='grc' dir='ltr'><strong>ιν</strong></span> <span class='ocrx_word' id='word_1_374' title='bbox 2842 2071 2955 2131; x_wconf 77' lang='grc' dir='ltr'>τοῖς</span> <span class='ocrx_word' id='word_1_375' title='bbox 2989 2064 3206 2125; x_wconf 78' lang='grc' dir='ltr'>κλάδοις</span> <span class='ocrx_word' id='word_1_376' title='bbox 3242 2057 3336 2112; x_wconf 80' lang='grc' dir='ltr'>τοῦ</span> <span class='ocrx_word' id='word_1_377' title='bbox 3365 2054 3750 2145; x_wconf 43' lang='grc' dir='ltr'>κηρύγματῇ,</span> <span class='ocrx_word' id='word_1_378' title='bbox 3786 2048 3912 2145; x_wconf 62' lang='grc' dir='ltr'>ἦτοι</span> <span class='ocrx_word' id='word_1_379' title='bbox 3939 2044 4050 2104; x_wconf 79' lang='grc' dir='ltr'>τοῖς</span> 
     </span>
    </p>
   </div>
   <div class='ocr_carea' id='block_1_51' title="bbox 2449 2138 4046 2240">
    <p class='ocr_par' dir='ltr' id='par_1_51' title="bbox 2449 2138 4046 2240">
     <span class='ocr_line' id='line_1_51' title="bbox 2449 2138 4046 2240; baseline -0.026 -14"><span class='ocrx_word' id='word_1_380' title='bbox 2449 2138 2800 2240; x_wconf 78' lang='grc' dir='ltr'>ἠπλωμὲνοις</span> <span class='ocrx_word' id='word_1_381' title='bbox 2848 2163 3114 2232; x_wconf 85' lang='grc' dir='ltr'>νοήμασιν</span> <span class='ocrx_word' id='word_1_382' title='bbox 3152 2154 3563 2240; x_wconf 57' lang='grc' dir='ltr'>άναπαύονταιξ</span> <span class='ocrx_word' id='word_1_383' title='bbox 3626 2138 3749 2240; x_wconf 62' lang='grc' dir='ltr'>οἷόν</span> <span class='ocrx_word' id='word_1_384' title='bbox 3884 2153 4046 2240; x_wconf 76' lang='grc' dir='ltr'>φημι,</span> 
     </span>
    </p>
   </div>
   <div class='ocr_carea' id='block_1_52' title="bbox 2452 2230 4048 2319">
    <p class='ocr_par' dir='ltr' id='par_1_52' title="bbox 2452 2230 4048 2319">
     <span class='ocr_line' id='line_1_52' title="bbox 2452 2230 4048 2319; baseline -0.024 0"><span class='ocrx_word' id='word_1_385' title='bbox 2452 2230 2653 2319; x_wconf 70' lang='grc' dir='ltr'>κόκκον</span> <span class='ocrx_word' id='word_1_386' title='bbox 2692 2257 2887 2313; x_wconf 70' lang='grc' dir='ltr'>ἔλαϐεν</span> <span class='ocrx_word' id='word_1_387' title='bbox 2985 2252 3214 2311; x_wconf 81' lang='grc' dir='ltr'>Παῦλος,</span> <span class='ocrx_word' id='word_1_388' title='bbox 3250 2247 3349 2317; x_wconf 80' lang='grc' dir='ltr'>τὴν</span> <span class='ocrx_word' id='word_1_389' title='bbox 3402 2239 3608 2314; x_wconf 77' lang='grc' dir='ltr'>μικρὰν</span> <span class='ocrx_word' id='word_1_390' title='bbox 3653 2233 3752 2289; x_wconf 76' lang='grc' dir='ltr'>τοῦ</span> <span class='ocrx_word' id='word_1_391' title='bbox 3793 2230 4048 2285; x_wconf 67' lang='grc' dir='ltr'>Ἀνανίου</span> 
     </span>
    </p>
   </div>
   <div class='ocr_carea' id='block_1_53' title="bbox 2453 2320 4053 2426">
    <p class='ocr_par' dir='ltr' id='par_1_53' title="bbox 2453 2326 4053 2426">
     <span class='ocr_line' id='line_1_53' title="bbox 2453 2326 4053 2426; baseline -0.025 -14"><span class='ocrx_word' id='word_1_392' title='bbox 2453 2359 2787 2426; x_wconf 82' lang='grc' dir='ltr'>κατήχησιν·</span> <span class='ocrx_word' id='word_1_393' title='bbox 2814 2349 2952 2404; x_wconf 68' lang='grc' dir='ltr'>ἀλλὰ</span> <span class='ocrx_word' id='word_1_394' title='bbox 2982 2344 3260 2417; x_wconf 79' lang='grc' dir='ltr'><strong>φυτεύσας</strong></span> <span class='ocrx_word' id='word_1_395' title='bbox 3282 2336 3475 2392; x_wconf 76' lang='grc' dir='ltr'>τοῦτον</span> <span class='ocrx_word' id='word_1_396' title='bbox 3514 2333 3605 2386; x_wconf 84' lang='grc' dir='ltr'>τὸν</span> <span class='ocrx_word' id='word_1_397' title='bbox 3637 2330 3847 2383; x_wconf 82' lang='grc' dir='ltr'>κόκκον</span> <span class='ocrx_word' id='word_1_398' title='bbox 3877 2326 3944 2426; x_wconf 61' lang='grc' dir='ltr'>ὲν</span> 
     </span>
    </p>
   </div>
   <div class='ocr_carea' id='block_1_54' title="bbox 2453 2417 4051 2511">
    <p class='ocr_par' dir='ltr' id='par_1_54' title="bbox 2453 2417 4051 2511">
     <span class='ocr_line' id='line_1_54' title="bbox 2453 2417 4051 2511; baseline -0.024 -7"><span class='ocrx_word' id='word_1_399' title='bbox 2453 2452 2600 2503; x_wconf 84' lang='grc' dir='ltr'>πίονι</span> <span class='ocrx_word' id='word_1_400' title='bbox 2653 2444 2820 2501; x_wconf 75' lang='grc' dir='ltr'>αὐτοῦ</span> <span class='ocrx_word' id='word_1_401' title='bbox 2872 2442 3060 2511; x_wconf 84' lang='grc' dir='ltr'>κήπῳ,</span> <span class='ocrx_word' id='word_1_402' title='bbox 3095 2436 3325 2495; x_wconf 78' lang='grc' dir='ltr'>κλάδους</span> <span class='ocrx_word' id='word_1_403' title='bbox 3375 2430 3627 2496; x_wconf 76' lang='grc' dir='ltr'>ἐποίησε,</span> <span class='ocrx_word' id='word_1_404' title='bbox 3659 2422 3763 2484; x_wconf 78' lang='grc' dir='ltr'><strong>τὰς</strong></span> <span class='ocrx_word' id='word_1_405' title='bbox 3819 2417 4051 2511; x_wconf 67' lang='grc' dir='ltr'>πολλάς,</span> 
     </span>
    </p>
   </div>
   <div class='ocr_carea' id='block_1_55' title="bbox 2452 2502 4054 2615">
    <p class='ocr_par' dir='ltr' id='par_1_55' title="bbox 2452 2502 4054 2615">
     <span class='ocr_line' id='line_1_55' title="bbox 2452 2502 4054 2615; baseline -0.024 -17"><span class='ocrx_word' id='word_1_406' title='bbox 2452 2544 2619 2615; x_wconf 77' lang='grc' dir='ltr'>φημὶ.</span> <span class='ocrx_word' id='word_1_407' title='bbox 2653 2541 2747 2594; x_wconf 73' lang='grc' dir='ltr'><strong>καὶ</strong></span> <span class='ocrx_word' id='word_1_408' title='bbox 2781 2502 2953 2597; x_wconf 76' lang='grc' dir='ltr'>καλὰς</span> <span class='ocrx_word' id='word_1_409' title='bbox 2981 2502 3359 2589; x_wconf 71' lang='grc' dir='ltr'>διδασκαλίας,</span> <span class='ocrx_word' id='word_1_410' title='bbox 3397 2523 3494 2615; x_wconf 65' lang='grc' dir='ltr'><strong>και</strong></span> <span class='ocrx_word' id='word_1_411' title='bbox 3528 2513 3943 2615; x_wconf 36' lang='grc' dir='ltr'>επιστολάς,ιὲν</span> <span class='ocrx_word' id='word_1_412' title='bbox 3966 2502 4054 2615; x_wconf 70' lang='grc' dir='ltr'>αἷς</span> 
     </span>
    </p>
   </div>
   <div class='ocr_carea' id='block_1_56' title="bbox 2452 2600 4056 2704">
    <p class='ocr_par' dir='ltr' id='par_1_56' title="bbox 2452 2600 4056 2704">
     <span class='ocr_line' id='line_1_56' title="bbox 2452 2600 4056 2704; baseline -0.025 -13"><span class='ocrx_word' id='word_1_413' title='bbox 2452 2600 2823 2704; x_wconf 73' lang='grc' dir='ltr'>κατεσκήνουν</span> <span class='ocrx_word' id='word_1_414' title='bbox 2852 2629 2914 2681; x_wconf 86' lang='grc' dir='ltr'>οὐ</span> <span class='ocrx_word' id='word_1_415' title='bbox 2939 2626 3102 2697; x_wconf 89' lang='grc' dir='ltr'>μόνον</span> <span class='ocrx_word' id='word_1_416' title='bbox 3138 2622 3187 2674; x_wconf 79' lang='grc' dir='ltr'>οἱ</span> <span class='ocrx_word' id='word_1_417' title='bbox 3214 2618 3337 2672; x_wconf 87' lang='grc' dir='ltr'>τότε</span> <span class='ocrx_word' id='word_1_418' title='bbox 3370 2611 3568 2704; x_wconf 61' lang='grc' dir='ltr'>ὑψηλοί</span> <span class='ocrx_word' id='word_1_419' title='bbox 3589 2611 3692 2704; x_wconf 66' lang='grc' dir='ltr'><strong>καιΔ</strong></span> <span class='ocrx_word' id='word_1_420' title='bbox 3720 2600 4056 2704; x_wconf 52' lang='grc' dir='ltr'>σοφοὶαατα</span> 
     </span>
    </p>
   </div>
   <div class='ocr_carea' id='block_1_57' title="bbox 2453 2692 4054 2788">
    <p class='ocr_par' dir='ltr' id='par_1_57' title="bbox 2453 2692 4054 2788">
     <span class='ocr_line' id='line_1_57' title="bbox 2453 2692 4054 2788; baseline -0.024 -8"><span class='ocrx_word' id='word_1_421' title='bbox 2453 2728 2578 2780; x_wconf 81' lang='grc' dir='ltr'>νοῦν</span> <span class='ocrx_word' id='word_1_422' title='bbox 2602 2692 2697 2778; x_wconf 63' lang='grc' dir='ltr'><strong>καί</strong></span> <span class='ocrx_word' id='word_1_423' title='bbox 2726 2692 3064 2788; x_wconf 47' lang='grc' dir='ltr'>σοιρίανξοῖοι</span> <span class='ocrx_word' id='word_1_424' title='bbox 3094 2716 3142 2766; x_wconf 84' lang='grc' dir='ltr'>οἱ</span> <span class='ocrx_word' id='word_1_425' title='bbox 3168 2707 3469 2781; x_wconf 79' lang='grc' dir='ltr'>Κορίνθιοι,</span> <span class='ocrx_word' id='word_1_426' title='bbox 3490 2704 3519 2756; x_wconf 92' lang='lat'><strong>6</strong></span> <span class='ocrx_word' id='word_1_427' title='bbox 3543 2698 3849 2758; x_wconf 83' lang='grc' dir='ltr'>Διονύσιος,</span> <span class='ocrx_word' id='word_1_428' title='bbox 3872 2696 3911 2788; x_wconf 17' lang='lat'><em>&gt;6</em></span> <span class='ocrx_word' id='word_1_429' title='bbox 3956 2692 4054 2745; x_wconf 69' lang='lat'><strong>&#39;1;-</strong></span> 
     </span>
    </p>
   </div>
   <div class='ocr_carea' id='block_1_58' title="bbox 2455 2786 4058 2885">
    <p class='ocr_par' dir='ltr' id='par_1_58' title="bbox 2455 2786 4058 2885">
     <span class='ocr_line' id='line_1_58' title="bbox 2455 2786 4058 2885; baseline -0.022 -16"><span class='ocrx_word' id='word_1_430' title='bbox 2455 2815 2642 2885; x_wconf 82' lang='grc' dir='ltr'>ρόθεος</span> <span class='ocrx_word' id='word_1_431' title='bbox 2667 2810 2763 2865; x_wconf 79' lang='grc' dir='ltr'>καὶ</span> <span class='ocrx_word' id='word_1_432' title='bbox 2784 2786 2935 2864; x_wconf 70' lang='grc' dir='ltr'>ἄλλοι</span> <span class='ocrx_word' id='word_1_433' title='bbox 2962 2805 3226 2867; x_wconf 82' lang='grc' dir='ltr'>πλεῖστοι,</span> <span class='ocrx_word' id='word_1_434' title='bbox 3255 2798 3393 2853; x_wconf 83' lang='grc' dir='ltr'>ἀλλὰ</span> <span class='ocrx_word' id='word_1_435' title='bbox 3431 2794 3527 2849; x_wconf 70' lang='grc' dir='ltr'>καὶ</span> <span class='ocrx_word' id='word_1_436' title='bbox 3543 2794 3591 2846; x_wconf 81' lang='lat' dir='ltr'><strong>oi</strong></span> <span class='ocrx_word' id='word_1_437' title='bbox 3627 2789 3747 2843; x_wconf 85' lang='grc' dir='ltr'>καθ’</span> <span class='ocrx_word' id='word_1_438' title='bbox 3784 2786 4058 2885; x_wconf 53' lang='grc' dir='ltr'>ἑκάστους</span> 
     </span>
    </p>
   </div>
   <div class='ocr_carea' id='block_1_59' title="bbox 2454 2879 4060 2977">
    <p class='ocr_par' dir='ltr' id='par_1_59' title="bbox 2454 2879 4060 2977">
     <span class='ocr_line' id='line_1_59' title="bbox 2454 2879 4060 2977; baseline -0.021 -15"><span class='ocrx_word' id='word_1_439' title='bbox 2454 2906 2701 2977; x_wconf 83' lang='grc' dir='ltr'>καιρούς.</span> <span class='ocrx_word' id='word_1_440' title='bbox 2722 2904 2959 2956; x_wconf 80' lang='grc' dir='ltr'>Δύναται</span> <span class='ocrx_word' id='word_1_441' title='bbox 2991 2900 3191 2960; x_wconf 85' lang='grc' dir='ltr'>κόκκος</span> <span class='ocrx_word' id='word_1_442' title='bbox 3224 2893 3499 2952; x_wconf 82' lang='grc' dir='ltr'>σινάπεως</span> <span class='ocrx_word' id='word_1_443' title='bbox 3536 2884 3802 2956; x_wconf 74' lang='grc' dir='ltr'>νοηθῆναι</span> <span class='ocrx_word' id='word_1_444' title='bbox 3830 2882 3928 2933; x_wconf 79' lang='grc' dir='ltr'>καὶ</span> <span class='ocrx_word' id='word_1_445' title='bbox 3958 2879 4060 2931; x_wconf 71' lang='grc' dir='ltr'><strong>αὑ-</strong></span> 
     </span>
    </p>
   </div>
   <div class='ocr_carea' id='block_1_60' title="bbox 2451 2973 4060 3067">
    <p class='ocr_par' dir='ltr' id='par_1_60' title="bbox 2451 2973 4060 3067">
     <span class='ocr_line' id='line_1_60' title="bbox 2451 2973 4060 3067; baseline -0.021 -13"><span class='ocrx_word' id='word_1_446' title='bbox 2451 2973 2560 3063; x_wconf 29' lang='grc' dir='ltr'>τὸς.</span> <span class='ocrx_word' id='word_1_447' title='bbox 2582 3002 2609 3053; x_wconf 91' lang='grc' dir='ltr'><strong>ό</strong></span> <span class='ocrx_word' id='word_1_448' title='bbox 2635 2997 2871 3067; x_wconf 76' lang='grc' dir='ltr'>Κύριος,</span> <span class='ocrx_word' id='word_1_449' title='bbox 2915 2990 3139 3060; x_wconf 81' lang='grc' dir='ltr'>εὐτελὴς</span> <span class='ocrx_word' id='word_1_450' title='bbox 3183 2988 3280 3057; x_wconf 81' lang='grc' dir='ltr'>μὲν</span> <span class='ocrx_word' id='word_1_451' title='bbox 3310 2985 3370 3037; x_wconf 81' lang='grc' dir='ltr'>τὸ</span> <span class='ocrx_word' id='word_1_452' title='bbox 3403 2980 3760 3051; x_wconf 84' lang='grc' dir='ltr'>φαινόμενον·</span> <span class='ocrx_word' id='word_1_453' title='bbox 3797 2973 4060 3067; x_wconf 78' lang='grc' dir='ltr'>τέκτονος</span> 
     </span>
    </p>
   </div>
   <div class='ocr_carea' id='block_1_61' title="bbox 2452 3066 4058 3163">
    <p class='ocr_par' dir='ltr' id='par_1_61' title="bbox 2452 3066 4058 3163">
     <span class='ocr_line' id='line_1_61' title="bbox 2452 3066 4058 3163; baseline -0.019 -16"><span class='ocrx_word' id='word_1_454' title='bbox 2452 3094 2562 3163; x_wconf 76' lang='grc' dir='ltr'><strong>γὰρ</strong></span> <span class='ocrx_word' id='word_1_455' title='bbox 2588 3092 2722 3154; x_wconf 75' lang='grc' dir='ltr'>υἱὸς,</span> <span class='ocrx_word' id='word_1_456' title='bbox 2752 3089 2847 3143; x_wconf 74' lang='grc' dir='ltr'>καὶ</span> <span class='ocrx_word' id='word_1_457' title='bbox 2871 3086 3197 3145; x_wconf 81' lang='grc' dir='ltr'>πενέστατος</span> <span class='ocrx_word' id='word_1_458' title='bbox 3216 3099 3229 3112; x_wconf 77' lang='grc' dir='ltr'><strong><em>ο</em></strong></span> <span class='ocrx_word' id='word_1_459' title='bbox 3254 3076 3437 3132; x_wconf 84' lang='grc' dir='ltr'>πεσὼν</span> <span class='ocrx_word' id='word_1_460' title='bbox 3465 3074 3522 3128; x_wconf 83' lang='grc' dir='ltr'>δὲ</span> <span class='ocrx_word' id='word_1_461' title='bbox 3546 3076 3602 3126; x_wconf 85' lang='grc' dir='ltr'>ὲν</span> <span class='ocrx_word' id='word_1_462' title='bbox 3634 3073 3703 3141; x_wconf 78' lang='grc' dir='ltr'>τῇ</span> <span class='ocrx_word' id='word_1_463' title='bbox 3733 3067 3931 3138; x_wconf 74' lang='grc' dir='ltr'>καρδία</span> <span class='ocrx_word' id='word_1_464' title='bbox 3956 3066 4058 3163; x_wconf 74' lang='grc' dir='ltr'>τῆς</span> 
     </span>
    </p>
   </div>
   <div class='ocr_carea' id='block_1_62' title="bbox 756 3155 2354 3263">
    <p class='ocr_par' dir='ltr' id='par_1_62' title="bbox 756 3176 2350 3251">
     <span class='ocr_line' id='line_1_62' title="bbox 756 3176 2350 3251; baseline 0.006 -24"><span class='ocrx_word' id='word_1_465' title='bbox 756 3176 1103 3245; x_wconf 73' lang='lat' dir='ltr'><strong>agitabantur</strong></span> <span class='ocrx_word' id='word_1_466' title='bbox 1135 3188 1190 3230; x_wconf 92' lang='lat' dir='ltr'><strong>ct</strong></span> <span class='ocrx_word' id='word_1_467' title='bbox 1222 3178 1563 3232; x_wconf 76' lang='lat' dir='ltr'><strong>vexabantur</strong></span> <span class='ocrx_word' id='word_1_468' title='bbox 1595 3195 1623 3232; x_wconf 88' lang='lat' dir='ltr'><strong>a</strong></span> <span class='ocrx_word' id='word_1_469' title='bbox 1650 3180 1846 3249; x_wconf 85' lang='lat' dir='ltr'><strong>spiritu</strong></span> <span class='ocrx_word' id='word_1_470' title='bbox 1881 3182 2087 3235; x_wconf 82' lang='lat' dir='ltr'><strong>erroris</strong></span> <span class='ocrx_word' id='word_1_471' title='bbox 2110 3223 2125 3248; x_wconf 91' lang='lat'><strong>,</strong></span> <span class='ocrx_word' id='word_1_472' title='bbox 2157 3198 2350 3251; x_wconf 88' lang='lat' dir='ltr'><strong>nempe</strong></span> 
     </span>
    </p>
   </div>
   <div class='ocr_carea' id='block_1_63' title="bbox 2451 3155 4058 3263">
    <p class='ocr_par' dir='ltr' id='par_1_63' title="bbox 2453 3155 4058 3263">
     <span class='ocr_line' id='line_1_63' title="bbox 2453 3155 4058 3263; baseline -0.012 -27"><span class='ocrx_word' id='word_1_473' title='bbox 2453 3155 2559 3251; x_wconf 71' lang='grc' dir='ltr'>γῆς</span> <span class='ocrx_word' id='word_1_474' title='bbox 2586 3180 2673 3235; x_wconf 75' lang='grc' dir='ltr'><strong>διὰ</strong></span> <span class='ocrx_word' id='word_1_475' title='bbox 2712 3178 2807 3231; x_wconf 82' lang='grc' dir='ltr'>τοῦ</span> <span class='ocrx_word' id='word_1_476' title='bbox 2850 3173 3191 3245; x_wconf 75' lang='grc' dir='ltr'>νεκρωθῆναι</span> <span class='ocrx_word' id='word_1_477' title='bbox 3217 3210 3230 3232; x_wconf 87' lang='grc'><strong>.</strong></span> <span class='ocrx_word' id='word_1_478' title='bbox 3266 3168 3362 3221; x_wconf 78' lang='grc' dir='ltr'>καὶ</span> <span class='ocrx_word' id='word_1_479' title='bbox 3390 3170 3447 3263; x_wconf 61' lang='grc' dir='ltr'>ὲν</span> <span class='ocrx_word' id='word_1_480' title='bbox 3492 3163 3573 3245; x_wconf 80' lang='grc' dir='ltr'>τῷ</span> <span class='ocrx_word' id='word_1_481' title='bbox 3614 3164 3779 3263; x_wconf 61' lang='grc' dir='ltr'>κήπῳ</span> <span class='ocrx_word' id='word_1_482' title='bbox 3818 3155 4058 3263; x_wconf 57' lang='grc' dir='ltr'><strong>ταφεὶὶι</strong></span> 
     </span>
    </p>
   </div>
   <div class='ocr_carea' id='block_1_64' title="bbox 753 3268 2350 3342">
    <p class='ocr_par' dir='ltr' id='par_1_64' title="bbox 753 3268 2350 3342">
     <span class='ocr_line' id='line_1_64' title="bbox 753 3268 2350 3342; baseline 0.004 -20"><span class='ocrx_word' id='word_1_483' title='bbox 753 3268 1029 3339; x_wconf 72' lang='lat' dir='ltr'><strong>gentiles;</strong></span> <span class='ocrx_word' id='word_1_484' title='bbox 1071 3270 1163 3336; x_wconf 91' lang='lat' dir='ltr'><strong>qui</strong></span> <span class='ocrx_word' id='word_1_485' title='bbox 1210 3273 1674 3339; x_wconf 84' lang='lat' dir='ltr'><strong>comparabantur</strong></span> <span class='ocrx_word' id='word_1_486' title='bbox 1736 3272 2081 3338; x_wconf 82' lang='lat' dir='ltr'><strong>volatilibus,</strong></span> <span class='ocrx_word' id='word_1_487' title='bbox 2130 3285 2350 3342; x_wconf 83' lang='lat' dir='ltr'><strong>propter</strong></span> 
     </span>
    </p>
   </div>
   <div class='ocr_carea' id='block_1_65' title="bbox 758 3362 2350 3433">
    <p class='ocr_par' dir='ltr' id='par_1_65' title="bbox 758 3362 2350 3433">
     <span class='ocr_line' id='line_1_65' title="bbox 758 3362 2350 3433; baseline 0.004 -20"><span class='ocrx_word' id='word_1_488' title='bbox 758 3372 998 3415; x_wconf 87' lang='lat' dir='ltr'><strong>nrentern</strong></span> <span class='ocrx_word' id='word_1_489' title='bbox 1048 3362 1210 3416; x_wconf 90' lang='lat' dir='ltr'><strong>facile</strong></span> <span class='ocrx_word' id='word_1_490' title='bbox 1279 3364 1571 3426; x_wconf 90' lang='lat' dir='ltr'><strong>mobilem,</strong></span> <span class='ocrx_word' id='word_1_491' title='bbox 1632 3375 1688 3418; x_wconf 90' lang='lat' dir='ltr'><strong>et</strong></span> <span class='ocrx_word' id='word_1_492' title='bbox 1734 3364 1973 3419; x_wconf 90' lang='lat' dir='ltr'><strong>illusioni</strong></span> <span class='ocrx_word' id='word_1_493' title='bbox 2033 3368 2350 3433; x_wconf 79' lang='lat' dir='ltr'><strong>obnoxiam,</strong></span> 
     </span>
    </p>
   </div>
   <div class='ocr_carea' id='block_1_66' title="bbox 754 3456 2349 3533">
    <p class='ocr_par' dir='ltr' id='par_1_66' title="bbox 754 3456 2349 3533">
     <span class='ocr_line' id='line_1_66' title="bbox 754 3456 2349 3533; baseline 0.005 -26"><span class='ocrx_word' id='word_1_494' title='bbox 754 3470 1071 3524; x_wconf 68' lang='lat' dir='ltr'><strong>magnaeque</strong></span> <span class='ocrx_word' id='word_1_495' title='bbox 1113 3456 1371 3510; x_wconf 82' lang='lat' dir='ltr'><strong>levitatis.</strong></span> <span class='ocrx_word' id='word_1_496' title='bbox 1425 3456 1593 3511; x_wconf 84' lang='lat' dir='ltr'><strong>Tales</strong></span> <span class='ocrx_word' id='word_1_497' title='bbox 1646 3458 1789 3511; x_wconf 89' lang='lat' dir='ltr'><strong>enim</strong></span> <span class='ocrx_word' id='word_1_498' title='bbox 1832 3472 1959 3511; x_wconf 88' lang='lat' dir='ltr'><strong>sunt</strong></span> <span class='ocrx_word' id='word_1_499' title='bbox 2015 3474 2209 3514; x_wconf 90' lang='lat' dir='ltr'><strong>ornues</strong></span> <span class='ocrx_word' id='word_1_500' title='bbox 2258 3462 2349 3533; x_wconf 87' lang='lat' dir='ltr'><strong>qui</strong></span> 
     </span>
    </p>
   </div>
   <div class='ocr_carea' id='block_1_67' title="bbox 752 3546 2345 3612">
    <p class='ocr_par' dir='ltr' id='par_1_67' title="bbox 752 3546 2345 3612">
     <span class='ocr_line' id='line_1_67' title="bbox 752 3546 2345 3612; baseline 0.004 -13"><span class='ocrx_word' id='word_1_501' title='bbox 752 3553 967 3608; x_wconf 87' lang='lat' dir='ltr'><strong>errant,</strong></span> <span class='ocrx_word' id='word_1_502' title='bbox 1013 3546 1318 3602; x_wconf 85' lang='lat' dir='ltr'><strong>volatilibus</strong></span> <span class='ocrx_word' id='word_1_503' title='bbox 1364 3548 1520 3612; x_wconf 71' lang='lat' dir='ltr'><strong>cmli,</strong></span> <span class='ocrx_word' id='word_1_504' title='bbox 1556 3550 1658 3602; x_wconf 89' lang='lat' dir='ltr'><strong>hoc</strong></span> <span class='ocrx_word' id='word_1_505' title='bbox 1706 3559 1792 3604; x_wconf 53' lang='lat' dir='ltr'><strong>eat</strong></span> <span class='ocrx_word' id='word_1_506' title='bbox 1826 3552 1991 3611; x_wconf 86' lang='lat' dir='ltr'><strong>aeris,</strong></span> <span class='ocrx_word' id='word_1_507' title='bbox 2039 3552 2345 3607; x_wconf 67' lang='lat' dir='ltr'><strong>assimilati.</strong></span> 
     </span>
    </p>
   </div>
   <div class='ocr_carea' id='block_1_68' title="bbox 757 3631 2345 3714">
    <p class='ocr_par' dir='ltr' id='par_1_68' title="bbox 757 3631 2345 3714">
     <span class='ocr_line' id='line_1_68' title="bbox 757 3631 2345 3714; baseline 0.005 -23"><span class='ocrx_word' id='word_1_508' title='bbox 757 3638 957 3693; x_wconf 89' lang='lat' dir='ltr'><strong>lterum</strong></span> <span class='ocrx_word' id='word_1_509' title='bbox 992 3631 1329 3693; x_wconf 70' lang='lat' dir='ltr'><strong>assimilatur</strong></span> <span class='ocrx_word' id='word_1_510' title='bbox 1375 3639 1648 3695; x_wconf 88' lang='lat' dir='ltr'><strong>fermento</strong></span> <span class='ocrx_word' id='word_1_511' title='bbox 1686 3643 1902 3696; x_wconf 74' lang='lat' dir='ltr'><strong>divinus</strong></span> <span class='ocrx_word' id='word_1_512' title='bbox 1948 3660 2154 3708; x_wconf 85' lang='lat' dir='ltr'><strong>sermo,</strong></span> <span class='ocrx_word' id='word_1_513' title='bbox 2203 3646 2345 3714; x_wconf 88' lang='lat' dir='ltr'><strong>quod</strong></span> 
     </span>
    </p>
   </div>
   <div class='ocr_carea' id='block_1_69' title="bbox 752 3733 2350 3801">
    <p class='ocr_par' dir='ltr' id='par_1_69' title="bbox 752 3733 2350 3801">
     <span class='ocr_line' id='line_1_69' title="bbox 752 3733 2350 3801; baseline 0.004 -16"><span class='ocrx_word' id='word_1_514' title='bbox 752 3743 1026 3800; x_wconf 81' lang='lat' dir='ltr'><strong>sumptum</strong></span> <span class='ocrx_word' id='word_1_515' title='bbox 1067 3733 1282 3798; x_wconf 88' lang='lat' dir='ltr'><strong>mulier,</strong></span> <span class='ocrx_word' id='word_1_516' title='bbox 1329 3735 1432 3787; x_wconf 87' lang='lat' dir='ltr'><strong>hoc</strong></span> <span class='ocrx_word' id='word_1_517' title='bbox 1471 3744 1555 3789; x_wconf 87' lang='lat' dir='ltr'><strong>est</strong></span> <span class='ocrx_word' id='word_1_518' title='bbox 1624 3736 1862 3789; x_wconf 87' lang='lat' dir='ltr'><strong>lnrrnana</strong></span> <span class='ocrx_word' id='word_1_519' title='bbox 1900 3749 2116 3801; x_wconf 80' lang='lat' dir='ltr'><strong>natura,</strong></span> <span class='ocrx_word' id='word_1_520' title='bbox 2166 3738 2350 3792; x_wconf 78' lang='lat' dir='ltr'><strong>occul-</strong></span> 
     </span>
    </p>
   </div>
   <div class='ocr_carea' id='block_1_70' title="bbox 754 3826 2351 3901">
    <p class='ocr_par' dir='ltr' id='par_1_70' title="bbox 754 3826 2351 3901">
     <span class='ocr_line' id='line_1_70' title="bbox 754 3826 2351 3901; baseline 0.003 -21"><span class='ocrx_word' id='word_1_521' title='bbox 754 3826 887 3880; x_wconf 87' lang='lat' dir='ltr'><strong>tavit</strong></span> <span class='ocrx_word' id='word_1_522' title='bbox 922 3826 974 3879; x_wconf 94' lang='lat' dir='ltr'><strong>iu</strong></span> <span class='ocrx_word' id='word_1_523' title='bbox 1009 3826 1199 3881; x_wconf 72' lang='lat' dir='ltr'><strong>farina:</strong></span> <span class='ocrx_word' id='word_1_524' title='bbox 1230 3827 1504 3891; x_wconf 60' lang='lat' dir='ltr'><strong>sata‘tria,</strong></span> <span class='ocrx_word' id='word_1_525' title='bbox 1550 3828 1648 3881; x_wconf 90' lang='lat' dir='ltr'><strong>hoc</strong></span> <span class='ocrx_word' id='word_1_526' title='bbox 1676 3839 1781 3892; x_wconf 78' lang='lat' dir='ltr'><strong>est,</strong></span> <span class='ocrx_word' id='word_1_527' title='bbox 1818 3831 1871 3882; x_wconf 88' lang='lat' dir='ltr'><strong>in</strong></span> <span class='ocrx_word' id='word_1_528' title='bbox 1920 3845 2141 3898; x_wconf 88' lang='lat' dir='ltr'><strong>corpus,</strong></span> <span class='ocrx_word' id='word_1_529' title='bbox 2190 3831 2351 3901; x_wconf 87' lang='lat' dir='ltr'><strong>spiri-</strong></span> 
     </span>
    </p>
   </div>
   <div class='ocr_carea' id='block_1_71' title="bbox 759 3917 2353 3985">
    <p class='ocr_par' dir='ltr' id='par_1_71' title="bbox 759 3917 2353 3985">
     <span class='ocr_line' id='line_1_71' title="bbox 759 3917 2353 3985; baseline 0.004 -15"><span class='ocrx_word' id='word_1_530' title='bbox 759 3932 893 3981; x_wconf 85' lang='lat' dir='ltr'><strong>tum,</strong></span> <span class='ocrx_word' id='word_1_531' title='bbox 932 3928 985 3971; x_wconf 90' lang='lat' dir='ltr'><strong>et</strong></span> <span class='ocrx_word' id='word_1_532' title='bbox 1017 3917 1293 3983; x_wconf 82' lang='lat' dir='ltr'><strong>animant,</strong></span> <span class='ocrx_word' id='word_1_533' title='bbox 1343 3919 1413 3971; x_wconf 88' lang='lat' dir='ltr'><strong>ita</strong></span> <span class='ocrx_word' id='word_1_534' title='bbox 1469 3930 1527 3972; x_wconf 92' lang='lat' dir='ltr'><strong>ut</strong></span> <span class='ocrx_word' id='word_1_535' title='bbox 1580 3920 1670 3973; x_wconf 85' lang='lat' dir='ltr'><strong>illa</strong></span> <span class='ocrx_word' id='word_1_536' title='bbox 1717 3921 2157 3985; x_wconf 75' lang='lat' dir='ltr'><strong>satrctilieetrtur&#39;,</strong></span> <span class='ocrx_word' id='word_1_537' title='bbox 2208 3925 2353 3976; x_wconf 89' lang='lat' dir='ltr'><strong>sicut</strong></span> 
     </span>
    </p>
   </div>
   <div class='ocr_carea' id='block_1_72' title="bbox 754 4010 2351 4083">
    <p class='ocr_par' dir='ltr' id='par_1_72' title="bbox 754 4010 2351 4083">
     <span class='ocr_line' id='line_1_72' title="bbox 754 4010 2351 4083; baseline 0.002 -17"><span class='ocrx_word' id='word_1_538' title='bbox 754 4012 886 4066; x_wconf 88' lang='lat' dir='ltr'><strong>dicit</strong></span> <span class='ocrx_word' id='word_1_539' title='bbox 922 4012 1112 4066; x_wconf 85' lang='lat' dir='ltr'><strong>beatus</strong></span> <span class='ocrx_word' id='word_1_540' title='bbox 1172 4010 1409 4077; x_wconf 85' lang='lat' dir='ltr'><strong>Paulus,</strong></span> <span class='ocrx_word' id='word_1_541' title='bbox 1477 4012 1679 4083; x_wconf 84' lang='lat' dir='ltr'><strong>ﬁatque</strong></span> <span class='ocrx_word' id='word_1_542' title='bbox 1727 4031 1829 4067; x_wconf 89' lang='lat' dir='ltr'><strong>una</strong></span> <span class='ocrx_word' id='word_1_543' title='bbox 1896 4016 2351 4083; x_wconf 73' lang='lat' dir='ltr'><strong>comternperatio</strong></span> 
     </span>
    </p>
   </div>
   <div class='ocr_carea' id='block_1_73' title="bbox 753 4103 2347 4175">
    <p class='ocr_par' dir='ltr' id='par_1_73' title="bbox 753 4103 2347 4175">
     <span class='ocr_line' id='line_1_73' title="bbox 753 4103 2347 4175; baseline 0.003 -18"><span class='ocrx_word' id='word_1_544' title='bbox 753 4103 1137 4157; x_wconf 86' lang='lat' dir='ltr'><strong>cornn.unione</strong></span> <span class='ocrx_word' id='word_1_545' title='bbox 1186 4120 1308 4158; x_wconf 92' lang='lat' dir='ltr'><strong>cum</strong></span> <span class='ocrx_word' id='word_1_546' title='bbox 1362 4103 1569 4175; x_wconf 91' lang='lat' dir='ltr'><strong>Spiritu</strong></span> <span class='ocrx_word' id='word_1_547' title='bbox 1608 4116 1819 4161; x_wconf 84' lang='lat' dir='ltr'><strong>sancto.</strong></span> <span class='ocrx_word' id='word_1_548' title='bbox 1887 4106 2130 4175; x_wconf 83' lang='lat' dir='ltr'><strong>lntellige</strong></span> <span class='ocrx_word' id='word_1_549' title='bbox 2166 4118 2347 4162; x_wconf 88' lang='lat' dir='ltr'><strong>autern</strong></span> 
     </span>
    </p>
   </div>
   <div class='ocr_carea' id='block_1_74' title="bbox 752 4198 2350 4268">
    <p class='ocr_par' dir='ltr' id='par_1_74' title="bbox 752 4198 2350 4268">
     <span class='ocr_line' id='line_1_74' title="bbox 752 4198 2350 4268; baseline 0.003 -16"><span class='ocrx_word' id='word_1_550' title='bbox 752 4213 850 4267; x_wconf 81' lang='lat' dir='ltr'><strong>per</strong></span> <span class='ocrx_word' id='word_1_551' title='bbox 907 4198 1187 4253; x_wconf 87' lang='lat' dir='ltr'><strong>mulierem</strong></span> <span class='ocrx_word' id='word_1_552' title='bbox 1242 4200 1480 4253; x_wconf 80' lang='lat' dir='ltr'><strong>animant</strong></span> <span class='ocrx_word' id='word_1_553' title='bbox 1515 4218 1526 4253; x_wconf 91' lang='lat'>:</span> <span class='ocrx_word' id='word_1_554' title='bbox 1566 4211 1682 4254; x_wconf 86' lang='lat' dir='ltr'><strong>sata</strong></span> <span class='ocrx_word' id='word_1_555' title='bbox 1717 4218 1850 4255; x_wconf 88' lang='lat' dir='ltr'><strong>vero</strong></span> <span class='ocrx_word' id='word_1_556' title='bbox 1889 4203 1991 4255; x_wconf 88' lang='lat' dir='ltr'><strong>tria</strong></span> <span class='ocrx_word' id='word_1_557' title='bbox 2020 4211 2132 4255; x_wconf 86' lang='lat' dir='ltr'><strong>tres</strong></span> <span class='ocrx_word' id='word_1_558' title='bbox 2165 4214 2350 4268; x_wconf 83' lang='lat' dir='ltr'><strong>partes</strong></span> 
     </span>
    </p>
   </div>
   <div class='ocr_carea' id='block_1_75' title="bbox 755 4289 2346 4358">
    <p class='ocr_par' dir='ltr' id='par_1_75' title="bbox 755 4289 2346 4358">
     <span class='ocr_line' id='line_1_75' title="bbox 755 4289 2346 4358; baseline 0.001 -15"><span class='ocrx_word' id='word_1_559' title='bbox 755 4290 894 4358; x_wconf 75' lang='lat' dir='ltr'><strong>ejus,</strong></span> <span class='ocrx_word' id='word_1_560' title='bbox 948 4289 1295 4351; x_wconf 82' lang='lat' dir='ltr'><strong>rationalem,</strong></span> <span class='ocrx_word' id='word_1_561' title='bbox 1346 4291 1855 4358; x_wconf 84' lang='lat' dir='ltr'><strong>concupiscibileur,</strong></span> <span class='ocrx_word' id='word_1_562' title='bbox 1890 4301 1946 4345; x_wconf 89' lang='lat' dir='ltr'><strong>et</strong></span> <span class='ocrx_word' id='word_1_563' title='bbox 1990 4291 2346 4347; x_wconf 84' lang='lat' dir='ltr'><strong>irascibilem.</strong></span> 
     </span>
    </p>
   </div>
   <div class='ocr_carea' id='block_1_76' title="bbox 754 4380 2347 4451">
    <p class='ocr_par' dir='ltr' id='par_1_76' title="bbox 754 4380 2347 4451">
     <span class='ocr_line' id='line_1_76' title="bbox 754 4380 2347 4451; baseline 0.002 -16"><span class='ocrx_word' id='word_1_564' title='bbox 754 4380 808 4435; x_wconf 92' lang='lat' dir='ltr'><strong>Si</strong></span> <span class='ocrx_word' id='word_1_565' title='bbox 841 4382 964 4450; x_wconf 90' lang='lat' dir='ltr'><strong>quis</strong></span> <span class='ocrx_word' id='word_1_566' title='bbox 996 4381 1163 4451; x_wconf 80' lang='lat' dir='ltr'><strong>igitur</strong></span> <span class='ocrx_word' id='word_1_567' title='bbox 1191 4382 1244 4435; x_wconf 93' lang='lat' dir='ltr'><strong>in</strong></span> <span class='ocrx_word' id='word_1_568' title='bbox 1277 4382 1453 4435; x_wconf 80' lang='lat' dir='ltr'><strong>tribes</strong></span> <span class='ocrx_word' id='word_1_569' title='bbox 1493 4382 1600 4435; x_wconf 90' lang='lat' dir='ltr'><strong>illis</strong></span> <span class='ocrx_word' id='word_1_570' title='bbox 1633 4384 1881 4451; x_wconf 85' lang='lat' dir='ltr'><strong>partibus</strong></span> <span class='ocrx_word' id='word_1_571' title='bbox 1912 4400 2222 4438; x_wconf 86' lang='lat' dir='ltr'><strong>sermonem</strong></span> <span class='ocrx_word' id='word_1_572' title='bbox 2254 4385 2347 4440; x_wconf 90' lang='lat' dir='ltr'><strong>Dei</strong></span> 
     </span>
    </p>
   </div>
   <div class='ocr_carea' id='block_1_77' title="bbox 750 4476 2349 4545">
    <p class='ocr_par' dir='ltr' id='par_1_77' title="bbox 750 4476 2349 4545">
     <span class='ocr_line' id='line_1_77' title="bbox 750 4476 2349 4545; baseline 0.002 -16"><span class='ocrx_word' id='word_1_573' title='bbox 750 4476 1080 4534; x_wconf 83' lang='lat' dir='ltr'><strong>occultarit.</strong></span> <span class='ocrx_word' id='word_1_574' title='bbox 1118 4476 1281 4530; x_wconf 79' lang='lat' dir='ltr'><strong>laciet</strong></span> <span class='ocrx_word' id='word_1_575' title='bbox 1338 4476 1483 4529; x_wconf 87' lang='lat' dir='ltr'><strong>illam</strong></span> <span class='ocrx_word' id='word_1_576' title='bbox 1540 4485 1708 4531; x_wconf 90' lang='lat' dir='ltr'><strong>totam</strong></span> <span class='ocrx_word' id='word_1_577' title='bbox 1754 4479 2128 4545; x_wconf 88' lang='lat' dir='ltr'><strong>spiritualem,</strong></span> <span class='ocrx_word' id='word_1_578' title='bbox 2170 4478 2242 4532; x_wconf 90' lang='lat' dir='ltr'><strong>ita</strong></span> <span class='ocrx_word' id='word_1_579' title='bbox 2292 4488 2349 4532; x_wconf 91' lang='lat' dir='ltr'><strong>ut</strong></span> 
     </span>
    </p>
   </div>
   <div class='ocr_carea' id='block_1_78' title="bbox 754 4552 2424 4637">
    <p class='ocr_par' dir='ltr' id='par_1_78' title="bbox 754 4552 2424 4637">
     <span class='ocr_line' id='line_1_78' title="bbox 754 4552 2424 4637; baseline 0.005 -20"><span class='ocrx_word' id='word_1_580' title='bbox 754 4565 1039 4620; x_wconf 73' lang='lat' dir='ltr'><strong>rationalis</strong></span> <span class='ocrx_word' id='word_1_581' title='bbox 1069 4582 1173 4621; x_wconf 91' lang='lat' dir='ltr'><strong>non</strong></span> <span class='ocrx_word' id='word_1_582' title='bbox 1206 4566 1419 4621; x_wconf 87' lang='lat' dir='ltr'><strong>labatur</strong></span> <span class='ocrx_word' id='word_1_583' title='bbox 1448 4568 1499 4621; x_wconf 90' lang='lat' dir='ltr'><strong>iu</strong></span> <span class='ocrx_word' id='word_1_584' title='bbox 1529 4568 1824 4632; x_wconf 88' lang='lat' dir='ltr'><strong>doctrinis,</strong></span> <span class='ocrx_word' id='word_1_585' title='bbox 1854 4584 2029 4637; x_wconf 82' lang='lat' dir='ltr'><strong>neque</strong></span> <span class='ocrx_word' id='word_1_586' title='bbox 2057 4570 2349 4625; x_wconf 86' lang='lat' dir='ltr'><strong>irascibilis</strong></span> <span class='ocrx_word' id='word_1_587' title='bbox 2382 4552 2424 4607; x_wconf 74' lang='grc' dir='ltr'>ί)</span> 
     </span>
    </p>
   </div>
   <div class='ocr_carea' id='block_1_79' title="bbox 748 4658 2347 4727">
    <p class='ocr_par' dir='ltr' id='par_1_79' title="bbox 748 4658 2347 4727">
     <span class='ocr_line' id='line_1_79' title="bbox 748 4658 2347 4727; baseline 0.002 -13"><span class='ocrx_word' id='word_1_588' title='bbox 748 4669 803 4714; x_wconf 88' lang='lat' dir='ltr'><strong>et</strong></span> <span class='ocrx_word' id='word_1_589' title='bbox 830 4674 879 4713; x_wconf 79' lang='lat' dir='ltr'><strong>Cl</strong></span> <span class='ocrx_word' id='word_1_590' title='bbox 903 4659 1279 4727; x_wconf 88' lang='lat' dir='ltr'><strong>ucupiseibilis</strong></span> <span class='ocrx_word' id='word_1_591' title='bbox 1324 4661 1533 4726; x_wconf 85' lang='lat' dir='ltr'><strong>absque</strong></span> <span class='ocrx_word' id='word_1_592' title='bbox 1567 4660 1778 4713; x_wconf 82' lang='lat' dir='ltr'><strong>ratione</strong></span> <span class='ocrx_word' id='word_1_593' title='bbox 1812 4658 2080 4723; x_wconf 77' lang='lat' dir='ltr'><strong>ferantur,</strong></span> <span class='ocrx_word' id='word_1_594' title='bbox 2114 4663 2205 4716; x_wconf 88' lang='lat' dir='ltr'><strong>sed</strong></span> <span class='ocrx_word' id='word_1_595' title='bbox 2241 4663 2347 4717; x_wconf 87' lang='lat' dir='ltr'><strong>fer-</strong></span> 
     </span>
    </p>
   </div>
   <div class='ocr_carea' id='block_1_80' title="bbox 755 4752 2346 4811">
    <p class='ocr_par' dir='ltr' id='par_1_80' title="bbox 755 4752 2346 4811">
     <span class='ocr_line' id='line_1_80' title="bbox 755 4752 2346 4811; baseline 0.005 -8"><span class='ocrx_word' id='word_1_596' title='bbox 755 4762 1063 4805; x_wconf 84' lang='lat' dir='ltr'><strong>mentcntur</strong></span> <span class='ocrx_word' id='word_1_597' title='bbox 1094 4762 1150 4806; x_wconf 94' lang='lat' dir='ltr'><strong>et</strong></span> <span class='ocrx_word' id='word_1_598' title='bbox 1180 4752 1558 4806; x_wconf 84' lang='lat' dir='ltr'><strong>assimileutur</strong></span> <span class='ocrx_word' id='word_1_599' title='bbox 1583 4754 1823 4806; x_wconf 88' lang='lat' dir='ltr'><strong>sermoni</strong></span> <span class='ocrx_word' id='word_1_600' title='bbox 1853 4752 1967 4808; x_wconf 91' lang='lat' dir='ltr'><strong>Dei.</strong></span> <span class='ocrx_word' id='word_1_601' title='bbox 1997 4753 2346 4811; x_wconf 86' lang='lat' dir='ltr'><strong>Perambula-</strong></span> 
     </span>
    </p>
   </div>
   <div class='ocr_carea' id='block_1_81' title="bbox 752 4842 2345 4918">
    <p class='ocr_par' dir='ltr' id='par_1_81' title="bbox 752 4842 2345 4918">
     <span class='ocr_line' id='line_1_81' title="bbox 752 4842 2345 4918; baseline 0.004 -19"><span class='ocrx_word' id='word_1_602' title='bbox 752 4847 841 4899; x_wconf 91' lang='lat' dir='ltr'><strong>bat</strong></span> <span class='ocrx_word' id='word_1_603' title='bbox 866 4862 994 4899; x_wconf 86' lang='lat' dir='ltr'><strong>vero</strong></span> <span class='ocrx_word' id='word_1_604' title='bbox 1020 4842 1179 4899; x_wconf 85' lang='lat' dir='ltr'><strong>Jesus</strong></span> <span class='ocrx_word' id='word_1_605' title='bbox 1206 4861 1303 4915; x_wconf 91' lang='lat' dir='ltr'><strong>per</strong></span> <span class='ocrx_word' id='word_1_606' title='bbox 1331 4861 1496 4917; x_wconf 82' lang='lat' dir='ltr'><strong>pagos</strong></span> <span class='ocrx_word' id='word_1_607' title='bbox 1529 4852 1583 4900; x_wconf 89' lang='lat' dir='ltr'><strong>et</strong></span> <span class='ocrx_word' id='word_1_608' title='bbox 1614 4846 1866 4901; x_wconf 85' lang='lat' dir='ltr'><strong>civitates</strong></span> <span class='ocrx_word' id='word_1_609' title='bbox 1889 4847 2119 4903; x_wconf 88' lang='lat' dir='ltr'><strong>docens.</strong></span> <span class='ocrx_word' id='word_1_610' title='bbox 2157 4848 2345 4918; x_wconf 82' lang='lat' dir='ltr'><strong>Neque</strong></span> 
     </span>
    </p>
   </div>
   <div class='ocr_carea' id='block_1_82' title="bbox 750 4938 2345 5007">
    <p class='ocr_par' dir='ltr' id='par_1_82' title="bbox 750 4938 2345 5007">
     <span class='ocr_line' id='line_1_82' title="bbox 750 4938 2345 5007; baseline 0.001 -15"><span class='ocrx_word' id='word_1_611' title='bbox 750 4938 889 4993; x_wconf 86' lang='lat' dir='ltr'><strong>itain</strong></span> <span class='ocrx_word' id='word_1_612' title='bbox 917 4953 1081 5006; x_wconf 82' lang='lat' dir='ltr'><strong>parva</strong></span> <span class='ocrx_word' id='word_1_613' title='bbox 1104 4939 1248 4991; x_wconf 70' lang='lat' dir='ltr'><strong>venit</strong></span> <span class='ocrx_word' id='word_1_614' title='bbox 1267 4938 1462 5006; x_wconf 86' lang='lat' dir='ltr'><strong>oppida</strong></span> <span class='ocrx_word' id='word_1_615' title='bbox 1486 4947 1540 4992; x_wconf 91' lang='lat' dir='ltr'><strong>et</strong></span> <span class='ocrx_word' id='word_1_616' title='bbox 1558 4953 1746 5007; x_wconf 85' lang='lat' dir='ltr'><strong>pagos,</strong></span> <span class='ocrx_word' id='word_1_617' title='bbox 1770 4946 1827 4991; x_wconf 91' lang='lat' dir='ltr'><strong>ut</strong></span> <span class='ocrx_word' id='word_1_618' title='bbox 1851 4954 2075 5006; x_wconf 79' lang='lat' dir='ltr'><strong>magnas</strong></span> <span class='ocrx_word' id='word_1_619' title='bbox 2095 4940 2345 4995; x_wconf 80' lang='lat' dir='ltr'><strong>civitates</strong></span> 
     </span>
    </p>
   </div>
   <div class='ocr_carea' id='block_1_83' title="bbox 750 5032 2347 5103">
    <p class='ocr_par' dir='ltr' id='par_1_83' title="bbox 750 5032 2347 5103">
     <span class='ocr_line' id='line_1_83' title="bbox 750 5032 2347 5103; baseline 0.003 -18"><span class='ocrx_word' id='word_1_620' title='bbox 750 5034 1049 5103; x_wconf 83' lang='lat' dir='ltr'><strong>negligeret</strong></span> <span class='ocrx_word' id='word_1_621' title='bbox 1082 5048 1095 5084; x_wconf 89' lang='lat'><strong>:</strong></span> <span class='ocrx_word' id='word_1_622' title='bbox 1136 5032 1187 5085; x_wconf 84' lang='lat' dir='ltr'><strong>id</strong></span> <span class='ocrx_word' id='word_1_623' title='bbox 1227 5033 1371 5102; x_wconf 93' lang='lat' dir='ltr'><strong>quod</strong></span> <span class='ocrx_word' id='word_1_624' title='bbox 1397 5032 1609 5086; x_wconf 90' lang='lat' dir='ltr'><strong>faciunt</strong></span> <span class='ocrx_word' id='word_1_625' title='bbox 1641 5033 1733 5101; x_wconf 92' lang='lat' dir='ltr'><strong>qui</strong></span> <span class='ocrx_word' id='word_1_626' title='bbox 1768 5032 1957 5086; x_wconf 88' lang='lat' dir='ltr'><strong>volunt</strong></span> <span class='ocrx_word' id='word_1_627' title='bbox 1987 5033 2347 5101; x_wconf 80' lang='lat' dir='ltr'><strong>simpliciores</strong></span> 
     </span>
    </p>
   </div>
   <div class='ocr_carea' id='block_1_84' title="bbox 749 5123 2344 5195">
    <p class='ocr_par' dir='ltr' id='par_1_84' title="bbox 749 5123 2344 5195">
     <span class='ocr_line' id='line_1_84' title="bbox 749 5123 2344 5195; baseline 0.002 -19"><span class='ocrx_word' id='word_1_628' title='bbox 749 5125 1023 5194; x_wconf 81' lang='lat' dir='ltr'><strong>decipere,</strong></span> <span class='ocrx_word' id='word_1_629' title='bbox 1046 5140 1223 5193; x_wconf 76' lang='lat' dir='ltr'><strong>neque</strong></span> <span class='ocrx_word' id='word_1_630' title='bbox 1246 5125 1318 5177; x_wconf 85' lang='lat' dir='ltr'><strong>ita</strong></span> <span class='ocrx_word' id='word_1_631' title='bbox 1349 5126 1496 5178; x_wconf 74' lang='lat' dir='ltr'><strong>venit</strong></span> <span class='ocrx_word' id='word_1_632' title='bbox 1524 5125 1574 5177; x_wconf 93' lang='lat' dir='ltr'><strong>iu</strong></span> <span class='ocrx_word' id='word_1_633' title='bbox 1594 5126 1867 5190; x_wconf 87' lang='lat' dir='ltr'><strong>civitates,</strong></span> <span class='ocrx_word' id='word_1_634' title='bbox 1886 5123 2058 5195; x_wconf 75' lang='lat'><strong>389</strong></span> <span class='ocrx_word' id='word_1_635' title='bbox 2078 5135 2135 5179; x_wconf 94' lang='lat' dir='ltr'><strong>ut</strong></span> <span class='ocrx_word' id='word_1_636' title='bbox 2162 5135 2344 5180; x_wconf 78' lang='lat' dir='ltr'><strong>Osten-</strong></span> 
     </span>
    </p>
   </div>
   <div class='ocr_carea' id='block_1_85' title="bbox 749 5216 2343 5286">
    <p class='ocr_par' dir='ltr' id='par_1_85' title="bbox 749 5216 2343 5286">
     <span class='ocr_line' id='line_1_85' title="bbox 749 5216 2343 5286; baseline -0.002 -15"><span class='ocrx_word' id='word_1_637' title='bbox 749 5227 901 5271; x_wconf 53' lang='lat' dir='ltr'><strong>tutor</strong></span> <span class='ocrx_word' id='word_1_638' title='bbox 935 5232 981 5270; x_wconf 85' lang='lat' dir='ltr'><strong>et</strong></span> <span class='ocrx_word' id='word_1_639' title='bbox 1024 5219 1295 5285; x_wconf 83' lang='lat' dir='ltr'><strong>gloriosus</strong></span> <span class='ocrx_word' id='word_1_640' title='bbox 1333 5230 1530 5284; x_wconf 82' lang='lat' dir='ltr'><strong>par&#39;Vas</strong></span> <span class='ocrx_word' id='word_1_641' title='bbox 1588 5216 1864 5286; x_wconf 76' lang='lat' dir='ltr'><strong>negligens</strong></span> <span class='ocrx_word' id='word_1_642' title='bbox 1910 5235 1924 5270; x_wconf 87' lang='lat'>:</span> <span class='ocrx_word' id='word_1_643' title='bbox 1961 5218 2055 5271; x_wconf 88' lang='lat' dir='ltr'><strong>sed</strong></span> <span class='ocrx_word' id='word_1_644' title='bbox 2099 5228 2160 5271; x_wconf 91' lang='grc' dir='ltr'><strong>ιιι</strong></span> <span class='ocrx_word' id='word_1_645' title='bbox 2192 5234 2343 5272; x_wconf 80' lang='lat' dir='ltr'><strong>com-</strong></span> 
     </span>
    </p>
   </div>
   <div class='ocr_carea' id='block_1_86' title="bbox 749 5308 2344 5378">
    <p class='ocr_par' dir='ltr' id='par_1_86' title="bbox 749 5308 2344 5378">
     <span class='ocr_line' id='line_1_86' title="bbox 749 5308 2344 5378; baseline -0.001 -15"><span class='ocrx_word' id='word_1_646' title='bbox 749 5309 929 5363; x_wconf 87' lang='lat' dir='ltr'><strong>munis</strong></span> <span class='ocrx_word' id='word_1_647' title='bbox 964 5308 1243 5371; x_wconf 78' lang='lat' dir='ltr'><strong>Dominus,</strong></span> <span class='ocrx_word' id='word_1_648' title='bbox 1280 5308 1388 5361; x_wconf 84' lang='lat' dir='ltr'><strong>irno</strong></span> <span class='ocrx_word' id='word_1_649' title='bbox 1437 5318 1494 5360; x_wconf 90' lang='lat' dir='ltr'><strong>ut</strong></span> <span class='ocrx_word' id='word_1_650' title='bbox 1531 5320 1686 5375; x_wconf 89' lang='lat' dir='ltr'><strong>pater</strong></span> <span class='ocrx_word' id='word_1_651' title='bbox 1743 5309 1833 5378; x_wconf 85' lang='lat' dir='ltr'><strong>qui</strong></span> <span class='ocrx_word' id='word_1_652' title='bbox 1861 5310 2107 5363; x_wconf 88' lang='lat' dir='ltr'><strong>ounriuru</strong></span> <span class='ocrx_word' id='word_1_653' title='bbox 2154 5324 2344 5363; x_wconf 80' lang='lat' dir='ltr'><strong>curam</strong></span> 
     </span>
    </p>
   </div>
   <div class='ocr_carea' id='block_1_87' title="bbox 748 5400 2347 5474">
    <p class='ocr_par' dir='ltr' id='par_1_87' title="bbox 748 5400 2347 5474">
     <span class='ocr_line' id='line_1_87' title="bbox 748 5400 2347 5474; baseline -0.001 -19"><span class='ocrx_word' id='word_1_654' title='bbox 748 5407 882 5474; x_wconf 78' lang='lat' dir='ltr'><strong>agit,</strong></span> <span class='ocrx_word' id='word_1_655' title='bbox 921 5403 1120 5470; x_wconf 85' lang='lat' dir='ltr'><strong>nbiquc</strong></span> <span class='ocrx_word' id='word_1_656' title='bbox 1156 5404 1375 5456; x_wconf 90' lang='lat' dir='ltr'><strong>circuit.</strong></span> <span class='ocrx_word' id='word_1_657' title='bbox 1411 5400 1668 5471; x_wconf 85' lang='lat' dir='ltr'><strong>Nunquid</strong></span> <span class='ocrx_word' id='word_1_658' title='bbox 1697 5410 1879 5455; x_wconf 88' lang='lat' dir='ltr'><strong>autern</strong></span> <span class='ocrx_word' id='word_1_659' title='bbox 1916 5401 1989 5455; x_wconf 87' lang='lat' dir='ltr'><strong>ita</strong></span> <span class='ocrx_word' id='word_1_660' title='bbox 2026 5401 2221 5454; x_wconf 89' lang='lat' dir='ltr'><strong>transit</strong></span> <span class='ocrx_word' id='word_1_661' title='bbox 2252 5417 2347 5468; x_wconf 85' lang='lat' dir='ltr'><strong>per</strong></span> 
     </span>
    </p>
   </div>
   <div class='ocr_carea' id='block_1_88' title="bbox 748 5495 2345 5566">
    <p class='ocr_par' dir='ltr' id='par_1_88' title="bbox 748 5495 2345 5566">
     <span class='ocr_line' id='line_1_88' title="bbox 748 5495 2345 5566; baseline -0.001 -16"><span class='ocrx_word' id='word_1_662' title='bbox 748 5508 1007 5551; x_wconf 74' lang='lat' dir='ltr'><strong>externas</strong></span> <span class='ocrx_word' id='word_1_663' title='bbox 1046 5497 1320 5561; x_wconf 73' lang='lat' dir='ltr'><strong>civitates,</strong></span> <span class='ocrx_word' id='word_1_664' title='bbox 1351 5497 1403 5551; x_wconf 90' lang='lat' dir='ltr'><strong>in</strong></span> <span class='ocrx_word' id='word_1_665' title='bbox 1436 5496 1637 5566; x_wconf 86' lang='lat' dir='ltr'><strong>quibus</strong></span> <span class='ocrx_word' id='word_1_666' title='bbox 1666 5511 1771 5550; x_wconf 90' lang='lat' dir='ltr'><strong>non</strong></span> <span class='ocrx_word' id='word_1_667' title='bbox 1803 5504 1882 5549; x_wconf 92' lang='lat' dir='ltr'><strong>tot</strong></span> <span class='ocrx_word' id='word_1_668' title='bbox 1915 5506 2074 5550; x_wconf 90' lang='lat' dir='ltr'><strong>erant</strong></span> <span class='ocrx_word' id='word_1_669' title='bbox 2106 5495 2345 5565; x_wconf 80' lang='lat' dir='ltr'><strong>legispe-</strong></span> 
     </span>
    </p>
   </div>
   <div class='ocr_carea' id='block_1_89' title="bbox 748 5588 2346 5662">
    <p class='ocr_par' dir='ltr' id='par_1_89' title="bbox 748 5588 2346 5662">
     <span class='ocr_line' id='line_1_89' title="bbox 748 5588 2346 5662; baseline 0.001 -19"><span class='ocrx_word' id='word_1_670' title='bbox 748 5590 883 5644; x_wconf 89' lang='lat' dir='ltr'><strong>riti:</strong></span> <span class='ocrx_word' id='word_1_671' title='bbox 937 5607 965 5643; x_wconf 86' lang='lat' dir='ltr'><strong>a</strong></span> <span class='ocrx_word' id='word_1_672' title='bbox 1002 5588 1309 5645; x_wconf 73' lang='lat' dir='ltr'><strong>Jerusalem</strong></span> <span class='ocrx_word' id='word_1_673' title='bbox 1347 5600 1532 5646; x_wconf 81' lang='lat' dir='ltr'><strong>autem</strong></span> <span class='ocrx_word' id='word_1_674' title='bbox 1583 5591 1754 5662; x_wconf 82' lang='lat' dir='ltr'><strong>fugit,</strong></span> <span class='ocrx_word' id='word_1_675' title='bbox 1804 5599 1991 5660; x_wconf 89' lang='lat' dir='ltr'><strong>utpote</strong></span> <span class='ocrx_word' id='word_1_676' title='bbox 2042 5590 2346 5647; x_wconf 77' lang='lat' dir='ltr'><strong>formidans</strong></span> 
     </span>
    </p>
   </div>
   <div class='ocr_carea' id='block_1_90' title="bbox 751 5682 2346 5755">
    <p class='ocr_par' dir='ltr' id='par_1_90' title="bbox 751 5682 2346 5755">
     <span class='ocr_line' id='line_1_90' title="bbox 751 5682 2346 5755; baseline 0.004 -20"><span class='ocrx_word' id='word_1_677' title='bbox 751 5683 1073 5752; x_wconf 75' lang='lat' dir='ltr'><strong>reprehendi</strong></span> <span class='ocrx_word' id='word_1_678' title='bbox 1120 5699 1148 5736; x_wconf 88' lang='lat' dir='ltr'><strong>a</strong></span> <span class='ocrx_word' id='word_1_679' title='bbox 1194 5682 1549 5754; x_wconf 85' lang='lat' dir='ltr'><strong>legisperitis,</strong></span> <span class='ocrx_word' id='word_1_680' title='bbox 1588 5685 1672 5739; x_wconf 78' lang='lat' dir='ltr'><strong>vel</strong></span> <span class='ocrx_word' id='word_1_681' title='bbox 1713 5686 2003 5755; x_wconf 71' lang='lat' dir='ltr'><strong>suspicans</strong></span> <span class='ocrx_word' id='word_1_682' title='bbox 2042 5699 2108 5740; x_wconf 87' lang='lat' dir='ltr'><strong>uc</strong></span> <span class='ocrx_word' id='word_1_683' title='bbox 2154 5684 2222 5739; x_wconf 89' lang='lat' dir='ltr'><strong>ab</strong></span> <span class='ocrx_word' id='word_1_684' title='bbox 2265 5686 2346 5741; x_wconf 91' lang='lat' dir='ltr'><strong>eis</strong></span> 
     </span>
    </p>
   </div>
   <div class='ocr_carea' id='block_1_91' title="bbox 822 5860 1373 5927">
    <p class='ocr_par' dir='ltr' id='par_1_91' title="bbox 822 5860 1373 5927">
     <span class='ocr_line' id='line_1_91' title="bbox 822 5860 1373 5927; baseline -0.007 -11"><span class='ocrx_word' id='word_1_685' title='bbox 822 5860 1010 5916; x_wconf 61' lang='lat' dir='ltr'><strong>&quot;.trr.</strong></span> <span class='ocrx_word' id='word_1_686' title='bbox 1051 5876 1122 5927; x_wconf 76' lang='lat' dir='ltr'><strong>lx,</strong></span> <span class='ocrx_word' id='word_1_687' title='bbox 1165 5860 1251 5925; x_wconf 88' lang='lat' dir='ltr'><strong>ll,</strong></span> <span class='ocrx_word' id='word_1_688' title='bbox 1293 5860 1373 5913; x_wconf 76' lang='lat' dir='ltr'><strong>r2.</strong></span> 
     </span>
    </p>
   </div>
   <div class='ocr_carea' id='block_1_92' title="bbox 2456 3238 4059 3341">
    <p class='ocr_par' dir='ltr' id='par_1_92' title="bbox 2456 3238 4059 3341">
     <span class='ocr_line' id='line_1_92' title="bbox 2456 3238 4059 3341; baseline -0.019 -13"><span class='ocrx_word' id='word_1_689' title='bbox 2456 3274 2683 3335; x_wconf 78' lang='grc' dir='ltr'>κλάδους</span> <span class='ocrx_word' id='word_1_690' title='bbox 2730 3269 2965 3341; x_wconf 84' lang='grc' dir='ltr'>ὡραίους</span> <span class='ocrx_word' id='word_1_691' title='bbox 3034 3265 3160 3326; x_wconf 75' lang='grc' dir='ltr'>τοὺς</span> <span class='ocrx_word' id='word_1_692' title='bbox 3220 3257 3557 3318; x_wconf 77' lang='grc' dir='ltr'>ἀποστόλους</span> <span class='ocrx_word' id='word_1_693' title='bbox 3612 3251 3900 3319; x_wconf 71' lang='grc' dir='ltr'>ἐποίησεν,</span> <span class='ocrx_word' id='word_1_694' title='bbox 3972 3238 4059 3308; x_wconf 67' lang='grc' dir='ltr'>οἷς</span> 
     </span>
    </p>
   </div>
   <div class='ocr_carea' id='block_1_93' title="bbox 2454 3341 4062 3423">
    <p class='ocr_par' dir='ltr' id='par_1_93' title="bbox 2454 3341 4062 3423">
     <span class='ocr_line' id='line_1_93' title="bbox 2454 3341 4062 3423; baseline -0.022 0"><span class='ocrx_word' id='word_1_695' title='bbox 2454 3365 2902 3423; x_wconf 78' lang='grc' dir='ltr'>ὲπαναπαύονται</span> <span class='ocrx_word' id='word_1_696' title='bbox 2962 3360 3163 3419; x_wconf 87' lang='grc' dir='ltr'>πάντες</span> <span class='ocrx_word' id='word_1_697' title='bbox 3237 3354 3288 3406; x_wconf 84' lang='grc' dir='ltr'><strong>οί</strong></span> <span class='ocrx_word' id='word_1_698' title='bbox 3365 3349 3561 3420; x_wconf 83' lang='grc' dir='ltr'>πρώην</span> <span class='ocrx_word' id='word_1_699' title='bbox 3620 3341 4062 3414; x_wconf 61' lang='grc' dir='ltr'>περιφερόμενα</span> 
     </span>
    </p>
   </div>
   <div class='ocr_carea' id='block_1_94' title="bbox 2456 3433 4063 3524">
    <p class='ocr_par' dir='ltr' id='par_1_94' title="bbox 2456 3433 4063 3524">
     <span class='ocr_line' id='line_1_94' title="bbox 2456 3433 4063 3524; baseline -0.019 -10"><span class='ocrx_word' id='word_1_700' title='bbox 2456 3460 2621 3515; x_wconf 70' lang='grc' dir='ltr'>παντὶ</span> <span class='ocrx_word' id='word_1_701' title='bbox 2654 3455 2930 3524; x_wconf 84' lang='grc' dir='ltr'>πνεύματι</span> <span class='ocrx_word' id='word_1_702' title='bbox 2964 3455 3063 3523; x_wconf 76' lang='grc' dir='ltr'>τῆς</span> <span class='ocrx_word' id='word_1_703' title='bbox 3104 3448 3334 3518; x_wconf 86' lang='grc' dir='ltr'>πλάνης,</span> <span class='ocrx_word' id='word_1_704' title='bbox 3383 3441 3496 3497; x_wconf 79' lang='grc' dir='ltr'>οἷον</span> <span class='ocrx_word' id='word_1_705' title='bbox 3528 3442 3579 3493; x_wconf 89' lang='lat' dir='ltr'><strong>ol</strong></span> <span class='ocrx_word' id='word_1_706' title='bbox 3628 3437 3689 3503; x_wconf 75' lang='grc' dir='ltr'>ἐξ</span> <span class='ocrx_word' id='word_1_707' title='bbox 3736 3433 4063 3524; x_wconf 21' lang='grc' dir='ltr'>εθνῶνΑπι-</span> 
     </span>
    </p>
   </div>
   <div class='ocr_carea' id='block_1_95' title="bbox 2453 3522 4065 3618">
    <p class='ocr_par' dir='ltr' id='par_1_95' title="bbox 2453 3522 4065 3618">
     <span class='ocr_line' id='line_1_95' title="bbox 2453 3522 4065 3618; baseline -0.021 -12"><span class='ocrx_word' id='word_1_708' title='bbox 2453 3554 2649 3613; x_wconf 86' lang='grc' dir='ltr'>τεινοῖς</span> <span class='ocrx_word' id='word_1_709' title='bbox 2687 3544 3169 3618; x_wconf 87' lang='grc' dir='ltr'>παραϐαλλόμενοι</span> <span class='ocrx_word' id='word_1_710' title='bbox 3198 3538 3287 3593; x_wconf 76' lang='grc' dir='ltr'>διὰ</span> <span class='ocrx_word' id='word_1_711' title='bbox 3334 3534 3396 3588; x_wconf 81' lang='grc' dir='ltr'>τὸ</span> <span class='ocrx_word' id='word_1_712' title='bbox 3435 3530 3531 3585; x_wconf 79' lang='grc' dir='ltr'><strong>τοῦ</strong></span> <span class='ocrx_word' id='word_1_713' title='bbox 3571 3524 3838 3597; x_wconf 81' lang='grc' dir='ltr'>λογισμοῦ</span> <span class='ocrx_word' id='word_1_714' title='bbox 3893 3522 4065 3576; x_wconf 72' lang='grc' dir='ltr'>εὐπε-</span> 
     </span>
    </p>
   </div>
   <div class='ocr_carea' id='block_1_96' title="bbox 2459 3623 4063 3717">
    <p class='ocr_par' dir='ltr' id='par_1_96' title="bbox 2459 3623 4063 3717">
     <span class='ocr_line' id='line_1_96' title="bbox 2459 3623 4063 3717; baseline -0.021 -17"><span class='ocrx_word' id='word_1_715' title='bbox 2459 3646 2736 3717; x_wconf 83' lang='grc' dir='ltr'>ριάγωγον</span> <span class='ocrx_word' id='word_1_716' title='bbox 2768 3642 2862 3695; x_wconf 69' lang='grc' dir='ltr'>καὶ</span> <span class='ocrx_word' id='word_1_717' title='bbox 2895 3635 3325 3704; x_wconf 75' lang='grc' dir='ltr'>εὐεξαπάτητον,</span> <span class='ocrx_word' id='word_1_718' title='bbox 3357 3627 3451 3682; x_wconf 79' lang='grc' dir='ltr'>καὶ</span> <span class='ocrx_word' id='word_1_719' title='bbox 3483 3624 3687 3693; x_wconf 82' lang='grc' dir='ltr'>πολλῆς</span> <span class='ocrx_word' id='word_1_720' title='bbox 3721 3623 3899 3690; x_wconf 82' lang='grc' dir='ltr'>γέμον</span> <span class='ocrx_word' id='word_1_721' title='bbox 3927 3635 4063 3670; x_wconf 76' lang='grc' dir='ltr'>κου-</span> 
     </span>
    </p>
   </div>
   <div class='ocr_carea' id='block_1_97' title="bbox 2456 3717 4061 3809">
    <p class='ocr_par' dir='ltr' id='par_1_97' title="bbox 2456 3717 4061 3809">
     <span class='ocr_line' id='line_1_97' title="bbox 2456 3717 4061 3809; baseline -0.02 -15"><span class='ocrx_word' id='word_1_722' title='bbox 2456 3741 2714 3809; x_wconf 83' lang='grc' dir='ltr'>φότητος.</span> <span class='ocrx_word' id='word_1_723' title='bbox 2748 3733 2995 3789; x_wconf 83' lang='grc' dir='ltr'>Τοιοῦτοι</span> <span class='ocrx_word' id='word_1_724' title='bbox 3019 3730 3129 3799; x_wconf 83' lang='grc' dir='ltr'><strong>γὰρ</strong></span> <span class='ocrx_word' id='word_1_725' title='bbox 3155 3727 3354 3787; x_wconf 85' lang='grc' dir='ltr'>πάντες</span> <span class='ocrx_word' id='word_1_726' title='bbox 3385 3723 3435 3776; x_wconf 87' lang='grc' dir='ltr'><strong>οί</strong></span> <span class='ocrx_word' id='word_1_727' title='bbox 3463 3717 3833 3787; x_wconf 88' lang='grc' dir='ltr'>πλανώμενοι,</span> <span class='ocrx_word' id='word_1_728' title='bbox 3868 3728 4061 3775; x_wconf 79' lang='grc' dir='ltr'>πετει-</span> 
     </span>
    </p>
   </div>
   <div class='ocr_carea' id='block_1_98' title="bbox 2455 3805 4062 3898">
    <p class='ocr_par' dir='ltr' id='par_1_98' title="bbox 2455 3805 4062 3898">
     <span class='ocr_line' id='line_1_98' title="bbox 2455 3805 4062 3898; baseline -0.019 -13"><span class='ocrx_word' id='word_1_729' title='bbox 2455 3835 2566 3894; x_wconf 76' lang='grc' dir='ltr'>νοῖς</span> <span class='ocrx_word' id='word_1_730' title='bbox 2603 3828 2695 3883; x_wconf 85' lang='grc' dir='ltr'>τοῦ</span> <span class='ocrx_word' id='word_1_731' title='bbox 2730 3825 2985 3898; x_wconf 80' lang='grc' dir='ltr'>ούρανοῦ,</span> <span class='ocrx_word' id='word_1_732' title='bbox 3018 3821 3273 3875; x_wconf 78' lang='grc' dir='ltr'>τουτέστι</span> <span class='ocrx_word' id='word_1_733' title='bbox 3304 3816 3399 3871; x_wconf 83' lang='grc' dir='ltr'>τοῦ</span> <span class='ocrx_word' id='word_1_734' title='bbox 3446 3814 3607 3885; x_wconf 78' lang='grc' dir='ltr'>ἀέρος</span> <span class='ocrx_word' id='word_1_735' title='bbox 3638 3808 3906 3869; x_wconf 79' lang='grc' dir='ltr'>ἐοικότες.</span> <span class='ocrx_word' id='word_1_736' title='bbox 3941 3805 4062 3858; x_wconf 85' lang='grc' dir='ltr'><strong>Πά-</strong></span> 
     </span>
    </p>
   </div>
   <div class='ocr_carea' id='block_1_99' title="bbox 2454 3901 4043 3988">
    <p class='ocr_par' dir='ltr' id='par_1_99' title="bbox 2454 3901 4043 3988">
     <span class='ocr_line' id='line_1_99' title="bbox 2454 3901 4043 3988; baseline -0.018 -10"><span class='ocrx_word' id='word_1_737' title='bbox 2454 3926 2538 3979; x_wconf 89' lang='grc' dir='ltr'><strong>λιν</strong></span> <span class='ocrx_word' id='word_1_738' title='bbox 2581 3924 2727 3976; x_wconf 80' lang='grc' dir='ltr'>ἒοικε</span> <span class='ocrx_word' id='word_1_739' title='bbox 2778 3920 2925 3988; x_wconf 78' lang='grc' dir='ltr'>ζύμῃ</span> <span class='ocrx_word' id='word_1_740' title='bbox 2976 3918 3004 3969; x_wconf 88' lang='lat'><strong>6</strong></span> <span class='ocrx_word' id='word_1_741' title='bbox 3037 3916 3182 3979; x_wconf 81' lang='grc' dir='ltr'>θεῖος</span> <span class='ocrx_word' id='word_1_742' title='bbox 3231 3912 3414 3980; x_wconf 86' lang='grc' dir='ltr'>λόγος,</span> <span class='ocrx_word' id='word_1_743' title='bbox 3462 3908 3528 3979; x_wconf 72' lang='grc' dir='ltr'>ἢν</span> <span class='ocrx_word' id='word_1_744' title='bbox 3570 3903 3815 3959; x_wconf 82' lang='grc' dir='ltr'>λαϐοῦσα</span> <span class='ocrx_word' id='word_1_745' title='bbox 3872 3901 4043 3969; x_wconf 81' lang='grc' dir='ltr'>γυνὴ,</span> 
     </span>
    </p>
   </div>
   <div class='ocr_carea' id='block_1_100' title="bbox 2453 3990 4059 4079">
    <p class='ocr_par' dir='ltr' id='par_1_100' title="bbox 2453 3990 4059 4079">
     <span class='ocr_line' id='line_1_100' title="bbox 2453 3990 4059 4079; baseline -0.016 -11"><span class='ocrx_word' id='word_1_746' title='bbox 2453 4015 2736 4068; x_wconf 84' lang='grc' dir='ltr'>τουτέστιν</span> <span class='ocrx_word' id='word_1_747' title='bbox 2797 4011 2830 4079; x_wconf 81' lang='grc' dir='ltr'>ἡ</span> <span class='ocrx_word' id='word_1_748' title='bbox 2859 4004 3175 4076; x_wconf 82' lang='grc' dir='ltr'>ἀνθρωπεία</span> <span class='ocrx_word' id='word_1_749' title='bbox 3206 4002 3393 4069; x_wconf 80' lang='grc' dir='ltr'>φύσις,</span> <span class='ocrx_word' id='word_1_750' title='bbox 3429 3993 3668 4066; x_wconf 73' lang='grc' dir='ltr'>ἔκρυψεν</span> <span class='ocrx_word' id='word_1_751' title='bbox 3698 3992 3783 4053; x_wconf 85' lang='grc' dir='ltr'><strong>είς</strong></span> <span class='ocrx_word' id='word_1_752' title='bbox 3815 3990 4059 4060; x_wconf 84' lang='grc' dir='ltr'>ἀλεύρου</span> 
     </span>
    </p>
   </div>
   <div class='ocr_carea' id='block_1_101' title="bbox 2455 4085 4058 4173">
    <p class='ocr_par' dir='ltr' id='par_1_101' title="bbox 2455 4085 4058 4173">
     <span class='ocr_line' id='line_1_101' title="bbox 2455 4085 4058 4173; baseline -0.014 -14"><span class='ocrx_word' id='word_1_753' title='bbox 2455 4106 2597 4159; x_wconf 82' lang='grc' dir='ltr'>σάτα</span> <span class='ocrx_word' id='word_1_754' title='bbox 2634 4102 2794 4173; x_wconf 81' lang='grc' dir='ltr'>τρία,</span> <span class='ocrx_word' id='word_1_755' title='bbox 2842 4099 3124 4153; x_wconf 81' lang='grc' dir='ltr'>τουτέστιν</span> <span class='ocrx_word' id='word_1_756' title='bbox 3171 4097 3252 4159; x_wconf 76' lang='grc' dir='ltr'>εἰς</span> <span class='ocrx_word' id='word_1_757' title='bbox 3306 4093 3503 4163; x_wconf 84' lang='grc' dir='ltr'>σῶμα,</span> <span class='ocrx_word' id='word_1_758' title='bbox 3553 4089 3760 4161; x_wconf 71' lang='grc' dir='ltr'>ψυχὴν,</span> <span class='ocrx_word' id='word_1_759' title='bbox 3809 4085 4058 4157; x_wconf 80' lang='grc' dir='ltr'>πνεῦμα,</span> 
     </span>
    </p>
   </div>
   <div class='ocr_carea' id='block_1_102' title="bbox 2453 4176 4060 4261">
    <p class='ocr_par' dir='ltr' id='par_1_102' title="bbox 2453 4176 4060 4261">
     <span class='ocr_line' id='line_1_102' title="bbox 2453 4176 4060 4261; baseline -0.016 -12"><span class='ocrx_word' id='word_1_760' title='bbox 2453 4198 2596 4249; x_wconf 80' lang='grc' dir='ltr'>ὥστε</span> <span class='ocrx_word' id='word_1_761' title='bbox 2648 4191 2977 4261; x_wconf 80' lang='grc' dir='ltr'>ἁγιασθῆναι</span> <span class='ocrx_word' id='word_1_762' title='bbox 3023 4185 3235 4248; x_wconf 78' lang='grc' dir='ltr'>ταῦτα,</span> <span class='ocrx_word' id='word_1_763' title='bbox 3266 4180 3412 4237; x_wconf 76' lang='grc' dir='ltr'>καθά.</span> <span class='ocrx_word' id='word_1_764' title='bbox 3456 4195 3623 4250; x_wconf 83' lang='grc' dir='ltr'>φησιν</span> <span class='ocrx_word' id='word_1_765' title='bbox 3687 4178 3716 4228; x_wconf 88' lang='lat'><strong>6</strong></span> <span class='ocrx_word' id='word_1_766' title='bbox 3776 4176 4060 4245; x_wconf 76' lang='grc' dir='ltr'>μακάριος</span> 
     </span>
    </p>
   </div>
   <div class='ocr_carea' id='block_1_103' title="bbox 2455 4268 4058 4353">
    <p class='ocr_par' dir='ltr' id='par_1_103' title="bbox 2455 4268 4058 4353">
     <span class='ocr_line' id='line_1_103' title="bbox 2455 4268 4058 4353; baseline -0.016 -10"><span class='ocrx_word' id='word_1_767' title='bbox 2455 4290 2689 4353; x_wconf 75' lang='grc' dir='ltr'>Παῦλος,</span> <span class='ocrx_word' id='word_1_768' title='bbox 2723 4286 2817 4340; x_wconf 79' lang='grc' dir='ltr'>καὶ</span> <span class='ocrx_word' id='word_1_769' title='bbox 2859 4280 3114 4352; x_wconf 83' lang='grc' dir='ltr'>γενέσθαι</span> <span class='ocrx_word' id='word_1_770' title='bbox 3148 4277 3206 4331; x_wconf 74' lang='grc' dir='ltr'>ἓν</span> <span class='ocrx_word' id='word_1_771' title='bbox 3239 4278 3472 4348; x_wconf 86' lang='grc' dir='ltr'>φύραμα</span> <span class='ocrx_word' id='word_1_772' title='bbox 3517 4274 3585 4343; x_wconf 76' lang='grc' dir='ltr'><strong>τῇ</strong></span> <span class='ocrx_word' id='word_1_773' title='bbox 3615 4270 3755 4342; x_wconf 79' lang='grc' dir='ltr'>πρὸς</span> <span class='ocrx_word' id='word_1_774' title='bbox 3800 4270 3865 4321; x_wconf 83' lang='grc' dir='ltr'>τὸ</span> <span class='ocrx_word' id='word_1_775' title='bbox 3898 4268 4058 4335; x_wconf 73' lang='grc' dir='ltr'>ἆγιον</span> 
     </span>
    </p>
   </div>
   <div class='ocr_carea' id='block_1_104' title="bbox 2454 4357 4054 4449">
    <p class='ocr_par' dir='ltr' id='par_1_104' title="bbox 2454 4357 4054 4449">
     <span class='ocr_line' id='line_1_104' title="bbox 2454 4357 4054 4449; baseline -0.016 -15"><span class='ocrx_word' id='word_1_776' title='bbox 2454 4379 2680 4449; x_wconf 81' lang='grc' dir='ltr'>Πνεῦμα</span> <span class='ocrx_word' id='word_1_777' title='bbox 2712 4374 2989 4445; x_wconf 76' lang='grc' dir='ltr'>κοινωνίᾳ.</span> <span class='ocrx_word' id='word_1_778' title='bbox 3015 4372 3259 4441; x_wconf 84' lang='grc' dir='ltr'>Νοήσαις</span> <span class='ocrx_word' id='word_1_779' title='bbox 3289 4369 3335 4421; x_wconf 82' lang='grc' dir='ltr'>δ’</span> <span class='ocrx_word' id='word_1_780' title='bbox 3366 4366 3432 4420; x_wconf 84' lang='grc' dir='ltr'>ἂν</span> <span class='ocrx_word' id='word_1_781' title='bbox 3454 4364 3696 4432; x_wconf 76' lang='grc' dir='ltr'>γυναῖκα</span> <span class='ocrx_word' id='word_1_782' title='bbox 3723 4360 3825 4431; x_wconf 85' lang='grc' dir='ltr'>τὴν</span> <span class='ocrx_word' id='word_1_783' title='bbox 3850 4357 4054 4429; x_wconf 73' lang='grc' dir='ltr'>ψυχὴν,</span> 
     </span>
    </p>
   </div>
   <div class='ocr_carea' id='block_1_105' title="bbox 2456 4452 4056 4541">
    <p class='ocr_par' dir='ltr' id='par_1_105' title="bbox 2456 4452 4056 4541">
     <span class='ocr_line' id='line_1_105' title="bbox 2456 4452 4056 4541; baseline -0.014 -14"><span class='ocrx_word' id='word_1_784' title='bbox 2456 4474 2596 4526; x_wconf 88' lang='grc' dir='ltr'>σάτα</span> <span class='ocrx_word' id='word_1_785' title='bbox 2625 4472 2682 4523; x_wconf 75' lang='grc' dir='ltr'>δὲ</span> <span class='ocrx_word' id='word_1_786' title='bbox 2740 4469 2871 4541; x_wconf 83' lang='grc' dir='ltr'>τρία</span> <span class='ocrx_word' id='word_1_787' title='bbox 2903 4468 2963 4520; x_wconf 87' lang='grc' dir='ltr'>τὸ</span> <span class='ocrx_word' id='word_1_788' title='bbox 2999 4463 3260 4536; x_wconf 70' lang='grc' dir='ltr'>τριμερὲς</span> <span class='ocrx_word' id='word_1_789' title='bbox 3286 4460 3479 4529; x_wconf 74' lang='grc' dir='ltr'>αὐτῆς,</span> <span class='ocrx_word' id='word_1_790' title='bbox 3516 4455 3758 4525; x_wconf 72' lang='grc' dir='ltr'>λογικὸν,</span> <span class='ocrx_word' id='word_1_791' title='bbox 3794 4452 4056 4520; x_wconf 71' lang='grc' dir='ltr'>θυμικὸν.</span> 
     </span>
    </p>
   </div>
   <div class='ocr_carea' id='block_1_106' title="bbox 2456 4545 4057 4635">
    <p class='ocr_par' dir='ltr' id='par_1_106' title="bbox 2456 4545 4057 4635">
     <span class='ocr_line' id='line_1_106' title="bbox 2456 4545 4057 4635; baseline -0.016 -14"><span class='ocrx_word' id='word_1_792' title='bbox 2456 4568 2550 4621; x_wconf 75' lang='grc' dir='ltr'>καὶ</span> <span class='ocrx_word' id='word_1_793' title='bbox 2579 4562 3001 4635; x_wconf 74' lang='grc' dir='ltr'>ιπιθυμητικόν.</span> <span class='ocrx_word' id='word_1_794' title='bbox 3034 4558 3096 4612; x_wconf 82' lang='grc' dir='ltr'><strong>ΕΙ</strong></span> <span class='ocrx_word' id='word_1_795' title='bbox 3131 4556 3225 4611; x_wconf 80' lang='grc' dir='ltr'>οὖν</span> <span class='ocrx_word' id='word_1_796' title='bbox 3254 4572 3338 4619; x_wconf 87' lang='grc' dir='ltr'><strong>τις</strong></span> <span class='ocrx_word' id='word_1_797' title='bbox 3378 4556 3437 4607; x_wconf 78' lang='grc' dir='ltr'>ὲν</span> <span class='ocrx_word' id='word_1_798' title='bbox 3477 4550 3559 4621; x_wconf 80' lang='grc' dir='ltr'>τῷ</span> <span class='ocrx_word' id='word_1_799' title='bbox 3587 4548 3849 4620; x_wconf 79' lang='grc' dir='ltr'>τριμερετ</span> <span class='ocrx_word' id='word_1_800' title='bbox 3878 4545 4057 4613; x_wconf 79' lang='grc' dir='ltr'>τούτῳ</span> 
     </span>
    </p>
   </div>
   <div class='ocr_carea' id='block_1_107' title="bbox 2456 4637 4057 4730">
    <p class='ocr_par' dir='ltr' id='par_1_107' title="bbox 2456 4637 4057 4730">
     <span class='ocr_line' id='line_1_107' title="bbox 2456 4637 4057 4730; baseline -0.017 -14"><span class='ocrx_word' id='word_1_801' title='bbox 2456 4658 2804 4730; x_wconf 75' lang='grc' dir='ltr'>κατακρύψει</span> <span class='ocrx_word' id='word_1_802' title='bbox 2838 4655 2929 4710; x_wconf 72' lang='grc' dir='ltr'>τὸν</span> <span class='ocrx_word' id='word_1_803' title='bbox 2963 4653 3121 4722; x_wconf 90' lang='grc' dir='ltr'>λόγον</span> <span class='ocrx_word' id='word_1_804' title='bbox 3156 4650 3251 4704; x_wconf 80' lang='grc' dir='ltr'><strong>τοῦ</strong></span> <span class='ocrx_word' id='word_1_805' title='bbox 3284 4646 3446 4709; x_wconf 69' lang='grc' dir='ltr'>Θεοῦ,</span> <span class='ocrx_word' id='word_1_806' title='bbox 3487 4645 3706 4712; x_wconf 79' lang='grc' dir='ltr'>ποιήσει</span> <span class='ocrx_word' id='word_1_807' title='bbox 3738 4640 3865 4694; x_wconf 86' lang='grc' dir='ltr'>ὅλον</span> <span class='ocrx_word' id='word_1_808' title='bbox 3898 4637 4057 4691; x_wconf 76' lang='grc' dir='ltr'>τοῦτο</span> 
     </span>
    </p>
   </div>
   <div class='ocr_carea' id='block_1_108' title="bbox 2455 4734 4057 4823">
    <p class='ocr_par' dir='ltr' id='par_1_108' title="bbox 2455 4734 4057 4823">
     <span class='ocr_line' id='line_1_108' title="bbox 2455 4734 4057 4823; baseline -0.021 -13"><span class='ocrx_word' id='word_1_809' title='bbox 2455 4752 2851 4823; x_wconf 81' lang='grc' dir='ltr'>πνευματικὸν,</span> <span class='ocrx_word' id='word_1_810' title='bbox 2882 4748 3025 4801; x_wconf 80' lang='grc' dir='ltr'>ὥστε</span> <span class='ocrx_word' id='word_1_811' title='bbox 3064 4746 3205 4816; x_wconf 77' lang='grc' dir='ltr'>μήτε</span> <span class='ocrx_word' id='word_1_812' title='bbox 3248 4742 3311 4796; x_wconf 83' lang='grc' dir='ltr'>τὸ</span> <span class='ocrx_word' id='word_1_813' title='bbox 3335 4736 3651 4807; x_wconf 76' lang='grc' dir='ltr'>λογιστικὸν</span> <span class='ocrx_word' id='word_1_814' title='bbox 3678 4738 3738 4788; x_wconf 80' lang='grc' dir='ltr'>ὲν</span> <span class='ocrx_word' id='word_1_815' title='bbox 3783 4735 3902 4795; x_wconf 77' lang='grc' dir='ltr'>τοῖς</span> <span class='ocrx_word' id='word_1_816' title='bbox 3933 4734 4057 4800; x_wconf 79' lang='grc' dir='ltr'>δὸγ.</span> 
     </span>
    </p>
   </div>
   <div class='ocr_carea' id='block_1_109' title="bbox 2455 4828 4053 4920">
    <p class='ocr_par' dir='ltr' id='par_1_109' title="bbox 2455 4828 4053 4920">
     <span class='ocr_line' id='line_1_109' title="bbox 2455 4828 4053 4920; baseline -0.014 -17"><span class='ocrx_word' id='word_1_817' title='bbox 2455 4866 2591 4920; x_wconf 86' lang='grc' dir='ltr'>μασι</span> <span class='ocrx_word' id='word_1_818' title='bbox 2613 4841 2966 4915; x_wconf 83' lang='grc' dir='ltr'>σφάλλεσθαι,</span> <span class='ocrx_word' id='word_1_819' title='bbox 2994 4841 3131 4910; x_wconf 81' lang='grc' dir='ltr'>μήτε</span> <span class='ocrx_word' id='word_1_820' title='bbox 3156 4837 3327 4907; x_wconf 84' lang='grc' dir='ltr'>θυμὸν</span> <span class='ocrx_word' id='word_1_821' title='bbox 3348 4835 3441 4889; x_wconf 80' lang='grc' dir='ltr'>καὶ</span> <span class='ocrx_word' id='word_1_822' title='bbox 3461 4832 3622 4887; x_wconf 63' lang='grc' dir='ltr'>ἐπιθυ</span> <span class='ocrx_word' id='word_1_823' title='bbox 3633 4832 3765 4901; x_wconf 86' lang='grc' dir='ltr'>μίαν</span> <span class='ocrx_word' id='word_1_824' title='bbox 3789 4828 4053 4897; x_wconf 77' lang='grc' dir='ltr'>άλόγιστα</span> 
     </span>
    </p>
   </div>
   <div class='ocr_carea' id='block_1_110' title="bbox 2452 4922 4053 5012">
    <p class='ocr_par' dir='ltr' id='par_1_110' title="bbox 2452 4922 4053 5012">
     <span class='ocr_line' id='line_1_110' title="bbox 2452 4922 4053 5012; baseline -0.012 -18"><span class='ocrx_word' id='word_1_825' title='bbox 2452 4939 2745 5012; x_wconf 74' lang='grc' dir='ltr'>φέρεσθαι,</span> <span class='ocrx_word' id='word_1_826' title='bbox 2783 4935 2920 4988; x_wconf 77' lang='grc' dir='ltr'><strong>ἀλλὰ</strong></span> <span class='ocrx_word' id='word_1_827' title='bbox 2971 4930 3331 5003; x_wconf 78' lang='grc' dir='ltr'>ζυμωθῆναι,</span> <span class='ocrx_word' id='word_1_828' title='bbox 3389 4930 3484 4984; x_wconf 73' lang='grc' dir='ltr'>καὶ</span> <span class='ocrx_word' id='word_1_829' title='bbox 3531 4925 3939 4997; x_wconf 74' lang='grc' dir='ltr'>ἑξομοιωθῆναι</span> <span class='ocrx_word' id='word_1_830' title='bbox 3978 4922 4053 4993; x_wconf 84' lang='grc' dir='ltr'>τῷ</span> 
     </span>
    </p>
   </div>
   <div class='ocr_carea' id='block_1_111' title="bbox 2429 5018 4052 5103">
    <p class='ocr_par' dir='ltr' id='par_1_111' title="bbox 2429 5018 4052 5103">
     <span class='ocr_line' id='line_1_111' title="bbox 2429 5018 4052 5103; baseline -0.008 -20"><span class='ocrx_word' id='word_1_831' title='bbox 2429 5037 2596 5103; x_wconf 82' lang='grc' dir='ltr'>,λόγῳ</span> <span class='ocrx_word' id='word_1_832' title='bbox 2626 5031 2720 5084; x_wconf 83' lang='grc' dir='ltr'>τοῦ</span> <span class='ocrx_word' id='word_1_833' title='bbox 2755 5027 2915 5082; x_wconf 82' lang='grc' dir='ltr'>Θεοῦ.</span> <span class='ocrx_word' id='word_1_834' title='bbox 2957 5024 3321 5095; x_wconf 82' lang='grc' dir='ltr'>Διεπορεύετο</span> <span class='ocrx_word' id='word_1_835' title='bbox 3351 5022 3408 5077; x_wconf 80' lang='grc' dir='ltr'>δὲ</span> <span class='ocrx_word' id='word_1_836' title='bbox 3441 5023 3470 5073; x_wconf 89' lang='lat'><strong>6</strong></span> <span class='ocrx_word' id='word_1_837' title='bbox 3510 5018 3722 5091; x_wconf 75' lang='grc' dir='ltr'>Ἰησοῦς</span> <span class='ocrx_word' id='word_1_838' title='bbox 3769 5020 3917 5071; x_wconf 67' lang='grc' dir='ltr'>κατὰ</span> <span class='ocrx_word' id='word_1_839' title='bbox 3955 5018 4052 5070; x_wconf 69' lang='grc' dir='ltr'>που</span> 
     </span>
    </p>
   </div>
   <div class='ocr_carea' id='block_1_112' title="bbox 2454 5110 4049 5191">
    <p class='ocr_par' dir='ltr' id='par_1_112' title="bbox 2454 5110 4049 5191">
     <span class='ocr_line' id='line_1_112' title="bbox 2454 5110 4049 5191; baseline -0.01 -12"><span class='ocrx_word' id='word_1_840' title='bbox 2454 5126 2566 5188; x_wconf 86' lang='grc' dir='ltr'>λεις</span> <span class='ocrx_word' id='word_1_841' title='bbox 2620 5124 2713 5178; x_wconf 71' lang='grc' dir='ltr'>καὶ</span> <span class='ocrx_word' id='word_1_842' title='bbox 2737 5120 2932 5191; x_wconf 88' lang='grc' dir='ltr'>κώμας</span> <span class='ocrx_word' id='word_1_843' title='bbox 2961 5117 3250 5171; x_wconf 83' lang='grc' dir='ltr'>διδάσκων·</span> <span class='ocrx_word' id='word_1_844' title='bbox 3279 5114 3403 5169; x_wconf 74' lang='grc' dir='ltr'>οὔτε</span> <span class='ocrx_word' id='word_1_845' title='bbox 3431 5114 3543 5185; x_wconf 74' lang='grc' dir='ltr'><strong>γὰρ</strong></span> <span class='ocrx_word' id='word_1_846' title='bbox 3568 5111 3679 5165; x_wconf 86' lang='grc' dir='ltr'><strong>τῶν</strong></span> <span class='ocrx_word' id='word_1_847' title='bbox 3705 5110 3931 5182; x_wconf 82' lang='grc' dir='ltr'>μικρῶν</span> <span class='ocrx_word' id='word_1_848' title='bbox 3954 5110 4049 5181; x_wconf 71' lang='grc' dir='ltr'>μὲν</span> 
     </span>
    </p>
   </div>
   <div class='ocr_carea' id='block_1_113' title="bbox 2454 5203 4046 5287">
    <p class='ocr_par' dir='ltr' id='par_1_113' title="bbox 2454 5203 4046 5287">
     <span class='ocr_line' id='line_1_113' title="bbox 2454 5203 4046 5287; baseline -0.01 -16"><span class='ocrx_word' id='word_1_849' title='bbox 2454 5217 2765 5287; x_wconf 66' lang='grc' dir='ltr'>ἐπέϐαινεν,</span> <span class='ocrx_word' id='word_1_850' title='bbox 2820 5207 2931 5267; x_wconf 73' lang='grc' dir='ltr'>οἷαι</span> <span class='ocrx_word' id='word_1_851' title='bbox 2977 5212 3034 5266; x_wconf 78' lang='grc' dir='ltr'>αἱ</span> <span class='ocrx_word' id='word_1_852' title='bbox 3071 5211 3289 5281; x_wconf 87' lang='grc' dir='ltr'>κῶμαι,</span> <span class='ocrx_word' id='word_1_853' title='bbox 3326 5208 3435 5261; x_wconf 85' lang='grc' dir='ltr'>τῶν</span> <span class='ocrx_word' id='word_1_854' title='bbox 3484 5207 3542 5260; x_wconf 83' lang='grc' dir='ltr'>δὲ</span> <span class='ocrx_word' id='word_1_855' title='bbox 3577 5204 3790 5259; x_wconf 81' lang='grc' dir='ltr'>πόλεων</span> <span class='ocrx_word' id='word_1_856' title='bbox 3820 5203 4046 5272; x_wconf 70' lang='grc' dir='ltr'>ἠμέλει.</span> 
     </span>
    </p>
   </div>
   <div class='ocr_carea' id='block_1_114' title="bbox 2444 5296 4050 5381">
    <p class='ocr_par' dir='ltr' id='par_1_114' title="bbox 2444 5296 4050 5381">
     <span class='ocr_line' id='line_1_114' title="bbox 2444 5296 4050 5381; baseline -0.011 -16"><span class='ocrx_word' id='word_1_857' title='bbox 2444 5314 2582 5381; x_wconf 81' lang='grc' dir='ltr'>ὅπερ</span> <span class='ocrx_word' id='word_1_858' title='bbox 2625 5308 2869 5365; x_wconf 78' lang='grc' dir='ltr'>ποιοῦσιν</span> <span class='ocrx_word' id='word_1_859' title='bbox 2918 5309 2967 5360; x_wconf 88' lang='grc' dir='ltr'><strong>οί</strong></span> <span class='ocrx_word' id='word_1_860' title='bbox 2996 5308 3121 5369; x_wconf 77' lang='grc' dir='ltr'>τοὺς</span> <span class='ocrx_word' id='word_1_861' title='bbox 3153 5302 3552 5374; x_wconf 78' lang='grc' dir='ltr'>ἁφελεστέρους</span> <span class='ocrx_word' id='word_1_862' title='bbox 3598 5298 3887 5368; x_wconf 64' lang='grc' dir='ltr'>ἐξαπατᾷν</span> <span class='ocrx_word' id='word_1_863' title='bbox 3932 5296 4050 5367; x_wconf 61' lang='lat' dir='ltr'><strong>fm-</strong></span> 
     </span>
    </p>
   </div>
   <div class='ocr_carea' id='block_1_115' title="bbox 2445 5390 4048 5475">
    <p class='ocr_par' dir='ltr' id='par_1_115' title="bbox 2445 5390 4048 5475">
     <span class='ocr_line' id='line_1_115' title="bbox 2445 5390 4048 5475; baseline -0.01 -18"><span class='ocrx_word' id='word_1_864' title='bbox 2445 5405 2686 5475; x_wconf 78' lang='grc' dir='ltr'>λόμενοι,</span> <span class='ocrx_word' id='word_1_865' title='bbox 2718 5401 2842 5455; x_wconf 80' lang='grc' dir='ltr'>οὔτε</span> <span class='ocrx_word' id='word_1_866' title='bbox 2864 5400 2973 5454; x_wconf 84' lang='grc' dir='ltr'>τῶν</span> <span class='ocrx_word' id='word_1_867' title='bbox 2993 5399 3201 5452; x_wconf 77' lang='grc' dir='ltr'>πόλεων</span> <span class='ocrx_word' id='word_1_868' title='bbox 3224 5396 3522 5451; x_wconf 69' lang='grc' dir='ltr'>ἐπιϐαίνων</span> <span class='ocrx_word' id='word_1_869' title='bbox 3541 5394 3617 5457; x_wconf 86' lang='grc' dir='ltr'><strong>ὡς</strong></span> <span class='ocrx_word' id='word_1_870' title='bbox 3667 5390 4048 5460; x_wconf 71' lang='grc' dir='ltr'>φιλενδείκτης</span> 
     </span>
    </p>
   </div>
   <div class='ocr_carea' id='block_1_116' title="bbox 2448 5483 4046 5568">
    <p class='ocr_par' dir='ltr' id='par_1_116' title="bbox 2448 5483 4046 5568">
     <span class='ocr_line' id='line_1_116' title="bbox 2448 5483 4046 5568; baseline -0.01 -16"><span class='ocrx_word' id='word_1_871' title='bbox 2448 5499 2543 5553; x_wconf 70' lang='grc' dir='ltr'>καὶ</span> <span class='ocrx_word' id='word_1_872' title='bbox 2569 5497 2723 5568; x_wconf 74' lang='grc' dir='ltr'>φίλος</span> <span class='ocrx_word' id='word_1_873' title='bbox 2749 5494 2934 5563; x_wconf 77' lang='grc' dir='ltr'>δόξης,</span> <span class='ocrx_word' id='word_1_874' title='bbox 2966 5492 3078 5546; x_wconf 87' lang='grc' dir='ltr'><strong>τῶν</strong></span> <span class='ocrx_word' id='word_1_875' title='bbox 3115 5491 3331 5563; x_wconf 85' lang='grc' dir='ltr'>μικρῶν</span> <span class='ocrx_word' id='word_1_876' title='bbox 3370 5489 3587 5560; x_wconf 69' lang='grc' dir='ltr'>ἡμέλει,</span> <span class='ocrx_word' id='word_1_877' title='bbox 3612 5486 3728 5543; x_wconf 78' lang='grc' dir='ltr'>ἀλλ’</span> <span class='ocrx_word' id='word_1_878' title='bbox 3756 5486 3832 5547; x_wconf 83' lang='grc' dir='ltr'>ὼς</span> <span class='ocrx_word' id='word_1_879' title='bbox 3874 5483 4046 5542; x_wconf 72' lang='grc' dir='ltr'>κοινὸς</span> 
     </span>
    </p>
   </div>
   <div class='ocr_carea' id='block_1_117' title="bbox 2443 5578 4044 5659">
    <p class='ocr_par' dir='ltr' id='par_1_117' title="bbox 2443 5578 4044 5659">
     <span class='ocr_line' id='line_1_117' title="bbox 2443 5578 4044 5659; baseline -0.009 -14"><span class='ocrx_word' id='word_1_880' title='bbox 2443 5590 2743 5659; x_wconf 71' lang='grc' dir='ltr'>δεσπότης,</span> <span class='ocrx_word' id='word_1_881' title='bbox 2802 5585 3004 5656; x_wconf 78' lang='grc' dir='ltr'>μᾶλλον</span> <span class='ocrx_word' id='word_1_882' title='bbox 3048 5584 3105 5638; x_wconf 82' lang='grc' dir='ltr'>δὲ</span> <span class='ocrx_word' id='word_1_883' title='bbox 3158 5582 3340 5654; x_wconf 81' lang='grc' dir='ltr'>πατὴρ</span> <span class='ocrx_word' id='word_1_884' title='bbox 3375 5583 3595 5636; x_wconf 83' lang='grc' dir='ltr'>πάντων</span> <span class='ocrx_word' id='word_1_885' title='bbox 3645 5578 4044 5653; x_wconf 76' lang='grc' dir='ltr'>προνοούμενος</span> 
     </span>
    </p>
   </div>
   <div class='ocr_carea' id='block_1_118' title="bbox 2448 5671 4043 5753">
    <p class='ocr_par' dir='ltr' id='par_1_118' title="bbox 2448 5671 4043 5753">
     <span class='ocr_line' id='line_1_118' title="bbox 2448 5671 4043 5753; baseline -0.007 -15"><span class='ocrx_word' id='word_1_886' title='bbox 2448 5681 2729 5753; x_wconf 82' lang='grc' dir='ltr'>πανταχοῦ</span> <span class='ocrx_word' id='word_1_887' title='bbox 2788 5680 3027 5753; x_wconf 78' lang='grc' dir='ltr'>περιῄει.</span> <span class='ocrx_word' id='word_1_888' title='bbox 3068 5672 3200 5748; x_wconf 75' lang='grc' dir='ltr'><strong>Ἆρ’</strong></span> <span class='ocrx_word' id='word_1_889' title='bbox 3254 5671 3348 5730; x_wconf 77' lang='grc' dir='ltr'>οὖν</span> <span class='ocrx_word' id='word_1_890' title='bbox 3399 5674 3497 5738; x_wconf 84' lang='grc' dir='ltr'>τὰς</span> <span class='ocrx_word' id='word_1_891' title='bbox 3554 5675 3656 5747; x_wconf 68' lang='grc' dir='ltr'>μὲν</span> <span class='ocrx_word' id='word_1_892' title='bbox 3696 5672 3803 5739; x_wconf 70' lang='grc' dir='ltr'><strong>ἔξω</strong></span> <span class='ocrx_word' id='word_1_893' title='bbox 3864 5681 4043 5743; x_wconf 73' lang='grc' dir='ltr'>πόλεις</span> 
     </span>
    </p>
   </div>
  </div>
