4256 6432
743 418 851 484 923

1630 417 2217 480 THEOPHYLACTI
2260 416 2675 479 BULGARLE
2716 416 3072 477 ARCHIEP.

3913 406 4023 473 924

741 525 991 598 impium.
1026 527 1089 581 Et
1137 526 1515 593 meis'quoque
1552 525 1881 582 Christianis
1926 527 2168 594 quidem,
2200 529 2324 581 vita:

2436 528 2622 594 μάτων
2680 524 2933 596 λατρεία,
2968 525 3044 595 μὴ
3086 520 3532 595 προσηκαμένοις
3578 519 3678 591 τὴν
3714 520 3900 573 πίστιν
3929 522 4028 591 τὴν

742 628 924 673 autem
948 617 1242 679 dissolntte,
1276 617 1389 671 haec
1410 625 1740 687 congruunt.
1767 610 1847 671 An
1877 630 1983 669 non
2016 626 2069 670 et
2093 608 2321 669 manduc

742 726 927 764 camus
959 724 1155 778 corpus
1185 710 1448 773 divinum,
1478 718 1532 763 et
1562 708 1796 763 bibimus
1856 710 2177 779 sanguinem
2231 709 2323 763 Dei

741 816 928 855 coram
959 816 1047 867 eo,
1089 801 1331 869 quotidie
1353 801 1419 854 ad
1445 801 1724 869 mysticam
1752 816 2000 855 mensam
2055 802 2325 855 acceden-

744 904 848 955 tes,
884 902 940 947 et
970 893 1125 948 docet
1167 894 1217 946 in
1279 892 1400 945 latis
1427 892 1731 946 .animabus
1789 894 1993 947 nostris
2035 892 2325 946 Dominus?

742 984 903 1048 Atqui
939 984 1077 1037 nulla
1103 984 1224 1038 inde
1256 984 1485 1046 utilitas,
1514 986 1556 1037 si
1580 984 1854 1038 auditores
1883 985 2076 1037 divina:
2100 985 2321 1051 quidem

743 1075 874 1145 h-gis
903 1075 1116 1137 ﬁamus,
1157 1085 1212 1128 et
1254 1089 1357 1128 neu
1390 1074 1625 1129 factores
1656 1092 1670 1128 :
1714 1076 1825 1129 imo
1855 1083 2042 1129 contra
2076 1076 2142 1128 ad
2206 1089 2322 1127 ma-

736 1168 911 1235 jorem
963 1177 1356 1220 tormentorum
1409 1167 1755 1220 occasionem
1822 1165 2096 1219 audivisse
2150 1165 2322 1227 cedet,

749 1258 889 1310 sicut
922 1265 975 1312 et
1006 1255 1835 1311 divinarum.sattctiﬁcatiottum
1873 1257 2109 1323 sumptio
2147 1260 2212 1309 ad
2240 1256 2324 1325 ju-

741 1347 963 1399 dicium.
1001 1344 1236 1400 Obst-rva
1277 1347 1419 1411 quod
1453 1347 1638 1413 rejecti
1677 1357 1803 1399 sunt
1835 1346 1931 1412 illi,
1966 1360 2197 1413 quorum
2270 1350 2320 1399 in

742 1438 934 1507 plateis
958 1438 1108 1492 docet
1143 1438 1400 1491 Dominus
1442 1458 1454 1493 :
1484 1453 1669 1493 verum
1688 1439 1732 1493 si
1764 1440 1936 1506 ipsum
1975 1440 2323 1495 habuerimus

740 1528 1046 1592 docentem,
1082 1530 1267 1581 nonin
1323 1530 1533 1593 plateis,
1576 1532 1670 1584 sed
1722 1530 1775 1582 in
1808 1532 2049 1600 angustis
2097 1542 2150 1585 et
2182 1533 2325 1585 tritis

739 1631 796 1673 et
824 1622 1160 1690 compnttctis
1208 1623 1485 1683 cordilms,
1530 1637 1635 1677 non
1694 1623 1900 1676 erimus
1956 1623 2166 1691 rejerti.
2205 1620 2321 1676 .Iant

742 1713 843 1766 hoc
878 1715 1018 1781 quod
1077 1714 1275 1783 inquit,
1312 1713 1421 1769 Illic
1448 1715 1553 1769 erit
1590 1717 1852 1783 ploratus,
1903 1719 2122 1785 quando
2178 1716 2327 1770 vide-

741 1805 869 1858 bitis
899 1806 1191 1872 Abraham,
1230 1820 1281 1860 et
1302 1807 1468 1871 Isaac,
1499 1818 1550 1860 et
1581 1805 1771 1871 Jacob,
1832 1810 2083 1877 congruit
2109 1808 2323 1877 quidem

2433 618 2750 673 δικαιοῦσαν
2780 618 2872 671 τὸν
2899 616 3091 686 ἀσεϐῆ.
3126 616 3235 669 Καὶ
3263 617 3377 677 τοῖς
3406 615 3527 667 κατ’
3552 613 3652 683 ἐμὲ
3671 612 3729 666 δὲ
3758 614 4028 681 Χριστια-

2432 714 2544 775 νοῖς
2569 711 2687 779 μὲν,
2721 709 2953 779 ἀμελέσι
2974 708 3030 761 δὲ
3055 707 3155 777 τὴν
3180 706 3351 776 ζωὴν,
3382 705 3680 775 ἀρμόσειεν
3712 705 3781 759 ἂν
3810 704 4025 758 ταῦτα·

2432 804 2466 874 ἢ
2493 801 2613 872 οὐχὶ
2648 803 2744 855 καὶ
2775 804 2937 871 ἡμεῖς
2969 799 3258 869 τρώγομεν
3283 797 3345 850 τὸ
3370 798 3511 850 θεῖον
3540 796 3699 866 σῶμα
3722 836 3738 860 ,
3793 797 3893 848 καὶ
3944 797 4029 849 πί-

2438 910 2605 965 νομεν
2642 894 2705 946 τὸ
2742 888 2883 963 αἷμα
2942 892 3038 944 τοῦ
3083 888 3219 944 Θεοῦ
3268 891 3499 943 ἐνώπιον
3534 888 3700 942 αὑτοῦ
3732 888 3858 941 καθ’
3899 890 4029 942 ἑκά-

2437 1004 2576 1056 στην
2606 988 2672 1055 τῇ
2716 986 2955 1055 μυστικῇ
2987 982 3233 1053 τραπέζῃ
3260 982 3580 1051 προσιόντες
3599 1020 3614 1045 ,
3650 983 3748 1035 καὶ
3777 981 4029 1034 διδάσκει

2432 1081 2492 1131 ὲν
2514 1081 2631 1139 ταῖς
2677 1077 2957 1139 πλατείαις
2992 1075 3191 1146 ψυχαῖς
3221 1075 3377 1146 ἡμῶν
3409 1077 3437 1127 ό
3474 1074 3716 1148 Κύριος;
3765 1074 3915 1127 Ἀλλ’
3942 1075 4029 1127 oft-

2431 1171 2521 1223 δὲν
2543 1170 2752 1239 ὄφελος,
2782 1172 2829 1222 εἰ
2883 1170 3152 1239 ἀκροαταὶ
3197 1168 3289 1221 τοῦ
3335 1167 3481 1220 θείου
3511 1168 3679 1237 νόμου
3733 1167 4027 1237 γινόμεθα,

2435 1262 2525 1312 καλ
2560 1261 2620 1312 οὐ
2664 1259 2882 1329 ποιηταί
2910 1276 2921 1287 ·
2955 1256 3267 1313 τούναντίον
3302 1256 3402 1324 μὲν
3427 1255 3520 1308 οὖν
3553 1255 3759 1325 μᾶλλον
3796 1256 3880 1315 εἰς
3912 1272 4028 1323 μει-

2432 1352 2604 1413 ζόνων
2631 1351 2880 1421 βασάνων
2904 1349 3163 1402 ὑπόθεσιν
3184 1350 3318 1418 ἡμῖν
3340 1348 3372 1413 ή
3406 1346 3691 1415 ἀκρόασις,
3712 1344 3909 1413 ῶσπερ
3942 1344 4033 1396 καὶ

2433 1446 2466 1507 ἡ
2489 1444 2598 1495 τῶν
2638 1445 2800 1496 θείων
2844 1443 3202 1511 ἀγιασμάτων
3248 1439 3553 1508 μετάληψις
3579 1438 3660 1500 εἰς
3685 1439 3863 1507 κρῖμα
3897 1435 4031 1488 καθ-

2435 1536 2669 1590 ίσταται.
2709 1536 3109 1606 Παρατήρησον
3161 1534 3217 1586 δὲ
3241 1536 3323 1587 ὃτι
3350 1532 3652 1598 ἀπόϐλητοί
3708 1532 3852 1583 εἰσιν
3888 1529 4033 1580 ἐκεῖ·

2434 1646 2534 1690 vat,
2565 1621 2639 1681 ὧν
2675 1628 2731 1678 ὲν
2763 1630 2882 1688 ταῖς
2917 1626 3201 1689 πλατείαις
3228 1624 3466 1677 διδάσκει
3497 1625 3525 1676 ό
3559 1622 3766 1690 Κύριος
3790 1638 3802 1652 ’
3832 1620 3912 1682 ὡς
3941 1622 4032 1672 ἐὰν

2435 1736 2497 1786 γε
2528 1718 2845 1772 διδάσκοντα
2868 1718 3034 1770 αὐτὸν
3054 1717 3267 1787 ἔχωμεν
3286 1718 3387 1769 οὐκ
3416 1717 3473 1767 ἐν
3498 1713 3807 1778 πλατείαις,
3834 1712 3955 1766 ἀλλ’
3977 1718 4032 1765 ἐν

2436 1816 2653 1875 στεναῖς
2686 1813 2780 1866 καὶ
2812 1811 3206 1881 τεθλιμμέναις
3239 1813 3333 1863 καὶ
3366 1809 3877 1877 κατανενυγμέναις
3901 1825 4029 1877 καρ-

750 1909 804 1949 et
864 1895 1118 1951 lsraelitis
1158 1900 1355 1966 quibus
1408 1900 1508 1952 ista
1543 1899 1855 1962 dicebat,et
1902 1899 1987 1953 his
2023 1902 2111 1967 qui
2171 1900 2329 1953 hodie

2436 1908 2591 1969 Βὶαις.
2637 1908 2737 1962 οὐκ
2782 1905 3081 1975 ἀπόϐλητοι
3113 1905 3371 1975 ἐσόμεθα.
3401 1905 3474 1957 Τὸ
3501 1904 3557 1957 δὲ
3606 1905 3755 1956 Ἐκεῖ
3794 1903 3951 1956 ἔσται
4002 1903 4031 1953 ό

740 2004 861 2043 sunt
913 1993 1196 2047 increduli.
1225 1992 1393 2046 .lttdtci
1428 2009 1557 2047 sane
1592 2004 1740 2047 tanto
1798 1995 1968 2064 magis
1993 1994 2319 2062 torqueban-

741 2095 827 2137 tur
847 2086 1113 2139 attdtendo
1144 2087 1279 2141 alios
1312 2104 1375 2140 ex
1402 2090 1653 2155 gentibus
1698 2088 2057 2156 requiescere,
2089 2097 2139 2142 et
2171 2089 2325 2156 quie-

740 2188 842 2230 tem
877 2178 1157 2232 habituros
1186 2179 1612 2233 cum-AbL-altam
1645 2190 1696 2232 et
1727 2180 1991 2250 patribus,
2048 2195 2106 2235 se
2138 2192 2320 2233 autem

738 2270 1099 2338 expellendos.
1139 2271 1380 2326 Pertinet
1406 2274 1536 2325 item
1568 2284 1622 2327 et
1647 2279 1711 2326 ad
1742 2290 1858 2336 nos,
1896 2275 1983 2342 qui
2038 2289 2146 2327 non
2192 2277 2323 2328 bene

738 2376 1029 2430 operantur
1053 2378 1173 2417 cum
1213 2363 1317 2419 fide
1348 2383 1359 2417 :
1404 2375 1456 2418 ct
1489 2380 1586 2419 nos
1626 2367 1841 2432 quidem
1875 2366 1926 2419 in
1965 2368 2078 2434 lege
2109 2366 2317 2421 Christi

738 2452 1240 2521 gloriattmr,quam
1275 2470 1395 2509 mox
1430 2468 1615 2522 postea
1667 2457 2097 2524 transgredimur
2132 2469 2187 2511 ct
2236 2473 2319 2510 re-

739 2544 1049 2611 probamus.
1075 2545 1238 2599 Primi
1273 2547 1485 2615 quidem
1509 2562 1629 2601 esse
1659 2549 1921 2611 videmur,
1954 2560 2138 2616 utpote
2172 2565 2197 2601 a
2224 2565 2320 2604 cu-

740 2637 949 2692 nabulis
994 2638 1337 2704 instructi,et
1364 2654 1560 2694 nomen
1616 2639 1817 2693 Christi
1850 2639 2095 2695 lerentes
2150 2660 2160 2693 :
2220 2657 2319 2712 po-

738 2729 925 2782 s'remi
952 2741 1130 2784 autem
1153 2732 1378 2794 erimus,
1404 2733 1639 2801 praelatis
1662 2734 1951 2802 gentilibus
1975 2735 2319 2803 quibusdam,

740 2821 832 2886 qui
864 2822 915 2874 itt
950 2822 1053 2876 line
1085 2824 1205 2877 vitae
1232 2839 1342 2877 sum
1366 2826 1615 2887 credunt,
1644 2834 1696 2879 et
1734 2825 1844 2879 Deo
1878 2825 2155 2895 placentes
2192 2844 2318 2895 par-

743 2927 866 2965 vum
904 2914 1026 2967 vitae
1058 2924 1269 2982 tempus
1294 2927 1485 2983 agunt.

2436 2000 2735 2067 κλαυθμὸς,
2763 2001 2892 2053 ὅταν
2924 1996 3132 2067 ὄψησθε
3152 1998 3429 2068 Ἀϐραὰμ,
3456 2000 3550 2051 καὶ
3595 1998 3785 2052 Ἰσαὰκ
3811 2002 3909 2051 καὶ
3928 2000 4029 2050 ἰα-

2433 2090 2570 2155 κὼϐ,
2614 2092 2842 2161 ἁρμόζει
2893 2091 2993 2159 μὲν
3044 2092 3137 2143 καὶ
3174 2092 3288 2152 τοῖς
3336 2090 3726 2158 Ἰσραηλίταις,
3767 2092 3909 2160 πρὸς
3940 2091 4029 2152 οὓς

2432 2183 2605 2235 ταῦτα
2637 2182 2929 2245 διελέγετο,
2966 2182 3059 2233 καὶ
3092 2181 3171 2234 ἔτι
3188 2183 3298 2242 τοῖς
3320 2180 3461 2233 κατά
3495 2180 3722 2249 καιροὺς
3750 2181 4024 2243 ἀπίστοις.

2431 2273 2494 2328 Ol
2525 2274 2633 2344 γὰρ
2680 2271 2919 2327 Ἰουδλίοι
2967 2272 3142 2338 τούτῳ
3180 2271 3417 2342 μάλιστα
3448 2269 3734 2327 ἑδάκνοντο
3760 2271 3837 2342 τῷ
3862 2272 4027 2327 ἁκού-

2434 2386 2538 2433 ειν,
2569 2371 2649 2422 ὅτι
2684 2369 2835 2423 ἄλλοι
2869 2369 2967 2437 μὲν
2997 2370 3044 2421 οἱ
3082 2367 3142 2432 ὲξ
3204 2367 3373 2421 ἐθνῶν
3430 2367 3846 2420 ἀναπαύσονται
3889 2368 4027 2437 μετά

2443 2459 2699 2528 Ἀϐραὰμ
2726 2460 2820 2512 καὶ
2867 2460 2975 2511 τῶν
3006 2460 3286 2529 πατέρων,
3318 2461 3473 2512 αὐτοὶ
3517 2458 3575 2512 δὲ
3604 2458 3977 2529 ὲξωθήσονται
4009 2477 4021 2490 ·

2432 2552 2666 2620 ἁρμόζει
2692 2552 2745 2605 δὲ
2780 2553 2873 2603 καὶ
2922 2554 3057 2620 ἡμῖν
3113 2556 3226 2613 τοῖς
3276 2553 3352 2621 μὴ
3396 2551 3674 2605 ἀκόλουθα
3715 2554 3784 2622 τῇ
3843 2553 4027 2605 πίστει

2430 2641 2733 2711 πράττουσι
2767 2660 2776 2671 ·
2812 2645 2908 2695 καὶ
2942 2643 3104 2712 ἡμεῖς
3135 2644 3245 2715 γὰρ
3286 2645 3343 2695 ὲν
3370 2642 3450 2713 τῷ
3485 2643 3635 2714 νόμῳ
3665 2643 3761 2697 τοῦ
3792 2644 4028 2713 Χριστοῦ

2436 2735 2808 2804 καυχώμενοι,
2834 2732 2952 2788 εἶτα
2976 2736 3063 2788 διὰ
3093 2735 3190 2803 τῆς
3228 2734 3595 2806 παραϐάσεως
3641 2736 3834 2789 τούτου
3901 2736 4030 2789 ἀθε-

2427 2826 2644 2891 τοῦντες
2670 2828 2854 2892 αὑτὸν,
2888 2826 3097 2898 πρῶτοι
3133 2828 3231 2898 μὲν
3250 2827 3327 2897 τῷ
3356 2828 3533 2880 δοκεῖν
3561 2830 3752 2897 ἐσμεν,
3785 2826 3860 2890 ὡς
3898 2843 4035 2879 κατ·

2428 2921 2726 2990 ηχηθέντες
2768 2922 2830 2973 ὲκ
2865 2919 3200 2991 σπαργάνων
3248 2919 3429 2973 αὐτῶν
3470 2921 3563 2973 τὸν
3608 2919 3771 2988 λόγον
3816 2922 3913 2972 καὶ
3940 2920 4035 2971 τὸν

738 3005 975 3080 Χριστὸν
1034 3008 1390 3077 φορέσαντες,
1424 3008 1644 3079 ἔσχατοι
1689 3008 1745 3061 δὶ
1802 3010 2043 3079 ἐσόμεθα
2089 3009 2320 3064 ἐθνικῶν
2359 3012 2524 3080 τυχὸν
2561 3014 3040 3087 προτιμηθέντων,
3103 3014 3212 3068 τῶν
3249 3018 3387 3086 πρὸς
3411 3014 3488 3085 τῷ
3535 3014 3684 3069 τέλει
3743 3013 3840 3068 τοῦ
3910 3013 4031 3084 βίου

737 3100 1164 3162 πιστευσάντων,
1197 3100 1290 3153 καὶ
1322 3101 1569 3171 ἀρεστῶς
1591 3104 1667 3173 τῷ
1690 3103 1809 3174 Θεῷ
1838 3104 2209 3173 διαγαγόντων
2234 3105 2326 3158 τὸν
2366 3105 2547 3174 eum
2571 3107 2671 3177 τῆς
2703 3108 2849 3177 ζωῆς
2877 3108 3091 3179 χρόνον.

806 3194 967 3249 Vens.
1004 3191 1193 3251 31-35.
1250 3211 1267 3243 t
1306 3192 1503 3248 Eodem
1542 3199 1626 3250 die
1691 3208 2041 3252 accesserunt
2098 3198 2316 3268 quidam
2348 3207 2394 3263 ο

738 3286 1402 3344 Phariszeornm'dicentes
1433 3288 1504 3340 illi
1541 3307 1551 3340 :
1596 3289 1712 3351 lix},
1745 3301 1800 3343 et
1830 3291 1965 3343 vade
1998 3292 2121 3350 hinc
2163 3292 2326 3357 :qnia

739 3381 979 3435 Herodes
1014 3384 1128 3435 vult
1167 3394 1214 3437 te
1244 3381 1516 3437 occidere.
1555 3381 1614 3433 Et
1649 3384 1721 3434 ait
1750 3382 1896 3437 illis:
1932 3383 2026 3447 Ite,
2063 3394 2115 3436 et
2164 3384 2331 3438 dicite

736 3474 876 3542 vulpi
903 3474 1053 3527 huic:
1091 3474 1229 3529 Ecce
1250 3476 1408 3545 ejicio
1430 3474 1712 3536 dmmonia,
1740 3484 1790 3527 et
1820 3475 2083 3528 sanitates
2114 3474 2336 3542 perﬁcio

735 3568 911 3627 hodie,
937 3578 1140 3627 etcras.
1164 3577 1217 3619 et
1246 3568 1399 3621 tertia
1431 3568 1520 3621 die
1547 3581 1910 3621 consummor.
1937 3566 2321 3623 Verumtamen

730 3671 941 3728 oportet
992 3677 1076 3715 me
1124 3661 1283 3716 hodie
1316 3672 1370 3713 et
1405 3677 1526 3714 cras
1555 3669 1604 3714 et
1639 3660 1885 3733 proximo
1911 3659 1996 3713 die
2042 3659 2332 3727 proﬁcisci,

732 3754 858 3821 quia
893 3752 1132 3805 lietinon
1178 3762 1354 3820 potest
1396 3760 1452 3804 nt
1482 3752 1741 3819 prottlteta
1779 3763 1963 3815 pereat
1990 3761 2140 3802 extra
2175 3750 2336 3804 Jeru-

735 3842 919 3895 salem.
963 3860 980 3891 ι
1023 3842 1222 3895 Invidia
1246 3842 1593 3896 taltcscebattt
1612 3842 1881 3898 maledicti
1902 3840 2069 3895 .lttdtei
2090 3854 2142 3893 et
2160 3843 2336 3897 Domi-

733 3949 865 3985 ttntn
903 3944 1110 3987 terrere
1141 3934 1405 3998 nituntur,
1440 3942 1493 3985 ct
1531 3933 1824 3986 minantem
1844 3935 1891 3989 ei
1930 3931 2137 3987 faciunt
2170 3932 2338 3987 llero—

731 4024 852 4080 dent
894 4041 905 4076 :
942 4024 1352 4080 nolebantenitn
1379 4041 1500 4079 eum
1536 4026 1729 4079 videre
1758 4024 2047 4079 facientem
2076 4026 2337 4080 miracula

733 4133 799 4169 ne
859 4119 1205 4171 multitudine
1235 4119 1621 4171 miraculorum
1660 4118 1843 4171 turbas
1872 4118 1973 4172 sibi
2000 4120 2314 4173 conciliaret

727 4219 786 4261 et
836 4209 1035 4262 virtute
1088 4202 1239 4262 verbi
1296 4210 1359 4261 ad
1398 4224 1458 4263 se
1504 4210 1764 4262 alliceret.
1824 4208 2135 4263 l‘rmlexunt
2175 4188 2337 4285 igitur;

746 4300 1041 4366 Herodem,
1064 4312 1117 4356 et
1153 4303 1354 4367 lingunt
1375 4302 1474 4356 sibi
1498 4301 1800 4357 Sa'lvatoris
1827 4318 2011 4357 curam
2040 4319 2181 4360 esse.
2222 4304 2340 4373 Ipse

729 4394 888 4466 391
956 4406 1136 4451 autem
1170 4397 1332 4450 corda
1382 4396 1594 4451 illorum
1651 4396 1869 4461 sciens,
1931 4407 2211 4451 mansuete
2274 4407 2332 4451 et

731 4488 1050 4542 adntnbrate
1089 4504 1183 4556 pro
1210 4504 1358 4543 more
1397 4503 1493 4541 suo
1521 4487 1602 4542 eis
1626 4490 1918 4557 respondet
1945 4508 1957 4543 :
1991 4489 2159 4546 Dicite
2186 4490 2331 4561 Vulpi

2508 3220 2525 3250 ι
2576 3201 2664 3252 Ἐν
2714 3203 2853 3272 αὐτῇ
2897 3203 2961 3271 τῇ
3000 3201 3180 3270 ἡμέρα
3213 3198 3523 3269 προσῆλθόν
3564 3215 3707 3262 τινες
3748 3198 4040 3265 Φαρισαῖοι

2445 3293 2698 3358 λέγοντες
2753 3292 2901 3362 αὐτῷ
2930 3308 2942 3321 ·
2980 3291 3227 3356 Ἔξελθε,
3256 3292 3349 3345 καὶ
3375 3291 3611 3361 πορεύου
3643 3289 3925 3350 ἐντεῦθεν,
3952 3290 4040 3341 ὅτι

2454 3383 2701 3453 Ἡρώδης
2733 3385 2877 3438 θέλει
2938 3402 2997 3437 σε
3057 3387 3399 3439 ἀποκτεῖναι.
3432 3385 3562 3449 Kal:
3588 3378 3742 3436 εἶπεν
3794 3384 3985 3439 αὐτοῖς
4021 3399 4036 3411 ·

2442 3476 2806 3543 Πορευθέντες
2836 3478 3025 3530 εὖπατε
3051 3480 3116 3546 τῇ
3145 3476 3397 3530 ἀλώπεκι
3415 3475 3610 3547 ταύτῃ,
3632 3474 3761 3529 Ἰδοὺ
3788 3475 4043 3528 ἐκϐάλλω

2438 3566 2709 3636 δαιμόνια,
2752 3568 2845 3621 καὶ
2896 3568 3065 3629 ἰάσεις
3100 3564 3338 3619 ἐπιτελῶ
3370 3568 3610 3634 σήμερον
3670 3566 3763 3618 καὶ
3815 3563 4039 3634 αὔριον,

2441 3644 2536 3712 καὶ
2567 3663 2633 3731 τῇ
2661 3661 2820 3733 τρίτῃ
2847 3660 3182 3733 τελειοῦμαι.
3224 3658 3370 3731 Πλὴν
3399 3659 3481 3713 δτῖ
3529 3676 3598 3731 με
3660 3659 3906 3728 σήμερον
3937 3660 4038 3711 καὶ

2440 3754 2629 3823 αὔριον
2655 3755 2749 3808 καὶ
2766 3758 2832 3825 τῇ
2858 3755 3093 3825 ἐχομένῃ
3127 3753 3483 3823 πορεύεσθαι,
3516 3756 3595 3805 ὃτι
3627 3753 3727 3805 οὐκ
3753 3751 4040 3821 ἐνδέχεται

2444 3848 2731 3917 προφήτην
2754 3845 3046 3899 ἀπολέσθαι
3075 3846 3180 3910 ἔξω
3216 3843 3595 3916 Ἰερουσαλήμ.
3632 3863 3650 3897 ι
3688 3845 3877 3913 Φθόνῳ
3924 3844 4043 3897 δια-

2443 3938 2735 4008 τηκόμενοι
2759 3939 2805 3989 οί
2836 3939 3134 4007 κατάρατοι
3156 3939 3442 4007 Φαρισαῖοι
3485 3935 3744 4004 ἐκφοϐεῖν
3799 3936 4044 4005 πειρῶν-

2442 4049 2532 4084 ται
2559 4031 2649 4083 τὸν
2677 4031 2883 4101 Κύριον
2908 4032 3003 4083 κα)⁵
3026 4032 3118 4083 τὸν
3157 4030 3404 4100 Ἡρώδην
3433 4028 3827 4082 ἐπαπειλοῦσιν
3848 4028 4005 4097 αὑτῷ
4028 4043 4040 4057 ⁸

2442 4122 2502 4173 οὐ
2538 4122 2646 4191 γὰρ
2678 4122 2868 4191 ἧθελον
2889 4122 3053 4175 αὐτὸν
3077 4123 3211 4191 όρᾷν
3242 4120 3794 4190 θαυματουργοῦντα.
3824 4121 3915 4174 ἵνα
3966 4121 4044 4191 μὴ

2441 4212 2517 4281 τῷ
2552 4213 2751 4281 πλήθει
2778 4214 2885 4266 τῶν
2917 4212 3162 4283 σημείων
3197 4213 3502 4283 ἐφέλκηται
3528 4214 3655 4276 τοὺς
3682 4212 3902 4283 ὄχλους,
3942 4215 4041 4266 καὶ

2441 4308 2505 4375 τῇ
2562 4305 2655 4358 τοῦ
2704 4305 2868 4371 λόγου
2931 4306 3163 4374 δυνάμει
3222 4304 3498 4358 διδάσκων
3540 4306 3849 4374 ἐπιστρέφῃ
3903 4306 4043 4375 πρὸς

2444 4394 3126 4464 ὲκυτόν.11ροφασίζονται
3173 4389 3269 4447 οὖν
3339 4394 3433 4445 τὸν
3482 4394 3750 4465 Ἡρώδην,
3789 4397 3888 4447 καὶ
3940 4400 4044 4464 κὴ-

2443 4487 2628 4539 δεσθαι
2693 4487 2785 4540 τοῦ
2840 4488 3098 4557 Σωτῆρος
3159 4486 3609 4558 σχηματίζονται.
3678 4487 3925 4551 Ἐκεῖνος
3989 4490 4043 4542 δὲ

736 4581 878 4635 huic.
914 4579 978 4633 Et
1007 4583 1217 4635 videtur
1238 4583 1452 4650 quidem
1484 4581 1748 4637 llerodem
1780 4583 2051 4651 appellare
2082 4583 2316 4653 vulpem,

2436 4576 2587 4640 είδτῦς
2614 4578 2713 4640 τὰς
2744 4578 2974 4647 καρδίας
3021 4576 3223 4644 αὐτῶν,
3277 4578 3467 4646 πράως
3512 4594 3572 4630 τε
3605 4580 3701 4631 καὶ
3744 4596 4042 4634 συνεσκιαο

736 4677 830 4728 sed
884 4674 1189 4728 Pharisaaos
1228 4684 1396 4738 notat,
1430 4675 1473 4726 si
1500 4676 1620 4743 quis
1660 4676 1952 4743 diligenter
1988 4680 2316 4733 consideret.

736 4767 850 4821 Non
884 4770 1027 4821 enim
1063 4769 1219 4830 dixit,
1259 4770 1400 4836 vulpi
1431 4768 1528 4831 illi,
1574 4772 1669 4823 sed
1706 4771 1850 4833 huic,
1885 4771 2060 4824 media
2092 4772 2320 4839 quadam

733 4876 867 4915 voce
904 4877 1053 4924 usus,
1093 4861 1253 4929 idque
1309 4862 1466 4915 scite.
1505 4861 1781 4931 Singulari
1818 4877 2043 4916 numero
2094 4864 2323 4917 dicendo

734 4955 972 5024 vulpem,
1021 4953 1287 5009 Herodem
1322 4954 1439 5008 illos
1465 4956 1734 5023 suspicari
1774 4954 1901 5009 fecit
1930 4973 1941 5007 :
1977 4955 2207 5009 dicendo
2231 4970 2323 5008 auo

733 5057 862 5113 tem,
913 5048 1053 5109 huic,
1110 5047 1249 5115 quod
1313 5059 1396 5101 est
1462 5062 1759 5115 pronomen
1816 5047 2324 5111 demonstrativum,

735 5138 1033 5193 in~innavit
1065 5140 1199 5193 istos
1240 5138 1385 5207 ipsos
1419 5153 1539 5192 esse
1574 5138 1789 5191 dolosos
1820 5137 1960 5191 illos.
1990 5136 2051 5190 Et
2086 5136 2329 5203 profecto

738 5229 989 5285 Pharismi
1030 5247 1136 5301 pra:
1168 5247 1225 5285 se
1278 5230 1525 5285 fert-bant
1577 5232 1843 5301 malignos
1899 5229 2326 5297 versipellesqne

738 5323 972 5393 vulpium
1008 5339 1205 5378 mores.
1243 5324 1375 5378 Vide
1405 5334 1607 5385 autem,
1659 5340 1778 5384 oro,
1809 5322 2081 5392 quomodo
2110 5321 2329 5375 malitim

732 5429 920 5469 eorum
959 5415 1292 5481 resyondeat.
1315 5415 1452 5481 Quia
1479 5416 1621 5468 enim
1642 5416 1939 5485 illiprOpter
1964 5418 2226 5468 sanitates
2248 5413 2332 5466 itt-

732 5508 1008 5573 ridebanl,
1042 5516 1096 5562 et
1119 5507 1451 5562 incutiebant
1476 5508 1525 5564 ei
1552 5518 1748 5562 metum
1775 5525 1840 5563 ex
1866 5508 2097 5572 lierodc,
2128 5508 2330 5562 idcirco

737 5601 855 5672 ipse
881 5604 930 5655 id
955 5604 1098 5670 quod
1130 5602 1342 5657 sciebat
1365 5601 1469 5658 illis
1498 5603 1845 5672 potissimum
1894 5602 2104 5666 dolere,
2154 5601 2282 5655 dicit
2315 5618 2326 5653 :

740 5693 883 5748 Ecce
920 5695 1066 5749 enim
1092 5709 1215 5763 ego,
1251 5694 1449 5762 inquit,
1482 5696 1744 5750 sanitates
1766 5693 2008 5764 perﬁcio,
2042 5704 2099 5748 et
2130 5695 2332 5747 daemo-

744 5784 830 5839 nia
883 5785 1063 5853 ejicio.
1105 5782 1264 5853 Nam,
1320 5788 1465 5840 sicut
1511 5787 1830 5855 prmdictum
1888 5792 1996 5851 cst,
2043 5794 2328 5856 propterea

746 5876 1153 5935 insectabantur
1185 5892 1331 5945 eum,
1372 5888 1429 5934 ut
1458 5894 1522 5935 ne
1558 5876 1838 5937 miraculis
1870 5876 2105 5936 ostensis
2132 5877 2330 5934 multos

2431 4669 2663 4738 σμένως,
2693 4670 2766 4732 ὡς
2804 4670 2924 4733 ἔθος
2952 4670 3124 4739 αὐτῷ,
3161 4671 3521 4742 ἀποκρίνεται
3558 4672 3742 4735 αὐτοῖς
3766 4714 3779 4735 ,
3813 4674 3909 4725 καί
3938 4690 4042 4741 φη-

2431 4781 2536 4825 σιν,
2570 4763 2773 4837 Εἴπατε
2809 4765 2874 4832 τῇ
2910 4762 3157 4816 ἀλώπεκι
3193 4763 3368 4837 ταύτῃ
3390 4780 3402 4794 ’
3442 4765 3538 4817 καὶ
3578 4764 3731 4818 δοκεῖ
3762 4763 3865 4833 μὲν
3893 4765 4040 4818 ἀλώ-

2434 4873 2577 4907 πεκα
2610 4855 2701 4906 τὸν
2743 4856 2992 4925 Ἡρώδην
3045 4854 3359 4924 ὀνομάζειν,
3410 4858 3538 4921 τοὺς
3591 4844 3936 4927 ιΙέαριειαίους
3985 4857 4042 4911 δι

2437 4948 2656 5016 μᾶλλον,
2690 4946 2854 5010 εἴτις
2910 4947 3160 5017 ἀκριϐῶς
3222 4948 3498 5021 σκοποίη..
3524 4950 3599 5003 Οὐ
3640 4950 3752 5019 γὰρ
3785 4946 3936 5017 εἶπε,
3975 4953 4039 5021 τῇ

2430 5039 2678 5092 ’ἀλώπεκι
2708 5040 2918 5111 ἐκείνῃ,
2974 5039 3112 5093 ἀλλὰ
3144 5040 3340 5113 ταύτῃ,
3401 5042 3546 5114 μέσῃ
3590 5044 3699 5095 τινὶ
3751 5041 4037 5114 χρώμενος

2436 5133 2610 5201 φωνῇ,
2644 5132 2733 5184 καί
2758 5149 2821 5198 γε
2851 5131 3092 5200 εὐφυῶς.
3120 5135 3219 5189 Διά
3245 5134 3346 5205 μὲν
3379 5136 3490 5205 γὰρ
3505 5136 3599 5189 τοῦ
3631 5136 3835 5200 ἑνικῶς
3870 5138 4043 5190 είπεῖν

2436 5223 2701 5285 ἀλώπεκι,
2741 5224 2831 5276 τὸν
2876 5224 3126 5298 Ἡρώδην
3165 5227 3400 5281 δέδωκεν
3440 5228 3675 5292 ἐκείνοις
3715 5229 4036 5295 ὑπολαϐεῖν,

2435 5314 2521 5368 διὰ
2551 5316 2606 5369 δὲ
2629 5316 2724 5369 τοῦ
2759 5316 3053 5383 δεικτικῶς
3106 5320 3275 5390 φάναι
3309 5320 3509 5395 ταύτῃ,
3558 5321 3761 5386 αὐτοὺς
3792 5322 4036 5386 ὲκείνους

2436 5411 2563 5474 τοὺς
2617 5410 2872 5480 δολεροὺς
2903 5411 3154 5482 ᾐνίξατο·
3187 5412 3266 5483 τῷ
3297 5412 3412 5466 δντι
3444 5413 3556 5485 γὰρ
3584 5414 3648 5467 τδ
3682 5415 3786 5485 τῆς
3822 5415 4037 5468 ἀλώπιο

2437 5520 2529 5566 κος
2559 5502 2869 5573 πανοῦργον
2931 5504 3028 5558 καὶ
3073 5504 3378 5575 δύστροπον
3401 5508 3449 5560 οί
3491 5508 3784 5579 Φαρισαῖοι
3821 5507 4032 5562 ἐπεδεί-

2438 5613 2619 5650 κνυτο.
2658 5597 2800 5666 Ὀρα
2830 5596 2886 5650 δέ
2919 5614 3011 5666 μοι
3034 5598 3153 5662 πῶς
3190 5600 3327 5667 πρὸς
3353 5599 3455 5671 τὴν
3486 5602 3834 5673 κακουργίαν
3860 5600 4036 5657 αὐτῶν

2438 5689 2797 5758 ἀποκρίνεται
2833 5690 3041 5754 αὐτοῖς.
3062 5692 3218 5745 Ἐπεὶ
3242 5693 3354 5763 γὰρ
3381 5694 3582 5748 ἐκεῖνοι
3612 5693 3704 5747 διὰ
3732 5694 3834 5756 τὰς
3868 5694 4037 5755 ἰάσεις

2440 5783 2765 5852 φθονοῦντες
2792 5784 2883 5836 τὸν
2906 5786 2971 5837 ὲκ
2998 5784 3092 5839 τοῦ
3131 5785 3375 5857 Ἡρώδου
3406 5787 3573 5858 φόϐον
3599 5789 3752 5860 αὐτῷ
3769 5791 4033 5853 laticum,

2448 5877 2630 5943 αὐτὸς,
2668 5876 2804 5949 ὅπερ
2842 5876 3111 5948 ἠπίστατο
3142 5878 3335 5937 λυπεῖν
3365 5880 3634 5951 ἐκείνους,
3664 5882 3827 5937 τοῦτο
3857 5883 4031 5953 λέγει’
