4256 6432
264 435 377 499 925

988 434 1438 496 ΕΝΛΒΒΑἸἹΟ
1472 435 1554 496 ΙΝ
1600 435 1869 503 EVANG]

1977 436 2107 498 LUM
2143 436 2385 499 LUC/ﬁ.
2426 460 2498 474 -·
2536 437 2703 498 CAP.
2742 435 2918 500 XIII.

3456 435 3596 501 ~923

279 550 418 605 Ἰδοὺ
447 548 576 621 γᾴρ,
610 547 796 618 σησὶν,
841 543 1076 600 ἐπιτελῶ
1104 544 1302 611 ἰάσεις,
1336 546 1432 598 καὶ
1450 540 1723 616 ’δαιμόνια
1773 548 1869 600 ἐκ·

1977 546 2046 599 ad
2110 546 2445 601 credendum
2474 545 2582 602 sibi
2636 545 2903 602 alliceret.
2970 543 3146 602 llodie
3186 558 3322 601 vero
3363 555 3420 600 et
3471 562 3600 603 cras

264 642 456 696 ϐάλλω
473 657 487 672 θ
515 640 592 704 ώς
617 642 728 710 γάρ
757 638 1107 708 προείρηται,
1130 637 1220 690 διά
1241 636 1404 691 τοῦτο
1433 637 1661 690 ἐδίωκον
1689 637 1874 702 αύτδν,

267 736 362 789 ῖνα
394 736 471 806 μὴ
504 737 572 805 τῇ
603 734 714 788 τῶν
766 729 1090 802 παραδόξων
1134 729 1398 794 ἐπιδείξει
1430 729 1718 800 χρώμενος
1779 747 1878 783 σα-

263 827 479 901 γηνεύῃ
505 827 735 890 πολλοὺς
766 827 848 889 είς
876 822 940 885 τδ
975 822 1255 877 πιστεύειν
1278 821 1446 891 αύτῷ.
1486 823 1561 876 To
1582 822 1664 887 δὲ,
1705 825 1878 893 σήμε-

268 941 367 995 ρον
391 923 486 976 καὶ
513 920 724 992 αῦριον,
773 919 1029 982 πλείονας
1066 915 1287 986 ἡμέρας
1323 916 1498 986 δηλοῖ.
1528 916 1748 985 Ὠσπερ
1780 915 1876 970 οῦν

264 1019 365 1070 καὶ
411 1017 574 1085 ἡμεῖς
625 1012 906 1082 είώθαμεν
950 1013 1012 1066 ἐν
1044 1012 1112 1082 τῇ
1166 1004 1392 1080 συνήθει
1441 1010 1634 1080 ὁμιλία
1668 1009 1872 1077 λέγειν,

267 1111 526 1180 Σήμερον
577 1107 671 1162 καὶ
697 1105 892 1177 αῦριον
912 1105 1125 1173 γίνεται
1158 1102 1306 1170 τόδε,
1339 1102 1402 1157 ού
1427 1103 1650 1167 πάντως
1676 1102 1875 1156 τοσού-

262 1219 346 1272 τῳ
373 1201 710 1270 διαστήματι
761 1199 822 1252 τὸ
851 1197 1014 1266 έργον
1044 1196 1478 1264 περικλεῖοντες,
1516 1195 1656 1249 ἀλλά
1689 1195 1751 1247 τὺ
1773 1211 1872 1249 τα-

261 1294 405 1363 χέως
436 1291 762 1362 γενήσεσθαι
782 1288 1075 1359 δηλοῦντες
1096 1308 1111 1322 ο
1143 1286 1320 1351 οὕτως
1344 1283 1440 1342 οῦν
1464 1289 1562 1341 καὶ
1590 1289 1618 1340 ό
1635 1287 1872 1358 Χριστὸς

261 1385 462 1452 εἰπὼν,
487 1387 572 1440 ὅτι
597 1386 795 1446 ἰάσεις
841 1375 1079 1436 ἐπιτελῶ
1100 1382 1369 1452 σήμερον,
1405 1381 1504 1436 καὶ
1531 1379 1748 1449 αὔριον,
1777 1381 1872 1433 καὶ

260 1481 332 1551 τῇ
351 1478 512 1550 τρίτῃ
539 1479 722 1550 ήμέρᾳ
756 1474 1074 1544 τελειοῦμαι
1101 1513 1117 1539 ,
1141 1475 1204 1527 ού
1235 1474 1455 1536 πάντως
1481 1473 1643 1526 τοῦτο
1669 1473 1869 1545 ἐδήλω-

264 1591 352 1639 σε,
398 1575 461 1627 τὸ
512 1573 571 1624 ὲν
607 1573 672 1642 τῇ
718 1570 880 1643 τρίτῃ
912 1569 1098 1640 ἡμέρᾳ
1131 1569 1451 1636 ἀναγκαίως
1483 1567 1868 1638 τελειωθῆναι,

260 1668 402 1723 ἀλλά
424 1667 490 1720 τδ
514 1665 796 1734 συντόμως
815 1665 908 1716 τὸν
939 1661 1177 1716 θάνατον
1208 1660 1378 1715 αὑτοῦ
1412 1660 1743 1730 γενήσεσθαι
1770 1659 1867 1727 δη-

259 1758 364 1812 λοῖ.
396 1756 544 1826 Π-λὴν
566 1755 648 1807 δεῖ
679 1771 745 1824 με
780 1753 1026 1823 σήμερον
1073 1750 1168 1804 καὶ
1206 1747 1421 1816 αὓριον,
1452 1746 1703 1801 τουτέστι
1745 1747 1869 1815 χρό-

1984 639 2170 708 plures
2200 637 2317 694 dies
2343 638 2626 708 signiﬁcat
2654 655 2669 693 :
2701 638 3168 709 quemadmodum
3207 649 3259 695 et
3294 655 3397 695 nos
3439 641 3599 696 rami.

1981 732 2103 787 liarl
2136 746 2392 787 sermone
2445 731 2830 788 consuevimus
2879 733 3062 786 dicere
3106 746 3122 785 :
3171 729 3344 786 llodie
3375 741 3432 788 et
3471 748 3598 787 cras

1983 825 2077 879 ﬁet
2113 824 2217 879 hoc
2254 840 2269 878 :
2318 839 2428 879 non
2488 824 2717 880 omnino
2761 823 2904 878 intra
2959 832 3069 877 tam
3102 821 3271 878 breve
3335 824 3596 892 temporis

1981 915 2334 971 intervallum
2385 931 2500 971 rem
2537 915 3084 978 circumscribentes,
3117 916 3213 970 sed
3244 916 3436 969 statim
3471 915 3588 969 ﬁeri

1979 1007 2380 1077 signiﬁcantes,
2414 1008 2488 1061 ita
2531 1007 2696 1061 etiam
2729 1007 3006 1070 Christus,
3051 1007 3242 1062 dicens
3274 1025 3288 1061 :
3319 1006 3596 1062 Sunitates

1978 1099 2206 1170 perﬁcio
2229 1100 2396 1155 bodie
2427 1109 2482 1154 et
2505 1115 2654 1164 cras,
2685 1110 2740 1155 et
2765 1103 2928 1156 tertio
2957 1102 3048 1156 die
3071 1115 3424 1155 consummor
3446 1117 3462 1155 :
3488 1113 3594 1153 non

1977 1193 2205 1248 omnino
2231 1191 2552 1263 signiﬁcare
2573 1193 2749 1248 voluit
2781 1194 2924 1263 quod
2960 1194 3124 1249 tertio
3154 1194 3245 1249 die
3273 1195 3596 1248 necessario

1979 1285 2050 1337 sit
2085 1285 2575 1347 consummandns,
2607 1286 2703 1340 sed
2733 1284 2882 1339 brevi
2911 1294 3142 1339 mortem
3170 1299 3326 1339 suam
3352 1283 3593 1338 futuram

1977 1375 2239 1430 declarat.
2276 1375 2670 1431 Verumtamen
2702 1383 2918 1445 oportet
2942 1390 3029 1431 me
3061 1377 3221 1431 hodie
3242 1385 3297 1431 et
3321 1390 3468 1440 cras,
3495 1376 3600 1430 hoc

1975 1480 2062 1525 cst
2121 1471 2306 1539 aliquo
2336 1479 2605 1539 tempore,
2663 1485 2888 1525 manere
2945 1471 3047 1524 hoc
3081 1469 3223 1536 loco,
3275 1479 3332 1523 et
3377 1470 3595 1539 operari

1976 1563 2256 1626 miracula,
2286 1571 2339 1617 et
2369 1562 2619 1632 sequenti
2664 1563 2716 1615 in
2763 1561 3064 1618 Jerusalem
3121 1562 3440 1631 proﬁcisci:
3489 1562 3599 1617 illic

1973 1657 2120 1711 cnim
2167 1655 2304 1724 elegi
2349 1667 2604 1710 mortem.
2674 1654 2812 1721 Quia
2852 1655 3000 1710 enim
3041 1655 3116 1710 illi
3174 1655 3432 1710 dicebant
3486 1656 3535 1709 ei
3578 1668 3593 1705 :

1975 1749 2273 1821 Egredere,
2303 1750 2432 1820 quia
2470 1747 2718 1802 Herodes
2766 1758 2819 1802 te
2874 1749 3163 1804 occisurus
3203 1757 3310 1803 est.
3350 1747 3408 1802 In
3445 1747 3597 1804 Gali-

258 1868 353 1903 ννιν
376 1851 521 1915 τινὰ,
560 1848 886 1920 προσμεῖναι
916 1844 1151 1899 ἐνταῦθα
1187 1839 1740 1912 θαυμτουργοῦντα,
1773 1840 1868 1892 καὶ

1977 1844 2074 1897 ΙίΡέι
2121 1854 2304 1898 autem
2349 1844 2467 1898 haec
2501 1842 2785 1908 dicebant,
2843 1842 2931 1897 cui
2996 1850 3228 1909 praeerat
3271 1842 3522 1898 Herodes
3578 1859 3596 1899 :

259 1949 331 2019 τῇ
363 1945 599 2016 ἐχομένῃ
620 1939 950 2013 πορεύεσθαι
981 1940 1061 2001 είς
1098 1936 1414 2005 Ἱερουσαλή
1428 1951 1486 2006 μ’
1523 1935 1702 1987 ἐκεῖσε
1761 1932 1869 2000 γάρ

1979 1945 2246 1992 monstrat
2315 1937 2396 1990 eis
2421 1975 2437 2002 ,

259 2037 521 2107 ἀφώρισα
549 2033 772 2105 ἐμαυτῷ
802 2032 863 2086 τὸ
893 2031 1088 2095 πάθος.
1127 2029 1354 2100 Ἐπειδὴ
1384 2027 1493 2099 γὰρ
1523 2030 1724 2081 ἐκεῖνοι
1753 2025 1869 2078 ἔλε-

260 2147 360 2193 γον
387 2119 574 2198 αὐτῷ’·
607 2123 856 2190 Ἔξελθε,
891 2123 976 2177 ὅτι
1023 2121 1272 2192 Ἡρώδης
1296 2120 1483 2192 μέλλει
1515 2137 1575 2171 σε
1601 2117 1870 2186 φονεύειν,

257 2223 318 2275 ἐν
351 2223 419 2289 τῇ
454 2218 719 2290 Γαλιλαὲᾳ
748 2216 805 2270 δέ
850 2213 1026 2270 ταῦτα
1067 2214 1279 2283 ελεγον,
1309 2214 1529 2282 ἐκείνης
1553 2213 1664 2282 γὰρ
1694 2209 1872 2278 Ἥρώ-

255 2312 355 2385 δης
383 2307 546 2384 ἦρχε,
601 2310 876 2363 δείκνυσιν
908 2309 1118 2371 αὐτοῖς,
1168 2308 1251 2360 ὅτι
1292 2308 1384 2360 καὶ
1433 2305 1609 2360 πολλά
1646 2305 1873 2376 βούλευε

255 2406 443 2476 ομένῳ
483 2403 701 2475 Ἡρώδῃ
734 2403 839 2456 οὐκ
885 2402 1040 2454 ἔσται
1071 2400 1238 2454 αὐτὸν
1290 2400 1527 2454 ἀνελεῖν·
1558 2400 1622 2454 ού
1652 2402 1762 2472 γὰρ
1813 2405 1873 2455 ἐν

255 2496 546 2566 Γαλιλαίᾳ,
567 2495 684 2548 ἀλλ’
711 2495 770 2547 ἐν
799 2493 1165 2565 Ἰερουσαλὴμ
1192 2491 1533 2564 προώρισται
1569 2493 1720 2565 αύτῷ
1761 2513 1869 2548 τια-

257 2587 399 2639 θεῖν.
435 2585 555 2637 Ἵνα
584 2583 642 2637 δέ
680 2599 763 2636 σοι
798 2583 893 2636 καὶ
923 2583 986 2635 τὺ
1023 2583 1190 2654 ῥητὸν
1240 2581 1333 2635 τοῦ
1389 2582 1730 2652 Εὐαγγε).ίου
1773 2602 1876 2638 σει⁸

266 2680 538 2749 φέστερον
563 2675 838 2747 ἐκθῶμαι,
901 2676 980 2748 μῆ
1010 2676 1214 2748 νοήσῃς
1257 2676 1342 2730 ὅτι
1377 2677 1458 2730 δεῖ
1496 2695 1564 2748 με
1629 2681 1860 2752 σήμεροι

263 2772 364 2826 καὶ
391 2770 584 2843 αῦριον
634 2769 994 2842 πορεύεσθαι,
1026 2768 1164 2823 ἀλλά
1216 2771 1378 2840 στῆθι
1410 2771 1540 2842 ἄχρι
1567 2770 1664 2824 τοῦ
1698 2775 1871 2843 σήμε-

265 2879 360 2932 ρον
402 2862 498 2915 καὶ⁸
548 2859 740 2932 αὔριον
759 2877 774 2892 ⁶
808 2860 906 2914 καὶ
934 2860 1112 2924 οὕτως
1142 2860 1271 2912 me
1302 2859 1386 2925 τὸ,
1415 2862 1483 2931 τῇ
1504 2859 1746 2931 ἐχομένῃ
1773 2878 1873 2913 πο-

256 2954 541 3022 ρεύεσθαι,
597 2949 711 3008 οἷον
743 2952 1010 3016 πολλάκις
1054 2952 1422 3025 ἀριθμοῦντες
1461 2952 1743 3024 εἰώθαμεν
1775 2953 1872 3006 λέ.

256 3065 402 3116 γειν,
451 3047 600 3116 Ἐγὼ
630 3049 891 3119 Κυριακῇ
940 3045 1175 3119 δευτέρᾳ
1228 3046 1322 3100 καὶ
1350 3046 1515 3118 τρίτῃ
1548 3045 1866 3116 ἐξέρχομαι,

254 3145 358 3213 οὐχ
385 3143 463 3206 ώς
504 3141 716 3213 μέλλων
751 3142 848 3196 καὶ
878 3141 936 3194 ἐν
960 3142 1026 3211 τῇ
1053 3141 1336 3212 κυριακῇ,
1371 3141 1467 3194 καὶ
1499 3142 1557 3194 ἐν
1580 3143 1647 3211 τῇ
1682 3140 1866 3194 δευτέ-

2531 1935 2746 1990 etiamsi
2823 1934 3118 2001 plurimum
3203 1936 3404 2004 vellet,
3489 1950 3597 1991 non

1975 2047 2134 2101 posse
2158 2032 2228 2086 ab
2260 2028 2353 2085 illo
2386 2044 2446 2086 se
2483 2015 2766 2084 interimi:
2803 2045 2907 2083 non
2943 2030 3090 2083 enim
3123 2029 3177 2082 in
3223 2028 3468 2093 Galilma,
3502 2032 3599 2085 sed

1974 2121 2279 2178 Jerusalem
2350 2122 2679 2194 praeﬁnitum
2748 2132 2870 2176 erat
2933 2120 3214 2176 Christum
3291 2137 3414 2178 esse
3463 2137 3596 2192 pas-

1977 2237 2198 2291 surum.
2247 2219 2314 2274 Et
2368 2228 2427 2274 ut
2491 2218 2586 2272 tibi
2637 2217 2916 2288 Evangelii
2968 2218 3175 2271 dictum
3249 2216 3598 2273 manifestius

1974 2323 2272 2377 exponam,
2309 2325 2432 2364 cum
2467 2308 2687 2378 legeris,
2731 2308 2892 2362 hodie
2938 2317 2993 2364 et
3023 2324 3169 2374 cras,
3200 2319 3463 2379 punctum
3513 2310 3596 2363 ia-

1973 2402 2106 2465 cito,
2142 2411 2198 2455 et
2241 2401 2370 2454 tunc
2409 2400 2522 2464 dic,
2561 2400 2814 2469 proximo
2854 2403 2944 2457 die
2975 2403 3288 2472 proﬁcisci:
3317 2405 3600 2474 quomodo

1979 2505 2341 2550 numerantes
2383 2509 2528 2565 sa‘pe
2568 2497 2750 2552 dicere.
2774 2497 3210 2553 consuevimus:
3256 2497 3371 2568 Ego
3413 2496 3601 2553 Domi-

1977 2589 2099 2643 nico
2158 2589 2401 2644 secundo
2450 2598 2510 2644 et
2567 2588 2731 2645 tertio
2779 2589 2868 2643 die
2920 2590 3177 2660 egredior
3222 2607 3238 2644 :
3281 2605 3393 2645 non
3450 2591 3597 2662 quod

1977 2696 2308 2754 egressurus
2357 2682 2460 2737 sim
2516 2683 2803 2738 Dominico
2843 2692 2898 2737 et
2939 2685 3205 2749 secundo,
3258 2685 3357 2740 sed
3419 2686 3598 2740 solum

1980 2780 2114 2831 .luos
2151 2777 2273 2832 illos
2301 2778 2418 2831 dies
2446 2791 2868 2839 enumeramus,
2903 2785 2962 2832 ut
3004 2777 3425 2834 manil‘estemus
3451 2778 3600 2834 diem

1977 2870 2221 2926 tertium.
2261 2868 2340 2922 Ita
2376 2882 2511 2923 sane
2570 2877 2626 2923 ct
2677 2867 2948 2924 Dominus
2989 2870 3094 2925 hoc
3121 2869 3242 2925 loco
3279 2871 3436 2942 prius
3465 2886 3603 2926 enu-

1976 2978 2216 3026 merans,
2252 2962 2466 3030 inquit:
2505 2961 2732 3030 Oportet
2781 2976 2866 3017 me
2924 2962 3086 3018 hodie
3118 2975 3175 3018 et
3213 2979 3364 3030 cras,
3403 2965 3602 3022 deinde

1975 3055 2134 3138 tertio
2159 3054 2429 3124 proﬁcisci
2467 3054 2519 3108 in
2555 3053 2858 3110 Jerusalem
2890 3073 2905 3112 :
2935 3055 3043 3111 illic
3072 3059 3220 3112 enim
3258 3059 3383 3115 ﬁnis
3423 3075 3602 3136 meus.

1973 3146 2133 3204 Sicut
2159 3157 2341 3202 autem
2394 3163 2558 3218 supra
2588 3149 2850 3217 diximus,
2881 3165 2986 3204 non
3019 3151 3162 3218 quod
3196 3154 3371 3208 tribus
3403 3153 3604 3211 diebus

258 3253 328 3306 9;
356 3233 615 3301 ἐξελθεῖν,
645 3233 762 3288 ἀλλ’
793 3232 1285 3305 ἀπαριθμούμενος
1321 3234 1484 3302 μόνον
1514 3233 1613 3296 τὰς
1641 3233 1757 3297 δύο,
1777 3233 1867 3287 ῖνα

1980 3242 2148 3295 vitam
2200 3256 2356 3296 suam
2412 3242 2864 3308 circumscribat,
2932 3246 3026 3298 sed
3077 3245 3329 3315 pluribus
3377 3249 3602 3318 quidem

254 3326 487 3401 δηλώσω
517 3327 616 3398 τὴν
641 3328 860 3398 τρίτην.
895 3325 1086 3391 Οῦτως
1115 3321 1211 3380 οὖν
1235 3327 1331 3379 καὶ
1348 3328 1376 3379 ό
1394 3325 1603 3396 Κύριος
1629 3323 1869 3378 ἐνταῦθα

1978 3337 2171 3390 diebus
2198 3379 2211 3400 ,
2277 3347 2660 3390 verumtamen
2713 3353 2820 3390 non
2858 3339 3016 3394 valde
3066 3339 3232 3410 longo
3263 3351 3513 3408 tempore
3542 3358 3605 3398 se

253 3425 449 3494 ὥσπερ
480 3419 975 3491 ἀπαριθμούμενός
1027 3435 1185 3491 φησι,
1233 3420 1327 3472 Δεῖ
1385 3435 1453 3490 με
1501 3419 1745 3489 σήμερον
1773 3418 1872 3472 καὶ

253 3515 473 3586 αΰριον,
507 3509 628 3568 εἶτα
660 3516 728 3586 τῇ
761 3513 926 3586 τρίτῃ
958 3511 1296 3583 πορεύεσθαι
1348 3513 1430 3576 είς
1476 3512 1867 3584 Ἰερουσαλήμο

252 3612 436 3664 ἐκεῖσε
488 3609 595 3679 γάρ
660 3625 751 3678 μοι
801 3608 863 3661 τὸ
913 3607 1071 3670 τέλος
1105 3605 1445 3676 ἀφώρισται.
1501 3606 1776 3678 Καθάπερ
1811 3607 1869 3660 δὲ

251 3702 521 3772 ἀνωτέρω
551 3699 864 3770 ἑξείπομεν,
903 3699 1026 3768 οὐχὶ
1054 3696 1130 3762 ὡς
1174 3699 1233 3750 ἐν
1263 3698 1447 3769 τρισὶν
1494 3698 1736 3768 ἡμέραις
1767 3713 1870 3750 πε-

255 3794 514 3866 ρικλείων
532 3795 636 3866 τὴν
680 3793 877 3848 ἐαυτοῦ
923 3791 1071 3862 ζωὴν
1117 3792 1147 3845 ό
1203 3789 1433 3861 Κύριος,
1469 3789 1643 3843 ταῦτά
1676 3807 1866 3861 φησιν,

249 3887 391 3940 ἀλλὰ
415 3887 671 3951 πλείονας
719 3886 820 3956 μὲν
852 3884 1090 3957 ἡμέρας,
1153 3882 1297 3954 πλὴν
1337 3883 1400 3936 οὐ
1447 3884 1592 3938 πάνυ
1653 3886 1869 3955 μακρόν

251 3997 375 4034 τινα
404 3979 598 4050 χρόνον
634 3977 1026 4050 ὑποσημαίνει⁸
1067 3974 1276 4030 ὡσανεὶ
1304 3975 1416 4047 γὰρ
1471 3975 1701 4030 τοιαῦτά
1729 3993 1868 4046 φησι

253 4071 394 4138 πρὸς
424 4072 551 4133 τοὺς
584 4068 738 4140 αύτῷ
769 4063 1286 4138 διαφθονουμένους·
1312 4068 1380 4121 Τί
1410 4067 1503 4121 τὸν
1538 4067 1674 4139 ἐμὸν
1708 4068 1869 4139 μελε-

248 4167 382 4218 τᾶτε
399 4164 666 4228 θάνατονς
703 4162 816 4215 ἰδοὺ
844 4159 967 4231 μετ’
993 4158 1180 4228 ὀλίγον
1210 4160 1374 4214 τοῦτο
1419 4160 1658 4228 γίνεται.
1691 4161 1868 4214 Ὅταν

245 4259 306 4311 δὲ
333 4257 603 4327 ἀκούσῃς,
627 4255 713 4310 δτι
754 4256 860 4309 οὐκ
885 4254 1162 4326 ἐνδέχεται
1191 4253 1306 4319 ιξω
1346 4254 1714 4324 Ἰερουσαλὴμ
1731 4255 1869 4308 ἀπο-

247 4349 439 4404 λέσθαι
495 4349 809 4420 προφήτην,
872 4347 950 4419 μὴ
1015 4346 1210 4418 νόμιζε
1263 4346 1387 4419 βίαν
1437 4347 1861 4419 ἀναγκαστικὴν

261 4443 542 4508 Ἰουδαίοις
567 4441 882 4512 ἐπάγεσθαι
909 4440 995 4506 είς
1038 4440 1102 4494 τὸ
1129 4437 1356 4495 τοιαῦτα
1384 4439 1543 4512 δρᾷν,
1575 4442 1642 4494 ἐκ
1669 4441 1765 4494 τοῦ
1795 4442 1864 4496 τὰ

245 4537 476 4591 τοιαῦτα
509 4538 769 4610 γράφειν,
794 4534 933 4588 ἀλλά
964 4535 1032 4605 τῇ
1065 4535 1340 4605 μιαιφόνῳ
1374 4532 1558 4588 αὐτῶν
1591 4535 1864 4607 προαιρέ-

1978 3444 2297 3482 mansurum
2330 3427 2651 3497 signiﬁcat:
2697 3431 2856 3498 quasi
2908 3431 3024 3486 haec
3060 3432 3208 3488 dicat
3264 3435 3332 3489 ad
3359 3450 3456 3490 eos
3507 3437 3602 3507 qui

1975 3522 2078 3576 sibi
2114 3521 2473 3575 invidebant:
2545 3519 2688 3585 Quid
2735 3537 2911 3575 meam
2949 3525 3292 3580 meditamini
3331 3531 3606 3585 mortem?

1975 3629 2108 3669 ecce
2143 3614 2312 3683 paulo
2333 3622 2468 3684 post
2501 3613 2616 3682 ipsa
2646 3616 2900 3670 instabit.
2933 3615 3069 3670 Cum
3100 3633 3234 3674 vero
3260 3622 3419 3676 audis
3453 3626 3603 3694 quod

1978 3708 2096 3763 ﬁeri
2155 3725 2262 3764 non
2311 3711 2488 3779 possit
2517 3721 2676 3764 extra
2707 3709 2872 3781 392
2907 3711 3218 3768 Jerusalem
3255 3715 3436 3782 perire
3473 3733 3606 3785 pro-

1977 3800 2216 3868 phetam,
2280 3815 2348 3854 ne
2410 3809 2572 3868 putes
2621 3798 2842 3857 Judaeos
2900 3803 2949 3855 vi
2998 3804 3238 3873 quadam
3287 3821 3352 3862 ac
3416 3823 3609 3869 ncces.

1976 3895 2139 3950 sitate
2173 3894 2240 3948 ad
2282 3895 2388 3950 hoc
2411 3892 2724 3950 iaciendum
2753 3897 3032 3967 compelli,
3068 3899 3163 3953 sed
3189 3899 3336 3956 scias
3368 3916 3608 3958 consen—

1978 3997 2137 4042 tauee
2154 3988 2220 4041 ad
2239 3987 2650 4059 sanguinariam
2673 3988 2892 4044 illorum
2917 3991 3258 4049 voluntatem
3287 3994 3433 4050 istud
3458 3993 3606 4053 dici:

1978 4086 2036 4129 ιιι
2065 4077 2111 4129 si
2141 4075 2266 4146 quis
2295 4076 2486 4130 videns
2515 4077 2962 4134 crudelissimum
2999 4083 3353 4153 maximeque
3385 4087 3610 4155 sangui-

1977 4166 2193 4218 narium
2229 4166 2499 4221 latronem
2536 4169 2660 4223 vias
2689 4169 2970 4235 obsidere,
3005 4171 3217 4227 diceret
3244 4176 3280 4242 ,ε
3314 4173 3460 4230 Fieri
3498 4191 3607 4231 non

1977 4265 2180 4324 potest,
2211 4257 2357 4310 viam
2390 4257 2533 4312 hanc
2558 4260 2611 4312 in
2644 4274 2748 4328 qua
2783 4260 2927 4316 latro
2972 4265 3438 4332 przetereuntibus
3469 4267 3610 4323 insi-

1975 4351 2185 4417 diatur,
2216 4365 2246 4405 a
2289 4352 2560 4421 sanguine
2591 4368 2785 4422 puram
2821 4370 2969 4410 esse.
3029 4355 3275 4414 Omnino
3323 4360 3471 4413 cnim
3501 4361 3613 4418 hoc

1975 4446 2098 4501 loco
2137 4445 2283 4514 quod
2335 4455 2776 4502 consentaneum
2833 4460 2916 4502 est
2967 4451 3033 4504 ad
3076 4467 3245 4523 opera
3300 4453 3608 4522 latronum,

1975 4536 2128 4591 dicit.
2163 4534 2254 4593 Sic
2282 4536 2447 4608 igitur
2470 4537 2601 4593 etin
2634 4538 3039 4612 Hierosolyma,
3069 4535 3233 4611 quam
3266 4559 3610 4616 occuparunt

247 4645 334 4683 σει
363 4629 677 4690 ἀκολούθως
699 4625 959 4696 λέγεσθαι
986 4624 1180 4701 τοῦτο·
1213 4623 1410 4698 ῶσπερ
1443 4625 1512 4681 ἀν
1556 4627 1607 4680 ει
1648 4625 1858 4700 λῃστὴν

1977 4629 2215 4685 latrones
2247 4628 2511 4687 Pharisaei
2541 4642 2597 4687 et
2626 4631 2859 4702 Scribm,
2894 4637 3012 4691 ﬁeri
3052 4653 3160 4692 non
3192 4648 3379 4710 potest
3405 4641 3462 4695 in
3501 4643 3612 4698 alio

133 4758 144 4768 ν
243 4721 391 4793 ὀρῶν
421 4720 860 4791 μιαιφονώτατον
906 4717 1311 4774 δδοστατοῦντα
1341 4719 1552 4774 εῐποιέν
1585 4738 1706 4786 τις,
1739 4722 1858 4774 Ούκ

245 4813 524 4886 ἐνδέχεται
551 4813 652 4886 τὴν
681 4813 802 4868 όδδν
831 4814 1065 4885 ταύτην,
1099 4807 1211 4886 ινῆ
1233 4814 1262 4868 ό
1278 4813 1483 4884 λῃστής
1501 4814 1627 4877 τοὺς
1649 4815 1867 4868 ὁδεύον-

242 4925 344 4970 τας
367 4907 662 4980 ἐνεδρεύει,
693 4906 946 4980 καθαράγ
973 4907 1230 4980 αἱμάτων
1261 4899 1409 4961 εἶναι
1429 4923 1445 4939 ·
1478 4906 1704 4973 πάντως
1752 4908 1863 4979 γάρ

1974 4720 2094 4778 loco
2147 4737 2312 4792 quam
2346 4723 2401 4778 in
2442 4723 2536 4780 illo
2581 4725 2634 4780 in
2667 4741 2776 4796 quo
2810 4729 2940 4784 sunt
2966 4730 3231 4800 latrones,
3261 4736 3446 4803 perire
3476 4750 3610 4805 pro~

1978 4819 2265 4889 phetarum
2295 4818 2588 4874 Dominum
2632 4823 2885 4877 :‘assueti
2935 4824 3083 4879 enim
3111 4824 3394 4883 eﬁundere
3423 4844 3614 4886 servo-

1983 4925 2106 4964 rum
2159 4911 2513 4981 sanguinem,
2548 4910 2719 4967 etiam
2753 4913 3047 4971 Dominum
3105 4919 3284 4988 ipsum
3329 4922 3612 4979 occident.

243 5003 361 5067 τοῖς
392 5002 580 5074 ἔργοις
608 5003 706 5059 τοῦ
736 5002 940 5077 λῃστοῦ
970 5003 1035 5057 τδ
1075 5002 1375 5058 ἀκόλουθόν
1412 5019 1600 5075 φησιν.
1661 5003 1853 5070 Οὕτως
1892 5001 1989 5062 οῦν
2054 5007 2158 5060 κάν
2212 5009 2282 5080 τῇ
2331 5005 2696 5080 Ἰερουσαλὴμ
2743 5009 2964 5084 λῃστῶν
3042 5013 3448 5086 ἐγκαθημένων
3499 5017 3614 5072 τῶν

241 5099 560 5173 Φαρισαίων
589 5102 686 5154 καὶ
718 5099 1126 5173 Γραμματέων,
1152 5100 1254 5154 οὐκ
1298 5099 1577 5172 ἐνεδέχετο
1631 5103 1692 5155 ἐν
1741 5102 1891 5176 ἄλλῳ
1931 5105 2140 5177 χωρίῳ,
2164 5103 2211 5176 ,ἢ
2240 5103 2462 5169 πάντως
2496 5105 2555 5159 ἐν
2581 5106 2662 5178 τῷ
2727 5105 2838 5161 τῶν
2884 5107 3125 5181 λῃστῶν,
3166 5112 3469 5168 ἀπολέσθαι
3517 5113 3611 5169 τὸν

242 5198 356 5254 τῶν
421 5194 722 5268 προφητῶν
757 5192 1080 5266 Δεσπότην·
1129 5192 1506 5259 δνεθισθέντες
1568 5195 1682 5268 γάρ
1737 5199 1854 5262 τοῖς
1894 5199 2096 5279 αἵμασι
2138 5196 2242 5252 τῶν
2270 5195 2500 5262 δούλων,
2532 5198 2629 5252 καὶ
2672 5200 2766 5252 τὸν
2800 5199 3013 5273 Κύριον
3043 5203 3441 5264 ἀποκτενοῦσι.

322 5311 342 5346 ι
390 5290 777 5363 Ἰερουσαλὴμ.
812 5287 1202 5362 Ἰερουσαλήμ,
1239 5289 1274 5358 ή
1300 5289 1709 5344 ἀποκτείνουσα
1738 5290 1871 5356 τοὺς

245 5385 559 5458 προφήτας,
585 5378 683 5438 καὶ
713 5381 1073 5437 λιθοδολοῦσα
1102 5383 1228 5445 τοὺς
1245 5380 1702 5454 ἀπεσταλμένους
1726 5382 1866 5454 πρὸς

243 5481 313 5539 αύ
324 5481 443 5554 τήν,
472 5479 708 5544 ποσάκις
729 5477 975 5549 ἠθέλησα
1003 5474 1333 5547 ἐπισυνάξαι
1361 5477 1432 5531 τά
1460 5475 1630 5531 τέκνα
1663 5493 1782 5544 σου,
1808 5475 1871 5532 δν

241 5576 450 5648 τρόπον
477 5574 630 5646 δρνις
653 5574 753 5644 τήν
786 5573 991 5644 ἑαυτῆς
1020 5571 1245 5655 νοσσιὰν
1285 5570 1394 5627 ύπδ
1419 5571 1521 5636 τὰς
1555 5571 1866 5655 πτέρυγας,

245 5637 342 5726 λαὶ
387 5667 493 5722 οὐκ
513 5637 857 5739 “sudare;
906 5637 1039 5722 Ἰδοὺ
1066 5637 1290 5738 deterat
1323 5665 1458 5737 ύμῖν
1485 5666 1515 5720 ό
1532 5637 1683 5730 οἶκος
1713 5637 1871 5734 ὕνιίῶν

246 5760 479 5832 ιρημος·
502 5759 562 5814 Ἀ
573 5759 684 5832 μὴν
713 5758 860 5828 λέγω
882 5759 1036 5831 ύμῖν,
1061 5759 1124 5813 ού
1159 5759 1236 5830 μή
1271 5775 1341 5830 με
1363 5759 1514 5831 ἴδητε
1545 5759 1675 5832 ήδη,
1701 5759 1868 5832 ἀχρις

246 5853 316 5908 ἀν
348 5853 581 5922 εἴπητε*
655 5853 1038 5925 Εὐλογημένος
1075 5853 1106 5907 ό
1177 5851 1478 5924 ἐρχόμενος
1523 5854 1582 5906 ἐν
1632 5852 1864 5924 ὀνόματι

246 5945 480 6018 Κυρίου.
521 5964 537 5995 ι
601 5944 693 6020 Τῷ
723 5945 1116 6018 διπλασιασμῷ
1145 5946 1239 6001 τοῦ
1289 5945 1561 6015 ὀνόματος
1613 5945 1860 6002 δείκνυσι

2052 5289 2218 5347 Vsus.
2238 5290 2336 5356 54,
2357 5291 2451 5349 55.
2490 5312 2510 5346 ι
2547 5289 2878 5359 Jerusalem,
2901 5291 3234 5363 Jerusalem,
3258 5313 3382 5369 qua
3401 5300 3613 5358 occidis

1977 5388 2306 5458 prophetas,
2334 5393 2390 5442 et
2409 5387 2628 5458 lepidas
2659 5402 2755 5444 eos
2795 5389 2890 5460 qui
2928 5389 3228 5446 mittuntur
3261 5392 3330 5448 ad
3357 5403 3434 5460 te,
3463 5409 3607 5466 quo-

1981 5479 2083 5535 ties
2108 5479 2253 5536 volui
2288 5494 2631 5553 congregare
2662 5479 2806 5538 ﬁlios
2826 5493 2969 5552 tuos,
2996 5485 3462 5555 quemadmodum
3493 5489 3615 5545 avis

1976 5570 2171 5627 nidum
2222 5587 2388 5629 suum
2423 5571 2528 5629 sub
2562 5586 2797 5645 pennas,
2837 5583 2892 5629 et
2937 5576 3232 5635 noluistis?
3263 5578 3405 5634 Ecce
3446 5580 3615 5636 relin-

1980 5664 2173 5736 quitur
2199 5663 2358 5721 vobis
2380 5663 2577 5720 domus
2596 5676 2778 5722 vestra
2804 5666 3048 5724 deserta.
3076 5667 3213 5726 Dico
3239 5679 3424 5726 autem
3451 5671 3612 5730 vobis

1978 5758 2129 5830 quod
2161 5773 2272 5817 non
2301 5757 2560 5815 videbitis
2588 5773 2698 5827 me,
2745 5761 2926 5819 donec
2962 5765 3178 5820 venerit
3229 5774 3446 5837 tempus
3482 5780 3607 5822 cum

1977 5852 2217 5909 dicetis:
2256 5851 2590 5908 Bcnedictus
2616 5853 2712 5924 qui
2739 5855 2894 5910 venit
2931 5855 2985 5912 iu
3036 5857 3262 5914 nomine
3295 5857 3536 5916 Domini.
3581 5878 3601 5913 ι

1981 5945 2376 6019 υυριὶοειίοιιοΔ
2401 5947 2642 6005 nominis
2681 5951 2926 6008 ostendit
2960 5965 3209 6010 amorem
3265 5969 3428 6028 quem
3473 5938 3604 6027 erga
