4256 6432
726 433 830 494 9‘27

1624 426 2207 491 THEOPHYLACTI
2246 426 2665 486 BUl.G.\RI.E
2700 424 3071 487 ARCHIEP.

3912 416 4022 481 938

726 540 846 593 illos
884 539 1061 592 habet'
1079 536 1361 591 Dominus.
1421 535 1888 601 Quemadmodum
1913 535 2059 588 enim
2102 545 2311 586 amator

2427 535 2515 603 τὴν
2540 533 2798 603 στοργήν,
2832 533 2899 604 ἠν
2932 532 3047 602 ἔχει
3098 531 3225 598 περὶ
3258 530 3463 593 αὐτοὺς
3490 530 3519 583 ὁ
3559 529 3762 599 Κύριος
3786 545 3800 559 ο
3833 527 4028 599 ὥσπερ

727 631 850 700 quis
896 630 961 681 ab
1015 630 1188 681 amica
1237 636 1599 696 contemptus,
1655 628 1722 681 ita
1760 636 1978 681 revocat
2012 626 2313 680 adulteram

731 723 1096 792 Syuagogam.
1154 712 1402 777 Ostendit
1464 723 1590 775 item
1638 736 1791 775 suam
1859 720 2312 783 misericordiam,

725 816 869 882 quod
900 826 1270 881 saepenumero
1298 811 1526 866 voluerit
1560 827 1895 883 congregare
1922 814 2043 868 illos
2074 832 2087 867 :
2113 822 2167 866 et
2194 812 2317 865 illo-

727 920 847 958 rum
879 903 1554 973 signilicatarrogantiam,
1582 904 1835 968 dicendo,
1870 904 2007 971 Quia
2046 904 2316 968 noluistis,

727 997 973 1064 relinquo
1012 1010 1108 1049 vos
1148 1006 1354 1064 postea.
1407 998 1463 1049 In
1522 1006 1730 1049 tantum
1787 998 1936 1051 enim
1975 996 2100 1051 odio
2153 998 2316 1051 habui

728 1085 991 1139 malitiam
1029 1097 1288 1147 vestram,
1315 1096 1374 1139 ut
1399 1101 1574 1155 neque
1594 1086 1850 1155 templum
1877 1086 2095 1139 domum
2141 1102 2317 1140 meam

725 1193 848 1235 esse
867 1180 1067 1244 dicam,
1112 1179 1207 1233 sed
1240 1180 1458 1233 domum
1492 1190 1747 1233 vestram.
1787 1178 1919 1233 Nam
1966 1181 2207 1250 quandiu
2242 1182 2320 1233 vi-

727 1279 837 1324 tam
864 1280 1097 1325 vestram
1131 1271 1268 1325 bene
1293 1270 1587 1339 gerebatis.
1608 1280 1661 1325 et
1685 1274 1942 1340 templum
1969 1288 2145 1326 meum
2169 1283 2315 1326 erat:

725 1362 852 1432 quia
907 1370 1084 1415 autem
1144 1361 1273 1414 illud
1331 1364 1769 1426 contaminastis,
1828 1373 1883 1417 et
1933 1364 2321 1431 negotiationis

732 1456 981 1519 domum,
1018 1466 1074 1509 et
1111 1453 1461 1523 sepeluncam
1488 1454 1756 1508 latronum
1784 1453 2013 1517 fecistis,
2044 1455 2323 1525 variisque

725 1548 1183 1618 negotiationibus
1227 1556 1285 1603 et
1315 1547 1496 1601 avaris
1528 1549 1725 1602 vestris
1754 1548 1949 1602 studiis
1972 1547 2208 1602 vicissim
2228 1563 2321 1603 vos

724 1639 1073 1709 exstinguitis
1118 1640 1435 1707 (negotiatio
1478 1641 1621 1693 enim
1672 1640 2017 1694 latrocinium
2052 1653 2154 1702 est.
2189 1657 2316 1709 sup-

725 1729 974 1797 plantans
1001 1728 1219 1793 fratres,
1254 1740 1309 1783 et
1355 1731 1570 1798 rapiens
1613 1746 1733 1797 quae
1774 1731 1989 1785 illorum
2028 1750 2040 1783 :
2095 1733 2146 1785 id
2176 1732 2318 1801 quod

722 1829 777 1876 et
806 1820 1043 1875 latrones
1070 1820 1273 1876 faciunt
1302 1841 1313 1875 :
1345 1823 1605 1876 invadunt
1636 1824 1779 1876 enim
1814 1824 2065 1885 viatores,
2120 1832 2173 1877 ut
2202 1820 2319 1877 illo-

2422 626 2531 697 γάρ
2560 642 2645 687 τις
2674 625 2914 695 ἐραστὴς
2968 624 3113 693 παρά
3160 626 3260 692 τῆς
3312 622 3602 693 ἐρωμένης
3644 620 4029 690 καταφρονούο

2426 733 2608 785 μενος,
2640 715 2814 778 οὕτως
2842 713 3196 767 ἀνακαλεῖται
3220 711 3320 782 τὴν
3350 710 3632 781 μοιχαλίδα
3654 712 4027 782 Συναγωγήνο

2403 807 2664 860 ’δείκνυσι
2694 808 2749 859 δέ
2787 809 2881 859 καὶ
2908 807 3007 877 τὴν
3058 806 3269 858 οἰκείαν
3293 804 3728 875 φιλανθρωπίαν,
3771 805 3857 856 ὅτι
3897 805 4027 857 πολ·

2423 902 2582 963 λάκις
2601 899 2869 968 ἠθέλησεν
2914 901 3343 966 ἐπισυναγαγεῖν
3372 898 3594 959 αὐτοὺς,
3624 899 3719 950 καὶ
3750 898 3854 967 τὴν
3880 897 4025 950 ἐκεί-

2423 1008 2529 1043 νων
2556 990 2815 1042 ἀπόνοιαν
2840 989 3119 1058 σημαίνει,
3150 990 3209 1040 ἐν
3232 986 3311 1055 τῷ
3335 987 3531 1050 εἰπεῖν,
3562 987 3646 1038 ὅτι
3672 987 3789 1039 Οὐκ
3829 985 4030 1055 ἠθελή-

2426 1096 2555 1133 σατε
2584 1094 2598 1108 ⁸
2634 1078 2842 1147 ἀφίημι
2874 1078 3060 1131 λοιπὸν
3113 1078 3279 1147 ὑμᾶς.
3318 1075 3590 1129 Τοσοῦτον
3619 1076 3730 1145 γάρ
3784 1076 4028 1146 ἐμίσησα

2422 1170 2523 1242 τὴν
2551 1169 2816 1240 πονηρίαν
2869 1168 3045 1239 ὑμῶν,
3075 1169 3218 1222 ὥστε
3249 1168 3370 1220 οὐδὲ
3420 1168 3514 1221 τὸν
3544 1166 3669 1221 ναὸν
3700 1168 3849 1236 λέγω
3881 1163 4027 1220 οἶκόν

2428 1278 2531 1331 μου
2560 1256 2726 1324 εἶναι,
2759 1260 2875 1314 ἀλλ’
2904 1257 3054 1315 οἷκον
3083 1260 3239 1331 ὑμῶν
3261 1277 3275 1291 ·
3304 1261 3433 1331 ἄχρι
3467 1261 3578 1331 γὰρ
3610 1262 4029 1317 ἐνεπολιτεύετο

2427 1353 2613 1423 ὑμῖνη
2645 1352 2837 1423 ἀρετὴ,
2865 1352 2962 1405 καὶ
2987 1353 3018 1405 ό
3046 1352 3171 1415 ναὸς
3196 1351 3328 1421 ἐμὸς
3357 1347 3427 1421 ἦν
3453 1368 3468 1384 ·
3508 1354 3631 1405 ἐπεὶ
3660 1352 3716 1406 δι
3740 1354 3837 1406 καὶ
3864 1354 4029 1407 αὑτὸν

2425 1446 2710 1513 ἐμιάνατε,
2756 1448 2851 1498 καὶ⁷
2880 1445 3147 1516 ἐμπόριον
3187 1446 3282 1497 καὶ
3353 1446 3624 1515 σπήλαιον
3675 1447 3902 1519 λῃστῶν
3931 1464 4027 1500 πε-

2425 1538 2693 1607 ποιήκατε
2724 1539 2846 1599 ταῖς
2878 1537 3101 1598 πολλαῖς
3145 1536 3498 1607 καπηλείαις,
3523 1540 3621 1591 καὶ
3654 1539 3733 1608 τῷ
3762 1541 4028 1610 φιλοχρη-

2428 1628 2584 1697 μάτῳ
2620 1627 2718 1696 τῆς
2768 1626 2995 1695 γνώμης
3037 1627 3302 1694 ἀλλήλους
3337 1627 3801 1689 ἀποκτιννύοντες
3825 1646 3841 1661 ο
3870 1628 4030 1681 τοῦτο

2424 1718 2533 1788 γάρ
2562 1720 2710 1770 ἐστιν
2740 1721 2773 1787 ἡ
2804 1720 3161 1788 πραγματεία
3182 1720 3279 1787 τῆς
3313 1718 3569 1790 λῃστείας
3591 1720 4028 1784 ὑποσκελίζουσα

2422 1810 2514 1862 τὸν
2567 1811 2796 1879 ἀδελφὸν
2850 1811 2945 1864 καὶ
2993 1811 3323 1880 ἀρπάζουσα
3388 1811 3456 1865 τὰ
3520 1811 3726 1865 αὐτοῦ’
3791 1812 3819 1864 δ
3850 1815 3947 1865 καὶ
3982 1814 4029 1864 οί

727 1926 845 1965 rum
874 1912 1009 1966 b0na
1046 1914 1301 1983 rapiant),
1338 1923 1390 1966 et
1425 1913 1678 1980 quoniam
1713 1914 2022 1983 speluncam
2042 1915 2313 1968 latronum

2429 1903 2623 1974 λῃσταὶ
2655 1902 2892 1965 ποιοῦσι,
2933 1902 3355 1971 συμποδίζοντες
3396 1905 3505 1975 γάρ
3539 1905 3668 1967 τοὺς
3699 1906 3912 1969 ὁδίτας,
3944 1905 4036 1957 οῦ-

727 2003 985 2071 templum
1036 2002 1242 2058 fecistis
1300 2020 1395 2072 per
1440 2006 1864 2071 negotiationum
1907 2006 2142 2075 speciem
2188 2022 2323 2076 quas

726 2096 779 2147 in
814 2095 928 2163 ipso
956 2097 1218 2150 orationis
1247 2098 1362 2150 loco
1387 2097 1669 2151 faciebatis
1697 2114 1711 2151 :
1754 2112 1858 2151 non
1894 2099 2032 2151 ultra
2068 2115 2186 2153 mea
2216 2101 2318 2153 erit

724 2189 942 2254 domus,
977 2188 1072 2243 sed
1106 2198 1305 2245 vestra.
1345 2189 1459 2244 Non
1500 2191 1672 2243 solum
1723 2200 1901 2243 autem
1943 2192 2201 2259 templum
2236 2192 2321 2245 in-

727 2282 938 2350 telligas
961 2283 1204 2343 domum,
1240 2285 1333 2336 sed
1364 2292 1412 2335 i-t
1435 2298 1651 2336 omnem
1671 2284 2077 2352 generationem
2106 2283 2321 2338 .Iudten-

733 2389 874 2427 rum.
922 2372 1071 2427 Solet
1099 2375 1242 2427 enim
1279 2374 1558 2443 Scriptura
1590 2384 1644 2429 et
1688 2391 1857 2443 genus
1888 2376 2105 2429 domum
2140 2376 2322 2444 appel-

730 2465 865 2529 lare,
905 2477 959 2519 nt
993 2484 1006 2519 :
1047 2485 1063 2515 ι
1106 2466 1308 2520 Domus
1354 2466 1506 2531 Levi,
1543 2467 1847 2521 benedicite
1881 2467 2166 2522 Dominum
2198 2470 2262 2522 ⁸³.
2299 2488 2315 2520 ι

729 2559 788 2613 Ει
816 2558 917 2614 huc
940 2559 1059 2613 loco
1084 2569 1260 2627 potest
1278 2560 1526 2630 intelligi,
1551 2559 1749 2614 Domus
1776 2569 1951 2615 vestra
1975 2561 2320 2629 relinquitur,

733 2653 833 2705 boc
867 2663 971 2717 est,
1000 2663 1433 2721 genusvestrum
1470 2654 1801 2721 relinquitur
1848 2670 1875 2705 a
1914 2668 1999 2707 me
2031 2672 2042 2707 :
2084 2654 2225 2709 sicut
2268 2665 2323 2709 et

733 2756 829 2805 per
855 2742 1170 2809 prolibetam
1207 2743 1334 2804 alibi
1367 2743 1519 2807 dicit,
1565 2742 1836 2813 Dereliqui
1866 2744 2085 2797 domum
2121 2760 2319 2807 meam,

735 2830 1106 2886 luereditatem
1152 2848 1326 2887 meam
1354 2834 1568 2902 reliqui.
1615 2833 1842 2887 Domum
1876 2834 2021 2889 enim
2057 2835 2166 2891 illic
2194 2838 2323 2891 dicit

731 2923 1026 2979 lsraelitas.
1081 2925 1333 2980 Ostendit
1381 2936 1561 2980 autem
1603 2928 1748 2996 quod
1785 2938 1838 2981 et
1891 2940 2018 2982 ante
2064 2929 2167 2984 hoc
2208 2931 2323 2999 ipse

729 3029 823 3070 eos
881 3019 1240 3081 conservarit,
1279 3029 1333 3072 et
1380 3020 1447 3073 ab
1488 3018 1725 3074 inimicis
1762 3019 2027 3076 liberarit.
2079 3020 2322 3090 Denique

731 3106 922 3161 dicens
954 3127 964 3160 :
1002 3107 1118 3161 Non
1151 3123 1234 3163 me
1266 3110 1517 3164 videbitis
1542 3112 1714 3166 donec
1745 3112 1967 3177 dicatis,
1996 3113 2320 3171 Benedictus

2432 2016 2537 2059 τως
2567 1997 2664 2066 ἠδη
2713 1998 2782 2050 τά
2831 1996 3010 2049 αὐτῶν
3049 1988 3448 2063 ἀφαιροῦνταν
3488 1999 3611 2051 ἐπεὶ
3641 1994 3736 2051 οὖν
3784 1999 3878 2050 τὸν
3905 2000 4033 2051 ναὸν

2433 2087 2698 2153 σπήλαιον
2739 2085 2952 2156 λῃστῶν
2988 2090 3325 2154 πεποιήκατε
3385 2087 3472 2139 διὰ
3506 2088 3567 2139 τὸ
3620 2087 3726 2140 τῶν
3765 2106 4033 2158 πραγμαο

2430 2182 2597 2235 τειῶν
2652 2178 2812 2245 εἶδος,
2849 2179 2916 2242 ἃς
2958 2178 3191 2247 ὲναὺτῷ
3248 2178 3327 2250 τῷ
3385 2180 3483 2249 τῆς
3530 2182 3848 2251 προσευχῆς
3900 2181 4035 2252 οἴκῳ

2429 2276 2683 2339 ἐποιεῖτε,
2713 2272 2897 2325 οὐκετι
2932 2273 3063 2341 ἐμός
3090 2273 3236 2324 ἐστιν
3256 2268 3425 2335 οἶκος,
3449 2272 3566 2325 ἀλλ’
3596 2272 3753 2341 ὑμῶν
3774 2290 3786 2300 ·
3822 2274 3902 2327 Ού
3934 2274 4032 2343 μό-

2430 2382 2518 2418 νον
2546 2367 2601 2418 δὲ
2631 2366 2721 2417 τὸν
2754 2366 2878 2418 ναὸν
2909 2365 3125 2433 νοήσεις
3159 2358 3335 2429 οἶκον,
3379 2364 3514 2417 ἀλλά
3546 2364 3640 2416 καὶ
3670 2365 3769 2435 τὴν
3805 2365 4034 2418 ἃπασαν

2429 2459 2623 2528 γενεάν
2651 2458 2761 2512 τῶν
2799 2455 3090 2510 Ἰουδαίωνο
3121 2452 3230 2509 οἶδε
3261 2457 3369 2527 γὰρ
3404 2458 3437 2526 ή
3487 2456 3682 2527 Γραφὴ
3720 2459 3815 2509 καὶ
3857 2457 3916 2509 τὸ
3938 2458 4035 2523 γὲο

2431 2570 2520 2615 νος
2557 2548 2705 2606 οἷκον
2737 2548 3029 2621 ὀνομάζειν
3053 2566 3067 2579 ·
3116 2551 3191 2612 ὡς
3218 2550 3299 2610 τὸ,
3343 2568 3360 2600 ι
3390 2545 3553 2611 Οἶκος
3604 2549 3757 2611 Λευῖ,
3802 2550 4037 2618 εὐλογή-

2432 2663 2560 2700 σατε
2590 2646 2682 2699 τὸν
2711 2645 2937 2713 Κύριον.
2980 2662 2998 2695 ι
3037 2642 3334 2697 Κάνταῦθα
3383 2641 3476 2695 οῦν
3506 2642 3729 2696 δύναται
3768 2642 4036 2712 νοηθῆναι

2430 2739 2507 2800 τὸ,
2542 2732 2689 2799 οἷκος
2726 2736 2847 2789 ἀντὶ
2866 2733 2961 2787 τοῦ
2987 2734 3047 2787 τὸ
3074 2734 3233 2801 γένος
3259 2733 3416 2804 ὑμῶν
3449 2735 3670 2801 ἀφίεται
3703 2735 3836 2805 παρ’
3868 2733 4032 2804 ἐμοῦ,

2429 2830 2503 2894 ὡς
2534 2829 2628 2882 καὶ
2662 2828 2750 2881 διὰ
2781 2828 2873 2880 τοῦ
2921 2827 3203 2897 προφήτου
3252 2826 3487 2897 ἀλλαχοῦ
3524 2844 3713 2894 φησιν,
3762 2828 4042 2896 Ἐγκατα-

2431 2923 2657 2977 λέλοιπα
2686 2923 2777 2974 τὸν
2808 2918 2958 2974 οἶκόν
2992 2937 3116 2991 μου,
3143 2920 3332 2990 ἀφῆκα
3364 2922 3465 2990 τὴν
3491 2921 3864 2993 κληρονομίαν
3900 2940 4036 2993 μον

2430 3012 2578 3070 οἷκον
2604 3015 2715 3085 γὰρ
2740 3016 2860 3067 ἐκεῖ
2901 3015 3027 3078 τοὺς
3072 3013 3415 3083 Ἰσραηλίτας
3463 3016 3638 3087 φησί·
3676 3016 3919 3071 δείκνυσι
3947 3018 4036 3079 δὲ.

2428 3105 2511 3156 ὅτι
2538 3104 2634 3156 καὶ
2658 3102 2765 3173 πρὸ
2796 3102 2989 3155 τούτου
3017 3101 3183 3165 αὐτὸς
3230 3100 3299 3173 ἦν
3340 3104 3369 3156 ὁ
3400 3104 3647 3175 συνέχων
3680 3108 3904 3171 αὐτοὺς,
3937 3113 4041 3162 καὶ

728 3201 820 3268 qui
866 3202 1011 3253 venit
1043 3201 1095 3254 in
1146 3204 1369 3258 nomine
1401 3204 1611 3259 Domini
1645 3224 1660 3261 :
1696 3211 1992 3263 secundum
2043 3210 2316 3281 significat

2427 3194 2525 3246 τῶν
2557 3193 2769 3263 ἐχθρῶν
2804 3193 3098 3262 ῥυόμενος·
3144 3193 3201 3247 τὸ
3239 3193 3317 3258 δὲ,
3353 3196 3427 3248 Ού
3482 3198 3554 3266 μή
3594 3214 3661 3266 με
3694 3198 3842 3268 ἴδητε
3870 3200 4040 3268 ἄχρις

728 3290 890 3363 393
910 3293 1227 3361 adventum;
1250 3295 1593 3352 iuvoluntarii
1608 3301 1755 3354 enim
1772 3310 1900 3354 tunc
1920 3304 2326 3358 confitebuntur

731 3392 786 3437 et
819 3384 1155 3441 Salvatorem
1195 3397 1250 3441 et
1280 3388 1589 3455 Dominum,
1626 3392 1843 3460 quando
1870 3392 2001 3462 ipsis
2027 3396 2171 3450 nulla
2202 3397 2327 3451 inde

737 3472 947 3528 utilitas
981 3476 1215 3533 eveniet.
1266 3476 1404 3542 Quid
1439 3480 1638 3547 igitur?
1672 3480 1789 3535 Non
1832 3483 2082 3538 viderunt
2121 3487 2270 3541 illum
2295 3502 2323 3541 a

730 3582 839 3636 quo
867 3576 1107 3635 tempore
1136 3570 1251 3624 bzec
1275 3572 1448 3626 dixit?
1477 3572 1693 3641 Utique.
1725 3574 1918 3631 Dicens
1958 3580 2102 3632 enim
2140 3599 2151 3634 :
2207 3580 2322 3636 Non

735 3674 820 3713 me
846 3660 1099 3715 videbitis
1122 3677 1187 3715 ex
1214 3662 1304 3717 illo
1334 3673 1598 3734 tempore,
1645 3683 1751 3721 non
1798 3673 1985 3724 horam
2022 3687 2142 3741 quae
2195 3684 2325 3730 tunc

731 3760 851 3805 erat
884 3752 1173 3823 signiﬁcat,
1204 3756 1298 3809 sed
1329 3765 1541 3825 tempus
1570 3760 1712 3827 quod
1740 3771 1859 3830 post
1891 3778 2111 3817 crucem
2144 3783 2156 3820 :
2185 3768 2327 3821 sicut

732 3844 780 3899 si
823 3844 1050 3901 dixisset
1083 3864 1094 3901 :
1135 3848 1177 3901 A
1209 3858 1450 3924 tempore
1497 3865 1606 3919 quo
1655 3867 1742 3906 me
1770 3853 2183 3924 cruciﬂxeritis,
2219 3875 2324 3913 nun

734 3934 875 3989 ultra
907 3951 993 3992 me
1031 3936 1309 4004 videbitis,
1347 3941 1522 3996 donec
1554 3942 1796 3998 redeam.

1324 4164 1553 4221 CAPUT
1590 4165 1726 4221 XIV.

742 4291 813 4348 De
843 4296 1149 4366 hydropico.
1188 4296 1340 4361 Quod
1371 4315 1475 4353 non
1508 4298 1665 4353 liceat
1718 4301 1918 4355 antbire
1938 4292 2134 4366 primo:
2164 4322 2325 4360 accu-

805 4366 964 4418 bitus.
999 4364 1153 4431 Quod
1178 4366 1371 4421 'deceat
1424 4370 1590 4439 magis
1632 4386 1819 4424 vocare
1853 4364 2158 4428 ad'canam
2193 4392 2329 4439 pau-

804 4451 949 4502 peres
979 4453 1135 4501 quam
1169 4441 1387 4492 amicos.
1417 4438 1494 4492 De
1518 4438 1725 4495 ’vocatis
1770 4441 1838 4495 ad
1882 4458 2105 4499 caenam.
2155 4438 2329 4501 Pam-

805 4506 925 4560 bola
955 4508 1018 4560 de
1041 4508 1271 4576 wdiﬁcio
1297 4511 1479 4563 turris.

807 4688 989 4747 Vsas.‘
1022 4690 1135 4745 1-6.
1175 4710 1193 4744 ι
1230 4692 1299 4746 Ει
1326 4690 1529 4746 factum
1582 4701 1667 4748 est
1704 4708 1828 4749 cum
1859 4694 2108 4752 introiret
2142 4696 2194 4751 in
2225 4697 2325 4753 do-

732 4800 879 4838 mum
912 4783 1193 4853 cujusdam
1242 4785 1505 4855 principis
1556 4784 1953 4843 Pharisaeorum
1984 4788 2221 4844 Sabbato
2257 4790 2325 4847 ad

733 4877 1054 4946 capiendum
1084 4878 1287 4944 cibum,
1320 4888 1375 4933 et
1403 4879 1500 4949 ipsi
1529 4880 1892 4934 observabant
1920 4895 2066 4936 eum.
2107 4883 2174 4938 Et
2196 4897 2326 4939 ecce

742 4972 901 5025 homo
940 4971 1158 5039 quidam
1212 4971 1537 5041 hydropicus
1589 4982 1705 5025 erat
1743 4982 1871 5028 ante
1912 4972 2081 5028 illum.
2135 4976 2203 5031 Et
2242 4992 2327 5032 re—

739 5063 1016 5131 spondens
1057 5064 1213 5119 Jesus
1244 5066 1381 5119 dixit
1426 5066 1491 5119 ad
1527 5064 1868 5135 legisperitos
1919 5076 1973 5119 et
2006 5065 2330 5135 Pbarisaaos,

735 5157 921 5211 dicens
954 5176 964 5211 :
995 5154 1134 5211 Num
1168 5159 1292 5212 licet
1319 5157 1554 5212 Sabbato
1583 5158 1809 5212 sanare?
1834 5158 1995 5213 Atilii
2025 5169 2333 5217 tacuerunt.

737 5246 857 5315 Ipse
913 5262 1041 5302 vero
1077 5251 1476 5317 apprehensum
1528 5250 1744 5304 sanavit
1800 5264 1949 5311 eum.
2000 5265 2063 5305 ac
2101 5252 2326 5307 dimisit.

738 5340 805 5394 Et
839 5345 1169 5410 respondens
1196 5341 1263 5395 ad
1300 5342 1419 5395 illos
1466 5344 1636 5397 dixit:
1665 5342 1832 5411 Cujus
1866 5355 2107 5399 vestrum
2140 5347 2327 5402 asinus

740 5434 950 5489 autbos
979 5435 1031 5489 in
1074 5446 1291 5506 puteum
1334 5436 1510 5501 cadet,
1552 5446 1605 5491 et
1635 5452 1737 5492 non
1771 5438 2031 5493 continuo
2078 5441 2330 5495 extrahet

742 5528 891 5579 illum
936 5528 985 5580 in
1011 5527 1097 5581 die
1132 5527 1394 5582 Sabbati?
1431 5526 1494 5579 Et
1534 5541 1641 5581 non
1692 5536 1946 5597 poterant
1989 5528 2055 5582 ad
2095 5529 2209 5584 haec
2245 5546 2331 5584 re-

738 5621 1007 5690 spondere
1040 5621 1137 5676 illi.
1179 5639 1197 5673 ι
1242 5623 1501 5676 Dominus
1541 5622 1673 5677 satis
1698 5622 1877 5678 sciens
1925 5621 2326 5677 Pharisaeorum

738 5716 1139 5781 morositatem,
1198 5715 1503 5785 ingreditur
1554 5715 1605 5771 in
1667 5729 1851 5772 eorum
1908 5715 2120 5774 domos.
2174 5698 2331 5773 Curae

818 5901 861 5931 “
891 5898 1031 5958 Psal.
1075 5917 1294 5971 currv,
1330 5901 1419 5959 20.

2432 3284 2498 3337 ἂν
2519 3283 2713 3353 εἴπητε
2734 3323 2750 3349 ,
2781 3283 3162 3354 Εὐλογημένος
3193 3288 3221 3338 ό
3252 3286 3544 3356 ἐρχόμενος
3567 3289 3625 3341 ἐν
3656 3290 3887 3359 ὀνόματι
3917 3294 4043 3346 Κυ-

2431 3375 2584 3447 ρίου·
2620 3375 2717 3446 τὴν
2764 3376 3029 3445 δευτέραν
3073 3378 3330 3446 σημαίνει
3380 3381 3704 3449 παρουσίαν.
3749 3382 3885 3435 Τότε
3922 3385 4040 3456 γάρ

2430 3469 2524 3522 καὶ
2549 3467 2775 3530 ἄκοντες
2809 3467 3245 3538 ὁμολογήσουσιν
3286 3471 3451 3524 αὐτὸν
3506 3473 3738 3543 Σωτῆρα
3788 3476 3886 3527 καὶ
3921 3478 4041 3529 Κύ-

2430 3575 2567 3628 ριον,
2626 3560 2715 3612 ὅτε
2764 3558 2950 3620 αὐτοῖς
3004 3559 3157 3612 οὐδὲν
3192 3559 3404 3630 ὄφελος.
3455 3564 3520 3615 Τί
3558 3560 3687 3630 οὖνς
3748 3568 3848 3619 οὐκ
3891 3562 4040 3621 εἶδον

2429 3652 2591 3706 αὑτὸν
2625 3654 2720 3722 ἀφ’
2748 3646 2809 3707 οὗ
2839 3653 3015 3707 ταῦτα
3038 3648 3196 3718 εἶπε;
3237 3656 3345 3707 Καὶ
3369 3656 3520 3724 μάλα
3548 3674 3561 3687 ⁸
3594 3658 3725 3712 ὅταν
3747 3654 3841 3711 οῦν
3872 3659 4037 3731 λέγῃ,

2428 3747 2510 3800 ὅτι
2560 3747 2633 3799 Ού
2670 3763 2737 3818 με
2775 3746 2923 3818 ῖδητε
2989 3746 3099 3800 ἀπὸ
3128 3745 3223 3800 τοῦ
3258 3747 3372 3812 νῦν,
3408 3750 3526 3820 οὐχὶ
3571 3751 3672 3820 τὴν
3720 3751 3845 3805 τότε
3880 3752 4040 3821 ῶραν

2432 3837 2711 3908 σημαίνει,
2734 3838 2871 3891 ἀλλά
2901 3838 2991 3891 τὸν
3023 3840 3161 3909 μετά
3185 3839 3275 3893 τὸν
3309 3845 3543 3913 σταυρδν
3574 3844 3768 3913 χρόνον
3794 3859 3807 3871 ·
3837 3844 4039 3915 ῶσπερ

2432 3930 2496 3985 ἂν
2538 3931 2585 3982 εί
2621 3927 2797 3993 εῐπεν,
2839 3930 2960 3998 ’Acp'
2991 3925 3053 3985 οὗ
3099 3948 3166 4001 με
3204 3932 3572 4003 σταυρώσετε,
3626 3938 3814 3992 οὐκέτι
3849 3940 3913 3992 ού
3954 3942 4037 4011 μή

2432 4041 2502 4094 με
2533 4023 2702 4096 ίδητε,
2735 4023 2899 4094 ἄχρις
2920 4025 2987 4079 ἂν
3014 4026 3176 4081 πάλιν
3197 4026 3355 4082 ἔλθω.

3040 4162 3296 4217 ΚΕΦΑΛ.
3333 4165 3428 4218 IA'.

2430 4298 2571 4367 Περὶ
2617 4298 2725 4354 τοῦ
2763 4300 3127 4373 ὐὸωπικοῦ,
3175 4301 3316 4373 Περὶ
3348 4301 3457 4356 τοῦ
3509 4300 3598 4373 μὴ
3655 4303 3904 4373 ἀγαπᾷν
3929 4306 4044 4373 τὰς

2502 4370 2965 4453 πρωτοκλισίας.
2986 4370 3132 4453 ﬂpr
3157 4370 3619 4453 _toa?_:tth_o_i:c_
3649 4370 3901 4453 prima
3919 4452 3925 4453 γ
3946 4370 4045 4442 ειε-

2503 4439 2580 4511 to
2601 4439 2853 4494 δεῖπνον
2889 4442 3119 4503 καλεῖν.
3152 4444 3186 4510 ἢ
3215 4444 3455 4511 φίλους.
3484 4444 3623 4511 Περὶ
3651 4439 3775 4497 τῶν
3810 4439 4043 4503 κα.ιουὲ

2364 4552 2410 4609 D
2853 4512 2933 4578 τῷ
2971 4509 3385 4581 calamum
3444 4509 3769 4586 οίκόδομῆς
3800 4520 4038 4590 κύρτου

2509 4596 2667 4650 παρα
2672 4581 2819 4648 ϐολή
2829 4619 2843 4635 .

2507 4714 2527 4748 ι
2564 4696 2676 4750 Καὶ
2707 4695 2925 4766 ἐγένετο
2953 4697 3011 4749 ἐν
3041 4695 3121 4768 τῷ
3155 4697 3422 4753 εἰσελθεῖν
3451 4699 3619 4754 αὐτὸν
3652 4701 3733 4766 είς
3772 4697 3931 4757 οῐκόν
3956 4723 4037 4759 τι-

2429 4806 2519 4853 νος
2548 4789 2656 4843 τῶν
2691 4789 2971 4862 ἀρχόντων
3003 4790 3113 4844 τῶν
3138 4792 3450 4862 Φαρισαίων
3507 4792 3798 4865 Σαϐϐάτῳ.
3832 4799 4037 4865 φαγεῖν

2431 4882 2619 4953 ἄρτον,
2653 4883 2746 4935 καὶ
2793 4882 2953 4937 αὐτοὶ
2979 4879 3119 4956 ἦσαν
3166 4882 3649 4958 παρατηρούμενοι
3696 4888 3891 4942 αὐτόν.
3927 4889 4037 4942 Καὶ

2436 4974 2546 5028 ίδοὺ
2578 4975 2867 5047 ἄνθρωπός
2893 4993 2978 5040 τις
3020 4972 3090 5048 ἦν
3122 4977 3430 5050 ὑδρωπικὸς
3468 4980 3790 5051 ἔμπροσθεν
3838 4984 4035 5039 αὐτοῦ.

2436 5070 2543 5123 Καὶ
2574 5068 2896 5141 ἀποκριθεὶς
2929 5072 2958 5123 ό
2994 5070 3200 5141 Ἰησοῦς
3234 5066 3354 5126 εἷπε
3391 5072 3528 5143 πρὸς
3554 5076 3682 5137 τοὺς
3698 5076 4034 5146 Φαρισαίους

2435 5159 2529 5212 καὶ
2559 5162 2837 5229 νομικοὺς,
2876 5158 3049 5227 λέγων
3073 5176 3086 5189 °
3124 5161 3185 5214 Ei
3217 5162 3393 5229 ἔξεστι
3425 5163 3758 5233 θεραπεύειν
3781 5170 3841 5220 ἐν
3892 5168 4034 5221 Σαδο

2432 5249 2612 5321 6ἀτῳ;
2675 5252 2738 5304 Οἱ
2768 5250 2824 5304 δὲ
2860 5250 3167 5321 ἡσύχασαν.
3209 5253 3317 5306 Καὶ
3378 5254 3782 5325 ἐπιλαϐόμενος
3839 5260 4032 5313 ἰάσατο

2428 5344 2607 5408 αὑτὸν,
2662 5346 2759 5398 καὶ
2800 5346 3063 5400 ἀπέλυσε.
3122 5346 3230 5400 Καὶ
3273 5348 3597 5419 ἀποκριθεὶς
3649 5351 3784 5421 πρὸ,
3829 5355 4032 5418 αὐτοῦς

2426 5431 2548 5490 εἷπε
2578 5453 2589 5466 ·
2612 5437 2769 5501 Τίνος
2798 5437 2951 5508 ὑμῶν
2976 5438 3098 5502 δνος
3133 5437 3165 5508 ἢ
3202 5437 3325 5510 βοῦς
3364 5442 3443 5504 είς
3471 5441 3652 5514 φρέαρ
3681 5445 4030 5514 ἐμπεσεῖται,

2430 5531 2648 5583 κα“ιοὺκ
2680 5529 2885 5594 εὐθέως
2925 5532 3236 5586 ἀνασπάσει
3261 5532 3425 5586 αὑτὸν
3457 5536 3515 5587 ἐν
3566 5537 3634 5607 τῇ
3685 5537 3877 5611 ἡμέρᾳ
3938 5537 4029 5593 τοῦ

2430 5624 2747 5691 Σαόσάτου;
2808 5624 2919 5679 Καὶ
2948 5625 3048 5679 οὐκ
3095 5627 3327 5698 ἴσχυσαν
3369 5628 3853 5701 ἀνταποκριθῆναι
3886 5625 4029 5703 αὐτῷ

2433 5718 2568 5785 πρὸς
2598 5716 2795 5774 ταῦτα.
2842 5737 2861 5773 ι
2917 5719 2979 5775 Εἰ
3011 5720 3105 5775 καὶ.
3155 5720 3424 5792 ἐγίνωσκε
3469 5722 3532 5776 τὸ
3569 5720 3883 5796 δύστροπον
3925 5724 4029 5782 τῶν
