  <div class='ocr_page' id='page_1' title='image "/cluster/home/n/w/nwhite01/storage/ocr_20150623/123/nnc1.0046979670/504.png"; bbox 0 0 4256 6432; ppageno 0'>
   <div class='ocr_carea' id='block_1_1' title="bbox 256 435 373 500">
    <p class='ocr_par' dir='ltr' id='par_1_1' title="bbox 256 435 373 500">
     <span class='ocr_line' id='line_1_1' title="bbox 256 435 373 500; baseline 0 0"><span class='ocrx_word' id='word_1_1' title='bbox 256 435 373 500; x_wconf 73' lang='grc'><strong>929</strong></span> 
     </span>
    </p>
   </div>
   <div class='ocr_carea' id='block_1_2' title="bbox 1057 421 2917 487">
    <p class='ocr_par' dir='ltr' id='par_1_2' title="bbox 1057 421 2917 487">
     <span class='ocr_line' id='line_1_2' title="bbox 1057 421 2917 487; baseline -0.001 -1"><span class='ocrx_word' id='word_1_2' title='bbox 1057 423 1504 487; x_wconf 78' lang='lat' dir='ltr'><strong>ENARRATIO</strong></span> <span class='ocrx_word' id='word_1_3' title='bbox 1546 423 1627 483; x_wconf 74' lang='grc' dir='ltr'><strong>ΙΝ</strong></span> <span class='ocrx_word' id='word_1_4' title='bbox 1668 421 2176 484; x_wconf 73' lang='lat' dir='ltr'><strong>EVANGELIUM</strong></span> <span class='ocrx_word' id='word_1_5' title='bbox 2219 423 2536 486; x_wconf 61' lang='lat' dir='ltr'><strong>LUCE—</strong></span> <span class='ocrx_word' id='word_1_6' title='bbox 2566 423 2727 483; x_wconf 83' lang='lat' dir='ltr'><strong>CAP.</strong></span> <span class='ocrx_word' id='word_1_7' title='bbox 2761 423 2917 484; x_wconf 81' lang='lat' dir='ltr'><strong>XIV.</strong></span> 
     </span>
    </p>
   </div>
   <div class='ocr_carea' id='block_1_3' title="bbox 3454 417 3581 487">
    <p class='ocr_par' dir='ltr' id='par_1_3' title="bbox 3454 417 3581 487">
     <span class='ocr_line' id='line_1_3' title="bbox 3454 417 3581 487; baseline 0.047 -6"><span class='ocrx_word' id='word_1_8' title='bbox 3454 417 3581 487; x_wconf 67' lang='lat'><strong>~930</strong></span> 
     </span>
    </p>
   </div>
   <div class='ocr_carea' id='block_1_4' title="bbox 258 525 1873 617">
    <p class='ocr_par' dir='ltr' id='par_1_4' title="bbox 258 530 1856 617">
     <span class='ocr_line' id='line_1_4' title="bbox 258 530 1856 617; baseline -0.011 -16"><span class='ocrx_word' id='word_1_9' title='bbox 258 543 572 617; x_wconf 61' lang='lat' dir='ltr'><strong>Oaptcatimv</strong></span> <span class='ocrx_word' id='word_1_10' title='bbox 593 542 622 596; x_wconf 94' lang='lat'><strong>6</strong></span> <span class='ocrx_word' id='word_1_11' title='bbox 650 539 876 610; x_wconf 76' lang='grc' dir='ltr'>Κύριος,</span> <span class='ocrx_word' id='word_1_12' title='bbox 901 536 1052 604; x_wconf 80' lang='grc' dir='ltr'>ὅμως</span> <span class='ocrx_word' id='word_1_13' title='bbox 1088 533 1250 587; x_wconf 85' lang='grc' dir='ltr'>εἰσίει</span> <span class='ocrx_word' id='word_1_14' title='bbox 1279 534 1362 597; x_wconf 85' lang='grc' dir='ltr'><strong>είς</strong></span> <span class='ocrx_word' id='word_1_15' title='bbox 1387 533 1514 595; x_wconf 75' lang='grc' dir='ltr'>τοὺς</span> <span class='ocrx_word' id='word_1_16' title='bbox 1538 532 1725 594; x_wconf 77' lang='grc' dir='ltr'>οἴκους</span> <span class='ocrx_word' id='word_1_17' title='bbox 1759 530 1856 584; x_wconf 84' lang='grc' dir='ltr'><strong>αὺ-</strong></span> 
     </span>
    </p>
   </div>
   <div class='ocr_carea' id='block_1_5' title="bbox 1980 525 3583 617">
    <p class='ocr_par' dir='ltr' id='par_1_5' title="bbox 1980 525 3583 597">
     <span class='ocr_line' id='line_1_5' title="bbox 1980 525 3583 597; baseline -0.003 -13"><span class='ocrx_word' id='word_1_18' title='bbox 1980 531 2108 584; x_wconf 74' lang='lat' dir='ltr'><strong>:uiin</strong></span> <span class='ocrx_word' id='word_1_19' title='bbox 2134 532 2180 585; x_wconf 90' lang='lat' dir='ltr'><strong>ei</strong></span> <span class='ocrx_word' id='word_1_20' title='bbox 2209 542 2328 585; x_wconf 85' lang='lat' dir='ltr'><strong>erat</strong></span> <span class='ocrx_word' id='word_1_21' title='bbox 2362 536 2672 586; x_wconf 88' lang='lat' dir='ltr'><strong>animarum</strong></span> <span class='ocrx_word' id='word_1_22' title='bbox 2707 529 2937 593; x_wconf 76' lang='lat' dir='ltr'><strong>utilitas,</strong></span> <span class='ocrx_word' id='word_1_23' title='bbox 2965 535 3019 582; x_wconf 88' lang='lat' dir='ltr'><strong>et</strong></span> <span class='ocrx_word' id='word_1_24' title='bbox 3059 533 3348 595; x_wconf 72' lang='lat' dir='ltr'><strong>propterea</strong></span> <span class='ocrx_word' id='word_1_25' title='bbox 3376 525 3583 597; x_wconf 76' lang='lat' dir='ltr'><strong>ingres-</strong></span> 
     </span>
    </p>
   </div>
   <div class='ocr_carea' id='block_1_6' title="bbox 259 615 1860 701">
    <p class='ocr_par' dir='ltr' id='par_1_6' title="bbox 259 615 1860 701">
     <span class='ocr_line' id='line_1_6' title="bbox 259 615 1860 701; baseline -0.014 -10"><span class='ocrx_word' id='word_1_26' title='bbox 259 615 405 692; x_wconf 66' lang='grc' dir='ltr'>τῶνε</span> <span class='ocrx_word' id='word_1_27' title='bbox 442 630 710 701; x_wconf 82' lang='grc' dir='ltr'>ὠφελείας</span> <span class='ocrx_word' id='word_1_28' title='bbox 741 629 853 697; x_wconf 78' lang='grc' dir='ltr'><strong>γὰρ</strong></span> <span class='ocrx_word' id='word_1_29' title='bbox 880 623 1071 695; x_wconf 80' lang='grc' dir='ltr'>ψυχῶν</span> <span class='ocrx_word' id='word_1_30' title='bbox 1099 622 1412 692; x_wconf 72' lang='grc' dir='ltr'>έφρόντιζε,</span> <span class='ocrx_word' id='word_1_31' title='bbox 1448 620 1542 672; x_wconf 79' lang='grc' dir='ltr'>καὶ</span> <span class='ocrx_word' id='word_1_32' title='bbox 1575 617 1667 672; x_wconf 80' lang='grc' dir='ltr'><strong>διὰ</strong></span> <span class='ocrx_word' id='word_1_33' title='bbox 1699 615 1860 671; x_wconf 90' lang='grc' dir='ltr'>τοῦτο</span> 
     </span>
    </p>
   </div>
   <div class='ocr_carea' id='block_1_7' title="bbox 259 709 1861 799">
    <p class='ocr_par' dir='ltr' id='par_1_7' title="bbox 259 709 1861 799">
     <span class='ocr_line' id='line_1_7' title="bbox 259 709 1861 799; baseline -0.013 -16"><span class='ocrx_word' id='word_1_34' title='bbox 259 728 555 799; x_wconf 72' lang='grc' dir='ltr'><strong>εἰσήρχετο</strong></span> <span class='ocrx_word' id='word_1_35' title='bbox 578 742 593 757; x_wconf 76' lang='grc' dir='ltr'><strong>ο</strong></span> <span class='ocrx_word' id='word_1_36' title='bbox 629 723 663 793; x_wconf 73' lang='grc' dir='ltr'><strong>ἢ</strong></span> <span class='ocrx_word' id='word_1_37' title='bbox 694 720 800 790; x_wconf 84' lang='grc' dir='ltr'>γὰρ</span> <span class='ocrx_word' id='word_1_38' title='bbox 852 720 918 771; x_wconf 83' lang='grc' dir='ltr'>ἐκ</span> <span class='ocrx_word' id='word_1_39' title='bbox 964 717 1127 785; x_wconf 80' lang='grc' dir='ltr'>λόγου</span> <span class='ocrx_word' id='word_1_40' title='bbox 1174 715 1270 768; x_wconf 76' lang='grc' dir='ltr'>καὶ</span> <span class='ocrx_word' id='word_1_41' title='bbox 1317 710 1693 776; x_wconf 69' lang='grc' dir='ltr'><strong>διδασκαλίας,</strong></span> <span class='ocrx_word' id='word_1_42' title='bbox 1727 709 1759 779; x_wconf 82' lang='grc' dir='ltr'><strong>ἦ</strong></span> <span class='ocrx_word' id='word_1_43' title='bbox 1796 710 1861 762; x_wconf 80' lang='grc' dir='ltr'>ὲκ</span> 
     </span>
    </p>
   </div>
   <div class='ocr_carea' id='block_1_8' title="bbox 260 801 1859 893">
    <p class='ocr_par' dir='ltr' id='par_1_8' title="bbox 260 801 1859 893">
     <span class='ocr_line' id='line_1_8' title="bbox 260 801 1859 893; baseline -0.013 -18"><span class='ocrx_word' id='word_1_44' title='bbox 260 819 508 893; x_wconf 76' lang='grc' dir='ltr'><strong>σημείων</strong></span> <span class='ocrx_word' id='word_1_45' title='bbox 541 814 855 880; x_wconf 66' lang='grc' dir='ltr'>ἐπιδείξεως</span> <span class='ocrx_word' id='word_1_46' title='bbox 882 809 1108 866; x_wconf 81' lang='grc' dir='ltr'>δυνατὸν</span> <span class='ocrx_word' id='word_1_47' title='bbox 1143 803 1214 879; x_wconf 80' lang='grc' dir='ltr'>ἦν</span> <span class='ocrx_word' id='word_1_48' title='bbox 1274 806 1475 870; x_wconf 80' lang='grc' dir='ltr'>αὐτοὺς</span> <span class='ocrx_word' id='word_1_49' title='bbox 1503 801 1859 874; x_wconf 83' lang='grc' dir='ltr'>ὠφελεῖσθαι,</span> 
     </span>
    </p>
   </div>
   <div class='ocr_carea' id='block_1_9' title="bbox 260 894 1864 982">
    <p class='ocr_par' dir='ltr' id='par_1_9' title="bbox 260 894 1864 982">
     <span class='ocr_line' id='line_1_9' title="bbox 260 894 1864 982; baseline -0.014 -13"><span class='ocrx_word' id='word_1_50' title='bbox 260 915 384 982; x_wconf 79' lang='grc' dir='ltr'>εἴγε</span> <span class='ocrx_word' id='word_1_51' title='bbox 403 909 716 982; x_wconf 67' lang='grc' dir='ltr'>ἠϐούλοντο.</span> <span class='ocrx_word' id='word_1_52' title='bbox 745 903 1118 974; x_wconf 81' lang='grc' dir='ltr'><strong>Παρελθόντος</strong></span> <span class='ocrx_word' id='word_1_53' title='bbox 1141 897 1236 955; x_wconf 84' lang='grc' dir='ltr'>οὖν</span> <span class='ocrx_word' id='word_1_54' title='bbox 1267 901 1348 962; x_wconf 87' lang='grc' dir='ltr'><strong>εἰς</strong></span> <span class='ocrx_word' id='word_1_55' title='bbox 1379 898 1545 968; x_wconf 84' lang='grc' dir='ltr'><strong>μέσον</strong></span> <span class='ocrx_word' id='word_1_56' title='bbox 1573 894 1672 950; x_wconf 84' lang='grc' dir='ltr'><strong>τοῦ</strong></span> <span class='ocrx_word' id='word_1_57' title='bbox 1691 894 1864 965; x_wconf 71' lang='grc' dir='ltr'>ὑδρωο</span> 
     </span>
    </p>
   </div>
   <div class='ocr_carea' id='block_1_10' title="bbox 264 983 1864 1069">
    <p class='ocr_par' dir='ltr' id='par_1_10' title="bbox 264 983 1864 1069">
     <span class='ocr_line' id='line_1_10' title="bbox 264 983 1864 1069; baseline -0.018 -8"><span class='ocrx_word' id='word_1_58' title='bbox 264 1004 452 1068; x_wconf 71' lang='grc' dir='ltr'>τικοῦ,</span> <span class='ocrx_word' id='word_1_59' title='bbox 479 1002 507 1053; x_wconf 88' lang='grc' dir='ltr'><strong>ό</strong></span> <span class='ocrx_word' id='word_1_60' title='bbox 542 1000 744 1069; x_wconf 82' lang='grc' dir='ltr'>Κύριος</span> <span class='ocrx_word' id='word_1_61' title='bbox 771 996 832 1049; x_wconf 81' lang='grc' dir='ltr'>οὐ</span> <span class='ocrx_word' id='word_1_62' title='bbox 859 993 1020 1046; x_wconf 85' lang='grc' dir='ltr'>τοῦτο</span> <span class='ocrx_word' id='word_1_63' title='bbox 1044 991 1377 1060; x_wconf 73' lang='grc' dir='ltr'>ἑσκόπησεν,</span> <span class='ocrx_word' id='word_1_64' title='bbox 1411 988 1561 1048; x_wconf 85' lang='grc' dir='ltr'>ὅπως</span> <span class='ocrx_word' id='word_1_65' title='bbox 1587 983 1664 1055; x_wconf 82' lang='grc' dir='ltr'>μὴ</span> <span class='ocrx_word' id='word_1_66' title='bbox 1695 1000 1864 1037; x_wconf 79' lang='grc' dir='ltr'>σκαν·</span> 
     </span>
    </p>
   </div>
   <div class='ocr_carea' id='block_1_11' title="bbox 259 1074 1863 1169">
    <p class='ocr_par' dir='ltr' id='par_1_11' title="bbox 259 1074 1863 1169">
     <span class='ocr_line' id='line_1_11' title="bbox 259 1074 1863 1169; baseline -0.014 -18"><span class='ocrx_word' id='word_1_67' title='bbox 259 1097 456 1169; x_wconf 75' lang='grc' dir='ltr'>δαλίσῃ</span> <span class='ocrx_word' id='word_1_68' title='bbox 485 1093 708 1154; x_wconf 80' lang='grc' dir='ltr'>αὐτοὺς,</span> <span class='ocrx_word' id='word_1_69' title='bbox 740 1087 856 1143; x_wconf 81' lang='grc' dir='ltr'>ἀλλ’</span> <span class='ocrx_word' id='word_1_70' title='bbox 880 1088 1028 1148; x_wconf 85' lang='grc' dir='ltr'>ὅπως</span> <span class='ocrx_word' id='word_1_71' title='bbox 1061 1081 1405 1154; x_wconf 80' lang='grc' dir='ltr'>εὐεργετήσῃ</span> <span class='ocrx_word' id='word_1_72' title='bbox 1433 1078 1526 1132; x_wconf 83' lang='grc' dir='ltr'>τὸν</span> <span class='ocrx_word' id='word_1_73' title='bbox 1562 1074 1863 1147; x_wconf 73' lang='grc' dir='ltr'><strong>θεραπείας</strong></span> 
     </span>
    </p>
   </div>
   <div class='ocr_carea' id='block_1_12' title="bbox 259 1167 1864 1257">
    <p class='ocr_par' dir='ltr' id='par_1_12' title="bbox 259 1167 1864 1257">
     <span class='ocr_line' id='line_1_12' title="bbox 259 1167 1864 1257; baseline -0.015 -14"><span class='ocrx_word' id='word_1_74' title='bbox 259 1167 538 1257; x_wconf 85' lang='grc' dir='ltr'>δεόμενον.</span> <span class='ocrx_word' id='word_1_75' title='bbox 591 1185 684 1236; x_wconf 87' lang='grc' dir='ltr'>Δεῖ</span> <span class='ocrx_word' id='word_1_76' title='bbox 744 1181 855 1250; x_wconf 74' lang='grc' dir='ltr'><strong>γὰρ</strong></span> <span class='ocrx_word' id='word_1_77' title='bbox 909 1179 1080 1249; x_wconf 80' lang='grc' dir='ltr'>ἡμᾶς,</span> <span class='ocrx_word' id='word_1_78' title='bbox 1116 1174 1247 1228; x_wconf 72' lang='grc' dir='ltr'>ἔνθα</span> <span class='ocrx_word' id='word_1_79' title='bbox 1279 1171 1522 1242; x_wconf 79' lang='grc' dir='ltr'>ὠφέλεια</span> <span class='ocrx_word' id='word_1_80' title='bbox 1556 1167 1864 1223; x_wconf 77' lang='grc' dir='ltr'>ἀνακόπτει</span> 
     </span>
    </p>
   </div>
   <div class='ocr_carea' id='block_1_13' title="bbox 263 1257 1864 1352">
    <p class='ocr_par' dir='ltr' id='par_1_13' title="bbox 263 1257 1864 1352">
     <span class='ocr_line' id='line_1_13' title="bbox 263 1257 1864 1352; baseline -0.017 -16"><span class='ocrx_word' id='word_1_81' title='bbox 263 1282 412 1352; x_wconf 83' lang='grc' dir='ltr'>μάλα</span> <span class='ocrx_word' id='word_1_82' title='bbox 438 1277 632 1345; x_wconf 86' lang='grc' dir='ltr'>πολλὴ.</span> <span class='ocrx_word' id='word_1_83' title='bbox 671 1273 745 1345; x_wconf 80' lang='grc' dir='ltr'>μὴ</span> <span class='ocrx_word' id='word_1_84' title='bbox 779 1269 1090 1343; x_wconf 73' lang='grc' dir='ltr'><strong>φροντίζειν</strong></span> <span class='ocrx_word' id='word_1_85' title='bbox 1121 1267 1230 1322; x_wconf 84' lang='grc' dir='ltr'><strong>τῶν</strong></span> <span class='ocrx_word' id='word_1_86' title='bbox 1267 1265 1517 1338; x_wconf 82' lang='grc' dir='ltr'><strong>ἀνοήτως</strong></span> <span class='ocrx_word' id='word_1_87' title='bbox 1571 1257 1864 1316; x_wconf 84' lang='grc' dir='ltr'>σκανδαλι-</span> 
     </span>
    </p>
   </div>
   <div class='ocr_carea' id='block_1_14' title="bbox 258 1350 1863 1437">
    <p class='ocr_par' dir='ltr' id='par_1_14' title="bbox 258 1350 1863 1437">
     <span class='ocr_line' id='line_1_14' title="bbox 258 1350 1863 1437; baseline -0.016 -11"><span class='ocrx_word' id='word_1_88' title='bbox 258 1350 531 1437; x_wconf 66' lang='grc' dir='ltr'>ζοιιένων.</span> <span class='ocrx_word' id='word_1_89' title='bbox 575 1366 822 1436; x_wconf 87' lang='grc' dir='ltr'>Ἐλέγχει</span> <span class='ocrx_word' id='word_1_90' title='bbox 849 1363 907 1418; x_wconf 78' lang='grc' dir='ltr'>δὲ</span> <span class='ocrx_word' id='word_1_91' title='bbox 957 1362 1056 1433; x_wconf 77' lang='grc' dir='ltr'>τὴν</span> <span class='ocrx_word' id='word_1_92' title='bbox 1103 1358 1422 1432; x_wconf 78' lang='grc' dir='ltr'>ἀφροσύνην</span> <span class='ocrx_word' id='word_1_93' title='bbox 1449 1354 1561 1409; x_wconf 88' lang='grc' dir='ltr'><strong>τῶν</strong></span> <span class='ocrx_word' id='word_1_94' title='bbox 1607 1350 1863 1421; x_wconf 72' lang='grc' dir='ltr'>ἐγκαλεῖν</span> 
     </span>
    </p>
   </div>
   <div class='ocr_carea' id='block_1_15' title="bbox 265 1443 1868 1536">
    <p class='ocr_par' dir='ltr' id='par_1_15' title="bbox 265 1443 1868 1536">
     <span class='ocr_line' id='line_1_15' title="bbox 265 1443 1868 1536; baseline -0.012 -19"><span class='ocrx_word' id='word_1_95' title='bbox 265 1465 571 1536; x_wconf 75' lang='grc' dir='ltr'>μελλόντων</span> <span class='ocrx_word' id='word_1_96' title='bbox 599 1459 770 1530; x_wconf 84' lang='grc' dir='ltr'>αὐτῷ.</span> <span class='ocrx_word' id='word_1_97' title='bbox 811 1458 891 1512; x_wconf 84' lang='grc' dir='ltr'>διὸ</span> <span class='ocrx_word' id='word_1_98' title='bbox 925 1457 1022 1510; x_wconf 78' lang='grc' dir='ltr'>καὶ</span> <span class='ocrx_word' id='word_1_99' title='bbox 1066 1454 1272 1526; x_wconf 77' lang='grc' dir='ltr'>ἐρωτᾷ,</span> <span class='ocrx_word' id='word_1_100' title='bbox 1306 1452 1368 1506; x_wconf 85' lang='grc' dir='ltr'>Εί</span> <span class='ocrx_word' id='word_1_101' title='bbox 1400 1449 1581 1518; x_wconf 72' lang='grc' dir='ltr'>ἔξεστι</span> <span class='ocrx_word' id='word_1_102' title='bbox 1610 1446 1690 1518; x_wconf 85' lang='grc' dir='ltr'>τῷ</span> <span class='ocrx_word' id='word_1_103' title='bbox 1723 1443 1868 1500; x_wconf 82' lang='grc' dir='ltr'>Σαϐ-</span> 
     </span>
    </p>
   </div>
   <div class='ocr_carea' id='block_1_16' title="bbox 261 1539 1866 1628">
    <p class='ocr_par' dir='ltr' id='par_1_16' title="bbox 261 1539 1866 1628">
     <span class='ocr_line' id='line_1_16' title="bbox 261 1539 1866 1628; baseline -0.013 -17"><span class='ocrx_word' id='word_1_104' title='bbox 261 1557 415 1628; x_wconf 80' lang='grc' dir='ltr'>ϐάτῳ</span> <span class='ocrx_word' id='word_1_105' title='bbox 477 1552 839 1625; x_wconf 85' lang='grc' dir='ltr'>θεραπεύειν,</span> <span class='ocrx_word' id='word_1_106' title='bbox 895 1550 929 1621; x_wconf 82' lang='grc' dir='ltr'>ἢ</span> <span class='ocrx_word' id='word_1_107' title='bbox 979 1547 1077 1614; x_wconf 66' lang='lat' dir='ltr'><strong>ob;</strong></span> <span class='ocrx_word' id='word_1_108' title='bbox 1112 1543 1262 1617; x_wconf 67' lang='grc' dir='ltr'><strong>τΔρα</strong></span> <span class='ocrx_word' id='word_1_109' title='bbox 1294 1545 1404 1616; x_wconf 84' lang='grc' dir='ltr'>γὰρ</span> <span class='ocrx_word' id='word_1_110' title='bbox 1458 1543 1520 1598; x_wconf 86' lang='grc' dir='ltr'>οὑ</span> <span class='ocrx_word' id='word_1_111' title='bbox 1568 1539 1866 1613; x_wconf 81' lang='grc' dir='ltr'>προφανῶς</span> 
     </span>
    </p>
   </div>
   <div class='ocr_carea' id='block_1_17' title="bbox 260 1633 1866 1721">
    <p class='ocr_par' dir='ltr' id='par_1_17' title="bbox 260 1633 1866 1721">
     <span class='ocr_line' id='line_1_17' title="bbox 260 1633 1866 1721; baseline -0.011 -16"><span class='ocrx_word' id='word_1_112' title='bbox 260 1650 547 1721; x_wconf 79' lang='grc' dir='ltr'>καταγελᾷ</span> <span class='ocrx_word' id='word_1_113' title='bbox 575 1647 757 1702; x_wconf 86' lang='grc' dir='ltr'>αὐτῶν</span> <span class='ocrx_word' id='word_1_114' title='bbox 787 1645 862 1710; x_wconf 86' lang='grc' dir='ltr'><strong>ὡς</strong></span> <span class='ocrx_word' id='word_1_115' title='bbox 879 1644 1163 1715; x_wconf 73' lang='grc' dir='ltr'>ἀνοήτωνς</span> <span class='ocrx_word' id='word_1_116' title='bbox 1201 1642 1320 1708; x_wconf 88' lang='grc' dir='ltr'>είγε</span> <span class='ocrx_word' id='word_1_117' title='bbox 1347 1638 1440 1693; x_wconf 88' lang='grc' dir='ltr'><strong>τοῦ</strong></span> <span class='ocrx_word' id='word_1_118' title='bbox 1469 1636 1606 1692; x_wconf 83' lang='grc' dir='ltr'>Θεοῦ</span> <span class='ocrx_word' id='word_1_119' title='bbox 1632 1636 1694 1690; x_wconf 85' lang='grc' dir='ltr'>τὸ</span> <span class='ocrx_word' id='word_1_120' title='bbox 1723 1633 1866 1688; x_wconf 85' lang='grc' dir='ltr'>Σάϐ-</span> 
     </span>
    </p>
   </div>
   <div class='ocr_carea' id='block_1_18' title="bbox 260 1727 1865 1810">
    <p class='ocr_par' dir='ltr' id='par_1_18' title="bbox 260 1727 1865 1810">
     <span class='ocr_line' id='line_1_18' title="bbox 260 1727 1865 1810; baseline -0.013 -11"><span class='ocrx_word' id='word_1_121' title='bbox 260 1742 431 1798; x_wconf 88' lang='grc' dir='ltr'>ϐατον</span> <span class='ocrx_word' id='word_1_122' title='bbox 476 1741 892 1810; x_wconf 79' lang='grc' dir='ltr'>εὐλογήσαντος,</span> <span class='ocrx_word' id='word_1_123' title='bbox 929 1735 1089 1790; x_wconf 79' lang='grc' dir='ltr'>αὐτοὶ</span> <span class='ocrx_word' id='word_1_124' title='bbox 1146 1731 1452 1788; x_wconf 78' lang='grc' dir='ltr'>κωλύουσιν</span> <span class='ocrx_word' id='word_1_125' title='bbox 1507 1727 1865 1797; x_wconf 82' lang='grc' dir='ltr'>ἁγαθοποιεῖν</span> 
     </span>
    </p>
   </div>
   <div class='ocr_carea' id='block_1_19' title="bbox 261 1821 1861 1906">
    <p class='ocr_par' dir='ltr' id='par_1_19' title="bbox 261 1821 1861 1906">
     <span class='ocr_line' id='line_1_19' title="bbox 261 1821 1861 1906; baseline -0.013 -15"><span class='ocrx_word' id='word_1_126' title='bbox 261 1839 324 1891; x_wconf 69' lang='grc' dir='ltr'><strong>δν</strong></span> <span class='ocrx_word' id='word_1_127' title='bbox 361 1836 559 1906; x_wconf 85' lang='grc' dir='ltr'>τούτῳ,</span> <span class='ocrx_word' id='word_1_128' title='bbox 584 1834 682 1887; x_wconf 72' lang='grc' dir='ltr'>καὶ</span> <span class='ocrx_word' id='word_1_129' title='bbox 711 1828 960 1885; x_wconf 86' lang='grc' dir='ltr'>ποιοῦσιν</span> <span class='ocrx_word' id='word_1_130' title='bbox 993 1827 1129 1881; x_wconf 78' lang='grc' dir='ltr'>αὐτὸ</span> <span class='ocrx_word' id='word_1_131' title='bbox 1160 1826 1383 1888; x_wconf 87' lang='grc' dir='ltr'>πάντως</span> <span class='ocrx_word' id='word_1_132' title='bbox 1405 1821 1820 1890; x_wconf 76' lang='grc' dir='ltr'>ὲπικατάρατον</span> <span class='ocrx_word' id='word_1_133' title='bbox 1846 1833 1861 1884; x_wconf 80' lang='grc' dir='ltr'><strong>ς</strong></span> 
     </span>
    </p>
   </div>
   <div class='ocr_carea' id='block_1_20' title="bbox 275 1901 1862 2000">
    <p class='ocr_par' dir='ltr' id='par_1_20' title="bbox 275 1901 1862 2000">
     <span class='ocr_line' id='line_1_20' title="bbox 275 1901 1862 2000; baseline 0.008 -4"><span class='ocrx_word' id='word_1_134' title='bbox 275 1931 340 1984; x_wconf 79' lang='lat' dir='ltr'><strong>&#39;H</strong></span> <span class='ocrx_word' id='word_1_135' title='bbox 371 1928 481 2000; x_wconf 75' lang='grc' dir='ltr'><strong>γὰρ</strong></span> <span class='ocrx_word' id='word_1_136' title='bbox 507 1901 691 1998; x_wconf 50' lang='lat' dir='ltr'><strong>lintea</strong></span> <span class='ocrx_word' id='word_1_137' title='bbox 739 1925 774 1996; x_wconf 76' lang='grc' dir='ltr'>ἡ</span> <span class='ocrx_word' id='word_1_138' title='bbox 808 1922 977 1994; x_wconf 65' lang='grc' dir='ltr'>μηδὲν</span> <span class='ocrx_word' id='word_1_139' title='bbox 1004 1919 1170 1993; x_wconf 66' lang='grc' dir='ltr'>ἔργον</span> <span class='ocrx_word' id='word_1_140' title='bbox 1207 1917 1416 1988; x_wconf 64' lang='grc' dir='ltr'>ἀγαθὸν</span> <span class='ocrx_word' id='word_1_141' title='bbox 1470 1901 1862 1982; x_wconf 52' lang='grc' dir='ltr'><strong>ἐνδεχομένην</strong></span> 
     </span>
    </p>
   </div>
   <div class='ocr_carea' id='block_1_21' title="bbox 261 2005 1867 2090">
    <p class='ocr_par' dir='ltr' id='par_1_21' title="bbox 261 2005 1867 2090">
     <span class='ocr_line' id='line_1_21' title="bbox 261 2005 1867 2090; baseline -0.015 -11"><span class='ocrx_word' id='word_1_142' title='bbox 261 2024 366 2080; x_wconf 79' lang='grc' dir='ltr'>οὐκ</span> <span class='ocrx_word' id='word_1_143' title='bbox 397 2018 764 2090; x_wconf 71' lang='grc' dir='ltr'><strong>εὐλογημένη.</strong></span> <span class='ocrx_word' id='word_1_144' title='bbox 810 2014 949 2068; x_wconf 81' lang='grc' dir='ltr'>Ἀλλ’</span> <span class='ocrx_word' id='word_1_145' title='bbox 988 2007 1136 2070; x_wconf 73' lang='grc' dir='ltr'>οὗτοί</span> <span class='ocrx_word' id='word_1_146' title='bbox 1190 2027 1256 2081; x_wconf 82' lang='grc' dir='ltr'><strong>γε</strong></span> <span class='ocrx_word' id='word_1_147' title='bbox 1289 2008 1532 2079; x_wconf 82' lang='grc' dir='ltr'>γνόντες</span> <span class='ocrx_word' id='word_1_148' title='bbox 1554 2007 1679 2060; x_wconf 85' lang='grc' dir='ltr'>ὅποι</span> <span class='ocrx_word' id='word_1_149' title='bbox 1709 2005 1867 2074; x_wconf 83' lang='grc' dir='ltr'>φέρει</span> 
     </span>
    </p>
   </div>
   <div class='ocr_carea' id='block_1_22' title="bbox 259 2101 1867 2187">
    <p class='ocr_par' dir='ltr' id='par_1_22' title="bbox 259 2101 1867 2187">
     <span class='ocr_line' id='line_1_22' title="bbox 259 2101 1867 2187; baseline -0.014 -16"><span class='ocrx_word' id='word_1_150' title='bbox 259 2118 326 2170; x_wconf 80' lang='grc' dir='ltr'><strong>τὸ</strong></span> <span class='ocrx_word' id='word_1_151' title='bbox 355 2116 642 2187; x_wconf 70' lang='grc' dir='ltr'>ἐρώτημα,</span> <span class='ocrx_word' id='word_1_152' title='bbox 675 2113 987 2184; x_wconf 76' lang='grc' dir='ltr'>ἡσύχασαν·</span> <span class='ocrx_word' id='word_1_153' title='bbox 1019 2109 1143 2162; x_wconf 87' lang='grc' dir='ltr'>τότε</span> <span class='ocrx_word' id='word_1_154' title='bbox 1172 2105 1237 2176; x_wconf 79' lang='grc' dir='ltr'>δὴ</span> <span class='ocrx_word' id='word_1_155' title='bbox 1267 2107 1297 2159; x_wconf 98' lang='lat'><strong>6</strong></span> <span class='ocrx_word' id='word_1_156' title='bbox 1340 2103 1550 2175; x_wconf 80' lang='grc' dir='ltr'>Ἰησοῦς</span> <span class='ocrx_word' id='word_1_157' title='bbox 1582 2101 1644 2153; x_wconf 73' lang='grc' dir='ltr'>τὸ</span> <span class='ocrx_word' id='word_1_158' title='bbox 1665 2101 1867 2153; x_wconf 83' lang='grc' dir='ltr'>οἰκεῖον</span> 
     </span>
    </p>
   </div>
   <div class='ocr_carea' id='block_1_23' title="bbox 263 2187 1866 2275">
    <p class='ocr_par' dir='ltr' id='par_1_23' title="bbox 263 2187 1866 2275">
     <span class='ocr_line' id='line_1_23' title="bbox 263 2187 1866 2275; baseline -0.012 -11"><span class='ocrx_word' id='word_1_159' title='bbox 263 2211 431 2272; x_wconf 82' lang='grc' dir='ltr'>ποιεῖ,</span> <span class='ocrx_word' id='word_1_160' title='bbox 463 2206 560 2262; x_wconf 75' lang='grc' dir='ltr'>καὶ</span> <span class='ocrx_word' id='word_1_161' title='bbox 596 2206 684 2259; x_wconf 86' lang='grc' dir='ltr'>διὰ</span> <span class='ocrx_word' id='word_1_162' title='bbox 717 2204 818 2275; x_wconf 82' lang='grc' dir='ltr'>τῆς</span> <span class='ocrx_word' id='word_1_163' title='bbox 858 2203 1005 2273; x_wconf 77' lang='grc' dir='ltr'>ἁφῆς</span> <span class='ocrx_word' id='word_1_164' title='bbox 1043 2203 1191 2254; x_wconf 83' lang='grc' dir='ltr'>ίᾶται</span> <span class='ocrx_word' id='word_1_165' title='bbox 1241 2199 1334 2253; x_wconf 81' lang='grc' dir='ltr'>τὸν</span> <span class='ocrx_word' id='word_1_166' title='bbox 1363 2196 1688 2268; x_wconf 78' lang='grc' dir='ltr'>ἄνθρωπον·</span> <span class='ocrx_word' id='word_1_167' title='bbox 1747 2187 1866 2246; x_wconf 76' lang='grc' dir='ltr'>εἶτα</span> 
     </span>
    </p>
   </div>
   <div class='ocr_carea' id='block_1_24' title="bbox 262 2286 1868 2370">
    <p class='ocr_par' dir='ltr' id='par_1_24' title="bbox 262 2286 1868 2370">
     <span class='ocr_line' id='line_1_24' title="bbox 262 2286 1868 2370; baseline -0.011 -14"><span class='ocrx_word' id='word_1_168' title='bbox 262 2305 360 2356; x_wconf 73' lang='grc' dir='ltr'>καὶ</span> <span class='ocrx_word' id='word_1_169' title='bbox 388 2303 514 2364; x_wconf 77' lang='grc' dir='ltr'>τοὺς</span> <span class='ocrx_word' id='word_1_170' title='bbox 537 2298 866 2370; x_wconf 75' lang='grc' dir='ltr'>Φαρισαίους</span> <span class='ocrx_word' id='word_1_171' title='bbox 897 2295 1154 2364; x_wconf 74' lang='grc' dir='ltr'>ἐντρέπει</span> <span class='ocrx_word' id='word_1_172' title='bbox 1202 2291 1292 2346; x_wconf 81' lang='grc' dir='ltr'><strong>διὰ</strong></span> <span class='ocrx_word' id='word_1_173' title='bbox 1321 2290 1537 2356; x_wconf 89' lang='grc' dir='ltr'>τούτου,</span> <span class='ocrx_word' id='word_1_174' title='bbox 1580 2286 1868 2360; x_wconf 73' lang='grc' dir='ltr'>μονονουχὶ</span> 
     </span>
    </p>
   </div>
   <div class='ocr_carea' id='block_1_25' title="bbox 261 2382 1868 2461">
    <p class='ocr_par' dir='ltr' id='par_1_25' title="bbox 261 2382 1868 2461">
     <span class='ocr_line' id='line_1_25' title="bbox 261 2382 1868 2461; baseline -0.01 -11"><span class='ocrx_word' id='word_1_175' title='bbox 261 2395 492 2450; x_wconf 84' lang='grc' dir='ltr'>τοιαῦτα</span> <span class='ocrx_word' id='word_1_176' title='bbox 519 2395 693 2461; x_wconf 92' lang='grc' dir='ltr'>λέγων</span> <span class='ocrx_word' id='word_1_177' title='bbox 722 2392 902 2453; x_wconf 80' lang='grc' dir='ltr'>αὐτοῖς</span> <span class='ocrx_word' id='word_1_178' title='bbox 929 2406 941 2420; x_wconf 78' lang='grc'><strong><em>⁸</em></strong></span> <span class='ocrx_word' id='word_1_179' title='bbox 977 2389 1041 2443; x_wconf 87' lang='grc' dir='ltr'>Εί</span> <span class='ocrx_word' id='word_1_180' title='bbox 1071 2385 1389 2441; x_wconf 76' lang='grc' dir='ltr'>κεκώλυκεν</span> <span class='ocrx_word' id='word_1_181' title='bbox 1427 2385 1456 2437; x_wconf 92' lang='lat'><strong>6</strong></span> <span class='ocrx_word' id='word_1_182' title='bbox 1499 2384 1663 2453; x_wconf 90' lang='grc' dir='ltr'>νόμος</span> <span class='ocrx_word' id='word_1_183' title='bbox 1695 2382 1868 2435; x_wconf 79' lang='grc' dir='ltr'>ἐλεεῖν</span> 
     </span>
    </p>
   </div>
   <div class='ocr_carea' id='block_1_26' title="bbox 263 2475 1868 2558">
    <p class='ocr_par' dir='ltr' id='par_1_26' title="bbox 263 2475 1868 2558">
     <span class='ocr_line' id='line_1_26' title="bbox 263 2475 1868 2558; baseline -0.011 -15"><span class='ocrx_word' id='word_1_184' title='bbox 263 2493 324 2543; x_wconf 76' lang='grc' dir='ltr'><strong>έν</strong></span> <span class='ocrx_word' id='word_1_185' title='bbox 372 2488 658 2558; x_wconf 81' lang='grc' dir='ltr'>Σαϐϐάτῳ,</span> <span class='ocrx_word' id='word_1_186' title='bbox 716 2484 789 2557; x_wconf 83' lang='grc' dir='ltr'>μὴ</span> <span class='ocrx_word' id='word_1_187' title='bbox 832 2483 1137 2553; x_wconf 77' lang='grc' dir='ltr'>φροντίσῃς</span> <span class='ocrx_word' id='word_1_188' title='bbox 1193 2478 1312 2534; x_wconf 81' lang='grc' dir='ltr'>υἱοῦ</span> <span class='ocrx_word' id='word_1_189' title='bbox 1358 2475 1765 2538; x_wconf 78' lang='grc' dir='ltr'>κινδυνεύοντος</span> <span class='ocrx_word' id='word_1_190' title='bbox 1809 2477 1868 2527; x_wconf 82' lang='grc' dir='ltr'>ἐν</span> 
     </span>
    </p>
   </div>
   <div class='ocr_carea' id='block_1_27' title="bbox 263 2565 1867 2646">
    <p class='ocr_par' dir='ltr' id='par_1_27' title="bbox 263 2565 1867 2646">
     <span class='ocr_line' id='line_1_27' title="bbox 263 2565 1867 2646; baseline -0.009 -15"><span class='ocrx_word' id='word_1_191' title='bbox 263 2577 566 2646; x_wconf 82' lang='grc' dir='ltr'>Σαϐϐάτῳ;</span> <span class='ocrx_word' id='word_1_192' title='bbox 599 2575 710 2628; x_wconf 78' lang='grc' dir='ltr'><strong>Καὶ</strong></span> <span class='ocrx_word' id='word_1_193' title='bbox 733 2574 787 2626; x_wconf 88' lang='grc' dir='ltr'><strong>τί</strong></span> <span class='ocrx_word' id='word_1_194' title='bbox 814 2573 958 2642; x_wconf 87' lang='grc' dir='ltr'>λέγω</span> <span class='ocrx_word' id='word_1_195' title='bbox 972 2571 1091 2626; x_wconf 89' lang='grc' dir='ltr'>υίοῦ</span> <span class='ocrx_word' id='word_1_196' title='bbox 1113 2587 1128 2638; x_wconf 87' lang='lat'><strong>;</strong></span> <span class='ocrx_word' id='word_1_197' title='bbox 1150 2572 1286 2624; x_wconf 82' lang='grc' dir='ltr'>ὅπου</span> <span class='ocrx_word' id='word_1_198' title='bbox 1315 2569 1438 2623; x_wconf 71' lang='grc' dir='ltr'>οὐδὲ</span> <span class='ocrx_word' id='word_1_199' title='bbox 1463 2565 1592 2638; x_wconf 83' lang='grc' dir='ltr'>βοῦν</span> <span class='ocrx_word' id='word_1_200' title='bbox 1622 2567 1867 2636; x_wconf 77' lang='grc' dir='ltr'>ἀϐοήθη-</span> 
     </span>
    </p>
   </div>
   <div class='ocr_carea' id='block_1_28' title="bbox 261 2657 1869 2740">
    <p class='ocr_par' dir='ltr' id='par_1_28' title="bbox 261 2657 1869 2740">
     <span class='ocr_line' id='line_1_28' title="bbox 261 2657 1869 2740; baseline -0.006 -16"><span class='ocrx_word' id='word_1_201' title='bbox 261 2689 358 2724; x_wconf 85' lang='grc' dir='ltr'><strong>τον</strong></span> <span class='ocrx_word' id='word_1_202' title='bbox 392 2669 743 2740; x_wconf 74' lang='grc' dir='ltr'>καταλείψεις</span> <span class='ocrx_word' id='word_1_203' title='bbox 783 2669 832 2721; x_wconf 89' lang='grc' dir='ltr'>εἰ</span> <span class='ocrx_word' id='word_1_204' title='bbox 870 2665 1256 2721; x_wconf 81' lang='grc' dir='ltr'>κινδυνεύοντα</span> <span class='ocrx_word' id='word_1_205' title='bbox 1279 2665 1443 2734; x_wconf 74' lang='grc' dir='ltr'>δψει;</span> <span class='ocrx_word' id='word_1_206' title='bbox 1484 2663 1611 2724; x_wconf 79' lang='grc' dir='ltr'>Πῶς</span> <span class='ocrx_word' id='word_1_207' title='bbox 1641 2657 1735 2716; x_wconf 70' lang='grc' dir='ltr'>οὖν</span> <span class='ocrx_word' id='word_1_208' title='bbox 1767 2662 1869 2715; x_wconf 70' lang='grc' dir='ltr'><strong>οὐκ</strong></span> 
     </span>
    </p>
   </div>
   <div class='ocr_carea' id='block_1_29' title="bbox 261 2753 1869 2832">
    <p class='ocr_par' dir='ltr' id='par_1_29' title="bbox 261 2753 1869 2832">
     <span class='ocr_line' id='line_1_29' title="bbox 261 2753 1869 2832; baseline -0.008 -15"><span class='ocrx_word' id='word_1_209' title='bbox 261 2763 494 2832; x_wconf 76' lang='grc' dir='ltr'>ἀνόητον</span> <span class='ocrx_word' id='word_1_210' title='bbox 518 2759 958 2831; x_wconf 81' lang='grc' dir='ltr'>παρατηρεῖσθαι</span> <span class='ocrx_word' id='word_1_211' title='bbox 983 2758 1086 2828; x_wconf 81' lang='grc' dir='ltr'>τὴν</span> <span class='ocrx_word' id='word_1_212' title='bbox 1106 2755 1202 2810; x_wconf 87' lang='grc' dir='ltr'><strong>τοῦ</strong></span> <span class='ocrx_word' id='word_1_213' title='bbox 1230 2755 1543 2827; x_wconf 81' lang='grc' dir='ltr'>ὑδρωπικοῦ</span> <span class='ocrx_word' id='word_1_214' title='bbox 1566 2753 1869 2826; x_wconf 83' lang='grc' dir='ltr'>θεραπείαν</span> 
     </span>
    </p>
   </div>
   <div class='ocr_carea' id='block_1_30' title="bbox 263 2847 1867 2924">
    <p class='ocr_par' dir='ltr' id='par_1_30' title="bbox 263 2847 1867 2924">
     <span class='ocr_line' id='line_1_30' title="bbox 263 2847 1867 2924; baseline -0.006 -16"><span class='ocrx_word' id='word_1_215' title='bbox 263 2857 324 2909; x_wconf 68' lang='grc' dir='ltr'><strong>εν</strong></span> <span class='ocrx_word' id='word_1_216' title='bbox 359 2853 660 2924; x_wconf 76' lang='grc' dir='ltr'>Σαϐϐάτῳς</span> <span class='ocrx_word' id='word_1_217' title='bbox 730 2850 1074 2923; x_wconf 77' lang='grc' dir='ltr'>’Υδρωπικός</span> <span class='ocrx_word' id='word_1_218' title='bbox 1116 2852 1235 2904; x_wconf 71' lang='grc' dir='ltr'>ἐστι</span> <span class='ocrx_word' id='word_1_219' title='bbox 1285 2849 1382 2902; x_wconf 80' lang='grc' dir='ltr'>καὶ</span> <span class='ocrx_word' id='word_1_220' title='bbox 1420 2850 1530 2912; x_wconf 84' lang='grc' dir='ltr'>πᾶς</span> <span class='ocrx_word' id='word_1_221' title='bbox 1556 2847 1616 2911; x_wconf 83' lang='grc' dir='ltr'>ὃς</span> <span class='ocrx_word' id='word_1_222' title='bbox 1656 2847 1744 2901; x_wconf 82' lang='grc' dir='ltr'>διὰ</span> <span class='ocrx_word' id='word_1_223' title='bbox 1772 2847 1867 2900; x_wconf 90' lang='grc' dir='ltr'><strong>τοῦ</strong></span> 
     </span>
    </p>
   </div>
   <div class='ocr_carea' id='block_1_31' title="bbox 263 2941 1868 3018">
    <p class='ocr_par' dir='ltr' id='par_1_31' title="bbox 263 2941 1868 3018">
     <span class='ocr_line' id='line_1_31' title="bbox 263 2941 1868 3018; baseline -0.006 -15"><span class='ocrx_word' id='word_1_224' title='bbox 263 2948 554 3018; x_wconf 77' lang='grc' dir='ltr'>ἀνειμένου</span> <span class='ocrx_word' id='word_1_225' title='bbox 589 2946 707 3017; x_wconf 82' lang='grc' dir='ltr'>βίου</span> <span class='ocrx_word' id='word_1_226' title='bbox 750 2945 848 2998; x_wconf 76' lang='grc' dir='ltr'>καὶ</span> <span class='ocrx_word' id='word_1_227' title='bbox 890 2943 1060 3015; x_wconf 81' lang='grc' dir='ltr'>ὑγροῦ</span> <span class='ocrx_word' id='word_1_228' title='bbox 1096 2942 1240 2997; x_wconf 79' lang='grc' dir='ltr'>κατὰ</span> <span class='ocrx_word' id='word_1_229' title='bbox 1269 2941 1448 3013; x_wconf 83' lang='grc' dir='ltr'>ψυχὴν</span> <span class='ocrx_word' id='word_1_230' title='bbox 1494 2943 1730 3013; x_wconf 77' lang='grc' dir='ltr'>νοσήσας</span> <span class='ocrx_word' id='word_1_231' title='bbox 1757 2941 1868 2994; x_wconf 80' lang='lat' dir='ltr'><strong>6st-</strong></span> 
     </span>
    </p>
   </div>
   <div class='ocr_carea' id='block_1_32' title="bbox 263 3034 1868 3110">
    <p class='ocr_par' dir='ltr' id='par_1_32' title="bbox 263 3034 1868 3110">
     <span class='ocr_line' id='line_1_32' title="bbox 263 3034 1868 3110; baseline -0.003 -17"><span class='ocrx_word' id='word_1_232' title='bbox 263 3041 395 3105; x_wconf 81' lang='grc' dir='ltr'>νῶς,</span> <span class='ocrx_word' id='word_1_233' title='bbox 425 3041 598 3094; x_wconf 86' lang='grc' dir='ltr'>δεῖται</span> <span class='ocrx_word' id='word_1_234' title='bbox 631 3038 896 3110; x_wconf 82' lang='grc' dir='ltr'>Χριστοῦ,</span> <span class='ocrx_word' id='word_1_235' title='bbox 927 3035 1124 3092; x_wconf 83' lang='grc' dir='ltr'>οὐκοῦν</span> <span class='ocrx_word' id='word_1_236' title='bbox 1149 3037 1245 3089; x_wconf 77' lang='grc' dir='ltr'>καὶ</span> <span class='ocrx_word' id='word_1_237' title='bbox 1277 3034 1782 3107; x_wconf 84' lang='grc' dir='ltr'>θεραπευθήσεται,</span> <span class='ocrx_word' id='word_1_238' title='bbox 1817 3037 1868 3088; x_wconf 87' lang='grc' dir='ltr'><strong>εί</strong></span> 
     </span>
    </p>
   </div>
   <div class='ocr_carea' id='block_1_33' title="bbox 266 3127 1868 3204">
    <p class='ocr_par' dir='ltr' id='par_1_33' title="bbox 266 3127 1868 3204">
     <span class='ocr_line' id='line_1_33' title="bbox 266 3127 1868 3204; baseline -0.004 -17"><span class='ocrx_word' id='word_1_239' title='bbox 266 3133 580 3204; x_wconf 73' lang='grc' dir='ltr'>ἔμπροσθεν</span> <span class='ocrx_word' id='word_1_240' title='bbox 610 3132 850 3202; x_wconf 85' lang='grc' dir='ltr'>Χριστοῦ</span> <span class='ocrx_word' id='word_1_241' title='bbox 881 3132 1130 3202; x_wconf 81' lang='grc' dir='ltr'>γένηται.</span> <span class='ocrx_word' id='word_1_242' title='bbox 1185 3131 1245 3183; x_wconf 83' lang='lat'><strong>&#39;0</strong></span> <span class='ocrx_word' id='word_1_243' title='bbox 1267 3131 1376 3201; x_wconf 74' lang='grc' dir='ltr'><strong>γὰρ</strong></span> <span class='ocrx_word' id='word_1_244' title='bbox 1397 3129 1713 3201; x_wconf 73' lang='grc' dir='ltr'>ἔμπροσθεν</span> <span class='ocrx_word' id='word_1_245' title='bbox 1730 3127 1868 3181; x_wconf 87' lang='grc' dir='ltr'>Θεοῦ</span> 
     </span>
    </p>
   </div>
   <div class='ocr_carea' id='block_1_34' title="bbox 265 3219 1869 3295">
    <p class='ocr_par' dir='ltr' id='par_1_34' title="bbox 265 3219 1869 3295">
     <span class='ocr_line' id='line_1_34' title="bbox 265 3219 1869 3295; baseline -0.004 -15"><span class='ocrx_word' id='word_1_246' title='bbox 265 3223 409 3281; x_wconf 80' lang='grc' dir='ltr'>εἶναι</span> <span class='ocrx_word' id='word_1_247' title='bbox 432 3225 630 3279; x_wconf 73' lang='grc' dir='ltr'>ἐννοῶν</span> <span class='ocrx_word' id='word_1_248' title='bbox 657 3226 765 3290; x_wconf 81' lang='grc' dir='ltr'>ἀεὶ,</span> <span class='ocrx_word' id='word_1_249' title='bbox 797 3225 893 3278; x_wconf 79' lang='grc' dir='ltr'>καὶ</span> <span class='ocrx_word' id='word_1_250' title='bbox 925 3224 1051 3295; x_wconf 90' lang='grc' dir='ltr'>παρ’</span> <span class='ocrx_word' id='word_1_251' title='bbox 1102 3222 1271 3277; x_wconf 83' lang='grc' dir='ltr'>αὑτοῦ</span> <span class='ocrx_word' id='word_1_252' title='bbox 1306 3223 1564 3293; x_wconf 77' lang='grc' dir='ltr'>δρᾶσθαι,</span> <span class='ocrx_word' id='word_1_253' title='bbox 1601 3219 1869 3292; x_wconf 75' lang='grc' dir='ltr'>ἐλάχιστα</span> 
     </span>
    </p>
   </div>
   <div class='ocr_carea' id='block_1_35' title="bbox 267 3321 678 3388">
    <p class='ocr_par' dir='ltr' id='par_1_35' title="bbox 267 3321 678 3388">
     <span class='ocr_line' id='line_1_35' title="bbox 267 3321 678 3388; baseline -0.002 -14"><span class='ocrx_word' id='word_1_254' title='bbox 267 3321 678 3388; x_wconf 78' lang='grc' dir='ltr'>ἁμαρτήσεται.</span> 
     </span>
    </p>
   </div>
   <div class='ocr_carea' id='block_1_36' title="bbox 346 3405 1874 3482">
    <p class='ocr_par' dir='ltr' id='par_1_36' title="bbox 346 3405 1874 3482">
     <span class='ocr_line' id='line_1_36' title="bbox 346 3405 1874 3482; baseline -0.005 -18"><span class='ocrx_word' id='word_1_255' title='bbox 346 3431 365 3464; x_wconf 77' lang='grc' dir='ltr'><strong>ι</strong></span> <span class='ocrx_word' id='word_1_256' title='bbox 410 3412 606 3478; x_wconf 84' lang='grc' dir='ltr'>Ἔλεγε</span> <span class='ocrx_word' id='word_1_257' title='bbox 639 3412 695 3464; x_wconf 85' lang='grc' dir='ltr'>δὲ</span> <span class='ocrx_word' id='word_1_258' title='bbox 754 3411 889 3482; x_wconf 71' lang='grc' dir='ltr'>πρὸς</span> <span class='ocrx_word' id='word_1_259' title='bbox 923 3411 1051 3473; x_wconf 77' lang='grc' dir='ltr'>τοὺς</span> <span class='ocrx_word' id='word_1_260' title='bbox 1101 3408 1479 3480; x_wconf 85' lang='grc' dir='ltr'>κεκλημενους</span> <span class='ocrx_word' id='word_1_261' title='bbox 1531 3405 1874 3478; x_wconf 82' lang='grc' dir='ltr'>παραϐολὴν,</span> 
     </span>
    </p>
   </div>
   <div class='ocr_carea' id='block_1_37' title="bbox 267 3499 1877 3574">
    <p class='ocr_par' dir='ltr' id='par_1_37' title="bbox 267 3499 1877 3574">
     <span class='ocr_line' id='line_1_37' title="bbox 267 3499 1877 3574; baseline -0.005 -16"><span class='ocrx_word' id='word_1_262' title='bbox 267 3503 487 3574; x_wconf 73' lang='grc' dir='ltr'>ἐπέχων</span> <span class='ocrx_word' id='word_1_263' title='bbox 537 3503 648 3566; x_wconf 84' lang='grc' dir='ltr'><strong>πῶς</strong></span> <span class='ocrx_word' id='word_1_264' title='bbox 711 3504 811 3566; x_wconf 79' lang='grc' dir='ltr'>τὰς</span> <span class='ocrx_word' id='word_1_265' title='bbox 865 3503 1270 3572; x_wconf 85' lang='grc' dir='ltr'>πρωτοκλισίας</span> <span class='ocrx_word' id='word_1_266' title='bbox 1315 3501 1664 3568; x_wconf 71' lang='grc' dir='ltr'>ἐξελέγοντο,</span> <span class='ocrx_word' id='word_1_267' title='bbox 1697 3499 1877 3567; x_wconf 89' lang='grc' dir='ltr'>λέγων</span> 
     </span>
    </p>
   </div>
   <div class='ocr_carea' id='block_1_38' title="bbox 271 3592 1876 3667">
    <p class='ocr_par' dir='ltr' id='par_1_38' title="bbox 271 3592 1876 3667">
     <span class='ocr_line' id='line_1_38' title="bbox 271 3592 1876 3667; baseline -0.004 -17"><span class='ocrx_word' id='word_1_268' title='bbox 271 3597 411 3667; x_wconf 74' lang='grc' dir='ltr'>πρὸς</span> <span class='ocrx_word' id='word_1_269' title='bbox 439 3595 669 3659; x_wconf 69' lang='grc' dir='ltr'>αὐτούς·</span> <span class='ocrx_word' id='word_1_270' title='bbox 704 3595 877 3648; x_wconf 85' lang='grc' dir='ltr'>Ὅταν</span> <span class='ocrx_word' id='word_1_271' title='bbox 919 3594 1129 3664; x_wconf 82' lang='grc' dir='ltr'>κληθῇς</span> <span class='ocrx_word' id='word_1_272' title='bbox 1169 3594 1276 3647; x_wconf 84' lang='grc' dir='ltr'>ὑπό</span> <span class='ocrx_word' id='word_1_273' title='bbox 1299 3610 1444 3656; x_wconf 86' lang='grc' dir='ltr'>τινος</span> <span class='ocrx_word' id='word_1_274' title='bbox 1470 3595 1549 3656; x_wconf 87' lang='grc' dir='ltr'><strong>είς</strong></span> <span class='ocrx_word' id='word_1_275' title='bbox 1573 3593 1774 3662; x_wconf 80' lang='grc' dir='ltr'>γάμον,</span> <span class='ocrx_word' id='word_1_276' title='bbox 1801 3592 1876 3662; x_wconf 85' lang='grc' dir='ltr'>μὴ</span> 
     </span>
    </p>
   </div>
   <div class='ocr_carea' id='block_1_39' title="bbox 269 3683 1879 3755">
    <p class='ocr_par' dir='ltr' id='par_1_39' title="bbox 269 3683 1879 3755">
     <span class='ocr_line' id='line_1_39' title="bbox 269 3683 1879 3755; baseline -0.004 -15"><span class='ocrx_word' id='word_1_277' title='bbox 269 3685 609 3755; x_wconf 80' lang='grc' dir='ltr'>κατακλιθῇς</span> <span class='ocrx_word' id='word_1_278' title='bbox 629 3686 709 3747; x_wconf 86' lang='grc' dir='ltr'><strong>είς</strong></span> <span class='ocrx_word' id='word_1_279' title='bbox 737 3685 837 3755; x_wconf 78' lang='grc' dir='ltr'><strong>τὴν</strong></span> <span class='ocrx_word' id='word_1_280' title='bbox 855 3683 1283 3755; x_wconf 82' lang='grc' dir='ltr'>πρωτοκλισίαν,</span> <span class='ocrx_word' id='word_1_281' title='bbox 1305 3684 1514 3753; x_wconf 81' lang='grc' dir='ltr'>μήποτε</span> <span class='ocrx_word' id='word_1_282' title='bbox 1529 3683 1879 3753; x_wconf 70' lang='grc' dir='ltr'>ἐντιμότερός</span> 
     </span>
    </p>
   </div>
   <div class='ocr_carea' id='block_1_40' title="bbox 273 3770 1880 3849">
    <p class='ocr_par' dir='ltr' id='par_1_40' title="bbox 273 3770 1880 3849">
     <span class='ocr_line' id='line_1_40' title="bbox 273 3770 1880 3849; baseline -0.005 -17"><span class='ocrx_word' id='word_1_283' title='bbox 273 3795 371 3832; x_wconf 87' lang='grc' dir='ltr'><strong>σου</strong></span> <span class='ocrx_word' id='word_1_284' title='bbox 473 3777 807 3847; x_wconf 75' lang='grc' dir='ltr'>κεκλημένος</span> <span class='ocrx_word' id='word_1_285' title='bbox 842 3776 933 3828; x_wconf 84' lang='grc' dir='ltr'><strong>ὑπ’</strong></span> <span class='ocrx_word' id='word_1_286' title='bbox 958 3774 1146 3839; x_wconf 83' lang='grc' dir='ltr'>αὑτοῦ,</span> <span class='ocrx_word' id='word_1_287' title='bbox 1185 3774 1280 3827; x_wconf 73' lang='grc' dir='ltr'>καὶ</span> <span class='ocrx_word' id='word_1_288' title='bbox 1315 3770 1490 3827; x_wconf 73' lang='grc' dir='ltr'>ἐλθὼν</span> <span class='ocrx_word' id='word_1_289' title='bbox 1518 3775 1546 3826; x_wconf 92' lang='lat'><strong>6</strong></span> <span class='ocrx_word' id='word_1_290' title='bbox 1570 3773 1631 3825; x_wconf 75' lang='grc' dir='ltr'>σὲ</span> <span class='ocrx_word' id='word_1_291' title='bbox 1654 3772 1750 3826; x_wconf 74' lang='grc' dir='ltr'>καὶ</span> <span class='ocrx_word' id='word_1_292' title='bbox 1781 3772 1880 3825; x_wconf 79' lang='grc' dir='ltr'>αύ-</span> 
     </span>
    </p>
   </div>
   <div class='ocr_carea' id='block_1_41' title="bbox 268 3867 1873 3940">
    <p class='ocr_par' dir='ltr' id='par_1_41' title="bbox 268 3867 1873 3940">
     <span class='ocr_line' id='line_1_41' title="bbox 268 3867 1873 3940; baseline -0.002 -16"><span class='ocrx_word' id='word_1_293' title='bbox 268 3875 363 3924; x_wconf 72' lang='grc' dir='ltr'><strong>τὺν</strong></span> <span class='ocrx_word' id='word_1_294' title='bbox 413 3871 672 3934; x_wconf 85' lang='grc' dir='ltr'>καλέσας,</span> <span class='ocrx_word' id='word_1_295' title='bbox 718 3870 836 3940; x_wconf 80' lang='grc' dir='ltr'>ἐρεῖ</span> <span class='ocrx_word' id='word_1_296' title='bbox 870 3885 976 3932; x_wconf 90' lang='grc' dir='ltr'>σοι,</span> <span class='ocrx_word' id='word_1_297' title='bbox 1013 3871 1111 3932; x_wconf 66' lang='grc' dir='ltr'>Δὺς</span> <span class='ocrx_word' id='word_1_298' title='bbox 1137 3867 1320 3938; x_wconf 85' lang='grc' dir='ltr'>τούτῳ</span> <span class='ocrx_word' id='word_1_299' title='bbox 1365 3869 1568 3932; x_wconf 80' lang='grc' dir='ltr'>τόπον,</span> <span class='ocrx_word' id='word_1_300' title='bbox 1626 3868 1722 3922; x_wconf 75' lang='grc' dir='ltr'>καὶ</span> <span class='ocrx_word' id='word_1_301' title='bbox 1750 3867 1873 3921; x_wconf 87' lang='grc' dir='ltr'>τότε</span> 
     </span>
    </p>
   </div>
   <div class='ocr_carea' id='block_1_42' title="bbox 269 3959 1880 4035">
    <p class='ocr_par' dir='ltr' id='par_1_42' title="bbox 269 3959 1880 4035">
     <span class='ocr_line' id='line_1_42' title="bbox 269 3959 1880 4035; baseline -0.004 -15"><span class='ocrx_word' id='word_1_302' title='bbox 269 3965 415 4035; x_wconf 78' lang='grc' dir='ltr'>ἄρξῃ</span> <span class='ocrx_word' id='word_1_303' title='bbox 448 3964 567 4035; x_wconf 84' lang='grc' dir='ltr'>μετ’</span> <span class='ocrx_word' id='word_1_304' title='bbox 595 3962 858 4034; x_wconf 82' lang='grc' dir='ltr'>αίσχύνης</span> <span class='ocrx_word' id='word_1_305' title='bbox 880 3961 1218 4033; x_wconf 79' lang='grc' dir='ltr'>τὺνὲσχατον</span> <span class='ocrx_word' id='word_1_306' title='bbox 1238 3962 1404 4014; x_wconf 89' lang='grc' dir='ltr'>τόπον</span> <span class='ocrx_word' id='word_1_307' title='bbox 1441 3959 1728 4032; x_wconf 78' lang='grc' dir='ltr'>κατέχειν·</span> <span class='ocrx_word' id='word_1_308' title='bbox 1761 3961 1880 4015; x_wconf 82' lang='grc' dir='ltr'>ἀλλ’</span> 
     </span>
    </p>
   </div>
   <div class='ocr_carea' id='block_1_43' title="bbox 270 4055 1882 4130">
    <p class='ocr_par' dir='ltr' id='par_1_43' title="bbox 270 4055 1882 4130">
     <span class='ocr_line' id='line_1_43' title="bbox 270 4055 1882 4130; baseline -0.002 -16"><span class='ocrx_word' id='word_1_309' title='bbox 270 4061 407 4114; x_wconf 74' lang='grc' dir='ltr'>ὅταν</span> <span class='ocrx_word' id='word_1_310' title='bbox 452 4057 683 4130; x_wconf 78' lang='grc' dir='ltr'>κληθῇς,</span> <span class='ocrx_word' id='word_1_311' title='bbox 741 4056 1032 4128; x_wconf 75' lang='grc' dir='ltr'>πορευθεὶς</span> <span class='ocrx_word' id='word_1_312' title='bbox 1082 4056 1358 4111; x_wconf 83' lang='grc' dir='ltr'>ἀνάπεσον</span> <span class='ocrx_word' id='word_1_313' title='bbox 1401 4060 1482 4120; x_wconf 86' lang='grc' dir='ltr'><strong>είς</strong></span> <span class='ocrx_word' id='word_1_314' title='bbox 1535 4056 1628 4110; x_wconf 79' lang='grc' dir='ltr'>τὸν</span> <span class='ocrx_word' id='word_1_315' title='bbox 1652 4055 1882 4127; x_wconf 75' lang='grc' dir='ltr'>ἔσχατον</span> 
     </span>
    </p>
   </div>
   <div class='ocr_carea' id='block_1_44' title="bbox 267 4148 1881 4223">
    <p class='ocr_par' dir='ltr' id='par_1_44' title="bbox 267 4148 1881 4223">
     <span class='ocr_line' id='line_1_44' title="bbox 267 4148 1881 4223; baseline -0.001 -18"><span class='ocrx_word' id='word_1_316' title='bbox 267 4152 459 4217; x_wconf 81' lang='grc' dir='ltr'>τόπον,</span> <span class='ocrx_word' id='word_1_317' title='bbox 492 4152 578 4204; x_wconf 78' lang='grc' dir='ltr'>ἵνα</span> <span class='ocrx_word' id='word_1_318' title='bbox 601 4151 729 4205; x_wconf 80' lang='grc' dir='ltr'>ὅταν</span> <span class='ocrx_word' id='word_1_319' title='bbox 758 4149 890 4222; x_wconf 68' lang='grc' dir='ltr'>ἔλθῃ</span> <span class='ocrx_word' id='word_1_320' title='bbox 922 4150 950 4202; x_wconf 93' lang='lat'><strong>6</strong></span> <span class='ocrx_word' id='word_1_321' title='bbox 985 4148 1273 4222; x_wconf 80' lang='grc' dir='ltr'>κεκληκώς</span> <span class='ocrx_word' id='word_1_322' title='bbox 1310 4167 1390 4213; x_wconf 85' lang='grc' dir='ltr'><strong>σε,</strong></span> <span class='ocrx_word' id='word_1_323' title='bbox 1425 4149 1557 4223; x_wconf 77' lang='grc' dir='ltr'>είπῃ</span> <span class='ocrx_word' id='word_1_324' title='bbox 1584 4166 1697 4203; x_wconf 90' lang='grc' dir='ltr'>σοι·</span> <span class='ocrx_word' id='word_1_325' title='bbox 1727 4150 1881 4214; x_wconf 79' lang='grc' dir='ltr'>Φίλε,</span> 
     </span>
    </p>
   </div>
   <div class='ocr_carea' id='block_1_45' title="bbox 271 4242 1881 4314">
    <p class='ocr_par' dir='ltr' id='par_1_45' title="bbox 271 4242 1881 4314">
     <span class='ocr_line' id='line_1_45' title="bbox 271 4242 1881 4314; baseline -0.002 -16"><span class='ocrx_word' id='word_1_326' title='bbox 271 4244 658 4314; x_wconf 78' lang='grc' dir='ltr'>προσανάϐηθι</span> <span class='ocrx_word' id='word_1_327' title='bbox 686 4244 858 4298; x_wconf 83' lang='grc' dir='ltr'>ἀνώτε</span> <span class='ocrx_word' id='word_1_328' title='bbox 871 4259 990 4312; x_wconf 88' lang='grc' dir='ltr'>ρον·</span> <span class='ocrx_word' id='word_1_329' title='bbox 1025 4243 1148 4296; x_wconf 87' lang='grc' dir='ltr'>τότε</span> <span class='ocrx_word' id='word_1_330' title='bbox 1178 4242 1334 4297; x_wconf 71' lang='grc' dir='ltr'>ἔσται</span> <span class='ocrx_word' id='word_1_331' title='bbox 1363 4261 1446 4297; x_wconf 91' lang='grc' dir='ltr'><strong>σοι</strong></span> <span class='ocrx_word' id='word_1_332' title='bbox 1477 4243 1608 4310; x_wconf 82' lang='grc' dir='ltr'>δόξα</span> <span class='ocrx_word' id='word_1_333' title='bbox 1645 4243 1881 4297; x_wconf 77' lang='grc' dir='ltr'>ἐνώπιον</span> 
     </span>
    </p>
   </div>
   <div class='ocr_carea' id='block_1_46' title="bbox 269 4335 1881 4407">
    <p class='ocr_par' dir='ltr' id='par_1_46' title="bbox 269 4335 1881 4407">
     <span class='ocr_line' id='line_1_46' title="bbox 269 4335 1881 4407; baseline -0.002 -17"><span class='ocrx_word' id='word_1_334' title='bbox 269 4341 384 4390; x_wconf 84' lang='grc' dir='ltr'><strong>τῶν</strong></span> <span class='ocrx_word' id='word_1_335' title='bbox 423 4337 901 4407; x_wconf 83' lang='grc' dir='ltr'>συνανακειμένων</span> <span class='ocrx_word' id='word_1_336' title='bbox 959 4352 1065 4402; x_wconf 76' lang='grc' dir='ltr'>σοι,</span> <span class='ocrx_word' id='word_1_337' title='bbox 1128 4337 1212 4388; x_wconf 83' lang='grc' dir='ltr'>ὅτι</span> <span class='ocrx_word' id='word_1_338' title='bbox 1253 4337 1362 4399; x_wconf 75' lang='grc' dir='ltr'>πᾶς</span> <span class='ocrx_word' id='word_1_339' title='bbox 1409 4337 1438 4389; x_wconf 92' lang='lat'><strong>6</strong></span> <span class='ocrx_word' id='word_1_340' title='bbox 1482 4335 1636 4404; x_wconf 67' lang='grc' dir='ltr'>ὑψῶν</span> <span class='ocrx_word' id='word_1_341' title='bbox 1687 4335 1881 4388; x_wconf 73' lang='grc' dir='ltr'>ἑαυτὸν</span> 
     </span>
    </p>
   </div>
   <div class='ocr_carea' id='block_1_47' title="bbox 268 4427 1875 4501">
    <p class='ocr_par' dir='ltr' id='par_1_47' title="bbox 268 4427 1875 4501">
     <span class='ocr_line' id='line_1_47' title="bbox 268 4427 1875 4501; baseline -0.004 -15"><span class='ocrx_word' id='word_1_342' title='bbox 268 4429 772 4501; x_wconf 80' lang='grc' dir='ltr'>ταπεινωθήσεται,</span> <span class='ocrx_word' id='word_1_343' title='bbox 793 4430 888 4482; x_wconf 72' lang='grc' dir='ltr'>καὶ</span> <span class='ocrx_word' id='word_1_344' title='bbox 902 4430 931 4482; x_wconf 87' lang='grc' dir='ltr'><strong>ὀ</strong></span> <span class='ocrx_word' id='word_1_345' title='bbox 952 4428 1226 4483; x_wconf 70' lang='grc' dir='ltr'>ταπεινῶν</span> <span class='ocrx_word' id='word_1_346' title='bbox 1250 4429 1445 4483; x_wconf 75' lang='grc' dir='ltr'>ἑαυτὸν</span> <span class='ocrx_word' id='word_1_347' title='bbox 1467 4427 1840 4498; x_wconf 77' lang='grc' dir='ltr'>ὑψωθήσεται.</span> <span class='ocrx_word' id='word_1_348' title='bbox 1857 4447 1875 4479; x_wconf 73' lang='grc' dir='ltr'><strong>ι</strong></span> 
     </span>
    </p>
   </div>
   <div class='ocr_carea' id='block_1_48' title="bbox 286 4522 1882 4596">
    <p class='ocr_par' dir='ltr' id='par_1_48' title="bbox 286 4522 1882 4596">
     <span class='ocr_line' id='line_1_48' title="bbox 286 4522 1882 4596; baseline 0 -22"><span class='ocrx_word' id='word_1_349' title='bbox 286 4522 455 4596; x_wconf 75' lang='grc' dir='ltr'>Ὁρᾷς</span> <span class='ocrx_word' id='word_1_350' title='bbox 486 4524 555 4576; x_wconf 76' lang='grc' dir='ltr'>τὰ</span> <span class='ocrx_word' id='word_1_351' title='bbox 586 4524 778 4576; x_wconf 85' lang='grc' dir='ltr'>δεῖπνα</span> <span class='ocrx_word' id='word_1_352' title='bbox 823 4522 919 4576; x_wconf 88' lang='grc' dir='ltr'><strong>τοῦ</strong></span> <span class='ocrx_word' id='word_1_353' title='bbox 953 4524 1057 4593; x_wconf 89' lang='grc' dir='ltr'>Χρι</span> <span class='ocrx_word' id='word_1_354' title='bbox 1101 4522 1193 4576; x_wconf 90' lang='grc' dir='ltr'><strong>τοῦ</strong></span> <span class='ocrx_word' id='word_1_355' title='bbox 1230 4523 1361 4577; x_wconf 86' lang='grc' dir='ltr'>ποῖά</span> <span class='ocrx_word' id='word_1_356' title='bbox 1406 4523 1532 4576; x_wconf 83' lang='grc' dir='ltr'>τινά</span> <span class='ocrx_word' id='word_1_357' title='bbox 1584 4525 1744 4588; x_wconf 86' lang='grc' dir='ltr'>είσιν,</span> <span class='ocrx_word' id='word_1_358' title='bbox 1799 4524 1882 4585; x_wconf 88' lang='grc' dir='ltr'><strong>είς</strong></span> 
     </span>
    </p>
   </div>
   <div class='ocr_carea' id='block_1_49' title="bbox 1967 621 3580 685">
    <p class='ocr_par' dir='ltr' id='par_1_49' title="bbox 1967 621 3580 685">
     <span class='ocr_line' id='line_1_49' title="bbox 1967 621 3580 685; baseline -0.004 -7"><span class='ocrx_word' id='word_1_359' title='bbox 1967 639 2060 678; x_wconf 82' lang='lat' dir='ltr'><strong>sus</strong></span> <span class='ocrx_word' id='word_1_360' title='bbox 2087 634 2191 679; x_wconf 76' lang='lat' dir='ltr'><strong>est.</strong></span> <span class='ocrx_word' id='word_1_361' title='bbox 2221 625 2530 678; x_wconf 79' lang='lat' dir='ltr'><strong>f‘omisseut</strong></span> <span class='ocrx_word' id='word_1_362' title='bbox 2563 623 2710 677; x_wconf 91' lang='lat' dir='ltr'><strong>enim</strong></span> <span class='ocrx_word' id='word_1_363' title='bbox 2732 622 2817 676; x_wconf 91' lang='lat' dir='ltr'><strong>vel</strong></span> <span class='ocrx_word' id='word_1_364' title='bbox 2846 636 2910 676; x_wconf 80' lang='lat' dir='ltr'><strong>ex</strong></span> <span class='ocrx_word' id='word_1_365' title='bbox 2938 621 3188 675; x_wconf 83' lang='lat' dir='ltr'><strong>doctrina</strong></span> <span class='ocrx_word' id='word_1_366' title='bbox 3221 628 3276 673; x_wconf 92' lang='lat' dir='ltr'><strong>et</strong></span> <span class='ocrx_word' id='word_1_367' title='bbox 3301 633 3580 685; x_wconf 75' lang='lat' dir='ltr'><strong>si-rmone,</strong></span> 
     </span>
    </p>
   </div>
   <div class='ocr_carea' id='block_1_50' title="bbox 1966 708 3581 781">
    <p class='ocr_par' dir='ltr' id='par_1_50' title="bbox 1966 708 3581 781">
     <span class='ocr_line' id='line_1_50' title="bbox 1966 708 3581 781; baseline -0.006 -11"><span class='ocrx_word' id='word_1_368' title='bbox 1966 717 2128 772; x_wconf 78' lang='lat' dir='ltr'><strong>velex</strong></span> <span class='ocrx_word' id='word_1_369' title='bbox 2150 708 2469 771; x_wconf 64' lang='lat' dir='ltr'><strong>ostension’e</strong></span> <span class='ocrx_word' id='word_1_370' title='bbox 2499 714 2890 769; x_wconf 78' lang='lat' dir='ltr'><strong>miraculorum</strong></span> <span class='ocrx_word' id='word_1_371' title='bbox 2924 713 3215 767; x_wconf 84' lang='lat' dir='ltr'><strong>utilitatem</strong></span> <span class='ocrx_word' id='word_1_372' title='bbox 3241 713 3581 781; x_wconf 63' lang='lat' dir='ltr'><strong>percepissp,</strong></span> 
     </span>
    </p>
   </div>
   <div class='ocr_carea' id='block_1_51' title="bbox 1967 803 3579 877">
    <p class='ocr_par' dir='ltr' id='par_1_51' title="bbox 1967 803 3579 877">
     <span class='ocr_line' id='line_1_51' title="bbox 1967 803 3579 877; baseline -0.004 -13"><span class='ocrx_word' id='word_1_373' title='bbox 1967 808 2012 864; x_wconf 83' lang='lat' dir='ltr'><strong>si</strong></span> <span class='ocrx_word' id='word_1_374' title='bbox 2036 808 2256 877; x_wconf 83' lang='lat' dir='ltr'><strong>quidem</strong></span> <span class='ocrx_word' id='word_1_375' title='bbox 2278 806 2601 862; x_wconf 89' lang='lat' dir='ltr'><strong>voluissent.</strong></span> <span class='ocrx_word' id='word_1_376' title='bbox 2630 805 2804 859; x_wconf 83' lang='lat' dir='ltr'><strong>Porro</strong></span> <span class='ocrx_word' id='word_1_377' title='bbox 2828 822 2954 860; x_wconf 89' lang='lat' dir='ltr'><strong>cum</strong></span> <span class='ocrx_word' id='word_1_378' title='bbox 2990 805 3042 858; x_wconf 90' lang='lat' dir='ltr'><strong>in</strong></span> <span class='ocrx_word' id='word_1_379' title='bbox 3064 803 3305 857; x_wconf 88' lang='lat' dir='ltr'><strong>medium</strong></span> <span class='ocrx_word' id='word_1_380' title='bbox 3333 804 3579 857; x_wconf 80' lang='lat' dir='ltr'><strong>venisset</strong></span> 
     </span>
    </p>
   </div>
   <div class='ocr_carea' id='block_1_52' title="bbox 1967 893 3584 972">
    <p class='ocr_par' dir='ltr' id='par_1_52' title="bbox 1967 893 3584 972">
     <span class='ocr_line' id='line_1_52' title="bbox 1967 893 3584 972; baseline -0.006 -17"><span class='ocrx_word' id='word_1_381' title='bbox 1967 900 2324 972; x_wconf 81' lang='lat' dir='ltr'><strong>hydropicus,</strong></span> <span class='ocrx_word' id='word_1_382' title='bbox 2390 913 2496 953; x_wconf 90' lang='lat' dir='ltr'><strong>non</strong></span> <span class='ocrx_word' id='word_1_383' title='bbox 2557 897 2661 951; x_wconf 91' lang='lat' dir='ltr'><strong>hoc</strong></span> <span class='ocrx_word' id='word_1_384' title='bbox 2708 896 3076 951; x_wconf 72' lang='lat' dir='ltr'><strong>consideravit</strong></span> <span class='ocrx_word' id='word_1_385' title='bbox 3127 893 3411 957; x_wconf 84' lang='lat' dir='ltr'><strong>Dominus,</strong></span> <span class='ocrx_word' id='word_1_386' title='bbox 3447 910 3584 962; x_wconf 89' lang='lat' dir='ltr'><strong>quo-</strong></span> 
     </span>
    </p>
   </div>
   <div class='ocr_carea' id='block_1_53' title="bbox 1967 990 3580 1060">
    <p class='ocr_par' dir='ltr' id='par_1_53' title="bbox 1967 990 3580 1060">
     <span class='ocr_line' id='line_1_53' title="bbox 1967 990 3580 1060; baseline -0.004 -12"><span class='ocrx_word' id='word_1_387' title='bbox 1967 995 2130 1050; x_wconf 88' lang='lat' dir='ltr'><strong>modo</strong></span> <span class='ocrx_word' id='word_1_388' title='bbox 2183 1009 2288 1047; x_wconf 90' lang='lat' dir='ltr'><strong>non</strong></span> <span class='ocrx_word' id='word_1_389' title='bbox 2327 991 2630 1048; x_wconf 72' lang='lat' dir='ltr'><strong>olfenderet</strong></span> <span class='ocrx_word' id='word_1_390' title='bbox 2666 992 2836 1060; x_wconf 84' lang='lat' dir='ltr'><strong>ipsos,</strong></span> <span class='ocrx_word' id='word_1_391' title='bbox 2882 993 2978 1045; x_wconf 88' lang='lat' dir='ltr'><strong>sed</strong></span> <span class='ocrx_word' id='word_1_392' title='bbox 3026 990 3306 1058; x_wconf 86' lang='lat' dir='ltr'><strong>quomodo</strong></span> <span class='ocrx_word' id='word_1_393' title='bbox 3356 996 3580 1042; x_wconf 82' lang='lat' dir='ltr'><strong>satiaret</strong></span> 
     </span>
    </p>
   </div>
   <div class='ocr_carea' id='block_1_54' title="bbox 1967 1081 3582 1155">
    <p class='ocr_par' dir='ltr' id='par_1_54' title="bbox 1967 1081 3582 1155">
     <span class='ocr_line' id='line_1_54' title="bbox 1967 1081 3582 1155; baseline -0.002 -15"><span class='ocrx_word' id='word_1_394' title='bbox 1967 1100 2093 1140; x_wconf 89' lang='lat' dir='ltr'><strong>eum</strong></span> <span class='ocrx_word' id='word_1_395' title='bbox 2141 1086 2234 1155; x_wconf 94' lang='lat' dir='ltr'><strong>qui</strong></span> <span class='ocrx_word' id='word_1_396' title='bbox 2283 1100 2415 1141; x_wconf 87' lang='lat' dir='ltr'><strong>cura</strong></span> <span class='ocrx_word' id='word_1_397' title='bbox 2474 1099 2574 1138; x_wconf 86' lang='lat' dir='ltr'><strong>sua</strong></span> <span class='ocrx_word' id='word_1_398' title='bbox 2634 1082 2933 1149; x_wconf 77' lang='lat' dir='ltr'><strong>indigebat.</strong></span> <span class='ocrx_word' id='word_1_399' title='bbox 2979 1081 3208 1150; x_wconf 77' lang='lat' dir='ltr'><strong>Oportet</strong></span> <span class='ocrx_word' id='word_1_400' title='bbox 3269 1082 3414 1136; x_wconf 88' lang='lat' dir='ltr'><strong>enim</strong></span> <span class='ocrx_word' id='word_1_401' title='bbox 3481 1097 3582 1136; x_wconf 86' lang='lat' dir='ltr'><strong>nos</strong></span> 
     </span>
    </p>
   </div>
   <div class='ocr_carea' id='block_1_55' title="bbox 1969 1176 3585 1250">
    <p class='ocr_par' dir='ltr' id='par_1_55' title="bbox 1969 1176 3585 1250">
     <span class='ocr_line' id='line_1_55' title="bbox 1969 1176 3585 1250; baseline -0.004 -13"><span class='ocrx_word' id='word_1_402' title='bbox 1969 1181 2060 1237; x_wconf 88' lang='lat' dir='ltr'><strong>ubi</strong></span> <span class='ocrx_word' id='word_1_403' title='bbox 2103 1195 2298 1250; x_wconf 87' lang='lat' dir='ltr'><strong>magna</strong></span> <span class='ocrx_word' id='word_1_404' title='bbox 2361 1186 2677 1249; x_wconf 84' lang='lat' dir='ltr'><strong>prospectat</strong></span> <span class='ocrx_word' id='word_1_405' title='bbox 2731 1177 2973 1239; x_wconf 84' lang='lat' dir='ltr'><strong>utilitas,</strong></span> <span class='ocrx_word' id='word_1_406' title='bbox 3035 1192 3149 1230; x_wconf 90' lang='lat' dir='ltr'><strong>non</strong></span> <span class='ocrx_word' id='word_1_407' title='bbox 3198 1191 3393 1230; x_wconf 87' lang='lat' dir='ltr'><strong>curare</strong></span> <span class='ocrx_word' id='word_1_408' title='bbox 3445 1176 3585 1230; x_wconf 87' lang='lat' dir='ltr'><strong>insi-</strong></span> 
     </span>
    </p>
   </div>
   <div class='ocr_carea' id='block_1_56' title="bbox 1971 1267 3585 1342">
    <p class='ocr_par' dir='ltr' id='par_1_56' title="bbox 1971 1267 3585 1342">
     <span class='ocr_line' id='line_1_56' title="bbox 1971 1267 3585 1342; baseline -0.004 -16"><span class='ocrx_word' id='word_1_409' title='bbox 1971 1275 2186 1342; x_wconf 79' lang='lat' dir='ltr'><strong>pientes</strong></span> <span class='ocrx_word' id='word_1_410' title='bbox 2243 1272 2338 1342; x_wconf 91' lang='lat' dir='ltr'><strong>qui</strong></span> <span class='ocrx_word' id='word_1_411' title='bbox 2397 1270 2872 1326; x_wconf 81' lang='lat' dir='ltr'><strong>scandalizantur.</strong></span> <span class='ocrx_word' id='word_1_412' title='bbox 2948 1268 3143 1339; x_wconf 84' lang='lat' dir='ltr'><strong>Arguit</strong></span> <span class='ocrx_word' id='word_1_413' title='bbox 3193 1277 3375 1322; x_wconf 88' lang='lat' dir='ltr'><strong>autem</strong></span> <span class='ocrx_word' id='word_1_414' title='bbox 3449 1267 3585 1322; x_wconf 85' lang='lat' dir='ltr'><strong>iusi-</strong></span> 
     </span>
    </p>
   </div>
   <div class='ocr_carea' id='block_1_57' title="bbox 1971 1360 3585 1438">
    <p class='ocr_par' dir='ltr' id='par_1_57' title="bbox 1971 1360 3585 1438">
     <span class='ocr_line' id='line_1_57' title="bbox 1971 1360 3585 1438; baseline -0.002 -20"><span class='ocrx_word' id='word_1_415' title='bbox 1971 1366 2238 1438; x_wconf 88' lang='lat' dir='ltr'><strong>pientiam</strong></span> <span class='ocrx_word' id='word_1_416' title='bbox 2279 1379 2471 1419; x_wconf 91' lang='lat' dir='ltr'><strong>eorum</strong></span> <span class='ocrx_word' id='word_1_417' title='bbox 2525 1363 2617 1433; x_wconf 87' lang='lat' dir='ltr'><strong>qui</strong></span> <span class='ocrx_word' id='word_1_418' title='bbox 2673 1361 3060 1429; x_wconf 85' lang='lat' dir='ltr'><strong>reprehensuri</strong></span> <span class='ocrx_word' id='word_1_419' title='bbox 3114 1371 3293 1424; x_wconf 89' lang='lat' dir='ltr'><strong>erant,</strong></span> <span class='ocrx_word' id='word_1_420' title='bbox 3354 1360 3585 1429; x_wconf 77' lang='lat' dir='ltr'><strong>ideoque</strong></span> 
     </span>
    </p>
   </div>
   <div class='ocr_carea' id='block_1_58' title="bbox 1971 1453 3586 1526">
    <p class='ocr_par' dir='ltr' id='par_1_58' title="bbox 1971 1453 3586 1526">
     <span class='ocr_line' id='line_1_58' title="bbox 1971 1453 3586 1526; baseline -0.007 -9"><span class='ocrx_word' id='word_1_421' title='bbox 1971 1462 2308 1526; x_wconf 69' lang='lat' dir='ltr'><strong>interrogat:</strong></span> <span class='ocrx_word' id='word_1_422' title='bbox 2337 1457 2562 1514; x_wconf 84' lang='lat' dir='ltr'><strong>Licetne</strong></span> <span class='ocrx_word' id='word_1_423' title='bbox 2597 1457 2842 1513; x_wconf 77' lang='lat' dir='ltr'><strong>Sabbato</strong></span> <span class='ocrx_word' id='word_1_424' title='bbox 2884 1471 3083 1510; x_wconf 86' lang='lat' dir='ltr'><strong>sanare</strong></span> <span class='ocrx_word' id='word_1_425' title='bbox 3113 1471 3179 1509; x_wconf 89' lang='lat' dir='ltr'><strong>an</strong></span> <span class='ocrx_word' id='word_1_426' title='bbox 3210 1455 3362 1509; x_wconf 74' lang='lat' dir='ltr'><strong>non’</strong></span> <span class='ocrx_word' id='word_1_427' title='bbox 3393 1453 3586 1508; x_wconf 86' lang='lat' dir='ltr'><strong>Nonne</strong></span> 
     </span>
    </p>
   </div>
   <div class='ocr_carea' id='block_1_59' title="bbox 1970 1546 3582 1618">
    <p class='ocr_par' dir='ltr' id='par_1_59' title="bbox 1970 1546 3582 1618">
     <span class='ocr_line' id='line_1_59' title="bbox 1970 1546 3582 1618; baseline -0.004 -11"><span class='ocrx_word' id='word_1_428' title='bbox 1970 1553 2262 1607; x_wconf 83' lang='lat' dir='ltr'><strong>manifeste</strong></span> <span class='ocrx_word' id='word_1_429' title='bbox 2295 1551 2487 1606; x_wconf 86' lang='lat' dir='ltr'><strong>irridet</strong></span> <span class='ocrx_word' id='word_1_430' title='bbox 2515 1565 2609 1606; x_wconf 89' lang='lat' dir='ltr'><strong>eos</strong></span> <span class='ocrx_word' id='word_1_431' title='bbox 2635 1557 2692 1604; x_wconf 91' lang='lat' dir='ltr'><strong>ut</strong></span> <span class='ocrx_word' id='word_1_432' title='bbox 2733 1547 3097 1618; x_wconf 81' lang='lat' dir='ltr'><strong>insipientes?</strong></span> <span class='ocrx_word' id='word_1_433' title='bbox 3132 1546 3416 1615; x_wconf 82' lang='lat' dir='ltr'><strong>Siquidem</strong></span> <span class='ocrx_word' id='word_1_434' title='bbox 3457 1562 3582 1600; x_wconf 90' lang='lat' dir='ltr'><strong>cum</strong></span> 
     </span>
    </p>
   </div>
   <div class='ocr_carea' id='block_1_60' title="bbox 1969 1639 3586 1712">
    <p class='ocr_par' dir='ltr' id='par_1_60' title="bbox 1969 1639 3586 1712">
     <span class='ocr_line' id='line_1_60' title="bbox 1969 1639 3586 1712; baseline -0.007 -10"><span class='ocrx_word' id='word_1_435' title='bbox 1969 1645 2116 1703; x_wconf 90' lang='lat' dir='ltr'><strong>Deus</strong></span> <span class='ocrx_word' id='word_1_436' title='bbox 2147 1644 2447 1700; x_wconf 84' lang='lat' dir='ltr'><strong>Sabbatum</strong></span> <span class='ocrx_word' id='word_1_437' title='bbox 2484 1643 2852 1706; x_wconf 82' lang='lat' dir='ltr'><strong>benedixerit,</strong></span> <span class='ocrx_word' id='word_1_438' title='bbox 2887 1643 2988 1712; x_wconf 83' lang='lat' dir='ltr'><strong>ipsi</strong></span> <span class='ocrx_word' id='word_1_439' title='bbox 3025 1639 3349 1696; x_wconf 80' lang='lat' dir='ltr'><strong>benefacere</strong></span> <span class='ocrx_word' id='word_1_440' title='bbox 3394 1639 3586 1708; x_wconf 87' lang='lat' dir='ltr'><strong>prohi-</strong></span> 
     </span>
    </p>
   </div>
   <div class='ocr_carea' id='block_1_61' title="bbox 1973 1727 3585 1805">
    <p class='ocr_par' dir='ltr' id='par_1_61' title="bbox 1973 1727 3585 1805">
     <span class='ocr_line' id='line_1_61' title="bbox 1973 1727 3585 1805; baseline -0.008 -10"><span class='ocrx_word' id='word_1_441' title='bbox 1973 1739 2103 1794; x_wconf 87' lang='lat' dir='ltr'><strong>bent</strong></span> <span class='ocrx_word' id='word_1_442' title='bbox 2142 1737 2198 1792; x_wconf 89' lang='lat' dir='ltr'><strong>in</strong></span> <span class='ocrx_word' id='word_1_443' title='bbox 2221 1750 2306 1801; x_wconf 91' lang='lat' dir='ltr'><strong>eo,</strong></span> <span class='ocrx_word' id='word_1_444' title='bbox 2339 1745 2392 1789; x_wconf 88' lang='lat' dir='ltr'><strong>et</strong></span> <span class='ocrx_word' id='word_1_445' title='bbox 2426 1749 2524 1805; x_wconf 88' lang='lat' dir='ltr'><strong>per</strong></span> <span class='ocrx_word' id='word_1_446' title='bbox 2559 1734 2660 1789; x_wconf 91' lang='lat' dir='ltr'><strong>hoc</strong></span> <span class='ocrx_word' id='word_1_447' title='bbox 2692 1731 2902 1787; x_wconf 86' lang='lat' dir='ltr'><strong>faciunt</strong></span> <span class='ocrx_word' id='word_1_448' title='bbox 2932 1732 3157 1786; x_wconf 86' lang='lat' dir='ltr'><strong>omnino</strong></span> <span class='ocrx_word' id='word_1_449' title='bbox 3199 1727 3585 1784; x_wconf 70' lang='lat' dir='ltr'><strong>maledictum?</strong></span> 
     </span>
    </p>
   </div>
   <div class='ocr_carea' id='block_1_62' title="bbox 1972 1821 3585 1893">
    <p class='ocr_par' dir='ltr' id='par_1_62' title="bbox 1972 1821 3585 1893">
     <span class='ocr_line' id='line_1_62' title="bbox 1972 1821 3585 1893; baseline -0.007 -8"><span class='ocrx_word' id='word_1_450' title='bbox 1972 1829 2091 1885; x_wconf 81' lang='lat' dir='ltr'><strong>Non</strong></span> <span class='ocrx_word' id='word_1_451' title='bbox 2126 1828 2275 1884; x_wconf 90' lang='lat' dir='ltr'><strong>enim</strong></span> <span class='ocrx_word' id='word_1_452' title='bbox 2313 1826 2638 1882; x_wconf 82' lang='lat' dir='ltr'><strong>benedictus</strong></span> <span class='ocrx_word' id='word_1_453' title='bbox 2656 1826 2879 1881; x_wconf 88' lang='lat' dir='ltr'><strong>estdies</strong></span> <span class='ocrx_word' id='word_1_454' title='bbox 2919 1824 2972 1879; x_wconf 84' lang='lat' dir='ltr'><strong>in</strong></span> <span class='ocrx_word' id='word_1_455' title='bbox 3007 1837 3116 1893; x_wconf 91' lang='lat' dir='ltr'><strong>quo</strong></span> <span class='ocrx_word' id='word_1_456' title='bbox 3139 1822 3274 1877; x_wconf 89' lang='lat' dir='ltr'><strong>nihil</strong></span> <span class='ocrx_word' id='word_1_457' title='bbox 3300 1821 3427 1876; x_wconf 91' lang='lat' dir='ltr'><strong>boni</strong></span> <span class='ocrx_word' id='word_1_458' title='bbox 3468 1821 3585 1876; x_wconf 83' lang='lat' dir='ltr'><strong>fieri</strong></span> 
     </span>
    </p>
   </div>
   <div class='ocr_carea' id='block_1_63' title="bbox 1971 1912 3583 1985">
    <p class='ocr_par' dir='ltr' id='par_1_63' title="bbox 1971 1912 3583 1985">
     <span class='ocr_line' id='line_1_63' title="bbox 1971 1912 3583 1985; baseline -0.009 -4"><span class='ocrx_word' id='word_1_459' title='bbox 1971 1926 2166 1981; x_wconf 86' lang='lat' dir='ltr'><strong>soleat.</strong></span> <span class='ocrx_word' id='word_1_460' title='bbox 2196 1922 2263 1976; x_wconf 83' lang='lat' dir='ltr'><strong>At</strong></span> <span class='ocrx_word' id='word_1_461' title='bbox 2287 1935 2411 1976; x_wconf 91' lang='lat' dir='ltr'><strong>cum</strong></span> <span class='ocrx_word' id='word_1_462' title='bbox 2442 1918 2496 1973; x_wconf 91' lang='lat' dir='ltr'><strong>hi</strong></span> <span class='ocrx_word' id='word_1_463' title='bbox 2517 1919 2754 1974; x_wconf 83' lang='lat' dir='ltr'><strong>scientes</strong></span> <span class='ocrx_word' id='word_1_464' title='bbox 2788 1931 2898 1985; x_wconf 87' lang='lat' dir='ltr'><strong>quo</strong></span> <span class='ocrx_word' id='word_1_465' title='bbox 2929 1914 3181 1969; x_wconf 90' lang='lat' dir='ltr'><strong>tenderet</strong></span> <span class='ocrx_word' id='word_1_466' title='bbox 3204 1912 3583 1980; x_wconf 77' lang='lat' dir='ltr'><strong>interrogatio,</strong></span> 
     </span>
    </p>
   </div>
   <div class='ocr_carea' id='block_1_64' title="bbox 1972 2003 3589 2080">
    <p class='ocr_par' dir='ltr' id='par_1_64' title="bbox 1972 2003 3589 2080">
     <span class='ocr_line' id='line_1_64' title="bbox 1972 2003 3589 2080; baseline -0.01 -7"><span class='ocrx_word' id='word_1_467' title='bbox 1972 2016 2266 2079; x_wconf 78' lang='lat' dir='ltr'><strong>siluerunt,</strong></span> <span class='ocrx_word' id='word_1_468' title='bbox 2303 2022 2436 2068; x_wconf 88' lang='lat' dir='ltr'><strong>tunc</strong></span> <span class='ocrx_word' id='word_1_469' title='bbox 2459 2010 2619 2066; x_wconf 84' lang='lat' dir='ltr'><strong>Jesus</strong></span> <span class='ocrx_word' id='word_1_470' title='bbox 2651 2010 2796 2080; x_wconf 87' lang='lat' dir='ltr'><strong>quod</strong></span> <span class='ocrx_word' id='word_1_471' title='bbox 2828 2021 2990 2062; x_wconf 89' lang='lat' dir='ltr'><strong>suum</strong></span> <span class='ocrx_word' id='word_1_472' title='bbox 3016 2013 3137 2062; x_wconf 89' lang='lat' dir='ltr'><strong>erat</strong></span> <span class='ocrx_word' id='word_1_473' title='bbox 3173 2003 3331 2067; x_wconf 87' lang='lat' dir='ltr'><strong>facit,</strong></span> <span class='ocrx_word' id='word_1_474' title='bbox 3365 2014 3422 2058; x_wconf 87' lang='lat' dir='ltr'><strong>et</strong></span> <span class='ocrx_word' id='word_1_475' title='bbox 3450 2019 3589 2058; x_wconf 79' lang='lat' dir='ltr'><strong>con-</strong></span> 
     </span>
    </p>
   </div>
   <div class='ocr_carea' id='block_1_65' title="bbox 1977 2094 3589 2161">
    <p class='ocr_par' dir='ltr' id='par_1_65' title="bbox 1977 2094 3589 2161">
     <span class='ocr_line' id='line_1_65' title="bbox 1977 2094 3589 2161; baseline -0.007 -2"><span class='ocrx_word' id='word_1_476' title='bbox 1977 2114 2126 2161; x_wconf 88' lang='lat' dir='ltr'><strong>tactu</strong></span> <span class='ocrx_word' id='word_1_477' title='bbox 2183 2112 2346 2161; x_wconf 83' lang='lat' dir='ltr'><strong>sanat</strong></span> <span class='ocrx_word' id='word_1_478' title='bbox 2398 2101 2722 2156; x_wconf 82' lang='lat' dir='ltr'><strong>hominem:</strong></span> <span class='ocrx_word' id='word_1_479' title='bbox 2792 2097 2990 2153; x_wconf 89' lang='lat' dir='ltr'><strong>deinde</strong></span> <span class='ocrx_word' id='word_1_480' title='bbox 3040 2098 3206 2151; x_wconf 89' lang='lat' dir='ltr'><strong>etiam</strong></span> <span class='ocrx_word' id='word_1_481' title='bbox 3275 2094 3589 2150; x_wconf 65' lang='lat' dir='ltr'><strong>Pbarismos</strong></span> 
     </span>
    </p>
   </div>
   <div class='ocr_carea' id='block_1_66' title="bbox 1971 2188 3586 2266">
    <p class='ocr_par' dir='ltr' id='par_1_66' title="bbox 1971 2188 3586 2266">
     <span class='ocr_line' id='line_1_66' title="bbox 1971 2188 3586 2266; baseline -0.007 -12"><span class='ocrx_word' id='word_1_482' title='bbox 1971 2199 2300 2254; x_wconf 85' lang='lat' dir='ltr'><strong>erubescere</strong></span> <span class='ocrx_word' id='word_1_483' title='bbox 2345 2196 2496 2261; x_wconf 81' lang='lat' dir='ltr'><strong>facit,</strong></span> <span class='ocrx_word' id='word_1_484' title='bbox 2532 2194 2691 2266; x_wconf 88' lang='lat' dir='ltr'><strong>quasi</strong></span> <span class='ocrx_word' id='word_1_485' title='bbox 2750 2194 2878 2249; x_wconf 87' lang='lat' dir='ltr'><strong>talia</strong></span> <span class='ocrx_word' id='word_1_486' title='bbox 2910 2193 3116 2246; x_wconf 81' lang='lat' dir='ltr'><strong>diceret</strong></span> <span class='ocrx_word' id='word_1_487' title='bbox 3147 2191 3227 2245; x_wconf 89' lang='lat' dir='ltr'><strong>eis</strong></span> <span class='ocrx_word' id='word_1_488' title='bbox 3259 2209 3271 2243; x_wconf 91' lang='lat'><strong>:</strong></span> <span class='ocrx_word' id='word_1_489' title='bbox 3313 2188 3368 2244; x_wconf 90' lang='lat' dir='ltr'><strong>Si</strong></span> <span class='ocrx_word' id='word_1_490' title='bbox 3396 2188 3586 2260; x_wconf 87' lang='lat' dir='ltr'><strong>prohi-</strong></span> 
     </span>
    </p>
   </div>
   <div class='ocr_carea' id='block_1_67' title="bbox 1972 2283 3579 2349">
    <p class='ocr_par' dir='ltr' id='par_1_67' title="bbox 1972 2283 3579 2349">
     <span class='ocr_line' id='line_1_67' title="bbox 1972 2283 3579 2349; baseline -0.005 -3"><span class='ocrx_word' id='word_1_491' title='bbox 1972 2291 2180 2348; x_wconf 88' lang='lat' dir='ltr'><strong>buisset</strong></span> <span class='ocrx_word' id='word_1_492' title='bbox 2214 2291 2300 2346; x_wconf 79' lang='lat' dir='ltr'><strong>lex</strong></span> <span class='ocrx_word' id='word_1_493' title='bbox 2325 2289 2574 2347; x_wconf 84' lang='lat' dir='ltr'><strong>misereri</strong></span> <span class='ocrx_word' id='word_1_494' title='bbox 2610 2287 2662 2343; x_wconf 91' lang='lat' dir='ltr'><strong>iu</strong></span> <span class='ocrx_word' id='word_1_495' title='bbox 2692 2285 2957 2349; x_wconf 86' lang='lat' dir='ltr'><strong>Sabbato,</strong></span> <span class='ocrx_word' id='word_1_496' title='bbox 2993 2300 3099 2339; x_wconf 93' lang='lat' dir='ltr'><strong>non</strong></span> <span class='ocrx_word' id='word_1_497' title='bbox 3132 2299 3278 2338; x_wconf 75' lang='lat' dir='ltr'><strong>cura:</strong></span> <span class='ocrx_word' id='word_1_498' title='bbox 3310 2283 3408 2337; x_wconf 83' lang='lat' dir='ltr'><strong>tibi</strong></span> <span class='ocrx_word' id='word_1_499' title='bbox 3439 2283 3579 2338; x_wconf 73' lang='lat' dir='ltr'><strong>fuis~</strong></span> 
     </span>
    </p>
   </div>
   <div class='ocr_carea' id='block_1_68' title="bbox 1971 2376 3581 2454">
    <p class='ocr_par' dir='ltr' id='par_1_68' title="bbox 1971 2376 3581 2454">
     <span class='ocr_line' id='line_1_68' title="bbox 1971 2376 3581 2454; baseline -0.006 -10"><span class='ocrx_word' id='word_1_500' title='bbox 1971 2396 2057 2444; x_wconf 86' lang='lat' dir='ltr'><strong>set</strong></span> <span class='ocrx_word' id='word_1_501' title='bbox 2110 2386 2157 2442; x_wconf 90' lang='lat' dir='ltr'><strong>si</strong></span> <span class='ocrx_word' id='word_1_502' title='bbox 2211 2386 2356 2440; x_wconf 86' lang='lat' dir='ltr'><strong>filius</strong></span> <span class='ocrx_word' id='word_1_503' title='bbox 2396 2395 2521 2440; x_wconf 88' lang='lat' dir='ltr'><strong>tuus</strong></span> <span class='ocrx_word' id='word_1_504' title='bbox 2571 2383 2915 2454; x_wconf 85' lang='lat' dir='ltr'><strong>periclitatus</strong></span> <span class='ocrx_word' id='word_1_505' title='bbox 2953 2381 3150 2438; x_wconf 67' lang='lat' dir='ltr'><strong>Fuisset</strong></span> <span class='ocrx_word' id='word_1_506' title='bbox 3200 2379 3253 2436; x_wconf 92' lang='lat' dir='ltr'><strong>iu</strong></span> <span class='ocrx_word' id='word_1_507' title='bbox 3283 2376 3581 2436; x_wconf 77' lang='lat' dir='ltr'><strong>Sabbato?</strong></span> 
     </span>
    </p>
   </div>
   <div class='ocr_carea' id='block_1_69' title="bbox 1974 2478 3588 2551">
    <p class='ocr_par' dir='ltr' id='par_1_69' title="bbox 1974 2478 3588 2551">
     <span class='ocr_line' id='line_1_69' title="bbox 1974 2478 3588 2551; baseline -0.002 -15"><span class='ocrx_word' id='word_1_508' title='bbox 1974 2480 2041 2536; x_wconf 86' lang='lat' dir='ltr'><strong>Et</strong></span> <span class='ocrx_word' id='word_1_509' title='bbox 2061 2480 2194 2551; x_wconf 90' lang='lat' dir='ltr'><strong>quid</strong></span> <span class='ocrx_word' id='word_1_510' title='bbox 2222 2480 2344 2534; x_wconf 89' lang='lat' dir='ltr'><strong>dico</strong></span> <span class='ocrx_word' id='word_1_511' title='bbox 2381 2478 2568 2535; x_wconf 79' lang='lat' dir='ltr'><strong>illius?</strong></span> <span class='ocrx_word' id='word_1_512' title='bbox 2599 2493 2776 2549; x_wconf 88' lang='lat' dir='ltr'><strong>neque</strong></span> <span class='ocrx_word' id='word_1_513' title='bbox 2797 2479 2993 2534; x_wconf 87' lang='lat' dir='ltr'><strong>bovem</strong></span> <span class='ocrx_word' id='word_1_514' title='bbox 3022 2478 3345 2548; x_wconf 84' lang='lat' dir='ltr'><strong>reliquisses</strong></span> <span class='ocrx_word' id='word_1_515' title='bbox 3375 2478 3588 2544; x_wconf 81' lang='lat' dir='ltr'><strong>absque</strong></span> 
     </span>
    </p>
   </div>
   <div class='ocr_carea' id='block_1_70' title="bbox 1969 2570 3588 2644">
    <p class='ocr_par' dir='ltr' id='par_1_70' title="bbox 1969 2570 3588 2644">
     <span class='ocr_line' id='line_1_70' title="bbox 1969 2570 3588 2644; baseline -0.005 -14"><span class='ocrx_word' id='word_1_516' title='bbox 1969 2574 2267 2642; x_wconf 86' lang='lat' dir='ltr'><strong>adjutorio,</strong></span> <span class='ocrx_word' id='word_1_517' title='bbox 2296 2575 2340 2630; x_wconf 92' lang='lat' dir='ltr'><strong>si</strong></span> <span class='ocrx_word' id='word_1_518' title='bbox 2371 2573 2772 2644; x_wconf 88' lang='lat' dir='ltr'><strong>periclitantem</strong></span> <span class='ocrx_word' id='word_1_519' title='bbox 2805 2573 3062 2627; x_wconf 74' lang='lat' dir='ltr'><strong>vidisses.</strong></span> <span class='ocrx_word' id='word_1_520' title='bbox 3099 2573 3388 2638; x_wconf 82' lang='lat' dir='ltr'><strong>Quomodo</strong></span> <span class='ocrx_word' id='word_1_521' title='bbox 3423 2570 3588 2640; x_wconf 85' lang='lat' dir='ltr'><strong>igitur</strong></span> 
     </span>
    </p>
   </div>
   <div class='ocr_carea' id='block_1_71' title="bbox 1973 2666 3589 2737">
    <p class='ocr_par' dir='ltr' id='par_1_71' title="bbox 1973 2666 3589 2737">
     <span class='ocr_line' id='line_1_71' title="bbox 1973 2666 3589 2737; baseline -0.007 -13"><span class='ocrx_word' id='word_1_522' title='bbox 1973 2686 2082 2726; x_wconf 90' lang='lat' dir='ltr'><strong>nou</strong></span> <span class='ocrx_word' id='word_1_523' title='bbox 2114 2669 2340 2725; x_wconf 87' lang='lat' dir='ltr'><strong>stultqu</strong></span> <span class='ocrx_word' id='word_1_524' title='bbox 2373 2667 2538 2721; x_wconf 88' lang='lat' dir='ltr'><strong>fuerit</strong></span> <span class='ocrx_word' id='word_1_525' title='bbox 2577 2668 2723 2737; x_wconf 85' lang='lat' dir='ltr'><strong>quod</strong></span> <span class='ocrx_word' id='word_1_526' title='bbox 2755 2669 3066 2721; x_wconf 78' lang='lat' dir='ltr'><strong>observatis</strong></span> <span class='ocrx_word' id='word_1_527' title='bbox 3113 2667 3454 2719; x_wconf 87' lang='lat' dir='ltr'><strong>sanationem</strong></span> <span class='ocrx_word' id='word_1_528' title='bbox 3490 2666 3589 2733; x_wconf 86' lang='lat' dir='ltr'><strong>hy-</strong></span> 
     </span>
    </p>
   </div>
   <div class='ocr_carea' id='block_1_72' title="bbox 1973 2756 3590 2833">
    <p class='ocr_par' dir='ltr' id='par_1_72' title="bbox 1973 2756 3590 2833">
     <span class='ocr_line' id='line_1_72' title="bbox 1973 2756 3590 2833; baseline -0.004 -15"><span class='ocrx_word' id='word_1_529' title='bbox 1973 2761 2187 2833; x_wconf 85' lang='lat' dir='ltr'><strong>dropici</strong></span> <span class='ocrx_word' id='word_1_530' title='bbox 2233 2764 2286 2817; x_wconf 90' lang='lat' dir='ltr'><strong>in</strong></span> <span class='ocrx_word' id='word_1_531' title='bbox 2351 2761 2635 2817; x_wconf 84' lang='lat' dir='ltr'><strong>Sabbato?</strong></span> <span class='ocrx_word' id='word_1_532' title='bbox 2666 2757 2834 2831; x_wconf 61' lang='lat'><strong>394</strong></span> <span class='ocrx_word' id='word_1_533' title='bbox 2866 2759 3210 2831; x_wconf 80' lang='lat' dir='ltr'><strong>Hydropicus</strong></span> <span class='ocrx_word' id='word_1_534' title='bbox 3269 2767 3353 2811; x_wconf 91' lang='lat' dir='ltr'><strong>est</strong></span> <span class='ocrx_word' id='word_1_535' title='bbox 3408 2756 3590 2811; x_wconf 89' lang='lat' dir='ltr'><strong>omnis</strong></span> 
     </span>
    </p>
   </div>
   <div class='ocr_carea' id='block_1_73' title="bbox 1972 2852 3588 2928">
    <p class='ocr_par' dir='ltr' id='par_1_73' title="bbox 1972 2852 3588 2928">
     <span class='ocr_line' id='line_1_73' title="bbox 1972 2852 3588 2928; baseline -0.005 -18"><span class='ocrx_word' id='word_1_536' title='bbox 1972 2871 2182 2928; x_wconf 70' lang='lat' dir='ltr'><strong>quaper</strong></span> <span class='ocrx_word' id='word_1_537' title='bbox 2204 2855 2525 2911; x_wconf 81' lang='lat' dir='ltr'><strong>dissolutam</strong></span> <span class='ocrx_word' id='word_1_538' title='bbox 2551 2855 2717 2908; x_wconf 88' lang='lat' dir='ltr'><strong>vitam</strong></span> <span class='ocrx_word' id='word_1_539' title='bbox 2744 2866 2794 2908; x_wconf 89' lang='lat' dir='ltr'><strong>et</strong></span> <span class='ocrx_word' id='word_1_540' title='bbox 2834 2854 3097 2908; x_wconf 88' lang='lat' dir='ltr'><strong>lubricam</strong></span> <span class='ocrx_word' id='word_1_541' title='bbox 3131 2852 3311 2906; x_wconf 89' lang='lat' dir='ltr'><strong>anima</strong></span> <span class='ocrx_word' id='word_1_542' title='bbox 3350 2865 3446 2905; x_wconf 89' lang='lat' dir='ltr'><strong>sua</strong></span> <span class='ocrx_word' id='word_1_543' title='bbox 3465 2865 3588 2920; x_wconf 78' lang='lat' dir='ltr'><strong>gra-</strong></span> 
     </span>
    </p>
   </div>
   <div class='ocr_carea' id='block_1_74' title="bbox 1974 2944 3592 3022">
    <p class='ocr_par' dir='ltr' id='par_1_74' title="bbox 1974 2944 3592 3022">
     <span class='ocr_line' id='line_1_74' title="bbox 1974 2944 3592 3022; baseline -0.006 -17"><span class='ocrx_word' id='word_1_544' title='bbox 1974 2953 2116 3008; x_wconf 91' lang='lat' dir='ltr'><strong>viter</strong></span> <span class='ocrx_word' id='word_1_545' title='bbox 2148 2959 2399 3022; x_wconf 65' lang='lat' dir='ltr'><strong>aegrotat,</strong></span> <span class='ocrx_word' id='word_1_546' title='bbox 2437 2950 2529 3019; x_wconf 89' lang='lat' dir='ltr'><strong>qui</strong></span> <span class='ocrx_word' id='word_1_547' title='bbox 2562 2960 2615 3003; x_wconf 91' lang='lat' dir='ltr'><strong>et</strong></span> <span class='ocrx_word' id='word_1_548' title='bbox 2671 2948 2892 3004; x_wconf 89' lang='lat' dir='ltr'><strong>Christo</strong></span> <span class='ocrx_word' id='word_1_549' title='bbox 2922 2948 3171 3016; x_wconf 81' lang='lat' dir='ltr'><strong>indiget:</strong></span> <span class='ocrx_word' id='word_1_550' title='bbox 3210 2957 3264 3001; x_wconf 91' lang='lat' dir='ltr'><strong>et</strong></span> <span class='ocrx_word' id='word_1_551' title='bbox 3307 2944 3592 2999; x_wconf 83' lang='lat' dir='ltr'><strong>sanabitur</strong></span> 
     </span>
    </p>
   </div>
   <div class='ocr_carea' id='block_1_75' title="bbox 1972 3040 3590 3115">
    <p class='ocr_par' dir='ltr' id='par_1_75' title="bbox 1972 3040 3590 3115">
     <span class='ocr_line' id='line_1_75' title="bbox 1972 3040 3590 3115; baseline -0.002 -18"><span class='ocrx_word' id='word_1_552' title='bbox 1972 3044 2154 3115; x_wconf 85' lang='lat' dir='ltr'><strong>plane,</strong></span> <span class='ocrx_word' id='word_1_553' title='bbox 2185 3046 2228 3100; x_wconf 90' lang='lat' dir='ltr'><strong>si</strong></span> <span class='ocrx_word' id='word_1_554' title='bbox 2265 3055 2392 3100; x_wconf 91' lang='lat' dir='ltr'><strong>ante</strong></span> <span class='ocrx_word' id='word_1_555' title='bbox 2438 3043 2721 3099; x_wconf 84' lang='lat' dir='ltr'><strong>Christum</strong></span> <span class='ocrx_word' id='word_1_556' title='bbox 2776 3041 2963 3096; x_wconf 88' lang='lat' dir='ltr'><strong>fuerit.</strong></span> <span class='ocrx_word' id='word_1_557' title='bbox 3031 3041 3170 3093; x_wconf 87' lang='lat' dir='ltr'><strong>Nam</strong></span> <span class='ocrx_word' id='word_1_558' title='bbox 3226 3040 3316 3109; x_wconf 91' lang='lat' dir='ltr'><strong>qui</strong></span> <span class='ocrx_word' id='word_1_559' title='bbox 3370 3054 3432 3094; x_wconf 89' lang='lat' dir='ltr'><strong>se</strong></span> <span class='ocrx_word' id='word_1_560' title='bbox 3461 3051 3590 3094; x_wconf 87' lang='lat' dir='ltr'><strong>ante</strong></span> 
     </span>
    </p>
   </div>
   <div class='ocr_carea' id='block_1_76' title="bbox 1973 3136 3589 3206">
    <p class='ocr_par' dir='ltr' id='par_1_76' title="bbox 1973 3136 3589 3206">
     <span class='ocr_line' id='line_1_76' title="bbox 1973 3136 3589 3206; baseline -0.003 -14"><span class='ocrx_word' id='word_1_561' title='bbox 1973 3137 2254 3193; x_wconf 85' lang='lat' dir='ltr'><strong>Christum</strong></span> <span class='ocrx_word' id='word_1_562' title='bbox 2300 3154 2423 3194; x_wconf 88' lang='lat' dir='ltr'><strong>esse</strong></span> <span class='ocrx_word' id='word_1_563' title='bbox 2472 3136 2812 3201; x_wconf 75' lang='lat' dir='ltr'><strong>comsiderat,</strong></span> <span class='ocrx_word' id='word_1_564' title='bbox 2872 3137 3125 3206; x_wconf 74' lang='lat' dir='ltr'><strong>cogitans</strong></span> <span class='ocrx_word' id='word_1_565' title='bbox 3176 3149 3397 3203; x_wconf 77' lang='lat' dir='ltr'><strong>semper</strong></span> <span class='ocrx_word' id='word_1_566' title='bbox 3452 3148 3589 3201; x_wconf 78' lang='lat' dir='ltr'><strong>quo-</strong></span> 
     </span>
    </p>
   </div>
   <div class='ocr_carea' id='block_1_77' title="bbox 1898 3228 3281 3316">
    <p class='ocr_par' dir='ltr' id='par_1_77' title="bbox 1898 3228 3281 3316">
     <span class='ocr_line' id='line_1_77' title="bbox 1898 3228 3281 3316; baseline -0.004 -28"><span class='ocrx_word' id='word_1_567' title='bbox 1898 3253 1945 3316; x_wconf 70' lang='grc' dir='ltr'><strong>ρ</strong></span> <span class='ocrx_word' id='word_1_568' title='bbox 1980 3233 2141 3288; x_wconf 91' lang='lat' dir='ltr'><strong>modo</strong></span> <span class='ocrx_word' id='word_1_569' title='bbox 2181 3231 2251 3286; x_wconf 89' lang='lat' dir='ltr'><strong>ab</strong></span> <span class='ocrx_word' id='word_1_570' title='bbox 2293 3233 2412 3303; x_wconf 88' lang='lat' dir='ltr'><strong>ipso</strong></span> <span class='ocrx_word' id='word_1_571' title='bbox 2434 3231 2708 3297; x_wconf 85' lang='lat' dir='ltr'><strong>videatur,</strong></span> <span class='ocrx_word' id='word_1_572' title='bbox 2741 3231 2969 3284; x_wconf 85' lang='lat' dir='ltr'><strong>minime</strong></span> <span class='ocrx_word' id='word_1_573' title='bbox 3008 3228 3281 3299; x_wconf 81' lang='lat' dir='ltr'><strong>peccabit.</strong></span> 
     </span>
    </p>
   </div>
   <div class='ocr_carea' id='block_1_78' title="bbox 2056 3410 3592 3480">
    <p class='ocr_par' dir='ltr' id='par_1_78' title="bbox 2056 3410 3592 3480">
     <span class='ocr_line' id='line_1_78' title="bbox 2056 3410 3592 3480; baseline -0.002 -13"><span class='ocrx_word' id='word_1_574' title='bbox 2056 3414 2217 3471; x_wconf 72' lang='lat' dir='ltr'><strong>Vens.</strong></span> <span class='ocrx_word' id='word_1_575' title='bbox 2272 3415 2427 3469; x_wconf 83' lang='lat' dir='ltr'><strong>7-H.</strong></span> <span class='ocrx_word' id='word_1_576' title='bbox 2470 3429 2493 3466; x_wconf 77' lang='grc' dir='ltr'><strong>ε</strong></span> <span class='ocrx_word' id='word_1_577' title='bbox 2528 3412 2757 3468; x_wconf 89' lang='lat' dir='ltr'><strong>Dicebat</strong></span> <span class='ocrx_word' id='word_1_578' title='bbox 2789 3420 2970 3466; x_wconf 87' lang='lat' dir='ltr'><strong>autem</strong></span> <span class='ocrx_word' id='word_1_579' title='bbox 3024 3410 3090 3464; x_wconf 93' lang='lat' dir='ltr'><strong>ad</strong></span> <span class='ocrx_word' id='word_1_580' title='bbox 3138 3410 3394 3463; x_wconf 84' lang='lat' dir='ltr'><strong>invitatos</strong></span> <span class='ocrx_word' id='word_1_581' title='bbox 3428 3424 3592 3480; x_wconf 83' lang='lat' dir='ltr'><strong>para-</strong></span> 
     </span>
    </p>
   </div>
   <div class='ocr_carea' id='block_1_79' title="bbox 1979 3502 3592 3575">
    <p class='ocr_par' dir='ltr' id='par_1_79' title="bbox 1979 3502 3592 3575">
     <span class='ocr_line' id='line_1_79' title="bbox 1979 3502 3592 3575; baseline -0.006 -12"><span class='ocrx_word' id='word_1_582' title='bbox 1979 3510 2183 3573; x_wconf 81' lang='lat' dir='ltr'><strong>bolam,</strong></span> <span class='ocrx_word' id='word_1_583' title='bbox 2216 3509 2508 3563; x_wconf 89' lang='lat' dir='ltr'><strong>intendens</strong></span> <span class='ocrx_word' id='word_1_584' title='bbox 2539 3507 2813 3575; x_wconf 86' lang='lat' dir='ltr'><strong>quomodo</strong></span> <span class='ocrx_word' id='word_1_585' title='bbox 2839 3506 3048 3572; x_wconf 89' lang='lat' dir='ltr'><strong>primos</strong></span> <span class='ocrx_word' id='word_1_586' title='bbox 3081 3503 3367 3556; x_wconf 74' lang='lat' dir='ltr'><strong>accubitus</strong></span> <span class='ocrx_word' id='word_1_587' title='bbox 3421 3502 3592 3571; x_wconf 84' lang='lat' dir='ltr'><strong>elige-</strong></span> 
     </span>
    </p>
   </div>
   <div class='ocr_carea' id='block_1_80' title="bbox 1979 3594 3594 3664">
    <p class='ocr_par' dir='ltr' id='par_1_80' title="bbox 1979 3594 3594 3664">
     <span class='ocr_line' id='line_1_80' title="bbox 1979 3594 3594 3664; baseline -0.006 -8"><span class='ocrx_word' id='word_1_588' title='bbox 1979 3609 2120 3664; x_wconf 89' lang='lat' dir='ltr'><strong>rent,</strong></span> <span class='ocrx_word' id='word_1_589' title='bbox 2147 3600 2336 3656; x_wconf 63' lang='lat' dir='ltr'><strong>dicens</strong></span> <span class='ocrx_word' id='word_1_590' title='bbox 2364 3600 2430 3652; x_wconf 86' lang='lat' dir='ltr'><strong>ad</strong></span> <span class='ocrx_word' id='word_1_591' title='bbox 2467 3598 2630 3653; x_wconf 85' lang='lat' dir='ltr'><strong>illos:</strong></span> <span class='ocrx_word' id='word_1_592' title='bbox 2661 3598 2796 3652; x_wconf 86' lang='lat' dir='ltr'><strong>Cum</strong></span> <span class='ocrx_word' id='word_1_593' title='bbox 2826 3598 3089 3651; x_wconf 88' lang='lat' dir='ltr'><strong>invitatus</strong></span> <span class='ocrx_word' id='word_1_594' title='bbox 3120 3594 3289 3649; x_wconf 75' lang='lat' dir='ltr'><strong>fueris</strong></span> <span class='ocrx_word' id='word_1_595' title='bbox 3319 3596 3386 3647; x_wconf 88' lang='lat' dir='ltr'><strong>ab</strong></span> <span class='ocrx_word' id='word_1_596' title='bbox 3411 3594 3594 3664; x_wconf 83' lang='lat' dir='ltr'><strong>aliquo</strong></span> 
     </span>
    </p>
   </div>
   <div class='ocr_carea' id='block_1_81' title="bbox 1981 3673 3594 3766">
    <p class='ocr_par' dir='ltr' id='par_1_81' title="bbox 1981 3686 3594 3766">
     <span class='ocr_line' id='line_1_81' title="bbox 1981 3686 3594 3766; baseline -0.006 -16"><span class='ocrx_word' id='word_1_597' title='bbox 1981 3697 2049 3753; x_wconf 86' lang='lat' dir='ltr'><strong>ad</strong></span> <span class='ocrx_word' id='word_1_598' title='bbox 2096 3697 2338 3766; x_wconf 82' lang='lat' dir='ltr'><strong>nuptias,</strong></span> <span class='ocrx_word' id='word_1_599' title='bbox 2405 3709 2474 3749; x_wconf 89' lang='lat' dir='ltr'><strong>ne</strong></span> <span class='ocrx_word' id='word_1_600' title='bbox 2505 3695 2805 3746; x_wconf 82' lang='lat' dir='ltr'><strong>accumbas</strong></span> <span class='ocrx_word' id='word_1_601' title='bbox 2841 3692 2893 3745; x_wconf 92' lang='lat' dir='ltr'><strong>in</strong></span> <span class='ocrx_word' id='word_1_602' title='bbox 2922 3691 3100 3760; x_wconf 91' lang='lat' dir='ltr'><strong>primo</strong></span> <span class='ocrx_word' id='word_1_603' title='bbox 3141 3691 3284 3754; x_wconf 89' lang='lat' dir='ltr'><strong>loco,</strong></span> <span class='ocrx_word' id='word_1_604' title='bbox 3341 3703 3406 3741; x_wconf 90' lang='lat' dir='ltr'><strong>ne</strong></span> <span class='ocrx_word' id='word_1_605' title='bbox 3452 3686 3594 3741; x_wconf 86' lang='lat' dir='ltr'><strong>forte</strong></span> 
     </span>
    </p>
   </div>
   <div class='ocr_carea' id='block_1_82' title="bbox 1980 3783 3594 3847">
    <p class='ocr_par' dir='ltr' id='par_1_82' title="bbox 1980 3783 3594 3847">
     <span class='ocr_line' id='line_1_82' title="bbox 1980 3783 3594 3847; baseline -0.006 0"><span class='ocrx_word' id='word_1_606' title='bbox 1980 3790 2302 3847; x_wconf 83' lang='lat' dir='ltr'><strong>honoratior</strong></span> <span class='ocrx_word' id='word_1_607' title='bbox 2341 3798 2393 3843; x_wconf 92' lang='lat' dir='ltr'><strong>te</strong></span> <span class='ocrx_word' id='word_1_608' title='bbox 2438 3789 2507 3842; x_wconf 87' lang='lat' dir='ltr'><strong>ab</strong></span> <span class='ocrx_word' id='word_1_609' title='bbox 2549 3787 2642 3842; x_wconf 89' lang='lat' dir='ltr'><strong>illo</strong></span> <span class='ocrx_word' id='word_1_610' title='bbox 2695 3786 2768 3840; x_wconf 89' lang='lat' dir='ltr'><strong>sit</strong></span> <span class='ocrx_word' id='word_1_611' title='bbox 2837 3787 3121 3847; x_wconf 84' lang='lat' dir='ltr'><strong>invitatus,</strong></span> <span class='ocrx_word' id='word_1_612' title='bbox 3189 3793 3244 3837; x_wconf 91' lang='lat' dir='ltr'><strong>et</strong></span> <span class='ocrx_word' id='word_1_613' title='bbox 3286 3783 3510 3837; x_wconf 88' lang='lat' dir='ltr'><strong>veniens</strong></span> <span class='ocrx_word' id='word_1_614' title='bbox 3553 3783 3594 3837; x_wconf 79' lang='lat' dir='ltr'><strong>is</strong></span> 
     </span>
    </p>
   </div>
   <div class='ocr_carea' id='block_1_83' title="bbox 1980 3875 3593 3953">
    <p class='ocr_par' dir='ltr' id='par_1_83' title="bbox 1980 3875 3593 3953">
     <span class='ocr_line' id='line_1_83' title="bbox 1980 3875 3593 3953; baseline -0.004 -19"><span class='ocrx_word' id='word_1_615' title='bbox 1980 3883 2074 3953; x_wconf 92' lang='lat' dir='ltr'><strong>qui</strong></span> <span class='ocrx_word' id='word_1_616' title='bbox 2105 3892 2156 3937; x_wconf 89' lang='lat' dir='ltr'><strong>te</strong></span> <span class='ocrx_word' id='word_1_617' title='bbox 2186 3890 2243 3935; x_wconf 89' lang='lat' dir='ltr'><strong>et</strong></span> <span class='ocrx_word' id='word_1_618' title='bbox 2271 3881 2420 3933; x_wconf 90' lang='lat' dir='ltr'><strong>illum</strong></span> <span class='ocrx_word' id='word_1_619' title='bbox 2451 3884 2691 3943; x_wconf 89' lang='lat' dir='ltr'><strong>vocavit,</strong></span> <span class='ocrx_word' id='word_1_620' title='bbox 2717 3877 2865 3934; x_wconf 70' lang='lat' dir='ltr'><strong>dicat</strong></span> <span class='ocrx_word' id='word_1_621' title='bbox 2904 3878 2997 3931; x_wconf 91' lang='lat' dir='ltr'><strong>tibi</strong></span> <span class='ocrx_word' id='word_1_622' title='bbox 3037 3896 3048 3931; x_wconf 89' lang='lat'><strong>:</strong></span> <span class='ocrx_word' id='word_1_623' title='bbox 3095 3877 3165 3930; x_wconf 91' lang='lat' dir='ltr'><strong>Da</strong></span> <span class='ocrx_word' id='word_1_624' title='bbox 3202 3877 3332 3931; x_wconf 85' lang='lat' dir='ltr'><strong>huic</strong></span> <span class='ocrx_word' id='word_1_625' title='bbox 3359 3875 3541 3930; x_wconf 91' lang='lat' dir='ltr'><strong>locum</strong></span> <span class='ocrx_word' id='word_1_626' title='bbox 3579 3893 3593 3928; x_wconf 88' lang='lat'><strong>:</strong></span> 
     </span>
    </p>
   </div>
   <div class='ocr_carea' id='block_1_84' title="bbox 1981 3969 3597 4044">
    <p class='ocr_par' dir='ltr' id='par_1_84' title="bbox 1981 3969 3597 4044">
     <span class='ocr_line' id='line_1_84' title="bbox 1981 3969 3597 4044; baseline -0.004 -14"><span class='ocrx_word' id='word_1_627' title='bbox 1981 3985 2038 4030; x_wconf 90' lang='lat' dir='ltr'><strong>et</strong></span> <span class='ocrx_word' id='word_1_628' title='bbox 2072 3984 2202 4030; x_wconf 93' lang='lat' dir='ltr'><strong>tunc</strong></span> <span class='ocrx_word' id='word_1_629' title='bbox 2252 3973 2486 4044; x_wconf 90' lang='lat' dir='ltr'><strong>incipias</strong></span> <span class='ocrx_word' id='word_1_630' title='bbox 2525 3987 2650 4026; x_wconf 90' lang='lat' dir='ltr'><strong>cum</strong></span> <span class='ocrx_word' id='word_1_631' title='bbox 2707 3974 2907 4026; x_wconf 90' lang='lat' dir='ltr'><strong>rubore</strong></span> <span class='ocrx_word' id='word_1_632' title='bbox 2945 3980 3255 4024; x_wconf 80' lang='lat' dir='ltr'><strong>extremum</strong></span> <span class='ocrx_word' id='word_1_633' title='bbox 3287 3969 3466 4024; x_wconf 91' lang='lat' dir='ltr'><strong>locum</strong></span> <span class='ocrx_word' id='word_1_634' title='bbox 3511 3978 3597 4024; x_wconf 84' lang='lat' dir='ltr'><strong>te-</strong></span> 
     </span>
    </p>
   </div>
   <div class='ocr_carea' id='block_1_85' title="bbox 1984 4061 3596 4137">
    <p class='ocr_par' dir='ltr' id='par_1_85' title="bbox 1984 4061 3596 4137">
     <span class='ocr_line' id='line_1_85' title="bbox 1984 4061 3596 4137; baseline -0.004 -16"><span class='ocrx_word' id='word_1_635' title='bbox 1984 4082 2116 4122; x_wconf 90' lang='lat' dir='ltr'><strong>nere</strong></span> <span class='ocrx_word' id='word_1_636' title='bbox 2185 4086 2198 4121; x_wconf 86' lang='lat'><strong>:</strong></span> <span class='ocrx_word' id='word_1_637' title='bbox 2273 4069 2406 4137; x_wconf 84' lang='lat' dir='ltr'><strong>quin</strong></span> <span class='ocrx_word' id='word_1_638' title='bbox 2455 4066 2638 4135; x_wconf 86' lang='lat' dir='ltr'><strong>potius</strong></span> <span class='ocrx_word' id='word_1_639' title='bbox 2702 4080 2823 4119; x_wconf 89' lang='lat' dir='ltr'><strong>cum</strong></span> <span class='ocrx_word' id='word_1_640' title='bbox 2878 4073 3103 4117; x_wconf 79' lang='lat' dir='ltr'><strong>vocatus</strong></span> <span class='ocrx_word' id='word_1_641' title='bbox 3163 4061 3368 4128; x_wconf 87' lang='lat' dir='ltr'><strong>fueris,</strong></span> <span class='ocrx_word' id='word_1_642' title='bbox 3420 4063 3596 4129; x_wconf 88' lang='lat' dir='ltr'><strong>vade,</strong></span> 
     </span>
    </p>
   </div>
   <div class='ocr_carea' id='block_1_86' title="bbox 1985 4159 3599 4224">
    <p class='ocr_par' dir='ltr' id='par_1_86' title="bbox 1985 4159 3599 4224">
     <span class='ocr_line' id='line_1_86' title="bbox 1985 4159 3599 4224; baseline -0.003 -10"><span class='ocrx_word' id='word_1_643' title='bbox 1985 4161 2250 4216; x_wconf 89' lang='lat' dir='ltr'><strong>accumbe</strong></span> <span class='ocrx_word' id='word_1_644' title='bbox 2317 4161 2369 4212; x_wconf 94' lang='lat' dir='ltr'><strong>in</strong></span> <span class='ocrx_word' id='word_1_645' title='bbox 2449 4159 2750 4216; x_wconf 89' lang='lat' dir='ltr'><strong>novissimo</strong></span> <span class='ocrx_word' id='word_1_646' title='bbox 2819 4160 2979 4224; x_wconf 89' lang='lat' dir='ltr'><strong>loco,</strong></span> <span class='ocrx_word' id='word_1_647' title='bbox 3068 4167 3127 4211; x_wconf 87' lang='lat' dir='ltr'><strong>ut</strong></span> <span class='ocrx_word' id='word_1_648' title='bbox 3186 4173 3309 4212; x_wconf 87' lang='lat' dir='ltr'><strong>cum</strong></span> <span class='ocrx_word' id='word_1_649' title='bbox 3383 4160 3599 4213; x_wconf 84' lang='lat' dir='ltr'><strong>venerit</strong></span> 
     </span>
    </p>
   </div>
   <div class='ocr_carea' id='block_1_87' title="bbox 1984 4252 3604 4323">
    <p class='ocr_par' dir='ltr' id='par_1_87' title="bbox 1984 4252 3604 4323">
     <span class='ocr_line' id='line_1_87' title="bbox 1984 4252 3604 4323; baseline -0.002 -16"><span class='ocrx_word' id='word_1_650' title='bbox 1984 4254 2156 4323; x_wconf 92' lang='lat' dir='ltr'><strong>quite</strong></span> <span class='ocrx_word' id='word_1_651' title='bbox 2188 4253 2463 4318; x_wconf 78' lang='lat' dir='ltr'><strong>invitavit,</strong></span> <span class='ocrx_word' id='word_1_652' title='bbox 2492 4252 2639 4306; x_wconf 83' lang='lat' dir='ltr'><strong>dicat</strong></span> <span class='ocrx_word' id='word_1_653' title='bbox 2683 4252 2781 4307; x_wconf 89' lang='lat' dir='ltr'><strong>tibi</strong></span> <span class='ocrx_word' id='word_1_654' title='bbox 2838 4255 3105 4316; x_wconf 85' lang='lat' dir='ltr'><strong>:Amiee,</strong></span> <span class='ocrx_word' id='word_1_655' title='bbox 3149 4252 3385 4306; x_wconf 86' lang='lat' dir='ltr'><strong>ascende</strong></span> <span class='ocrx_word' id='word_1_656' title='bbox 3440 4266 3604 4321; x_wconf 71' lang='lat' dir='ltr'><strong>supr-</strong></span> 
     </span>
    </p>
   </div>
   <div class='ocr_carea' id='block_1_88' title="bbox 1988 4344 3601 4415">
    <p class='ocr_par' dir='ltr' id='par_1_88' title="bbox 1988 4344 3601 4415">
     <span class='ocr_line' id='line_1_88' title="bbox 1988 4344 3601 4415; baseline 0 -17"><span class='ocrx_word' id='word_1_657' title='bbox 1988 4346 2100 4400; x_wconf 83' lang='lat' dir='ltr'><strong>rius</strong></span> <span class='ocrx_word' id='word_1_658' title='bbox 2141 4363 2154 4398; x_wconf 91' lang='lat'><strong>:</strong></span> <span class='ocrx_word' id='word_1_659' title='bbox 2220 4354 2355 4399; x_wconf 89' lang='lat' dir='ltr'><strong>tunc</strong></span> <span class='ocrx_word' id='word_1_660' title='bbox 2404 4346 2512 4399; x_wconf 88' lang='lat' dir='ltr'><strong>erit</strong></span> <span class='ocrx_word' id='word_1_661' title='bbox 2545 4345 2642 4400; x_wconf 91' lang='lat' dir='ltr'><strong>tibi</strong></span> <span class='ocrx_word' id='word_1_662' title='bbox 2677 4345 2850 4415; x_wconf 82' lang='lat' dir='ltr'><strong>gloria</strong></span> <span class='ocrx_word' id='word_1_663' title='bbox 2893 4360 3081 4398; x_wconf 68' lang='lat' dir='ltr'><strong>coram</strong></span> <span class='ocrx_word' id='word_1_664' title='bbox 3130 4344 3291 4398; x_wconf 87' lang='lat' dir='ltr'><strong>simul</strong></span> <span class='ocrx_word' id='word_1_665' title='bbox 3349 4345 3601 4398; x_wconf 74' lang='lat' dir='ltr'><strong>disrum-</strong></span> 
     </span>
    </p>
   </div>
   <div class='ocr_carea' id='block_1_89' title="bbox 1987 4437 3596 4508">
    <p class='ocr_par' dir='ltr' id='par_1_89' title="bbox 1987 4437 3596 4508">
     <span class='ocr_line' id='line_1_89' title="bbox 1987 4437 3596 4508; baseline -0.001 -16"><span class='ocrx_word' id='word_1_666' title='bbox 1987 4439 2282 4494; x_wconf 86' lang='lat' dir='ltr'><strong>bentibus:</strong></span> <span class='ocrx_word' id='word_1_667' title='bbox 2321 4439 2447 4508; x_wconf 86' lang='lat' dir='ltr'><strong>quia</strong></span> <span class='ocrx_word' id='word_1_668' title='bbox 2473 4440 2654 4494; x_wconf 91' lang='lat' dir='ltr'><strong>omnis</strong></span> <span class='ocrx_word' id='word_1_669' title='bbox 2681 4441 2772 4507; x_wconf 88' lang='lat' dir='ltr'><strong>qui</strong></span> <span class='ocrx_word' id='word_1_670' title='bbox 2825 4455 2882 4493; x_wconf 90' lang='lat' dir='ltr'><strong>se</strong></span> <span class='ocrx_word' id='word_1_671' title='bbox 2909 4439 3145 4502; x_wconf 81' lang='lat' dir='ltr'><strong>extollit,</strong></span> <span class='ocrx_word' id='word_1_672' title='bbox 3179 4437 3556 4492; x_wconf 86' lang='lat' dir='ltr'><strong>humiliabitur</strong></span> <span class='ocrx_word' id='word_1_673' title='bbox 3581 4478 3596 4502; x_wconf 94' lang='lat'><strong>,</strong></span> 
     </span>
    </p>
   </div>
   <div class='ocr_carea' id='block_1_90' title="bbox 1987 4528 3602 4602">
    <p class='ocr_par' dir='ltr' id='par_1_90' title="bbox 1987 4528 3602 4602">
     <span class='ocr_line' id='line_1_90' title="bbox 1987 4528 3602 4602; baseline -0.002 -16"><span class='ocrx_word' id='word_1_674' title='bbox 1987 4542 2042 4586; x_wconf 91' lang='lat' dir='ltr'><strong>et</strong></span> <span class='ocrx_word' id='word_1_675' title='bbox 2076 4528 2192 4602; x_wconf 68' lang='lat' dir='ltr'><strong>qui&#39;</strong></span> <span class='ocrx_word' id='word_1_676' title='bbox 2219 4545 2279 4586; x_wconf 89' lang='lat' dir='ltr'><strong>se</strong></span> <span class='ocrx_word' id='word_1_677' title='bbox 2314 4530 2588 4594; x_wconf 88' lang='lat' dir='ltr'><strong>humiliat,</strong></span> <span class='ocrx_word' id='word_1_678' title='bbox 2613 4531 2927 4586; x_wconf 72' lang='lat' dir='ltr'><strong>extolletur.</strong></span> <span class='ocrx_word' id='word_1_679' title='bbox 2976 4549 2993 4583; x_wconf 75' lang='grc' dir='ltr'><strong>ι</strong></span> <span class='ocrx_word' id='word_1_680' title='bbox 3037 4530 3198 4584; x_wconf 78' lang='lat' dir='ltr'><strong>Vides</strong></span> <span class='ocrx_word' id='word_1_681' title='bbox 3214 4545 3402 4585; x_wconf 64' lang='lat' dir='ltr'><strong>coenas</strong></span> <span class='ocrx_word' id='word_1_682' title='bbox 3440 4529 3602 4584; x_wconf 85' lang='lat' dir='ltr'><strong>Chri-</strong></span> 
     </span>
    </p>
   </div>
   <div class='ocr_carea' id='block_1_91' title="bbox 270 4614 1873 4695">
    <p class='ocr_par' dir='ltr' id='par_1_91' title="bbox 270 4614 1873 4686">
     <span class='ocr_line' id='line_1_91' title="bbox 270 4614 1873 4686; baseline -0.012 -15"><span class='ocrx_word' id='word_1_683' title='bbox 270 4616 546 4686; x_wconf 74' lang='grc' dir='ltr'>ῶςρέλειαν</span> <span class='ocrx_word' id='word_1_684' title='bbox 573 4614 764 4686; x_wconf 77' lang='grc' dir='ltr'>ψυχῶν</span> <span class='ocrx_word' id='word_1_685' title='bbox 788 4655 802 4680; x_wconf 91' lang='grc'><strong>,</strong></span> <span class='ocrx_word' id='word_1_686' title='bbox 839 4615 940 4669; x_wconf 80' lang='grc' dir='ltr'>οὐκ</span> <span class='ocrx_word' id='word_1_687' title='bbox 980 4617 1057 4678; x_wconf 87' lang='grc' dir='ltr'><strong>είς</strong></span> <span class='ocrx_word' id='word_1_688' title='bbox 1088 4615 1254 4686; x_wconf 88' lang='grc' dir='ltr'>κόρον</span> <span class='ocrx_word' id='word_1_689' title='bbox 1297 4615 1540 4686; x_wconf 82' lang='grc' dir='ltr'>γαστρὸς</span> <span class='ocrx_word' id='word_1_690' title='bbox 1569 4616 1873 4686; x_wconf 70' lang='grc' dir='ltr'><strong>καταστρέ.</strong></span> 
     </span>
    </p>
   </div>
   <div class='ocr_carea' id='block_1_92' title="bbox 1980 4614 3601 4695">
    <p class='ocr_par' dir='ltr' id='par_1_92' title="bbox 1988 4622 3601 4695">
     <span class='ocr_line' id='line_1_92' title="bbox 1988 4622 3601 4695; baseline -0.002 -15"><span class='ocrx_word' id='word_1_691' title='bbox 1988 4626 2056 4680; x_wconf 69' lang='grc' dir='ltr'><strong>5ιί</strong></span> <span class='ocrx_word' id='word_1_692' title='bbox 2083 4622 2276 4695; x_wconf 89' lang='lat' dir='ltr'><strong>quales</strong></span> <span class='ocrx_word' id='word_1_693' title='bbox 2323 4623 2458 4691; x_wconf 91' lang='lat' dir='ltr'><strong>sint,</strong></span> <span class='ocrx_word' id='word_1_694' title='bbox 2508 4637 2704 4695; x_wconf 89' lang='lat' dir='ltr'><strong>nempe</strong></span> <span class='ocrx_word' id='word_1_695' title='bbox 2739 4625 2792 4677; x_wconf 93' lang='lat' dir='ltr'><strong>in</strong></span> <span class='ocrx_word' id='word_1_696' title='bbox 2832 4625 3127 4678; x_wconf 87' lang='lat' dir='ltr'><strong>utilitatem</strong></span> <span class='ocrx_word' id='word_1_697' title='bbox 3160 4625 3382 4684; x_wconf 78' lang='lat' dir='ltr'><strong>animte,</strong></span> <span class='ocrx_word' id='word_1_698' title='bbox 3413 4633 3466 4676; x_wconf 90' lang='lat' dir='ltr'><strong>et</strong></span> <span class='ocrx_word' id='word_1_699' title='bbox 3495 4638 3601 4677; x_wconf 88' lang='lat' dir='ltr'><strong>nou</strong></span> 
     </span>
    </p>
   </div>
   <div class='ocr_carea' id='block_1_93' title="bbox 272 4707 1879 4780">
    <p class='ocr_par' dir='ltr' id='par_1_93' title="bbox 272 4707 1879 4780">
     <span class='ocr_line' id='line_1_93' title="bbox 272 4707 1879 4780; baseline -0.002 -17"><span class='ocrx_word' id='word_1_700' title='bbox 272 4724 480 4778; x_wconf 74' lang='grc' dir='ltr'>φοντας</span> <span class='ocrx_word' id='word_1_701' title='bbox 515 4708 620 4762; x_wconf 81' lang='grc' dir='ltr'>Ἴδε</span> <span class='ocrx_word' id='word_1_702' title='bbox 649 4709 779 4780; x_wconf 78' lang='grc' dir='ltr'>γάρ,</span> <span class='ocrx_word' id='word_1_703' title='bbox 815 4708 1003 4761; x_wconf 87' lang='grc' dir='ltr'>ίάσατο</span> <span class='ocrx_word' id='word_1_704' title='bbox 1038 4707 1131 4760; x_wconf 83' lang='grc' dir='ltr'>τὸν</span> <span class='ocrx_word' id='word_1_705' title='bbox 1158 4707 1490 4777; x_wconf 85' lang='grc' dir='ltr'>ὑδρωπικὸν,</span> <span class='ocrx_word' id='word_1_706' title='bbox 1516 4707 1724 4772; x_wconf 78' lang='grc' dir='ltr'>ἐδίδαξε</span> <span class='ocrx_word' id='word_1_707' title='bbox 1753 4708 1879 4772; x_wconf 84' lang='grc' dir='ltr'>τοὺς</span> 
     </span>
    </p>
   </div>
   <div class='ocr_carea' id='block_1_94' title="bbox 272 4799 1878 4871">
    <p class='ocr_par' dir='ltr' id='par_1_94' title="bbox 272 4799 1878 4871">
     <span class='ocr_line' id='line_1_94' title="bbox 272 4799 1878 4871; baseline -0.002 -15"><span class='ocrx_word' id='word_1_708' title='bbox 272 4800 626 4871; x_wconf 63' lang='grc' dir='ltr'>Φαρισαίους,</span> <span class='ocrx_word' id='word_1_709' title='bbox 674 4801 758 4854; x_wconf 88' lang='grc' dir='ltr'>ὃτι</span> <span class='ocrx_word' id='word_1_710' title='bbox 815 4800 982 4854; x_wconf 83' lang='grc' dir='ltr'>καλὸν</span> <span class='ocrx_word' id='word_1_711' title='bbox 1015 4804 1076 4853; x_wconf 80' lang='grc' dir='ltr'>τὸ</span> <span class='ocrx_word' id='word_1_712' title='bbox 1125 4799 1183 4853; x_wconf 82' lang='grc' dir='ltr'><strong>έν</strong></span> <span class='ocrx_word' id='word_1_713' title='bbox 1217 4799 1485 4871; x_wconf 81' lang='grc' dir='ltr'>Σαϐϐάτῳ</span> <span class='ocrx_word' id='word_1_714' title='bbox 1538 4800 1878 4868; x_wconf 79' lang='grc' dir='ltr'>εὐεργετεῖν.</span> 
     </span>
    </p>
   </div>
   <div class='ocr_carea' id='block_1_95' title="bbox 284 4889 1881 4965">
    <p class='ocr_par' dir='ltr' id='par_1_95' title="bbox 284 4889 1881 4965">
     <span class='ocr_line' id='line_1_95' title="bbox 284 4889 1881 4965; baseline 0 -17"><span class='ocrx_word' id='word_1_715' title='bbox 284 4894 442 4948; x_wconf 76' lang='grc' dir='ltr'>Ἐπεὶ</span> <span class='ocrx_word' id='word_1_716' title='bbox 492 4894 550 4947; x_wconf 76' lang='grc' dir='ltr'>δὲ</span> <span class='ocrx_word' id='word_1_717' title='bbox 599 4889 742 4947; x_wconf 82' lang='grc' dir='ltr'>εῐδεν</span> <span class='ocrx_word' id='word_1_718' title='bbox 793 4895 993 4960; x_wconf 83' lang='grc' dir='ltr'>αὐτοὺς</span> <span class='ocrx_word' id='word_1_719' title='bbox 1033 4895 1129 4948; x_wconf 76' lang='grc' dir='ltr'>καὶ</span> <span class='ocrx_word' id='word_1_720' title='bbox 1172 4895 1431 4965; x_wconf 70' lang='grc' dir='ltr'>περὶτῆς</span> <span class='ocrx_word' id='word_1_721' title='bbox 1469 4893 1881 4964; x_wconf 83' lang='grc' dir='ltr'>πρωτοκλισίας</span> 
     </span>
    </p>
   </div>
   <div class='ocr_carea' id='block_1_96' title="bbox 276 4985 1882 5058">
    <p class='ocr_par' dir='ltr' id='par_1_96' title="bbox 276 4985 1882 5058">
     <span class='ocr_line' id='line_1_96' title="bbox 276 4985 1882 5058; baseline -0.001 -16"><span class='ocrx_word' id='word_1_722' title='bbox 276 4987 737 5058; x_wconf 80' lang='grc' dir='ltr'>θορυϐουμένους,</span> <span class='ocrx_word' id='word_1_723' title='bbox 797 4988 945 5040; x_wconf 79' lang='grc' dir='ltr'>ἰᾶται</span> <span class='ocrx_word' id='word_1_724' title='bbox 998 4990 1090 5041; x_wconf 65' lang='grc' dir='ltr'>καὶ</span> <span class='ocrx_word' id='word_1_725' title='bbox 1142 4987 1304 5052; x_wconf 76' lang='grc' dir='ltr'>τοῦτο</span> <span class='ocrx_word' id='word_1_726' title='bbox 1335 4985 1400 5040; x_wconf 85' lang='grc' dir='ltr'>τὸ</span> <span class='ocrx_word' id='word_1_727' title='bbox 1431 4985 1606 5050; x_wconf 82' lang='grc' dir='ltr'>πάθος</span> <span class='ocrx_word' id='word_1_728' title='bbox 1636 4987 1738 5040; x_wconf 73' lang='grc' dir='ltr'>οὐκ</span> <span class='ocrx_word' id='word_1_729' title='bbox 1772 4987 1882 5041; x_wconf 80' lang='grc' dir='ltr'><strong>ἀπὸ</strong></span> 
     </span>
    </p>
   </div>
   <div class='ocr_carea' id='block_1_97' title="bbox 276 5078 1883 5152">
    <p class='ocr_par' dir='ltr' id='par_1_97' title="bbox 276 5078 1883 5152">
     <span class='ocr_line' id='line_1_97' title="bbox 276 5078 1883 5152; baseline -0.001 -18"><span class='ocrx_word' id='word_1_730' title='bbox 276 5081 522 5152; x_wconf 81' lang='grc' dir='ltr'>σμικρᾶς</span> <span class='ocrx_word' id='word_1_731' title='bbox 549 5079 857 5150; x_wconf 85' lang='grc' dir='ltr'>ἀρχόμενον</span> <span class='ocrx_word' id='word_1_732' title='bbox 910 5081 1265 5150; x_wconf 79' lang='grc' dir='ltr'>προφάσεως,</span> <span class='ocrx_word' id='word_1_733' title='bbox 1323 5078 1441 5132; x_wconf 79' lang='grc' dir='ltr'>ἀλλ’</span> <span class='ocrx_word' id='word_1_734' title='bbox 1489 5079 1600 5132; x_wconf 75' lang='grc' dir='ltr'>άπὸ</span> <span class='ocrx_word' id='word_1_735' title='bbox 1637 5079 1883 5149; x_wconf 85' lang='grc' dir='ltr'>μεγάλης</span> 
     </span>
    </p>
   </div>
   <div class='ocr_carea' id='block_1_98' title="bbox 275 5173 1883 5245">
    <p class='ocr_par' dir='ltr' id='par_1_98' title="bbox 275 5173 1883 5245">
     <span class='ocr_line' id='line_1_98' title="bbox 275 5173 1883 5245; baseline -0.001 -18"><span class='ocrx_word' id='word_1_736' title='bbox 275 5177 374 5227; x_wconf 80' lang='grc' dir='ltr'>καὶ</span> <span class='ocrx_word' id='word_1_737' title='bbox 399 5174 854 5242; x_wconf 82' lang='grc' dir='ltr'>δυσδιαφεύκτου,</span> <span class='ocrx_word' id='word_1_738' title='bbox 886 5175 981 5243; x_wconf 81' lang='grc' dir='ltr'>τῆς</span> <span class='ocrx_word' id='word_1_739' title='bbox 1002 5173 1310 5238; x_wconf 77' lang='grc' dir='ltr'>κενοδοξίας</span> <span class='ocrx_word' id='word_1_740' title='bbox 1347 5173 1492 5245; x_wconf 85' lang='grc' dir='ltr'>φημί</span> <span class='ocrx_word' id='word_1_741' title='bbox 1516 5191 1530 5205; x_wconf 88' lang='grc'><strong>·</strong></span> <span class='ocrx_word' id='word_1_742' title='bbox 1559 5175 1654 5228; x_wconf 78' lang='grc' dir='ltr'>καὶ</span> <span class='ocrx_word' id='word_1_743' title='bbox 1691 5175 1768 5245; x_wconf 82' lang='grc' dir='ltr'>μή</span> <span class='ocrx_word' id='word_1_744' title='bbox 1798 5191 1883 5238; x_wconf 87' lang='grc' dir='ltr'><strong>τις</strong></span> 
     </span>
    </p>
   </div>
   <div class='ocr_carea' id='block_1_99' title="bbox 274 5263 1883 5339">
    <p class='ocr_par' dir='ltr' id='par_1_99' title="bbox 274 5263 1883 5339">
     <span class='ocr_line' id='line_1_99' title="bbox 274 5263 1883 5339; baseline -0.001 -17"><span class='ocrx_word' id='word_1_745' title='bbox 274 5268 550 5336; x_wconf 73' lang='grc' dir='ltr'>νομιζέτω</span> <span class='ocrx_word' id='word_1_746' title='bbox 578 5267 677 5337; x_wconf 83' lang='grc' dir='ltr'>τὴν</span> <span class='ocrx_word' id='word_1_747' title='bbox 711 5269 839 5337; x_wconf 74' lang='grc' dir='ltr'>περὶ</span> <span class='ocrx_word' id='word_1_748' title='bbox 881 5268 1073 5320; x_wconf 84' lang='grc' dir='ltr'>τούτου</span> <span class='ocrx_word' id='word_1_749' title='bbox 1094 5268 1446 5322; x_wconf 84' lang='grc' dir='ltr'>διδασκαλίαν</span> <span class='ocrx_word' id='word_1_750' title='bbox 1473 5270 1680 5339; x_wconf 72' lang='grc' dir='ltr'>μικρὰν</span> <span class='ocrx_word' id='word_1_751' title='bbox 1717 5263 1883 5333; x_wconf 83' lang='grc' dir='ltr'>εἶναι,</span> 
     </span>
    </p>
   </div>
   <div class='ocr_carea' id='block_1_100' title="bbox 277 5353 1885 5434">
    <p class='ocr_par' dir='ltr' id='par_1_100' title="bbox 277 5353 1885 5434">
     <span class='ocr_line' id='line_1_100' title="bbox 277 5353 1885 5434; baseline 0.002 -20"><span class='ocrx_word' id='word_1_752' title='bbox 277 5362 373 5415; x_wconf 72' lang='grc' dir='ltr'>καὶ</span> <span class='ocrx_word' id='word_1_753' title='bbox 401 5362 631 5428; x_wconf 76' lang='grc' dir='ltr'>ἀναξίαν</span> <span class='ocrx_word' id='word_1_754' title='bbox 652 5362 753 5430; x_wconf 82' lang='grc' dir='ltr'>τῆς</span> <span class='ocrx_word' id='word_1_755' title='bbox 778 5361 872 5414; x_wconf 86' lang='grc' dir='ltr'><strong>τοῦ</strong></span> <span class='ocrx_word' id='word_1_756' title='bbox 906 5353 1042 5415; x_wconf 85' lang='grc' dir='ltr'>Θεοῦ</span> <span class='ocrx_word' id='word_1_757' title='bbox 1080 5363 1560 5434; x_wconf 79' lang='grc' dir='ltr'>μεγαλοπρεπείας</span> <span class='ocrx_word' id='word_1_758' title='bbox 1591 5381 1600 5392; x_wconf 95' lang='grc'><strong>·</strong></span> <span class='ocrx_word' id='word_1_759' title='bbox 1643 5364 1885 5432; x_wconf 84' lang='grc' dir='ltr'>μάλιστα</span> 
     </span>
    </p>
   </div>
   <div class='ocr_carea' id='block_1_101' title="bbox 280 5456 1886 5527">
    <p class='ocr_par' dir='ltr' id='par_1_101' title="bbox 280 5456 1886 5527">
     <span class='ocr_line' id='line_1_101' title="bbox 280 5456 1886 5527; baseline 0.002 -21"><span class='ocrx_word' id='word_1_760' title='bbox 280 5456 383 5527; x_wconf 79' lang='grc' dir='ltr'>μὲν</span> <span class='ocrx_word' id='word_1_761' title='bbox 429 5457 535 5524; x_wconf 74' lang='grc' dir='ltr'><strong>γάρ</strong></span> <span class='ocrx_word' id='word_1_762' title='bbox 579 5456 702 5509; x_wconf 82' lang='grc' dir='ltr'>οὐδὲ</span> <span class='ocrx_word' id='word_1_763' title='bbox 746 5456 930 5526; x_wconf 75' lang='grc' dir='ltr'>ίατρὸν</span> <span class='ocrx_word' id='word_1_764' title='bbox 980 5457 1369 5526; x_wconf 80' lang='grc' dir='ltr'>φιλάνθρωπον</span> <span class='ocrx_word' id='word_1_765' title='bbox 1415 5457 1620 5521; x_wconf 79' lang='grc' dir='ltr'>εἴποις·</span> <span class='ocrx_word' id='word_1_766' title='bbox 1647 5458 1735 5522; x_wconf 85' lang='grc' dir='ltr'>ἂν,</span> <span class='ocrx_word' id='word_1_767' title='bbox 1793 5458 1886 5512; x_wconf 74' lang='grc' dir='ltr'>τὸν</span> 
     </span>
    </p>
   </div>
   <div class='ocr_carea' id='block_1_102' title="bbox 279 5547 1886 5621">
    <p class='ocr_par' dir='ltr' id='par_1_102' title="bbox 279 5547 1886 5621">
     <span class='ocr_line' id='line_1_102' title="bbox 279 5547 1886 5621; baseline 0.003 -20"><span class='ocrx_word' id='word_1_768' title='bbox 279 5547 561 5613; x_wconf 70' lang='grc' dir='ltr'>ποδάγρας</span> <span class='ocrx_word' id='word_1_769' title='bbox 606 5549 704 5619; x_wconf 81' lang='grc' dir='ltr'>μὲν</span> <span class='ocrx_word' id='word_1_770' title='bbox 761 5550 946 5602; x_wconf 76' lang='grc' dir='ltr'>ἰᾶσθαι</span> <span class='ocrx_word' id='word_1_771' title='bbox 995 5551 1494 5621; x_wconf 77' lang='grc' dir='ltr'>ἐπαγγελλόμενον,</span> <span class='ocrx_word' id='word_1_772' title='bbox 1530 5561 1622 5605; x_wconf 64' lang='grc' dir='ltr'><strong>καὶ</strong></span> <span class='ocrx_word' id='word_1_773' title='bbox 1651 5556 1750 5606; x_wconf 84' lang='grc' dir='ltr'>ὅσα</span> <span class='ocrx_word' id='word_1_774' title='bbox 1779 5554 1886 5606; x_wconf 76' lang='grc' dir='ltr'><strong>τῶν</strong></span> 
     </span>
    </p>
   </div>
   <div class='ocr_carea' id='block_1_103' title="bbox 277 5642 1884 5718">
    <p class='ocr_par' dir='ltr' id='par_1_103' title="bbox 277 5642 1884 5718">
     <span class='ocr_line' id='line_1_103' title="bbox 277 5642 1884 5718; baseline 0.002 -22"><span class='ocrx_word' id='word_1_775' title='bbox 277 5643 610 5710; x_wconf 86' lang='grc' dir='ltr'>νοσημάτων</span> <span class='ocrx_word' id='word_1_776' title='bbox 671 5642 949 5710; x_wconf 78' lang='grc' dir='ltr'>ἀξιόλογα,</span> <span class='ocrx_word' id='word_1_777' title='bbox 1007 5644 1276 5698; x_wconf 79' lang='grc' dir='ltr'>δακτύλου</span> <span class='ocrx_word' id='word_1_778' title='bbox 1357 5645 1413 5698; x_wconf 78' lang='grc' dir='ltr'>δὲ</span> <span class='ocrx_word' id='word_1_779' title='bbox 1475 5647 1792 5718; x_wconf 80' lang='grc' dir='ltr'>σύντριμμα</span> <span class='ocrx_word' id='word_1_780' title='bbox 1852 5646 1884 5718; x_wconf 84' lang='grc' dir='ltr'>ἢ</span> 
     </span>
    </p>
   </div>
   <div class='ocr_carea' id='block_1_104' title="bbox 276 5735 1887 5810">
    <p class='ocr_par' dir='ltr' id='par_1_104' title="bbox 276 5735 1887 5810">
     <span class='ocr_line' id='line_1_104' title="bbox 276 5735 1887 5810; baseline 0.003 -22"><span class='ocrx_word' id='word_1_781' title='bbox 276 5735 492 5798; x_wconf 77' lang='grc' dir='ltr'>ὀδόντος</span> <span class='ocrx_word' id='word_1_782' title='bbox 509 5735 673 5804; x_wconf 83' lang='grc' dir='ltr'>ἄλγος</span> <span class='ocrx_word' id='word_1_783' title='bbox 698 5737 774 5807; x_wconf 84' lang='grc' dir='ltr'>μὴ</span> <span class='ocrx_word' id='word_1_784' title='bbox 800 5738 1090 5808; x_wconf 71' lang='grc' dir='ltr'>δεχόμενον</span> <span class='ocrx_word' id='word_1_785' title='bbox 1117 5739 1466 5810; x_wconf 84' lang='grc' dir='ltr'>θεραπεύειν.</span> <span class='ocrx_word' id='word_1_786' title='bbox 1507 5741 1746 5795; x_wconf 78' lang='grc' dir='ltr'>Ἔπειτα</span> <span class='ocrx_word' id='word_1_787' title='bbox 1770 5741 1887 5805; x_wconf 81' lang='grc' dir='ltr'><strong>πῶς</strong></span> 
     </span>
    </p>
   </div>
   <div class='ocr_carea' id='block_1_105' title="bbox 285 5830 1888 5905">
    <p class='ocr_par' dir='ltr' id='par_1_105' title="bbox 285 5830 1888 5905">
     <span class='ocr_line' id='line_1_105' title="bbox 285 5830 1888 5905; baseline 0.004 -22"><span class='ocrx_word' id='word_1_788' title='bbox 285 5830 484 5902; x_wconf 60' lang='grc' dir='ltr'>μικρὸν</span> <span class='ocrx_word' id='word_1_789' title='bbox 512 5830 573 5882; x_wconf 75' lang='grc' dir='ltr'><strong>τὸ</strong></span> <span class='ocrx_word' id='word_1_790' title='bbox 603 5831 700 5901; x_wconf 79' lang='grc' dir='ltr'>τῆς</span> <span class='ocrx_word' id='word_1_791' title='bbox 736 5832 1045 5898; x_wconf 84' lang='grc' dir='ltr'>κενοδοξίας</span> <span class='ocrx_word' id='word_1_792' title='bbox 1099 5833 1296 5898; x_wconf 86' lang='grc' dir='ltr'>πάθος,</span> <span class='ocrx_word' id='word_1_793' title='bbox 1339 5833 1368 5886; x_wconf 84' lang='grc' dir='ltr'>ὃ</span> <span class='ocrx_word' id='word_1_794' title='bbox 1397 5833 1631 5905; x_wconf 76' lang='grc' dir='ltr'>ἠνώχλει</span> <span class='ocrx_word' id='word_1_795' title='bbox 1665 5836 1888 5901; x_wconf 84' lang='grc' dir='ltr'>πάντως</span> 
     </span>
    </p>
   </div>
   <div class='ocr_carea' id='block_1_106' title="bbox 279 5903 1888 6000">
    <p class='ocr_par' dir='ltr' id='par_1_106' title="bbox 279 5923 1888 6000">
     <span class='ocr_line' id='line_1_106' title="bbox 279 5923 1888 6000; baseline 0.014 -23"><span class='ocrx_word' id='word_1_796' title='bbox 279 5926 394 5986; x_wconf 79' lang='grc' dir='ltr'>τοῖς</span> <span class='ocrx_word' id='word_1_797' title='bbox 424 5923 523 5984; x_wconf 68' lang='grc' dir='ltr'><strong>τὰς</strong></span> <span class='ocrx_word' id='word_1_798' title='bbox 549 5925 956 5992; x_wconf 77' lang='grc' dir='ltr'>πρωτοκλισίας</span> <span class='ocrx_word' id='word_1_799' title='bbox 983 5925 1273 5996; x_wconf 75' lang='grc' dir='ltr'>ζητοῦσιν;</span> <span class='ocrx_word' id='word_1_800' title='bbox 1313 5927 1512 5998; x_wconf 72' lang='grc' dir='ltr'>Ἐχρῆν</span> <span class='ocrx_word' id='word_1_801' title='bbox 1544 5924 1659 5990; x_wconf 64' lang='grc' dir='ltr'>οὖν.</span> <span class='ocrx_word' id='word_1_802' title='bbox 1719 5929 1888 6000; x_wconf 60' lang='grc' dir='ltr'>ἐχρῆν</span> 
     </span>
    </p>
   </div>
   <div class='ocr_carea' id='block_1_107' title="bbox 1993 4717 3605 4780">
    <p class='ocr_par' dir='ltr' id='par_1_107' title="bbox 1993 4717 3605 4780">
     <span class='ocr_line' id='line_1_107' title="bbox 1993 4717 3605 4780; baseline -0.001 -7"><span class='ocrx_word' id='word_1_803' title='bbox 1993 4721 2047 4774; x_wconf 93' lang='lat' dir='ltr'><strong>in</strong></span> <span class='ocrx_word' id='word_1_804' title='bbox 2088 4721 2399 4775; x_wconf 84' lang='lat' dir='ltr'><strong>satietatem</strong></span> <span class='ocrx_word' id='word_1_805' title='bbox 2426 4721 2640 4780; x_wconf 77' lang='lat' dir='ltr'><strong>ventris</strong></span> <span class='ocrx_word' id='word_1_806' title='bbox 2672 4725 2985 4774; x_wconf 85' lang='lat' dir='ltr'><strong>vertuntur.</strong></span> <span class='ocrx_word' id='word_1_807' title='bbox 3015 4717 3159 4773; x_wconf 86' lang='lat' dir='ltr'><strong>Ecce</strong></span> <span class='ocrx_word' id='word_1_808' title='bbox 3189 4719 3334 4772; x_wconf 87' lang='lat' dir='ltr'><strong>enim</strong></span> <span class='ocrx_word' id='word_1_809' title='bbox 3386 4719 3605 4772; x_wconf 74' lang='lat' dir='ltr'><strong>sanavit</strong></span> 
     </span>
    </p>
   </div>
   <div class='ocr_carea' id='block_1_108' title="bbox 1993 4808 3601 4883">
    <p class='ocr_par' dir='ltr' id='par_1_108' title="bbox 1993 4808 3601 4883">
     <span class='ocr_line' id='line_1_108' title="bbox 1993 4808 3601 4883; baseline -0.001 -18"><span class='ocrx_word' id='word_1_810' title='bbox 1993 4811 2349 4883; x_wconf 82' lang='lat' dir='ltr'><strong>hydmpicum</strong></span> <span class='ocrx_word' id='word_1_811' title='bbox 2383 4829 2396 4864; x_wconf 90' lang='lat'><strong>:</strong></span> <span class='ocrx_word' id='word_1_812' title='bbox 2433 4811 2615 4865; x_wconf 88' lang='lat' dir='ltr'><strong>docuit</strong></span> <span class='ocrx_word' id='word_1_813' title='bbox 2646 4808 2958 4864; x_wconf 61' lang='lat' dir='ltr'><strong>Phariswos</strong></span> <span class='ocrx_word' id='word_1_814' title='bbox 2985 4811 3129 4878; x_wconf 89' lang='lat' dir='ltr'><strong>quod</strong></span> <span class='ocrx_word' id='word_1_815' title='bbox 3185 4809 3384 4863; x_wconf 88' lang='lat' dir='ltr'><strong>bonum</strong></span> <span class='ocrx_word' id='word_1_816' title='bbox 3431 4809 3504 4863; x_wconf 84' lang='lat' dir='ltr'><strong>sit</strong></span> <span class='ocrx_word' id='word_1_817' title='bbox 3547 4810 3601 4864; x_wconf 89' lang='lat' dir='ltr'><strong>in</strong></span> 
     </span>
    </p>
   </div>
   <div class='ocr_carea' id='block_1_109' title="bbox 1993 4901 3605 4972">
    <p class='ocr_par' dir='ltr' id='par_1_109' title="bbox 1993 4901 3605 4972">
     <span class='ocr_line' id='line_1_109' title="bbox 1993 4901 3605 4972; baseline -0.002 -14"><span class='ocrx_word' id='word_1_818' title='bbox 1993 4901 2234 4959; x_wconf 89' lang='lat' dir='ltr'><strong>Sabbato</strong></span> <span class='ocrx_word' id='word_1_819' title='bbox 2261 4902 2606 4959; x_wconf 87' lang='lat' dir='ltr'><strong>benefacere.</strong></span> <span class='ocrx_word' id='word_1_820' title='bbox 2650 4901 2716 4958; x_wconf 83' lang='lat' dir='ltr'><strong>Et</strong></span> <span class='ocrx_word' id='word_1_821' title='bbox 2758 4910 2948 4972; x_wconf 84' lang='lat' dir='ltr'><strong>postea</strong></span> <span class='ocrx_word' id='word_1_822' title='bbox 2979 4903 3170 4956; x_wconf 85' lang='lat' dir='ltr'><strong>videns</strong></span> <span class='ocrx_word' id='word_1_823' title='bbox 3192 4917 3289 4957; x_wconf 82' lang='lat' dir='ltr'><strong>eos</strong></span> <span class='ocrx_word' id='word_1_824' title='bbox 3330 4903 3396 4955; x_wconf 87' lang='lat' dir='ltr'><strong>de</strong></span> <span class='ocrx_word' id='word_1_825' title='bbox 3428 4902 3605 4967; x_wconf 89' lang='lat' dir='ltr'><strong>primo</strong></span> 
     </span>
    </p>
   </div>
   <div class='ocr_carea' id='block_1_110' title="bbox 1993 4995 3608 5066">
    <p class='ocr_par' dir='ltr' id='par_1_110' title="bbox 1993 4995 3608 5066">
     <span class='ocr_line' id='line_1_110' title="bbox 1993 4995 3608 5066; baseline -0.001 -14"><span class='ocrx_word' id='word_1_826' title='bbox 1993 4998 2247 5054; x_wconf 91' lang='lat' dir='ltr'><strong>accubitu</strong></span> <span class='ocrx_word' id='word_1_827' title='bbox 2271 4997 2622 5062; x_wconf 89' lang='lat' dir='ltr'><strong>tumultuari,</strong></span> <span class='ocrx_word' id='word_1_828' title='bbox 2653 5005 2811 5052; x_wconf 87' lang='lat' dir='ltr'><strong>sanat</strong></span> <span class='ocrx_word' id='word_1_829' title='bbox 2843 5006 2896 5051; x_wconf 92' lang='lat' dir='ltr'><strong>et</strong></span> <span class='ocrx_word' id='word_1_830' title='bbox 2925 4997 3065 5050; x_wconf 85' lang='lat' dir='ltr'><strong>hanc</strong></span> <span class='ocrx_word' id='word_1_831' title='bbox 3092 4995 3463 5059; x_wconf 67' lang='lat' dir='ltr'><strong>nilei-tionem,</strong></span> <span class='ocrx_word' id='word_1_832' title='bbox 3484 5010 3608 5066; x_wconf 72' lang='lat' dir='ltr'><strong>qum</strong></span> 
     </span>
    </p>
   </div>
   <div class='ocr_carea' id='block_1_111' title="bbox 1995 5088 3605 5168">
    <p class='ocr_par' dir='ltr' id='par_1_111' title="bbox 1995 5088 3605 5168">
     <span class='ocr_line' id='line_1_111' title="bbox 1995 5088 3605 5168; baseline -0.004 -22"><span class='ocrx_word' id='word_1_833' title='bbox 1995 5107 2101 5147; x_wconf 89' lang='lat' dir='ltr'><strong>non</strong></span> <span class='ocrx_word' id='word_1_834' title='bbox 2125 5105 2356 5168; x_wconf 82' lang='lat' dir='ltr'><strong>aparva,</strong></span> <span class='ocrx_word' id='word_1_835' title='bbox 2383 5091 2478 5146; x_wconf 87' lang='lat' dir='ltr'><strong>sed</strong></span> <span class='ocrx_word' id='word_1_836' title='bbox 2504 5105 2698 5160; x_wconf 75' lang='lat' dir='ltr'><strong>magna</strong></span> <span class='ocrx_word' id='word_1_837' title='bbox 2719 5100 2769 5144; x_wconf 91' lang='lat' dir='ltr'><strong>et</strong></span> <span class='ocrx_word' id='word_1_838' title='bbox 2793 5093 2881 5144; x_wconf 85' lang='lat' dir='ltr'><strong>vix</strong></span> <span class='ocrx_word' id='word_1_839' title='bbox 2900 5089 3177 5159; x_wconf 76' lang='lat' dir='ltr'><strong>ell‘ugabili</strong></span> <span class='ocrx_word' id='word_1_840' title='bbox 3199 5104 3364 5143; x_wconf 90' lang='lat' dir='ltr'><strong>causa</strong></span> <span class='ocrx_word' id='word_1_841' title='bbox 3394 5088 3605 5158; x_wconf 87' lang='lat' dir='ltr'><strong>incipit,</strong></span> 
     </span>
    </p>
   </div>
   <div class='ocr_carea' id='block_1_112' title="bbox 1997 5181 3607 5253">
    <p class='ocr_par' dir='ltr' id='par_1_112' title="bbox 1997 5181 3607 5253">
     <span class='ocr_line' id='line_1_112' title="bbox 1997 5181 3607 5253; baseline -0.004 -15"><span class='ocrx_word' id='word_1_842' title='bbox 1997 5184 2144 5239; x_wconf 89' lang='lat' dir='ltr'><strong>inani</strong></span> <span class='ocrx_word' id='word_1_843' title='bbox 2188 5184 2408 5253; x_wconf 82' lang='lat' dir='ltr'><strong>inquam</strong></span> <span class='ocrx_word' id='word_1_844' title='bbox 2447 5183 2644 5253; x_wconf 81' lang='lat' dir='ltr'><strong>gloria.</strong></span> <span class='ocrx_word' id='word_1_845' title='bbox 2667 5183 2816 5237; x_wconf 72' lang='lat' dir='ltr'><strong>Etue</strong></span> <span class='ocrx_word' id='word_1_846' title='bbox 2839 5183 2960 5250; x_wconf 86' lang='lat' dir='ltr'><strong>quis</strong></span> <span class='ocrx_word' id='word_1_847' title='bbox 2988 5182 3268 5234; x_wconf 79' lang='lat' dir='ltr'><strong>existimet</strong></span> <span class='ocrx_word' id='word_1_848' title='bbox 3293 5181 3393 5233; x_wconf 92' lang='lat' dir='ltr'><strong>hoc</strong></span> <span class='ocrx_word' id='word_1_849' title='bbox 3408 5181 3607 5233; x_wconf 69' lang='lat' dir='ltr'><strong>decere</strong></span> 
     </span>
    </p>
   </div>
   <div class='ocr_carea' id='block_1_113' title="bbox 1999 5270 3608 5345">
    <p class='ocr_par' dir='ltr' id='par_1_113' title="bbox 1999 5270 3608 5345">
     <span class='ocr_line' id='line_1_113' title="bbox 1999 5270 3608 5345; baseline -0.007 -15"><span class='ocrx_word' id='word_1_850' title='bbox 1999 5277 2178 5331; x_wconf 89' lang='lat' dir='ltr'><strong>minus</strong></span> <span class='ocrx_word' id='word_1_851' title='bbox 2209 5285 2259 5330; x_wconf 91' lang='lat' dir='ltr'><strong>et</strong></span> <span class='ocrx_word' id='word_1_852' title='bbox 2294 5275 2574 5345; x_wconf 80' lang='lat' dir='ltr'><strong>indignum</strong></span> <span class='ocrx_word' id='word_1_853' title='bbox 2595 5289 2716 5327; x_wconf 88' lang='lat' dir='ltr'><strong>esse</strong></span> <span class='ocrx_word' id='word_1_854' title='bbox 2742 5271 3146 5342; x_wconf 79' lang='lat' dir='ltr'><strong>magniﬁcentia</strong></span> <span class='ocrx_word' id='word_1_855' title='bbox 3174 5271 3324 5324; x_wconf 85' lang='lat' dir='ltr'><strong>verbi</strong></span> <span class='ocrx_word' id='word_1_856' title='bbox 3357 5270 3474 5332; x_wconf 88' lang='lat' dir='ltr'><strong>Dei,</strong></span> <span class='ocrx_word' id='word_1_857' title='bbox 3499 5271 3608 5320; x_wconf 88' lang='lat' dir='ltr'><strong>imo</strong></span> 
     </span>
    </p>
   </div>
   <div class='ocr_carea' id='block_1_114' title="bbox 1997 5363 3610 5435">
    <p class='ocr_par' dir='ltr' id='par_1_114' title="bbox 1997 5363 3610 5435">
     <span class='ocr_line' id='line_1_114' title="bbox 1997 5363 3610 5435; baseline -0.006 -12"><span class='ocrx_word' id='word_1_858' title='bbox 1997 5370 2238 5423; x_wconf 80' lang='lat' dir='ltr'><strong>maxime</strong></span> <span class='ocrx_word' id='word_1_859' title='bbox 2280 5369 2442 5432; x_wconf 60' lang='lat' dir='ltr'><strong>:quia</strong></span> <span class='ocrx_word' id='word_1_860' title='bbox 2479 5367 2722 5421; x_wconf 85' lang='lat' dir='ltr'><strong>medicus</strong></span> <span class='ocrx_word' id='word_1_861' title='bbox 2760 5366 2849 5435; x_wconf 90' lang='lat' dir='ltr'><strong>qui</strong></span> <span class='ocrx_word' id='word_1_862' title='bbox 2892 5365 3182 5435; x_wconf 83' lang='lat' dir='ltr'><strong>pollicetur</strong></span> <span class='ocrx_word' id='word_1_863' title='bbox 3215 5379 3415 5418; x_wconf 77' lang='lat' dir='ltr'><strong>Saliare</strong></span> <span class='ocrx_word' id='word_1_864' title='bbox 3441 5363 3610 5430; x_wconf 77' lang='lat' dir='ltr'><strong>poda-</strong></span> 
     </span>
    </p>
   </div>
   <div class='ocr_carea' id='block_1_115' title="bbox 1997 5457 3610 5532">
    <p class='ocr_par' dir='ltr' id='par_1_115' title="bbox 1997 5457 3610 5532">
     <span class='ocr_line' id='line_1_115' title="bbox 1997 5457 3610 5532; baseline -0.002 -20"><span class='ocrx_word' id='word_1_865' title='bbox 1997 5476 2175 5532; x_wconf 77' lang='lat' dir='ltr'><strong>gram,</strong></span> <span class='ocrx_word' id='word_1_866' title='bbox 2207 5474 2506 5528; x_wconf 82' lang='lat' dir='ltr'><strong>omnesque</strong></span> <span class='ocrx_word' id='word_1_867' title='bbox 2557 5459 2777 5512; x_wconf 78' lang='lat' dir='ltr'><strong>morbos</strong></span> <span class='ocrx_word' id='word_1_868' title='bbox 2826 5467 3129 5512; x_wconf 83' lang='lat' dir='ltr'><strong>memoratu</strong></span> <span class='ocrx_word' id='word_1_869' title='bbox 3163 5457 3381 5526; x_wconf 65' lang='lat' dir='ltr'><strong>dignos,</strong></span> <span class='ocrx_word' id='word_1_870' title='bbox 3434 5469 3610 5521; x_wconf 86' lang='lat' dir='ltr'><strong>neque</strong></span> 
     </span>
    </p>
   </div>
   <div class='ocr_carea' id='block_1_116' title="bbox 2000 5550 3611 5624">
    <p class='ocr_par' dir='ltr' id='par_1_116' title="bbox 2000 5550 3611 5624">
     <span class='ocr_line' id='line_1_116' title="bbox 2000 5550 3611 5624; baseline -0.004 -17"><span class='ocrx_word' id='word_1_871' title='bbox 2000 5554 2294 5624; x_wconf 81' lang='lat' dir='ltr'><strong>digitorum</strong></span> <span class='ocrx_word' id='word_1_872' title='bbox 2362 5552 2698 5616; x_wconf 87' lang='lat' dir='ltr'><strong>attritiones,</strong></span> <span class='ocrx_word' id='word_1_873' title='bbox 2757 5551 2840 5604; x_wconf 79' lang='lat' dir='ltr'><strong>vel</strong></span> <span class='ocrx_word' id='word_1_874' title='bbox 2887 5551 3070 5605; x_wconf 90' lang='lat' dir='ltr'><strong>dentis</strong></span> <span class='ocrx_word' id='word_1_875' title='bbox 3111 5550 3355 5603; x_wconf 83' lang='lat' dir='ltr'><strong>dolorem</strong></span> <span class='ocrx_word' id='word_1_876' title='bbox 3412 5563 3611 5601; x_wconf 85' lang='lat' dir='ltr'><strong>sanare</strong></span> 
     </span>
    </p>
   </div>
   <div class='ocr_carea' id='block_1_117' title="bbox 1999 5647 3609 5719">
    <p class='ocr_par' dir='ltr' id='par_1_117' title="bbox 1999 5647 3609 5719">
     <span class='ocr_line' id='line_1_117' title="bbox 1999 5647 3609 5719; baseline -0.006 -13"><span class='ocrx_word' id='word_1_877' title='bbox 1999 5651 2290 5706; x_wconf 85' lang='lat' dir='ltr'><strong>detractat.</strong></span> <span class='ocrx_word' id='word_1_878' title='bbox 2353 5650 2558 5704; x_wconf 83' lang='lat' dir='ltr'><strong>Deinde</strong></span> <span class='ocrx_word' id='word_1_879' title='bbox 2621 5650 2896 5719; x_wconf 83' lang='lat' dir='ltr'><strong>quomodo</strong></span> <span class='ocrx_word' id='word_1_880' title='bbox 2949 5664 3152 5716; x_wconf 85' lang='lat' dir='ltr'><strong>parvus</strong></span> <span class='ocrx_word' id='word_1_881' title='bbox 3211 5647 3391 5701; x_wconf 87' lang='lat' dir='ltr'><strong>inanis</strong></span> <span class='ocrx_word' id='word_1_882' title='bbox 3426 5647 3609 5709; x_wconf 70' lang='lat' dir='ltr'><strong>gitll‘lic</strong></span> 
     </span>
    </p>
   </div>
   <div class='ocr_carea' id='block_1_118' title="bbox 2001 5742 3612 5813">
    <p class='ocr_par' dir='ltr' id='par_1_118' title="bbox 2001 5742 3612 5813">
     <span class='ocr_line' id='line_1_118' title="bbox 2001 5742 3612 5813; baseline -0.007 -15"><span class='ocrx_word' id='word_1_883' title='bbox 2001 5745 2248 5807; x_wconf 81' lang='lat' dir='ltr'><strong>morbus,</strong></span> <span class='ocrx_word' id='word_1_884' title='bbox 2295 5759 2404 5813; x_wconf 69' lang='lat' dir='ltr'><strong>quo</strong></span> <span class='ocrx_word' id='word_1_885' title='bbox 2461 5745 2688 5798; x_wconf 87' lang='lat' dir='ltr'><strong>omnino</strong></span> <span class='ocrx_word' id='word_1_886' title='bbox 2733 5745 3026 5797; x_wconf 87' lang='lat' dir='ltr'><strong>turbantur</strong></span> <span class='ocrx_word' id='word_1_887' title='bbox 3062 5744 3153 5809; x_wconf 88' lang='lat' dir='ltr'><strong>qui</strong></span> <span class='ocrx_word' id='word_1_888' title='bbox 3205 5742 3413 5810; x_wconf 72' lang='lat' dir='ltr'><strong>primos</strong></span> <span class='ocrx_word' id='word_1_889' title='bbox 3452 5753 3612 5791; x_wconf 72' lang='lat' dir='ltr'><strong>.icru-</strong></span> 
     </span>
    </p>
   </div>
   <div class='ocr_carea' id='block_1_119' title="bbox 2000 5836 3612 5907">
    <p class='ocr_par' dir='ltr' id='par_1_119' title="bbox 2000 5836 3612 5907">
     <span class='ocr_line' id='line_1_119' title="bbox 2000 5836 3612 5907; baseline -0.006 -14"><span class='ocrx_word' id='word_1_890' title='bbox 2000 5839 2142 5893; x_wconf 74' lang='lat' dir='ltr'><strong>bitus</strong></span> <span class='ocrx_word' id='word_1_891' title='bbox 2159 5849 2409 5906; x_wconf 82' lang='lat' dir='ltr'><strong>qmcrunt</strong></span> <span class='ocrx_word' id='word_1_892' title='bbox 2430 5841 2450 5892; x_wconf 70' lang='grc' dir='ltr'>’ί</span> <span class='ocrx_word' id='word_1_893' title='bbox 2468 5837 2768 5904; x_wconf 75' lang='lat' dir='ltr'><strong>Oportebat</strong></span> <span class='ocrx_word' id='word_1_894' title='bbox 2801 5838 2963 5907; x_wconf 82' lang='lat' dir='ltr'><strong>igitur</strong></span> <span class='ocrx_word' id='word_1_895' title='bbox 2989 5838 3315 5892; x_wconf 69' lang='lat' dir='ltr'><strong>humilitatis</strong></span> <span class='ocrx_word' id='word_1_896' title='bbox 3336 5836 3612 5887; x_wconf 66' lang='lat' dir='ltr'><strong>det-turriti</strong></span> 
     </span>
    </p>
   </div>
   <div class='ocr_carea' id='block_1_120' title="bbox 1999 5931 3616 6004">
    <p class='ocr_par' dir='ltr' id='par_1_120' title="bbox 1999 5931 3616 6004">
     <span class='ocr_line' id='line_1_120' title="bbox 1999 5931 3616 6004; baseline 0.002 -19"><span class='ocrx_word' id='word_1_897' title='bbox 1999 5943 2053 5986; x_wconf 85' lang='lat' dir='ltr'><strong>et</strong></span> <span class='ocrx_word' id='word_1_898' title='bbox 2102 5932 2408 6004; x_wconf 68' lang='lat' dir='ltr'><strong>principem</strong></span> <span class='ocrx_word' id='word_1_899' title='bbox 2459 5942 2515 5985; x_wconf 73' lang='lat' dir='ltr'><strong>et</strong></span> <span class='ocrx_word' id='word_1_900' title='bbox 2546 5940 3054 5986; x_wconf 81' lang='lat' dir='ltr'><strong>consuntmatorem</strong></span> <span class='ocrx_word' id='word_1_901' title='bbox 3112 5931 3390 5983; x_wconf 65' lang='lat' dir='ltr'><strong>tibi-istum</strong></span> <span class='ocrx_word' id='word_1_902' title='bbox 3427 5943 3616 5988; x_wconf 70' lang='grc' dir='ltr'>οειιιινς</span> 
     </span>
    </p>
   </div>
  </div>
