4256 6432
754 429 857 497 931

752 634 949 706 pende,
977 631 1022 687 si
1061 644 1169 686 non
1202 628 1402 684 fuisset
1430 636 1645 697 tempus
1668 640 1891 701 mensas,
1915 624 2054 681 etde
2080 624 2185 681 hoc
2221 624 2338 677 disc

751 724 1011 782 seruisset
1041 720 1304 776 Dominus
1338 719 1532 775 relicto
1564 718 1633 774 de
1660 717 1785 772 aliis
1834 717 1999 773 rebus
2046 728 2325 776 sermone,

752 819 894 870 esset
919 811 1058 866 forte
1083 809 1507 880 ireprebensioni
1561 807 1758 863 locus:
1800 821 1945 861 nunc
1986 815 2166 859 autem
2210 804 2340 874 quia

755 906 884 961 hora
919 916 1089 958 omne
1125 913 1179 957 et
1222 900 1541 959 ambitionis
1593 899 1817 955 morbus
1848 898 2080 953 miseros
2114 895 2341 951 turbans

754 1006 881 1049 ante
919 993 1109 1048 oculos
1141 990 1439 1046 Salvatoris
1467 990 1812 1055 venabatur,
1848 996 2058 1056 tempus
2083 995 2203 1039 erat
2237 983 2341 1037 ad-

752 1086 1091 1142 monitionis.
1149 1081 1285 1137 Vide
1314 1080 1458 1136 enim
1486 1087 1543 1135 et
1571 1080 1730 1135 aliter
1782 1079 2060 1150 quomodo
2097 1091 2128 1130 a
2176 1075 2337 1145 culpa

752 1178 1026 1233 hominem
1068 1175 1285 1238 liberet,
1314 1183 1368 1228 et
1392 1172 1666 1243 quomodo
1705 1170 1881 1239 ipsum
1905 1167 2119 1223 civilem
2148 1165 2336 1221 faciat.

750 1266 967 1337 Quanta
1004 1266 1151 1322 enim
1207 1266 1526 1321 confusione
1551 1265 1769 1335 plenus,
1804 1275 1927 1317 cum
1986 1258 2340 1325 requisiveris

752 1361 932 1415 locum
989 1370 1040 1413 te
1093 1357 1397 1427 indignum,
1435 1364 1491 1410 et
1542 1354 1739 1410 deinde
1784 1367 1907 1407 eum
1957 1349 2341 1419 supervenerit

752 1454 983 1523 dignior,
1018 1453 1063 1504 is
1090 1452 1181 1518 qui
1215 1461 1265 1503 te
1286 1447 1705 1513 vocavitpdicat
1732 1463 1747 1500 :
1780 1443 1855 1521 Da
1883 1442 2010 1499 huic
2031 1443 2233 1503 locum,
2266 1440 2342 1495 id-

750 1560 858 1615 que
907 1545 1085 1613 saepe?
1114 1540 1609 1597 Descendea'enim
1649 1550 1745 1610 tu,_
1777 1538 1855 1593 illi
1881 1547 2067 1592 autem
2100 1535 2337 1607 primum

752 1641 929 1693 locum
966 1636 1335 1705 occupabunt.
1385 1634 1615 1699 Contra,
1661 1640 1868 1703 quanta
1916 1629 2078 1684 laude
2121 1629 2338 1699 dignus,

750 1732 969 1800 quando
1018 1729 1193 1798 prima
1251 1726 1385 1783 sella
1414 1722 1947 1798 dignus,"prineipio
1974 1723 2125 1783 sedet
2157 1723 2209 1775 in
2235 1722 2351 1801 itu--~

754 1822 870 1877 mili
896 1822 1040 1887 loco,
1073 1832 1128 1875 et
1174 1830 1361 1889 postea
1403 1834 1519 1889 pra:
1561 1818 1683 1873 aliis
1720 1818 1916 1874 sedere
1966 1814 2349 1885 comperiturr

754 1915 1006 1969 omnibus
1063 1914 1140 1967 illi
1180 1912 1355 1982 primo
1399 1911 1520 1967 loco
1567 1900 1928 1966 cedentibus?
1977 1907 2115 1964 Num
2172 1908 2337 1978 igitur

753 2021 918 2076 parva
950 2006 1046 2060 tibi
1072 2005 1285 2061 videtur
1318 2004 1406 2059 illa
1434 2004 1733 2059 admonitio
1762 1988 1996 2067 Domini,
2020 2016 2140 2073 qua
2161 1994 2335 2056 maxi-

754 2113 895 2151 mam
936 2098 1199 2151 virtutum
1227 2094 1589 2150 humilitatem
1635 2096 1813 2158 docet,
1839 2104 1895 2148 et
1927 2094 1981 2148 in
2017 2093 2328 2148 auditorum

753 2192 1037 2245 animabus
1052 2191 1306 2255 collocat,
1342 2198 1399 2244 et
1426 2190 1493 2243 ad
1523 2190 1808 2245 honestam
1840 2190 1966 2243 vita:
1998 2190 2338 2245 observatio-

752 2298 873 2336 nem
898 2282 1061 2354 395
1092 2282 1281 2337 ducit?
1305 2283 1355 2336 id
1382 2284 1527 2352 quod
1549 2282 1753 2338 Christi
1785 2282 2013 2337 dilectus
2036 2281 2335 2352 discipulus

755 2375 953 2431 Paulus
986 2386 1177 2447 postea
1202 2376 1340 2431 dixit
1367 2392 1382 2431 :
1419 2393 1439 2428 ι
1476 2373 1672 2431 Omnia
1705 2375 1931 2431 honeste
1952 2384 2007 2430 et
2028 2375 2328 2429 secundum

751 2470 1028 2534 ordinem,
1076 2470 1283 2537 inquit,
1319 2470 1469 2523 ﬁant.
1508 2486 1527 2520 ι
1552 2467 1671 2535 Quo
1702 2478 1860 2537 pacto
1893 2467 2057 2539 igitur
2076 2468 2178 2521 boc
2209 2465 2340 2521 ﬁet?

749 2559 938 2617 Nullus
965 2570 1171 2631 quaerat
1196 2563 1339 2630 quod
1371 2575 1528 2616 suum
1546 2568 1650 2623 est,
1677 2560 1773 2615 sed
1790 2560 2165 2630 unusquisque
2191 2560 2336 2629 quod

750 2652 996 2707 alterius.
1032 2652 1195 2706 Vides
1244 2652 1567 2721 discipulum
1622 2655 1814 2708 eadem
1842 2651 2010 2723 loqui,
2064 2665 2185 2720 qua
2215 2668 2334 2705 nta-

749 2746 916 2813 gister
959 2744 1108 2813 ejus?
1179 2744 1322 2800 Istud
1376 2760 1507 2801 vero
1552 2763 1621 2799 ιι
1689 2744 1883 2801 Omnis
1941 2746 2035 2815 qui
2092 2746 2329 2813 seipsum

747 2836 953 2892 exaltat
976 2836 1352 2891 bumiliabitur
1372 2836 1439 2904 “,
1466 2856 1485 2890 ι
1542 2852 1650 2908 quo
1688 2847 1849 2908 pacto
1876 2836 2210 2910 intelligam?
2243 2837 2332 2891 Et-

750 2929 897 2984 enim
931 2931 1083 2983 multi
1110 2929 1163 2983 in
1208 2931 1317 2984 vita
1359 2930 1459 2984 hac
1480 2944 1540 2985 se
1569 2929 2131 2997 exaltantes,~honore
2149 2929 2339 2983 fruun-

747 3029 859 3076 tur.
889 3021 1056 3092 lgitur
1086 3021 1189 3077 hoc
1241 3022 1459 3091 quidem
1497 3021 1771 3078 humiliari
1812 3034 1918 3090 est,
1952 3024 2174 3095 quando
2205 3027 2329 3096 quis

746 3112 945 3171 fruitur
976 3130 1173 3183 magno
1207 3116 1413 3171 honore
1444 3116 1498 3170 in
1534 3115 1757 3179 mundo,
1789 3124 1903 3171 tum
1931 3117 2104 3173 miser
2131 3126 2187 3174 et
2221 3118 2326 3173 hu-

748 3206 893 3260 milis
935 3205 995 3259 iit
1026 3207 1167 3275 apud
1201 3207 1391 3263 Deum.
1431 3207 1658 3278 Insuper
1684 3223 1789 3264 non
1832 3224 2006 3279 usque
2031 3210 2101 3265 ad
2148 3210 2336 3277 linem,
2365 3231 2408 3289 ο

749 3311 928 3366 neque
950 3298 1093 3366 apud
1124 3313 1317 3355 omnes
1349 3300 1401 3354 in
1437 3300 1530 3354 tali
1573 3302 1781 3355 honore
1804 3310 1910 3365 est,
1939 3302 2036 3357 sed
2077 3312 2337 3372 quantum

751 3401 781 3439 a
819 3387 1148 3458 quibusdam
1185 3390 1535 3452 observatur,
1566 3400 1776 3446 tantum
1802 3392 1872 3447 ab
1897 3392 2029 3446 aliis
2052 3392 2341 3457 irridetur,

753 3490 809 3533 ct
840 3494 1227 3550 nonnunquam
1265 3481 1332 3535 ab
1388 3482 1473 3536 his
1513 3498 1543 3537 a
1582 3484 1784 3552 quibus
1830 3465 2149 3538 honoratur.
2208 3482 2345 3539 Vera

749 3569 913 3641 igitur
944 3580 1028 3626 est
1072 3572 1367 3628 sententia.
1412 3572 1482 3629 Et
1525 3575 1703 3628 omnis
1740 3575 1995 3646 indignus
2044 3578 2188 3631 banc
2241 3577 2343 3631 sibi

748 3662 1139 3717 ευὺιιιιιίιοιρηι
1182 3664 1489 3731 vindicans,
1514 3665 1912 3731 humiliabitur,
1936 3677 1992 3722 et
2012 3668 2151 3737 apud
2177 3669 2344 3723 Deum

749 3769 817 3823 qr
850 3752 992 3820 dem,
1016 3756 1236 3823 quando
1270 3754 1516 3810 ultimum
1542 3755 1831 3826 judicium,
1856 3757 1909 3811 in
1932 3757 2043 3811 vita
2085 3771 2215 3812 vero
2243 3758 2345 3815 hac

749 3845 1001 3899 maxime.
1045 3845 1248 3900 Natura
1271 3846 1420 3900 enim
1453 3848 1632 3902 omnia
1675 3848 1839 3902 homo
1887 3848 2141 3917 indignus
2174 3849 2345 3903 subli-

749 3936 962 3989 mitate.
1001 3937 1203 3992 Nullus
1233 3938 1402 4008 igitur
1423 3937 1746 4005 extollatur,
1774 3948 1833 3993 ut
1864 3954 1934 3993 ne
1962 3950 2209 3995 extreme
2239 3942 2341 3997 hu-

749 4030 1008 4083 milictur.

824 4204 992 4262 Vens.
1028 4205 1208 4261 l2-i5.
1252 4226 1270 4259 ι
1308 4206 1533 4282 Dicebat
1559 4218 1741 4264 autem
1772 4220 1825 4265 et
1853 4211 1901 4265 ei
1925 4213 2016 4281 qui
2056 4228 2116 4269 se
2143 4214 2341 4269 invita—

748 4308 903 4351 verat
942 4317 955 4352 :
981 4296 1116 4352 Cum
1146 4299 1279 4353 facis
1302 4300 1594 4368 prandium
1618 4312 1712 4354 aut
1733 4314 1971 4365 caenam,
2006 4304 2115 4359 noli
2148 4320 2343 4361 vocare

748 4388 953 4443 amicos
989 4398 1145 4455 tuos,
1192 4406 1368 4459 neque
1417 4391 1618 4447 fratres
1650 4402 1810 4456 tuos,
1857 4410 2033 4464 neque
2080 4406 2341 4467 cognatos

750 4491 891 4545 tuos,
923 4495 1103 4550 neque
1129 4484 1335 4539 vicinos
1369 4486 1563 4538 divites
1587 4524 1603 4549 ,
1639 4489 1924 4555 nequando
1954 4498 2007 4542 et
2038 4489 2138 4557 ipsi
2181 4500 2233 4544 te
2256 4492 2334 4545 vi-

1676 418 2265 486 THEOPHYLACTI
2303 412 2721 479 BULGARIE
2758 415 2801 473 .-\
2816 410 3118 474 RCHIEP.
3807 471 3817 481 _

745 557 931 600 ramos
960 539 1134 596 inanis
1182 537 1367 607 gloria
1396 546 1701 607 amputare.
1750 536 1818 595 Et
1845 536 1948 591 hoc
1984 548 2205 604 quoque
2230 547 2327 588 ex-

2441 529 2526 583 ιδν
2550 530 2650 599 τῆς
2678 524 3065 587 ταπεινώσεως
3112 515 3457 583 διδάσκαλον,
3486 517 3580 569 καὶ
3631 512 3903 607 ἁρχηγθιν,
3921 508 4039 607 Δκαὶ

3923 392 4039 459 939

2441 612 2732 691 τελειωτήν
2762 616 2997 691 Χριστὸν
3025 614 3208 669 πάντα
3242 611 3440 665 κλάδον
3470 608 3571 678 τῆς
3600 606 3845 675 πονηρᾶς
3878 603 4040 674 ῥίζης

2442 711 2540 781 τῆς
2570 707 2877 774 κενοδοξίας
2910 705 3220 773 έκτέμνειν.
3254 702 3367 756 Καὶ
3396 699 3556 753 τοῦτο
3584 695 3640 749 δέ
3676 711 3767 765 μοι
3794 693 4036 764 προσλο-

2442 802 2598 873 γίζου
2622 819 2637 837 ·
2678 804 2727 855 εί
2754 802 2854 869 μὶν
2880 794 2977 854 οὖν
3010 798 3113 852 οὐκ
3147 792 3218 866 ἦν
3245 793 3439 864 καιρὸς
3459 787 3761 863 τραπέζης,
3823 786 3927 839 καὶ
3958 785 4038 838 διο

2443 896 2663 963 ελέγετο
2688 892 2818 963 περὶ
2846 890 3052 945 τούτων
3077 891 3106 943 6
3122 888 3348 958 Κύριος,
3368 885 3528 953 ἀφεὶς
3548 882 3674 943 τοὺς
3702 878 3839 948 περὶ
3861 876 4042 931 ἄλλων

2443 989 2655 1056 λόγους,
2687 982 2835 1056 εἶχεν
2867 984 2935 1037 ἂν
2965 981 3125 1047 λόγον
3152 981 3186 1050 ἡ
3225 976 3455 1049 μέμψις,
3492 974 3588 1026 νῦν
3616 972 3673 1025 δὲ
3698 969 3926 1025 δείπνου
3951 966 4041 1018 δν-

2441 1095 2553 1142 τος,
2577 1074 2790 1129 καὶτοῦ
2816 1074 2915 1144 τῆς
2936 1068 3339 1140 φιλοπρωτείας
3364 1065 3571 1125 πάθους
3599 1062 3706 1132 πρὸ
3731 1057 4041 1128 ὀφθαλμῶν

2442 1169 2537 1224 τοῦ
2570 1168 2825 1238 Σωτῆρος
2858 1164 3204 1234 ἐνοχλοῦντος
3242 1162 3353 1222 τοῖς
3384 1158 3660 1218 ἐλεεινοῖς,
3699 1154 3903 1225 καιρὸν
3955 1148 4038 1205 εἷ-

2444 1280 2537 1332 χεν
2558 1264 2591 1331 ἡ
2620 1261 2963 1328 παραίνεσις.
2998 1256 3103 1309 Ἰδε
3132 1252 3243 1324 γὰρ
3280 1252 3377 1306 καὶ
3413 1249 3590 1310 ἄλλως
3642 1247 3809 1300 πόσου
3842 1244 4041 1315 μώμου

2424 1344 2536 1407 τὸν
2565 1353 2851 1423 ἄνθρωπον
2900 1348 3260 1411 ἀπαλλάττει,
3310 1344 3406 1397 καὶ
3436 1342 3555 1405 πῶς
3599 1341 3832 1407 κόσμιον
3875 1337 4042 1392 αὐτὸν

2444 1447 2611 1498 ποιεῖ.
2642 1442 2823 1511 Πόσης
2872 1439 2983 1510 γὰρ
3012 1436 3279 1506 αἰσχύνης
3318 1434 3650 1502 ἀνάμεστον,
3669 1431 3803 1482 ὅταν
3826 1428 3925 1480 τὸν
3966 1426 4042 1495 μὴ

2444 1536 2726 1608 πρέποντα
2769 1551 2851 1587 σοι
2906 1533 3071 1586 τόπον
3114 1530 3438 1601 ζητήσαντι,
3483 1519 3604 1576 εἶτα
3655 1522 3909 1583 έλθόντος
3946 1516 4041 1571 τοῦ

2443 1630 2817 1700 έντιμοτέρου.
2864 1628 2892 1679 6
2927 1625 3165 1686 καλέσας
3200 1640 3260 1676 σε
3300 1621 3463 1691 εῐπῃ·
3509 1618 3609 1680 Δὸς
3639 1615 3818 1683 τούτῳ
3849 1614 4039 1671 τόπον,

2443 1725 2537 1776 καὶ
2564 1720 2724 1776 τοῦτο
2754 1719 3039 1783 πολλάκις,
3088 1716 3191 1769 καὶ
3224 1712 3526 1782 ὑποσαίνῃς
3563 1709 3663 1777 μὲν
3692 1706 3883 1769 αὐτὸς,
3907 1706 4043 1757 ἐκεῖ·

2443 1833 2521 1870 νοι
2554 1814 2611 1868 δὲ
2636 1812 3042 1884 προεδρεύωσις
3082 1808 3256 1861 Πόσου
3291 1807 3348 1860 δὲ
3380 1805 3606 1858 έπαίνου
3648 1800 3798 1864 ἄξιον
3818 1802 4045 1851 τούναν-

2367 1869 2412 1931 B
2442 1910 2579 1970 dav,
2608 1869 2737 1961 ὅταν
2764 1869 2913 1973 δ’τῆς
2945 1869 3171 1974 πριῦτης
3206 1898 3477 1969 καθέδρας
3523 1895 3693 1959 ἄξιος,
3725 1890 3943 1954 ύποδέις
3985 1890 4045 1953 ἐξ

2447 2002 2647 2074 ἀρχῆς,
2688 1994 2808 2052 εἶτα
2852 1994 3201 2067 προεδρεύων
3236 1990 3459 2062 εὑρεθῇ,
3500 1990 3719 2043 πάντων
3749 1984 4041 2052 ἐξισταμέ-

2448 2114 2554 2148 νων
2587 2090 2738 2163 αὐτῷ
2780 2090 2889 2143 τῶν
2920 2086 3238 2163 πρωτείωνς
3265 2080 3413 2154 ’Δρα
3466 2081 3641 2152 μικρά
3683 2096 3767 2132 σοι
3824 2079 3976 2131 δοκεῖ
4009 2078 4042 2147 ἡ

2446 2184 2669 2252 τοιαύτη
2698 2179 2794 2234 τοῦ
2845 2179 3050 2245 Κυρίου
3089 2174 3433 2245 παραίνεσις,
3490 2171 3587 2239 τὴν
3621 2169 3893 2238 μεγίστην
3925 2168 4042 2218 τῶν

2446 2274 2681 2347 ἀρετῶν,
2710 2275 2808 2343 τὴν
2836 2268 3169 2324 ταπείνωσιν
3190 2262 3609 2333 ὑπογράφουσα,
3656 2262 3753 2313 καὶ
3780 2262 3904 2321 τοῖς
3934 2259 4044 2312 τιῖιν

2446 2368 2815 2441 ἀκροωμένων
2850 2364 3053 2434 ψυχαῖς
3083 2356 3493 2428 ὲγκαθιστῶσα,
3525 2357 3621 2409 καὶ
3667 2354 3805 2422 πρὸς
3846 2354 3909 2404 τὺ
3950 2352 4043 2405 εὖ·

2448 2480 2660 2535 σχημον
2687 2462 2898 2529 ἄγουσα
2917 2456 3079 2523 τόςγε
3129 2452 3300 2521 αὐτῆς
3328 2452 3630 2516 άκούοντα;
3656 2449 3796 2515 ὅπερ
3833 2441 3930 2500 οὖν
3951 2446 4043 2497 καὶ

2444 2558 2474 2607 ὁ
2497 2551 2734 2625 Χριποῦ
2761 2550 3009 2622 μαθητὴς
3034 2544 3251 2615 Παῦλος
3271 2542 3499 2613 ὕστερον
3512 2537 3655 2601 εἷπε,
3687 2557 3705 2589 t
3745 2540 3933 2592 Iliaca
3953 2538 4042 2625 £2}—

2448 2624 2735 2715 σχημόνως
2774 2642 2871 2696 καὶ
2903 2640 3047 2693 κατὰ
3078 2638 3255 2704 τάξιν,
3278 2634 3432 2707 φησι,
3460 2631 3715 2700 γινέσθω.
3742 2650 3759 2681 ι
3797 2630 3923 2692 Πῶς
3950 2624 4042 2681 οὖν

2447 2736 2609 2790 τοῦτο
2630 2734 2925 2803 γενήσεται
2949 2748 2964 2795 ;
2995 2730 3203 2800 Μηδεὶς
3228 2729 3291 2783 τὸ
3312 2726 3507 2781 έαυτοῦ
3535 2724 3793 2794 ζητείτω,
3822 2722 3964 2775 ἀλλὰ
3984 2722 4045 2774 τὸ

2445 2826 2541 2881 τοῦ
2568 2826 2759 2896 ἑτέρου
2791 2822 3046 2885 ἕκαστος.
3088 2820 3253 2892 Ὁρᾷς
3280 2820 3373 2873 τδν
3415 2817 3667 2889 μαθητὴν
3699 2815 3768 2868 τὰ
3801 2816 3941 2867 αὐτὰ
3966 2812 4043 2883 τῷ

2443 2920 2753 2977 δ.δασκάλω
2781 2915 3189 2986 φθεγγόμενονς
3215 2912 3291 2967 Τὸ
3309 2914 3388 2975 δὲ,
3421 2932 3441 2964 ι
3472 2912 3585 2974 Πᾶς
3609 2913 3637 2964 ὁ
3667 2910 3819 2979 ὑψῶν
3852 2909 4046 2965 ἑαυτὸν

2448 3009 2973 3081 ταπεινωθήσεται,»
3016 3006 3135 3069 πιῖις
3159 3007 3460 3075 νοήσομεν;
3490 3002 3601 3060 Καὶ
3629 3003 3740 3073 γὰρ
3773 3002 3961 3055 πολλοὶ
3989 3002 4046 3053 έν

2445 3104 2527 3175 τῷ
2559 3104 2660 3175 βίῳ
2690 3103 2869 3173 τούτῳ
2901 3100 3166 3169 ὑψοῦντες
3204 3100 3458 3161 ἑαυτοὺς,
3478 3098 3643 3167 τιμῆς
3670 3096 4011 3151 ἀπολαύουσι
4030 3112 4041 3125 ·

2442 3197 2601 3251 τοῦτο
2631 3198 2729 3267 μὲν
2759 3190 2855 3248 οὖν
2886 3194 3005 3247 εστι
3039 3192 3102 3246 τὺ
3147 3190 3570 3254 ταπεινοῦσθαι,
3606 3192 3737 3244 ὅταν
3791 3208 3878 3255 τις
3906 3193 4047 3245 ἀπο-

2451 3292 2591 3361 λαύῃ
2622 3290 2864 3351 πλείονος
2896 3289 3062 3359 τιμῆς
3092 3286 3151 3338 ιν
3180 3284 3259 3355 τῷ
3286 3286 3478 3353 κόσμῳ
3506 3300 3533 3315 ⁶·
3558 3284 3681 3338 τότε
3723 3285 3833 3355 γὰρ
3863 3284 4048 3347 ἅθλιος

2450 3384 2547 3436 καὶ
2579 3380 2837 3443 ταπεινὸς
2865 3378 3015 3449 παρὰ
3042 3375 3183 3447 Θεῷ.
3205 3377 3441 3430 Ἔπειτα
3456 3376 3515 3428 δὲ
3544 3378 3645 3428 οὐκ
3670 3376 3800 3446 ἄχρι
3829 3376 4047 3440 τέλους,

2449 3475 2574 3529 οὐδὲ
2610 3474 2763 3545 παρὰ
2815 3474 2996 3527 πᾶσιν
3024 3472 3054 3525 6
3091 3470 3335 3533 τοιοῦτος
3399 3470 3650 3539 τιμᾶται,
3701 3468 3818 3521 ἀλλ’
3847 3470 3908 3521 ὲν
3937 3470 4049 3538 δσῳ

2447 3567 2660 3630 τούτοις
2705 3567 2975 3635 τιμᾶται,
3008 3565 3207 3617 ἐκεῖνοι
3250 3561 3600 3633 διασύρουσιν
3649 3561 3836 3627 αὑτὸν,
3879 3562 3915 3633 ἢ
3956 3565 4048 3614 καὶ

2447 3662 2609 3715 αὐτοὶ
2636 3661 2687 3713 0i
2717 3658 3008 3729 τιμῶντες.
3050 3655 3279 3727 ’Δληθὴς
3304 3655 3397 3709 οὖν
3421 3658 3454 3727 ἡ
3489 3654 3590 3725 τῆς
3622 3655 3886 3724 ἀληθείας
3909 3656 4048 3708 ἀπό-

2447 3771 2630 3825 φασις.
2669 3753 2779 3806 Καὶ
2815 3752 2925 3813 πᾶς
2954 3753 2983 3802 6
3030 3749 3252 3815 ἀνάξιος
3306 3747 3479 3816 ὕψους
3502 3787 3517 3810 ,
3580 3748 4045 3818 σφετεριζόμενος

2446 3847 2632 3911 τοῦτο,
2661 3842 3158 3912 ταπεινωθήσεται,
3208 3844 3303 3895 καὶ
3360 3841 3515 3911 παρά
3545 3840 3624 3910 τῷ
3659 3841 3781 3910 Θεῷ
3808 3842 3933 3912 μὲν,
3955 3842 4046 3894 ὅτε

2446 3942 2480 4009 ἡ
2509 3937 2799 3991 τελευταία
2838 3934 3043 4005 κρίσις,
3075 3936 3185 3987 κάν
3233 3934 3311 4004 τῷ
3355 3934 3457 4003 βίῳ
3502 3934 3563 3986 δὲ
3601 3932 3780 4003 τούτῳ
3821 3935 4044 3987 πάντων

2450 4030 2713 4101 μάλισταο
2774 4028 2938 4097 φύσει
2982 4027 3040 4079 δὲ
3074 4028 3184 4090 πᾶς
3233 4026 3523 4097 ἄνθρωπος
3569 4024 3793 4091 ἀνάξιος
3852 4024 4042 4096 ὕψους.

2445 4122 2653 4195 Μηδεὶς
2681 4115 2776 4175 οὖν
2804 4118 3142 4189 έπαιρέσθω,
3180 4118 3268 4172 ἵνα
3305 4118 3383 4188 μὴ
3415 4117 3663 4188 ἐσχάτως
3697 4118 4041 4189 ταπεινωθῇ.

2521 4234 2541 4267 ι
2591 4214 2784 4281 Ἔλεγε
2808 4214 2865 4267 δὲ
2900 4211 2976 4281 τῷ
2999 4212 3291 4281 κεκληκότι
3321 4210 3509 4275 αὑτὸν,
3546 4211 3717 4264 Ὅταν
3744 4214 3909 4281 ποιῇς
3925 4213 4044 4283 ἄρι-

2444 4325 2569 4361 στον
2628 4307 2663 4377 ἢ
2710 4306 2927 4359 δεῖπνον
2954 4346 2969 4367 ,
3025 4305 3101 4374 μὴ
3139 4302 3310 4371 φώνει
3341 4304 3468 4365 τοὺς
3520 4302 3712 4369 φίλους
3750 4319 3872 4368 σου,
3908 4305 4043 4374 μηδὲ

2440 4400 2569 4461 τοὺς
2605 4394 2869 4462 ἀδελφούς
2910 4410 3003 4445 σου
3026 4430 3040 4453 ,
3076 4392 3213 4463 μηδὲ
3259 4393 3388 4454 τοὺς
3434 4394 3723 4459 συγγενεῖς
3758 4410 3878 4457 σου,
3910 4394 4041 4463 μηδὲ

2444 4491 2693 4555 γείτονας
2734 4486 3054 4549 πλουσίους,
3099 4487 3311 4555 μήποτε
3340 4486 3432 4537 καὶ
3465 4485 3620 4537 αύτοί
3650 4502 3709 4537 σε
3754 4487 4043 4539 ἁντικαλέ·

748 4572 933 4626 Cissim
974 4573 1225 4637 imitent,
1256 4588 1319 4628 ac
1354 4577 1683 4645 rependatur
1719 4577 1813 4631 tibi
1848 4577 2193 4635 beueiicium.
2228 4580 2342 4636 imo

2449 4598 2606 4647 σωσι,
2640 4581 2736 4633 καὶ
2776 4576 3004 4647 γένηταί
3034 4593 3115 4630 σοι
3145 4574 3516 4645 ἀνταπόδομα,
3548 4575 3664 4627 ἀλλ’
3695 4576 3826 4628 ὅταν
3865 4581 4039 4648 ίποιῇς

747 4679 867 4719 cum
901 4665 1037 4721 facis
1070 4666 1403 4731 convivium,
1433 4682 1563 4723 voca
1597 4683 1881 4739 pauperes,
1931 4672 2160 4737 debiles,
2189 4676 2341 4729 clau-

746 4755 871 4823 dos,
910 4772 1109 4823 caecos,
1165 4769 1222 4813 et
1254 4759 1444 4815 beatus
1468 4761 1577 4814 eris
1618 4780 1631 4815 :
1664 4764 1791 4831 quia
1842 4778 1950 4817 non
1989 4776 2217 4833 possunt
2250 4782 2342 4821 re-

746 4850 980 4917 pendere
1008 4850 1104 4904 tibi
1134 4868 1149 4907 :
1182 4852 1515 4919 rependetur
1544 4852 1689 4906 enim
1722 4856 1813 4907 tibi
1851 4856 1904 4909 in
1937 4859 2344 4915 resurrectione

741 4939 1039 5007 justorum.
1080 4940 1207 4997 llaec
1255 4957 1377 4996 cum
1410 4943 1652 4999 audisset
1684 4945 1899 5014 quidam
1947 4951 2012 5003 de
2048 4949 2209 5003 simul
2253 4966 2343 5006 ac-

745 5032 1149 5114 cumbenti’bus,
1184 5035 1319 5087 dixit
1352 5033 1431 5087 illi
1462 5053 1475 5088 :
1512 5036 1712 5090 Beatus
1752 5038 1847 5107 qui
1891 5041 2129 5094 comedit
2180 5056 2342 5110 pran-

744 5126 891 5178 dium
926 5128 977 5179 in
1016 5142 1181 5196 regno
1210 5127 1324 5181 Dei.
1361 5145 1378 5178 ι
1404 5126 1479 5181 Ex
1498 5129 1707 5185 duobus
1728 5131 2018 5199 generibus
2048 5135 2334 5189 constabat

744 5220 1077 5285 convivium,
1110 5236 1175 5275 ex
1206 5221 1432 5286 vocatis,
1464 5232 1518 5276 et
1549 5223 1632 5276 his
1654 5223 1744 5291 qui
1777 5224 2067 5279 vocabant.
2104 5226 2337 5283 Vocate-

749 5330 869 5367 rum
902 5330 1073 5384 genus
1110 5315 1314 5369 salubri
1340 5315 1713 5371 admonitione
1743 5318 1811 5369 ad
1845 5317 2206 5373 humilitatem
2256 5322 2339 5375 in-

745 5402 1011 5467 duxerat,
1062 5414 1115 5459 et
1165 5404 1470 5458 convivium
1513 5408 1737 5461 minime
1793 5417 2174 5476 sumptuosum
2232 5411 2340 5466 illis

749 5505 1127 5565 preposuerat.
1160 5495 1317 5552 Nunc
1354 5507 1405 5552 et
1441 5498 1494 5552 in
1526 5513 1649 5552 eum
1702 5501 1793 5570 qui
1836 5512 2142 5567 vocaverat,
2181 5502 2341 5557 vicis-

746 5589 848 5643 sim
886 5588 1263 5645 liberalitatcm
1294 5606 1447 5646 suam
1476 5604 1696 5649 exercet
1722 5611 1733 5645 :
1756 5601 1810 5649 et
1828 5595 2202 5650 admonitione
2219 5596 2341 5650 red-

746 5676 961 5743 invitat,
990 5678 1264 5735 abducens
1294 5695 1417 5737 eum
1460 5696 1529 5738 ne
1560 5681 1805 5739 convivia
1835 5684 2083 5741 instituat
2119 5688 2338 5742 humani

818 5860 865 5893 “
891 5860 1020 5927 [.ue.
1058 5880 1210 5929 xvm,
1251 5866 1335 5918 H.

2441 4674 2629 4745 δοχὴν,
2681 4672 2913 4727 κάλεσον
2947 4671 3235 4739 πτωχοὺς,
3274 4669 3596 4738 ἀναπήρους
3624 4708 3639 4732 ,
3672 4668 3885 4737 χωλοὺς
3906 4710 3922 4734 ,
3955 4688 4040 4723 τυ-

2442 4766 2627 4836 φλοὺς,
2682 4765 2778 4817 καὶ
2812 4763 3089 4834 μακάριος
3136 4763 3258 4832 ἔσῃ,
3294 4761 3377 4813 ὅτι
3411 4759 3513 4812 οὐκ
3541 4761 3759 4829 ἔχουσιν
3802 4767 4041 4817 ἀνταπο-

2439 4858 2623 4912 δοῦναί
2647 4872 2750 4910 σοι·
2785 4854 3285 4925 ἀνταποδοθήσεται
3315 4852 3424 4921 γάρ
3463 4868 3545 4903 σοι
3573 4851 3719 4923 ὲντῇ
3746 4854 4040 4910 ἀναστάσει

2438 4954 2549 5005 τῶν
2583 4951 2829 5005 δικαίων.
2893 4947 3159 5010 Ἀκούσας
3202 4937 3265 4998 δέ’
3290 4961 3371 5007 τις
3407 4944 3520 4997 τῶν
3558 4950 4040 5017 συνανακειμένων

2441 5042 2596 5097 εἶπεν
2628 5043 2797 5112 αὐτῷ’
2832 5040 3126 5111 Μακάριος
3157 5037 3216 5100 ὃς
3241 5040 3479 5106 φάγεται
3508 5034 3737 5107 ἄριστον
3772 5038 3835 5090 έν
3862 5042 3929 5110 τῇ
3959 5040 4039 5111 βα-

2441 5136 2615 5208 σιλείᾳ
2642 5134 2732 5187 τοῦ
2759 5133 2920 5187 Θεοῦ.
2956 5152 2974 5183 ι
3018 5132 3113 5185 Ἐκ
3141 5130 3289 5183 δυοῖν
3319 5130 3509 5199 μεροῖν
3547 5131 3920 5200 συγκειμένου
3954 5132 4036 5185 τοῦ

2438 5225 2679 5288 δείπνου,
2706 5223 2815 5277 τῶν
2866 5240 2927 5276 τε
2960 5221 3273 5277 καλούντων
3307 5221 3403 5275 καὶ
3440 5218 3551 5273 τῶν
3582 5221 3961 5294 καλουμένων,
3989 5226 4037 5278 τὸ

2444 5320 2543 5388 μὲν
2576 5318 2684 5371 τῶν
2719 5316 3073 5387 καλουμένων
3116 5315 3281 5388 μέρος
3330 5315 3472 5387 ἔφθη
3518 5317 3608 5373 διὰ
3650 5320 4033 5388 παραινέσεως

2443 5415 2524 5477 είς
2557 5412 2655 5482 τὴν
2707 5412 2974 5483 σωτήριον
3025 5411 3536 5483 ταπεινοφροσύνην
3590 5412 4031 5482 χειραγωγήσας,

2444 5508 2538 5560 καὶ
2563 5506 2693 5575 ὃψον
2715 5505 2904 5567 αὐτοῖς
2928 5504 3276 5575 ἀδαπάνητον
3300 5503 3567 5575 παραθεὶς
3590 5545 3606 5568 ,
3634 5502 3829 5556 λοιπὸν
3860 5503 3916 5557 δέ
3954 5504 4033 5554 τίον

2448 5598 2759 5653 καλέσαντα
2809 5597 3330 5668 άντιφιλοτιμεῖται,
3383 5596 3479 5650 καὶ
3525 5596 3615 5649 διὰ
3661 5597 4031 5668 παραινέσεως

2447 5693 2728 5764 ἀνθεστιᾷ,
2759 5693 2991 5762 ἀπάγων
3037 5691 3200 5746 αὑτὸν
3228 5691 3324 5745 τοῦ
3358 5690 3447 5746 διά
3475 5708 3599 5745 τινα
3640 5691 3808 5763 χάριν
3839 5692 4029 5763 ἀνθρω-
