4256 6432
262 442 380 512 933

979 431 1432 499 ENARRATIO
1480 433 1559 494 ΙΝ
1601 431 2110 499 EVANGELIUM
2153 435 2377 498 LUC:E
2435 458 2503 473 -·
2538 432 2698 496 CAP.
2735 432 2893 496 xw.

3426 414 3591 501 ~9sit

268 559 439 627 σιίνην
471 554 572 619 τάς
609 551 887 615 ἑστιάσεις
917 548 1232 612 ποιεῖσθαι,
1281 548 1376 600 καὶ
1403 545 1506 618 τὴν
1555 546 1874 618 παραυτίκα

1981 549 2189 606 favoris
2221 547 2307 603 vel
2361 548 2827 603 remunerationis
2861 561 2988 603 mox
3033 543 3361 621 recipienda:
3390 549 3587 618 gratia.

268 646 620 720 ἀντιμισθίαν
648 641 992 714 ίκδιχεσθαι.
1045 641 1110 694 Di
1157 640 1269 710 γὰρ
1313 635 1649 708 μικρόψυχοι
1680 636 1869 707 φίλους

266 737 566 803 καλοῦντες
590 737 623 809 ή
647 734 938 803 συγγενεῖς
964 730 1054 786 sta.
1083 728 1184 799 τὴν
1218 729 1278 784 ἐν
1312 727 1394 798 τῷ
1423 726 1672 797 παρευθὺ
1707 729 1871 800 χάριν

263 835 430 890 ⁴τοῦτο
471 828 716 894 ποιοῦσι,
745 825 853 882 κᾶν
899 826 979 899 μὴ
1013 824 1243 896 τύχωσι,
1292 820 1770 893 δυσχεραίνουσιν.
1806 822 1871 877 Οί

266 928 329 981 δὲ
378 920 748 997 μεγαλόψυχοι
807 919 871 974 τὸ
922 915 1122 989 μάλλον
1163 912 1538 983 ἀναμένοντες
1585 912 1739 985 παρά
1772 913 1868 967 τοῦ

265 1018 441 1079 ὅντως
475 1010 762 1076 πλουσίου,
803 1011 904 1074 τὰς
945 1009 1186 1081 ἀμοιϐάς
1213 1010 1551 1080 ἰκδάχονται.
1585 1008 1776 1064 Ταῦτα
1812 1009 1871 1064 δὲ

265 1109 447 1176 λόγων
498 1109 528 1161 6
579 1105 826 1176 Κύριος,
872 1103 936 1158 ού
990 1103 1092 1174 τῆς
1140 1103 1278 1175 πρὸς
1312 1105 1443 1170 τοὺς
1483 1102 1672 1174 φίλους
1701 1104 1870 1175 τιμῆς

266 1200 530 1268 ἀπείργει
552 1199 704 1270 ἡμᾶς
727 1237 744 1263 ,
779 1195 1025 1267 suam,
1073 1196 1420 1266 πιπράσκειν
1469 1198 1572 1265 τὴν
1605 1197 1869 1268 φιλοφρο-

269 1291 442 1362 σύνην
477 1287 745 1365 παιδεύει.
779 1287 1049 1352 ’Δκούσας
1065 1289 1124 1343 δέ
1153 1306 1238 1352 τις
1263 1288 1463 1353 ταῦτα,
1481 1288 1577 1342 καὶ
1609 1289 1866 1358 νομίσας,

262 1384 348 1439 ὅτι
375 1385 406 1438 6
435 1383 571 1446 Θεὸς
601 1371 1146 1452 ἁντιφιλοτιμήσέται
1171 1419 1194 1445 ι
1235 1381 1332 1435 καὶ
1377 1380 1729 1436 ἀνθεστιάσει
1763 1397 1873 1433 σω-

268 1477 531 1549 ματικαῖς
562 1473 873 1546 τραπέζαις
923 1474 1051 1538 τοὺς
1081 1473 1328 1537 δικαίους
1349 1511 1365 1537 ,
1397 1469 1551 1527 εἷπεν
1571 1488 1587 1506 ο
1628 1473 1714 1527 δτι
1742 1473 1872 1527 Μα-

263 1568 460 1638 κάριος
509 1567 661 1631 δστις
715 1565 952 1634 φάγεται
1003 1564 1231 1638 ἄριστον
1261 1565 1322 1619 δν
1370 1568 1439 1638 τῇ
1475 1564 1730 1636 βασιλεία
1773 1562 1870 1618 τοῦ

262 1657 428 1714 Θεοῦ.
477 1659 555 1714 ού
601 1660 712 1728 γὰρ
744 1652 814 1728 ἦν
857 1655 1254 1728 πνευματικὸς.
1287 1656 1375 1710 ῖνα
1416 1659 1588 1730 νοήση
1622 1658 1694 1711 τά
1725 1655 1872 1729 ὑπὲρ

270 1751 554 1824 αἴσθησιν,
584 1750 702 1805 ἀλλ’
731 1751 816 1803 ἑτι
857 1748 1113 1820 ψυχικὸς,
1166 1750 1446 1805 τουτέστιν
1499 1749 1871 1821 ἀνθρωπίνοις

263 1845 548 1915 λογισμοῖς
585 1843 966 1914 διοικούμενος
989 1859 1002 1874 ·
1061 1841 1308 1906 τοιοῦτος
1350 1843 1461 1915 γὰρ
1501 1845 1532 1897 6
1574 1844 1811 1914 ψυχικὸς
1841 1844 1871 1896 6

268 1914 440 2009 μηδὲν
467 1935 608 2008 ὑπὲρ
634 1936 802 2006 φύσιν
823 1932 1121 2001 πιστεύων,
1148 1934 1290 1989 ἀλλὰ
1322 1914 1501 1988 πάντα
1525 1935 1673 1988 κατὰ
1702 1934 1869 2004 φύσιν
1902 1914 1946 1970 Β

265 2028 425 2085 νοῶν.
460 2029 623 2100 Τρεῖς
649 2029 762 2099 γάρ
794 2028 905 2081 εἱσι
935 2027 1327 2092 καταστάσεις,
1347 2026 1612 2099 σαρκικὴ,
1635 2026 1868 2098 ψυχικὴ,

267 2122 364 2175 καὶ
407 2121 778 2192 πνευματική.
835 2121 950 2173 Καὶ
998 2119 1243 2190 σαρκικὴ
1273 2119 1374 2188 μέν
1416 2121 1590 2183 ἐστιν,
1632 2121 1764 2174 ὅταν
1787 2137 1873 2184 τις

262 2212 492 2285 ἣδεσθαι
520 2211 808 2283 βούληται,
847 2212 943 2266 καὶ
964 2213 1179 2284 χαίρειν
1208 2212 1351 2284 μετά
1391 2211 1490 2265 τοῦ
1542 2211 1639 2265 καὶ
1671 2210 1872 2274 ἄλλους

265 2309 610 2372 κακοποιεῖν,
663 2300 776 2360 οἷόν
821 2306 943 2359 ἐστι
988 2304 1212 2360 πάντων
1257 2305 1320 2358 τὸ
1360 2304 1474 2359 τῶν
1525 2305 1872 2359 πλεονεκτῶν

263 2397 435 2468 φῦλον
455 2415 468 2429 ·
489 2398 700 2470 ψυχικὴ
716 2397 777 2452 δὲ
800 2399 1164 2465 κατάστασις,
1186 2401 1319 2453 ὅταν
1339 2415 1425 2463 τις
1448 2400 1587 2470 μήτε
1606 2397 1872 2469 βλάπτειν

267 2489 409 2560 μήτε
432 2487 773 2563 βλάπτεσθαι
798 2487 1045 2558 βούλοιτο
1067 2505 1080 2519 ·
1114 2487 1278 2542 τοῦτο
1304 2487 1418 2558 γάρ
1441 2489 1504 2542 τὸ
1524 2488 1668 2542 κατὰ.
1695 2488 1865 2558 φύσιν

264 2581 390 2652 ζῆν’
426 2581 551 2635 επεὶ
579 2581 677 2634 καὶ
705 2582 740 2652 ή
774 2580 944 2649 φύσις
977 2581 1118 2651 αὑτὴ
1144 2579 1307 2634 τοῦτο
1339 2582 1475 2651 ήμῖν
1517 2581 1823 2652 εἰσηγεῖται
1846 2595 1861 2612 ο

265 2673 618 2744 πνευματική
654 2671 735 2738 δὲ,
771 2673 903 2727 ὃταν
954 2688 1039 2737 τις
1089 2674 1187 2727 καὶ
1237 2671 1580 2743 βλάπτεσθαι
1624 2671 1871 2743 βούλοιτο

270 2765 362 2821 διὰ
397 2765 461 2819 τὸ
498 2764 668 2819 καλὸν
729 2764 827 2819 καὶ
880 2766 1297 2837 κακουχεῖσθαι.
1331 2766 1524 2820 Ἔστιν
1555 2765 1649 2820 οῦν
1699 2768 1734 2837 ή
1770 2767 1871 2837 μὲν

263 2855 468 2928 πρώτη
522 2857 680 2927 παρὰ
712 2855 900 2925 φύσιν,
935 2857 971 2928 ή
999 2858 1056 2912 δι
1104 2861 1249 2929 μίση
1297 2857 1446 2912 κατὰ
1490 2856 1678 2927 φύσιν,
1719 2859 1755 2928 η
1811 2858 1871 2913 δι

262 2953 430 3024 τρίτη
459 2948 602 3022 ὺπδρ
630 2947 819 3020 φύσιν.
850 2949 968 3014 Πᾶς
995 2944 1090 3003 οὖν
1117 2949 1442 3022 ἀνθρώπινα
1480 2950 1721 3022 φρονῶν,
1771 2950 1872 3005 καὶ

270 3043 442 3116 μηδὲν
471 3042 585 3098 τῶν
606 3043 749 3115 ὑπὲρ
787 3040 954 3113 φύσιν
995 3040 1307 3113 δυνάμενος
1357 3042 1578 3112 νοῆσαι,
1631 3041 1869 3114 ψυχικὸς

265 3139 515 3206 λέγεται,
537 3137 616 3202 ὡς
638 3136 788 3209 ψυχῇ
827 3135 925 3190 καὶ
964 3135 1243 3207 πνεύματι
1281 3134 1659 3206 διοικούμενος
1691 3153 1706 3167 ο
1739 3137 1871 3192 ὅταν

264 3231 327 3286 δέ
354 3248 441 3296 τις
471 3231 751 3302 πνεύματι
790 3229 1021 3300 ἄγηται,
1047 3230 1143 3284 καὶ
1172 3230 1359 3284 οὐκέτι
1391 3230 1462 3301 ζῇ
1492 3230 1680 3299 αὐτὸς,
1713 3229 1784 3306 ζῇ
1812 3219 1870 3286 δὲ

267 3327 328 3379 ιν
360 3323 512 3396 αὐτῷ
533 3323 794 3395 Χριστὸς,
833 3316 991 3388 οὗτός
1036 3324 1186 3378 εστιν
1213 3325 1242 3377 ὁ
1275 3322 1680 3393 πνευματικὸς,
1712 3325 1742 3378 6
1770 3307 1872 3396 τὴν

269 3419 436 3490 φύσιν
456 3416 808 3490 ύπεραναύάς
838 3432 853 3447 ο
893 3415 1131 3486 ψυχικὸς
1161 3415 1258 3469 οῦν
1309 3411 1378 3486 ἦν
1434 3420 1463 3469 ὀ
1507 3417 1738 3486 νομίσας
1787 3419 1875 3470 αί-

269 3512 476 3584 σθητάς
504 3509 727 3566 ισεσθαι
754 3510 856 3576 τάς
898 3509 1139 3580 ἀμοιϐὰς
1168 3511 1284 3573 τοῖς
1322 3509 1530 3578 ἁγίοις,
1573 3502 1665 3562 οἷα
1702 3509 1876 3581 μηδὲν

258 3604 380 3669 τῶν
414 3603 557 3676 ύπιρ
586 3601 750 3671 φύσιν
773 3600 1080 3671 δυνάμενος
1118 3601 1333 3672 νοῆσαι.

348 3716 368 3751 ι
410 3697 470 3752 ⁸0
495 3696 552 3750 δὲ
572 3690 728 3750 εἷπεν
757 3692 932 3766 αὐτῷ,
955 3692 1283 3765 Ἄνθρωπός
1304 3711 1390 3758 τις
1414 3695 1644 3768 ἐποίησε
1660 3694 1880 3749 διΐπνον

267 3789 441 3860 μέγα,
467 3788 562 3842 καὶ
587 3787 812 3842 ἐκάλεσε
834 3786 1089 3853 πολλοὺς,
1118 3785 1214 3839 καὶ
1247 3787 1541 3841 ἀπέστειλε
1577 3787 1671 3841 τὸν
1689 3787 1879 3842 δοῦλον

265 3878 439 3934 αὐτοῦ
474 3880 542 3950 τῇ
569 3876 692 3949 ὥρᾳ⁸
713 3877 812 3931 τοῦ
836 3877 1084 3943 δείπνου,
1120 3877 1299 3929 εἰπεῖν
1331 3879 1445 3940 τοῖς
1480 3876 1876 3949 κεκλημένοις·

268 3972 566 4046 Ἔρχεσθε,
595 3973 682 4027 ὅτι
713 3971 817 4044 ήδη
847 3971 1050 4043 ἕτοιμά
1089 3972 1208 4026 ιστι
1245 3970 1450 4026 πάντα.
1493 3971 1607 4025 Καὶ
1637 3969 1880 4044 ἡρξαντο

263 4065 378 4121 ἀπὸ
433 4065 565 4137 μιᾶς
611 4063 1005 4137 παραιτεῖσθαι
1058 4065 1287 4126 πάντες.
1340 4064 1401 4116 '0
1450 4062 1671 4133 πρῶτος
1720 4058 1879 4116 εἶπεν

264 4155 420 4229 αὐτῷ
439 4171 456 4186 θ
500 4154 698 4226 ’Δγρὸν
727 4154 980 4225 ἠγόρασα
1006 4194 1020 4220 ,
1068 4154 1164 4208 καὶ
1194 4152 1304 4224 ἔχω
1327 4153 1580 4224 ἀνάγκην
1615 4151 1877 4217 ἐξελθεῖν,

263 4251 362 4305 καὶ
397 4249 528 4302 ίδεῖν
555 4248 952 4320 σύτὸν,δριι›τῶ
983 4264 1065 4311 σε,
1095 4247 1189 4318 εχε
1218 4264 1286 4317 με
1314 4248 1737 4320 παρῃτημένον.
1768 4247 1879 4300 Καὶ

262 4344 455 4414 ιτερος
504 4336 628 4394 εἷπε
659 4356 674 4371 ο
703 4341 884 4411 Ζεύγη
917 4339 1061 4411 βοῶν
1094 4339 1356 4410 ἠγόρασα
1390 4341 1555 4392 πέντε
1578 4376 1594 4402 ,
1633 4339 1729 4391 καὶ
1781 4354 1880 4391 πο-

267 4435 505 4509 ρεύομαι
546 4434 844 4505 δοκιμάσαι
871 4434 1038 4500 αὐτὰ,
1069 4433 1265 4504 ἐρωτώ
1291 4449 1374 4500 σε,
1405 4433 1496 4505 ἔχε
1531 4449 1601 4505 με
1623 4449 1880 4506 παρῃτη-

267 4529 456 4601 μένον.
507 4529 618 4582 Καὶ
655 4528 848 4598 ἔτερος
891 4522 1016 4580 εἰπε
1045 4541 1059 4557 ·
1123 4527 1366 4580 Γυναῖκα
1415 4528 1624 4598 εγημα,
1658 4527 1756 4580 καὶ
1787 4526 1880 4579 διά

1975 639 2078 708 Qui
2114 640 2316 711 pusillo
2378 650 2510 695 sunt
2564 640 2787 706 animo,
2822 639 3033 694 amicos
3068 639 3153 695 vel
3207 650 3470 710 cognatas
3517 630 3591 697 ob

1977 733 2268 804 presenti:
2301 733 2430 788 vitae
2463 732 2792 788 beneﬁcium
2819 743 3016 788 vocant
3054 749 3068 786 :
3099 736 3244 802 quod
3301 733 3347 787 si
3405 732 3590 789 minus

1975 833 2410 895 consequantur,
2455 825 2724 894 gravatim
2775 823 2978 878 ferunt.
3027 822 3133 890 Qui
3169 831 3352 878 autem
3403 825 3586 896 magni

1976 924 2108 972 sunt
2135 915 2334 980 animi,
2360 915 2609 970 futurum
2641 915 2924 984 praemium
2955 925 3364 983 exspectantes,
3397 930 3424 970 a
3457 929 3589 971 vero

1977 1009 2148 1064 divite
2173 1009 2653 1064 remunerationes
2686 1010 2985 1077 accipiunt.
3021 1006 3150 1064 Haec
3178 1017 3360 1062 autem
3391 1008 3586 1064 dicens

1979 1099 2265 1168 Dominus,
2296 1115 2403 1156 non
2429 1115 2527 1155 nos
2550 1100 2620 1156 ab
2645 1099 2840 1155 amicis
2871 1111 3043 1165 arcet,
3079 1102 3174 1156 sed
3189 1099 3585 1171 benignitatem

1979 1209 2084 1249 non
2123 1207 2250 1248 esse
2279 1194 2619 1250 Vcndcndam
2663 1194 2842 1250 docet.
2889 1194 3081 1264 Itaque
3127 1201 3418 1262 postquam
3471 1193 3589 1248 ha'c

1976 1286 2198 1355 quidam
2240 1287 2509 1352 audisset,
2537 1296 2593 1342 et
2637 1287 2870 1343 sentiret
2903 1288 3050 1356 quod
3100 1284 3244 1340 Deus
3282 1284 3587 1354 corporali-

1978 1381 2080 1434 bus
2096 1379 2304 1434 mensis
2321 1387 2706 1434 rcmnneraret
2723 1387 2780 1434 et
2799 1378 2949 1434 rcdin
2960 1377 3157 1432 vitaret
3178 1377 3382 1446 justos,
3410 1375 3584 1430 dixit:

1977 1469 2176 1525 Beatus
2207 1470 2298 1539 qui
2328 1471 2567 1527 comedit
2597 1485 2792 1541 panem
2829 1471 2881 1524 in
2929 1483 3100 1541 regno
3135 1468 3250 1524 Dei.
3287 1468 3403 1523 Non
3439 1467 3586 1523 enim

1975 1563 2275 1634 spiritualis
2299 1572 2442 1630 erat,
2469 1573 2525 1618 nt
2555 1562 2886 1633 int-illigeret
2906 1577 2968 1617 ca
2992 1577 3114 1628 qure
3140 1545 3305 1634 supra
3321 1575 3542 1617 sensum
3568 1577 3582 1613 :

1949 1661 2071 1714 .sed
2101 1657 2357 1713 animalis
2393 1657 2575 1712 adhuc
2606 1667 2744 1725 erat,
2796 1658 2896 1711 hoc
2931 1667 3036 1722 εει,
3084 1659 3353 1709 humanas
3379 1655 3589 1725 cogita-

1978 1751 2156 1805 tiones
2193 1752 2528 1805 sectabatur.
2569 1749 2833 1802 Animalis
2868 1747 3017 1803 enim
3050 1756 3161 1807 est.
3194 1746 3289 1818 qui
3328 1747 3464 1800 nihil
3493 1762 3587 1801 sn-

1976 1857 2072 1908 per
2097 1851 2346 1894 natnram
2377 1842 2571 1905 credit,
2602 1841 2697 1895 sed
2731 1842 2915 1894 omnia
2971 1840 3275 1895 secundum
3331 1850 3584 1892 naturam

1978 1932 2246 2002 intelligit.
2267 1932 2407 1985 Tres
2423 1931 2570 1986 enim
2593 1940 2720 1985 sunt
2743 1931 2987 1995 ordines,
3020 1930 3344 1994 carnalium,
3373 1930 3590 1983 anima-

1977 2023 2107 2078 lium
2141 2024 2310 2096 396
2331 2032 2386 2079 et
2411 2023 2804 2092 spiritualium.
2836 2020 3088 2078 Carualis
3111 2022 3330 2091 quidem
3361 2030 3469 2088 est,
3495 2020 3587 2090 qni

1976 2119 2093 2173 vult
2120 2120 2292 2174 lactari
2325 2126 2378 2172 ct
2407 2120 2646 2187 gaudere
2675 2132 2797 2171 cum
2835 2117 2958 2172 aliis
2993 2114 3334 2171 malefecciit
3359 2157 3373 2180 ,
3415 2124 3474 2169 ut
3506 2124 3591 2172 est

1981 2226 2143 2268 omne
2175 2225 2347 2282 genus
2379 2225 2690 2264 avarorum.
2726 2209 3018 2275 Animalis,
3053 2210 3146 2277 qui
3200 2224 3378 2279 neque
3417 2207 3588 2264 furari

1977 2319 2154 2374 neque
2177 2318 2381 2359 nocere
2411 2303 2548 2368 vnit,
2580 2304 2680 2358 hoc
2713 2314 2799 2358 cst
2825 2303 2973 2356 enim
3026 2302 3182 2372 juxta
3220 2311 3469 2356 naturam
3508 2302 3592 2356 vi-

1975 2411 2126 2459 vere.
2157 2396 2602 2467 quandoquidem
2643 2401 2747 2451 hoc
2782 2396 2940 2451 nobis
2970 2406 3166 2450 natura
3203 2395 3421 2450 indidit.
3448 2393 3590 2466 Spi-

1976 2490 2193 2546 ritualis
2226 2504 2388 2556 vero,
2433 2490 2527 2560 qui
2561 2499 2615 2545 ct
2662 2489 2827 2560 aﬂligi
2870 2500 2924 2546 et
2974 2491 3234 2547 damnum
3294 2490 3439 2548 ferre
3472 2492 3591 2547 vult

1973 2591 2200 2652 propter
2231 2580 2513 2638 virtutem.
2547 2579 2643 2636 Est
2677 2581 2845 2654 igitur
2868 2582 3079 2652 primus
3108 2592 3306 2652 praeter
3334 2581 3417 2638 vel
3450 2583 3588 2639 citra

1975 2685 2250 2739 naturam,
2276 2677 2552 2731 secundus
2577 2677 2732 2746 juxta
2768 2688 3046 2744 naturam,
3069 2680 3265 2733 tertius
3297 2693 3459 2746 supra
3488 2694 3589 2732 na-

1973 2775 2174 2822 turam.
2200 2767 2396 2826 Omnis
2418 2771 2585 2839 igitur
2611 2770 2706 2840 qui
2735 2771 2975 2824 lmmana
3007 2774 3171 2840 sapit.
3206 2778 3262 2823 et
3309 2786 3416 2824 non
3445 2771 3593 2826 valet

1974 2859 2283 2932 intelligere
2311 2876 2375 2916 ea
2403 2876 2527 2932 qua:
2556 2877 2726 2932 supra
2763 2869 3040 2925 naturam,
3077 2862 3331 2917 animalis
3364 2861 3588 2929 dicitur,

1974 2953 2050 3007 uti
2081 2955 2173 3026 qui
2205 2955 2387 3010 anima
2413 2965 2469 3009 et
2499 2957 2696 3025 spiritu
2721 2956 3077 3026 gubernetur.
3115 2955 3349 3022 Quando
3396 2965 3585 3012 autem

1974 3045 2102 3114 quis
2128 3045 2327 3114 spiritu
2358 3047 2563 3117 agitur,
2595 3057 2652 3102 et
2680 3062 2787 3100 non
2825 3047 2942 3115 jam
2976 3045 3111 3101 vivit
3142 3047 3282 3115 ipse,
3314 3045 3448 3100 vivit
3475 3061 3590 3101 au-

1976 3148 2086 3194 tem
2121 3139 2174 3194 in
2201 3155 2268 3197 eo
2300 3139 2556 3196 Christus
2587 3141 2655 3202 ".
2691 3140 2779 3195 hic
2817 3149 2904 3196 est
2939 3141 3283 3211 spiritualis,
3330 3149 3589 3196 naturam

1975 3245 2388 3302 supergressus.
2414 3232 2689 3287 Animalis
2721 3233 2889 3304 igitur
2914 3241 3114 3288 eratet
3147 3232 3259 3296 hic’,
3294 3233 3389 3302 qui
3431 3242 3594 3302 puta-

1977 3321 2072 3378 bat
2102 3322 2217 3379 [οι-ο
2233 3324 2528 3379 sensibiles
2543 3334 2862 3379 sanctorum
2893 3324 3310 3388 retributiones,
3328 3324 3592 3396 quoniam

1979 3415 2116 3471 nihil
2142 3429 2310 3487 super
2338 3426 2594 3471 naturam
2631 3426 2850 3487 poterat
2888 3416 3228 3489 intelligere.

2053 3697 2223 3754 Vsus.
2255 3682 2511 3754 ιιι-τοδε
2548 3700 2621 3753 At
2668 3699 2786 3768 ipse
2818 3699 2959 3755 dixit
2989 3701 3039 3758 ei
3075 3719 3090 3758 :
3143 3701 3322 3759 Homo
3369 3705 3595 3777 quidam

1980 3800 2271 3864 paraverat
2314 3806 2529 3847 cumam
2578 3807 2862 3862 magnam,
2886 3805 2943 3848 et
2977 3797 3196 3851 vocavit
3230 3798 3454 3864 multos,
3490 3803 3596 3856 mi-

1979 3885 2166 3956 sitque
2198 3899 2421 3939 servum
2455 3885 2610 3940 illum
2645 3901 2805 3941 suum
2831 3887 2966 3941 hora
2995 3901 3170 3944 creua:
3198 3900 3258 3946 ut
3279 3892 3492 3949 diceret
3523 3895 3598 3949 in-

1981 3976 2169 4030 vitatis
2202 3991 2218 4029 :
2251 3973 2489 4042 Venite,
2539 3977 2669 4046 quia
2718 3977 2835 4047 jam
2883 3988 3073 4047 parata
3105 3990 3236 4036 Sunt
3281 3986 3492 4041 Omnia.
3531 3985 3599 4041 Et

1981 4076 2267 4137 cmperunt
2297 4067 2463 4123 simul
2510 4085 2702 4124 tilllllCS
2732 4085 3026 4127 excusare.
3063 4072 3285 4131 Primus
3318 4077 3458 4131 dixit
3491 4080 3541 4134 ei
3577 4096 3592 4134 :

1986 4161 2177 4215 Villam
2215 4161 2352 4226 emi,
2408 4171 2463 4215 et
2509 4177 2739 4217 necesse
2792 4176 2878 4219 est
2927 4165 3059 4219 mihi
3099 4169 3278 4231 exire,
3307 4181 3364 4224 et
3399 4171 3594 4227 videre

1981 4253 2129 4308 illam
2170 4275 2180 4309 :
2219 4268 2351 4323 rogo
2386 4266 2456 4319 te,
2488 4253 2626 4308 habe
2647 4269 2735 4310 me
2763 4268 3110 4313 excusatum.
3144 4260 3210 4315 Et
3235 4260 3375 4316 alter
3407 4262 3550 4319 dixit
3581 4281 3597 4319 :

1979 4346 2118 4418 luga
2151 4346 2314 4402 boum
2349 4347 2456 4402 emi
2487 4348 2758 4418 quinque,
2782 4359 2835 4404 et
2863 4363 2930 4403 eo
2963 4351 3031 4404 ad
3075 4353 3422 4420 probandum
3457 4356 3544 4409 illa
3581 4370 3598 4414 :

1983 4456 2113 4510 rogo
2148 4450 2221 4506 te,
2251 4440 2391 4496 habe
2415 4456 2502 4496 me
2521 4451 2869 4497 excusatum.
2899 4441 2965 4498 Et
2987 4444 3125 4499 dixit
3149 4446 3292 4501 alius
3320 4465 3336 4502 :
3361 4447 3599 4505 Uxorem

1983 4535 2136 4602 duxi,
2166 4547 2222 4590 et
2247 4537 2368 4590 ideo
2396 4550 2504 4590 non
2538 4550 2761 4606 possum
2790 4539 3000 4593 venire.
3041 4558 3061 4592 ι
3097 4537 3236 4596 Cum
3279 4541 3518 4599 dixisset
3551 4545 3597 4599 is

262 4620 509 4678 τοῦτοού
537 4619 776 4692 δύναμαι
819 4620 1018 4674 ἐλθεῖν.
1057 4637 1077 4672 ι
1110 4619 1220 4674 Τοῦ
1266 4620 1736 4690 συνανακειμένου
1792 4620 1874 4673 εί-

1983 4627 2076 4698 qui
2120 4626 2284 4682 simul
2332 4628 2710 4693 accubuerat,
2768 4629 2990 4685 beatum
3050 4645 3176 4686 cum
3228 4633 3321 4702 qui
3365 4634 3601 4690 comedit

264 4715 487 4780 πόντος,
526 4715 610 4768 ὃτι
642 4716 916 4785 μακάρσος
946 4714 1006 4778 δς
1037 4713 1280 4784 φάγεται
1315 4714 1542 4785 ἄριστον
1573 4715 1632 4767 tv
1674 4717 1742 4787 τῇ
1779 4713 1879 4785 βα-

266 4806 450 4878 σιλείᾳ
476 4804 576 4860 τοῦ
615 4804 778 4869 Θεοῦ,
807 4807 838 4858 6
865 4806 1074 4877 Κύριος
1120 4807 1370 4861 διδάσκει
1405 4806 1572 4862 αὐτὸν
1603 4807 1876 4863 πλατύτε-

266 4921 384 4976 ρον,
416 4903 534 4968 πιῖις
566 4903 648 4956 δεῖ
670 4904 984 4980 νοεῖν-ἡμᾶς
1006 4905 1107 4969 τὰς
1139 4904 1235 4959 τοῦ
1264 4903 1402 4960 Θεοῦ
1433 4904 1730 4969 ἑστιάσεις.
1767 4906 1878 4959 Καὶ

263 4998 332 5069 δή
359 4994 834 5069 φησι’παρα6ολην
862 4998 1101 5064 τοιάνδε,
1137 4998 1431 5070 ἄνθρωπον
1461 4999 1561 5070 μὲν
1591 4999 1878 5069 ὀνομάζων

265 5092 362 5144 τὸν
391 5091 786 5163 φιλάνθρωπον
820 5091 1004 5146 αὐτοῦ
1051 5092 1297 5165 Πατέρα.
1348 5092 1409 5146 '0
1440 5092 1549 5164 γὰρ
1579 5091 1716 5156 Θεὸς
1748 5094 1878 5146 ὅταν

270 5188 374 5255 μὲν
437 5186 540 5258 τὴν
593 5185 981 5258 τιμωρητικὴν
1035 5184 1207 5241 αὐτοῦ
1263 5185 1498 5256 δύναμιν
1545 5185 1882 5256 αίνίττηται,

214 5264 216 5266 ’
269 5279 427 5345 παρὰ
451 5282 516 5352 τῇ
553 5279 747 5352 Γραφῇ
808 5279 1057 5356 πάνθηρ,
1090 5281 1188 5335 καὶ
1221 5279 1488 5353 πάρδαλις
1510 5320 1524 5342 ,
1557 5281 1652 5333 καὶ
1681 5278 1885 5350 ἄρκτος

267 5371 598 5441 ὀνομάζεται
622 5387 638 5416 .°
672 5373 805 5428 ὅταν
831 5373 890 5426 δὲ
933 5372 1354 5445 φιλανθρωπίαν
1393 5372 1520 5426 τινὰ
1546 5371 1886 5426 αἰνίττεσθαι

273 5464 447 5537 μέλλῃ
474 5503 491 5527 ,
543 5465 835 5537 ἀνθρωπος
887 5466 1195 5536 είσάγεται,
1248 5465 1441 5539 ὥσπερ
1483 5461 1700 5519 οὖνκαὶ
1740 5463 1836 5518 νῦν
1868 5480 1881 5495 °

271 5557 464 5629 ὲπειδὴ
496 5558 627 5627 περὶ
674 5559 774 5630 τῆς
814 5557 1350 5630 φιλανθρωποτάτης
1389 5558 1706 5627 οἰκονομίας
1756 5558 1873 5611 δια-

269 5647 609 5722 λαμϐάνειή
647 5650 962 5723 παραϐολὴ,
989 5652 1060 5724 ήν
1096 5651 1410 5722 ἐνήργησεν
1449 5652 1508 5703 ἐν
1547 5650 1702 5719 ἡμῖν,
1760 5665 1876 5702 κοι-

269 5745 475 5808 νωνοὺς
508 5746 657 5816 qua;
688 5746 928 5818 ποιήσας
961 5745 1066 5818 τῆς
1115 5745 1322 5818 σαρκὸς
1354 5744 1452 5800 τοῦ
1499 5743 1633 5798 Υίοῦ
1685 5741 1875 5808 αὐτοῦ,

347 5926 392 5958 ³⁸
426 5923 605 5983 Galat.
636 5941 700 5993 ιι,
736 5925 828 5982 20.

1982 4719 2271 4792 prandium
2309 4721 2361 4775 in
2393 4735 2564 4789 regno
2613 4720 2733 4786 Dei,
2773 4720 3036 4778 Dominus
3083 4724 3391 4781 doceteum
3435 4724 3601 4781 latins

1981 4811 2260 4882 quomodo
2293 4822 2544 4881 oporteat
2579 4825 2681 4866 nos
2709 4811 3021 4882 intelligere
3055 4814 3364 4869 convivium
3399 4815 3518 4880 Dei,
3548 4827 3603 4869 et

1984 4903 2304 4972 parabolam
2336 4905 2476 4959 hanc
2513 4904 2645 4959 dicit
2675 4905 2691 4958 :‘
2738 4904 3017 4959 hominem
3050 4906 3268 4976 quidem
3310 4907 3601 4962 nominans

1987 4995 2400 5050 misericordem
2434 5010 2595 5048 suum
2639 5004 2875 5065 patrem.
2909 4997 3142 5063 Quando
3168 4998 3316 5052 enim
3354 4997 3602 5054 vindica-

1990 5088 2290 5168 tivamDei
2329 5088 2593 5144 virtutem
2619 5090 2905 5160 Scriptura
2930 5090 3224 5161 signiﬁcat,
3251 5095 3598 5162 pantheram,

1986 5192 2278 5248 etursnm,
2309 5193 2363 5238 et
2393 5183 2622 5254 pardum
2651 5197 2776 5237 eum
2810 5192 3009 5246 vocat;
3049 5185 3270 5253 quando
3289 5195 3474 5241 autem
3494 5188 3601 5240 mi-

1985 5274 2285 5330 sericordia
2327 5275 2441 5330 vult
2475 5275 2766 5331 insinuare
2790 5315 2804 5339 ,
2840 5275 3118 5331 hominem
3163 5276 3374 5333 inducit
3409 5295 3423 5334 :
3458 5279 3602 5334 sicut

1987 5379 2041 5424 et
2065 5383 2210 5424 nunc
2242 5369 2824 5425 misericordissimam
2863 5369 2984 5438 ejus
3015 5369 3483 5440 dispensationem
3520 5373 3602 5425 iu-

1990 5461 2242 5531 tclligens
2269 5503 2284 5529 ,
2319 5477 2485 5533 quam
2528 5473 2792 5533 operatur
2830 5463 2884 5516 in
2939 5463 3121 5528 nobis,
3157 5478 3266 5534 qua
3321 5478 3422 5520 nos
3470 5462 3603 5518 facit

1988 5557 2287 5625 participes
2318 5556 2501 5611 carnis
2532 5555 2655 5611 Filii
2694 5556 2804 5621 sui,
2845 5557 3122 5613 hominem
3153 5573 3278 5612 eum
3328 5556 3596 5612 nominat.

1987 5654 2214 5704 (mnam
2247 5649 2392 5704 enim
2416 5666 2667 5722 magnam
2703 5653 2920 5707 vocavit
2941 5652 3402 5721 dispensationem
3433 5650 3596 5705 hanc.

1992 5741 2220 5798 (laenam
2250 5744 2498 5812 quidem,
2532 5760 2597 5801 eo
2621 5746 2768 5815 quod
2804 5747 2857 5802 in
2887 5746 3203 5803 novissimis
3233 5744 3596 5819 temporibus,
