4256 6432
720 426 830 491 935

1655 419 2234 481 TﬂEOPHYLAC’l‘I
2279 414 2698 479 BULGARUE
2735 412 3090 476 ARCIIlEP.

3898 405 4008 469 936

716 547 772 595 et
821 534 979 606 qtasi
1009 532 1072 585 ad
1110 545 1385 600 vesperam
1422 528 1601 584 saeculi
1636 532 1778 583 venit
1809 530 2084 583 Dominus.
2126 529 2310 597 Magna
2343 540 2387 592 Α

2343 540 2387 592 Α
2418 526 2708 596 ἄνθρωπον
2742 524 2906 577 αὐτὸν
2929 522 3178 591 ὠνόμασε
3207 535 3219 548 ·
3255 519 3469 571 δεῖπνον
3508 517 3564 571 δὲ
3603 518 3747 585 μέγα
3776 518 4005 570 ἐκάλεσε

718 638 899 683 autem
936 639 1086 679 creua
1118 624 1251 683 hinc.
1301 623 1555 690 quoniam
1607 636 1673 675 ex
1718 619 1969 674 confesso
2044 634 2300 688 maguum

718 731 802 774 est
820 721 1007 774 salutis
1026 725 1226 771 nostra:
1257 716 1600 786 mysterium.
1633 714 1696 768 Et
1725 714 1874 768 misit
1899 727 2116 766 servum
2153 712 2301 765 illum

721 827 873 863 suum
906 811 1035 863 hora
1065 822 1255 861 struas.
1290 807 1421 873 Quis
1453 818 1530 861 est
1557 820 1746 862 servus
1782 804 1909 857 ille?
1930 802 1982 857 ιε
2014 803 2103 872 qui
2132 802 2301 855 forma

720 904 859 957 servi
885 913 1187 971 assumpta,
1226 900 1515 955 FiliusUei
1559 902 1719 953 homo
1752 897 1928 951 factus
1961 905 2015 950 et
2047 906 2107 950 ut
2144 895 2304 950 homo

725 998 924 1049 misms
958 1010 1079 1047 esse
1116 994 1329 1046 dicitur.
1368 993 1599 1045 Attende
1629 989 1899 1056 quomodo
1932 1002 2037 1041 non
2082 986 2302 1048 dixerit,

720 1100 959 1147 servum,
994 1083 1083 1138 sed
1113 1100 1230 1136 cum
1263 1082 1515 1144 articulo,
1541 1096 1754 1134 servum
1779 1080 1925 1133 illum
1951 1092 2126 1130 suum.
2154 1075 2303 1128 Illum

722 1176 937 1242 proprie
957 1174 1110 1234 dixit,
1131 1173 1218 1240 qui
1248 1172 1401 1241 juxta
1439 1170 1667 1223 formam
1698 1171 1985 1222 humanam
2013 1167 2059 1219 ei
2084 1165 2304 1234 placuit,

721 1274 775 1318 et
808 1264 1045 1319 servivit.
1073 1260 1187 1317 Non
1218 1263 1363 1315 enim
1401 1272 1455 1314 ut
1487 1260 1652 1313 Filius
1670 1268 1723 1312 et
1750 1259 1887 1310 Deus
1910 1268 2115 1310 tantum
2144 1256 2304 1307 bene-

729 1356 959 1427 plaritus
980 1366 1062 1410 est
1096 1353 1267 1417 Patri,
1297 1353 1391 1407 sed
1422 1362 1475 1404 et
1500 1353 1637 1405 sicut
1664 1351 1825 1403 homo
1848 1349 1964 1417 ipse
2007 1351 2155 1403 solus
2190 1352 2306 1403 sine

719 1459 963 1519 peccato,
998 1448 1247 1501 omnibus
1276 1443 1518 1515 paternis
1552 1442 1795 1495 consiliis
1826 1450 1881 1493 et
1913 1440 2183 1494 mandatis
2206 1441 2305 1495 iiii-

721 1544 975 1598 nistravit
1004 1552 1053 1595 et
1087 1540 1266 1608 paruit
1300 1558 1313 1592 :
1346 1549 1400 1591 et
1444 1536 1606 1607 397
1636 1534 1867 1604 implens
1900 1549 2116 1589 omnem
2145 1534 2307 1603 justi-

724 1618 877 1697 tiam,
904 1633 1109 1687 servire
1132 1631 1327 1685 dicitur
1358 1631 1463 1683 Deo
1488 1639 1542 1681 et
1572 1627 1716 1681 Patri
1751 1646 1762 1679 :
1788 1628 1907 1681 ideo
1937 1634 1991 1681 et
2017 1628 2133 1695 ipse
2157 1627 2305 1681 solus

720 1725 935 1793 protirie
961 1737 1146 1777 servus
1170 1722 1258 1774 Dei
1283 1721 1497 1775 dicitur.
1535 1718 1677 1772 Hora
1712 1730 1892 1773 autem
1915 1732 2084 1772 Cinnae
2108 1719 2305 1771 missus

719 1826 838 1881 est,
877 1816 977 1869 hoc
1027 1820 1111 1867 est
1160 1812 1384 1867 deﬁnito
1426 1822 1481 1865 et
1529 1822 1836 1880 opportuno
1870 1821 2135 1878 tempore.
2184 1807 2302 1863 Non

2405 617 2505 687 τὴν
2524 616 2842 685 οἰκονομίαν
2877 614 3106 681 ταύτην,
3148 611 3363 663 δεῖπνον
3388 612 3508 679 μὲν,
3532 610 3723 679 ἐπειδὴ
3748 612 3805 661 έν
3837 610 4007 678 ἐσχά-

2405 726 2515 771 τοις
2552 708 2785 776 καιροῖς,
2817 706 2906 757 καὶ
2940 702 3052 755 οἷον
3081 702 3173 753 ἐπὶ
3198 701 3433 769 δυσμαῖς
3469 699 3564 753 τοῦ
3607 700 3805 764 αἰῶνος
3840 695 4006 769 ἦλθεν

2407 803 2436 853 6
2490 799 2712 867 Κύριος.
2766 798 2957 864 Μέγας
2999 797 3053 847 δὲ
3095 797 3123 845 6
3159 795 3375 855 δεῖπνος
3416 786 3592 858 οὗτος,
3659 794 3853 865 ἐπειδὴ
3911 798 4008 847 καὶ

2407 892 2858 961 ὁμολογουμένως
2900 890 3043 957 μέγα
3066 887 3127 938 τὸ
3155 886 3256 954 τῆς
3291 886 3570 955 σωτηρίας
3604 885 3763 955 ἡμῶν
3793 888 4005 954 μυστή-

2411 1006 2525 1057 ριον
2549 1003 2562 1016 ·
2596 987 2691 1039 καὶ
2730 983 3019 1038 ἀπέστειλε
3078 984 3170 1033 τὸν
3221 979 3413 1033 δοῦλον
3455 977 3623 1031 αὑτοῦ
3660 982 3726 1048 τῇ
3766 977 3893 1047 ὥρᾳ
3915 977 4008 1029 τοῦ

2406 1082 2645 1133 δείπνου.
2695 1078 2790 1140 Τίς
2834 1080 2985 1129 ὲστιν
3026 1070 3180 1136 οὗτος
3215 1074 3244 1125 6
3269 1072 3488 1135 δοῦλος;
3524 1071 3581 1122 Ὀ
3630 1073 3730 1139 τὴν
3790 1072 4009 1139 μορφὴν

2408 1174 2503 1226 τοῦ
2528 1172 2716 1225 δούλου
2745 1168 3031 1223 ἀναλαϐὼν
3057 1168 3085 1219 6
3122 1167 3247 1228 Υἱὸς
3279 1164 3374 1217 τοῦ
3398 1163 3555 1225 Θεοῦ,
3592 1164 3887 1231 ἄνθρωπος
3924 1180 4009 1230 γε-

2410 1267 2656 1335 νόμενος,
2708 1264 2805 1316 καὶ
2834 1263 2909 1324 ὡς
2942 1260 3228 1330 ἄνθρωπος
3262 1257 3637 1326 ἀποσταλῆναι
3687 1257 4006 1323 λεγόμενος.

2409 1361 2654 1431 Πρόσχες
2684 1358 2739 1411 δὲ
2765 1356 2880 1418 πῶς
2900 1356 3001 1408 οὐκ
3030 1350 3173 1417 εἷπε,
3197 1350 3405 1415 δοῦλον,
3446 1351 3584 1403 ἀλλά
3617 1350 3757 1418 μετά
3780 1349 3877 1402 τοῦ
3910 1350 4008 1418 ἀρ-

2409 1450 2565 1518 θρου,
2597 1448 2687 1501 τὸν
2714 1446 2927 1508 δοῦλον,
2954 1444 3047 1497 τὸν
3077 1444 3311 1513 κυρίως,
3345 1442 3532 1509 φησίν,
3572 1440 3725 1510 αύτῷ
3762 1444 3905 1493 κατά
3950 1441 4011 1491 τὸ

2408 1539 2751 1608 ἀνθρώπινον
2810 1534 3258 1607 εύαρεστήσαντα
3287 1532 3379 1584 καὶ¹
3414 1527 3471 1585 εὖ
3498 1530 3891 1583 δουλεύσαντα.
3928 1530 4005 1583 Οὐ

2412 1633 2574 1700 μόνον
2600 1631 2709 1701 γάρ
2742 1628 2877 1683 καθὸ
2907 1628 3033 1691 Υίὸς
3064 1626 3158 1679 καὶ
3183 1625 3320 1686 Θεὸς
3366 1622 3661 1693 εὐάρεστος
3698 1620 3780 1691 τῷ
3808 1622 4008 1691 Πατρὶ,

2405 1723 2543 1775 ἀλλά
2583 1722 2678 1775 καὶ
2712 1719 2851 1774 καθὸ
2884 1718 3193 1790 ἄνθρωπος,
3224 1716 3571 1785 α’ύτὸςεμόνος
3601 1717 4011 1786 ἀναμαρτήτως

2410 1817 2615 1877 πάσαις
2649 1816 2772 1876 ταῖς
2804 1812 2899 1866 τοῦ
2934 1812 3145 1882 Πατρὸς
3182 1809 3401 1879 βουλαῖς
3466 1811 3561 1863 καὶ
3588 1810 3834 1872 ἐντολαῖς
3867 1810 4008 1877 ὑπη-

718 1907 861 1961 euim
900 1906 1042 1959 aliud
1090 1916 1302 1974 tempus
1352 1904 1691 1959 commodius
1728 1900 1829 1957 fuit
1868 1902 2027 1956 saluti
2084 1912 2305 1967 nostum,
2344 1887 2383 1942 Β

2344 1887 2383 1942 Β
2414 1908 2669 1979 ρετήσας,
2707 1907 2805 1959 καὶ
2835 1905 3132 1975 πληρώσας
3167 1904 3353 1956 πᾶσαν
3382 1902 3761 1970 δικαιοσύνην,
3791 1901 4011 1954 δουλεῦ-

719 2011 881 2065 quam
904 2012 1009 2065 quo
1041 1999 1300 2065 regnabat
1322 1994 1501 2048 Caesar
1532 1994 1832 2061 Augustus,
1863 2008 1986 2047 cum
2023 1994 2074 2045 in
2097 2007 2309 2046 summo

720 2099 865 2142 esset
893 2087 1117 2149 malitia,
1155 2082 1561 2156 quain‘destrui
1611 2084 1919 2154 oportebat.
1965 2084 2117 2137 Sicut
2161 2084 2306 2137 enim

722 2182 915 2234 medici
947 2182 1134 2232 sinunt
1173 2180 1223 2231 in
1259 2180 1382 2232 saevi
1425 2179 1595 2231 morbi
1634 2176 1904 2231 ulceribus
1945 2176 2144 2230 malum
2193 2191 2309 2230 om-

723 2287 843 2326 nem
887 2271 1168 2325 humorem
1202 2285 1514 2339 erumpere,
1548 2279 1603 2323 et
1628 2268 1824 2322 deinde
1859 2269 2097 2323 remedia
2144 2282 2301 2337 appo-

721 2373 890 2417 nunt:
918 2363 987 2417 ita
1012 2368 1065 2415 et
1090 2370 1370 2430 peccatum
1401 2360 1687 2430 oportebat
1716 2374 1905 2415 omnes
1938 2376 2067 2414 suas
2100 2362 2311 2430 species

720 2456 999 2522 indicare,
1058 2465 1111 2507 et
1161 2453 1361 2507 deinde
1414 2469 1669 2524 magnum
1729 2455 2000 2509 medicum
2036 2456 2312 2525 imponere

719 2550 1035 2618 pharmaca.
1075 2548 1138 2601 Et
1173 2558 1459 2617 prapterea
1497 2547 1832 2616 exspeCIavit
1864 2547 2111 2602 Christus
2139 2550 2310 2603 donec

721 2642 967 2695 diabolus
988 2640 1206 2693 malitize
1228 2654 1535 2692 mensuram
1562 2639 1830 2707 impleret,
1864 2652 1914 2693 et
1938 2648 2063 2693 tunc
2090 2640 2307 2693 demum

722 2735 1037 2788 incarnatus
1061 2741 1161 2797 est,
1198 2743 1249 2786 et
1278 2749 1440 2788 omne
1469 2747 1640 2801 genus
1674 2732 1893 2785 malitiae
1921 2746 2016 2798 per
2064 2743 2309 2786 sanctam

722 2828 885 2880 vitam
917 2841 1070 2879 suam
1100 2828 1329 2880 sanavit.
1361 2826 1553 2879 Missus
1579 2836 1663 2879 est
1687 2824 1851 2894 igitur
1876 2826 2029 2885 hora.
2079 2827 2181 2880 hoc
2227 2836 2313 2880 est

723 2927 1025 2986 opportuno
1074 2924 1126 2971 et
1160 2916 1513 2971 accommodo
1552 2925 1795 2985 tempore
1822 2954 1836 2981 ,
1890 2916 2031 2970 sicut
2058 2926 2107 2973 et
2144 2916 2309 2972 David

723 3011 886 3063 dicit:
924 3028 943 3061 ι
981 3010 1279 3079 Accingere
1306 3010 1484 3078 gladio
1520 3020 1609 3061 tuo
1659 3024 1821 3077 super
1866 3008 2040 3065 femur
2087 3022 2237 3064 tuum
2267 3011 2311 3041 “

720 3112 968 3169 potenter
1000 3120 1016 3150 ›
1055 3102 1477 3169 tempestivitate
1508 3112 1621 3156 tua.
1651 3100 1887 3156 Omnino
1910 3102 2054 3156 enim
2076 3102 2309 3173 gladius,

719 3196 946 3245 verbum
983 3192 1122 3247 Dei:
1168 3208 1263 3261 per
1310 3193 1485 3246 femur
1516 3204 1694 3247 autem
1738 3194 1994 3249 nativitas
2044 3196 2096 3248 in
2140 3210 2307 3251 carne

718 3285 1075 3356 signiﬁcatur,
1099 3300 1217 3356 quae
1232 3287 1495 3357 contingit
1520 3286 1572 3341 in
1606 3288 2050 3357 tempestivitate,
2082 3293 2183 3343 hoc
2219 3298 2306 3343 est

720 3377 773 3431 in
805 3388 1044 3446 tempore
1089 3387 1419 3445 opportuno.
1462 3378 1655 3433 Missus
1707 3394 1837 3434 vero
1889 3388 1968 3433 est
2006 3389 2063 3431 ut
2098 3380 2306 3435 diceret

721 3468 980 3523 invitatis.
1018 3468 1119 3534 Qui
1174 3478 1298 3523 sunt
1350 3470 1403 3523 hi
1446 3470 1533 3537 qui
1590 3473 1762 3523 vocati
1818 3471 1979 3524 sunt?
2030 3469 2303 3525 Fortassis

718 3576 908 3615 omnes
940 3562 1209 3615 homines.
1244 3562 1445 3616 Omnes
1474 3563 1617 3615 enim
1661 3563 1873 3617 vocavit
1924 3562 2065 3617 Deus
2121 3565 2187 3617 ad
2219 3565 2301 3617 sui

720 3655 1071 3722 agnitionem,
1114 3656 1314 3723 partim
1356 3670 1448 3723 per
1482 3656 1789 3709 ordinatam
1839 3654 2130 3709 visibilium
2175 3670 2305 3712 con-

719 3747 1084 3811 stitntionem,
1123 3749 1319 3816 partim
1358 3764 1450 3817 per
1479 3748 1776 3801 naturalem
1804 3748 1975 3819 legem
2006 3766 2017 3801 :
2058 3748 2305 3804 fortassis

719 3853 901 3899 autem
935 3844 1103 3909 magis
1145 3841 1361 3910 pr0prie
1420 3839 1709 3905 lsraelitas,
1762 3841 1854 3909 qui
1889 3856 1984 3908 per
2024 3843 2191 3909 legem
2252 3850 2307 3896 et

724 3932 1017 4001 prophetas
1045 3932 1217 3984 vocati
1248 3930 1484 3985 luerunt.
1524 3930 1602 3983 Ad
1632 3931 1753 3983 illos
1798 3932 1963 4000 igitur
1994 3933 2188 3987 missus
2222 3945 2308 3989 est

721 4029 953 4095 primum
984 4025 1262 4089 Dominus,
1322 4025 1395 4077 uti
1458 4024 1524 4078 ad
1563 4040 1692 4079 oves
1724 4028 1915 4081 domus
1956 4026 2142 4083 Israel.
2189 4028 2306 4098 ipse

719 4120 863 4172 enim
898 4120 1112 4172 dicebat
1144 4134 1157 4172 :
1196 4118 1407 4185 Venite,
1428 4120 1553 4190 quia
1587 4130 1771 4187 parata
1798 4120 1908 4188 jam
1940 4129 2065 4173 sunt
2100 4122 2302 4174 omnia.

724 4209 895 4278 Prope
921 4214 1063 4265 enim
1092 4227 1212 4266 esse
1251 4228 1475 4282 regnum
1516 4212 1609 4267 Dei
1652 4214 1718 4277 ⁸⁷,
1743 4213 1997 4266 omnibus
2030 4213 2305 4283 evangeli-

724 4303 882 4355 zabat
912 4301 1190 4368 Dominus,
1224 4314 1275 4357 et
1308 4304 1447 4358 intra
1471 4319 1586 4360 vos.
1615 4304 1685 4359 At
1714 4305 1787 4359 illi
1805 4316 2088 4374 coeperunt
2118 4306 2301 4370 simul,

722 4394 772 4445 id
801 4402 883 4445 est
925 4408 987 4447 ex
1014 4399 1337 4464 composito,
1372 4409 1655 4450 excusare.
1686 4396 1890 4452 Omnes
1925 4398 2067 4451 enim
2101 4400 2305 4464 princi-

719 4500 813 4554 pes
852 4484 1158 4541 Judmorum
1193 4489 1570 4543 detrectabant
1615 4488 2042 4545 Jesum,habere
2096 4506 2301 4562 regem,

2415 2018 2503 2053 σαι
2534 1999 2752 2066 λέγεται
2780 1996 2859 2065 τῷ
2879 1995 2997 2066 Θεῷ
3027 1997 3123 2048 καὶ
3146 1996 3340 2064 Πατρὶ,
3367 1994 3448 2047 διὸ
3475 1996 3568 2047 καὶ
3590 1996 3795 2065 κυρίως
3819 1996 4011 2056 δοῦλος

2411 2092 2505 2145 τοῦ
2561 2090 2697 2145 Θεοῦ
2728 2088 2889 2151 αὐτὸς
2920 2089 2985 2142 ἂν
3026 2088 3242 2154 λέγοιτο
3284 2087 3467 2155 μόνος.
3515 2088 3596 2158 Τῇ
3637 2088 3759 2158 ὦρα
3807 2088 3868 2140 δὲ
3917 2088 4009 2139 τοῦ

2410 2184 2629 2237 δείπνου
2658 2181 2965 2250 ἀπεστάλη,
2998 2182 3301 2242 τουτέστιν,
3338 2182 3396 2231 ὲν
3451 2177 3532 2250 τῷ
3581 2180 3883 2250 ὡρισμένῳ
3917 2182 4010 2231 καὶ

2414 2275 2715 2345 ἐπιτηδείῳ
2750 2273 2948 2343 καιρῷ.
2983 2273 3117 2325 Οὐδὲ
3134 2274 3239 2344 γάρ
3270 2272 3429 2335 ἄλλος
3457 2273 3647 2339 καιρὸς
3676 2268 3746 2343 ἧν
3774 2273 3874 2341 τῆς
3906 2290 4012 2323 σω-

2414 2366 2612 2435 τηρίας
2639 2364 2801 2435 ἡμῶν
2848 2364 3308 2433 ἐπιτηδειότερος,
3342 2363 3376 2431 ἢ
3424 2364 3634 2424 ἐκεῖνος
3668 2365 3695 2415 6
3727 2364 3873 2415 κατά
3916 2362 4011 2431 τὴν

2416 2456 2509 2509 τοῦ
2549 2454 2867 2523 Αὐγούστου
2895 2454 3169 2522 Καίσαρος
3202 2452 3504 2523 βασιλείαν,
3540 2454 3628 2505 ὅτι
3667 2455 4012 2523 κορυφωθεί-

2418 2566 2518 2602 σαν
2542 2549 2641 2621 τὴν
2694 2548 2892 2601 κακίαν
2926 2546 3035 2600 ἔδει
3066 2545 3489 2616 καθαιρεθῆναι.
3526 2544 3746 2612 Ὥσπερ
3772 2547 3883 2614 γὰρ
3931 2545 4014 2595 νό-

2418 2658 2567 2711 σημα
2592 2640 2845 2703 ὕπουλον,
2898 2640 2990 2692 καὶ
3027 2638 3305 2708 κακόηθες
3337 2637 3499 2689 ἐῶσιν
3526 2638 3577 2689 οἱ
3616 2637 3799 2706 ἰατροὶ
3833 2638 4013 2689 πάντα

2415 2733 2507 2786 τὸν
2547 2733 2784 2803 πονηρὸν
2817 2734 2993 2802 χυμὸν
3020 2732 3275 2803 ἐκρῆξαι,
3308 2725 3410 2783 εἷθ’
3445 2728 3619 2792 οὕτως
3654 2730 3756 2793 τάς
3787 2747 4011 2798 φαρμα-

2416 2825 2569 2886 κείας
2593 2824 2916 2890 ἐπάγουσιν,
2949 2822 3125 2885 οὕτως
3148 2823 3244 2875 καὶ
3263 2822 3363 2891 τὴν
3391 2821 3673 2892 ἁμαρτίαν
3695 2822 3806 2873 ἔδει
3837 2824 4013 2874 πάντα

2416 2918 2487 2971 τὰ
2516 2919 2702 2969 οἰκεῖα
2742 2918 2942 2986 ἑαυτῆς
2977 2916 3094 2984 εἴδη
3130 2914 3527 2979 ἐπιδείξασθαι,
3563 2911 3683 2966 εἶτα
3715 2915 3807 2966 τὸν
3836 2915 4016 2982 μέγαν

2424 3010 2605 3082 ἰατρὸν
2628 3011 2901 3062 ἐπιθεῖναι
2935 3010 2996 3061 τὸ
3031 3010 3347 3080 φάρμακον.
3409 3009 3509 3060 Διά
3547 3007 3707 3059 τοῦτο
3743 3006 3807 3077 δὴ
3861 3024 4016 3076 περι-

2418 3104 2635 3174 έμεινεν
2661 3103 2689 3155 6
2714 3104 2918 3173 Κύριος
2936 3102 2997 3155 τὸ
3024 3104 3222 3171 μέτρον
3250 3104 3348 3169 τῆς
3380 3102 3579 3163 κακίας
3610 3100 3900 3170 πληρῶσαι
3923 3102 4018 3152 τδν

2416 3195 2685 3261 διάϐολον,
2722 3197 2819 3248 καὶ
2841 3194 3014 3257 οὕτως
3043 3193 3350 3265 σαρκωθεὶς
3384 3194 3493 3247 πᾶν
3524 3190 3665 3256 εἶδος
3694 3195 3897 3255 κακίας
3928 3193 4019 3246 διὰ

2422 3288 2602 3358 πάσης
2641 3288 2739 3355 τῆς
2791 3287 2954 3353 ἁγίας
3009 3287 3172 3338 αὑτοῦ
3226 3286 3508 3349 πολιτείας
3553 3286 3835 3349 ὲξιάσατο.
3890 3286 4023 3339 Ἀτ-

2421 3380 2622 3447 εστάλη
2640 3367 2737 3431 οὖν’
2758 3379 2815 3429 ὲν
2838 3378 2980 3448 ὥρᾳ,
3000 3379 3269 3441 τουτέστι,
3291 3378 3369 3442 τῷ
3397 3379 3583 3447 ὡραίῳ
3614 3379 3705 3431 καί
3726 3378 4022 3446 ἐπιτηδείῳ

2422 3476 2620 3546 καιρῷ,
2652 3473 2793 3528 καθά
2832 3474 2925 3525 καὶ
2950 3472 3111 3526 Δαυῒδ
3134 3472 3282 3541 λέγει
3320 3489 3332 3503 ·
3376 3472 3719 3543 «Περίζωσαι
3742 3470 3842 3541 τὴν
3879 3474 4019 3540 ρομ-

2420 3568 2587 3635 φαίαν
2614 3583 2730 3632 σου,
2756 3566 2848 3618 ἐπὶ
2877 3564 2969 3617 τὸν
3006 3567 3182 3634 μηρόν
3206 3582 3328 3629 σου,
3351 3565 3545 3617 δυνατὲ
3574 3582 3592 3614 ι
3621 3566 3686 3633 τῇ
3720 3563 4025 3635 ὡραιότητί

2421 3676 2516 3712 σου
2537 3676 2549 3687 ⁸
2580 3660 2799 3721 πάντως
2825 3658 2931 3729 γὰρ
2964 3656 3210 3727 ῥομφαία
3248 3658 3345 3727 μὲν
3372 3659 3401 3709 6
3434 3657 3595 3725 λόγος
3623 3656 3717 3709 τοῦ
3737 3656 3899 3720 Θεοῦ,
3928 3656 4020 3707 διὰ

2420 3753 2513 3805 τοῦ
2558 3750 2734 3822 μηροῦ
2762 3750 2821 3803 δὲ
2874 3752 2908 3819 ἡ
2959 3754 3019 3803 ὲν
3062 3751 3225 3820 σαρκὶ
3256 3750 3469 3816 γένεσις
3505 3750 3861 3819 σημαίνεται,
3896 3750 4023 3819 ἥτις

2430 3847 2499 3914 τῇ
2536 3844 2837 3914 ὠραιότητι
2887 3844 3127 3910 ἐγένετο,
3158 3843 3461 3901 τουτέστιν,
3508 3845 3566 3895 ὲν
3614 3843 3693 3912 τῷ
3725 3845 4024 3913 ἐπιτηδείῳ

2424 3946 2621 4007 καιρῷ.
2647 3937 2957 4006 Ἀπεστάλη
2983 3936 3039 3989 δὲ
3066 3938 3242 3989 εἰπεῖν
3278 3938 3391 3999 τοῖς
3424 3936 3809 4007 κεκλημένοις.
3862 3935 4024 3996 Τίνες

2421 4030 2478 4083 δέ
2506 4032 2642 4081 εἰσιν
2666 4024 2813 4083 οῦτοι
2844 4031 2899 4085 οἱ,
2926 4030 3290 4099 κεκλημένοις
3333 4030 3489 4098 Τάχα
3530 4030 3631 4098 μὲν
3674 4032 3772 4082 καὶ
3816 4031 4023 4091 πάντες

2419 4122 2699 4193 ἄνθρωποι
2762 4124 2969 4185 πάντας
2999 4122 3108 4191 γάρ
3135 4122 3393 4175 ἐκάλεσεν
3418 4124 3447 4173 6
3486 4120 3617 4184 Θεὸς
3651 4123 3732 4184 είς
3760 4121 3861 4191 τὴν
3897 4123 4021 4175 ἑπι-

2417 4234 2617 4283 γνωσιν
2648 4215 2838 4279 αὑτοῦ,
2875 4214 3035 4267 τοῦτο
3068 4215 3169 4282 μὲν
3199 4214 3286 4267 δια
3312 4216 3411 4283 τῆς
3452 4214 3561 4267 τῶν
3590 4216 3891 4284 ὁρωμένων
3924 4218 4017 4268 εὖ·

2417 4311 2630 4375 ταξίας,
2655 4309 2813 4363 τοῦτο
2838 4308 2893 4361 δὲ
2920 4308 3006 4362 διά
3027 4306 3123 4360 τοῦ
3156 4308 3393 4376 φυσικοῦ
3424 4308 3593 4377 νόμου
3617 4324 3629 4337 ·
3676 4308 3818 4378 τάχα
3854 4310 3909 4361 δὲ
3941 4314 4022 4363 01-

2419 4404 2698 4473 κειότερον
2726 4403 2774 4454 0i
2830 4402 2888 4466 ἐξ
2928 4400 3143 4471 Ἰσραὴλ
3168 4441 3183 4464 ,
3226 4401 3274 4452 οἳ
3305 4400 3394 4452 διά
3447 4400 3543 4452 τοῦ
3574 4420 3599 4453 ν
3640 4419 3742 4469 μου
3778 4406 3873 4455 καὶ
3912 4405 4021 4456 τῶν

2420 4495 2719 4565 προφητῶν
2766 4492 3078 4563 ἐκλήθησαν
3115 4506 3130 4522 ’
3176 4494 3255 4552 εἰς
3305 4492 3529 4555 τούτους
3584 4492 3678 4544 οῦν
3736 4495 4021 4549 ἀπεστάλη

716 4588 769 4629 et
801 4591 1010 4633 canam
1068 4592 1173 4632 non
1226 4588 1542 4633 meruerunt
1574 4595 1588 4631 :
1625 4578 1762 4635 alius
1801 4580 2021 4651 quidem
2070 4590 2296 4652 propter
2324 4598 2377 4658 ι)

2340 4586 2833 4659 θπροηγουμένως
2898 4587 2925 4639 6
2978 4585 3207 4654 Κύριος,
3266 4585 3346 4646 είς
3416 4585 3482 4637 τά
3567 4584 3819 4653 πρόϐατα
3872 4588 4021 4639 οἴκου

717 4668 1026 4725 divitiarum
1070 4672 1447 4737 cupiditatem,
1485 4672 1625 4725 alius
1675 4682 1855 4727 autem
1893 4685 2113 4742 propter
2148 4676 2302 4731 volu-

718 4772 937 4830 ptatem.
974 4760 1108 4815 Nam
1168 4762 1254 4815 ille
1302 4764 1522 4834 quidem
1565 4764 1751 4819 villam
1800 4775 2031 4833 emerat,
2072 4778 2127 4822 et
2167 4770 2305 4823 alius

711 4853 836 4924 juga
865 4854 1045 4919 boum,
1075 4854 1164 4920 qui
1197 4857 1413 4924 signant
1443 4857 1755 4911 divitiarum
1786 4860 2034 4927 cupidos.
2066 4862 2137 4915 At
2166 4862 2305 4918 alius

716 4947 809 5015 qui
838 4962 1056 4999 uxorem
1093 4946 1343 5011 duxerat,
1388 4949 1773 5017 voluptuarius
1803 4964 1939 5007 erat.
1985 4954 2207 5025 Insuper
2250 4968 2305 5013 et

718 5040 763 5093 is
804 5039 981 5090 villam
1018 5052 1399 5108 compararat,
1434 5046 1523 5112 qui
1578 5058 1799 5113 propter
1839 5048 2164 5103 mundanam
2212 5067 2308 5105 sa.

714 5129 971 5196 pientiam
1028 5145 1131 5183 non
1185 5132 1378 5201 aet-ipit
1430 5138 1770 5203 mysterium.
1830 5136 1962 5190 Villa
2022 5140 2162 5192 enim
2220 5152 2301 5196 est

716 5224 944 5276 mundus
980 5224 1089 5288 hic,
1134 5238 1185 5278 et
1220 5237 1412 5278 natura
1448 5230 1785 5296 simpliciter.
1820 5232 1920 5297 Qui
1969 5242 2147 5285 autem
2196 5250 2296 5287 na-

716 5323 889 5369 turam
914 5316 1186 5381 observat,
1211 5334 1311 5371 uox:
1347 5323 1534 5387 recipit
1552 5325 1647 5376 hoc
1672 5326 1809 5389 quod
1836 5342 1997 5394 super
2021 5339 2292 5382 naturam.

712 5404 879 5478 Igitur
905 5410 1202 5477 pharisarus
1231 5412 1321 5479 qui
1358 5413 1532 5467 viilam
1568 5414 1701 5470 forte
1725 5432 2159 5488 comparaverat,
2198 5424 2299 5476 hoc

712 5512 817 5562 est,
860 5502 949 5568 qui
1006 5514 1313 5569 respexerat
1363 5507 1427 5557 ad
1484 5520 1685 5561 natura:
1734 5510 1899 5577 leges,
1944 5529 2048 5566 non
2107 5516 2297 5583 recipit

715 5594 975 5659 virginem
1022 5608 1210 5660 parere
1251 5592 1443 5655 Deum,
1496 5603 1634 5665 quod
1686 5616 1847 5669 super
1880 5613 2127 5655 naturam
2165 5617 2247 5660 est
2281 5625 2290 5657 :

712 5690 805 5740 sed
838 5694 889 5738 et
922 5700 1109 5739 omnes
1144 5685 1232 5757 qui
1282 5688 1331 5740 iu
1375 5700 1598 5743 externa
1650 5695 1913 5762 sapientia
1970 5698 2296 5766 gloriantur,

780 5870 825 5901 “
856 5869 996 5925 Psal.
1036 5887 1140 5937 XLI,
1170 5871 1221 5925 4.
1304 5874 1344 5904 ⁸⁷
1387 5875 1576 5929 ΜλιιιιΔ
1619 5892 1699 5941 ιιι,
1732 5878 1764 5929 2

2419 4680 2660 4752 Ἰσραήλ.
2699 4678 2869 4741 Αύτδς
2918 4676 3018 4747 μὲν
3059 4677 3153 4731 οῦν
3204 4676 3359 4744 ἔλεγε
3388 4692 3403 4709 ·
3449 4676 3720 4748 Ἔρχεσθε
3782 4678 3869 4729 ὅτι
3922 4678 4020 4747 ἠδη

2414 4774 2609 4840 ἕτοιμά
2643 4774 2759 4824 ἐστι
2790 4772 2987 4825 πάντα’
3023 4770 3193 4838 ἐγγὺς
3244 4770 3351 4844 γάρ
3402 4766 3544 4823 εἶναι
3593 4772 3691 4842 τὴν
3730 4770 4021 4839 βασιλείαν

2414 4867 2527 4917 τῶν
2552 4864 2835 4934 οὐρανῶν,
2898 4863 3102 4915 ἅπασιν
3135 4862 3525 4933 εὐηγγελίζετο
3567 4866 3595 4917 6
3653 4864 3887 4933 Κύριος,
3930 4870 4021 4917 καὶ

2410 4958 2561 5021 ἐντὸς
2594 4957 2770 5026 ὑμῶν.
2804 4958 2867 5009 Oi.
2914 4955 2970 5009 δὲ
3004 4956 3239 5027 ἤρξαντο
3288 4959 3398 5011 ἀπὸ
3428 4960 3561 5027 μιᾶς
3603 4959 4017 5027 παραιτεῖσθαι,

2416 5050 2697 5102 τουτέστιν
2722 5087 2739 5111 ,
2770 5048 2843 5111 ὡς
2896 5046 2955 5112 ἐξ
2990 5049 3109 5111 ἑνὸς
3138 5050 3483 5119 συνθήματος
3508 5066 3523 5079 ”
3560 5050 3764 5113 πάντες
3817 5052 3933 5120 γάρ
3971 5052 4018 5103 οί

2410 5143 2667 5212 ἄρχοντες
2710 5141 2817 5193 τῶν
2862 5140 3133 5195 Ἰουδαίων
3197 5143 3679 5211 παραιτησάμενοι
3724 5142 3876 5211 ἔχειν
3930 5147 4017 5195 τὸν

2424 5235 2633 5304 Ἰησοῦν
2672 5234 2934 5304 βασιλέα,
2985 5235 3107 5286 οὐδὲ
3152 5236 3246 5287 τοῦ
3306 5236 3526 5287 δείπνου
3582 5234 3905 5304 ἠξιώθησαν
3934 5252 3946 5263 ·
3989 5237 4016 5285 ὁ

2414 5332 2511 5398 μὲν
2542 5330 2629 5382 διά
2661 5329 3071 5397 φιλοπλουτίαν,
3137 5330 3165 5380 6
3210 5328 3269 5389 δὲ
3306 5328 3396 5381 διὰ
3439 5327 3777 5396 φιληδονίαν.
3823 5326 3885 5379 ὐ
3921 5328 4015 5397 μὲν

2407 5423 2514 5492 γάρ
2553 5424 2641 5475 τὴν
2673 5422 2844 5492 ἀργὸν
2871 5423 3174 5491 ἀγοράσας,
3212 5422 3350 5473 καὶὸ
3386 5422 3451 5474 τὰ
3488 5422 3660 5489 ζεύγη
3702 5420 3814 5471 τῶν
3852 5420 4009 5490 βοῶν,

2408 5514 2749 5580 φιλόπλουτοι
2796 5514 2861 5566 ἂν
2898 5514 3143 5585 νοηθεῖεν
3171 5534 3182 5545 ο
3230 5517 3257 5566 6
3288 5515 3343 5566 δὲ
3377 5515 3474 5583 τὴν
3516 5515 3758 5579 γυναῖκα
3806 5513 4010 5580 γήμας,

2409 5608 2720 5677 φιλήδονος·
2761 5610 2808 5660 εἰ
2867 5608 3047 5677 βούλει
3106 5609 3163 5660 δέ
3200 5626 3313 5678 μοι,
3348 5608 3521 5676 ἀγρὸν
3553 5606 3821 5673 ἀγοράζει,
3870 5609 3897 5659 6
3925 5606 4007 5657 διά

2406 5704 2505 5773 τὴν
2549 5704 2640 5756 τοῦ
2673 5706 2879 5764 κόσμου
2916 5706 3111 5775 σοφίαν
3139 5704 3215 5774 μὴ
3244 5703 3688 5774 παραδεχόμενος
3710 5701 3777 5752 τὸ
3812 5704 4008 5769 μυστή-
