4256 6432
715 429 819 494 93!”!

1590 426 2165 490 THEOPHYLACTI
2221 426 2629 490 BULGARI/E
2675 426 3035 488 ARCHIEP.

3885 417 3995 484 9L0

713 543 1010 598 credidisse
1099 550 1287 611 gentes
1373 539 1426 592 in
1508 549 1659 593 tanta
1755 550 2036 595 versantes
2127 541 2365 608 igno-A

2328 550 2365 596 Α
2397 540 2511 608 Τὴν
2551 537 2804 610 κτηνὼδη
2837 533 2932 591 οὖν
2962 536 3073 590 τῶν
3108 535 3281 588 έθνῶν
3324 533 3625 603 διαγωγὴν,
3655 531 3749 584 καὶ
3779 533 3859 593 εἰς
3895 534 3989 591 τὰς

716 636 930 697 rantia,
993 636 1112 688 ideo
1161 633 1342 686 dixit:
1379 631 1675 702 Compelle.
1732 632 1846 687 Nisi
1894 633 2039 686 enim
2097 646 2290 701 magna

711 725 878 796 399
929 723 1116 778 fuisset
1177 724 1298 791 ejus
1339 722 1431 791 qui
1477 724 1870 792 praedicabatur
1934 724 2112 778 virtus
2152 762 2168 787 ,
2236 731 2292 776 et

714 832 904 888 magna
933 819 1080 870 verbi
1114 816 1350 880 veritas,
1399 816 1670 884 quomodo
1699 814 1945 883 persuasi
1977 824 2160 870 essent
2195 815 2292 868 ho-

713 910 886 965 mines
919 911 969 962 iu
1015 907 1282 962 idolorum
1313 908 1464 962 cultu
1498 905 1832 960 insanientes
1871 914 1928 960 et
1981 903 2126 959 fmda
2162 920 2292 974 ope-

714 1009 930 1067 rantes,
990 1011 1050 1054 ut
1098 1012 1318 1068 repente
1356 1006 1718 1067 agnoscerent
1759 1012 1946 1052 verum
1986 996 2192 1059 Deum,
2238 1006 2293 1049 et

712 1095 1049 1165 spiritualem
1099 1094 1386 1164 diligerent
1441 1093 1656 1147 vitam?
1699 1091 1867 1160 Igitur
1916 1088 2289 1144 admirabilem

712 1187 1118 1242 translationem
1152 1186 1474 1254 signiﬁcare
1508 1185 1730 1248 volens,
1773 1181 2152 1238 necessitatem
2195 1196 2290 1235 no-

713 1282 962 1346 minavit,
987 1280 1140 1348 quasi
1174 1282 1380 1334 diceret
1406 1280 1567 1348 quis:
1601 1277 1844 1332 Gentiles
1870 1275 2038 1330 etiam
2063 1272 2205 1326 idola
2237 1281 2291 1325 et

711 1373 931 1428 delicias
964 1373 1270 1440 relinquere
1313 1371 1590 1434 nolentes,
1630 1385 1657 1422 a
1695 1366 2083 1438 prazdicatione
2109 1372 2288 1418 tamen

710 1465 957 1520 writatis
977 1479 1038 1519 ea
1065 1461 1371 1532 relinquere
1394 1462 1568 1516 coacti
1595 1470 1744 1516 sunt.
1773 1459 1864 1512 Vel
1886 1460 2077 1512 aliter:
2105 1457 2291 1512 Virtus

709 1558 981 1627 signorum
1027 1572 1273 1626 utaguam
1305 1554 1563 1608 adurebat
1594 1553 1974 1606 necessitatem
2021 1561 2076 1604 ut
2109 1559 2290 1604 trans-

712 1648 984 1703 ferrentur
1014 1648 1078 1701 ad
1123 1648 1278 1702 fidem
1338 1644 1564 1700 Christi.
1610 1645 1674 1698 Et
1718 1643 1959 1712 quotidie
2004 1657 2157 1696 caena
2201 1643 2287 1694 illa

710 1752 1086 1812 praeparatur,
1131 1749 1185 1794 ct
1225 1754 1484 1794 vocamur
1523 1752 1713 1792 omnes
1757 1737 1823 1790 ad
1877 1751 2099 1803 regnum
2149 1734 2292 1802 quod

715 1833 855 1886 Deus
886 1831 1211 1902 praeparavit
1249 1838 1373 1883 ante
1413 1829 1599 1882 mundi
1634 1829 1900 1896 originem
1943 1826 2288 1881 hominibus:

2394 631 2596 695 πολλάς
2624 630 2786 696 δόξας
2820 627 3239 700 μεμερισμένην
3255 626 3559 679 αἰνίττεται
3582 624 3672 677 διά
3696 621 3814 676 τῶν
3831 621 3991 686 ὁδῶν,

2392 725 2490 794 τὴν
2515 723 2572 775 δὲ
2608 727 2666 776 ἐν
2711 723 3014 793 ἁμαρτίαις
3041 719 3222 775 αὐτῶν
3253 718 3399 790 ζωὴν
3429 717 3520 772 διὰ
3541 716 3652 770 τῶν
3679 713 3992 786 φραγμιῖινο

2393 817 2490 886 οὐχ
2526 815 2714 877 ἁπλῶς
2729 816 2788 868 δὲ
2815 813 3030 868 κελεύει
3049 812 3278 874 τούτους
3301 811 3554 873 καλέσαι,
3583 809 3726 863 ἀλλά
3750 806 3999 876 ἀναγκά-

2395 922 2508 972 σαι,
2543 905 2722 958 καίτοι
2749 902 3138 976 προαιρετικὸν
3170 901 3347 958 ἅπασι
3398 900 3462 954 το
3496 899 3781 952 πιστεύειν
3809 913 3824 930 ⁸
3875 897 3993 951 ἀλλ’

2395 1001 2481 1054 ῐνα
2523 1001 2809 1071 μάθωμεν,
2840 999 2927 1052 ὅτι
2963 997 3210 1067 μεγάλης
3247 995 3342 1048 τοῦ
3391 993 3530 1046 Θεοῦ
3568 993 3861 1061 δυνάμεως
3895 1008 3995 1062 ση-

2396 1092 2548 1162 μεῖόν
2583 1092 2701 1143 ἔστι
2741 1091 2802 1142 τὸ
2827 1087 3118 1141 πιστεῦσαι
3139 1088 3210 1138 τὰ
3240 1085 3369 1155 ἔθνη
3400 1083 3674 1150 τοσαύτην
3710 1083 3995 1150 ἀγνωσίαν

2393 1183 2607 1254 ἔχοντα,
2618 1182 2704 1236 διὰ
2714 1180 2873 1235 τοῦτο
2886 1175 3426 1247 εἷπεν,Ἀνάγκασον.
3446 1178 3505 1230 El
3525 1177 3599 1248 μὴ
3615 1178 3685 1245 γὰ
3693 1194 3725 1244 ρ
3737 1171 3806 1246 ἦν
3821 1174 3994 1245 πολλὴ

2393 1276 2488 1327 τοῦ
2546 1274 2948 1343 κηρυττομένου
3013 1274 3045 1340 ἡ
3102 1271 3356 1337 δύναμις,
3419 1273 3513 1321 καὶ
3564 1267 3777 1336 μεγάλη
3825 1269 3858 1336 ἡ
3901 1265 3995 1320 τοῦ

2393 1365 2557 1432 λόγου
2582 1364 2827 1434 ἀλήθεια,
2873 1362 2988 1427 πῶς
3035 1362 3101 1416 ἂν
3135 1361 3468 1432 ἐπείσθησαν
3501 1359 3784 1429 ἅνθρωποι
3837 1359 3996 1410 είδω-

2393 1457 2776 1526 λομανοῦντες,
2811 1459 2900 1509 καὶ
2934 1455 3427 1526 αἰσχρουργοῖωτες
3458 1453 3656 1524 άθρὸον
3689 1452 3995 1519 ἐπιγνῶναι

2393 1551 2484 1602 τὸν
2517 1549 2688 1612 ὅντως
2732 1549 2889 1610 Θεὸν,
2925 1549 3018 1601 καὶ
3049 1546 3426 1617 πνευματικὸν
3457 1545 3570 1614 βίον
3591 1545 3812 1598 τελέσαι
3847 1561 3861 1608 ;
3923 1544 3998 1596 Τὸ

2393 1646 2574 1698 τοίνυν
2629 1644 2935 1713 παράδοξον
2994 1643 3093 1712 τῆς
3127 1640 3473 1710 μεταθέσεως
3522 1639 3694 1691 θέλων
3729 1637 3992 1707 δηλῶσαι.

2395 1738 2642 1806 ἀνάγκην
2671 1737 2733 1789 τὸ
2759 1737 2992 1804 πρᾶγμα
3021 1735 3306 1803 ὠνόμασεν
3328 1749 3342 1763 ·
3371 1730 3445 1791 ὡς
3485 1730 3552 1784 ἂν
3596 1731 3744 1783 εἴποι
3779 1747 3887 1792 τις,
3918 1731 4000 1782 ὅτι

2398 1829 2492 1881 καὶ
2526 1828 2602 1899 μὴ
2654 1827 2968 1898 βουλόμενοι
3001 1828 3052 1878 oi.
3086 1826 3348 1892 Ἕλληνες
3401 1824 3621 1892 ἀφεῖναι
3670 1823 3742 1875 τὰ
3777 1821 3998 1886 είδωλα,

713 1927 806 1976 sud
834 1925 923 1977 alii
958 1925 1175 1992 quidem
1209 1931 1428 1991 propter
1460 1922 1745 1989 sapientia:
1775 1921 2168 1984 curiositatem,
2202 1920 2290 1972 alii
2330 1913 2367 1940 ⁰

2330 1913 2367 1940 ⁰
2399 1924 2493 1975 κα)⁵
2526 1921 2626 1990 τὴν
2650 1922 2883 1992 τρυφὴν,
2931 1921 3082 1990 ὅμως
3107 1918 3213 1971 ὑπὸ
3243 1918 3341 1987 τῆς
3384 1916 3639 1986 ἀληθείας
3687 1915 3782 1969 τοῦ
3821 1913 3998 1984 κηρύο

715 2031 839 2069 vero
886 2025 1106 2084 propter
1157 2031 1334 2070 rerum
1384 2025 1725 2068 terrenarum
1774 2013 2160 2083 cupiditatem,
2202 2011 2292 2064 alii

712 2120 891 2162 autem
938 2118 1158 2178 propter
1231 2107 1605 2161 carnalitatem
1669 2122 1773 2160 non
1825 2120 2096 2160 meremur
2142 2105 2292 2158 illud.

714 2201 781 2254 At
815 2198 905 2253 Dei
939 2199 1311 2253 misericordia
1349 2198 1468 2252 aliis
1507 2199 1884 2266 peccatoribus
1917 2199 2016 2251 hoc
2049 2198 2294 2265 largitur,

712 2291 802 2359 qui
843 2290 968 2344 caeci
1013 2289 1338 2343 mentalibus
1371 2288 1544 2343 oculis
1567 2297 1728 2351 sunt,
1763 2297 1818 2342 et
1853 2304 1958 2341 nou
1992 2286 2299 2357 intelligunt

711 2397 832 2449 qua:
873 2382 942 2436 sit
973 2380 1221 2434 voluntas
1266 2381 1391 2444 Dei,
1437 2381 1519 2434 vel
1563 2379 1873 2449 intelligunt
1909 2379 2162 2449 quidem,
2204 2379 2296 2432 sed

711 2473 886 2526 (laudi
930 2482 1087 2535 sunt,
1123 2479 1176 2526 et
1215 2472 1280 2525 ad
1322 2471 1655 2541 cperandutn
1699 2472 1834 2524 tardi
1866 2487 1927 2524 ac
1971 2470 2294 2533 immobiles,

711 2575 765 2618 et
807 2565 1029 2618 omuiuo
1069 2564 1273 2619 debiles
1314 2579 1380 2618 ac
1425 2577 1727 2633 pauperes.
1773 2577 1838 2616 eo
1879 2563 2020 2630 quod
2065 2577 2294 2632 superna

711 2654 880 2724 gloria
911 2650 1254 2719 exciderint,
1290 2668 1465 2723 neque
1494 2653 1842 2706 immaculata
1871 2653 1981 2705 vita
2018 2651 2296 2721 conspicui

715 2750 934 2803 iuerint.
969 2747 1081 2803 lllis
1111 2749 1274 2816 igitur
1301 2747 1683 2817 peccatoribus
1710 2747 1762 2800 in
1791 2746 1916 2800 latis
1945 2760 2010 2799 ac
2037 2746 2300 2815 spatiosis

714 2854 1064 2918 peccatorum
1127 2841 1231 2896 viis
1282 2841 1634 2904 errantibus,
1690 2839 1854 2892 mittit
1908 2838 2069 2892 Pater
2096 2838 2297 2893 Filium

715 2948 870 2988 suum
913 2932 977 2984 ad
1011 2944 1224 2984 coenam
1254 2931 1593 2992 invitantem,
1623 2929 1714 2997 qui
1748 2929 2048 2982 secundum
2075 2942 2298 2983 carnem

715 3038 905 3079 servus
941 3023 1060 3087 fuit,
1100 3022 1188 3091 qui
1225 3035 1330 3075 non
1363 3020 1509 3076 venit
1540 3030 1596 3074 ut
1627 3029 1784 3074 vocet
1812 3019 2012 3086 justos,
2043 3020 2137 3074 sed
2169 3034 2298 3088 pec.-

715 3128 949 3180 catores,
980 3115 1278 3183 ittvitatque
1305 3128 1399 3167 eos
1433 3112 1729 3166 liberaliter
1759 3127 1867 3179 pra:
1898 3111 2072 3166 doctis
2103 3111 2210 3166 illis
2243 3118 2299 3166 et

2396 2028 2603 2078 γματος
2639 2009 3066 2080 ἡναγκάσθησαν
3098 2008 3271 2064 ταῦτα
3295 2011 3508 2076 φυγεῖν.
3545 2008 3758 2070 Ἀλλως
3794 2024 3856 2059 τε
3884 2007 4001 2072 καὶ,

2399 2103 2689 2174 ἠδύναμις
2733 2102 2842 2155 τῶν
2894 2101 3138 2170 σημείων
3189 2100 3437 2170 μεγάλην
3482 2101 3689 2167 ἐπῆγεν
3747 2099 3997 2166 ἀνάγκην

2399 2196 2492 2249 τού
2528 2195 2890 2264 μετατεθῆναι
2920 2195 3001 2256 είς
3047 2193 3145 2262 τὴν
3175 2193 3270 2244 τοῦ
3325 2190 3563 2262 Χριστοῦ
3605 2190 3812 2244 πίστιν.
3886 2191 3996 2243 Καὶ

2400 2287 2752 2354 καθεκάστην
2778 2285 2836 2337 δὲ
2859 2287 2886 2337 ὁ
2911 2285 3126 2345 δεῖπνος
3174 2274 3327 2343 οὗτος
3365 2280 3733 2351 ἑτοιμάζεται,
3775 2283 3869 2334 καί
3898 2299 3997 2333 καο

2401 2375 2638 2446 λούμεθα
2666 2375 2866 2437 πάντες
2889 2376 2970 2436 είς
3004 2373 3103 2444 τὴν
3134 2372 3439 2443 βασιλείαν,
3480 2373 3551 2443 ἢν
3577 2374 3670 2426 καὶ
3701 2373 3808 2440 πρὸ
3835 2391 4004 2426 κατα-

2400 2468 2565 2536 δολῆς
2596 2467 2802 2536 κόσμου
2829 2467 3130 2536 ἡτοίμασεν
3156 2467 3186 2519 ὁ
3217 2465 3349 2528 Θεὸς
3371 2467 3484 2526 τοῖς
3507 2464 3821 2534 ἀνθρώποις
3842 2480 3857 2494 ι
3886 2464 4001 2516 ἀλλ’

2400 2561 2446 2614 ιι
2478 2561 2574 2629 μὲν
2601 2560 2690 2613 διά
2724 2560 2914 2626 σοφίας
2962 2559 3312 2628 περιεργίαν,
3345 2561 3395 2610 οί
3421 2559 3476 2611 δὲ
3501 2558 3587 2611 διά
3619 2557 3921 2627 φιλοῡλίαν,
3951 2557 4004 2610 οΙ

2400 2655 2455 2708 δὲ
2485 2653 2571 2706 διὰ
2607 2651 2970 2721 φιλοσαρκίαν
3001 2651 3099 2703 οὐκ
3126 2649 3432 2719 ἀξωύμεθα
3466 2651 3706 2720 ταύτης·
3741 2652 3774 2720 ἡ
3811 2649 3870 2703 δὲ
3903 2649 3998 2702 τοῦ

2401 2746 2536 2799 Θεοῦ
2591 2745 2973 2815 φιλανθρωπία
3033 2746 3243 2814 ἑτέροις
3301 2747 3653 2817 ἁμαρτωλοῖς
3708 2746 4002 2817 χαρίζεται

2403 2837 2628 2905 ταύτην,
2661 2832 2881 2903 τυφλοῖς
2913 2835 3012 2898 τὰς
3048 2835 3250 2905 νοητὰς
3271 2835 3449 2905 ὄψεις,
3485 2837 3560 2908 μὴ
3602 2839 3834 2891 συνιεῖσι
3863 2838 3915 2888 τί
3940 2839 4003 2889 τὸ

2404 2925 2618 2994 θέλημα
2648 2926 2741 2976 τοῦ
2773 2923 2932 2986 Θεοῦ,
2985 2923 3019 2994 ἢ
3082 2927 3312 2978 συνιεῖσι
3351 2926 3471 2996 μὲν,
3511 2927 3706 2995 χωλοῖς
3765 2927 3822 2980 δὲ
3855 2926 3997 2993 οὖσι,

2404 3021 2498 3072 καὶ
2519 3019 2837 3091 άκινητούσι
2867 3021 3003 3091 πρὸς
3040 3022 3104 3074 τὸ
3129 3021 3389 3093 πράττειν
3415 3023 3576 3076 τοῦτο
3595 3038 3609 3053 ο
3645 3025 3742 3078 καὶ
3764 3025 4004 3087 συνόλως

2404 3116 2638 3184 πτωχοῖς
2660 3113 3003 3167 ἀποπεσοῦσι
3028 3115 3131 3184 τῆς
3154 3115 3270 3169 ἀνω
3294 3115 3454 3186 δόξης
3478 3131 3498 3145 '
3549 3117 3647 3171 καὶ
3673 3119 4005 3187 ἀναπήροις,

715 3205 1013 3270 divitibus,
1071 3214 1125 3258 ct
1178 3203 1328 3259 carni
1393 3203 1822 3273 indulgeutibus.
1881 3202 2061 3257 Multis
2115 3213 2369 3289 autemc

2328 3226 2369 3289 ρ
2403 3207 2634 3278 ἄμωμον
2661 3207 2752 3260 τὸν
2776 3208 2988 3262 ἑαυτῶν
3013 3208 3124 3280 βίον
3149 3209 3224 3280 μὴ
3256 3209 3724 3280 ἐπιδεικνυμένοις
3748 3227 3760 3239 ·
3793 3213 4009 3274 τοὲτοτς

717 3301 935 3353 morbos
965 3308 1018 3352 et
1047 3297 1287 3367 pericula
1325 3294 1693 3361 immittendo,
1725 3292 1855 3349 facit
1886 3310 1981 3350 eos
2019 3295 2181 3348 etiam
2218 3295 2301 3349 in-

717 3389 1055 3443 voluntarios
1125 3385 1440 3440 renuntiare
1506 3385 1631 3439 huic
1683 3388 1803 3438 vitae
1835 3429 1848 3451 ,
1905 3387 2100 3456 quibus
2152 3390 2301 3440 novit

708 3481 947 3547 judiciis,
967 3490 1017 3533 et
1037 3479 1243 3532 inducit
1263 3477 1384 3531 illos
1403 3478 1468 3532 ad
1489 3492 1698 3531 cmuam
1719 3492 1895 3538 suam,
1915 3481 2298 3531 necessitatem

713 3573 792 3626 eis
825 3570 1028 3624 faciens
1060 3568 1547 3639 periclitatiouem;
1582 3578 1634 3622 et
1665 3568 1819 3634 hujus
1850 3573 2097 3636 exempla
2131 3571 2300 3622 multa

714 3674 861 3717 sunt.
917 3662 1083 3716 Docet
1127 3674 1308 3715 autem
1355 3676 1457 3715 nos
1506 3661 1764 3730 parabola
1812 3662 1926 3715 lucc
1975 3660 2297 3730 simplicius,

715 3754 1045 3824 pauperibus
1071 3763 1126 3807 et
1154 3750 1424 3806 debilibus
1451 3752 1634 3820 potius
1658 3751 1891 3804 dandum
1926 3765 2089 3820 quam
2122 3753 2300 3805 diviti-

716 3851 836 3906 bus.
871 3845 924 3898 id
954 3844 1096 3913 quod
1125 3852 1177 3903 et
1206 3842 1367 3912 paulo
1400 3851 1565 3896 antea
1597 3841 1984 3903 admonuerat,
2019 3849 2294 3910 propterea

718 3937 859 3990 istud
897 3936 1113 3989 videtur
1153 3933 1408 4003 parabola
1450 3933 1670 3995 dicere,
1717 3945 1815 4000 per
1847 3929 1948 3984 hoc
1993 3931 2305 3986 Credibilius

715 4032 920 4085 faciens
957 4042 1227 4099 pauperes
1261 4027 1512 4091 convivio
1538 4025 1912 4094 excipiendos.
1946 4023 2218 4079 Discimus
2251 4033 2304 4077 et

711 4121 853 4173 aliud
877 4159 893 4185 ,
933 4119 1132 4175 debere
1166 4131 1266 4171 nos
1341 4116 1415 4170 ita
1457 4129 1580 4169 esse
1606 4114 1816 4170 alacres
1845 4123 1902 4169 et
1944 4114 2192 4170 liberales
2236 4114 2304 4169 ad

712 4213 939 4267 fratrum
994 4211 1428 4281 susceptionem,
1491 4219 1550 4262 ut
1599 4209 1765 4262 etiam
1842 4208 2087 4262 nolentes
2140 4223 2295 4278 coga-

2402 3295 2498 3353 οὖν
2527 3303 2639 3362 τοῖς
2675 3299 3021 3370 ἁμαρτωλοῖς
3065 3302 3144 3362 είς
3171 3301 3273 3363 τὰς
3299 3300 3587 3368 πλατείας,
3622 3303 3719 3355 καὶ
3751 3301 4004 3372 εὐρυχώ-

2408 3405 2535 3458 pou;
2567 3388 2718 3450 ὀδοὺς
2759 3389 2858 3457 τῆς
2895 3389 3173 3460 ἁμαρτίας
3205 3388 3598 3459 πλανωμένοις.
3631 3391 3943 3461 ἐπιπέμπει
3982 3395 4012 3444 ό

2407 3479 2713 3552 Πατὴρητὺν
2740 3479 3167 3551 δειπνοκλήτορα
3198 3481 3365 3535 αὑτοῦ
3395 3483 3549 3548 Υίδν,
3577 3483 3670 3536 τὸν
3691 3485 3788 3536 καὶ
3817 3483 4011 3537 δοῦλον

2405 3572 2697 3642 γενόμενον
2728 3572 2872 3625 κατά
2906 3572 3106 3642 σάρκα,
3137 3572 3231 3625 τὸν
3259 3574 3336 3643 μὴ
3364 3575 3608 3638 δικαίους
3639 3576 3866 3628 ἐλθόντα
3902 3595 4011 3631 και

2404 3665 2584 3730 λέσαι,
2615 3666 2754 3718 ἀλλά
2782 3666 3144 3737 ἁμαρτωλούς
3165 3684 3179 3696 ·

2409 3775 2524 3828 μως
2558 3758 2676 3811 ἀντ’
2706 3759 2934 3812 ἐκείνων
2957 3758 3064 3812 τῶν
3097 3761 3420 3827 γνωστικῶν
3455 3761 3548 3814 καὶ
3585 3764 3883 3828 πλουσίων,
3912 3766 4014 3818 καί

2406 3853 2472 3920 τῇ
2530 3853 2695 3920 σαρκὶ
2725 3849 3125 3921 χαριζομένων.
3165 3851 3389 3915 Πολλοῖς
3434 3854 3491 3906 δὲ
3529 3857 3624 3907 καὶ
3665 3856 3856 3918 νόσους
3890 3861 4014 3910 ἐπι-

2409 3943 2648 4013 πέμπων
2681 3944 2776 3996 καὶ
2811 3943 3131 4007 κινδύνους,
3185 3949 3330 3998 ποιεί
3371 3948 3570 4008 almo;
3623 3950 3718 4002 καὶ
3773 3949 4014 4014 ἄκοντας

2407 4036 2790 4103 ἀποτάξασθαι
2828 4037 2907 4106 τῷ
2934 4038 3060 4107 βίῳ,
3087 4033 3169 4101 οἷς
3202 4039 3470 4110 κρίμασιν
3506 4037 3643 4106 οἵδε,
3678 4045 3773 4096 καὶ
3799 4045 4015 4112 εἰσάγει

2409 4127 2608 4190 αὐτοὺς
2638 4129 2720 4190 είς
2747 4126 2840 4180 τὸν
2867 4127 3093 4181 δεῖπνον
3130 4129 3321 4196 αὐτοῦ,
3357 4119 3620 4202 ἀνάγκην
3643 4134 3833 4198 αὐτοῖς
3867 4137 4015 4188 ἑπά-

2408 4235 2522 4288 γων
2550 4219 2650 4290 τὴν
2674 4219 2784 4272 τῶν
2820 4220 3086 4274 κινδύνων
3108 4222 3380 4292 ἐπιφοράν
3407 4240 3420 4253 °
3454 4229 3548 4278 καὶ
3583 4226 3779 4280 τούτου
3806 4230 3876 4281 τὰ
3909 4248 4015 4282 πα-

3224 3670 3319 3722 καὶ
3354 3669 3508 3739 ἐστιᾷ
3533 3669 3756 3733 τούτους
3803 3672 4013 3738 quieri-

713 4319 832 4358 mus
883 4315 937 4357 ut
979 4305 1270 4374 participes
1314 4301 1446 4356 ﬁant
1502 4312 1810 4356 nostrorum
1855 4299 2144 4354 bonorum.
2194 4301 2307 4357 Hoc

2412 4308 2756 4378 ραδείγματα
2802 4309 2996 4363 πολλά.
3053 4311 3310 4364 Διδάσκει
3356 4313 3411 4366 δὲ
3466 4316 3614 4384 ἡμᾶς
3650 4317 3922 4371 καὶκατὰ
3954 4324 4015 4371 τὸ

711 4403 766 4450 et
823 4394 1071 4466 magistri
1123 4395 1560 4458 admoneamur,
1620 4391 1764 4461 quod
1830 4406 2009 4460 opera:
2071 4393 2306 4462 pretium

2411 4399 2784 4469 ἁπλούστερον
2821 4401 2854 4468 ἠ
2894 4400 3181 4471 παραϐολὴ
3206 4405 3322 4466 τοῖς
3350 4404 3549 4476 πένησι
3585 4409 3679 4460 καὶ
3700 4411 4015 4481 ἀναπήροις

713 4491 784 4545 sit
828 4489 1128 4557 discipulos
1172 4488 1336 4542 etiam
1381 4486 1630 4541 nolentes
1663 4484 1861 4539 docere
1904 4499 1969 4539 ea
2014 4500 2136 4554 qua:
2173 4489 2307 4556 ipsis

2415 4490 2741 4561 χαρίζεσθαι
2783 4492 2984 4560 μᾶλλον
3027 4493 3059 4562 ἢ
3090 4495 3202 4556 τοῖς
3228 4495 3540 4561 πλουσίοις,
3577 4498 3604 4550 ὃ
3639 4501 3733 4552 καὶ
3763 4503 3873 4571 πρὸ
3912 4504 4018 4555 ὀλί-

712 4581 1062 4635 conveniant.
2331 4577 2374 4631 Ι)

2336 4577 2374 4631 D
2409 4602 2508 4652 γου
2555 4584 2868 4656 παραινῶν,
2903 4584 2990 4637 διὰ
3020 4585 3182 4638 τοῦτο
3213 4588 3342 4640 αὐτὸ
3373 4588 3521 4642 δοκεί
3563 4592 3661 4661 τὴν
3695 4593 4017 4664 παραϐολὴν

713 4675 907 4733 εἰπεῖν,
954 4670 1316 4740 πιστούμενος
1344 4668 1434 4724 διὰ
1482 4667 1708 4736 ταύτης,
1744 4667 1826 4719 ὅτι
1882 4669 2009 4732 τοὺς
2043 4675 2296 4743 πτωχοὺς
2335 4679 2416 4731 δεῖ
2478 4678 2688 4748 έστιᾷν.
2760 4678 2872 4730 Καὶ
2907 4676 3037 4730 ἀλλο
3068 4679 3123 4730 δὲ
3155 4680 3529 4748 μανθάνομεν,
3555 4685 3617 4737 τὸ
3651 4685 3896 4754 ὀφείλειν
3922 4687 4020 4742 οὗ·

712 4786 819 4830 τως
848 4764 985 4821 εἶναι
1020 4762 1717 4855 πρόθυμοιὶκαὶᾼφιλότιμοι
1743 4765 1875 4855 περὶ
1896 4766 1996 4836 τὴν
2021 4767 2295 4839 ὑποδοχὴν
2334 4773 2445 4826 τῶν
2508 4772 2777 4842 ἀδελφῶν,
2805 4771 2947 4825 ὥστε
2976 4774 3070 4826 κα)⁵
3106 4773 3183 4844 μὴ
3208 4774 3460 4839 θέλοντας
3481 4781 3820 4848 ἀναγκάζειν
3881 4787 4019 4855 πρὶς

713 4862 774 4910 τὸ
802 4856 1245 4928 μεταλαμϐάνειν
1270 4853 1375 4906 τῶν
1415 4853 1698 4923 ἡμετέρων
1729 4854 1970 4921 ἀγαθῶν.
2005 4857 2177 4912 Τοῦτο
2201 4863 2295 4915 καὶ
2334 4867 2447 4928 τοίς
2509 4865 2831 4918 διδάσκουσι
2863 4863 3078 4934 μεγάλη
3110 4866 3388 4933 νουθεσία,
3447 4867 3590 4923 ὥστε
3660 4875 3755 4926 καὶ
3782 4853 4017 4941 ἄκοντας

714 4952 840 5014 τοὺς
865 4949 1114 5019 μαθητὰς
1147 4946 1424 5000 παιδεύειν
1448 4947 1507 4999 τὸ
1528 4946 1672 5002 δέον.
3619 4944 3626 4949 ’

789 5045 952 5097 ὶέιιδ.
989 5041 1181 5096 25-27.
1218 5058 1235 5090 ι
1267 5038 1423 5095 lbant
1452 5048 1630 5094 autem
1667 5042 1838 5096 turbae.
1871 5044 2052 5099 multa:
2074 5061 2193 5097 cum
2221 5065 2307 5114 co,

2496 5067 2515 5099 ι
2557 5047 3005 5119 Συνεπορεύοντο
3025 5048 3083 5101 δὲ
3121 5048 3272 5120 αύτῷ
3302 5049 3450 5121 ὄχλοι
3475 5051 3683 5118 πολλοὶ,
3722 5057 3818 5108 καὶ
3850 5073 4016 5129 στρα·

717 5149 769 5193 et
803 5151 1097 5191 (‘OIivcl‘sus
1141 5134 1279 5187 dixit
1321 5135 1389 5187 ad
1437 5133 1600 5188 illos:
1633 5136 1689 5189 Si
1738 5137 1862 5203 quis
1901 5139 2049 5192 venit
2092 5141 2157 5194 ad
2202 5158 2307 5206 me,

2415 5141 2537 5209 φεὶς
2563 5136 2683 5195 εἶπε
2720 5141 2854 5213 πρὸς
2886 5141 3086 5205 αὐτούς
3114 5156 3130 5172 ·
3166 5142 3231 5195 Et
3252 5160 3337 5206 τις
3363 5144 3584 5215 ἔρχεται
3630 5147 3768 5215 πρός
3799 5166 3894 5219 με,
3925 5151 4019 5203 καὶ

717 5243 816 5282 nec
858 5226 976 5280 odit
1014 5233 1219 5293 patrem
1261 5238 1418 5277 suum
1458 5237 1525 5278 ac
1561 5235 1827 5289 matrem,
1875 5237 1928 5281 et
1977 5245 2202 5284 uxorem
2243 5247 2309 5288 ac

2414 5233 2476 5287 οὐ
2504 5234 2762 5302 μισεττδν
2797 5234 3012 5306 πατέρα
3039 5233 3232 5300 αύτοῦ,
3273 5236 3374 5288 καὶ
3405 5237 3506 5308 τὴν
3541 5239 3760 5310 μητέρα
3791 5244 3889 5296 καὶ
3921 5245 4015 5313 τὴν

716 5321 878 5382 tilios,
913 5327 968 5372 et
999 5317 1194 5372 fratres
1222 5325 1278 5370 et
1305 5330 1558 5382 sorores,
1587 5328 1851 5386 praeterea
1892 5333 2073 5378 autem
2106 5334 2161 5377 et
2188 5326 2308 5378 ani-

2413 5329 2669 5395 γυναῖκα,
2705 5328 2895 5382 καὶτὰ
2939 5328 3133 5394 τέκνα,
3159 5328 3252 5382 καὶ
3284 5330 3414 5393 τοὺς
3441 5330 3726 5398 ἀδελφοὺς,
3773 5336 3870 5386 καὶ
3923 5337 4016 5400 τὰς

718 5428 860 5467 mam
904 5425 1092 5475 suam,
1136 5424 1243 5463 non
1292 5419 1470 5476 potest
1511 5425 1666 5465 meus
1707 5427 1832 5469 esse
1871 5415 2210 5485 discipulus:
2254 5427 2310 5472 ct

2410 5417 2668 5490 ἀδελφὰς,
2716 5420 2798 5473 ἔτι
2840 5420 2898 5473 δὲ
2931 5421 3028 5476 καὶ
3057 5420 3161 5493 τὴν
3191 5422 3390 5476 ἑαυτοῦ
3427 5423 3630 5494 ψυχὴν.
3663 5428 3724 5478 ού
3781 5427 4007 5483 δύναταί

714 5504 962 5577 quisquis
995 5517 1099 5556 non
1126 5499 1330 5569 bajulat
1356 5516 1574 5556 crucem
1603 5518 1759 5558 suam
1785 5516 1840 5560 et
1867 5508 2018 5561 venit
2043 5519 2167 5578 post
2196 5524 2303 5573 me,

717 5613 822 5651 uon
856 5605 1032 5665 potest
1070 5608 1219 5648 meus
1263 5609 1385 5649 esse
1427 5594 1751 5663 discipulus.
1794 5616 1812 5649 ι
1841 5596 2108 5664 Quoniam
2151 5601 2302 5670 multi

717 5693 863 5748 ibant
909 5702 1030 5741 cum
1083 5683 1242 5751 Jesu,
1284 5689 1374 5755 qui
1424 5702 1531 5740 non
1578 5704 1702 5742 cum
1751 5691 1898 5743 omni
1931 5692 2212 5748 alacritate
2248 5673 2307 5749 et

714 5782 1019 5839 uliedientia
1049 5782 1436 5849 sequebantur,
1470 5783 1561 5835 sed
1590 5782 1899 5852 frigidiores
1923 5796 2112 5853 erant;
2141 5788 2302 5842 docet

712 5893 803 5932 ρος
841 5875 1056 5944 qualem
1103 5883 1348 5940 oporteat
1393 5870 1556 5943 ιω
1584 5889 1707 5928 esse
1748 5875 2072 5945 discipulum
2115 5895 2297 5949 suum,

2413 5528 2516 5582 μου
2547 5509 2688 5565 εἷναι
2717 5513 2995 5584 μαθητήςο
3028 5513 3125 5568 καὶ
3150 5515 3299 5578 ὅστις
3331 5515 3393 5568 ού
3428 5514 3693 5584 βαστάζει
3722 5518 3814 5570 τὸν
3855 5537 4015 5575 σταυ-

2405 5603 2500 5674 ρὸν
2532 5603 2734 5670 αὑτοῦ,
2779 5606 2874 5659 καὶ
2904 5606 3123 5677 ἔρχεται
3154 5609 3330 5661 ὀπίσω
3381 5624 3505 5677 μου,
3555 5610 3618 5662 οὐ
3647 5611 3878 5665 δύναταί
3918 5631 4012 5682 μου

2403 5692 2542 5749 εἶναι
2569 5697 2839 5768 μαθητής.
2883 5717 2901 5749 ι
2963 5700 3180 5770 Ἐπειδὴ
3206 5701 3403 5754 πολλοὶ
3433 5703 3543 5755 τῶν
3575 5706 4000 5777 συμπορευομέ-

2411 5804 2516 5841 νων
2540 5789 2618 5858 τῴ
2648 5789 2848 5859 Ἰησοῦ,
2879 5790 2941 5844 ού
2966 5790 3065 5843 σὺν
3097 5792 3379 5865 προθυμίᾳ
3409 5793 3580 5865 πάσῃ,
3633 5795 3728 5847 καὶ
3767 5799 4006 5867 άποταγῇ

2413 5879 2769 5949 ἠκολούθουν,
2822 5880 2959 5937 ἀλλά
3016 5882 3355 5956 ψυχρότερον
3404 5886 3696 5954 διέκειντο,
3748 5889 4007 5944 διδάσκων
