4256 6432
255 428 362 495 ειι

959 425 1415 493 ENARRATIO
1457 429 1542 492 IN
1573 426 2087 494 EVANGELIUM
2132 428 2375 491 LUCIE.
2403 454 2471 466 -
2495 428 2656 490 CAP.
2697 427 2856 490 XIV.

251 544 455 606 αὐτοὺς
486 537 598 596 οῖον
622 541 703 596 δεῖ
723 542 815 596 τὸν
843 542 1097 615 μαθητὴν
1119 545 1288 600 αὐτοῦ
1320 539 1488 608 εἶναι,
1504 543 1871 612 ἀποφαίνεται

1983 556 2049 596 ac
2079 541 2244 597 veluti
2279 542 2542 598 informat
2568 553 2623 598 et
2656 542 2904 613 depingit
2938 555 3096 605 eum,
3141 555 3396 597 asserens
3430 556 3566 611 opor

253 639 391 709 περὶ
419 635 638 702 τούτου,
673 636 766 688 καὶ
801 629 915 689 οἷον
935 636 1192 691 διατυποῖ
1222 637 1410 702 αὐτὸν,
1458 635 1554 688 καὶ
1576 635 1873 705 ,ζωγραφεῖ

251 728 652 800 εἰσηγούμενος
700 727 815 779 δεῖν
847 729 1015 782 αὐτὸν
1054 732 1238 800 μισεῖν
1265 729 1329 782 ού
1369 727 1534 799 μόνον
1575 729 1706 791 τοὺς
1736 726 1871 790 ἐξω-

252 819 350 872 θεν
377 816 529 888 αὐτῷ
555 817 966 888 ᾠκειωμένους,
1000 820 1141 873 ἀλλά
1169 820 1268 873 καὶ
1299 820 1402 889 τὴν
1442 819 1639 873 ἐαυτοῦ
1661 819 1866 890 ψυχήν.

257 911 404 981 Ὅρα
423 910 482 963 δὴ
510 910 586 981 μὴ
624 913 1020 986 ουναρπασθῇς
1047 913 1127 983 τῷ
1164 911 1318 985 ῥητῷ
1343 912 1536 976 ἁπλῶς
1564 911 1741 991 οὕτως
1773 913 1870 966 καὶ

252 1002 734 1073 ἀνεπιστημόνως.
797 1007 872 1058 Οὐ
909 1008 1022 1078 γάρ
1080 1005 1490 1077 ἀπανθρωπίαν
1542 1005 1789 1061 διδάσκει
1837 1008 1866 1060 ὀ

251 1094 674 1166 φιλάνθρωπος,
721 1097 843 1152 ούδέ
871 1099 1300 1171 διαχειρίζεσθαι
1329 1099 1563 1164 ἑαυτοὺς
1598 1099 1868 1166 νουθετεῖ,

253 1187 396 1240 ἀλλά
421 1189 516 1241 τόν
565 1205 631 1258 γε
657 1191 883 1260 γνήσιον
928 1192 1100 1246 αὑτοῦ
1147 1192 1404 1265 μαθητὴν
1432 1192 1689 1264 βούλεται
1742 1191 1868 1246 τότε

257 1282 440 1349 μισεῖν
469 1283 596 1344 τοὺς
612 1282 757 1334 κατά
785 1282 945 1350 γένος
977 1285 1238 1351 οῖκείους,
1267 1287 1355 1340 ὅτε
1379 1289 1518 1358 πρὸς
1552 1283 1870 1339 θεοσέϐειαν

255 1371 411 1441 αύτῷ
441 1372 788 1442 ἐμποδίζοιεν
822 1373 918 1427 καὶ
944 1374 1037 1427 διὰ
1086 1375 1187 1445 τὴν
1223 1378 1370 1447 πρὸς
1424 1376 1627 1440 αὐτοὺς
1680 1376 1869 1448 σχέσιν

255 1463 523 1517 κωλύοιτο
547 1465 712 1526 αὐτὸς
741 1465 802 1518 τὺ
836 1450 1003 1520 καλδν
1041 1469 1289 1538 μετιέναι
1309 1481 1324 1500 ⁵
1359 1470 1484 1522 ἐπεὶ
1508 1471 1556 1522 εί
1592 1469 1669 1540 μὴ
1696 1472 1871 1538 ἐμπο-

251 1558 477 1623 δίζοιεν,
509 1561 681 1631 τιμᾷν
715 1559 918 1629 μᾶλλον
945 1561 1076 1632 ἄχρι
1108 1563 1210 1632 τῆς
1235 1560 1557 1625 τελευταίας
1586 1561 1869 1630 ἀναπνοῆς

255 1653 525 1708 διδάσκει.
561 1655 674 1707 Καὶ
698 1652 818 1717 πῶς
853 1654 1132 1722 διδάσκεις
1167 1657 1267 1708 Διά
1301 1658 1404 1726 τῆς
1443 1657 1690 1726 μείζονος
1717 1655 1870 1709 διδα-

258 1744 509 1807 σκαλίας,
543 1745 710 1816 φημὶ,
752 1746 821 1799 δι’
863 1740 940 1800 ὧν
986 1747 1227 1818 ἔπραξεν
1275 1749 1441 1811 αὑτός
1467 1765 1482 1780 ⁶
1516 1749 1614 1802 καὶ
1648 1750 1759 1820 γὰρ
1789 1748 1869 1820 τῷ

271 1837 490 1910 Ἰωσὴφ,
515 1839 695 1900 καίτοι
727 1840 848 1894 ούδέ
877 1843 1088 1912 κυρίως
1145 1842 1315 1896 αὐτοῦ
1351 1843 1523 1912 πατρὶ
1555 1842 1693 1908 δντι,
1727 1841 1867 1898 ἀλλά

257 1934 625 2004 νομιζομένῳ,
661 1929 733 2006 ἦν
801 1936 1294 2007 ὑποτασσόμενος,
1348 1937 1448 1990 καὶ
1491 1937 1589 2008 τῆς
1647 1937 1875 2008 Μητρὸς

257 2025 532 2096 ’τοσαύτην
552 2027 791 2083 ἐποιεῖτο
807 2028 895 2082 ἀεὶ
927 2028 1027 2099 τὴν
1057 2028 1341 2098 πρόνοιαν,
1369 2026 1514 2081 ῶστε
1544 2027 1669 2081 οὐδὲ
1698 2045 1870 2081 σταυ-

261 2117 530 2187 ρούμενος
559 2119 805 2190 ἠμέλησε
827 2121 1058 2190 ταύτης,
1095 2120 1230 2175 ἀλλά
1287 2121 1582 2192 παρεδίδου
1613 2120 1692 2192 τῷ
1726 2122 1872 2190 ἠγα-

259 2212 499 2282 πημένῳ
553 2212 795 2284 μαθητῇ.
833 2214 960 2278 Πῶς
990 2214 1086 2268 οὖν
1125 2217 1154 2270 ὁ
1184 2213 1361 2268 ταῦτα
1397 2215 1620 2280 διδάξας
1649 2215 1738 2268 διὰ
1765 2215 1875 2269 τῶν

256 2307 465 2379 ἔργων,
498 2309 586 2361 ξτε
599 2327 668 2378 pa
691 2309 777 2362 διά
809 2309 918 2363 τῶν
945 2310 1124 2377 λόγων
1175 2313 1457 2381 εἰσηγοῖτο
1483 2329 1498 2378 ;
1533 2311 1678 2366 Ἀλλ’
1735 2313 1876 2382 ὅπερ

257 2402 423 2471 ἔφην,
465 2406 646 2472 μισεῖν
675 2405 824 2474 ἡμᾶς
858 2404 988 2466 τοὺς
1023 2406 1206 2471 γονεῖς
1233 2405 1568 2468 ἐντέλλεται,
1621 2405 1710 2458 δτε
1739 2404 1875 2467 Θεὸς

254 2493 321 2545 τὸ
369 2494 842 2564 κινδυνευόμενον.
878 2492 1014 2548 Τότε
1051 2495 1164 2567 γὰρ
1217 2496 1280 2548 οὐ
1333 2498 1512 2564 γονεῖς
1560 2496 1875 2564 λογίζονται

256 2587 383 2640 ούδέ
413 2589 628 2653 οἰκεῖοι,
655 2588 792 2658 πρὸς
815 2588 917 2658 τὴν
941 2588 1208 2658 τοιαύτην
1240 2588 1513 2658 ὠφέλειαν
1563 2591 1694 2660 ἡμῖν
1718 2580 1874 2642 ἀντι-

256 2679 575 2742 πίπτοντες.
631 2679 946 2735 Κάντεύθεν
974 2681 1032 2734 δὲ
1087 2681 1270 2752 δῆλον,
1308 2682 1337 2735 δ
1364 2682 1623 2753 λέγομεν,
1682 2684 1748 2736 ἐκ
1777 2681 1872 2736 τοῦ

256 2774 354 2824 καὶ
387 2773 488 2843 τὴν
513 2771 711 2826 ἐαυτοῦ
761 2773 940 2845 ψυχὴν
986 2773 1341 2829 ἐντέλλεσθαι
1394 2779 1575 2844 μισεῖν
1602 2793 1614 2805 ·
1654 2777 1875 2841 πάντως

257 2867 370 2933 γὰρ
404 2865 467 2917 οὐ
499 2864 658 2918 τοῦτο
687 2865 1065 2920 διακελεύεται
1094 2867 1156 2919 τὸ
1187 2869 1422 2932 ἑαυτοὺς
1453 2869 1870 2936 ἀποκτιννύναι,

258 2959 400 3012 ελλὰ
435 2959 495 3010 τὸ
519 2961 639 3022 ταῖς
662 2958 987 3030 ἐπιθυμίαις
1008 2941 1109 3030 τῆς
1133 2959 1318 3030 ψυχῆς
1358 2963 1476 3024 ταῖς
1509 2961 1874 3033 χωριζούσαις

258 3052 410 3120 ἡμᾶς
445 3051 539 3104 τοῦ
571 3050 707 3105 Θεοῦ
740 3053 1182 3106 ἀποτάσσεσθαι·
1210 3053 1305 3105 καὶ
1327 3055 1375 3106 εί
1409 3056 1697 3124 πρόκειται
1730 3073 1874 3126 μαρο

257 3145 470 3215 τύριον,
499 3145 574 3217 μὴ
594 3147 907 3216 φροντίζειν
933 3147 1035 3212 τῆς
1051 3147 1256 3219 ψυχῆς,
1281 3151 1445 3219 μόνον
1475 3149 1704 3219 κέρδους
1739 3167 1873 3219 προ-

1981 643 2099 689 tere
2139 647 2264 688 eum
2307 636 2438 689 odio
2475 635 2681 689 habere
2726 649 2835 689 non
2879 633 3056 688 solum
3094 648 3191 690 eos
3232 634 3327 706 qui
3368 643 3596 689 externa

1978 723 2362 779 familiaritate
2381 724 2557 792 juncti
2582 734 2730 790 sunt,
2753 724 2850 780 sed
2876 735 2931 779 et
2952 738 3109 778 suam
3135 724 3308 794 ipsius
3327 726 3595 781 animant.

1978 814 2118 872 Vide
2140 826 2326 872 autem
2367 832 2437 872 ne
2463 819 2649 871 littera
2683 810 2917 886 prorsus
2952 817 3210 887 imperite
3241 817 3318 887 (α)
3351 818 3597 887 τιΙιτέρῑπο

1977 913 2076 967 ris.
2107 909 2224 966 Non
2251 913 2396 966 enim
2435 911 2902 966 inhumanitatem
2929 922 2986 966 et
3020 909 3404 965 crudelitatem
3436 911 3601 964 docet

1992 1004 2334 1068 misericors,
2370 1017 2548 1074 neque
2572 1004 2783 1074 sibiipsi
2811 1005 2974 1059 ducet
2998 1018 3219 1057 manum
3252 1002 3478 1066 inferre,
3503 1007 3597 1057 sed

1977 1101 2264 1170 proprium
2313 1115 2474 1154 suum
2517 1099 2848 1169 discipulum
2891 1098 3009 1153 vult
3051 1108 3184 1153 tunc
3220 1097 3348 1152 odio
3391 1098 3607 1151 habere

1975 1202 2243 1260 cognatos
2287 1206 2453 1256 suos,
2510 1191 2734 1262 quando
2782 1190 2850 1244 ad
2898 1191 3160 1260 pietatem
3209 1189 3259 1244 ei
3305 1189 3592 1242 obstaculo

1976 1294 2140 1348 sunt,
2186 1293 2238 1338 et
2275 1292 2502 1354 propter
2552 1284 3024 1339 necessitudinem
3064 1296 3094 1334 a
3129 1280 3290 1335 bouis
3335 1281 3597 1350 operibus

1975 1379 2342 1450 prohibetur:
2375 1376 2642 1448 quoniam
2675 1377 2780 1432 nisi
2819 1377 3185 1436 obsisterent,
3221 1375 3394 1444 magis
3420 1374 3596 1427 hono-

1979 1472 2185 1526 randos
2210 1470 2372 1524 docet
2399 1485 2573 1540 usque
2604 1471 2671 1524 ad
2703 1478 3014 1524 extremum
3047 1470 3322 1538 spiritum.
3362 1466 3429 1520 Et
3458 1481 3598 1536 quo-

1979 1564 2142 1619 modo
2187 1562 2396 1618 docet?
2455 1562 2560 1616 Per
2622 1561 2885 1630 majorem
2953 1561 3282 1625 doctrinam,
3349 1559 3601 1627 inquam,

1978 1673 2173 1724 nempe
2223 1670 2320 1727 per
2386 1671 2450 1710 ea
2517 1671 2639 1726 qua:
2690 1664 2951 1725 operatus
2999 1663 3117 1717 est;
3172 1655 3289 1722 ipse
3341 1654 3490 1707 enim
3545 1661 3600 1705 et

1975 1750 2218 1820 Just-ph,
2269 1752 2524 1821 quamvis
2564 1764 2674 1803 non
2724 1758 2868 1802 esset
2918 1748 3174 1818 proprius
3215 1759 3452 1814 parens,
3500 1745 3596 1799 sed

1982 1844 2372 1907 existimatus,
2406 1841 2670 1896 obediens
2711 1839 2856 1894 fuit:
2896 1848 2949 1892 et
3002 1837 3195 1891 Matris
3239 1850 3353 1889 suae
3389 1842 3595 1886 tantam

1981 1949 2202 2004 semper
2235 1933 2342 2001 egit
2389 1946 2612 1996 curam,
2658 1941 2718 1984 ut
2764 1945 2944 1999 neque
2988 1945 3113 1983 cum
3156 1926 3599 1998 cruciﬁgeretur,

1979 2043 2102 2082 eam
2146 2025 2485 2096 negligeret,
2523 2024 2619 2079 sed
2661 2024 3070 2079 commendavit
3113 2021 3384 2091 discipulo
3432 2035 3593 2087 quem

1982 2121 2262 2189 diligebat.
2315 2120 2604 2188 Quomodo
2657 2120 2825 2189 igitur
2872 2117 2919 2171 is
2969 2115 3062 2184 qui
3117 2115 3235 2170 hzcc
3282 2129 3382 2184 per
3429 2126 3587 2182 opci;

1981 2215 2192 2280 docuit,
2219 2215 2323 2268 alia
2368 2215 2720 2270 sermonibus
2752 2209 3126 2267 asseveravit?
3153 2211 3246 2274 At,
3284 2209 3429 2263 sicut
3458 2207 3595 2273 dixi,

1981 2308 2227 2378 praecipit
2267 2323 2368 2362 nos
2405 2308 2532 2362 odio
2567 2306 2772 2361 habere
2799 2314 3080 2374 parentes,
3110 2301 3330 2374 quando
3365 2303 3418 2356 in
3449 2303 3595 2355 cultu

1983 2401 2076 2455 Dei
2102 2402 2406 2471 perit-nium
2447 2413 2552 2457 est.
2582 2400 2735 2456 Tune
2761 2401 2908 2455 enim
2934 2413 3042 2453 non
3075 2405 3331 2468 parentes
3361 2410 3598 2450 censen-

1983 2509 2095 2561 tur,
2129 2514 2306 2567 neque
2340 2497 2659 2562 familiares,
2703 2497 2747 2550 si
2785 2497 2836 2549 in
2871 2497 2974 2550 hoc
3004 2494 3164 2549 nobis
3196 2493 3495 2548 obsistaut.
3533 2487 3597 2542 Et

1982 2587 2109 2641 hinc
2153 2586 2503 2642 manifestum
2540 2587 2683 2655 quod
2716 2586 2970 2641 dicimus.
3010 2576 3148 2638 Nam
3184 2598 3312 2638 cum
3350 2591 3596 2637 nostram

1981 2684 2218 2736 animam
2245 2682 2374 2738 odio
2402 2682 2607 2738 habere
2641 2681 2912 2751 praecipit,
2937 2682 3164 2736 omnino
3191 2695 3296 2734 nou
3326 2677 3599 2750 praecipit,

1981 2788 2040 2831 ut
2074 2779 2372 2848 nobisipsis
2413 2789 2645 2832 mortem
2681 2779 3122 2840 consciscamus,
3163 2777 3261 2830 sed
3297 2787 3352 2828 ut
3391 2790 3599 2828 renun-

1982 2873 2180 2927 tiemus
2226 2873 2694 2941 concupiscentiis
2727 2872 2946 2935 animae,
2981 2886 3102 2942 qua:
3144 2886 3246 2924 nos
3285 2877 3543 2935 separant
3568 2878 3598 2922 a

1979 2964 2126 3031 Deo;
2158 2967 2373 3021 etiamsi
2412 2965 2795 3036 perferendum
2828 2961 3174 3034 martyrium,
3219 2979 3325 3018 non
3358 2961 3599 3016 curanda

1979 3061 2204 3123 anima,
2264 3060 2525 3128 quoniam
2585 3070 2909 3128 perpetuum
2972 3057 3186 3112 lucrum
3249 3054 3598 3126 proponitur.

1983 3153 2098 3207 lloc
2133 3153 2278 3207 cnim
2315 3162 2400 3208 est
2431 3153 2578 3223 quod
2612 3168 2712 3206 nos
2738 3154 2919 3218 docet,
2958 3161 3013 3206 et
3042 3167 3148 3205 non
3185 3150 3513 3222 simpliciter
3542 3160 3601 3206 ut

257 3238 520 3306 κειμένου
553 3241 800 3293 αἰωνίου.
843 3242 1047 3295 Ὀτιδέ
1077 3242 1239 3295 τοῦτο
1280 3242 1548 3306 διδάσκει,
1583 3243 1677 3295 καὶ
1722 3243 1784 3295 οὐ
1811 3243 1871 3295 τὸ

1983 3251 2104 3324 quis
2138 3252 2378 3323 seipsnu.
2411 3249 2643 3308 occidat.
2689 3246 3053 3322 Ostenditque
3082 3249 3213 3308 illud
3251 3249 3450 3310 iterum
3481 3249 3600 3324 ipse

258 3328 454 3398 ἁπλῶς
502 3331 729 3401 ἑαυτοὺς
770 3333 1186 3403 ἀποκτιννύναι,
1233 3334 1475 3392 δείκνυσι
1516 3339 1680 3393 πάλιν
1708 3341 1872 3404 αὐτὸς

259 3424 320 3490 ἐξ
348 3419 422 3478 ὧν
454 3425 548 3479 τοῦ
589 3428 839 3482 διαϐόλου
877 3430 1233 3500 πειράζοντος
1259 3432 1445 3497 αὑτὸν,
1495 3429 1637 3485 ὥστε
1688 3432 1872 3502 βαλεῖν

259 3519 455 3571 ἑαυτὸν
481 3520 632 3573 κάτω
663 3521 771 3575 ἀπὸ
815 3523 910 3575 τοῦ
966 3524 1136 3596 ἱεροῦ,
1172 3524 1564 3595 ἀπεκρούσατο
1593 3525 1694 3594 τὴν
1751 3527 1874 3579 πεῖ-

265 3630 387 3681 ραν,
446 3616 542 3667 καὶ
573 3616 696 3669 οὐδὲ
739 3619 988 3671 ἐπεδίδου
1025 3617 1220 3671 ἐαυτὸν
1251 3620 1364 3681 τοῖς
1393 3618 1695 3683 Ἰουδαίοις,
1733 3619 1873 3673 ἀλλὰ

262 3711 360 3764 καὶ
426 3711 716 3785 ἀνεχώρει,
762 3717 859 3768 καὶ
904 3715 994 3768 διά
1057 3717 1229 3787 μέσου
1292 3716 1474 3770 αὐτῶν
1505 3717 1873 3787 ἀνερχόμενος

258 3807 390 3871 τοὺς
426 3810 738 3877 φωνοῦντας
868 3809 1178 3884 φονῶντας]
1234 3810 1641 3882 ἀπεκρύπτετο.
1681 3811 1872 3874 Ὅστις

258 3903 357 3957 οὖν
416 3903 791 3974 βλαπτόμενος
849 3907 928 3968 εἰς
991 3904 1312 3959 θεοσέϐειαν
1365 3905 1471 3959 ὑπό
1542 3923 1689 3967 τινος
1760 3905 1872 3958 τῶν

257 3997 504 4060 οἰκείων,
537 3998 756 4067 στέργει
789 3999 887 4068 τὴν
920 3999 1059 4070 πρὸς
1111 3999 1308 4062 αὐτοὺς
1354 3998 1563 4068 σχέσιν,
1609 3998 1706 4053 καὶ
1736 4016 1871 4070 προ⁹

261 4092 556 4162 τιμοτέραν
578 4091 783 4162 ταύτην
810 4093 1045 4144 ποιεῖται
1077 4091 1173 4161 τῆς
1198 4091 1337 4161 πρὸς
1381 4090 1476 4144 τὸν
1504 4090 1639 4145 Θεὸν
1673 4091 1872 4164 εὐαρε-

1985 3365 2081 3418 pcr
2110 3351 2213 3403 hoc
2236 3350 2407 3418 quod,
2433 3346 2648 3403 diabolo
2673 3349 2851 3418 ipsum
2884 3358 3132 3405 tentante
3166 3359 3224 3403 ιιι
3253 3365 3314 3406 se
3340 3350 3408 3405 de
3443 3367 3599 3404 sum-

1985 3444 2176 3495 mitate
2212 3441 2397 3508 templi
2427 3438 2711 3507 dejiceret,
2743 3442 3104 3495 tentationem
3130 3441 3330 3510 repulit
3357 3459 3372 3498 :
3404 3453 3460 3495 et
3491 3457 3597 3495 non

1983 3546 2044 3586 se
2075 3529 2280 3585 Judteis
2316 3529 2576 3593 tradidit,
2613 3530 2708 3583 sed
2743 3529 2996 3593 secessit,
3027 3539 3195 3597 atque
3225 3544 3322 3597 per
3358 3530 3596 3582 medium

1982 3640 2174 3679 eorum
2211 3623 2523 3687 transiens,
2565 3622 2636 3675 ab
2674 3620 2784 3674 illis
2815 3635 2875 3674 se
2914 3620 3231 3676 occultavit.
3267 3620 3438 3690 Igitur
3474 3622 3597 3676 cui—

1983 3731 2204 3785 cunque
2233 3717 2518 3771 domestici
2550 3725 2605 3771 et
2637 3715 2798 3769 amici
2837 3711 3062 3768 obstant
3100 3714 3153 3767 in
3188 3715 3390 3782 pietate
3411 3755 3427 3780 ,
3463 3723 3519 3768 et
3550 3715 3596 3769 is

1983 3810 2198 3866 illorum
2241 3807 2674 3865 familiaritatem
2708 3809 2839 3875 Deo,
2871 3808 2956 3862 cui
2992 3807 3208 3876 placere
3240 3809 3422 3876 debet,
3455 3824 3596 3878 prato

1983 3906 2120 3971 fert,
2170 3903 2254 3959 vel
2307 3903 2474 3960 etiam
2527 3914 2753 3974 propter
2803 3918 3050 3958 amorem
3103 3903 3226 3957 vita:
3275 3903 3602 3960 imminente

1985 3999 2251 4070 martyrio
2287 3996 2472 4054 deﬁcit
2504 4007 2558 4053 et
2587 4009 2774 4068 negat,
2811 3997 2903 4052 ille
2935 4013 3042 4053 non
3076 4006 3256 4067 potest
3281 4013 3406 4055 esse
3436 3999 3602 4055 disci-

1983 4093 2144 4165 pulus
2169 4090 2396 4146 Christi.

265 4185 536 4254 στήσεως,
584 4183 666 4236 ἐτι
697 4200 756 4237 τε
799 4183 896 4238 καὶ
927 4182 1016 4236 διὰ
1044 4182 1141 4237 τοῦ
1191 4182 1482 4252 φιλοζωεῖν
1515 4185 1777 4251 πολλάκις
1802 4188 1895 4242 καὶ
1951 4187 2258 4260 μαρτυρίου
2301 4188 2669 4258 προκειμένου
2720 4188 2801 4252 εἰς
2834 4184 3068 4260 ἄρνησιν
3098 4190 3597 4265 ἐκτραχηλίζεται,

260 4274 419 4340 ιγῦτος
461 4277 523 4329 ού
587 4277 812 4331 δύναται
859 4275 1100 4347 Χριστοῦ
1153 4272 1294 4330 εἶναι
1352 4279 1626 4348 μαθητής.

347 4390 366 4424 ι
405 4371 501 4436 Τίς
533 4372 641 4442 γὰρ
679 4369 740 4434 ἐξ
786 4369 939 4440 ὑμῶν
991 4368 1163 4422 θέλων
1218 4369 1431 4441 πύργον
1482 4371 1869 4442 οἰκοδομῆσαι,

2057 4370 2225 4430 Vens.
2257 4373 2446 4430 98-30.
2480 4391 2499 4425 t
2536 4373 2670 4442 Quis
2698 4376 2843 4429 enim
2877 4390 2942 4430 ex
2975 4377 3152 4444 vobis,
3183 4377 3275 4448 qui
3310 4379 3440 4434 velit
3478 4391 3599 4436 lur-

259 4465 382 4536 ούχὶ
415 4462 631 4534 πρῶτον
659 4459 888 4524 καθίσας
918 4459 1148 4528 ψηφίζει
1174 4460 1272 4532 τὴν
1295 4461 1568 4532 δαπάνην,
1594 4465 1642 4516 εί
1665 4463 1778 4534 ἔχει
1802 4465 1871 4518 τά

1983 4471 2084 4524 rim
2115 4468 2409 4532 :edilicarc,
2439 4468 2567 4538 quin
2599 4469 2751 4538 prius
2780 4469 2981 4524 sedens
3004 4481 3285 4539 computet
3315 4485 3595 4543 sumptus,

261 4561 343 4621 et;
371 4555 723 4628 ἀπαρτισμὸν
744 4596 757 4616 ,
797 4555 881 4607 ἵνα
910 4557 1162 4625 μήπωτε,
1186 4555 1371 4619 θέντος
1398 4557 1567 4611 αὑτοῦ
1601 4554 1874 4629 θεμέλιον,

263 4655 359 4706 καὶ
388 4652 464 4723 μὴ
503 4653 782 4721 ίσχύοντος
833 4650 1143 4710 ἐκτελέσαι,
1181 4650 1386 4714 πάντες
1441 4652 1492 4705 οἱ
1537 4651 1876 4723 θεωροῦντες

262 4747 537 4815 ἄρξωνται
573 4743 867 4814 ἐμπαίζειν
893 4744 1044 4814 αὐτῷ
1079 4743 1358 4813 λέγοντες,
1394 4745 1499 4811 ὅτι,
1523 4738 1696 4809 Οὗτος
1729 4748 1757 4799 ὁ
1781 4747 1876 4801 ἀν-

263 4843 486 4912 (ιρωπος
520 4839 725 4909 ηρξατο
752 4839 1080 4908 οἰκοδομεῖν,
1137 4839 1234 4891 καὶ
1266 4840 1368 4894 οὐκ
1398 4839 1620 4910 ἴσχυσεν
1650 4841 1874 4893 ἐκτελέ-

264 4953 356 4988 σιι
385 4953 398 5000 ;
433 4954 450 4985 ι
479 4936 577 4986 Διὰ
602 4935 702 5002 τῆς
735 4931 830 4984 τοῦ
860 4932 1070 5002 πύργου
1105 4933 1423 5006 παραϐολῆς
1448 4935 1696 4988 διδάσκει
1727 4937 1876 5005 ἡμᾶς

261 5032 291 5082 ὁ
335 5027 539 5097 Κύριος
564 5027 712 5091 ἆπαξ
750 5025 1068 5078 ἀκολουθεῖν
1099 5027 1248 5097 αύτῷ
1281 5027 1599 5098 ἑλομένους,
1633 5029 1872 5098 φυλάξαι

261 5121 362 5189 τὴν
395 5120 566 5189 αὐτὴν
617 5122 966 5190 προαίρεσιν,
1013 5120 1110 5172 καὶ
1161 5123 1236 5190 μὴ
1270 5120 1525 5191 θεμέλιον
1567 5121 1669 5190 μὲν
1700 5140 1873 5174 κατα-

261 5210 524 5263 ϐαλέσθαι
547 5252 561 5273 ,
601 5210 721 5280 ἦτοι
767 5210 944 5281 ἀρχὴν
974 5210 1417 5281 ἁκολουθὴσεως,
1449 5207 1571 5265 εἶτα
1605 5213 1757 5276 τέλος
1797 5215 1873 5284 μὴ

262 5302 552 5364 ἐπιθεῖναι,
586 5303 661 5366 ὡς
692 5303 768 5374 μὴ
798 5303 1020 5372 ἔχοντας
1051 5303 1333 5371 ἀρκοῦσαν
1358 5306 1458 5374 τὴν
1508 5307 1873 5376 παρασκευὴν

259 5395 360 5465 τῆς
392 5397 725 5467 προθυμίας.
756 5397 1000 5450 Τοιοῦτοι
1022 5393 1165 5468 ἦσαν
1192 5400 1416 5462 ἐκεῖνοι,
1439 5400 1568 5470 περὶ
1588 5393 1664 5452 ὧν
1691 5395 1875 5454 Ἰωάν-

262 5507 363 5559 νης
393 5493 422 5543 ὀ
446 5491 844 5561 εὐαγγελιστὴς
865 5491 992 5562 ἔφη·
1030 5492 1226 5544 Πολλοὶ
1257 5488 1351 5546 οὖν
1380 5495 1446 5545 ἐκ
1471 5493 1581 5546 τῶν
1607 5479 1869 5565 μαθητῶν

262 5585 432 5640 αὐτοῦ
458 5586 703 5658 ἀπῆλθον
738 5589 818 5649 είς
854 5587 922 5640 τά
954 5587 1156 5641 ὀπίσω.
1188 5589 1301 5642 Καὶ
1329 5589 1438 5651 πᾶς
1467 5587 1526 5640 δὲ
1573 5589 1864 5660 ἀνθρωπος

335 5768 383 5800 ⁶⁹
406 5767 573 5825 Joan.
600 5785 714 5833 ενι,
750 5769 842 5825 52.

334 5928 412 6004 (α)
439 5928 541 5986 Ed.
575 5930 696 5987 Lul.
743 5946 846 5987 non
882 5929 1069 5997 habet,
1097 5946 1318 6000 prorsus
1348 5931 1610 6002 imperite.

1978 4579 2048 4616 an
2079 4564 2279 4617 habeat
2306 4563 2507 4630 quibus
2532 4575 2670 4630 Opus
2694 4573 2776 4615 est
2802 4563 2866 4615 ad
2895 4563 3333 4632 perficiendum?
3355 4583 3424 4622 ne
3447 4579 3598 4634 post-

1975 4670 2139 4724 quam
2164 4655 2413 4724 posuerit
2440 4653 2886 4722 fundamentum,
2913 4671 3012 4711 nec
3035 4660 3276 4725 poluerit
3303 4661 3595 4728 perlicere,

1975 4763 2169 4802 omnes
2222 4749 2314 4817 qui
2353 4748 2593 4803 viderint
2629 4749 2897 4819 incipiant
2934 4749 3163 4804 illudere
3194 4752 3268 4816 ei,
3308 4754 3592 4808 dicentes:

1978 4837 2079 4893 llic
2102 4840 2264 4893 homo
2287 4841 2456 4908 coepit
2477 4839 2774 4906 aidilicare,
2803 4856 2903 4894 nec
2925 4843 3100 4909 potuit
3123 4858 3536 4900 consummare.
3570 4864 3589 4896 ι

1975 4928 2080 4985 Per
2113 4933 2434 5000 parabolam
2477 4934 2648 4988 turris
2681 4934 2844 4988 docet
2873 4950 2976 4990 nos
3018 4934 3281 4992 Dominus
3318 4949 3379 4991 ut
3411 4938 3464 4992 lii
3501 4938 3595 5008 qui

1974 5027 2143 5080 semel
2186 5026 2492 5097 delegerint
2528 5042 2654 5082 eum
2691 5028 2885 5097 sequi,
2919 5030 3062 5083 idem
3097 5035 3438 5101 propositum
3472 5049 3592 5087 scr-

1975 5128 2105 5172 vent
2134 5135 2146 5170 :
2183 5133 2284 5172 nec
2316 5118 2491 5172 solum
2520 5118 2730 5188 iaciant
2765 5118 3208 5186 fundamentum,
3243 5123 3346 5176 hoc
3377 5135 3483 5187 est,
3525 5139 3594 5178 ne

1975 5212 2241 5279 incipiant
2282 5220 2495 5265 tantum
2528 5213 2705 5279 sequi,
2740 5223 2796 5267 et
2829 5224 3014 5283 postea
3063 5214 3224 5268 finem
3267 5229 3376 5270 non
3418 5215 3595 5284 impo-

1976 5319 2145 5373 nant,
2183 5316 2240 5361 ut
2283 5307 2335 5360 lii
2361 5308 2452 5376 qui
2489 5323 2594 5362 n0n
2633 5307 2839 5362 habent
2877 5309 3237 5364 sufﬁcientem
3288 5311 3596 5366 alacritatis

1978 5402 2458 5470 praeparationem.
2492 5399 2654 5456 Tales
2687 5400 2908 5456 fuerunt
2944 5405 2995 5457 lii
3023 5405 3087 5458 de
3120 5403 3320 5474 quibus
3351 5419 3590 5475 cvangca
3648 5396 3658 5404 ”

1979 5496 2105 5549 lists
2136 5493 2300 5567 40],
2333 5493 2577 5551 Joannes
2609 5496 2739 5550 dicit
2773 5512 2791 5552 :
2823 5496 2972 5551 Multi
3010 5498 3175 5566 igitur
3204 5512 3270 5552 ex
3307 5497 3594 5566 discipulis

1979 5593 2096 5650 eius
2129 5594 2383 5647 abierunt
2415 5601 2716 5648 retrorsum
2748 5592 2817 5646 ⁶⁹.
2855 5592 2920 5647 Ει
2949 5592 3127 5647 omnis
3162 5594 3325 5648 homo
3361 5593 3455 5665 qui
3482 5594 3598 5649 vita
