4256 6432
712 411 816 469 Mil

1554 398 2136 461 THEOPHYLACTI
2187 401 2600 460 BULGAHlE
2633 398 2995 461 ARCHIEP.

3890 402 4004 465 9H

707 553 873 595 tntem
906 539 1121 605 quidem
1156 535 1368 602 operari
1419 533 1534 588 vult
1556 575 1570 599 ,
1613 546 1667 588 et
1700 549 1805 586 non
1835 547 1902 587 eo
1928 532 2193 601 pervenit,
2238 547 2259 584 ll

2403 532 2665 601 πράττειν
2703 529 2802 600 μὲν
2835 528 2934 600 τὴν
2990 526 3196 598 ἀρετὴν
3245 527 3523 596 ἐλόμενος,
3561 527 3636 596 μὴ
3667 526 3885 595 φθάσας
3915 530 3998 584 δὲ.

705 646 757 685 et
783 631 1018 685 divinam
1044 626 1405 696 cognitionem
1431 627 1685 692 accipiat,
1712 639 1778 677 eo
1804 625 1948 692 quod
1971 623 2285 691 imperfecte

704 738 756 776 et
789 727 990 788 alisque
1021 718 1228 772 ratione
1260 719 1514 771 virtutem
1545 718 1775 778 orditur,
1811 716 2126 784 imperfecte
2153 717 2286 769 acili-

704 817 850 872 ficat,
885 828 989 866 non
1017 811 1206 864 valens
1230 810 1510 864 absolvere
1547 807 1740 862 turrim
1768 821 1994 861 summm
2020 807 2285 875 cognitio-

703 909 807 961 nis.
860 906 1010 960 Unde
1051 916 1107 957 et
1147 903 1404 956 illuditur-
1436 899 1504 953 ab
1543 900 1626 953 liis
1668 914 1697 952 a
1739 899 1936 968 quibus
1976 898 2188 951 videtur
2229 907 2285 950 et

702 997 1013 1051 hominibus
1035 1003 1089 1046 et
1116 990 1370 1047 diabolis.
1403 986 1496 1042 Vel
1521 990 1715 1043 aliter:
1750 1004 1846 1058 per
1869 985 2280 1040 fundamentum

700 1087 918 1158 quidem
963 1084 1233 1152 intelligas
1269 1095 1576 1134 sermonem
1613 1079 1871 1133 doctoris.
1914 1078 2106 1132 Sermo
2136 1077 2279 1130 enim

699 1181 961 1236 det-trina!
983 1217 998 1240 ,
1037 1185 1221 1244 utpote
1252 1184 1492 1227 tractans
1525 1172 1590 1227 de
1619 1171 1985 1234 continentia,
2013 1168 2194 1238 jactus
2225 1168 2278 1220 in

699 1267 949 1336 discipuli
977 1268 1213 1319 animam
1241 1263 1594 1318 fundamento
1623 1270 1990 1327 comparatur.
2021 1257 2167 1325 Opus
2195 1267 2279 1312 est

697 1372 878 1414 autem
902 1354 1292 1416 sermoniliuic,
1311 1354 1412 1406 hoc
1433 1362 1514 1405 est
1554 1350 1924 1412 fundamento,
1944 1347 2278 1415 superindui-

695 1455 928 1513 catione,
947 1463 1109 1518 opere
1127 1447 1271 1509 dico,
1289 1453 1346 1499 ut
1361 1441 1524 1498 turris
1543 1457 1652 1496 nos:
1666 1457 1721 1495 ra
1737 1440 2073 1495 fortitudinis
2090 1457 2117 1493 a
2140 1440 2272 1493 facie

696 1543 900 1598 inimici
927 1538 1193 1600 absoluta,
1221 1538 1294 1589 sit
1315 1537 1490 1588 virtus
1518 1534 1602 1586 illa
1631 1549 1789 1601 quam
1815 1533 2268 1601 proponebatuus.

694 1636 846 1702 Quod
868 1642 1046 1686 autem
1075 1629 1481 1684 fundamentum
1503 1628 1716 1694 quidem
1743 1626 1812 1678 sit
1836 1638 2039 1684 sermo,
2065 1634 2274 1677 exstru-

692 1731 802 1784 ctio
828 1739 1008 1781 autem
1032 1738 1187 1792 opus,
1221 1721 1355 1775 satis
1387 1719 1602 1774 abunde
1634 1735 1731 1772 nos
1763 1718 1920 1771 docet
1944 1716 2271 1784 Apostolus:

700 1820 1173 1875 «Fundamentum
1191 1814 1344 1883 posui
1367 1811 1551 1867 Jesum
1571 1811 1844 1864 Christum
1867 1850 1883 1874 ,
1919 1809 2059 1863 alius
2093 1821 2270 1861 autem

2392 621 2534 674 ὥστε
2578 622 2672 673 καὶ
2707 621 2858 672 θείαν
2911 618 3114 686 γνῶσιν
3155 615 3508 687 προσλαϐεῖν,
3534 617 3625 670 διὰ
3669 617 3734 669 τὸ
3783 617 4000 679 ἀτελῶς

2391 713 2484 764 καὶ
2509 711 2719 777 ἀλόγως
2751 711 2848 779 τῆς
2875 708 3077 779 ἀρετῆς
3102 707 3392 777 ἄρξασθαι,
3432 706 3640 770 ἀτελῶς
3663 707 3843 769 κτίζει
3869 746 3885 770 ,
3917 707 3999 776 μὴ

2391 803 2689 871 δυνάμενος
2725 801 3031 869 ἀπαρτίσαι
3063 799 3156 852 τὸν
3214 799 3428 868 πύργον
3459 801 3560 868 τῆς
3595 800 3811 870 ὑψηλῆς
3845 803 3989 867 γνώ-

2393 909 2529 956 σεως
2553 906 2571 923 ο
2600 891 2722 944 ὅθεν
2741 893 2834 943 καὶ
2862 888 3194 960 ἐμπαίζεται
3221 889 3326 941 ὑπὸ
3355 888 3462 942 τῶν
3505 889 3862 958 θεωρούντων
3895 892 3996 942 αὐ-

2388 986 2480 1037 τὸν
2513 985 2605 1036 καὶ
2634 981 2940 1053 ἀνθρώπων
2964 982 3057 1034 καὶ
3102 981 3395 1050 δαιμόνων.
3437 981 3545 1032 Καὶ
3571 980 3749 1043 ἄλλως
3783 982 3867 1042 δὲ,
3901 983 3991 1035 θεο

2392 1076 2581 1145 μέλιον
2611 1076 2708 1145 μὲν
2758 1077 2982 1143 νοήσαις
3028 1073 3120 1126 τὸν
3151 1074 3536 1128 διδασκαλικδν
3560 1075 3740 1141 λόγον.
3784 1077 3847 1128 Ὀ
3880 1076 3993 1146 γὰρ

2387 1169 2488 1240 τῆς
2530 1167 2884 1230 διδασκαλίας
2935 1167 3092 1234 λόγος
3145 1167 3553 1238 διαλαμϐάνων,
3604 1168 3741 1238 φέρι
3783 1171 3989 1230 εἰπεῖν,

2389 1262 2518 1331 περὶ
2538 1261 2865 1332 ἐγκρατείας
2891 1260 3130 1330 θεμελίῳ
3156 1259 3302 1312 ἔοικε
3344 1259 3716 1328 καταδληθεὶς
3759 1262 3854 1312 ἐπὶ
3889 1262 3992 1330 τὴν

2387 1351 2482 1404 τοῦ
2521 1351 2765 1422 μαθητοῦ
2786 1352 2988 1422 ψυχήν.
3031 1354 3123 1404 Δεῖ
3147 1350 3242 1405 οὖν
3269 1351 3344 1420 τῷ
3360 1351 3504 1421 λόγῳ
3537 1351 3735 1422 τούτῳ,
3763 1353 3885 1422 ἦτοι
3910 1353 3990 1421 τῷ

2389 1444 2644 1514 θεμελίῳ,
2674 1445 2768 1496 καὶ
2819 1444 3219 1519 ἐποικοδομεῖν,
3275 1443 3345 1496 τὰ
3372 1443 3473 1512 τῆς
3505 1444 3763 1513 πράξεως
3807 1445 3986 1509 λέγω·

2387 1538 2472 1590 ἵνα
2505 1538 2596 1588 καὶ
2626 1536 2836 1607 πύργος
2879 1539 3012 1606 ἡμῖν
3051 1534 3236 1606 ἰσχύος
3273 1535 3383 1590 ἀπὸ
3428 1535 3727 1606 προσώπου
3781 1536 3988 1606 ἐχθροῦ

2383 1625 2748 1694 άπαρτισθείη
2777 1626 2810 1694 ὴ
2847 1625 3020 1695 ἀρετὴ
3042 1626 3251 1695 ἐκείνη,
3287 1627 3356 1697 ἢν
3383 1625 3752 1695 προεθέμεθα.
3782 1626 3908 1679 Ὅτι
3931 1627 3991 1680 Et

2384 1715 2634 1785 θεμέλιος
2668 1716 2814 1786 μένό
2849 1716 3029 1783 λόγος,
3068 1717 3327 1787 οἰκοδομὴ
3363 1716 3418 1770 δὲ
3454 1718 3486 1787 ή
3528 1718 3750 1786 πρᾶξις,
3780 1719 3986 1780 ἱκανῶς

2383 1809 2528 1877 ἡμᾶς
2578 1811 2605 1861 6
2657 1808 2984 1872 Ἀπόστολος
3043 1811 3285 1863 διδάσκει
3319 1810 3518 1877 λέγων,
3552 1810 3634 1863 ὅτι
3663 1831 3679 1861 ι
3717 1810 3986 1880 Θεμέλιςν

691 1910 1090 1982 superexstruit
1113 1909 1218 1971 ",i
1243 1915 1296 1958 et
1329 1905 1506 1958 statim
1527 1913 1808 1957 enumerat
1844 1904 1989 1955 varia
2020 1901 2259 1964 aedilicia,

2377 1900 2596 1952 τέθεικα
2614 1899 2825 1970 Ἰησοῦν
2848 1900 3106 1972 Χριστὸν,
3142 1902 3303 1965 ἄλλος
3332 1902 3387 1954 δὲ
3412 1902 3764 1972 ἐποικοδομεῖ
3784 1920 3798 1934 ο
3834 1921 3852 1954 ι
3889 1904 3985 1954 καὶ

692 2003 793 2056 hoc
844 2008 968 2062 est,
1020 1996 1362 2064 operationes
1415 1994 1496 2046 vel
1547 1991 1812 2046 bonorum
1875 1992 1956 2043 Vel
2012 1991 2274 2044 malorum

690 2106 936 2162 operum.
984 2087 1298 2141 Timeamus
1343 2087 1508 2155 igitur
1555 2102 1620 2136 tte
1671 2083 1809 2137 forte
1852 2084 2076 2136 illudnnt
2121 2085 2275 2136 nobis

689 2186 983 2243 ila-moues,
1005 2179 1068 2232 de
1092 2178 1285 2247 quibus
1303 2176 1563 2245 propheta
1586 2177 1750 2230 dicit:
1778 2193 1795 2224 ι
1825 2173 2078 2228 lllnsores
2098 2173 2275 2226 domi-

689 2274 964 2328 nabuntur
996 2271 1097 2332 eis,
1136 2289 1154 2320 ι
1194 2270 1277 2322 his
1309 2269 1517 2322 scilicet
1549 2269 1638 2336 qui
1676 2283 1703 2320 a
1736 2269 1842 2320 Dco
1889 2267 2088 2334 repulsi
2124 2274 2268 2319 sunt.

760 2451 926 2505 VEBS.
956 2447 1138 2504 31-55.
1176 2465 1193 2498 ι
1226 2448 1329 2498 Aut
1361 2446 1482 2514 quis
1519 2462 1610 2498 rex
1642 2444 1996 2513 proficiscens
2031 2455 2080 2495 ut
2123 2459 2271 2496 com-

685 2545 869 2599 mittat
917 2543 1162 2611 przelium
1205 2542 1466 2593 adversus
1512 2541 1739 2592 alterum
1794 2552 1972 2607 regem
2013 2577 2028 2602 ,
2092 2551 2271 2590 nonne

685 2637 878 2690 sedens
916 2635 1063 2702 prius
1102 2633 1307 2701 cogitat
1345 2646 1411 2684 an
1444 2632 1613 2699 pOSsit
1638 2646 1758 2684 cum
1795 2629 1993 2683 decem“
2032 2629 2269 2681 millibus

685 2741 971 2783 occurrere
1005 2725 1184 2793 ei'qui
1225 2739 1347 2777 cum
1376 2723 1564 2792 viginti
1611 2723 1849 2776 millibus
1891 2724 2036 2775 venit
2081 2732 2266 2774 t'oulra

609 2853 614 2859 -
684 2820 774 2876 se?
807 2821 1043 2887 alioquin
1072 2818 1248 2871 adhuc
1273 2815 1362 2869 illo
1388 2816 1541 2885 longe
1572 2824 1783 2884 agente,
1810 2815 2076 2883 legatione
2107 2814 2267 2867 miss-i

683 2913 817 2982 petit
847 2926 910 2965 ea
936 2926 1053 2978 qua!
1081 2908 1229 2978 pacis
1256 2906 1529 2962 suut?Sic
1552 2921 1682 2976 ergo
1715 2907 1892 2960 omnis
1915 2921 1979 2959 ex
2005 2905 2155 2970 vobis
2176 2904 2267 2974 qui

684 3021 789 3058 non
841 3006 1116 3056 renuntiat
1177 3001 1431 3053 omnibus
1473 3014 1590 3068 qua:
1634 2998 1910 3068 possidet,
1959 3012 2062 3052 non
2092 3006 2268 3066 polest

685 3112 838 3150 tuens
881 3111 1001 3147 esse
1049 3090 1365 3161 ιίιειςίρυιιιε.
1419 3089 1624 3143 Bonum
1672 3100 1752 3144 est
1792 3091 1893 3144 sal.
1933 3092 1988 3143 Si
2028 3105 2158 3145 vero
2190 3089 2267 3143 sal

682 3189 1006 3245 infatuthuut
1057 3185 1252 3248 fuerit,
1299 3199 1390 3254 per
1429 3185 1570 3252 quod
1612 3182 1936 3236 condietur?
1980 3181 2165 3251 Neque
2213 3182 2264 3234 in

2381 1989 2507 2062 ἑξῆς
2534 1991 2826 2060 καταλέγει
2853 1993 2951 2054 τὰς
2982 1991 3276 2063 διαφόρους
3297 1994 3611 2064 οἰκοδομὰς,
3652 1995 3775 2064 ἦτοι
3811 1997 3984 2064 ἐργα-

2381 2083 2563 2154 σίαςῆ
2613 2084 2796 2137 καλῶν
2853 2085 2887 2154 ἢ
2920 2086 3174 2156 πονηρῶν
3227 2086 3447 2156 ἔργων·
3481 2088 3815 2157 φοϐηθῶμεν
3863 2088 3982 2154 οὖν,

2382 2176 2596 2245 μήποτε
2623 2176 2970 2246 ἐμπαίζωσιν
2997 2180 3131 2247 ἡμῖν
3161 2181 3207 2231 oi
3228 2179 3508 2248 δαίμονες,
3537 2181 3665 2249 περὶ
3688 2174 3762 2230 ὧν
3786 2181 3815 2232 6
3854 2197 3986 2250 προ-

2379 2269 2557 2338 φήτης
2577 2270 2858 2338 φησὶνὸτι,
2888 2289 2906 2320 ι
2936 2269 3273 2340 Ἐμπαῖκται
3295 2273 3673 2342 κυριεύσουσιν
3711 2273 3916 2335 αὐτῶν,
3957 2295 3976 2323 ι

2379 2361 2484 2412 τῶν
2516 2361 2621 2413 ὑπὸ
2645 2362 2738 2427 τοῦ
2763 2361 2900 2414 Θεοῦ
2922 2361 3126 2432 δηλαδὴ
3157 2365 3528 2432 ἁπωσμένων.

2451 2472 2467 2503 ι
2506 2453 2575 2504 Ἣ
2612 2454 2696 2515 τίς
2732 2454 2987 2524 βασιλεὺς
3047 2456 3420 2526 πορευόμενος
3457 2457 3757 2525 συμϐαλεῖν
3805 2461 3980 2528 ἑτέρῳ

2375 2543 2586 2613 βασιλεῖ
2625 2548 2704 2608 εἰς
2735 2546 2996 2613 πόλεμον,
3036 2547 3158 2616 οὐχὶ
3191 2548 3424 2608 καθίσας
3478 2549 3699 2618 πρῶτον
3754 2551 3980 2620 βουλε-ᾇ-

2374 2651 2512 2700 stat,
2537 2637 2584 2686 εί
2612 2635 2836 2699 δυνατός
2868 2638 3016 2689 ἐστιν
3043 2639 3100 2689 ἐν
3127 2638 3258 2691 δέκα
3293 2640 3533 2707 χιλιάσιν
3558 2643 3876 2712 ἀπαντῆσαι
3900 2644 3980 2712 τῷ

2379 2727 2516 2797 μετὰ
2565 2727 2737 2781 εἴκοσι
2790 2728 3048 2798 χιλιάδων
3081 2733 3364 2802 ἐρχομένῳ
3402 2734 3537 2799 πρὸς
3581 2736 3781 2787 αὐτόν’
3833 2738 3881 2787 εἰ
3919 2738 3979 2788 δὲ

2377 2817 2517 2890 μήγέ
2555 2819 2633 2872 ἔτι
2657 2821 2846 2891 πόρρω
2885 2821 3050 2873 αὑτοῦ
3090 2823 3266 2886 ὖντος,
3311 2825 3609 2891 πρεσϐείαν
3637 2827 3975 2889 ἀποστείλας

2376 2914 2556 2981 ἐρωτᾷ
2587 2915 2653 2965 τὰ
2685 2915 2818 2984 πρὸς
2846 2914 3108 2984 είρήνην’;
3139 2915 3326 2978 Οὕτως
3355 2917 3447 2969 οὖν
3480 2920 3584 2980 πᾶς
3619 2919 3677 2984 ἐξ
3707 2919 3885 2989 ὑμῶν,
3918 2921 3978 2982 ὃς

2374 3005 2471 3056 οὐκ
2495 2999 2864 3057 ἀποτάσσεται
2912 3007 3048 3058 πᾶσι
3100 3010 3214 3070 τοῖς
3262 3009 3460 3061 ἑαυτοῦ
3493 3011 3860 3081 ὑπάρχουσιν,
3909 3014 3979 3064 οὐ

2370 3096 2592 3150 δύναταί
2619 3115 2719 3166 μου
2739 3091 2880 3150 εἶναι
2915 3098 3189 3169 μαθητής.
3215 3101 3395 3153 Καλὸν
3423 3101 3482 3154 τὸ
3517 3103 3668 3166 ἆλας·
3709 3107 3805 3158 ἐὰν
3835 3107 3890 3158 δὲ
3916 3108 3982 3158 τὸ

2371 3190 2505 3252 ἅλας
2541 3192 2826 3262 μωρανθῇ,
2861 3193 2917 3244 ἐν
2943 3193 3049 3245 τίνι
3084 3193 3485 3265 ἀρτυθήσεται;
3525 3197 3662 3250 Οὔτε
3707 3200 3784 3259 είς
3844 3202 3978 3268 γῆν,

683 3293 918 3345 terram,
964 3293 1141 3349 neque
1195 3279 1245 3331 in
1303 3276 1702 3345 sterquiliniqu
1751 3277 1885 3331 utile
1936 3287 2061 3329 est:
2122 3277 2259 3331 lorus

2373 3283 2494 3337 οὔτε
2527 3287 2603 3346 εἰς
2631 3287 2865 3355 κοπρίαν
2899 3285 3122 3340 εὔθετόν
3176 3289 3325 3340 ἐστιν
3355 3289 3458 3353 ἔξω
3485 3291 3772 3360 βάλλουσιν
3814 3296 3977 3349 αύτῦ.

680 3373 974 3444 projiciuut
1030 3371 1179 3422 ilttd.
1233 3371 1334 3434 Qui
1406 3367 1566 3420 habet
1597 3384 1753 3422 aures
1796 3371 1861 3421 ad
1913 3367 2261 3429 audietttlttttt,

679 3467 883 3519 audiat.
920 3481 938 3513 ι
983 3462 1048 3514 Ει
1077 3463 1188 3514 haec
1220 3460 1472 3527 parabola
1511 3461 1667 3512 docet
1713 3473 1810 3513 nos
1852 3475 1915 3513 nc
1957 3463 2128 3514 simus
2162 3459 2261 3513 du-

678 3555 802 3622 plici
836 3555 1052 3614 animo,
1090 3564 1263 3619 neque
1293 3549 1444 3602 carui
1476 3555 1530 3602 ct
1577 3547 1683 3601 Deo
1714 3549 2084 3602 adlnereamns
2117 3565 2130 3600 :
2167 3550 2260 3603 sed

676 3647 719 3699 si
760 3644 1006 3697 volumus
1035 3641 1233 3696 bellum
1266 3650 1456 3693 contra
1497 3639 1760 3707 malignos
1792 3643 2064 3694 dienzones
2090 3641 2262 3695 susci-

675 3753 836 3808 pere,
885 3744 940 3788 ut
991 3737 1229 3788 feramur
1279 3733 1330 3786 itt
1363 3747 1458 3787 eos
1507 3742 1757 3801 tanquam
1805 3733 2024 3799 hostes,
2061 3746 2112 3788 et
2155 3736 2259 3789 illis

675 3847 803 3884 vere
829 3827 1194 3882 obluctemur.
1223 3823 1335 3899 Reg
1361 3826 1523 3893 igitur
1542 3836 1624 3878 est
1646 3835 1695 3878 et
1722 3836 2001 3893 peci-attun
2029 3843 2260 3896 regnans

675 3927 728 3979 in
760 3920 972 3975 mortali
1006 3930 1194 3974 nostro
1225 3931 1474 3985 corpore,
1501 3917 1544 3970 si
1578 3916 1707 3969 illud
1743 3919 2102 3975 admittimus.
2145 3920 2258 3974 [lex

673 4016 836 4068 etiam
859 4019 912 4065 et
939 4012 1151 4064 anituus
1177 4018 1360 4062 noster
1392 4007 1641 4062 conditus
1671 4019 1777 4064 est.
1813 4008 1889 4064 Ne
1919 4009 2106 4080 igitttr,
2137 4027 2260 4066 cum

674 4103 1035 4160 resistendum
1072 4112 1156 4156 est
1183 4108 1429 4168 peccato,
1469 4098 1888 4167 pusillanimiter
1916 4101 2042 4156 illud
2080 4103 2257 4172 impu-

673 4207 824 4268 gnet.
851 4196 1046 4251 Gravis
1077 4194 1221 4248 enim
1249 4203 1303 4247 et
1334 4192 1594 4246 terribilis
1622 4203 1706 4248 est
1731 4195 1850 4262 ejus
1882 4196 2177 4263 exercitus,
2205 4206 2258 4250 et

676 4289 851 4358 major
901 4299 955 4340 et
1013 4285 1354 4338 numerosior
1406 4284 1619 4337 videtur
1673 4298 1834 4351 quam
1897 4301 1994 4340 nos
2045 4302 2255 4341 sumus.

673 4384 884 4452 Quippe
914 4379 1185 4438 daemones
1209 4386 1334 4430 sunt
1359 4376 1560 4429 milites
1585 4378 1817 4444 peccati,
1845 4378 1938 4447 qui
1968 4389 2258 4433 censentur

670 4472 862 4544 viginti
895 4470 1060 4524 millia
1095 4477 1285 4522 contra
1318 4476 1503 4520 nostra
1552 4467 1735 4521 dcccm
1773 4468 1963 4524 millia.
1997 4467 2129 4521 Nam
2171 4471 2255 4522 iu-

2381 3378 2440 3430 Ὀ
2490 3379 2626 3447 ἔχων
2677 3373 2792 3430 ὦτα
2817 3378 3060 3444 ἀκούειν,
3086 3381 3352 3436 ἀκουέτω.
3375 3401 3394 3434 i
3418 3384 3526 3436 Καὶ
3548 3384 3685 3455 αὕτη
3721 3387 3753 3455 ὴ
3789 3404 3980 3454 παρα-

2370 3468 2501 3537 ϐολὴ
2551 3469 2797 3523 διδάσκει
2838 3473 2985 3540 ἡμᾶς
3041 3474 3116 3542 μὴ
3147 3473 3406 3544 διψύχους
3442 3474 3600 3536 εἶναι,
3637 3478 3772 3548 μηδὲ
3804 3495 3854 3530 σε
3879 3482 3980 3548 pa".

2369 3562 2462 3613 καὶ
2493 3561 2611 3631 Θεῷ
2639 3563 3067 3632 προσηλῶσθαι·
3099 3566 3216 3619 ἀλλ’
3255 3571 3303 3620 εί
3355 3570 3647 3638 μέλλοιμεν
3688 3572 3780 3624 τὶν
3824 3575 3974 3626 κατὰ

2365 3655 2474 3707 τῶν
2508 3656 2763 3723 πονηρῶν
2805 3658 3093 3729 δυνάμεων
3129 3661 3368 3730 πόλεμον
3391 3663 3631 3732 ἄρασθαι
3654 3705 3669 3729 ,
3718 3669 3971 3735 προσφέ-

2370 3749 2559 3818 ρεσθαι
2594 3751 2776 3812 αὐτοῖς
2805 3751 2878 3813 ὡς
2915 3754 3153 3823 ἐχθροῖς,
3183 3756 3277 3807 καὶ
3301 3756 3517 3826 ἀληθῶς
3551 3760 3979 3828 ἀντιπαρατάτὸ

2366 3843 2553 3894 τεσθαι
2607 3844 2871 3907 Βασιλεὺς
2921 3848 3018 3914 μὲν
3053 3843 3145 3900 οὖν
3177 3849 3293 3900 ἐστι
3325 3850 3420 3901 καὶ
3463 3853 3494 3916 ἠ
3532 3851 3779 3920 ἁμαρτία
3813 3852 3976 3922 βασι-

2366 3931 2598 3986 λεύουσα
2622 3935 2677 3985 ὲν
2706 3935 2782 4003 τῷ
2813 3933 2992 4004 θνητῷ
3013 3936 3228 4006 σώματι
3259 3939 3415 4007 ἡμῶν
3442 3940 3550 3991 τῶν
3588 3943 3974 4012 παραδεχομέ-

2365 4043 2472 4077 νων
2500 4026 2670 4096 αύτήν
2699 4041 2715 4057 ο
2748 4026 2999 4096 βασιλεὺς
3019 4031 3073 4082 δέ
3107 4031 3201 4083 καὶ
3232 4031 3259 4082 6
3285 4031 3408 4093 νοῦς
3440 4034 3600 4101 ἡμῶν
3624 4035 3871 4100 ἐκτίσθη.
3907 4039 3972 4089 Εἰ

2364 4117 2542 4169 τοίνυν
2583 4119 2830 4188 μέλλοιεν
2881 4122 3200 4192 ἀντιστῆναι
3255 4126 3321 4191 τῇ
3358 4123 3629 4196 ἁμαρτίᾳ,
3683 4128 3974 4198 ὁλοψύχως

2365 4209 2674 4280 πολεμείτω
2729 4211 2892 4282 αὐτῇ.
2930 4213 3111 4276 Δεινὸ;
3140 4215 3248 4285 γὰρ
3288 4218 3314 4268 6
3363 4219 3596 4287 στρατὸς
3633 4220 3844 4291 ταύτης
3873 4224 3972 4277 κῑῖ

2364 4300 2616 4370 (petits-96g,
2638 4304 2732 4355 καὶ
2763 4305 2967 4372 μείζων
2991 4309 3085 4356 καὶ
3117 4306 3317 4360 πλείων
3347 4308 3495 4362 δοκεί
3527 4311 3715 4379 ἡμῶν·
3751 4316 3800 4365 οἱ
3854 4317 3964 4385 γὰρ

2365 4394 2620 4461 δαίμονες
2658 4397 2991 4465 στρατιῶται
3027 4398 3125 4468 τῆς
3177 4401 3482 4471 ἁμαρτίας,
3515 4405 3563 4456 οἳ
3589 4404 3848 4458 δοκοῦσιν
3885 4411 3965 4461 εἴ-

2366 4503 2486 4538 κοσι
2518 4487 2771 4556 χιλιάδων
2805 4489 3040 4562 ἀριθμὸν
3081 4492 3327 4562 ἐπέχειν,
3370 4497 3506 4562 πρὸς
3539 4496 3671 4550 δέκα
3719 4499 3971 4567 χιλιάδας

667 4565 913 4635 corporei
943 4570 1087 4628 sunt,
1114 4571 1169 4614 et
1205 4567 1446 4629 pugnant
1475 4568 1665 4612 contra
1694 4575 1793 4614 nos
1821 4561 1913 4629 qui
1935 4564 1986 4629 in
2026 4576 2255 4628 corpore

2373 4580 2669 4650 ᾐμετέραςο
2703 4561 2988 4653 ἀσώματοι
3023 4585 3130 4657 γὰρ
3176 4561 3353 4652 ὄντες,
3388 4561 3483 4642 καὶ
3515 4591 3652 4659 πρὸς
3699 4561 3829 4656 τοὺς
3875 4561 3967 4648 ἐνἐ

666 4673 889 4718 sumus,
949 4663 1004 4707 et
1057 4652 1320 4718 majorem
1384 4651 1637 4703 virtutem
1706 4651 1909 4706 habere
1975 4653 2247 4706 videntur,

668 4749 922 4818 Quamvis
949 4755 1130 4799 autem
1158 4745 1441 4796 videantur
1469 4741 1745 4806 fortiores,
1773 4759 1873 4799 nos
1905 4757 2080 4800 tamen
2111 4747 2247 4800 νοεῖ-

666 4858 809 4898 stere
838 4839 1160 4911 peterituus.
1191 4854 1208 4886 ι
1237 4834 1416 4889 luDeo
1437 4836 1818 4904 enim,inquit,
1853 4836 2113 4891 faciemus
2146 4840 2253 4891 vir-

666 4949 832 4992 tutetn
861 4936 941 4998 “;
976 4952 993 4983 ›
1024 4941 1075 4984 rt
1111 4951 1124 4984 ;
1157 4947 1173 4980 ι
1209 4929 1470 4982 Dominus
1495 4928 1821 4982 illuminatio
1842 4944 1982 4993 mea,
2027 4938 2080 4982 et
2108 4933 2252 4988 salus

667 5044 819 5092 mea,
867 5041 1024 5094 quem
1079 5021 1330 5077 timebo?
1375 5021 1430 5075 Si
1460 5021 1806 5076 coiistitcrint
1851 5023 2138 5079 adversum
2169 5042 2254 5082 me

667 5131 862 5181 Cnslra,
896 5133 1000 5170 non
1031 5115 1349 5170 timebitcor
1369 5130 1544 5168 meum
1569 5115 1666 5168 ⁷⁸.»
1696 5113 1858 5186 402
1890 5117 2043 5172 Dedit
2069 5133 2247 5174 autem

663 5215 819 5267 nobis
867 5210 1032 5274 Deus,
1091 5210 1182 5278 qui
1216 5219 1440 5278 propter
1474 5224 1570 5262 nos
1606 5210 1921 5264 incarnatus
1953 5221 2056 5274 est,
2089 5223 2246 5280 pote-

659 5316 851 5360 stuletlt
894 5301 1133 5356 calcandi
1163 5316 1324 5369 super
1368 5315 1583 5354 omnem
1638 5301 1894 5355 virtutem
1944 5303 2146 5359 inimici
2176 5307 2243 5361 ⁷³.

660 5400 867 5452 Idcirco
887 5405 940 5450 et
972 5394 1227 5464 quoniam
1251 5395 1303 5447 in
1336 5408 1502 5448 carne
1537 5394 1864 5449 cxsisteutes
1913 5411 2022 5452 non
2054 5413 2247 5453 carna-

656 5491 724 5544 lia
757 5505 907 5542 arma
952 5488 1241 5550 habemus,
1274 5487 1486 5542 etiamsi
1518 5489 1705 5541 decem
1751 5489 1915 5542 millia
1969 5491 2252 5547 videamur

659 5583 879 5645 habere,
915 5595 979 5633 eo
1026 5579 1171 5647 quod
1219 5577 1268 5629 in
1312 5592 1537 5647 corpore
1580 5594 1805 5645 sumus;
1849 5588 1902 5635 et
1944 5582 2016 5636 illi
2061 5585 2250 5653 viginti

661 5674 823 5727 millia
847 5711 862 5738 ,
908 5687 973 5726 eo
1016 5671 1158 5741 quod
1191 5671 1522 5739 incorporeae
1550 5684 1760 5728 naturae
1796 5684 1965 5731 sunt:
2007 5685 2251 5733 attamen

725 5854 771 5889 "
805 5853 818 5906 I
849 5855 971 5910 Cor.
1010 5868 1091 5917 ιιι,
1129 5853 1213 5907 Η.
1291 5853 1336 5888 ⁷¹
1370 5851 1514 5910 Psal.
1552 5867 1663 5922 ιιι,
1705 5855 1788 5911 ιι.

1867 5860 1910 5890 ⁷¹
1935 5858 2075 5915 Psal.
2106 5877 2232 5916 xm
2282 5869 2331 5917 1.

2363 4674 2654 4741 σωμάτους
2697 4677 2840 4744 mea;
2894 4680 3340 4750 συγκρινόμενοι,
3385 4683 3608 4737 πλείονα
3665 4685 3763 4754 τὴν
3806 4689 3966 4756 ἰσχὺν

2358 4765 2612 4819 δοκοῦσιν
2661 4767 2838 4836 ἔχειν’
2872 4768 2975 4822 κᾶν
3000 4769 3092 4823 οὖν
3126 4771 3360 4826 δοκῶσιν
3424 4776 3794 4846 ἰσχυρότεροι,
3846 4781 3966 4832 ἀλλ’

2355 4857 2517 4927 ἡμεῖς
2541 4857 2817 4926 δυνάμεθα
2832 4859 3427 4930 ἀντιπαρατάσσεσθαι·
3444 4883 3461 4916 ι
3496 4866 3582 4918 Ἐν
3601 4866 3680 4937 τῷ
3693 4866 3812 4936 Θεῷ
3826 4869 3966 4935 γὰρ,

2358 4950 2516 5019 φησὶ,
2543 4951 2846 5019 ποιήσομεν
2874 4951 3105 5022 δύναμιν
3127 4968 3140 4981 ·
3177 4973 3194 5005 i
3223 4956 3315 5007 καί
3342 4971 3356 4986 ’
3394 4978 3412 5009 ι
3447 4946 3647 5029 Κύριο;
3675 4963 3964 5031 φωτισμρς

2363 5058 2464 5111 μου
2497 5042 2589 5093 καὶ
2618 5042 2810 5114 Σωτήρ
2841 5061 2966 5113 μου,
2995 5045 3118 5099 τίνα
3160 5048 3551 5118 φοϐηθήσομαι
3573 5069 3587 5117 ;
3613 5050 3742 5103 Ἐὰν
3774 5069 3964 5122 παρα·

2359 5131 2587 5201 τάξηται
2612 5133 2699 5184 ἐπ’
2728 5136 2826 5202 ἐμὲ
2854 5138 3197 5208 παρεμϐολὴ,
3222 5141 3282 5192 οὐ
3307 5142 3679 5213 φοϐηθήσεται
3707 5147 3740 5215 ή
3762 5147 3963 5216 καρδία

2364 5238 2488 5290 μου.
2528 5242 2546 5274 ι
2585 5222 2796 5277 Δέδωκε
2833 5225 2890 5278 δὲ
2923 5228 3054 5296 ἡμῖν
3081 5235 3299 5292 πάντως
3325 5233 3354 5284 6
3382 5234 3687 5305 σαρκωθε“ις
3711 5239 3778 5289 δι’
3812 5241 3961 5309 ἡμᾶς

2358 5314 2488 5377 Θεὸς
2515 5319 2704 5368 πατεῖν
2734 5318 2828 5371 ἐπὶ
2879 5323 3062 5375 πᾶσαν
3090 5324 3188 5394 τὴν
3213 5325 3449 5396 δύναμιν
3476 5328 3572 5380 τοῦ
3611 5330 3831 5400 ἐχθροῦ.
3872 5335 3961 5384 Διὸ

2358 5409 2450 5459 καὶ¹
2482 5409 2672 5481 ἐπειδὴ
2697 5413 2754 5464 ὲν
2787 5415 2951 5484 σαρκὶ
2976 5415 3152 5483 ὄντες,
3183 5420 3246 5472 οὐ
3294 5423 3536 5492 σαρκικὰ
3561 5423 3704 5476 ὅπλα
3736 5427 3957 5496 ἔχομεν,

2356 5500 2461 5553 κᾶν
2509 5501 2642 5555 δέκα
2666 5505 2913 5573 χιλιάδας
2939 5507 3191 5579 δοκῶμεν
3232 5511 3400 5582 ἔχειν,
3441 5515 3529 5569 διὰ
3570 5518 3632 5569 τὺ
3661 5520 3717 5570 ἐν
3741 5522 3956 5588 σώματι

2352 5586 2513 5657 εἶναι,
2552 5595 2782 5648 ἐκείνων
2809 5598 2983 5653 εἴκοσι
3023 5604 3282 5671 χιλιάδων
3311 5605 3481 5660 ὄντων
3505 5607 3598 5661 διὰ
3630 5610 3692 5661 τὸ
3729 5586 3953 5681 ἀσώμα-

2353 5701 2446 5736 τον
2480 5685 2578 5756 τῆς
2606 5686 2848 5756 φύσεως,
2869 5692 3016 5761 ὅμως
3045 5696 3222 5763 λέγειν
3252 5697 3546 5768 ὀφείλομεν
3581 5719 3594 5732 ·
3639 5721 3656 5754 ι
3697 5702 3894 5774 Κύριος
3924 5704 3952 5757 6

2415 5866 2460 5900 ⁷³
2496 5865 2632 5922 Ltzc.
2671 5885 2721 5934 x,
2762 5869 2845 5923 l9.
