4228 6428
698 383 800 443 937

1550 387 2131 453 TIIEOPIIYLACTI
2175 390 2589 453 BULGARL‘E
2628 392 2989 451 ARCHIEP.
3072 361 3075 364 ί

3857 386 3968 447 948

695 495 868 547 donec
940 494 1178 548 inveniat
1260 497 1424 551 eam?
1494 508 1548 553 et
1616 516 1739 554 cum
1801 502 2069 556 invenerit
2134 518 2252 557 eam

2394 502 2498 564 ἕως
2549 500 2684 572 εὕρῃ
2735 501 2868 553 αύτό
2900 517 2913 531 ⁸
2982 502 3077 553 καὶ
3131 500 3309 569 εὑρὼν
3353 499 3666 568 ἐπιτίθησιν
3714 499 3809 550 ἐπὶ
3862 498 3998 550 τοὺς

698 586 923 655 imponit
971 587 1021 639 in
1084 587 1339 643 humeros
1411 604 1536 643 suos
1599 593 1874 659 gaudens,
1949 594 2282 665 veniensque

697 682 937 743 domum,
975 690 1243 733 cenvocat
1279 681 1484 735 amicos
1530 692 1586 736 et
1655 684 1885 749 vicinos,
1916 684 2105 740 dicens
2137 686 2276 740 illis:

694 771 937 825 Gaudete
994 787 1239 838 mecum,
1305 775 1428 841 quia
1482 776 1660 828 inveni
1728 791 1883 831 ovem
1937 793 2110 830 meam
2160 792 2280 846 qua:

692 862 950 928 perierat.
1014 861 1144 917 Dico
1212 864 1395 934 vobis,
1442 867 1584 936 quod
1629 868 1700 919 ita
1754 868 2008 935 gaudium
2059 868 2164 921 erit
2223 868 2276 920 in

688 954 828 1009 cocto
900 970 1063 1023 super
1123 970 1229 1008 uno
1296 970 1585 1025 peccatore
1653 960 2026 1027 resipiscente,
2107 959 2278 1027 magis

686 1063 851 1114 quam
912 1063 1072 1114 super
1110 1050 1398 1117 nonaginta
1435 1065 1624 1104 novem
1677 1051 1865 1120 jnstis,
1910 1052 1999 1119 qui
2032 1066 2136 1105 non
2196 1050 2278 1104 itt-

689 1138 1249 1206 digentpmnitentia.
1305 1142 1414 1197 Ant
1478 1158 1595 1208 quae
1651 1142 1842 1196 mulier
1895 1144 2100 1201 habens
2148 1144 2276 1197 dra-

687 1234 879 1284 citmas
915 1231 1121 1293 decem.
1157 1232 1200 1285 si
1227 1231 1525 1300 perdiderit
1552 1234 1865 1287 drachmam
1891 1249 2074 1305 unam,
2102 1248 2279 1292 nonne

686 1322 934 1376 accendit
980 1323 1274 1387 lucernam,
1329 1333 1385 1377 et
1443 1325 1613 1378 verrit
1678 1324 1919 1391 domum,
1978 1326 2277 1395 quaritque

685 1414 970 1484 diligenter
992 1416 1162 1470 donec
1212 1416 1577 1480 inveniat2et
1625 1434 1746 1471 ctnu
1799 1418 2025 1483 invenit,
2080 1434 2279 1473 convo-

682 1517 771 1559 cat
811 1507 1013 1561 amicas
1066 1523 1131 1563 ac
1181 1509 1684 1573 vicinas,dicens:
1748 1510 1991 1565 Gaudete
2041 1526 2273 1575 mecum,

682 1599 806 1666 quia
843 1600 1020 1653 inveni
1075 1600 1386 1655 drachmam
1413 1616 1574 1670 quain
1627 1601 1995 1671 perdideram.
2034 1602 2109 1656 lta
2152 1604 2277 1657 dico

684 1690 857 1754 vobis,
892 1692 1144 1758 gaudium
1178 1692 1281 1745 erit
1327 1708 1511 1747 coram
1565 1694 1772 1762 angelis
1830 1693 1919 1748 Dei
1946 1709 2109 1763 super
2169 1710 2276 1747 uno

684 1795 967 1851 peccatore
1032 1786 1453 1855 resipiscente.»
1530 1786 1791 1841 D.uuinus
1862 1787 2077 1855 quidem
2147 1785 2273 1839 illml

2387 592 2571 663 ὤμους
2604 592 2772 645 αὐτοῦ
2806 595 3046 663 χαίρων.
3082 595 3175 647 καὶ
3206 592 3379 646 ἐλθὼν
3406 594 3485 655 εἰς
3519 593 3609 644 τὺν
3640 586 3790 644 οἷκον
3818 587 3993 641 αὐτοῦ

2387 687 2647 752 συγκαλεῖ
2668 686 2795 747 τοὺς
2820 686 3006 753 φίλους
3037 686 3129 737 καὶ
3153 687 3280 747 τοὺς
3303 685 3552 753 γείτονας
3578 685 3752 751 λέγων
3772 682 3990 741 αὐτοις·

2388 777 2711 847 Συγχάρητέ
2746 794 2858 847 μοι,
2893 777 2975 830 ὅτι
3006 771 3164 847 εὗρον
3196 777 3255 829 τὸ
3289 776 3566 847 πρόϐατόν
3610 791 3713 844 μου
3746 772 3807 825 τὸ
3842 772 3989 825 ἀποο

2382 870 2588 937 λω).ὁς;
2644 854 2804 941 Λέγω
2841 873 3001 940 ὑμῖν,
3044 873 3127 924 ὅτι
3162 871 3308 924 οὕτω
3343 870 3489 941 χαρά
3529 871 3588 922 ὲν
3632 868 3712 937 τῷ
3761 865 3991 938 οὐρα-’ᾦ

2384 963 2539 1027 ἔσται
2572 965 2665 1017 ἐπὶ
2694 965 2775 1017 ἑνὶ
2802 963 3115 1034 ἁμαρτωλῷ
3144 962 3537 1034 μετανοοῦντι,
3564 963 3597 1031 ἢ
3630 962 3726 1014 ἐπὶ
3759 962 3992 1023 ιννενιη-

2383 1053 2707 1106 κοντιεννέα
2735 1053 2990 1117 δικαίοις,
3028 1055 3227 1117 οἵτινες
3261 1054 3321 1106 ού
3355 1053 3545 1122 χρείαν
3581 1052 3763 1122 ἔχουσι
3809 1068 3992 1119 μετα-

2382 1144 2549 1206 νυίας.
2590 1146 2659 1197 Ἦ
2693 1145 2775 1208 τίς
2808 1148 2945 1213 γυνὴ
2988 1144 3238 1215 δραχμὰς
3266 1143 3465 1214 ἔχουσα
3502 1143 3672 1209 δέκα,
3707 1143 3805 1195 ὲάν
3844 1142 3986 1195 ἀπο-

2382 1237 2516 1309 λέσῃ
2544 1236 2794 1307 δραχμὴν
2840 1237 3005 1305 μίαν,
3052 1237 3172 1305 οὐχὶ
3203 1237 3368 1290 ἆπτει
3414 1236 3639 1305 λύχνον,
3684 1234 3779 1288 καὶ
3829 1237 3994 1304 σαροῖ

2382 1327 2482 1393 τὴν
2513 1328 2726 1391 οἰκίαν,
2759 1328 2850 1379 καὶ
2880 1328 3032 1395 ζητεί
3065 1327 3373 1397 ἐπιμελῶς,
3404 1327 3507 1389 ἕως
3532 1328 3657 1380 ὅτου
3690 1325 3863 1395 εὕρῃ,
3893 1325 3992 1378 καὶ

2380 1419 2650 1488 εὑροῦσα.
2705 1421 2970 1487 συγκαλεί
2999 1422 3101 1482 τὰς
3132 1422 3295 1488 φίλας
3336 1421 3429 1473 καὶ
3461 1422 3561 1482 τὰς
3598 1421 3854 1486 γείτονας
3901 1418 3990 1471 λέ-

2381 1527 2595 1577 γουσαο
2645 1510 2969 1581 Συγχάρητέ
3013 1529 3139 1580 μοι,
3189 1513 3273 1565 ὅτι
3323 1505 3485 1581 εὗρον
3542 1512 3642 1581 τὴν
3686 1511 3985 1581 δραχμὴν,

2378 1605 2447 1674 ἢν
2479 1603 2773 1669 ἀπώλεσας
2817 1603 2974 1657 Οὕτω
3018 1604 3163 1673 λέγω
3204 1606 3355 1675 ὑμῖν,
3390 1605 3538 1675 χαρα
3593 1604 3805 1671 γίνεται
3849 1600 3987 1655 ἐνώ-

2382 1712 2506 1747 πιον
2538 1694 2646 1748 τῶν
2670 1695 2923 1763 ἀγγέλων
2950 1694 3044 1748 τοῦ
3072 1694 3208 1748 Θεοῦ
3233 1696 3326 1748 ἐπὶ
3350 1697 3431 1749 ἑνὶ
3458 1693 3774 1765 ἁμαρτωλῷ
3816 1710 3987 1762 μετα-

2380 1787 2608 1841 νοοῦντι.
2654 1786 2716 1839 '0
2750 1787 2851 1856 μὲν
2881 1786 3084 1856 Κύριος
3113 1788 3289 1840 ὲκεῐνο
3346 1787 3525 1840 ἐποίει
3556 1779 3618 1840 οὗ
3651 1786 3845 1839 ἕνεκεν
3887 1787 3986 1838 καὶ

684 1876 937 1941 faciebat,
975 1878 1129 1945 cujus
1182 1881 1353 1946 gratia
1413 1880 1730 1933 incarnatus
1775 1888 1879 1943 est,
1912 1878 2178 1932 accedens
2204 1878 2265 1929 ad

2380 1878 2707 1947 ἐσαρκώθη,
2769 1878 3130 1949 προσιέμενος
3222 1879 3349 1943 τοὺς
3411 1877 3656 1940 τελώνας
3712 1877 3807 1931 καὶ
3856 1876 3988 1940 τοὺς

682 1968 1000 2035 puldicanos
1026 1979 1081 2023 et
1108 1982 1447 2041 peccatores,
1486 1983 1742 2039 tanquam
1782 1970 2027 2024 medicus
2071 1967 2137 2022 ad
2189 1969 2265 2022 in-

2382 1970 2777 2039 ἁμαρτωλοὺς,
2832 1970 2907 2031 ὼς
2963 1969 3148 2039 ἰατρὸς
3200 1971 3329 2033 τοὺς
3380 1969 3787 2034 ἀσθενοῦντας·
3840 1971 3888 2021 οἰ
3929 1969 3987 2020 ἃ

683 2059 889 2115 lirmos.
923 2062 1023 2128 Qui
1062 2072 1243 2116 autem
1285 2078 1471 2125 revera
1520 2073 1839 2131 peccatores
1893 2072 2052 2117 erant
2084 2060 2265 2115 Phari

2376 2064 2696 2135 ἁμαρτωλοὶ
2727 2062 2807 2133 τῷ
2839 2064 2955 2117 δντι
2989 2065 3277 2135 Φαρισαῖοι
3317 2062 3623 2133 γογγυσμῷ
3651 2062 3753 2133 τὴν
3790 2062 3989 2130 φιλον-

678 2154 1375 2216 smi,obmnrmurationem
1422 2166 1585 2211 tanta:
1638 2154 1961 2212 humanitati
2017 2155 2265 2225 repende-

2378 2157 2629 2229 Θρωπίαν
2670 2156 2877 2226 ταύτην
2913 2156 3208 2228 ἠμείϐοντο
3231 2175 3245 2189 θ
3297 2156 3623 2228 βδελυκτοὺς
3668 2155 3779 2224 γὰρ
3814 2152 3985 2225 ἡγού-

681 2249 828 2301 baut.
883 2248 1291 2303 Abominaltiles
1344 2250 1489 2303 enim
1561 2247 1861 2304 cettscbant
1929 2248 2265 2318 publicanos,

2380 2268 2534 2319 μενοι
2561 2250 2688 2314 τοὺς
2718 2249 2979 2313 τελώνας,
3011 2250 3169 2303 αὐτοὶ
3197 2250 3297 2313 τὰς
3321 2251 3500 2313 οἰκίας
3530 2249 3642 2302 τῶν
3666 2247 3858 2319 χηρῶν
3883 2249 3983 2300 καὶ

680 2340 778 2408 ipsi
812 2352 991 2395 autem
1032 2344 1219 2394 domos
1243 2341 1527 2394 viduarum
1559 2350 1612 2395 et
1653 2341 2029 2403 orpltanorum
2089 2354 2265 2394 come-

2374 2342 2483 2396 τῶν
2516 2341 2769 2411 ὀρφανῶν
2814 2340 3131 2410 κατήσθιον.
3169 2341 3234 2394 Τί
3276 2340 3370 2402 οῦν
3405 2344 3432 2394 ὁ
3475 2339 3716 2413 Κύριος;
3761 2340 3982 2408 Ὥσπερ

679 2432 898 2487 debaut.
966 2432 1105 2499 Quid
1150 2432 1312 2501 igitur
1361 2431 1660 2486 Dominus?
1729 2430 1882 2486 Sicut
1959 2431 2265 2487 misericors

2376 2434 2513 2504 πρὸς
2545 2434 2674 2497 τοὺς
2724 2433 2963 2496 τελώνας
3001 2432 3552 2504 δφιλανθρωπεύετο,
3583 2431 3733 2488 οὕτω
3772 2432 3840 2501 δὴ
3884 2431 3982 2483 καὶ

676 2533 946 2595 erati-rga
971 2523 1306 2594 publicanos,
1354 2525 1428 2577 ita
1478 2533 1532 2577 et
1584 2537 1711 2593 erga
1763 2523 1907 2587 illos,
1962 2523 2053 2595 qui
2112 2539 2267 2578 suam

675 2616 1153 2671 ealnnmiabantur
1190 2616 1641 2671 misericordiam.
1682 2615 1802 2670 Non
1853 2614 2000 2670 enim
2045 2630 2267 2671 aversa-

676 2716 767 2761 tur
811 2723 906 2762 eos
962 2716 1217 2779 tanquam
1282 2707 1608 2763 insanabiles
1659 2717 1714 2763 et
1761 2709 2265 2773 obmurmurantes,

674 2799 773 2855 sed
819 2810 1106 2855 mansuete
1163 2810 1340 2865 sanat,
1406 2800 1717 2869 parabolam
1770 2799 1910 2859 hanc
1961 2800 2030 2855 de
2076 2800 2269 2855 ovibus

672 2892 907 2947 dicens:
945 2902 1001 2947 et
1054 2892 1123 2948 de
1165 2891 1468 2947 manifestis
1502 2904 1557 2947 et
1610 2893 1777 2947 certis
1824 2893 1906 2947 eis
1956 2894 2265 2961 persuadet,

672 2993 725 3035 et
755 2981 1003 3037 confutet
1046 2983 1140 3047 ita,
1193 2998 1261 3040 ne
1306 2997 1452 3053 agre
1500 2985 1678 3039 ferant
1738 2992 1943 3038 tantam
2006 2983 2265 3039 bonitatis

673 3074 1019 3133 t-a'usionem.
1046 3072 1182 3129 Nam
1212 3074 1338 3129 siin
1372 3090 1474 3130 ove
1512 3090 1618 3129 una
1678 3074 2003 3137 irrationali.
2032 3090 2151 3144 qua:
2193 3075 2261 3129 ad

674 3168 962 3237 imaginem
998 3167 1089 3223 Dei
1121 3182 1226 3223 non
1259 3165 1528 3235 estfacta,
1564 3168 1607 3223 si
1644 3184 1769 3223 cum
1815 3168 2100 3233 erraverit,
2144 3168 2261 3222 fue-
2286 3202 2333 3265 Ο

671 3257 741 3310 rit
771 3258 1005 3319 inventa
1038 3256 1292 3328 gaudium
1322 3256 1381 3311 iit
1409 3265 1616 3312 tantum
1644 3266 1940 3326 :quantum
1964 3256 2260 3311 verisimile

668 3356 753 3402 est
792 3347 906 3403 ﬁeri
935 3349 986 3401 in
1019 3348 1236 3403 homine
1265 3348 1509 3409 ratiOnali
1539 3348 1607 3403 ad
1649 3348 1940 3419 imaginem
1990 3349 2082 3402 Dei
2129 3364 2265 3403 con-

669 3441 825 3495 dite?
853 3441 1137 3503 Manifeste
1162 3442 1324 3511 igitur
1354 3441 1606 3509 parabola
1632 3442 1745 3495 haec
1785 3440 1966 3509 justus
1989 3441 2121 3495 dicit
2167 3457 2263 3509 per

667 3550 796 3589 oves
840 3535 1133 3609 nonaginta
1177 3550 1412 3600 novem;
1448 3543 1503 3599 et
1536 3550 1632 3605 per
1682 3550 1863 3598 unam,
1917 3544 2258 3605 pcccatorem

671 3627 762 3695 qui
796 3629 1054 3696 perierat.
1090 3628 1283 3681 Dicunt
1324 3638 1507 3680 autem
1561 3627 1804 3685 nonnulli
1856 3638 2073 3682 centum
2132 3641 2262 3680 oves

664 3734 884 3774 omnem
912 3728 1221 3774 creaturam
1254 3720 1567 3775 rationalem
1596 3736 1609 3774 :
1642 3736 1804 3774 uuam
1854 3730 2035 3775 autem
2079 3733 2258 3782 ovem,

667 3812 952 3866 rationalis
984 3821 1193 3868 natura:
1228 3812 1527 3879 hominem,
1553 3828 1715 3879 quam
1746 3820 2017 3865 errantem
2073 3811 2259 3880 rcqui-

668 3905 794 3958 sivit
828 3904 1019 3958 Pastor
1055 3908 1256 3978 bonus,
1281 3904 1485 3959 relictis
1518 3904 1813 3974 nonaginta
1865 3918 2057 3959 novem
2090 3904 2141 3956 in
2170 3918 2261 3958 so-

669 3997 917 4062 litudine,
954 3997 1057 4051 hoc
1085 4008 1189 4064 est,
1227 4003 1277 4051 in
1302 4012 1541 4066 superno
1573 3997 1692 4052 loco
1730 3996 1959 4053 cmlesti.
2010 3996 2260 4051 Solitndo

664 4091 809 4143 enim
838 4100 923 4144 est
953 4094 1173 4156 caelum,
1206 4104 1235 4143 a
1260 4092 1537 4143 mundano
1571 4090 1800 4143 tumultu
1826 4098 2257 4160 sequestratum,

667 4192 721 4236 et
760 4183 977 4251 plenum
1026 4188 1170 4242 omni
1220 4183 1614 4252 tranquillitate
1663 4197 1729 4236 ac
1782 4198 1934 4251 pace.
1998 4183 2258 4236 Dominus

669 4291 798 4327 vero
830 4286 884 4328 ut
924 4275 1129 4328 invenit
1168 4276 1317 4328 illam
1365 4290 1485 4345 qua
1536 4283 1835 4344 erraverat,
1890 4275 2146 4343 imposuit
2206 4278 2256 4327 in

669 4372 947 4425 humeros.
981 4368 1334 4423 infirmitates
1364 4369 1507 4421 enim
1540 4377 1757 4423 nostras
1784 4376 1838 4421 et
1874 4374 2094 4433 peccata
2126 4381 2255 4419 nos-

667 4476 746 4514 tra
780 4460 947 4533 ωᾶ,
972 4463 1082 4530 ipse
1107 4464 1359 4532 portavit,
1398 4472 1449 4515 et
1482 4460 1661 4514 omnia
1696 4475 1862 4513 onera
1913 4469 2097 4517 nostra
2149 4474 2254 4512 non

664 4561 928 4621 gravatim
977 4555 1090 4624 ipse
1161 4556 1423 4621 suscepit,
1481 4554 1769 4623 persolutis
1836 4554 2087 4607 omnibus
2132 4568 2253 4622 quae

662 4649 1014 4712 debebamus,
1045 4656 1099 4699 et
1138 4663 1236 4699 nos
1276 4658 1467 4715 sponte
1495 4662 1559 4698 ac
1602 4647 1831 4700 libenter
1872 4646 2105 4713 portavit
2160 4660 2255 4699 ns-

666 4757 771 4803 que
811 4741 860 4793 in
893 4742 1115 4796 domum
1144 4757 1322 4800 suam,
1358 4740 1457 4793 hoc
1489 4749 1591 4803 est,
1635 4741 1688 4792 in
1732 4741 1953 4793 calum.
1978 4742 2255 4795 Convocat

666 4833 871 4884 amit-os
898 4844 949 4884 ct
984 4833 1211 4891 vicinos,
1265 4831 1513 4885 fortassis
1562 4832 1804 4901 angelos,
1838 4848 1974 4899 quos
2022 4844 2075 4885 et
2128 4850 2255 4889 oves

661 4926 899 4979 diximus
931 4940 1051 4983 esse
1082 4924 1233 4993 juxta
1268 4924 1429 4976 aliam
1464 4934 1517 4979 et
1538 4925 1699 4983 aliam
1748 4924 2092 4979 relationem.
2121 4924 2253 4981 Nam

662 5020 959 5073 secundum
992 5021 1133 5087 quod
1183 5019 1361 5072 omnis
1402 5027 1652 5072 creatura
1702 5020 1920 5072 condita
1966 5022 2031 5073 ad
2087 5022 2251 5074 Deum

660 5111 958 5176 confertur,
997 5114 1221 5179 pecuina
1250 5123 1330 5167 cst
1364 5126 1417 5167 ct
1472 5114 1646 5177 bruta,
1700 5125 1752 5167 et
1801 5116 2099 5169 secundum
2154 5116 2255 5170 hoc

659 5202 1011 5271 dicuntur(a)
1040 5204 1200 5263 etiam
1224 5220 1469 5270 superum
1492 5206 1717 5259 virtutes
1738 5220 1897 5270 oves;
1926 5206 2253 5275 iuquattlltnt

660 5307 789 5343 vero
824 5292 1141 5355 rationales,
1178 5294 1228 5345 id
1282 5305 1367 5352 εει
1416 5298 1834 5361 intellectuales,
1882 5309 1935 5351 et
1989 5310 2257 5369 quatenus

662 5386 781 5437 aliis
867 5403 1137 5441 Cl‘cnlitlS
1218 5390 1505 5444 viciniores
1574 5392 1857 5456 videntur,
1944 5393 2247 5447 secunlnm

660 5476 760 5531 lroc
788 5477 947 5530 amici
993 5488 1048 5532 et
1098 5480 1258 5534 \‘itilli
1325 5481 1547 5552 intelligi
1607 5495 1832 5552 possunt
1885 5486 2249 5554 angelicarum

2373 2526 2511 2596 πρὸς
2544 2525 2770 2589 τούτους
2808 2526 3010 2589 αὐτοὺς
3039 2528 3164 2589 τοὺς
3190 2525 3289 2594 τὴν
3315 2524 3738 2596 φιλανθρωπίαν
3770 2523 3981 2592 ταύτην

2370 2618 2793 2683 διαϐάλλοντας’
2848 2619 2908 2671 οὐ
2974 2620 3083 2689 γὰρ
3147 2617 3557 2687 ἀποστρέφεται
3616 2616 3843 2678 τούτους
3899 2615 3983 2676 ὼς

2371 2714 2623 2773 ἀνιάτους
2653 2711 2730 2779 (5i
2766 2710 2858 2765 καὶ
2888 2712 3222 2779 γογγυστάς,
3252 2710 3392 2764 ἀλλά
3424 2710 3647 2781 πραέως
3676 2706 3981 2780 Θεραπεύεε

2372 2803 2688 2875 παραϐολὴν
2738 2803 2925 2866 αὐτοῖς
2973 2803 3150 2871 λέγων
3205 2803 3307 2870 τὴν
3352 2800 3461 2855 τῶν
3506 2800 3837 2872 προϐάτων,
3880 2799 3981 2852 καὶ

2369 2897 2479 2951 ἀπὸ
2519 2896 2628 2949 τῶν
2672 2895 2930 2967 ἐναργῶν
2965 2897 3059 2949 καὶ
3090 2894 3342 2967 φανερῶν
3374 2894 3582 2948 πείθων
3614 2892 3846 2959 αὐτοὺς,
3879 2893 3981 2945 καὶ

2369 2990 2743 3059 ἐπιστομίζων
2792 2989 2867 3059 μὴ
2901 2989 3281 3059 δυσχεραίνειν
3326 2989 3419 3042 ἐπὶ
3466 2987 3545 3058 τῷ
3580 2986 3825 3056 τοσούτῳ
3870 2987 3978 3055 τῆς

2369 3084 2708 3155 ἀγαθότητος
2726 3082 2958 3153 κύματι.
2988 3082 3183 3139 Καίτοι
3199 3083 3247 3135 εἰ
3264 3083 3357 3135 ἐπὶ
3381 3081 3642 3153 προϐάτῳ
3662 3080 3743 3133 ἐνὶ
3766 3079 3977 3149 ἀλόγῳ,

2367 3177 2463 3229 καὶ
2500 3175 2577 3247 μὴ
2607 3175 2731 3228 κατ’
2762 3174 2950 3229 εἰκόνα
2990 3173 3126 3227 Θεοῦ
3167 3172 3523 3244 γεγενημένῳ
3553 3171 3791 3237 τοσαύτη
3826 3172 3982 3240 χαρὰ

2366 3269 2577 3339 γίνεται
2610 3266 2893 3336 εὑρεθέντι
2927 3268 3068 3337 μετά
3098 3265 3159 3319 τὸ
3193 3266 3566 3335 πλανηθῆναι,
3599 3264 3775 3332 πόσην
3821 3262 3980 3328 εἰκὸς

2368 3360 2618 3429 γίνεσθαι
2650 3361 2743 3413 ἐπὶ
2780 3359 3054 3431 ἀνθρώπῳ
3082 3359 3288 3430 λογικῷ
3326 3359 3446 3413 κατ’
3477 3358 3665 3411 εἰκόνα
3704 3354 3842 3408 Θεοῦ
3877 3357 3977 3409 δε-

2367 3453 2872 3523 δημιουργημένῳ;
2931 3452 3226 3521 Προδήλως
3285 3452 3383 3522 μὲν
3434 3446 3529 3504 οὖν
3584 3452 3619 3518 η
3680 3446 3977 3518 παραϐολὴ

2366 3546 2492 3608 τοὺς
2520 3544 2765 3606 δικαίους
2814 3544 2952 3613 φησὶ
2983 3543 3239 3611 πρόϐατα
3271 3541 3795 3614 ὲννενηκονταεννέα
3815 3581 3831 3604 ,
3875 3540 3979 3590 καὶ

2365 3639 2424 3691 ἓν
2469 3638 2561 3691 τὸν
2601 3636 2905 3690 ἐκπεσόντα
2926 3636 3283 3707 ἀμαρτωλόν.
3320 3634 3461 3689 Φασὶ
3494 3634 3551 3687 δέ
3593 3651 3737 3695 τινες
3769 3630 3978 3685 ἑκατὸν

2369 3730 2467 3800 μὲν
2503 3728 2752 3800 πρόϐατα
2787 3730 2970 3784 πᾶσαν
3010 3730 3109 3800 τὴν
3140 3729 3367 3798 λογικὴν
3407 3728 3608 3791 κτίσιν,
3646 3725 3704 3778 ἒν
3744 3724 3802 3777 δὲ
3840 3726 3978 3795 πρά·

2370 3824 2534 3877 ϐατον
2563 3823 2660 3892 τῆς
2698 3824 2925 3893 λογικῆς
2965 3824 3185 3893 φύσεως
3224 3823 3317 3875 τὸν
3350 3821 3660 3891 ἄνθρωπον,
3701 3818 3730 3872 δ
3766 3817 3981 3886 πλανη-

2370 3915 2463 3968 θὲν
2494 3913 2831 3985 ἀνεζήτησεν
2866 3915 2895 3966 ὁ
2930 3916 3139 3985 ποιμὴν
3170 3916 3199 3967 ὀ
3232 3912 3418 3975 καλὸς,
3456 3912 3616 3980 ἀφεὶς
3644 3910 3711 3963 τὰ
3749 3911 3980 3977 tvvs-rt;-

2368 4009 2694 4068 κονταεννέα
2753 4009 2811 4060 ὲν
2854 4010 2921 4078 τῇ
2997 4009 3223 4079 ἐρήμῳ,
3276 4006 3592 4068 τουτέστιν,
3636 4005 3695 4056 ἐν
3740 4002 3821 4071 τῷ
3861 4002 3981 4056 ἂνω

2364 4103 2515 4173 τόπῳ
2544 4100 2622 4170 τῷ
2652 4101 2913 4172 οὐρανίῳ.
2965 4100 3215 4173 Ἔρημος
3254 4101 3363 4171 γὰρ
3407 4098 3733 4169 πολυοχλίας
3772 4113 3978 4165 κοσμι-

2364 4194 2470 4264 κῆς
2523 4194 2918 4264 ἀπῳκισμένος
2951 4195 2980 4248 ὁ
3024 4193 3294 4265 οὐρανὸς,
3334 4195 3432 4246 καὶ
3497 4193 3677 4259 πάσης
3724 4190 3977 4260 γαλήνης

2364 4288 2460 4341 καὶ
2514 4288 2743 4358 εἰρήνης
2809 4287 3268 4358 μεμεστωμένος.
3334 4285 3525 4358 Εύρὼν
3579 4286 3636 4336 δὲ
3684 4285 3713 4336 ὀ
3765 4283 3972 4354 Κύριος

2364 4379 2525 4433 τοῦτο
2551 4381 2613 4431 τὸ
2639 4379 2939 4449 πλανηθὶν,
2968 4379 3242 4450 ἐπέθηκεν
3266 4380 3361 4432 ἐπὶ
3393 4378 3519 4441 τοὺς
3550 4376 3738 4447 ὤμους
3773 4373 3969 4427 αὑτοῦ.

2291 4493 2340 4551 ο
2366 4472 2479 4535 Τάς
2515 4474 2623 4543 γὰρ
2660 4472 2946 4536 ἀσθενείας
2989 4474 3151 4545 ἡμῶν
3175 4514 3190 4537 ,
3223 4474 3322 4527 καὶ
3348 4473 3450 4535 τὰς
3485 4471 3762 4541 ἁμαρτίας
3803 4468 3973 4531 αὐτὸς

2366 4567 2668 4631 ἐϐάστασε,
2712 4569 2804 4619 καὶ
2852 4567 3033 4621 πάντα
3073 4567 3145 4620 τὰ
3176 4567 3318 4640 βάρη
3346 4566 3505 4638 ἡμῶν
3544 4564 3710 4627 αὐτὸς
3744 4562 3973 4633 ἁϐαρῶς

2366 4659 2690 4723 ἀνεδέξατο·
2734 4661 2913 4713 πάντα
2953 4662 3053 4713 ὅσα
3098 4659 3549 4731 ὲχρεωστοῦμεν,
3592 4660 3757 4718 αὐτὸς
3832 4658 3971 4709 ἀπο-

2367 4751 2602 4821 φλήσας,
2658 4757 2753 4805 καὶ
2784 4755 2934 4823 ἡμᾶς
2988 4754 3191 4824 ῥᾳδίως
3225 4754 3321 4806 καὶ
3347 4752 3561 4821 ἀπόνως
3607 4750 3787 4812 σώσας
3840 4750 3971 4819 ἄχρι

2366 4843 2461 4894 καὶ
2512 4842 2605 4894 τοῦ
2642 4842 2795 4897 οἴκου
2845 4845 3043 4909 αὑτοῦ,
3090 4847 3372 4912 τουτέστι,
3419 4843 3515 4897 τοῦ
3552 4840 3830 4913 οὐρανῶν
3875 4842 3972 4893 χαί

2364 4936 2627 5002 συγκαλεί
2666 4938 2793 5000 τοὺς
2875 4938 3063 5005 φίλους
3131 4942 3227 4993 καὶ
3285 4941 3414 5001 τοὺς
3474 4941 3761 5006 γείτονας,
3827 4938 3969 5007 τάχα

2360 5028 2486 5091 τοὺς
2515 5030 2805 5097 ἀγγέλνυς,
2837 5031 2930 5094 οὓς
2962 5032 3055 5085 καὶ
3086 5034 3338 5102 πρόϐατα
3366 5028 3507 5086 εἶναι
3535 5032 3967 5101 ἀποδεδώκαμεν

2361 5124 2483 5173 κατ’
2520 5124 2688 5196 ἄλλην
2744 5125 2839 5177 καὶ
2889 5126 3058 5194 ἄλλην
3111 5127 3393 5197 ἐπιϐολήν.
3441 5127 3580 5179 Καθ’
3627 5127 3655 5178 ὃ
3714 5126 3820 5195 μὲν
3859 5126 3965 5195 γὰρ

2362 5219 2512 5269 πᾶσα
2558 5222 2751 5289 κτιστὴ
2797 5220 2959 5287 φύσις
3016 5220 3091 5283 ὼς
3126 5223 3265 5291 πρὸς
3307 5222 3439 5274 Θεὸν
3476 5220 3763 5290 κτηνώδης
3806 5222 3961 5278 ἐστὶ,

2360 5312 2497 5363 κατὰ
2542 5313 2700 5364 τοῦτο
2748 5314 2998 5383 πρόϐατα
3047 5306 3297 5368 καλοῖντο
3339 5315 3405 5369 ἂν
3436 5316 3490 5367 αἱ
3533 5316 3646 5368 ἄνω
3674 5315 3958 5383 δυνάμεις.

2363 5403 2514 5455 Καθὸ
2541 5404 2596 5457 δὲ
2621 5405 2859 5473 λογικαὶ,
2894 5408 3063 5479 ἤγουν
3086 5410 3269 5479 νοεραὶ
3306 5411 3401 5462 καὶ
3425 5408 3823 5478 πλησιέστεραι
3858 5406 3959 5459 τῶν

2361 5495 2535 5548 ἄλλων
2578 5499 2895 5567 κτισμάτων
2933 5501 3232 5567 δοκοῦσαι,
3285 5503 3429 5556 κατά
3477 5500 3638 5554 τοῦτο
3680 5501 3828 5570 φίλοι
3867 5497 3956 5551 καί

1624 5626 1709 5684 Ex
1744 5624 2090 5687 collatione
2125 5628 2312 5689 codd.
2350 5633 2578 5696 Venet.
2614 5638 2673 5697 S.
2714 5640 2933 5700 Marci.

729 5742 803 5799 δῖ»)
844 5741 980 5796 Cod.
1010 5742 1103 5806 ‘20,
1153 5744 1461 5812 ’Λνοήτους,
1506 5770 1521 5799 ε
1565 5750 1859 5805 dementes.
1906 5771 1921 5800 ι

721 5861 846 5937 μηνὶ
870 5864 948 5918 iit.
984 5864 1101 5919 Ιιιιί.
1140 5880 1191 5919 Itt
1228 5867 1270 5919 si
1302 5868 1368 5919 uti
1400 5870 1533 5921 Illi/tt
1581 5882 1851 5924 t't't‘ultlt'ns
1888 5877 2232 5942 run/utuntur
2276 5878 2580 5941 ration/tisi,
2619 5881 2889 5947 dicuntur,
2924 5893 3030 5935 αι’.
