4228 6428
219 420 337 486 969

910 426 1359 491 ENARRATIO
1394 428 1473 491 IN
1519 426 2024 491 EVANGELIUM
2059 434 2297 494 LUCJ‘J.
2337 459 2403 468 —-
2440 434 2600 492 CAP.
2641 431 2761 495 XV.

3419 434 3528 499 950

219 537 468 605 γείτονες
497 539 545 592 οἱ
576 538 686 592 τῶν
714 540 1025 608 ἀγγελικῶν
1051 541 1339 612 δυνάμεων
1363 543 1517 613 χοροὶ
1553 541 1820 610 νοηθεῖεν.

1942 542 2168 596 irtutum
2201 542 2376 597 chori.
2416 539 2476 595 Et
2515 558 2610 612 per
2653 542 2940 597 muliercm
2987 542 3260 610 intelligas
3309 545 3528 613 sapien-

223 630 338 684 Kai.
374 632 612 698 γυναῖκα
661 631 720 684 δέ
760 631 1020 703 νοήσαις,
1057 634 1155 702 τὴν
1199 634 1413 704 σοφίαν,
1447 635 1543 688 κα.)⁸
1587 634 1818 702 δύναμιν

224 723 321 778 τοῦ
355 723 492 778 Θεοῦ
537 725 632 778 καὶ
684 724 899 796 Πατρδς
931 727 1027 780 τδν
1065 728 1232 781 αὑτοῦ
1273 729 1422 790 Υίδν,
1459 728 1518 790 δς
1564 726 1816 781 ἀπώλεσε

225 817 361 888 ⁸ιιίιιν
397 817 649 888 δραχμὴν
707 819 773 873 ἐκ
824 819 934 873 τῶν
985 821 1253 888 λογικῶν,
1310 822 1407 874 καὶ
1459 821 1581 893 κατ’
1632 823 1819 876 είκόνα

222 908 396 964 .ιύτοῦ
449 909 783 965 κτισθὲν-των
837 912 1157 981 κτισμάτων
1206 911 1299 965 τὸν
1348 913 1675 984 ἄνθρωπον,
1723 915 1818 967 καὶ

222 1002 391 1058 ἅπτει
416 1001 610 1074 λύχνον
629 1045 644 1068 ,
678 1003 777 1075 τὴν
803 1004 999 1056 ἐαυτοῦ
1037 1005 1239 1075 σάρκα.
1276 1006 1490 1076 Ὥσπερ
1525 1008 1634 1076 γάρ
1664 1009 1692 1060 6
1721 1007 1818 1060 λύ-

218 1110 350 1164 χνος
403 1095 469 1146 ἐκ
519 1092 627 1162 τῆς
663 1091 742 1147 ὢν
773 1093 841 1146 τά
889 1096 1252 1164 ἐσκοτισμένα
1305 1097 1531 1165 φωτίζει
1586 1096 1674 1150 διὰ
1725 1097 1818 1150 τοῦ

213 1185 424 1253 φωτὸς,
454 1179 515 1240 οὗ
545 1185 783 1256 δέχεται,
813 1185 959 1240 οὕτω
983 1188 1132 1259 καὶὴ
1161 1188 1300 1260 σὰρξ
1327 1187 1419 1241 τοῦ
1453 1187 1662 1259 Κυρίου
1689 1188 1820 1259 γήϊο

217 1291 316 1338 νος
351 1272 486 1330 οὖσα
509 1317 524 1343 ,
574 1278 673 1331 καὶ
722 1279 885 1348 ὁμοία
908 1281 1064 1350 ἡμῖν,
1104 1279 1184 1349 τῷ
1213 1281 1356 1348 φωτὶ
1395 1282 1493 1350 τῆς
1531 1279 1817 1351 θεότητος,

214 1366 318 1438 ὑφ’
347 1363 416 1442 ἧς
444 1370 803 1442 προσελήφθη
823 1413 839 1435 ,
879 1371 1044 1442 ἔφανε
1068 1389 1081 1402 ·
1111 1373 1208 1426 καὶ
1241 1375 1348 1444 μὴν
1378 1374 1631 1446 ἐσαρώθη
1666 1376 1763 1428 καὶ
1792 1375 1822 1428 6

215 1458 406 1527 οἶκος,
455 1464 772 1528 τουτέστιν,
819 1463 965 1528 ἅπας
1010 1467 1038 1518 6
1092 1467 1297 1535 κόσμος
1326 1467 1688 1537 άπεκαθάρθη
1722 1466 1821 1537 τῆς

219 1553 523 1625 ἁμαρτίας.
583 1556 824 1625 Χριστὸς
866 1557 975 1628 γάρ
1017 1551 1087 1628 ἦν
1126 1558 1155 1610 6
1200 1557 1375 1631 αἴρων
1409 1560 1509 1627 τὴν
1541 1559 1822 1631 ἁμαρτίαν

215 1646 319 1702 τοῦ
369 1647 598 1718 κόσμου.
656 1649 769 1702 Καὶ
801 1648 864 1718 δὴ
900 1648 1101 1720 εὑρέθη
1132 1650 1166 1720 ἡ
1196 1650 1437 1721 δραχμὴ,
1491 1651 1524 1721 ὴ
1564 1651 1821 1724 βασιλικὴ

217 1739 410 1803 είκὼν,
446 1741 542 1795 καὶ
565 1741 712 1813 χαρά
733 1740 946 1809 γίνεται
976 1741 1128 1812 αὐτῷ
1150 1759 1208 1794 τε
1227 1742 1305 1814 τῷ
1327 1744 1545 1814 εὑρόντι
1574 1744 1819 1815 Χριστῷ,

219 1835 320 1888 καὶ
357 1835 481 1898 ταῖς
514 1836 628 1890 ἄνω
659 1835 984 1906 δυνάμεσιν,
1021 1834 1078 1889 αἱ
1121 1835 1275 1903 φίλαι
1305 1836 1456 1901 αὐτῷ
1504 1837 1600 1890 καὶ
1643 1837 1824 1906 γείτο-

218 1926 316 1991 νές
365 1928 508 1980 είσι·
541 1927 695 1995 φίλαι
731 1928 830 1998 μὶν
867 1928 945 1991 ὡς
975 1927 1039 1981 τὸ
1069 1927 1289 1999 θέλημα
1322 1928 1494 1982 αὐτοῦ
1547 1930 1821 1996 ποιοῦσαι,

219 2022 469 2090 γείτονες
511 2021 570 2078 δὲ
616 2021 693 2084 ὡς
724 2021 1033 2094 ἀσώματοι.
1087 2021 1247 2093 Ζητῶ
1291 2023 1348 2076 δέ
1397 2024 1471 2095 μή
1506 2040 1639 2079 me:
1672 2025 1824 2094 φίλαι

225 2114 331 2183 μιν
371 2114 538 2167 αὐτοῦ
576 2117 684 2167 εἱσι
718 2115 892 2169 πᾶσαι
930 2115 986 2168 αί
1016 2115 1132 2170 ἄνω
1167 2114 1450 2184 δυνάμεις,
1495 2116 1738 2184 γείτονες
1766 2117 1825 2171 δέ

217 2205 280 2258 αί
305 2203 720 2275 πλησιέστεραι,
747 2200 860 2260 οἷον
899 2205 1118 2276 Θρόνοι,
1145 2206 1485 2278 Χερσυδεὶμ,
1511 2207 1822 2280 Σεραφείμ.

223 2299 370 2369 ὀρα
395 2299 506 2370 γάρ
532 2299 632 2370 τὴν
666 2299 835 2368 λέξιν.
871 2318 890 2352 ι
930 2300 1043 2354 Καὶ
1081 2299 1348 2367 συγκαλεῖ
1387 2301 1488 2365 τὰς
1523 2301 1686 2371 φίλας
1733 2302 1825 2356 καὶ

215 2389 322 2453 τὰς
352 2391 622 2459 γείτονας·
651 2411 669 2443 ι
696 2390 842 2445 ἔοικε
855 2391 965 2462 γάρ
997 2391 1092 2446 δύο
1119 2393 1244 2446 τινὰ
1278 2393 1421 2465 μέρη
1456 2393 1824 2465 παραδηλοῦν,

217 2485 272 2538 εί
304 2485 399 2538 καὶ
429 2487 855 2558 περιεργότερον
887 2487 1051 2553 δόξει.

301 2597 320 2630 ι
349 2577 483 2634 Εῐπε
515 2581 594 2634 δέ·
623 2580 1037 2654 ’Λνθρωπόςτις
1072 2579 1188 2654 εἶχε
1217 2582 1312 2637 δύο
1340 2583 1514 2647 υἱοὺς,
1545 2585 1638 2636 και
1668 2578 1826 2636 εἶπεν

217 2675 248 2725 6
283 2671 550 2746 νεώτερος
577 2675 757 2729 αὐτῶν
781 2677 860 2746 τῷ
889 2677 1100 2748 πατρί·
1137 2677 1343 2748 Πάτερ,
1373 2677 1462 2742 δός
1497 2696 1588 2750 μοι
1618 2678 1678 2731 τὸ
1705 2680 1826 2732 ἐπι-

217 2763 421 2820 ϐάλλον
481 2770 648 2839 μέρος
685 2771 786 2840 τῆς
833 2771 1065 2837 οὐσίας’
1118 2773 1215 2828 καὶ
1253 2771 1453 2827 διεῖλεν
1507 2774 1696 2838 αὐτοῖς
1734 2773 1827 2827 τὸν

223 2859 364 2930 βίον.
391 2862 499 2915 Καὶ
529 2862 648 2934 μετ’
670 2864 730 2917 οὐ
763 2863 966 2930 πολλὰς
996 2864 1214 2938 ἡμέρας
1242 2865 1575 2936 συναγαγὼν
1605 2867 1827 2922 ᾶπαντα

216 2953 252 3005 6
272 2952 542 3024 νεώτερος
575 2955 713 3022 υίὸς,
740 2955 1102 3030 ἀπεδήμησεν
1127 2960 1212 3023 είς
1239 2958 1428 3032 χώραν
1455 2960 1699 3031 μακρὰν,
1733 2961 1827 3014 καὶ

222 3047 348 3099 ἐκεῖ
395 3047 748 3121 διεσκόρπισε
796 3051 900 3120 τὴν
951 3051 1146 3107 οὐσίαν
1190 3052 1360 3108 αὐτοῦ
1409 3053 1520 3118 ζῶν
1555 3052 1822 3119 ἀσώτωςο

218 3140 638 3211 δαπανήσαντος
661 3143 718 3198 δέ
744 3144 912 3198 αὐτοῦ
939 3147 1141 3211 πάντα,
1170 3147 1391 3216 ἐγένετο
1416 3148 1574 3218 λιμὸς
1606 3148 1828 3220 ίσχυρδς

224 3233 372 3288 κατά
410 3235 510 3304 τὴν
546 3234 733 3306 χώραν
781 3237 1021 3310 ἐκείνην,
1065 3238 1165 3293 καὶ
1205 3239 1369 3304 αὐτὸς
1423 3239 1630 3313 ἤρξατο
1671 3242 1829 3296 ὐστε-
1858 3272 1906 3336 C

228 3326 474 3394 ρεῖσθαι,
516 3328 610 3381 καὶ
664 3332 956 3403 πορευθεὶς
997 3334 1268 3407 ἐκολλήθη
1310 3335 1392 3389 ἐνὶ
1437 3336 1549 3390 τῶν
1593 3337 1830 3391 πολιτῶν

223 3421 326 3491 τῆς
378 3421 562 3492 χώρας
603 3425 868 3496 ἐκείνης’
908 3429 1005 3480 καὶ
1055 3426 1305 3501 ἔπεμψεν
1357 3431 1524 3484 αὐτὸν
1575 3431 1654 3495 είς
1705 3434 1832 3496 τοὺς

226 3512 436 3581 ἀγροὺς
475 3515 644 3568 αὐτοῦ
688 3516 906 3586 βόσκειν
947 3517 1195 3591 χοίρους,
1242 3522 1338 3574 καὶ
1368 3522 1636 3594 ἐπεθύμει
1675 3523 1834 3594 γεμί⁴

229 3623 325 3661 σαι
367 3607 470 3678 τὴν
502 3609 710 3662 κοιλίαν
749 3611 918 3666 αὐτοῦ
971 3616 1034 3666 ἐκ
1066 3613 1178 3667 τῶν
1217 3615 1492 3685 κερατίων
1535 3609 1611 3670 ὧν
1641 3615 1833 3688 ἢσθιον

223 3701 280 3755 οἱ
299 3704 494 3772 χοῖροι,
523 3703 620 3756 καὶ
637 3703 812 3768 οὐδεὶς
839 3705 1011 3760 ἐδίδου
1041 3706 1214 3779 αὐτῷ.
1247 3728 1265 3761 ι
1300 3711 1412 3764 Καὶ
1434 3708 1575 3780 αὕτη
1601 3712 1631 3780 ὴ
1654 3723 1834 3781 παρα-

225 3795 362 3866 ϐολὴ
383 3796 544 3866 ὁμοία
570 3801 694 3861 ταῖς
727 3799 1133 3870 προλασοὼςαις
1157 3804 1309 3858 ἐστίν
1326 3822 1338 3836 ⁸
1365 3805 1578 3874 είσάγει
1603 3805 1714 3877 γάρ
1738 3807 1834 3860 καὶ

226 3888 370 3962 αὕτη
388 3891 678 3963 ἄνθρωπον
711 3893 832 3965 μὲν,
866 3895 962 3947 τὸν
997 3896 1162 3962 Θεὸν,
1197 3897 1292 3950 τὸν
1322 3897 1494 3962 ὅντως
1522 3899 1835 3971 φιλάνθρω-

228 4004 352 4039 πον·
385 3987 535 4052 nisi);
568 3988 686 4054 δύο,
719 3989 785 4043 τά
821 3989 916 4043 δύο
950 3991 1210 4061 τάγματα
1239 3992 1349 4046 τῶν
1391 3993 1724 4066 ἀνθρώπων,
1754 3995 1834 4048 δι-

227 4080 424 4145 καίους
467 4083 611 4157 φημὶ
650 4083 746 4137 καὶ
777 4084 1162 4155 ἁμαρτωλούς.
1204 4081 1339 4140 Eine
1366 4087 1423 4140 δέ
1462 4088 1490 4140 6
1524 4088 1794 4158 νεώτερος
1817 4105 1832 4121 ⁸

231 4175 332 4238 Δός
364 4193 454 4245 μοι
486 4177 547 4229 τὸ
595 4176 891 4231 ἐπιϐάλλον
933 4177 1099 4250 μέρος
1135 4179 1234 4248 τῆς
1269 4181 1484 4244 οὐσίας.
1527 4181 1590 4234 Ἦ
1619 4182 1830 4235 δικαιο-

231 4264 369 4336 σύνη
410 4265 509 4336 μέν
544 4267 775 4338 άρχαϊον
821 4271 1010 4340 κτῆμα
1044 4270 1144 4340 τῆς
1192 4272 1545 4343 ἀνθρωπίνης
1596 4273 1835 4340 φύσεως,

227 4358 313 4412 διὸ
362 4362 457 4413 καὶ
504 4362 532 4412 6
590 4360 964 4434 πρεσϐύτερος
1010 4364 1124 4426 υίὸς
1178 4364 1278 4416 οὐκ
1314 4366 1660 4437 ἀποσκιρτᾷ·
1699 4367 1730 4435 ἡ
1778 4366 1837 4419 δέ

230 4454 482 4524 ἁμαρτία
515 4455 872 4526 ὐστερογενές
894 4457 1088 4522 κακὸν,
1123 4457 1204 4512 διὸ
1234 4461 1329 4513 καὶ
1351 4461 1378 4512 6
1409 4462 1677 4532 νεώτερος
1703 4462 1839 4514 ἀπο-

231 4547 454 4616 σκιρτᾷ,
488 4547 516 4598 6
545 4549 611 4617 τῇ
676 4548 927 4620 ἁμαρτίᾳ.
972 4547 1178 4620 δηλαδὴ
1219 4553 1285 4622 τῇ
1355 4550 1586 4623 ὕστερον
1649 4555 1838 4608 ἐπείτ-

1907 633 2036 687 tiam
2069 645 2122 689 et
2164 635 2419 689 virtutem
2469 634 2562 689 Dei
2598 643 2652 688 ct
2693 633 2892 701 Patris,
2948 633 3138 689 Iesum
3184 635 3388 704 ipsmn,
3429 639 3524 704 qui

1905 731 2143 801 perdidit
2187 747 2355 788 unam
2415 732 2763 798 drachmam,
2819 748 2885 786 ex
2939 731 3304 786 rationalibus
3349 740 3404 784 et
3460 732 3526 782 ad

1905 825 2198 897 imaginem
2226 826 2316 881 Dei
2337 826 2920 891 conditisereaturam,
2950 827 3251 890 hominem,
3279 826 3530 895 inquam,

1905 926 1962 974 et
2019 918 2272 975 accendit
2322 919 2632 985 lucernam,
2689 935 2846 975 suam
2891 936 3140 975 carnem.
3176 920 3336 974 Sicut
3381 919 3530 973 enim

1908 1011 2155 1079 lucerna,
2187 1013 2444 1084 quamvis
2492 1014 2566 1070 sit
2597 1030 2662 1068 ex
2691 1024 2856 1078 terra,
2912 1015 3187 1068 illuminat
3239 1014 3531 1068 tenebrosa

1923 1114 2022 1171 per
2058 1098 2237 1154 lucem
2275 1115 2440 1168 quam
2465 1100 2689 1170 recipit;
2725 1097 2800 1152 ita
2830 1106 2884 1151 et
2925 1111 3058 1151 caro
3097 1094 3315 1148 Domini
3349 1134 3365 1159 ,
3399 1092 3529 1146 licet

1925 1197 2141 1248 terrena
2183 1203 2350 1258 esset,
2391 1193 2701 1264 similisque
2757 1191 2937 1255 nobis,
2998 1189 3204 1242 lumine
3249 1185 3472 1241 deitatis
3503 1201 3531 1236 a

1923 1299 2028 1354 qua
2061 1295 2336 1356 assumpta
2373 1294 2478 1351 est,
2523 1285 2704 1341 lumen
2734 1283 3002 1342 exhibuit.
3028 1280 3169 1348 Quin
3203 1279 3370 1335 etiam
3406 1293 3532 1332 sco-

1925 1377 2008 1445 pis
2042 1378 2300 1430 mundata
2336 1379 2667 1442 estdomus,
2715 1380 2822 1432 hoc
2846 1384 2932 1430 est
2972 1373 3262 1427 universus
3299 1372 3535 1424 mundus

1925 1477 2250 1540 repurgatus
2284 1477 2367 1523 est
2422 1482 2451 1521 a
2509 1480 2756 1537 peccato.
2805 1467 3060 1524 Christus
3103 1464 3253 1519 enim
3308 1461 3538 1517 abstulit

1927 1570 2210 1630 peccatum
2250 1561 2458 1616 mundi.
2517 1559 2582 1614 Et
2631 1561 2791 1630 plane
2837 1561 3060 1614 inventa
3113 1566 3201 1612 est
3249 1555 3535 1616 drachma,

1927 1653 2075 1721 regia
2131 1652 2343 1709 scilicet
2391 1652 2573 1722 imago
2626 1662 2681 1708 et
2745 1651 3001 1723 gaudium
3047 1647 3151 1704 fuit
3200 1659 3256 1704 et
3315 1646 3538 1702 Christo

1928 1747 2201 1802 inventori
2231 1756 2286 1803 ει
2326 1746 2581 1816 supernis
2628 1746 2943 1810 virtutibus,
2997 1758 3119 1814 quae
3185 1743 3378 1796 amica:
3422 1740 3540 1809 ejus

1928 1848 1985 1894 et
2028 1840 2220 1895 vicina:
2243 1848 2417 1895 sunt:
2470 1839 2679 1893 Amica:
2739 1837 2983 1906 quidem,
3032 1837 3159 1905 quia
3197 1835 3539 1888 voluntatem

1934 1933 2055 2005 ejus
2096 1933 2302 1989 iaciunt
2331 1951 2345 1989 :
2377 1933 2571 1988 vicina
2611 1947 2764 1996 vero,
2816 1931 2945 2002 quia
2991 1931 3348 1998 incorporea).
3399 1927 3541 1994 Quid

1934 2035 2118 2080 autem
2153 2027 2195 2080 si
2234 2024 2424 2080 amica:
2449 2025 2562 2080 sint
2593 2039 2787 2080 omnes
2827 2038 3078 2094 superna:
3103 2021 3369 2084 Virtutes,
3402 2019 3543 2074 vici-

1935 2135 2016 2174 na:
2045 2127 2247 2185 autem,
2278 2133 2400 2188 quae
2440 2118 2724 2188 propiores
2764 2117 2836 2184 ei,
2890 2126 2949 2169 ut
2998 2114 3207 2171 Throni
3246 2121 3301 2169 et
3329 2113 3544 2168 Cheru-

1935 2210 2043 2265 bim
2066 2210 2090 2263 ἳ
2113 2209 2355 2266 Dicendo
2386 2211 2533 2265 enim
2572 2210 2781 2264 amicas
2814 2218 2870 2264 et
2903 2209 3134 2270 vicinas,
3180 2207 3289 2262 duo
3342 2220 3546 2278 genera

1937 2303 2330 2370 manifestavit,
2359 2302 2615 2373 quamvis
2645 2302 2750 2358 hoc
2792 2301 3066 2357 curiosius
3094 2299 3366 2355 videatur.

2011 2582 2173 2638 Vens.
2210 2585 2394 2641 Η-ίϐ.
2432 2604 2451 2638 ι
2478 2587 2567 2639 Ait
2606 2593 2790 2639 autem
2819 2601 2832 2638 :
2859 2583 3034 2638 Mutuo
3082 2581 3305 2653 quidam
3359 2577 3551 2635 habuit

1935 2675 2070 2730 duos
2119 2676 2281 2740 ﬁlios,
2340 2687 2396 2732 ct
2448 2677 2586 2731 dixit
2635 2676 3044 2730 adolescentior
3098 2674 3318 2728 illorum
3369 2673 3548 2743 patri:

1936 2767 2118 2833 Pater,
2154 2770 2223 2824 da
2259 2769 2390 2823 mihi
2439 2769 2746 2841 portionem
2801 2765 3124 2823 substantia:
3170 2779 3293 2836 quae
3340 2763 3408 2817 ad
3468 2779 3550 2817 me

1936 2864 2098 2919 redit.
2132 2864 2200 2920 Et
2224 2863 2410 2919 divisit
2441 2862 2546 2917 illis
2580 2863 2967 2917 substantiam.
3006 2863 3074 2916 At
3114 2870 3238 2931 post
3284 2859 3401 2914 dies
3446 2874 3551 2912 nou

1938 2954 2137 3011 nmltos
2165 2971 2287 3012 cum
2319 2957 2505 3012 omnia
2534 2956 2926 3022 contraxisset,
2964 2954 3370 3010 adolescentior
3408 2953 3554 3008 Illius

1937 3061 2166 3119 peregre
2217 3047 2494 3120 profectus
2525 3057 2610 3105 est
2659 3049 2712 3104 in
2767 3033 3044 3120 regionem
3079 3048 3456 3120 longinquam,
3500 3055 3554 3100 et

1939 3140 2012 3196 ibi
2041 3140 2328 3212 dissipavit
2378 3140 2744 3196 substantiam
2773 3155 2930 3195 suam
2961 3139 3199 3195 vivendo
3228 3137 3507 3194 luxuriose
3536 3152 3554 3189 ι

1938 3243 1994 3287 et
2018 3243 2304 3304 postquam
2333 3236 2516 3290 omnia
2559 3235 3024 3306 consumpsisset,
3074 3232 3216 3288 facta
3259 3240 3346 3287 est
3382 3230 3558 3287 fames

1941 3326 2113 3381 valida
2148 3329 2198 3382 in
2234 3329 2456 3400 regione
2495 3329 2608 3393 illa,
2635 3338 2689 3383 et
2726 3329 2842 3397 ipse
2873 3329 3042 3398 cmpit
3081 3341 3264 3396 egere.
3297 3325 3362 3380 Et
3419 3342 3549 3394 pro-

1939 3420 2110 3477 fectus
2139 3431 2245 3488 est,
2279 3433 2334 3477 et
2387 3423 2618 3477 adhtesit
2648 3423 2740 3476 uni
2795 3422 2994 3475 civium
3055 3419 3296 3493 regionis
3352 3419 3499 3475 illius
3542 3435 3559 3473 :

1937 3516 2174 3583 atqueis
2233 3515 2384 3570 misit
2440 3516 2590 3570 illum
2647 3516 2701 3570 in
2761 3515 2946 3569 villam
2988 3531 3143 3570 suam
3203 3524 3262 3569 ut
3310 3524 3561 3585 pasceret

1938 3625 2172 3680 porcos:
2204 3619 2258 3663 et
2298 3610 2553 3681 cupiebat
2581 3609 2813 3680 implere
2859 3617 3108 3663 ventrem
3149 3624 3309 3662 suum
3354 3608 3421 3663 de
3443 3607 3560 3663 sili.

1935 3705 2062 3774 quis
2112 3703 2312 3774 quibus
2357 3703 2508 3773 porci
2560 3701 2951 3766 vescebantur,
3008 3717 3108 3756 nec
3144 3701 3435 3773 quisquam
3481 3700 3560 3755 illi

1938 3797 2123 3851 dabat.
2166 3816 2184 3848 ι
2225 3795 2288 3851 Ει
2328 3796 2444 3850 haec
2469 3795 2726 3866 parabola
2785 3795 3053 3865 superiori
3093 3793 3292 3849 similis
3332 3803 3437 3849 est.
3467 3791 3562 3847 ln-

1939 3890 2251 3946 ducitenim
2293 3898 2346 3944 et
2379 3889 2493 3944 lucc
2534 3889 2812 3944 hominem
2846 3889 3090 3958 quidem,
3152 3886 3322 3942 Deum
3365 3886 3560 3941 videli—

1940 3995 2052 4053 cet,
2096 4001 2223 4041 vere
2264 3985 2681 4041 misericordem
2720 3999 2734 4038 :
2779 3984 2921 4039 lilios
2944 3994 3126 4038 autem
3160 3983 3318 4049 duos,
3364 3998 3561 4050 nempe

1939 4081 2160 4135 ordines
2212 4080 2496 4136 hominum
2545 4080 2820 4150 justorum
2876 4079 3003 4134 dico
3068 4085 3123 4132 et
3171 4085 3554 4148 peccatorum.

1945 4174 2089 4228 Dixit
2127 4183 2309 4228 autem
2351 4173 2582 4244 junior:
2625 4171 2701 4227 Da
2769 4174 2904 4228 mihi
2960 4183 3172 4242 partem
3234 4174 3564 4229 substantia:

1942 4282 2062 4337 qua
2091 4269 2156 4321 ad
2189 4283 2275 4321 me
2305 4267 2562 4337 pertinet.
2595 4267 2738 4322 Olim
2777 4267 3034 4322 humanae
3101 4277 3312 4323 naturae
3344 4284 3566 4336 posses-

1943 4363 2024 4417 sio
2053 4370 2171 4415 erat
2197 4361 2450 4432 justitia;
2489 4361 2612 4415 ideo
2643 4371 2698 4417 et
2728 4361 2871 4416 (ilius
2912 4361 3095 4416 senior
3117 4378 3222 4417 non
3257 4360 3564 4417 insolescit.

1946 4456 2233 4512 Peccatum
2278 4468 2466 4526 postea
2511 4465 2697 4510 natum
2739 4465 2846 4523 est,
2877 4455 3043 4528 405
3089 4456 3234 4511 unde
3266 4465 3319 4510 et
3376 4456 3567 4528 junior

1947 4553 2250 4616 insolescit.
2294 4553 2390 4623 qui
2422 4568 2544 4608 cmn
2585 4561 2838 4625 peccato,
2877 4553 3020 4623 quod
3055 4564 3245 4621 postea
3281 4554 3564 4608 introduc-

229 4636 469 4708 αχθείσῃ
513 4639 894 4710 συναυξηθείς.
933 4643 1040 4694 Καὶ
1087 4642 1264 4707 ἄλλως
1297 4643 1354 4697 δέ
1404 4644 1673 4716 νεώτερος
1719 4647 1831 4711 υίὸς

1945 4654 2058 4700 tum
2095 4658 2202 4712 εει,
2232 4645 2423 4701 crevit.
2464 4643 2561 4700 Vel
2610 4645 2767 4701 aliter
2793 4663 2807 4700 :
2833 4646 3023 4715 junior
3053 4645 3256 4699 dicitur
3279 4657 3565 4716 peccator,

229 4728 449 4796 λέγεται
487 4731 514 4782 6
537 4730 885 4802 ἁμαρτωλὸς,
906 4731 996 4795 -ὠς
1019 4736 1408 4805 νεωτεριστὴς,
1440 4734 1536 4788 καὶ
1587 4737 1832 4790 ἀποστά-

227 4840 354 4893 της,
393 4824 488 4877 xal.
521 4823 763 4895 ἀντάρας
795 4825 874 4894 τῷ
907 4827 1165 4898 πατρικῷ
1241 4829 1534 4900 θελήματι.
1575 4849 1593 4882 ι
1629 4831 1836 4904 Πάτερ,

229 4917 323 4980 δός
357 4933 450 4986 μοι
475 4918 534 4971 τὸ
563 4918 859 4973 ἐπιδάλ).ον
887 4920 1057 4991 μέρος
1092 4922 1189 4991 τῆς
1217 4921 1431 4985 οὐσίας.
1473 4942 1488 4973 ι
1533 4923 1705 4976 Οὐσία
1744 4924 1840 4977 τοῦ

229 5009 527 5082 ἀνθρώπου
576 5014 637 5066 τὸ
683 5012 905 5082 λογικόν
954 5016 1127 5078 ἐστιν,
1178 5009 1223 5085 ᾧ
1274 5018 1586 5088 παρέπεται
1627 5021 1720 5073 καὶ
1780 5019 1843 5073 τὸ

231 5105 618 5173 αὐτεξούσιον,
676 5109 786 5162 πᾶν
818 5107 926 5180 γάρ
957 5110 1177 5177 λογικὸν
1201 5109 1574 5177 αὐτεξούσιον.
1613 5113 1843 5166 Δίδωσιν

233 5196 331 5250 οὖν
367 5199 500 5269 ἡμῖν
532 5200 559 5252 6
595 5199 798 5272 Κύριος
838 5201 930 5255 τὸν
969 5202 1151 5271 λόγον,
1186 5203 1272 5256 ἵνα
1300 5205 1642 5277 χρησώμεθα
1711 5209 1843 5261 αὐτ-

234 5290 505 5356 εξουσίως
548 5293 724 5365 τούτῳ
757 5295 832 5358 ὼς
860 5296 1018 5367 οὐσίᾳ
1074 5296 1190 5349 δντι
1227 5298 1497 5370 ἡμετέρᾳ.
1559 5300 1756 5353 Δίδωσι
1788 5302 1846 5356 δέ

234 5386 407 5438 πᾶσιν
438 5386 657 5457 ἐπίσης,
702 5387 906 5451 πάντες
939 5390 1051 5460 γὰρ
1114 5390 1314 5459 ἐπίσης
1361 5391 1598 5458 λογικοί,
1646 5393 1844 5462 ἐπίσης

235 5479 579 5544 αὐτεξούσιοι
605 5498 618 5511 ⁸
656 5481 774 5536 ἀλλ’
816 5485 867 5536 oi
925 5485 1026 5553 μὲν
1073 5486 1220 5538 κατὰ
1259 5486 1418 5557 λόγον
1455 5480 1721 5560 χρώμεθα
1777 5494 1843 5563 τῇ

237 5573 528 5645 φιλοτιμία
562 5575 758 5649 ταύτῃ,
801 5579 850 5631 οί
873 5578 931 5632 δὲ
960 5579 1055 5632 καὶ
1079 5581 1420 5652 ἁχρειοῦμεν
1453 5584 1513 5636 τὸ
1561 5583 1706 5638 θεῖον
1744 5584 1846 5637 δῶ·

238 5685 357 5741 ρον.
394 5669 501 5721 Καὶ
537 5671 716 5725 πάντα
752 5671 808 5726 δὲ
842 5671 1054 5736 ἁπλῶς.
1093 5675 1194 5726 ὅσα
1233 5674 1469 5728 δέδωκεν
1518 5679 1649 5746 ἡμῖν
1679 5678 1707 5728 6
1742 5677 1849 5732 Κύ-

237 5777 384 5830 ριος,
413 5761 574 5814 οὐσία
599 5763 757 5831 ἡμῶν
775 5763 1099 5830 λογισθεῖεν,
1132 5759 1243 5817 οἷον
1265 5766 1411 5834 λέγω
1441 5769 1696 5835 οὐρανὸν,
1718 5769 1846 5838 γῆν,

237 5850 430 5917 ἁπλῶς
466 5851 566 5924 τὴν
598 5854 778 5909 κτίσιν
809 5858 1013 5919 πᾶσαν,
1055 5858 1239 5927 νόμον,
1296 5863 1606 5930 προφήτας.
1651 5862 1792 5915 ’Λλϊ
1823 5866 1850 5916 6

243 5946 348 6016 μὲν
385 5946 652 6020 νεώτερος
711 5951 825 6015 υἱὸς
860 5946 995 6004 εἴδω
1030 5953 1281 6025 οὔριον,
1328 5957 1421 6008 καὶ
1465 5955 1844 6027 EOzcmiqszv,

1949 4753 2075 4808 quia
2107 4748 2340 4792 novator
2397 4751 2578 4791 rerum
2613 4737 2854 4791 insolens
2907 4746 2963 4791 et
3018 4746 3268 4807 apostata
3322 4755 3386 4794 ac
3431 4740 3566 4794 deti-

1950 4830 2151 4886 ciensa
2186 4841 2413 4900 paterna
2459 4829 2760 4884 voluntate.
2803 4850 2821 4878 σ
2878 4829 3060 4894 Pater,
3091 4831 3157 4883 da
3189 4829 3321 4884 mihi
3357 4840 3570 4901 partem

1951 4923 2274 4978 substantia:
2301 4937 2424 4990 qua:
2451 4923 2517 4975 ad
2545 4936 2630 4976 me
2669 4922 2928 4989 pertinet.
2953 4941 2972 4973 ι
3008 4921 3295 4976 Rationale
3328 4922 3394 4976 ad
3429 4923 3573 4991 quod

1953 5014 2306 5085 subsequitur
2337 5015 2572 5070 liberum
2598 5015 2913 5079 arbitrium,
2945 5014 3250 5095 substantia
3277 5025 3360 5073 cst
3401 5016 3577 5070 homi-

1955 5112 2062 5166 nis.
2091 5109 2267 5168 Omne
2312 5119 2496 5166 autem
2539 5111 2838 5176 rationale,
2871 5111 3029 5165 liberi
3070 5110 3285 5166 arbitrii
3328 5119 3432 5165 est.
3478 5112 3580 5165 Dat

1956 5204 2122 5274 igitur
2170 5203 2326 5258 nobis
2379 5203 2642 5256 DOIlilllllS
2695 5202 2988 5262 rationem,
3043 5211 3101 5254 ut
3148 5216 3212 5255 ea
3256 5201 3428 5256 libere
3462 5211 3582 5256 uta~

1959 5314 2080 5351 mur
2105 5305 2366 5368 tanquam
2395 5305 2576 5350 nostra
2606 5296 2938 5350 substantia.
2972 5296 3075 5349 Dat
3108 5308 3292 5350 autent
3323 5297 3580 5351 omnibus

1956 5411 2019 5448 ex
2039 5409 2214 5462 (equo.
2231 5393 2434 5447 Omnes
2448 5393 2594 5445 enim
2615 5407 2677 5445 cx
2696 5405 2855 5459 (equo
2875 5389 3171 5444 rationales
3189 5399 3338 5453 sunt,
3359 5401 3406 5444 ct
3423 5406 3581 5460 teque

1959 5487 2188 5538 lilu-rum
2237 5485 2440 5538 habent
2490 5483 2804 5538 arbitrium.
2851 5483 2920 5535 At
2964 5482 3051 5535 alii
3097 5482 3317 5550 quidem
3374 5482 3582 5536 utimur

1962 5579 2062 5632 hac
2087 5579 2340 5632 libertate
2373 5579 2674 5631 secundum
2709 5573 3001 5635 rationem,
3035 5574 3126 5628 alii
3161 5582 3344 5628 autem
3375 5571 3579 5644 dilapi-

1962 5674 2156 5728 damus
2193 5676 2394 5724 donum
2437 5670 2705 5724 divinum.
2746 5667 2810 5721 Et
2861 5668 3188 5737 simpliciter
3235 5669 3415 5722 omnia
3460 5684 3581 5737 qua:

1962 5769 2114 5822 dedit
2149 5767 2305 5818 nobis
2331 5764 2613 5827 Dominus,
2643 5764 2946 5816 Sllel‘Illil.‘|
2984 5773 3171 5817 nostra
3201 5763 3414 5816 censeri
3454 5778 3580 5832 pos.

1962 5872 2088 5917 sunt
2132 5868 2230 5914 :nt
2256 5860 2492 5923 exempli
2532 5859 2726 5927 gratia,
2758 5858 2955 5912 t‘CBlum
2984 5866 3038 5911 et
3066 5867 3233 5920 terra,
3261 5866 3316 5911 et
3350 5857 3403 5910 in
3433 5870 3583 5910 Sum-

1965 5975 2050 6011 ma
2085 5967 2349 6012 creaturae
2380 5967 2592 6017 milites,
2625 5952 2729 6015 lxv,
2759 5950 3053 6019 prvphehe.
3084 5949 3245 6019 Atqui
3279 5950 3421 6005 lilius
3451 5959 3580 6004 natu
