4228 6428
681 422 791 487 955

1532 412 2122 477 THEOPHYLACTI
2169 407 2584 472 BULGARLE
2626 407 2983 468 ARCHIEP.

3859 398 3976 466 956

686 538 751 591 Et
808 537 1003 591 iterum
1046 551 1058 585 :
1097 549 1115 581 ι
1152 529 1346 584 Levavi
1377 542 1570 582 manus
1599 540 1745 580 Inoas
1772 525 1838 578 ad
1874 520 2129 576 mandata
2156 528 2273 581 tua,

2396 516 2684 586 ιαρτυρεῐο
2737 532 2756 565 ι
2804 514 2891 575 Ὠς
2925 510 3195 581 ἠγάπησα
3232 509 3326 562 τὸν
3374 508 3541 578 νόμον
3569 525 3687 571 σου,
3754 505 3970 578 Κύριεί

682 644 803 698 quae
830 626 1011 687 dilexi,
1048 642 1067 675 ι
1096 637 1224 686 ηοη,
1259 636 1377 687 qua
1408 620 1581 673 timui.
1616 619 1683 673 Et
1718 618 1913 671 iteium
1952 629 1967 667 :
1998 630 2017 664 ι
2053 610 2276 665 Mirabi-

688 721 757 773 Iia
808 714 1108 769 testimonia
1167 723 1279 778 tua,
1319 722 1374 766 et
1400 712 1523 780 quia
1577 720 1704 767 sunt
1733 704 1996 760 mirabilia
2024 704 2123 775 (α),
2154 704 2277 759 ideo

684 816 920 864 scrutata
975 821 1037 860 ea
1095 814 1179 859 est
1238 803 1417 857 anima
1475 818 1615 856 mea.
1678 821 1697 852 ι
1757 799 1891 854 Cum
1960 797 2123 867 igitur
2155 796 2278 865 quis

687 900 848 953 fuerit
899 899 951 951 in
998 897 1187 952 ordine
1218 897 1385 959 Illius,
1412 903 1466 949 et
1518 894 1712 947 deinde
1746 901 1967 961 prapter
1995 900 2277 960 peceatum

685 991 989 1053 abdicatur,
1032 988 1283 1057 videtque
1310 987 1442 1041 alios
1468 985 1572 1040 frui
1606 986 1803 1061 diqinis
1833 985 2007 1046 donis,
2043 991 2098 1037 et
2137 997 2281 1037 com-

685 1082 1019 1135 municantes
1079 1080 1277 1134 divinis
1322 1080 1593 1149 mysteriis
1624 1089 1678 1133 et
1739 1078 1924 1131 divino
1960 1093 2139 1145 pane:
2172 1090 2277 1130 non

686 1170 829 1223 enim
884 1172 949 1223 de
1011 1168 1153 1223 solis.
1199 1168 1605 1223 catecliumenis
1636 1169 1857 1237 intelligi
1890 1175 2104 1237 oportet
2133 1164 2278 1234 quod

685 1264 752 1318 de
802 1262 1143 1317 merccnario
1193 1262 1413 1327 dicitur,
1469 1262 1562 1315 sed
1620 1271 1675 1313 et
1728 1260 1794 1313 de
1836 1260 1900 1314 iis
1930 1258 2018 1327 qui
2072 1260 2279 1313 suntin

689 1354 926 1410 Ecclesia
953 1354 1273 1424 simpliciter
1330 1369 1433 1407 non
1469 1356 1520 1407 in
1553 1353 1728 1421 primo
1756 1354 1950 1407 ordine
1975 1353 2050 1422 (ὁ)
2087 1370 2102 1419 ;
2148 1361 2281 1407 tunc

688 1446 780 1501 illa
862 1447 974 1501 bac
1049 1446 1546 1500 commiseratiouis
1602 1448 1762 1499 verba
1816 1446 1916 1500 sibi
1951 1446 2048 1514 ipsi
2100 1446 2284 1501 dicere

687 1538 845 1592 debet
876 1554 890 1590 :
919 1535 1053 1602 Quot
1090 1538 1409 1590 mercennarii
1447 1536 1622 1591 Patris
1654 1536 1755 1589 mei
1808 1536 2081 1589 abundant
2106 1536 2279 1603 pane!

687 1646 787 1699 ego
840 1640 1017 1684 autem
1066 1626 1207 1684 fame
1261 1644 1441 1698 pereo.
1472 1629 1577 1684 Sed
1606 1643 1833 1698 surgens
1859 1629 1926 1681 de
1964 1629 2114 1681 ruina
2151 1643 2279 1693 pec-

690 1722 819 1785 cati,
890 1721 981 1775 ibo
1015 1724 1080 1773 ad
1124 1719 1341 1775 Patrem
1398 1735 1595 1781 meum,
1650 1730 1701 1774 et
1747 1720 1924 1773 dicam
1975 1722 2022 1774 ei
2054 1736 2067 1771 :
2102 1717 2285 1786 Pater,

2379 607 2509 675 ὃλην
2538 604 2638 677 τὴν
2669 605 2883 675 ἡμέραν
2941 602 3141 674 μελέτη
3193 618 3297 672 μου
3349 601 3465 653 ἐστι
3494 618 3509 632 ο
3558 619 3577 651 ι
3634 601 3731 653 καὶ
3779 601 3970 654 πάλιν·

2398 718 2417 751 ι
2446 694 2599 768 Ἦρα
2631 699 2731 759 τὰς
2769 696 2957 768 χεῖράς
3001 712 3106 765 μου
3159 694 3297 765 πρὸς
3330 693 3429 756 τὰς
3484 693 3709 754 ἐντολάς
3742 709 3865 758 σου,
3905 693 3975 755 ἃς

2378 791 2662 862 ἠγάπησα,
2694 809 2711 841 ι
2746 793 2845 858 οὐχ
2876 789 2941 851 ἃς
2967 786 3383 857 ἑφοὸἡθηνίκαὶ
3409 785 3591 838 πάλινο
3620 804 3638 835 ι
3664 784 3978 855 Θαυμαστὰ

2378 886 2447 937 τὰ
2500 883 2777 954 μαρτυρία
2811 900 2928 949 σου,
2962 884 3057 935 καὶ
3097 865 3274 935 διὰτὸ
3327 878 3469 936 εἶναι
3519 883 3841 951 θαυμαστὰ,
3886 882 3979 935 διὰ

2378 974 2539 1029 τοῦτο
2574 975 2937 1046 ὲξηρεύνησεν
2966 975 3103 1028 αὐτὰ
3134 976 3166 1045 ἡ
3195 976 3340 1045 ψυχὴ
3379 991 3503 1045 μου,
3540 976 3752 1028 »”Οταν
3778 974 3876 1027 οὖν
3920 978 3978 1027 ὲν

2379 1069 2446 1138 τῇ
2476 1068 2631 1134 τάξει
2661 1066 2756 1120 τοῦ
2797 1065 2913 1119 υἱοῦ
2954 1064 3030 1118 ὢν
3080 1082 3189 1130 τις,
3236 1061 3355 1118 εϊτα
3412 1065 3503 1118 διὰ
3544 1066 3646 1135 τὴν
3700 1066 3979 1136 ἁμαρτίαν

2391 1159 2833 1230 ἀποκηρυχθείη,
2885 1160 2978 1212 xa‘t
3015 1158 3163 1230 ὁρῴη
3216 1158 3412 1222 ἄλλους
3448 1159 3833 1221 ἀπολαύοντας
3871 1159 3982 1212 τῶν

2384 1250 2548 1303 θείων
2593 1248 2977 1321 χαρισμάτων,
3034 1250 3131 1304 καὶ
3190 1248 3751 1312 κοινωνοῦντας-τῶν
3816 1250 3982 1303 θείων

2388 1342 2731 1412 μυστηρίων,
2786 1343 2881 1395 καὶ
2937 1340 3033 1393 τοῦ
3068 1342 3236 1412 ἄρτου
3293 1341 3388 1394 τοῦ
3444 1340 3631 1393 θείου·
3689 1341 3815 1394 οὐδὲ
3872 1343 3983 1411 γὰρ

2387 1436 2514 1504 περὶ
2540 1434 2651 1488 τῶν
2680 1434 3113 1505 κατηχουμένων
3149 1435 3315 1504 μόνον
3348 1434 3453 1505 χρὴ
3475 1436 3619 1487 νοεῖν
3644 1435 3721 1497 ὡς
3745 1434 3984 1504 μισθίων

2385 1527 2723 1596 λεγομένων,
2764 1527 2923 1595 ἁλλὰ,
2947 1528 3046 1596 καὶ
3077 1528 3187 1581 τῶν
3223 1531 3280 1581 ὲν
3312 1531 3380 1599 τῇ
3441 1528 3745 1600 Ἐκκλησία
3792 1529 3982 1590 ἁπλῶς

2389 1622 2464 1691 μὴ
2501 1621 2602 1690 τῆς
2655 1618 2883 1692 πρώτης
2924 1622 3133 1688 τάξεως
3178 1622 3380 1676 ὄντων·
3415 1621 3539 1675 τότε
3572 1621 3637 1691 δὴ
3686 1620 3867 1675 ταῦτα
3916 1623 3987 1674 τὰ

2394 1712 2590 1783 οεκτρὰ
2625 1712 2833 1782 ὀφείλει
2865 1712 3141 1781 ἐπιλέγειν
3172 1712 3382 1785 ἑαυτῷ·
3443 1715 3605 1766 [Ιὸσοι
3644 1714 3856 1784 μίσθιοι
3889 1712 3985 1766 τοῦ

692 1812 907 1879 peccavi
935 1812 987 1865 in
1020 1812 1213 1865 cmlmu
1246 1819 1300 1863 et
1324 1826 1509 1864 coram
1548 1821 1621 1862 te.
1676 1809 2108 1878 Derelinquendo
2136 1812 2279 1863 enim

2396 1806 2603 1876 Πατρός
2632 1823 2737 1875 μου
2796 1804 3220 1873 περισσεύουσιν
3264 1805 3493 1873 ἄρτων’
3559 1806 3671 1873 ἐγὼ
3730 1806 3787 1859 δὲ
3844 1806 3989 1876 λιμῷ

691 1903 952 1965 caelestia,
984 1902 1201 1967 peccavi
1266 1901 1426 1966 inea,
1489 1894 1779 1970 prwlerens
1806 1900 1935 1968 ipsis
1960 1900 2285 1969 voluptatem

2396 1873 2730 1965 ἀπόλλυμαι.
2783 1896 2925 1955 Ἀλλ’
2963 1897 3231 1960 ἀναστάς,
3268 1897 3572 1961 τουτέστιν,
3606 1899 3672 1950 εκ
3705 1896 3803 1951 τοῦ
3837 1873 3989 1949 πτὼξ

689 1994 1169 2061 contemptibilem,
1206 2002 1261 2047 et
1299 1993 1613 2061 praeeligeus
1661 1992 1871 2045 cwleSIi
1919 1992 2107 2059 patria:
2160 2006 2291 2046 inea.-

690 2086 963 2157 regi0uem
1019 2084 1197 2139 lamis.
1252 2084 1714 2151 Quemadmodmu
1747 2084 1915 2150 enim,
1968 2094 2027 2138 ut
2057 2085 2287 2153 exempli

688 2182 861 2248 gratia
925 2180 1200 2244 dicamus,
1248 2180 1299 2232 in
1344 2196 1532 2232 aurum
1567 2193 1794 2248 peccare
1833 2178 2048 2241 dicitur,
2085 2178 2174 2246 qui
2210 2164 2287 2231 illi

693 2269 971 2337 plumbum
1024 2269 1293 2339 praefert:
1329 2269 1402 2322 ita
1462 2269 1515 2321 in
1583 2269 1780 2321 ccelum
1837 2279 2045 2337 peccat,
2088 2269 2176 2338 qui
2212 2267 2286 2323 illi

691 2370 912 2416 terrena
964 2363 1252 2431 praeponit.
1292 2361 1461 2415 Abest
1497 2371 1673 2414 autem
1706 2362 1941 2425 ,omuiuo
1997 2376 2025 2415 a
2058 2363 2137 2416 via
2170 2378 2290 2430 qua:

692 2452 794 2504 fert
847 2454 898 2504 in
951 2452 1173 2507 ccelum.
1204 2450 1361 2506 Scias
1430 2453 1558 2505 item
1600 2453 1742 2520 quod
1769 2455 1985 2522 quando
2023 2454 2287 2521 peccavit,

690 2543 843 2611 quasi
889 2560 993 2595 non
1038 2557 1221 2597 coram
1273 2542 1379 2597 Deo
1428 2558 1662 2613 cperans
1728 2545 2013 2611 peccatil;
2072 2548 2289 2613 quanto

692 2647 871 2689 autem
935 2636 1248 2701 confitetur,
1312 2650 1495 2689 coram
1554 2634 1663 2688 Deo
1696 2652 1753 2689 se
1801 2651 2057 2704 pet-casse
2100 2636 2284 2691 sentit.

694 2728 863 2781 l’orro
916 2728 1082 2799 [‘08
1128 2744 1356 2797 surgens
1411 2730 1555 2782 vadit
1590 2730 1654 2781 ad
1698 2728 1910 2783 Patrem
1957 2744 2135 2783 suum.
2170 2727 2287 2783 Non

693 2823 866 2876 solum
926 2826 1070 2876 enim
1120 2810 1537 2877 consultandum
1586 2834 1669 2877 est
1701 2826 1766 2878 de
1799 2824 1882 2877 bis
1918 2839 2039 2893 quae
2078 2823 2290 2893 placent

699 2915 829 2979 Deo,
889 2914 981 2965 sed
1039 2922 1095 2967 et
1142 2928 1305 2982 Opus.
1329 2924 1411 2966 est
1447 2914 1608 2967 facto.
1639 2912 1792 2967 Nunc
1834 2915 2287 2983 quemadmodum

695 3004 872 3056 vidisti
912 3004 1176 3057 fervidum
1215 3005 1614 3070 paenitentiam,
1650 3004 1721 3057 ita
1764 3015 1819 3058 et
1848 3005 2079 3060 celerem
2108 3004 2290 3061 Patris

694 3094 1119 3147 miseticordiam
1154 3094 1295 3148 vide.
1337 3093 1516 3163 Neque
1571 3096 1715 3149 enim
1752 3095 2086 3164 exspectavit
2118 3097 2288 3150 donec

2394 2006 2565 2059 ματος
2597 1990 2697 2059 τῆς
2724 1972 3021 2061 ἁμαρτίας,
3076 1989 3422 2060 πορεύσομαι
3454 1991 3589 2061 πρὸς
3629 1991 3727 2045 τὸν
3762 1991 3989 2061 Πατέρα

2396 2097 2523 2152 μου,
2558 2084 2651 2134 καὶ
2686 2082 2799 2151 ὲρῶ
2832 2081 2985 2153 αὐτῷ
3010 2098 3025 2111 ⁸
3059 2083 3267 2151 Πάτερ,
3300 2082 3551 2151 ἡμαρτον
3590 2083 3671 2145 είς
3705 2082 3797 2133 τὸν
3826 2083 3991 2148 οὐρα·

2392 2172 2502 2238 νὺν,
2535 2174 2628 2225 καὶ
2682 2173 2921 2227 ἐνώπιόν
2964 2189 3061 2227 σου
3094 2189 3108 2202 ·
3144 2172 3466 2227 καταλιπὼν
3500 2172 3611 2244 γάρ
3636 2172 3706 2225 τὰ
3735 2172 3990 2242 οὐράνια,

2392 2266 2645 2335 ἡμαρτον
2676 2266 2757 2328 εἰς
2781 2263 2978 2330 ταῦτα,
3001 2267 3353 2337 προτιμήσας
3376 2265 3557 2319 αὐτῶν
3578 2265 3676 2335 τὴν
3706 2265 3975 2318 κατάπτυ

2394 2375 2518 2410 στον
2546 2357 2763 2429 ἡδονὴν,
2805 2362 2899 2410 καὶ
2929 2358 3029 2428 τῆς
3060 2358 3321 2429 πατρίδος
3356 2375 3461 2428 μου
3493 2358 3733 2428 ούρανοῦ
3766 2360 3869 2427 τὴν
3894 2358 3991 2411 τοῦ

2390 2450 2552 2521 λιμοῦ
2602 2449 2788 2522 χώραν
2838 2452 3170 2524 προκρίνας.
3232 2452 3450 2519 Ὠσπερ
3498 2451 3607 2522 γὰρ
3646 2452 3994 2519 ἁμαρτάνειν

2390 2544 2629 2611 λέγεται,
2668 2544 2801 2615 φέρε
2848 2547 3025 2598 εἰπεῐν
3056 2546 3147 2608 εις
3204 2545 3431 2615 χρυσὸν,
3477 2545 3505 2597 ό
3538 2544 3791 2613 μόλιϐδον
3820 2542 3993 2597 αὐτοῦ

2392 2634 2699 2704 προτιμῶν,
2753 2632 2928 2697 οὕτως
2964 2636 3045 2697 εἰς
3073 2635 3304 2703 οὐρανὸν
3336 2634 3673 2704 ἁμαρτάνει,
3731 2636 3759 2687 ό
3795 2634 3995 2687 τούτου

2390 2726 2743 2796 προτιμήσας
2800 2726 2868 2779 τά
2898 2726 3086 2796 γήϊνα.
3119 2726 3520 2798 ’Δττοτυγχάνει
3581 2727 3693 2793 γάρ
3770 2724 3997 2788 πάντως

2391 2818 2489 2887 τῆς
2521 2820 2600 2881 εἰς
2646 2818 2739 2871 τὸν
2778 2818 3009 2889 οὐρανὸν
3050 2819 3322 2890 φερούσης
3354 2818 3503 2872 ὀδοῦ.
3547 2816 3876 2887 Ἐπίστησον
3907 2817 3997 2882 δὲ,

2391 2910 2475 2964 ὅτι
2500 2951 2514 2976 ,
2546 2912 2676 2965 ὅταν
2714 2912 2815 2981 μὲν
2841 2912 3181 2983 ἡμάρτανεν,
3210 2913 3287 2975 ὡς
3322 2914 3399 2981 μὴ
3432 2911 3669 2966 ἐνώπιον
3700 2912 3794 2965 τοῦ
3848 2910 3993 2965 Θεοῦ

2395 3006 2657 3072 πράττων
2684 3004 3023 3073 ἡμάρτανεν,
3056 3004 3145 3057 ὅτε
3178 3004 3234 3056 δὲ
3275 3003 3709 3074 ἐξομολογείται.
3750 3004 3993 3057 ἐνώπιον

2389 3095 2484 3147 τοῦ
2514 3096 2651 3150 Θεοῦ
2688 3096 3027 3167 ἡμαρτηκὼς
3075 3097 3415 3151 αἰσθάνεται.
3462 3098 3741 3159 ’Δναστὰς
3772 3096 3829 3149 δὲ
3860 3092 4003 3167 ἦλθε

698 3186 836 3239 lilius
881 3187 1085 3239 veniret
1133 3187 1198 3237 ad
1249 3200 1329 3249 se,
1376 3186 1467 3239 sed
1527 3187 1786 3255 praevenit
1819 3197 1871 3241 et
1898 3187 2278 3255 amplexatur;

2396 3188 2525 3258 πρὸς
2564 3188 2655 3240 τὸν
2715 3187 2928 3257 πατέρα
2985 3186 3180 3251 αὑτοῦ,
3216 3188 3299 3240 δεῐ
3340 3188 3449 3257 γὰρ
3508 3188 3656 3257 ἡμᾶς
3713 3186 3790 3256 μὴ
3829 3187 4002 3255 μόνον

702 3288 856 3347 pater
915 3279 1060 3331 enim
1102 3285 1185 3332 est
1238 3279 1589 3348 benignitate,
1630 3280 1793 3333 etiam
1831 3279 1875 3333 si
1910 3288 2102 3334 natura
2145 3279 2288 3335 Deus

694 3378 793 3431 est,
858 3378 911 3423 et
967 3379 1110 3422 tctus
1170 3377 1340 3421 totum
1418 3368 1807 3437 amplectitur.
1880 3378 1939 3423 ut
2010 3369 2288 3438 undequa-

694 3476 799 3529 que
824 3462 997 3530 ipsum
1024 3463 1087 3514 ad
1128 3476 1184 3515 se
1212 3461 1565 3530 constringat,
1590 3461 1729 3514 sicut
1762 3460 1969 3515 dictum
2000 3472 2085 3517 est
2114 3480 2127 3514 :
2165 3481 2183 3514 ι
2228 3462 2294 3516 Ει

694 3552 863 3621 gloria
900 3550 992 3606 Dei
1021 3552 1380 3607 circumdabit
1434 3562 1501 3605 te.
1546 3572 1564 3605 ι
1618 3552 1757 3608 Olim
1808 3554 2022 3622 quidem
2076 3557 2292 3624 quando

695 3645 980 3713 elongabat
1025 3659 1083 3698 se
1140 3643 1301 3709 filius,
1350 3656 1561 3715 tempus
1593 3656 1791 3701 eratet
1817 3646 1965 3701 Patri
2000 3657 2053 3701 ut
2078 3651 2145 3703 ab
2178 3664 2293 3702 atii-

704 3735 864 3803 plexu
902 3749 961 3789 se
1002 3738 1286 3805 elongaret
1318 3752 1331 3787 :
1366 3752 1510 3791 nunc
1551 3752 1679 3791 vero
1699 3754 1820 3792 cum
1857 3742 1993 3794 redit
2026 3749 2079 3795 et
2100 3755 2297 3810 appro-

699 3830 925 3898 piuqnat
951 3843 1047 3896 per
1080 3829 1494 3883 conversionem
1524 3838 1576 3883 et
1606 3831 1929 3894 orationem,
1968 3841 2180 3900 tempus
2213 3842 2297 3885 est

697 3922 1063 3991 amplexandi.
1101 3920 1230 3975 Ruit
1287 3904 1450 3991 igitur
1492 3924 1547 3979 in
1584 3924 1781 3978 collum
1832 3924 1974 3994 ejus,
2004 3926 2298 3980 ostendens

698 4033 819 4072 cum
876 4018 965 4089 qui
1017 4021 1145 4077 olim
1199 4019 1521 4085 desciverat,
1573 4034 1713 4073 nunc
1757 4018 2101 4074 obedientem
2174 4033 2297 4074 esse

702 4109 926 4163 factum.
989 4111 1057 4165 Et
1107 4111 1384 4165 osculatur
1430 4124 1577 4172 eum,
1624 4108 2118 4163 reconciliatiouem
2160 4108 2299 4162 iudi-

700 4216 850 4263 cans.
883 4211 935 4255 et
988 4202 1141 4269 quasi
1164 4202 1493 4256 vestibulum
1550 4201 1817 4269 quoddam
1852 4215 1915 4254 os
1946 4198 2133 4269 polluti
2168 4214 2299 4253 san-

699 4294 963 4359 ctiﬁcaus,
1022 4310 1083 4348 ac
1123 4310 1220 4364 per
1282 4293 1386 4347 hoc
1446 4295 1509 4346 ad
1545 4296 1757 4347 interna
1808 4294 2295 4348 sanetilicatiouem

704 4389 1023 4439 Emmittens.

2405 3281 2695 3351 βούλεσθαι
2732 3282 2799 3334 τὰ
2832 3282 2960 3349 φίλα
2984 3280 3126 3351 Θεῷ,
3157 3281 3295 3333 ἁλλὰ
3324 3281 3420 3334 καὶ
3449 3281 3735 3351 πράττειν.
3780 3279 4008 3348 Ὠσπερ

2403 3373 2458 3425 δὲ
2488 3368 2625 3433 εἶδες
2657 3372 2869 3441 θερμὴν
2916 3375 3017 3443 τὴν
3057 3371 3371 3441 μετάνοιαν,
3419 3371 3594 3433 οῦτως
3640 3372 3732 3422 καί
3767 3370 3871 3439 τὴν
3906 3370 4009 3421 εύ-

2407 3463 2746 3533 σπλαγχνίαν
2776 3465 2869 3517 τοῦ
2901 3465 3105 3533 πατρὸς
3144 3464 3268 3533 ὅρα.
3309 3464 3445 3515 Οὐδὲ
3474 3463 3584 3532 γὰρ
3614 3463 3873 3532 ἀνέμεινε
3910 3463 4010 3517 τὸν

2402 3559 2516 3611 υἱὶν
2549 3559 2727 3611 ὲλθείν
2767 3558 2929 3628 ἄχρις
2957 3558 3147 3622 αὑτοῦ,
3186 3558 3323 3611 ἁλλὰ
3352 3557 3681 3626 προφθάνει,
3718 3556 3815 3609 καὶ
3848 3574 4012 3626 περι-

2402 3652 2685 3704 πλέκεται.
2710 3720 2715 3723 _
2744 3651 2936 3723 Πατὴρ
2970 3652 3079 3721 γὰρ
3115 3653 3181 3721 τῇ
3221 3651 3579 3720 χρηστότητι,
3618 3651 3664 3702 ει
3699 3650 3797 3702 καὶ
3840 3646 4012 3718 φύσει

2398 3743 2553 3807 Θεὸς,
2595 3745 2691 3796 xa‘t
2711 3743 2833 3805 ὅλος
2863 3744 2983 3797 ὅλον
3032 3744 3384 3813 περιφύεται,
3421 3743 3509 3796 ῐνα
3544 3742 3818 3795 πάντοθεν
3842 3743 4013 3794 αὑτὸν

2401 3838 2538 3907 πρὸς
2556 3838 2747 3889 ἑαυτὸν
2762 3838 3057 3908 συσφίγξῃ,
3078 3837 3214 3889 καθὸ
3233 3837 3472 3905 εἴρηταιο
3497 3843 3525 3886 ἰ
3558 3836 3669 3888 Καὶ
3698 3838 3727 3905 ἡ
3753 3834 3884 3899 δόξα
3910 3836 4013 3889 τοῦ

2402 3928 2538 3980 Θεοῦ
2588 3928 2905 3997 περιστελεῐ
2939 3944 3022 3979 σε.
3054 3946 3073 3979 ι
3099 3928 3210 3981 Καὶ
3236 3927 3406 3980 πάλαι
3444 3928 3546 3994 μὲν
3570 3928 3659 3979 ὅτε
3693 3929 4018 3995 ιμὰκρυνεν

2408 4022 2601 4073 ἑαυτὸν
2626 4022 2654 4072 ό
2685 4021 2823 4084 υἱὸς,
2860 4019 3051 4089 καιρὸς
3075 4016 3144 4089 ἦν
3175 4020 3270 4073 καὶ
3308 4018 3387 4090 τῷ
3422 4020 3593 4090 πατρὶ
3623 4018 3721 4071 τοῦ
3759 4036 4017 4090 μακρυν-

2406 4114 2565 4183 θῆναι
2595 4112 2702 4166 άπὸ
2731 4113 2832 4179 τῆς
2864 4112 3213 4183 περιλήψεως
3243 4128 3257 4142 ο
3287 4113 3379 4165 ὅτε
3430 4112 3488 4165 δὲ
3525 4112 3724 4182 ἡγγισε
3784 4112 3874 4165 διὰ
3908 4114 4015 4181 τῆς

2408 4206 2725 4276 προσευχῆς
2757 4208 2858 4259 καὶ
2910 4208 3011 4275 τῆς
3040 4206 3400 4278 ἐπιστροφῆς,
3436 4206 3633 4276 καιρὸς
3658 4206 3881 4273 ἐγένετο
3914 4204 4014 4258 τοῦ

2408 4300 2751 4371 περιλαϐεῖν.
2799 4298 3122 4351 Ἐπιπίπτει
3157 4300 3338 4352 τοίνυν
3388 4300 3482 4353 ἐπὶ
3541 4299 3634 4352 τὸν
3699 4300 4011 4369 τράχηλον,

2408 4390 2499 4441 τὸν
2547 4388 2967 4443 ἁποστατοῦντα
3002 4388 3231 4458 πρώην,
3287 4389 3569 4459 πειθήνιον
3623 4388 3722 4441 νῦν
3754 4389 4019 4451 γενέσθαι

700 4478 1129 4547 ἐνδεικνύμενος.
1157 4480 1265 4533 Καὶ
1290 4480 1581 4549 καταφιλεῖ
1601 4479 1908 4551 αύτδν,τὴν
1938 4479 2287 4549 καταλλαγὴν
2327 4481 2610 4543 δεικνύων,
2648 4484 2744 4535 καὶ
2811 4477 2929 4534 οἶόν
2961 4500 3013 4534 τι
3048 4482 3393 4552 προπύλαιον
3432 4483 3495 4534 τὸ
3544 4483 3724 4552 στόμα
3792 4483 4019 4553 πρῶτον

700 4571 793 4625 τοῦ
849 4573 1169 4642 μιανθέντος
1206 4574 1471 4642 ἁγιάζων,
1506 4570 1625 4628 εἶτα
1662 4575 1749 4628 διὰ
1801 4575 1992 4629 τούτου
2048 4578 2142 4629 καὶ
2189 4578 2283 4630 ἐπὶ
2323 4578 2390 4630 τὰ
2427 4578 2578 4632 ἔνδον
2612 4578 2702 4631 τὸν
2733 4579 3011 4646 ἁγιασμὸν
3046 4578 3392 4649 εἰσπέμπων.

775 4668 935 4725 Vens.
962 4670 1153 4723 22-94.
1181 4689 1199 4720 ι
1234 4671 1373 4723 Dixit
1398 4680 1576 4723 autem
1605 4680 1756 4740 pater
1787 4672 1853 4724 ad
1894 4686 2080 4725 servos
2109 4686 2237 4728 suos
2275 4690 2288 4726 :

2479 4692 2497 4723 ι
2540 4668 2673 4725 Elite
2697 4672 2753 4726 δὲ
2779 4674 2807 4725 ό
2837 4671 3019 4742 πατὴρ
3041 4671 3178 4740 πρὸς
3203 4673 3330 4733 τοὺς
3370 4670 3592 4732 δούλους
3618 4672 3787 4725 αὐτοῦ
3830 4691 3841 4702 ·

706 4763 947 4819 Prolerte
992 4765 1182 4817 Slolam
1250 4766 1501 4831 primam,
1559 4773 1615 4818 et
1667 4766 1873 4818 induite
1936 4765 2084 4819 illum
2124 4784 2137 4819 :
2176 4766 2300 4821 date

702 4857 959 4911 annulum
1014 4858 1064 4908 iu
1131 4872 1349 4909 manum
1416 4857 1553 4925 ejus,
1602 4865 1656 4910 et
1706 4856 2075 4911 calceameuta
2128 4859 2176 4910 iu
2208 4874 2299 4927 pe-

703 4952 800 5006 des
833 4969 844 5004 :
876 4960 929 5004 et
985 4951 1237 5003 adducite
1286 4950 1510 5002 vitulum
1566 4949 1711 5002 illum
1756 4950 2083 5019 saginatum,
2137 4963 2299 5021 atque

707 5052 962 5105 mactate,
994 5043 1332 5111 sumptisque
1361 5042 1537 5112 epulis
1565 5042 1809 5096 laetemur
1842 5058 1855 5094 :
1890 5041 2013 5109 quia
2038 5040 2126 5095 hic
2157 5042 2299 5096 (ilius

3894 4676 4015 4741 Ἐξ,

2409 4765 2674 4833 ενέγκατε
2698 4766 2798 4833 τὴν
2815 4764 3011 4833 στολὴν
3024 4763 3123 4832 τὴν
3144 4762 3390 4832 πρώτην,
3416 4766 3509 4816 καὶ
3532 4765 3798 4818 ἐνδύσατε
3829 4770 4014 4832 αὑτὸν,

2410 4860 2502 4911 καὶ
2533 4858 2652 4910 δότε
2686 4856 2976 4909 δακτύλιον
3010 4856 3090 4918 εἰς
3119 4857 3219 4925 τὴν
3242 4858 3403 4925 χεῖρα
3454 4856 3645 4922 αὐτοῦ,
3687 4861 3781 4911 καὶ
3812 4861 4021 4931 ὑποδὴ-

2413 4969 2561 5021 ματα
2604 4953 2685 5013 εἰς
2729 4952 2859 5012 τοὺς
2900 4950 3066 5014 πόδας
3098 4948 3287 5013 αὑτοῦ,
3344 4949 3443 5001 καὶ
3472 4949 3877 5016 ἐξενέγκαντες
3927 4956 4019 5007 τὸν

2416 5048 2618 5117 μόσχον
2646 5046 2737 5099 τὸν
2771 5047 3020 5100 σιτευτὸν
3051 5046 3281 5111 θύσατε,
3340 5046 3438 5100 καί⁵
3463 5047 3737 5115 φαγόντες
3770 5051 4018 5118 εὐφρανσ

707 5150 858 5189 meus
891 5143 1137 5188 mortuus
1165 5146 1301 5201 erat,
1327 5143 1379 5189 et
1412 5134 1642 5200 revixit;
1682 5135 1942 5203 perierat,
1977 5146 2031 5189 et
2059 5135 2288 5189 inventu

2410 5140 2616 5209 θῶμεν,
2657 5141 2738 5193 ὅτι
2765 5142 2793 5192 ό
2816 5140 2928 5201 υἱός
2956 5156 3057 5208 μου
3080 5132 3237 5202 οὗτος
3269 5140 3467 5207 νεκρὸς
3499 5134 3589 5208 ἦν,
3624 5142 3724 5193 καὶ
3749 5142 3922 5209 ἁνέζη
3936 5159 4010 5205 σε,

708 5236 812 5282 est.
847 5229 913 5281 Et
963 5236 1245 5296 coeperunt
1302 5228 1493 5280 laetari.
1531 5246 1549 5278 ι
1590 5226 1693 5282 Per
1717 5242 1905 5282 servos
1948 5227 2187 5298 intellige
2217 5227 2300 5283 vel

2414 5233 2507 5283 καὶ
2536 5228 2835 5293 ἀπολωλὼς
2877 5226 2966 5299 ἦν,
2997 5229 3089 5281 καὶ
3122 5230 3342 5299 εὑρέθη.
3376 5229 3489 5282 Καὶ
3515 5230 3759 5299 ἡρξαντο
3790 5232 4021 5301 εὐφραίο

707 5320 929 5389 angelos
984 5320 1405 5373 miuistratorios
1448 5320 1691 5387 spiritus,
1753 5321 1842 5390 qui
1902 5319 2193 5373 mittuntur
2257 5321 2288 5373 it

2414 5322 2627 5376 νεσοαι.
2709 5339 2726 5371 ι
2783 5321 3018 5383 Δούλους
3067 5321 3265 5391 ἢτοῦς
3326 5320 3597 5387 ἀγγέλους
3666 5325 3922 5390 νοήσαις,
3956 5324 4020 5373 τὰ

708 5411 1069 5466 ministerium
1124 5423 1344 5480 propter
1396 5427 1488 5465 eos
1524 5412 1613 5480 qui
1644 5413 1814 5467 salute
1867 5414 2013 5483 digni
2048 5424 2195 5468 sunt.
2238 5413 2288 5466 Ill

2415 5414 2769 5483 λειτουργικά
2816 5413 3109 5482 πνεύματα
3145 5413 3213 5466 τὰ
3243 5412 3578 5483 στελλόμενα
3622 5416 3702 5476 εἰς
3739 5415 4019 5467 διακονίαν

708 5505 851 5557 enim
912 5504 1151 5557 vestiunt
1201 5520 1228 5557 a
1264 5517 1484 5571 peccato
1521 5514 1878 5560 revertentem
1929 5506 2070 5560 stola
2116 5508 2285 5572 prima

2419 5508 2507 5561 διὰ
2537 5508 2661 5569 τοὺς
2699 5506 2977 5575 σωτηρίας
3009 5505 3218 5571 άξίους·
3264 5506 3360 5557 xa‘t
3394 5506 3503 5572 γὰρ
3533 5500 3685 5559 οὗτοι
3717 5508 4018 5571 στολίζουσι

711 5594 825 5649 sive
878 5596 1077 5665 prisca,
1124 5611 1308 5663 quam,
1368 5598 1683 5667 priusquam
1721 5613 2091 5665 peccarctnus,
2130 5610 2278 5666 geSIa

2421 5602 2513 5653 τὸν
2536 5602 2600 5652 ἐκ
2642 5600 2843 5661 κακίας
2872 5598 3279 5667 ἐπιστρέφοντα
3305 5594 3403 5665 τὴν
3428 5596 3622 5667 στολὴν
3646 5598 3747 5666 τὴν
3773 5597 4017 5666 πρώτην,

708 5687 900 5742 lamus
930 5729 942 5753 ,
969 5688 1285 5741 indumento
1333 5691 1542 5745 scilicet
1575 5692 2001 5760 incorruptiouis
2035 5710 2047 5745 :
2080 5693 2157 5745 vel
2194 5709 2285 5760 pre

2424 5694 2543 5764 ἡτοι
2570 5696 2669 5762 τὴν
2710 5692 2969 5763 ἀρχαίαν,
2996 5694 3061 5763 ἣν
3112 5692 3244 5763 πρὶν
3282 5690 3553 5761 ἁμαρτεῖν
3586 5692 3919 5762 ἐφοροῦμεν,
3960 5688 4018 5741 τὸ

781 5822 860 5897 (al
893 5824 1035 5897 Etlit.
1068 5826 1191 5878 Lut.
1217 5828 1438 5889 omittit,
1460 5838 1505 5881 et
1531 5829 1654 5897 quia
1683 5839 1803 5881 sunt
1836 5827 2125 5880 mirabilia.

2426 5826 2633 5880 C:etera
2680 5839 2803 5883 sunt
2836 5846 3000 5883 :sanc
3039 5827 3133 5882 illu
3182 5824 3508 5881 miserabilia
3560 5838 3764 5898 Oportet
3800 5829 3845 5882 ci
3893 5842 4012 5881 cna.

784 5893 862 5968 (ὁ)
892 5894 943 5950 llt
982 5896 1075 5952 Ed.
1114 5897 1234 5953 Lul.
1269 5893 1607 5965 omittuntur,
1641 5919 1742 5953 ww
1797 5902 1846 5953 in
1898 5900 2067 5967 prima
2111 5899 2313 5952 ordine.

2432 5915 2653 5952 morare.
