4228 6428
240 405 350 472 957

996 404 1446 468 ENARRATIO
1488 405 1570 466 IN
1610 404 2120 469 EVANGELIUM
2157 407 2392 471 LUC.‘E.
2425 409 2670 469 —CAP.
2707 407 2832 468 XV.

3425 397 3561 461 .958

233 518 443 588 εσδυμα
464 516 562 586 τῆς
599 515 1001 588 ἁφθαρσίας,ἢ
1040 519 1143 586 τὴν
1196 519 1390 588 τιμίαν
1433 517 1536 587 τὴν
1569 516 1681 586 πρὸ
1723 515 1833 568 τῶν

1943 519 2078 572 tiosa
2128 533 2250 587 quae
2284 518 2548 586 dignitate
2606 523 2829 585 pra-stat
2867 512 2990 569 aliis
3049 508 3333 571 omnibus.
3369 518 3428 562 ut
3460 512 3560 562 ba-

233 610 414 663 ᾱ).λων
448 609 663 667 πασῶν.
691 602 782 662 οἶά
810 609 963 661 ἑστιν
992 610 1026 679 ἡ
1055 608 1148 661 τοῦ
1183 609 1587 679 βαπτίσματος.
1638 605 1839 677 Πρώτη

238 708 354 778 γάρ
386 722 478 776 μοι
508 704 648 775 αὕτη
681 703 1047 773 περιτίθεται,
1089 707 1186 758 καὶ
1213 705 1345 774 παρ’
1376 706 1549 774 αὐτῆς
1576 704 1840 773 λαμϐάνοι

231 802 342 871 τὴν
384 799 486 868 τῆς
543 797 941 868 ἀσχημοσύνης
980 798 1338 876 περιστολήν.
1383 799 1450 853 Ἦ
1484 799 1665 852 τοίνυν
1713 799 1839 861 τοὺς

233 893 508 960 ἀγγέλους
529 892 756 962 νοήσαις
784 890 1032 954 δούλους,
1073 892 1203 954 τοὺς
1252 893 1390 944 πᾶσι
1424 893 1537 955 τοῖς
1582 891 1674 960 ὑφ’
1705 893 1838 960 ἡμῖν

231 986 591 1054 τελουμένοις
625 985 1104 1054 διακονουμένους,
1156 985 1253 1037 καὶ
1285 983 1356 1037 δι’
1390 977 1466 1038 ὧν
1496 983 1840 1054 ἀγιαζόμεθα

233 1080 423 1146 μέσων
456 1094 470 1108 ο
519 1079 552 1148 ἢ
595 1077 844 1141 καὶτοὺς
876 1077 1066 1147 ἱερεῖς,
1097 1078 1226 1140 τοὺς
1261 1077 1355 1129 καὶ
1385 1076 1473 1130 διὰ
1519 1075 1838 1145 βαπτίσμαο

227 1189 348 1234 τος,
373 1171 470 1222 καὶ
495 1171 655 1238 λόγου
677 1168 1065 1223 διδασκαλικοῦ
1082 1169 1175 1222 τὸν
1199 1169 1598 1251 ἐπιστρέφοντα
1623 1170 1836 1221 ἐνδύον-

228 1283 354 1329 τας,
385 1268 481 1319 καὶ
519 1265 715 1334 στολὴν
760 1263 986 1336 πρώτην
1023 1265 1429 1334 περιτιθέντας,
1463 1265 1555 1318 τὸν
1600 1266 1642 1317 Χ
1655 1265 1838 1335 ριστὶν

229 1357 398 1408 αὐτόν
449 1355 588 1424 (ὅσοι
611 1355 721 1424 γὰρ
752 1355 1272 1423 ἑϐαπτίσθημενείς
1306 1357 1568 1426 Χρ;στὸν,
1601 1358 1838 1427 Χριστὸν

227 1447 646 1518 ἐνεδυσάμεοα).
671 1450 763 1501 καί
805 1447 1097 1504 δακτύλιον
1134 1448 1377 1501 διδόασιν
1405 1452 1486 1511 είς
1524 1449 1623 1518 τὴν
1649 1451 1835 1517 χεῖρα,

224 1541 331 1611 τὴν
388 1540 663 1609 σφραγῖδα
704 1539 799 1591 τοῦ
833 1539 1297 1609 Χριστιανισμοῦ.
1331 1541 1400 1611 ἢν
1420 1540 1508 1594 διὰ
1524 1542 1636 1592 τῶν
1658 1540 1838 1610 ἔργων

226 1635 466 1704 ἔχομεν·
519 1636 551 1702 ὴ
588 1634 688 1704 μὲν
729 1634 838 1704 γὰρ
871 1637 993 1704 χεὶρ
1031 1634 1135 1702 τῆς
1181 1634 1438 1704 πράξεως
1482 1633 1776 1704 σύμϐολον,
1808 1637 1838 1688 6

225 1728 286 1780 δὲ
324 1726 610 1790 δακτύλιος
647 1728 748 1797 τῆς
789 1726 1132 1796 σφραγῖδοςο
1184 1727 1213 1780 6
1258 1726 1440 1779 τοίνυν
1486 1725 1833 1796 βαπτισθεὶς,

227 1821 328 1873 καὶ
353 1819 542 1884 ἁπλῶς
581 1822 609 1872 ό
647 1820 755 1873 ἀπὸ
787 1822 989 1882 κακίας
1032 1821 1408 1890 ἐπιστρέφων,
1449 1819 1659 1890 ὀφείλει
1690 1820 1834 1891 ἔχειν

227 1913 325 1964 ἐπὶ
377 1913 476 1980 τῆς
509 1914 718 1983 χειρὸς,
772 1913 1077 1978 τουτέστιν,
1124 1913 1221 1966 ἐπὶ
1256 1912 1441 1982 πάσης
1509 1915 1832 1984 πρακτικῆς

223 2002 538 2073 δυνάμεως,
555 2005 870 2075 σφραγῖδα,
906 2003 1000 2056 καὶ
1018 2002 1310 2072 γνώρισμα
1344 2003 1703 2073 Χριστιανοῦ,
1745 2005 1832 2057 ἵνα

221 2093 506 2148 δεικνύναι
542 2093 670 2165 ἔχῃ,
721 2095 797 2154 ὡς
830 2096 952 2146 κατ’
983 2095 1171 2147 είκόνα
1201 2094 1297 2150 τοῦ
1345 2095 1632 2155 κτίσαντος
1669 2097 1834 2148 αὐτὸν

222 2185 613 2255 ἀνεκαινίσθη.
664 2187 734 2238 Ἥ
764 2185 863 2238 καὶ
890 2185 1072 2249 ἄλλως
1113 2187 1345 2252 νοήσαις
1391 2186 1483 2239 τὸν
1518 2186 1831 2251 δακτύλιον,

223 2275 530 2347 ἀρραϐὦνα
557 2274 652 2329 τοῦ
684 2274 1026 2346 Πνεύματος’
1059 2272 1174 2330 οἷον
1217 2276 1274 2330 τί
1307 2294 1471 2347 ιιιημι⁸
1514 2277 1577 2331 Ὀ
1599 2277 1734 2343 Θεὸς
1763 2281 1833 2332 τὰ

229 2365 336 2445 μὲν
359 2366 678 2419 τελειότατα
702 2366 887 2433 ἀγαθὰ
915 2368 1036 2420 τότε
1083 2366 1324 2431 δίδωσιν,
1352 2367 1441 2421 ὅτε
1465 2367 1673 2422 τούτων
1705 2387 1830 2422 και-

223 2458 347 2526 ρὸς,
392 2459 486 2510 καὶ
512 2456 610 2510 νῦν
630 2459 687 2510 δὲ
720 2457 1090 2529 πιστούμενος
1132 2460 1359 2530 δηλαδὴ,
1394 2463 1580 2516 ἐκεῖνα
1614 2463 1832 2517 δίδωσιν

218 2554 362 2621 ήμῖν
383 2552 724 2622 χαρίσματα,
751 2546 863 2605 οἷόν
894 2570 1047 2616 τινας
1087 2553 1422 2625 ἀρραϐῶνας
1467 2555 1577 2608 τῶν
1609 2556 1832 2627 μελλόν-

219 2661 358 2705 των,
393 2646 506 2708 τοῖς
551 2646 650 2714 μιν
691 2646 1168 2717 θαυματουργίαν,
1223 2650 1338 2709 τοῖς
1362 2648 1417 2701 δὲ
1450 2648 1826 2713 διδασκαλίαν,

220 2739 343 2792 τοῖς
371 2735 430 2789 δὶ
459 2736 590 2788 ἄλλο
641 2753 718 2799 τι,
770 2737 865 2790 καὶ
917 2736 1092 2790 ταῦτα
1144 2737 1429 2808 δεχόμενοι
1472 2738 1584 2792 ἀπὸ
1624 2739 1830 2793 τούτων

224 2829 324 2882 καὶ
353 2829 423 2882 τὰ
455 2830 771 2899 τελειότερα
803 2829 1040 2898 βεϐαίως
1101 2829 1419 2900 ἐλπίζομεν.
1463 2832 1828 2902 ’Υποδήματα

223 2922 311 2984 είς
337 2923 464 2986 τοὺς
496 2923 690 2984 πόδας,
727 2923 817 2975 ἵνα
852 2923 1229 2988 φυλάττωνται
1252 2925 1362 2977 ἀπὸ
1385 2924 1499 2978 τῶν
1523 2928 1828 2997 σκορπίων,

221 3013 340 3066 τῶν
373 3015 587 3085 μικρῶν
631 3015 834 3084 δηλαδὴ
874 3014 1183 3068 δοκούντων
1234 3016 1677 3088 ἁμαρτημάτων,
1733 3021 1830 3072 καὶ

223 3107 500 3178 κρυφίων,
534 3106 611 3168 ὡς
660 3108 764 3179 ἔφη
817 3108 1009 3172 Δσυῖδ,
1050 3109 1194 3178 πλὴν
1231 3109 1560 3164 θανατωδῶν
1590 3113 1684 3164 καὶ
1725 3112 1828 3164 αὑ-

221 3199 338 3254 τῶν
359 3217 372 3231 ο
407 3201 496 3254 ναὶ
530 3200 637 3271 μὴν
659 3201 754 3254 καὶ
781 3201 890 3254 ἀπὸ
913 3201 1092 3268 ὄφεων
1113 3203 1222 3254 τῶν
1245 3202 1538 3273 προφανῶς
1568 3203 1829 3272 βλάπτειν

176 3326 179 3329 -
222 3294 629 3362 νομιζομένων,
679 3294 826 3363 φημὶ
861 3293 1173 3364 ἁμαρτιῶν.
1220 3296 1332 3347 Καὶ
1375 3295 1549 3358 ἄλλως
1587 3297 1668 3362 δ’τ,
1702 3298 1832 3350 ὑπο-

222 3386 451 3456 δήματα
483 3385 720 3440 δίδονται
756 3386 835 3454 τῷ
887 3383 1175 3450 ἀξιωθέντι
1212 3388 1314 3456 τῆς
1350 3387 1577 3458 πρώτης
1613 3389 1829 3458 στολῆς,

223 3478 517 3543 ποιοῦντος
542 3478 636 3530 τοῦ
677 3478 815 3530 Θεοῦ
866 3479 1030 3532 αὑτὸν
1064 3480 1287 3548 ἕτοιμον
1319 3482 1400 3542 είς
1446 3481 1507 3532 τὸ
1543 3483 1834 3549 εὐαγγελί-

225 3572 446 3639 ζεσθαι,
481 3575 577 3626 καὶ
608 3573 842 3643 ὠφελεῖν
879 3574 1125 3644 ἐτέρους.
1157 3572 1333 3628 Τοῦτο
1365 3574 1477 3644 γάρ
1505 3576 1533 3627 6
1572 3577 1833 3645 Χριστιαο

227 3665 319 3728 νὸς
351 3664 448 3718 τοῦ
486 3665 716 3736 πλησίον
742 3668 774 3736 ἡ
802 3665 1067 3735 ὠφέλεια.
1104 3666 1325 3735 Μόσχος
1355 3667 1414 3720 δὲ
1449 3669 1696 3730 σιτευτὸς
1732 3669 1835 3723 οῦκ

227 3759 512 3824 ἀγνοεῖται
551 3759 633 3821 τίς
666 3760 838 3820 ἔστιν,
888 3745 921 3812 δ’
968 3760 1254 3827 θυόμενος,
1310 3759 1405 3812 καὶ
1470 3760 1787 3830 εσθιόμενος
1815 3778 1830 3794 ο

225 3851 452 3913 πάντως
485 3853 594 3920 γὰρ
642 3853 670 3903 6
701 3849 910 3921 ἀληθὴς
943 3849 1071 3912 Υἱὸς
1108 3851 1202 3902 τοῦ
1243 3849 1405 3916 Θεοῦ,
1439 3851 1579 3902 καθὸ
1617 3851 1833 3922 ἄνθρω-

223 3957 355 4004 πος,
414 3942 508 3994 καὶ
559 3941 743 4010 σάρκα
801 3941 1018 4008 εἴληφε,
1073 3941 1176 4009 τὴν
1230 3939 1428 4006 ἄλογον
1484 3939 1672 4008 φύσει.
1738 3939 1834 3991 καὶ

228 4031 512 4104 κτηνώδη,
550 4032 655 4086 κᾶν
707 4033 882 4101 αὐτὴν
921 4032 1033 4085 τῶν
1084 4031 1308 4086 οἰκείων
1346 4031 1690 4102 αὐχημάτων
1731 4049 1835 4085 περ

228 4127 515 4194 τλήρωκε.
548 4125 709 4178 Κατά
757 4123 918 4178 τοῦτο
955 4127 1156 4194 μόσχος
1194 4126 1422 4190 νοεῖται,
1466 4127 1834 4196 ἀπειρόζυγος

233 4219 335 4290 μὲν
373 4215 468 4268 τοῦ
506 4216 674 4283 νόμου
723 4215 825 4285 τῆς
861 4216 1166 4285 ἁμαρτίας·
1208 4217 1454 4280 σιτευτὸς
1489 4218 1568 4280 δὲ,
1596 4216 1733 4270 καθὸ
1752 4221 1834 4279 εἰς

227 4307 398 4363 τοῦτο
416 4310 474 4362 τὸ
499 4309 806 4380 μυστήριον
831 4307 1044 4380 ἀφώριε
1062 4326 1115 4360 το
1137 4310 1242 4380 πρὸ
1265 4309 1579 4378 καταϐολῆς
1598 4310 1832 4378 κόσμου.

230 4401 343 4454 Καὶ
396 4400 828 4471 περιεργότερον
855 4399 913 4452 δὲ
947 4398 1018 4453 ῐσι
1057 4418 1080 4462 ς
1125 4399 1269 4464 δόξει
1316 4400 1380 4452 τὸ
1432 4401 1832 4470 ῥηθησόμενον,

226 4500 383 4566 ὅμως
412 4495 715 4566 ῥηθήσεται
737 4512 752 4526 ·
784 4495 868 4548 ὅτι
914 4497 944 4548 6
1005 4522 1013 4546 ι
1045 4512 1192 4564 ρτος,
1237 4494 1297 4546 ὃν
1334 4493 1556 4564 κλῶμεν
1589 4493 1733 4546 κατά
1773 4494 1834 4545 τὸ

1947 609 2127 678 ptismi
2182 610 2472 680 dignitate.
2502 608 2681 662 Prima
2716 607 2863 662 enim
2901 620 2999 659 nos
3040 602 3130 657 illa
3168 601 3356 662 vestit,
3395 607 3450 650 et
3491 601 3559 650 ah

1944 714 2006 752 ea
2067 699 2334 754 sumimus
2396 697 2698 754 honestatis
2750 695 3030 749 vestitum.
3091 690 3186 746 Vel
3239 705 3336 763 per
3374 704 3564 744 servos

1945 791 2187 859 intellige
2239 791 2481 862 angelos,
2541 790 2631 858 qui
2666 788 2981 842 ministrant
3006 786 3262 841 omnibus
3289 798 3410 852 qum
3437 797 3565 851 pro-

1947 892 2030 936 ter
2065 897 2163 936 nos
2218 883 2373 946 fiunt,
2405 892 2458 936 et
2504 883 2702 951 quibus
2728 880 3096 934 mediantibus
3129 876 3561 932 sanctificatnur.

1948 972 2044 1028 Vel
2071 975 2238 1028 etiam
2291 973 2630 1036 sacerdotes,
2708 973 3131 1042 quiconversos
3218 983 3314 1035 per
3390 967 3565 1035 bapti-

1943 1082 2119 1120 smum
2151 1067 2232 1119 vel
2260 1069 2485 1120 verbum
2511 1067 2774 1120 doctrina:
2803 1065 3060 1127 induunt,
3130 1073 3186 1116 et
3209 1063 3438 1114 induunt
3467 1074 3564 1114 cos

1941 1157 2216 1213 Christum
2271 1159 2465 1214 stolam
2532 1159 2764 1227 primam
2820 1157 3156 1227 (quicunque
3216 1155 3360 1205 enim
3393 1152 3563 1218 bapti-

1942 1250 2049 1305 zati
2107 1267 2296 1305 sumus
2331 1253 2382 1306 itt
2415 1250 2722 1312 Christum.
2774 1249 2946 1304 imluti
2985 1262 3178 1301 sumus
3229 1243 3561 1310 Christum),

1941 1357 1994 1400 et
2022 1346 2280 1399 annulum
2340 1350 2431 1401 dat
2468 1348 2521 1401 in
2553 1362 2796 1408 manum,
2832 1346 3172 1416 signaculum
3232 1342 3563 1397 Christiani-

1942 1435 2071 1494 suti,
2101 1437 2246 1502 quod
2297 1451 2394 1504 per
2416 1452 2583 1506 Opera
2609 1437 2897 1490 habemus.
2936 1434 3074 1489 Nam
3114 1449 3311 1489 manus
3347 1433 3567 1501 symbo-

1946 1527 2062 1582 lttm
2099 1531 2438 1595 operationis
2472 1538 2574 1595 est,
2628 1533 2864 1585 annulus
2898 1547 3026 1584 vero
3067 1529 3356 1594 signaculi.
3397 1529 3568 1598 igitur

1945 1621 2271 1689 baptizatus,
2337 1633 2393 1676 et
2460 1624 2640 1678 omnis
2699 1624 2792 1692 qui
2845 1639 2872 1677 a
2906 1634 3135 1692 peccato
3191 1622 3554 1683 convertitur,

1942 1714 2104 1768 debet
2161 1713 2365 1769 habere
2421 1715 2475 1768 in
2523 1731 2706 1780 manu,
2752 1716 2857 1770 hoc
2883 1715 3297 1784 est,operativa
3332 1715 3557 1774 virtute,

1941 1807 2282 1874 signaculum
2315 1807 2612 1861 Christiani
2649 1825 2663 1862 :
2703 1818 2763 1862 ut
2810 1809 3193 1861 demonstrare
3224 1815 3384 1876 queat
3420 1804 3563 1872 quod

1945 1910 2229 1954 recreatus
2282 1901 2351 1954 sit
2383 1900 2448 1954 ad
2485 1902 2776 1971 imaginem
2802 1901 2921 1970 ejus
2955 1901 3046 1967 qui
3080 1915 3138 1954 se
3167 1898 3436 1952 condidit.
3469 1897 3565 1951 Vel

1935 1990 2093 2044 aliter
2127 2011 2140 2044 :
2173 2007 2273 2061 per
2293 1992 2555 2045 annulum
2586 1993 2857 2062 intelliges
2890 1992 3254 2046 arrhabouem
3277 1989 3514 2060 Spiritus
3548 2007 3563 2044 :

1936 2094 1994 2136 ttt
2027 2085 2261 2154 exempli
2311 2089 2487 2157 gratia
2542 2087 2674 2156 quid
2738 2087 2938 2150 dicam,
2976 2087 3117 2140 Deus
3162 2086 3562 2152 perfectissima

1936 2177 2076 2231 hona
2137 2190 2266 2232 tunc
2324 2179 2439 2237 dat.
2499 2179 2722 2250 quando
2773 2195 2958 2233 eorum
3013 2190 3226 2247 tempus
3261 2179 3469 2232 fuerit:
3510 2187 3568 2231 ct

1936 2286 2079 2326 nunc
2131 2281 2183 2325 ut
2211 2272 2491 2326 credibilia
2551 2274 2681 2336 sint,
2717 2271 2807 2325 illa
2849 2273 3006 2325 nobis
3054 2273 3146 2324 dat
3194 2273 3559 2326 charismata.

1938 2375 1997 2418 ιιι
2030 2365 2397 2419 arrhaboaetn
2435 2365 2740 2419 futurorum
2776 2385 2789 2420 :
2817 2375 2871 2419 ct
2895 2367 3014 2419 aliis
3047 2369 3246 2418 donum
3303 2365 3564 2430 operandi

1937 2460 2230 2522 miracula,
2263 2459 2389 2514 aliis
2423 2460 2674 2520 docendi,
2715 2460 2837 2514 aliis
2879 2475 3011 2514 vero
3041 2460 3188 2514 aliud
3216 2458 3567 2531 ωθηιιίά-

1941 2551 2070 2605 dam
2113 2562 2364 2606 :etcum
2427 2551 2515 2605 illa
2576 2554 2931 2620 suscipimus,
2991 2553 3222 2607 ﬁrmiter
3273 2563 3328 2606 et
3384 2553 3566 2619 perle-

1937 2647 2112 2698 ctiora
2171 2654 2550 2711 expectamus.
2608 2644 2671 2697 Et
2719 2645 2935 2698 calceos
2965 2646 3032 2698 ad
3061 2645 3250 2713 pedes,
3293 2651 3352 2697 ut
3381 2653 3568 2696 custo-

1935 2737 2158 2791 diantur
2191 2752 2218 2790 a
2276 2738 2528 2806 scorpiis,
2590 2740 2834 2808 peccatis
2879 2738 3096 2793 scilicet
3125 2753 3247 2807 quae
3301 2739 3561 2792 videntur

1937 2845 2101 2899 parva
2137 2838 2190 2883 et
2223 2830 2461 2896 occulta,
2493 2833 2635 2886 sicut
2669 2831 2886 2886 diccbat
2918 2832 3109 2894 David,
3135 2840 3379 2882 attamen
3413 2845 3565 2884 mors

1938 2923 2118 2980 liferiﬁ
2152 2937 2206 2978 et
2250 2926 2384 2994 ipsis
2420 2942 2434 2978 :
2469 2935 2635 2993 atque
2662 2925 2829 2979 etiam
2884 2941 2912 2979 a
2945 2925 3321 2993 serpentibus,
3356 2925 3407 2976 id
3459 2935 3560 2982 est.

1936 3017 2176 3085 peccatis
2196 3033 2317 3086 qua:
2353 3018 2640 3072 manifeste
2664 3032 2863 3073 nocere
2892 3027 3213 3072 censentur.
3242 3015 3338 3072 Vel
3370 3017 3556 3072 aliter:

1936 3109 2304 3164 calceameuta
2331 3102 2541 3164 'dantur
2571 3112 2618 3165 ei
2645 3113 2737 3181 qui
2775 3112 3008 3181 primam
3047 3112 3248 3164 stolam
3277 3121 3566 3165 assecutus

1937 3215 2041 3265 est,
2075 3203 2309 3260 faciente
2355 3205 2462 3259 Deo
2493 3220 2617 3258 eum
2660 3217 2846 3273 aptum
2880 3214 2938 3258 ut
2984 3205 3272 3258 annttntiet
3313 3205 3568 3273 Evangeo

1943 3298 2097 3360 lium,
2154 3307 2318 3366 atque.
2353 3299 2476 3351 aliis
2537 3295 2733 3364 prosit.
2795 3297 3097 3350 Christiani
3135 3298 3281 3351 enim
3313 3307 3395 3350 est
3438 3313 3550 3365 pro

1919 3381 2105 3444 ’ἀι-διε
2173 3391 2445 3457 proximo.
2504 3388 2722 3443 Vitttlus
2787 3391 3074 3459 saginatus
3130 3405 3235 3443 non
3280 3391 3564 3458 ignoratur

1941 3485 2066 3553 quis
2102 3484 2196 3549 sit,
2230 3485 2323 3553 qui
2379 3486 2699 3538 immolatur
2729 3494 2784 3537 et
2820 3486 3148 3537 comeditur.
3187 3484 3324 3536 Nam
3361 3494 3445 3536 est
3474 3498 3566 3537 vce

1943 3593 2033 3631 rus
2087 3576 2256 3632 Filius
2291 3577 2493 3640 Dei,.et
2540 3577 2608 3629 ita
2648 3576 2813 3630 honto
2840 3577 2933 3646 qui
2971 3593 3205 3630 carnem
3242 3577 3563 3644 assumpsit,

1942 3680 2130 3723 natura
2188 3664 2644 3731 irrationabiletn,
2689 3678 2744 3722 et
2798 3669 3041 3735 brutam,
3091 3669 3350 3736 illamque
3381 3670 3565 3723 divino

1940 3762 2148 3815 honore
2179 3759 2426 3829 implevit
2469 3779 2481 3812 :
2516 3770 2568 3811 et
2597 3763 2925 3813 secundutn'
2953 3759 3061 3813 hoc
3095 3759 3296 3813 vitulus
3341 3760 3563 3820 dicitur,

1941 3871 2048 3909 non
2099 3854 2244 3908 enim
2282 3863 2540 3920 expertus
2581 3851 3020 3924 estjugumlegis
3059 3854 3268 3920 peccati
3301 3867 3316 3915 ;
3346 3853 3567 3920 sagina-

1942 3958 2030 4002 tus
2061 3963 2216 4011 vero,
2249 3946 2550 4000 secundum
2587 3946 2733 4016 quod
2779 3945 2845 3998 ad
2904 3947 3007 3998 hoc
3065 3946 3384 4016 mysterium
3417 3947 3567 3998 ordi-

1942 4046 2104 4090 natus
2156 4048 2241 4091 est
2295 4047 2424 4090 ante
2477 4037 2926 4090 constitutionem
2962 4038 3174 4090 mundi.
3203 4037 3269 4090 Et
3310 4035 3566 4090 fortassis

1899 4136 1904 4142 '
1940 4130 2208 4186 curiosius
2251 4129 2525 4184 videbitur
2555 4130 2598 4183 si
2634 4129 2872 4193 dicatur,
2924 4131 3146 4184 dicetur
3189 4140 3393 4183 tamen.
3425 4132 3566 4195 Quia

1940 4221 2094 4289 panis
2121 4234 2284 4289 quem
2329 4220 2654 4290 frangimus,
2692 4221 2995 4274 secundum
3031 4221 3083 4274 id
3131 4223 3275 4290 quod
3314 4232 3565 4286 apparet,

1940 4328 2004 4367 ex
2049 4313 2231 4367 tritico
2259 4313 2543 4367 coniectus
2574 4325 2678 4378 est,
2708 4315 3012 4382 saginatus,
3059 4323 3135 4378 et,
3175 4326 3234 4366 ut
3268 4315 3442 4368 Cra-ci
3481 4318 3570 4366 ιιι-

1941 4419 2100 4473 cunt,
2160 4409 2430 4474 σιτευτὸς,
2463 4409 2739 4463 frumento
2770 4421 2959 4477 pastus
3007 4411 3271 4463 dicendus
3303 4421 3409 4464 est.
3464 4412 3565 4463 Se-

1941 4505 2179 4557 cundum
2216 4503 2319 4556 hoc
2355 4511 2540 4556 autem
2571 4504 2716 4570 quod
2746 4517 2841 4571 per
2874 4502 3026 4555 illum
3061 4502 3384 4572 intelligitur
3418 4503 3563 4570 quod

227 4593 558 4671 φαινόμενον
599 4592 724 4660 μὲν,
772 4592 838 4644 ὲκ
872 4592 1025 4645 σίτου
1075 4589 1372 4654 συνεστὼς,
1426 4589 1674 4651 σιτευτὸς
1727 4591 1830 4658 611-

1940 4608 2069 4646 caro
2117 4604 2218 4654 est,
2278 4591 2480 4645 vitulus
2534 4592 2714 4645 dictus
2739 4599 2846 4645 est.
2891 4590 3096 4658 Etipse
3127 4603 3210 4644 est
3250 4591 3475 4650 vitulus.
3509 4603 3566 4646 ct

226 4686 389 4754 θείη*
432 4684 576 4738 κατά
621 4684 684 4737 τὸ
728 4683 1024 4755 νοούμενον
1077 4684 1134 4736 δὲ
1177 4683 1318 4754 σὰρξ
1375 4681 1474 4746 ὢν,
1511 4683 1717 4752 μόσχος
1768 4682 1836 4734 ἂν

225 4779 466 4850 λεχθείη.
505 4779 616 4832 Καὶ
642 4781 668 4833 6
697 4778 862 4842 αὐτός
893 4778 1012 4830 ἐστι
1036 4778 1261 4848 μόσχος,
1293 4778 1389 4831 καὶ
1420 4777 1690 4839 σιτευτός.
1720 4778 1837 4839 Πᾶς

225 4874 325 4927 οῦν
358 4872 782 4942 βαπτιζόμενος,
830 4871 929 4924 ml
958 4871 1072 4934 υίὸς
1104 4870 1244 4923 Θεοῦ
1283 4870 1596 4940 γινόμενος,
1627 4870 1834 4939 μᾶλλον

225 4967 283 5019 δὲ
316 4964 861 5033 ἀποκαθιστάμενος,
894 4962 992 5015 καὶ
1022 4961 1212 5037 ἁπλῶς
1231 4964 1338 5024 πᾶς
1364 4963 1392 5014 6
1415 4960 1529 5014 ἀπὸ
1553 4960 1834 5030 ἁμαρτίας

225 5058 689 5128 καθαριςόμενος,
750 5056 844 5109 τοῦ
909 5056 1116 5125 μόσχου
1175 5054 1369 5109 τούτου
1428 5053 1525 5108 τοῦ
1584 5052 1834 5107 σιτευτοῦ

226 5153 499 5215 κοινωνεῖ,
534 5152 628 5205 καὶ
661 5149 1005 5219 εὐφροσύνης
1044 5150 1219 5212 αἶτιος
1251 5149 1345 5202 καὶ
1388 5146 1466 5217 τῷ
1504 5147 1705 5215 Πατρὶ,
1741 5147 1837 5200 καὶ

223 5247 338 5307 τοῖς
368 5242 578 5306 δούλοις
607 5243 777 5296 αὑτοῦ
823 5241 1173 5305 καθίσταται,
1212 5240 1470 5311 ἀγγέλοις
1509 5241 1606 5293 καὶ
1649 5241 1833 5311 ἱερεῦ-

226 5356 318 5391 σιν
360 5339 437 5400 ὡς
483 5338 547 5389 ὲκ
578 5337 909 5408 νεκρώσεως
957 5337 1262 5406 ἀναζήσας,
1300 5336 1395 5388 καὶ
1446 5334 1508 5399 ἐξ
1549 5335 1832 5398 ἀπωλείας

223 5430 509 5500 εὑρεθείςο
545 5431 671 5482 ὅσον
713 5429 811 5498 μὲν
864 5430 973 5496 γὰρ
1028 5429 1120 5481 ἐπὶ
1150 5431 1216 5497 τῇ
1245 5428 1346 5497 τῆς
1378 5428 1578 5490 κακίις
1604 5445 1832 5497 περιουο

225 5521 321 5592 σία
354 5524 550 5590 νεκρὸς
577 5517 670 5592 ἦν,
715 5523 1144 5590 ἀπεγνωσμένος
1179 5521 1424 5590 δηλαδή·
1477 5522 1603 5574 ὅσον
1641 5521 1698 5573 δὲ
1733 5518 1825 5573 ἐπὶ

118 5676 120 5678 τ
218 5617 290 5688 τῇ
345 5614 670 5694 ἀνθρωπίνη
716 5613 880 5683 φύσει
937 5616 1003 5683 τῇ
1058 5617 1308 5684 τρεπτῇ,
1352 5613 1444 5666 καὶ
1495 5615 1560 5666 ἐκ
1611 5613 1812 5677 κακίας

1951 4687 2254 4755 saginatus.
2293 4683 2485 4738 Omnis
2539 4682 2702 4751 igitur
2728 4685 2820 4752 qui
2851 4685 3184 4750 baptizatur,
3213 4693 3267 4735 et
3297 4683 3440 4735 lilius
3472 4682 3568 4736 Dei

1951 4776 2204 4839 efﬁcitur,
2259 4777 2370 4831 imo
2397 4777 2728 4839 restituitur,
2778 4777 2910 4830 etin
2939 4791 3149 4829 summa
3189 4776 3368 4828 omnis
3407 4777 3497 4844 qui
3537 4792 3569 4830 a

1951 4879 2179 4939 peccato
2233 4878 2499 4939 purgatur
2541 4870 2816 4937 particeps
2884 4868 2943 4921 lit
2997 4869 3234 4936 saginati
3287 4867 3434 4923 illius
3469 4869 3565 4924 Vi-

1951 4963 2071 5027 tuli,
2101 4971 2156 5017 et
2191 4963 2393 5017 lat-tiliae
2431 4973 2624 5017 auctor
2656 4961 2714 5015 (lt
2748 4959 2896 5014 Patri
2945 4974 2999 5015 ct
3032 4963 3204 5016 servis
3231 4962 3370 5029 ejus,
3405 4976 3573 5031 ange-

1938 5055 2012 5110 lis
2037 5065 2092 5110 et
2142 5053 2547 5119 sacerdotibus,
2584 5064 2843 5123 tanquam
2895 5069 2962 5107 ex
2997 5063 3173 5106 morte
3226 5056 3568 5108 resurrexis-

1940 5159 2045 5212 set,
2079 5157 2134 5202 et
2166 5158 2286 5217 post
2308 5147 2671 5217 perditionem
2705 5146 2901 5201 luisset
2934 5146 3210 5200 inventus.
3229 5145 3363 5198 Nam
3386 5161 3567 5216 quan-

1940 5254 2053 5296 tum
2092 5241 2160 5296 ad
2199 5241 2422 5296 malitiae.
2451 5241 2843 5295 abundantiam
2884 5249 3131 5294 mortuus
3153 5251 3295 5304 erat,
3345 5253 3398 5294 et
3433 5243 3562 5296 des--

1937 5346 2191 5405 peratus:
2248 5343 2516 5404 quantum
2554 5348 2682 5388 vero
2711 5335 2778 5388 ad
2805 5334 3100 5387 humanam
3134 5344 3413 5398 naturam,
3443 5349 3564 5401 qua:

1935 5427 2207 5482 vertibilis
2260 5436 2344 5480 est
2395 5435 2447 5479 et
2491 5425 2904 5480 valetamahlia
2924 5428 2989 5478 ad
3026 5427 3281 5479 tirtutetn
3327 5426 3558 5492 ingredi,

1938 5520 2182 5590 perditus
2212 5520 2436 5575 dicitur.
2475 5518 2726 5574 Perditus
2749 5520 2894 5572 enim
2925 5519 3110 5575 mitius
3145 5522 3373 5581 dicitur,
3396 5535 3565 5589 quam

1942 5623 2214 5666 lllOl'lUllF.

221 5708 499 5776 δυναμένη
529 5706 608 5769 είς
657 5706 860 5776 ἀρετὴν
923 5708 1280 5769 μεταπεσεῖν,
1303 5704 1603 5768 ἀπολωλὼς
1627 5704 1874 5773 λέγεται·
1912 5706 1940 5758 6
1973 5706 2085 5772 γὰρ
2120 5704 2422 5767 ἀπολωλὼς
2456 5706 2851 5776 μετριώτερον,
2886 5707 2918 5776 ἢ
2952 5707 2980 5758 ό
3008 5707 3223 5777 νεκρός.

303 5823 319 5854 ι
364 5799 472 5852 'llv
502 5801 558 5852 δὲ
591 5802 620 5851 ὁ
661 5801 774 5862 υίὸς
820 5799 988 5852 αὐτοῦ
1043 5801 1070 5850 6
1120 5799 1493 5870 πρεσϐύτερος
1547 5800 1604 5852 ἐν
1644 5799 1822 5869 ἀγρῷ,

247 5921 250 5923 λ
345 5897 418 5956 tit;
447 5893 741 5963 ἐρχόμε-ιιμς
767 5893 960 5959 ivngit:
993 5896 1053 5959 τῆ
1083 5893 1250 5961 οἰκίᾳ,
1279 5893 1475 5958 ἢκουσε
1506 5895 1829 5963 sua-fontis;

2016 5796 2176 5851 Vsus.
2237 5797 2434 5852 25-32.
2477 5819 2493 5849 ι
2531 5799 2664 5853 Erat
2714 5813 2897 5854 autem
2936 5801 3078 5853 ﬁlius
3135 5800 3258 5868 ejus
3290 5804 3478 5856 senior
3507 5807 3561 5861 in

1953 5908 2104 5961 agro,
2158 5903 2211 5946 ct
2261 5909 2386 5946 cum
2441 5895 2649 5949 veniret
2688 5904 2741 5950 ct
2797 5898 3292 5966 appropiurtUaSs'ort
3348 5900 3557 5959 tlt'ltl‘tl.
