4228 6428
181 429 293 497 985

912 421 1363 489 ENARRATIO
1405 422 1485 484 IN
1529 420 2033 484 EVANGELIUM
2068 420 2283 484 ιυΟιΕ
2329 449 2398 459 -
2421 422 2581 484 CAP.
2611 423 2765 485 XVI.

3363 426 3374 436 ’
3413 425 3518 491 966

173 538 644 611 ταχειριζόμενοι,
663 534 780 589 ἀλλ’
799 534 882 597 εἰς
908 533 1122 596 οἰκείας
1169 530 1452 591 σπατάλας
1479 530 1595 591 τοῖς
1623 526 1793 580 δοθεῖ-

1914 528 2224 584 Dominiest
2259 530 2403 584 datis
2453 531 2529 585 uti
2561 530 2613 583 in
2674 547 2805 585 usus
2839 547 3256 598 conservorum,
3295 549 3399 589 non
3465 540 3521 592 in

177 651 277 687 σιν
324 629 742 703 ἀποχρώμενοι,
797 625 1223 696 διαϐεϐλημένοι
1278 625 1447 692 ἐσμὲν
1497 620 1797 690 οἰκονόμοι.

174 724 356 792 Βούλη
367 742 443 792 μα
468 722 578 793 γὰρ
607 721 703 775 τοῦ
728 718 1004 773 Δεσπότου
1029 717 1146 770 ἐστὶ
1169 715 1409 788 χρᾶσθαι
1435 715 1546 773 τοῖς
1569 713 1802 765 δοθεῖσιν

176 819 264 879 εἰς
301 817 399 878 τάς
431 816 542 869 τῶν
578 813 894 885 ὁμοδούλων
924 811 1137 882 χρείας,
1173 810 1274 862 οὑκ
1305 809 1386 870 εἰς
1414 808 1625 868 οἰκείας
1660 822 1796 875 τρυ-

183 909 319 977 φάς·
374 907 793 978 διαϐαλλόμενοι
848 905 906 959 δὲ
961 905 1058 957 καὶ
1112 902 1402 973 μέλλοντες
1437 897 1798 969 μεθίστασθαι

174 1006 280 1074 τῆς
307 1003 623 1073 οἰκονομίας
651 1003 761 1056 τῶν
813 1001 1140 1073 χρημάτων,
1177 997 1299 1068 ἦτοι
1326 994 1423 1049 τοῦ
1462 993 1579 1064 βίου
1606 994 1797 1046 τούτου

179 1095 582 1159 ἱκκόπτεσθαι,
647 1095 736 1147 ὅτε
795 1090 1000 1162 δηλαδὴ
1048 1089 1145 1142 καὶ
1195 1088 1356 1154 λόγον
1397 1085 1649 1155 δώσομεν
1697 1085 1799 1154 τῆς

179 1188 502 1257 οἰκονομίας
547 1187 685 1255 μετά
711 1185 810 1256 τὴν
842 1182 1056 1247 ὶνθένδε
1090 1180 1448 1251 μετάστασιν,
1481 1178 1578 1230 ιάν
1609 1177 1800 1246 φρόνι-

181 1299 276 1351 μοι
317 1274 495 1351 ὦμεν,
528 1274 982 1347 ὲπαισθανόμεθα
1013 1274 1111 1344 ὀψὲ
1140 1271 1276 1341 γοῦν
1316 1269 1412 1324 τοῦ
1441 1270 1678 1332 δέοντος,
1704 1269 1801 1321 καὶ

179 1372 452 1442 ποιοῦμεν
493 1373 628 1444 ἡμῖν
677 1371 892 1432 ἑαυτοῖς
928 1367 1119 1436 φίλους
1169 1368 1234 1418 ὲκ
1287 1363 1397 1420 τῶν
1440 1364 1539 1433 τῆς
1573 1361 1798 1425 ἀδικίας

181 1465 520 1538 χρημάτων
561 1462 776 1522 ἀδικίας
808 1461 862 1514 δὲ
885 1460 1151 1531 χρήματα
1187 1460 1370 1510 ἐκεῖνα
1401 1454 1794 1526 ὀνομάζονται,

177 1559 286 1612 ὅσα
331 1561 358 1612 ό
401 1558 501 1627 μὲν
537 1557 744 1628 Κύριος
777 1554 1013 1609 δέδωκεν
1054 1550 1448 1606 ἀναλίσκεσθαι
1477 1550 1559 1612 εἰς
1605 1550 1797 1620 χρείας

175 1651 292 1704 τῶν
329 1651 598 1720 ἀδελφῶν,
634 1650 729 1702 καὶ
765 1645 1101 1717 ὁμοδούλων,
1146 1645 1314 1715 ἡμεῖς
1360 1642 1416 1695 δὲ
1447 1643 1662 1705 ἑαυτοῖς
1696 1657 1801 1693 πα-

181 1744 626 1813 ρακατέσχομεν.
691 1737 837 1792 Ἀλλ’
879 1737 978 1808 ὀψὲ
1031 1735 1164 1804 γοῦν
1211 1733 1662 1805 συναισθώμεθα,
1698 1733 1794 1785 ποῖ

179 1833 492 1904 φερόμεθα,
531 1836 626 1887 καὶ
659 1833 739 1885 ὅτι
770 1834 828 1886 ἑν
863 1831 930 1901 τῇ
967 1829 1152 1899 ἡμέρᾳ
1186 1827 1374 1898 ἐκείνῃ
1402 1823 1526 1878 οὔτε
1558 1823 1796 1894 κάμνειν

1907 623 2157 690 proprias
2181 621 2455 676 delicias:
2504 637 2671 692 porro
2721 622 2813 692 qui
2861 635 3197 679 accusantur
3247 634 3303 681 et
3345 627 3520 683 desti-

1905 722 2181 767 tuunlnra
2215 715 2627 783 dispensatione
2681 717 3022 782 divitiarum.
3053 720 3108 774 hi
3146 731 3274 775 sunt
3304 723 3396 790 qui
3447 739 3516 778 ex

1906 805 2010 861 bac
2035 807 2142 859 vita
2166 808 2463 877 emigrant,
2514 809 2734 876 quando
2761 811 2969 865 scilicet
2997 823 3053 867 et
3087 815 3355 870 rationem
3423 817 3521 870 da-

1904 896 2082 949 bimus
2110 897 2178 951 de
2203 899 2636 968 dispensatione,
2670 916 2792 955 cum
2831 905 3073 958 destituti
3127 905 3413 963 fuerimus.
3460 908 3520 964 Si

1904 987 2089 1056 itaque
2121 989 2419 1057 prudentes
2443 1005 2712 1056 essemus,
2738 994 2820 1048 vel
2854 996 3007 1050 tarde
3033 998 3365 1055 sentiremus
3381 1002 3515 1072 quid

1906 1076 2058 1131 facto
2098 1093 2263 1148 opus,
2299 1091 2353 1133 et
2401 1081 2710 1137 laceremus
2744 1085 2899 1138 nobis
2955 1089 3162 1141 amicos
3190 1103 3255 1142 ex
3310 1090 3518 1146 divitiis

1905 1173 2210 1243 injustitiar.
2295 1175 2565 1231 Dicuntur
2629 1188 2810 1232 autem
2889 1180 3096 1235 divitia:
3186 1183 3520 1254 iniustitiae,

1904 1280 2044 1334 quas
2095 1267 2254 1322 nobis
2285 1265 2549 1323 Dominus
2597 1269 2652 1323 in
2723 1285 2853 1325 usus
2905 1272 3138 1326 fratrum
3204 1286 3254 1329 et
3287 1285 3527 1332 conser-‘

1903 1375 2096 1413 verum
2135 1361 2489 1415 insnmendas
2531 1363 2697 1429 dedit,
2756 1379 2856 1418 nos
2911 1377 3094 1419 autem
3155 1368 3312 1422 nobis
3339 1368 3511 1438 depoc

1902 1455 2036 1508 sitas
2104 1465 2372 1510 tenenms.
2427 1454 2624 1510 Verum
2686 1457 2767 1510 vel
2817 1459 2974 1513 tarde
3049 1462 3358 1516 sentiamus
3411 1480 3519 1533 quo

1903 1547 2170 1614 feramur,
2205 1560 2254 1603 et
2282 1550 2424 1617 quod
2453 1566 2576 1603 cum
2605 1551 2722 1605 dies
2747 1551 2833 1604 illa
2857 1554 3091 1619 venerit,
3125 1570 3301 1622 neque
3360 1557 3516 1611 labo-

1903 1656 2025 1695 rare
2082 1643 2410 1710 poterimus.
2451 1643 2569 1697 Non
2606 1645 2751 1699 enim
2786 1656 2914 1701 tunc
2944 1647 3047 1700 erit
3077 1649 3337 1717 Operandi
3384 1660 3521 1704 tem-

1902 1752 2023 1806 pus,
2090 1753 2268 1807 ueque
2295 1751 2421 1792 tunc
2455 1740 2745 1794 honestum
2810 1742 2915 1796 erit
2956 1743 3305 1797 mendicare:
3341 1745 3521 1798 stulta:

1901 1832 2045 1885 enim
2082 1832 2318 1902 virgines
2345 1833 2603 1887 dicuntur
2619 1851 2740 1904 qua:
2796 1837 3103 1890 mendicant
3133 1855 3146 1892 :
3173 1838 3304 1906 quid
3355 1839 3521 1908 igitur

177 1927 464 1997 δυνάμεθα
489 1943 505 1959 ο
534 1926 800 1998 ἐργασίας
831 1924 942 1995 γὰρ
973 1921 1073 1973 οὑκ
1103 1919 1220 1972 ἐστι
1271 1918 1395 1971 τότε
1425 1917 1641 1988 καιρός
1672 1913 1798 1968 οὔτε

1914 1923 2201 1993 reliquum,
2239 1940 2401 1993 quam
2438 1935 2495 1979 ut
2528 1925 2723 1981 barum
2751 1929 3066 1982 divitiarum
3093 1928 3293 1984 fratres
3350 1933 3520 2002 parti-

179 2023 436 2075 ἐπαιτεῖν
462 2018 775 2090 εὐπρεπές·
810 2015 994 2087 μωραλ⁵
1024 2014 1136 2083 γὰρ
1171 2013 1229 2065 αἰ
1259 2010 1521 2082 παρθένοι
1556 2010 1611 2063 αἰ
1640 2013 1798 2063 ἐπαι-

180 2116 429 2186 τήσασαι
459 2113 847 2182 ὀνομάζονται.
878 2109 946 2161 Τί
977 2107 1161 2161 τοίνυν
1207 2103 1434 2169 λοιπόν;
1474 2103 1548 2156 Τὸ
1581 2116 1799 2173 συμμε-

186 2208 383 2279 ριστάς
410 2204 638 2276 ποιῆσαι
659 2205 769 2258 τῶν
793 2201 1097 2274 χρημάτων
1117 2199 1328 2253 τούτων
1349 2199 1478 2261 τοὺς
1507 2197 1794 2266 ἀδελφοὺς,

182 2301 257 2353 ἶν’
281 2301 413 2353 ὃταν
434 2299 750 2368 ὲκλίπωμεν
776 2293 1052 2358 ἐντεῦθεν,
1076 2292 1385 2355 τουτέστιν,
1413 2291 1523 2344 ἀπὸ
1557 2289 1652 2344 τοῦ
1681 2288 1798 2360 βίου

183 2396 380 2449 τούτου
413 2393 814 2465 ἀναχωρῶμεν,
855 2390 1120 2456 δέξωνται
1143 2387 1292 2459 ἡμᾶς
1337 2387 1387 2438 οἰ
1447 2385 1680 2454 πένητες
1720 2383 1801 2445 εἰς

180 2489 286 2550 τὰς
312 2485 566 2548 αἰωνίους
599 2483 826 2554 σκηνάςθ
854 2485 966 2544 τοῖς
991 2480 1100 2550 γὰρ
1122 2483 1180 2533 ὲν
1217 2477 1443 2550 Χριστῷ
1474 2477 1706 2546 πένησιν
1733 2476 1789 2526 αἱ

183 2580 411 2634 αἰώνιαι
446 2579 645 2649 σκηναὶ
663 2574 1170 2646 ἀπεκληρώθησαν,
1211 2573 1292 2635 εἰς
1327 2570 1392 2635 ἃς
1422 2569 1682 2623 δύνανται
1705 2568 1799 2621 δέ-

184 2672 389 2740 ξασθαι
400 2673 525 2734 τοὺς
542 2667 779 2723 ἐνταῦθα
795 2669 978 2737 αὐτοῖς
997 2667 1356 2736 φιλιάσαντας
1377 2664 1466 2717 διά
1484 2663 1585 2733 τῆς
1604 2663 1804 2726 δόσεως

186 2770 302 2821 τῶν
339 2765 663 2837 χρημάτων,
699 2761 736 2817 ἃ
773 2761 1092 2814 Δεσποτικά
1120 2759 1252 2812 ὄντα
1287 2761 1398 2822 τοῖς
1439 2760 1668 2827 πένησιν
1698 2757 1807 2810 ἔδει

185 2864 248 2928 ἐξ
280 2860 455 2932 ἀρχῆς
495 2856 737 2928 δοθῆναι.
773 2849 936 2908 Οὗτοι
967 2852 1077 2923 γὰρ
1108 2851 1159 2904 οἰ
1209 2850 1487 2923 χρεῶσται
1544 2850 1686 2902 κατὰ
1734 2849 1795 2902 τὸ

183 2955 506 3022 εἰρημένονσ
530 2968 549 3001 t
587 2948 758 3018 Ὅλην
775 2947 873 3017 τὴν
890 2945 1106 3016 ἡμέραν
1135 2944 1295 3006 ἐλεεῖ,
1319 2943 1412 2996 καὶ
1439 2942 1676 3005 δανείζει
1693 2941 1808 2994 ὁδί-

185 3063 367 3108 καιοςο
385 3065 401 3096 ›
427 3045 526 3098 καὶ
549 3042 732 3096 πάλιν·
776 3059 794 3091 ι
832 3041 893 3094 ’0
919 3039 1085 3092 ἐλεῶν
1111 3038 1330 3107 πτωχὸν
1362 3037 1600 3099 δανείζει
1621 3035 1759 3105 Θεῷ.
1784 3053 1801 3087 ι

191 3140 344 3192 Ἐδει
401 3139 502 3208 μὲν
551 3131 646 3188 οὖν
698 3131 1133 3203 προηγουμένως
1176 3129 1356 3182 πάππα
1413 3128 1634 3198 δοθῆναι
1689 3128 1804 3188 τοῖς

189 3230 382 3296 καλοῖς
412 3227 626 3289 τούτοις
657 3225 1090 3296 χρεωφειλέταις
1115 3225 1229 3284 τοίς
1261 3218 1806 3274 ἑκατονταπλασίονα

189 3321 532 3379 ἀποδιδοῦσι.
581 3320 729 3388 Πλὴν
777 3318 901 3371 ἐπεὶ
949 3315 1229 3386 οἰκονόμοι
1269 3316 1370 3382 τῆς
1411 3313 1627 3375 ἀδικίας
1657 3312 1806 3381 εὑρι-

193 3416 470 3484 σκόμεθα,
523 3414 728 3476 ἀδίκως
773 3411 1258 3482 παρακατέχοντες
1291 3409 1327 3462 ἃ
1380 3408 1561 3468 ἄλλοις
1597 3403 1810 3475 ἀφώρι-

189 3529 341 3576 σται,
374 3511 447 3582 μὴ
473 3510 651 3579 πάντη
689 3507 954 3578 μενητέον
984 3505 1042 3557 ἐν
1087 3503 1261 3574 ταύτῃ
1308 3505 1374 3573 τῇ
1409 3500 1805 3570 ἀπανθρωπεᾳ,

189 3606 331 3659 ἀλλά
370 3603 695 3675 μεταδοτέον
739 3604 853 3665 τοῖς
883 3600 1136 3672 πένησιν,
1168 3598 1256 3651 ῐνα
1290 3597 1421 3666 παρ’
1451 3595 1632 3654 αὐτῶν
1668 3594 1804 3648 ύπο-

186 3697 477 3768 δεχθῶμεν
505 3697 584 3759 εἰς
609 3695 711 3758 τὰς
731 3694 987 3757 αἰωνίους
1014 3690 1243 3761 σκηνάς.
1266 3690 1455 3753 Οὕτως
1485 3684 1577 3740 οὖν
1600 3688 1810 3754 ἐκλαμ-

187 3791 448 3845 ϐάνουσιν
478 3789 610 3859 ἡμῖν
627 3787 725 3858 τὴν
743 3785 1079 3856 παραϐολὴν,
1098 3783 1248 3836 οῦδὲν
1284 3781 1561 3852 περιτ.ὸν,
1587 3781 1618 3850 ἢ
1657 3777 1809 3848 περί-

188 3881 436 3955 εργον,ἢ
469 3879 978 3954 όνετροκριτκὶντῇ
1012 3877 1273 3947 ἐξηγήσει
1301 3876 1626 3945 ἀπαντήσει.
1656 3874 1816 3925 Δοκεῖ

190 3977 254 4034 δὲ
274 3976 566 4031 ἀλλόκοτόν
596 3993 650 4028 τι
682 3973 972 4045 σημαίνειν
997 3973 1059 4024 τό
1083 3986 1098 4002 °
1125 3969 1245 4023 Υἰοί
1269 3968 1365 4022 τοῦ
1393 3969 1590 4030 αἰῶνος
1617 3970 1810 4019 τούτου

194 4071 607 4142 φρονιμώτεροι
635 4070 766 4131 εἰσι,
797 4069 893 4120 καὶ
922 4069 992 4119 τά
1018 4063 1170 4135 ἑξῆς.
1202 4064 1318 4116 Ούκ
1350 4063 1467 4114 ἔστι
1506 4061 1564 4114 δὲ
1595 4061 1809 4113 δυσπα-

196 4164 628 4237 ρακολούθητον,
678 4161 710 4234 ἢ
764 4159 992 4225 ξενίζον.
1042 4157 1209 4220 Υἰοὺς
1270 4158 1381 4227 γάρ
1425 4155 1622 4217 αἰῶνός
1676 4171 1808 4224 φησι

195 4262 417 4325 τούτου,
474 4258 601 4319 τοὺς
652 4254 1076 4324 ὲπινοουμένους
1136 4253 1318 4306 πάντα
1370 4251 1438 4303 τὰ
1503 4252 1560 4303 ὲν
1613 4252 1680 4320 τῇ
1735 4252 1807 4319 γῇ

196 4356 387 4416 αὐτοῖς
428 4346 840 4404 λυσιτελοῦντα·
880 4348 1029 4408 υἰοὺς
1060 4347 1117 4398 δὲ
1163 4344 1367 4408 φωτὸς,
1411 4343 1810 4410 τοὺςνιόφειλον-

195 4462 301 4506 τας
331 4445 421 4496 τὶν
455 4440 831 4511 πνευματικὸν
874 4438 1106 4492 πλοῦτον
1159 4435 1644 4508 μεταχειρίζεσθαι
1694 4435 1811 4487 θεο-

200 4535 400 4607 φιλῶς.
441 4535 615 4588 Τοῦτο
652 4531 748 4588 οὖν
787 4532 960 4601 λέγει,
1003 4532 1086 4583 ὅτι
1115 4531 1180 4584 Oi
1219 4529 1498 4600 ἄνθρωποι
1533 4547 1559 4581 ο
1586 4529 1810 4598 κονόμοι

1904 2019 2054 2086 cipes
2086 2017 2378 2084 faciamus,
2411 2028 2470 2073 ut
2515 2022 2734 2089 quando
2781 2021 2911 2075 hinc
2971 2021 3360 2087 defecerimus,
3415 2026 3518 2080 hoc

1904 2121 1988 2164 est
2046 2125 2115 2164 ex
2142 2111 2242 2165 hac
2261 2112 2369 2164 vita
2391 2113 2813 2177 excesserimus,
2844 2116 3118 2185 accipiant
3166 2133 3264 2170 nos
3306 2133 3511 2187 paupe-

1905 2201 2062 2256 resin
2083 2213 2290 2257 aeterna
2320 2204 2674 2259 tabernacula
2702 2205 2976 2261 hiberna
2993 2209 3138 2262 enim
3167 2209 3519 2263 tabernacula

1904 2297 2242 2366 pauperibus
2268 2296 2321 2352 in
2354 2297 2580 2353 Christo
2617 2301 2916 2355 constituta
2953 2312 3103 2364 sunt,
3139 2303 3190 2357 in
3223 2319 3344 2371 quae
3394 2320 3519 2373 pos-

1908 2389 2020 2443 sint
2056 2391 2302 2458 recipere
2334 2407 2430 2446 eos
2481 2392 2573 2462 qui
2617 2393 2706 2448 hic
2770 2394 2907 2464 ipsis
2966 2397 3143 2450 amice
3215 2400 3282 2452 de
3342 2400 3520 2462 bonis.

1906 2499 2030 2553 quae
2065 2493 2191 2536 sunt
2245 2484 2550 2550 Dominica,
2586 2486 2917 2555 largiuntur.
2976 2488 3317 2559 Pauperibus
3376 2493 3522 2545 enim

1908 2573 2145 2644 primum
2190 2576 2524 2631 debebamus
2556 2579 2688 2631 dare
2723 2597 2735 2633 :
2767 2594 2892 2633 nam
2931 2579 3003 2632 illi
3035 2582 3311 2637 debitores
3371 2594 3522 2643 sunt.

1910 2671 2207 2722 secundum
2247 2670 2350 2723 hoc
2381 2672 2527 2739 quod
2557 2672 2759 2725 dictum
2794 2681 2880 2727 est
2909 2692 2921 2724 τ
2964 2693 2980 2724 ι
3016 2673 3150 2729 Tela
3184 2677 3269 2730 die
3301 2680 3528 2732 miserr~

1911 2770 1996 2814 tur
2013 2762 2587 2829 etcommodatjustus
2606 2764 2706 2828 ⁸⁰”;
2739 2784 2757 2815 ι
2799 2774 2852 2819 et
2882 2767 3136 2828 iternnu
3164 2769 3265 2834 Qui
3299 2772 3530 2825 misere-

1913 2863 1998 2907 tur
2030 2855 2276 2925 pauperi,
2306 2855 2588 2909 fenerator
2622 2856 2731 2911 Deo
2765 2858 2866 2911 εί.»
2902 2859 3203 2929 Oportebat
3233 2863 3398 2932 igitur
3421 2865 3531 2932 pri-

1912 2961 2059 2999 mum
2094 2947 2225 3000 dare
2285 2946 2442 3001 bouis
2505 2947 2614 3002 illis
2683 2949 3050 3017 debitoribus,
3119 2952 3210 3021 qui
3272 2953 3527 3022 ccntnpla

1915 3038 2174 3093 reddunt.
2216 3038 2415 3093 Verum
2452 3041 2576 3110 quia
2614 3040 3027 3110 dispensatores
3059 3045 3342 3112 injustitiae
3372 3047 3533 3099 inve-

1922 3131 2127 3195 nimur,
2159 3129 2363 3198 injuste
2405 3131 2703 3185 retinentes
2733 3148 2853 3200 qua:
2893 3133 3016 3188 aliis
3080 3137 3320 3205 seposita
3379 3146 3532 3202 sunt,

1915 3235 2026 3274 non
2058 3237 2279 3292 semper
2307 3226 2635 3278 manendum
2667 3226 2774 3279 erit
2804 3228 2859 3279 in
2903 3228 3004 3283 hac
3034 3229 3381 3294 infidelitate,
3434 3237 3529 3286 sed

1916 3317 2437 3370 communicandum
2467 3319 2821 3388 pauperibus,
2846 3330 2902 3374 ut
2923 3323 2992 3374 ab
3016 3324 3146 3391 ipsis
3163 3325 3535 3393 suscipiamnr

1919 3409 1970 3463 in
2003 3421 2210 3463 aeterna
2244 3410 2623 3464 tabernacula.
2660 3411 2752 3465 Sic
2789 3413 2956 3482 igitur
2992 3414 3151 3468 nobis
3202 3420 3534 3485 exponenti-

1922 3501 2024 3554 bus
2057 3501 2397 3570 parabolam,
2432 3503 2566 3556 nihil
2593 3505 2674 3556 vel
2707 3505 3069 3573 superﬂuum,
3107 3511 3186 3562 vel
3225 3511 3531 3574 curiosum,

1917 3594 2002 3648 vel
2037 3595 2467 3651 somniculosum
2507 3600 2823 3651 enarrando
2864 3612 3140 3656 occurret.
3179 3600 3408 3655 Videtur
3437 3620 3534 3654 att-

1918 3695 2023 3740 tem
2057 3696 2110 3740 et
2139 3686 2373 3741 alienum
2403 3688 2661 3756 quiddam
2736 3690 3071 3759 significare,
3121 3692 3311 3747 dicens
3340 3712 3352 3747 :
3411 3691 3533 3748 Filii

1919 3780 2078 3850 hujus
2113 3781 2296 3834 swculi
2350 3782 2738 3850 prudentiores
2795 3797 2943 3850 sunt,
3000 3796 3110 3838 etc.
3165 3785 3283 3839 Non
3349 3799 3534 3843 autem

1917 3879 2057 3928 male
2091 3876 2351 3941 coliteret,
2379 3876 2818 3945 nequeaiicuum
2855 3889 2958 3933 est.
2994 3877 3163 3934 Filios
3193 3882 3339 3934 enim
3365 3883 3529 3951 hujus

1916 3968 2099 4022 smculi
2147 3969 2404 4022 diciteos
2462 3971 2552 4038 qui
2621 3971 2844 4024 laudant
2878 3975 3061 4026 omnia
3095 3989 3218 4042 qua:
3276 3974 3328 4027 in
3389 3986 3534 4030 terra

1919 4063 2131 4116 lucrosa
2160 4073 2286 4117 sunt
2315 4082 2328 4117 :
2368 4064 2507 4117 ﬁlios
2537 4079 2668 4118 vero
2693 4066 2855 4127 lucis,
2883 4081 2979 4120 eos
3045 4069 3135 4136 qui
3182 4069 3380 4122 debent
3446 4071 3536 4139 pie

1917 4154 2233 4222 spirituales
2265 4156 2488 4209 divitias
2521 4158 2955 4213 cuuununicare.
2991 4158 3105 4213 lloc
3157 4161 3325 4230 igitur
3357 4162 3488 4215 dicit
3518 4179 3531 4217 :

1916 4249 2180 4303 Homines
2234 4249 2490 4304 humanis
2537 4250 3038 4320 dispensationibns
3102 4255 3369 4322 praefecti,
3410 4272 3535 4311 om-

1919 4345 2077 4399 nibus
2149 4344 2322 4397 mod-is
2372 4359 2560 4398 curam
2623 4346 2830 4398 habent
2894 4355 2948 4400 et
2986 4349 3278 4417 provident
3311 4360 3368 4402 ut
3410 4365 3534 4404 cum

1915 4436 2160 4490 destituti
2205 4437 2409 4489 luerint
2442 4452 2469 4487 a
2502 4436 2933 4504 dispensationis
2971 4453 3223 4503 munere,
3282 4441 3534 4495 consola-

1918 4531 2122 4584 tionem
2183 4529 2465 4596 habeant;
2509 4530 2599 4598 qui
2637 4542 2820 4584 autem
2864 4533 2958 4584 lilii
3003 4533 3139 4587 lucis
3186 4534 3536 4601 onlinantur,

202 4638 308 4706 μὲν
361 4631 722 4703 ἀνθρωπίνων
789 4629 1114 4699 διοικήσεων
1169 4626 1566 4697 καθιστάμενοι
1627 4625 1804 4678 πάντα

1922 4627 2022 4678 hoc
2053 4635 2159 4687 εει,
2200 4623 2401 4692 quibus
2442 4623 2758 4678 concredita
2800 4637 2885 4678 ρει
2922 4626 3226 4694 spiritualis
3274 4630 3541 4695 pecunia-

197 4728 406 4799 τρόπον
438 4724 954 4797 πραγματεύονται,
997 4723 1146 4784 ὅπως
1179 4722 1318 4790 μετὰ
1365 4721 1426 4772 τὸ
1461 4719 1807 4790 μετασταθῆ-

199 4840 295 4876 ναι
329 4822 395 4874 ὲκ
427 4819 526 4889 τῆς
574 4817 912 4888 οίκονομίας,
965 4814 1132 4885 ἔχωσι
1178 4813 1554 4884 παρηγορίαν·
1598 4812 1702 4864 υίοί
1754 4811 1810 4863 δὲ

201 4915 384 4985 φωτὸς
413 4911 763 4981 ταττόμενοι,
795 4913 1072 4972 τουτέστι,
1111 4906 1497 4976 πνευματικὴν
1541 4905 1810 4974 διοίκησιν

201 5008 514 5080 χρημάτων
546 5003 961 5073 πιστευόμενοι,
1008 4999 1164 5053 οὐδὲν
1196 4999 1542 5051 ὲπινοοῦνται
1575 4996 1711 5064 πρὸς
1751 4996 1812 5048 τὸ

202 5099 563 5172 ὠφεληθῆναι
596 5097 738 5170 μετά
761 5096 937 5149 ταῦτα
963 5113 975 5126 ο
1011 5094 1120 5148 υἱοὶ
1147 5091 1239 5145 οὖν
1269 5090 1366 5144 τοῦ
1397 5091 1591 5153 αἰῶνος
1616 5090 1808 5143 τούτου

203 5199 254 5262 οἰ
281 5194 636 5262 ἀνθρωπίνας
679 5189 979 5259 διοικήσεις
1030 5187 1485 5254 πεπιστευμένοι,
1521 5185 1616 5235 καὶ
1653 5185 1709 5233 ὲν
1742 5187 1806 5253 τῇ

204 5290 373 5358 γενεᾷ
405 5288 473 5357 τῇ
507 5282 744 5349 ἑαυτῶν,
778 5282 1084 5344 τουτέστιν,
1116 5278 1279 5359 ὲντῷ
1311 5277 1414 5349 βίῳ
1444 5276 1641 5346 τούτῳ,
1680 5294 1812 5346 φρο-

208 5382 383 5449 νίμως
409 5381 478 5431 τὰ
513 5375 634 5428 καθ’
665 5374 894 5435 ἑαυτοὺς
921 5369 1279 5432 διοικοῦντες.
1315 5368 1436 5421 Υἰο).
1464 5369 1521 5420 δὲ
1564 5369 1740 5436 φωτὸς
1769 5371 1817 5420 οἱ

207 5473 474 5544 χρήματα
527 5469 813 5539 λαϐόντες,
870 5466 1013 5520 ὥστε
1063 5466 1288 5518 διοικεῖν
1341 5465 1482 5516 αὐτὰ
1528 5458 1817 5530 θεοφιλῶς.

210 5563 604 5636 Εὐρισκόμεθα
626 5559 720 5617 οὖν
747 5563 806 5613 ὲν
833 5561 931 5631 μὲν
958 5563 1076 5614 ταῖς
1113 5557 1484 5629 ἀνθρωπίναις
1515 5557 1755 5624 διοικῂσε
1768 5573 1816 5608 σι

210 5660 496 5732 φρονίμως
542 5659 612 5711 τὰ
647 5656 859 5711 ἑαυτῶν
892 5655 1248 5720 διοικοῦντες,
1287 5652 1383 5706 καὶ
1426 5650 1817 5724 πραγματευό-

212 5775 388 5829 iuvat,
425 5755 534 5819 ἵνα,
574 5757 623 5808 εἰ
651 5756 745 5808 καὶ
781 5754 1108 5822 ἐκπέσωμέν
1165 5767 1296 5804 ποτε
1348 5751 1444 5820 τῆς
1478 5749 1815 5820 οἰκονομίας.

286 5945 363 5975 οι⁶
398 5941 544 5997 l’sal.
575 5957 758 6009 xuvr,
784 5941 875 5996 26.
954 5940 999 5973 ⁹¹
1034 5939 1194 5997 Prov.
1235 5954 1348 6007 xu,
1393 5938 1475 5994 Π.

458 6152 505 6167 ο*

1926 4735 2042 4770 rum
2065 4719 2420 4786 dispensatio,
2445 4733 2550 4770 non
2571 4717 2817 4787 cogitant
2837 4720 3111 4787 quomodo
3133 4730 3254 4789 post
3285 4721 3426 4776 hanc.
3456 4724 3510 4776 vi

1923 4823 2034 4866 tam
2059 4812 2407 4866 commodum
2431 4811 2756 4880 percipiant.
2786 4811 2910 4865 Filii
2929 4813 3116 4882 itaque
3135 4815 3315 4868 saeculi
3354 4815 3536 4885 hujus,

1926 4907 1961 4959 ii
2004 4915 2133 4959 sunt
2172 4904 2371 4975 quibus
2404 4903 2659 4958 humana:
2700 4903 3141 4974 dispensationes
3210 4911 3539 4962 concreditae

1925 5011 2075 5062 sunt,
2111 5011 2164 5054 et
2202 4999 2254 5052 in
2309 4999 2667 5067 generatione
2703 5012 2828 5064 sua,
2885 5000 2991 5054 hoc
3049 5010 3152 5063 est,
3185 5001 3240 5054 in
3274 5003 3382 5055 vita
3417 5002 3546 5061 hac,

1926 5094 2222 5159 prudenter
2277 5109 2366 5146 res
2424 5090 2593 5163 414
2652 5107 2780 5146 suas
2843 5093 3213 5161 dispensant;
3271 5093 3367 5148 filii
3411 5111 3548 5152 vero

1923 5188 2084 5252 lucis,
2145 5188 2236 5256 qui
2297 5191 2560 5254 pecunias
2617 5198 2944 5256 receperunt
3017 5199 3075 5242 ut
3134 5189 3255 5244 illas
3309 5191 3360 5244 in
3426 5194 3542 5261 pios

1925 5298 2055 5335 usus
2124 5283 2464 5351 dispensent.
2545 5283 2860 5336 Invenitnur
2946 5285 3131 5353 itaque
3189 5284 3242 5337 in
3292 5284 3548 5339 humanis

1923 5377 2427 5444 όίερειιεειιίυιιίὺυε
2477 5392 2561 5428 res
2601 5388 2819 5430 nostras
2879 5377 3177 5445 prudenter
3205 5377 3551 5444 dispensare,

1931 5477 1984 5520 ut
2036 5468 2201 5521 etiam
2265 5470 2309 5521 si
2366 5468 2851 5522 administratione
2907 5468 3298 5533 exciderimus,
3349 5467 3552 5520 haben-

1932 5576 2053 5614 mus
2093 5563 2367 5629 quoddam
2407 5561 2675 5629 refugium
2717 5563 2844 5615 vitae
2882 5581 2894 5616 :
2937 5562 2988 5616 iu
3025 5562 3110 5616 bis
3170 5571 3352 5614 autem
3383 5563 3553 5614 rebus

1932 5669 2051 5724 qua:
2103 5657 2300 5708 debent
2345 5659 2648 5710 Secundum
2698 5655 2867 5710 Deum
2929 5657 3260 5726 dispensari,
3341 5653 3552 5706 nullam

1937 5750 2185 5800 videmur
2213 5763 2403 5817 gerere
2433 5765 2620 5804 curam
2666 5752 2945 5819 quomodo
3011 5751 3277 5806 rationein
3326 5747 3550 5818 dispen-
