4228 6428
193 417 308 480 969

1000 414 1449 478 ENARRATIO
1499 415 1580 476 ΙΝ
1621 417 2130 492 EVANGELIUM
2171 416 2409 477 LUCIE.
2446 413 2888 474 -—CAP..XV[.

3401 412 3512 474 070

194 543 298 579 τον
354 522 586 584 πιστῶς·
646 523 926 594 ἀλλότριος
980 524 1087 593 γάρ
1140 527 1287 587 ἐστι,
1327 526 1424 578 καὶ
1477 526 1576 594 οὑχ
1615 525 1795 595 ἡμῶν·

1914 526 2076 594 Igitur
2109 527 2393 595 hucusque
2427 525 2611 579 docuit
2644 540 2743 578 nos
2773 521 3038 578 Dominus
3073 524 3349 593 quomodo
3383 525 3517 582 (lde-

201 619 369 687 ήμεῖς
402 617 511 685 γὰρ
541 615 837 684 οἰκονόμοι,
868 615 964 669 καὶ
994 615 1115 685 οὑχ).
1149 616 1330 684 κύριοι
1389 617 1483 669 καὶ
1514 616 1797 671 δεσπόται.

217 712 374 763 Ἐπεὶ
420 710 477 761 δέ
529 711 563 777 ὴ
608 708 753 761 κατά
797 707 933 760 Θεὸν
971 708 1067 760 τοῦ
1113 710 1347 763 πλούτου
1397 709 1666 781 διοίκησις
1703 711 1802 764 οὑκ

200 804 384 866 ἄλλως
434 801 822 872 κατορθοῦται,
875 805 923 854 εί
955 802 1030 872 μὴ
1067 802 1158 854 διά
1193 803 1294 872 τῆς
1341 804 1799 872 ἀπροσπαθείας,

201 895 535 967 προστίθησι
570 895 664 946 καλ⁸
695 894 856 947 τοῦτο
900 897 964 963 τῇ
997 894 1344 965 διδασκαλίᾳ,
1369 896 1564 949 εἰπών’
1597 897 1673 950 Οὑ
1707 897 1799 948 δύ-

201 988 374 1042 νασθε
404 988 522 1058 Θεῷ
553 988 827 1041 δουλεύειν
858 989 954 1040 καὶ
980 989 1238 1059 μαμωνᾷ,
1274 989 1577 1056 τουτέστιν,
1607 989 1776 1043 ἀδύνα

197 1098 294 1133 τον
318 1080 410 1133 τὸν
433 1080 863 1150 προσηλωμένον
886 1078 964 1149 τῷ
992 1081 1232 1151 πλούτῳ,
1267 1081 1362 1134 καλ⁵
1383 1081 1802 1153 ύποκρατοῦντά

197 1191 252 1226 τι
303 1174 450 1226 κατά
497 1173 899 1245 προσπάθειαν,
945 1174 1134 1227 δοῦλον
1173 1170 1316 1228 εἶναι
1355 1176 1530 1228 Θεοῦ·
1571 1176 1715 1229 ὥστε
1753 1179 1801 1227 εί

203 1265 426 1333 μέλλεις
471 1265 679 1328 πιστῶς
720 1265 948 1319 διοικεῖν
983 1265 1073 1318 τὸν
1108 1265 1359 1332 πλοῦτον,
1398 1269 1473 1338 μὴ
1507 1267 1803 1341 δουλεύσῃς

197 1357 372 1427 αὐτῷ,
411 1359 547 1429 ὅπερ
587 1358 725 1423 ἐστὶ,
776 1359 852 1430 μὴ
897 1358 1028 1429 ἔχῃς
1063 1358 1250 1429 σχέσιν
1300 1362 1438 1430 πρὸς
1488 1361 1672 1426 αὑτὸν,
1709 1364 1804 1415 καὶ

197 1448 372 1512 δντως
413 1451 736 1513 ἐδούλευσας
766 1451 845 1521 τῷ
877 1451 996 1520 Θεῷ
1018 1468 1030 1480 ·
1067 1453 1348 1522 πανταχοῦ
1383 1453 1493 1522 γὰρ
1526 1456 1559 1523 ἡ
1603 1454 1801 1522 φιλαρ-

195 1543 367 1613 γυρία
390 1543 756 1606 διαϐάλλεται,
785 1545 921 1614 ὅπερ
949 1545 1095 1598 ἔστιν
1119 1547 1151 1615 ἡ
1177 1546 1434 1617 ἐμπαθὴς
1468 1547 1652 1616 σχέσις
1710 1549 1803 1600 καὶ

197 1637 354 1705 φιλία
384 1637 476 1690 τοῦ
513 1637 772 1692 πλούτου.

275 1750 296 1782 ε
346 1733 584 1786 Ἤκουον
617 1733 877 1789 δὲταῦτα
923 1736 1101 1790 πάντα
1144 1739 1237 1789 καὶ
1290 1739 1340 1788 οι
1391 1738 1677 1807 Φαρισαῖοι
1714 1755 1801 1806 φι‹

197 1826 470 1897 λάργυροι
503 1827 844 1899 ὑπάρχοντες
873 1829 968 1882 καὶ
1006 1829 1442 1899 ἐξεμυκτήριζον
1471 1830 1656 1883 αὐτόν.
1693 1831 1804 1882 Καὶ

1914 619 2039 674 liter
2078 619 2459 688 dispensanda:
2496 627 2625 673 sunt
2660 617 2899 682 divitite;
2954 615 3146 672 alienae
3186 620 3331 672 cnim
3365 631 3515 686 sunt,

1908 723 1962 767 et
1994 727 2102 767 non
2149 720 2350 766 nostrae
2393 729 2407 766 :
2451 726 2550 766 nos
2586 713 2730 764 enim
2775 713 3185 780 dispensatores
3229 729 3421 769 sumus
3460 725 3516 768 et

1909 822 2016 859 non
2050 806 2278 859 domini.
2307 804 2579 871 Quoniam
2611 814 2794 858 autem
2825 805 3166 873 dispensatio
3193 807 3510 862 divitiarum

1905 900 2056 967 juxta
2096 899 2264 952 Deum
2319 913 2425 953 non
2474 899 2633 953 aliter
2670 900 2727 952 ﬁt
2776 911 2954 963 recte,
3011 900 3113 954 uisi
3169 899 3347 954 absint
3387 917 3514 970 erga

1909 992 2028 1046 illas
2076 992 2240 1046 etiam
2285 989 2641 1054 aﬂectiones,
2697 993 2800 1044 hoc
2841 1005 3064 1059 quoque
3113 992 3214 1045 bac
3265 992 3513 1046 doctrina

1908 1080 2046 1134 dixit
2077 1097 2092 1133 :
2126 1080 2242 1134 Non
2273 1080 2503 1148 potestis
2543 1079 2652 1134 Deo
2679 1081 2889 1134 servire
2910 1088 2962 1134 et
2997 1094 3325 1133 mammona:
3355 1097 3370 1145 ;
3413 1081 3516 1134 hoc

1909 1181 2022 1235 est,
2051 1170 2391 1240 impossibile
2413 1182 2497 1224 est
2522 1170 2682 1224 simul
2711 1171 2990 1224 addictum
3015 1185 3138 1224 esse
3165 1186 3516 1238 mammonm,

1908 1272 1962 1317 et
1996 1263 2090 1316 tali
2139 1259 2434 1317 all'ectioue
2469 1261 2756 1316 detentum
2794 1261 3003 1317 servire
3040 1262 3172 1317 Deo.
3228 1262 3408 1332 Atque
3445 1265 3517 1318 ita

1909 1357 1950 1410 si
1983 1357 2064 1410 vis
2103 1355 2334 1410 ﬁdeliter
2364 1355 2686 1424 dispensare
2719 1355 2942 1408 divitias
2965 1395 2978 1418 ,
3024 1370 3129 1408 non
3172 1357 3385 1410 st~rvias
3417 1359 3519 1422 eis,

1910 1452 2011 1503 hoc
2039 1457 2144 1513 est,
2174 1464 2280 1502 non
2319 1450 2554 1502 tenearis
2582 1446 2869 1503 alTectionc
2902 1464 3028 1516 erga
3066 1449 3183 1502 illas
3205 1487 3219 1511 ,
3253 1460 3305 1502 et
3333 1465 3520 1503 revera

1909 1542 2116 1596 servias
2157 1542 2285 1595 Deo.
2328 1539 2542 1610 Ubique
2577 1540 2725 1593 enim
2767 1554 2926 1593 amor
2965 1542 3208 1606 pecunia.-
3247 1552 3464 1594 taxatur
3505 1583 3519 1607 ,

1911 1635 2011 1686 hoc
2043 1643 2126 1686 est
2157 1629 2373 1686 affectio
2408 1646 2536 1701 erga
2568 1631 2685 1684 illas
2719 1641 2771 1686 et
2799 1632 3065 1686 studium.

1982 1723 2143 1779 Vens.
2191 1723 2385 1789 HAS.
2441 1743 2460 1774 ι
2502 1723 2810 1779 Audiebant
2843 1736 3026 1779 autem
3076 1728 3191 1780 hare
3239 1729 3423 1782 omnia
3465 1740 3521 1782 et

1911 1818 2204 1881 Pharisaai,
2243 1819 2333 1887 qui
2377 1827 2538 1872 erant
2580 1819 2763 1883 avari,
2806 1828 2862 1872 et
2893 1819 3218 1875 deridebaut
3249 1821 3418 1877 illum.
3456 1824 3523 1876 Et

196 1918 355 1972 εἶπεν
403 1920 624 1984 αὐτοῖς’
669 1920 863 1991 Ὑμεῖς
909 1923 1033 1974 ἐστε
1083 1923 1133 1974 οἱ
1181 1921 1526 1985 δικαιοῦντες
1573 1923 1801 1986 ἑαυτοὺς

1914 1913 1985 1965 ait
2022 1912 2131 1966 illis
2165 1929 2177 1964 :
2217 1910 2325 1965 Vos
2359 1912 2494 1966 estis
2529 1911 2622 1980 qui
2663 1913 2987 1980 justiﬁeatis
3034 1915 3288 1984 vosipsos
3333 1931 3519 1971 coram

195 2011 432 2064 ἐνώπιον
454 2011 566 2063 τῶν
597 2011 926 2082 ἀνθρώπων,
958 2015 986 2065 ό
1005 2013 1063 2065 δὲ
1091 2013 1224 2073 Θεὸς
1251 2012 1515 2080 γινώσκει
1537 2013 1636 2088 τὰς
1661 2031 1800 2083 καρ-

197 2104 322 2167 δίας
362 2104 540 2174 ὑμῶν,
577 2106 662 2157 ὅτι
707 2106 768 2157 τὸ
802 2107 860 2158 ἐν
896 2103 1210 2176 ἀνθρώποις
1247 2103 1484 2174 ὑψηλὸν,
1524 2104 1802 2175 βδέλυγμα

200 2199 356 2268 παρὰ
385 2196 463 2266 τῷ
490 2196 630 2265 Θεῷ.
671 2216 688 2248 ι
718 2197 781 2250 Οί
813 2197 912 2267 μὲν
938 2197 1224 2266 Φαρισαῖοι
1247 2197 1683 2268 ἐξεμυκτήριζον
1712 2197 1804 2250 τὸν

198 2288 430 2359 Κύριον,
456 2288 532 2350 ὡς
557 2287 650 2339 ἐπὶ.
671 2289 782 2350 τοῖς
799 2286 980 2355 λόγοις
997 2286 1346 2355 δακνόμενοι·
1370 2287 1504 2357 δυση
1515 2286 1804 2355 ρεστοῦντο

195 2383 313 2453 γὰρ
359 2383 433 2445 ώς
480 2382 809 2453 φιλάργυροι
858 2383 989 2452 περὶ
1025 2381 1416 2452 ἀκτημοσύνης
1471 2381 1798 2443 ἀκούοντες,

195 2476 328 2528 ἐπεὶ
371 2476 464 2528 καὶ
510 2474 748 2544 εἴρηται·
783 2472 1076 2544 Βδέλυγμα
1125 2472 1443 2544 ἁμαρτωλῷ
1487 2473 1800 2538 θεοσέϐεια,

197 2571 299 2621 καὶ
346 2569 395 2622 οί
448 2567 662 2637 ἔλεγχοι
696 2566 774 2638 τῷ
804 2565 995 2620 ἀσεϐεῖ
1028 2565 1323 2634 μώλωπες.
1387 2566 1447 2618 '0
1491 2567 1549 2620 δὲ
1598 2567 1804 2638 Κύριος

196 2659 566 2713 ἐκκαλύπτων
596 2660 696 2730 τὴν
737 2658 1247 2729 ὑποκεκρυμμένην
1288 2657 1472 2711 αὑτῶν
1508 2660 1801 2730 πονηρίαν,

197 2754 300 2806 καὶ
345 2752 594 2814 δεικνὺς,
637 2752 723 2805 ὅτι
755 2753 804 2804 εί
852 2753 950 2805 καὶ
998 2751 1391 2822 ὑποκρίνονται
1422 2751 1802 2824 δικαιοεύνην,

199 2845 490 2916 βδελυκτοί
517 2849 625 2898 εἰσι
664 2845 818 2918 παρὰ
845 2845 922 2913 τῷ
950 2844 1071 2914 Θεῷ
1095 2845 1186 2898 διὰ
1211 2843 1312 2916 τὴν
1339 2846 1542 2914 οἴησιν,
1573 2844 1641 2916 ἦν
1675 2848 1806 2915 περὶ

201 2941 417 2996 ἑαυτῶν
456 2940 664 3011 ἔχουσι,
720 2939 908 3010 φησίν·
971 2938 1167 3008 Ὑμεῖς
1212 2938 1333 2991 ἐστε
1371 2939 1420 2991 οἱ
1462 2937 1806 3002 δικαιοῦντες

197 3037 456 3103 ἐαυτοὺς,
485 3038 582 3090 καὶ
611 3036 873 3107 οἰόμενοι,
900 3035 974 3099 ώς
1007 3035 1192 3106 μόνοις
1217 3035 1347 3106 ὑμῖν
1379 3035 1439 3089 τὸ
1468 3039 1612 3090 νοεῖν
1639 3035 1674 3089 ἃ
1701 3037 1803 3103 δεῖ,

198 3131 301 3185 καὶ
319 3129 593 3184 διδάσκειν
614 3129 844 3183 δέδοται’
867 3129 945 3182 διὸ
972 3129 1066 3182 καὶ
1094 3128 1462 3200 μυκτηρίζετε
1487 3129 1614 3193 τοὺς
1637 3131 1808 3201 ἐμοὺς

1908 2005 2226 2060 hominibus
2258 2025 2270 2060 :
2309 2005 2453 2060 Deus
2482 2015 2666 2059 autem
2717 2006 2868 2059 novit
2919 2007 3084 2062 corda
3123 2019 3304 2063 vestra
3340 2028 3352 2064 :
3392 2012 3519 2081 quia

1907 2103 2054 2167 quod
2099 2097 2416 2153 hominibus
2463 2097 2740 2154 excelsum
2788 2109 2904 2161 est,
2958 2101 3387 2156 abominandum
3439 2117 3520 2160 est

1909 2205 2092 2243 coram
2117 2189 2249 2244 Deo.
2279 2209 2298 2241 ι
2325 2191 2587 2246 Pharisaei
2615 2191 2836 2260 quidem
2864 2191 3183 2248 deritlebaut
3207 2193 3521 2265 Dominum,

1910 2298 1974 2336 eo
1998 2283 2140 2352 quod
2169 2284 2526 2340 sermonibus
2554 2285 2659 2340 illis
2685 2295 3036 2341 notarentur.
3067 2287 3348 2343 Gravatim
3374 2293 3522 2346 enim

1911 2376 2097 2431 ferunt
2150 2379 2338 2440 avari,
2393 2379 2437 2433 si
2491 2379 2714 2449 quando
2768 2381 2836 2434 de
2877 2391 3203 2450 paupertate
3255 2384 3519 2447 audiunt;

1910 2471 2167 2540 quoniam
2203 2481 2258 2526 et
2295 2473 2500 2527 dictum
2545 2482 2629 2526 est
2676 2493 2687 2526 :
2737 2473 3090 2538 Abominatio
3123 2486 3209 2530 est
3247 2481 3520 2547 peccatori

1910 2567 2119 2634 pietas,
2155 2575 2208 2621 et
2251 2567 2710 2637 reprehensiones
2755 2568 2910 2639 ἰιηρῑι
2964 2579 3090 2625 sunt
3133 2571 3365 2642 ﬂagella.
3410 2571 3520 2627 Do-

1911 2659 2092 2713 minus
2118 2649 2301 2713 autem
2335 2669 2586 2730 relegens
2611 2661 2882 2716 occultam
2918 2678 3110 2718 eorum
3151 2666 3442 2728 malitiam,
3473 2677 3528 2721 et

1911 2751 2207 2806 ostendens
2244 2766 2340 2807 eos
2373 2753 2639 2808 simulare
2679 2755 2991 2823 justitiam,
3040 2768 3092 2812 et
3129 2757 3529 2814 abominabiles

1910 2859 2033 2900 csse
2055 2846 2196 2914 apud
2226 2845 2399 2900 Deum
2429 2855 2652 2917 promer
2679 2849 2998 2919 opinionem
3030 2866 3195 2920 quam
3234 2854 3301 2906 de
3333 2868 3391 2907 se
3428 2852 3527 2907 lia-

1913 2936 2147 3005 bebant,
2187 2938 2324 2993 dicit
2363 2957 2377 2994 :
2434 2937 2538 2995 Vos
2581 2943 2717 2997 estis
2756 2943 2848 3012 qui
2884 2933 3204 3013 justiﬁeatis
3249 2947 3527 3014 vusipsos,

1918 3031 2203 3100 opinantes
2231 3031 2365 3088 solis
2395 3032 2549 3089 vobis
2609 3035 2799 3089 datum
2844 3051 3008 3091 nosse
3040 3051 3162 3106 quae
3208 3046 3428 3109 oportet
3476 3051 3532 3095 et

1914 3125 2146 3189 docere,
2189 3133 2244 3180 et
2277 3125 2400 3180 ideo
2433 3125 2696 3182 deridetis
2725 3143 2879 3184 meos
2903 3143 3209 3196 sermones,
3247 3130 3532 3198 cupientes

199 3225 400 3292 λόγους
435 3224 510 3288 ὠς
553 3223 822 3294 ἄφρονος,
857 3222 1105 3286 θέλοντες
1141 3223 1464 3294 νομίζεσθαι
1499 3222 1578 3295 τῷ
1610 3223 1805 3294 πλήθει

1918 3216 2107 3273 haberi
2157 3232 2187 3272 a
2242 3217 2594 3272 multitudine
2641 3219 2896 3275 doctores
2946 3221 3215 3275 veritatis.
3259 3220 3366 3276 Sed
3421 3239 3530 3277 non

197 3317 462 3388 ἀληθείας
497 3304 834 3369 διδάσκαλοι.
891 3315 1035 3369 Ἀλλ’
1084 3317 1184 3386 οὑχ
1217 3316 1413 3380 οὕτως’
1449 3317 1478 3369 ὁ
1520 3317 1629 3388 γὰρ
1670 3317 1806 3381 Θεὸς

198 3412 468 3482 γινώσκει
503 3411 601 3474 τὰς
639 3410 871 3480 καρδίας
921 3409 1110 3481 ὑμῶν,
1155 3411 1252 3463 καὶ
1294 3410 1624 3480 βδελυκτοὺς
1663 3411 1808 3480 ὑμᾶς

201 3505 422 3573 ἡγεῖται
453 3501 542 3557 διὰ
573 3502 673 3573 τὴν
704 3501 1182 3573 ὑψηλοφροσύνην,
1217 3503 1312 3555 καὶ
1341 3501 1439 3573 τὴν
1468 3502 1567 3571 τῆς
1597 3501 1809 3572 ἀνθρω-

198 3598 367 3666 πίνης
434 3595 594 3664 δόξης
647 3595 966 3665 ἐπιθυμίαν.
1021 3616 1037 3648 ι
1097 3597 1172 3648 Τὸ
1231 3601 1340 3668 γὰρ
1386 3597 1444 3648 ἐν
1495 3595 1810 3667 ἀνθρώποις

199 3688 410 3757 ὑψηλὸν
451 3687 732 3759 βδέλυγμα
776 3689 926 3760 παρά
974 3689 1052 3760 τῷ
1088 3687 1230 3760 Θεῷ,
1274 3709 1291 3741 ι
1334 3689 1652 3760 ἀκάθαρτος
1699 3691 1809 3759 γὰρ

200 3784 360 3852 παρὰ
387 3781 580 3852 Κυρίῳ
613 3781 722 3844 πᾶς
757 3781 1181 3851 ὑψηλοκάρδιος.
1220 3781 1372 3833 Ἔδει
1400 3780 1532 3848 γοῦν
1565 3781 1730 3851 ὑμᾶς’
1764 3775 1809 3833 ὧ

197 3876 508 3945 Φαρισαῖοι,
544 3873 621 3944 μὴ
654 3873 791 3944 πρὸς
824 3872 1098 3944 ὑπόληψιν
1135 3872 1236 3944 ζῇν
1265 3873 1640 3945 ἀνθρωπίνην,
1674 3873 1808 3937 Θεὸς

196 3972 310 4040 γὰρ
343 3967 729 4038 διεσκόρπισεν
763 3967 898 4020 ὀστᾶ
929 3965 1438 4036 ἀνθρωπαρέσκων·
1471 3963 1720 4018 δικαιοῦν
1750 3964 1807 4016 δὲ

198 4062 407 4135 μᾶλλον
439 4062 667 4124 ἑαυτοὺς
700 4059 934 4113 ἐνώπιον
967 4057 1063 4112 τοῦ
1089 4057 1252 4112 Θεοῦ.

277 4175 296 4206 ι
337 4156 396 4209 '0
419 4156 611 4225 νόμος·
635 4156 729 4208 καὶ
749 4155 798 4207 οἱ
822 4153 1103 4225 προφῆται
1124 4153 1228 4216 ’ἐως
1259 4152 1533 4218 Ἰωάννου,
1557 4152 1666 4204 ἀπὸ
1684 4153 1806 4204 τότε

197 4252 232 4321 ἡ
264 4247 516 4321 βασιλεία
539 4247 635 4300 τοῦ
654 4246 790 4300 Θεοῦ
816 4245 1260 4314 εὐαγγελίζεται·
1289 4246 1383 4297 καὶ
1404 4246 1510 4306 πᾶς
1532 4245 1612 4308 είς
1635 4243 1807 4314 αὑτὴν

199 4340 474 4411 βιάζεται..
530 4338 931 4410 Εὐκοπώτερον
992 4337 1052 4390 δέ
1100 4339 1217 4389 ἐστι
1272 4337 1367 4389 τὸν
1413 4337 1645 4406 οὐρανὸν
1709 4340 1805 4390 καὶ

194 4433 299 4503 τὴν
323 4432 426 4501 γῆν
454 4429 771 4502 παρελθεῖν,
801 4430 834 4500 ἢ
863 4428 956 4482 τοῦ
983 4430 1150 4498 νόμου
1180 4431 1310 4500 μίαν
1333 4430 1566 4499 κεραίαν
1591 4432 1801 4483 πεσεῖν.

199 4529 317 4591 Πᾶς
347 4527 375 4578 ό
405 4527 662 4580 ἀπολύων
692 4525 791 4596 τὴν
824 4527 1067 4594 γυναῖκα
1101 4524 1292 4589 αὑτοῦ,
1330 4524 1426 4575 καὶ
1461 4523 1659 4594 γαμῶν
1685 4524 1800 4576 ἐτέ-

197 4638 323 4692 ραν,
365 4620 632 4690 μοιχεύει,
666 4621 763 4673 καὶ
795 4621 905 4683 πᾶς
939 4619 965 4671 ὁ
1000 4617 1420 4688 ἀπολελυμένην
1461 4618 1572 4670 ἀπὸ
1605 4618 1800 4686 ἀνδρὸς

196 4711 420 4782 γαμῶν,
457 4711 725 4782 μοιχεύει.
769 4734 786 4764 ι
825 4713 986 4765 Δοκεῖ
1018 4711 1393 4782 ἀπηρτημένα
1429 4711 1572 4764 εἶναι
1601 4711 1801 4772 ταῦτα.

197 4807 296 4858 καὶ
331 4806 609 4876 μηδεμίαν
631 4805 921 4859 κοινωνίαν
940 4805 1087 4875 ἔχειν
1121 4806 1258 4876 πρὸς
1289 4807 1357 4858 τὰ
1381 4804 1800 4878 προρρηθέντα,

196 4899 338 4952 ἀλλά
391 4899 466 4968 τῷ
518 4901 844 4969 προσέχοντι
897 4901 999 4953 οὑκ
1050 4899 1396 4954 ἀνακόλουθα
1446 4900 1662 4966 δόξαιεν
1714 4900 1802 4964 ἂν,

198 4994 327 5046 λίαν
363 4993 422 5046 δέ
467 4995 580 5056 τοῖς
629 4992 1004 5063 προλαϐοῦσιν
1060 4993 1352 5047 ἀκόλουθα.
1419 4993 1639 5064 Ἐπειδὴ
1697 4995 1806 5062 γὰρ

199 5085 367 5150 αὑτὸς
405 5087 505 5155 μὲν
537 5085 934 5156 ἀκτημοσύνην
966 5088 1306 5157 εἰσηγήσατο
1338 5086 1405 5138 δι’
1433 5078 1508 5138 ὧν
1545 5086 1807 5154 ἀνωτέρω

200 5176 358 5244 εἷπε,
393 5180 490 5234 καὶ
523 5181 614 5232 τὸν
660 5181 890 5233 πλοῦτον
929 5182 1116 5234 ἄδικον
1151 5183 1422 5252 μαμωνᾶν
1460 5180 1746 5244 ἐκάλεσεν,
1781 5181 1809 5230 ὁ

200 5271 260 5324 δὲ
286 5273 453 5342 νόμος
484 5271 580 5335 τὰς
614 5271 866 5340 εὐλογίας
899 5274 990 5325 καὶ
1022 5276 1079 5326 ἐν
1112 5273 1189 5344 τῷ
1224 5272 1442 5343 πλούτῳ
1479 5271 1674 5337 ἐδίδου,
1713 5272 1808 5324 καὶ

201 5365 252 5415 οἱ
283 5362 568 5433 προφῆται
607 5365 676 5417 τὰ
725 5365 908 5432 ἀγαθά
948 5366 1050 5435 τῆς
1088 5366 1190 5435 γῆς
1238 5366 1667 5434 ἐπηγγέλλοντο,
1721 5366 1811 5418 ἵνα

207 5458 284 5528 μή
331 5474 414 5519 τις
461 5458 590 5528 είπῃ
639 5459 792 5530 αὑτῷ
834 5459 1316 5530 διαμυκτηρίζων,
1352 5458 1544 5530 ὥσπερ
1571 5461 1616 5512 οἱ
1651 5461 1816 5531 Φαρι-

210 5555 378 5617 σαῖοι,
412 5551 478 5604 Τί
515 5557 579 5606 συ
615 5551 831 5620 λέγεις;
864 5553 1134 5618 ἐναντιοῖς·
1160 5555 1237 5625 τῷ
1264 5555 1449 5625 νόμῳ;
1480 5555 1690 5616 ἐκεῖνος
1723 5553 1818 5607 καὶ

201 5646 265 5701 ἐν
297 5645 378 5716 τῷ
417 5645 638 5717 πλούτῳ
681 5647 933 5716 εὑλογεῖ,
975 5650 1072 5701 καὶ
1117 5649 1182 5703 σὺ
1233 5645 1628 5717 ἀκτημοσὺνην
1673 5646 1819 5700 διδάο

207 5756 394 5807 σκεις;
447 5739 547 5792 Διὰ
579 5740 740 5794 τοῦτό
771 5758 956 5811 φησιν·
1010 5742 1068 5794 Ὀ
1102 5743 1267 5813 νόμος
1304 5742 1399 5794 καὶ
1433 5743 1481 5795 οἱ
1529 5740 1814 5813 προφῆται

277 5925 347 5958 ⁸³⁸
377 5922 394 5978 Ι
423 5925 549 5979 (lor.
595 5940 633 5989 ι,
669 5926 758 5980 23.

463 6020 738 6081 ΡΑΤιιωι..
774 6023 891 6084 Gtt.
931 6024 1033 6084 CX
1051 6023 1222 6084 XIII.

1837 4596 1881 4650 D
1915 4619 2098 4678 ducit,
2149 4615 2481 4670 adulterium
2515 4615 2813 4668 committit
2862 4633 2876 4671 :

1917 3308 2017 3365 sic.
2054 3307 2199 3364 Deus
2220 3310 2368 3364 enim
2401 3311 2581 3365 noscit
2613 3312 2778 3366 corda
2806 3323 3024 3379 vestra,
3056 3324 3111 3368 et
3135 3314 3533 3371 abominabiles

1918 3417 2013 3456 vos
2040 3402 2353 3467 existimat,
2376 3413 2603 3473 prepter
2639 3407 2953 3475 superbiam
2990 3419 3044 3462 et
3071 3408 3325 3464 humanae
3346 3409 3534 3480 gloria:

1915 3493 2294 3561 cupiditatem.
2344 3512 2362 3544 ι
2414 3493 2571 3560 Quod
2617 3496 2762 3549 enim
2806 3496 3039 3551 sublime
3080 3497 3134 3551 in
3186 3499 3532 3566 hominibus,

1916 3587 2251 3641 abominatio
2289 3587 2442 3661 apud
2476 3588 2644 3642 Deum
2685 3601 2769 3644 est
2797 3589 2887 3643 "‘.
2936 3609 2956 3642 ι
3006 3591 3330 3648 lmmumlus
3383 3595 3529 3648 enim

1919 3679 2062 3748 apud
2101 3679 2390 3734 Dominum
2441 3681 2623 3736 omnis
2667 3684 2940 3752 superbus
2994 3687 3181 3740 corde.
3233 3683 3536 3754 Oportebat

1919 3773 2082 3843 igitur
2122 3789 2251 3841 vos,
2305 3789 2337 3828 ο
2383 3773 2680 3839 Pharisaei,
2731 3792 2837 3831 non
2883 3780 2950 3831 ad
3003 3779 3301 3833 humanam
3349 3782 3536 3835 vivere

1915 3865 2226 3935 opinionem
2255 3882 2267 3916 ε
2299 3864 2442 3920 Deus
2475 3868 2621 3920 enim
2651 3868 2912 3938 dispersit
2933 3885 3058 3924 ossa
3093 3886 3284 3925 eorum
3316 3873 3408 3942 qui
3440 3874 3535 3928 ho-

1917 3959 2156 4014 minibus
2185 3959 2400 4027 placent
2433 3979 2444 4014 ;
2484 3961 2578 4015 sed
2609 3961 2916 4030 justiﬁcare
2942 3979 3036 4018 vos
3069 3979 3256 4019 coram
3290 3965 3418 4020 Deo.

1986 4147 2154 4202 Vsus.
2201 4147 2388 4200 lii-l8.
2428 4166 2444 4197 ι
2497 4147 2608 4201 Lex
2641 4157 2693 4200 et
2733 4149 3016 4216 prophetae
3051 4163 3224 4218 usque
3265 4149 3434 4222 416
3466 4152 3529 4205 ad

1913 4243 2178 4299 Joannem
2211 4260 2225 4296 :
2258 4242 2330 4296 ab
2365 4256 2431 4295 co
2465 4251 2711 4309 tempore
2753 4257 2981 4312 regnum
3021 4241 3115 4298 Dei
3145 4245 3531 4307 annuntiatur,

1912 4347 1967 4392 et
1996 4337 2177 4407 quivis
2200 4335 2255 4389 in
2282 4335 2413 4388 illud
2445 4334 2553 4387 vim
2581 4335 2731 4388 facit.
2751 4332 2991 4389 Facilius
3014 4345 3098 4390 est
3121 4344 3304 4392 autem
3331 4337 3530 4394 C(Blum

1913 4442 1965 4486 et
1997 4441 2198 4486 terram
2234 4428 2543 4498 prmterire,
2589 4444 2755 4497 quam
2809 4429 2944 4497 It‘gis
2981 4445 3153 4483 unum
3198 4432 3412 4501 apicem
3447 4449 3531 4486 ca-

1916 4525 2064 4578 dere.
2109 4521 2369 4591 Quisquis
2410 4521 2639 4575 dimittit
2681 4537 2910 4576 uxorcm
2985 4536 3139 4578 suam
3201 4534 3256 4579 et
3306 4526 3534 4581 alteram

2929 4625 2985 4670 cl
3037 4618 3128 4686 qui
3168 4619 3452 4674 dimissam
3506 4640 3534 4676 a

1917 4712 2036 4764 viro
2075 4707 2255 4771 ducit,
2301 4707 2628 4761 adulterium
2671 4708 2990 4762 committit.
3035 4729 3052 4761 ι
3102 4710 3375 4769 Videntur
3420 4717 3537 4771 limi:

1917 4798 2212 4868 separatim
2243 4795 2410 4860 dicta,
2434 4805 2488 4850 et
2516 4810 2638 4849 cum
2665 4797 3045 4865 superioribus
3075 4815 3181 4854 non
3210 4803 3489 4859 coltmrere
3522 4829 3532 4859 :

1919 4897 2014 4952 sed
2065 4894 2370 4949 attendenti
2420 4888 2756 4948 videbuntur
2809 4910 2916 4949 non
2968 4898 3110 4950 male
3143 4912 3531 4966 consectanen,

1920 4988 2388 5060 praevenientibus
2438 5003 2570 5041 vero
2614 4989 2751 5041 satis
2801 4999 3198 5046 consentanea.
3238 4991 3370 5048 Nam
3408 4999 3532 5066 quia

1924 5085 2038 5154 ipse
2069 5091 2448 5152 paupertatem
2477 5083 2529 5134 in
2564 5083 2946 5150 superioribus
2973 5086 3261 5152 docuerat,
3289 5092 3536 5144 vocando

1922 5177 2143 5229 divitias
2179 5176 2442 5242 iujnslum
2473 5188 2810 5235 mammona,
2845 5173 2927 5228 lex
2966 5191 3094 5230 vero
3127 5181 3537 5236 benedit-tioues

1926 5282 1980 5326 et
2027 5273 2081 5324 in
2122 5270 2330 5324 divitiis
2362 5270 2554 5335 dabat,
2604 5280 2659 5323 et
2692 5272 2971 5340 propheta:
3019 5272 3160 5327 bona
3203 5285 3362 5330 terra:
3413 5295 3537 5346 prn-

1926 5365 2212 5418 mittebant
2253 5382 2266 5420 :
2303 5373 2359 5417 ut
2391 5379 2457 5418 ne
2490 5364 2615 5433 quis
2647 5365 2795 5418 dicat
2826 5366 2875 5419 ei
2924 5365 3162 5422 irridens
3205 5369 3349 5425 sicut
3393 5370 3535 5424 Plia-

1926 5459 2093 5522 risaei,
2131 5457 2272 5522 Quid
2319 5465 2373 5510 tu
2413 5457 2592 5511 dicis?
2625 5459 2940 5512 contrarius
2975 5474 3034 5514 es
3081 5461 3220 5532 legi?
3258 5462 3344 5518 illa
3382 5474 3434 5519 et
3481 5467 3532 5516 in

1921 5550 2127 5605 divitiis
2147 5549 2446 5610 benedicit.
2465 5561 2520 5603 et
2539 5559 2590 5602 tu
2617 5561 2993 5620 paupertatem
3019 5554 3219 5610 doces?
3238 5554 3533 5628 Propterea

1920 5645 2052 5698 dicit
2080 5661 2091 5695 :
2120 5641 2231 5698 Lex
2257 5652 2309 5698 et
2338 5644 2619 5713 prophetae
2648 5659 2819 5714 usque
2844 5647 2908 5699 ad
2933 5647 3200 5704 Joannem
3225 5650 3536 5706 habuerunt

1927 5749 2161 5809 tempus.
2199 5736 2265 5791 Et
2300 5739 2438 5794 bene
2472 5739 2694 5808 quidem
2733 5740 3040 5809 docebant,
3097 5761 3291 5816 nempe
3326 5747 3399 5802 ita
3437 5761 3536 5800 au-

3063 6029 3130 6088 fil
