4228 6428
726 436 821 504 971

1676 425 2258 487 THEOPHYLACTI
2303 419 2711 485 BULGARIB
2756 416 3113 479 ARCHIEP.

3888 402 4003 469 972

720 551 956 605 «litorum
988 540 1303 598 infirmitate
1345 535 1671 608 postulante.
1718 534 1760 587 Α
1792 536 1904 602 quo
1931 544 2109 587 autem
2161 542 2294 586 tem-

2404 530 2509 592 lmc
2542 528 2790 582 Ἰωάννου
2831 521 2976 595 εἶχον
3001 524 3093 576 τὸν
3137 519 3350 589 καιρόν.
3391 517 3503 573 Καὶ
3532 513 3715 579 καλῶς
3745 512 3850 585 μὶν
3886 514 4002 567 ιδιο

722 654 853 711 pore
877 631 1244 702 Joannes,qni
1273 639 1493 701 propter
1521 634 1892 697 paupertatem
1931 625 2155 677 materia
2190 624 2303 678 fere

722 728 967 793 carebat,
1013 732 1067 777 et
1102 729 1320 793 propter
1354 716 1596 773 materiae
1638 716 1955 771 tenuitatem
2004 713 2121 767 sine
2173 728 2303 784 pos-

722 818 1056 877 sessionibus
1083 822 1237 877 erat,
1260 811 1500 875 advenit,
1532 817 1586 863 et
1619 822 1845 877 regnum
1874 806 2136 862 caelorum
2171 820 2305 874 prte-

692 911 943 975 edicavit,
1025 922 1131 963 non
1184 904 1331 960 ultra
1402 901 1554 957 .bona
1612 910 1827 955 terrena
1888 898 2013 953 huic
2072 898 2303 965 tempori

719 1002 1007 1065 debentur,
1028 1000 1122 1055 sed
1148 1009 1370 1067 regnum
1390 993 1653 1048 calorum
1686 990 2038 1062 praedicatur.
2055 988 2302 1044 Proinde

718 1106 775 1151 ct
804 1100 1175 1165 paupertatem
1202 1089 1255 1145 iu
1285 1098 1433 1144 terra
1453 1086 1647 1141 debent
1670 1099 1892 1139 servare
1925 1080 1977 1136 hi
2007 1082 2101 1149 qui
2131 1079 2303 1133 cmlos

719 1187 1052 1242 desiderant.
1100 1182 1367 1250 Quoniam
1414 1178 1693 1250 propheta
1741 1187 1795 1231 et
1833 1175 1920 1229 lex
1968 1174 2298 1229 mentionem

717 1293 826 1333 non
877 1274 1151 1331 faciebant
1188 1272 1340 1341 regni
1386 1270 1671 1333 coriorum,
1708 1267 1903 1322 merito
1952 1268 2092 1321 bona
2143 1275 2301 1319 tet-rte

719 1368 1107 1440 promittebant
1156 1363 1685 1435 imperfectiorihus,
1738 1369 1793 1415 et
1834 1359 1965 1414 nihil
2018 1358 2171 1412 virile
2219 1357 2301 1411 vel

718 1475 973 1530 magnum
1009 1457 1311 1527 intelligere
1349 1454 1679 1509 valentibus.
1714 1453 1890 1521 Atque
1936 1452 2007 1503 ita
2032 1489 2048 1512 ,
2083 1464 2115 1504 ο
2156 1448 2299 1501 Plia-

718 1552 897 1617 risasi,
931 1550 1127 1605 merito
1160 1554 1535 1619 paupertatem
1570 1545 1767 1609 doceo,
1802 1557 1868 1597 eo
1904 1540 2045 1609 quod
2100 1542 2299 1607 imper-

717 1641 856 1696 fecta
884 1640 1018 1710 legis
1041 1646 1311 1709 praecepta
1328 1636 1443 1707 jam
1468 1648 1575 1691 non
1602 1634 1802 1688 habent
1828 1641 2058 1700 tempus.
2078 1629 2302 1698 insuper

718 1746 787 1786 ne
820 1731 1003 1785 dicant
1036 1730 1238 1797 reiecta
1283 1724 1465 1782 omnia
1506 1737 1626 1795 quae
1677 1724 1731 1777 in
1778 1722 1896 1792 lege
1944 1730 2071 1776 sunt
2124 1720 2300 1784 dicta,

712 1820 871 1893 quasi
898 1834 1034 1873 vana
1061 1818 1173 1873 sint
1200 1824 1255 1871 et
1274 1815 1487 1870 inutilia
1519 1831 1533 1867 :
1563 1828 1668 1867 non
1699 1815 1805 1867 hoc
1826 1812 1979 1877 dicit,
2008 1811 2103 1866 sed
2128 1809 2301 1878 magis

2408 622 2638 686 δασκον,
2689 619 2787 673 ἀτε
2827 615 3020 686 καιρὸν
3069 613 3299 683 ἐχούσης
3346 609 3451 680 τῆς
3498 607 3836 679 νηπιότητος
3891 604 4006 657 τῶν

2406 712 2735 769 ἀκουόντων.
2780 706 2897 776 Ἀφ’
2928 702 2988 759 οὗ
3019 704 3077 759 δὲ
3100 706 3129 757 6
3170 703 3440 774 Ἰωάννης,
3471 702 3499 754 6
3522 698 3711 769 σχεδὸν
3738 697 3910 759 άῢλος
3934 695 4005 750 δι’

2408 801 2817 875 ἀκτημοσύνην,
2863 799 2959 852 καὶ
2994 796 3262 866 ἀκτήμων
3294 794 3383 848 διά
3411 794 3509 865 τὴν
3538 790 3736 863 μικροῦ
3775 789 3947 843 ἀῦλία
3983 824 4005 856 ,

2407 898 2744 967 ἀπεδήμησε,
2777 894 2870 946 καὶ
2902 889 3182 962 βασιλείαν
3206 885 3453 958 οὐρανῶν
3486 881 3781 954 ἐκήρυξεν,
3812 880 4007 933 οὐκέτι

2407 986 2593 1041 λοιπὸν
2622 985 2691 1037 τά
2721 983 2823 1051 τῆς
2856 982 2959 1050 γῆς
2987 977 3170 1048 ἀγαθά
3197 978 3390 1046 καιρον
3415 974 3652 1046 ἔχουσιν,
3681 971 3803 1025 ἀλλ’
3837 972 3873 1041 ή
3909 968 4009 1039 βα-

2409 1080 2585 1134 σιλεία
2622 1077 2733 1131 τῶν
2780 1074 3027 1147 οὐρανῶν
3072 1070 3431 1142 κηρύττεται.
3474 1067 3569 1121 Διὸ
3608 1068 3705 1120 καὶ
3744 1066 4009 1133 ἀκτημο-

2410 1172 2579 1241 σύνην
2613 1171 2671 1224 ὲν
2698 1170 2768 1239 γῇ
2804 1166 3113 1235 ὀφείλουσιν
3145 1159 3490 1232 ἐπιτηδεύειν
3519 1158 3570 1211 οἰ
3610 1156 3722 1211 τῶν
3747 1152 4009 1225 οὐρανῶν

2408 1264 2707 1336 ἐφιέμενοι.
2754 1260 2910 1314 Ἐπεὶ
2957 1257 3075 1326 οῐγε
3116 1254 3397 1327 προφῆται
3452 1250 3549 1304 καὶ
3597 1250 3626 1303 6
3674 1248 3882 1318 νόμος,
3929 1245 4006 1313 μὴ

2412 1356 2748 1430 μνησθέντες
2779 1352 3062 1427 βασιλείας
3093 1348 3365 1422 οὐρανῶν,
3400 1346 3630 1408 εἰκότως
3658 1342 3729 1396 τά
3756 1341 3863 1411 τῆς
3902 1339 4007 1408 γῆς

2405 1450 2588 1520 ἀγαθά
2615 1447 3020 1521 ἀπηγγέλλοντο
3040 1444 3154 1505 τοῖς
3175 1442 3255 1496 ἑτι
3278 1438 3676 1507 ἀτελεστὲροις,
3704 1434 3805 1488 καὶ
3834 1431 4008 1503 μηδὲν

2410 1544 2554 1615 μίγα
2575 1541 2670 1596 καὶ
2686 1538 2944 1612 ἀνδρικὸν
2968 1538 3169 1591 ἐννοεῖν
3186 1531 3535 1602 δυναμένοις.
3554 1527 3721 1615 Ὥστε
3745 1524 4004 1615 εἰκότως,

2407 1612 2453 1689 ῶ
2503 1632 2827 1704 Φαρισαῖοι,
2883 1625 3273 1700 ἀκτημοσύνην
3318 1623 3588 1685 διδάσκω,
3639 1612 3729 1671 οἷα
3776 1614 3845 1686 δὴ
3897 1613 4007 1665 τῶν

2410 1724 2619 1779 ἀτελῶν
2670 1719 2767 1775 τοῦ
2826 1719 2993 1789 νόμου
3041 1714 3487 1789 προσταγμάτων
3539 1709 3742 1779 μηκέτι
3808 1704 4006 1775 καιρὸν

2408 1816 2661 1888 ἑχόντων.
2693 1808 2831 1867 Ιιέῐτα
2860 1812 2947 1874 ἰνα
2984 1809 3061 1881 μὴ
3089 1809 3321 1862 είπωσιν
3339 1846 3354 1870 ,
3390 1806 3472 1859 ὅτι
3501 1802 3691 1855 λοιπὸν
3723 1799 3913 1852 πάντα
3939 1796 4006 1848 τά

718 1891 1013 1981 implentur
1066 1917 1122 1964 et
1171 1905 1549 1977 perﬁciuntur.
1605 1903 1955 1973 Qttarcunque
2012 1903 2155 1958 enim
2212 1901 2300 1955 illa

2404 1907 2499 1962 τοῦ
2530 1908 2697 1977 νόμου
2725 1903 3054 1972 δκσέδληται
3076 1900 3151 1963 ὥς
3183 1900 3415 1969 ματαίου
3446 1897 3538 1949 καὶ
3561 1894 3845 1955 διακένου,
3881 1891 4004 1960 οὖχί

715 2004 1078 2067 adumbravit,
1103 2017 1165 2056 ea
1191 2002 1328 2056 dixit
1351 2000 1416 2055 de
1442 1997 1664 2054 Christo
1690 1997 2008 2068 ﬁguraliter.
2038 1996 2102 2048 Et
2125 2010 2301 2064 quan-

716 2107 831 2151 tum
866 2096 933 2149 ad
984 2094 1132 2162 leges
1161 2089 1393 2153 attinet,
1438 2087 1602 2142 etiam
1639 2085 1771 2155 ipsa;
1802 2098 1950 2139 nunc
1984 2082 2299 2147 implentur,

712 2198 767 2247 et
790 2185 929 2243 nihil
959 2185 1013 2240 in
1045 2184 1130 2239 his
1154 2194 1326 2252 usque
1355 2176 1979 2247 adestremum‘apicem
2005 2172 2299 2228 intercidit.

713 2283 783 2339 Et
834 2294 957 2350 qua
1000 2277 1068 2333 de
1115 2274 1335 2331 Christo
1368 2273 1476 2329 illic
1520 2286 1615 2342 per
1660 2269 1909 2325 umbram
1956 2266 2299 2324 subindicata

708 2378 875 2435 sunt,
921 2381 1064 2423 nunc
1102 2364 1453 2437 perficientur
1498 2361 1717 2417 clarius.
1760 2358 1821 2414 Et
1866 2359 2120 2415 mandata
2168 2357 2303 2426 legis

714 2472 835 2528 qua:
860 2466 984 2511 tunc
1001 2456 1146 2519 data,
1170 2467 1267 2524 pro
1291 2450 1731 2523 imperfectorum
1754 2461 1918 2504 sensu
1936 2457 2303 2519 congruenter

714 2552 873 2619 data,
893 2562 1037 2604 nunc
1064 2546 1435 2604 sublimiorem
1456 2554 1512 2601 et
1539 2542 1919 2614 perfectiorem
1952 2557 2170 2599 sensum
2203 2542 2299 2596 ha-

712 2643 892 2704 bitura
918 2647 1067 2697 sunt.
1087 2639 1206 2695 Lex
1238 2640 1383 2693 enim
1416 2634 1734 2706 imperfecte
1755 2634 2107 2707 imperfecti:
2121 2634 2297 2689 locuta

713 2744 797 2793 est
833 2753 846 2791 :
881 2734 1026 2806 quod
1053 2734 1181 2787 hinc
1224 2730 1568 2787 manifestum
1610 2740 1717 2785 est.
1758 2726 1894 2783 Nam
1922 2730 1989 2784 de
2027 2727 2300 2783 solutione

715 2825 1025 2895 nuptiarum
1051 2822 1205 2893 juxta
1236 2820 1495 2876 duritiem
1523 2818 1703 2875 cordis
1733 2816 2044 2873 Iudaeorum
2074 2829 2299 2888 respon-

713 2917 815 2982 dit,
857 2926 915 2970 ut
968 2929 1091 2969 cum
1120 2913 1203 2967 vir
1232 2913 1359 2968 odio
1392 2911 1646 2968 habuerit
1677 2923 1926 2977 uxorem,
1972 2914 2298 2979 potestatem

714 3009 914 3066 habeat
950 3005 1258 3064 dimittendi
1287 3020 1444 3073 eam,
1483 3018 1552 3059 ne
1596 3003 1847 3059 deterius
1869 3002 2000 3073 quid
2039 3001 2156 3059 flat.
2188 3000 2299 3057 Ho-

712 3103 929 3160 micida:
953 3101 1096 3155 enim
1126 3108 1285 3156 erant
1315 3107 1369 3155 et
1394 3097 1753 3169 sanguinarii,
1780 3106 1837 3153 et
1864 3110 2042 3163 neque
2062 3094 2299 3167 propriis

713 3196 1033 3269 parcebant,
1061 3182 1499 3264 quandoquidem
1532 3201 1587 3247 et
1624 3191 1760 3246 filios
1808 3200 1863 3245 et
1910 3190 2049 3245 filias
2094 3191 2297 3245 daemo-

714 3290 873 3345 nibus
919 3288 1309 3353 immolabant;
1362 3284 1459 3341 sed
1508 3282 1786 3337 humilitas
1832 3292 1885 3337 et
1954 3281 2297 3352 imperfectio

715 3382 850 3452 legis
882 3379 1004 3434 talis
1031 3389 1170 3435 erat.
1203 3378 1440 3446 Tempus
1468 3376 1613 3431 enim
1645 3373 1910 3443 ejusmodi
1947 3372 2300 3444 legislationis

715 3484 844 3529 tunc
866 3480 1003 3536 erat,
1025 3485 1166 3526 nunc
1194 3478 1374 3523 autem
1404 3466 1508 3522 alia
1540 3466 1866 3537 perfectiore
1889 3466 2140 3520 doctrina
2164 3480 2301 3536 opus

711 3572 817 3621 est.
866 3562 1079 3617 Idcirco
1114 3560 1279 3613 etiam
1314 3556 1440 3613 dico
1472 3556 1676 3629 :517
1713 3554 1905 3613 Omnis
1935 3557 2029 3626 qui
2075 3556 2302 3613 dimittit

714 3669 961 3720 uxorem,
1022 3662 1252 3721 excepta
1310 3664 1472 3706 causa
1527 3649 1908 3705 fornicationis
1956 3648 2202 3715 scilicet,
2244 3658 2300 3704 et

719 3745 865 3801 ducit
897 3743 1093 3806 aliam,
1140 3741 1469 3797 adulterium
1511 3741 1801 3795 committit
1826 3740 1895 3795 ⁸⁸.
1944 3740 2103 3797 Unde
2152 3740 2297 3795 haud

710 3837 943 3899 mirum,
980 3833 1025 3887 si
1061 3846 1186 3887 cum
1223 3830 1361 3885 nihil
1403 3829 1508 3884 tale
1537 3829 1605 3883 de
1639 3838 1953 3902 paupertate
1997 3829 2083 3886 le:
2118 3830 2298 3885 mani-

713 3931 852 3981 feste
899 3926 1180 3991 docuerit,
1226 3938 1327 3993 ego
1378 3924 1447 3977 de
1494 3933 1811 3993 paupertate
1857 3937 1963 3977 non
2010 3923 2299 3977 disseram.

714 4019 856 4073 hcce
903 4033 1028 4073 cum
1081 4016 1149 4071 de
1187 4015 1459 4071 solutione
1500 4016 1832 4068 matrimonii
1869 4014 1953 4067 lex
1992 4014 2303 4083 promiscue

714 4111 1035 4183 praeceperit
1074 4118 1294 4180 propter
1321 4110 1529 4164 caedem
1561 4105 1873 4163 Judmorum
1896 4147 1911 4172 ,
1942 4122 2043 4175 ego
2074 4109 2140 4163 ad
2168 4124 2301 4179 per-

711 4204 941 4260 fectiora
976 4217 1244 4258 exercens
1276 4202 1555 4257 auditores
1578 4244 1592 4269 ,
1628 4204 1913 4271 repudium
1955 4204 2163 4270 absque
2212 4216 2299 4256 ra-

713 4294 958 4351 tionabili
988 4310 1153 4349 causa
1186 4293 1479 4364 prohibeo,
1516 4308 1625 4347 non
1663 4294 1736 4345 illi
1766 4294 2040 4347 contraria
2072 4294 2295 4360 docens,

710 4388 805 4441 sed
853 4386 1027 4453 magis
1070 4385 1399 4438 voluntatem
1440 4382 1556 4451 ejus
1603 4384 1913 4451 perliciens.
1962 4381 2112 4437 ﬂens
2152 4382 2298 4440 enim

710 4477 845 4549 legis
880 4487 997 4533 erat
1030 4490 1096 4531 ne
1137 4476 1426 4531 homicidia
1462 4475 1655 4529 tierent
1685 4476 1824 4529 inter
1857 4476 2029 4529 virum
2061 4484 2117 4533 et
2163 4490 2298 4529 uxo-

2408 2016 2597 2071 φησιν,
2620 1995 2771 2073 ’ἀλλά
2799 1995 3003 2067 μᾶλλον
3030 1993 3129 2045 νῦν
3162 1989 3571 2060 ἀναπληροῦται
3600 1988 3695 2040 καὶ
3755 1982 4004 2037 τελειοῦ-

2404 2110 2517 2148 ται.
2566 2074 2709 2145 Ὅσα
2763 2090 2873 2160 γάρ
2930 2084 3381 2155 ἰσκιαγράφησεν
3438 2084 3645 2143 ἐκεῖνος
3699 2078 3817 2131 εῐτε
3872 2074 4005 2147 περὶ

2407 2183 2646 2257 Χριστοῦ
2673 2182 2850 2251 λέγων
2895 2176 3175 2241 τυπικῶς,
3210 2177 3321 2229 εῐτε
3364 2174 3493 2244 περὶ
3526 2171 3785 2233 εντολῶν,
3823 2162 3999 2220 ταῦτα

2406 2278 2500 2333 νῦν
2528 2273 2994 2346 ἀναπληροῦνται,
3028 2270 3124 2325 καὶ
3156 2269 3309 2323 οὐδὲν
3334 2266 3541 2320 τούτων
3575 2264 3705 2335 ἄχρι
3732 2262 3835 2315 καὶ
3870 2261 4004 2330 μιᾶς

2404 2368 2633 2440 κεραίας
2680 2364 3043 2420 διαπεσεῖται·
3086 2360 3157 2415 τά
3185 2376 3248 2413 τε
3286 2357 3395 2428 γάρ
3441 2356 3573 2427 περὶ
3603 2350 3848 2425 Χριστοῦ
3886 2351 4006 2402 ἐκεῖ

2405 2456 2687 2521 σκιοειδῶς
2736 2454 3163 2526 ὑποδειχθιντα,
3217 2450 3314 2506 νῦν
3373 2447 3692 2519 φανώτερον
3739 2442 4002 2509 τελεσθή-

2403 2568 2612 2607 σονται.
2647 2547 2759 2604 Καὶ
2793 2547 2851 2601 αἰ
2882 2545 3098 2601 ιντολαί
3122 2543 3218 2598 τοῦ
3264 2543 3453 2613 νόμου,
3496 2541 3553 2594 αἰ
3585 2548 3704 2592 τοτε
3730 2536 3870 2607 πρὸ,
3902 2535 4002 2603 τὴν

2401 2644 2508 2700 τῶν
2557 2642 2768 2699 ἀτελῶν
2815 2637 3059 2694 διάνοιαν
3089 2635 3310 2698 οἰκείως
3353 2632 3452 2688 καὶ
3503 2627 3866 2700 καταλλήλως
3913 2626 4000 2679 δι-

2400 2737 2601 2801 θεῖσαι,
2641 2734 2738 2789 νῦν
2776 2733 2839 2787 τὸ
2871 2729 3212 2803 ὑψηλότερον
3252 2729 3344 2783 καὶ
3380 2725 3721 2795 τελειότερον
3750 2721 3997 2787 ἕξουσιν·

2400 2830 2484 2883 ὅτι
2511 2828 2622 2899 γάρ
2642 2828 2671 2881 6
2692 2826 2855 2897 νόμος
2875 2824 3014 2896 πρὸς
3032 2823 3249 2885 ἀτελεῖς
3271 2818 3482 2883 ἀτελῶς
3504 2816 3785 2885 διελέγετο
3801 2856 3816 2879 ,
3839 2813 4001 2885 δῆλον

2402 2918 2675 2973 ἐντεῦθεν.
2695 2915 2809 2971 Καὶ
2827 2916 2938 2986 γάρ
2958 2914 3089 2984 περὶ
3111 2913 3321 2975 λύσεως
3340 2910 3523 2981 γάμου
3548 2908 3689 2980 πρὸς
3708 2908 3810 2976 τὴν
3833 2906 4004 2974 σκλη-

2406 3008 2705 3083 ροκαρδίαν
2742 3006 2854 3063 τῶν
2899 3005 3171 3077 Ἐϐραίων
3216 3002 3587 3074 ἀπεκρίνατο,
3622 2996 3692 3051 ἶν’
3723 3001 3772 3052 εἰ
3812 2998 4002 3069 μισοίη

2399 3104 2429 3155 6
2463 3102 2603 3171 ἀνὴρ
2648 3100 2749 3172 τὴν
2780 3099 3050 3169 γυναῖκα,
3084 3096 3339 3164 ἰξουσίαν
3378 3094 3479 3165 Im
3513 3090 3774 3147 ἀπολύειν
3806 3089 4001 3160 αὐτὴν,

2405 3194 2491 3249 ῐνα
2514 3193 2590 3265 μὴ
2612 3191 2795 3265 χεῖρόν
2821 3209 2875 3245 τι
2902 3190 3151 3260 γενηται.
3175 3190 3360 3252 Φονείς
3395 3188 3507 3258 γὰρ
3540 3186 3695 3250 ὄντες
3716 3184 3814 3239 καὶ
3840 3185 4005 3253 αἰμο-

2404 3289 2620 3359 χαρεῐς,
2641 3286 2762 3341 οὐδὲ
2782 3284 2893 3339 τῶν
2919 3283 3269 3341 οἰκειοτάτων
3304 3278 3601 3352 εφείδοντο,
3632 3278 3711 3342 ὡς
3741 3277 3843 3333 καὶ
3871 3276 4003 3340 τοὺς

2403 3381 2555 3444 υἰοὺς
2609 3379 2707 3433 καὶ
2757 3376 2858 3443 τάς
2901 3375 3209 3447 θυγατέρας
3284 3376 3401 3438 τοῖς
3445 3372 3750 3444 δαιμονίοις
3814 3370 3999 3424 θύειν

2401 3470 2537 3526 ἀλλά
2568 3470 2630 3523 τὸ
2662 3470 2760 3540 μὲν
2785 3466 3086 3541 χθαμαλὸν,
3121 3467 3220 3521 καὶ
3262 3466 3453 3530 ἀτελὴς
3483 3464 3579 3519 τοῦ
3610 3463 3785 3533 νόμου
3820 3462 4005 3515 τοιοῦ-

2400 3575 2515 3617 τον*
2556 3561 2749 3634 καιρὸς
2794 3561 2903 3632 γάρ
2940 3557 3010 3631 ἦν
3053 3561 3154 3631 τῆς
3181 3559 3441 3629 τοιαύτης
3471 3556 3803 3627 νομοθεσίας
3841 3556 4003 3617 τότε,

2403 3657 2522 3710 νυνὶ
2566 3656 2625 3709 δι
2670 3654 2839 3725 ἀλλης
2871 3651 3215 3724 τελειοτέρας
3243 3648 3598 3713 διδασκαλίας
3633 3648 3736 3701 δεῖ.
3779 3647 3875 3700 Διὸ
3913 3648 4007 3700 καί

2401 3766 2567 3818 φημι,
2599 3747 2707 3811 πᾶς
2737 3749 2766 3800 6
2802 3746 3059 3802 ἀπολύων
3093 3748 3194 3817 τὴν
3221 3745 3455 3814 γυναῖκα
3486 3740 3682 3807 αὑτοῦ,
3701 3741 4005 3813 απαρεκτὸς

2399 3842 2561 3913 λόγου
2592 3842 2850 3916 πορνείας
2872 3840 3099 3915 δηλαδὴ,
3129 3840 3228 3897 καὶ
3250 3838 3448 3911 γαμῶν
3474 3837 3693 3910 ἑτέραν,
3730 3835 4001 3907 μοιχεύει·

2401 3934 2544 3990 ὥστε
2575 3934 2732 3989 οῢδδν
2767 3934 3104 4004 θαυμαστὸν,
3135 3934 3182 3986 εἰ
3214 3934 3308 3985 καὶ
3336 3928 3412 4003 μὴ
3446 3931 3578 4004 περὶ
3604 3929 4005 3999 ἀκτημοσύνης

2400 4026 2746 4097 διαλέγομαι,
2779 4025 2949 4096 μηδὲν
2979 4025 3122 4078 οὕτω
3154 4024 3343 4095 σαφῶς
3378 4025 3472 4078 τοῦ
3508 4025 3676 4093 νόμου
3713 4022 4003 4077 διδάσκον-

2400 4136 2493 4183 τος
2524 4118 2693 4191 (6-7).
2744 4117 2875 4171 ’ἰδοὺ
2918 4116 3049 4187 γοῦν
3084 4119 3216 4187 περὶ
3246 4117 3349 4187 τῆς
3380 4116 3476 4170 τοῦ
3518 4116 3699 4187 γάμου
3730 4116 3946 4179 λύσεως
3976 4116 4005 4167 6

2401 4210 2566 4282 νόμος
2606 4208 2919 4279 ἀδιαφόρως
2950 4191 3207 4263 ἐκέλεῦσε
3229 4248 3245 4274 ,
3275 4208 3366 4262 διὰ
3393 4210 3495 4279 τὴν
3539 4206 3862 4280 μιαιφονίαν
3896 4207 4005 4261 τῶν

2413 4304 2709 4371 Ἰουδαίων,
2742 4301 2856 4372 ἐγὼ
2887 4302 2947 4356 δὲ
2982 4300 3122 4373 πρὸς
3152 4300 3213 4355 τὸ
3248 4301 3590 4372 τελειότερον
3629 4300 4003 4370 ἑγγυμνάζων

2399 4397 2528 4461 τοὺς
2550 4395 2876 4462 ἀκούοντας,
2906 4396 3008 4466 τὴν
3030 4393 3325 4463 ἀνεύλογον
3347 4393 3615 4448 ἀπόλυσιν
3641 4394 3999 4463 ἀπαγορεύω,

2399 4491 2500 4543 οὐκ
2548 4488 2772 4543 ἐναντία
2820 4488 3016 4559 ἐκείνῳ
3067 4487 3427 4560 διαγορεύων,
3482 4486 3622 4542 ἀλλά
3681 4487 3890 4555 μᾶλλον
3945 4484 4003 4537 τὸ

708 4587 855 4627 rem:
896 4572 999 4626 hoc
1029 4580 1083 4625 et
1104 4584 1203 4640 ego
1242 4569 1485 4633 intendo,
1518 4583 1582 4624 eo
1613 4570 1755 4639 quod
1784 4570 2005 4624 doceam
2038 4568 2295 4639 conjuges

2404 4578 2616 4631 ἐκείνου
2665 4578 2916 4651 βούλημα
2953 4579 3140 4635 ἰστῶν.
3177 4580 3268 4646 Τῷ
3299 4580 3410 4650 γάρ
3449 4578 3601 4649 νόμῳ
3633 4576 3901 4647 βουλητὸν
3937 4570 4001 4646 ἦν

708 4676 951 4723 mutuam
985 4666 1129 4721 inter
1156 4679 1217 4719 se
1246 4678 1439 4718 curam
1470 4677 1692 4733 gerere,
1719 4671 1773 4717 et
1802 4677 2028 4732 parcere
2061 4663 2292 4716 alterum

708 4760 862 4813 alteri
899 4768 958 4812 ut
988 4756 1249 4811 membris
1284 4755 1519 4825 prepriis
1554 4792 1570 4820 ,
1602 4754 1654 4807 id
1685 4757 1828 4823 quod
1859 4766 1912 4809 et
1942 4758 2025 4809 lex
2054 4755 2293 4810 volebat.

708 4856 780 4905 At
804 4850 1061 4920 quoniam
1094 4846 1396 4919 imperfecti
1420 4858 1574 4901 erant
1596 4848 1902 4913 auditores,
1934 4849 2180 4904 decrevit
2205 4849 2293 4904 illa

707 4944 939 5014 conjugii
976 4942 1299 4998 solutionem
1320 4980 1335 5008 ,
1373 4951 1429 4995 ut
1462 4940 1545 4995 vel
1579 4941 1657 4996 sic
1683 4941 1784 4995 sibi
1818 4952 2063 4997 mutuum
2095 4957 2291 5013 parce-

706 5044 845 5101 rant,
879 5044 934 5090 et
963 5050 1069 5089 non
1106 5034 1158 5087 in
1193 5048 1251 5089 se
1280 5034 1509 5089 invicem
1540 5034 1844 5089 insanirent
1876 5036 1959 5089 vir
1985 5046 2039 5091 et
2074 5038 2287 5092 mulier.

706 5128 909 5183 Statuit
948 5130 1113 5199 igitur
1148 5126 1399 5182 Christus
1434 5129 1615 5181 omnia
1648 5141 1769 5198 quae
1798 5127 1867 5183 ad
1911 5128 2087 5197 legem
2122 5130 2293 5199 perti-

707 5234 867 5289 nent,
900 5233 955 5279 et
986 5224 1058 5277 ita
1103 5224 1237 5277 bene
1273 5222 1411 5277 dixit
1456 5222 1598 5293 quod
1647 5222 1977 5292 impossibile
2025 5224 2095 5279 sit
2127 5241 2291 5280 unum

780 5407 825 5435 "
851 5403 1044 5459 Matth.
1080 5420 1195 5469 χιχ,
1218 5402 1272 5458 9.

2404 4670 2464 4725 τὺ
2498 4670 2573 4740 μὴ
2605 4669 2853 4738 γίνεσθαι
2882 4670 3078 4739 φόνους
3116 4670 3323 4741 μεταξὺ
3366 4671 3563 4741 ἀνδρὸς
3586 4672 3683 4724 καὶ
3712 4671 4000 4737 γυναικός·

2402 4761 2563 4816 τοῦτο
2592 4762 2749 4831 κάγὼ
2778 4761 2965 4828 τυπῶ,
2999 4762 3091 4815 διὰ
3128 4762 3224 4815 τοῦ
3257 4760 3538 4817 παιδεύειν
3566 4762 3692 4823 τοὺς
3726 4760 4003 4828 συζύγους

2402 4856 2648 4926 ἀλλήλων
2676 4856 2956 4927 κήδεσθαι,
2984 4856 3081 4910 καὶ
3106 4854 3411 4926 φείδεσθαι,
3438 4854 3513 4917 ὡς
3542 4853 3730 4926 μελῶν
3756 4856 4001 4921 οἰκείων,

2404 4947 2547 5002 ὥστε
2578 4950 2673 5003 καί
2711 4951 2740 5003 ὁ
2770 4950 2933 5020 νόμος
2966 4950 3065 5021 μὲν
3103 4950 3266 5004 τοῦτο
3312 4949 3587 5005 ἰδούλετο⁶
3634 4948 3760 5003 επεὶ
3791 4948 3849 5002 δὲ
3878 4951 4001 5003 ἀτε-

2401 5042 2515 5105 λεῖς
2559 5037 2701 5116 ἦσαν
2741 5044 2790 5096 οἰ
2820 5042 3132 5108 ἀκούοντες,
3164 5044 3334 5116 ὥρισε
3364 5043 3466 5115 τὴν
3509 5041 3605 5097 τοῦ
3654 5041 3843 5111 γάμου
3878 5040 4000 5095 διά-

2402 5132 2579 5200 λυσιν,
2632 5134 2719 5187 ἰνα
2764 5134 2867 5189 κᾶν
2916 5134 3093 5201 οὕτως
3148 5135 3319 5207 φειδὼ
3363 5135 3576 5206 γένοιτο
3618 5134 3714 5187 καὶ
3767 5133 3844 5204 μὴ
3881 5150 3995 5188 κατε

2404 5227 2652 5299 ἀλλήλων
2694 5228 2972 5302 μαίνοιντο
3000 5231 3029 5284 ὃ
3069 5248 3127 5285 τε
3169 5230 3310 5305 ἀνὴρ
3378 5229 3473 5285 καὶ
3516 5228 3552 5299 ἡ
3581 5229 3745 5299 γυνή·
3797 5231 3869 5285 τά
3906 5225 3991 5283 τοί

1683 5567 1775 5629 Ex
1808 5566 2157 5630 collatione
2192 5571 2379 5633 codd.
2414 5571 2642 5633 Venet.
2688 5573 2753 5634 S.
2788 5574 3011 5635 Marci.

776 5749 915 5818 (6-7)
947 5747 1080 5803 Cod.
1122 5749 1212 5814 32,
1248 5751 1428 5819 Μηδὲν
1453 5750 1596 5802 οὕτω
1630 5753 1817 5819 σαφῶς
1850 5752 1944 5805 τοῦ
1990 5753 2156 5821 νόμου
2197 5753 2279 5804 δι-

703 5821 1017 5893 δάσκοντος,
1076 5822 1239 5884 αὐτὸς
1299 5823 1428 5892 περὶ
1483 5824 1873 5893 ἀκτημοσύνης
1935 5824 2280 5891 διαλέγομαι.

706 5893 865 5947 ’.ίὸοὺ
898 5891 1069 5962 γοῦν,
1100 5910 1151 5945 κ.
1192 5908 1240 5945 τ.
1270 5893 1316 5947 λ.
1342 5912 1359 5943 t
1380 5891 1485 5948 Sic
1510 5908 1631 5947 cum
1660 5896 1790 5950 nihil
1829 5891 1973 5951 adeo
2004 5898 2289 5949 tttatiti'ertc

2392 5752 2802 5883 Leuxmdoctﬁrit,
2840 5757 2955 5829 ipse
3004 5758 3070 5814 de
3126 5769 3443 5829 paupertate
3517 5760 3809 5819 disseram.
3871 5762 3989 5818 Em

2543 5868 2557 5883 .
2602 5846 2619 5878 ι
2713 5845 2762 5882 (⁸.

2543 5868 2557 5896 ,
2602 5846 2619 5878 ι
2656 5845 2762 5883 etc.
