4228 6428
203 408 311 474 973

890 393 1343 458 ENARRATIO
1384 393 1466 453 IN
1512 389 2013 453 EVANGELIUM
2054 389 2287 453 LUC/li.
2316 411 2380 423 -
2406 389 2565 448 CAP.
2606 387 2759 448 XVI.

3404 381 3511 460 974

206 517 376 588 νόμου
405 511 586 566 τοίνυν
623 509 800 566 πάντα
832 506 1066 577 ἐστησεν
1103 509 1132 561 ό
1160 506 1417 577 Χριστός·
1449 505 1592 559 ὥστε
1619 504 1802 567 καλῶς

1936 503 2120 571 picem
2166 502 2233 556 de
2272 501 2389 572 lege
2434 501 2652 555 cadere.
2686 494 2970 565 Quomodo
3000 494 3148 550 enim
3199 493 3510 561 decideret,

204 605 384 671 εἶπεν,
421 604 497 668 ὡς
530 599 793 658 ἀδύνατόν
822 616 1010 670 φησιν,
1045 601 1235 651 πεσεῖν
1273 596 1403 668 μίαν
1443 596 1673 667 κεραίαν
1703 596 1799 649 τοῦ

203 702 398 771 νόμου’
434 697 552 760 πῶς
584 693 694 765 γάρ
728 693 796 750 ἀν
843 692 991 762 πέσῃ
1018 694 1047 745 ό
1081 691 1284 762 μᾶλλον
1331 691 1666 762 όρθούμενος
1695 689 1803 742 ὑπὸ

209 791 444 867 Χριστοῦ
462 808 476 857 ;

288 906 309 943 ι
356 883 680 955 Ἄνθρωπος
706 879 764 934 δέ
791 896 877 944 τις
901 873 972 949 ἦν
1006 874 1285 939 πλούσιος,
1312 874 1407 928 καὶ
1433 871 1807 926 ἐνεδιδύσκετο

209 977 501 1051 πορφύραν
531 974 629 1029 καὶ
663 972 884 1044 βύσσον,
947 967 1378 1038 εὐφραινόμενος
1418 962 1544 1019 καθ’
1589 963 1808 1036 ἡμέραν

225 1067 521 1140 λαμπρῶς.
559 1065 782 1137 Πτωχὸς
827 1063 886 1117 δέ
925 1079 1010 1125 τις
1053 1056 1122 1132 ἦν
1152 1059 1379 1129 ὀνόματι
1424 1057 1705 1127 Λάζαρος,
1748 1055 1807 1120 ὃς

212 1162 478 1230 ἐϐέϐλητο
527 1159 665 1231 πρὸς
692 1157 785 1210 τὸν
822 1153 1048 1208 πυλῶνα
1090 1153 1261 1207 αὐτοῦ
1311 1149 1660 1221 ἡλκωμένος,
1713 1153 1808 1202 καὶ

211 1252 504 1323 ἐπιθυμῶν
530 1248 907 1322 χορτασθῆναι
937 1245 1049 1300 ἀπὸ
1078 1244 1188 1298 τῶν
1219 1243 1421 1314 ψιχίων
1448 1241 1560 1296 τῶν
1584 1241 1810 1296 πιπτόν-

210 1365 323 1400 των
351 1345 463 1398 ἀπὸ
491 1344 589 1412 τῆς
625 1339 909 1412 τραπέζης
949 1336 1043 1392 τοῦ
1093 1335 1374 1392 πλουσίου.
1430 1334 1594 1388 Ἀλλά
1632 1333 1728 1387 καὶ
1757 1334 1809 1385 οὶ

212 1439 378 1501 κύνες
409 1434 698 1507 ἐρχόμενοι
730 1431 1022 1502 ἀπέλειχον
1059 1430 1126 1483 τά
1155 1428 1289 1499 ἕλκη
1320 1425 1513 1481 αὐτοῦ.
1563 1425 1813 1494 Ἐγένετο

213 1531 271 1583 δέ
297 1529 590 1582 ἀποθανεῖν
613 1525 708 1578 τὸν
735 1523 974 1594 πτωχὸν,
1001 1521 1100 1576 καὶ
1122 1520 1491 1592 ἀπενεχθῆναι
1515 1520 1680 1574 αὑτὸν
1707 1519 1814 1571 ὑπὸ

215 1618 327 1672 τῶν
360 1617 610 1686 ἀγγέλων
633 1615 714 1677 είς
736 1613 831 1668 τὸν
859 1611 1064 1666 κόλπον
1095 1610 1191 1666 τοῦ
1226 1609 1505 1680 Ἀϐραάμ.
1545 1607 1812 1663 Ἀπέθανε

214 1712 273 1766 δὲ
327 1712 423 1766 καὶ
469 1711 500 1764 ό
547 1708 835 1775 πλούσιος,
885 1711 981 1762 καὶ
1019 1706 1216 1777 ἐτάφη.
1262 1723 1280 1756 ι
1350 1703 1651 1759 Ἀκόλουθα
1700 1706 1814 1765 τοῖς

219 1803 640 1876 προειρημένοις
682 1801 876 1856 ταῦτα.
932 1800 1154 1870 Ἐπειδὴ
1201 1799 1313 1870 γάρ
1343 1796 1634 1870 προλαϐὼν
1684 1796 1815 1870 περὶ

1914 595 2246 667 οιιιιιιιιηειείο
2279 609 2308 647 a
2341 592 2563 649 Christo
2601 587 3011 662 corrigereturl

1989 869 2158 925 Vsus.
2194 866 2361 926 19-22
2414 885 2434 920 ι
2469 865 2644 922 Homo
2683 865 2907 936 quidam
2940 875 3058 921 erat
3099 866 3278 930 dives,
3306 868 3398 938 qui
3430 869 3517 923 in-

1917 965 2187 1019 duebatur
2217 975 2456 1031 purpura
2502 972 2559 1014 et
2592 961 2790 1030 bysso,
2833 964 2887 1012 et
2912 955 3236 1028 epulabatur
3273 960 3519 1027 quotidie

1918 1057 2222 1125 splendide.
2275 1055 2406 1109 Erat
2455 1063 2642 1109 autem
2692 1052 2917 1123 quidam
2967 1051 3253 1107 mendicus
3299 1052 3518 1108 nomine

1920 1150 2193 1211 Lazarus,
2245 1149 2336 1217 qui
2381 1146 2600 1218 jacebat
2649 1147 2716 1198 ad
2763 1146 2989 1214 januam
3037 1142 3155 1212 ejus
3204 1144 3518 1210 ulcerosus,

1921 1242 2148 1312 cupiens
2181 1241 2419 1294 satur-ari
2454 1241 2518 1294 de
2570 1237 2730 1293 micis
2765 1253 2885 1307 quae
2920 1238 3194 1292 cadebant
3235 1237 3302 1292 de
3334 1254 3518 1293 mensa

1928 1333 2134 1387 divitis.
2167 1331 2274 1385 Sed
2297 1342 2352 1384 et
2387 1345 2552 1385 canes
2583 1330 2910 1393 veniebant,
2945 1344 3009 1384 ac
3035 1329 3318 1398 lingebant
3340 1329 3520 1384 ulcera

1922 1424 2061 1496 ejus.
2091 1423 2307 1478 Accidit
2335 1432 2515 1504 autem
2549 1431 2607 1476 ιιι
2647 1433 2952 1477 moreretur
2981 1425 3283 1486 mendicus,
3325 1435 3380 1480 et
3414 1427 3524 1481 de-

1924 1526 2236 1588 portaretur
2283 1516 2350 1569 ab
2404 1514 2612 1583 angelis
2652 1515 2705 1568 in
2755 1515 2933 1569 sinum
2971 1516 3226 1571 Abrahm.
3282 1517 3526 1572 Mortuus

1924 1621 2007 1666 est
2024 1621 2204 1666 autem
2227 1618 2281 1663 ct
2308 1610 2480 1673 dives,
2510 1624 2572 1662 ac
2597 1617 2841 1677 sepultus
2863 1617 2968 1664 est.
3003 1627 3024 1660 ι
3052 1608 3198 1665 Bene
3217 1621 3528 1679 sequuntur

1927 1704 2044 1759 haec
2074 1703 2140 1757 ad
2173 1703 2479 1773 superiora.
2509 1701 2646 1768 Quia
2679 1703 2824 1756 enim
2859 1703 3010 1771 prius
3041 1702 3304 1758 docuerat
3334 1717 3390 1758 ut
3427 1719 3528 1760 nos

1928 1806 2077 1852 recte
2107 1797 2251 1851 circa
2278 1794 2500 1849 divitias
2535 1809 2889 1864 gereremus,
2925 1794 3122 1849 merito
3153 1796 3437 1866 c0njtmgit
3472 1805 3529 1852 et

215 1895 314 1951 τοῦ
343 1896 435 1949 τὸν
463 1894 693 1949 πλοῦτον
715 1892 1056 1949 διατίθεσθαι
1089 1892 1277 1957 καλῶς
1303 1891 1566 1957 ἐδίδαξεν,
1588 1891 1816 1954 είκότως

1936 1892 2064 1945 hanc
2089 1887 2402 1959 parabolam
2429 1887 2482 1941 in
2510 1887 2757 1942 eamdem
2783 1885 3049 1943 ferentem
3075 1891 3403 1945 sententiam
3434 1905 3531 1960 per

217 1988 581 2059 ἐπισυνάπτει
629 1989 724 2042 καὶ
755 1985 965 2057 ταύτην
996 1986 1098 2056 τὴν
1133 1985 1482 2057 παραϐολὴν,
1531 1985 1615 2049 είς
1659 1983 1822 2037 τοῦτο

220 2079 358 2134 αὐτὸ
399 2078 676 2149 φέρουσαν
713 2078 802 2131 διά
847 2077 940 2131 τοῦ
978 2076 1122 2131 κατὰ
1154 2078 1246 2130 τὸν
1295 2077 1553 2130 πλούσιον
1607 2074 1824 2129 ὑποδείο

230 2183 466 2238 γματςς.
499 2167 793 2238 Παραίολὴ
823 2167 934 2238 γὰρ
962 2167 1058 2220 καὶ
1085 2165 1265 2230 τοῦτο,
1291 2165 1409 2220 ἀλλ’
1436 2167 1536 2237 οὐχ
1563 2164 1639 2229 ῶς
1678 2181 1823 2227 τινες

219 2260 468 2328 ἀνοήτως
509 2256 576 2312 ἂν
617 2257 878 2325 οἰηθεῖεν,
930 2256 1169 2328 πρᾶγμά
1222 2259 1373 2310 ἐστιν
1419 2256 1524 2327 ήδη
1572 2253 1820 2323 γεγονός.

224 2350 458 2404 Οὐδέπω
504 2349 613 2420 γὰρ
658 2349 783 2402 οὔτε
829 2351 943 2412 τοῖς
979 2349 1214 2413 δικαίοις
1246 2347 1358 2406 τῶν
1402 2346 1648 2416 ἀγαθῶν,
1696 2346 1823 2400 οὔτε

220 2444 340 2506 τοῖς
373 2441 723 2513 ἁμαρτωλοῖς
753 2442 864 2496 τῶν
891 2444 1161 2497 ἐναντίων
1191 2445 1224 2513 ὴ
1253 2435 1672 2513 ἀποκλήρωσις,
1704 2441 1822 2496 ἀλλ’

222 2535 566 2605 ἐσχημάτισε
602 2534 694 2588 τὸν
728 2534 891 2603 λόγον
926 2535 954 2587 δ
986 2533 1196 2604 Κύριος
1219 2574 1235 2601 ,
1271 2534 1410 2606 πρὸς
1438 2533 1501 2587 τὸ
1529 2532 1824 2588 παιδεῦσαι

226 2628 359 2691 τοὺς
389 2627 784 2698 ἀνελεήμονας,
828 2622 920 2681 οἷα
948 2617 1138 2692 αὐτοῖς
1181 2627 1597 2690 ἀποκείσονται,
1630 2630 1727 2687 κα).
1755 2622 1825 2680 αὖ

223 2718 440 2784 διδάξαι
492 2720 619 2783 τοὺς
680 2718 1171 2786 κακοπαθοῦντας,
1224 2715 1313 2774 οἷα
1375 2719 1825 2789 εὐπαθήσουσιν,

226 2813 372 2884 ὺπέρ
401 2805 477 2868 ὧν
510 2811 749 2867 ἐνταῦθα
789 2813 1149 2882 ὑπομένουσι.
1182 2813 1288 2868 Τὸν
1318 2813 1418 2884 μέν
1445 2812 1542 2866 οὖν
1571 2811 1828 2866 πλούσιον

224 2906 531 2977 ἀνωνύμως
579 2908 638 2960 ἐν
677 2909 745 2978 τῇ
796 2907 1084 2980 παραϐολῇ
1141 2908 1488 2980 παρέλαϐεν,
1544 2901 1631 2962 οἷα
1693 2907 1829 2978 μηδὲ

226 2996 382 3064 ἀξιον
411 2999 561 3070 παρά
581 2998 703 3071 Θεῷ
727 2999 1122 3071 ὀνομάζεσθαι,
1155 2999 1300 3054 καθὰ
1319 3000 1416 3055 καὶ
1441 2999 1532 3054 διά
1559 2998 1654 3052 τοῦ
1688 3015 1825 3068 προ-

229 3092 406 3163 φήτου
441 3091 632 3162 φησιν,
665 3092 730 3147 οὐ
779 3092 857 3165 μὴ
894 3093 1125 3165 μνησθῶ
1164 3092 1275 3148 τῶν
1322 3095 1610 3165 ὀνομάτων
1649 3091 1830 3146 αὐτῶν

226 3170 322 3237 διά
353 3181 580 3251 χειλέων
616 3199 742 3253 μου.
794 3183 903 3238 Τοῦ
937 3183 997 3238 δὲ
1032 3184 1269 3254 πένητος
1307 3184 1576 3254 ὀνομαστὶ
1617 3201 1829 3255 μνημο-

229 3271 413 3325 νεύει’
472 3270 583 3325 τῶν
619 3272 731 3342 γὰρ
762 3272 989 3328 δικαίων
1026 3275 1094 3328 τά
1139 3273 1384 3344 ὀνόματα
1425 3274 1522 3327 καὶ
1560 3275 1620 3326 ἐν
1661 3273 1830 3344 βίϐλῳ

229 3364 382 3434 ζωῆς
420 3364 862 3433 ἀπογράφονταιι
895 3366 1015 3420 ἐστι
1057 3366 1116 3419 δέ
1145 3366 1329 3436 λόγος,
1362 3367 1438 3429 ὡς
1481 3368 1516 3437 ἡ
1559 3366 1829 3436 Ἐϐραίων

231 3456 535 3527 παράδοσις
560 3455 698 3527 εχει,
728 3458 978 3529 Λάζαρον
1006 3455 1148 3512 εἷναί
1178 3477 1300 3512 τινα
1329 3461 1388 3512 ἐν
1429 3458 1829 3529 Ἰεροσολύμοις

231 3549 359 3604 κατ’
407 3548 588 3602 ἐκεῖνο
622 3549 818 3620 καιροῦ
863 3549 1105 3622 ἐσχάτην
1173 3551 1364 3604 πενίαν
1409 3550 1833 3622 κεκληρωμένον

235 3639 331 3694 καί
356 3637 696 3709 ἀρρωστίαν,
744 3633 808 3694 οὗ
843 3639 1221 3710 μνημονεῦσαι
1261 3640 1352 3695 τὸν
1381 3642 1590 3713 Κύριον
1619 3643 1698 3702 εἰς
1728 3658 1830 3694 πα-

232 3730 474 3802 ραϐολὴν
507 3731 670 3785 αὑτὸν
717 3731 978 3800 λαϐόντα,
1027 3732 1102 3796 ῶς
1130 3733 1354 3803 ἐμφανῆ
1387 3734 1483 3786 καὶ
1526 3733 1828 3803 γνώριμον.

245 3821 308 3877 Ὀ
341 3823 443 3894 μέν
490 3816 585 3878 οὖν
617 3823 874 3890 πλούσιος
908 3824 1176 3879 πάντοθεν
1208 3826 1417 3895 εύροῶν
1445 3822 1536 3897 ἦν,
1588 3828 1684 3880 καὶ
1725 3826 1833 3895 γὰρ

234 3915 333 3968 καὶ
368 3914 664 3986 πορφύραν
703 3915 801 3972 καὶ
844 3916 1046 3988 βύσσον
1082 3917 1389 3974 ἐνεδέδυτο·
1421 3920 1516 3972 καὶ
1555 3919 1616 3971 ού
1670 3918 1834 3988 μόνον

233 4001 420 4072 τοῦτο,
454 4007 593 4062 ἀλλά
630 4010 726 4063 καὶ
755 4009 857 4081 τὴν
901 4010 1075 4081 ἀλλην
1120 4011 1336 4081 τρυφὴν
1383 4009 1598 4082 ἐτρύφα
1629 4012 1831 4064 πᾶσαν.

235 4100 686 4171 Εὐφραινόμενος
717 4100 848 4173 γάρ,
887 4102 1047 4172 φησὶ,
1097 4103 1194 4156 καὶ
1238 4105 1300 4156 ού
1350 4103 1448 4158 νῦν
1485 4103 1607 4172 μὲν,
1653 4101 1748 4156 νῦν
1779 4102 1836 4155 δὲ

235 4190 326 4252 οὒ.
354 4193 492 4247 ἀλλά
514 4194 861 4265 καθημέραν,
888 4196 981 4248 καὶ
1001 4197 1063 4248 οὺ
1090 4197 1351 4267 μετρίως,
1377 4197 1514 4250 ἀλλά
1540 4195 1833 4266 λαμπρῶς,

237 4284 523 4338 τουτέστιν
589 4273 819 4350 ἀσώτως
860 4285 958 4340 καὶ
997 4288 1330 4350 πολυτελῶς.
1386 4289 1445 4343 '0
1485 4289 1542 4342 δὲ
1584 4289 1836 4359 Λάζαρος

239 4376 340 4430 καὶ
378 4377 573 4448 πένης,
607 4379 702 4432 καί⁵
735 4365 1060 4451 ἀρρωστῶν,
1092 4383 1189 4435 καὶ
1218 4382 1380 4436 τοῦτο
1409 4382 1626 4447 δεινῶς·
1660 4384 1840 4451 ἡλκω-

243 4467 408 4538 μένος
444 4468 573 4540 γὰρ,
617 4471 804 4539 φησίν.
861 4472 1018 4524 Ἐστι
1069 4473 1178 4544 γὰρ
1235 4475 1580 4544 ἀρρωστεῖν,
1617 4474 1677 4526 οὺ
1733 4473 1840 4543 μὴν

1925 1984 2236 2054 exemplum
2277 1982 2487 2038 divitis.
2530 1979 2800 2036 Parabola
2831 1980 2978 2037 enim
3009 1992 3092 2037 est
3128 1982 3266 2050 haec,
3299 1991 3355 2038 et
3393 1997 3527 2045 non,

1927 2086 1986 2130 ut
2019 2074 2237 2146 quidam
2279 2075 2486 2143 opinati
2520 2085 2668 2140 sunt,
2697 2074 2953 2129 historia.
2989 2073 3242 2128 Nondum
3266 2075 3412 2130 enim
3440 2091 3532 2130 se-

1927 2181 2118 2238 parata
2141 2168 2486 2238 erantjustis
2521 2170 2686 2235 bona,
2717 2179 2774 2224 et
2795 2169 3178 2240 peccatoribus
3209 2170 3483 2224 contraria
3512 2187 3527 2223 :

1926 2264 2023 2320 sed
2055 2263 2311 2336 figuravit
2334 2277 2645 2319 sermonem
2673 2262 2956 2329 Dominus,
2986 2273 3044 2318 ut
3065 2263 3534 2319 immisericordes

1930 2355 2128 2412 doceat
2171 2356 2350 2426 qualia
2383 2355 2464 2412 eis
2513 2366 2780 2412 eventura
2823 2357 2963 2421 sint,
3002 2364 3058 2411 et
3099 2357 3297 2412 iterum
3339 2357 3535 2412 doceat

1930 2463 2024 2504 eos
2053 2447 2146 2518 qui
2176 2446 2515 2517 afﬂiguntur,
2549 2463 2714 2516 quam
2746 2447 2887 2503 bene
2917 2448 3155 2504 habituri
3189 2449 3299 2503 sint
3321 2465 3421 2519 pro
3453 2449 3538 2505 his

1930 2555 2053 2609 quae
2089 2540 2179 2596 hic
2210 2539 2507 2595 sustinent.
2542 2537 2777 2594 Divitem
2815 2537 2981 2610 igitur
3017 2539 3119 2595 hoc
3163 2541 3286 2596 loco
3327 2541 3538 2611 absque

1929 2632 2153 2687 nomine
2200 2631 2254 2685 in
2305 2630 2563 2700 parabola
2614 2631 2942 2700 assumpsit,
2990 2641 3180 2701 utpote
3219 2632 3310 2702 qui
3357 2647 3537 2703 neque

1932 2724 2128 2794 dignus
2158 2724 2230 2778 sit
2268 2725 2360 2791 qui
2390 2738 2422 2778 α
2469 2722 2578 2778 Deo
2604 2725 2917 2780 nominetur
2950 2764 2966 2792 ,
3003 2724 3149 2780 sicut
3183 2737 3237 2779 et
3283 2739 3378 2794 per
3408 2741 3540 2797 pro-

1933 2817 2152 2886 phetam
2181 2817 2315 2872 dicit
2345 2833 2358 2870 :
2389 2815 2506 2871 Non
2536 2831 2744 2872 memor
2770 2831 2866 2872 ero
2893 2818 3174 2872 nominum
3199 2817 3415 2873 illorum
3442 2833 3538 2888 per

1933 2909 2071 2965 labia
2103 2924 2246 2965 mea.
2281 2908 2492 2964 Nomen
2521 2918 2706 2964 autem
2744 2909 3004 2979 pauperis
3033 2920 3323 2965 memorat.
3356 2908 3542 2965 Justo—

1935 3016 2054 3057 rum
2086 3001 2231 3056 enim
2285 3001 2506 3057 nomina
2544 3001 2597 3056 in
2634 2999 2774 3057 libro
2822 3001 2948 3057 vita:
2982 3005 3190 3071 scripta
3221 3010 3369 3058 sunt.
3408 3003 3539 3058 Fert

1933 3096 2079 3149 enim
2115 3091 2469 3149 Hebraeorum
2507 3093 2765 3160 traditio,
2806 3093 3076 3148 Lazarum
3121 3094 3410 3165 quemdam
3442 3111 3541 3165 per

1934 3186 2066 3242 illud
2090 3194 2304 3255 tempus
2325 3197 2569 3241 extrema
2591 3185 2773 3257 inopia
2802 3194 2858 3242 et
2883 3187 3204 3242 infirmitate
3230 3187 3536 3252 laborasse,

1935 3277 2092 3348 cujus
2123 3278 2457 3331 mentionem
2491 3276 2683 3332 fecerit
2718 3277 2982 3331 Dominus
3014 3278 3068 3331 in
3100 3277 3362 3348 parabola
3399 3277 3502 3331 hac
3524 3319 3539 3343 ,

1936 3377 2125 3437 utpote
2156 3366 2269 3421 noti
2301 3376 2356 3421 et
2382 3366 2680 3422 manifesti.
2715 3367 2877 3422 Dives
2909 3366 3077 3436 igitur
3104 3368 3332 3422 omnino
3368 3369 3543 3423 disso-

1938 3463 2084 3518 lutus
2118 3469 2266 3515 erat:
2295 3474 2420 3514 nam
2459 3474 2698 3529 purpura
2730 3469 2786 3514 et
2823 3460 2986 3528 bysso
3021 3460 3370 3525 induebatur,
3405 3478 3545 3531 prac-

1939 3562 2088 3610 terea
2135 3553 2394 3609 omnibus
2446 3552 2568 3606 aliis
2616 3552 2826 3606 deliciis
2877 3552 3128 3608 vacabat.
3181 3552 3544 3623 Epulabatur,

1938 3643 2138 3713 inquit,
2172 3653 2225 3698 et
2256 3649 2362 3697 nan
2394 3658 2539 3697 nunc
2571 3643 2825 3712 quidem,
2873 3652 3062 3713 postea
3093 3660 3227 3699 vero
3269 3661 3409 3708 non,
3450 3648 3543 3701 sed

1937 3733 2109 3806 418
2142 3734 2388 3803 qu0tidie
2421 3742 2517 3789 :ct
2547 3749 2654 3788 non
2685 3734 3059 3800 mediocriter,
3091 3738 3186 3791 sed
3224 3738 3543 3806 Splenelide,

1943 3827 2044 3882 hoc
2097 3834 2183 3881 est
2245 3835 2566 3895 sumptuose
2611 3834 2666 3880 et
2716 3825 3091 3894 prodigaliter.
3141 3825 3385 3885 Lazarus
3418 3846 3549 3885 vero

1942 3933 2146 3990 pauper
2203 3927 2324 3972 erat
2366 3928 2420 3972 et
2455 3902 2706 3972 intirmus
2735 3918 2975 3988 graviter
3004 3937 3015 3972 :
3054 3919 3336 3978 ulcerosus
3365 3927 3546 3990 enim,

1943 4011 2138 4080 inquit,
2173 4022 2315 4065 erat.
2351 4009 2646 4081 IEgrotant
2678 4012 2803 4076 alii,
2839 4011 2932 4066 sed
2982 4014 3257 4070 ulceribus
3304 4028 3500 4073 carent
3532 4039 3544 4072 :

1943 4103 2032 4158 hic
2065 4112 2248 4157 autem
2297 4103 2550 4172 graviore
2593 4103 2737 4157 malo
2778 4103 3145 4174 alﬂigebatur,
3194 4117 3249 4161 et
3283 4109 3350 4162 ad
3387 4112 3549 4164 vcsti-

1944 4195 2130 4250 bulum
2153 4194 2339 4249 divitis
2364 4194 2586 4264 jacebat
2616 4209 2788 4250 :ecce
2818 4195 2958 4250 alius
2977 4196 3154 4263 dolor,
3188 4199 3378 4255 videre
3411 4202 3548 4256 alios

1945 4287 1996 4339 in
2029 4284 2261 4348 deliciis,
2301 4298 2360 4339 se
2391 4298 2520 4338 vero
2567 4283 2714 4338 fame
2757 4284 2954 4353 premi.
3007 4285 3368 4341 Desiderabat
3402 4292 3547 4343 enim

1944 4377 2158 4441 satiari,
2196 4391 2302 4431 non
2333 4376 2670 4445 sumptuosis
2706 4375 2965 4440 ferculis,
2988 4379 3081 4433 sed
3117 4381 3183 4434 de
3215 4381 3374 4436 micis
3409 4384 3549 4452 ejus,

1945 4477 2000 4522 ct
2037 4467 2143 4521 illis
2174 4467 2374 4535 quibus
2407 4467 2755 4520 satiebantur
2776 4480 2965 4522 canes.
3003 4467 3234 4539 Insuper
3257 4471 3552 4525 destitutus

240 4560 544 4630 ὴλκῶσθαι.
591 4563 859 4618 Ἐνταῦθα
887 4565 946 4618 δὲ
976 4566 1226 4628 ἐπίτασις
1254 4567 1350 4620 τοῦ
1375 4566 1550 4621 κακοῦ
1576 4568 1670 4620 καὶ
1703 4567 1828 4637 πρὸς

1947 4570 2067 4615 erat
2091 4558 2239 4613 omni
2267 4573 2422 4623 cura,
2454 4568 2509 4611 et
2535 4571 2700 4613 canes
2730 4556 3007 4626 lingebant
3031 4560 3217 4615 ulcera
3252 4564 3390 4630 eius,
3424 4579 3550 4619 cum

239 4649 335 4706 τὸν
363 4651 589 4706 πυλῶνα
617 4652 953 4725 βεϐλημένος
973 4657 1071 4710 τοῦ
1100 4657 1382 4722 πλουσίου,
1408 4659 1571 4729 ἑτέρα
1605 4659 1828 4729 βάσανος

1946 4667 2107 4708 nemo
2145 4659 2292 4708 esset
2335 4651 2428 4720 qui
2476 4652 2544 4705 ab
2575 4650 2672 4706 illo
2717 4652 2850 4706 istos
2887 4652 3155 4721 abigeret.
3198 4654 3342 4710 Num
3385 4656 3553 4723 igitur

240 4738 307 4793 τὸ
337 4739 474 4812 ὁρᾷν
499 4741 695 4808 ἀλλους
714 4744 1205 4817 ὑπερτρυφῶντας,
1238 4751 1403 4803 αὑτὸν
1432 4751 1490 4804 δὲ
1520 4751 1838 4821 λιμώττειν.

257 4831 560 4904 Ἐπεθύμει
594 4836 704 4906 γὰρ
743 4840 1116 4910 χορτασθῆναι
1154 4843 1278 4913 ούχὶ
1319 4843 1632 4914 βρωμάτων
1673 4845 1842 4898 πολυ-

241 4924 440 4992 τελῶν,
489 4926 626 4980 άλλά
659 4931 752 4984 καὶ
797 4931 996 5003 ψιχίων
1033 4935 1234 5002 αὐτῶν,
1272 4939 1367 4992 καὶ
1413 4938 1642 5006 τούτων,
1674 4931 1750 4996 ὦν
1791 4940 1843 4992 ol

243 5018 412 5082 κύνες
467 5024 850 5092 χορτάζονται.
921 5028 1081 5083 Ἀλλά
1128 5018 1220 5083 καὶ
1268 5030 1475 5101 ἔρημος
1523 5032 1632 5086 τῶν
1681 5034 1843 5102 θερα-

245 5110 588 5164 πευσόντωνο
627 5115 677 5167 oi
710 5117 819 5188 γάρ
848 5119 1005 5183 κύνες
1038 5121 1246 5192 ἔλειχον
1279 5123 1347 5176 τὰ
1377 5123 1512 5195 ἕλκη
1544 5123 1732 5190 αὐτοῦ,
1757 5118 1843 5177 οἶα

247 5201 476 5271 μηδενὸς
503 5204 656 5270 ὄντος
686 5208 778 5284 τοῦ
814 5213 1254 5284 ἀποσοϐήσοντος
1286 5216 1533 5281 τούτους.
1571 5212 1720 5289 *Δρα
1749 5215 1843 5272 οὖν

242 5292 304 5343 ἐν
344 5295 622 5360 τοσούτοις
649 5290 853 5365 ’δεινοῖς
897 5302 975 5356 ῶν
1007 5308 1034 5358 ὀ
1079 5307 1332 5378 Λάζαρος
1375 5309 1840 5381 εϐλασφήμησενς

243 5381 278 5473 ᾗ
309 5384 619 5458 ἐλοιδόρησε
650 5391 748 5462 τὴν
782 5398 996 5465 τρυφὴν
1021 5397 1115 5450 τοῦ
1143 5399 1444 5469 πλουσίους
1471 5402 1504 5473 ἢ
1538 5403 1640 5472 τὴν
1668 5405 1845 5456 ἁπαν-

243 5471 494 5566 θρωπίαν
541 5482 904 5553 κατέκρινεν;
961 5490 992 5558 ἢ
1045 5490 1145 5562 τὴν
1199 5494 1461 5563 πρόνοιαν
1496 5471 1841 5566 νὲμέμψατος

241 5565 416 5619 Οὐδὲν
446 5570 653 5625 τούτων
684 5576 930 5649 ἐνόησεν,
965 5582 1104 5636 ἀλλά
1137 5585 1275 5654 μετά
1318 5585 1526 5657 πολλῆς
1562 5565 1664 5657 τῆς
1695 5588 1845 5657 φιλο-ρ

245 5659 443 5751 σοφίας
479 5664 795 5738 ἐκαρτέρει.
833 5672 1006 5727 Πόθεν
1043 5676 1236 5746 δῆλονς
1282 5679 1402 5749 ’Λφ’
1431 5677 1506 5735 ῶν
1542 5673 1846 5751 οί’ἀγγελοι

244 5750 412 5852 αὐτὸν
429 5753 774 5852 ἀποθανόντα
796 5764 1060 5836 ἐδέχοντο.
1085 5772 1200 5824 υύκ
1222 5771 1287 5825 ἂν
1312 5775 1441 5844 γάρ,
1467 5775 1516 5826 εί
1537 5750 1709 5843 γογγυ
1720 5776 1845 5845 atii;

246 5845 316 5910 ἡν
369 5845 467 5898 καὶ
497 5848 839 5924 βλάσφημος,
872 5862 1142 5933 τοσαύτης
1169 5867 1334 5936 τιμῆς
1367 5867 1590 5939 ᾗξιὼοην
1630 5871 1720 5922 καὶ
1747 5871 1847 5940 τ’ἧῖ

1944 4745 2190 4801 Lazarus
2228 4745 2286 4799 in
2332 4746 2496 4800 tantis
2537 4746 2692 4799 matis
2745 4745 3206 4820 blasphemabat?
3253 4765 3382 4804 num
3419 4766 3555 4805 con-

1945 4838 2292 4894 viciabatur?
2325 4855 2451 4892 num
2485 4837 2797 4894 inceSSabat
2830 4839 3017 4892 luxum
3051 4840 3274 4896 divitis?
3306 4859 3435 4897 num
3470 4843 3554 4898 iu-

1948 4932 2350 4986 humanitatem
2384 4930 2826 4984 condemnabat?
2862 4947 2989 4984 num
3026 4933 3425 5000 providentiam
3455 4936 3549 4990 Dei

1949 5024 2417 5096 reprehendebat?
2471 5023 2618 5079 Nihil
2673 5026 2866 5079 horum
2908 5043 2922 5080 :
2967 5027 3061 5080 sed
3098 5026 3255 5081 fortis
3303 5039 3459 5094 erat,
3499 5039 3555 5083 et

1950 5132 2168 5189 magna:
2208 5116 2590 5187 philosophiae.
2641 5115 2797 5171 Unde
2827 5115 3227 5173 manifestum?
3263 5132 3553 5189 propterea

1948 5211 2091 5283 quod
2144 5210 2320 5281 angeli
2362 5210 2536 5280 ipsum
2563 5213 2864 5279 {mortuum
2912 5212 3274 5279 susceperint.
3322 5212 3459 5268 Nam
3505 5218 3549 5270 si

1948 5307 2400 5360 obmurmurator
2449 5303 2649 5360 fuisset
2698 5313 2754 5360 et
2793 5304 3180 5375 blasphemus,
3232 5311 3552 5378 neutiquam

1950 5408 2159 5453 tantum
2197 5399 2462 5451 honorem
2503 5397 2699 5451 fuisset
2746 5408 3102 5460 consecutus,
3141 5409 3195 5454 et
3231 5401 3550 5469 angelorum

1950 5493 2212 5546 comitatu
2255 5492 2509 5559 stipatus.
2553 5490 2795 5545 Mortuus
2829 5499 2920 5544 est
2965 5500 3147 5544 autem
3188 5502 3244 5546 et
3280 5493 3455 5555 dives,
3488 5509 3552 5544 ac

1949 5585 2194 5654 sepultus
2241 5594 2349 5640 cst.
2387 5583 2521 5638 Nam
2555 5583 2802 5653 profecto
2838 5585 3000 5637 etiam
3037 5601 3161 5639 cum
3196 5585 3422 5644 viveret,
3467 5599 3554 5637 se-

1950 5679 2100 5748 pulta
2137 5687 2260 5733 crat
2302 5678 2421 5749 ejus
2468 5677 2686 5743 anima,
2744 5692 2968 5731 carnem
3025 5678 3180 5746 quasi
3238 5677 3551 5745 sepulcrum

1949 5773 2370 5830 circumferens.
2418 5771 2484 5826 Et
2530 5773 2652 5828 ideo
2684 5789 2805 5826 cum
2844 5783 3173 5836 moreretur,
3214 5788 3320 5826 non
3352 5773 3419 5826 ab
3462 5789 3557 5825 au-

1956 5867 2090 5934 gclis
2113 5876 2428 5938 assumptus
2459 5874 2576 5933 est,
2606 5869 2699 5923 sed
2728 5869 2777 5922 in
2805 5866 3076 5921 inletttutn
3109 5869 3394 5923 deductus.
3423 5864 3557 5920 Nam
