4228 6428
738 406 846 467 975

1573 397 2147 460 TllEOPHYLACTI
2186 397 2596 460 BULUARUE
2625 400 2980 464 ARCHIEP.

3899 407 4014 472 9‘76

722 514 813 583 qui
838 511 971 565 nihil
997 511 1222 566 sublime
1276 506 1514 575 nihilque
1531 508 1750 564 cceleste
1772 507 2024 572 cognovit
2044 522 2278 576 unquam

2419 508 2549 575 παρ’
2584 511 2841 592 ἀγγέλων
2866 513 3228 585 δορυφορίας,
3266 515 3508 570 ἀπέθανε
3540 516 3598 569 δὲ
3644 518 3737 569 καὶ
3777 516 3809 569 δ
3844 518 4015 572 πλού-

725 607 911 658 intimo
943 606 1061 659 loco
1092 604 1307 674 dignus.
1335 603 1572 659 Dicendo
1600 606 1741 659 enim
1773 599 1915 671 quod
1941 599 2186 669 sepultus
2207 601 2300 667 sit,

728 698 963 750 insinuat
991 696 1167 750 obiter
1198 696 1465 753 Dominus
1499 698 1640 767 quod
1670 705 1724 751 et
1753 696 1932 749 anima
1971 694 2089 764 ejus
2126 693 2301 748 locum

725 785 963 839 infimum
997 796 1051 841 et
1083 786 1438 856 caliginosum
1468 790 1655 841 sortita
1692 786 1877 841 fuerit.

2416 615 2547 663 σιος,
2596 602 2688 653 καὶ
2732 602 2928 672 ἐτάφη.
2978 604 3068 673 Τῷ
3109 605 3224 658 δντι
3274 606 3383 677 γὰρ
3421 606 3515 659 καὶ
3563 607 3773 671 ζῶντος
3819 626 4014 662 κατω-

2418 690 2659 762 ρυγμένη
2697 692 2865 746 αὑτοῦ
2898 690 3025 766 ἦνή
3062 694 3250 767 ψυχὴ,
3298 698 3376 759 ὡς
3410 700 3579 767 τάφον
3628 702 4016 771 περιφέρουσα

2410 783 2511 852 τὴν
2558 783 2761 854 σάρκα.
2818 785 2911 838 Διὸ
2959 788 3054 839 καὶ
3105 787 3397 841 ἀποθανὼν
3448 790 3547 862 οὐχ
3598 792 3704 845 ὑπὸ
3750 794 4015 861 ἀγγέλων

720 877 1014 945 ἀπάγεται,
1040 879 1152 932 ἀλλ’
1181 881 1259 941 είς
1282 879 1369 931 τὸν
1392 880 1524 949 ᾅδην
1549 880 1866 946 κατάγεται.
1906 877 1965 932 '0
1992 877 2099 947 γάρ
2127 874 2296 946 μηδὲν
2335 873 2538 945 ὑψηλὸν
2568 876 2845 946 φρονήσας
2872 878 3003 931 ποτὲ
3044 880 3171 947 μηδ’
3198 881 3469 950 οὐράνιον,
3526 886 3621 937 τοῦ
3686 890 4012 941 κατωτάτου

720 974 886 1025 τόπου
919 974 1101 1041 ἄξιος,
1132 976 1213 1044 τῷ
1244 976 1376 1044 γοῦν
1416 976 1613 1038 εἰπεῖν,
1646 976 1729 1028 ὅτι
1762 974 1959 1043 ἐτάφη,
1992 972 2150 1025 τοῦτο
2193 968 2533 1041 παρῃνίξατο
2596 972 2624 1023 ὁ
2652 970 2877 1041 Κύριος,
2914 974 2995 1027 ὅτι
3028 976 3123 1027 καὶ
3192 980 3225 1047 η
3258 978 3406 1048 ψυχὴ
3468 978 3633 1034 αὐτοῦ
3694 981 3787 1035 τὸν
3817 1000 4010 1037 κατωε

720 1068 867 1119 τάτω
894 1068 1057 1121 τόπον
1088 1070 1179 1120 καὶ
1212 1069 1428 1139 ζοφώδη
1463 1069 1679 1139 ἔλαχεν.

790 1160 956 1214 Vsus.
986 1161 1230 1215 25-26.:
1270 1164 1445 1231 Atque
1490 1164 1540 1216 in
1586 1172 1793 1215 tartaro
1826 1161 2061 1219 sublatis
2090 1160 2297 1223 oculis,

719 1267 841 1304 eum
882 1262 1028 1306 esset
1062 1253 1114 1307 in
1163 1255 1478 1317 tormentis,
1529 1254 1671 1307 videt
1721 1253 1993 1307 Abraham
2044 1253 2296 1317 eminus,

718 1350 770 1393 et
816 1340 1081 1395 Lazarum
1126 1342 1176 1395 in
1211 1343 1334 1396 sinu
1368 1343 1485 1412 ejus
1522 1361 1532 1396 :
1568 1352 1621 1396 et
1654 1341 1769 1410 ipse
1810 1343 2051 1397 clamans
2097 1343 2235 1398 dixit
2280 1360 2293 1395 :

720 1430 882 1485 Pater
912 1434 1205 1497 Abraham,
1245 1434 1504 1489 miserere
1538 1435 1679 1500 mei,
1714 1442 1770 1495 et
1811 1436 1967 1488 mitte
1996 1433 2293 1500 Lazarum,

719 1534 776 1575 ut
816 1524 1047 1593 intingat
1087 1533 1391 1579 extremum
1434 1526 1583 1594 digiti
1623 1528 1707 1581 sui
1748 1526 1798 1581 in
1834 1542 2027 1596 aquam
2052 1567 2066 1589 ,
2107 1542 2170 1583 ac
2212 1542 2297 1583 re-

716 1618 939 1688 frigeret
984 1619 1220 1689 linguam
1270 1635 1481 1684 meam,
1534 1621 1660 1689 quia
1715 1622 1931 1675 crucior
1983 1622 2035 1677 in
2080 1620 2294 1676 ﬂamma

718 1712 836 1765 hac.
888 1711 1031 1765 Dixit
1068 1720 1248 1766 autem
1282 1712 1556 1766 Abraham
1594 1726 1610 1765 :
1652 1712 1791 1779 Fili,
1827 1715 2109 1769 recordare
2150 1713 2295 1783 quod

2478 1177 2495 1213 ι
2536 1160 2643 1212 Καὶ
2676 1161 2735 1213 έν
2765 1161 2843 1230 τῷ
2886 1161 2986 1233 ᾅδῃ
3021 1163 3237 1234 ἐπάρας
3266 1164 3393 1227 τοὺς
3431 1163 3746 1233 ὀφθαλμοὺς
3784 1168 3962 1222 αὑτοῦ
3991 1212 4006 1231 ,

2401 1250 2663 1322 ὑπάρχων
2712 1253 2771 1305 ἐν
2820 1252 3114 1321 βασάνοις,
3156 1257 3259 1326 ὁρᾷ
3291 1255 3382 1308 τὸν
3426 1256 3681 1327 ’Δϐραάμ
3732 1259 3847 1312 ἀπὸ
3892 1278 4007 1329 μα-

2400 1342 2616 1411 κρόθεν,
2676 1344 2771 1397 καὶ
2820 1344 3074 1415 Λάζαρον
3110 1349 3167 1399 ὲν
3220 1348 3334 1411 τοῖς
3389 1346 3614 1411 κόλποις
3648 1348 3859 1412 αὐτοῦ,
3908 1350 4008 1404 καὶ

2397 1426 2562 1490 αὐτὸς
2595 1429 2852 1499 φωνήσας
2898 1427 3041 1484 εἶπε·
3092 1433 3278 1503 Πάτερ
3319 1435 3591 1505 Ἀϐραὰμ,
3628 1438 3857 1506 ἐλέησόν
3894 1457 4005 1508 με,

2397 1515 2493 1567 καὶ
2526 1516 2747 1587 πέμψον
2780 1519 3055 1590 Λάζαρον,
3087 1523 3176 1577 ῖνα
3206 1523 3354 1595 βάψῃ
3385 1526 3446 1578 τὸ
3467 1527 3640 1597 ἀκρον
3670 1527 3765 1579 τοῦ
3792 1528 4004 1582 δακτύ-

2398 1608 2492 1662 λου
2524 1610 2691 1685 αύτοῦ
2722 1611 2935 1679 ὕδατος,
2969 1614 3061 1667 καὶ
3100 1616 3393 1691 καταψύξῃ
3425 1618 3523 1689 τὴν
3553 1620 3816 1688 γλῶσσάν
3856 1640 3964 1691 μου
3986 1664 4000 1685 ,

2396 1702 2479 1755 δτι
2508 1703 2779 1773 ὀδυνῶμαι
2808 1707 2865 1757 ἐν
2888 1708 2952 1776 τῇ
2995 1708 3153 1776 φλογὶ
3184 1709 3377 1781 ταύτῃ.
3410 1706 3546 1763 Eine
3581 1713 3639 1765 δὲ
3685 1713 3956 1784 Ἀϐραάμ
3979 1730 3990 1741 ·

720 1805 986 1870 receperis
1037 1804 1175 1858 bona
1218 1813 1305 1857 tua
1352 1804 1403 1857 in
1452 1804 1556 1857 vita
1610 1815 1727 1869 tua,
1760 1817 1813 1859 et
1848 1803 2090 1861 Lazarus
2138 1805 2278 1860 simi-

2400 1795 2622 1858 Τέκνον,
2655 1797 2966 1869 μνήσθητι,
2996 1800 3078 1852 ὅτι
3128 1801 3406 1865 ἀπέλαϐες
3442 1804 3509 1856 σὺ
3549 1804 3619 1858 τά
3666 1805 3852 1869 ἀγαθά
3896 1824 3991 1859 σου

718 1895 839 1946 liter
872 1895 1009 1948 mala
1042 1912 1055 1960 ;
1089 1910 1232 1949 nunc
1263 1906 1439 1952 autem
1474 1897 1559 1952 hic
1600 1897 1791 1952 solatio
1817 1896 2027 1963 fruitur,
2064 1908 2117 1952 tu
2167 1912 2293 1953 vero

713 1987 991 2042 cruciaris.
1047 1988 1114 2042 Et
1159 2003 1321 2059 super
1380 1990 1494 2043 haec
1542 1992 1725 2043 omnia
1775 1990 1915 2044 inter
1958 2005 2059 2045 nos
2098 1999 2151 2045 et
2196 2004 2291 2045 vos

712 2079 892 2133 hiatus
928 2080 1114 2150 ingens
1148 2080 1393 2136 ﬁrmatus
1438 2092 1557 2146 est,
1602 2091 1660 2135 ut
1706 2083 1759 2136 hi
1804 2083 1895 2151 qui
1941 2082 2124 2136 volunt
2163 2082 2292 2136 hinc

715 2173 948 2227 transire
988 2173 1054 2228 ad
1086 2187 1181 2229 vos
1211 2188 1315 2228 non
1366 2174 1595 2243 possint,
1644 2190 1818 2245 neque
1844 2175 1969 2229 inde
2004 2184 2290 2229 transcen-

708 2264 836 2317 dere
884 2266 948 2318 ad
1001 2280 1117 2321 nos.
1170 2283 1187 2316 ι
1232 2267 1698 2332 Quemadmodum
1744 2266 2005 2322 Dominus
2052 2266 2286 2336 ejectum

708 2357 879 2410 Adam
926 2370 956 2409 e
1010 2356 1226 2426 regione
1279 2358 1517 2426 paradisi
1557 2358 1879 2423 collocavit,
1921 2367 1982 2412 ut
2027 2357 2287 2420 continuo

707 2458 1011 2517 aspectans,
1039 2450 1240 2503 clarius
1262 2450 1487 2504 sentiret
1504 2464 1533 2503 a
1552 2450 1769 2521 quantis
1792 2450 1949 2505 bonis
1963 2449 2284 2505 excidisset:

706 2543 783 2597 sic
820 2552 875 2596 et
919 2542 1066 2596 illum
1102 2543 1486 2597 condemnavit
1534 2544 1588 2598 in
1632 2553 1927 2615 conspectu
1962 2542 2192 2608 Lazari,
2228 2552 2287 2598 ut

705 2638 893 2692 videns
926 2636 1074 2690 illum
1131 2636 1182 2689 in
1228 2636 1476 2705 qualibus
1509 2645 1686 2701 esset,
1735 2635 1964 2689 sentiret
2012 2633 2156 2688 unde
2189 2648 2287 2703 per

705 2730 1159 2783 inhumanitatem
1201 2729 1514 2784 excidisset.
1561 2727 1627 2781 Et
1662 2736 1947 2798 propterea
1990 2740 2099 2781 non
2143 2727 2283 2797 apud

705 2823 870 2877 alium
904 2823 1188 2892 quemdam
1221 2822 1460 2892 justum,
1500 2824 1592 2878 sed
1630 2822 1683 2876 in
1718 2820 1841 2876 sinu
1883 2819 2115 2876 Abrahze
2150 2820 2287 2875 vidit

2402 1889 2460 1942 ἐν
2492 1892 2558 1959 τῇ
2589 1890 2699 1961 ζωῇ
2734 1907 2851 1955 σου,
2877 1892 2974 1946 καὶ
2994 1892 3249 1964 Λάζαρος
3273 1894 3478 1964 ὁμοίως
3504 1896 3572 1949 τά
3599 1897 3767 1959 κακά,
3804 1896 3902 1949 νῦν
3938 1896 3994 1949 δὲ

2400 1978 2486 2032 ὅδε
2534 1982 2974 2050 παρακαλεῖται,
3011 1982 3077 2035 σὺ
3110 1984 3169 2037 δὲ
3216 1986 3499 2042 ὀδυνᾶσαι.
3552 1988 3666 2040 Καὶ
3713 1988 3810 2040 ἐπὶ
3856 1990 3994 2042 πᾶσι

2398 2070 2609 2136 τούτοις
2649 2075 2838 2144 χάσμα
2874 2076 3019 2145 μέγα
3066 2078 3394 2151 ιστήρικται
3434 2081 3639 2149 μεταξὺ
3689 2081 3850 2150 ἡμῶν
3899 2084 3995 2134 καὶ

2399 2161 2577 2232 ὑμῶν,
2614 2166 2764 2230 ὅπως
2802 2169 2851 2220 οί
2904 2168 3151 2233 θέλοντες
3185 2170 3439 2240 διαϐῆναι
3474 2171 3628 2225 ἔνθεν
3662 2173 3804 2242 πρὸς
3844 2174 3993 2240 ὑμᾶς

2400 2254 2477 2325 μὴ
2530 2254 2815 2325 δύνωνται,
2873 2260 3009 2331 μηδὲ
3049 2265 3097 2315 οί
3146 2265 3357 2318 ἐκεῖθεν
3405 2266 3544 2337 πρὸς
3594 2268 3743 2336 ἡμᾶς
3792 2268 3989 2320 διαπε-

2398 2348 2587 2420 ρῶσιν.
2624 2370 2643 2403 ι
2684 2352 2896 2425 Ὠσπερ
2928 2355 3019 2411 τὸν
3057 2358 3233 2431 ’Λδάμ
3266 2362 3294 2413 ὁ
3326 2359 3533 2429 Κύριος
3564 2360 3849 2414 ικϐάλλων
3892 2361 3989 2415 τοῦ

2396 2444 2728 2513 παραδείσου
2754 2446 3015 2503 ἀπέναντι
3047 2451 3217 2505 αὐτοῦ
3245 2452 3576 2522 κατῴκισεν,
3608 2452 3696 2505 ῖνα
3728 2456 3794 2524 τῇ
3829 2472 3988 2507 συνε-

2394 2536 2479 2603 χεῖ
2504 2534 2624 2605 ὕψει
2658 2539 3058 2611 ἀνανεούμενον
3091 2542 3154 2597 τὸ
3182 2542 3356 2607 πάθος
3381 2542 3794 2613 ἀκριϐεστέραν
3836 2545 3989 2615 αὑτῷ

2394 2626 2652 2698 παράσχῃ
2681 2629 2781 2699 τὴν
2823 2630 3078 2701 αίσθησιν
3110 2633 3210 2704 τῆς
3239 2634 3347 2686 τῶν
3378 2632 3601 2701 ἀγαθῶν
3629 2633 3986 2698 ἐκπτώσεως,

2391 2717 2536 2773 οὕτω
2559 2722 2653 2775 καὶ
2671 2721 2858 2776 τοῦτον
2881 2725 3174 2780 κατέναντι
3196 2725 3290 2779 τοῦ
3315 2726 3570 2796 Λαζάρου
3596 2726 3983 2789 κατεδίκασεν,

2393 2812 2459 2865 ἶν’
2487 2813 2631 2885 ὁρῶν
2658 2814 2822 2870 αὑτὸν
2849 2817 2906 2871 ὲν
2932 2816 3064 2882 οῐοις
3101 2819 3273 2884 ἐστὶν,
3303 2817 3630 2888 αίσθάνηται
3660 2811 3736 2873 ὧν
3769 2818 3858 2872 διὰ
3890 2822 3988 2887 τὴν

706 2913 993 2980 Lazarum,
1018 2914 1272 2983 quoniam
1316 2897 1600 2982 hospitalis
1645 2913 1820 2968 fuerat
1868 2913 2163 2974 Abraham.
2212 2912 2283 2970 Ut
2392 2902 2792 2975 ἀπανθρωπίαν
2842 2907 3201 2962 ἑκπέπτωκε.
3254 2908 3407 2962 Διατί
3443 2910 3500 2963 δὲ
3545 2910 3608 2962 οὐ
3666 2910 3799 2979 παρ’
3840 2910 3987 2979 ἄλλῳ

702 3007 863 3077 igitur
898 3006 1389 3075 reprehenderetur
1418 3006 1562 3060 illius
1587 3005 2004 3074 inhospitalitas,
2033 3015 2278 3076 propter-

2390 2995 2498 3048 τινὶ
2520 2995 2631 3049 τῶν
2650 2996 2907 3063 δικαίων,
2956 2997 3073 3051 ἀλλ’
3109 3000 3167 3052 ὲν
3194 3001 3305 3061 τοῖς
3336 2999 3558 3064 κόλποις
3586 3000 3683 3054 τοῦ
3735 3000 3987 3072 ’Λϐραάμ

700 3115 761 3155 ea
813 3098 961 3153 illum
1010 3098 1150 3169 apud
1189 3098 1468 3153 Abraham
1520 3097 1686 3152 videt;
1737 3096 1829 3153 Ille
1863 3098 2025 3154 etiam
2062 3112 2155 3154 eos
2186 3098 2278 3168 qul

2390 3086 2497 3144 εἶδε
2527 3092 2618 3145 τὸν
2651 3092 2922 3163 Λάζαρον,
2954 3094 3075 3147 ἐπεὶ
3106 3092 3382 3162 φιλόξενος
3412 3090 3480 3165 ἦν
3504 3098 3531 3148 ὸ
3560 3096 3837 3167 Ἀϐραάμ.
3887 3093 3985 3149 Ἰν’

700 3190 1080 3262 praeteribant,
1132 3187 1185 3245 in
1220 3191 1439 3245 domum
1470 3203 1624 3244 suam
1656 3190 1938 3253 trahebat,
1974 3190 2062 3245 hic
2095 3200 2276 3247 autem

2390 3186 2477 3241 οὖν
2501 3187 2723 3258 ἔλεγχος
2756 3187 2855 3257 τῆς
2884 3187 3199 3257 μισοξενίας
3224 3187 3391 3241 αὑτοῦ
3422 3189 3676 3260 γένηται,
3705 3190 3796 3243 διὰ
3824 3189 3985 3243 τοῦτο

697 3284 864 3358 419
900 3285 1063 3338 etiam
1096 3284 1236 3337 intra
1270 3282 1490 3337 domum
1534 3282 1783 3351 jacentes
1810 3282 2164 3353 despiciebat.
2203 3284 2277 3337 At

2390 3281 2507 3351 μετ’
2558 3280 2767 3335 ἐκείνου
2819 3280 3030 3350 βλέπει.
3103 3281 3347 3343 Ἐκεῖνος
3405 3282 3501 3335 καὶ⁵
3556 3283 3687 3343 τοὺς
3744 3284 3978 3352 παριόν-

700 3393 799 3431 cur
849 3392 952 3432 non
1016 3376 1177 3431 vertit
1229 3389 1538 3430 sermonem
1606 3375 1673 3429 ad
1725 3374 2015 3441 Lazarum,
2069 3377 2163 3430 sed
2216 3377 2278 3430 ad

2390 3391 2483 3435 τας
2528 3374 2609 3437 είς
2640 3374 2742 3443 τὴν
2788 3375 2967 3427 οίκίαν
3000 3369 3151 3428 εἷλκε
3184 3374 3285 3445 τὴν
3324 3374 3543 3441 ἑαυτοῦ,
3587 3375 3753 3437 αὐτὸς
3792 3377 3847 3428 δὲ
3887 3378 3983 3429 καὶ

696 3468 1009 3522 Abraham?
1033 3465 1483 3522 Confundebatur
1504 3465 1754 3522 fortassis
1773 3506 1788 3532 ,
1814 3467 2139 3522 existimans
2164 3466 2277 3521 for-

2390 3461 2473 3514 τὸν
2509 3462 2618 3517 ἔσω
2657 3463 2911 3532 κείμενον
2948 3463 3233 3535 παρεώρα.
3280 3465 3434 3517 Διατί
3468 3465 3524 3518 δὲ
3588 3466 3665 3535 μὴ
3703 3467 3839 3533 πρὸς
3891 3470 3987 3521 τὶν

696 3561 832 3614 sitan
865 3559 1132 3614 Lazarum
1171 3558 1421 3613 vindicta:
1457 3557 1699 3625 avidum,
1754 3566 1809 3614 et
1854 3574 1920 3614 ex
1956 3560 2071 3614 suis
2101 3560 2278 3613 causis

2390 3555 2635 3625 Λάζαρον
2713 3557 2996 3610 ἀποτείνει
3084 3557 3178 3609 τὸν
3238 3556 3417 3626 λόγον,
3484 3558 3621 3612 άλλά
3696 3562 3836 3627 πρὸς
3891 3563 3986 3613 τὸν

694 3652 970 3722 judicabat
1008 3650 1177 3705 illum.
1218 3650 1275 3705 Si
1306 3651 1449 3706 enim
1477 3664 1577 3722 ego
1607 3660 1755 3706 tanta
1788 3651 2045 3707 felicitate
2090 3652 2278 3707 fruens

2395 3643 2675 3717 ’Λϐραάμς
2723 3647 3017 3717 ᾘσχύνετο
3052 3648 3183 3713 ῖσως
3216 3665 3229 3679 ·
3267 3650 3487 3719 ίνόμιζε
3524 3652 3632 3721 γὰρ
3673 3654 3838 3721 τυχὸν
3889 3655 3987 3707 καὶ

695 3744 992 3813 contempsi
1019 3744 1166 3797 illum
1195 3744 1359 3799 tantis
1382 3744 1540 3798 malis
1563 3753 2004 3812 coangustatum,
2026 3752 2079 3799 et
2104 3760 2278 3815 neque

2390 3741 2745 3807 μνησικακεῖν
2775 3739 2866 3791 τὸν
2905 3740 3184 3811 Λάζαρον,
3237 3743 3340 3795 καὶ
3369 3745 3433 3797 ἐκ
3479 3744 3587 3797 τῶν
3622 3746 3747 3797 καθ’
3784 3747 3984 3800 ἑαυτὸν

697 3840 865 3893 miras
924 3838 973 3893 ei
1029 3837 1478 3893 communicavi:
1534 3836 1703 3891 multo
1753 3838 1923 3908 magis
1981 3838 2097 3907 ipse
2148 3855 2277 3893 cono

2390 3830 2563 3901 ἔκρινε
2613 3833 2707 3885 καὶ
2753 3833 2820 3885 τά
2856 3831 2950 3885 τοῦ
2986 3835 3272 3905 Λαζάρου.
3323 3836 3385 3888 Εί
3417 3837 3527 3907 γὰρ
3556 3839 3665 3905 ἐγὼ
3708 3842 3985 3909 τοσαύτης

2384 3924 2678 3978 ἀπολαύων
2732 3927 3058 3995 εὐημερίας,
3114 3928 3423 3999 παρεώρων
3472 3931 3637 3983 αὐτὸν
3689 3934 3983 3997 τοσούτοις

2381 4018 2571 4078 κακοῖς
2624 4018 3153 4086 στενοχωρούμενον,
3208 4019 3303 4072 καί⁵
3351 4022 3473 4074 οὐδὲ
3529 4023 3731 4092 ψιχίων
3766 4026 3985 4094 μετεδί-

692 4130 926 4168 monem.
965 4112 1195 4168 Putabat
1242 4113 1389 4166 enim
1442 4114 1696 4181 ignorare
1745 4113 2108 4181 patriarcham
2158 4127 2278 4181 qua:

2390 4108 2525 4171 5ουν,
2559 4108 2739 4178 πολλῷ
2774 4110 2977 4177 μᾶλλον
3033 4111 3199 4174 αὐτὸς
3230 4114 3258 4163 ὁ
3298 4115 3742 4183 καταφρονηθεὶς
3780 4136 3982 4187 μνησιο

689 4206 1062 4274 contigissent.
1099 4204 1233 4270 Quid
1270 4205 1433 4272 igitur
1463 4203 1588 4256 ille!
1622 4203 1738 4256 Non
1772 4204 1943 4258 dixit:
1982 4202 2278 4259 lnhumane

2390 4200 2635 4269 κακήσει,
2681 4201 2775 4253 καὶ
2826 4203 2926 4255 ούκ
2968 4202 3247 4255 ἐπινεύσει
3288 4203 3476 4260 δοῦναι
3511 4208 3614 4277 τὴν
3646 4209 3847 4280 χάριν.
3886 4215 3983 4264 Διά

692 4310 745 4353 et
800 4297 1060 4360 crudelis,
1130 4311 1235 4351 non
1295 4295 1615 4349 erubeseis?
1677 4297 2064 4351 misericordiae
2132 4312 2277 4351 nunc

2390 4290 2535 4343 τοῦτο
2598 4292 2737 4362 πρὸς
2788 4293 2882 4346 τὸν
2953 4293 3211 4364 Ἁϐραάμ
3268 4298 3505 4351 ποιεῖται
3556 4300 3691 4362 τοὺς
3756 4301 3979 4369 λόγους.

2390 4384 2637 4455 Ἐνόμιζε
2677 4386 2788 4456 γάρ
2838 4387 3056 4454 ἀγνοεῖν
3092 4388 3187 4440 τὸν
3238 4391 3589 4459 πατριάρχην
3636 4392 3706 4447 τά
3742 4411 3983 4467 γεγενη-

2383 4480 2537 4547 μένα.
2571 4480 2635 4531 Τί
2683 4475 2779 4532 οὖν
2816 4480 3025 4543 ἐκεῖνος
3054 4498 3067 4545 ;
3111 4482 3212 4533 οὐκ
3246 4478 3425 4534 εἴπεψ
3482 4483 3853 4555 ’Λπάνθρωπε
3889 4488 3983 4542 καὶ

2379 4570 2519 4638 ὠμὲ,
2568 4571 2666 4623 οὐκ
2716 4571 2989 4642 αίσχύνῃ;
3047 4572 3463 4644 φιλανθρωπίας
3508 4575 3604 4630 νῦν
3657 4579 3979 4650 μέμνησαις

2380 4661 2516 4713 ἀλλὰ
2552 4662 2667 4725 πῶς
2692 4680 2706 4728 ;
2736 4664 2957 4718 Τέκνον.
2995 4665 3139 4734 Ὅρα
3169 4667 3431 4737 συμπαθῆ
3450 4669 3543 4719 καὶ
3576 4669 3742 4736 ἀγίαν
3765 4672 3975 4745 ψυχήν·

2379 4754 2513 4821 φησὶ
2543 4754 2649 4824 γάρ
2682 4754 2773 4806 καί
2804 4772 2885 4817 τις
2922 4756 3085 4823 σοφός
3106 4772 3118 4785 ·
3149 4756 3344 4827 Ψυχὴν
3384 4764 3872 4834 τεταπεινωμένην
3907 4769 3980 4835 μὴ

698 3939 929 3996 tcmptus
958 3929 1267 3991 vindicabit,
1315 3937 1368 3981 et
1414 3942 1521 3981 non
1562 3936 1766 3980 annuet
1804 3938 1861 3981 ut
1899 3928 2027 3980 mihi
2076 3928 2278 3983 beneﬂ-

691 4026 833 4077 cium
866 4024 1215 4076 concedatur.
1248 4019 1540 4089 Propterea
1585 4022 1649 4074 ad
1678 4020 1955 4073 Abraham
1988 4018 2120 4075 facit
2161 4036 2278 4075 ser-

692 4389 1030 4445 recordaris?
1067 4390 1157 4443 sed
1211 4388 1482 4456 quomodo
1520 4387 1541 4438 ?
1581 4384 1701 4439 Fili.
1743 4387 1869 4442 Vide
1925 4388 2277 4458 compatien-

692 4496 795 4537 tem
826 4492 878 4537 et
909 4490 1176 4536 sanctum.
1206 4480 1343 4533 Dicit
1375 4482 1520 4531 enim
1554 4488 1608 4531 et
1635 4480 1851 4547 sapiens
1879 4481 2119 4547 quidam,
2149 4481 2275 4533 Ani-

692 4591 832 4629 mam
865 4574 1199 4627 liumiliatam
1234 4586 1299 4625 ne
1329 4570 1654 4623 turbaveris.
1694 4569 1759 4623 Et
1791 4580 2073 4640 propterea
2106 4572 2271 4625 etiam

689 4670 801 4735 ipse
852 4666 1003 4731 dicit,
1051 4664 1187 4728 Fili,
1236 4663 1518 4717 insinuans
1560 4676 1653 4729 per
1689 4663 1787 4715 hoc
1816 4672 2041 4717 eatenus
2076 4663 2179 4717 sibi
2216 4663 2279 4717 li-

689 4775 833 4827 cere,
869 4768 1138 4828 quatenus
1169 4765 1277 4809 tam
1312 4755 1543 4823 benigne
1575 4754 1893 4823 alloquitur,
1924 4755 2016 4810 sed
2050 4755 2277 4811 ulterius

691 4852 823 4905 nihil
858 4850 1017 4903 licere
1056 4848 1128 4903 ei.
1164 4846 1318 4911 Quod
1362 4860 1603 4913 possum,
1640 4844 1743 4899 hoc
1784 4846 1878 4899 tibi
1912 4848 2273 4913 communico,

693 4943 1113 5011 compatitmem
1148 4938 1359 4992 scilicet
1388 4950 1596 4990 vocem.
1631 4937 1697 4990 At
1727 4937 1851 4991 hinc
1889 4937 2015 4993 illuc
2045 4940 2276 4995 transire

692 5054 794 5091 non
832 5044 914 5089 est
952 5042 1193 5087 nostrum
1234 5049 1246 5084 :
1281 5030 1535 5084 conclusa
1570 5029 1713 5083 enim
1739 5038 1865 5083 sunt
1893 5030 2094 5084 omnia.
2123 5030 2186 5086 Et
2220 5042 2274 5086 tu

690 5130 906 5196 quidem
962 5125 1215 5194 recepisti
1262 5124 1399 5178 bona
1454 5131 1565 5188 tua,
1622 5121 1710 5174 ille
1750 5130 1933 5177 autem
1988 5124 2150 5177 mala.
2208 5123 2277 5179 Et

689 5234 859 5289 quare
907 5235 1009 5271 non
1052 5217 1225 5281 dixit,
1266 5214 1558 5283 ‘Aceepisti,
1618 5213 1735 5277 sed,
1766 5210 2077 5282 Recepisti?
2118 5216 2277 5271 Reci-

692 5330 817 5382 pere
849 5313 992 5366 enim
1020 5312 1082 5363 de
1116 5311 1195 5362 his
1221 5310 1399 5362 dicere
1420 5307 1653 5361 solemus
1676 5309 1767 5377 qui
1798 5310 2103 5377 suscipiunt
2134 5311 2277 5378 quod

694 5408 772 5459 eis
824 5404 1141 5458 debebatur.
1191 5399 1461 5454 Diseimus
1504 5398 1667 5465 igitur
1701 5401 1843 5467 quod
1887 5401 2009 5455 licet
2056 5402 2274 5470 quidam

691 5498 979 5551 facinerosi
1016 5495 1125 5548 sint
1190 5502 1242 5544 et
1290 5492 1339 5543 in
1388 5498 1686 5544 extremam
1741 5493 2081 5559 pervenerint
2119 5496 2275 5547 mali-

689 5591 841 5651 tiain,
887 5599 1269 5652 nonnunquam
1318 5593 1495 5634 tamen
1536 5598 1699 5634 unum
1750 5584 2014 5651 quoddam
2058 5585 2139 5638 vel
2173 5586 2277 5639 duo

691 5686 828 5735 Iona
878 5695 1039 5749 opera
1096 5679 1343 5738 faciunt;
1387 5676 1527 5729 unde
1582 5686 1632 5729 et
1663 5676 1762 5745 ipsi
1819 5678 2079 5735 habentes
2137 5682 2274 5734 bona

690 5776 955 5840 quantum,
998 5786 1116 5839 qua:
1164 5771 1214 5822 in
1253 5769 1534 5837 praesentis
1584 5770 1705 5826 vine
1759 5773 2124 5840 prosperitate
2182 5790 2272 5826 ca—

692 5871 865 5931 niunt,
918 5880 1156 5933 recqieic
1201 5862 1470 5917 dicuntur.
1506 5861 1767 5917 Similiter
1799 5876 1975 5919 autem
2010 5876 2062 5919 ct
2116 5866 2282 5921 Lazh

2380 4847 2785 4920 προσταράξῃς.
2832 4848 2931 4901 Διά
2961 4849 3123 4903 τοῦτο
3163 4852 3260 4903 καὶ
3306 4851 3491 4915 αὐτὸς,
3532 4854 3748 4921 τέκνον,
3788 4860 3977 4929 φησὶν,

2379 4939 2747 5008 αίνιττόμενος
2778 4940 2867 4994 διὰ
2892 4942 3107 5009 τούτου,
3141 4944 3223 4995 ὅτι
3252 4944 3382 5015 ἄχρι
3421 4945 3615 4999 τούτου
3649 4950 3802 5004 ἐστὶν
3829 4950 3978 5022 αὑτῷ

2381 5030 2663 5099 ἡὲξουσίσ
2712 5031 2805 5084 τοῦ
2862 5034 3127 5103 ὀνομάσαι
3173 5036 3337 5089 αὐτὸν
3373 5036 3547 5102 οὕτως
3598 5038 3830 5109 ίλαρῶς,
3882 5060 3978 5095 πε-

2384 5125 2620 5193 ραιτέρω
2648 5124 2704 5175 ἑ;
2754 5124 2967 5187 οὐδενὸς
3014 5126 3339 5192 ἐξουσιάζει.
3376 5122 3451 5182 Οὗ
3506 5130 3616 5199 ἔχω
3657 5132 3852 5185 τούτου
3898 5150 3974 5185 σοι

2383 5216 2738 5286 μεταδίδωμι,
2774 5217 3098 5287 συμπαθοῦς
3130 5222 3337 5290 φωνῆς,
3383 5222 3443 5274 τὸ
3486 5222 3543 5275 δὲ
3569 5224 3829 5277 ἐντεῦθεν
3866 5228 3978 5279 ἐκεῖ

2382 5309 2733 5379 μεταϐαίνειν
2777 5311 2874 5377 οὐχ
2909 5312 3201 5381 ἡμέτεροψ
3236 5314 3492 5383 ἐκλείσθη
3532 5315 3645 5386 γάρ
3675 5316 3745 5369 τά
3778 5320 3971 5373 πάντα.

2377 5400 2484 5457 Καὶ
2518 5406 2581 5457 σὺ
2619 5405 2719 5473 μὲν
2752 5404 3027 5467 ἀπέλαϐες
3072 5405 3143 5457 τά
3181 5406 3361 5473 ἀγαθά
3418 5425 3537 5472 σου,
3572 5412 3789 5475 ἐκεῖνος
3823 5413 3878 5465 δὲ
3909 5416 3971 5463 τά

2378 5494 2545 5546 κακά.
2589 5495 2745 5557 Τίνος
2798 5494 2855 5545 δὲ
2916 5495 3106 5546 ἕνεκεν
3155 5496 3258 5548 οὐκ
3312 5493 3485 5565 εἶπεν,
3521 5497 3784 5565 Ἐλαϐες,
3837 5502 3970 5561 ἀλλ’,

2391 5587 2725 5651 ’Λπέλαϐεςς
2760 5588 2834 5639 Τὸ
2872 5586 2981 5657 γάρ
3015 5589 3317 5641 ἀπολαϐεῖν
3348 5594 3439 5643 ἐπὶ
3482 5592 3591 5645 τῶν
3638 5594 3973 5665 ὑποδεχομέ-

2378 5697 2483 5731 νων
2524 5680 2667 5751 ἅπερ
2696 5680 3125 5749 ἐχρεωστοῦντο,
3172 5681 3353 5750 λέγειν
3409 5683 3702 5755 είώθαμεν.
3764 5689 3831 5739 Τί
3883 5686 3970 5739 οὖν

2382 5774 2763 5845 μανθάνομεν;
2802 5775 2924 5827 ’Ότι
2956 5774 3061 5827 κᾶν
3104 5777 3293 5846 μιαροί
3352 5794 3494 5839 τινες
3544 5774 3679 5841 εἷεν,
3737 5780 3844 5832 κᾶν
3894 5780 3968 5840 είς

2376 5870 2600 5936 ἔσχατον
2650 5862 2849 5925 κακίας
2897 5864 3270 5934 ὲληλακάτες,
3336 5867 3603 5930 πολλάκις
3660 5869 3719 5919 ’ἐν
3776 5886 3822 5921 τι
3878 5886 3964 5921 κατ
