4228 6428
216 401 325 468 971

1016 404 1469 468 ENAltliATIO
1519 404 1599 464 IN
1642 402 2152 465 EVANGELIUM
2189 400 2426 463 LUCE.
2455 427 2521 435 -
2552 398 2712 459 CAP.
2753 394 2904 456 XVI.

3406 391 3522 461 .978

216 519 317 571 δυο
356 520 684 588 εἰργάσαντο
713 516 917 587 ἀγαθά.
950 517 1120 571 Ὅθεν
1170 517 1265 571 καὶ
1312 514 1477 577 αὐτὸς
1529 512 1671 583 ἔχων
1701 512 1823 566 τινά

1957 528 2027 567 us
2060 511 2221 565 mala.
2256 509 2533 565 Fortassis
2563 506 2711 563 enim
2742 515 2795 560 et
2828 504 2917 558 ille
2945 516 3112 557 unum
3144 502 3225 557 vel
3257 502 3363 555 duo
3398 500 3537 552 mala

218 611 407 679 ἁγαθά
430 612 518 679 διὰ
548 612 647 681 τῆς
681 613 740 664 ὲν
783 610 923 681 τῷδε
949 610 1028 678 τῷ
1060 608 1161 677 βίῳ
1190 606 1497 677 εὐημερίας
1529 604 1630 676 τὴν
1658 605 1821 674 ἀμοι-

221 703 329 773 ϐὴν
367 704 688 772 δεξάμενος,
745 701 1047 756 ἀπολαϐεῖν
1094 698 1272 753 ταῦτα
1320 698 1563 766 λέγεται·
1619 697 1824 767 ὁμοίως

218 796 276 847 δὲ
317 796 410 847 καὶ
436 797 465 847 ό
494 795 748 865 Λάζαρος
778 795 847 848 τά
882 794 1054 850 κακά.
1096 781 1259 856 Ἴσως
1291 792 1401 862 γὰρ
1440 790 1538 843 καὶ
1568 782 1726 853 οὗτος
1766 790 1825 842 ἓν

220 889 253 957 ἢ
285 887 378 941 δύο
411 886 708 957 είργάσατο
740 888 910 946 κακὰ.
944 886 1042 940 καὶ
1086 884 1177 938 διά
1214 884 1316 951 τῆς
1367 882 1584 955 ὀδύνης,
1638 876 1707 953 ἦς
1738 883 1825 935 ὲν-

218 978 399 1032 ταῦθα
428 979 747 1049 ὑπέμεινεν,
793 978 1037 1033 ἀπέλαϐε
1087 978 1187 1047 τὴν
1236 976 1394 1042 ἀξίαν
1429 974 1670 1046 ἀμοιϐὴν
1703 975 1824 1028 τού-

218 1088 350 1125 των.
378 1072 469 1125 an
500 1074 900 1142 παρακαλεῖται
931 1073 1031 1143 μὲν
1056 1064 1238 1137 οὗτος,
1270 1071 1525 1125 ὀδυνᾶσαι
1552 1069 1608 1123 δὲ
1633 1068 1719 1123 σύ.
1753 1068 1827 1122 Τὸ

219 1163 279 1215 δὲ
328 1164 519 1234 χάσμα
560 1166 714 1232 δηλοί
742 1165 841 1237 τὴν
886 1166 998 1218 τῶν
1036 1164 1265 1219 δικαίων
1301 1164 1437 1233 πρὸς
1472 1162 1603 1226 τοὺς
1635 1161 1825 1232 ἀμαρ-

218 1254 425 1317 τωλοὺς
451 1256 735 1309 διάστασιν
796 1258 889 1310 καὶ
917 1255 1208 1325 διαφοράν.
1252 1256 1469 1326 Ὠσπερ
1496 1252 1605 1325 γὰρ
1636 1252 1730 1307 καὶ
1771 1252 1827 1305 at

220 1347 575 1417 προαιρέσεις
631 1348 814 1403 αὐτῶν
876 1349 1129 1419 διάφοροι
1178 1344 1346 1419 ἦσαν,
1400 1346 1546 1401 οὕτω
1608 1346 1705 1399 καὶ
1771 1345 1828 1400 αί

224 1435 393 1503 μοναὶ
436 1435 641 1506 πολλὴν
670 1438 771 1507 τὴν
822 1438 1132 1493 ἀπόστασιν
1184 1437 1425 1509 ἔχουσιν,
1482 1437 1717 1489 ἑκάστου
1761 1436 1833 1491 τὰ

224 1524 540 1595 κατάλληλα
585 1529 651 1597 τῇ
708 1528 1031 1599 προαιρέσει
1098 1529 1194 1583 καὶ
1242 1529 1320 1599 τῷ
1368 1528 1469 1598 βίῳ
1504 1526 1830 1597 ἀπολαμϐά-

222 1632 432 1678 νοντος.
464 1617 779 1687 Σημείωσαι
801 1620 858 1672 δὲ
887 1620 1142 1673 ἐντεῦθεν
1184 1620 1434 1692 πόρισμά
1462 1638 1515 1673 τι
1542 1619 1686 1674 κατά
1719 1618 1830 1672 τῶν

236 1707 660 1779 Ὠριγενιαστῶν
690 1713 983 1781 λεγόντων,
1022 1714 1108 1769 ὅτι
1137 1714 1290 1779 τέλος
1326 1712 1561 1786 ἐχούσης
1592 1714 1693 1785 τῆς
1733 1731 1829 1767 κο-

220 1800 439 1866 λάσεως
470 1802 624 1857 ἔσται
655 1806 872 1875 καιρὸς,
896 1807 988 1861 ὅτε
1029 1807 1080 1859 οἱ
1111 1808 1432 1878 ἁμαρτωλοὶ
1460 1806 1831 1877 ὲνωθήσονται

1928 605 2316 669 commiserat,
2347 611 2402 658 et
2440 610 2730 674 propterea
2763 598 3008 653 dolorem
3043 596 3194 649 illum
3230 596 3539 651 sustinens.

1929 700 2147 768 dignam
2192 696 2354 752 factis
2391 694 2701 750 mercedem
2756 691 2983 761 recepit.
3030 689 3182 745 Unde
3211 689 3539 743 consolati0~

1931 811 2053 851 nem
2092 797 2255 851 habet
2290 794 2404 859 ille,
2459 804 2514 847 tu
2552 806 2680 847 vero
2716 790 3007 846 cruciaris.
3048 788 3220 843 Porro
3249 787 3435 842 hiatus
3471 788 3541 842 si-A

1929 889 2153 960 gniﬁcat
2183 886 2503 943 distantiam
2533 896 2589 940 et
2622 884 2989 940 diﬁ'erentiam
3026 882 3301 952 justorum
3330 888 3383 933 et
3413 895 3542 946 pce-

1931 984 2199 1036 catortin.
2234 979 2368 1035 Nam
2403 978 2548 1033 sicut
2590 978 2901 1031 voluntates
2931 990 3121 1029 eorum
3165 974 3393 1026 diversm
3429 971 3545 1025 fuc-

1931 1080 2078 1137 runt,
2132 1073 2205 1126 ita
2255 1082 2312 1127 et
2361 1072 2679 1125 mansiones
2736 1073 2967 1122 nmltum
3022 1067 3167 1120 inter
3214 1078 3274 1119 se
3317 1063 3544 1125 distant,

1932 1178 2266 1233 unoquoque
2308 1164 2609 1232 recipiente
2637 1176 2701 1216 ea
2737 1177 2857 1230 qua:
2886 1159 3010 1213 vitae
3036 1169 3090 1211 et
3133 1158 3401 1210 voluntati
3434 1172 3545 1210 sua:

1931 1267 2259 1327 congruunt.
2294 1255 2535 1311 Observa
2572 1265 2754 1309 autem
2797 1254 2901 1307 hoc
2926 1253 3048 1307 loco
3076 1261 3266 1305 contra
3296 1250 3549 1317 Origeni-

1934 1359 2047 1406 stas
2076 1349 2327 1406 dicentes
2357 1348 2502 1419 quod
2540 1359 2757 1418 tempus
2783 1346 2889 1400 erit
2917 1360 3027 1415 quo
3056 1345 3322 1399 ﬁnientur
3349 1342 3549 1409 impio-

1936 1459 2058 1499 rum
2090 1443 2380 1515 supplicia,
2413 1450 2467 1497 et
2494 1450 2816 1511 peceatores
2847 1455 2970 1495 cum
3012 1438 3179 1506 jttstis
3217 1436 3555 1505 conjunger

1937 1546 2047 1602 tur,
2080 1547 2135 1591 et
2159 1536 2240 1592 sic
2271 1536 2458 1591 omnia
2507 1536 2561 1588 in
2597 1534 2853 1588 omnibus
2881 1532 2986 1586 erit
3021 1531 3186 1584 Deus.
3224 1527 3364 1582 Ecce
3405 1528 3552 1581 enim

1937 1630 2195 1684 aud.mus
2219 1626 2496 1681 Abraham
2528 1625 2797 1681 dicentem
2830 1625 2974 1693 quod
3011 1622 3061 1675 hi
3090 1622 3180 1690 qui
3209 1620 3397 1674 volunt
3430 1619 3554 1671 hinc

1937 1725 2003 1778 ad
2038 1738 2155 1785 vos,
2178 1722 2263 1777 vel
2294 1720 2443 1775 illinc
2476 1721 2541 1773 ad
2576 1734 2673 1773 nos
2707 1719 2963 1781 transire,
3003 1732 3108 1769 non
3163 1715 3396 1784 possint.
3435 1711 3557 1766 Sir-

1940 1822 1999 1867 ut
2050 1814 2217 1884 igitur
2284 1810 2626 1882 impossibile
2676 1819 2766 1864 est
2820 1825 2885 1863 ex
2946 1809 3234 1862 mansione
3280 1808 3557 1877 justorutn

221 1897 336 1957 τοῖς
370 1896 622 1962 δικαίοις,
675 1899 898 1970 καιετῷ
932 1900 1075 1971 Θεῷ,
1118 1902 1215 1954 καὶ
1258 1900 1432 1965 οὕτως
1467 1901 1541 1955 τὰ
1568 1901 1749 1956 πάντα
1779 1902 1835 1954 ὲν

1957 1906 2257 1976 ιυοιιιρίαηι
2295 1904 2536 1958 transire
2578 1904 2630 1956 in
2668 1902 2845 1957 locum
2884 1908 3234 1970 peccatorum
3276 1939 3288 1963 ,
3334 1901 3407 1953 ita
3459 1899 3560 1950 im-

222 1990 360 2041 πᾶσι
418 1990 648 2065 γένηται
706 1995 734 2046 ὁ
793 1992 951 2057 Θεός.
1035 1993 1170 2047 Ἰδοὺ
1238 1996 1348 2064 γάρ
1398 1991 1677 2063 ἀκούομεν
1738 1991 1834 2049 τοῦ

236 2079 497 2151 ’Δϐραάμ
545 2081 818 2151 λέγοντος,
852 2085 1004 2149 ὅπως
1046 2086 1095 2139 οἱ
1149 2084 1469 2157 βουλόμενοι
1504 2084 1660 2139 ἔνθεν
1694 2085 1833 2157 πρὸς

224 2174 396 2243 ὑμᾶς,
434 2176 467 2245 ἢ
506 2176 721 2231 ἐκεῖθεν
752 2178 1012 2249 διαϐῆναι
1044 2182 1185 2250 πρὸς
1237 2182 1385 2250 ἡμᾶς
1422 2180 1500 2251 μὴ
1545 2178 1834 2235 δύνωνται.

227 2266 447 2338 Ὠσπερ
488 2265 584 2323 οὖν
626 2270 895 2325 ἀδύνατον
944 2275 1009 2326 ὲκ
1055 2272 1157 2343 τῆς
1203 2273 1415 2344 λήξεως
1463 2271 1574 2325 τῶν
1611 2272 1838 2327 δικαίων

226 2361 537 2432 μεταϐῆναι
562 2380 685 2418 τινα
711 2366 793 2429 είς
814 2366 906 2419 τὸν
934 2367 1099 2421 τόπον
1121 2368 1230 2421 τῶν
1264 2366 1635 2438 ἁμαρτωλῶν,
1663 2366 1837 2431 οὕτως

226 2451 517 2518 ἀδύνατον,
557 2457 704 2525 ἡμᾶς
734 2456 980 2511 διδάσκει
1026 2458 1305 2530 Ἀϐραάμ,
1337 2459 1400 2513 τὸ
1434 2459 1741 2529 μεταϐῆναι
1776 2462 1841 2514 ὲκ

226 2544 325 2597 τοῦ
350 2545 517 2599 τόπου
546 2547 644 2617 τῆς
679 2549 962 2615 κολάσεως
1005 2551 1084 2614 εἰς
1120 2550 1213 2605 τὸν
1240 2552 1409 2607 τόπον
1442 2552 1553 2607 τῶν
1590 2552 1837 2608 δικαίων.

241 2635 503 2710 Ἀϐραὰμ
554 2640 611 2693 δὲ
657 2641 1115 2715 ἀξιοπιστότερος
1162 2645 1337 2717 δήπου
1403 2646 1737 2719 Ὠριγένους.
1775 2647 1841 2699 Τί

228 2729 291 2783 δὲ
329 2734 357 2785 ό
402 2732 577 2803 ᾇδης;
615 2734 679 2788 Οί
718 2736 818 2805 μὲν
852 2736 1017 2791 αὐτόν
1043 2755 1177 2807 φασι
1208 2739 1388 2811 χῶρον
1421 2740 1683 2803 ὑπόγειον
1716 2757 1842 2794 σκο-

228 2820 437 2884 τεινὸν,
474 2824 524 2875 οί
558 2823 616 2877 δὲ
648 2826 750 2896 τὴν
792 2827 903 2881 ἀπὸ
930 2827 1028 2881 τοῦ
1078 2828 1362 2900 ἐμφανοῦς
1395 2831 1478 2894 είς
1527 2830 1586 2884 τὸ
1634 2830 1843 2899 ἀφανὲς

230 2914 333 2967 καὶ
356 2915 531 2980 ἀειδὲς
558 2920 894 2988 μετάστασιν
915 2922 1018 2993 τῆς
1041 2922 1222 2995 ψυχῆς
1249 2924 1385 2996 ᾅδην
1413 2924 1646 2995 ἔφασαν.
1678 2925 1845 2995 Ἀχρι

233 3008 341 3080 μὲν
371 3010 480 3081 γὰρ
512 3013 571 3064 ὲν
606 3013 823 3084 σώματί
851 3017 1000 3071 ἐστιν
1035 3019 1068 3087 ή
1113 3019 1287 3089 ψυχὴ,
1320 3019 1577 3087 φαίνεται
1611 3018 1702 3072 διά
1736 3019 1846 3073 τῶν

231 3105 457 3159 οἰκείων
485 3108 801 3178 ἐνεργειῶν,
854 3114 1174 3181 μεταστᾶσα
1201 3112 1257 3165 δὲ
1294 3112 1389 3166 τοῦ
1440 3112 1698 3185 σώματος
1730 3113 1847 3167 ἀει-

230 3196 334 3268 δὴς
387 3198 597 3266 γίνεται
627 3218 642 3234 ο
680 3201 843 3255 τοῦτο
890 3202 1024 3271 γοῦν
1084 3203 1297 3273 ἔφασαν
1348 3200 1491 3261 εἶναι
1539 3205 1633 3261 τὸν
1686 3206 1845 3278 ᾅδην.

234 3291 489 3354 Κόλπους
537 3292 595 3346 δὲ
656 3294 935 3368 Ἀϐραὰμ,
996 3298 1097 3369 τὴν
1145 3298 1413 3371 περιοχὴν
1469 3300 1581 3355 τῶν
1623 3300 1850 3370 ἀγαθῶν

234 3384 350 3438 τῶν
383 3386 771 3459 ἀποκειμένων
819 3393 933 3455 τοῖς
966 3391 1223 3459 δικαίοις,
1274 3396 1387 3457 τοῖς
1428 3393 1539 3447 ἀπὸ
1570 3392 1740 3467 ζάλης
1772 3396 1852 3459 είς

234 3476 466 3545 λιμένας
494 3485 906 3554 καταντήσασιν
961 3485 1274 3556 οὐρανίους.
1322 3486 1481 3540 Ἐπεὶ
1515 3489 1612 3541 καὶ
1660 3490 1720 3541 ὲν
1753 3489 1854 3543 θα-

236 3569 413 3643 λάσσῃ
456 3574 707 3640 κόλπους
743 3576 1016 3647 εἰώθαμεν
1068 3578 1259 3631 καλεῖν
1310 3578 1439 3645 τοὺς
1493 3579 1856 3650 λιμενοειδεῖς

1940 1998 2202 2069 possibile
2222 2007 2325 2060 est,
2363 2007 2423 2050 ut
2448 2010 2546 2050 nos
2566 1994 2731 2049 docet
2763 1993 3067 2052 Abraham.
3104 1992 3345 2045 transire
3379 2010 3405 2042 a
3441 1990 3563 2043 iOlt)

1941 2104 2119 2161 potum
2152 2090 2205 2143 in
2257 2088 2439 2144 locum
2480 2085 2779 2156 justorum.
2832 2084 3111 2138 Abraham
3162 2099 3295 2137 sane
3340 2083 3443 2137 ﬁde
3482 2083 3562 2134 di—

1944 2186 2106 2249 gnior
2167 2189 2275 2246 est,
2333 2194 2498 2250 quam
2540 2178 2826 2248 Origrttes.
2886 2178 3026 2243 Quid
3091 2186 3275 2230 autem
3335 2189 3419 2230 est
3486 2177 3566 2228 in-

1943 2274 2171 2330 fernus?
2214 2273 2448 2341 Quidam
2502 2274 2697 2327 dicunt
2741 2288 2861 2326 esse
2915 2271 3091 2324 locum
3138 2256 3563 2323 subterraneum

1946 2369 2325 2425 tenebrosum.
2380 2365 2485 2421 Alii
2548 2375 2729 2420 autem
2786 2364 3079 2418 transitum
3129 2364 3327 2417 animo:
3387 2380 3415 2415 a
3483 2362 3564 2415 lu-

1946 2461 2072 2517 cido
2148 2460 2202 2516 in
2264 2463 2565 2537 obscurum
2621 2469 2673 2515 ct
2764 2458 3114 2512 tenebrosum
3207 2458 3397 2510 dicunt
3487 2456 3569 2509 iu-

1947 2555 2183 2611 fernum.
2263 2546 2541 2621 Quandiu’
2591 2552 2760 2626 420
2834 2552 2979 2605 enim
3062 2551 3112 2603 iu
3184 2564 3420 2619 corpore
3486 2560 3569 2602 est

1948 2648 2155 2712 anima,
2219 2656 2447 2716 apparet
2500 2654 2723 2713 propter
2754 2642 3109 2712 operationes
3156 2655 3286 2695 suas
3334 2658 3345 2692 :
3415 2645 3567 2707 post-

1949 2754 2114 2810 quam
2152 2750 2334 2793 autem
2369 2754 2396 2791 a
2444 2751 2679 2803 corpore
2712 2735 3093 2805 emigraverit,
3141 2732 3436 2787 invisibilis
3492 2734 3570 2783 lit.

1951 2832 2065 2889 Hoc
2107 2833 2276 2903 igitur
2332 2831 2595 2887 dixerunt
2645 2845 2771 2885 esse
2827 2827 3127 2884 infernum.
3184 2828 3351 2883 Sinus
3388 2834 3569 2879 autem

1949 2924 2185 2980 Abrahae
2215 2934 2412 2979 vocant
2442 2923 2842 2979 continentiam
2880 2924 3148 2977 bonorum
3176 2934 3299 2989 quae
3331 2920 3572 2989 reposita

1952 3025 2079 3071 sunt
2120 3016 2306 3087 justis,
2348 3015 2441 3086 qui
2498 3031 2525 3069 a
2574 3024 2902 3086 tempestate
2950 3014 3114 3082 hujus
3160 3013 3332 3066 maris
3388 3013 3574 3081 ingrc-

1952 3111 2184 3165 diuutur
2221 3112 2276 3166 in
2311 3118 2501 3180 portus
2539 3108 2798 3164 cwlestes
2851 3125 2863 3163 :
2904 3108 3168 3177 quoniam
3223 3116 3280 3161 et
3329 3107 3383 3161 in
3438 3122 3572 3159 mat.

1956 3203 2109 3259 sinus
2142 3201 2483 3274 appellamus
2514 3200 2633 3257 loca
2686 3200 2958 3271 portubus
2995 3208 3051 3254 et
3088 3199 3261 3270 quieti
3297 3210 3447 3269 apta.
3486 3199 3582 3251 At-

1964 3296 2126 3352 tende
2171 3295 2262 3351 hic
2292 3298 2438 3366 quod
2474 3296 2528 3349 in
2562 3295 2650 3350 die
2678 3294 2769 3349 illo
2794 3293 2888 3364 qui
2926 3294 3091 3354 alium
3138 3290 3336 3361 injuria
3374 3291 3579 3353 affecit.

1964 3390 2173 3445 videbit
2217 3388 2419 3459 injuria
2462 3388 2721 3444 affectum
2761 3388 2817 3442 in
2870 3387 3015 3453 quali
3051 3386 3223 3456 gloria
3273 3388 3365 3450 sit,
3401 3398 3458 3441 et
3496 3386 3583 3441 hic

1971 3484 2169 3538 iterum
2199 3481 2353 3537 illum
2398 3484 2450 3536 itt
2495 3492 2699 3551 quanta
2738 3480 3202 3537 condemnatione
3252 3498 3265 3534 ε
3303 3481 3450 3536 sicut
3484 3480 3586 3533 hoe

1971 3581 2092 3636 loco
2125 3580 2275 3635 dives
2305 3576 2605 3641 Lazarum,
2646 3587 2701 3631 et
2734 3574 2980 3629 Lazarus
3012 3574 3262 3629 divitem.

238 3667 337 3719 καὶ
365 3668 819 3741 ἀναπαυτηρίους
848 3672 1072 3735 τύπους.
1101 3673 1424 3744 Σημείωσαι
1456 3674 1514 3728 δὲ
1538 3676 1637 3727 καὶ
1696 3674 1879 3741 τοῦτο,
1922 3676 2006 3729 ὃτι
2044 3675 2103 3728 ὲν
2138 3675 2205 3743 τῇ
2250 3672 2437 3744 ἡμέρα
2478 3671 2667 3742 ἐκείνῃ
2724 3670 2751 3722 ὁ
2838 3670 3046 3723 ἀδικῶν
3086 3668 3176 3722 τδν
3220 3669 3589 3741 ἀδικούμενον

236 3760 452 3827 δέδεται.
488 3764 545 3815 έν
579 3764 711 3836 ποίᾳ
753 3765 883 3837 δόξῃ
916 3768 1058 3834 ἐστὶ,
1099 3770 1195 3822 καὶ
1237 3762 1393 3833 οὗτος
1424 3765 1493 3824 αὖ
1547 3770 1759 3825 ἐκεῖνον
1826 3772 1885 3825 ὲν
1960 3770 2094 3841 ποία
2145 3769 2503 3838 κατακρίσει,
2556 3762 2750 3838 ῶᾶθτερ
2804 3763 3043 3819 ἐνταῦθα
3089 3767 3117 3817 ό
3174 3765 3437 3829 πλούσιος
3489 3767 3584 3819 τὸν

240 3856 517 3927 Λάζαρον,
552 3858 648 3911 καὶ
673 3856 828 3925 οὗτος
861 3864 1027 3918 πάλιν
1062 3865 1153 3918 τὸν
1182 3865 1465 3921 πλούσιον.

322 3969 341 4002 ι
375 3948 545 4004 Ἐῐπε
570 3952 628 4005 δέ
657 3970 670 3983 ·
712 3954 940 4025 Ἐρωτῶ
970 3956 1071 4011 οὖν
1122 3974 1207 4025 σε,
1242 3962 1443 4031 πάτερ,
1490 3961 1582 4017 ἴνα
1634 3962 1862 4035 πέμψῃς

236 4041 406 4096 αύτδν
446 4045 525 4107 είς
560 4044 651 4099 τὸν
678 4044 830 4100 οἷκον
855 4048 951 4101 τοῦ
988 4053 1197 4124 πατρός
1233 4069 1359 4123 μου·
1395 4052 1507 4124 ἔχω
1538 4054 1649 4127 γὰρ
1700 4055 1860 4109 πέντε

240 4134 531 4203 ἀδελφοὺς,
573 4138 723 4203 ὅπως
754 4141 1208 4216 διαμαρτύρηται
1242 4147 1450 4213 αὐτοῖς,
1488 4148 1579 4201 ἴνα
1632 4149 1711 4220 μὴ
1765 4152 1861 4203 καὶ

241 4225 403 4279 αὐτοὶ
440 4227 672 4283 ἔλθωσιν
731 4233 811 4296 είς
856 4233 947 4289 τὸν
989 4235 1156 4289 τόπον
1203 4238 1397 4291 τοῦτον
1450 4242 1548 4311 τῆς
1598 4240 1861 4310 βασάνου.

243 4320 410 4387 Λέγει
440 4322 591 4394 αύτῷ
633 4323 905 4397 Ἀϐραάμ·
940 4326 1169 4397 Ἔχουσι
1205 4331 1411 4384 Μωσέα
1448 4333 1695 4397 καὶτοὺς
1727 4352 1863 4409 προ-

243 4415 448 4481 φήτας,
511 4416 906 4473 ἀκουσάτωσαν
959 4422 1164 4481 αὐτῶν.
1229 4424 1289 4477 Ὀ
1341 4424 1397 4478 δὲ
1450 4421 1626 4480 εἶπεν·
1688 4430 1859 4501 Οὐχὶ,

245 4506 427 4576 πάτερ
494 4509 770 4583 Ἀϐραὰμ,
821 4514 938 4568 ἀλλ’
986 4517 1084 4569 ὲάν
1131 4536 1215 4583 τις
1262 4520 1327 4573 ὲκ
1364 4521 1580 4591 νεκρῶν
1614 4524 1859 4596 πορευθῇ

2048 3958 2211 4015 Vens.
2250 3956 2446 4011 ‘37-'51.
2489 3975 2506 4007 ι
2546 3956 2637 4011 Ait
2674 3964 2856 4011 autem
2894 3975 2907 4010 :
2945 3956 3097 4027 Rogo
3131 3970 3261 4024 ergo
3294 3963 3367 4019 te,
3419 3964 3594 4023 pater.

1973 4067 2031 4112 ut
2064 4056 2251 4111 mittas
2302 4070 2428 4108 eum
2461 4054 2513 4107 in
2555 4054 2778 4109 domum
2813 4053 2985 4122 patris
3036 4053 3141 4107 mei
3188 4072 3198 4105 :
3243 4051 3417 4105 habeo
3450 4050 3594 4103 enim

1972 4152 2221 4221 quinque
2253 4147 2452 4203 fratres
2486 4165 2498 4201 :
2527 4156 2586 4202 ut
2617 4156 2851 4202 testetnr
2886 4147 3019 4213 illis,
3056 4162 3121 4200 ue
3150 4156 3207 4201 et
3239 4145 3341 4216 ipsi
3373 4144 3597 4199 veniant

1974 4244 2027 4299 iu
2056 4246 2199 4298 hunc
2236 4241 2416 4297 locum
2450 4239 2748 4297 cruciatus.
2788 4241 2877 4294 Ait
2904 4240 2981 4293 illi
3027 4240 3306 4293 Abraham
3338 4256 3351 4292 :
3387 4238 3599 4293 llabeut

1976 4339 2166 4395 Mosen
2232 4353 2296 4394 ac
2348 4338 2667 4407 prophetas,
2702 4338 2929 4391 audiant
2979 4336 3123 4392 illos.
3180 4340 3249 4391 At
3278 4335 3368 4389 ille
3410 4334 3549 4389 dixit
3586 4352 3596 4387 :

1972 4432 2113 4497 Non,
2141 4440 2301 4503 pater
2332 4431 2637 4496 Abraham,
2681 4430 2777 4485 sed
2834 4430 2877 4484 si
2918 4430 3043 4499 quis
3084 4443 3148 4484 ex
3191 4429 3426 4483 mortuis
3477 4428 3593 4482 ierit

1972 4527 2039 4583 ad
2089 4542 2208 4592 eos,
2253 4525 2601 4596 resipiscent.
2662 4525 2752 4578 Ait
2786 4534 2970 4577 autem
3016 4522 3090 4578 illi
3148 4540 3160 4575 :
3216 4524 3271 4577 Si
3318 4522 3505 4577 Mosen
3548 4534 3601 4576 ct

245 4602 387 4671 πρὸς
438 4604 659 4669 αὐτοὺς,
730 4613 1185 4679 μετανοήσουσιν.
1249 4609 1387 4667 Eine
1445 4615 1502 4667 δὲ
1562 4617 1735 4689 αὐτῷ’
1791 4619 1848 4671 E!

1971 4620 2267 4691 prophetas
2312 4634 2419 4673 non
2460 4619 2711 4684 audiunt,
2766 4634 2943 4687 neque
2983 4618 3029 4671 si
3081 4617 3208 4687 quis
3250 4632 3315 4671 ex
3362 4620 3601 4671 mortuis

246 4695 498 4762 Μωσέως
548 4701 645 4752 καὶ
708 4702 821 4756 τῶν
868 4706 1171 4774 προφητῶν
1228 4710 1331 4761 ούκ
1383 4708 1703 4776 ἀκούουσιν,
1743 4712 1865 4766 οὐδὲ

248 4790 349 4843 ὲάν
380 4808 465 4854 τις
514 4794 579 4845 ὲκ
614 4795 829 4866 νεκρῶν
875 4798 1108 4870 ἀναστῇ,
1156 4802 1572 4874 πεισθήσονται.
1628 4823 1647 4856 ι
1704 4806 1866 4859 Ἀπο-

248 4882 437 4953 τυχὼν
480 4886 589 4938 τῶν
638 4888 763 4941 καθ’
796 4890 989 4945 ἑαυτὸν
1031 4894 1060 4945 ὁ
1104 4894 1339 4958 ἐλεεινὸς
1382 4896 1666 4961 πλούσιος,
1721 4899 1866 4969 ὑπὲρ

251 4979 464 5049 ἑτέρων
508 4980 693 5052 τίθησι
733 4983 835 5055 τὴν
886 4985 1195 5058 ἱκετηρίαν.
1251 4990 1398 5061 ’Όρα
1448 4992 1567 5055 πῶς
1616 4992 1721 5047 ὑπὸ
1769 4995 1867 5065 τῆς

249 5073 533 5137 κολάσεως
576 5074 655 5139 εἰς
694 5077 1053 5150 συναίσθησιν
1098 5076 1256 5152 ἦλθε,
1289 5084 1381 5135 καλ¹
1420 5086 1447 5137 ό
1477 5083 1571 5137 τοῦ
1606 5086 1867 5158 Λαζάρου

250 5165 387 5234 πρὶν
432 5169 801 5238 καταφρονῶν
863 5174 923 5226 ὲν
984 5174 1115 5226 ποσὶ
1171 5178 1453 5245 κειμένου,
1513 5177 1608 5231 νῦν
1664 5179 1869 5252 ἐτέρων

250 5261 506 5315 ἀπόντων
534 5265 833 5333 φροντίζει,
852 5268 947 5337 καὶ
974 5272 1291 5339 παρακαλεῖ
1312 5272 1633 5344 πεμφθῆναι
1653 5274 1743 5327 τὸν
1764 5275 1873 5329 Λά-

252 5355 425 5427 ζαρον
456 5359 520 5411 ἐκ
547 5360 653 5413 τῶν
673 5362 884 5433 νεκρῶν
903 5364 982 5428 είς
1010 5366 1101 5419 τὸν
1118 5361 1266 5421 οἷκον
1297 5369 1390 5422 τοῦ
1430 5372 1641 5442 πατρὸς
1678 5370 1867 5425 αὑτοῦ.

254 5449 372 5503 Καὶ
407 5451 506 5523 οὐχ
533 5453 723 5517 ἁπλῶς
752 5456 851 5509 ἕνα
885 5457 994 5510 τῶν
1020 5462 1260 5531 νεκρῶν,
1288 5462 1427 5517 ἀλλά
1471 5458 1871 5536 τὸνλάζαρον.

251 5544 407 5608 ὅπως
459 5545 648 5599 ῑδωσιν
690 5548 853 5601 αὑτὸν
901 5554 1323 5621 στεφανωθέντα
1367 5558 1457 5610 καὶ
1506 5558 1565 5609 ὲν
1598 5557 1727 5629 δόξῃ
1781 5558 1876 5611 καὶ

256 5635 729 5707 ὑγεία,οίίδόντες
769 5641 931 5695 αὐτὸν
975 5646 1033 5696 ἐν
1069 5647 1377 5719 ἀρρωστίᾳ,
1405 5649 1503 5701 καὶ
1541 5648 1876 5720 ἁτιμίᾳ,καὶ

256 5734 305 5786 οἱ
351 5734 638 5803 γενόμενοι
672 5735 955 5806 μάρτυρες
989 5738 1091 5807 τῆς
1137 5740 1326 5803 πενίας
1373 5740 1563 5805 αὑτοῦ,
1593 5741 1751 5795 αὐτοὶ
1782 5743 1876 5794 καὶ

257 5829 359 5897 ἰῆς
418 5829 578 5899 δτίξης
631 5836 900 5901 γένωνται
952 5835 1163 5891 Οεαταῗ.
1215 5836 1489 5908 Πρόδηλον
1539 5838 1649 5908 γὲρ
1690 5838 1765 5901 ῶς
1819 5840 1876 5890 ἐν

264 5920 395 5995 δδξῐὶ
447 5924 675 5996 ἔμελλεν
726 5931 910 5996 cumis
961 5931 1330 6006 ἐπιφανῆναι)
1380 5932 1499 5999 εἴτε
1557 5931 1876 6000 ἁξιόπιπον

1977 4713 2285 4769 resurrexit
2308 4712 2555 4767 credent.
2593 4730 2611 4763 ι
2650 4711 2726 4766 De
2760 4712 2922 4765 rebus
2951 4710 3067 4765 suis
3103 4710 3409 4780 desperans
3435 4711 3601 4765 miser

1979 4807 2070 4863 ille
2109 4807 2263 4863 dives
2304 4821 2404 4876 pro
2445 4805 2570 4859 aliis
2601 4805 2902 4879 supplicat.
2940 4803 3076 4859 Vide
3109 4814 3295 4859 autem
3326 4805 3602 4875 quomodo

1979 4902 2031 4955 in
2088 4900 2373 4971 suppliciis
2421 4914 2643 4955 sensum
2680 4899 2873 4952 alienat
2923 4896 3273 4953 infelicitatis
3326 4900 3497 4967 capit.
3539 4898 3603 4951 l-It

1981 4993 2135 5061 prius
2184 4991 2457 5047 Lazarum
2514 4991 2853 5061 despiciebat
2908 5000 3037 5045 ante
3088 4993 3257 5061 pedes
3302 4989 3602 5060 iacentem.

1982 5106 2128 5145 mmc
2163 5089 2397 5144 aliorum
2436 5088 2745 5143 absentium
2794 5102 2987 5142 curam
3032 5087 3196 5157 gerit,
3246 5096 3302 5142 et
3350 5089 3606 5143 obsecrat

1984 5196 2041 5239 ut
2082 5184 2322 5239 Lazarus
2354 5198 2418 5239 ex
2455 5184 2687 5238 tuortuis
2723 5182 2774 5235 in
2826 5182 3048 5237 domum
3087 5181 3263 5252 patris
3300 5185 3383 5237 sui
3425 5183 3607 5236 mitta-

1985 5289 2093 5332 tur.
2140 5276 2204 5331 Et
2240 5293 2347 5333 non
2401 5276 2723 5345 simpliciter
2769 5291 2834 5331 ex
2876 5276 3110 5330 mortuis
3161 5275 3461 5345 quispiam,
3512 5277 3607 5332 sed

1984 5370 2248 5437 Lazarus,
2301 5380 2358 5424 ut
2412 5368 2633 5424 videant
2677 5383 2802 5422 eum
2860 5377 3185 5424 coronatum
3224 5380 3278 5422 et
3333 5368 3507 5435 gloria
3556 5377 3610 5422 ct

1986 5462 2391 5527 incolumitate,
2444 5464 2537 5532 qui
2592 5461 2843 5516 viderant
2894 5470 3024 5516 ante
3067 5460 3347 5515 inlirmum
3392 5472 3447 5515 et
3474 5475 3607 5513 con-

1989 5565 2253 5627 temptum
2284 5575 2296 5609 :
2329 5566 2383 5611 et
2413 5557 2508 5625 qui
2548 5565 2715 5611 testes
2752 5554 2976 5610 fuerunt
3020 5555 3366 5626 paupertatis
3412 5554 3608 5624 ipsius.

1990 5650 2092 5719 ipsi
2124 5651 2289 5705 etiam
2317 5649 2505 5719 gloria:
2525 5649 2658 5703 liaut
2684 5657 3047 5718 spectatores.
3085 5647 3435 5703 Manifestum
3459 5647 3606 5701 enim

1988 5752 2095 5809 est,
2128 5743 2269 5813 quod
2305 5743 2357 5796 in
2388 5743 2558 5813 gloria
2596 5743 2703 5797 illis
2732 5753 2879 5798 esset
2914 5742 3361 5813 conSpiciendus,
3410 5742 3454 5795 si
3486 5741 3610 5810 qui-

1991 5836 2111 5889 tlt‘nt
2144 5835 2321 5905 ipsum
2359 5836 2462 5889 lilJe
2518 5836 2739 5905 dignum
2781 5851 3087 5903 pratcuumn
3120 5852 3244 5890 esse
3293 5833 3603 5903 oportebat.

1992 5930 2129 6002 9"“
2190 5930 2355 6006 38"0'
2411 5927 2738 5995 “mitam?
2806 5931 3025 6001 Habent
3067 5930 3269 5993 Mosen.
3328 5930 3444 5987 Non
3520 5932 3587 5983 n.-
