4228 6428
712 412 818 475 979

1642 414 1688 472 Τ
1691 410 1948 472 ΠΕΟΡΗ
1958 411 2223 473 YLACTI
2256 409 2665 474 BULGARIE
2696 407 3057 470 ARCHIEP.

3867 402 3989 466 980

715 524 908 595 inquit,
963 531 1019 576 tu
1066 520 1292 581 fratrum
1342 534 1530 576 curam
1568 522 1709 591 geris
1753 532 1811 574 ιιι
1854 521 1944 590 qui
1982 521 2103 578 illos
2153 520 2279 577 fecit

2386 521 2542 577 αὐτὸν
2571 520 2739 591 ἐχρῆν
2760 513 2899 571 εῖναι
2926 517 2997 589 κή
3008 531 3171 584 ρυκα.
3195 511 3261 567 Τί
3280 508 3375 568 οῦν
3395 513 3423 567 6
3440 512 3726 583 ⁸Δϐραάμ;
3753 510 3997 583 Ἔχουσι

711 613 873 668 Deus.
938 611 1255 669 innumeros
1326 612 1473 667 enim
1548 610 1655 667 lllis
1729 610 1970 681 praefecit
2031 613 2280 668 doctores

707 707 775 760 At
796 705 966 768 dives,
1000 702 1138 766 Non,
1175 702 1371 772 inquit,
1417 710 1588 771 pater.
1638 700 1773 756 Nam
1821 703 2279 772 quemadmodum

707 797 821 865 ipse
854 795 1168 864 Scripturas
1194 793 1421 849 audiens
1468 808 1574 849 non
1612 794 1941 860 crediderat,
1982 804 2039 849 et
2073 793 2281 849 fabulas

704 901 825 940 esse
876 894 1096 955 putarat
1136 899 1198 939 ea
1241 900 1359 954 qua
1388 885 1769 942 dicebantur:
1814 886 2067 942 similiter
2114 885 2278 941 etiam

707 974 901 1031 fratres
945 990 1074 1030 suos
1106 988 1165 1030 se
1209 975 1406 1030 habere
1450 975 1756 1045 suspicatus
1794 986 1897 1040 est,
1930 984 1984 1031 et
2017 990 2083 1030 ex
2114 973 2281 1041 seju-

704 1066 893 1121 dicans
924 1066 1138 1122 dicebat
1178 1068 1319 1137 quod
1349 1083 1455 1125 non
1506 1069 1743 1123 audituri
1792 1069 1895 1124 sint
1948 1068 2280 1137 Scripturas,

703 1160 844 1213 sicut
873 1174 1049 1229 nequc
1078 1160 1232 1230 ipse;
1270 1162 1386 1225 sed,
1425 1163 1469 1215 si
1505 1161 1629 1230 quis
1661 1175 1727 1214 ex
1764 1160 1990 1215 mortuis
2035 1173 2279 1215 resurre-

706 1258 895 1304 cturus
925 1258 1092 1317 esset,
1116 1251 1375 1307 credituri
1426 1252 1535 1304 sint
1596 1249 1755 1305 Tales
1774 1251 1935 1305 etiam
1977 1265 2121 1305 nunc
2154 1258 2282 1304 sunt

708 1341 801 1408 qui
859 1341 1085 1397 dicunt:
1134 1342 1265 1408 Quis
1311 1344 1444 1396 vidit
1483 1358 1545 1398 ea
1591 1358 1711 1411 qua:
1758 1343 1810 1396 in
1864 1342 2116 1397 inferno?
2147 1340 2281 1410 Quis

708 1431 851 1485 venit
877 1430 1045 1496 illinc,
1075 1440 1128 1485 et
1149 1430 1488 1485 annuntiavit
1513 1432 1701 1486 nobis?
1726 1431 1831 1486 Sed
1862 1432 2085 1486 audiant
2108 1432 2281 1486 Abra-

706 1522 852 1575 ham.
890 1520 1151 1589 Quoniam
1198 1523 1241 1578 si
1289 1522 1601 1592 Scripturas
1644 1537 1751 1578 non
1789 1522 2058 1587 audimus,
2106 1536 2282 1592 neque

702 1614 788 1668 bis
818 1616 909 1684 qui
939 1629 1004 1670 ex
1057 1613 1269 1671 inferno
1299 1615 1543 1679 veniunt,
1574 1615 1883 1671 credemus.
1929 1614 1991 1669 Et
2026 1616 2129 1670 hoc
2165 1630 2282 1669 ma-

704 1706 1027 1762 nifestaruut
1046 1706 1241 1774 Judaei,
1260 1710 1349 1778 qui
1371 1709 1492 1777 quia
1513 1706 1821 1778 Scripturas
1842 1722 1951 1763 non
1973 1708 2281 1773 audierunt,

711 1814 886 1868 neque
948 1814 1069 1855 cum
1122 1802 1548 1857 rcsurreaissent
1608 1804 1834 1866 mortui,
1880 1802 2278 1858 crediderunt:

710 1889 803 1945 sed
828 1900 882 1945 et
916 1889 1178 1946 Lazarum
1209 1894 1458 1948 occidere
1501 1902 1862 1958 tentaverunt,
1898 1904 1953 1949 et
1987 1907 2111 1949 cum
2141 1907 2284 1947 mor-
2319 1887 2357 1941 Β

704 1982 799 2061 tui.
832 1980 986 2036 multi
1033 1985 1461 2040 resurrexissent
1504 1985 1765 2039 crucitixo
1807 1984 1957 2049 Jesu,
1995 1985 2166 2055 magis
2201 1997 2283 2039 ta-

702 2087 824 2126 men
855 2075 1137 2128 saevientes
1185 2072 1356 2130 Judaii
1394 2076 1707 2131 invaserunt
1751 2078 2022 2145 apostolos
2056 2095 2070 2133 :
2120 2076 2281 2148 421

702 2166 827 2233 quia
898 2167 940 2223 si
986 2168 1201 2237 quidem
1260 2168 1390 2223 illud
1438 2170 1730 2238 profuisset
1777 2171 1933 2226 nobis
1985 2171 2050 2226 ad
2105 2172 2285 2236 fidem,

700 2260 861 2313 etiam
916 2259 1016 2314 hoc
1052 2273 1193 2327 smpe
1224 2258 1442 2315 fecisset
1478 2259 1759 2316 Dominus.
1811 2260 1965 2317 Nunc
2006 2262 2139 2316 nihil
2179 2274 2285 2317 tam

704 2350 833 2405 utile
865 2358 959 2406 est
979 2357 1037 2404 ut
1091 2348 1497 2419 Scripturarum
1529 2351 1758 2420 diligens
1803 2353 2088 2409 scrutatio.
2140 2352 2286 2407 Mor-

704 2455 919 2497 tuorum
966 2444 1381 2499 suscitationem
1434 2443 1569 2499 false
1625 2455 1677 2499 et
1729 2454 2053 2515 apparenter
2104 2445 2286 2500 facere

700 2546 889 2605 posset
924 2538 1084 2591 etiam
1123 2535 1393 2602 diabolus,
1432 2547 1491 2591 ut
1517 2540 1741 2593 seducat
1770 2538 2164 2607 imprudentes,
2202 2552 2285 2592 se-

700 2632 917 2684 minans
949 2629 1227 2684 doctrinas
1251 2630 1315 2684 de
1344 2630 1556 2684 inferno
1586 2630 1773 2698 dignas
1800 2644 1897 2684 sua
1938 2629 2137 2683 malitia
2176 2648 2192 2683 :
2232 2638 2288 2682 at

700 2725 782 2781 eis
830 2725 923 2794 qui
957 2724 1271 2795 Scripturas
1323 2724 1490 2794 probe
1548 2732 1883 2788 scrutantur,
1929 2723 2067 2778 nihil
2113 2732 2288 2789 potest

702 2818 947 2872 illudere.
993 2816 1103 2872 illae
1130 2818 1272 2873 enim
1303 2828 1429 2873 sunt
1468 2820 1693 2875 lucerna
1730 2833 1759 2873 ε
1827 2832 2030 2881 .umen,
2067 2829 2174 2886 quo
2213 2814 2291 2868 lu-

700 2919 857 2966 cente
895 2910 982 2964 fur
1007 2911 1433 2980 deprehenditur
1456 2922 1511 2967 et
1544 2911 1947 2968 manifestatur.
1982 2908 2091 2965 illis
2121 2909 2287 2976 igitur

699 3002 1055 3069 credendum,
1090 3011 1144 3056 et
1172 3000 1240 3057 de
1275 3011 1615 3058 mortuorum
1655 2985 2017 3058 suscitatione
2054 3014 2284 3058 non.cu~

703 3095 954 3149 randum.
990 3093 1182 3150 Posset
1214 3103 1396 3150 autem
1422 3094 1675 3163 parabola
1701 3095 1814 3151 haec
1842 3109 1937 3165 per
1969 3092 2280 3162 allegoriam

700 3189 916 3257 exponi.
954 3196 1007 3243 et
1055 3188 1126 3243 ita
1178 3186 1470 3257 dici,quod
1521 3202 1618 3255 per
1659 3188 1881 3243 divitem
1932 3184 2162 3257 populus
2188 3181 2283 3239 Ju-

700 3283 934 3337 dzeorum
969 3281 1326 3352 significetur.
1375 3279 1532 3335 Dives
1562 3279 1707 3335 enim
1748 3278 1837 3334 ille
1883 3277 1986 3334 fuit
2017 3277 2169 3342 olim,
2204 3275 2285 3331 lo-

699 3375 1005 3445 cupletatus
1034 3374 1181 3429 omni
1222 3373 1532 3444 cognitione
1581 3381 1634 3428 et
1683 3372 1947 3443 sapientia
1989 3378 2045 3428 et
2073 3384 2285 3426 sermo-

698 3467 856 3522 nibus
884 3467 997 3531 Dei,
1026 3466 1117 3535 qui
1152 3479 1314 3535 super
1354 3479 1547 3520 aurum
1591 3472 1647 3519 et
1679 3462 1908 3533 lapidem
1960 3462 2281 3533 pretiosum,

703 3559 797 3616 sed
830 3568 883 3614 et
922 3573 1157 3630 purpura
1200 3568 1255 3613 et
1296 3558 1455 3627 bysso
1497 3557 1715 3611 indutus
1747 3565 1888 3621 erat,
1920 3570 2143 3626 regnum
2187 3556 2283 3609 ha-

702 3654 835 3707 bens
872 3662 928 3706 et
975 3650 1374 3713 sacerdotium,
1426 3658 1479 3703 et
1520 3648 1699 3718 regale
1750 3659 1871 3705 erat
1919 3647 2281 3704 sacerdotium

702 3743 832 3797 Deo.
860 3742 1143 3813 Significat
1172 3750 1353 3797 autem
1387 3755 1621 3811 purpura
1649 3741 1864 3809 quidem
1892 3756 2135 3811 regnum,
2164 3741 2284 3809 bys-

700 3851 795 3893 sus
839 3849 969 3889 vero
1022 3834 1404 3888 sacerdotium.
1466 3832 1599 3887 Nam
1645 3832 1847 3887 Levita:
1894 3834 1947 3886 in
2002 3832 2284 3887 sacrificiis

700 3927 936 3997 byssinis
970 3910 1714 3981 vestimentis‘induebantur.
1747 3924 2076 3994 Epulabatur
2101 3933 2279 3979 autem

699 4020 939 4091 quotidie
974 4028 1029 4075 et
1061 4017 1273 4073 vivebat
1302 4016 1601 4087 splendide.
1636 4017 1891 4082 Quotidie
1917 4017 2060 4072 enim
2092 4016 2281 4073 oﬂ'ere-

700 4114 830 4167 bant
876 4110 1205 4167 sacrificium
1253 4109 1582 4164 matutinum
1632 4116 1687 4164 et
1724 4110 2116 4178 vespertinum,
2163 4123 2282 4180 qua

696 4217 751 4262 et
797 4202 1198 4274 ἐνδελεχισμὸν,
1229 4202 1331 4257 hoc
1380 4210 1462 4257 est
1498 4201 1621 4273 iuge
1658 4202 1989 4258 sacrificium
2034 4204 2283 4258 nomina-

701 4302 855 4355 bant.
892 4297 1133 4351 Lazarus
1164 4309 1293 4349 vero
1340 4294 1570 4364 populus
1612 4295 1891 4366 gentilium
1933 4294 2052 4361 fuit,
2083 4310 2284 4366 pauper

699 4388 882 4443 divina
906 4388 1077 4459 gratia
1112 4394 1166 4441 et
1201 4386 1487 4455 sapientia,
1518 4394 1571 4441 et
1596 4395 1722 4442 ante
1754 4386 1897 4443 fores
1929 4387 2148 4455 iacens;
2175 4401 2281 4442 non

698 4481 843 4537 enim
866 4480 1063 4535 licebat
1088 4477 1380 4548 gentilibus
1405 4477 1613 4532 intrare
1648 4476 1701 4531 in
1732 4478 1951 4533 domum
1994 4497 2007 4532 :
2058 4476 2284 4547 pollutio

2391 609 2613 666 Μωσέα·
2646 608 2743 679 οὐχ
2782 607 2979 673 οὕτως,
3024 605 3181 677 φησὶ,
3232 605 3296 659 σὺ
3343 604 3484 675 κήδῃ
3528 603 3641 657 τῶν
3694 604 3979 671 ἀδελφῶν,

2390 703 2465 767 ὡς
2500 704 2529 756 6
2577 702 2806 772 ποιήσας
2842 699 3042 760 αὐτοὺς
3068 698 3235 761 Θεόςο
3274 696 3503 769 μυρίους
3530 695 3640 765 γὰρ
3677 696 3998 761 ἐπέστησεν

2390 796 2571 859 αὐτοῖς
2610 793 2987 854 διδασκάλους.
3051 791 3113 843 '0
3159 790 3218 844 δέ
3276 788 3552 853 πλούσιος,
3604 788 3763 858 Οὐχὶ,
3823 790 3992 858 φησὶ,

2390 891 2583 959 πάτερ.
2618 885 2775 940 Ἐπεὶ
2821 885 2931 957 γὰρ
2963 882 3125 946 αὐτὸς
3158 881 3268 935 τῶν
3333 880 3570 952 Γραφῶν
3600 880 3817 933 ἀκούων
3858 877 3999 947 ἡπί-

2392 999 2529 1048 στει,
2562 980 2655 1035 καὶ
2687 978 2893 1049 μύθους
2934 972 3074 1029 εῖναι
3100 975 3168 1029 τά
3196 973 3470 1043 λεγόμενα
3505 971 3748 1042 ἐνόμιζε,
3781 971 3996 1041 ὁμοίως

2390 1075 2535 1147 ἔχειν
2565 1073 2657 1127 καὶ
2684 1072 2810 1135 τοὺς
2836 1069 3101 1139 ἀδελφοὺς
3136 1065 3512 1138 ὑπελάμϐανε,
3544 1066 3638 1119 καί⁸
3662 1065 3756 1133 ἀφ’
3786 1061 3995 1116 ἐαυτοῦ

2390 1169 2590 1240 κρίνων
2617 1166 2794 1233 ἐλεγε,
2829 1165 2911 1217 ὃτι
2948 1163 3049 1217 ούκ
3072 1161 3331 1216 ἀκούουσι
3360 1159 3469 1213 τῶν
3505 1158 3761 1230 Γραφῶν,
3794 1157 3997 1225 ῶσπερ

2388 1264 2482 1317 οῦν
2510 1262 2617 1315 οὐδ’
2662 1259 2849 1323 αὐτὸς,
2880 1257 2996 1311 ἀλλ’
3041 1257 3137 1311 ἐάν
3162 1272 3246 1318 τις
3275 1257 3340 1309 ἐκ
3383 1254 3594 1319 νεκρῶν
3636 1253 3857 1319 ἀναστῇ
3893 1265 3994 1301 πι-

2391 1353 2697 1408 στεύσουσι.
2725 1349 2969 1405 Τοιοῦτοι
2987 1349 3080 1401 καί⁸
3096 1347 3192 1401 νῦν
3211 1347 3351 1399 εἰσιν
3374 1346 3424 1398 οῖ
3469 1344 3709 1412 λέγουσι·
3732 1343 3837 1404 Τίς
3880 1336 3993 1392 οἶδε

2389 1448 2456 1498 τά
2481 1448 2539 1498 ἐν
2564 1444 2692 1517 ᾅδου
2717 1461 2731 1509 ;
2766 1444 2849 1507 τίς
2870 1441 3039 1495 ἐλθὼν
3062 1442 3273 1494 ἐκεῖθεν
3286 1438 3623 1509 ἀπήγγειλεν
3644 1436 3814 1504 ἠμῖν;
3846 1432 3995 1485 Ἀλλ’

2390 1536 2777 1591 ἀκουσάτωσαν
2824 1532 2919 1587 τοῦ
2968 1531 3416 1601 Ἀϐραάμ,ὄτιεί
3445 1528 3553 1581 τῶν
3593 1525 3833 1597 Γραφῶν
3880 1524 3992 1576 ούκ

2388 1628 2682 1698 ἀκούομεν,
2704 1626 2827 1679 ούδέ
2850 1627 2963 1688 τοῖς
2991 1622 3049 1689 ἐξ
3074 1624 3201 1695 ᾅδου
3238 1622 3557 1691 ἐρχομένοις
3586 1616 3989 1684 πιστεύσομεν.

2391 1723 2501 1775 Καὶ
2524 1721 2686 1775 τοῦτο
2716 1719 2994 1790 ἐδήλωσαν
3020 1720 3067 1771 οῖ
3090 1716 3359 1778 Ἰουδαῖοι,
3385 1715 3434 1767 οἳ
3464 1714 3585 1767 ἐπεὶ
3608 1712 3719 1765 τῶν
3751 1710 3993 1779 Γραφῶν

2400 1815 2503 1869 οὐκ
2532 1814 2751 1885 ἢκουον,
2793 1811 2914 1865 ούδέ
2962 1811 3190 1880 νεκροὺς
3234 1809 3435 1869 ἰδόντες
3481 1805 3833 1865 ἀναστάντας
3867 1804 3997 1853 ἐπί-

2390 1924 2647 1975 στευσαν,
2682 1906 2818 1960 ἀλλά
2862 1905 2957 1958 καὶ
3000 1903 3091 1956 τὸν
3118 1901 3370 1972 Λάζαρον
3401 1899 3611 1961 ἀνελεῖν
3640 1896 3995 1966 ἐπεχείρουν,

2390 1997 2485 2050 καὶ
2508 1997 2565 2049 ἐν
2609 1994 2688 2066 τῷ
2717 1992 2938 2063 σταυρῷ
2963 1991 3176 2061 νεκρῶν
3204 1989 3417 2044 πολλῶν
3444 1989 3821 2050 ἀναστάντων,
3841 1988 3997 2055 ὅμως

2388 2090 2500 2151 τοῖς
2530 2086 2852 2148 ἀποστόλοις
2892 2083 3183 2152 ἐπεπήδων
3231 2080 3627 2151 φονικώτερον.
3674 2079 3838 2132 Ἐπεὶ
3866 2078 3989 2144 εῖγε

2389 2180 2591 2251 ὠφέλει
2621 2180 2766 2248 ἡμᾶς
2802 2179 2883 2241 εἰς
2917 2176 3121 2241 πῖστιν,
3151 2177 3244 2229 καὶ
3285 2174 3446 2228 τοῦτο
3478 2174 3650 2228 ἐποίει
3685 2174 3753 2227 ἂν
3789 2173 3998 2243 συχνά-

2387 2291 2475 2337 κις
2498 2274 2527 2327 6
2554 2272 2777 2343 Κύριος.
2806 2270 2921 2323 Νῦν
2950 2270 3008 2321 δέ
3045 2269 3198 2322 ούδέν
3228 2268 3403 2330 οὕτως
3437 2265 3660 2334 ὠφελεῖ,
3698 2266 3775 2327 ὡς
3803 2266 3836 2336 ἡ
3876 2264 3991 2317 τῶν

2387 2361 2621 2433 Γραφῶν
2677 2359 2913 2430 ἀκριϐὴς
2945 2356 3166 2427 ἔρευνα.
3202 2356 3449 2425 Νεκροὺς
3483 2354 3540 2407 δέ
3569 2354 3826 2423 ἀνιστᾲν,
3866 2353 3996 2403 ἐσο-

2386 2454 2584 2524 φίσατο
2619 2452 2685 2507 ἂν
2716 2454 2743 2505 6
2779 2450 3029 2513 διάϐολος
3056 2448 3198 2503 κατά
3226 2446 3554 2517 φαντασίαν,
3590 2446 3685 2497 καὶ
3714 2444 3807 2497 διά
3833 2442 4001 2495 τοῦτο

2384 2546 2688 2616 ἐπλάνησεν
2718 2544 2785 2598 ἀν
2837 2544 2965 2607 τοὺς
3010 2544 3298 2613 ἀνοήτους.
3334 2542 3466 2611 περὶ
3510 2539 3619 2592 τῶν
3650 2539 3708 2590 ἐν
3737 2537 3873 2608 ᾅδου
3906 2534 4001 2589 60'-

2386 2656 2571 2711 γματα
2605 2638 2734 2703 ἀξια
2778 2638 2877 2706 τῆς
2918 2636 3131 2699 οἰκείας
3168 2633 3374 2697 κακίας
3410 2618 3831 2701 κατασπείρωνζ
3867 2630 3999 2683 Τῶν

2384 2734 2441 2787 δέ
2468 2732 2701 2802 Γραφῶν
2728 2731 2899 2799 ύγιῶς
2927 2729 3343 2799 ἐρευνωμένων,
3375 2726 3529 2780 οὐδὲν
3559 2724 3776 2795 ἰσχύσει
3800 2722 3995 2777 τοιοῦ-

2386 2839 2479 2875 τον
2518 2819 2847 2890 σοφίσασθαι
2887 2836 2901 2851 ⁸
2952 2812 3117 2874 αὗται
3164 2819 3275 2891 γάρ
3315 2819 3422 2871 εἰσι
3466 2817 3660 2886 λύχνος
3706 2817 3805 2869 καὶ
3850 2814 3997 2883 φῶς,

2388 2914 2481 2967 καὶ
2510 2912 2701 2966 τούτου
2748 2910 3056 2979 φαίνοντος,
3104 2910 3135 2963 6
3173 2909 3424 2978 κλέπτης
3474 2908 3725 2977 φαίνεται
3763 2908 3862 2960 καὶ
3906 2908 4004 2959 εύ-

2389 3008 2660 3077 ρίσκεται.
2707 3003 2949 3066 Ταύταις
3001 2997 3096 3056 οῦν
3152 2999 3496 3062 πιστευτέον,
3561 3000 3659 3052 καὶ
3698 2999 3774 3069 μὴ
3823 2998 4003 3067 ζητη-

2384 3098 2506 3151 τέον
2528 3095 2738 3167 νεκρῶν
2768 3093 3117 3156 ἀναστάσεις.
3152 3093 3309 3146 Ἔστι
3345 3091 3403 3145 δέ
3430 3091 3526 3145 καὶ
3564 3089 3996 3160 τροπικώτερον

2385 3192 2486 3261 τὴν
2563 3187 2884 3260 παραϐολὴν
2960 3187 3169 3256 ταύτην
3237 3185 3515 3250 ἐκλαϐεῖν,
3574 3183 3836 3251 λέγοντας
3901 3182 4003 3235 τὸν

2398 3282 2693 3354 Ἐϐραῖκδν
2744 3281 2873 3334 λαὸν
2943 3277 3349 3349 ύποδηλοῦσθαι
3409 3275 3501 3331 διά
3547 3276 3643 3329 τοῦ
3701 3274 3994 3329 πλουσίου.

2389 3376 2649 3440 Πλούσιος
2680 3375 2789 3447 γάρ
2822 3369 2891 3447 ἦν
2917 3366 3072 3437 οὗτος
3100 3372 3163 3427 τὸ
3191 3372 3444 3434 παλαιὸν,
3477 3370 3535 3423 ἐν
3564 3369 3713 3440 πάσῃ
3781 3366 3996 3435 γνώσει

2388 3472 2481 3525 καὶ
2514 3468 2680 3541 σοφία
2725 3464 3095 3530 πλουτισθείς,
3136 3465 3233 3518 καὶ
3294 3465 3408 3527 τοῖς
3454 3462 3659 3529 λογίοις
3705 3460 3804 3513 τοῦ
3850 3458 3997 3513 Θεοῦ

2384 3566 2497 3627 τοῖς
2527 3563 2669 3632 ὑπὲρ
2727 3560 2952 3632 χρυσίον
3029 3560 3127 3612 καὶ
3177 3556 3326 3611 λίθον
3372 3556 3558 3626 τίμιον
3598 3555 3802 3619 πολὺν,
3854 3554 3999 3607 ἀλλά

2387 3658 2481 3711 καὶ
2556 3654 2847 3725 πορφύραν
2914 3652 3008 3705 καὶ
3073 3650 3273 3723 βύσσον
3336 3648 3640 3713 ἐνεδέδυτο,
3705 3647 3999 3719 βασιλείαν

2384 3749 2526 3818 ἔχων
2565 3747 2662 3802 καὶ
2716 3744 3040 3815 ἰερωσύνην,
3085 3744 3181 3798 καὶ
3243 3741 3517 3814 βασίλειον
3557 3740 3633 3793 ῶν
3681 3740 3997 3810 ἱεράτευμα

2384 3841 2465 3908 τῷ
2516 3838 2655 3908 Θεῷ.
2700 3840 3009 3893 Δίνίττεται
3058 3837 3115 3890 δέ
3161 3835 3195 3905 ἠ
3249 3836 3348 3905 μὲν
3390 3834 3651 3905 πορφύρα
3694 3832 3801 3903 τὴν
3839 3833 3999 3902 βασι-

2386 3932 2616 4001 λείαν,ἠ
2650 3930 2706 3983 δέ
2737 3928 2936 4000 βύσσος
2984 3928 3313 3999 ἱερωσύνην.
3362 3929 3424 3981 Οἰ
3458 3928 3567 3997 γὰρ
3600 3928 3831 3980 Λευῖται
3866 3926 3999 3993 βυσ-

2389 4021 2555 4085 σίνοις
2603 4020 2846 4091 ἐχρῶντο
2894 4019 2953 4074 ἐν
2987 4019 3108 4082 ταῖς
3144 4016 3482 4088 ἱερουργίαις
3514 4017 3850 4086 ἐσθήμασιν.
3885 4015 3992 4067 Εὑ-

2386 4112 2644 4186 φρσίνετό
2679 4129 2738 4167 τε
2794 4112 2920 4167 καθ’
2970 4112 3184 4184 ἡμέραν
3212 4108 3487 4181 λαμπρῶς
3515 4123 3531 4141 ο
3569 4107 3695 4162 καθ’
3749 4108 3998 4174 ἑκάστην

2383 4206 2495 4277 γὰρ
2534 4206 2747 4277 ἡμέραν
2788 4204 2983 4269 θυσίας
3018 4203 3288 4276 ἀνέφερον
3318 4200 3535 4272 πρωτας
3569 4201 3667 4254 καί⁵
3716 4200 3992 4270 ἐσπέρας,

2382 4300 2451 4363 ἃς
2483 4301 2577 4354 καὶ
2606 4298 2701 4352 τοῦ
2739 4296 3123 4369 ἐνδελεχισμοῦ
3162 4294 3475 4366 ὠνόμαζον.
3510 4292 3766 4366 Λάζαρος
3811 4294 3870 4347 δέ
3923 4290 3995 4364 ἦν

2384 4394 2412 4445 6
2441 4391 2500 4456 ἐξ
2529 4391 2700 4443 ἐθνῶν
2739 4390 2889 4451 λαὸς,
2944 4388 3114 4458 πένης
3148 4387 3308 4440 θείων
3338 4388 3580 4457 χαρίτων
3639 4386 3737 4439 καὶ
3768 4388 3992 4454 σοφίας.

2387 4483 2483 4535 καὶ
2515 4483 2623 4551 πρὸ
2669 4480 2777 4534 τῶν
2817 4479 3079 4534 πυλώνων
3126 4479 3402 4549 κείμενος’
3454 4480 3517 4535 ού
3553 4478 3664 4549 γάρ
3715 4476 3848 4547 ἐξῆν
3877 4480 3992 4539 τοῖς

697 4572 841 4627 enim
870 4570 1174 4636 videbatur,
1211 4571 1354 4625 sicut
1388 4570 1440 4624 in
1468 4570 1621 4625 Actis
1651 4568 2016 4640 apostolorum
2047 4568 2285 4626 clamant

2389 4574 2621 4637 ὲθνικοῖς
2664 4575 2746 4638 εἰς
2777 4573 2870 4628 τὸν
2900 4568 3049 4626 οἰκον
3091 4572 3379 4626 εἰσελθεῖν·
3428 4572 3671 4642 μιασμὸς
3718 4572 3834 4641 γὰρ
3870 4573 3990 4625 ἐδο-

696 4666 750 4719 iu
783 4664 1011 4719 Paulum
1042 4662 1183 4730 quod
1234 4662 1461 4731 gentiles
1491 4661 1866 4715 introduxerat
1899 4662 1951 4716 in
2002 4662 2279 4733 templum,

698 4765 753 4809 et
774 4766 1116 4809 communem
1148 4750 1366 4807 fecisset
1387 4761 1635 4807 sanctum
1661 4752 1807 4807 illum
1837 4754 2037 4807 locum.
2062 4752 2286 4823 Insuper

697 4857 753 4905 et
784 4846 1056 4903 ulceribus
1088 4854 1434 4914 peccatorum
1482 4845 1767 4901 fetentium
1816 4848 2006 4915 plenus
2038 4859 2156 4903 erat
2196 4849 2283 4905 ille

693 4940 947 5011 populus,
969 4948 1022 4993 et
1050 4937 1389 5007 impudentes
1414 4939 1885 5008 canes,_diaholos,
1902 4941 2153 5009 pascebat
2170 4941 2282 4996 suis

698 5033 992 5088 ulceribus.
1031 5029 1305 5099 Voluptati
1340 5030 1483 5085 enim
1532 5030 1641 5085 illis
1688 5038 1816 5084 sunt
1862 5040 2044 5085 nostra
2078 5031 2277 5086 ulcera.

697 5126 1055 5182 Desiderabat
1102 5124 1231 5179 item
1281 5132 1335 5178 et
1376 5122 1543 5179 micas
1572 5124 1885 5179 decidentes
1924 5137 1951 5175 a
1984 5137 2167 5177 mensa
2198 5123 2281 5177 di-

695 5220 841 5274 vitis.
875 5219 1111 5275 Omnino
1134 5219 1276 5272 enim
1306 5218 1526 5273 carebat
1556 5233 1712 5285 pane,
1748 5218 1837 5287 qui
1867 5215 2157 5273 conﬁrmat
2186 5231 2280 5271 cor

694 5313 927 5367 hominis
957 5331 969 5367 :
998 5321 1050 5366 et
1089 5311 1314 5365 minimo
1342 5308 1599 5378 tenuique
1629 5310 1753 5365 cibo
1782 5318 1837 5363 et
1874 5308 2126 5363 rationali
2152 5322 2279 5377 ege-

697 5402 809 5468 bat,
840 5406 979 5459 sicut
1019 5414 1074 5459 et
1105 5403 1409 5460 Chananma
1458 5402 1649 5457 mulier
1687 5418 1807 5457 cum
1854 5403 2067 5459 ethnica
2109 5414 2275 5470 esset,

695 5493 761 5547 de
795 5494 951 5549 micis
991 5497 1226 5551 saturari
1262 5494 1533 5564 cupiebat.
1586 5492 1724 5559 Quid
1760 5493 1989 5549 multis?
2036 5493 2277 5551 Mortuus

688 5594 777 5639 est
809 5584 1108 5641 liehraicus
1140 5586 1370 5656 pupulus
1406 5584 1538 5651 Deo,
1570 5595 1625 5639 et
1667 5596 1875 5640 mortua
1905 5595 2033 5643 sunt
2061 5586 2275 5641 illorum

687 5688 835 5738 ossa,
885 5691 1007 5746 qua:
1051 5676 1118 5731 ad
1168 5677 1366 5731 bonum
1412 5676 1718 5732 faciendum
1784 5695 1891 5733 non
1962 5687 2271 5735 moventur.

693 5765 934 5823 Mortuus
956 5777 1040 5825 est
1076 5778 1259 5824 autem
1282 5779 1335 5825 et
1365 5770 1609 5827 Lazarus
1646 5782 1868 5841 peccato
1890 5815 1904 5839 ,
1941 5774 2159 5845 gentilis
2188 5775 2272 5829 in-

690 5874 851 5929 quam
895 5863 1148 5933 populus.
1175 5862 1241 5920 Et
1268 5862 1437 5922 Judaei
1456 5865 1669 5937 quidem
1697 5866 1787 5936 qui
1816 5866 1869 5923 in
1894 5868 2131 5939 peccatis
2159 5868 2271 5925 suis

2391 4684 2496 4733 κει,
2527 4666 2601 4729 ὡς
2634 4667 2728 4720 καὶ
2760 4667 2819 4719 ἐν
2854 4668 2976 4729 ταῖς
3010 4666 3251 4736 Πράξεσι
3299 4664 3641 4719 καταϐοᾶται
3685 4667 3713 4718 6
3769 4665 3991 4728 Παῦλος

2386 4760 2462 4822 ὡς
2491 4758 2736 4822 ἐθνικοὺς
2766 4756 3083 4827 εἰσαγαγὼν
3109 4760 3187 4816 εἰς
3217 4757 3307 4810 τὸν
3331 4757 3480 4823 ναὸν,
3514 4758 3607 4810 καὶ
3632 4757 3988 4819 κεκοινωκὼς

2383 4853 2477 4907 τὸν
2527 4852 2683 4920 ἀγιον
2738 4852 2905 4905 τόπον
2962 4850 3175 4906 τοῦτον.
3237 4850 3399 4904 ’Δλλά
3454 4852 3549 4904 καὶ
3598 4850 3823 4920 ἧλκωτο
3867 4854 3986 4913 ταῖς

2386 4944 2799 5015 προσωζούσαις
2840 4944 3165 5014 ἁμαρτίαις,
3199 4943 3296 4997 καὶ
3336 4942 3468 5006 τοὺς
3506 4943 3749 5006 ἀναιδεῖς
3787 4943 3980 5001 κύνας.

2382 5036 2510 5099 τοὺς
2547 5034 2831 5107 δαίμονας,
2860 5033 3061 5106 ἐτρεφε
3116 5036 3231 5098 τοῖς
3259 5034 3447 5087 ἐλκεσι
3496 5035 3731 5097 τούτοις.
3784 5035 3981 5102 Ἡδονὴ

2384 5130 2492 5201 γάρ
2520 5132 2707 5193 αὐτοῖς
2739 5129 2809 5182 τά
2837 5127 3089 5200 ἡμέτερα
3122 5129 3277 5200 ἐλκη.
3329 5129 3628 5199 Ἐπεθύμει
3658 5129 3714 5182 δέ
3745 5129 3857 5182 τῶν
3894 5128 3982 5197 ψι-

2382 5221 2515 5293 χίων
2544 5222 2656 5277 τῶν
2700 5222 3014 5276 πιπτόντων
3052 5222 3159 5276 ἀπὸ
3202 5221 3303 5291 τῆς
3335 5221 3620 5293 τραπέζης
3660 5222 3765 5276 τοῦ
3815 5223 3979 5275 1:170—

2382 5318 2520 5370 σίου·
2553 5318 2782 5387 ἄμοιρος
2828 5314 2939 5387 γὰρ
2984 5310 3053 5387 ἦν
3099 5315 3423 5370 παντάπασι
3454 5316 3563 5368 τῶν
3609 5316 3711 5385 τὴν
3743 5317 3975 5387 καρδίαν

2382 5411 2745 5481 στηριζόντων
2795 5409 2997 5482 ἄρτων,
3040 5410 3134 5464 καὶ
3182 5412 3283 5479 τῆς
3323 5410 3680 5481 λεπτοτάτης,
3730 5414 3829 5465 καὶ
3888 5429 3975 5479 μι-

2378 5505 2539 5574 κρᾶς,
2570 5501 2667 5556 καὶ
2709 5502 2937 5572 λογικῆς
2965 5502 3174 5573 τροφῆς
3200 5502 3395 5564 ἐδεῖτο,
3429 5502 3621 5574 ῶσπερ
3649 5505 3746 5556 καὶ
3778 5505 3813 5573 ἡ
3860 5504 3968 5556 Χα-

2380 5592 2807 5664 ναναία,ὲθνικὴ
2855 5588 3014 5661 οῦσα,
3066 5594 3177 5647 ἀπὸ
3221 5592 3331 5646 τῶν
3363 5594 3564 5664 ψιχίων
3603 5594 3969 5665 διατραφῆναι

2378 5685 2549 5757 ζητεῖ.
2601 5683 2665 5739 Τί
2698 5683 2921 5750 τοίνυν;
2968 5683 3234 5737 Ἀπέθανε
3288 5685 3387 5755 μέν
3432 5685 3461 5737 6
3502 5684 3795 5755 Ἐϐραῖκὺς
3846 5684 3967 5748 λαὸς

2378 5782 2455 5851 τῷ
2494 5778 2633 5849 Θεῷ,
2671 5779 2765 5833 καὶ
2796 5778 2970 5849 νεκρά
2996 5778 3223 5847 γέγονεν
3267 5778 3453 5831 αὐτῶν
3483 5778 3551 5832 τὰ
3595 5778 3752 5843 ὀστᾶ,
3809 5779 3968 5849 μηδε·

2382 5873 2511 5943 μξαν
2539 5873 2757 5945 κίνησιν
2788 5872 2928 5943 πρὸς
2953 5871 3010 5925 τὸ
3038 5870 3243 5941 ἀγαθὸν
3281 5870 3643 5942 ποιουμένων.
3704 5872 3965 5926 Ἀπέθανε
