4228 6428
277 383 382 449 981

1026 391 1474 455 ENARRATIO
1517 394 1601 456 IN
1640 393 1846 456 EVANl

1951 392 2152 456 LIUM
2189 393 2429 456 ιυειΕ.
2476 388 2741 457 -ζΟΑΡ,
2780 387 2969 450 XVII.

3457 381 3572 459 983

267 494 330 548 δὲ
365 496 464 548 καὶ
496 497 523 547 6
552 491 802 565 Λάζαρος
840 499 904 567 τῇ
935 496 1207 570 ἁμαρτίᾳ,
1243 502 1270 552 6
1309 501 1524 564 ἐθνικὸς
1558 501 1711 569 λαὸς,
1768 502 1846 555 κα¹

1971 501 2172 556 mortui
2207 510 2360 566 sunt,
2391 501 2445 555 in
2475 499 2693 553 tlamma
2717 495 2934 551 invidia:
2955 499 3278 557 exuruntur,
3310 488 3575 555 zelantes,

265 587 319 637 oi
360 586 461 655 μὲν
491 587 739 640 Ἰουδαῖοι
791 589 850 639 εν
883 591 1004 649 ταῖς
1054 591 1359 660 ἁμαρτίαις
1415 593 1599 646 αὐτῶν
1646 593 1856 648 ἀποθα-

264 675 452 739 νόντες
487 677 545 730 ὲν
603 678 671 747 τῇ
704 676 862 746 φλογὶ
913 680 1312 736 κατακαίονται
1362 683 1454 737 τοῦ
1490 683 1708 753 φθόνου,
1762 684 1859 752 ξη-

262 764 507 834 λοῦντες,
567 766 642 830 ὥς
708 785 880 839 φησιν
932 772 961 823 6
1005 772 1351 839 ’Δπόστολος,
1400 774 1483 828 ὅτι
1537 777 1587 830 oi
1650 776 1859 829 ἐθνικοὶ

263 857 711 930 προσεδέχθησαν
744 860 824 924 είς
871 860 1202 929 τὴνπίστιν,
1233 866 1261 918 6
1287 865 1344 918 δὲ
1392 867 1523 937 πρὶν
1561 867 1730 938 πένης
1761 866 1858 920 καὶ

259 950 458 1021 ἄτιμος
515 951 644 1014 λαὸς
692 951 804 1005 τῶν
856 952 1027 1007 ὲθνῶν
1074 955 1134 1008 ὲν
1192 955 1416 1022 κόλποις
1462 957 1719 1029 Ἀδραὰμ
1758 958 1855 1012 τοῦ

262 1041 472 1111 πατρὸς
512 1042 620 1096 τῶν
677 1042 848 1097 ἐθνῶν
897 1044 1078 1112 διάγει
1130 1047 1382 1112 είκότως.
1436 1049 1548 1102 Καὶ
1589 1049 1701 1122 γὰρ
1763 1053 1857 1104 καὶ

262 1129 542 1204 Ἀϐραὰμ,
580 1135 792 1201 ὶθνικδς
818 1135 916 1205 ὣν,
953 1137 1246 1192 ἐπίστευσε
1279 1140 1359 1212 τῷ
1394 1141 1515 1212 Θεῷ
1549 1144 1641 1195 καὶ
1671 1141 1732 1207 ἐξ
1778 1143 1856 1196 εί-

256 1223 656 1296 δωλολατρείας
699 1228 782 1293 είς
835 1227 1172 1298 θεογνωσίαν
1242 1232 1502 1304 μετέστη.
1557 1235 1620 1288 Οί
1674 1235 1855 1289 τοίνυν

256 1319 510 1372 κοινωνοὶ
559 1318 661 1390 τῆς
710 1321 1058 1390 μεταθέσεως
1104 1324 1270 1378 αὐτοῦ
1311 1326 1406 1379 καὶ
1455 1326 1558 1396 τῆς
1592 1327 1852 1394 πίστεως,

254 1409 487 1474 εἰκότως
538 1412 632 1466 καὶ
684 1414 745 1468 ἐν
787 1416 902 1478 τοῖς
959 1416 1184 1480 κόλποις
1225 1417 1392 1473 αὐτοῦ
1456 1420 1850 1488 ἀναπαύονται,

252 1498 356 1564 τὰς
401 1501 572 1567 αὑτὰς
619 1503 771 1575 αύτῷ
803 1505 1008 1574 λήξεις,
1043 1508 1138 1562 καὶ
1192 1508 1386 1579 μονὰς,
1444 1512 1538 1565 καὶ
1584 1514 1853 1585 ὑποδοχὰς

252 1587 365 1645 τῶν
391 1593 611 1663 ἀγαθῶν
640 1594 1080 1668 κληρωσάμενοι.
1116 1601 1221 1654 Καὶ
1245 1602 1508 1674 επιθυμεῖ
1533 1606 1562 1658 6
1594 1605 1853 1672 Ἰουδαῖος

253 1685 535 1754 σταγῶνος
578 1689 708 1759 μιᾶς
759 1690 869 1744 τῶν
906 1692 1059 1762 παρὰ
1090 1691 1169 1765 τῷ
1203 1695 1354 1766 νόμῳ
1385 1698 1633 1753 παλαιῶν
1664 1703 1852 1772 ῥαντι-

253 1775 433 1845 σμῶν,
482 1778 578 1832 καὶ
607 1779 943 1851 καθαρσίων,
979 1781 1055 1844 ὡς
1103 1783 1169 1837 ἂν
1213 1786 1591 1860 καταψυχθείη
1620 1790 1784 1845 αὑτοῦ
1819 1794 1852 1863 ἡ

252 1865 498 1934 γλῶσσα,
543 1870 639 1922 καὶ
678 1868 794 1940 ῑχοι
840 1871 902 1924 τὸ
947 1857 1553 1945 παῤῥησιάξεσθαιίκαὶ
1579 1857 1769 1948 λέγειν
1799 1857 1846 1936 τὲ

1957 1881 2204 1949 noluisti,
2260 1897 2325 1938 ac
2375 1891 2571 1940 caetera
2629 1901 2644 1941 :

255 1957 397 2028 πρὸς
434 1960 605 2041 ἡμᾶς,
639 1961 716 2026 ὡς
744 1961 840 2016 τοῦ
867 1965 1033 2033 νόμου
1063 1967 1442 2037 ἐνεργοῦντος,
1480 1971 1597 2026 ἀλλ’
1631 1973 1692 2027 ού
1719 1992 1853 2044 τυγ-

250 2049 428 2119 χάνει.
465 2051 524 2105 Ὀ
550 2053 716 2123 νόμος
739 2056 848 2129 γὰρ
873 2057 979 2122 ἕως
1018 2059 1292 2115 Ἰωάννου·
1320 2063 1415 2116 καὶ
1442 2063 1659 2133 θυσίαν,
1694 2071 1851 2139 φησὶ,

251 2144 348 2197 καὶ
381 2147 703 2216 προσφοράν
750 2150 851 2203 οὐκ
904 2150 1203 2222 ἠθέλησας,
1251 2155 1346 2208 καὶ
1381 2158 1451 2212 τὰ
1485 2158 1635 2230 ἑξῆς.
1671 2162 1782 2215 Καὶ
1822 2165 1850 2214 6

249 2234 452 2305 Δανιὴλ
483 2235 1038 2309 εξολοορευθήσεσθαι
1088 2244 1318 2316 χρίσμα,
1359 2248 1456 2301 καὶ
1510 2253 1852 2322 σφραγισθῆ·

247 2341 342 2379 ναι
398 2328 760 2399 προφητείαν,
804 2331 1072 2400 τουτέστι,
1108 2336 1388 2408 παυθῆναι
1458 2341 1556 2394 καὶ
1597 2344 1852 2411 συγκλει-

248 2417 447 2489 ιρθῆναι
479 2422 879 2492 προηγόρευσε.
906 2426 980 2501 Σὺ
1010 2425 1067 2481 δὲ
1099 2429 1192 2482 καὶ
1224 2431 1436 2500 ἠθικῶς
1468 2433 1569 2505 τὴν
1599 2437 1849 2505 παραϐο-

247 2507 350 2580 λὴν
382 2510 718 2583 ικλάμσανε,
753 2516 847 2569 καὶ
898 2517 973 2589 μὴ
1001 2517 1256 2586 πλούσιος
1285 2522 1362 2576 ὢν
1391 2524 1449 2579 ιν
1479 2529 1669 2592 κακοῖς
1703 2545 1851 2602 παρ-

242 2603 380 2674 ορᾷς
437 2603 529 2657 τδν
575 2605 700 2660 νοῦν
747 2625 842 2661 σου
888 2608 1253 2682 λιμώττοντα,
1287 2616 1383 2670 καὶ
1430 2617 1583 2672 κάτω
1613 2619 1854 2692 βεϐλημ-

247 2693 415 2763 μένον
451 2697 544 2750 τὸν
571 2697 686 2754 ἄνω
715 2699 981 2772 φέρεσθαι
1012 2703 1584 2780 δεδημιουργημένον,
1619 2715 1710 2767 καὶ
1748 2717 1855 2786 πρὸ

240 2782 360 2838 τῶν
399 2786 663 2844 πυλώνων
709 2791 988 2863 κείμενον,
1047 2796 1166 2849 ἀλλ’
1202 2799 1468 2870 εἰσάγαγε
1499 2803 1665 2858 αὐτὸν
1721 2782 1852 2884 ἔξω»

242 2877 344 2930 καὶ
382 2875 460 2952 μὴ
487 2877 593 2945 ἔξω
618 2878 780 2949 Ictu),
832 2881 931 2938 καὶ
962 2888 1417 2960 περιπλανάσθω,
1454 2894 1593 2964 μηδὲ
1624 2880 1852 2962 κείσθω,

1967 601 2026 647 nt
2070 592 2204 648 dicit
2244 591 2562 662 Apostolus,
2595 588 2741 659 quod
2780 587 3014 658 gentiles
3059 583 3328 653 assumpti
3360 581 3473 638 sint
3507 583 3573 636 ad

1965 684 2124 740 iidem
2154 703 2166 739 :
2207 683 2301 754 qui
2331 691 2512 738 autem
2546 680 2698 752 prius
2724 694 2932 751 pauper
2961 684 3084 734 erat
3103 686 3159 732 et
3187 674 3442 746 ignobilis
3474 688 3573 742 po-

1963 776 2124 846 pulus
2170 775 2412 846 gentilis,
2462 774 2514 829 in
2565 772 2781 830 sinibus
2820 769 3058 826 Abrahae
3113 769 3285 840 patris
3329 768 3575 839 gentium

1963 869 2161 922 merito
2189 876 2464 923 versatur.
2511 864 2729 920 Etenim
2772 871 2829 918 et
2874 861 3153 918 Abraham
3195 875 3320 914 cum
3356 857 3575 929 gentilis

1960 967 2129 1022 esset,
2175 957 2414 1013 credidit
2461 955 2595 1023 Deo,
2647 965 2702 1009 et
2736 969 2802 1010 ex
2853 953 3122 1009 idolorum
3169 952 3318 1008 cultu
3374 952 3442 1006 ad
3477 952 3570 1006 Dei

1960 1051 2296 1121 agnitionem
2354 1051 2595 1106 transiit.
2659 1048 2894 1103 Proinde
2956 1047 3050 1117 qui
3100 1047 3399 1118 participes
3448 1054 3575 1100 sunt

1965 1140 2347 1196 translationis
2393 1141 2513 1210 ejus
2547 1150 2602 1196 et
2637 1139 2786 1206 ﬁdei,
2831 1138 2958 1207 jure
3005 1147 3060 1195 et
3103 1140 3156 1192 in
3195 1136 3408 1194 sinibus
3454 1136 3573 1207 ejus

1959 1234 2272 1305 quiescunt,
2318 1236 2575 1292 eumdem
2653 1235 2816 1289 tinem
2866 1245 2921 1289 et
2966 1232 3336 1289 habitationes
3381 1241 3436 1287 et
3483 1246 3575 1286 su-

1957 1326 2295 1395 sceptionem
2325 1327 2595 1382 bonorum
2646 1326 2853 1381 sortiti.
2883 1325 3050 1397 522
3075 1324 3141 1379 Et
3174 1325 3325 1393 cupit
3355 1321 3570 1376 Judaao-

1959 1433 2077 1472 rum
2101 1419 2332 1489 populus
2359 1434 2521 1474 unam
2554 1428 2763 1489 guttam
2806 1420 2872 1473 de
2913 1417 3326 1488 aspersionibus
3355 1423 3408 1470 et
3440 1429 3571 1483 pur-

1956 1512 2272 1583 gatlonibns
2323 1512 2522 1583 priscis
2582 1511 2873 1581 legalibus,
2923 1519 2985 1565 ut
3053 1508 3409 1580 refrigeretur
3453 1507 3572 1577 ejus

1957 1603 2169 1673 lingua,
2204 1613 2260 1659 et
2296 1604 2468 1675 possit
2517 1604 2860 1659 confidenter
2913 1601 3062 1671 loqui
3106 1599 3264 1656 nobis
3299 1597 3445 1668 quod
3487 1597 3570 1650 lex

1956 1695 2027 1749 sit
2057 1694 2246 1749 efficax
2278 1704 2332 1751 et
2360 1697 2772 1766 operetur;sed
2797 1704 3056 1750 non-est:
3092 1693 3176 1748 lex
3214 1692 3360 1747 enim
3399 1705 3572 1760 usque

1955 1787 2024 1842 ad
2062 1785 2330 1843 Joannem
2366 1806 2378 1842 :
2409 1799 2464 1845 et
2499 1789 2866 1854 sacriﬁcium,
2911 1786 3111 1857 inquit,
3145 1794 3200 1840 et
3235 1784 3569 1839 oblationem

2702 1892 2757 1939 et
2813 1882 3028 1946 Daniel,
3099 1878 3573 1935 Exterminabitur

1954 1976 2165 2031 unctio.
2221 1975 2287 2031 Et
2327 1977 2533 2048 signari
2580 1979 2905 2047 prophetas,
2961 1977 3064 2031 hoc
3113 1983 3222 2039 est,
3256 1982 3574 2028 cessaturos

1952 2083 2077 2125 esse
2105 2079 2160 2125 et
2190 2069 2607 2126 coneludendos
2640 2071 2916 2142 praedixit.
2965 2068 3044 2123 Tu
3077 2078 3262 2122 autem
3305 2074 3358 2121 et
3388 2080 3572 2120 mura-

1951 2164 2080 2218 liter
2107 2162 2426 2231 paraboiam
2459 2177 2695 2231 expone,
2722 2170 2777 2217 et
2799 2176 2866 2217 ne
2893 2176 3016 2217 cum
3043 2159 3120 2215 sis
3146 2158 3320 2220 dives,
3349 2158 3401 2210 in
3429 2157 3573 2209 man

1955 2262 2198 2308 mentem
2234 2263 2382 2308 tuam
2435 2253 2746 2308 famelicam
2792 2263 3118 2322 praetereas.
3175 2262 3353 2317 neque
3385 2247 3573 2315 despi-

1947 2346 2064 2403 cias
2098 2346 2399 2403 inhumum
2448 2349 2753 2419 projectam
2785 2357 2862 2412 et,
2904 2362 3028 2402 cum
3059 2345 3206 2398 facta
3240 2344 3313 2396 sit
3362 2352 3419 2396 ut
3452 2355 3574 2396 sur-

1952 2456 2072 2496 sum
2105 2441 2313 2507 tendat,
2339 2451 2471 2496 ante
2524 2441 2671 2496 fores
2700 2441 3002 2510 iacentem,
3034 2438 3129 2492 sed
3169 2435 3423 2491 introduc
3450 2449 3572 2489 eam

1959 2535 2127 2599 intro,
2161 2545 2216 2591 et
2241 2549 2352 2590 non
2385 2545 2493 2589 stet
2522 2534 2677 2600 foris,
2703 2549 2803 2588 nec
2832 2543 3084 2602 vagetur,
3117 2544 3218 2584 nec
3240 2529 3445 2598 jaceat,
3477 2526 3575 2581 sed

1960 2634 2237 2696 operetur.
2283 2627 2349 2682 Et
2383 2628 2464 2682 sic
2518 2643 2578 2682 ea
2630 2641 2752 2697 quae
2792 2626 3013 2689 mentis,
3069 2621 3310 2694 operari,
3355 2633 3411 2676 et
3465 2633 3572 2674 non

1961 2719 2134 2774 solum
2166 2719 2223 2774 in
2251 2733 2419 2776 carne
2451 2719 2696 2776 deliciari
2732 2717 2961 2790 poteris.
2999 2715 3182 2772 Facile
3216 2713 3569 2770 fueritetiam

1962 2812 2066 2866 alia
2099 2827 2221 2883 quae
2249 2811 2308 2868 in
2336 2813 2440 2869 hac
2467 2813 2727 2886 parabola
2770 2820 2898 2868 sunt
2929 2809 2998 2864 ad
3029 2822 3242 2862 morum
3277 2804 3584 2861 utilitatem»

1963 2919 2254 2975 exponere.

241 2969 364 3024 ἀλλ’
401 2972 716 3043 ινεργείτω.
752 2976 942 3045 Οὕτως
987 2981 1099 3053 γὰρ
1140 2984 1208 3038 ἄν
1237 3001 1320 3040 σοι
1351 2987 1572 3062 ὑπάρξῃ
1641 2991 1702 3046 τὸ
1738 2997 1883 3052 κατὰ
1917 2969 2046 3053 νοῦν
2076 3001 2347 3071 ἐνεργεῖν,
2397 3001 2493 3054 καὶ
2561 3000 2637 3071 μὴ
2688 3002 2847 3072 μόνον
2899 3001 3046 3056 κατὰ
3096 3000 3278 3070 σάρκα
3331 3002 3570 3072 τρυφᾷν·

245 3061 358 3116 Καὶ
416 3065 466 3116 τ’
515 3064 651 3122 ἄλλα
701 3066 760 3122 δι
804 3068 908 3140 τῆς
956 3073 1282 3149 παραϐολῆς
1334 3079 1520 3151 ῥᾴδιον
1556 3061 1636 3147 εἰς
1673 3085 1840 3156 ἤθους
1879 3061 2539 3160 ὠφέλειανἐκλαύέσθαι.

867 3185 1124 3248 ΚΕΦΔΛ.
1161 3191 1263 3251 lZ'.

243 3287 794 3386 Hsfifo'tarudyou.
810 3300 959 3386 ἔδει
989 3302 1098 3384 {ei}
1129 3305 1379 3386 ρφξῖται
1411 3311 1518 3386 τᾲς
1548 3315 1842 3386 ἁμαρτίας

471 3366 786 3457 or:
803 3366 944 3457 ίζερί
960 3371 1073 3457 ζῇς
1088 3366 1353 3457 είς-’Θέερῖ
1378 3366 1840 3457 πίιῇεᾶξτίίεξῆ

317 3432 930 3526 Σῶκ-,δέῖιξ-ξεπρῶὶο.
1154 3432 1264 3526 τοᾷ
1294 3432 1838 3526 ζιηᾶὸῖ

317 3501 529 3570 θέντος
553 3506 699 3560 πότε
721 3501 956 3579 Epirum
989 3501 1497 3592 ἤβωὼιὶέζὶόῧ

322 3634 343 3669 ι
382 3613 514 3673 Εῐπε
554 3620 612 3677 δὲ
662 3624 800 3695 πρὸς
843 3628 973 3693 τοὺς
1025 3632 1302 3704 μαθητὰς,
1354 3638 1676 3698 ἀνένδεκτόν
1724 3647 1842 3701 ἐστι

239 3707 342 3809 τοῦ
382 3710 459 3809 μη
489 3712 666 3769 ιλθεῖν
690 3717 759 3772 τὰ
789 3721 1087 3789 σκάνδαλα,
1114 3729 1239 3783 οὐαὶ
1279 3730 1334 3786 δὲ
1367 3733 1436 3786 δι’
1461 3730 1523 3790 οὗ
1558 3737 1837 3809 ἔρχονταιο

240 3797 519 3901 λυσιτελεῖ
544 3805 695 3878 αὐτῷ
722 3810 772 3863 εί
823 3811 993 3881 μύλος
1031 3817 1213 3883 ὀνικὸς
1246 3824 1554 3894 περίκειται
1592 3797 1724 3901 ἓτέρι
1752 3832 1842 3887 τὸν

240 3893 517 3997 τράχηλον
541 3897 731 3968 αὑτοῦ,
788 3905 882 3957 xci.
913 3905 1173 3980 ἔρριπται
1205 3915 1285 3979 είς
1459 3893 1759 3990 θάλασσαν,
1806 3927 1841 3997 ἢ

243 3985 334 4038 ἵνα
373 3989 707 4067 σκανδαλίσῃ
740 3994 836 4050 ἕνα
871 3998 983 4054 τῶν
1017 4005 1232 4074 μικρῶν
1267 3985 1494 4065 τούτων.
1533 3985 1842 4088 Προσέχετε

242 4078 481 4174 ἑαυτλς.
529 4083 656 4137 Ἐὰν
685 4086 743 4139 δὲ
776 4089 1002 4165 ἁμάρτῃ
1032 4095 1113 4157 είς
1148 4096 1207 4149 σὲ
1250 4100 1278 4152 6
1309 4100 1538 4171 ἀδελφός
1575 4078 1690 4174 σου,
1717 4078 1843 4164 ’ἐπι-

241 4170 476 4240 τίμησον
519 4175 692 4248 αὐτῷ’
727 4180 823 4233 καὶ
853 4183 949 4236 ἐὰν
980 4191 1314 4262 μετανοήσῃ,
1351 4170 1489 4262 ἄφες
1540 4170 1712 4268 αὑτῶ,
1750 4204 1844 4256 καὶ

244 4263 344 4316 ἐὰν
404 4266 636 4333 ἑπτάκις
686 4272 784 4343 τῆς
835 4275 1051 4348 ἡμέρας
1111 4280 1426 4356 ἁμαρτήσει
1478 4292 1558 4354 εἰς
1609 4263 1706 4358 σέ,
1748 4298 1843 4349 καὶ

241 4359 475 4456 ἑπτάκις
506 4361 821 4456 ἑπιστρέψῃ
851 4370 930 4432 είς
948 4371 1027 4437 σε,
1059 4371 1254 4443 λέγων,
1287 4379 1575 4448 Μετανοῶ,
1607 4387 1843 4456 ἀφήσεις

241 4447 418 4520 αὐτῷ.
455 4471 474 4504 ι
539 4452 759 4530 Ἐπειδὴ
791 4459 840 4511 oi
869 4460 1179 4535 Φαρισαῖοι,
1214 4468 1613 4544 φιλοχρήματοι
1658 4447 1840 4547 δντες,

239 4543 595 4616 διεγόγγυζον
645 4551 790 4605 κατὰ
850 4554 946 4608 τοῦ
994 4557 1207 4628 Κυρίου
1257 4562 1389 4633 περὶ⁵
1447 4543 1842 4643 άκτημοσύνης

238 4635 516 4706 λέγοντος,
564 4639 688 4697 εἷπε
739 4644 840 4716 μὲν
880 4647 974 4701 καὶ
1013 4650 1110 4721 τὴν
1139 4651 1236 4704 τοῦ
1269 4654 1530 4711 πλουσίου
1579 4635 1698 4715 -καὶ
1745 4635 1840 4716 τού

238 4728 491 4801 Λαζάρου
522 4734 868 4806 παραϐολὴν,
899 4737 1164 4794 δεικνύων
1186 4743 1372 4800 αὐτοῖς
1400 4746 1491 4801 διὰ
1512 4749 1722 4823 ταύτης
1748 4753 1840 4809 οἵα

235 4817 435 4886 αὐτοὺς
467 4823 688 4891 κόλασις
723 4828 1002 4896 ἐκδέξεται
1032 4832 1124 4886 διὰ
1171 4836 1234 4888 τὸ
1263 4837 1643 4906 φιλόπλουτον.
1673 4817 1839 4914 λέγει

234 4910 305 5004 Gt—
329 4910 517 4967 λοιπὸν
549 4917 644 4970 καὶ
691 4919 831 4991 πρὸς
863 4922 992 4987 τοὺς
1030 4923 1284 4997 μαθητὰς
1335 4933 1429 4985 καὶ
1478 4935 1608 5004 περὶ
1656 4910 1842 4992 αὐτῶν

235 5001 349 5100 τῶᾳν
382 5005 713 5077 Φαρισαίων,
753 5007 1230 5089 σκανδαλουργοίἱς
1278 5001 1565 5095 ἐμφαίνων
1613 5030 1838 5100 αὐτοὺς,

240 5093 347 5164 καὶ
384 5097 725 5167 ιμποδιστὰς
753 5104 854 5174 τῆς
903 5107 1055 5173 θείας
1085 5111 1230 5178 ὁδοῦ,
1265 5093 1358 5168 καὶ
1389 5117 1476 5171 διὰ
1506 5118 1668 5173 τοῦτο
1710 5093 1837 5176 οὐαί

235 5185 426 5254 αὐτοῖς
449 5192 800 5266 ἀποκληρῶν.
836 5199 901 5252 Τί
925 5197 1020 5254 οὖν
1062 5219 1262 5273 φησιν,
1317 5205 1541 5278 ἴδωμεν.
1588 5212 1832 5265 Ἀνένδε-

235 5278 369 5335 κτόν
418 5282 537 5337 ἑστι
588 5285 664 5358 μὴ
718 5289 899 5346 ἐλθεῖν
926 5293 997 5347 τὰ
1051 5295 1348 5365 σκάνδαλα,
1391 5301 1517 5355 οὐαὶ
1566 5304 1621 5355 δὲ
1674 5303 1742 5357 δι’
1772 5301 1833 5359 οὗ

233 5370 480 5441 ἔρχεται,
531 5380 856 5448 τουτέστιν,
909 5385 1177 5442 ἀδύνατόν
1230 5391 1348 5443 ἐστι
1408 5392 1484 5463 μὴ
1535 5394 1714 5449 ἐλθεῖν
1764 5399 1834 5452 τὰ

233 5463 532 5555 υκάνδαλα,
580 5470 701 5540 ἦτοι
731 5473 800 5527 τὰ
831 5475 1136 5548 κωλύματα
1176 5484 1278 5552 τῆς
1320 5483 1536 5555 ἀγαθῆς
1567 5490 1660 5540 aut
1711 5488 1832 5543 θεο-

233 5554 427 5649 φιλοῦς
459 5559 761 5629 πολιτείας.
824 5567 1068 5639 ’Δνάγκη
1094 5574 1203 5645 γὰρ
1231 5574 1320 5628 διά
1363 5569 1463 5645 τὴν
1489 5554 1694 5649 πολλὴν
1723 5582 1833 5635 τῶν

232 5648 540 5722 ἀνθρώπων
566 5660 834 5731 πονηρίαν
861 5662 1164 5734 κωλύματα
1204 5669 1378 5724 πολλὰ
1407 5672 1503 5725 τοῦ
1535 5672 1834 5745 κηρύγμα-

1877 3210 1926 3273 C

2531 3208 2764 3266 CAPUT
2802 3209 2970 3266 XVII.

1943 3322 2334 3400 Dejca‘nftalo.
2371 3325 2529 3400 Quod
2553 3329 2871 3400 remittenda
2896 3331 3000 3384 sint
3033 3331 3292 3400 proximis
3324 3343 3560 3399 peccata.

2019 3392 2096 3448 De
2127 3393 2232 3460 ﬁde
2275 3397 2330 3448 in
2357 3395 2552 3466 Deum.
2593 3397 2669 3451 De
2699 3400 2876 3453 decem
2907 3392 3150 3466 leprosia.
3196 3402 3273 3455 De
3299 3392 3431 3456 Iesu
3483 3404 3570 3457 in-

2020 3472 2307 3534 terrogato,
2338 3464 2696 3531 Quandonam
2730 3464 3004 3524 venturum
3038 3473 3102 3526 sit
3126 3488 3343 3542 regnum
3372 3473 3492 3529 Dei.

2021 3650 2189 3708 Vens.
2243 3651 2358 3709 1-4.
2411 3673 2430 3706 ι
2487 3655 2636 3712 Dixit
2663 3669 2847 3712 autem
2892 3661 2958 3712 ad
3009 3660 3310 3728 discipulos
3357 3677 3368 3714 :
3419 3660 3564 3715 Fie:i

1947 3757 2056 3798 non
2095 3753 2275 3813 potest
2319 3747 2452 3816 quin
2484 3749 2706 3804 veniant
2732 3749 3100 3819 otl‘endicula;
3139 3768 3219 3808 vae
3253 3764 3435 3807 tamen
3489 3753 3566 3810 illi

1948 3849 2046 3904 per
2072 3851 2236 3905 quem
2269 3838 2515 3895 veniunt.
2550 3841 2789 3915 Expedit
2831 3844 2905 3898 illi
2952 3847 2996 3898 si
3034 3847 3174 3899 mola
3203 3849 3441 3901 asinaria
3470 3864 3564 3918 po-

1949 3937 2112 3982 natur
2141 3931 2286 3985 circa
2321 3931 2521 3987 collum
2549 3934 2689 4005 ejus,
2716 3947 2770 3990 et
2798 3942 3076 4007 projectus
3103 3937 3267 3993 fuerit
3298 3941 3349 3993 in
3387 3957 3561 4007 mare,

1948 4021 2128 4088 potius
2170 4037 2332 4092 quam
2367 4035 2427 4079 ut
2456 4024 2790 4084 offendiculo
2820 4030 2894 4083 sit
2939 4031 3028 4083 uni
3061 4031 3130 4085 de
3166 4031 3378 4101 pusillis
3414 4033 3557 4090 istis.

1948 4110 2152 4180 Cavete
2182 4115 2353 4170 vobis.
2390 4115 2448 4171 Si
2489 4121 2800 4187 peccaverit
2853 4123 2908 4176 in
2956 4133 3006 4177 te
3053 4121 3223 4179 frater
3274 4134 3424 4190 tuus,
3479 4128 3564 4181 in-

1949 4216 2112 4272 crepa
2154 4203 2304 4258 illum
2346 4223 2359 4258 :
2404 4217 2459 4261 et
2500 4207 2546 4263 si
2602 4210 2946 4278 pmnituerit,
3000 4216 3219 4270 remitte
3259 4216 3356 4270 illi.
3402 4217 3470 4272 Et
3514 4221 3562 4274 si

1951 4293 2159 4362 septies
2187 4297 2242 4350 in
2270 4296 2359 4353 die
2394 4301 2707 4366 peccaverit
2736 4301 2791 4355 in
2824 4313 2896 4361 te.
2921 4315 2975 4357 et
3001 4306 3203 4373 septies
3231 4307 3284 4361 in
3317 4310 3403 4364 die
3433 4325 3564 4365 con-

1950 4398 2143 4440 versus
2179 4386 2344 4442 fuerit
2392 4392 2458 4445 ad
2499 4401 2571 4457 te,
2610 4393 2821 4460 dicens,
2871 4394 3108 4451 Paenitet
3171 4414 3259 4454 Inc
3291 4417 3305 4453 :
3343 4403 3566 4458 remitte

1952 4475 2103 4530 illi.)
2166 4479 2438 4546 Quoniam
2502 4481 2768 4540 Pharisaei
2826 4490 2982 4542 avari
3068 4492 3563 4550 obmurmurabant

1874 4553 1921 4609 Ῑ)
1949 4577 2142 4624 contra
2172 4570 2465 4629 Dominum
2501 4576 2567 4631 de
2603 4587 2927 4648 paupertate
2976 4581 3314 4664 loquentem,
3363 4587 3561 4657 quibus

1946 4671 2002 4717 et
2037 4665 2353 4733 parabolam
2386 4668 2523 4722 dixit
2561 4670 2627 4725 de
2669 4671 2835 4727 divite
2880 4682 2936 4729 et
2980 4673 3209 4744 Lazaro,
3261 4681 3560 4736 ostendens

1946 4756 2027 4810 eis
2077 4772 2177 4827 per
2220 4757 2395 4827 illam,
2448 4772 2652 4832 quanta
2690 4775 2915 4834 propter
2949 4782 3194 4823 amorem
3241 4769 3557 4826 divitiarum

1946 4847 2211 4916 supplicia
2242 4853 2459 4919 passuri
2504 4864 2633 4908 sunt
2664 4873 2678 4909 :
2711 4855 2843 4910 dicit
2877 4873 3024 4913 nunc
3055 4858 3122 4913 ad
3159 4861 3459 4930 discipulos
3493 4864 3559 4919 de

1947 4938 2139 4995 iisdem
2186 4940 2504 5012 Pbarisaeis,
2548 4949 2910 5006 manifestans
2962 4967 3058 5007 eos
3111 4966 3236 5009 esse
3266 4956 3557 5011 seandalo-

1945 5045 2066 5086 rum
2099 5041 2376 5101 auctores,
2409 5047 2464 5092 et
2495 5038 2860 5110 impedientes
2892 5059 2924 5098 a
2953 5044 3038 5097 via
3065 5044 3183 5111 Dei,
3219 5055 3271 5099 et
3307 5059 3560 5117 propter-

1946 5140 2009 5180 ea
2037 5140 2118 5181 va
2149 5127 2229 5182 eis
2264 5128 2638 5198 indigentium.
2666 5131 2964 5191 Videamus
3012 5139 3178 5207 igitur
3204 5139 3333 5208 quid
3364 5142 3511 5195 dicat
3541 5162 3553 5197 :

1948 5213 2090 5272 Fieri
2135 5234 2241 5277 non
2285 5231 2468 5290 potest
2498 5235 2556 5279 ut
2586 5241 2692 5281 non
2733 5229 2996 5284 eveniant
3036 5231 3319 5295 scandala,
3352 5234 3429 5304 (a)
3479 5253 3556 5290 va:

1940 5317 2124 5364 autem
2170 5311 2248 5364 illi
2307 5329 2403 5382 per
2438 5329 2600 5384 quem
2653 5318 2885 5373 veniunt
2934 5339 2946 5374 :
3003 5322 3215 5376 scilicet
3269 5323 3386 5378 ﬁeri
3447 5342 3552 5382 non

1941 5412 2117 5471 potest
2165 5413 2224 5459 ut
2273 5421 2378 5461 non
2434 5411 2659 5466 veniant
2698 5414 2978 5480 scandala,
3019 5417 3120 5472 hoc
3166 5428 3266 5481 est,
3320 5418 3551 5489 impedi-

1943 5506 2125 5549 menta
2177 5498 2331 5553 bona:
2383 5501 2602 5571 Deoque
2663 5507 2877 5574 placitae
2926 5511 3068 5564 vitm.
3119 5510 3357 5566 Necesse
3405 5515 3550 5568 enim

1941 5599 2160 5658 prOpter
2195 5593 2420 5647 multam
2468 5598 2749 5652 hominum
2800 5602 3065 5656 malitiam
3101 5605 3268 5658 multa
3319 5607 3572 5674 impedi-‘

1945 5690 2128 5735 menta
2160 5685 2567 5750 prwdieationis
2599 5700 2652 5745 et
2677 5695 2924 5748 veritatis
2959 5695 3208 5750 inveniri.
3247 5695 3336 5750 Va:
3368 5710 3549 5753 autem

307 5832 384 5905 (α)
406 5832 547 5893 Edit.
588 5838 714 5897 Lut.
751 5843 956 5915 omisit,
990 5863 1064 5904 ιω
1091 5859 1266 5905 autem
1305 5851 1382 5906 illi
1413 5869 1505 5924 per
1552 5874 1706 5926 quem
1753 5860 1964 5915 veniunt
2001 5880 2014 5916 .'
2050 5863 2249 5918 scilicet
2273 5866 2515 5934 ﬁerine"
2551 5884 2718 5940 μοίεδι
2779 5882 2966 5928 utnon
3013 5877 3222 5930 veniunt
3270 5881 3550 5937 scandala.
