4228 6428
732 416 842 481 983

1658 414 2243 477 THEOPHYLAC’I‘I
2287 415 2700 477 BULGARI/E
2740 413 3097 475 ARCHIEP.

3889 405 4002 469 984

737 530 809 582 illi
842 542 935 597 per
956 541 1114 596 quem
1154 528 1392 593 veniunt,
1415 528 1467 581 id
1490 537 1594 592 est,
1628 526 1704 582 illi
1732 528 1820 596 qui
1849 542 1912 582 ea
1946 526 2094 591 facil,
2122 526 2301 595 quales

2414 546 2503 591 τος
2562 527 2654 581 καὶ
2686 526 2785 596 τῆς
2816 525 3076 596 ἀληθείας
3097 520 3407 593 εὑρεθῆναι·
3444 517 3584 589 πλὴν
3614 518 3729 572 ἀλλ’
3764 518 3895 572 οὐαὶ
3924 520 4007 589 τῷ

733 626 861 675 sunt
883 616 1273 685 Pbarisaaiﬁqui
1292 616 1571 673 oﬂ‘endunt
1590 626 1643 672 et
1671 617 1953 681 prohibent
1968 616 2308 684 praedicatio-

733 723 877 762 nem.
921 707 995 778 (a)
1022 708 1091 761 At
1133 707 1379 777 plerique
1446 708 1827 762 addubitantes
1882 713 2155 775 quarunt,
2181 720 2305 759 num

733 812 953 852 necesse
990 797 1079 859 sit,
1121 800 1378 852 eveniant
1404 797 1680 864 scandala,
1712 814 1832 867 qua:
1867 796 2306 865 pmdicationem

732 902 953 955 prorsus
987 886 1148 960 423
1187 889 1504 957 impediunt.
1539 887 1717 954 Quare
1754 887 1919 957 igitur
1949 887 2304 951 condemnas,

732 977 975 1043 Domine,
998 991 1052 1033 et
1071 982 1299 1035 miseros
1316 980 1450 1035 dicis
1473 995 1565 1034 eos
1595 980 1954 1050 quiscandala
1985 978 2305 1035 faciuntlex

733 1071 1057 1125 necessitate
1086 1073 1229 1125 enim
1261 1072 1395 1126 tales
1420 1072 1549 1127 facti
1575 1081 1720 1127 sunt.
1747 1071 1920 1126 Omne
1951 1078 2130 1126 autem
2162 1071 2305 1141 quod

732 1160 1270 1225 necessarium,.hoc
1300 1170 1355 1215 et
1383 1162 1535 1215 venia
1576 1161 1825 1231 dignum.
1873 1160 1979 1216 Sed
2003 1161 2125 1214 audi
2160 1160 2303 1229 quod

726 1252 1026 1307 necessitas
1065 1253 1150 1306 illa
1194 1268 1259 1309 ex
1292 1254 1571 1309 voluntate
1622 1255 1786 1309 habet
1844 1254 2053 1308 initium
2089 1271 2103 1319 ;
2144 1262 2221 1318 et,
2249 1264 2305 1306 ut

733 1343 1051 1411 explicatius
1084 1346 1256 1400 dicam
1295 1386 1310 1410 ,
1374 1344 1638 1401 Dominus
1688 1347 1879 1400 videns
1916 1344 2177 1399 malitiam
2210 1346 2307 1399 ho-

728 1434 931 1488 minum
962 1436 1052 1502 qui
1086 1439 1221 1489 tunc
1244 1444 1397 1489 erant
1431 1453 1445 1489 :
1486 1437 1640 1506 proni
1677 1438 1820 1491 enim
1869 1446 2026 1491 erant
2059 1437 2111 1491 in
2143 1452 2304 1493 omne

725 1528 949 1593 malum,
976 1527 1219 1597 nihilque
1265 1527 1389 1583 boni
1422 1528 1690 1598 eligebant
1735 1529 1919 1584 :dicit
1964 1530 2105 1600 quod
2130 1543 2303 1599 quan-

728 1627 840 1670 tum
876 1617 942 1670 ad
975 1618 1416 1686 consequentiam
1467 1633 1654 1673 eorum
1716 1634 1837 1688 qua:
1892 1618 2166 1684 videntur,
2203 1634 2304 1674 ne-

725 1719 875 1761 cesse
923 1707 991 1761 sit
1032 1707 1217 1761 venire
1252 1707 1527 1761 scandala.
1578 1708 1781 1763 Malitia
1839 1710 2004 1778 igitur
2059 1710 2145 1763 cui
2184 1717 2301 1764 stu-

723 1798 851 1851 dent
905 1798 1172 1865 bomines,
1225 1813 1291 1854 ex
1344 1800 1622 1855 voluntate
1651 1810 1752 1856 est.
1805 1800 2062 1871 Operatio
2118 1811 2297 1857 autem

722 1887 1171 1944 oﬂendiculorum
1211 1892 1523 1946 necessario
1571 1893 1827 1947 malitiam
1875 1895 2168 1947 comitatur
2202 1912 2214 1946 :
2248 1903 2301 1947 et
2333 1884 2373 1937 Β

723 1979 794 2033 ita
828 1990 1049 2049 propter
1070 1984 1170 2037 hoc
1212 1992 1265 2037 et
1291 1985 1543 2051 puniendi
1592 1995 1718 2038 sunt
1753 1984 2133 2039 scandalorum
2170 2000 2289 2039 auc-

723 2083 890 2127 tores.
920 2072 985 2127 Et
1014 2088 1109 2144 age
1141 2074 1383 2129 dicamus
1418 2078 1689 2145 exempla.
1736 2076 1939 2131 Videns
1990 2078 2295 2148 quempiam

687 2165 963 2221 'tuedicus
1017 2168 1210 2221 malam
1262 2167 1475 2222 dianam
1557 2183 1779 2224 servare
1832 2180 1886 2224 et
1935 2170 2295 2225 insatiabilem

721 2271 864 2323 esse,
888 2259 1019 2315 dicit
1047 2276 1060 2313 :
1099 2259 1475 2316 Necessarium
1502 2271 1583 2317 est
1628 2263 1778 2317 illum
1807 2273 2094 2333 aegrotare.
2159 2262 2295 2317 Num

722 2348 887 2418 igitur
940 2350 1162 2405 morbus
1213 2353 1598 2407 necessarius?
1652 2353 1854 2418 Etiam,
1912 2364 2182 2423 quatenus
2232 2356 2297 2408 ad

723 2440 876 2495 malae
906 2443 1079 2497 dimtae
1106 2445 1569 2499 consecutionem.
1626 2444 1916 2513 Propterea
1954 2460 2033 2499 va:
2067 2446 2151 2502 his
2207 2446 2296 2515 qui

722 2530 1161 2601 praedicationem
1193 2533 1513 2601 impediunt,
1550 2548 1615 2589 eo
1640 2534 1782 2604 quod
1829 2536 1887 2588 in
1922 2544 2129 2589 tantam
2170 2550 2295 2605 per—

721 2632 982 2676 venerunt
1022 2623 1307 2688 malitiam,
1352 2634 1411 2678 ut
1459 2624 1623 2679 etiam
1681 2627 2001 2681 necessario
2045 2626 2298 2682 eveniant

719 2714 995 2769 scandala.
1033 2715 1096 2769 Et
1131 2716 1411 2783 expediret
1453 2717 1625 2787 magis
1662 2717 1870 2772 homini
1928 2717 2184 2773 scandala
2243 2728 2299 2773 et

720 2800 1043 2858 offendicula
1074 2804 1298 2859 facienti
1360 2806 1552 2861 molam
1589 2807 1883 2863 asinariam
1918 2809 1972 2862 in
2020 2807 2159 2863 collo
2180 2808 2301 2878 ejus

719 2893 975 2962 appendi,
1010 2904 1063 2946 et
1094 2894 1284 2964 projici
1323 2910 1445 2950 eum
1497 2896 1548 2950 in
1582 2911 1756 2963 mare,
1800 2912 1962 2967 quam
2015 2904 2180 2973 unum
2232 2913 2297 2953 ex

718 2984 931 3053 pusillis
961 2984 1209 3041 ﬁdelibus
1243 2987 1605 3042 scandalizari
1648 2998 1701 3043 et
1728 2991 1993 3045 subverti.
2022 2990 2148 3046 Ideo
2180 3005 2299 3046 mu-

719 3076 797 3128 nit
826 3076 1122 3145 discipulos
1153 3091 1301 3141 suos,
1338 3088 1391 3131 et
1418 3078 1585 3135 dicit:
1642 3078 1843 3135 Cavete
1898 3085 2073 3137 vobis.
2133 3082 2294 3149 Ecce,

718 3169 915 3238 inquit,
949 3170 1185 3240 praedico
1225 3171 1376 3226 vobis
1405 3173 1549 3241 quod
1593 3175 1810 3229 venient
1864 3176 2024 3241 mala,
2072 3176 2296 3230 inexcu-

2414 622 2479 676 δι⁹
2506 615 2568 675 οὖ
2598 620 2868 689 ἔρχονται,
2898 612 2979 688 τῷ
3004 615 3212 687 ἐργάτῃ
3232 613 3464 675 τούτων,
3494 606 3596 664 οἷοι
3624 613 3673 663 οί
3700 612 4003 681 Φαρισαῖοι

2415 711 2876 775 σκανδαλίζοντες,
2918 709 3015 764 καὶ
3062 707 3363 767 κωλύοντες
3396 703 3457 758 τὸ
3504 704 3795 773 κήρυγμα.
3827 704 4005 756 Ἀλλά

2414 805 2636 875 ζητοῦσι
2670 802 2856 856 πολλοὶ
2890 798 3318 876 ἑπαποροῦντες,
3369 799 3418 850 si
3458 796 3676 863 ἀνάγκη
3706 794 3891 848 ἐλθεῖν
3934 794 4005 847 τὸ.

2414 897 2707 961 σκάνδαλα,
2727 896 2817 947 καὶ
2841 893 3101 947 ἀδύνατον
3118 889 3193 960 μὴ
3210 886 3605 959 eammeam
3622 886 3685 939 τὸ
3700 888 4002 956 κήρυγμα,

2408 990 2498 1042 διά
2528 992 2579 1041 τί
2606 988 2791 1041 λοιπὸν
2830 984 3202 1054 κατακρίνεις,
3247 976 3311 1033 ὦ·
3339 979 3533 1047 Κύριε,
3565 978 3656 1032 καὶ
3682 977 4006 1040 ταλανίζεις

2409 1082 2537 1146 τοὺς
2566 1080 2674 1134 τῶν
2704 1077 3019 1133 σκανδάλων
3051 1074 3286 1145 ἐργάτας
3314 1089 3328 1137 ;
3361 1071 3420 1136 ἐξ
3443 1070 3690 1138 ἀνάγκης
3731 1068 3846 1138 γάρ
3872 1066 4004 1135 ἐγέ-

2410 1192 2562 1229 νοντο
2626 1171 2879 1233 τοιοῦτοι,
2921 1170 3033 1222 πᾶν
3087 1167 3145 1221 δὲ
3188 1166 3249 1219 τὸ
3270 1161 3678 1231 ἀναγκαστικδν
3709 1160 3812 1212 καὶ
3870 1175 4008 1225 συγ-

2410 1267 2669 1335 γνωττόν.
2720 1262 2859 1316 Ἀλλ’
2899 1264 3064 1316 ἄκουε
3104 1259 3187 1313 δτι
3215 1260 3247 1328 ἡ
3278 1256 3507 1323 ἀνάγκη
3534 1252 3673 1321 αὕτη
3708 1255 3776 1305 ἐκ
3804 1267 4004 1319 προαιι

2412 1361 2618 1431 ρέσεως
2669 1356 2783 1427 ἔχει
2823 1355 2923 1423 τὴν
2958 1350 3154 1422 ἀρχὴν,
3211 1345 3326 1402 οἷόν
3386 1363 3439 1399 τι
3471 1344 3634 1412 λέγω,
3697 1345 3725 1395 6
3790 1343 4003 1410 Κύριος

2406 1454 2549 1524 ὀρῶν
2597 1451 2696 1523 τὴν
2744 1445 3009 1519 πονηρίαν
3039 1443 3149 1497 τῶν
3176 1442 3294 1496 τότε
3328 1436 3658 1511 ἀνθρώπων,
3694 1434 3797 1488 καὶ
3845 1436 4000 1496 ὅπως

2406 1566 2686 1632 ἐγκεινται
2718 1562 2810 1614 ἐπὶ.
2845 1560 2905 1613 τὸ
2930 1556 3189 1628 πονηρὸν,
3233 1555 3329 1608 καὶ
3371 1551 3523 1606 οὐδὲν
3563 1547 3776 1616 ἀγαθὸν
3805 1562 4002 1613 προαι-

2410 1656 2654 1728 ροῦνται,
2700 1649 2875 1718 εἶπεν,
2934 1651 3016 1703 ὅτι
3074 1650 3196 1703 ὅσον
3226 1645 3335 1701 ἀπὸ
3378 1643 3480 1714 τῆς
3526 1638 3855 1696 ἀκολουθίας
3890 1635 4001 1686 τῶν

2404 1727 2697 1819 δρωμένων
2725 1745 2940 1814 ἀνάγκη
2975 1741 3122 1795 ἐστὶν
3153 1739 3327 1792 ἐλθεῖν
3347 1736 3416 1790 τὰ
3442 1733 3738 1788 σκάνδαλα.
3800 1729 3865 1781 Ἦ
3898 1727 4000 1796 μὲν

2405 1839 2496 1897 οὖν
2532 1839 2787 1910 πονηρία,
2829 1839 2894 1907 ἦν
2920 1830 3310 1903 ἐπετηδεύοντο
3358 1830 3405 1881 οί
3433 1825 3737 1897 ἄνθρωποι,
3765 1824 3831 1874 ἐκ
3860 1836 4001 1889 προ-

2402 1932 2690 2003 αιρέσεως,
2727 1928 2841 1998 ἡδὲ
2870 1925 2975 1980 τῶν
3010 1922 3323 1977 σκανδάλων
3356 1918 3591 1989 ἐργασία
3631 1916 3698 1967 ἐκ
3739 1912 3845 2003 τῆς
3901 1925 4000 2003 πο·

2403 1999 2596 2091 νη-ρίας
2643 2015 2958 2084 ἀναγκαίως
3005 2009 3465 2082 ἐπηκολούθησεν,
3520 2003 3660 2057 ὥστε
3716 2002 3808 2054 διά
3836 1999 4000 2091 τούτο

2404 2115 2497 2165 καὶ
2522 2109 2800 2164 κολαστέοι
2851 2110 2899 2160 οἱ
2923 2106 3031 2159 τῶν
3061 2102 3374 2157 σκανδάλων
3403 2098 3655 2169 ἐργάται.
3705 2094 3816 2156 Ὡς,
3860 2090 3999 2158 φέρε

2402 2208 2579 2260 εἰπεῖν
2630 2206 2722 2258 ἐπὶ
2760 2200 3183 2269 ὐποδείγματος,
3235 2193 3416 2262 ἰατρὸς
3451 2190 3592 2261 ὀρῶν
3616 2204 3743 2239 τινα
3786 2182 4000 2254 μοχθη-

2408 2301 2514 2371 ρώς
2560 2296 2936 2366 διαιτώμενον,
2979 2293 3073 2344 καὶ
3128 2287 3403 2357 ἀπληστία
3458 2285 3767 2371 χρώμενον,
3803 2277 3994 2371 εἷπον

2416 2391 2740 2462 Ἀναγκαῖον
2774 2390 2887 2442 ἐστι
2944 2386 3133 2440 τοῦτον
3173 2381 3419 2450 νοσῆσαι.
3462 2372 3593 2446 'Ap‘
3631 2370 3727 2426 οὖν
3762 2373 3794 2441 ἡ
3840 2369 4001 2429 νόσος

2401 2488 2703 2557 ἀναγκαία;
2732 2483 2859 2548 Ναὶ,
2892 2482 3015 2533 ὅσον
3040 2477 3147 2532 ἀπὸ
3172 2479 3269 2547 τῆς
3294 2468 3613 2531 ἀκολουθίας
3644 2468 3745 2537 τῆς
3784 2465 4000 2535 μοχθη-

2402 2583 2503 2652 ρᾶς
2537 2578 2767 2647 διαίτης.
2834 2576 2931 2629 Διά
2990 2572 3151 2626 τοῦτο
3204 2567 3328 2621 οὐαὶ
3371 2568 3481 2626 τοῖς
3515 2562 3885 2652 ἐμποδίζουσι
3921 2558 4001 2628 τῷ

2402 2650 2745 2744 κηρύγματι,
2780 2668 2913 2721 διότι
2961 2665 3041 2727 είς
3069 2660 3329 2714 τοσοῦτον
3356 2656 3565 2717 ’κακίας
3596 2650 3796 2724 ¹ἦλθον,
3850 2650 4000 2701 ὥστε

2378 2743 2645 2836 ’ἀνάγκην
2698 2762 2952 2833 γενέσθαι
2980 2757 3072 2811 τοῦ
3097 2755 3273 2808 ἐλθεῖν
3302 2752 3373 2805 τὰ
3409 2747 3703 2803 σκάνδαλα.
3738 2744 3855 2799 Kal.
3888 2743 4001 2810 γὰρ

2405 2877 2679 2947 συμφέρει
2742 2872 2819 2943 τῷ
2872 2866 3146 2941 ἀνθρώπῳ
3183 2864 3261 2935 τῷ
3295 2860 3566 2915 σκάνδαλα
3608 2860 3706 2911 καὶ
3755 2854 4000 2925 ἐμπόδια

2405 2970 2650 3024 ποιοῦντι
2697 2966 2867 3037 μύλον
2923 2961 3103 3015 ὀνικδν
3166 2955 3546 3029 περιτεθῆναι,
3584 2951 3681 3004 καὶ
3724 2947 4001 3019 βληθῆναι

2400 3065 2481 3127 είς
2517 3061 2617 3131 τὴν
2646 3058 2942 3120 θάλασσαν,
2980 3053 3012 3123 ἢ
3056 3052 3153 3105 ἕνα
3181 3049 3291 3104 τῶν
3333 3044 3546 3118 μικρῶν
3582 3040 3793 3096 πιστῶν
3822 3056 3999 3091 σκαν-

2398 3154 2609 3209 δαλίσαι
2646 3153 2740 3206 καί⁵
2805 3146 3157 3219 περιτρέψαι.
3192 3142 3284 3195 Διὸ
3329 3137 3693 3209 άσφαλίζεται
3722 3135 3853 3195 τοὺς
3894 3150 4001 3201 μα·

716 3260 913 3316 sabiles
942 3263 1092 3317 estis.
1146 3261 1528 3319 Necessarium
1573 3266 1717 3320 enim
1772 3276 1829 3319 ut
1888 3268 2108 3323 veniant
2173 3268 2291 3333 illa,

2403 3248 2592 3321 θητάς,
2625 3245 2718 3300 καί
2783 3260 2946 3315 φησι·
3006 3238 3311 3311 Προσέχετε
3361 3234 3595 3295 ἑαυτοῖς.
3640 3227 3999 3333 Ἰδοὺ,.ιρησὶ,

718 3364 823 3403 non
855 3365 1074 3407 necesse
1108 3361 1289 3406 autem
1324 3369 1420 3410 vos
1464 3355 1664 3425 perire,
1701 3357 1746 3412 si
1779 3360 1994 3427 quidem
2050 3359 2297 3415 munive-

711 3442 836 3497 ritis
858 3451 912 3497 et
943 3444 1287 3499 armaveritis
1321 3460 1437 3500 vos.
1480 3444 1863 3503 Necessarium
1896 3452 2040 3504 enim
2076 3462 2162 3506 est
2207 3465 2297 3505 ve-

715 3534 831 3587 nire
860 3534 1065 3603 lupum,
1092 3535 1186 3589 sed
1222 3536 1266 3589 si
1303 3535 1605 3606 vigilaverit
1632 3547 1844 3607 pastor,
1880 3554 1985 3595 non
2039 3555 2293 3597 necessa-

714 3628 855 3682 rium
885 3638 965 3683 est
998 3630 1176 3697 perire
1206 3643 1366 3698 oves,
1420 3630 1515 3687 sed
1552 3632 1711 3702 lupus
1748 3630 1949 3689 frustra
1992 3634 2149 3689 hians
2180 3636 2297 3691 abi-

718 3720 815 3775 bit.
850 3720 992 3775 Dixit
1022 3721 1187 3791 igitur
1222 3724 1336 3777 haec
1359 3724 1425 3778 de
1456 3723 1543 3779 his
1577 3725 1670 3793 qui
1708 3723 2009 3791 oﬂ'endunt,
2044 3725 2147 3781 hoc
2188 3736 2293 3789 est,

713 3812 1014 3879 impediunt
1045 3822 1101 3866 et
1130 3824 1351 3868 nocent.
1380 3814 1646 3881 Quoniam
1679 3825 1861 3871 autem
1886 3816 2073 3871 multa:
2102 3817 2295 3873 horum

712 3900 1029 3958 diﬂ‘erentiae
1085 3921 1099 3958 :
1156 3920 1279 3959 nam
1342 3906 1431 3959 alii
1488 3907 1709 3976 quidem
1782 3919 1913 3964 sunt
1951 3908 2295 3977 incurabiles,

714 3995 902 4064 quales
934 3994 1245 4061 Pbariszei‘,
1281 3997 1370 4051 alii
1406 4014 1535 4054 vero
1556 3999 1850 4065 sanabiles,
1874 4000 2066 4070 quales
2097 4001 2297 4057 fratres

699 4085 931 4143 .Domini
986 4102 1114 4157 erga
1169 4087 1456 4144 Dominum
1500 4091 1729 4160 ipsum:
1794 4107 1921 4146 nam
1967 4107 2143 4163 neque
2196 4095 2296 4163 ipsi

716 4179 1010 4235 credebant
1042 4180 1095 4235 in
1130 4195 1252 4237 eum
1282 4195 1295 4237 :
1328 4183 1453 4251 quia
1483 4182 1648 4253 igitur
1672 4184 1854 4239 multas
1888 4184 2295 4253 impedientium

716 4270 1053 4338 differentiae,
1116 4274 1411 4330 verisimile
1480 4276 1645 4330 etiam
1692 4275 1959 4344 quosdam
2008 4276 2099 4346 qui
2155 4277 2295 4331 idem

714 4365 959 4431 credant,
990 4364 1126 4420 tales
1152 4381 1274 4420 esse
1302 4384 1315 4431 ;
1346 4374 1400 4419 et
1452 4378 1734 4436 prepterea
1779 4367 1949 4420 dicit:
2008 4367 2064 4422 Si
2099 4382 2294 4438 pecca-

712 4458 851 4512 verit
877 4458 929 4513 in
968 4468 1020 4511 te
1058 4457 1223 4511 frater
1247 4465 1392 4521 tuus,
1426 4473 1593 4527 argue
1622 4473 1744 4513 eum
1777 4466 1831 4511 tu
1862 4459 2031 4521 solus,
2068 4467 2121 4512 et
2149 4472 2297 4512 seor-

2401 3342 2652 3414 προλέγω
2680 3339 2833 3409 ύμῖν,
2857 3328 2939 3389 ὅτι
2974 3334 3094 3405 ἥξει
3120 3331 3186 3385 τὰ
3205 3327 3374 3391 κακά,
3407 3322 3815 3392 ἀναπολόγητοί
3843 3322 3996 3374 ἐστε.

2415 3434 2654 3502 Ἀνάγκη
2684 3430 2783 3502 μὲν
2817 3428 2921 3498 γάρ
2955 3427 3108 3497 ἥξειν
3134 3424 3339 3484 ἐκεῖνα,
3373 3420 3474 3473 ούκ
3499 3417 3713 3485 ἀνάγκη
3744 3416 3802 3467 δὲ
3848 3414 3999 3481 ὑμᾶς

2400 3522 2722 3586 ἀπολέσθαι,
2751 3522 2867 3589 εῐγε
2903 3513 3271 3587 ἀσφαλίζεσθε
3310 3510 3538 3573 ἑαυτοὺς
3582 3507 3681 3561 καὶ
3720 3504 3996 3559 καθοπλί-

2400 3619 2545 3683 ζετε.
2597 3614 2842 3683 Ἀνάγκη
2895 3611 2993 3682 μὲν
3051 3611 3160 3680 γάρ
3188 3608 3279 3660 τὸν
3331 3605 3495 3657 λύκον
3524 3601 3719 3662 ἐλθεῖν,
3756 3597 3877 3651 ἀλλ’
3902 3596 3999 3647 ἐὰν

2396 3710 2705 3781 ἐγρήγορεν
2762 3708 2790 3759 6
2827 3704 3053 3774 ποιμὴν,
3104 3702 3205 3754 οὐκ
3244 3698 3461 3767 ἀνάγκη
3519 3694 3897 3764 διαφθαρῆναι
3931 3690 3998 3784 τά

2401 3803 2673 3875 πρόὸατα,
2708 3798 2847 3855 ἀλλὰ
2873 3797 2965 3851 τὸν
2987 3795 3149 3848 λύκον
3192 3792 3371 3863 μάτην
3426 3788 3663 3858 χανόντα
3709 3785 3993 3840 ἀπελθεῖν.

2400 3893 2587 3948 Εἰπὼν
2615 3892 2708 3946 οὖν
2732 3889 2907 3944 ταῦτα
2932 3890 3060 3958 περὶ
3089 3887 3198 3939 τῶν
3219 3879 3685 3945 σκανδαλιζόντων
3736 3880 3834 3931 καὶ
3864 3878 3995 3947 βλαο

2401 3987 2680 4051 πτόντων,
2725 3982 3005 4037 τουτέστιν
3073 3976 3498 4048 ἐμποδιζόντων,
3554 3973 3747 4042 ἐπειδὴ
3801 3969 3999 4024 πολλαὶ

2400 4077 2657 4149 διαφοραί
2683 4076 2789 4129 είσι
2818 4073 3047 4127 τούτων·
3088 4071 3138 4123 οι
3181 4070 3281 4141 μὲν
3312 4070 3420 4138 γάρ
3445 4068 3585 4119 εἰσιν
3619 4064 3863 4127 ἀνίατοι,
3885 4056 3994 4113 οἷον

2398 4176 2447 4226 oi
2487 4172 2789 4240 Φαρισαῖοι,
2822 4170 2871 4220 οί
2911 4166 2965 4219 δὲ
2991 4164 3220 4232 ίάσιμοι,
3256 4159 3427 4213 οἷοιοί
3459 4158 3550 4212 τοῦ
3588 4156 3802 4227 Κυρίου
3835 4154 3997 4207 ἀδελ-

2400 4268 2490 4336 φοὶ
2526 4268 2663 4337 πρὸς
2720 4263 2883 4316 αὑτὸν
2937 4261 3029 4313 τὸν
3082 4256 3308 4329 Κύριον,
3352 4255 3475 4308 οὐδέ
3522 4254 3633 4322 γὰρ
3685 4251 3847 4302 αὐτοὶ
3880 4248 3996 4300 ἐπί-

2403 4376 2591 4415 στευον
2618 4360 2699 4423 εἰς
2720 4356 2908 4411 αὐτόν·
2939 4354 3064 4407 ἐπεὶ
3090 4351 3184 4405 οὖν
3209 4352 3401 4405 πολλαὶ
3445 4348 3703 4418 διαφοραὶ
3750 4347 3866 4399 τῶν
3898 4350 3994 4412 ἐμ-

2403 4453 2749 4517 ποδιζόντων·
2788 4448 2938 4510 εἰκὸς
2992 4448 3100 4517 γὰρ
3157 4440 3297 4497 εἶναί
3322 4461 3477 4506 τινας
3528 4444 3624 4495 καὶ
3655 4443 3994 4510 όμοπίστους

710 4566 827 4606 sum
856 4567 869 4603 :
903 4559 957 4605 et
986 4551 1254 4619 siquidem
1301 4551 1536 4606 audierit
1582 4561 1655 4614 te,
1720 4552 1964 4605 lucratus
2011 4564 2071 4605 es
2106 4549 2290 4605 illum:

2403 4545 2674 4607 τοιούτους
2706 4559 2719 4573 ⁸
2755 4542 2841 4595 διά
2872 4539 3027 4595 τοῦτό
3051 4554 3238 4609 φησιν’
3284 4536 3411 4591 Ἐἀν
3459 4536 3682 4606 ἁμάρτῃ
3739 4536 3822 4596 εἰς
3865 4533 3921 4585 σὲ
3968 4534 3994 4585 6

712 4648 795 4702 sin
825 4649 1028 4713 minus,
1073 4649 1258 4717 accipe
1283 4655 1460 4701 tecum
1500 4662 1669 4702 unum
1702 4646 1785 4701 vel
1820 4646 1979 4709 duos,
2030 4653 2137 4701 etc.
2177 4660 2298 4717 quae

2403 4638 2633 4707 ἀδελφός
2674 4652 2792 4701 σου,
2824 4633 3153 4703 ἐπιτίμησον
3183 4628 3333 4699 αὐτῷ
3368 4628 3431 4680 σὺ
3468 4628 3629 4697 μόνος
3668 4625 3795 4678 κατ’
3835 4625 3991 4681 ἰδίαν,

710 4743 819 4797 late
848 4742 1073 4812 exponit
1124 4740 1410 4795 Matthaeus
1450 4759 1461 4793 :
1515 4740 1692 4794 Lucas
1742 4748 1925 4793 autem
1982 4747 2039 4793 ut
2074 4739 2215 4794 dicta
2266 4753 2295 4791 a

707 4835 967 4891 Matthaao
1004 4832 1221 4888 silentio
1249 4830 1530 4900 praeteriit.
1568 4830 1752 4900 Itaque
1779 4833 1871 4902 qui
1929 4831 2162 4886 audierit
2209 4833 2295 4887 in-

706 4927 1099 4997 crepationem,
1140 4924 1299 4978 venia
1322 4925 1514 4991 dignus
1544 4931 1663 4987 est;
1698 4923 1790 4991 qui
1834 4931 2015 4977 autem
2055 4938 2161 4978 non
2193 4939 2289 4979 au-

705 5017 888 5082 dierit,
919 5018 988 5070 sit
1022 5014 1116 5068 tibi
1149 5014 1296 5069 velut
1317 5013 1566 5068 ethnicus
1596 5023 1652 5069 et
1676 5013 2019 5084 publicanus,
2056 5015 2157 5069 hoc
2187 5026 2288 5082 est,

707 5109 775 5163 ab
830 5107 1081 5162 omnibus
1133 5114 1499 5175 contemptus,
1556 5115 1611 5159 et
1665 5106 1917 5175 indignus
1973 5116 2030 5161 ut
2071 5119 2293 5164 vocetur

705 5200 895 5253 frater.-
933 5197 1123 5253 Postea
1156 5200 1311 5267 quasi
1347 5198 1639 5268 interroget
1665 5199 1970 5268 quispiam:
2000 5198 2150 5267 Esto,
2182 5199 2295 5257 Βο-

705 5289 872 5354 mine,
912 5289 1025 5343 haec
1078 5290 1295 5357 quidem
1346 5291 1485 5345 bene
1521 5290 1729 5345 dixeris
1766 5309 1779 5345 :
1814 5292 1861 5346 si
1910 5300 2090 5347 autem
2148 5307 2291 5363 saepe

707 5382 922 5436 veniam
952 5390 1279 5436 consecutus
1322 5381 1509 5448 fuerit,
1545 5392 1599 5438 et
1639 5383 1835 5437 iterum
1886 5392 2100 5449 noceat,
2159 5386 2289 5453 quid

707 5472 1013 5529 iaciendum
1046 5472 1129 5526 ei?
1155 5472 1287 5527 dicit
1326 5492 1338 5527 :
1386 5472 1440 5527 Si
1478 5474 1754 5544 resipiscit
1806 5476 2024 5540 iterum,
2078 5477 2293 5530 remitte

702 5565 774 5619 ei.
812 5564 877 5619 Et
917 5570 1111 5620 iterum
1144 5582 1155 5617 :
1194 5566 1250 5619 Si
1286 5566 1485 5634 septies
1510 5567 1562 5620 in
1598 5568 1686 5621 die
1745 5569 2051 5637 peccaverit
2077 5579 2130 5623 et
2156 5585 2289 5624 con-

706 5672 901 5712 versus
942 5658 1127 5724 fuerit,
1164 5659 1379 5713 remitte
1408 5657 1478 5713 ei.
1526 5658 1737 5729 Septies
1766 5669 1946 5717 autem
1996 5663 2096 5717 hoc
2124 5661 2291 5733 424

2398 4733 2493 4785 καλ⁵
2517 4732 2583 4785 ἀν
2617 4730 2717 4800 μὲν
2747 4727 2956 4797 ἀκούσῃ
2998 4743 3113 4789 σου,
3147 4722 3449 4793 ἐκέρδησας
3480 4718 3643 4772 αὐτόν
3666 4734 3681 4748 ο
3727 4719 3779 4770 εί
3815 4718 3869 4771 δὲ
3899 4717 3992 4786 μὴ,

2398 4822 2684 4894 παράλαόε
2745 4819 2884 4889 μετά
2916 4816 3010 4871 σοῦ
3058 4817 3155 4869 ἕνα
3211 4815 3243 4885 ἢ
3277 4814 3391 4877 δύο,
3440 4812 3532 4865 καὶ
3558 4811 3687 4880 ἑξῆς
3713 4825 3728 4840 ·
3760 4812 3864 4861 ὃσα
3902 4809 3994 4877 μὲν

2396 4915 2645 4976 πλατέως
2675 4915 2702 4966 6
2722 4911 3000 4973 Ματθαῖος
3028 4907 3265 4975 ἐξέθετο,
3290 4910 3317 4960 6
3343 4906 3401 4959 δὲ
3449 4905 3665 4967 Λουκᾶς
3708 4902 3992 4971 παρεσιώο

2400 5028 2576 5079 πησεν
2629 5009 2703 5072 ὡς
2755 5007 2832 5077 τῷ
2868 5004 3137 5074 Ματθαίῳ
3196 5002 3451 5074 ρηθέντα.
3504 5000 3563 5053 Ὀ
3597 5000 3699 5069 μὲν
3752 5000 3991 5058 ἀκούσας

2401 5104 2513 5157 τῶν
2538 5102 2940 5171 ἐπιτιμήσεων,
2978 5097 3317 5167 συγγνώμης
3348 5096 3518 5161 ἄξιος,
3547 5095 3575 5147 6
3604 5093 3663 5146 δὲ
3717 5093 3799 5163 μὴ
3833 5092 3991 5147 ἀκού-

2403 5215 2524 5263 σας,
2550 5198 2691 5250 ἔστω
2728 5212 2810 5248 σοι
2840 5194 2912 5257 ὼς
2937 5194 2964 5244 6
2993 5192 3207 5254 ἐθνικὸς
3232 5190 3328 5243 καὶ
3366 5192 3394 5242 6
3416 5188 3655 5258 τελώνης
3686 5230 3699 5252 ,
3743 5188 3987 5240 τουτέστι

2405 5290 2717 5359 βδελυκτὸς,
2750 5288 2845 5342 καλ¹
2897 5288 2997 5339 ούκ
3056 5286 3207 5350 ἄξιος
3233 5282 3513 5338 καλεῖσθαι
3570 5282 3827 5349 ἀδελφός.
3865 5276 3988 5333 Εἶτα

2404 5385 2595 5455 ὥσπερ
2634 5383 2879 5445 εἰπόντος
2905 5382 3083 5444 τινὸς,
3114 5381 3196 5433 ὅτι
3231 5379 3433 5443 Ἔστω,
3461 5377 3660 5445 Κύριε,
3690 5376 3870 5428 ταῦτα
3899 5373 3988 5443 μὲν

2404 5477 2585 5539 καλῶς
2618 5476 2834 5542 διεῖλες,
2866 5476 2961 5529 ἐὰν
2986 5475 3041 5527 δὲ
3081 5473 3340 5535 πολλάκις
3372 5470 3706 5539 συγγνώμης
3741 5470 3985 5534 ἀξιωθεὶς

2402 5569 2562 5621 πάλιν
2595 5568 2827 5639 βλάπτῃ,
2881 5567 2931 5619 τί
2963 5568 3214 5637 ποιητέον
3243 5564 3431 5633 αύτῷ;
3474 5562 3639 5633 φησίν
3663 5578 3674 5591 '
3715 5565 3781 5616 Εἰ
3831 5580 3959 5632 μετα

2402 5663 2510 5713 νοεῖ
2540 5660 2723 5726 πάλιν,
2749 5660 2884 5728 ἀφες
2906 5657 3077 5728 αὐτῷ.
3112 5659 3219 5711 Καὶ
3248 5656 3410 5710 πάλιν
3431 5674 3445 5688 ·
3489 5656 3608 5711 Κάν
3639 5656 3873 5719 ἑπτάκις
3898 5653 3983 5721 τῆς

779 5780 857 5857 (ᾳ)
898 5779 1028 5836 item
1075 5782 1277 5857 omittit
1313 5801 1325 5836 :
1358 5784 1426 5857 At
1475 5782 1707 5854 plerique
1755 5785 2128 5842 addubilantes
2164 5797 2429 5857 qua'ruul,
2474 5804 2597 5842 num
2678 5802 2879 5843 necesse
2919 5787 2985 5840 ait
3012 5784 3247 5851 eveniant
3274 5779 3549 5847 scandala,
3621 5798 3740 5851 qua;
3800 5780 3979 5849 prtrdi-

705 5854 961 5908 rationem
990 5870 1205 5923 prorsus
1237 5855 1545 5922 inmedium.
