  <div class='ocr_page' id='page_1' title='image "/cluster/home/n/w/nwhite01/storage/ocr_20150623/123/nnc1.0046979670/532.png"; bbox 0 0 4228 6428; ppageno 0'>
   <div class='ocr_carea' id='block_1_1' title="bbox 210 436 326 502">
    <p class='ocr_par' dir='ltr' id='par_1_1' title="bbox 210 436 326 502">
     <span class='ocr_line' id='line_1_1' title="bbox 210 436 326 502; baseline 0 0"><span class='ocrx_word' id='word_1_1' title='bbox 210 436 326 502; x_wconf 77' lang='lat'><strong>985</strong></span> 
     </span>
    </p>
   </div>
   <div class='ocr_carea' id='block_1_2' title="bbox 1004 424 2934 493">
    <p class='ocr_par' dir='ltr' id='par_1_2' title="bbox 1004 424 2934 493">
     <span class='ocr_line' id='line_1_2' title="bbox 1004 424 2934 493; baseline -0.003 -1"><span class='ocrx_word' id='word_1_2' title='bbox 1004 430 1456 493; x_wconf 76' lang='lat' dir='ltr'><strong>ENARRATIO</strong></span> <span class='ocrx_word' id='word_1_3' title='bbox 1488 430 1569 491; x_wconf 84' lang='grc' dir='ltr'>ΙΝ</span> <span class='ocrx_word' id='word_1_4' title='bbox 1601 424 2113 492; x_wconf 80' lang='lat' dir='ltr'><strong>EVANGELIUM</strong></span> <span class='ocrx_word' id='word_1_5' title='bbox 2165 429 2407 492; x_wconf 57' lang='lat' dir='ltr'><strong>LUCzE.</strong></span> <span class='ocrx_word' id='word_1_6' title='bbox 2444 451 2513 464; x_wconf 89' lang='lat'><em>-</em></span> <span class='ocrx_word' id='word_1_7' title='bbox 2550 427 2712 488; x_wconf 85' lang='lat' dir='ltr'><strong>CAP.</strong></span> <span class='ocrx_word' id='word_1_8' title='bbox 2740 425 2934 487; x_wconf 79' lang='lat' dir='ltr'><strong>XVII.</strong></span> 
     </span>
    </p>
   </div>
   <div class='ocr_carea' id='block_1_3' title="bbox 213 535 1822 619">
    <p class='ocr_par' dir='ltr' id='par_1_3' title="bbox 213 544 1812 619">
     <span class='ocr_line' id='line_1_3' title="bbox 213 544 1812 619; baseline -0.002 -20"><span class='ocrx_word' id='word_1_9' title='bbox 213 547 433 619; x_wconf 72' lang='grc' dir='ltr'>ἡμέρας</span> <span class='ocrx_word' id='word_1_10' title='bbox 463 545 790 618; x_wconf 76' lang='grc' dir='ltr'>ἐπιστρέψῃ,</span> <span class='ocrx_word' id='word_1_11' title='bbox 828 544 966 613; x_wconf 78' lang='grc' dir='ltr'>ἀφες</span> <span class='ocrx_word' id='word_1_12' title='bbox 1022 544 1196 614; x_wconf 78' lang='grc' dir='ltr'>αὐτῷ.</span> <span class='ocrx_word' id='word_1_13' title='bbox 1234 546 1309 599; x_wconf 79' lang='grc' dir='ltr'><strong>Τὸ</strong></span> <span class='ocrx_word' id='word_1_14' title='bbox 1354 545 1412 599; x_wconf 73' lang='grc' dir='ltr'>δι</span> <span class='ocrx_word' id='word_1_15' title='bbox 1455 545 1691 607; x_wconf 73' lang='grc' dir='ltr'>ἑπτάκις</span> <span class='ocrx_word' id='word_1_16' title='bbox 1729 544 1812 597; x_wconf 68' lang='grc' dir='ltr'><strong>ἐν·</strong></span> 
     </span>
    </p>
   </div>
   <div class='ocr_carea' id='block_1_4' title="bbox 1928 535 3526 619">
    <p class='ocr_par' dir='ltr' id='par_1_4' title="bbox 1928 535 3526 614">
     <span class='ocr_line' id='line_1_4' title="bbox 1928 535 3526 614; baseline -0.001 -18"><span class='ocrx_word' id='word_1_17' title='bbox 1928 542 2048 599; x_wconf 92' lang='lat' dir='ltr'><strong>loco</strong></span> <span class='ocrx_word' id='word_1_18' title='bbox 2083 559 2183 614; x_wconf 89' lang='lat' dir='ltr'><strong>pro</strong></span> <span class='ocrx_word' id='word_1_19' title='bbox 2215 543 2422 612; x_wconf 73' lang='lat' dir='ltr'><strong>sacpius</strong></span> <span class='ocrx_word' id='word_1_20' title='bbox 2455 542 2693 612; x_wconf 88' lang='lat' dir='ltr'><strong>positum</strong></span> <span class='ocrx_word' id='word_1_21' title='bbox 2726 550 2809 596; x_wconf 91' lang='lat' dir='ltr'><strong>est</strong></span> <span class='ocrx_word' id='word_1_22' title='bbox 2838 558 2852 607; x_wconf 89' lang='lat'><strong>;</strong></span> <span class='ocrx_word' id='word_1_23' title='bbox 2878 538 3023 597; x_wconf 92' lang='lat' dir='ltr'><strong>sicut</strong></span> <span class='ocrx_word' id='word_1_24' title='bbox 3044 545 3099 593; x_wconf 88' lang='lat' dir='ltr'><strong>et</strong></span> <span class='ocrx_word' id='word_1_25' title='bbox 3131 552 3255 593; x_wconf 91' lang='lat' dir='ltr'><strong>cum</strong></span> <span class='ocrx_word' id='word_1_26' title='bbox 3288 535 3526 595; x_wconf 81' lang='lat' dir='ltr'><strong>dicitur:</strong></span> 
     </span>
    </p>
   </div>
   <div class='ocr_carea' id='block_1_5' title="bbox 215 632 1815 708">
    <p class='ocr_par' dir='ltr' id='par_1_5' title="bbox 215 632 1815 708">
     <span class='ocr_line' id='line_1_5' title="bbox 215 632 1815 708; baseline -0.006 -13"><span class='ocrx_word' id='word_1_27' title='bbox 215 639 393 695; x_wconf 78' lang='grc' dir='ltr'>ταῦθα</span> <span class='ocrx_word' id='word_1_28' title='bbox 422 638 544 694; x_wconf 82' lang='grc' dir='ltr'>ἀντὶ</span> <span class='ocrx_word' id='word_1_29' title='bbox 581 636 699 703; x_wconf 81' lang='grc' dir='ltr'>τοῦ,</span> <span class='ocrx_word' id='word_1_30' title='bbox 735 632 1000 701; x_wconf 77' lang='grc' dir='ltr'><strong>πολλάκις</strong></span> <span class='ocrx_word' id='word_1_31' title='bbox 1057 639 1257 701; x_wconf 82' lang='grc' dir='ltr'>κεῖται,</span> <span class='ocrx_word' id='word_1_32' title='bbox 1320 636 1518 708; x_wconf 85' lang='grc' dir='ltr'>ὥσπερ</span> <span class='ocrx_word' id='word_1_33' title='bbox 1583 637 1680 689; x_wconf 75' lang='grc' dir='ltr'>καὶ</span> <span class='ocrx_word' id='word_1_34' title='bbox 1730 633 1815 696; x_wconf 74' lang='grc' dir='ltr'>τὸ,</span> 
     </span>
    </p>
   </div>
   <div class='ocr_carea' id='block_1_6' title="bbox 219 727 1820 800">
    <p class='ocr_par' dir='ltr' id='par_1_6' title="bbox 219 727 1820 800">
     <span class='ocr_line' id='line_1_6' title="bbox 219 727 1820 800; baseline -0.005 -14"><span class='ocrx_word' id='word_1_35' title='bbox 219 732 346 786; x_wconf 81' lang='grc' dir='ltr'><strong>Ὀτι</strong></span> <span class='ocrx_word' id='word_1_36' title='bbox 380 733 566 800; x_wconf 85' lang='grc' dir='ltr'>στεῖρα</span> <span class='ocrx_word' id='word_1_37' title='bbox 598 730 783 783; x_wconf 68' lang='grc' dir='ltr'>ἔτεκεν</span> <span class='ocrx_word' id='word_1_38' title='bbox 810 728 969 782; x_wconf 75' lang='grc' dir='ltr'>ἑπτά.</span> <span class='ocrx_word' id='word_1_39' title='bbox 1009 728 1236 793; x_wconf 88' lang='grc' dir='ltr'>Ὀσάκις</span> <span class='ocrx_word' id='word_1_40' title='bbox 1268 727 1360 783; x_wconf 77' lang='grc' dir='ltr'>οὖν</span> <span class='ocrx_word' id='word_1_41' title='bbox 1393 729 1665 799; x_wconf 80' lang='grc' dir='ltr'><strong>μετανοεῖ,</strong></span> <span class='ocrx_word' id='word_1_42' title='bbox 1697 743 1820 779; x_wconf 90' lang='grc' dir='ltr'>τοσ-</span> 
     </span>
    </p>
   </div>
   <div class='ocr_carea' id='block_1_7' title="bbox 220 807 1815 891">
    <p class='ocr_par' dir='ltr' id='par_1_7' title="bbox 220 807 1815 891">
     <span class='ocr_line' id='line_1_7' title="bbox 220 807 1815 891; baseline -0.002 -19"><span class='ocrx_word' id='word_1_43' title='bbox 220 819 456 882; x_wconf 76' lang='grc' dir='ltr'>αυτάκις</span> <span class='ocrx_word' id='word_1_44' title='bbox 500 818 652 890; x_wconf 87' lang='grc' dir='ltr'><strong>αύτῷ</strong></span> <span class='ocrx_word' id='word_1_45' title='bbox 708 818 931 884; x_wconf 76' lang='grc' dir='ltr'><strong>ἀφιέναι</strong></span> <span class='ocrx_word' id='word_1_46' title='bbox 964 820 1067 873; x_wconf 90' lang='grc' dir='ltr'>δεῖ.</span> <span class='ocrx_word' id='word_1_47' title='bbox 1101 819 1194 891; x_wconf 79' lang='grc' dir='ltr'><strong>Μὴ</strong></span> <span class='ocrx_word' id='word_1_48' title='bbox 1225 820 1335 891; x_wconf 85' lang='grc' dir='ltr'><strong>γὰρ</strong></span> <span class='ocrx_word' id='word_1_49' title='bbox 1374 807 1438 890; x_wconf 80' lang='grc' dir='ltr'>δὴ</span> <span class='ocrx_word' id='word_1_50' title='bbox 1498 819 1690 889; x_wconf 77' lang='grc' dir='ltr'>νόμιζε</span> <span class='ocrx_word' id='word_1_51' title='bbox 1729 819 1815 871; x_wconf 85' lang='grc' dir='ltr'>ὅτι</span> 
     </span>
    </p>
   </div>
   <div class='ocr_carea' id='block_1_8' title="bbox 219 907 1819 983">
    <p class='ocr_par' dir='ltr' id='par_1_8' title="bbox 219 907 1819 983">
     <span class='ocr_line' id='line_1_8' title="bbox 219 907 1819 983; baseline -0.003 -19"><span class='ocrx_word' id='word_1_52' title='bbox 219 911 460 981; x_wconf 79' lang='grc' dir='ltr'>ἀριθμὸν</span> <span class='ocrx_word' id='word_1_53' title='bbox 488 909 709 981; x_wconf 80' lang='grc' dir='ltr'><strong>τίθησιν</strong></span> <span class='ocrx_word' id='word_1_54' title='bbox 746 913 774 963; x_wconf 87' lang='grc' dir='ltr'>ὁ</span> <span class='ocrx_word' id='word_1_55' title='bbox 818 910 1026 983; x_wconf 81' lang='grc' dir='ltr'>Κύριος</span> <span class='ocrx_word' id='word_1_56' title='bbox 1057 909 1157 980; x_wconf 83' lang='grc' dir='ltr'>τῆς</span> <span class='ocrx_word' id='word_1_57' title='bbox 1217 910 1649 981; x_wconf 84' lang='grc' dir='ltr'>συγχωρήσεως,</span> <span class='ocrx_word' id='word_1_58' title='bbox 1702 907 1819 961; x_wconf 81' lang='grc' dir='ltr'>ἀλλ’</span> 
     </span>
    </p>
   </div>
   <div class='ocr_carea' id='block_1_9' title="bbox 124 988 1822 1074">
    <p class='ocr_par' dir='ltr' id='par_1_9' title="bbox 124 988 1822 1074">
     <span class='ocr_line' id='line_1_9' title="bbox 124 988 1822 1074; baseline -0.002 -17"><span class='ocrx_word' id='word_1_59' title='bbox 124 988 135 989; x_wconf 18' lang='lat'><em>7</em></span> <span class='ocrx_word' id='word_1_60' title='bbox 215 1005 359 1074; x_wconf 82' lang='grc' dir='ltr'>ὅπερ</span> <span class='ocrx_word' id='word_1_61' title='bbox 382 995 554 1067; x_wconf 78' lang='grc' dir='ltr'>εἶπον,</span> <span class='ocrx_word' id='word_1_62' title='bbox 582 1002 642 1055; x_wconf 83' lang='grc' dir='ltr'><strong>τὸ</strong></span> <span class='ocrx_word' id='word_1_63' title='bbox 668 1003 919 1066; x_wconf 80' lang='grc' dir='ltr'>ἑπτάκις,</span> <span class='ocrx_word' id='word_1_64' title='bbox 946 1002 1067 1057; x_wconf 74' lang='grc' dir='ltr'>ἀντὶ</span> <span class='ocrx_word' id='word_1_65' title='bbox 1092 1002 1208 1066; x_wconf 81' lang='grc' dir='ltr'>τοῦ,</span> <span class='ocrx_word' id='word_1_66' title='bbox 1242 1002 1529 1066; x_wconf 79' lang='grc' dir='ltr'><strong>πολλάκις,</strong></span> <span class='ocrx_word' id='word_1_67' title='bbox 1561 1002 1657 1054; x_wconf 75' lang='grc' dir='ltr'>καὶ</span> <span class='ocrx_word' id='word_1_68' title='bbox 1686 1004 1822 1056; x_wconf 82' lang='grc' dir='ltr'>ἀνα-</span> 
     </span>
    </p>
   </div>
   <div class='ocr_carea' id='block_1_10' title="bbox 220 1091 1821 1165">
    <p class='ocr_par' dir='ltr' id='par_1_10' title="bbox 220 1091 1821 1165">
     <span class='ocr_line' id='line_1_10' title="bbox 220 1091 1821 1165; baseline -0.001 -19"><span class='ocrx_word' id='word_1_69' title='bbox 220 1092 465 1165; x_wconf 80' lang='grc' dir='ltr'>ρίθμητα</span> <span class='ocrx_word' id='word_1_70' title='bbox 504 1094 639 1160; x_wconf 81' lang='grc' dir='ltr'>νόει,</span> <span class='ocrx_word' id='word_1_71' title='bbox 670 1096 863 1165; x_wconf 83' lang='grc' dir='ltr'>ὥσπερ</span> <span class='ocrx_word' id='word_1_72' title='bbox 894 1094 991 1147; x_wconf 79' lang='grc' dir='ltr'>καὶ</span> <span class='ocrx_word' id='word_1_73' title='bbox 1029 1094 1089 1146; x_wconf 75' lang='grc' dir='ltr'>ἐν</span> <span class='ocrx_word' id='word_1_74' title='bbox 1128 1095 1193 1165; x_wconf 78' lang='grc' dir='ltr'><strong>τῇ</strong></span> <span class='ocrx_word' id='word_1_75' title='bbox 1228 1092 1451 1164; x_wconf 81' lang='grc' dir='ltr'>συνήθει</span> <span class='ocrx_word' id='word_1_76' title='bbox 1506 1092 1697 1163; x_wconf 82' lang='grc' dir='ltr'>ὁμιλίᾳ</span> <span class='ocrx_word' id='word_1_77' title='bbox 1729 1091 1821 1145; x_wconf 87' lang='grc' dir='ltr'>λέ-</span> 
     </span>
    </p>
   </div>
   <div class='ocr_carea' id='block_1_11' title="bbox 220 1184 1824 1257">
    <p class='ocr_par' dir='ltr' id='par_1_11' title="bbox 220 1184 1824 1257">
     <span class='ocr_line' id='line_1_11' title="bbox 220 1184 1824 1257; baseline -0.001 -20"><span class='ocrx_word' id='word_1_78' title='bbox 220 1201 417 1255; x_wconf 85' lang='grc' dir='ltr'>γομεν,</span> <span class='ocrx_word' id='word_1_79' title='bbox 458 1185 784 1256; x_wconf 80' lang='grc' dir='ltr'>μυρίανδρος</span> <span class='ocrx_word' id='word_1_80' title='bbox 810 1186 987 1255; x_wconf 80' lang='grc' dir='ltr'><strong>πόλις,</strong></span> <span class='ocrx_word' id='word_1_81' title='bbox 1019 1188 1117 1257; x_wconf 86' lang='grc' dir='ltr'><strong>οὐχ</strong></span> <span class='ocrx_word' id='word_1_82' title='bbox 1146 1186 1231 1240; x_wconf 81' lang='grc' dir='ltr'>ὅτι</span> <span class='ocrx_word' id='word_1_83' title='bbox 1260 1185 1490 1256; x_wconf 76' lang='grc' dir='ltr'><strong>μυρίους</strong></span> <span class='ocrx_word' id='word_1_84' title='bbox 1522 1184 1658 1254; x_wconf 76' lang='grc' dir='ltr'>ἔχει,</span> <span class='ocrx_word' id='word_1_85' title='bbox 1693 1184 1824 1247; x_wconf 85' lang='grc' dir='ltr'>ίσως</span> 
     </span>
    </p>
   </div>
   <div class='ocr_carea' id='block_1_12' title="bbox 215 1277 1821 1349">
    <p class='ocr_par' dir='ltr' id='par_1_12' title="bbox 215 1277 1821 1349">
     <span class='ocr_line' id='line_1_12' title="bbox 215 1277 1821 1349; baseline -0.004 -17"><span class='ocrx_word' id='word_1_86' title='bbox 215 1277 331 1348; x_wconf 78' lang='grc' dir='ltr'><strong>γὰρ</strong></span> <span class='ocrx_word' id='word_1_87' title='bbox 365 1279 460 1332; x_wconf 78' lang='grc' dir='ltr'>καὶ</span> <span class='ocrx_word' id='word_1_88' title='bbox 487 1278 730 1342; x_wconf 83' lang='grc' dir='ltr'>πλείους,</span> <span class='ocrx_word' id='word_1_89' title='bbox 760 1278 877 1331; x_wconf 85' lang='grc' dir='ltr'>ἀλλ’</span> <span class='ocrx_word' id='word_1_90' title='bbox 906 1279 1028 1331; x_wconf 81' lang='grc' dir='ltr'>ἀντὶ</span> <span class='ocrx_word' id='word_1_91' title='bbox 1053 1278 1172 1342; x_wconf 84' lang='grc' dir='ltr'>τοῦ,</span> <span class='ocrx_word' id='word_1_92' title='bbox 1216 1278 1577 1349; x_wconf 82' lang='grc' dir='ltr'>πολύανδρος,</span> <span class='ocrx_word' id='word_1_93' title='bbox 1624 1278 1821 1340; x_wconf 87' lang='grc' dir='ltr'>εἰπεῖν,</span> 
     </span>
    </p>
   </div>
   <div class='ocr_carea' id='block_1_13' title="bbox 222 1360 1826 1441">
    <p class='ocr_par' dir='ltr' id='par_1_13' title="bbox 222 1360 1826 1441">
     <span class='ocr_line' id='line_1_13' title="bbox 222 1360 1826 1441; baseline -0.002 -19"><span class='ocrx_word' id='word_1_94' title='bbox 222 1368 802 1441; x_wconf 79' lang='grc' dir='ltr'>μυρίανδρος,φαμέν.</span> <span class='ocrx_word' id='word_1_95' title='bbox 835 1360 960 1423; x_wconf 83' lang='grc' dir='ltr'><strong>Ὀτι</strong></span> <span class='ocrx_word' id='word_1_96' title='bbox 1004 1370 1060 1423; x_wconf 83' lang='grc' dir='ltr'>δὲ</span> <span class='ocrx_word' id='word_1_97' title='bbox 1102 1369 1265 1424; x_wconf 83' lang='grc' dir='ltr'>τοῦτο</span> <span class='ocrx_word' id='word_1_98' title='bbox 1310 1369 1481 1438; x_wconf 83' lang='grc' dir='ltr'><strong>λέγει,</strong></span> <span class='ocrx_word' id='word_1_99' title='bbox 1516 1368 1676 1438; x_wconf 82' lang='grc' dir='ltr'>δῆλον</span> <span class='ocrx_word' id='word_1_100' title='bbox 1716 1368 1826 1421; x_wconf 78' lang='grc' dir='ltr'>ἀπὸ</span> 
     </span>
    </p>
   </div>
   <div class='ocr_carea' id='block_1_14' title="bbox 218 1455 1821 1534">
    <p class='ocr_par' dir='ltr' id='par_1_14' title="bbox 218 1455 1821 1534">
     <span class='ocr_line' id='line_1_14' title="bbox 218 1455 1821 1534; baseline 0 -21"><span class='ocrx_word' id='word_1_101' title='bbox 218 1460 321 1513; x_wconf 81' lang='grc' dir='ltr'><strong>τοῦ</strong></span> <span class='ocrx_word' id='word_1_102' title='bbox 350 1461 656 1516; x_wconf 86' lang='grc' dir='ltr'>Ματθαίου.</span> <span class='ocrx_word' id='word_1_103' title='bbox 701 1462 852 1515; x_wconf 87' lang='grc' dir='ltr'>Ἐκεῖ</span> <span class='ocrx_word' id='word_1_104' title='bbox 875 1462 985 1534; x_wconf 76' lang='grc' dir='ltr'><strong>γὰρ</strong></span> <span class='ocrx_word' id='word_1_105' title='bbox 1018 1462 1096 1534; x_wconf 86' lang='grc' dir='ltr'><strong>τῷ</strong></span> <span class='ocrx_word' id='word_1_106' title='bbox 1134 1462 1327 1533; x_wconf 83' lang='grc' dir='ltr'>Πέτρῳ</span> <span class='ocrx_word' id='word_1_107' title='bbox 1373 1461 1582 1514; x_wconf 79' lang='grc' dir='ltr'><strong>εἰπόντι</strong></span> <span class='ocrx_word' id='word_1_108' title='bbox 1606 1475 1621 1491; x_wconf 81' lang='grc'><em>’</em></span> <span class='ocrx_word' id='word_1_109' title='bbox 1650 1455 1821 1531; x_wconf 73' lang='grc' dir='ltr'>Ἀρά,</span> 
     </span>
    </p>
   </div>
   <div class='ocr_carea' id='block_1_15' title="bbox 221 1547 1825 1625">
    <p class='ocr_par' dir='ltr' id='par_1_15' title="bbox 221 1547 1825 1625">
     <span class='ocr_line' id='line_1_15' title="bbox 221 1547 1825 1625; baseline 0 -19"><span class='ocrx_word' id='word_1_110' title='bbox 221 1552 420 1622; x_wconf 83' lang='grc' dir='ltr'>Κύριε,</span> <span class='ocrx_word' id='word_1_111' title='bbox 481 1554 587 1617; x_wconf 70' lang='grc' dir='ltr'>ἕως</span> <span class='ocrx_word' id='word_1_112' title='bbox 645 1554 875 1618; x_wconf 76' lang='grc' dir='ltr'>ἑπτάκις</span> <span class='ocrx_word' id='word_1_113' title='bbox 935 1554 1283 1625; x_wconf 84' lang='grc' dir='ltr'><strong>συγχωρήσω</strong></span> <span class='ocrx_word' id='word_1_114' title='bbox 1337 1552 1524 1623; x_wconf 85' lang='grc' dir='ltr'>αύτῷ;</span> <span class='ocrx_word' id='word_1_115' title='bbox 1578 1547 1748 1605; x_wconf 76' lang='grc' dir='ltr'>Εἶπεν</span> <span class='ocrx_word' id='word_1_116' title='bbox 1795 1553 1825 1606; x_wconf 85' lang='grc' dir='ltr'><strong>ό</strong></span> 
     </span>
    </p>
   </div>
   <div class='ocr_carea' id='block_1_16' title="bbox 224 1645 1824 1718">
    <p class='ocr_par' dir='ltr' id='par_1_16' title="bbox 224 1645 1824 1718">
     <span class='ocr_line' id='line_1_16' title="bbox 224 1645 1824 1718; baseline 0.001 -21"><span class='ocrx_word' id='word_1_117' title='bbox 224 1645 431 1718; x_wconf 83' lang='grc' dir='ltr'>Κύριος</span> <span class='ocrx_word' id='word_1_118' title='bbox 454 1663 468 1677; x_wconf 76' lang='grc' dir='ltr'><strong><em>ο</em></strong></span> <span class='ocrx_word' id='word_1_119' title='bbox 496 1647 657 1718; x_wconf 79' lang='grc' dir='ltr'>Οὐχὶ,</span> <span class='ocrx_word' id='word_1_120' title='bbox 684 1647 801 1701; x_wconf 81' lang='grc' dir='ltr'>ἀλλ’</span> <span class='ocrx_word' id='word_1_121' title='bbox 828 1648 1295 1718; x_wconf 70' lang='grc' dir='ltr'>ἑϐδομηκοντάκις</span> <span class='ocrx_word' id='word_1_122' title='bbox 1320 1646 1483 1713; x_wconf 69' lang='lat' dir='ltr'><strong>tm,</strong></span> <span class='ocrx_word' id='word_1_123' title='bbox 1512 1645 1601 1701; x_wconf 82' lang='grc' dir='ltr'>διὰ</span> <span class='ocrx_word' id='word_1_124' title='bbox 1630 1645 1824 1699; x_wconf 86' lang='grc' dir='ltr'>τούτου</span> 
     </span>
    </p>
   </div>
   <div class='ocr_carea' id='block_1_17' title="bbox 218 1738 1050 1809">
    <p class='ocr_par' dir='ltr' id='par_1_17' title="bbox 218 1738 1050 1809">
     <span class='ocr_line' id='line_1_17' title="bbox 218 1738 1050 1809; baseline 0.006 -20"><span class='ocrx_word' id='word_1_125' title='bbox 218 1738 284 1790; x_wconf 80' lang='grc' dir='ltr'><strong>τὸ</strong></span> <span class='ocrx_word' id='word_1_126' title='bbox 338 1738 710 1809; x_wconf 75' lang='grc' dir='ltr'>ἀναρίθμητον</span> <span class='ocrx_word' id='word_1_127' title='bbox 745 1739 1050 1807; x_wconf 67' lang='grc' dir='ltr'>ὑποδηλιῖΝ.</span> 
     </span>
    </p>
   </div>
   <div class='ocr_carea' id='block_1_18' title="bbox 304 1828 1823 1903">
    <p class='ocr_par' dir='ltr' id='par_1_18' title="bbox 304 1828 1823 1903">
     <span class='ocr_line' id='line_1_18' title="bbox 304 1828 1823 1903; baseline 0 -21"><span class='ocrx_word' id='word_1_128' title='bbox 304 1849 323 1881; x_wconf 82' lang='grc' dir='ltr'><strong>ι</strong></span> <span class='ocrx_word' id='word_1_129' title='bbox 351 1830 466 1883; x_wconf 73' lang='grc' dir='ltr'><strong>Καὶ</strong></span> <span class='ocrx_word' id='word_1_130' title='bbox 534 1828 690 1885; x_wconf 78' lang='grc' dir='ltr'>εἶπον</span> <span class='ocrx_word' id='word_1_131' title='bbox 747 1833 794 1885; x_wconf 88' lang='grc' dir='ltr'><strong>οί</strong></span> <span class='ocrx_word' id='word_1_132' title='bbox 865 1831 1261 1902; x_wconf 87' lang='grc' dir='ltr'>ἀπόστολοιτῷ</span> <span class='ocrx_word' id='word_1_133' title='bbox 1291 1829 1483 1903; x_wconf 79' lang='grc' dir='ltr'>Κυρίῳ</span> <span class='ocrx_word' id='word_1_134' title='bbox 1523 1848 1537 1862; x_wconf 77' lang='grc' dir='ltr'><strong>ο</strong></span> <span class='ocrx_word' id='word_1_135' title='bbox 1580 1829 1823 1900; x_wconf 83' lang='grc' dir='ltr'>Πρόσθες</span> 
     </span>
    </p>
   </div>
   <div class='ocr_carea' id='block_1_19' title="bbox 217 1917 1825 1994">
    <p class='ocr_par' dir='ltr' id='par_1_19' title="bbox 217 1917 1825 1994">
     <span class='ocr_line' id='line_1_19' title="bbox 217 1917 1825 1994; baseline 0.001 -22"><span class='ocrx_word' id='word_1_136' title='bbox 217 1922 357 1989; x_wconf 79' lang='grc' dir='ltr'>ἡμῖν</span> <span class='ocrx_word' id='word_1_137' title='bbox 409 1921 613 1974; x_wconf 86' lang='grc' dir='ltr'>πίστιν.</span> <span class='ocrx_word' id='word_1_138' title='bbox 667 1917 805 1975; x_wconf 82' lang='grc' dir='ltr'>Εῖπε</span> <span class='ocrx_word' id='word_1_139' title='bbox 838 1924 894 1977; x_wconf 70' lang='grc' dir='ltr'>δὲ</span> <span class='ocrx_word' id='word_1_140' title='bbox 958 1924 985 1977; x_wconf 87' lang='grc' dir='ltr'><strong>ό</strong></span> <span class='ocrx_word' id='word_1_141' title='bbox 1040 1922 1279 1994; x_wconf 77' lang='grc' dir='ltr'>Κυρίας·</span> <span class='ocrx_word' id='word_1_142' title='bbox 1309 1923 1370 1976; x_wconf 87' lang='grc' dir='ltr'>Εί</span> <span class='ocrx_word' id='word_1_143' title='bbox 1419 1922 1594 1991; x_wconf 76' lang='grc' dir='ltr'>εἴχετε</span> <span class='ocrx_word' id='word_1_144' title='bbox 1643 1922 1825 1976; x_wconf 86' lang='grc' dir='ltr'>πίστιν</span> 
     </span>
    </p>
   </div>
   <div class='ocr_carea' id='block_1_20' title="bbox 218 2010 1825 2085">
    <p class='ocr_par' dir='ltr' id='par_1_20' title="bbox 218 2010 1825 2085">
     <span class='ocr_line' id='line_1_20' title="bbox 218 2010 1825 2085; baseline -0.001 -20"><span class='ocrx_word' id='word_1_145' title='bbox 218 2010 299 2074; x_wconf 83' lang='grc' dir='ltr'><strong>ὡς</strong></span> <span class='ocrx_word' id='word_1_146' title='bbox 357 2013 557 2066; x_wconf 86' lang='grc' dir='ltr'>κόκκον</span> <span class='ocrx_word' id='word_1_147' title='bbox 638 2014 953 2081; x_wconf 78' lang='grc' dir='ltr'>σῖνάπεως,</span> <span class='ocrx_word' id='word_1_148' title='bbox 1002 2016 1221 2083; x_wconf 78' lang='grc' dir='ltr'><strong>ἐλέγετε</strong></span> <span class='ocrx_word' id='word_1_149' title='bbox 1284 2014 1350 2073; x_wconf 78' lang='grc' dir='ltr'>ἂν</span> <span class='ocrx_word' id='word_1_150' title='bbox 1401 2016 1468 2085; x_wconf 78' lang='grc' dir='ltr'>τῇ</span> <span class='ocrx_word' id='word_1_151' title='bbox 1537 2011 1825 2083; x_wconf 81' lang='grc' dir='ltr'>συκαμίνῳ</span> 
     </span>
    </p>
   </div>
   <div class='ocr_carea' id='block_1_21' title="bbox 215 2108 1826 2183">
    <p class='ocr_par' dir='ltr' id='par_1_21' title="bbox 215 2108 1826 2183">
     <span class='ocr_line' id='line_1_21' title="bbox 215 2108 1826 2183; baseline 0.001 -22"><span class='ocrx_word' id='word_1_152' title='bbox 215 2108 435 2180; x_wconf 79' lang='grc' dir='ltr'>ταύτῃο</span> <span class='ocrx_word' id='word_1_153' title='bbox 499 2110 908 2182; x_wconf 79' lang='grc' dir='ltr'>Ἐκριζώθητι,</span> <span class='ocrx_word' id='word_1_154' title='bbox 963 2112 1058 2165; x_wconf 78' lang='grc' dir='ltr'>καὶ</span> <span class='ocrx_word' id='word_1_155' title='bbox 1126 2111 1423 2183; x_wconf 77' lang='grc' dir='ltr'>φυτεύθητι</span> <span class='ocrx_word' id='word_1_156' title='bbox 1490 2112 1547 2163; x_wconf 84' lang='grc' dir='ltr'>ἐν</span> <span class='ocrx_word' id='word_1_157' title='bbox 1606 2112 1672 2180; x_wconf 79' lang='grc' dir='ltr'>τῇ</span> <span class='ocrx_word' id='word_1_158' title='bbox 1728 2109 1826 2163; x_wconf 87' lang='grc' dir='ltr'>θα-</span> 
     </span>
    </p>
   </div>
   <div class='ocr_carea' id='block_1_22' title="bbox 216 2201 1823 2276">
    <p class='ocr_par' dir='ltr' id='par_1_22' title="bbox 216 2201 1823 2276">
     <span class='ocr_line' id='line_1_22' title="bbox 216 2201 1823 2276; baseline 0.001 -21"><span class='ocrx_word' id='word_1_159' title='bbox 216 2201 419 2273; x_wconf 79' lang='grc' dir='ltr'>λάσσῃ,</span> <span class='ocrx_word' id='word_1_160' title='bbox 473 2204 569 2257; x_wconf 74' lang='grc' dir='ltr'>καὶ</span> <span class='ocrx_word' id='word_1_161' title='bbox 634 2205 953 2276; x_wconf 81' lang='grc' dir='ltr'>ὑπήκουσεν</span> <span class='ocrx_word' id='word_1_162' title='bbox 1001 2204 1067 2259; x_wconf 82' lang='grc' dir='ltr'>ἂν</span> <span class='ocrx_word' id='word_1_163' title='bbox 1127 2205 1277 2275; x_wconf 85' lang='grc' dir='ltr'>ύμῖν.</span> <span class='ocrx_word' id='word_1_164' title='bbox 1343 2203 1439 2267; x_wconf 86' lang='grc' dir='ltr'>Τίς</span> <span class='ocrx_word' id='word_1_165' title='bbox 1490 2203 1546 2256; x_wconf 79' lang='grc' dir='ltr'>δὲ</span> <span class='ocrx_word' id='word_1_166' title='bbox 1575 2202 1633 2272; x_wconf 63' lang='grc' dir='ltr'>ἐξ</span> <span class='ocrx_word' id='word_1_167' title='bbox 1666 2202 1823 2273; x_wconf 82' lang='grc' dir='ltr'>ὑμῶν</span> 
     </span>
    </p>
   </div>
   <div class='ocr_carea' id='block_1_23' title="bbox 214 2293 1823 2370">
    <p class='ocr_par' dir='ltr' id='par_1_23' title="bbox 214 2293 1823 2370">
     <span class='ocr_line' id='line_1_23' title="bbox 214 2293 1823 2370; baseline -0.001 -22"><span class='ocrx_word' id='word_1_168' title='bbox 214 2293 405 2348; x_wconf 84' lang='grc' dir='ltr'>δοῦλον</span> <span class='ocrx_word' id='word_1_169' title='bbox 436 2296 576 2365; x_wconf 76' lang='grc' dir='ltr'>ἔχων</span> <span class='ocrx_word' id='word_1_170' title='bbox 633 2298 1042 2370; x_wconf 80' lang='grc' dir='ltr'>ἀροτριῶνταῆ</span> <span class='ocrx_word' id='word_1_171' title='bbox 1094 2296 1481 2367; x_wconf 76' lang='grc' dir='ltr'>ποιμαίνοντα,</span> <span class='ocrx_word' id='word_1_172' title='bbox 1537 2294 1597 2358; x_wconf 81' lang='grc' dir='ltr'>ὃς</span> <span class='ocrx_word' id='word_1_173' title='bbox 1644 2295 1823 2348; x_wconf 80' lang='grc' dir='ltr'>είσελ-</span> 
     </span>
    </p>
   </div>
   <div class='ocr_carea' id='block_1_24' title="bbox 216 2386 1825 2461">
    <p class='ocr_par' dir='ltr' id='par_1_24' title="bbox 216 2386 1825 2461">
     <span class='ocr_line' id='line_1_24' title="bbox 216 2386 1825 2461; baseline -0.002 -18"><span class='ocrx_word' id='word_1_174' title='bbox 216 2387 369 2443; x_wconf 82' lang='grc' dir='ltr'>θόντι</span> <span class='ocrx_word' id='word_1_175' title='bbox 404 2388 557 2459; x_wconf 85' lang='grc' dir='ltr'>αύτῷ</span> <span class='ocrx_word' id='word_1_176' title='bbox 606 2391 669 2443; x_wconf 81' lang='grc' dir='ltr'>ὲκ</span> <span class='ocrx_word' id='word_1_177' title='bbox 720 2389 811 2443; x_wconf 81' lang='grc' dir='ltr'>τοῦ</span> <span class='ocrx_word' id='word_1_178' title='bbox 845 2389 1021 2458; x_wconf 81' lang='grc' dir='ltr'>ἀγροῦ</span> <span class='ocrx_word' id='word_1_179' title='bbox 1054 2392 1173 2461; x_wconf 82' lang='grc' dir='ltr'>ἐρεῖ</span> <span class='ocrx_word' id='word_1_180' title='bbox 1214 2406 1230 2421; x_wconf 88' lang='grc'><strong>·</strong></span> <span class='ocrx_word' id='word_1_181' title='bbox 1264 2389 1484 2452; x_wconf 82' lang='grc' dir='ltr'><strong>Εὐθέως</strong></span> <span class='ocrx_word' id='word_1_182' title='bbox 1533 2386 1825 2458; x_wconf 83' lang='grc' dir='ltr'>παρελθὼν</span> 
     </span>
    </p>
   </div>
   <div class='ocr_carea' id='block_1_25' title="bbox 215 2476 1823 2551">
    <p class='ocr_par' dir='ltr' id='par_1_25' title="bbox 215 2476 1823 2551">
     <span class='ocr_line' id='line_1_25' title="bbox 215 2476 1823 2551; baseline -0.002 -18"><span class='ocrx_word' id='word_1_183' title='bbox 215 2478 515 2544; x_wconf 77' lang='grc' dir='ltr'>ἀνάπεσαι,</span> <span class='ocrx_word' id='word_1_184' title='bbox 571 2480 687 2534; x_wconf 81' lang='grc' dir='ltr'>ἀλλ’</span> <span class='ocrx_word' id='word_1_185' title='bbox 728 2481 851 2551; x_wconf 76' lang='grc' dir='ltr'>οὐχὶ</span> <span class='ocrx_word' id='word_1_186' title='bbox 882 2482 999 2550; x_wconf 77' lang='grc' dir='ltr'>ἐρεῖ</span> <span class='ocrx_word' id='word_1_187' title='bbox 1024 2478 1175 2551; x_wconf 83' lang='grc' dir='ltr'><strong>αύτῷ</strong></span> <span class='ocrx_word' id='word_1_188' title='bbox 1209 2496 1223 2511; x_wconf 88' lang='grc'><strong>·</strong></span> <span class='ocrx_word' id='word_1_189' title='bbox 1272 2478 1600 2549; x_wconf 82' lang='grc' dir='ltr'>Ἑτοίμασον</span> <span class='ocrx_word' id='word_1_190' title='bbox 1629 2478 1681 2529; x_wconf 89' lang='grc' dir='ltr'>τί</span> <span class='ocrx_word' id='word_1_191' title='bbox 1712 2476 1823 2530; x_wconf 80' lang='grc' dir='ltr'>δει-</span> 
     </span>
    </p>
   </div>
   <div class='ocr_carea' id='block_1_26' title="bbox 216 2572 1825 2645">
    <p class='ocr_par' dir='ltr' id='par_1_26' title="bbox 216 2572 1825 2645">
     <span class='ocr_line' id='line_1_26' title="bbox 216 2572 1825 2645; baseline 0.001 -21"><span class='ocrx_word' id='word_1_192' title='bbox 216 2572 437 2642; x_wconf 86' lang='grc' dir='ltr'>πνήσω,</span> <span class='ocrx_word' id='word_1_193' title='bbox 468 2572 1054 2643; x_wconf 62' lang='grc' dir='ltr'>καίπεριξωσάμενος</span> <span class='ocrx_word' id='word_1_194' title='bbox 1097 2573 1340 2628; x_wconf 89' lang='grc' dir='ltr'>διακόνει</span> <span class='ocrx_word' id='word_1_195' title='bbox 1377 2592 1489 2645; x_wconf 89' lang='grc' dir='ltr'>μοι,</span> <span class='ocrx_word' id='word_1_196' title='bbox 1526 2574 1632 2637; x_wconf 75' lang='grc' dir='ltr'>ἕως</span> <span class='ocrx_word' id='word_1_197' title='bbox 1663 2573 1825 2643; x_wconf 85' lang='grc' dir='ltr'>φάγω</span> 
     </span>
    </p>
   </div>
   <div class='ocr_carea' id='block_1_27' title="bbox 223 2661 1821 2735">
    <p class='ocr_par' dir='ltr' id='par_1_27' title="bbox 223 2661 1821 2735">
     <span class='ocr_line' id='line_1_27' title="bbox 223 2661 1821 2735; baseline 0 -18"><span class='ocrx_word' id='word_1_198' title='bbox 223 2663 322 2717; x_wconf 77' lang='grc' dir='ltr'><strong>καὶ</strong></span> <span class='ocrx_word' id='word_1_199' title='bbox 363 2665 495 2728; x_wconf 85' lang='grc' dir='ltr'>πίω,</span> <span class='ocrx_word' id='word_1_200' title='bbox 528 2663 625 2718; x_wconf 73' lang='grc' dir='ltr'><strong>καὶ</strong></span> <span class='ocrx_word' id='word_1_201' title='bbox 660 2664 798 2735; x_wconf 85' lang='grc' dir='ltr'>μετά</span> <span class='ocrx_word' id='word_1_202' title='bbox 827 2661 1003 2718; x_wconf 79' lang='grc' dir='ltr'>ταῦτα</span> <span class='ocrx_word' id='word_1_203' title='bbox 1065 2665 1306 2735; x_wconf 83' lang='grc' dir='ltr'>φάγεσαι</span> <span class='ocrx_word' id='word_1_204' title='bbox 1349 2666 1442 2719; x_wconf 74' lang='grc' dir='ltr'>καὶ</span> <span class='ocrx_word' id='word_1_205' title='bbox 1502 2666 1688 2718; x_wconf 86' lang='grc' dir='ltr'>πίεσαι</span> <span class='ocrx_word' id='word_1_206' title='bbox 1721 2664 1821 2730; x_wconf 88' lang='grc' dir='ltr'>σύ;</span> 
     </span>
    </p>
   </div>
   <div class='ocr_carea' id='block_1_28' title="bbox 226 2755 1823 2829">
    <p class='ocr_par' dir='ltr' id='par_1_28' title="bbox 226 2755 1823 2829">
     <span class='ocr_line' id='line_1_28' title="bbox 226 2755 1823 2829; baseline 0 -19"><span class='ocrx_word' id='word_1_207' title='bbox 226 2755 327 2825; x_wconf 75' lang='grc' dir='ltr'><strong>Μὴ</strong></span> <span class='ocrx_word' id='word_1_208' title='bbox 357 2758 521 2827; x_wconf 77' lang='grc' dir='ltr'>γάοιν</span> <span class='ocrx_word' id='word_1_209' title='bbox 559 2756 777 2827; x_wconf 73' lang='grc' dir='ltr'>ἔχειτῷ</span> <span class='ocrx_word' id='word_1_210' title='bbox 804 2757 978 2827; x_wconf 84' lang='grc' dir='ltr'>δούλῳ</span> <span class='ocrx_word' id='word_1_211' title='bbox 1009 2759 1224 2829; x_wconf 71' lang='grc' dir='ltr'>ἐκείνῳ,</span> <span class='ocrx_word' id='word_1_212' title='bbox 1256 2760 1339 2813; x_wconf 84' lang='grc' dir='ltr'>ὅτι</span> <span class='ocrx_word' id='word_1_213' title='bbox 1360 2759 1587 2828; x_wconf 64' lang='grc' dir='ltr'>εποίησε</span> <span class='ocrx_word' id='word_1_214' title='bbox 1611 2760 1679 2812; x_wconf 78' lang='grc' dir='ltr'><strong>τά</strong></span> <span class='ocrx_word' id='word_1_215' title='bbox 1708 2759 1823 2811; x_wconf 89' lang='grc' dir='ltr'>δια-</span> 
     </span>
    </p>
   </div>
   <div class='ocr_carea' id='block_1_29' title="bbox 212 2849 1822 2922">
    <p class='ocr_par' dir='ltr' id='par_1_29' title="bbox 212 2849 1822 2922">
     <span class='ocr_line' id='line_1_29' title="bbox 212 2849 1822 2922; baseline 0 -19"><span class='ocrx_word' id='word_1_216' title='bbox 212 2849 490 2919; x_wconf 72' lang='grc' dir='ltr'>ταχθέντα</span> <span class='ocrx_word' id='word_1_217' title='bbox 528 2850 709 2921; x_wconf 83' lang='grc' dir='ltr'>αύτῷ;</span> <span class='ocrx_word' id='word_1_218' title='bbox 773 2850 849 2903; x_wconf 81' lang='grc' dir='ltr'><strong>Οὐ</strong></span> <span class='ocrx_word' id='word_1_219' title='bbox 882 2850 1047 2904; x_wconf 85' lang='grc' dir='ltr'>δοκῶ.</span> <span class='ocrx_word' id='word_1_220' title='bbox 1099 2850 1260 2905; x_wconf 77' lang='grc' dir='ltr'>Οὕτω</span> <span class='ocrx_word' id='word_1_221' title='bbox 1324 2853 1422 2904; x_wconf 85' lang='grc' dir='ltr'>καὶ</span> <span class='ocrx_word' id='word_1_222' title='bbox 1462 2852 1649 2922; x_wconf 82' lang='grc' dir='ltr'>ὑμεῖς,</span> <span class='ocrx_word' id='word_1_223' title='bbox 1690 2851 1822 2903; x_wconf 82' lang='grc' dir='ltr'>ὅταν</span> 
     </span>
    </p>
   </div>
   <div class='ocr_carea' id='block_1_30' title="bbox 215 2940 1823 3012">
    <p class='ocr_par' dir='ltr' id='par_1_30' title="bbox 215 2940 1823 3012">
     <span class='ocr_line' id='line_1_30' title="bbox 215 2940 1823 3012; baseline -0.001 -18"><span class='ocrx_word' id='word_1_224' title='bbox 215 2942 492 3011; x_wconf 78' lang='grc' dir='ltr'>ποιήσητε</span> <span class='ocrx_word' id='word_1_225' title='bbox 526 2942 706 2995; x_wconf 85' lang='grc' dir='ltr'>πάντα</span> <span class='ocrx_word' id='word_1_226' title='bbox 746 2940 815 2994; x_wconf 85' lang='grc' dir='ltr'><strong>τά</strong></span> <span class='ocrx_word' id='word_1_227' title='bbox 849 2941 1212 3012; x_wconf 81' lang='grc' dir='ltr'>διαταχθέντα</span> <span class='ocrx_word' id='word_1_228' title='bbox 1268 2942 1420 3011; x_wconf 80' lang='grc' dir='ltr'>ὑμῖν,</span> <span class='ocrx_word' id='word_1_229' title='bbox 1450 2941 1641 3011; x_wconf 85' lang='grc' dir='ltr'>λέγετε</span> <span class='ocrx_word' id='word_1_230' title='bbox 1667 2982 1683 3004; x_wconf 93' lang='grc'><strong>,</strong></span> <span class='ocrx_word' id='word_1_231' title='bbox 1738 2942 1823 2995; x_wconf 85' lang='grc' dir='ltr'>ὅτι</span> 
     </span>
    </p>
   </div>
   <div class='ocr_carea' id='block_1_31' title="bbox 226 3032 1825 3104">
    <p class='ocr_par' dir='ltr' id='par_1_31' title="bbox 226 3032 1825 3104">
     <span class='ocr_line' id='line_1_31' title="bbox 226 3032 1825 3104; baseline -0.002 -18"><span class='ocrx_word' id='word_1_232' title='bbox 226 3033 467 3103; x_wconf 85' lang='grc' dir='ltr'>Ἀχρεῖοι</span> <span class='ocrx_word' id='word_1_233' title='bbox 495 3032 650 3086; x_wconf 80' lang='grc' dir='ltr'>δοῦλο</span> <span class='ocrx_word' id='word_1_234' title='bbox 714 3034 905 3102; x_wconf 64' lang='grc' dir='ltr'>ἔσμεν,</span> <span class='ocrx_word' id='word_1_235' title='bbox 937 3032 965 3085; x_wconf 84' lang='grc' dir='ltr'><strong>δ</strong></span> <span class='ocrx_word' id='word_1_236' title='bbox 991 3032 1297 3103; x_wconf 75' lang='grc' dir='ltr'>ὠφείλομεν</span> <span class='ocrx_word' id='word_1_237' title='bbox 1316 3036 1565 3104; x_wconf 73' lang='grc' dir='ltr'>ποιῆσαι,</span> <span class='ocrx_word' id='word_1_238' title='bbox 1593 3033 1825 3104; x_wconf 85' lang='grc' dir='ltr'>πεποιή-</span> 
     </span>
    </p>
   </div>
   <div class='ocr_carea' id='block_1_32' title="bbox 217 3123 1821 3196">
    <p class='ocr_par' dir='ltr' id='par_1_32' title="bbox 217 3123 1821 3196">
     <span class='ocr_line' id='line_1_32' title="bbox 217 3123 1821 3196; baseline -0.002 -17"><span class='ocrx_word' id='word_1_239' title='bbox 217 3141 422 3194; x_wconf 66' lang='grc' dir='ltr'>καμεν.</span> <span class='ocrx_word' id='word_1_240' title='bbox 484 3143 502 3177; x_wconf 73' lang='grc' dir='ltr'><strong>ι</strong></span> <span class='ocrx_word' id='word_1_241' title='bbox 561 3126 625 3178; x_wconf 83' lang='lat' dir='ltr'><strong>Ol</strong></span> <span class='ocrx_word' id='word_1_242' title='bbox 665 3125 958 3178; x_wconf 88' lang='grc' dir='ltr'>ἀπόστολοι</span> <span class='ocrx_word' id='word_1_243' title='bbox 995 3126 1284 3178; x_wconf 71' lang='grc' dir='ltr'>ἐπίστευον</span> <span class='ocrx_word' id='word_1_244' title='bbox 1342 3126 1443 3196; x_wconf 83' lang='grc' dir='ltr'>μὲν</span> <span class='ocrx_word' id='word_1_245' title='bbox 1493 3123 1571 3195; x_wconf 86' lang='grc' dir='ltr'>τῷ</span> <span class='ocrx_word' id='word_1_246' title='bbox 1606 3125 1821 3195; x_wconf 85' lang='grc' dir='ltr'>Κυρίῳ,</span> 
     </span>
    </p>
   </div>
   <div class='ocr_carea' id='block_1_33' title="bbox 1925 631 3523 707">
    <p class='ocr_par' dir='ltr' id='par_1_33' title="bbox 1925 631 3523 707">
     <span class='ocr_line' id='line_1_33' title="bbox 1925 631 3523 707; baseline -0.004 -16"><span class='ocrx_word' id='word_1_247' title='bbox 1925 635 2143 691; x_wconf 89' lang='lat' dir='ltr'><strong>Sterilis</strong></span> <span class='ocrx_word' id='word_1_248' title='bbox 2172 636 2384 707; x_wconf 77' lang='lat' dir='ltr'><strong>peperit</strong></span> <span class='ocrx_word' id='word_1_249' title='bbox 2419 646 2653 704; x_wconf 82' lang='lat' dir='ltr'><strong>septem.</strong></span> <span class='ocrx_word' id='word_1_250' title='bbox 2690 633 2916 700; x_wconf 78' lang='lat' dir='ltr'><strong>Quoties</strong></span> <span class='ocrx_word' id='word_1_251' title='bbox 2948 631 3116 701; x_wconf 77' lang='lat' dir='ltr'><strong>igitur</strong></span> <span class='ocrx_word' id='word_1_252' title='bbox 3143 631 3523 700; x_wconf 66' lang='lat' dir='ltr'><strong>paenitentiam</strong></span> 
     </span>
    </p>
   </div>
   <div class='ocr_carea' id='block_1_34' title="bbox 1925 722 3523 801">
    <p class='ocr_par' dir='ltr' id='par_1_34' title="bbox 1925 722 3523 801">
     <span class='ocr_line' id='line_1_34' title="bbox 1925 722 3523 801; baseline -0.005 -18"><span class='ocrx_word' id='word_1_253' title='bbox 1925 729 2057 801; x_wconf 83' lang='lat' dir='ltr'><strong>agit,</strong></span> <span class='ocrx_word' id='word_1_254' title='bbox 2090 728 2252 783; x_wconf 91' lang='lat' dir='ltr'><strong>toties</strong></span> <span class='ocrx_word' id='word_1_255' title='bbox 2310 728 2591 783; x_wconf 81' lang='lat' dir='ltr'><strong>remittere</strong></span> <span class='ocrx_word' id='word_1_256' title='bbox 2638 734 2876 795; x_wconf 78' lang='lat' dir='ltr'><strong>Oportet.</strong></span> <span class='ocrx_word' id='word_1_257' title='bbox 2931 722 3051 778; x_wconf 86' lang='lat' dir='ltr'><strong>Non</strong></span> <span class='ocrx_word' id='word_1_258' title='bbox 3105 724 3253 776; x_wconf 88' lang='lat' dir='ltr'><strong>enim</strong></span> <span class='ocrx_word' id='word_1_259' title='bbox 3310 722 3523 792; x_wconf 77' lang='lat' dir='ltr'><strong>cogites</strong></span> 
     </span>
    </p>
   </div>
   <div class='ocr_carea' id='block_1_35' title="bbox 1924 812 3528 892">
    <p class='ocr_par' dir='ltr' id='par_1_35' title="bbox 1924 812 3528 892">
     <span class='ocr_line' id='line_1_35' title="bbox 1924 812 3528 892; baseline -0.008 -14"><span class='ocrx_word' id='word_1_260' title='bbox 1924 823 2067 892; x_wconf 87' lang='lat' dir='ltr'><strong>quod</strong></span> <span class='ocrx_word' id='word_1_261' title='bbox 2110 820 2372 876; x_wconf 86' lang='lat' dir='ltr'><strong>Dominus</strong></span> <span class='ocrx_word' id='word_1_262' title='bbox 2408 828 2574 890; x_wconf 89' lang='lat' dir='ltr'><strong>ponat</strong></span> <span class='ocrx_word' id='word_1_263' title='bbox 2624 832 2912 873; x_wconf 87' lang='lat' dir='ltr'><strong>numerum</strong></span> <span class='ocrx_word' id='word_1_264' title='bbox 2977 814 3322 870; x_wconf 87' lang='lat' dir='ltr'><strong>remissionis</strong></span> <span class='ocrx_word' id='word_1_265' title='bbox 3367 851 3381 873; x_wconf 86' lang='lat'><strong>,</strong></span> <span class='ocrx_word' id='word_1_266' title='bbox 3434 812 3528 866; x_wconf 88' lang='lat' dir='ltr'><strong>sed</strong></span> 
     </span>
    </p>
   </div>
   <div class='ocr_carea' id='block_1_36' title="bbox 1926 909 3531 984">
    <p class='ocr_par' dir='ltr' id='par_1_36' title="bbox 1926 909 3531 984">
     <span class='ocr_line' id='line_1_36' title="bbox 1926 909 3531 984; baseline -0.007 -15"><span class='ocrx_word' id='word_1_267' title='bbox 1926 928 2022 984; x_wconf 84' lang='lat' dir='ltr'><strong>per</strong></span> <span class='ocrx_word' id='word_1_268' title='bbox 2053 911 2517 982; x_wconf 86' lang='lat' dir='ltr'><strong>septiesintellige</strong></span> <span class='ocrx_word' id='word_1_269' title='bbox 2554 910 2777 979; x_wconf 68' lang='lat' dir='ltr'><strong>saepius,</strong></span> <span class='ocrx_word' id='word_1_270' title='bbox 2804 919 2858 965; x_wconf 92' lang='lat' dir='ltr'><strong>et</strong></span> <span class='ocrx_word' id='word_1_271' title='bbox 2891 909 3009 963; x_wconf 89' lang='lat' dir='ltr'><strong>sine</strong></span> <span class='ocrx_word' id='word_1_272' title='bbox 3026 921 3258 962; x_wconf 87' lang='lat' dir='ltr'><strong>numero</strong></span> <span class='ocrx_word' id='word_1_273' title='bbox 3294 924 3307 958; x_wconf 91' lang='lat'><strong>:</strong></span> <span class='ocrx_word' id='word_1_274' title='bbox 3336 920 3531 984; x_wconf 71' lang='lat' dir='ltr'><strong>quem-</strong></span> 
     </span>
    </p>
   </div>
   <div class='ocr_carea' id='block_1_37' title="bbox 1927 998 3532 1070">
    <p class='ocr_par' dir='ltr' id='par_1_37' title="bbox 1927 998 3532 1070">
     <span class='ocr_line' id='line_1_37' title="bbox 1927 998 3532 1070; baseline -0.007 -8"><span class='ocrx_word' id='word_1_275' title='bbox 1927 1007 2226 1062; x_wconf 83' lang='lat' dir='ltr'><strong>admodum</strong></span> <span class='ocrx_word' id='word_1_276' title='bbox 2264 1014 2319 1060; x_wconf 92' lang='lat' dir='ltr'><strong>et</strong></span> <span class='ocrx_word' id='word_1_277' title='bbox 2379 1006 2433 1059; x_wconf 90' lang='lat' dir='ltr'><strong>in</strong></span> <span class='ocrx_word' id='word_1_278' title='bbox 2476 1003 2735 1058; x_wconf 78' lang='lat' dir='ltr'><strong>familiari</strong></span> <span class='ocrx_word' id='word_1_279' title='bbox 2790 1001 3065 1070; x_wconf 79' lang='lat' dir='ltr'><strong>colloquio</strong></span> <span class='ocrx_word' id='word_1_280' title='bbox 3125 998 3365 1054; x_wconf 87' lang='lat' dir='ltr'><strong>dicimus</strong></span> <span class='ocrx_word' id='word_1_281' title='bbox 3435 1012 3532 1052; x_wconf 88' lang='lat' dir='ltr'><strong>ur-</strong></span> 
     </span>
    </p>
   </div>
   <div class='ocr_carea' id='block_1_38' title="bbox 1928 1090 3520 1163">
    <p class='ocr_par' dir='ltr' id='par_1_38' title="bbox 1928 1090 3520 1163">
     <span class='ocr_line' id='line_1_38' title="bbox 1928 1090 3520 1163; baseline -0.011 -6"><span class='ocrx_word' id='word_1_282' title='bbox 1928 1104 2047 1158; x_wconf 89' lang='lat' dir='ltr'><strong>bem</strong></span> <span class='ocrx_word' id='word_1_283' title='bbox 2082 1100 2270 1156; x_wconf 88' lang='lat' dir='ltr'><strong>decem</strong></span> <span class='ocrx_word' id='word_1_284' title='bbox 2308 1098 2561 1162; x_wconf 78' lang='lat' dir='ltr'><strong>millium,</strong></span> <span class='ocrx_word' id='word_1_285' title='bbox 2593 1111 2701 1150; x_wconf 88' lang='lat' dir='ltr'><strong>non</strong></span> <span class='ocrx_word' id='word_1_286' title='bbox 2734 1093 2879 1163; x_wconf 84' lang='lat' dir='ltr'><strong>quod</strong></span> <span class='ocrx_word' id='word_1_287' title='bbox 2917 1092 3107 1147; x_wconf 87' lang='lat' dir='ltr'><strong>decem</strong></span> <span class='ocrx_word' id='word_1_288' title='bbox 3131 1090 3301 1143; x_wconf 83' lang='lat' dir='ltr'><strong>millia</strong></span> <span class='ocrx_word' id='word_1_289' title='bbox 3333 1097 3390 1143; x_wconf 88' lang='lat' dir='ltr'><strong>et</strong></span> <span class='ocrx_word' id='word_1_290' title='bbox 3416 1103 3520 1141; x_wconf 91' lang='lat' dir='ltr'><strong>non</strong></span> 
     </span>
    </p>
   </div>
   <div class='ocr_carea' id='block_1_39' title="bbox 1929 1180 3529 1267">
    <p class='ocr_par' dir='ltr' id='par_1_39' title="bbox 1929 1180 3529 1267">
     <span class='ocr_line' id='line_1_39' title="bbox 1929 1180 3529 1267; baseline -0.008 -19"><span class='ocrx_word' id='word_1_291' title='bbox 1929 1195 2114 1267; x_wconf 80' lang='lat' dir='ltr'><strong>plures</strong></span> <span class='ocrx_word' id='word_1_292' title='bbox 2152 1193 2300 1247; x_wconf 83' lang='lat' dir='ltr'><strong>viros</strong></span> <span class='ocrx_word' id='word_1_293' title='bbox 2331 1191 2532 1246; x_wconf 83' lang='lat' dir='ltr'><strong>habeat</strong></span> <span class='ocrx_word' id='word_1_294' title='bbox 2569 1206 2585 1245; x_wconf 87' lang='lat'><strong>:</strong></span> <span class='ocrx_word' id='word_1_295' title='bbox 2638 1203 2763 1242; x_wconf 90' lang='lat' dir='ltr'><strong>nam</strong></span> <span class='ocrx_word' id='word_1_296' title='bbox 2796 1185 3046 1240; x_wconf 81' lang='lat' dir='ltr'><strong>fortassis</strong></span> <span class='ocrx_word' id='word_1_297' title='bbox 3084 1183 3265 1253; x_wconf 89' lang='lat' dir='ltr'><strong>plures</strong></span> <span class='ocrx_word' id='word_1_298' title='bbox 3318 1180 3483 1235; x_wconf 82' lang='lat' dir='ltr'><strong>habet</strong></span> <span class='ocrx_word' id='word_1_299' title='bbox 3511 1199 3529 1235; x_wconf 75' lang='grc' dir='ltr'><strong>ι</strong></span> 
     </span>
    </p>
   </div>
   <div class='ocr_carea' id='block_1_40' title="bbox 1928 1272 3535 1343">
    <p class='ocr_par' dir='ltr' id='par_1_40' title="bbox 1928 1272 3535 1343">
     <span class='ocr_line' id='line_1_40' title="bbox 1928 1272 3535 1343; baseline -0.01 0"><span class='ocrx_word' id='word_1_300' title='bbox 1928 1286 2024 1343; x_wconf 87' lang='lat' dir='ltr'><strong>sed</strong></span> <span class='ocrx_word' id='word_1_301' title='bbox 2050 1286 2191 1341; x_wconf 90' lang='lat' dir='ltr'><strong>idem</strong></span> <span class='ocrx_word' id='word_1_302' title='bbox 2225 1283 2408 1338; x_wconf 83' lang='lat' dir='ltr'><strong>dicere</strong></span> <span class='ocrx_word' id='word_1_303' title='bbox 2472 1281 2724 1337; x_wconf 89' lang='lat' dir='ltr'><strong>volumus</strong></span> <span class='ocrx_word' id='word_1_304' title='bbox 2766 1294 2830 1334; x_wconf 88' lang='lat' dir='ltr'><strong>ac</strong></span> <span class='ocrx_word' id='word_1_305' title='bbox 2870 1279 2915 1332; x_wconf 87' lang='lat' dir='ltr'><strong>si</strong></span> <span class='ocrx_word' id='word_1_306' title='bbox 2973 1275 3281 1331; x_wconf 82' lang='lat' dir='ltr'><strong>diceremus</strong></span> <span class='ocrx_word' id='word_1_307' title='bbox 3333 1272 3535 1327; x_wconf 91' lang='lat' dir='ltr'><strong>multo-</strong></span> 
     </span>
    </p>
   </div>
   <div class='ocr_carea' id='block_1_41' title="bbox 1930 1366 3536 1443">
    <p class='ocr_par' dir='ltr' id='par_1_41' title="bbox 1930 1366 3536 1443">
     <span class='ocr_line' id='line_1_41' title="bbox 1930 1366 3536 1443; baseline -0.008 -12"><span class='ocrx_word' id='word_1_308' title='bbox 1930 1393 2050 1432; x_wconf 89' lang='lat' dir='ltr'><strong>rum</strong></span> <span class='ocrx_word' id='word_1_309' title='bbox 2081 1377 2348 1431; x_wconf 86' lang='lat' dir='ltr'><strong>virorum.</strong></span> <span class='ocrx_word' id='word_1_310' title='bbox 2380 1372 2449 1428; x_wconf 83' lang='lat' dir='ltr'><strong>Et</strong></span> <span class='ocrx_word' id='word_1_311' title='bbox 2498 1374 2641 1443; x_wconf 92' lang='lat' dir='ltr'><strong>quod</strong></span> <span class='ocrx_word' id='word_1_312' title='bbox 2686 1372 2791 1426; x_wconf 91' lang='lat' dir='ltr'><strong>hoc</strong></span> <span class='ocrx_word' id='word_1_313' title='bbox 2838 1369 2987 1423; x_wconf 86' lang='lat' dir='ltr'><strong>dicat</strong></span> <span class='ocrx_word' id='word_1_314' title='bbox 3055 1366 3411 1421; x_wconf 86' lang='lat' dir='ltr'><strong>manifestum</strong></span> <span class='ocrx_word' id='word_1_315' title='bbox 3452 1374 3536 1420; x_wconf 89' lang='lat' dir='ltr'><strong>est</strong></span> 
     </span>
    </p>
   </div>
   <div class='ocr_carea' id='block_1_42' title="bbox 1930 1456 3532 1525">
    <p class='ocr_par' dir='ltr' id='par_1_42' title="bbox 1930 1456 3532 1525">
     <span class='ocr_line' id='line_1_42' title="bbox 1930 1456 3532 1525; baseline -0.01 0"><span class='ocrx_word' id='word_1_316' title='bbox 1930 1486 1996 1525; x_wconf 81' lang='lat' dir='ltr'><strong>ex</strong></span> <span class='ocrx_word' id='word_1_317' title='bbox 2022 1469 2295 1524; x_wconf 69' lang='lat' dir='ltr'><strong>blattlimo.</strong></span> <span class='ocrx_word' id='word_1_318' title='bbox 2328 1466 2448 1521; x_wconf 72' lang='lat' dir='ltr'><strong>illic</strong></span> <span class='ocrx_word' id='word_1_319' title='bbox 2476 1465 2633 1520; x_wconf 79' lang='lat' dir='ltr'><strong>enim</strong></span> <span class='ocrx_word' id='word_1_320' title='bbox 2663 1479 2789 1520; x_wconf 90' lang='lat' dir='ltr'><strong>cum</strong></span> <span class='ocrx_word' id='word_1_321' title='bbox 2827 1462 3057 1517; x_wconf 77' lang='lat' dir='ltr'><strong>dixisset</strong></span> <span class='ocrx_word' id='word_1_322' title='bbox 3101 1460 3332 1514; x_wconf 88' lang='lat' dir='ltr'><strong>Petrus:</strong></span> <span class='ocrx_word' id='word_1_323' title='bbox 3381 1456 3532 1510; x_wconf 79' lang='lat' dir='ltr'><strong>Nun-</strong></span> 
     </span>
    </p>
   </div>
   <div class='ocr_carea' id='block_1_43' title="bbox 1930 1548 3527 1633">
    <p class='ocr_par' dir='ltr' id='par_1_43' title="bbox 1930 1548 3527 1633">
     <span class='ocr_line' id='line_1_43' title="bbox 1930 1548 3527 1633; baseline -0.009 -17"><span class='ocrx_word' id='word_1_324' title='bbox 1930 1562 2081 1633; x_wconf 82' lang='lat' dir='ltr'><strong>quid,</strong></span> <span class='ocrx_word' id='word_1_325' title='bbox 2132 1558 2384 1623; x_wconf 88' lang='lat' dir='ltr'><strong>Domine,</strong></span> <span class='ocrx_word' id='word_1_326' title='bbox 2426 1572 2598 1627; x_wconf 88' lang='lat' dir='ltr'><strong>usque</strong></span> <span class='ocrx_word' id='word_1_327' title='bbox 2648 1556 2852 1625; x_wconf 88' lang='lat' dir='ltr'><strong>septies</strong></span> <span class='ocrx_word' id='word_1_328' title='bbox 2901 1553 3178 1607; x_wconf 86' lang='lat' dir='ltr'><strong>remittam</strong></span> <span class='ocrx_word' id='word_1_329' title='bbox 3213 1551 3261 1604; x_wconf 90' lang='lat' dir='ltr'><strong>ei</strong></span> <span class='ocrx_word' id='word_1_330' title='bbox 3287 1550 3368 1603; x_wconf 76' lang='grc' dir='ltr'><strong>ιιι</strong></span> <span class='ocrx_word' id='word_1_331' title='bbox 3419 1548 3527 1601; x_wconf 90' lang='lat' dir='ltr'><strong>Do-</strong></span> 
     </span>
    </p>
   </div>
   <div class='ocr_carea' id='block_1_44' title="bbox 1931 1644 3539 1716">
    <p class='ocr_par' dir='ltr' id='par_1_44' title="bbox 1931 1644 3539 1716">
     <span class='ocr_line' id='line_1_44' title="bbox 1931 1644 3539 1716; baseline -0.009 -8"><span class='ocrx_word' id='word_1_332' title='bbox 1931 1654 2113 1708; x_wconf 86' lang='lat' dir='ltr'><strong>minus</strong></span> <span class='ocrx_word' id='word_1_333' title='bbox 2146 1651 2321 1706; x_wconf 80' lang='lat' dir='ltr'><strong>dixit:</strong></span> <span class='ocrx_word' id='word_1_334' title='bbox 2359 1649 2500 1715; x_wconf 82' lang='lat' dir='ltr'><strong>Non,</strong></span> <span class='ocrx_word' id='word_1_335' title='bbox 2565 1648 2658 1703; x_wconf 90' lang='lat' dir='ltr'><strong>sed</strong></span> <span class='ocrx_word' id='word_1_336' title='bbox 2690 1646 2999 1716; x_wconf 84' lang='lat' dir='ltr'><strong>septuagies</strong></span> <span class='ocrx_word' id='word_1_337' title='bbox 3056 1644 3278 1713; x_wconf 83' lang='lat' dir='ltr'><strong>septies,</strong></span> <span class='ocrx_word' id='word_1_338' title='bbox 3332 1652 3385 1696; x_wconf 86' lang='lat' dir='ltr'><strong>et</strong></span> <span class='ocrx_word' id='word_1_339' title='bbox 3441 1656 3539 1710; x_wconf 80' lang='lat' dir='ltr'><strong>per</strong></span> 
     </span>
    </p>
   </div>
   <div class='ocr_carea' id='block_1_45' title="bbox 1931 1740 2795 1809">
    <p class='ocr_par' dir='ltr' id='par_1_45' title="bbox 1931 1740 2795 1809">
     <span class='ocr_line' id='line_1_45' title="bbox 1931 1740 2795 1809; baseline -0.01 -9"><span class='ocrx_word' id='word_1_340' title='bbox 1931 1746 2034 1801; x_wconf 91' lang='lat' dir='ltr'><strong>hoc</strong></span> <span class='ocrx_word' id='word_1_341' title='bbox 2069 1741 2488 1797; x_wconf 81' lang='lat' dir='ltr'><strong>innumerabilia</strong></span> <span class='ocrx_word' id='word_1_342' title='bbox 2524 1740 2795 1809; x_wconf 76' lang='lat' dir='ltr'><strong>designat.</strong></span> 
     </span>
    </p>
   </div>
   <div class='ocr_carea' id='block_1_46' title="bbox 2004 1824 3527 1895">
    <p class='ocr_par' dir='ltr' id='par_1_46' title="bbox 2004 1824 3527 1895">
     <span class='ocr_line' id='line_1_46' title="bbox 2004 1824 3527 1895; baseline -0.007 -6"><span class='ocrx_word' id='word_1_343' title='bbox 2004 1834 2167 1891; x_wconf 72' lang='lat' dir='ltr'><strong>Vsus.</strong></span> <span class='ocrx_word' id='word_1_344' title='bbox 2226 1834 2384 1889; x_wconf 82' lang='lat' dir='ltr'><strong>5-l0.</strong></span> <span class='ocrx_word' id='word_1_345' title='bbox 2429 1852 2449 1886; x_wconf 78' lang='grc' dir='ltr'><strong>ι</strong></span> <span class='ocrx_word' id='word_1_346' title='bbox 2512 1832 2583 1887; x_wconf 89' lang='grc' dir='ltr'><strong>Ει</strong></span> <span class='ocrx_word' id='word_1_347' title='bbox 2632 1831 2891 1885; x_wconf 83' lang='lat' dir='ltr'><strong>dixerunt</strong></span> <span class='ocrx_word' id='word_1_348' title='bbox 2952 1826 3185 1895; x_wconf 61' lang='lat' dir='ltr'><strong>apostoli</strong></span> <span class='ocrx_word' id='word_1_349' title='bbox 3240 1824 3527 1879; x_wconf 90' lang='lat' dir='ltr'><strong>Domino:</strong></span> 
     </span>
    </p>
   </div>
   <div class='ocr_carea' id='block_1_47' title="bbox 1930 1918 3538 2001">
    <p class='ocr_par' dir='ltr' id='par_1_47' title="bbox 1930 1918 3538 2001">
     <span class='ocr_line' id='line_1_47' title="bbox 1930 1918 3538 2001; baseline -0.01 -16"><span class='ocrx_word' id='word_1_350' title='bbox 1930 1929 2155 2001; x_wconf 83' lang='lat' dir='ltr'><strong>Adauge</strong></span> <span class='ocrx_word' id='word_1_351' title='bbox 2182 1927 2339 1983; x_wconf 84' lang='lat' dir='ltr'><strong>nobis</strong></span> <span class='ocrx_word' id='word_1_352' title='bbox 2367 1926 2549 1980; x_wconf 88' lang='lat' dir='ltr'><strong>fidem.</strong></span> <span class='ocrx_word' id='word_1_353' title='bbox 2586 1925 2734 1978; x_wconf 78' lang='lat' dir='ltr'><strong>Dixit</strong></span> <span class='ocrx_word' id='word_1_354' title='bbox 2770 1932 2953 1977; x_wconf 87' lang='lat' dir='ltr'><strong>autem</strong></span> <span class='ocrx_word' id='word_1_355' title='bbox 2980 1920 3243 1975; x_wconf 82' lang='lat' dir='ltr'><strong>Dominus</strong></span> <span class='ocrx_word' id='word_1_356' title='bbox 3274 1932 3287 1969; x_wconf 88' lang='lat'><strong>:</strong></span> <span class='ocrx_word' id='word_1_357' title='bbox 3318 1918 3385 1971; x_wconf 87' lang='lat' dir='ltr'><strong>.Si</strong></span> <span class='ocrx_word' id='word_1_358' title='bbox 3438 1918 3538 1971; x_wconf 87' lang='lat' dir='ltr'><strong>ha-</strong></span> 
     </span>
    </p>
   </div>
   <div class='ocr_carea' id='block_1_48' title="bbox 1931 2010 3539 2087">
    <p class='ocr_par' dir='ltr' id='par_1_48' title="bbox 1931 2010 3539 2087">
     <span class='ocr_line' id='line_1_48' title="bbox 1931 2010 3539 2087; baseline -0.009 -10"><span class='ocrx_word' id='word_1_359' title='bbox 1931 2023 2135 2077; x_wconf 85' lang='lat' dir='ltr'><strong>beretis</strong></span> <span class='ocrx_word' id='word_1_360' title='bbox 2170 2022 2328 2076; x_wconf 75' lang='lat' dir='ltr'><strong>fidem</strong></span> <span class='ocrx_word' id='word_1_361' title='bbox 2361 2020 2504 2074; x_wconf 86' lang='lat' dir='ltr'><strong>sicut</strong></span> <span class='ocrx_word' id='word_1_362' title='bbox 2556 2032 2785 2087; x_wconf 81' lang='lat' dir='ltr'><strong>granum</strong></span> <span class='ocrx_word' id='word_1_363' title='bbox 2814 2016 3044 2084; x_wconf 87' lang='lat' dir='ltr'><strong>sinapis,</strong></span> <span class='ocrx_word' id='word_1_364' title='bbox 3082 2011 3363 2066; x_wconf 61' lang='lat' dir='ltr'><strong>dixis-setis</strong></span> <span class='ocrx_word' id='word_1_365' title='bbox 3415 2010 3539 2063; x_wconf 86' lang='lat' dir='ltr'><strong>huic</strong></span> 
     </span>
    </p>
   </div>
   <div class='ocr_carea' id='block_1_49' title="bbox 1929 2102 3521 2185">
    <p class='ocr_par' dir='ltr' id='par_1_49' title="bbox 1929 2102 3521 2185">
     <span class='ocr_line' id='line_1_49' title="bbox 1929 2102 3521 2185; baseline -0.01 -15"><span class='ocrx_word' id='word_1_366' title='bbox 1929 2115 2111 2170; x_wconf 85' lang='lat' dir='ltr'><strong>arbori</strong></span> <span class='ocrx_word' id='word_1_367' title='bbox 2174 2113 2492 2185; x_wconf 89' lang='lat' dir='ltr'><strong>sycamino,</strong></span> <span class='ocrx_word' id='word_1_368' title='bbox 2548 2109 2844 2163; x_wconf 82' lang='lat' dir='ltr'><strong>Eradicare</strong></span> <span class='ocrx_word' id='word_1_369' title='bbox 2894 2118 2948 2161; x_wconf 87' lang='lat' dir='ltr'><strong>et</strong></span> <span class='ocrx_word' id='word_1_370' title='bbox 3000 2104 3405 2175; x_wconf 86' lang='lat' dir='ltr'><strong>transplantare</strong></span> <span class='ocrx_word' id='word_1_371' title='bbox 3469 2102 3521 2154; x_wconf 92' lang='lat' dir='ltr'><strong>in</strong></span> 
     </span>
    </p>
   </div>
   <div class='ocr_carea' id='block_1_50' title="bbox 1930 2195 3537 2270">
    <p class='ocr_par' dir='ltr' id='par_1_50' title="bbox 1930 2195 3537 2270">
     <span class='ocr_line' id='line_1_50' title="bbox 1930 2195 3537 2270; baseline -0.009 -10"><span class='ocrx_word' id='word_1_372' title='bbox 1930 2220 2081 2260; x_wconf 86' lang='lat' dir='ltr'><strong>mare</strong></span> <span class='ocrx_word' id='word_1_373' title='bbox 2107 2244 2122 2270; x_wconf 94' lang='lat'><strong>,</strong></span> <span class='ocrx_word' id='word_1_374' title='bbox 2152 2212 2205 2260; x_wconf 95' lang='lat' dir='ltr'><strong>et</strong></span> <span class='ocrx_word' id='word_1_375' title='bbox 2230 2203 2507 2259; x_wconf 82' lang='lat' dir='ltr'><strong>obedisset</strong></span> <span class='ocrx_word' id='word_1_376' title='bbox 2540 2202 2715 2257; x_wconf 83' lang='lat' dir='ltr'><strong>vobis.</strong></span> <span class='ocrx_word' id='word_1_377' title='bbox 2749 2199 2884 2265; x_wconf 82' lang='lat' dir='ltr'><strong>Quis</strong></span> <span class='ocrx_word' id='word_1_378' title='bbox 2914 2207 3095 2251; x_wconf 90' lang='lat' dir='ltr'><strong>autem</strong></span> <span class='ocrx_word' id='word_1_379' title='bbox 3127 2206 3373 2250; x_wconf 91' lang='lat' dir='ltr'><strong>vestrum</strong></span> <span class='ocrx_word' id='word_1_380' title='bbox 3436 2195 3537 2247; x_wconf 82' lang='lat' dir='ltr'><strong>ha-</strong></span> 
     </span>
    </p>
   </div>
   <div class='ocr_carea' id='block_1_51' title="bbox 1929 2286 3539 2358">
    <p class='ocr_par' dir='ltr' id='par_1_51' title="bbox 1929 2286 3539 2358">
     <span class='ocr_line' id='line_1_51' title="bbox 1929 2286 3539 2358; baseline -0.01 -5"><span class='ocrx_word' id='word_1_381' title='bbox 1929 2296 2063 2352; x_wconf 86' lang='lat' dir='ltr'><strong>bens</strong></span> <span class='ocrx_word' id='word_1_382' title='bbox 2096 2312 2313 2352; x_wconf 86' lang='lat' dir='ltr'><strong>servum</strong></span> <span class='ocrx_word' id='word_1_383' title='bbox 2346 2303 2592 2348; x_wconf 87' lang='lat' dir='ltr'><strong>arantem</strong></span> <span class='ocrx_word' id='word_1_384' title='bbox 2631 2303 2724 2346; x_wconf 90' lang='lat' dir='ltr'><strong>aut</strong></span> <span class='ocrx_word' id='word_1_385' title='bbox 2770 2298 3114 2358; x_wconf 89' lang='lat' dir='ltr'><strong>pascentem,</strong></span> <span class='ocrx_word' id='word_1_386' title='bbox 3145 2286 3235 2354; x_wconf 89' lang='lat' dir='ltr'><strong>qui</strong></span> <span class='ocrx_word' id='word_1_387' title='bbox 3292 2299 3539 2357; x_wconf 81' lang='lat' dir='ltr'><strong>regresso</strong></span> 
     </span>
    </p>
   </div>
   <div class='ocr_carea' id='block_1_52' title="bbox 1930 2382 3537 2461">
    <p class='ocr_par' dir='ltr' id='par_1_52' title="bbox 1930 2382 3537 2461">
     <span class='ocr_line' id='line_1_52' title="bbox 1930 2382 3537 2461; baseline -0.009 -16"><span class='ocrx_word' id='word_1_388' title='bbox 1930 2390 2002 2446; x_wconf 84' lang='lat' dir='ltr'><strong>ab</strong></span> <span class='ocrx_word' id='word_1_389' title='bbox 2033 2404 2165 2461; x_wconf 86' lang='lat' dir='ltr'><strong>agro</strong></span> <span class='ocrx_word' id='word_1_390' title='bbox 2198 2388 2341 2442; x_wconf 88' lang='lat' dir='ltr'><strong>dicat</strong></span> <span class='ocrx_word' id='word_1_391' title='bbox 2370 2405 2383 2438; x_wconf 74' lang='grc' dir='ltr'><em>τ</em></span> <span class='ocrx_word' id='word_1_392' title='bbox 2426 2384 2620 2441; x_wconf 88' lang='lat' dir='ltr'><strong>Statim</strong></span> <span class='ocrx_word' id='word_1_393' title='bbox 2661 2383 2829 2439; x_wconf 89' lang='lat' dir='ltr'><strong>transi</strong></span> <span class='ocrx_word' id='word_1_394' title='bbox 2860 2392 2916 2439; x_wconf 93' lang='lat' dir='ltr'><strong>et</strong></span> <span class='ocrx_word' id='word_1_395' title='bbox 2970 2382 3234 2436; x_wconf 89' lang='lat' dir='ltr'><strong>accumbe</strong></span> <span class='ocrx_word' id='word_1_396' title='bbox 3269 2397 3283 2445; x_wconf 93' lang='lat'><strong>;</strong></span> <span class='ocrx_word' id='word_1_397' title='bbox 3319 2394 3383 2433; x_wconf 85' lang='lat' dir='ltr'><strong>ac</strong></span> <span class='ocrx_word' id='word_1_398' title='bbox 3429 2393 3537 2431; x_wconf 86' lang='lat' dir='ltr'><strong>non</strong></span> 
     </span>
    </p>
   </div>
   <div class='ocr_carea' id='block_1_53' title="bbox 1927 2472 3540 2555">
    <p class='ocr_par' dir='ltr' id='par_1_53' title="bbox 1927 2472 3540 2555">
     <span class='ocr_line' id='line_1_53' title="bbox 1927 2472 3540 2555; baseline -0.011 -16"><span class='ocrx_word' id='word_1_399' title='bbox 1927 2482 2113 2555; x_wconf 88' lang='lat' dir='ltr'><strong>potius</strong></span> <span class='ocrx_word' id='word_1_400' title='bbox 2144 2481 2278 2537; x_wconf 92' lang='lat' dir='ltr'><strong>dicit</strong></span> <span class='ocrx_word' id='word_1_401' title='bbox 2302 2480 2377 2535; x_wconf 92' lang='lat' dir='ltr'><strong>illi</strong></span> <span class='ocrx_word' id='word_1_402' title='bbox 2419 2496 2433 2533; x_wconf 91' lang='lat'><strong>:</strong></span> <span class='ocrx_word' id='word_1_403' title='bbox 2460 2479 2599 2533; x_wconf 87' lang='lat' dir='ltr'><strong>Para</strong></span> <span class='ocrx_word' id='word_1_404' title='bbox 2634 2479 2777 2548; x_wconf 87' lang='lat' dir='ltr'><strong>quod</strong></span> <span class='ocrx_word' id='word_1_405' title='bbox 2804 2490 3040 2541; x_wconf 70' lang='lat' dir='ltr'><strong>cmnetn,</strong></span> <span class='ocrx_word' id='word_1_406' title='bbox 3072 2484 3127 2528; x_wconf 93' lang='lat' dir='ltr'><strong>et</strong></span> <span class='ocrx_word' id='word_1_407' title='bbox 3165 2472 3437 2544; x_wconf 73' lang='lat' dir='ltr'><strong>prmcinge</strong></span> <span class='ocrx_word' id='word_1_408' title='bbox 3464 2479 3540 2534; x_wconf 87' lang='lat' dir='ltr'><strong>te,</strong></span> 
     </span>
    </p>
   </div>
   <div class='ocr_carea' id='block_1_54' title="bbox 1931 2564 3543 2640">
    <p class='ocr_par' dir='ltr' id='par_1_54' title="bbox 1931 2564 3543 2640">
     <span class='ocr_line' id='line_1_54' title="bbox 1931 2564 3543 2640; baseline -0.009 -10"><span class='ocrx_word' id='word_1_409' title='bbox 1931 2589 1995 2630; x_wconf 85' lang='lat' dir='ltr'><strong>ac</strong></span> <span class='ocrx_word' id='word_1_410' title='bbox 2034 2574 2282 2628; x_wconf 85' lang='lat' dir='ltr'><strong>ministra</strong></span> <span class='ocrx_word' id='word_1_411' title='bbox 2311 2572 2443 2627; x_wconf 88' lang='lat' dir='ltr'><strong>mihi</strong></span> <span class='ocrx_word' id='word_1_412' title='bbox 2474 2572 2649 2626; x_wconf 90' lang='lat' dir='ltr'><strong>donec</strong></span> <span class='ocrx_word' id='word_1_413' title='bbox 2680 2571 2847 2625; x_wconf 86' lang='lat' dir='ltr'><strong>edero</strong></span> <span class='ocrx_word' id='word_1_414' title='bbox 2867 2578 2922 2622; x_wconf 90' lang='lat' dir='ltr'><strong>et</strong></span> <span class='ocrx_word' id='word_1_415' title='bbox 2950 2567 3157 2640; x_wconf 86' lang='lat' dir='ltr'><strong>bibere,</strong></span> <span class='ocrx_word' id='word_1_416' title='bbox 3189 2575 3243 2620; x_wconf 92' lang='lat' dir='ltr'><strong>et</strong></span> <span class='ocrx_word' id='word_1_417' title='bbox 3271 2575 3391 2634; x_wconf 87' lang='lat' dir='ltr'><strong>post</strong></span> <span class='ocrx_word' id='word_1_418' title='bbox 3425 2564 3543 2616; x_wconf 73' lang='lat' dir='ltr'><strong>lucc</strong></span> 
     </span>
    </p>
   </div>
   <div class='ocr_carea' id='block_1_55' title="bbox 1930 2654 3540 2733">
    <p class='ocr_par' dir='ltr' id='par_1_55' title="bbox 1930 2654 3540 2733">
     <span class='ocr_line' id='line_1_55' title="bbox 1930 2654 3540 2733; baseline -0.011 -9"><span class='ocrx_word' id='word_1_419' title='bbox 1930 2668 2079 2724; x_wconf 88' lang='lat' dir='ltr'><strong>edito</strong></span> <span class='ocrx_word' id='word_1_420' title='bbox 2119 2679 2167 2722; x_wconf 91' lang='lat' dir='ltr'><strong>et</strong></span> <span class='ocrx_word' id='word_1_421' title='bbox 2190 2666 2367 2721; x_wconf 88' lang='lat' dir='ltr'><strong>bibito</strong></span> <span class='ocrx_word' id='word_1_422' title='bbox 2398 2667 2496 2720; x_wconf 84' lang='lat' dir='ltr'><strong>tu?</strong></span> <span class='ocrx_word' id='word_1_423' title='bbox 2532 2663 2669 2718; x_wconf 83' lang='lat' dir='ltr'><strong>Num</strong></span> <span class='ocrx_word' id='word_1_424' title='bbox 2704 2663 2943 2733; x_wconf 85' lang='lat' dir='ltr'><strong>gratiam</strong></span> <span class='ocrx_word' id='word_1_425' title='bbox 3001 2659 3167 2714; x_wconf 84' lang='lat' dir='ltr'><strong>habet</strong></span> <span class='ocrx_word' id='word_1_426' title='bbox 3226 2672 3385 2712; x_wconf 89' lang='lat' dir='ltr'><strong>servo</strong></span> <span class='ocrx_word' id='word_1_427' title='bbox 3440 2654 3540 2717; x_wconf 92' lang='lat' dir='ltr'><strong>illi,</strong></span> 
     </span>
    </p>
   </div>
   <div class='ocr_carea' id='block_1_56' title="bbox 1930 2748 3544 2831">
    <p class='ocr_par' dir='ltr' id='par_1_56' title="bbox 1930 2748 3544 2831">
     <span class='ocr_line' id='line_1_56' title="bbox 1930 2748 3544 2831; baseline -0.008 -19"><span class='ocrx_word' id='word_1_428' title='bbox 1930 2762 2060 2831; x_wconf 89' lang='lat' dir='ltr'><strong>quia</strong></span> <span class='ocrx_word' id='word_1_429' title='bbox 2094 2759 2225 2815; x_wconf 89' lang='lat' dir='ltr'><strong>fecit</strong></span> <span class='ocrx_word' id='word_1_430' title='bbox 2258 2759 2669 2827; x_wconf 71' lang='lat' dir='ltr'><strong>quzeimperata</strong></span> <span class='ocrx_word' id='word_1_431' title='bbox 2708 2756 2963 2812; x_wconf 89' lang='lat' dir='ltr'><strong>fuerant?</strong></span> <span class='ocrx_word' id='word_1_432' title='bbox 3001 2754 3117 2809; x_wconf 83' lang='lat' dir='ltr'><strong>Non</strong></span> <span class='ocrx_word' id='word_1_433' title='bbox 3150 2763 3301 2824; x_wconf 88' lang='lat' dir='ltr'><strong>puto.</strong></span> <span class='ocrx_word' id='word_1_434' title='bbox 3357 2748 3450 2802; x_wconf 89' lang='lat' dir='ltr'><strong>Sic</strong></span> <span class='ocrx_word' id='word_1_435' title='bbox 3488 2756 3544 2800; x_wconf 87' lang='lat' dir='ltr'><strong>et</strong></span> 
     </span>
    </p>
   </div>
   <div class='ocr_carea' id='block_1_57' title="bbox 1932 2839 3543 2919">
    <p class='ocr_par' dir='ltr' id='par_1_57' title="bbox 1932 2839 3543 2919">
     <span class='ocr_line' id='line_1_57' title="bbox 1932 2839 3543 2919; baseline -0.011 -11"><span class='ocrx_word' id='word_1_436' title='bbox 1932 2869 2028 2908; x_wconf 80' lang='lat' dir='ltr'><strong>vos</strong></span> <span class='ocrx_word' id='word_1_437' title='bbox 2056 2868 2180 2907; x_wconf 91' lang='lat' dir='ltr'><strong>cum</strong></span> <span class='ocrx_word' id='word_1_438' title='bbox 2234 2851 2475 2906; x_wconf 82' lang='lat' dir='ltr'><strong>feceritis</strong></span> <span class='ocrx_word' id='word_1_439' title='bbox 2524 2851 2707 2905; x_wconf 88' lang='lat' dir='ltr'><strong>omnia</strong></span> <span class='ocrx_word' id='word_1_440' title='bbox 2741 2865 2861 2919; x_wconf 77' lang='lat' dir='ltr'><strong>qua:</strong></span> <span class='ocrx_word' id='word_1_441' title='bbox 2896 2857 3167 2918; x_wconf 65' lang='lat' dir='ltr'><strong>praecepta</strong></span> <span class='ocrx_word' id='word_1_442' title='bbox 3200 2854 3330 2919; x_wconf 88' lang='lat' dir='ltr'><strong>sunt</strong></span> <span class='ocrx_word' id='word_1_443' title='bbox 3366 2839 3543 2903; x_wconf 83' lang='lat' dir='ltr'><strong>vobis,</strong></span> 
     </span>
    </p>
   </div>
   <div class='ocr_carea' id='block_1_58' title="bbox 1930 2933 3546 3014">
    <p class='ocr_par' dir='ltr' id='par_1_58' title="bbox 1930 2933 3546 3014">
     <span class='ocr_line' id='line_1_58' title="bbox 1930 2933 3546 3014; baseline -0.011 -12"><span class='ocrx_word' id='word_1_444' title='bbox 1930 2947 2095 3003; x_wconf 88' lang='lat' dir='ltr'><strong>dicite</strong></span> <span class='ocrx_word' id='word_1_445' title='bbox 2130 2962 2143 3000; x_wconf 90' lang='lat'>:</span> <span class='ocrx_word' id='word_1_446' title='bbox 2174 2944 2331 2999; x_wconf 83' lang='lat' dir='ltr'><strong>Servi</strong></span> <span class='ocrx_word' id='word_1_447' title='bbox 2375 2944 2593 2998; x_wconf 86' lang='lat' dir='ltr'><strong>inutiles</strong></span> <span class='ocrx_word' id='word_1_448' title='bbox 2647 2958 2841 2999; x_wconf 90' lang='lat' dir='ltr'><strong>sumus</strong></span> <span class='ocrx_word' id='word_1_449' title='bbox 2873 2958 2887 2996; x_wconf 92' lang='lat'><strong>:</strong></span> <span class='ocrx_word' id='word_1_450' title='bbox 2921 2942 3067 3014; x_wconf 83' lang='lat' dir='ltr'><strong>quod</strong></span> <span class='ocrx_word' id='word_1_451' title='bbox 3123 2938 3417 2994; x_wconf 89' lang='lat' dir='ltr'><strong>debuimus</strong></span> <span class='ocrx_word' id='word_1_452' title='bbox 3474 2933 3546 2987; x_wconf 88' lang='lat' dir='ltr'><strong>fa-</strong></span> 
     </span>
    </p>
   </div>
   <div class='ocr_carea' id='block_1_59' title="bbox 1929 3028 3533 3106">
    <p class='ocr_par' dir='ltr' id='par_1_59' title="bbox 1929 3028 3533 3106">
     <span class='ocr_line' id='line_1_59' title="bbox 1929 3028 3533 3106; baseline -0.009 -11"><span class='ocrx_word' id='word_1_453' title='bbox 1929 3054 2074 3103; x_wconf 85' lang='lat' dir='ltr'><strong>cere,</strong></span> <span class='ocrx_word' id='word_1_454' title='bbox 2099 3038 2353 3093; x_wconf 84' lang='lat' dir='ltr'><strong>fecimus.</strong></span> <span class='ocrx_word' id='word_1_455' title='bbox 2387 3055 2405 3090; x_wconf 73' lang='grc' dir='ltr'><strong>ι</strong></span> <span class='ocrx_word' id='word_1_456' title='bbox 2428 3035 2987 3106; x_wconf 71' lang='grc' dir='ltr'>Αρσειοιίειειιεὺιιιιι</span> <span class='ocrx_word' id='word_1_457' title='bbox 3016 3033 3238 3102; x_wconf 83' lang='lat' dir='ltr'><strong>quidem</strong></span> <span class='ocrx_word' id='word_1_458' title='bbox 3263 3028 3495 3081; x_wconf 84' lang='lat' dir='ltr'><strong>Domin</strong></span> <span class='ocrx_word' id='word_1_459' title='bbox 3518 3067 3533 3090; x_wconf 88' lang='lat'><strong>,</strong></span> 
     </span>
    </p>
   </div>
   <div class='ocr_carea' id='block_1_60' title="bbox 1932 3120 3543 3187">
    <p class='ocr_par' dir='ltr' id='par_1_60' title="bbox 1932 3120 3543 3187">
     <span class='ocr_line' id='line_1_60' title="bbox 1932 3120 3543 3187; baseline -0.008 -2"><span class='ocrx_word' id='word_1_460' title='bbox 1932 3148 2124 3187; x_wconf 89' lang='lat' dir='ltr'><strong>verum</strong></span> <span class='ocrx_word' id='word_1_461' title='bbox 2161 3143 2340 3185; x_wconf 87' lang='lat' dir='ltr'><strong>tamen</strong></span> <span class='ocrx_word' id='word_1_462' title='bbox 2371 3145 2493 3183; x_wconf 90' lang='lat' dir='ltr'><strong>cum</strong></span> <span class='ocrx_word' id='word_1_463' title='bbox 2518 3129 2797 3183; x_wconf 86' lang='lat' dir='ltr'><strong>venissent</strong></span> <span class='ocrx_word' id='word_1_464' title='bbox 2816 3128 2867 3181; x_wconf 93' lang='lat' dir='ltr'><strong>in</strong></span> <span class='ocrx_word' id='word_1_465' title='bbox 2890 3124 3286 3180; x_wconf 82' lang='lat' dir='ltr'><strong>conscientiam</strong></span> <span class='ocrx_word' id='word_1_466' title='bbox 3310 3120 3543 3174; x_wconf 81' lang='lat' dir='ltr'><strong>infirmi-</strong></span> 
     </span>
    </p>
   </div>
   <div class='ocr_carea' id='block_1_61' title="bbox 216 3214 1822 3301">
    <p class='ocr_par' dir='ltr' id='par_1_61' title="bbox 216 3215 1818 3289">
     <span class='ocr_line' id='line_1_61' title="bbox 216 3215 1818 3289; baseline -0.002 -17"><span class='ocrx_word' id='word_1_467' title='bbox 216 3218 365 3288; x_wconf 84' lang='grc' dir='ltr'>πλὴν</span> <span class='ocrx_word' id='word_1_468' title='bbox 387 3218 468 3282; x_wconf 86' lang='grc' dir='ltr'><strong>είς</strong></span> <span class='ocrx_word' id='word_1_469' title='bbox 492 3218 848 3289; x_wconf 80' lang='grc' dir='ltr'>συναίσθησιν</span> <span class='ocrx_word' id='word_1_470' title='bbox 869 3220 968 3288; x_wconf 82' lang='grc' dir='ltr'><strong>τῆς</strong></span> <span class='ocrx_word' id='word_1_471' title='bbox 1002 3217 1290 3280; x_wconf 83' lang='grc' dir='ltr'>ἀσθενείας</span> <span class='ocrx_word' id='word_1_472' title='bbox 1330 3217 1512 3270; x_wconf 81' lang='grc' dir='ltr'>αὐτῶν</span> <span class='ocrx_word' id='word_1_473' title='bbox 1548 3215 1763 3269; x_wconf 76' lang='grc' dir='ltr'>ἐλθόντε</span> <span class='ocrx_word' id='word_1_474' title='bbox 1776 3233 1818 3283; x_wconf 78' lang='grc' dir='ltr'><strong>ς,</strong></span> 
     </span>
    </p>
   </div>
   <div class='ocr_carea' id='block_1_62' title="bbox 1928 3214 3544 3301">
    <p class='ocr_par' dir='ltr' id='par_1_62' title="bbox 1935 3214 3544 3289">
     <span class='ocr_line' id='line_1_62' title="bbox 1935 3214 3544 3289; baseline -0.009 -9"><span class='ocrx_word' id='word_1_475' title='bbox 1935 3225 2064 3280; x_wconf 86' lang='lat' dir='ltr'><strong>talis</strong></span> <span class='ocrx_word' id='word_1_476' title='bbox 2092 3239 2227 3289; x_wconf 61' lang='lat' dir='ltr'><strong>sum,</strong></span> <span class='ocrx_word' id='word_1_477' title='bbox 2282 3232 2339 3278; x_wconf 87' lang='lat' dir='ltr'><strong>ct</strong></span> <span class='ocrx_word' id='word_1_478' title='bbox 2368 3222 2715 3277; x_wconf 76' lang='lat' dir='ltr'><strong>audivissent</strong></span> <span class='ocrx_word' id='word_1_479' title='bbox 2750 3220 3039 3275; x_wconf 88' lang='lat' dir='ltr'><strong>Dominum</strong></span> <span class='ocrx_word' id='word_1_480' title='bbox 3078 3219 3144 3271; x_wconf 90' lang='lat' dir='ltr'><strong>de</strong></span> <span class='ocrx_word' id='word_1_481' title='bbox 3174 3231 3297 3285; x_wconf 37' lang='lat' dir='ltr'><strong>mar”</strong></span> <span class='ocrx_word' id='word_1_482' title='bbox 3324 3215 3390 3268; x_wconf 80' lang='lat' dir='ltr'><strong>iis</strong></span> <span class='ocrx_word' id='word_1_483' title='bbox 3416 3214 3544 3281; x_wconf 78' lang='lat' dir='ltr'><strong>qui-</strong></span> 
     </span>
    </p>
   </div>
   <div class='ocr_carea' id='block_1_63' title="bbox 154 3308 1821 3387">
    <p class='ocr_par' dir='ltr' id='par_1_63' title="bbox 154 3308 1821 3387">
     <span class='ocr_line' id='line_1_63' title="bbox 154 3308 1821 3387; baseline -0.001 -23"><span class='ocrx_word' id='word_1_484' title='bbox 154 3322 159 3326; x_wconf 87' lang='lat'><strong>&#39;</strong></span> <span class='ocrx_word' id='word_1_485' title='bbox 213 3311 313 3364; x_wconf 72' lang='lat' dir='ltr'><strong>xui.</strong></span> <span class='ocrx_word' id='word_1_486' title='bbox 369 3310 706 3374; x_wconf 84' lang='grc' dir='ltr'>ἀκούσαντες</span> <span class='ocrx_word' id='word_1_487' title='bbox 764 3308 861 3363; x_wconf 78' lang='grc' dir='ltr'>τοῦ</span> <span class='ocrx_word' id='word_1_488' title='bbox 905 3310 1114 3387; x_wconf 60' lang='grc' dir='ltr'>Κυρίου</span> <span class='ocrx_word' id='word_1_489' title='bbox 1160 3311 1292 3381; x_wconf 71' lang='grc' dir='ltr'>περὶ</span> <span class='ocrx_word' id='word_1_490' title='bbox 1354 3309 1609 3380; x_wconf 84' lang='grc' dir='ltr'>μεγάλων</span> <span class='ocrx_word' id='word_1_491' title='bbox 1655 3309 1821 3363; x_wconf 87' lang='grc' dir='ltr'>τινῶν</span> 
     </span>
    </p>
   </div>
   <div class='ocr_carea' id='block_1_64' title="bbox 212 3402 1822 3474">
    <p class='ocr_par' dir='ltr' id='par_1_64' title="bbox 212 3402 1822 3474">
     <span class='ocr_line' id='line_1_64' title="bbox 212 3402 1822 3474; baseline -0.001 -16"><span class='ocrx_word' id='word_1_492' title='bbox 212 3405 466 3468; x_wconf 75' lang='grc' dir='ltr'>εἰπόντος</span> <span class='ocrx_word' id='word_1_493' title='bbox 496 3404 703 3470; x_wconf 81' lang='grc' dir='ltr'>αὐτοῖς,</span> <span class='ocrx_word' id='word_1_494' title='bbox 747 3404 843 3457; x_wconf 77' lang='grc' dir='ltr'>καὶ</span> <span class='ocrx_word' id='word_1_495' title='bbox 875 3406 1009 3474; x_wconf 59' lang='grc' dir='ltr'>περὶ</span> <span class='ocrx_word' id='word_1_496' title='bbox 1030 3403 1126 3457; x_wconf 80' lang='grc' dir='ltr'>τοῦ</span> <span class='ocrx_word' id='word_1_497' title='bbox 1164 3403 1417 3457; x_wconf 85' lang='grc' dir='ltr'>κινδύνου</span> <span class='ocrx_word' id='word_1_498' title='bbox 1445 3402 1540 3457; x_wconf 76' lang='grc' dir='ltr'>τοῦ</span> <span class='ocrx_word' id='word_1_499' title='bbox 1570 3403 1678 3457; x_wconf 83' lang='grc' dir='ltr'>ἀπὸ</span> <span class='ocrx_word' id='word_1_500' title='bbox 1711 3402 1822 3456; x_wconf 81' lang='grc' dir='ltr'>τῶν</span> 
     </span>
    </p>
   </div>
   <div class='ocr_carea' id='block_1_65' title="bbox 216 3495 1821 3567">
    <p class='ocr_par' dir='ltr' id='par_1_65' title="bbox 216 3495 1821 3567">
     <span class='ocr_line' id='line_1_65' title="bbox 216 3495 1821 3567; baseline -0.002 -15"><span class='ocrx_word' id='word_1_501' title='bbox 216 3496 564 3561; x_wconf 86' lang='grc' dir='ltr'>σκανδάλων,</span> <span class='ocrx_word' id='word_1_502' title='bbox 600 3496 816 3549; x_wconf 75' lang='grc' dir='ltr'>δέονται</span> <span class='ocrx_word' id='word_1_503' title='bbox 867 3496 944 3556; x_wconf 84' lang='grc' dir='ltr'><strong>ώς</strong></span> <span class='ocrx_word' id='word_1_504' title='bbox 982 3495 1050 3550; x_wconf 76' lang='grc' dir='ltr'>ἂν</span> <span class='ocrx_word' id='word_1_505' title='bbox 1097 3495 1374 3567; x_wconf 83' lang='grc' dir='ltr'>πλεονάσῃ</span> <span class='ocrx_word' id='word_1_506' title='bbox 1413 3496 1597 3559; x_wconf 81' lang='grc' dir='ltr'>αὐτοῖς</span> <span class='ocrx_word' id='word_1_507' title='bbox 1651 3497 1686 3564; x_wconf 83' lang='grc' dir='ltr'>ὴ</span> <span class='ocrx_word' id='word_1_508' title='bbox 1720 3495 1821 3566; x_wconf 81' lang='grc' dir='ltr'>τῆς</span> 
     </span>
    </p>
   </div>
   <div class='ocr_carea' id='block_1_66' title="bbox 212 3581 1829 3659">
    <p class='ocr_par' dir='ltr' id='par_1_66' title="bbox 212 3581 1829 3659">
     <span class='ocr_line' id='line_1_66' title="bbox 212 3581 1829 3659; baseline -0.002 -17"><span class='ocrx_word' id='word_1_509' title='bbox 212 3589 460 3651; x_wconf 84' lang='grc' dir='ltr'>πίστεως</span> <span class='ocrx_word' id='word_1_510' title='bbox 487 3588 741 3659; x_wconf 88' lang='grc' dir='ltr'>δύναμις,</span> <span class='ocrx_word' id='word_1_511' title='bbox 774 3588 824 3642; x_wconf 90' lang='grc' dir='ltr'><strong>δι</strong></span> <span class='ocrx_word' id='word_1_512' title='bbox 882 3581 950 3659; x_wconf 80' lang='grc' dir='ltr'>ἦς</span> <span class='ocrx_word' id='word_1_513' title='bbox 993 3586 1318 3657; x_wconf 81' lang='grc' dir='ltr'>δυνήσονται</span> <span class='ocrx_word' id='word_1_514' title='bbox 1366 3587 1563 3653; x_wconf 81' lang='grc' dir='ltr'>ταῦτα,</span> <span class='ocrx_word' id='word_1_515' title='bbox 1607 3588 1641 3641; x_wconf 73' lang='grc' dir='ltr'><strong>ἃ</strong></span> <span class='ocrx_word' id='word_1_516' title='bbox 1676 3582 1829 3651; x_wconf 72' lang='grc' dir='ltr'>εἷπε,</span> 
     </span>
    </p>
   </div>
   <div class='ocr_carea' id='block_1_67' title="bbox 211 3679 1825 3754">
    <p class='ocr_par' dir='ltr' id='par_1_67' title="bbox 211 3679 1825 3754">
     <span class='ocr_line' id='line_1_67' title="bbox 211 3679 1825 3754; baseline -0.002 -19"><span class='ocrx_word' id='word_1_517' title='bbox 211 3682 592 3754; x_wconf 82' lang='grc' dir='ltr'>κατορθῶσαι,</span> <span class='ocrx_word' id='word_1_518' title='bbox 649 3682 717 3735; x_wconf 72' lang='grc' dir='ltr'><strong>τά</strong></span> <span class='ocrx_word' id='word_1_519' title='bbox 790 3682 924 3754; x_wconf 72' lang='grc' dir='ltr'>περὶ</span> <span class='ocrx_word' id='word_1_520' title='bbox 975 3679 1373 3751; x_wconf 85' lang='grc' dir='ltr'>ἀκτημοσύνης</span> <span class='ocrx_word' id='word_1_521' title='bbox 1430 3680 1596 3750; x_wconf 77' lang='grc' dir='ltr'>φημί.</span> <span class='ocrx_word' id='word_1_522' title='bbox 1657 3680 1825 3734; x_wconf 80' lang='grc' dir='ltr'>Ούδὲν</span> 
     </span>
    </p>
   </div>
   <div class='ocr_carea' id='block_1_68' title="bbox 211 3771 1827 3844">
    <p class='ocr_par' dir='ltr' id='par_1_68' title="bbox 211 3771 1827 3844">
     <span class='ocr_line' id='line_1_68' title="bbox 211 3771 1827 3844; baseline -0.001 -16"><span class='ocrx_word' id='word_1_523' title='bbox 211 3775 325 3844; x_wconf 75' lang='grc' dir='ltr'><strong>γὰρ</strong></span> <span class='ocrx_word' id='word_1_524' title='bbox 394 3772 539 3825; x_wconf 79' lang='grc' dir='ltr'>οὓτω</span> <span class='ocrx_word' id='word_1_525' title='bbox 588 3772 847 3842; x_wconf 78' lang='grc' dir='ltr'>κατορθοῖ</span> <span class='ocrx_word' id='word_1_526' title='bbox 884 3771 1301 3843; x_wconf 87' lang='grc' dir='ltr'>ἀκτημοσύνην,</span> <span class='ocrx_word' id='word_1_527' title='bbox 1331 3775 1406 3837; x_wconf 88' lang='grc' dir='ltr'><strong>ώς</strong></span> <span class='ocrx_word' id='word_1_528' title='bbox 1437 3774 1499 3826; x_wconf 84' lang='grc' dir='ltr'>τὸ</span> <span class='ocrx_word' id='word_1_529' title='bbox 1533 3772 1827 3827; x_wconf 84' lang='grc' dir='ltr'>πιστεῦσαι</span> 
     </span>
    </p>
   </div>
   <div class='ocr_carea' id='block_1_69' title="bbox 212 3864 1825 3940">
    <p class='ocr_par' dir='ltr' id='par_1_69' title="bbox 212 3864 1825 3940">
     <span class='ocr_line' id='line_1_69' title="bbox 212 3864 1825 3940; baseline -0.002 -17"><span class='ocrx_word' id='word_1_530' title='bbox 212 3869 312 3923; x_wconf 74' lang='grc' dir='ltr'>καὶ</span> <span class='ocrx_word' id='word_1_531' title='bbox 349 3866 625 3940; x_wconf 72' lang='grc' dir='ltr'>θαρρῆσαι</span> <span class='ocrx_word' id='word_1_532' title='bbox 672 3866 795 3937; x_wconf 89' lang='grc' dir='ltr'><strong>Θεῷ</strong></span> <span class='ocrx_word' id='word_1_533' title='bbox 840 3882 855 3897; x_wconf 73' lang='grc'>⁸</span> <span class='ocrx_word' id='word_1_534' title='bbox 895 3864 1086 3936; x_wconf 82' lang='grc' dir='ltr'>ὥσπερ</span> <span class='ocrx_word' id='word_1_535' title='bbox 1120 3866 1277 3919; x_wconf 81' lang='grc' dir='ltr'>οὐδὲν</span> <span class='ocrx_word' id='word_1_536' title='bbox 1325 3864 1473 3919; x_wconf 77' lang='grc' dir='ltr'>οὕτω</span> <span class='ocrx_word' id='word_1_537' title='bbox 1529 3868 1675 3919; x_wconf 88' lang='grc' dir='ltr'>ποιεῖ</span> <span class='ocrx_word' id='word_1_538' title='bbox 1728 3866 1825 3937; x_wconf 82' lang='grc' dir='ltr'>θη-</span> 
     </span>
    </p>
   </div>
   <div class='ocr_carea' id='block_1_70' title="bbox 212 3957 1824 4032">
    <p class='ocr_par' dir='ltr' id='par_1_70' title="bbox 212 3957 1824 4032">
     <span class='ocr_line' id='line_1_70' title="bbox 212 3957 1824 4032; baseline -0.002 -15"><span class='ocrx_word' id='word_1_539' title='bbox 212 3962 523 4032; x_wconf 79' lang='grc' dir='ltr'>σαυρίζειν,</span> <span class='ocrx_word' id='word_1_540' title='bbox 556 3964 632 4024; x_wconf 82' lang='grc' dir='ltr'><strong>ὡς</strong></span> <span class='ocrx_word' id='word_1_541' title='bbox 660 3959 723 4012; x_wconf 82' lang='grc' dir='ltr'><strong>τὸ</strong></span> <span class='ocrx_word' id='word_1_542' title='bbox 750 3957 827 4028; x_wconf 79' lang='grc' dir='ltr'>μὴ</span> <span class='ocrx_word' id='word_1_543' title='bbox 857 3960 1163 4023; x_wconf 88' lang='grc' dir='ltr'>πιστεύειν,</span> <span class='ocrx_word' id='word_1_544' title='bbox 1199 3959 1283 4012; x_wconf 82' lang='grc' dir='ltr'>ὅτι</span> <span class='ocrx_word' id='word_1_545' title='bbox 1342 3959 1519 4029; x_wconf 87' lang='grc' dir='ltr'>μέγας</span> <span class='ocrx_word' id='word_1_546' title='bbox 1560 3961 1764 4030; x_wconf 87' lang='grc' dir='ltr'>ταμίας</span> <span class='ocrx_word' id='word_1_547' title='bbox 1797 3961 1824 4013; x_wconf 87' lang='grc' dir='ltr'><strong>ό</strong></span> 
     </span>
    </p>
   </div>
   <div class='ocr_carea' id='block_1_71' title="bbox 208 4050 1825 4123">
    <p class='ocr_par' dir='ltr' id='par_1_71' title="bbox 208 4050 1825 4123">
     <span class='ocr_line' id='line_1_71' title="bbox 208 4050 1825 4123; baseline -0.002 -16"><span class='ocrx_word' id='word_1_548' title='bbox 208 4053 370 4120; x_wconf 73' lang='grc' dir='ltr'>Θεὸς,</span> <span class='ocrx_word' id='word_1_549' title='bbox 408 4054 504 4107; x_wconf 75' lang='grc' dir='ltr'>καὶ</span> <span class='ocrx_word' id='word_1_550' title='bbox 529 4054 762 4123; x_wconf 89' lang='grc' dir='ltr'>ταμεῖον</span> <span class='ocrx_word' id='word_1_551' title='bbox 799 4053 1079 4107; x_wconf 80' lang='grc' dir='ltr'>ἀκένωτον</span> <span class='ocrx_word' id='word_1_552' title='bbox 1114 4050 1449 4123; x_wconf 74' lang='grc' dir='ltr'>ἣάγαθότης</span> <span class='ocrx_word' id='word_1_553' title='bbox 1480 4052 1669 4105; x_wconf 80' lang='grc' dir='ltr'>αὐτοῦ.</span> <span class='ocrx_word' id='word_1_554' title='bbox 1700 4052 1825 4105; x_wconf 86' lang='grc' dir='ltr'>Ἔτι</span> 
     </span>
    </p>
   </div>
   <div class='ocr_carea' id='block_1_72' title="bbox 208 4145 1825 4217">
    <p class='ocr_par' dir='ltr' id='par_1_72' title="bbox 208 4145 1825 4217">
     <span class='ocr_line' id='line_1_72' title="bbox 208 4145 1825 4217; baseline -0.001 -16"><span class='ocrx_word' id='word_1_555' title='bbox 208 4166 275 4201; x_wconf 82' lang='grc' dir='ltr'><strong>τε</strong></span> <span class='ocrx_word' id='word_1_556' title='bbox 312 4149 407 4201; x_wconf 75' lang='grc' dir='ltr'>καὶ</span> <span class='ocrx_word' id='word_1_557' title='bbox 448 4148 585 4217; x_wconf 86' lang='grc' dir='ltr'>πρὸς</span> <span class='ocrx_word' id='word_1_558' title='bbox 618 4148 689 4200; x_wconf 75' lang='grc' dir='ltr'>τά</span> <span class='ocrx_word' id='word_1_559' title='bbox 730 4147 1007 4201; x_wconf 86' lang='grc' dir='ltr'>σκάνδαλα</span> <span class='ocrx_word' id='word_1_560' title='bbox 1057 4146 1147 4200; x_wconf 81' lang='grc' dir='ltr'><strong>διὰ</strong></span> <span class='ocrx_word' id='word_1_561' title='bbox 1181 4145 1287 4216; x_wconf 82' lang='grc' dir='ltr'>τῆς</span> <span class='ocrx_word' id='word_1_562' title='bbox 1319 4146 1563 4210; x_wconf 86' lang='grc' dir='ltr'>πίστεως</span> <span class='ocrx_word' id='word_1_563' title='bbox 1608 4145 1825 4210; x_wconf 73' lang='grc' dir='ltr'>ἕξουσιν</span> 
     </span>
    </p>
   </div>
   <div class='ocr_carea' id='block_1_73' title="bbox 210 4239 1821 4312">
    <p class='ocr_par' dir='ltr' id='par_1_73' title="bbox 210 4239 1821 4312">
     <span class='ocr_line' id='line_1_73' title="bbox 210 4239 1821 4312; baseline -0.002 -18"><span class='ocrx_word' id='word_1_564' title='bbox 210 4240 562 4307; x_wconf 83' lang='grc' dir='ltr'>ἀντιστῆναι,</span> <span class='ocrx_word' id='word_1_565' title='bbox 597 4240 678 4294; x_wconf 83' lang='grc' dir='ltr'>διὸ</span> <span class='ocrx_word' id='word_1_566' title='bbox 710 4239 1152 4312; x_wconf 74' lang='grc' dir='ltr'>προσερχόμενοι</span> <span class='ocrx_word' id='word_1_567' title='bbox 1189 4256 1363 4309; x_wconf 89' lang='grc' dir='ltr'>φασι·</span> <span class='ocrx_word' id='word_1_568' title='bbox 1401 4239 1646 4311; x_wconf 86' lang='grc' dir='ltr'>Πρόσθες</span> <span class='ocrx_word' id='word_1_569' title='bbox 1684 4240 1821 4309; x_wconf 76' lang='grc' dir='ltr'>ἡμῖν</span> 
     </span>
    </p>
   </div>
   <div class='ocr_carea' id='block_1_74' title="bbox 214 4332 1823 4403">
    <p class='ocr_par' dir='ltr' id='par_1_74' title="bbox 214 4332 1823 4403">
     <span class='ocr_line' id='line_1_74' title="bbox 214 4332 1823 4403; baseline 0 -16"><span class='ocrx_word' id='word_1_570' title='bbox 214 4335 426 4399; x_wconf 87' lang='grc' dir='ltr'>πίστιν,</span> <span class='ocrx_word' id='word_1_571' title='bbox 478 4334 854 4403; x_wconf 86' lang='grc' dir='ltr'>τελειοτέρους</span> <span class='ocrx_word' id='word_1_572' title='bbox 901 4332 1185 4397; x_wconf 81' lang='grc' dir='ltr'>ἀνάδειξον</span> <span class='ocrx_word' id='word_1_573' title='bbox 1225 4334 1376 4403; x_wconf 81' lang='grc' dir='ltr'>ἡμᾶς</span> <span class='ocrx_word' id='word_1_574' title='bbox 1424 4335 1483 4387; x_wconf 75' lang='grc' dir='ltr'>ἐν</span> <span class='ocrx_word' id='word_1_575' title='bbox 1517 4335 1582 4403; x_wconf 82' lang='grc' dir='ltr'>τῇ</span> <span class='ocrx_word' id='word_1_576' title='bbox 1640 4334 1823 4387; x_wconf 82' lang='grc' dir='ltr'>πίστει</span> 
     </span>
    </p>
   </div>
   <div class='ocr_carea' id='block_1_75' title="bbox 210 4426 1815 4499">
    <p class='ocr_par' dir='ltr' id='par_1_75' title="bbox 210 4426 1815 4499">
     <span class='ocr_line' id='line_1_75' title="bbox 210 4426 1815 4499; baseline -0.001 -17"><span class='ocrx_word' id='word_1_577' title='bbox 210 4428 311 4482; x_wconf 70' lang='grc' dir='ltr'>καὶ</span> <span class='ocrx_word' id='word_1_578' title='bbox 367 4427 773 4499; x_wconf 75' lang='grc' dir='ltr'>βεϐαιοτέρους.</span> <span class='ocrx_word' id='word_1_579' title='bbox 820 4429 880 4481; x_wconf 91' lang='lat'><strong>&#39;0</strong></span> <span class='ocrx_word' id='word_1_580' title='bbox 912 4427 969 4481; x_wconf 70' lang='grc' dir='ltr'>δὲ</span> <span class='ocrx_word' id='word_1_581' title='bbox 1021 4428 1233 4498; x_wconf 80' lang='grc' dir='ltr'>Κύριος</span> <span class='ocrx_word' id='word_1_582' title='bbox 1292 4426 1557 4481; x_wconf 90' lang='grc' dir='ltr'>δεικνύων</span> <span class='ocrx_word' id='word_1_583' title='bbox 1604 4428 1815 4493; x_wconf 80' lang='grc' dir='ltr'>αὐτοῖς,</span> 
     </span>
    </p>
   </div>
   <div class='ocr_carea' id='block_1_76' title="bbox 208 4517 1819 4591">
    <p class='ocr_par' dir='ltr' id='par_1_76' title="bbox 208 4517 1819 4591">
     <span class='ocr_line' id='line_1_76' title="bbox 208 4517 1819 4591; baseline -0.002 -16"><span class='ocrx_word' id='word_1_584' title='bbox 208 4521 297 4575; x_wconf 84' lang='grc' dir='ltr'><strong>δτι</strong></span> <span class='ocrx_word' id='word_1_585' title='bbox 327 4520 509 4585; x_wconf 86' lang='grc' dir='ltr'>καλῶς</span> <span class='ocrx_word' id='word_1_586' title='bbox 542 4519 779 4583; x_wconf 81' lang='grc' dir='ltr'>αἰτοῦσι,</span> <span class='ocrx_word' id='word_1_587' title='bbox 826 4521 922 4573; x_wconf 76' lang='grc' dir='ltr'>καὶ</span> <span class='ocrx_word' id='word_1_588' title='bbox 967 4521 1051 4574; x_wconf 82' lang='grc' dir='ltr'>ὅτι</span> <span class='ocrx_word' id='word_1_589' title='bbox 1088 4518 1298 4590; x_wconf 81' lang='grc' dir='ltr'>ταύτην</span> <span class='ocrx_word' id='word_1_590' title='bbox 1343 4518 1444 4589; x_wconf 79' lang='grc' dir='ltr'><strong>τὴν</strong></span> <span class='ocrx_word' id='word_1_591' title='bbox 1471 4517 1705 4591; x_wconf 82' lang='grc' dir='ltr'>γνώμην</span> <span class='ocrx_word' id='word_1_592' title='bbox 1735 4520 1819 4572; x_wconf 80' lang='grc' dir='ltr'><strong>δεῖ</strong></span> 
     </span>
    </p>
   </div>
   <div class='ocr_carea' id='block_1_77' title="bbox 209 4612 1825 4684">
    <p class='ocr_par' dir='ltr' id='par_1_77' title="bbox 209 4612 1825 4684">
     <span class='ocr_line' id='line_1_77' title="bbox 209 4612 1825 4684; baseline 0 -17"><span class='ocrx_word' id='word_1_593' title='bbox 209 4615 413 4677; x_wconf 73' lang='grc' dir='ltr'>αὐτοὺς</span> <span class='ocrx_word' id='word_1_594' title='bbox 452 4612 599 4684; x_wconf 72' lang='grc' dir='ltr'>ἔχειν</span> <span class='ocrx_word' id='word_1_595' title='bbox 642 4612 871 4684; x_wconf 78' lang='grc' dir='ltr'>βεδαίαν</span> <span class='ocrx_word' id='word_1_596' title='bbox 912 4612 1045 4683; x_wconf 69' lang='grc' dir='ltr'>περὶ</span> <span class='ocrx_word' id='word_1_597' title='bbox 1073 4613 1175 4684; x_wconf 81' lang='grc' dir='ltr'>τῆς</span> <span class='ocrx_word' id='word_1_598' title='bbox 1212 4614 1455 4676; x_wconf 89' lang='grc' dir='ltr'>πίστεως</span> <span class='ocrx_word' id='word_1_599' title='bbox 1493 4612 1571 4677; x_wconf 85' lang='grc' dir='ltr'>ὡς</span> <span class='ocrx_word' id='word_1_600' title='bbox 1608 4613 1825 4683; x_wconf 81' lang='grc' dir='ltr'>μεγάλα</span> 
     </span>
    </p>
   </div>
   <div class='ocr_carea' id='block_1_78' title="bbox 209 4705 1824 4777">
    <p class='ocr_par' dir='ltr' id='par_1_78' title="bbox 209 4705 1824 4777">
     <span class='ocr_line' id='line_1_78' title="bbox 209 4705 1824 4777; baseline 0 -18"><span class='ocrx_word' id='word_1_601' title='bbox 209 4707 565 4777; x_wconf 84' lang='grc' dir='ltr'>δυναμένης,</span> <span class='ocrx_word' id='word_1_602' title='bbox 598 4706 785 4775; x_wconf 72' lang='grc' dir='ltr'>φησὶν,</span> <span class='ocrx_word' id='word_1_603' title='bbox 817 4707 919 4772; x_wconf 87' lang='grc' dir='ltr'>ὃτι,</span> <span class='ocrx_word' id='word_1_604' title='bbox 951 4705 1015 4759; x_wconf 85' lang='grc' dir='ltr'><strong>Εί</strong></span> <span class='ocrx_word' id='word_1_605' title='bbox 1049 4705 1229 4777; x_wconf 72' lang='grc' dir='ltr'>εἴχετε</span> <span class='ocrx_word' id='word_1_606' title='bbox 1254 4707 1459 4773; x_wconf 86' lang='grc' dir='ltr'>πίστιν,</span> <span class='ocrx_word' id='word_1_607' title='bbox 1488 4706 1585 4760; x_wconf 83' lang='grc' dir='ltr'>καὶ</span> <span class='ocrx_word' id='word_1_608' title='bbox 1617 4707 1824 4775; x_wconf 84' lang='grc' dir='ltr'>ταύτην</span> 
     </span>
    </p>
   </div>
   <div class='ocr_carea' id='block_1_79' title="bbox 211 4797 1825 4869">
    <p class='ocr_par' dir='ltr' id='par_1_79' title="bbox 211 4797 1825 4869">
     <span class='ocr_line' id='line_1_79' title="bbox 211 4797 1825 4869; baseline 0.001 -18"><span class='ocrx_word' id='word_1_609' title='bbox 211 4800 280 4852; x_wconf 81' lang='grc' dir='ltr'><strong>ἂν</strong></span> <span class='ocrx_word' id='word_1_610' title='bbox 320 4800 420 4869; x_wconf 79' lang='grc' dir='ltr'><strong>τὴν</strong></span> <span class='ocrx_word' id='word_1_611' title='bbox 472 4799 775 4868; x_wconf 86' lang='grc' dir='ltr'>συκάμινον</span> <span class='ocrx_word' id='word_1_612' title='bbox 812 4798 1236 4869; x_wconf 84' lang='grc' dir='ltr'>μετεφυτεύετε.</span> <span class='ocrx_word' id='word_1_613' title='bbox 1285 4797 1391 4851; x_wconf 90' lang='grc' dir='ltr'>Δύο</span> <span class='ocrx_word' id='word_1_614' title='bbox 1425 4797 1483 4851; x_wconf 72' lang='grc' dir='ltr'>δὲ</span> <span class='ocrx_word' id='word_1_615' title='bbox 1538 4800 1597 4851; x_wconf 83' lang='grc' dir='ltr'>ὲν</span> <span class='ocrx_word' id='word_1_616' title='bbox 1632 4798 1825 4869; x_wconf 86' lang='grc' dir='ltr'>ταύτῷ</span> 
     </span>
    </p>
   </div>
   <div class='ocr_carea' id='block_1_80' title="bbox 208 4890 1824 4963">
    <p class='ocr_par' dir='ltr' id='par_1_80' title="bbox 208 4890 1824 4963">
     <span class='ocr_line' id='line_1_80' title="bbox 208 4890 1824 4963; baseline 0.001 -19"><span class='ocrx_word' id='word_1_617' title='bbox 208 4894 281 4945; x_wconf 81' lang='grc' dir='ltr'>τά</span> <span class='ocrx_word' id='word_1_618' title='bbox 313 4891 551 4962; x_wconf 87' lang='grc' dir='ltr'>μεγάλα,</span> <span class='ocrx_word' id='word_1_619' title='bbox 582 4893 643 4944; x_wconf 90' lang='grc' dir='ltr'><strong>τό</strong></span> <span class='ocrx_word' id='word_1_620' title='bbox 666 4908 727 4943; x_wconf 88' lang='grc' dir='ltr'>τε</span> <span class='ocrx_word' id='word_1_621' title='bbox 763 4891 1206 4961; x_wconf 77' lang='grc' dir='ltr'>μετακινηθῆναι</span> <span class='ocrx_word' id='word_1_622' title='bbox 1235 4890 1298 4943; x_wconf 81' lang='grc' dir='ltr'>τὸ</span> <span class='ocrx_word' id='word_1_623' title='bbox 1340 4894 1487 4945; x_wconf 74' lang='grc' dir='ltr'>κατὰ</span> <span class='ocrx_word' id='word_1_624' title='bbox 1519 4892 1624 4961; x_wconf 83' lang='grc' dir='ltr'>γῆς</span> <span class='ocrx_word' id='word_1_625' title='bbox 1668 4892 1824 4963; x_wconf 60' lang='lat' dir='ltr'><strong>sppi-</strong></span> 
     </span>
    </p>
   </div>
   <div class='ocr_carea' id='block_1_81' title="bbox 211 4982 1817 5055">
    <p class='ocr_par' dir='ltr' id='par_1_81' title="bbox 211 4982 1817 5055">
     <span class='ocr_line' id='line_1_81' title="bbox 211 4982 1817 5055; baseline 0 -18"><span class='ocrx_word' id='word_1_626' title='bbox 211 4982 484 5052; x_wconf 79' lang='grc' dir='ltr'>ζωμένον,</span> <span class='ocrx_word' id='word_1_627' title='bbox 524 4982 618 5036; x_wconf 69' lang='grc' dir='ltr'>καὶ</span> <span class='ocrx_word' id='word_1_628' title='bbox 670 4982 733 5034; x_wconf 84' lang='grc' dir='ltr'>τὸ</span> <span class='ocrx_word' id='word_1_629' title='bbox 782 4983 841 5036; x_wconf 77' lang='grc' dir='ltr'>ἐν</span> <span class='ocrx_word' id='word_1_630' title='bbox 888 4985 956 5053; x_wconf 83' lang='grc' dir='ltr'>τῇ</span> <span class='ocrx_word' id='word_1_631' title='bbox 1012 4982 1261 5052; x_wconf 78' lang='grc' dir='ltr'>θαλάσσῃ</span> <span class='ocrx_word' id='word_1_632' title='bbox 1313 4982 1817 5055; x_wconf 86' lang='grc' dir='ltr'>μεταφυτευθῆναι·</span> 
     </span>
    </p>
   </div>
   <div class='ocr_carea' id='block_1_82' title="bbox 212 5074 1818 5147">
    <p class='ocr_par' dir='ltr' id='par_1_82' title="bbox 212 5074 1818 5147">
     <span class='ocr_line' id='line_1_82' title="bbox 212 5074 1818 5147; baseline 0.001 -18"><span class='ocrx_word' id='word_1_633' title='bbox 212 5078 271 5129; x_wconf 69' lang='grc' dir='ltr'>ἐν</span> <span class='ocrx_word' id='word_1_634' title='bbox 304 5075 459 5129; x_wconf 81' lang='grc' dir='ltr'>ὕδατι</span> <span class='ocrx_word' id='word_1_635' title='bbox 486 5076 595 5144; x_wconf 78' lang='grc' dir='ltr'><strong>γὰρ</strong></span> <span class='ocrx_word' id='word_1_636' title='bbox 627 5076 678 5128; x_wconf 93' lang='grc' dir='ltr'><strong>τί</strong></span> <span class='ocrx_word' id='word_1_637' title='bbox 711 5074 780 5129; x_wconf 81' lang='grc' dir='ltr'>ἂν</span> <span class='ocrx_word' id='word_1_638' title='bbox 804 5074 1141 5145; x_wconf 82' lang='grc' dir='ltr'>φυτευθείη;</span> <span class='ocrx_word' id='word_1_639' title='bbox 1173 5076 1345 5147; x_wconf 81' lang='grc' dir='ltr'>Δῆλον</span> <span class='ocrx_word' id='word_1_640' title='bbox 1389 5076 1447 5130; x_wconf 72' lang='grc' dir='ltr'>δὲ</span> <span class='ocrx_word' id='word_1_641' title='bbox 1481 5077 1564 5130; x_wconf 82' lang='grc' dir='ltr'>ὅτι</span> <span class='ocrx_word' id='word_1_642' title='bbox 1606 5077 1695 5130; x_wconf 87' lang='grc' dir='ltr'><strong>διά</strong></span> <span class='ocrx_word' id='word_1_643' title='bbox 1724 5076 1818 5131; x_wconf 82' lang='grc' dir='ltr'>τοῦ</span> 
     </span>
    </p>
   </div>
   <div class='ocr_carea' id='block_1_83' title="bbox 211 5168 1816 5240">
    <p class='ocr_par' dir='ltr' id='par_1_83' title="bbox 211 5168 1816 5240">
     <span class='ocr_line' id='line_1_83' title="bbox 211 5168 1816 5240; baseline 0.001 -17"><span class='ocrx_word' id='word_1_644' title='bbox 211 5168 390 5223; x_wconf 74' lang='grc' dir='ltr'>ταῦτα</span> <span class='ocrx_word' id='word_1_645' title='bbox 437 5170 612 5221; x_wconf 82' lang='grc' dir='ltr'>εἰπεῖν</span> <span class='ocrx_word' id='word_1_646' title='bbox 637 5185 651 5199; x_wconf 87' lang='grc'><strong>·</strong></span> <span class='ocrx_word' id='word_1_647' title='bbox 690 5169 790 5240; x_wconf 82' lang='grc' dir='ltr'>τὴν</span> <span class='ocrx_word' id='word_1_648' title='bbox 832 5168 936 5239; x_wconf 83' lang='grc' dir='ltr'>τῆς</span> <span class='ocrx_word' id='word_1_649' title='bbox 988 5168 1227 5232; x_wconf 87' lang='grc' dir='ltr'>πίστεως</span> <span class='ocrx_word' id='word_1_650' title='bbox 1278 5168 1524 5223; x_wconf 86' lang='grc' dir='ltr'>δείκνυσι</span> <span class='ocrx_word' id='word_1_651' title='bbox 1562 5168 1816 5239; x_wconf 89' lang='grc' dir='ltr'>δύναμιν.</span> 
     </span>
    </p>
   </div>
   <div class='ocr_carea' id='block_1_84' title="bbox 210 5260 1821 5336">
    <p class='ocr_par' dir='ltr' id='par_1_84' title="bbox 210 5260 1821 5336">
     <span class='ocr_line' id='line_1_84' title="bbox 210 5260 1821 5336; baseline -0.001 -19"><span class='ocrx_word' id='word_1_652' title='bbox 210 5264 368 5334; x_wconf 80' lang='grc' dir='ltr'>Τάχα</span> <span class='ocrx_word' id='word_1_653' title='bbox 392 5263 436 5317; x_wconf 80' lang='grc' dir='ltr'>δ’</span> <span class='ocrx_word' id='word_1_654' title='bbox 468 5264 531 5317; x_wconf 87' lang='grc' dir='ltr'><strong>άν</strong></span> <span class='ocrx_word' id='word_1_655' title='bbox 554 5280 637 5327; x_wconf 91' lang='grc' dir='ltr'><strong>τις</strong></span> <span class='ocrx_word' id='word_1_656' title='bbox 659 5264 985 5336; x_wconf 84' lang='grc' dir='ltr'>ἀλληγορῶν</span> <span class='ocrx_word' id='word_1_657' title='bbox 1014 5264 1115 5333; x_wconf 84' lang='grc' dir='ltr'>τὴν</span> <span class='ocrx_word' id='word_1_658' title='bbox 1138 5265 1465 5334; x_wconf 86' lang='grc' dir='ltr'>συκάμινον,</span> <span class='ocrx_word' id='word_1_659' title='bbox 1495 5262 1639 5316; x_wconf 85' lang='grc' dir='ltr'>είποι</span> <span class='ocrx_word' id='word_1_660' title='bbox 1678 5260 1821 5318; x_wconf 71' lang='grc' dir='ltr'>εἶναι</span> 
     </span>
    </p>
   </div>
   <div class='ocr_carea' id='block_1_85' title="bbox 210 5355 1821 5427">
    <p class='ocr_par' dir='ltr' id='par_1_85' title="bbox 210 5355 1821 5427">
     <span class='ocr_line' id='line_1_85' title="bbox 210 5355 1821 5427; baseline 0 -18"><span class='ocrx_word' id='word_1_661' title='bbox 210 5355 304 5409; x_wconf 77' lang='grc' dir='ltr'><strong>ἰδν</strong></span> <span class='ocrx_word' id='word_1_662' title='bbox 341 5356 610 5423; x_wconf 73' lang='grc' dir='ltr'>διάδολον,</span> <span class='ocrx_word' id='word_1_663' title='bbox 656 5356 733 5420; x_wconf 87' lang='grc' dir='ltr'><strong>ώς</strong></span> <span class='ocrx_word' id='word_1_664' title='bbox 769 5356 864 5409; x_wconf 83' lang='grc' dir='ltr'>τοῦ</span> <span class='ocrx_word' id='word_1_665' title='bbox 933 5358 1158 5411; x_wconf 77' lang='grc' dir='ltr'>αἰωνίου</span> <span class='ocrx_word' id='word_1_666' title='bbox 1210 5357 1499 5427; x_wconf 86' lang='grc' dir='ltr'>σκώληκος</span> <span class='ocrx_word' id='word_1_667' title='bbox 1557 5357 1821 5427; x_wconf 81' lang='grc' dir='ltr'>πρόξενον</span> 
     </span>
    </p>
   </div>
   <div class='ocr_carea' id='block_1_86' title="bbox 213 5450 1822 5523">
    <p class='ocr_par' dir='ltr' id='par_1_86' title="bbox 213 5450 1822 5523">
     <span class='ocr_line' id='line_1_86' title="bbox 213 5450 1822 5523; baseline 0.002 -22"><span class='ocrx_word' id='word_1_668' title='bbox 213 5451 371 5519; x_wconf 75' lang='grc' dir='ltr'>ἡμῖν,</span> <span class='ocrx_word' id='word_1_669' title='bbox 403 5452 499 5503; x_wconf 58' lang='grc' dir='ltr'><strong>καὶ⁵</strong></span> <span class='ocrx_word' id='word_1_670' title='bbox 540 5451 745 5522; x_wconf 78' lang='grc' dir='ltr'>τροφέα</span> <span class='ocrx_word' id='word_1_671' title='bbox 781 5451 1071 5523; x_wconf 81' lang='grc' dir='ltr'>γινόμενον</span> <span class='ocrx_word' id='word_1_672' title='bbox 1094 5450 1185 5504; x_wconf 81' lang='grc' dir='ltr'><strong>διά</strong></span> <span class='ocrx_word' id='word_1_673' title='bbox 1224 5451 1336 5506; x_wconf 83' lang='grc' dir='ltr'>τῶν</span> <span class='ocrx_word' id='word_1_674' title='bbox 1372 5451 1431 5519; x_wconf 74' lang='grc' dir='ltr'>ἐξ</span> <span class='ocrx_word' id='word_1_675' title='bbox 1467 5451 1638 5505; x_wconf 72' lang='grc' dir='ltr'>αὑτοῦ</span> <span class='ocrx_word' id='word_1_676' title='bbox 1688 5470 1822 5520; x_wconf 70' lang='grc' dir='ltr'><strong>φυο⁹</strong></span> 
     </span>
    </p>
   </div>
   <div class='ocr_carea' id='block_1_87' title="bbox 212 5540 1819 5615">
    <p class='ocr_par' dir='ltr' id='par_1_87' title="bbox 212 5540 1819 5615">
     <span class='ocr_line' id='line_1_87' title="bbox 212 5540 1819 5615; baseline 0.001 -19"><span class='ocrx_word' id='word_1_677' title='bbox 212 5543 393 5613; x_wconf 87' lang='grc' dir='ltr'>μένων</span> <span class='ocrx_word' id='word_1_678' title='bbox 424 5540 726 5613; x_wconf 82' lang='grc' dir='ltr'>λογισμῶν,</span> <span class='ocrx_word' id='word_1_679' title='bbox 758 5542 860 5611; x_wconf 83' lang='grc' dir='ltr'><strong>τῆς</strong></span> <span class='ocrx_word' id='word_1_680' title='bbox 891 5543 1001 5615; x_wconf 74' lang='grc' dir='ltr'><strong>γὰρ</strong></span> <span class='ocrx_word' id='word_1_681' title='bbox 1026 5544 1337 5615; x_wconf 89' lang='grc' dir='ltr'>συκαμίνου</span> <span class='ocrx_word' id='word_1_682' title='bbox 1360 5546 1428 5597; x_wconf 69' lang='grc' dir='ltr'><strong>τὰ</strong></span> <span class='ocrx_word' id='word_1_683' title='bbox 1461 5544 1637 5613; x_wconf 85' lang='grc' dir='ltr'>φύλλα</span> <span class='ocrx_word' id='word_1_684' title='bbox 1671 5544 1819 5598; x_wconf 87' lang='grc' dir='ltr'>σκώ-</span> 
     </span>
    </p>
   </div>
   <div class='ocr_carea' id='block_1_88' title="bbox 207 5631 1816 5709">
    <p class='ocr_par' dir='ltr' id='par_1_88' title="bbox 207 5631 1816 5709">
     <span class='ocr_line' id='line_1_88' title="bbox 207 5631 1816 5709; baseline 0.002 -21"><span class='ocrx_word' id='word_1_685' title='bbox 207 5634 386 5706; x_wconf 87' lang='grc' dir='ltr'>ληκας</span> <span class='ocrx_word' id='word_1_686' title='bbox 412 5633 699 5706; x_wconf 84' lang='grc' dir='ltr'>τρέφουσι,</span> <span class='ocrx_word' id='word_1_687' title='bbox 733 5634 801 5688; x_wconf 85' lang='grc' dir='ltr'><strong>δι’</strong></span> <span class='ocrx_word' id='word_1_688' title='bbox 834 5631 907 5689; x_wconf 84' lang='grc' dir='ltr'>ὧν</span> <span class='ocrx_word' id='word_1_689' title='bbox 941 5636 1009 5689; x_wconf 81' lang='grc' dir='ltr'><strong>τά</strong></span> <span class='ocrx_word' id='word_1_690' title='bbox 1041 5637 1247 5709; x_wconf 87' lang='grc' dir='ltr'>σηρικά</span> <span class='ocrx_word' id='word_1_691' title='bbox 1298 5637 1518 5709; x_wconf 86' lang='grc' dir='ltr'>νήματα</span> <span class='ocrx_word' id='word_1_692' title='bbox 1545 5638 1816 5707; x_wconf 85' lang='grc' dir='ltr'>γίνονται.</span> 
     </span>
    </p>
   </div>
   <div class='ocr_carea' id='block_1_89' title="bbox 209 5727 1816 5807">
    <p class='ocr_par' dir='ltr' id='par_1_89' title="bbox 209 5727 1816 5807">
     <span class='ocr_line' id='line_1_89' title="bbox 209 5727 1816 5807; baseline 0.005 -24"><span class='ocrx_word' id='word_1_693' title='bbox 209 5730 433 5800; x_wconf 78' lang='grc' dir='ltr'>Ταύτην</span> <span class='ocrx_word' id='word_1_694' title='bbox 462 5727 557 5783; x_wconf 71' lang='grc' dir='ltr'>οὖν</span> <span class='ocrx_word' id='word_1_695' title='bbox 589 5731 688 5801; x_wconf 78' lang='grc' dir='ltr'>τὴν</span> <span class='ocrx_word' id='word_1_696' title='bbox 740 5735 1047 5803; x_wconf 88' lang='grc' dir='ltr'>συκάμινον</span> <span class='ocrx_word' id='word_1_697' title='bbox 1086 5736 1119 5789; x_wconf 61' lang='grc' dir='ltr'><strong>ὗ</strong></span> <span class='ocrx_word' id='word_1_698' title='bbox 1168 5734 1355 5800; x_wconf 81' lang='grc' dir='ltr'>πίστις</span> <span class='ocrx_word' id='word_1_699' title='bbox 1398 5735 1628 5791; x_wconf 86' lang='grc' dir='ltr'>δύναται</span> <span class='ocrx_word' id='word_1_700' title='bbox 1658 5738 1816 5807; x_wconf 80' lang='grc' dir='ltr'>ἐκρι-</span> 
     </span>
    </p>
   </div>
   <div class='ocr_carea' id='block_1_90' title="bbox 283 5913 1003 5977">
    <p class='ocr_par' dir='ltr' id='par_1_90' title="bbox 283 5913 1003 5977">
     <span class='ocr_line' id='line_1_90' title="bbox 283 5913 1003 5977; baseline 0.007 -7"><span class='ocrx_word' id='word_1_701' title='bbox 283 5915 329 5948; x_wconf 73' lang='grc'><strong>⁸³</strong></span> <span class='ocrx_word' id='word_1_702' title='bbox 363 5913 556 5975; x_wconf 70' lang='lat' dir='ltr'><strong>Matth.</strong></span> <span class='ocrx_word' id='word_1_703' title='bbox 589 5935 745 5977; x_wconf 65' lang='lat' dir='ltr'><strong>xtttt.</strong></span> <span class='ocrx_word' id='word_1_704' title='bbox 794 5919 879 5977; x_wconf 75' lang='lat' dir='ltr'><strong>&#39;2l.</strong></span> <span class='ocrx_word' id='word_1_705' title='bbox 914 5922 1003 5975; x_wconf 64' lang='lat'><strong>‘22.</strong></span> 
     </span>
    </p>
   </div>
   <div class='ocr_carea' id='block_1_91' title="bbox 1931 3308 3545 3381">
    <p class='ocr_par' dir='ltr' id='par_1_91' title="bbox 1931 3308 3545 3381">
     <span class='ocr_line' id='line_1_91' title="bbox 1931 3308 3545 3381; baseline -0.009 -6"><span class='ocrx_word' id='word_1_706' title='bbox 1931 3317 2160 3375; x_wconf 89' lang='lat' dir='ltr'><strong>busdam</strong></span> <span class='ocrx_word' id='word_1_707' title='bbox 2218 3316 2321 3371; x_wconf 89' lang='lat' dir='ltr'><strong>sibi</strong></span> <span class='ocrx_word' id='word_1_708' title='bbox 2348 3314 2623 3370; x_wconf 87' lang='lat' dir='ltr'><strong>dicentem</strong></span> <span class='ocrx_word' id='word_1_709' title='bbox 2649 3322 2702 3368; x_wconf 91' lang='lat' dir='ltr'><strong>et</strong></span> <span class='ocrx_word' id='word_1_710' title='bbox 2732 3315 2797 3368; x_wconf 91' lang='lat' dir='ltr'><strong>de</strong></span> <span class='ocrx_word' id='word_1_711' title='bbox 2820 3312 3064 3381; x_wconf 87' lang='lat' dir='ltr'><strong>periculo</strong></span> <span class='ocrx_word' id='word_1_712' title='bbox 3088 3310 3155 3363; x_wconf 92' lang='lat' dir='ltr'><strong>ab</strong></span> <span class='ocrx_word' id='word_1_713' title='bbox 3178 3308 3545 3373; x_wconf 76' lang='lat' dir='ltr'><strong>offendiculis,</strong></span> 
     </span>
    </p>
   </div>
   <div class='ocr_carea' id='block_1_92' title="bbox 1930 3405 3537 3483">
    <p class='ocr_par' dir='ltr' id='par_1_92' title="bbox 1930 3405 3537 3483">
     <span class='ocr_line' id='line_1_92' title="bbox 1930 3405 3537 3483; baseline -0.007 -19"><span class='ocrx_word' id='word_1_714' title='bbox 1930 3419 2224 3483; x_wconf 87' lang='lat' dir='ltr'><strong>precantur</strong></span> <span class='ocrx_word' id='word_1_715' title='bbox 2265 3418 2323 3463; x_wconf 90' lang='lat' dir='ltr'><strong>ut</strong></span> <span class='ocrx_word' id='word_1_716' title='bbox 2364 3418 2634 3478; x_wconf 85' lang='lat' dir='ltr'><strong>augeatur</strong></span> <span class='ocrx_word' id='word_1_717' title='bbox 2660 3407 2715 3460; x_wconf 89' lang='lat' dir='ltr'><strong>in</strong></span> <span class='ocrx_word' id='word_1_718' title='bbox 2747 3407 2825 3461; x_wconf 91' lang='lat' dir='ltr'><strong>eis</strong></span> <span class='ocrx_word' id='word_1_719' title='bbox 2858 3406 2980 3459; x_wconf 89' lang='lat' dir='ltr'><strong>fidei</strong></span> <span class='ocrx_word' id='word_1_720' title='bbox 3020 3405 3216 3466; x_wconf 85' lang='lat' dir='ltr'><strong>virtus,</strong></span> <span class='ocrx_word' id='word_1_721' title='bbox 3253 3419 3347 3473; x_wconf 88' lang='lat' dir='ltr'><strong>per</strong></span> <span class='ocrx_word' id='word_1_722' title='bbox 3372 3417 3537 3471; x_wconf 86' lang='lat' dir='ltr'><strong>quam</strong></span> 
     </span>
    </p>
   </div>
   <div class='ocr_carea' id='block_1_93' title="bbox 1928 3494 3539 3575">
    <p class='ocr_par' dir='ltr' id='par_1_93' title="bbox 1928 3494 3539 3575">
     <span class='ocr_line' id='line_1_93' title="bbox 1928 3494 3539 3575; baseline -0.007 -16"><span class='ocrx_word' id='word_1_723' title='bbox 1928 3504 2143 3575; x_wconf 90' lang='lat' dir='ltr'><strong>possint</strong></span> <span class='ocrx_word' id='word_1_724' title='bbox 2184 3501 2300 3555; x_wconf 69' lang='lat' dir='ltr'><strong>haec</strong></span> <span class='ocrx_word' id='word_1_725' title='bbox 2352 3516 2472 3570; x_wconf 73' lang='lat' dir='ltr'><strong>qua:</strong></span> <span class='ocrx_word' id='word_1_726' title='bbox 2526 3499 2659 3554; x_wconf 89' lang='lat' dir='ltr'><strong>dicit</strong></span> <span class='ocrx_word' id='word_1_727' title='bbox 2709 3499 2919 3569; x_wconf 86' lang='lat' dir='ltr'><strong>perfici,</strong></span> <span class='ocrx_word' id='word_1_728' title='bbox 2956 3501 3022 3551; x_wconf 93' lang='lat' dir='ltr'><strong>de</strong></span> <span class='ocrx_word' id='word_1_729' title='bbox 3070 3504 3393 3565; x_wconf 88' lang='lat' dir='ltr'><strong>paupertate</strong></span> <span class='ocrx_word' id='word_1_730' title='bbox 3458 3494 3539 3547; x_wconf 91' lang='lat' dir='ltr'><strong>vi-</strong></span> 
     </span>
    </p>
   </div>
   <div class='ocr_carea' id='block_1_94' title="bbox 1934 3586 3540 3661">
    <p class='ocr_par' dir='ltr' id='par_1_94' title="bbox 1934 3586 3540 3661">
     <span class='ocr_line' id='line_1_94' title="bbox 1934 3586 3540 3661; baseline -0.009 -11"><span class='ocrx_word' id='word_1_731' title='bbox 1934 3595 2153 3650; x_wconf 82' lang='lat' dir='ltr'><strong>delicet.</strong></span> <span class='ocrx_word' id='word_1_732' title='bbox 2206 3590 2355 3661; x_wconf 84' lang='lat' dir='ltr'><strong>Nihil</strong></span> <span class='ocrx_word' id='word_1_733' title='bbox 2397 3591 2543 3646; x_wconf 88' lang='lat' dir='ltr'><strong>enim</strong></span> <span class='ocrx_word' id='word_1_734' title='bbox 2596 3590 2733 3644; x_wconf 91' lang='lat' dir='ltr'><strong>adeo</strong></span> <span class='ocrx_word' id='word_1_735' title='bbox 2766 3590 2832 3643; x_wconf 90' lang='lat' dir='ltr'><strong>ad</strong></span> <span class='ocrx_word' id='word_1_736' title='bbox 2873 3598 3254 3657; x_wconf 87' lang='lat' dir='ltr'><strong>paupertatem</strong></span> <span class='ocrx_word' id='word_1_737' title='bbox 3303 3586 3371 3641; x_wconf 94' lang='lat' dir='ltr'><strong>de</strong></span> <span class='ocrx_word' id='word_1_738' title='bbox 3434 3602 3540 3655; x_wconf 82' lang='lat' dir='ltr'><strong>qua</strong></span> 
     </span>
    </p>
   </div>
   <div class='ocr_carea' id='block_1_95' title="bbox 1930 3682 3544 3760">
    <p class='ocr_par' dir='ltr' id='par_1_95' title="bbox 1930 3682 3544 3760">
     <span class='ocr_line' id='line_1_95' title="bbox 1930 3682 3544 3760; baseline -0.007 -15"><span class='ocrx_word' id='word_1_739' title='bbox 1930 3689 2195 3760; x_wconf 86' lang='lat' dir='ltr'><strong>loquitur,</strong></span> <span class='ocrx_word' id='word_1_740' title='bbox 2240 3686 2633 3756; x_wconf 84' lang='lat' dir='ltr'><strong>perficiendam</strong></span> <span class='ocrx_word' id='word_1_741' title='bbox 2673 3684 2955 3749; x_wconf 83' lang='lat' dir='ltr'><strong>conducit,</strong></span> <span class='ocrx_word' id='word_1_742' title='bbox 3014 3694 3177 3750; x_wconf 73' lang='lat' dir='ltr'><strong>atque</strong></span> <span class='ocrx_word' id='word_1_743' title='bbox 3210 3682 3436 3736; x_wconf 81' lang='lat' dir='ltr'><strong>credere</strong></span> <span class='ocrx_word' id='word_1_744' title='bbox 3487 3692 3544 3733; x_wconf 91' lang='lat' dir='ltr'><strong>et</strong></span> 
     </span>
    </p>
   </div>
   <div class='ocr_carea' id='block_1_96' title="bbox 1941 3774 3545 3849">
    <p class='ocr_par' dir='ltr' id='par_1_96' title="bbox 1941 3774 3545 3849">
     <span class='ocr_line' id='line_1_96' title="bbox 1941 3774 3545 3849; baseline -0.006 -13"><span class='ocrx_word' id='word_1_745' title='bbox 1941 3780 2220 3837; x_wconf 87' lang='lat' dir='ltr'><strong>confidere</strong></span> <span class='ocrx_word' id='word_1_746' title='bbox 2246 3777 2399 3834; x_wconf 88' lang='lat' dir='ltr'><strong>Deo:</strong></span> <span class='ocrx_word' id='word_1_747' title='bbox 2435 3778 2897 3849; x_wconf 83' lang='lat' dir='ltr'><strong>quemadmodum</strong></span> <span class='ocrx_word' id='word_1_748' title='bbox 2958 3775 3092 3830; x_wconf 88' lang='lat' dir='ltr'><strong>nihil</strong></span> <span class='ocrx_word' id='word_1_749' title='bbox 3131 3775 3203 3827; x_wconf 91' lang='lat' dir='ltr'><strong>ita</strong></span> <span class='ocrx_word' id='word_1_750' title='bbox 3251 3774 3384 3828; x_wconf 84' lang='lat' dir='ltr'><strong>facit</strong></span> <span class='ocrx_word' id='word_1_751' title='bbox 3429 3774 3545 3827; x_wconf 89' lang='lat' dir='ltr'><strong>the-</strong></span> 
     </span>
    </p>
   </div>
   <div class='ocr_carea' id='block_1_97' title="bbox 1929 3865 3544 3939">
    <p class='ocr_par' dir='ltr' id='par_1_97' title="bbox 1929 3865 3544 3939">
     <span class='ocr_line' id='line_1_97' title="bbox 1929 3865 3544 3939; baseline -0.007 -12"><span class='ocrx_word' id='word_1_752' title='bbox 1929 3886 2125 3929; x_wconf 84' lang='lat' dir='ltr'><strong>sauros</strong></span> <span class='ocrx_word' id='word_1_753' title='bbox 2156 3883 2449 3939; x_wconf 84' lang='lat' dir='ltr'><strong>reponere,</strong></span> <span class='ocrx_word' id='word_1_754' title='bbox 2486 3879 2544 3923; x_wconf 92' lang='lat' dir='ltr'><strong>ut</strong></span> <span class='ocrx_word' id='word_1_755' title='bbox 2608 3883 2714 3923; x_wconf 89' lang='lat' dir='ltr'><strong>non</strong></span> <span class='ocrx_word' id='word_1_756' title='bbox 2749 3868 2980 3922; x_wconf 87' lang='lat' dir='ltr'><strong>credere</strong></span> <span class='ocrx_word' id='word_1_757' title='bbox 3014 3868 3158 3937; x_wconf 91' lang='lat' dir='ltr'><strong>quod</strong></span> <span class='ocrx_word' id='word_1_758' title='bbox 3213 3881 3443 3935; x_wconf 84' lang='lat' dir='ltr'><strong>magnus</strong></span> <span class='ocrx_word' id='word_1_759' title='bbox 3473 3865 3544 3917; x_wconf 85' lang='lat' dir='ltr'><strong>sit</strong></span> 
     </span>
    </p>
   </div>
   <div class='ocr_carea' id='block_1_98' title="bbox 1932 3955 3539 4027">
    <p class='ocr_par' dir='ltr' id='par_1_98' title="bbox 1932 3955 3539 4027">
     <span class='ocr_line' id='line_1_98' title="bbox 1932 3955 3539 4027; baseline -0.007 -9"><span class='ocrx_word' id='word_1_760' title='bbox 1932 3963 2308 4019; x_wconf 87' lang='lat' dir='ltr'><strong>thesaurarius</strong></span> <span class='ocrx_word' id='word_1_761' title='bbox 2341 3963 2507 4027; x_wconf 87' lang='lat' dir='ltr'><strong>Deus,</strong></span> <span class='ocrx_word' id='word_1_762' title='bbox 2564 3968 2620 4015; x_wconf 88' lang='lat' dir='ltr'><strong>et</strong></span> <span class='ocrx_word' id='word_1_763' title='bbox 2678 3960 3069 4015; x_wconf 79' lang='lat' dir='ltr'><strong>inexhaustum</strong></span> <span class='ocrx_word' id='word_1_764' title='bbox 3098 3955 3539 4027; x_wconf 82' lang='lat' dir='ltr'><strong>promptuarium</strong></span> 
     </span>
    </p>
   </div>
   <div class='ocr_carea' id='block_1_99' title="bbox 1930 4049 3540 4125">
    <p class='ocr_par' dir='ltr' id='par_1_99' title="bbox 1930 4049 3540 4125">
     <span class='ocr_line' id='line_1_99' title="bbox 1930 4049 3540 4125; baseline -0.007 -15"><span class='ocrx_word' id='word_1_765' title='bbox 1930 4056 2148 4111; x_wconf 86' lang='lat' dir='ltr'><strong>bonitas</strong></span> <span class='ocrx_word' id='word_1_766' title='bbox 2169 4057 2311 4125; x_wconf 83' lang='lat' dir='ltr'><strong>ejus.</strong></span> <span class='ocrx_word' id='word_1_767' title='bbox 2359 4052 2586 4123; x_wconf 83' lang='lat' dir='ltr'><strong>Insuper</strong></span> <span class='ocrx_word' id='word_1_768' title='bbox 2617 4064 2678 4107; x_wconf 91' lang='lat' dir='ltr'><strong>ut</strong></span> <span class='ocrx_word' id='word_1_769' title='bbox 2742 4062 2796 4107; x_wconf 91' lang='lat' dir='ltr'><strong>et</strong></span> <span class='ocrx_word' id='word_1_770' title='bbox 2837 4050 3180 4106; x_wconf 74' lang='lat' dir='ltr'><strong>olfeudieulis</strong></span> <span class='ocrx_word' id='word_1_771' title='bbox 3242 4065 3340 4121; x_wconf 86' lang='lat' dir='ltr'><strong>per</strong></span> <span class='ocrx_word' id='word_1_772' title='bbox 3382 4049 3540 4103; x_wconf 73' lang='lat' dir='ltr'><strong>fidem</strong></span> 
     </span>
    </p>
   </div>
   <div class='ocr_carea' id='block_1_100' title="bbox 1930 4142 3545 4217">
    <p class='ocr_par' dir='ltr' id='par_1_100' title="bbox 1930 4142 3545 4217">
     <span class='ocr_line' id='line_1_100' title="bbox 1930 4142 3545 4217; baseline -0.006 -15"><span class='ocrx_word' id='word_1_773' title='bbox 1930 4146 2200 4202; x_wconf 89' lang='lat' dir='ltr'><strong>obsistere</strong></span> <span class='ocrx_word' id='word_1_774' title='bbox 2242 4145 2478 4217; x_wconf 88' lang='lat' dir='ltr'><strong>possint,</strong></span> <span class='ocrx_word' id='word_1_775' title='bbox 2543 4145 2666 4201; x_wconf 88' lang='lat' dir='ltr'><strong>ideo</strong></span> <span class='ocrx_word' id='word_1_776' title='bbox 2717 4144 3047 4198; x_wconf 87' lang='lat' dir='ltr'><strong>accedentes</strong></span> <span class='ocrx_word' id='word_1_777' title='bbox 3092 4144 3284 4198; x_wconf 85' lang='lat' dir='ltr'><strong>dicunt</strong></span> <span class='ocrx_word' id='word_1_778' title='bbox 3330 4161 3342 4196; x_wconf 93' lang='lat'><strong>:</strong></span> <span class='ocrx_word' id='word_1_779' title='bbox 3392 4142 3545 4212; x_wconf 82' lang='lat' dir='ltr'><strong>Auge</strong></span> 
     </span>
    </p>
   </div>
   <div class='ocr_carea' id='block_1_101' title="bbox 1930 4234 3543 4307">
    <p class='ocr_par' dir='ltr' id='par_1_101' title="bbox 1930 4234 3543 4307">
     <span class='ocr_line' id='line_1_101' title="bbox 1930 4234 3543 4307; baseline -0.006 -13"><span class='ocrx_word' id='word_1_780' title='bbox 1930 4240 2090 4294; x_wconf 90' lang='lat' dir='ltr'><strong>nobis</strong></span> <span class='ocrx_word' id='word_1_781' title='bbox 2124 4239 2309 4304; x_wconf 85' lang='lat' dir='ltr'><strong>fidem,</strong></span> <span class='ocrx_word' id='word_1_782' title='bbox 2363 4236 2451 4293; x_wconf 90' lang='lat' dir='ltr'><strong>fac</strong></span> <span class='ocrx_word' id='word_1_783' title='bbox 2497 4253 2600 4293; x_wconf 88' lang='lat' dir='ltr'><strong>nos</strong></span> <span class='ocrx_word' id='word_1_784' title='bbox 2639 4240 2997 4307; x_wconf 86' lang='lat' dir='ltr'><strong>perfectiores</strong></span> <span class='ocrx_word' id='word_1_785' title='bbox 3044 4246 3100 4291; x_wconf 85' lang='lat' dir='ltr'><strong>et</strong></span> <span class='ocrx_word' id='word_1_786' title='bbox 3158 4235 3435 4290; x_wconf 89' lang='lat' dir='ltr'><strong>firmiores</strong></span> <span class='ocrx_word' id='word_1_787' title='bbox 3490 4234 3543 4286; x_wconf 92' lang='lat' dir='ltr'><strong>in</strong></span> 
     </span>
    </p>
   </div>
   <div class='ocr_carea' id='block_1_102' title="bbox 1932 4327 3533 4398">
    <p class='ocr_par' dir='ltr' id='par_1_102' title="bbox 1932 4327 3533 4398">
     <span class='ocr_line' id='line_1_102' title="bbox 1932 4327 3533 4398; baseline -0.005 -12"><span class='ocrx_word' id='word_1_788' title='bbox 1932 4333 2058 4388; x_wconf 88' lang='lat' dir='ltr'><strong>fide.</strong></span> <span class='ocrx_word' id='word_1_789' title='bbox 2096 4332 2361 4387; x_wconf 88' lang='lat' dir='ltr'><strong>Dominus</strong></span> <span class='ocrx_word' id='word_1_790' title='bbox 2396 4342 2579 4387; x_wconf 90' lang='lat' dir='ltr'><strong>autem</strong></span> <span class='ocrx_word' id='word_1_791' title='bbox 2634 4332 2933 4386; x_wconf 87' lang='lat' dir='ltr'><strong>ostendens</strong></span> <span class='ocrx_word' id='word_1_792' title='bbox 2977 4330 3057 4385; x_wconf 86' lang='lat' dir='ltr'><strong>eis</strong></span> <span class='ocrx_word' id='word_1_793' title='bbox 3089 4328 3232 4398; x_wconf 88' lang='lat' dir='ltr'><strong>quod</strong></span> <span class='ocrx_word' id='word_1_794' title='bbox 3269 4327 3410 4381; x_wconf 88' lang='lat' dir='ltr'><strong>bene</strong></span> <span class='ocrx_word' id='word_1_795' title='bbox 3436 4339 3533 4393; x_wconf 88' lang='lat' dir='ltr'><strong>pe-</strong></span> 
     </span>
    </p>
   </div>
   <div class='ocr_carea' id='block_1_103' title="bbox 1934 4422 3545 4496">
    <p class='ocr_par' dir='ltr' id='par_1_103' title="bbox 1934 4422 3545 4496">
     <span class='ocr_line' id='line_1_103' title="bbox 1934 4422 3545 4496; baseline -0.007 -14"><span class='ocrx_word' id='word_1_796' title='bbox 1934 4435 2071 4491; x_wconf 83' lang='lat' dir='ltr'><strong>tant,</strong></span> <span class='ocrx_word' id='word_1_797' title='bbox 2110 4434 2167 4481; x_wconf 90' lang='lat' dir='ltr'><strong>et</strong></span> <span class='ocrx_word' id='word_1_798' title='bbox 2196 4427 2343 4496; x_wconf 91' lang='lat' dir='ltr'><strong>quod</strong></span> <span class='ocrx_word' id='word_1_799' title='bbox 2373 4426 2515 4480; x_wconf 90' lang='lat' dir='ltr'><strong>hanc</strong></span> <span class='ocrx_word' id='word_1_800' title='bbox 2544 4435 2782 4479; x_wconf 87' lang='lat' dir='ltr'><strong>mentem</strong></span> <span class='ocrx_word' id='word_1_801' title='bbox 2811 4423 3043 4477; x_wconf 88' lang='lat' dir='ltr'><strong>firmiter</strong></span> <span class='ocrx_word' id='word_1_802' title='bbox 3072 4423 3275 4477; x_wconf 82' lang='lat' dir='ltr'><strong>habere</strong></span> <span class='ocrx_word' id='word_1_803' title='bbox 3306 4422 3545 4475; x_wconf 87' lang='lat' dir='ltr'><strong>debeant</strong></span> 
     </span>
    </p>
   </div>
   <div class='ocr_carea' id='block_1_104' title="bbox 1930 4515 3542 4583">
    <p class='ocr_par' dir='ltr' id='par_1_104' title="bbox 1930 4515 3542 4583">
     <span class='ocr_line' id='line_1_104' title="bbox 1930 4515 3542 4583; baseline -0.006 -7"><span class='ocrx_word' id='word_1_804' title='bbox 1930 4521 1997 4576; x_wconf 92' lang='lat' dir='ltr'><strong>de</strong></span> <span class='ocrx_word' id='word_1_805' title='bbox 2017 4520 2121 4575; x_wconf 90' lang='lat' dir='ltr'><strong>fide</strong></span> <span class='ocrx_word' id='word_1_806' title='bbox 2153 4530 2210 4574; x_wconf 93' lang='lat' dir='ltr'><strong>ut</strong></span> <span class='ocrx_word' id='word_1_807' title='bbox 2247 4520 2476 4573; x_wconf 90' lang='lat' dir='ltr'><strong>multum</strong></span> <span class='ocrx_word' id='word_1_808' title='bbox 2502 4517 2735 4583; x_wconf 74' lang='lat' dir='ltr'><strong>efﬁcaci,</strong></span> <span class='ocrx_word' id='word_1_809' title='bbox 2757 4518 2887 4572; x_wconf 91' lang='lat' dir='ltr'><strong>dicit</strong></span> <span class='ocrx_word' id='word_1_810' title='bbox 2914 4536 2927 4572; x_wconf 93' lang='lat'>:</span> <span class='ocrx_word' id='word_1_811' title='bbox 2959 4517 3015 4572; x_wconf 90' lang='lat' dir='ltr'><strong>Si</strong></span> <span class='ocrx_word' id='word_1_812' title='bbox 3046 4516 3324 4570; x_wconf 84' lang='lat' dir='ltr'><strong>haberetis</strong></span> <span class='ocrx_word' id='word_1_813' title='bbox 3356 4515 3542 4576; x_wconf 89' lang='lat' dir='ltr'><strong>fidem,</strong></span> 
     </span>
    </p>
   </div>
   <div class='ocr_carea' id='block_1_105' title="bbox 1856 4590 3539 4684">
    <p class='ocr_par' dir='ltr' id='par_1_105' title="bbox 1856 4590 3539 4684">
     <span class='ocr_line' id='line_1_105' title="bbox 1856 4590 3539 4684; baseline -0.005 -16"><span class='ocrx_word' id='word_1_814' title='bbox 1856 4590 1901 4645; x_wconf 77' lang='lat' dir='ltr'><strong>D</strong></span> <span class='ocrx_word' id='word_1_815' title='bbox 1934 4616 2093 4669; x_wconf 86' lang='lat' dir='ltr'><strong>istam</strong></span> <span class='ocrx_word' id='word_1_816' title='bbox 2131 4612 2480 4684; x_wconf 87' lang='lat' dir='ltr'><strong>sycaminum</strong></span> <span class='ocrx_word' id='word_1_817' title='bbox 2527 4611 3068 4682; x_wconf 88' lang='lat' dir='ltr'><strong>transplantassetis.</strong></span> <span class='ocrx_word' id='word_1_818' title='bbox 3111 4608 3227 4664; x_wconf 93' lang='lat' dir='ltr'><strong>Duo</strong></span> <span class='ocrx_word' id='word_1_819' title='bbox 3269 4617 3451 4661; x_wconf 87' lang='lat' dir='ltr'><strong>autem</strong></span> <span class='ocrx_word' id='word_1_820' title='bbox 3484 4607 3539 4660; x_wconf 92' lang='lat' dir='ltr'><strong>in</strong></span> 
     </span>
    </p>
   </div>
   <div class='ocr_carea' id='block_1_106' title="bbox 1930 4701 3542 4776">
    <p class='ocr_par' dir='ltr' id='par_1_106' title="bbox 1930 4701 3542 4776">
     <span class='ocr_line' id='line_1_106' title="bbox 1930 4701 3542 4776; baseline -0.005 -14"><span class='ocrx_word' id='word_1_821' title='bbox 1930 4708 2035 4763; x_wconf 90' lang='lat' dir='ltr'><strong>hoc</strong></span> <span class='ocrx_word' id='word_1_822' title='bbox 2068 4721 2265 4776; x_wconf 81' lang='lat' dir='ltr'><strong>magna</strong></span> <span class='ocrx_word' id='word_1_823' title='bbox 2318 4714 2469 4768; x_wconf 80' lang='lat' dir='ltr'><strong>sunt,</strong></span> <span class='ocrx_word' id='word_1_824' title='bbox 2505 4721 2706 4775; x_wconf 88' lang='lat' dir='ltr'><strong>nempe</strong></span> <span class='ocrx_word' id='word_1_825' title='bbox 2756 4707 2812 4759; x_wconf 90' lang='lat' dir='ltr'><strong>in</strong></span> <span class='ocrx_word' id='word_1_826' title='bbox 2851 4702 3039 4759; x_wconf 69' lang='lat' dir='ltr'><strong>&#39;alium</strong></span> <span class='ocrx_word' id='word_1_827' title='bbox 3096 4704 3274 4758; x_wconf 85' lang='lat' dir='ltr'><strong>locum</strong></span> <span class='ocrx_word' id='word_1_828' title='bbox 3333 4701 3542 4755; x_wconf 81' lang='lat' dir='ltr'><strong>moveri</strong></span> 
     </span>
    </p>
   </div>
   <div class='ocr_carea' id='block_1_107' title="bbox 1931 4798 3541 4870">
    <p class='ocr_par' dir='ltr' id='par_1_107' title="bbox 1931 4798 3541 4870">
     <span class='ocr_line' id='line_1_107' title="bbox 1931 4798 3541 4870; baseline -0.006 -13"><span class='ocrx_word' id='word_1_829' title='bbox 1931 4802 2235 4857; x_wconf 88' lang='lat' dir='ltr'><strong>radicatam</strong></span> <span class='ocrx_word' id='word_1_830' title='bbox 2289 4800 2342 4854; x_wconf 90' lang='lat' dir='ltr'><strong>in</strong></span> <span class='ocrx_word' id='word_1_831' title='bbox 2374 4810 2545 4866; x_wconf 90' lang='lat' dir='ltr'><strong>terra,</strong></span> <span class='ocrx_word' id='word_1_832' title='bbox 2582 4810 2639 4855; x_wconf 94' lang='lat' dir='ltr'><strong>ct</strong></span> <span class='ocrx_word' id='word_1_833' title='bbox 2688 4798 2924 4870; x_wconf 81' lang='lat' dir='ltr'><strong>plautari</strong></span> <span class='ocrx_word' id='word_1_834' title='bbox 2979 4799 3032 4853; x_wconf 92' lang='lat' dir='ltr'><strong>in</strong></span> <span class='ocrx_word' id='word_1_835' title='bbox 3088 4798 3249 4852; x_wconf 88' lang='lat' dir='ltr'><strong>mari.</strong></span> <span class='ocrx_word' id='word_1_836' title='bbox 3290 4798 3347 4851; x_wconf 91' lang='lat' dir='ltr'><strong>In</strong></span> <span class='ocrx_word' id='word_1_837' title='bbox 3403 4811 3541 4866; x_wconf 81' lang='lat' dir='ltr'><strong>aqua</strong></span> 
     </span>
    </p>
   </div>
   <div class='ocr_carea' id='block_1_108' title="bbox 1928 4885 3531 4962">
    <p class='ocr_par' dir='ltr' id='par_1_108' title="bbox 1928 4885 3531 4962">
     <span class='ocr_line' id='line_1_108' title="bbox 1928 4885 3531 4962; baseline -0.006 -14"><span class='ocrx_word' id='word_1_838' title='bbox 1928 4892 2075 4949; x_wconf 87' lang='lat' dir='ltr'><strong>enim</strong></span> <span class='ocrx_word' id='word_1_839' title='bbox 2112 4892 2372 4962; x_wconf 83' lang='lat' dir='ltr'><strong>quidnam</strong></span> <span class='ocrx_word' id='word_1_840' title='bbox 2401 4885 2721 4961; x_wconf 84' lang='lat' dir='ltr'><strong>plantatur?</strong></span> <span class='ocrx_word' id='word_1_841' title='bbox 2751 4889 3101 4945; x_wconf 85' lang='lat' dir='ltr'><strong>Manifestum</strong></span> <span class='ocrx_word' id='word_1_842' title='bbox 3140 4899 3327 4943; x_wconf 88' lang='lat' dir='ltr'><strong>autem</strong></span> <span class='ocrx_word' id='word_1_843' title='bbox 3362 4888 3531 4955; x_wconf 86' lang='lat' dir='ltr'><strong>quod,</strong></span> 
     </span>
    </p>
   </div>
   <div class='ocr_carea' id='block_1_109' title="bbox 1934 4984 3543 5056">
    <p class='ocr_par' dir='ltr' id='par_1_109' title="bbox 1934 4984 3543 5056">
     <span class='ocr_line' id='line_1_109' title="bbox 1934 4984 3543 5056; baseline -0.005 -12"><span class='ocrx_word' id='word_1_844' title='bbox 1934 4991 2062 5044; x_wconf 92' lang='lat' dir='ltr'><strong>dum</strong></span> <span class='ocrx_word' id='word_1_845' title='bbox 2099 4991 2215 5044; x_wconf 69' lang='lat' dir='ltr'><strong>haec</strong></span> <span class='ocrx_word' id='word_1_846' title='bbox 2254 4987 2411 5056; x_wconf 92' lang='lat' dir='ltr'><strong>dicit,</strong></span> <span class='ocrx_word' id='word_1_847' title='bbox 2466 4988 2589 5044; x_wconf 85' lang='lat' dir='ltr'><strong>fidei</strong></span> <span class='ocrx_word' id='word_1_848' title='bbox 2625 4997 2897 5043; x_wconf 90' lang='lat' dir='ltr'><strong>monstrat</strong></span> <span class='ocrx_word' id='word_1_849' title='bbox 2946 4987 3231 5041; x_wconf 89' lang='lat' dir='ltr'><strong>virtutem.</strong></span> <span class='ocrx_word' id='word_1_850' title='bbox 3266 4984 3543 5039; x_wconf 84' lang='lat' dir='ltr'><strong>Fortassis</strong></span> 
     </span>
    </p>
   </div>
   <div class='ocr_carea' id='block_1_110' title="bbox 1932 5080 3542 5152">
    <p class='ocr_par' dir='ltr' id='par_1_110' title="bbox 1932 5080 3542 5152">
     <span class='ocr_line' id='line_1_110' title="bbox 1932 5080 3542 5152; baseline -0.003 -17"><span class='ocrx_word' id='word_1_851' title='bbox 1932 5092 2246 5151; x_wconf 67' lang='lat' dir='ltr'><strong>autenrper</strong></span> <span class='ocrx_word' id='word_1_852' title='bbox 2278 5080 2595 5151; x_wconf 88' lang='lat' dir='ltr'><strong>allegoriam</strong></span> <span class='ocrx_word' id='word_1_853' title='bbox 2631 5082 2755 5152; x_wconf 91' lang='lat' dir='ltr'><strong>quis</strong></span> <span class='ocrx_word' id='word_1_854' title='bbox 2790 5081 3137 5152; x_wconf 86' lang='lat' dir='ltr'><strong>sycamiuum</strong></span> <span class='ocrx_word' id='word_1_855' title='bbox 3169 5080 3373 5134; x_wconf 78' lang='lat' dir='ltr'><strong>dixerit</strong></span> <span class='ocrx_word' id='word_1_856' title='bbox 3418 5092 3542 5131; x_wconf 84' lang='lat' dir='ltr'><strong>esse</strong></span> 
     </span>
    </p>
   </div>
   <div class='ocr_carea' id='block_1_111' title="bbox 1930 5166 3542 5243">
    <p class='ocr_par' dir='ltr' id='par_1_111' title="bbox 1930 5166 3542 5243">
     <span class='ocr_line' id='line_1_111' title="bbox 1930 5166 3542 5243; baseline -0.007 -12"><span class='ocrx_word' id='word_1_857' title='bbox 1930 5175 2232 5239; x_wconf 87' lang='lat' dir='ltr'><strong>diabolum,</strong></span> <span class='ocrx_word' id='word_1_858' title='bbox 2276 5175 2419 5243; x_wconf 90' lang='lat' dir='ltr'><strong>quod</strong></span> <span class='ocrx_word' id='word_1_859' title='bbox 2457 5174 2617 5229; x_wconf 87' lang='lat' dir='ltr'><strong>nobis</strong></span> <span class='ocrx_word' id='word_1_860' title='bbox 2666 5185 2859 5228; x_wconf 85' lang='lat' dir='ltr'><strong>auctor</strong></span> <span class='ocrx_word' id='word_1_861' title='bbox 2878 5172 3213 5228; x_wconf 88' lang='lat' dir='ltr'><strong>etalumuus</strong></span> <span class='ocrx_word' id='word_1_862' title='bbox 3240 5172 3309 5223; x_wconf 91' lang='lat' dir='ltr'><strong>sit</strong></span> <span class='ocrx_word' id='word_1_863' title='bbox 3340 5166 3542 5222; x_wconf 85' lang='lat' dir='ltr'><strong>vermis</strong></span> 
     </span>
    </p>
   </div>
   <div class='ocr_carea' id='block_1_112' title="bbox 1932 5257 3539 5336">
    <p class='ocr_par' dir='ltr' id='par_1_112' title="bbox 1932 5257 3539 5336">
     <span class='ocr_line' id='line_1_112' title="bbox 1932 5257 3539 5336; baseline -0.009 -13"><span class='ocrx_word' id='word_1_864' title='bbox 1932 5267 2148 5332; x_wconf 61' lang='lat' dir='ltr'><strong>mterni,</strong></span> <span class='ocrx_word' id='word_1_865' title='bbox 2184 5274 2411 5336; x_wconf 89' lang='lat' dir='ltr'><strong>propter</strong></span> <span class='ocrx_word' id='word_1_866' title='bbox 2441 5267 2804 5336; x_wconf 79' lang='lat' dir='ltr'><strong>cogitationes</strong></span> <span class='ocrx_word' id='word_1_867' title='bbox 2829 5282 2969 5335; x_wconf 80' lang='lat' dir='ltr'><strong>quas</strong></span> <span class='ocrx_word' id='word_1_868' title='bbox 3000 5264 3089 5318; x_wconf 91' lang='lat' dir='ltr'><strong>ille</strong></span> <span class='ocrx_word' id='word_1_869' title='bbox 3112 5269 3359 5331; x_wconf 78' lang='lat' dir='ltr'><strong>generat.</strong></span> <span class='ocrx_word' id='word_1_870' title='bbox 3390 5257 3539 5313; x_wconf 85' lang='lat' dir='ltr'><strong>Folia</strong></span> 
     </span>
    </p>
   </div>
   <div class='ocr_carea' id='block_1_113' title="bbox 1932 5352 3532 5428">
    <p class='ocr_par' dir='ltr' id='par_1_113' title="bbox 1932 5352 3532 5428">
     <span class='ocr_line' id='line_1_113' title="bbox 1932 5352 3532 5428; baseline -0.007 -14"><span class='ocrx_word' id='word_1_871' title='bbox 1932 5360 2079 5415; x_wconf 89' lang='lat' dir='ltr'><strong>enim</strong></span> <span class='ocrx_word' id='word_1_872' title='bbox 2113 5358 2386 5428; x_wconf 86' lang='lat' dir='ltr'><strong>sycamini</strong></span> <span class='ocrx_word' id='word_1_873' title='bbox 2424 5372 2637 5413; x_wconf 85' lang='lat' dir='ltr'><strong>vermes</strong></span> <span class='ocrx_word' id='word_1_874' title='bbox 2664 5368 2920 5428; x_wconf 89' lang='lat' dir='ltr'><strong>pascunt,</strong></span> <span class='ocrx_word' id='word_1_875' title='bbox 2972 5358 3116 5411; x_wconf 90' lang='lat' dir='ltr'><strong>unde</strong></span> <span class='ocrx_word' id='word_1_876' title='bbox 3152 5360 3286 5408; x_wconf 89' lang='lat' dir='ltr'><strong>Iinut</strong></span> <span class='ocrx_word' id='word_1_877' title='bbox 3334 5352 3532 5406; x_wconf 77' lang='lat' dir='ltr'><strong>serica.</strong></span> 
     </span>
    </p>
   </div>
   <div class='ocr_carea' id='block_1_114' title="bbox 1932 5445 3541 5523">
    <p class='ocr_par' dir='ltr' id='par_1_114' title="bbox 1932 5445 3541 5523">
     <span class='ocr_line' id='line_1_114' title="bbox 1932 5445 3541 5523; baseline -0.006 -16"><span class='ocrx_word' id='word_1_878' title='bbox 1932 5453 2084 5507; x_wconf 88' lang='lat' dir='ltr'><strong>Ilanc</strong></span> <span class='ocrx_word' id='word_1_879' title='bbox 2115 5454 2279 5522; x_wconf 88' lang='lat' dir='ltr'><strong>igitur</strong></span> <span class='ocrx_word' id='word_1_880' title='bbox 2316 5456 2661 5523; x_wconf 85' lang='lat' dir='ltr'><strong>sycamiuum</strong></span> <span class='ocrx_word' id='word_1_881' title='bbox 2689 5455 2823 5509; x_wconf 85' lang='lat' dir='ltr'><strong>fides</strong></span> <span class='ocrx_word' id='word_1_882' title='bbox 2848 5452 3146 5509; x_wconf 84' lang='lat' dir='ltr'><strong>.eradicare</strong></span> <span class='ocrx_word' id='word_1_883' title='bbox 3191 5447 3357 5521; x_wconf 66' lang='grc'><strong>425</strong></span> <span class='ocrx_word' id='word_1_884' title='bbox 3396 5445 3541 5498; x_wconf 72' lang='grc' dir='ltr'>νειΙᾶ</span> 
     </span>
    </p>
   </div>
   <div class='ocr_carea' id='block_1_115' title="bbox 1928 5542 3536 5616">
    <p class='ocr_par' dir='ltr' id='par_1_115' title="bbox 1928 5542 3536 5616">
     <span class='ocr_line' id='line_1_115' title="bbox 1928 5542 3536 5616; baseline -0.007 -16"><span class='ocrx_word' id='word_1_885' title='bbox 1928 5561 1993 5600; x_wconf 83' lang='lat' dir='ltr'><strong>ex</strong></span> <span class='ocrx_word' id='word_1_886' title='bbox 2026 5544 2194 5601; x_wconf 88' lang='lat' dir='ltr'><strong>corde</strong></span> <span class='ocrx_word' id='word_1_887' title='bbox 2250 5548 2511 5611; x_wconf 89' lang='lat' dir='ltr'><strong>humano,</strong></span> <span class='ocrx_word' id='word_1_888' title='bbox 2544 5556 2599 5601; x_wconf 91' lang='lat' dir='ltr'><strong>et</strong></span> <span class='ocrx_word' id='word_1_889' title='bbox 2629 5548 2683 5600; x_wconf 92' lang='lat' dir='ltr'><strong>in</strong></span> <span class='ocrx_word' id='word_1_890' title='bbox 2741 5562 2891 5600; x_wconf 87' lang='lat' dir='ltr'><strong>mare</strong></span> <span class='ocrx_word' id='word_1_891' title='bbox 2935 5545 3225 5616; x_wconf 74' lang='lat' dir='ltr'><strong>projicere.</strong></span> <span class='ocrx_word' id='word_1_892' title='bbox 3269 5542 3370 5593; x_wconf 90' lang='lat' dir='ltr'><strong>hoc</strong></span> <span class='ocrx_word' id='word_1_893' title='bbox 3431 5547 3536 5599; x_wconf 91' lang='lat' dir='ltr'><strong>est,</strong></span> 
     </span>
    </p>
   </div>
   <div class='ocr_carea' id='block_1_116' title="bbox 1927 5632 3534 5713">
    <p class='ocr_par' dir='ltr' id='par_1_116' title="bbox 1927 5632 3534 5713">
     <span class='ocr_line' id='line_1_116' title="bbox 1927 5632 3534 5713; baseline -0.02 2"><span class='ocrx_word' id='word_1_894' title='bbox 1927 5640 1981 5695; x_wconf 73' lang='grc' dir='ltr'>ίη</span> <span class='ocrx_word' id='word_1_895' title='bbox 2025 5640 2284 5711; x_wconf 61' lang='lat' dir='ltr'><strong>3b)&quot;&#39;SU|II</strong></span> <span class='ocrx_word' id='word_1_896' title='bbox 2312 5642 2563 5711; x_wconf 85' lang='lat' dir='ltr'><strong>perdere.</strong></span> <span class='ocrx_word' id='word_1_897' title='bbox 2600 5642 2665 5696; x_wconf 82' lang='lat' dir='ltr'><strong>Et</strong></span> <span class='ocrx_word' id='word_1_898' title='bbox 2689 5642 2817 5713; x_wconf 88' lang='lat' dir='ltr'><strong>quia</strong></span> <span class='ocrx_word' id='word_1_899' title='bbox 2845 5643 2961 5697; x_wconf 75' lang='lat' dir='ltr'><strong>lucc</strong></span> <span class='ocrx_word' id='word_1_900' title='bbox 2988 5640 3121 5694; x_wconf 80' lang='lat' dir='ltr'><strong>dit-it</strong></span> <span class='ocrx_word' id='word_1_901' title='bbox 3155 5637 3222 5693; x_wconf 87' lang='lat' dir='ltr'><strong>de</strong></span> <span class='ocrx_word' id='word_1_902' title='bbox 3252 5637 3373 5691; x_wconf 83' lang='lat' dir='ltr'><strong>fide.</strong></span> <span class='ocrx_word' id='word_1_903' title='bbox 3406 5632 3534 5685; x_wconf 89' lang='lat' dir='ltr'><strong>sub-</strong></span> 
     </span>
    </p>
   </div>
   <div class='ocr_carea' id='block_1_117' title="bbox 1924 5720 3536 5806">
    <p class='ocr_par' dir='ltr' id='par_1_117' title="bbox 1924 5720 3536 5806">
     <span class='ocr_line' id='line_1_117' title="bbox 1924 5720 3536 5806; baseline -0.007 -18"><span class='ocrx_word' id='word_1_904' title='bbox 1924 5732 2005 5788; x_wconf 88' lang='lat' dir='ltr'><strong>dit</strong></span> <span class='ocrx_word' id='word_1_905' title='bbox 2028 5728 2342 5788; x_wconf 81' lang='lat' dir='ltr'><strong>doctrinam</strong></span> <span class='ocrx_word' id='word_1_906' title='bbox 2371 5732 2531 5789; x_wconf 89' lang='lat' dir='ltr'><strong>aliam</strong></span> <span class='ocrx_word' id='word_1_907' title='bbox 2560 5734 2735 5806; x_wconf 75' lang='lat' dir='ltr'><strong>magis</strong></span> <span class='ocrx_word' id='word_1_908' title='bbox 2754 5734 3143 5789; x_wconf 74' lang='lat' dir='ltr'><strong>necessariam.</strong></span> <span class='ocrx_word' id='word_1_909' title='bbox 3172 5729 3359 5799; x_wconf 81' lang='lat' dir='ltr'><strong>Qualis</strong></span> <span class='ocrx_word' id='word_1_910' title='bbox 3378 5720 3536 5781; x_wconf 68' lang='lat' dir='ltr'><strong>hinc?</strong></span> 
     </span>
    </p>
   </div>
  </div>
