4228 6428
744 394 851 457 987

1644 391 2225 457 'l'lIEOPBYLACTI
2261 394 2674 455 BULGARI/E
2710 393 3065 455 ARCHIEP.

3906 391 4009 455 988

751 508 864 565 Non
896 507 1317 581 superbiendum
1347 520 1467 561 esse
1494 507 1548 559 lu
1580 507 1735 560 bonis
1756 506 2029 577 Operibus.
2055 506 2323 573 Quoniam

2438 509 2603 573 ζῶσαι
2632 510 2739 562 άπδ
2765 509 2994 579 καρδίας
3024 508 3397 580 ἀνθρωπίνης,
3426 508 3519 561 καὶ
3550 508 3635 571 είς
3672 507 3773 579 τὴν
3804 506 4013 561 θάλασ-

746 602 892 655 enim
926 600 1057 655 fides
1094 597 1257 653 multa
1282 598 1529 666 corrigit,
1562 607 1613 652 et
1649 596 1775 651 facit
1814 595 2039 667 implere
2062 600 2315 653 mandata

746 706 869 745 eum
886 690 974 757 qui
1012 689 1152 741 illam
1188 687 1375 754 habet,
1406 702 1527 743 cum
1552 702 1615 741 eo
1645 690 1788 756 quod
1828 686 2056 741 adornat
2085 689 2317 742 miracu-

746 780 918 833 lorum
951 780 1225 847 operibus.
1257 777 1450 833 Verum
1472 780 1597 846 quia
1630 778 1921 834 verisimile
1941 780 2317 835 eslbominem

744 886 807 923 ex
846 870 928 922 his
959 870 1010 923 in
1042 872 1346 937 superbiam
1380 872 1637 936 incidere,
1674 871 1846 925 munit
1895 871 2169 941 apostolos
2202 858 2313 935 ita,

747 972 797 1011 ut
834 978 939 1013 non
977 962 1306 1014 extollantur
1347 962 1398 1016 in
1434 964 1592 1016 bonis
1638 964 1913 1032 operibus,
1960 961 2320 1032 pulcherrimo

744 1053 1011 1120 exemplo.
1063 1051 1194 1117 Quis
1241 1054 1384 1106 enim
1416 1064 1678 1119 veslrum,
1712 1054 1903 1124 inquit,
1958 1068 2173 1108 servum
2221 1052 2320 1105 ba-

745 1143 903 1204 bcns,
945 1154 996 1196 et
1024 1153 1236 1197 czrtera.
1278 1145 1609 1199 Monstratur
1633 1148 1777 1200 enim
1829 1161 1925 1215 per
1961 1145 2104 1199 hanc
2158 1158 2317 1213 para-

746 1235 919 1287 bolant
950 1236 1093 1303 quod
1124 1251 1229 1289 non
1278 1246 1489 1304 oportet
1531 1236 1713 1290 extolli
1772 1238 1827 1291 in
1877 1237 2017 1290 bono
2056 1235 2310 1305 quapiam

746 1341 932 1393 opere,
961 1325 1067 1379 imo
1100 1342 1275 1395 neque
1328 1328 1379 1381 in
1408 1328 1648 1382 omnium
1699 1328 2078 1383 mandatorum
2129 1327 2321 1395 imple-

751 1421 917 1472 tione.
946 1420 1113 1473 Servo
1142 1420 1285 1472 enim
1306 1422 1601 1475 necessitas
1632 1421 1896 1476 incumbit
1915 1432 1972 1474 ut
1994 1420 2152 1474 faciat
2174 1434 2327 1473 man-

748 1514 871 1564 data
904 1511 1131 1573 domini,
1159 1527 1334 1580 neque
1380 1521 1438 1566 ut
1486 1514 1681 1566 bonum
1716 1528 1852 1582 opus
1915 1512 2015 1567 sibi
2054 1511 2182 1566 illud
2233 1526 2324 1565 as-

747 1600 958 1653 cribere
986 1600 1162 1655 debet.
1200 1601 1406 1671 Quippe
1438 1605 1481 1656 si
1510 1618 1613 1656 non
1642 1604 1975 1671 operabitur,
2023 1602 2215 1671 dignus
2244 1609 2326 1655 est

748 1690 932 1745 multis
966 1693 1138 1762 plagis
1168 1713 1179 1747 :
1222 1710 1344 1748 cum
1387 1702 1565 1748 autem
1598 1706 1856 1764 operatus
1886 1695 2071 1761 fuerit,
2099 1702 2322 1748 conten-

750 1795 837 1837 tus
866 1786 935 1839 sit
961 1791 1101 1855 quod
1153 1789 1339 1854 plagas
1380 1788 1652 1857 eﬂ'ngerit.
1705 1788 1939 1842 Proinde
1974 1803 2081 1842 non
2114 1794 2327 1856 Oportet

747 1877 815 1931 de
854 1878 953 1931 hoc
978 1878 1208 1943 pretium
1245 1878 1324 1950 vel
1386 1881 1649 1932 honorem
1702 1880 2015 1933 necessario
2058 1892 2324 1948 quaerere.
2360 1871 2401 1927 Β

748 1967 1115 2022 Liberalitatis
1178 1971 1320 2023 enim
1384 1970 1588 2024 domini
1644 1970 1808 2025 fuerit
1842 1971 1974 2025 dare
2041 1971 2165 2040 ipsi,
2219 1972 2327 2025 imo

747 2059 930 2128 largiri
964 2061 1261 2128 quidpiam.
1299 2060 1467 2129 Igitur
1494 2071 1550 2116 et
1581 2060 1672 2128 qui
1716 2062 1884 2116 servit
1935 2060 2069 2125 Deo,
2110 2062 2325 2115 etiamsi

746 2152 1001 2205 mandata
1067 2154 1337 2219 perficiat,
1376 2170 1483 2206 nou
1548 2153 1706 2207 debet
1749 2151 1967 2207 exlolli..
2009 2150 2156 2206 Nihil
2183 2154 2325 2206 enim

746 2260 999 2314 magnum
1039 2244 1187 2309 fecit,
1218 2246 1310 2299 sed
1354 2261 1431 2299 va:
1479 2248 1585 2299 erit
1617 2247 1665 2298 ei
1725 2246 1826 2299 nisi
1879 2245 2117 2311 fecerit;
2181 2245 2329 2299 sicut

746 2334 1038 2401 Apostolus
1065 2336 1193 2389 dicit
1222 2354 1233 2388 :
1274 2354 1292 2386 ι
1330 2334 1419 2389 Va:
1447 2336 1576 2388 milii
1598 2336 1699 2390 nisi
1723 2336 2169 2405 evangelizavero
2190 2336 2257 2388 “.
2307 2353 2325 2387 ι

746 2422 979 2479 Proinde
1005 2427 1050 2480 si
1078 2428 1215 2480 dona
1253 2426 1415 2480 fuerit
1444 2437 1751 2488 assecutus.
1784 2443 1890 2481 non
1922 2428 2083 2481 debet
2122 2426 2173 2480 in
2222 2426 2330 2479 illis

747 2519 1047 2586 superbire,
1086 2528 1138 2571 et
1174 2521 1238 2572 de
1280 2520 1359 2572 eis
1385 2518 1692 2585 sejaetare.
1724 2517 1996 2573 Beneficia
2027 2520 2172 2573 enim
2204 2524 2333 2572 sunt

749 2627 843 2681 per
872 2611 1306 2665 misericordiam
1356 2610 1449 2665 Dei
1480 2612 1553 2665 illi
1587 2626 1868 2677 concessa,
1922 2626 2030 2665 non
2063 2612 2204 2679 quod
2240 2611 2334 2665 de-

748 2704 869 2758 beat
902 2707 950 2758 ei
979 2705 1180 2774 aliquid
1216 2706 1507 2759 Dominus:
1536 2705 1644 2758 imo
1702 2718 1891 2758 servus
1927 2702 2089 2757 debet
2114 2703 2334 2756 domino

750 2811 851 2849 suo
877 2808 933 2849 ut
958 2796 1316 2851 faciatomuia
1354 2796 1473 2864 ejus
1516 2796 1791 2849 mandata.
1826 2793 1882 2848 Si
1915 2805 2096 2847 autem
2125 2802 2179 2847 et
2210 2808 2331 2847 cum

752 2887 933 2941 omnia
959 2887 1209 2940 mandata
1261 2886 1575 2951 fecerimus,
1610 2900 1862 2955 magnum
1898 2883 2157 2953 quiddam
2206 2893 2334 2939 tunc

750 2978 951 3033 sentire
967 2993 1073 3031 non
1110 2978 1391 3045 debemus,
1424 2978 1574 3045 quid,
1617 2990 1743 3029 cum
1778 2976 2076 3029 maximam
2108 2985 2319 3043 partem

751 3070 1124 3123 mandatorum
1146 3069 1235 3123 Dei
1254 3084 1361 3123 non
1381 3066 1717 3137 perficimus,
1734 3065 1967 3135 amplius
1980 3062 2334 3119 extollimur?

754 3162 986 3217 Adverte
1016 3173 1199 3216 autem
1229 3162 1371 3231 quod
1402 3160 1455 3215 in
1485 3160 1627 3215 tlicta
1671 3158 1926 3228 parabola
1956 3158 2191 3228 primum
2234 3172 2335 3226 po-

751 3256 860 3312 suit
892 3265 1160 3318 arantem,
1188 3262 1243 3308 et
1263 3252 1501 3307 subdidit
1524 3262 1711 3321 postea
1736 3258 2069 3319 pascentem.
2089 3247 2336 3301 Primum

748 3348 895 3401 enim
922 3354 1138 3417 Oportet
1185 3360 1307 3401 esse
1342 3352 1637 3410 aratorem,
1685 3342 1879 3397 deinde
1917 3350 1971 3397 et
2004 3338 2337 3407 pastoralem

752 3454 936 3491 curam
960 3452 1258 3491 assumere.
1285 3434 1419 3488 Nam
1460 3434 1551 3504 qui
1583 3446 1803 3487 carnem
1845 3445 1998 3485 suam
2039 3430 2179 3483 bene
2217 3442 2341 3481 ara-

754 3530 1071 3599 veritquasi
1123 3537 1325 3583 terram
1386 3526 1704 3596 quamdam,
1757 3524 1953 3593 dignus
2012 3523 2120 3577 erit
2166 3521 2335 3577 etiam

760 3622 991 3677 aliorum
1026 3632 1209 3692 pastor
1235 3620 1386 3675 fieri.
1418 3618 1520 3687 Qui
1563 3618 1707 3673 enim
1750 3632 1859 3671 sua
1915 3615 2102 3671 domui
2157 3615 2339 3670 nescit

753 3729 987 3781 praeesse
1022 3725 1079 3767 ut
1104 3721 1339 3781 oportet,
1362 3712 1637 3781 quomodo
1656 3710 1914 3765 Ecclesia
1934 3724 2123 3764 curam
2151 3708 2336 3780 geret?

750 3808 859 3858 Ara
888 3806 1050 3875 igitur
1069 3802 1220 3872 prius
1254 3803 1507 3870 teipsum,
1532 3810 1586 3854 et
1612 3809 1735 3855 tunc
1758 3813 1953 3868 pasces
1977 3798 2113 3851 alios
2142 3838 2157 3862 ,
2193 3798 2335 3851 sicut

764 3906 818 3951 et
859 3896 1122 3951 Jeremias
1158 3895 1334 3949 dicit:
1376 3893 1583 3948 Novate
1648 3894 1803 3947 vobis
1850 3891 2089 3957 novalia,
2142 3889 2337 3945 deinde

751 3986 931 4042 subdit
956 4004 969 4040 :
1005 3986 1315 4042 lllumiuato
1348 4000 1440 4039 vos
1469 3986 1669 4038 lumine
1692 3983 1931 4039 scientiae
1953 4001 1966 4036 :
1986 3981 2130 4052 quod
2155 3989 2336 4052 pasto-

746 4094 869 4135 rum
903 4080 1233 4149 praecipuum
1266 4091 1463 4131 munus
1494 4076 1675 4131 fuerit.

2426 616 2526 652 σαν
2566 599 2767 670 βαλεῖν,
2815 596 3121 664 τουτέστιν,
3163 601 3245 663 είς
3301 599 3401 671 τὴν
3428 599 3665 655 άδυσσον
3699 598 4003 652 ἀπολῦσαι.

2436 689 2589 741 Ἐπεὶ
2612 689 2670 743 δὲ
2696 690 2870 743 ταῦτα
2899 684 3020 743 εἷπε
3051 688 3181 758 περὶ
3209 687 3311 758 τῆς
3337 687 3597 751 πίστεως,
3630 688 3894 757 ἐπιφέρει
3916 688 4009 739 καὶ

2426 783 2867 854 ἀναγκαιοτάτην
2915 782 3109 854 ἑτέραν
3144 781 3521 847 διδασκαλίαν,
3553 782 3716 834 ποίαν
3769 779 4008 847 ταύτηνς

2426 875 2539 945 Τὴν
2570 876 2697 944 περὶ
2729 876 2824 928 τοῦ
2864 876 2940 945 μὴ
2963 876 3077 928 δεῖν
3120 875 3549 945 μεγαλοφρονεῖν
3597 875 3694 927 tul
3722 872 4011 943 κατορθώ-

2430 983 2562 1038 μασι
2590 984 2603 997 ο
2645 967 2832 1037 ἑπειδὴ
2862 966 3025 1038 γάρὴ
3057 966 3245 1028 πίστις
3268 966 3439 1019 πολλὰ
3469 965 3745 1036 κατορθοῖ,
3777 967 3880 1019 καὶ
3910 964 4015 1017 τῶν

2428 1060 2657 1112 ἑντολῶν
2685 1060 2979 1129 πληρωτὴν
3004 1061 3149 1111 ποιεῖ
3170 1058 3263 1111 τὸν
3294 1056 3498 1127 ταύτην
3530 1056 3723 1125 έχοντα
3750 1056 3896 1124 μετὰ
3924 1054 4013 1107 τοῦ

2430 1155 2525 1205 καὶ
2554 1151 3025 1221 θαυματουργίαις
3054 1151 3432 1219 κατακοσμεῖν
3470 1148 3654 1210 αὑτὸν,
3694 1149 3761 1199 ἑκ
3807 1147 4019 1198 τούτων

2431 1245 2487 1298 δὲ
2523 1244 2668 1307 είκός
2694 1244 2785 1296 τὸν
2814 1243 3105 1314 ἄνθρωπον
3129 1244 3208 1305 είς
3236 1240 3725 1310 μεγαλοφροσύνην
3761 1240 4021 1290 ἐκπεσεῖν

2432 1335 2712 1398 πολλάκις,
2748 1332 3115 1401 ἀσφαλίζεται
3157 1333 3284 1394 τοὺς
3341 1330 3699 1395 ἀποστόλους,
3749 1328 3897 1380 ὥστε
3947 1327 4023 1395 μὴ

2433 1427 2760 1497 ἑπαίρεσθαι
2794 1426 2885 1478 ἑπὶ
2912 1423 3332 1496 κατορθώμασι,
3380 1422 3446 1475 δι’
3471 1422 3881 1488 ὑποδείγματπ
3929 1435 4025 1487 χα-

2438 1519 2740 1589 ριεστάτου.
2770 1519 2867 1580 Τίς
2896 1518 3029 1587 7&9,
3075 1518 3261 1585 φησὶν,
3313 1514 3469 1585 ὑμῶν
3500 1512 3686 1567 δοῦλον
3723 1512 3893 1581 έχων,
3934 1510 4027 1562 καὶ

2432 1611 2499 1663 τά
2543 1609 2692 1678 ἑξῆς.
2742 1609 3110 1661 Ἐνδείκνυται
3162 1608 3272 1677 7&9
3304 1608 3393 1660 διά
3433 1606 3637 1673 ταύτης
3681 1604 3783 1671 τῆς
3846 1618 4030 1670 παραο

2435 1702 2619 1768 ϐολῆς,
2661 1702 2743 1753 δτι
2776 1700 2838 1753 οὑ
2868 1701 2950 1753 δεῖ
2981 1698 3305 1768 ἑπαίρεσθαι
3348 1698 3439 1751 ἑπί
3467 1714 3574 1750 τινι
3602 1693 4027 1763 κατορθώματι,

2439 1792 2641 1864 μᾶλλον
2672 1791 2727 1843 δὲ
2757 1790 2879 1844 οὐδὲ
2912 1790 3004 1843 ἐπὶ
3036 1792 3104 1861 τῇ
3165 1789 3356 1842 πασῶν
3377 1788 3488 1841 τῶν
3536 1785 3770 1839 ἑντολῶν
3820 1784 4031 1849 ἐκπλη-

2432 1883 2621 1954 ρώσει.
2656 1882 2839 1949 Δούλῳ
2866 1882 2975 1950 γάρ
3002 1879 3215 1950 ἀνάγκη
3244 1879 3541 1939 ἑπίκειται,
3568 1876 3630 1927 τὸ
3648 1872 3902 1943 πληροῦν
3930 1873 4028 1933 τὰς

2431 1974 2652 2037 ἑντολὰς
2683 1972 2777 2027 τοῦ
2809 1972 3040 2043 Κυρίου,
3067 1973 3126 2026 οὐ
3159 1972 3265 2042 μὴν
3302 1971 3378 2034 ὡς
3408 1968 3746 2038 κατόρθωμα
3782 1965 4032 2034 ἑπιγρά-

2431 2069 2629 2138 φεσθαι
2665 2066 2845 2136 ἑαυτῷ
2866 2065 3027 2119 τοῦτο
3050 2065 3278 2133 ὀφείλει.
3330 2065 3391 2117 Εί
3427 2064 3537 2132 7&9
3579 2062 3654 2131 μὴ
3688 2059 4031 2128 ἑργάσηται,

2431 2159 2661 2230 πληγῶν
2692 2158 2977 2223 άξιωτέος,
3004 2159 3125 2211 ἑπεὶ
3161 2158 3217 2209 δὲ
3249 2156 3570 2224 είργάσατο,
3610 2151 3899 2224 ἀρκείσθω
3950 2150 4036 2201 ὅτι

2431 2254 2532 2317 τὰς
2582 2252 2799 2323 πληγὰς
2848 2252 3133 2319 ἑξέφυγεν,
3189 2250 3250 2301 ού
3290 2249 3396 2317 μὴν
3455 2247 3662 2315 ὀφείλει
3720 2246 3815 2297 ἑπὶ
3854 2244 4036 2312 τούτῳ

2431 2340 2600 2409 τιμὴν
2640 2339 2822 2408 ζητεῖν
2875 2338 3213 2407 ἀναγκαίως.
3264 2338 3376 2405 Τῆς
3408 2337 3516 2405 7&9
3586 2334 3682 2387 τοῦ
3759 2334 4035 2385 δεσπότου

2436 2432 2751 2501 φιλοτιμίας
2782 2431 2900 2483 ἑστι
2924 2430 2984 2483 τὸ
3018 2430 3198 2483 δοῦναι
3241 2430 3413 2497 αὐτῷ,
3455 2428 3658 2497 μᾶλλον
3696 2426 3752 2479 δὲ
3789 2427 4038 2497 χαρίσα-

2437 2520 2561 2573 σθαί
2600 2537 2672 2573 τι.
2700 2518 2914 2571 Οὐκοῦν
2938 2519 3033 2572 καὶ⁵
3064 2518 3141 2588 τῷ
3176 2516 3297 2586 Θεῷ
3327 2515 3616 2579 δουλεύων,
3654 2516 3766 2567 εῖτε
3798 2517 3903 2577 τὰς
3940 2515 4036 2565 ἐν·

2434 2612 2595 2673 τολάς
2651 2611 2933 2681 κατορθοῖ,
2995 2610 3097 2663 οὒκ
3155 2610 3365 2679 ὀφείλει
3440 2606 3793 2677 ἐπαίρεσθαι.
3859 2607 4040 2659 Οὐδὲν

2437 2702 2546 2773 γάρ
2580 2702 2725 2771 μέγα
2784 2701 3093 2771 ιποίησενο
3136 2700 3255 2755 ἀλλ’
3312 2699 3435 2753 οὐαὶ
3491 2694 3560 2770 ἦν
3622 2697 3794 2766 αύτῷ,
3852 2698 3903 2749 εί
3958 2696 4040 2766 μὴ

2437 2795 2712 2863 εποίησεν,
2747 2794 2821 2855 ὡς
2852 2796 2879 2847 6
2922 2792 3248 2854 ’Δπόστολός
3294 2808 3483 2861 φησιν,
3527 2809 3545 2842 ι
3586 2790 3722 2843 Οὐαί
3757 2806 3872 2859 μοι,
3934 2790 4042 2841 ἑὰν

2442 2887 2515 2955 μὴ
2541 2884 3007 2955 εὐαγγελίζωμαι.
3038 2904 3057 2937 ι
3097 2884 3225 2939 Οὕτ*
3249 2878 3316 2937 αὖ
3341 2884 3389 2936 εί
3418 2882 3779 2953 χαρισμάτων
3811 2881 4041 2951 ἔτυχεν,

2436 2976 2643 3045 ὀφείλει
2680 2975 2771 3027 ὀπὶ
2808 2974 3021 3035 τούτοις
3058 2972 3509 3044 μεγαλοφρονεῖν
3558 2971 3886 3043 χαρίσματα
3920 2974 4043 3043 γάρ

2440 3066 2549 3117 είσι
2581 3062 2669 3117 διά
2712 3063 2862 3117 ἑλεον
2898 3063 3035 3117 Θεοῦ
3072 3062 3407 3134 χαρισθέντα
3479 3062 3656 3133 αὐτῷ,
3714 3062 3841 3133 οὐχὶ
3896 3063 4046 3115 διότι

2440 3151 2736 3225 ἑχρεώστει
2770 3152 2921 3224 αὐτῷ
2950 3155 2979 3207 6
3022 3153 3310 3223 δεσπότης.
3359 3152 3580 3208 Μᾶλλον
3620 3153 3731 3226 γάρ
3768 3157 3796 3207 6
3848 3153 4050 3218 δοῦ).ος

2442 3249 2710 3317 χρεωστεῖ
2739 3244 2816 3315 τῷ
2847 3246 3084 3315 δεσπότῃ
3117 3245 3309 3313 αὑτοῦ,
3367 3246 3429 3299 τδ
3468 3248 3645 3299 ποιεῖν
3694 3246 3881 3309 πάσας
3940 3247 4051 3311 τάς

2443 3336 2667 3400 ἑντολάς
2698 3335 2887 3389 αὑτοῦ.
2921 3336 2985 3389 El
3030 3336 3087 3389 δι
3123 3335 3218 3389 καὶ
3258 3337 3386 3389 δταν
3427 3336 3609 3400 πάσας
3656 3336 3757 3401 τάς
3810 3339 3839 3390 ἑ
3863 3338 4051 3401 ὀλάς

2442 3430 2791 3500 ποιήσωμεν,
2832 3428 2953 3482 οὐδὲ
2985 3429 3107 3481 τότε
3133 3428 3425 3497 ὀφείλομεν
3455 3428 3666 3484 οἴεσθαί
3695 3446 3748 3482 τι
3783 3432 3961 3499 μέγα,
3991 3431 4048 3483 τί

2440 3521 2735 3591 γενόμεθα,
2770 3521 2904 3574 δταν
2934 3520 3073 3591 μηδὲ
3101 3520 3161 3574 τὸ
3188 3520 3485 3575 πολλοστὸν
3512 3521 3681 3592 μέρος
3739 3520 3854 3576 τῶν
3892 3522 4052 3576 ἑντο-

2442 3612 2553 3666 λῶν
2575 3612 2669 3666 τοῦ
2709 3611 2846 3666 Θεοῦ
2878 3612 3280 3683 κατορθοῦντες
3308 3612 3393 3666 [tt
3442 3613 3825 3684 ἑπαιρόμεθα;
3890 3615 4053 3668 Ἑπίο

2445 3717 2645 3770 στησον
2669 3699 2727 3753 δὲ
2778 3700 2835 3753 ἑν
2869 3697 2947 3769 τῷ
2982 3697 3087 3769 τῆς
3125 3698 3450 3772 παραϐολῆς
3478 3702 3651 3773 ῥητῷ,
3698 3702 3784 3756 ὅτι
3817 3703 4049 3774 πρῶτον

2444 3791 2599 3857 ιταξε
2638 3791 2723 3855 τὸ,
2781 3789 3148 3862 ἀροτριῶντα,
3192 3789 3313 3845 είτα
3370 3794 3620 3863 ἑπήγαγε
3659 3795 3743 3859 τδ,
3804 3795 4047 3864 ποιμαί-

2445 3902 2628 3940 νοντα.
2660 3884 2887 3956 Πρῶτον
2920 3884 3019 3953 μὲν
3049 3886 3158 3956 γάρ
3183 3886 3263 3939 δεῖ
3298 3887 3503 3956 ἀρότην
3535 3883 3677 3941 εἷναί
3727 3906 3875 3952 τινα,
3920 3885 4049 3942 εἶτα

2446 3977 2542 4029 καί
2578 3974 2945 4046 ποιμαντικὴν
2973 3975 3411 4047 ἑγχειρισθῆναι.
3456 3979 3517 4031 '0
3546 3978 3657 4051 7&9
3686 3980 3786 4049 τὴν
3841 3980 4048 4034 ἑαυτοῦ

2450 4068 2631 4137 σάρκα
2662 4066 2842 4128 καλῶς
2871 4066 3217 4139 ἀροτριιὶηας
3244 4062 3358 4121 οἷόν
3395 4085 3518 4122 τινα
3547 4071 3673 4140 γῆν,
3701 4065 3862 4134 οὗτος
3890 4071 4050 4135 άξιός

749 4175 866 4227 ἑστι
897 4174 991 4227 καὶ
1024 4174 1232 4245 ποιμὴν
1264 4173 1467 4244 ἑτέρων
1496 4171 1773 4241 γενέσθαι.
1811 4172 1908 4234 ’ος
1928 4169 2039 4239 γάρ
2068 4167 2163 4223 τοῦ
2231 4166 2363 4222 ίδίου
2404 4168 2556 4221 οίκου
2585 4166 2686 4219 ούκ
2746 4160 2911 4228 οῐδεν,
2947 4165 3023 4229 ὡς
3051 4164 3151 4231 δεῖ,
3186 4166 3511 4237 προστῆναι,
3545 4168 3664 4231 πῶς
3705 4167 4049 4239 Ἐκκλησίας

750 4266 1176 4336 ἑπιμελήσεται;
1213 4266 1445 4333 ’Δροσον
1474 4260 1568 4318 οὖν
1610 4265 1877 4334 πρότερον
1920 4263 2170 4328 σεαυτὸν,
2226 4260 2320 4312 καὶ
2359 4258 2481 4311 τότε
2516 4260 2801 4327 ποιμανεῖς
2842 4258 3087 4329 ἑτέρους,
3158 4257 3302 4312 καθά
3364 4260 3459 4312 καὶ
3518 4259 3791 4330 Ἱερεμίας
3854 4262 4041 4331 φησί·

749 4356 1009 4411 Νεώσατε
1042 4358 1251 4419 ἑαυτοῖς
1282 4353 1559 4426 νεώματα,
1590 4350 1711 4409 εἶτα
1784 4356 1845 4409 τό
1866 4372 1880 4388 ·
1908 4354 2187 4410 Φωτίσατε
2240 4353 2451 4413 ἑαυτοῖς
2486 4349 2601 4414 φῶς
2665 4350 2948 4415 γνώσεως,
2992 4349 3023 4404 δ
3080 4350 3231 4422 δηλοῖ
3253 4352 3353 4422 τῆς
3384 4354 3758 4424 ποιμαντικῆς
3810 4356 3876 4407 τὸ
3942 4372 4047 4408 asu-

750 4455 1021 4527 ριώτατον
1057 4453 1245 4523 μέρος.

820 4548 980 4602 Vsus.
1018 4547 1204 4601 ll-l9.
1248 4564 1267 4598 s
1315 4544 1380 4601 Et
1404 4544 1607 4601 factum
1630 4553 1715 4601 est
1744 4545 1870 4601 dum
1922 4546 2028 4601 iret
2066 4544 2329 4600 Hieroso-

2529 4552 2548 4586 ι
2580 4536 2692 4588 Καὶ
2718 4535 2938 4604 ἐγένετο
2968 4537 3026 4589 έν
3054 4534 3132 4605 τῷ
3157 4535 3489 4605 πορεύεσθαι
3520 4534 3685 4588 αὑτὸν
3713 4535 3791 4599 είς
3839 4536 4049 4607 Ἱερουο

747 4637 972 4708 lymani.
1008 4646 1061 4692 et
1093 4638 1205 4705 ipse
1247 4636 1515 4689 transibat
1542 4650 1636 4704 per
1670 4635 1901 4690 mediam
1928 4633 2235 4690 Samariam
2279 4640 2345 4685 et

747 4727 1045 4781 Galil-.eam.
1089 4724 1300 4779 Etcum
1326 4726 1700 4793 ingrederetur
1720 4727 2004 4793 quamdam
2029 4726 2332 4786 civitatem,

749 4824 1112 4873 occurrerunt
1134 4817 1183 4871 ei
1216 4817 1400 4871 decem
1427 4816 1527 4870 viri
1556 4816 1781 4885 leprosi,
1802 4817 1893 4885 qui
1924 4824 2189 4871 steterunt
2218 4829 2337 4883 pro-

746 4912 854 4975 cul,
915 4912 1232 4979 intentaque
1284 4926 1417 4965 voce
1453 4910 1710 4965 dixerunt
1756 4925 1769 4960 :
1822 4906 1948 4963 Jesu
2008 4919 2331 4979 praeceptor,

748 5002 1012 5055 miserere
1038 5000 1232 5054 nostri.
1272 4999 1417 5065 Quos
1451 5011 1506 5052 ut
1538 5001 1691 5067 vidit,
1724 5000 1865 5055 dixit
1907 5000 2013 5055 illis
2047 5014 2063 5054 τ
2100 5000 2199 5066 lle,
2246 5015 2337 5055 os-

749 5092 951 5146 tendite
988 5106 1083 5145 vos
1137 5092 1537 5147 sacerdotibus.
1598 5090 1660 5146 Et
1705 5090 1913 5147 factum
1960 5100 2043 5147 est
2094 5099 2152 5145 ut
2197 5093 2337 5147 inter

749 5184 988 5238 eundum
1015 5186 1258 5239 mundati
1296 5186 1424 5239 sint.
1456 5184 1608 5239 Unus
1643 5196 1819 5241 autem
1858 5201 1923 5241 ex
1967 5186 2075 5241 illis
2115 5193 2171 5239 ut
2202 5185 2339 5239 vidit

752 5278 895 5346 quod
933 5284 1224 5335 mundatus
1254 5288 1426 5344 esset,
1456 5293 1739 5350 regressus
1766 5288 1870 5346 est,
1898 5296 2026 5334 cum
2071 5294 2202 5333 voce
2226 5294 2339 5332 ma-

748 5385 852 5439 gna
886 5370 1195 5440 gloriﬁcans
1229 5373 1418 5437 Deum,
1468 5382 1523 5425 et
1571 5374 1805 5443 procidit
1837 5374 1892 5428 in
1925 5372 2093 5446 426
2145 5372 2339 5427 faciem

748 5459 820 5512 ad
847 5462 1013 5529 pedes
1042 5462 1180 5530 ejus,
1210 5464 1412 5531 gratias
1441 5479 1607 5534 agens
1646 5466 1696 5519 ei
1735 5484 1749 5521 :
1782 5475 1837 5520 et
1869 5466 1958 5521 ltic
1990 5474 2109 5519 erat
2134 5464 2327 5519 Sama-

747 5554 980 5609 ritanus.
1013 5554 1365 5623 Respontlcns
1402 5568 1585 5613 autem
1622 5556 1782 5615 Jesus
1813 5557 1945 5615 dicit
1973 5575 1985 5610 :
2022 5556 2214 5613 Nonne
2240 5557 2337 5613 de—

748 5664 863 5701 cem
892 5649 1133 5703 mundati
1167 5660 1292 5702 sunt
1319 5649 1340 5701 ἲ
1380 5666 1570 5707 novent
1598 5660 1776 5709 autem
1813 5651 1890 5708 illi
1915 5650 2043 5708 ubi?
2073 5648 2189 5707 Non
2210 5659 2337 5705 suat

823 5824 866 5855 ³⁸
898 5824 912 5878 Ι
952 5828 1053 5883 ('or
1090 5843 1163 5895 ix,
1212 5829 1292 5882 1-6.

2443 4625 2648 4697 σαλὴμ,
2677 4626 2771 4678 καὶ
2805 4626 2968 4689 αὐτὸς
2993 4625 3249 4695 διήρχετο
3273 4625 3362 4677 διὰ
3392 4625 3560 4694 μέσου
3586 4624 3909 4694 Σαμαρείας
3955 4630 4047 4679 καὶ

2444 4719 2756 4782 Γαλιλαίας.
2799 4720 2912 4773 Kal
2950 4718 3341 4789 εἰσερχομένου
3373 4718 3540 4771 αὐτοῦ
3570 4718 3651 4782 είς
3681 4735 3806 4771 τινα
3860 4721 4045 4783 πόλιν,

2442 4813 2775 4884 ἀπήντησαν
2820 4810 2969 4881 αύτῷ
3019 4812 3151 4865 δέκα
3194 4810 3387 4879 λεπροὶ
3434 4811 3649 4882 ἄνδρες,
3678 4812 3743 4870 ,οῖ
3799 4812 4048 4881 ἔστησαν

2442 4905 2753 4977 πόρρωθεν,
2790 4905 2886 4957 καὶ
2910 4904 3067 4957 αὐτοὶ
3092 4899 3235 4975 ἦραν
3268 4903 3477 4973 φωνὴν,
3503 4905 3763 4972 λέγοντες
3794 4922 3811 4937 ·
3868 4904 4043 4977 Ἰησοῦ

2443 4999 2732 5065 ἑπιστάτα,
2759 4997 2986 5067 ἑλέησον
3019 4999 3189 5069 ἡμᾶς.
3214 4999 3325 5052 Kal
3360 4997 3485 5051 ίδὼν
3509 4994 3664 5053 εἶπεν
3693 4999 3915 5063 αὐτοῖς’
3944 5002 4047 5054 Πο·

2443 5090 2733 5161 ρευθέντες
2772 5091 3084 5157 ἑπιδείξατε
3110 5091 3345 5155 ἑαυτοὺς
3371 5093 3486 5155 τοῖς
3520 5092 3747 5161 ίερεῦσι.
3784 5094 3906 5149 Καὶ
3927 5094 4048 5162 ἑτέ-

2440 5199 2561 5236 νετο
2586 5184 2644 5236 ἑν
2688 5184 2767 5255 τῷ
2809 5183 3045 5251 ὑπάγειν
3072 5184 3294 5251 αὐτοὺς,
3326 5183 3800 5255 ἑκαθαρίσθησαν.
3842 5181 3939 5252 Εἷς
3989 5188 4044 5241 Gs

2441 5275 2501 5340 ἑξ
2533 5277 2713 5329 αὐτῶν
2766 5276 2893 5330 ίδὼν
2940 5276 3020 5330 ὅτι
3076 5277 3225 5349 ίάθη,
3269 5277 3604 5347 ὑπέστρεψε,
3649 5280 3792 5348 μετά
3856 5280 4041 5349 φωνῆς

2448 5370 2694 5441 μεγάλης
2718 5369 2957 5434 δοξάζων
2984 5372 3077 5426 τὸν
3111 5372 3265 5435 Θεὸν,
3302 5372 3399 5425 καὶ
3427 5372 3625 5424 ἔπεσεν
3687 5373 3787 5425 tul
3825 5376 4041 5444 πρόσω-

2444 5479 2546 5515 πον
2573 5464 2723 5533 παρὰ
2750 5464 2879 5527 τοὺς
2907 5466 3073 5529 πόδας
3104 5466 3296 5529 αὑτοῦ,
3323 5466 3667 5537 εὐχαριστῶν
3728 5466 3911 5537 αὐτῷ·
3949 5465 4038 5519 καὶ

2439 5556 2601 5618 αὐτὸς
2667 5554 2736 5625 ἦν
2794 5558 3170 5629 Σαμαρείτης.
3240 5557 3592 5630 Ἀποκριθεὶς
3637 5557 3696 5611 δὲ
3757 5560 3786 5612 ὀ
3832 5556 4037 5629 Ἰησοῦς

2442 5646 2597 5704 εἶπεν
2627 5664 2639 5679 ⁸
2665 5648 2809 5720 Οὐχὶ
2825 5652 2873 5703 οί
2904 5651 3033 5706 δέκα
3053 5652 3498 5725 ἐκαθαρίσθησαν
3518 5668 3533 5720 ;
3554 5652 3678 5707 οίδι
3706 5653 3871 5708 ἑννέα
3902 5649 4032 5715 ποῦ;
