4228 6428
199 405 315 472 989

896 412 1343 474 ENARRATIO
1383 413 1465 474 1N
1510 413 2020 479 EVANGELIUM
2049 419 2289 481 LUC/ﬁ.
2318 443 2384 455 —
2409 418 2573 481 CAP.
2607 420 2797 482 XVII.

3405 405 3541 486 990‘

203 520 325 589 οὐχ
357 517 661 589 εὑρέθησαν
680 519 1125 590 ὑποστρέψαντες
1151 521 1334 575 δοῦναι.
1367 522 1527 586 δόξαν
1556 522 1636 594 τῷ
1657 522 1797 593 Θεῷ,

1914 528 2114 594 reperti
2145 528 2236 598 qui
2266 528 2527 584 redierint
2560 536 2618 583 ut
2646 531 2840 583 darent
2870 527 3100 599 gloriam
3128 527 3264 595 Deo,
3297 522 3398 586 nisi
3430 533 3518 589 hic

199 612 255 665 et
288 612 363 681 μὴ
397 612 426 663 δ
451 609 744 680 ἀλλογενὴς
771 603 948 675 οὗτος.
983 612 1092 665 Καὶ
1108 606 1263 667 εἴπεν
1297 612 1450 683 αὑτῷ
1484 630 1499 646 ο
1535 615 1806 679 Ἀναστὰς

204 701 462 773 πορεύου,
492 702 524 771 ἡ
553 701 739 764 πίστις
784 717 880 753 σου
921 702 1132 757 σέσωκέ
1164 719 1246 757 σε.
1308 723 1326 754 ι
1379 703 1800 761 Κάντεύθενλάν

208 812 298 857 τις
320 793 589 862 ἐπιγνοίη,
628 793 702 858 ὡς
744 794 899 848 οὐδὲν
926 796 1213 865 ἐμποδίζει
1243 797 1352 850 τινὶ
1399 798 1539 868 πρὸς
1579 799 1642 852 τὸ
1668 801 1800 853 εύασ

206 889 428 960 ρεστεῖν
481 885 623 956 Θεῷ,
661 887 766 941 κᾶν
807 889 1222 954 έπικαταράτου
1253 889 1446 957 γένους
1494 891 1606 962 εῖη,
1644 892 1804 962 μόνον

207 982 259 1033 εἱ
291 979 624 1050 προαίρεσιν
659 979 873 1052 ἀγαθὴν
899 980 1037 1051 ἔχοι.
1081 981 1214 1036 Ἰδοὺ
1243 983 1352 1054 γὰρ
1405 985 1538 1038 δέκα
1572 987 1672 1054 μὲν
1711 986 1801 1040 λε-

207 1071 342 1142 προὶ
385 1073 731 1143 συνήντησαν
767 1071 848 1142 τῷ
891 1073 1069 1142 Ἰησοῦ
1124 1075 1383 1144 μέλλοντι
1430 1077 1696 1130 εἰσελθεῖν
1721 1079 1801 1141 είς

199 1177 328 1214 τινα
359 1160 535 1215 πόλιν.
587 1163 936 1231 Ἀπήντησαν
962 1162 1020 1215 δὲ
1051 1163 1158 1229 εεω
1184 1164 1283 1232 τῆς
1316 1164 1548 1228 πόλεως.
1587 1165 1663 1217 Οὑ
1689 1164 1802 1234 γάρ

198 1253 332 1322 ἐξῆν
383 1252 566 1315 αὑτοῖς
599 1235 936 1323 ἀκαθάρτοις
969 1253 1350 1323 νομιζομένοις
1389 1254 1523 1307 εῖσω
1572 1253 1672 1322 τῆς
1703 1255 1802 1307 πό-

196 1341 338 1406 λεως
359 1344 594 1411 διάγειν·
618 1343 908 1414 πόρρωθεν
936 1345 991 1397 δὲ
1019 1344 1268 1409 στάντες,
1299 1339 1387 1398 οἷα
1414 1344 1800 1415 αἰσχυνόμενοι

198 1436 304 1505 τὴν
338 1435 605 1489 δοκοῦσαν
632 1434 814 1488 αὑτῶν
849 1435 1222 1507 ἀκαθαρσίαν,
1255 1437 1350 1490 καὶ
1384 1436 1458 1506 μὴ
1488 1435 1800 1506 τολμῶντες

194 1529 446 1596 ιγγῗσαισ
476 1526 728 1598 ενόμιζον
756 1529 866 1598 γὰρ
917 1532 1012 1582 καὶ
1042 1531 1133 1582 τὸν
1181 1527 1394 1596 Ἰησοῦν
1430 1528 1795 1599 βδελυχθῆναι

192 1618 266 1671 ἂν
303 1618 528 1682 αὑτοὺς,
553 1618 744 1690 ὥσπερ
769 1619 864 1673 καὶ
892 1622 940 1672 οἱ
968 1620 1146 1672 λοιποὶ
1182 1620 1424 1672 ἐποίουνο
1447 1619 1667 1688 αίρουσι
1696 1622 1798 1693 τὴν

194 1709 406 1779 φωνὴν,
444 1714 538 1762 καὶ
576 1711 908 1765 ἱκετεύουσι.
948 1710 1040 1782 Τῷ
1095 1712 1194 1782 μὲν
1222 1713 1373 1782 τόπῳ
1407 1712 1601 1785 πόρρω
1636 1713 1798 1783 ἔστη-

193 1816 318 1858 σαν,
345 1802 410 1869 τῇ
449 1801 504 1853 δὲ
541 1802 720 1870 ἱκεσίᾳ
750 1804 919 1869 ἐγγὺς
950 1803 1223 1870 ἐγένοντο.
1285 1802 1488 1870 Ἐγγὺς
1538 1803 1647 1875 γὰρ
1698 1806 1795 1857 καὶ

193 1893 336 1943 πᾶσι
365 1893 479 1953 τοῖς
531 1893 990 1962 ἐπικαλουμένοις
1051 1895 1215 1946 αὑτὸν
1264 1894 1323 1947 ὲν
1377 1894 1628 1966 ἀληθείᾳ.
1685 1896 1797 1948 Καὶ
1833 1884 1872 1936 Β

188 1986 294 2054 οὐχ
320 1985 394 2045 ὼς
427 1986 613 2050 ἀπλῶς
647 1986 936 2056 ἄνθρωπον
970 1987 1328 2052 ἱκετεύουσιν,
1369 1988 1484 2040 ἀλλ’
1535 1987 1607 2051 ὼς
1653 1989 1795 2057 ὑπὲρ

188 2076 502 2146 ἄνθρωπον.
548 2080 886 2149 Ἐπιστάτην
933 2081 1041 2150 γάρ
1092 2081 1256 2132 αὑτὸν
1314 2081 1698 2151 ὀνομάζουσιν,
1766 2081 1794 2134 ὃ

189 2171 336 2234 ἔστι,
398 2170 626 2240 Κύριον,
665 2172 964 2242 κηδεμόνα,
1000 2172 1220 2242 ἔφορον,
1254 2175 1395 2245 ὅπερ
1445 2174 1615 2244 ἐγγύς
1675 2177 1794 2227 ὲστι

189 2259 288 2312 τοῦ
321 2260 452 2313 Θεὸν
484 2262 731 2329 νομίζειν
761 2263 946 2318 αὐτόν.
990 2263 1049 2317 Ὀ
1102 2264 1160 2317 δὲ
1215 2266 1543 2334 προστάττει
1604 2268 1793 2329 αὐτοῖς

188 2352 463 2417 ἐπιδεῖξαι
491 2354 721 2417 ἑαυτοὺς
752 2357 865 2418 τοῖς
896 2354 1166 2424 ἱερεῦσινο
1195 2357 1245 2410 οἱ
1273 2357 1380 2427 γὰρ
1417 2359 1586 2428 ἱερεῖς
1622 2357 1797 2411 ἐδοκί-

193 2444 371 2512 μαζον
412 2446 541 2507 τοὺς
564 2446 867 2510 τοιούτους,
902 2448 996 2499 καὶ
1033 2450 1166 2518 παρ’
1197 2449 1425 2503 ἐκείνων
1453 2450 1554 2519 τὴν
1600 2450 1784 2520 ψῆφον

191 2535 468 2605 ἐδέχοντο,
513 2537 624 2588 εῑτε
654 2537 888 2608 καθαροὶ
926 2538 1025 2607 τῆς
1066 2538 1277 2609 λέπρας
1332 2534 1466 2604 εἷεν,
1522 2539 1634 2592 είτε
1691 2540 1791 2608 μή.

193 2622 361 2696 Εἶχον
421 2628 534 2698 γὰρ
593 2629 799 2697 σημεῖα
848 2629 898 2681 οἱ
960 2630 1128 2700 ἱερεῖς
1168 2631 1236 2684 δι’
1293 2626 1369 2686 ὧν
1428 2632 1526 2703 τὴν
1571 2632 1795 2684 ἀνίατον

193 2719 407 2789 λέπραν
437 2721 902 2791 ἐχαρακτήριζον.
949 2722 1116 2776 Ἀλλά
1148 2724 1244 2776 καὶ
1281 2723 1401 2793 μεθ’
1433 2724 1461 2777 δ
1504 2724 1793 2795 έλεπρώθη

187 2830 299 2877 τις,
325 2808 444 2866 εἶτα
479 2813 692 2883 ὑγιείας
723 2814 938 2886 ἔτυχεν,
989 2816 1038 2869 οἱ
1090 2817 1258 2889 ἱερεῖς
1317 2817 1662 2889 ιδοκίμαζον,
1700 2820 1796 2872 καὶ

185 2903 366 2976 δῶρον
395 2907 772 2978 προσεφέρετο
818 2907 880 2960 τὸ
910 2908 969 2960 ὲν
1015 2908 1094 2978 τῷ
1129 2908 1281 2979 νόμῳ
1307 2907 1622 2980 δὶαταχθέν.
1675 2911 1793 2963 Ἐν-

187 2997 375 3051 ταῦθα
403 2999 460 3052 δὲ
499 2999 953 3069 ὁμολογουμένως
998 2999 1219 3070 λεπρῶν
1253 3003 1425 3054 ὄντων
1475 3002 1707 3068 τούτων,
1742 3001 1795 3056 τί

187 3089 301 3141 ἔδει
328 3091 530 3153 αὐτοὺς
559 3091 952 3161 ὑποδειχθῆναι
972 3095 1087 3156 τοῖς
1113 3093 1370 3164 ἱερεῦσιν,
1404 3096 1453 3148 et
1480 3096 1554 3167 μὴ
1577 3097 1796 3158 πάντως

192 3181 427 3252 ἔμελλον
457 3183 904 3254 καθαρισοῆναι;
958 3187 1033 3239 Τὸ
1083 3187 1196 3256 γὰρ
1235 3187 1546 3256 προστάξαι
1607 3191 1794 3253 αὐτοῖς

187 3276 458 3329 ἀπελθεῖν
491 3277 630 3346 πρὸς
659 3278 788 3341 τοὺς
830 3278 1019 3350 ἱερεῖς,
1055 3279 1210 3333 οὐδὲν
1241 3279 1371 3334 ἀλλο
1419 3281 1727 3351 ἐνέφαινεν,
1759 3281 1792 3352 ἦ

181 3370 273 3422 ὅτι
300 3367 535 3439 καθαροὶ
561 3369 801 3434 ἔσονται,
841 3369 924 3423 διὸ
951 3370 1044 3424 καί
1074 3389 1262 3442 φησιν,
1310 3373 1392 3426 ὅτι
1421 3373 1479 3427 ὲν
1539 3373 1616 3446 τῷ
1648 3375 1794 3429 ὑπά-

186 3479 314 3530 γειν
354 3462 828 3533 ἐκαθαρίσθησαν.
870 3445 1016 3516 Ἀλλ’
1046 3465 1150 3534 ὅρα
1187 3466 1326 3535 ὅπερ
1368 3467 1425 3519 έν
1448 3445 1595 3538 ἀρχῇ
1643 3466 1794 3519 είποο

186 3572 312 3623 μεν,
341 3555 420 3607 ὅτι
441 3554 573 3608 δέκα
603 3554 793 3621 ὄντων,
819 3556 869 3607 οἱ
891 3556 990 3625 μὶν
1014 3556 1198 3622 ἐννέα,
1237 3557 1418 3610 καίτοι
1455 3558 1794 3628 Ἰσραηλῖται

179 3646 364 3707 ὄντες,
399 3647 688 3716 ἀχάριστοι
717 3647 1022 3720 ἐφάνησαν,
1058 3652 1086 3702 ὀ
1127 3649 1185 3702 at
1217 3650 1601 3722 Σαμαρείτης,
1632 3652 1793 3705 ἀλλο-

180 3737 351 3806 γενὴς
405 3737 504 3802 ὢν,
542 3739 853 3809 ὑπέστρεψε
921 3742 1016 3793 καὶ⁵
1065 3739 1163 3812 τὴν
1205 3742 1303 3812 τῆς
1359 3743 1792 3814 εὐγνωμοσύνης

183 3829 377 3900 φωνὴν
407 3832 582 3900 ἠφίει.
622 3832 904 3904 Ἀσσύριοι
933 3833 1043 3905 γὰρ
1071 3835 1122 3887 οἱ
1165 3835 1531 3906 Σαμαρεῖται,
1557 3838 1644 3891 ἵνα
1683 3856 1790 3908 μη-

179 3923 298 3986 δεὶς
337 3923 555 3987 ἐθνικὸς
586 3924 970 3997 ἁπογινὼσκῃ,
1034 3929 1130 3981 καὶ
1180 3928 1267 4005 tya
1306 3929 1499 3999 μηδεὶς
1532 3931 1597 3985 ὲκ
1651 3949 1789 4002 προ-

179 4013 364 4084 γόνων
400 4015 575 4084 ἁγίων
598 4017 675 4069 ὢν
716 4017 993 4088 καυχῷτο.
1019 4019 1330 4075 Δὶνίττεται
1379 4023 1438 4075 δὲ
1491 4024 1556 4076 τὺ
1601 4023 1790 4095 θαῦμα

177 4107 347 4162 τοῦτο
371 4109 464 4162 καὶ
495 4109 591 4180 τὴν
618 4111 809 4182 κοινὴν
835 4111 981 4166 κατά
1025 4113 1232 4177 παντὸς
1286 4113 1383 4168 τοῦ
1431 4115 1786 4187 ἀνθρωπίνου

178 4201 381 4268 γένους
409 4201 718 4272 γενομένην
759 4203 1061 4274 σωτηρίαν,
1113 4205 1250 4260 δέκα
1283 4207 1384 4276 μὲν
1422 4210 1537 4277 γὰρ
1573 4211 1786 4281 λεπροὶ,

178 4294 214 4363 ἡ
248 4291 523 4362 παντελὴς
556 4293 666 4347 τῶν
716 4294 1030 4367 ἀνθρώπων
1089 4297 1252 4367 φύσις
1314 4298 1666 4370 λεπρωοεῖσα
1718 4307 1787 4375 τῇ

177 4384 374 4454 κακίᾳ,
409 4385 504 4438 καὶ
532 4385 634 4456 τὴν
678 4387 780 4456 τῆς
811 4388 1090 4460 ἁμαρτίας
1131 4391 1525 4466 ἀσχημοσύνην
1557 4397 1790 4466 περιφέ-

181 4495 378 4549 ρουσα,
426 4480 520 4532 καὶ
567 4480 673 4547 ἔξω
707 4482 804 4551 τῆς
835 4483 946 4536 τῶν
1003 4485 1255 4554 οὐρανῶν
1301 4487 1511 4552 πόλεως
1553 4489 1641 4543 διὰ
1689 4489 1788 4560 τὴν

1909 619 2237 691 alienigena.
2275 619 2341 674 Et
2365 623 2440 674 ait
2466 619 2575 680 illi:
2606 620 2801 691 Surge,
2841 621 2997 685 vade,
3036 620 3169 676 ﬁdes
3203 629 3294 676 tua
3324 633 3376 677 te
3397 637 3516 677 ser-

1908 709 2076 762 vavit.
2121 727 2139 760 ι
2188 710 2252 764 Ει
2289 711 2416 765 hinc
2450 709 2662 765 discere
2685 711 2810 778 quis
2845 720 3042 780 potest,
3071 713 3214 780 quod
3251 712 3381 766 nihil
3405 714 3521 766 cui-

1905 815 2072 870 quam
2104 803 2262 856 obest
2297 803 2363 856 ad
2396 803 2497 857 hoc
2537 812 2595 856 ut
2630 803 2740 856 Deo
2785 789 3030 873 placeat:
3062 805 3282 857 etiamsi
3339 805 3511 857 male-

1907 891 2037 944 dicti
2065 893 2281 959 generis
2331 893 2422 957 sit,
2481 893 2639 946 modo
2680 893 2879 948 bonam
2915 893 3254 946 voluntatem
3293 895 3512 948 habent.

1905 984 2046 1039 Ecce
2076 985 2222 1039 enim
2261 985 2449 1039 decem
2483 987 2678 1054 leprosi
2717 997 3082 1040 occurrerunt
3126 983 3255 1038 Jesu
3290 988 3342 1038 in
3381 987 3515 1039 rivi-

1906 1083 2073 1130 tatem
2109 1079 2401 1145 quamdam
2454 1077 2770 1145 ingressum
2830 1094 2843 1130 :
2902 1087 3265 1130 occurrerunt
3329 1087 3510 1130 autem

1904 1177 2060 1226 extra
2097 1169 2399 1222 civitatem.
2436 1169 2551 1222 Non
2579 1170 2722 1223 enim
2756 1169 2956 1222 licebat
2985 1171 3066 1223 eis
3100 1171 3189 1237 [ειιὶ
3229 1169 3502 1221 habeban-

1906 1270 1995 1314 tur
2026 1261 2320 1325 immundi,
2355 1262 2409 1315 in
2464 1261 2776 1315 civitatibus
2829 1264 3058 1313 versari.
3096 1261 3293 1314 Procul
3351 1261 3514 1328 igitur

1902 1353 2142 1417 Stabant,
2207 1363 2394 1422 utpote
2453 1363 2666 1423 preptet
2737 1353 3140 1406 immunditiam
3178 1367 3300 1422 quae
3345 1355 3396 1405 in
3433 1354 3513 1407 eis

1902 1449 2197 1515 apparebat
2251 1449 2673 1501 erubescentes:
2712 1457 2765 1499 et
2796 1461 2975 1513 neque
3012 1447 3285 1498 audebant
3320 1461 3513 1513 appro-

1904 1541 2076 1609 piare,
2107 1550 2362 1610 putantes
2393 1541 2536 1608 quod
2575 1539 2974 1594 abominabiles
3015 1541 3061 1592 ei
3097 1549 3303 1600 essent,
3365 1540 3512 1592 sient

1902 1640 1955 1686 et
1978 1631 2121 1686 aliis.
2162 1630 2440 1685 Extollunt
2473 1631 2644 1700 igitur
2672 1645 2858 1683 vocem
2913 1645 3065 1683 suam
3101 1639 3151 1683 et
3185 1639 3342 1682 orant
3396 1646 3408 1682 ε
3455 1639 3513 1683 et

1904 1723 2027 1778 loco
2063 1723 2285 1793 quidem
2329 1723 2520 1791 procul
2575 1731 2759 1783 stant,
2802 1721 3052 1773 oratione
3089 1731 3268 1773 autem
3312 1735 3512 1788 appro-

1903 1817 2076 1885 piant.
2111 1814 2287 1884 Prope
2317 1816 2465 1868 enim
2505 1822 2588 1868 est
2644 1813 2907 1866 Dominus
2939 1812 3198 1866 omnibus
3249 1813 3513 1865 ξυνορθο-

1905 1909 2052 1961 tibus
2089 1922 2212 1961 eum
2252 1907 2302 1960 in
2359 1906 2668 1960 veritate”.
2704 1904 2768 1956 Et
2817 1919 2925 1957 non
2986 1904 3314 1973 simpliciter
3353 1915 3512 1958 orant

1902 2011 1958 2055 ιιι
1999 2001 2297 2064 hominem,
2345 2000 2437 2054 sed
2473 2009 2530 2053 ut
2557 2014 2678 2053 eum
2714 1998 2806 2066 qui
2838 2012 3000 2064 supra
3036 1997 3334 2050 hominem.
3368 1998 3512 2052 Prte-

1899 2107 2174 2166 ceptorcm
2212 2096 2358 2150 enim
2399 2109 2522 2149 eum
2555 2093 2862 2157 nominant,
2904 2093 3006 2145 hoc
3039 2101 3142 2157 est,
3185 2093 3499 2151 Dominum,

1899 2197 2235 2249 curatorem,
2286 2185 2621 2256 provisorem
2665 2203 2677 2239 :
2722 2186 2772 2237 id
2811 2186 2957 2250 quod
2998 2197 3081 2238 est
3115 2197 3307 2254 putare
3356 2185 3507 2238 illum

1899 2295 2069 2350 prepe
2109 2280 2303 2333 Deum.
2338 2279 2526 2332 Atille
2560 2281 2807 2349 prsccipit
2870 2280 2949 2334 cis
2991 2291 3044 2332 ut
3101 2279 3392 2332 Osteudant
3452 2294 3511 2330 se

1900 2372 2298 2428 sacerdotibus.
2328 2371 2462 2425 Nam
2515 2374 2838 2427 sacerdotes
2869 2373 3181 2442 probabant
3239 2371 3397 2436 tales,
3456 2379 3509 2423 ct

1901 2465 1968 2518 ab
2006 2465 2110 2518 illis
2150 2466 2480 2520 sententiam
2516 2466 2866 2534 accipiebant
2903 2482 2970 2519 an
3033 2467 3218 2519 mundi
3267 2475 3510 2518 essenta

1901 2557 2049 2626 lepra
2085 2558 2166 2612 vel
2195 2573 2322 2611 non.
2351 2556 2644 2613 llabebaut
2670 2559 2815 2612 enim
2853 2561 3170 2623 sacerdotes
3215 2559 3368 2626 signa
3409 2573 3504 2625 per

1899 2664 2022 2719 qua:
2089 2649 2451 2704 insanabilem
2517 2651 2726 2719 Iepram
2782 2650 3211 2720 investigabant.
3276 2647 3387 2703 Sed
3457 2656 3512 2700 et

1900 2744 2117 2810 quando
2152 2743 2298 2812 lepra
2334 2743 2456 2812 quis
2497 2744 2751 2808 infectus,
2802 2753 2992 2815 postea
3033 2743 3328 2797 sanitatem
3361 2756 3513 2794 asse-

1901 2845 2064 2890 cutus
2093 2844 2234 2898 erat,
2275 2850 2400 2889 cmn
2459 2836 2774 2890 sacerdotes
2818 2833 3147 2903 probabant,
3206 2845 3261 2887 et
3305 2834 3510 2886 donum

1899 2923 2234 2980 oﬂercbatur
2285 2926 2336 2979 in
2384 2928 2499 2995 lege
2569 2937 2922 2996 praeceptum.
2987 2925 3101 2980 lloc
3152 2936 3333 2979 autem
3395 2925 3513 2978 loco

1900 3033 2023 3073 cum
2051 3034 2114 3073 ex
2151 3018 2406 3075 confesso
2433 3029 2618 3074 essent
2655 3021 2876 3088 leprosi,
2928 3020 3058 3089 quid
3094 3034 3230 3088 opus
3287 3027 3406 3072 erat
3454 3033 3514 3072 se

1898 3113 2188 3166 ostendere
2217 3112 2623 3176 sacerdotibus,
2656 3113 2759 3166 nisi
2790 3113 3016 3166 omnino
3066 3111 3301 3166 fuissent
3354 3126 3517 3164 mun-

1822 3227 1866 3287 ρ
1899 3203 2104 3260 dandi?
2134 3204 2270 3259 Nam
2300 3208 2443 3275 quod
2478 3206 2829 3276 praecipiebat
2861 3206 2942 3259 eis
2969 3213 3026 3258 ιιι
3053 3203 3510 3259 saeerdmesadi-

1900 3309 2044 3362 rent,
2080 3299 2216 3353 nihil
2248 3298 2394 3353 aliud
2434 3300 2732 3365 indicabat,
2775 3316 2940 3370 quant
2990 3299 3134 3369 Quod
3194 3298 3380 3353 mundi
3427 3297 3510 3350 ίιι-

1902 3393 2009 3446 turi
2059 3402 2284 3452 essent:
2334 3393 2539 3448 idcirco
2590 3403 2643 3446 et
2696 3394 3011 3462 dicitquod
3063 3395 3211 3448 inter
3269 3390 3509 3448 eundum

1901 3485 2148 3539 mnmlati
2179 3485 2424 3540 fuerunt.
2459 3486 2526 3538 At
2561 3485 2685 3541 vide
2719 3486 2844 3552 hoc,
2893 3493 2952 3540 ut
3007 3485 3061 3540 in
3101 3485 3379 3553 principio
3427 3487 3512 3535 di-

1900 3575 2104 3637 ximus.
2142 3577 2285 3645 quod
2335 3591 2458 3630 eum
2525 3576 2712 3630 decem
2773 3587 2980 3642 essent,
3031 3592 3228 3632 novent
3286 3577 3508 3646 quidem

1895 3670 2145 3738 quamvis
2196 3659 2456 3723 Israelita}
2503 3670 2706 3737 ingrati
2746 3679 3119 3740 apparuerunt
3155 3689 3169 3724 :
3235 3681 3289 3724 at
3321 3670 3516 3723 Sama-

1898 3761 2110 3816 ritanus
2139 3776 2262 3815 cum
2294 3773 2443 3816 esset
2469 3763 2686 3831 generis
2719 3763 2968 3827 alterius,
3025 3779 3280 3818 reversus
3309 3776 3416 3827 est,
3458 3776 3506 3818 et

1899 3866 2088 3906 vocem
2127 3853 2482 3922 gratitudinis
2511 3856 2712 3918 emisit.
2767 3855 2980 3927 Assyrii
3016 3858 3163 3912 enim
3196 3866 3357 3912 erant
3405 3858 3511 3912 Sa-

1897 3943 2191 3998 maritani:
2226 3956 2283 4000 ut
2311 3945 2490 4001 nullus
2523 3948 2743 4016 gentilis
2786 3950 3059 4018 desperet,
3101 3960 3157 4005 et
3211 3952 3392 4006 nullus
3445 3954 3512 4008 de

1897 4035 2102 4089 sanctis
2126 4037 2446 4105 parentibus
2470 4037 2754 4106 glorietur.
2787 4041 3032 4094 lnsinuat
3051 4041 3154 4096 hoc
3181 4043 3509 4096 miraculum

1895 4127 2061 4182 etiam
2121 4143 2468 4186 communem
2529 4132 2693 4185 totius
2740 4133 2966 4188 humani
3007 4138 3226 4204 generis
3278 4137 3510 4191 salutem

1896 4219 2036 4275 ﬁeri.
2085 4221 2282 4277 Decem
2324 4223 2470 4278 enim
2511 4224 2713 4295 leprosi
2787 4242 2951 4282 omne
2995 4244 3169 4299 genus
3220 4230 3506 4283 hominum

1894 4314 2116 4384 signant
2164 4313 2315 4384 lepra
2359 4315 2583 4371 malitiae
2648 4316 2937 4383 infectum,
2993 4335 3057 4374 ac
3107 4322 3501 4389 turpitudinem

1903 4409 2115 4476 peccati
2150 4406 2574 4474 circumferens,
2599 4420 2652 4462 et
2676 4419 2832 4463 extra
2876 4411 3027 4479 regni
3059 4413 3323 4465 vadorum
3381 4415 3518 4466 civi-

1902 4506 2072 4554 tatem
2099 4509 2323 4569 propter
2352 4500 2759 4555 immunditiam
2790 4503 3173 4565 constitutum,
3211 4506 3513 4576 proculque

176 4574 533 4643 ἀκαθαρσίαν
553 4574 842 4644 διάγουσα,
867 4578 961 4630 καὶ
996 4578 1290 4651 πόρρωθεν
1313 4584 1582 4656 ἱσταμένη
1603 4584 1738 4638 Θεοῦ
1765 4602 1777 4616 ’

1899 4609 1928 4648 a
1970 4594 2080 4648 Deo
2109 4602 2284 4648 stans.
2323 4592 2386 4646 Et
2419 4593 2560 4648 istuc
2612 4595 2790 4661 ipsum
2831 4599 3021 4663 procul
3082 4607 3252 4661 stare,
3305 4600 3516 4667 suppli-

180 4667 320 4719 αὐτὸ
339 4667 499 4720 τοῦτο
521 4667 579 4720 τὸ
601 4668 890 4742 πόρρωθεν
907 4671 1183 4740 ἵστασθαι,
1209 4675 1501 4747 ἱκετηρίαν
1523 4676 1668 4748 εἶχε.
1697 4680 1789 4753 Τῷ

181 4760 294 4830 γὰρ
319 4760 712 4834 φιλανθρώπῳ,
739 4763 834 4817 καὶ
867 4764 1077 4820 θέλοντι.
1125 4770 1338 4834 πάντας
1409 4771 1652 4843 σωθῆναι
1693 4775 1788 4827 καὶ

179 4852 579 4920 ἀγαῢύνεσθαι,
604 4857 841 4927 μεγίστη
869 4860 1146 4929 πρόφασις
1175 4864 1254 4923 εἱς
1282 4863 1434 4918 έλεον
1469 4866 1532 4918 τὸ
1567 4867 1775 4937 μηδένα

1898 4687 2060 4742 candi
2100 4689 2336 4757 speciem
2365 4687 2550 4742 habet.
2602 4686 2946 4742 Misericordi
2997 4689 3142 4741 enim
3203 4698 3258 4742 et
3312 4691 3513 4742 \‘ulcnti

1898 4779 2157 4836 omnibus
2197 4780 2430 4834 salutem
2479 4779 2676 4834 afferre
2705 4779 2781 4850 (α)
2815 4796 2876 4834 :tc
2905 4779 3270 4845 benefacere,
3319 4797 3512 4850 magna

1897 4873 2117 4928 occasio
2136 4882 2218 4927 est
2242 4873 2308 4926 ad
2330 4872 2721 4935 misereudnm,
2743 4873 2950 4925 nullum
2980 4874 3164 4926 videre
3187 4875 3508 4942 participem

177 4945 315 5016 δρᾷν
337 4946 637 5015 μετέχοντα
656 4948 754 5018 τῆς
801 4951 1143 5025 ἀγαθότητρς
1174 4954 1363 5018 αὑτοῦ,
1389 4956 1458 5009 δι’
1497 4959 1631 5012 αὑτὸ
1674 4961 1784 5031 γὰρ

1899 4981 2000 5021 suae
2024 4965 2318 5032 bonitatis;
2342 4965 2839 5035 propterhocenim
2864 4965 3244 5023 inclinavitse.
3267 4977 3507 5019 utsana-

180 5035 342 5090 τοῦτο
367 5039 783 5109 ὲπικάμπτεται
817 5043 956 5114 πρὸς
982 5046 1043 5097 τὺ
1069 5044 1409 5116 θεραπεῦσαι
1439 5053 1566 5115 τοὺς
1606 5053 1782 5118 οὕτως

195 5129 400 5194 ἀθλίως
440 5130 688 5202 ἔχοντας.
728 5134 838 5188 Καὶ
877 5135 1063 5206 μέντοι
1104 5141 1199 5191 καὶ
1232 5142 1571 5212 ἐθεράπευσε
1608 5148 1792 5200 πᾶσαν

182 5219 287 5290 τὴν
317 5221 700 5292 λεπρωθεῖσαν
731 5225 918 5295 φύσιν,
953 5229 1092 5301 ὑπὲρ
1127 5236 1330 5298 παντὸς
1373 5235 1668 5307 ἀνθρώπου
1701 5241 1799 5295 καὶ

181 5317 495 5388 σαρκωθείς
520 5336 536 5351 ο
576 5321 672 5375 καὶ
729 5321 966 5377 θανάτου
997 5327 1364 5397 γευσάμενος.
1420 5324 1568 5386 ”Αλλ’
1604 5336 1652 5386 οἱ
1699 5334 1798 5404 μὲν

197 5410 447 5465 Ἰουδαῖοι
473 5453 487 5475 ,
524 5415 619 5469 καί
658 5433 742 5468 τοι
792 5415 919 5470 ὅσον
953 5417 1012 5470 τὸ
1045 5420 1138 5472 ὲπὶ
1188 5421 1265 5493 τῷ
1313 5425 1526 5495 Κυρίῳ,
1561 5427 1798 5498 καθαρι-

180 5502 408 5568 σθέντες
446 5507 558 5562 τῶν
587 5511 810 5565 οίκείων
849 5513 949 5582 τῆς
983 5513 1300 5587 λεπρώδους
1342 5520 1625 5589 ἁμαρτίας
1656 5522 1796 5574 ἀκα-

179 5595 449 5667 θαρσιῶν,
472 5600 794 5674 ἀγνώμονες
812 5607 1188 5679 ἀνεφάνησαν,
1211 5614 1302 5667 ml.
1323 5613 1423 5683 οὑχ
1444 5614 1796 5684 ὑπέστρεψαν

252 5737 301 5771 ⁸⁸
338 5739 479 5794 Psal.
520 5756 700 5808 cxmv,
729 5746 818 5802 18.

258 5879 336 5949 (ιι)
370 5878 622 5938 EtLLuI.
659 5896 765 5941 non
814 5884 1012 5954 habet,
1078 5886 1318 5943 antuibus
1384 5888 1609 5945 salutem
1654 5887 1887 5959 adferre.

1893 5065 1976 5112 ret
2030 5056 2194 5129 427
2239 5072 2333 5110 eos
2394 5057 2484 5126 qui
2530 5066 2637 5109 tam
2697 5057 2838 5110 male
2897 5057 3190 5111 habebant.
3246 5058 3511 5122 Quamvis

1905 5152 2070 5207 etiam
2121 5167 2340 5205 omuent
2393 5157 2647 5204 naturam
2703 5151 2980 5204 sanaverit
3014 5150 3159 5218 lepra
3229 5149 3512 5213 infectam,

1900 5262 2000 5316 pro
2054 5245 2309 5298 omnibus
2364 5255 2414 5297 et
2468 5244 2782 5298 incarnatus
2809 5253 2864 5297 et
2920 5253 3170 5298 mortuus
3218 5262 3230 5300 :
3271 5255 3513 5297 attamen

1899 5336 2096 5402 Judaei,
2137 5339 2390 5407 quamvis
2423 5353 2452 5392 a
2492 5337 2722 5390 Domino
2759 5339 2998 5390 mundati
3036 5339 3264 5392 fuissent
3293 5341 3361 5392 ab
3410 5340 3511 5391 itu-

1899 5435 2185 5488 munditiis
2233 5434 2432 5502 leprosi
2479 5434 2709 5502 peccati,
2754 5433 2948 5504 ingrati
2994 5434 3210 5486 fuerunt
3242 5473 3255 5493 ,
3289 5443 3344 5486 et
3405 5447 3514 5484 non

1899 5527 2106 5580 reversi
2151 5537 2277 5580 sunt
2316 5541 2345 5580 a
2380 5526 2462 5580 via
2491 5525 2744 5579 vanitatis
2778 5541 2936 5591 suze,~
2970 5527 3044 5580 ita
3081 5535 3138 5579 ιιι
3165 5525 3359 5580 darent
3390 5525 3517 5592 δίο-

1898 5619 2036 5673 riam
2064 5620 2113 5676 ei
2138 5622 2228 5691 qui
2261 5621 2445 5678 salvos
2477 5634 2573 5675 eos
2629 5620 2834 5674 fecerat
2862 5657 2878 5685 ,
2918 5621 3024 5676 hoc
3074 5631 3176 5687 est,
3225 5627 3284 5675 ut
3319 5617 3514 5674 crede-
