4228 6428
745 388 845 455 991

1625 388 2203 454 THEOPHYLACTI
2250 386 2659 448 BULGARIE
2712 387 3066 449 ARCHIEP.

3917 375 4022 437 99!

744 504 865 551 rent
885 497 955 560 ei,
983 497 1145 566 quod,
1180 512 1302 552 cum
1339 497 1480 552 Deus
1497 507 1665 563 esset,
1698 506 1994 552 extremam
2018 496 2311 565 passiouerr

2429 493 2538 545 ἀπὸ
2575 495 2672 563 τῆς
2713 494 2832 548 ὀδοῦ
2863 497 3044 548 αὐτῶν
3086 492 3187 564 τῆς
3239 490 3634 564 ματαιότητος,
3662 488 3804 541 ὥστε
3843 486 4025 540 δοῦναι

743 588 944 641 tulerit.
1006 586 1129 640 ﬂare
1155 588 1299 641 enim
1357 597 1440 643 est
1475 588 1641 655 gloria
1679 587 1789 650 Dei,
1833 602 1960 641 caro
1986 596 2039 641 et
2068 601 2222 640 crux.
2258 582 2322 639 Hi

745 678 911 746 igitur
957 678 1297 731 incarnatum
1341 688 1395 732 et
1430 678 1741 732 cruciﬁxum
1789 678 2096 731 Dominum-
2139 677 2326 746 gloria:

744 783 848 821 non
879 776 1006 822 sunt
1052 768 1309 824 confessi.
1361 769 1583 822 Alienus
1627 779 1828 832 autem,
1883 768 2110 836 populus
2147 768 2325 837 gentia

742 860 892 921 lium,
927 862 1143 926 agnovit
1182 876 1305 914 eum
1337 861 1426 929 qui
1470 860 1852 922 mundaveral,
1898 870 1954 914 et
2004 858 2325 928 glorilicavit

740 963 860 1003 eum
902 950 1171 1003 credendo
1205 951 1343 1017 quod
1389 960 1496 1003 tam
1550 952 1861 1005 misericors
1911 960 1966 1005 et
1998 961 2103 1004 tam
2135 961 2325 1019 potens

740 1040 811 1093 sit
858 1039 1135 1105 Dominus,
1178 1050 1236 1093 ut
1264 1051 1317 1094 et
1356 1052 1575 1111 propter
1598 1057 1695 1097 uos
1731 1042 1991 1096 vilissima
2036 1042 2236 1103 tulerit,
2272 1042 2322 1095 id

745 1132 888 1198 quod
930 1141 1008 1185 est
1036 1133 1447 1196 misericordias,
1478 1144 1532 1188 et
1561 1149 1683 1189 cum
1711 1134 2009 1203 pertulerit,
2044 1135 2174 1188 nihil
2202 1135 2324 1187 inde

745 1220 1075 1277 incommodi
1096 1224 1149 1278 in
1180 1238 1333 1279 suam
1362 1237 1610 1279 naturam
1640 1226 1928 1295 acceperit,
1962 1228 2011 1281 id
2050 1226 2190 1294 quod
2225 1240 2321 1294 po-

742 1311 927 1367 tentia:
954 1324 1057 1367 est.

810 1488 972 1544 Vsns.
1005 1491 1198 1547 20-25.
1241 1513 1258 1545 ι
1300 1494 1667 1562 Interrogatus
1714 1504 1891 1548 autem
1949 1507 1977 1546 a
2032 1493 2322 1553 Pharismis

738 1582 954 1647 quando
989 1592 1273 1638 venturum
1314 1596 1457 1640 esset
1489 1602 1716 1656 regnum
1751 1586 1866 1649 Dei,
1903 1588 2182 1652 respondit
2242 1587 2324 1639 eis

735 1684 788 1726 et
818 1674 952 1727 dixit
986 1695 997 1727 :
1034 1677 1152 1731 Non
1185 1682 1329 1731 venit
1364 1695 1585 1749 regnum
1619 1680 1715 1733 Dei
1744 1695 1865 1734 cum
1900 1680 2320 1747 observatione:

738 1780 909 1832 neque
947 1767 1145 1832 dicent,
1182 1768 1317 1823 Ecce
1345 1772 1449 1835 hic,
1486 1782 1599 1836 aut,
1654 1773 1792 1826 Ecce
1826 1772 1952 1826 illic.
1989 1772 2126 1826 Ecce
2174 1774 2316 1827 enim

2428 585 2586 650 δόξαν
2626 586 2703 655 τῷ
2735 587 2855 657 Θεῷ
2884 587 2960 657 τῷ
2991 586 3246 652 σώσαντι,
3283 585 3567 647 τουτέστι,
3597 579 3896 635 πιστεῦσαι
3932 578 4029 629 av)-

2427 679 2524 749 τῷ,
2561 680 2642 732 ὅτι
2668 679 2799 742 Θεὸς
2824 679 2898 733 ὢν
2920 721 2932 743 .
2963 681 3222 750 ἠνέσχετο
3250 678 3315 731 τά
3358 676 3563 746 ἔσχατα
3595 672 3815 727 παθεῖν.
3856 668 4028 720 Τοῦτο

2428 774 2536 842 γὰρ
2564 770 2690 835 δόξα
2719 770 2880 835 Θεοῦ,
2918 774 2950 840 ἡ
2987 771 3124 841 σὰρξ
3148 771 3241 824 καὶ
3261 770 3289 821 δ
3316 767 3567 839 σταυρός.
3605 760 3770 819 Οὗτοι
3804 763 3909 832 μὲν
3935 758 4025 812 οῦν

2425 867 2517 920 τὸν
2565 866 2926 936 σαρκωθέντα
2956 868 3053 919 καὶ
3088 862 3468 932 σταυρωθέντα
3503 858 3711 927 Κύριον
3735 858 3839 924 τῆς
3866 854 4024 921 δόξης

2426 956 2522 1026 οὐχ
2563 956 2939 1026 ὡμολόγησαν.
2985 955 3043 1007 Ὀ
3076 954 3131 1007 δὲ
3180 950 3476 1019 ἀλλογενὴς
3520 948 3648 1010 λαὺς
3692 946 3806 999 τῶν
3856 944 4026 997 stivam

2424 1046 2641 1113 ἐπέγνω
2669 1045 2760 1099 τὸν
2793 1044 3193 1116 καθαρίσαντα,
3220 1045 3318 1097 καὶ
3360 1040 3613 1105 ἐδόξασεν
3642 1038 3815 1091 αὐτον
3862 1038 3921 1088 ἐν
3956 1036 4027 1105 τῷ

2427 1136 2745 1203 πιστεῦσαι,
2770 1138 2852 1190 ὅτι
2870 1136 3123 1191 τοσοῦτον
3143 1132 3524 1206 φιλάνθρωπός
3545 1132 3694 1183 ἐστιν
3717 1131 3746 1181 ὁ
3770 1126 3909 1189 Θεὸς
3940 1128 4028 1179 καὶ

2424 1228 2668 1291 δυνατδς.
2701 1228 2841 1283 ὥστε
2873 1230 2966 1281 καὶ
3004 1228 3324 1298 ἀτιμώτατα
3351 1226 3416 1278 δι’
3452 1225 3602 1293 ἡμᾶς
3629 1220 4025 1284 ἀναδέξασθαι.

2425 1322 2562 1392 ὅπερ
2583 1322 2700 1374 εστὶ
2718 1321 3152 1391 φιλανθρωπίας,
3179 1322 3273 1373 καὶ
3296 1317 3696 1386 ἀναδεξάμενος
3727 1313 3903 1383 μηδὲν
3925 1329 4027 1363 πα-

2428 1413 2768 1483 ραϐλαὸἧναι
2788 1414 2867 1476 εἰς
2881 1413 2981 1485 τὴν
2996 1412 3204 1467 οἰκείαν
3219 1413 3402 1482 φύσιν,
3420 1411 3558 1479 ὅπερ
3575 1408 3696 1460 ἐστὶ
3714 1406 4025 1473 δυνάμεως.

2504 1521 2522 1553 ι
2573 1502 2975 1572 Ἐπερωτηθεὶς
3002 1502 3059 1554 δὲ
3088 1502 3191 1554 ὑπὸ
3219 1502 3324 1553 τῶν
3361 1496 3694 1569 Φαρισαίων,
3733 1496 3871 1546 πότε
3936 1494 4027 1562 ἔρ-

2424 1612 2579 1664 χεται
2628 1596 2660 1664 ή
2721 1594 2971 1664 βασιλεία
3026 1593 3119 1646 τοῦ
3166 1590 3325 1657 Θεοῦ,
3375 1590 3649 1659 ἀπεκρίθη
3707 1589 3900 1649 αὐτοῖς
3934 1589 4029 1639 καὶ

2423 1682 2597 1738 εἶπεν·
2627 1685 2745 1738 Οὐκ
2777 1684 2998 1753 ἔρχεται
3028 1686 3059 1753 ἡ
3088 1682 3337 1753 βασιλεία
3373 1681 3466 1734 τοῦ
3498 1679 3632 1733 Θεοῦ
3673 1677 3817 1746 μετά
3854 1691 4031 1743 παρα-

2422 1779 2725 1847 τηρήσεως,
2758 1777 2875 1829 οῦδὲ
2894 1776 3132 1846 ἐροῦσιν,
3160 1776 3290 1828 Ἰδοὺ
3320 1768 3441 1837 ὧδε,
3467 1775 3525 1843 ἢ,
3561 1773 3693 1824 Ἰδοὺ
3718 1772 3858 1825 έκςῖ.
3896 1769 4026 1821 Ἰδ.ῦ

737 1866 957 1918 regnum
1018 1854 1110 1908 Dei
1167 1859 1304 1910 intra
1359 1874 1451 1913 vos
1498 1872 1603 1914 est.
1666 1860 1728 1913 Et
1759 1863 1835 1914 ait
1866 1862 1930 1914 ad
1977 1861 2311 1930 discipulos:

2426 1869 2535 1940 γὰρ
2564 1871 2594 1939 ἡ
2628 1869 2874 1936 βασιλεία
2913 1867 3006 1921 τοῦ
3035 1867 3171 1921 Θεοῦ
3213 1866 3360 1925 ἐντὸς
3397 1865 3549 1935 ὑμῶν
3586 1866 3762 1917 ἐστιν.
3799 1857 3937 1915 Eine
3970 1862 4027 1913 δὲ

738 1942 964 1998 Venient
1023 1947 1137 1999 dies
1206 1952 1425 2016 quando
1479 1954 1854 2007 desiderabitis
1913 1954 2103 2015 videre
2147 1972 2314 2009 unum

734 2031 941 2083 dierum
987 2033 1106 2088 Filii
1159 2037 1416 2100 hominis,
1466 2055 1563 2094 nec
1597 2042 1873 2103 vidi-bilis;
1927 2052 1981 2095 et
2005 2045 2188 2098 dicent
2219 2062 2314 2101 v0-

736 2122 818 2175 bis
854 2141 865 2175 :
901 2124 1037 2177 Ecce
1074 2127 1181 2188 hic,
1215 2138 1306 2181 aut
1334 2129 1471 2181 Ecce
1501 2130 1628 2185 iilic.
1664 2131 1840 2187 Nolite
1875 2135 1973 2198 ire,
2020 2151 2195 2204 neque
2226 2154 2312 2193 se-

730 2217 972 2271 ctemini.
1010 2216 1141 2270 Nam
1186 2220 1323 2274 sicut
1352 2221 1531 2291 fulgur
1556 2239 1852 2279 coruscans
1891 2241 1919 2278 e
1951 2230 2170 2297 regione
2199 2246 2317 2299 qua:

734 2308 831 2359 sub
858 2308 995 2362 coelo
1019 2319 1123 2373 est,
1160 2310 1214 2364 in
1242 2313 1467 2366 alteram
1507 2331 1627 2382 quae
1655 2320 1753 2371 sub
1787 2319 1925 2373 callo
1953 2331 2057 2383 est,
2105 2321 2270 2392 fulget
2302 2342 2314 2377 :

734 2393 807 2447 ita
836 2398 936 2448 eiii
974 2395 1139 2452 Filius
1167 2401 1401 2454 hominis
1432 2402 1482 2455 in
1516 2405 1602 2458 die
1632 2420 1747 2460 suo.
1780 2407 1883 2462 Sed
1922 2411 2071 2477 prius
2106 2424 2319 2480 Oportet

736 2484 885 2539 illum
932 2490 1098 2541 multa
1140 2493 1273 2559 puti,
1301 2504 1354 2545 et
1388 2497 1663 2563 reprobari
1709 2512 1735 2548 ιι
1771 2501 1987 2555 natione
2035 2503 2154 2557 hac.
2197 2522 2214 2554 ι
2258 2506 2311 2558 lu

738 2578 924 2631 multis
955 2582 1172 2649 quidem
1204 2584 1464 2640 doctrinae
1494 2603 1603 2641 suae
1636 2588 1768 2643 locis
1805 2590 2066 2649 Dominus
2093 2610 2311 2663 regnum

733 2665 824 2719 Dei
865 2672 1129 2726 nominat.
1158 2672 1416 2729 Pharisaei
1474 2688 1652 2732 autem
1699 2682 1809 2735 hrcc
1854 2684 2155 2747 audientes,
2190 2688 2315 2739 iiii-

733 2759 929 2813 debaut
962 2778 1084 2815 eum
1120 2784 1133 2817 :
1169 2778 1217 2818 et
1249 2777 1531 2835 prOpIerea
1573 2770 1638 2823 de
1681 2772 1782 2825 hoc
1812 2774 2191 2844 interrogaturi
2223 2794 2312 2834 ac-

734 2854 936 2907 cedunt
965 2857 1029 2906 ad
1061 2872 1207 2923 eum,
1248 2872 1504 2928 rogantes
1552 2865 1767 2931 quando
1790 2875 2073 2920 venturum
2108 2869 2199 2935 sit,
2240 2872 2313 2925 ir-

732 2945 970 2999 ridentes
999 2964 1119 3001 eum
1160 2960 1215 3003 ut
1258 2953 1525 3019 imanum,
1557 2946 1621 3010 de
1655 2949 1875 3012 insolita
1910 2970 1963 3014 et
2003 2957 2309 3020 admirabili

733 3051 789 3113 re
820 3040 1226 3105 przedirantem.
1268 3042 1474 3115 Nullus
1497 3060 1560 3098 ex
1600 3046 1918 3104 doctoribus
1947 3060 2001 3104 et
2030 3056 2311 3123 prophetis

731 3127 821 3191 qui
855 3130 1226 3198 superioribus
1276 3135 1489 3188 saeculis
1532 3133 1772 3203 fuerunt,
1824 3142 1944 3211 ejus
1981 3146 2305 3201 mentionem

732 3215 881 3271 fecit.
919 3219 1012 3274 Vel
1061 3222 1315 3280 fni-assis
1345 3227 1397 3278 in
1443 3237 1620 3281 mente
1668 3231 1931 3288 habentes
1982 3237 2122 3302 quod
2156 3240 2311 3305 paulo

729 3322 848 3381 post
884 3315 1117 3369 occisuri
1165 3332 1348 3371 essent
1395 3336 1542 3385 eum,
1578 3324 1844 3378 accedunt
1874 3341 1969 3393 per
2004 3330 2309 3386 irrisioncm

730 3418 1006 3473 rogantes,
1050 3419 1103 3463 et
1141 3412 1293 3476 quasi
1345 3428 1441 3481 per
1473 3415 1702 3469 ironiam
1744 3418 1990 3474 dicentes
2022 3438 2035 3474 :
2081 3422 2158 3477 Tu
2190 3427 2311 3493 qui-

729 3496 848 3551 dem
887 3497 953 3552 de
1003 3516 1169 3569 regno
1226 3503 1359 3557 facis
1393 3521 1695 3573 Sermones,
1730 3512 1950 3581 quando
1995 3525 2174 3569 autem
2210 3519 2315 3570 eiit

730 3602 953 3655 regnum
1000 3591 1126 3645 illud
1177 3597 1367 3649 tuum?
1396 3598 1473 3650 Tu
1513 3601 1656 3653 enim
1709 3617 1830 3657 cras
1882 3619 1909 3655 a
1957 3606 2113 3660 nobis
2162 3610 2313 3661 occi-

733 3681 940 3735 dendus
965 3698 1043 3745 es,
1073 3695 1127 3737 et
1159 3685 1299 3741 feres
1327 3704 1564 3755 crucem,
1596 3704 1647 3746 et
1685 3695 2039 3763 ignominiosa
2064 3716 2307 3770 quaque.

728 3775 867 3837 Quid
903 3776 1065 3842 igitur
1092 3777 1381 3834 Christus?
1409 3780 1524 3835 Non
1552 3784 1704 3851 juxta
1736 3789 1953 3843 stultam
1983 3795 2309 3848 sententiam

727 3876 781 3919 et
817 3869 1179 3939 insipientiam
1213 3875 1493 3940 respondit
1526 3880 1907 3948 insipientibus
1938 3924 1952 3948 ,
1986 3887 2078 3941 sed
2112 3889 2315 3944 relictis

726 3960 861 4028 ipsis
890 3973 943 4015 ut
977 3974 1159 4016 errent
1192 3966 1243 4018 in
1278 3969 1499 4023 nomine
1536 3974 1708 4040 regni,
1743 3985 1795 4027 et
1825 3992 1927 4028 non
1969 3979 2311 4036 manifestata

726 4054 806 4107 eis
853 4071 956 4108 re:
994 4072 1167 4119 neque
1205 4060 1349 4112 enim
1402 4066 1760 4133 accepissent,
1822 4069 1865 4122 si
1919 4072 1997 4124 cis
2053 4072 2118 4125 de
2149 4088 2313 4142 regno

727 4144 1096 4213 disseruisSet,
1123 4153 1267 4218 quod
1300 4166 1403 4205 non
1434 4154 1499 4207 sit
1529 4158 1861 4213 mundanum
1894 4175 2116 4231 regnum
2152 4165 2309 4231 illud,

726 4238 819 4288 sed
863 4238 982 4305 plus
1021 4255 1185 4305 quam
1235 4245 1587 4301 mundanum.
1625 4248 1732 4303 lllis
1768 4250 1933 4318 igitur
1978 4255 2177 4310 relictis
2208 4273 2307 4312 ceu

730 4326 815 4379 his
872 4330 961 4395 qui
1000 4329 1202 4401 indigni
1241 4344 1423 4388 essent
1473 4346 1529 4387 ut
1578 4339 1850 4404 audirent,
1883 4358 1947 4395 eo
1994 4348 2135 4413 quod
2169 4348 2313 4404 ultro

723 4417 1177 4475 obsttrdoscereul.
1210 4463 1224 4486 ,
1277 4424 1343 4477 de
1380 4434 1622 4493 tempore
1668 4433 1819 4499 regni
1884 4433 2119 4503 disserit,
2161 4440 2303 4507 quod

2422 1963 2559 2032 πρὸς
2580 1963 2705 2024 τοὺς
2749 1960 3021 2031 μαθητάς·
3060 1959 3402 2013 Ἐλεύσονται
3436 1957 3666 2028 ἡμέραι,
3701 1957 3794 2008 ὅτε
3831 1955 4026 2007 ἐπιϐυ-

2432 2056 2634 2123 μήσετε
2686 2053 2814 2123 μίαν
2856 2053 2964 2105 τῶν
3001 2051 3226 2122 ἡμερῶν
3273 2051 3369 2104 τοῦ
3404 2050 3534 2104 Υίοῦ
3568 2049 3663 2102 τοῦ
3725 2046 4026 2116 ἀνῠρὼποε

2428 2149 2576 2213 ἰδεῖν,
2607 2146 2703 2199 καὶ
2731 2147 2830 2197 οὐκ
2861 2144 3082 2213 ὄψεσθε,
3113 2145 3201 2197 καὶ
3227 2144 3441 2215 ἐροῦσιν
3470 2145 3618 2212 ὑμῖν⁵
3657 2144 3790 2196 Ἰδοὺ
3810 2135 3937 2201 ὦδε,
3969 2141 4028 2207 ἦ.

2436 2240 2564 2293 Ἰδοὺ
2595 2241 2731 2292 ἐκεῖ.
2770 2239 2859 2303 Μὴ
2882 2236 3174 2306 ἀπέλθητε,
3194 2236 3327 2306 μηδὲ
3348 2233 3594 2303 διώξητε.
3624 2234 3965 2304 Ὥσπερ-(ἀρ
3995 2234 4031 2303 ἡ

2424 2332 2679 2401 ἀστραπὴ
2709 2332 2740 2400 ἡ
2773 2330 3161 2397 ἀστράπτουσα
3190 2329 3251 2379 ὲκ
3276 2326 3374 2394 τῆς
3411 2327 3500 2378 ὑπ’
3523 2325 3774 2396 οὐρανὸν,
3813 2328 3895 2385 εἰς
3924 2326 4026 2392 τὴν

2425 2425 2516 2476 ὑπ’
2547 2422 2775 2492 ούρανῦν
2806 2420 3011 2488 λάμπει
3036 2459 3049 2483 ,
3085 2419 3257 2480 οὕτως
3283 2419 3435 2471 ἔσται
3463 2419 3555 2469 καὶ
3582 2420 3611 2468 ὀ
3647 2416 3773 2477 Υἱὸς
3805 2415 3902 2467 τοῦ
3930 2416 4029 2467 ἀνι

2420 2513 2638 2584 Ορώπου
2663 2515 2719 2564 ὲν
2738 2514 2802 2581 τῇ
2828 2510 3011 2579 ἡμέρᾳ
3036 2508 3225 2562 αὑτοῦ·
3252 2508 3465 2578 πρῶτον
3491 2506 3545 2559 δὲ
3562 2506 3644 2558 δεῖ
3662 2504 3826 2558 αὐτὸν
3850 2505 4024 2557 xor/.3.

2421 2607 2636 2668 παθεῖν,
2670 2604 2761 2656 καὶ
2813 2602 3317 2669 ἀποδοκιμασθῆναι
3360 2599 3469 2651 άπὸ
3514 2596 3613 2665 τῆς
3652 2598 3848 2664 γενεᾶς
3886 2598 4029 2648 ταύο

2418 2713 2538 2766 της.
2578 2714 2594 2746 ι
2633 2695 2911 2763 Πολλαχοῦ
2946 2693 3045 2763 μὲν
3094 2691 3203 2745 τῶν
3248 2688 3607 2743 διδασκαλιῶν
3638 2686 3807 2740 αὐτοῦ
3841 2691 3871 2739 ὁ
3904 2687 4030 2739 Κύ-

2422 2804 2538 2859 ριος
2577 2786 2854 2856 ἐμέμνητο
2885 2785 2985 2854 τῆς
3021 2782 3297 2855 βασιλείας
3324 2780 3418 2833 τοῦ
3462 2779 3626 2834 Θεοῦ.
3662 2779 3725 2831 Ol
3757 2778 3815 2831 δὲ
3853 2779 4032 2847 Φαρι-

2427 2882 2595 2943 σαῖοι,
2636 2878 2811 2932 ταῦτα
2845 2878 3156 2939 ἀκούοντες,
3195 2872 3651 2943 κατειρωνεύοντο
3691 2870 3892 2931 αὐτοῦ,
3928 2872 4031 2924 καὶ

2417 2974 2505 3026 διὰ
2538 2972 2694 3026 τοῦτο
2743 2974 2870 3042 περὶ
2903 2970 3107 3041 ταύτης
3157 2969 3451 3039 προσίεσαν
3505 2964 3826 3037 ἐρωτῶντες
3872 2966 4027 3055 :16“

2416 3064 2657 3134 ἔρχεται,
2695 3062 3054 3132 διαγεπῶντες
3106 3063 3268 3115 αὑτὸν
3300 3060 3375 3123 ὡς
3426 3059 3830 3113 ἀλλόκοτα.κα“ι
3885 3061 4030 3127 περὶ

2415 3158 2717 3227 ἀσυνήθους
2749 3157 2840 3216 καὶ
2877 3156 3031 3223 ξένου
3065 3156 3393 3224 πράγματος
3421 3150 3783 3224 κηρύττοντά.
3822 3150 4029 3212 Οὑδεῖς

2416 3251 2523 3319 γὰρ
2572 3251 2681 3303 τῶν
2713 3250 3160 3320 προγενεστέρων
3194 3246 3529 3299 διδασκάλων
3589 3244 3682 3296 καὶ
3720 3244 4029 3312 προῖξητῶν

2414 3340 2619 3411 ταύτης
2656 3339 3001 3409 ἐπεμνήσθη.
3055 3339 3124 3390 Ἢ
3155 3339 3292 3407 τάχα
3343 3337 3439 3390 καί⁵
3469 3334 3610 3388 κατά
3645 3333 3769 3386 νοῦν
3798 3334 4029 3403 ἔχοντες

2414 3431 2497 3483 ὅτι
2527 3434 2651 3483 ὅσον
2699 3432 2986 3499 μέλλουσιν
3027 3429 3191 3482 αὐτὸν
3227 3429 3563 3491 ἀποκτεῖναι,
3602 3426 3901 3495 προσίασιν
3946 3428 4027 3486 ὡς

2386 3524 2475 3582 ,ἐν
2507 3522 2877 3594 μυκτηρισμῷ
2903 3523 2995 3575 καὶ
3024 3521 3279 3590 εἰρωνείᾳ
3311 3518 3650 3589 ἐρωτῶντες,
3682 3518 3779 3571 καὶ
3810 3515 4031 3569 ὡσανεὶ

2412 3613 2640 3667 τοιαῦτα
2701 3615 3031 3683 φάσκοντες”
3085 3614 3156 3665 Σὺ
3206 3614 3304 3681 μὲν
3334 3612 3462 3680 περὶ
3512 3610 3792 3681 βασιλείας
3842 3612 4029 3671 πο·.εῖς

2412 3704 2539 3763 τοὺς
2578 3703 2790 3771 λόγους,
2830 3704 2961 3757 πότε
2996 3704 3051 3756 δὲ
3084 3703 3293 3773 ἐσταιή
3327 3702 3571 3773 βασιλεία
3601 3718 3694 3754 σου
3720 3700 3903 3770 αῦτη;

2412 3794 2519 3862 γάρ
2550 3792 2738 3864 αῦριον
2765 3794 2851 3863 ὑφ’
2886 3793 3043 3863 ἡμῶν
3065 3790 3434 3846 Θανατοῦσθαι
3461 3791 3702 3860 μέλλεις,
3729 3791 3832 3843 καὶ
3860 3800 4031 3843 στανο

2418 3886 2506 3955 ρός
2545 3901 2604 3937 σε
2645 3886 3048 3955 παραλήψεται,
3080 3888 3175 3938 καὶ
3207 3887 3306 3937 ὅσα
3335 3882 3434 3952 τῆς
3462 3882 3713 3953 ἀτιμίας.
3750 3881 3820 3933 Τί
3865 3877 3969 3933 οῦν
4002 3880 4031 3931 δ

2416 3978 2689 4047 Χριστόςς
2721 3979 2793 4042 Ού
2828 3977 2969 4030 κατὰ
3011 3977 3111 4047 τὴν
3144 3975 3372 4043 ἀνόητον
3439 3975 3618 4027 αὐτῶν
3652 3973 3886 4043 γνώμην
3928 3972 4030 4025 καὶ

2419 4069 2734 4141 ἀφροσύνην
2760 4072 3115 4137 ἀποκρίνεται
3142 4073 3256 4131 τοῖς
3285 4069 3539 4139 ἄφροσιν,
3570 4067 3686 4120 ἀλλ’
3721 4068 3886 4135 ἀφεὶς
3923 4067 4029 4118 αῦ-

2417 4164 2546 4223 τοῦς
2576 4162 2882 4216 πλανᾶσθαι
2927 4163 3055 4232 περὶ
3094 4163 3192 4229 τὴν
3225 4162 3549 4230 ὁμωνυμίαν
3576 4160 3675 4229 τῆς
3710 4157 4025 4228 βασιλείας,

2413 4254 2507 4308 καὶ
2562 4252 2636 4324 μὴ
2676 4252 3032 4322 ἀποκαλύψας
3066 4253 3269 4316 αὐτοῖς·
3317 4252 3437 4305 οὐδὲ
3478 4252 3586 4321 γάρ
3619 4249 3876 4314 ὲῐέξαντο
3914 4250 3989 4302 Ξ)
4012 4292 4024 4310 ,

2417 4346 2547 4411 περὶ
2600 4348 2762 4407 ποίας
2814 4345 3089 4414 βασιλείας
3133 4344 3465 4411 διαλέγεται.
3523 4345 3617 4395 καὶ
3670 4345 3753 4395 ὅτι
3788 4344 3892 4411 οὐχ
3951 4345 4026 4403 ὡς

2416 4430 2526 4487 οἷόν
2553 4452 2613 4488 τε
2641 4437 2934 4504 ὲγκόσμιός
2975 4438 3125 4488 ἐστιν
3155 4436 3291 4506 αῦτη
3328 4438 3360 4505 ἡ
3397 4435 3663 4505 βασιλεία,
3698 4434 3819 4487 ἀλλ’
3844 4437 4023 4506 ὑπερ-

725 4511 967 4582 iguotum
1035 4516 1103 4568 sit
1138 4527 1188 4569 et
1221 4517 1634 4574 inobservallile.
1664 4521 1777 4576 Non
1809 4527 1950 4579 enim
1982 4529 2141 4583 habet
2172 4548 2308 4599 pm:—

2418 4528 2665 4597 κὸσμιος.
2698 4526 2883 4581 Ταῦτα
2921 4527 3013 4581 οῦν
3044 4528 3225 4595 ἀφεὶς,
3266 4529 3343 4591 ὼς
3374 4528 3450 4599 μὴ
3495 4528 3661 4591 ἀξίων
3692 4529 3869 4580 ὄντων
3898 4530 4019 4581 τοῦθ

726 4601 930 4656 ﬁnitum
964 4615 1197 4676 tempus,
1235 4610 1327 4663 sed
1368 4623 1585 4679 semper
1637 4613 1835 4668 volenti
1884 4617 2037 4672 adest
2074 4620 2166 4675 Dei
2221 4639 2310 4678 re-

724 4711 911 4765 gnum.
944 4697 1180 4753 Omnino
1204 4703 1347 4754 enim
1384 4718 1610 4769 regnum
1643 4707 1859 4773 quidem
1890 4709 1981 4764 Dei
2004 4721 2108 4779 est,
2137 4730 2305 4787 ange-

725 4784 895 4839 lorum
928 4803 1078 4842 more
1113 4791 1316 4845 vivere.
1358 4792 1527 4863 428
1583 4795 1735 4853 Tunc
1776 4800 1921 4854 enim
1954 4819 2079 4859 vere
2106 4784 2310 4865 dicitur

722 4892 955 4945 regnare
984 4878 1144 4945 Deus,
1171 4884 1389 4949 quando
1418 4884 1549 4937 nihil
1579 4890 1908 4944 mundanum
1941 4894 1993 4947 in
2024 4900 2310 4954 animabus

720 4970 923 5023 nostris
970 4985 1239 5037 versatur,
1286 4976 1381 5030 sed
1416 4979 1638 5034 omnino
1686 4981 1846 5036 aliter
1890 4986 2089 5042 vivitur
2145 5008 2307 5059 quam

723 5062 954 5115 mundus
988 5065 1149 5120 solet.
1188 5066 1337 5121 lianc
1394 5079 1575 5124 autem
1620 5073 1783 5127 vitam
1816 5077 1958 5133 intra
1992 5096 2088 5135 nos
2140 5084 2308 5141 habe-

722 5167 861 5219 ndis,
889 5156 989 5206 hoc
1022 5166 1123 5219 est,
1155 5160 1371 5225 quando
1413 5162 1764 5220 voluerimus.
1813 5167 1929 5224 Non
1963 5174 2107 5227 enim
2153 5175 2310 5247 longo

719 5253 962 5314 tempore
1032 5264 1204 5317 neque
1266 5252 1420 5320 longa
1472 5259 1905 5325 peregrinatione
1974 5279 2109 5333 opus
2144 5309 2159 5330 ,
2216 5272 2309 5324 sed

717 5352 884 5403 prope
930 5356 1025 5395 nos
1070 5351 1152 5394 est
1196 5351 1251 5396 et
1306 5344 1459 5408 ﬁdes,
1507 5357 1561 5400 et
1605 5362 1721 5417 post
1772 5354 1927 5407 ﬁdem
1962 5356 2144 5412 divina
2179 5362 2305 5417 vita.

723 5427 907 5483 |~thuc
957 5432 1132 5500 ipsum
1166 5440 1328 5489 etiam
1368 5436 1666 5504 Apostolus
1716 5445 1979 5503 dicebat:
2030 5449 2205 5520 Prope
2258 5463 2309 5509 te

722 5523 942 5575 verbum
998 5538 1081 5578 est
1134 5529 1185 5580 in
1230 5546 1324 5584 ore
1378 5540 1473 5585 tuo
1534 5544 1585 5585 et
1623 5537 1674 5589 iu
1717 5539 1881 5594 corde
1929 5550 2042 5605 tuo,
2078 5546 2181 5602 hoc
2226 5560 2309 5602 cst

722 5614 944 5667 verbum
992 5617 1140 5672 ﬁdei.
1187 5619 1426 5679 Credere
1473 5627 1638 5691 enim,
1690 5641 1743 5683 ct
1794 5636 2091 5691 secundum
2145 5639 2306 5696 ﬁdem

715 5704 1013 5775 ambulare,
1041 5710 1180 5765 sicut
1208 5715 1428 5783 dignum
1456 5726 1540 5771 est
1568 5723 1867 5789 vocatione,
1900 5726 2041 5782 intra
2078 5747 2175 5787 nos
2197 5744 2304 5788 est.

717 5792 903 5865 Itaque
933 5798 1191 5859 Pharisaei
1246 5805 1544 5863 irridcbaut
1590 5809 1869 5869 Dominum
1927 5826 2181 5889 tauquam
2238 5823 2301 5879 dc

2414 4638 2521 4672 των
2552 4619 2770 4673 ἀκούειν
2794 4615 2886 4674 ⁴διὰ
2912 4621 2973 4672 τὸ
2997 4620 3379 4690 ὲοελοκωφεῖν,
3409 4622 3539 4691 περὶ
3562 4621 3656 4673 τοῦ
3688 4620 3891 4691 καιροῦ
3920 4622 4023 4691 τῆς

2416 4713 2691 4783 βασιλείας
2725 4714 3061 4782 διαλέγεται,
3097 4716 3174 4778 ὼς
3212 4715 3491 4782 ἄγνωστός
3544 4716 3661 4767 ἐστι
3708 4713 3807 4765 καὶ
3877 4716 4021 4767 ἀπα-

2417 4812 2746 4881 ρατήρητος.
2778 4811 2852 4863 υύ
2892 4810 3003 4879 γὰρ
3042 4811 3154 4881 ἔχει
3184 4811 3374 4881 καιρὸν
3409 4811 3744 4881 ὡρισμένον,
3770 4811 3896 4863 ἀλλ’
3934 4814 4024 4863 ἀεὶ

2412 4901 2490 4971 τῷ
2515 4902 2822 4973 βουλομένῳ
2845 4904 3110 4973 πάρεστιν
3133 4905 3165 4972 ὴ
3201 4901 3451 4973 βασιλεία
3477 4902 3570 4956 τοῦ
3597 4901 3755 4955 Θεοῦ.
3786 4903 4021 4963 Πάντως

2412 4994 2521 5062 γὰρ
2547 4993 2794 5063 βασιλεία
2838 4994 2938 5064 μὲν
2970 4993 3065 5047 τοῦ
3098 4994 3234 5047 Θεοῦ
3287 4996 3443 5048 ἔστιν
3482 4996 3515 5065 ἡ
3547 4994 3825 5065 ἀγγελικὴ
3849 4998 4021 5050 κατάο

2396 5078 2605 5146 στασις
2654 5086 2747 5137 καὶ
2771 5085 3043 5155 διαγωγή.
3068 5084 3200 5143 Τότε
3228 5086 3335 5157 γὰρ
3358 5085 3423 5156 δὴ
3455 5086 3676 5153 λέγεται
3701 5088 4019 5157 βασιλεύειν

2411 5176 2490 5247 τῷ
2525 5178 2639 5229 δντι
2676 5178 2829 5241 Θεὸς,
2866 5179 2997 5232 ὅταν
3044 5180 3212 5250 μηδὲν
3242 5182 3509 5249 κοσμικὺν
3540 5183 3599 5232 έν
3633 5184 3759 5245 ταῖς
3816 5184 4019 5253 ψυχαῖς

2411 5266 2574 5335 ἡμῶν
2599 5268 2974 5337 πολιτεύηται,
2995 5271 3131 5324 άλλά
3155 5272 3222 5324 τὰ
3243 5274 3420 5325 πάντα
3444 5265 3595 5343 ὦμεν
3618 5275 4014 5346 ύπερκοσμίως

2411 5358 2713 5428 διάγοντες.
2764 5362 2983 5434 Ταύτην
3025 5364 3083 5418 δὲ
3153 5365 3251 5436 τὴν
3311 5366 3590 5437 διαγωγὴν
3650 5369 3807 5430 ἐντὸς
3858 5370 4015 5439 ἡμῶν

2412 5452 2631 5523 ἔχομεν,
2666 5455 2965 5521 τουτέστιν,
3000 5457 3129 5510 ὅταν
3163 5458 3533 5529 βουληθῶμεν.
3562 5461 3639 5513 Οὐ
3672 5460 3876 5531 καιροῦ
3910 5463 4013 5530 γάρ

2416 5544 2655 5613 μακροῦ,
2704 5545 2827 5598 οὐδὲ
2875 5547 3187 5618 ἀποδημίας
3226 5550 3423 5618 χρεία,
3476 5550 3594 5602 ἀλλ’
3636 5552 3810 5617 ἐγγὺς
3863 5553 4011 5621 ἡμῶν

2414 5636 2529 5688 ἐστι
2575 5637 2669 5689 καὶ
2708 5640 2740 5708 ή
2791 5639 2993 5703 πίστις,
3032 5643 3124 5692 καὶ
3158 5643 3191 5711 ἡ
3253 5645 3387 5711 μετᾷ
3423 5643 3482 5694 τὺ
3524 5644 3828 5697 πιστεῦσαι
3879 5646 4015 5695 κατὰ

2412 5729 2545 5785 Θεὸν
2574 5731 2844 5805 διαγωγή.
2875 5735 3053 5788 Tauro
3073 5736 3129 5788 δὲ
3158 5736 3317 5789 τοῦτο
3342 5738 3433 5789 καὶ
3461 5739 3490 5790 ὁ
3534 5738 3866 5802 ’Λπόστολος
3886 5738 4008 5805 ἔφη,

2417 5824 2585 5893 ἐγγύς
2618 5842 2711 5879 σον
2748 5827 2807 5880 τὶν
2833 5827 2987 5899 {ligni
3028 5830 3175 5885 ἐστιν
3207 5831 3263 5883 ἐν
3296 5830 3369 5903 tv}
3406 5830 3637 5901 στεὲςιατί
3677 5850 3800 5895 σου,
3836 5835 3926 5887 καὶ
3957 5833 4010 5883 ἐι
