4228 6428
193 410 316 476 993

886 406 1340 468 EVARRATIO
1370 403 1451 467 ΙΝ
1500 404 2001 466 EVANGELIL'M
2045 404 2285 466 LUCIE.
2313 426 2377 439 -·
2409 402 2575 469 CAP.
2605 405 2791 466 XVII.

3388 408 3524 475 ,994

178 529 253 596 τῇ
287 523 486 593 καρδίᾳ
514 537 630 587 σου,
661 519 933 583 τουτέστι,
972 518 1034 572 τὸ
1073 520 1224 590 ῥῆμα
1252 520 1349 589 τῆς
1377 519 1639 581 πίστεως.
1684 517 1795 573 Καὶ

1906 532 2077 589 regno
2114 517 2529 587 praedicantem,
2574 516 2643 572 de
2692 532 2801 586 quo
2850 516 3033 572 nullus
3092 518 3513 588 praedicarent.

176 618 248 670 τὸ
297 615 590 670 πιστεῦσαι
631 613 763 682 γὰρ,
815 612 911 664 καὶ
971 611 1033 664 τδ
1086 613 1223 681 μετά
1254 612 1355 682 τὴν
1405 611 1592 664 πίστιν
1626 610 1797 675 ἀξίως

178 708 565 781 περιπατῆσαι
629 704 732 773 τῆς
775 703 1045 775 κλήσεως,
1100 704 1249 768 ἐντὸς
1283 702 1443 775 ἡμῶν
1498 705 1670 757 ἔστιν.
1732 703 1796 756 Οἱ

182 805 291 875 μιν
325 799 417 857 οὖν
444 800 730 870 Φαρισαῖοι
778 796 1127 868 διεχλεύαζω
1165 798 1258 851 τὸν
1293 797 1524 868 Κύριον,
1553 796 1629 859 ὡς
1665 796 1797 867 περὶ

182 901 291 970 τῆς
322 892 600 966 βασιλείας
629 890 1001 962 κηρύττοντά,
1030 890 1159 961 περὶ
1192 885 1261 961 ἧς
1286 889 1465 952 οὐδεὶς
1498 888 1791 959 ἐκήρυξεν.

193 990 257 1043 '0
284 989 341 1042 δὲ
392 985 600 1055 Κύριος
644 984 859 1045 δεικνὺς
891 982 991 1049 (8),
1024 981 1106 1033 ὅτι
1139 979 1397 1049 ἀγνοοῦσι
1445 981 1709 1049 πρᾶγμα,
1768 978 1797 1030 ὃ

176 1082 333 1143 me;
362 1078 544 1134 αὐτῶν
568 1080 705 1138 ἔστι,
731 1077 825 1129 καὶ
848 1075 1199 1146 βουλομένοις
1223 1074 1384 1126 τοῦτο
1403 1072 1591 1125 λαϐεῖν
1617 1072 1792 1143 πολλὴ

181 1174 211 1240 ἡ
245 1172 487 1226 εὐκολία.
521 1169 639 1223 Νῦν
664 1168 773 1240 γὰρ
797 1168 951 1230 ὄντος
974 1166 1110 1237 ἐμοῦ
1148 1166 1313 1235 μέσον
1347 1164 1526 1234 ὑμῶν,
1553 1164 1793 1219 δύνασθε

174 1269 402 1327 πάντως
432 1265 532 1335 τὴν
580 1260 862 1332 βασιλείαν
908 1259 1002 1312 τοῦ
1054 1260 1191 1313 Θεοῦ
1233 1258 1515 1325 δέξασθαι,
1572 1256 1798 1311 πιστεύ-

175 1372 378 1418 σαντες
402 1356 483 1417 ei;
516 1353 639 1423 ἐμὲ,
681 1354 775 1405 καὶ
806 1352 951 1405 κατά
979 1350 1082 1413 τὰς
1111 1351 1253 1421 ἐμάς
1282 1349 1509 1411 ἐντολὰς
1545 1350 1646 1421 ζῇν
1678 1348 1797 1404 ἐλό-

177 1465 359 1518 μενοι.
396 1448 523 1510 Τοῖς
542 1446 598 1499 δὲ
630 1444 907 1515 μαθηταῖς
951 1442 1122 1499 αὑτοῦ
1153 1439 1332 1507 εἶπεν,
1378 1461 1399 1495 ι
1446 1436 1793 1496 Ἐλεύσονται

172 1541 411 1611 ἡμέραι,
444 1558 462 1591 ι
502 1540 596 1591 καὶ
626 1539 695 1591 τά
723 1538 886 1609 ἐξῆς’
924 1538 1197 1601 τουτέστι,
1244 1536 1339 1589 καὶ
1376 1535 1517 1607 ὑμῖν
1562 1537 1596 1605 ἡ
1638 1534 1793 1605 βασι-

172 1634 297 1687 λεία
342 1632 439 1685 τοῦ
488 1630 627 1685 Θεοῦ
678 1631 965 1700 πάρεστιν,
1018 1631 1078 1683 εν
1127 1630 1242 1700 ὅσῳ
1294 1629 1415 1697 είμὶ
1449 1626 1572 1698 μεθ’
1610 1627 1792 1697 ὑμῶν.

174 1727 420 1796 Πάρεστι
451 1726 509 1779 δὲ
557 1724 698 1794 αῦτη
749 1726 901 1794 ὑμῖν,
936 1723 999 1776 οὐ
1044 1724 1206 1793 μόνον
1258 1722 1397 1775 καθὸ
1428 1720 1793 1775 ἐπιστεύσατέ

177 1835 275 1889 μοι
327 1817 423 1870 καὶ
475 1816 885 1887 ἠκολουθήσατε
930 1853 945 1877 ,
1002 1814 1137 1867 ἀλλά
1188 1814 1283 1867 καὶ
1346 1813 1485 1867 καθὸ
1535 1814 1595 1866 ἐν
1644 1813 1794 1885 πάσῃ

174 1882 511 1980 ἀφροντισίᾴ
545 1882 763 1975 διάγετε
801 1906 919 1973 νῦν,
969 1904 1108 1977 ἐμοῦ
1148 1905 1306 1976 ὑμῶν
1338 1905 1640 1977 κηδομένου
1693 1882 1791 1957 καί
1830 1882 1869 1937 Β

170 2002 606 2078 προνοουμένου.
668 2001 1017 2055 Ἐλεύσονται
1050 2000 1107 2053 δὲ
1153 2001 1361 2071 ἡμέραι
1408 2000 1522 2065 ὅτε,
1555 2000 1789 2063 ἀπόντος

170 2097 336 2169 ἐμοῦ,
381 2098 652 2162 κινδύνοις
698 2096 1173 2171 παραδοθήσεσθε,
1213 2098 1309 2149 καὶ
1371 2096 1465 2149 ἐπὶ
1513 2094 1789 2167 ἡγεμόνας

171 2196 270 2245 καὶ
306 2192 546 2262 βασιλεῖς
587 2192 849 2261 ἀγόμενοι
876 2191 967 2243 τὸν
1000 2189 1097 2243 νῦν
1127 2188 1417 2243 ἀκίνδυνον
1470 2189 1662 2261 καιρὸν
1696 2190 1791 2242 καὶ

175 2286 275 2355 τὴν
315 2286 701 2355 ἁφροντισίαν,
756 2286 825 2355 ἢν
869 2282 1007 2355 ιμοῦ
1045 2282 1299 2346 συνόντος
1330 2282 1462 2353 ύμῖν
1499 2281 1674 2351 ἔχετε,
1713 2280 1790 2344 ὡς

170 2379 459 2449 βασιλείαν
482 2378 621 2433 Θεοῦ
652 2376 945 2449 ποθήσετε.
978 2377 1087 2430 Καὶ
1114 2374 1382 2439 πολλάκις
1411 2373 1789 2447 ἐπιθυμήσετε

168 2471 288 2525 τῶν
330 2472 483 2543 ἐμῶν
511 2470 740 2543 ἡμερῶν
776 2471 904 2540 μιᾶς
939 2470 1239 2539 ἐπιτυχεῖν,
1270 2467 1553 2528 τουτέστι.
1582 2466 1791 2538 ταύτης

177 2567 275 2635 τῆς
298 2564 419 2635 μετ’
436 2565 573 2635 ὲμοῦ
594 2562 999 2632 συνδιαγωγῆς,
1020 2562 1096 2625 ὡς
1118 2561 1584 2631 άκινδυνωτέρας.
1602 2561 1661 2614 Ei
1678 2559 1790 2631 γὰρ

169 2660 271 2710 καὶ
296 2657 395 2709 σὺν
416 2657 567 2727 αὐτῷ
602 2657 755 2720 ὄντες
779 2696 795 2721 ,
820 2657 881 2709 οὐ
920 2658 1101 2725 πάντη
1128 2654 1332 2708 ἄπονον
1378 2654 1475 2706 καὶ
1503 2652 1789 2705 ἀκίνδυνον

171 2746 310 2821 ἦγον
347 2750 485 2821 βίον,
534 2749 674 2803 ἀλλά
724 2747 983 2817 φεύγοντι
1026 2743 1443 2817 συμφεύγοντες
1492 2743 1790 2797 ἐκακοπά-

169 2821 326 2906 θόυν,
362 2844 455 2894 καὶ
506 2840 909 2911 λοιδορουμένῳ
943 2836 1441 2909 συνελοιδοροῦντο.
1476 2836 1615 2889 ἀλλά
1651 2836 1789 2907 πρὸς

178 2939 302 2998 τοὺς
339 2934 634 3005 μέλλοντας
667 2932 949 2996 κινδύνους
980 2932 1395 3001 συγκρινόμενα
1420 2931 1489 2983 τὰ
1518 2929 1790 2999 πρότερον

167 3030 361 3093 αὐτοῖς
428 3027 928 3098 ἑπισυμϐαίνοντα,
980 3026 1043 3079 τὸ
1098 3024 1381 3078 ἀκίνδυνον
1457 3021 1595 3075 πολὺ
1642 3020 1783 3092 ἔχειν

168 3122 534 3189 φανήσονται.
589 3120 752 3172 Ὥστε
803 3119 837 3189 ἡ
893 3116 1144 3185 βασιλεία
1192 3114 1287 3167 τοῦ
1341 3113 1480 3167 Θεοῦ
1513 3114 1609 3165 καὶ⁸
1643 3113 1789 3165 κατά

1901 608 1972 662 At
2004 610 2121 678 ipse
2145 608 2391 662 ostendit
2415 609 2559 676 quod
2595 609 2849 678 ignorent
2877 624 2990 664 rem
3017 625 3139 679 quae
3168 611 3308 665 intra
3335 629 3396 667 se
3428 616 3521 680 sit,

1901 712 1956 758 et
1978 717 2101 772 qua:
2121 702 2277 756 valde
2309 702 2511 766 lacilis,
2546 703 2590 756 si
2618 703 2709 771 qui
2738 717 2937 772 capere
2967 704 3154 758 velint.
3184 704 3343 759 Nunc
3375 710 3523 762 enim

1900 814 2027 853 cum
2052 796 2155 852 sim
2192 797 2407 853 medius
2434 797 2576 852 inter
2628 812 2746 862 vos,
2782 800 3019 866 potestis
3041 801 3268 854 omnino
3295 818 3523 873 regnum

1905 890 2001 946 Dei
2036 902 2261 960 capere,
2303 890 2347 945 si
2383 889 2611 944 creditis
2644 894 2696 943 ln
2747 906 2853 956 me,
2886 902 2940 945 et
2988 893 3155 946 vultis
3178 892 3333 959 juxta
3369 911 3525 949 man-

1904 984 2035 1037 data
2078 999 2196 1036 mea
2229 983 2431 1037 vivere.
2464 982 2762 1050 Discipulis
2788 998 2915 1037 vero
2941 984 3057 1037 suis
3106 985 3246 1038 dixit
3280 1004 3293 1040 :
3348 1006 3367 1038 ι
3418 985 3526 1042 Ve-

1880 1062 2056 1125 ‘nient
2077 1072 2195 1127 dies
2214 1090 2261 1137 ,ι
2289 1080 2423 1135 etc.,
2458 1073 2561 1126 hoc
2584 1082 2686 1137 est,
2712 1082 2767 1127 et
2790 1074 2944 1126 vobis
2973 1089 3201 1139 regnum
3227 1075 3318 1129 Dei
3349 1084 3525 1143 adest,

1903 1172 2178 1231 quatenus
2208 1178 2330 1217 sum
2364 1164 2670 1217 vobiscum.
2721 1164 2889 1219 Adest
2929 1176 3115 1221 autem
3161 1168 3293 1221 illud
3345 1173 3521 1235 vobis,

1902 1271 2010 1310 nou
2062 1256 2241 1310 solum
2294 1258 2440 1324 quod
2484 1257 2805 1311 credidistis
2832 1269 2885 1311 et
2918 1260 3095 1313 secuti
3119 1264 3255 1315 estis
3284 1279 3390 1327 me,
3431 1266 3524 1317 sed

1900 1348 2027 1417 quia
2060 1362 2207 1401 nunc
2257 1348 2310 1401 in
2347 1362 2541 1416 magna
2579 1350 2878 1404 securitate
2913 1352 3098 1404 vivitis
3124 1356 3333 1423 absque
3375 1356 3529 1409 solli-

1900 1440 2173 1505 citudiue,
2213 1455 2300 1496 me
2330 1455 2521 1495 curam
2564 1444 2730 1495 vestri
2759 1455 3007 1512 gerente.
3059 1444 3287 1501 Venieut
3336 1458 3520 1501 autem

1899 1535 2043 1599 dies.
2073 1552 2199 1590 cum
2229 1552 2331 1605 ego
2361 1535 2612 1599 abfuero,
2647 1546 2699 1591 ct
2730 1541 3018 1593 trademiui
3052 1542 3331 1607 periculis.
3368 1554 3424 1598 et
3451 1547 3517 1599 ad

1899 1643 2057 1697 reges
2079 1636 2136 1682 et
2158 1627 2423 1697 prtesides
2447 1630 2769 1683 trahemiui:
2798 1642 2927 1685 tunc
2946 1632 3335 1689 desiderabitis
3361 1653 3525 1692 secu-

1900 1738 2016 1776 ram
2050 1722 2198 1775 illam
2229 1730 2285 1775 ct
2311 1722 2687 1777 sollicitudine
2709 1734 2989 1779 carentem
3024 1727 3212 1792 vitam,
3243 1745 3408 1798 quam
3440 1748 3525 1785 me

1899 1824 2174 1885 przescnte
2208 1816 2408 1885 agitis,
2456 1813 2602 1869 sicut
2646 1832 2875 1886 regnum
2914 1818 3034 1872 Dei.
3091 1820 3160 1875 Et
3199 1838 3343 1891 saepe
3376 1824 3526 1878 desi-

1902 1908 2173 1962 derabitis
2206 1908 2290 1960 vel
2318 1924 2485 1962 unum
2519 1924 2587 1963 ex
2627 1909 2823 1965 diebus
2857 1915 2994 1966 meis
3027 1911 3253 1977 habere,
3288 1918 3389 1971 hoc
3420 1929 3526 1980 est,

1898 2014 1963 2054 ex
1988 2012 2183 2054 secura
2221 1999 2310 2053 illa
2334 2015 2497 2069 quam
2526 2016 2741 2056 mecum
2772 2004 2933 2069 agitis
2953 2007 3089 2058 vita.
3122 2006 3388 2072 Quamvis
3422 2026 3524 2062 au-

1899 2102 2007 2147 tem
2035 2102 2091 2147 et
2113 2106 2223 2161 quo
2254 2100 2504 2161 tempore
2529 2108 2652 2148 cum
2680 2095 2801 2164 ipso
2818 2106 3000 2161 erant,
3026 2112 3131 2151 non
3152 2100 3381 2153 omnino
3404 2102 3525 2155 sine

1896 2184 2085 2240 labore
2124 2195 2181 2239 et
2210 2185 2469 2255 periculis
2507 2187 2678 2240 vitam
2715 2188 2976 2257 agebant,
3002 2190 3098 2244 sed
3124 2206 3248 2244 cum
3281 2194 3526 2262 fugiente

1898 2278 2172 2350 fugientes
2208 2277 2619 2347 aﬂligehantnr,
2657 2296 2897 2349 cumque
2927 2296 2994 2335 eo
3028 2283 3281 2337 convicia
3335 2286 3526 2338 audie-

1898 2373 2029 2425 bant
2060 2390 2073 2426 :
2119 2380 2306 2426 tamen
2341 2372 2389 2426 si
2436 2387 2560 2441 qua:
2593 2381 2722 2426 tunc
2750 2372 3023 2439 ferebant,
3060 2389 3525 2443 compararentur

1894 2482 2021 2522 cum
2050 2467 2135 2521 bis
2164 2482 2287 2537 qua:
2312 2478 2501 2536 postea
2532 2467 2695 2521 laturi
2726 2480 2905 2533 erant,
2938 2469 3267 2524 viderentur
3300 2486 3528 2541 prorsus

1895 2576 2090 2616 secura
2138 2573 2197 2615 et
2244 2564 2457 2629 absque
2521 2561 2803 2628 periculis.
2849 2562 3030 2631 Atque
3064 2565 3395 2632 ita'reguum
3428 2562 3525 2618 Dei

1898 2653 2067 2707 etiam
2110 2653 2214 2708 hoc
2252 2655 2416 2707 modo
2456 2652 2600 2707 intra
2634 2656 2910 2723 apostolos
2944 2666 3084 2721 erat,
3122 2658 3225 2710 hoc
3269 2668 3377 2723 est,
3418 2658 3523 2711 mi-

1896 2747 2046 2802 nime
2079 2748 2417 2803 laboriosum
2460 2755 2515 2801 ct
2552 2748 2919 2817 periculosum
2949 2766 3201 2819 regnum.
3255 2749 3383 2804 Post
3431 2766 3519 2805 re-

1897 2840 2307 2895 correctionem
2351 2840 2497 2895 enim
2562 2840 2706 2896 sicut
2755 2843 2980 2909 captivi,
3039 2852 3093 2894 cl
3125 2843 3216 2911 qui
3267 2858 3527 2912 persecu-

1896 2933 2103 2987 tionem
2171 2935 2480 3003 patiuntur,
2534 2934 2913 2990 obambulant.
2974 2934 3147 2989 Porro
3200 2938 3287 2991 bis
3342 2937 3524 2992 verbis

1894 3029 2269 3099 apostolorum
2316 3031 2486 3084 corda
2522 3031 2590 3085 ad
2633 3028 2894 3085 ferendos
2926 3031 3149 3086 labores
3198 3040 3253 3085 et
3284 3042 3439 3101 parat
3469 3042 3525 3088 et

1899 3122 2117 3176 roborat
2155 3129 2211 3176 et
2255 3122 2503 3191 praedicit
2542 3123 2623 3177 eis
2655 3137 2724 3175 ne
2764 3122 3131 3191 decipiantur.
3176 3121 3314 3176 Nam
3347 3124 3390 3178 si
3433 3125 3526 3194 qui

167 3212 367 3266 τοῦτόν
390 3230 453 3280 γε
480 3214 575 3266 τὸν
614 3212 818 3283 τρόπον
850 3210 1000 3275 ἐντὸς
1029 3208 1142 3262 τῶν
1172 3204 1490 3261 ἀποστόλων
1520 3200 1610 3276 ἦν,
1642 3204 1786 3257 κατά

1901 3216 2162 3279 dixerint,
2200 3215 2403 3283 inquit,
2439 3214 2581 3268 Ecce
2614 3215 2735 3278 hic,
2774 3216 2859 3267 vel
2900 3214 3039 3269 Ecce
3076 3216 3208 3282 illic,
3240 3232 3310 3270 ne
3351 3227 3529 3272 secte-

169 3305 237 3360 τὺ
302 3306 589 3359 ἀκίνδυνον
646 3303 742 3358 καλ⁹
800 3302 1001 3357 ἀπονόν
1052 3310 1219 3371 φημι.
1265 3299 1505 3353 Ἐπείτοι
1550 3314 1613 3367 γε
1654 3298 1795 3367 μετά

1904 3308 2059 3363 mini.
2093 3305 2309 3372 Nullus,
2360 3307 2558 3375 inquit,
2594 3307 2747 3359 vobis
2782 3310 3133 3375 persuadeat,
3181 3309 3325 3377 quod
3358 3325 3525 3363 vene-

168 3400 275 3470 τὴν
311 3400 612 3452 ἀνάστασιν
645 3397 722 3460 ὡς
768 3395 1109 3465 αῖχμάλωτοι
1161 3392 1257 3445 καὶ
1328 3390 1657 3458 διωκόμενοι
1696 3405 1792 3440 πε-

174 3493 434 3568 ριῄεσαν.
466 3493 886 3556 Κατασκευάζει
917 3490 975 3542 δὲ
1006 3488 1095 3543 διὰ
1118 3486 1327 3541 τούτων
1354 3485 1465 3539 τῶν
1495 3485 1673 3549 λόγων
1696 3484 1795 3547 τάς

170 3588 286 3642 τῶν
315 3586 631 3641 ἀποστόλων
658 3586 888 3658 καρδίας
916 3582 1255 3655 φερεπόνους
1287 3581 1380 3635 καὶ
1429 3578 1792 3651 καρτερικάς,

172 3683 273 3737 καὶ
328 3683 591 3753 προλέγει
642 3680 849 3745 αὐτοῖς,
904 3678 995 3733 ῖνα
1033 3676 1109 3747 μὴ
1141 3674 1514 3746 πλανηθῶσιν.
1554 3674 1654 3726 ’Ἂν
1684 3671 1795 3742 γὰρ

171 3779 402 3842 εἴπωσι,
434 3777 620 3847 φησὶν,
663 3774 793 3828 Ἰδοὺ
819 3766 944 3835 ὦδε,
980 3771 1015 3842 ἢ
1062 3769 1197 3824 Ἰδοὺ
1228 3771 1365 3834 ἐκεῖ,
1417 3769 1493 3839 μὴ
1539 3764 1792 3832 διώξητε.

173 3869 389 3939 Μηδεὶς
426 3869 556 3937 γὰρ,
602 3866 790 3937 φησιν,
829 3864 975 3933 ὺμᾷς
1010 3862 1281 3925 πείσειεν,
1307 3861 1388 3913 ὅτι
1419 3855 1586 3930 ἦλθον
1621 3852 1727 3911 ὧδε
1756 3855 1790 3927 ἢ

177 3965 303 4016 ἐκεῖ
337 3978 351 3991 ’
395 3963 457 4015 ού
516 3960 627 4028 γάρ
672 3959 823 4029 τόπῳ
883 3954 1409 4029 περικλεισθήσεται
1454 3954 1488 4024 ὴ
1558 3949 1794 4021 δευτέρα

181 4048 291 4128 μου
321 4054 601 4127 παρουσία
627 4054 659 4124 ἡ
690 4051 1077 4124 λαμπροτέρα,
1125 4049 1217 4101 καὶ
1250 4046 1590 4116 ἐνδοξοτέρα.
1652 4044 1793 4097 Ἀλλ’

173 4151 374 4221 ὥσπερ
414 4147 675 4219 ἀστραπὴ
720 4147 781 4199 οὺ
826 4144 1115 4209 λανθάνει,
1161 4141 1277 4195 ἀλλ’
1324 4142 1421 4193 ἀπ’
1474 4140 1647 4211 ἄκρου
1694 4139 1794 4209 τῆς

174 4246 285 4315 τῆς
336 4247 431 4297 ἐπὶ
492 4243 720 4311 θάτερον
773 4240 944 4308 ἀκρον
1008 4238 1221 4308 φαίνει,
1271 4233 1419 4288 οὕτω
1449 4235 1545 4287 καὶ
1599 4234 1633 4305 ἢ
1683 4232 1792 4303 ἐμὴ

176 4337 460 4406 παρουσία
517 4334 749 4406 λαμπρὰ
788 4336 887 4386 καὶ
948 4332 1217 4403 ἓτιφανής
1277 4328 1463 4393 ἔσται,
1534 4328 1631 4380 καὶ
1698 4326 1787 4379 οὐ·

174 4434 309 4487 δένκ
362 4429 832 4500 ἀποκρυϐήσετιι.
892 4427 939 4479 Μ
1045 4424 1140 4478 οῦν
1171 4422 1489 4491 πλανηθῆτε
1532 4420 1639 4474 ὑπὸ
1683 4418 1792 4471 τῶν

177 4523 609 4596 ψευδοχρίστων.
663 4522 737 4574 Οὑ
775 4522 886 4590 γαρ
920 4535 1112 4589 ωσπερ
1165 4517 1434 4588 πρότερον
1485 4516 1545 4567 ὲν
1615 4515 1792 4583 φάτνῃ

1902 3402 2003 3457 rim
2060 3402 2167 3455 huc
2220 3401 2305 3454 vel
2345 3399 2498 3453 illuc.
2536 3397 2653 3451 Non
2691 3398 2837 3451 enim
2881 3400 3000 3454 loco
3036 3400 3528 3457 circutnscribetur

1900 3493 2178 3547 secundus
2210 3491 2300 3545 ille
2342 3506 2497 3545 tuens
2534 3492 2829 3552 adventus,
2859 3493 2952 3559 qui
2996 3494 3293 3559 gloriosior
3330 3504 3385 3548 et
3415 3497 3529 3549 cla-

1906 3586 2034 3638 rior.
2070 3582 2271 3637 Verum
2302 3581 2447 3635 sient
2480 3582 2661 3650 fulgur
2686 3597 2794 3635 non
2826 3583 2981 3648 latet,
3014 3586 3106 3638 sed
3136 3586 3204 3640 ab
3232 3603 3341 3640 una
3369 3604 3526 3642 sum-

1902 3675 2092 3729 mitate
2128 3668 2299 3728 terra!
2330 3690 2505 3743 usque
2542 3676 2608 3727 all
2650 3675 2814 3726 aliam
2870 3679 3234 3743 cou~picun:u
3264 3690 3350 3734 est
3388 3700 3404 3736 :
3450 3684 3523 3735 ita

1899 3776 1952 3821 et
1985 3781 2141 3820 meus
2175 3765 2449 3819 adventus
2500 3766 2685 3819 clarus
2726 3766 2832 3820 erit
2866 3778 2920 3820 et
2957 3767 3212 3833 illustris,
3246 3773 3525 3840 nullisque

1902 3858 2142 3929 ignotus.
2203 3855 2282 3911 Ne
2323 3857 2489 3925 igitur
2552 3856 2909 3930 decipiatnini
2966 3874 2996 3912 a
3052 3858 3521 3922 Pseudochristis.

1900 3951 2015 4008 Non
2048 3953 2194 4006 enim
2232 3952 2376 4006 sicut
2416 3952 2568 4021 prius
2606 3952 2659 4005 iu
2695 3955 2966 4021 praesepio
3001 3963 3056 4007 ct
3089 3955 3399 4011 humilitate
3430 3975 3527 4025 per

1902 4046 2129 4117 triginta
2166 4059 2340 4099 annos
2385 4045 2641 4113 apparui,
2679 4044 2750 4097 ita
2792 4055 2846 4099 et
2883 4052 3034 4107 tunc.
3073 4048 3167 4100 sed
3213 4063 3338 4101 cum
3370 4052 3523 4105 omni

1899 4140 2072 4210 gloria
2101 4138 2434 4207 stipantibus
2463 4152 2549 4190 tne
2596 4138 2807 4206 angelis
2840 4178 2855 4201 ,
2890 4148 2945 4193 et
2980 4138 3031 4191 iu
3083 4152 3384 4195 momento.
3417 4142 3528 4196 Po-

1899 4246 2016 4289 stea
2057 4234 2187 4302 quia
2230 4232 2446 4285 dixerat
2471 4230 2553 4285 eis
2583 4241 2849 4285 eventura
2884 4231 3044 4284 valde
3074 4249 3288 4300 aspera,
3326 4252 3526 4290 ruttso—

1900 4326 2043 4379 latur
2065 4323 2234 4396 429
2252 4339 2345 4377 eos
2366 4334 2421 4378 et
2448 4326 2795 4389 exhortatur,
2827 4338 2905 4388 et,
2948 4336 3006 4379 ut
3034 4340 3300 4395 generose
3325 4328 3525 4395 ferant,

1898 4418 2150 4487 exetuplo
2212 4431 2315 4470 suo
2367 4416 2745 4470 conuuendat.
2799 4412 2916 4469 Non
2965 4420 3113 4471 enim
3151 4421 3523 4488 admiremini,

1900 4510 2101 4580 inquit,
2136 4509 2182 4563 si
2234 4510 2519 4565 evenerint
2570 4508 2724 4562 vobis
2759 4519 2867 4562 tam
2909 4512 3166 4580 molesta,
3199 4529 3321 4583 quae
3371 4516 3526 4571 vobis

179 4621 279 4672 καὶ
314 4616 562 4688 πτωχείᾳ
612 4614 702 4669 διά
752 4616 1053 4685 τριάκοντα
1085 4610 1225 4665 ἑτῶν
1265 4609 1495 4678 ἐφάνην,
1523 4605 1669 4660 οὕτω
1698 4607 1795 4659 καὶ

1902 4604 2236 4661 desiderium
2277 4600 2513 4656 afferent
2543 4600 2782 4667 dierum,
2841 4603 3044 4672 quibus
3094 4619 3196 4675 ego
3237 4607 3523 4664 vobiscum

182 4712 331 4774 τότε,
373 4710 511 4763 ἀλλὰ
543 4711 722 4763 πάντα
756 4711 813 4759 ἐν
838 4706 990 4777 δόξῃ,
1041 4696 1493 4776 δορυφορούντων
1522 4700 1795 4768 ἀγγέλων,

183 4806 279 4858 καὶ
327 4806 387 4857 ὲν
420 4805 579 4875 ῥιπῇ.
636 4797 771 4855 Εῐτα
807 4798 997 4869 ἐπειδὴ
1050 4794 1237 4859 αὐτοῖς
1284 4794 1497 4865 φοὸερά
1532 4795 1799 4863 προεῖπεν

180 4900 531 4968 ἀπαντήσειν
553 4939 567 4965 ,
596 4893 1096 4967 παραμυθούμενος
1149 4888 1374 4954 αὐτοὺς,
1407 4890 1504 4941 καὶ
1538 4904 1797 4957 παρακα-

182 4993 298 5047 λῶν
326 4992 593 5065 γενναίως
655 4993 870 5062 φέρειν,
912 4988 993 5058 τῷ
1027 4986 1150 5048 καθ’
1191 4984 1387 5039 ἑαυτὸν
1435 4981 1799 5053 ὑποδείγματι

183 5088 349 5142 τοῦτο
378 5085 620 5157 συνιστᾷ.
653 5085 745 5157 Μὴ
773 5085 883 5155 γὰρ
912 5082 1256 5154 θαυμάσητε,
1288 5080 1479 5150 φησὶν,
1510 5078 1558 5131 εί
1587 5075 1801 5147 συμόηεε

1900 4713 2043 4753 sum.
2090 4696 2224 4750 Nam
2259 4705 2313 4750 et
2346 4709 2449 4762 ego
2486 4694 2599 4762 ipse
2634 4694 2725 4763 qui
2773 4704 3040 4751 venturus
3089 4712 3211 4753 sum
3242 4700 3383 4755 sicut
3423 4702 3527 4756 ful-

1901 4806 2021 4864 gur,
2065 4790 2217 4859 prius
2270 4800 2533 4857 passurus
2590 4784 2760 4841 multa
2835 4790 3327 4862 reprobandusque
3378 4809 3523 4861 sum,

1901 4892 1955 4938 et
1990 4882 2065 4944 ita
2100 4882 2153 4935 in
2188 4880 2363 4951 gloria
2398 4878 2504 4933 ista
2532 4880 2769 4933 veniam.
2804 4881 2985 4951 Atque
3022 4883 3095 4937 ita
3134 4885 3237 4940 hoc
3266 4886 3421 4941 vobis
3455 4891 3528 4943 sit

1902 4975 2278 5033 exstitnulatio
2307 4974 2373 5028 ad
2400 4973 2677 5043 patientia:
2712 4974 2995 5039 virtutem,
3026 4986 3080 5031 et
3111 4978 3178 5032 ad
3207 4978 3421 5035 fortiter
3447 4980 3530 5037 fe-

1906 5072 2137 5128 rendum
2175 5070 2387 5124 alacres
2430 5083 2528 5123 vos
2563 5066 2753 5134 faciat,
2785 5070 2912 5123 dum
2954 5070 3005 5124 in
3040 5085 3127 5125 me
3162 5073 3439 5142 respicitis
3473 5085 3529 5128 et

187 5200 343 5237 σεται
379 5183 510 5253 ὐμῖν
541 5178 775 5235 τοιαῦτα
800 5178 1038 5230 ἐπίπονα
1072 5171 1161 5229 οἷα
1190 5172 1490 5243 ἐπιθυμίαν
1514 5172 1642 5243 ὑμῖν
1665 5170 1795 5240 ἀγαῖ

1906 5157 2144 5235 speratis
2175 5181 2187 5216 :
2222 5161 2347 5232 quia
2383 5169 2439 5216 et
2470 5160 2625 5215 vobis
2657 5162 2917 5216 Obveniet
2947 5162 3121 5232 gloria
3156 5180 3222 5219 ex
3244 5166 3528 5235 periculis,

186 5275 309 5343 γεῖν
337 5272 437 5342 τῆς
480 5271 598 5341 μετ’
647 5267 784 5340 ἐμοῦ
832 5267 1040 5337 ταύτης
1088 5266 1187 5336 τῆς
1240 5264 1359 5318 νυνὶ
1395 5261 1800 5330 συνδιαγωγῆς.

190 5366 367 5428 Αὐτὸς
403 5368 512 5437 γὰρ
548 5362 658 5431 ἐγὼ
684 5366 712 5416 ό
743 5347 953 5431 μέλλων
986 5360 1060 5424 ὼς
1088 5356 1348 5428 ἀστραπὴ
1378 5356 1639 5426 φανῆναι,
1673 5353 1811 5420 πρό-’

1909 5257 2037 5312 dum
2088 5254 2339 5326 patimini
2386 5260 2441 5308 et
2495 5253 2913 5322 reprobarnini,
2967 5258 3430 5325 quemadmodqu
3476 5270 3532 5315 et

1911 5351 2069 5406 tnihi.

190 5477 353 5531 τερον
402 5459 584 5531 μέλλω
661 5457 857 5510 παθεῖν
916 5455 1111 5517 πολλὰ,
1160 5456 1257 5507 καὶ
1334 5448 1871 5522 ἀποδοκιμασθῆναι,
1916 5444 2012 5499 καὶ
2058 5442 2234 5506 οὕτως
2284 5442 2343 5497 ὲν
2400 5442 2469 5512 τῇ
2515 5438 2645 5511 δόξῃ
2702 5438 2878 5510 ταύτῃ
2932 5440 3131 5497 ἐλθεῖν.
3167 5442 3333 5495 Ὥστε
3375 5443 3529 5495 τοῦτο

1151 5594 1237 5652 Ex
1275 5588 1629 5653 collatione
1669 5586 1858 5650 codd.
1899 5587 2135 5647 Venet.
2178 5584 2243 5645 S.
2280 5579 2507 5644 Marci.

272 5724 347 5792 ιε)
373 5721 509 5799 Cod.
542 5722 818 5799 ἓϐηηερὶ
844 5715 911 5792 ἧς
957 5717 1135 5799 οὐδεὶς
1186 5715 1481 5799 ἐκήρυξεν.
1534 5714 1592 5768 Ὀ
1620 5713 1677 5767 δὲ
1706 5714 1803 5799 ἀνι

193 5786 483 5868 τιστρέφει
514 5796 703 5868 αὐτοῖς
746 5786 1217 5868 τονςκατάγελων
1243 5829 1257 5853 ,
1285 5786 1617 5868 ’δεικνὺς-...κ
1662 5804 1711 5868 τ.

1910 5712 2053 5768 male
2086 5709 2321 5765 habebat
2346 5710 2477 5765 edit.
2504 5709 2629 5765 Lut.
2653 5711 2773 5765 illos
2800 5712 2852 5765 in
2872 5712 3040 5766 risum
3086 5711 3343 5765 convertit
3370 5724 3389 5763 :
3414 5724 3532 5779 quae

1910 5784 2075 5838 verba
2111 5782 2331 5853 sustulit
2368 5794 2651 5837 corrector
2680 5782 2920 5838 Venetus
2950 5786 3094 5853 quod
3116 5800 3223 5838 nou
3250 5788 3531 5835 exstarent

202 5886 224 5923 ι
265 5852 340 5923 De
370 5852 480 5938 q'uo
511 5852 693 5920 nullus
719 5852 1134 5938 prmtlicaverat.
1172 5852 1249 5914 At
1284 5862 1400 5927 ipse
1430 5858 1636 5938 in_i_|lo_s
1674 5858 1804 5911 irri-
1914 5857 1968 5937 in
2003 5863 2155 5938 textu
2207 5852 2401 5938 Grmco
2438 5896 2453 5923 ,
2478 5857 2573 5926 qui
2605 5858 2791 5927 potius
2825 5871 2922 5926 per
2956 5852 3102 5911 hunc
3121 5854 3373 5911 codicem
3406 5868 3530 5908 cor-

197 5930 410 5997 sionem
453 5930 752 6003 convertit,
798 5934 1118 6001 ostendens,
1180 5954 1197 5983 ›
1248 5941 1358 5989 ctc.
1396 5961 1465 5971 -—
1502 5930 1655 5986 Unde
1696 5944 1805 5986 nor.

1914 5928 2175 5999 rigcudus
2206 5934 2308 5981 est.
2348 5980 2351 5981 ν
