4228 6428
725 399 833 466 995
1585 397 2169 459 THEOPHYLACI‘I
2218 397 2631 460 BULGARIE
2666 402 3027 465 ARCHIEP.
3909 401 4024 465 Μ

727 512 855 582 ὑμῖν
887 507 1030 562 ἐστω
1075 508 1155 573 είς
1208 505 1553 579 παράκλησιν
1604 505 1720 579 τὴν⁸
1760 506 1898 576 πρὸς
1946 506 2169 577 ἀρετὴν,
2211 507 2308 561 καὶ
2333 508 2812 577 προθυμοποιείτω
2860 512 3007 581 ὑμᾶς
3058 512 3139 574 είς
3200 511 3263 565 τδ
3307 512 3621 584 καρτερεῐν.
3654 510 3715 566 τδ
3793 514 4023 584 ἀφορᾷν

724 603 927 673 δηλαδὴ
959 602 1093 673 πρδς
1138 601 1259 672 cpt,
1291 599 1384 652 καὶ
1420 598 1685 665 ἐλπίζειν,
1717 600 1802 652 ὅτι
1834 601 1930 654 καὶ
1970 600 2100 671 ὑμῖν
2128 600 2162 671 ἡ
2192 599 2323 665 δόξα
2358 603 2421 656 ἐκ
2452 602 2546 655 τοῦ
2587 602 2866 668 κινδύνους
2898 603 3098 658 παθεῖν
3160 604 3255 659 καὶ
3284 604 3791 675 ἀποδοκιμασθῆναι
3856 621 4027 676 περι-

730 699 1035 767 γενήσεται,
1068 695 1255 763 ὥσπερ
1283 693 1375 746 οὖν
1408 694 1501 747 καὶ
1530 694 1672 763 ἐμοί.

797 795 959 849 Vsus.
986 792 1175 846 26-30.
1216 809 1234 843 ι
1271 790 1333 845 Et
1362 792 1507 847 sicut
1532 790 1731 845 accidit
1761 790 1814 843 in
1847 790 2041 845 diebus
2070 789 2202 856 Noe.
2235 792 2310 845 ita

2496 813 2516 845 ι
2558 792 2668 846 Καὶ
2713 787 2898 852 καθὼς
2943 788 3162 857 ἐγένετο
3202 789 3261 841 ἐν
3289 790 3412 851 ταῖς
3458 788 3693 857 ἡμέραις
3730 784 3828 840 τοῦ
3864 784 4021 849 Νῶε,

726 888 832 941 erit
883 894 936 939 et
996 886 1184 939 dielms
1216 883 1334 938 Filii
1401 884 1656 938 hominis.
1712 882 1979 951 Etlebant,
2036 884 2315 951 bibebant,

728 990 924 1032 uxores
948 976 1242 1041 ducebant,
1277 985 1331 1029 et
1360 975 1628 1029 dabuntur
1650 983 1876 1043 nuptum
1902 976 1967 1027 ad
1998 988 2120 1029 eum
2146 989 2317 1044 usque

726 1068 895 1132 diem,
926 1082 1035 1135 quo
1070 1065 1183 1120 Noe
1243 1068 1294 1120 in
1341 1081 1525 1121 arcam
1569 1066 1795 1120 intravit
1833 1076 1931 1121 :et
1980 1067 2127 1121 venit
2178 1066 2318 1121 dilu-

730 1160 897 1223 vium,
944 1169 999 1214 et
1037 1160 1275 1228 perdidit
1308 1173 1516 1214 omnes.
1556 1158 1930 1214 Consimiliter
1967 1161 2128 1215 etiam
2173 1160 2316 1214 sicut

728 1254 925 1306 accidit
956 1254 1008 1305 in
1044 1252 1233 1305 diebus
1262 1250 1382 1305 Lot.
1418 1250 1683 1316 Edebant,
1712 1251 1992 1316 bibebant,
2037 1256 2309 1316 emebant,

730 1344 1059 1407 vendebant,
1110 1342 1448 1411 plantabant,
1484 1341 1828 1395 aediﬁcabant
1862 1360 1876 1397 :
1909 1351 2163 1397 caeterum
2205 1358 2314 1411 quo

724 1435 811 1489 die
840 1435 973 1489 exiit
999 1432 1100 1487 Lat
1134 1448 1163 1487 e
1208 1432 1465 1487 Sodomis
1519 1432 1653 1500 pluit
1686 1432 1795 1501 igni
1848 1443 1903 1488 et
1949 1435 2209 1504 sulphure
2247 1436 2313 1490 de

724 1527 879 1589 (mlo,
920 1535 973 1579 et
1017 1540 1206 1580 omnes
1260 1524 1516 1595 perdidit.
1558 1523 1864 1580 Secundum
1898 1526 2013 1580 haec
2043 1526 2149 1580 erit
2194 1527 2312 1581 dies

723 1634 830 1687 quo
875 1616 1046 1671 Filius
1102 1617 1339 1671 hominis
1376 1617 1721 1671 revelabitur.
1770 1634 1787 1665 ι
1837 1617 1903 1670 Ει
1949 1632 2042 1685 per
2076 1620 2189 1671 haec
2227 1632 2313 1672 re-

723 1715 1001 1782 pentinum
1038 1722 1093 1765 et
1124 1712 1555 1779 inexspectatum
1604 1727 1760 1766 suum
1794 1712 2083 1766 adventum
2132 1721 2312 1767 osten-

724 1806 823 1857 dit.
857 1802 990 1855 Nam
1020 1801 1160 1855 sicut
1194 1802 1531 1871 temporibus
1578 1800 1693 1855 Noe
1726 1812 1949 1872 repente
1979 1803 2129 1856 venit
2177 1802 2314 1857 dilu-

721 1896 891 1959 vium,
926 1905 982 1949 et
1020 1894 1241 1947 abstulit
1272 1908 1469 1949 omnes
1499 1934 1514 1958 ,
1547 1894 1620 1948 ita
1655 1895 1760 1949 erit
1788 1906 1843 1949 et
1868 1896 2131 1951 adventus
2170 1894 2308 1962 ejus.

721 1988 1033 2041 insinuatur
1074 1993 1251 2039 autem
1310 2000 1406 2055 per
1440 1985 1688 2055 exempla
1729 1986 1845 2041 hac
1891 1988 2077 2041 diluvii
2122 1998 2175 2041 et
2208 1988 2311 2041 So-

723 2080 969 2135 domitici
1023 2078 1278 2144 incendii,
1311 2079 1482 2147 quod,
1512 2094 1635 2133 cum
1671 2080 1885 2135 venerit
1917 2082 2307 2145 Antichristus,

2418 885 2589 947 οὕτως
2626 884 2781 936 ἐσται
2830 881 2923 934 καὶ
2954 880 3013 933 ἐν
3041 881 3163 941 ταῖς
3194 879 3433 950 ἡμέραις
3476 877 3570 931 τοῦ
3602 877 3733 930 Υίοῦ
3781 876 3882 929 τοῦ
3916 880 4021 930 ἀν-

2419 976 2675 1048 θρὼπου·
2707 974 2895 1043 ἤσθιον
2933 972 3028 1025 καὶ
3077 969 3282 1033 ἐπινον,
3316 969 3559 1039 ἐγάμουν
3622 971 3716 1022 καὶ
3753 966 4025 1036 ἐξεγαμί·

2418 1068 2594 1132 ζοντο,
2628 1066 2759 1135 ἀχρι
2791 1060 2860 1135 ἧς
2891 1062 3107 1134 ἡμέρας
3158 1061 3379 1132 εἰσῆλθε
3423 1058 3547 1115 Νῶε
3588 1062 3667 1123 είς
3693 1060 3796 1131 τὴν
3846 1060 4026 1113 κιϐω-

2416 1160 2534 1227 τὸν,
2566 1160 2661 1211 καὶ
2691 1153 2856 1227 ἦλθεν
2883 1159 2911 1209 6
2940 1153 3348 1223 κατακλυσμὸς,
3387 1152 3483 1207 καὶ
3516 1151 3800 1206 ἀπώλεσεν
3833 1151 4020 1205 ἄπαν-

2416 1270 2535 1315 τας.
2577 1249 2811 1319 Ὁμοίως
2839 1248 2934 1302 καὶ
2964 1248 3040 1309 ὼς
3075 1246 3295 1315 ἐγένετο
3324 1247 3383 1299 ἐν
3434 1247 3558 1308 ταῖς
3588 1246 3831 1315 ἡμέραις
3863 1242 4020 1307 Λὼτ,

2418 1344 2627 1414 ἡσθιον,
2672 1340 2879 1404 ἔπινον,
2906 1340 3203 1410 ἠγόραζον,
3239 1337 3504 1401 ἐπώλουν,
3542 1338 3836 1407 ἐφύτευον,
3872 1336 4022 1406 ῲκοο

2416 1432 2633 1502 δύμουν,
2752 1432 2808 1484 δέ
2838 1429 3023 1501 ἡμέρα
3068 1427 3261 1495 ἐξῆλθε
3294 1425 3418 1480 Λὼτ
3457 1427 3566 1481 ἀπὸ
3609 1425 3891 1493 Σοδόμων,
3920 1424 4023 1476 καὶ

2417 1520 2604 1591 ἔϐρεξε
2636 1519 2747 1590 πῦρ
2813 1520 2909 1572 καὶ
2959 1517 3100 1571 θεῖον
3148 1517 3244 1570 ἀπ’
3285 1516 3540 1587 οὐρανοῦ,
3585 1516 3681 1568 καὶ
3724 1515 4023 1568 ἀπώλεσεν

2416 1614 2682 1674 ἅπαντας.
2716 1610 2874 1665 Κατὰ
2896 1611 3071 1664 ταῦτα
3110 1610 3261 1663 ἐσται
3292 1604 3326 1681 ᾗ
3359 1610 3545 1679 ἡμέρᾳ
3571 1610 3598 1661 6
3628 1608 3760 1670 Υἱὸς
3791 1606 3892 1660 τοῦ
3924 1608 4018 1659 ἀν-

2418 1703 2635 1774 θρώπου
2675 1703 3141 1756 ἀποκαλύπτεται.
3179 1721 3196 1753 ο
3231 1703 3340 1756 Καὶ
3371 1701 3459 1754 διὰ
3487 1700 3693 1754 τούτων
3725 1700 3786 1753 τὸ
3829 1699 4022 1767 αίφνῖ-

2415 1796 2527 1847 διον
2598 1795 2694 1848 καὶ
2745 1794 3159 1865 ἀπροσδόκητον
3208 1794 3307 1863 τῆς
3360 1793 3526 1848 αὑτοῦ
3574 1794 3886 1864 παρουσίας
3926 1795 4020 1844 ἐν·

2414 1887 2709 1941 δείκνυται.
2740 1886 2952 1957 Ὠσπερ
2978 1888 3087 1955 γὰρ
3122 1886 3217 1937 ἐπὶ
3248 1884 3343 1939 τοῦ
3385 1885 3510 1939 Νῶε
3541 1885 3805 1955 ἐξαίφνης
3850 1880 4023 1955 ἦλθεν

2414 1983 2441 2034 6
2472 1980 2883 2051 κατακλυσμὸς,
2924 1980 3021 2033 καὶ
3048 1975 3185 2051 ἦρεν
3216 1982 3485 2044 ἅπαντας,
3524 1979 3698 2042 οὕτως
3730 1980 3893 2034 ἐσται
3917 1981 4021 2033 καὶ

2412 2073 2447 2142 ἡ
2500 2071 2774 2141 παρουσία
2833 2070 3023 2124 αὑτοῦ.
3062 2070 3369 2125 Δίνίττεται
3411 2070 3469 2123 δέ
3508 2069 3600 2123 διά
3656 2069 3767 2122 τῶν
3796 2070 4023 2123 ὑποδει-

722 2169 926 2223 ἱιιιοίιε
962 2168 1265 2237 voluptates
1301 2168 1353 2221 in
1394 2168 1704 2224 hominibus
1754 2170 2081 2236 increscent,
2116 2181 2169 2225 et
2198 2172 2309 2226 dis-

2416 2162 2641 2233 γμάτων
2670 2161 2903 2229 τούτων,
2928 2160 3025 2213 τοῦ
3074 2178 3133 2214 τε
3164 2161 3275 2214 τῶν
3322 2160 3466 2214 κατά
3498 2162 3588 2214 τὸν
3620 2161 4021 2232 κατακλυσμὸν

720 2260 881 2314 soluti
934 2270 1117 2325 erunt,
1151 2260 1359 2313 deliciis
1402 2271 1656 2315 vacantes
1694 2280 1709 2316 :
1744 2262 1795 2316 id
1830 2263 1972 2331 quod
2002 2272 2057 2317 et
2082 2264 2315 2333 Aposto-

719 2351 805 2407 lus
856 2350 1019 2417 dixit,
1066 2354 1209 2420 quod
1246 2352 1299 2405 in
1343 2356 1603 2409 extremis
1639 2356 1972 2425 temporibus
2007 2364 2169 2410 erunt
2204 2356 2309 2411 bo-

725 2443 902 2495 tnines
960 2441 1324 2510 voluptatum,
1373 2443 1549 2511 magis
1597 2456 1761 2512 quam
1805 2442 1899 2497 Dei
1954 2445 2309 2500 amatores“.

718 2534 785 2590 Et
819 2534 1018 2588 merito
1066 2536 1116 2587 in
1164 2549 1332 2603 regno
1366 2535 1672 2601 deceptoris
1701 2536 1968 2591 ﬂorebunt
1998 2536 2159 2592 mala.
2195 2536 2311 2592 Erit

719 2626 861 2679 enim
908 2625 998 2679 ille
1036 2628 1240 2694 peccati
1281 2636 1337 2679 et
1385 2626 1609 2681 malitiae
1640 2627 1818 2681 omnis
1869 2629 2081 2682 sentina
2120 2646 2133 2683 :
2168 2629 2309 2684 unde

718 2734 879 2788 quant
929 2718 1091 2771 aliam
1129 2719 1371 2788 politian:
1419 2728 1473 2774 et
1516 2722 1679 2774 vitam
1714 2721 1932 2775 invehet
1982 2721 2307 2776 miserandae

720 2820 847 2865 tunc
876 2811 1157 2865 hominum
1186 2811 1550 2878 generationi,
1586 2828 1747 2883 quam
1778 2814 2001 2868 omnino
2030 2829 2150 2868 eam
2188 2828 2309 2883 qua

718 2902 794 2957 illi
854 2902 1112 2973 propria?
1145 2919 1211 2957 ex
1248 2904 1461 2971 impuro
1508 2904 1653 2958 enim
1710 2905 1840 2975 quid
1892 2906 2311 2975 puriﬁcabitur?

715 2997 891 3051 Erunt
926 3007 1054 3051 lunc
1087 2996 1337 3051 homines
1370 2998 1420 3051 in
1449 2998 1705 3053 omnibus
1738 2998 1970 3066 deliciis,
1997 3000 2140 3054 sicut
2171 3010 2311 3056 tem-

716 3088 940 3158 poribus
970 3086 1103 3154 Noe,
1132 3097 1186 3143 et
1216 3088 1347 3142 nihil
1374 3104 1537 3159 grave
1572 3088 1941 3145 l'ormidabuut
1968 3110 1982 3146 :
2011 3092 2106 3147 sed
2129 3106 2306 3162 neque

716 3182 940 3235 credent
979 3183 1022 3236 si
1054 3180 1178 3251 quis
1212 3180 1319 3236 illis
1350 3181 1418 3235 de
1449 3182 1770 3250 quibusdam
1806 3183 2049 3239 adversis
2082 3196 2307 3239 eventu-

718 3274 793 3328 ris
838 3273 1005 3337 dicet,
1057 3275 1200 3327 sicut
1253 3281 1307 3326 et
1362 3271 1414 3325 bi
1446 3271 1538 3341 qui
1592 3273 1931 3342 temporibus
1977 3272 2091 3328 Noe
2121 3284 2177 3329 et
2206 3274 2309 3330 Lot

718 3363 955 3416 inerunt.

2415 2255 2741 2327 ἀνθρώπων.
2776 2258 2873 2309 καὶ
2914 2254 3011 2310 τοῦ
3057 2255 3167 2309 τῶν
3202 2255 3535 2326 Σοδομιτῶν,
3574 2257 3658 2309 ὅτι
3686 2254 3784 2308 τοῦ
3833 2256 4021 2307 Ἀντι-

2414 2349 2637 2421 χρίστου
2679 2346 2952 2411 ἐλθόντος,
2987 2347 3055 2400 τά
3085 2347 3197 2400 τῶν
3224 2348 3445 2405 ἀτόπων
3484 2347 3689 2419 ἡδονῶν
3721 2347 4022 2417 ἐπιθήσον-

2412 2459 2503 2495 ται
2525 2443 2637 2506 τοῖς
2664 2441 2995 2510 ἀνθρώποις,
3022 2440 3119 2494 καὶ
3140 2441 3329 2510 λάγνοι
3354 2442 3590 2505 ἐσονται,
3627 2441 3725 2495 καὶ
3747 2441 4021 2511 ἀθέσμοις

2410 2534 2628 2606 ἡδοναῖς
2655 2534 3037 2600 ἐκδεδωκότες,
3057 2534 3194 2606 ὅπερ
3224 2532 3288 2604 δὴ
3318 2536 3413 2587 καὶ
3436 2536 3464 2588 6
3487 2533 3818 2597 ’Δπόστολος
3831 2530 4017 2597 εἶπεν,

2410 2630 2494 2685 δτι
2534 2631 2592 2682 ἐν
2642 2629 2765 2692 ταῖς
2812 2627 3069 2699 ἐσχάταις
3108 2625 3348 2697 ἡμέραις
3382 2626 3598 2681 ισονται
3632 2628 3680 2680 οι
3731 2626 4020 2697 ἄνθρωποι

2410 2721 2685 2792 φιλήδονοι
2739 2720 2964 2791 μᾶλλον,
3017 2718 3050 2790 ἡ
3087 2718 3359 2789 φιλόθεοι·
3396 2720 3493 2772 καὶ
3535 2719 3762 2781 είκότως
3784 2718 3883 2771 ἐπὶ
3914 2718 4020 2787 τῆς

2412 2814 2691 2885 βασιλείας
2731 2811 2822 2865 τοῦ
2850 2810 3053 2866 πλάνου
3090 2810 3314 2881 ἀνθήσει
3345 2809 3415 2863 τά
3448 2810 3619 2863 κακά·
3652 2810 3751 2880 τῆς
3780 2811 3895 2880 γὰρ
3918 2828 4019 2863 πο-

2410 2908 2607 2979 νηρίας
2640 2905 2737 2960 καὶ
2785 2905 2965 2973 πάσης
2991 2902 3269 2975 ἁμαρτίας
3301 2902 3647 2971 καταγώγιον
3673 2901 3750 2956 ὣν
3775 2904 4017 2970 ἐκεῖνος,

2410 3000 2463 3053 τί
2497 3001 2627 3053 ἀλλο
2655 2996 3115 3070 ἐμπολιτεύεσθαι
3138 2997 3384 3066 ποιήσειε
3411 2998 3478 3067 τῇ
3512 2996 3722 3067 ἐλεεινῇ
3753 2996 3867 3049 τῶν
3891 2997 4018 3049 τότε

2414 3088 2719 3160 ἀνθρώπων
2770 3091 2955 3161 γενεᾷ,
3012 3088 3045 3159 ἡ
3092 3090 3313 3152 πάντως
3354 3088 3424 3141 τὰ
3487 3088 3666 3141 οίκεῑα
3712 3086 3898 3158 αύτῷς
3956 3087 4020 3153 ἐξ

2414 3183 2729 3254 ἀκαθάρτου
2799 3184 2909 3253 γὰρ
2960 3181 3013 3235 τί
3051 3182 3555 3255 καθαρισθὴσεταις
3611 3182 3874 3237 Ἔσονται
3918 3180 4018 3235 οὖν

2414 3275 2719 3344 τηνικαῦτα
2756 3275 2806 3327 οί
2838 3274 3119 3344 ἄνθρωποι
3156 3276 3213 3327 ἐν
3245 3274 3394 3346 πάσῃ
3436 3276 3642 3345 τρυφῇ,
3695 3272 3890 3343 ὥσπερ
3920 3275 4019 3325 ἐπὶ⁵

2416 3364 2511 3417 τοῦ
2546 3366 2694 3430 Νῶε,
2735 3366 2829 3418 καὶ
2857 3366 3009 3419 οὐδὲν
3054 3366 3319 3437 δυσχερὲς
3354 3367 3691 3430 ἐλπίσουσιν,
3727 3367 3869 3419 ἀλλά
3918 3370 4019 3422 καὶ

714 3459 1128 3526 ἀπιστήσουσιν,
1155 3456 1249 3509 ἐάν
1274 3472 1358 3517 τις
1380 3454 1565 3519 αὐτοῖς
1592 3454 1720 3525 περί
1759 3473 1922 3510 τινων
1946 3455 2385 3528 συμῶισομένων
2416 3457 2698 3529 δυσχερῶν
2756 3457 2913 3529 λέγῃ,
2944 3458 3135 3531 ὥσπερ
3169 3460 3265 3512 καὶ
3298 3462 3346 3512 οἱ
3376 3458 3473 3512 ἐπὶ
3515 3458 3612 3512 τοῦ
3680 3458 3806 3512 Νῶε
3836 3501 3850 3526 ,
3918 3462 4018 3514 καὶ

715 3550 764 3600 οἱ
792 3550 880 3600 ἐπὶ
912 3548 1006 3599 τοῦ
1032 3546 1177 3601 Λώτ.

790 3640 955 3694 Vsus.
994 3640 1187 3693 ὄιοῦὄ.
1230 3649 1247 3689 t
1288 3639 1343 3693 ln
1376 3640 1465 3701 illo
1498 3640 1585 3694 die
1618 3640 1707 3709 qui
1743 3638 1907 3695 fuerit
1943 3642 1993 3694 in
2024 3649 2202 3707 tecto,
2253 3649 2309 3697 et

2488 3660 2508 3693 ι
2555 3641 2643 3695 Ἐν
2672 3640 2858 3712 εκείνη
2882 3643 2947 3712 τῇ
2981 3641 3167 3712 ἡμέρᾳ
3196 3640 3253 3707 ὃς
3290 3640 3446 3695 ἔσται
3479 3642 3571 3695 ἐπὶ
3604 3641 3697 3697 τοῦ
3732 3642 4015 3715 δώματος,

714 3748 840 3787 Vasa
880 3732 997 3801 ejus
1060 3732 1113 3786 in
1187 3735 1370 3797 domo,
1426 3748 1493 3786 ne
1540 3734 1832 3789 descendat
1884 3734 1950 3787 ad
2014 3734 2310 3788 tollendum

717 3831 806 3884 illa
840 3839 937 3882 :.et
968 3830 1058 3898 qui
1092 3829 1147 3882 in
1182 3844 1335 3898 agro,
1364 3828 1615 3883 similiter
1642 3844 1752 3883 non
1787 3830 1971 3884 redeat
1998 3832 2064 3885 ad
2096 3830 2309 3886 relicta.

715 3922 984 3975 Memores
1040 3930 1215 3975 estote
1264 3922 1451 3975 uxoris
1507 3918 1632 3975 Lot.
1670 3918 1996 3991 Quicunque
2036 3922 2313 3991 qnzesierit

716 4014 952 4065 animam
991 4028 1147 4065 suam
1181 4026 1420 4075 servare,
1462 4011 1650 4081 perdet
1680 4012 1823 4065 illam
1867 4031 1879 4065 :
1916 4020 1971 4066 et
2000 4012 2340 4081 quicunque'

716 4105 1019 4174 perdiderit
1074 4104 1244 4168 illam,
1305 4105 1467 4156 vitam
1527 4103 1601 4156 illi
1640 4103 1874 4172 parabit.
1920 4120 1938 4153 ι
1970 4102 2027 4155 In
2074 4103 2166 4157 illa
2224 4104 2311 4158 die

713 4198 977 4249 adventus
1020 4194 1366 4257 Antichristi,
1427 4194 1475 4247 is
1518 4194 1609 4262 qui
1662 4194 1825 4247 fuerit
1879 4208 2043 4261 super
2076 4200 2305 4259 tectum,

716 4287 815 4339 boc
872 4298 954 4340 est
1001 4288 1051 4340 in
1087 4288 1314 4340 summis
1341 4287 1652 4351 virtutibus,
1689 4301 1756 4338 ne
1788 4286 2101 4350 descendat,
2128 4299 2307 4353 neque

714 4379 781 4431 ab
814 4380 921 4434 illis
974 4380 1208 4433 desistat
1260 4380 1561 4447 cnjuspiam
1620 4379 1937 4444 temporalis
1992 4380 2067 4432 rei
2106 4382 2300 4447 gratia.

716 4472 906 4528 Omnia
942 4472 1086 4525 enim
1124 4470 1438 4541 temporalia
1482 4471 1598 4525 hmc
1643 4486 1772 4525 vasa
1810 4472 2067 4527 dicmztur
2102 4451 2306 4527 homini

712 4565 1073 4626 coiil'erentia,
1127 4562 1214 4616 alii
1264 4564 1479 4631 quidem
1522 4563 1587 4617 ad
1622 4564 1900 4629 virtutem,
1948 4563 2037 4616 alii
2078 4579 2206 4617 vero
2238 4564 2305 4618 ad

713 4657 999 4709 nmlitiam.
1066 4656 1230 4723 lgitur
1264 4656 1356 4724 qui
1402 4656 1453 4707 in
1487 4656 1716 4709 summis
1754 4665 1837 4710 est
1887 4656 2202 4721 virtutibus,
2236 4672 2305 4712 ne

709 4744 875 4816 [.30
918 4746 1215 4799 descendat
1262 4753 1479 4813 propter
1512 4744 1811 4813 temporale
1854 4745 2093 4814 aliquod,
2122 4758 2175 4799 ct
2208 4762 2305 4801 ex-

712 4838 855 4881 cidat
886 4844 912 4881 a
961 4843 1059 4881 suo
1110 4826 1327 4896 fastigio
1358 4868 1373 4893 ,
1410 4826 1505 4881 sed
1556 4830 1774 4883 resistat
1824 4830 2063 4893 malitiae,
2100 4840 2155 4885 et
2196 4846 2299 4885 non

714 4920 1099 4974 demulceatur.
1135 4920 1199 4973 Et
1234 4922 1276 4974 is
1304 4921 1394 4989 qui
1432 4923 1483 4974 in
1512 4936 1665 4990 agro,
1696 4920 1947 4976 similiter
1976 4939 2079 4977 non
2119 4940 2297 4979 rever-

714 5020 856 5063 tatur
882 5010 946 5064 ad
976 5026 1036 5063 ea
1068 5026 1186 5079 qua
1211 5020 1333 5081 post
1368 5027 1445 5066 se:
1484 5012 1614 5065 Nam
1648 5028 1792 5079 eum,
1824 5013 1915 5083 qui
1949 5014 2002 5067 in
2036 5031 2165 5084 agro
2193 5027 2295 5083 est,
2333 4990 2377 5046 θ

712 5104 811 5157 hoc
844 5111 925 5157 est
971 5107 1193 5167 mundo,
1230 5116 1283 5160 ct
1313 5117 1573 5175 operatur
1632 5109 1914 5171 virtutem,
1950 5124 2051 5162 non
2085 5119 2302 5178 oportet

712 5195 905 5249 reverti
951 5193 1017 5249 ad
1046 5210 1106 5249 ea
1134 5211 1253 5264 quze
1287 5209 1403 5263 post
1441 5213 1519 5263 se,
1549 5200 1641 5253 sed
1695 5200 1872 5269 urgeri
1906 5201 1971 5253 ad
2006 5201 2297 5256 anteriora.

708 5280 840 5335 Nam
896 5284 1037 5338 sicut
1095 5285 1205 5339 alio
1260 5286 1377 5339 loco
1429 5289 1605 5341 dicit:
1642 5306 1659 5339 ι
1696 5287 1885 5344 Nullus
1933 5291 2024 5359 qui
2082 5306 2300 5346 manum

709 5390 857 5426 suam
886 5376 949 5428 ad
987 5387 1225 5431 aratrum
1254 5380 1439 5443 mittit,
1468 5391 1521 5433 et
1547 5396 1842 5437 conversus
1866 5394 1950 5437 est
1974 5396 2294 5452 retrorsum,

709 5467 929 5521 idoneus
960 5477 1042 5523 est
1086 5472 1150 5524 ad
1212 5487 1435 5542 regnum
1462 5472 1723 5528 ccelorum
1759 5475 1849 5541 ⁸⁷;
1892 5495 1909 5527 ι
1954 5477 2109 5532 aliert
2170 5478 2297 5532 item

703 5567 1006 5635 exemplum
1043 5569 1283 5624 mulieris
1314 5571 1433 5631 Lot.
1461 5588 1601 5640 qum,
1634 5590 1754 5628 cum
1786 5590 2045 5631 conversa
2088 5584 2171 5633 est
2210 5592 2299 5633 re-

708 5669 808 5724 tro,
838 5661 889 5713 in
924 5670 1157 5715 statuam
1209 5664 1339 5720 Salis
1381 5667 1567 5737 riguit,
1623 5669 1725 5724 hoc
1782 5678 1885 5737 est,
1935 5687 2040 5728 non
2080 5675 2215 5731 exiit
2268 5690 2295 5729 a

778 5838 823 5870 ⁸⁸
862 5839 899 5893 ll
926 5840 1065 5899 Tim.
1093 5857 1175 5908 ιιι,
1201 5844 1254 5898 4.
1332 5846 1376 5878 ⁸⁷
1454 5846 1581 5903 Luc.
1618 5868 1692 5915 ις,
1722 5854 1810 5906 (52.

2413 3734 2509 3789 καὶ
2536 3732 2604 3787 τά
2629 3732 2805 3804 σκεύὴ
2833 3733 2998 3786 αὑτοῦ
3039 3735 3097 3785 ἐν
3128 3737 3193 3805 τῇ
3223 3734 3393 3805 οἰκίᾳ,
3434 3735 3509 3807 μὴ
3550 3736 3852 3791 καταϐάτω
3882 3734 4015 3807 ἆραι

2414 3826 2575 3880 αὑτά.
2610 3826 2720 3880 Καὶ
2753 3827 2780 3877 6
2819 3826 2876 3878 ἐν
2900 3825 2978 3897 τῷ
3007 3826 3163 3896 ἀγρῷ
3220 3827 3446 3897 ὁμοίως,
3505 3828 3581 3899 μὴ
3623 3830 4015 3901 ἐπιστρεψάτω

2414 3922 2495 3984 είς
2525 3922 2593 3973 τά
2626 3920 2829 3974 ὀπίσω.
2873 3919 3261 3989 Μνημονεύετε
3298 3925 3399 3991 τῆς
3428 3924 3690 3992 γυναικὸς
3732 3926 3881 3980 Λώτ.
3918 3930 4015 3992 Ὃς

2413 4011 2511 4065 ἐὰν
2537 4012 2749 4082 ζητήσῃ
2775 4012 2871 4081 τὴν
2896 4012 3073 4082 ψυχὴν
3104 4012 3271 4067 αὑτοῦ
3303 4014 3497 4081 σῶσαι,
3525 4016 3785 4072 ἀπολέσει
3819 4021 4012 4090 αὐτὴν,

2413 4106 2508 4157 καὶ
2539 4104 2597 4167 ὃς
2624 4103 2689 4157 ἀν
2720 4104 2960 4175 ἀπολέσῃ
2992 4106 3186 4174 αὐτὴν,
3237 4106 3565 4177 ζωογονήσει
3611 4110 3808 4181 αὑτήν.
3862 4132 3880 4164 ι
3926 4114 4015 4167 Ἐν

2412 4197 2599 4269 ἐκείνῃ
2638 4198 2703 4265 τῇ
2738 4195 2919 4267 ἡμέρᾳ
2963 4196 3062 4265 τῆς
3091 4197 3186 4250 τοῦ
3234 4199 3607 4269 Ἀντιχρίστου
3644 4205 3957 4272 παρουσίας
3987 4207 4014 4258 6

2413 4289 2487 4343 ὣν
2516 4290 2610 4342 ἐπὶ
2635 4290 2729 4344 τοῦ
2757 4289 3031 4360 δώματος,
3056 4291 3305 4345 τουτέστι
3350 4296 3442 4346 τοῦ
3473 4293 3640 4364 ὕψους
3662 4297 3761 4366 τῆς
3787 4299 4012 4367 ἀρετῆς,

2417 4382 2492 4452 μὴ
2538 4381 2855 4445 καταϐάτω,
2906 4382 3041 4453 μηδὲ
3068 4383 3327 4455 ύρεθὴτω
3374 4386 3483 4438 ἀπὸ
3526 4387 3734 4458 ταύτης
3774 4389 3866 4442 διά
3894 4408 4013 4442 τινα

2414 4474 2691 4543 πρόφασιν
2734 4474 3017 4543 βιωτικὴν.
3064 4477 3251 4531 Πάντα
3279 4476 3389 4549 γὰρ
3422 4478 3490 4530 τὰ.
3536 4477 3796 4547 βιωτικὰ,
3845 4483 4011 4553 σκεύη

2413 4568 2667 4637 λέγονται
2716 4564 2857 4623 εἷναι
2885 4570 2963 4641 τῷ
3013 4572 3309 4644 ἀνθρώπῳ,
3346 4574 3492 4645 ἄλλῳ
3526 4576 3626 4644 μὲν
3667 4577 3751 4640 είς
3784 4579 4011 4649 ἀρετὴν,

2411 4663 2557 4733 ἄλλῳ
2586 4663 2643 4716 δὲ
2698 4665 2777 4726 είς
2812 4664 3013 4717 κακίαν
3042 4666 3482 4737 συμϐαλλόμενα.
3524 4670 3615 4736 Μὴ
3641 4670 3830 4723 τοίνυν
3866 4675 3893 4724 6
3923 4674 4012 4724 ἐπὶ

2410 4754 2503 4807 τοῦ
2542 4753 2709 4824 ὕψους
2738 4754 2838 4826 τῆς
2882 4756 3085 4827 ἀρετῆς
3124 4758 3437 4828 ἱστάμενος,
3488 4760 3793 4814 καταὸάτω
3826 4761 3916 4816 διά
3966 4780 4014 4815 τι

2411 4845 2692 4917 βιωτικδν,
2752 4849 2847 4902 καὶ
2895 4850 3223 4905 ἀποπεσέτω
3284 4851 3379 4905 τοῦ
3423 4854 3629 4906 οίκείου
3660 4854 3859 4923 ὕψους,
3903 4858 4013 4911 rex

2410 4938 2655 5007 ἐνστὴτω
2701 4939 2841 5006 πρὸς
2890 4940 2989 5011 τὴν
3044 4942 3271 5005 κακίαν,
3313 4943 3406 4996 καὶ
3448 4945 3524 5013 μὴ
3588 4945 4012 5019 μλακισθὴτω.

2408 5029 2521 5082 Καὶ
2557 5028 2585 5079 ὁ
2634 5032 2690 5082 ἐν
2732 5030 2810 5101 τῷ
2856 5031 3012 5103 ἀγρῷ
3055 5035 3258 5105 ὁμοίως
3316 5036 3391 5105 μὴ
3419 5039 3813 5108 ἐπιστρεψάτω
3845 5044 3924 5105 είς
3953 5045 4016 5097 τά

2409 5120 2609 5173 ὀπίσω⁴
2637 5123 2727 5175 τὸν
2761 5123 2870 5193 γάρ
2888 5124 2945 5177 ἐν
2971 5125 3047 5195 τῷ
3084 5125 3262 5197 ἀγρῷ,
3292 5127 3370 5198 τῷ
3404 5130 3595 5200 κόσμῳ
3626 5133 3833 5202 τούτῳ,
3856 5136 4013 5202 ἐργα-

2422 5214 2645 5282 ζίμενον
2676 5214 2771 5284 τὴν
2800 5216 3000 5288 ἀρετὴν
3030 5219 3091 5270 οὐ
3120 5219 3201 5272 δεῖ
3224 5222 3578 5291 ἐπιστρέφειν
3605 5225 3688 5285 είς
3723 5226 3793 5278 τά
3817 5227 4010 5289 ὀπίσω,

2416 5306 2550 5360 ἀρ,λά
2580 5310 2691 5372 τοῖς
2723 5308 3037 5379 ἔμπροσθεν
3072 5313 3511 5370 ἐπεκτείνεσθαι.
3549 5318 3767 5389 Ὠσπερ
3801 5322 3899 5373 καὶ
3930 5322 4013 5374 ἀλ-

2410 5400 2583 5472 λαλιοῦ
2642 5420 2843 5471 φησιν’
2882 5422 2902 5454 r
2944 5406 3133 5470 Οὐδεὶς
3172 5408 3448 5463 ἐπιϐαλὼν
3486 5412 3585 5480 τὴν
3633 5415 3798 5483 χεῖρα
3852 5415 4010 5467 αὑτοῦ

2409 5491 2492 5545 ἐπ’
2548 5493 2807 5565 ἄροτρον,
2854 5499 2949 5549 καὶ
3005 5504 3269 5569 στραφεὶς
3316 5505 3397 5565 είς
3444 5504 3512 5555 τά
3550 5504 3753 5571 ὀπίσω,
3796 5508 4013 5571 abiis-.6;

2409 5588 2557 5640 ἐστιν
2590 5590 2670 5652 είς
2709 5589 2809 5660 τὴν
2865 5590 3146 5659 βασιλείαν
3192 5594 3301 5649 τῶν
3342 5597 3609 5667 οὐρανῶν.
3657 5618 3676 5649 ι
3731 5600 4011 5671 Ἐπι-ςέτιει

2408 5677 2464 5731 δὲ
2502 5680 2811 5753 ὑπόδειγμα
2850 5684 2949 5755 τὴν
2992 5689 3227 5754 γυναῖκα
3285 5689 3378 5742 τοῦ
3426 5689 3573 5757 Λὼτ,
3627 5694 3663 5763 ἡ
3710 5697 4010 5764 στραφεῖσα
