4228 6428
178 447 292 516 997
889 433 1341 501 ENARRATIO
1370 433 1456 497 IN
1495 431 2009 495 EVANGELIUM
2033 429 2280 493 ωαιι.
2311 455 2383 468 -
2408 429 2572 493 CAP.
2603 428 2803 492 XVII.
3375 433 3502 498 ~993

172 560 376 622 ὀπίσω,
406 553 487 618 είς
537 551 744 624 στήλην
787 547 917 612 ate;
965 539 1180 618 ἐπάγη,
1222 545 1496 612 τουτέστι,
1537 542 1614 614 μὴ
1648 543 1780 608 ιξελ.

1897 537 2127 610 malitia,
2189 541 2285 598 sed
2342 541 2544 598 mansit
2606 543 2660 597 lu
2707 541 2992 613 salsugine
3017 555 3136 608 sua,
3191 549 3303 598 tota
3359 545 3501 604 facta

174 650 351 706 θοῦσα
389 632 749 719 τῆςκακίας,
784 640 1113 713 ἐναπέμεινε
1155 640 1221 708 τῇ
1272 639 1480 706 ταύτης
1509 635 1778 708 ἁλμυρία,

1888 633 2053 698 mala,
2087 647 2154 689 ac
2185 633 2405 690 celebre
2440 633 2648 689 faciem
2688 642 2742 688 et
2776 634 2932 703 quasi
2997 634 3269 691 columna:
3301 637 3502 694 inscri-

171 745 272 815 ὅλη
305 741 450 812 κακή
480 736 774 809 γενομένη,
807 735 904 790 καὶ
936 731 1334 803 στηλιτεύουσα
1363 728 1464 798 τήν
1489 729 1686 799 ἧτταν,
1711 726 1780 797 ήν

1887 728 2022 781 bens
2075 726 2278 781 malum
2312 727 2457 796 quod
2495 740 2653 795 passa
2687 735 2770 780 est
2807 744 2820 781 :
2854 727 3131 781 obstinata
3163 729 3310 783 enim
3343 746 3501 785 man-

172 835 370 900 ἔπαθε,
406 833 647 900 παγεῖσα
696 828 793 882 καὶ
833 823 1247 895 ἐναπομείνασα
1290 824 1356 894 τῇ
1405 821 1597 891 κακίᾳ.
1643 815 1780 873 Εἶτα

1885 818 1958 874 sit
1985 820 2036 874 in
2067 819 2279 873 malitia
2309 833 2427 874 sua.
2465 818 2672 873 Deinde
2712 817 2873 874 affert
2909 834 2971 874 ea
3010 835 3131 888 qua
3178 821 3245 874 ad
3301 838 3498 894 supra-

173 930 428 999 ἐπιφέρει
443 925 512 978 τὰ
539 920 814 977 ἀκόλουθα
830 919 942 982 τοῖς
971 917 1084 973 ἀνω
1109 914 1445 985 εἰρημένοις,
1487 912 1586 975 ὐς
1619 909 1782 982 ζητή-

176 1039 263 1074 σει
288 1021 387 1089 τὴν
411 1017 593 1087 ψυχὴν
619 1011 786 1068 αὐτοῦ
815 1011 1010 1074 σῶσαι,
1036 1007 1296 1062 ἀπολέσει
1319 1007 1513 1076 αὑτήν.
1533 1004 1625 1075 Μὴ
1647 1005 1778 1075 γὰρ,

174 1112 334 1184 φησὶ,
372 1107 736 1164 σπουδασάτω
786 1121 872 1168 τις
904 1105 965 1156 ἐν
992 1102 1071 1172 τῷ
1098 1099 1196 1154 τοῦ
1237 1099 1616 1169 ’Δντιχρίστου
1649 1097 1779 1152 διω-

173 1204 302 1276 γμῷ
344 1196 812 1272 περιποιήσασθαι
861 1195 964 1265 τὴν
1012 1191 1209 1248 ἐαυτοῦ
1258 1191 1440 1262 ψυχήν
1467 1208 1480 1222 ο
1519 1189 1778 1244 ἀπολέσει

171 1297 282 1367 γὰρ
317 1295 510 1363 αὐτήν.
549 1294 646 1353 Ὃς
685 1289 732 1343 δ’
790 1288 858 1342 ἀν
911 1287 1107 1340 ἐαυτὸν
1159 1286 1396 1354 σφαγαῖς
1451 1282 1547 1336 καὶ
1587 1282 1777 1344 ἁπλῶς

171 1387 447 1450 κινδύνοις
492 1383 660 1454 ἐκδῷ,
711 1380 1046 1450 σωθήσεται,
1091 1377 1167 1449 μὴ
1203 1375 1540 1430 ύποκύπτων
1579 1374 1658 1443 τῷ
1687 1391 1776 1426 τυ·

172 1479 356 1551 ράννῳ
400 1477 489 1530 διά
517 1475 578 1528 τὸ
609 1471 893 1542 φιλόζωον.
926 1470 1141 1540 Ὠσπερ
1172 1462 1268 1521 οὖν
1298 1466 1561 1534 ἀνωτέρω
1597 1460 1774 1528 εἶπεν,

169 1573 258 1626 δτι
291 1573 319 1625 6
349 1571 441 1624 ἐπὶ
483 1567 578 1623 τοῦ
625 1566 794 1635 ὕψους
823 1563 926 1632 τῆς
952 1562 1179 1632 ἀρετῆς,
1211 1560 1287 1630 μή
1327 1559 1416 1612 διὰ
1445 1558 1514 1611 τὰ
1543 1556 1775 1628 βιωτικά

174 1662 482 1734 πράγματα
512 1656 810 1727 καταδήτω
847 1651 1286 1726 μαλακιζόμενος
1314 1650 1476 1722 τυχὸν
1514 1649 1605 1702 διά
1639 1649 1776 1720 κτή-

1883 911 2026 966 dicta
2053 923 2362 983 sequuntur
2384 929 2398 967 :
2424 912 2751 981 Quicunque
2772 915 3054 982 quasierit
3081 916 3322 970 animam
3343 935 3497 973 suam

1883 998 2121 1064 salvare,
2160 1001 2351 1068 perdet
2381 1015 2524 1055 eam.
2563 1003 2683 1057 Non
2714 1013 2922 1069 quzerat
2952 1003 3173 1072 aliquis,
3206 1006 3402 1075 inquit,
3445 1009 3496 1062 in

1880 1093 2206 1148 Antichristi
2261 1096 2650 1162 persecutione
2717 1098 2955 1150 animam
3018 1113 3176 1151 suam
3241 1099 3499 1156 salvare:

1880 1187 2075 1256 perdet
2103 1186 2251 1240 enim
2303 1203 2448 1241 eam.
2493 1188 2564 1240 At
2616 1189 2706 1256 qtti
2746 1205 2805 1243 se
2853 1191 3114 1245 oceisioni
3151 1201 3206 1246 et
3242 1194 3502 1262 periculis

1881 1263 2223 1348 exposuerit,
2274 1280 2601 1334 salvabitur.
2640 1279 2718 1334 Nc
2772 1282 2938 1351 igitur
2987 1297 3046 1336 se
3103 1284 3354 1339 humiliet
3413 1295 3502 1357 ty-

1883 1385 2058 1425 ranno
2109 1383 2332 1440 propter
2381 1371 2532 1426 vitae.
2562 1387 2829 1426 amorem.
2888 1373 3101 1444 Quippe
3155 1376 3296 1430 sicut
3332 1392 3496 1446 supra

1880 1461 2040 1528 dixit,
2076 1460 2179 1528 Qui
2211 1472 2294 1517 est
2325 1461 2378 1515 in
2431 1460 2652 1532 fastigio
2697 1462 2937 1526 virtutis,
2974 1475 3196 1534 propter
3245 1481 3334 1519 res
3362 1477 3499 1520 tem-

1882 1553 2100 1621 porales
2155 1568 2222 1607 ne
2279 1555 2626 1616 descendat,
2673 1554 2879 1608 divitiis
2943 1564 2997 1608 et
3061 1557 3503 1624 possessionibus

1879 1646 2164 1711 (lelittitus,
2197 1654 2253 1700 et
2302 1656 2591 1714 propterea
2625 1649 2784 1700 cedat
2817 1647 3074 1716 periculis
3115 1666 3127 1702 :
3163 1653 3240 1703 sic
3267 1659 3324 1703 et
3353 1667 3498 1705 nunc

175 1773 323 1827 ματα
366 1756 459 1808 καὶ
504 1755 787 1823 χρήματα,
832 1749 927 1802 καὶ
977 1747 1065 1802 διά
1096 1743 1275 1800 ταῦτα
1330 1745 1627 1814 ὑφιέμενος
1672 1743 1773 1813 τῆς

1885 1737 2112 1792 ulterius
2175 1737 2534 1808 progrediens
2594 1737 2760 1800 dicit,
2813 1737 2956 1799 dico,
3028 1753 3131 1791 non
3200 1741 3502 1794 descendas

171 1847 502 1909 ἐνστάσεως,
550 1842 696 1895 οὓτω
726 1841 824 1894 καὶ
858 1839 956 1892 νῦν
991 1838 1096 1909 ὁδῷ
1130 1835 1340 1908 προϊών
1371 1852 1531 1906 φησι,
1570 1835 1666 1888 καὶ
1719 1833 1774 1886 τί

1885 1841 2104 1900 prapter
2145 1845 2296 1894 vasa,
2357 1845 2535 1901 neque
2563 1840 2786 1900 propter
2826 1839 3052 1883 externa
3087 1831 3350 1884 virtutem
3408 1833 3502 1886 de-

169 1939 319 2008 λέγω
345 1939 428 1992 ὅτι
461 1935 535 2008 μὴ
562 1933 850 2004 καταϐήσῃ
883 1931 972 1986 διὰ
1002 1908 1209 2001 σκεύης
1249 1927 1385 2000 μηδέ
1407 1928 1494 1982 διὰ
1519 1928 1585 1982 τὰ
1613 1927 1775 1990 ἐκτὸς

1885 1941 2038 1981 seras
2067 1967 2082 1993 ,
2116 1942 2295 1996 neque
2336 1939 2557 1997 propter
2594 1928 2788 1982 animm
2819 1929 3029 1982 lucrum
3061 1944 3295 1995 annuas,
3328 1941 3387 1983 ut
3418 1932 3503 1982 in-

172 2035 395 2105 προήσῃ
437 2032 538 2101 τὴν
580 2029 805 2100 ἀρετὴν,
847 2026 984 2096 ’.ιηδέ
1027 2024 1097 2078 δι’
1125 2022 1298 2095 αὐτὴν
1337 2021 1436 2094 τήν
1464 2021 1565 2091 τῆς
1597 2021 1777 2091 ψυχῆς

171 2122 530 2194 περιποίησιν
553 2119 682 2191 δέξῃ
705 2115 1070 2183 ὑποκλιθῆναι
1101 2113 1181 2184 τῷ
1203 2112 1392 2182 πλάνῳ
1413 2113 1508 2165 καὶ
1546 2110 1774 2181 διώκτῃ.

170 2213 364 2268 Ταῦτα
416 2212 472 2265 δέ
503 2213 532 2265 6
560 2209 838 2274 Ματθαῖος
887 2207 1069 2261 πάντα
1118 2205 1207 2259 διά
1254 2205 1352 2275 τὴν
1384 2203 1494 2257 τῶν
1540 2205 1776 2274 Ἰεροσο-

168 2307 364 2378 λύμων
414 2305 618 2358 ἅλωσιν
660 2301 923 2374 λεχθῆναι
968 2297 1046 2370 τῷ
1079 2298 1271 2369 Κυρίῳ
1303 2299 1491 2371 φησὶν,
1539 2299 1776 2351 αἰνιττο-

174 2402 326 2471 μένῳ
344 2397 441 2468 τήν
463 2396 571 2450 τῶν
594 2394 809 2466 ἐχθρῶν
834 2394 1103 2458 ἐπίθεσιν,
1130 2393 1227 2445 καὶ⁵
1249 2391 1334 2444 δτι
1359 2387 1782 2460 ἀμεταστρεπτὶ

170 2492 405 2563 φεύγειν
448 2489 530 2542 δεῖ
567 2489 696 2551 τοὺς
741 2486 1048 2558 Ῥωμαίους
1083 2484 1363 2549 ἐπιόντας,
1399 2483 1496 2535 καὶ
1547 2485 1687 2552 μήτε
1725 2484 1782 2534 ἐν

169 2585 252 2656 τῷ
279 2583 492 2654 δώματι
516 2582 701 2647 ὄντας,
731 2581 1084 2636 καταϐαίνειν
1134 2581 1213 2641 είς
1255 2577 1356 2648 τὴν
1384 2576 1565 2631 οίκίαν
1594 2574 1686 2630 διά
1730 2592 1783 2630 τι

171 2677 457 2750 χρειῶδες,
493 2674 612 2728 ἀλλ’
641 2675 807 2738 εὐθὺς
838 2673 1066 2744 φεύγειν
1092 2690 1107 2706 ο
1161 2673 1225 2726 οὐ
1275 2671 1385 2742 γάρ
1437 2673 1556 2724 ἐστι
1587 2668 1784 2741 καιρὸς

172 2768 402 2838 σχολῆς,
448 2767 592 2820 ὥστε
625 2765 1082 2829 συσκευάζεσθαι,
1121 2764 1262 2836 μήτε
1309 2765 1369 2816 ἐν
1405 2763 1562 2832 ἀγρῷ
1595 2761 1778 2826 ὄντας,

174 2861 509 2932 στρέφεσθαι
543 2861 624 2924 είς
651 2859 751 2931 τήν
783 2859 964 2912 οἰκίαν
991 2873 1004 2888 ο
1038 2857 1253 2911 καὶτὸν
1306 2856 1366 2909 ἐν
1394 2859 1460 2928 τῇ
1494 2855 1644 2926 οίκίᾳ
1669 2855 1780 2926 γὰρ

171 2951 309 3006 δντα
364 2950 590 3021 φεύγειν
639 2951 740 3006 δεῖ.
782 2951 952 3004 Ούδέν
984 2949 1042 3002 δέ
1091 2949 1411 3020 θαυμαστὸν
1456 2947 1555 3002 καὶ
1620 2951 1678 3002 ἐν
1712 2949 1778 3019 τῇ

173 3042 383 3099 ἁλώσει
413 3043 523 3097 τῶν
566 3041 962 3115 Ἱεροσολύμων
987 3040 1164 3094 ταῦτα
1195 3040 1501 3109 γεγονέναι,
1528 3039 1626 3093 καὶ
1651 3038 1783 3109 μελ-

173 3137 294 3191 λειν
324 3133 480 3202 αὖθις
530 3135 864 3209 γενήσεσθαι
916 3136 977 3190 ἐν
1015 3136 1085 3206 τῇ
1119 3134 1396 3207 παρουσίᾳ
1443 3131 1541 3186 τοῦ
1606 3133 1783 3186 Ἀντι-

1886 2019 2111 2073 cliueris
2141 2019 2429 2090 impostori
2453 2030 2509 2074 et
2548 2021 2913 2091 persecutori.
2957 2020 3082 2076 Ηωο
3107 2022 3327 2090 quidem
3359 2023 3503 2077 Mat-

1887 2111 2060 2166 thteus
2108 2121 2333 2180 propter
2366 2111 2877 2183 Hierosolymorum
2931 2114 3310 2182 Captivitatem
3355 2115 3500 2170 dicta

1883 2218 2008 2260 esse
2054 2220 2083 2258 a
2112 2204 2585 2260 Domino*narrat
2618 2206 2930 2262 insinuante
2971 2207 3210 2262 hostium
3265 2207 3395 2271 vim,
3446 2219 3501 2264 et

1883 2297 2028 2367 quod
2071 2295 2352 2351 Romanos
2382 2299 2474 2367 qui
2531 2299 2774 2354 invasuri
2814 2309 2964 2364 sunt,
3003 2300 3193 2370 fugere
3222 2311 3498 2369 oporteat,

1883 2389 1961 2445 ita
1994 2403 2053 2445 ut
2084 2406 2152 2446 ne
2194 2392 2525 2460 respiciatur
2562 2408 2576 2446 :
2615 2408 2794 2462 neque
2823 2395 2913 2460 qtti
2965 2393 3020 2447 in
3061 2403 3203 2448 tecto
3238 2393 3370 2460 sint,
3402 2394 3501 2450 de-

1883 2483 2147 2540 scendant
2194 2483 2249 2538 in
2283 2483 2506 2539 domum
2552 2483 2784 2552 alicujus
2817 2484 2892 2538 rei
2923 2484 3246 2552 temporalis
3293 2485 3496 2553 gratia,

1882 2575 1980 2632 sed
2015 2575 2200 2630 statim
2235 2574 2492 2646 fugiant;
2531 2590 2636 2630 non
2682 2577 2791 2631 erit
2838 2576 2984 2643 enim
3017 2588 3232 2646 tempus
3275 2580 3395 2640 otii.
3427 2577 3501 2632 ita

1884 2675 1944 2721 ut
1973 2681 2099 2721 vasa
2150 2666 2412 2736 colligere
2434 2667 2602 2722 liccat
2629 2685 2643 2722 :
2679 2683 2858 2738 neque
2888 2669 2980 2739 qui
3013 2668 3064 2722 in
3109 2684 3240 2738 agro
3269 2679 3376 2735 est,
3408 2685 3501 2725 re-

1881 2769 2129 2816 vertatur
2159 2761 2213 2816 in
2245 2761 2464 2817 domum
2495 2777 2675 2829 suam,
2703 2764 2800 2817 sed
2828 2777 2952 2816 eum
2981 2764 3073 2833 qui
3111 2763 3164 2816 in
3198 2763 3360 2817 domo
3408 2774 3491 2819 est

1884 2852 2075 2926 lugere
2119 2853 2422 2926 Oportet".
2481 2854 2627 2911 Nihil
2663 2855 2811 2912 enim
2848 2857 3052 2911 mirum
3096 2858 3147 2910 in
3188 2855 3499 2929 Hierosoly-

1886 2962 2101 3002 morum
2139 2950 2458 3018 captivitate
2508 2949 2611 3003 hoc
2657 2949 2864 3003 factum
2897 2962 3046 3015 esse,
3080 2949 3389 3019 iterumque
3421 2948 3490 3002 l'u.

1891 3047 2071 3093 turum
2107 3040 2160 3094 itt
2193 3042 2430 3095 adventu
2464 3040 2818 3107 Antichristi,
2849 3041 2959 3096 imo
2986 3043 3053 3096 ad
3087 3043 3260 3112 ipsum
3290 3051 3506 3111 tempus

1888 3135 2384 3188 consummationis
2418 3131 2602 3189 futura
2638 3144 2726 3189 est
2760 3134 3047 3189 tribulatio
3080 3135 3429 3204 gravissima.

174 3230 440 3302 χρίστου·
478 3231 681 3302 μᾶλλον
732 3229 790 3284 δέ
823 3227 960 3300 πρὸς
997 3227 1150 3298 αὐτῷ
1182 3227 1262 3300 τῷ
1299 3227 1480 3300 καιρῷ
1525 3227 1628 3297 τῆς
1699 3224 2038 3293 συντελείας,
2109 3225 2344 3297 θλίψεως
2397 3228 2495 3282 καὶ
2519 3228 2643 3282 τότε
2679 3227 2988 3299 μελλούσης
3031 3228 3288 3296 γίνεσθαι
3351 3229 3492 3297 ἀφο-

177 3326 372 3396 96m-

253 3436 276 3470 ε
319 3416 480 3485 Λίγω
524 3415 677 3486 ὑμῖν,
708 3413 793 3468 δτι
838 3415 899 3468 ἐν
924 3413 1104 3488 ταύτῃ
1133 3415 1200 3486 τῇ
1228 3414 1390 3470 νυκτὶ
1422 3413 1639 3469 ισονται
1687 3415 1780 3469 δύο

1961 3414 2133 3470 Vens.
2181 3413 2374 3468 34-37.
2416 3431 2434 3466 ι
2482 3413 2614 3468 Dico
2658 3413 2842 3479 vobis,
2901 3414 2953 3468 itt
3010 3412 3098 3468 illa
3134 3423 3291 3469 nocte
3341 3424 3507 3472 erunt

173 3511 272 3566 ἐπὶ
297 3510 489 3580 κλίνης
524 3511 679 3577 μιᾶς,
699 3509 728 3562 6
751 3503 834 3570 εἷς
865 3507 1387 3580 παραληφθήσεται,
1409 3507 1508 3562 καὶ
1532 3510 1560 3562 6
1591 3507 1781 3580 ἐτερος

172 3604 540 3674 ἀφεθήσεται.
581 3601 686 3656 Δύο
731 3601 945 3655 ἔσονται
981 3599 1283 3672 ἀλήθουσαι
1328 3600 1424 3655 ἐπὶ
1470 3600 1532 3655 τὸ
1563 3602 1715 3661 αὐτὸ,
1741 3602 1776 3672 ή

178 3695 285 3766 μία
319 3691 834 3763 παραληφθήσεται,
873 3691 967 3743 καὶ
999 3691 1034 3762 ή
1069 3690 1235 3762 ἐτέρα
1268 3691 1629 3761 ἀφεθήσεται.
1669 3692 1781 3745 Καὶ

174 3785 574 3856 ἀποκριθέντες
629 3784 878 3852 λέγουσιν
925 3783 1110 3855 αὐτῷ·
1163 3783 1299 3847 Ποῦ,
1341 3784 1550 3855 Κύριε;
1608 3783 1666 3837 '0
1722 3783 1780 3836 δέ

174 3875 336 3934 εἶπεν
371 3877 554 3940 αὐτοῖς
587 3891 602 3907 ⁸
638 3875 815 3934 Ὅπου
855 3874 918 3928 τὸ
953 3875 1176 3942 πτῶμα,
1232 3876 1351 3928 ἐκεῖ
1403 3877 1496 3929 καὶ
1525 3879 1574 3929 οἱ
1627 3877 1780 3928 ἀετοὶ

175 3969 639 4040 συναχθήσονται.
675 3984 694 4018 ι
731 3965 843 4020 Καὶ
869 3964 1125 4018 ἐντεῦθεν
1157 3965 1219 4018 τὺ
1244 3965 1654 4038 ἀπροσδόκητον
1685 3967 1780 4020 καὶ

173 4062 445 4133 αἰφνίδιον
476 4061 576 4131 τῆς
611 4059 778 4114 αὑτοῦ
809 4058 1117 4130 παρουσίας
1163 4058 1536 4130 μανθάνομεν·
1579 4061 1641 4112 τὸ
1670 4063 1778 4130 γὰρ

175 4158 378 4221 εἰπεῖν,
413 4155 497 4208 ὅτι
521 4153 618 4206 δύο
645 4152 859 4206 ἔσονται
887 4153 982 4204 ἐπὶ
1014 4151 1204 4222 κλίνης
1244 4154 1398 4222 μιᾶς,
1435 4153 1779 4223 ἀμεριμνίαν

176 4247 439 4318 ἐμφαίνει
459 4261 473 4274 ο
502 4245 600 4298 καὶ
625 4245 688 4297 τὸ
711 4243 936 4314 ἀλήθειν
966 4243 1024 4296 δέ
1064 4246 1156 4296 καὶ
1182 4243 1339 4295 τοῦτο
1370 4244 1781 4314 ἀπροσδόκητον

177 4337 403 4391 ἐσεσθαι
447 4336 548 4407 τήν
583 4335 889 4407 παρουσίαν
925 4334 1208 4405 ὑποδηλοῖ.
1240 4336 1352 4390 Καὶ
1385 4334 1516 4389 ἄλλο
1549 4336 1606 4388 δὲ
1639 4353 1781 4405 μαν-

177 4433 437 4501 θάνομεν,
478 4431 562 4482 ὅτι
591 4430 649 4482 ἐν
680 4431 840 4481 νυκτὶ
889 4430 922 4500 ή
955 4429 1231 4499 παρουσία
1265 4429 1443 4495 ἔσται,
1479 4428 1646 4500 φησὶν
1686 4427 1780 4481 οὖν

175 4525 265 4579 ὅτι
303 4524 398 4577 καὶ
427 4526 491 4576 ἐκ
520 4521 629 4575 τῶν
671 4520 948 4575 πλουσίων
993 4522 1102 4574 τῶν
1149 4523 1244 4574 ἐπὶ
1280 4521 1467 4592 κλίνης
1503 4523 1782 4575 ἀναπαυο-

181 4618 382 4688 μένων,
406 4618 456 4669 oi
493 4616 596 4686 μὲν
622 4613 987 4684 σωθήσονται,
1013 4615 1063 4667 oi.
1085 4613 1144 4666 δέ
1166 4612 1251 4669 ού.
1294 4615 1446 4668 Ἐπεὶ
1473 4614 1583 4685 γὰρ
1600 4609 1778 4679 εἶπεν,

175 4711 263 4764 ὅτι
294 4710 570 4773 δυσκόλως
595 4711 643 4763 oi
673 4707 920 4762 πλούσιοι
945 4705 1230 4772 σώζονται.
1255 4709 1508 4762 Δείκνυσι
1537 4707 1656 4769 νῦν,
1696 4707 1780 4760 ὅτι

1874 3511 1998 3568 duo
2031 3510 2082 3562 in
2117 3510 2263 3563 lecto
2305 3523 2438 3574 uno,
2489 3523 2630 3562 unus
2665 3517 3004 3573 assumetur,
3057 3518 3113 3561 et
3162 3509 3302 3563 alter
3342 3509 3508 3564 relin.

1887 3612 2110 3672 quetur.
2136 3600 2265 3655 Duae
2305 3609 2470 3655 erunt
2501 3600 2770 3655 molentes
2799 3600 2986 3665 simul,
3019 3616 3128 3654 una
3153 3614 3504 3668 assumetnr,

1888 3707 1943 3752 et
1975 3696 2148 3750 altera
2183 3677 2546 3764 relinquetur.
2601 3693 2666 3748 Et
2707 3693 3108 3762 respondentes
3144 3693 3332 3748 dicunt
3379 3694 3455 3749 illi
3487 3714 3501 3749 :

1891 3787 2017 3852 Ubi,
2072 3787 2301 3842 Domine
2342 3779 2500 3852 YQui
2554 3786 2693 3840 dixit
2734 3786 2892 3841 illis:
2956 3785 3282 3856 Ubicunque
3341 3787 3508 3842 fuerit

1888 3883 2145 3943 cadaver,
2195 3880 2322 3934 illuc
2353 3881 2838 3950 congregabuntur
2867 3887 2924 3931 et
2953 3879 3172 3946 aquilae.
3223 3897 3241 3929 ι
3277 3879 3354 3933 Ex
3399 3880 3506 3936 hoc

1888 3977 2053 4030 etiam
2087 3974 2206 4027 loco
2237 3971 2586 4041 repentinum
2611 3979 2667 4024 et
2691 3967 3034 4038 inapinatum
3057 3967 3176 4036 ejus
3205 3969 3505 4025 adventum

1889 4069 2175 4124 discimus.
2212 4065 2379 4126 Duos,
2411 4064 2558 4117 enim
2609 4077 2733 4118 esse
2765 4063 2819 4116 itt
2859 4061 3004 4117 lecto
3039 4078 3172 4127 uno,
3228 4064 3507 4132 signiﬁcat

1887 4158 2277 4215 sollicitudinis
2309 4157 2638 4217 carentiam,
2658 4163 2714 4207 et
2738 4153 2944 4208 molere
2971 4170 3216 4223 quoque,
3247 4155 3507 4222 inexspe-

1889 4262 2094 4307 ctatum
2147 4249 2424 4318 signiﬁcat
2485 4249 2806 4300 adventum.
2878 4244 3154 4300 Discimus
3217 4254 3272 4300 et
3347 4248 3502 4302 aliud

1889 4345 2170 4414 quiddam,
2204 4342 2351 4412 quod
2384 4341 2436 4394 in
2470 4351 2629 4394 nocte
2665 4341 2934 4393 adventus
2963 4340 3092 4394 erit.
3130 4338 3277 4392 Dicit
3311 4340 3501 4408 igitur,

1887 4439 2032 4508 quod
2059 4453 2126 4490 ex
2152 4435 2412 4490 divitibus
2436 4434 2528 4504 qui
2555 4433 2607 4486 itt
2644 4433 2786 4487 lecto
2817 4433 3128 4502 quiescent,
3153 4432 3243 4487 alii
3278 4435 3501 4504 quidem

1888 4531 2269 4596 salvabuntur,
2302 4528 2391 4582 alii
2441 4537 2626 4583 autem
2663 4543 2793 4582 non.
2827 4525 2962 4580 Nam
2991 4526 3152 4599 43],
3199 4529 3325 4596 quia
3363 4529 3502 4583 dixit

1889 4621 2035 4692 quod
2085 4619 2301 4676 dillicile
2327 4619 2522 4672 divites
2556 4619 2859 4681 salvantur,
2885 4619 3127 4671 ostendit
3166 4634 3310 4671 nunc.
3353 4618 3501 4688 quod
3597 4663 3602 4668 .

1891 4729 2070 4784 neque
2099 4714 2152 4767 hi
2182 4720 2436 4780 pereunt,
2482 4726 2657 4780 neque
2682 4724 2950 4778 pauperes
2977 4725 3170 4764 omnes
3193 4709 3495 4763 salvantur.

181 4805 309 4859 οὕτε
343 4801 489 4860 οὗτοι
545 4805 902 4871 ἀπόλλυνται,
942 4803 1069 4858 οὔτε
1108 4807 1160 4858 oi
1211 4806 1445 4875 πένητες
1488 4805 1779 4873 σώζονται,

1891 4805 1999 4864 Sed
2053 4815 2109 4861 et
2157 4821 2224 4859 ex
2275 4805 2537 4858 divitibus
2573 4819 2713 4856 unus
2746 4803 3046 4856 assumitur
3097 4803 3151 4856 itt
3204 4817 3498 4857 occursum

179 4896 322 4952 ἀλλὰ
371 4899 466 4949 καὶ
511 4899 578 4950 ἐκ
621 4897 732 4950 τῶν
782 4897 1058 4951 πλουσίων
1086 4898 1114 4949 6
1149 4899 1249 4966 μὲν
1282 4898 1782 4969 παραλαμϐάνεται

180 4993 264 5054 είς
292 4990 606 5060 ἀπάντησιν
637 4988 732 5044 τοῦ
778 4991 992 5061 Κυρίου
1028 4990 1438 5061 ἁρπαζόμενος,
1471 4992 1546 5055 ὡς
1581 4993 1786 5062 κοῦφος

175 5081 257 5154 τῷ
299 5083 574 5152 πνεύματι
627 5083 726 5138 καὶ
757 5084 1029 5156 οὐράνιος,
1083 5086 1112 5137 6
1138 5085 1196 5136 δὲ
1236 5085 1456 5154 ἀφίεται
1519 5085 1672 5140 κάτω
1710 5085 1787 5149 ὼς

178 5178 535 5244 κατάκριτος.
577 5177 690 5230 Καὶ
738 5177 804 5230 ἐκ
841 5176 951 5229 τῶν
989 5177 1245 5246 πενήτων
1286 5178 1513 5248 ὁμοίως,
1567 5179 1662 5242 οὓς
1696 5179 1788 5233 διὰ

178 5274 240 5322 τὸ
273 5267 496 5340 ἀλήθειν
530 5269 831 5339 ἐσήμανεν,
880 5269 910 5322 6
947 5268 1048 5338 μὲν
1081 5269 1409 5339 σωθήσεται,
1443 5271 1472 5324 6
1498 5270 1556 5324 δὲ
1591 5271 1673 5324 οὗ.
1709 5271 1786 5324 Οὐ

177 5363 291 5431 γὰρ
319 5360 522 5424 πάντες
559 5361 789 5432 πένητες
814 5358 1046 5414 δίκαιοι·
1090 5365 1157 5416 ἐκ
1189 5363 1398 5418 τούτων
1441 5365 1548 5436 γὰρ
1578 5365 1628 5418 οἱ
1659 5364 1786 5418 κλέ-

179 5471 336 5518 πται,
371 5453 469 5506 καὶ
521 5452 962 5524 βαλαντιοτόμοι,
1017 5455 1106 5509 διὰ
1161 5456 1255 5510 τοῦ
1287 5456 1513 5528 ἀλήθειν
1542 5453 1648 5510 οὖν
1693 5459 1787 5510 τὸν

177 5548 441 5604 ἐπίπονον
488 5547 605 5619 βίον
655 5547 766 5602 τῶν
797 5550 1050 5621 πενήτων
1096 5550 1390 5619 ἐδήλωσεν.
1433 5551 1787 5623 Ἐρωτησάν-

175 5660 288 5697 των
320 5641 376 5694 δὲ
419 5641 531 5694 τῶν
564 5640 861 5712 μαθητῶν·
904 5643 1035 5708 Ποῦ,
1086 5643 1283 5713 Κύριε,
1324 5645 1786 5717 παραληφθήσονο

176 5752 268 5790 ut
301 5731 480 5804 sirm;
535 5735 664 5808 ἔφη,
703 5737 881 5791 Ὅπου
911 5742 972 5790 τὸ
1007 5738 1233 5811 πτῶμα,
1268 5741 1388 5794 ἐκεῖ
1418 5743 1513 5795 καὶ
1537 5743 1584 5795 ol
1611 5742 1786 5809 ἀετοὶ,

248 5919 296 5953 ⁸⁸
341 5917 528 5976 Matth.
586 5935 743 5986 χειν,
784 5921 876 5989 l7,
911 5919 1004 5976 l8.

1890 4901 2101 4956 Domini
2143 4908 2350 4969 raptus,
2387 4898 2542 4967 quasi
2593 4897 2726 4950 lcvis
2789 4896 2984 4964 spiritu
3028 4906 3083 4949 et
3123 4895 3409 4963 caelestis,
3444 4907 3501 4952 et

1887 4997 2029 5052 alius
2075 4995 2407 5064 relinquitur
2443 4991 2582 5046 infra
2622 5001 2680 5045 ut
2707 4991 3127 5046 condemnatus.
3160 4985 3226 5040 Et
3256 5001 3327 5046 ex
3357 5000 3499 5062 pan-

1886 5089 2109 5161 peribus
2158 5085 2438 5150 similiter,
2485 5101 2623 5154 quos
2673 5099 2771 5154 per
2821 5080 3090 5138 moientes
3137 5082 3493 5152 signiﬁcavit,

1889 5183 2146 5254 quoniam
2188 5195 2284 5249 per
2340 5178 2632 5250 pistrinum
2683 5175 3016 5231 laboriosam
3065 5189 3366 5244 pauperum
3421 5192 3497 5228 νι-

1887 5289 1995 5334 tatn
2023 5277 2288 5340 insinuat,
2322 5289 2463 5327 unus
2500 5272 2722 5340 quidem
2756 5269 3077 5332 salvabitur,
3126 5266 3268 5322 alius
3313 5279 3500 5323 autem

1885 5386 2017 5426 non.
2064 5368 2182 5424 Non
2212 5381 2402 5422 omnes
2437 5379 2707 5435 pauperes
2733 5363 2889 5432 justi.
2923 5362 3054 5416 Nam
3085 5376 3152 5416 ex
3190 5362 3297 5415 illis
3349 5362 3498 5417 tores

1888 5472 1941 5519 et
1976 5461 2378 5529 ntarsupiorum
2435 5460 2721 5512 itteisores.
2779 5455 2915 5511 Cum
2966 5465 3150 5511 autem
3212 5463 3500 5525 rogassent

1898 5553 2150 5622 discipuli
2185 5571 2197 5604 :
2233 5552 2375 5618 Quo,
2414 5550 2670 5613 Domino,
2729 5561 3081 5602 assumentur
3131 5547 3250 5602 illi?
3309 5548 3449 5606 dixit
3481 5565 3498 5601 :

1888 5645 1993 5702 Ubi
2039 5645 2293 5713 cadaver,
2352 5643 2462 5699 illic
2504 5655 2560 5698 et
2590 5643 2789 5714 aquilae
2828 5660 2842 5696 :
2879 5641 2984 5698 hoc
3032 5652 3138 5709 est,
3189 5642 3278 5698 ubi
3326 5639 3499 5696 Filius

1891 5739 2156 5808 hominis,
2185 5738 2296 5796 illic
2326 5750 2380 5797 et
2412 5738 2587 5797 sancti
2613 5737 2732 5808 ejus
2771 5735 2919 5794 leves
2972 5747 3026 5794 et
3056 5738 3113 5794 in
3137 5736 3369 5794 sublime
3403 5749 3498 5790 vo—
