4228 6428
723 395 826 457 999

1613 383 2196 445 THEDPHYLACTI
2236 378 2656 445 BULGARUE
2682 373 3046 437 ARCHIEP.

3847 363 3996 426 1000

720 503 937 558 lantes:
987 499 1126 554 sicut
1168 497 1478 568 peccatores
1511 510 1726 565 graves,
1780 495 1870 562 qui
1923 503 1976 547 et
2013 494 2151 548 infra
2210 510 2293 548 re-

2400 490 2699 552 τουτέστιν,
2735 489 2870 540 ὅπου
2902 485 2930 536 ὁ
2977 479 3107 542 Υἱὸς
3157 479 3251 532 τοῦ
3287 476 3608 550 ἀνθρώπου,
3641 477 3758 529 ἐκεῖ
3799 476 4014 528 πάντες

720 593 1054 661 linquentur.
1113 587 1245 641 Nam
1304 589 1446 642 sicut
1498 587 1713 654 jacente
1774 584 2306 649 cadavere,_omnes

721 685 1018 738 carnivora:
1051 682 1288 734 volucres
1329 680 1581 733 advolant
1615 696 1628 731 :
1666 679 1735 730 ita
1774 686 1824 730 et
1861 677 1946 730 ubi
1982 675 2150 730 Filius
2201 677 2303 730 ho-

723 776 885 828 minis
916 781 1130 841 propter
1157 786 1255 825 nos
1287 780 1558 835 mortuus,
1601 779 1654 822 et
1684 769 1734 820 in
1767 782 1951 821 casum
1983 768 2210 835 positus,
2241 768 2305 820 de

725 866 861 919 cmlo
898 867 1230 933 apparuerit,
1287 877 1475 917 omnes
1510 861 1683 914 sancti
1716 862 2214 928 congregabuntur,
2249 869 2304 912 et

724 958 824 1023 ipsi
858 953 1052 1022 angeli.
1099 954 1232 1007 Cum
1269 951 1372 1005 illis
1419 951 1600 1004 veniet
1627 949 1679 1002 in
1711 949 1881 1017 gloria
1913 949 2113 1014 Patris,
2163 958 2220 1002 et
2248 949 2301 1001 in

722 1049 1005 1115 Splendore
1034 1045 1297 1098 indicibili
1330 1061 1342 1096 :
1369 1043 1487 1096 licet
1521 1042 1663 1095 enim
1689 1052 1902 1108 tempus
1927 1041 2057 1093 illud
2088 1052 2293 1095 nocten.

722 1140 948 1199 vocarit,
1001 1151 1064 1189 eo
1114 1136 1256 1205 quod
1317 1134 1662 1201 repentinum
1698 1143 1750 1185 et
1809 1133 2172 1200 inopinatum,
2218 1132 2302 1185 vel

719 1233 841 1298 quia
876 1229 1112 1282 tenebris
1149 1226 1493 1279 involventur
1535 1232 1868 1291 peccatores,
1903 1223 2038 1275 dixit
2072 1241 2085 1276 :
2128 1221 2302 1276 Justis

723 1323 808 1372 lux
838 1323 1069 1382 orietur,
1095 1320 1203 1372 imo
1224 1327 1279 1370 et
1313 1319 1409 1384 ipsi
1435 1316 1715 1382 fulgebunt
1744 1317 1883 1367 sicut
1911 1314 2011 1368 sol.

2405 584 2455 636 οἱ
2501 583 2649 648 ἅγιοι
2675 581 2722 631 oi
2748 577 2941 644 κοῦφοι
2990 574 3085 627 καὶ
3110 572 3414 641 ὑψιπετεῖς,
3443 570 3518 632 ὼς
3541 569 3657 637 οἶγε
3684 567 4017 639 ἁμαρτωλοὶ

2406 675 2613 744 βαρεῖς,
2649 671 2729 724 διὸ
2753 669 2848 721 καὶ
2882 667 3033 720 κάτω
3068 665 3342 733 ἀφίενται.
3375 662 3588 732 Ὠσπερ
3619 660 3713 712 καὶ
3742 659 4015 729 σώματος

2402 762 2598 834 νεκροῦ
2646 759 2935 829 κειμένου.
2971 762 3172 818 πάντες
3209 757 3256 808 oi
3295 753 3627 822 σαρκοϐόροι
3673 751 3864 821 ὄρνεις
3919 750 4013 802 ἐπ’

2402 854 2534 907 αὐτὸ
2565 851 2846 921 φέρονται,
2877 847 3019 900 οὕτω
3047 846 3140 899 καὶ
3173 844 3269 897 τοῦ
3300 842 3432 896 Υίοῦ
3459 842 3553 895 τοῦ
3581 841 3879 910 ἀνθρώπου
3910 838 4014 891 τοῦ

2401 944 2468 998 δι’
2503 945 2650 1014 ἡμᾶς
2683 940 3072 1010 νεκρωθέντος,
3105 937 3200 989 καὶ
3229 936 3308 996 είς
3343 933 3551 986 πτῶσιν
3587 931 3874 1006 τεθέντος,
3906 928 4012 982 ἀπ’

2403 1037 2651 1106 ούρανῶν
2701 1034 2986 1104 φανέντος,
3043 1033 3241 1092 πάντες
3273 1031 3319 1081 ot
3353 1028 3499 1096 ἅγιοι
3537 1025 4011 1095 συναχθήσονται,

2404 1131 2501 1182 καὶ
2547 1130 2704 1182 αὐτοὶ
2751 1129 2801 1180 oi.
2847 1125 3068 1194 ἄγγελοι
3102 1140 3116 1154 ·
3159 1122 3274 1192 μετ’
3306 1121 3488 1175 αὐτῶν
3544 1118 3652 1186 γάρ
3692 1117 3906 1188 ἣξει-ἐν
3943 1116 4010 1182 τῇ

2406 1222 2533 1293 δόξῃ
2566 1221 2657 1274 τοῦ
2688 1219 2920 1288 Πατρὸς,
2949 1221 3043 1270 καὶ
3087 1219 3145 1268 ἐν
3174 1215 3402 1286 ἀρρήτῳ
3449 1212 3630 1285 αἴγλῃ.
3667 1212 3730 1263 El
3764 1210 3879 1278 γὰρ
3911 1208 4013 1260 καὶ

2401 1314 2573 1366 νύκτα
2589 1314 2840 1381 ὠνόμασε
2857 1311 2948 1362 τὸν
2983 1307 3170 1377 καιρὸν
3192 1309 3422 1370 ἐκεῖνον,
3444 1305 3579 1356 ἀλλά
3601 1303 3688 1354 διὰ
3710 1302 4011 1368 τὸίάπροσ.

719 1417 966 1482 δόκητον.
1012 1415 1104 1466 καὶ
1131 1413 1215 1465 διά
1243 1413 1302 1465 τὸ
1332 1415 1444 1473 τοῖς
1470 1410 1816 1480 ἁμαρτωλοῖς
1849 1408 2039 1478 μέλλον
2069 1407 2465 1478 προσγενέσθαι
2500 1408 2691 1471 σκότος
2714 1450 2729 1474 ,
2755 1407 2914 1459 τοῦτο
2953 1406 3142 1475 εῐρηκε
3162 1419 3175 1433 ·
3247 1403 3362 1464 τοῖς
3427 1399 3533 1470 γὰρ
3598 1398 3834 1458 δικαίοις
3890 1393 4013 1466 φῶς

719 1508 998 1577 ἁνατελεῖί,
1035 1507 1234 1578 μᾶλλον
1277 1506 1334 1558 δὲ
1370 1506 1458 1558 καὶ
1514 1504 1670 1556 αὐτοὶ⁹
1723 1502 2096 1572 ἐκλάμψουσιν
2141 1501 2214 1564 ὠς
2269 1501 2297 1552 6
2335 1499 2507 1571 ἥλιος.

1279 1637 1505 1693 CAPUT
1544 1636 1733 1691 XVIII.

2999 1630 3251 1684 ΚΕΦΑΛ.
3293 1629 3405 1681 ιιιν.

721 1755 870 1822 Quod
911 1754 1124 1807 assidue
1158 1752 1437 1804 orandum.
1477 1750 1548 1803 De
1579 1751 1776 1818 iujusto
1803 1750 2003 1820 judice.
2039 1749 2113 1804 De
2148 1748 2293 1803 Pha-

2408 1748 2545 1822 Περί
2575 1749 2680 1802 τοῦ
2709 1747 2809 1822 ἀεί
2827 1741 3469 1822 προσεῴμσθαιηηερὶ
3503 1739 4008 1822 ,τοῦπριτοῖξῆς

791 1830 939 1878 rimo
965 1838 1008 1877 et
1034 1824 1337 1890 publicano.
1371 1822 1443 1873 De
1464 1810 1715 1891 puerulis
1740 1810 1961 1889 quorum
1991 1832 2064 1874 est
2087 1837 2293 1891 regnum

2477 1810 2901 1891 ἀδικίας-.-Περὶ
2929 1817 3037 1891 τοῦ
3061 1810 3393 1891 Φαρισαίου
3420 1811 3523 1891 καί
3541 1810 3830 1891 relidit-qv:
3867 1812 4008 1890 Περὶ

788 1897 906 1949 Dei.
944 1897 1014 1946 De
1036 1889 1410 1960 interpellante
1439 1889 1728 1946 Christum.
1763 1892 1838 1945 De
1873 1892 2095 1959 leproso.

792 2141 952 2194 Vsus.
988 2139 1099 2194 1-8.
1145 2156 1162 2190 ι
1200 2137 1425 2193 Dicebat
1456 2146 1634 2194 autem
1664 2146 1717 2194 et
1750 2139 2058 2209 parabolam
2089 2140 2154 2194 ad
2181 2140 2301 2196 illos

719 2233 824 2284 huc
855 2238 1212 2298 spectantem,
1249 2230 1391 2298 quod
1425 2239 1704 2298 oporteret
1735 2244 1948 2298 semper
1982 2243 2140 2283 orare
2199 2243 2301 2283 nec

718 2324 1022 2389 defatigari,
1080 2321 1306 2375 dicens:
1346 2319 1512 2375 Iudex
1563 2323 1780 2391 quidam
1815 2331 1934 2376 erat
1977 2322 2028 2374 in
2062 2323 2312 2388 quadam.

716 2415 955 2476 civitate,
999 2413 1090 2478 qui
1147 2412 1311 2464 Deum
1343 2427 1448 2466 non
1481 2412 1729 2476 timebat,
1774 2426 1871 2464 nec
1904 2413 2174 2466 hominem
2216 2427 2300 2467 re-

715 2505 1028 2560 verebatur.
1059 2501 1228 2556 Vidua
1254 2513 1429 2557 autem
1457 2505 1701 2571 quaedam
1727 2513 1842 2556 erat
1870 2504 1920 2556 in
1944 2504 2161 2558 civitate
2189 2504 2300 2570 illa,

717 2607 772 2649 et
799 2596 1048 2650 veniebat
1079 2595 1144 2648 ad
1179 2610 1299 2648 eum
1344 2594 1528 2646 dicens
1559 2609 1573 2647 :
1601 2592 1828 2647 Vindica
1870 2608 1954 2648 me
1998 2594 2066 2647 de
2107 2595 2302 2648 adver-

2477 1889 2597 1942 τῶν
2626 1879 2898 1952 «diditur,
2933 1887 3020 1938 ὅτι
3049 1879 3251 1938 αὐτῶν
3277 1883 3450 1935 ἐστιν
3491 1883 3529 1948 ἠ
3567 1879 3867 1952 ,ϐασιλεία
3897 1880 4011 1952 τοῦ

2479 1960 2647 2014 Θεοῦ.
2699 1958 2836 2025 Περὶ
2883 1951 2989 2009 τοῦ
3027 1952 3526 2023 ἐπερωτήσαντος
3575 1952 3686 2005 τὸν
3724 1951 4006 2018 Ἰησοῦν.

2476 2029 2616 2098 Περὶ
2649 2029 2752 2083 τοῦ
2785 2026 3035 2094 λεπροῦ.

2479 2163 2497 2195 ι
2535 2143 2728 2211 Ἔλεγε
2757 2142 2813 2195 δὲ
2843 2139 3162 2212 παραϐολὴν
3193 2139 3384 2203 αὐτοῖς
3411 2137 3549 2209 πρὸς
3576 2137 3637 2190 τὸ
3664 2138 3776 2192 δεῖν
3803 2137 4011 2200 αὐτοὺς

2402 2239 2635 2290 πάντοτε
2702 2233 3124 2305 προσεύχεσθαι,
3189 2234 3283 2286 καὶ
3336 2234 3413 2302 μὴ
3451 2234 3734 2295 ἐκκακεῖν,
3791 2231 4005 2299 λέγων·

2404 2331 2600 2402 κριτής
2622 2345 2705 2391 τις
2733 2324 2801 2398 ἦν
2838 2326 2894 2380 ἔν
2920 2344 3028 2380 τινι
3051 2327 3203 2379 πόλει
3238 2326 3330 2379 τὸν
3360 2324 3493 2378 Θεὸν
3533 2325 3608 2394 μὴ
3637 2323 4008 2391 φοϐούμενος,

2403 2427 2495 2477 καὶ
2543 2423 2831 2491 ἄνθρωπον
2890 2421 2965 2490 μὴ
2998 2419 3417 2489 ἐντρεπόμενος.
3461 2419 3621 2488 Χήρα
3649 2416 3706 2468 δέ
3732 2433 3816 2478 τις
3843 2411 3913 2486 ἦν
3951 2418 4010 2468 ἐν

2402 2516 2585 2586 ἐκείνῃ
2636 2517 2703 2583 τῇ
2751 2513 2925 2572 πόλει,
2977 2511 3073 2565 καὶ
3107 2512 3304 2581 ἡρχετο
3342 2511 3481 2579 πρὸς
3529 2508 3695 2563 αὑτὸν
3743 2509 4004 2576 λέγουσα,

2413 2607 2730 2679 Ἐκδίκησόν
2751 2623 2817 2676 με
2847 2605 2957 2658 ἀπὸ
2989 2604 3084 2657 τοῦ
3114 2603 3387 2656 ἀντιδίκου
3427 2618 3551 2666 μου.
3590 2602 3703 2654 Καὶ
3733 2601 3837 2653 οὐκ
3870 2601 4004 2670 nos-

715 2689 858 2742 sario
893 2702 1030 2741 meo.
1083 2686 1147 2740 Et
1181 2686 1395 2740 nolebat
1442 2685 1774 2754 aliquandiu.
1810 2684 1938 2740 Post
1975 2687 2088 2741 hazc
2115 2699 2293 2743 autem

2399 2701 2563 2773 λησεν
2592 2701 2683 2753 ἐπὶ
2711 2699 2921 2770 χρόνον.
2951 2699 3105 2752 Μετά
3117 2697 3176 2750 δὲ
3205 2695 3377 2749 ταῦτα
3412 2691 3568 2749 εἶπεν
3597 2698 3655 2748 ἐν
3687 2694 3891 2763 ἐαυτῷο
3943 2694 4005 2746 Εί

716 2782 853 2836 dixit
898 2782 1038 2834 intra
1091 2794 1149 2833 se
1182 2795 1196 2832 :
1233 2780 1553 2847 Quanquam
1605 2779 1770 2832 Deum
1808 2795 1914 2833 non
1964 2780 2150 2847 timeo,
2202 2796 2293 2836 nec

2402 2794 2498 2847 xui
2523 2795 2613 2847 τὸν
2639 2793 2771 2846 Θεὸν
2795 2793 2856 2845 οὐ
2890 2789 3188 2861 φοϐοῦμαι,
3222 2789 3317 2842 καὶ
3348 2788 3640 2857 ἄνθρωπον
3669 2787 3770 2839 οὐκ
3808 2786 4006 2857 ἐντρέέ

715 2871 985 2926 hominem
1039 2883 1309 2960 revereor,
1340 2869 1341 2872 “
1371 2877 1549 2922 tamen
1603 2870 1728 2938 quia
1783 2871 2011 2926 molesta
2043 2880 2128 2927 est
2172 2873 2293 2927 mihi

2404 2904 2599 2958 πομαι,
2620 2886 2709 2940 διά
2727 2903 2792 2953 γε
2820 2884 2880 2936 τὸ
2905 2881 3166 2953 παρέχειν
3197 2898 3286 2950 μοι
3312 2881 3515 2943 κόπους
3541 2879 3642 2951 τὴν
3669 2879 3846 2948 χήραν
3869 2878 4007 2931 ταύ-

714 2963 827 3017 haec
863 2964 1043 3024 vidua,
1080 2962 1366 3015 vindicabo
1399 2961 1572 3026 illam,
1607 2976 1676 3034 ne
1710 2963 1921 3016 tandem
1947 2965 2173 3019 veniens
2203 2980 2293 3018 su-

2401 2994 2522 3047 την,
2575 2976 2855 3046 ἐκδικήσω
2897 2973 3089 3043 αὐτὴν,
3149 2972 3235 3025 ῐνα
3269 2970 3345 3042 μὴ
3393 2973 3474 3034 είς
3530 2970 3689 3034 τέλος
3723 2971 4003 3040 ἐρχομένη

713 3054 864 3125 εἱῐιει
914 3070 1020 3108 me.
1055 3054 1142 3107 Ait
1172 3065 1352 3108 autem
1387 3053 1650 3109 Dominus
1683 3072 1697 3107 :
1741 3055 1938 3110 Audite
1976 3057 2103 3122 quid
2132 3056 2293 3125 judex

2404 3069 2676 3140 ύποπιέζῃ
2708 3085 2795 3137 με.
2819 3062 2959 3120 Εἷπε
2979 3065 3034 3119 δὲ
3062 3066 3089 3116 6
3113 3064 3337 3134 Κύριος·
3366 3063 3664 3118 Ἀκούσατε
3695 3064 3790 3118 τίὸ
3807 3065 4008 3136 κριτὴς

715 3147 934 3215 iniquus
964 3147 1126 3199 dicat.
1161 3145 1300 3200 Deus
1327 3151 1505 3209 autem
1533 3159 1640 3199 non
1673 3144 1836 3200 faciet
1865 3145 2156 3205 vindictam
2184 3147 2293 3203 ele-

2400 3160 2499 3230 τῆς
2535 3160 2749 3221 ἀδικίας
2780 3157 2966 3226 λέγει·
2994 3158 3022 3210 6
3059 3155 3116 3209 δὲ
3153 3155 3287 3218 Θεὸς
3315 3155 3375 3208 ού
3417 3154 3492 3224 μὴ
3527 3158 3732 3225 ποιήσῃ
3767 3154 3871 3224 τὴν
3905 3155 4006 3208 ἐκ·

711 3248 924 3292 ctorum
949 3253 1167 3310 suorum
1194 3237 1541 3293 clamantium
1575 3238 1641 3312 ad
1669 3253 1730 3293 se
1755 3239 1840 3293 die
1863 3253 1924 3294 ac
1947 3248 2104 3294 nocte
2130 3241 2293 3294 etiam

2401 3254 2614 3322 δίκησιν
2643 3251 2751 3305 τῶν
2782 3249 3057 3304 ἐκλεκτῶν
3103 3248 3270 3302 αὑτοῦ
3305 3246 3698 3316 τῶνβοώντων
3728 3248 3869 3316 πρὸς
3903 3263 4007 3300 αυ-

713 3349 834 3388 cum
858 3333 1068 3401 patiens
1095 3331 1258 3386 fuerit
1277 3346 1442 3402 super
1468 3332 1612 3387 illis?
1637 3333 1766 3388 Dico
1795 3335 1949 3389 vobis
1976 3334 2119 3404 quod
2141 3334 2293 3389 faciet

2401 3345 2490 3398 τὸν
2519 3342 2853 3414 ήμέραςκαὶ
2876 3341 3096 3406 νυκτὸς,
3129 3339 3222 3392 καὶ
3248 3339 3628 3410 μακροθυμῶν
3658 3337 3747 3390 ἐπ’
3775 3339 4003 3401 αὑτοῖςς

712 3425 1003 3478 vindictam
1029 3425 1243 3476 illorum
1273 3425 1400 3477 cito.
1436 3422 1633 3476 Verum
1655 3433 1835 3478 tamen
1865 3423 2032 3479 Filius
2064 3424 2293 3478 hominis

2400 3436 2543 3502 λέγω
2570 3435 2721 3503 ὑμῖν,
2750 3435 2833 3486 ὅτι
2852 3433 3068 3503 ποιήσει
3097 3431 3199 3500 τὴν
3224 3431 3506 3502 ἐκδίκησιν
3531 3430 3710 3484 αὐτῶν
3734 3433 3793 3483 ἐν
3820 3431 4004 3499 τάχει.

711 3527 834 3570 cum
868 3514 1094 3580 venerit,
1149 3531 1214 3567 an
1269 3522 1585 3584 reperturus
1629 3524 1711 3569 est
1742 3514 1899 3569 fidem
1937 3516 1988 3568 in
2031 3515 2214 3569 terra?
2265 3534 2283 3566 ι

713 3608 1006 3678 Ροειιιιωηι
1057 3608 1385 3661 mentionem
1436 3607 1566 3661 fecit
1609 3605 1960 3662 amictionum
1997 3619 2051 3662 et
2079 3609 2294 3676 pericu—

713 3705 913 3766 lorum,
969 3717 1110 3756 mmc
1166 3702 1349 3755 subdit
1399 3699 1670 3770 quomodo
1723 3701 1777 3755 in
1837 3701 1946 3756 illis
2001 3701 2290 3756 salvemur.

710 3796 986 3849 Curantur
1027 3795 1170 3846 enim
1217 3794 1463 3847 oratione
1512 3803 1896 3861 perseverante
1927 3802 1982 3848 et
2031 3794 2292 3849 sollicita.

711 3888 844 3941 Nam
883 3891 1113 3938 ventura
1161 3868 1288 3936 sunt
1334 3884 1448 3937 hac
1490 3886 1704 3937 omnia.
1729 3883 1997 3938 Caeterum
2023 3900 2290 3954 magnum

711 3980 973 4035 auxilium
1006 3979 1058 4030 in
1097 3976 1182 4030 his
1215 3975 1319 4029 fert
1350 3975 1614 4043 precatio,
1647 3975 1805 4028 modo
1832 3989 2198 4044 perseverans
2223 3975 2298 4030 sit

708 4081 762 4127 et
792 4073 1072 4127 continua.
1101 4068 1324 4137 Oportet
1352 4067 1498 4121 enim
1523 4081 1621 4120 nos
1648 4067 1996 4121 considerare
2023 4068 2297 4137 quomodo

708 4165 893 4232 injusti
942 4163 1141 4233 judicis
1179 4160 1534 4230 pertinaciam
1569 4156 1735 4229 532
1787 4158 2050 4213 sedulitas
2115 4159 2293 4215 vidua

709 4253 954 4322 fregerit.
1006 4249 1065 4304 Si
1137 4251 1281 4303 enim
1335 4247 1482 4300 illum
1522 4249 1667 4301 omni
1724 4247 1930 4301 malitia
2000 4247 2292 4319 repletum,

708 4359 885 4412 neque
916 4346 1083 4396 Deum
1133 4356 1310 4403 neque
1340 4339 1589 4392 homines
1637 4350 1998 4402 reverentem,
2032 4355 2291 4410 perseve-

2401 3528 2549 3596 Πλὴν
2577 3529 2604 3580 6
2640 3526 2767 3589 Υἱὸς
2796 3526 2891 3578 τοῦ
2933 3523 3226 3596 ἀνθρώπου
3284 3522 3458 3575 ἐλθὼν
3490 3516 3601 3592 ἆρα
3634 3521 3863 3592 εὑρήσει
3903 3522 4006 3592 τὴν

2397 3621 2580 3674 πίστιν
2610 3620 2701 3672 ἐπὶ
2727 3620 2823 3690 τῆς
2852 3619 2957 3688 γῆς
2982 3635 2997 3684 ;
3041 3637 3060 3669 ι
3100 3617 3318 3688 Ἐπειδὴ
3350 3616 3582 3687 θλίψεων
3605 3617 4003 3685 ἐμνημόνευσε

2399 3714 2494 3767 καὶ
2528 3711 2812 3776 κινδύνων,
2855 3691 3107 3782 ἐπιφέρει
3157 3712 3251 3764 καὶ
3279 3710 3377 3780 τὴν
3425 3709 3723 3782 θεραπείαν
3762 3711 4002 3775 τούτων,

2395 3805 2429 3875 ἡ
2462 3805 2518 3858 δέ
2543 3807 2692 3857 ἐστιν
2753 3805 2786 3874 ἡ
2837 3803 3137 3875 προσευχὴ,
3188 3804 3281 3856 καὶ
3325 3803 3423 3872 ούχ
3468 3802 3654 3865 ἀπλῶς
3691 3804 4000 3874 προσευχὴ,

2397 3894 2512 3949 ἀλλ’
2549 3895 2807 3965 ἐπίμονος
2873 3896 2968 3950 καὶ
3035 3895 3520 3966 μεμεριμνημένη.
3573 3895 3848 3949 Μέλλουσι
3897 3898 4001 3966 μὲν

2398 3985 2528 4058 γὰρ,
2563 3986 2720 4056 φησὶ,
2753 3985 2928 4038 ταῦτα
2959 3987 3140 4039 πάντα
3179 3990 3291 4048 τοῖς
3320 3988 3441 4038 τότε
3475 3987 3825 4057 συμϐαινειν,
3859 3987 4003 4042 ἀλλὰ

2399 4078 2574 4147 μέγας
2609 4076 2802 4146 βοηθὸς
2835 4077 2972 4147 πρὸς
3003 4076 3178 4130 ταῦτα
3209 4079 3241 4146 ἡ
3276 4076 3576 4148 προσευχὴ,
3613 4079 3680 4147 ἢν
3712 4080 4000 4146 ἐπιμόνως

2399 4170 2493 4222 καὶ
2519 4165 2759 4238 συνεχῶς
2790 4168 3060 4223 ποιεῖσθαι
3081 4169 3163 4222 δεῖ
3200 4171 3346 4240 ἡμᾶς
3382 4169 3719 4233 ἐννοοῦντας,
3754 4171 3874 4233 πῶς
3906 4174 4002 4223 τὸν

2397 4260 2593 4331 κριτὴν
2640 4261 2740 4330 τῆς
2785 4260 3002 4324 ἀδικίας
3036 4262 3069 4331 ή
3112 4262 3208 4330 τῆς
3253 4261 3430 4332 χήρας
3465 4261 3794 4333 προσεδρεία
3828 4281 3999 4316 κατε-

2394 4351 2737 4422 δυσώπησεν.
2774 4354 2834 4406 El
2863 4353 2971 4424 γὰρ
2998 4353 3188 4406 τοῦτον
3214 4352 3305 4406 τὸν
3338 4354 3520 4423 πάσης
3551 4354 3749 4414 κακίας
3783 4357 4001 4428 πεπλη-

713 4440 883 4489 rautis
922 4433 1098 4486 oratio
1149 4429 1400 4483 demulsit
1432 4446 1445 4482 :
1487 4437 1691 4498 quanto
1727 4430 1900 4498 magis
1941 4446 2039 4485 nos
2071 4430 2288 4488 Patrem

2400 4435 2663 4515 ρωμένον,
2697 4447 2791 4499 καὶ
2822 4445 2959 4517 πρὸς
2993 4446 3126 4498 Θεὸν
3186 4447 3278 4498 καὶ
3315 4445 3453 4517 πρὸς
3504 4447 3830 4518 ἀνθρώπους
3886 4450 4000 4503 ἀπ-

709 4526 1099 4584 misericordire
1140 4523 1305 4576 Deum
1353 4521 1418 4574 ad
1453 4521 1858 4577 miserationem
1913 4524 2288 4592 movebimus,

2410 4537 2843 4608 αναιδεσάμενον
2897 4538 3226 4610 ήκαρτερία
3260 4539 3526 4609 ἐμάλαξε,
3581 4543 3734 4611 πόσῳ
3793 4545 4000 4612 μᾶλλον

708 4620 922 4675 etiamsi
980 4625 1263 4670 cunctetur
1312 4612 1597 4666 nonnihil?
1653 4610 1784 4668 Vide
1833 4623 2014 4669 autem
2072 4617 2293 4685 majoris

2399 4632 2560 4700 ἡμεῖς
2587 4630 2677 4683 τὸν
2716 4631 2929 4701 πατέρα
2956 4630 3050 4684 τοῦ
3085 4631 3268 4694 ἐλέους
3293 4632 3426 4684 Θεὸν
3449 4633 3548 4702 οὐχ
3578 4610 3885 4705 ἐλκύσομεν
3917 4638 4000 4696 είς

710 4713 927 4767 malitia:
983 4709 1242 4763 indicium
1294 4720 1434 4767 esse,
1498 4721 1670 4773 neque
1723 4707 1978 4762 homines
2032 4712 2290 4766 revereri.

2398 4717 2600 4787 οἶκτον,
2628 4721 2732 4775 κᾶν
2767 4720 3097 4793 μακροθυμῇ
3132 4722 3269 4793 πρὸς
3319 4723 3382 4774 τὸ
3415 4724 3625 4792 παρόν;
3660 4725 3807 4796 "Ops
3829 4727 3886 4778 δὲ
3915 4729 3998 4781 ὅτι

708 4804 876 4858 Deum
913 4804 1054 4855 enim
1090 4799 1242 4853 multi
1278 4812 1383 4850 non
1413 4798 1625 4860 timent,
1653 4806 1892 4853 attamen
1927 4801 2174 4856 homines
2208 4818 2292 4859 re.

2398 4814 2456 4864 τὸ
2507 4813 2642 4883 μηδέ
2696 4813 3020 4882 ἀνθρώπους
3073 4812 3431 4883 αἰσχύνεσθαι
3489 4814 3733 4888 χείρονος
3791 4819 3995 4882 κακίας

707 4904 987 4955 verentur,
1021 4893 1140 4945 ideo
1175 4900 1227 4943 et
1260 4891 1438 4943 minus
1468 4899 1694 4958 peccant
1729 4905 1744 4943 :
1781 4892 1998 4960 quando
2028 4904 2204 4948 autem
2237 4907 2291 4950 et

2398 4904 2616 4974 δεῖγμα·
2646 4905 2737 4957 τὸν
2769 4905 2869 4972 μὲν
2900 4904 3007 4972 γὰρ
3043 4904 3177 4957 Θεὸν
3203 4905 3386 4959 πολλοὶ
3415 4907 3476 4959 ού
3500 4907 3824 4976 φοϐοῦνται,
3857 4910 3993 4984 πλὴν

705 4986 849 5057 apud
909 4985 1157 5038 homines
1198 4983 1321 5052 quis
1375 4983 1658 5052 impudens
1714 4983 1899 5049 fuerit,
1957 4994 2084 5040 tunc
2116 4989 2292 5044 omnis

2398 4993 2510 5046 ἀλλ’
2541 4994 2865 5065 ἀνθρώπους
2911 4995 3284 5064 αἰσχύνονται,
3311 4997 3392 5050 διὸ
3420 5001 3512 5052 καὶ
3535 4995 3702 5071 ἧττον
3740 4983 3998 5074 ἁμαρτά.

705 5081 922 5134 malitia:
973 5085 1156 5130 vertex
1200 5076 1433 5129 videtur.
1483 5075 1686 5130 Idcirco
1715 5085 1770 5129 et
1803 5077 2059 5134 Dominus
2103 5091 2289 5149 postea

704 5174 909 5242 posuit,
944 5185 1116 5236 neque
1150 5169 1419 5221 hominem
1453 5182 1729 5234 reverens,
1758 5172 1914 5239 quasi
1946 5171 2049 5226 hoc
2080 5174 2287 5243 dicens,

699 5265 871 5318 Iudex
905 5271 1022 5316 erat
1076 5261 1244 5314 Deum
1303 5277 1406 5314 non
1443 5262 1661 5327 timens,
1713 5273 1766 5316 et
1811 5265 1939 5332 quid
1985 5265 2110 5320 dico
2142 5269 2287 5339 quod

700 5358 868 5413 Deum
917 5371 1020 5409 non
1080 5355 1359 5408 timuerit?
1401 5355 1579 5422 majus
1626 5357 1844 5411 malitia:
1897 5359 2159 5414 indicium
2189 5363 2286 5415 ha-

699 5450 835 5512 bnit,
863 5447 988 5515 quia
1032 5461 1206 5512 neque
1245 5445 1520 5498 hominem
1569 5449 1939 5501 reverebatur.
1969 5448 2140 5503 Porro
2172 5451 2287 5507 haec

700 5542 952 5612 paratiola
984 5556 1083 5594 nos
1113 5542 1284 5601 docet,
1314 5540 1456 5608 quod
1482 5554 1625 5609 szrpe
1654 5540 1886 5598 dicimus
1916 5544 2060 5598 inter
2085 5544 2287 5600 exhor-

699 5636 939 5696 tandum,
1006 5649 1072 5687 ne
1124 5634 1480 5701 defatigemur
1540 5635 1591 5686 in
1644 5635 1913 5703 precibus.
1952 5639 2093 5694 Sane
2143 5641 2287 5696 sicut

697 5730 819 5783 alibi
853 5728 981 5782 dicit
1017 5745 1029 5780 :
1065 5727 1199 5790 Quis
1233 5741 1468 5780 vestrum
1522 5729 1757 5782 amicum
1801 5729 2029 5796 habens,
2058 5741 2113 5786 et
2159 5749 2282 5788 cum

697 5821 902 5877 venerit
943 5829 997 5874 et
1043 5817 1342 5889 pulsaverit
1391 5831 1574 5890 nocte,
1613 5823 1766 5878 illum
1830 5824 2134 5893 rejecturus
2165 5826 2283 5883 est?

2394 5103 2594 5142 νουσιν.
2632 5089 2801 5142 Ὅταν
2832 5089 2889 5142 δὲ
2922 5091 3016 5143 καὶ
3065 5091 3204 5160 πρὸς
3237 5091 3564 5161 ἀνθρώπους
3608 5094 3995 5166 ἀπαναισχυνο

2390 5183 2574 5252 τήσειέ
2606 5200 2713 5251 τις,
2757 5184 2992 5238 ἐνταῦθα
3040 5187 3141 5255 ἢδη
3177 5187 3273 5256 τῆς
3314 5189 3512 5250 κακίας
3541 5190 3574 5258 ή
3625 5194 3872 5261 κορυφή.
3904 5194 3994 5245 Διὸ

2391 5276 2486 5325 καὶ
2518 5274 2546 5324 6
2581 5273 2786 5344 Κύριος
2835 5273 3064 5344 ὕστερον
3095 5277 3308 5329 τέθεικε
3341 5278 3423 5342 τὸ,
3457 5277 3750 5349 ἄνθρωπον
3785 5283 3867 5351 μὴ
3903 5283 3977 5334 ὲν-

2389 5367 2748 5436 τρεπόμενος,
2796 5367 3005 5421 ὡσανεὶ
3053 5368 3212 5422 τοῦτο
3260 5369 3472 5437 λέγων·
3508 5372 3631 5423 Ὅτι
3673 5375 3873 5446 κριτὴς
3920 5371 3985 5447 ἦν

2388 5460 2481 5511 τὸν
2514 5459 2648 5512 Θεὸν
2683 5458 2758 5531 μὴ
2795 5459 3150 5530 φοϐούμενος,
3183 5463 3276 5515 καὶ
3304 5463 3356 5514 τί
3395 5463 3538 5530 λέγω
3564 5463 3750 5526 τοῦτο,
3787 5467 3871 5519 ὅτι
3899 5469 3983 5520 τὸν

2389 5552 2520 5604 Θεὸν
2551 5554 2650 5606 ούκ
2704 5554 2988 5622 ἐφοϐεῖτο;
3039 5555 3098 5608 τὸ
3138 5555 3322 5626 μεῖζον
3354 5553 3468 5628 εἶχε
3507 5557 3712 5628 δεῖγμα
3744 5560 3850 5629 τῆς
3891 5580 3984 5614 κα-

2384 5645 2533 5708 κίας,
2553 5645 2651 5699 ’ὅτι
2677 5645 2803 5698 οὐδὲ
2829 5648 3117 5717 ἄνθρωπον
3146 5649 3431 5720 ᾐσχύνετο.
3467 5650 3655 5703 Ταῦτα
3689 5651 3791 5722 μὲν
3833 5653 3925 5706 οὖν
3954 5656 3981 5724 ή

2389 5736 2674 5808 παραϐολὴ
2702 5739 2851 5808 ἡμᾶς
2888 5738 3153 5804 διδάσκει,
3177 5741 3250 5802 ώς
3285 5740 3548 5804 πολλάκις
3579 5742 3838 5812 εἴπομεν,
3865 5761 3980 5797 νου-

2389 5828 2620 5885 θετοῦσα
2656 5832 2731 5902 μὴ
2764 5833 3022 5889 ἐκκακεῖν
3048 5834 3105 5886 ἐν
3134 5835 3254 5899 ταῖς
3282 5837 3635 5907 προσευχαῖς,
3670 5835 3865 5912 ὥσπερ
3893 5837 3971 5894 οὖν
