4228 6428
243 403 380 470 1001

902 399 1352 462 ENARRATIO
1394 401 1476 463 IN
1520 397 2031 465 EVANGELIUM
2085 397 2319 461 LUC.E.
2353 425 2422 436 --
2444 399 2603 461 CAP.
2648 399 2870 461 XVIII.

3400 399 3537 466 1009

209 525 309 575 καὶ
335 514 573 586 ἀλλαχοῦ
623 513 748 583 ἔφη·
777 513 872 575 Τίς
898 515 960 578 ἐξ
983 512 1140 585 ὑμῶν
1173 513 1328 584 φίλον
1357 513 1523 584 ἔχων,
1558 501 1686 566 εἶτά
1725 511 1817 564 ἑλ-

1929 511 2060 566 Nam
2083 520 2306 583 propter
2328 510 2724 582 impudentiam
2746 509 2889 579 ejus,
2913 509 2957 565 si
2985 524 3090 563 non
3115 520 3339 581 propter
3362 513 3535 578 aliud,

208 613 376 665 οόντα
416 613 510 664 καὶ
539 607 808 678 κρούοντα
834 605 1029 668 νυκτὸς
1073 606 1504 676 ἀποπέμψεταις
1564 609 1664 660 Διά
1707 604 1818 676 γὰρ

206 703 314 773 τὴν
362 702 639 754 ἀναίδειαν
684 697 870 762 αὑτοῦ,
921 698 968 750 εί
1000 699 1074 767 μὴ
1114 698 1182 749 δι’
1208 697 1362 752 οὐδὲν
1417 697 1549 752 ἄλλο
1586 696 1815 761 ἀνοίξει.

206 794 516 856 Καὶπάλιν
537 809 550 821 ’
587 809 607 844 ε
641 792 738 855 Τίς
789 791 847 858 ἐξ
877 791 1050 862 ὑμῶν,
1085 791 1144 844 δν
1177 790 1273 845 ἐὰν
1299 793 1328 845 6
1360 791 1474 856 υίὸς
1503 791 1674 845 αὑτοῦ
1725 791 1818 844 al-

206 890 356 962 τήσῃ
381 885 569 957 ἄρτον,
611 904 631 939 ι
667 885 763 939 καὶ
791 885 860 938 τὰ
889 883 1040 950 ἑξῆς.
1072 882 1174 937 Διά
1205 883 1415 939 τούτων
1445 883 1554 956 γὰρ
1593 885 1816 938 πάντων

205 985 311 1054 τὴν
340 983 580 1051 ἔμμονον
607 976 806 1051 σχολὴν
835 981 906 1032 ,ἐν
941 980 1062 1042 ταῖς
1091 980 1428 1048 προσευχαῖς
1458 979 1594 1048 ἡμῖν
1621 977 1815 1031 ὑποτί-

207 1077 383 1129 θεται.
424 1074 833 1145 Ἐπειράθησαν
859 1072 915 1125 δέ
942 1089 1088 1135 τινες
1119 1073 1544 1143 περιεργότερον
1575 1075 1676 1141 τὴν
1707 1059 1820 1124 πα-

210 1170 446 1242 ραϐολὴν
477 1169 686 1236 ταύτην
722 1164 1080 1225 minacem.
1110 1165 1208 1217 καὶ
1243 1165 1551 1216 ἀπεικάσαι
1581 1164 1820 1235 ὲτύλμη·

206 1281 310 1316 σαν
343 1266 410 1332 τῇ
439 1259 695 1330 ἀληθείᾳ,
732 1260 890 1327 Χήρα
923 1257 1045 1328 μὲν,
1080 1257 1314 1326 ἔφασαν,
1341 1257 1461 1309 ἐστὶ
1490 1258 1640 1310 πᾶσα
1663 1257 1812 1328 ψυχὴ

201 1356 299 1407 τὸν
327 1354 496 1425 ἄνδρα
536 1351 888 1406 ἀποϐαλοῦσα
919 1348 1114 1418 αὐτῆς,
1145 1348 1205 1402 ὃν
1239 1345 1354 1418 εἶχε
1391 1349 1556 1420 πρὸτε
1568 1367 1682 1420 ρον,
1718 1349 1812 1402 τὸν

203 1447 456 1501 διάϐολον
483 1445 650 1514 φημὶ,
681 1445 774 1497 καὶ
803 1443 892 1496 διὰ
922 1442 1084 1496 τοῦτο
1114 1441 1390 1495 ἀντίδικον
1420 1442 1583 1494 αὑτὸν
1610 1441 1813 1513 ἔχουσα

205 1540 298 1592 ἀεὶ
329 1537 713 1608 ἐπιτιθέμενον
752 1537 915 1604 αύτῇο
967 1537 1000 1604 ἡ
1048 1534 1106 1587 δὲ
1155 1531 1522 1604 προσέρχεται
1569 1531 1646 1604 τῷ
1690 1532 1812 1603 Θεῷ

205 1634 374 1703 κριτῇ
413 1631 514 1700 τῆς
567 1628 804 1694 ἀδικίας,
861 1627 1139 1690 τουτέστι,
1175 1627 1253 1697 τῷ
1284 1627 1674 1697 κατακρίνοντι
1709 1628 1812 1692 τὴν

201 1725 449 1790 ἀδικίαν,
483 1724 541 1786 ὃς
572 1721 694 1775 οὔτε
726 1722 861 1774 Θεὸν
900 1721 1172 1791 φοϐεῖται.
1199 1721 1374 1785 Αὐτὸς
1402 1723 1513 1792 γὰρ
1543 1721 1677 1785 Θεὸς
1715 1722 1811 1790 μό-

201 1833 318 1878 νος,
352 1817 448 1868 καὶ
498 1815 598 1868 οὐκ
631 1815 746 1884 ἔχει
781 1813 843 1867 δν
873 1813 1252 1884 φοϐηθήσεται
1290 1814 1502 1885 ἕτερον·
1538 1815 1655 1868 ἀλλ’
1684 1813 1810 1868 οὔτε

1929 603 2158 673 aperiet.
2216 604 2282 658 Et
2323 604 2523 658 iterum
2559 619 2572 655 :
2616 621 2634 655 ι
2670 601 2806 669 Quis
2850 616 2914 655 ex
2950 602 3142 668 vobis,
3172 619 3201 656 ιι
3233 616 3344 673 quo
3391 601 3435 657 si
3480 603 3540 657 ﬁ-

1929 695 2035 751 lius
2087 696 2206 766 ejus
2256 709 2450 765 panem
2503 702 2676 765 petat,
2703 703 2814 748 etc.
2885 711 2904 744 ι
2944 691 3155 758 Quibus
3203 692 3438 746 sollicita
3477 707 3541 745 ac

1928 797 2190 859 perpstua
2220 789 2398 841 oratio
2443 787 2843 858 praescribitur.
2883 786 2951 838 At
3005 792 3284 838 tentarunt
3318 785 3541 854 quidam

1928 881 2242 950 pxrabolam
2299 879 2443 933 hanc
2505 878 2781 934 curiosius
2835 892 3153 945 exponere,
3210 887 3266 930 et
3319 877 3540 942 veritati

1925 987 2251 1042 comparare
2320 982 2448 1028 sunt
2510 973 2630 1028 ausi
2690 971 2787 1041 (α).
2834 969 3064 1026 Viduam
3141 971 3287 1025 enim
3349 972 3541 1027 dicunt

1926 1081 2146 1120 omnem
2177 1066 2416 1120 animam
2445 1081 2589 1128 esse.
2632 1066 2812 1119 virum
2850 1077 3034 1120 autem
3069 1066 3348 1126 dimisisse
3379 1083 3539 1137 quem

1927 1160 2081 1228 prius
2115 1160 2328 1225 habuit,
2365 1159 2644 1215 diabolum
2681 1181 2693 1216 :
2746 1172 2798 1216 et
2834 1170 3060 1232 propter
3110 1161 3213 1214 hoc
3258 1161 3406 1214 illutn
3441 1162 3540 1215 ha-

1927 1253 2018 1306 bet
2050 1239 2428 1306 adversarium
2466 1269 2683 1324 semper
2719 1256 3071 1311 resistentem
3122 1255 3248 1308 sibi.
3287 1253 3404 1325 Ipsa
3439 1271 3542 1309 au-

1926 1353 2037 1400 tem
2073 1345 2289 1420 accedit
2320 1346 2387 1400 ad
2425 1345 2592 1400 Deum
2624 1347 2872 1415 judicem
2929 1348 3236 1417 injustitite.
3277 1347 3385 1402 hoc
3432 1359 3537 1406 est.

1921 1438 2383 1494 condemnantem
2421 1440 2769 1506 iujustitiam,
2821 1441 2912 1510 qui
2952 1456 3128 1510 neque
3159 1441 3329 1496 Deum
3364 1441 3537 1496 timet.

1922 1534 2039 1605 Ipse
2068 1533 2216 1589 enim
2250 1532 2394 1589 Deus
2421 1536 2574 1588 solus
2603 1548 2710 1588 non
2743 1534 2908 1589 habet
2941 1550 3102 1604 quem
3130 1535 3320 1588 timeat
3349 1535 3539 1600 alium,

1921 1631 2014 1684 sed
2035 1642 2215 1699 neque
2242 1626 2518 1689 hominem
2549 1639 2871 1694 reveretur;
2902 1627 3042 1682 Deus
3067 1632 3210 1682 enim
3243 1644 3538 1699 personam

1924 1720 2162 1774 hominis
2213 1734 2322 1772 non
2375 1719 2565 1789 recipit
2591 1718 2659 1771 ⁸³.
2698 1719 2836 1772 lluic
2869 1718 3064 1784 viduae,
3097 1734 3219 1789 qua:
3253 1721 3381 1773 dum
3417 1733 3542 1775 orat

1921 1813 2200 1868 continuis
2235 1814 2495 1880 precibus
2532 1823 2755 1883 propter
2787 1813 3171 1868 adversarium
3228 1829 3384 1868 suum
3419 1815 3538 1869 dia-

203 1909 498 1980 άνθρωπον
525 1905 867 1978 αίσχύνεται,
896 1905 1032 1970 Θεὸς
1054 1907 1164 1977 γὰρ
1191 1906 1491 1978 πρόσωπον
1518 1907 1812 1977 ἀνθρώπου

1925 1907 2136 1972 bolum,
2169 1907 2465 1962 miseretur
2497 1907 2662 1971 Deus,
2710 1916 2766 1961 et
2821 1908 3074 1977 placatur
3121 1919 3346 1978 propter
3399 1910 3543 1964 assi-

202 2002 269 2055 οὐ
324 1999 620 2069 λαμϐάνει.
673 1999 898 2070 Ταύτην
950 1999 1050 2070 τὴν
1104 1999 1285 2070 χήραν
1329 1999 1510 2071 ψυχὴν
1549 1999 1818 2072 δεομένην

200 2095 303 2148 τοῦ
330 2094 467 2148 Θεοῦ
510 2093 750 2166 συνεχῶς
791 2094 880 2148 διὰ
905 2094 996 2148 τὸν
1029 2095 1300 2148 ἀντίδικον
1335 2097 1508 2167 αὐτῆς
1540 2097 1814 2163 διάϐολον,

202 2187 474 2257 οίκτείρει
505 2189 533 2240 6
563 2187 696 2251 Θεὸς
729 2187 1285 2258 καταδυσωπησάσης
1314 2189 1482 2244 αὑτὸν
1516 2190 1614 2260 τῆς
1644 2208 1817 2262 προσ-

202 2281 422 2351 εδρείας
456 2279 677 2350 ταύτης.
715 2280 902 2334 Ταῦτα
936 2279 1032 2350 μὲν
1059 2280 1154 2334 οὖν
1186 2282 1294 2353 ὅτῳ
1327 2282 1501 2352 φίλον,
1549 2282 1814 2354 δεχέσθω.

206 2374 494 2444 Παρετέθη
534 2374 671 2444 γὰρ,
698 2375 784 2428 ἵνα
836 2376 912 2445 μὴ
962 2377 1290 2445 άγνοῶνται.
1331 2378 1479 2446 Πλὴν
1513 2379 1690 2433 ταῦτα
1732 2380 1812 2434 δι·-

201 2465 374 2530 δάξας
417 2465 566 2535 ἡμᾶς
612 2467 640 2517 6
681 2466 884 2538 Κύριος
926 2470 1058 2540 περὶ
1092 2470 1185 2522 τοῦ
1241 2472 1352 2524 δεῖν
1381 2474 1812 2545 προσεύχεσθαι,

204 2561 301 2612 καὶ
363 2559 676 2624 ὑποδείξας,
727 2561 811 2614 ὃτι
861 2563 910 2616 εί
945 2550 1174 2627 οὗτοςό
1223 2565 1446 2637 ἄνομος,
1503 2571 1600 2622 καὶ
1634 2573 1816 2642 πάσης

202 2653 412 2718 κακίας
483 2656 922 2728 πεπληρωμένος
960 2657 1214 2733 ᾤκτειρε
1274 2665 1340 2733 τῇ
1386 2665 1665 2738 ,συνεχείᾳ
1712 2667 1817 2737 τῆς

201 2747 468 2816 δεήσεως,
513 2749 668 2822 πόσῳ
722 2751 926 2822 μᾶλλον
973 2756 1000 2807 6
1030 2754 1165 2818 Θεὸς
1196 2758 1223 2809 6
1253 2758 1436 2828 πάσης
1463 2758 1817 2832 δικαιοσύνης

203 2841 454 2914 ἀρχηγὸς
491 2845 552 2897 ού
601 2846 848 2915 ποιήσειε
888 2847 989 2918 τὴν
1015 2851 1300 2920 ἐκδίκησιν
1331 2853 1389 2906 ἐν
1429 2855 1608 2926 τάχει,
1636 2857 1817 2910 καίτοι

205 2934 612 3006 μακροθυμῶν,
654 2940 749 2992 καὶ
789 2938 1524 3014 φαινόμενος-ἀνηκουστεῖν
1562 2949 1670 3001 τῶν
1698 2950 1817 3003 δεοο

208 3027 393 3097 μένων
421 3027 590 3083 αὑτοῦ
619 3031 815 3095 νυκτὸς
843 3034 936 3086 καὶ
961 3035 1208 3106 ήμέρας;
1233 3037 1421 3092 Ταῦτα
1445 3038 1539 3093 οὖν
1566 3041 1814 3108 διδάξας,

204 3120 305 3173 καὶ
351 3119 726 3193 δείξας,ήμ¹ίν,
773 3125 858 3178 ὃτι
903 3129 961 3178 ἐν
1003 3127 1082 3197 τῷ
1125 3129 1304 3200 καιρῷ
1339 3132 1438 3201 τῆς
1499 3133 1817 3200 συντελείας

199 3215 272 3283 τῇ
305 3216 591 3312 προσευχῇ
643 3218 916 3288 χρηστέον
972 3220 1112 3291 πρὸς
1160 3223 1288 3286 τοὺς
1350 3223 1651 3294 μέλλοντας
1689 3230 1812 3282 τότε
1842 3252 1887 3312 C

201 3305 491 3372 κινδύνους
538 3309 986 3380 ἐπιγενήσεσθαι,
1009 3314 1283 3386 ἐπιφέρει,
1327 3317 1431 3385 ὅτι,
1471 3318 1532 3374 '0
1557 3321 1684 3386 Υίὸς
1719 3321 1816 3376 τοῦ

201 3397 504 3470 ἀνθρώπου
555 3397 664 3474 ἆρα
705 3402 881 3457 ἐλθὼν
933 3405 1160 3477 εὑρήσει
1213 3409 1314 3480 τὴν
1371 3416 1556 3466 πίστιν
1589 3414 1681 3467 ἐπὶ
1716 3415 1818 3485 τῆς

200 3490 347 3560 γῆςς
373 3494 432 3545 ἐν
483 3494 730 3566 σχήματι
789 3497 1119 3568 ἐρωτήσεως
1181 3499 1244 3554 τὸ
1286 3502 1514 3556 σπάνιον
1555 3505 1664 3559 τῶν
1693 3507 1817 3561 τότε

201 3581 666 3652 εὑρεθησομένων
703 3586 914 3642 πιστῶν
944 3588 1365 3661 ὑποσημαίνων.
1400 3595 1675 3651 Τοσοῦτον
1707 3600 1818 3671 γὰρ

200 3676 625 3746 κατακρατήσει
677 3680 798 3732 τότε
824 3681 856 3733 '6
905 3682 1019 3747 υίὸς
1069 3684 1169 3754 τῆς
1203 3687 1463 3758 ἀνομίας,
1502 3690 1646 3745 ὥστε
1679 3693 1818 3746 πλα-

199 3766 304 3835 νᾷν
343 3767 439 3819 καὶ
487 3769 616 3832 τοὺς
665 3771 983 3839 ἐκλεκτοὺς,
1033 3777 1085 3830 εί
1135 3775 1383 3832 δυνατόν.
1425 3781 1596 3836 Είωθε
1626 3783 1682 3838 δὲ
1724 3785 1818 3838 ἐπὶ

199 3854 301 3909 τοῦ
334 3859 578 3924 σπανίως
610 3863 1011 3936 εὑρισκομένου
1035 3907 1049 3933 ,
1073 3867 1152 3940 τῷ
1191 3870 1602 3946 ἐρωτηματικῷ
1629 3877 1819 3948 τρόπῳ

200 3950 468 4020 χρᾶσθαι,
519 3954 596 4018 ὼς
640 3957 737 4012 καὶ
763 3959 858 4011 επὶ
896 3959 990 4012 τοῦ
1016 3977 1028 3990 ·
1087 3961 1184 4025 Τίς
1232 3964 1342 4036 ἀρα
1381 3967 1531 4021 ἐστιν
1561 3971 1587 4022 6
1623 3971 1818 4035 πιστὸς

197 4044 412 4110 δοῦλος,
438 4049 533 4101 καὶ
564 4051 868 4121 φρόνιμοςς
899 4055 1011 4108 Καὶ
1041 4057 1283 4110 ἐνταῦθα
1314 4055 1409 4112 οὖν
1440 4060 1501 4114 τὸ
1529 4062 1663 4116 αὐτὸ
1691 4064 1820 4118 ύπο-

199 4138 405 4208 δηλῶν,
436 4143 535 4195 καὶ
561 4144 644 4196 ὅτι
682 4144 930 4216 βραχεῖς,
956 4150 1056 4204 καὶ
1084 4150 1359 4219 δλιγὸστοι
1387 4153 1602 4210 ἔσονται
1638 4160 1686 4212 oi
1719 4158 1817 4230 τὴν

201 4232 340 4301 πρός
372 4250 430 4286 τε
455 4237 551 4288 τὸν
574 4236 729 4306 Θεὸν,
764 4241 860 4292 καὶ
903 4243 1042 4314 πρὸς
1069 4244 1570 4324 ἀλλήλους-πίστιν
1614 4253 1819 4320 φυλάτ-

197 4340 411 4390 τοντες,
439 4331 507 4399 τῇ
544 4333 814 4401 ἐρωτήσει
846 4335 1021 4407 ταύτῃ
1045 4338 1344 4410 ἐχρήσατο.
1377 4341 1622 4406 Είκότως
1659 4345 1714 4398 δὲ
1749 4349 1815 4417 τῇ

203 4421 336 4487 περὶ
374 4419 468 4471 τοῦ
499 4423 908 4496 προσεύχεσθαι
945 4431 1274 4500 παραινέσει
1301 4434 1392 4487 τὸν
1419 4438 1551 4508 περὶ
1585 4438 1688 4508 τῆς
1727 4439 1819 4491 πί-

203 4526 379 4573 στεως
432 4512 588 4581 λόγον
615 4517 976 4590 ὲπισυνῆψεν.
1019 4522 1240 4595 Ἐπειδὴ
1283 4528 1391 4597 γὰρ
1423 4529 1607 4599 πάσης
1643 4549 1814 4601 προσο

1923 1999 2190 2054 duitatetn
2220 1999 2362 2068 ejus.
2408 1998 2560 2063 "me,
2590 1998 2684 2069 qui
2714 1999 2880 2066 volet,
2917 2009 2972 2055 et
3021 2000 3107 2054 cui
3166 2000 3405 2069 placent,
3439 2015 3537 2055 su-

1923 2091 2140 2159 scipiat.
2200 2091 2485 2162 Proposita
2519 2093 2666 2148 enim
2716 2104 2938 2149 suntne
2988 2093 3326 2162 ignorentur.
3372 2097 3535 2166 Atqui

1923 2183 2190 2242 Dominus
2217 2187 2333 2242 haec
2383 2202 2483 2243 nos
2535 2187 2745 2255 docuit,
2806 2188 2949 2257 quod
3009 2199 3262 2259 Oporteat
3319 2204 3539 2259 semper

1918 2295 2080 2347 orare
2117 2298 2131 2335 :
2165 2290 2219 2336 et
2271 2297 2368 2350 per
2403 2282 2715 2350 exemplum
2775 2281 3061 2348 indicavit,
3117 2285 3264 2354 quod
3316 2285 3480 2338 etiam
3521 2284 3534 2336 i

1923 2373 2027 2428 iste
2063 2374 2280 2444 iniquus
2311 2387 2363 2430 et
2392 2377 2540 2430 omni
2581 2377 2787 2431 malitia
2820 2376 3032 2445 plenus,
3067 2377 3424 2432 misereretur
3453 2388 3536 2429 ta-

1922 2482 2046 2520 n:en
2079 2467 2150 2520 ob
2192 2469 2478 2523 continuas
2513 2483 2726 2538 preces,
2758 2479 2962 2540 quanto
2991 2472 3166 2540 magis
3195 2471 3338 2526 Deus
3359 2471 3538 2525 omnis

1915 2559 2142 2628 justitia:
2192 2561 2298 2615 dux
2352 2578 2458 2617 non
2507 2561 2671 2617 faciet
2721 2564 2870 2618 brevi
2930 2563 3245 2627 vindictam,
3289 2565 3539 2634 quamvis

1923 2655 2158 2723 differat,
2186 2666 2239 2712 et
2263 2659 2514 2713 videatur
2539 2674 2642 2713 non
2675 2658 2869 2714 audire
2891 2667 3117 2714 orantes
3134 2659 3222 2713 die
3256 2673 3320 2712 ac
3344 2659 3541 2712 nocte?

1922 2750 2111 2822 Itaque
2147 2755 2237 2824 qui
2270 2754 2456 2808 docuit
2488 2763 2542 2809 et
2573 2757 2900 2810 monstravit
2933 2756 3090 2811 nobis
3125 2756 3270 2826 quod
3303 2755 3357 2809 iu
3396 2765 3540 2810 tem-

1922 2862 2054 2918 pore
2087 2847 2582 2902 consummationis
2613 2847 2798 2903 saeculi
2829 2862 2967 2917 opus
2992 2848 3063 2904 sit
3093 2849 3364 2913 oratione,
3395 2857 3451 2902 ut
3486 2849 3538 2900 in

1925 2941 2123 2996 tuturis
2155 2941 2416 3010 periculis
2448 2943 2650 2996 durare
2684 2942 2983 3013 va‘leamus,
3019 2944 3206 2998 subdit
3240 2962 3254 2998 :
3285 2941 3538 3011 Nunquid

1923 3031 2094 3089 Filius
2115 3035 2353 3089 hominis
2368 3051 2491 3090 cum
2514 3037 2749 3098 venerit,
2773 3036 3011 3091 inveniet
3029 3036 3188 3091 ﬁdem
3210 3037 3261 3090 in
3291 3045 3436 3090 terra
3455 3035 3540 3088 ὀἳ

1923 3127 2036 3194 Qua
2075 3129 2524 3198 interrogationis
2555 3129 2724 3200 ﬁgura
2759 3146 2914 3185 raros
2945 3131 3077 3185 dicit
3106 3141 3236 3185 tunc
3263 3129 3539 3184 inVenien-

1924 3223 2022 3277 dos
2052 3223 2260 3277 ﬁdeles.
2297 3223 2355 3278 In
2382 3231 2591 3278 tantum
2626 3225 2772 3278 enim
2808 3226 3107 3280 invalescet
3149 3224 3292 3279 tilius
3334 3223 3539 3294 iniqui-

1925 3316 2074 3382 tatis,
2109 3324 2161 3370 ut
2193 3318 2383 3380 etiam,
2411 3318 2456 3371 si
2493 3317 2754 3388 possibile
2789 3328 2960 3381 esset,
2993 3320 3283 3374 seduceret
3313 3319 3537 3375 electos.

1924 3410 1980 3466 In
2012 3411 2152 3466 raris
2199 3409 2344 3466 enim
2394 3411 2533 3467 solet
2578 3410 2893 3480 hujusmodi
2940 3413 3320 3486 interrogandi
3368 3415 3539 3485 ﬁgura

1925 3506 2026 3567 ttti,
2058 3505 2199 3561 sicut
2223 3515 2427 3560 etcum
2460 3505 2593 3562 dicit
2629 3523 2643 3562 :
2671 3506 2805 3575 Quis
2829 3523 2988 3581 putas
3019 3511 3194 3568 ﬁdelis
3219 3523 3271 3569 et
3295 3515 3548 3584 prudens

1926 3600 2154 3654 servus?
2185 3601 2366 3668 Atque
2395 3599 2501 3655 hoc
2522 3600 2643 3657 loco
2669 3602 2809 3657 idem
2839 3605 3179 3676 signiﬁcans,
3207 3613 3357 3678 quod
3386 3614 3546 3681 pauci

1927 3707 2156 3746 numero
2183 3689 2350 3764 533
2374 3703 2536 3748 erunt
2565 3694 2653 3763 qui
2683 3711 2810 3764 erga
2842 3695 3009 3752 Deum
3035 3709 3092 3753 et
3116 3698 3268 3757 inser
3292 3721 3349 3759 se
3382 3707 3543 3762 tidem

1924 3785 2249 3850 servabunt,
2288 3789 2390 3842 hac
2443 3786 2879 3860 interrogatione
2910 3807 3041 3846 usus
3073 3807 3184 3850 est.
3218 3796 3413 3852 Met-ito
3443 3817 3546 3854 au-

1925 3888 2032 3931 tem
2070 3881 2311 3933 sermoni
2364 3880 2429 3934 de
2465 3883 2720 3938 oratione
2770 3899 3090 3943 sermonem
3145 3889 3212 3945 de
3261 3891 3367 3947 ﬁde
3415 3910 3548 3948 cou-

1925 3972 2137 4037 ncxuit,
2186 3974 2451 4043 quoniam
2489 3975 2671 4030 omnis
2711 3978 2984 4033 orationis
3022 3978 3441 4040 fundamentum
3482 4004 3547 4042 ac

1924 4064 2074 4119 basis
2108 4077 2192 4122 est
2235 4066 2394 4123 ﬁdes.
2447 4067 2559 4124 Nisi
2613 4070 2759 4125 enim
2798 4071 3109 4130 crediderit
3162 4076 3360 4145 homo,
3402 4083 3545 4150 quod

1927 4160 2028 4215 huc
2060 4161 2206 4230 quod
2258 4162 2393 4231 petit
2442 4174 2772 4235 accepturus
2806 4165 2891 4219 sit.
2932 4166 2986 4222 in
3019 4184 3174 4223 suam
3211 4173 3543 4233 utilitatem.

1927 4269 2070 4309 vana
2113 4267 2198 4310 cst
2232 4256 2414 4312 oratio
2447 4271 2616 4327 quam
2648 4258 2803 4314 facit.
2841 4260 2911 4315 Et
2946 4265 3546 4335 propterea‘Domiuus

1923 4343 1990 4396 de
2029 4345 2278 4400 oratione
2314 4347 2541 4412 docens,
2581 4348 2745 4403 etiam
2783 4353 2907 4407 tidei
2947 4356 3218 4423 meminit,
3255 4359 3546 4413 declarans

1925 4435 2169 4502 interim,
2214 4453 2512 4510 paucorum
2547 4441 2664 4496 fore
2698 4452 2830 4498 tunc.
2858 4461 3020 4503 orare
3050 4467 3062 4503 :
3096 4453 3542 4523 quandoquidem

1925 4528 2059 4584 ﬁdes
2094 4531 2145 4584 in
2179 4533 2372 4600 paucis
2419 4534 2748 4589 invenietur.
2786 4536 2961 4608 igitur
3006 4559 3131 4597 cum
3171 4550 3384 4601 venerit
3439 4548 3544 4602 Do-

198 4602 369 4708 ευχης
395 4604 618 4675 βάθρον,
656 4609 752 4662 καὶ
787 4614 1054 4684 κρηπὶςή
1086 4614 1270 4681 πίστις
1291 4633 1306 4647 ⁶
1368 4623 1418 4673 εἰ
1472 4623 1547 4692 μὴ
1578 4624 1688 4694 γὰρ
1720 4642 1811 4678 πι-

1927 4624 2108 4679 minus
2140 4625 2191 4679 in
2228 4627 2486 4691 nubibus,
2522 4646 2630 4683 non
2658 4631 2906 4689 inveniet
2932 4634 3092 4691 ﬁdem
3121 4655 3286 4710 super
3313 4652 3539 4708 terram,

203 4693 424 4747 στεύσει
455 4698 481 4748 6
509 4698 822 4770 ἄνθρωπος,
855 4704 938 4756 ὅτι
968 4704 996 4757 6
1023 4706 1118 4759 ὲάν
1160 4709 1384 4783 αίτήσῃ,
1415 4693 1811 4786 λήψεταιπρὸς

1924 4717 2027 4772 nisi
2060 4719 2113 4772 in
2152 4721 2366 4789 paucis.
2396 4720 2586 4778 Faciet
2619 4738 2808 4783 autem
2844 4715 2988 4786 hanc
3034 4743 3163 4788 tunc
3195 4751 3207 4786 :
3248 4735 3404 4788 inviti
3437 4753 3540 4790 au-

199 4787 294 4887 τὸ-
326 4791 650 4893 συμῖερονδ
683 4796 889 4865 ματαία
923 4800 955 4866 ἡ
993 4804 1294 4874 προσευχὴ,
1321 4806 1388 4874 ἢν
1420 4809 1658 4861 ποιείται
1679 4824 1696 4840 °
1727 4810 1817 4865 διὰ

1924 4820 2028 4866 tem
2052 4828 2247 4870 omnes
2272 4815 2690 4876 conﬁtebuntur
2711 4825 2857 4893 quod
2882 4825 3149 4882 Dominus
3182 4826 3343 4886 Jesus
3381 4831 3544 4887 Chri-

199 4883 366 4932 τοῦτο
399 4884 427 4934 6
466 4883 672 4954 Κύριος
721 4890 854 4960 περὶ
911 4891 1005 4944 τοῦ
1063 4897 1470 4970 προσεύχεσθαι
1522 4900 1814 4969 διδάσκων,

1924 4914 2042 4960 stus
2074 4906 2127 4959 in
2167 4909 2341 4979 gloria
2390 4922 2477 4965 est
2509 4911 2602 4968 Dei
2643 4883 2825 4972 Patris
2858 4933 2873 4972 :
2918 4919 2965 4973 si
2999 4921 3219 4991 quidem
3256 4883 3542 4980 ltzeevﬁttes

199 4974 296 5075 καὶ
320 4974 422 5080 τῆς
485 4977 730 5046 πίστεως
761 4984 1132 5058 ἐπεμνήσθην
1172 4989 1350 5060 δηλῶν
1387 4998 1811 5067 κεκρυμμένως,

1924 5001 2165 5054 vocanda
2198 5012 2304 5068 est,
2339 5014 2394 5058 et
2425 5021 2533 5061 non
2575 5009 2762 5080 potius
2791 5016 3116 5078 necessitas,
3151 5016 3344 5073 Nullus
3391 5023 3537 5075 enim

197 5065 284 5116 ὅτι
309 5065 508 5178 δλὶγων
553 5069 713 5145 ἔσται
739 5077 832 5127 καὶ
878 5079 940 5129 τὸ
990 5081 1400 5152 προσεύχεσθαι
1437 5065 1584 5153 τότε,
1624 5090 1816 5164 ἐπειδὴ

1924 5093 2025 5147 erit
2058 5093 2362 5153 inﬁdelium
2396 5099 2487 5170 qui
2514 5115 2624 5159 non
2662 5107 2854 5162 credet
2886 5111 3032 5178 quod
3065 5111 3216 5167 solus
3250 5115 3322 5168 sit
3352 5115 3538 5170 Salva-

199 5160 297 5227 καὶ
320 5160 353 5228 ή
382 5161 563 5226 πίστις
587 5165 645 5216 ὲν
675 5165 878 5235 ὀλίγοις
903 5170 1294 5244 εὑρεθήσεται.
1342 5178 1548 5234 Ἐλθὼν
1588 5185 1687 5254 μὲν
1719 5160 1815 5241 οὖν

1924 5191 2076 5256 toris,
2115 5207 2277 5262 quem
2313 5204 2474 5252 antea
2510 5199 2944 5272 blasphentarat.

197 5256 488 5380 δὶῖύριοςι
512 5262 581 5380 εἰ
625 5265 902 5380 νεφέλαις,
963 5269 1062 5380 οὐχ
1091 5272 1318 5380 εὑρήσει
1345 5277 1681 5380 ,τὴνβίστιν
1717 5285 1814 5340 ἐπὶ
1852 5288 1954 5359 τῆς
1985 5289 2113 5362 γῆς,
2132 5256 2208 5345 ἐί
2245 5291 2323 5366 μὴ
2349 5291 2459 5367 ἄρα
2527 5298 2588 5351 ἐν
2634 5256 3166 5374 ’ὀλίγοιςῖποιήσει
3219 5307 3276 5360 δὲ
3330 5309 3540 5380 ταύτην

194 5351 343 5468 τότε,
400 5358 494 5464 καὶ
549 5358 780 5473 ἄκοντες
982 5369 1184 5433 πάντες
1238 5351 1698 5470 ὁμολογήσουσιν,
1761 5383 1846 5434 ὅτι
1888 5351 2111 5454 ιὲύριᾷξ
2147 5351 2357 5459 Ἰησοῦς
2389 5351 2496 5457 ⁵είς
2536 5351 2895 5460 Gigas/".6265
3210 5351 3307 5457 1;;1

278 5450 288 5468 ι
413 5453 435 5464 ο
612 5460 623 5473 ,
841 5463 856 5480 ,
1561 5464 1567 5470 .
1985 5450 1994 5454 -
2206 5450 2220 5459 -
2337 5450 2351 5454 -
2477 5450 2493 5457 ν
2612 5450 2628 5460 ·
2775 5450 2782 5451 ί
2813 5450 2886 5452 ην
2938 5450 3174 5474 --νννι--ν
3213 5450 3307 5457 ⁷-⁷-
3355 5450 3400 5457 "
3483 5450 3536 5473 ι-

195 5467 305 5571 Ξρη
327 5469 510 5571 fama
560 5475 766 5524 πίστίνο
803 5465 940 5517 ἀΑλά
989 5466 1066 5535 μὴ
1098 5467 1349 5542 ἀνάγκην
1407 5475 1607 5543 εἶπεῖν,
1639 5478 1816 5543 οὐδεὶς
1853 5483 1968 5536 τῶν
2005 5485 2256 5542 ἀπίστων
2297 5491 2471 5555 ἔσται,
2537 5493 2595 5558 6;
2659 5497 2720 5549 ού
2789 5500 3099 5568 πιστεύσει,
3155 5504 3240 5557 ὅτι
3312 5504 3471 5571 μόνος
3510 5509 3540 5561 6

193 5548 391 5622 Σωτὴρ
421 5554 448 5605 6
471 5557 603 5626 παρ’
635 5560 817 5614 αὐτοῦ’
841 5564 972 5631 πρὶν
994 5564 1510 5640 βλασφημούμενος.

301 5712 346 5745 ⁸³
402 5713 580 5770 Colat.
636 5735 693 5780 tt,
731 5719 785 5774 6.
868 5724 916 5754 '°
972 5722 1106 5781 Luc.
1163 5745 1316 5792 xvttt,
1360 5731 1412 5785 8.

277 5893 359 5964 (ti)
399 5893 542 5949 Etlit.
593 5899 714 5957 Lut.
772 5920 877 5959 non
941 5908 1126 5975 Italwl,
1166 5924 1212 5966 rt
1251 5915 1458 5984 rrri'nn
1518 5934 1833 5991 comparare
1870 5936 1992 5978 sunt
2023 5926 2165 5979 ausi.

458 5992 734 6056 Pn'ttOL.
776 5998 893 6061 Gn.
929 6003 1211 6067 CXXI“.
3177 6037 3252 6099 32
