4228 6428
742 404 881 472 1003

1619 402 2205 464 THEOPIIYLACTI
2256 403 2667 465 liULGARLE
2702 404 3063 465 ARCHIEP.

3881 406 4020 473 1004

808 519 971 574 Vsus.
1003 516 1153 573 ιλιι.
1198 535 1216 568 ι
1257 513 1403 570 Dixit
1429 525 1607 570 antctn
1643 525 1697 571 ct
1727 515 1792 568 ad
1833 517 2094 585 quosdam
2138 518 2228 587 qui
2262 518 2304 570 in

2496 536 2514 568 ε
2554 513 2689 571 Eine
2719 516 2775 569 δι
2797 516 2890 570 καὶ
2917 517 3055 587 πρός
3082 532 3233 580 τινας
3258 514 3384 578 τοὺς
3419 513 3755 579 πεποιθότας
3781 514 3873 585 ἐφ’
3891 516 4019 570 huc

728 629 790 670 se
819 613 1162 669 confidebant
1190 610 1335 679 quo:l
1379 617 1563 663 essent
1605 606 1759 676 justi,
1795 617 1849 661 et
1880 609 2311 677 aspernabantur

730 715 956 761 caeteros
976 743 993 768 ,
1042 700 1357 771 parabolant
1389 701 1549 756 istam
1584 718 1598 756 :
1628 701 1741 756 Duo
1771 698 2022 753 homines
2049 700 2309 755 ascende-

730 800 863 853 bant
900 797 951 850 in
982 794 1239 866 templum
1274 807 1332 849 ιιι
1363 802 1714 864 precarentur
1745 810 1760 847 :
1794 808 1936 848 unus
1983 792 2311 858 Pharisaeus,

729 899 781 942 et
815 887 955 942 alter
985 887 1321 957 publicanus.
1370 882 1679 939 Pharismus
1728 895 1883 940 stans
1912 886 2026 939 haec
2068 886 2208 953 apud
2255 897 2314 937 se

730 981 921 1033 orabat
950 996 964 1031 :
997 977 1161 1039 Deus,
1190 974 1395 1047 gratias
1427 989 1529 1045 ago
1558 975 1650 1029 tibi
1681 976 1823 1045 quod
1862 990 1969 1030 non
2014 991 2135 1029 sum
2169 975 2312 1030 sicut

724 1072 909 1126 caeteri
956 1068 1223 1133 homines,
1260 1075 1530 1137 raptores,
1587 1067 1801 1137 injusti,
1857 1067 2115 1131 adulteri,
2162 1066 2314 1121 velut

725 1160 886 1213 etiam
925 1159 1012 1212 hic
1059 1156 1417 1229 publicanus;
1449 1155 1638 1227 jejuno
1664 1157 1746 1211 bis
1777 1157 1828 1209 in
1876 1156 2138 1221 Sabbato,
2164 1156 2311 1211 deci-

730 1265 850 1305 mas
883 1252 951 1305 do
978 1251 1221 1305 omnium
1266 1263 1387 1318 quae
1420 1249 1691 1317 possideo.
1732 1248 1799 1302 Et
1833 1250 2151 1316 publicanus
2180 1262 2309 1317 pro-

727 1340 814 1394 c’ul
845 1348 1016 1406 stans,
1067 1354 1167 1393 nec
1194 1338 1381 1394 oculos
1413 1337 1627 1392 volebat
1673 1339 1740 1392 ad
1790 1339 1986 1393 malum
2022 1338 2306 1408 attollere,

727 1432 823 1485 sed
854 1430 1113 1484 tundebat
1143 1438 1335 1498 pectus
1360 1443 1542 1495 suum,
1575 1428 1762 1483 dicens
1791 1428 2006 1507 :Deus,
2038 1429 2308 1498 propitius

724 1532 843 1576 esto
874 1522 1004 1575 mihi
1044 1521 1340 1591 peccatori.
1374 1519 1503 1574 Dico
1520 1520 1690 1585 vobis,
1720 1520 2002 1576 descendit
2031 1521 2120 1574 hic
2147 1520 2311 1587 justi-

725 1614 917 1667 ilcatus
944 1613 997 1666 in
1033 1612 1255 1665 domum
1278 1624 1457 1675 suam,
1487 1610 1661 1681 magis
1686 1623 1851 1681 quam
1875 1610 1965 1666 ille
1989 1627 2004 1665 :
2041 1612 2167 1680 quia
2192 1627 2310 1667 om-

726 1705 811 1760 nis
857 1704 949 1772 qni
980 1719 1040 1758 se
1076 1701 1312 1767 extollit,
1349 1701 1748 1769 humiliabitur,
1800 1711 1858 1757 et
1901 1704 2083 1759 omnis
2114 1705 2207 1773 qui
2249 1718 2310 1758 se

724 1795 999 1858 humiliat.
1030 1794 1341 1850 extolletur.
1393 1810 1414 1846 ι
1467 1790 1584 1849 Non
1616 1803 1798 1848 cessat
1840 1793 2105 1849 Dominus
2140 1795 2306 1865 pluri-

2416 612 2529 673 ut;
2549 650 2564 674 ,
2600 610 2683 662 ὅτι
2741 610 2848 661 εἰσὶ
2908 607 3131 673 δίκαιοι,
3163 607 3259 661 καὶ
3288 605 3704 671 ἑξουθενοῦντας
3731 607 3867 672 τοὺς
3907 606 4019 662 λοι-

2415 705 2570 767 ποὺς,
2587 698 2699 773 ’τὴν
2724 699 3044 771 παραϐολὴν
3072 700 3279 769 ταύτην
3298 717 3314 729 ·
3341 699 3658 770 ’Ἄνθρωποι
3689 697 3785 753 δύο
3810 698 4019 770 ἀνέδη-

2417 813 2517 850 σαν
2548 797 2628 858 είς
2679 797 2741 849 τὸ
2806 792 2951 863 ἱερὸν
2986 790 3430 862 προσεύξασθαιο
3471 792 3500 843 ὁ
3529 823 3534 827 ~
3560 784 3643 853 εἷς
3687 792 4015 862 φαρισαῖοτ,

2416 889 2511 943 καὶ
2547 888 2577 940 ὁ
2610 887 2796 955 ιτερος
2841 882 3104 954 τελώνης.
3153 885 3218 938 ’0
3251 885 3575 955 ῡαρισαῖος,
3608 882 3831 947 σταθεὶς
3874 883 4016 953 πρὸς

2417 982 2632 1046 ἑαυτὸν,
2656 979 2833 1033 ταῦτα
2864 978 3212 1049 προσηύχετο
3232 993 3248 1007 ·
3289 976 3363 1029 '0-
3386 976 3541 1041 Θεδς,
3578 975 3900 1048 εὐχαριστῶ
3938 993 4018 1029 σοι

2414 1074 2498 1126 ὅτι
2524 1073 2623 1125 οὐκ
2653 1072 2769 1140 εἰμὶ
2799 1070 2991 1142 ὥσπερ
3016 1071 3067 1123 oi
3100 1070 3281 1123 λοιποὶ
3310 1067 3422 1123 τῶν
3460 1068 3791 1139 ἀνθρώπων,
3822 1068 4017 1137 ἅρπα-

2416 1181 2531 1234 γες,
2566 1163 2768 1227 ἄδικοι,
2816 1163 3019 1233 μοιχοὶ,
3066 1161 3099 1231 ἢ
3131 1161 3227 1214 καὶ
3251 1159 3329 1223 ὡς
3372 1152 3529 1223 οὗτος
3558 1160 3586 1213 ὁ
3610 1159 3882 1229 τελώνης·
3924 1172 4021 1227 νη.

2415 1257 2591 1308 στεύω
2613 1254 2694 1318 δὶς
2721 1253 2817 1308 τοῦ
2859 1253 3161 1318 Σαὸὕάτου,
3189 1251 3512 1306 ἀποδεκατῶ
3535 1252 3716 1305 πάντα
3749 1253 3857 1306 ὅσα
3881 1250 4021 1305 κτῶ-

2416 1364 2535 1415 μαι.
2561 1346 2671 1400 Καὶ
2688 1348 2716 1398 ὀ
2737 1346 2996 1417 τελώνης,
3024 1346 3301 1416 μακρόθεν
3330 1342 3524 1409 ἑστὼς.
3544 1345 3647 1397 οὐκ
3674 1344 3875 1415 ἢθελεν
3895 1343 4019 1397 οὐδὲ

2411 1438 2540 1500 τοὺς
2560 1436 2873 1506 ὀφθαλμοὺς
2898 1440 2979 1499 εἰς
3001 1436 3098 1489 τὸν
3120 1436 3349 1504 οὐρανὸν
3376 1437 3601 1506 ὲπάραι,
3630 1434 3748 1486 ἀλλ’
3778 1433 4019 1487 [sum

2412 1523 2494 1587 είς
2517 1523 2579 1574 τὸ
2616 1523 2813 1593 στῆθος
2844 1520 3033 1589 αὐτοῦ,
3064 1523 3274 1593 λέγων·
3327 1524 3387 1578 '0
3437 1522 3570 1586 Θεὸς
3622 1522 3880 1592 ἱλάσθητί
3927 1540 4017 1590 μοι

2414 1616 2493 1685 τῷ
2523 1616 2857 1687 ἁμαρτωλῷ.
2889 1615 3053 1684 Λέγω
3107 1617 3260 1687 ὑμῖν,
3297 1616 3504 1687 κατέϐη
3536 1610 3694 1678 οὗτος
3726 1616 4018 1670 δεδικαιω-

2416 1706 2577 1775 μένος
2599 1707 2680 1769 είς
2716 1704 2810 1758 τὸν
2834 1700 2985 1759 οἷκον
3001 1706 3197 1769 αὐτοῦ,
3229 1707 3264 1778 ἢ
3296 1710 3525 1774 ἐκεῖνος,
3551 1708 3633 1760 ὅτι
3664 1708 3774 1769 πᾶς
3804 1710 3834 1760 ὁ
3863 1707 4017 1774 ὑψῶν

2412 1797 2629 1862 ἑαυτὸν,
2657 1795 3153 1868 ταπεινωθήσεται,
3184 1800 3212 1850 ὁ
3230 1798 3287 1851 δὲ
3314 1798 3591 1851 ταπεινῶν
3616 1799 3838 1861 ἑαυτὸν,
3866 1798 4017 1867 ὑψω-

726 1892 826 1945 bus
876 1888 1215 1958 argumentis
1257 1900 1551 1955 repurgare
1599 1886 1870 1957 superbia:
1922 1887 2133 1941 vitium.
2180 1886 2304 1941 Plus

2414 1888 2659 1959 θήσεται.
2702 1908 2723 1943 ε
2772 1890 2850 1944 Ού
2885 1890 3119 1944 παύεται
3156 1892 3187 1943 ὁ
3227 1890 3433 1961 Κύριος
3462 1890 3527 1945 τὸ
3579 1892 3681 1958 τῆς
3712 1891 4017 1960 ὑπερηφα-

722 1982 868 2036 enim
900 1980 1025 2034 aliis
1055 1979 1203 2033 vitiis
1229 1988 1463 2033 mentem
1486 1980 1783 2034 humanam
1817 1980 2019 2043 turbat,
2053 1988 2302 2049 propter-

723 2089 786 2127 ω
821 2087 964 2142 sa-pe
992 2084 1047 2126 et
1076 2072 1302 2126 multum
1332 2070 1399 2125 dc
1434 2073 1536 2125 hac
1565 2070 1752 2126 docet.
1813 2071 2057 2141 Denique
2087 2080 2141 2126 et
2164 2086 2307 2125 nunc

727 2166 964 2233 pejorem
1020 2164 1139 2232 ejus
1195 2164 1434 2233 speciem
1488 2170 1700 2233 purgat.
1765 2161 1930 2217 Multa
1981 2162 2127 2217 enim
2181 2170 2308 2216 sunt

730 2254 1004 2321 philautize
1026 2254 1293 2323 germina.
1324 2251 1523 2322 Opinio
1546 2251 1612 2307 de
1637 2266 1697 2307 se
1722 2268 1941 2323 magna,
1969 2253 2303 2323 arrogantia,

718 2355 779 2401 ,ιιι
811 2348 989 2401 inanis
1021 2346 1209 2416 gloria:
1241 2344 1510 2416 cupiditas
1541 2346 1608 2400 ab
1642 2348 1745 2401 hac
1794 2345 2079 2415 pullulant.
2118 2346 2309 2399 Perni-

720 2439 923 2493 cinsior
954 2450 1134 2491 autem
1176 2437 1434 2492 omnibus
1464 2437 1587 2491 aliis
1621 2447 1705 2492 est
1735 2438 2011 2505 superbia,
2060 2452 2181 2507 quae
2209 2436 2307 2493 Dei

720 2540 804 2585 est
836 2540 1201 2599 contemptus.
1234 2527 1370 2585 Cum
1405 2529 1548 2583 enim
1577 2528 1701 2597 quis
1739 2543 1843 2584 non
1881 2529 2013 2595 Deo,
2066 2531 2161 2583 sed
2200 2529 2303 2584 sibi

720 2638 817 2678 sua
850 2623 988 2678 bona
1024 2637 1190 2691 opera
1224 2623 1435 2688 tribuit,
1486 2622 1616 2691 quid
1670 2622 1773 2676 hoc
1812 2620 1957 2675 aliud
2009 2636 2170 2691 quam
2206 2638 2304 2676 ne-

720 2731 850 2785 gare
880 2714 1047 2770 Deum
1076 2724 1183 2780 est,
1213 2724 1269 2770 et
1298 2716 1348 2770 ei
1392 2714 1709 2769 adversari?
1753 2713 1869 2769 Hoc
1898 2714 2065 2783 igitur
2093 2716 2301 2781 vitium,

718 2808 811 2862 cui
844 2807 1108 2861 Dominus
1162 2807 1236 2859 ita
1268 2807 1614 2871 adversatur,
1660 2812 1718 2859 ut
1763 2804 2015 2859 inimicus
2059 2804 2303 2875 inimico,

715 2904 825 2957 hac
850 2902 1107 2972 parabola
1136 2899 1394 2955 medicari
1423 2898 1691 2954 Dominus
1718 2898 2050 2953 declaratur.
2076 2896 2308 2966 Propter

722 2999 824 3050 hoc
852 2996 996 3049 enim
1030 2994 1178 3063 quod
1208 2990 1496 3047 conﬁdunt
1546 2991 1601 3044 in
1630 2991 1849 3059 seipsis,
1887 2998 1944 3043 et
1990 3004 2099 3044 non
2136 2998 2304 3043 totum

721 3091 830 3144 Deo
879 3088 1152 3152 tribuunt,
1185 3087 1281 3141 sed
1320 3086 1458 3141 alios
1486 3100 1582 3154 per
1626 3085 1729 3139 hoc
1773 3084 2135 3148 exinaniunt,
2192 3084 2305 3136 haec

718 3180 851 3235 dicit
886 3197 899 3234 :
926 3191 980 3233 et
1009 3178 1248 3234 ostendit
1275 3176 1418 3247 quod
1456 3176 1690 3246 justitia,
1716 3178 1965 3247 quamvis
1994 3176 2193 3246 alioqui
2233 3176 2305 3230 sit

718 3271 1017 3336 mirabilis,
1062 3283 1116 3324 et
1146 3271 1420 3325 hominem
1476 3270 1586 3323 Deo
1633 3270 1943 3338 proximum
1987 3270 2303 3331 constituat,

716 3380 843 3419 cum
872 3363 1183 3435 superbiam
1216 3363 1542 3425 admiserit,
1588 3362 1866 3418 hominem
1910 3362 1964 3417 in
2013 3363 2191 3416 locum
2220 3362 2305 3415 in-

718 3460 903 3514 ﬁmum
940 3456 1171 3524 rejiciat,
1218 3465 1273 3511 et
1314 3457 1615 3511 daemonem
1671 3456 1886 3523 reddat,
1934 3457 2027 3524 qui
2070 3454 2181 3521 jam
2247 3468 2306 3508 se

716 3552 983 3622 mqualem
1021 3551 1131 3605 Deo
1176 3546 1400 3605 fecerat.
1456 3547 1665 3603 Similia
1720 3548 1905 3618 itaque
1960 3557 2090 3601 sunt
2140 3548 2304 3602 verba

716 3643 978 3699 Pharisaei
1010 3643 1079 3697 ab
1110 3643 1289 3708 initio,
1320 3646 1461 3713 grati
1491 3640 1730 3695 hominis
1764 3641 2131 3697 sermonibus.
2168 3640 2309 3695 Gra-

718 3738 820 3791 tias
844 3738 988 3789 cnim
1014 3735 1189 3790 habeo
1218 3733 1336 3798 tibi,
1366 3734 1562 3801 inquit,
1592 3733 1733 3787 Deus
1760 3748 1775 3798 ;
1798 3743 1854 3787 at
1880 3740 2074 3787 cztera
2102 3743 2303 3800 quanta

720 3828 917 3882 referta
958 3835 1083 3880 sunt
1111 3824 1454 3896 arrogantia!
1492 3822 1659 3894 434
1691 3822 1805 3877 Non
1835 3824 1982 3876 enim
2014 3824 2169 3886 dixit,
2203 3821 2305 3875 Fe-

719 3920 841 3972 cisti
869 3932 958 3973 me
1004 3903 1281 3971 abstinere
1313 3918 1379 3968 ab
1431 3915 1693 3981 injustitia
1720 3954 1735 3980 ,
1764 3924 1819 3965 et
1848 3928 1877 3965 a
1906 3915 2093 3981 rapina
2145 3927 2158 3964 :
2210 3912 2303 3966 sed

717 4009 1023 4080 quomodn?
1061 4008 1177 4063 Non
1208 4024 1350 4062 sum.
1389 4007 1611 4077 Sibitpsi
1636 4005 1885 4059 attribuit
1917 4008 2112 4059 bonum
2145 4019 2303 4073 opus,

716 4116 766 4157 et
802 4117 903 4158 suo
957 4103 1161 4156 robori.
1198 4102 1269 4154 At
1301 4100 1437 4155 alios
1462 4100 1709 4168 judicare
1752 4099 2031 4168 quomodo
2071 4109 2154 4151 est
2202 4097 2303 4151 ho-

718 4199 878 4252 minis
905 4198 1131 4255 scientia
1158 4197 1304 4266 quod
1340 4212 1369 4250 a
1403 4196 1515 4252 Deo
1554 4196 1757 4252 haheat
1787 4210 1909 4266 qua
1944 4194 2145 4251 habet?
2175 4192 2302 4248 0m-

717 4293 845 4347 niuo
871 4291 1015 4345 enim
1052 4290 1101 4346 si
1132 4288 1457 4345 credidisset
1508 4289 1652 4359 quod
1685 4300 1781 4357 per
1812 4289 2043 4359 gratiam
2076 4287 2303 4342 haberet

719 4385 891 4437 aliena
935 4385 1096 4446 bona,
1134 4396 1239 4437 non
1281 4381 1701 4449 contempsisset
1743 4380 1902 4441 alios.
1948 4378 2303 4434 considerans

716 4477 859 4544 quod
908 4475 1074 4529 etiam
1124 4475 1238 4543 ipse
1276 4487 1430 4543 teque
1476 4471 1650 4527 nudus
1696 4482 1864 4535 esset,
1920 4481 2183 4541 quantum
2234 4471 2301 4527 ad

2405 1980 2525 2045 νίας
2566 1980 2735 2046 πάθος
2768 1980 3115 2051 ἐκκαθαίρων
3164 1982 3254 2035 διά
3284 1981 3571 2036 πλειόνων.
3636 1982 3870 2052 Ἐπειδὴ
3903 1984 4017 2053 γὰρ

2407 2074 2571 2129 πλέον
2618 2075 2728 2128 τῶν
2772 2074 2950 2130 ἀλλων
2985 2074 3176 2128 παθῶν
3206 2076 3418 2145 ἐνοχλεί
3454 2078 3575 2138 ταῖς
3631 2074 4016 2146 ἀνθρωπίναις

2406 2165 2781 2235 γνώμαις,διά
2813 2166 2976 2219 τοῦτο
3004 2165 3278 2236 πολλαχοῦ
3296 2167 3393 2219 καὶ
3421 2165 3689 2229 πολλάκις
3723 2167 3861 2236 περὶ
3886 2167 4015 2219 τού-

2404 2275 2499 2312 του
2525 2258 2788 2311 διδάσκει.
2818 2258 3038 2328 ’Δμέλει
3073 2259 3170 2313 καὶ
3201 2258 3298 2312 νῦν
3325 2259 3389 2312 τὸ
3421 2260 3604 2328 χεῖρον
3630 2251 3774 2323 εἶδος
3800 2259 4013 2329 ταύτης

2407 2351 2748 2424 ἐκκαθαίρει.
2786 2351 2961 2406 Πολλά
3015 2352 3125 2424 γάρ
3183 2352 3252 2407 τὰ
3285 2354 3386 2423 τῆς
3422 2351 3716 2423 φιλαυτίας
3767 2352 4013 2423 βλαστή-

2407 2462 2574 2514 ματα.
2604 2445 2715 2498 Καὶ
2743 2446 2850 2516 γάρ
2879 2446 2973 2498 καὶ
2997 2445 3197 2514 οίησις,
3230 2446 3325 2499 καὶ
3354 2444 3661 2509 ἀλαξωνεία
3682 2485 3699 2510 ,
3727 2443 3826 2497 καὶ
3855 2460 4014 2496 κενο-

2403 2537 2555 2605 δοξία
2584 2539 2652 2592 ἐκ
2681 2537 2881 2608 ταύτης
2916 2535 3165 2607 φύονται.
3213 2536 3643 2609 ὐλεθριώτερον
3684 2536 3747 2589 δὲ
3782 2537 4011 2590 πάντων

2404 2632 2438 2701 ή
2460 2630 2834 2701 ὑπερηφανία,
2867 2630 3221 2701 ὑπερηφανία
3266 2630 3324 2683 δέ
3350 2633 3500 2683 ἔστιν
3546 2629 3809 2699 ἀθέτησις
3842 2628 4008 2681 Θεοῦ.

2405 2722 2580 2776 Ὅταν
2603 2724 2711 2794 γάρ
2742 2740 2827 2786 τις
2857 2723 2917 2775 ού
2949 2722 3028 2793 τῷ
3058 2722 3200 2791 Θεῷ,
3237 2722 3354 2775 ἀλλ’
3390 2720 3571 2790 ἑαυτῷ
3621 2721 4014 2789 ἐπιγράφηται

2403 2816 2473 2869 τά
2510 2815 2933 2887 κατορθώματα,
2961 2815 3015 2869 τί
3048 2816 3199 2882 ἀλλο,
3229 2815 3264 2885 ἢ
3294 2814 3528 2885 ἄρνησις
3574 2810 3716 2866 Θεοῦ
3763 2815 3887 2865 ἑστι
3915 2812 4013 2863 καὶ

2403 2909 2676 2964 ἀντιθεϊα.
2706 2908 2880 2962 Τοῦτο
2908 2907 3004 2963 οῦν
3036 2909 3098 2962 τὸ
3130 2907 3305 2971 πάθος
3355 2907 3417 2960 τὸ
3446 2905 3715 2971 ἀντίθεον,
3747 2899 3792 2973 ᾧ
3838 2908 3868 2958 ὁ
3899 2904 4014 2957 Κύ-

2407 3020 2523 3071 ριος
2562 3003 2965 3065 ἀντιτάσσεται,
2992 3001 3068 3065 ώς
3096 3000 3294 3073 εχθρδς
3327 2998 3532 3071 ἐχθρῷ,
3562 2998 3654 3053 διὰ
3677 2999 3779 3069 τῆς
3814 3014 4010 3067 παρα-

2406 3088 2570 3159 ϐολῆς
2622 3093 2827 3164 ταύτης
2859 3096 2889 3147 ὁ
2925 3094 3133 3163 Κύριος
3188 3090 3521 3163 θεραπεύειν
3568 3089 4009 3158 ἐπαγγέλλεται.

2408 3182 2506 3234 Διά
2526 3183 2634 3254 γὰρ
2658 3184 2787 3247 τοὺς
2822 3185 3152 3248 πεποιθότας
3180 3184 3269 3253 ἐφ’
3304 3184 3543 3246 ἑαυτοῖς,
3582 3183 3678 3236 καὶ
3705 3182 3784 3252 μὴ
3808 3182 3874 3234 τὸ
3898 3183 4012 3235 πᾶν

2406 3271 2525 3340 Θεῷ
2551 3272 2958 3343 λογιζομένους.
2987 3273 3127 3327 ἀλλά
3158 3272 3249 3327 διά
3296 3271 3459 3332 τοῦτο
3508 3273 3601 3325 καὶ
3644 3273 3774 3335 τοὺς
3806 3270 4011 3335 ἄλλους

2406 3363 2845 3431 ἐξουθενοῦντας,
2864 3365 3039 3421 ταῦτά
3058 3381 3219 3437 φησι,
3254 3367 3350 3420 καὶ
3392 3364 3689 3432 δείκνυσιν,
3739 3366 3825 3419 δτι
3863 3367 3899 3436 η
3934 3366 4005 3419 διι

2407 3456 2673 3526 καιοσύνη
2694 3455 2870 3511 τᾶλλα
2904 3458 3199 3529 θαυμαστή
3227 3474 3312 3521 τις
3336 3453 3493 3523 οὖσα,
3527 3457 3624 3511 καὶ
3657 3456 3896 3528 πλησίον
3913 3456 4009 3510 τοῦ

2405 3547 2541 3603 Θεοῦ
2569 3548 2661 3602 τὸν
2695 3549 2986 3620 ἄνθρωπον
3016 3550 3243 3617 ίστῶσα,
3291 3551 3423 3604 ὅταν
3472 3550 3574 3619 τὴν
3618 3550 4014 3621 ὑπερηφανίαν

2406 3637 2809 3709 προσλάὁηται,
2838 3640 2921 3702 εἰς
2952 3639 3024 3692 τὰ
3047 3639 3341 3694 κατώτατα
3377 3641 3469 3693 τὸν
3500 3640 3795 3712 ἀνθρωπον
3835 3642 4002 3713 ἀπορι

2407 3731 2615 3803 ῥίπτει,
2653 3732 2747 3785 καὶ
2776 3732 2854 3797 ώς
2890 3732 3125 3802 δαίμονα
3149 3737 3295 3787 ποιεί
3327 3734 3421 3787 τὸν
3460 3736 3599 3798 τέως
3625 3736 3842 3787 ἰσόθεον
3874 3754 4009 3808 χρη-

2408 3825 2730 3897 ματίζοντα.
2764 3826 2949 3880 Ἐοικε
2981 3826 3083 3897 μὲν
3106 3824 3202 3882 οὖν
3227 3828 3293 3882 τά
3330 3830 3552 3898 ῥήματα
3577 3827 3672 3882 τοῦ
3700 3830 4009 3900 Φαρισαίου

2406 3918 2468 3985 ιξ
2503 3921 2676 3991 ἀρχῆς
2706 3920 2805 3990 μὲν
2833 3921 3179 3991 εὐγνώμονος
3205 3920 3498 3991 ἀνθρώπου
3531 3921 3734 3989 λόγοις.
3766 3923 4014 3995 Εὐχαρι-

2408 4018 2517 4071 στῶ
2550 4036 2633 4071 σοι
2662 4018 2792 4089 γὰρ,
2821 4018 3008 4089 φησὶν,
3031 4020 3059 4071 ὀ
3088 4018 3244 4084 Θεὸς,
3270 4022 3337 4073 τὰ
3356 4020 3411 4073 δὲ
3442 4020 3641 4090 ἑφεξῆς
3664 4022 3851 4091 πάσης
3876 4023 4015 4075 dm-

2406 4110 2554 4173 νοίας
2568 4110 3002 4180 πεπληρωμένα.
3028 4111 3103 4165 Οὐ
3126 4113 3235 4181 γάρ
3262 4110 3453 4180 εἶπεν,
3479 4114 3562 4165 ὅτι
3607 4113 3915 4184 Ἐποίησάς
3942 4128 4011 4183 με

2406 4204 2638 4273 ἀπέχειν
2669 4202 2777 4257 ἀπὸ
2804 4204 3043 4269 ἀδικίας,
3075 4203 3186 4257 ἀπὺ
3214 4204 3495 4277 ἁρπαγῆς·
3537 4204 3677 4259 ἀλλά
3707 4206 3866 4271 1:13;;
3894 4208 4013 4260 Οὐκ

2405 4295 2543 4365 εἰμί.
2599 4292 2812 4365 Ἑαυτῷ
2845 4295 3097 4365 προσῆψε
3127 4295 3189 4348 τὸ
3215 4296 3571 4368 κατόρθωμα,
3606 4299 3701 4352 καὶ
3728 4301 3795 4368 τῇ
3828 4300 4011 4368 οἰκεία

2409 4388 2575 4459 ίσχύῐ.
2611 4388 2685 4439 Τὸ
2716 4388 2771 4440 δὲ
2802 4387 2897 4441 καὶ
2920 4389 3046 4450 τοὺς
3064 4387 3257 4451 ἀλλους
3291 4390 3665 4459 κατακρίνειν,
3702 4390 3868 4444 τοῦτο
3890 4391 4010 4456 πῶς

2406 4481 2555 4532 ἐστιν
2589 4479 2881 4551 ἀνθρώπου
2906 4479 3133 4548 εἰδότος,
3164 4481 3240 4543 ώς
3272 4482 3428 4553 παρά
3452 4482 3590 4536 Θεοῦ
3615 4482 3757 4553 ἔχει,
3784 4482 3821 4537 ἀ
3854 4485 3967 4553 ἔχει
3994 4503 4009 4551 ;

715 4586 867 4622 suam
900 4568 1155 4621 virtutem
1208 4567 1495 4621 attinebat.
1531 4565 1714 4621 Gratis
1758 4566 1905 4621 enim
1957 4564 2179 4621 indutus
2221 4573 2303 4619 est

2412 4575 2635 4637 Πάντως
2662 4576 2771 4644 γὰρ
2792 4576 2841 4627 εί
2868 4574 3214 4638 ἐπίστευσεν,
3253 4577 3335 4629 ὅτι
3366 4577 3552 4647 χάριτι
3586 4577 3704 4648 εχει
3746 4578 3820 4631 τά
3849 4579 4011 4631 ἀλλό-

714 4672 937 4730 propter
972 4659 1409 4725 misericordiam
1448 4676 1460 4711 :
1494 4670 1780 4729 propterea
1818 4661 2085 4727 superbus
2110 4657 2306 4713 Phari-

712 4770 888 4820 seus,
932 4764 1192 4823 tanquam
1234 4751 1473 4823 propria:
1500 4752 1775 4805 ascribens
1804 4756 2057 4821 putentia:
2088 4768 2149 4806 ea
2181 4767 2302 4822 qua:

716 4849 856 4899 ιὲιυια
889 4854 1043 4909 sunt,
1079 4844 1207 4901 inde
1247 4860 1313 4899 eo
1346 4860 1672 4915 progressus
1702 4853 1814 4905 est.
1854 4854 1912 4897 ut
1952 4854 2007 4899 et
2037 4846 2174 4899 alios
2215 4846 2302 4916 ju—

713 4940 877 4993 dicet.
908 4937 1160 4994 Ostendit
1209 4950 1392 4993 autem
1432 4940 1695 4993 Dominus
1724 4948 1779 4994 et
1826 4954 1922 5009 per
1972 4939 2261 4993 stationem
2285 4979 2300 5005 ,

712 5034 1023 5102 superbiam
1073 5034 1223 5105 ejus,
1268 5044 1324 5090 et
1379 5034 1707 5089 humilitatis
1754 5033 2017 5101 in0piatn.
2074 5030 2304 5087 Humilis

711 5130 851 5179 enim
884 5126 986 5180 vit'i
1008 5137 1093 5182 est
1139 5138 1193 5181 et
1219 5139 1469 5197 aspectus
1528 5126 1861 5189 humiliatus,
1895 5127 1981 5179 hic
2009 5138 2189 5179 autem
2248 5136 2304 5179 et

719 5220 905 5274 Itabitu
925 5231 978 5275 et
1009 5231 1161 5290 gestu
1187 5222 1454 5289 superbus
1481 5222 1815 5291 agnoscitur.
1842 5219 2100 5286 Quamvis
2120 5228 2302 5273 autem

711 5322 767 5364 et
801 5296 867 5365 de
896 5313 1181 5377 publicano
1210 5312 1413 5365 dictum
1439 5313 1509 5365 sit
1540 5312 1679 5381 quod
1705 5312 1939 5375 steterit,
1966 5320 2144 5363 tamen
2182 5310 2304 5365 vide

708 5417 763 5458 et
802 5420 923 5473 qua:
966 5417 1292 5474 sequuntur,
1342 5406 1485 5475 quod
1532 5421 1705 5475 neque
1756 5407 1942 5460 oculos
2009 5406 2062 5458 in
2104 5404 2299 5459 cmlum

712 5498 949 5553 voluerit
978 5499 1275 5567 extollere,
1312 5500 1455 5554 unde
1485 5503 1650 5555 Statio
1685 5499 1801 5566 ejus
1845 5504 2126 5554 incurvata
2160 5512 2299 5555 erat.

708 5592 859 5646 illius
890 5602 1073 5647 autem
1103 5602 1159 5649 et
1182 5595 1324 5649 oculi
1356 5595 1409 5649 in
1435 5595 1634 5649 ctelum
1663 5594 2090 5659 extollebantur,
2126 5604 2182 5650 et
2208 5611 2302 5650 cor

708 5685 870 5740 simul
900 5686 1293 5741 extollebatur.
1323 5687 1458 5744 Vide
1483 5699 1665 5743 autem
1698 5700 1752 5745 et
1799 5690 1851 5745 in
1887 5691 2133 5745 oratione
2159 5690 2301 5745 Pha-

711 5783 851 5835 risasi
878 5782 1147 5849 ordinem,
1186 5783 1317 5852 quid
1350 5783 1550 5837 indicet
1583 5783 1740 5838 nobis
1773 5800 1787 5838 :
1823 5784 2055 5853 primum
2080 5785 2299 5855 quidem

708 5874 848 5928 dixit
886 5890 947 5928 ea
982 5890 1101 5943 qua:
1149 5892 1253 5931 non
1283 5883 1444 5929 erant
1479 5892 1491 5927 :
1526 5887 1578 5929 et
1614 5887 1743 5931 tunc
1787 5878 2127 5932 enumeravit
2180 5892 2300 5947 qua:

2406 4685 2537 4740 τρια
2564 4668 2769 4736 ἀγαθὰ,
2790 4668 2893 4721 οὐκ
2924 4668 2991 4722 ἀν
3015 4668 3145 4733 τοὺς
3175 4668 3372 4734 ἀλλους
3392 4669 3689 4735 ὲξουθένει,
3709 4668 3812 4738 λογ
3842 4668 4011 4740 ζόμε-

2405 4779 2495 4824 νος
2525 4762 2609 4815 ὅτι
2657 4762 2753 4815 καὶ
2791 4762 2959 4824 αὐτὸς
3008 4761 3208 4832 ἐπίσης
3238 4763 3447 4835 γυμνρς
3471 4764 3624 4815 εστιν
3647 4762 3778 4835 ὅσον
3807 4766 3908 4817 ἐπὶ
3945 4768 4009 4835 τῇ

2405 4855 2587 4925 οἰκεία
2616 4854 2869 4923 δυνάμει,
2920 4854 3134 4927 δωρεὰν
3171 4854 3230 4907 δὲ
3282 4852 3508 4925 ινεδύθη
3532 4914 3539 4922 _
3567 4854 3657 4909 διά
3686 4853 3867 4909 ιλεον.
3915 4861 4013 4909 Δια

2407 4946 2566 4999 τοῦτο
2598 4947 2949 5018 ὑπερήφανος
2981 4950 3009 5000 ὁ
3037 4948 3355 5017 θαρισαῖος,
3376 4946 3453 5010 ώς
3482 4947 3665 5019 οἰκείᾳ
3696 4948 3854 5018 ίσιύῖ
3886 4951 4013 5004 επι-

2406 5038 2635 5109 γράφων
2665 5039 2733 5091 τὰ
2767 5039 3145 5109 εἰργασμένα·
3180 5038 3478 5093 κάντεῦθεν
3513 5040 3739 5111 ὑπήχθη
3765 5044 3867 5094 καὶ
3890 5046 4013 5105 τοὺς

2406 5132 2603 5194 ἄλλους
2662 5133 3041 5202 κατακρίνειν.
3106 5132 3571 5204 Ἐπισημαίνεται
3616 5134 3676 5187 δι
3716 5136 3747 5188 ὁ
3799 5136 4013 5209 Κύριος

2406 5225 2503 5277 καὶ
2536 5224 2628 5278 διὰ
2654 5224 2774 5289 τοῦ,
2806 5224 3055 5290 Σταθεὶς,
3082 5225 3144 5277 τὸ
3194 5225 3509 5297 ὑψηλόφρον
3538 5225 3707 5281 αὐτοῦ
3742 5228 3847 5281 καὶ
3876 5232 4012 5281 ἀτα-

2406 5317 2696 5371 πείνωτιν·
2724 5316 2817 5371 τοῦ
2857 5317 2959 5387 μὲν
2993 5319 3106 5390 γὰρ
3126 5304 3551 5389 ταπεινόφρονος
3583 5302 3682 5373 καὶ
3707 5321 3772 5373 τὸ
3794 5322 4013 5393 δρώμε-

2406 5426 2497 5462 νον
2528 5408 2807 5477 ταπεινὸν,
2838 5403 2996 5473 οὗτος
3024 5411 3081 5463 δὲ
3112 5412 3210 5465 καὶ
3255 5411 3335 5482 τῷ
3378 5413 3622 5482 σχήματι
3660 5413 4011 5487 σοδαρότητα

2408 5502 2784 5557 ἐπεδείκνυτο.
2820 5504 2884 5556 El
2911 5504 2967 5557 δὲ
2999 5505 3096 5557 καὶ
3142 5508 3271 5577 περὶ
3302 5504 3397 5557 τοῦ
3432 5506 3667 5559 τελώνου
3696 5508 3926 5578 εἴρηται
3956 5510 4011 5561 τὸ

2402 5595 2622 5661 ἑστὼς,
2647 5594 2764 5649 ἀλλ’
2785 5597 2886 5667 ὅρα
2908 5596 3003 5649 καὶ
3019 5598 3081 5651 τὸ
3101 5597 3300 5669 ἑφεξῆς
3333 5637 3348 5661 ,
3377 5598 3459 5651 ὅτι
3486 5598 3608 5651 οὐδὲ
3633 5600 3766 5664 τοὺς
3793 5602 3999 5669 ὀφθαλ-

2408 5692 2544 5763 μοὺς
2578 5693 2772 5763 ἢθελεν
2799 5696 2881 5756 εἰς
2911 5696 3006 5747 τὸν
3042 5694 3273 5762 οὐρανὸν
3300 5695 3531 5764 ἐπᾶραι,
3567 5676 3717 5747 ὥστε
3748 5696 3784 5765 η
3816 5698 4010 5759 στάσις

2405 5784 2557 5854 αὐτῷ
2593 5788 2975 5855 συγκεκυφυῖα
3000 5780 3092 5855 ἦν.
3138 5786 3383 5838 Ἐκείνου
3404 5773 3462 5839 δὲ
3498 5787 3595 5838 καὶ
3644 5786 3695 5843 οἱ
3734 5785 4009 5855 ὀφθαλμοὶ

2408 5878 2489 5942 είς
2516 5878 2609 5932 τὸν
2630 5878 2863 5949 οὐρανὸν
2875 5878 3151 5950 ὲτιῄροντο
3177 5917 3192 5944 ,
3217 5882 3311 5933 καὶ
3337 5881 3403 5951 τῇ
3426 5878 3627 5950 καρδίᾳ
3648 5879 4004 5947 animato-Sum.
