4228 6428
248 434 390 500 Ῑωδ
928 427 1379 493 ENARRATIO
1415 426 1499 487 ΙΝ
1538 418 1860 487 EVANGE]

1967 414 2050 478 3M
2084 419 2325 484 LUCIE.
2367 444 2440 457 —
2471 419 2632 480 CAP.
2686 417 2913 484 XVIII.
3430 417 3573 486 1006

241 549 393 619 Ὅρα
421 545 480 600 δι
511 545 620 599 κάν
641 545 708 614 τῇ
739 542 832 597 τοῦ
855 542 1160 614 Φαρισαίου
1185 541 1321 612 εύχῇ
1342 539 1496 606 τάξιν
1525 537 1854 592 ὑποδεικνυ-

1967 543 2143 587 erant.
2181 533 2331 589 Dixit
2364 534 2510 589 enim
2551 549 2566 587 :
2602 531 2720 587 Non
2748 548 2871 588 sum
2900 530 3045 590 sicut
3076 530 3234 586 multi
3262 530 3572 600 hominum.

246 642 424 712 μένην
466 639 627 709 ἡμῖν.
691 637 968 707 Πρότερον
999 635 1107 707 γὰρ
1138 630 1296 688 εἶπεν
1338 631 1376 688 ά
1432 633 1535 686 οὐκ
1575 631 1718 695 ἐστι,
1756 627 1855 682 καὶ

1967 624 2047 679 illa
2076 637 2130 680 et
2160 626 2248 684 illa
2271 667 2288 691 ,
2321 626 2524 682 deinde
2573 627 2832 697 apposuit
2858 639 2980 695 qua:
3035 625 3259 682 virtutis
3295 639 3485 694 erant,
3521 640 3581 684 ut

241 733 370 786 τότε
421 727 718 794 κατέλεξεν
747 728 784 782 ἃ
827 727 1000 782 εστιν.
1062 724 1250 780 Εἰπὼν
1284 724 1416 795 γάρ,
1446 723 1701 778 "01:06::
1736 721 1856 790 εἰμὶ

1967 717 2207 786 iejunare
2237 720 2322 774 bis
2353 719 2408 774 in
2442 717 2711 784 Sabbato,
2744 726 2802 774 et
2833 717 3081 774 decimas
3119 717 3253 774 dare
3295 717 3366 773 de
3400 721 3580 774 omni-

239 820 392 883 ὠςοί
443 819 630 874 πολλοὶ
668 819 782 873 τῶν
830 817 1144 890 ἀνθρώπιον
1185 817 1316 871 τάδε
1348 816 1446 871 καὶ
1501 815 1653 881 τάδε,
1681 830 1853 884 προσο

1967 811 2061 864 bus
2090 826 2214 880 qua:
2274 811 2614 880 possidebat.
2652 809 2885 881 Oportet
2915 812 3065 865 enim
3115 825 3225 866 non
3258 811 3434 867 solum
3478 813 3580 869 de-

244 913 414 982 έθηκε
445 913 543 966 καὶ
563 912 634 966 τά
657 913 757 984 τῆς
781 911 1013 982 ἀρετῆς,
1043 911 1108 966 τὸ
1136 907 1428 984 νηστεύειν
1462 909 1547 974 δὶς
1589 908 1685 963 τοῦ
1714 908 1856 961 2&6-

1967 902 2168 959 elinare
2191 918 2222 958 a
2249 902 2416 968 malo,
2447 903 2543 959 sed
2567 911 2623 959 et
2654 901 2842 958 facere
2864 902 3098 958 bonum.
3135 900 3201 957 Et
3232 903 3387 974 prius
3414 918 3580 975 opor-

245 1007 438 1067 ϐάτου.
472 1004 570 1058 καὶ
598 1004 663 1059 τὸ
682 1003 1062 1060 άποδεκατοῦν
1089 1005 1196 1058 ὅσα
1234 1006 1458 1058 κτᾶται.
1497 1005 1593 1056 Δεῖ
1629 1002 1740 1073 γὰρ
1776 1003 1853 1074 μὴ

1967 997 2038 1045 tet
2061 991 2335 1047 absistere
2367 1007 2398 1046 a
2428 991 2575 1048 male
2600 1031 2616 1058 ,
2665 1000 2722 1047 et
2770 1001 2961 1062 postea
2994 994 3260 1048 virtutem
3304 995 3527 1067 aggredi
3561 1013 3577 1050 :

245 1098 524 1153 ικκλίνειν
557 1098 720 1168 μόνον
750 1098 862 1152 ἀπὸ
892 1094 1092 1157 κακοῦ.
1120 1096 1259 1150 ἀλλὰ
1292 1097 1387 1150 καὶ
1415 1097 1595 1150 ποιεῖν
1623 1085 1858 1164 ἀγαθόν,

245 1193 359 1247 Καὶ
397 1193 669 1264 πρότερον
709 1192 793 1246 δεῖ
821 1191 1166 1263 ἀποσχέσθαι
1191 1191 1291 1262 τῆς
1321 1190 1554 1254 κακίας.
1592 1191 1690 1244 καὶ
1727 1189 1853 1243 τότε

243 1289 314 1357 τῇ
345 1286 515 1358 ἀρετῇ
545 1284 923 1356 έπιχειρῆσαι,
949 1283 1144 1356 ῶσπερ
1173 1279 1267 1338 οὗν
1299 1285 1396 1338 καὶ
1441 1283 1628 1354 πηγῆς
1659 1280 1854 1353 βορϐο-

250 1378 526 1449 ρωθείσης
559 1377 714 1459 ὕδωρ.
740 1377 960 1449 μέλλων
994 1377 1393 1448 ἀπαρύσασθαι
1418 1377 1684 1449 καθαρὸν,
1721 1377 1858 1449 πρό-

1957 1083 2424 1153 qnemadmodum
2475 1095 2531 1139 et
2588 1085 2644 1139 in
2695 1083 2851 1140 fonte
2887 1083 3092 1148 lutoso,
3144 1095 3203 1139 ut
3243 1099 3387 1155 aqua
3441 1101 3580 1157 pura

1959 1173 2184 1241 deﬂuat,
2229 1175 2384 1246 prius
2432 1176 2608 1231 lutum
2641 1177 3084 1248 expurgandum,
3123 1189 3181 1232 ut
3211 1177 3440 1234 haurias
3475 1193 3580 1248 pu-

1961 1282 2077 1321 ram
2105 1280 2329 1337 aqnmn.
2361 1269 2664 1325 Considera
2697 1280 2884 1326 autem
2916 1279 2973 1325 et
3001 1270 3127 1336 hoc,
3160 1271 3439 1340 quomodo
3469 1288 3581 1329 non

1961 1362 2266 1433 arripuerit
2325 1377 2558 1433 parvum
2595 1363 2865 1430 verbum,
2922 1372 2982 1418 ut
3033 1364 3301 1434 singulari
3359 1366 3583 1421 nomine

242 1441 407 1540 τερον
439 1441 754 1542 ικκάθαρον
802 1470 899 1524 τδν
957 1441 1248 1543 βόρϐορον,
1280 1472 1380 1525 καὶ
1427 1441 1858 1543 τότε-ἀρύσητὺ

1967 1455 2173 1510 diceret
2207 1495 2223 1521 ,
2259 1455 2357 1512 sed
2388 1441 2582 1526 plurali
2622 1471 2855 1512 numero
2885 1457 2940 1510 in
2984 1457 3186 1513 multos
3224 1458 3342 1514 haec
3371 1473 3585 1528 expue-

247 1564 514 1635 καθαρόν.
546 1563 660 1619 Καὶ
691 1563 852 1618 τοῦτο
888 1564 948 1619 δὲ
977 1563 1380 1635 ἐπισκόπησον,
1403 1563 1522 1628 πῶς
1549 1565 1650 1617 οὐκ
1677 1560 1855 1632 εἶπεν,

248 1658 335 1710 ὅτι
369 1659 472 1710 οὐκ
509 1657 632 1727 εἰμὶ
651 1656 729 1720 ὡς
763 1658 812 1710 ei
850 1655 1064 1719 πολλοὶ,
1098 1656 1310 1728 άρπαξ,
1356 1656 1569 1727 μοιχὸς,
1603 1656 1727 1710 οὐδὲ
1748 1657 1858 1728 γάρ

245 1750 579 1818 κατεδέξατο
612 1751 747 1822 άχρι
771 1751 868 1805 καὶ
892 1751 1143 1822 ῥήματος
1168 1750 1330 1821 ψιλοῦ
1371 1750 1547 1821 δνομα
1567 1749 1859 1821 διαϐεϐλη-

251 1842 416 1913 μένον
477 1841 558 1914 τῷ
615 1843 812 1898 ἑαυτοῦ
868 1843 1153 1915 προσώπῳ
1204 1843 1516 1915 μοναδικῶς
1550 1844 1855 1914 προσάψαι,

1963 1547 2075 1612 rit,
2104 1547 2340 1604 dicemlo
2367 1566 2384 1608 :
2410 1548 2566 1615 Quod
2601 1563 2708 1610 non
2739 1564 2860 1605 sum
2893 1548 3037 1604 sicut
3069 1551 3277 1605 caueri.
3307 1551 3445 1606 Cum
3488 1567 3587 1607 au-

1964 1648 2072 1694 tem
2105 1640 2374 1711 dixisset,
2409 1640 2529 1696 Non
2570 1656 2690 1697 sum
2740 1642 2889 1698 sicut
2931 1644 3154 1710 caeteri,
3199 1645 3494 1714 apposuit.
3528 1656 3586 1702 et

1964 1733 2145 1787 dixit:
2180 1730 2381 1802 Jejuno
2407 1733 2494 1790 bis
2543 1734 2598 1790 in
2649 1733 2915 1800 sabbato,
2957 1734 3060 1791 hoc
3113 1745 3222 1801 est,
3259 1737 3344 1792 bis
3387 1739 3440 1792 in
3483 1738 3584 1794 he-

1964 1825 2256 1883 bdomade.
2280 1828 2581 1883 Sabbatum
2610 1830 2757 1883 enim
2789 1829 3091 1885 hebdomas
3118 1840 3223 1895 est,
3244 1846 3366 1900 quae
3388 1848 3422 1887 a
3454 1847 3587 1888 con-

247 1895 392 1988 an
434 1895 823 2004 πληθυντικῶς
873 1895 990 1999 τὲτς
1040 1895 1255 2000 λοιέτοὶς
1286 1895 1294 1898 ⁷
1314 1895 1635 2008 summ;
1679 1895 1858 1989 ταξιτᾷ

1967 1919 2337 1974 summatione
2367 1929 2421 1973 et
2449 1919 2638 1990 quieto
2668 1918 2762 1975 die
2800 1919 3140 1975 nominatur.
3174 1895 3384 1976 Sabbat
3411 1923 3583 1987 enim,

251 2027 647 2098 προσέρριψεν.
678 2028 867 2083 Ei.me
914 2029 972 2083 δὲ
1023 2029 1148 2084 Ὅτι
1179 2030 1282 2083 οὐκ
1314 2031 1433 2101 εἰμὶ
1465 2028 1542 2092 ὡς
1578 2031 1626 2081 οι
1654 2029 1854 2096 λοιποὶ,

250 2118 526 2191 ἀντέθηκε
586 2120 768 2192 τούτῳ
807 2121 888 2187 τὸ,
949 2121 1219 2195 Νηστεύω
1269 2122 1354 2186 δὶς
1404 2122 1500 2176 τοῦ
1549 2122 1855 2186 Σαϐϐάτου,

247 2210 523 2278 τουτέστι,
554 2211 837 2287 δεύτερον
859 2215 962 2287 τῆς
1013 2214 1334 2288 ἑϐδομάδος.
1371 2216 1656 2272 Σάϐϐατον
1684 2217 1796 2290 γὰρ
1823 2217 1856 2287 ἡ

252 2303 494 2374 ἑϐδομὰς
535 2305 777 2374 ἐλέγετο,
802 2307 911 2360 ἀπ’»
941 2307 1042 2379 τῆς
1065 2304 1397 2374 τελευταίας
1423 2310 1519 2363 καὶ
1546 2308 1859 2363 ἁναπαυσί-

251 2413 359 2466 μου
386 2399 600 2467 ἡμέρας
623 2399 1030 2471 ὀνομαζομένη.
1063 2400 1284 2454 Σαϐϐὰτ
1310 2401 1421 2472 γάρ
1451 2401 1484 2473 ἡ
1515 2401 1856 2467 ἀνάπαυσις,

248 2490 347 2543 καὶ
381 2491 640 2546 Σάϐϐατα
666 2493 724 2547 δὲ
763 2494 866 2565 τὴν
898 2493 1175 2565 ἑϐδομάδα
1221 2493 1414 2564 ελεγον
1445 2495 1856 2566 πληθυντικῶς.

251 2581 421 2636 Ὅθεν
453 2587 547 2637 καὶ
585 2587 718 2656 μίαν
763 2586 1064 2642 Σαϐϐάτων
1097 2590 1199 2658 τὴν
1225 2589 1456 2661 πρώτην
1499 2591 1720 2662 ἡμέραν
1757 2594 1861 2658 τῆς

248 2672 550 2745 ἑϐδομάδος
599 2677 698 2749 τὴν
748 2680 882 2751 παρ’
914 2666 1049 2751 ἡμῖν
1102 2683 1397 2755 Κυριακὴν
1419 2684 1674 2738 ἐκάλουν·
1705 2685 1862 2756 παρὰ

249 2765 364 2837 γάρ
403 2766 682 2837 Ἑϐραίοις
712 2771 775 2824 τὸ
813 2772 944 2840 μίαν
971 2774 1172 2827 ταυτὸν
1201 2776 1464 2845 σημαίνει
1497 2776 1574 2848 τῷ
1608 2775 1856 2848 πρώτην.

1966 2012 2162 2082 quies;
2198 2013 2332 2082 quin
2358 2020 2414 2068 ct
2446 2011 2690 2068 Sabhata
2734 2013 3137 2069 bebdomadem
3174 2015 3435 2070 dicebant
3466 2016 3588 2086 plu-

1967 2107 2068 2160 rali
2099 2122 2351 2161 numero.
2391 2105 2554 2177 Unde
2587 2116 2644 2162 et
2694 2123 2861 2162 unam
2893 2107 3292 2174 Sabbatorum,
3347 2110 3585 2180 primani

1965 2201 2108 2256 diem
2139 2200 2523 2265 hebdomadas,
2562 2214 2684 2271 qua:
2718 2200 2862 2272 apud
2893 2216 2998 2256 nos
3025 2211 3110 2256 est
3141 2201 3453 2267 Dominica.
3485 2219 3584 2260 vo-

1964 2295 2197 2360 cabant;
2231 2296 2373 2365 apud
2409 2296 2674 2352 Hebraeos
2700 2281 2848 2352 enim
2883 2311 3055 2351 unum
3078 2306 3135 2351 et
3168 2297 3410 2368 primum
3439 2299 3584 2354 idem

1966 2388 2168 2459 signat.
2201 2387 2301 2443 Est
2331 2398 2388 2444 et
2433 2389 2575 2445 alius
2613 2390 2944 2461 profundior
2975 2405 3198 2458 sermo;
3236 2407 3362 2446 nam
3392 2401 3585 2447 contra

1965 2481 2300 2538 adulterium
2337 2482 2684 2553 gloriabatur
2720 2485 2787 2539 de
2813 2483 3028 2555 jejunio
3063 2497 3080 2540 :
3119 2499 3150 2538 a
3182 2485 3397 2541 deliciis
3438 2487 3586 2542 enim

1965 2576 2292 2646 petulantia.
2341 2577 2461 2647 Ipse
2519 2577 2684 2647 igitur
2749 2593 2958 2649 corpus
3035 2589 3266 2650 propter
3315 2581 3587 2650 jejunium

1965 2685 2352 2742 compescens,
2389 2686 2418 2724 a
2470 2671 2657 2726 multis
2689 2672 2964 2742 ejusmodi
3003 2671 3395 2730 affectionibus
3448 2674 3591 2730 liber

1966 2773 2103 2820 erat.
2141 2762 2474 2834 Jejunabant
2503 2775 2689 2819 autem
2719 2765 2986 2821 Pharisaei
3015 2769 3256 2822 secunda
3288 2777 3341 2822 et
3369 2768 3588 2837 quinta.

257 2859 454 2924 Ὀντος
481 2863 577 2914 καὶ
605 2862 799 2934 ἑτέρου
823 2863 987 2933 λόγου
1020 2865 1349 2938 βαθυτέρου·
1374 2869 1514 2940 πρὸς
1545 2869 1645 2940 μὲν
1671 2867 1765 2924 οὖν
1799 2870 1860 2923 τὸ

1967 2858 2173 2915 Contra
2211 2861 2460 2929 rapinam
2489 2871 2545 2916 et
2570 2857 2899 2929 injustitiam
2938 2860 3259 2931 proferebat
3307 2864 3587 2918 dationem

247 2953 354 3022 τῆς
379 2954 626 3023 μοιχείας
659 2955 830 3019 πάθος
858 2958 960 3029 τὴν
1006 2960 1264 3030 νηστείαν
1304 2962 1859 3035 ἀντηλαζωνεύσατο,

1967 2954 2313 3010 decimarum
2363 2954 2612 3008 omnium
2651 2969 2774 3022 qua:
2810 2955 3152 3024 possidebat.
3188 2953 3455 3019 Tantum,
3503 2957 3593 3011 ἰη-

250 3045 484 3114 καὶγὰρ
523 3049 634 3102 άπὸ
655 3049 869 3123 τρυφῆς
901 3052 935 3121 ὴ
961 3051 1214 3120 λαγνεία,
1260 3054 1426 3119 αὐτὸς
1474 3056 1576 3126 μὲν
1605 3057 1668 3110 τὸ
1696 3056 1860 3128 σῶμα

1967 3047 2108 3118 quit,
2141 3047 2462 3104 contrarius
2490 3063 2611 3102 sum
2655 3049 2862 3119 rapina:
2903 3058 2960 3104 et
2994 3049 3298 3120 injustitize,
3329 3059 3388 3105 ut
3423 3051 3591 3105 etiam

248 3136 342 3189 διά
374 3139 635 3207 νηστείας
661 3139 870 3210 ἄγχων,
905 3142 1044 3195 πολὺ
1073 3145 1272 3216 ἀπεῖχε
1302 3128 1414 3200 τῶν
1456 3148 1720 3204 τοιούτων
1747 3151 1866 3204 πα-’

249 3228 386 3284 θῶν.
432 3231 759 3303 Ἐνήστευον
788 3234 836 3287 δ’
869 3235 983 3306 ἄρα
1019 3238 1070 3290 οί
1105 3239 1395 3310 Φαρισαῖοι
1434 3241 1722 3314 δευτέραν,
1766 3245 1860 3298 καὶ

1971 3234 2191 3290 videtur
2241 3236 2572 3304 quibusdam
2616 3237 2946 3308 simpliciter
2995 3237 3160 3310 435
3205 3248 3262 3294 et
3312 3239 3487 3295 semel
3526 3241 3595 3295 de

252 3324 698 3397 πέμπην.Πρὸς
727 3327 784 3382 δὲ
806 3329 894 3397 τὸ,
925 3331 1213 3402 ’Δρπαγες
1235 3336 1332 3388 καὶ
1362 3334 1563 3401 άδικοι,
1596 3337 1860 3404 ἀντέταξε

1970 3328 2088 3400 lege
2119 3329 2412 3399 praedicari
2449 3347 2464 3383 :
2498 3329 2585 3385 his
2619 3339 2802 3385 autem
2843 3333 2936 3400 qui
2964 3330 3295 3401 profundius
3339 3343 3595 3389 scrutan-

1966 3155 2090 3210 quaa
2131 3155 2250 3195 mea
2284 3148 2435 3207 sunt,
2474 3142 2808 3211 expendam.
2865 3141 3213 3196 Dccintarttm
3248 3144 3396 3198 enim
3439 3145 3595 3199 datio
3672 3135 3677 3142 ’

247 3415 334 3480 τὸ,
376 3417 727 3474 ’Δποδεκατῶ
748 3423 851 3476 ὅσα
900 3423 1123 3494 κτῶμαι
1149 3441 1164 3455 ο
1197 3428 1455 3481 τοσοῦτον
1502 3429 1632 3501 γὰρ,
1669 3431 1859 3501 φησὶν,

251 3507 608 3582 έναντιοῦμαι
663 3517 731 3586 τῇ
784 3516 1038 3589 ἁρπαγῇ,
1093 3520 1191 3573 καὶ
1222 3520 1432 3592 ἀδικίᾳ,
1489 3520 1632 3574 ὥστε
1671 3524 1863 3578 καὶτὰ

249 3601 499 3672 έμαυτοῦ
556 3607 922 3680 προσδίδωμι.
991 3611 1058 3664 Ἢ
1113 3613 1171 3666 δὲ
1225 3613 1533 3679 δεκάτωσις
1558 3616 1711 3669 δοκεῖ
1759 3618 1862 3688 μέν

248 3710 399 3749 τισιν
416 3696 602 3761 άπλῶς
623 3700 720 3753 καὶ
741 3701 893 3768 άπαξ
918 3705 1074 3773 παρὰ
1094 3705 1190 3759 τοῦ
1216 3706 1388 3778 νόμου
1410 3709 1858 3780 διαγορεύεσθαι,

251 3787 372 3850 τοῖς
398 3787 458 3841 δὲ
491 3787 703 3858 βαθέως
748 3794 1051 3864 ἐρευνῶσιν
1083 3799 1272 3864 αὐτὸν,
1340 3801 1660 3872 εὑρίσκεται
1711 3805 1863 3876 τρεῖς

252 3876 590 3944 δεκατώσεις
615 3884 1034 3956 εἰσηγούμενος,
1069 3891 1163 3943 καὶ
1187 3889 1351 3946 τοῦτο
1379 3895 1444 3946 lx
1469 3895 1564 3949 τοῦ
1595 3897 1759 3950 Δευτε
1770 3915 1863 3967 ρο-

249 3971 446 4042 νομίου
480 3976 706 4050 μαθήσῃ
733 3980 1005 4052 ἀκριϐῶς,
1030 3985 1335 4059 ἐπιστήσας
1365 3989 1461 4045 τὸν
1487 3991 1634 4047 νοῦν.
1672 3994 1863 4050 Ταῦτα

260 4067 364 4135 μέν
395 4065 492 4121 οὖν
520 4071 549 4121 6
583 4072 903 4143 Φαρισαῖος·
935 4078 963 4127 6
1016 4078 1074 4130 δὲ
1105 4079 1352 4153 τελώνης
1379 4085 1562 4139 πάντα
1601 4087 1670 4140 τὰ
1707 4090 1865 4142 ἐναν-

251 4161 366 4216 τία.
395 4164 692 4235 Μακρόθεν
716 4169 829 4238 γάρ
851 4168 1044 4225 ἵστατο
1078 4175 1174 4227 καὶ
1199 4163 1465 4247 σχήματι,
1488 4179 1586 4234 καὶ
1627 4182 1860 4252 ῥήματι,

251 4256 350 4309 καὶ
384 4259 679 4323 κατανύξει
711 4262 944 4332 καρδίας
975 4266 1242 4336 πάμπολυ
1265 4271 1490 4342 ἀπέχων
1517 4274 1704 4342 αὑτοῦ,
1766 4279 1864 4332 καὶ

249 4350 314 4402 οὐ
342 4352 488 4421 μόνῳ
507 4353 589 4423 τῷ
615 4355 834 4425 τοπικῷ
860 4357 1196 4430 διαστήματι
1221 4377 1236 4391 °
1275 4365 1402 4429 τούς
1435 4383 1495 4419 τε
1522 4367 1631 4439 γάρ
1659 4370 1864 4440 629%).-

255 4444 393 4512 μοὺς
424 4443 604 4514 ᾐδεῖτο
623 4447 706 4509 εἰς
737 4448 827 4501 τὸν
866 4450 1102 4521 οὐρανὸν
1131 4450 1290 4526 ἆραι,
1322 4458 1582 4524 ἀναξίους
1629 4464 1730 4532 τῆς
1752 4463 1863 4519 τῶν

249 4537 368 4591 άνω
418 4537 549 4603 θέας
599 4539 806 4611 κρίνων
869 4545 999 4609 τοὺς
1028 4547 1097 4601 τά
1124 4547 1226 4618 τῆς
1267 4550 1372 4619 γῆς
1405 4553 1592 4622 ἀγαθά
1615 4553 1859 4626 βλέπειν,

1973 3432 2078 3486 tur,
2115 3432 2419 3478 occurrunt
2464 3432 2580 3478 tres
2617 3425 2958 3479 decimarum
2995 3426 3287 3492 dationes,
3335 3444 3476 3498 quas
3513 3430 3596 3481 in-

1971 3516 2212 3572 troducit
2250 3515 2301 3570 id
2349 3517 2496 3587 quod
2529 3532 2594 3573 ex
2647 3516 3080 3573 Deuteronomio
3111 3520 3317 3585 disces,
3369 3521 3416 3576 si
3469 3523 3598 3576 dili-

1967 3620 2162 3682 genter
2209 3611 2501 3666 intuearis.
2550 3611 2618 3667 Et
2677 3612 2795 3667 haec
2847 3613 3071 3682 quidem
3131 3610 3470 3670 PharisaBus.
3523 3616 3594 3670 At

1968 3703 2298 3773 publicanus
2321 3705 2560 3760 diversa.
2599 3704 2788 3775 Longe
2810 3707 2960 3761 enim
3000 3707 3202 3771 stabat,
3236 3719 3292 3761 et
3325 3711 3592 3779 gestibus,

1968 3804 2024 3849 et
2071 3810 2351 3862 sermone,
2395 3808 2452 3852 et
2512 3799 2941 3868 compunctione
2982 3800 3168 3855 cordis
3209 3801 3456 3856 distabat
3526 3808 3595 3856 ab

1969 3887 2084 3954 illo,
2121 3903 2228 3944 non
2281 3897 2496 3945 tantum
2538 3891 2718 3958 loco;
2747 3893 3046 3947 verebatur
3091 3893 3240 3948 enim
3291 3896 3481 3953 oculos
3539 3899 3596 3953 in

1968 3979 2170 4036 coelum
2239 3981 2522 4051 attollere,
2574 3985 2830 4055 indignos
2895 3985 3156 4055 judicans
3213 3987 3308 4058 qui
3367 4006 3590 4045 sursum

1970 4085 2326 4145 spectarent,
2361 4078 2453 4149 qui
2492 4077 2783 4133 voluerant
2827 4078 3019 4134 videre
3069 4081 3215 4136 bona
3257 4089 3503 4146 terrena,
3539 4092 3595 4136 et

1971 4170 2076 4224 illis
2101 4169 2242 4234 Irui.
2279 4171 2347 4225 Et
2397 4172 2677 4241 percussit
2717 4178 2910 4240 peetus
2953 4187 3144 4238 suum,
3172 4189 3271 4229 cor
3304 4177 3593 4240 videliec-i,

1969 4273 2196 4332 prepter
2222 4261 2414 4317 malas
2442 4264 2836 4331 cegitntiones,
2868 4272 2924 4319 et
2973 4273 3037 4318 ut
3063 4265 3270 4320 excitet
3313 4282 3403 4334 qm
3427 4268 3459 4321 d
3493 4284 3540 4322 ο.
3575 4297 3594 4306 -

1967 4354 2293 4419 dormierat,
2316 4353 2451 4410 nihil
2479 4354 2622 4408 aliud
2642 4354 2884 4420 dicebat,
2901 4369 3065 4425 quam
3096 4372 3110 4408 :
3140 4356 3306 4419 Deus,
3327 4360 3596 4429 prOpitius

1968 4451 2090 4498 esto
2133 4443 2268 4496 mihi
2314 4449 2617 4513 peceatori.
2658 4445 2896 4515 Propter
2929 4447 3047 4503 haec
3079 4450 3264 4503 omnia
3302 4450 3598 4506 descendit

1964 4534 2302 4603 justificatus
2334 4537 2385 4591 in
2438 4538 2660 4593 domum
2693 4555 2878 4607 suam,
2914 4541 3090 4610 magis
3137 4558 3303 4612 quam
3340 4544 3451 4600 ille.
3489 4544 3598 4600 lm-

249 4631 351 4685 καὶ
379 4631 727 4706 καρποῦσθαι
753 4634 1117 4707 θελήσαντας.
1145 4641 1240 4706 Et;
1267 4660 1327 4696 τε
1351 4644 1414 4698 τὸ
1445 4645 1860 4717 στῆθος-ἑαυτοῦ

1977 4629 2210 4686 mundus
2235 4631 2382 4686 enim
2407 4633 2548 4702 apud
2577 4633 2868 4688 Dominum
2895 4637 3080 4694 omnis
3105 4636 3378 4707 superbus
3404 4642 3594 4704 corde,

250 4719 506 4788 ιτυπτεν,
541 4724 643 4796 τὴν
667 4725 898 4797 καρδίαν
923 4729 1089 4782 οἱονεὶ
1126 4731 1392 4804 πλησσων
1436 4737 1580 4808 ὑπὲρ
1616 4739 1726 4792 τῶν
1757 4758 1859 4794 πο·-

250 4816 435 4886 νηρῶν
463 4817 875 4891 βουλευμάτων,
907 4825 1004 4877 καὶ
1034 4828 1116 4891 είς
1146 4828 1402 4900 αἴσθησιν
1450 4830 1740 4906 διεγείρων
1771 4829 1864 4890 οἷα

252 4909 758 4978 καθεύδουσαν,καὶ
788 4915 942 4969 οὐδὲν
972 4917 1104 4972 ἄλλο
1138 4919 1352 4988 ἔλεγεν,
1374 4922 1432 4992 ἢ,
1473 4924 1534 4976 '0
1564 4924 1717 4993 Θεὸς,
1746 4927 1860 4981 ἱλά-

255 5001 416 5072 σθητί
458 5022 549 5075 μοι
600 5006 680 5078 τῷ
708 5010 1043 5092 άμαρδωλῷ.
1110 5014 1222 5067 Καὶ
1252 5017 1343 5070 διὰ
1368 5019 1574 5072 τούτων
1599 5021 1861 5075 ἁπάντων

250 5095 463 5167 κατέϐη
519 5096 968 5172 δεδικαιωμένος,
1007 5105 1040 5177 ἦ
1077 5108 1309 5173 ἐκεῖνος,
1346 5110 1469 5164 ἀντὶ
1512 5110 1630 5180 τοῦ,
1661 5112 1792 5186 παρ’
1832 5115 1861 5167 ὂ

251 5188 463 5281 έκεῖνος
482 5205 496 5220 ·
512 5189 853 5265 ’Δκάθαρτος
874 5197 986 5269 γάρ
1007 5200 1160 5271 παρά
1191 5203 1384 5274 Κυρίῳ
1410 5207 1518 5267 πᾶς
1546 5206 1866 5281 ὑψηλοκάρ-

252 5280 390 5346 διος,
414 5283 509 5336 καὶ
537 5283 744 5356 Κύριος
764 5288 1144 5361 ὑπερηφάνοις
1165 5280 1868 5366 ἀντιτάσσεται,ταπεινοίς

249 5373 311 5428 δὲ
340 5375 521 5430 δίδωσι
543 5381 726 5448 χάριν.
773 5382 938 5437 Ἀλλά
961 5384 1299 5458 θαυμάσειεν
1332 5391 1398 5446 ἄν
1423 5409 1528 5457 τις,
1562 5393 1681 5461 πῶς
1703 5397 1732 5449 6
1764 5395 1867 5467 μὲν

251 5469 551 5541 Φαρισαῖος
577 5473 738 5543 ὀλίγα
761 5477 984 5547 ῥήματα
1019 5480 1510 5557 μεγαλοφροσύνης
1535 5487 1869 5559 προῖέμενος

251 5565 672 5638 κατακρίνεται,
707 5571 737 5623 6
764 5570 822 5625 δὲ
867 5570 992 5625 Ἰὼϐ
1025 5573 1329 5646 πάμπολλα
1372 5579 1866 5655 μεγαλορῤημονή-

252 5675 358 5724 σας
390 5663 791 5734 στεφανοῦται;
833 5667 959 5725 Ὅτι
987 5688 1072 5724 τοι
1096 5673 1126 5726 6
1157 5673 1257 5744 μὲν
1298 5675 1597 5747 Φαρισαῖος
1643 5678 1862 5745 οὐδενὸς

252 5754 664 5824 ἀναγκάζοντος
695 5761 884 5818 ἵστατο
926 5765 1158 5822 τοιαῦτα
1191 5765 1534 5841 ματαιάζων,
1564 5771 1659 5827 καὶ
1688 5789 1862 5825 κατα-

322 5942 365 5975 "-
407 5942 598 6002 lPetr.
638 5964 692 6014 ν,
724 5947 778 6005 5.

1971 4734 2028 4779 et
2057 4723 2323 4781 Dominus
2377 4730 2636 4797 superbis
2667 4729 2900 4794 resistit,
2954 4730 3256 4786 humilibus
3288 4743 3471 4787 autem
3506 4735 3598 4788 dat

1971 4819 2206 4888 gratiam
2228 4819 2296 4874 ⁹¹.
2332 4817 2537 4875 Verum
2565 4822 2934 4880 admirabitur
2962 4822 3105 4892 quis,
3139 4825 3420 4894 quomodo
3449 4825 3596 4881 Pha-

1971 4913 2188 4978 risaeus,
2215 4929 2340 4968 cum
2367 4929 2541 4983 pauca
2571 4916 2739 4970 verba
2772 4926 3096 4985 arroganter
3124 4919 3593 4988 pronuntiaverit,

1970 5008 2408 5074 condemnetur;
2433 5005 2537 5062 Job
2562 5019 2744 5064 autem
2772 5003 2894 5063 cuin
2924 5009 3096 5063 multa
3128 5011 3194 5066 de
3218 5026 3277 5067 se
3303 5015 3597 5085 magnifice

1971 5099 2139 5166 dicat,
2198 5103 2536 5158 coronetur?
2587 5102 2743 5171 Quod
2790 5102 3103 5160 Pharismus
3163 5105 3388 5174 quidem
3443 5109 3596 5162 nullo

1969 5205 2202 5265 cogente
2256 5206 2367 5251 stat
2420 5197 2550 5252 talia
2607 5214 2855 5269 nugaus.
2905 5209 2964 5253 et
3023 5197 3162 5254 alios
3210 5201 3597 5257 condemnatis

1969 5289 2118 5343 nullo
2155 5305 2253 5344 usu
2287 5299 2519 5360 urgente
2569 5310 2581 5346 :
2621 5290 2725 5346 Job
2779 5307 2910 5347 vero
2966 5294 3348 5363 prementibus
3375 5296 3591 5360 amicis,

1965 5396 2023 5441 et
2051 5384 2273 5456 gravius
2305 5385 2755 5442 incumbentibus
2781 5403 2949 5458 quam
2987 5388 3281 5443 calamitas
3328 5389 3469 5460 ipsa,
3501 5391 3587 5445 di-

1968 5480 2334 5548 centibusque
2379 5480 2527 5552 quod
2580 5490 2806 5551 prepter
2859 5492 3084 5552 peccata
3125 5481 3215 5536 illa
3251 5484 3325 5537 sit
3355 5500 3590 5554 passus,

1966 5574 2285 5644 compulsus
2314 5584 2398 5628 est
2429 5588 2763 5628 enumerare
2794 5589 2893 5630 sua
2927 5591 3119 5646 opera,
3168 5576 3335 5648 idque
3364 5585 3592 5647 prepter

1975 5669 2207 5740 gloriam
2239 5669 2336 5727 Dei
2361 5710 2375 5736 ,
2428 5685 2500 5726 ne
2532 5669 2745 5725 scilicet
2783 5669 3038 5728 hontines
3079 5688 3108 5726 a
3144 5683 3298 5728 recto
3329 5673 3591 5728 virtutum

1976 5789 2142 5829 cursu
2174 5771 2516 5827 exciderent.
2548 5764 2683 5821 Nam
2716 5766 2760 5821 si
2790 5781 3114 5837 persuasum
3151 5769 3471 5822 habuissent
3500 5766 3598 5820 lto-
