4228 6428
687 376 819 441 lOli

1540 386 1639 445 ΤΗ
1652 386 2057 449 EOPHYLAC’
2054 388 2123 449 ΓΙ
2167 386 2584 456 BULGARM!
2624 399 2986 465 ARCHIEP.

3828 413 3976 483 1012

680 493 844 545 etiam
878 506 939 545 ea
973 493 1025 546 in
1061 492 1259 577 quibus
1295 509 1401 549 non
1459 496 1635 561 multi,
1685 510 1855 566 neque
1898 498 2099 567 saepius
2134 515 2148 551 :
2193 506 2251 551 ιιι

2374 503 2603 575 ἔνδοθεν,
2650 511 2712 565 τὺ
2753 515 3024 581 φονεύειν,
3078 518 3264 592 ἐπειδὴ
3301 521 3445 592 μέγα
3491 521 3685 594 θηρίον
3715 527 3743 579 6
3774 528 3978 598 θυμός·

680 594 763 634 est
814 581 1143 637 adulterium
1194 585 1560 650 committere,
1588 588 1712 655 quia
1744 587 1883 657 ignis
1919 588 2189 645 naturalis
2217 604 2247 645 e

2374 603 2449 657 Τὸ
2472 605 2528 660 δὲ
2566 607 2822 663 κλὸπτειν
2862 581 3264 686 ἐλαφρότεροι.
3300 581 3395 669 iul
3422 621 3487 691 τῇ

685 681 965 746 internus;
996 679 1269 747 occidere,
1301 683 1429 751 quia
1458 686 1599 738 mala
1628 684 1798 739 bestia
1829 694 1914 739 cst
1939 684 2040 739 ira.
2071 684 2267 741 Furari

679 781 863 824 autem
904 772 1081 827 levius
1112 783 1219 842 est,
1269 784 1326 831 et
1355 777 1407 831 in
1446 775 1643 831 falsum
1684 777 2056 834 testimonium
2090 780 2271 834 rarius

676 864 921 919 incidere
950 866 1237 938 centingit.
1271 867 1403 930 Ideo.
1428 879 1485 925 et
1527 848 1614 924 illa
1652 871 1870 941 quidem
1901 871 2056 942 prius
2096 872 2272 927 corri-

675 966 897 1026 guntur,
927 973 993 1015 eo
1026 963 1171 1031 quod
1203 960 1363 1018 facile
1389 962 1444 1017 in
1488 963 1575 1018 illa
1613 964 1984 1034 prolabamnr,
2019 965 2269 1035 quamvis

674 1046 879 1114 alioqui
930 1052 1183 1117 graviora
1216 1050 1344 1104 sint.
1387 1048 1513 1106 Haec
1553 1061 1757 1117 autem,
1794 1052 1997 1107 furtum
2028 1052 2172 1120 dico,
2213 1063 2269 1108 et

675 1138 871 1192 falsum
918 1140 1320 1205 testimonium,
1368 1144 1609 1198 secundo
1660 1145 1777 1200 loco
1827 1145 1999 1214 ponit,
2042 1155 2100 1200 ut
2144 1161 2267 1216 quae

675 1232 856 1285 rarius
884 1232 1219 1302 contingant,
1253 1242 1307 1288 et
1330 1235 1530 1290 leviora
1563 1236 1695 1291 sint.
1723 1235 1894 1291 Porro
1928 1238 1979 1290 in
2014 1246 2266 1306 parentes

674 1338 923 1391 peccare,
954 1325 1203 1393 quamvis
1232 1326 1301 1381 sit
1328 1328 1533 1395 grande
1552 1339 1855 1398 peccatum,
1885 1337 2264 1386 verumtamen

673 1416 850 1468 rarius
894 1415 1181 1484 contingit.
1220 1414 1338 1470 Non
1374 1418 1518 1472 enim
1565 1418 1726 1473 facile
1760 1419 2035 1474 invenitur
2061 1419 2153 1489 qui
2189 1420 2263 1474 ita

669 1505 991 1562 bestialibus
1026 1508 1269 1564 moribus
1296 1510 1390 1575 sit,
1423 1520 1479 1561 ut
1515 1508 1567 1565 in
1596 1518 1850 1580 parentes
1873 1511 2260 1578 debaccltetur,

668 1597 828 1667 pauci
860 1599 1005 1652 enim
1034 1610 1182 1666 sunt,
1217 1615 1449 1671 raroque
1478 1602 1536 1655 lit
1565 1619 1580 1656 :
1610 1610 1662 1657 et
1704 1603 1825 1658 ideo
1854 1604 2132 1672 posterius
2164 1618 2263 1673 po-

668 1692 774 1745 nit.
810 1689 1101 1761 Postquam
1138 1702 1320 1749 autem
1350 1693 1670 1750 adolescens
1690 1711 1749 1751 se
1774 1695 1955 1750 omnia
1992 1695 2108 1750 lucc
2146 1710 2261 1750 ser-

668 1798 827 1838 vasse
854 1784 991 1840 dixit
1017 1800 1046 1839 a
1073 1785 1382 1853 juventute,
1412 1789 1743 1859 praescripsit
1768 1789 1817 1843 ei
1846 1788 2104 1844 Dominus
2126 1804 2261 1859 pau-

666 1884 957 1940 pertalem,
981 1886 1143 1945 caput
1161 1880 1399 1937 omnium
1423 1879 1703 1933 virtutum.
1728 1878 1860 1933 Vide
1880 1889 2061 1934 autem
2086 1878 2257 1948 legem
2292 1868 2335 1923 Β

666 1965 977 2021 Christiana
1016 1967 1123 2022 vita
1155 1968 1372 2037 dignam
1413 1986 1426 2022 :
1462 1968 1653 2023 Omnia
1704 1984 2059 2037 quaecumque
2092 1968 2260 2023 habes

666 2058 864 2124 vende,
899 2060 1110 2129 inquit;
1148 2077 1272 2117 nam
1302 2063 1345 2117 si
1375 2063 1503 2130 quid
1534 2062 1840 2132 reliqueris,
1879 2062 2025 2116 illius
2066 2075 2258 2115 servus

663 2165 745 2206 es.
787 2151 853 2205 Et
883 2152 1152 2209 distribue
1190 2170 1296 2209 non
1335 2154 1594 2209 divitibus
1630 2154 1897 2223 cognatis,
1933 2152 2026 2207 sed
2063 2165 2263 2219 paupe-

662 2242 834 2298 tibus.
870 2242 1045 2300 Habet
1077 2257 1261 2302 autem
1297 2256 1352 2303 et
1382 2247 1742 2302 distribuendi
1773 2246 1999 2300 verbum
2031 2245 2261 2316 empha-

660 2336 766 2389 sim
815 2338 1131 2405 quamdam,
1177 2346 1235 2393 ut
1282 2353 1405 2393 eum
1442 2338 1857 2405 dijudicatione,
1900 2345 1955 2394 et
2001 2354 2107 2393 non
2139 2338 2261 2407 glor-

661 2428 802 2483 tuito
826 2428 1211 2501 dispergautur
1238 2431 1403 2485 bona.
1429 2429 1600 2503 ωε
1624 2429 1892 2496 Quoniam
1921 2439 2101 2486 autem
2133 2446 2256 2485 cum

658 2529 983 2593 paupertate
1034 2532 1089 2577 et
1139 2522 1277 2580 alias
1340 2524 1544 2581 habere
1601 2526 1829 2581 virtutes
1884 2524 2255 2581 Christianum

658 2623 895 2681 oportet,
930 2624 1223 2683 propterea
1255 2615 1427 2672 dicit:
1461 2614 1529 2671 Et
1557 2617 1702 2683 veni,
1734 2632 1969 2686 sequere
1995 2630 2119 2671 me:
2151 2616 2257 2671 boc

658 2720 763 2775 est,
802 2720 858 2767 et
900 2711 957 2766 in
1009 2713 1263 2769 omnibus
1296 2713 1419 2769 aliis
1456 2722 1575 2769 esto
1624 2713 1926 2783 discipulus
1974 2727 2148 2777 meus,
2200 2720 2255 2767 et

660 2816 881 2873 semper
938 2818 1194 2871 sequere,
1248 2819 1353 2859 non
1416 2804 1578 2860 hodie
1628 2804 1872 2873 quidem,
1913 2819 2037 2860 cras
2072 2816 2253 2859 autem

656 2905 791 2944 non.
828 2888 898 2946 Ut
933 2901 1116 2946 autem
1141 2906 1309 2947 avaro
1330 2892 1583 2962 promisit
1607 2892 1886 2947 calestem
1913 2893 2250 2959 thesaurum,

652 2982 750 3037 sed
786 2997 893 3037 non
918 2984 1152 3038 attendit
1173 2984 1265 3038 ille
1290 3003 1304 3039 :
1332 2998 1524 3039 servus
1546 2984 1689 3040 enim
1708 2995 1825 3040 erat
1848 2986 2200 3055 pecuniarum
2234 3002 2249 3039 :

652 3075 781 3131 ideo
802 3086 857 3130 et
887 3086 945 3131 ut
966 3077 1196 3139 audivit.
1229 3078 1364 3133 abiit
1390 3078 1584 3144 tristis,
1611 3093 1676 3134 eo
1706 3078 1851 3149 quod
1886 3080 2249 3149 possessionis

652 3167 893 3236 privatio
925 3178 1073 3223 esset
1101 3169 1149 3224 ei
1182 3170 1352 3235 dicta,
1387 3180 1609 3241 propter
1640 3186 1802 3239 quam
1838 3172 1954 3241 ipse
1983 3181 2245 3227 aeternam

651 3258 821 3313 vitam
852 3258 1153 3327 desiderat,
1194 3276 1301 3329 quo
1344 3262 1515 3331 possit
1551 3272 1814 3333 perpetuo
1856 3262 2065 3318 divitiis
2112 3262 2242 3320 frui.
2274 3242 2321 3304 ο

651 3353 928 3409 Caeterum
971 3364 1027 3410 et
1074 3356 1293 3411 tristitia
1327 3358 1509 3426 arguit
1546 3374 1669 3415 eum
1706 3359 2028 3414 benevolum
2053 3367 2110 3415 et
2142 3375 2251 3416 non

650 3449 952 3518 malignum
978 3448 1164 3505 fuisse.
1188 3449 1379 3507 Nullus
1402 3452 1547 3507 enim
1572 3451 1975 3509 Pharisaeorum
2010 3470 2247 3523 unquam

649 3540 828 3597 tristis
878 3542 1033 3606 abiit,
1089 3544 1185 3599 sed
1235 3556 1597 3614 exasperatus
1651 3546 1855 3616 potius.
1899 3545 2017 3601 Non
2060 3547 2249 3617 ignoro

652 3642 833 3690 autem
861 3623 1004 3704 quod
1032 3652 1288 3708 magnum
1320 3637 1587 3693 laminam
1613 3640 1796 3693 mundi
1824 3640 2249 3711 Cbrysostomns

651 3728 1059 3785 adolescentem
1094 3729 1243 3785 hunc
1269 3746 1399 3786 vere
1428 3742 1684 3786 aeternam
1711 3734 1874 3787 vitam
1906 3734 2248 3791 desiderasse

647 3823 875 3888 putarit,
910 3832 964 3877 et
1010 3824 1154 3891 quod
1200 3823 1347 3879 illam
1387 3826 1605 3894 quidem
1651 3827 1937 3892 amaverit,
1972 3825 2249 3883 laborasse

649 3924 832 3968 autem
866 3915 1167 3969 diﬂiciliore
1203 3900 1397 3971 mbrbo
1428 3918 1672 3971 avaritia!
1704 3934 1719 3971 :
1756 3918 2109 3973 nihilominus
2142 3934 2245 3975 non

649 4015 799 4061 caret
833 4010 1005 4077 gratia
1040 4010 1185 4078 quod
1216 4026 1361 4088 nunc
1394 4011 1664 4080 adjectum
1687 4021 1790 4077 est,
1813 4011 1957 4082 quod
1991 4023 2245 4083 tanquam

648 4112 847 4155 avarus
884 4102 1047 4155 vitam
1084 4112 1347 4158 aeternam
1381 4103 1792 4159 desideraverit.

722 4193 891 4247 Vcns.
928 4193 1124 4249 Ωιι-50.
1157 4214 1176 4247 ι
1212 4195 1413 4251 Videns
1441 4207 1621 4251 autem
1650 4195 1810 4253 Jesns
1834 4198 1984 4253 illum
2010 4214 2246 4257 mmrore

648 4283 926 4351 allectum,
959 4287 1325 4355 dixit:Quam
1361 4287 1579 4343 diflicile
1602 4288 1695 4359 qui
1732 4291 1992 4359 pecunias
2021 4291 2241 4359 habent,

647 4376 701 4429 in
746 4392 973 4448 regnum
1016 4380 1106 4435 Dei
1144 4380 1459 4435 intrabunt!
1488 4380 1727 4437 Facilius
1775 4393 1857 4437 est
1892 4382 2035 4437 enim
2064 4399 2242 4441 came-

645 4471 756 4525 lum
794 4486 889 4539 per
942 4472 1185 4527 foramen
1231 4488 1364 4529 acus
1412 4477 1669 4541 transire,
1704 4492 1865 4546 quam
1898 4478 2119 4533 divitem
2162 4480 2244 4534 in-

647 4574 797 4617 trare
847 4565 901 4618 in
956 4580 1177 4631 regnum
1228 4567 1343 4621 Dei.
1384 4568 1447 4621 Et
1483 4568 1740 4625 dixerunt
1780 4573 1874 4643 qui
1906 4574 2192 4627 audierant
2227 4592 2239 4627 :

645 4649 709 4709 Et
750 4658 871 4724 quis
907 4667 1085 4726 potest
1124 4658 1309 4714 salvus
1362 4660 1523 4715 fieri?
1562 4662 1631 4715 At
1681 4663 1771 4720 ille
1804 4665 1883 4720 ait
1919 4686 1931 4721 :
1977 4664 2109 4733 Quae
2144 4668 2246 4722 im-

648 4746 931 4811 possibilia
970 4758 1096 4801 sunt
1132 4748 1271 4817 apud
1307 4750 1582 4816 homines,
1626 4756 1900 4823 possibilia
1935 4769 2063 4812 sunt
2103 4762 2242 4829 apud

644 4839 840 4896 Deum.
890 4841 982 4896 Ait
1034 4853 1214 4899 autem
1272 4847 1471 4903 Petrus
1516 4846 1711 4905 :Ecce
1772 4867 1870 4907 nos
1930 4853 2245 4922 reliquimus

642 4936 848 4992 omnia.
893 4935 997 5004 Qui
1040 4937 1178 4993 dixit
1214 4940 1295 4995 eis
1327 4958 1341 4995 :
1378 4943 1547 4997 Amen
1585 4942 1708 5000 dico
1753 4946 1929 5008 vobis,
1972 4962 2130 5003 nemo
2161 4958 2246 5005 est

646 5031 736 5099 qui
769 5032 990 5101 reliquit
1029 5032 1278 5099 domum,
1324 5046 1421 5089 aut
1456 5048 1733 5105 parentes,
1761 5049 1857 5094 aut
1902 5040 2121 5107 fratres,
2152 5054 2247 5098 aut

644 5136 899 5190 uxorem,
930 5133 1025 5178 aut
1065 5123 1269 5180 liberos
1303 5136 1524 5197 propter
1568 5144 1795 5199 regnum
1852 5132 1967 5199 Dei,
1995 5134 2085 5203 qui
2136 5151 2243 5190 non

645 5226 972 5285 recepturus
1005 5218 1079 5273 sit
1138 5220 1308 5275 multo
1338 5219 1490 5291 plura
1542 5221 1595 5275 in
1645 5224 1746 5278 hoc
1796 5236 2065 5296 tempore,
2104 5237 2158 5280 et
2191 5228 2241 5282 in

642 5318 876 5366 venturo
925 5312 1124 5368 saeculo
1168 5315 1332 5369 vitam
1362 5325 1649 5372 aeternam.
1684 5338 1704 5371 ›
1743 5320 2040 5391 Postquam
2090 5323 2243 5380 dives

641 5402 853 5458 audivit
900 5402 1240 5472 abjicienilas
1272 5407 1517 5475 divitias,
1564 5424 1795 5468 mmrore
1842 5413 2073 5469 allectus
2102 5426 2186 5470 est
2224 5433 2239 5470 :

640 5497 787 5551 unde
826 5495 960 5551 dicit
993 5497 1259 5554 Dominus
1292 5501 1600 5558 admirabili
1632 5504 1801 5575 figura
1827 5508 2102 5577 quomodo
2134 5510 2241 5565 dif-

646 5588 785 5643 ﬁcile
821 5591 893 5644 sit
923 5591 1190 5648 habentes
1224 5597 1483 5662 pecunias
1519 5596 1571 5651 in
1604 5612 1831 5668 regnum
1860 5603 2123 5656 caelorum
2158 5604 2239 5658 in-

642 5684 816 5747 gredi.
856 5682 973 5738 Non
1015 5685 1145 5741 dicit
1184 5688 1329 5757 quod
1380 5689 1720 5756 impossibile
1758 5694 1828 5747 sit
1869 5710 1963 5749 eos
2005 5697 2239 5766 ingredi,

643 5777 734 5828 sed
770 5776 1007 5831 diﬂicile.
1038 5778 1155 5835 Non
1194 5782 1340 5835 enim
1372 5782 1703 5851 impossibile
1741 5796 1821 5841 est
1850 5788 2049 5843 salvari
2078 5790 2235 5847 tales.

641 5870 905 5929 l’ossibile
940 5874 1085 5930 enim
1124 5874 1432 5946 expendere
1464 5878 1770 5948 pecuniam,
1804 5889 1856 5937 ct
1884 5897 2116 5953 superna
2148 5902 2236 5942 as-

2376 699 2667 764 σπανιάκις
2704 703 3057 773 περιπίπτειν
3080 706 3217 763 ἔστι.
3246 708 3338 763 Διδ
3358 712 3544 766 ἐκεῖνα
3576 714 3676 783 μιν
3703 718 3981 789 πρότερον

2371 790 2703 862 διορθοῦται,
2730 792 2819 850 οἷα
2848 797 3088 862 εὐκόλως
3115 802 3147 871 ἡ
3158 800 3276 870 μῶν
3307 804 3389 866 είς
3414 806 3601 859 ἐκεῖνα
3627 808 3976 864 ὀλισθαινόν-

2370 900 2504 949 των,
2536 887 2632 941 καὶ
2664 886 2841 953 άλλως
2881 890 3157 963 βαρύτερα
3184 892 3333 949 ὄντα.
3373 896 3559 951 Ταῦτα
3599 898 3818 972 δδ,.τὴν
3848 903 3980 956 κλοο

2372 981 2485 1052 πήν
2510 998 2677 1052 φημι,
2705 985 2798 1057 καὶ
2814 984 2915 1054 τὴν
2947 984 3453 1058 ψευδομαρτυρίαν,
3476 989 3708 1063 δεύτερα
3726 993 3974 1064 τίθησιν,

2371 1073 2449 1139 ὡς
2478 1076 2570 1129 καὶ
2604 1078 2901 1141 σπανιάκις
2927 1080 3248 1145 ἀπατῶντα,
3274 1083 3369 1136 καὶ
3411 1084 3779 1158 ἐλαφρότερα.
3808 1089 3975 1143 Ἐπεὶ

2370 1167 2425 1221 δὲ
2447 1168 2508 1223 τὸ
2529 1171 2610 1231 είς
2641 1172 2820 1238 γονεῖς
2844 1172 3205 1243 ἁμαρτάνειν,
3228 1178 3277 1228 εί
3298 1175 3395 1229 καὶ
3418 1176 3563 1246 μέγα
3594 1180 3746 1233 ἐστὶν
3775 1181 3973 1252 άμαρο

2368 1276 2542 1330 τημα,
2566 1260 2683 1315 ἀλλ’
2712 1262 2804 1315 οὖν
2830 1261 2905 1326 ὡς
2935 1264 3011 1335 μὴ
3045 1267 3311 1336 συχνάκις
3340 1270 3641 1338 συμϐαῖνον
3663 1288 3677 1300 ·
3703 1272 3827 1325 οὐδὲ
3858 1276 3973 1347 γὰρ

2368 1351 2631 1407 τοσοῦτον
2661 1353 2949 1425 θηριώδεις
2975 1353 3218 1421 εὐκόλως
3261 1359 3614 1429 εὑρίσκονται
3650 1362 3701 1415 οί
3752 1362 3972 1429 πολλοὶ,

2366 1443 2441 1507 ώς
2474 1448 2554 1509 είς
2596 1450 2775 1515 γονεῖς
2816 1452 3117 1521 παροινεῖν,
3170 1451 3288 1506 ἀλλ’
3336 1452 3610 1524 ὀλιγάκις,
3643 1458 3741 1512 καὶ
3766 1458 3969 1527 ὀλίγοι·

2368 1537 2600 1612 ὕστερον
2630 1542 2839 1597 τούτων
2878 1546 3152 1601 τέθεικεν.
3202 1548 3293 1611 Ὠς
3320 1548 3379 1602 δι
3428 1550 3459 1603 ό
3499 1550 3788 1616 νεανίσκος
3842 1551 3969 1608 εἷπε

2364 1631 2540 1687 ταῦτα
2576 1633 2756 1689 πάντα
2789 1636 3130 1705 φυλάξασθαι
3159 1642 3227 1694 ἐκ
3258 1641 3536 1713 νεότητος,
3576 1644 3639 1697 τὺ
3663 1646 3971 1714 κεφάλαιον

2364 1726 2586 1781 πάντων
2620 1728 2719 1799 τὴν
2742 1731 3131 1801 άκτημοσύνην
3151 1735 3181 1786 6
3204 1733 3413 1805 Κύριος
3441 1736 3592 1808 αὐτῷ
3621 1737 3968 1796 ὑποτίθησι.

2366 1821 2509 1891 Ὅρα
2560 1822 2618 1876 δὲ
2670 1825 2871 1892 νόμους
2922 1826 3323 1897 Χριστιανικῆς
3374 1829 3655 1895 πολιτείας
3697 1831 3777 1901 τῷ
3822 1831 3964 1896 δντι,

2367 1913 2553 1967 Πάντα
2594 1916 2693 1968 ὅσα
2725 1915 2871 1987 ἔχεις
2904 1916 3179 1989 πώλησον,
3198 1921 3393 1991 φησίν
3429 1923 3479 1975 εί
3514 1922 3624 1993 γάρ
3663 1940 3719 1975 τι
3756 1925 3963 1977 ἐναπο-

2370 2006 2550 2077 μείνῃ,
2587 2007 2801 2060 ἑκείνου
2829 2008 3016 2072 δοῦλος
3064 2004 3113 2064 εί
3141 2028 3156 2043 ·
3203 2012 3302 2065 καὶ
3340 2013 3543 2079 διάδος,
3574 2014 3637 2068 οὐ
3667 2016 3966 2083 συγγενέσι.

2365 2097 2664 2163 πλουσίοις,
2692 2100 2831 2154 ἀλλὰ
2859 2104 3117 2172 πτωχοῖς.
3148 2102 3317 2173 υῐμαι
3342 2104 3399 2159 δὲ
3426 2106 3509 2160 ὅτι
3542 2107 3723 2162 καὶτὸ
3746 2108 3965 2174 Διάδος,

2366 2191 2606 2261 ἔμφασιν
2634 2192 2746 2263 ἔχει
2798 2194 2895 2247 τοῦ
2938 2197 3077 2265 μετὰ
3118 2197 3378 2267 κρίσεως,
3424 2200 3520 2253 καὶ
3559 2200 3635 2272 μὴ
3668 2200 3744 2265 ὡς
3774 2201 3964 2273 ἔτυχε,

2366 2286 2458 2337 τὸν
2492 2286 2603 2339 τῶν
2644 2287 2947 2357 χρημάτων
2976 2291 3324 2361 σκορπισμδν
3368 2294 3669 2347 ποιεῖσθαι.
3710 2295 3870 2350 Ἐπεὶ
3901 2296 3966 2349 δὲ

2366 2380 2463 2433 σὺν
2491 2381 2555 2450 τῇ
2587 2380 2728 2449 άκτη
2740 2380 2947 2454 μοσύνῃ
2978 2382 3061 2437 δεῖ
3086 2386 3310 2455 καῖ’τὴν
3338 2385 3509 2456 ἄλλην
3529 2386 3733 2459 ἀρετὴν
3774 2388 3968 2442 πᾶσαν

2363 2475 2647 2543 προσεῖναι
2676 2474 2754 2546 τῷ
2777 2477 3077 2550 ἀνθρώπῳ,
3114 2478 3208 2532 διὰ
3248 2479 3411 2534 τοῦτο
3451 2476 3577 2535 εἷπε
3606 2500 3621 2514 ’
3657 2483 3768 2536 Καὶ
3796 2482 3968 2553 δεῦρο

2360 2566 2647 2621 ἀκολούθει
2697 2586 2809 2638 μοι,
2857 2574 3261 2636 τουτέστι,Καὶ
3313 2575 3375 2630 ιν
3420 2577 3558 2631 πᾶσι
3615 2577 3964 2642 τοῖς.άλλως

2360 2657 2470 2712 ῖσθι
2516 2661 2767 2733 μαθητὴς
2807 2664 2963 2735 ἐμὸς,
3000 2665 3098 2719 καὶ
3128 2667 3215 2721 ἀεὶ
3259 2666 3565 2735 άκολούθει,
3597 2669 3673 2741 μὴ
3713 2671 3965 2742 σήμερον

2361 2756 2483 2826 μὲν,
2516 2755 2707 2826 αὔριον
2736 2758 2782 2811 δ’
2810 2759 2894 2812 οὐ.
2936 2760 3026 2822 Ὠς
3059 2760 3117 2813 δι
3147 2761 3546 2834 φιλοχρημάτῳ
3582 2763 3961 2832 ἐπηγγείλατο

2358 2849 2450 2902 τὸν
2479 2851 2538 2902 ιν
2570 2850 2824 2920 οὐρανοῖς
2868 2852 3165 2925 θησαυρὸν,
3195 2854 3312 2909 ἀλλ’
3351 2855 3415 2909 οὐ
3448 2856 3753 2927 προσέσχεν
3791 2858 3822 2911 6
3849 2855 3960 2929 άρ-

2356 2958 2489 3010 χων,
2521 2939 2709 3005 δοῦλος
2737 2943 2847 3014 γὰρ
2871 2940 2940 3016 ἦν
2961 2946 3075 2999 τῶν
3112 2948 3435 3019 χρημάτων,
3463 2948 3547 3002 διδ
3583 2951 3680 3004 καὶ
3708 2948 3963 3015 ἀκούσας

2355 3032 2625 3104 ἐλυπήθη,
2650 3035 2732 3089 ὅτι
2762 3038 3021 3108 στέρησιν
3043 3039 3197 3111 αὐτῷ
3218 3040 3319 3110 τῆς
3341 3041 3594 3112 κτήσεως
3619 3044 3961 3114 εἰσηγεῖται,

2353 3123 2491 3177 ὅπου
2518 3142 2581 3195 γε
2608 3128 2775 3190 αὐτὸς
2809 3129 2904 3183 καὶ
2939 3132 3040 3201 τῆς
3078 3133 3303 3195 αίωνίου
3337 3133 3484 3206 ζωῆς
3516 3135 3607 3189 διὰ
3634 3136 3795 3190 τοῦτο
3829 3138 3961 3190 επι-

2354 3213 2536 3287 θυμεῖ,
2580 3218 2658 3282 ὼς
2692 3220 2760 3274 ἂν
2793 3222 2889 3302 ἐπὶ,
2917 3222 3055 3277 πολὺ
3078 3225 3143 3295 τῇ
3175 3224 3288 3280 τῶν
3320 3227 3626 3299 χρημάτων
3657 3230 3964 3302 περιουσίᾳ

2356 3311 2449 3361 καὶ
2494 3310 2733 3374 αίωνίως
2771 3300 3017 3387 ὲμσιοίη.
3072 3316 3182 3370 Καὶ
3232 3319 3295 3371 τὸ
3346 3310 3656 3392 λυπηθῆναι
3691 3322 3749 3376 δὲ
3789 3300 3963 3377 αὐτὸν

2354 3400 2699 3469 εὐγνώμονα,
2726 3405 2844 3458 ἀλλ’
2872 3407 2935 3461 οὐ
2964 3409 3277 3483 πανοῦργον
3300 3413 3579 3483 ὐποδηλοῖ,
3606 3416 3801 3479 Οὐδεὶς
3821 3416 3962 3484 γοῦν

2352 3494 2463 3547 τῶν
2476 3496 2790 3565 Φαρισαίων
2812 3500 3062 3573 ἰλυπήθη
3084 3506 3240 3568 ποτὲ,
3259 3507 3395 3563 ἀλλὰ
3417 3509 3618 3579 μᾶλλον
3637 3510 3956 3581 ἢγρίαινον.

2353 3586 2471 3639 Οὐκ
2500 3586 2685 3655 άγνοῶ
2717 3588 2795 3654 δὲ,
2828 3590 2910 3645 δτι
2941 3594 2971 3645 6
3003 3596 3179 3663 μέγας
3208 3598 3309 3667 τῆς
3349 3600 3680 3670 οἰκουμένης
3720 3602 3957 3672 φωστὴρ

2349 3680 2378 3729 6
2400 3681 2636 3753 χρυσοῦς
2666 3684 2766 3755 τὴν
2798 3684 3048 3754 γλῶτταν
3078 3690 3178 3760 τῆς
3204 3691 3377 3756 ὅντως
3400 3694 3623 3747 αἰωνίου
3647 3694 3797 3766 ζωῆς
3830 3699 3959 3750 ἑπι-

2351 3776 2546 3847 θυμεῖν
2572 3779 2666 3833 τὸν
2695 3779 2979 3836 νεανίσκον
3014 3784 3205 3839 τοῦτον
3237 3787 3476 3853 ἐδέξατο,
3523 3790 3619 3843 καὶ
3665 3791 3801 3861 ἑρᾷν
3848 3783 3957 3860 μὲν

2350 3871 2542 3941 αὐτῆς,
2574 3873 2903 3944 κατέχεσθαι
2928 3876 2983 3931 δὲ
3014 3878 3178 3931 πάθει
3207 3880 3415 3949 μείζονι
3447 3886 3513 3952 τῇ
3547 3882 3895 3956 φιλαργυρίᾳ

2352 3965 2492 4035 πλὴν
2512 3964 2615 4017 οὐκ
2639 3966 2808 4037 ἄχαρι
2838 3969 2933 4022 καὶ
2950 3969 2978 4022 δ
3000 3971 3095 4023 νῦν
3121 3975 3451 4046 προσετέθη,
3473 3975 3557 4030 δτι
3588 3977 3662 4039 ὡς
3687 3979 3961 4051 φιλοχρή-

2355 4078 2523 4123 ιιατος
2554 4060 2819 4131 ἐπεθύμει
2850 4062 2998 4134 ζωῆς
3029 4067 3281 4121 αἰωνίου.

2426 4218 2445 4249 ε
2496 4198 2640 4253 Ἰδὼν
2669 4201 2725 4254 δὲ
2766 4201 2931 4256 αὐτὸν
2958 4204 2987 4256 6
3034 4204 3244 4274 Ἰησοῦς
3284 4206 3590 4277 περίλυπον
3628 4210 3953 4279 γενόμενον,

2348 4286 2498 4343 εἷπε·
2524 4292 2647 4356 Πῶς
2677 4293 2953 4357 δυσκόλως
2975 4295 3026 4348 οι
3047 4296 3117 4349 τὰ
3144 4298 3408 4368 χρήματα
3434 4298 3675 4371 ἔχοντες,
3708 4305 3958 4357 εἰσελεύ-

2350 4401 2533 4436 σονται
2553 4386 2629 4446 είς
2661 4384 2761 4456 τὴν
2788 4385 3070 4455 βασιλείαν
3094 4389 3191 4442 τοῦ
3222 4389 3381 4446 Θεοῦί
3412 4392 3819 4465 Εὐκοπώτερον
3842 4399 3957 4469 γάρ

2348 4478 2466 4531 ἐστι
2525 4479 2772 4549 κάμηλον
2824 4480 2914 4533 διὰ
2957 4485 3270 4553 τρυμαλιᾶς
3322 4487 3549 4557 ῥαφίδος
3603 4490 3861 4554 διελθεῖν,
3918 4494 3955 4565 ἢ

2352 4570 2611 4623 πλούσιον
2637 4573 2720 4635 είς
2766 4573 2865 4643 τὴν
2908 4574 3195 4644 βασιλείαν
3227 4578 3324 4631 τοῦ
3365 4578 3502 4632 Θεοῦ
3529 4581 3819 4638 είσελθεῖν.
3858 4581 3957 4638 El-

2304 4676 2305 4679 ‘
2350 4676 2454 4713 πον
2494 4661 2551 4713 δὲ
2581 4662 2631 4713 οί
2661 4662 3019 4727 ἀκούσαντες⁹
3054 4667 3168 4719 Καὶ
3194 4671 3279 4731 τίς
3310 4669 3537 4725 δύναται
3568 4673 3853 4743 σωθῆναι;
3886 4676 3957 4730 Ὃ

2347 4753 2403 4806 δὲ
2446 4749 2589 4806 εἷπε·
2639 4756 2720 4807 Τά
2752 4756 2996 4810 ἀδύνατα
3027 4762 3180 4827 παρὰ
3225 4762 3559 4832 ἀνθρώποις,
3594 4764 3803 4821 δυνατά
3836 4771 3956 4823 ἐστι

2348 4846 2500 4917 παρὰ
2526 4847 2605 4920 τῷ
2635 4848 2773 4919 Θεῷ.
2810 4846 2947 4905 Elite
2978 4853 3034 4905 δὲ
3062 4856 3089 4907 6
3112 4854 3349 4925 Πέτρος·
3397 4856 3544 4912 Ἰδοὺ.
3572 4862 3741 4929 ἡμεῖς
3774 4863 3957 4932 ὰφτή-

2349 4956 2529 5009 καμεν
2564 4942 2769 4999 πάντα.
2815 4946 2874 4998 '0
2901 4945 2958 4997 δὲ
2996 4942 3155 5000 εἶπεν
3182 4949 3362 5019 αὐτῷ·
3408 4950 3581 5023 Ἀμὴν
3616 4952 3763 5022 λέγω
3797 4956 3954 5024 ὑμῖν,

2348 5034 2430 5087 ὅτι
2463 5034 2638 5099 οὐδείς
2678 5041 2844 5103 ἐστιν,
2876 5037 2935 5102 ὃς
2962 5040 3177 5111 ἀφῆκεν
3205 5042 3405 5108 οὶκίαν,
3434 5044 3694 5113 ἠγονεῖς,
3721 5046 3753 5116 ἢ
3791 5049 3954 5101 ἀδελ-ν

2348 5129 2503 5195 φοὺς,
2536 5129 2570 5201 ἢ
2603 5148 2666 5200 γυ
2714 5133 2857 5197 ιῖκα,
2892 5133 2923 5204 ἢ
2957 5133 3125 5188 τέκνα
3156 5134 3345 5189 ἕνεκεν
3386 5138 3485 5208 τῆς
3520 5138 3806 5209 βασιλείας
3857 5144 3955 5198 τοῦ

2346 5220 2503 5289 Θεοῦ,
2529 5222 2589 5287 δς
2613 5225 2676 5278 οὐ
2705 5224 2782 5296 μὴ
2809 5226 3064 5301 ἀπολάϐῃ
3095 5228 3538 5285 πολλαπλασίονα
3572 5233 3631 5287 ὲν
3660 5233 3742 5303 τῷ
3773 5237 3953 5307 καιρῷ

2344 5318 2542 5390 τούτῳ,
2576 5322 2672 5375 καὶ
2708 5324 2765 5374 ὲν
2793 5322 2872 5395 τῷ
2890 5323 3050 5378 αἰῶνι
3079 5325 3145 5395 τᾷ
3170 5327 3453 5398 ἐρχομένῳ
3488 5327 3633 5399 ζωὴν
3664 5329 3947 5386 αἰώνιον.»

2358 5412 2577 5485 Ἐπειδὴ
2625 5418 2652 5469 6
2684 5416 2945 5482 πλούσιος
2986 5419 3231 5484 άκούσας
3278 5422 3378 5492 τὴν
3427 5424 3539 5477 τῶν
3587 5425 3954 5497 ὑπαρχόντων

2342 5506 2652 5573 άπόκτησιν
2699 5510 2970 5581 ἐλυπήθη,
3028 5514 3198 5584 φησιν
3239 5517 3267 5568 6
3321 5514 3527 5585 Κύριος
3577 5516 3948 5593 θαυμαστικῷ

2341 5606 2421 5675 τῷ
2456 5607 2720 5676 σχήματι,
2757 5607 2881 5669 Πῶς
2907 5608 3183 5673 δυσκόλως
3223 5612 3272 5663 oi
3303 5611 3372 5665 τὰ
3408 5614 3674 5684 χρήματα
3705 5618 3948 5687 ἔχοντες,

2343 5701 2744 5755 εἰσελεύσονται
2779 5703 2859 5765 είς
2888 5705 2988 5773 τὴν
3016 5703 3299 5775 βασιλείαν
3326 5708 3417 5759 τοῦ
3442 5707 3578 5761 Θεοῦ
3607 5710 3620 5762 ι
3647 5711 3753 5765 οὐκ
3794 5707 3949 5766 εἶπεν

2341 5794 2422 5846 ὅτι
2460 5794 2739 5858 ἀδυνάτως
2784 5796 3002 5865 ἔχουσιν
3042 5784 3333 5867 είσελθεῖν,
3362 5799 3500 5853 ἀλλὰ
3539 5801 3847 5867 δυσκόλως.
3873 5803 3947 5858 ο.)

2343 5886 2450 5959 γὰρ
2477 5888 2739 5944 ἀδύνατον
2776 5890 3020 5963 σωθῆναι
3064 5892 3190 5958 τοὺς
3222 5894 3520 5962 τοιούτους.
3568 5897 3814 5953 Δυνατὺν
3841 5898 3945 5968 γὰρ
