4228 6428
241 417 384 486 1013

913 415 1363 478 ΕΝΑΒΗΑΤΙΟ
1401 414 1484 475 ΙΝ
1528 411 1852 475 EVANGEI

1959 411 2039 473 ῙΜ
2080 410 2321 474 LUC/ﬁ.
2344 434 2412 446 ·-
2442 410 2608 471 CAP.
2640 409 2864 471 XVIII.

3413 402 3562 473 ιοιι

237 533 313 586 τά
342 531 449 601 χρὴ
461 546 606 599 ματα
633 525 995 600 προεμένους,
1025 527 1313 597 ἐπιτύχείν
1343 525 1456 578 τῶν
1481 523 1616 578 ἀνω.
1638 523 1847 576 Δύσκο-

1959 522 2130 591 sequi.
2187 520 2255 575 Et
2305 517 2523 576 dimeile
2562 519 2781 586 quidem
2850 521 2969 574 hoc.
3028 518 3363 575 Teuaeiores
3411 523 3557 577 enim

237 626 335 680 λον
365 625 547 697 μέντοι
581 621 740 675 τοῦτο
773 636 790 652 ο
824 619 939 685 ἰξοῦ
995 621 1106 691 γάρ
1140 617 1590 689 κολλητικώτερα
1612 617 1678 672 τὰ
1711 617 1846 686 χρή-

242 733 396 789 ματα
429 716 527 771 καὶ
547 713 826 776 δυσκόλως
859 712 1180 765 ἀποσπᾶται
1213 713 1242 765 ὁ
1275 709 1490 774 τούτοις
1530 709 1844 780 συαχεθείς.

239 804 617 882 Παρακατιὼν
644 805 705 858 δι
739 805 837 858 καὶ
880 804 957 866 ὡς
991 801 1257 858 ἀδύνατον
1301 802 1438 856 αὐτὸ
1481 801 1684 872 τίθησι,
1712 801 1849 871 φησὶ

240 895 790 972 γάρ,Εύκοταίντερόν
828 899 945 950 ἐστι
983 895 1234 966 κάμηλον
1268 894 1358 948 διά
1397 892 1709 964 τρυμαλιᾶς
1746 895 1847 964 ῥα-

241 995 395 1065 φίδος
428 992 715 1057 εἰσελθεῖν,
745 991 780 1062 ἢ
829 989 1086 1044 πλούσιον
1127 987 1372 1059 σωθῆναι
1400 1005 1413 1017 °
1440 987 1710 1042 ἀδύνατον
1739 986 1849 1057 γὰρ

240 1087 463 1150 πάντως
492 1085 745 1157 κάμηλον
769 1083 858 1139 διά
888 1086 1254 1155 τρυπήματος
1289 1081 1533 1153 βελονίου
1573 1080 1847 1152 χωρῆσαι,

239 1185 355 1238 εἴτε
380 1181 443 1235 τὸ
474 1178 616 1245 ζῶον
640 1179 772 1233 αὐτὸ
797 1173 1017 1248 νοήσεις
1046 1174 1319 1245 κάμηλον,
1343 1173 1457 1227 εἴτε
1486 1170 1701 1243 σχοῖνόν
1725 1186 1851 1224 τινα

239 1274 509 1346 ναυτικὴν
555 1274 813 1344 παχεῖαν.
850 1271 916 1324 Εἰ
964 1264 1059 1324 οὖν
1106 1268 1358 1339 κάμηλον
1396 1265 1716 1339 χωρηθῆναι
1759 1263 1851 1317 διὰ

237 1368 608 1438 τρυπήματος
643 1364 887 1436 βελονίου
930 1361 1336 1429 εὐκοπώτερον,
1380 1361 1415 1431 ἢ
1451 1359 1711 1415 πλούσιον
1741 1375 1850 1412 σω-

239 1458 437 1529 θῆναι,
490 1457 758 1513 ἀδύνατον
799 1457 857 1511 δέ
903 1451 1069 1509 τοῦτο
1101 1495 1117 1518 ,
1177 1453 1578 1525 ἀδυνατότερον
1633 1451 1744 1522 ἄρα
1788 1448 1852 1502 τὺ

241 1554 488 1622 σωθῆναι
555 1550 836 1605 πλούσιον.
889 1549 956 1602 Τί
1009 1545 1106 1602 οὖν
1153 1547 1304 1602 ἔστιν
1363 1548 1571 1616 εἰπείνζς
1626 1546 1851 1617 Πρῶτον

243 1645 369 1714 μὲν,
406 1645 491 1698 ὃτι
532 1643 752 1713 ἀληθῶς
807 1640 985 1704 οὕτως
1036 1641 1152 1712 εχει
1183 1657 1199 1673 ο
1238 1640 1500 1695 πλούσιον
1556 1640 1668 1711 τάρ
1719 1639 1850 1692 ὄντα

241 1737 507 1791 ἀδύνατον
547 1735 812 1807 σωθῆναι.
870 1735 965 1806 Μή
1012 1734 1126 1806 γάρ
1181 1751 1271 1805 μοι
1311 1733 1474 1806 εἴπῃς
1515 1734 1600 1786 ὅτι
1642 1734 1671 1786 ό
1702 1732 1853 1785 δεῖνα

242 1830 502 1893 πλούσιος
544 1830 642 1896 ὢν,
688 1829 862 1884 ἐδίδου
912 1827 982 1882 τά
1034 1827 1334 1896 προσόντα,
1365 1827 1462 1880 καὶ
1515 1825 1698 1896 ἐσώθη
1742 1841 1755 1854 ·
1784 1825 1846 1878 οὐ

240 1925 354 1996 γάρ
404 1921 664 1987 πλούσιος
724 1922 943 1987 ἐσώθη,
1008 1917 1127 1974 ἀλλ’
1168 1919 1210 1991 ἢν
1245 1921 1516 1989 ἀκτήμων
1570 1917 1846 1987 γεγονὼς,

243 2020 278 2088 ἢ
309 2015 450 2080 τέως
467 2016 753 2085 οἰκονόμος
777 2013 852 2068 ὣν
874 2013 1080 2084 ἐσώθη,
1104 2014 1202 2066 καὶ
1223 2013 1347 2083 οὐχὶ
1371 2011 1655 2075 πλούσιος.
1683 2011 1850 2066 Ἀλλο

240 2110 355 2181 γάρ
385 2108 673 2179 οἰκονόμος
710 2110 806 2161 καὶ
833 2107 964 2162 ἀλλο
996 2106 1257 2170 πλούσιος
1279 2122 1295 2137 ο
1323 2106 1580 2170 πλούσιος
1618 2106 1718 2176 μὲν
1739 2105 1850 2173 γάρ

241 2204 419 2267 ἐστιν,
446 2202 474 2255 ό
505 2201 685 2271 ἐαυτῷ
712 2201 900 2272 τηρῶν
931 2201 1024 2254 τὸν
1051 2200 1307 2264 πλοῦτον,
1344 2201 1628 2270 οἰκονόμος
1655 2198 1710 2252 δὲ
1733 2201 1761 2252 ό
1781 2199 1848 2252 δι’

209 2293 470 2364 ,ἐτέρους
533 2293 724 2348 τοῦτον
772 2292 1162 2364 ἐγχειρισθείς.
1228 2293 1392 2346 Ὥστε
1453 2293 1549 2345 καὶ
1604 2293 1654 2344 εἰ
1693 2284 1849 2356 οὗτος

241 2384 449 2454 ἐσώθη,
474 2385 538 2438 οὐ
558 2384 820 2448 πλούσιος
841 2383 1046 2454 ἐσώθη,
1072 2383 1189 2438 ἀλλ’
1216 2382 1275 2454 ἢ,
1298 2383 1375 2446 ὡς
1404 2382 1641 2453 ἔφημεν,
1669 2383 1850 2436 πάντα

241 2479 704 2551 ἀποκτησάμενος
731 2476 767 2532 ἀ
797 2473 968 2548 εῖχεν,
995 2476 1030 2549 ἢ
1059 2476 1137 2541 ώς
1169 2477 1459 2548 οἰκονόμος
1491 2475 1678 2540 καλῶς
1708 2476 1850 2530 αὐτὰ

239 2573 639 2644 διατιθέμενος.
671 2571 904 2626 Ἔπειτα
931 2571 1028 2626 καὶ
1055 2569 1215 2626 τοῦτο
1252 2570 1471 2637 σκόπει,
1510 2570 1594 2624 ὅτι
1626 2569 1721 2624 τὸν
1751 2570 1849 2641 μὲν

241 2665 505 2721 πλούσιον
553 2665 824 2720 ἀδύνατον
881 2663 1168 2736 σωθῆναι,
1226 2664 1319 2718 τὸν
1364 2664 1423 2718 δὲ
1476 2664 1547 2718 τά
1588 2665 1852 2734 χρήματα

243 2759 442 2831 ἔχοντα
463 2758 753 2820 δύσκολον,
790 2758 866 2822 ώς
894 2757 962 2812 ἂν
992 2759 1041 2810 εἰ
1078 2755 1292 2825 ἔλεγεν,
1344 2757 1403 2811 '0
1441 2756 1544 2827 μὲν
1579 2757 1851 2828 ἐχόμενος

242 2854 356 2909 ὑπὸ
384 2854 493 2908 τῶν
525 2853 852 2925 χρημάτων,
882 2853 979 2907 καὶ
1022 2851 1296 2906 δουλεύων
1348 2853 1556 2916 αὐτοῖς,
1586 2852 1685 2907 καὶ
1708 2869 1850 2922 κρα-

239 2949 508 3019 τούμενος
528 2950 588 3002 οὐ
619 2947 948 3018 σωθήσεται,
980 2949 1008 3000 ό
1031 2946 1089 2999 δέ
1120 2945 1263 3017 ἔχων
1287 2947 1355 2999 τά
1377 2947 1660 3019 χρήματα,
1689 2964 1849 3001 τουτ-

241 3041 364 3096 ἐστι
387 3079 403 3103 ,
456 3039 649 3110 κύριος
671 3039 855 3093 αὐτῶν
882 3038 984 3106 ὣν,
1015 3039 1112 3093 καὶ
1144 3039 1307 3103 αὐτὸς
1353 3037 1494 3108 ἔχων
1523 3037 1721 3104 ταῦτα,
1749 3039 1852 3093 οὐκ

241 3136 508 3206 ἐχόμενος
528 3133 586 3187 δέ
613 3133 709 3187 ὑπ’
740 3131 945 3198 αὐτῶν,
974 3132 1254 3195 δυσκόλως
1290 3131 1598 3203 σωθήσεται
1629 3132 1720 3186 διὰ
1751 3131 1851 3202 τὴν

1876 1872 1926 1931 Β

1953 616 2104 669 visco
2141 615 2430 668 adbazrent
2457 614 2725 682 pecuniae,
2753 622 2810 667 et
2845 609 3063 666 difﬁcile
3093 612 3441 667 abstrahitur
3466 616 3559 682 qui

1953 723 1984 762 a
2023 706 2221 761 talibus
2249 714 2338 761 est
2369 705 2828 775 comprehensus.
2849 701 2968 758 Non
3003 704 3174 758 multo
3197 713 3380 758 autem
3414 716 3556 773 post.

1953 800 2176 871 subiicit
2198 800 2476 870 quomodo
2501 798 2844 870 impossibile
2872 799 2946 853 sit
2972 813 2986 850 :
3013 796 3151 852 dicit
3170 797 3320 851 enim
3349 797 3563 854 facilius

1951 910 2077 950 esse
2111 895 2382 949 camelum
2418 909 2512 964 per
2546 892 2794 947 foramen
2831 906 2966 947 acus
3001 892 3231 956 intrare,
3273 905 3436 961 quam
3481 895 3563 945 di-

1953 989 2120 1042 vitem
2153 984 2379 1041 salvari.
2413 984 2755 1054 impossibile
2813 985 2960 1040 enim
3001 990 3087 1038 est
3132 981 3362 1038 omnino
3412 986 3559 1051 quod

1954 1079 2225 1135 eamelum
2269 1078 2452 1148 capiat
2495 1076 2742 1132 foramen
2780 1089 2923 1131 acus
2951 1093 2965 1129 :
2997 1075 3113 1130 sive
3149 1089 3246 1145 per
3290 1074 3562 1130 camelum

1953 1172 2160 1226 animal
2194 1169 2486 1240 intelligas,
2515 1170 2631 1224 sive
2661 1168 2847 1224 funem
2881 1171 3161 1223 nauticum
3191 1181 3462 1223 crassum.
3506 1167 3564 1223 Si

1956 1265 2123 1336 igitur
2164 1263 2380 1319 facilius
2410 1265 2679 1319 catnelum
2719 1277 2815 1331 per
2846 1261 3095 1318 foramen
3127 1277 3262 1318 acus
3299 1263 3560 1320 transire.

1954 1373 2119 1430 quam
2156 1359 2357 1413 salvari
2385 1357 2611 1412 divitem
2645 1394 2660 1420 ,
2697 1356 3036 1425 impossibile
3075 1365 3259 1409 autem
3295 1356 3421 1423 hoc,
3457 1357 3562 1410 im-

1953 1451 2270 1522 possibilius
2294 1451 2462 1521 igitur
2500 1448 2698 1504 salvari
2732 1448 2978 1502 divitem.
3001 1445 3142 1513 Quid
3181 1446 3353 1515 igitur
3381 1448 3568 1502 dicen-

1955 1544 2125 1600 dum?
2146 1543 2392 1597 Primum
2423 1541 2667 1611 quidem,
2699 1541 2845 1610 quod
2873 1554 2999 1593 vere
3021 1541 3100 1592 sic
3119 1527 3319 1604 habet,
3358 1541 3564 1609 impos-

1955 1637 2116 1692 sibile
2138 1636 2337 1692 salvari
2367 1651 2492 1690 eum
2513 1635 2603 1702 qui
2631 1635 2787 1688 dives
2813 1640 2918 1686 est.
2939 1629 3051 1686 Nec
3075 1630 3221 1686 enim
3254 1631 3390 1696 mihi
3415 1633 3565 1688 dicas

1955 1733 2100 1802 quod
2134 1733 2377 1788 salvatus
2421 1730 2493 1786 sit
2539 1731 2694 1785 dives
2737 1731 3009 1801 quispiam
3049 1729 3140 1798 qui
3170 1741 3267 1782 sua
3305 1727 3517 1783 dederit
3551 1749 3565 1783 :

1959 1839 2066 1879 non
2090 1825 2236 1879 enim
2270 1825 2423 1879 dives
2454 1825 2698 1878 salvatus
2729 1834 2833 1889 est,
2852 1826 2943 1878 sed
2968 1824 3094 1892 quia
3119 1837 3326 1892 pauper
3359 1821 3563 1885 factus.

1953 1917 2122 1991 539
2154 1919 2236 1974 vel
2286 1918 2639 1985 dispensator
2689 1919 2938 1973 existens
2995 1929 3249 1974 servatus
3290 1928 3397 1983 est,
3457 1935 3564 1973 non

1953 2012 2130 2067 dives.
2175 2011 2338 2065 Aliud
2370 2013 2516 2065 enim
2550 2018 2634 2064 est
2664 2010 3040 2081 dispensator,
3072 2010 3219 2064 aliud
3263 2012 3439 2067 (lives.
3465 2001 3565 2066 ὀἰσ-

1951 2119 2048 2160 ves
2072 2104 2219 2159 enim
2248 2113 2355 2169 e5t,
2383 2106 2474 2174 qui
2502 2104 2603 2159 sibi
2644 2115 2892 2158 reservat
2915 2103 3138 2159 divitias
3173 2121 3187 2157 :
3220 2105 3570 2173 dispensator

1951 2213 2106 2259 vero.
2139 2198 2226 2254 cui
2256 2198 2588 2253 concredita:
2621 2207 2748 2252 sunt
2776 2207 2998 2267 propter
3022 2197 3178 2252 alios.
3208 2199 3274 2252 Et
3303 2199 3376 2253 ita
3403 2199 3567 2254 etiam

1953 2293 2043 2348 hic
2078 2294 2124 2349 si
2170 2290 2410 2349 salvatus
2455 2301 2561 2359 est,
2601 2308 2708 2347 non
2745 2293 2898 2347 dives
2946 2292 3194 2348 salvatus
3225 2300 3331 2357 est,
3363 2292 3481 2356 sed,
3512 2304 3572 2347 ut

1955 2387 2218 2453 diximus,
2253 2386 2337 2441 vel
2369 2386 2495 2456 quia
2533 2385 2792 2440 omnibus
2833 2385 3190 2440 renuntiavit
3207 2399 3328 2454 quae
3355 2384 3568 2450 habuit,

1954 2482 2042 2537 vel
2084 2481 2213 2550 quia
2255 2479 2333 2534 uti
2360 2478 2712 2549 dispensator
2748 2479 2888 2533 bene
2923 2478 3044 2533 illas
3077 2478 3384 2534 distribuit.
3412 2477 3570 2534 Insu-

1953 2589 2054 2645 per
2079 2574 2263 2630 ethoc
2311 2573 2714 2641 animadverte,
2754 2574 2900 2641 quod
2938 2573 2988 2627 di
3012 2573 3164 2628 .‘item
3206 2573 3429 2644 quidem
3465 2571 3571 2628 im-

1954 2668 2217 2738 possibile
2260 2675 2344 2721 est
2400 2665 2603 2722 salvari
2639 2681 2654 2732 ;
2716 2665 3213 2734 pecunias.autem
3252 2664 3570 2730 habentem,

1955 2757 2212 2824 dimcile;
2245 2756 2404 2827 quasi
2460 2757 2712 2813 diceret:
2744 2755 2851 2825 Qui
2901 2756 3141 2812 habetur
3183 2766 3244 2812 et
3296 2765 3572 2813 tenetuaa

1956 2852 2230 2923 pecuniis,
2274 2865 2340 2906 ae
2375 2850 2548 2906 servit
2593 2850 2697 2916 eis,
2745 2865 2854 2905 non
2897 2850 3210 2906 salvabitnr
3243 2868 3257 2904 :
3295 2849 3390 2920 qui
3442 2860 3575 2904 vero

1953 2945 2219 3018 pecunias
2269 2942 2457 3008 habet,
2494 2941 2600 2997 hoc
2645 2949 2751 3005 est,
2800 2942 3058 2998 dominus
3115 2941 3332 2997 illarum
3387 2951 3493 3006 est,
3521 2951 3577 2996 et

1955 3040 2072 3110 ipse
2101 3039 2264 3096 habet
2312 3053 2431 3105 eas,
2466 3043 2522 3094 et
2551 3052 2660 3092 non
2693 3035 2932 3091 habetur
2958 3036 3027 3092 ab
3057 3035 3140 3092 eis
3163 3077 3179 3102 ,
3217 3033 3435 3092 diﬁicile
3461 3035 3574 3092 sal-

1954 3134 2174 3188 vabitur
2201 3143 2425 3202 propter
2458 3132 2757 3187 humanam
2792 3129 3195 3185 infirmitatem.
3233 3128 3577 3200 lmpossibile

240 3227 596 3300 ἀνθρωπίνην
620 3225 929 3283 ἀσθένειαν.
976 3224 1274 3279 ’Δδύνατον
1306 3226 1419 3297 γὰρ
1456 3226 1532 3295 μὴ
1553 3226 1852 3314 παραχρή-

1959 3226 2104 3281 enim
2140 3235 2224 3280 est
2255 3241 2362 3280 non
2398 3225 2547 3280 abuti
2585 3226 2668 3281 his
2690 3242 2812 3297 quae
2844 3225 3130 3281 habemus.
3163 3223 3379 3293 Quippe
3409 3239 3577 3294 quan-

243 3325 444 3378 σασθαι
479 3315 563 3386 οἷς
590 3320 814 3393 ἔχομεν’
847 3320 955 3384 ἓως
985 3320 1096 3391 γὰρ
1128 3319 1330 3390 ἔχομεν
1361 3322 1650 3393 χρήματα,
1684 3337 1853 3373 σπου-

241 3417 399 3481 δάζει
423 3419 450 3470 ό
471 3411 722 3477 διάϐολος
761 3412 1155 3478 ὑποσκελίζειν
1188 3415 1361 3484 ἡμᾶς,
1395 3416 1476 3477 εἰς
1506 3413 1566 3466 τδ
1589 3414 1744 3486 παρὰ
1763 3414 1856 3467 τὸν

243 3509 480 3574 κανόνα,
522 3510 618 3561 καὶ
665 3507 757 3560 τὸν
808 3505 975 3577 νόμον
1024 3507 1123 3576 τῆς
1171 3505 1486 3576 οἰκονομίας
1537 3506 1858 3576 χρήσασθαί

242 3602 394 3655 ἐστιν
418 3601 528 3663 ὅτε,
562 3598 659 3654 καὶ
688 3598 950 3653 δύσκολον
977 3600 1244 3668 ἐκφυγεῖν
1275 3598 1377 3662 τάς
1403 3599 1642 3667 παγίδας
1666 3599 1854 3654 αὑτοῦ.

243 3694 348 3749 Διά
372 3692 533 3747 τοῦτο
585 3693 752 3746 καλὸν
787 3694 820 3762 ή
852 3692 1214 3764 ἀχρημοσύνη
1249 3693 1345 3746 καὶ
1393 3693 1583 3761 σχεδὸν
1618 3694 1855 3765 ἀπείρα-

246 3803 397 3841 στον.
424 3781 596 3840 Εῐπον
619 3786 696 3852 δέ,
731 3789 920 3856 φησὶν,
954 3787 1003 3839 οἰ
1023 3785 1363 3848 ἀκούσαντες
1383 3802 1396 3815 ·
1423 3786 1518 3848 Τίς
1554 3786 1666 3848 ἄρα
1696 3788 1858 3842 δύνα-

242 3897 337 3933 ται
360 3880 639 3950 σωθῆναι;
681 3876 744 3933 '0
772 3879 827 3932 δέ
850 3874 1003 3932 εἴπεο
1035 3896 1055 3930 ι
1081 3877 1164 3930 Τά
1185 3876 1426 3930 ἀδύνατα
1460 3880 1616 3950 παρά
1641 3880 1858 3951 ἀνθρώ-

244 3991 396 4038 ποις,
445 3973 651 4027 δυνατά
703 3975 857 4043 παρὰ
899 3972 981 4045 τῷ
1005 3971 1147 4043 Θεῷ.
1191 3990 1209 4024 ι
1248 3972 1410 4043 [Ιαρά
1446 3971 1547 4042 μὲν
1593 3974 1706 4044 γὰρ
1741 3976 1858 4037 τοῖς

244 4065 602 4137 ἀνθρωπίνην
637 4066 865 4136 γνώμην
895 4065 1135 4136 ἔχουσιν,
1168 4064 1290 4136 ἦτοι
1323 4065 1476 4118 κάτω
1510 4067 1854 4136 συρομένοις,

245 4162 344 4216 καὶ
378 4157 712 4229 ἐπιθυμοῦσι
737 4158 845 4212 τῶν
872 4159 1103 4228 γηΐνων,
1134 4157 1401 4213 ἀδύνατόν
1434 4160 1555 4212 ἐστι
1588 4159 1857 4230 σωθῆναι,

245 4254 327 4318 ὡς
353 4255 593 4325 εἴρηται,
643 4254 800 4324 παρά
825 4253 883 4307 δέ
914 4252 1035 4324 Θεῷ
1068 4254 1320 4319 δυνατὸν,
1375 4253 1683 4319 τουτέστιν,
1728 4257 1858 4309 ὅταν

245 4366 334 4411 τις
379 4346 690 4417 σύμϐουλον
717 4346 817 4419 ἔχῃ
848 4346 941 4400 τὸν
970 4346 1128 4412 Θεὸν,
1166 4347 1261 4400 καὶ
1288 4346 1358 4399 τὰ
1378 4345 1732 4416 δικαιώματα
1756 4348 1855 4402 τοῦ

244 4437 414 4503 Θεοῦ,
455 4439 680 4502 καὶτὰς
723 4441 856 4508 περὶ
894 4438 1292 4510 ἀχρημοσύνης
1338 4439 1562 4502 ἐντολὰς
1592 4440 1856 4495 διδασκάο

246 4533 377 4596 λους
405 4531 566 4604 λάϐῃ,
601 4533 696 4585 καὶ
723 4533 825 4602 τὴν
856 4531 988 4602 παρ’
1024 4532 1235 4585 ἐκείνου
1279 4534 1598 4587 ἐπικαλοῖτο
1625 4536 1852 4588 ἐπικου-

1959 3319 2051 3374 diu
2101 3317 2364 3388 pecunias
2405 3317 2698 3381 habemus.
2755 3317 2985 3372 molitur
3027 3315 3283 3373 diabolus
3313 3331 3414 3371 nos
3442 3331 3577 3387 sup-

1960 3410 2235 3479 plantare,
2278 3423 2347 3463 ne
2390 3408 2577 3478 regula
2642 3409 3076 3477 dispensationis
3126 3417 3278 3464 recte
3334 3415 3555 3462 utamur

1959 3513 2012 3555 et
2037 3501 2255 3557 dilIlcile
2284 3509 2371 3556 est
2396 3499 2636 3569 cﬂngere
2660 3499 2780 3569 ejus
2802 3502 3029 3572 laqueos
3060 3519 3074 3568 ;
3109 3510 3400 3571 propterea
3433 3502 3575 3555 bona

1961 3606 2042 3650 est
2067 3602 2381 3666 paupertas,
2407 3603 2461 3650 et
2491 3593 2645 3662 quasi
2674 3593 2977 3649 tentatione
2998 3593 3275 3663 superior.
3311 3591 3578 3648 Dixetunt

1962 3701 2168 3756 autem,
2205 3687 2405 3756 inquit,
2442 3688 2495 3742 hi
2524 3687 2615 3758 qui
2650 3687 2987 3741 audierant:
3024 3687 3162 3755 Quis
3216 3688 3383 3757 igitur
3421 3700 3577 3759 pote-

1962 3784 2032 3838 rit
2069 3781 2306 3836 salvari?
2343 3783 2414 3834 At
2444 3781 2532 3837 ille
2562 3780 2701 3836 dixit
2733 3798 2750 3835 :
2788 3799 2806 3832 ι
2839 3781 2971 3848 Qua:
3018 3781 3379 3850 impossibilia
3434 3785 3578 3852 apud

1962 3874 2214 3928 homines
2266 3881 2418 3939 sunt,
2473 3873 2756 3942 possibilia
2809 3882 2935 3928 sunt
2990 3875 3133 3942 apud
3187 3873 3382 3928 Deum.
3422 3895 3440 3928 ι
3474 3876 3578 3942 Qui

1961 3965 2108 4018 enim
2152 3963 2358 4019 habent
2407 3974 2647 4018 mentem
2696 3963 2993 4017 humanam
3045 3981 3168 4035 quae
3199 3967 3269 4020 ad
3317 3965 3579 4022 inferiora

1962 4060 2159 4128 vergit,
2193 4065 2249 4112 et
2312 4065 2530 4111 terrena
2582 4055 2883 4120 desiderat,
2941 4056 3144 4111 salvari
3184 4072 3290 4112 non
3325 4070 3576 4128 possunt,

1961 4154 2105 4207 sicut
2155 4153 2361 4207 dictum
2412 4159 2514 4206 est.
2575 4149 2684 4205 Deo
2740 4160 2925 4205 autem
2979 4151 3261 4220 possibile.
3317 4152 3422 4206 hoe
3472 4168 3580 4216 est,

1960 4245 2183 4317 quando
2215 4244 2339 4314 quis
2372 4241 2753 4301 consiliarium
2793 4242 2957 4298 habet
2990 4243 3185 4309 Deum,
3221 4253 3276 4298 et
3310 4244 3582 4312 justiﬁca-

1964 4338 2144 4393 tiones
2179 4336 2295 4403 Dei,
2327 4343 2384 4390 et
2429 4334 2691 4390 mandata
2747 4332 2993 4405 Magistri
3027 4335 3093 4390 de
3128 4347 3455 4406 paupertate
3491 4352 3585 4392 su-

1964 4433 2148 4502 scipit,
2178 4440 2233 4487 et
2259 4429 2405 4485 illius
2439 4431 2659 4484 invocat
2684 4428 2988 4494 auxilium;
3026 4429 3291 4497 possibile
3319 4431 3470 4484 enim
3501 4443 3592 4485 est

1963 4530 2092 4583 hoc.
2141 4523 2407 4580 Nostrum
2460 4527 2546 4577 est
2589 4523 2736 4578 enim
2789 4521 2928 4577 velle
2965 4521 3198 4587 bonum,
3250 4522 3347 4578 Dei
3399 4533 3580 4578 autem

250 4625 398 4696 ρίαν,
451 4624 676 4677 δυνατὸν
727 4624 882 4677 ἔσται
937 4622 1120 4677 τοῦτο·
1159 4623 1323 4695 ήμῶν
1354 4626 1454 4696 μὲν
1484 4625 1597 4696 γάρ
1643 4627 1759 4680 ἐστι
1795 4628 1852 4680 τὸ

1966 4622 2253 4691 perficere.
2307 4618 2376 4672 Et
2418 4616 2582 4672 aliter
2628 4635 2641 4672 :
2692 4617 2736 4671 si
2788 4617 3011 4685 quidem
3069 4618 3584 4672 transcenderimus

246 4715 476 4788 θελῆσαι
525 4718 587 4771 τὸ
640 4718 848 4788 ἀγαθὸν
879 4761 893 4784 ,
937 4718 1074 4771 Θεοῦ
1123 4718 1180 4773 δὲ
1251 4721 1312 4771 τὸ
1373 4719 1684 4774 τελειῶσαι.
1744 4723 1855 4776 Καὶ

246 4812 427 4875 ἄλλως
483 4810 540 4864 δὲ
574 4812 738 4882 εἴπερ
778 4811 1228 4883 ύπεραωσάντες
1266 4814 1450 4867 πᾶσαν
1492 4814 1847 4885 ἀνθρωπίνην

244 4904 342 4956 ἐπὶ
365 4902 442 4972 τῷ
483 4897 702 4974 πλούτῲ
725 4903 1093 4975 μικροψυχίαν
1116 4945 1129 4965 ,
1155 4904 1461 4977 θελήσομεν
1484 4907 1675 4976 φίλους
1715 4911 1853 4980 ἡμῖν

244 4996 451 5060 αὐτοὺς
466 4997 690 5067 ποιῆσαι
723 4998 788 5050 ὲκ
816 4996 913 5049 τοῦ
944 4999 1192 5069 μαμωνᾶ
1215 5002 1313 5070 τῆς
1340 4999 1577 5065 ἀδικίας,
1609 5002 1855 5073 σωθησό-

247 5089 413 5162 μεθα,
451 5091 545 5144 ὑπ’
575 5092 761 5145 αὐτῶν
791 5093 872 5156 εἰς
896 5092 996 5156 τάς
1023 5093 1282 5157 αἰωνίους
1314 5095 1524 5165 σκηνὰς
1556 5113 1856 5169 παραπεμ-

247 5183 501 5252 πόμενοι.
541 5183 765 5237 Βέλτιον
818 5185 919 5255 μὲν
950 5184 1060 5257 γὰρ
1090 5185 1187 5239 ἐὰν
1218 5186 1400 5240 πάντα
1441 5188 1768 5259 προώμεθα,
1806 5192 1856 5242 εἰ

245 5273 300 5327 δὲ
343 5273 418 5344 μὴ
451 5274 650 5341 πάντα,
689 5276 1077 5346 συμμεριστάς
1104 5275 1239 5342 γοῦν
1270 5278 1497 5345 ποιῆσαι
1530 5279 1657 5342 τοὺς
1687 5279 1855 5349 πένη-

245 5383 368 5431 τας,
403 5368 500 5421 καὶ
528 5367 706 5432 οῦτως
735 5369 799 5421 τὸ
832 5369 1100 5423 ἀδύνατον
1140 5369 1371 5424 δυνατὸν
1413 5369 1649 5439 γίνεται.
1697 5371 1856 5425 Ἀδύ-

247 5476 412 5514 νατον
458 5461 561 5528 μὲν
605 5461 717 5533 γάρ
760 5461 854 5514 τὸν
905 5460 980 5532 μὴ
1016 5464 1198 5515 πάντα
1251 5462 1852 5534 προέμενονσωθῆναι,

246 5555 391 5626 πλὴν
422 5553 511 5606 διά
550 5555 970 5626 φιλανθρωπίαν
999 5555 1138 5609 Θεοῦ
1163 5556 1375 5626 γίνεται
1397 5557 1492 5610 καὶ⁵
1517 5556 1579 5610 τὸ
1604 5559 1855 5628 μερικῶς

250 5646 580 5719 μεταδοῦναι
631 5649 710 5712 εἰς
747 5649 1021 5718 ὠφέλειαν
1074 5651 1363 5719 ἀνάλογον.
1425 5650 1572 5722 Πρὸς
1619 5651 1854 5705 ταῦταὸ

245 5742 456 5811 Πέτρος
505 5743 720 5813 ἐρωτᾷ·
757 5742 894 5796 Ἰδοὺ
942 5743 1106 5813 ἡμεῖς
1162 5743 1459 5814 ἀφήκαμεν
1509 5742 1688 5796 πάντα
1716 5758 1730 5772 °
1765 5745 1860 5797 καὶ

246 5835 431 5907 ἐρωτᾷ
459 5835 559 5907 οὐχ
605 5835 748 5909 ύπέρ
810 5837 1009 5892 ἐαυτοῦ
1073 5837 1259 5909 μόνον,
1309 5837 1447 5892 ἀλλά
1494 5838 1633 5909 πρὸς
1675 5853 1858 5910 παρα-

252 5928 454 6000 μυθίαν
526 5929 752 5986 πάντων
805 5930 916 5987 τῶν
982 5931 1257 6004 πενήτων.
1315 5931 1434 5986 Ἵνα
1488 5931 1597 6002 γὰρ
1674 5930 1750 6003 μὴ
1805 5933 1857 5986 οἰ

1967 4715 2266 4770 humanam
2298 4713 2446 4768 illam
2473 4710 2851 4766 infirmitatem
2877 4709 3132 4775 divitum,
3165 4719 3218 4766 et
3248 4712 3585 4768 voluerimus

1966 4808 2126 4864 nobis
2152 4809 2337 4862 facere
2369 4807 2581 4861 amicos
2616 4819 2681 4859 ex
2714 4819 3027 4860 mammona
3066 4805 3374 4873 injustitiae,
3406 4807 3586 4862 salva-

1966 4906 2150 4959 bimur
2183 4916 2281 4972 per
2303 4915 2420 4965 eas,
2447 4909 2500 4955 et
2531 4899 2864 4970 recipiemur
2892 4901 2946 4954 in
2968 4910 3174 4954 aeterna
3203 4899 3583 4956 tabernacula.

1967 4998 2103 5053 Nam
2144 4997 2339 5052 melius
2380 4995 2602 5065 quidem
2659 4992 2825 5048 fuerit
2873 4994 3154 5049 dimittere
3203 4995 3390 5049 omnia
3426 5013 3438 5060 ;
3470 4996 3578 5049 hoc

1967 5100 2150 5145 autem
2185 5088 2229 5143 si
2267 5087 2474 5152 minus,
2514 5085 2712 5140 saltem
2747 5087 2930 5142 facere
2959 5088 3260 5157 partiarios
3288 5101 3586 5157 pauperes,

1967 5193 2022 5240 ει
2051 5185 2130 5240 sic
2157 5182 2501 5252 impossibile
2529 5182 2623 5237 lict
2657 5169 2942 5251 possibile.
2981 5183 3328 5252 lmpossibile
3365 5186 3586 5254 quidem

1969 5288 2119 5332 esset
2153 5290 2259 5329 non
2309 5276 2567 5330 omnibus
2615 5276 2863 5331 dimissis
2897 5276 3129 5342 salvari,
3167 5293 3356 5332 verum
3405 5288 3585 5333 tamen

1968 5382 2024 5425 et
2055 5378 2139 5424 est
2171 5380 2396 5437 propter
2427 5366 2868 5422 misericordiam
2900 5369 3021 5436 Dei,
3056 5370 3101 5423 si
3137 5380 3324 5438 partes
3373 5371 3591 5425 dederi-

1969 5479 2094 5517 mus
2127 5463 2180 5516 in
2210 5476 2368 5516 usum
2403 5474 2726 5530 congruum.
2757 5461 2840 5516 Ad
2873 5463 2987 5517 haec
3012 5460 3209 5517 Petrus
3243 5462 3545 5536 interrogat
3573 5482 3587 5518 :

1971 5557 2109 5612 Ecce
2147 5569 2246 5611 nos
2275 5553 2600 5624 reliquimus
2645 5556 2853 5611 omnia.
2901 5557 3209 5629 lntcrrogat
3260 5569 3446 5615 autem
3481 5575 3585 5614 non

1969 5664 2069 5721 pro
2102 5665 2173 5720 se.
2195 5649 2335 5714 solo,
2381 5649 2477 5704 sed
2507 5647 2577 5702 ad
2604 5649 3063 5717 [consolationem
3096 5653 3340 5707 omnium
3385 5668 3586 5723 paupe-

1972 5762 2116 5800 rum.
2148 5745 2219 5802 Ut
2245 5745 2391 5801 enim
2425 5759 2529 5798 non
2563 5742 2663 5800 soli
2698 5744 2896 5800 divites
2930 5744 3131 5800 bonum
3161 5762 3312 5816 spem
3351 5747 3591 5802 habeant

1970 5853 2030 5896 se
2062 5840 2240 5894 multa
2289 5848 2707 5905 consecuturos,
2762 5839 2856 5909 qui
2918 5838 3150 5894 multum
3209 5839 3583 5909 reliquerint,

1972 5946 2243 6005 pauperes
2267 5941 2448 5988 autem
2483 5947 2708 6002 parvam
2743 5946 2897 6000 spem
2934 5929 3198 5999 habeant,
3236 5931 3381 6001 quod
3415 5947 3585 6002 pauca
