4228 6428
704 398 846 463 1015

1576 394 2122 457 THEOPHYLACT
2130 394 2154 452 Ι
2190 390 2599 455 BULGARIJS
2640 391 2995 451 AliClllEl’.

3829 383 3975 453 1016

704 510 1047 581 reliquerint,
1094 516 1152 565 et
1188 517 1475 578 propterea
1515 522 1713 577 parvas
1768 506 2159 562 retributiones
2194 508 2282 561 ha-

2396 505 2643 558 πλούσιοι
2688 504 2840 573 μόνοι
2875 499 3151 563 εὐέλπιδες
3181 492 3335 560 ῶσιν,
3372 497 3448 561 ὡς
3482 493 3696 549 πολλῶν
3724 498 3992 567 τευξόμεν

706 605 872 660 hituri
929 604 1071 669 sint,
1121 602 1423 670 interrogat
1461 600 1655 655 Petrus
1691 610 1746 653 et
1795 600 1985 659 audit.
2040 602 2183 666 quod
2232 601 2282 652 in

702 698 805 751 hoc
845 704 899 750 et
946 695 998 747 in
1045 702 1277 749 venturo
1338 691 1540 747 seculo
1608 690 1996 745 retributiones
2062 690 2282 744 habitu-

701 802 793 841 rus
850 787 919 840 sit
974 784 1156 840 omnis
1195 785 1289 855 qui
1340 792 1565 854 propter
1628 782 1794 835 Deum
1854 783 2285 851 qualescumque

698 876 1072 942 possessiones
1138 874 1453 943 reliquerit‘,
1505 873 1668 927 etiam
1720 873 1765 926 si
1828 888 2006 941 parvae
2057 870 2281 926 fuerint.

698 965 819 1022 Non
868 968 1014 1022 enim
1084 967 1186 1021 hoc
1231 965 1581 1028 consideres,
1619 964 1761 1031 quod
1796 978 1981 1033 pauca:
2045 962 2282 1025 fuerint,

694 1060 793 1113 sed
844 1059 987 1129 quod
1066 1073 1231 1127 parva
1283 1060 1399 1113 haec
1461 1057 1665 1112 homini
1721 1064 1867 1110 totus
1930 1056 2105 1109 victus
2172 1057 2285 1110 lue-

699 1152 829 1206 rint.
868 1151 931 1205 Et
955 1150 1095 1204 situt
1124 1162 1176 1203 tn
1209 1150 1389 1204 multis
1415 1156 1469 1204 et
1511 1148 1720 1218 magnis
1742 1187 1757 1209 ,
1786 1147 1858 1200 ita
1892 1147 1982 1201 ille
2014 1146 2200 1215 paucis
2231 1156 2287 1199 et

698 1241 879 1310 parvis
912 1242 1076 1296 vitam
1110 1240 1278 1313 440
1326 1256 1475 1295 suam
1510 1254 1569 1294 se
1601 1239 1875 1294 sustinere
1904 1253 2062 1309 posse
2094 1253 2284 1307 spera-

697 1334 807 1387 bat.
839 1331 910 1387 Ut
942 1348 1009 1387 ne
1036 1333 1215 1405 dicam
1246 1333 1394 1394 quod
1440 1333 1534 1401 qui
1575 1346 1746 1400 pauca
1777 1331 1961 1393 habet,
1994 1330 2181 1399 majori
2216 1330 2284 1383 ad

696 1423 786 1478 illa
860 1432 1108 1478 teneatur
1175 1422 1459 1479 aﬂectioue
1504 1441 1517 1477 :
1562 1424 1725 1492 idque
1800 1422 2153 1477 manifestum
2207 1437 2281 1477 ex

697 1514 960 1580 patribus,
993 1515 1083 1583 qui
1118 1516 1336 1583 quando
1371 1518 1549 1569 iuuum
1611 1515 1815 1568 habent
1853 1528 2077 1583 puerum
2104 1552 2121 1579 ,
2170 1529 2286 1566 tua-

690 1606 865 1676 jorem
922 1622 1047 1677 erga
1087 1607 1234 1661 illum
1278 1604 1621 1662 aﬂ'ectiouem
1674 1616 1890 1676 gerunt,
1940 1621 2103 1673 quam
2153 1618 2283 1674 erga

696 1698 996 1765 plurimos:
1031 1700 1099 1751 ita
1152 1708 1206 1753 et
1250 1714 1455 1767 pauper
1524 1714 1685 1753 unam
1743 1700 1961 1751 domum
2017 1706 2070 1752 et
2119 1712 2283 1750 unutn

695 1805 882 1858 agrum
917 1789 1212 1856 impensius
1249 1789 1448 1859 diligit,
1496 1804 1658 1853 quam
1692 1798 1746 1842 tu
1778 1791 1999 1842 multos.
2050 1788 2206 1855 Quod
2237 1788 2282 1843 si

2394 615 2505 659 νοι,
2556 592 2644 650 οἷα
2685 594 2898 651 πολλῶν
2926 593 3461 663 ,καταφρονήσαντες
3488 629 3502 653 ,
3542 592 3591 641 οἱ
3638 589 3696 641 δὲ
3750 590 3994 659 πένητες

2391 688 2825 743 δυσελπισθῶσιν
2847 681 2935 739 οἷα
2966 686 3163 752 ὀλίγων
3198 684 3559 745 ἀποστάντες.
3591 684 3682 735 καὶ
3711 682 3803 735 διὰ
3832 682 3995 735 τοῦτο

2393 781 2586 848 ὀλίγας
2629 779 2867 849 ἀμοιϐὰς
2901 776 3332 850 προσδοκῶντες,
3384 774 3565 845 ιρωτᾷ
3593 777 3620 827 ό
3655 774 3867 845 Πέτρος
3898 776 3995 825 καὶ

2394 872 2609 934 ἀκούει,
2640 872 2724 925 δτι
2769 871 2866 924 καὶ
2899 870 2957 921 ὲν
2983 869 3061 939 τῷ
3086 866 3180 921 νῦν
3213 867 3370 920 αἰῶνι
3400 868 3496 918 καὶ
3541 868 3599 918 ἐν
3619 867 3699 935 τῷ
3734 865 3993 935 μέλλοντι

2393 964 2493 1028 τὰς
2528 963 2766 1034 ἀμοιϐἀς
2790 961 2925 1027 ἔξει,
2964 962 3070 1024 πᾶς
3097 963 3125 1015 ὀ
3150 959 3329 1014 ὁτιοῦν
3358 958 3446 1012 διά
3476 958 3608 1010 Θεὸν
3634 958 3994 1026 καταφρονή-

2396 1072 2493 1118 σας
2520 1054 2632 1107 τῶν
2660 1053 3037 1123 ὑπαρχόντων,
3070 1051 3175 1104 κάν
3208 1050 3381 1121 μικρά
3408 1044 3537 1103 εἷεν.
3572 1050 3663 1107 Μὴ
3698 1048 3812 1116 γὰρ
3833 1047 3996 1100 τοῦτο

2398 1146 2681 1216 σκοπήσῃς
2710 1146 2793 1199 ὅτι
2832 1145 3027 1214 μικρά,
3060 1142 3177 1223 ἀλὶς
3214 1144 3297 1196 ὅτι
3330 1142 3445 1212 βίος
3477 1143 3597 1203 ὅλος
3623 1138 3768 1210 ἦσαν
3804 1142 3994 1193 ἐκεῖνα

2395 1236 2465 1289 τὰ
2499 1237 2675 1307 μικρὰ
2708 1238 2787 1309 τῷ
2831 1235 3125 1307 ἀνθρώπῳ,
3164 1234 3258 1288 καὶ
3303 1234 3493 1305 ῶσπερ
3522 1234 3589 1287 σὺ
3614 1237 3729 1295 τοῖς
3769 1233 3994 1293 πολλοῖς

2396 1327 2490 1379 καὶ
2526 1327 2803 1395 μεγάλοις,
2829 1325 3003 1389 οὕτως
3026 1329 3233 1389 ἰκείνος
3263 1329 3376 1389 τοῖς
3414 1326 3617 1393 ὀλίγοις
3640 1326 3739 1379 καὶ
3767 1326 3994 1394 μικροῖς

2394 1418 2668 1487 ἐμϐιῶσαι
2706 1418 3030 1490 προσεδόκα,
3054 1420 3141 1473 ινα
3174 1420 3251 1490 μὴ
3277 1419 3444 1486 λέγω,
3468 1420 3550 1472 ὅτι
3578 1419 3606 1470 ό
3636 1418 3799 1486 ὀλίγα
3825 1418 3989 1485 ἔχων,

2396 1508 2621 1563 πλείονα
2647 1504 2975 1581 σχέσινέχει
3005 1511 3140 1581 πρὸς
3172 1510 3345 1564 ταῦτα
3380 1528 3391 1539 ·
3426 1510 3521 1564 καὶ
3544 1510 3708 1578 δῆλον
3737 1509 3852 1561 ἀπὸ
3880 1510 3993 1560 τῶν

2400 1601 2672 1671 πατέρων,
2712 1603 2762 1655 οἳ
2788 1602 2917 1655 ὅταν
2945 1602 3040 1655 ἕνα
3087 1603 3256 1657 παῖδα
3282 1604 3472 1672 ἔχωσι,
3514 1602 3684 1655 πλείω
3717 1603 3821 1669 τὴν
3860 1603 3992 1670 σχέ-

2394 1712 2479 1747 στν
2514 1694 2916 1749 ἐπιδείκνυνται
2940 1696 3076 1767 πρὸς
3097 1696 3308 1762 τοῦτον,
3331 1696 3362 1767 ἢ
3397 1696 3529 1766 πρὸς
3555 1696 3800 1757 πλείους.
3830 1695 3994 1747 Οὕτω

2396 1788 2489 1840 καὶ
2520 1789 2547 1840 ό
2585 1788 2756 1857 πένης
2782 1788 2920 1859 πρὸς
2946 1788 3046 1859 τὴν
3088 1790 3217 1858 μίαν
3241 1790 3441 1853 οὶκίαν,
3479 1790 3572 1842 καὶ
3602 1789 3737 1860 πρὸς
3766 1790 3857 1841 τὸν
3893 1788 3993 1840 ἔνι

696 1895 822 1944 non,
870 1891 1015 1933 certe
1049 1880 1130 1935 vel
1163 1884 1350 1935 eadem
1394 1882 1640 1950 utrisque
1678 1891 1761 1935 cst
1795 1880 2032 1944 aﬂ’ectio,
2061 1890 2115 1935 et
2153 1895 2276 1949 pro-

2391 1880 2554 1947 ἀγρὸν
2588 1879 2939 1950 (δριμύτερον
2994 1879 3285 1943 διάκειται,
3319 1881 3349 1950 ἦ
3381 1882 3445 1934 σὺ
3478 1882 3614 1950 πρὸς
3665 1882 3799 1943 τοὺς
3849 1880 3990 1933 πολ-

694 1984 876 2041 pterea
920 1974 1058 2026 idem
1094 1984 1147 2027 et
1176 1985 1543 2041 contemptus.
1580 1972 1678 2027 Hic
1710 1989 1844 2028 sane
1866 1984 1919 2026 et
1946 1974 2047 2027 hoc
2081 1972 2282 2028 smculo

2391 1970 2534 2033 λούς.
2566 1969 2628 2022 El
2675 1971 2731 2024 δὲ
2783 1971 2879 2040 μὴ,
2928 1970 3043 2024 ἀλλ’
3089 1968 3210 2025 ἴσον
3264 1970 3395 2040 γοῦν
3428 1973 3762 2043 ἀμφοτέροις
3800 1973 3861 2024 τὸ
3888 1972 3993 2040 τῆς

693 2067 952 2133 praesenti
992 2066 1317 2128 multiplices
1368 2066 1647 2136 accipiunt
1699 2065 2107 2128 retributiones,
2144 2066 2282 2119 sicut

2396 2061 2658 2131 σχέσεωςο
2696 2060 2785 2115 διὰ
2819 2049 2978 2115 τοῦτο
3005 2064 3097 2115 καὶ
3129 2063 3190 2117 τὸ
3220 2064 3320 2131 τῆς
3348 2065 3821 2135 περιφρονήσεως.
3856 2064 3991 2115 Ἐν-

694 2159 923 2223 apostoli
958 2158 1053 2212 illi.
1092 2157 1385 2227 Tuguriola
1422 2160 1639 2227 quidem
1690 2158 2029 2227 reliquerant
2064 2156 2136 2210 illi
2165 2172 2282 2210 om-

2391 2152 2477 2205 θεν
2509 2170 2590 2206 τοι
2624 2154 2719 2206 καὶ
2751 2156 2809 2207 ἐν
2834 2154 2912 2225 τῷ
2940 2155 3034 2207 νῦν
3055 2155 3213 2208 αἰῶνι
3238 2156 3610 2217 πολυπλασίας
3640 2156 3991 2225 λαμϐάνουσι

691 2265 811 2313 nes,
840 2260 892 2301 et
934 2266 1077 2304 nunc
1128 2251 1327 2305 habent
1375 2250 1771 2320 fulgentissima
1829 2248 2065 2317 templa,
2114 2258 2168 2301 et
2199 2262 2282 2302 res

2391 2243 2484 2307 τὰς
2523 2244 2785 2313 ἀμοιϐὰς,
2818 2244 2893 2309 ὡς
2923 2243 2973 2297 οι
3000 2245 3290 2299 ἀπόστολοι
3326 2246 3479 2299 αὐτοὶ
3512 2241 3682 2301 οὗτοι.
3722 2246 3992 2313 Καλύϐης

692 2339 1012 2404 familiares,
1038 2350 1086 2394 et
1114 2355 1295 2410 agros,
1325 2352 1381 2395 et
1410 2354 1608 2396 uxores
1644 2339 1863 2403 multas,
1890 2353 2013 2409 qum
2044 2336 2149 2391 illis
2179 2334 2282 2392 ter-

2391 2334 2499 2406 γάρ
2547 2336 3070 2406 καταφρονήσαντες
3111 2337 3365 2403 ἕκαστος,
3414 2337 3508 2390 νῦν
3560 2338 3995 2407 λαμπροτάτους

692 2446 818 2486 \ore
851 2431 975 2486 ﬁdei
1008 2431 1306 2499 adhaerent,
1338 2433 1547 2502 aliaque
1569 2432 1745 2488 omnia
1769 2450 1783 2499 ;
1809 2431 2074 2487 invfuturo
2098 2440 2278 2485 autem

2391 2428 2555 2491 ναοὺς
2579 2428 2767 2498 ἔχουσι
2803 2430 2898 2482 καὶ
2932 2430 3160 2500 ἀγροὺς,
3186 2431 3281 2486 καὶ
3318 2429 3637 2499 προσόδους,
3674 2431 3767 2482 καὶ
3795 2433 3995 2495 γυναῖ-

686 2521 908 2585 smculo,
941 2538 1049 2578 non
1094 2539 1257 2595 agros
1309 2525 1444 2579 tales
1498 2526 1829 2595 multiplices
1873 2535 1926 2579 et
1968 2522 2279 2593 corporales

2391 2535 2489 2582 κας
2514 2519 2717 2582 πολλάς
2732 2522 2832 2584 τάς
2858 2523 2925 2592 τῇ
2953 2522 3089 2591 πρὸς
3113 2523 3307 2579 αὐτοὺς
3331 2521 3651 2593 θερμότητι,
3678 2523 3770 2573 καὶ
3797 2523 3994 2573 ⁴πίστει

691 2614 1103 2681 retributiones,
1136 2618 1231 2672 sed
1270 2618 1433 2672 vitam
1463 2627 1749 2673 aeternam.

2390 2613 2803 2685 συνδεδεμένας,
2838 2615 2931 2668 καὶ
2963 2612 3136 2669 τᾶλλα
3188 2617 3370 2669 πάντα
3424 2615 3610 2679 ἀτελῶς
3634 2633 3648 2645 ’
3687 2616 3785 2668 καὶ
3812 2617 3870 2667 ιν
3909 2616 3996 2685 τῷ

693 2712 943 2782 μέλλοντι
976 2712 1033 2766 δὲ
1067 2712 1225 2766 αἰῶνι
1259 2713 1360 2766 οὐκ
1410 2713 1617 2785 ἀγροὺς
1667 2712 1945 2775 τοιούτους
2001 2708 2552 2775 πολυπλασίους,καὶ
2607 2711 2929 2788 σωματικὰς
2956 2710 3258 2775 ἀντιδόσεις
3318 2710 3580 2776 λάϐωσιν,
3642 2710 3781 2766 ἁλλά
3835 2712 3993 2782 ζωὴν

687 2802 927 2860 αἰώνιον.

766 2899 923 2952 \‘ens.
956 2898 1144 2954 51-34.
1182 2918 1200 2951 ι
1231 2901 1539 2971 Assumpslt
1567 2911 1749 2958 autem
1782 2901 1944 2957 Jesus
1972 2901 2281 2966 duodecim,

687 3002 741 3043 et
787 2992 861 3045 ait
916 2991 1065 3045 illis:
1105 2991 1242 3047 Ecce
1300 2995 1645 3050 ascendimus
1711 2994 2143 3067 Hierosolymam
2170 3036 2185 3061 ,
2230 3005 2282 3049 et

689 3084 1217 3139 c‘onsuinmabuntur
1247 3088 1430 3141 omnia
1465 3104 1585 3157 qua:
1617 3088 1816 3157 scripta
1849 3098 1979 3144 sunt
2025 3103 2121 3159 per
2148 3104 2273 3159 pro-

2465 2913 2485 2947 ι
2524 2893 2873 2965 Παραλαϐὼν
2905 2894 2962 2949 δὲ
2996 2895 3123 2959 τοὺς
3148 2895 3378 2962 δώδεκα,
3419 2891 3542 2949 εἷπε
3577 2896 3711 2964 πρὸς
3742 2895 3954 2957 αὐτούς
3974 2893 3991 2906 ⁹

2401 2986 2532 3042 Ἰδοὺ
2567 2988 2937 3058 ἀναϐαίνομεν
2958 2992 3038 3052 είς
3073 2989 3445 3061 Ἰεροσόλυμα,
3472 2992 3564 3043 καὶ
3590 2989 3991 3058 τελεσθήσεται

2386 3079 2570 3132 πάντα
2600 3079 2670 3132 τά
2710 3080 3079 3151 γεγραμμένα
3110 3080 3197 3133 διά
3246 3079 3355 3132 τῶν
3410 3080 3709 3151 προφητῶν
3752 3080 3834 3149 τῷ
3865 3080 3991 3150 Υίῴ

689 3178 883 3245 phetas
914 3175 980 3232 de
1010 3176 1149 3232 Filio
1200 3177 1459 3233 hominis.
1516 3177 1786 3235 Tradetur
1814 3180 1956 3235 enim
2000 3180 2271 3252 gentibus,

2391 3170 2479 3225 τοῦ
2512 3170 2827 3241 ἀνθρώπου.
2866 3162 3319 3243 Παραδοθήσεται
3352 3174 3464 3245 γὰρ
3499 3176 3613 3235 τοῖς
3643 3174 3843 3238 ἔθνεσι,
3884 3180 3990 3229 καῖ

688 3279 744 3323 et
770 3268 1041 3334 illudetur,
1073 3278 1125 3325 et
1162 3271 1503 3327 contumeliis
1528 3270 1811 3338 ameietur,
1848 3282 1902 3326 et
1926 3282 2276 3341 conspuetur,

688 3372 739 3413 σοι
770 3370 1057 3433 postquam
1113 3361 1523 3432 ﬂagellaverint,
1576 3365 1820 3420 occident
1860 3380 2006 3429 eum,
2038 3375 2091 3420 et
2119 3365 2278 3420 tertia

688 3456 778 3509 die
810 3465 1077 3523 resurget.
1107 3455 1171 3509 Et
1203 3456 1301 3525 ipsi
1348 3457 1484 3510 nihil
1528 3459 1719 3512 borum
1777 3458 2179 3512 intellexerunt.
2213 3458 2279 3511 Et

690 3554 804 3599 nat
835 3546 1054 3601 verbum
1085 3547 1229 3602 istud
1253 3548 1631 3603 absconditum
1666 3550 1733 3605 ab
1758 3551 1855 3616 eis,
1889 3566 1988 3605 nec
2009 3548 2278 3620 intelligev

690 3640 823 3691 lunt
854 3654 973 3709 qua:
1006 3640 1347 3695 dicebantur.
1386 3660 1403 3693 ι
1432 3640 1685 3696 Pra-dicit
1714 3642 1789 3696 eis
1817 3642 2125 3712 passionem
2148 3658 2279 3711 pro-

690 3741 809 3794 pier
842 3727 947 3783 duo
972 3728 1060 3781 illa
1091 3747 1103 3781 :
1150 3744 1339 3796 unmu,
1376 3741 1431 3785 ut
1459 3732 1735 3796 ostendat,
1774 3733 1917 3802 quod
1945 3748 2052 3788 non
2080 3734 2280 3787 invitus

691 3832 865 3885 neque
896 3828 955 3871 ut
978 3834 1145 3887 purus
1177 3820 1594 3878 bomomortem
1624 3822 1881 3890 ignorans
1903 3822 2277 3890 cruciﬁgalur,

690 3911 783 3965 sed
819 3919 874 3964 et
919 3912 1235 3979 pran'ideat,
1288 3922 1346 3967 et
1378 3916 1684 3969 voluntarie
1725 3916 1959 3983 patiatur
2000 3926 2017 3966 ‘:
2056 3930 2180 3969 nam
2234 3916 2278 3969 si

691 4002 949 4056 noluisset
975 4005 1106 4073 pati,
1140 4006 1434 4061 devitasset
1454 4009 1639 4075 utique
1662 4023 1781 4075 quae
1804 4009 2141 4077 praesciebat.
2173 4009 2279 4062 Eo-

692 4112 809 4149 rum
848 4096 992 4152 euim
1025 4098 1115 4166 qui
1138 4113 1241 4151 non
1266 4100 1648 4169 suutpraescii,
1668 4111 1747 4154 est
1774 4100 1893 4169 capi
1920 4103 2279 4168 ;secundum,

691 4199 747 4242 nt
775 4189 1080 4244 docenteos
1107 4191 1300 4245 leviter
1333 4191 1477 4247 ferre
1510 4208 1630 4262 qua:
1658 4202 1944 4260 eventura,
1977 4204 2160 4265 utpote
2188 4197 2279 4265 qui

690 4290 853 4335 antea
892 4282 1221 4348 audiverint,
1262 4294 1313 4336 et
1346 4300 1452 4338 non
1495 4296 1720 4353 repente
1750 4286 1805 4339 in
1838 4286 1927 4340 illa
1964 4286 2275 4343 inciderint.

688 4373 824 4427 Cum
878 4386 1058 4429 autem
1115 4375 1443 4445 perﬁcienda
1506 4387 1662 4431 erant
1699 4379 1749 4433 in
1802 4388 1855 4433 te
1900 4395 2020 4449 qua:
2066 4378 2208 4435 dicta
2251 4396 2281 4435 a

691 4467 996 4535 prophetis,
1030 4476 1126 4521 cu'r
1168 4471 1446 4533 ascendis,
1480 4486 1512 4526 o
1542 4470 1811 4527 Domine?
1860 4472 2091 4543 Propter
2139 4475 2281 4528 istud

2386 3262 2855 3334 ἐμπαιχθήσεται,
2894 3264 2987 3317 καὶ
3020 3264 3436 3335 ὑϐρισθήσεται,
3470 3260 3564 3318 καὶ
3595 3266 3993 3336 ἐμπτυσθήσε-

2383 3371 2495 3419 ται,
2531 3355 2624 3408 καὶ
2655 3353 3101 3424 μαστιγώσαντες
3133 3354 3748 3419 ἀποκτενοῦσιναὺτόν,
3784 3358 3882 3409 καὶ
3918 3362 3989 3428 τῇ

2382 3448 2542 3520 τρίτῃ
2581 3450 2769 3522 ἡμέρᾳ
2801 3451 3197 3520 ἀναστήσεται.
3236 3452 3346 3505 Καὶ
3381 3452 3536 3506 αὐτοὶ
3583 3451 3736 3503 οὐδὲν
3770 3452 3992 3505 τούτων

2386 3542 2655 3612 συνῆκαν,
2712 3544 2807 3596 καὶ
2852 3539 2922 3615 ἦν
2951 3544 3014 3596 τὸ
3045 3543 3198 3614 ρἧα
3232 3548 3391 3597 τοῦτο
3442 3544 3833 3617 κεκρυμμένον
3883 3548 3971 3597 ἀπ

2382 3639 2586 3703 αὐτῶν,
2620 3640 2714 3693 καὶ
2754 3641 2854 3693 οὐκ
2889 3640 3191 3707 ἐγίνωσκον
3224 3642 3294 3695 τά
3324 3642 3614 3713 λεγόμενα.
3653 3661 3673 3694 ι
3709 3641 3990 3712 Προλέγει

2382 3732 2572 3795 αὐτοῖς
2596 3734 2662 3785 τά
2694 3732 2786 3785 τοῦ
2819 3732 3047 3797 πάθους,
3088 3734 3175 3787 ίνα
3198 3734 3293 3788 δύο
3326 3736 3502 3790 ταῦτα
3536 3736 3888 3809 κατορθώσῃ·
3926 3737 3991 3789 ἓν

2388 3822 2489 3891 μὲν
2514 3824 2572 3875 τὸ
2596 3823 2789 3887 δείξαι,
2826 3824 2909 3876 ὄτι
2936 3825 3036 3877 οὐκ
3065 3826 3214 3877 ἄκων
3250 3826 3369 3879 οὐδὲ
3400 3826 3474 3889 ὡς
3498 3827 3656 3897 ψιλὸς
3688 3828 3991 3898 ἄνθρωπος

2385 3913 2599 3981 ἀγνοῶν
2622 3914 2713 3967 τὸν
2754 3914 2984 3968 θάνατον
3015 3917 3372 3985 σταυροῦται,
3409 3918 3544 3973 ἀλλά
3586 3922 3681 3972 καὶ
3713 3920 3860 3991 προῄ
3878 3920 3990 3983 δει,

2386 4006 2480 4059 καὶ
2513 4006 2653 4059 ἑκὼν
2699 4007 2939 4077 πάσχει·
2976 4012 3026 4061 εί
3058 4007 3167 4079 γάρ
3199 4008 3452 4063 ἐϐούλετο
3486 4013 3561 4082 μὴ
3594 4011 3813 4077 παθεῖν,
3867 4013 3991 4077 ἑξέ-

2387 4100 2569 4152 κλινεν
2601 4099 2668 4155 ἀν
2690 4140 2704 4163 ,
2748 4095 2835 4155 οἵα
2865 4100 2929 4173 δή
2959 4102 3228 4172 προειδώς
3254 4120 3269 4134 ο
3309 4104 3417 4157 τῶν
3456 4104 3567 4176 γὰρ
3601 4106 3677 4176 μὴ
3710 4123 3993 4177 προγινω-

2388 4193 2629 4246 σκόντων
2663 4194 2784 4246 ἐστὶ
2826 4194 2888 4247 τὸ
2916 4194 3239 4248 ἁλίσκεσθαι
3272 4212 3285 4225 ⁸
3323 4197 3578 4268 δεύτερον
3617 4198 3675 4251 δὲ
3705 4203 3766 4251 τὸ
3800 4200 3992 4251 πεῖσαι

2386 4286 2587 4351 αὐτοὺς
2615 4285 2855 4351 εὐκόλως
2896 4286 3090 4358 φέρειν
3117 4288 3185 4341 τὰ
3220 4289 3639 4359 συμϐησόμενα,
3670 4290 3769 4343 ἀτε
3816 4308 3992 4361 προα-

2391 4380 2683 4446 κηκοότας.
2716 4379 2809 4432 καὶ
2845 4378 2921 4449 μὴ
2956 4381 3018 4432 ἐκ
3062 4379 3155 4432 τοῦ
3188 4381 3456 4450 αἰφνιδίου
3512 4382 3697 4445 αὐτοῖς
3740 4400 3992 4451 προσπε-

2392 4472 2575 4525 σόντα.
2604 4471 2797 4525 Καίτοι
2823 4476 2871 4525 εί
2904 4473 3088 4540 μέλλοι
3114 4472 3554 4542 τελεσθῆναιέπὶ
3587 4476 3694 4533 σοὶ,
3718 4468 3762 4527 ὦ
3791 4476 3989 4545 Κύριε,

692 4565 895 4629 ipsum,
934 4573 991 4617 ut
1020 4564 1249 4618 salutem
1278 4579 1490 4634 operer.
1526 4562 1593 4619 Et
1625 4564 1697 4619 ita
1730 4565 2075 4622 voluntarius
2110 4567 2279 4621 vadit.

2394 4564 2462 4617 τὰ
2494 4563 2662 4618 πάλαι
2713 4563 2818 4618 ὑπὸ
2867 4564 2979 4617 τῶν
3014 4566 3315 4636 προφητῶν
3364 4565 3647 4634 λεχθέντα,
3676 4567 3825 4620 διατί
3860 4572 3994 4621 ἀνα-

695 4656 759 4705 l~;t
810 4654 926 4724 ipse
978 4655 1193 4723 quidem
1256 4658 1404 4720 haec,
1452 4658 1699 4726 discipuli
1758 4669 1940 4715 autem
1991 4672 2118 4716 tunc
2163 4662 2282 4732 qui-

2391 4657 2633 4723 ϐαίνεις;
2688 4658 2767 4710 Δι’
2816 4657 2949 4709 αὐτὸ
3005 4658 3103 4727 μὲν
3158 4657 3261 4711 οὖν
3318 4657 3516 4722 τοῦτο,
3569 4659 3660 4712 ἵνα
3712 4664 3993 4731 σωτηρίαν

690 4748 812 4799 dem
868 4746 1002 4801 nihil
1056 4748 1455 4805 intellexerunt.
1520 4749 1650 4805 Erat
1696 4753 1841 4806 enim
1899 4754 2126 4809 verbum
2182 4756 2282 4811 hoc

2391 4751 2741 4821 ἑργάσωμαι.
2787 4748 2953 4803 Ὥστε
2976 4748 3119 4802 ἑκὼν
3142 4748 3389 4821 ερχεται.
3428 4750 3571 4803 Ἀλλ’
3596 4752 3625 4805 ό
3654 4752 3757 4821 μὲν
3790 4754 3990 4807 ταῦτα·

691 4838 1074 4894 absconditum
1126 4842 1195 4897 ab
1243 4843 1357 4907 eis,
1392 4854 1446 4899 et
1474 4846 1708 4901 maxime
1759 4841 2003 4901 omnium
2058 4851 2282 4904 verbum

2391 4844 2438 4896 oi
2472 4842 2529 4895 δὲ
2566 4842 2809 4912 μαθηταὶ
2840 4842 2961 4896 τότε
3002 4842 3102 4913 μὲν
3141 4844 3399 4899 συνίεσαν
3427 4844 3585 4899 οὐδὲν
3630 4860 3645 4876 ⁸
3680 4841 3748 4917 ἦν
3790 4848 3907 4917 γὰρ
3936 4850 3992 4901 τὸ

689 4934 794 4988 hoc
882 4936 1307 4991 resurrectionis
1379 4937 1602 4992 onnino
1692 4952 1799 4992 non
1887 4941 2281 5009 agnoscebant.

690 5024 756 5077 Et
806 5024 910 5079 alia
963 5040 1177 5096 quoque
1232 5043 1338 5081 non
1393 5029 1799 5099 agnoscebant.
1841 5040 1900 5085 ut
1958 5032 2097 5085 tradi
2152 5048 2287 5102 geu-

692 5118 857 5173 tibus.
907 5118 1143 5175 Maxime
1182 5132 1361 5177 autem
1411 5126 1635 5179 verbum
1677 5126 2096 5182 resurrectionis
2132 5127 2286 5195 igno-

692 5210 925 5277 rabant,
977 5215 1122 5283 quod
1180 5230 1287 5269 non
1350 5227 1471 5271 erat
1523 5219 1575 5272 iu
1636 5233 1757 5273 usu.
1809 5219 1875 5274 Et
1933 5235 2042 5273 non
2095 5236 2288 5277 omnes

690 5302 859 5358 Judaei
893 5305 1194 5363 credebant
1242 5310 1722 5377 resurrectionem,
1762 5310 1813 5364 in
1843 5312 2033 5379 primis
2077 5311 2288 5366 Saddu-

688 5400 808 5453 (τοί.
849 5400 955 5455 Sed
1004 5400 1233 5467 dixeris,
1280 5400 1346 5455 Et
1390 5403 1433 5456 si
1483 5404 1619 5457 nihil
1668 5404 2053 5474 agnoscebant,
2114 5422 2288 5476 quare

689 5508 821 5560 ergo
875 5493 956 5547 cis
996 5494 1111 5550 haec
1157 5494 1445 5566 praedicit?
1474 5513 1593 5563 qua:
1638 5499 1780 5552 cnim
1833 5499 2039 5554 utilitas
2088 5499 2187 5553 illi-
2223 5501 2285 5554 nd

688 5585 1118 5640 consolationem
1157 5598 1401 5658 tempore
1436 5591 1651 5656 crucis,
1680 5590 1723 5643 si
1758 5607 1861 5646 non
1914 5592 2285 5663 intelligebant

688 5694 750 5731 ea
788 5692 908 5747 qua:
953 5678 1317 5735 dicebantur?
1352 5682 1503 5749 Quod
1537 5700 1641 5738 non
1680 5700 1868 5752 parum
1912 5686 2061 5739 utilia
2096 5699 2287 5756 postea

696 5772 874 5823 t'nturu
904 5783 1114 5835 essent,
1165 5774 1290 5828 dum
1335 5776 1757 5831 recordarentur
1781 5778 1926 5847 quod
1975 5778 2077 5833 ista
2106 5790 2289 5834 essent

696 5876 817 5932 qua:
851 5872 977 5922 tunc
1035 5868 1363 5936 prmJiccute
1416 5869 1647 5924 Demino
1704 5887 1807 5927 nou
1876 5870 2286 5935 intellexerunt,

2393 4936 2547 5005 ῥῆμα
2580 4934 2739 4999 τοῧτφ
2776 4938 3353 5009 παρακεκαλυμμένον
3383 4940 3479 4993 ἀπ’
3510 4938 3714 5002 αὐτῶν,
3752 4941 3992 5009 μάλιστα

2392 5027 2613 5080 πάντων
2650 5028 2711 5081 τὸ
2755 5028 2909 5099 ρἧα
2958 5031 3057 5100 τῆς
3104 5032 3493 5095 ἀναστάσεως·
3526 5032 3620 5085 καὶ
3659 5028 3841 5086 τᾶλλα
3897 5036 3991 5105 μὲν

2392 5120 2503 5191 γάρ
2531 5121 2632 5175 οὐκ
2663 5122 3060 5189 ἐπεγίνωσκον,
3094 5116 3209 5176 οόν
3240 5123 3303 5176 τὸ
3345 5124 3836 5195 παραδοθήσεσθαι
3887 5131 3991 5190 τοῖς

2391 5214 2591 5280 ἔθνεσι,
2637 5215 2874 5286 μάλιστα
2910 5214 2966 5268 δὲ
2992 5216 3053 5269 τὸ
3078 5215 3177 5287 τῆς
3206 5218 3559 5281 ἀναστάσεως
3588 5220 3691 5274 οὐκ
3723 5223 3990 5291 ἐπεγίνω-

2394 5323 2523 5361 σκον
2554 5308 2692 5371 ὅλως
2724 5326 2739 5339 ·
2772 5308 2895 5362 οὐδὲ
2922 5309 3032 5381 γάρ
3061 5305 3128 5381 ἦν
3162 5313 3220 5363 ὲν
3252 5314 3595 5382 καταχρήσει
3645 5315 3836 5379 τοῦτο,
3875 5318 3989 5370 οὔτε

2395 5402 2595 5465 πάντες
2627 5400 2919 5456 ἐπίστευον
2949 5404 3000 5456 οί
3044 5403 3447 5468 Ἰουδαῖζοντες.
3488 5406 3607 5460 οὐδὲ
3644 5408 3749 5478 τὴν
3808 5411 3988 5470 ἀπλὼς

2394 5498 2716 5561 ἀνάστασιν,
2767 5497 2861 5549 καὶ
2895 5496 3057 5567 δῆλον
3101 5496 3211 5550 ἀπὸ
3249 5496 3359 5549 τῶν
3386 5498 3783 5554 ὣδδουκαίων.
3833 5501 3968 5554 Ἀλλ’

2392 5580 2567 5655 εἴποις
2604 5592 2695 5657 ἂν,
2724 5591 2787 5646 El
2814 5591 2905 5644 καὶ
2939 5590 3013 5661 μὴ
3037 5591 3431 5658 ἐπεγίνωσκον,
3466 5590 3517 5643 τί
3545 5591 3733 5646 λοιπὸν
3763 5595 3980 5665 $9061.:-

2392 5702 2488 5752 γεν
2512 5685 2694 5749 αὐτοῖς
2722 5684 2893 5739 ταῦτα
2919 5702 2933 5749 ;
2964 5685 3029 5739 Τί
3059 5685 3173 5755 γὰρ
3201 5686 3264 5738 τὸ
3287 5684 3483 5754 ὄφελος
3507 5687 3696 5750 αὐτοῖς
3732 5690 3875 5760 πρὸς
3897 5690 3980 5758 sig»

2392 5781 2449 5831 ιν
2481 5780 2560 5850 τῷ
2591 5780 2773 5850 καιρῷ
2816 5779 2912 5833 τοῦ
2952 5779 3189 5849 σταυροῦ
3232 5779 3610 5851 παράκλησιν,
3642 5784 3723 5852 μὴ
3761 5786 3978 5835 συνιεῖσι

2403 5873 2451 5927 εὖ
2481 5874 2811 5944 λεγόμενον;
2839 5875 2915 5929 Οὐ
2953 5874 3125 5946 μικρὰ
3147 5873 3461 5944 ὠφελοῦντο
3490 5877 3570 5941 εἰς
3594 5878 3657 5929 τὸ
3694 5878 3978 5948 μετέπειτα
