4228 6428
206 389 349 452 1017

894 396 1347 468 ENARRM‘iO
1392 412 1471 472 lN
1512 414 2019 482 EVANGELIUM
2061 409 2592 485 LUc.E."-‘-‘c..\P.
2632 427 2851 488 xvnt.

3363 421 3537 493 1018'

199 505 778 578 ἀναμιμνησκόμενοι,
827 509 912 564 ὅτι
942 512 1119 567 ταῦτα
1154 511 1318 586 ἦσαν,
1350 518 1386 573 6.
1416 522 1554 584 τέως
1606 524 1800 593 προλέ-

1914 533 2260 588 manifestum
2296 550 2360 587 ex
2396 536 2610 603 myllis,
2637 545 2691 590 et
2723 537 2962 590 maxime
2989 553 3054 591 rx
3087 537 3171 592 his
3201 552 3322 608 quae
3344 540 3512 598 JOan-

197 615 394 666 γοντος
423 600 518 654 τοῦ
547 601 755 669 Κυρίου
786 607 847 656 οὐ
882 605 1159 659 συνίεσαν·
1197 611 1290 662 καὶ
1319 612 1479 664 τοῦτο
1503 613 1663 681 δῆλον
1690 616 1798 668 ἀπὸ

199 692 436 754 πολλῶν,
471 694 566 746 καὶ
600 694 838 763 μάλιστα
863 696 962 764 ,ἀφ’
991 692 1066 751 ὧν
1110 699 1368 765 Ἰωάννης
1405 704 1586 771 λέγει·
1611 706 1800 758 Ταῦτα

197 782 260 834 δέ
288 783 388 834 οὐκ
414 783 662 859 ἔγνωσαν
685 787 734 838 οἰ
763 787 1010 857 μαθηταὶ
1043 791 1236 855 αὑτοῦ,
1283 793 1511 863 ὕστερον
1533 797 1588 849 δὲ
1631 798 1801 866 ἐμνή-

200 874 434 944 σθησαν,
476 877 558 930 ὃτι
593 879 766 932 ταῦτα
794 875 863 952 ἧν
896 885 1263 954 γεγραμμένα
1310 887 1398 939 ἐπ’
1426 889 1595 959 αὐτῷ.
1644 892 1751 942 Καὶ
1773 893 1801 943 ὀ

205 965 569 1039 Παράκλητος
599 970 653 1023 δέ
685 971 1008 1043 ἀναμνήσας
1036 978 1236 1040 αὐτοὺς
1273 979 1453 1032 πάντα
1482 981 1798 1046 ἀξιοπιστο-

174 1060 368 1129 -τέραν
400 1061 500 1132 τὴν
540 1064 668 1127 περί
702 1065 944 1136 Χριστοῦ
979 1072 1292 1140 μαρτυρίαν
1335 1073 1520 1137 αὐτοῖς
1571 1074 1801 1142 ἐγκατέ-

198 1152 358 1223 θηκε.
397 1154 532 1225 Περὶ
557 1154 616 1208 δὲ
645 1156 739 1209 τοῦ
769 1157 886 1220 πῶς
909 1162 1213 1233 τριήμερος
1239 1164 1272 1234 ἠ
1301 1166 1470 1237 ταφὴ,
1509 1168 1712 1233 ἱκανῶς
1742 1171 1801 1222 ἐν

193 1249 311 1309 τοῖς
341 1247 524 1311 ἄλλοις
553 1249 988 1319 Εὑαγγελισταῖς
1021 1255 1264 1325 εἴρηται.

280 1361 300 1394 t
352 1341 602 1410 Ἐγένετο
632 1344 686 1396 δὲ
737 1346 794 1396 ἐν
830 1345 908 1417 τῷ
936 1346 1185 1415 ἐγγίζειν
1231 1350 1396 1404 αὑτὸν
1440 1354 1520 1416 εἰς
1569 1352 1799 1426 Ἱεριχὼ,

192 1434 398 1504 τυφλός
428 1453 510 1498 τις
535 1436 774 1506 ἐκάθητο
794 1437 944 1509 παρὰ
965 1440 1066 1510 τὴν
1088 1440 1207 1494 ὁδὸν
1233 1445 1569 1513 προσαιτῶν.
1613 1446 1803 1500 ’Δκούο

196 1541 301 1588 σας
331 1525 388 1577 δέ
434 1526 595 1595 ὄχλου
634 1527 1128 1600 διαπορευομένου,
1173 1534 1506 1601 ἐπυνθάνετο
1534 1538 1585 1590 τί
1611 1536 1676 1591 ἂν
1713 1539 1799 1609 είη

189 1617 374 1671 τοῦτο.
419 1618 792 1689 ’Δπήγγειλαν
821 1620 878 1673 δέ
904 1623 1053 1691 αὐτῷ
1076 1625 1159 1677 ὅτι
1196 1625 1402 1696 Ἰησοῦς
1423 1630 1452 1682 6
1476 1629 1803 1699 Ναζωραῖος

192 1709 561 1779 παρέρχεται.
606 1711 716 1765 Καὶ
745 1713 948 1787 ,ἐβόησε
994 1715 1208 1784 λέγων’
1251 1718 1450 1789 Ἰησοῦ,
1488 1723 1582 1776 Υίέ
1615 1723 1803 1790 Δαυῒδ,

190 1800 426 1872 ἐλέησόν
474 1820 566 1873 με.
613 1805 726 1857 Καὶ
759 1807 809 1858 οί
845 1807 1187 1876 προάγοντες
1221 1812 1505 1884 ἐπετίμων
1532 1815 1682 1885 αὐτῷ
1715 1816 1804 1870 ἴνα

1903 638 2002 677 nes
2045 625 2179 679 dicit
2219 642 2230 676 :
2271 625 2398 681 llaec
2451 635 2634 681 autem
2690 643 2798 682 nnn
2847 641 3222 699 cognoverunt
3259 632 3508 698 discipuli

1903 717 2021 786 ejus
2051 717 2136 785 9‘;
2172 717 2362 788 poste'a
2388 731 2568 774 autem
2605 736 2882 777 memores
2908 721 3038 777 facti
3069 733 3197 779 sunt
3228 726 3372 793 quod
3397 726 3511 782 haec

1903 808 1972 862 de
2003 807 2118 874 ipso
2164 819 2349 863 essent
2387 811 2616 880 scripta.
2651 811 2721 866 Et
2771 808 3010 878 Spiritus
3043 814 3356 883 paracletus
3385 831 3514 886 sug-

1903 902 2074 970 gessit
2099 901 2180 955 eis
2212 901 2374 974 “1
2413 904 2621 970 omnia,
2648 903 3017 959 certissimum
3050 905 3419 959 testimonium
3446 908 3514 961 de

1854 1038 1858 1042 .
1903 989 2127 1046 Christo
2171 993 2227 1048 in
2276 994 2386 1048 illis
2423 995 2696 1064 ponendo.
2750 995 2826 1050 De
2859 1009 2959 1061 eo,
3013 995 3290 1064 quomodo
3332 995 3514 1050 triduo

1903 1080 2074 1137 fuerit
2106 1083 2159 1138 in
2209 1087 2486 1156 sepulcro,
2522 1087 2662 1142 satis
2711 1086 2918 1174 dictum
2951 1095 3036 1143 est
3065 1087 3120 1142 in
3149 1087 3514 1159 Evangeiistis

1892 1173 2047 1252 aliis.

1980 1357 2146 1413 Vens.
2185 1357 2383 1414 ’ὃὸ-45.
2419 1377 2438 1411 t
2474 1359 2695 1413 Accidit
2724 1368 2907 1414 autem
2948 1375 3074 1415 cum
3101 1361 3512 1430 appropinqua-

1909 1461 1991 1507 ret
2020 1451 2264 1518 Jericho,
2294 1469 2470 1509 caecus
2499 1454 2720 1520 quidam
2745 1453 2973 1509 sedebat
3000 1453 3157 1524 juxta
3187 1455 3328 1509 viam
3363 1469 3514 1508 men-

1907 1545 2120 1611 dicans,
2144 1555 2343 1599 etcum
2376 1545 2590 1600 audiret
2621 1546 2835 1600 turbam
2867 1555 3313 1615 praterenntem,
3342 1547 3518 1601 inter-

1910 1639 2137 1708 rogabat
2180 1639 2308 1708 quid
2347 1636 2453 1693 hoc
2504 1647 2671 1694 esset.
2717 1639 2993 1693 Dixerunt
3044 1649 3226 1698 autem
3273 1641 3320 1695 ei
3371 1641 3517 1710 quod

1907 1729 2067 1785 Jcsns
2101 1729 2416 1785 Nazarenus
2451 1733 2728 1793 transiret,
2756 1742 2810 1785 et
2834 1731 3090 1786 clamavit
3125 1733 3313 1787 dicens
3341 1750 3354 1787 :
3387 1731 3515 1787 Jesu

1890 1820 2010 1875 ‘Fili
2032 1820 2222 1886 David,
2256 1821 2520 1877 miserece
2551 1823 2679 1876 mei.
2712 1821 2780 1875 Et
2808 1823 2897 1891 qui
2929 1823 3195 1892 przeihant
3219 1863 3234 1888 ,
3269 1822 3519 1891 increpa-

191 1893 472 1966 σιωπήσῃ,
494 1896 658 1960 αὐτὸς
682 1895 738 1950 δὲ
764 1899 943 1970 πολλῷ
973 1901 1177 1970 μᾶλλον
1196 1883 1431 1972 ἔκραζεν
1449 1923 1463 1937 ·
1490 1907 1588 1961 Υἰέ
1612 1883 1796 1977 Δαυτδ,

1912 1911 2043 1964 bant
2071 1927 2194 1964 eum
2225 1921 2284 1965 ut
2315 1920 2543 1968 taceret.
2576 1912 2701 1982 Ipse
2733 1929 2863 1968 vero
2897 1913 3072 1968 multo
3105 1914 3278 1984 magis
3311 1914 3520 1967 clama-

187 1987 420 2057 ἐλέησόν
458 2006 547 2072 με..
586 1990 816 2056 Σταθεὶς
859 1993 915 2046 δέ
957 1997 986 2049 6
1032 1995 1244 2067 Ἰησοῦς
1270 2041 1285 2065 ,
1318 2000 1608 2057 ἐκέλευσεν
1637 2005 1800 2059 αὐτὸν

193 2077 436 2149 ἀχθῆναι
463 2080 600 2150 πρὸς
628 2082 812 2137 αὐτόν.
863 2084 1220 2155 Ἐγγίσαντος
1251 2090 1307 2144 δέ
1338 2093 1507 2146 αὑτοῦ
1529 2135 1541 2155 ,
1576 2096 1801 2166 ἐπηρώο

186 2187 364 2237 τησεν
383 2171 549 2225 αὑτὸν
571 2173 744 2242 λόγων
765 2193 778 2206 ·
795 2177 860 2229 Τί
879 2195 964 2231 σοι
991 2179 1168 2246 Θέλεις
1193 2186 1406 2254 ποιήσω
1426 2204 1441 2252 ;
1474 2186 1535 2240 '0
1559 2187 1616 2241 δέ
1639 2185 1760 2241 εἰπε
1783 2206 1795 2220 ⁸

189 2263 393 2335 Κύριε,
414 2264 502 2318 ἵνα
519 2265 828 2338 ἀναϐλέψω.
857 2270 915 2322 '0
935 2271 992 2324 δέ
1023 2272 1230 2342 Ἰησοῦς
1253 2269 1409 2328 εἶπεν
1426 2277 1576 2348 αὑτῷ
1593 2296 1606 2310 ·
1641 2279 1800 2333 Ἀνά-

189 2354 464 2429 6λεψον,ὴ
490 2358 672 2420 πίστις
693 2375 790 2412 σου
819 2361 1028 2417 σέσωκέ
1073 2381 1155 2420 σε.
1181 2367 1292 2420 Καὶ
1327 2367 1672 2440 παραχρῆμα
1705 2372 1801 2425 ἀν-

186 2450 413 2522 άϐλεψε,
451 2453 545 2505 καὶ
564 2454 936 2526 ἠκολούθησεν
965 2459 1114 2530 αὺτῷ
1141 2501 1154 2525 ,
1195 2459 1437 2527 δοξάζων
1467 2464 1559 2516 τὸν
1589 2465 1746 2520 Θεόν.
1772 2486 1790 2518 ι

189 2543 306 2596 Καὶ
349 2545 458 2606 πᾶς
489 2546 516 2596 6
567 2545 696 2610 λαὸς
730 2547 892 2614 ἰδὼν,
939 2545 1092 2604 αἰνον
1132 2551 1301 2606 ἔδωκε
1344 2555 1423 2626 τῷ
1456 2555 1600 2627 Θεῷ.
1642 2557 1798 2611 Ὀδοῦ

187 2637 473 2706 πάρεργον
503 2638 532 2691 6
564 2639 770 2709 Κύριος
798 2643 858 2694 τὸ
891 2644 984 2695 ἐπὶ
1013 2645 1090 2716 τῷ
1126 2648 1316 2718 τυφλῷ
1346 2649 1532 2718 θαῦμα
1563 2652 1798 2720 ἐργάζε-

184 2741 317 2793 ται,
349 2730 436 2783 ἶνα
471 2731 607 2799 μηδὲ
646 2733 677 2803 ἠ
712 2734 946 2804 πάροδος
971 2737 1140 2791 αὐτοῦ
1172 2741 1501 2813 ἀλυσιτελὴς
1545 2747 1630 2815 είη
1666 2746 1800 2817 ἡμῖν

184 2817 546 2884 διδασκαλία,
581 2824 678 2874 καὶ
705 2826 820 2888 τοῖς
854 2825 946 2878 τοῦ
979 2829 1221 2896 Χριστοῦ
1260 2831 1534 2902 μαθηταῖς
1555 2877 1568 2895 ,
1599 2836 1685 2888 ῖνα
1712 2837 1801 2891 διὰ

186 2912 438 2976 πάντων,
463 2915 560 2967 καί¹
577 2917 829 2982 πάντοτε,
854 2922 950 2973 καὶ
984 2924 1264 2996 πανταχοῦ
1291 2928 1597 2996 ἐπωφελεῖς
1623 2923 1798 3001 ὦμεν,

187 3004 290 3057 καὶ
320 3007 486 3076 μηδὲν
517 3008 668 3077 ἡμῶν
702 3011 875 3081 ἀργὸν
1005 3014 1064 3066 Ὀ
1090 3015 1270 3071 τοίνυν
1296 3019 1498 3087 τυφλὸς
1529 3023 1690 3074 αὑτὸν
1720 3019 1802 3075 εἷ-

188 3115 282 3153 ναι
313 3099 404 3154 τὸν
451 3101 810 3172 ἐλπιζόμενον
844 3106 1084 3176 Χριστὸν
1131 3111 1466 3177 πιστεύσας,
1502 3115 1652 3178 εἰκὸς
1690 3117 1800 3187 γὰρ

183 3187 259 3264 ἦν
291 3193 474 3260 αὐτὸν,
509 3197 605 3249 an
639 3197 704 3267 δὴ
729 3201 840 3262 τοῖς
885 3201 1198 3260 Ἰουδαϊκοῖς
1227 3205 1692 3278 ἐντεθραμμένον,
1722 3211 1796 3282 μὴ

187 3288 410 3347 ἀγνοεῖν
455 3289 539 3343 ὄτι
585 3290 651 3344 ἐκ
693 3292 1015 3364 σπέρματος
1062 3296 1230 3351 Δαυῒδ
1273 3302 1301 3354 6
1332 3301 1608 3371 Χριστὸς.
1642 3307 1795 3374 φωνῇ

191 3382 413 3456 μεγάλῃ
441 3382 560 3454 βοᾷ,
595 3384 689 3437 Υίέ
720 3385 921 3451 Δαυῒδ,
951 3389 1176 3459 ἐλέησόν
1234 3409 1303 3460 με
1335 3408 1350 3422 ·
1389 3395 1484 3448 καὶ
1510 3394 1589 3464 τῷ
1624 3398 1800 3449 εἰπεῖν

193 3473 547 3558 δέ,Ἐλέησόν
579 3494 666 3547 με,
684 3478 938 3548 ἐμφαίνει
959 3483 1041 3534 ὅτι
1062 3484 1344 3554 θειοτέραν
1368 3486 1490 3540 τινὰ
1518 3483 1634 3559 εἶχε
1671 3488 1802 3558 περὶ

186 3567 360 3623 αὑτοῦ
391 3568 625 3637 ἔννοιαν,
652 3573 747 3624 καὶ
785 3572 845 3625 οὐ
873 3573 1028 3641 ψιλὸν
1058 3574 1348 3646 ἄνθρωπον
1379 3579 1622 3650 ἐνόμιζε.
1657 3581 1802 3635 Θαύ-

191 3679 371 3734 μασον
397 3663 455 3716 δέ
491 3681 581 3733 μοι
608 3668 704 3719 καὶ
734 3666 834 3737 τὴν
865 3667 1118 3722 ἔνστασιν
1153 3671 1322 3724 αὑτοῦ
1354 3673 1457 3744 τῆς
1479 3676 1800 3745 ὁμολογίας,

188 3755 314 3818 πῶς
342 3757 520 3810 καίτοι
556 3757 769 3813 πολλῶν
811 3761 1195 3831 ἐπιτιμώντων
1226 3763 1377 3834 αὐτῷ
1398 3806 1411 3827 ,
1451 3766 1553 3818 οὐκ
1597 3767 1758 3836 ἐσίγα
1784 3810 1799 3836 ,

188 3847 334 3903 ἀλλὰ
373 3851 769 3922 περισσότερον
799 3851 1027 3924 ἐκραξε,
1060 3855 1339 3926 θερμότης
1373 3860 1484 3928 γὰρ
1517 3854 1587 3930 ἦν
1616 3859 1679 3913 τὸ
1712 3860 1803 3915 ἔν-

198 3942 357 3996 δοθεν
397 3945 583 3997 κινοῦν
613 3947 800 3999 αὐτόν.
834 3947 927 3999 Διὸ
958 3948 1054 3999 καὶ
1087 3950 1115 4000 6
1158 3947 1364 4017 Ἰησοῦς
1408 3954 1802 4020 προσκαλεῖται

195 4035 364 4088 αὑτὸν
401 4035 477 4099 ὼς
523 4036 601 4107 τῷ
645 4036 760 4090 δντι
807 4036 959 4102 ἄξιον
992 4042 1210 4110 ἐγγίσαι
1249 4043 1423 4114 αὐτῷ,
1462 4048 1719 4120 ἐπερωτᾷ
1746 4048 1803 4101 δὲ

189 4127 396 4193 αὑτὸν,
430 4128 495 4180 Τί
520 4146 604 4181 σοι
639 4129 812 4194 Θέλεις
845 4133 1092 4201 ποιήσω;
1129 4135 1229 4206 οὐχ
1260 4135 1335 4199 ὡς
1398 4140 1612 4205 ἀγνοῶν
1633 4183 1646 4205 ,
1687 4140 1802 4193 ἀλλ’

194 4216 349 4280 ὅπως
407 4218 481 4288 μὴ
524 4219 650 4293 δόξῃ
695 4225 810 4284 τοῖς
860 4221 1167 4290 παροῦσιν,
1215 4227 1295 4279 ὅτι
1336 4227 1473 4281 ἄλλα
1521 4229 1805 4294 αἰτοῦντος

189 4310 429 4373 ἐκείνου,
461 4311 596 4366 ἄλλα
623 4315 789 4378 αὐτὸς
815 4314 1023 4382 δίδωσι,
1063 4319 1157 4371 καὶ
1190 4319 1265 4383 ὡς
1290 4322 1502 4386 ἐκεῖνος
1533 4324 1633 4393 μὲν
1662 4324 1807 4377 αἰτεῖ

191 4404 477 4474 χρήματα,
506 4406 669 4472 αὐτὸς
691 4407 748 4459 δὲ
774 4403 863 4462 οἷα
897 4409 1296 4484 φιλενδείκτης,
1320 4416 1636 4486 τυφλότητα
1656 4416 1805 4482 ἐξιᾶ-

187 4507 306 4545 ταιο
327 4494 458 4557 ῖσως
475 4496 586 4566 γὰρ
612 4497 838 4552 τοιαῦτα
853 4500 882 4552 6
904 4500 1099 4568 φθόνος
1123 4505 1331 4575 ἀνόητα
1356 4507 1801 4579 ἐσυκοφάντησεν

1910 2004 2170 2060 batzFiIi
2208 2003 2402 2072 David,
2448 2006 2714 2062 miserere
2765 2009 2893 2062 mei.
2941 2007 3106 2063 Stans
3136 2018 3321 2062 autem
3357 2004 3520 2062 Jesus

1905 2098 2071 2168 jussit
2113 2097 2265 2152 illum
2296 2097 2492 2153 adduci
2522 2099 2590 2153 ad
2625 2112 2705 2154 se.
2748 2098 2967 2154 Etcum
3003 2099 3520 2170 appr0pinquassetg

1911 2191 2264 2260 interrogavit
2313 2191 2501 2256 illum,
2539 2191 2728 2246 dicens
2771 2209 2784 2245 :
2818 2191 2966 2259 Quid
3018 2192 3116 2246 tibi
3151 2192 3234 2247 vis
3276 2191 3521 2246 faciam?

1871 2266 1873 2269 l
1908 2286 1978 2340 At
2020 2283 2112 2340 ille
2141 2287 2318 2340 dixit:
2354 2283 2603 2355 Domine,
2641 2297 2700 2340 ut
2728 2287 2907 2341 visum
2946 2287 3232 2358 recipiam.
3264 2287 3330 2341 Et
3357 2286 3520 2342 Jesus

1911 2378 2124 2433 dixitei
2159 2396 2173 2432 :
2205 2377 2457 2449 Recipito
2481 2379 2680 2445 visum,
2711 2379 2846 2435 fides
2879 2389 2970 2434 tua
3005 2390 3059 2435 te
3090 2380 3302 2434 salvum
3339 2378 3521 2433 reddi-

1911 2473 2011 2526 dit.
2034 2472 2102 2526 Et
2124 2471 2412 2526 confestim
2439 2472 2611 2526 visum
2638 2473 2867 2542 recepit,
2891 2488 2954 2528 ac
2977 2474 3312 2543 sequebatur
3341 2472 3517 2537 illum,

1911 2565 2221 2637 gloriﬁcans
2272 2566 2460 2620 Deum.
2508 2566 2575 2619 Et
2622 2565 2803 2620 omnis
2842 2566 3018 2635 plebs,
3053 2575 3112 2620 ut
3149 2565 3317 2631 vidit,
3371 2565 3523 2620 dedit

1912 2657 2124 2711 laudem
2153 2657 2286 2712 Dco.
2328 2677 2346 2710 ι
2390 2659 2653 2712 Dominus
2692 2659 3019 2714 miraculum
3055 2660 3158 2715 hoc
3183 2658 3316 2714 caeci
3341 2658 3522 2714 obiter

1910 2750 1964 2805 in
2008 2751 2095 2802 via
2130 2759 2388 2820 operatus
2411 2761 2516 2817 est,
2551 2760 2688 2806 utet
2719 2752 2988 2807 transitus
3016 2753 3137 2821 eius
3172 2753 3330 2808 nobis
3371 2751 3521 2807 utilis

1909 2853 2056 2898 esset
2081 2843 2357 2907 doctrina,
2392 2858 2452 2897 ac
2487 2842 2772 2914 discipulis
2805 2843 3044 2910 Christi;
3088 2851 3152 2899 ut
3195 2857 3418 2913 semper
3465 2852 3522 2899 et

1909 2937 2112 3006 ubique
2157 2945 2212 2991 et
2265 2936 2406 3005 apud
2454 2951 2645 2991 omnes
2687 2937 2852 2992 utiles
2891 2938 3063 2992 sitnus
3091 2979 3105 3004 ,
3148 2947 3203 3004 et
3239 2951 3519 3008 nunquam

1911 3030 2113 3098 ignavi.
2144 3029 2335 3084 Caecus
2365 3029 2529 3097 igitur
2561 3029 2793 3084 credens
2820 3045 2944 3084 eum
2975 3044 3098 3085 esse
3126 3029 3405 3084 Christum
3428 3028 3524 3098 qui

1913 3120 2741 3190 exspectabatur,—verisimile
2779 3121 2923 3175 enim
2956 3118 3060 3175 fuit
3094 3121 3292 3189 ipsum,
3336 3127 3524 3188 utpote

1915 3215 2234 3270 innutritum
2261 3213 2530 3278 Judaicis,
2559 3229 2666 3269 non
2703 3215 2986 3284 ignorasse
3019 3212 3298 3268 Christum
3331 3227 3399 3266 ex
3433 3226 3525 3268 se.

1912 3309 2056 3361 mine
2083 3305 2275 3369 David,
2300 3335 2362 3345 -—
2393 3320 2528 3358 voce
2553 3318 2750 3374 magna
2776 3302 3001 3369 clamat,
3019 3301 3121 3356 Fili
3146 3302 3338 3369 David,
3357 3303 3524 3357 mise-

1910 3415 2030 3454 rere
2055 3399 2182 3454 mei.
2214 3396 2278 3452 Et
2299 3398 2553 3463 dicendo,
2574 3396 2830 3452 Miserere
2854 3396 2985 3462 mei,
3008 3394 3249 3450 declarat
3275 3396 3420 3463 quod
3437 3395 3524 3451 di-

1909 3490 2177 3546 viniorem
2209 3490 2503 3559 quamdam
2521 3489 2587 3542 de
2611 3488 2703 3541 illo
2729 3489 3061 3542 sententiam
3091 3488 3314 3551 habeat,
3339 3496 3395 3542 et
3416 3502 3524 3542 non

1909 3582 2186 3638 hominem
2233 3597 2429 3651 purum
2460 3590 2704 3635 censeat.
2737 3581 3031 3635 Admirarc
3067 3589 3278 3647 autem,
3317 3593 3524 3649 quaeso,

1908 3673 2180 3741 quomodo
2202 3671 2607 3728 confessionem
2640 3687 2794 3725 suam
2831 3670 3156 3740 multiplicet
3181 3710 3195 3734 ,
3223 3669 3524 3740 quomodo,

1908 3767 2161 3835 quamvis
2202 3766 2354 3818 multi
2395 3765 2752 3831 increparent
2797 3779 2959 3827 eum,
2997 3779 3107 3818 non
3146 3763 3397 3828 tacebat,
3431 3763 3526 3818 sed

1908 3860 2141 3929 amplius
2171 3858 2466 3914 clamabat.
2503 3857 2710 3937 Fervor
2744 3857 2968 3928 quidam
3037 3856 3368 3912 intrinsecus
3426 3856 3527 3911 sti-

1909 3955 2160 4009 mulabat
2199 3966 2324 4006 eum
2371 3968 2386 4005 :
2424 3951 2633 4006 idcirco
2662 3962 2718 4005 et
2751 3948 2910 4005 Jesus
2945 3949 3112 4017 jussit
3139 3948 3290 4003 illum
3330 3948 3526 4002 adduci

1910 4049 1977 4102 ad
2016 4060 2098 4111 se,
2134 4045 2280 4114 quod
2335 4046 2589 4114 profecto
2616 4043 2816 4114 dignus
2861 4052 3011 4099 esset
3048 4042 3140 4112 qui
3175 4040 3529 4112 appropiarct

1910 4142 1982 4195 ei.
2017 4138 2328 4207 lnterrogat
2358 4145 2543 4190 autem
2573 4136 2725 4197 illum
2754 4134 2932 4201 :Qnid
2963 4134 3046 4187 vis
3079 4145 3138 4187 u-t
3165 4133 3261 4186 tibi
3289 4130 3528 4184 faciam?

1911 4246 2017 4286 non
2045 4239 2104 4284 ut
2134 4231 2416 4300 ignorans,
2448 4229 2544 4283 sed
2576 4243 2642 4282 ne
2673 4229 2764 4282 ille
2798 4225 3164 4297 przesentibus
3204 4223 3308 4278 alia
3340 4233 3529 4294 petere

1910 4327 2183 4392 videatur,
2211 4325 2324 4393 ipse
2351 4323 2458 4378 alia
2494 4325 2656 4378 dare:
2689 4334 2744 4377 et
2766 4324 2893 4376 dum
2926 4321 3018 4375 ille
3048 4320 3184 4390 petit
3208 4318 3525 4389 pecuniam,

1912 4423 2026 4490 ipse
2049 4432 2108 4474 ut
2138 4430 2468 4481 ostentator,
2502 4419 2805 4473 caecitatem
2832 4425 3075 4471 sanaret.
3107 4413 3242 4468 Nam
3273 4413 3528 4468 fortassis

1908 4515 2234 4585 insipienter
2275 4512 2406 4567 talia
2460 4512 2666 4580 litigere
2716 4519 2904 4582 posset
2945 4509 3175 4563 invidia.
3230 4509 3529 4579 Propterea

191 4588 281 4642 ἄν.
321 4589 412 4641 Διὸ
440 4590 747 4660 ἐρωτήσας,
774 4593 966 4664 ἐπειδὴ
990 4589 1151 4666 εὗρεν
1183 4597 1349 4652 αὑτὸν
1370 4599 1465 4654 τοῦ
1494 4586 1800 4670 ἀναϐλέψαι

1910 4623 2033 4662 cum
2083 4608 2481 4676 interrOgasset
2532 4615 2589 4660 et
2637 4605 3001 4675 comperisset
3049 4619 3175 4657 eum
3220 4602 3523 4672 recipiendi

190 4681 597 4753 ἐπιθυμοῦντα,
624 4684 787 4739 τοῦτο
811 4686 1048 4743 δίδωσιν.
1080 4691 1223 4762 Ὅρα
1244 4691 1302 4746 δέ
1324 4693 1387 4746 τὸ
1413 4694 1798 4766 άκόμπαστονο

200 4773 273 4828 ἰι
322 4775 524 4842 πίστις’
552 4795 648 4832 σου
670 4821 685 4846 ,
718 4781 878 4852 φησι,
913 4783 1127 4837 σέσωκὲ
1163 4801 1257 4852 σε,
1297 4786 1629 4853 ἐπίστευσας
1667 4789 1800 4861 γὰρ,

187 4869 277 4924 δτι
297 4871 326 4924 6
345 4872 759 4943 κηρυττόμενος
782 4875 897 4938 υἱός
921 4878 1038 4948 εἰμι
1062 4876 1272 4942 ἐκεῖνος
1296 4881 1393 4935 τοῦ
1416 4882 1582 4936 Δαυῒδ
1609 4884 1638 4936 6
1664 4885 1802 4956 Χρι-

192 4963 343 5030 στὸς,
363 4966 457 5018 καὶ
490 4965 766 5036 τοσαύτην
791 4969 1148 5045 ὲπεδείκνυρο
1174 4973 1274 5043 τὴν
1296 4973 1631 5047 θερμότητα,
1658 4977 1801 5030 ὥστε

195 5053 334 5124 μηδέ
365 5057 774 5130 ἐπιτιμώμενος
801 5063 983 5134 σιγᾷν.
1013 5064 1384 5137 Μανθάγομεν
1405 5068 1464 5121 δέ
1490 5070 1556 5123 ἐκ
1582 5069 1798 5137 τούτου,

189 5147 276 5200 ὅτι
295 5146 426 5201 ὅταν
455 5150 593 5219 μετὰ
622 5150 860 5217 πίστεως
887 5155 1157 5226 αἰτῶμεν,
1189 5159 1291 5211 οὐκ
1314 5159 1451 5213 ἄλλα
1482 5161 1586 5232 μέν
1618 5164 1803 5218 αἰτοῦ-

194 5256 318 5308 μεν,
340 5239 476 5294 ἄλλα
499 5241 555 5295 δέ
571 5242 810 5308 δίδωσιν,
833 5247 951 5300 ἀλλ’
982 5252 1166 5304 ἐκεῖνα
1195 5251 1337 5310 αὑτά
1365 5268 1378 5282 ·
1405 5251 1549 5307 ὥστε
1575 5255 1800 5311 ἐπειδάν

190 5332 330 5386 ἄλλα
360 5334 669 5403 αἰτοῦντες,
691 5329 1256 5414 ἄλ).α’λαμ6άνομεν,
1302 5346 1571 5417 πρόδηλον
1606 5349 1688 5402 ὅτι
1737 5351 1799 5404 οὐ

190 5425 373 5492 καλῶς
395 5429 519 5484 οὐδὲ
547 5432 754 5498 πιστῶς
778 5435 1066 5506 αἰτοῦμεν·
1098 5457 1116 5490 ι
1140 5441 1350 5493 Αἰτεῖτε
1377 5440 1684 5512 γὰρ,φησὶ,
1705 5445 1801 5497 καὶ

188 5519 254 5574 οὐ
282 5519 616 5592 λαμϐάνετε,
635 5526 772 5580 διότι
795 5530 978 5594 κακῶς
1001 5533 1229 5590 αἰτεῖτε.
1263 5553 1281 5584 ι
1312 5535 1458 5608 Ὅρα
1482 5537 1538 5590 δὲ
1572 5540 1665 5591 καὶ
1695 5540 1797 5610 τὴν

189 5613 468 5678 ἐξουσίαν’
506 5618 856 5692 Ἀνάϐλεψον.
878 5624 978 5688 Τίς
1009 5624 1116 5696 γὰρ
1140 5627 1250 5680 τῶν
1283 5630 1583 5702 προφητῶν
1621 5631 1796 5698 οὕτως

189 5702 599 5776 ἐθεράπευσεν,
645 5713 705 5766 ἐν
737 5713 976 5788 τοσαύτῃ
1013 5717 1160 5788 φημὶ
1199 5719 1450 5793 ἐξουσίας
1485 5720 1649 5778 Ὀθεν
1698 5725 1795 5779 καὶ

267 5890 308 5922 ’³
357 5889 516 5948 Joen.
554 5909 655 5962 χιι,
694 5894 776 5951 l6.
882 5897 951 5932 ⁸⁷⁵⁸
979 5897 1098 5957 Jac.
1137 5916 1211 5967 ιν.
1244 5902 1300 5958 3.

1907 4702 2059 4755 visus
2096 4699 2253 4754 valde
2287 4700 2569 4769 cupidum,
2615 4699 2709 4752 dat
2765 4699 2910 4767 quod
2965 4697 3122 4766 petit.
3164 4696 3302 4751 Vide
3343 4704 3527 4750 autem

1907 4809 2072 4863 quam
2121 4794 2338 4848 alienus
2370 4794 2442 4847 sit
2473 4792 2542 4848 ab
2575 4792 2913 4864 arrogantia.
2955 4789 3120 4846 Fides
3158 4798 3278 4856 tua,
3324 4788 3525 4860 inquit,

1901 4889 2115 4942 salvum
2166 4898 2220 4942 te
2261 4885 2416 4952 fecit,
2451 4886 2730 4941 credidisti
2771 4887 2919 4940 enim
2952 4886 3099 4955 quod
3131 4899 3232 4956 ego
3271 4899 3392 4939 sum
3423 4883 3533 4940 ille

1906 4978 2049 5033 [ilius
2086 4979 2275 5046 David,
2309 4979 2401 5049 qui
2428 4978 2741 5034 celebratur
2770 4977 3051 5045 Christus,
3084 4985 3139 5032 et
3171 4985 3382 5032 tantum
3416 4989 3528 5045 pra:

1907 5080 1961 5128 te
2004 5074 2175 5128 tulisti
2228 5075 2539 5140 fervorem,
2579 5082 2642 5127 ut
2690 5072 2945 5142 quamvis
2988 5072 3384 5141 increpavere,
3421 5083 3525 5124 non

1905 5160 2149 5221 silueris.
2189 5165 2476 5222 Discamus
2502 5177 2683 5220 autem
2709 5181 2776 5220 ex
2806 5167 2928 5231 hoc,
2967 5163 3115 5234 quod
3148 5165 3371 5234 quando
3403 5176 3527 5216 cum

1909 5257 2013 5313 iide
2045 5259 2282 5328 petimus
2305 5301 2320 5326 ,
2358 5275 2467 5313 non
2508 5259 2615 5313 alia
2641 5261 2865 5330 quidem
2896 5274 2994 5312 nos
3043 5255 3281 5327 petimus
3304 5297 3318 5322 ,
3343 5265 3400 5311 et
3424 5253 3525 5310 alia

1906 5353 2023 5422 ipse
2043 5355 2157 5417 dat,
2176 5355 2268 5408 sed
2286 5354 2373 5408 illa
2394 5354 2531 5423 ipsa.
2551 5353 2727 5425 Atque
2746 5355 2817 5408 ita
2844 5353 3058 5423 quoties
3075 5352 3182 5406 alia
3196 5351 3454 5419 petimus,
3474 5358 3531 5404 et

1906 5448 2012 5502 alia
2033 5450 2356 5518 accipimus,
2381 5449 2734 5505 manifestum
2753 5451 2897 5521 quod
2916 5464 3020 5504 non
3038 5449 3175 5503 bene
3193 5461 3373 5516 neque
3392 5445 3526 5498 iide-

1906 5540 2032 5597 liter
2060 5544 2322 5612 petimus.
2357 5563 2375 5595 t
2402 5544 2595 5598 Petitis
2620 5546 2788 5611 enim,
2811 5546 3010 5614 inquit,
3034 5553 3091 5598 et
3111 5558 3220 5599 non
3252 5539 3524 5610 accipitis,

1904 5652 1969 5692 eo
1986 5638 2129 5705 quod
2156 5638 2296 5693 male
2314 5639 2652 5706 petatis)“:
2681 5639 2813 5695 Vide
2838 5641 3067 5710 insuper
3092 5649 3145 5694 et
3161 5644 3523 5709 potestatem:

1901 5727 2110 5800 Ret-ipe
2127 5728 2325 5798 visum,
2342 5731 2538 5802 inquit.
2559 5732 2621 5788 Et
2639 5734 2763 5805 quis
2781 5733 3174 5807 pmphetarum
3191 5735 3260 5789 ita
3277 5731 3528 5795 sanavit,
