4228 6428
765 421 899 489 1οἳ3

1645 427 1746 485 ΤΠ
1762 426 2226 487 EOPIIYLACTI
2273 428 2470 489 BULG
2484 427 2581 485 AR
2594 427 2608 483 Ι
2623 424 2685 483 ,Ε
2732 427 2772 482 Α
2785 425 2936 485 BC”
2949 428 2963 484 l
2976 426 3089 484 ΕΡ.

3800 482 3820 493 ,
3896 425 4038 488 ΙΟἌ

760 551 813 591 et
865 536 1115 591 ascendit
1165 536 1218 590 in
1271 535 1620 604 capriﬁeum,
1661 553 1874 592 omnem
1917 538 2243 607 voluptatem
2290 555 2326 592 at

2458 537 2709 609 αίσοησιν
2745 537 2962 606 ἔρχεται
3005 535 3286 601 πολλάκις,
3321 536 3412 589 καὶ
3444 537 3724 591 ἀναϐαίνει
3753 539 3849 590 ἐπὶ
3887 556 4043 591 συκο-

757 625 1121 688 d'ileedinem,
1150 641 1268 695 quae
1295 640 1390 694 per
1430 626 1589 681 ﬁcum
1625 629 1953 693 insinuatur,
1987 632 2263 686 int'atuans
2291 643 2344 687 et

760 720 1112 774 iiiortiticans.
1163 717 1227 772 Et
1272 719 1351 773 sic
1386 723 1656 775 excelsior
1702 739 1759 777 se
1807 722 2013 791 factus,
2065 727 2342 781 ascensio-

762 826 969 880 uesque
991 811 1042 864 in
1066 811 1226 864 corde
1249 828 1347 866 suo
1377 829 1602 879 ponens,
1623 816 1836 869 videtur
1859 833 1886 870 a
1916 815 2066 883 Jesu,
2090 827 2145 873 et
2171 820 2338 875 videt.

758 903 1006 969 Dicitque
1043 901 1108 961 ad
1145 904 1292 957 illum
1327 904 1626 962 Dominus:
1654 907 1892 974 Festina,
1922 909 2211 980 descende,
2240 913 2341 969 hoc

755 1007 857 1058 est,
889 997 1191 1050 Ascendisti
1226 1012 1320 1062 per
1348 999 1720 1064 paenitentiam
1753 1001 1804 1053 in
1843 1000 2218 1058 sublimiorem
2256 1007 2338 1058 vl-

756 1094 885 1146 tam,
929 1085 1196 1138 descende
1225 1100 1319 1153 per
1351 1087 1734 1142 humililatem.
1775 1087 1891 1142 Non
1941 1099 1994 1143 te
2032 1092 2341 1159 supplanlet

752 1177 1015 1240 superbus
1050 1191 1244 1230 sensus
1291 1195 1304 1230 :
1342 1178 1532 1231 festina
1557 1220 1570 1243 ,
1620 1179 1924 1236 humiliare.
1970 1180 2025 1236 Si
2060 1183 2204 1237 enim
2241 1184 2340 1236 hu-

753 1267 991 1320 miliatus
1039 1267 1239 1328 fueris.
1276 1271 1327 1322 in
1370 1271 1533 1324 domo
1570 1282 1654 1323 tua
1704 1283 1916 1339 oportet
1960 1287 2044 1326 me
2094 1287 2334 1339 manere.

751 1356 982 1410 Necesse
1012 1359 1179 1423 enim,
1210 1361 1407 1428 inquit,
1449 1371 1505 1413 ut
1535 1376 1634 1430 ego
1671 1377 1920 1416 maneam
1956 1364 2010 1417 in
2038 1365 2196 1419 domo
2232 1367 2332 1418 hu-

753 1450 940 1503 milis:
982 1469 1000 1500 ι
1052 1451 1134 1504 Ad
1170 1468 1329 1519 quem
1390 1456 1533 1507 enim
1600 1455 1884 1524 respiciam
1950 1472 2110 1524 quam
2174 1473 2340 1522 super

753 1551 1142 1619 nmnsuetum,‘
1172 1553 1224 1595 et
1259 1544 1543 1610 quietum,
1579 1554 1632 1598 et
1680 1556 2000 1601 trementem
2050 1563 2337 1605 sermones

749 1644 900 1681 meos
930 1631 1014 1683 "?
1046 1651 1061 1681 ι
1097 1632 1306 1686 Etenim
1342 1635 1431 1700 qui
1472 1635 1594 1690 talis
1620 1645 1722 1699 est,
1751 1638 2032 1692 dimidium
2072 1641 2333 1695 booorutn

750 1737 970 1774 suorum
1007 1724 1094 1776 dat
1140 1728 1465 1795 pauperibus
1512 1728 1867 1784 daemonibus.
1912 1728 2154 1798 Duplicia
2189 1733 2334 1786 cnim

748 1820 876 1861 sunt
910 1812 1043 1862 bona
1077 1821 1257 1865 nostra
1280 1853 1294 1875 ,
1323 1816 1567 1882 corporis
1599 1818 1720 1871 diro
1741 1858 1754 1880 .
1787 1832 1837 1872 et
1873 1823 2089 1875 animae.
2139 1819 2332 1876 Omnia

2452 630 2678 698 μορέαν,
2710 629 2890 682 πᾶσαν
2922 628 3119 698 ἡδονὴν
3151 628 3244 682 καὶ
3283 627 3629 697 γλυκύτητα,
3671 631 3794 699 ἥτις
3824 629 3915 682 δια
3945 632 4041 696 τῆς

2449 722 2617 788 συκῆς
2643 720 2923 792 δηλοῦται,
2965 721 3259 790 μωραίνων
3299 721 3393 774 καὶ
3427 722 3755 792 ἀπονεκρῶν
3777 761 3793 785 ,
3831 725 3928 775 καὶ
3955 724 4043 774 οἱ·

2444 830 2550 875 τως
2579 812 2914 882 ὑψηλότερος
2946 811 3145 865 ἑαυτοῦ
3181 813 3496 882 γενόμενος,
3533 815 3629 868 καὶ
3660 815 3961 877 ἀναϐάσεις
3989 815 4042 866 ἐν

2442 909 2510 978 τῇ
2541 907 2741 977 καρδίᾳ
2777 906 3173 976 διατιθέμενος,
3199 908 3395 978 δρᾶται
3432 907 3538 962 ὑπὸ
3570 907 3666 963 τοῦ
3713 909 3921 979 Ἰησοῦ,
3954 912 4042 962 καὶ

2443 999 2567 1069 δρᾷ,
2600 998 2692 1051 καί
2730 1015 2864 1067 φησι
2895 999 3034 1069 πρὸς
3069 999 3233 1052 αὑτὸν
3263 1001 3291 1052 6
3326 999 3554 1070 Κύριος,
3585 999 3841 1062 Σπεύσας
3875 1002 4045 1052 κατέ-

2442 1090 2590 1160 ϐηθι,
2619 1090 2918 1154 τουτέστιν,
2964 1091 3192 1162 Ἀνέϐης
3216 1092 3305 1145 διὰ
3325 1093 3424 1164 τῆς
3452 1092 3748 1164 μετανοίας
3791 1093 3884 1160 ἐφ’
3909 1093 4042 1162 ὑψη-

2442 1179 2663 1250 λότερον
2697 1180 2829 1251 βίον,
2855 1179 3129 1250 κατάϐηθι
3166 1180 3253 1233 διὰ
3285 1180 3382 1249 τῆς
3410 1179 3943 1251 ταπεινοφροσύνης,
3972 1181 4041 1248 μή

2444 1292 2502 1328 σε
2534 1257 2868 1344 ὑποσκελίσῃ
2898 1277 2930 1344 ἡ
2962 1273 3409 1346 ὑψηλοφροσύνη.
3456 1272 3724 1335 Σπεῦσον,
3766 1273 4042 1326 ταπεινώ-

2440 1372 2585 1441 om.
2633 1372 2758 1425 Ἐἀν
2783 1372 2893 1443 γὰρ
2921 1369 3272 1442 ταπεινωθῇς
3294 1414 3308 1437 ,
3343 1370 3402 1422 ιν
3435 1369 3513 1440 τῷ
3543 1369 3679 1440 οἴκῳ
3716 1385 3813 1424 σου
3851 1369 3936 1422 δεῖ
3977 1386 4042 1436 με

2442 1466 2623 1532 μεῖναι
2649 1479 2664 1493 ⁰
2697 1463 2996 1532 ἀναγκαῖον
3029 1462 3156 1554 γὰρξ
3203 1462 3390 1534 φησὶν,
3425 1462 3545 1513 ἐστὶ
3597 1461 3657 1514 τὺ
3703 1462 3762 1513 ὲν
3795 1461 3879 1554 τῶ
3908 1461 4043 1554 οῖκῳ

2437 1557 2533 1609 τοῦ
2571 1554 2834 1609 ταπεινοῦ
2870 1555 3056 1623 μένειν
3091 1552 3180 1624 με.
3214 1575 3231 1607 ι
3280 1555 3404 1607 Ἐπὶ
3434 1554 3557 1607 τίνα
3593 1555 3702 1622 γὰρ
3733 1552 4039 1620 ἐπιϐλέψαι,

2441 1647 2470 1718 ἢ
2499 1649 2590 1701 ἐπὶ
2615 1648 2708 1701 τὸν
2731 1649 2907 1719 πρᾷον
2925 1649 3018 1700 καὶ
3043 1647 3268 1721 ἡσύχιον
3294 1648 3388 1701 καὶ
3416 1646 3691 1715 τρέμοντα
3718 1647 3850 1707 τοὺς
3876 1647 4042 1714 ἐμοὺς

2437 1737 2658 1806 λόγους;
2695 1756 2712 1788 ι
2757 1736 2816 1790 Ὅ
2849 1736 3094 1800 τοιοῦτος
3125 1737 3222 1790 καὶ
3247 1735 3317 1790 τὰ
3344 1736 3519 1806 ἡμίση
3547 1736 3656 1788 τῶν
3679 1736 4044 1805 ὑπαρχόντων

2437 1828 2623 1882 δίδωσι
2652 1831 2765 1892 τοῖς
2792 1832 3031 1900 πτωχοῖς
3061 1828 3305 1899 δαίμοσι.
3336 1829 3540 1881 Διττῶν
3572 1828 3683 1898 γὰρ
3713 1829 3888 1880 όντων
3909 1829 4042 1896 ἡμῖν

747 1899 1050 1964 corporalia
1067 1904 1315 1954 concedit
1333 1903 1513 1968 justus
1533 1921 1657 1960 vere
1676 1910 2027 1976 pauperibus,
2075 1912 2326 1981 omnique

2436 1920 2546 1973 τῶν
2585 1922 2943 1992 ὑπαρχόντων
2969 1962 2984 1984 ,
3021 1920 3352 1992 σωματικῶν
3387 1938 3532 1991 φημι
3553 1960 3569 1982 ,
3599 1937 3693 1974 και
3748 1918 4037 1989 ψυχικῶν·

746 1989 886 2040 bono
912 1988 1185 2044 destitutis
1212 1994 1568 2049 dmmouibus.
1601 1999 1811 2054 Anima!
1842 2014 2023 2056 auzem
2054 2005 2189 2056 bona
2223 2020 2327 2057 non

748 2079 1042 2146 dispendii,
1089 2083 1138 2136 id
1182 2086 1324 2150 quod
1369 2097 1424 2140 et
1469 2087 1536 2140 de
1569 2087 1673 2143 Job
1722 2090 2008 2146 Dominum
2063 2094 2326 2148 dicentem

743 2175 1089 2229 audivimus:
1117 2176 1502 2234 Verumtamen
1532 2182 1768 2236 animam
1797 2185 1915 2254 ejus
1958 2201 2024 2240 ne
2060 2188 2324 2256 tetigeris.

745 2265 851 2319 Sed
882 2268 1005 2321 etsi
1043 2283 1203 2337 quem
1238 2271 1592 2337 deiraudavil,
1637 2277 1810 2330 reddit
1834 2277 2212 2348 quadruplum.
2242 2280 2327 2333 Iu-

742 2359 992 2413 sinuatur
1026 2363 1187 2429 igitur
1226 2378 1321 2427 per
1356 2365 1459 2417 hoc
1493 2367 1636 2434 quod
1677 2369 1856 2422 omnis
1881 2372 1972 2438 qui
2024 2385 2120 2438 per
2150 2373 2330 2442 ρωπί-

741 2449 966 2500 tentiam
1005 2451 1141 2504 viam
1177 2454 1321 2507 vadit
1365 2457 1692 2508 contrariam
1734 2458 1901 2520 priori
1940 2461 2196 2527 malitiaz,
2233 2478 2330 2530 per

741 2550 974 2606 quatuor
1006 2545 1231 2598 virtutes
1258 2547 1435 2598 omnia
1462 2563 1582 2615 quae
1612 2550 1760 2617 prius
1794 2561 2015 2619 peccata
2048 2560 2215 2615 sunt,’
2240 2569 2327 2608 sa-

742 2644 833 2690 nat
869 2651 881 2686 :
919 2646 972 2687 et
1017 2638 1094 2690 sic
1137 2639 1334 2706 accipit
1383 2642 1649 2706 salutem,
1707 2641 1963 2713 filiusque
2011 2647 2327 2701 nominatur

738 2723 970 2779 Abrahae
991 2769 1003 2790 ,
1038 2743 1102 2781 eo
1132 2731 1270 2797 quod
1300 2740 1350 2784 et
1387 2732 1498 2800 ipse
1542 2749 1794 2803 egressus
1821 2737 1895 2790 sit
1930 2738 1995 2791 de
2025 2747 2167 2794 terra
2202 2757 2324 2808 sua,

737 2825 795 2870 et
834 2820 1153 2885 cognatione
1202 2822 1398 2890 prioris
1435 2824 1687 2889 malitim,
1736 2837 1790 2880 et
1831 2827 1899 2882 de
1947 2828 2112 2884 domo
2156 2833 2328 2899 patris

739 2910 817 2959 sui
841 2949 853 2968 ,
894 2909 996 2962 hoc
1029 2922 1140 2973 est,
1178 2924 1328 2965 extra
1379 2914 1614 2982 seipsuzu
1654 2912 1832 2971 factus
1857 2957 1872 2980 ,
1907 2930 1961 2971 et
1994 2933 2197 2988 negans
2243 2936 2329 2974 se-

739 3003 934 3068 ipsum.
976 3002 1175 3058 Domus
1205 3008 1347 3059 enim
1383 3010 1551 3073 patris
1579 3013 1663 3063 sui
1691 3010 1891 3065 diaboli
1923 3011 2038 3079 ipse
2057 3022 2190 3066 erat.
2219 3011 2326 3081 lgi-

739 3105 826 3148 ιιιι
857 3108 1008 3150 extra
1035 3099 1272 3167 scipsum
1305 3098 1565 3157 factuset
1610 3102 1878 3159 alienatus
1921 3104 2150 3161 salutem
2183 3105 2325 3161 sicut

734 3188 1008 3242 Abraham
1043 3196 1418 3260 consequitur.

2437 2011 2546 2065 τῶν
2597 2013 2697 2084 μὲν
2739 2013 3077 2083 σωματικῶν
3129 2015 3350 2067 πάντων
3389 2014 3716 2084 παραχωρεῖ
3762 2013 3791 2063 6
3829 2011 4041 2074 δίκαιος

2439 2107 2550 2167 τοῖς
2585 2107 2824 2175 πτωχοῖς
2861 2104 2940 2175 τῷ
2985 2106 3120 2170 ὄντι,
3164 2107 3258 2158 καὶ
3307 2104 3510 2168 παντὸς
3549 2104 3761 2172 ἀγαθοῦ
3808 2106 4042 2174 ἐστερη-

2442 2199 2623 2266 μένοις
2657 2197 2877 2265 δαίμοσι
2898 2214 2910 2227 ο
2942 2197 3052 2251 τῶν
3090 2197 3145 2250 δὲ
3167 2197 3417 2268 ψυχικῶν
3449 2197 3548 2268 οὐχ
3588 2197 3987 2261 ὑπεξίσταται,
4015 2196 4043 2248 6

2439 2291 2532 2344 καὶ
2567 2290 2657 2342 ἐπὶ
2681 2289 2775 2341 τοῦ
2818 2288 2939 2341 Ἰὼϐ
2965 2289 3212 2358 ἔγνωμεν
3237 2290 3330 2343 τὸν
3356 2289 3564 2358 Κύριον
3594 2289 3847 2357 λέγοντα,
3889 2288 4042 2358 Πλὴν

2437 2382 2536 2447 τῆς
2564 2379 2742 2448 ψυχῆς
2773 2377 2940 2432 αὑτοῦ
2978 2378 3052 2451 μὴ
3084 2379 3221 2450 ᾇψη.
3253 2379 3422 2433 Ἀλλά
3456 2380 3552 2433 καὶ
3581 2379 3635 2432 εί
3656 2380 3803 2444 τινός
3829 2398 3880 2433 τι
3911 2383 4040 2433 tcu-

2437 2473 2748 2542 κοφάντησε
2774 2512 2787 2535 ,
2823 2473 3166 2539 τετραπλοῦν
3208 2474 3584 2528 ἀποτίννυσιν.
3627 2473 3944 2526 Δίνίττεται
3981 2474 4040 2527 δὲ

2434 2565 2525 2618 διὰ
2554 2565 2772 2627 τούτου,
2806 2566 2888 2620 ὅτι
2918 2567 3027 2630 πᾶς
3055 2568 3082 2620 6
3107 2566 3195 2620 διὰ
3233 2566 3523 2636 μετανοίας
3549 2568 3649 2638 τὴν
3683 2569 3939 2622 ἐναντίαν
3972 2571 4040 2637 τῇ

2437 2656 2681 2727 προτέρα
2717 2656 2885 2728 κακίᾳ
2920 2656 3039 2710 666v
3084 2656 3416 2727 ἐρχόμενος,
3467 2658 3556 2711 διά
3590 2659 3703 2712 τῶν
3747 2659 4042 2730 τεσσάρων

2435 2749 2649 2818 ἀρετῶν
2669 2749 2844 2803 πάντα
2864 2750 2934 2802 τὰ
2958 2751 3225 2822 πρότερον
3251 2752 3641 2822 ἁμαρτηθέντα
3671 2754 3908 2819 team.
3945 2753 4043 2806 καὶ

2436 2841 2611 2906 οὕτως
2657 2842 2928 2914 λαμϐάνει
2959 2844 3058 2915 τὴν
3105 2848 3422 2918 σωτηρίαν,
3473 2846 3568 2900 καὶ
3629 2848 3883 2918 Ἀϐραὰμ
3921 2848 4042 2912 υίὸς

2436 2932 2787 3001 ὀνομάζεται,
2818 2934 2895 2996 ὡς
2922 2936 3018 2988 καὶ
3049 2934 3212 3000 αὐτὸς
3236 2936 3469 3000 ἐξελθὼν
3496 2939 3560 2991 ὲκ
3583 2938 3682 3006 τῆς
3702 2938 3808 3006 γῆς
3840 2938 4038 2998 αὑτοῦ,

2435 3027 2530 3078 καί
2561 3028 2624 3078 ὲκ
2653 3027 2753 3095 τῆς
2783 3026 3108 3094 συγγενείας
3129 3028 3230 3096 τῆς
3251 3029 3526 3101 προτέρας
3553 3031 3775 3092 κακίας,
3808 3035 3907 3083 καὶ
3935 3032 4043 3096 ἔξω

2437 3119 2527 3172 τοῦ
2558 3120 2710 3172 οῖκου
2744 3120 2838 3172 τοῦ
2872 3120 3079 3189 πατρὸς
3107 3119 3276 3173 αὑτοῦ
3297 3160 3314 3184 ,
3348 3122 3654 3184 τουτέστιν,
3690 3121 3796 3186 ἔξω
3835 3121 4040 3175 ἑαυτοῦ

2434 3210 2701 3278 γεγονὼς,
2732 3212 2828 3265 καὶ
2859 3212 3326 3283 ἀπαρνησάμενος
3356 3213 3569 3269 ἑαυτόν.
3609 3211 3771 3277 Οἶκος
3802 3214 3917 3285 γάρ
3944 3214 4038 3268 τοῦ

737 3285 940 3352 πατρὸς
981 3286 1148 3338 αὑτοῦ
1193 3288 1288 3340 τοῦ
1335 3289 1582 3344 διαϐόλου
1629 3292 1791 3356 αὐτὸς
1834 3288 1923 3365 ἦν.
1962 3294 2109 3359 Ἐξω
2149 3301 2332 3355 τοίνυν
2368 3301 2567 3358 ἑαυτοῦ
2601 3306 2865 3374 γεγονὼς,
2897 3306 2994 3360 καὶ
3024 3306 3364 3371 ἀλλοιωθεὶς,
3428 3307 3707 3379 σωτηρίας
3771 3309 4041 3378 τυγχάνει

734 3380 876 3432 κατὰ
905 3378 996 3431 τὸν
1043 3379 1312 3452 Ἀϐραάμ.

807 3469 975 3525 Vens.
1017 3473 1197 3526 ll-H.
1242 3494 1261 3526 ι
1316 3475 1451 3543 Hoc,
1491 3479 1598 3535 illis
1631 3483 2014 3548 audientibus,
2059 3486 2321 3556 adjiciens
2357 3493 2402 3556 C

735 3564 864 3617 dicit
907 3567 1255 3634 parabolam,
1303 3585 1368 3623 eo
1401 3574 1543 3640 quod
1595 3584 1741 3630 esset
1794 3591 1962 3647 prope
2010 3577 2325 3654 Hierosoly-

736 3670 878 3707 mam
903 3697 916 3719 ,
952 3661 1201 3727 quodque
1241 3662 1616 3718 existimarent
1650 3666 1766 3722 fore
1805 3681 1862 3723 ut
1911 3673 2198 3727 confestim
2236 3692 2322 3730 re-

732 3765 899 3818 gnum
925 3749 1017 3804 Dei
1051 3753 1514 3813 manifestaretur.
1536 3758 1682 3814 Dixit
1704 3777 1834 3833 ergo
1862 3781 1876 3818 :
1905 3764 2077 3821 Homo
2102 3768 2319 3836 quidam

734 3856 1031 3910 generosus
1053 3845 1441 3912 profectus-.est
1469 3851 1521 3904 in
1547 3854 1829 3922 regionem
1862 3857 2238 3928 longinquam.
2264 3873 2323 3916 ut

732 3934 1002 4002 acciperet
1028 3937 1128 3991 sibi
1167 3955 1412 4010 regnum,
1446 3959 1509 3997 ac
1540 3958 1927 4003 reverteretur.
1964 3943 2186 4006 Vo'catis
2221 3969 2320 4007 au-

733 4037 837 4080 tem
872 4029 1057 4083 decem
1087 4034 1258 4086 servis
1289 4036 1421 4100 suis,
1449 4037 1595 4091 dedit
1618 4040 1697 4093 eis
1718 4041 1905 4097 decem
1932 4047 2128 4109 minas,
2164 4055 2218 4101 et
2247 4047 2322 4101 ait

731 4120 796 4170 ad
839 4119 955 4173 illos
987 4138 999 4172 :
1031 4119 1389 4192 Negotiemini
1440 4128 1612 4183 donec
1660 4132 1893 4185 veniam.
1942 4134 2100 4189 Cives
2136 4144 2315 4190 autem

731 4211 847 4275 ejus
881 4217 1106 4266 oderant
1157 4233 1313 4282 eum,
1374 4221 1746 4292 miseruntque
1812 4225 2140 4295 legationem
2197 4240 2319 4296 post

733 4304 916 4367 illum,
968 4307 1213 4362 dicentes
1264 4326 1278 4363 :
1332 4309 1594 4367 Nolumus
1660 4315 1807 4368 hunc
1866 4335 2095 4388 regnare
2152 4338 2317 4391 super

732 4411 853 4450 nos.
904 4417 921 4449 ι
979 4398 1202 4454 Videtur
1257 4405 1385 4457 mihi
1429 4409 1572 4475 quod
1614 4409 1863 4466 homines
1911 4413 1984 4466 illi
2030 4415 2314 4470 audientes

732 4506 955 4556 regnum
1002 4493 1114 4559 Dei,
1155 4497 1280 4548 illud
1323 4500 1743 4566 suspicabantur
1784 4507 2085 4573 temporale
2122 4522 2246 4562 esse
2283 4523 2312 4562 a

731 4582 836 4632 Deo
872 4584 1054 4636 datum
1107 4587 1158 4638 in
1223 4587 1525 4644 libertatem
1583 4593 1835 4648 Hebraici
1888 4601 2104 4665 generis
2161 4618 2173 4651 :
2235 4602 2314 4653 id-

726 4672 875 4723 t-ireo
927 4684 980 4726 et
1037 4678 1461 4742 auspicabantur
1515 4686 1658 4751 quod
1712 4685 1870 4741 Jesus
1906 4693 2210 4744 ascendens
2263 4693 2313 4746 in

723 4763 1047 4830 Jerusalem,
1100 4768 1263 4841 445
1314 4784 1630 4843 sumpturus
1679 4789 1826 4835 esset
1882 4780 1984 4835 hoc
2060 4799 2310 4854 regnum.

2523 3506 2540 3538 ι
2586 3488 2928 3541 Ἀκουόντων
2953 3488 3009 3542 δὲ
3041 3488 3224 3543 αὑτῶν
3257 3487 3450 3554 ταῦτα,
3489 3489 3751 3560 προσθεὶς
3785 3485 3911 3543 εἷπε
3944 3503 4040 3544 πα·

2437 3582 2694 3653 ραϐολὴν,
2731 3581 2820 3635 διὰ
2850 3581 2911 3635 τὸ
2942 3582 3112 3649 ἐγγὺς
3143 3582 3306 3636 αὑτὸν
3336 3578 3479 3635 εἶναι
3522 3583 3910 3654 Ἰερουσαλὴμ,
3947 3585 4040 3637 καὶ

2431 3675 2612 3728 δοκεῖν
2639 3675 2860 3738 αὐτοὺς,
2894 3674 2975 3727 ὃτι
3007 3674 3358 3745 παραχρῆμα
3389 3675 3574 3744 μέλλει
3602 3677 3632 3745 ἡ
3660 3675 3922 3746 βασιλεία
3947 3676 4037 3730 τοῦ

2429 3767 2566 3820 Θεοῦ
2582 3768 3000 3837 ἀναφαίνεσθαι.
3023 3764 3191 3821 Εἶπεν
3215 3768 3329 3824 οὖν·
3351 3770 3675 3838 Ἄνθρωπός
3696 3787 3784 3833 τις
3806 3771 4038 3842 εὐγενὴς

2430 3862 2704 3931 ἐπορεύθη
2729 3864 2806 3924 είς
2839 3865 3023 3933 χώραν
3049 3863 3291 3931 μακρὰν,
3317 3862 3503 3916 λαϐεῖν
3521 3863 3704 3933 ἑαυτῷ
3727 3863 4037 3934 βασιλείαν,

2430 3954 2525 4007 καὶ
2577 3953 2917 4023 ὑποστρέψαι
2944 3994 2958 4016 ,
2995 3954 3235 4017 καλέσας
3269 3955 3326 4007 δὲ
3364 3955 3498 4009 δέκα
3527 3954 3751 4018 δούλους
3789 3957 3995 4010 ἑαυτοῦ
4023 3999 4036 4020 ,

2430 4046 2631 4099 ἔδωκεν
2677 4046 2862 4110 αὐτοῖς
2891 4046 3036 4121 «δέκα
3069 4048 3210 4116 μνᾶς
3233 4089 3247 4112 ,
3282 4047 3377 4099 καὶ
3411 4042 3566 4100 εἶπεν
3620 4051 3760 4119 πρὸς
3796 4051 4000 4114 αὐτοὺς
4021 4092 4036 4115 ,

2434 4135 2970 4205 Πραγματεύσασθε,
3003 4139 3107 4198 ἓως
3139 4136 3392 4208 ἔρχομαι.
3421 4140 3483 4191 Οἱ
3511 4139 3570 4192 δὲ
3602 4141 3839 4194 πολῖται
3869 4141 4036 4194 αὑτοῦ

2427 4227 2654 4295 ἐμίσουν
2672 4229 2858 4292 αὑτὸν,
2879 4229 2975 4281 καὶ
2997 4230 3327 4283 ἀπέστειλαν
3345 4231 3645 4301 πρεσϐείαν
3665 4234 3850 4287 ὀπίσω
3871 4235 4035 4288 αὑτοῦ

2425 4319 2702 4388 λέγοντες,
2737 4323 2812 4375 Οὐ
2846 4322 3074 4390 θέλομεν
3111 4322 3302 4377 τοῦτον
3333 4323 3650 4392 βασιλεῦσαι
3681 4329 3768 4394 ἐφ’
3802 4330 3977 4399 ἡμᾶς.
4016 4350 4030 4379 ι

2426 4417 2584 4467 Δοκεῖ
2631 4432 2741 4482 μοι,
2785 4418 2866 4467 ὅτι
2907 4416 2958 4466 οί
3001 4416 3283 4486 ἄνθρωποι
3323 4411 3472 4471 οὗτοι
3527 4418 3830 4482 ἀκούοντες
3877 4421 4032 4490 βασιο

2424 4509 2576 4560 λείαν
2626 4507 2781 4570 Θεοῦ,
2842 4508 3109 4578 αἰσθητὴν
3160 4507 3366 4578 ταύτην
3422 4509 3817 4580 ὑπελάμϐανον
3885 4514 4035 4584 παρᾶ

2429 4601 2568 4653 Θεοῦ
2607 4600 2992 4670 εὐδοκηθεῖσαν
3021 4601 3116 4656 ἐπὶ
3140 4601 3428 4675 ἐλευθερίᾳ
3484 4605 3580 4658 τοῦ
3622 4605 3924 4676 Ἑϐραῖκοῦ
3948 4610 4033 4676 γέ-

2424 4694 2666 4758 νους,,διὸ
2695 4693 2790 4747 xci.
2819 4694 3107 4760 ὑπενόουν,
3129 4695 3211 4748 ὅτι
3241 4697 3269 4748 6
3306 4695 3518 4765 Ἰησοῦς
3544 4698 3925 4767 ἀνερχόμενος
3957 4702 4030 4760 εἰς

2435 4788 2814 4859 Ἰερουσαλὴμ,
2854 4787 3086 4856 λήψεται
3132 4787 3340 4858 ταύτην
3371 4789 3470 4858 τὴν
3509 4787 3816 4859 βασιλείαν.
3866 4793 3925 4845 '0
3971 4793 4023 4845 δὲ

727 4856 986 4910 Dominus
1013 4869 1194 4914 autem
1239 4875 1506 4920 monstrat
1536 4871 1616 4924 eis
1647 4873 1790 4938 quod
1826 4874 2132 4943 insipientia
2167 4897 2314 4948 qua:-

2433 4883 2631 4955 Κύριος
2677 4880 2944 4934 δεικνύων
3016 4883 3222 4946 αὐτοῖς,
3285 4882 3367 4936 ὅτι
3434 4883 3641 4954 ἀνόητά
3702 4902 3831 4937 τινα
3882 4884 4028 4952 λογί-

724 4947 755 4994 d
783 4967 849 4998 τιιι
897 4951 1103 5010 uiuant.
1135 4969 1239 5004 non
1276 4955 1419 5008 enim
1451 4961 1748 5028 temporale
1783 4977 2007 5034 regnum
2042 4968 2156 5036 ejus
2177 4947 2195 5032 ;7
2237 4971 2320 5022 iu-

730 5053 870 5091 u-rea
921 5051 976 5093 et
1018 5043 1120 5098 hoc
1165 5045 1428 5114 declaral,
1474 5053 1619 5120 quod
1658 5062 1715 5108 ut
1761 5053 1903 5110 Deus
1961 5060 2322 5128 cogitationes

725 5150 911 5183 eorum
965 5138 1144 5191 sciat:
1206 5143 1349 5194 unde
1400 5152 1456 5197 et
1517 5148 1655 5200 hanc
1702 5151 2017 5218 parabolam
2060 5155 2216 5223 dicit,
2268 5166 2324 5210 et

726 5227 1002 5282 hominem
1036 5248 1360 5295 generosum
1393 5253 1452 5291 se
1481 5238 1794 5299 introducit.
1827 5243 1961 5299 Nam
1995 5246 2122 5301 licet
2157 5249 2321 5304 homo

728 5319 913 5386 fuerit,
963 5328 1154 5380 mansit
1190 5339 1371 5385 tamen
1427 5331 1478 5384 in
1521 5331 1736 5405 fastigio
1785 5348 1839 5393 et
1885 5340 2168 5396 nobilitate
2205 5343 2323 5397 dei-

729 5417 876 5468 tatis.
935 5414 1186 5474 Perfecto
1226 5435 1405 5476 autem
1463 5433 1723 5495 mysterio
1777 5430 2202 5499 dispensationis
2267 5438 2319 5492 iu

723 5522 911 5574 Carne,
940 5511 992 5563 in
1032 5514 1302 5578 regionem
1359 5517 1734 5590 longinquam,
1778 5526 1972 5579 malum
2004 5529 2148 5594 dico,
2193 5547 2317 5598 pro-

720 5593 902 5654 fatus
944 5612 1048 5665 est,
1099 5616 1155 5656 ut
1202 5609 1471 5679 acciperet
1519 5615 1621 5667 sibi
1663 5631 1908 5686 regnum,
1943 5619 2046 5674 hoc
2094 5632 2197 5685 est,
2262 5634 2319 5677 ut

720 5692 875 5761 quasi
925 5704 978 5749 et
1029 5700 1330 5756 secundum
1363 5707 1505 5775 quod
1549 5706 1712 5764 homo
1763 5712 1978 5769 sederet
2025 5712 2075 5770 in
2127 5718 2316 5772 dextra

791 5877 835 5909 ’ί
875 5876 954 5933 Li.
1014 5897 1152 5950 ιλιι,
1198 5884 1251 5938 ‘2.

2425 4975 2635 5038 ζονται,
2668 4974 2730 5027 οὑ
2777 4973 2888 5044 γάρ
2938 4973 3175 5046 αἰσθητὴ
3211 4977 3242 5044 ή
3285 4973 3534 5044 βασιλεία
3575 4977 3745 5031 αὑτοῦ
3775 4992 3790 5006 ⁶
3829 4979 3950 5049 ἅμα
3978 4980 4028 5031 δὲ

2423 5065 2519 5117 καὶ
2563 5066 2869 5135 ἐμφαίνων,
2915 5066 2997 5118 ὅτι
3025 5066 3163 5129 Θεὸς
3208 5065 3283 5120 ὣν
3326 5062 3436 5121 οἶδε
3470 5070 3594 5134 τοὺς
3633 5069 4022 5141 διαλογισμοὺς

2423 5160 2629 5223 αὐτῶν,
2659 5160 2808 5228 λέγει
2839 5159 3050 5231 ταύτην
3081 5161 3184 5230 τὴν
3220 5162 3564 5234 παραϐολὴν,
3599 5162 3906 5231 ἄνθρωπον
3932 5165 4022 5235 μὲν

2425 5251 2623 5321 εὐγενῆ
2681 5253 3041 5322 παρεισάγων
3100 5253 3320 5308 ἑαυτόν.
3382 5256 3504 5308 Κᾶν
3565 5254 3678 5326 γὰρ
3737 5259 4022 5330 ἄνθρωπος

2421 5344 2665 5411 γέγονεν,
2698 5344 2836 5398 ἀλλὰ
2877 5345 3191 5418 μεμένηκεν
3219 5348 3277 5400 ὲν
3323 5348 3402 5419 τῷ
3450 5347 3597 5419 ὕψει,
3626 5351 3726 5403 καὶ
3764 5355 3834 5422 τῇ
3872 5352 4020 5419 εὑγε-

2422 5438 2542 5508 νείᾳ
2598 5438 2698 5507 τῆς
2772 5437 3049 5508 θεότητος,
3111 5442 3471 5510 συμπεράνας
3521 5441 3578 5495 δὲ
3622 5442 3687 5496 τὸ
3734 5444 3843 5513 τῆς
3891 5443 4016 5514 μετα

2425 5532 2632 5601 σαρκὺς
2688 5533 3006 5602 οἰκονομίας
3065 5535 3389 5606 μυστήριον,
3430 5537 3510 5598 είς
3555 5536 3744 5607 χώραν
3790 5539 4012 5607 μακρὰν.

2418 5621 2511 5675 τὸν
2539 5624 2791 5694 οὐρανὸν,
2831 5628 3001 5696 φημὶ,
3054 5626 3525 5699 ἀναπεφοίτηκεν,
3553 5628 3629 5690 ὡς
3656 5631 3724 5684 ἂν
3751 5632 3894 5705 λάϐῃ
3924 5630 4013 5701 βας

2422 5719 2633 5774 σιλείαν
2665 5719 2870 5792 ἑαυτῷ,
2895 5722 3200 5792 τουτέστιν,
3233 5723 3308 5789 ὡς
3337 5724 3405 5778 ἂν
3433 5730 3528 5781 καὶ
3560 5726 3701 5780 καθὸ
3731 5728 4008 5797 ἅνθρωπος
