4228 6428
218 406 357 475 1025

924 403 1372 466 ENARRATIO
1412 404 1492 464 ΙΝ
1531 403 2045 465 EVANGELIUM
2088 402 2330 466 LUCJ‘I.
2369 425 2441 439 -
2481 399 2643 464 CAP.
2680 400 2846 462 XIX.

3392 393 3540 460 109.6

211 520 434 577 καθίσει
468 518 526 571 ὲν
581 515 734 587 δεξιᾷ
775 513 870 568 τοῦ
911 514 1103 586 θρόνου
1152 515 1254 584 τῆς
1295 513 1699 585 μεγαλωσύνης
1756 515 1815 567 ἐν

1925 515 2109 569 throni
2138 513 2568 585 magnificentia:
2598 515 2650 567 in
2689 509 2927 567 excelsis
2946 524 3069 565 cum
3098 521 3288 563 carne.
3327 507 3541 562 Etenim

211 611 445 683 ὑψηλοῖς
495 612 631 680 μετὰ
665 609 890 680 σαρκός.
941 607 1028 668 Ὡς
1059 607 1159 677 μὲν
1209 605 1320 677 γὰρ
1364 606 1519 670 Θεὸς,
1557 607 1645 660 ἀεὶ
1688 623 1816 658 συν-

210 703 481 779 σῖριάζων
505 699 581 775 ἦν
609 701 687 774 τῷ
715 702 914 770 Πατρὶ,
941 701 1014 764 ὡς
1044 701 1100 754 δὲ
1141 697 1428 771 ἄνθρωπος
1457 699 1578 752 τότε
1627 698 1814 752 ἐκάθι-

214 815 329 862 σεν,
368 797 496 849 ὅταν
547 793 824 864 ἀνελήφθη
873 793 1209 864 περιμένων,
1244 794 1353 856 ἕως
1382 786 1444 847 οὗ
1481 792 1718 846 τεθῶσιν
1765 791 1816 844 oi

208 889 400 960 ἐχθροὶ
439 887 546 940 ὑπὸ
574 888 701 949 τοὺς
739 886 907 950 πόδας
945 883 1136 938 αὑτοῦ.
1183 885 1358 939 Τοῦτο
1387 885 1443 938 δὲ
1474 886 1628 938 ἔσται
1661 889 1719 939 ὲν
1748 889 1814 958 τῇ

211 981 522 1052 συντελείᾳ,
557 981 647 1032 ὅτε
677 979 747 1030 τὰ
789 978 969 1032 πάντα
1005 977 1101 1030 καὶ
1154 977 1360 1030 ἄκοντα
1395 978 1814 1047 ὑποταγήσεται

206 1075 364 1146 αὖτῷ
413 1072 809 1136 πιστεύσαντα,
840 1072 922 1124 ὅτι
955 1070 1160 1142 Κύριρς
1218 1071 1431 1138 Ἰησοῦς
1463 1070 1704 1140 Χριστδς
1735 1072 1817 1135 είς

207 1151 369 1231 δόξαν
399 1165 537 1219 Θεοῦ
596 1165 832 1235 Πατρός.
875 1160 1098 1236 Πολῖται
1127 1162 1182 1214 δὲ
1216 1162 1384 1215 αὑτοῦ
1417 1165 1559 1216 εἰσιν
1598 1166 1646 1216 οἱ
1678 1166 1815 1218 ’1ου-

205 1260 350 1314 δαῖσι
403 1257 694 1328 μισοῦντες
739 1257 929 1314 αὐτόν.
975 1256 1290 1326 Ἐωράκασι
1321 1255 1452 1326 γὰρ,
1488 1258 1678 1325 φησὶν,
1720 1258 1816 1311 καὶ

210 1353 560 1422 μεμισήκασι
601 1350 697 1404 καὶ
726 1349 847 1418 ἐμὲ,
899 1348 996 1401 καὶ
1039 1349 1132 1400 τὸν
1177 1349 1397 1419 Πατέρα
1458 1367 1582 1420 μου,
1615 1351 1665 1404 οἳ
1717 1352 1817 1404 οὑκ

207 1444 488 1514 ἠθέλησαν
518 1442 682 1496 αὐτὸν
716 1440 805 1493 ἐπ’
838 1440 1039 1502 αὐτοὺς
1065 1439 1414 1507 βασιλεῦσαι.
1455 1443 1546 1494 Διὸ
1577 1445 1671 1497 καὶ
1702 1443 1816 1496 ἕλε·

218 1556 320 1607 γον
352 1537 488 1606 πρὸς
518 1535 758 1589 Πιλᾶτον
793 1532 1124 1603 ἀρνούμενοι
1157 1531 1256 1602 τὴν
1284 1533 1568 1603 βασιλείαν
1599 1535 1769 1588 αὐτοῦ
1799 1550 1813 1564 ’

212 1652 231 1683 ι
253 1632 369 1684 Οὐκ
398 1629 596 1700 ἔχομεν
613 1627 838 1698 βασιλέα
858 1645 905 1677 ο»
928 1627 1021 1679 καὶ
1045 1627 1234 1679 πάλιν·
1261 1645 1280 1676 ι
1300 1627 1390 1698 Μὴ
1414 1628 1616 1697 γράῳε,
1634 1629 1695 1679 '0
1719 1627 1817 1696 βα.

209 1724 394 1787 σιλεῦς
421 1724 530 1777 τῶν
548 1721 839 1776 Ἰουδαίων.
872 1743 892 1772 ι
919 1720 1110 1773 Καίτοι
1138 1721 1416 1791 Ζαχαρίας
1450 1721 1569 1791 βοᾷο
1591 1742 1608 1772 ι
1642 1723 1816 1792 Χαῖρε

208 1818 444 1887 σφόδρα,
465 1815 705 1886 θύγατερ
739 1811 900 1876 Σιὼν,
939 1815 1022 1866 ὃτι
1052 1813 1316 1876 Βασιλεύς
1349 1831 1442 1866 σου
1485 1815 1704 1884 ἔρχεταί
1735 1831 1815 1868 σοι

205 1912 438 1975 δίκαιος,
459 1911 553 1965 καὶ
585 1909 829 1972 σώζωνοι
868 1906 961 1962 καὶ
992 1908 1274 1970 Ἠσαΐαςοι
1302 1903 1431 1962 Ἰδοὺ
1461 1909 1525 1977 δὴ
1558 1909 1816 1978 ﬁnale);

204 2005 417 2067 δίκαιος
449 2003 816 2072 βασιλεύσειοι
846 2001 938 2052 καὶ
973 2000 1186 2058 Δαυίδ.ι
1213 1999 1355 2068 Ἐγὼ
1380 2001 1434 2054 δὲ
1470 2001 1813 2072 κστεστάθην

209 2095 470 2166 βασιλεὺς
498 2095 590 2148 ὑπ’
632 2093 822 2147 αὑτοῦ.
857 2113 875 2144 ι
909 2094 972 2146 Ol
1008 2099 1107 2163 μὲν
1140 2089 1234 2147 οὖν
1257 2095 1504 2147 Ἰουδαῖοι
1539 2095 1814 2165 ἐμίσησαν

205 2191 302 2245 τον
338 2187 568 2258 Κύριον,
612 2190 638 2242 ὁ
667 2189 724 2241 δὲ
765 2190 874 2250 τοῖς
909 2187 1122 2250 δούλοις
1165 2188 1340 2241 αὐτοῦ
1370 2188 1502 2240 δέκα
1550 2190 1692 2257 μνᾶς
1723 2189 1814 2240 δέ-

206 2282 374 2335 δωκε.
405 2281 592 2334 Δοῦλοι
619 2280 675 2334 δὲ
707 2279 876 2332 αὑτοῦ
912 2280 960 2332 oi
994 2282 1053 2333 ὲν
1082 2283 1148 2350 τῇ
1193 2280 1500 2351 Ἐκκλησία
1531 2282 1815 2345 διακονίας

209 2375 671 2444 πεπιστευμένοι,
702 2372 836 2426 δέκα
866 2373 1155 2443 λεγόμενοι
1199 2367 1365 2438 εἶναι,
1398 2373 1488 2425 διὰ
1519 2375 1578 2426 τὸ
1604 2374 1815 2427 τέλειον

209 2466 314 2535 τῆς
351 2466 814 2538 ὲκκλησιαστικῆς
847 2464 1213 2535 προστασίας.
1259 2465 1324 2517 Ἦ
1365 2465 1476 2536 γὰρ
1510 2468 1565 2517 ἐν
1597 2469 1663 2535 τῇ
1697 2466 1817 2521 Ἐκ-

207 2552 414 2624 ιιλησίᾳ
464 2552 617 2617 τάξις
671 2551 883 2607 τελείαν
941 2552 1054 2623 ἔχει
1106 2552 1206 2623 τὴν
1275 2553 1386 2607 τῶν
1453 2555 1817 2625 προεστώτων

206 2644 598 2714 διακόσμησιν,
628 2644 722 2698 καὶ
739 2642 864 2697 οὔτε
895 2644 1154 2708 πλείονας
1189 2646 1297 2700 ἔδει
1321 2643 1482 2714 εἶναι,
1505 2648 1629 2702 οὗτε
1659 2650 1819 2704 ὲλάτ-

206 2754 394 2801 τονας.
433 2731 586 2804 Οίον,
609 2737 773 2806 λόγου
806 2738 991 2808 χάριν,
1039 2738 1168 2810 τρία
1204 2739 1378 2794 ταῦτα
1408 2741 1628 2813 ὁρῶμεν
1662 2746 1720 2796 ὲν
1748 2747 1815 2815 τῇ

215 2831 545 2904 Ἐκκλησία,
573 2831 868 2902 κάθαρσιν,
903 2834 1209 2904 φωτισμὸν,
1241 2837 1338 2888 καὶ
1357 2836 1661 2890 τελείωσιν·
1690 2838 1818 2911 τρία

210 2924 314 2978 καὶ
339 2924 409 2976 τὰ
429 2924 633 2988 ταύτας
660 2925 761 2989 τὰς
789 2926 1073 2997 ἐνεργείας
1098 2927 1510 2999 κληρωσάμενα
1531 2931 1812 2998 τάγματα·

207 3017 261 3071 oi
305 3017 546 3071 διάκονοι
593 3017 922 3090 καθαίρουσι
995 3020 1085 3074 διὰ
1133 3022 1493 3092 κατηχήσεως
1544 3026 1638 3076 καὶ
1669 3024 1819 3078 διδα-

213 3107 470 3178 σὶαλίας,
521 3112 570 3164 oi
603 3111 973 3185 πρεσϐύτεροι
1023 3115 1323 3183 φωτίζουσι
1366 3116 1456 3170 διὰ
1487 3117 1585 3170 τοῦ
1619 3118 1819 3188 βαπτί-

202 3221 447 3276 σματος,
496 3205 549 3260 οι
592 3205 875 3278 ἀρχιερεῖς
926 3207 1022 3260 καὶ
1073 3209 1357 3280 ἱερατικὰς
1406 3210 1594 3276 τάξεις
1662 3213 1820 3268 καθι-

212 3298 388 3353 στῶσι
425 3302 520 3353 καὶ
567 3299 890 3366 τελειοῦσιν,
925 3302 955 3354 δ
1007 3303 1144 3364 ἐστι,
1185 3305 1609 3376 χειροτονοῦσιν.
1657 3308 1823 3380 Ὁρᾷς

210 3392 286 3448 τὰ
325 3392 588 3464 τάγματα
625 3394 764 3466 πρὸς
815 3396 918 3458 τὰς
959 3395 1263 3468 ἐνεργείας,
1311 3398 1406 3451 καὶ
1452 3399 1578 3453 οὗτε
1625 3400 1820 3466 πλείω,

213 3484 346 3540 οὗτε
390 3487 623 3552 ἐλάττω,
684 3490 754 3541 τὰ
805 3487 916 3542 τῶν
971 3489 1336 3560 προεστώτων
1363 3493 1543 3562 φημίς
1593 3493 1824 3557 Τούτοις

212 3569 315 3629 οὖν
345 3576 460 3640 τοῖς
491 3574 704 3639 δούλοις
747 3575 994 3649 διανέμει
1021 3579 1156 3632 δέκα
1196 3583 1358 3650 μνᾶς,
1406 3582 1476 3635 τὰ
1504 3585 1823 3655 χαρίσματὰ

212 3683 383 3738 φημι,
418 3665 457 3720 ἃ
485 3667 706 3737 ἑκάστῳ
737 3667 944 3722 δίδοται
973 3669 1111 3742 πρὸς
1139 3670 1201 3723 τὸ
1233 3671 1538 3744 συμφέρον.
1573 3673 1688 3736 Πᾶς
1713 3673 1821 3747 γὰρ

210 3763 243 3814 6
273 3760 614 3828 προστασίαν
647 3762 1039 3833 ἐγχειρισθεὶς,
1084 3764 1188 3818 κᾶν
1219 3763 1438 3831 ἀνάξιος
1471 3762 1530 3841 ᾖ,
1569 3769 1822 3839 χάρισμα

211 3857 331 3928 ἔχει
377 3856 434 3924 ἐξ
487 3857 657 3928 αὐτῆς
692 3859 793 3928 τῆς
843 3860 1102 3932 κρίσεως,
1157 3861 1252 3914 καὶ
1287 3860 1410 3915 ἐστι
1469 3863 1630 3916 τοῦτο
1676 3866 1822 3935 μέγα

208 3951 383 4014 ὕντως
418 3952 516 4023 τῆς
557 3951 652 4004 τοῦ
693 3952 832 4007 Θεοῦ
885 3954 1306 4028 φιλανθρωπίας
1353 3955 1453 4010 καὶ
1497 3957 1817 4029 οἰκονομίας

214 4045 547 4117 μυστήριον.

291 4157 310 4190 ι
351 4138 464 4191 Καὶ
512 4139 734 4207 ἐγένετο
789 4139 864 4193 ιν·
893 4141 972 4212 τῷ
1001 4141 1325 4195 επανελθεῖν
1368 4142 1536 4196 αὐτὸν
1581 4133 1819 4197 λαἐόντα

207 4236 312 4304 τὴν
356 4233 659 4306 βασιλείαν,
698 4230 820 4287 εἷπε
873 4235 1197 4306 φωνηθῆναι
1237 4237 1390 4309 αὐτῷ
1424 4237 1550 4301 τοὺς
1595 4237 1820 4302 δούλους

207 4327 465 4391 τούτους,
497 4323 575 4388 οἷς
607 4326 776 4380 ἔδωκε
815 4327 877 4380 τὸ
910 4327 1198 4399 ἀργύριον,
1236 4329 1323 4382 ἵνα
1353 4329 1466 4401 γνῷ
1498 4331 1583 4389 τίς
1629 4332 1680 4382 τί
1707 4331 1818 4384 διε-

209 4419 711 4488 πραγματεύσατο.
762 4420 1108 4493 Παρεγένετο
1152 4420 1209 4474 δὲ
1255 4425 1283 4475 ό
1335 4422 1554 4492 πρῶτος
1602 4422 1815 4489 λέγων·

213 4515 410 4582 Κίριε,
457 4513 492 4582 ὴ
553 4513 662 4582 μνᾶ
709 4529 805 4565 σου
837 4515 1284 4584 προσειργάσατο
1315 4516 1448 4571 δέκα
1499 4517 1660 4586 μνᾶς.
1707 4517 1819 4570 Καὶ

1925 607 2065 660 sicut
2089 605 2256 668 Deus,
2281 620 2500 674 semper
2528 604 2825 658 considens
2853 602 2955 654 fuit
2982 599 3127 654 Patri
3159 619 3170 651 :
3209 602 3350 653 sient
3382 598 3545 653 horno

1925 709 2109 753 autem
2149 712 2276 752 tunc
2329 701 2492 763 sedit,
2528 697 2749 764 quando
2807 707 3124 764 assumptus
3175 705 3282 755 est,
3331 708 3546 761 peruia~

1924 809 2062 848 nens
2116 795 2292 847 donec
2324 803 2598 861 ponuntur
2647 791 2853 844 inimici
2890 791 3008 858 ejus
3040 788 3143 842 sub
3191 790 3357 856 pedes
3402 789 3544 856 t'jllS.

1924 888 2038 946 Hoc
2088 900 2270 945 autem
2333 890 2437 944 erit
2495 889 2546 941 in
2605 887 3106 949 consummatione,
3177 889 3398 954 quando
3430 904 3545 937 oin-

1920 982 2010 1036 nia
2072 982 2239 1036 etiam
2276 997 2398 1039 mla:
2448 980 2662 1044 nolunt,
2721 979 3089 1048 subjicleu‘tur
3133 980 3224 1043 ei,
3262 980 3544 1031 crtdentia

1923 1071 2069 1140 quod
2110 1072 2373 1126 Dominus
2411 1069 2569 1125 Jesus
2603 1071 2860 1124 Christus
2897 1073 2947 1123 in
3000 1071 3169 1140 gloria
3221 1068 3311 1121 Dei
3341 1069 3540 1123 Patris.

1921 1163 2081 1218 Cives
2113 1173 2298 1218 autem
2345 1164 2466 1233 ejus
2503 1174 2628 1217 sunt
2669 1162 2868 1225 Judaei,
2903 1165 3027 1215 odio
3074 1164 3340 1216 habentes
3371 1164 3544 1218 illiilli.

1930 1257 2197 1311 Viderunt
2232 1258 2398 1318 enim,
2440 1256 2640 1326 inquit,
2672 1267 2726 1308 et
2755 1258 2878 1309 odio
2925 1257 3234 1309 habuerunt
3263 1265 3316 1308 et
3349 1271 3457 1320 nte,
3491 1266 3546 1309 et

1921 1351 2136 1405 Putrem
2200 1365 2406 1414 meum,
2459 1363 2514 1403 et
2577 1349 2869 1402 noluerunt
2931 1364 3058 1401 eum
3120 1365 3286 1417 super
3337 1364 3393 1401 se
3447 1363 3547 1402 re-

1921 1460 2125 1516 gnare:
2196 1444 2338 1500 unde
2387 1454 2444 1498 et
2511 1443 2771 1497 dicebant
2839 1442 2907 1496 ad
2957 1442 3217 1508 P.lutum,
3277 1457 3545 1508 negantes

1923 1554 2149 1608 regnum
2183 1538 2300 1607 ejus
2331 1554 2343 1590 :
2388 1556 2404 1586 ι
2439 1537 2558 1590 Νυη
2609 1536 2873 1588 habemus
2903 1551 3085 1605 regem
3114 1553 3126 1600 ;
3165 1555 3180 1585 ι
3211 1546 3262 1587 et
3295 1535 3495 1586 iterum
3529 1551 3542 1588 :

1928 1653 1944 1683 ι
1986 1630 2063 1686 Ne
2107 1631 2350 1695 scribas,
2392 1628 2505 1682 Rex
2557 1628 2894 1683 Juda'orum.
2947 1649 2964 1680 ι
3023 1631 3287 1694 Quamtis
3337 1627 3550 1681 Zacha-

1924 1723 2031 1775 rias
2072 1721 2217 1775 dicat
2251 1738 2264 1775 :
2301 1739 2319 1771 ι
2344 1719 2534 1775 Gaude
2571 1721 2748 1784 Valde,
2783 1721 2890 1773 tilia
2942 1720 3247 1788 Sion,quia
3286 1735 3376 1772 rex
3423 1731 3548 1772 tuus

1925 1813 2103 1867 veniet
2146 1813 2242 1866 tibi
2301 1812 2483 1881 justus
2545 1823 2600 1866 et
2640 1813 2860 1865 suivans
2902 1812 2947 1842 ⁸⁷
2993 1829 3006 1878 ;
3045 1832 3061 1862 ι
3112 1821 3277 1880 atque
3336 1812 3543 1865 Isaias:

1855 1884 1891 1937 η
1931 1927 1947 1958 ι
1977 1905 2116 1960 Ecce
2141 1923 2229 1960 rex
2253 1907 2435 1976 justus
2462 1907 2709 1975 regnabit
2737 1923 2782 1969 ;›
2816 1908 3037 1974 insuper
3061 1919 3113 1959 et
3149 1905 3314 1959 David
3342 1923 3392 1960 ει
3437 1903 3549 1975 Ego

1926 2013 2106 2055 autem
2164 2003 2496 2055 constitutus
2548 2016 2666 2053 sum
2728 2014 2818 2053 rex
2878 2001 2946 2053 ab
2999 2015 3082 2052 eo.
3137 2019 3154 2050 ›
3199 1998 3370 2052 ,ιιι-.ιεὶ
3413 2013 3547 2051 δορα

1927 2095 2055 2147 ouio
2108 2093 2422 2147 habuerunt
2466 2092 2782 2147 Dominum.
2839 2091 3014 2146 Porro
3070 2092 3333 2145 Dominus
3391 2090 3546 2146 dedit

1925 2190 2102 2257 scrtis
2139 2191 2327 2241 delent
2381 2189 2580 2240 minas.
2628 2186 2783 2240 Serti
2836 2197 3018 2239 autem
3057 2187 3130 2238 illi
3165 2200 3289 2238 stitit
3326 2186 3376 2238 hi
3422 2187 3544 2252 qui-

1927 2281 2028 2335 bus
2064 2282 2113 2334 in
2151 2279 2394 2334 Ecclesia
2435 2281 2802 2334 ministerium
2853 2280 3231 2333 concreditum
3275 2290 3398 2341 est;
3449 2278 3546 2331 de-

1925 2389 2046 2428 cem
2089 2374 2351 2428 dicuntur
2390 2389 2533 2436 esse.
2582 2383 2805 2442 propter
2839 2372 3236 2442 perfectionem
3279 2372 3543 2426 ecclesia-

1926 2467 2076 2520 stica:
2111 2467 2491 2536 praesidentium
2515 2464 2663 2520 Ordo
2696 2467 2842 2520 enim
2875 2467 2924 2519 iu
2950 2465 3196 2520 Ecclesia
3241 2463 3540 2533 perfectum

1927 2559 2338 2630 prasidentium
2379 2559 2798 2629 dispositionem
2834 2557 3019 2622 habet,
3065 2567 3119 2610 et
3145 2572 3323 2624 neque
3354 2555 3540 2625 plur-cs

1927 2651 2221 2720 oportebat
2249 2666 2393 2716 esse,
2425 2666 2602 2719 neque
2629 2651 2918 2720 pauciores
2949 2667 2962 2704 :
2999 2658 3056 2702 ut
3087 2648 3325 2715 exempli
3363 2647 3542 2716 gratia

1930 2751 2029 2802 tria
2048 2748 2165 2804 h.ec
2190 2749 2438 2802 videmus
2471 2763 2591 2802 esse
2618 2749 2668 2799 in
2697 2747 2962 2810 Ecclesia,
2990 2746 3393 2816 purgationem,
3421 2744 3548 2796 illii-

1930 2842 2312 2906 niuutionem,
2368 2850 2426 2894 et
2481 2839 2899 2910 perfectionem.
2954 2836 3318 2909 Operationes
3361 2837 3530 2891 etiam

1930 2935 2074 2999 illas,
2105 2945 2217 2989 tres
2257 2935 2439 2990 sortiti
2470 2943 2600 2989 sunt
2630 2934 2874 2988 ordines.
2919 2931 3143 2988 Diacoui
3181 2939 3415 3001 purgant
3449 2945 3546 2998 per

1929 3027 2354 3081 instructionem
2391 3036 2448 3082 et
2495 3027 2829 3092 doctrinam,
2884 3026 3196 3097 presbyteri
3233 3022 3550 3077 illuminant

1927 3136 2035 3190 per
2054 3119 2416 3190 baptismum,
2449 3121 2693 3194 episcopi
2739 3119 3115 3193 sacerdotales
3148 3117 3372 3172 ordines
3411 3130 3548 3169 con-

1929 3213 2167 3269 stituunt
2218 3225 2273 3271 et
2331 3214 2643 3285 perﬁciunt,
2690 3216 2796 3270 hoc
2859 3223 2967 3280 εει,
3039 3213 3322 3269 ordinant.
3377 3208 3547 3264 Vides

1928 3308 2153 3363 ordines
2184 3322 2309 3363 cum
2351 3309 2792 3377 operationibus,
2825 3317 2880 3362 et
2913 3321 3091 3375 neque
3123 3306 3334 3374 plures,
3368 3318 3549 3372 neque

1927 3400 2216 3468 pauciores
2240 3439 2255 3465 ,
2279 3398 2688 3470 prasidentium
2713 3398 2937 3468 inquam
2977 3396 3223 3452 ordines.
3245 3392 3355 3450 Illis
3381 3394 3547 3464 igitur

1927 3492 2105 3548 sei-vis
2137 3489 2423 3545 distribuit
2477 3490 2665 3546 decem
2717 3490 2916 3554 minas,
2957 3490 3058 3543 hoc
3090 3496 3198 3550 est.
3235 3486 3374 3540 dona
3423 3500 3546 3553 quae

1925 3584 2223 3653 unicuique
2279 3580 2407 3661 data
2471 3593 2602 3636 sunt
2663 3580 2721 3636 in
2786 3580 3106 3635 utilitatem.
3154 3577 3349 3632 Omnis
3393 3577 3544 3631 enim

1926 3678 2240 3744 cuicunque
2273 3676 2597 3732 concredita
2646 3684 2732 3730 est
2769 3673 3143 3744 praesidentia,
3175 3672 3345 3726 etiam
3379 3670 3426 3725 si
3463 3669 3548 3722 in-

1926 3773 2124 3841 diguus
2187 3771 2376 3837 fuerit,
2434 3769 2640 3826 denum
2718 3769 2885 3823 habet
2955 3782 3020 3822 ex
3067 3767 3354 3821 .unctione
3421 3780 3544 3830 sua,

1927 3868 1977 3922 id
2017 3868 2159 3936 quod
2202 3881 2466 3938 magnum
2513 3865 2715 3920 divina:
2780 3863 3173 3919 misericordia
3217 3875 3544 3918 sacramen-

1925 3971 2042 4016 ιυιιι
2081 3972 2186 4017 εει.

1997 4137 2170 4193 Vsus.
2222 4137 2403 4192 15-28.
2445 4155 2465 4188 ι
2507 4137 2572 4191 Et
2615 4135 2820 4191 factum
2855 4143 2940 4191 est
2993 4143 3051 4187 ut
3103 4133 3330 4196 rediret,
3383 4144 3546 4186 sece-

1923 4244 2018 4304 pto
2052 4247 2242 4301 regno,
2277 4231 2537 4300 misitque.
2560 4244 2763 4284 vocare
2802 4242 2994 4282 servos
3035 4226 3156 4280 illos
3198 4225 3265 4279 ad
3302 4240 3382 4288 se,
3418 4222 3546 4293 qui-

1921 4328 2026 4381 bus
2069 4325 2299 4380 dederat
2341 4323 2655 4394 pecuniam,
2694 4331 2753 4376 ut
2799 4322 2968 4377 sciret
3001 4328 3267 4388 quantum
3310 4316 3548 4386 quisque

1925 4418 2240 4489 negmiatus
2286 4425 2453 4470 esset.
2493 4413 2658 4469 Venit
2699 4423 2883 4467 autem
2922 4414 3133 4482 primus
3170 4411 3399 4462 dicens:
3441 4408 3549 4461 Do-

1925 4511 2092 4575 mine,
2127 4510 2275 4565 mina
2313 4519 2404 4562 tua
2439 4508 2629 4563 decem
2657 4508 2838 4562 minas
2871 4503 3188 4574 acquisivit.
3219 4501 3283 4554 Et
3310 4501 3386 4555 ait
3425 4499 3498 4553 illi
3529 4517 3543 4554 :

208 4601 370 4660 εἶπεν
401 4605 554 4677 αὒτῷ
572 4622 589 4636 ο
620 4605 717 4670 Εὖ,
737 4604 892 4659 δοῦλε
919 4607 1111 4675 ἀγαθὲ,
1145 4609 1226 4662 ὃτι
1248 4611 1306 4663 ὲν
1333 4610 1607 4681 ξλαχίστῳ
1627 4610 1817 4674 πιστὸς

1928 4604 2102 4675 Euge,
2139 4601 2309 4675 M6
2357 4601 2500 4656 bone
2557 4614 2758 4656 serve:
2812 4599 2939 4666 quia
2996 4599 3049 4650 in
3112 4595 3341 4650 minimo
3396 4591 3548 4647 fuiin

209 4696 425 4766 ἂγε-κου,
462 4697 573 4752 ῐσθι
609 4696 862 4763 ἐξουσίαν
894 4697 1036 4769 ῑχων
1059 4699 1249 4754 ιπάνω
1276 4697 1411 4764 δέκα
1439 4701 1672 4756 πόλεων.
1706 4702 1818 4755 Καὶ

207 4787 424 4864 ἦλθενό
453 4789 708 4862 δεύτερος
738 4790 914 4860 λέγων
935 4808 948 4822 ·
1004 4792 1200 4864 Κύριε,
1233 4796 1264 4864 ἡ
1307 4797 1418 4866 μνᾶ
1462 4813 1557 4849 σου
1593 4796 1821 4864 εποίησε

209 4884 380 4938 πέντε
437 4883 600 4953 μνᾶς.
664 4877 804 4937 Elite
851 4884 932 4954 6t~
971 4887 1069 4940 καὶ
1119 4887 1332 4957 τούτῳ’
1385 4889 1498 4942 Καὶ
1548 4888 1613 4941 σὺ
1664 4889 1820 4956 γίνου

210 4977 405 5032 sativa)
436 4976 870 5032 πέντεπόλεων.
898 4979 1010 5032 Καὶ
1041 4978 1229 5050 ἔτερος
1271 4976 1404 5050 ἦλθε
1437 4982 1616 5050 λέγων
1649 4997 1662 5012 ⁸
1700 4981 1822 5035 Κύ-

211 5070 469 5154 ριε,νίδοὺ
497 5071 532 5140 ὴ
567 5057 676 5143 μνᾶ
723 5089 842 5138 σου,
876 5073 944 5145 ἢν
972 5069 1122 5145 εἶχον
1164 5075 1542 5146 ἀποκειμένην
1587 5076 1646 5128 ὲν
1696 5093 1824 5129 σου-

212 5164 410 5237 δαρίφο
445 5165 766 5237 ἔφοδούμην
787 5166 899 5240 γάρ
917 5184 999 5230 σε,
1018 5169 1103 5223 ὅτι
1126 5167 1416 5236 ἄνθρωπος
1445 5168 1724 5240 αὐστηρὸς
1749 5164 1820 5232 εί,

212 5257 396 5330 αἴρεις
445 5256 476 5312 δ
507 5258 608 5312 οὐκ
640 5257 872 5336 ιθηκας,
906 5260 1002 5315 καί
1055 5259 1295 5333 θερίζεις
1326 5260 1353 5314 ὃ
1397 5261 1499 5315 οὐκ
1533 5261 1820 5333 ἔσπειρας.

211 5352 382 5422 Λέγει
408 5350 468 5406 δι
495 5351 648 5423 αὐτῷ
671 5367 687 5386 ο
732 5353 831 5407 Ἐκ
857 5354 954 5408 τοῦ
989 5356 1262 5427 στόματός
1287 5373 1382 5410 σου
1415 5355 1590 5428 κρινῶ
1616 5373 1696 5420 σε,
1727 5374 1824 5409 πο-

211 5448 350 5518 νηρὲ
375 5446 551 5503 δοῦλε.
584 5447 797 5521 ’ῌδεις,
823 5448 908 5502 ὅτι
941 5447 1052 5519 εγὼ
1069 5448 1358 5522 ἄνθρωπος
1384 5449 1660 5520 αὐστηρός
1683 5450 1822 5521 ειμι,

213 5542 392 5614 αῐρων
415 5541 445 5596 δ
473 5542 578 5596 οὐκ
616 5541 812 5614 Ιθηκα,
852 5543 950 5597 καὶ
979 5542 1215 5615 θερίζων
1241 5542 1270 5597 δ
1302 5542 1405 5596 οὐκ
1440 5541 1695 5614 ἔσπειρα,
1726 5541 1822 5596 καὶ

211 5637 306 5694 διὰ
335 5636 390 5690 τί
429 5636 534 5690 οὐκ
561 5623 790 5702 ¹ιδωκας
837 5637 901 5691 τὸ
940 5636 1209 5710 ἀργύριόν
1246 5654 1350 5709 μου
1385 5639 1478 5690 ἐπὶ
1513 5637 1820 5709 τράπεζαν,

215 5730 314 5788 καὶ
345 5727 460 5800 εγὼ
483 5728 676 5796 nam,
703 5731 804 5786 σὺν
829 5731 975 5803 τόκῳ
1004 5730 1073 5787 ἂν
1107 5730 1323 5798 Ιπραξα
1359 5729 1524 5799 αὐτός
1557 5729 1669 5786 Καὶ
1708 5717 1823 5793 τοῖς

292 5911 340 5947 ⁹’
370 5912 513 5969 Psal.
540 5929 598 5968 ll.
639 5914 724 5966 l8.

1931 4697 2131 4762 fidelis,
2170 4697 2370 4752 habeto
2395 4701 2723 4766 potestatem
2760 4703 2923 4761 super
2946 4690 3138 4746 decem
3170 4690 3445 4743 civitates.
3478 4683 3548 4740 Et

1929 4789 2071 4844 alter
2122 4788 2271 4844 venit
2323 4788 2552 4843 dicens:
2618 4785 2870 4845 Domine,
2934 4781 3084 4836 mina
3154 4788 3246 4833 tua
3304 4775 3546 4832 confecit

1931 4882 2176 4952 quisque
2212 4882 2412 4936 minas.
2449 4880 2517 4935 Et
2562 4879 2691 4933 huic
2739 4877 2854 4931 ait:
2899 4874 2965 4928 Et
2999 4885 3053 4928 tu
3085 4871 3382 4944 praefectus
3423 4882 3544 4923 esto

1931 4975 2174 5045 quinque
2202 4973 2540 5030 civitatibus.
2578 4970 2644 5024 Et
2669 4970 2808 5024 alius
2836 4968 2986 5022 venit
3015 4966 3247 5021 dicens:
3291 4962 3542 5024 Domine,

1929 5084 2060 5124 ecce
2100 5068 2244 5122 mina
2290 5076 2379 5120 tua
2416 5081 2581 5136 quam
2624 5063 2791 5118 habui
2833 5061 3134 5132 repositam
3187 5061 3243 5112 in
3281 5054 3543 5112 sudario:

1928 5161 2083 5215 timui
2132 5143 2288 5216 enim
2345 5169 2422 5224 te,
2473 5161 2618 5228 quod
2677 5161 2841 5212 homo
2901 5163 3161 5208 austeros
3223 5151 3345 5205 sis:
3397 5147 3546 5204 tollis

1929 5255 2077 5325 quod
2131 5270 2237 5310 non
2269 5253 2528 5324 posuisti,
2573 5259 2629 5306 et
2681 5251 2844 5304 metis
2883 5248 3028 5318 quod
3077 5262 3185 5300 non
3231 5242 3544 5299 seminasti.

1933 5347 2074 5402 Dicit
2130 5349 2228 5404 ei:
2291 5347 2363 5400 De
2410 5359 2509 5400 ore
2579 5352 2674 5399 tuo
2721 5349 2775 5398 te
2825 5340 3108 5410 iudicabo,
3161 5350 3320 5392 serve
3381 5333 3544 5387 male.

1931 5442 2161 5499 Sciebas
2188 5440 2336 5512 quod
2365 5456 2467 5510 ego
2507 5439 2672 5494 homo
2710 5447 2970 5493 austeros
3009 5437 3137 5502 sim,
3170 5431 3367 5488 tollens
3396 5429 3544 5500 quod

1934 5554 2041 5593 non
2111 5532 2290 5608 posui,
2346 5544 2399 5588 et
2464 5543 2676 5588 metens
2731 5533 2881 5604 quod
2942 5545 3052 5585 non
3111 5524 3380 5584 semiuavi
3424 5541 3436 5576 :
3488 5529 3546 5576 et

1934 5647 2105 5703 quare
2135 5647 2240 5684 non
2285 5630 2482 5684 dedisti
2519 5626 2808 5699 pecuniam
2850 5639 3025 5680 meam
3067 5623 3135 5677 ad
3178 5631 3449 5680 mensam.
3489 5623 3547 5670 et

1937 5743 2036 5798 ego
2069 5726 2294 5784 veniens
2327 5738 2450 5780 cum
2490 5723 2674 5778 usuris
2705 5721 2898 5792 utique
2927 5719 3235 5789 exegissem
3266 5709 3451 5772 illam?
3477 5707 3548 5767 Et
