4228 6428
734 422 868 488 i011

1624 413 2207 480 THEOPHYLACTI
2250 410 2663 475 BULGARIIE
2695 408 3059 470 ARCHIEP.

3871 397 4025 466 1033

725 535 1037 595 astantibus
1070 534 1242 591 dixit:
1279 532 1504 591 Auferte
1537 530 1720 586 abillo
1756 530 1983 591 minam,
2014 536 2071 583 et
2101 528 2227 582 date
2250 524 2326 579 illi

2436 523 2786 596 παρεστῶσιν
2815 518 2972 576 εἶπεν
2996 536 3011 551 ο
3044 520 3250 591 ’Δρατε
3280 518 3377 572 ἀπ’
3411 515 3584 573 αὑτοῦ
3607 515 3711 585 τὴν
3739 516 3911 587 μνᾶν.
3948 516 4050 568 καὶ

726 629 819 699 qui
852 628 1040 682 decem
1085 625 1261 681 minas
1288 620 1473 677 habet.
1530 621 1595 676 Et
1633 621 1889 675 dixerunt
1938 620 2031 675 ei:
2074 616 2326 685 Domine,

726 722 895 779 habet
935 720 1120 775 decem
1168 718 1370 771 minas.
1416 716 1547 770 Dico
1606 714 1782 779 vobis,
1835 711 1980 781 quod
2036 710 2187 765 omni
2227 710 2326 764 ha-

726 815 875 871 benti
922 813 1154 878 dabitur,
1184 814 1253 865 ab
1308 825 1374 866 eo
1430 818 1609 864 autem
1648 806 1739 877 qui
1794 821 1899 860 non
1942 805 2130 869 habet,
2164 805 2326 857 etiam

728 904 872 975 quod
907 902 1100 966 habet,
1133 899 1433 955 auferetur.
1450 898 1593 961 Ouin
1628 897 1881 952 inimicos
1912 911 2065 949 meos
2090 894 2211 949 illos
2236 894 2328 963 qui

727 994 1033 1049 noluerunt
1073 1010 1159 1049 uie
1207 1009 1437 1064 regnare
1487 1006 1652 1062 super
1681 1006 1761 1055 se,
1816 990 2074 1045 adducite
2104 989 2232 1055 bur,
2275 994 2331 1041 et

729 1088 1029 1144 interficite
1099 1097 1228 1140 ante
1285 1101 1397 1141 me.
1464 1086 1532 1142 Et
1581 1085 1668 1140 bis
1710 1084 1872 1139 dictis
1924 1083 2037 1138 ibat
2094 1095 2331 1152 pergens

730 1182 1033 1235 ascendere
1097 1178 1560 1251 Hierosolymam.
1626 1197 1646 1232 ι
1709 1177 1846 1233 Cum
1908 1176 2189 1233 rediturus
2246 1180 2333 1229 est

730 1267 987 1325 Christus
1017 1286 1320 1341 generosus
1349 1272 1437 1326 ille
1466 1280 1521 1325 et
1562 1270 1860 1325 secundum
1903 1269 2198 1323 humanam
2228 1280 2331 1321 na-

726 1370 932 1427 turam,
971 1378 1036 1417 ex
1072 1362 1222 1433 regio
1248 1365 1394 1418 enim
1426 1378 1626 1433 genere
1656 1360 1937 1416 descendit
1970 1358 2252 1420 Dominus.
2275 1366 2330 1413 ct

727 1455 1029 1509 secundum
1066 1454 1328 1515 divinam,
1360 1454 1465 1506 hoc
1486 1463 1592 1517 est,
1626 1454 1678 1505 in
1706 1453 1947 1507 secundo
1967 1450 2085 1519 ejus
2122 1450 2329 1504 adven-

731 1553 813 1610 tu,
872 1544 1090 1613 quando
1141 1544 1425 1613 apparebit
1471 1559 1566 1598 rex
1611 1558 1732 1599 cum
1786 1543 1994 1613 angelis
2045 1542 2099 1598 in
2156 1540 2329 1613 gloria

730 1630 912 1688 Patris
958 1634 1204 1698 veniens,
1253 1644 1307 1687 et
1358 1649 1520 1688 omne
1565 1648 1705 1704 genu
1757 1633 2006 1689 ﬂectetur
2063 1634 2152 1688 ei:
2201 1644 2329 1689 tunc

729 1739 861 1781 sane
902 1728 969 1781 ad
1018 1729 1284 1782 rationem
1328 1725 1559 1798 adiget,
1616 1742 1713 1782 eos
1758 1728 1849 1797 qui
1921 1728 2063 1781 dona
2106 1741 2332 1795 accepe-

731 1827 881 1881 runt.
928 1830 984 1872 et
1024 1819 1333 1874 invenietur
1374 1836 1524 1875 unus
1555 1820 1773 1889 quidem
1809 1818 1996 1873 multis
2029 1818 2325 1887 profuisse,

2430 619 2551 672 δότε
2612 616 2694 687 τῷ
2743 617 2842 680 τὰς
2873 615 3005 669 δέκα
3052 615 3195 685 μνᾶς
3235 611 3439 683 ἔχοντι.
3481 611 3598 666 Καὶ
3643 607 3807 665 εἷπον
3851 608 4047 678 αὐτῷ’

2433 710 2627 781 Κύριε,
2683 708 2817 763 δέκα
2852 710 2993 777 μνᾶς
3026 706 3165 777 ἔχει.
3212 705 3375 773 Λέγω
3426 705 3579 776 ὑμῖν,
3630 705 3718 759 ὅτι
3752 702 3931 756 παντὶ
3966 700 4049 769 τῷ

2432 803 2610 875 ἔχοντι
2657 802 2973 872 δοθήσεται,
3036 801 3148 855 άπὸ
3203 800 3260 853 δι
3309 798 3406 852 τοῦ
3467 798 3543 871 μή
3587 798 3839 869 ιχοντος,
3892 796 3995 849 καὶ
4024 793 4052 847 δ

2432 895 2569 965 ἔχει,
2604 893 2908 965 ἀρθήσεται
2955 892 3052 947 ἀπ’
3078 890 3270 946 αὐτοῦ.
3300 888 3450 961 Πλὴν
3488 890 3617 952 τοὺς
3665 887 3912 959 ἐχθρούς
3942 902 4051 955 μου

2432 986 2680 1049 ἐκείνους
2731 985 2861 1047 τοὺς
2906 985 2981 1056 μὴ
3032 982 3374 1054 θελήσαντάς
3433 999 3503 1050 με
3557 979 3895 1050 βασιλεῦσαι
3960 977 4050 1031 ἐπ’

2432 1080 2621 1141 αὐτοῖς
2646 1116 2662 1141 ,
2699 1076 2939 1145 ἀγάγετε
2974 1068 3078 1129 ὧδε
3106 1118 3120 1138 ,
3152 1073 3250 1127 καὶ
3282 1071 3675 1141 κατασφάξατε
3712 1069 4053 1141 εμπροσθέν

2436 1186 2563 1240 μου.
2596 1170 2707 1248 καὶ
2752 1166 2925 1222 είπὼν
2956 1165 3151 1230 ταῦτα,
3188 1162 3488 1235 ἐπορεύετο
3526 1160 3879 1233 ἔμπροσθεν,
3914 1162 4053 1213 άνα·

2435 1263 2641 1316 ϐαίνων
2701 1263 2784 1325 είς
2855 1257 3231 1331 Ἱεροσόλυμα.
3284 1276 3303 1309 ι
3363 1257 3457 1310 Ἐν
3510 1255 3589 1326 τῷ
3631 1253 4052 1323 ἐπανέρχεσθαι

2433 1357 2619 1421 αὑτὸν,
2650 1358 2677 1409 6
2710 1354 2949 1425 Χριστὸς
2989 1354 3019 1406 6
3075 1351 3335 1420 εὐγενὴς,
3367 1352 3463 1404 καὶ
3490 1350 3633 1402 κατὰ
3657 1349 3723 1402 τὸ
3750 1346 4051 1417 ἀνθρώπι-

2433 1465 2545 1513 νον,
2600 1448 2665 1500 ὲκ
2702 1444 2985 1517 βασιλικοῦ
3015 1447 3128 1516 γάρ
3171 1444 3367 1513 ¹γόνους
3414 1442 3695 1511 κατήγετο
3724 1444 3755 1494 6
3809 1441 4049 1509 Κύριος,

2433 1542 2695 1596 καὶκατὰ
2724 1541 2785 1594 τὸ
2824 1540 2990 1603 θεῖον,
3030 1538 3332 1603 τουτέστιν,
3366 1539 3427 1590 ὲν
3466 1538 3534 1607 τῇ
3577 1534 3822 1604 δευτέρα
3875 1531 4050 1586 αὑτοῦ

2432 1634 2668 1700 mem,
2702 1635 2792 1688 ὅτε
2825 1636 3131 1702 φανήσεται
3167 1630 3425 1701 βασιλεὺς
3456 1628 3597 1700 μετὰ
3636 1628 3752 1681 τῶν
3789 1626 4054 1694 ἀγγέλων

2433 1730 2492 1781 ὲν
2520 1731 2587 1799 τῇ
2643 1727 2773 1800 δόξῃ
2823 1724 2920 1780 τοῦ
2975 1723 3191 1793 Πατρδς
3240 1724 3564 1795 ἐρχόμενος,
3606 1722 3703 1775 καὶ
3748 1722 3866 1773 πᾶν
3917 1720 4052 1785 γόνυ

2434 1821 2647 1891 κάμψει
2680 1818 2855 1890 αὐτῷ,
2886 1820 3009 1873 τότε
3047 1820 3113 1889 δή
3147 1819 3270 1873 τότε
3317 1817 3414 1869 καὶ
3442 1815 3570 1876 τοὺς
3603 1814 3674 1866 τά
3715 1812 4053 1881 χαρίσματα

729 1923 787 1965 et
822 1912 1196 1981 decuplicasse
1243 1913 1469 1978 donum,
1512 1886 1655 1967 alius
1688 1923 1872 1967 autem
1902 1910 2173 1982 profuisse
2204 1912 2326 1981 qui-

2430 1886 2763 1981 δεξαμένους
2802 1886 3025 1975 δούλους
3079 1886 3438 1980 λογοπραγεῐ.
3501 1907 3595 1958 καὶ
3653 1903 4051 1972 εὑρίσκονται,

730 2004 854 2057 dem
883 2013 939 2057 et
982 2004 1120 2069 ipse,
1163 2006 1259 2056 sed
1310 2004 1661 2072 paucioribus
1700 2000 2010 2073 profuisse:
2056 2002 2198 2057 alius
2225 2018 2330 2057 au-

728 2104 836 2151 tem
864 2096 1067 2150 nemini
1102 2094 1392 2166 profuisse,
1427 2096 1521 2151 sed
1560 2096 1828 2167 ignaviter
1876 2096 2201 2152 transivisse
2228 2111 2329 2152 ue-

728 2193 1051 2263 gotiationis
1099 2203 1335 2263 tempus.
1382 2192 1618 2248 Proinde
1646 2193 1737 2263 qui
1787 2193 2152 2264 decuplicavit
2182 2191 2331 2264 quod

727 2294 1040 2357 acceperat,
1095 2300 1262 2356 super
1305 2284 1495 2341 decem
1532 2285 1783 2341 civitates
1815 2285 2191 2354 constituitur,
2228 2289 2331 2343 hoc

734 2389 844 2443 est,
892 2370 1223 2447 multiplices
1290 2381 1685 2435 retributiones
1748 2380 1993 2449 accipit:
2065 2390 2121 2435 et
2188 2379 2331 2437 alius

730 2473 990 2543 deinceps
1051 2472 1206 2542 juxta
1263 2488 1421 2527 suam
1477 2473 1671 2543 recipit
1728 2474 2162 2544 praportionem.
2224 2474 2330 2542 Qui

727 2576 906 2621 autem
938 2567 1071 2620 nihil
1102 2565 1354 2621 lucratus
1398 2565 1540 2633 fuit,
1581 2566 2000 2623 condemnatur.
2037 2565 2329 2623 Videamus

729 2666 909 2711 autem
936 2664 992 2711 et
1033 2656 1162 2728 quid
1205 2658 1392 2712 dicat:
1442 2656 1694 2722 Domine,
1739 2671 1868 2713 ecce
1911 2658 2054 2712 mina
2087 2669 2202 2723 tua,
2238 2657 2331 2715 ric-

729 2750 848 2818 cipe
878 2765 1019 2816 eam,
1054 2749 1217 2803 habui
1243 2750 1389 2806 enim
1426 2752 1584 2804 istam
1615 2753 1667 2803 in
1709 2730 1936 2806 sudario
1967 2753 2327 2807 reconditam.

731 2840 997 2896 Dominus
1024 2853 1272 2896 mortuus
1328 2842 1549 2896 sudario
1574 2842 1847 2898 involutus
1897 2843 2026 2903 fuit.
2058 2854 2112 2897 et
2137 2844 2330 2899 Lalari

729 2935 901 2990 facies
961 2935 1016 2989 in
1058 2935 1311 3003 sepulcro
1340 2935 1558 2989 sudario
1586 2934 1837 2989 obvoluta
1887 2935 1988 2990 fuit
2011 2936 2099 2990 ’⁸.
2134 2936 2330 2992 Merito

2429 2006 2461 2059 6
2490 2006 2591 2077 μὲν
2617 2006 2850 2068 πολλοὺς
2896 2005 3208 2076 ὠφελήσας,
3237 2002 3331 2056 καὶ
3371 1998 3830 2059 ὅεκαπλασιάσας
3858 1997 3919 2049 τὸ
3948 1994 4055 2064 χά-

2434 2116 2632 2170 ρισμα.
2675 2101 2704 2152 6
2737 2098 2796 2151 δὲ
2844 2097 3143 2169 ὠφελήσας
3177 2096 3275 2167 μὶν
3319 2095 3416 2147 καὶ
3444 2092 3632 2154 αὐτὸς,
3663 2090 3937 2149 ελάττους
3965 2087 4049 2151 δὲ,

2429 2194 2459 2247 6
2489 2192 2548 2245 δὲ
2586 2190 2707 2261 μήδ’
2741 2191 2879 2250 ὅλως
2908 2189 3205 2259 ὠφελήσας
3239 2185 3380 2251 τινὰ,
3417 2183 3535 2237 ἀλλ’
3577 2182 3636 2235 ἔν
3673 2180 3930 2252 ῥαθεμίᾳ
3954 2178 4053 2231 δα-

2433 2283 2687 2354 πανήσας
2736 2282 2830 2335 τὸν
2872 2282 3065 2353 καιρὸν
3108 2280 3210 2350 τῆς
3256 2278 3668 2350 πραγματείας.
3717 2275 3815 2327 Διὸ
3867 2278 3897 2326 6
3950 2271 4052 2343 μὲν

2431 2372 2883 2438 δεκαπλασιάσας
2912 2374 2943 2427 δ
2973 2374 3191 2437 ἔλαϐεν,
3238 2373 3427 2425 ἐπάνω
3472 2370 3607 2424 δέκα
3655 2368 3881 2421 πόλεων
3913 2365 4055 2418 καθ-

2435 2468 2676 2530 ίσταται,
2716 2467 3027 2531 τουτέστιν,
3061 2465 3239 2537 ἀρχὴν
3273 2464 3409 2518 δέκα
3442 2464 3653 2517 πόλεων
3681 2460 3995 2531 λαμϐάνει,
4025 2458 4055 2512 δ

2433 2562 2573 2622 ἐστι.
2623 2559 3070 2623 πολλαπλασίους
3112 2559 3211 2623 τὰς
3268 2558 3510 2629 άμοιδὰς
3560 2558 3809 2627 δέχεται.
3860 2554 3980 2609 Καὶ
4027 2554 4056 2607 6

2430 2653 2632 2723 ἑφεξῆς
2657 2653 2802 2707 κατὰ
2832 2655 2933 2723 τὴν
2962 2651 3281 2720 ἀναλογίαν.
3322 2652 3384 2704 Ὀ
3425 2650 3483 2703 δὲ
3518 2650 3689 2721 μηδὲν
3739 2647 4055 2717 κερδάνας,

2432 2748 2851 2817 κατακρίνεται.
2890 2746 3124 2815 Ἴδωμεν
3155 2743 3214 2797 δὲ
3256 2745 3355 2798 καὶ
3386 2742 3441 2796 τί
3478 2759 3613 2812 φησι
3639 2759 3654 2773 ⁸
3687 2740 3898 2811 Κύριε,
3937 2740 4051 2792 ἰδοὺ

2433 2839 2466 2907 ή
2507 2839 2619 2907 μνᾶ
2646 2854 2765 2901 σου,
2795 2836 2929 2891 λάόε
2970 2834 3182 2906 ταύτην
3213 2851 3226 2865 ·
3264 2830 3411 2904 εἶχον
3450 2834 3561 2903 γάρ
3588 2831 3798 2903 ταύτην
3830 2832 3890 2883 ὲν
3924 2847 4053 2883 σου·

2431 2929 2606 3000 δαρίῳ
2629 2929 3029 3000 ἀποκειμένην.
3058 2926 3261 2997 Νεκρῷ
3279 2926 3398 2980 δντι
3426 2925 3505 2997 τῷ
3530 2925 3725 2995 Κυρίῳ
3748 2925 4053 2989 σουδάριον

728 3028 897 3097 igitur
959 3027 1187 3097 ignavus
1232 3026 1319 3082 ille
1369 3029 1423 3080 in
1495 3027 1716 3082 sudario
1760 3030 1939 3097 inquit
1984 3029 2326 3084 reconditum

2435 3017 2753 3089 περιετέθη,
2808 3019 2904 3071 καὶ
2958 3018 3054 3073 τοῦ
3097 3019 3356 3089 Λαζάρου
3402 3019 3462 3071 ἐν
3505 3016 3584 3087 τῷ
3632 3016 3796 3087 τάφῳ
3841 3018 3873 3086 ὴ
3922 3016 4052 3086 ὄψις

730 3120 901 3175 fuisse
956 3121 1183 3175 donum.
1248 3119 1519 3174 Mortuum
1592 3122 1739 3175 enim
1797 3121 1929 3176 illud
1988 3119 2218 3190 fecerat,
2273 3132 2326 3176 et

2434 3110 2710 3181 σουδαρίῳ
2767 3111 3279 3179 περιεκαλύπτετο·
3356 3110 3588 3175 εἰκότως
3644 3106 3741 3165 οὖν
3806 3104 4053 3188 ὀκνῑτρὶς

728 3212 1002 3277 ineﬁicax,
1033 3228 1140 3267 non
1181 3213 1460 3279 evolvens,
1501 3228 1678 3282 neque
1704 3216 1915 3270 lucrum
1956 3215 2187 3271 faciens.
2229 3214 2323 3269 Ti-

2430 3200 2585 3268 οὗτος
2636 3205 2907 3276 σουδαρίῳ
2963 3206 3131 3275 φησιν
3160 3205 3507 3262 ὲναποθείναι
3560 3205 3621 3259 τὸ
3657 3207 3919 3279 χάρισμα
3964 3227 4053 3261 νε·

728 3307 943 3360 tneliam
968 3307 1114 3359 enim
1135 3316 1210 3367 te,
1242 3308 1436 3374 inquit,
1460 3309 1583 3374 quia
1608 3308 1756 3361 tollis
1776 3309 1920 3376 quod
1946 3324 2052 3362 non
2075 3309 2326 3375 posuisti.

2433 3299 2565 3367 κρδν
2616 3296 2724 3365 γὰρ
2777 3297 2942 3349 αὐτὸν
2989 3298 3235 3367 ποιήσας
3306 3298 3405 3351 καὶ
3449 3297 3821 3369 ἁνενέργητον
3857 3340 3871 3363 ,
3950 3303 4054 3352 οὐκ

729 3396 885 3452 Talia
936 3398 1091 3451 tuulti
1139 3407 1475 3467 praetexunt.
1528 3399 1789 3453 Nolentes
1844 3403 1987 3453 enim
2040 3402 2165 3454 ullis
2200 3419 2326 3470 prn-

2433 3389 2893 3459 ὲπεξειργάσασο,
2944 3391 3067 3444 οὐδὲ
3112 3390 3474 3461 κεκέρδηκεν.
3534 3392 3893 3463 Ἐφοόούμην
3940 3394 4053 3465 γάρ

727 3492 928 3554 desse,
964 3491 1155 3544 dicunt
1210 3507 1223 3541 :
1268 3489 1365 3544 Ubi
1434 3506 1539 3544 non
1602 3494 1889 3547 seminavit
1948 3491 2091 3547 Deus
2132 3496 2326 3546 honuni

2435 3498 2519 3545 σε,
2550 3482 2742 3552 φησὶν,
2777 3482 2861 3534 ὅτι
2892 3484 3071 3554 αἴρεις
3101 3484 3129 3535 ὃ
3156 3484 3259 3536 ούκ
3294 3484 3525 3554 ἔθηκας.
3568 3485 3817 3539 Τοιαῦτα
3858 3488 4053 3539 πολλοὶ

727 3582 961 3638 indolem
1006 3593 1061 3637 et
1116 3584 1510 3653 aptitudinem,
1559 3585 1703 3639 illinc
1753 3600 1820 3640 ne
1886 3588 2135 3655 requins
2188 3604 2326 3642 mes-

2434 3574 2874 3643 προφασίζονται
2907 3591 2922 3605 ·
2953 3578 3028 3644 μὴ
3077 3576 3328 3639 θέλοντες
3379 3578 3489 3649 γάρ
3527 3578 3820 3647 ὠφελῆσαί
3864 3597 4047 3642 τινας,

726 3691 866 3731 sem.
931 3672 1085 3728 Illum
1152 3690 1257 3729 non
1312 3674 1439 3730 fecit
1500 3675 1870 3743 industrium,
1905 3688 1957 3731 et
2022 3682 2090 3732 ad
2127 3678 2326 3733 doctri.

2431 3667 2621 3734 φασὶν,
2655 3668 2741 3722 ὁτι
2790 3670 2981 3723 Ὅπου
3001 3671 3103 3723 οὐκ
3133 3670 3390 3741 ἔσπειρεν
3416 3676 3446 3726 6
3477 3673 3612 3736 Θεὸς
3656 3674 3918 3740 εὐφυΐαν.
3958 3676 4053 3727 καὶ

726 3782 853 3821 nam
888 3766 1169 3833 idoneum,
1220 3777 1276 3823 et
1314 3768 1447 3836 quid
1474 3784 1507 3823 a
1558 3784 1647 3823 me
1680 3770 1923 3840 exigitur
1964 3779 2023 3823 ut
2055 3771 2178 3826 inde
2210 3770 2324 3826 fru-

2430 3758 2880 3831 ἐπιτηδειότητα,
2938 3762 3153 3815 ἐκεῖθεν
3186 3762 3263 3833 μὴ
3312 3762 3469 3834 ζήτει
3520 3764 3702 3835 θέρος.
3736 3765 3847 3819 Τὸν
3890 3766 4052 3819 δεινά

724 3870 874 3915 ctum
899 3861 1094 3916 faciam
1112 3863 1136 3914 2
1154 3860 1362 3916 Idcirco
1388 3862 1649 3917 Dominus
1672 3864 1837 3917 dicit:
1861 3863 1941 3916 'l’u
1970 3865 2127 3929 doce.
2158 3876 2210 3919 et
2236 3865 2329 3921 de-

726 3966 867 4021 pone
884 3954 1171 4021 pecuniam
1206 3966 1381 4007 meatu
1402 3954 1545 4024 apud
1575 3958 1906 4021 mensarios,
1936 3957 2037 4011 hoc
2054 3967 2160 4019 est,
2186 3960 2329 4027 apud

723 4059 915 4099 omnes
938 4044 1208 4111 homines,
1233 4047 1323 4115 qui
1348 4048 1609 4117 propositi
1629 4058 1755 4102 sont
1774 4060 1830 4100 ut
1857 4049 2157 4118 percipiant
2182 4049 2329 4104 utili-

727 4140 895 4187 tatem
913 4174 926 4187 .
950 4132 1143 4191 Omnis
1160 4136 1307 4190 enim
1341 4137 1505 4191 homo
1531 4138 1839 4192 mensarius
1860 4156 1886 4190 ιι
1912 4138 2021 4193 Deo
2042 4141 2327 4197 ordinatus

722 4222 886 4296 “7
922 4237 1026 4292 est,
1066 4239 1123 4280 ut
1158 4229 1209 4281 in
1247 4228 1406 4295 hujus
1440 4228 1627 4281 mundi
1660 4226 1873 4283 oﬂicina
1917 4245 2110 4298 magna
2150 4246 2321 4301 nego-

2430 3852 2533 3907 ούκ
2576 3852 2838 3924 εποίησεν
2887 3854 3069 3921 εὐφυᾶ
3105 3855 3205 3907 καὶ
3240 3856 3379 3925 πρὸς
3423 3855 3666 3927 μάθησιν
3700 3858 4049 3927 ἐπιτήδειον,

2430 3945 2530 4017 ,καὶ
2559 3944 2615 3999 τί
2652 3962 2722 4014 με
2757 3946 2986 3999 ἀπαιτεῖ
3036 3946 3135 4017 τὴν
3173 3948 3390 4001 ἐκείνου
3444 3948 3754 4016 ὠφέλειανς
3812 3951 3907 4002 Διὸ
3955 3936 4061 4003 καί

2429 4041 2459 4093 6
2513 4039 2720 4110 Κύριός
2784 4056 2967 4109 φησι·
3039 4040 3113 4093 Σὺ
3168 4040 3406 4107 δίδαξον,
3473 4042 3573 4095 καὶ
3636 4043 3925 4097 κατάϐαλε
3990 4046 4051 4096 τὸ

2431 4130 2699 4203 ἀργύριόν
2742 4148 2845 4201 μου
2874 4134 2990 4195 τοῖς
3021 4132 3406 4204 τραπεζίταις,
3438 4136 3718 4197 τουτέστι,
3755 4138 3895 4188 πᾶσι
3931 4140 4050 4200 τοις

2429 4224 2568 4294 πρὸς
2588 4225 2646 4277 τὸ
2663 4223 2997 4294 ὠφελεῖσθαι
3021 4226 3405 4296 προκειμένοις
3424 4226 3762 4298 ἀνθρώποις.
3789 4230 3907 4291 Πᾶς
3929 4230 4049 4301 γὰρ

724 4316 923 4368 cletur.
953 4314 1015 4367 Et
1040 4330 1138 4385 ego
1171 4316 1392 4370 veniens
1417 4318 1723 4386 exegissem
1762 4317 1914 4380 illud,
1954 4318 2059 4373 hoc
2084 4330 2190 4383 est,
2224 4337 2321 4375 re—

2430 4314 2715 4385 ᾶνθρωπος
2733 4314 3075 4386 τραπεζίτης
3093 4316 3201 4368 ὑπὸ
3221 4316 3359 4369 Θεοῦ
3386 4319 3868 4389 προκεχείρισται,
3889 4320 4048 4375 ὥστε

723 4407 1029 4476 petiissem,
1061 4423 1187 4461 cum
1231 4423 1417 4462 usura.
1460 4410 1690 4478 Oportet
1742 4410 1908 4479 igitur
1942 4421 1996 4465 et
2034 4428 2133 4465 nos
2179 4414 2323 4480 quod

2430 4411 2485 4461 ὲν
2506 4408 2583 4478 τῷ
2615 4407 2841 4478 μεγάλῳ
2866 4408 2962 4461 τοῦ
2998 4409 3207 4478 κόσμου
3253 4410 3445 4463 τούτου
3500 4414 3860 4485 ἐργαστηρίῳ
3891 4433 4047 4486 πρα-

722 4510 971 4555 nostrum
999 4509 1083 4555 est
1114 4501 1296 4556 facere
1323 4518 1337 4555 :
1368 4501 1509 4557 alios
1536 4512 1717 4555 autem
1746 4502 2007 4559 Dominus
2026 4504 2317 4573 judicabit.

2434 4500 2835 4569 γματεύεσθαι.
2864 4502 2975 4555 Καὶ
3007 4500 3120 4570 ἐγὼ
3147 4502 3341 4571 ἐλθὼν,
3362 4505 3579 4576 ἔπραξα
3601 4507 3667 4561 ἂν
3695 4509 3855 4575 αὐτὸ,
3875 4526 4047 4566 τουτ-

722 4593 767 4649 si
808 4592 1084 4648 noluerint
1115 4594 1405 4647 utilitatem
1449 4595 1573 4649 inde
1609 4598 1911 4666 percipere.
1954 4596 2188 4651 Tollitur
2220 4600 2318 4669 igi-

2430 4590 2599 4655 έστιν,
2619 4592 2880 4661 ἀπῄτησα
2901 4594 2999 4645 σὺν
3021 4593 3186 4665 τόιιφ.
3217 4599 3308 4647 Δεῖ
3337 4596 3436 4665 μὲν
3454 4597 3563 4668 γὰρ
3582 4599 3733 4667 ἡμᾶς
3750 4603 3815 4651 τὸ
3834 4604 4047 4656 οἰκεῖον

723 4693 811 4741 tur
841 4687 1066 4750 donum,
1101 4697 1155 4741 et
1185 4691 1347 4743 datur
1378 4689 1522 4743 bono
1555 4690 1905 4759 negotiatori.
1943 4688 2079 4745 Nam
2110 4691 2237 4747 licet
2275 4694 2321 4749 is

2431 4687 2627 4749 ποιεῖν,
2667 4685 2796 4755 περὶ
2825 4686 2884 4741 δι
2912 4686 3021 4741 τῶν
3062 4688 3385 4758 μετέπειτα,
3413 4691 3549 4755 θεὸς
3589 4696 3771 4763 κρινεῖ
3802 4698 3938 4760 τοὺς
3966 4697 4045 4768 μή

724 4778 944 4845 habeat,
985 4786 1205 4849 propter
1253 4780 1396 4835 istud
1449 4782 1625 4851 ipsum
1687 4792 1866 4836 tamen
1927 4785 2101 4853 magis
2157 4786 2319 4841 debet

2430 4776 2767 4850 θελήσαντας
2816 4780 3193 4853 ὠφεληθῆναι.
3240 4782 3469 4853 Δῖρεται
3520 4784 3615 4840 οὖν
3649 4786 3710 4839 τὸ
3759 4789 4043 4861 χάρισμα.

722 4871 881 4943 plura
922 4871 1193 4940 accipere.
1246 4869 1478 4927 Habenti
1538 4875 1685 4929 enim
1718 4874 1959 4943 dabitur,
1992 4878 2096 4932 hoc
2120 4888 2237 4944 est,
2266 4879 2315 4933 ei

2430 4870 2523 4924 καὶ
2558 4872 2765 4926 δίδοται
2804 4874 2884 4945 τῷ
2918 4874 3112 4946 ἁγαθῷ
3146 4880 3576 4950 πραγματευτῇο
3610 4880 3727 4943 ⁷κᾶν
3762 4884 3878 4954 γὰρ
3914 4886 4045 4956 ιη,

722 4963 815 5033 qui
854 4977 921 5017 ex
956 4963 1323 5034 negotiatione
1354 4966 1479 5021 boni
1527 4966 1695 5020 multa
1738 4966 1978 5023 lucratus
2018 4968 2201 5035 fuerit,
2240 4970 2315 5025 illi

2430 4966 2633 5036 μᾶλλον
2661 4967 2730 5021 δι’
2759 4968 2895 5021 αὐτὸ
2920 4969 3083 5024 τοῦτο
3106 4970 3318 5040 ὀφείλει
3350 4973 3525 5027 πλείω
3557 4975 3921 5042 πρωλασείν.
3952 4982 4045 5049 Τῷ

723 5053 940 5108 dabitur
973 5064 1029 5109 et
1057 5055 1310 5121 amplius.
1352 5055 1486 5111 Nam
1536 5059 1578 5112 si
1610 5072 1779 5126 parva
1821 5060 1873 5114 in
1907 5061 2137 5131 dccupla
2189 5060 2319 5117 fecit

2430 5062 2534 5130 γὰρ
2581 5060 2760 5131 ιχοντι
2811 5060 3125 5132 δοθήσεται,
3156 5066 3433 5131 τουτέστι,
3479 5065 3559 5137 τῷ
3593 5066 3659 5120 ιιι
3705 5069 3807 5123 τοῦ
3849 5072 4043 5136 καλῶς

724 5160 996 5213 crescere,
1054 5150 1400 5205 manifestum
1454 5153 1595 5220 quod
1634 5161 1689 5208 et
1739 5152 1895 5225 plura
1936 5155 2319 5225 decuplicabit,

724 5236 953 5305 majoris
998 5238 1131 5292 lucri
1173 5251 1363 5295 auctor
1407 5240 1634 5297 domino
1666 5242 1900 5299 iuturus.
1938 5246 1981 5299 A
2017 5246 2324 5317 negligento

723 5337 907 5381 autem
938 5336 994 5382 et
1022 5328 1237 5400 ignavo,
1284 5340 1341 5387 et
1374 5334 1458 5386 cui
1496 5348 1607 5389 non
1637 5344 1721 5390 est
1751 5336 1991 5395 studium
2022 5346 2081 5390 ut
2110 5347 2324 5392 crescat

721 5427 778 5475 et
800 5431 1062 5490 augeatur
1091 5424 1236 5493 quod
1283 5436 1597 5497 acceperat,
1644 5438 1699 5483 et
1746 5429 1886 5485 istuc
1936 5429 2113 5497 ipsum
2166 5431 2315 5499 quod

720 5510 888 5566 habet
921 5514 1160 5582 tolletur,
1197 5526 1255 5572 ut
1296 5533 1364 5573 ne
1418 5533 1507 5575 res
1559 5520 1832 5575 dominica
1897 5521 2099 5577 frustra
2136 5533 2312 5589 vacet,

722 5622 847 5677 qua:
878 5610 993 5665 dari
1024 5622 1203 5681 potest
1228 5616 1411 5683 alteri,
1438 5626 1492 5672 et
1523 5618 1897 5688 multiplicari.
1924 5618 2049 5675 llaec
2080 5635 2183 5675 non
2217 5634 2311 5675 so-

718 5699 831 5759 lum
861 5703 930 5759 de
958 5718 1211 5763 sermone
1243 5720 1298 5765 et
1351 5711 1597 5770 doctrina
1640 5714 1985 5785 exponimus,
2028 5715 2120 5771 sed
2160 5724 2213 5771 et
2247 5717 2315 5772 de

791 5882 837 5915 "
868 5880 1024 5939 Joau.
1077 5901 1155 5942 at.

2424 5154 2959 5225 πραγματεύσασθαι
2982 5156 3199 5210 πολλῶν
3214 5160 3613 5231 εὐπορήσαντι,
3639 5162 3846 5234 εκείνῳ
3875 5165 4040 5237 δοθή-

2426 5264 2577 5301 σεται
2607 5248 2703 5301 καὶ
2734 5248 2927 5303 πλείω.
2968 5249 3033 5303 Et
3068 5252 3180 5321 γὰρ
3210 5252 3278 5305 τά
3304 5251 3464 5320 ὀλίγα
3506 5252 3718 5325 ηύξησε
3754 5254 4039 5313 δεκαπλα.

2424 5341 2658 5406 σιάσας,
2726 5342 2997 5413 πρόδηλον
3057 5345 3141 5399 ὅτι
3203 5345 3275 5399 τὰ
3334 5345 3474 5400 πλείι
3544 5347 4035 5417 δεχαπλασιάζων.

2424 5432 2670 5497 πλείονος
2697 5434 2922 5504 κέρδους
2958 5435 3220 5506 πρόξενος
3252 5438 3333 5509 τῷ
3362 5438 3607 5514 δεσπότῃ
3640 5439 3859 5496 [σεται.
3903 5446 4037 5498 ’Δτδ

2423 5523 2479 5578 δὲ
2505 5524 2744 5597 ἀμελῶς
2772 5528 2866 5581 καὶ
2894 5528 3156 5599 δινηροῦ,
3187 5529 3283 5585 καὶ
3306 5530 3384 5603 μὴ
3418 5530 3658 5603 αὐξῆσαι
3690 5536 4033 5590 σπουδάσαν-

2422 5634 2515 5683 τος
2552 5619 2581 5672 δ
2612 5619 2799 5685 ἔλαϐε,
2836 5624 2930 5676 καὶ
2958 5622 3094 5677 αὐτὸ
3125 5625 3326 5689 ἐκεῖνο,
3350 5624 3380 5678 δ
3410 5624 3546 5698 ἔχει,
3575 5626 3911 5699 ἀρθήσεται,
3945 5630 4031 5684 ινα

2427 5715 2503 5785 μὴ
2525 5715 2671 5787 ἀργῇ
2707 5714 2769 5769 τὸ
2796 5715 3121 5773 δεσποτικὸν
3158 5719 3417 5790 πρᾶγμα,
3445 5719 3678 5776 δυνατὸν
3712 5720 3775 5778 δν
3808 5723 4033 5794 δοθῆνιι
