4228 6428
207 387 228 449 l
240 387 351 451 029

935 383 1386 446 ENARRATIO
1428 382 1512 446 IN
1553 381 2070 444 EVANGELIUM
2109 381 2446 445 I.UC/E.—
2472 383 2639 446 CAP.
2679 382 2856 447 XIX.

3390 377 3538 450 1030

196 502 393 572 ἑτέρῳ,
428 500 524 554 καὶ
563 497 1134 569 πολυπλασιασθῆναι.
1184 498 1374 554 Ταῦτα
1419 499 1478 552 δὶ
1520 497 1598 569 μὴ
1641 497 1809 568 μόνον

1922 497 2216 556 moralibus
2247 499 2570 556 virtutibus.
2601 498 2741 555 Nam
2769 509 2829 555 et
2856 498 2913 562 in
2941 497 3030 554 bis
3069 496 3216 554 dona
3252 497 3410 554 nobis
3438 500 3538 556 de-

197 591 295 648 ιπὶ
327 589 423 644 τοῦ
466 590 651 658 λόγου,
685 592 784 644 καὶ
825 590 930 661 τῆς
964 589 1317 655 διδασκαλίας
1361 589 1809 663 ὲκλαμόάνομεν,

192 685 337 740 ἀλλὰ
365 685 461 739 καὶ
485 683 581 737 ιπὶ
603 684 716 738 τῶν
745 681 960 754 ὴθικῶν
990 683 1227 754 ἀρετῶν.
1265 684 1380 738 Καὶ
1407 684 1519 756 γὰρ
1548 686 1654 740 κάν
1679 684 1815 738 ταύ-

195 796 324 843 ταις
359 778 596 833 δέδωκεν
633 779 826 849 ήμῐνό
872 776 1009 841 Θεδς
1061 778 1404 849 χαρίσματα,
1447 777 1528 849 τῷ
1572 780 1674 849 μὲν
1719 797 1814 852 νη-

200 873 409 939 στείας,
435 871 513 943 τῷ
553 872 612 927 δὶ
644 871 1042 944 ἑλεημοσύνης,
1075 871 1156 942 τῷ
1185 871 1245 926 δὲ
1273 873 1613 944 πραότητος,
1652 873 1733 945 τῷ
1756 874 1814 927 δὶ

195 964 458 1033 ἀτυφίας.
481 963 600 1018 Κᾶν
618 964 720 1033 μιν
746 965 1035 1036 νήφωμεν,
1053 964 1575 1036 πολυπλασιάζομεν
1599 965 1805 1019 ταῦτα’

193 1055 265 1110 ἂν
292 1055 348 1109 δὲ
382 1056 744 1128 ῥαθυμῶμεν,
775 1059 870 1111 καὶ
909 1057 1396 1130 άπονεκρωθῶμεν
1421 1061 1494 1128 τῇ
1542 1060 1811 1130 προαιρέο

195 1165 304 1215 σει,
359 1147 590 1219 ὕστερον
625 1151 991 1220 αἰτιασόμεθα
1037 1153 1130 1204 τὸν
1190 1151 1347 1216 Θεὸν,
1398 1152 1476 1216 ὼς
1531 1153 1814 1222 εἰώθαμεν

192 1238 402 1306 λέγειν,
433 1240 545 1292 Καὶ
567 1240 622 1292 τί
651 1242 902 1310 ποιήσως
939 1242 1068 1294 Ἐάν
1102 1242 1132 1294 6
1156 1241 1306 1295 δείνα
1402 1242 1580 1311 ἅγιος,
1612 1243 1759 1296 θέλει
1787 1245 1816 1296 6

193 1331 354 1394 Θεὸς,
401 1331 498 1384 καὶ
529 1331 679 1385 εστιν
728 1331 909 1398 άγιοςο
954 1335 1056 1403 ἐμὲ
1104 1335 1167 1386 οὐ
1199 1334 1369 1397 θέλει,
1405 1335 1504 1388 καὶ
1540 1336 1640 1388 οὐκ
1671 1335 1809 1404 εἰμί.

193 1424 310 1476 Καὶ
338 1425 552 1489 ἐκεῖνος
580 1426 789 1496 Πέτρος
819 1422 908 1496 ἦν,
943 1429 1154 1489 ἰκείνος
1187 1428 1424 1491 Παῦλος.
1461 1426 1680 1500 ’Λνόητε
1720 1429 1815 1484 dv-

194 1516 410 1587 θρωπε,
455 1521 488 1590 η
533 1521 644 1588 μνᾶ
687 1519 835 1589 αῦτη
885 1520 1181 1591 Πίτρονσε
1231 1525 1382 1576 ποιεί
1429 1524 1526 1576 καὶ
1573 1521 1812 1578 Παῦλον.

1918 590 2002 646 dit
2037 590 2207 659 Deus,
2240 601 2434 662 utpote
2463 594 2556 648 uni
2596 595 2800 649 donam
2827 589 3048 663 ieiunii,
3085 590 3176 645 alii
3219 605 3351 646 vero
3377 590 3539 648 cloe-

1918 698 2184 755 mosynas.
2207 685 2301 740 alii
2335 695 2519 740 autem
2545 685 3011 750 mansuetudinis,
3033 683 3326 739 aliiautem
3357 685 3543 740 humi-

1919 775 2110 830 litatis.
2140 777 2208 831 Et
2249 780 2298 832 sl
2350 779 2572 848 quidem
2613 777 2785 833 sobrii
2827 777 3101 834 fuerimus
3129 787 3181 832 et
3218 779 3539 849 vigilantes.

1920 869 2414 939 multiplicabimus
2455 873 2572 926 hac
2624 891 2640 927 :
2691 872 2775 926 sin
2824 883 3009 926 autem
3062 871 3424 942 negligentes,
3482 878 3540 926 et

1920 962 2198 1017 voluntate
2277 963 2517 1028 mortui,
2583 972 2771 1033 postea
2842 979 3136 1033 arguemus
3207 963 3420 1031 Deum,
3483 970 3545 1018 ut

1917 1059 2306 1113 consuevimus
2385 1061 2572 1116 dicere
2616 1079 2631 1114 :
2677 1060 2750 1114 Et
2799 1061 2931 1130 quid
3004 1059 3242 1113 faciam?
3308 1058 3367 1115 Si
3417 1058 3544 1129 quis

1918 1147 2084 1205 fuerit
2119 1152 2519 1214 sanctus.volt
2571 1152 2736 1217 Deus,
2769 1162 2825 1207 et
2868 1162 2954 1208 est
2991 1161 3225 1208 sanctus
3263 1169 3278 1208 :
3316 1168 3404 1206 me
3430 1167 3541 1207 non

1921 1244 2054 1304 vult,
2095 1251 2151 1298 et
2179 1259 2284 1297 non
2327 1259 2452 1300 sum
2489 1253 2587 1299 :et
2628 1245 2718 1300 ille
2749 1247 2946 1300 Petrus
2983 1244 3106 1309 fuit,
3134 1255 3190 1300 et
3217 1246 3306 1300 ille
3337 1236 3543 1300 Paulus

1920 1336 2040 1392 fuit.
2075 1336 2253 1394 Stulte
2289 1339 2476 1402 homo,
2515 1339 2661 1392 mina
2694 1338 2785 1392 illa
2841 1338 3072 1392 Paulum
3109 1349 3159 1392 te
3191 1338 3324 1393 fecit
3352 1347 3406 1392 et
3435 1337 3530 1392 Pe-

1921 1440 2085 1484 trum.
2118 1432 2362 1502 Operare
2385 1442 2568 1487 autem
2590 1433 2746 1502 juxta
2779 1433 3062 1498 virtutem,
3083 1441 3141 1487 et
3163 1430 3300 1486 aﬂ’er
3329 1432 3540 1500 aliquid

1915 1523 1964 1577 ei
1998 1524 2088 1593 qni
2120 1525 2288 1590 dedit,
2323 1525 2538 1579 etiamsi
2565 1542 2672 1580 non
2696 1535 2964 1596 quantum
2990 1524 3196 1581 Paulus
3227 1536 3284 1580 et
3315 1524 3516 1580 Petrus

198 1612 478 1681 Ἐργασάι
502 1613 560 1666 δὲ
599 1613 742 1667 κατὰ
770 1613 1027 1684 δύναμιν,
1055 1616 1154 1669 καὶ
1178 1617 1502 1687 προσάγαγέ
1536 1635 1588 1670 τι
1615 1616 1697 1687 τῷ
1725 1617 1814 1670 δε-

1922 1613 1996 1669 Τιι
2027 1625 2210 1670 autem
2237 1632 2360 1671 cum
2395 1618 2586 1672 eadem
2620 1619 2902 1687 acceperis
2936 1633 3059 1686 qua:
3084 1617 3283 1671 Petrus
3315 1628 3369 1672 et
3399 1617 3513 1672 Pau

195 1705 425 1770 δωκότι,
467 1705 570 1758 κᾶν
621 1708 697 1779 μὴ
759 1708 883 1762 ὅσον
919 1710 949 1762 6
981 1710 1212 1780 Πέτρος,
1241 1712 1337 1763 καὶ
1368 1709 1578 1774 Παῦλος
1607 1727 1621 1741 °
1653 1711 1719 1764 κϋ
1753 1711 1812 1764 δὲ

1922 1708 2000 1764 lus
2035 1727 2049 1764 :
2092 1725 2217 1764 nam
2247 1720 2302 1764 et
2339 1710 2426 1764 ille
2462 1710 2690 1775 minam,
2723 1721 2778 1763 et
2810 1719 2865 1763 tu
2910 1712 3118 1763 minam
3150 1727 3164 1762 :
3205 1720 3392 1779 postea
3432 1724 3538 1764 nan

193 1799 270 1852 τὶ
315 1798 456 1852 αὐτὰ
484 1797 563 1870 τῷ
617 1800 810 1870 Πέτρῳ
860 1802 956 1854 καὶ
990 1802 1070 1873 τῷ
1103 1799 1304 1873 Παύλῳ
1327 1803 1627 1874 δεξάμενος
1652 1821 1667 1836 ο
1706 1807 1812 1858 κά-

1922 1813 2097 1857 motus
2124 1804 2350 1858 omnino
2379 1803 2446 1858 ad
2482 1803 2862 1869 operationem
2902 1803 3055 1867 boni,
3089 1804 3280 1872 arguis
3324 1804 3543 1857 Deum?

194 1891 382 1952 κεῖνος
407 1890 518 1962 γάρ
554 1892 716 1961 μνᾶν,
749 1894 936 1948 καὶσὺ
973 1895 1113 1964 μνᾶν
1175 1894 1368 1949 ἔπειτα
1401 1873 1538 1967 μηδὲ
1567 1895 1815 1967 κινηθεὶς

1922 1895 2154 1965 Ριιοιιιθι-
2184 1896 2286 1949 hoc
2319 1895 2525 1965 indigni
2560 1895 2764 1949 inventi
2801 1895 2983 1957 donis,
3011 1895 3117 1949 illis
3148 1894 3538 1963 spoliabimur.

193 1981 340 2046 ὅλως
385 1984 466 2047 εἰς
505 1984 776 2054 ἐργασίαν
819 1985 917 2041 τοῦ
956 1989 1127 2042 καλοῦ
1176 1990 1330 2061 αἰτιᾷ
1362 1990 1456 2043 τὸν
1503 1988 1676 2056 Θεόν;
1714 1986 1815 2041 Διὰ

1922 1989 2179 2044 Inimicos
2212 2003 2383 2056 meos,
2431 1989 2585 2053 dicit,
2627 2003 2725 2044 eos
2774 1989 2867 2058 qui
2921 1990 3117 2042 nolunt
3149 2003 3237 2043 Ine
3285 2003 3541 2057 regnare,

192 2071 362 2127 τοῦτο
395 2075 608 2142 ἀνάξιοι
653 2077 1041 2148 εὑρισκόμενοι
1085 2079 1199 2132 τῶν
1241 2079 1626 2151 χαρισμάτων,
1677 2080 1815 2132 ἁπο-

1931 2082 2188 2137 adducite
2216 2082 2343 2147 huc,
2378 2091 2427 2135 et
2462 2083 2718 2138 occidite.
2742 2081 2962 2138 Iudaeos
2985 2082 3140 2145 dicit,
3176 2097 3319 2151 quos
3346 2082 3543 2136 interi-

195 2165 564 2236 γυμωύμεθα
611 2169 843 2224 τούτων.
893 2171 1034 2232 Τοὺς
1085 2169 1143 2223 δὲ
1178 2171 1411 2242 ἐχθρούς
1471 2189 1598 2242 μου,
1652 2171 1812 2242 φησι,

1922 2174 1994 2229 ιιιί
2031 2175 2228 2239 tradet,
2270 2177 2324 2230 in
2379 2175 2556 2245 ignem
2591 2184 2860 2230 aeternum
2913 2175 3140 2230 mittens
3172 2175 3317 2229 illes.
3364 2173 3546 2244 Atque

192 2260 330 2322 τοὺς
377 2262 451 2333 μὴ
501 2263 758 2327 θέλοντάς
794 2281 861 2333 με
891 2262 1235 2333 βασιλεῦσαι,
1263 2265 1504 2334 ἀγάγετε
1536 2258 1664 2328 ῶδε,
1716 2263 1815 2316 καὶ

1922 2267 2052 2321 adeo
2073 2266 2148 2321 illi
2186 2267 2372 2322 miseri
2399 2267 2451 2320 in
2471 2267 2575 2321 hoc
2604 2267 2808 2322 mundo
2837 2267 3005 2322 occisi
3047 2277 3178 2322 sunt
3215 2281 3244 2320 a
3278 2265 3546 2320 Romanis

196 2353 446 2423 σφάξατε
474 2371 490 2387 ’
513 2356 637 2421 τοὺς
672 2355 965 2419 Ἰουδαίους
987 2358 1174 2429 φησὶν,
1215 2356 1311 2422 οὓς
1341 2357 1662 2428 καταφθορᾷ
1686 2373 1784 2411 παο

1922 2358 2251 2422 :xercitibus,
2298 2368 2702 2429 servanturqne
2759 2359 3126 2414 internecioni
3156 2357 3408 2429 quzeillic
3437 2367 3545 2421 cst,

197 2446 456 2518 ραδώσει,
479 2451 560 2510 εἰς
579 2448 764 2518 τὸπῦρ
783 2451 844 2502 τὸ
867 2447 1135 2520 ἐξώτερον
1157 2451 1556 2521 παραπέμπων
1593 2449 1814 2513 αὑτούς.
1848 2451 1962 2504 Καὶ
1995 2450 2181 2522 μέντοι
2221 2445 2368 2504 οὗτοι
2409 2452 2459 2505 οἰ
2519 2451 2696 2507 άθλιοι
2749 2449 3056 2517 κάνταῦθα,
3092 2454 3152 2504 έν
3207 2451 3287 2521 τῷ
3353 2451 3548 2523 κόσμῳ

193 2541 377 2612 τούτῳ
414 2543 574 2612 ςημί,
619 2543 1045 2616 κατεσφάγησαν
1066 2545 1172 2599 ὑπὸ
1197 2547 1308 2599 τῶν
1341 2545 1680 2616 Ῥωμαῖκῶν
1710 2547 2162 2618 στρατευμάτων,
2191 2547 2526 2619 τηρούμενοι
2566 2549 2663 2601 καὶ
2693 2549 3062 2620 φυλαξόμενοι
3090 2551 3156 2622 τῇ
3191 2551 3311 2602 ὲκεί
3330 2540 3557 2620 σφαγῇ,’

278 2659 300 2694 ι
338 2643 446 2694 Καὶ
473 2642 694 2710 ἐγένετο
735 2643 810 2707 ῶς
859 2645 1094 2716 ήγγισεν
1128 2647 1210 2708 εἰς
1247 2644 1542 2715 Βηθφαγὴ,
1579 2645 1678 2698 καὶ
1707 2645 1815 2716 Βη-

1993 2643 2165 2701 Vsus.
2190 2645 2264 2701 29
2292 2647 2385 2702 40.
2423 2665 2444 2698 ι
2483 2645 2550 2700 Ει
2578 2647 2785 2702 factum
2819 2658 2906 2704 est
2938 2663 3064 2704 cum
3102 2651 3545 2720 appropinquas-

196 2733 398 2787 θανίαν
455 2735 595 2804 πρδς
642 2733 705 2789 τὸ
747 2734 873 2804 ὅρος
916 2736 979 2790 τὸ
1045 2737 1387 2807 καλούμενον
1430 2737 1681 2804 Ἐλαιῶν,
1711 2739 1815 2791 άπ-

1922 2747 2006 2792 set
2029 2738 2096 2790 ad
2130 2737 2448 2808 Belliphage
2485 2747 2540 2793 et
2593 2737 2921 2793 Detltaniam
2962 2739 3118 2809 juxta
3164 2752 3411 2797 montem
3453 2744 3546 2814 qui

214 2828 430 2882 έστειλε
462 2829 557 2882 δύο
586 2829 694 2884 τῶν
733 2832 993 2903 μαθητῶν
1023 2833 1194 2886 αὑτοῦ
1221 2834 1412 2886 εἰπών’
1431 2832 1708 2902 Ὑπάγετε
1739 2833 1815 2897 εἰς

1929 2839 2160 2887 vocatur
2187 2831 2488 2899 Olivarum,
2542 2831 2692 2888 misit
2738 2832 2877 2888 duos
2925 2822 3224 2902 discipulos
3272 2850 3422 2898 suos.
3463 2839 3548 2891 di-

196 2921 304 2991 τὴν
330 2922 618 2975 κατέναντι
653 2923 870 2994 κώμην,
889 2926 948 2977 ὲν
1043 2926 1521 2998 εἰσπορευόμενοι,
1549 2927 1815 2998 εὑρήσετε

1922 2937 2090 2978 cens:
2119 2921 2197 2978 lte
2237 2923 2292 2978 in
2317 2922 2601 2997 castellum
2643 2925 2788 2994 quod
2819 2941 2851 2980 e
2887 2926 3114 2995 regione
3133 2936 3238 2992 est,
3299 2928 3352 2981 in
3387 2929 3548 2995 Quod

200 3012 389 3065 πῶλον
424 3014 736 3084 δεδεμένον,
784 3017 872 3086 ἐφ’
921 3015 981 3068 δν
1023 3017 1201 3081 οὐδεὶς
1243 3018 1466 3072 πώποτε
1502 3019 1815 3090 ἀνθρώπων

1922 3014 2266 3069 introeuntes
2309 3015 2605 3070 invenietis
2624 3016 2831 3085 pullum
2867 3019 3062 3083 asinae,
3117 3017 3430 3087 alligatum,
3489 3020 3544 3075 in

199 3109 460 3163 ἐκάθισε·
494 3108 759 3173 λύσαντες
789 3110 955 3163 αὑτὸν
998 3110 1264 3179 ἀγάγετε,
1299 3112 1393 3165 καὶ
1429 3111 1527 3164 ἐάν
1557 3130 1641 3176 τις
1672 3112 1815 3181 ὑμᾶς

1926 3121 2034 3176 quo
2067 3122 2228 3163 nemo
2259 3124 2498 3178 unquam
2543 3108 2827 3161 hominum
2882 3109 3050 3163 sedit.
3101 3107 3310 3165 Solvite
3361 3110 3543 3178 illum,

197 3203 406 3275 ιρωτᾷ,
436 3201 590 3255 Διατί
613 3201 768 3256 λύετε
796 3220 811 3271 ;
841 3202 1015 3268 οὑτως
1039 3206 1215 3275 ἐρεῖτε
1240 3203 1500 3275 αύτῷ,ὃτι
1529 3205 1590 3258 ’0
1613 3204 1820 3276 Κύριος

196 3294 370 3349 αὑτοῦ
411 3295 606 3366 χρείαν
643 3295 778 3366 ἔχει.
821 3296 1179 3360 Ἀπελθόντες
1214 3297 1272 3350 δὲ
1305 3299 1355 3350 οἰ
1381 3297 1814 3370 ἀπεσταλμένοι,

197 3383 366 3459 εὗρον
415 3389 600 3453 καθὼς
656 3386 813 3443 εἶπεν
861 3391 1068 3453 αὐτοῖς.
1105 3391 1362 3444 Δυόντων
1393 3391 1451 3444 δὲ
1504 3392 1688 3446 αὐτῶν
1725 3392 1818 3446 τὸν

201 3481 413 3545 πῶλον,
446 3475 603 3532 εἷπον
629 3482 677 3533 οἰ
707 3481 888 3551 κύριοι
921 3481 1087 3534 αὑτοῦ
1121 3483 1262 3551 πρὸς
1293 3483 1491 3543 αὐτοὺς
1511 3497 1526 3513 ⁸
1565 3483 1632 3535 Τί
1659 3483 1818 3536 λύετε

196 3579 296 3631 τὸν
322 3578 534 3646 πῶλονς
564 3578 628 3631 Oi
652 3577 708 3631 δὲ
728 3574 885 3632 εἷπον
907 3595 920 3608 ·
959 3578 1019 3631 Ὀ
1041 3576 1245 3648 Κύριος
1268 3577 1436 3631 αὑτοῦ
1463 3578 1654 3649 χρείαν
1678 3579 1818 3648 ἔχει.

200 3674 316 3726 Καὶ
347 3673 555 3742 ἤγαγον
587 3672 750 3725 αὑτὸν
786 3673 925 3744 πρὸς
959 3670 1051 3725 τὸν
1090 3669 1326 3741 Ἰησοῦν,
1360 3673 1455 3724 καὶ
1485 3671 1818 3744 ὲπιρῤίῲαν-

198 3781 296 3828 τες
325 3765 538 3817 ἑαυτῶν
568 3764 638 3817 τὰ
665 3765 862 3834 ἱμάτια
892 3764 988 3816 ἐπὶ
1012 3762 1105 3815 τὸν
1135 3763 1336 3829 πῶλον,
1360 3762 1702 3816 ιπεσίὸασαν
1723 3763 1820 3816 τὸν

214 3855 450 3927 Ἰησοῦν.
512 3856 894 3925 Πορευομένου
941 3853 998 3906 δὲ
1034 3853 1229 3917 αὑτοῦ,
1291 3853 1716 3925 ὑπεστρώννυον
1749 3853 1820 3909 τά

215 3953 413 4020 ἰμάτια
443 3949 629 4003 αὑτῶν
659 3950 718 4001 έν
753 3951 820 4018 τῇ
850 3947 974 4016 όδῷ.
1025 3947 1372 4017 Ἑγγίζοντος
1423 3948 1479 4000 δὲ
1521 3947 1687 4001 αὑτοῦ
1717 3948 1817 4020 ήδη

203 4043 347 4115 πρὸς
373 4045 440 4114 τῇ
482 4041 786 4096 καταϐάσει
812 4041 904 4094 τοῦ
940 4041 1103 4112 ὄρους
1139 4042 1248 4095 τῶν
1289 4041 1541 4104 Ἐλαιῶν,
1584 4039 1820 4111 ἤρξαντο

204 4137 356 4191 ἅπαν
383 4137 446 4188 τὸ
479 4135 686 4205 πλῆθος
719 4134 830 4187 τῶν
877 4134 1144 4205 μαθητῶν
1169 4134 1481 4205 χαίροντες,
1516 4136 1692 4188 αἰνεῖν
1724 4135 1819 4188 τὸν

204 4231 340 4284 Θεὸν
377 4232 531 4301 φωνῇ
579 4229 790 4304 μεγάλῃ
818 4231 948 4300 περὶ
979 4229 1193 4295 πασῶν,
1227 4223 1303 4284 ὢν
1334 4225 1476 4283 εἶδον
1505 4229 1814 4300 δυνάμεων,

204 4325 461 4393 λέγοντες
481 4342 496 4356 ο
524 4324 904 4394 Εὐλογημένος
931 4323 960 4375 6
988 4323 1283 4394 ἐρχόμενος
1329 4323 1591 4387 Βασιλεὺς
1615 4325 1672 4375 ὲν
1697 4323 1819 4375 όνό-

210 4430 342 4480 ματι
357 4413 592 4484 Κυρίου.
622 4413 830 4484 Εἰρήνη
855 4415 912 4465 ὲν
938 4413 1177 4484 οὐρανῷ,
1199 4416 1293 4467 καὶ
1313 4415 1444 4482 δόξα
1461 4416 1519 4467 ὲν
1540 4414 1812 4485 ὑψίστοις.

1925 3207 1979 3252 et
2028 3198 2301 3254 adducite.
2360 3199 2427 3251 Et
2459 3199 2503 3252 si
2538 3197 2664 3266 quis
2714 3214 2812 3253 vos
2869 3199 3319 3268 interrogaverit,
3359 3199 3548 3267 Quare

1924 3289 2170 3346 solvitis?
2196 3291 2277 3345 sic
2303 3290 2500 3345 dicetis
2523 3290 2571 3344 ei
2598 3309 2610 3344 :
2637 3289 2777 3355 Quia
2808 3290 3077 3345 Dominus
3095 3306 3163 3346 eo
3191 3305 3330 3362 Opus
3356 3294 3543 3348 liabet.

1922 3381 2195 3437 Abierunt
2218 3391 2403 3442 autem
2437 3383 2528 3452 qui
2554 3383 2705 3437 missi
2731 3391 2914 3446 erant,
2943 3393 2997 3437 et
3040 3384 3370 3440 invenerunt
3401 3386 3548 3441 sicut

1923 3476 2144 3530 dixerat
2183 3476 2314 3531 illis.
2353 3476 2710 3531 Solventibus
2737 3483 2923 3530 autem
2964 3477 3072 3531 illis
3108 3477 3338 3546 pullum,
3375 3481 3548 3534 dixe-

1926 3578 2052 3622 runt
2084 3568 2290 3622 domini
2329 3567 2449 3636 eius
2486 3569 2553 3623 ad
2605 3569 2730 3622 illos
2771 3585 2785 3622 :
2827 3567 3009 3634 Quare
3043 3571 3256 3626 solvitis
3297 3571 3548 3640 pullum?

1921 3663 1992 3716 At
2022 3662 2099 3717 illi
2133 3648 2386 3717 dixerunt
2427 3679 2439 3714 ε
2474 3662 2615 3730 Quia
2651 3663 2918 3719 Dominus
2948 3680 3015 3719 eo
3059 3680 3198 3733 opus
3248 3666 3437 3722 liabet.
3474 3667 3546 3722 Et

1923 3758 2200 3810 duxerunt
2251 3755 2400 3809 illum
2445 3757 2513 3809 ad
2563 3754 2774 3823 .lesum,
2817 3766 2870 3811 et
2924 3755 3143 3824 injectis
3193 3760 3544 3816 vestimentis

1923 3851 2038 3905 suis
2070 3865 2237 3920 super
2258 3849 2490 3920 pullum,
2524 3849 2907 3920 imposuerunt
2932 3847 3142 3907 Iesum.
3169 3850 3341 3925 με
3362 3853 3543 3908 Ευηιιε

1923 3956 2103 4000 autem
2143 3943 2254 4009 illo,
2275 3944 2706 3999 substernebant
2738 3944 3069 3999 vestimenta
3112 3961 3209 4000 sua
3245 3948 3299 4000 in
3335 3947 3442 4001 via.
3478 3947 3545 4001 Et

1923 4053 2048 4092 cum
2082 4037 2551 4106 appr0pinquaret
2577 4035 2693 4106 jam
2729 4035 2795 4090 ad
2825 4034 3162 4091 descensum
3189 4040 3396 4092 montis
3422 4037 3542 4093 Oli-

1922 4145 2136 4193 varum,
2193 4137 2485 4198 cmperunt
2542 4129 2728 4183 omnis
2786 4128 3085 4184 multitudo
3143 4130 3540 4201 discipulorum
3577 4122 3592 4174 ³.

1923 4224 2222 4293 gaudentes
2243 4221 2465 4275 laudare
2493 4219 2666 4275 Deum
2687 4234 2820 4276 voce
2851 4235 3048 4292 magna
3081 4236 3251 4291 super
3278 4224 3540 4280 omnibus

1922 4331 2060 4386 quas
2093 4315 2348 4370 viderunt
2382 4315 2703 4380 virtutibus,
2736 4314 2987 4371 dicentes
3024 4333 3038 4370 :
3088 4314 3414 4372 Benedictus
3444 4319 3539 4388 qui

1925 4411 2073 4465 venit
2103 4409 2219 4465 Rex
2246 4409 2298 4464 in
2329 4409 2547 4463 nomine
2577 4408 2816 4463 Domini.
2849 4407 2962 4463 Pax
2995 4408 3051 4464 in
3087 4409 3252 4476 curio,
3278 4421 3336 4466 et
3365 4411 3542 4482 gloria

206 4506 318 4562 Καί
343 4524 488 4571 τινες
519 4506 631 4559 τῶν
658 4506 972 4577 Φαρισαίων
1011 4507 1123 4560 ἀπὸ
1172 4507 1269 4561 τοῦ
1291 4507 1453 4580 ὄχλου
1501 4505 1656 4561 εἷπον
1680 4510 1815 4580 πρὸς

1928 4505 1982 4555 in
2015 4502 2319 4557 altissimis.
2347 4500 2413 4556 Et
2435 4501 2656 4570 quidam
2684 4502 3088 4557 Pharisaeorum
3120 4518 3150 4558 e
3185 4505 3345 4558 turba
3379 4504 3538 4560 dixe-

208 4598 379 4652 αὑτόν
407 4616 420 4629 ·
463 4599 785 4662 Διδάσκαλε,
839 4601 1171 4670 ἐπιτίμησον
1198 4603 1314 4664 τοίς
1365 4601 1642 4672 μαθηταῖς
1695 4617 1812 4654 σου.

209 4694 324 4748 Καὶ
367 4693 694 4765 ἀποκριθεὶς
738 4688 894 4746 εἶπεν
936 4694 1124 4756 αὐτοῖς
1164 4710 1179 4722 ·
1224 4695 1388 4763 Λέγω
1421 4695 1574 4765 ὑμῖν,
1606 4695 1688 4747 ὅτι
1720 4693 1818 4748 ἐὰν

206 4778 358 4839 οὗτοι
393 4788 771 4856 σιωπήσωσιν,
819 4787 870 4839 οἱ
925 4787 1065 4840 λίθοι
1103 4789 1496 4857 κεκράξονται.
1553 4807 1572 4840 ι
1621 4788 1726 4842 Δύο
1759 4791 1818 4842 ὲν

206 4875 395 4945 ταυτῷ
425 4877 454 4930 6
477 4876 681 4948 Κύριος
705 4877 989 4948 ὑποδηλῶν
1020 4879 1113 4932 επὶ
1142 4878 1239 4932 τοῦ
1271 4879 1453 4932 πώλου
1488 4879 1723 4945 καθίζειο
1759 4878 1818 4934 ἐν

212 4969 334 5038 μὲν.
360 4969 587 5040 πληρῶν
611 4971 954 5041 προφητείαν
985 4971 1404 5041 τὴν.λέγουσαν,
1447 4971 1585 5026 Ἰδοὺ
1607 4976 1635 5026 6
1659 4973 1817 5043 βασι-

206 5060 333 5124 no,-
384 5078 478 5114 σου
526 5061 1102 5135 ἔρχεταιλκαθήμενος
1156 5066 1250 5119 ἐπὶ
1303 5064 1468 5118 δνου·
1512 5065 1704 5135 ἕτερον
1734 5065 1815 5130 δὲ,

204 5153 488 5227 τροπικῶς
524 5157 658 5225 ἡμῖν
693 5157 1091 5226 αἰνιττόμενος,
1123 5159 1208 5212 ὄτι
1245 5159 1574 5230 ἐπιϐήσεται
1607 5161 1699 5213 ἐπὶ
1727 5160 1819 5214 τὸν

206 5250 351 5311 νέον,
385 5249 480 5301 καὶ
523 5249 864 5324 ἀκάθαρτον,
914 5253 1007 5305 καὶ
1049 5253 1368 5322 άδάμαστον
1414 5253 1630 5308 ὲθνικὸν
1666 5255 1813 5308 λαόν.

207 5340 284 5393 Οὐ
320 5340 429 5411 γάρ
474 5341 650 5413 δήπου
695 5342 784 5396 διὰ
823 5343 886 5397 τὸ
940 5346 1041 5414 τῆς
1092 5345 1214 5399 ὀδοῦ
1261 5349 1438 5417 μῆκος
1489 5347 1664 5402 ἰδεϊτο
1717 5346 1816 5401 τοῦ

208 5434 509 5502 ὑποζυγίου
547 5451 560 5465 ’
606 5438 636 5490 ὁ
669 5438 781 5509 γὰρ
840 5441 1023 5494 πᾶσαν
1086 5441 1375 5497 Γαλιλαίαν
1411 5443 1819 5498 καὶἾουδαῐαν

208 5528 350 5598 πεζῇ
381 5527 832 5601 περιερχόμενος,
875 5533 994 5598 πῶς
1041 5535 1108 5588 ἂν
1137 5535 1248 5588 άπὸ
1283 5536 1561 5604 Βηθανίας
1591 5539 1672 5602 εἰς
1718 5536 1818 5590 'ls-

214 5621 499 5694 ρουεαλὴμ
519 5623 692 5689 διῖὼν,
726 5626 924 5698 ἐδεήθη
952 5627 1048 5681 τοῦ
1078 5630 1284 5695 πώλου,
1319 5630 1504 5699 ὀλίγου
1542 5633 1696 5696 ὑντος
1719 5631 1815 5684 τοῦ

210 5713 602 5785 διαστήματος,
633 5718 711 5783 ώς
762 5721 966 5784 πάντες
998 5721 1210 5788 ἰσασινς
1261 5722 1446 5797 Ὅπερ
1493 5719 1588 5778 οῦν
1633 5720 1813 5791 εἷπον,

217 5805 492 5868 ϊητικῶς
523 5807 697 5862 ταῦτα
736 5813 899 5867 ποιεῖ.
933 5811 1231 5884 Δεδεμένος
1263 5814 1320 5870 δὲ
1347 5811 1416 5886 ἦν
1447 5816 1475 5870 ό
1510 5815 1690 5883 πῶλος
1718 5821 1815 5872 καὶ

285 5920 360 5954 ι’*
389 5921 578 5980 .‘d-ualt.
621 5941 735 5992 xxt,
778 5927 832 5984 5.

1926 4605 2051 4649 runt
2094 4596 2160 4648 ad
2198 4595 2392 4648 illum:
2434 4595 2713 4664 Magister,
2767 4596 2992 4664 increpa
3039 4597 3340 4666 discipulos
3389 4605 3539 4653 tuos.

1921 4688 2131 4755 Quibus
2167 4689 2284 4758 ipse
2317 4690 2394 4742 ait
2433 4689 2611 4745 :Dico
2646 4691 2819 4753 vobis,
2861 4692 3006 4761 quod
3057 4691 3101 4746 si
3142 4691 3194 4744 1ιί
3241 4697 3541 4759 tacuerint,

1924 4798 2052 4837 mox
2094 4781 2306 4853 lapides
2359 4781 2696 4837 clamabunt.
2743 4801 2760 4833 ι
2805 4783 3070 4838 Dominus
3122 4799 3288 4854 super
3328 4785 3538 4855 pullum

1923 4879 2142 4941 sedens,
2181 4877 2289 4930 duo
2334 4876 2621 4930 declarat:
2659 4889 2825 4928 unum
2861 4877 3006 4945 quod
3037 4876 3258 4945 impleat
3299 4879 3539 4947 prophe-

1926 4971 2056 5024 tiam
2091 4971 2404 5025 dicentem:
2447 4987 2465 5020 ι
2495 4967 2633 5022 Ecce
2675 4980 2772 5020 rex
2797 4975 2926 5022 tuus
2963 4973 3113 5022 venit
3136 4968 3337 5024 sedens
3372 4985 3540 5039 super

1923 5064 2238 5131 asinam’“;
2264 5082 2284 5115 ι
2310 5062 2610 5118 semiudum
2630 5061 2939 5132 ﬁguraliter
2955 5062 3114 5117 nobis
3130 5064 3373 5118 insinuat
3390 5066 3538 5135 quod

1923 5137 2178 5224 sessurus
2209 5158 2283 5212 sit
2309 5171 2476 5229 super
2522 5170 2728 5211 novum
2761 5163 2819 5212 et
2854 5155 3182 5210 indomitum
3208 5167 3264 5209 et
3294 5156 3538 5210 immun-

1924 5253 2052 5306 dum
2090 5251 2350 5320 populum
2378 5249 2657 5320 gentilem.
2683 5245 2805 5304 Non
2831 5248 2979 5302 enim
3017 5247 3272 5302 videlicet
3310 5261 3412 5316 pro
3450 5248 3538 5301 iti-

1925 5346 2072 5400 neris
2110 5344 2446 5414 longitudine
2475 5344 2728 5413 jumento
2765 5357 2904 5411 opus
2955 5341 3214 5396 habebat.
3250 5340 3352 5408 Qui
3388 5342 3535 5394 enim

1921 5455 2020 5509 per
2074 5449 2242 5493 totam
2283 5436 2566 5492 Galilaeam
2622 5445 2678 5491 et
2730 5435 2976 5492 Judaeum
3045 5435 3285 5505 pedestri
3342 5435 3538 5488 itinere

1923 5533 2212 5596 circuibat,
2247 5528 2525 5600 quomodo
2565 5543 2594 5582 a
2629 5529 2894 5582 Bethania
2941 5523 3323 5595 inflerusalem
3350 5534 3534 5577 trans-

1926 5628 2043 5680 iens
2089 5635 2307 5695 rogaret
2346 5633 2406 5676 ut
2442 5623 2620 5691 pullus
2666 5623 2768 5676 sibi
2824 5623 3069 5688 daretur,
3130 5637 3254 5676 cum
3301 5635 3407 5672 non
3464 5616 3540 5671 sit

1925 5722 2075 5775 tanta
2106 5718 2389 5781 distantia,
2425 5725 2485 5770 ut
2523 5715 2708 5770 sciunt
2739 5715 2969 5770 omnes?
3001 5714 3261 5777 Proinde,
3297 5723 3357 5766 ut
3381 5710 3536 5764 dice-

1925 5820 2074 5885 bam,
2109 5815 2339 5887 mystica
2364 5821 2491 5869 sunt
2519 5814 2655 5868 hanc.
2691 5809 2923 5869 Vinctus
2964 5821 3146 5867 autem
3169 5818 3289 5866 erat
3325 5804 3534 5880 pullus,
