4228 6428
694 418 834 479 1035

1622 390 2204 461 THEOPIIYLACTI
2250 387 2660 451 BULGARLE
2700 384 3056 446 ARCHIEP.

3836 372 3977 440 1036

682 536 796 591 illi?
838 531 892 584 Si
926 526 1237 585 dircrimus,
1279 535 1355 573 ‘ex
1410 516 1747 578 hominibus,
1804 510 1956 579 plebs
2012 508 2261 559 universa

2394 506 2469 556 ιὺκ
2513 499 2871 555 ἐπιστεύσατε
2922 497 3109 566 αὖτῷς
3163 494 3256 549 ἐὰν
3287 497 3338 549 δέ
3372 496 3639 564 εἴπωμεν,
3675 492 3733 559 ἐξ
3762 492 3982 561 ἀνθρὼ-

680 625 939 697 lapidabit
973 636 1102 674 nos:
1138 628 1454 686 persuasum
1474 610 1619 663 enim
1658 606 1821 659 habet
1850 599 2119 655 Joannem
2145 614 2272 663 [tru-

689 723 899 788 phetam
928 726 1068 768 esse.
1104 706 1590 773 Et'responderuut
1613 713 1671 752 se
1702 694 1916 748 nescire
1942 692 2083 744 unde
2104 694 2270 743 esset.

684 784 749 865 lit
779 809 936 864 Jesus
970 804 1046 859 ait
1080 802 1222 855 illis:
1252 796 1438 865 Neque
1478 805 1580 860 ego
1615 789 1738 842 dico
1760 784 1915 840 vobis
1953 796 2056 851 qua
2090 790 2277 833 aucto-

684 906 847 957 ritate
894 900 1008 951 haec
1046 894 1263 947 faciam.
1308 907 1326 939 ι
1368 886 1525 942 Iesus
1566 882 1802 951 gloriose
1844 875 2147 930 Jerusalem
2194 872 2277 924 in-

684 1007 929 1063 gressus,
956 1002 1066 1042 suae
1087 981 1430 1038 auctoritatis
1454 974 1718 1028 indicium
1752 969 1907 1033 facit,
1934 964 2277 1035 repurgando

690 1089 907 1137 domum
940 1078 1113 1131 Patris
1157 1074 1238 1127 sui
1272 1088 1298 1123 a
1334 1063 1767 1134 negotiatoribus
1805 1077 1821 1115 :
1855 1056 2106 1127 quamvis
2139 1063 2193 1107 et
2219 1056 2274 1106 in

687 1174 955 1247 principio
986 1162 1387 1239 prmdieationis
1444 1161 1545 1213 huc
1586 1155 1798 1213 fecerit,
1845 1151 1992 1204 sicut
2041 1146 2278 1201 Joannes

686 1274 859 1323 dicit:
900 1276 950 1319 et
982 1237 1176 1315 iterum
1212 1270 1353 1310 nunc
1389 1251 1634 1308 set-uuln
1676 1246 1807 1299 facit
1840 1262 1853 1297 :
1910 1242 1964 1295 id
2016 1239 2161 1309 quod
2210 1237 2278 1290 ad

692 1365 951 1431 majorem
1007 1355 1319 1408 Judaeorum
1378 1342 1785 1400 accusationem
1826 1336 2095 1406 pertinet,
2136 1330 2279 1399 quod

691 1458 867 1525 primo
900 1462 999 1503 suo
1026 1446 1264 1497 adu-mu
1302 1453 1408 1491 non
1446 1434 1650 1488 fuerint
1692 1430 1818 1483 facti
1854 1423 2277 1486 entendatiorcs,

682 1560 745 1603 et
775 1542 1076 1598 manserint
1119 1535 1219 1605 ipsi
1254 1532 1616 1601 negotiatores
1638 1567 1651 1588 ,
1704 1525 1853 1577 illum
1888 1521 1977 1574 Dei
2016 1520 2274 1572 adversa-

689 1641 826 1696 rium
852 1639 1117 1697 dicentes,
1155 1642 1275 1681 cum
1308 1624 1524 1678 Patrem
1571 1629 1627 1674 et
1666 1619 1833 1671 Deum
1871 1614 2110 1668 maxime
2139 1610 2284 1664 cole-

692 1743 797 1794 ret,
824 1731 976 1783 itaut
1005 1734 1060 1780 et
1103 1724 1319 1776 domum
1365 1714 1513 1769 illius
1555 1727 1582 1764 a
1622 1708 2057 1780 negotiatoribus
2092 1718 2280 1771 repur-

692 1838 871 1898 gatam
903 1816 1155 1873 voluerit.
1194 1812 1407 1867 Idcirco
1441 1816 1498 1861 et
1525 1806 1723 1858 Isaiam
1770 1800 2021 1862 inducit,
2052 1797 2143 1864 qui
2179 1808 2276 1849 eos

2376 613 2515 661 πων,
2563 596 2669 657 πᾶς
2725 597 2754 645 ὸ
2806 590 2935 653 λαὸς
2967 590 3318 643 καταλιθάσει
3362 590 3546 659 ἡμᾶς,
3601 583 3983 654 πεπεισμένα

2379 688 2486 757 γάρ
2518 689 2636 739 ἐστι
2667 686 2758 737 τὸν
2803 684 3061 753 Ἰωάννην
3088 680 3382 752 προφήτην
3402 676 3567 735 εἶναι.
3603 680 3711 731 Καὶ
3742 676 3983 746 an.qu-

2377 780 2550 849 θησαν
2575 778 2650 848 μὴ
2670 778 2873 831 εἰδέναι
2906 776 3092 831 πόθεν.
3126 775 3239 827 Καὶ
3265 774 3295 827 ὁ
3331 771 3541 841 Ἰησοῦς
3560 767 3717 823 εἶπεν
3749 770 3940 830 αὐτοῖς
3962 784 3978 799 ο

2378 874 2513 927 Οὑδέ
2545 873 2657 939 ἐγὼ
2686 870 2831 938 λέγω
2867 870 2999 940 ὑμῖν
3026 872 3086 921 ἐν
3120 870 3253 937 ποίᾳ.
3282 863 3513 936 ἐξουσίᾳ
3537 862 3713 917 ταῦτα
3751 861 3916 915 ποιῶ.
3955 880 3976 911 ε

2390 967 2480 1019 Ἐν
2511 964 2638 1035 δόξῃ
2681 961 2945 1016 είσελθὼν
2978 965 3006 1015 ό
3045 960 3251 1031 Κύριος
3294 960 3395 1028 τὴν
3432 956 3797 1027 Ἰερουσαλὴμ
3818 998 3831 1017 ,
3866 958 3983 1013 τοῖς

2380 1059 2587 1119 οἰκείας
2619 1056 2912 1118 αὑθεντίας
2957 1057 3188 1107 ποιεῖται
3223 1051 3444 1119 δεῖγμα,
3488 1050 3549 1101 τὸ
3578 1049 3670 1102 τὶν
3702 1046 3857 1101 οἷκον
3882 1047 3982 1098 τοῦ

2384 1150 2599 1219 ιῖατρδς
2628 1148 2795 1202 αὐτοῦ
2831 1146 3188 1217 ἐκκαθαίρειν
3226 1144 3335 1196 τῶν
3371 1140 3822 1209 καπηλευόντων,
3853 1137 3980 1191 καί·

2380 1260 2463 1296 τοι
2508 1243 2602 1295 καὶ
2640 1244 2696 1293 ἐν
2740 1240 2883 1310 ἀρχῇ
2916 1238 3012 1291 τοῦ
3058 1236 3419 1306 κηρύγματος
3458 1232 3619 1285 τοῦτο
3650 1230 3984 1300 πεποίηκεν,

2382 1338 2458 1400 ὡς
2505 1337 2759 1405 Ἰωάννης
2797 1334 2953 1402 φησί,
2983 1335 3075 1384 καὶ
3108 1332 3272 1383 πάλιν
3304 1329 3401 1381 νῦν
3432 1326 3590 1379 τοῦτο
3624 1328 3689 1378 ἐκ
3719 1325 3984 1394 δευτέρου

2383 1428 2547 1485 ποιεῖ,
2578 1426 2607 1476 ὃ
2652 1426 2746 1477 καὶ
2779 1426 2916 1493 πρὸς
2948 1422 3125 1493 μείζω
3172 1420 3514 1491 κατηγορίαν
3549 1417 3659 1469 τῶν
3710 1415 3987 1469 ἰουδὶίων

2383 1519 2534 1572 ἐστὶν
2588 1520 2669 1570 ὃτι
2700 1518 2821 1570 οὐδὲ
2864 1519 2972 1569 ἀπὸ
3001 1518 3099 1584 τῆς
3152 1515 3425 1585 προτέρας
3464 1509 3629 1564 αὑτοῦ
3667 1508 3988 1578 παρρησίας

2382 1609 2892 1680 ἐσωφρονίσθησαν,
2918 1608 3033 1659 ἀλλ’
3055 1607 3322 1675 ἐπέμενον
3346 1606 3412 1672 τῇ
3440 1600 3738 1671 καπηλεία,
3772 1600 3869 1650 καὶ
3895 1599 3991 1650 άν-

2381 1704 2559 1757 τίθεον
2597 1702 2765 1755 αὑτὸν
2796 1701 2984 1769 ἔλεγον
3016 1700 3107 1751 τὸν
3134 1698 3308 1759 οὕτως
3340 1694 3593 1763 τιμῶντα
3633 1693 3727 1745 τὸν
3764 1691 3991 1761 Πατέρα

2383 1799 2478 1850 καὶ
2517 1796 2673 1861 Θεὸν,
2702 1796 2777 1858 ὡς
2824 1795 2920 1847 καὶ
2949 1794 3043 1845 τὸν
3073 1788 3224 1844 οἷκον
3271 1790 3439 1844 αὐτοῦ
3476 1787 3835 1857 ἐκκαθαίρειν
3880 1784 3991 1835 τῶν

693 1877 907 1989 ἔγκασι,
960 1914 1232 1967 dicentem
1266 1924 1279 1960 :
1319 1904 1521 1958 Domus
1554 1912 1675 1952 mea
1718 1896 1915 1955 domus
1946 1889 2280 1962 precationis

2394 1890 2845 1959 καπηλευόντων.
2877 1887 2967 1939 Διὸ
2998 1888 3089 1939 καὶ
3117 1887 3206 1938 τὸν
3251 1885 3479 1938 Ἠσαίαν
3511 1884 3697 1944 αὐτοῖς
3729 1877 3990 1947 ἐπιφέρει

692 1981 975 2067 vocabitur
999 2003 1040 2056 ³.
1072 2004 1141 2057 At
1170 1998 1247 2053 illi
1276 1994 1449 2055 stulte
1473 1992 1822 2056 interrogant
1844 2000 1993 2048 eum,
2031 1981 2148 2049 Qua
2189 1996 2284 2033 au-

693 2103 949 2161 ctoritate
980 2097 1093 2151 hare
1118 2089 1295 2146 facis?
1322 2084 1575 2159 quamvis
1606 2080 1745 2136 satis
1787 2076 2091 2146 intelligere
2123 2082 2281 2143 pote-

694 2208 839 2253 rant.
878 2191 1145 2259 Quoniam
1178 2185 1325 2240 enitn
1354 2178 1737 2250 propheticum
1777 2172 1983 2226 dictum
2018 2167 2281 2232 subdidit,

696 2290 837 2363 quod
864 2296 1094 2342 testatur
1117 2281 1337 2335 domum
1380 2272 1475 2328 Dei
1509 2273 1730 2327 domqu
1761 2264 2096 2338 precationis
2140 2274 2283 2321 esse.

696 2354 807 2440 non
845 2377 1147 2450 emporium
1180 2384 1234 2427 et
1273 2366 1585 2441 speluncam
1636 2363 1934 2424 latronum,
1986 2354 2287 2425 negotiatio

696 2478 841 2533 enim
867 2485 921 2529 et
953 2469 1180 2525 avaritia
1205 2467 1478 2520 latronum
1505 2469 1608 2525 est,
1650 2456 1777 2526 quid
1803 2462 1994 2524 postea
2017 2464 2155 2519 opus
2196 2461 2284 2501 ro—

698 2584 828 2643 gare
851 2582 973 2623 eum
1002 2578 1105 2633 qua
1164 2558 1491 2614 auctoritate
1524 2554 1640 2607 haec
1673 2546 1887 2603 faciat?
1921 2542 2102 2599 Facile
2139 2540 2284 2595 enim

702 2631 1031 2731 conjectare
1055 2658 1306 2724 poterant
1340 2660 1407 2701 ex
1462 2642 1625 2699 dictis
1657 2640 1939 2710 propheta
1966 2631 2112 2704 quod
2146 2631 2287 2683 Deus

710 2724 824 2808 ι.ωέ
869 2751 1116 2819 jusserit.
1161 2744 1231 2796 At
1281 2739 1360 2794 illi
1410 2740 1771 2801 interrogant,
1801 2729 1920 2795 Qua
1960 2724 2290 2781 auctoritate

702 2846 838 2902 facis
871 2817 1025 2897 hare?
1054 2838 1163 2891 Lex
1186 2875 1201 2899 ,
1234 2832 1509 2901 inquiunt,
1535 2828 1618 2881 his
1648 2825 1740 2895 qui
1773 2838 1803 2877 a
1840 2821 1970 2875 Levi
2020 2817 2289 2887 originem

702 2941 993 2998 deducunt,
1057 2928 1241 3001 templi
1303 2922 1755 2995 gubernationem
1826 2912 2098 2986 permittit
2152 2928 2166 2964 :
2234 2918 2288 2961 tu

700 3044 853 3095 vero,
888 3041 1012 3082 cum
1048 3039 1112 3078 ex
1155 3000 1297 3075 tribu
1329 3015 1459 3073 Levi
1488 3028 1594 3069 non
1650 3009 1969 3071 descendas,
2018 3000 2291 3074 quomodo

701 3094 1047 3179 sacerdotum
1080 3114 1170 3184 jus
1223 3110 1317 3166 tibi
1353 3119 1603 3177 usurpas,
1633 3111 1687 3158 et
1719 3102 1834 3156 haec
1856 3097 2035 3153 facis?
2066 3094 2289 3159 Verum,

702 3228 736 3268 ο
779 3212 985 3271 ludzce,
1031 3217 1245 3261 memor
1301 3208 1423 3256 esto
1480 3195 1607 3265 quid
1658 3192 1819 3266 551
1858 3189 2027 3242 David
2074 3186 2219 3240 dicat
2274 3200 2289 3238 :

704 3303 785 3359 Tu
848 3316 909 3356 es
982 3296 1237 3353 sacerdos
1288 3293 1340 3345 in
1391 3300 1657 3345 aeternum
1698 3281 1997 3339 secundum
2046 3279 2293 3332 ordinem

705 3391 1101 3452 Melchisedech
1166 3387 1207 3441 ⁸,
1280 3379 1671 3438 Melchisedech
1734 3386 1915 3431 autem
1973 3373 2151 3426 dictus
2213 3378 2298 3422 est

704 3487 958 3545 sacerdos
1010 3500 1023 3537 :
1071 3475 1470 3535 Melchisedech
1525 3489 1652 3527 vero
1715 3484 1821 3523 nou
1884 3467 1984 3520 fuit
2032 3463 2297 3518 sacerdos

706 3579 1002 3637 secundum
1056 3576 1255 3643 legem,
1298 3583 1471 3637 neque
1521 3582 1583 3619 ex
1638 3563 1783 3617 tribu
1839 3558 2104 3613 Levitica.
2142 3554 2294 3621 Qun-

706 3670 869 3727 modo
913 3669 1058 3723 enim
1092 3671 1275 3735 posset
1303 3661 1405 3714 hoc
1439 3657 1568 3721 dici,
1602 3670 1723 3709 cum
1778 3650 1940 3704 fuerit
1974 3647 2158 3701 multis
2195 3658 2298 3698 sa:-

705 3765 842 3820 culis
883 3770 1011 3813 ante
1061 3755 1232 3811 Levi?
1269 3751 1508 3814 Deinde,
1548 3747 1678 3818 quid
1724 3742 1926 3815 quzeris
1987 3742 2039 3795 in
2070 3738 2295 3793 Christo

706 3857 950 3914 ordinem
993 3849 1163 3918 legis?
1196 3845 1342 3901 Deus
1375 3842 1583 3912 legibus
1621 3853 1727 3892 non
1758 3844 1841 3891 est
1866 3833 2139 3888 subditus.
2190 3829 2297 3882 Im-

707 3949 952 4020 perabat,
1004 3958 1128 3999 cum
1194 3950 1405 4008 tempus
1460 3942 1631 3995 esset,
1688 3926 2006 3985 sacerdotes
2052 3938 2175 3978 esse
2230 3935 2297 3975 ex

706 4042 851 4098 tribu
888 4037 1015 4093 Levi
1062 4054 1074 4090 :
1123 4048 1267 4088 nunc
1310 4027 1572 4084 transfert
1621 4025 1763 4079 hanc
1804 4022 2010 4089 legem,
2064 4026 2119 4072 et
2158 4030 2297 4087 pra-

707 4136 813 4191 fert
888 4129 1249 4187 sacerdotium
1310 4120 1747 4184 Melchisedech;
1810 4120 2100 4186 propterea
2150 4109 2299 4178 ejicit

706 4235 953 4282 ementes
1003 4230 1059 4277 et
1100 4217 1396 4273 vendenzes
1448 4214 1515 4267 ad
1556 4207 1975 4265 sacriﬁcandum
2010 4202 2295 4267 animalia,

707 4321 850 4375 sicut
879 4328 1009 4370 oves
1047 4321 1102 4367 et
1131 4307 1435 4365 columbas.
1468 4304 1549 4358 Ad
1581 4303 1693 4358 haec
1716 4298 2024 4355 decentiam
2048 4304 2104 4351 et
2124 4295 2299 4349 hone-

706 4422 903 4467 statem
953 4405 1137 4474 templi
1198 4400 1454 4456 vindicat.
1496 4396 1726 4465 Insuper
1754 4402 1811 4447 et
1871 4393 1976 4447 hoc
2028 4386 2295 4450 ostendit,

706 4501 850 4572 quod
888 4516 994 4553 non
1028 4498 1166 4551 ultra
1199 4490 1519 4547 animalium
1563 4484 1851 4541 sacriﬁciis
1887 4480 2092 4552 placari
2126 4478 2292 4531 Deum

2395 1984 2710 2053 κατήγορον
2742 1980 2973 2048 λέγοντα
3001 1998 3014 2011 υ
3069 1980 3128 2033 '0
3152 1975 3303 2041 οἶκός
3338 1996 3442 2049 μου
3491 1972 3640 2040 οἶκος
3673 1970 3994 2044 «pessuli;

2386 2073 2745 2143 κληθήσεται.
2779 2066 2859 2124 οῖ’
2882 2072 2940 2124 δέ
2970 2072 3215 2142 ἀνοήτως
3266 2069 3623 2141 ἐπερωτῶσιν
3649 2068 3817 2119 αὑτὸν
3838 2105 3853 2128 ,
3901 2062 3995 2114 Ἐν

2389 2167 2521 2238 ποίᾳ
2550 2166 2770 2235 ἐξουσίᾳ
2793 2163 2967 2217 ταῦτα
3000 2164 3210 2226 ποιεῖςς
3241 2163 3435 2215 Καίτοι
3452 2161 3581 2231 ἐξῆν
3610 2158 3876 2228 ἐννοῆσαι
3894 2154 3996 2208 αὑ·

2387 2258 2533 2321 τούς.
2562 2254 2689 2312 Ὀτι
2715 2258 2838 2309 ἐπεὶ
2869 2254 3218 2326 προφητικὴν
3249 2254 3409 2325 ῥῆσιν
3441 2254 3733 2322 παρήγαγε
3780 2266 3999 2319 μαρτυ-

2391 2349 2616 2422 ροῦσαν,
2655 2351 2738 2402 ὅτι
2762 2352 2791 2402 ὁ
2820 2345 2969 2412 οῖκος
2998 2346 3092 2400 τοῦ
3126 2346 3265 2399 Θεοῦ
3294 2341 3442 2407 οίκος
3467 2343 3783 2414 προσευχῆς
3814 2344 3994 2403 ἐστιν,

2390 2445 2493 2497 οὐκ
2524 2443 2816 2513 ἐμπόριον,
2855 2441 2949 2494 καὶ
2986 2440 3251 2511 σπήλαιον
3283 2437 3518 2512 λῃστῶν·
3554 2435 3852 2507 λῃστρικὸν
3880 2433 3999 2502 γὰρ

2390 2537 2424 2604 ὴ
2465 2534 2769 2601 πλεονεξία,
2796 2534 2893 2587 καὶ
2922 2531 3199 2603 καπηλεία
3223 2569 3240 2596 ,
3266 2531 3354 2594 τίς
3383 2528 3570 2604 λοιπὸν
3597 2528 3758 2599 χρεία
3780 2527 3993 2595 ἐρωτᾷι

2390 2602 2553 2683 αὑτὸν
2581 2630 2640 2682 ἐν
2674 2628 2805 2697 ποίᾳ
2832 2626 3053 2697 ἐξουσία
3076 2623 3257 2679 ταῦτα
3308 2602 3489 2687 ποιεῖς
3544 2620 3771 2689 ῑτοιμον
3794 2620 3905 2686 γάρ
3938 2615 4001 2669 δν

2392 2723 2738 2792 λογίσασθαι,
2769 2724 2896 2775 ὅτιὸ
2930 2722 3063 2785 Θεὸς
3096 2720 3274 2774 ταῦτα
3303 2717 3518 2771 κελεύει
3539 2716 3631 2769 διά
3655 2713 3751 2767 τοῦ
3780 2714 4003 2781 προφήο

2392 2832 2510 2869 του.
2532 2815 2595 2869 Ui
2608 2816 2686 2879 δέ,
2705 2815 2797 2868 Ἐν
2815 2815 2945 2884 ποίᾳ
2960 2813 3183 2883 ἐξουσίᾳ
3196 2811 3370 2864 ταῦτα
3398 2809 3569 2869 ποιεῖς
3588 2848 3602 2870 ,
3620 2804 3923 2876 ἐρωτῶσιν.
3943 2804 4004 2856 Ὀ

2395 2911 2581 2981 νόμος,
2608 2907 2767 2978 φασὶ,
2788 2908 2902 2969 τοῖς
2925 2909 2991 2957 ἐκ
3018 2902 3150 2957 Λευῖ
3169 2899 3569 2970 καταγομένοις
3598 2899 3699 2965 τὴν
3723 2894 3820 2949 τοῦ
3846 2893 4004 2965 ἱεροῦ

2393 3002 2760 3069 διακόσμησιν
2796 2993 3067 3067 ἐπέτρεψε
3092 3007 3107 3022 ·
3136 2995 3200 3047 σὺ
3233 2992 3308 3063 μὴ
3335 2989 3712 3057 καταγόμενος
3738 2990 3805 3037 ἐκ
3835 2987 4000 3039 Λευῖ-

2395 3094 2557 3163 τικῆς
2591 3090 2789 3162 φυλῆς,
2832 3087 2953 3152 πῶς
2987 3084 3165 3140 ταῦτα
3204 3085 3380 3144 ποιεῖς
3410 3122 3428 3145 ,
3474 3082 3569 3135 καὶ
3625 3081 3694 3132 τά
3745 3079 4007 3148 ἱερατικὰ

2399 3189 2669 3259 ἁρπάζεις
2692 3202 2708 3252 ;
2740 3184 2884 3238 Ἀλλ’
2895 3180 3311 3251 ἀναμνήσθητε,
3344 3176 3617 3237 Ἰουδαῖοι,
3636 3172 3889 3239 λέγοντος
3905 3169 4006 3221 τοῦ

2399 3279 2586 3343 Δαυῖδ,
2646 3278 2721 3331 Σὺ
2767 3278 2950 3348 ἱερεὺς
2985 3275 3064 3338 είς
3122 3274 3216 3326 τὸν
3270 3271 3445 3327 αἰῶνα
3502 3268 3648 3321 κατὰ
3699 3264 3797 3334 τὴν
3846 3262 4009 3328 τάξιν

2399 3370 2739 3442 Μελχισεδέκ
2772 3386 2785 3400 ο
2835 3365 3175 3437 Μελχισεδὲκ
3226 3364 3283 3417 δὲ
3331 3363 3553 3433 εἴρηται
3621 3356 3838 3427 Ιιερεύς⁹
3870 3358 3901 3408 ὁ
3950 3355 4009 3407 δὲ

2399 3462 2747 3534 Μελχισεδὲκ
2781 3460 2844 3513 οὐ
2881 3458 3025 3512 κατὰ
3076 3458 3247 3526 νόμον
3273 3450 3343 3525 ἦν
3392 3452 3596 3525 ἱερεὺς,
3632 3448 3754 3503 οὐδὲ
3788 3450 3856 3499 ἐκ
3907 3446 4011 3514 τῆς

2400 3557 2695 3626 Λευῖτικῆς
2729 3553 2925 3625 φυλῆς.
2955 3549 3080 3613 [Ιῶς
3107 3550 3240 3618 γὰρ,
3276 3548 3334 3611 δς
3356 3547 3786 3618 προγενέστερος
3813 3537 3882 3612 ἦν
3912 3540 4009 3593 τοῦ

2398 3651 2530 3707 Aea?
2586 3649 2878 3716 τοσοῦ-ξονς
2937 3647 3048 3701 Καὶ
3084 3644 3295 3708 λοιπὸν,
3344 3642 3398 3694 τί
3450 3642 3635 3711 ζητεῖς
3685 3642 3743 3692 ἐν
3779 3636 4011 3707 Χριστῷ

2398 3747 2499 3815 τὴν
2532 3743 2691 3810 τάξιν
2731 3741 2827 3795 τοῦ
2878 3742 3085 3811 νόμου;
3118 3738 3253 3800 Θεὸς
3302 3735 3487 3805 νόμοις
3527 3734 3627 3803 οὐχ
3687 3731 4007 3783 ὑπόκειται.

2402 3838 2746 3908 Προσέταξεν
2778 3838 2867 3889 ὅτε
2898 3834 3094 3903 καιρὸς
3124 3827 3213 3903 ἦν,
3247 3833 3312 3884 ἐκ
3333 3830 3629 3898 Λευῖτικῆς
3656 3820 3798 3879 εἶναι
3832 3824 4011 3892 φυλῆς

2401 3934 2532 3994 τοὺς
2575 3932 2763 4002 ἱερεῖς,
2818 3927 2915 3980 νῦν
2947 3917 3279 3996 μετατάττει
3324 3922 3518 3975 τοῦτον
3549 3921 3642 3973 τὸν
3680 3918 3875 3988 νόμον,
3913 3916 4011 3971 καὶ

2400 4032 2501 4103 τὴν
2535 4030 2632 4082 τοῦ
2672 4026 3021 4098 Μελχισεδὶκ
3066 4021 3373 4094 ίερωσὺνην
3430 4016 3742 4088 προκρίνει,
3797 4015 3881 4066 διὸ
3914 4014 4011 4065 καὶ

2401 4122 2655 4177 ἐκῦάλλει
2688 4122 2816 4184 τοὺς
2853 4117 3182 4180 πωλοῦντας
3227 4114 3324 4168 καὶ
3364 4111 3741 4181 ἀγοράζοντας
3768 4108 3841 4159 τὰ
3872 4107 4009 4175 πρὸς

2401 4218 2595 4271 θυσίαν
2639 4215 2777 4280 ζῶα,
2817 4208 2932 4266 οἷον
2965 4210 3250 4283 πρόϐατα,
3294 4224 3384 4261 κα.
3438 4203 3774 4276 περιστεράς
3801 4218 3814 4229 ’
3870 4199 4011 4270 μετὰ

2402 4312 2497 4363 καὶ
2527 4310 2621 4361 τοῦ
2663 4308 2765 4379 τὴν
2818 4306 3184 4375 εὐπρέπειαν,
3220 4303 3317 4356 καὶ
3356 4302 3417 4354 τὸ
3471 4296 3751 4367 εὔσχημον
3782 4292 3864 4362 τῷ
3897 4291 4010 4359 ναῷ

2403 4400 2853 4471 περ.ποιείσθαι,
2892 4399 2973 4451 ἐτι
3024 4398 3120 4451 καὶ
3172 4391 3331 4447 τοῦτο
3382 4388 3732 4451 ὑποδεικνὺς,
3790 4386 3877 4438 δτι
3912 4385 4009 4436 οὐκ

2404 4495 2485 4547 ἔτι
2515 4496 2635 4557 ταῖς
2684 4491 3012 4557 ζωοθυσίαις
3062 4490 3145 4543 δεῖ
3176 4489 3268 4541 τὸν
3294 4484 3429 4539 Θεὸν
3456 4479 3864 4550 ἐξιλάσκεσθαι
3921 4496 4008 4530 πι·

705 4570 853 4650 credi
882 4592 1094 4646 debeat.
1123 4586 1292 4657 Igitur
1323 4580 1578 4653 quamvis
1608 4578 1661 4633 in
1696 4585 1951 4647 promptu
1982 4583 2128 4627 esset
2150 4571 2290 4641 quod

2410 4587 2643 4639 στεύειν.
2677 4582 2784 4637 Ἦν
2818 4584 2917 4654 μὲν
2943 4577 3040 4636 οὖν
3079 4581 3303 4651 ἕτοιμον
3345 4575 3427 4647 τῷ
3461 4573 3657 4645 Κυρίῳ
3697 4571 4008 4642 ἀποκρίνα-

706 4688 788 4741 eis
816 4682 1169 4753 responderet
1200 4675 1483 4739 Dominus,
1520 4672 1665 4727 sicut
1692 4670 1898 4724 dictum
1932 4676 2038 4731 est,
2062 4674 2120 4720 et
2145 4663 2296 4718 dice-

710 4788 800 4833 ret
833 4778 976 4846 quod
1010 4773 1273 4843 propheta
1308 4770 1445 4833 haec,
1484 4766 1593 4819 imo
1626 4762 1768 4817 Deus
1812 4759 2098 4831 praecipiat
2147 4774 2164 4812 :
2200 4771 2298 4809 ve-

710 4879 1013 4925 rumtamen
1043 4875 1102 4917 ut
1122 4862 1374 4917 ostendat
1402 4861 1481 4913 eis
1507 4854 1649 4925 quod
1680 4867 1896 4922 semper
1919 4850 2298 4904 inobedieutes

707 4963 817 5017 sint
875 4956 1101 5027 Spiritui
1151 4961 1364 5017 sancto,
1396 4959 1451 5005 et
1504 4964 1613 5003 non
1662 4944 1825 5000 modo
1873 4943 2143 4999 noluerint
2179 4954 2297 4994 cre-

708 5057 835 5110 dere
890 5053 1040 5107 lsaite
1090 5048 1259 5105 veteri
1314 5046 1629 5117 prophetae,
1675 5042 1836 5111 cujus
1888 5038 2032 5094 forte
2086 5051 2296 5093 memo-

710 5146 846 5200 riam
885 5162 992 5198 Itutt
1053 5141 1348 5203 habebant,
1401 5136 1497 5193 sed
1554 5150 1624 5190 ne
1662 5134 1860 5190 Joatini
1914 5131 2137 5202 quidem
2184 5130 2303 5183 viro

709 5244 1045 5311 evangelieo,
1102 5239 1433 5304 minimeque
1465 5232 1714 5297 carnali,
1776 5232 1868 5303 qui
1922 5246 2095 5299 nuper
2133 5244 2302 5297 appu-

712 5346 939 5398 ruerat,
1003 5330 1381 5395 crediderint,
1460 5336 1746 5397 propterea
1816 5325 2301 5395 interrogationem

713 5428 855 5481 hanc
913 5426 1276 5478 atltttirulitttte
1348 5421 1563 5488 dignam
1633 5419 1780 5482 facit,
1840 5433 1945 5485 qua
2004 5426 2059 5469 et
2109 5414 2303 5470 cohfu-

714 5531 793 5576 tat
850 5521 989 5573 illos.
1042 5516 1295 5572 Οεεειιιιὶι
1355 5524 1534 5567 autem
1588 5522 1641 5567 et
1700 5514 1859 5567 nobis
1906 5513 2048 5582 quod
2100 5512 2144 5564 si
2210 5508 2302 5562 tali

709 5616 990 5685 propheta:
1016 5610 1232 5674 Joanni,
1258 5610 1349 5680 qui
1399 5608 1571 5675 major
1598 5622 1656 5663 se
1689 5607 2011 5667 habebatur,
2046 5622 2149 5661 non
2188 5619 2306 5657 crc-

713 5710 968 5762 diderunt
1013 5707 1080 5758 de
1145 5705 1261 5772 ipso
1294 5701 1589 5768 testificati,
1642 5701 1916 5771 quomodo
1963 5700 2067 5755 sibi
2118 5707 2306 5755 esSent

792 5888 813 5919 ³
861 5886 1093 5952 Ιεσ,ι.νι,
1133 5882 1184 5935 7.
1265 5881 1285 5913 ⁸
1326 5880 1469 5934 I'sal.
1498 5896 1609 5947 εις,
1641 5880 1696 5933 4.
2166 5846 2186 5876 ⁸

2408 4678 2533 4733 σθαι
2565 4678 2702 4749 πρὸς
2734 4678 2959 4737 αὐτοὺς,
2991 4673 3254 4742 καθάπερ
3280 4671 3529 4741 εἴρηται,
3559 4669 3657 4718 καὶ
3687 4666 3897 4728 εἰπεῖν,
3926 4664 4006 4715 ὅτι

2418 4770 2479 4823 '0
2509 4771 2796 4840 προφήτης
2830 4766 3025 4831 ταῦτα,
3055 4764 3258 4835 μᾶλλον
3296 4761 3353 4815 δέ
3377 4762 3406 4813 ὁ
3432 4759 3568 4823 Θεὸς
3598 4756 4002 4811 διακελεύεται·

2406 4864 2549 4932 πλὴν
2588 4863 2673 4914 ἵνα
2706 4860 2856 4930 δείξῃ
2904 4859 3127 4921 αὐτοὺς,
3173 4856 3257 4909 ὅτι
3303 4854 3536 4908 πάντοτε
3600 4847 3900 4904 ἀπειθοῦσι
3938 4845 4015 4917 τῷ

2409 4958 2697 5027 ΙΙνεύματι
2728 4954 2805 5024 τῷ
2834 4954 3000 5022 άγῐῳ,
3040 4953 3136 5006 καὶ
3187 4950 3286 5019 οὐχ
3312 4949 3397 5002 ὃτι
3442 4963 3508 5016 γε
3554 4944 3761 5014 Ἡσαΐᾳ
3792 4940 3878 5012 τῷ
3907 4959 4011 4993 πα-

2408 5051 2546 5121 λαιῷ
2579 5049 2861 5121 προφήτῃ,
2895 5047 2988 5098 καὶ
3018 5045 3098 5108 εἰς
3124 5043 3299 5113 λήθην
3321 5043 3454 5104 ἴσως
3481 5038 3666 5097 αὺτοῖς
3701 5034 4007 5105 γενομένῳ,

2408 5144 2547 5197 ἀλλὰ
2574 5142 2668 5195 καὶ
2696 5141 2772 5211 τῷ
2798 5140 2925 5211 χθὲς
2953 5137 3179 5206 φανέντι
3229 5135 3477 5203 Ἰωάννῃ,
3514 5128 3592 5197 τῷ
3623 5128 3779 5197 άΰλῳ
3812 5124 4008 5196 μικροῦ

2409 5238 2502 5290 καὶ
2534 5235 2787 5305 ὰσάρκῳ,
2815 5232 2918 5286 οὐκ
2953 5230 3231 5301 ἠθέλησαν
3260 5227 3577 5289 πιστεῦσαι,
3607 5222 3699 5276 διὰ
3726 5221 3894 5275 τοῦτο
3921 5223 4010 5273 ἁν-

2410 5330 2627 5401 τερωτᾲ
2652 5328 2854 5390 αὐτοὺς
2879 5325 2979 5396 τὴν
3007 5323 3451 5390 άξιοθαύμαστον
3478 5316 3686 5386 ταύτην
3716 5312 4004 5385 ἐρώτησιν,

2410 5426 2477 5478 δι’
2509 5420 2575 5495 ἧς
2604 5420 2950 5491 ἐπιστομίζει
2989 5418 3091 5487 μὲν
3122 5416 3219 5469 καὶ
3245 5413 3467 5475 αὐτοὺς,
3490 5411 3740 5465 δείκνυσι
3764 5407 3827 5461 δὲ
3857 5407 4003 5475 ἡμῖν,

2411 5516 2493 5569 ὅτι
2542 5518 2590 5569 εί
2640 5515 2719 5585 τῷ
2765 5512 3071 5584 τηλικούτῳ
3119 5510 3376 5579 προφήτῃ
3415 5505 3517 5557 οὐκ
3566 5502 3908 5557 ἐπίστευσαν
3936 5497 4005 5565 τῷ

2426 5608 2668 5678 Ἰωάννῃ,
2728 5606 2808 5675 τῴ
2866 5603 3077 5673 μείζονι
3115 5600 3281 5654 αὑτοῦ
3334 5595 3609 5659 δοκοῦντι,
3651 5594 3789 5664 περὶ
3846 5586 4000 5645 αὑτοῦ

2420 5691 2814 5767 μαρτυροῦντι,
2848 5690 2965 5753 πῶς
3013 5688 3079 5742 ἂν
3124 5686 3275 5757 αὐτῷ
3316 5682 3676 5738 πιστεύσαιεν
3708 5679 4001 5743 ἀπολογου-
