4228 6428
295 407 440 474 1037

1051 412 1501 478 ENARRATIO
1541 415 1624 478 ΙΝ
1660 415 2168 484 EVANGELIUM
2211 422 2452 483 ιυεΑι.
2485 424 2718 485 -CAP.
2758 424 2888 490 XX.

3461 431 3602 501 1038

292 528 446 598 μένῳ
492 526 678 590 αὐτοῖς
728 529 787 581 ἐν
835 528 968 600 ποίᾳ
1016 527 1243 602 ἐξουσίᾳ
1288 530 1465 585 ταῦτα
1499 534 1673 596 ποιεῖς
1707 531 1871 603 ὐπει

1997 533 2263 588 credituri
2313 548 2649 603 rcsponsuro
2684 552 2792 606 qua
2845 539 3175 597 auctoritate
3227 543 3343 610 haec
3393 545 3601 603 faciat?

290 620 402 688 γὰρ
435 618 502 672 ἀν
525 614 672 683 εἷπε,
716 620 938 682 πάντως
967 621 1036 674 ἀν
1070 621 1202 692 ἐξῆν
1235 625 1419 687 αὐτοῖς
1447 623 1725 677 διαϐαλεῖν
1755 624 1888 678 αὐτὸ

286 710 387 764 καὶ
413 708 732 776 διαπτύσαι,
766 709 960 782 ῶσπερ
985 712 1085 766 καὶ
1111 713 1243 777 τοὺς
1284 714 1540 770 Ἰωάννου
1564 715 1760 785 λόγους
1791 715 1884 769 τοῦ

190 816 196 821 ·
285 802 632 875 ἐνδοξοτέραν
673 818 791 876 παρ
829 804 1015 870 αὐτοῖς
1035 804 1356 861 διέπτυσαν.

896 997 1148 1065 ΚεοΑΑ.
1194 1009 1281 1068 κ’.

288 1120 431 1207 Περί
473 1121 582 1175 τοῦ
619 1123 982 1207 tinxi-auiich
1025 1125 1534 1207 παρα-ξοζήκηεξί
1558 1127 1681 1207 τῶν
1708 1128 1884 1207 ἐγκα-

357 1192 587 1280 θέντωγ
609 1193 708 1280 διὰ
735 1196 842 1248 τὸν
873 1192 1133 1280 κῆζσονῖ.
1160 1198 1301 1280 Ιζερὶ
1322 1192 1886 1280 τῶν-’Σαρδορκὰίως

353 1263 473 1330 τὴν
504 1264 877 1336 ἀνάστασιν
938 1263 1355 1334 ἀρνουμένων.
1421 1268 1562 1336 Περὶ
1612 1267 1724 1336 τῆς
1776 1269 1884 1324 τοῦ

358 1335 584 1402 Κυρίου
605 1336 1032 1404 ἐπερωτήσεως
1053 1336 1207 1403 πρὸς
1227 1339 1387 1404 τοὺς
1432 1335 1823 1406 Φὰρισαῖους.

360 1465 378 1497 ι
426 1447 673 1519 Ἤρξατο
695 1447 751 1501 δὲ
782 1448 922 1519 πρὸς
953 1448 1042 1503 τὸν
1067 1447 1198 1503 λαὸν
1227 1449 1410 1518 λέγειν
1436 1451 1537 1524 τὴν
1565 1451 1883 1522 παραϐολὴν

277 1536 489 1608 ταύτην
512 1553 526 1568 ο
574 1538 902 1610 Ἄνθρωπός
951 1557 1037 1602 τις
1065 1540 1368 1610 ἐφύτευσεν
1419 1543 1748 1614 ἀμπελῶνα,
1781 1544 1882 1598 καὶ

278 1631 494 1698 ἐξέδοτο
549 1632 712 1686 αὐτὸν
754 1635 1028 1702 γεωργοῖς
1056 1669 1074 1700 ,
1110 1638 1208 1688 καὶ
1252 1636 1580 1709 ἀπεδήμησε
1652 1639 1883 1708 χρόνους

279 1715 528 1781 ἱκανούς.
552 1719 662 1772 Καὶ
680 1721 737 1772 έν
761 1721 941 1792 καιρῷ
963 1722 1256 1778 ἀπέστειλε
1288 1725 1426 1796 πρὸς
1446 1726 1573 1789 τοὺς
1598 1727 1880 1798 γεωργοὺς

274 1809 489 1876 δοῦλον,
525 1812 612 1865 ἵνα
641 1811 751 1864 ἀπὸ
768 1812 866 1866 τοῦ
894 1816 1118 1885 καρποῦ
1136 1817 1233 1870 τοῦ
1255 1817 1586 1887 ἀμπελῶνος
1613 1819 1881 1872 ίπιδῶσιν

277 1901 458 1972 αὐτῷ’
495 1902 623 1956 οίδὶ
655 1906 896 1975 γεωργοὶ
922 1905 1205 1977 δείραντες
1252 1907 1440 1974 αὐτὸν,
1481 1908 1871 1974 ἐξαπέστειλαν

1984 1913 2290 1971 emiserunt
2335 1935 2460 1975 eum
2499 1923 2743 1980 inanem.
2799 1929 2866 1983 Et
2901 1946 3094 1988 rursus
3127 1935 3309 1992 adhuc

275 1993 461 2048 κενόν.
498 1995 612 2049 Καὶ
666 1997 968 2068 προσέθετο
1007 1994 1226 2070 πέμψαι
1273 2000 1464 2072 ῑτερον
1491 2000 1701 2065 δοῦλον,
1747 2003 1797 2056 οί
1823 2001 1881 2055 δὲ

276 2088 536 2142 κάκεῖνον
566 2088 873 2159 δείραντες,
909 2091 1005 2144 καὶ
1037 2092 1440 2162 ἀτιμάσαντες,
1483 2093 1801 2161 έξαπέστειὶ
1861 2133 1875 2148 .

275 2178 461 2233 κενόν.
515 2178 628 2232 Καὶ
693 2179 1000 2250 προσέθετο
1053 2183 1276 2254 πέμψαι
1325 2185 1534 2255 τρίτον,
1587 2187 1637 2239 oi
1668 2185 1727 2240 δὲ
1785 2186 1880 2240 καὶ

274 2267 471 2322 τοῦτον
496 2273 979 2342 τραυματίσαντες
1033 2274 1315 2338 ὲξέὸαλον.
1354 2270 1493 2328 Eine
1523 2275 1582 2329 δὲ
1626 2278 1654 2330 6
1687 2276 1879 2348 κύριος

285 2360 386 2415 τοῦ
421 2362 739 2431 ἀμπελῶνος
826 2365 892 2417 Τί
924 2365 1175 2435 ποιήσω;
1220 2365 1430 2436 Πέμψω
1473 2367 1566 2421 τὸν
1599 2369 1717 2421 υίόν
1774 2385 1877 2438 μου

273 2453 370 2506 τὸν
395 2455 682 2525 ἀγαπητόν
704 2472 719 2487 ·
755 2455 884 2520 ίσως
925 2455 1074 2512 τοῦτ·
1097 2475 1119 2510 ν
1153 2458 1359 2523 ἰδόντες
1411 2461 1873 2531 ἐντραπήσονται.

286 2543 517 2610 Ἰδόντες
566 2548 627 2600 δὲ
659 2548 828 2601 αὑτὸν
881 2551 931 2602 οἱ
981 2551 1246 2622 γεωργοὶ,
1312 2550 1678 2621 διελογίζοντο
1741 2551 1880 2622 πρὸς

267 2637 504 2704 ἑαυτοὺς
543 2640 816 2709 λέγοντεςε
857 2635 1033 2706 Οὗτός
1054 2645 1206 2697 ἐστιν
1239 2647 1269 2698 6
1292 2645 1659 2716 κληρονόμος,
1692 2644 1873 2710 δεῦτε,

268 2734 700 2804 ἀποκτείνωμεν
727 2735 915 2801 αὑτὸν,
944 2738 1034 2793 ἵνα
1070 2739 1229 2810 ἡμῶν
1279 2739 1508 2809 γένηται
1539 2741 1573 2810 ἡ
1612 2740 1876 2809 κληρονο-

277 2825 402 2896 μία.
443 2825 557 2879 Καὶ
603 2826 934 2894 ἐκϐαλόντες
991 2829 1158 2884 αὐτὸν
1203 2830 1313 2895 ἔξω
1364 2831 1461 2885 τοῦ
1521 2830 1875 2902 ἀμπελῶνος,

266 2918 630 2975 ἀπέκτειναν.
669 2920 738 2974 Τί
795 2917 890 2975 οὖν
939 2924 1158 2994 ποιήσει
1215 2923 1403 2987 αὐτοῖς
1457 2925 1487 2977 6
1541 2922 1738 2994 κύριος
1777 2922 1874 2976 τοῦ

266 3011 599 3081 ἀμπελῶνος
624 3029 642 3082 ;
676 3013 1016 3083 Ἑλεύσεται,
1043 3017 1140 3070 καὶ
1162 3016 1423 3071 ἀπολέσει
1445 3018 1574 3080 τοὺς
1591 3017 1876 3087 γεωργοὺς

267 3101 519 3169 τούτους,
549 3103 649 3160 καὶ
674 3103 840 3159 δώσει
869 3107 964 3160 τὸν
993 3107 1299 3179 ἀμπελῶνα
1333 3109 1539 3172 ἀλλοις.
1582 3127 1601 3162 ι
1631 3109 1877 3179 Βραχεία

271 3192 374 3262 μὲν
404 3191 548 3265 αὕτη
577 3196 612 3266 ἡ
646 3197 962 3269 παραϐολὴ,
999 3200 1144 3272 πλὴν
1175 3201 1351 3254 πολλά
1407 3201 1502 3254 καὶ
1541 3201 1757 3270 μεγάλα
1787 3201 1871 3254 δι-

264 3285 461 3340 δάσκει
512 3289 695 3359 ἡμᾶς’
728 3291 831 3361 τὴν
878 3269 1143 3363 πρόνοιαν
1190 3293 1287 3346 τοῦ
1320 3293 1480 3358 Θεοῦ,
1520 3269 1587 3363 ην
1627 3293 1722 3346 ἐπὶ
1755 3295 1870 3356 τοῖς
1897 3269 1942 3327 C

277 3377 557 3449 ⁹Εδραίοις
572 3382 847 3454 τοσαύτην
865 3385 1180 3455 ἐχαρίσατο,
1209 3387 1415 3457 μᾶλλον
1445 3387 1502 3441 δὲ
1533 3386 1868 3453 ἐπεδείξατο,

266 3471 333 3522 τὸ
362 3473 424 3536 ἐξ
452 3475 631 3546 ἀρχῆς
665 3476 848 3530 αὐτῶν
873 3480 1121 3548 φονικὸν,
1153 3480 1216 3532 τὸ
1247 3481 1345 3534 καὶ
1374 3481 1473 3551 τῆς
1503 3482 1747 3546 Παλαιᾶς
1777 3482 1872 3536 καὶ

261 3561 369 3632 τῆς
399 3563 550 3628 Νέας
583 3565 681 3619 ἕνα
712 3561 854 3622 είναι
886 3569 980 3623 τὸν
1034 3570 1188 3637 Θεὸν,
1229 3571 1293 3625 τὸ
1338 3572 1768 3644 είσαχοήσεσοαι
1801 3573 1872 3628 τά

261 3653 423 3727 ἔθνη,
457 3659 518 3710 τὸ
548 3660 1033 3732 ἀπορῤιφήσεσθαι
1056 3666 1189 3729 τοὺς
1225 3665 1538 3730 Ἰουδαίους.
1578 3666 1870 3738 Ἀμπελὼν

260 3745 361 3804 οἷν
391 3750 529 3825 αὕτη
570 3756 604 3824 ἡ
641 3756 949 3828 Συναγωγή
981 3758 1092 3811 τῶν
1141 3760 1441 3827 Ἰουδαίων,
1477 3762 1720 3832 γεωργοὶ
1743 3762 1800 3815 δὲ
1819 3763 1867 3815 oi

263 3842 652 3914 Γραμματείς,
692 3850 789 3922 καὶ
815 3850 1112 3920 Φαρισαῖοι
1138 3851 1189 3904 οί
1229 3851 1581 3922 προέχοντες,
1615 3852 1712 3906 καὶ
1745 3854 1869 3906 ἑπι-

262 3940 458 3990 σταται
483 3936 578 3991 τοῦ
603 3912 810 4012 λαοί)ῗῆ
839 3944 934 3995 καὶ
956 3942 1188 4008 ἕκαστος
1218 3945 1378 4017 ἡμῶν
1402 3947 1866 4019 αὐτὸςάμπελὼν,

258 4022 428 4086 αὐτὸς
485 4029 766 4099 γεωργός·
814 4031 1051 4097 ἕκαστος
1099 4034 1209 4106 γάρ
1246 4035 1409 4106 ἡμῶν
1466 4038 1630 4101 αὐτὸς
1670 4041 1867 4094 ἑαυτὸν

258 4122 524 4189 γεωργεῖ.
559 4120 765 4176 Τοῦτον
789 4120 886 4177 οὗν
915 4126 1010 4179 τὸν
1036 4128 1344 4198 ἀμπελῶνα
1377 4130 1572 4194 ἐκδοὺς
1594 4137 1866 4205 γεωργοῖς

254 4209 289 4262 6
313 4211 723 4284 φιλάνθρωπος,
749 4219 1098 4290 ἀπεδήμησε,
1133 4225 1440 4294 τουτέστιν,
1473 4227 1865 4293 αύτεξουσίους

255 4301 462 4369 αὖτοὺς
487 4306 672 4378 ἀφῆκε
709 4312 1065 4382 πορεύεσθαι.
1111 4316 1428 4372 Ἀπέστειλε
1479 4319 1540 4373 δὲ
1567 4320 1864 4394 διαφόρους

251 4389 504 4459 δούλους,
559 4401 853 4470 προφήτας
885 4407 1054 4473 φημὶ,
1101 4405 1179 4470 ὡς
1231 4409 1298 4462 ἂν
1348 4410 1508 4481 σχοίη
1559 4429 1612 4465 τι
1670 4389 1863 4484 κέρδος

257 4486 486 4555 μικρόν.
529 4487 635 4542 Ἐκ¹
658 4491 754 4544 τοῦ
785 4496 1004 4564 καρποῦ
1034 4498 1166 4571 γὰρ,
1203 4501 1404 4572 φησὶν.
1437 4503 1598 4575 ἠθελε
1649 4505 1859 4572 λαϐεῖν,

253 4578 325 4636 οὐ
358 4581 454 4635 τὸν
490 4585 707 4653 καρπὸν
731 4585 973 4642 ᾶπανταο
1007 4593 1063 4644 τί
1094 4594 1206 4664 γάρ
1235 4596 1512 4666 κερδαίνει
1542 4599 1571 4651 6
1592 4597 1728 4662 Θεὸς
1763 4601 1858 4669 ἀφ’
1894 4621 1938 4677 ο

254 4672 444 4742 ⁴ἡμῶν,
479 4675 530 4727 εί
579 4677 656 4748 μὴ
711 4679 814 4750 τὴν
855 4681 1024 4736 αὑτοῦ
1062 4686 1395 4754 ἑπίγνωσινς
1438 4690 1549 4743 Καὶ
1602 4688 1744 4762 αὕτη
1802 4692 1861 4745 δὲ

253 4763 531 4837 ἡμέτερον
563 4769 779 4840 κέρδος,
811 4773 966 4842 ὅμως
997 4775 1099 4846 τὴν
1150 4779 1431 4850 σωτηρίαν
1463 4781 1622 4851 ἡμῶν
1671 4785 1767 4837 καὶ
1799 4785 1861 4838 τὸ

250 4857 531 4929 ἡμέτερον
568 4862 761 4932 κέρδος
781 4867 987 4919 οἰκεῖον
1021 4872 1285 4926 ποιεῖται.
1326 4872 1602 4945 ’Υδρισαν
1636 4875 1694 4930 δε
1731 4878 1862 4941 τοὺς

247 4951 669 5020 ἀποσταλέντας
720 4957 774 5010 οι
820 4960 983 5014 κακοὶ
1022 4967 1288 5035 γεωργοὶ,
1343 4967 1649 5040 δείραντες,
1717 4971 1860 5042 μετά

251 5043 354 5096 καὶ
377 5043 472 5098 τοῦ
503 5047 696 5110 κενοὺς
726 5048 1136 5119 ιξαποστετλαι,
1163 5058 1470 5124 τουτέστιν,
1497 5062 1578 5125 είς
1598 5061 1858 5117 τοσοῦτον

247 5139 658 5212 ἀγνωμοσύνης
686 5137 873 5214 ἦλθον,
907 5145 1051 5200 ὥστε
1109 5149 1170 5201 ού
1206 5152 1372 5220 μόνον
1424 5153 1710 5218 ἐξέκλιναν
1747 5157 1859 5210 ἀπὸ

252 5235 353 5288 τοῦ
387 5238 579 5303 καλοῦ,
616 5242 715 5294 καὶ
741 5241 937 5297 οὐδένα
967 5247 1185 5316 καρπὸν
1216 5249 1426 5317 ἀγαθὸν
1458 5251 1692 5320 ιδωκαν,
1719 5254 1858 5310 ἀλλά

253 5334 355 5386 καὶ
394 5336 668 5406 πονηρίαν
704 5337 997 5409 ἐποίησαν,
1037 5340 1066 5394 δ
1092 5342 1344 5412 μείζονος
1370 5347 1647 5412 κολάσεως
1677 5351 1855 5418 ἀξιον.

246 5427 374 5480 Τῶν
413 5423 509 5481 οὖν
548 5432 849 5502 προφητῶν
874 5432 1025 5488 οὕτω
1057 5439 1128 5490 τά
1154 5437 1442 5495 δεινότατα
1481 5445 1792 5512 παθόντων,
1828 5447 1857 5500 6

244 5522 377 5584 Υίὸς
401 5524 820 5585 ἀποστέλλεται.
846 5528 1008 5594 Ἰσως
1039 5532 1172 5601 γὰρ,
1203 5536 1391 5608 φησιν,
1418 5540 1856 5612 ἐντραπήσονται

243 5617 340 5670 τὸν
367 5616 499 5670 Υίόν
535 5637 660 5690 μου.
701 5623 874 5679 Τοῦτο
921 5627 981 5680 δὲ
1016 5624 1196 5694 εἶπεν,
1247 5630 1347 5701 οὐχ
1403 5632 1480 5697 ὡς
1517 5635 1733 5704 ἀγνοῶν
1791 5638 1856 5692 τὸ

246 5709 468 5780 μέλλον,
499 5714 596 5767 καὶ
631 5715 717 5768 ὅτι
767 5718 1026 5789 μέλλουσι
1065 5725 1270 5791 μᾶλλον
1306 5727 1472 5781 αὑτὸν
1515 5733 1701 5801 χεῖρον
1743 5733 1854 5788 τῶν

242 5804 548 5874 προφητῶν
589 5805 898 5877 διαθέσθαι,
941 5813 1060 5867 ἀλλ’
1112 5817 1292 5872 έκεῖνο
1332 5819 1530 5889 λέγων,
1579 5824 1720 5897 ὅπερ
1743 5824 1853 5880 εδει

241 5897 525 5954 νενέσθαυ
553 5900 662 5956 ἔδει
689 5905 798 5958 νάο
822 5907 1373 5973 ὲντοαπῆναιαύτόν.
1405 5916 1470 5972 Ei
1490 5917 1547 5975 δὲ
1573 5925 1669 5977 καὶ
1696 5924 1851 5982 αὐτοὶ

1992 621 2267 691 Quidquid
2295 624 2442 677 enim
2471 623 2725 692 dixisset,
2764 627 2818 682 id
2851 643 3017 686 omne
3051 632 3361 702 potuissent
3389 635 3466 691 illi
3503 652 3600 693 ca-

1997 713 2257 769 lumniari
2317 725 2373 771 et
2409 731 2691 787 respuere,
2736 722 3206 790 quemadmodum
3264 735 3322 782 et
3370 723 3600 786 Joannis

1962 818 2276 862 sermones
2305 847 2322 871 ,
2377 809 2471 878 qui
2530 809 2732 866 clarior
2783 815 2928 883 apud
2977 827 3076 872 eos
3123 817 3452 888 habebatur,
3513 837 3596 878 re-

1989 909 2278 968 spucrunt.

2569 1017 2806 1076 CAPUT
2866 1022 2986 1080 ΧΧ.

2065 1122 2431 1207 Ραναίοοίαμε
2452 1129 2627 1207 εἰπερ.
2664 1130 2739 1207 De
2760 1133 3015 1190 insidiose
3046 1137 3503 1207 interrogantibus
3532 1143 3595 1195 ob

2060 1213 2298 1252 censum.
2338 1198 2414 1253 De
2445 1198 2760 1279 Saddnctm's
2773 1209 3225 1279 resurrectionem
3251 1198 3593 1279 negantibus.

2062 1267 2139 1320 De
2165 1272 2579 1341 interrogatione
2599 1273 2730 1328 Just
2765 1274 3060 1332 Pharisan's
3089 1279 3261 1347 facta.

2061 1448 2230 1507 Vens.
2285 1454 2443 1510 9-l6.
2488 1476 2506 1509 ι
2549 1457 2730 1530 Cmpit
2787 1472 2968 1517 autem
3018 1463 3206 1521 dicere
3256 1470 3324 1523 ad
3379 1460 3595 1540 plebem

1986 1543 2305 1609 parabolam
2340 1548 2483 1604 hanc
2524 1567 2538 1604 :
2580 1549 2757 1608 ﬂomo
2788 1556 3010 1625 quidam
3048 1560 3317 1628 plantavit
3346 1563 3590 1626 vineam.

1985 1645 2038 1689 ct
2066 1637 2266 1694 locavit
2297 1655 2418 1695 eam
2454 1644 2687 1711 colonis,
2743 1657 2798 1703 et
2848 1649 2964 1719 ipse
2993 1667 3223 1725 peregre
3250 1657 3367 1725 egit
3424 1660 3594 1714 multo

1992 1736 2254 1798 tempore.
2279 1731 2529 1806 Cumque
2544 1749 3089 1813 essetopportunum,
3111 1749 3260 1803 misit
3276 1752 3343 1804 ad
3367 1751 3595 1808 colonos

1987 1836 2232 1892 servum,
2267 1836 2330 1881 ut
2361 1828 2428 1883 de
2461 1828 2639 1887 fructu
2672 1835 2848 1891 vinea:
2872 1839 3067 1894 darent
3100 1842 3202 1910 ipsi
3230 1844 3361 1914 :qui
3389 1861 3591 1901 cassum

3356 1939 3589 1994 alterum

1981 2019 2199 2063 servum
2255 2011 2427 2068 misit.
2469 2014 2554 2071 llli
2630 2034 2762 2077 vero
2806 2023 2952 2079 hunc
2993 2041 3214 2097 quoque
3259 2046 3488 2097 caesum,
3536 2045 3593 2086 et

1980 2103 2333 2159 contumeliis
2379 2107 2672 2178 affectum,
2722 2117 3028 2174 emiserunt
3077 2121 3322 2178 inanem.
3376 2124 3594 2182 Rursus

1988 2193 2136 2247 misit
2171 2204 2226 2249 et
2262 2199 2510 2256 tertium.
2549 2205 2621 2259 At
2675 2206 2751 2262 illi
2804 2209 2950 2266 hunc
2996 2229 3220 2286 quoque
3271 2219 3592 2275 vulneribus

1981 2280 2209 2341 inﬂictis
2274 2289 2572 2354 ejeceruttt.
2628 2295 2778 2353 Dixit
2828 2280 3028 2358 autem-
3063 2280 3319 2364 (lo-minus
3369 2312 3587 2368 vincat:

1982 2375 2124 2441 Quid
2155 2379 2628 2443 faciatuiblittam
2669 2389 2843 2448 ﬁlium
2880 2411 3064 2452 meum
3092 2398 3378 2469 dilectum,
3424 2405 3594 2464 forsi-

1981 2477 2072 2524 tan
2125 2489 2250 2530 cum
2288 2477 2433 2535 hune
2475 2483 2735 2548 viderint,
2793 2492 3219 2549 reverebantur.
3253 2496 3427 2564 Quem
3464 2516 3590 2557 cum

1980 2564 2248 2622 vidissent
2297 2572 2500 2641 coloni,
2534 2579 2922 2647 cogitaverunt
2952 2583 3096 2638 intra
3149 2602 3234 2652 se,
3287 2591 3538 2650 dicentes
3572 2613 3586 2651 :

1981 2655 2085 2714 llic
2141 2671 2228 2716 est
2288 2665 2506 2732 haares,
2549 2671 2770 2737 venite,
2834 2676 3155 2734 occidamus
3201 2680 3369 2756 ᾆδε
3412 2685 3589 2752 illum,

1984 2756 2043 2799 ut
2089 2759 2280 2806 nostra
2316 2752 2412 2810 ﬁat
2454 2755 2792 2815 haereditas:
2845 2773 2900 2820 et
2932 2765 3170 2834 ejectum
3226 2752 3382 2828 illum
3432 2788 3590 2833 extra

1986 2838 2224 2904 vineam,
2279 2847 2625 2904 occiderunt.
2660 2851 2802 2919 Quid
2827 2870 2961 2927 ergo
2994 2857 3160 2917 faciet
3197 2863 3308 2921 illis
3335 2867 3593 2926 dominus

1978 2928 2156 2987 vinea
2177 2934 2202 2986 ἲ
2231 2934 2420 2994 Veniet
2449 2950 2504 2996 et
2541 2945 2733 3012 perdet
2759 2951 2989 3006 coloniis
3024 2953 3198 3020 istos,
3237 2967 3293 3013 et
3323 2960 3477 3017 dabit
3509 2963 3591 3018 vi-

1979 3035 2142 3077 neam
2185 3026 2330 3084 aliis.
2375 3049 2395 3082 ι
2448 3033 2635 3092 Brevis
2663 3038 2885 3108 quidem
2928 3045 3032 3100 ista
3084 3051 3369 3118 parabola,
3419 3056 3590 3114 multa

1979 3119 2164 3171 tamen
2221 3131 2277 3175 et
2313 3137 2510 3215 magna
2565 3144 2664 3186 nos
2712 3131 2878 3191 docet
2920 3155 2935 3192 :
2973 3137 3177 3197 Curam
3234 3160 3402 3215 quam
3447 3148 3590 3206 Deus

1982 3213 2190 3263 tantam
2220 3225 2347 3281 erga
2375 3213 2635 3276 Hebraeos
2655 3226 2929 3294 exhibuit,
2957 3231 3048 3300 qui
3080 3235 3150 3287 ab
3181 3213 3340 3290 ini—tio
3364 3236 3592 3298 fuerunt

1981 3298 2304 3372 homicidae;
2341 3324 2510 3364 unum
2540 3327 2662 3370 esse
2693 3316 2865 3373 Deum
2913 3325 3118 3380 veteris
3143 3335 3199 3381 et
3226 3344 3379 3385 nova
3409 3332 3588 3402 legis;

1976 3396 2253 3454 vocandas
2313 3413 2526 3470 gentes,
2588 3420 2645 3463 et
2690 3411 3038 3479 abiiciendos
3105 3418 3346 3478 Judaaos.
3413 3396 3589 3482 Vinea

1977 3485 2147 3555 igitur
2200 3493 2326 3559 ista,
2376 3497 2665 3572 Synagoga
2727 3518 2850 3561 erat
2899 3508 3214 3570 Iudaeorum
3269 3536 3284 3573 :

1977 3590 2184 3650 autem,
2223 3584 2433 3644 Scrihte
2472 3603 2529 3647 et
2559 3593 2851 3666 Pharisaei,
2891 3604 2984 3670 qui
3033 3621 3309 3676 praerant
3361 3616 3585 3682 pepulo.

1977 3672 2074 3729 Est
2093 3686 2150 3732 et
2185 3685 2566 3755 unusquisque
2593 3690 2775 3759 vinea,
2813 3704 2868 3749 et
2899 3672 3050 3753 idem
3083 3672 3376 3772 agricola:
3399 3672 3587 3766 U-nus-

1975 3769 2210 3839 quisque
2259 3776 2406 3830 enim
2455 3791 2710 3837 ttostrum
2741 3788 2984 3857 seipsum
3023 3769 3172 3849 colit.
3229 3794 3382 3856 Hanc
3416 3801 3588 3872 igitur

1973 3861 2188 3918 vineam
2225 3881 2352 3923 cum
2384 3872 2711 3934 collocassct
2756 3884 3017 3954 agricolis
3055 3891 3399 3962 misericors,
3435 3914 3589 3969 pere~

1975 3968 2075 4022 gre
2107 3959 2390 4025 profectus
2425 3974 2534 4032 est,
2573 3968 2680 4024 hoc
2711 3983 2818 4040 est,
2849 3979 3102 4043 permisit
3133 3996 3229 4037 eos
3253 3959 3413 4054 juxta
3435 3959 3587 4046 libe-

1975 4064 2096 4103 rum
2129 4054 2422 4111 arbitrium
2460 4059 2699 4130 ingredi.
2747 4066 2898 4125 Blisit
2937 4082 3119 4129 autem
3167 4077 3424 4136 diversos
3463 4099 3586 4138 ser-

1972 4157 2092 4207 vos,
2118 4148 2418 4218 prophetas
2436 4152 2584 4219 dico,
2609 4168 2669 4211 ut
2690 4158 2921 4218 haberet
2949 4165 3028 4220 vel
3053 4183 3282 4237 parvum
3306 4176 3584 4242 quoddam

1972 4232 2207 4292 lucrum.
2245 4239 2474 4299 Volebat
2505 4251 2652 4304 enim
2705 4251 2773 4308 de
2825 4255 3004 4313 l’ructu
3037 4232 3258 4332 capere,
3293 4232 3403 4322 non
3461 4232 3582 4326 frus

1971 4341 2122 4386 ctum
2148 4349 2401 4406 omnem;
2434 4343 2565 4411 quid
2596 4346 2744 4401 enim
2773 4347 3126 4412 lucrifaceret
3153 4358 3299 4416 Dens
3330 4377 3398 4418 ex
3425 4367 3586 4424 nobis

1973 4424 2078 4479 nisi
2115 4427 2201 4481 sui
2237 4433 2612 4499 agnitionem?
2648 4439 2784 4496 Illud
2808 4457 2990 4500 autem
3025 4451 3191 4506 etiam
3223 4466 3476 4514 nostrum
3501 4474 3587 4516 est

1972 4515 2183 4573 lucrum
2238 4540 2251 4575 :
2297 4533 2540 4583 attamen
2598 4533 2832 4589 salutem
2899 4551 3189 4610 nostram,
3255 4541 3586 4623 Incrumque

1972 4619 2247 4680 nostrum,
2283 4631 2441 4672 suum
2477 4619 2631 4677 facit.
2672 4624 3038 4687 Contumeliis
3066 4644 3249 4692 autem
3278 4619 3584 4699 aﬂ'ccerunt

1967 4701 2098 4754 mali
2150 4706 2408 4774 agricolae
2446 4713 2669 4781 missos,
2720 4729 2775 4773 et
2814 4735 2988 4778 ca‘sos
3037 4727 3308 4784 miserunt
3351 4748 3578 4805 vacuos,

1965 4795 2072 4850 hoc
2100 4808 2205 4863 est,
2249 4801 2301 4854 in
2342 4812 2550 4861 tantam
2585 4824 2961 4878 pervenerunt
3001 4818 3483 4896 ingratitudinem,
3521 4842 3582 4888 ut

1967 4899 2075 4940 non
2102 4889 2279 4946 solum
2312 4893 2714 4956 declinaverint
2748 4920 2777 4958 a
2813 4904 2986 4976 bono,
3010 4889 3300 4969 etinullum
3334 4918 3578 4977 fructum

1964 4979 2238 5049 dederint,
2278 4989 2376 5042 sed
2419 4999 2477 5044 et
2508 4992 2650 5048 mala
2698 4994 2972 5056 fecerint:
3007 5006 3153 5070 quod
3188 5009 3384 5080 majori
3429 5027 3579 5085 sup-

1964 5075 2130 5143 plicio
2177 5079 2424 5151 dignum.
2495 5085 2669 5157 Igitur
2717 5106 2844 5148 cum
2900 5100 3184 5168 prophetae
3234 5075 3345 5159 tam
3387 5075 3577 5179 gravia

1962 5177 2359 5235 sustinuissent
2401 5197 2415 5234 :
2456 5180 2626 5238 Filius
2673 5187 2931 5245 mittitur.
2974 5191 3140 5251 Forte
3170 5198 3341 5266 enim,
3377 5177 3576 5276 inquit.

1966 5272 2117 5329 hunc
2167 5278 2595 5335 reverebantur.
2642 5281 2810 5340 Forte
2866 5288 3026 5357 dixit,
3063 5308 3174 5349 non
3210 5306 3268 5350 ut
3310 5272 3577 5370 ignorans

1963 5365 2207 5421 futurum
2246 5371 2393 5440 quod
2460 5376 2616 5443 pejus
2668 5393 2794 5432 eum
2843 5381 3092 5440 all'ccturi
3153 5365 3355 5444 essent
3401 5409 3573 5464 quam

1961 5463 2260 5529 prophetas
2293 5484 2306 5518 :
2343 5469 2438 5521 sed
2475 5469 2608 5524 illud
2641 5472 2775 5527 dicit
2809 5478 2954 5546 quod
2990 5479 3107 5535 lieri
3137 5482 3372 5539 debebat
3480 5491 3572 5544 de-

1962 5556 2165 5610 bebant
2198 5560 2345 5612 enim
2380 5565 2622 5619 revereri
2652 5565 2832 5622 illum.
2869 5569 2938 5624 At
2971 5572 3048 5627 illi
3081 5591 3253 5646 usque
3286 5579 3425 5635 adeo
3459 5598 3568 5638 non

1957 5661 2089 5703 sunt
2119 5654 2363 5721 reveriti,
2392 5666 2451 5709 ut
2472 5657 2639 5712 etiam
2664 5664 2974 5720 occiderint
3001 5685 3013 5721 :
3045 5673 3189 5739 quod
3221 5673 3273 5726 itt
3299 5674 3566 5744 majorem

1959 5760 2150 5799 eorum
2195 5750 2607 5806 accusationem
2641 5766 2749 5820 est,
2790 5759 2918 5828 quia
2952 5775 3246 5833 postquam
3279 5767 3574 5825 allii-mavit

1961 5837 2102 5894 Dt'tts
2123 5839 2327 5895 bonum
2360 5843 2461 5898 hoc
2492 5861 2635 5911 csse,
2679 5854 3042 5910 reverentiam
3064 5857 3255 5915 haberi
3290 5861 3448 5928 Filio,
3491 5859 3570 5918 illi

1961 5933 2119 5990 nl.u.e
2152 5940 2487 5995 contrarium
2542 5943 2782 6001 tulerunt
2817 5952 3172 6010 sententiam.
3222 5954 3350 6015 llaec
3385 5969 3566 6016 autem
