4228 6428
258 401 395 478 toll

969 400 1420 475 EN;\iiP..‘iTlO
1456 403 1537 463 IN
1579 403 2087 464 EVANGELIUM
2123 404 2441 464 l.UC.E.-
2467 406 2624 467 CAP.
2664 405 2791 464 XX.

3420 395 3563 457 ινιτ

257 523 349 591 Μή
380 521 603 587 γένοιτο.
638 518 701 568 Τί
731 515 821 566 οῦν
857 516 886 566 ὁ
926 516 1199 583 Χριστός;
1246 515 1473 580 Ἐπαγει
1506 516 1602 566 καὶ
1652 516 1847 583 ἑτέραν

1982 514 2076 566 lein
2110 515 2326 582 quidem
2357 515 2595 582 seipsum
2632 515 2919 567 nominats
2942 553 2955 576 ,
2993 512 3327 565 u‘diﬁcanlcs
3372 519 3555 559 autem

258 612 570 681 μαρτυρίαν
596 608 705 661 ἀπὸ
740 607 832 659 τοῦ
871 608 1057 670 Δαυὶδ,
1096 607 1243 659 λίθον
1273 608 1374 676 μὲν
1401 608 1598 661 ἐαυτὸν
1648 607 1849 677 ὀνομά-

258 704 388 769 ζων,
425 702 742 768 οἰκοδόμους
787 700 843 752 δὲ
879 700 1009 761 τοὺς
1058 700 1416 763 διδασκάλους
1450 702 1648 764 αὐτοὺς
1705 700 1851 754 καθὰ

258 796 353 848 καὶ
390 797 419 847 6
482 792 743 861 Ἰεζεκιήλ
782 808 968 860 φησιν,
1025 791 1449 859 Οἰκοδομοῦντες
1506 792 1597 844 τὸν
1648 795 1848 861 τοῖχον,

257 886 355 942 καὶ
409 884 723 953 ἀλείφοντες
776 883 1115 953 ἀναρτύτως,
1150 883 1453 948 τουτέστιν,
1499 885 1548 937 oi
1591 884 1663 937 τὰ
1715 880 1853 955 πρὸς

258 982 421 1050 χάριν
452 977 722 1044 λέγοντες,
751 977 846 1028 καὶ
874 975 1353 1042 συγκαλύπτοντες
1384 977 1450 1029 τα
1490 975 1852 1045 ἐλαττώματα

256 1071 351 1124 τοῦ
409 1069 542 1122 λαοῦ
607 1071 701 1121 καὶ
760 1062 870 1120 οἷον
931 1067 1338 1136 ἐμπλάττοντες
1395 1068 1732 1130 ἐπιπολαίως
1782 1065 1854 1120 τὰ

258 1163 438 1234 σαθρὰ
457 1161 551 1213 τοῦ
601 1160 756 1218 λαοῦ.
788 1160 977 1228 ὥσπερ
1006 1160 1150 1222 τινὸς
1182 1162 1383 1228 τοίχου.
1419 1161 1541 1224 Πῶς
1569 1160 1626 1213 δὲ
1654 1160 1853 1214 ἀπεδο-

266 1256 511 1323 κίμασαν
547 1254 733 1307 τοῦτον
754 1254 843 1305 τὸν
873 1252 1051 1316 >.ίθον;
1077 1254 1357 1314 ῐείίπὸντεςο
1382 1248 1553 1315 Οὗτος
1577 1254 1679 1306 οὐκ
1708 1253 1856 1306 ἐστιν

257 1350 322 1402 ἐκ
350 1349 443 1400 τοῦ
474 1348 633 1401 θεοῦ.
672 1348 776 1400 Δύο
823 1346 878 1398 δὲ
913 1347 1193 1407 ἀπωλείας
1233 1346 1468 1400 ἐνταῦθα
1504 1347 1653 1420 λέγει
1679 1364 1691 1377 ·
1722 1348 1857 1416 μίαν

260 1442 363 1509 μὲν
390 1444 486 1511 τὴν
522 1442 629 1495 τῶν
653 1441 839 1510 ψυχῶν
862 1440 1066 1501 αὐτῶν,
1094 1440 1162 1509 ἣν
1187 1440 1342 1493 αὐτοὶ
1374 1440 1857 1504 σχανδαλισθέντες

256 1535 485 1588 ἔπαθον·
537 1536 651 1597 Πᾶς
706 1534 816 1604 γὰρ
861 1535 888 1587 6
938 1532 1122 1587 πεσὼν
1168 1535 1262 1587 ἐπὶ
1309 1532 1401 1588 τὸν
1444 1534 1593 1586 λίθον
1666 1534 1860 1587 τοῦτον

258 1626 751 1695 συνθλασθήσεται⁸
785 1627 981 1689 ἑτέραν
1024 1627 1082 1679 δὲ
1136 1627 1235 1695 τὴν
1266 1627 1377 1679 ἀπὸ
1423 1626 1526 1696 τῆς
1572 1626 1857 1696 αἰχμαλω-

260 1721 403 1781 σίας.
432 1721 498 1789 ἣν
516 1722 542 1773 6
566 1718 711 1781 λίθος
734 1720 917 1783 αὐτοῖς
956 1719 1261 1788 ἐπήγαγεν,
1296 1720 1324 1771 6
1353 1718 1484 1789 παρ’
1506 1719 1689 1772 αὐτῶν
1706 1719 1858 1782 ἐξου-

252 1811 533 1871 δενωθείς.
576 1811 632 1863 Ἐ
649 1811 692 1879 ρ’
739 1810 797 1863 ὃν
820 1813 949 1881 γὰρ,
975 1812 1131 1880 φησὶ,
1162 1811 1342 1873 πέσει,
1377 1812 1638 1881 λικμήσει
1671 1811 1853 1864 αὐτόν.

1956 605 2208 661 tim-tores
2241 608 2389 675 ipsos
2422 626 2435 661 :
2489 608 2946 676 quemadmodum
2993 615 3046 659 et
3080 602 3328 657 Ezechiel
3380 602 3512 655 dicit
3543 592 3563 651 ξ

1955 695 2317 752 ᾹΞιΙὶίίςσηιεε
2347 698 2609 767 parietem
2657 709 2712 753 et
2747 699 3002 753 linientes
3036 696 3243 764 absque
3286 702 3561 761 tempera-

1956 796 2099 851 tura,
2121 791 2222 844 hoc
2243 800 2345 855 est,
2368 792 2457 859 qui
2480 792 2548 846 ad
2562 794 2797 861 gratiam
2816 792 3133 859 loquuntur,
3159 798 3212 842 et
3238 787 3561 853 cooperiunt

1956 883 2151 937 delicta
2198 882 2407 953 populi,
2450 895 2505 939 et
2540 886 2705 940 veluti
2742 886 2793 938 in
2847 884 3143 952 superﬁcie
3190 882 3321 934 vitia
3378 879 3559 949 populi

1958 976 2174 1040 liuiuut,
2235 977 2382 1030 velut
2438 980 2702 1047 parietem
2758 979 3073 1047 quemdam.
3112 976 3399 1041 Quomodo
3466 989 3562 1024 au-

1962 1074 2068 1118 tem
2133 1067 2565 1133 reprobaverunt
2611 1068 2845 1137 lapidem
2883 1067 3075 1121 illiilli?
3106 1067 3230 1132 quia
3258 1066 3511 1118 dicebant
3547 1083 3558 1117 :

1961 1155 2062 1209 Hic
2095 1172 2199 1210 non
2246 1167 2328 1211 est
2365 1172 2429 1213 ex
2480 1157 2611 1214 Deo.
2648 1160 2791 1213 Duas
2853 1171 3035 1212 autem
3073 1155 3414 1226 perditiones
3479 1155 3567 1206 lue

1960 1245 2142 1300 dicit:
2184 1246 2357 1301 Unam
2410 1250 2718 1303 animarum
2775 1250 2990 1304 illorum
3031 1251 3081 1301 in
3131 1262 3297 1317 quam
3358 1245 3565 1299 incide-

1964 1340 2092 1393 bant
2125 1340 2481 1395 scandalizati
2515 1359 2527 1394 :
2562 1340 2752 1395 Omnis
2784 1341 2931 1393 enim
2966 1340 3056 1408 qui
3091 1339 3352 1393 ceciderit
3400 1352 3565 1403 super

1964 1429 2194 1500 lapidem
2254 1431 2470 1495 istum,
2516 1430 2932 1501 coofringetur;
2984 1430 3209 1484 alteram
3272 1430 3565 1497 captivita-

1966 1525 2054 1589 tis,
2089 1542 2253 1596 quant
2303 1535 2649 1595 contemptus
2695 1527 2783 1580 ille
2814 1526 2949 1594 lapis
2978 1527 3057 1581 eis
3091 1525 3355 1579 attulerit.
3390 1523 3569 1589 ειη-,υτ

1961 1631 2122 1685 quem
2177 1619 2321 1671 enim
2383 1618 2666 1681 ceciderit,
2728 1618 2968 1672 dissilire
3031 1618 3180 1671 illum
3239 1617 3425 1670 facTct.
3476 1616 3569 1668 See

1965 1710 2132 1781 igitur
2186 1711 2543 1766 dissilueruut
2593 1710 2787 1775 Judtei,
2839 1719 2892 1765 et
2936 1712 3169 1781 dispersi
3225 1720 3373 1772 sunt,
3426 1709 3571 1763 sicut

1967 1804 2137 1871 palea:
2158 1805 2225 1856 ab
2258 1819 2364 1857 una
2400 1819 2524 1858 area
2551 1803 2751 1858 Judaza:
2785 1804 2837 1857 in
2871 1813 3046 1859 totum
3079 1803 3247 1875 454
3281 1802 3568 1857 mundum.

265 1906 456 1966 Οὕτως
482 1904 577 1958 οῦν
629 1904 1011 1974 ἐλικμήθησαν
1043 1905 1091 1956 cl.
1132 1904 1401 1969 Ἰουδαῖοι,
1434 1906 1526 1960 κα).
1556 1904 1860 1973 διεσπάρη-

1982 1894 2206 1950 )bscrva
2244 1908 2427 1951 autem
2491 1895 2636 1965 quod
2696 1896 2771 1949 illi
2827 1897 2978 1965 prius
3033 1899 3354 1951 ceciderunt
3404 1910 3573 1963 super

261 2014 386 2064 σαν,
420 1982 612 2065 ὥσπερ
642 1996 826 2066 ἄχυρα
854 1995 960 2048 ἀπὸ
992 1997 1123 2063 μιᾶς
1173 1996 1401 2059 ἅλωνος,
1434 1995 1534 2061 τῆς
1576 1995 1857 2059 Ἰουδαίας,

258 2091 341 2150 είς
376 2091 553 2143 πάντα
590 2088 681 2140 τὸν
714 2088 939 2157 κόσμον.
970 2088 1381 2157 Παρατήρησον
1415 2087 1495 2150 δὲ,
1527 2088 1611 2140 ὅτι
1660 2089 1859 2157 πρότεσ-

262 2197 362 2247 ρον
396 2182 597 2233 ἐκεῖνοι
647 2179 847 2231 ἔπεσον
892 2180 988 2232 ἐπὶ
1023 2179 1113 2232 τὸν
1140 2179 1313 2242 λίθον,
1336 2180 1643 2243 τουτέστιν,
1666 2181 1865 2233 ἐσκαν-

255 2271 618 2340 δαλίσθησαν,
646 2260 957 2333 εἷθήοὖτως
1010 2273 1038 2323 ὁ
1081 2270 1226 2333 λίθος
1271 2271 1469 2325 ἔπεσεν
1509 2273 1597 2324 ἐπ’
1642 2273 1862 2338 αὐτοὺς,

260 2352 359 2415 παὶ
391 2363 795 2433 ἐτιμωρήσατο·
832 2364 1161 2433 προηγεῖται
1192 2362 1303 2433 γὰρ
1351 2365 1384 2433 ἡ
1437 2363 1547 2432 ἐμὴ
1591 2362 1862 2432 ἁμαρτία,

265 2450 370 2508 εἷθ’
398 2453 572 2516 οὕτως
664 2454 757 2507 τοῦ
788 2453 924 2507 Θεοῦ
953 2453 1040 2507 ἐπ’
1066 2455 1167 2525 ἐμὲ
1190 2455 1375 2507 δικαία
1412 2456 1676 2525 τιμωρία.
1723 2454 1864 2509 Ἀλλ’

258 2548 318 2600 οἱ
365 2546 463 2617 μὲν
518 2546 768 2600 Ἰουδαῖοι
818 2546 1236 2613 ἀπεδοκίμασαν
1280 2548 1373 2600 τὸν
1414 2547 1563 2601 λίθον
1591 2548 1804 2602 τοῦτον·
1837 2549 1865 2600 ὁ

260 2639 322 2692 δὲ
358 2639 614 2693 τοσοῦτον
646 2636 712 2709 ἦν
733 2639 920 2705 καλὸς,
961 2641 1056 2694 καὶ
1088 2640 1369 2707 ἐκλεκτὸς,
1389 2642 1534 2695 ὥστε
1566 2644 1645 2706 εἰς
1687 2659 1864 2712 κεφα-

264 2734 366 2802 λὴν
414 2734 619 2801 γωνίας
660 2733 907 2805 τεθῆναι,
938 2736 1031 2787 καὶ
1073 2734 1170 2789 δύο
1212 2735 1433 2806 τοίχους
1490 2735 1867 2806 συμϐαλέσθαι

266 2827 364 2878 καὶ
418 2824 641 2889 ἐνῶσαι,
672 2824 743 2877 τά
793 2842 851 2877 τε
890 2825 1099 2880 παλαιὰ
1148 2826 1330 2880 καὶτὰ
1362 2826 1475 2881 νέα.
1510 2827 1707 2881 Καίτοι
1761 2826 1869 2881 ἔδει

265 2917 467 2977 αὐτοὺς
510 2915 745 2970 ἀκοῦσαι
796 2916 1021 2970 Ἡσαΐου
1068 2918 1346 2987 λέγοντος·
1391 2938 1410 2971 ι
1464 2918 1669 2989 Κύριον
1702 2920 1868 2974 αὑτὸν

262 3009 557 3077 ἁγιάσατε,
593 3010 687 3062 καὶ
712 3009 873 3072 adeo;
911 3010 1065 3063 ἔσται
1099 3011 1231 3081 ὑμῖν
1282 3010 1475 3081 φόϐος,
1518 3012 1617 3067 καὶ
1648 3013 1749 3083 οὐχ
1793 3013 1868 3075 ὡς

268 3102 423 3155 λίθου
488 3103 879 3173 προσκόμματι
943 3105 1311 3175 συναντήσετε
1374 3104 1548 3173 αὐτῷ,
1611 3106 1720 3158 οὐδ’
1793 3109 1869 3168 ὡς

1968 1989 2224 2056 lapidem,
2268 1991 2370 2043 hoc
2420 1992 2525 2053 e‘st,
2577 1990 2935 2044 scaudalizati
2986 1999 3137 2054 sunt,
3175 1989 3378 2043 deinde
3434 1990 3574 2056 lapis

1969 2083 2167 2136 cecidit
2193 2096 2356 2151 super
2382 2096 2497 2147 eos,
2533 2091 2587 2137 et
2627 2082 2773 2136 ultus
2799 2092 2883 2137 est
2912 2082 3032 2136 illos
3070 2098 3084 2134 :
3122 2082 3383 2152 prmeedit
3425 2081 3571 2135 enim

1968 2186 2251 2244 peccatum
2292 2190 2492 2241 meum,
2542 2176 2739 2231 deinde
2778 2176 3025 2245 sequitur
3054 2185 3109 2229 et
3146 2176 3293 2245 justa
3331 2174 3422 2229 Dei
3460 2176 3577 2227 vin-

1960 2270 2133 2322 dicta.
2162 2268 2364 2323 Verum
2394 2269 2569 2323 «ιιιάωί
2601 2269 2825 2338 quidem
2863 2269 3307 2337 reprobaverunt
3339 2267 3574 2336 lapidem

1974 2362 2158 2415 istum.
2194 2360 2265 2415 At
2320 2360 2461 2431 lapis
2498 2361 2591 2417 ille
2644 2370 2765 2416 erat
2798 2362 3028 2437 pulcher
3051 2370 3106 2415 et
3145 2360 3380 2423 electus,
3413 2362 3485 2413 ita
3523 2368 3579 2411 ut

1969 2468 2021 2513 et
2075 2458 2129 2512 in
2166 2468 2329 2529 caput
2367 2459 2551 2528 anguli
2587 2459 2658 2513 sit
2709 2461 2942 2528 positus,
2984 2466 3039 2513 et
3070 2457 3421 2528 conjunxerit
3481 2471 3578 2523 pa-

1972 2552 2159 2617 rietes,
2182 2560 2237 2604 ct
2287 2552 2525 2606 univerit
2566 2563 2752 2607 vetera
2789 2567 2852 2605 ac
2885 2567 3047 2607 nova.
3075 2550 3143 2605 Et
3178 2552 3308 2622 quid
3344 2549 3582 2603 multis?

1971 2643 2424 2711 Oportebatillos
2466 2646 2656 2701 audire
2715 2645 2911 2699 Isaiam
2958 2646 3233 2701 dicentem
3274 2662 3287 2699 :
3334 2663 3350 2695 ι
3396 2642 3583 2697 Domi-

1973 2752 2099 2790 num
2140 2737 2313 2807 ip~um
2346 2736 2703 2803 sanctilicate,
2738 2745 2792 2792 et
2820 2738 2935 2807 ipse
2964 2736 3070 2791 erit
3098 2735 3497 2797 vester'timor,
3533 2743 3592 2788 et

1975 2844 2082 2881 nou
2123 2816 2440 2897 impingetis
2462 2830 2515 2882 in
2542 2829 2690 2883 illum
2716 2840 2776 2884 ut
2810 2831 2862 2883 in
2896 2830 3131 2899 lapidem
3160 2827 3504 2889 offensionis,
3534 2834 3589 2880 et

1977 2933 2185 2991 petram
2212 2922 2454 2976 scandali
2499 2923 2541 2977 ⁸.
2576 2941 2597 2975 ι
2645 2923 2717 2978 At
2778 2923 2853 2977 illi
2896 2922 3138 2977 scientes
3165 2921 3312 2991 quod
3366 2930 3590 2989 propter

1977 3017 2125 3085 ipsos
2185 3018 2500 3084 parabolam
2568 3020 2740 3083 dicat,
2798 3020 3092 3075 consilium
3152 3020 3345 3073 iucunt
3394 3028 3586 3093 contra

1976 3112 2375 3173 eum,et.nisi
2439 3110 2637 3168 fuisset
2693 3114 2858 3167 timor
2922 3115 3329 3183 poliuli,ctiam
3395 3127 3592 3167 manus

188 3256 189 3259 η
277 3195 488 3266 πέτρας
513 3193 796 3266 πτώματι.
839 3214 859 3247 ι
892 3196 955 3250 υἱ
981 3195 1037 3249 δὲ
1071 3198 1163 3250 καὶ
1188 3198 1432 3265 γνόντες,
1463 3201 1545 3253 ὅτι
1572 3199 1639 3253 δι’
1672 3199 1871 3265 αὐτοὺς

1982 3203 2294 3271 iniecissent
2342 3205 2395 3259 in
2449 3219 2595 3261 eum.
2632 3207 2696 3261 Et
2741 3218 3191 3278 comempserunt
3242 3207 3463 3278 quidem
3515 3210 3592 3263 le-

268 3288 372 3357 τήν
402 3288 719 3359 παραϐολήν
755 3288 929 3357 λέγει,
966 3288 1317 3358 βουλεύονται
1364 3292 1486 3345 κατ’
1542 3292 1733 3357 αὐτοῦ,
1782 3295 1881 3347 καὶ

271 3386 324 3435 εἰ
364 3383 437 3453 μὴ
480 3377 548 3453 ἦν
590 3383 619 3435 6
643 3382 739 3435 τοῦ
786 3382 914 3435 λαοῦ
947 3382 1134 3452 φόϐος,
1168 3386 1261 3437 καὶ
1288 3385 1479 3455 χεῖρας
1512 3385 1582 3439 ἂν
1614 3386 1883 3441 ἐπέϐαλον

276 3474 366 3526 ἐπ’
397 3475 578 3529 αὐτόν.
613 3476 722 3529 Καὶ
754 3476 848 3528 τοῦ
886 3475 985 3545 μὲν
1013 3476 1181 3546 νόμου
1222 3477 1497 3547 λέγοντος,
1547 3477 1749 3532 Ἀθῶον
1790 3482 1885 3533 καὶ

273 3566 491 3620 δίκαιον
539 3567 639 3620 οὐκ
706 3568 1052 3633 ἀποκτενεῖς,
1088 3569 1476 3640 παρήκουσαν,
1512 3569 1605 3623 τὸν
1658 3570 1716 3624 δὲ
1774 3571 1885 3623 τῶν

278 3656 585 3725 ἀνθρώπων
625 3657 797 3728 θυμὸν
830 3658 1145 3728 φοϐοῦνται,
1176 3662 1272 3714 καὶ
1328 3662 1751 3716 ἁναστέλλονται
1786 3664 1887 3733 τῆς

276 3752 349 3801 ὲκ
376 3750 469 3803 τοῦ
501 3752 740 3823 φανεροῦ
766 3754 1094 3819 ἐπιθέσεως,
1127 3755 1546 3810 ἐπιϐουλεύουσι
1590 3757 1646 3809 δὲ
1682 3758 1885 3820 ἄλλως.

362 3863 378 3893 ι
423 3846 531 3897 Καὶ
582 3849 1103 3917 παρατηρήσαντες,
1155 3849 1489 3903 ἀπέστειλαν
1543 3850 1885 3918 ἐγκαθέτους

283 3939 749 4009 ῦποκρινομένους
787 3941 1014 4005 ἑαυτοὺς
1061 3940 1305 4005 δικαίους
1352 3942 1515 4007 εἶναι,
1555 3944 1641 3997 ἵνα
1694 3946 1886 3999 ἐπιλά-

281 4032 493 4087 ϐωνται
563 4033 729 4087 αὐτοῦ
771 4035 927 4102 λόγον
989 4037 1071 4099 εἰς
1102 4035 1163 4087 τὸ
1218 4034 1554 4105 παραδοῦναι
1606 4040 1773 4092 αὑτὸν
1820 4042 1887 4111 τῇ

284 4129 455 4198 ἀρχῇ,
487 4129 583 4180 καὶ
616 4128 684 4197 τῇ
722 4127 945 4199 ἐξουσίᾳ
979 4129 1073 4182 τοῦ
1112 4132 1402 4199 ἡγεμόνος.
1444 4132 1558 4184 Καὶ
1585 4134 1891 4203 ἐπηρώτων

287 4220 474 4284 αὐτὸν,
516 4219 797 4288 λέγοντεςο
830 4221 1153 4287 Διδάσκαλε,
1182 4224 1426 4293 οἴδαμεν,
1455 4225 1539 4279 ὅτι
1586 4226 1763 4296 ὀρθῶς
1799 4229 1891 4282 λὲσ

285 4327 432 4377 γεις,
467 4313 560 4363 καὶ
622 4311 920 4377 διδάσκεις,
948 4315 1046 4368 καὶ
1098 4316 1160 4368 οὐ
1214 4316 1517 4387 λαμϐάνεις
1574 4321 1887 4391 πρόσωπον,

287 4402 406 4457 ἀλλ’
446 4403 533 4456 ἐπ’
566 4403 955 4477 ἀληθείαςητὴν
992 4407 1112 4461 ὁδὸν
1135 4407 1229 4461 τοῦ
1256 4410 1392 4462 Θεοῦ
1427 4411 1725 4477 διδάσκεις.
1777 4416 1894 4483 ἔξε-

292 4512 413 4547 στιν
442 4497 576 4566 ἡμῖν
607 4496 775 4567 φόρον
802 4498 1046 4569 Καίσαρι
1089 4500 1300 4566 δοῦναι,
1328 4503 1360 4575 ἢ
1390 4504 1454 4556 οῦ
1479 4522 1497 4572 ;
1524 4506 1903 4578 Κατανοήσας,

1987 3313 2107 3368 gem
2159 3315 2281 3367 quae
2311 3300 2444 3356 dicit
2475 3322 2491 3355 -.
2521 3302 2875 3357 Innocentem
2918 3312 2972 3355 et
3020 3301 3228 3369 justum
3290 3317 3395 3354 non
3442 3303 3593 3355 occi-

1986 3393 2103 3446 des.
2141 3392 2469 3448 Timuerunt
2502 3403 2683 3448 autem
2721 3408 2776 3449 et
2804 3396 3043 3461 repressi
3076 3402 3202 3447 sunt
3232 3410 3261 3447 a
3299 3404 3446 3447 metu
3494 3396 3594 3448 lm-

1990 3486 2219 3551 niinum,
2258 3502 2325 3541 ne
2375 3487 2667 3544 manifeste
2706 3489 2969 3545 invadant
3020 3502 3169 3553 eum,
3215 3488 3310 3544 sed
3357 3489 3498 3545 clam
3546 3492 3597 3549 ei

1992 3582 2171 3639 denuo
2201 3584 2555 3646 insidiantur.

2070 3861 2137 3914 Vr
2158 3877 2239 3915 ns.
2265 3862 2326 3917 2|
2367 3863 2459 3917 26.
2490 3881 2509 3913 ι
2548 3861 2616 3917 Et
2643 3864 3007 3919 observantes
3038 3865 3343 3920 emiserunt
3369 3866 3597 3920 insidia-

1997 3966 2144 4011 tores
2182 3958 2273 4027 qui
2318 3972 2378 4011 se
2404 3957 2581 4024 justos
2613 3958 2967 4023 simularent,
2996 3968 3058 4013 ut
3087 3970 3351 4027 caperent
3382 3975 3507 4013 eum
3534 3976 3601 4017 ex

1993 4063 2272 4116 sermone,
2304 4053 2696 4121 traderentque
2726 4050 2877 4104 illum
2916 4052 3250 4121 principatui
3285 4064 3339 4107 et
3408 4065 3599 4122 potes-

1996 4148 2094 4197 tati
2152 4147 2401 4214 prmsidis
2440 4164 2453 4199 :
2485 4158 2540 4200 et
2590 4146 3069 4216 interrogaverunt
3120 4163 3268 4211 eum,
3306 4148 3602 4202 dicentes:

1995 4238 2281 4305 Magister,
2320 4238 2525 4292 scimus
2560 4237 2706 4307 quod
2757 4245 2904 4292 recte
2961 4238 3098 4291 dicis
3152 4252 3215 4291 ac
3273 4239 3460 4302 doces,
3507 4255 3609 4291 nec

1997 4333 2226 4401 resiiicis
2265 4346 2581 4401 personam.
2622 4332 2716 4386 sed
2766 4334 2910 4385 viam
2950 4330 3044 4384 Dei
3078 4347 3201 4385 cum
3238 4331 3474 4385 veritate
3514 4330 3613 4386 do-

1998 4415 2143 4477 ces':
2172 4422 2302 4476 licet
2358 4422 2517 4475 nobis
2564 4422 2827 4475 tributum
2891 4422 3023 4475 dare
3071 4421 3298 4484 Czesari,
3336 4437 3403 4475 an
3463 4423 3613 4477 non?

2001 4514 2282 4569 Intellecta
2334 4524 2516 4569 autem
2569 4513 2786 4566 illorum
2852 4499 3116 4579 versutia,
3158 4513 3296 4567 dixit
3344 4517 3413 4571 ad
3472 4530 3611 4569 eos:

290 4589 350 4643 δὲ
396 4590 577 4644 αὐτῶν
605 4590 702 4662 τὴν
732 4595 1093 4663 πανουργίαν,
1114 4591 1248 4675 εἷπε
1291 4598 1430 4665 πρὸς
1461 4600 1693 4665 αὐτούς·
1728 4575 1795 4656 Τί
1826 4624 1876 4675 μι

2004 4609 2142 4674 Quid
2176 4623 2263 4662 me
2304 4608 2565 4662 tentatis?
2599 4608 2882 4662 Ostenilite
2930 4608 3062 4661 milii
3102 4575 3413 4663 denarium.
3446 4608 3616 4676 Cujus

295 4684 623 4752 πειράζετε;
685 4684 1023 4751 Ἐπιδείξατὲ
1086 4704 1180 4756 μοι
1225 4690 1503 4760 δηνάριον.
1550 4694 1717 4761 Τίνος
1782 4698 1898 4767 ἔχει

293 4776 482 4829 ιίκόνα
504 4778 598 4831 καὶ
631 4780 981 4848 ἐπιγραφήν;
1025 4779 1447 4854 ’Δποκριθὲντες
1478 4784 1654 4851 εἷπον,
1683 4792 1901 4844 Καίσα-

303 4884 420 4937 ρος.
466 4867 525 4922 ’0
581 4868 637 4922 δὲ
682 4865 836 4924 εἶπεν
881 4873 1088 4935 αὐτοῖς·
1136 4876 1392 4930 Ἀπόδοτε
1435 4880 1618 4934 τοίνυν
1658 4886 1729 4935 τὰ
1771 4886 1904 4938 Kai-

298 4977 469 5032 σαρος
531 4962 793 5034 Καίσαρι,
850 4967 945 5020 καὶ
981 4967 1052 5019 τὰ
1101 4968 1198 5023 τοῦ
1247 4970 1389 5024 Θεοῦ
1449 4962 1530 5043 τῷ
1587 4974 1729 5046 Θεῷ.
1790 4980 1902 5031 Καὶ

295 5055 402 5107 οὐχ
442 5052 669 5124 ἴσχυσαν
725 5057 1086 5112 ἐπιλαϐέσθαι
1144 5062 1312 5116 αὐτοῦ
1356 5066 1604 5135 ῥήματος
1656 5070 1900 5123 ἐναντίον

297 5148 397 5201 τοῦ
470 5150 601 5202 λαοῦ
635 5189 649 5213 ,
713 5152 809 5203 καὶ
862 5152 1250 5223 θαυμάσαντες
1326 5160 1418 5211 ἐπὶ
1471 5164 1538 5230 τῇ
1603 5162 1899 5231 ἀποκρίσει

299 5242 510 5306 αὐτοῦ,
571 5243 857 5314 ἐσίγησαν.
927 5266 949 5327 ι
1006 5248 1221 5316 Παγίδα
1266 5250 1573 5321 ἡτοίμασαν
1618 5255 1668 5306 οἱ
1731 5255 1901 5324 Φαρι-

304 5337 449 5387 σαῖοι
490 5334 890 5406 δυσδιάφυκτον
928 5336 1005 5408 τῷ
1040 5340 1252 5411 Κυρίῳ,
1280 5342 1355 5405 ὦς
1383 5360 1448 5411 γε
1479 5344 1722 5407 ἐδόκουν,
1765 5347 1902 5399 ἀλλὰ

303 5427 617 5497 συνελήφθη
669 5432 728 5482 ἐν
776 5430 952 5503 ταύτῃ
994 5435 1021 5487 6
1066 5435 1204 5497 ποὺς
1249 5435 1450 5488 αὐτῶν·
1492 5437 1569 5489 ἴδε
1612 5439 1745 5509 ’γὰρ
1800 5456 1903 5491 κα-

303 5524 591 5592 κουργίαν.
624 5525 687 5577 Εί
732 5524 831 5593 μὲν
862 5525 1029 5589 εἴποι,
1076 5529 1264 5597 φησὶν,
1302 5529 1383 5581 ὅτι
1408 5530 1489 5583 δεῖ
1518 5532 1721 5603 φόρους
1760 5531 1903 5585 διδό-

307 5634 398 5669 ναι
436 5616 702 5685 Καίσαρι,
752 5624 1167 5689 κατηγορητὲος
1203 5624 1340 5691 πρὸς
1386 5624 1479 5677 τὸν
1523 5625 1674 5688 λαὸν,
1708 5626 1782 5689 ὡς
1842 5626 1905 5679 τὸ

305 5708 459 5769 ἔθνος
485 5711 563 5773 εἰς
584 5709 831 5765 δουλείαν
865 5712 1116 5782 ὑπάγων,
1150 5716 1371 5786 σπέρμα
1412 5718 1667 5789 ’Λϐραὰμ
1696 5719 1774 5787 δν,
1808 5720 1905 5773 καὶ

383 5884 403 5915 ⁶
434 5881 538 5941 ιω.
568 5901 682 5954 \‘ttl,
722 5888 808 5943 15.
850 5888 933 5944 H.

2002 4702 2167 4756 habet
2221 4701 2513 4769 imaginem
2571 4710 2625 4753 et
2700 4688 3151 4768 inscr'ptioueut?
3202 4701 3620 4771 Respondentes

2003 4796 2286 4863 dixerunt,
2319 4795 2577 4851 Caesaris.
2612 4795 2678 4848 Et
2743 4794 2817 4847 ait
2859 4781 3001 4846 illis:
3035 4792 3263 4847 Reddite
3309 4809 3443 4863 ergo
3499 4810 3621 4863 qua:

2003 4893 2131 4937 sunt
2171 4886 2427 4950 Ciesaris,
2456 4884 2660 4940 Ctesari
2699 4903 2712 4938 :
2747 4896 2811 4938 eti
2847 4898 2967 4952 qua:
3033 4894 3161 4938 sunt
3210 4882 3325 4943 Dei.
3364 4886 3493 4939 Deo.
3558 4885 3623 4939 Et

2005 4992 2112 5030 non
2168 4988 2469 5046 potuerunt
2515 4976 2739 5031 verbum
2798 4976 2919 5047 ejus
2971 4978 3379 5044 reprehendere
3434 4994 3623 5033 coram

2008 5069 2207 5141 populo
2249 5088 2261 5123 :
2298 5081 2354 5125 et
2407 5071 2589 5125 mirati
2628 5085 2794 5139 super
2829 5084 3096 5138 responso
3137 5071 3278 5140 ejus,
3323 5073 3624 5127 obmutue-

2007 5173 2158 5216 rnut.
2199 5182 2216 5212 ι
2256 5161 2536 5231 Laqueum
2570 5173 2899 5232 paraverant
2945 5161 3233 5225 Pharisaei,
3267 5180 3430 5233 quem
3485 5164 3627 5219 dim-

2008 5256 2131 5317 cile,
2172 5266 2230 5310 ut
2280 5256 2383 5311 sibi
2439 5257 2747 5323 videbatur,
2779 5255 3018 5325 emisere
3061 5264 3274 5325 poterat
3315 5257 3621 5313 Dominus:

2010 5347 2103 5401 sed
2141 5349 2574 5415 cmnprelieusus
2604 5358 2689 5403 est
2729 5348 2820 5402 illo
2875 5364 2971 5418 pes
3021 5363 3234 5403 eorum.
3286 5349 3424 5405 Vide
3477 5350 3623 5404 enim

2018 5437 2303 5492 malitiam.
2336 5437 2470 5492 Nam
2515 5437 2559 5492 si
2608 5439 2826 5507 quidem
2871 5440 3101 5495 dixisset
3150 5437 3393 5493 dandum
3454 5439 3627 5491 tribu-

2019 5539 2131 5583 tum
2165 5530 2393 5594 Caesari,
2438 5543 2797 5586 accusasseut
2830 5548 2954 5586 eum
2992 5532 3135 5602 apud
3164 5531 3424 5602 populum
3480 5533 3625 5599 quod

2014 5623 2068 5677 iu
2115 5624 2435 5679 servitutem
2466 5627 2713 5695 redigere
2748 5629 2965 5681 studeat
2997 5636 3214 5697 gentem
3264 5642 3387 5697 quae
3432 5639 3625 5679 semen

2015 5720 2252 5776 Abrahae
2286 5719 2457 5787 sit,et
2487 5720 2685 5777 nullius
2718 5722 2971 5777 servituti
3003 5721 3237 5778 obnoxia
3270 5738 3285 5776 :
3316 5718 3400 5776 sin
3436 5716 3629 5791 proni-
