4228 6428
689 419 823 483 Ῑῦἰδ

1534 412 2113 477 THEOPHYLACTI
2158 410 2570 471 BULGARUE
2610 410 2965 470 ARCHIEP.

3815 408 3962 472 ιοιι

680 540 888 597 bnisset
941 537 1089 597 dare.
1129 537 1328 591 iterum
1396 539 1462 586 ad
1506 532 1793 599 praesidem
1842 542 1901 585 ut
1950 529 2260 585 seditiosum

2376 525 2566 598 μηδενί
2592 526 2906 579 δουλεῦσαψ
2936 526 2985 577 εἰ
3012 523 3068 576 δέ
3092 524 3290 577 κωλύει
3317 525 3513 596 φόρους
3540 523 3761 588 διδόναι,
3796 523 3972 575 πάλιν

686 632 997 686 traxissent.
1034 628 1233 681 Verum
1290 626 1407 696 ipse
1461 624 1683 692 laqueos
1735 636 1924 679 eorum
1972 618 2158 687 cffugit
2206 625 2264 669 at

680 733 895 788 caprea,
944 732 1051 786 quo
1086 718 1305 770 nomine
1354 716 1531 785 ipsum
1587 714 1640 765 in
1690 710 1934 766 Canticis
1978 707 2265 777 appellavit

679 822 902 876 sponsa,
924 817 979 860 et
1006 807 1163 860 docet
1193 816 1249 859 ut
1272 805 1321 858 ei
1362 803 1455 873 qui
1496 810 1854 871 postestatem
1886 800 2047 854 habet
2094 810 2259 865 super

678 914 905 968 corpora
941 908 1125 953 nostra
1171 897 1523 967 corporaliter
1576 893 1975 963 subjaceamus,
2010 891 2127 943 sive
2164 903 2261 942 rex

685 993 772 1046 ille
805 992 897 1055 sit,
932 991 1046 1044 sive
1093 1001 1378 1059 tyrannus,
1411 988 1547 1042 nihil
1592 989 1737 1041 enim
1774 986 1875 1039 hoc
1911 984 2067 1038 nobis
2106 990 2263 1036 nocet

678 1095 735 1136 nt
804 1084 1155 1149 spiritualiter
1215 1084 1352 1136 bene
1403 1082 1716 1151 placeamus
1769 1078 1881 1133 Deo
1948 1078 2258 1147 spirituum.

677 1173 907 1228 Reddite
926 1174 1093 1237 enim,
1122 1172 1323 1241 inquit,
1355 1188 1473 1239 qua?
1518 1170 1747 1225 Caesaris
1776 1179 1923 1232 sunt,
1953 1165 2176 1230 Caesari,
2207 1172 2263 1217 et

677 1280 797 1332 quae
831 1274 957 1319 sunt
999 1264 1112 1327 Dei,
1147 1264 1275 1318 Deo.
1309 1263 1372 1317 Et
1406 1263 1532 1318 vide
1569 1264 1696 1332 quia
1745 1277 1849 1316 non
1884 1259 2041 1321 dixit,
2088 1261 2212 1311 date
2244 1274 2257 1309 :

677 1357 769 1411 sed
828 1357 1051 1410 reddite.
1107 1356 1354 1409 Debitum
1402 1359 1586 1424 igitur,
1628 1355 1821 1422 inquit,
1874 1361 2007 1407 est:
2046 1350 2260 1404 reddite

679 1448 846 1517 igitur
894 1450 1151 1503 debitum.
1184 1449 1433 1503 Custodit
1470 1460 1521 1504 te
1560 1452 1811 1519 princeps
1839 1456 1961 1501 tuus
2006 1447 2074 1500 ab
2130 1436 2260 1499 hos-

678 1542 844 1603 tihus,
893 1542 1060 1593 vitam
1109 1550 1255 1595 tuam
1308 1554 1556 1609 pacatam
1620 1541 1750 1595 facit
1808 1558 1820 1594 :
1874 1538 2038 1593 debes
2080 1538 2260 1605 itaque

675 1634 724 1687 ei
758 1648 855 1702 pro
878 1634 962 1687 his
1000 1635 1287 1700 tributum,
1314 1634 1621 1703 praesertim
1646 1648 1766 1687 cum
1798 1642 1852 1686 et
1888 1632 2067 1699 ipsum
2098 1645 2257 1696 quem

675 1724 887 1793 profers
914 1741 1215 1791 nummum,
1242 1728 1308 1781 ab
1339 1726 1430 1781 illo
1460 1727 1579 1794 ipso
1597 1726 1781 1779 habes.
1803 1721 1968 1792 Igitur
1989 1722 2259 1776 numisma

679 1817 821 1883 regis
850 1817 1042 1870 iterum
1068 1817 1144 1871 illi
1179 1819 1360 1882 redde,
1399 1819 1614 1871 interim
1645 1830 1824 1871 autem
1856 1816 2019 1888 £55
2050 1816 2145 1869 tibi
2178 1816 2259 1869 lu-

677 1906 870 1969 eraris,
888 1908 1028 1974 quod
1049 1923 1144 1975 per
1162 1908 1356 1977 ipsum,
1375 1923 1495 1978 quae
1512 1910 1633 1961 vitae
1652 1909 1828 1961 debita
1846 1919 1991 1972 sunt,
2007 1916 2262 1975 priestan-

676 2009 782 2051 tur.
802 1997 891 2051 Sic
914 2001 1147 2068 denique
1166 2011 1220 2054 et
1249 2016 1367 2069 qum
1390 2000 1482 2054 Dei
1508 2010 1656 2064 sunt,
1683 1999 1791 2055 Deo
1815 2011 1940 2055 snnt
1965 2001 2260 2055 reddenda.

673 2087 831 2144 Dedit
875 2090 969 2143 tibi
1015 2101 1274 2157 mentem,
1304 2092 1450 2147 illam
1500 2094 1665 2147 redde
1726 2094 1797 2156 ei,
1825 2092 1975 2161 juxta
2027 2100 2261 2145 mentem

671 2199 945 2254 nperans:
983 2184 1133 2238 dedit
1182 2186 1274 2239 tibi
1324 2186 1613 2249 rationem,
1669 2185 1837 2239 redde
1883 2186 1929 2239 ei
1982 2184 2149 2251 illam,
2196 2198 2263 2239 ne

673 2274 776 2328 fias
802 2274 977 2328 brutis
1012 2274 1397 2344 insipientibus
1421 2276 1641 2339 similis,
1675 2276 1771 2329 sed
1804 2275 1974 2330 facias
1997 2277 2181 2328 omnia
2206 2284 2264 2327 ut

678 2368 981 2423 rationalis.
1030 2367 1092 2420 Et
1122 2369 1175 2421 in
1212 2384 1448 2433 summa,
1475 2368 1626 2423 dedit
1659 2369 1753 2423 tibi
1790 2369 2028 2422 animam
2061 2377 2114 2421 et
2141 2380 2264 2421 cor-

674 2471 774 2521 pus
806 2474 821 2510 :
858 2457 1039 2511 omnia
1086 2458 1248 2512 redde
1295 2460 1366 2523 ei,
1404 2468 1457 2513 et
1490 2460 1778 2525 imaginem
1834 2474 1989 2513 suam
2039 2458 2263 2512 restitue

673 2548 720 2602 ei
751 2563 844 2618 per
880 2550 1061 2617 fidem,
1087 2565 1181 2618 per
1211 2566 1382 2618 spem,
1406 2566 1609 2621 perque
1632 2552 1954 2606 charitatem
1982 2551 2258 2605 incedens.

676 2638 821 2694 Sane
850 2650 905 2694 et
946 2641 1102 2695 aliter
1134 2642 1398 2697 reddenda
1440 2652 1565 2696 sunt
1600 2641 1826 2709 Cmsari,
1853 2655 1974 2711 quae
2028 2640 2261 2695 Cmsaris

676 2745 826 2797 sunt,
887 2736 1267 2804 unusquisque
1331 2736 1479 2789 enim
1530 2744 1773 2788 nostrum
1826 2733 2113 2801 imaginem
2167 2732 2261 2786 Dei

675 2834 873 2892 gestat,
909 2824 994 2879 vel
1030 2826 1289 2894 principis
1317 2826 1525 2879 mundi.
1557 2825 1691 2881 Cum
1724 2827 1887 2895 igitur
1924 2825 2131 2879 similes
2162 2840 2264 2879 nos

674 2919 968 2972 fecerimus
1003 2918 1229 2982 Caesari,
1258 2919 1385 2973 facti
1414 2919 1507 2973 filii
1541 2918 1767 2986 diaboli,
1805 2920 2097 2989 imaginem
2144 2920 2261 2987 ejus

671 3021 967 3083 gestantes,
994 3012 1139 3065 illam
1172 3013 1401 3067 reddere
1434 3013 1481 3067 ei
1513 3022 1751 3080 oportet,
1787 3022 1842 3068 et
1887 3012 2121 3080 abjicere
2158 3028 2172 3065 :
2203 3020 2262 3065 ut

671 3102 871 3158 habeat
908 3118 1030 3173 qua:
1077 3118 1199 3167 sua,
1228 3113 1282 3159 et
1318 3104 1457 3158 nihil
1514 3105 1756 3159 inveniat
1811 3104 1865 3158 in
1918 3105 2072 3159 nobis
2115 3107 2259 3174 quod

2368 621 2505 691 πρὸς
2548 618 2639 672 τὸν
2676 619 2919 689 ἡγεμόνα
2975 616 3216 683 ἄξουσιν,
3244 617 3320 680 ὡς
3384 617 3738 684 στασιαστὴν.
3788 614 3850 667 '0
3912 616 3971 668 δέ

2366 715 2492 775 τοὺς
2523 712 2753 783 βρόχους
2785 710 2965 764 αὐτῶν
2997 710 3281 778 ἐκφεύγει,
3310 708 3386 773 ὥς
3415 708 3638 779 δορκάς,
3674 709 3821 760 οὕτω
3854 707 3971 775 γὰρ

2367 808 2531 862 αὐτὸν
2554 809 2611 860 ἐν
2632 806 2709 878 τῷ
2731 807 2973 877 ’ᾼσματι
2996 805 3029 873 ἠ
3055 802 3244 872 νύμφη
3267 801 3544 871 ὠνόμασε,
3576 799 3671 852 καί
3697 798 3969 857 διδάσκει.

2367 900 2545 955 ὅτιτὸ
2622 897 2956 967 σωματικῶς
3011 894 3335 949 ὑποκεῖσθαι
3397 893 3477 963 τῷ
3526 891 3634 945 τῶν
3690 892 3970 960 σωμάτων

2367 992 2525 1064 ἡμῶν
2573 989 2988 1055 ἐξουσιάζοντι,
3049 988 3161 1040 εἴτε
3220 985 3453 1057 βασιλεῖ,
3521 985 3633 1037 εἴτε
3684 984 3967 1054 τυράννῳ,

2366 1085 2520 1138 οὐδὲν
2546 1084 2681 1153 ἡμῖν
2720 1082 3049 1151 λυμαίνεται
3078 1079 3215 1151 πρὸς
3248 1079 3312 1131 τὸ
3353 1077 3672 1146 εὐαρεστεῖν
3710 1090 3971 1143 πνευμα-

2364 1176 2533 1238 τικῶς
2562 1174 2639 1244 τῷ
2665 1173 2784 1243 Θεῷ
2816 1172 2925 1226 τῶν
2948 1170 3302 1240 πνευμάτων.
3344 1169 3599 1221 Ἀπόδοτε
3632 1168 3766 1234 γὰρ,
3803 1166 3966 1235 φησί,

2364 1271 2431 1324 τὰ
2469 1269 2748 1337 Καίσαρος
2774 1269 3037 1337 Καίσαρι,
3060 1267 3154 1317 καὶ
3193 1265 3262 1316 τά
3284 1262 3379 1315 τοῦ
3410 1261 3546 1340 Θεοῦ
3571 1260 3648 1329 τῷ
3678 1258 3823 1328 Θεῷ.
3854 1258 3971 1311 Καὶ

2363 1366 2485 1433 ὅρα,
2504 1363 2602 1414 οῦκ
2622 1356 2741 1412 εἷπε
2757 1360 2907 1418 Δότε,
2928 1358 3042 1411 ἀλλ’
3060 1356 3338 1409 Ἀπόδοτε.
3362 1353 3558 1423 Χρέος,
3580 1353 3769 1421 φησὶν,
3792 1351 3969 1413 ἐστὶν,

2365 1456 2568 1517 ἀπόδος
2624 1453 2719 1507 οὖν
2766 1453 2864 1521 τὴν
2891 1450 3137 1518 ὀφειλὴν.
3169 1448 3435 1501 Φυλάττει
3477 1463 3536 1499 σε
3582 1447 3609 1497 ὁ
3646 1444 3838 1513 ἄρχων
3869 1460 3969 1494 σου

2363 1550 2427 1601 ἐκ
2462 1546 2567 1597 τῶν
2599 1544 2894 1612 πολεμίων,
2931 1542 3024 1593 τὸν
3067 1540 3181 1609 βίον
3222 1556 3316 1591 σου
3359 1538 3635 1605 εἰρηναῖον
3693 1534 3960 1585 καθιστᾶ·

2363 1641 2658 1712 χρεωστεῖς
2679 1636 2773 1689 οῦν
2800 1634 2952 1703 αὐτῷ
2978 1633 3069 1685 τὸν
3101 1631 3269 1700 φόρον
3296 1629 3418 1682 ἀντὶ
3450 1627 3680 1691 τούτων,
3707 1625 3886 1689 ἄλλως
3913 1642 3973 1715 τε

2370 1735 2466 1786 καί
2495 1730 2651 1797 αὐτὸ,
2676 1729 2704 1782 ὃ
2732 1724 3087 1799 προσφέρεις,
3123 1723 3399 1787 τουτέστι,
3433 1720 3494 1773 τὸ
3528 1720 3801 1788 νόμισμα,
3834 1734 3955 1785 παρ

2363 1822 2571 1876 ἐκείνου
2623 1818 2789 1871 αὑτοῦ
2842 1816 3007 1887 ἔχεις.
3035 1815 3109 1867 Τὸ
3138 1814 3232 1867 οῦν
3264 1812 3360 1865 τοῦ
3415 1810 3684 1881 βασιλέως
3718 1808 3975 1878 νόμισμα

2370 1913 2567 1975 ἀπόδος
2602 1910 2766 1963 πάλιν
2796 1908 2964 1977 αὐτῷ,
3010 1907 3101 1959 Ἐν
3140 1905 3218 1976 τῷ
3246 1904 3399 1975 μέσῳ
3420 1904 3478 1956 δὲ
3505 1901 3861 1973 κεκέρδηκας
3904 1900 3974 1953 δι’

2368 2004 2537 2058 αὑτοῦ
2571 2001 2981 2065 συναλλάσσων,
3017 1999 3115 2052 καὶ
3158 1998 3228 2050 τὰ.
3260 1994 3397 2067 πρδς
3427 1996 3519 2049 τὸν
3555 1994 3670 2065 βίον
3726 1992 3971 2064 χρειώδη

2370 2095 2884 2167 μεταχειριζόμενος
2910 2108 2923 2123 ’
2949 2091 3142 2161 ῶσπερ
3194 2088 3389 2159 ἀμέλει
3423 2088 3516 2141 καί
3562 2089 3628 2141 τὰ
3685 2087 3783 2140 τοῦ
3826 2084 3969 2139 Θεοῦ

2364 2194 2441 2261 τῷ
2485 2190 2606 2260 Θεῷ
2654 2190 2737 2241 δεῖ
2791 2186 3127 2242 ἀποδιδόναι.
3168 2183 3383 2237 Δέδωκέ
3438 2199 3522 2235 σοι
3576 2179 3725 2245 νοῦν,
3770 2179 3976 2241 ἀπόδος

2365 2287 2529 2351 αὑτὸν
2558 2282 2716 2354 αὑτῷ
2754 2281 2901 2336 κατά
2930 2279 3057 2335 νοῦν
3091 2279 3353 2350 ἐνεργῶν.
3404 2277 3615 2330 Δέδωκέ
3661 2294 3744 2329 σοι
3785 2276 3972 2345 λόγον,

2365 2379 2564 2442 ἀπόδος
2620 2377 2786 2430 αὑτὸν
2848 2372 3021 2443 αὐτῷ,
3058 2372 3135 2442 μὴ
3191 2368 3804 2441 συμπαραϐαλλόμενος
3860 2369 3977 2429 τοῖς

2367 2477 2593 2545 κτήνεσι
2618 2475 2733 2535 τοῖς
2770 2471 3043 2541 ἀνοήτοις,
3077 2469 3192 2522 ἀλλ’
3216 2468 3292 2530 ὡς
3322 2466 3544 2533 λογικὸς
3577 2466 3761 2519 πάντα
3795 2465 3975 2534 πρατ-

2362 2586 2492 2623 των.
2548 2570 2660 2622 Καὶ
2711 2564 2902 2627 ἁπλῶς
2957 2562 3161 2616 δέδωκέ
3223 2579 3307 2614 σοι
3366 2559 3566 2631 ψυχὴν,
3630 2560 3730 2611 καὶ
3784 2557 3973 2629 σῶμα,

2365 2663 2545 2716 πάντα
2576 2660 2773 2722 ἀπόδος
2798 2656 2971 2728 αὐτῷ,
2999 2658 3097 2710 καὶ
3130 2656 3228 2725 τὴν
3261 2655 3448 2708 εἰκόνα
3471 2653 3640 2707 αὑτοῦ
3676 2654 3974 2707 ἀποκατά-

2367 2768 2566 2820 στησον
2606 2749 2753 2817 αὑτῷ
2792 2748 2881 2801 διὰ
2927 2748 3188 2811 πίστεως,
3235 2746 3303 2799 δι’
3347 2744 3588 2808 ἐλπίδος,
3617 2744 3686 2797 δι’
3742 2745 3973 2814 ἀγάπης

2368 2844 2621 2915 βαδίζων.
2664 2843 2774 2895 Καὶ
2822 2840 2928 2911 μὴν
2974 2841 3070 2893 καὶ
3120 2838 3325 2911 ἑτέρως
3377 2838 3483 2909 χρὴ
3534 2836 3852 2890 ἀποδιδόναι
3904 2836 3973 2889 τά

2364 2935 2645 3005 Καίσαρος
2680 2934 2921 3002 Καίσαρι
2947 2948 2962 2963 ·
2979 2930 3218 2999 ἕκαστος
3247 2930 3357 3001 γάρ
3376 2929 3533 2999 ἡμῶν
3559 2928 3593 2998 ἢ
3618 2927 3757 2981 Θεοῦ
3781 2928 3972 2981 εἰκόνα

2364 3029 2543 3099 φορεῖ,
2572 3025 2605 3096 ἢ
2642 3024 2737 3079 τοῦ
2763 3024 3238 3094 κοσμοκράτορος.
3265 3023 3440 3075 Ὅταν
3471 3016 3567 3075 οὖν
3595 3020 3969 3091 ὁμοιώσωμεν

2363 3120 2590 3183 ἑαυτοὺς
2621 3118 2699 3190 τῷ
2728 3118 2991 3187 Καίσαρι,
3022 3118 3130 3171 υἰοί
3148 3114 3243 3169 τοῦ
3260 3115 3513 3169 διαϐόλου
3536 3114 3839 3185 γινόμενοι,
3868 3115 3970 3185 τὴν

673 3197 895 3265 proprie
930 3211 1088 3251 suum
1110 3197 1202 3253 sit.
1237 3196 1314 3252 ita
1345 3207 1395 3252 et
1426 3199 1604 3267 imago
1633 3197 1726 3252 Dei
1758 3208 2009 3253 servetur
2044 3212 2073 3252 a
2102 3197 2259 3253 nobis

2364 3215 2548 3269 εἰκόνα
2569 3212 2734 3267 αὐτοῦ
2758 3212 3056 3283 φοροῦμιν,
3093 3210 3163 3281 ην
3189 3210 3274 3264 δεῖ
3302 3208 3616 3265 ἀποδιδόναι
3652 3208 3829 3277 αὐτῷ,
3874 3211 3971 3262 καὶ

672 3290 1126 3345 incontaminata.
1182 3290 1395 3347 Idcirco
1428 3301 1485 3347 et
1537 3290 1740 3347 Paulus
1794 3291 2075 3355 admonet,
2123 3291 2264 3346 sicut

670 3383 1011 3449 portavimus
1058 3381 1352 3451 imaginem
1419 3384 1667 3449 terreni,
1731 3384 1804 3437 ita
1858 3391 2143 3453 portemus
2208 3391 2266 3438 et

670 3476 965 3547 imaginem
1029 3477 1314 3543 caelestis;
1368 3478 1387 3509 ⁷
1437 3489 1493 3532 et
1554 3477 1661 3532 alio
1715 3478 1834 3532 loco
1892 3493 1907 3531 :
1966 3476 2257 3547 Deponen-

676 3578 755 3622 tes
822 3578 1059 3623 veterem
1123 3568 1400 3623 hominem
1448 3569 1490 3622 ⁸.
1536 3568 1690 3636 Quod
1737 3568 1839 3623 hoc
1899 3568 2020 3623 loco
2062 3568 2266 3623 dicitur

668 3663 845 3727 reddi,
902 3662 957 3716 id
1005 3657 1147 3731 apud
1201 3660 1428 3716 Paulum
1480 3661 1683 3717 dicitur
1724 3662 1973 3732 deponi:
2026 3671 2081 3717 et
2117 3663 2262 3732 quod

670 3763 761 3815 hic
818 3760 995 3830 imago
1042 3759 1303 3823 Caesaris,
1328 3760 1430 3814 hoc
1481 3760 1593 3814 illic
1645 3760 1823 3831 imago
1880 3762 2079 3815 terreni
2134 3774 2261 3829 pec-

671 3851 873 3908 catoris
907 3893 923 3919 ,
982 3853 1113 3907 Adae
1163 3854 1397 3917 scilicet,
1450 3868 1514 3908 ac
1564 3854 1765 3908 veteris
1815 3853 2072 3908 hominis.
2127 3854 2262 3907 Nam

670 3949 847 4014 imago
886 3946 1084 4001 terreni
1114 3944 1250 3999 nihil
1290 3946 1434 4001 aliud
1460 3960 1622 4016 quam
1666 3946 1957 4017 corruptio
1986 3956 2041 4001 et
2070 3960 2262 4015 pecea-

672 4051 805 4103 tum,
838 4040 983 4107 quod
1036 4040 1326 4094 habuimus
1374 4039 1667 4094 assimilari
1712 4049 2000 4110 apostatae,
2054 4050 2110 4094 et
2150 4054 2259 4093 non

670 4134 805 4201 regi.
831 4132 1004 4186 Porro
1028 4146 1131 4186 non
1161 4142 1462 4202 potuerunt
1488 4131 1749 4188 Pharisaei
1778 4134 2248 4203 comprehendere

666 4224 850 4278 Jesum
884 4224 935 4275 in
968 4237 1222 4278 sermone
1252 4236 1439 4276 coram
1462 4224 1658 4290 populo
1688 4239 1703 4286 ;
1729 4222 1821 4278 hic
1851 4225 1995 4277 enim
2022 4222 2260 4276 maxime

668 4316 1030 4381 conabantur,
1066 4324 1125 4369 ut
1157 4314 1295 4382 apud
1325 4313 1581 4381 populum
1604 4315 1777 4381 ipsum
1820 4327 2082 4366 accusare
2111 4311 2257 4365 vale-

669 4421 808 4474 rent,
842 4411 985 4479 quod
1017 4408 1169 4464 illum
1204 4409 1454 4463 servituti
1480 4406 1909 4477 Romanipopuli
1939 4407 2210 4475 subigeret
2239 4420 2258 4458 :

668 4501 762 4555 sed
820 4499 1033 4557 efﬁcere
1080 4499 1213 4553 nihil
1268 4500 1582 4564 valuerunt,
1617 4508 1837 4570 propter
1890 4496 2250 4554 excellentem

668 4592 843 4662 ipsius
874 4591 1217 4661 sapientiam.

739 4871 901 4927 Vens.
934 4869 1124 4923 27-40.
1169 4888 1186 4920 ι
1224 4869 1588 4923 Aceesserunt
1640 4877 1820 4924 autem
1868 4870 2090 4938 quidam
2117 4870 2256 4926 Sad-

666 4967 971 5017 ducaaorum
1012 4962 1107 5029 qui
1160 4971 1358 5032 negant
1395 4975 1518 5015 esse
1570 4962 2048 5029 resurrectionem,
2086 4974 2137 5018 et
2165 4966 2251 5020 in-

667 5062 1083 5123 terrogaverunt
1155 5068 1314 5118 eum,
1385 5054 1631 5110 dicentes
1667 5072 1680 5109 :
1716 5054 2009 5125 Magister,
2078 5056 2256 5113 Moses

666 5146 888 5215 scripsit
910 5144 1066 5197 nobis
1096 5161 1107 5197 :
1133 5145 1177 5197 si
1202 5144 1354 5212 cujus
1374 5145 1543 5199 frater
1569 5154 1817 5201 mortuus
1850 5144 2018 5200 fuerit
2047 5145 2255 5203 habens

667 5253 913 5303 uxorem,
946 5239 1100 5306 isque
1129 5237 1245 5292 sine
1276 5238 1462 5292 liberis
1508 5252 1755 5292 mortuus
1804 5237 1988 5304 fuerit,
2022 5247 2080 5291 ut
2106 5239 2249 5294 acci-

667 5331 972 5398 piatfrater
1022 5334 1140 5398 ejus
1192 5346 1439 5396 uxorem,
1486 5343 1540 5385 et
1590 5332 1818 5386 suscitet
1857 5346 2042 5386 semen
2097 5332 2252 5389 fratri

664 5438 785 5476 suo.
814 5423 1033 5494 Septem
1083 5438 1212 5493 ergo
1244 5421 1443 5477 fratres
1486 5432 1665 5489 erant,
1698 5433 1753 5479 et
1780 5425 1989 5494 primus
2038 5425 2253 5491 accepit

658 5533 910 5581 uxorem,
944 5532 1008 5572 ac
1044 5529 1291 5575 mortuus
1328 5528 1412 5574 est
1441 5520 1563 5574 sine
1597 5520 1780 5575 liberis
1807 5539 1820 5574 :
1845 5532 1899 5577 et
1928 5522 2142 5589 accepit
2170 5534 2258 5577 se-

660 5613 872 5666 cundus
924 5612 1092 5676 illam,
1126 5621 1181 5665 et
1220 5612 1335 5681 ipse
1384 5624 1637 5668 mortuus
1668 5622 1754 5668 est
1795 5613 1915 5671 sine
1942 5614 2133 5672 liberis
2162 5633 2175 5669 :
2204 5623 2259 5670 et

663 5705 853 5760 tertius
902 5705 1114 5774 accepit
1166 5703 1347 5771 illam,
1390 5706 1644 5761 similiter
1692 5715 1749 5762 et
1790 5709 1969 5765 caeteri
2021 5719 2253 5781 septem,

728 5884 793 5941 Ἰ
828 5886 950 5943 Cor.
990 5903 1059 5943 xv
1132 5887 1216 5942 ιο.
1296 5887 1314 5917 ⁸
1346 5886 1552 5945 Coloss.
1612 5905 1693 5959 ιιι,
1730 5890 1783 5945 9.

2367 3307 2736 3381 ἀπορρίπτειν
2785 3304 2852 3357 ἵν’
2910 3304 3022 3374 ἔχοι
3079 3302 3150 3355 τά
3210 3303 3449 3370 ἑαυτοῦ,
3498 3302 3596 3356 καί
3657 3302 3832 3373 μηδὲν
3909 3304 3969 3354 ἐν

2366 3403 2499 3473 ημῖν
2524 3398 2757 3471 εὑρίσκῃ
2796 3397 2997 3450 οἰκεῖον
3030 3395 3221 3459 αὐτοῦ,
3244 3394 3419 3458 οὕτως
3452 3395 3564 3466 γὰρ
3590 3398 3692 3448 καὶ
3728 3396 3762 3465 ἡ
3799 3393 3971 3447 εἰκὼν

2364 3495 2459 3548 τοῦ
2489 3492 2625 3547 Θεοῦ
2645 3491 2854 3562 ἀμιγὴς
2879 3488 3149 3561 τηρηθείη
3178 3490 3336 3559 ἡμῖν.
3370 3486 3465 3541 Διὸ
3500 3487 3717 3551 Παῦλος
3764 3502 3973 3556 παραι-

2367 3589 2471 3654 νεῖ,
2526 3584 2731 3649 Καθὼς
2784 3583 3131 3655 ἐφορέσαμεν
3179 3582 3281 3653 τὴν
3339 3582 3525 3637 εἰκόνα
3574 3581 3670 3635 τοῦ
3731 3579 3969 3652 χοῖκοῦ,

2366 3682 2691 3755 φορέσωμεν
2722 3681 2817 3734 καὶ
2844 3680 2945 3749 τὴν
2969 3678 3153 3733 εἰκόνα
3184 3678 3281 3731 τοῦ
3315 3677 3667 3749 ἐπουρανίου.
3706 3676 3819 3729 Καὶ
3868 3673 3970 3726 ἀλ-

2364 3773 2556 3845 λαχοῦ·
2608 3772 2969 3843 Ἀποθέμενοι
3015 3771 3106 3825 τὸν
3139 3770 3373 3825 παλαιὸν
3416 3770 3726 3840 ἄνθρωπον.
3784 3769 3971 3836 Ὅπερ

2364 3865 2603 3918 ἐνταῦθα
2629 3865 2848 3934 εῐρηται
2878 3862 3218 3923 ἀποδιδόναι,
3248 3861 3409 3915 τοῦτο
3444 3862 3599 3929 παρά
3638 3858 3717 3928 τῷ
3762 3859 3969 3924 Παύλῳ

2363 3957 2424 4009 τὸ
2449 3953 2776 4017 ἀποθέσθαι,
2805 3954 2901 4006 καί
2930 3953 2959 4006 δ
2988 3952 3228 4007 ἐνταῦθα
3263 3953 3429 4006 εἰκὼν
3456 3954 3766 4023 Καίσαρος,
3800 3951 3967 4003 τοῦτο

2363 4051 2481 4105 ἐκεῖ
2499 4046 2665 4101 εἰκὼν
2682 4046 2869 4117 χοϊκοῦ
2898 4046 2994 4099 τοῦ
3020 4045 3348 4117 ἀμαρτωλοῦ
3378 4046 3619 4109 πάντως,
3667 4045 3845 4113 Ἀδὰμ
3869 4045 3969 4097 καὶ

2364 4140 2595 4195 παλαιοῦ
2632 4139 2947 4207 ἀνθρώπου.
2994 4138 3061 4190 Ἠ
3093 4140 3205 4207 γὰρ
3234 4138 3401 4191 εἰκὼν
3432 4136 3529 4190 τοῦ
3562 4134 3775 4206 χοϊκοῦ,
3810 4134 3967 4189 οὐδὲν

2361 4233 2513 4294 ἄλλο,
2540 4230 2632 4301 ἢή
2678 4230 2876 4299 φθορὰ.
2909 4230 3006 4283 καί
3055 4231 3087 4299 ὴ
3120 4230 3389 4299 ἁμαρτία,
3424 4229 3493 4299 ἢν
3520 4230 3763 4299 ἔσχομεν
3823 4230 3966 4295 ἀφοο

2365 4324 2692 4397 μοιωθέντες
2728 4322 2807 4393 τῷ
2855 4323 3163 4394 ἀποστάτῃ,
3197 4322 3290 4374 καὶ
3322 4322 3396 4391 μὴ
3440 4320 3520 4391 τῷ
3572 4321 3808 4391 βασιλεῖ.
3845 4321 3965 4374 Οὐκ

2364 4415 2591 4484 ῖσχυσαν
2627 4413 2721 4465 οὖν
2762 4414 2812 4466 οἰ
2862 4413 3150 4483 Φαρισαῖοι
3204 4411 3560 4465 ἐπιλαϐέσθαι
3615 4411 3713 4464 τοῦ
3787 4410 3963 4483 Ἰησοῦ

2361 4506 2596 4561 ἐνώπιον
2610 4505 2705 4558 τοῦ
2735 4503 2887 4558 λαοῦο
2913 4505 2973 4557 τὸ
2996 4505 3108 4576 γάρ
3132 4504 3571 4571 σπουδαζόμενον
3609 4504 3825 4568 αὐτοῖς,
3861 4504 3963 4572 μά-

2170 4634 2171 4637 η
2284 4564 2332 4621 D
2364 4600 2524 4653 λιστα
2545 4598 2710 4652 τοῦτο
2734 4594 2825 4670 ἦν,
2852 4598 2915 4651 τὸ
2940 4564 3091 4669 πρδξ
3115 4598 3209 4651 τὸν
3256 4564 3385 4650 λαὸν
3410 4564 3695 4650 διαϐαλεῖν
3744 4564 3962 4663 τοῦτον,

2365 4698 2442 4760 ὡς
2483 4692 2921 4747 καταδουλοῦντα
2960 4696 3073 4755 τοῖς
3121 4690 3416 4761 Ῥωμαῖοις
3460 4696 3521 4744 τὸ
3568 4690 3746 4755 ἔθνος,
3777 4692 3807 4744 δ
3864 4692 3965 4744 οὐκ

2367 4792 2596 4860 ἴσχυσαν
2624 4786 2844 4841 τελέσαι
2872 4786 2961 4840 διά
2985 4786 3084 4857 τὴν
3112 4786 3424 4856 ὑπέρσοφον
3456 4784 3619 4839 αὑτοῦ
3643 4786 3961 4854 ἀπόκρισιν.

2436 4880 2837 4952 Προσελθόντες
2867 4878 2922 4932 δέ
2947 4895 3091 4943 τινες
3111 4878 3222 4931 τῶν
3276 4878 3651 4931 Σαδδουκαίων
3670 4920 3683 4943 ,
3713 4880 3766 4932 οἰ
3817 4882 3966 4932 ἀντι-

2364 4972 2614 5041 λέγοντες
2648 4974 2948 5027 ἀνάστασιν
2972 4971 3048 5043 μὴ
3087 4968 3228 5026 εἶναι
3252 5012 3268 5036 ,
3318 4971 3622 5043 ἐπηρώτων
3666 4970 3840 5024 αὐτὸν
3873 4972 3964 5024 u-

2361 5083 2552 5135 γοντες
2574 5083 2587 5097 ·
2613 5067 2937 5132 Διδάσκαλε,
2968 5065 3177 5135 Μωσῆς
3199 5063 3441 5135 ἔγραψεν
3467 5065 3622 5134 ἡμῖν,
3666 5064 3798 5118 Ἐάν
3819 5080 3966 5128 τινος

2360 5159 2589 5229 ἀδελφὸς
2633 5159 2885 5232 ἀποθάνῃ
2922 5158 3064 5229 ἔχων
3102 5160 3361 5227 γυναῖκα.
3398 5159 3495 5211 καί
3527 5150 3681 5220 οὗτος
3730 5156 3966 5218 ἀτεκνος

2358 5252 2627 5324 ἀποθάνῃ.
2662 5252 2751 5305 ἵνα
2780 5250 2920 5324 λάϐῃ
2953 5254 2981 5304 ό
3011 5250 3242 5319 ἀδελφὸς
3260 5249 3429 5304 αὑτοῦ
3452 5250 3551 5318 τὴν
3577 5250 3845 5316 γυναῖκα,
3870 5250 3966 5301 καὶ

2360 5347 2702 5419 ἐξαναστήσῃ
2741 5346 2965 5417 σπέρμα
3010 5344 3088 5413 τῷ
3119 5343 3333 5415 ἀδελφῷ
3368 5343 3534 5397 αὑτοῦ
3568 5384 3583 5398 .
3639 5342 3826 5396 Ἐπτά
3868 5338 3965 5395 οὖν

2358 5435 2581 5504 ἀδελφοί
2617 5432 2781 5508 ἦσαν,
2814 5439 2907 5489 καὶ
2950 5438 2978 5489 ό
3010 5436 3228 5507 πρῶτος
3260 5434 3445 5488 λαϐὼν
3493 5436 3734 5502 γυναῖκα
3758 5475 3773 5496 ,
3827 5433 3964 5486 dﬂ-

2360 5531 2521 5585 θανεν
2542 5532 2791 5597 ἄτεκνος.
2820 5534 2918 5586 καὶ
2952 5531 3145 5585 ἐλαϐεν
3179 5532 3208 5583 ό
3243 5530 3499 5601 δεύτερος
3545 5528 3645 5597 τὴν
3694 5530 3959 5595 γυναῖκα,

2357 5625 2451 5677 καὶ
2480 5616 2636 5688 οὗτος
2668 5624 2943 5678 ἀπέθανεν
2973 5624 3221 5689 ἄτεκνος,
3379 5624 3409 5675 ό
3432 5623 3615 5693 τρίτος
3648 5621 3960 5675 ἔλαϐε-δαῦ-

2356 5712 2477 5787 τὴν,
2504 5715 2766 5781 ὡσαύτως
2782 5716 2841 5769 δὲ
2863 5716 2957 5775 καὶ
2978 5718 3027 5770 οἰ
3049 5716 3210 5781 ἐπτά,
3246 5716 3339 5768 καὶ
3355 5716 3415 5768 οὐ
3447 5714 3748 5768 κατέλιπον
3769 5715 3955 5775 τέκνα,
