4228 6428
243 416 383 482 ιωδ

1003 413 1451 474 ΕΝᾹΙΗΚΛΤΙΟ
1499 414 1573 472 lN
1613 412 2119 474 EV.i..\'t3El.lUlll
2163 409 2400 467 LUCJS.
2429 435 2480 445 ο
2511 407 2669 468 CAP.
2706 405 2835 465 XX.

3426 397 3563 464 1046

233 532 331 584 καὶ
358 529 652 583 ἀπέθανον.
690 527 946 596 ’Υστεροι
985 527 1201 580 πάντων
1225 526 1463 579 ἀπέθανε
1495 528 1586 579 καὶ
1621 527 1836 598 ήγυνή.

1967 540 2048 580 iec
2079 524 2422 591 reliquerunt
2458 521 2684 585 liberos,
2719 530 2775 574 et
2811 519 3010 573 mortui
3067 528 3217 573 sunt.
3255 516 3563 574 Novissima

244 625 337 676 Ἐν
381 623 446 691 τῇ
484 619 577 674 οὖν
626 619 954 684 ἀναστάσει,
991 619 1134 680 τίνος
1183 619 1365 670 αὐτῶν
1412 619 1622 687 γίνεται
1663 621 1837 690 γυνή;

231 717 298 768 Ol
331 715 443 784 γὶρ
473 712 613 766 ἐτττά
639 711 798 780 ἔσχον
840 712 1014 782 αὐτὴν
1049 713 1306 778 γυναῖκα.
1361 713 1471 764 Καὶ
1517 712 1841 780 ἀποκριθεὶς

231 805 390 858 εἶπεν
423 805 608 867 αὐτοῖς
641 805 670 855 ὁ
719 803 930 874 Ἰησοῦς
961 819 975 831 ⁸
1014 807 1075 856 Οί
1111 805 1216 856 υἱοὶ
1265 804 1360 856 τοῦ
1412 804 1611 868 αἰῶνος
1643 804 1840 857 τούτου

231 898 474 968 γαμοῦσι
506 898 600 950 καὶ
619 898 1055 966 ἐκγαμίσιιονται
1082 915 1092 926 ’
1122 898 1170 950 oi
1194 898 1250 950 δὲ
1276 897 1707 963 καταξιωθέντες
1745 896 1839 950 τοῦ

231 996 428 1055 αἰῶνος
465 992 676 1044 ἐκείνου
726 993 908 1060 τυχεῖν
934 1033 948 1053 ,
987 991 1082 1044 καὶ
1125 992 1223 1060 τῆς
1253 992 1608 1055 ἀναστάσεως
1643 991 1745 1060 τῆς
1774 995 1840 1044 ἐκ

231 1085 447 1152 νεκρῶν
470 1125 484 1148 ,
525 1082 650 1137 οὖέ
687 1084 960 1154 γαμοῦσιν
987 1126 1002 1148 ,
1037 1084 1160 1139 οὔτε
1210 1085 1664 1154 ἐκγαμίσκονται.
1700 1084 1840 1138 Οῦτε

231 1181 345 1249 γὰρ
371 1179 665 1231 ἀποθανεῖν
696 1181 776 1233 ετι
806 1179 1090 1245 δύνανται,
1132 1181 1413 1248 ἰσάγγελοι
1441 1181 1551 1250 γάρ
1577 1181 1708 1243 εισι,
1746 1181 1841 1234 καὶ

231 1275 341 1326 uio‘:
369 1273 462 1326 τοῦ
515 1272 674 1335 Θεοῦ,
719 1273 817 1340 τῆς
864 1274 1220 1336 ἀναστάσεως
1269 1274 1376 1327 υἱοὶ
1415 1274 1590 1336 ὄντες.
1625 1273 1751 1327 Ὀτι
1781 1273 1840 1326 δέ

237 1365 552 1432 ἐγείρονται
584 1366 632 1416 oi
665 1364 877 1434 νεκροὶ,
915 1361 1012 1417 καὶ
1050 1365 1260 1434 Μωσῆς
1298 1367 1576 1435 ἐμήνυσεν
1618 1367 1712 1420 ἐπὶ
1740 1367 1842 1435 τῆς

237 1456 426 1524 βάτου,
458 1459 536 1520 ὡς
593 1457 741 1524 λέγει
781 1457 985 1528 Κύριον
1016 1459 1108 1512 τὸν
1137 1459 1271 1512 Θεὸν
1311 1459 1586 1531 Ἀϐραὰμ.
1621 1461 1718 1514 καὶ
1745 1459 1841 1514 τὸν

233 1548 371 1600 Θεὸν
415 1549 616 1609 Ἰσαὰκ,
649 1551 744 1602 καὶ
784 1551 877 1602 τὸν
911 1551 1046 1604 Θεὸν
1087 1551 1304 1606 Ἰακώϐ.
1341 1553 1476 1617 Θεὸς
1502 1554 1558 1607 δὲ
1588 1556 1690 1608 οὐκ
1722 1553 1841 1608 ἔστι

236 1641 474 1710 νεκρῶν.
497 1642 633 1694 ἀλλά
657 1643 1118 1709 ζώντων,’πάντες
1135 1646 1246 1716 γὰρ
1276 1647 1428 1717 αῦτῷ
1450 1648 1641 1712 ζῶσιν.
1681 1649 1842 1701 Ἀπο-

240 1735 519 1801 κριθέντες
561 1736 616 1788 δέ
664 1753 808 1799 τινες
856 1739 966 1790 τῶν
996 1740 1384 1809 Γραμματέων
1427 1736 1626 1794 εἶπον·
1681 1742 1844 1794 Διδά-

240 1826 434 1889 σκαλε,
470 1825 650 1889 καλῶς
681 1822 867 1888 εἶπας.
899 1828 1014 1882 Οὐκ
1044 1829 1124 1882 ἔτι
1158 1830 1214 1883 δὲ
1263 1832 1509 1902 ἐτόλμων
1553 1833 1843 1903 ἐπερωτᾷν

1946 617 2193 674 omnium
2223 625 2439 671 mortua
2455 623 2538 670 est
2563 625 2619 669 et
2648 613 2864 668 mulier.
2895 613 2951 667 ln
2974 615 3383 667 resorrectione
3406 629 3560 680 ergo,

1945 712 2103 780 cujus
2133 725 2324 764 eorum
2347 709 2451 761 erit
2494 708 2677 761 uxor?
2713 707 2986 775 siquidem
3018 704 3566 770 septemhalmernnt

1945 821 2066 860 eam
2123 819 2373 858 uxorem.
2419 803 2485 856 Et
2529 796 2873 870 respondens
2927 799 3003 853 ait
3050 798 3157 851 illis
3204 796 3408 851 Jesus:
3440 795 3564 850 Filii

1947 897 2108 961 hujus
2153 894 2338 949 saeculi
2393 895 2605 948 ducunt
2649 909 2874 955 uxores,
2911 903 2966 946 et
3016 899 3246 958 nuptum
3309 889 3509 943 dantur
3547 905 3560 940 :

1952 989 2027 1042 illi
2066 1003 2197 1042 vero
2233 988 2326 1057 qui
2357 986 2504 1057 digni
2537 986 2884 1041 habebuntur
2910 985 3113 1038 smculo
3145 983 3259 1045 illo,
3292 992 3346 1035 et
3377 998 3566 1035 resur-

1949 1079 2192 1136 reCIione
2220 1094 2287 1133 ex
2325 1078 2583 1143 mortuis,
2638 1091 2817 1146 neque
2851 1078 3062 1130 ducunt
3107 1089 3333 1138 uxores,
3391 1088 3568 1140 neque

1948 1185 2180 1241 nuptum
2217 1172 2439 1234 dantur,
2477 1185 2656 1235 neque
2709 1170 2854 1224 enim
2912 1169 3052 1221 ultra
3121 1168 3260 1221 mori
3313 1176 3564 1234 possunt.

1945 1265 2215 1335 IEqualcs
2262 1265 2411 1319 enim
2451 1265 2662 1336 angelis
2699 1273 2847 1327 sunt,
2891 1276 2945 1318 et
2979 1264 3072 1317 lilii
3105 1274 3235 1316 sunt
3290 1262 3405 1326 Dei,
3441 1275 3566 1312 eum

1946 1360 2055 1414 sint
2089 1359 2186 1413 lilii
2229 1359 2680 1414 resurrectionis.
2721 1359 2877 1423 Quod
2913 1373 3042 1412 vero
3076 1365 3369 1424 resurgant
3419 1370 3569 1406 tuor-

1949 1452 2047 1515 lui,
2081 1462 2136 1506 et
2167 1451 2346 1505 Moses
2379 1451 2621 1506 ostendit
2671 1451 2826 1518 juxta
2881 1450 3102 1511 rubum,
3136 1465 3259 1502 ('ttttl
3289 1449 3423 1501 dit-it
3461 1447 3568 1500 Do-

1947 1544 2156 1598 tninum
2214 1543 2384 1599 Deum
2441 1543 2745 1607 Abraham,
2777 1553 2832 1596 et
2871 1543 3040 1595 Deum
3099 1543 3272 1603 Isaae,
3311 1549 3364 1592 et
3399 1540 3568 1593 Deum

1946 1633 2120 1691 Jacob
2158 1652 2172 1688 :
2208 1635 2350 1689 Deus
2400 1647 2584 1688 autem
2624 1651 2729 1688 non
2777 1644 2860 1688 est
2895 1645 3262 1696 mortuorum,
3293 1633 3388 1685 sed
3419 1632 3570 1682 vivo-

1950 1743 2068 1780 rum
2097 1743 2112 1792 ;
2146 1742 2340 1781 omnes
2370 1726 2516 1780 enim
2564 1727 2638 1780 illi
2673 1727 2882 1781 vivunt.
2921 1724 3341 1792 liespondeutes
3382 1732 3568 1776 autem

1949 1820 2170 1888 quidam
2391 1819 2716 1875 Scribarum
2741 1821 3000 1874 dixerunt
3033 1839 3046 1874 :
3083 1821 3365 1889 Magister,
3432 1821 3572 1873 bene

239 1916 406 1967 αὑτὸν
431 1915 604 1968 οὐδέν.
645 1935 662 1968 ι
714 1917 929 1988 Σαθράν
976 1920 1388 1990 ὑποστήσαντες
1428 1923 1674 1991 κρηπῖδα
1713 1923 1844 1974 ἐαυ-

1965 1885 2168 1968 dixisti.
2208 1885 2542 1982 étva'mplius
2585 1929 2694 1970 non
2751 1914 3028 1968 audebant
3086 1885 3212 1966 cum
3267 1914 3569 1982 quidquam

241 2008 355 2068 τοῖς
389 2007 438 2058 οί
471 2007 869 2074 Σαδδουκαῖοι,
904 2010 1230 2080 διηπίστουν
1259 2016 1374 2076 τοῖς
1413 2014 1544 2082 περὶ
1599 2012 1845 2066 ἀναστά-

240 2115 385 2161 σεως
416 2098 617 2166 λόγοις,
647 2101 979 2173 Σωματικὴν
1009 2105 1120 2172 γάρ
1139 2105 1420 2175 διαγωγήν
1447 2105 1671 2159 ἔσεσθαι
1699 2107 1756 2158 ἐν
1777 2108 1844 2176 τῇ

239 2193 539 2246 ἀναστάσει
570 2195 957 2259 ὑπονοοῦντες,
985 2200 1213 2260 εἰκότως
1241 2199 1593 2267 ἐσφάλλοντο,
1634 2201 1716 2254 διὸ
1754 2200 1849 2253 καὶ

240 2285 322 2346 ὡς
369 2285 572 2339 ἄτοπον
632 2285 1018 2351 διαϐάλλοντες
1072 2290 1134 2342 τὸ
1176 2291 1434 2360 περὶτῆς
1490 2292 1848 2354 ἀναστάσεως

239 2377 444 2445 δόγμα,
479 2378 809 2433 πλάττονται
852 2381 952 2450 τὴν
975 2381 1205 2450 ἀνόητον
1235 2383 1491 2454 διήγησιν
1514 2384 1744 2455 ταύτην.
1789 2385 1849 2440 Ὀ

243 2464 346 2522 οὖν
407 2469 612 2539 Κύριος
662 2474 762 2541 τὴν
810 2475 1053 2543 κρηπῖδα
1107 2476 1293 2538 αὐτοῖς
1339 2476 1722 2543 διασαλεύσας,
1759 2481 1852 2532 καὶ

242 2560 429 2625 δείξας
472 2564 557 2616 δτι
590 2566 694 2617 οὐκ
743 2564 859 2618 ἐστι
894 2568 1188 2638 σωματικὴ
1218 2570 1489 2641 διαγωγή,
1524 2572 1644 2624 τότε
1689 2572 1852 2636 εὐθὺς

243 2659 313 2724 τῇ
340 2656 514 2728 σαθρᾷ
537 2659 707 2730 ταύτῃ
755 2663 1020 2729 κρηπῖδι,
1055 2664 1149 2716 καὶ
1171 2663 1397 2734 ὕπονυίᾳ
1426 2665 1850 2732 συγκατέσπασε

246 2751 311 2801 τὸ
339 2750 514 2819 δόγμα
543 2753 742 2817 αὐτῶν,
777 2752 950 2806 εἰπών
974 2772 985 2784 ·
1022 2757 1326 2818 Πλανᾶσθε,
1383 2757 1458 2830 μὴ
1513 2759 1718 2822 εἰδότες
1753 2758 1854 2822 τάς

248 2845 500 2914 Γραφὰς,
552 2848 690 2900 ἀλλὰ
737 2852 1204 2921 παρεκδεχόμενοι
1257 2853 1349 2906 τὸν
1377 2852 1502 2906 νοῦν
1537 2855 1742 2908 αὐτῶν.
1789 2855 1853 2907 Ol.

253 2938 355 3006 μὲν
399 2939 506 3010 γὰρ
553 2942 660 2994 υἱοὶ
711 2942 804 2994 τοῦ
853 2945 1051 3007 αἰῶνος
1079 2945 1296 3011 τούτου,
1356 2947 1404 2998 ot
1453 2949 1514 2998 ἐν
1545 2946 1626 3017 τῷ
1660 2947 1855 3018 κόσμῳ

249 3029 433 3102 τούτῳ
466 3035 788 3100 γεννῶντες,
823 3038 917 3091 καὶ
944 3039 1278 3110 γεννώμενοι
1311 3041 1585 3111 γαμοῦσι,
1629 3042 1726 3097 καὶ
1763 3044 1858 3095 ἐκ-

255 3127 643 3196 γαμίσκονται,
680 3130 979 3194 τουτέστιν,
1017 3135 1097 3196 είς
1129 3135 1348 3202 γάμους
1402 3134 1707 3188 ἐκδίδονται
1735 3152 1746 3164 ·
1802 3136 1853 3188 oi

1953 2006 2318 2075 interrogare.
2383 2024 2402 2056 ι
2461 2005 2764 2060 IuVaIidutu
2823 2007 3242 2060 fundamentum
3314 2023 3427 2060 sua:
3475 2009 3572 2059 do-

1949 2101 2142 2154 etriuze
2188 2099 2438 2154 fecerant
2473 2099 2784 2161 Sadducmi,
2836 2117 2941 2153 non
2973 2101 3266 2154 credentes
3320 2115 3573 2154 resurre-

1951 2193 2192 2249 etioneni
2223 2211 2236 2247 :
2273 2193 2600 2264 cogitabant
2636 2195 2780 2247 enim
2839 2193 3079 2248 futuram
3115 2194 3460 2263 corporalem
3497 2193 3575 2247 vi-

1955 2297 2065 2340 tam
2123 2286 2178 2340 in
2237 2288 2672 2342 resurrectione.
2750 2287 2878 2342 Ideo
2934 2298 3195 2358 tanquam
3271 2288 3575 2342 absurdum

1957 2379 2384 2433 resurrectionis
2426 2379 2623 2449 dogma
2677 2378 3103 2445 calumniantes,
3137 2381 3364 2434 stultam
3425 2378 3575 2433 hanc

1955 2472 2324 2526 narrationem
2365 2471 2578 2542 lingunt
2612 2490 2626 2527 :
2659 2473 2804 2526 unde
2841 2472 3102 2527 Dominus
3155 2470 3578 2528 fundamentum

1956 2580 2150 2619 eorum
2202 2566 2386 2620 statim
2433 2565 2740 2632 concussit,
2797 2578 2852 2620 et
2885 2567 3130 2621 ostendit
3177 2567 3322 2635 quod
3365 2581 3476 2620 non
3506 2566 3580 2622 sit

1955 2658 2264 2727 corporalis
2297 2660 2406 2713 vita
2441 2671 2571 2714 tune
2597 2679 2610 2713 ε
2641 2677 2750 2731 quo
2781 2661 3009 2725 factum,
3041 2671 3100 2715 ut
3133 2662 3334 2732 dogma
3359 2675 3576 2724 eorum,

1958 2751 2146 2803 statim
2201 2751 2398 2806 obtusa
2457 2753 2754 2821 opinione,
2811 2763 2865 2807 et
2918 2754 3158 2808 ill‘8lith
3217 2753 3580 2808 fundamento

1959 2844 2298 2900 concideret.
2341 2846 2557 2902 Erratis
2607 2847 2777 2912 enini,
2826 2848 3024 2914 inquit,
3072 2847 3391 2902 nescientes
3431 2846 3582 2902 Seri-

1958 2950 2172 3007 pturas,
2206 2939 2304 2994 sed
2357 2940 2698 2996 invertentes
2744 2955 2967 3005 sensum
3018 2957 3233 2995 earum.
3266 2938 3391 2994 Filii
3423 2939 3575 2994 enim

1963 3031 2123 3099 hujus
2147 3033 2334 3088 saeculi
2369 3043 2638 3105 generant
2667 3043 2724 3088 et
2753 3038 3112 3102 generantur,
3144 3049 3346 3087 uxores
3375 3033 3583 3088 ducunt

1960 3135 2018 3182 ct
2050 3138 2278 3198 nuptum
2309 3127 2537 3193 dantur,
2587 3129 2691 3182 hoc
2740 3138 2847 3192 est,
2884 3129 2934 3182 in
2972 3129 3191 3198 nuptias
3231 3128 3528 3182 traduntur
3564 3146 3577 3182 :

249 3219 310 3273 δὲ
337 3222 431 3274 τοῦ
463 3222 659 3287 αίῶνος
688 3225 900 3279 ἐκείνου
932 3227 1040 3282 υἱοὶ
1083 3228 1238 3282 οὐδὲν
1267 3227 1548 3294 τοιοῦτον,
1587 3229 1709 3284 οὐδὲ
1745 3230 1856 3298 γάρ

1965 3218 2059 3273 lilii
2114 3234 2242 3274 vero
2291 3221 2478 3276 saeculi
2539 3221 2686 3276 illius
2740 3223 2881 3275 nihil
2939 3223 3048 3277 tale
3110 3222 3348 3284 faciunt,
3403 3235 3584 3289 neque

254 3314 442 3368 θανεῖν
468 3316 548 3370 In
569 3317 849 3374 δύνανται·
886 3321 968 3374 διὸ
994 3322 1115 3376 οὑδέ
1137 3322 1206 3375 τά
1233 3321 1328 3375 τοῦ
1355 3322 1537 3392 γάμου
1571 3321 1708 3387 ἐκεῖ,
1741 3321 1861 3375 ἀλλ’

255 3408 528 3480 ἀγγελικὴ
557 3414 650 3464 καὶ
671 3411 792 3465 θεία
818 3411 1086 3484 διαγωγή.
1121 3413 1389 3468 Ἐνταῦθα
1405 3417 1504 3484 μὲν
1535 3415 1647 3486 γάρ
1669 3415 1861 3486 ἐπειδὴ

255 3499 513 3566 θάνατος,
559 3503 650 3557 διά
690 3504 850 3557 τοῦτο
903 3507 1085 3575 γάμος
1111 3545 1126 3569 ,
1163 3508 1259 3561 καὶ
1303 3507 1493 3576 ἐπειδὴ
1519 3508 1722 3574 γάμος,
1770 3507 1860 3562 διὰ

255 3593 420 3647 τοῦτο
438 3595 690 3659 θάνατος.
729 3599 878 3652 Ἐκεῖ
904 3599 960 3653 δέ
990 3600 1088 3653 τοῦ
1121 3601 1357 3654 θανάτου
1387 3601 1860 3670 καταργηθέντος,

260 3690 346 3751 τίς
398 3691 557 3760 χρεία
592 3692 687 3746 τοῦ
723 3695 948 3763 γάμους
1006 3696 1064 3749 '0
1101 3696 1282 3767 γάμος
1335 3696 1442 3765 γὰρ
1482 3697 1712 3766 βοήθεια
1767 3696 1863 3750 τοῦ

259 3781 485 3849 θνητοῦ,
523 3785 618 3838 καὶ
647 3787 927 3856 πλήρωσις
956 3789 1051 3842 τοῦ
1083 3789 1367 3853 λείποντος
1408 3808 1421 3822 ο
1459 3791 1590 3844 ἔνθα
1619 3792 1677 3845 δὲ
1710 3792 1864 3845 οὐδὲν

260 3873 465 3939 λείπει,
487 3875 568 3940 τίς
593 3877 754 3946 χρεία
780 3877 874 3931 τοῦ
890 3879 1230 3950 πληροῦντος
1256 3900 1269 3948 ;
1299 3881 1602 3951 ’ἰσάγγελοι
1623 3882 1716 3936 οῦν
1735 3885 1864 3949 εἰσι,

261 3969 359 4020 καὶ
416 3971 523 4023 υἱοὶ
555 3970 650 4024 τοῦ
706 3972 865 4026 Θεοῦ.
914 3973 1014 4026 Διά
1067 3973 1158 4038 τίς
1197 3975 1322 4028 Ὀτι
1359 3976 1462 4046 τῆς
1512 3976 1868 4040 ἀναστάσεως

262 4064 405 4114 είσιν
432 4063 557 4116 υἱοί.
597 4067 661 4118 Ὀ
691 4065 746 4118 δέ
775 4066 946 4132 λέγει,
972 4068 1216 4120 τοιοῦτόν
1250 4072 1420 4122 ἐστιν’
1449 4067 1643 4134 Εἶπον,
1677 4072 1866 4140 φησὶν,

263 4155 466 4217 αὐτοὺς
499 4157 646 4219 υἱοὺς
675 4156 833 4222 Θεοῦ,
861 4158 999 4213 διότι
1027 4161 1183 4213 οὐδὲν
1221 4164 1536 4230 σωματικόν
1571 4165 1627 4216 ἐν
1653 4167 1720 4233 τῇ
1746 4182 1870 4232 γεν-

262 4250 423 4312 νήσει
481 4249 663 4302 αὐτῶν
718 4252 936 4320 ὁρᾶται,
965 4253 1102 4306 ἀλλά
1141 4255 1319 4307 πάντα
1355 4254 1515 4307 θεῖα·
1580 4255 1708 4308 οὔτε
1760 4259 1869 4326 γὰρ

266 4341 532 4394 συνουσία
557 4344 904 4412 προηγεῖται,
935 4342 1061 4396 οὔτε
1087 4346 1332 4415 σπέρμα,
1357 4346 1481 4399 οὔτε
1505 4348 1714 4418 μήτρα,
1745 4349 1869 4401 οὔτε

264 4433 465 4519 κύησις
490 4437 547 4487 ἐν
562 4438 629 4505 τῇ
652 4438 1004 4500 ἀναστὰστει,
1031 4437 1171 4492 ἀλλά
1195 4442 1328 4503 Θεός
1363 4444 1510 4493 ἐστιν
1530 4444 1558 4494 ό
1575 4443 1780 4509 γεννῶν
1806 4445 1869 4497 vlt

266 4527 502 4597 σώματα
528 4531 689 4600 ήμῶν
739 4531 923 4600 λόγοις
971 4527 1055 4597 οἷς
1107 4531 1269 4589 οἶδεν.
1314 4535 1528 4587 Οὐκοῦν
1568 4536 1692 4589 ἐπεὶ
1736 4537 1870 4600 Oed;

1969 3314 2118 3368 enim
2152 3314 2292 3369 ultra
2349 3317 2490 3372 mori
2548 3315 2813 3386 possibile
2861 3326 2968 3371 est.
3028 3315 3271 3370 Proinde
3325 3331 3433 3369 non
3473 3315 3585 3369 illic

1969 3408 2193 3462 ﬁuntea
2235 3424 2356 3479 quze
2391 3411 2442 3463 in
2480 3411 2705 3480 nuptiis.
2743 3413 2838 3466 sed
2881 3411 3128 3480 angelica
3158 3420 3212 3464 et
3243 3411 3424 3464 divina
3475 3411 3584 3463 vita

1967 3509 2071 3556 est.
2105 3501 2205 3556 Hie
2234 3502 2381 3556 enim
2431 3503 2560 3572 quia
2613 3519 2784 3563 mors.
2843 3503 2966 3558 ideo
2993 3513 3047 3559 et
3082 3505 3287 3573 nupti:e
3320 3522 3332 3558 :
3369 3515 3424 3559 et
3453 3504 3586 3573 quia

1970 3595 2193 3663 nuptizc,
2233 3595 2361 3657 ideo
2387 3605 2443 3648 et
2492 3611 2664 3650 mors.
2719 3594 2832 3649 Illic
2881 3606 3063 3650 autem
3119 3607 3301 3650 morte
3352 3597 3583 3661 abolita,

1967 3689 2092 3757 quis
2127 3689 2440 3758 nuptiarum
2479 3690 2656 3742 usus?
2706 3686 2922 3759 Nuptiae
2961 3689 3108 3744 enim
3159 3689 3427 3744 auxilium
3461 3691 3588 3745 vita:

1971 3780 2248 3845 mortalis,
2279 3791 2335 3836 et
2374 3781 2627 3852 impletio
2655 3780 2775 3850 ejus
2808 3783 2953 3850 quod
3001 3784 3186 3837 delieit
3221 3801 3234 3838 :
3272 3784 3362 3837 ubi
3393 3796 3585 3838 autem

1972 3871 2106 3926 nihil
2145 3872 2350 3938 delicit,
2381 3873 2513 3941 quid
2544 3889 2685 3943 opus
2719 3873 3019 3942 implente?
3049 3872 3219 3928 Pares
3249 3874 3433 3944 itaque
3458 3881 3591 3927 sunt

1971 3966 2199 4034 angelis,
2233 3977 2286 4021 et
2321 3967 2414 4021 lilii
2457 3967 2573 4022 Dei.
2613 3967 2839 4034 Quare?
2872 3968 3011 4033 Quia
3041 3968 3468 4024 resurrectionis
3492 3969 3591 4024 lilii

1972 4072 2122 4112 sunt.
2154 4059 2308 4126 Quod
2335 4070 2520 4114 autem
2551 4062 2706 4124 dicit,
2753 4062 2916 4115 talem
2949 4075 3176 4116 sensum
3210 4060 3406 4115 habet:
3444 4059 3588 4128 Dixi,

1974 4155 2172 4223 inquit,
2213 4155 2334 4209 illos
2373 4155 2517 4210 lilios
2568 4156 2684 4217 Dei,
2721 4171 2788 4209 eo
2821 4157 2968 4224 quod
3007 4155 3141 4209 nihil
3173 4171 3504 4224 corporeum
3535 4157 3590 4210 in

1973 4249 2325 4316 generatione
2363 4265 2552 4303 eorum
2586 4250 2860 4315 videatur,
2892 4252 2986 4305 sed
3013 4251 3199 4306 omnia
3244 4252 3591 4308 divinasint.

1973 4340 2161 4410 Neque
2187 4344 2332 4396 cuitu
2354 4341 2409 4396 in
2447 4345 2855 4399 resurrectione
2881 4346 3141 4414 przecedit
3162 4344 3246 4398 vel
3273 4346 3477 4412 coitus,
3505 4347 3592 4400 vel

1973 4451 2184 4500 semen,
2207 4436 2289 4491 vel
2316 4445 2526 4502 uterus,
2550 4437 2636 4492 vel
2664 4439 3042 4508 impra‘gnatio
3065 4456 3080 4494 2
3106 4441 3199 4494 sed
3225 4439 3370 4494 Deus
3393 4442 3594 4509 estqui

1981 4543 2207 4600 generat
2238 4546 2466 4600 corpora
2499 4541 2686 4584 nostra
2723 4534 2898 4587 modis
2935 4532 3135 4600 quibus
3188 4533 3306 4601 ipse
3356 4536 3482 4587 scit.
3531 4533 3600 4588 Et

265 4623 420 4673 ἐστιν
447 4623 476 4675 ὁ
505 4623 747 4693 ἐνεργῶν
783 4625 842 4676 ἐν
870 4627 936 4696 τῇ
988 4625 1318 4689 ἀναστάσει,
1362 4629 1592 4691 εἰκότως
1648 4631 1754 4683 υἱοὶ
1780 4632 1858 4681 λέ·

1979 4626 2205 4695 proiude
2227 4627 2352 4695 quia
2384 4627 2523 4680 Deus
2552 4635 2636 4680 est
2663 4627 2754 4696 qui
2786 4639 3049 4706 operatur
3076 4627 3128 4680 in
3162 4627 3594 4694 rc~urreetiouc,

269 4729 462 4781 γονται
493 4715 628 4768 Θεοῦ
655 4717 708 4768 οῖ
737 4716 798 4782 ἐξ
824 4717 1182 4781 ἀναστάσεως
1209 4721 1672 4792 ἀναγεννώμενοι.
1721 4722 1876 4775 -Ἐπιο

268 4809 429 4876 φέρει
456 4808 512 4861 δὲ
543 4812 657 4870 τοῖς
694 4809 980 4881 λογισμοῖς
1039 4813 1136 4864 καὶ
1189 4813 1503 4884 μαρτυρίαν
1557 4815 1872 4885 Γραφικήν.

264 4904 412 4973 Φησὶ
433 4904 542 4972 γὰρ
573 4905 602 4956 ό
628 4905 836 4974 Μωσῆς
869 4908 960 4958 τὸν
990 4907 1124 4960 Θεὸν
1157 4909 1335 4962 είπεῖν
1364 4910 1516 4980 αὐτῷ
1546 4911 1610 4963 ἐκ
1641 4911 1742 4980 τῆς
1782 4911 1877 4980 βά-

269 5014 367 5049 του
394 5011 411 5028 ο
461 4998 603 5064 Ἐγώ
624 5000 741 5066 εἰμι
777 5000 806 5051 ό
847 4999 982 5061 Θεὸς
1026 4999 1301 5071 Ἀϐραὰμ.
1330 5003 1426 5055 καὶ
1455 5002 1522 5055 τά
1556 5003 1705 5072 ἑξῆς.
1737 5005 1798 5056 El
1819 5003 1876 5056 δὲ

270 5088 426 5153 ἅπαξ
449 5089 832 5159 ἠφανίσθησαν
863 5092 913 5144 οἱ
936 5093 1300 5164 πατριάρχαι,
1335 5096 1426 5147 καὶ
1450 5094 1524 5166 μὴ
1552 5095 1691 5159 ἔζων
1723 5097 1878 5167 παρά

269 5182 397 5254 Θεῷ
436 5185 503 5254 τῇ
551 5185 729 5238 ἐλπίδι
774 5187 874 5255 τῆς
908 5190 1284 5253 ἀναστάσεως,
1310 5189 1411 5242 οὐκ
1466 5190 1534 5244 ἂν
1583 5188 1760 5253 εἶπεν,
1795 5193 1877 5244 ὅτι

284 5275 432 5345 Ἐγώ
465 5279 604 5348 είμι,
626 5278 742 5331 ἀλλ’
773 5280 918 5346 Ἐγὼ
935 5283 1108 5353 ήμην.
1139 5282 1308 5335 Τοῦτο
1340 5282 1448 5352 γὰρ
1475 5283 1751 5351 εἰώθαμεν
1792 5284 1877 5336 λέ-

273 5389 396 5442 γειν
420 5373 513 5426 ἐπὶ
544 5373 651 5426 τῶν
696 5374 1114 5445 διεφθαρμένων
1155 5378 1250 5429 καὶ
1289 5375 1702 5444 ἀφανισθέντων
1737 5394 1881 5448 πρα-

272 5467 526 5536 γμάτων”
568 5466 711 5536 Ἐγὼ
736 5468 886 5539 ήμην
920 5469 1188 5541 δεσπότης
1217 5469 1371 5523 τοῦδε
1400 5470 1493 5523 τοῦ
1522 5460 1874 5541 πράγματος.

272 5559 395 5615 Νῦν
423 5560 479 5616 δὲ
511 5560 703 5628 εἰπὼν,
735 5563 820 5616 ὅτι
850 5563 992 5632 Ἐγώ
1011 5567 1151 5633 εἰμι,
1179 5564 1378 5629 ἔδειξεν
1402 5565 1484 5619 ὅτι
1517 5564 1739 5628 ζώντων
1763 5567 1881 5619 ἐστὶ

274 5655 558 5726 Δεσπότης
597 5658 694 5710 καὶ
738 5657 873 5720 Θεὸς
898 5698 912 5722 ,
956 5659 1050 5733 καὶ
1079 5659 1200 5727 οὐχὶ
1236 5658 1606 5730 διεφθορότων
1662 5658 1843 5727 πάντη
1865 5676 1880 5692 ο

278 5749 387 5803 κᾶν
427 5751 537 5820 γὰρ
564 5753 749 5824 νεκροὶ
775 5745 929 5818 ὦσιν,
951 5753 1087 5806 ἀλλά
1115 5756 1180 5823 τῇ
1203 5752 1381 5807 ἐλπίδι
1409 5753 1504 5805 τοῦ
1535 5753 1841 5820 ἀναστῆναι
1865 5796 1879 5818 ,

277 5832 470 5908 ζῶσιν,
502 5841 696 5913 ὥσπερ
741 5845 836 5897 καὶ
870 5846 898 5896 ὁ
945 5844 1117 5913 ’Δδάμ
1172 5845 1220 5895 εί
1273 5845 1369 5896 καὶ
1419 5843 1539 5912 ἔζη,
1591 5843 1784 5912 θνητὸς
1815 5838 1882 5914 ἦν

277 5937 450 6007 ὅμως.
489 5940 583 5992 καὶ
617 5940 708 5993 ἀπ’
741 5940 913 6011 αὐτῆς
946 5940 1042 6013 τῆς
1074 5939 1245 6012 ὧρας,
1281 5942 1373 6010 ἀφ’
1400 5936 1466 6010 ἧς
1495 5939 1691 6009 ἔφαγε,
1741 5940 1881 5993 ἀπο.

1983 4721 2182 4774 merito
2225 4721 2318 4773 lilii
2373 4721 2464 4776 Dei
2510 4721 2772 4775 dicuntur
2809 4722 2901 4790 qui
2929 4737 2994 4775 ex
3042 4723 3450 4776 resorrectione
3502 4739 3598 4774 ua-

1982 4825 2232 4869 scuntur.
2264 4815 2463 4869 Subdit
2503 4825 2690 4870 autem
2736 4815 3044 4870 rationibus
3091 4814 3255 4870 etiam
3293 4817 3600 4885 Scriptura:

1991 4907 2391 4961 lt‘SlltilOliiltlli.
2451 4906 2626 4963 Moses
2671 4910 2820 4962 enim
2857 4909 3038 4978 inquit
3065 4909 3270 4963 dixisse
3293 4909 3395 4964 sibi
3428 4910 3598 4962 Deum

1981 5016 2045 5055 ea
2065 5001 2200 5055 rubo
2226 5018 2240 5057 :
2266 4999 2378 5069 Ego
2398 5017 2518 5055 sum
2548 5001 2692 5055 Deus
2714 5001 2972 5065 Abrahae.
2992 5013 3100 5056 etc.
3127 5003 3282 5068 Quod
3299 5004 3342 5055 si
3372 5003 3602 5056 omnino

1983 5094 2333 5148 evanuissent
2360 5096 2710 5163 patriarchas,
2737 5105 2923 5149 etnon
2960 5097 3230 5150 vixissent
3252 5096 3393 5163 apud
3429 5095 3598 5150 Deum

1986 5185 2040 5240 in
2078 5202 2175 5255 spe
2233 5188 2681 5251 resurrectionis,
2735 5204 2843 5242 non
2903 5189 3094 5256 utique
3129 5186 3360 5242 dixisset
3410 5186 3598 5243 Deus:

1986 5279 2099 5350 Ego
2137 5298 2256 5336 sum
2287 5299 2301 5334 :
2336 5282 2454 5346 sed,
2491 5281 2602 5351 Ego
2628 5299 2800 5336 erant.
2835 5283 2907 5336 De
2937 5282 3101 5338 rebus
3122 5282 3274 5336 enim
3292 5282 3520 5352 perditis
3548 5293 3606 5337 et

1986 5377 2268 5441 corruptis
2299 5377 2483 5428 dicere
2508 5376 2750 5430 solemus
2781 5394 2794 5431 :
2830 5375 2942 5447 Ego
2968 5392 3120 5431 eram
3153 5377 3415 5430 dominus
3440 5374 3605 5445 hujus

1987 5480 2041 5523 et
2075 5469 2236 5539 hujus
2284 5469 2379 5524 rei.
2445 5469 2603 5524 Nunc
2661 5481 2842 5524 autem
2902 5472 3029 5538 quia
3084 5470 3269 5524 dixit:
3305 5468 3420 5535 Ego
3459 5486 3601 5530 sum,

1987 5563 2232 5617 ostendit
2286 5564 2431 5632 quod
2472 5564 2544 5617 sit
2581 5564 2883 5618 viventium
2941 5563 3206 5617 Dominus
3249 5571 3305 5616 et
3351 5563 3516 5626 Deus,
3551 5571 3607 5616 et

1990 5673 2097 5712 non
2131 5658 2358 5713 omnino
2383 5671 2800 5727 corrttptorum,
2853 5659 3071 5712 etiamsi
3107 5658 3312 5712 mortui
3340 5659 3471 5719 sint,
3509 5659 3604 5711 scd

1990 5767 2086 5820 spe
2118 5753 2436 5822 resurgendi
2481 5753 2669 5806 vivunt
2705 5772 2716 5805 :
2745 5755 2888 5807 sicut
2918 5762 2972 5806 et
3019 5752 3193 5806 Adam
3243 5751 3499 5821 quamvis
3531 5751 3609 5804 vi-

1989 5845 2175 5906 vebat,
2230 5854 2474 5898 attamen
2536 5843 2784 5899 mortalis
2824 5855 2966 5908 erat,
3025 5860 3148 5897 naut
3185 5845 3254 5896 ab
3297 5844 3414 5912 ipsa
3467 5843 3603 5895 hora

1989 5953 2094 6008 qua
2130 5938 2390 6005 comedit,
2428 5939 2572 5994 mori
2599 5937 2906 5995 dicebatur.
2956 5939 3217 5996 Confusis
3255 5950 3436 5995 autem
3470 5938 3604 5993 Sad-
