4228 6428
692 406 827 473 1047

1539 410 2125 471 THEOPHYLACTI
2160 409 2568 470 BULUARl/E
2609 412 2963 472 ARCHIEP.

3829 396 3983 465 ιιεε

684 516 909 575 dumis.
942 515 1381 583 approbaveruut
1423 516 1625 571 dictum
1657 516 1784 571 Jesu
1820 518 2048 581 Scriliw,
2090 525 2266 584 ιιινυισι

2378 518 2560 571 θανεῖν
2594 520 2836 587 λέγεται.
2870 519 2991 571 Τῶν
3021 515 3395 570 Σαδδουκαίων
3428 514 3487 568 δὲ
3538 511 3715 575 οὕτως
3746 513 3982 579 αἰσχυνο

683 606 987 663 adversarii
1022 605 1259 672 illorum,
1291 607 1593 676 gaudentes
1632 607 1752 662 illos
1784 610 1977 663 victos.

762 882 921 938 Vtilis.
970 884 1031 937 41
1072 884 1159 938 47.
1200 902 1219 936 s
1258 882 1425 939 Dixit'
1452 894 1634 939 autem
1679 887 1746 939 ad
1785 886 1903 940 illos
1943 905 1953 937 :
1990 885 2270 951 Quomodo

684 976 872 1028 dicunt
918 972 1195 1028 Christum
1232 975 1401 1027 lilium
1449 988 1578 1030 esse.
1610 976 1800 1040 David,
1832 986 1887 1029 et
1937 976 2051 1044 ipse
2104 976 2268 1028 David

681 1066 816 1119 dicit
860 1065 911 1118 in
948 1065 1088 1118 libro
1125 1062 1467 1119 Psalmorum
1502 1082 1518 1122 :
1548 1065 1700 1119 Dixit
1747 1064 2007 1119 Dominus
2042 1065 2270 1120 Domino

683 1173 824 1211 meo.
878 1157 1017 1211 Sede
1054 1172 1082 1210 a
1114 1159 1320 1211 dextris
1361 1159 1515 1223 meis,
1566 1160 1743 1214 donec
1774 1175 1969 1227 ponam
2018 1159 2271 1213 inimicos

684 1260 806 1303 tuos
840 1250 1136 1303 scabellum
1185 1250 1381 1319 pedum
1431 1250 1687 1306 tuorum?
1719 1250 1885 1304 David
1922 1266 2053 1319 ergo
2083 1251 2231 1304 Domi
2253 1279 2267 1290 -

679 1357 808 1395 num
845 1340 1010 1413 457
1049 1342 1195 1395 illum
1232 1353 1409 1407 vocat,
1440 1352 1493 1396 et
1521 1344 1795 1412 quomodo
1827 1344 1969 1395 ﬁlius
2000 1342 2119 1411 ejus
2148 1342 2271 1396 est?

680 1434 956 1489 Audiente
995 1448 1122 1487 vero
1152 1446 1353 1488 cuncto
1393 1436 1591 1504 populo
1625 1436 1760 1488 dixit
1791 1434 2071 1501 discipulis
2105 1433 2219 1488 suis
2250 1451 2264 1488 :

680 1526 880 1579 Cavete
915 1541 942 1578 a
971 1525 1201 1591 Scribis,
1230 1527 1322 1596 qui
1375 1528 1566 1581 volunt
1604 1528 1888 1582 ambulare
1916 1527 1971 1581 in
2008 1527 2179 1591 stolis,
2212 1537 2267 1581 et

678 1630 861 1672 amant
892 1619 1244 1675 salutationes
1276 1622 1327 1674 in
1370 1620 1524 1682 foris,
1561 1636 1625 1674 ac
1657 1622 1863 1689 primas
1898 1619 2189 1675 cathedras
2212 1621 2264 1673 in

677 1709 1000 1781 Synagogis,
1043 1722 1096 1766 et
1140 1713 1347 1781 primos
1400 1713 1703 1767 discubitus
1749 1712 1801 1766 in
1847 1713 2108 1767 conviviis
2136 1730 2148 1765 :
2176 1713 2264 1780 qui

677 1806 941 1858 devorant
971 1806 1162 1860 domos
1190 1807 1500 1872 viduarum,
1534 1808 1861 1862 simulantes
1890 1808 2105 1877 longam
2140 1823 2263 1861 ora-

2374 617 2596 679 θὲντων,
2640 614 2972 678 ἀπεδέξαντο
2998 615 3091 664 τὸν
3132 610 3344 677 Ἰησοῦν
3379 610 3429 662 oi
3478 607 3861 678 Γραμματεῖς,
3898 605 3981 664 ὡς

2372 709 2685 777 ἁντὲτεχνον
2708 708 2816 759 τῶν
2844 703 3242 765 Σαδδουκαίων,
3276 701 3536 771 ἡσθέντες
3587 701 3679 751 ἐπὶ
3718 701 3788 766 τῇ
3823 695 3981 748 ἐκείο

2372 822 2476 856 νων
2501 791 2662 873 ἥττῃ.

2449 914 2466 945 ι
2506 888 2641 945 Eine
2665 892 2721 945 δὲ
2756 891 2893 961 πρὸς
2922 886 3119 951 αὐτούς
3144 906 3159 921 ο
3186 886 3313 949 Πῶς
3343 886 3570 950 λέγουσι
3601 883 3695 936 τὸν
3724 880 3977 951 Χριστὸν

2375 988 2486 1039 υίδν
2540 984 2704 1038 Δαυῖδ
2762 979 2922 1049 εἶναι,
2958 982 3052 1035 καὶ
3097 980 3258 1039 αὐτὸς
3308 977 3472 1031 Δαυῖδ
3513 979 3659 1044 λέγει
3688 978 3765 1028 κέν
3798 973 3978 1041 βίϐλῳ

2373 1075 2638 1145 Ψαλμῶν,
2668 1071 2832 1127 Εἶπεν
2862 1076 2891 1127 ὀ
2932 1072 3139 1143 Κύριος
3188 1069 3263 1140 τῷ
3296 1069 3490 1140 Κυρίῳ
3526 1086 3651 1137 μου,
3680 1067 3869 1119 Κάθου
3909 1066 3978 1117 ἐκ

2371 1169 2561 1234 δεξιῶν
2584 1186 2713 1237 μου,
2740 1167 2847 1228 ἓως
2885 1166 2952 1220 ἂν
2980 1165 3059 1217 θῶ
3086 1164 3211 1224 τοὺς
3243 1160 3475 1231 ἐχθρούς
3530 1175 3624 1213 σου
3674 1158 3976 1212 ὑποπόδιον

2370 1263 2480 1316 τῶν
2515 1261 2691 1315 ποδῶν
2729 1276 2860 1325 σου;
2903 1258 3068 1312 Δαυτδ
3096 1257 3189 1310 οὖν
3220 1256 3423 1325 Κύριον
3447 1254 3611 1307 αὐτὸν
3648 1253 3824 1312 καλεῖ,
3875 1250 3979 1302 καὶ

2372 1356 2487 1417 πῶς
2508 1354 2621 1417 υἱὸς
2642 1351 2809 1406 αὐτοῦ
2832 1354 2981 1404 ἔστιν
3002 1367 3017 1415 ;
3052 1351 3111 1401 ’Δ
3122 1349 3371 1409 κούοντος
3388 1346 3445 1399 δὲ
3469 1344 3669 1406 παντδς
3692 1342 3786 1396 τοῦ
3812 1341 3975 1405 λαοῦ,

2370 1444 2490 1499 εἷπε
2517 1448 2627 1509 τοῖς
2650 1446 2919 1518 μαθηταῖς
2946 1441 3117 1498 αὐτοῦ
3144 1459 3157 1471 ·
3185 1440 3493 1510 Προσέχετε
3518 1436 3625 1490 ἀπὸ
3643 1436 3751 1488 τῶν
3781 1434 3977 1503 Γραμ-

2376 1540 2589 1609 ματέων
2633 1538 2741 1590 τῶν
2789 1536 3056 1591 θελόντων
3106 1532 3436 1602 περιπατεῖν
3488 1530 3546 1582 ὲν
3592 1526 3847 1588 στολαῖς,
3877 1524 3978 1577 καὶ

2372 1630 2672 1702 φιλούντων
2702 1628 3031 1697 ἀσπασμοὺς
3066 1626 3125 1677 ὲν
3166 1625 3284 1685 ταῖς
3314 1622 3546 1692 ἀγοραῖς
3570 1661 3585 1684 ,
3621 1623 3718 1671 καὶ
3750 1632 3976 1685 πρωτο-

2369 1724 2665 1793 καθεδρίας
2724 1724 2782 1776 ὲν
2830 1722 2953 1782 ταῖς
2994 1717 3371 1785 Συπθαγωγαῖς,
3408 1715 3503 1766 καί⁵
3560 1709 3977 1780 πρωτοκλισίας

2370 1820 2428 1870 ἐν
2448 1818 2562 1879 τοῖς
2590 1815 2848 1878 δείπνοις,
2882 1812 2932 1866 οἳ
2978 1810 3327 1864 κατεσθίωσι
3370 1807 3470 1867 τὰς
3498 1804 3678 1863 οἰκίας
3728 1802 3843 1854 τῶν
3871 1819 3979 1869 χη-

680 1895 878 1948 tionem
914 1912 926 1947 :
967 1897 1021 1950 lii
1066 1899 1335 1965 accipient
1368 1898 1629 1965 majorem
1667 1901 2199 1962 condemnationem.
2239 1918 2257 1950 ι

2378 1909 2509 1980 ρῶν,
2539 1875 2633 1960 καὶ
2664 1875 2939 1976 προφασιι
2972 1904 3163 1974 μακρᾷ
3210 1898 3627 1970 προσεύχονται.
3662 1890 3829 1948 υῦτοι
3875 1893 3976 1962 λή-

676 1988 755 2046 Ad
783 1987 1091 2055 passionem
1113 1990 1429 2058 propediem
1455 2005 1800 2056 accessurus,
1824 2007 1979 2047 suam
2009 1992 2266 2061 praedicat

678 2080 1018 2135 di\initatcm
1056 2101 1068 2134 :
1106 2084 1271 2152 idque
1328 2099 1434 2138 non
1472 2085 1763 2138 admodum
1805 2094 2025 2152 aperte,
2060 2085 2266 2153 necja-

674 2182 906 2238 ctanter,
945 2176 1036 2229 sed
1064 2178 1330 2231 modeste.
1362 2177 1669 2247 lnterrogat
1706 2180 1851 2235 enim
1887 2178 2028 2243 illos,
2058 2188 2114 2233 et
2140 2193 2267 2246 per-

674 2263 864 2332 plexos
900 2267 1096 2330 reddit,
1138 2269 1384 2338 sinitque
1426 2272 1742 2325 ratiocinari
1783 2272 1914 2342 quid
1977 2281 2264 2328 consecta-

674 2368 860 2409 neum.
917 2354 1083 2411 David
1150 2359 1331 2424 enim,
1379 2362 1592 2430 inquit,
1644 2361 1932 2418 Dominum
1976 2373 2156 2430 vocat,
2210 2373 2267 2419 et

675 2447 950 2511 quomodo
999 2448 1141 2504 tilius
1174 2451 1289 2517 ejus
1322 2462 1404 2506 est
1432 2455 1648 2520 purus?
1692 2455 1827 2509 Erat
1858 2456 2005 2509 enim
2038 2465 2092 2510 et
2121 2454 2265 2511 [ilius

676 2538 843 2594 David
870 2546 1166 2596 secundum
1186 2558 1427 2611 carnem,
1448 2546 1540 2600 sed
1564 2556 1617 2601 et
1648 2545 1789 2601 Deus
1814 2547 1954 2616 ejus.
1982 2546 2058 2600 Illi
2079 2556 2261 2601 autem

675 2626 849 2681 solum
882 2627 1051 2683 liliqu
1086 2630 1252 2685 David
1290 2648 1413 2688 esse
1446 2633 1835 2701 Opinabantur,
1881 2635 2003 2690 ideo
2051 2638 2264 2706 Opinio-

677 2735 798 2775 nem
863 2735 1050 2775 eorum
1108 2726 1329 2791 evertit,
1382 2742 1488 2795 qua
1524 2728 1791 2797 putabant
1840 2728 2009 2785 lilium
2043 2728 2264 2786 Davidis

676 2812 874 2867 solum.
912 2814 1165 2870 Dec!arat
1196 2820 1322 2871 item
1367 2821 1511 2888 quod
1545 2836 1649 2873 non
1680 2820 1752 2875 sit
1778 2822 2126 2878 adversarius
2157 2822 2265 2877 Deo

673 2902 849 2971 Patri,
882 2909 975 2963 sed
1009 2911 1232 2965 multum
1262 2927 1383 2965 eum
1416 2912 1509 2966 illo
1542 2914 1739 2967 habeat
1784 2917 2155 2981 concordiam,
2191 2917 2267 2970 si-

671 3000 888 3069 quidem
916 3002 1167 3058 inimicos
1194 3004 1309 3074 ejus
1336 3005 1582 3059 humiliat
1610 3006 1795 3061 Pater.
1817 3006 1883 3062 Et
1907 3010 2020 3064 haec
2046 3013 2262 3080 quidem

676 3091 884 3148 Scribis
935 3097 1093 3151 dixit.
1160 3097 1295 3163 Quia
1373 3113 1555 3153 autem
1610 3101 1913 3171 discipulos
1971 3104 2265 3175 magistros

673 3189 820 3244 orbis
861 3191 1029 3255 misit,
1076 3194 1276 3248 merito
1302 3210 1397 3250 eos
1420 3197 1675 3250 admonet
1708 3212 1772 3251 ne
1803 3199 2087 3253 imitentur
2125 3201 2267 3255 Pha-

672 3282 955 3337 risaeorum
1007 3287 1399 3355 arrogantiam,
1430 3298 1483 3343 et
1510 3290 1857 3345 ambitiosam
1909 3302 2143 3348 mentem
2171 3312 2186 3349 :
2215 3307 2269 3349 et

672 3371 999 3442 simpliciter
1030 3390 1099 3431 ne
1126 3378 1370 3445 cogitent
1408 3382 1684 3450 quomodo
1722 3383 1983 3450 placeant
2032 3386 2270 3439 homini-

671 3465 795 3519 bus.
828 3464 963 3520 Nam
1012 3468 1435 3526 salutationibus
1483 3472 1589 3527 fori
1637 3476 1878 3540 studere,
1930 3475 2267 3532 adulantiqu

668 3560 1081 3616 occurrentibus
1093 3573 1196 3627 est,
1222 3573 1277 3618 et
1294 3564 1601 3633 opinionem
1622 3567 1909 3637 probitatis
1928 3572 2265 3635 venantium,

668 3651 754 3705 vel
807 3652 947 3708 hanc
982 3656 1323 3711 occasionem
1358 3658 1424 3711 ad
1457 3660 1871 3731 congregandos
1919 3662 2139 3717 divitias
2174 3664 2269 3718 ad-

672 3744 1007 3802 mittentium
1045 3767 1057 3802 :
1089 3750 1220 3819 quin
1250 3759 1304 3805 et
1334 3750 1391 3805 bi
1425 3750 1711 3806 viduarum
1748 3754 1941 3809 dumos
1977 3753 2266 3823 devorant,

669 3840 846 3894 ventri
897 3840 1091 3905 dediti,
1121 3852 1175 3894 et
1204 3843 1346 3896 ultra
1398 3858 1561 3912 quam
1593 3860 1731 3914 opus
1768 3848 1841 3902 sit
1882 3849 2184 3916 insumunt,
2216 3862 2271 3907 et

669 3939 965 3997 praetextum
994 3933 1152 4001 quasi
1199 3935 1325 4004 pius
1357 3944 1460 3991 est.
1491 3934 1693 3993 Preces
1723 3941 1868 3993 enim
1893 3951 1946 3996 et
1978 3931 2267 3999 utilitatem

670 4021 974 4077 animarum
1028 4036 1415 4093 praetexentes,
1467 4046 1573 4085 non
1606 4030 1875 4099 jejunium
1910 4035 2131 4101 docent,
2174 4039 2267 4091 sed

670 4114 988 4169 ebrietatem
1016 4127 1069 4171 et
1091 4120 1524 4191 gastrimargiam
1554 4137 1569 4175 ;
1594 4132 1647 4176 et
1681 4133 1966 4192 propterea
1996 4126 2269 4195 accipient

670 4204 987 4272 ampliorem
1045 4209 1553 4263 coudemuattonem
1592 4226 1605 4261 :
1640 4211 1765 4279 quia
1815 4228 1925 4266 non
1976 4213 2150 4267 solum
2184 4213 2267 4266 fa-

668 4293 820 4347 ciunt
850 4294 1076 4359 malum,
1110 4299 1205 4352 sed
1239 4307 1546 4366 praetexunt
1576 4315 1789 4368 preces,
1835 4312 1890 4356 et
1917 4305 2059 4372 piam
2098 4305 2269 4359 bone-

668 4394 865 4439 statem
917 4402 982 4441 ac
1044 4388 1301 4442 virtutem
1373 4390 1580 4456 faciunt
1652 4401 1976 4460 przetextum
2034 4399 2265 4467 peccati.

665 4475 968 4549 Propterea
1001 4494 1135 4535 sane
1178 4483 1405 4552 gravius
1449 4493 1577 4538 sunt
1628 4488 1911 4553 puniendi,
1949 4500 2004 4543 ut
2031 4491 2122 4558 qui
2156 4506 2266 4544 rem

2373 2002 2566 2072 ψονται
2598 1999 2991 2070 περισσότερον
3020 1999 3217 2066 κρῖμα.
3266 2011 3287 2047 ι
3344 1991 3469 2045 Ἐπὶ
3496 1989 3556 2043 τὸ
3588 1988 3787 2050 πάθος,
3844 1986 3978 2039 ὅσον

2374 2095 2563 2155 οὔπω,
2618 2092 2828 2165 μέλλων
2889 2087 3149 2160 ἔρχεσθαι
3189 2085 3289 2156 τὴν
3336 2082 3533 2137 ἑαυτοῦ
3594 2078 3979 2155 ἀνακηρύττιι

2375 2188 2629 2259 θεότητα,
2663 2187 2758 2239 καὶ
2791 2184 2915 2237 οὐδὲ
2937 2182 3097 2236 τοῦτο
3124 2173 3733 2275 ἀπαραιιρλύπτωςηκαὶ
3765 2170 3972 2275 ἀλαζρ-

2373 2282 2563 2345 νικῶς,
2593 2280 2731 2334 ἀλλὰ
2763 2276 2857 2331 καὶ
2900 2275 3109 2346 σφόδρα
3140 2263 3573 2345 μιτριοφρόνως.
3614 2266 3834 2335 Ἐρωτᾷ
3862 2263 3978 2332 γὰρ

2372 2375 2592 2440 αὐτοὺς,
2625 2374 2722 2427 καὶ
2773 2356 3120 2440 είςάπορίαν
3173 2364 3460 2433 δναγαγὼν
3489 2361 3716 2431 ἀφίησιν
3767 2359 3975 2421 αὐτοὺς

2376 2460 2800 2529 συλλογίσασθαι
2839 2459 2902 2511 τδ
2934 2456 3251 2511 ἀκόλουθον.
3296 2451 3461 2508 Δαυῖδ
3488 2451 3619 2522 γὰρ,
3652 2450 3814 2519 φησι,
3866 2445 3979 2499 Kri-

2374 2573 2491 2629 prov
2508 2543 2673 2608 αὐτὸν
2698 2553 2878 2617 καλεῖ,
2906 2553 3003 2606 καὶ
3027 2552 3143 2615 πῶς
3166 2550 3282 2613 υίὸς
3301 2546 3468 2603 αὐτοῦ
3492 2543 3798 2615 ἔστιιψιλός
3821 2560 3835 2607 ;
3865 2538 3977 2594 ἹΙν

2377 2651 2477 2718 μὲν
2512 2648 2621 2719 γὰρ
2672 2646 2787 2710 υἱὸς
2823 2644 2989 2699 Δαυῖδ
3018 2644 3080 2697 τὸ
3107 2644 3248 2698 κατὰ
3276 2642 3457 2713 σάρκα
3483 2681 3497 2705 ,
3533 2639 3675 2726 ἀλλά
3704 2638 3801 2690 καὶ
3837 2637 3975 2698 Θεδς

2376 2740 2576 2793 αὐτοῦ·
2611 2740 2811 2792 ἐκεῖνοι
2852 2738 2908 2791 δὲ
2944 2737 3106 2807 μόνον
3137 2734 3294 2788 τοῦτο
3329 2734 3443 2787 υίδν
3476 2734 3639 2787 αὐτὸν
3667 2731 3765 2784 τοῦ
3806 2726 3974 2782 Δαυῗδ

2375 2834 2647 2903 ἐνόμιζον.
2674 2832 2766 2885 Διὸ
2787 2832 3085 2901 ἀνατρέπει
3108 2828 3313 2898 ταύτην
3339 2826 3520 2882 αὐτῶν
3548 2826 3648 2896 τὴν
3678 2824 3842 2891 δόξαν
3872 2822 3975 2892 τὴν

2377 2927 2507 2993 περὶ
2533 2923 2623 2977 τοῦ
2639 2923 2795 2993 ψιλὸν
2821 2918 2961 2975 εἶναι
2992 2921 3106 2975 υἱὸν
3126 2920 3223 2976 τοῦ
3258 2920 3444 2982 Δαυῖδ,
3479 2918 3741 2989 ἐμφαίνει
3775 2918 3835 2971 δὲ
3877 2917 3973 2970 καὶ

2374 3018 2459 3071 ὅτι
2490 3017 2590 3069 οὐκ
2620 3014 2900 3077 ἀντίθετός
2932 3016 3051 3067 ἐστι
3083 3012 3161 3083 τῷ
3195 3013 3394 3082 Πατρὶ.
3425 3010 3564 3065 ἀλλὰ
3612 3009 3823 3078 πολλὴν
3873 3008 3974 3078 τὴν

2374 3111 2632 3179 ὁμόνοιαν
2656 3109 2770 3178 ἔχει
2800 3108 2937 3179 πρὸς
2970 3107 3132 3161 αὐτὸν
3156 3147 3170 3170 ,
3204 3106 3322 3173 εῐγε
3352 3108 3482 3168 τοὺς
3512 3104 3745 3174 ἐχθροὺς
3801 3102 3971 3155 αὐτοῦ

2377 3201 2813 3271 καταγωνίζεται
2844 3200 2873 3253 ὁ
2897 3201 3110 3272 Πατήρ,
3148 3200 3335 3253 Ταῦτα
3374 3200 3472 3267 μὲν
3497 3198 3589 3251 οὖν
3622 3200 3735 3259 τοῖς
3778 3197 3974 3265 Γραμ-

2379 3296 2664 3367 ματεῦσιν.
2705 3295 2867 3348 Ἐπεὶ
2916 3294 2973 3347 δὲ
3009 3294 3135 3356 τούς
3186 3292 3437 3362 μαθητὰς
3474 3289 3845 3353 διδασκάλους
3874 3289 3978 3358 τῆς

2372 3391 2703 3460 οἰκουμένης
2729 3387 3076 3451 ἀπέστειλεν,
3113 3387 3343 3445 είκότως
3380 3386 3569 3448 αὐτοῖς
3601 3386 3872 3450 παραινεῖ
3902 3383 3978 3455 μὴ

2376 3481 2664 3553 μιμεῖσθαι
2694 3481 2802 3535 τῶν
2837 3480 3151 3550 Φαρισαίων
3183 3478 3283 3550 τὴν
3328 3476 3609 3547 φιλόδοξον
3667 3476 3767 3530 καὶ
3828 3476 3979 3545 φιλό-

2374 3592 2589 3646 πρωτον
2612 3574 2862 3644 γνώμην,
2896 3574 2993 3627 καὶ
3036 3570 3225 3635 ἁπλῶς
3256 3570 3533 3640 κοσμικὴν
3568 3570 3664 3624 καὶ
3709 3569 3977 3637 ἀνθρωπ-

2374 3670 2630 3737 ἀρεσκον.
2694 3665 2770 3719 Τὸ
2816 3664 2927 3735 γάρ
2964 3666 3093 3726 τοὺς
3126 3663 3457 3733 ἀσπασμοὺς
3514 3660 3869 3731 ἐπιτηδεύειν
3919 3662 3977 3712 ὲν

2370 3762 2489 3822 ταῖς
2533 3761 2785 3829 ἀγοραῖς,
2820 3756 3231 3811 κολακευόντων
3266 3756 3388 3809 tot).
3432 3755 3564 3818 τοὺς
3606 3754 3975 3822 ὲντυγχάνονυ

2371 3867 2491 3912 τας,
2537 3848 2633 3900 καὶ
2663 3846 2821 3912 δόξαν
2849 3845 3147 3917 καλοηθίας
3178 3844 3539 3916 θηρωμένων,
3576 3844 3608 3915 ἦ
3644 3846 3977 3913 συναγωγῆς

2372 3940 2671 4009 χρημάτων
2702 3940 2977 4009 πρόφασιν
2998 3938 3158 3993 τοῦτο
3186 3939 3512 4009 τιθεμένων.
3562 3936 3725 3990 Ἀλλά
3752 3938 3850 3989 καὶ
3878 3937 3973 4000 τας

2371 4032 2547 4093 οἰκίας
2578 4031 2686 4083 τῶν
2716 4031 2924 4102 χηρῶν,
2946 4032 3101 4102 φησὶ,
3135 4030 3490 4085 κατεσθίουσι
3517 4028 3972 4100 γαστριζόμενοι,

2371 4126 2466 4177 καὶ
2492 4126 2637 4195 πέρα
2668 4125 2762 4177 τοῦ
2796 4124 3006 4189 δέοντος
3035 4126 3423 4186 ἀναλίσκοντες
3449 4140 3462 4154 ·
3502 4127 3596 4177 καὶ
3625 4126 3658 4194 ὴ
3692 4125 3973 4193 πρόφασις

2369 4220 2446 4282 ὡς
2482 4218 2739 4289 εὐλαϐής.
2774 4218 2955 4289 Εὐχὴν
2992 4220 3103 4293 γὰρ
3129 4219 3227 4273 καὶ
3265 4219 3541 4289 ὠφέλειαν
3563 4218 3807 4289 ψυχικὴν
3837 4235 3974 4287 προ-

2372 4313 2753 4384 φασιζόμενοι,
2790 4314 2851 4367 οὐ
2889 4314 3145 4383 νηστείαν
3173 4313 3547 4380 διδάσκουσιν,
3591 4313 3731 4368 ἀλλά
3773 4313 3972 4384 μέθην,

2372 4407 2468 4457 καὶ
2496 4404 2971 4475 γαστριμαργίαν,
3010 4406 3105 4457 καὶ
3140 4404 3228 4457 διὰ
3271 4405 3439 4458 τοῦτο
3467 4404 3759 4475 λήψονται,
3793 4406 3930 4473 φησὶ
3956 4446 3971 4469 ,

2373 4495 2765 4565 περισσότερον
2799 4497 2998 4565 κρῖμα,
3025 4494 3108 4548 ὅτι
3139 4496 3201 4548 οὐ
3247 4496 3408 4565 μόνον
3440 4495 3657 4550 ποιοῦσι
3686 4496 3750 4549 τὸ
3780 4499 3974 4561 κακὸν,

667 4572 949 4625 honestam
997 4573 1281 4631 calumnia:
1316 4577 1550 4655 reddunt
1602 4578 1915 4635 obnoxiam.
1968 4580 2266 4664 Oportebat

2378 4588 2515 4658 ἀλλὰ
2562 4587 2654 4640 καὶ
2692 4586 3126 4659 προφασίζονται
3173 4589 3360 4659 εὐχάς.
3403 4590 3514 4642 Καὶ
3560 4590 3621 4644 τὸ
3674 4593 3975 4661 πρόσχημα

665 4679 799 4720 sane
854 4667 1101 4721 misereri
1152 4667 1351 4735 viduis,
1413 4670 1491 4724 illi
1534 4682 1815 4734 autemet
1846 4675 2038 4729 domos
2077 4687 2269 4731 earum

666 4756 1050 4826 ingrediuntur
1086 4762 1243 4830 quasi
1279 4778 1377 4831 per
1418 4764 1615 4834 longas
1647 4768 2216 4838 preces‘benedicaut
2252 4789 2265 4823 :

668 4846 886 4903 interim
921 4850 1095 4904 viduae
1123 4853 1174 4904 in
1201 4856 1509 4921 przesentia-
1528 4854 1745 4908 illorum
1774 4856 1975 4912 multos
2002 4870 2271 4928 coguntur

665 4952 912 5011 sumptus
966 4941 1185 5010 facere,
1240 4958 1347 5012 quo
1390 4943 1451 4998 ﬁt
1499 4955 1560 4999 ut
1602 4946 1999 5004 exhauriantur
2050 4950 2267 5007 illarum

666 5033 891 5093 divitiae.

1258 5320 1486 5377 CAPUT
1526 5322 1663 5379 XXI.

671 5412 747 5465 De
788 5416 1005 5495 muliere
1056 5434 1173 5469 cum
1234 5420 1439 5495 duobus
1491 5423 1729 5495 minutis.
1790 5424 2148 5495 Interrogatio
2205 5436 2269 5483 de

744 5487 1456 5563 uliimdconsummatione.
1500 5492 1572 5545 De
1615 5497 1887 5547 obsidione
1943 5487 2265 5563 Jerusalem,

743 5566 789 5609 et
819 5558 1238 5635 quod_Chr_istus
1276 5565 1588 5628 pra'dixerit
1644 5567 1915 5632 discipulis
1952 5573 2064 5635 ejus
2107 5558 2271 5623 vasti;

744 5640 925 5682 talem.
959 5630 1033 5682 De
1058 5632 1239 5699 signis.

747 5782 908 5839 Vens.
942 5786 1049 5841 1-4.
1094 5808 1111 5839 ι
1148 5788 1469 5859 Βεερίιςίριη
1504 5775 1684 5848 autem
1730 5794 1863 5849 vidit
1896 5810 1988 5851 eos
2020 5798 2109 5866 qui
2144 5798 2267 5851 mit-

676 5874 859 5931 scbant
900 5894 1123 5937 munera
1159 5898 1251 5935 sua
1286 5883 1339 5935 in
1376 5884 1824 5956 gasupliytactuin
1856 5886 2076 5946 divites.
2117 5889 2264 5945 Vidit

2374 4682 2559 4743 αὐτοῖς
2589 4681 2840 4747 εὐλαϐὲς,
2874 4683 2967 4737 καὶ
3000 4681 3101 4752 τὴν
3133 4683 3341 4753 ἀρετὴν
3378 4684 3659 4753 πρόφασιν
3691 4685 3975 4738 ποιοῦνται

2344 4774 2667 4844 ,πονηρίας.
2705 4775 2797 4826 Διὸ
2825 4774 2890 4843 δὴ
2919 4775 3013 4827 καὶ
3046 4776 3444 4846 περισσότερον
3489 4780 3873 4846 κατακριτέοι.
3901 4780 3975 4841 ὼς

2376 4863 2469 4917 καὶ
2496 4864 2554 4915 τὸ
2588 4863 2753 4917 καλὸν
2793 4864 3176 4919 διαϐάλλεσθαι
3231 4867 3535 4930 ποιοῦντες.
3586 4870 3721 4922 Δέον
3746 4873 3858 4941 γὰρ
3882 4874 3975 4933 τας

2376 4956 2553 5023 χήρας
2584 4954 2754 5007 ἐλεεῖν
2774 4971 2787 4983 °
2814 4956 2862 5007 οἳ
2897 4956 2953 5008 δὲ
2986 4956 3324 5028 εἰσέρχονται
3342 4961 3424 5021 εἰς
3446 4959 3544 5021 τὰς
3564 4961 3745 5023 οίκίας
3768 4963 3974 5024 αὐτῶν,

2376 5045 2449 5107 ὡς
2479 5045 2637 5115 δῆθεν
2685 5046 2771 5100 διὰ
2819 5048 2926 5100 τῶν
2963 5050 3195 5119 μακρῶν
3226 5050 3403 5120 εὐχῶν
3444 5052 3845 5123 εὐλογήσοντες
3873 5072 3885 5084 ·
3921 5058 3976 5108 αι

2376 5137 2431 5188 δὲ
2455 5139 2860 5205 ἀναγκάζονται
2896 5141 3217 5194 ἀναλίσκειν
3245 5144 3338 5195 ἐπὶ
3369 5147 3435 5213 τῇ
3467 5146 3752 5216 παρουσίᾳ
3774 5148 3977 5212 αὐτῶν,

2378 5231 2471 5288 καὶ
2498 5231 2669 5295 οὕτως
2707 5232 3146 5289 ἐκδαπανῶνται.

2952 5327 3204 5380 ΚΕΦΑΛ.
3244 5328 3376 5384 KA'.

2376 5420 2513 5486 Περὶ
2544 5420 2654 5486 τῆς
2690 5421 2762 5473 τὰ
2800 5419 2911 5473 δύο
2955 5421 3149 5493 λεπτὰ
3181 5422 3511 5488 ,βαλούσης
3566 5424 3788 5492 χήρας.
3841 5426 3978 5493 ﬁeri

2445 5494 2806 5563 συντελείας
2828 5492 3216 5559 ἐπερώτηὰις.
3250 5494 3385 5560 Περὶ
3418 5493 3527 5560 τῆς
3553 5496 3845 5563 ἀπώσει-ως
3877 5492 3975 5552 ἰε-

2441 5562 2791 5637 ρουσιιλὴμ.
2826 5564 2925 5615 καὶ
2959 5565 3046 5637 ὅτι
3080 5566 3129 5637 ό-
3156 5564 3371 5637 Κύριος
3414 5567 3665 5632 προεῖπε
3697 5562 3831 5633 τοῖς
3868 5589 3974 5637 μα·

2447 5635 2653 5707 θηταῖς
2706 5636 2820 5701 τὴν
2873 5635 3067 5701 αὐτῆς
3106 5633 3432 5703 ἐρήμωσιν.
3488 5639 3628 5706 Περὶ
3686 5638 3812 5691 τῶν
3867 5633 3974 5707 ἐνη-

2440 5705 2644 5771 μείων.

2460 5800 2794 5869 ’Λναὸλέᾀας
2826 5800 2880 5853 δὲ
2913 5798 3018 5855 εἶδε
3044 5804 3168 5865 τοὺς
3202 5802 3494 5870 βάλλοντας
3519 5806 3585 5857 ti
3615 5806 3769 5873 δῶρα
3798 5806 3968 5859 αὐτῶν

2376 5896 2451 5957 είς
2486 5893 2543 5946 τδ
2572 5895 2975 5966 γαζοφυλάκιον
3010 5894 3315 5961 πλουσίους,
3338 5895 3459 5952 Eilis
3491 5899 3547 5951 δὲ
3590 5902 3687 5953 καί
3730 5918 3850 5954 τινα
3873 5908 3963 5969 κη-
