4228 6428
712 434 851 500 1051

1595 428 2177 491 THEOPHYLACK‘I
2213 428 2621 489 BULGARIE
2651 429 3005 488 ARCUIEP.

3854 417 4005 481 1052

710 558 870 602 erant
923 546 1111 615 palma:
1138 554 1192 597 et
1239 544 1557 606 (Iberubim,
1605 552 1661 598 et
1709 541 1946 601 similia;
1992 540 2107 593 haze
2152 541 2297 593 enim

2414 539 2744 607 καὶγλυπτά
2804 538 3023 605 λέγειν,
3078 530 3190 589 οἷον
3242 535 3493 602 φοίνικας
3541 534 3639 587 καὶ
3690 535 4015 605 Χερουϐὶμ,

712 637 853 690 forte
884 635 1231 703 ἀναθήματα,
1264 634 1363 685 boc
1576 640 1679 695 est,
1716 632 1879 693 dona,
1912 628 2084 683 dicit:
2120 628 2303 682 00mi-

715 719 815 780 nus
850 740 977 779 vero
1011 726 1143 778 nihil
1169 725 1363 778 borum
1392 726 1638 787 miratur,
1669 722 1762 775 sed
1794 730 1848 774 et
1873 721 2300 775 destructionem

715 832 903 871 eorum
950 816 1214 884 praedicit.
1273 814 1374 866 Alii
1421 821 1602 867 autem
1648 811 1853 880 opinati
1901 820 2033 865 sunt
2085 826 2207 863 eum
2238 810 2304 862 do

714 906 1185 959 consummatione
1240 902 1535 957 universali
1591 902 1857 964 locutum,
1931 902 2183 970 quamvis
2238 902 2304 955 de

713 994 1029 1062 captivitate
1086 993 1591 1060 Hierosolymorum
1655 1002 1710 1045 et
1762 990 2011 1045 Romano
2059 990 2301 1043 exercitu

716 1087 863 1140 dicat
898 1106 910 1139 :
946 1086 1065 1138 ideo
1087 1094 1141 1137 et
1174 1086 1289 1150 ipse
1318 1100 1522 1139 morem
1550 1099 1746 1153 gerens
1787 1084 1868 1137 eis
1898 1083 2155 1151 relinquit
2183 1097 2295 1136 ser-

718 1192 934 1230 monem
965 1176 1030 1228 de
1064 1177 1403 1244 captivitate,
1442 1177 1687 1228 dicturus
1718 1177 1784 1227 de
1811 1190 1871 1230 ea
1901 1184 2087 1244 postea
2117 1191 2132 1227 :
2158 1190 2303 1228 nunc

718 1279 901 1322 autem
932 1268 999 1322 de
1030 1260 1503 1322 consummatione
1551 1268 1735 1321 saeculi
1792 1268 2056 1335 loquitur,
2085 1278 2140 1321 et
2165 1283 2302 1335 pra:-

718 1361 889 1412 ttmuit
917 1375 1034 1422 eos,
1081 1374 1149 1412 ne
1169 1373 1226 1412 se
1258 1358 1409 1412 falsis
1440 1358 1721 1427 prophetis
1747 1370 1874 1412 ante
1911 1375 2069 1413 suum
2100 1360 2305 1412 adven-

723 1461 834 1503 tum
874 1451 1117 1502 venturis
1166 1450 1419 1503 subdant.
1474 1450 1648 1503 Erunt
1684 1462 1864 1504 autem
1916 1450 2051 1505 bella
2075 1460 2127 1503 ct
2165 1450 2306 1503 sedi-

719 1543 942 1595 tiones:
981 1557 1103 1595 nam
1157 1558 1282 1595 cum
1328 1543 1540 1595 sublata
1598 1541 1760 1595 fuerit
1812 1544 1992 1597 omnis
2038 1542 2303 1607 t-haritas,

721 1632 917 1683 merito
978 1632 1157 1684 IOt'IllII
1216 1633 1491 1685 babebuut
1530 1632 1668 1685 bella
1704 1641 1760 1687 et
1811 1633 2129 1687 seditiones.
2182 1631 2308 1686 Post

718 1722 853 1773 bella
884 1736 1013 1776 vero
1066 1722 1239 1777 fames
1268 1736 1318 1775 tt
1356 1725 1681 1793 pestilentia:
1710 1742 1721 1777 :
1754 1734 1808 1780 et
1832 1725 2152 1792 pcstilentiw
2185 1725 2308 1792 qui-

716 1810 840 1863 dem
878 1823 1136 1881 corrupto
1164 1814 1231 1865 ab
1258 1816 1453 1868 occisis
1478 1831 1625 1878 aere,
1661 1816 1831 1869 fartres
1866 1826 2045 1870 autem
2072 1830 2139 1869 ex
2164 1816 2308 1883 agris

2356 648 2361 655 ·
2402 628 2574 681 ταῦτα
2593 631 2699 699 γὰρ
2719 628 2847 691 ῐσως
2872 629 2939 680 τὰ
2980 627 3303 695 ἀιαθηματὶ
3328 642 3494 696 φησιν
3534 642 3545 654 ·
3577 626 3640 678 '0
3665 626 3886 693 Κύριος
3921 626 4019 677 οό-

2405 719 2555 781 δενὸς
2580 720 2787 772 τούτων
2813 720 3227 788 ἐπιστρέφεται,
3250 717 3385 770 ἀλλά
3408 718 3516 785 ,τὴν
3563 717 3878 770 κατάλυσιν
3912 721 4027 770 αὑ·-

2407 811 2515 863 τῶν
2548 812 2821 881 προλέγει,
2852 811 2915 862 Ol
2951 812 3005 862 δὲ
3037 810 3301 879 ᾠήθησαν
3331 811 3493 862 αὑτὸν
3524 812 3653 880 περὶ
3679 812 3786 879 τῆς
3839 810 4016 862 καοο·

2404 904 2561 973 λικῆς
2594 902 2904 966 συντελείας
2937 902 3140 971 λέγειν,
3178 902 3359 955 καίτοι
3420 904 3562 973 mp?
3581 904 3683 971 τῆς
3720 904 3833 955 ὑπὸ
3879 902 4017 957 Ῥωο

2377 998 2583 1067 ομαίων
2612 996 2873 1059 ἁλώσεως
2895 998 3006 1049 τῶν
3050 994 3443 1063 Ἰεροσολύμων
3471 996 3719 1062 λέγοντα.
3775 997 3872 1046 Διὸ
3922 993 4020 1044 καὶ

2404 1090 2566 1153 αὐτὸς
2598 1088 3052 1156 συγκαταϐαίνων
3084 1088 3294 1150 αὐτοῖς,
3327 1088 3525 1157 ἀφίησι
3563 1088 3661 1154 μὲν
3690 1086 3838 1149 τέως
3879 1086 4014 1139 τοὺς

2406 1180 2536 1247 περὶ
2571 1180 2671 1246 τῆς
2703 1176 2958 1240 ἁλώσεως
2988 1176 3201 1243 λόγους,
3244 1174 3426 1242 μέλλει
3454 1176 3563 1244 γὰρ
3590 1172 3797 1232 αὐτοὺς
3833 1188 4023 1237 παρα-

2407 1267 2598 1332 πλέξαι
2631 1268 2743 1328 ταῖς
2778 1268 2916 1335 μετά
2938 1266 3137 1327 ταῦτα,
3173 1264 3268 1315 νῦν
3302 1265 3357 1316 δὲ
3389 1263 3519 1331 περὶ
3559 1263 3657 1329 τῆς
3687 1260 4021 1337 συντελείας

2405 1358 2791 1426 διαλαμϐάνει,
2824 1359 2919 1410 καὶ
2953 1356 3426 1426 προασφαλίξεται
3459 1355 3677 1416 αὐτοὺς,
3714 1353 3866 1405 ὥστε
3904 1356 4019 1412 τοῖς

2408 1450 2514 1520 πρὸ
2547 1451 2644 1518 τῆς
2690 1448 3199 1518 αὑτοῦ-παρουσίας
3255 1448 3543 1516 μέλλουσιν
3586 1446 3769 1497 ἐλθεῖν
3823 1446 4023 1513 ψευδο-

2408 1542 2720 1611 προφήταις
2756 1541 2833 1610 μὴ
2877 1541 3210 1610 ὑπαχθῆναι.
3262 1539 3516 1592 Ἔσονται
3547 1538 3601 1591 δὲ
3642 1540 3885 1605 πόλεμοι
3926 1540 4022 1589 καί

2407 1633 2827 1687 ἀκαταστασίαι·
2862 1634 3044 1701 πάσης
3073 1635 3183 1703 γὰρ
3215 1634 3437 1701 ἀγάπης
3488 1633 3906 1701 ἀναιρεθείσης,
3946 1634 4023 1683 εξ-

2409 1728 2583 1787 κότως
2614 1726 2663 1778 οί
2698 1726 2927 1793 πόλεμοι
2975 1726 3069 1778 καὶ
3100 1726 3157 1777 αἱ
3201 1724 3602 1777 ἀκαταστασίαι
3635 1723 3832 1793 χώραν
3860 1724 4021 1786 ’ἐξου-

2412 1836 2517 1879 σιν,
2555 1820 2662 1870 ἀπὸ
2682 1818 2739 1870 δὲ
2774 1819 2884 1870 τῶν
2909 1818 3161 1886 πολέμων
3188 1817 3337 1885 λιμοὶ
3360 1819 3454 1868 καὶ
3484 1815 3660 1884 λοιμοί
3687 1831 3701 1844 ’
3728 1816 3782 1866 cl
3815 1816 3920 1882 μὲν
3944 1815 4019 1875 ὡς

718 1918 825 1956 non
858 1905 1042 1958 cultis;
1075 1905 1304 1971 Quidam
1341 1910 1708 1975 pestilentiam
1741 1920 1791 1962 et
1822 1909 2018 1961 fatnem
2060 1923 2163 1962 tt0n
2192 1919 2310 1961 tan—

2414 1907 2509 1960 τοῦ
2532 1909 2693 1975 ἀέρος
2717 1910 2781 1959 ἐκ
2809 1907 2916 1959 τῶν
2961 1907 3298 1976 θνησιμαίων
3341 1906 3832 1975 διαφθειρομένου,
3876 1907 3929 1957 οἳ
3966 1906 4022 1958 δὲ

720 2004 830 2049 tum
866 2001 915 2051 itt
946 2000 1416 2054 consummatione
1469 2002 1675 2055 szeculi.
1714 2000 1809 2054 sed
1857 2000 2020 2053 etiam
2051 2001 2103 2053 in
2136 2000 2311 2067 capti-

720 2091 904 2144 \itatis
964 2092 1303 2160 temporibus
1344 2084 1475 2147 fore
1508 2092 1915 2146 intellexerunt.
1960 2092 2169 2145 Etenim
2225 2091 2315 2146 Jo-

721 2183 926 2248 sepbus
954 2182 1123 2236 miras
1154 2191 1281 2238 tunc
1310 2184 1655 2239 calamitates
1709 2184 1875 2239 fuisse
1907 2185 2038 2239 dicit
2089 2193 2315 2253 propter

720 2271 940 2337 lannnn,
971 2286 1018 2327 et
1054 2278 1299 2329 metniuit
1332 2278 1491 2331 etiam
1522 2277 1698 2331 Lucas
1730 2280 1783 2330 in
1812 2276 2003 2330 Actis:
2030 2276 2198 2331 Facta
2231 2285 2316 2331 est

725 2363 899 2415 l‘atttes
929 2364 1029 2417 sub
1048 2364 1269 2418 Claudio
1288 2368 1506 2421 (la-save
1534 2370 1575 2421 '.
1607 2366 1771 2419 Porro
1794 2377 1843 2420 et
1870 2366 2314 2420 terriculamenta

722 2455 886 2505 multa
911 2454 1144 2519 fuerunt,
1183 2459 1577 2524 captititatent.
1614 2470 1669 2510 ut
1705 2460 1843 2513 idem
1875 2468 2087 2521 narrat,
2138 2458 2312 2527 ipsius

718 2546 1014 2601 Jerusalem
1048 2551 1404 2604 declarantia.
1440 2551 1678 2606 Omnino
1712 2563 1893 2603 tamen
1928 2550 2044 2605 luce
2073 2566 2308 2620 sequen-

724 2640 820 2703 tia,
850 2643 915 2695 de
969 2644 1354 2706 seditionibus,
1410 2645 1586 2701 bellis.
1618 2657 1669 2697 et
1712 2644 1854 2699 fame
1883 2660 1946 2697 ac
1977 2644 2189 2697 ca‘teris
2216 2644 2311 2697 lo—

724 2746 891 2798 quor,
928 2746 1155 2802 possunt
1187 2747 1317 2809 .tam
1343 2738 1411 2790 tle
1438 2737 1755 2803 captivitate
1790 2735 2114 2802 Jerusalem,
2142 2752 2309 2807 quam

724 2823 791 2874 de
831 2824 1308 2879 consummatione
1343 2826 1528 2879 saeculi
1572 2826 1819 2895 intelligi.

797 3097 961 3153 Vsus.
987 3099 1175 3154 12-19.
1211 3117 1227 3150 t
1259 3099 1365 3154 Sed
1387 3107 1514 3154 ante
1546 3101 1659 3155 haec
1681 3102 1862 3156 omnia
1886 3102 2130 3174 injicient
2154 3106 2311 3161 vobis

722 3206 918 3244 manus
964 3207 1110 3255 snas,
1146 3201 1201 3246 ct
1242 3205 1658 3261 persequentur,
1706 3194 1984 3251 tradentes
2034 3200 2086 3250 in
2126 3200 2307 3254 conci-

722 3284 918 3341 liabula
952 3294 1006 3338 ct
1048 3300 1315 3349 carceres,
1349 3288 1627 3341 trahentes
1660 3288 1729 3341 ad
1774 3305 1930 3358 reges
1961 3301 2014 3344 et
2052 3295 2311 3359 prtesides
2339 3260 2385 3321 ο

726 3389 943 3445 propter
993 3394 1189 3432 nomen
1237 3395 1438 3435 meum.
1482 3379 1811 3449 Contingettt
1842 3393 2023 3435 autem
2070 3386 2222 3438 vobis
2262 3387 2314 3439 in

724 3471 1117 3525 testitttoniutu.
1146 3470 1350 3524 Habete
1378 3472 1539 3540 igitur
1560 3471 1721 3525 fixum
1748 3475 1799 3525 in
1818 3473 2075 3529 cordibus
2098 3478 2314 3543 vestris,

723 3578 829 3615 non
895 3578 1016 3616 csse
1069 3564 1545 3630 prazmeditaoilsm
1586 3565 1980 3623 defensionem.
2016 3567 2154 3623 Nam
2199 3571 2315 3639 ipse

723 3658 865 3710 dabo
901 3656 1047 3709 vobis
1080 3672 1141 3708 os
1172 3666 1223 3709 et
1254 3659 1574 3726 sapientiam
1610 3660 1693 3711 cui
1748 3675 1855 3713 non
1888 3670 2139 3730 poterunt
2182 3680 2315 3719 con-

722 3747 987 3801 tradicere
1019 3762 1195 3816 neque
1239 3750 1497 3804 resistere
1529 3765 1721 3805 omnes
1748 3752 1839 3819 qui
1879 3752 2317 3812 adversabuntur

723 3836 898 3891 vobis.
932 3836 1241 3891 Trademini
1270 3848 1451 3893 autem
1493 3841 1655 3893 etiam
1696 3856 1726 3895 a
1771 3842 2018 3909 patribus
2046 3854 2100 3899 et
2134 3846 2317 3901 [ratri-

721 3931 846 3990 bus,
880 3938 934 3983 et
964 3930 1209 3998 cognatis
1250 3940 1304 3985 et
1342 3930 1557 3995 amicis,
1587 3942 1637 3986 et
1674 3945 1845 3989 morte
1880 3934 2117 3991 aﬂicient
2146 3955 2319 4008 quos-

722 4026 843 4076 dam
878 4038 941 4075 ex
988 4023 1156 4075 vobis.
1196 4021 1260 4076 Et
1300 4024 1454 4077 eritis
1488 4024 1645 4077 invisi
1676 4028 1930 4082 omnibus
1964 4042 2181 4098 propter
2216 4049 2319 4087 no-

723 4130 848 4168 men
882 4131 1079 4169 meum.
1101 4113 1165 4167 Et
1189 4117 1329 4184 pilus
1356 4115 1420 4170 de
1446 4116 1626 4187 capite
1645 4128 1821 4174 vestro
1839 4136 1941 4175 non
1971 4124 2187 4192 peribit.
2216 4124 2321 4181 Per

727 4208 1047 4277 patientiam
1108 4219 1346 4263 vestram
1413 4211 1690 4278 possidete
1729 4214 1942 4268 animas
1994 4228 2233 4275 vestras.
2292 4238 2313 4272 ι

726 4301 868 4354 Ante
894 4302 1008 4356 lucc
1040 4302 1241 4364 omnia,
1279 4302 1383 4356 hoc
1421 4312 1526 4369 est,
1560 4318 1622 4357 ea
1676 4320 1796 4375 qua:
1829 4307 1960 4363 ﬂent
2010 4319 2139 4366 ante
2191 4327 2322 4368 con-

724 4395 1168 4456 summationem,
1225 4390 1307 4445 vel
1360 4392 1524 4445 etiam
1583 4394 1987 4461 captivitatem.
2042 4398 2201 4464 Nam,
2260 4414 2321 4456 ut

729 4484 861 4547 dixi,
894 4482 1175 4551 conjungit
1199 4484 1546 4537 sermonibus
1580 4484 1646 4539 de
1680 4492 2174 4557 consummatione,
2205 4510 2322 4549 ser-

2416 1998 2491 2059 ὡς
2532 1998 2606 2068 μὴ
2632 1996 2739 2049 τῶν
2773 1997 2966 2067 χωρῶν
2992 1996 3454 2064 γεωργουμένων.
3487 1996 3643 2055 Τινὲς
3677 1998 3733 2047 δὲ
3768 1996 3904 2058 τοὺς
3946 1998 4025 2047 lt.-

2422 2092 2575 2156 μους,
2607 2090 2700 2141 καὶ
2726 2090 2969 2155 λοιμοὺς,
3002 2073 3103 2140 καῖ’
3132 2087 3231 2148 τὰς
3278 2086 3443 2150 ἄλλας
3474 2085 3685 2156 θλίψεις
3715 2088 3826 2139 οὐκ
3862 2090 3926 2141 ὲν
3956 2091 4019 2158 τῇ

2418 2180 2702 2252 συντελείᾳ
2734 2182 2897 2249 μόνον
2924 2179 3168 2242 ἔσεσθαι,
3192 2178 3332 2232 ἀλλὰ
3356 2181 3453 2231 καὶ
3482 2182 3594 2242 τοῖς
3626 2180 3723 2249 τῆς
3753 2180 4019 2245 ἁλώσεως

2416 2276 2631 2343 καιροῖς
2681 2272 3015 2337 ἐξεδέξαντο.
3078 2272 3186 2324 Καὶ
3230 2272 3343 2342 γὰρ
3384 2269 3644 2342 Ἰώσηπος
3695 2275 4023 2341 ἀφορήτους

2416 2366 2703 2436 συμφορὰς
2732 2365 2819 2417 διὰ
2848 2366 2937 2417 τὸν
2967 2362 3123 2433 λιμὸν
3148 2362 3299 2431 λέγει
3331 2363 3687 2433 γεγενῆσθαι.
3731 2364 3907 2416 Ἀλλά
3929 2365 4021 2417 καὶ

2415 2458 2597 2520 καθώς
2638 2476 2772 2527 φησι
2796 2459 3012 2519 Λουκᾶς
3038 2460 3096 2509 ὲν
3128 2459 3250 2519 ταῖς
3278 2457 3572 2525 Πράξεοιν,
3607 2457 3838 2521 ἐγένετο
3862 2458 4021 2523 λιμὸς

2413 2549 2508 2601 ἐπὶ
2563 2548 2837 2601 Κλαυδίου
2894 2548 3193 2617 Καίσαρος.
3241 2546 3403 2599 Ἀλλὰ
3456 2549 3562 2615 μὴν
3607 2547 3706 2599 καὶ
3761 2540 4024 2617 φόϐητρα

2413 2641 2584 2695 πολλά
2651 2644 2909 2708 γεγόνασι
2969 2640 3067 2710 τὴν
3109 2640 3311 2694 ἅλωσιν
3368 2641 3465 2709 τῆς
3505 2640 3876 2711 Ἰερουσαλὴμ
3928 2643 4019 2708 611-

2412 2735 2629 2797 λοῦντα,
2648 2736 2725 2799 ὼς
2751 2736 2779 2788 ὁ
2806 2735 2969 2797 αὐτὸς
3005 2734 3266 2799 Ἰώσηπος
3291 2736 3515 2802 ἱστορεῖ.
3546 2734 3732 2796 Ὀλως
3757 2752 3819 2786 τε
3844 2734 4021 2787 ταῦτα

2414 2825 2567 2878 κοινά
2594 2826 2849 2878 δύνανται
2866 2824 3105 2877 νοεῖσθαι
3134 2824 3228 2877 τοῦ
3252 2841 3312 2877 τε
3341 2823 3536 2894 καιροῦ
3565 2826 3664 2893 τῆς
3693 2828 4021 2891 συντελείας

2414 2917 2510 2968 καὶ
2542 2918 2641 2986 τῆς
2679 2917 2954 2979 ἁλώσεως,
2986 2915 3052 2969 τά
3086 2916 3217 2986 περὶ
3244 2915 3354 2969 τῶν
3380 2916 3818 2971 ἀκαταστασιῶν
3847 2928 4019 2988 ’φημι

2413 3007 2637 3060 καὶτῶν
2675 3008 2930 3077 πολέμων
2963 3009 3059 3061 καὶ
3089 3006 3198 3059 τῶν
3249 3006 3476 3061 λοιπῶν.

2495 3118 2514 3150 ι
2556 3100 2670 3170 Πρὸ
2692 3100 2748 3153 δὲ
2772 3100 2977 3154 τούτων
3000 3101 3219 3153 πάντων
3241 3100 3595 3154 ἐπιϐαλοῦσιν
3624 3102 3712 3171 ἐφ’
3734 3104 3889 3173 ὑμᾶς
3921 3104 4023 3165 τάς

2413 3196 2599 3264 ripa;
2632 3194 2813 3247 αὐτῶν
2838 3178 2935 3247 καὶ
2966 3192 3268 3259 διώξουσιν,
3307 3194 3701 3265 παραδιδόντες
3732 3197 3817 3257 είς
3857 3212 4023 3249 συνα-

2418 3285 2626 3352 γωγὰς,
2660 3286 2754 3338 καὶ
2797 3284 3068 3354 φυλακὰς,
3099 3285 3405 3357 ἀγομένους
3456 3286 3553 3340 ἐπὶ
3598 3286 3866 3356 βασιλεῖς,
3924 3290 4021 3342 καὶ

2418 3377 2694 3446 ἡγεμόνας
2726 3376 2913 3430 ἕνεκεν
2950 3376 3044 3430 τοῦ
3093 3378 3357 3448 ὀνόματός
3404 3395 3531 3448 μου,
3564 3379 3923 3449 ἀποϐήσεται
3966 3382 4022 3433 ὁὶ

2419 3470 2547 3537 ὑμῖν
2576 3470 2657 3529 είς
2688 3468 3009 3541 μαρτύριον.
3046 3468 3217 3522 Θέσθε
3240 3468 3335 3521 οῦν
3363 3469 3441 3530 είς
3465 3467 3564 3532 τάς
3594 3469 3833 3535 καρδίας
3865 3470 4025 3537 ὑμῶν

2422 3560 2497 3629 μὴ
2534 3558 2876 3630 προμελετᾷν
2904 3559 3338 3628 ἀπολογηθῆναι.
3381 3558 3525 3626 Ἐγὼ
3563 3558 3674 3630 γάρ
3699 3559 3864 3613 δώσω
3894 3562 4026 3629 ὑμῖν

2420 3650 2619 3719 στόμα,
2654 3650 2746 3703 καὶ
2780 3650 2996 3718 σοφίαν,
3039 3643 3073 3723 ᾖ
3112 3651 3175 3703 οὐ
3209 3649 3533 3719 δυνήσονται
3560 3651 3869 3714 ἀντειπεῖν,
3902 3651 4025 3704 οὖᾶ

2417 3741 2739 3810 ἀντιστῆναι
2776 3741 2977 3804 πάντες
3002 3742 3052 3794 oi
3084 3741 3456 3809 ἀντικείμενοι
3494 3740 3647 3809 ὑμίν.
3687 3742 4024 3812 Παραδοθήο

2422 3833 2579 3887 σεσθε
2605 3833 2663 3887 δὲ
2705 3833 2799 3886 καὶ
2840 3833 2946 3887 timo
2975 3833 3203 3903 γονέων,
3234 3834 3328 3887 καὶ
3356 3832 3661 3902 συγγενῶν,
3696 3835 3794 3886 καὶ
3830 3835 4025 3903 φίλων,

2422 3930 2517 3982 καὶ
2546 3928 2815 3997 ἀδελφῶν,
2844 3930 2937 3980 καὶ
2968 3916 3373 3982 θανατώσουσιν
3404 3926 3466 3991 ἐξ
3488 3926 3667 3997 ὑμῶν,
3699 3928 3799 3979 καὶ
3830 3927 4027 3980 ἔσεσθε

2426 4021 2745 4093 μισούμενοι
2781 4022 2885 4075 ὑπὸ
2916 4022 3135 4075 πάντων
3163 4021 3255 4074 διὰ
3293 4021 3351 4074 τὸ
3376 4018 3548 4089 ὄνομά
3579 4038 3707 4086 μου.
3746 4021 3862 4072 Καὶ
3906 4020 4027 4089 θρὶξ

2422 4116 2485 4167 ὲκ
2518 4116 2617 4183 τῆς
2656 4115 2901 4184 κεφαλῆς
2942 4114 3096 4184 ὑμῶν
3126 4114 3187 4166 οὐ
3218 4114 3293 4183 μὴ
3324 4112 3616 4182 ἀπόληται.
3670 4110 3762 4164 Ἐν
3791 4117 3861 4181 τῇ
3891 4115 4026 4165 ὑπο.

2424 4210 2560 4277 μονῇ
2587 4206 2741 4276 ὑμῶν
2765 4206 3045 4276 κτήσασθε
3069 4205 3166 4269 τάς
3195 4205 3374 4275 ψυχὰς
3406 4203 3585 4274 ὑμῶν.
3622 4223 3641 4255 ι
3677 4205 3796 4275 Πρὸ
3817 4206 4028 4259 τούτων

2422 4300 2664 4365 πάντων,
2686 4298 2797 4351 τῶν
2820 4299 2921 4367 τῆς
2942 4297 3275 4363 συντελείας,
3299 4297 3334 4368 ἢ
3357 4296 3455 4351 καὶ
3479 4296 3589 4350 τῶν
3611 4298 3712 4367 τῆς
3739 4296 4023 4362 ἁλώσεως⁸

2422 4391 2499 4454 ὡς
2535 4385 2690 4442 εἷπον
2710 4391 2841 4459 γὰρ,
2875 4375 3227 4458 παραπλέκει
3267 4391 3381 4449 τοῖς
3410 4388 3540 4459 περὶ
3567 4387 3670 4457 τῆς
3702 4390 4023 4454 συντελείας

2422 4482 2601 4551 λόγοις
2636 4484 2763 4542 τοὺς
2820 4483 2952 4551 περ)⁸
3008 4482 3106 4550 τῆς
3167 4481 3444 4545 ἁλώσεως.
3481 4480 3879 4537 Ἐπισαλοῦσιν
3940 4486 4025 4554 ιφ·

731 4591 919 4629 mones
942 4576 1007 4629 de
1034 4577 1366 4644 captivitate.
1416 4577 1667 4645 lnjic'ent
1694 4582 1865 4647 enim,
1904 4584 2101 4654 inquit,
2140 4587 2190 4640 in
2220 4603 2315 4644 vos

2425 4575 2594 4645 ὑμᾶς,
2643 4575 2799 4644 φησὶ,
2831 4573 2955 4636 τοὺς
2997 4573 3164 4643 ἐμοὺς
3198 4571 3472 4641 μαθητὰς,
3512 4571 3610 4634 τὰς
3659 4573 3879 4642 χεῖρας.
3913 4573 4024 4627 Kal

731 4671 883 4723 meos
912 4670 1230 4739 discipulos.
1270 4687 1483 4727 manus.
1516 4672 1578 4726 Et
1614 4685 1739 4729 aute
1761 4688 1978 4747 captam
2009 4678 2312 4737 Jerusalem

2422 4670 2528 4740 πρὸ
2571 4670 2671 4738 τῆς
2721 4667 2977 4730 ἀλώσεως
3010 4667 3119 4735 γὰρ
3153 4664 3497 4736 ἐδιώχθησαν
3542 4666 3590 4718 οί
3622 4665 3925 4719 ἀπόστολοι
3965 4670 4025 4719 ὲκ

728 4762 1103 4831 persccutioae
1151 4763 1290 4830 pulsi
1343 4772 1470 4818 sunt
1515 4766 1746 4833 apostoli
1772 4783 1840 4821 ex
1880 4767 2311 4843 Hierosolymis:

728 4853 838 4907 lleo
869 4854 969 4907 boc
1012 4855 1086 4906 ita
1126 4854 1494 4921 dispensante,
1529 4866 1586 4909 nt
1623 4858 1825 4913 milites
1854 4860 2026 4914 solum
2062 4874 2317 4920 concute-

727 4954 868 5008 rent,
898 4952 951 4996 ιιι
983 4944 1219 5011 graviter
1252 4943 1550 5015 alIligerenl
1581 4946 1798 5003 .ltnlams
1822 4952 1915 5020 qui
1945 4950 2217 5009 Christum
2248 4958 2313 5010 ad

725 5050 942 5092 crucem
976 5036 1299 5105 atlegerant;
1329 5039 1558 5108 apostoli
1595 5040 1813 5094 interim
1850 5052 2019 5097 totum
2052 5050 2312 5101 mundum

728 5130 1111 5199 praedicatione
1137 5129 1443 5197 inrplerent.
1473 5130 1624 5186 Ducti
1654 5143 1779 5186 sunt
1810 5132 1973 5203 igitur
1993 5137 2216 5205 apostoli
2248 5138 2315 5190 ad

727 5236 885 5291 reges
943 5231 1000 5275 et
1058 5223 1332 5290 przt‘siiles,
1382 5224 1524 5279 sicut
1580 5223 1781 5279 Paulus
1822 5227 1888 5279 ad
1941 5226 2183 5295 Festum,
2246 5230 2313 5283 ad

726 5313 1025 5382 Agrippam
1062 5313 1130 5377 ‘°,
1165 5312 1231 5366 ad
1264 5314 1553 5379 Caesarem,
1583 5325 1636 5371 et
1678 5316 1878 5370 factum
1907 5328 1990 5372 est
2019 5322 2098 5373 eis
2132 5322 2230 5374 boe
2260 5323 2315 5374 itt

727 5407 955 5475 gloriam
1005 5407 1323 5461 testimonii.
1356 5407 1495 5472 Quia
1535 5418 1711 5463 autem
1768 5410 1951 5464 idiota:
1986 5422 2041 5466 et
2080 5412 2315 5482 imperiti

727 5508 908 5561 erant,
966 5512 1032 5550 ne
1092 5499 1447 5553 turbarentur
1508 5500 1772 5554 reddituri
1850 5504 2114 5559 rationem
2176 5504 2317 5574 apud

726 5591 873 5646 viros
906 5592 1179 5661 sapientes
1206 5609 1219 5647 :
1258 5593 1435 5657 Nibil,
1460 5591 1658 5665 inquit,
1679 5595 1745 5647 de
1774 5594 1877 5650 bac
1906 5613 1963 5651 re
1994 5600 2147 5653 vobis
2175 5615 2321 5655 cura!

726 5684 789 5737 sit
820 5701 834 5751 ;
864 5686 1145 5755 accipietis
1176 5686 1321 5741 enim
1358 5698 1485 5743 tunc
1517 5703 1546 5742 a
1570 5703 1655 5742 me
1686 5687 2051 5759 eloquentiam
2078 5688 2245 5763 550
2268 5701 2322 5748 ct

799 5861 816 5893 ³
862 5865 981 5921 .lt't.
1016 5867 1207 5929 v.28.
1294 5868 1334 5897 "
1361 5869 1481 5923 Act.
1528 5884 1651 5934 xxv,
1700 5867 1789 5923 ἐϋ.

2418 4760 2529 4814 τῶν
2562 4759 2830 4831 ἰεροσολύ
2839 4776 2978 4829 μων,
3003 4756 3099 4811 τοῦ
3120 4755 3258 4810 Θεοῦ
3280 4753 3558 4808 καὶτοῦτο
3579 4756 4023 4823 οίκονομοῦντος,

2419 4853 2508 4905 ῐνα
2546 4852 2726 4919 μόνοις
2756 4853 2869 4914 τοῖς
2903 4849 3249 4919 σταυρωταῖς
3278 4845 3718 4916 ἑπικατασεισθῇ
3751 4848 3824 4901 τά
3853 4850 4023 4913 δεινὼ

2420 4946 2581 4998 αὒτοϊ
2610 4944 2666 4997 δὲ
2686 4942 2778 4997 τὸν
2800 4942 3005 5012 κόσμον
3030 4934 3171 5005 ὅλον,
3205 4941 3253 4992 oi
3282 4938 3570 4993 ἀπόστολοι
3594 4938 3765 5005 λέγω,
3800 4941 4025 5014 πληρώ-

2425 5056 2561 5092 σωσι
2586 5036 2681 5092 τοῦ
2702 5036 3082 5107 κηρύγματος.
3130 5032 3416 5104 Ἦχθησαν
3441 5033 3534 5087 οὖν
3572 5036 3667 5087 ἐπὶ
3691 5033 3945 5104 βασιλεῖς
3977 5036 4023 5091 οι

2426 5132 2741 5197 ἀπόστολοι,
2786 5131 2879 5183 καὶ
2914 5129 3007 5182 hil
3034 5127 3337 5198 ἡγεμόνας,
3389 5126 3464 5189 ὡς
3497 5126 3710 5190 Παῦλος
3746 5129 3891 5200 πρὸς
3942 5132 4028 5185 τὸν

2424 5228 2655 5297 Φῆστον,
2676 5226 2811 5294 πρὸς
2829 5223 2921 5277 τὸν
2949 5224 3282 5291 Ἀγρίππαν,
3298 5221 3437 5290 πρὸς
3456 5221 3617 5274 αὑτὸν
3629 5221 3722 5274 τὸν
3741 5224 4022 5294 Καίσαρα.

2425 5320 2619 5388 Γέγονε
2652 5320 2708 5373 δὲ
2748 5319 2933 5380 αὐτοῖς
2973 5316 3135 5369 τοῦτο
3162 5317 3242 5378 εἰς
3274 5315 3578 5385 μαρτυρίου
3628 5314 3816 5379 δόξαν.
3868 5317 4024 5371 Ἐπεὶ

2425 5415 2481 5466 δὲ
2519 5412 2725 5466 ἰδιῶται
2746 5407 2886 5481 ἦσαν
2910 5410 3007 5463 καὶ
3032 5410 3291 5479 ἀμαθεῖς.
3325 5408 3418 5461 ἵνα
3449 5409 3523 5478 μὴ
3563 5407 3928 5478 ταραχθῶσιν
3954 5410 4024 5471 ὡς

2430 5508 2719 5575 μέλλοντες
2749 5505 2943 5573 λόγους
2973 5502 3327 5557 ἀπαιτεῖσθαι
3361 5505 3512 5570 περὶ
3551 5503 3735 5571 σοφῶν
3786 5503 4014 5572 ἀνδρῶν,

2426 5598 2613 5667 Μηδὲν
2642 5597 2793 5665 ὑμῖν,
2828 5598 2981 5666 φησὶ,
3011 5594 3142 5665 περὶ
3159 5595 3349 5649 τούτου
3381 5595 3612 5666 μελέτω
3646 5594 3891 5665 λήψεσθε
3914 5597 4017 5664 γὰρ

2429 5691 2561 5763 παρ’
2596 5689 2732 5763 ἐμοῦ
2757 5691 2817 5744 ὲν
2841 5688 3021 5761 ταυτῴ
3046 5689 3141 5745 καὶ
3161 5688 3377 5759 σοφίαν,
3409 5689 3504 5743 καὶ
3525 5688 3853 5757 εὐστομίαν,
3884 5688 4014 5741 ὥστε
