4228 6428
185 426 330 493 1053

903 429 1163 489 ΕΝΑῐῖοίῖ
1179 427 1354 487 ATIO
1397 428 1474 488 ΙΝ
1519 429 1785 489 EVANG.

1893 429 2028 490 [UM
2066 430 2300 491 LUCzE.
2346 457 2412 467 -
2453 431 2612 492 CAP.
2651 431 2812 492 XXI.

3351 420 3492 486 105‘.-

183 537 327 607 μηδὲ
361 533 570 596 πάντας
600 530 740 604 δμοῦ
771 532 850 596 είς
882 532 940 585 ἓν
969 535 1345 604 συνηγμένους
1374 535 1503 596 τοὺς
1542 534 1785 586 ἀντικει-

1895 536 2243 605 sapientiam,
2288 539 2360 590 ita
2401 539 2654 592 utetiam
2689 541 2731 590 si
2768 530 3293 590 mnnesairersarii
3331 533 3497 583 vestri

185 629 383 697 μένους
433 623 697 678 δύνασθαι
743 624 1062 694 ἀντιστῆναι
1112 626 1263 694 ὑμῖν,
1312 625 1437 679 οὔτε
1495 625 1638 678 κατὰ
1686 625 1788 694 τὴν

185 718 400 786 σοφίαν,
429 715 701 780 τουτέστι,
743 717 886 768 κατά
915 717 1017 785 τὴν
1054 716 1164 770 τῶν
1198 718 1489 786 νοημάτων
1523 716 1782 785 δύναμιν,

181 809 310 862 οὕτε
376 808 519 861 κατά
576 809 678 878 τὴν
736 810 1054 879 εὐστομίαν,
1107 809 1204 862 καὶ
1263 811 1324 861 τὸ
1370 811 1471 878 τῆς
1537 811 1786 879 γλώττης

182 901 560 972 ἀπρόσκοπον.
607 902 878 963 Πολλάκις
926 902 1035 971 γάρ
1080 918 1165 964 τις
1201 901 1395 970 σοφίαν
1442 903 1542 970 μὲν
1578 903 1692 971 ἔχει
1731 903 1787 955 ἐν

185 993 493 1061 λογισμοῖς,
534 995 630 1045 καὶ
655 994 954 1062 νοήμασιν,
978 993 1310 1062 εὐτάρακτος
1344 993 1400 1046 δὲ
1425 991 1500 1045 ῶν
1533 994 1669 1062 πρὸς
1700 994 1789 1046 θο-

187 1082 410 1151 ρύὸους,
435 1083 656 1152 συγχέει
683 1082 746 1134 τὸ
773 1084 881 1132 πᾶν
911 1084 969 1132 ἐν
1000 1082 1182 1151 καιρῷ
1213 1082 1275 1150 δη
1289 1083 1584 1151 μηγορίας.
1641 1082 1784 1135 Ἀλλ’

185 1171 338 1228 οὗτοί
378 1192 462 1242 γε,
499 1178 546 1227 oi
582 1174 873 1226 ἀπόστολοι
915 1173 1082 1238 λέγω,
1119 1174 1238 1225 κατ’
1272 1173 1564 1242 ἀμφότερα
1602 1173 1788 1242 ἐχαρι-

177 1269 458 1340 τώθησαν,
493 1268 615 1321 ὅθεν
660 1270 755 1320 καὶ
793 1266 1188 1337 ἐξεπλήττοντο
1213 1269 1343 1330 τοὺς
1386 1269 1484 1336 μὲν
1524 1269 1654 1338 περ).
1687 1269 1788 1321 Πέ-

175 1377 312 1430 τρον
361 1361 454 1412 καὶ
501 1358 756 1426 Ἰωάννην
807 1358 857 1408 οί
913 1356 1078 1426 ἱερεῖς
1138 1356 1233 1409 ἐπὶ
1263 1359 1328 1426 τῇ
1382 1357 1556 1428 ἀθρόᾳ
1599 1357 1784 1426 σοφίᾳ,

176 1451 736 1521 καταλαμῢανόμενοι
789 1449 1022 1510 αὐτοὺς,
1098 1449 1180 1502 ὅτι
1247 1450 1515 1522 πρότερον
1575 1450 1786 1502 ίδιῶται

175 1538 365 1614 ἦσαν’
422 1545 512 1595 τὸν
577 1543 636 1595 δέ
700 1541 913 1593 Παῦλον
964 1541 992 1593 ὁ
1042 1541 1252 1608 Φῆστος
1302 1540 1510 1608 λέγων·
1576 1541 1784 1611 Μαίνῃ,

177 1635 385 1700 Παῦλε,
409 1637 475 1687 τὰ
497 1635 667 1687 πολλά
686 1652 744 1686 σε
773 1635 1080 1704 γράμματα
1106 1636 1185 1695 είς
1216 1634 1418 1700 μανίαν
1438 1650 1502 1685 πε
1514 1635 1782 1704 ριτρέπει.

177 1728 369 1780 Ταῦτα
400 1728 590 1790 εἰπὼν,
627 1727 721 1778 καὶ
751 1729 842 1778 τὸν
886 1727 975 1778 ἐπὶ
1013 1728 1078 1794 τῇ
1122 1724 1368 1794 ἀμαθεία
1406 1725 1572 1792 φόϐον
1605 1723 1788 1777 αὑτῶν

178 1819 515 1881 ὑπεκλὺσας,
549 1821 802 1888 ἐπιφέρει
834 1819 927 1870 καὶ
961 1817 1149 1885 ἕτερον
1176 1820 1498 1884 ἀναγκαῖον,
1535 1818 1631 1869 καὶ
1665 1820 1780 1869 Exa-

178 1910 271 1962 νον
303 1913 626 1961 κατασεῖσαι
648 1908 846 1977 ψυχὰς,
877 1909 956 1967 τὸ.
991 1908 1444 1978 [Ιαραδοθήσεσθε
1465 1909 1576 1961 ὑπὸ
1605 1909 1778 1975 φίλων

176 2002 275 2054 καὶ
318 2000 614 2067 συγγενῶν.
665 1999 935 2069 Προλέγει
982 1999 1116 2066 γοῦν
1161 2001 1254 2052 καὶ
1287 2001 1416 2072 περὶ
1446 2001 1663 2062 τούτου,
1697 2000 1785 2051 ἵνα

178 2093 259 2161 μὴ
308 2091 502 2160 ἁθρόον
542 2089 791 2153 ἐπελθὸν,
832 2090 1135 2159 διαταράξη
1169 2089 1390 2153 αὐτούς.
1435 2090 1622 2142 Δεινδν
1674 2090 1785 2157 γὰρ

173 2185 338 2238 τοῦτο
357 2184 534 2255 ψυχῆς
558 2183 902 2249 καθικέσθαι,
933 2184 1006 2247 ῶς
1027 2187 1121 2237 καὶ
1144 2184 1307 2235 Δαυῖδ
1335 2200 1522 2253 φησιν,
1549 2184 1633 2234 ὅτι
1675 2201 1693 2232 ι
1725 2183 1786 2234 Ei

173 2282 204 2331 ὁ
235 2281 427 2348 ἐχθρὸς
467 2279 710 2332 ὠνείδισέ
745 2296 835 2347 με,
871 2279 1161 2348 ὑπήνεγκα
1202 2278 1267 2330 ἀν
1292 2293 1305 2306 °
1347 2279 1411 2330 σὺ
1445 2277 1500 2330 δὲ
1531 2276 1786 2346 ἄνθρωπε

181 2373 427 2439 ίσόψυχε.
465 2390 484 2423 ι
523 2372 632 2423 Καὶ
658 2369 873 2423 ,πάλινο
914 2388 931 2419 ι
979 2369 1038 2422 '0
1069 2369 1266 2422 ἐσθίων
1285 2370 1482 2438 ἄρτους
1515 2386 1616 2438 μου
1654 2371 1786 2438 ἐμε-

176 2465 417 2532 γάλυνεν
457 2463 543 2515 ἐπ’
588 2463 688 2532 ἐμὲ
735 2461 1094 2532 πτερνισμόν.
1140 2480 1157 2511 ι
1194 2461 1385 2516 Ταῦτα
1440 2461 1637 2524 εἰπὼν,
1693 2463 1788 2514 καὶ

176 2558 264 2610 ὅτι
314 2557 736 2627 μισηθήσονται,
768 2557 864 2610 καὶ
910 2558 993 2609 ὅτι
1026 2555 1507 2628 θανατωθήσονταί
1551 2569 1698 2618 τινες
1729 2556 1787 2621 ἐξ

178 2650 388 2713 αὑτῶν,
416 2652 670 2720 ἐπιφέρει
701 2652 799 2720 τὴν
825 2653 1098 2722 μεγίστην
1123 2651 1505 2722 παραμυθίαν,
1539 2653 1618 2703 ὅτι
1651 2649 1789 2720 Θρὶξ

177 2746 245 2795 ἐκ
275 2743 372 2811 τῆς
413 2744 657 2812 κεφαλῆς
700 2743 854 2813 ὑμῶν
888 2742 948 2796 οὑ
1009 2743 1086 2813 μὴ
1135 2743 1429 2813 ἀπόληται.
1465 2742 1788 2813 mosmos

178 2839 312 2905 γάρ,
342 2839 496 2905 φησὶ,
527 2837 624 2888 καὶ
663 2836 785 2888 οὑδέ
817 2837 879 2888 τὸ
910 2836 1196 2906 ἐλάχιστον
1230 2836 1386 2906 ὑμῶν
1414 2836 1786 2907 διαφθαρήσε-

178 2947 297 2991 ται,
343 2931 393 2981 εί
438 2931 529 2982 καὶ
579 2929 722 2994 δόξει
775 2931 886 2992 τοῖς
925 2930 1140 2992 πολλοῖς
1177 2929 1546 3001 διαφθαρῆναι
1573 2944 1585 2958 ⁸
1628 2930 1787 2999 μόνον

180 3020 475 3088 ὑπομένειν
512 3018 592 3070 δεῖ
614 3037 626 3047 ·
677 3019 774 3072 καὶ
807 3019 918 3090 γὰρ
949 3025 1008 3071 ἐν
1041 3023 1108 3090 τῇ
1143 3021 1391 3092 ὑπομονῇ
1427 3021 1662 3074 κτᾶσθαι
1699 3021 1787 3073 δυ-

175 3109 412 3180 νήσεσθε
466 3110 562 3172 τὰς
621 3109 802 3180 ψυχὰς
865 3111 1042 3181 ὑμῶν.
1115 3113 1375 3183 Πρόσεισι
1441 3113 1544 3182 μὲν
1600 3113 1712 3182 γὰρ
1759 3114 1788 3165 ὁ

176 3199 398 3270 ἐχθρὸς,
441 3195 530 3254 οἷά
569 3218 654 3263 τις
702 3202 1176 3276 αίχμαλωτιστὴς,
1237 3205 1337 3269 τὰς
1385 3205 1566 3277 ψυχὰς
1629 3206 1785 3276 ὑμῶν

176 3292 268 3346 διὰ
297 3292 397 3360 τῆς
423 3293 722 3363 ἐπαγωγῆς
756 3295 866 3346 τῶν
895 3295 1089 3348 δεινῶν
1122 3295 1476 3367 ἀφαρπάζειν
1504 3296 1785 3368 πειρώμε-

176 3401 292 3448 νος,
334 3384 450 3437 ἀλλ’
482 3385 642 3455 ὑμεῖς
680 3384 800 3439 δότε
845 3387 969 3441 ἀντὶ
1014 3387 1282 3460 ἀργυρίου
1334 3388 1435 3461 τὴν
1472 3389 1783 3460 ὑπομονὴν,

177 3477 277 3530 καὶ
301 3476 577 3546 κτήσασθε
627 3477 729 3540 τὰς
778 3477 961 3550 ψυχὰς
1018 3479 1175 3550 ὑμῶν
1222 3481 1402 3553 τούτῳ
1453 3481 1535 3554 τῷ
1585 3483 1786 3537 ἀνταλ-

177 3571 450 3640 λάγματι,
484 3572 580 3624 καὶ
613 3572 675 3624 οὑ
718 3570 1144 3643 ζημιωθήσεσθε
1176 3573 1399 3638 ταύτας.
1437 3575 1688 3646 Πρόσχες
1728 3575 1785 3629 δὲ

175 3665 241 3717 τὸ
274 3665 690 3718 Θανατώσουσιν
714 3662 773 3728 ἐξ
802 3665 828 3715 ὑ
838 3664 974 3734 μῶν
1007 3667 1226 3737 νοήσεις
1248 3669 1358 3737 γάρ
1383 3654 1687 3739 βαθύτερον
1712 3687 1783 3733 τι,

177 3761 264 3814 ὃτι
338 3761 452 3830 Οὐχ
526 3761 857 3830 ὁλοκλήρους
923 3760 1070 3830 ὑμᾶς
1131 3763 1576 3830 θανατώσουσιν,
1647 3764 1788 3817 ἀλλά

176 3854 387 3908 διπλῶν
432 3853 601 3907 ὄντων
636 3852 812 3924 ὑμῶν,
848 3855 911 3905 ἐκ
944 3837 1125 3923 φυχῆς
1155 3857 1250 3909 καὶ
1302 3856 1579 3926 σώματος,
1617 3859 1678 3910 οὑ
1718 3859 1788 3911 τὰ

175 3950 272 4001 δύο
305 3946 731 4013 θανατώσουσιν,
769 3949 883 4001 ἀλλ’
922 3949 981 4016 ἐξ
1020 3949 1177 4020 ὑμῶν
1206 3952 1266 4002 τὸ
1294 3950 1352 4002 ἓν
1384 3951 1786 4020 θανατώσουσι,

176 4042 239 4093 τὸ
262 4041 425 4110 σῶμά
455 4058 620 4109 φημι,
645 4042 744 4104 τὰς
783 4042 839 4095 δὲ
872 4042 1053 4113 ψυχὰς
1083 4043 1237 4114 ὑμῶν
1262 4045 1540 4116 κτήσασθε
1577 4047 1664 4100 διὰ
1686 4047 1787 4118 τῆς

181 4135 463 4205 ὑπομονῆς
499 4152 511 4164 ·
543 4135 571 4187 ὃ
601 4136 695 4190 καὶ
738 4126 972 4209 ἀλλαχοῦ
1010 4155 1143 4207 φησι
1167 4157 1179 4170 ·
1217 4137 1311 4209 Μὴ
1363 4139 1619 4209 φοϐεῖσθε
1676 4144 1787 4196 ἀπὸ

177 4230 290 4283 τῶν
327 4231 741 4283 άποκτενόντων
768 4231 829 4283 τὸ
862 4230 1044 4302 σῶμα,
1073 4230 1174 4303 τὴν
1212 4232 1270 4286 δέ
1310 4233 1490 4304 ψυχὴν
1524 4232 1600 4305 μὴ
1626 4233 1788 4286 δυνα-

181 4325 362 4392 μένων
394 4323 741 4376 ἀποκτεῖναι.

259 4435 276 4466 ι
308 4415 478 4467 Ὅταν
503 4415 560 4468 δὲ
586 4416 730 4486 ῖδητε
760 4416 1140 4488 κυκλουμένην
1168 4417 1268 4487 τὴν
1299 4419 1660 4491 Ἰερουσαλὴμ
1682 4420 1788 4474 ὑπὸ

175 4510 289 4564 τῶν
332 4510 739 4578 στρατοπέδων,
786 4511 908 4564 τότε
954 4512 1153 4580 γνῶτε,
1195 4513 1276 4566 ὃτι
1307 4515 1540 4585 ήγγικεν
1573 4515 1608 4586 ὴ
1656 4516 1788 4585 ἐρή-

1894 632 1946 684 in
1986 647 2154 685 unutn
2201 630 2365 686 simul
2417 641 2842 701 congregemur.
2891 643 3003 682 non
3055 635 3310 694 poterunt
3351 624 3504 677 rubis

1892 725 2172 786 resistere,
2205 739 2382 794 neque
2418 738 2514 792 per
2551 724 2900 792 sapientiam,
2948 722 3055 774 hoc
3095 728 3203 780 est,
3242 730 3499 770 sensuum

1890 817 2022 882 vim,
2066 830 2244 884 neque
2290 831 2385 885 per
2416 815 2814 883 eloquentiam,
2858 823 2912 867 et
2966 813 3164 879 linguae
3215 806 3504 861 certitudi-

1890 923 2036 961 nem.
2064 908 2218 978 Stepe
2241 910 2386 962 enim
2411 911 2533 977 quis
2565 909 2729 961 habet
2757 905 3084 975 sapientiam
3117 903 3168 954 in
3201 901 3502 954 rationibus

1890 1011 1947 1055 et
1977 1003 2256 1069 sensibus,
2289 1005 2341 1056 in
2384 1002 2709 1062 tumultibus
2740 1009 2922 1053 tamen
2956 1011 3079 1050 cum
3113 995 3275 1049 facile
3314 989 3503 1046 turbe-

1893 1103 1996 1156 tur,
2019 1094 2302 1148 conl'undit
2325 1095 2508 1149 omnia
2534 1109 2657 1147 cum
2687 1092 2982 1146 dicendum
3009 1098 3094 1142 est
3127 1087 3192 1138 ad
3221 1085 3499 1155 populum.

1891 1183 1955 1236 lli
1991 1195 2197 1248 autem,
2225 1184 2453 1253 apostoli
2495 1184 2636 1247 dico,
2674 1183 2728 1235 in
2779 1191 3013 1248 utroque
3045 1177 3274 1248 gratiam
3304 1190 3501 1228 conse-

1890 1279 2001 1333 cuti
2047 1287 2198 1332 sunt.
2240 1278 2395 1333 Unde
2427 1279 2833 1344 obstupuerunt
2873 1275 3191 1329 sacerdotes
3234 1274 3301 1325 de
3341 1268 3505 1324 Petro

1890 1380 1946 1423 ct
1996 1367 2205 1424 Joanne
2233 1371 2301 1424 ob
2333 1369 2662 1423 immensam
2696 1366 3050 1435 sapientiam,
3092 1367 3225 1419 dum
3258 1377 3506 1432 compre-

1893 1462 2196 1514 lteudereut
2235 1474 2351 1523 eos,
2377 1475 2482 1527 qua
2519 1461 2672 1528 prius
2698 1459 2981 1512 carebant.
3008 1456 3181 1511 Paulo
3219 1471 3348 1508 Vero
3378 1437 3507 1509 dicit

1892 1553 2123 1608 Festus:
2155 1551 2386 1616 Insanis,
2413 1552 2603 1614 Paule,
2625 1553 2807 1605 multm
2833 1561 2882 1604 te
2915 1552 3110 1602 litterm
3138 1551 3201 1601 ad
3233 1548 3502 1600 insaniam

1891 1647 2164 1713 redigunt.
2191 1644 2402 1697 Etcum
2432 1646 2770 1697 excussisset
2801 1644 3051 1696 timorem
3086 1643 3302 1696 illorum
3338 1654 3496 1706 quem

1892 1752 1953 1790 ex
1991 1737 2259 1805 imperitia
2305 1737 2594 1798 habebant,
2631 1735 2815 1788 subdit
2853 1745 2905 1785 et
2949 1734 3094 1786 aliud
3132 1731 3500 1785 necessarinnt

1892 1837 1945 1881 el
1982 1828 2212 1878 validum
2248 1827 2312 1876 ad
2364 1825 2756 1877 concutiendus
2795 1827 3010 1877 animas
3043 1842 3052 1874 :
3089 1821 3400 1874 'l‘radeuiint
3438 1825 3502 1871 ait

1894 1919 2081 1971 amicis
2124 1927 2177 1972 et
2212 1918 2478 1986 cognatis.
2516 1915 2769 1970 Praidicit
2797 1917 2962 1983 igitur
2984 1925 3038 1967 et
3073 1915 3139 1966 de
3184 1916 3303 1978 hor,
3342 1921 3400 1964 ut
3439 1927 3503 1962 ne

1893 2027 2018 2065 cum
2051 2012 2154 2065 ltoc
2182 2011 2362 2064 subito
2390 2011 2693 2080 contingat,
2722 2011 3036 2061 turbentur.
3074 2007 3330 2061 Graviter
3355 2006 3501 2058 enim

1896 2105 1998 2157 boc
2032 2104 2266 2156 animam
2298 2103 2530 2168 cruciat,
2557 2103 2700 2155 sicut
2729 2112 2783 2155 et
2809 2100 2976 2153 David
3001 2100 3132 2153 dicit
3168 2118 3180 2151 :
3212 2117 3230 2150 ι
3268 2098 3420 2164 Quod
3457 2098 3500 2150 si

1895 2195 2148 2248 inimicus
2186 2210 2338 2248 meus
2374 2195 2748 2248 maledixisset
2784 2194 2939 2254 mibi,
2976 2194 3359 2246 sustinuissent
3402 2192 3505 2243 uti-

1893 2304 1997 2356 que
2029 2308 2041 2346 :
2075 2299 2130 2342 tu
2158 2299 2336 2342 autem
2373 2291 2535 2342 homo
2560 2289 2837 2341 unanimis
2865 2287 2934 2349 “,
2973 2306 2990 2337 ι
3021 2295 3125 2340 etc.
3161 2285 3223 2337 Et
3259 2285 3456 2339 iterum
3487 2301 3500 2337 :

1899 2400 1918 2432 ι
1957 2380 2057 2447 Qui
2085 2383 2323 2436 comedit
2356 2396 2522 2450 panes
2558 2395 2709 2434 meos
2730 2395 2968 2446 mccntn,
3003 2379 3375 2446 ntagniiicavit
3407 2393 3505 2430 su-

1893 2493 2092 2548 perme
2124 2478 2621 2547 supplantationem
2647 2476 2710 2529 ¹².
2744 2495 2760 2526 ι
2796 2474 2932 2528 Cum
2958 2474 3185 2528 dixissut
3208 2473 3348 2543 quod
3381 2473 3508 2526 odio

1894 2573 2128 2626 habendi
2178 2580 2233 2625 et
2282 2572 2424 2639 quod
2463 2569 2745 2624 occidendi
2797 2577 2982 2622 essent
3015 2565 3242 2636 quidam
3293 2579 3357 2618 ex
3402 2565 3506 2628 eis,

1900 2660 2086 2715 subdit
2126 2662 2419 2714 maximam
2458 2661 2892 2714 consolationem
2918 2677 2929 2711 :
2954 2658 3194 2727 Capillus
3231 2659 3295 2711 de
3330 2657 3510 2725 capite

1894 2763 2073 2806 veStro
2094 2767 2198 2806 non
2226 2753 2444 2822 peribit.
2465 2751 2824 2805 Salvabimini
2851 2751 3022 2815 enim,
3044 2751 3240 2820 inquit,
3261 2761 3311 2805 et
3333 2765 3510 2821 neque

1894 2847 2181 2901 minimum
2223 2847 2481 2916 quiddam
2531 2849 2583 2900 in
2636 2845 2792 2901 vobis
2844 2854 3258 2917 corrumpetur,
3292 2844 3509 2901 etiamsi

1897 2941 2153 2995 videatur
2183 2940 2370 2995 multis
2421 2940 2721 3010 corrumpi.
2768 2938 3007 2994 Tantum
3058 2940 3204 2995 ferre
3234 2950 3449 3010 oportet
3483 2957 3499 2993 :

1893 3048 1990 3102 per
2038 3033 2354 3103 patientiam
2406 3034 2551 3087 enim
2603 3032 2960 3101 possidebitis
3013 3033 3228 3087 animas
3267 3042 3508 3087 vestras.

1893 3123 2028 3178 Nam
2060 3124 2315 3179 inimicus
2342 3124 2565 3193 quidem
2597 3123 2805 3178 invadit
2841 3139 2938 3178 ceu
2971 3124 3166 3187 bosns,
3206 3123 3258 3176 in
3283 3123 3512 3191 captivi-

1897 3229 2058 3274 tatem
2081 3219 2347 3274 ducturus
2367 3219 2581 3272 animas
2605 3227 2840 3286 vestras,
2862 3229 2916 3273 et
2942 3227 3115 3273 tentat
3141 3232 3236 3286 per
3257 3214 3510 3270 atllictio-

1895 3329 1988 3368 nes
2027 3327 2216 3383 rapere
2249 3331 2264 3367 :
2299 3313 2393 3368 sed
2439 3328 2536 3367 vos
2573 3315 2698 3367 date
2738 3328 2836 3382 pro
2885 3313 3114 3383 pecunia
3150 3310 3500 3381 patientiam,

1891 3411 1947 3458 et
1977 3403 2333 3470 possidebitis
2350 3403 2570 3458 animas
2595 3415 2806 3458 vestras
2834 3405 2935 3458 ltac
2958 3403 3434 3474 coiupeusatioue,
3458 3412 3512 3456 et

1891 3496 2209 3551 niltilvobis
2236 3497 2422 3550 damni
2467 3497 2571 3550 erit
2618 3499 2670 3549 in
2714 3497 2840 3551 illis.
2876 3499 3112 3552 Attende
3154 3507 3333 3552 autem
3368 3495 3513 3566 quod

1893 3591 2047 3656 dicit,
2081 3588 2255 3645 Morte
2291 3589 2526 3646 alliciant
2569 3606 2635 3644 ex
2674 3591 2830 3646 vobis
2860 3609 2873 3645 :
2907 3591 3176 3661 intelliges
3207 3591 3355 3646 enim
3386 3605 3514 3661 pro-

1893 3683 2556 3754 fundiusquiddam,quia
2578 3683 2696 3737 Non
2720 3684 2964 3755 integros
2994 3701 3087 3739 vos
3114 3687 3357 3740 occident
3384 3683 3514 3741 :sed

1893 3795 2016 3834 cum
2042 3796 2105 3834 ex
2127 3780 2337 3833 duobus
2363 3781 2503 3846 sitis,
2530 3781 2714 3834 anima
2729 3792 2784 3834 et
2807 3797 3058 3850 corpore,
3077 3798 3182 3836 non
3212 3792 3512 3849 utrumque

1895 3884 2068 3926 morte
2098 3873 2361 3938 aﬂicieut,
2391 3873 2486 3925 sed
2522 3887 2689 3925 unum
2718 3885 2782 3924 ex
2816 3872 2971 3927 vobis
2996 3872 3276 3936 occident,
3314 3887 3514 3940 corpus

1891 3968 2036 4030 dico,
2087 3965 2299 4018 animas
2337 3974 2518 4019 autem
2586 3976 2800 4020 vestras
2851 3965 3205 4035 possidebitis
3255 3980 3350 4034 per
3402 3979 3514 4034 pa-

1892 4057 2138 4112 tientiam
2170 4073 2185 4112 :
2221 4057 2366 4126 quod
2418 4066 2474 4111 et
2507 4057 2634 4112 alibi
2685 4060 2821 4114 dicit
2854 4079 2864 4113 :
2900 4057 2980 4114 Ne
3040 4061 3279 4115 timeatis
3328 4058 3393 4112 ab
3429 4059 3514 4112 bis

1893 4149 1982 4218 qui
2016 4148 2273 4202 occidunt
2310 4162 2535 4218 corpus,
2592 4151 2832 4206 animam
2882 4163 3064 4208 autem
3109 4153 3364 4208 occidere
3404 4167 3512 4206 non

1893 4253 2174 4312 poterunt.

1965 4432 2134 4489 Vens.
2174 4433 2372 4489 20-27.
2408 4452 2428 4486 ι
2475 4434 2610 4489 Cum
2656 4444 2838 4488 autem
2891 4433 3143 4490 videritis
3174 4433 3506 4489 circumdari

1892 4523 1962 4579 ab
1995 4524 2332 4579 exercitibus
2377 4522 2705 4592 Jerusalem,
2741 4537 2873 4580 tunc
2909 4526 3106 4581 scitote
3140 4526 3284 4594 quod
3331 4526 3516 4580 immi-

180 4620 357 4674 μωσις
395 4602 588 4672 αὐτῆς.
614 4603 748 4656 Τότε
776 4605 823 4656 oi
851 4606 909 4658 ἐν
954 4608 1020 4675 τῇ
1056 4606 1288 4677 Ἰουδαία
1325 4608 1682 4675 φευγέτωσαν
1707 4610 1785 4673 είς

1899 4627 2022 4672 neat
2054 4617 2318 4673 desolatio
2342 4617 2485 4688 ejus.
2513 4616 2670 4672 Tunc
2693 4618 2786 4686 qui
2814 4619 2867 4672 in
2898 4615 3084 4672 Judaea
3111 4628 3259 4682 sunt,
3291 4615 3511 4686 fugiant

176 4697 244 4750 τὰ
271 4695 398 4766 ὅρη,
431 4697 524 4749 καὶ
552 4696 600 4748 οί
644 4698 700 4749 ἐν
731 4700 881 4768 μέσῳ
907 4699 1101 4768 αὑτῆς,
1135 4701 1574 4770 ἐκχωρείτωσαν.
1611 4702 1721 4755 Καὶ
1742 4702 1792 4754 oi

172 4790 238 4843 ἐν
286 4792 410 4852 ταῖς
461 4789 689 4860 χώραις,
741 4793 817 4861 μὴ
868 4793 1311 4864 είσερχέσθωσαν
1361 4795 1441 4858 είς
1481 4794 1672 4866 αὑτὴν,
1705 4795 1789 4849 ὄτι

176 4883 388 4953 ἡμέραι
445 4883 782 4954 ἐκδικήσεως
850 4879 1012 4939 αὗταί
1079 4888 1208 4952 είσι,
1272 4886 1368 4939 τοῦ
1429 4888 1788 4960 πληρωθῆναι

174 4976 362 5030 πάντα
387 4976 455 5028 τὰ
479 4977 870 5046 γεγραμμένα.
892 4977 1028 5030 Οὑαὶ
1054 4980 1172 5053 ταῖς
1198 4981 1254 5032 ἐν
1276 4980 1481 5050 γαστρὶ
1509 4981 1785 5050 ἐχούσαις,

176 5071 276 5124 καὶ
307 5070 428 5132 ταῖς
455 5068 821 5137 θηλαζούσαις
845 5073 900 5121 ἐν
930 5071 1170 5134 ἐκείναις
1194 5076 1316 5135 ταῖς
1345 5074 1604 5144 ἡμέραις,
1631 5073 1788 5127 ἔσται

173 5165 288 5233 γάρ
335 5161 550 5232 ἀνάγκη
602 5162 814 5232 μεγάλη
846 5163 939 5217 ἐπὶ
973 5163 1076 5233 τῆς
1109 5163 1236 5234 γῆς,
1288 5167 1383 5219 καὶ
1418 5166 1557 5237 ὀργὴ
1612 5168 1671 5220 ἐν
1709 5166 1788 5238 τῷ

172 5253 292 5322 λαῷ
340 5253 539 5322 τούτῳ,
597 5254 694 5306 καὶ
736 5254 1030 5309 πεσοῦνται
1075 5258 1309 5327 στόματι
1353 5261 1652 5331 μαχαίρας,
1691 5261 1788 5315 καὶ

171 5347 793 5418 αἰχμαλωτισθήσονται
828 5349 908 5411 ε’ίς
939 5349 1120 5402 πάντα
1142 5350 1209 5403 τά
1238 5351 1389 5422 ἔθνη,
1440 5355 1536 5406 καὶ
1581 5355 1789 5426 Ἰερου-

172 5439 363 5510 σαλὴμ
391 5439 548 5493 ἔσται
577 5441 902 5512 πατουμένη
933 5441 1040 5495 ὑπὸ
1065 5442 1258 5507 ἐθνῶν,
1283 5443 1414 5515 ἄχρι
1443 5446 1782 5518 πληρωθῶσι

170 5534 359 5605 καιροὶ
387 5531 578 5588 ἐθνῶν.
599 5536 711 5588 Καὶ
745 5534 900 5587 ἔσται
924 5537 1127 5606 σημεῖα
1157 5537 1214 5589 ἐν
1244 5537 1402 5607 ήλίῳ,
1431 5539 1528 5593 καὶ
1555 5540 1780 5613 σελήνῃ,

173 5628 271 5683 καὶ
306 5624 552 5698 ἄστροις,
614 5627 709 5681 καὶ
769 5629 862 5680 ἐπὶ
914 5627 1016 5698 τῆς
1070 5628 1180 5698 γῆς
1236 5633 1438 5703 συνοχὴ
1493 5633 1687 5699 ἐθνῶν,
1722 5637 1781 5688 ἐν

169 5724 384 5796 timqu
408 5723 653 5794 ἡκούσης
681 5723 984 5796 θαλάσσης,
1019 5727 1114 5780 καὶ
1147 5726 1336 5795 σάλου,
1381 5728 1781 5801 ἀποψυχόντων

262 5909 305 5939 ¹¹
387 5906 534 5964 Psal.
589 5925 698 5974 LIV,
749 5909 832 5979 15,
871 5911 954 5967 Η.
1035 5914 1077 5944 η
1107 5911 1254 5969 Psal.
1297 5931 1385 5982 xc,
1421 5915 1504 5972 l0.

1893 4713 1959 4766 ad
1999 4723 2211 4766 montes
2269 4729 2282 4767 :
2336 4723 2390 4768 et
2429 4713 2522 4783 qui
2577 4712 2630 4766 in
2682 4712 2864 4766 medio
2897 4713 3037 4781 ejus,
3080 4712 3416 4768 discedant:
3462 4719 3516 4764 et

1892 4807 1986 4876 qui
2025 4807 2077 4862 in
2107 4806 2444 4877 regionibus,
2475 4819 2582 4861 non
2617 4807 2824 4862 intrent
2863 4808 2914 4860 in
2944 4822 3089 4872 eam,
3119 4808 3245 4874 quia
3273 4808 3390 4859 dles
3428 4803 3510 4858 ul—

1895 4899 2059 4953 tionis
2106 4899 2332 4962 hisunt,
2391 4910 2450 4953 ut
2508 4900 2842 4968 impleantur
2896 4899 3080 4953 omnia
3131 4914 3254 4969 qua:
3310 4899 3520 4968 scripta

1892 4999 2041 5046 Sunt.
2081 4991 2169 5046 Va:
2202 5003 2384 5046 autem
2435 4993 2873 5062 prmgnantibus,
2902 5004 2959 5048 et
2991 5009 3228 5046 mamma
3260 4991 3521 5045 nutrien-

1895 5083 2040 5138 tibus
2068 5085 2120 5138 in
2153 5085 2258 5140 illis
2285 5085 2499 5140 diebus.
2528 5084 2646 5138 Erit
2680 5087 2826 5140 cnim
2862 5085 3087 5141 :ilﬂictio
3115 5101 3308 5154 magna
3343 5101 3513 5153 super

1893 5188 2096 5233 terram
2123 5188 2179 5234 et
2215 5180 2293 5233 ira
2319 5180 2373 5234 in
2398 5180 2599 5250 populo
2627 5181 2749 5245 bne,
2778 5192 2832 5237 et
2858 5182 3059 5236 cadent
3103 5183 3154 5234 in
3189 5196 3284 5235 ore
3327 5180 3518 5249 gladii,

1891 5279 1944 5322 et
1983 5269 2184 5338 captivi
2216 5270 2487 5325 ducentur
2534 5272 2587 5326 in
2620 5287 2822 5327 omnes
2859 5284 3072 5339 gentes,
3109 5281 3163 5326 et
3204 5270 3512 5325 Jerusalem

1891 5361 2195 5417 calcabitur
2213 5379 2241 5415 a
2267 5364 2542 5434 gentibus,
2567 5365 2740 5420 donec
2761 5367 3090 5436 impleantur
3112 5377 3356 5435 tempora
3380 5379 3519 5434 gen-

1899 5456 2058 5511 tium.
2092 5454 2254 5527 561
2309 5456 2377 5511 Et
2405 5467 2566 5512 erunt
2622 5460 2777 5529 signa
2828 5459 2882 5514 in
2954 5459 3092 5524 sole,
3155 5469 3210 5513 et
3269 5458 3419 5520 luna,
3452 5465 3509 5510 et

1897 5548 2097 5614 stellis,
2128 5560 2183 5604 et
2235 5549 2288 5603 iu
2326 5551 2493 5605 terris
2535 5553 2787 5606 anxietas
2827 5552 3072 5620 gentium
3105 5565 3204 5621 per
3245 5549 3512 5616 despera-

1897 5642 2124 5706 tionem.
2175 5654 2471 5699 resonante
2508 5647 2645 5699 mari
2682 5654 2736 5699 et
2784 5645 2974 5709 ﬂuctu,
3011 5641 3512 5700 extabescentibus

1897 5737 2212 5795 hominibus
2247 5754 2356 5808 prce
2390 5739 2609 5805 timore,
2650 5749 2704 5797 et
2730 5740 3144 5812 exspectatione
3165 5753 3356 5795 eorum
3380 5749 3514 5810 quae
