4228 6428
797 398 946 464 ,1055

1688 401 1789 460 ΤΗ
1801 400 2266 460 EOPHYLACTI
2304 402 2498 461 BULG
2512 402 2713 461 ARle
2756 403 2795 459 A
2809 401 3111 462 RCHIEP.

3908 393 4047 458 1056

802 509 1316 578 Supervenientorbi
1358 519 1642 564 terrarum.
1679 511 1809 565 Nam
1847 514 2070 566 virtutes
2100 514 2360 567 caelorum

2467 515 2773 586 ἀνθρώπων
2808 515 2915 566 aut
2947 515 3111 581 φόϐου
3151 514 3241 564 καὶ
3277 511 3601 582 προσδοκίας
3649 505 3760 560 τῶν
3820 510 4049 575 ἐπερχο-

805 602 1180 659 niovcbuntur.
1232 609 1284 650 et
1319 609 1444 653 tunc
1485 602 1742 654 videbunt
1772 601 1966 654 Filium
2005 604 2236 656 hominis
2273 619 2362 657 ve-

805 692 1034 742 n’ientem
1072 689 1121 740 in
1157 691 1294 742 nube
1334 705 1451 743 cum
1481 701 1747 759 potestate
1776 702 1828 745 et
1862 693 2026 761 gloria
2082 711 2295 764 magna.
2339 714 2356 746 ι

805 777 1238 833 Mattilestissime
1277 795 1418 834 nunc
1448 783 1513 834 de
1560 786 1872 849 Captivitate
1916 783 2214 840 Jerusalem
2255 799 2365 840 tra-

801 871 896 940 dit.
935 866 1086 922 Unde
1113 870 1187 923 sic
1221 872 1409 937 opinor
1435 873 1835 941 intelligendum
1869 876 1994 928 illttd
2023 895 2034 928 :
2067 881 2205 930 Ante
2243 879 2358 933 hmc

797 961 974 1012 omnia
1009 972 1210 1023 autem,
1241 964 1341 1015 hoc
1370 971 1468 1026 est,
1499 974 1620 1014 ante
1644 963 1814 1018 fames
1845 979 1895 1019 et
1922 969 2277 1033 pestilentias,
2310 981 2362 1024 et

796 1051 896 1102 alia
927 1054 1105 1120 gravia
1138 1068 1255 1120 qua:
1286 1064 1409 1106 sunt
1442 1067 1698 1108 eventura
1735 1058 1786 1109 in
1822 1067 2060 1126 tempore
2103 1075 2358 1114 consum-

798 1142 1069 1203 mationis.
1144 1146 1570 1211 persecutionem
1631 1149 1845 1214 quidem
1924 1150 2203 1216 patiemini
2268 1168 2361 1206 vos

795 1233 1044 1298 apOSlOli,
1079 1244 1130 1284 et
1165 1243 1403 1286 αξιοι-ιιι
1448 1236 1641 1288 deinde
1683 1248 1734 1288 et
1785 1236 2176 1308 Hierosolymis
2223 1242 2360 1294 mala

756 1318 1171 1372 oiuttniuebunt.
1221 1319 1354 1372 Nam
1402 1325 1655 1389 quoniam
1710 1325 1782 1377 illi
1823 1328 2085 1395 putabant.
2133 1330 2272 1396 quod
2307 1330 2360 1383 in

797 1419 1034 1476 tempore
1069 1415 1549 1466 consummationis
1601 1416 1921 1469 destruenda
1969 1431 2151 1471 essent
2191 1421 2361 1473 traditi-

793 1501 870 1551 ('ia
909 1502 1087 1568 templi
1121 1520 1131 1553 :
1172 1502 1313 1566 Non,
1342 1506 1530 1573 inquit.
1565 1505 1799 1575 Tempus
1835 1510 1976 1561 enim
2010 1525 2360 1564 consumma-

793 1592 952 1642 tionis
979 1590 1146 1646 falsos
1178 1597 1466 1663 prophetas
1497 1599 1735 1664 habebit,
1785 1609 1838 1652 et
1888 1601 2057 1654 fames
2093 1613 2145 1655 et
2193 1603 2361 1668 pesti-

794 1683 986 1736 lentias
1018 1701 1081 1736 ex
1125 1687 1393 1739 continuis
1418 1690 1570 1742 bellis
1597 1707 1717 1757 quae
1743 1693 2056 1760 comingent
2086 1695 2153 1747 ob
2177 1695 2357 1745 chari-

797 1777 922 1826 l-IliS
956 1779 1254 1841 penuriam.
1300 1776 1404 1832 Vos
1452 1791 1627 1833 autem
1689 1793 1812 1834 ante
1863 1793 2072 1851 tempus
2103 1799 2358 1839 consum-

792 1868 1041 1920 mationis
1104 1873 1531 1934 persecutionem
1601 1875 1900 1942 patiemini,
1954 1885 2007 1928 et
2056 1876 2358 1932 Jerusalem

788 1958 1045 2020 capietur,
1097 1969 1147 2010 et
1207 1959 1406 2025 lapides
1459 1961 1530 2012 illi
1580 1964 1882 2016 diruentur.
1926 1963 2151 2028 Quando
2211 1964 2355 2020 enim

789 2048 1036 2102 \idebilis
1101 2051 1374 2103 civit.ttem
1421 2067 1447 2101 a
1513 2051 1770 2106 Romanis
1813 2058 2139 2109 exercitibus
2193 2059 2354 2126 cingi,

788 2145 916 2190 tunc
944 2138 1332 2193 desolationem
1382 2143 1499 2210 ejus
1541 2145 1752 2197 scitote.
1785 2144 2011 2214 Tragice
2041 2149 2201 2216 igitur
2228 2165 2357 2216 pro-

789 2229 889 2281 l'et't
916 2231 1050 2284 mala
1087 2247 1203 2298 quae
1227 2243 1351 2286 tunc
1381 2234 1582 2288 civitati
1611 2236 1991 2292 imminebunt.
2011 2238 2146 2294 Nam
2183 2242 2270 2308 qui
2303 2245 2354 2297 in

785 2318 988 2386 Iudaea,
1021 2323 1214 2389 inquit,
1239 2322 1447 2394 fugiant
1479 2327 1527 2380 in
1552 2340 1762 2384 montes
1801 2349 1815 2385 :
1845 2342 1897 2385 et
1919 2331 2007 2400 qui
2033 2331 2084 2384 in
2116 2336 2356 2403 regioni-

785 2410 902 2472 bus,
974 2426 1039 2463 ne
1100 2425 1317 2480 sperent
1370 2418 1511 2482 quod
1569 2419 1762 2472 civitas
1821 2430 2029 2472 murata
2086 2424 2355 2477 custodiat

785 2517 877 2554 eos
907 2526 918 2554 ;
951 2509 1041 2556 sed
1071 2508 1324 2559 secedant
1348 2509 1510 2561 etiam
1568 2511 1666 2578 ipsi
1699 2514 1787 2581 qui
1823 2514 1872 2565 in
1901 2515 2072 2568 media
2099 2516 2338 2571 civitate.

790 2590 909 2644 Dies
941 2594 1081 2646 enim
1130 2595 1348 2650 ultionis
1380 2608 1523 2664 sunt,
1552 2609 1608 2653 ut
1651 2601 1976 2669 impleantur
2011 2621 2128 2671 qua:
2163 2607 2213 2659 in
2254 2607 2354 2659 Da-

789 2681 926 2736 niele
977 2686 1311 2750 potissimum
1355 2699 1477 2741 sunt
1513 2691 1733 2757 Scripta.
1793 2692 1879 2746 Vae
1929 2699 2350 2764 prazgnantibus,

785 2778 1216 2842 quandoquidem
1242 2777 1422 2848 fugere
1442 2797 1542 2834 non
1569 2795 1818 2849 poterunt
1841 2798 2059 2853 propter
2082 2790 2349 2843 sarcinam

784 2873 984 2924 ventris
1019 2890 1029 2923 :
1063 2882 1113 2926 et
1144 2874 1485 2941 lactantibus,
1524 2888 1742 2946 propter
1771 2896 2008 2934 amorem
2041 2898 2166 2951 erga
2219 2899 2348 2952 pne-

785 2981 890 3028 ros,
950 2983 1082 3034 quos
1135 2984 1306 3039 neque
1357 2972 1659 3040 relinquere
1711 2985 1936 3042 possunt
1970 2976 2174 3044 absque
2197 2993 2347 3043 cura,

782 3072 953 3121 neque
1001 3073 1183 3112 secum
1234 3060 1488 3114 auferre-
1521 3062 1746 3128 Quidam
1805 3066 1856 3119 in
1897 3066 1997 3121 hoc
2033 3085 2061 3121 a
2121 3069 2347 3124 Domino

2472 608 2648 676 μένων
2671 607 2736 675 τῇ
2761 606 3069 674 οἰκουμένῃ.
3112 605 3177 656 At
3230 604 3335 673 γάρ
3362 601 3619 670 δυνάμεις
3651 600 3761 651 τῶν
3794 597 4048 665 οὐρανῶν

2469 694 2911 763 σαλευθήσονται,
2956 695 3050 746 καὶ
3096 693 3216 744 τότε
3265 689 3484 757 ὄψονται
3518 687 3606 741 τδν
3647 688 3778 739 Υἱὸν
3820 685 3915 736 τοῦ
3956 689 4048 736 αν-

2468 787 2685 855 θρώπου
2716 787 3007 853 ἐρχόμενον
3036 786 3092 836 ἐν
3152 782 3403 850 νεφέλαις
3447 780 3584 853 μετὰ
3629 779 3920 844 δυνάμεως
3958 778 4048 827 καὶ

2465 877 2619 945 δόξης
2645 876 2865 944 πολλῆς.
2900 896 2917 927 ι
2978 876 3295 942 Σαφέατατα
3340 871 3433 924 νῦν
3483 873 3612 941 περὶ
3639 871 3738 936 τῆς
3787 869 4048 928 ἁλώσεως

2465 969 2562 1035 τῆς
2627 967 2984 1035 Ἰερουσαλὴμ
3024 965 3400 1034 διαλαμϐάνει.
3444 965 3608 1015 Ὅθεν
3660 960 3842 1028 οἶμαι,
3902 960 4050 1010 οὕτω

2465 1051 2546 1110 δεῖ
2574 1060 2830 1126 νοηθῆναι
2863 1060 2941 1119 τὴ,
2976 1058 3087 1126 Πρὸ
3137 1057 3193 1109 δέ
3245 1055 3451 1107 τούτων
3500 1056 3738 1115 πάντων,
3768 1051 4046 1108 τουτέστι.

2466 1149 2572 1217 πρὸ
2600 1150 2656 1201 δέ
2690 1149 2797 1200 τῶν
2831 1149 3022 1216 λιμῶν,
3059 1150 3149 1198 καὶ
3179 1148 3287 1199 τῶν
3333 1146 3560 1214 λοιμῶν,
3595 1147 3688 1196 καὶ
3730 1143 3845 1194 τῶν
3869 1143 3927 1193 ά)
3942 1142 4050 1193 λων

2465 1239 2677 1302 δεινῶν,
2739 1239 2772 1291 ἆ
2826 1240 3076 1307 μέλλουσι
3116 1239 3440 1307 συμϐαίνειν
3497 1239 3552 1288 ἐν
3606 1235 3682 1303 τῷ
3729 1234 3915 1303 καιρῷ
3955 1236 4050 1301 τῆς

2467 1330 2801 1392 συντελείας,
2849 1329 3217 1398 διωχθήσεσθε
3256 1328 3356 1396 μὲν
3407 1330 3561 1395 ὑμεῖς
3621 1329 3669 1378 ot
3715 1327 4043 1384 ἀπόστολοι,

2467 1424 2560 1475 καὶ
2609 1423 2673 1473 τά
2726 1421 2875 1489 ἑξῆς.
2931 1418 3064 1474 Εἶτα
3119 1419 3213 1472 καὶ
3389 1418 3747 1486 Ἰερουσαλὴμ
3792 1417 3864 1468 τά
3902 1416 4051 1467 κακὰ

2466 1513 2876 1580 ἐπιστήσοηται.
2920 1512 3135 1579 Ἐπειδὴ
3181 1510 3290 1579 γάρ
3323 1510 3521 1561 ἐκεῖνοι
3559 1509 3832 1576 ἐνόμιζον,
3878 1509 3966 1557 ὅτι
3996 1510 4051 1557 ἐν

2465 1605 2541 1672 τῷ
2573 1603 2748 1672 καιρῷ
2782 1605 2880 1672 τῆς
2932 1602 3243 1665 συντελείας
3293 1601 3762 1669 καταλυθήσονται
3801 1601 3859 1652 αἱ
3891 1602 4048 1650 οίκο-

2465 1695 2625 1761 δομαὶ
2650 1694 2741 1747 τοῦ
2777 1695 2945 1763 ἱεροῦ,
2975 1695 3127 1762 Οὐχὶ,
3155 1694 3339 1762 φησίν.
3371 1694 3435 1745 Ὀ
3469 1694 3565 1762 μὲν
3598 1696 3707 1761 γὰρ
3737 1692 3836 1759 τῆς
3861 1707 4052 1742 συντε-

2466 1784 2611 1845 λείας
2643 1783 2833 1853 καιρὸς
2896 1784 3348 1852 ψευδοπροφήτας
3399 1783 3530 1848 ἕξειν
3569 1783 3662 1833 καὶ
3689 1784 3912 1848 λιμοὺς·
3954 1782 4052 1832 καὶ

2462 1873 2684 1940 λοιμοὺς
2705 1874 2766 1925 ἐκ
2784 1869 2892 1924 τῶν
2910 1872 3147 1941 συνεχῶν
3169 1873 3420 1941 πολέμων
3441 1873 3545 1923 τῶν
3565 1871 3648 1923 διὰ
3664 1871 3723 1922 τὸ
3749 1872 4048 1939 ἀποκινδγῆ-

2461 1980 2547 2014 ναι
2578 1963 2674 2031 τὴν
2698 1964 2920 2032 ἀγάπην
2937 1963 3237 2030 μελλόντων
3256 1962 3714 2031 ἐπεισφθαρῆναι.
3763 1963 3968 2030 ’Υμεῖς
3993 1963 4050 2014 δὲ

2460 2058 2565 2126 προ
2581 2057 2674 2108 τοῦ
2689 2060 2785 2124 τῆς
2810 2057 3117 2118 συντελείας
3133 2055 3326 2124 καιροῦ
3345 2055 3674 2123 ἐκδιωχθήσε
3686 2055 3805 2115 σθε,
3825 2056 3923 2106 καὶ
3957 2055 4052 2106 Ἰεο

2461 2150 2742 2220 ρουσαλὴμ
2769 2149 3060 2212 ἁλώσεται,
3093 2149 3184 2200 καὶ
3213 2150 3258 2199 ot
3284 2147 3417 2198 λίθοι
3438 2140 3582 2199 οὗτοι
3613 2146 4045 2214 καταλυθήσον-

2459 2259 2566 2294 ται.
2606 2243 2776 2294 Ὅταν
2810 2242 2918 2310 γὰρ
2963 2240 3109 2311 ίδητε
3149 2241 3245 2307 τὴν
3282 2239 3436 2291 πόλιν
3484 2239 3588 2290 ὑπὸ
3628 2239 3736 2289 τῶν
3782 2238 4042 2306 Ῥωμαϊ-

2459 2333 2570 2386 κῶν
2608 2333 3035 2402 στρατευμάτων
3066 2331 3465 2400 κυκλουμένην,
3527 2330 3643 2382 τότε
3680 2330 3781 2398 τὴν
3816 2331 4055 2409 ἐρήμω-

2458 2443 2543 2477 σιν
2573 2426 2743 2495 αὐτῆς
2786 2424 2982 2492 γνῶτε.
3023 2423 3388 2494 Ἐκτραγῳδεῖ
3412 2417 3506 2476 οὖν
3558 2424 3622 2474 τά
3646 2422 3824 2484 δεινά,
3855 2421 3890 2475 ἃ
3921 2425 4046 2475 τότε

2455 2518 2553 2587 τὴν
2585 2518 2737 2569 πόλιν
2778 2516 3192 2588 περιστήσεται.
3242 2517 3306 2568 Οί
3341 2516 3438 2584 μὲν
3462 2517 3570 2584 γάρ
3594 2517 3650 2567 ἐν
3675 2518 3740 2582 τῇ
3783 2515 4048 2583 Ἰουλιαία,

2456 2609 2836 2675 φευγέτωσαν,
2875 2605 3061 2676 φησὶν,
3091 2608 3168 2667 είς
3187 2606 3253 2657 τά
3309 2605 3431 2674 ὅρη.
3463 2604 3572 2655 Kal.
3600 2605 3648 2656 οί
3682 2605 3740 2656 ἐν
3782 2606 3906 2664 ταῖς

2457 2720 2599 2773 ραις,
2637 2703 2709 2771 μὴ
2740 2701 3218 2770 προσδοκάτωταν,
3242 2701 3376 2766 ὁτιή
3406 2699 3558 2760 πόλις
3584 2697 3847 2768 τειχήρης
3877 2696 4048 2764 οὖσα,

2457 2795 2682 2863 φυλάξει
2725 2794 2944 2856 αὐτοὺς,
2970 2792 3085 2844 ἀλλ’
3115 2793 3556 2861 ἀναχωρήτωσαν
3582 2790 3675 2843 καὶ
3704 2791 3751 2842 ot
3789 2791 3848 2840 ἐν
3887 2793 4050 2858 μέσῳ

2456 2887 2554 2955 τῆς
2586 2886 2814 2947 πόλεως.
2858 2883 3091 2952 Ἡμέραι
3145 2883 3254 2951 γάρ
3302 2882 3634 2950 ἐκδικήσεώς
3671 2883 3833 2944 εἰσιν,
3867 2881 3943 2943 ὡς
3981 2883 4048 2936 ἂν

2454 2975 2818 3046 πληρωθῶσιν
2847 2976 2881 3029 ἃ
2923 2975 3247 3046 ἐγράφησαν
3308 2977 3366 3028 ἐν
3424 2974 3502 3045 τῷ
3536 2973 3735 3045 Δανιὴλ
3765 2975 4035 3042 μάλιστα.

2453 3072 2589 3124 Οὐαὶ
2622 3072 2742 3129 ταῖς
2778 3072 2835 3121 ἐν
2871 3068 3067 3138 γαστρὶ
3113 3066 3363 3135 ἐχούσαις
3397 3083 3408 3095 ·
3437 3067 3498 3119 οὐ
3546 3065 3870 3136 δυνήσονται
3935 3070 4046 3134 γὰρ

785 3146 1109 3199 insinuatum
1147 3159 1332 3216 putant
1365 3167 1512 3205 esum
1544 3157 1714 3222 pueri,
1744 3160 1806 3210 de
1856 3173 1964 3226 quo
1998 3162 2161 3213 tradit
2190 3161 2387 3237 Jose-(

2452 3161 2674 3229 φεύγειν
2715 3162 2800 3213 διὰ
2825 3162 2885 3212 τὸ
2921 3159 3084 3230 βάρος
3121 3161 3218 3230 τῆς
3248 3159 3483 3227 γαστρός
3511 3176 3524 3188 ·
3556 3158 3651 3211 καὶ
3702 3160 3826 3218 ταῖς
3865 3157 4044 3224 θηλα-

780 3237 938 3302 phus,
980 3250 1032 3291 et
1072 3242 1310 3306 praedicit
1341 3243 1657 3298 Hieremias.
1683 3247 1745 3300 Et
1778 3247 2103 3314 Jerusalem,
2139 3252 2337 3322 inquit,

781 3328 1092 3382 conculcata
1119 3330 1218 3382 erit
1251 3347 1278 3383 a
1322 3335 1588 3400 gentibus.
1638 3334 1926 3407 liucusque
1963 3341 2027 3394 de
2057 3344 2338 3410 captivita~

780 3435 849 3468 ne.
892 3417 1092 3471 Deinde
1118 3421 1308 3473 iterum
1349 3425 1510 3476 tradit
1538 3440 1596 3477 ea
1625 3441 1741 3493 quae
1765 3432 1827 3481 de
1859 3435 2345 3488 consunnnatione.

784 3510 956 3564 Erunt
1001 3515 1143 3564 enim
1177 3515 1327 3582 signa
1360 3516 1411 3566 in
1456 3518 1592 3580 sole,
1618 3531 1672 3572 et
1712 3523 1856 3588 luna,
1892 3533 1944 3575 et
1988 3525 2178 3581 stellis.
2209 3527 2343 3582 Cum

776 3605 919 3656 enim
969 3617 1215 3660 creatura
1276 3608 1551 3673 alteratur,
1599 3614 1789 3667 merito
1837 3615 2100 3671 elementa
2150 3636 2345 3675 novum

775 3713 980 3750 morem
1049 3699 1267 3753 habent.
1310 3700 1375 3754 Et
1439 3707 1689 3773 angu~tia
1754 3710 2014 3774 gentium,
2077 3711 2179 3765 hoc
2241 3723 2344 3780 est,

776 3789 1013 3852 aﬂlictio,
1054 3791 1293 3843 omnium
1347 3793 1524 3862 inopia
1580 3799 1884 3852 commista.
1946 3800 2090 3853 Mare
2166 3814 2344 3858 autem

773 3883 1024 3935 maximis
1070 3884 1215 3935 sonis
1251 3888 1548 3948 resonabit,
1578 3897 1630 3939 et
1669 3891 1769 3943 erit
1802 3894 2096 3947 commotio
2129 3909 2188 3949 ac
2235 3908 2348 3948 tur-

773 3975 935 4034 butio,
973 3976 1039 4024 ita
1075 3985 1130 4026 ut
1168 3976 1412 4031 homines
1459 3980 1804 4034 extahescant
1860 3999 1888 4037 a
1920 3987 2034 4038 Solo
2062 3987 2257 4042 timore
2290 3999 2343 4044 et

771 4067 1145 4132 expeCIatione
1167 4083 1350 4121 eorum
1376 4088 1494 4139 qua:
1522 4075 1734 4127 venient
1759 4092 1919 4145 super
1943 4082 2150 4134 orbem.
2186 4081 2344 4139 Vides

771 4156 856 4207 hic
889 4156 1170 4211 manifeste
1199 4159 1262 4212 de
1297 4166 1762 4220 consummatione
1790 4169 2120 4236 loquentem.
2162 4173 2335 4243 Supra

770 4247 912 4298 enim
970 4248 1183 4302 dicebat
1242 4248 1537 4305 Jerusalem
1595 4258 1662 4308 ab
1718 4261 2045 4313 exercitibus
2101 4266 2338 4329 gentium

768 4337 1086 4403 cingendam
1137 4350 1190 4392 et
1241 4343 1686 4406 conculcandam.
1743 4348 1836 4401 hic
1869 4362 2046 4404 autem
2085 4356 2181 4406 toti
2221 4357 2336 4409 orbi

767 4443 1153 4497 superventura
1182 4433 1311 4486 dicit
1347 4436 1505 4499 mala,
1548 4449 1597 4492 et
1643 4440 1710 4491 ita
1742 4457 1883 4495 nunc
1908 4444 1972 4495 de
1999 4460 2339 4500 consumma-

767 4521 910 4572 tione
941 4521 1116 4573 smculi
1153 4523 1406 4591 loquitur.
1437 4524 1568 4580 Nam
1599 4531 1826 4585 virtutes
1859 4535 2116 4587 cmiorum
2153 4554 2336 4591 move-
2373 4513 2415 4566 ο

767 4609 982 4664 buntur.
1020 4611 1084 4664 Et
1119 4613 1244 4679 quid
1279 4608 1419 4679 dico,
1453 4617 1645 4685 inquit,
1685 4625 1825 4688 quod
1859 4623 2105 4679 homines
2149 4631 2332 4682 turba-

766 4703 983 4766 buntur,
1039 4717 1159 4756 cum
1205 4717 1452 4759 creatura
1502 4712 1679 4763 omnis
1739 4713 2038 4767 alteri-tur?
2093 4716 2225 4771 Nam
2280 4731 2332 4773 et

765 4793 863 4860 ipsi
903 4797 1075 4861 angeli
1142 4805 1195 4849 et
1235 4799 1421 4864 primas
1476 4800 1707 4854 virtutes
1750 4806 2128 4869 turbabuntur,
2171 4810 2332 4881 462

761 4889 1216 4956 terrebunturque
1247 4892 1295 4941 in
1348 4893 1678 4946 terribilibus
1720 4898 2181 4956 immutationibus
2209 4907 2332 4956 uni-

757 4980 922 5030 versi.
975 4980 1036 5032 Et
1106 4991 1232 5034 tunc
1289 4983 1548 5036 videbunt
1618 4986 1811 5040 Filium
1882 4991 2135 5043 hominis.
2198 4993 2339 5058 Qui?

2455 3253 2693 3317 ζούσαις,
2741 3255 2827 3306 διὰ
2872 3255 2968 3322 τὴν
3036 3251 3169 3321 πρὸς
3227 3251 3295 3303 τά
3358 3251 3530 3331 βρέφη
3597 3249 3854 3318 στοργήν,
3903 3252 4044 3320 μήτε

2453 3347 2757 3416 δυναμένας
2794 3347 3012 3413 ἀφιέναι
3068 3345 3423 3414 άτημέλητα,
3467 3345 3601 3410 μήτε
3645 3340 3764 3409 μεθ’
3819 3343 4041 3394 ἑαυτῶν

2454 3438 2778 3506 ἐπάγεσθαι.
2845 3437 3000 3499 Τινὲς
3048 3438 3103 3489 δὲ
3160 3439 3216 3488 ἐν
3266 3435 3477 3495 τούτοις
3530 3431 3872 3485 αἰνίττεσθαι
3950 3435 4041 3487 τὸν

2451 3533 2658 3602 Κύριον
2720 3531 2817 3600 τὴν
2879 3533 3241 3598 τεκνοφαγίαν
3299 3530 3482 3597 φασὶν,
3538 3530 3604 3600 ἣν
3654 3528 3683 3579 ὁ
3754 3528 4033 3596 Ἰώσηπος

2455 3626 2676 3695 ἱστορεῖ,
2717 3624 2811 3676 καὶ
2857 3623 3130 3692 Ἱερεμίας
3180 3623 3534 3693 προφητεύει.
3596 3622 3706 3676 Kal.
3759 3621 4042 3691 Ἰερουσα-

2449 3718 2582 3787 λὴμ,
2640 3718 2824 3787 φησὶν,
2891 3717 3045 3769 ἔσται
3092 3717 3408 3786 πατουμένη
3463 3715 3568 3767 ὑπὸ
3612 3714 3804 3794 ἐθνῶν.
3855 3718 4038 3787 Μέχρι

2448 3808 2638 3860 τούτου
2677 3808 2741 3859 τὰ
2785 3807 3036 3876 περὶτῆς
3088 3807 3365 3869 ἁλώσεως.
3424 3801 3558 3858 Εἶτα
3607 3805 3771 3858 πάλιν
3799 3805 3867 3858 τὰ
3904 3809 4037 3875 περὶ

2448 3901 2545 3969 τῆς
2578 3899 2908 3961 συντελείας.
2950 3899 3146 3951 Ἔσται
3181 3899 3309 3967 γάρ,
3348 3898 3506 3966 φησὶ,
3547 3900 3748 3966 σημεῖα
3781 3899 3842 3947 ἐν
3877 3899 4035 3966 ἡλίῳ,

2451 3993 2542 4044 ml.
2574 3991 2791 4061 σελήνῃ,
2853 3991 2947 4042 καὶ
3020 3991 3260 4059 ἄστροις.
3325 3991 3434 4042 Καὶ
3479 3989 3588 4059 γάρ
3633 3989 3730 4057 τῆς
3799 3990 4038 4055 κτίσεως

2446 4083 2854 4153 ἀλλοιουμένης,
2889 4083 3115 4146 εἰκότως
3159 4085 3226 4134 τά
3268 4085 3508 4151 στοιχεῖα
3536 4082 4015 4148 καινοτομοῦνται.

2445 4179 2554 4230 Kal.
2582 4175 2779 4246 συνοχὴ
2826 4176 3018 4238 ἐθνῶν,
3058 4174 3330 4238 τουτέστι,
3383 4173 3587 4242 θλίψις,
3632 4175 3858 4226 πάντων
3894 4178 4033 4226 ἀπο·

2447 4269 2536 4338 pia.
2565 4268 2844 4337 συμμιγής
2873 4284 2886 4298 ·
2918 4268 2951 4336 ἦ
2977 4285 3031 4317 τε
3058 4266 3302 4318 θάλασσα
3326 4265 3490 4334 ήχους
3519 4264 3818 4333 φρικώδεις
3851 4269 4033 4335 μυκή-

2445 4378 2616 4424 σεται,
2651 4364 2741 4413 ml
2793 4361 2953 4421 σάλος
2981 4360 3131 4411 ἔσται
3167 4361 3262 4411 καὶ
3293 4360 3532 4428 ταραχὴ,
3574 4359 3714 4411 ὥστε
3760 4362 3891 4425 τοὺς
3931 4365 4022 4414 άν-

2445 4431 2698 4523 θρώπους
2753 4453 3056 4522 ἀποψύχειν
3097 4456 3160 4505 ἐκ
3209 4454 3370 4521 μόνου
3429 4452 3521 4504 τοῦ
3574 4452 3764 4521 φόϐου,
3804 4456 3899 4506 καὶ
3932 4455 4034 4523 τῆς

2443 4544 2769 4613 προσδοκίας
2801 4544 2907 4594 τῶν
2948 4543 3335 4611 ἐπερχομένων
3375 4545 3438 4610 τῇ
3489 4542 3813 4612 οἰκουμένῃ.
3862 4543 4030 4612 Ὁρᾷς

2444 4634 2692 4703 φανερῶς
2734 4633 2964 4685 ἐνταῦθα
2995 4633 3119 4701 περὶ
3142 4633 3238 4700 τῆς
3266 4631 3574 4695 συντελείας
3602 4630 3857 4697 λέγοντα.
3883 4635 4033 4685 ’Δνω

2445 4726 2679 4793 μὲνγὰρ
2737 4724 2887 4791 ἔλεγε
2951 4722 3048 4792 τὴν
3119 4722 3477 4791 Ἰερουσαλὴμ
3518 4722 3880 4784 κυκλοῦσθαι,
3940 4726 4031 4775 καὶ

2442 4817 2731 4868 πατεῖσθαι
2762 4816 2865 4866 ὑπὸ
2891 4815 2998 4866 τῶν
3025 4813 3404 4879 στρατοπέδων
3428 4813 3535 4865 τῶν
3558 4814 3750 4877 ἐθνῶν,
3788 4816 4029 4870 ἐνταῦθα

2440 4910 2495 4962 δὲ
2533 4912 2597 4978 τῇ
2653 4909 2952 4978 οἰκουμένῃ
2993 4907 3061 4958 τά
3121 4907 3269 4959 κακὰ
3322 4906 3676 4975 ἐπέρχεσθαι,
3717 4906 3863 4959 ῶστε
3903 4913 4030 4981 περὶ

2436 5000 2534 5064 τῆς
2561 4995 2790 5063 καθόλου
2823 4996 3129 5056 συντελείας
3163 4997 3190 5046 ὁ
3236 4996 3395 5062 λόγος
3420 4997 3514 5047 νῦν
3569 4999 3718 5049 ἐστιν
3743 4999 3923 5066 αὐτῷ.
3965 5003 4029 5052 At

758 5072 982 5133 Omnes,
1041 5077 1431 5144 credente-s‘et
1495 5094 1596 5129 non
1650 5081 1953 5136 credentes.
2022 5081 2336 5141 Venientem

2452 5085 2543 5154 γὰρ
2589 5085 2844 5155 δυνάμεις
2873 5087 2980 5137 τῶν
3024 5087 3272 5153 οὐρανῶν
3319 5087 3767 5156 σαλευθήσονται.
3828 5091 3946 5142 Καὶ
3979 5093 4029 5144 τί

755 5170 933 5213 autem
971 5162 1022 5214 in
1082 5165 1334 5226 nubibus,
1376 5177 1432 5218 ut
1484 5169 1646 5222 Deum
1705 5173 1908 5226 scilicet
1971 5189 2094 5227 cum
2138 5177 2334 5230 virtute

2452 5178 2598 5244 λέγω,
2637 5179 2823 5247 φησὶν,
2862 5179 2942 5230 ὃτι
2973 5180 3018 5229 οί
3078 5179 3359 5249 ἂνθρωποι
3405 5180 3887 5250 ταραχθήσονται,
3931 5185 4027 5252 τῆς

751 5253 994 5318 etgloria
1027 5271 1234 5320 magna.
1286 5255 1494 5326 Quippe
1531 5277 1696 5329 super
1737 5265 1901 5317 solem
1940 5277 2065 5319 tunc
2107 5267 2330 5336 fulgebit

2452 5270 2666 5332 ιτίσεώς
2709 5271 2889 5338 πάσης
2954 5271 3376 5341 ἀλλοιουμένηςς
3448 5274 3554 5324 Kal
3613 5275 3773 5324 αὐτοὶ
3833 5275 3948 5340 γάρ
3977 5275 4024 5327 oi

751 5356 802 5394 et
834 5345 969 5411 ipse,
1007 5357 1059 5399 et
1084 5363 1212 5400 Crux
1246 5351 1384 5416 ejus,
1418 5360 1472 5404 et
1501 5353 1565 5403 ab
1596 5355 1850 5409 omnibus
1878 5369 2222 5425 agnoscetur.

2452 5362 2674 5429 ιγγελοι,
2709 5366 2797 5414 καὶ
2833 5365 2886 5415 at
2913 5363 3214 5431 πρώτισται
3247 5364 3504 5431 δυνάμεις
3543 5367 4022 5434 ταραχθήσονται,

750 5438 842 5487 καὶ
873 5439 1309 5510 ἐκπλαγήσονται
1345 5444 1436 5496 ἐπὶ
1493 5448 1613 5505 ταῖς
1666 5446 1808 5500 οὕτω
1863 5452 2161 5517 φρικώδεσι
2219 5453 2310 5505 τοῦ
2346 5457 2548 5519 παντὸς
2620 5457 2963 5526 μεταϐολαῖς.
3033 5461 3140 5510 Καὶ
3202 5460 3323 5511 τότε
3377 5459 3597 5526 δέκονται
3635 5461 3727 5509 τὸν
3754 5461 3887 5512 Υἱὸν
3931 5460 4021 5512 τοῦ

752 5528 1061 5594 ανθρώπου.
1106 5533 1299 5597 Τίνεςς
1340 5537 1547 5598 Πάντες
1589 5538 1725 5589 οἵτε
1763 5541 2132 5606 πιστεύοντες,
2173 5548 2268 5598 καὶ
2309 5549 2357 5598 οἱ
2430 5549 2504 5618 μὴ
2551 5548 2928 5611 πιστεύοντες.
3006 5552 3333 5620 Ἐρχόμενον
3383 5552 3439 5604 δὲ
3493 5555 3551 5604 ἐν
3598 5553 3884 5617 νεφέλαις,
3948 5556 4022 5616 ὡς

752 5625 882 5677 θεὸν
910 5627 1109 5698 δηλαδὴ
1147 5631 1283 5698 μετὰ
1322 5634 1602 5704 δυνάμεως
1639 5635 1730 5687 καὶ
1761 5635 1915 5704 δόξης
1966 5639 2165 5707 πολλῆς
2209 5656 2224 5672 ·
2260 5647 2352 5694 καὶ
2395 5643 2502 5714 γὰρ
2582 5645 2721 5714 ὑπὲρ
2771 5647 2861 5698 τὸν
2893 5647 3043 5716 ἣλιον
3098 5647 3366 5716 ἁστράψει
3412 5648 3533 5700 τότε·
3558 5648 3724 5711 αὑτός
3754 5667 3818 5701 τε
3859 5654 3953 5704 καί
3996 5653 4024 5705 δ

749 5723 985 5788 υτσυρὸς
1015 5724 1202 5778 αὐτοῦ.
1245 5726 1336 5775 καὶ
1367 5730 1517 5794 παρὰ
1549 5729 1762 5778 πάντων
1799 5731 2290 5800 ἐπιγνωσθήσεται.

837 5811 994 5866 γωδ.
1059 5810 1246 5869 28-55.
1293 5832 1310 5865 ι
1387 5813 1479 5870 llts
1525 5831 1704 5872 autem
1747 5821 1859 5874 ticri
1913 5823 2321 5892 insipientibus,

2514 5851 2529 5880 ι
2585 5832 2929 5897 Ἀρχομένων
2984 5833 3038 5886 δὲ
3097 5830 3301 5884 τούτων
3354 5829 3619 5897 γίνεσθαι,
3673 5831 4019 5900 ἀνακύςνατε,
