4228 6428
247 383 388 448 1065

923 383 1370 442 ΕΝᾹΙΠὶΑἨΗ
1422 383 1498 442 l.\’
1543 383 2045 446 l§\'.\.\'(il‘1l.lU.\l
2101 385 2334 444 [ΠΩ-Ε.

2489 387 2577 442 (1A
2591 387 2649 444 l’.
2682 385 2877 444 .\'.\'lI.
3418 387 3563 452 1060

255 501 418 556 Ἀλλὰ
453 499 717 573 φάγωμεν
752 497 908 549 τοῦτο
955 499 1014 548 τὸ
1064 498 1244 565 πάσχα
1278 497 1484 568 man;
1527 498 1620 550 καὶ
1656 502 1828 569 ἡμεῖς.

1950 501 2119 551 Adam
2147 497 2535 552 inobcdientiat
2563 498 2808 552 habeat:
2869 498 2919 551 in
2973 513 3080 567 qua
3145 506 3565 560 conversatione

237 611 334 646 και
369 593 433 662 δὴ
468 594 753 662 νοήσωμεν
800 589 1017 658 ημέραν
1065 588 1174 640 τῶν
1219 589 1491 658 Ἄμμων,
1530 591 1712 642 πᾶσαν
1739 593 1839 660 τὴν

236 688 301 739 ὲν
345 687 421 756 τῷ
460 686 600 755 φωτὶ
651 683 730 753 τῷ
785 682 1147 752 πνευματικῷ
1199 682 1503 750 διαγωγὴν,
1565 685 1841 753 μηδεμίαν

234 778 579 846 παλαιότητα
636 779 735 845 τῆς
772 775 1045 845 προτέρας
1096 779 1152 827 ἐν
1204 775 1280 844 τῷ
1324 775 1496 844 ’Λδάμ
1548 776 1838 846 παρακοῆς

232 873 466 935 ἔλουσαν
495 887 508 899 ·
547 873 605 922 ὲν
704 870 949 939 διαγωγῇ
999 869 1156 930 ὄντας
1187 869 1338 938 ἡμᾶς
1372 869 1452 922 δεῖ
1492 869 1598 921 τῶν
1631 886 1840 938 μυστη-

234 968 371 1034 ρίων
401 965 494 1018 τοῦ
542 963 717 1033 Ἰησοῦ
751 964 1130 1032 κατατρυφᾷν.
1176 961 1489 1032 Ἐτοιμάσει
1528 959 1621 1015 οῦν
1663 963 1838 1014 ταῦτα

230 1058 301 1108 τὶ
336 1058 611 1126 μυστήρια
645 1056 850 1125 Πέτρος
896 1055 989 1107 καὶ
1030 1056 1306 1125 Ἰωάννης,
1345 1054 1546 1125 πρᾶξις
1579 1056 1670 1107 καὶ
1702 1055 1836 1106 03m-

230 1151 348 1220 ρία,
381 1148 651 1218 Οερμὸτης
685 1148 848 1218 ζήλου
881 1149 976 1199 καὶ
1023 1148 1267 1218 πραότης
1294 1151 1569 1221 εἰρηνική.
1607 1153 1704 1202 As;
1730 1152 1837 1221 γὰρ

227 1243 324 1294 τὸν
354 1242 564 1306 πιστὸν,
611 1242 704 1294 καὶ
736 1242 941 1310 οερμὺν
971 1237 1110 1294 εἶναι
1138 1243 1268 1312 περὶ
1308 1243 1410 1312 τὴν
1440 1243 1706 1312 ἐργασίαν
1727 1243 1836 1296 τοῦ

229 1335 427 1394 καλοῦ,
458 1336 552 1387 καὶ
600 1333 853 1404 ζηλωτὴν
884 1334 1026 1389 κατὰ
1054 1337 1151 1400 τῆς
1189 1337 1478 1407 πονηρίας,
1525 1339 1622 1390 καί
1653 1337 1836 1406 πραῦν

226 1428 311 1486 εἰς
345 1427 470 1490 τοὺς
504 1427 978 1497 πονηρευομένους
1009 1443 1020 1455 ·
1068 1428 1100 1498 ἡ
1145 1428 1255 1497 γάρ
1292 1429 1528 1498 πονηρία
1575 1427 1833 1497 μισητέα,

224 1519 327 1587 οὐχ
378 1519 404 1569 ὁ
460 1519 916 1588 πονηρευόμενοξ.
971 1519 1208 1582 Ἐκεῖνος
1262 1522 1372 1591 γὰρ
1424 1522 1790 1592 θεραπευτέος
1821 1538 1831 1548 ’

226 1610 433 1678 πάσχει
474 1611 606 1678 γάρ.
668 1611 778 1662 Καὶ
830 1611 987 1663 τοῦτό
1025 1613 1142 1664 ἐστι
1195 1612 1255 1664 τδ
1307 1613 1729 1684 πονηρεύεσθαι,
1776 1615 1835 1666 τὸ

226 1701 387 1770 παρᾷ
439 1702 532 1753 τοῦ
593 1701 839 1770 Πονηροῦ
890 1703 1250 1772 ἐνοχλεῖσθαι,
1312 1707 1403 1756 καὶ
1452 1706 1684 1774 πάσχειν
1733 1707 1833 1776 τὴν

230 1794 520 1861 πονηρεαν.
576 1793 702 1846 Ἐάν
757 1790 849 1846 οὖν
909 1796 1116 1864 Πέτρον
1175 1797 1267 1848 καὶ
1312 1796 1566 1868 Ἰωάννην
1619 1798 1833 1868 ἔχωμεν

227 1887 622 1955 ἐτοιμάξοντας
666 1887 728 1939 τὸ
755 1887 991 1953 δεῖπνον,
1029 1888 1140 1958 βίον
1180 1888 1326 1958 λέγω
1368 1893 1594 1958 άγαΟὶν,
1629 1895 1684 1952 0';
1721 1895 1834 1945 ἐστι

230 1981 482 2047 Πέτρος·
531 1981 624 2034 καὶ
672 1981 920 2051 δόγματα
970 1983 1169 2053 ἀληθῆ,
1223 1984 1257 2036 ἃ.
1306 1987 1452 2037 ἐστιν
1499 1989 1526 2039 ὁ
1573 1988 1834 2054 θεολό·,ος

240 2075 531 2142 ’ίωάννηςο
573 2079 896 2144 συναντήσει
932 2080 1042 2139 τοῖς
1075 2078 1336 2142 τοιούτοις
1362 2081 1712 2148 ἐτοιμασταῐς
1743 2081 1835 2132 ἄν·

225 2164 468 2233 θρωπος,
514 2167 787 2230 τουτέστι,
820 2168 940 2219 τότε
993 2170 1302 2240 εὑρήσομεν
1345 2172 1441 2240 τὴν
1481 2171 1833 2242 ἀνθρωπίνην

222 2259 396 2320 iet/tto;
425 2261 783 2323 κατάστασιν,
817 2262 912 2330 τὴν
955 2262 1072 2313 κατ’
1107 2263 1295 2317 εἰκόνα
1327 2264 1833 2336 δημιουργηοεῖσαν

222 2349 322 2402 τοῦ
373 2351 701 2417 πλάσαντος,
752 2353 784 2423 ἢ
827 2354 1029 2422 μᾶλλον
1077 2356 1173 2408 τοῦ
1217 2358 1523 2421 κτίσαντος,
1562 2361 1833 2432 κεράμιον

222 2443 425 2508 ὓδατος
473 2445 876 2514 βαστάζουσαν.
919 2447 1104 2518 ’Ὕδωρ
1143 2451 1308 2520 μὲνὴ
1361 2450 1454 2504 τοῦ
1511 2454 1832 2522 Ilva-ituro;

221 2540 409 2610 χάρις,
448 2543 523 2602 ως
549 2541 578 2592 ό
600 2541 1000 2612 εῦαγγελιστὴς
1046 2543 1303 2612 Ἰωάννης
1336 2545 1580 2600 διδάσκει
1613 2564 1625 2576 '
1663 2553 1831 2619 κερά-

225 2650 353 2702 μιον
395 2633 474 2693 δὲ,
507 2634 568 2686 τὸ
609 2634 916 2703 εὔθρυπτον
948 2638 1043 2688 καὶ
1088 2637 1227 2706 πρὸς
1274 2641 1575 2710 συντριὸὴν
1607 2642 1830 2694 εὔκολον

219 2727 325 2792 τῆς
355 2725 602 2796 καρδίας.
653 2727 709 2778 Ὀ
752 2727 860 2796 γὰρ
904 2728 1196 2797 δεχόμενος
1225 2731 1388 2798 χάριν
1423 2735 1827 2802 πνευματικὴν,

220 2822 481 2883 ταπεινός
532 2821 645 2872 ἐστι
687 2823 778 2872 καὶ
817 2824 1283 2892 συντετριμμένος
1335 2828 1400 2895 τῇ
1453 2827 1682 2896 καρδία·
1720 2829 1828 2883 Τα-

222 2916 430 2977 τῖεινοίς
456 2914 511 2965 δὲ
538 2913 723 2966 δίδωσι
755 2919 916 2984 χάριν
945 2917 972 2968 ὁ
1007 2915 1229 2986 ίιύριος.
1276 2918 1333 2971 'O
1366 2919 1521 2981 εἰδὼς
1557 2919 1612 2972 δὲ
1637 2921 1829 2974 ἑαυτὸν

217 3009 326 3076 γῆν
361 3009 450 3058 καὶ
501 3007 718 3072 σποδΰν,
774 3010 868 3060 καὶ
921 3009 1098 3076 λέγων
1148 3013 1289 3080 μετὰ
1337 3012 1432 3064 τοῦ
1479 3011 1622 3078 Ἰὼϐ,
1673 3035 1690 3066 ι
1732 3016 1828 3068 Ἐκ

218 3103 324 3172 γῆς
347 3103 402 3154 δέ
433 3119 500 3172 με
525 3103 789 3166 ἔπλασας,
821 3123 839 3154 ›
872 3105 1078 3166 ἐκεῖνος
1115 3104 1377 3174 βαστάσει
1404 3108 1503 3178 τὴν
1534 3109 1628 3161 τοῦ
1661 3111 1830 3165 Πνεῦ-

1948 594 1990 643 si
2020 591 2308 653 fuerimus,
2346 590 2729 660 impinguandi
2781 607 2971 646 smnus
3019 595 3296 664 mysteriis
3336 595 3560 653 Christi.

1950 683 2344 751 l‘rmparabunt
2375 686 2562 754 itaque
2589 686 2703 739 hcce
2728 696 3077 740 sacramenta
3107 686 3300 743 Petrus
3318 701 3368 743 et
3394 690 3560 743 Joan-

1947 792 2067 840 nes,
2109 777 2286 831 activa
2316 787 2372 832 ct
2416 778 2867 847 contemplativa.
2908 779 3089 833 fertur
3146 784 3269 848 zeli,
3306 794 3359 836 et
3403 802 3561 837 man-

1945 870 2179 923 sttcltttio
2197 870 2444 938 pacifica.
2465 869 2695 940 Oportet
2713 873 2858 925 enim
2883 874 3069 928 lidelcs
3102 888 3153 927 et
3178 878 3287 929 l'erv
3302 877 3416 930 idus
3435 892 3560 931 es.~e

1947 964 2149 1016 bonum
2181 969 2489 1035 operando.
2517 976 2572 1020 et
2604 966 2814 1020 zelolas
2863 969 3130 1023 adversus
3182 971 3468 1035 malitiam,
3506 983 3559 1025 ct

1947 1069 2264 1110 mansuetos
2293 1071 2420 1126 erga
2444 1058 2585 1112 male
2612 1071 2925 1127 operantes.
2953 1061 3095 1123 Odio,
3130 1067 3274 1116 enim
3309 1065 3555 1120 habenda

1946 1148 2170 1212 malitia,
2219 1164 2324 1202 non
2379 1150 2425 1206 is
2459 1152 2551 1219 qui
2589 1137 2731 1205 male
2768 1155 2902 1222 agit,
2954 1153 3108 1222 cujus
3169 1156 3417 1211 habenda
3474 1173 3559 1213 οδι

1943 1255 2099 1308 cura,
2137 1242 2390 1298 infirmus
2421 1246 2567 1298 enim
2598 1257 2704 1302 est.
2735 1248 2798 1299 Et
2845 1248 2945 1304 hoc
2991 1262 3071 1303 est
3115 1251 3257 1306 male
3283 1268 3468 1323 agere,
3527 1275 3553 1309 a

1944 1336 2186 1404 maligno
2209 1339 2421 1400 vexari.
2444 1350 2499 1393 et
2525 1341 2639 1408 pati
2669 1341 2898 1396 malum.
2927 1345 3082 1410 Quod
3121 1347 3164 1400 si
3199 1336 3558 1404 habuerimus

1943 1426 2163 1482 Petrum
2194 1441 2247 1483 et
2272 1429 2545 1486 Joannem
2591 1435 2930 1491 adotnantes
2957 1453 3196 1504 ctenatn,
3235 1442 3398 1494 vitam
3435 1445 3554 1497 dite

1943 1525 2164 1589 bonam,
2199 1539 2321 1592 qua:
2348 1536 2431 1580 est
2454 1523 2669 1592 Petrus,
2703 1541 2757 1583 et
2789 1546 2916 1584 vera
2957 1533 3235 1600 dogmata,
3268 1551 3390 1604 qua:
3428 1551 3554 1590 sunt

1940 1615 2176 1672 Joannes
2202 1619 2510 1690 theologus,
2550 1634 2806 1678 occurret
2834 1625 2938 1679 illis
2968 1632 3432 1696 prmparatoribus
3463 1634 3557 1685 lto-

1942 1725 2032 1762 mo
2070 1730 2081 1764 :
2125 1711 2228 1764 hoc
2259 1721 2367 1777 est,
2411 1723 2539 1767 tunc
2569 1715 2912 1773 inveniemus
2957 1721 3251 1774 humanam
3285 1724 3556 1779 conditio-

1943 1818 2089 1866 nem,
2113 1819 2237 1857 vere
2263 1803 2556 1860 formatam
2586 1811 2889 1863 secundum
2919 1813 3210 1881 imaginem
3239 1815 3555 1872 Conditoris

1943 1894 2231 1959 autpotius
2251 1895 2550 1961 Creatoris,
2583 1914 2676 1954 vas
2710 1916 2867 1972 aqua:
2899 1903 3188 1974 ligulinum
3218 1902 3551 1978 chtantetn.
3619 1941 3632 1956 ι

1940 1985 2096 2053 Aqua
2128 1989 2348 2056 quidem
2370 1990 2610 2060 Spiritus
2630 1997 2830 2064 gratia,
2861 2007 2918 2050 ut
2948 2003 3292 2070 evangelista
3317 2003 3555 2060 Joannes

1942 2083 2120 2135 docet.
2139 2081 2448 2153 Figulinum
2471 2097 2654 2143 autem
2679 2105 2796 2154 vas,
2825 2109 2940 2159 cur,
2962 2096 3108 2162 quod
3130 2096 3289 2153 facile
3311 2098 3523 2154 confrin
3539 2131 3553 2140 -

1939 2174 2119 2241 gitur;
2149 2193 2274 2230 nam
2301 2181 2392 2248 qui
2428 2181 2774 2250 spiritualem
2809 2190 3043 2255 gratiam
3068 2190 3288 2258 accipit,
3329 2192 3553 2247 humilis

1939 2277 2021 2318 est
2045 2279 2098 2322 et
2129 2271 2404 2326 contritus
2450 2275 2635 2328 corde.
2663 2275 2976 2335 lluntilibus
3001 2281 3147 2335 enim
3171 2285 3262 2338 dat
3289 2287 3553 2343 Dominus

1937 2362 2192 2425 gratiam.
2214 2365 2314 2427 Qui
2334 2375 2518 2421 autem
2549 2370 2655 2423 scit
2683 2372 2926 2441 seipsum
2947 2391 3068 2430 esse
3093 2386 3296 2432 terram
3318 2391 3372 2435 et
3402 2381 3556 2437 cine-

1939 2463 2076 2511 rcnt,
2107 2460 2160 2502 et
2192 2452 2321 2504 dicit
2353 2470 2477 2507 cum
2503 2454 2626 2522 Joh,
2649 2477 2666 2508 ‹
2702 2458 2774 2512 De
2807 2470 2950 2514 terra
2973 2479 3060 2517 me
3084 2464 3339 2521 formasti
3369 2487 3380 2522 :
3415 2487 3433 2520 ι
3466 2471 3554 2526 ille

1937 2552 2117 2608 portat
2136 2548 2367 2611 gratiam
2390 2547 2630 2617 Spiritus
2662 2552 2713 2604 in
2742 2568 2870 2608 vase
2887 2555 3073 2612 cordis
3100 2559 3204 2624 sui,
3227 2564 3371 2628 quod
3393 2563 3555 2619 facile

1936 2641 2324 2708 compungitur
2354 2652 2409 2695 et
2433 2645 2766 2700 conteritur.
2795 2646 2863 2702 Et
2885 2667 3009 2705 cum
3030 2658 3264 2709 assecuti
3281 2655 3551 2714 fuerimus

1937 2730 2074 2781 hanc
2129 2733 2524 2802 conditionem,
2590 2739 2854 2798 abeamus
2916 2745 2969 2797 in
3037 2746 3262 2803 domum
3325 2755 3551 2822 mentis,

1933 2823 2091 2892 cujus
2117 2828 2518 2895 paterfamilias
2545 2850 2721 2899 mens,
2754 2841 3085 2895 monstrabit
3111 2844 3268 2900 nobis
3288 2862 3550 2903 etenacu-

1934 2915 2042 2970 lum
2077 2929 2314 2976 stratum
2347 2941 2628 2996 magnum.
2670 2927 3034 2988 Caenaculum
3069 2948 3255 2993 autem
3281 2950 3364 2996 est
3386 2943 3554 2998 subli-

1934 3010 2039 3064 mis
2065 3012 2332 3080 ejusmodi
2367 3022 2567 3076 mentis
2592 3025 2896 3093 capacitas,
2921 3029 3263 3096 divinorum,
3301 3036 3550 3107 inquam,

1929 3103 2098 3177 46⁷
2139 3117 2193 3162 et
2235 3113 2631 3189 spiritualium,
2660 3119 2715 3172 in
2747 3121 2948 3190 quibus
2992 3125 3226 3192 habitat,
3255 3140 3310 3184 et
3343 3103 3396 3185 in
3428 3103 3554 3201 ουιέ

219 3212 394 3266 ματος
433 3196 596 3266 χάριν
639 3198 698 3249 ἐν
726 3195 807 3268 τῷ
839 3197 1235 3267 εὐκατανύκτῳ
1289 3201 1385 3253 καὶ
1438 3201 1650 3273 εὐκόλῳ
1687 3205 1826 3273 πρὸς

1935 3198 2036 3253 bus
2073 3202 2248 3257 amice
2291 3209 2585 3276 excipitur.
2623 3211 2805 3267 Strata
2837 3228 3026 3271 autem
3059 3232 3190 3274 sunt
3224 3223 3382 3281 haec:
3416 3229 3551 3281 nihil

219 3289 519 3360 συντριΰὴν
547 3289 759 3358 ἀγγείῳ
787 3289 888 3358 τῆς
930 3290 1161 3360 καρδίας
1197 3291 1386 3344 αὑτοῦ.
1435 3293 1824 3347 Ἀκολουϐοῦν-

213 3399 311 3441 τες
355 3384 412 3437 δὲ
452 3386 517 3454 τῇ
554 3383 788 3456 τοιαύτῃ
839 3385 1196 3448 καταστάσει,
1256 3386 1565 3456 ἀφιξόμεθα
1607 3389 1685 3450 εἰς
1724 3388 1826 3457 τὴν

213 3474 314 3528 τοῦ
345 3475 437 3529 νοῦ
465 3477 668 3541 οἰκίαν,
699 3471 768 3550 ἦς
794 3479 823 3530 ὁ
847 3477 1239 3548 οἰκοδεσπίτης
1268 3478 1393 3543 νοῦς
1421 3481 1664 3548 άνώγεον
1693 3483 1826 3551 ἡμῖν

212 3572 564 3642 ἐστρωμένον
594 3571 868 3639 ῦποδείξει
899 3573 1063 3641 μέγα.
1117 3572 1385 3642 ’Λνώγεον
1422 3575 1522 3644 μὲν
1565 3576 1598 3644 ἡ
1629 3575 1824 3646 ’ὑψηλὴ

212 3659 312 3712 τοῦ
342 3660 588 3715 τοιούτου
620 3661 712 3715 νοῦ
747 3661 1013 3734 χώρησις,
1040 3663 1110 3716 τὶι
1143 3663 1286 3730 Θεῖα,
1311 3667 1478 3736 φημὶ,
1514 3667 1609 3720 καὶ
1632 3669 1820 3738 νοητὰ,

213 3747 298 3817 οἷς
353 3757 709 3822 ἐγκατοικεῖ,
754 3758 850 3808 καὶ
897 3751 980 3820 οἷς
1027 3757 1420 3828 ὲμφιλοχωρεί.
1464 3759 1823 3832 Ἐστρωμὲνα

210 3845 272 3902 δὲ
305 3846 481 3902 ταῦτά
513 3849 655 3900 εἰσιν
677 3863 693 3876 ο
731 3849 888 3902 οὐδὲν
923 3848 1036 3918 γὰρ
1085 3851 1271 3913 αὐτοῖς
1316 3853 1515 3921 τραχὺ,
1551 3851 1689 3905 ἀλλὰ
1729 3855 1826 3907 καὶ

208 3939 282 3993 τά
316 3939 518 3993 σκολιὰ·
543 3942 620 4002 είς
648 3938 865 3992 εὐθεῖαν
898 3939 1142 4009 γίνονται
1173 3939 1255 4009 τῷ
1287 3939 1518 4011 τοιούτῳ
1548 3939 1651 4007 νοῑ,
1681 3942 1825 3994 καθα

210 4035 311 4087 καὶ
345 4032 602 4102 Σολομὼν
661 4030 820 4086 εἷπε’
870 4051 887 4083 ι
929 4032 1114 4086 Πάντα
1170 4033 1337 4086 εὐθέα
1383 4037 1498 4097 τοῖς
1553 4035 1821 4100 συνιοῦσι,

209 4127 310 4180 καὶ
348 4127 485 4196 ope:
510 4130 622 4189 τοῖς
647 4128 969 4199 εὑρίσκουσι
1001 4128 1226 4195 γνῶσιν.
1267 4146 1286 4179 ι
1323 4129 1437 4181 Οὐκ
1464 4127 1530 4181 ἂν
1556 4129 1612 4182 δὲ
1641 4131 1825 4201 ἀμάρ-

207 4237 327 4283 τοις
360 4221 456 4274 καὶ
494 4218 658 4274 τοῦτο
711 4220 906 4287 εἰπὼν,
939 4222 1023 4274 ὅτι
1077 4221 1134 4273 '0
1181 4221 1328 4285 νοῦς,
1385 4224 1434 4275 εί
1476 4224 1571 4275 καὶ
1618 4224 1825 4294 ὑψηλὸν

210 4317 450 4385 πρᾶγμα
491 4317 659 4379 ποιεῖ,
697 4315 842 4369 κατὰ
878 4314 979 4385 τὴν
1017 4314 1111 4368 τοῦ
1152 4314 1246 4368 νοῦ
1281 4317 1571 4387 ἐνέργειαν
1593 4318 1820 4385 διάγων,

209 4408 332 4461 ἀλλ’
363 4406 456 4460 cev
505 4408 778 4478 ἔστρωται
825 4407 1035 4480 αὑτῷή
1074 4407 1278 4476 γνῶσις
1311 4408 1415 4473 ἔτι,
1458 4411 1552 4461 καὶ
1606 4409 1822 4480 χθαμα-

209 4501 468 4572 λωτὲρως
527 4503 661 4573 ἔχει.
716 4500 928 4573 ’Υψηλὴ
974 4501 1031 4554 δὲ
1070 4503 1150 4573 τῷ
1205 4504 1319 4556 ὄντι
1376 4506 1409 4574 ﬁ
1459 4505 1681 4573 γνῶσις,
1723 4507 1821 4558 καὶ

210 4594 354 4664 ὑπὲρ
380 4599 485 4648 πᾶν
520 4593 654 4663 ὕψος
684 4597 716 4666 ἡ
766 4597 905 4667 ὑπὲρ
952 4595 1077 4649 νοῦν
1121 4597 1390 4666 ἀγνωσία,
1432 4599 1520 4651 ὅτε
1553 4600 1653 4653 οὑκ
1683 4600 1763 4654 ἔτι
1796 4600 1824 4652 ὸ

1935 4609 2328 4666 desmuunlur.

208 4686 338 4750 νοῦς
370 4681 608 4757 ἐνεργεῖ,
640 4686 760 4740 ἀλλ’
792 4689 1126 4757 ἐνεργεῖται.
1154 4691 1247 4742 Δεῖ
1281 4690 1338 4743 δὲ
1378 4691 1649 4763 πρότερον
1676 4694 1826 4763 ἡμᾶς

205 4781 288 4853 τῷ
321 4781 400 4836 νοτ
435 4782 594 4852 ἡμῶν
636 4783 904 4854 ἐνεργεῖν,
943 4779 1046 4836 εἷθ’
1092 4783 1268 4848 οὕτως
1311 4786 1725 4857 ὲνεργησόμεοα
1758 4790 1823 4860 τῇ

203 4875 304 4929 τοῦ
339 4877 553 4946 Κυρίου
599 4877 810 4949 χάριτι,
866 4877 1244 4948 λαμϐάνοντες
1290 4881 1444 4951 ἡμᾶς
1489 4880 1682 4952 ὥσπερ
1729 4885 1825 4935 καὶ

203 4970 335 5034 τοὺς
367 4972 675 5042 προφήτας,
702 4970 796 5026 καὶ
825 4971 1151 5037 ὲξιστῶντες
1186 4975 1370 5046 πάσης
1394 4977 1634 5047 φυσικῆς
1664 4979 1820 5047 ἐνερ-

204 5069 384 5135 γείας.
429 5064 649 5137 Ἀμέλει
704 5066 925 5134 λέγεται
959 5065 1155 5138 λῆμμα
1198 5068 1406 5139 Κυρίου
1466 5070 1524 5121 ἐν
1572 5070 1710 5140 τῷδε
1742 5070 1820 5141 τῷ

207 5163 467 5232 προφήτῃ
508 5161 786 5230 γενέσθαι.
825 5162 1041 5234 Ὠσπερ
1079 5161 1173 5215 οῦν
1208 5159 1490 5218 κάνταῦοα
1536 5164 1628 5217 τοῦ
1666 5166 1813 5218 ἀνω-

203 5257 336 5325 γέου
387 5255 579 5309 τούτου
632 5255 1009 5328 ἐστρωμένον,
1070 5256 1292 5328 ἔρχεται
1335 5260 1363 5311 ὁ
1425 5258 1636 5329 Ἰησοῦς
1669 5262 1812 5330 μετὰ

201 5350 312 5404 τῶν
347 5349 608 5422 μαθητῶν
649 5350 838 5415 αὑτοῦ,
879 5351 973 5404 καὶ
1009 5351 1155 5404 τελεῖ
1181 5353 1250 5405 τὰ
1298 5353 1603 5446 μυστήρια,
1653 5354 1810 5425 ἐρχό-

204 5462 368 5515 μενος
403 5445 564 5508 αὑτὸς
591 5445 730 5515 πρὸς
757 5446 930 5516 ἡμᾶς,
963 5447 1060 5498 καὶ
1085 5446 1186 5517 τὴν
1215 5447 1423 5500 οἰκείαν
1450 5445 1617 5500 αὑτοῦ
1654 5449 1808 5518 ὲνέρ-

203 5556 361 5609 γειαν
393 5539 679 5610 ἐμφαίνων
701 5541 859 5611 ἡμῖν,
891 5537 1010 5593 ἀλλ’
1032 5541 1134 5595 οὐκ
1157 5542 1444 5612 ἀναμένων
1464 5545 1610 5614 ἡμᾶς
1635 5545 1812 5597 ἐλθεῖν

1936 3292 2082 3344 enim
2114 3293 2165 3346 in
2190 3297 2270 3350 eis
2302 3313 2582 3368 asperum,
2611 3307 2706 3358 sed
2741 3317 2798 3360 et
2825 3324 3019 3378 aSpera
3047 3312 3099 3365 in
3134 3314 3293 3381 plana
3320 3333 3552 3376 conver-

1936 3395 2124 3441 tuntur
2158 3391 2251 3444 tali
2290 3395 2458 3448 menti
2495 3413 2510 3450 ι
2543 3398 2766 3454 sient-et
2795 3400 3055 3458 Salomon
3101 3409 3260 3474 dixit,
3309 3431 3326 3462 ι
3350 3411 3550 3468 Omnia

1936 3479 2094 3547 plana
2135 3483 2584 3555 intelligentibus,
2617 3501 2673 3544 et
2736 3505 2883 3548 recta
2923 3497 3331 3558 invenientibus
3371 3508 3554 3562 scien-

1936 3574 2085 3627 tiam.
2117 3594 2135 3627 ›
2171 3577 2226 3631 ld
2247 3589 2430 3645 autem
2457 3587 2837 3652 peccatoribus
2864 3607 2968 3645 non
2999 3593 3138 3648 dixit
3167 3614 3181 3649 :
3211 3600 3339 3667 quia
3371 3618 3551 3671 meus,

1932 3664 2061 3722 licet
2092 3684 2231 3739 opus
2260 3675 2540 3730 excellens
2583 3677 2749 3733 faciat
2806 3682 2963 3751 juxta
3033 3703 3188 3743 suam
3229 3664 3547 3752 efﬁcaciam

1933 3775 2127 3830 agens,
2163 3775 2340 3820 strata
2406 3778 2589 3825 tamen
2657 3773 2778 3842 ejus
2829 3779 3060 3834 seientia
3120 3794 3224 3850 est,
3269 3797 3324 3841 et
3373 3791 3551 3846 adlmc

1932 3853 2225 3912 humiliora
2251 3859 2436 3916 habet.
2485 3863 2752 3924 Sublimis
2805 3884 2987 3927 autem
3047 3891 3240 3933 revera
3294 3884 3549 3951 scientia,

1932 3959 1986 4004 et
2017 3965 2182 4021 super
2215 3971 2434 4012 onmem
2465 3959 2890 4032 sublimitatem,
2929 3970 3207 4039 ignoratio
3271 3987 3376 4041 est,
3429 3997 3551 4049 qna:

1930 4061 2169 4104 mentem
2219 4057 2578 4123 transcendit,
2615 4063 2834 4128 quando
2872 4081 2979 4119 non
3023 4069 3138 4138 jam
3173 4090 3326 4128 tuens
3357 4089 3551 4143 opera-

1934 4151 2045 4205 tur,
2101 4147 2196 4200 sed
2261 4151 2638 4216 operationem
2702 4159 2967 4214 sentitac
3032 4166 3256 4232 patitur.
3320 4168 3549 4238 Oportet

1932 4243 2113 4288 autem
2148 4254 2244 4294 nos
2273 4241 2424 4307 prius
2461 4254 2645 4299 tuente
2711 4261 2898 4305 nostra
2959 4259 3198 4322 operari,
3234 4271 3286 4314 ct
3353 4263 3552 4322 deinde

1930 4329 2122 4398 gratia:
2156 4330 2455 4389 Dominicae
2498 4340 2550 4390 in
2590 4342 2747 4396 nobis
2796 4349 3174 4411 operationem
3218 4357 3550 4424 sentiemus,

1928 4436 2050 4490 qua:
2091 4440 2191 4478 nos
2251 4429 2538 4498 suscipiet,
2611 4434 2754 4490 sicut
2821 4442 3146 4508 prophetas,
3176 4456 3230 4501 et
3287 4465 3385 4505 eos
3452 4457 3547 4522 qui

1929 4530 2215 4570 excessum
2252 4523 2561 4590 patiuntur,
2590 4534 2646 4579 et
2699 4532 2849 4584 omni
2917 4539 3156 4593 naturali
3223 4546 3551 4612 operatione

2401 4613 2648 4687 Denique
2704 4622 2906 4701 dicitur
2960 4631 3275 4702 Assumptio
3331 4638 3549 4694 Domini

1930 4700 1982 4752 in
2015 4705 2279 4772 propheta
2311 4707 2624 4777 hujusmodi
2661 4713 2802 4769 fieri.
2841 4716 2996 4791 Sicut
3052 4700 3218 4791 igitur
3249 4737 3304 4780 et
3335 4731 3389 4782 in
3445 4732 3549 4787 hoc

1929 4796 2274 4850 cocuaculum
2310 4808 2544 4856 stratum
2569 4807 2722 4874 venit
2744 4805 2905 4864 Jesus
2933 4828 3060 4865 cunt
3093 4817 3380 4887 discipulis
3410 4827 3549 4890 suis.

1925 4895 1978 4939 et
2005 4891 2266 4958 mysteria
2292 4894 2507 4961 perficit
2537 4914 2553 4950 :
2584 4897 2658 4951 ita
2684 4903 2833 4954 venit
2863 4906 2932 4958 ad
2952 4922 3073 4970 nos,
3100 4921 3153 4962 et
3171 4927 3328 4966 suam
3357 4929 3545 4972 osten-

1924 4981 2000 5034 dit
2031 4982 2354 5048 ell‘tcaciam.
2391 4991 2484 5044 sed
2514 5009 2623 5047 non
2652 5008 2911 5065 expectat
2941 5010 3000 5054 ut
3031 5018 3131 5058 nos
3157 5008 3448 5066 veniamus
3476 5013 3546 5067 ad

1923 5092 2070 5128 eum.
2102 5077 2366 5148 Discipuli
2406 5094 2591 5140 autem
2631 5087 2790 5144 Verbi
2824 5092 2920 5148 Dei
2953 5105 3083 5150 sunt
3104 5112 3299 5156 omnes
3335 5119 3549 5159 senue-

1917 5183 2016 5223 nes
2043 5187 2223 5242 rerpm
2253 5187 2557 5246 gestarum.
2591 5182 2746 5240 Tunc
2779 5185 2945 5259 igitur
2985 5207 3109 5246 cum
3140 5200 3458 5265 operahitur
3491 5205 3544 5256 in

1916 5262 2074 5318 nobis
2097 5261 2365 5335 Verbum,
2389 5268 2613 5328 Paschaa
2631 5275 3003 5348 intelligemus
3018 5261 3499 5357 participationem
3529 5307 3544 5343 ;

1913 5361 1996 5411 vel
2040 5361 2221 5428 potius
2261 5366 2582 5421 erudiemur
2624 5369 2677 5424 in
2727 5377 3080 5439 sermonibus
3134 5395 3316 5438 rerum
3357 5385 3534 5440 facta-

1923 5469 2042 5507 rum
2102 5455 2258 5523 juxta
2317 5460 2517 5527 illud,c
2567 5463 2778 5523 Videbo
2823 5471 2994 5528 cwlos
3029 5490 3195 5544 opera
3246 5479 3545 5550 digitorum

1931 5557 2178 5606 tuorum.
2231 5572 2249 5603 υ

203 5636 342 5709 πρὸς
371 5636 535 5690 αὐτὸν
569 5634 670 5690 ἔτι.
705 5636 968 5706 Μαθηταὶ
1001 5637 1059 5690 δδ
1086 5637 1181 5692 τοῦ
1210 5639 1347 5693 Θεοῦ
1381 5641 1582 5709 Λόγου,
1612 5645 1818 5705 πάντες
1883 5643 1935 5695 οἱ
2012 5646 2162 5715 λόγοι
2195 5649 2302 5708 τῶν
2338 5656 2665 5722 γεγονότων.
2719 5658 2857 5712 Τότε
2907 5657 3004 5717 οὗν
3051 5665 3182 5720 ὅταν
3238 5670 3440 5742 ἐνεργῇ
3488 5676 3551 5725 ὲν

201 5738 335 5809 ἡμῖν
365 5737 395 5788 ὁ
421 5735 616 5802 Λόγος,
642 5734 740 5804 τὴν
765 5735 860 5787 τοῦ
904 5734 1099 5804 Πάσχα
1130 5738 1440 5810 μετάληψιν
1473 5743 1813 5812 συνήσομεν,
1860 5743 2065 5809 μᾶλλον
2130 5747 2186 5799 δὲ
2231 5752 2742 5824 συνετισθησόμέθα
2774 5756 2870 5809 καὶ
2896 5761 3024 5821 τοὺς
3087 5763 3282 5832 λόγους
3313 5734 3545 5837 {civ-'79

203 5837 464 5900 γονάτων,
520 5837 664 5882 κατὰ.
702 5831 785 5896 τὸ,
819 5851 835 5883 ι
874 5831 1120 5903 ’(ιψοραι
1174 5838 1298 5898 τοῦ,
1346 5840 1634 5910 οὐρανοὺς,
1673 5842 1810 5912 ἔργα
1852 5859 1877 5893 τ

490 5952 743 6009 Ριτθοι
811 5953 903 6008 tia
961 5951 1240 6013 (IXXllL

1886 5842 1958 5894 ὼν
1995 5843 2278 5898 δακτύλων
2312 5866 2425 5906 σου,
2468 5873 2484 5900 ι

3092 5970 3171 6037 34
