4228 6428
219 443 363 515 1069

962 436 1414 499 ENARRATIO
1454 436 1537 496 IN
1574 433 2084 498 EVANGELIUM
2126 435 2366 499 LUCdi.
2403 463 2464 472 ·-
2499 438 2658 497 ΟΜ).
2707 436 2908 499 XXII.

3424 437 3574 504 1070

213 579 332 624 ται,
372 557 467 612 καὶ
493 557 710 629 τρέφων
774 553 1045 624 τρέφεται
1075 554 1104 605 6
1150 551 1563 623 φιλάνθρωπος,
1592 556 1689 609 καὶ
1736 558 1834 626 τὴν

1944 553 2104 607 Bibrt
2149 554 2318 624 igitur
2383 562 2513 607 tunc.
2552 568 2749 608 novam
2785 554 3080 623 quamdam
3131 555 3408 623 potionem
3444 573 3570 613 cum

217 651 507 724 ἡμετέραν
548 650 710 703 πόσιν
764 647 859 701 καὶ
892 647 1128 720 τροφὴν,
1161 647 1282 717 ἦτοι
1322 647 1587 718 μάθησιν,
1626 650 1838 704 οἰκείαν

215 747 434 818 τροφὴν
468 742 769 810 λογίζεται.
797 741 993 795 Πίεται
1015 737 1113 795 οὖν
1144 740 1457 811 τηνικαῦτα
1485 744 1684 815 καινήν
1713 761 1838 797 τινα

212 842 379 894 πόσιν
401 837 541 909 μετά
562 838 672 890 τῶν
695 835 887 901 ἀξίων,
909 834 1324 890 ἀποκαλύπτων
1351 836 1544 900 αὐτοῖς
1566 838 1654 890 ἀεὶ
1674 839 1840 892 καινά

211 951 339 987 τινα
386 933 482 984 καὶ
533 930 808 1002 ἀσυνήθη.
877 929 985 983 Δύο
1012 928 1071 983 δὲ
1117 929 1268 984 δοκεῖ
1296 933 1586 1002 ποτηρίων
1622 942 1853 1003 μνημο-,

213 1027 396 1080 νεύειν
442 1028 470 1078 6
509 1026 728 1088 Λουκᾶς
751 1042 765 1056 ·
810 1023 907 1077 καὶ
960 1022 1019 1076 ιν
1050 1023 1173 1092 μὲν,
1209 1024 1369 1094 φησὶ,
1427 1041 1447 1074 ι
1475 1023 1712 1087 Λάϐετε,
1742 1025 1839 1078 κιι)⁸

209 1120 578 1191 διαμερίσατε
603 1121 842 1184 ἑαυτοῖς,
869 1138 888 1171 ι
912 1119 940 1171 6
964 1117 1067 1188 τῆς
1089 1119 1343 1182 Παλαιᾶς
1364 1117 1647 1190 Διαθήκης
1667 1119 1837 1173 τύπον

211 1215 363 1268 εἴποι
418 1214 484 1268 ἀν
540 1232 627 1277 τις
660 1208 835 1266 εἶναι·
879 1211 1074 1282 ἕτερον
1123 1212 1204 1274 δὲ,
1258 1213 1402 1282 μετὰ
1429 1211 1492 1265 τὸ
1522 1213 1723 1266 κλάσαι
1746 1214 1838 1267 τὸν

210 1307 384 1377 ἄρτον
429 1307 526 1360 καὶ
560 1305 974 1378 διανείμασθαι,
1042 1304 1208 1369 αὐτὸς
1275 1305 1528 1374 διανέμει
1585 1308 1700 1370 τοῖς
1733 1325 1841 1378 μα-

209 1398 432 1469 θηταῖς,
485 1398 515 1451 δ
564 1399 786 1468 καὶτῆς
821 1398 1036 1467 Καινῆς
1086 1396 1368 1469 Διαθήκης
1426 1398 1837 1468 ὁνομάζει,καὶ

211 1490 275 1544 ἀν
292 1491 373 1562 τῷ
410 1491 578 1546 αὐτοῦ
609 1490 805 1560 αἵματί
847 1509 983 1562 φησι
1005 1490 1171 1545 τοῦτο
1210 1486 1658 1560 ἐγκαινίζεσθαι.
1711 1492 1836 1545 Ἐπὶ

213 1583 320 1655 μὲν
349 1585 458 1656 γὰρ
487 1585 586 1656 τῆς
620 1584 867 1648 Παλαιᾶς
899 1578 1042 1655 αἷμα
1078 1579 1238 1649 ζώων
1282 1584 1497 1653 ἀλόγων
1545 1581 1636 1658 ἦν,
1666 1587 1756 1639 ὅτε
1809 1588 1836 1638 6

209 1679 381 1749 νόμος
417 1679 574 1748 ἐδόθη
596 1693 610 1707 ⁸
638 1679 736 1733 νῦν
768 1679 830 1733 δὲ
861 1678 958 1733 τοῦ
979 1679 1121 1733 Θεοῦ
1148 1679 1328 1748 Λόγου
1360 1679 1656 1750 ἀνθρώπου
1689 1697 1838 1750 γενο-

215 1774 409 1844 μένου,
445 1775 508 1827 τὸ
536 1770 679 1846 αἷμα
709 1776 808 1846 τὴν
840 1776 1057 1846 Καινὴν
1096 1775 1379 1847 Διαθήκην
1407 1776 1543 1848 ἡμῖν
1565 1777 1834 1847 ἐπισφρα-

207 1865 377 1934 γίζει.
417 1865 603 1919 Εἰπὼν
627 1867 705 1931 δὲ,
755 1887 774 1918 ι
813 1869 887 1921 T6
915 1867 1057 1942 ὑπὲρ
1096 1870 1254 1943 ὑμῶν
1295 1871 1576 1944 διδόμενον
1607 1872 1703 1926 καὶ
1734 1873 1830 1924 ἐκ·

207 1958 537 2029 κυνόμενον,
581 1980 599 2012 ι
657 1961 757 2032 οὑχ
783 1961 924 2033 ὑπὲρ
972 1965 1084 2016 τῶν
1113 1965 1437 2020 ἀποστόλων
1474 1965 1640 2036 μόνον
1690 1963 1830 2018 6266-

210 2048 344 2103 σθαι
376 2050 530 2116 δηλοῖ
562 2052 622 2105 τὸ
646 2052 809 2124 σῶμα
843 2052 1034 2117 αὑτοῦ,
1063 2055 1161 2109 καὶ
1189 2057 1250 2110 τδ
1277 2049 1419 2128 αἷμα
1467 2055 1827 2128 έκκεχῦσθαι,

207 2141 331 2195 ἀλλ’
367 2142 509 2214 ὑπὲρ
544 2142 642 2214 τῆς
680 2146 1039 2220 ἀνθρωπίνης
1071 2147 1319 2218 φύσεως.
1358 2150 1532 2203 ὀταν
1554 2144 1650 2204 οὖν
1672 2148 1827 2222 εἴπῃ,

215 2253 238 2287 ι
283 2233 459 2306 ’Υπὲρ
494 2237 651 2318 ὑμῶν
685 2238 1001 2310 διδόμενον,
1071 2259 1090 2292 ι
1149 2242 1275 2295 ἀντὶ
1317 2240 1440 2307 τοῦ,
1505 2240 1683 2315 Ὑπὲρ
1729 2245 1831 2313 τῆς

207 2327 492 2399 ὑμετέρας
521 2329 745 2398 φύσεως
765 2331 877 2385 τῶν
902 2331 1236 2404 ἀνθρώπων,
1293 2333 1429 2387 νόει.
1480 2332 1523 2388 Τ
1529 2334 1556 2388 δ
1607 2336 1707 2405 μὲν
1737 2329 1832 2388 οὖν

211 2420 443 2475 παλαιὸν
467 2427 658 2494 πάσχα
688 2424 781 2478 ἐπὶ
811 2427 877 2496 τῇ
906 2426 1206 2498 ἀπαλλαγῇ
1240 2427 1344 2495 τῆς
1374 2426 1626 2490 δουλείας
1647 2430 1749 2499 τῆς
1773 2428 1831 2480 ὲν

211 2516 480 2588 Αἰγύπτῳ
517 2519 777 2585 ἐτελεῖτο,
814 2520 908 2572 καὶ
935 2520 996 2573 τὸ
1028 2516 1169 2592 αἷμα
1205 2519 1302 2573 τοῦ
1338 2520 1622 2593 προϐάτου
1646 2523 1744 2576 ἐπὶ
1763 2523 1829 2593 τῇ

211 2613 548 2684 συντηρήσει
594 2612 705 2667 τῶν
742 2615 1111 2686 πρωτοτόκων
1140 2633 1153 2645 ·
1191 2616 1252 2668 τὸ
1283 2616 1339 2669 δὲ
1392 2617 1584 2671 καινὸν
1640 2617 1833 2688 Πάσχα

210 2699 306 2754 ἀπὶ
342 2701 538 2771 ἀφέσει
565 2702 877 2774 ἁμαρτιῶν,
914 2707 1009 2758 καὶ
1039 2705 1134 2759 ἐπὶ
1162 2709 1499 2781 συντηρήσει
1524 2707 1635 2761 τῶν
1663 2710 1832 2779 ἡγια-

211 2796 431 2863 σμὲνων
462 2796 557 2849 καὶ
578 2798 984 2869 ἀφωρισμένων
1015 2799 1298 2870 λογισμῶν
1328 2801 1406 2872 τῷ
1430 2801 1572 2872 Θεῷ.
1608 2803 1834 2873 Πρῶτον

210 2885 268 2940 δὲ
300 2888 329 2940 6
357 2887 544 2960 ἀρτος,
573 2885 694 2944 εἶτα
734 2892 794 2945 τὸ
827 2895 1113 2965 ποτήριον.
1148 2894 1402 2966 Προτέρα
1428 2896 1540 2966 γὰρ
1575 2897 1607 2966 ἡ
1634 2897 1834 2949 ἐπίπο-

212 2996 308 3043 νος
339 2982 539 3052 πρᾶξις
589 2985 684 3037 καὶ
724 2985 1204 3057 δυσκατέργαστος
1225 3003 1238 3019 ·
1291 2989 1520 3060 ἱδρῶτες
1551 2989 1663 3061 γὰρ
1698 3006 1834 3060 προ-

213 3074 482 3145 ηγοῦνται
506 3077 606 3148 τῆς
637 3079 841 3150 ἀρετῆς
868 3097 882 3110 ·
914 3080 1105 3153 ὥσπερ
1144 3081 1239 3136 οῦν
1272 3082 1366 3136 καί⁵
1396 3084 1425 3136 6
1452 3082 1622 3154 ἄρτος
1645 3083 1707 3136 οὑ
1735 3083 1835 3154 μό-

213 3185 309 3222 νον
330 3170 388 3221 ὲν
422 3170 606 3240 ἱδρῶτι
638 3172 734 3226 τοῦ
764 3174 1063 3244 προσώπου
1090 3159 1448 3247 γεωργεῖται,
1483 3163 1623 3230 ἀλλὰ
1652 3176 1748 3230 καὶ
1778 3176 1836 3228 ὲν

1947 647 2146 716 dignis,
2203 647 2459 703 revelatis
2493 647 2573 701 eis
2604 663 2825 717 semper
2872 663 3010 703 nova
3061 651 3312 719 quadam
3367 663 3423 706 et
3481 653 3571 709 in-

1944 742 2128 797 solita.
2181 742 2425 796 Duorum
2489 750 2671 798 autem
2729 742 2907 797 Lucas
2968 744 3188 798 videtur
3238 747 3566 800 meminisse

1945 835 2288 905 poculorum.
2328 835 2392 891 Et
2445 837 2512 890 de
2551 851 2660 890 uno
2691 837 2911 905 quidem
2945 838 3078 892 dicit
3111 855 3123 890 :
3162 858 3180 888 ι
3222 839 3472 908 Accipite
3512 850 3568 895 et

1948 930 2178 985 dividite
2207 933 2355 986 inter
2396 945 2537 997 vos;
2570 949 2588 982 ι
2630 933 2778 1000 quod
2814 929 3030 987 Veteris
3056 931 3399 988 Testutneriti
3431 933 3571 1005 ﬁgu-

1946 1040 2062 1078 ram
2114 1025 2240 1094 quis
2311 1039 2436 1081 esse
2492 1025 2735 1093 dixerit;
2783 1037 2835 1081 et
2879 1028 2948 1082 de
3003 1027 3181 1082 altero
3224 1030 3368 1098 quod
3413 1030 3568 1095 illud,

1944 1126 2236 1185 postquam
2283 1115 2447 1186 fregit
2488 1131 2681 1187 panem
2718 1129 2772 1172 et
2797 1118 3102 1187 distribuit,
3139 1121 3255 1190 ipsc
3288 1122 3570 1177 distribuit

1943 1209 2253 1277 discipulis,
2285 1211 2430 1280 quod
2456 1221 2512 1265 et
2539 1208 2675 1264 Novi
2711 1210 3050 1265 Tustamenti
3083 1214 3353 1276 nominat,
3387 1227 3441 1270 et
3468 1231 3569 1270 sun

1941 1304 2208 1373 sanguine
2259 1304 2392 1356 dicit
2427 1304 2530 1358 hoc
2559 1304 2828 1357 innovari.
2855 1303 2911 1357 In
2942 1301 3127 1357 Veteri
3161 1306 3308 1358 enim
3338 1307 3567 1373 Sanguis

1943 1407 2065 1451 erat
2133 1395 2422 1451 brutorum
2455 1397 2796 1463 animalium,
2833 1413 2957 1452 cum
3006 1397 3092 1452 lex
3128 1399 3340 1467 vigeret
3373 1416 3389 1453 :
3421 1415 3569 1456 nunc

1941 1501 2123 1545 autem
2177 1505 2299 1546 cum
2329 1491 2569 1546 Verbum
2609 1491 2700 1548 Dei
2737 1492 2900 1546 homo
2944 1491 3147 1547 laetum
3192 1507 3299 1561 est,
3344 1497 3567 1567 sanguis

1943 1582 2152 1638 Novum
2179 1582 2594 1639 Testamentum
2621 1584 2779 1640 nobis
2815 1585 3149 1656 obsignavit.
3186 1586 3430 1642 Dicendo
3463 1603 3562 1642 an-

1944 1687 2075 1742 tem,
2113 1693 2133 1728 ι
2169 1673 2324 1743 Quod
2359 1691 2462 1747 pro
2500 1675 2654 1731 vobis
2709 1676 2872 1730 datur
2919 1686 2977 1730 et
3029 1674 3347 1741 effunditur,
3405 1697 3425 1729 ι
3458 1695 3563 1732 ιιοιι

1942 1781 2040 1834 pro
2073 1765 2205 1822 solis
2237 1767 2503 1837 apostolis
2549 1768 2728 1838 signat
2772 1782 2972 1836 corpus
3014 1768 3133 1836 ejus
3180 1784 3301 1823 esse
3351 1769 3560 1834 datum,

1938 1870 1993 1913 et
2057 1861 2379 1929 sanguinem
2410 1859 2533 1930 ejus
2564 1875 2687 1916 esse
2739 1860 2998 1926 eﬂ'usum,
3046 1867 3140 1917 sed
3174 1877 3276 1932 pro
3323 1865 3565 1917 humano

1935 1967 2153 2023 genere.
2177 1952 2409 2020 Quando
2431 1955 2596 2024 igi'ur
2619 1955 2774 2018 dicit,
2799 1973 2818 2006 ι
2846 1956 3000 2022 Quod
3026 1972 3122 2026 pro
3139 1958 3293 2010 vobis
3319 1958 3501 2023 datur,
3539 1978 3556 2008 ι

1938 2043 2204 2116 ἰηιθιΙίεοι,
2241 2043 2350 2101 Pro
2385 2058 2572 2102 vestro
2623 2047 2908 2102 hominum
2957 2065 3179 2120 genere.
3219 2047 3385 2105 Vetus
3412 2053 3560 2105 enim

1937 2142 2137 2209 pascha
2195 2140 2580 2210 perficiebatur
2621 2143 2691 2195 ob
2735 2141 3116 2198 liberationem
3173 2129 3457 2199 servitutis
3493 2160 3559 2199 ex

1937 2232 2193 2306 IEgypIo,
2234 2245 2289 2290 et
2348 2235 2572 2304 sanguis
2629 2239 2754 2303 agni
2811 2248 3038 2307 propter
3096 2250 3310 2293 servata
3347 2242 3558 2311 primo-

1936 2330 2118 2396 genita
2149 2345 2175 2381 ε-
2201 2326 2412 2380 Novum
2446 2336 2623 2382 autem
2658 2330 2860 2397 pascha
2908 2342 3131 2400 propter
3173 2332 3558 2386 remissiOnem

1937 2429 2312 2487 peccatorum,
2363 2430 2417 2474 et
2459 2421 2934 2476 Conservatioucm
2987 2424 3381 2492 cogitationum
3428 2441 3560 2480 sau-

1939 2504 2325 2578 ἑιίίίςιιιιιιιιιιι,
2361 2522 2417 2568 et
2445 2523 2904 2569 consecratarum
2938 2513 3071 2571 Deo.
3097 2514 3344 2570 Primum
3375 2528 3558 2572 autem

1936 2603 2104 2677 5,69
2133 2606 2309 2674 panis.
2339 2613 2394 2659 et
2421 2605 2620 2660 deinde
2656 2605 2935 2674 poculum.
2975 2607 3222 2662 Primum
3285 2609 3431 2664 enim
3473 2609 3558 2663 luo

1941 2701 2216 2754 borinsior
2261 2699 2408 2755 actio
2442 2710 2497 2756 et
2530 2700 2837 2769 dilIicilior;
2888 2704 3121 2760 sudores
3157 2704 3306 2759 enim
3347 2719 3560 2775 praece-

1913 2793 2076 2846 -duut
2128 2794 2430 2848 virtutem:
2493 2795 2958 2865 quemadmodum
3029 2799 3226 2870 panis,
3287 2813 3394 2854 non
3473 2814 3562 2852 so-

1941 2885 2051 2939 lum
2102 2887 2155 2940 in
2197 2888 2403 2942 sudore
2431 2887 2592 2943 faciei
2643 2889 2937 2954 excolitur,
2983 2893 3078 2945 sed
3122 2899 3178 2944 et
3214 2892 3562 2946 comedenda

1939 2981 2226 3050 onerosior
2272 2989 2388 3047 est;
2436 2980 2636 3038 deinde
2681 2990 2805 3050 post
2855 2982 3072 3057 labores
3141 2983 3329 3039 L’Pliti‘l
3357 2987 3562 3040 diViiU'.

1941 3074 2152 3142 gratim,
2184 3089 2307 3143 quae
2354 3075 2606 3145 signatur
2653 3090 2750 3142 per
2779 3075 3059 3146 pocu!um.
3091 3075 3389 3147 Poetquam
3416 3078 3565 3131 enim

1942 3168 2066 3237 quis
2115 3169 2169 3222 in
2200 3170 2494 3225 virtutibus
2523 3170 2611 3223 diu
2641 3171 2994 3238 graviterque
3048 3171 3404 3235 laboraverit,
3443 3178 3566 3225 tau-

211 3261 295 3333 τῷ
323 3264 614 3318 ὲσθιεσθαι
659 3265 1274 3341 δυσκατεργαστότερός
1325 3270 1500 3334 tactv,
1553 3265 1656 3323 εἷθ’
1690 3268 1834 3323 οὕτω

1941 3265 2066 3318 dem
2121 3264 2319 3334 dignus
2379 3271 2466 3319 est
2496 3265 2678 3326 donis,
2728 3275 2785 3318 et
2848 3265 3160 3320 inebriatur
3203 3261 3422 3320 laudata
3469 3264 3560 3320 illa

217 3357 359 3426 μετὰ
392 3359 518 3423 τοὺς
556 3361 755 3425 πόνους
787 3363 821 3434 ἡ
858 3364 1176 3434 εὐφροσύνη
1226 3364 1328 3435 τῆς
1361 3363 1456 3417 τοῦ
1501 3361 1641 3418 Θεοῦ
1671 3363 1830 3435 χάρι-

211 3463 328 3510 τος,
379 3449 518 3522 ὅπερ
558 3453 677 3505 ἐστὶ
707 3453 768 3506 τὸ
821 3456 1106 3526 ποτήριον.
1141 3455 1280 3510 Μεθ’
1303 3456 1330 3509 ὅ
1396 3457 1506 3526 γάρ
1557 3473 1640 3518 τις
1671 3457 1730 3507 tv
1759 3457 1831 3525 τῇ

213 3539 388 3612 ἀρετῇ
421 3545 489 3614 τῇ
542 3544 1012 3620 δυσκατεργάστῳ
1067 3549 1333 3624 κοπιάσῃ.
1363 3549 1485 3603 τότε
1518 3549 1628 3603 τῶν
1675 3567 1833 3621 χαρι-

1939 3359 2208 3415 ebrietate
2241 3372 2346 3428 qua
2383 3358 2600 3411 excedit
2642 3372 2709 3411 ex
2762 3358 2865 3412 hoc
2897 3361 3123 3424 mundo,
3155 3362 3304 3414 sicut
3357 3356 3561 3412 Paulus

1942 3461 1996 3506 ct
2029 3449 2221 3514 David,
2256 3461 2311 3503 et
2347 3461 2404 3503 ut
2437 3449 2732 3504 audentius
2775 3453 3038 3520 quiddam
3088 3456 3290 3519 dicam,
3336 3456 3477 3508 sicut
3506 3466 3561 3506 ct

1945 3545 2088 3598 Deus
2119 3543 2259 3614 ame
2299 3542 2577 3598 llabacuc.

217 3637 442 3706 σμάτων
467 3641 614 3708 ἄξιος
645 3643 879 3711 γίνεται,
903 3647 1001 3698 καὶ
1032 3647 1235 3718 πάσχει
1283 3648 1384 3720 τὴν
1416 3649 1591 3720 καλὴν
1631 3649 1825 3720 μέθην,
1869 3643 2229 3713 ἐξιστάμενος
2300 3639 2394 3694 τοῦ
2428 3641 2639 3711 κόσμου
2710 3657 2930 3706 τουτου,
2962 3641 3038 3706 ὡς
3061 3644 3089 3696 6
3117 3642 3352 3706 Παῦλος,
3411 3643 3504 3696 καὶ
3529 3643 3562 3697 6

211 3735 380 3788 Δαυῖδ
407 3751 420 3764 ·
449 3735 749 3807 τολμητέον
779 3736 835 3791 δὲ
864 3739 1063 3803 εἰπεῖν,
1093 3743 1190 3795 καὶ
1223 3741 1298 3806 ὡς
1329 3743 1358 3796 ὁ
1395 3741 1532 3806 Θεὸς
1565 3741 1720 3814 παρά
1753 3740 1833 3810 τῷ
1882 3735 2226 3804 Ἀδδακούμο

295 3847 314 3879 ι
345 3829 494 3898 Πλὴν
523 3830 632 3883 ἰδοὺ
665 3832 843 3902 ὴχεὶρ
874 3833 970 3885 τοῦ
1005 3834 1399 3904 παραδιδόντος
1424 3854 1516 3908 με,
1545 3836 1664 3908 μετ’
1689 3837 1827 3908 ἐμοῦ

217 3920 312 3974 ἰπὶ
348 3921 446 3991 τῆς
494 3923 801 3993 τραπέζης.
865 3926 976 3978 Καὶ
1017 3927 1044 3979 6
1080 3927 1180 3997 μὲν
1229 3927 1360 3992 Υἱὸς
1393 3927 1489 3982 τοῦ
1530 3914 1828 4000 ἀνθρώπου

216 4015 517 4085 πορεύεται
552 4021 696 4072 κατὰ
747 4017 809 4072 τὸ
862 4019 1178 4091 ὡρισμένον
1204 4037 1218 4051 ⁸
1282 4022 1424 4095 πλὴν
1458 4023 1582 4077 οὐαὶ
1628 4023 1708 4095 τῷ
1736 4024 1830 4077 ἀν-

217 4109 246 4163 θ
257 4110 426 4181 ρώπῳ
453 4111 668 4182 ἐκείνῳ,
698 4113 766 4166 δι’
784 4105 846 4165 οῦ
873 4115 1255 4185 παραδίδοται.
1277 4117 1388 4169 Καὶ
1413 4116 1571 4169 αὐτοὶ
1590 4115 1832 4188 ἧρξαντο

218 4204 475 4276 συζητεῖν
525 4205 661 4278 πρὸς
713 4208 963 4274 ἑαυτοὺς,
1004 4208 1064 4261 τὸ
1096 4209 1181 4271 τίς
1229 4207 1339 4278 ἀρα
1380 4207 1469 4279 εἴη
1502 4207 1561 4275 ἐξ
1584 4208 1766 4262 αὐτῶν
1805 4209 1834 4260 6

221 4298 438 4368 μέλλων
489 4299 648 4352 τοῦτο
672 4299 959 4370 πράσσειν,
1023 4300 1275 4368 Ἐγένετο
1319 4299 1375 4354 δὲ
1403 4300 1499 4355 καὶ⁵
1539 4300 1841 4370 φιλονεικία

214 4395 274 4445 ἐν
305 4393 512 4455 αὐτοῖς,
573 4393 636 4444 τὸ
688 4392 770 4456 τίς
811 4393 992 4447 αὐτῶν
1048 4394 1199 4447 δοκεῖ
1251 4389 1394 4447 εἶναι
1424 4394 1650 4464 μείζων.
1691 4393 1752 4448 ’0
1781 4394 1840 4447 δὲ

214 4481 372 4538 εἶπεν
408 4486 630 4549 αὐτοῖς’
686 4485 750 4538 Oi.
806 4485 1052 4557 βασιλεῖς
1088 4488 1200 4541 τῶν
1259 4487 1436 4542 ἐθνῶν
1482 4487 1838 4560 κυριεύουσιν

215 4575 421 4638 αὐτῶν,
486 4577 581 4630 καὶ
636 4577 684 4629 oi
717 4577 1132 4644 ἐξουσιάζοντες
1177 4579 1381 4644 αὐτῶν,
1418 4580 1709 4651 εὐεργέται
1737 4597 1838 4633 κα-

2011 3832 2174 3888 Vens.
2203 3829 2399 3884 2l—27.
2424 3847 2442 3880 ι
2474 3829 2884 3885 Verumtamem
2914 3845 3044 3884 ecce
3069 3846 3264 3884 manus
3297 3830 3562 3887 tradentis

1938 3941 2045 3990 me,
2069 3939 2282 3979 mecum
2307 3934 2394 3979 est
2427 3925 2479 3978 in
2514 3923 2727 3980 mensa.
2762 3923 2830 3977 Et
2854 3923 3028 3981 Filius
3056 3925 3277 3995 quidem
3318 3926 3562 3980 hominis

1936 4019 2238 4071 secundum
2289 4018 2434 4085 quod
2461 4017 2748 4071 delinitqu
2782 4025 2891 4080 est,
2928 4017 3078 4069 vadit
3110 4032 3124 4069 :
3153 4027 3560 4070 verumtamen:

1939 4126 2019 4165 vae
2052 4111 2258 4166 homini
2294 4109 2374 4164 illi
2425 4124 2520 4180 per
2557 4125 2717 4178 quem
2743 4111 3015 4179 proditur.
3040 4108 3104 4163 Et
3133 4110 3236 4180 ipsi
3270 4123 3565 4180 C(Bpt‘l'llnl.

1939 4220 2189 4277 quaarere
2224 4205 2369 4259 inter
2418 4220 2564 4270 sese,
2601 4205 2856 4274 quisnam
2890 4213 3037 4259 esset
3067 4221 3135 4259 ex
3166 4205 3299 4275 ipsis
3334 4205 3426 4274 qui
3463 4207 3566 4258 Iztic

1941 4300 2188 4354 facturus
2235 4310 2407 4353 esset.
2459 4297 2624 4352 Facta
2661 4311 2745 4352 est
2796 4307 3060 4352 autemet
3109 4298 3393 4352 contentio
3421 4299 3566 4352 inter

1939 4408 2036 4448 eos
2078 4395 2204 4463 quis
2244 4409 2434 4449 eorum
2479 4394 2764 4447 videretur
2813 4408 2936 4448 esse
2971 4394 3166 4461 major,
3202 4392 3351 4447 Dixit
3381 4403 3564 4447 autem

1939 4491 2020 4544 eis
2050 4507 2063 4542 :
2101 4485 2278 4558 Reges
2311 4489 2555 4559 gcntimn
2581 4489 2939 4543 dominantur
2958 4489 3060 4551 eis,
3088 4498 3143 4542 et
3168 4490 3266 4559 qui
3317 4497 3560 4556 potesta-

1941 4592 2050 4635 tem
2101 4581 2304 4636 habent
2345 4596 2512 4650 super
2555 4597 2673 4646 cas,
2709 4581 2941 4636 beneﬁci
2968 4575 3273 4637 'vocantur.
3313 4581 3419 4636 Vos
3470 4599 3570 4634 au-

212 4667 456 4722 λοῦνται.
509 4667 700 4738 Ὑμεῖς
752 4669 809 4721 δὲ
875 4669 974 4738 οὐχ
1032 4667 1237 4733 οὕτως·
1295 4669 1472 4724 ἀλλ’ὁ
1533 4669 1739 4740 μείζων
1771 4671 1829 4721 ὲν

1945 4683 2051 4728 tem
2085 4686 2191 4727 uou
2227 4673 2307 4726 sic
2348 4690 2362 4728 :
2391 4674 2485 4727 sed
2515 4675 2606 4742 qui
2647 4671 2822 4739 major
2869 4684 2958 4728 est
3006 4673 3060 4726 in
3090 4672 3269 4746 vobis,
3298 4673 3392 4724 liat
3424 4672 3568 4725 sicut

213 4759 370 4828 ὑμῖν,
400 4759 646 4828 γενέσθω
681 4760 756 4823 ὡς
779 4760 807 4812 6
841 4759 1133 4831 νεώτερος,
1166 4762 1260 4814 καὶ
1304 4764 1332 4814 6
1360 4762 1668 4832 ἡγούμενος
1697 4761 1773 4825 ὡς
1803 4764 1831 4815 6

213 4851 502 4905 διακονῶν.
549 4849 644 4916 Τίς
679 4853 790 4924 γὰρ
828 4853 1069 4924 μείζωνς
1119 4857 1146 4906 6
1185 4854 1571 4925 ἀνακείμενος,
1605 4855 1690 4924 ἢὸ
1714 4855 1832 4907 διαη

209 4945 430 5013 κονῶν;
474 4947 595 5017 οὐχὶ
619 4949 647 5001 6
680 4928 1086 5019 ἀνακείμενος;
1129 4946 1275 5017 Ἐγὼ
1319 4947 1376 5000 δέ
1409 4948 1526 5018 εἰμι
1563 4949 1622 5000 ἐν
1681 4950 1834 5019 μέσῳ

211 5039 372 5108 ὑμῶν
400 5037 474 5103 ὡς
503 5041 531 5093 6
551 5039 839 5112 διακονῶν.
876 5059 894 5092 ι
960 5035 1150 5093 Οὐδὲν’
1175 5041 1599 5109 πεπωρωμένης
1652 5039 1835 5110 ιξυχῆς

213 5129 572 5204 ἷιθλιώτερον.
642 5132 775 5187 Ἰδοὺ
830 5132 964 5201 γοῦν
995 5135 1022 5185 6
1043 5126 1262 5204 Κύριος
1293 5132 1398 5203 ὃρα
1449 5132 1502 5184 τί
1530 5148 1718 5203 φησιν,
1752 5134 1833 5184 δτι

221 5244 240 5278 ι
277 5223 363 5281 ,Ἡ
396 5223 519 5295 χεὶρ
582 5222 674 5277 τοῦ
730 5223 1127 5296 παραδιδόντος
1182 5241 1274 5296 με,
1304 5227 1397 5277 ἐπὶ
1428 5224 1528 5294 τῆς
1551 5223 1834 5296 τραπέζης

218 5317 340 5390 μετ’
378 5316 554 5388 ty.on
591 5335 610 5369 ι
652 5317 747 5371 καὶ
777 5320 806 5372 6
833 5319 1096 5382 ἀσύνετος
1125 5319 1226 5373 οὐκ
1257 5318 1543 5391 ᾐσθάνετο.
1586 5319 1697 5373 Καὶ
1724 5318 1834 5388 γὰρ

214 5419 280 5472 οὗ
320 5418 504 5487 μόνον,
539 5416 628 5470 ἵνα
656 5415 805 5485 δείξῃ
837 5416 919 5467 ὅτι
953 5417 1056 5468 οὐκ
1083 5418 1270 5482 ἀγνοεί
1294 5415 1356 5467 τὸ
1386 5414 1830 5485 συμϐησόμενον,

213 5511 398 5566 ταῦτα
451 5510 602 5578 λέγει
661 5512 688 5564 ἐ·
727 5510 957 5584 Κύριος,
984 5509 1122 5561 sm
1150 5511 1245 5560 καὶ
1277 5507 1362 5559 ἵνα
1395 5507 1546 5580 δείξῃ
1571 5510 1707 5577 ημῖν
1738 5511 1835 5560 καὶ

216 5605 319 5675 τὴν
343 5605 551 5657 οἰκείαν
586 5603 928 5675 ἀγαθότητα,
961 5605 1058 5656 καὶ
1092 5604 1193 5673 τὴν
1232 5602 1327 5655 τοῦ
1356 5602 1619 5673 προδότου
1663 5620 1835 5673 πονη-

217 5698 368 5771 ρίαν,
422 5698 506 5750 ὅτι
563 5699 659 5751 καὶ
698 5698 981 5760 συνεστιις
1014 5698 1272 5752 γενέσθαι
1323 5696 1426 5750 οὐκ
1471 5697 1832 5769 ἠρυθρίασεν.

219 5790 358 5845 οὐδὲ
387 5789 549 5844 πάλιν
578 5792 741 5854 αὐτὸς
775 5792 957 5862 ἀφῆκε
986 5791 1056 5844 τὰ
1085 5793 1265 5846 οἰκεῖα
1301 5791 1498 5856 ποιῶν,
1537 5791 1632 5844 καὶ
1662 5791 1834 5845 τύπον

222 5885 359 5956 ἡμῖν
391 5882 583 5949 τιθεὶς,
629 5884 717 5938 ἴνα
750 5884 879 5957 ἄχρι
909 5884 1098 5950 τέλους
1136 5885 1538 5956 σπουδάζωμεν
1566 5887 1835 5956 κερδῆσαι

220 5981 348 6046 τοὺς
402 5981 717 6045 πταίοντας.
777 6000 794 6032 ι
837 5983 946 6035 Καὶ
994 5986 1020 6036 ὁ
1061 5983 1160 6053 μὲν
1202 5983 1329 6048 Υἱὸς
1379 5981 1471 6034 τοῦ
1516 5981 1832 6054 ἀνθρώπου,

1933 4767 2121 4835 junior
2152 4786 2166 4822 :
2199 4779 2254 4822 et
2305 4769 2394 4837 qui
2431 4769 2689 4840 princeps
2743 4778 2850 4836 est,
2913 4770 3059 4823 sicut
3122 4768 3216 4836 qui
3264 4767 3565 4822 ministrat.

1939 4861 2078 4914 Nam
2112 4871 2235 4916 uter
2261 4849 2432 4928 major
2453 4872 2561 4926 est,
2587 4864 2690 4932 qui
2710 4862 3008 4926 accumbit,
3041 4878 3109 4915 an
3135 4863 3227 4931 qui
3253 4863 3570 4916 ministrat?

1939 4975 2121 5015 nonne
2178 4960 2270 5030 qui
2319 4958 2745 5015 aecumbit?At
2799 4975 2901 5029 ego
2963 4959 3016 5012 in
3073 4959 3257 5012 medio
3322 4967 3567 5017 vestrum

1937 5066 2058 5106 sum
2107 5061 2168 5106 ut
2199 5053 2292 5122 qui
2348 5054 2645 5106 ministrat.
2693 5070 2711 5103 ι
2756 5047 2904 5106 Nihil
2963 5053 3261 5107 exerceatis
3313 5053 3571 5107 miserius

1938 5155 2042 5198 cst.
2077 5142 2218 5200 Vide
2272 5147 2416 5199 enim
2457 5146 2590 5216 quid
2620 5145 2886 5200 Dominus
2919 5145 3064 5200 dicat
3095 5163 3109 5199 :
3146 5165 3164 5198 ι
3198 5145 3341 5200 Ecce
3371 5161 3572 5198 manus

1939 5239 2206 5294 tradentis
2240 5253 2348 5304 mc,
2384 5253 2597 5303 mecum
2657 5248 2742 5294 est
2803 5241 2858 5294 in
2895 5254 3082 5294 mensa
3119 5258 3132 5294 :
3174 5259 3193 5292 ι
3223 5249 3278 5294 et
3315 5240 3572 5307 stupidus

1941 5345 2046 5384 non
2100 5332 2294 5385 sensit.
2353 5331 2570 5386 Etenim
2625 5331 2890 5387 Dominus
2941 5334 3058 5388 hzuc
3105 5334 3280 5397 dicit,
3336 5349 3442 5384 tmu
3476 5348 3568 5385 80-

1942 5426 2050 5478 lum
2087 5436 2146 5478 ut
2176 5432 2432 5481 ostendat
2467 5445 2525 5481 se
2563 5445 2669 5481 non
2709 5429 2965 5498 ignorare.
3000 5429 3145 5497 Quod
3198 5429 3433 5488 eveniet,
3475 5429 3571 5481 sed

1940 5535 1993 5574 et
2029 5530 2088 5574 ut
2117 5522 2277 5576 nobis
2304 5537 2459 5575 suam
2488 5523 2812 5586 bonitatem,
2851 5532 2908 5576 et
2957 5522 3258 5592 proditoris
3302 5520 3571 5572 maiitium

1938 5615 2217 5679 ostendat,
2255 5616 2347 5682 qui
2395 5630 2499 5669 non
2536 5614 2822 5670 erubuerit
2864 5631 3052 5669 secum
3093 5614 3397 5668 conrivari.
3436 5613 3570 5664 Nam

1939 5705 2203 5762 Dominus
2241 5723 2350 5762 non
2385 5710 2570 5763 omisit
2597 5724 2696 5764 sua
2734 5710 2940 5773 facere,
2977 5719 3034 5762 ut
3064 5708 3225 5763 nobis
3255 5708 3568 5775 exemplum

1941 5801 2091 5853 daret
2121 5809 2178 5852 ut
2202 5815 2378 5870 usque
2399 5801 2450 5854 iu
2475 5801 2637 5853 tinent
2672 5801 2861 5871 lapsos
2892 5801 3091 5854 lucrari
3123 5801 3468 5855 studeaums.
3506 5799 3572 5851 lit

1947 5892 2158 5946 tl’ilins
2193 5894 2410 5963 quidem
2454 5894 2712 5956 immittis,
2752 5895 2948 5964 inquit,
2986 5896 3180 5967 vadit.»
3221 5912 3234 5949 :
3265 5910 3371 5948 non
3407 5897 3564 5960 quasi

1931 6005 2050 6044 .uon
2108 5989 2285 6044 valeat
2341 5979 2399 6044 se
2454 5992 2753 6059 vindicare,
2792 5993 2886 6047 sed
2921 5989 3046 6061 quia
3092 5994 3221 6045 olim
3255 5992 3577 6046 ἆραι-«νειμ
