4228 6428
705 422 836 484 1071

1625 411 2202 474 ΤΙΙΕΟΡΙΙΥΕᾹΟΤΙ
2261 408 2672 471 BULGAllIE
2717 409 2757 467 .-\
2778 407 3084 468 RClIlEP.

3836 396 3992 464 1072

702 532 834 587 mori
880 531 930 584 in
979 527 1205 583 salutem
1279 523 1574 578 hominum.
1611 540 1628 572 (
1665 517 2040 572 Verumtamen
2077 531 2154 568 v.1-
2192 516 2275 568 ho,

2391 517 2544 585 φησὶ,
2585 514 2874 584 πορεύεται
2911 529 2924 542 ·
2957 531 2974 563 t
3022 513 3120 581 οὐχ
3153 510 3227 572 ὡς
3267 509 3509 563 ἀσθενῶν
3537 508 3745 580 ἀμῦναι
3780 510 3996 581 ἐαυτῷ.

699 625 826 680 mini
875 624 950 677 illi
1005 637 1102 692 per
1159 633 1316 687 quem
1371 615 1618 669 traditur.
1654 631 1671 662 ι
1707 611 1835 664 Nam
1889 607 2281 678 prmdelinitum

694 719 912 788 quidem
971 724 1054 770 est
1111 723 1165 766 ttt
1221 709 1452 780 patiatur
1480 725 1491 760 :
1525 708 1616 760 sed
1648 718 1699 758 ttt
1746 716 1911 771 quare
1943 701 2198 754 inventus
2227 713 2286 752 es

698 811 890 872 malus,
927 817 978 862 et
1017 805 1086 858 ita
1135 802 1201 856 ad
1253 799 1608 870 proditionem
1666 795 1940 864 paratus?
1991 792 2281 862 Propterea

699 905 793 956 tibi
827 917 903 954 τίν
933 897 1293 966 adjudicatum
1344 903 1444 958 est,
1495 893 1618 961 quia
1666 892 1916 943 inventus
1949 905 2009 944 es
2062 890 2284 944 studens

697 994 1021 1066 proditioni;
1081 989 1201 1057 quia
1244 989 1404 1040 etiam
1469 997 1690 1051 serpens
1751 981 2065 1035 maledictus
2098 989 2180 1034 est
2219 991 2284 1032 eo

693 1086 831 1152 quod
873 1082 1097 1135 servivit
1139 1077 1335 1132 diaboli
1366 1073 1629 1128 consiliis.
1669 1069 1892 1124 Turbati
1921 1078 2051 1124 sunt
2092 1076 2273 1122 autem

695 1175 937 1244 tliSt.'ipItlt
985 1171 1180 1225 auditis
1209 1171 1311 1233 his,
1343 1180 1396 1221 et
1435 1167 1535 1220 hoc
1562 1164 1724 1218 latius
1757 1162 1932 1218 disces
1958 1162 2009 1214 in
2036 1160 2281 1228 Evangeo

693 1271 764 1322 lio
815 1265 1054 1321 Joannis.
1083 1260 1237 1314 Nunc
1290 1268 1468 1313 autem
1522 1272 1628 1312 non
1661 1257 1725 1310 de
1769 1253 2074 1328 suspicione
2102 1249 2284 1320 prodi-

700 1361 862 1413 tionis
926 1366 1136 1410 tuntum
1177 1353 1486 1416 turbantur,
1558 1351 1649 1403 sed
1703 1362 1766 1401 ex
1834 1344 2141 1398 turbatiOne
2196 1339 2282 1394 illa

695 1456 760 1506 ad
789 1452 1165 1506 contentiones
1199 1447 1444 1507 veniunt,
1489 1443 1876 1496 contendentes
1911 1438 2031 1507 quis
2056 1451 2122 1491 ex
2153 1434 2282 1503 ipsis

693 1553 835 1598 esset
862 1541 1151 1595 maximus.
1189 1536 1495 1589 lnciderunt
1531 1542 1708 1586 autem
1741 1531 1792 1582 in
1823 1531 1963 1584 hanc
1988 1529 2131 1580 litem
2157 1524 2281 1594 quia

689 1634 983 1690 verisimile
1024 1640 1103 1684 est
1159 1627 1302 1698 quod
1346 1627 1482 1680 inter
1527 1639 1585 1678 se
1616 1621 1850 1676 dcht‘int
1886 1634 2023 1671 unus
2083 1617 2277 1669 alteri:

688 1729 766 1779 Tu
827 1724 1135 1794 proditurus
1182 1735 1261 1783 es,
1314 1727 1368 1771 et
1411 1717 1548 1769 alius
1582 1713 1734 1768 alteri
1775 1731 1786 1766 :
1824 1711 1922 1764 Tu.
1959 1709 2024 1764 Et
2057 1708 2182 1761 inde
2216 1721 2281 1760 eo

693 1825 1051 1889 pervenerunt
1115 1823 1171 1866 ut
1210 1812 1449 1864 dicerent
1482 1828 1493 1861 :
1529 1808 1639 1879 Ego
1665 1820 1783 1860 sum
1820 1805 2027 1864 melior,
2061 1812 2137 1866 et,
2171 1800 2285 1868 Ego

693 1929 808 1968 sum
837 1909 1031 1979 major,
1071 1917 1121 1960 et
1152 1903 1369 1960 similia.
1406 1900 1545 1966 Quid
1590 1899 1750 1967 igitur
1786 1893 2082 1950 Dominus?
2123 1892 2281 1946 Com-

2390 1895 2606 1966 μέλλεις
2654 1895 2960 1965 προδιδόναι
2982 1910 2996 1924 ³
3050 1894 3146 1946 καὶ
3179 1889 3246 1947 αὖ
3275 1893 3480 1954 ἐκεῖνος
3516 1891 3711 1962 τούτῳ,
3738 1892 3823 1943 ὅτι

691 2006 878 2077 primit
925 1999 1207 2054 tumultum
1270 1997 1412 2049 hunc
1446 1991 1653 2046 duobus
1687 1989 1972 2058 exemplis.
1999 1984 2118 2040 Uno
2150 1999 2281 2054 gen-

691 2076 891 2157 tilium,
946 2107 1081 2161 quos
1131 2086 1582 2142 abominabantur
1617 2101 1631 2140 :
1664 2084 1954 2137 ostendens
2002 2078 2143 2146 quod
2175 2076 2281 2130 illis

693 2183 1026 2242 assimilandi
1061 2181 1190 2243 sint,
1227 2179 1267 2231 si
1295 2175 1506 2245 sapiant
1534 2171 1748 2225 similia.
1781 2168 1961 2222 Altero
1995 2164 2160 2237 470
2187 2179 2279 2217 δυο

695 2287 799 2328 tem
834 2288 930 2325 suo
956 2269 1222 2337 exemplo.
1250 2266 1356 2320 Eos
1381 2263 1522 2317 enim
1557 2263 1623 2314 ad
1652 2259 2009 2312 humilitatem
2033 2253 2281 2321 exemplo

691 2383 788 2423 suo
813 2367 981 2429 ducit,
1004 2362 1294 2420 ostendens.
1328 2357 1473 2427 quod
1508 2357 1620 2424 ipse
1647 2354 1910 2406 ministret
1939 2350 2036 2403 eis.
2069 2348 2280 2402 Etenim

691 2472 841 2524 tunc,
879 2459 1021 2512 sicut
1065 2457 1268 2509 dictum
1328 2459 1431 2514 est,
1477 2463 1665 2519 panem
1696 2461 1849 2498 suum
1897 2453 1948 2498 et
1974 2451 2158 2512 potum
2198 2438 2281 2493 di-

693 2551 932 2607 stribuit.
994 2545 1128 2623 Qum
1182 2546 1343 2611 igitur
1372 2555 1492 2610 ego,
1527 2552 1688 2608 quem
1721 2536 1896 2590 omnis
1928 2533 2202 2587 rationalis
2230 2539 2283 2584 et

690 2644 930 2714 angelica
961 2649 1209 2695 eteatttra
1237 2637 1486 2698 adorant,
1516 2633 1564 2686 itt
1601 2630 1780 2685 medio
1808 2628 1968 2681 vestri
1996 2627 2242 2679 ministro
2264 2662 2278 2687 ,

691 2736 961 2807 quomodo
990 2747 1082 2785 vos
1121 2731 1263 2799 digni
1294 2727 1424 2782 estis
1465 2724 1555 2794 qui
1591 2737 1778 2793 magna
1813 2721 1878 2773 de
1902 2718 2053 2772 vobis
2080 2716 2282 2770 sentia-

693 2806 780 2890 tis,
831 2839 884 2879 et
916 2826 1118 2895 primas
1150 2829 1330 2890 partes
1379 2816 1606 2886 capiatis
1635 2814 1656 2867 ’ἰ
1690 2811 1915 2867 Videtur
1939 2820 2117 2863 autem
2149 2806 2281 2860 mihi

695 2937 798 2975 nou
829 2918 1000 2971 obiter
1036 2914 1197 2982 hujus
1230 2909 1500 2967 recubitus
1535 2918 1588 2961 et
1623 2902 1907 2958 ministerii
1949 2900 2282 2963 meminisse,

694 3014 789 3069 sed
814 3015 1072 3065 reducere
1111 3008 1190 3062 eis
1223 3007 1274 3059 in
1324 3001 1662 3062 memoriam,
1716 2997 1842 3066 quia
1900 2994 1972 3048 De
2013 3007 2121 3046 uno
2148 3005 2284 3061 pane

689 3101 1024 3165 cumedisﬂs,
1056 3107 1110 3152 et
1131 3111 1197 3151 ex
1229 3109 1334 3148 uno
1364 3093 1532 3146 calice
1574 3089 1808 3152 bibistis,
1841 3087 2043 3140 amicos
2073 3095 2126 3138 et
2149 3097 2281 3136 uua-

693 3201 868 3253 nimes
916 3209 1022 3248 una
1065 3204 1255 3246 mensa
1305 3188 1431 3241 fecit
1471 3203 1484 3238 :
1534 3197 1702 3253 quare
1759 3194 1888 3248 ergo
1929 3178 2118 3248 sapitis
2163 3190 2282 3245 quae

695 3294 829 3346 tales
856 3304 968 3345 non
999 3289 1188 3340 decent
1213 3284 1236 3336 ?
1283 3282 1347 3337 Et
1383 3294 1558 3347 neque
1583 3291 1679 3346 ego
1705 3275 1795 3329 uni
1817 3273 2034 3342 quidem
2061 3271 2279 3332 servivi,

696 3383 852 3438 alteri
884 3390 1064 3434 autem
1103 3391 1205 3430 non
1252 3371 1470 3433 servivi,
1509 3370 1603 3423 sed
1634 3383 1697 3421 ex
1730 3381 1883 3435 a‘quo
1909 3365 2158 3418 omnibus
2189 3376 2282 3414 νο-

694 3478 811 3531 bis:
846 3487 1038 3528 omnes
1085 3470 1248 3540 igitur
1298 3480 1461 3519 unum
1494 3473 1547 3522 et
1581 3459 1720 3515 idem
1774 3457 2043 3512 sentiatis.
2080 3453 2158 3508 Tu
2189 3469 2284 3507 au-

696 3580 803 3621 tem
838 3581 904 3620 ex
949 3565 1035 3620 his
1069 3562 1317 3616 omnibus
1345 3556 1614 3626 intelligas
1649 3553 1790 3623 quod
1823 3547 2075 3618 discipuli
2107 3547 2282 3601 adhuc

695 3659 996 3732 imperfecti
1031 3656 1251 3720 fuerint,
1284 3655 1378 3709 sed
1424 3653 1547 3706 vide
1579 3645 1848 3720 quomodo
1894 3654 1948 3700 et
1979 3653 2164 3713 postea
2194 3657 2282 3696 re-

697 3755 965 3810 fulserint.
998 3749 1410 3806 Confundantur
1446 3741 1750 3806 Manicltati,
1773 3740 1862 3810 qui
1896 3738 2085 3793 dicunt
2114 3750 2281 3806 quos-

695 3853 815 3902 dam
862 3855 1055 3899 natura
1111 3855 1229 3897 esse
1283 3838 1564 3904 indociles,
1623 3843 1678 3890 et
1731 3829 2118 3900 impossibilem
2160 3843 2280 3885 esse

694 3939 816 3993 vita:
845 3936 1223 3991 mutatiOnent.

767 4222 934 4275 Vens.
990 4211 1185 4270 28-5‘.
1228 4230 1244 4264 t
1291 4209 1397 4266 Vos
1430 4220 1608 4265 autent
1665 4209 1797 4263 estis
1831 4206 1921 4276 qui
1979 4202 2282 4274 permansi-

691 4313 793 4368 stis
837 4322 1045 4364 mecum
1105 4307 1155 4358 in
1189 4301 1576 4360 tentatimiibus
1625 4301 1760 4355 meis
1794 4316 1808 4352 :
1845 4308 1896 4354 et
1925 4311 2024 4367 ego
2052 4295 2282 4364 dispono

696 4403 868 4466 vobis,
903 4401 1046 4454 sicut
1088 4396 1353 4464 disposuit
1402 4394 1533 4446 tttihi
1579 4391 1736 4446 Pater
1772 4407 1922 4445 meus
1945 4403 2193 4458 regnum,
2226 4393 2284 4439 ut

696 4495 872 4552 edatis
923 4502 978 4547 et
1018 4491 1238 4552 bibatis,
1269 4502 1432 4557 super
1473 4500 1712 4541 mensam
1777 4497 1953 4539 meum
2003 4483 2055 4535 in
2115 4493 2282 4550 regno

2389 606 2502 660 ἀλλ’
2535 607 2610 669 ὡς
2642 606 2831 675 ὁρίσας
2862 604 3042 674 ἐαυτῷ
3064 603 3156 656 τὸν
3192 603 3423 655 θάνατον
3463 603 3557 655 ἐπὶ
3592 602 3847 673 σωτηρίᾳ
3879 604 3997 656 τῶν

2385 698 2709 768 ἀνθρώπων.
2747 715 2763 747 ι
2811 696 2956 766 Πλὴν
2986 696 3109 750 οὐαὶ
3145 695 3223 765 τῷ
3254 694 3529 765 ἀνθρώπῳ
3571 695 3794 763 ἐκείνῳ,
3825 695 3894 747 δι’
3929 689 3996 748 οὗ

2388 787 2761 859 παραδίδοται.
2795 807 2812 838 ι
2846 787 3099 854 ’Ὡρισται
3136 786 3236 857 μέν
3259 785 3368 854 γὰρ
3397 786 3614 848 παθεῖν,
3641 787 3782 838 ἀλλά
3807 787 3872 838 σὺ
3902 786 3997 838 διὰ

2385 883 2439 934 τί
2477 881 2706 951 εὑρέθης
2763 881 2957 944 κακὸς,
3014 879 3156 932 ὥστε
3207 878 3342 952 πρὸς
3413 878 3708 947 προδοσίαν
3767 879 3999 946 ’ἐτοιμος

2386 970 2567 1041 εἷναι;
2603 976 2700 1026 Διά
2731 971 2892 1025 τοῦτο
2923 968 3016 1026 οὖν
3051 989 3133 1025 σοι
3155 971 3218 1024 τὸ
3238 971 3363 1024 οὐαὶ
3388 969 3879 1039 ἀποκεκλήρωται,
3909 972 3998 1020 ὁτι

2388 1065 2620 1137 εὑρέθης
2655 1065 2964 1137 ἐπιτήδειος
3007 1066 3086 1127 είς
3129 1063 3426 1134 προδοσίαν
3450 1080 3460 1091 ·
3505 1063 3630 1114 ἐπεὶ
3665 1065 3760 1114 καὶ
3791 1065 3821 1115 ὁ
3868 1063 4002 1129 ὄφις

2387 1158 2814 1228 ἐπικατάρατος,
2851 1157 2985 1210 διότι
3009 1157 3329 1227 ὑπούργησε
3358 1158 3424 1226 τῇ
3448 1155 3543 1208 τοῦ
3565 1155 3818 1208 διαϐόλου
3855 1173 4005 1223 συμ-

2388 1250 2576 1320 ϐουλῇ.
2645 1249 3092 1320 Ἑθορυδήθησαν
3142 1249 3199 1301 δὲ
3230 1248 3280 1301 οἱ
3330 1248 3574 1318 μαθηταὶ
3612 1249 3786 1300 ταῦτα
3822 1249 4000 1300 ἀκού-

2390 1359 2614 1408 σαντες·
2649 1343 2744 1396 καὶ
2800 1341 2958 1394 τοῦτο
3004 1342 3345 1412 πλατύτερον
3380 1341 3606 1410 μαθήσῃ
3658 1345 3715 1392 ὲν
3743 1339 3821 1408 τῷ
3849 1343 4004 1392 κατὰ

2402 1433 2672 1503 Ἰωάννην.
2709 1433 2821 1485 Νῦν
2847 1433 2902 1486 δὲ
2937 1434 2999 1485 ού
3036 1433 3169 1503 περὶ
3208 1433 3308 1500 τῆς
3349 1433 3604 1493 ὑπονοίας
3634 1432 3735 1500 τῆς
3791 1432 4003 1500 προδο-

2391 1523 2514 1587 σίας
2545 1522 2902 1594 θορυϐοῦνται
2932 1524 3118 1592 μόνον,
3156 1521 3272 1576 ἀλλ’
3304 1525 3370 1575 ἐκ
3409 1522 3599 1575 τούτου
3631 1521 3722 1573 τοῦ
3754 1521 4002 1589 θορύϐου

2391 1619 2485 1672 καὶ
2519 1619 2597 1678 είς
2631 1618 2747 1689 ἔριν
2776 1617 3049 1687 ἔρχονται,
3083 1615 3520 1684 φιλονεικοῦντες
3575 1616 3653 1675 τίς
3681 1614 3864 1666 αὐτῶν
3905 1615 4003 1684 εἴη

2392 1710 2616 1781 μείζων.
2654 1709 2945 1762 Ἐνέπεσον
2973 1709 3027 1761 δὲ
3054 1711 3132 1772 εἰς
3151 1707 3357 1777 ταύτην
3387 1707 3484 1776 τὴν
3512 1708 3628 1776 ἔριν
3652 1705 4003 1769 ἀκολούθως.

2403 1803 2557 1872 Ἐπεὶ
2618 1802 2726 1872 γὰρ
2761 1801 2898 1871 πρὸς
2937 1801 3204 1871 ἀλλήλους
3266 1800 3414 1862 εἰκὸς
3462 1793 3529 1868 ἦν
3561 1798 3758 1865 λέγειν,
3805 1799 3891 1850 ὅτι
3923 1797 4003 1850 Συ

3879 1890 4001 1942 Σύ·

2383 1991 2446 2042 ἐκ
2507 1988 2698 2043 τούτου
2758 1987 3119 2060 προήχθησαν
3152 1988 3234 2047 είς
3295 1987 3352 2037 τὸ
3401 1985 3616 2052 λέγειν·
3694 1985 3837 2052 Ἐγώ
3869 1985 4004 2053 alyn.

2383 2085 2670 2155 κρείττων,
2697 2086 2812 2148 καὶ,
2857 2085 2999 2152 Ἐγώ
3025 2087 3139 2153 εἰμι
3169 2083 3394 2153 μείζων,
3425 2083 3518 2134 καὶ
3553 2082 3621 2134 τά
3644 2081 3894 2135 τοιαῦτα.
3933 2082 4005 2132 Τί

2381 2175 2475 2232 οὖν
2502 2182 2528 2232 ὁ
2552 2180 2790 2250 Κύριος;
2819 2178 3191 2233 Καταστέλλει
3221 2177 3312 2230 τὸν
3342 2176 3573 2246 θόρυϐον
3605 2176 3814 2226 τούτων
3837 2175 4007 2227 δυσὶν

2384 2271 2804 2340 ὑποδείγμασιν,
2843 2272 2922 2323 ἑνὶ
2957 2272 3055 2340 μὲν
3102 2271 3182 2340 τῷ
3206 2268 3609 2330 τῶνέθνικῶν,
3657 2266 3750 2328 οῦς
3803 2266 4007 2335 βδελυ-

2384 2364 2547 2425 κτοὺς
2567 2358 2730 2431 εἶκον,
2759 2362 3021 2414 δεικνύων
3047 2361 3128 2412 ὅτι
3161 2360 3376 2420 τούτοις
3404 2358 3641 2421 ἐοικότες
3674 2358 3921 2421 ἔσονται,
3953 2358 4007 2408 εί

2382 2454 2608 2507 τοιαῦτα
2644 2453 2934 2524 φρονοῦσιν
2961 2471 2972 2482 ’
3005 2454 3180 2523 ἑτέρῳ
3221 2453 3274 2505 δὲ
3302 2452 3380 2524 τῷ
3416 2452 3643 2517 ἑαυτοῦ·
3680 2452 3745 2504 δι’
3790 2451 4005 2504 ἑαυτοῦ

2383 2547 2490 2615 γὰρ
2527 2546 2604 2607 είς
2628 2543 3137 2613 ταπεινοφροσύνην
3169 2544 3316 2609 ἄγει,
3341 2542 3556 2604 δεικνὺς
3591 2541 3783 2593 ἑαυτὸν
3813 2541 4006 2593 διακο-

2382 2639 2577 2690 νοῦντα
2638 2637 2844 2698 αὐτοῖς.
2885 2637 2992 2689 Καὶ
3048 2635 3157 2704 γὰρ
3188 2635 3254 2704 δὴ
3286 2635 3428 2696 τότε,
3461 2633 3603 2686 καθά
3629 2634 3867 2701 εἴρηται,
3903 2636 4005 2685 τὸν

2382 2730 2546 2800 ἄρτον
2565 2730 2750 2792 αὐτοῖς
2783 2729 2877 2780 καὶ
2911 2727 2971 2780 τὸ
2998 2729 3262 2796 ποτήριον
3292 2727 3581 2795 διένειμεν.
3626 2725 3780 2777 Ἐπεὶ
3807 2728 4005 2778 τοίνυν

2384 2821 2495 2888 ἐγὼ
2527 2822 2554 2873 ὁ
2606 2821 2710 2873 ὑπὸ
2767 2823 2949 2886 πάσης
3004 2820 3306 2888 ἀγγελικῆς
3363 2819 3453 2870 καὶ
3502 2819 3728 2888 λογικῆς
3773 2821 4004 2886 φύσεως

2385 2914 2887 2985 προσκυνούμενος,
2927 2915 2984 2962 ἐν
3015 2913 3167 2982 μέσῳ
3200 2911 3356 2981 ὑμῶν
3395 2912 3652 2975 διακονῶ,
3685 2915 3803 2975 πιῖνς
3834 2913 4006 2981 ὑμεῖς

2387 3005 2526 3071 dedit
2549 3007 2672 3058 ἐστε
2697 3005 3148 3074 μεγαλοφρονεῖν,
3172 3004 3415 3073 καὶπερὶ
3441 3005 3728 3074 πρωτείων
3757 3005 4002 3074 ὲρίζεινς

2387 3096 2627 3149 Δοκεῖδὲ
2663 3111 2754 3166 μοι
2791 3094 2926 3166 μηδέ
2957 3095 3251 3164 παρέργως
3298 3093 3443 3147 οὕτω
3484 3093 3862 3164 μνημονεῦσαι
3896 3099 4002 3165 τῆς

2388 3187 2727 3250 ἀνακλίσεως
2755 3187 2962 3257 ταύτης
3010 3186 3229 3256 καὶτῆς
3258 3185 3557 3250 διακονίας,
3617 3186 3734 3240 ἀλλ’
3793 3190 3999 3257 ἀναμι-

2390 3284 2646 3352 μνήσκων
2675 3281 2895 3343 αὐτοὺς,
2929 3282 3010 3334 ὅτι
3037 3281 3102 3338 Ei
3156 3279 3217 3343 ἐξ
3256 3281 3375 3342 ἐνὸς
3408 3281 3576 3350 ἄρτου
3606 3281 3872 3349 ἐφάγετε,
3903 3281 4001 3334 καὶ

2385 3373 2444 3438 ἐξ
2469 3373 2588 3435 ἑνὸς
2616 3373 2877 3444 ποτηρίου
2912 3373 3123 3437 ἐπίετε,
3154 3372 3342 3441 φίλους
3379 3375 3521 3442 ὑμᾶς
3547 3379 3640 3426 καὶ
3672 3375 4000 3442 ἡνωμένους

2386 3473 2419 3542 ή
2451 3471 2550 3541 μία
2581 3471 2830 3540 τράπεζα
2886 3473 3053 3538 ποιεῖ;
3107 3471 3252 3523 διατί
3284 3471 3461 3523 τοίνυν
3489 3471 3726 3535 ἀναξίως
3783 3473 3998 3526 τούτων

2385 3566 2633 3634 φρονεῖτε
2658 3579 2672 3627 ;
2715 3562 2856 3616 Ἀλλ’
2874 3563 2982 3616 οὐδ’
3015 3562 3127 3632 ἐγὼ
3148 3564 3325 3634 τούτῳ
3347 3565 3445 3634 μὲν
3471 3564 3800 3634 διηκόνησα,
3819 3565 3998 3637 τούτῳ

2383 3659 2430 3711 δ’
2455 3657 2539 3723 οὓ,
2571 3658 2706 3711 ἀλλὰ
2735 3659 2907 3711 πᾶσιν
2939 3657 3068 3727 ὑμῖν
3099 3658 3296 3729 ἐπίσης
3357 3659 3558 3721 πάντες
3602 3654 3696 3711 οὖν
3727 3659 3787 3711 ἐν
3821 3661 3916 3712 καὶ
3942 3661 3999 3712 τὸ

2385 3753 2518 3805 αὐτὸ
2564 3753 2830 3825 φρονεῖτε.
2864 3752 2936 3805 Σὺ
2967 3753 3025 3806 δέ
3060 3769 3149 3820 μοι
3182 3755 3246 3806 ἐκ
3279 3751 3740 3819 πάντωνγτούτων
3799 3754 3996 3818 ἐννόει,

2385 3844 2502 3908 πῶς
2531 3844 2742 3907 ἀτελεῖς
2767 3840 2908 3915 ἦσαν
2936 3845 3015 3896 ἔτι
3042 3846 3090 3897 οί
3121 3845 3361 3916 μαθηταί
3389 3862 3402 3877 ο
3434 3845 3550 3900 ἀλλ’
3583 3847 3660 3898 [δε
3688 3845 3811 3907 πῶς
3839 3847 3998 3899 ὓστε-

2390 3955 2480 4008 ρον
2513 3937 2785 4008 ἐλκμψαν.
2832 3938 3321 4009 Ἐντρεπέσθωσαν
3360 3939 3659 4009 Μανιχαίοι
3706 3939 3992 4007 λέγοντες,

2385 4033 2466 4083 ὅτι
2501 4033 2566 4084 ἐκ
2591 4031 2806 4099 φύσεώς
2845 4031 2953 4083 εἰσί
2983 4048 3129 4093 τινες
3170 4031 3429 4101 ἀμαθεῖς,
3469 4033 3564 4084 xui.
3590 4033 3859 4085 ἀδύνατον
3899 4050 3994 4102 μεο

2385 4125 2683 4192 τατεθῆναι
2717 4127 2961 4188 τούτους.

2463 4237 2504 4276 ι,
2530 4218 2719 4288 Ὑμεῖς
2752 4218 2807 4270 δέ
2839 4220 2962 4270 ἐστε
2990 4221 3040 4271 οι
3089 4219 3561 4290 διαμεμενηκότες
3601 4217 3724 4288 μετ’
3760 4217 3904 4289 ἐμοῦ
3941 4219 3999 4271 ἐν

2383 4310 2498 4371 τοῖς
2529 4310 2860 4378 πειρασμοῖς
2899 4325 3023 4377 μου,
3071 4308 3232 4377 κάγὼ
3272 4309 3585 4378 διατίθεμαι
3616 4309 3770 4378 ὑμῖν,
3809 4310 3998 4371 καθὼς

2384 4400 2590 4452 διέθετό
2614 4416 2702 4469 μοι
2738 4400 2766 4452 ὁ
2789 4400 2983 4470 Πατήρ
3015 4417 3117 4470 μου
3161 4400 3466 4471 βασιλείαν,
3505 4403 3591 4454 ῖνα
3620 4403 3850 4471 ἐσθίητε
3905 4406 4001 4454 καὶ

2387 4494 2580 4562 πίνητε
2613 4494 2709 4546 ἐπὶ
2767 4493 2867 4562 τῆς
2918 4495 3205 4563 τραπέζης
3244 4511 3368 4564 μου,
3401 4495 3493 4546 καὶ
3521 4494 3854 4563 -καθέζησθε
3907 4497 4000 4548 ἐπὶ

699 4608 838 4655 meo,
893 4586 952 4645 ét
985 4585 1221 4643 sedcatis
1268 4598 1431 4654 super
1471 4580 1714 4643 thronos,
1747 4577 2058 4649 iudicantes
2080 4574 2281 4628 duode-

2389 4588 2597 4660 θρόνων
2638 4590 2921 4658 κρίνοντες
2971 4589 3073 4650 τὰς
3102 4588 3317 4641 δώδεκα
3357 4587 3530 4656 φυλάς
3591 4588 3688 4640 τοῦ
3751 4590 3995 4660 Ἰσραήλ.

689 4688 794 4741 cint
866 4685 1037 4736 tri,»
1086 4677 1275 4734 Israel.
1340 4677 1430 4729 Ait
1476 4685 1653 4727 autem
1715 4670 2016 4725 Dominus:
2066 4666 2275 4732 Simon,

691 4780 903 4841 Simon,
954 4789 1101 4836 ecce,
1162 4771 1391 4826 Satanas
1447 4767 1703 4836 expetivit
1762 4779 1877 4828 vos,
1921 4771 1976 4816 ut
2014 4763 2280 4816 eribraret

691 4876 832 4928 sicut
881 4871 1119 4922 triticum
1157 4865 1287 4918 :sed
1338 4875 1438 4929 ego
1498 4861 1678 4928 rogavi
1723 4873 1820 4925 pro
1855 4868 1927 4921 te,
1970 4872 2036 4910 ne
2063 4856 2280 4910 deﬁciat

692 4965 823 5020 (ides
869 4971 981 5016 tua.
1013 4957 1078 5011 Et
1105 4970 1159 5011 tu
1193 4953 1483 5024 aliquando
1524 4944 1819 5005 conversus
1871 4950 2131 5003 conﬁrma
2169 4945 2310 4999 frae-

691 5071 800 5115 tres
842 5066 984 5111 tuos.
1017 5055 1088 5105 At
1119 5051 1206 5104 ille
1247 5047 1385 5102 dixit
1414 5045 1464 5100 ei
1495 5061 1508 5098 :
1541 5042 1790 5107 Domine,
1833 5051 2009 5095 tecum
2056 5048 2279 5108 paratus

688 5171 806 5210 sum
842 5163 898 5206 et
928 5151 982 5205 in
1018 5160 1291 5204 carcerem
1319 5151 1374 5199 et
1404 5142 1455 5195 in
1494 5151 1722 5194 mortem
1751 5140 1846 5190 ire.
1881 5135 1948 5189 At
1978 5135 2068 5190 ille
2099 5134 2233 5187 dixit
2261 5151 2274 5187 :

688 5249 819 5304 Dico
849 5247 966 5310 tibi,
1017 5243 1192 5305 Petra,
1231 5254 1335 5293 non
1366 5245 1524 5290 canet
1554 5233 1711 5288 hodie
1741 5230 1914 5301 gallus
1960 5229 2276 5299 priusquam

688 5351 771 5398 ter
820 5341 1057 5408 abneges
1099 5345 1256 5388 nosse
1291 5343 1396 5384 me.
1445 5347 1463 5380 ι
1499 5325 1788 5395 Postquam
1853 5323 1988 5378 dixit
2030 5322 2277 5378 traditori

687 5450 789 5497 Va},
821 5445 872 5485 et
912 5433 964 5484 in
997 5428 1168 5481 medio
1198 5423 1384 5479 docuit
1411 5435 1504 5476 eos
1538 5419 1769 5474 humiles
1820 5433 1940 5473 esse
1965 5435 1977 5470 :
2005 5418 2143 5471 sicut
2169 5429 2280 5470 tra-

688 5527 847 5582 duori
904 5538 981 5575 va:
1017 5516 1362 5589 adjudicavit,
1420 5514 1492 5568 ila
1542 5527 1571 5566 e
1626 5514 1859 5576 diverso,
1911 5509 2085 5581 inquit
2127 5506 2281 5560 :V'os

687 5621 821 5676 estis
848 5618 936 5686 qui
965 5612 1238 5668 mansistis
1265 5623 1474 5664 mecum
1501 5608 1552 5660 in
1575 5607 1957 5660 tentationibus
1984 5607 2138 5666 meis,
2161 5603 2282 5656 ideo

687 5726 742 5768 et
792 5709 1100 5765 mercedem
1145 5706 1294 5759 vobis
1324 5703 1580 5772 dispono,
1620 5703 1722 5753 hoc
1756 5708 1859 5766 est,
1902 5702 2148 5767 paciscor
2183 5711 2281 5751 vo-

687 5810 895 5865 biscum
939 5816 1016 5870 ut,
1076 5817 1199 5856 cum
1247 5799 1403 5853 Pater
1435 5811 1586 5854 meus
1635 5795 1966 5865 ᾱίειιοευοεὶι
1997 5795 2150 5860 mihi,
2180 5796 2282 5850 hoc

685 5910 788 5966 est,
841 5895 1208 5969 segregarerit
1267 5891 1396 5947 mihi
1454 5903 1723 5959 regnum,
1769 5888 1944 5944 edatis
1998 5901 2050 5943 et
2083 5889 2280 5942 bibatis

2389 4676 2524 4732 Εἷπε
2549 4679 2604 4731 δὲ
2655 4680 2682 4730 ό
2736 4681 2979 4749 Κύριος·
3014 4679 3220 4748 Σίμων,
3252 4681 3458 4750 Σίμων,
3507 4681 3618 4735 ίδοὺ
3665 4684 3690 4736 5
3745 4683 3998 4747 Σατανᾶς

2388 4767 2690 4841 ἐξῃτήσατο
2718 4769 2862 4838 ὑμᾶς
2893 4767 2987 4822 τοῦ
3033 4771 3287 4824 συνιάσαι
3327 4770 3401 4833 ὡς
3447 4771 3540 4825 τὸν
3575 4775 3723 4825 σῖτον
3746 4790 3760 4803 ο
3793 4777 3907 4844 ἐγὼ
3942 4777 3996 4829 δὲ

2388 4863 2617 4934 ἐδεήθην
2653 4863 2783 4934 περὶ
2824 4862 2946 4928 σοῦ,
2972 4863 3060 4915 ἴνα
3088 4865 3163 4935 μὴ
3200 4865 3429 4936 ἐκλείπῃ
3463 4867 3494 4935 ἡ
3525 4866 3709 4930 πίστις
3738 4886 3860 4925 σου.
3892 4872 3998 4923 Καὶ

2390 4958 2455 5011 σύ
2489 4973 2619 5010 ποτε
2649 4956 3010 5027 ἐπιστρέψας,
3031 4957 3384 5028 ἐπιστήριξον
3408 4961 3538 5022 τοὺς
3567 4961 3843 5028 ἀδελφούς
3880 4980 3994 5018 σου,

2399 5051 2457 5104 '0
2481 5050 2536 5103 δὲ
2567 5045 2722 5102 εἶπεν
2749 5048 2900 5118 αὑτῷ
2922 5062 2937 5078 ·
2973 5047 3168 5121 Κύριε,
3207 5053 3348 5120 μετὰ
3371 5052 3468 5106 σοῦ
3497 5053 3715 5124 ἕτοιμός
3749 5060 3871 5128 εἰμι
3904 5059 3998 5111 καὶ

2387 5147 2467 5206 εἰς
2502 5142 2752 5213 φυλακὴν
2781 5143 2878 5197 καὶ
2901 5144 2981 5206 είς
3004 5142 3238 5196 θάνατον
3270 5145 3627 5216 πορεύεσθαι.
3667 5147 3728 5201 Ὀ
3761 5150 3820 5202 δὲ
3850 5147 3993 5203 εἷπε·

2388 5237 2548 5305 Λέγω
2576 5254 2678 5303 σοι,
2719 5235 2917 5307 Πέτρε,
2955 5236 3018 5288 οὐ
3058 5236 3134 5308 μὴ
3163 5239 3407 5308 φωνήσει
3437 5239 3682 5311 σήμερον
3716 5240 3994 5311 ἀλέκτωρ,

2389 5327 2580 5400 πρὶνῆ
2638 5333 2758 5399 τρὶς
2812 5331 3110 5399 ἀπαρνήσῃ
3174 5329 3251 5400 μὴ
3304 5329 3503 5383 εἰδέναι
3564 5348 3653 5399 με.
3687 5350 3707 5381 ι
3777 5333 3996 5405 Ἐπειδή

2391 5419 2564 5487 εἶπεν,
2597 5425 2678 5475 ὅτι
2714 5423 2804 5492 Τῷ
2849 5422 3201 5494 παραδιδόντι
3233 5441 3299 5493 με
3322 5425 3466 5488 οὐαὶ,
3517 5429 3609 5477 καὶ
3641 5428 3812 5498 ἐντῷ
3853 5429 3998 5498 μέσῳ

2389 5511 2628 5576 ἐδίδαξεν
2676 5511 2899 5578 αὐτοὺς,
2947 5512 3030 5565 ὅτι
3077 5511 3159 5563 δεῖ
3200 5517 3620 5583 μετριοφρονεῖν
3645 5531 3659 5544 ο
3698 5513 3899 5584 ὥσπερ
3927 5516 3996 5584 τῷ

2391 5607 2740 5678 παραδιδόντι
2769 5606 2832 5659 τὸ
2866 5606 2989 5660 οὐαὶ
3015 5608 3585 5678 προσαπεκλήρωσεν,
3611 5609 3795 5673 οὕτως
3815 5612 3995 5670 αὐτοῖς

2395 5704 2458 5756 ἐκ
2491 5700 2585 5754 τοῦ
2614 5701 2859 5755 ἐναντίου
2889 5703 3077 5773 φησὶν,
3115 5704 3198 5754 ὅτι
3248 5703 3442 5772 Ὑμεῖς
3468 5703 3526 5757 δέ
3557 5705 3685 5756 ἐστε
3725 5705 3779 5756 oi
3823 5721 3997 5772 παραο

2393 5795 2768 5868 μεμενηκότες
2800 5795 2918 5865 μετ’
2948 5795 3084 5867 ἐμοῦ
3116 5799 3174 5850 ἐν
3202 5799 3315 5860 τοῖς
3349 5801 3685 5869 πειρασμοῖς
3747 5817 3854 5869 μου
3878 5816 3891 5828 ·
3921 5797 3994 5848 διδ

2391 5888 2748 5963 καίάμοιᾰάς
2781 5890 2912 5960 ὑμῖν
2959 5889 3308 5960 διατίθεμαι,
3368 5895 3643 5959 τουτέστι,
3709 5893 3917 5963 Σνμ-ςω
3949 5888 3988 5942 ὦ
