4228 6428
244 421 385 488 1073

958 417 1412 478 ENAllRATlO
1461 418 1537 477 ΙΝ
1582 413 2096 480 EVANGEIJUM
2136 414 2373 477 LUCE.
2418 439 2488 448 -
2528 415 2690 475 CAP.
2719 412 2915 474 XXII.

3429 407 3571 473 1074

233 533 375 604 πρὸς
403 533 571 603 ὑμᾶς,
602 531 691 584 ἵνα
725 529 846 582 ἐπεὶ
869 529 897 580 ὁ
931 530 1121 599 Πατήρ
1160 519 1261 599 μόυ
1289 529 1496 582 διέθετὸ
1533 548 1643 598 μοι,
1680 529 1850 598 ᾕγουν

1962 543 2122 594 super
2175 543 2417 581 mensam
2473 541 2671 582 meam.
2720 524 3020 580 Cotnedere
3075 533 3256 578 autem
3301 532 3352 576 et
3385 523 3574 577 bibere

231 625 485 695 ἀφώρισέ
534 641 624 693 μοι
678 622 981 693 βασιλείαν,
1013 622 1234 692 ἐσθίητε
1268 625 1360 676 καὶ
1395 624 1585 691 πίνητε
1617 625 1710 677 ἐπὶ
1745 624 1842 690 τῆς

234 720 524 792 τραπέζης
557 736 682 788 μου.
747 719 821 770 Τὸ
870 718 926 771 δὲ
956 718 1160 770 ἐσθίειν
1189 719 1280 772 καὶ
1329 719 1506 770 πίνειν
1537 716 1711 781 εἶπεν,
1745 719 1844 788 οὐχ

231 814 313 876 ὡς
346 813 664 881 ἐδεσμάτων
719 813 899 865 ἐκεῖσε
963 812 1263 880 ἐσομένων,
1306 813 1428 866 οὐδὲ
1463 811 1540 876 ὡς
1574 811 1842 882 αἰσθητῆς

231 906 404 976 ούσης
440 905 536 974 τῆς
576 905 852 975 βασιλείας
901 905 1091 959 αὐτοῦ.
1127 907 1300 969 Αὐτός
1345 923 1404 958 τε
1460 907 1569 974 γὰρ
1600 906 1843 973 ἐδίδαξεν

231 993 318 1062 οἷς
352 999 643 1069 πρὸς,τοὺ;
674 999 1067 1063 Σαδδουκαίους
1096 995 1274 1063 εἶπεν,
1297 1000 1374 1063 ὼς
1393 1000 1662 1069 ἀγγελική
1694 1001 1844 1052 ἐστιν

233 1095 270 1163 ἡ
294 1094 476 1147 ἐκεῖσε
510 1093 780 1164 διαγωγὴ,
817 1095 911 1146 καὶ
945 1097 972 1147 ὁ
1001 1094 1216 1158 Παῦλος
1244 1095 1301 1148 δὲ
1335 1094 1582 1148 διδάσκει
1610 1094 1709 1166 τὴν
1743 1094 1842 1165 βα-

233 1185 449 1238 σιλείαν
473 1187 566 1240 τοῦ
597 1186 732 1240 Θεοῦ
763 1189 839 1258 μὴ
863 1184 1003 1242 εἶναι
1040 1190 1247 1258 βρῶσιν
1283 1191 1379 1243 καὶ
1413 1191 1595 1246 πόσιν.
1637 1192 1727 1260 Μή
1759 1207 1844 1253 τις

231 1275 332 1332 οὖν
367 1279 666 1335 πλανάσθω
720 1282 936 1336 ἁκούων
994 1283 1234 1338 ἐνταῦθα
1282 1285 1363 1348 τὸ,
1411 1304 1428 1335 ‹
1469 1285 1589 1339 Ἵνα
1618 1285 1841 1353 ἐσθίητε

233 1372 332 1424 καὶ
359 1372 552 1443 πίνητε
591 1373 686 1426 ἐπὶ
711 1375 810 1444 τῆς
838 1367 1125 1445 τραπέζης
1163 1394 1264 1445 μου
1286 1394 1299 1407 ο
1343 1395 1362 1428 ι
1386 1376 1524 1431 ἀλλὰ
1546 1377 1736 1431 νοείτω
1759 1378 1842 1431 ὅτι

231 1463 300 1516 ἐκ
328 1468 641 1534 μεταφορᾶς
696 1467 806 1520 τῶν
833 1470 988 1540 παρὰ
1014 1471 1130 1529 τοῖς
1175 1469 1271 1524 τοῦ
1316 1472 1524 1541 κόσμου
1557 1471 1840 1542 βασιλεῦσι

230 1559 565 1625 τιμωμένων
595 1561 754 1614 τοῦτο
777 1561 1014 1632 εἴρηται.
1050 1565 1114 1617 υἱ
1140 1564 1249 1635 γάρ
1280 1565 1590 1621 σύνδειπνοι
1619 1567 1715 1622 τοῦ
1747 1568 1841 1638 βα-

234 1653 432 1716 σιλέως
447 1655 666 1708 δοκοῦσι
694 1657 913 1711 πάντων
928 1659 1256 1730 πρωτεύειν.
1281 1661 1455 1714 Τοῦτο
1476 1657 1568 1716 οὖν
1599 1663 1695 1716 καὶ
1713 1665 1842 1734 περὶ

231 1747 346 1801 τῶν
361 1749 677 1803 ἀποστόλων
714 1753 902 1822 φησὶν,
923 1755 1006 1806 ὅτι
1029 1755 1250 1808 πάντων
1278 1757 1664 1830 προτιμότεροι
1689 1757 1813 1812 εσον
1828 1784 1844 1803 ι

232 1855 328 1890 ται
362 1841 493 1911 παρ’
524 1842 698 1913 αὐτῷ.
748 1843 902 1898 Ἐπεὶ
929 1846 1026 1900 καὶ
1057 1847 1264 1919 θρόνων
1291 1851 1564 1921 καθέδρας
1596 1854 1835 1917 ἀκούων,

1957 619 2114 682 dixit,
2147 636 2252 675 non
2275 623 2430 690 quasi
2484 621 2664 675 edulia
2700 619 2808 674 illic
2838 619 2947 673 sint
2977 618 3174 687 posita,
3207 631 3382 682 neque
3416 618 3571 686 quasi

1957 713 2215 770 sensibile
2272 713 2547 784 quoddam
2608 728 2833 784 regnum
2889 712 2981 767 sil.
3019 711 3138 781 Ipse
3166 712 3312 764 enim
3365 727 3463 779 per
3507 727 3569 765 ea

1955 823 2076 876 qtae
2105 807 2423 866 Saddncfeis
2448 808 2660 864 loeutus
2696 818 2803 874 est,
2846 809 3001 864 docet
3031 794 3176 878 quod
3221 810 3570 862 conversatio

1955 916 2076 969 qua:
2113 901 2242 968 illic,
2286 903 2533 973 angelica
2574 903 2665 967 sit,
2700 914 2754 956 et
2781 902 2988 957 Paulus
3019 902 3177 956 docet
3215 916 3440 971 regnum
3475 900 3566 954 lici

1957 1009 2063 1056 ι·οη
2099 1009 2219 1048 esse
2244 995 2424 1049 rihum
2455 1007 2508 1050 et
2540 1006 2725 1066 potum
2758 997 2823 1054 ".
2851 996 2927 1052 Ne
2955 997 3076 1066 quis
3112 997 3273 1068 igitur
3303 1008 3451 1051 erret
3477 1013 3570 1047 au-

1955 1089 2110 1143 diens
2141 1090 2248 1153 hic,
2285 1109 2301 1139 ι
2347 1091 2531 1145 Edatis
2553 1100 2605 1143 et
2628 1091 2826 1145 bibatis
2845 1105 3011 1159 super
3035 1104 3277 1144 mensam
3306 1105 3507 1153 meant,
3546 1109 3562 1138 ι

1955 1184 2047 1236 sed
2080 1185 2278 1252 cogitet
2313 1185 2456 1251 quod
2513 1185 2716 1237 dictum
2766 1186 2837 1239 sit
2889 1199 2954 1238 ex
3001 1185 3320 1252 metaphora
3375 1200 3566 1238 eorum

1954 1276 2044 1343 qui
2104 1289 2133 1328 a
2193 1275 2409 1344 regibus
2466 1276 2824 1329 honorantur.
2878 1273 3013 1328 Nam
3047 1275 3139 1343 qui
3184 1291 3304 1329 cum
3353 1277 3571 1343 regibus

1954 1378 2194 1426 etenant.
2227 1369 2481 1422 videntur
2506 1370 2711 1436 primos
2747 1368 2982 1421 honores
3015 1367 3224 1422 sortiri.
3257 1364 3372 1420 llnc
3410 1366 3572 1435 igitur

1954 1471 2007 1518 et
2067 1462 2135 1518 de
2205 1461 2469 1531 apostolis
2511 1460 2664 1524 dicit,
2711 1460 2855 1529 quod
2906 1462 3050 1530 apud
3085 1476 3142 1515 se
3168 1461 3422 1514 omnibus
3451 1459 3571 1514 aliis

1954 1556 2333 1626 praeferantur.
2377 1557 2445 1609 At
2478 1556 2565 1609 ubi
2600 1557 2827 1609 thronos
2860 1564 2914 1611 et
2939 1556 3103 1610 sedes
3160 1557 3419 1620 mulieris,
3457 1571 3566 1610 non

1955 1655 2180 1709 thronos
2231 1653 2488 1723 intellige,
2550 1656 2645 1708 sed
2700 1654 2929 1723 gloriam
2993 1664 3049 1706 et
3103 1653 3392 1708 honeretn.
3456 1652 3571 1706 Non

1951 1752 2096 1804 enim
2146 1760 2414 1803 creaturae
2469 1758 2550 1802 est
2576 1748 2787 1808 sedere,
2846 1747 2941 1801 sed
2999 1760 3205 1802 sanctae
3257 1746 3571 1809 Trinitatis.

1955 1838 2186 1893 increati
2228 1847 2283 1892 et
2336 1836 2480 1904 regis
2545 1836 2786 1888 omnimn
2825 1835 2916 1889 Dei
2960 1857 2972 1889 :
3031 1849 3300 1892 creaturae
3347 1849 3528 1891 autem
3560 1879 3572 1900 ,

238 1932 316 2001 μὴ
341 1931 565 2002 θρόνους
592 1937 725 2002 νόει,
764 1938 899 1992 ἀλλὰ
937 1915 1106 2011 τιμὴν
1145 1944 1238 1994 καὶ
1271 1915 1688 2008 δόξαν-Οὐδεὶς
1735 1915 1844 2017 γὰρ

1962 1944 2216 2000 tanquam
2295 1928 2539 1991 ancillat,
2593 1938 2675 1983 est
2739 1938 2923 1993 stare,
2980 1929 3144 1998 idque
3210 1929 3575 1999 Corporaliter

234 2024 348 2077 τῶν
378 2027 614 2088 κτιστῶν
637 2030 733 2082 καὶ
760 2032 1031 2103 γενητῶν,
1063 2036 1181 2088 ἐκεῖ
1211 2037 1546 2093 καθεδεῖταιο
1579 2039 1717 2093 ἀλλὰ
1749 2040 1848 2108 τῆς

238 2115 406 2184 ἁγίας
434 2118 688 2190 Τριάδος,
726 2123 822 2176 τοῦ
859 2126 1122 2180 ἀκτίστου
1163 2129 1257 2183 καὶ
1286 2131 1555 2202 βασιλέως
1582 2133 1692 2186 τῶν
1709 2133 1849 2186 ὅλων

237 2207 400 2273 Θεοῦ,
425 2211 593 2284 μόνης
615 2215 735 2268 ἐστὶ
752 2217 812 2269 τὸ
846 2218 1201 2282 καθέζεσθαιο
1254 2225 1356 2294 τῆς
1380 2225 1435 2278 δὲ
1458 2229 1716 2293 κτίσεως,
1774 2228 1850 2290 ὡς

237 2299 458 2371 δοὰλης,
499 2304 561 2358 τὸ
590 2306 863 2364 ἵστασθαι.
902 2313 1010 2364 Καὶ
1040 2313 1215 2367 ταῦτα
1242 2316 1298 2368 δὲ
1335 2319 1669 2388 σωματικῶς
1695 2320 1850 2387 λέγο-

178 2418 183 2422 -
241 2409 366 2464 μεν,
399 2395 461 2450 τὸ
490 2399 763 2470 καθῆσθαι
800 2405 895 2458 καὶ
930 2407 990 2459 τὺ
1026 2407 1302 2465 ἵστασθαι.
1344 2411 1417 2465 Τὸ
1439 2411 1517 2479 δὲ,
1557 2431 1574 2465 t
1617 2412 1848 2486 Kplvov-

237 2505 355 2553 τες,
395 2510 414 2542 ι
452 2495 1178 2570 τουτέστι,κατακρίνοντες
1236 2507 1300 2559 ἐκ
1335 2507 1446 2560 τῶν
1482 2509 1692 2562 δώδεκα
1743 2527 1847 2578 φυο

240 2581 352 2636 λῶν
382 2587 509 2648 τοὺς
556 2588 993 2660 ἀπιστήσαντας.
1031 2597 1107 2649 Οὐ
1161 2599 1336 2671 μικρά
1369 2601 1480 2670 γὰρ
1515 2601 1849 2672 κατάκρισις

238 2678 354 2740 τοῖς
386 2679 446 2743 ἐξ
484 2681 703 2753 Ἰσραὴλ
735 2676 1111 2759 ἀπιστήσασιν
1152 2693 1198 2744 οἱ
1233 2693 1528 2747 ἀπόστολοί
1561 2689 1722 2760 εἰσιν,
1773 2696 1850 2760 ὡς

253 2767 589 2843 Ἰσραηλῖται
643 2779 796 2843 ὄντες
845 2784 939 2835 καὶ
995 2784 1171 2849 αὐτοὶ,
1228 2788 1380 2856 ὅμως
1430 2790 1847 2853 πιστεύσαντες.

255 2865 415 2919 Ἐπεὶ
448 2868 630 2923 τοίνυν
653 2872 733 2942 τῷ
767 2877 865 2944 μὲν
896 2878 1134 2951 προδότῃ
1167 2879 1228 2932 τὸ
1256 2881 1381 2933 οὐαὶ
1419 2882 1692 2949 ἀπέδωκε,
1721 2882 1848 2936 τούν

239 2960 354 3024 τοις
387 2961 444 3014 δὲ
473 2966 588 3025 τοῖς
621 2968 1031 3037 παραμείνασιν
1057 2973 1114 3024 ἐν
1143 2976 1210 3043 τῇ
1248 2972 1386 3043 πρὸς
1414 2973 1580 3026 αὑτὸν
1622 2977 1849 3047 στοργῇ,

241 3051 514 3122 τοσαύτην
547 3057 716 3128 τιμὴν
733 3053 998 3130 προεῖπεν
1022 3062 1268 3128 ἔσεσθαι,
1298 3064 1389 3121 ἵνα
1419 3066 1496 3138 μὴ
1524 3068 1847 3139 ὲπαρθῶσιν

238 3141 318 3204 ὡς
341 3144 486 3212 μέγα
526 3163 578 3199 τι
603 3150 1048 3220 κατορθωκὸτες,
1081 3156 1175 3209 καὶ
1199 3160 1654 3230 παραμείναντες
1695 3162 1752 3213 έν
1782 3163 1846 3230 τῇ

239 3231 432 3305 ἀγάπῃ
488 3237 682 3303 αὑτοῦ,
722 3243 816 3296 καὶ
881 3246 958 3317 μὴ
1008 3249 1327 3320 προδόντες,
1382 3272 1399 3304 ι
1479 3254 1538 3308 '0
1579 3256 1846 3325 Σατανᾶς,

243 3329 435 3421 φησιν,
465 3332 710 3403 ᾐτήσατο
738 3336 884 3407 ὑμᾶς
915 3341 1179 3410 σινιάσαι,
1219 3363 1237 3396 ι
1279 3347 1553 3413 τουτέστι,
1589 3351 1848 3421 ταράξαι,

245 3420 472 3491 βλάψαι,
504 3429 793 3499 πειρᾶσαι”
821 3450 839 3483 ι
892 3433 1036 3488 Ἀλλ’
1067 3435 1179 3504 ἐγὼ
1214 3437 1469 3511 ἐδεήθην.
1515 3461 1533 3494 ι
1562 3420 1849 3515 Μὴγνομί-

245 3532 401 3584 σητε,
439 3521 632 3590 φησὶν,
668 3523 751 3576 ὅτι
783 3525 1054 3600 ὑμέτερόν
1091 3531 1209 3585 ἐστι
1246 3534 1310 3586 τὸ
1367 3537 1479 3589 πᾶν
1512 3538 1850 3608 κατόρθωμα

238 3611 435 3663 τοῦτο·
471 3615 498 3665 ὁ
527 3615 636 3684 γὰρ
685 3617 936 3685 διάϐολος
980 3624 1148 3688 πολὺς
1194 3627 1453 3681 ἐπέκειτο
1486 3629 1669 3700 ζητῶν
1705 3633 1850 3703 ὑμᾶς

243 3704 500 3759 ἐκϐαλεῖν
530 3713 630 3779 τῇς
664 3712 807 3782 ἐμῆς
829 3715 1093 3786 στοργῆς,
1126 3719 1223 3772 καὶ
1248 3721 1519 3792 προδότας
1544 3724 1849 3791 ἀποδεῖξαι.

244 3800 392 3869 Πρὸς
431 3801 486 3854 δὲ
515 3803 609 3857 τὸν
648 3805 858 3877 Πέτρον
915 3809 1089 3864 ταῦτα
1149 3813 1523 3882 ἀποτείνεται,
1559 3816 1696 3872 διότι
1760 3822 1856 3874 καὶ

241 3891 582 3962 θρασύτερος
605 3898 714 3952 τῶν
743 3899 922 3955 ἄλλων
954 3899 1045 3976 ἦν,
1078 3908 1176 3959 καὶ
1219 3911 1370 3975 εἰκὸς
1405 3912 1570 3966 αὐτὸν
1609 3916 1852 3986 μεγαλοο

244 3986 520 4055 φρονῆσαι
548 3989 634 4057 ἐφ’
664 3986 744 4057 οἷς
781 3995 1157 4064 ἐπηγγείλατο
1185 4001 1212 4054 ὀ
1245 4003 1506 4073 Χριστός.
1549 4007 1641 4061 Διὸ
1677 4027 1850 4065 κατα-

244 4078 483 4177 στέλλων
519 4081 709 4147 αὐτὸν,
739 4088 928 4157 φησὶν,
967 4089 1050 4142 ὅτι
1083 4090 1178 4162 Τῷ
1241 4095 1343 4164 μὲν
1405 4099 1625 4171 Σατανᾷ
1682 4103 1855 4177 πολλὴ

245 4173 460 4268 σπρυδη
484 4177 685 4268 γέγονε
723 4181 846 4233 καθ’
884 4184 1040 4253 ὑμῶν
1072 4201 1084 4213 ·
1124 4187 1235 4256 ἐγὼ
1277 4190 1335 4245 δὲ
1369 4193 1668 4266 ᾐτησάμην
1726 4173 1856 4268 περί

243 4261 364 4316 σοῦ.
402 4264 578 4320 Τοῦτο
608 4270 752 4323 κατὰ
776 4273 838 4326 τὺ
865 4275 1213 4346 ἀνθρώπινον
1253 4261 1398 4352 ἔφηζ
1437 4261 1513 4349 ῶς
1699 4261 1852 4357 Θεὸς,

245 4357 300 4409 τί
339 4359 512 4412 ἐδεῖτο
552 4363 648 4416 τοῦ
675 4365 1044 4436 αίτήσασθαι;
1093 4392 1107 4422 ι
1166 4374 1432 4448 Ἐδεήθην
1489 4367 1607 4445 οὖν,
1666 4385 1856 4453 φησὶν,

247 4453 337 4504 ἵνα
373 4455 447 4525 μὴ
466 4455 694 4529 ἐκλείπῃ
726 4460 965 4530 ἠπίστις
998 4481 1115 4519 σου.
1151 4487 1169 4518 ι
1206 4468 1268 4520 Ei
1329 4471 1440 4543 γὰρ
1470 4473 1564 4526 καὶ
1602 4474 1738 4543 πρὸς
1768 4495 1860 4547 μι-

246 4548 382 4616 κρὸν
417 4549 635 4616 μέλλεις
664 4553 1014 4627 σαλευθῆναι,
1073 4561 1191 4614 ἀλλ’
1227 4562 1374 4633 ἔχεις
1443 4569 1858 4640 ὲναποκείμενα

1952 2027 2114 2100 471
2147 2025 2384 2081 dicimus
2413 2025 2606 2079 sedere
2642 2031 2695 2076 et
2720 2033 2891 2078 stare.
2924 2021 3244 2079 ludicantes
3277 2040 3432 2089 vero,
3469 2025 3574 2079 hee

1954 2129 2062 2185 est,
2096 2118 2533 2172 condemnantes
2558 2130 2651 2171 eos
2714 2115 2806 2183 qni
2847 2130 2913 2170 ex
2971 2115 3258 2171 duodecim
3320 2115 3574 2172 tribubus

1956 2223 2088 2268 sunt
2122 2209 2390 2265 increduli
2416 2207 2607 2263 futuri.
2627 2208 2744 2264 Non
2771 2223 2940 2278 parva
2968 2219 3154 2264 autem
3182 2212 3574 2266 condemnatio

1954 2303 2221 2372 Israelitis
2246 2303 2434 2368 fuerit,
2462 2306 2604 2374 quod
2634 2304 2870 2373 apostoli
2905 2304 2999 2374 qui
3031 2306 3199 2360 etiam
3250 2305 3353 2374 ipsi
3383 2322 3451 2361 ex
3495 2307 3574 2362 ls-

1954 2399 2164 2457 raelitis
2218 2409 2378 2456 erant
2407 2402 2784 2466 crediderunt,
2815 2410 2865 2455 et
2899 2400 2994 2456 alii
3037 2415 3143 2455 non
3189 2401 3570 2458 crediderunt.

1954 2498 2146 2567 Itaque
2173 2497 2302 2568 quia
2332 2497 2598 2568 proditori
2629 2512 2709 2551 vae
2761 2497 3142 2566 adjndicatum
3180 2507 3288 2561 est,
3352 2497 3574 2552 illormn

1956 2606 2137 2650 autem
2169 2597 2262 2666 qui
2290 2605 2718 2666 permanserunt
2754 2596 2808 2650 in
2839 2610 3030 2651 amore
3058 2609 3187 2667 erga
3235 2595 3410 2662 illum,
3453 2606 3576 2650 tan-

1961 2696 2072 2740 tum
2104 2687 2362 2757 pmdixit
2392 2686 2509 2743 fore
2542 2689 2830 2754 honorem,
2865 2699 2924 2744 ut
2954 2704 3020 2744 ne
3051 2691 3392 2745 extollantur
3419 2691 3574 2759 quasi

1960 2795 2216 2851 magnum
2245 2781 2508 2851 quiddam
2550 2781 2837 2848 fecissent,
2900 2793 2956 2838 et
3015 2785 3456 2852 permansisscnt
3519 2785 3572 2838 in

1957 2874 2251 2940 charitate,
2294 2889 2360 2930 ac
2417 2891 2523 2931 non
2593 2877 2972 2946 prodidissent
3019 2892 3032 2930 :
3096 2897 3114 2930 ι
3179 2875 3416 2934 Satanas
3456 2896 3574 2942 vos.

1959 2968 2157 3039 inquit,
2217 2970 2413 3041 petivit
2451 2971 2719 3036 crihrare,
2771 2991 2788 3022 ι
2844 2972 2950 3028 hoc
3009 2983 3113 3036 est.
3177 2974 3425 3038 turbare,
3481 2989 3580 3029 n0-

1957 3078 2105 3128 cere,
2153 3073 2407 3130 lentare;
2461 3084 2479 3119 ι
2515 3068 2610 3122 sed
2656 3081 2760 3135 ego
2790 3070 3003 3137 rogavi.
3051 3089 3068 3121 ι
3109 3069 3188 3125 Ne
3242 3071 3570 3127 existimetis

1961 3158 2186 3232 (inquit)
2218 3162 2367 3232 quod
2403 3173 2644 3216 vesn'um
2677 3161 2752 3216 sit
2808 3172 2985 3218 totum
3027 3166 3130 3218 hoc
3161 3165 3365 3219 bonum
3415 3182 3574 3237 opus.

1965 3255 2229 3312 Diabolus
2256 3256 2404 3311 enim
2446 3256 2606 3312 valde
2639 3268 2821 3328 urget,
2854 3259 2898 3315 si
2937 3260 3109 3329 possit
3142 3275 3240 3316 vos
3266 3262 3333 3314 ab
3387 3276 3580 3317 amore

1969 3348 2073 3403 mei
2104 3349 2399 3417 depellere,
2435 3359 2489 3403 et
2521 3350 2820 3406 ostendere
2845 3351 3181 3420 proditores.
3229 3355 3310 3408 Αοι
3352 3353 3578 3409 Petrum

1961 3452 2142 3496 autem
2179 3442 2347 3496 verba
2383 3442 2498 3497 haec
2521 3443 2726 3511 dirigit,
2757 3444 2847 3513 qui
2879 3444 3106 3510 reliquis
3158 3446 3579 3510 audacium-rat,

1958 3543 2012 3586 et
2048 3526 2330 3602 probabile
2361 3543 2446 3587 est
2496 3534 2813 3603 superbisse
2879 3535 2932 3588 in
2993 3535 3060 3589 iis
3107 3551 3228 3602 qua:
3283 3553 3309 3590 a
3354 3536 3582 3593 Christo

1960 3630 2230 3697 promissa
2269 3637 2468 3693 erant;
2505 3628 2710 3682 idcirco
2742 3638 2798 3684 et
2844 3631 3092 3698 reprimit
3138 3647 3287 3697 eum,
3337 3636 3525 3688 dicens
3568 3652 3577 3684 :

1967 3721 2189 3778 Satanae
2220 3723 2442 3792 quidem
2476 3722 2580 3779 fuit
2632 3725 2862 3778 multum
2909 3725 3151 3780 studium
3215 3738 3412 3784 contra
3449 3747 3582 3794 res;

1961 3835 2060 3891 ego
2100 3831 2280 3875 autem
2313 3821 2466 3877 oravi
2512 3837 2607 3892 pro
2643 3831 2712 3877 te.
2758 3823 2827 3878 Et
2870 3824 2975 3880 hoc
3019 3826 3261 3881 humano
3313 3841 3464 3880 more
3509 3830 3588 3882 di-

1963 3915 2116 3968 cchat
2147 3932 2159 3979 ;
2203 3931 2351 3981 nam,
2387 3926 2450 3970 ut
2506 3917 2672 3983 Deus,
2707 3919 2816 3976 'nou
2852 3934 2989 3988 opus
3024 3919 3258 3976 habebat
3292 3937 3453 3975 orare
3486 3923 3587 3976 ali-

1962 4027 2148 4078 quem.
2184 4030 2201 4060 σ
2239 4011 2445 4081 Rogavi
2488 4013 2675 4082 igitur,
2723 4015 2882 4078 dicit,
2924 4025 2984 4071 ut
3033 4031 3138 4070 non
3170 4016 3391 4071 deficiat
3450 4018 3585 4073 ﬁdes

1967 4114 2078 4156 tua.
2124 4123 2140 4154 ι
2176 4104 2442 4171 Quamvis
2477 4107 2624 4160 enim
2682 4107 2836 4161 brevi
2902 4121 3148 4177 tempore
3185 4110 3583 4164 concutiemlns

1964 4200 2059 4257 sis.
2096 4199 2265 4254 habes
2298 4210 2480 4255 tamen
2522 4203 2800 4256 recondila
2832 4203 3043 4257 semina
3073 4203 3222 4271 lidei,
3257 4205 3503 4259 utetiam
3540 4205 3584 4259 si

1964 4291 2089 4345 folia
2122 4291 2386 4361 ahjecerit
2408 4293 2633 4362 spiritus
2657 4293 2993 4359 invadentis,
3016 4295 3168 4349 radix
3199 4305 3383 4351 tamen
3415 4296 3579 4359 vivet.

1964 4396 2017 4440 et
2060 4403 2165 4439 non
2203 4385 2423 4441 deﬁciet
2456 4385 2590 4441 ﬁdes
2644 4398 2756 4441 tua.
2801 4387 2882 4442 Tu
2925 4403 3057 4463 vero
3115 4404 3418 4446 conversus
3447 4407 3583 4446 eon-

1966 4482 2119 4535 ﬁrma
2160 4481 2359 4537 fratres
2402 4491 2546 4538 tuos.
2587 4481 2791 4537 Planus
2824 4482 2986 4554 hujus
3020 4483 3334 4540 intellectus
3364 4484 3410 4540 is
3446 4495 3528 4541 est
3561 4505 3578 4544 :

1966 4574 2101 4643 Quia
2140 4586 2190 4631 te
2218 4575 2392 4631 habeo
2424 4576 2809 4646 utprincipem
2838 4577 3260 4648 discipulorum,
3293 4588 3584 4650 postquam

244 4643 317 4696 τὰ
355 4644 653 4744 σπέρματα
688 4651 787 4720 τῆς
812 4651 1231 4717 πίστεως.τ1(ἂν
1255 4657 1326 4711 τὰ
1362 4659 1540 4728 φύλλα
1571 4663 1764 4735 ἔρριψε
1798 4668 1850 4721 τὲ

1971 4679 2170 4741 negato
2227 4685 2314 4725 me
2387 4669 2602 4726 lleveris
2652 4680 2708 4726 et
2766 4671 2832 4724 ad
2893 4671 3278 4741 penitentiam
3342 4675 3585 4736 veneris,

247 4737 474 4808 πνεῦμα
506 4740 599 4794 τοῦ
635 4744 1062 4814 ὲπηρεάζοντος,
1096 4749 1216 4802 ἀλλ’
1245 4753 1277 4822 ή
1319 4752 1446 4824 ῥίζα
1496 4754 1587 4825 ζῇ,
1617 4759 1713 4810 καὶ.
1757 4759 1859 4814 οὐκ

247 4833 495 4902 ἐκλείψει
544 4837 574 4907 ἡ
613 4837 797 4901 πίστις
836 4856 951 4894 σου.
986 4842 1060 4896 Σὺ
1097 4843 1153 4896 δὲ
1198 4846 1564 4918 ἐπιστρέψας,
1601 4852 1858 4924 στήριξον

248 4930 378 4991 τοὺς
409 4928 677 4994 ἀδελφούς
715 4947 832 4985 σου.
862 4932 937 4988 Τὸ
971 4935 1070 5005 μὲν
1105 4940 1402 5010 πρόχειρον
1439 4944 1654 5012 νοῆσαι,
1709 4947 1856 4999 τοῦτ’

247 5021 422 5083 ἔστιν,
454 5022 536 5075 ὅτι
576 5024 906 5106 Ἐπειδήσε
962 5029 1072 5081 τῶν
1110 5028 1374 5103 μαθητῶν
1430 5036 1664 5108 ἔξαρχον
1722 5039 1856 5110 ἔχω.

255 5115 440 5191 μεθλὸ
467 5117 852 5188 ἀρνησάμενός
878 5139 969 5192 με,
1011 5124 1294 5191 κλαύσεις,
1325 5131 1417 5181 καὶ
1450 5133 1530 5194 εἰς
1559 5132 1857 5199 μετάνοιαν

251 5211 439 5309 ἔλθῃς,
478 5213 733 5284 στήριξον
787 5217 912 5281 τοὺς
946 5218 1196 5283 λοιπούς.
1237 5222 1412 5276 Τοῦτο
1445 5225 1555 5297 γὰρ
1585 5228 1858 5298 προσήκει

253 5307 463 5369 conti);
507 5309 626 5378 μετ’
687 5309 790 5380 ἐμὲ
847 5313 962 5366 bim
999 5315 1097 5384 τῆς
1153 5316 1485 5388 Ἐκκλησίας
1525 5321 1704 5393 πέτρᾳ
1764 5323 1857 5376 καὶ

251 5401 618 5471 στηρίγματι.
645 5405 878 5473 Νοήσειε
912 5409 955 5462 δ’
990 5411 1056 5464 ἂν
1106 5429 1191 5475 τις
1224 5413 1385 5468 τοῦτο
1408 5417 1468 5469 οὑ
1521 5418 1683 5487 μόνον
1728 5420 1860 5485 περὶ

250 5498 367 5549 τῶν
405 5497 528 5551 τότε
554 5500 875 5556 ἀποστόλων
912 5507 1188 5576 εἰρῆσθαι,
1237 5511 1312 5573 ὡς
1350 5510 1417 5564 ἂν
1441 5512 1861 5584 ύποστηριχθῶυ

253 5610 342 5648 σιν
385 5595 492 5647 ὑπὸ
519 5598 613 5650 τού
645 5599 877 5670 Πέτρου,
908 5602 1046 5657 ἀλλὰ
1077 5603 1322 5678 καὶπερὶ
1353 5608 1576 5661 πάντων
1596 5609 1706 5662 τῶν
1731 5610 1860 5680 ἄχρι

248 5689 354 5757 τῆς
379 5691 694 5756 συντελείας
720 5694 815 5748 τοῦ
851 5697 1046 5763 αἰῶνος
1084 5701 1310 5754 πιστῶν.
1337 5702 1408 5755 Σὺ
1440 5703 1571 5775 γὰρ,
1603 5697 1859 5775 ὦΠέτρε,

251 5787 617 5854 ἐπιστρέψας,
667 5792 831 5844 κκὶὸν
863 5795 1171 5864 ὑπόδειγμα
1204 5799 1410 5867 γενήσῃ
1449 5801 1616 5853 πᾶσιν
1653 5801 1729 5863 είς
1762 5817 1862 5868 μευ

336 5973 375 6002 "
407 5973 563 6029 ilum.
617 5993 718 6037 ιιι,
766 5977 840 6024 l7,

1973 4765 2240 4820 conﬁrma
2277 4773 2528 4820 caateros.
2565 4762 2682 4819 Hoc
2729 4764 2878 4820 enim
2918 4773 2973 4820 te
3005 4765 3184 4829 decet,
3219 4765 3312 4835 qui
3346 4776 3469 4836 post
3501 4783 3589 4823 mc

1975 4859 2062 4915 lien
2086 4861 2232 4916 lcsiae
2260 4869 2417 4936 petra
2452 4874 2511 4915 es
2537 4868 2590 4914 et
2632 4860 3062 4915 ﬁrmamentum.
3102 4860 3442 4915 Intellexerit
3495 4877 3592 4916 au-

1976 4966 2081 5006 tem
2124 4953 2247 5023 quis
2275 4969 2381 5009 non
2410 4953 2587 5008 solum
2616 4953 2682 5007 de
2709 4953 2974 5023 apostolis
3005 4955 3152 5009 dictu
3201 4973 3212 5008 I
3257 4958 3403 5026 quod
3459 4974 3595 5012 eon-

1974 5046 2175 5102 ﬁrmati
2211 5044 2416 5101 fuerint
2453 5062 2481 5100 a
2515 5046 2700 5112 Petro,
2736 5049 2832 5103 sed
2871 5050 2938 5102 de
2982 5050 3241 5104 omnibus
3277 5052 3367 5119 qui
3423 5067 3595 5119 uSque

1978 5143 2044 5197 ad
2077 5143 2620 5198 consummationem
2654 5142 2840 5198 sazculi
2870 5142 3041 5199 futuri
3079 5159 3210 5199 sunt
3263 5145 3474 5201 ﬁdeles.
3512 5145 3593 5200 Tu

1975 5238 2144 5302 enim,
2181 5235 2360 5305 Petrc,
2402 5251 2723 5303 conversus,
2783 5239 2982 5292 bonum
3041 5238 3352 5309 exemplum
3412 5243 3592 5311 poeni-

1976 5328 2159 5382 tentia:
2211 5329 2322 5383 eris
2355 5329 2630 5394 omnibus,
2689 5336 2750 5384 ttt
2802 5328 2987 5385 nullus
3021 5331 3366 5386 credentium
3426 5332 3478 5386 in
3541 5343 3592 5387 te

1977 5423 2278 5491 respiciens
2310 5422 2609 5492 desperet:
2646 5423 2738 5492 qui
2798 5441 2920 5479 cum
2983 5426 3264 5496 apostolus
3312 5425 3483 5481 fueris
3537 5438 3592 5480 ιςι

1980 5517 2288 5588 negaveris,
2321 5515 2514 5571 iterum
2574 5529 2754 5572 tamen
2792 5520 3064 5588 receperis
3112 5519 3412 5588 primatum
3469 5534 3594 5573 om-

1980 5610 2152 5675 nium,
2187 5618 2242 5662 ct
2273 5609 2663 5678 prafecturam
2700 5610 2850 5664 orbis
2885 5625 2982 5681 per
3031 5611 3437 5680 paenitentiam.
3485 5608 3593 5665 Ex-

1979 5702 2172 5771 petivit
2220 5702 2406 5772 itaque
2455 5700 2691 5757 Satanas
2722 5703 2972 5759 cribrare
3019 5714 3069 5760 te
3129 5714 3182 5760 et
3219 5704 3414 5761 laedere
3448 5704 3594 5760 sicut

1979 5798 2222 5853 triticum
2291 5813 2487 5866 purmn
2523 5797 2818 5864 injicienda
2850 5799 3231 5862 sordidantis,
3266 5808 3454 5867 utpote
3509 5796 3591 5850 in-
