4228 6428
227 400 250 463 i
262 400 368 466 077

924 402 1377 465 ENARBATIO
1419 405 1498 466 1N
1541 406 2046 468 EVANGELIUM
2090 408 2328 472 LUCIE.
2354 436 2422 445 -
2449 410 2612 472 CAP.
2648 407 2850 472 XXII.

3399 409 3552 475 1078

159 606 163 608 η
226 525 340 584 τοῖς
374 520 453 574 ὅτι
490 518 649 591 μέχρι
684 519 785 588 μὶν
824 519 920 575 νῦν
963 521 1040 586 ὡς
1074 523 1265 579 παιδία
1325 524 1680 591 διεδάσταζε,
1735 528 1834 580 καὶ

1948 528 2042 583 sibi
2070 529 2195 598 ipsi,
2225 529 2319 585 sed
2347 531 2648 586 ostendens
2677 532 2760 587 eis
2797 530 2945 600 quod
2978 546 3152 601 usque
3182 534 3248 586 ad
3284 532 3389 589 hoc
3408 544 3548 588 tem-

226 611 442 673 οὐδενὸς
475 611 674 674 αὐτοὺς
701 610 875 664 ἐποίει
909 614 1244 683 φροντίζειν.
1272 617 1382 669 ἀπὸ
1409 618 1504 671 τοῦ
1528 618 1624 671 νῦν
1646 618 1703 671 δὲ
1725 617 1833 689 χρὴ

231 707 332 759 καὶ
373 705 575 767 αὐτοὺς
608 705 677 757 τὰ
704 703 815 757 τῶν
856 705 1068 774 ἀνδρῶν
1093 711 1312 777 φρονεῖν
1344 709 1441 761 καὶ
1479 709 1831 781 προνοεῖσθαι

230 796 464 850 ἑαυτῶν.
509 795 650 864 Ἐγὼ
678 790 808 868 γάρ,
834 799 1022 866 φησὶν,
1046 800 1074 850 ὁ
1102 799 1287 868 πατὴρ
1310 800 1465 869 ὑμῶν
1485 803 1512 854 ὁ
1533 802 1830 871 κηδόμενος

231 889 336 958 ἥδη
369 887 685 957 ἀπέρχομαι
710 903 722 914 '
751 888 860 940 ἀπὸ
892 888 988 941 τοῦ
1013 887 1110 941 νῦν
1156 890 1451 944 ἐνδύσασθε
1477 894 1613 963 πρὸς
1644 894 1704 946 τὸ
1736 895 1834 948 καὶ

229 979 388 1032 αὐτοὶ
411 976 723 1048 φροντίζειν
750 979 862 1032 τῶν
891 982 1134 1047 οίκειων,
1164 985 1260 1035 καὶ
1284 984 1360 1054 μὴ
1391 984 1571 1039 πάντα
1607 985 1834 1058 θαρρεῖν

230 1070 378 1139 ἐμοί.
412 1071 550 1123 Ούδὲ
571 1070 682 1142 γάρ
723 1072 956 1124 τοιαῦτα
989 1072 1122 1144 ύμῖν
1151 1073 1372 1130 ἔσονται
1394 1078 1464 1131 τά
1496 1078 1831 1149 πράγματα,

237 1163 356 1234 ῥᾴω
384 1179 444 1215 τε
474 1165 568 1216 καὶ
596 1163 795 1226 ἀποκα,
827 1163 967 1218 ἀλλά
999 1166 1094 1218 καὶ
1145 1167 1331 1240 πείνῃ,
1387 1169 1484 1223 καὶ
1533 1169 1685 1244 δίψῃ,
1739 1171 1836 1224 καὶ

232 1257 638 1328 ἀντικειμένοις
668 1258 883 1322 πολλοῖς
916 1262 1326 1328 περιπεσεῖσθε.
1365 1264 1553 1319 Ταῦτα
1595 1266 1706 1337 γὰρ
1745 1267 1834 1319 αί-

235 1349 482 1402 νίττεται
510 1350 597 1403 διὰ
627 1350 721 1402 τοῦ
749 1349 1062 1419 βαλαντίου,
1095 1355 1192 1406 καὶ¹
1231 1355 1331 1424 τῆς
1373 1357 1580 1428 πήρας,
1613 1359 1708 1412 καὶ
1735 1359 1836 1430 τῆς

237 1440 540 1510 μαχαίρας.
574 1440 666 1493 Διὸ
720 1441 1018 1514 ἀνάστητε,
1076 1444 1152 1507 ὡς
1196 1447 1292 1499 καὶ
1328 1450 1705 1519 πεινήσοντες,
1740 1450 1837 1505 καὶ

234 1532 557 1602 δεησόμενοι
611 1531 923 1603 βρωμάτων
961 1552 974 1564 ⁵
1036 1535 1066 1589 δ
1121 1537 1227 1591 διά’
1259 1541 1361 1610 τῆς
1408 1543 1593 1613 πήρας
1664 1545 1838 1597 αἰνίτ-

236 1640 415 1676 τεται.
484 1625 595 1677 Καὶ
657 1626 1004 1694 ἀνδρίζεσθε,
1077 1629 1153 1693 ὼς
1220 1632 1626 1704 ἀντικειμένοις
1704 1639 1834 1689 πολ-

234 1717 350 1781 λοῖς
384 1717 879 1790 περιπεσούμενοιο
919 1722 948 1775 δ
986 1723 1074 1778 διὰ
1116 1724 1216 1795 τῆς
1277 1728 1556 1800 μαχαίρας
1609 1732 1815 1801 ἐμφαί-

239 1827 341 1864 νει.
367 1810 552 1865 Ταῦτα
586 1812 642 1866 δὲ
671 1814 840 1882 λέγει,
873 1817 973 1886 οὐχ
1006 1818 1093 1872 ἵνα
1126 1819 1350 1884 πάντως
1385 1824 1665 1894 μαχαίρας
1716 1828 1808 1878 ἐπι

240 1901 537 1975 σύρωνται,
565 1904 706 1969 ἀλλ’,
742 1907 816 1970 ὼς
851 1909 1010 1978 ἔφην,
1040 1913 1167 1974 τοὺς
1214 1913 1490 1984 πολέμους
1524 1918 1839 1990 αίνιττόμε-
1872 1896 1914 1950 Β

237 2013 331 2059 νος
364 1997 459 2050 καὶ
489 1998 618 2062 τοὺς
648 1999 953 2066 κινδύνους,
991 2007 1080 2056 καὶ
1109 2005 1246 2077 πρὸς
1280 2009 1458 2062 πάντα
1486 2029 1841 2083 παρεσκευα-

239 2088 472 2157 σμένους
507 2087 649 2144 εἷναι
685 2094 1108 2164 εἰσηγούμενος.
1144 2097 1264 2152 Ἰνα
1293 2101 1403 2172 γὰρ
1437 2104 1512 2173 μὴ
1540 2105 1841 2174 νομίσωσιν

236 2182 287 2233 ot
325 2183 645 2251 μετέπειτα,
674 2185 756 2238 ὅτι
782 2185 937 2241 οὐδὲν
967 2191 1100 2257 παρ’
1125 2191 1338 2247 ἑαυτῶν
1361 2197 1409 2247 οί
1443 2197 1734 2253 ἀπόστολοι
1761 2203 1841 2265 είς

235 2271 340 2341 τὴν
383 2274 590 2346 ἀρετὴν
644 2280 1096 2350 συνεισήνεγκαν,
1135 2284 1274 2338 ἀλλά
1306 2287 1368 2338 τὺ
1404 2291 1514 2342 πᾶν
1555 2290 1653 2344 τοῦ
1701 2292 1840 2346 Θεοῦ

236 2359 331 2433 ἦν,
389 2365 467 2418 Ού
521 2365 705 2432 τοῦτο,
768 2371 955 2438 φησὶν,
1010 2371 1164 2427 ἔσται
1219 2375 1417 2440 οὕτως.
1451 2379 1590 2433 Οὐδὲ
1615 2381 1725 2454 γάρ
1765 2383 1841 2448 ὡς

236 2454 471 2548 ἀψύχοις
492 2459 750 2532 ὀργάνοις
779 2460 1044 2534 βούλομαι
1070 2459 1184 2530 τοῖς
1209 2469 1364 2539 ἐμοῖς
1398 2471 1671 2543 μαθηταῖς
1701 2476 1842 2548 χρῆ·-

238 2547 390 2615 σθαι,
427 2550 563 2605 ἀλλά
589 2554 686 2606 καὶ
718 2554 788 2606 τά
812 2556 943 2626 παρ’
971 2557 1186 2613 ἑαυτῶν
1212 2561 1461 2633 ὶπιζητῶ
1503 2568 1844 2640 προσφέρειν

236 2641 462 2706 αὐτούς.
498 2644 721 2715 Ἀμέλει
756 2649 850 2701 καὶ
885 2650 1147 2722 εὑρήσεις
1179 2656 1309 2719 τοὺς
1340 2660 1702 2727 ἀποστόλους,
1744 2665 1840 2717 καὶ

240 2733 481 2804 μάλιστα
517 2737 732 2793 Παῦλον
765 2742 938 2796 πολλὰ
962 2746 1057 2798 καὶ
1086 2745 1145 2810 ἐξ
1172 2749 1428 2803 ἐπινοιῶν
1473 2753 1840 2826 ἀνθρωπίνων

236 2827 616 2897 κατορθοῦντα
649 2832 768 2901 (καὶ
799 2834 1078 2903 ἀνάγνωθι
1133 2840 1234 2903 τάς
1279 2842 1574 2916 Πράξεις)’
1611 2847 1755 2919 πλὴν
1782 2851 1841 2902 ὲν

234 2920 468 2983 ταύταις
497 2923 597 2977 οὐκ
626 2926 777 2996 ἀπῆν
813 2930 844 2998 ἡ
879 2929 973 2982 τοῦ
1013 2930 1151 2986 Θεοῦ
1197 2935 1460 3004 βοήθειαο
1494 2937 1613 3009 ἀμα
1654 2942 1713 2996 δὲ
1745 2946 1841 2998 καὶ

234 3011 550 3083 ὠφελοῦντο
587 3019 636 3071 οί
667 3019 959 3075 ἀπόστολοι
991 3023 1072 3086 είς
1128 3024 1190 3078 τὸ
1238 3027 1445 3097 ἄτυφον
1501 3032 1566 3084 ἐκ
1621 3034 1837 3091 τούτου.

238 3104 304 3157 Ei
336 3105 444 3176 γὰρ
473 3109 567 3162 καὶ
595 3109 750 3162 αὐτοὶ
778 3111 1009 3181 μηδενὸς
1041 3115 1447 3186 φροντίζοντες,
1485 3121 1665 3177 πάντα
1689 3129 1842 3196 παρά

1941 636 2040 689 pus
2067 631 2324 690 tanquam
2359 624 2616 691 parvulos
2641 623 2890 692 gestarit,
2917 634 2970 677 et
2998 641 3105 678 non
3134 623 3329 678 fecerit
3350 640 3446 678 eos
3483 629 3548 677 de

1939 732 2212 786 quoquam
2258 715 2548 771 so/llicitos.
2585 715 2744 770 Nunc
2795 727 2980 771 autem
3039 733 3176 785 opus
3213 727 3298 770 cst
3351 717 3433 771 eis
3494 728 3553 769 ut

1940 821 2138 864 curent
2179 825 2241 864 ea
2300 824 2422 876 qua:
2453 809 2705 863 virorum
2757 816 2909 874 sunt,
2949 819 3003 863 et
3067 811 3396 878 provideant
3449 810 3549 863 sibi

1939 900 2096 969 ipsis.
2127 900 2239 970 Ego
2274 901 2444 963 enim,
2483 900 2689 968 inquit,
2716 913 2875 970 pater
2921 911 3131 965 vester,
3162 901 3327 955 vestri
3362 917 3552 954 curam

1939 1007 2138 1060 gerens
2170 990 2277 1060 iam
2307 992 2465 1045 abeo.
2508 993 2586 1045 Ex
2634 994 2740 1047 hoc
2781 1003 3027 1062 tempore
3055 995 3229 1063 parati
3269 1001 3468 1056 estote,
3501 1002 3557 1044 vt

1942 1085 2044 1155 ipsi
2077 1101 2260 1140 rerum
2297 1089 2646 1159 propriarum
2681 1102 2872 1141 curam
2900 1087 3097 1157 gerite,
3152 1094 3207 1139 et
3239 1088 3408 1139 nolite
3432 1101 3552 1139 om-

1947 1194 2073 1233 nem
2116 1194 2307 1235 curam
2349 1183 2401 1236 in
2437 1197 2523 1238 me
2541 1181 2792 1251 rejicere.
2816 1180 2997 1250 Opera
3025 1170 3173 1234 enim
3214 1191 3394 1235 vestra
3447 1196 3553 1233 non

1941 1281 2106 1327 erunt
2125 1282 2235 1327 tam
2254 1273 2462 1341 facilia,
2489 1285 2542 1330 et
2575 1290 2602 1327 a
2621 1275 2808 1331 laliore
2833 1274 3011 1328 aliena
3037 1293 3049 1326 :
3079 1273 3173 1327 sed
3191 1273 3416 1328 obnoxii
3445 1274 3556 1327 eri-

1943 1364 2012 1418 tis
2035 1363 2232 1421 famiet
2249 1366 2362 1429 siti,
2383 1376 2438 1422 et
2458 1367 2644 1421 multis
2658 1367 2930 1422 adversis.
2958 1366 3085 1422 Ha‘c
3105 1366 3253 1421 enim
3269 1366 3555 1420 insinuan-

1943 1464 2032 1512 tur
2059 1474 2158 1527 per
2184 1462 2466 1515 sacculum
2514 1470 2570 1516 et
2591 1477 2778 1530 peram
2816 1477 2880 1516 ac
2912 1458 3175 1531 gladium.
3205 1459 3444 1514 Proinde
3488 1475 3557 1513 ne

1943 1553 2065 1607 silis
2098 1553 2279 1624 ignavi
2326 1573 2339 1609 :
2375 1555 2502 1623 quia
2531 1565 2582 1609 et
2609 1554 2812 1610 famem
2847 1556 3126 1623 θείνει-ιιιτί
3153 1555 3308 1619 estis,
3332 1563 3388 1608 et
3416 1567 3556 1622 Opus

1943 1646 2220 1701 habebitis
2260 1647 2482 1713 eduliis,
2516 1664 2638 1716 quze
2670 1666 2766 1717 per
2816 1666 3006 1720 peram
3038 1649 3332 1717 significat.
3374 1646 3444 1701 Et
3476 1649 3556 1699 vi-

1948 1735 2074 1791 riles
2103 1735 2270 1808 473
2294 1748 2489 1806 estote,
2523 1740 2649 1809 quia
2691 1742 2743 1793 in
2782 1741 2950 1794 multa
2982 1746 3218 1794 adversa
3250 1739 3507 1793 incidet‘ts
3536 1756 3550 1790 :

1945 1834 2090 1904 quod
2121 1849 2218 1905 per
2242 1835 2480 1905 gladium
2517 1836 2744 1890 indicat.
2787 1833 2915 1888 Haec
2952 1845 3134 1887 autem
3174 1832 3330 1896 dicit,
3357 1847 3465 1885 non
3495 1840 3555 1885 ut

1946 1931 2171 1982 omnino
2205 1927 2405 1998 gladiis
2446 1929 2559 1982 sint
2608 1929 2869 1994 accincti,
2925 1926 3044 1990 sed,
3081 1933 3138 1978 ut
3162 1925 3298 1988 dixi,
3339 1922 3554 1991 signiti-

1947 2035 2081 2076 Caus
2119 2019 2257 2076 bella
2290 2029 2345 2076 et
2383 2019 2650 2090 pericula,
2684 2019 2968 2074 etdoccns
2999 2030 3055 2070 ut
3094 2019 3161 2070 ad
3198 2019 3381 2070 omnfa
3415 2032 3560 2086 pra:-

1949 2114 2124 2184 parati
2192 2115 2324 2168 sint.
2371 2114 2505 2168 Nam
2547 2129 2616 2168 ne
2655 2113 2976 2168 existiment
3023 2111 3360 2180 posteriores
3413 2109 3557 2178 quod

1950 2206 2180 2277 apostoli
2222 2221 2287 2262 es
2347 2221 2405 2260 se
2452 2206 2586 2259 nihil
2635 2208 2702 2259 ad
2748 2207 3010 2260 virtutem
3071 2203 3427 2268 contulerint,
3465 2201 3560 2256 sed

1949 2309 2119 2355 totum
2152 2299 2244 2353 Dei
2281 2298 2446 2353 fuerit
2488 2316 2502 2351 :
2547 2296 2667 2352 Non
2696 2300 2798 2352 hoc
2823 2298 2950 2362 erit,
2996 2297 3196 2367 inquit,
3235 2297 3334 2351 sic.
3375 2294 3564 2364 Neque

1947 2393 2092 2447 enim
2126 2391 2393 2462 apostolis
2434 2391 2572 2446 meis
2604 2391 2680 2446 uti
2715 2391 2836 2445 volo
2867 2401 2924 2446 ut
2961 2390 3350 2446 instrumentis
3383 2389 3564 2442 inani-

1947 2487 2149 2542 matis:
2186 2488 2281 2541 sed
2314 2496 2520 2556 etquae
2554 2485 2623 2538 ab
2666 2485 2801 2554 ipsis
2854 2494 2980 2539 sunt
3026 2487 3173 2553 ipsos
3222 2482 3441 2537 adferre
3466 2498 3558 2550 po-

1945 2579 2110 2634 Stulo.
2150 2578 2394 2648 Denique
2431 2577 2682 2632 invenies
2711 2577 3013 2648 apostolos,
3048 2585 3104 2630 et
3139 2575 3378 2630 maxime
3405 2573 3552 2626 Pau-

1948 2671 2083 2734 lum.
2118 2672 2286 2725 multa
2314 2671 2482 2725 etiam
2507 2687 2574 2724 ex
2603 2669 2862 2724 humanis
2894 2669 3179 2724 industriis
3202 2676 3356 2722 recte
3381 2668 3562 2721 facere

1953 2762 2094 2836 [lege
2123 2759 2310 2834 Acta],
2340 2761 2595 2830 quamvis
2618 2771 2673 2816 et
2707 2761 2758 2814 in
2799 2762 2883 2816 bis
2905 2776 3013 2815 non
3034 2758 3277 2814 abfuerit
3309 2760 3558 2813 divinum

1947 2857 2271 2910 subsidium.
2303 2853 2512 2910 Interea
2547 2864 2731 2908 autem
2759 2862 2814 2908 et
2867 2853 3134 2922 apostolis
3172 2852 3387 2905 accedit
3416 2851 3566 2904 utili-

1950 2960 2052 3014 tas,
2089 2965 2157 3004 ne
2184 2949 2330 3004 fastu
2384 2948 2635 3003 inltentut
2694 2961 2762 3000 ex
2818 2947 2942 3000 hoc.
2973 2946 3029 2999 Si
3081 2945 3225 2997 enim
3291 2944 3390 3012 ipsi
3432 2942 3563 2995 nihil

1946 3051 2257 3107 curassent,
2317 3049 2371 3094 et
2405 3032 2455 3092 a'
2498 3039 2608 3092 Deo
2659 3038 2848 3093 omnia
2915 3045 3332 3106 expectassent,
3397 3044 3565 3099 atque

1949 3136 2082 3204 ipsis
2120 3135 2458 3196 evenissent,
2490 3131 2662 3185 inﬂati
2698 3131 2954 3194 fuissent,
2990 3129 3147 3197 quasi
3200 3125 3376 3192 majus
3400 3125 3568 3196 quid-

234 3197 335 3251 τοῦ
368 3199 504 3255 Θεοῦ
549 3203 838 3273 ἀνέμενον,
875 3210 970 3261 καὶ
1003 3205 1246 3277 ἐγίνοντο
1305 3214 1512 3282 αὐτοῖς,
1549 3217 1839 3292 ὲτυερὼθη-

1951 3230 2073 3281 dam
2099 3239 2264 3295 super
2303 3225 2448 3281 vires
2495 3225 2764 3279 humanas
2817 3225 3022 3278 sortiti.
3061 3222 3124 3275 Et
3163 3221 3410 3288 alioquin
3471 3233 3570 3272 ua-

237 3310 340 3347 σαν
398 3296 488 3362 ἂν,
556 3297 631 3364 ὡς
688 3302 914 3370 μείζονα
976 3303 1009 3375 ἢ
1070 3305 1213 3358 κατά
1266 3307 1622 3380 ἀνθρωπίνην
1681 3316 1844 3382 φύσιν

238 3385 518 3457 λαχόντες.
555 3392 662 3442 Καὶ
679 3392 855 3458 ἄλλως
877 3395 954 3459 δὲ,
980 3395 1149 3466 ἀργία
1170 3396 1386 3466 φύσεως
1417 3401 1510 3454 καὶ
1546 3403 1841 3478 διαφθορά,

239 3479 332 3529 τὸν
371 3479 538 3549 μηδὲν
590 3483 685 3552 ἀφ’
727 3484 942 3539 ἑαυτῶν
994 3487 1356 3556 ἐπινοεῖσθαι,
1419 3492 1559 3545 ἀλλά
1631 3497 1841 3562 πάντα,

234 3568 398 3625 τοῦτο
436 3571 502 3641 δὴ
520 3574 581 3627 τὸ
609 3574 704 3628 τοῦ
751 3577 936 3646 λόγου,
990 3579 1339 3651 ἀληλεσμένα
1369 3586 1704 3658 προσδοκᾷν.
1744 3591 1844 3644 Διά

238 3662 403 3716 τοῦτο
432 3683 598 3736 φησιν
629 3668 840 3735 αὐτοῖς,
895 3671 979 3724 ὅτι
1024 3672 1160 3726 ’Λπὸ
1214 3675 1310 3727 τοῦ
1372 3677 1468 3730 νῦν
1510 3680 1603 3731 καὶ
1658 3685 1844 3752 πήρας

237 3758 541 3826 βαστάζετε
568 3803 582 3827 ,
614 3763 921 3829 τουτέστιν,
983 3765 1143 3820 υῦτω
1185 3767 1486 3837 διάκεισθε,
1531 3775 1625 3826 καὶ
1675 3792 1842 3846 φρον-

234 3851 438 3917 τίζετε,
476 3853 552 3918 ὡς
583 3857 938 3926 πεινήσοντες
963 3877 976 3891 ·
1024 3862 1119 3913 καὶ
1147 3862 1429 3933 μαχαίρας
1478 3866 1793 3938 ἀγοράσατε
1824 3913 1839 3937 ,

232 3946 376 4018 ὅπερ
411 3947 578 4014 ἐστὶν,
618 3948 779 4003 υῦτω
802 3952 1123 4022 προνοεῖσθε
1175 3955 1407 4020 ἑαυτῶν,
1444 3957 1518 4021 ὡς
1572 3960 1844 4026 κινδύνοις

235 4041 336 4093 καὶ
363 4040 621 4110 πολέμοις
654 4046 1155 4115 προσκρούσοντες.
1193 4049 1305 4103 Καὶ
1344 4049 1520 4114 ἄλλως
1556 4052 1613 4106 δὲ
1648 4053 1841 4119 ἐξελάι

235 4135 399 4188 ϐοντό
421 4153 566 4199 τινες
605 4139 666 4190 τὸ
715 4139 988 4209 ἀγοράσαι
1023 4142 1328 4213 μάχαιραν.
1361 4147 1668 4201 Λίνίττεται
1710 4152 1841 4221 γὰρ,

236 4231 395 4298 φασὶ,
429 4230 529 4301 τὴν
571 4229 760 4299 ἔφοδον
790 4235 889 4303 τὴν
917 4235 1038 4288 κατ’
1067 4235 1237 4289 αὐτοῦ
1266 4237 1392 4292 ὅσον
1422 4239 1578 4294 οὔπω
1610 4259 1840 4312 γενησο-

239 4321 436 4392 μένην,
475 4323 569 4376 καὶ
603 4327 684 4376 ὅτι
723 4326 1012 4395 μέλλουσιν
1067 4330 1233 4382 αὑτὸν
1276 4330 1684 4402 συλλαμϐάνειν
1744 4353 1842 4404 φο-

235 4418 352 4479 νεῖς
393 4416 696 4487 ἄνθρωποι.
755 4420 912 4474 Ἐπεὶ
964 4422 1075 4492 γὰρ
1133 4425 1334 4476 ἐκεῖνοι
1389 4428 1518 4495 περὶ
1559 4430 1845 4496 πρωτείων

235 4505 487 4577 ἔφθησαν
523 4511 660 4578 πρὸς
710 4511 979 4583 ἀλλήλους
1021 4515 1531 4586 φιλονεικήσαντες,
1571 4521 1688 4572 Οὐκ
1721 4521 1843 4574 ἐστι

235 4600 453 4669 καιῴς.
478 4603 635 4671 φησὶ.
665 4603 1092 4674 φιλοπρωτεὶας,
1125 4608 1264 4661 ἀλλά
1287 4611 1554 4665 κινδύνων
1579 4615 1675 4667 καὶ
1703 4631 1844 4684 σφα-
1881 4603 1922 4656 υ

235 4690 372 4756 γῶν.
407 4692 519 4744 Καὶ
549 4693 660 4761 γὰρ
696 4694 806 4760 ἐγὼ
840 4698 868 4748 ὁ
921 4697 1246 4763 διδάσκαλος
1279 4700 1437 4770 ὑμῶν
1490 4705 1570 4766 εἰς
1604 4703 1842 4758 θάνατον

233 4784 549 4854 ἀπάγομαι,
585 4787 679 4838 καὶ
706 4789 825 4841 οὐδὲ
853 4789 1076 4860 ἔντιμον
1108 4791 1345 4847 θάνατον
1367 4812 1379 4826 ’
1403 4796 1542 4848 ἀλλὰ
1571 4801 1666 4850 καὶ
1683 4797 1844 4852 τοῦῖο

234 4878 666 4947 πληρωθήσεται
703 4882 789 4935 ἐπ’
818 4885 964 4951 ἐμοὶ,
1000 4886 1082 4948 τὸ,
1119 4906 1136 4936 ι
1175 4888 1285 4940 Καὶ
1316 4889 1454 4956 μετά
1490 4892 1710 4960 ἀνόμων
1737 4894 1845 4945 ἑλο-

234 4972 424 5041 γίσθη.
467 4992 485 5022 ι
525 4972 636 5043 Την
669 4976 860 5043 ἔφοδον
891 4976 986 5030 οὖν
1018 4979 1460 5052 τὴν.λῃστρικην
1504 4984 1844 5038 αἰνίττεσθαι

236 5064 586 5134 βουλόμενος,
649 5069 898 5140 ἐμνήσθη
939 5073 1260 5142 μαχαίραςο
1313 5074 1409 5127 καὶ
1467 5075 1595 5128 οὔτε
1659 5077 1845 5130 τέλεον

233 5157 617 5226 ἀπεκάλυψεν,
656 5159 744 5212 ἵνα
792 5160 871 5230 μὴ
925 5161 1099 5233 δειλίᾳ
1131 5165 1242 5216 τινὶ
1279 5165 1637 5235 ταραχθῶσιν
1669 5183 1682 5196 ·
1719 5167 1845 5221 οὕτε

232 5250 418 5303 τέλεον
446 5251 867 5322 ἀπεσιώπησεν,
907 5254 1017 5331 Δἵνα
1055 5257 1132 5328 μὴ
1167 5260 1234 5328 τῇ
1285 5259 1464 5330 ἀθρόᾳ
1497 5260 1679 5332 ἐφόδῳ
1713 5279 1848 5330 συγ-

233 5341 481 5410 χυθῶσι’
520 5343 725 5412 μᾶλλον
776 5345 830 5398 δὲ
863 5348 951 5400 ἵνα
993 5350 1135 5418 μετὰ
1188 5349 1367 5404 ταῦτα
1413 5354 1844 5426 ἀναμιμνησκὸ-

236 5451 418 5504 μενοι,
461 5436 827 5506 θαυμάζωσιν
890 5441 1054 5495 αὐτὸν
1105 5443 1181 5505 ὡς
1236 5446 1711 5516 προγινώσκόντα,
1753 5453 1846 5503 καὶ

232 5530 679 5600 ἐκπλήττωνται,
717 5534 834 5596 πῶς
867 5535 1066 5589 ἑαυτὸν
1098 5536 1338 5602 ἐξεδίδου
1379 5540 1515 5611 πρὸς
1565 5543 1627 5594 τὸ
1669 5544 1843 5607 πάθος

234 5627 382 5696 ὑπὲρ
431 5629 711 5700 σωτηρίας
761 5631 872 5684 τῶν
924 5631 1259 5703 ἀνθρώπων,
1297 5637 1392 5687 καὶ
1440 5635 1528 5687 διὰ
1561 5637 1722 5690 τοῦτο
1753 5643 1847 5691 καὶ

234 5721 393 5774 αὐτοὶ
443 5723 611 5790 μηδὲν
663 5724 772 5777 τῶν
811 5724 1085 5794 ἀλγεινῶν
1145 5727 1540 5797 ύποεξεύγωσιν
1575 5729 1716 5800 ὑπὲρ
1751 5732 1846 5784 τοῦ

241 5815 414 5868 σῶτπί
467 5833 642 5881 τινας.
682 5819 869 5873 Ταῦτα
907 5815 1038 5890 γὰρ.
1093 5816 1271 5891 οἶμαι,
1310 5823 1374 5874 τὰ
1421 5825 1840 5896 πενιιίμα-ῲδηο

235 5911 323 5965 διὰ
357 5912 515 5965 τοῦτο
539 5913 748 5985 ἔλεγεν,
776 5916 861 5976 ἵνα
903 5917 1040 5986 μετᾷ
1072 5917 1239 5970 ταῦτα
1293 5919 1841 5991 ἀνειμιιιινηοχίὶμενςει

1955 3329 2091 3373 tura:
2113 3327 2265 3372 esset
2315 3317 2531 3387 ignavia
2566 3325 2620 3369 et
2653 3314 2959 3384 corruptio,
2999 3314 3135 3368 nihil
3171 3328 3199 3366 a
3239 3327 3301 3367 se
3343 3310 3569 3381 excogi-

1954 3421 2089 3474 tare.
2113 3411 2207 3465 sed
2252 3411 2460 3472 oninia,
2501 3419 2559 3462 ut
2613 3409 2719 3462 dici
2772 3411 2937 3473 solet,
2994 3407 3183 3463 molita
3215 3415 3563 3476 exspectare.

1950 3504 2242 3574 Propterea
2274 3504 2409 3559 dicit
2448 3504 2530 3558 eis
2571 3525 2585 3557 :
2621 3503 2701 3557 Ex
2739 3507 2843 3557 hoc
2878 3512 3128 3571 tempore
3159 3510 3213 3554 et
3266 3515 3429 3570 peras
3466 3514 3565 3569 ge-

1949 3608 2112 3662 state,
2149 3598 2252 3652 hoc
2284 3607 2386 3658 est.
2437 3597 2520 3651 sic
2560 3596 2742 3650 affecti
2782 3605 2983 3659 estote,
3011 3605 3064 3648 et
3112 3609 3299 3648 curam
3341 3592 3565 3656 habete,

1950 3704 2008 3747 ut
2033 3693 2272 3747 esuriem
2313 3691 2575 3746 habituri.
2604 3691 2667 3744 Et
2698 3689 2879 3760 gladiu
2908 3708 2936 3741 ιι
2974 3688 3174 3752 emite,
3253 3687 3403 3756 quod
3453 3695 3565 3748 est,

1949 3784 2029 3838 sic
2070 3782 2356 3854 providete
2386 3781 2542 3835 vobis
2591 3781 2744 3849 ipsis,
2806 3790 3068 3848 tanquam
3104 3777 3156 3830 hi
3201 3774 3294 3845 qui
3330 3774 3384 3826 in
3424 3771 3567 3826 bella

1948 3885 2003 3931 et
2034 3877 2216 3945 praelia
2247 3875 2415 3930 multa
2449 3873 2715 3928 incident.
2753 3872 2818 3926 Et
2843 3871 3000 3924 aliter
3028 3875 3408 3938 exposuerunt
3437 3865 3566 3936 qui-

1949 3970 2075 4024 dam
2123 3967 2296 4024 Emilc
2353 3968 2626 4038 gladium.
2686 3964 2977 4032 Significat
3037 3963 3210 4026 enim,
3273 3960 3568 4030 inquiunt,

1950 4063 2102 4118 brevi
2135 4071 2315 4116 tantas
2337 4062 2606 4114 adversus
2634 4060 2811 4126 ipsum
2843 4055 3061 4111 futuras
3089 4054 3348 4118 insidias,
3380 4051 3573 4122 quales

1951 4170 2227 4226 nunquam
2264 4155 2512 4216 fuerunt,
2538 4164 2594 4207 et
2619 4154 2762 4223 quod
2811 4151 3059 4207 invasuri
3094 4150 3210 4204 sint
3257 4148 3437 4217 ipsum
3471 4146 3571 4200 viri

1950 4247 2288 4317 sangttinarii
2313 4267 2324 4300 :
2348 4246 2486 4300 Nam
2518 4247 2646 4316 quia
2671 4244 2746 4298 illi
2780 4245 2935 4314 prius
2957 4244 3104 4298 inter
3129 4256 3187 4298 se
3220 4242 3286 4295 de
3321 4241 3561 4310 primatu

1951 4344 2368 4395 cmtlenderant.
2408 4339 2522 4393 Non
2557 4348 2662 4399 est,
2702 4338 2903 4406 inquit,
2941 4347 3158 4407 tempus
3215 4334 3560 4390 ambitiOnis.

1949 4437 2044 4490 sed
2074 4436 2453 4504 periculorum
2506 4444 2562 4490 et
2602 4435 2860 4488 caedium.
2900 4431 3035 4487 Nam
3071 4442 3128 4486 et
3175 4446 3277 4502 ego
3304 4429 3573 4500 magister

1954 4533 2136 4580 vester
2182 4527 2247 4579 ad
2284 4535 2513 4578 mortem
2566 4525 2834 4586 abducor,
2906 4537 3084 4592 neque
3150 4522 3218 4575 ad
3271 4522 3569 4587 gloriosam

1953 4631 2207 4674 mortem.
2237 4619 2628 4673 Verumtamen
2660 4618 2978 4686 implebitur
3005 4617 3058 4670 in
3095 4631 3202 4681 me,
3244 4635 3260 4660 ι
3291 4614 3428 4668 Cum
3467 4613 3572 4665 ini-

1952 4711 2076 4779 quis
2109 4711 2405 4777 deputatus
2437 4717 2540 4763 est.
2588 4728 2607 4762 ι
2651 4708 2888 4764 Insidias
2918 4708 3086 4776 igitur
3128 4705 3575 4760 latrocinatmias

1952 4804 2388 4870 significaturus,
2418 4802 2669 4856 tltettiiuit
2693 4801 2856 4870 gladii
2895 4819 2907 4854 :
2935 4811 2990 4855 et
3026 4815 3202 4868 neque
3226 4800 3454 4852 on‘inino
3490 4813 3577 4851 rc-

1952 4897 2172 4959 vi'lavit,
2236 4907 2293 4949 ut
2355 4912 2420 4949 ne
2475 4906 2621 4948 metu
2670 4896 2908 4964 quodam
2949 4903 3266 4948 terreantur
3323 4911 3334 4945 :
3395 4908 3577 4959 neque

1951 4992 2177 5046 utnuiao
2211 4991 2380 5054 siluit,
2416 4999 2475 5044 ut
2508 5006 2575 5045 ne
2610 4988 2919 5059 repentinis
2966 4987 3181 5042 insidiis
3226 4987 3574 5041 c0nl'uudan-

1954 5093 2043 5138 tur
2077 5102 2089 5136 :
2121 5085 2230 5137 imo
2269 5094 2328 5137 ut
2361 5096 2485 5152 post
2518 5083 2635 5138 haec
2677 5082 3038 5137 recordantes
3062 5080 3411 5134 admirentur
3441 5094 3572 5135 eum

1955 5193 2214 5248 mnqiiam
2245 5178 2662 5246 praescicntem,
2694 5187 2747 5232 et
2771 5185 3094 5248 stupescant
3118 5173 3398 5245 quomodo
3428 5173 3576 5242 seip-

1952 5286 2070 5326 Snm
2107 5289 2204 5340 pro
2232 5273 2408 5326 salute
2446 5273 2732 5327 hominum
2769 5273 2836 5325 ad
2893 5283 3128 5324 mortem
3173 5269 3486 5330 tradiderit.
3520 5278 3577 5322 et

1954 5367 2242 5433 propterea
2273 5365 2441 5416 etiam
2479 5363 2579 5434 ipsi
2632 5362 2771 5416 nihil
2829 5364 3121 5416 molestum
3165 5358 3575 5428 subterfugiant

1954 5467 2011 5511 ut
2045 5459 2328 5511 salvantur
2362 5457 2552 5524 aliqui.
2597 5457 2720 5511 Haec
2770 5459 2918 5510 enim
2960 5456 3162 5526 opinor
3221 5453 3574 5516 aenigmatice

1955 5559 2242 5621 propterea
2277 5549 2518 5620 diccbat,
2556 5557 2612 5602 ut
2656 5560 2848 5617 postea
2886 5547 3248 5602 recordantes
3277 5554 3330 5599 et
3368 5544 3570 5597 intelli-

1954 5653 2163 5712 gentcs,
2208 5642 2502 5694 Utilitatem
2568 5650 2880 5707 caperent:
2933 5640 3197 5710 quoniam
3247 5647 3374 5690 tunc
3433 5638 3572 5688 adeo

1957 5737 2484 5804 insipientesm'aut,
2534 5744 2590 5788 ut
2643 5736 2932 5791 dicereut:
2975 5755 2992 5786 ι
3037 5734 3290 5796 Domine,
3319 5747 3448 5786 ecce
3485 5731 3576 5784 hic

1956 5828 2115 5898 gladii
2146 5830 2271 5881 duo.
2311 5849 2326 5876 ι
2367 5827 2429 5880 At
2475 5828 2589 5896 ip~c
2616 5827 2743 5896 quia
2783 5827 2914 5881 vidit
2946 5844 3042 5883 eos
3068 5844 3175 5882 uoti
3209 5825 3571 5883 intellexisse.

1958 5924 2129 5992 inquit
2182 5942 2189 5970 :
2242 5943 2251 5971 l
2296 5921 2445 5976 Sitis
2488 5930 2565 5976 est
2609 5937 2620 5977 ;
2689 5940 2704 5972 ι
2746 5921 2964 5978 tuttielsi
3019 5935 3370 5989 nequaquam
3405 5918 3573 5971 utile-
