4228 6428
706 413 844 475 1079

1557 406 2145 466 '1'ttt«:ortm..-\t;t‘t
2191 399 2601 461 summa;
2639 371 2996 493 meum».

3825 391 3841 448 ι
3859 389 3975 452 οιο

700 531 904 581 cisscnt
936 544 950 579 ;
993 527 1034 578 si
1065 526 1301 578 humano
1336 522 1537 574 auxilio
1578 529 1771 575 contra
1809 519 2109 573 homicidas
2159 518 2275 570 illus

2384 517 2475 568 καὶ
2518 511 2792 570 συνιέντες
2844 503 3208 573 ὠφελῶνταιο
3272 501 3560 566 ὲπείτοιγε
3618 504 3738 554 τότε
3790 503 3978 568 circa;

699 619 776 672 uti
802 618 1149 685 oportuisset.
1185 630 1356 681 neque
1378 621 1595 667 centum
1639 611 1798 680 gladii
1833 609 2194 664 suffecissent.
2221 608 2276 662 Si

700 721 880 762 autem
927 707 1028 760 hoc
1083 705 1322 766 nolehat,
1378 705 1472 757 sed
1528 702 1795 756 tliviniore
1851 701 2098 753 subsidio
2143 715 2279 768 opus

698 811 835 862 erat,
870 795 1124 866 superﬂni
1149 807 1305 850 erant
1339 807 1388 849 et
1419 797 1525 849 duo
1553 812 1567 850 :
1609 802 1979 846 verumtamen
2021 792 2278 845 Dominus

680 889 874 947 ‘noluit
900 907 994 946 eos
1015 904 1270 958 arguere,
1326 899 1513 957 utpote
1572 887 1703 940 nihil
1743 885 2140 954 intelligentes;
2182 885 2275 938 scd

694 983 875 1038 dixit:
917 1002 934 1032 ε
975 981 1119 1034 Satis
1155 993 1258 1043 est,
1301 1001 1318 1032 ι
1355 996 1417 1032 ac
1464 978 1751 1048 processit.
1793 974 1884 1030 Sic
1907 977 2071 1044 igitur
2114 976 2276 1028 etiam

695 1089 794 1128 nos
864 1073 1080 1140 quando
1135 1089 1258 1124 eum
1315 1070 1551 1138 quodam
1605 1076 1992 1122 conversantes
2030 1067 2279 1119 videmus

693 1183 816 1221 eum
852 1165 1018 1236 474
1051 1181 1154 1216 uott
1184 1163 1515 1216 intellexisse
1544 1160 1685 1230 quod
1720 1158 1982 1223 diximus,
2022 1158 2273 1214 dicimus.

695 1258 857 1319 Bene,
897 1257 1110 1309 dimitte
1150 1273 1162 1309 :
1225 1254 1472 1320 quamvis
1526 1267 1632 1304 non
1681 1254 1751 1305 sit
1806 1253 2028 1304 bonum.
2062 1249 2168 1304 Sed
2209 1263 2277 1303 ne

691 1353 1103 1413 eonturhemus,
1132 1348 1479 1402 remittimus.
1509 1346 1663 1400 Facit
1704 1356 1886 1399 autem
1937 1346 2038 1400 hoc
2093 1346 2275 1399 Domi-

693 1459 820 1508 nus,
851 1443 1064 1510 quando
1091 1443 1236 1496 videt
1262 1441 1556 1508 discipulos
1573 1457 1678 1496 non
1704 1439 2004 1511 intelligere
2027 1442 2229 1494 dictum
2256 1459 2271 1498 ς

697 1535 910 1599 transit,
941 1545 994 1586 et
1045 1544 1296 1586 eventum
1347 1548 1532 1586 rerum
1584 1533 1850 1599 permittit
1887 1533 2160 1600 explicare
2189 1534 2272 1585 di-

691 1635 901 1677 ctorum
935 1624 1368 1692 intelligentiam,
1405 1625 1545 1678 sicut
1573 1624 1862 1692 etquando
1887 1624 2062 1680 dixit:
2098 1643 2116 1674 ‹
2150 1623 2272 1678 Sol-

691 1719 800 1770 vite
835 1717 1090 1783 templum
1129 1719 1228 1771 hoe
1288 1718 1354 1769 ".
1399 1737 1416 1767 ι
1472 1715 1605 1769 Nam
1660 1728 1847 1785 postea
1903 1728 2276 1787 cognoverunt

694 1810 795 1863 hoc
821 1810 1069 1877 discipuli
1095 1811 1214 1877 ejus
1247 1819 1367 1874 post
1397 1810 1880 1862 resurrectionem.
1918 1805 2150 1872 Quidam
2181 1823 2276 1860 au-

691 1913 799 1955 tetn
839 1919 938 1968 per
963 1903 1191 1955 ironiam
1224 1903 1483 1955 dixerunt
1515 1903 1720 1954 dicttttu
1750 1916 1778 1953 a
1817 1899 2036 1954 Christo
2061 1941 2074 1963 ,
2124 1919 2142 1951 ε
2176 1901 2274 1951 Sa.

691 1997 761 2047 tis
793 2007 897 2049 est.
944 2014 961 2045 ι
1001 1995 1134 2048 Nam
1169 2010 1290 2048 eum
1318 1995 1583 2048 dixissent
1625 1994 1901 2062 discipuli,
1942 2012 1960 2044 ι
2004 1992 2144 2046 Ecce
2171 1994 2278 2046 duo

691 2089 852 2157 gladii
890 2089 995 2152 hic,
1051 2107 1070 2139 ι
1121 2089 1386 2142 Dominus
1432 2087 1656 2148 ironice,
1691 2087 1864 2148 aiunt,
1913 2086 2097 2140 dixit:
2143 2086 2278 2153 Quia

691 2184 798 2234 duo
836 2192 985 2243 sunt,
1037 2183 1259 2236 omnino
1317 2181 1472 2235 multi
1500 2190 1652 2244 sunt,
1707 2190 1760 2232 et
1793 2179 2068 2234 sufﬁciunt
2121 2180 2278 2233 nnhis

688 2286 881 2326 contra
920 2275 1324 2329 multitudinem
1361 2287 1482 2342 qua
1513 2273 1660 2326 venit
1689 2288 1852 2341 super
1878 2287 1996 2327 nos.

2382 605 2624 672 ἀνοήτως
2657 601 2938 660 διέκειντο,
2993 594 3136 646 ὥστε
3176 594 3386 646 εἰπεῖν⁸
3433 610 3451 640 ι
3491 590 3684 659 Κύριε,
3719 592 3832 645 ἰδοὺ
3864 587 3974 646 ὦδε

2386 701 2651 770 μάχαιραι
2676 695 2792 748 δύο.
2843 711 2860 744 ι
2910 692 2967 744 'U
2993 690 3051 742 δὲ
3086 689 3209 743 inst
3256 682 3398 740 εἶδεν
3450 687 3649 748 αὐτοὺς
3710 685 3787 756 μὴ
3840 702 3975 738 συν-

2382 793 2605 862 ηκόταε,
2648 789 2812 858 φησίν
2842 803 2854 815 ·
2902 805 2920 836 ‹
2964 784 3170 836 Ἱκανόν
3205 781 3343 834 ἐστι,
3387 799 3405 829 ι
3438 779 3633 832 Καίτοι
3662 795 3725 846 γε
3767 780 3873 831 οὐκ
3902 775 3974 847 ἦν

2384 884 2588 938 ἱκανόν.
2624 881 2688 934 Εἰ
2724 880 2824 951 μὲν
2859 879 2968 947 γὰρ
2991 872 3310 944 ἀνθρωπίνῃ
3343 870 3566 942 βοηθείᾳ
3599 873 3703 924 ἔδει
3758 872 3975 941 κεχρῆ·

2382 977 2505 1030 σθαι
2540 974 2682 1028 κατὰ
2734 972 2843 1025 τῶν
2895 967 3206 1042 λῃστρικῶς
3253 966 3540 1026 ἐπιόντων,
3593 963 3715 1016 οὐδὲ
3769 965 3975 1016 ἑκατὸν

2383 1069 2649 1138 μάχαιραι
2686 1065 2871 1117 ἱκαναὶ
2899 1058 3040 1133 ἦσαν
3063 1079 3074 1091 ·
3115 1062 3163 1112 εἰ
3195 1060 3250 1112 δὲ
3290 1059 3364 1127 μὴ
3397 1055 3573 1119 τοῦτο,
3627 1055 3766 1108 ἀλλὰ
3824 1056 3977 1108 θειο-

2378 1154 2542 1234 τέρας
2578 1162 2684 1214 ἔδει
2731 1157 3074 1228 συνεργείας,
3116 1154 3373 1225 περιτταὶ
3411 1152 3504 1204 καὶ
3557 1152 3611 1203 αἱ
3658 1149 3775 1202 δύο.
3821 1151 3974 1202 Ἀλλ’

2378 1259 2527 1324 ὅμως
2579 1258 2608 1309 ὁ
2655 1252 2861 1323 Κύριος
2905 1251 3005 1304 ούκ
3061 1248 3329 1318 ἠθέλησεν
3385 1244 3602 1312 ἐλέγξαι
3634 1245 3864 1304 αὐτούς,
3901 1243 3978 1305 ὡς

2383 1350 2458 1418 μὴ
2488 1349 2806 1416 νοήσαντας,
2836 1342 2951 1396 ἀλλ’
2984 1339 3176 1400 εἰπὼν,
3233 1357 3251 1386 ι
3299 1337 3510 1389 Ἱκανόν
3567 1336 3714 1396 ἐστι,
3764 1352 3783 1383 ι
3827 1351 3979 1402 rup-

2379 1443 2612 1511 ἔδραμεν
2637 1456 2649 1469 ·
2692 1438 2880 1507 ὥσπερ
2915 1431 3007 1488 οὖν
3039 1435 3134 1487 καὶ
3165 1434 3349 1503 ἡμεῖς,
3387 1428 3604 1482 ἐπειδὰν
3659 1427 3802 1498 πρός
3849 1443 3978 1477 τινα

2378 1536 2692 1605 ὁμιλοῦντες
2757 1535 2958 1602 ἴδωμεν
3012 1531 3173 1585 αὑτὸν
3229 1530 3304 1600 μὴ
3341 1529 3590 1581 συνιέντα
3648 1526 3676 1578 ὃ
3711 1526 3978 1593 εἴπομεν.

2378 1632 2630 1699 λέγομεν,
2691 1627 2894 1687 Καλὸν,
2931 1625 3090 1694 ἄφες,
3149 1623 3328 1676 καίτοι
3372 1638 3433 1690 γε
3467 1621 3566 1674 οὐκ
3597 1620 3716 1672 ἐστι
3774 1619 3976 1670 καλόν⁸

2378 1724 2492 1778 ἀλλ’
2516 1719 2610 1776 οὖν
2643 1722 2732 1776 ἶνα
2765 1719 2838 1792 μὴ
2871 1717 3205 1789 ἐνοχλῶμεν,
3248 1716 3505 1785 ἀφίεμεν.
3543 1714 3698 1766 Ποιεῖ
3719 1712 3783 1765 δὲ
3820 1710 3982 1764 τοῦτο

2377 1820 2404 1870 ὁ
2432 1816 2658 1886 Κύριος,
2701 1813 2922 1866 ἐπειδὰν
2948 1812 3033 1883 ἴδῃ
3054 1812 3177 1872 τοὺς
3213 1809 3481 1879 μαθητὰς,
3522 1806 3594 1876 μὴ
3647 1809 3966 1873 νοήσαντας

2376 1909 2436 1961 τὸ
2477 1908 2687 1978 λεχθέν.
2751 1905 3094 1976 Παρατρέχει
3151 1902 3260 1972 γὰρ
3307 1901 3400 1954 καὶ
3459 1898 3678 1965 dsit-.51,
3745 1900 3816 1966 τῇ
3869 1896 3983 1948 τῶν

2377 2001 2724 2071 πραγμάτιον
2754 1998 2978 2052 ἐκϐάσει
3007 1996 3107 2066 τὴν
3165 1993 3494 2060 κατανόησιν
3536 1991 3647 2042 τῶν
3691 1990 3986 2060 ῥηθέντων

2377 2095 2726 2161 ἐπιτρέπων·
2775 2090 2964 2160 ῶσπερ
3011 2089 3103 2140 καὶ
3159 2087 3291 2138 ὅταν
3343 2080 3499 2134 εἷπε·
3541 2101 3559 2132 ι
3603 2082 3829 2135 Λύσατε
3894 2078 3986 2129 τον

2379 2183 2505 2238 ναὸν
2538 2182 2762 2236 τοῦτον·
2803 2203 2821 2233 ι
2873 2180 3102 2250 ὕστερον
3141 2176 3250 2246 γὰρ
3283 2175 3528 2242 ἔγνωσαν
3569 2171 3734 2224 τοῦτο
3783 2173 3834 2222 οἱ
3881 2187 3986 2235 μα-

2381 2275 2544 2345 θηταὶ
2571 2273 2737 2327 αὑτοῦ
2781 2273 2920 2342 μετὰ
2967 2269 3066 2340 τὴν
3118 2269 3439 2321 ἀνάστασιν.
3469 2262 3622 2325 Τινὲς
3648 2261 3708 2316 δὲ
3741 2262 3871 2313 κατ’
3905 2262 3982 2312 εἱ-

691 2371 921 2437 ρωνείαν
972 2370 1184 2436 ἔφασαν
1237 2370 1411 2421 εἰπεῖν
1467 2369 1560 2422 τὸν
1614 2371 1822 2441 Κύριον
1873 2372 1956 2434 τὸ,
2004 2390 2022 2423 t
2075 2372 2281 2425 Ἱκανόν
2343 2375 2511 2426 ἐστιν.
2555 2391 2574 2425 ι
2615 2373 2894 2425 Εἰπόντων
2947 2372 3057 2440 γὰρ
3111 2370 3219 2422 τῶν
3264 2368 3544 2438 μαθητῶν,
3591 2387 3609 2416 ι
3669 2365 3810 2418 Ἰδοὺ
3881 2355 3983 2412 ἅδε

689 2459 960 2526 μάχαιραι
999 2457 1112 2520 δύο,
1165 2477 1182 2507 ›
1210 2461 1237 2509 ὀ
1280 2458 1485 2527 Κύριος
1515 2460 1838 2529 εἰρωνικῶς,
1888 2462 2076 2526 φασὶν,

687 2573 772 2607 σιν
803 2555 933 2623 ἡμῖν
972 2553 1107 2619 πρὸς
1149 2552 1352 2621 πλῆθος
1378 2553 1636 2605 τοσοῦτον
1657 2553 2088 2624 ἑπελευσόμενον
2113 2557 2266 2624 ἡμῖν.

760 2644 924 2699 Vens.
958 2644 1148 2699 39-56.
1191 2665 1208 2695 ι
1269 2644 1331 2697 Ει
1383 2660 1636 2713 egressus
1662 2646 2024 2714 ihat(uterat
2061 2648 2274 2716 solitus)

688 2739 742 2788 in
770 2746 1006 2790 montem
1042 2735 1322 2790 Olivarum
1355 2755 1368 2790 :
1403 2737 1573 2789 secuti
1629 2749 1756 2791 sunt
1788 2749 1966 2791 autem
2015 2739 2198 2792 illum.
2221 2749 2277 2793 et

688 2829 960 2897 discipuli.
1000 2829 1063 2880 Ισίι
1094 2844 1214 2881 cum
1250 2827 1589 2895 pervenisset
1627 2831 1692 2882 ad
1720 2831 1920 2896 locum,
1945 2830 2084 2883 dixit
2114 2830 2219 2883 illis
2258 2847 2271 2883 :

687 2921 872 2981 Orate.
915 2937 982 2975 ne
1027 2922 1242 2976 intretis
1291 2924 1340 2974 in
1382 2923 1758 2979 tentatiouem.
1791 2922 1857 2978 Et
1889 2924 2003 2992 ipse
2053 2924 2275 2979 avulsus

688 3025 770 3068 est
800 3014 866 3067 ab
897 3015 977 3068 eis
1005 3014 1175 3068 ferme
1208 3015 1273 3066 ad
1299 3014 1506 3082 jactum
1536 3013 1753 3082 lapidis,
1785 3016 2090 3086 positisque
2123 3017 2274 3086 geni—

688 3107 787 3158 hus
816 3105 1027 3163 orabat.
1060 3106 1249 3159 dicens
1287 3122 1299 3158 ;
1331 3104 1513 3172 Pater,
1538 3106 1581 3160 si
1615 3107 1717 3170 vis,
1753 3109 1988 3164 transfer
2016 3108 2270 3177 poculum

690 3197 790 3250 hoc
813 3213 840 3249 a
876 3211 1000 3261 me;
1033 3208 1403 3251 verumtamen
1439 3215 1545 3252 non
1577 3213 1695 3252 mea
1729 3198 1998 3264 voluntas,
2039 3199 2133 3254 sed
2183 3209 2271 3253 tua

2155 2461 2412 2531 εἴρηκενθ
2461 2463 2612 2514 Ἐπεὶ
2645 2462 2740 2514 δύο
2802 2463 2927 2521 εἰσὶ,
2965 2460 3156 2513 πολλαί
3187 2462 3294 2511 εἰσι
3357 2459 3594 2520 πάντως,
3644 2458 3740 2508 καὶ
3776 2454 3986 2525 ἀρκού-

2465 2666 2482 2695 ‹
2527 2646 2634 2697 Καὶ
2665 2643 2897 2708 ἐξελθὼν
2923 2643 3197 2714 ἐπορεύθη
3233 2643 3371 2694 κατὰ
3399 2639 3459 2694 τὸ
3484 2637 3603 2697 Ξθος
3649 2637 3734 2697 εἰς
3766 2635 3832 2686 τδ
3858 2634 3985 2701 ὅρος

2385 2740 2494 2790 τῶν
2533 2738 2763 2789 Ἐλαιῶν
2791 2753 2804 2768 ’
2845 2736 3227 2807 ἠκολούθησαν
3261 2735 3318 2789 δὲ
3351 2733 3500 2802 αύτῷ
3527 2730 3624 2783 καὶ
3653 2731 3702 2781 οἱ
3733 2727 3984 2798 μαθηταὶ

2385 2827 2571 2881 αὑτοῦ.
2609 2828 2909 2897 Γενόμενος
2950 2827 3009 2882 δὲ
3049 2829 3142 2880 ἐπὶ
3176 2827 3272 2880 τού
3313 2826 3500 2886 τόπου,
3534 2818 3691 2874 εἶπεν
3741 2820 3935 2876 αὐτοῖς
3967 2835 3979 2847 ο

2387 2920 2761 2989 Προσεύχεσθε
2794 2921 2868 2990 μὴ
2900 2919 3165 2973 εἰσελθεῖν
3196 2922 3276 2982 εἰς
3314 2916 3646 2988 πειρασμὸν,
3688 2916 3788 2967 καὶ
3819 2915 3982 2974 αύτῆς

2384 3012 2715 3083 ἀπεσπάσθη
2750 3012 2844 3064 ἀπ’
2882 3012 3061 3066 αὐτῶν
3116 3011 3251 3063 ὡσεὶ
3297 3009 3443 3062 λίθου
3495 3007 3662 3078 βολήν
3689 3024 3700 3034 '
3740 3007 3840 3057 καὶ
3870 3004 3984 3058 θεὶς

2384 3105 2451 3157 τὰ
2475 3106 2704 3173 γόνατα,
2747 3105 3094 3174 προσηύχετο
3149 3103 3363 3170 λέγων·
3409 3101 3613 3170 Πάτερ,
3677 3099 3725 3149 εί
3796 3096 3980 3166 βούλει

2386 3199 2748 3270 παρενεγκεῖν
2781 3197 2840 3250 τὸ
2869 3198 3130 3266 ποτήριον
3157 3193 3316 3248 τοῦτο
3366 3193 3462 3246 ἀπ’
3514 3190 3651 3261 ἐμοῦ
3674 3209 3686 3221 ·
3725 3192 3873 3258 πλὴν
3909 3189 3984 3257 μὴ

694 3291 811 3342 liat.
844 3290 1107 3360 Apparuit
1139 3301 1317 3345 autem
1361 3292 1434 3344 illi
1480 3292 1706 3360 angelus
1753 3293 1818 3347 de
1867 3294 2004 3348 caelo
2051 3294 2271 3349 confor-

2381 3292 2441 3346 τὸ
2495 3291 2708 3363 θέλημά
2769 3307 2894 3362 μου,
2939 3289 3080 3343 ἀλλὰ
3117 3289 3180 3341 τὸ
3233 3288 3326 3341 σὺν
3375 3284 3637 3354 γενέσθω.
3698 3283 3889 3351 Ὠφθη
3930 3281 3986 3334 δὲ

690 3393 813 3436 tans
841 3399 963 3435 eum
1011 3401 1024 3438 :
1079 3393 1131 3436 et
1180 3393 1466 3452 correptus
1511 3399 1717 3452 angore
1766 3387 2028 3453 prolixius
2062 3389 2275 3441 orahat.

692 3475 751 3525 Et
777 3486 896 3528 erat
923 3475 1088 3528 sudor
1115 3474 1234 3542 ejus
1268 3476 1408 3528 sicut
1443 3485 1610 3544 guttae
1641 3478 1932 3545 sanguinis
1980 3478 2281 3532 decurren-

693 3579 770 3621 tes
797 3569 847 3618 in
889 3575 1110 3620 terram.
1150 3566 1212 3620 Et
1247 3583 1371 3620 cum
1405 3568 1738 3622 surrexisset
1781 3585 1809 3621 a
1864 3569 2276 3639 deprecatione,

689 3660 1046 3728 venissetque
1106 3660 1171 3713 ad
1244 3659 1543 3727 discipulos
1595 3675 1746 3725 suos,
1796 3661 1996 3728 reperit
2035 3677 2130 3716 eos
2154 3662 2280 3715 dor-

692 3752 918 3804 mientes
952 3767 1060 3820 prae
1107 3755 1503 3816 mmstitudine,
1545 3763 1596 3806 et
1621 3755 1698 3805 ait
1736 3753 1860 3813 illis,
1895 3754 2032 3819 Quid
2070 3756 2275 3809 dormi-

691 3842 805 3894 tis?
839 3841 1052 3912 Snrgile
1083 3855 1135 3896 et
1179 3855 1353 3906 orate,
1398 3859 1464 3896 ne
1506 3845 1720 3898 intretis
1754 3845 1806 3897 in
1837 3847 2215 3901 tentatiouem.
2256 3868 2273 3897 ι

687 3933 820 3988 Post
843 3950 1052 3990 caenam
1083 3927 1415 3989 non’desidia
1441 3946 1492 3989 et
1513 3936 1620 3990 lndi
1647 3947 1702 3990 et
1737 3952 1961 3991 somnus
1990 3936 2278 3991 Dominum

688 4044 768 4078 exi
793 4028 1054 4096 ipiebant,
1079 4030 1171 4081 sed
1205 4030 1431 4083 docehat
1460 4040 1516 4084 et
1541 4030 1755 4093 orahat,
1785 4033 2007 4099 propter
2033 4045 2132 4083 nos
2165 4029 2280 4084 hrec

687 4119 928 4183 figurans
958 4129 1012 4172 et
1037 4121 1443 4176 demonstrans.
1481 4119 1572 4175 Vae
1606 4122 1772 4191 igitur
1799 4124 1862 4176 iis
1893 4123 1981 4192 qui
2013 4135 2128 4193 post
2166 4139 2278 4177 ca:-

690 4231 700 4260 l
729 4229 811 4263 am
849 4210 1010 4266 fmdis
1044 4214 1473 4267 scnrtationihus
1502 4225 1715 4269 vacant.
1755 4215 1972 4270 Seecdit
2004 4229 2185 4270 autem
2224 4218 2275 4269 iu

689 4314 928 4359 montem
967 4306 1241 4359 Olivarum
1277 4317 1560 4375 postquam
1612 4308 1736 4362 talia
1799 4311 2074 4363 docuisset
2121 4310 2279 4363 disci-

690 4397 864 4465 pulos,
897 4408 954 4449 ut
998 4408 1201 4452 oraret.
1256 4397 1631 4452 Cousueverat
1678 4399 1825 4453 enim
1886 4416 2134 4454 seorsum
2177 4401 2280 4454 hoc

692 4490 870 4543 lacere
927 4489 1134 4542 Idcirco
1165 4499 1218 4544 et
1253 4506 1280 4541 a
1306 4490 1588 4558 discipulis
1634 4492 1911 4546 avellitur.
1941 4490 2059 4548 Non
2085 4509 2278 4547 omnes

686 4591 866 4633 autem
907 4579 1221 4649 discipulos,
1247 4583 1340 4636 sed
1381 4593 1491 4637 tres
1533 4592 1742 4638 tantum
1784 4585 2036 4650 assmnit,
2091 4587 2183 4656 qui
2214 4594 2268 4640 et

686 4671 871 4733 (.Foriae
901 4686 1011 4726 suae
1041 4672 1092 4724 in
1127 4683 1306 4727 monte
1333 4683 1670 4740 spectatores
1694 4674 1929 4728 fuerant.
1959 4675 2094 4742 Quia
2121 4677 2265 4730 enim

686 4775 738 4815 et
776 4763 828 4815 in
858 4778 1028 4833 agone
1071 4775 1328 4818 oraturus
1363 4775 1506 4829 erat,
1565 4775 1621 4820 ιιι
1660 4783 1727 4821 ne
1772 4768 2024 4821 videatur
2067 4768 2274 4822 timidi-

689 4858 815 4910 tatis
851 4871 974 4911 esse
1005 4857 1285 4922 indicium,
1322 4867 1609 4927 propterea
1648 4861 1881 4914 assumit
1913 4874 2008 4913 eos
2054 4861 2143 4929 qui
2189 4862 2276 4914 di-

682 4952 821 5004 vinze
851 4949 1037 5018 gloria:
1099 4961 1153 5006 et
1208 4952 1430 5019 superni
1492 4953 1787 5007 testimonii
1838 4962 2180 5020 spectatores
2225 4965 2279 5008 et

681 5046 958 5099 auditores
985 5045 1221 5109 fuerant,
1263 5057 1320 5100 ut
1347 5062 1468 5101 cum
1504 5046 1742 5101 viderint
1772 5047 2136 5109 laborantem,
2171 5049 2272 5102 hoc

682 5136 933 5190 humana!
966 5149 1170 5192 natura!
1221 5152 1342 5193 esse
1393 5138 1596 5192 dicant.
1637 5137 1710 5194 Ut
1749 5139 1894 5193 enim
1949 5140 2272 5193 crederetur

682 5242 844 5281 verus
868 5229 1031 5283 homo
1069 5244 1210 5295 esse,
1264 5240 1466 5283 natura:
1510 5231 1655 5299 quod
1703 5245 1863 5284 suum
1923 5240 2039 5284 erat
2094 5231 2272 5285 facere

678 5321 946 5390 permisit,
989 5333 1042 5376 et
1075 5321 1238 5375 vitam
1271 5321 1476 5392 appetit
1503 5321 1668 5375 etiam
1699 5322 1814 5391 ipse
1839 5334 1894 5374 ut
1926 5323 2109 5385 homo,
2147 5338 2269 5391 pre-

678 5425 941 5482 eaturque
974 5425 1031 5468 ttt
1065 5423 1308 5468 transeat
1355 5413 1520 5470 calix.
1585 5411 1720 5466 Nam
1775 5416 1898 5470 vita:
1949 5431 2141 5469 amans
2182 5426 2264 5469 est

681 5507 863 5561 homo.
898 5509 1012 5574 Quo
1044 5509 1398 5562 e0nl‘utantur
1423 5509 1659 5563 Itaat'eses
1706 5524 1826 5575 qua:
1863 5509 2053 5563 dicunt
2091 5511 2264 5578 phan-

683 5602 930 5653 l.tsltCUl|l
992 5599 1158 5656 fuisse
1197 5601 1497 5656 hominem.
1551 5602 1764 5655 Etenim
1810 5618 1931 5654 cum
1976 5602 2088 5656 luet:
2123 5605 2261 5656 facta

683 5693 811 5750 ~int.
845 5701 894 5744 et
921 5692 1226 5748 habuerunt
1259 5695 1397 5749 unde
1426 5693 1689 5763 cjuuuodi
1720 5706 2053 5763 nugarentur
2085 5715 2097 5750 :
2133 5698 2262 5767 quid

760 5872 793 5898 ²¹
836 5869 965 5921 JIHII
1026 5875 1219 5934 λι,1ο,

2383 3385 2532 3455 αὐτῷ
2563 3382 2794 3452 ἄγγελος
2822 3383 2916 3435 ἀπ’
2946 3378 3182 3450 ούρανοῦ
3216 3376 3486 3447 ἐνισχύων
3516 3375 3700 3428 αὐτόν.
3740 3373 3858 3425 Καὶ
3895 3387 3987 3437 γεο

2384 3479 2609 3546 νόμενος
2645 3477 2702 3529 ἐν
2734 3475 2944 3544 ἀγωνία
2975 3471 3362 3541 ἐκτενέστερον
3399 3468 3778 3537 προσηύχετο.
3825 3463 3982 3530 Ἐγέ-

2383 3589 2504 3624 νετο
2523 3571 2578 3623 δὲ
2603 3572 2632 3624 ὁ
2668 3568 2830 3638 ἱδρὼς
2856 3567 3023 3620 αὑτοῦ
3064 3567 3200 3620 ῶσεὶ
3249 3562 3482 3634 θρόμϐοι
3533 3561 3772 3628 αἵματος
3808 3575 3986 3610 κατα-

2383 3664 2660 3724 ϐαίνοντες
2686 3665 2767 3725 είς
2800 3663 2900 3733 τὴν
2929 3663 3053 3732 γῆν.
3085 3659 3200 3714 Καὶ⁸
3239 3658 3483 3720 ἀναστὰς
3517 3656 3626 3710 ἀπὸ
3665 3657 3767 3723 τῆς
3811 3669 3986 3721 προσ-

2382 3759 2585 3824 ευχῆς,
2637 3755 2808 3807 ἐλθὼν
2871 3753 3009 3824 πρὸς
3076 3754 3207 3816 τοὺς
3256 3751 3509 3821 μαθητὰς
3562 3747 3753 3808 αύτοῦ,
3820 3738 3986 3814 εὗρεν

2382 3850 2581 3912 αὐτοὺς
2614 3848 3000 3917 κοιμωμένους
3023 3847 3133 3900 ἀπὸ
3169 3846 3272 3915 τῆς
3303 3844 3507 3914 λύπης.
3543 3843 3654 3896 Καὶ
3697 3837 3860 3894 εἶπεν
3889 3839 3986 3892 αὑ-

2383 3945 2494 4004 τοῖς
2521 3957 2535 3972 ·
2569 3942 2635 3993 Τί
2669 3940 3004 4006 καθεύδετες
3056 3940 3421 4001 Ἀναστάντες
3459 3934 3868 4005 προσεύχεσθε,
3896 3933 3983 3982 ἵνα

2388 4035 2463 4104 μὴ
2494 4033 2775 4104 εἰσέλθητε
2804 4033 2884 4093 είς
2918 4032 3248 4099 πειρασμόν.
3299 4049 3317 4081 ι
3353 4029 3507 4082 Μετὰ
3541 4028 3600 4079 τδ
3637 4027 3886 4083 δεῖπνον,
3923 4025 3983 4075 ού

2385 4126 2649 4197 ῥᾳθυμία,
2683 4125 2775 4178 καὶ
2819 4123 3068 4189 παίγνια.
3103 4124 3197 4174 καὶ
3226 4122 3393 4182 ὕπνος
3425 4120 3519 4171 τον
3547 4116 3761 4184 Κύριον
3804 4114 3984 4166 διαδέ-

2383 4233 2591 4286 χονται,
2632 4214 2770 4266 ἀλλὰ
2819 4213 3165 4274 διδασκαλία,
3220 4214 3316 4265 καὶ
3357 4208 3665 4280 προσευχὴ,
3728 4207 3801 4259 δι’
3837 4207 3987 4273 ἡμεῖς

2383 4309 2553 4360 ταῦτα
2577 4305 2858 4358 τυποῦντα
2887 4307 2981 4357 καὶ
3022 4303 3437 4358 ὑποδεικνύντα.
3479 4303 3616 4355 Οὐαὶ
3648 4300 3843 4352 λοιπὸν
3874 4303 3988 4362 τοῖς

2382 4398 2481 4467 τῆς
2517 4398 2714 4467 ἀτίμου
2750 4397 3014 4468 πορνείας
3038 4397 3223 4465 ἔργοις
3252 4394 3394 4464 μετὰ
3438 4394 3504 4445 τὰ
3537 4393 3730 4444 δεῖπνα
3774 4394 3986 4459 ἐπιχειε

2384 4490 2588 4559 ρούσιν.
2632 4490 3020 4560 Ύπαναχωρεῖ
3049 4487 3180 4554 γοῦν
3215 4489 3298 4565 είς
3327 4487 3387 4538 τὸ
3427 4486 3554 4554 ὅρος
3604 4483 3715 4536 τῶν
3752 4481 3988 4534 Ἐλαιῶν

2385 4582 2525 4652 μετὰ
2551 4581 2612 4634 τὸ
2639 4580 2865 4634 τοιαῦτα
2885 4579 3091 4645 διδάξαι
3123 4581 3252 4643 τοὺς
3286 4577 3557 4649 μαθητὰς,
3592 4576 3670 4640 ὡς
3703 4577 3770 4629 ἂν
3807 4595 3982 4646 προσ-

2377 4671 2624 4741 εύξηται.
2664 4672 2865 4727 Εἰώθει
2918 4673 3029 4740 γὰρ
3065 4673 3208 4725 κατὰ
3242 4671 3414 4742 μόνας
3449 4670 3612 4723 τοῦτο
3647 4671 3830 4721 ποιεῖν
3857 4687 3870 4700 ο
3903 4669 3982 4722 διδ

2379 4767 2474 4820 καὶ
2499 4767 2610 4821 ἀπὸ
2664 4766 2774 4819 τῶν
2828 4764 3090 4836 μαθητῶν
3134 4765 3476 4820 ἀποσπᾶται.
3543 4764 3620 4817 Ού
3669 4763 3889 4826 πάντας
3929 4765 3980 4818 εὶ

2377 4861 2505 4923 τοὺς
2538 4860 2814 4930 μαθητὰς,
2848 4857 2984 4912 ἀλλὰ
3022 4859 3218 4927 μόνους
3265 4860 3391 4920 τοὺς
3427 4859 3578 4927 τρεῖς
3604 4855 3981 4925 παραλαμσέ-

2380 4969 2483 5017 νει,
2516 4951 2643 5013 τοὺς
2675 4954 2770 5005 καὶ
2797 4951 2898 5020 τῆς
2922 4949 3084 5020 δόξης
3125 4949 3293 5002 αὑτοῦ
3333 4952 3392 5002 ἐν
3421 4948 3497 5019 τῷ
3533 4949 3654 5019 ὄρει
3707 4946 3976 5017 θεωρούς.

2393 5044 2611 5113 Ἐπειδὴ
2637 5046 2746 5114 γὰρ
2775 5045 2989 5114 ἀγωνιᾷ
3015 5043 3108 5096 καὶ
3151 5042 3542 5112 προσεύχεται,
3568 5043 3656 5094 ἵνα
3683 5044 3759 5110 μὴ
3784 5042 3978 5106 δόξωσι

2377 5138 2582 5202 δειλίας
2617 5138 2786 5192 ταῦτα
2824 5134 2988 5200 εἶναι,
3026 5137 3116 5190 διὰ
3170 5136 3330 5189 τοῦτο
3381 5135 3606 5189 τούτους
3640 5136 3741 5204 τῆς
3791 5135 3979 5203 θεῑκῆς

2379 5233 2546 5284 αὖτοῦ
2575 5232 2733 5303 δόξης
2786 5231 2884 5285 καὶ
2923 5234 3025 5302 τῆς
3054 5230 3268 5284 ἄνωθεν
3331 5229 3643 5300 μαρτυρίας
3698 5229 3977 5290 αὐτόπτας

2381 5324 2476 5377 καὶ
2499 5325 2778 5387 ἁκουστὰς
2808 5321 3241 5394 παραλαμὸἀνει
3265 5339 3278 5352 ·
3314 5322 3564 5374 ἵναοὸταν
3594 5319 3809 5388 δρῶσιν
3834 5319 3978 5384 ἀγω-

2378 5419 2598 5478 νιῶντα.
2633 5417 2733 5486 τῆς
2782 5416 3140 5488 ἀνθρωπίνης
3172 5415 3392 5484 φύσεως
3426 5413 3588 5468 τοῦτο
3637 5408 3784 5466 εἶναι
3833 5411 3977 5476 λογί-

2374 5529 2599 5566 σωνται.
2635 5511 2736 5565 Διά
2779 5511 2889 5580 γὰρ
2921 5509 2982 5562 τὸ
3036 5509 3438 5573 πιστώσασθαι,
3491 5509 3574 5560 ὅτι
3629 5507 3854 5576 ἀληθῶς
3885 5505 3976 5558 ἄν·

2375 5605 2594 5674 θρωπος
2627 5605 2840 5673 γέγονε,
2875 5604 3135 5657 ὲνδέδωκε
3166 5607 3230 5673 τῇ
3257 5602 3416 5672 φύσει
3437 5603 3498 5655 τὸ
3522 5601 3727 5670 ἑαυτῆς
3759 5601 3938 5652 ποιεῖν
3959 5615 3970 5627 ·

2379 5701 2466 5751 τιατ.
2502 5699 2764 5768 ἐπιθυμεῖ
2828 5696 2974 5764 ζωῆς
3035 5696 3126 5747 καὶ
3185 5695 3345 5757 αὐτὸς
3400 5695 3476 5757 ὡς
3533 5693 3850 5763 ἅνθρωπος,
3884 5689 3971 5742 καὶ
