4228 6428
227 395 370 463 1085

949 396 1406 460 BNARRATIO
1445 400 1530 460 ΙΝ
1574 398 2077 460 EVANGELIUM
2124 398 2361 460 LUC/I3.
2389 400 2639 462 -CAP.
2671 399 2868 460 XXII.

3420 399 3560 468 1086

213 510 426 577 ιλεγεν,
450 508 577 578 ἄχρι
602 497 700 580 τῆς
720 506 959 575 ισχάτης
981 505 1134 578 ὥρας
1169 509 1597 579 περικαιόμενος
1629 507 1819 562 αὐτοῦ.

1932 519 1982 560 et
2005 507 2212 560 idcirco
2247 523 2351 559 nou
2397 515 2724 574 prosecutus
2762 516 2844 560 est
2872 507 3147 569 convitiis,
3175 521 3352 576 neque
3377 510 3547 568 dixit.

209 600 309 654 Διὸ
343 601 438 653 καὶ
467 598 588 668 οξρδὲ
611 596 856 668 ὕϐρισεν.
887 596 1010 650 οὐδὲ
1056 595 1214 652 εἶπεν
1233 616 1248 630 ·
1309 599 1673 670 Ἀπάνορωπε
1726 603 1824 654 καὶ

211 693 690 762 ἀγνωμονέστατε,
746 689 888 755 ἀλλ’,
949 708 969 742 ι
1006 690 1206 756 Ἰούδα,
1239 710 1258 743 ι
1322 691 1400 762 τῷ
1425 693 1602 764 κυρίῳ
1654 682 1823 747 αὐτοῦ

210 785 444 856 «ipsa
471 782 910 852 ἀνακαλούμενος
941 785 1128 838 αὐτόν.
1148 785 1260 839 Καὶ
1287 785 1398 838 οὐδ’
1427 786 1496 840 ἂν
1523 788 1825 856 προσωνεί-

210 877 385 940 δτσεν,
418 877 468 928 εἱ
502 875 576 945 μὴ
599 876 692 928 καὶ
719 875 878 929 τοῦτο
912 879 993 940 είς
1025 876 1314 947 βελτίωσιν
1344 877 1514 932 αὑτοῦ
1545 874 1635 950 ἦν,
1662 878 1822 951 εἴπερ

211 970 490 1023 ἐϐούλετο.
531 967 646 1022 Ἰνα
671 970 780 1038 γὰρ
815 969 889 1041 μὴ
913 970 1041 1043 δόξῃ
1069 969 1276 1036 λαθεῖν,
1301 971 1416 1025 ἀλλ’
1433 974 1691 1040 ἐπιγνοὺς
1718 973 1822 1026 κᾶν

209 1061 336 1115 τότε
363 1061 477 1113 τὸν·
499 1063 804 1132 Δεσπότην,
824 1063 901 1126 ὡς
935 1064 1118 1115 πάντα
1150 1063 1352 1128 εἰδότα,
1387 1064 1701 1136 προσπέσῃ,
1727 1067 1824 1118 καὶ

211 1153 496 1223 μεταγνῷ.
528 1154 722 1209 τούτου
747 1155 936 1209 ἓνεκεν
961 1157 1056 1209 καὶ
1089 1158 1250 1210 τοῦτο
1275 1158 1528 1228 εποίησε.
1566 1160 1661 1211 καὶ
1683 1160 1824 1212 ὀνει-

207 1244 384 1305 δίζειν
418 1245 617 1309 ἔδοξεν.
655 1247 812 1318 ’ῌδει
842 1247 943 1314 μὲν
999 1237 1110 1318 γὰρ
1156 1248 1341 1312 αὑτὸν,
1376 1249 1459 1301 ὅτι
1491 1250 1823 1320 ἀδιόρθωτός

209 1333 382 1396 ἔστιν,
417 1333 535 1386 ἀλλ’
562 1329 656 1388 οὖν
705 1334 767 1387 τδ
807 1335 1004 1388 ἑαυτοῦ
1039 1337 1217 1390 ἐποίει
1238 1353 1254 1372 ο
1304 1337 1498 1408 ὥσπερ
1527 1339 1623 1393 οὖν
1667 1340 1763 1394 καὶ
1794 1342 1822 1393 6

208 1420 408 1490 Πατὴρ
444 1424 613 1477 αὐτοῦ
647 1425 704 1476 ὲν
750 1427 826 1494 ’τῇ
861 1425 1076 1498 Παλαιᾷ
1123 1430 1306 1480 ποιεῖ’
1359 1428 1516 1493 είδὼς
1548 1431 1624 1501 μὴ
1653 1432 1824 1484 ἀκού-

210 1529 408 1574 σοντας
438 1517 567 1579 τοὺς
604 1514 917 1586 Ἐϐραίους,
967 1519 1121 1589 ὅμως
1160 1521 1488 1576 ἀποστέλλει
1519 1525 1648 1587 τοὺς
1682 1541 1822 1593 προ-

207 1610 394 1678 φήτας
415 1625 429 1640 ο
461 1609 580 1680 ἅμα
611 1611 670 1663 δὲ
719 1614 816 1664 καὶ
870 1614 1021 1683 ἡμᾶς
1051 1614 1212 1668 τοῦτο
1241 1616 1378 1669 αὐτὸ
1405 1617 1702 1682 διδάσκων,
1733 1619 1822 1671 ἵνα

209 1702 289 1771 μὴ
324 1703 653 1774 ὲκκακῶμεν
670 1705 799 1770 τοὺς
832 1707 1132 1768 πταίοντας
1159 1708 1558 1779 διορθούμενοι.
1584 1711 1822 1782 Ζηλοῦσι

205 1793 266 1847 δὲ
294 1794 344 1847 οἱ
374 1793 636 1866 μαθηταὶ,
671 1798 766 1850 καὶ
826 1798 1112 1868 μαχαίρας
1138 1803 1531 1875 ἀνασύρονται.
1569 1805 1741 1859 Πόθεν
1762 1805 1822 1858 δὲ

1935 597 2101 670 477
2146 597 2190 653 Ο
2233 599 2533 652 inhumane
2561 608 2615 653 et
2683 597 3075 667 ingratissime,
3127 599 3246 662 sed,
3292 617 3310 651 ι
3341 598 3502 664 .luda,
3532 617 3551 650 ι

1941 695 2168 763 pr0prio
2221 709 2346 746 eum
2385 691 2610 746 nomine
2665 689 3052 760 compellans:
3109 707 3286 761 neque
3337 694 3559 762 gravius

1934 787 2096 840 simul
2137 786 2432 854 arguissct,
2471 785 2574 838 nisi
2606 795 2662 837 et
2703 785 2806 838 hoc
2859 785 2908 837 ei
2948 786 3212 838 cessisset
3246 787 3296 836 in
3337 785 3555 847 melius.

1933 878 1978 930 si
2007 877 2226 946 quidem
2268 877 2551 930 voluisset.
2586 875 2798 929 Etenim
2839 891 2905 928 ue
2949 887 3168 944 putaret
3199 873 3324 930 esse
3361 879 3552 932 occul-

1941 979 2078 1030 tum,
2134 968 2232 1022 sed
2270 978 2462 1021 nulum
2522 966 2778 1031 Domino,
2815 975 2871 1020 et
2917 966 2996 1019 vel
3033 974 3166 1020 tunc
3207 977 3335 1021 ante
3373 969 3557 1022 omnia

1934 1063 2200 1116 scientem
2237 1060 2627 1129 procumberet
2687 1071 2742 1115 et
2794 1061 3109 1129 paeniteret,
3166 1063 3268 1116 hoc
3325 1063 3472 1124 fecit,
3505 1073 3562 1117 et

1936 1159 2086 1210 visus
2105 1165 2186 1210 r8!
2217 1170 2342 1208 eum
2373 1152 2734 1210 confundere.
2779 1155 3082 1214 Etsciebat
3121 1158 3342 1224 quidem
3398 1157 3557 1222 illum

1940 1249 2421 1311 inemendabilem,
2455 1247 2692 1303 faciebat
2734 1257 2917 1304 tamen
2948 1251 3168 1304 interim
3196 1253 3340 1319 quod
3370 1265 3559 1321 suum,

1932 1342 2395 1412 quemadmodum
2455 1351 2512 1397 et
2562 1342 2729 1398 Pater
2778 1342 2900 1412 ejus
2950 1344 3003 1397 in
3060 1341 3245 1398 Veteri
3290 1343 3559 1408 faciebat;

1941 1437 2126 1490 sciens
2165 1436 2313 1489 enim
2351 1432 2572 1491 Iudaeos
2619 1451 2729 1489 non
2783 1437 3093 1501 audituros,
3135 1436 3392 1490 mittebat
3433 1452 3561 1506 pro-

1933 1530 2152 1598 phetas.
2185 1527 2397 1582 Interea
2428 1538 2484 1584 et
2523 1545 2623 1583 nos
2661 1529 2808 1584 ideui
2834 1531 3015 1594 docet,
3051 1540 3109 1584 ut
3147 1546 3213 1584 ne
3245 1529 3561 1584 correcturi

1933 1622 2138 1691 lapsos,
2179 1622 2502 1678 deficiamus
2535 1632 2591 1678 et
2625 1621 2909 1677 laboribus
2948 1624 3235 1677 cedamus.
3271 1622 3444 1676 Porro
3476 1622 3562 1677 di-

1931 1716 2126 1786 stipuli
2157 1717 2276 1771 zelo
2309 1713 2632 1787 ﬂagrantes,
2659 1717 2825 1770 etiam
2845 1716 3062 1784 gladios
3089 1716 3362 1772 eximunt.
3401 1716 3564 1771 Unde

1932 1820 2128 1862 autem.
2179 1809 2302 1864 illos
2362 1807 2684 1865 habebant?
2729 1811 2948 1879 Aguutn
3014 1809 3391 1874 immolaraut,
3441 1820 3496 1865 et
3531 1825 3562 1864 a

205 1886 416 1948 ταύτας
447 1882 622 1956 εἴχον;
655 1889 730 1941 Τὸ
753 1891 940 1959 ἀρνίον
959 1889 1251 1958 θύσαντες,
1272 1895 1366 1948 καὶ
1403 1897 1512 1951 ἀπὸ
1541 1896 1820 1966 τραπέζης

1933 1913 2122 1953 mensa
2155 1899 2428 1954 exierant.
2454 1899 2524 1953 At
2563 1898 2815 1969 arguitur
2842 1897 3060 1964 Petrus,
3084 1899 3178 1968 qui
3209 1909 3408 1968 praeter
3439 1913 3564 1956 sco-

207 1977 613 2048 ἐξεληλυθότες,
650 1982 877 2046 εἰκότως
910 1983 1062 2053 εἶχον
1100 1987 1326 2051 ταύτας.
1370 1987 1730 2058 Ἐπιτιμᾶται
1763 1990 1820 2043 δὲ

213 2069 245 2120 6
281 2067 488 2139 θερμὸς
527 2070 757 2141 Πέτρος,
792 2074 868 2134 ὼς
915 2075 1068 2145 παρά
1111 2079 1204 2131 τὸν
1238 2079 1446 2132 σκοπὸν
1476 2079 1572 2133 τοῦ
1608 2080 1820 2151 Κυρίου

206 2158 361 2230 ζήλῳ
395 2163 765 2232 χρησάμενος.
802 2165 1004 2235 Οί”μὲν
1029 2167 1140 2238 γὰρ
1168 2168 1319 2223 ἄλλοι
1351 2170 1634 2241 ἐρωτῶσιν
1653 2190 1666 2202 ο
1711 2190 1730 2222 ι
1755 2171 1820 2224 El

205 2250 567 2322 πατάξομενς
600 2255 767 2316 αὐτὸς
806 2255 864 2308 δὲ
912 2257 975 2310 ού
1012 2260 1302 2328 περιμένει
1340 2260 1698 2330 προτροπήνο
1726 2258 1820 2313 οὗ·

205 2359 288 2396 τω
320 2345 598 2414 πανταχοῦ
635 2345 776 2409 ζέων
803 2343 872 2416 ἦν
894 2347 1036 2419 ὑπὲρ
1063 2349 1160 2402 τοῦ
1196 2349 1562 2406 Διδασκάλου.
1600 2351 1816 2406 Πατάσ-

211 2453 298 2489 σει
330 2436 385 2488 δὲ
410 2436 502 2489 τὸν
528 2437 716 2490 δοῦλον
759 2439 855 2492 τοῦ
885 2440 1212 2512 ἀρχιερέως,
1266 2443 1360 2496 καὶ
1397 2443 1626 2514 ἀφαιρεῖ
1648 2442 1819 2498 αὑτοῦ

202 2524 270 2576 τὺ
297 2523 389 2589 οὓς
408 2525 470 2579 τὸ
499 2525 694 2593 δεξιόν.
735 2527 811 2582 Οὐ
847 2531 1090 2600 τυχαίως
1129 2530 1314 2601 τοῦτο,
1370 2533 1510 2588 ἀλλά
1543 2533 1818 2604 σύμϐολον

203 2614 268 2671 ὂν
290 2618 383 2670 τοῦ
411 2620 536 2681 τοὺς
565 2622 685 2673 τότε
713 2622 994 2694 ἀρχιερεῖς
1019 2624 1267 2690 ἅπαντας
1288 2627 1514 2692 δούλους
1536 2628 1818 2696 γενέσθαι,

209 2712 310 2764 καὶ
340 2712 607 2766 ἀπολέσαι
629 2714 728 2786 τὴν
754 2715 937 2783 δεξιὰν
966 2720 1159 2786 ἀκοήν.
1208 2721 1271 2773 El
1296 2722 1404 2793 γὰρ
1447 2722 1647 2793 ἢκουον
1691 2725 1824 2778 Μω-

208 2804 378 2869 σέως,
431 2804 531 2857 οὐκ
572 2805 640 2859 ἂν
691 2805 786 2859 τὸν
821 2807 1027 2879 Κύριον
1071 2810 1171 2879 τῆς
1217 2811 1379 2882 δόξης
1431 2813 1817 2884 ἐσταύρωσαν.

215 2891 428 2966 Ἰησοῦς
458 2899 513 2952 δὲ
546 2901 609 2954 τὸ
667 2902 831 2956 ὠτίον
879 2905 1320 2977 ἀποκαθίστησι·
1353 2908 1558 2979 πρέπει
1583 2909 1696 2980 γὰρ
1749 2913 1818 2982 τῇ

210 2991 429 3062 μεγάλῃ
477 2993 571 3046 τοῦ
603 2996 777 3062 Λόγου
822 2995 1058 3064 δυνάμει
1094 2999 1154 3051 τὸ
1209 2999 1338 3060 τοὺς
1395 3000 1823 3069 παρακούοντας

206 3080 419 3145 Idaliam,
448 3085 542 3138 καὶ
571 3085 926 3155 προστιθέναι
960 3089 1148 3152 αὐτοῖς
1176 3090 1338 3144 ὠτίον
1374 3093 1454 3155 είς
1481 3092 1543 3146 τὸ
1574 3093 1818 3150 ἀκούειν.

206 3172 640 3246 Θαυματουργεῖ
683 3179 869 3232 τοίνυν
901 3181 930 3233 6
965 3181 1197 3249 Ἰησοῦς,
1229 3182 1320 3236 διά
1349 3183 1447 3236 τοῦ
1480 3187 1819 3256 φαινομένου

1929 2006 2059 2062 pum
2089 1993 2305 2047 Domini
2331 1994 2451 2049 zelo
2475 2011 2606 2048 usus
2638 2004 2807 2050 esset.
2836 1992 2943 2046 Alii
2963 1993 3166 2048 etenim
3193 1994 3562 2064 interrogant,

1943 2081 2132 2138 «Nam
2195 2085 2608 2154 percutit-mus?
2647 2104 2666 2138 ι
2710 2085 2832 2156 Ipse
2893 2096 3077 2139 autem
3141 2101 3249 2138 non
3304 2095 3565 2152 expectat

1928 2189 2290 2250 praeceptum.
2327 2179 2404 2233 ιω
2433 2195 2649 2250 semper
2683 2179 2934 2234 fervebat
2977 2195 3074 2249 pro
3109 2178 3394 2249 Magistro.
3431 2179 3560 2234 l’er-

1935 2271 2076 2336 cutit
2110 2281 2297 2325 autem
2345 2287 2565 2326 servum
2610 2270 2912 2340 pontificis,
2954 2281 3011 2326 et
3063 2281 3315 2340 aumutat
3370 2286 3560 2326 aurem

1926 2362 2045 2431 ejus
2085 2365 2358 2420 dextram.
2393 2362 2580 2435 Neque
2612 2367 2716 2420 huc
2745 2365 2977 2421 fortuito
3019 2366 3281 2436 contigit,
3321 2366 3416 2422 sed
3445 2365 3559 2436 sig-

1926 2471 2058 2512 num
2082 2456 2187 2523 hoc
2214 2467 2352 2525 erat,
2384 2459 2680 2515 Peutitlces
2701 2461 2792 2528 qui
2820 2473 2950 2516 tunc
2986 2472 3164 2526 erant,
3186 2475 3350 2517 omne
3369 2476 3397 2516 ο
3433 2471 3565 2517 utu-

1930 2560 2022 2601 ros
2056 2562 2273 2615 servos,
2305 2559 2364 2603 ct
2387 2550 2698 2616 perdituros
2717 2552 3018 2606 auriculam
3038 2553 3316 2608 dextram.
3333 2550 3562 2607 Etenim

1926 2640 1972 2693 si
2006 2637 2195 2695 Mosen
2264 2641 2625 2708 audivissent,
2679 2641 2968 2699 Dominum
3017 2647 3205 2717 gloriae
3265 2659 3562 2716 numquam

1926 2731 2352 2788 crucifixissent.
2411 2731 2613 2789 Verum
2682 2735 2844 2792 Iesus
2897 2738 3201 2793 auriculam
3301 2739 3563 2794 restituit.

1930 2824 2098 2881 Decet
2134 2828 2283 2882 enim
2331 2828 2596 2882 virtutem
2642 2827 2806 2886 Verbi
2841 2846 3041 2887 sanare
3074 2832 3477 2898 inobcdieutes,
3511 2843 3568 2888 et

1938 2934 2222 2990 apponere
2271 2923 2353 2978 eis
2400 2924 2708 2979 auriculam
2745 2938 2804 2979 ut
2858 2928 3107 2982 audiant.
3170 2925 3335 2983 Jesus
3373 2929 3562 2996 itaque

1942 3013 2302 3069 manifestum
2347 3017 2672 3072 miraculum
2706 3017 2862 3084 facit,
2899 3032 2954 3074 et
3001 3020 3310 3076 amiculum
3337 3036 3564 3088 sanans,

1937 3106 2210 3162 miraculo
2241 3109 2564 3178 patientiam
2600 3110 2759 3166 suam
2790 3116 3121 3182 ostendens,
3159 3125 3214 3170 et
3244 3129 3339 3185 per
3393 3115 3567 3169 inira~

1929 3199 2113 3255 culum
2166 3201 2436 3257 inducens
2478 3219 2577 3259 eos
2618 3217 2677 3260 ut
2717 3207 2786 3259 ab
2819 3207 3033 3261 insania
3067 3209 3364 3263 ahsismut.
3426 3206 3566 3267 Dicit

204 3266 405 3320 τούτου
439 3270 534 3321 ἐπὶ
556 3269 634 3340 τῷ
661 3270 810 3341 ὠτίῳ
831 3271 1111 3344 θαύματος
1136 3272 1237 3345 τὴν
1266 3274 1626 3342 ἀνεξικακίαν
1647 3276 1818 3331 αὑτοῦ

1932 3303 2113 3348 autem
2146 3295 2212 3348 ad
2241 3297 2520 3363 principes
2574 3301 2953 3366 sacerdotum,
2993 3310 3047 3354 ct
3078 3302 3146 3354 ad
3206 3302 3567 3371 magistratus

205 3360 497 3426 δεικνύων,
523 3365 617 3416 καὶ
646 3363 736 3417 διὰ
764 3364 898 3432 γοῦν
922 3364 1018 3418 τοῦ
1053 3364 1337 3436 θαύματος
1374 3368 1591 3436 ὲνάγων
1616 3369 1819 3433 αὐτοὺς

205 3455 291 3514 εἰς
317 3454 378 3505 τὸ
409 3455 714 3525 ἀπέχεσθαι
735 3456 835 3527 τῆς
893 3459 1114 3526 μανίας.
1171 3459 1338 3528 Λέγει
1389 3460 1445 3513 δὲ
1496 3460 1634 3532 πρὸς
1691 3463 1820 3528 τοὺς

203 3545 491 3616 ἀρχιερεῖς
529 3549 624 3601 καὶ
674 3551 1024 3621 στρατηγοὺς
1052 3552 1147 3606 τοῦ
1191 3553 1362 3625 ἱεροῦ,
1392 3557 1664 3624 τουτέστι,
1688 3558 1818 3623 τοὺς

203 3638 515 3705 ταξεώτας,
564 3645 691 3707 τοὺς
718 3645 816 3698 ἐπὶ
844 3644 924 3715 τῷ
953 3649 1245 3701 ἐκτάσσειν
1297 3653 1674 3722 τεταγμένους
1721 3653 1822 3718 τὰς

207 3732 496 3802 ἱερατικὰς
527 3735 880 3807 ἀπαιτήσεις,
906 3738 938 3807 ἢ
978 3740 1068 3791 καὶ
1098 3742 1222 3804 τοὺς
1255 3745 1729 3814 πεπιστευμένους
1753 3747 1824 3801 τά

202 3825 310 3893 τῆς
336 3827 702 3898 ὲποικοδομῆς
730 3829 824 3882 τοῦ
842 3831 992 3900 ἱεροῦ
1007 3834 1100 3886 καὶ
1127 3833 1434 3905 ἐπισκευῆς
1448 3836 1590 3908 ἔργα
1612 3855 1820 3909 στρατ-

205 3919 380 3987 ηγοὺς
415 3919 693 3990 ὀνομάζει.
734 3923 906 3995 Φησὶν
935 3924 1027 3978 οὖν
1060 3927 1199 3997 πρὸς
1257 3928 1516 3993 τούτους*
1559 3933 1825 4005 Καθημέ-

207 4026 314 4079 ραν
348 4013 406 4064 ὲν
466 4013 534 4083 τῷ
570 4015 703 4086 ἱερῷ
753 4017 1055 4085 ἐδίδασκον,
1093 4019 1190 4074 καὶ
1244 4022 1348 4077 οὑκ
1399 4023 1712 4098 ἠθελήσατέ
1755 4046 1824 4100 με

207 4104 525 4170 συλλαϐεῖν,
551 4112 645 4161 καὶ
678 4109 774 4161 νῦν
797 4113 1112 4182 λῃστρικῶς
1144 4116 1437 4187 ἐπήλθετε.
1479 4121 1622 4173 Ἀλλ’
1650 4123 1824 4188 ὅντως

1932 3385 2142 3454 templi.
2195 3387 2509 3459 Στρατηγοὶ
2546 3403 2601 3443 et
2637 3390 2828 3446 mdiles
2875 3390 3242 3459 dicebantur,
3290 3395 3382 3464 qui
3431 3408 3566 3449 con-

1928 3477 2104 3532 stituti
2155 3492 2314 3534 erant
2353 3486 2420 3534 ad
2450 3484 2789 3551 exquirenda
2822 3500 2885 3539 ea
2916 3500 3036 3553 quin
3069 3486 3137 3538 ad
3173 3486 3364 3555 templi
3398 3502 3559 3542 usum

1930 3571 2316 3648 exigebantur,
2353 3574 2433 3629 vel
2463 3576 2556 3646 qui
2596 3577 2844 3645 praefecti
2883 3588 3042 3631 erant
3079 3579 3314 3633 aedificio
3346 3590 3400 3633 et
3432 3595 3567 3635 con-

1931 3665 2228 3720 structioni
2252 3667 2461 3737 templi.
2493 3670 2574 3722 Ad
2612 3669 2711 3723 hos
2746 3670 2915 3740 igitur
2947 3669 3080 3725 dicit
3117 3690 3130 3726 :
3178 3671 3436 3737 Quotidie
3469 3671 3567 3727 do-

1931 3754 2123 3811 cebam
2164 3756 2219 3810 in
2275 3759 2500 3827 templo,
2538 3768 2595 3813 et
2636 3759 2890 3816 noluistis
2928 3778 3014 3818 me
3057 3765 3561 3834 comprehendere,

1933 3857 1986 3902 ct
2037 3863 2183 3901 nunc
2217 3850 2378 3920 quasi
2412 3851 2658 3910 latrones
2693 3857 2955 3911 invaditis
2982 3875 2995 3912 :
3021 3859 3118 3912 sed
3155 3873 3345 3912 revera
3383 3857 3565 3911 noctis

1934 3942 2221 3999 attentatis
2243 3959 2438 4015 opera,
2471 3956 2525 4000 et
2555 3957 2805 4017 potestas
2842 3958 3024 4004 vestra
3060 3951 3421 4005 tenebrarum
3442 3961 3560 4004 est:

1937 4045 2106 4105 atque
2139 4037 2350 4094 idcirco
2394 4041 2536 4095 hanc
2560 4045 2752 4097 horam
2781 4045 3118 4111 observatis,
3150 4061 3272 4115 qua:
3299 4045 3562 4100 convenit

1938 4131 2097 4186 vobis
2139 4145 2194 4186 et
2227 4136 2407 4203 operi,
2444 4151 2555 4205 quo
2585 4153 2673 4190 me
2710 4140 2989 4193 invaditis.

204 4201 407 4262 νυκτὸς
456 4202 640 4268 ἔργοις
671 4205 1032 4277 ιπιχειρείτε,
1087 4211 1184 4264 καὶ
1213 4212 1252 4307 η
1280 4212 1502 4279 ἐξουσία
1538 4214 1697 4284 ὑμῶν
1728 4216 1824 4271 τοῦ
1867 4223 2097 4289 σκότους
2161 4201 2280 4279 ἐστί
2303 4244 2316 4255 ο
2354 4201 2561 4282 καὶ-διά
2586 4230 2744 4283 τοῦτο
2779 4232 3044 4303 τοιαύτην
3100 4231 3252 4302 ὤραν
3281 4235 3566 4307 ἐπετηρή-

206 4310 339 4348 σατε
368 4297 578 4351 οἰκείαν
607 4299 760 4369 ὑμῖν,
802 4303 896 4354 καὶ
926 4303 1003 4370 τῷ
1075 4320 1190 4372 ργῳ
1219 4298 1264 4373 ᾧ
1293 4305 1687 4372 έπεῦἀλλεσθε,

285 4409 303 4438 ι
336 4387 703 4454 Συλλαδόντες
737 4392 795 4445 δὲ
821 4393 985 4447 αὐτὸν
1021 4399 1030 4422 ³
1072 4413 1252 4464 ίαγον,
1288 4401 1383 4452 καὶ
1412 4402 1712 4473 εἰσήγαγον
1742 4406 1823 4470 είς

203 4482 307 4551 τὴν
340 4483 522 4539 οἰκίαν
550 4485 654 4538 *τοῦ¹
682 4487 1009 4559 ἀρχιερέως.
1075 4493 1117 4544 0
1167 4493 1226 4546 δὲ
1272 4494 1483 4565 Πέτρος
1529 4497 1822 4567 ἠκολούθει

2006 4403 2175 4462 Vens.
2217 4407 2387 4463 54-62
2441 4430 2459 4460 ι
2492 4409 2968 4481 Comprehensum
3008 4423 3194 4470 autem
3223 4433 3349 4471 eum
3387 4420 3562 4476 duxe—

1937 4511 2084 4568 runt,
2109 4513 2165 4557 et
2202 4504 2542 4561 induxerunt
2575 4508 2629 4561 in
2647 4508 2872 4563 dommn
2896 4511 3162 4582 principis
3188 4514 3563 4571 sacerdotum.

207 4576 510 4646 μακρόθεν.
549 4579 831 4648 Ἀψάντων
863 4581 920 4635 δὲ
953 4581 1066 4654 πῦρ
1098 4586 1156 4639 ὲν
1195 4586 1350 4658 μέσῳ
1380 4588 1482 4658 τῆς
1511 4590 1820 4661 αὑλῆς,κα“ι

1932 4595 2122 4652 Petrus
2147 4611 2280 4652 vero
2301 4600 2635 4670 sequebatur
2663 4607 2906 4659 ciuiuus.
2956 4603 3098 4660 Cum
3132 4617 3318 4662 autem
3360 4623 3564 4666 accen-

204 4667 662 4734 σ·.›γκαθισάντων
713 4671 919 4738 αὐτῶν,
976 4675 1216 4748 ἐκάθητο
1267 4680 1296 4730 6
1331 4679 1540 4751 Πέτρος
1574 4683 1633 4735 ὲν
1669 4684 1823 4756 μέσῳ

201 4759 407 4814 αὐτῶν.
466 4761 674 4816 ’ἰδοῦσα
709 4763 766 4817 δὲ
823 4765 990 4819 αὐτὸν
1047 4769 1312 4840 παιδίσκη
1362 4789 1448 4835 τις
1506 4774 1823 4847 καθήμενον

202 4853 342 4922 πρὸς
375 4853 437 4905 τὸ
469 4854 607 4921 φῶς,
681 4856 781 4910 καὶ⁵
811 4858 1121 4913 ἀτενίσασα
1170 4861 1346 4934 αὐτῷ,
1382 4859 1539 4919 εἷπε·
1583 4867 1696 4921 Καὶ
1728 4860 1822 4922 οὗ·

199 4962 297 5008 τος
330 4946 429 5000 σὺν
467 4947 619 5018 αύτῷ
661 4945 749 5020 ἦν.
797 4949 856 5003 '0
911 4951 968 5004 δὲ
1026 4954 1315 5024 ἠρνήσατο
1374 4958 1542 5012 αὑτὸν
1593 4959 1818 5029 ’λέγων’

197 5040 392 5106 Γύναι,
433 5043 536 5095 οὐκ
576 5039 694 5096 οἶδα
720 5045 904 5098 αὐτόν.
932 5047 1040 5098 Kal.
1078 5049 1218 5118 μετά
1241 5049 1419 5121 βραχὺ
1452 5053 1644 5122 ἕτερος
1688 5055 1819 5111 ἰδὼν

198 5133 368 5186 αὑτὸν
403 5133 539 5204 ἔφη·
581 5135 693 5188 Καὶ
719 5137 785 5190 σὺ
811 5136 1070 5201 ἐξαύτῶν
1100 5135 1170 5193 εἴ.
1213 5141 1272 5194 ’0
1301 5144 1358 5196 δὲ
1387 5144 1596 5215 Πέτρος
1624 5143 1816 5201 εἶπεν·

203 5225 637 5295 Ἀνθρωπε,ζούκ
665 5229 803 5298 είμί.
833 5230 944 5283 Καὶ
972 5231 1274 5305 διαστάσης
1300 5235 1435 5290 ὡσεὶ
1468 5239 1625 5311 ὥρας
1662 5244 1816 5312 μιᾶς,

196 5320 362 5381 ἄλλος
393 5338 477 5383 τις
506 5312 881 5405 διισχυρίζετο
904 5323 1082 5392 λέγων
1108 5343 1121 5356 ·
1143 5327 1263 5380 Ἐπ’
1284 5329 1568 5401 ἀληθείας,
1603 5339 1696 5389 καὶ
1728 5332 1821 5389 οὗ-

196 5435 293 5480 τος
333 5419 452 5487 μετ’
493 5418 662 5472 αὑτοῦ
695 5415 794 5490 ἦν’
833 5423 930 5474 καὶ
976 5423 1089 5494 γὰρ
1123 5423 1409 5490 Γαλιλαῖός
1470 5430 1643 5485 ἐστιν.
1678 5428 1817 5486 Εἶπε

196 5513 258 5566 δὲ
287 5515 316 5565 6
345 5511 553 5582 Πέτρος
576 5531 591 5544 ·
629 5514 945 5584 Ἀνθρωπε,
981 5517 1081 5571 οὐκ
1108 5512 1229 5574 οἶδα
1265 5520 1294 5573 ὃ
1325 5520 1530 5591 λέγεις.
1561 5527 1674 5581 Καὶ
1709 5546 1817 5582 πα-

200 5611 467 5680 ραχρῆμα
495 5609 576 5664 ἔτι
609 5610 901 5677 λαλοῦντος
934 5614 1127 5682 αὑτοῦ,
1156 5616 1442 5691 ἐφώνησεν
1469 5625 1496 5676 6
1536 5624 1809 5698 ἀλέκτωρ.

196 5702 314 5757 Καὶ
337 5705 604 5774 στραφεὶς
631 5706 659 5756 6
691 5705 899 5776 Κύριος
929 5708 1189 5780 ἐνέϐλεψε
1216 5712 1294 5783 τῷ
1326 5715 1544 5788 Πέτρῳ,
1583 5720 1680 5772 καὶ
1705 5721 1811 5773 ύπ-

197 5793 448 5866 εμνήσθη
483 5799 509 5848 ὁ
544 5798 753 5868 Πέτρος
797 5800 892 5853 τοῦ
924 5801 1085 5870 λόγου
1115 5803 1207 5855 τοῦ
1239 5807 1469 5876 Κυρίου,
1527 5810 1603 5873 ὡς
1654 5810 1814 5868 εἶπεν

196 5889 368 5959 άύτιῖι.
403 5891 480 5945 ὅτι
519 5894 653 5962 Πρὶν
699 5893 965 5965 ἀλέκτορα
1006 5915 1055 5967 ςῖ
1082 5898 1276 5968 ενῆσκι,
1317 5903 1533 5974 ἀρνήσῃ
1569 5908 1805 5975 manu

1937 4690 2149 4745 dissent
2182 4691 2371 4762 ignem
2404 4694 2456 4747 iu
2492 4695 2675 4751 medio
2715 4697 2882 4760 aulcc,
2916 4708 3088 4767 atque
3121 4716 3230 4755 una
3266 4703 3561 4759 consedis-

1935 4791 2081 4840 seut.
2112 4782 2255 4836 sedit
2282 4793 2339 4838 et
2368 4781 2567 4839 Petrus
2595 4787 2737 4842 inter
2766 4788 2912 4844 illos.
2952 4789 3130 4856 Quem
3170 4807 3297 4848 cum
3333 4795 3568 4852 vidisset

1932 4873 2129 4928 ancilla
2155 4879 2406 4946 quasdam
2441 4882 2727 4936 sedentem
2765 4883 2834 4937 ad
2866 4883 3074 4951 lumen,
3102 4886 3297 4943 defixis
3324 4888 3376 4942 in
3410 4888 3564 4946 illum

1932 4967 2134 5035 oculis,
2178 4970 2320 5026 dixit
2359 4991 2370 5026 :
2403 4971 2470 5028 Et
2498 4974 2585 5028 hic
2608 4990 2732 5031 cum
2757 4975 2850 5031 illo
2878 4987 3018 5033 erat.
3047 4982 3118 5034 At
3148 4981 3239 5035 ille
3269 4981 3567 5054 abnegavit

1932 5073 2082 5124 etim,
2117 5062 2310 5118 dicens
2345 5083 2356 5118 :
2393 5063 2608 5132 Mulier,
2644 5084 2753 5122 non
2781 5070 2907 5123 novi
2938 5069 3117 5126 illum.
3146 5071 3215 5126 Et
3237 5083 3359 5143 post
3388 5078 3568 5146 pusil-

1934 5153 2046 5207 lum
2083 5155 2226 5231 alius
2260 5159 2456 5215 videns
2491 5177 2616 5216 cum
2644 5165 2802 5230 dixit,
2837 5163 2903 5220 Et
2929 5177 2982 5221 tu
3015 5170 3084 5222 de
3115 5168 3223 5224 illis
3251 5149 3331 5225 es.
3363 5169 3565 5228 Petrus

1935 5263 2068 5302 vero
2099 5249 2175 5304 ait
2210 5269 2222 5303 :
2267 5250 2468 5312 Homo.
2515 5271 2623 5309 non
2658 5273 2805 5313 sum.
2841 5259 2907 5314 Et
2940 5262 3235 5317 intervallo
3266 5263 3560 5335 interiecto

1930 5338 2044 5395 fere
2070 5341 2221 5398 hora:
2249 5346 2433 5412 unius,
2475 5349 2617 5406 alius
2668 5354 2892 5422 quidam
2935 5355 3266 5423 aﬂirmabat,
3313 5359 3506 5415 dicens
3541 5379 3553 5415 :

1931 5431 2072 5489 Vere
2101 5446 2156 5490 et
2189 5439 2277 5495 hic
2305 5455 2434 5496 cum
2482 5443 2573 5498 illo
2607 5456 2748 5510 erat,
2786 5465 2910 5501 nam
2950 5459 3005 5504 et
3038 5449 3297 5507 Galilazus
3341 5464 3444 5507 est.
3480 5454 3550 5508 Et

1927 5527 2004 5582 ait
2035 5527 2232 5588 Petrus
2272 5553 2284 5587 :
2328 5535 2524 5603 llomo,
2575 5542 2764 5595 nescio
2797 5544 2925 5610 quid
2969 5545 3143 5597 dicae.
3181 5544 3246 5599 Et
3293 5547 3559 5601 continuo

1926 5622 2113 5683 adhuc
2163 5628 2257 5683 illo
2311 5629 2570 5701 loquente
2627 5637 2832 5689 cecinit
2893 5638 3087 5705 gallus.
3135 5638 3202 5692 Et
3254 5655 3560 5694 conversus

1931 5724 2196 5778 Dominus
2246 5723 2482 5782 intuitus
2513 5736 2598 5782 est
2624 5726 2873 5794 Petrum,
2926 5730 3098 5804 578
3147 5745 3201 5788 et
3240 5733 3561 5789 rrcordatus

1923 5830 2009 5873 est
2069 5818 2266 5874 Petrus
2330 5823 2482 5876 verbi
2529 5821 2784 5890 Domini,
2841 5831 3120 5895 quomolo
3162 5829 3380 5883 dixerat
3425 5827 3553 5899 ipsi.

1926 5910 2258 5982 Priusquam
2324 5915 2499 5984 gallus
2554 5916 2843 5984 cecinerit,
2909 5931 3110 5976 termc
3181 5922 3428 5992 negabis.
3492 5918 3559 5977 Ει
