4228 6428
742 406 881 481 1081

1601 416 2188 477 THEOPI-IYLACTI
2223 414 2636 478 BULGARLE
2678 410 3040 474 ARCHIEP.

3908 406 4050 473 1088

731 547 987 602 egressus
1014 531 1157 587 foras
1186 529 1381 585 Petrus
1431 530 1576 585 ﬂevit
1606 544 1810 585 amare.
1847 550 1865 583 ι
1925 530 2176 585 Inﬁrmus
2224 530 2299 585 fui

2433 531 2541 583 Καὶ
2568 528 2798 593 ἐξελθὼν
2821 526 2945 591 ἔξω,
2970 526 3201 579 ἔκλαυσα
3231 522 3461 593 πικρῶς..
3492 541 3510 573 ι
3558 521 3882 591 Ἠσθὲνησε
3913 525 4053 575 κατὰ

729 623 1093 690 Petrusjuxta
1130 624 1534 691 praedictionem
1554 622 1777 687 Christi,
1813 634 1866 678 et
1886 625 2101 693 negavit
2136 623 2322 679 Domi-

729 732 858 773 num
881 730 984 769 non
1005 715 1193 779 semel,
1221 717 1314 779 sed
1344 726 1443 780 ter,
1474 726 1527 769 et
1564 729 1685 768 cum
1715 715 2030 785 juramcnto
2056 716 2181 771 fecit
2222 734 2316 772 ne-

729 810 1019 879 gationem.
1051 808 1187 862 Dicit
1213 809 1356 861 enim
1395 806 1703 873 Mattheus,
1737 811 1879 877 quod
1914 828 1931 861 ι
1958 809 2198 878 Coeperit
2221 810 2319 865 de-

728 901 914 955 testari
970 908 1019 953 et
1064 900 1253 968 jurare
1307 900 1451 968 quod
1502 902 1787 955 nesciebat
1852 902 2150 956 hominem.
2206 902 2317 957 »1η

728 999 936 1045 tantum
964 992 1161 1044 malum
1186 1002 1329 1045 metu
1356 1005 1664 1062 correptus,
1701 1003 1754 1047 ct
1778 1010 1968 1062 parum
2013 1010 2040 1047 a
2086 994 2320 1049 Domino

725 1084 1017 1138 derelictus
1042 1094 1264 1153 pr0pter
1300 1088 1661 1140 temeritatem
1691 1088 1954 1155 pervenit,
1980 1098 2038 1141 ut
2063 1090 2320 1145 doceatur

725 1174 872 1237 quod
913 1172 978 1225 ad
1038 1173 1269 1226 dandam
1322 1174 1445 1229 aliis
1485 1176 1700 1229 veniam
1735 1184 1788 1229 et
1840 1178 1955 1245 ipse
2000 1178 2172 1233 facilis
2223 1182 2315 1236 sit.

723 1259 1063 1317 Pertinacior
1084 1267 1229 1318 enim
1256 1277 1377 1319 erat
1408 1286 1421 1319 :
1454 1280 1507 1320 et
1540 1269 1640 1322 nisi
1667 1269 1745 1323 sic
1792 1270 1981 1325 fuisset
2012 1285 2316 1339 correctus,

723 1354 845 1407 aliis
868 1355 1079 1407 veniam
1103 1371 1207 1408 non
1231 1356 1491 1420 dedisset,
1517 1374 1746 1413 manens
1767 1359 1820 1412 in
1846 1378 1942 1415 sua
1970 1366 2313 1418 morositate.

722 1444 896 1499 Porro
916 1458 1045 1499 tunc
1076 1464 1248 1516 usque
1271 1452 1405 1502 adeo
1424 1462 1568 1505 metu
1598 1453 1866 1508 confusus
1889 1468 1992 1518 est,
2024 1468 2080 1509 ut
2105 1459 2314 1512 rninatn

727 1554 835 1593 non
888 1541 1172 1601 sensisset,
1234 1543 1334 1595 nisi
1383 1543 1642 1599 Dominus
1705 1550 2042 1615 respexisset
2091 1565 2238 1605 eum.
2272 1549 2317 1605 Ο

721 1630 1059 1686 bonitatem!
1120 1632 1344 1689 Etiamsi
1399 1638 1883 1701 condemnaretur,
1923 1656 2027 1694 non
2081 1642 2317 1711 neglexit

722 1724 972 1789 discipuli
1006 1726 1257 1781 salutem.
1298 1728 1518 1783 Merito.
1546 1728 1679 1783 Nam
1709 1740 1762 1785 et
1796 1734 2178 1787 condemnatio
2215 1737 2313 1789 ista

722 1823 945 1881 propter
972 1812 1202 1867 salutem
1245 1816 1526 1871 hominum
1561 1820 1629 1873 ab
1670 1821 1786 1886 ipso
1819 1821 2168 1877 tolerabatur.
2206 1824 2316 1877 Ita-

2429 621 2529 692 τὴν
2558 621 2863 691 πρόρρησιν
2886 618 2985 672 τοῦ
3016 616 3257 686 Χριστοῦ
3281 616 3309 669 6
3344 616 3549 685 Πέτρος
3570 654 3586 677 ,
3624 614 3720 671 καὶ
3748 614 4053 683 ἠρνήσατο

2428 716 2518 770 τὸν
2544 714 2824 783 Δεσπότην
2850 710 3083 782 Χριστὸν
3116 711 3215 781 οὐχ
3247 708 3417 775 απαξ,
3451 706 3586 762 ἀλλά
3613 709 3709 761 καὶ
3738 708 3902 777 τρὶς,
3960 708 4053 761 καὶ

2428 807 2701 876 ἐνώμοτον
2752 807 2989 858 ἐποιεῖτο
3037 804 3137 875 τὴν
3187 802 3440 874 ἄρνησιν.
3484 802 3624 871 Φησὶ
3667 802 3787 871 γὰρ
3823 802 3857 852 ὁ
3897 800 4053 853 Ma:-

2430 899 2601 961 θαίος,
2633 898 2714 951 ὅτι
2760 917 2779 949 ι
2819 898 3063 967 Ἤρξατο
3093 894 3652 964 καταναθεματίζειν,
3677 894 3780 947 καὶ
3811 893 4050 963 ὀμνύειν

2427 990 2507 1044 ὅτι
2535 991 2649 1043 Οὐκ
2694 985 2813 1043 οἶδα
2855 988 2945 1041 τὸν
2985 987 3292 1057 ἄνθρωπον.
3332 1005 3350 1037 ι
3392 984 3662 1038 Τοσοῦτον
3694 985 3757 1037 δὲ
3788 986 3913 1055 ἄρα
3939 985 4048 1035 ὑπὸ

2425 1079 2525 1148 τῆς
2554 1078 2756 1142 δειλίας
2788 1077 3113 1147 κατεσχέθη,
3152 1074 3605 1145 ἐγκαταλειφθεὶς
3635 1075 3783 1144 πρὸς
3843 1074 4048 1143 stupor

2424 1173 2511 1225 oti
2551 1173 2649 1243 τὴν
2679 1171 3021 1243 θρασύτητα,
3073 1170 3148 1233 ώς
3181 1169 3248 1223 ἂν
3300 1169 3630 1233 παιδευθεὶς,
3684 1171 3809 1229 τοῖς
3860 1167 4049 1228 ἄλλοις

2427 1264 2769 1333 συγγνώμων
2817 1263 2924 1331 εῐη.
2975 1261 3418 1332 Προπετέστερος
3447 1261 3554 1333 γὰρ
3598 1255 3692 1331 ἦν,
3734 1260 3839 1311 καὶ
3869 1261 3921 1311 εἰ
3976 1260 4048 1328 μὴ

2422 1356 2676 1409 ἐντεῦθεν
2734 1354 3136 1425 ἐσωφρονίσθη,
3196 1354 3444 1418 αὐθαδῶς
3496 1356 3563 1406 ἂν
3598 1353 3669 1405 τὰ
3708 1350 3898 1404 πολλὰ
3958 1352 4049 1403 καί

2424 1449 2872 1517 ἀσυγγνωμόνως
2895 1447 3112 1523 διῆγεν,
3162 1445 3325 1499 Ἀλλά
3351 1446 3471 1498 τότε
3502 1462 3567 1512 γε
3600 1443 3880 1497 τοσοῦτον
3942 1442 4047 1494 ὑπὸ

2424 1543 2629 1606 δειλίας
2655 1544 2998 1615 κατεχώσθη,
3027 1542 3168 1596 ὥστε
3196 1542 3319 1596 οὐδὲ
3350 1539 3549 1611 ᾔσθετο
3574 1538 3672 1591 τοῦ
3711 1537 4042 1605 πτώματος.

2424 1638 2473 1689 εί
2518 1636 2594 1707 μὴ
2630 1637 2659 1689 6
2693 1637 2897 1708 Κύριος
2955 1636 3245 1707 στραφεὶς,
3296 1632 3583 1700 ἐνέϐλεψεν
3614 1630 3799 1697 αὐτῷ.
3838 1630 3909 1679 Ὢ
3944 1628 4044 1695 τῆς

2423 1730 2762 1800 ἀγαθότητος
2789 1730 2801 1782 l
2832 1730 2915 1784 ὅτι
2956 1729 3052 1782 καὶ⁵
3088 1730 3147 1781 ἓν
3186 1726 3511 1797 κατακρίσει
3540 1723 3643 1788 ὥν,
3679 1726 3793 1775 οὐκ
3846 1722 4044 1791 ἡμέλει

2424 1823 2521 1893 τῆς
2556 1822 2830 1892 σωτηρίας
2879 1820 2975 1873 τοῦ
3028 1818 3296 1893 μαθητοῦ.
3341 1820 3614 1879 Εἰκότως·
3655 1819 3757 1869 κοιλ⁵
3795 1816 3913 1883 γὰρ
3950 1812 4044 1866 καὶ

719 1916 826 1970 que
858 1906 1074 1971 negavit
1105 1908 1321 1974 quidem
1344 1909 1576 1977 primum
1601 1912 1897 1982 discipulus
1929 1931 1942 1966 :
1977 1916 2171 1971 deinde
2199 1920 2306 1987 gal-

2425 1920 2458 1988 ή
2488 1916 2816 1988 κατάκρισις
2866 1915 3008 1985 αῦτη
3056 1913 3145 1967 διὰ
3205 1910 3479 1981 σωτηρίαν
3514 1906 3840 1976 ἀνθρώπων
3896 1904 4046 1973 αὐτῷ

721 1993 805 2048 lus
860 1996 1097 2050 cecinit:
1157 2007 1211 2052 et
1248 2001 1444 2054 iterum
1499 2006 1732 2073 negavit,
1773 2021 1944 2075 usque
1979 2008 2105 2063 dttm
2154 2007 2317 2065 teftio

719 2102 993 2158 negasset,
1028 2100 1081 2144 et
1114 2102 1243 2146 tunc
1273 2096 1512 2148 secundo
1547 2101 1743 2150 iterum
1779 2103 2000 2157 cet-init.
2034 2104 2122 2157 Sic
2164 2105 2311 2158 enim

717 2177 935 2234 Marcus
962 2183 1188 2250 scripsit
1239 2186 1582 2243 manifestius
1629 2202 1681 2243 et
1720 2192 2052 2258 evidentius,
2084 2196 2241 2265 quasi
2282 2211 2313 2250 a

716 2266 879 2323 Petro
912 2271 1135 2327 eductus
1164 2290 1178 2324 :
1213 2274 1357 2329 illius
1398 2278 1540 2330 enim
1575 2280 1871 2348 discipulus
1911 2292 2048 2336 erat.
2083 2283 2315 2340 Proinde

717 2364 790 2415 (iit
814 2372 927 2417 tum
978 2382 1005 2417 a
1037 2366 1239 2432 Marco,
1274 2370 1451 2424 Lucas
1478 2387 1574 2440 per
1604 2384 1973 2430 transcursum
2005 2380 2161 2442 dixit,
2203 2396 2308 2434 non

714 2458 975 2511 exactiori
1026 2474 1279 2515 sermone
1314 2479 1326 2515 :
1359 2479 1455 2515 nec
1504 2474 1586 2518 cst
1627 2470 1962 2521 contrarium
1994 2471 2140 2538 quod
2176 2471 2311 2526 dicit

717 2546 922 2610 Lucas,
958 2553 1003 2602 ei
1032 2554 1175 2620 quod
1208 2570 1235 2606 a
1294 2556 1474 2610 Marco
1513 2560 1735 2613 dictum.
1774 2560 1906 2614 Nam
1941 2565 2117 2632 gallus
2173 2566 2310 2619 solet

716 2652 769 2691 et
801 2640 952 2693 bist‘l
982 2652 1059 2694 ter
1091 2660 1289 2697 canere
1321 2646 1548 2714 singulis
1583 2649 1837 2702 motibus.
1897 2651 2109 2720 Quippe
2140 2668 2313 2719 usque

717 2731 855 2784 adeo
882 2729 1075 2785 Petrus
1098 2734 1166 2787 ab
1199 2736 1429 2788 humana
1470 2738 1787 2792 infirmitate
1831 2752 2089 2809 gravatus
2119 2753 2224 2805 est,
2254 2755 2312 2796 ut

714 2835 891 2888 neque
927 2823 1048 2890 galli
1089 2833 1304 2876 cantum
1348 2828 1612 2893 sentiret;
1661 2832 1755 2883 sed
1802 2844 2093 2898 postquam
2133 2834 2308 2902 gallus

710 2914 932 2973 cecinit,
986 2914 1181 2967 itcrnm
1217 2930 1379 2985 atque
1413 2920 1604 2973 iterum
1645 2924 1880 2987 negavit,
1930 2926 2101 2979 donec
2147 2925 2309 2981 Jesns

716 3000 955 3071 benigno
991 3019 1091 3057 suo
1128 3010 1273 3059 vultu
1305 3012 1483 3076 ipsum
1516 3014 1789 3065 recordari
1823 3015 2023 3068 faceret
2049 3018 2131 3069 sui
2153 3018 2302 3071 dicti.

723 3111 741 3143 ι
769 3091 1100 3161 Ete'cressus
1120 3096 1286 3160 foras,
1306 3100 1667 3157 llevitamare.
1699 3124 1715 3155 δ
1744 3105 2309 3176 Nametegressusest

710 3201 832 3241 cum
862 3191 1094 3255 primum
1124 3206 1461 3261 negasset,ut
1489 3196 1702 3252 Marens
1734 3200 1928 3267 inquit.
1964 3200 2165 3258 Deinde
2182 3219 2306 3273 pro-

707 3280 906 3343 babile,
935 3282 1080 3335 illum
1114 3286 1310 3338 iterum
1338 3288 1661 3357 ingressum,
1691 3306 1753 3343 uc
1775 3291 2305 3361 duretsuspicionetn

709 3380 854 3442 quod
884 3374 1167 3429 familiaris
1188 3388 1336 3433 esset
1359 3378 1508 3434 Jesu.
1532 3381 1595 3435 Et
1628 3384 1819 3436 iterum
1841 3400 1963 3439 cum
1989 3388 2308 3444 recordatus

707 3478 872 3529 esset,
903 3470 1014 3523 erit
1048 3480 1101 3522 et
1133 3470 1223 3523 llet
1252 3488 1459 3527 amare.
1502 3472 1571 3528 Ut
1597 3490 1665 3528 ne
1702 3477 1978 3530 videretur
1996 3480 2063 3533 ab
2094 3482 2180 3535 his
2211 3483 2305 3552 qui

707 3558 763 3614 in
817 3562 957 3613 atrio
993 3572 1169 3625 erant,
1205 3564 1318 3619 exit
1363 3567 1643 3621 occultans
1690 3585 1747 3622 se
1801 3574 1868 3624 ah
1904 3572 2031 3625 illis.
2069 3572 2299 3639 Quidam

707 3665 888 3706 autem
921 3655 1105 3708 nescio
1141 3672 1304 3724 quam
1345 3660 1563 3713 stultam
1596 3677 1693 3729 pro
1729 3662 1891 3717 Petro
1929 3664 2300 3721 defensionem

707 3758 1061 3815 camponunt,
1106 3746 1352 3805 dicentes
1397 3754 1659 3807 audacter
1705 3757 1847 3822 quod
1876 3774 1979 3811 non
2021 3762 2305 3827 negaverit

707 3836 922 3903 Petrus,
952 3845 1044 3894 sed
1066 3844 1287 3907 dixerit,
1320 3844 1557 3900 ¢.Neseio
1578 3848 1874 3913 hominem,
1904 3869 1921 3900 ι
1954 3850 2053 3903 hoc
2078 3860 2182 3917 est,
2206 3871 2304 3908 ne-

705 3931 821 3984 scio
852 3946 1042 3998 purum
1076 3920 1376 3999 hominem,
1407 3939 1501 3992 sed
1546 3938 1712 3993 Deum
1750 3933 2037 3995 hominem
2065 3944 2265 3997 factum

705 4022 909 4077 llorum
947 4036 1126 4079 autem
1166 4029 1427 4099 insipiens
1462 4042 1836 4100 argumentum
1867 4034 1985 4087 aliis
2017 4036 2298 4105 relinqua-

704 4132 848 4170 mus.
888 4117 1201 4173 Mendaccm
1235 4123 1378 4175 enim
1419 4122 1621 4177 faciunt
1661 4126 1973 4192 Dominum,
2010 4137 2063 4181 et
2096 4130 2295 4182 adver-

704 4222 898 4264 santur
954 4216 1230 4267 contextni
1278 4216 1577 4283 Evangelii,
1630 4220 1884 4288 nulloque
1928 4222 2086 4275 modo
2122 4222 2300 4279 facere

701 4312 956 4371 poti-runt
998 4316 1053 4358 ut
1093 4308 1363 4362 coltmreat
1400 4316 1788 4379 consequentia
1827 4316 2173 4379 narrationis,
2200 4317 2294 4372 sed

699 4412 753 4449 et
785 4396 825 4450 Ρ
866 4411 980 4453 trns
1015 4416 1184 4469 quare
1212 4401 1377 4468 flevit,
1421 4406 1599 4459 sinon
1637 4407 1887 4476 negavit?

2418 2009 2789 2079 ἐκαρτερεῖτο.
2838 2008 3149 2076 Ἥρνήσατο
3174 2004 3273 2072 μὲν
3299 1999 3394 2056 οῦν
3420 2004 3447 2055 6
3484 1999 3738 2071 μαθητὴς
3778 1996 4009 2067 πρῶτον
4030 2013 4043 2023 ·

2418 2096 2541 2155 εἶτα
2558 2101 2809 2170 ἀλέκτωρ
2826 2101 3127 2167 ἐφώνησεν,
3149 2099 3241 2151 καὶ
3262 2093 3331 2150 αὖ
3356 2096 3633 2165 ἠρνήσατο
3658 2094 3797 2161 ἄχρι
3825 2092 3928 2143 καὶ
3950 2086 4045 2142 τοῦ

2417 2195 2640 2263 τρίτου·
2704 2195 2800 2246 καὶ
2833 2193 2954 2245 τότε
3022 2188 3304 2259 ἐφώνησεν
3356 2189 3420 2238 ἐκ
3459 2185 3723 2253 δευτέρου
3793 2182 3968 2234 πάλιν
4019 2183 4045 2233 6

2416 2284 2757 2357 ἀλεκτρυών.
2795 2285 2953 2338 Οὕτω
2978 2282 3088 2353 γὰρ
3138 2284 3165 2333 ό
3213 2281 3443 2349 Μάρκος
3479 2278 3805 2347 ἀναγράφει
3842 2276 4045 2329 λεπτό-

2415 2380 2571 2449 τερόν
2600 2395 2661 2431 τε
2694 2379 2788 2431 καὶ
2818 2376 3234 2447 ἀκριϐέστερον,
3252 2373 3423 2427 ταῦτα
3447 2370 3931 2442 ἀναγραψάμενος
3955 2364 4045 2423 οἷα

2418 2473 2571 2543 παρὰ
2602 2471 2697 2524 τοῦ
2733 2472 2944 2538 Πέτρου
2993 2470 3213 2539 μαθώνο
3255 2467 3445 2519 τούτου
3477 2466 3587 2534 γὰρ
3642 2466 3745 2517 καὶ
3782 2465 4045 2534 μαθητὴς

2412 2560 2500 2635 ἦν.
2523 2565 2611 2617 Διὸ
2626 2564 2703 2627 ὡς
2730 2563 2809 2633 τῷ
2832 2564 3045 2631 Μλρκῳ
3072 2560 3309 2632 ρηθέντα
3336 2562 3364 2613 6
3392 2559 3609 2620 Λουκᾶς
3644 2558 3773 2611 κατ’
3809 2558 4041 2627 ἐπιδροο

2419 2658 2525 2725 μὴν
2552 2654 2731 2717 εἶπεν,
2785 2655 2888 2707 οὐκ
2920 2652 3519 2723 ἀκριϐολογησάμενος.
3568 2651 3686 2703 Καὶ
3735 2651 3843 2702 οὐκ
3886 2651 4039 2702 ἔστιν

2415 2749 2656 2801 ἐναντίον
2686 2749 2713 2800 ὅ
2734 2764 2899 2818 φησιν
2928 2749 2955 2799 6
2998 2746 3215 2807 Λουκᾶς
3237 2744 3315 2814 τῷ
3361 2744 3513 2813 παρά
3546 2741 3643 2795 τοῦ
3675 2743 3928 2812 Μάρκου
3958 2744 4039 2794 εἰ·

2419 2840 2660 2911 ρημίνῳ.
2690 2840 2801 2893 Καὶ
2835 2838 2946 2908 γὰρ
2996 2840 3023 2891 6
3075 2838 3325 2906 ἀλέκτωρ
3366 2835 3489 2888 καθ’
3524 2836 3774 2904 ἑκάστην
3804 2834 4039 2903 ἀγωγὴν

2412 2930 2568 2982 εἴωθε
2606 2929 2701 2981 καὶ
2742 2929 2823 2990 δὶς
2866 2928 2957 2979 καὶ
3002 2928 3125 2996 τρὶς
3177 2928 3397 2995 φωνεῖν.
3462 2921 3523 2976 '0
3576 2924 3765 2976 τοίνυν
3820 2924 4037 2991 Πέτρος

2410 3025 2668 3077 τοσοῦτον
2702 3024 2958 3093 ὲκαρώθη
3014 3022 3121 3075 ὑπὸ
3170 3021 3270 3090 τῆς
3304 3020 3655 3091 ἀνθρωπῖνης
3711 3019 4035 3082 ἁσὺενείας,

2410 3117 2553 3170 ὥστε
2576 3117 2710 3187 μηδὲ
2735 3117 2839 3170 ὑπὸ
2870 3119 2971 3187 τῆς
2992 3114 3088 3169 τοῦ
3124 3115 3414 3184 ἀλέκτορος
3438 3113 3624 3182 φωνῆς
3659 3113 3745 3175 εἰς
3768 3112 4038 3181 αἴσθησιν

2412 3210 2610 3271 ἐλθεῖν,
2661 3210 2798 3264 ἀλλά
2852 3212 2947 3262 καὶ
2986 3211 3121 3277 μετά
3152 3208 3213 3260 τδ
3272 3207 3527 3276 φωνῆσαι
3572 3206 3667 3259 τὸν
3724 3204 4036 3276 ἀλέκτορα,

2418 3304 2578 3358 πάλιν
2610 3304 2988 3374 ἀρνήσασθαι,
3034 3304 3129 3356 καὶ
3180 3302 3346 3355 πάλιν
3377 3301 3539 3370 ἄχρις
3566 3292 3629 3352 οὗ
3662 3300 3744 3369 τῷ
3777 3298 3881 3353 τοῦ
3928 3302 4037 3368 ’ἰη-

2419 3396 2515 3450 σοῦ
2570 3396 2762 3467 ἀγαθῷ
2808 3394 3082 3465 βλέμματι
3128 3397 3205 3457 είς
3268 3395 3578 3463 ὑπόμνησιν
3627 3393 3801 3463 ἢχθη.
3869 3412 3888 3443 ι
3923 3391 4037 3445 Kal

2415 3487 2647 3554 ἐξελθὼν
2679 3490 2803 3553 ἔξω,
2840 3488 3073 3540 ἔκλαυσε
3104 3486 3342 3555 πικρῶς.
3385 3505 3402 3536 ι
3462 3483 3689 3555 Ἐξῆλθε
3753 3484 3861 3552 μὲν
3926 3483 4036 3550 γὰρ

2412 3580 2509 3632 καὶ
2538 3581 2629 3632 ὅτι
2663 3580 2725 3631 τὸ
2783 3578 2999 3649 πρῶτον
3054 3578 3355 3648 ἠρνήσατο,
3388 3577 3463 3639 ὡς
3498 3578 3525 3628 ὁ
3564 3576 3802 3644 Μάρκος
3838 3575 4031 3643 φησίν.

2415 3668 2549 3727 Είτα
2578 3672 2727 3734 είκδς
2757 3667 2823 3741 ἦν
2853 3671 3012 3723 πάλιν
3043 3669 3206 3723 αὑτὸν
3227 3668 3510 3732 εἰσελθεῖν,
3546 3669 3634 3721 ἵνα
3666 3666 3746 3737 μὴ
3779 3666 3860 3737 δῷ
3893 3667 4035 3736 μᾶ),-

2414 3766 2507 3817 λον
2536 3767 2820 3829 ὑπόνοιαν,
2859 3764 2933 3827 ὡς
2976 3763 3068 3817 τοῦ
3128 3760 3306 3832 Ἰησοῦ
3348 3761 3445 3814 ὥν.
3482 3761 3595 3814 Kal.
3623 3760 3795 3814 πάλιν
3827 3761 3914 3823 εἰς
3948 3762 4031 3813 αξ·

2419 3860 2613 3927 σθησιν
2645 3859 2835 3921 ἐλθὼν,
2871 3857 3045 3920 οὕτως
3089 3858 3189 3927 ἤδη
3223 3856 3507 3925 ἐξέρχεται
3559 3858 3653 3908 καὶ
3708 3854 3904 3906 κλαίει
3947 3870 4035 3903 πι-

2419 3950 2590 4021 κρῶς.
2630 3950 2748 4003 Ἵνα
2805 3949 2917 4018 γὰρ
2948 3950 3024 4017 μὴ
3059 3951 3201 4019 φανῇ
3244 3950 3355 4009 τοῖς
3400 3950 3460 4000 ὲν
3491 3949 3557 4017 τῇ
3592 3947 3758 4017 αὐλῇ,
3824 3944 4030 4010 ἔξεισιν

2412 4042 2908 4111 ἀποκρυπτόμενος
2965 4041 3170 4103 αὐτοῖς.
3235 4039 3392 4103 Τινὲς
3447 4039 3525 4102 δὲ,
3555 4040 3657 4091 οὐκ
3703 4034 3807 4090 οἶδ’
3845 4040 4024 4104 ὅπως.

2408 4133 2637 4201 ἀνόητον
2674 4132 2979 4201 ἀπολογίαν
3014 4134 3154 4202 ὑπὲρ
3188 4132 3283 4184 τοῦ
3315 4133 3527 4200 Πέτρου
3559 4130 3910 4191 συντιθέασι,
3940 4131 4029 4181 λέ-

2409 4241 2599 4292 γοντες
2634 4223 2952 4295 τολμηρῶς,
2997 4224 3079 4276 ὅτι
3107 4224 3209 4275 οὐκ
3232 4224 3516 4294 ἠρνήσατο
3549 4225 3577 4275 6
3634 4222 3875 4292 Πέτρος,
3910 4220 4027 4273 ἀλλ’

2409 4312 2587 4382 εἶπεν,
2615 4317 2699 4370 ὅτι
2727 4336 2745 4368 ι
2771 4318 2885 4369 Οὐκ
2906 4313 3022 4369 οἶδα
3043 4318 3134 4369 τὸν
3153 4312 3464 4387 ἄνθρωπον,
3495 4335 3513 4366 ι
3541 4315 3821 4376 τουτέστι,
3854 4314 4030 4368 Ψιλζν

2410 4408 2705 4477 ἄνθρωπον
2733 4409 2839 4462 οὐκ
2868 4404 3008 4471 οἶδα,
3045 4409 3182 4462 ἀλλὰ
3208 4409 3341 4461 Θεὸν
3376 4408 3669 4479 ἄνθρωπον
3696 4409 4025 4476 γενόμενον.

699 4490 904 4543 Τοῦτον
948 4491 1003 4545 δὲ
1031 4492 1123 4545 τὸν
1155 4495 1383 4565 ἀνόητον
1424 4497 1647 4567 ἔλεγχον
1690 4499 1870 4563 ἄλλοις
1946 4502 2294 4571 παρήσομεν.
2332 4500 2451 4555 Ψεύ
2467 4520 2601 4572 στην
2673 4519 2732 4556 τε
2791 4504 2902 4574 γὰρ
2938 4502 3155 4556 ποιοῦσι
3179 4503 3270 4556 τὸν
3300 4502 3527 4569 Κύριον,
3552 4502 3647 4555 καὶ
3680 4505 3750 4573 τῇ
3784 4503 3902 4574 ὐφῇ
3935 4501 4026 4555 τοῦ

702 4585 1037 4651 Εηῦαγγελίου
1072 4587 1443 4641 ἐναντιοῦνται
1468 4606 1480 4618 ·
1517 4592 1608 4642 καὶ
1642 4592 1761 4644 οὐδὲ
1794 4593 2121 4665 δυνήσονται
2156 4592 2295 4656 ὅλως
2370 4593 2712 4665 συμόισάσαι
2756 4595 2859 4665 τὴν
2916 4595 3243 4651 ἀκολουθίαν
3299 4596 3399 4665 τῆς
3440 4597 3776 4667 διηγήσεως.
3853 4598 4017 4651 Ἀλλὰ

696 4681 794 4731 καὶ
818 4682 843 4731 ὁ
876 4680 1078 4748 Πέτρος
1104 4681 1247 4734 διατί
1288 4682 1575 4753 ἔκλαυσεν,
1612 4687 1658 4737 εἰ
1692 4686 1766 4757 μὴ
1790 4689 2105 4757 ήρνήσατος

774 4771 937 4825 Vens.
977 4773 1169 4826 62-71.
1210 4793 1229 4825 ι
1268 4773 1334 4827 Et
1377 4778 1477 4829 viii
1530 4779 1621 4847 qui
1654 4782 1905 4833 tenebant
1935 4780 2139 4846 Jesntn,
2179 4781 2301 4837 illu-
2330 4784 2384 4844 D

692 4867 896 4919 dehant
925 4866 993 4929 ci,
1039 4867 1329 4921 caadentes.
1366 4868 1435 4923 Et.
1472 4884 1595 4923 cum
1627 4870 2108 4929 circumtexissent
2136 4890 2289 4941 eum,

695 4958 1077 5026 percutiebant
1113 4958 1301 5013 faciem
1337 4961 1477 5030 ejus,
1510 4976 1565 5018 et
1592 4964 2005 5036 interrogabant
2033 4983 2181 5032 eum,
2215 4967 2301 5023 di-

703 5061 891 5104 cvntcs
925 5068 939 5105 :
980 5050 1310 5121 Vaticinare,
1350 5057 1472 5123 quis
1510 5066 1592 5111 est
1626 5057 1715 5113 ille
1751 5059 1841 5127 qui
1880 5068 1933 5114 te
1983 5060 2296 5129 percussit?

702 5145 765 5195 Et
839 5145 939 5198 alia
1013 5145 1180 5198 multa
1238 5147 1609 5204 conviciantes
1683 5152 1939 5206 dicebant
2029 5155 2079 5207 in
2146 5170 2293 5209 eum.

693 5237 758 5289 lit
836 5248 892 5289 ut
976 5236 1151 5291 fartus
1208 5246 1291 5292 est
1370 5240 1527 5306 dies,
1584 5254 1959 5299 convenerunt
2043 5246 2293 5301 seniores

697 5329 893 5396 p'ebis,
960 5340 1014 5383 ct
1071 5330 1343 5400 principes
1395 5333 1734 5389 sacerdotum
1814 5348 1868 5393 et
1900 5337 2107 5393 Scriba;
2142 5380 2155 5400 ,
2237 5348 2293 5393 et

690 5424 968 5473 duxerunt.
1035 5421 1181 5474 illum
1244 5423 1295 5476 in
1355 5424 1649 5479 concilium
1732 5443 1938 5492 suum,
1982 5430 2285 5483 dicentes:

889 5514 1025 5568 Num
1067 5526 1118 5569 ιιι
1169 5532 1227 5572 es
1260 5518 1349 5572 ille
1395 5520 1821 5589 Christus?_dic
1872 5527 2048 5579 nobis.
2086 5525 2151 5578 Et
2207 5524 2286 5579 ait

691 5608 795 5659 illis
830 5624 840 5657 2
882 5608 936 5659 Si
964 5609 1117 5661 vobis
1151 5610 1362 5675 dixero,
1397 5628 1499 5665 non
1536 5616 1773 5668 credetis
1809 5635 1821 5672 :
1862 5620 2004 5685 quod
2041 5620 2085 5673 si
2122 5620 2286 5671 etiam

693 5698 1119 5765 inut-rogavero,
1176 5714 1279 5752 non
1331 5703 1726 5769 respondebitis
1772 5708 1923 5771 mihi,
1963 5726 2147 5778 nequc
2200 5710 2282 5762 di-

694 5788 937 5841 nt'ttt-tis.
973 5787 1045 5841 Ex
1078 5790 1177 5842 hoc
1210 5800 1455 5859 tempore
1486 5796 1589 5848 erit
1626 5796 1795 5853 Filius
1829 5799 2065 5855 hominis
2087 5802 2284 5855 sedens

688 5892 715 5928 ἐξ
754 5880 775 5924 ηῗ
802 5880 955 5930 :xtris
1004 5880 1216 5936 \‘it‘lttlia
1250 5884 1359 5937 llci.
1398 5883 1663 5942 Dixerunt
1707 5901 1884 5944 autem
1937 5908 2122 5947 ontncs
2161 5912 2172 5947 ;
2213 5892 2283 5947 Tu

2489 4794 2507 4826 ι
2544 4774 2655 4827 Καὶ
2672 4776 2721 4827 oi
2746 4773 2939 4844 ἄνδρες
2968 4776 3017 4828 οί
3052 4775 3371 4845 συνέχοντες
3399 4775 3490 4829 τὸν
3526 4774 3765 4845 Ἰησοῦν,
3794 4779 4024 4830 ἐνέπαι-

2404 4871 2497 4936 ζον
2545 4866 2736 4939 αὐτῷ,
2770 4868 3064 4940 δέροντεςο
3122 4869 3219 4924 καὶ
3266 4868 3782 4941 περικαλύπτοντες
3833 4872 4020 4935 αὑτὸν,

2404 4961 2574 5018 αὑτοῦ
2612 4962 2674 5015 τὸ
2704 4962 3002 5032 πρόσωπον
3053 4962 3309 5027 ἔτυπτον,
3364 4966 3460 5017 καὶ
3494 4963 3807 5035 ἐπηρώτων
3856 4964 4021 5018 αὑτὲν

2404 5057 2687 5126 λέγοντες·
2719 5059 3130 5129 Προφήτευσον,
3161 5057 3244 5122 τίς
3290 5059 3440 5112 ιστιν
3477 5060 3505 5111 6
3534 5058 3744 5123 παίσας
3782 5077 3883 5126 at;
3923 5061 4019 5112 καὶ

2402 5151 2567 5223 lup:
2603 5151 2779 5205 πολλά
2812 5151 3277 5222 βλασφημοῦντες
3324 5154 3404 5215 εἰς
3428 5153 3613 5216 αὑτὸν,
3656 5152 3873 5221 ἔλεγον.
3909 5153 4017 5206 Καὶ

2405 5248 2478 5310 ὼς
2512 5246 2732 5315 ἐγένετο
2793 5247 2996 5317 ήμέρα,
3059 5245 3305 5317 συνήχθη
3353 5244 3415 5298 τὸ
3470 5244 3879 5316 πρεσῦυτέριον
3921 5245 4016 5298 τοῦ

2401 5339 2553 5404 λαοῦ,
2600 5340 2697 5394 καὶ
2742 5341 2793 5393 οἱ
2850 5340 3134 5411 ἀρχιερεῖς
3160 5382 3175 5406 ,
3229 5340 3323 5394 καὶ
3364 5342 3413 5394 οί
3473 5340 3511 5393 Γ
3516 5343 3883 5412 ραμματεῖςς
3923 5342 4011 5392 καὶ

2401 5436 2681 5502 ἀνήγαγον
2721 5433 2888 5487 αὐτὸν
2930 5435 3010 5497 εἰς
3041 5434 3103 5485 τὸ
3153 5432 3433 5504 συνέδριον
3481 5434 3670 5487 αὐτῶν
3718 5434 4003 5502 λέγοντες

2400 5529 2463 5581 Εἰ
2491 5530 2554 5581 σὺ
2588 5524 2640 5580 εἴ
2667 5529 2694 5580 6
2724 5527 2987 5597 Χριστὸς,
3016 5528 3140 5580 εἰπὲ
3172 5528 3322 5598 ὑμῖν.
3358 5524 3493 5581 Eine
3522 5528 3576 5580 δὲ
3609 5530 3803 5591 αὐτοῖς
3833 5543 3846 5557 ·
3886 5529 4007 5582 Ἐὰν

2402 5618 2531 5687 ὑμῖν
2556 5618 2721 5684 εἴπω,
2780 5620 2840 5671 οὐ
2908 5617 2985 5689 μὴ
3028 5618 3400 5689 πιστεύσητεο
3447 5621 3543 5673 καὶ
3576 5621 3671 5673 ἐάν
3724 5624 4003 5693 ἐρωτήσω,

2400 5712 2460 5763 οὐ
2493 5712 2567 5781 μὴ
2608 5712 2948 5783 ἀποκριθῆτέ
2984 5730 3098 5784 μοι,
3144 5714 3176 5786 ἦ
3214 5714 3551 5784 ἀπολύσητε.
3600 5716 3738 5770 Ἀπὸ
3790 5720 3884 5771 τοῦ
3916 5716 4003 5767 νῦν

2400 5805 2552 5858 ἔσται
2584 5811 2610 5857 ὁ
2642 5806 2766 5869 m;
2797 5806 2890 5858 τοῦ
2914 5808 3206 5877 ἀνθρώπου
3243 5808 3554 5879 καθήμενος
3592 5813 3656 5862 ἐκ
3682 5810 3879 5875 δεξιῶν
3910 5812 4000 5872 ῖῆἑ

2396 5898 2679 5967 ﬂuvium:
2713 5898 2804 5951 τοῦ
2833 5900 2992 5954 Θεοῦ.
3043 5897 3216 5953 Εἶπον
3261 5902 3391 5968 ’,νῦν
3442 5904 3638 5957 πάντες
3665 5922 3676 5933 ·
3722 5907 3792 5956 Σὺ
3825 5905 3907 5955 v3:
3962 5920 3994 5960 :j
