4228 6428
171 435 316 507 1093

849 432 1298 497 ENARRATIO
1334 432 1417 496 IN
1459 412 1972 495 EVANGELIUM
2005 431 2243 495 LUCIE.
2289 454 2348 469 δέ
2386 432 2547 496 CAP.
2587 432 2818 498 XXIII.

3348 421 3486 502 ιοθι

167 552 459 626 ἀλλήλων·
507 550 872 623 προῦπῆρχον
924 549 1037 618 γὰρ
1087 550 1147 602 ιν
1195 548 1367 619 ἔχθρᾳ
1425 535 1582 612 ῦντες
1633 545 1775 616 πρὸς

1886 547 2072 603 eodem
2103 547 2212 605 die.
2246 544 2380 601 Nam
2417 557 2582 604 antea
2620 543 2876 602 simultas
2903 544 3049 601 inter
3091 555 3188 600 eos
3221 541 3487 598 interces-

168 643 427 707 ἑαυτούς.
458 641 695 705 Πιλάτος
721 641 778 695 δὲ
805 637 1294 708 συγκαλεσάμενος
1316 639 1445 700 τοὺς
1467 639 1770 709 ἀρχιερεῖς,

168 737 272 790 καὶ
297 736 428 798 τοὺς
459 734 756 803 ἄρχοντας,
786 732 884 786 καὶ
918 720 1188 797 τὸνλαὸν,
1212 724 1335 783 εἶπε
1359 729 1500 800 πρὸς
1528 729 1730 792 αὐτούς
1752 745 1768 761 ο

172 825 601 900 Προσηνέγκατέ
635 841 727 895 μοι
767 825 860 877 τὸν
902 823 1194 893 ἄνθρωπον
1239 824 1454 886 τοῦτον,
1502 818 1580 884 ὡς
1632 824 1770 874 ἀπο-

170 921 484 989 στρέφοντα
535 918 630 972 τὶν
663 915 812 969 ,λαόν
835 931 852 947 ο
900 915 998 969 καὶ
1048 915 1159 970 ίδοὺ
1205 913 1319 982 έγὼ
1349 913 1586 967 ένὼπιον
1619 913 1776 983 ὑμῶν

169 1010 506 1081 ἀνακρίνας,
538 1008 691 1063 οὐδέν
726 1001 889 1079 εὖρον
923 1009 983 1060 έν
1013 1003 1093 1077 τῷ
1137 1003 1420 1074 ἀνθρώπῳ
1467 1002 1646 1074 τούτῳ
1685 1002 1775 1054 αἱ·

165 1122 308 1169 τιον,
342 1097 421 1158 ὧν
450 1102 813 1172 κατηγορεῖτε
844 1099 968 1153 κατ’
1021 1097 1192 1152 αὑτοῦ
1215 1113 1228 1128 ·
1277 1096 1395 1151 ἀλλ’
1423 1094 1547 1149 οὐδὲ
1594 1092 1774 1164 Ἠρώ-

166 1200 271 1267 δης
293 1213 309 1227 ⁸
343 1195 640 1267 ἀνέπεμψα
663 1194 775 1266 γὰρ
805 1195 950 1265 ὑμᾶς
974 1192 1115 1262 πρὸς
1140 1189 1329 1258 αὐτὸν,
1361 1188 1457 1242 καὶ
1484 1187 1595 1242 ίδοὺ
1619 1186 1777 1240 οὐδέν

167 1292 326 1358 ἄξιον
351 1288 585 1344 θανάτου
619 1290 770 1342 ἔστιν
806 1288 863 1340 ὲν
901 1284 1052 1356 αὐτῷ
1083 1281 1500 1352 πεπραγμένον.
1543 1280 1778 1335 Παιδεύ-

171 1397 274 1444 σας
323 1375 419 1435 οῦν
473 1377 754 1433 ἀπολύσω.
803 1375 1079 1443 Ἀνάγκην
1141 1373 1196 1428 δὲ
1277 1368 1433 1444 εἶχον
1512 1369 1777 1424 ἀπολύειν

169 1473 390 1546 έαυτοῖς
422 1470 566 1524 κατά
597 1469 794 1540 ἑορτὴν
823 1467 942 1520 ινα.
992 1465 1332 1537 Ἀνέκραξαν
1356 1466 1415 1519 δὲ
1447 1462 1777 1535 παμπληθελ

166 1565 457 1633 λέγοντες·
493 1558 627 1635 Δῐρε
657 1559 875 1626 τοῦτον,
901 1559 1180 1614 ἀπόλυσον
1209 1559 1264 1612 δι
1284 1555 1772 1630 ημῖνλΒαρασδᾶνο

167 1660 325 1723 ὅστις
354 1652 424 1730 ἧν
461 1656 550 1711 διά
583 1656 778 1711 στάσιν
806 1653 932 1707 τινά
961 1652 1270 1724 γενομένην
1301 1652 1447 1722 ἔν’τῇ
1472 1651 1650 1714 πόλει,
1681 1649 1778 1704 καὶ

171 1739 737 1822 φύνονξβεδλημένος
759 1747 839 1810 είς
863 1746 1138 1817 φυλακήν.
1166 1744 1340 1798 Πάλιν
1360 1739 1454 1798 οὖν
1483 1744 1514 1797 6
1541 1742 1778 1806 Πιλᾶτος

173 1842 599 1915 προσεφώνησε.
643 1838 834 1893 θέλων
873 1837 1146 1892 άπολῦσαι
1201 1837 1294 1890 τὸν
1354 1836 1589 1907 Ἰησοῦν.
1628 1838 1692 1890 Oi
1719 1835 1777 1889 δὲ

1877 651 2044 696 serat.
2075 640 2282 696 Pilatus
2319 650 2532 705 autem,
2574 639 2892 695 convocatis
2922 637 3264 708 principibus
3305 650 3490 691 sacer-

1875 733 2065 789 dotum
2133 742 2188 787 et
2237 734 2653 799 magistratibus
2693 747 2757 786 at:
2802 731 2980 802 plebe,
3029 730 3165 784 dixit
3202 730 3268 782 ad
3315 728 3484 788 illos;

1876 825 2167 881 Obtulistis
2219 827 2351 880 mihi
2401 826 2550 880 hunc
2606 825 2883 879 hominem
2929 823 3088 892 quasi
3142 830 3485 876 avertentem

1880 917 2161 985 pupulum,
2219 926 2276 971 et
2326 931 2456 970 erce
2507 929 2612 985 ego
2661 928 2848 969 coram
2901 911 3057 966 vobis
3110 911 3486 980 interrogans.

1878 1010 2082 1062 nullum
2104 1009 2314 1065 crimen
2349 1009 2569 1062 invenio
2597 1008 2649 1060 in
2687 1008 2908 1060 homine
2942 1005 3047 1058 isto
3068 1019 3133 1058 ex
3163 1004 3230 1057 iis
3256 1004 3323 1056 de
3354 1003 3480 1071 qui-

1879 1102 1981 1157 bus
2010 1103 2286 1156 accusatis
2329 1117 2476 1165 eum,
2513 1100 2606 1155 sed
2644 1114 2712 1154 ne
2747 1097 2992 1153 llerodes
3037 1097 3258 1164 quidem
3305 1113 3318 1147 :
3355 1110 3483 1148 nam

1881 1195 2065 1248 remisi
2120 1208 2216 1247 vos
2258 1191 2329 1248 ad
2385 1191 2561 1256 illmn,
2597 1201 2654 1244 et
2698 1203 2829 1245 ecce
2873 1188 3009 1242 nihil
3052 1188 3272 1258 dignum
3306 1197 3487 1240 morte

1879 1295 2060 1340 actum
2122 1291 2209 1338 est
2256 1284 2346 1348 ei;
2398 1283 2727 1352 castigatum
2796 1279 3135 1356 ergoillum
3191 1277 3489 1331 dimittam.

1883 1376 2119 1431 Necesse
2151 1382 2331 1430 autem
2367 1373 2608 1428 habebat
2636 1371 2918 1426 dimittere
2940 1369 3023 1437 eis
3049 1370 3102 1423 iu
3136 1367 3274 1424 festo
3297 1383 3487 1422 unum.

1880 1453 2226 1524 Exclamavit
2273 1477 2456 1522 autem
2511 1466 2673 1522 simul
2709 1466 2968 1520 universa
3006 1466 3203 1526 turba,
3250 1461 3489 1518 dicens:

1882 1559 2039 1615 Tolle
2072 1561 2242 1625 hunc,
2271 1567 2327 1613 et
2359 1559 2575 1613 dimitte
2601 1556 2757 1610 nobis
2788 1554 3094 1610 Barabbam
3121 1553 3236 1624 (qui
3270 1563 3495 1622 propter

1880 1654 2207 1709 seditionem
2253 1653 2548 1722 quamdam
2591 1649 2795 1704 factam
2838 1648 3148 1703 incivitate
3192 1657 3247 1702 et
3313 1643 3487 1698 homi-

1881 1747 2086 1803 cidium
2127 1747 2182 1800 in
2241 1759 2521 1801 carcerem
2553 1743 2836 1812 conjectus
2872 1743 3037 1809 erat).
3071 1738 3274 1793 [letum
3309 1746 3492 1792 autem

1883 1838 2090 1893 Pilatus
2125 1837 2345 1892 locutus
2377 1845 2462 1889 est
2493 1835 2558 1888 ad
2593 1849 2712 1898 eos;
2741 1831 2932 1887 volens
2963 1830 3241 1884 dimittere
3279 1827 3490 1884 Jesum.

170 1912 506 2006 έπεφώνουνί
521 1931 778 2000 λέγοντες
804 1947 820 1962 ο
853 1930 1205 2001 Σταύρωσον,
1235 1928 1560 2000 σταύρωσον
1586 1928 1771 1984 αὐτόν.

1886 1936 1954 1988 At
1986 1930 2060 1986 illi
2086 1930 2399 1985 clamabant
2422 1927 2666 1983 dicentes
2692 1942 2708 1985 ;
2731 1922 3029 1992 Cmeiﬂge,
3057 1920 3318 1990 cruciﬁge
3341 1936 3491 1974 eum.

184 2027 250 2081 '0
280 2024 339 2078 δὲ
369 2023 557 2096 τρίτον
584 2018 707 2077 εῐπε
735 2021 875 2093 πρὸς
898 2020 1100 2085 αὐτούς
1123 2034 1139 2050 '
1164 2019 1232 2074 τί
1250 2020 1359 2092 γὰρ
1386 2020 1558 2074 κακὸν
1588 2019 1774 2090 έποίη⁸

173 2135 272 2172 σεν
301 2111 500 2180 οὖτοςς
553 2114 707 2169 οὐδέν
761 2113 938 2166 αῖτιον
1000 2111 1238 2167 θανάτου
1275 2105 1438 2182 εὖρον
1490 2113 1549 2164 έν
1603 2110 1774 2182 αὐτῷ.

174 2209 483 2272 Παιδεύσας
540 2202 635 2262 οῦν
693 2204 862 2260 αὑτὸν
914 2203 1200 2258 άπολύσω.
1257 2205 1321 2258 Oi
1374 2203 1433 2258 δὲ
1491 2203 1779 2258 ἐπέκειντο

173 2305 388 2370 φωναῖς
421 2299 718 2373 μεγάλαις.
758 2296 1081 2366 αίτούμενοι
1126 2296 1292 2351 αὑτὸν
1347 2295 1774 2367 σταυρωθῆναι·

171 2398 275 2453 καὶ
305 2395 602 2467 κατίσχυον
622 2397 676 2448 αί
709 2392 888 2462 φωναὶ
932 2390 1117 2446 αὐτῶν
1151 2392 1244 2445 καὶ
1296 2391 1409 2445 τῶν
1447 2389 1774 2462 ἀρχιερέων.

183 2494 250 2547 '0
280 2492 339 2547 δὲ
386 2492 622 2556 Πιλάτος
650 2489 915 2561 ὲπέκρινε
944 2488 1202 2559 γενέσθαι
1234 2487 1295 2541 τὸ
1320 2487 1536 2558 αἴτημα
1570 2484 1773 2538 αὐτῶν.

186 2587 457 2642 Ἀπέλυσε
499 2585 558 2639 δὲ
612 2585 705 2639 τὸν
759 2584 849 2638 διὰ
887 2583 1081 2638 στάσιν
1110 2584 1204 2637 καὶ
1231 2581 1394 2652 φόνον
1440 2579 1778 2652 βεϐλημένον

173 2683 260 2745 είς
295 2681 397 2752 τὴν
429 2678 705 2750 φυλακὴν,
753 2676 813 2730 δν
843 2674 1108 2748 ᾐτοῦντο·
1140 2674 1231 2728 τὸν
1276 2674 1336 2728 δὲ
1384 2672 1598 2744 Ἰησοῦν
1636 2687 1778 2741 παρ.

172 2775 351 2829 έδωκε
382 2772 460 2843 τῷ
491 2771 762 2842 θελήματι
786 2769 988 2824 αὐτῶν.
1021 2769 1136 2822 Καὶ
1166 2766 1242 2832 ὡς
1275 2767 1567 2838 ἀπήγαγον
1591 2765 1777 2828 αὺτὶν,

176 2864 574 2935 ἐπιλαϐόμενοι
648 2862 895 2933 Σίμωνός
922 2877 1068 2925 τινος
1098 2858 1195 2913 τοῦ
1248 2857 1568 2930 Κυρηναίου
1618 2858 1780 2927 ὲρχο-

177 2959 347 3030 μένου
374 2959 469 3012 ἀπ’
493 2955 697 3028 άγροῦ,
726 2955 1008 3026 ἐπέθηκαν
1031 2937 1182 3023 αὐτῷ
1214 2953 1306 3006 τὸν
1330 2952 1566 3020 σταυρὸν
1589 2950 1780 3021 φέρειν

177 3052 363 3125 ὀπίσω
401 3050 497 3104 τοῦ
538 3047 742 3122 Ἰησοῦ.
793 3045 1114 3102 Ἠκολούθει
1140 3046 1198 3100 δὲ
1225 3044 1375 3117 αύτῷ
1406 3043 1542 3098 πολὺ
1577 3044 1782 3113 πλῆθος

173 3142 274 3197 τοῦ
307 3143 439 3197 λαοῦ
491 3138 915 3210 καὶγυναικῶν,
945 3138 1002 3193 αῖ
1035 3137 1354 3202 ὲκόπτοντο,
1387 3137 1484 3190 καὶ⁵
1516 3135 1784 3208 ιθρήνουν

173 3236 364 3291 αὐτόν.
401 3253 419 3286 ι
465 3232 772 3304 Ῥωμαῖκῷ
796 3232 950 3302 νόμῳ
993 3230 1260 3302 ἑπόμενος
1291 3231 1320 3283 ὁ
1347 3228 1605 3290 Πιλάτος,
1641 3227 1785 3297 πέμ-

175 3345 273 3383 πει
300 3325 392 3379 τὸν
433 3325 641 3396 Κύριον
684 3324 819 3397 πρὸς
861 3323 1136 3395 Ἡρώδην,
1178 3321 1257 3394 τῷ
1308 3321 1614 3385 κελεύοντι,
1644 3321 1774 3375 Exa-

173 3438 306 3475 στον
337 3421 489 3490 παρὰ
520 3417 616 3473 τοῦ
660 3420 923 3490 ἄρχοντος
975 3417 1076 3488 τῆς
1119 3417 1388 3489 έπαρχίας
1431 3414 1602 3470 αὐτοῦ
1655 3414 1783 3485 κρί-

178 3513 398 3570 νεσθαι.
449 3513 542 3565 Διὸ
567 3513 658 3566 καὶ
689 3512 765 3576 ὼς
796 3511 1088 3564 Γαλιλαῖον
1116 3511 1212 3562 τὸν
1245 3509 1426 3578 Ἰησοῦ
1457 3510 1673 3580 πέμπει
1701 3507 1782 3578 τῷ

175 3609 283 3676 τῆς
337 3604 630 3666 Γαλιλαίας
681 3604 1007 3676 ιπάρχοντι.
1049 3601 1301 3673 Ἡρώδης
1358 3603 1416 3656 δὲ
1463 3602 1638 3673 ἐχάρη
1689 3601 1785 3654 ιιτι

172 3695 376 3764 τούτῳ,
413 3695 513 3766 οὐχ
546 3696 622 3759 ὡς
666 3694 879 3765 μέλλων
925 3693 1187 3765 κερδᾶναί
1243 3711 1297 3746 τι
1348 3692 1785 3764 ψυχωφελὲςέκ

174 3785 284 3857 τῆς
312 3785 445 3849 θέας
469 3783 567 3838 τοῦ
611 3783 814 3853 Ἰησοῦ,
849 3783 964 3837 ἀλλ’
992 3784 1182 3855 ἐπειδὴ
1227 3785 1396 3856 quoue
1428 3787 1559 3855 περὶ
1589 3784 1781 3850 αὐτοῦ,

175 3879 267 3934 δτι
299 3878 459 3947 σοφός
481 3878 621 3942 εστι,
659 3877 758 3930 καὶ
780 3877 1178 3962 τερατουργὺς,
1218 3873 1368 3949 εἶχεν
1397 3877 1630 3947 άνόητον
1662 3881 1788 3932 ὲπι-

179 3971 412 4043 θυμίαν,
457 3969 519 4024 τδ
557 3969 877 4040 φιλόκαινον
913 3969 1087 4024 νοσῶν
1121 3970 1217 4024 καὶ
1253 3970 1442 4036 αὐτὸς,
1476 3971 1620 4025 ὥστε
1657 3971 1785 4026 ίδεῖν

174 4061 375 4119 τοῦτον
402 4060 497 4115 τὸν
525 4059 820 4115 ἀλλόκοτον
848 4059 1166 4131 ἄνθρωπον,
1198 4062 1295 4116 καὶ⁵
1328 4061 1564 4116 ἀκοῦσαι
1590 4061 1782 4126 αὐτοῦ,

175 4157 233 4211 τί
256 4155 436 4224 λέγει.
475 4155 547 4208 Ἦ
584 4154 706 4225 οὐχι
733 4151 966 4208 τοιαῦτα
999 4155 1095 4206 καὶ
1121 4151 1220 4207 νῦν
1252 4153 1522 4226 νοσοῦμεν
1557 4154 1782 4219 πολλοῖς

191 4249 497 4320 Ἐπεθύμει
537 4243 634 4302 οὖν
677 4249 776 4302 καὶ
807 4248 973 4313 αὐτὸς
1024 4247 1154 4301 ίδεῖν
1211 4250 1440 4320 σημεῖόν
1468 4267 1522 4303 τι
1576 4250 1643 4303 ὲκ
1689 4248 1785 4302 τοῦ

190 4339 402 4412 Ἰησοῦ,
439 4340 540 4411 οὐχ
601 4340 690 4393 ἵνα
724 4339 1022 4411 πιστεύσῃ,
1068 4338 1189 4393 ἀλλ’
1228 4340 1379 4404 ὅπως
1408 4341 1639 4412 ἑστιάσῃ
1686 4341 1787 4411 τὴν

175 4431 342 4501 ὃψινσ
383 4429 578 4500 ὥσπερ
610 4430 669 4482 ὲν
701 4431 815 4492 τοῖς
848 4428 1104 4501 θεάτροις
1141 4430 1362 4502 ὁρῶμεν
1406 4433 1533 4496 τοὺς
1567 4432 1788 4502 θαύμαι-

177 4518 462 4583 τοποιοὺς,
493 4518 651 4589 ὄφεις
682 4517 1010 4572 καταπίνειν
1047 4521 1451 4590 φαντάζοντας,
1500 4528 1596 4577 καὶ
1631 4523 1783 4595 ξίφη,

1880 2023 1975 2078 Ille
1999 2032 2181 2078 autem
2214 2020 2377 2080 tertio
2404 2017 2544 2074 dixit
2579 2016 2646 2070 ad
2689 2015 2812 2071 illos
2842 2031 2858 2072 :
2893 2013 3035 2080 Quid
3071 2013 3217 2068 enim
3256 2010 3384 2065 mali
3423 2009 3498 2064 ft-

1862 2117 1954 2172 -cit
1999 2114 2134 2171 hic?
2183 2112 2399 2167 Nullum
2436 2113 2646 2166 crimen
2689 2108 2923 2178 capitale
2975 2105 3263 2175 comperio
3309 2106 3359 2158 in
3394 2120 3480 2160 eo.

1880 2206 2223 2278 Castigatum
2265 2217 2398 2273 ergo
2448 2202 2722 2257 dimittam
2766 2199 2938 2254 illum.
2975 2197 3047 2251 At
3093 2196 3168 2250 illi
3216 2198 3496 2250 instabant

1879 2301 2109 2365 vocibus
2165 2298 2382 2366 magnis
2430 2295 2771 2367 postulantes
2820 2302 2881 2347 ut
2923 2291 3382 2360 cruciﬁgeretur,
3433 2295 3492 2344 et

1882 2393 2296 2449 invalescebant
2335 2405 2500 2447 voces
2530 2403 2721 2444 eorum
2758 2401 2822 2441 ac
2851 2398 3194 2440 summorum
3232 2380 3501 2437 sacerdos

1881 2496 2018 2540 tum.
2051 2485 2114 2540 Et
2136 2483 2350 2538 Pilatus
2373 2481 2707 2551 adiudicarit
2740 2488 2798 2532 ut
2830 2478 2987 2534 iieret
3023 2475 3166 2546 quod
3198 2474 3273 2526 illi
3309 2484 3500 2542 postu-

1882 2580 2087 2634 labant.
2125 2578 2346 2632 Dimisit
2392 2587 2575 2631 autem
2622 2575 2732 2628 illis
2767 2588 2892 2628 eum
2941 2571 3033 2642 qui
3083 2576 3305 2638 propter
3350 2568 3499 2622 setli-

1885 2675 2086 2729 tionem
2111 2684 2163 2727 ct
2191 2671 2549 2728 homicidium
2579 2667 2861 2736 conjectns
2895 2665 3074 2718 fuerat
3104 2662 3160 2716 in
3191 2675 3495 2724 rarrerem,

1884 2781 2050 2836 quem
2097 2771 2519 2834 poposcerunt:
2569 2759 2756 2817 Jesnm
2806 2772 2938 2812 vero
2991 2755 3213 2810 tradidit
3264 2752 3498 2808 arbitrio

1883 2874 2100 2915 eorum.
2139 2857 2205 2913 Et
2236 2871 2361 2911 cum
2394 2855 2759 2918 abducerent,
2795 2847 3284 2921 apprehenderunt
3316 2845 3498 2900 Simo-

1886 2966 2008 3007 nem
2055 2951 2353 3021 quemdam
2391 2946 2787 3019 Cyrenensem,
2826 2942 3144 2996 venientem
3179 2955 3208 2991 ιι
3237 2953 3364 2992 rure
3398 2955 3414 2994 :
3444 2946 3500 2990 rt

1887 3046 2268 3114 imposuerunt
2311 3041 2386 3096 illi
2423 3054 2671 3104 crucem,
2710 3045 2769 3090 ιιι
2813 3043 3062 3104 portaret
3116 3041 3240 3103 post
3284 3030 3496 3086 Jesnm.
3531 3047 3538 3056 ·

1891 3135 2236 3205 Sequebatur
2284 3146 2470 3189 autem
2522 3130 2676 3184 illum
2732 3127 2905 3181 multa
2971 3127 3129 3180 turba
3189 3123 3395 3195 populi,
3444 3131 3503 3177 et

1895 3230 2188 3283 mulierum
2223 3242 2344 3296 qum
2369 3225 2702 3295 plangebant
2728 3231 2783 3276 et
2811 3221 3260 3287 lamentabantur
3291 3235 3437 3273 eum.
3476 3237 3494 3270 ι

1890 3323 2259 3392 Romanorum
2299 3319 2470 3388 legem
2517 3330 2755 3384 sequens
2811 3313 3042 3379 Pilatus,
3091 3313 3258 3368 mittit
3315 3311 3502 3368 Domi-

1889 3428 2019 3469 num
2051 3415 2118 3467 ad
2168 3411 2466 3467 llerudem.
2512 3409 2608 3464 Illa
2643 3410 2789 3464 enim
2823 3418 2980 3462 caret
3018 3417 3077 3460 ιιι
3125 3406 3503 3476 tniusquisque

1889 3524 1918 3560 a
1949 3505 2196 3576 principe
2222 3519 2336 3560 sua:
2367 3503 2609 3576 regionis
2638 3501 2918 3571 indicetur
2944 3517 2958 3557 :
2992 3501 3115 3553 ideo
3155 3509 3208 3553 et
3239 3509 3501 3568 tanquam

1887 3599 2173 3655 Galilazum
2223 3599 2405 3653 Jesnm
2454 3597 2626 3652 tnittit
2675 3594 2907 3666 principi
2945 3592 3206 3648 Galilaeze.
3258 3591 3502 3646 llerodes

1889 3702 2069 3748 autem
2101 3681 2405 3766 gaudebat,
2450 3707 2555 3746 non
2606 3699 2664 3744 ιιι
2715 3691 2911 3744 animae
2940 3704 3054 3744 sua:
3089 3689 3223 3743 utile
3257 3687 3386 3757 quid
3419 3687 3503 3739 Iu-

1889 3799 2136 3844 craretnr
2166 3803 2231 3843 ex
2273 3783 2596 3857 spectaculo
2630 3782 2764 3839 Jesu
2805 3799 2820 3839 :
2865 3783 2962 3838 sed
2991 3783 3120 3852 quia
3153 3782 3403 3836 audierat
3436 3782 3504 3836 de

1888 3900 1955 3939 eo
1989 3883 2134 3959 quod
2169 3881 2390 3951 sapiens
2438 3891 2609 3944 esset,
2641 3887 2706 3941 et
2738 3878 2876 3933 mira
2909 3891 3236 3946 operaretur
3258 3913 3276 3941 ,
3312 3875 3506 3930 habuit

1889 3980 2116 4032 Stultum
2184 3975 2545 4040 desiderium,
2596 3974 2857 4030 laborans
2909 3972 3255 4028 curiositatis
3308 3972 3504 4031 morbo

1887 4072 2053 4129 etiam
2091 4071 2210 4140 ipse
2235 4080 2294 4123 nt
2335 4070 2549 4124 videret
2578 4068 2820 4124 alienum
2856 4068 3161 4130 hominem,
3191 4073 3246 4120 et
3282 4065 3504 4119 audiret

1888 4164 2019 4234 quid
2051 4162 2144 4217 ille
2185 4163 2413 4218 diceret.
2449 4164 2646 4217 Annon
2695 4162 2860 4217 etiam
2912 4159 3074 4215 hodie
3119 4158 3277 4214 multi
3314 4158 3508 4212 morbo

1890 4257 1983 4311 illo
2033 4255 2331 4312 laborant?
2368 4254 2771 4310 ‘Desiderabat
2804 4255 2950 4309 enim
3012 4262 3067 4307 et
3116 4253 3230 4320 ipse
3285 4251 3504 4322 signum

1891 4349 2165 4417 quoddam
2209 4346 2399 4403 videre
2429 4361 2458 4399 a
2489 4345 2642 4412 Jesn,
2680 4361 2786 4401 non
2817 4356 2874 4398 ιιι
2903 4342 3072 4416 482
3103 4344 3376 4408 crederet,
3410 4344 3507 4398 sed

1891 4452 1953 4496 ut
1983 4442 2171 4496 oculos
2205 4441 2507 4495 oblectaret
2541 4452 2554 4492 :
2598 4443 2742 4494 sicut
2785 4441 2836 4491 in
2877 4431 3209 4507 spectaculis
3252 4438 3508 4491 videmus

1890 4534 2325 4605 prtestigiatores
2358 4545 2626 4601 apparere
2675 4531 2766 4600 qui
2816 4529 3080 4583 det-orent
3124 4539 3415 4597 serpentes
3451 4537 3510 4582 et

177 4611 280 4665 καὶ
316 4609 568 4672 τοιαῦτα,
602 4609 697 4698 καὶ
727 4608 1110 4682 θαυμάζομεν.
1157 4612 1353 4684 Σχεδὸν
1390 4617 1500 4688 γάρ
1533 4615 1782 4687 ενόμιζον

1896 4627 2128 4698 gladios,
2161 4639 2225 4679 ac
2275 4625 2471 4679 similis.
2503 4661 2518 4685 ,
2579 4633 2634 4677 et
2692 4622 3056 4675 admiramur.
3109 4617 3297 4675 Talem
3358 4619 3507 4675 enim

182 4703 279 4758 τὸν
317 4702 534 4769 Ἰησοῦν
573 4697 712 4756 εἶναι
738 4701 987 4757 τοιοῦτόν
1022 4721 1166 4758 τινα.
1217 4706 1514 4777 Ἐπηρώτα
1539 4709 1596 4761 δὲ
1625 4711 1782 4763 αὐτὸν

1893 4697 2067 4773 ίοῐιιιε
2098 4713 2288 4771 Jesum
2321 4728 2446 4770 esse
2477 4714 2729 4784 putabat.
2757 4710 3140 4781 lnterrogahat
3161 4719 3342 4763 autem
3379 4722 3506 4762 eum
3549 4701 3556 4707 ⁷

184 4798 248 4850 έν
280 4795 462 4864 λόγοις
496 4796 732 4862 ίκανοῖς,
767 4793 912 4849 οὕτω
942 4812 1062 4860 πως
1101 4799 1411 4869 εἰρωνικῶς
1439 4801 1580 4872 πρὸς
1625 4802 1793 4856 αὐτὸν

181 4887 560 4959 διακείμενος,
596 4890 692 4941 καὶ
721 4888 785 4942 τὸ
813 4887 938 4942 δλον
971 4889 1336 4962 μυκτηρίζων
1361 4893 1550 4950 αὐτόν.
1583 4895 1675 4948 Διὸ
1698 4899 1796 4950 καὶ

179 4980 214 5033 δ
251 4977 468 5050 Ἰησοῦς
522 4977 684 5034 οὐδὲν
735 4980 1122 5054 ἀποκρίνεται.
1186 4980 1313 5038 Οίδε
1360 4989 1471 5056 γάρ
1529 4986 1662 5040 πότε
1714 4989 1796 5042 δεῖ

181 5071 616 5144 ἀποκρίνασθαι,
638 5074 669 5127 ὸ
702 5075 883 5130 πάντα
912 5078 979 5131 ιν.
996 5075 1144 5148 λόγῳ
1178 5079 1434 5150 ποιήσας,
1459 5081 1556 5134 καὶ
1582 5098 1804 5152 μαρτυ-·

188 5166 386 5239 μηθεὶς
428 5169 536 5222 ὑπὸ
562 5169 748 5236 Δαυῖδ,
797 5171 884 5226 ὅτι
935 5191 953 5225 ι
1011 5174 1382 5248 Οἰκονομήσελι
1429 5178 1559 5242 τοὺς
1601 5177 1796 5247 λόγους

185 5253 358 5317 αὐτοῦ
390 5264 450 5316 έν
477 5265 684 5334 κρίσει.
735 5283 753 5316 ι
794 5265 861 5319 Τί
890 5265 1000 5341 γὰρ
1029 5267 1113 5322 δεῖ
1157 5269 1558 5343 ἀποκρίνεσθαι
1604 5272 1684 5343 τῷ
1717 5272 1795 5344 μὴ

187 5354 474 5429 έρωτῶντι
495 5356 588 5412 διὰ
604 5357 666 5410 τὸ
691 5353 885 5429 μαθεῖν
912 5376 928 5426 ;
950 5359 1004 5414 τί
1021 5360 1080 5416 δὲ
1098 5359 1181 5415 δεῖ
1203 5361 1423 5435 βάλλειν
1436 5364 1562 5429 τοὺς
1579 5381 1798 5437 μαργα-

191 5449 350 5521 ρίτας
379 5449 697 5522 έμπροσθεν
724 5451 838 5506 τῶν
869 5455 1071 5527 χοίρων
1097 5473 1111 5523 ;
1159 5457 1383 5512 Μᾶλλον
1433 5459 1534 5530 μὲν
1562 5454 1682 5527 οῦν,
1721 5458 1799 5522 ὡς

188 5543 290 5598 καὶ
316 5541 926 5617 άνοηέρωείρηκαμεν,
958 5545 1377 5622 φιλανθρωπίας
1401 5551 1524 5605 ἐστὶ
1540 5551 1602 5605 τὺ
1631 5551 1795 5623 σιγᾷν

188 5637 249 5691 ιν
301 5638 416 5700 τοῖς
441 5636 731 5703 τοιούτοις.
793 5639 855 5694 ⁸0
907 5640 1019 5714 γὰρ
1074 5624 1262 5716 ῥηθεὶς
1301 5645 1460 5716 λόγος
1518 5647 1657 5720 πρὸς
1715 5645 1792 5714 τῷ

195 5729 364 5802 μηδὲν
394 5730 704 5802 ὠφελῆσαι,
734 5733 817 5823 έτιι
850 5737 941 5791 καὶ
975 5738 1358 5812 κατακρίσεως
1385 5743 1646 5815 πρόξενος
1671 5744 1792 5797 ἐστι

261 5914 309 5946 ⁸⁸
337 5912 479 5972 l‘sal.
514 5930 624 5984 cst,
653 5916 708 5971 5.

1890 4809 2238 4866 sermonibus
2294 4807 2504 4872 multis,
2560 4817 2616 4861 et
2667 4805 2950 4860 illudentis
3004 4817 3158 4857 more
3212 4802 3507 4864 tractabat,

1891 4914 2057 4974 atque
2103 4901 2158 4955 in
2194 4915 2409 4956 summa
2442 4900 2627 4969 ipsum
2658 4899 3068 4964 subsannabat;
3107 4897 3228 4951 ideo
3254 4905 3310 4951 et
3343 4894 3510 4950 Jesus

1892 4997 2027 5052 nihil
2058 4994 2366 5065 respondit.
2401 4993 2577 5048 Scivit
2607 4994 2758 5048 enim
2789 4993 3014 5063 quando
3043 4989 3507 5059 respondendum,

1892 5089 2190 5159 omniaque
2237 5089 2458 5144 ratione
2511 5085 2673 5152 fecit,
2705 5097 2762 5143 et
2806 5086 3185 5141 testimonium
3223 5083 3436 5150 accepit
3479 5097 3512 5136 a

1900 5183 2073 5239 David
2107 5169 2272 5255 'quod
2305 5183 2584 5252 dispenset
2617 5194 2905 5236 sermones
2933 5193 3063 5235 suos
3111 5178 3164 5232 iu
3197 5176 3407 5248 judicio
3439 5176 3512 5231 “.

1899 5276 2039 5345 Quid
2070 5278 2220 5331 enim
2257 5274 2698 5345 reSpondendum
2728 5272 2802 5327 illi
2833 5273 2928 5342 qui
2973 5287 3082 5327 non
3119 5271 3422 5339 interrogat
3458 5276 3517 5323 ut

1901 5369 2124 5428 discat?
2171 5370 2314 5439 Quid
2356 5370 2486 5426 item
2527 5368 2847 5440 margaritae
2885 5366 3165 5422 mittendae
3213 5374 3342 5420 ante
3385 5378 3517 5434 por-

1903 5465 2040 5522 cos!
2073 5463 2192 5521 lmo
2240 5463 2492 5535 majoris,
2528 5462 2994 5532 quemadmodum
3042 5474 3207 5530 supra
3245 5459 3512 5524 diximus,

1905 5559 2301 5616 misericordia
2349 5567 2434 5613 est
2482 5566 2669 5611 tacere
2711 5553 2856 5608 inter
2903 5553 3062 5609 tales.
3114 5552 3311 5606 Sermo
3365 5548 3514 5604 enim

1907 5653 2088 5709 dictus
2119 5663 2490 5723 praeterquam
2533 5650 2680 5721 quod
2716 5649 2851 5704 nihil
2905 5650 3148 5718 prodest,
3185 5645 3367 5700 adhuc
3399 5658 3517 5697 eta-

1903 5749 2038 5818 ioris
2080 5743 2558 5803 condeuinalionls
2593 5757 2758 5800 causa
2807 5755 2887 5798 est
2925 5744 3006 5798 eis
3054 5744 3145 5812 qui
3178 5756 3287 5795 non
3330 5747 3512 5793 atteno
