4228 6428
239 389 251 396 ’
284 412 426 481 1097

281 526 588 588 ἀπολύσας.

276 621 436 690 ὑμῶν
467 619 530 672 ού
561 617 635 688 μὴ
667 617 1020 687 φοϐηθῶμεν,
1052 617 1188 669 ἀλλὰ
1247 615 1454 684 Κύριος
1508 613 1671 674 αὐτὸς
1724 613 1878 668 ἔσται

278 729 374 780 μοι
439 710 625 781 φόϐος.
691 728 709 760 ι
754 707 1066 771 Παιδεύσας
1105 707 1220 769 οῦν,
1268 708 1460 776 φησὶν,
1515 704 1798 766 ἀπολύσω,
1855 724 1873 755 ι

275 805 551 866 τουτέστι,
611 802 963 872 σωφρονίσας
1016 801 1105 854 διὰ
1151 801 1459 871 μαστίγων.
1493 799 1770 869 Ἀνάγκην
1822 797 1880 850 δέ

276 891 430 965 εἶχον
451 895 501 947 οἱ
542 896 808 964 Ῥωμαῖοι
857 895 999 949 κατὰ
1041 895 1239 965 ἑορτὴν
1273 893 1540 946 ἀπολύειν
1565 891 1683 957 ἕνα,
1721 909 1880 962 χαρι-

278 989 501 1057 ζόμενοι
560 992 672 1051 τοῖς
735 989 1035 1051 Ἰουδαίοις.
1118 986 1514 1046 ’Υποσπόνδοις
1560 984 1671 1055 γὰρ
1727 1002 1879 1053 γενο-

280 1080 465 1150 μένοις
516 1080 631 1141 τοῖς
686 1077 1004 1141 Ἰουδαίοις,
1059 1076 1246 1129 ἄδειαν
1299 1075 1568 1128 δεδώκασι
1613 1075 1754 1125 κατά
1809 1073 1878 1126 τὰ

275 1174 456 1225 οἰκεῖα
495 1171 590 1242 ἔθη
633 1173 728 1223 καὶ
763 1171 972 1241 νόμιμα
1019 1168 1428 1222 πολιτεύεσθαι.
1467 1169 1630 1230 ΙἘθος
1661 1166 1718 1220 δὲ
1767 1169 1875 1220 πάο

277 1279 434 1328 τριον
468 1258 535 1332 ἦν
585 1261 890 1325 Ἰουδαίοις,
914 1261 976 1312 τὸ
1015 1261 1171 1329 παρὰ
1199 1258 1296 1312 τοῦ
1348 1261 1612 1330 ἄρχοντος
1647 1257 1873 1322 ἐξαιτεῖ-

279 1355 405 1406 σθαι
437 1357 559 1417 τοὺς
576 1355 1199 1424 κατακρίτους-,ῶσπερ
1234 1353 1329 1404 καὶ
1350 1352 1502 1421 παρά
1541 1351 1715 1403 Σαοὺλ
1750 1350 1876 1421 ἐξη-

273 1450 512 1516 τὴσαντο
541 1448 632 1500 τὸν
688 1447 967 1499 Ἰωνάθαν.
1005 1447 1068 1498 El
1108 1445 1167 1498 δὲ
1200 1445 1298 1515 τὴν
1331 1446 1578 1514 ἱστορίαν
1632 1443 1870 1509 ἀγνοεῖς,

277 1542 462 1609 μέτιθι
488 1540 789 1595 Βασιλειῶν
816 1541 914 1610 τὴν
949 1539 1196 1613 πρώτην,
1230 1540 1324 1591 καὶ
1356 1537 1563 1606 ταύτην
1592 1537 1870 1607 εὑρήσεις.

279 1654 296 1682 ι
353 1633 682 1704 Ἀνὲκραξαν
702 1630 781 1695 δὲ,
816 1632 969 1700 φησὶ,
1022 1629 1367 1699 παμπληθεῖ,
1399 1627 1686 1695 λέγοντες·
1740 1621 1870 1695 Αἶρε

272 1723 486 1780 τοῦτον.
531 1744 549 1778 ι
587 1725 653 1778 Τί
702 1725 897 1779 τούτου
947 1726 1168 1795 χεῖρον;
1201 1722 1274 1774 Τὸ
1306 1721 1459 1783 ἐθνος
1503 1721 1563 1772 τὸ
1604 1720 1760 1787 ἆγιον
1791 1722 1870 1782 είς

275 1818 473 1886 φόνους
511 1817 729 1883 ἐλύττα,
761 1821 789 1871 ὁ
813 1818 1026 1880 ἐθνικὸς
1067 1816 1298 1878 Πιλάτος
1326 1813 1418 1867 τὸν
1445 1814 1607 1882 φόνον
1636 1813 1868 1883 ἀπετρέ·

938 412 1394 474 ΕΝΑΠΠᾹΤΙΟ
1439 412 1515 472 1N
1552 411 1868 472 EVANGE.

1975 410 2067 471 JM
2111 409 2346 472 LUCE.
2388 434 2458 444 —
2487 408 2646 468 CAP.
2692 407 2921 468 ΧΧσίΙῐ.

679 525 755 578 Οὐ
821 524 928 594 γὰρ
976 523 1147 593 ἔμαθε
1198 523 1380 586 knew
1413 537 1425 552 ο
1464 521 1570 574 Τδν
1625 520 1681 574 δέ
1721 519 1868 588 φόὸοε

2001 533 2169 572 unum
2205 518 2483 572 dimittere
2510 515 2730 571 ludatis.
2762 515 2893 569 Tale
2928 515 3072 569 enim
3109 515 3290 572 {indos
3324 532 3444 572 cum
3495 521 3593 576 λυ.

3453 406 3594 475 1098

1985 610 2118 663 datis
2149 608 2406 671 inierant,
2437 619 2496 661 ut
2524 599 2759 662 liberum
2795 606 3179 676 permitterent
3210 609 3292 661 eis
3315 607 3473 678 juxta
3515 611 3592 663 le-

1983 703 2172 774 gitima
2213 711 2268 756 ct
2300 713 2561 756 consueta
2596 717 2691 755 sna
2723 701 2932 754 vivere.
2960 699 3025 754 Et
3077 715 3196 754 mos
3232 702 3443 770 patrius
3477 714 3595 756 erat

1983 795 2204 859 ludatis,
2233 811 2259 846 a
2289 797 2538 864 principe
2569 795 2848 863 judicatos
2896 803 3106 861 petere,
3127 796 3268 847 sicut
3307 806 3362 849 et
3387 815 3414 848 a
3464 797 3593 849 Sani

1985 889 2298 959 petiverunt
2350 887 2648 942 Jonathan.
2694 889 2849 954 Quod
2902 888 2947 942 si
3005 887 3293 941 historiam
3349 890 3591 958 igttOIas,

1983 984 2119 1036 Vade
2153 983 2220 1034 ad
2251 981 2484 1052 primum
2519 982 2716 1034 lihrmn
2746 979 2948 1050 Regum
2977 981 3043 1044 ",
3064 991 3118 1033 et
3147 996 3270 1033 eam
3325 981 3589 1035 invenies.

1989 1092 2006 1125 ι
2035 1074 2424 1130 Clamavernnt
2449 1085 2653 1137 autem,
2680 1075 2879 1141 inquit,
2912 1087 3108 1127 omnes
3145 1074 3414 1138 dicentes,
3443 1072 3594 1128 Tolle

1981 1169 2146 1222 hune.
2178 1185 2194 1218 ι
2227 1167 2366 1233 Quid
2403 1168 2504 1222 hoc
2534 1166 2725 1235 pejus?
2756 1166 2902 1221 Gens
2919 1176 3110 1220 sancta
3134 1166 3284 1221 rabie
3318 1168 3370 1221 in
3385 1167 3590 1237 eadem

1981 1262 2128 1325 furit,
2171 1273 2227 1316 et
2273 1263 2491 1331 gentilis
2536 1261 2743 1314 Pilatus
2780 1266 2983 1315 uelem
3020 1272 3326 1315 aversatur.
3371 1261 3437 1316 Et
3468 1277 3591 1332 qua:

1978 1371 2217 1418 sursum,
2247 1371 2308 1410 ea
2340 1357 2595 1411 deorsum
2630 1367 2934 1409 vertuntur.
2963 1377 2978 1406 ι
3004 1356 3154 1410 'l'olle
3179 1357 3344 1420 hunc,
3380 1358 3587 1422 dicunt,

1979 1447 2191 1500 dimitte
2222 1455 2404 1500 autem
2448 1448 2603 1499 nobis
2635 1447 2940 1500 Barabham
2979 1466 2988 1498 :
3023 1447 3116 1516 qui
3142 1464 3264 1500 cum
3293 1448 3588 1504 seditiosus

1975 1553 2116 1592 esset
2151 1550 2202 1594 et
2225 1540 2520 1601 homicida,
2546 1542 2744 1593 missus
2765 1552 2880 1592 erat
2911 1541 2962 1592 in
2991 1555 3289 1593 carcerem.
3317 1559 3334 1591 ρ
3379 1542 3455 1594 En
3479 1553 3592 1595 ιρις

1975 1637 2049 1688 tio
2085 1635 2321 1688 absolvit
2372 1634 2677 1700 Pilatus,ct
2728 1637 2886 1688 tertio
2940 1636 3013 1690 illi
3069 1646 3256 1689 contra
3308 1634 3587 1690 Christum

1973 1731 2232 1792 clamant,
2269 1739 2325 1782 ιιι
2373 1730 2597 1780 omnino
2659 1729 2816 1782 tertia
2875 1728 2961 1781 illa
3014 1730 3342 1783 tlamatione
3389 1731 3589 1783 caedem

1973 1836 2128 1875 suam
2191 1821 2494 1890 perﬁciant,
2557 1833 2913 1889 sanetmnqne
2966 1837 3029 1874 ac
3078 1822 3286 1891 justum
3345 1832 3587 1891 negent:

276 1927 430 1977 πετο,
454 1910 523 1963 τὰ
554 1909 668 1964 ἀνω
711 1910 863 1964 κάτω
906 1909 1145 1978 ἐγένετο.
1188 1927 1206 1959 ι
1246 1902 1378 1979 Αἶρε
1429 1906 1643 1969 τοῦτον,
1677 1907 1865 1976 φασὶν,

1975 1916 2113 1968 sicut
2146 1917 2272 1968 dicit
2305 1915 2497 1968 beatus
2549 1915 2764 1978 Petrus,
2808 1914 3122 1969 Petivernnt
3177 1924 3355 1968 autem
3415 1916 3588 1969 virnni

270 2001 545 2055 ἀπόλυσον
564 2002 620 2056 δὲ
640 2003 771 2073 ἡμῖν
802 2001 1117 2072 Βαραϐϐᾶν,
1139 1999 1197 2063 ὃς
1218 1999 1554 2068 στασιαστὴς
1571 1996 1648 2050 ὢν
1663 1999 1759 2050 καὶ
1774 2013 1868 2064 φοι

275 2095 420 2160 νεῦς,
447 2095 652 2165 ἐϐλήθη
671 2097 754 2158 είς
771 2095 1043 2165 φυλακήν.
1077 2115 1094 2146 ι
1119 2096 1230 2148 Καὶ
1247 2093 1430 2163 τρίτον
1448 2092 1678 2145 ἀπολύει
1696 2091 1868 2145 Πιλά-

267 2186 488 2251 τος,καὶ
505 2187 684 2256 τρίτον
703 2189 901 2240 ἐκεῖνοι
927 2187 1090 2256 βοῶσι
1106 2186 1245 2239 κατά
1263 2183 1527 2255 Χριστοῦ,
1547 2185 1633 2236 ἵνα
1651 2184 1867 2245 πάντως

267 2279 361 2332 διὰ
378 2279 472 2333 τοῦ
496 2279 683 2351 τρίτου
706 2280 898 2333 τούτου
927 2279 1272 2350 βεϐιιώσωσι
1292 2279 1392 2349 τὴν
1408 2278 1617 2331 οἰκείαν
1645 2293 1865 2348 μιαιφο-

267 2371 423 2427 νίαν’
449 2373 545 2428 καὶ
587 2373 681 2427 τὸν
715 2373 816 2444 μὲν
847 2373 1004 2441 ἆγιον
1037 2374 1134 2426 καὶ
1162 2372 1373 2427 δίκαιον
1401 2372 1735 2443 ἠρνήσαντο,
1768 2387 1868 2422 κα-

269 2463 383 2529 θὼς
422 2481 590 2537 φησιν
639 2467 668 2518 ὁ
702 2464 973 2536 μακάριος
1006 2465 1232 2535 Πέτροςο
1285 2453 1558 2533 ᾐτήσαντο
1591 2463 1647 2514 δὲ
1698 2461 1867 2532 ἀνδρα

269 2558 446 2628 φονέα
480 2558 811 2630 χαρισθῆναι
844 2561 1053 2622 αὐτοῖς.
1080 2560 1156 2612 Τὸ
1185 2557 1294 2629 γὰρ
1326 2559 1516 2628 ὅμοιον
1559 2555 1821 2624 ἀγαπῶσι
1847 2571 1862 2583 ·

265 2650 471 2706 διὸκαὶ
507 2654 609 2722 τῆς
655 2651 875 2722 μερίδος
924 2651 1093 2705 αὑτοῦ
1141 2653 1409 2720 γίνονται,
1465 2651 1867 2711 στασιάσαντες

268 2746 368 2798 καὶ
412 2745 564 2799 αὐτοὶ
593 2746 735 2798 κατά
777 2745 1091 2816 Ῥωμαίων,
1130 2748 1226 2798 καὶ
1250 2745 1429 2814 φόνων
1459 2743 1672 2814 μυρίων
1704 2743 1869 2797 αἴτιοι

267 2828 556 2909 γενόμενοι
617 2840 714 2893 καὶ
766 2838 865 2907 τῆς
923 2838 1136 2892 ἑαυτῶν
1201 2837 1503 2901 ἀπωλείας.
1560 2837 1751 2890 Ταῦτα
1809 2837 1867 2889 δὲ

267 2930 527 3002 προλέγει
556 2930 655 2983 καὶ
683 2931 751 2983 δι’
789 2931 1058 3002 Ἱερεμίου
1093 2931 1121 2982 ὁ
1165 2929 1373 2999 Κύριος
1395 2946 1408 2958 ·
1445 2948 1463 2981 ι
1529 2929 1867 2998 Ἐγκαταλέ-

267 3022 434 3075 λοιπα
461 3021 553 3075 τὸν
601 3019 750 3076 οἶκόν
807 3042 929 3094 μου,
972 3023 1162 3093 ἀφῆκα
1206 3022 1304 3092 τὴν
1340 3021 1710 3093 κληρονομίαν
1739 3039 1865 3092 μου,

263 3114 480 3168 δέδωκα
518 3115 618 3184 τὴν
669 3116 1040 3186 κληρονομίαν
1095 3131 1198 3185 μου
1254 3116 1336 3177 είς
1388 3117 1581 3186 χεῖρας
1631 3115 1861 3186 ἐχθρων.

276 3207 578 3278 Ἐγεννήθη
653 3210 684 3278 ἡ
739 3208 1073 3279 κληρονομία
1130 3224 1232 3278 μου
1269 3209 1421 3278 ἐμοὶ,
1475 3208 1550 3271 ὡς
1607 3208 1744 3261 λέων
1806 3211 1865 3260 ἐν

268 3301 486 3373 δρυμῷ,
521 3299 720 3354 ἔδωκεν
762 3300 850 3352 ἐπ’
873 3301 973 3371 ἐμὲ
1004 3300 1104 3371 τὴν
1138 3300 1322 3372 φωνὴν
1349 3302 1551 3371 αὐτῆς·
1588 3301 1677 3354 διὰ
1709 3301 1868 3353 τοῦτο

269 3395 513 3464 ἐμίσησα
543 3396 714 3466 αὐτὴν
747 3411 762 3426 ’
804 3414 822 3447 ι
867 3395 962 3448 καὶ
995 3395 1158 3447 πάλιν
1199 3394 1382 3464 Ὠσηὲ,
1426 3414 1445 3446 ι
1489 3395 1625 3448 Οὐαὶ
1659 3395 1865 3459 αὐτοῖς,

265 3488 352 3541 ὅτι
383 3487 754 3557 ἄπεπήόησαν
776 3488 869 3540 ἀπ⁵
907 3485 1044 3558 ἐμοῦ
1068 3501 1080 3514 '
1108 3487 1333 3539 δείλαιοί
1362 3477 1526 3552 εἰσιν,
1547 3489 1631 3540 ὅτι
1662 3488 1866 3557 iisqu-

266 3596 370 3635 σαν
405 3583 486 3643 εἰς
539 3581 661 3651 ἐμέ.
711 3582 852 3651 Ἐγὼ
899 3582 1308 3653 ἐλυτρωσάμην
1348 3583 1569 3644 αὐτοὺς,
1603 3582 1760 3635 αὐτοὶ
1809 3581 1866 3634 δὲ

265 3672 650 3744 κατελάλησαν
704 3675 826 3725 κατ’
887 3673 1024 3744 ἐμοῦ
1075 3673 1270 3742 ψευδῆ,
1325 3674 1420 3725 καὶ
1463 3671 1762 3725 πεσοῦνται
1810 3673 1869 3723 ἐν

266 3767 502 3835 στόματι
537 3767 811 3837 ῥομφαία.
862 3768 911 3820 οἱ
956 3768 1219 3840 ἄρχοντες
1274 3766 1457 3820 αὐτῶν
1498 3767 1566 3819 δι’
1607 3766 1868 3820 ἀπαιδευ-

267 3854 390 3907 σίαν
411 3853 658 3925 γλώττης
690 3857 894 3911 αὐτῶν.
927 3875 945 3908 ι
987 3861 1218 3926 Ἀγεται
1247 3858 1427 3910 τοίνυν
1449 3859 1475 3910 ὁ
1523 3857 1742 3926 Ιησοῦς,
1774 3860 1867 3910 καὶ

267 3949 486 4019 πρῶτον
534 3951 634 4020 μὲν
680 3950 961 4021 ἐπέθηκαν
997 3952 1150 4020 αὐτῷ
1188 3951 1281 4004 τὸν
1331 3951 1596 4020 σταυρὸν,
1649 3952 1744 4004 καὶ
1776 3951 1870 4021 βα-

266 4040 485 4105 στάζων
554 4042 798 4110 ἐξῆλθεν.
859 4044 996 4097 Οὐδὲ
1053 4047 1161 4114 γὰρ
1223 4044 1546 4115 κατεδέχετό
1609 4063 1693 4109 τις
1757 4048 1867 4098 τῶν

263 4133 441 4189 ἄλλων
474 4135 744 4205 βαστάσαι
778 4138 964 4201 αὑτὸν,
1001 4140 1123 4192 ἐπεὶ
1151 4140 1247 4194 καὶ
1292 4139 1353 4192 τὸ
1385 4140 1543 4205 ξύλον
1594 4142 1864 4196 ἐπικατά-

266 4243 432 4297 ρατον
465 4222 632 4298 εῐχον.
664 4225 793 4282 Εἶτα
825 4231 1080 4302 εὑρόντες
1104 4233 1326 4301 Σίμωνά
1360 4252 1484 4288 τινα
1517 4236 1864 4306 Κυρηναῖον,

263 4321 546 4389 ἐπέθηκαν
607 4323 785 4393 τούτῳ
827 4326 920 4378 τὸν
968 4327 1225 4399 σταυρὸν,
1275 4329 1724 4397 ἀγγαρεύσαντες
1775 4333 1867 4384 τὸν

265 4413 580 4486 ἄνθρωπον,
642 4417 736 4470 καὶ
795 4413 906 4469 οἷόν
961 4436 1085 4472 τινα
1132 4421 1410 4492 ἐπήρειαν
1466 4423 1618 4492 αύτῶ
1673 4421 1867 4476 τοῦτον

261 4508 547 4571 ἐπιθέντες
583 4509 675 4562 τὸν
729 4511 882 4582 παρά
908 4515 1025 4575 τοῖς
1056 4513 1241 4577 ἄλλοις
1289 4514 1862 4586 ἀποτροπιαζόμενον.

1979 2007 2310 2061 homicidam
2349 2009 2466 2060 dari
2501 2009 2605 2061 sibi
2632 2007 2717 2062 ἐξ
2751 2008 3050 2078 diligebant
3101 2010 3246 2061 enim
3296 2009 3530 2061 similem
3574 2027 3584 2060 :

1973 2100 2200 2172 proinde
2238 2101 2410 2170 partis
2445 2101 2591 2153 illius
2621 2112 2797 2153 crnnt.
2836 2101 2974 2154 Cum
3023 2100 3168 2154 enim
3215 2113 3270 2154 et
3322 2102 3422 2170 ipsi
3461 2117 3590 2154 eun-

1975 2205 2054 2246 tra
2076 2192 2352 2247 Romanos
2379 2193 2801 2252 insurrexerint.
2833 2193 3321 2247 innumerabilium
3352 2196 3583 2248 caedium

1972 2301 2192 2355 sumque
2232 2287 2557 2354 perditionis
2593 2297 2848 2340 auctores
2874 2297 3055 2341 erunt.
3095 2285 3220 2340 llzec
3269 2299 3449 2340 autem
3496 2303 3592 2356 per

1971 2377 2267 2434 Jeremiam
2321 2377 2573 2448 pmdicit
2627 2375 2916 2438 Dominus.
2973 2396 2990 2428 ι
3037 2377 3310 2444 υριιιίίίμιὶ
3365 2378 3587 2431 domum

1973 2486 2176 2536 meam,
2209 2471 2404 2540 reliqui
2461 2470 2839 2525 hazreditatem
2880 2487 3053 2524 meam
3079 2473 3146 2523 υ.
3175 2470 3304 2525 Dedi
3355 2472 3589 2525 haeredi-

1974 2571 2140 2618 tatem
2179 2576 2354 2616 meam
2393 2562 2444 2616 in
2501 2577 2695 2617 manus
2735 2564 3084 2618 inimicorum
3123 2581 3135 2616 :
3172 2562 3316 2617 faeta
3364 2573 3447 2619 est
3485 2567 3592 2618 hm-

1973 2657 2174 2712 reditas
2203 2672 2324 2712 mea
2357 2657 2488 2712 mihi
2522 2657 2668 2713 sicut
2715 2656 2800 2711 leo
2836 2657 2886 2710 in
2920 2659 3054 2710 silva
3091 2675 3103 2710 :
3133 2658 3283 2712 dedit
3312 2674 3475 2726 super
3505 2675 3592 2711 uze

1974 2765 2165 2804 vocem
2197 2765 2354 2804 suam
2390 2767 2404 2803 :
2434 2760 2725 2821 propterea
2745 2751 2831 2804 odi
2853 2765 3000 2805 eam.
3029 2769 3046 2801 ι
3075 2751 3137 2803 Et
3157 2752 3353 2806 iterum
3380 2752 3549 2808 Oscae
3577 2769 3589 2803 :

1977 2863 1995 2895 ι
2044 2843 2132 2898 γω
2165 2843 2244 2899 eis
2292 2843 2418 2912 quia
2449 2843 2769 2897 resiliernnt
2805 2859 2831 2894 a
2869 2859 2955 2897 me
2988 2861 3002 2897 :
3039 2844 3223 2898 miseri
3275 2855 3424 2910 sunt,
3460 2847 3590 2914 quia

1977 2939 2142 3005 impie
2178 2946 2409 3006 egerunt
2454 2939 2507 2990 in
2551 2952 2658 2990 me.
2691 2935 2801 3006 Ego
2851 2946 3034 2990 autem
3090 2938 3294 2991 redemi
3344 2952 3462 3003 eos,
3489 2939 3590 3004 ipsi

1977 3049 2107 3087 vero
2139 3034 2301 3088 locuti
2341 3041 2469 3088 sunt
2499 3043 2690 3087 contra
2726 3049 2812 3088 me
2859 3033 3144 3088 mendacia
3180 3050 3191 3086 :
3226 3044 3279 3087 ct
3307 3035 3503 3088 cadent
3538 3035 3589 3086 in

1973 3141 2069 3181 ore
2103 3126 2267 3197 gladii
2323 3127 2600 3196 principes
2651 3141 2866 3189 eorum,
2931 3137 3152 3196 propter
3211 3127 3587 3196 insipientiam

1975 3220 2174 3292 lingua:
2207 3235 2396 3276 eorum
2418 3221 2486 3277 ”.
2510 3239 2528 3272 ι
2565 3221 2790 3274 Ducitur
2837 3221 3002 3289 igitur
3039 3219 3221 3284 Jestts,
3248 3233 3301 3274 et
3352 3222 3587 3290 primum

1975 3316 2194 3384 quidem
2232 3314 2612 3383 imposuerunt
2643 3313 2692 3367 ei
2725 3329 2970 3377 crucem,
3000 3322 3056 3367 et
3095 3313 3344 3383 bajnlaus
3395 3316 3587 3368 exivit.

1974 3405 2148 3463 Nemo
2179 3408 2324 3462 enim
2553 3407 2691 3460 alius
2723 3423 2842 3460 eam
2879 3409 3163 3476 suscipere
3194 3407 3433 3473 volebat,
3461 3411 3588 3478 quia

1976 3501 2250 3555 habebant
2290 3508 2349 3554 ut
2400 3500 2752 3554 maledictum
2815 3499 3041 3567 lignum.
3095 3500 3302 3554 Deinde
3366 3503 3591 3555 invento

1972 3593 2207 3661 quodam
2245 3591 2471 3665 Simone
2519 3591 2802 3663 Cyrenmo,
2852 3593 3231 3661 imposuerunt
3265 3595 3314 3648 vi
3351 3596 3588 3665 quadam

1973 3686 2023 3739 ei
2081 3684 2256 3747 illam,
2303 3699 2467 3753 quam
2526 3687 2926 3740 aversabantur
2975 3685 3086 3741 alii.
3130 3684 3446 3741 lnsinuatur
3481 3705 3590 3741 non

1974 3791 2138 3844 parva
2173 3775 2474 3829 admonitio
2506 3776 2606 3829 hoc
2640 3774 2777 3829 loco.
2807 3775 2955 3831 Crux
2991 3779 3139 3832 enim
3176 3789 3256 3832 est
3289 3782 3587 3834 mortilica-

1977 3871 2050 3924 tio
2088 3868 2462 3929 aﬂectionnm.
2493 3867 2568 3922 ita
2600 3881 2658 3921 ut
2693 3873 2898 3923 moveri
2935 3883 3216 3940 nequeant
3263 3883 3316 3925 cl
3347 3877 3587 3941 Operari.

1974 3964 2110 4020 Nam
2136 3969 2228 4036 qui
2265 3969 2631 4040 cruciﬁgitur,
2656 3969 2826 4022 clavis
2865 3965 3124 4036 adigitur,
3155 3977 3208 4021 et
3240 3972 3455 4038 operari
3490 3986 3587 4024 nc-

1973 4061 2113 4127 qnit.
2138 4061 2290 4116 Unde
2316 4062 2510 4116 doetor
2559 4062 2862 4116 secundum
2899 4059 3182 4114 Christum
3233 4062 3396 4116 debet
3440 4064 3591 4131 prior

1973 4153 2089 4224 ipse
2135 4169 2351 4209 crucem
2387 4155 2602 4220 tollere,
2624 4165 2680 4209 et
2712 4169 2910 4209 carnes
2939 4170 3069 4209 suas
3102 4155 3298 4210 timore
3331 4155 3422 4209 Dei
3456 4173 3590 4210 con-

1974 4245 2163 4316 ligere,
2192 4256 2246 4300 et
2285 4245 2670 4302 adfectionibus
2703 4261 2898 4302 carens
2939 4245 3191 4318 fulgere,
3229 4249 3429 4303 deinde
3463 4265 3587 4304 eam

1971 4340 2136 4393 etiam
2187 4341 2530 4395 auditoribus
2562 4341 2865 4410 imponere.
2888 4339 3078 4394 Simon
3107 4340 3252 4394 enim
3287 4343 3590 4396 obedientia

1974 4434 2390 4502 interpretatur.
2423 4433 2684 4496 [inpletur
2709 4445 2890 4488 autem
2919 4443 2973 4488 et
3004 4433 3107 4488 hoc
3143 4434 3261 4489 loco
3304 4437 3458 4491 lsaire
3508 4440 3592 4490 di-

1973 4537 2144 4593 ctum,
2177 4544 2195 4578 ι
2235 4526 2403 4597 Cujus
2458 4528 2796 4598 principatus
2817 4543 2983 4596 super
3012 4528 3303 4584 humerum
3329 4532 3447 4599 ejus
3471 4534 3536 4587 “.
3567 4553 3585 4584 ι

262 4600 576 4654 Δίνίττεται
611 4604 667 4656 δέ
691 4603 852 4658 τοῦτο
884 4607 944 4658 ού
1004 4605 1205 4677 μικρὸν
1244 4607 1581 4679 νουθέτημα.
1621 4609 1865 4680 Σταυρὸς

1976 4619 2323 4691 Principatus
2351 4622 2496 4677 enim
2534 4621 2746 4674 Domini
2781 4633 2835 4675 et
2870 4637 3098 4691 regnum
3137 4639 3273 4678 crux
3317 4635 3420 4680 est.
3453 4627 3592 4682 Dicit

267 4693 368 4762 μὲν
388 4697 499 4763 γάρ
515 4699 662 4749 ἐστιν
694 4697 726 4768 ἡ
762 4698 1033 4769 νέκρωσις
1067 4702 1162 4754 καὶ
1192 4701 1563 4774 ἀνενεργησία
1592 4705 1702 4755 τῶν
1753 4719 1863 4758 πα-

263 4788 375 4840 θὼν
400 4792 491 4841 καὶ
520 4790 783 4861 ἀκινησία
809 4807 821 4820 ·
861 4794 891 4845 ὀ
923 4795 1036 4864 γὰρ
1088 4796 1502 4867 σταυρούμινος
1527 4797 1865 4870 καθηλοῦται

260 4882 359 4933 καὶ
396 4881 694 4953 ἀπρακτεῖ.
744 4885 802 4938 Ὀ
841 4887 1024 4940 τοίνυν
1078 4890 1220 4942 κατὰ
1269 4891 1508 4961 Χριστὸν
1541 4892 1866 4959 διδάσκαλος

262 4973 472 5041 ὀφείλει
555 4977 776 5044 πρῶτον
828 4979 991 5042 αὐτὸς
1043 4981 1140 5032 τὸν
1202 4988 1440 5054 σταυρὸν
1497 4987 1715 5057 αἴρειν,
1770 4992 1864 5042 καὶ

259 5066 537 5135 καθηλοῦν
575 5069 672 5131 τὰς
710 5073 920 5140 σάρκας
954 5072 1120 5126 αὑτοῦ
1157 5074 1236 5145 τῷ
1267 5077 1417 5148 φόϐῳ
1450 5079 1544 5131 τοῦ
1574 5081 1734 5146 Θεοῦ,
1767 5082 1865 5135 καὶ

262 5161 330 5230 τῇ
397 5161 647 5233 ἀπαθείᾳ
704 5166 1168 5237 λαμπρύνεσθαι,
1233 5166 1335 5222 εἷθ’
1397 5171 1543 5226 οὕτω
1595 5176 1689 5228 καὶ
1757 5179 1872 5241 τοῖς

263 5253 528 5323 ὑπηκόοις
579 5256 766 5309 τοῦτον
817 5260 1123 5330 ἐπιτιθέναι
1159 5279 1172 5293 ο
1225 5264 1410 5334 Σίμων
1462 5267 1572 5337 γὰρ
1626 5270 1870 5337 ὑπακοὴ

262 5347 651 5417 ἑρμηνεύεται.
676 5351 990 5423 ῐΙληροῦται
1017 5355 1072 5407 δὲ
1099 5357 1382 5411 κάνταῦθα
1409 5359 1468 5411 τι
1491 5361 1831 5415 τοῦἪσαῖου
1851 5381 1862 5393 ο

264 5457 284 5492 ι
321 5438 397 5494 Ob
427 5444 459 5512 ἡ
491 5443 635 5513 ἀρκεὴ
667 5446 754 5497 ἐπὶ
807 5447 899 5499 τοῦ
931 5446 1083 5517 ὤμου
1120 5450 1286 5502 αὐτοῦ
1319 5467 1331 5480 ⁸
1373 5471 1390 5504 ι
1430 5454 1572 5525 ἀρχὴ
1619 5458 1728 5525 γὰρ
1771 5460 1865 5511 τοῦ

256 5535 470 5605 Κυρίου
503 5538 597 5590 καὶ
631 5537 901 5607 βασιλεία,
923 5541 951 5592 ὁ
981 5545 1238 5613 σταυρός.
1262 5546 1399 5617 Φησὶ
1424 5548 1535 5617 γὰρ
1565 5551 1592 5601 ὁ
1619 5551 1828 5615 Παῦλος
1852 5569 1864 5583 ·

334 5698 377 5730 ⁸⁷
407 5697 427 5753 1
454 5699 586 5772 Reg.
612 5719 724 5758 xiv.
805 5704 848 5736 "
876 5705 999 5759 Act.
1023 5722 1102 5761 ιιι.

1183 5711 1228 5742 ¹⁹
1251 5716 1362 5765 Jer.
1391 5729 1488 5778 xu,
1512 5717 1564 5767 7.

331 5844 409 5917 (α)
429 5846 580 5935 ίΕιξὶι..
607 5846 731 5935 μή.
761 5852 1022 5935 oniisit‘in
1049 5863 1223 5935 textu,
1251 5856 1565 5930 ἀνέκραξαν
1590 5864 1668 5930 δὲ,
1701 5875 1857 5935 φησι,

256 5918 583 5991 παμπλτιθεὶ
613 5921 867 5987 λέγοντες
889 5942 901 5953 “
927 5921 1060 5994 Αἶρε
1085 5918 1294 5982 τοῦτον.
1393 5918 1405 5930 ’
1477 5918 1492 5926 ⁷
1655 5918 1667 5930 ’
1713 5918 1725 5935 ⁸
1764 5919 1775 5937 ⁸

537 6015 814 6078 Ρλτιίιιυι..
861 6019 974 6083 Gn.
1025 6020 1294 6084 CXXlIl.

1643 5719 1688 5750 ³⁰
1713 5718 1850 5775 Osce
1901 5740 1998 5789 vti,
2032 5726 2220 5782 l5-l6.

1974 4714 2124 4767 enim
2171 4713 2396 4777 Paulus,
2449 4733 2466 4765 ι
2511 4712 2836 4769 Humiliavit
2883 4710 3240 4784 semetipsum
3294 4734 3467 4789 usque
3520 4723 3588 4774 ad

1975 4814 2228 4870 mortem,
2251 4817 2483 4860 mortem
2515 4818 2696 4860 autem
2730 4809 2912 4863 crucis
2946 4825 2961 4863 :
2993 4808 3118 4864 ideo
3158 4817 3212 4862 et
3257 4809 3400 4865 Deus
3434 4815 3589 4867 exal-

1973 4899 2106 4953 tavit
2156 4899 2304 4953 illum
2333 4901 2434 4964 ³³.»
2459 4914 2566 4955 etc.
2597 4902 2853 4970 Atigitur
2883 4903 3012 4972 qnia
3046 4919 3180 4958 crux
3213 4904 3316 4958 fuit
3339 4906 3592 4960 sublimi-

1975 5001 2057 5048 tas
2098 5003 2149 5047 et
2195 4993 2367 5063 gloria
2413 4993 2566 5060 Jesu,
2601 4997 2795 5049 merito
2846 4998 3188 5066 principatus
3215 4998 3335 5067 ejus
3367 5001 3589 5066 dicitur,

1977 5101 2073 5140 seu
2107 5089 2362 5156 princeps
2393 5091 2509 5158 ejus
2552 5091 2812 5159 dignitas,
2853 5101 2910 5146 et
2951 5096 3259 5165 symbolum
3315 5099 3591 5166 principa-

1977 5192 2062 5237 tus
2090 5184 2192 5252 (u).
2225 5182 2381 5238 Sicut
2434 5188 2580 5240 enim
2632 5190 2880 5258 symbola
2918 5191 3246 5262 dignitatum
3302 5205 3590 5250 senatores

1974 5277 2198 5343 habent,
2225 5295 2394 5334 zonas
2430 5281 2544 5345 alii,
2582 5284 2671 5337 alii
2712 5284 2933 5352 pallium
2965 5304 2975 5338 :
3005 5286 3084 5338 sit:
3120 5287 3286 5338 etiam
3332 5287 3591 5343 Christus

1970 5385 2189 5425 erucem
2211 5373 2376 5427 efﬁcit
2404 5379 2556 5446 regni
2588 5377 2671 5429 sui
2698 5378 3029 5447 symbolum.
3059 5379 3121 5430 lit
3158 5380 3203 5433 si
3244 5380 3382 5435 bene
3406 5381 3588 5435 anim-

1970 5467 2296 5530 adverteris,
2349 5468 2595 5523 invenies
2650 5475 2952 5525 nonaliter
3004 5490 3241 5542 regnare
3305 5477 3355 5527 in
3429 5478 3590 5528 nobis

1967 5559 2176 5626 Jcsum,
2210 5563 2311 5616 nisi
2347 5579 2444 5634 per
2481 5564 2830 5621 amictéouem
2867 5587 2878 5620 :
2910 5580 3072 5637 atque
3107 5573 3177 5622 ita
3217 5572 3309 5638 qni
3353 5572 3405 5624 in
3457 5571 3593 5625 deli-

2300 5729 2340 5760 ³¹
2369 5744 2471 5785 tsn.
2501 5748 2577 5797 ix,
2609 5734 2662 5784 6.
2746 5733 2790 5762 ³²
2812 5732 3047 5804 Phil-pp.
3084 5752 3141 5800 ll,
3165 5737 3219 5799 8,
3244 5739 3299 5793 9.

2050 5871 2125 5939 (α)
2154 5871 2208 5923 lit
2246 5873 2388 5928 Edil.
2446 5873 2569 5933 Lul.
2603 5877 3006 5942 desiderantur.
3057 5900 3178 5952 qua:
3215 5885 3464 5954 proxime
3498 5902 3590 5944 se-

1965 5954 2233 6011 quuntur.

3187 6051 3270 6114 35
