4228 6428
733 409 876 474 1099

1623 403 2210 467 THEOPHYLACTI
2248 403 2665 466 BULGARUB
2700 401 3063 464 ARCIIIEP.

3855 393 4008 462 1100

725 521 829 573 eiis
865 517 1070 578 vivunt,
1097 513 1297 568 inimici
1349 520 1477 568 sunt
1512 512 1737 567 Christi.
1782 512 1872 567 Ille
1918 521 2099 567 autem
2136 521 2306 581 potest

2427 532 2445 564 ι
2498 512 2897 567 Ἑταπείνωσεν
2940 510 3132 563 ἑαυτὸν
3164 508 3329 581 μέχρι
3366 507 3620 571 θανάτου,
3663 506 3908 562 θανάτου
3959 509 4019 561 ει

727 606 843 660 lieri
875 605 1125 659 subditus
1170 600 1396 664 Christi,
1429 610 1483 655 et
1525 601 1716 656 tollere
1754 616 1973 658 crucem
2014 616 2195 666 suam,
2222 603 2316 671 qui

724 696 943 751 virtutis
970 692 1256 763 operarius
1284 700 1366 747 est
1393 708 1408 745 :
1434 692 1527 762 qui
1573 692 1722 749 venit
1767 708 1795 747 a
1826 692 1946 748 villa
1998 693 2317 762 relinquens

731 786 1014 848 mundum,
1032 794 1086 841 et
1112 800 1175 841 ea
1200 798 1319 854 qua:
1349 793 1476 839 sunt
1508 784 1559 838 in
1591 785 1813 848 mundo,
1838 792 1894 838 et
1922 784 1988 838 ad
2011 782 2315 853 Jerusalem

730 878 874 935 illam
906 891 1196 945 supernam
1228 886 1282 930 et
1307 876 1531 937 liberam
1565 876 1755 931 tendit.
1785 875 1953 931 Porro
1974 877 2118 946 quod
2145 876 2308 945 Chri-

723 979 867 1026 stum
906 969 1198 1023 multitudo
1226 967 1407 1038 populi
1440 976 1495 1023 et
1527 968 1817 1022 mulierum
1854 972 2129 1039 sequitur,
2176 970 2314 1023 insi-

724 1069 857 1117 nuat
889 1061 1032 1131 quod
1078 1073 1273 1130 magna
1316 1058 1605 1113 multitudo
1630 1058 1940 1114 Judreorum
1990 1060 2153 1114 etiam
2193 1070 2314 1130 post

722 1168 940 1208 crucem
976 1152 1163 1205 credet
1191 1151 1262 1204 .iu
1298 1150 1579 1205 Christum
1612 1152 1739 1221 (hoc
1755 1152 1899 1205 enim
1934 1160 2019 1206 est
2051 1152 2227 1222 sequi)
2262 1162 2316 1207 et

722 1246 981 1300 mulieres
1014 1243 1217 1297 multae.
1236 1240 1380 1312 Lege
1410 1243 1541 1296 Acta
1589 1242 1984 1310 apostolorum.
2012 1252 2065 1297 ct
2099 1242 2308 1297 videbis

726 1337 1013 1390 innumera
1069 1331 1239 1385 millia
1274 1331 1611 1386 credentium
1642 1330 1709 1385 ⁸³.
1732 1330 1873 1397 Quid
1925 1340 2105 1385 autem
2146 1331 2192 1386 si
2224 1333 2307 1383 In-

726 1440 855 1496 gere
887 1436 942 1480 et
976 1424 1193 1495 plorare
1216 1421 1470 1475 mulieres
1489 1420 1673 1477 Jesum
1704 1432 2022 1491 sequentes,
2050 1421 2309 1476 moralem

724 1532 943 1573 sensum
994 1532 1179 1573 secum
1214 1516 1448 1570 afferat?
1481 1514 1570 1569 Est
1602 1516 1744 1571 enim
1782 1515 1976 1569 mulier
2008 1516 2188 1569 anima
2222 1516 2312 1569 in-

724 1610 900 1675 firma,
944 1625 1065 1680 qua:
1107 1612 1152 1665 si
1194 1608 1578 1664 contritiouetn
1639 1609 1821 1663 cordis
1872 1607 2177 1677 suscipiens
2214 1624 2313 1679 per

717 1703 1117 1772 ptenitentiam,
1138 1701 1284 1772 luget
1311 1709 1365 1756 et
1385 1701 1581 1769 plorat,
1609 1717 1796 1756 revera
1846 1701 2097 1771 sequitur
2117 1699 2305 1756 Jestm

717 1793 811 1861 qui
844 1794 1182 1863 crucifigitur
1212 1801 1265 1847 et
1299 1790 1559 1863 afﬂigitur
1590 1804 1811 1863 propter
1857 1802 2103 1847 nostram
2139 1792 2285 1845 Salu-

720 1893 845 1935 tem.

2422 605 2682 673 σταυροῦ.
2706 602 2799 657 Διὸ
2851 604 2945 657 καὶ
2976 606 3005 656 6
3034 602 3136 656 Θεδ
3161 619 3189 666 ς
3222 602 3388 655 αὑτὸν
3436 600 3793 672 ύπερύψωσε,
3834 620 3856 653 ο
3923 602 4022 654 καὶ

2417 696 2485 748 τὰ
2543 696 2690 765 ἑξῆς.
2738 694 2895 748 Ἐπεὶ
2964 689 3056 747 οὖν
3097 696 3126 746 6
3189 692 3422 762 σταυρὸς
3476 691 3609 762 ὕψος
3675 691 3876 760 γέγονε
3942 690 4024 760 τῷ

2416 788 2596 857 Ἰησοῦ
2654 788 2751 840 καὶ
2807 786 2933 851 δόξα
2970 826 2984 848 ,
3043 784 3269 849 εἰκότως
3322 784 3467 857 ἀρχὴ
3520 784 3688 838 αὐτοῦ
3742 785 3975 852 λέγεται
4005 825 4022 848 ,

2418 874 2536 943 ἦτοι
2584 874 2815 944 ἀρχικὸν
2838 873 3057 943 ἀξίωμα
3092 874 3185 926 καὶ
3235 873 3508 941 σύμϐολον
3538 874 3638 939 τῆς
3673 873 3879 943 ἀρχῆς.
3927 873 4019 935 Ὠς

2417 964 2526 1035 γὰρ
2554 964 2605 1017 οί
2629 964 2989 1035 συγκλητικοὶ
3020 964 3203 1035 ἔχουσι
3228 963 3473 1034 σύμϐολα
3512 964 3622 1016 τῶν
3646 964 4018 1031 ἀξιωμάτων,

2416 1058 2465 1110 ol
2526 1056 2628 1126 μὲν
2675 1056 2873 1120 ζώνας,
2920 1058 2971 1112 oi
3022 1056 3079 1111 δὲ
3130 1056 3411 1127 μανδύας·
3442 1056 3584 1110 οὕτω
3614 1061 3708 1110 καὶ
3738 1060 3769 1111 6
3811 1057 4026 1124 Κύριος

2417 1145 2508 1201 τὸν
2534 1146 2771 1215 σταυρὸν
2812 1147 2913 1217 τῆς
2948 1148 3158 1210 οίκείας
3210 1146 3492 1217 βασ;λείας
3525 1148 3802 1218 σύμδολον
3836 1148 4020 1200 ποιεῖ-

2416 1255 2526 1293 ται.
2560 1239 2670 1292 Καὶ
2704 1240 2987 1310 σκοπήσας
3022 1240 3247 1309 εὑρήσει
3284 1240 3400 1303 ,ὅτι
3431 1238 3608 1302 ἄλλως
3638 1239 3700 1293 ού
3735 1239 4027 1309 βασιλεύει

2417 1332 2474 1383 ἐν
2507 1333 2638 1402 ἡμῖν
2668 1334 2697 1385 6
2750 1332 2981 1403 Ἰησοῦς,
3012 1334 3060 1385 εί
3090 1332 3166 1402 μὴ
3197 1332 3287 1385 διὰ
3319 1332 3712 1388 κακοπάθειαν.
3762 1334 3854 1396 Ὧς
3905 1333 4024 1401 om

2415 1424 2755 1493 τρυφῶντες,
2795 1424 2983 1495 ἐχθροὶ
3017 1425 3111 1478 τοῦ
3141 1424 3410 1495 σταυροῦ*
3456 1427 3661 1485 ἐκεῖνος
3690 1425 3753 1479 δὲ
3785 1426 4025 1479 δύναται

2417 1516 2657 1583 ὑπήκοος
2718 1517 2975 1584 γενέσθαι
3016 1516 3404 1588 Χριστοῦ,.καὶ
3446 1514 3581 1588 ἆραι
3629 1518 3721 1571 τὸν
3777 1518 4024 1586 σταυρὸν

2414 1607 2608 1671 αὑτοῦ,
2646 1610 2676 1662 6
2730 1609 2829 1677 τῆς
2865 1610 3070 1680 ἀρετῆς
3128 1611 3388 1681 ἐργάτης.
3444 1610 3501 1664 ’0
3558 1612 3866 1679 ἐρχόμενος
3926 1610 4022 1661 ἀπ’

2414 1698 2611 1767 ἀγροῦ,
2651 1699 2793 1753 ὀτὸν
2840 1700 3044 1770 κόσμον
3092 1702 3282 1755 τοῦτον
3340 1703 3510 1772 ἀγρὸν
3547 1703 3680 1756 ὄντα
3724 1701 4019 1769 καταλιμ-

2415 1791 2621 1851 πάνων.
2659 1792 2753 1843 καὶ
2780 1790 2848 1843 τά
2879 1793 2937 1842 ἐν
2987 1791 3138 1861 αὑτῴ
3170 1791 3328 1862 ἔργα,
3366 1794 3461 1846 καὶ
3491 1794 3628 1861 πρὸς
3658 1791 3761 1863 τὴν
3812 1791 4019 1860 Ἰερου-

2338 1877 2383 1935 Β
2414 1881 2596 1953 σαλὴμ
2640 1882 2737 1943 τὴν
2782 1881 2898 1937 ἀνω
2937 1883 3035 1954 τὴν
3091 1885 3389 1957 ἐλευθέραν
3425 1886 3657 1953 ἱέμενος.
3713 1883 3885 1937 Ἀλλά
3925 1882 4021 1935 καὶ

721 1973 798 2043 τῷ
833 1974 1149 2029 ἀκολουθεῖν
1220 1976 1298 2045 τῷ
1346 1973 1568 2045 Χριστῷ
1634 1974 1838 2045 πλῆθος
1890 1974 2019 2026 λαοῦ
2087 1976 2182 2028 καὶ
2242 1975 2541 2043 γυναικῶν,
2592 1976 2887 2029 αίνίττεται
2944 1978 3027 2030 ὅτι
3083 1979 3218 2031 πολὺ
3286 1978 3491 2047 πλῆθος
3546 1979 3657 2030 τῶν
3732 1977 4011 2030 Ἰουδαίωι

717 2073 855 2151 μετά
900 2070 990 2122 τὸν
1033 2070 1308 2151 σταυρόνς
1350 2069 1507 2123 τοῦτο
1545 2070 1653 2137 γὰο
1706 2070 1767 2121 τὸ
1822 2067 2175 2121 ἀκολουθεῖν·
2237 2071 2624 2123 πτστεύσουσιν
2684 2072 2761 2135 είς
2794 2072 2995 2138 αὐτὸν,
3036 2074 3132 2125 καὶ
3170 2074 3427 2141 γυναῖκες
3489 2073 3547 2125 δὲ
3596 2071 3816 2126 πολλαί.
3903 2072 4020 2125 Κα-

714 2150 987 2227 ἀνά⁸ίνωθι
1025 2162 1123 2225 τὰς
1158 2150 1414 2232 Πράνξεις,
1455 2160 1549 2213 καὶ
1600 2158 1720 2228 ὄψει
1754 2160 2020 2230 μυριάδας
2055 2160 2162 2212 τῶν
2221 2163 2610 2221 πιστευόντων.
2638 2163 2867 2239 Μήποτε
2896 2164 2953 2217 δὲ
3007 2166 3104 2218 καὶ
3151 2164 3212 2218 τὸ
3267 2164 3489 2237 θρηνεῖν
3552 2166 3650 2218 καὶ
3704 2165 4018 2220 κόπτεσθαι

713 2254 811 2319 τὰς
847 2254 1251 2320 ἀκολουθούσας
1277 2258 1542 2324 γυναῖκας
1574 2256 1648 2327 τῷ
1696 2256 1896 2325 Ἰησοῦ,
1940 2255 2302 2325 συμϐαλεῖται
2340 2258 2471 2328 ἡμῖν
2507 2262 2585 2324 είς
2618 2257 2786 2332 ἦθοςς
2825 2263 2980 2337 Ἔστι
3020 2262 3133 2333 ,μὲν
3181 2261 3290 2332 γὰρ
3346 2263 3503 2333 γυνὴ,
3539 2262 3683 2336 ψυχὴ
3742 2264 4017 2335 ἀσθενήςὶ

715 2349 853 2419 αῦτη
901 2350 957 2403 δὲ
1006 2349 1101 2404 ἐὰν
1148 2350 1444 2422 συντρισὴν
1492 2351 1717 2423 καρδίας
1750 2350 2023 2421 δεξαμένη
2067 2350 2157 2404 διὰ
2198 2352 2296 2422 τῆς
2364 2357 2672 2423 μετανοίας,
2731 2357 2903 2429 πενθῇ
2965 2360 3060 2412 καὶ
3118 2362 3410 2432 κόπτηται,
3469 2361 3589 2414 τότε
3638 2360 3812 2426 ὄντως
3884 2364 4015 2419 ἀιδ-

714 2443 892 2495 λουθεῖ
909 2441 987 2512 τῷ
1046 2442 1248 2513 Ἰησοῦ,
1290 2442 1369 2513 τῷ
1419 2444 1809 2514 σταυρουμένῳ
1855 2444 1949 2496 καὶ
1996 2447 2427 2515 κακουχουμένῳ
2455 2448 2542 2501 διά
2608 2450 2707 2519 τὴν
2741 2451 2900 2520 ήμῶν
2936 2452 3239 2523 σωτηρίαν.

787 2539 950 2593 Vens.
979 2538 1171 2594 28-3l.
1199 2557 1216 2590 ι
1269 2537 1583 2596 Conversus
1628 2549 1808 2594 autem
1846 2541 1912 2593 ad
1961 2539 2085 2593 illas
2130 2537 2295 2596 Jesus

2484 2568 2501 2598 ι
2541 2547 2814 2618 Στραφεὶς
2844 2548 2901 2602 δὲ
2951 2550 3090 2621 πρὸς
3128 2549 3301 2612 αύτάς
3350 2552 3379 2603 6
3409 2549 3617 2620 Ἰησους
3646 2545 3795 2604 εἷπε*
3829 2554 4017 2621 Θυγα-

713 2634 891 2688 dirit:
927 2631 1073 2688 Filia:
1105 2631 1426 2700 Jerusalem,
1465 2634 1632 2689 nolite
1678 2633 1808 2689 ﬂere
1860 2650 2022 2704 super
2054 2650 2162 2701 mc,
2207 2638 2302 2689 sed

2408 2644 2559 2711 τέρες
2626 2642 3007 2713 Ἰερουσαλὴμ,
3044 2643 3119 2714 μὴ
3173 2644 3391 2697 κλαίετε
3446 2646 3535 2697 ἐπ’
3574 2646 3695 2715 ἐμὲ,
3732 2646 3879 2715 πλὴν
3931 2650 4016 2715 ἐφ’

718 2740 882 2795 super
916 2724 1067 2780 vobis
1098 2724 1231 2795 ipsis
1262 2725 1406 2789 ﬂete,
1449 2736 1505 2780 et
1538 2741 1701 2796 super
1739 2725 1864 2781 filiis
1910 2726 2128 2791 vestris,
2172 2743 2305 2796 quu-

716 2818 859 2872 niam
906 2829 1034 2871 ecce
1080 2816 1297 2870 venient
1347 2815 1465 2871 dies
1512 2816 1567 2871 in
1618 2818 1815 2886 quibus
1860 2817 2044 2873 dicent
2086 2815 2308 2873 :Bcatac

713 2910 951 2973 steriles,
968 2918 1023 2963 et
1055 2916 1270 2964 ventres
1295 2908 1387 2977 qui
1411 2924 1519 2964 non
1540 2920 1867 2978 genuerunt,
1893 2915 1949 2971 et
1981 2910 2145 2963 ubera
2174 2925 2299 2979 quas

2405 2738 2605 2799 ἑαυτὰς
2653 2736 2892 2801 κλαίετε,
2920 2739 3017 2791 καὶ
3066 2739 3157 2791 ἐπὶ
3179 2738 3247 2792 τά
3284 2739 3466 2793 ’τέκνα
3512 2739 3668 2811 ὑμῶν
3698 2756 3713 2771 ·
3753 2742 3839 2795 ὅτι
3902 2742 4015 2795 ίδοὺ

2406 2830 2656 2900 ἔρχονται
2703 2831 2930 2901 ἡμέραι,
2964 2832 3021 2883 ὲν
3057 2825 3147 2895 αἷς
3183 2832 3394 2903 ἐροῦσι·
3430 2834 3715 2903 Μακάριαι
3762 2836 3821 2887 αἱ
3873 2838 4020 2903 στεῖ-

2404 2939 2517 2991 ραι,
2548 2924 2643 2976 καὶ
2672 2922 2948 2977 κοιλίαιαῖ
2982 2924 3083 2977 οὐκ
3118 2924 3451 2996 ἐγέννησαν,
3481 2927 3575 2978 καὶ
3607 2927 3809 2995 μαστοὶ
3831 2927 3889 2979 οἳ
3916 2927 4019 2980 οὐκ

715 3016 819 3055 non
856 3000 1193 3055 laetaverunt
1215 2997 1279 3052 “.
1306 2998 1458 3054 Tunc
1485 3000 1741 3070 incipient
1764 3001 1944 3056 dicere
1973 3002 2251 3057 montibus
2282 3022 2295 3058 :

2408 3015 2700 3086 ἐθήλασαν.
2734 3015 2867 3069 Τότε
2906 3016 3164 3085 ἄρξονται
3215 3014 3397 3083 λέγειν
3438 3020 3548 3080 τοῖς
3575 3017 3731 3091 ὄρεσι
3758 3033 3773 3047 ·
3808 3018 4017 3072 Πέσετε

711 3092 898 3147 Cadite
939 3106 1105 3162 super
1133 3106 1275 3158 nos;
1300 3097 1355 3145 et
1384 3091 1609 3147 collibus
1635 3110 1648 3146 :
1680 3091 1969 3162 Cooperite
2003 3109 2123 3149 nos.
2150 3095 2290 3163 Quia

713 3182 757 3237 si
791 3182 844 3235 iu
874 3180 1096 3236 humido
1121 3179 1398 3249 lignohec
1428 3179 1653 3243 faciunt,
1676 3180 1729 3233 in
1755 3181 1905 3233 arida
1944 3181 2073 3249 quid
2116 3180 2208 3235 flet
2238 3180 2303 3234 ἲ»

712 3272 968 3328 Mulieres
994 3271 1214 3342 quidem
1251 3271 1559 3338 (hominum
1591 3286 1763 3338 genus
1807 3279 1891 3326 est
1932 3271 2091 3326 facile
2132 3271 2310 3342 lacry-

672 3422 675 3425 _
717 3378 870 3418 ntans
925 3373 979 3416 et
1021 3360 1236 3431 plorans
1283 3360 1440 3429 quasi
1488 3375 1654 3428 grave
1710 3360 1965 3429 quiddam
2019 3358 2313 3414 accidisset

715 3452 962 3522 Domino)
1020 3451 1256 3521 plorant,
1313 3450 1743 3517 conipassionem
1801 3464 1910 3518 prae
1959 3464 2016 3503 se
2074 3448 2311 3503 ferentes

715 3557 969 3612 magnam
1019 3549 1073 3595 et
1099 3540 1419 3609 iniustitiam
1454 3539 1842 3592 lamentantes.
1870 3538 1940 3592 At
1971 3538 2058 3593 ille
2086 3553 2190 3593 non
2215 3554 2310 3608 ap-

713 3635 922 3699 probat,
950 3629 1045 3684 sed
1082 3629 1254 3698 magis
1299 3628 1546 3697 increpat
1598 3628 1733 3683 illas.
1788 3628 2110 3683 Voluntaria
2159 3630 2304 3683 enim

713 3721 1044 3791 patiebatur.
1097 3716 1264 3790 485
1302 3716 1416 3771 Non
1449 3719 1603 3773 decet
1652 3728 1829 3771 autem
1865 3716 2149 3771 lamentari
2184 3732 2305 3772 eum

712 3812 799 3879 qni
829 3819 1019 3879 sponte
1052 3820 1106 3864 et
1134 3824 1230 3878 pro
1276 3806 1447 3861 salute
1481 3806 1723 3861 omnium
1770 3805 1998 3875 patitur,
2026 3806 2120 3859 sed
2176 3820 2307 3859 con-

725 3917 916 3972 gruum
951 3912 1034 3955 est
1063 3910 1121 3953 ut
1153 3900 1243 3952 ille
1276 3897 1445 3967 magis
1493 3896 1743 3951 laudibus
1793 3893 2048 3950 eﬂeratur
2077 3905 2131 3949 et
2161 3896 2307 3951 cele-

720 3995 925 4047 ln'etur.
957 3991 1056 4045 l‘er
1078 4003 1289 4044 crucem
1315 3990 1458 4041 enim
1479 3998 1531 4043 et
1557 4002 1703 4041 mors
1724 3986 1996 4041 destructa
2023 3994 2127 4053 est,
2146 3997 2199 4042 et
2224 3988 2308 4040 in-

719 4083 904 4139 fernus
920 4085 1164 4152 captivus
1177 4090 1277 4135 est.
1304 4079 1565 4134 Lamenta
1584 4080 1728 4133 enim
1750 4092 1856 4133 non
1879 4078 1962 4133 his
1973 4078 2066 4148 qui
2092 4087 2306 4147 sponte,

608 4236 613 4240 ,
713 4179 805 4232 sed
855 4176 945 4245 qni
992 4185 1213 4245 gravate
1260 4173 1537 4243 patiuntur
1578 4171 2003 4226 consolationem
2041 4170 2302 4225 ali‘erunt.

713 4270 945 4323 Proinde
977 4268 1235 4322 Dominus
1268 4266 1387 4321 illas
1418 4280 1537 4336 qua:
1587 4263 1765 4334 ipsum
1816 4262 2091 4333 lugebant,
2123 4264 2304 4318 incre-

711 4358 1108 4432 pat.Admonet
1139 4368 1317 4412 autem
1367 4368 1423 4410 ut
1473 4356 1539 4410 ad
1589 4355 1766 4409 futura
1805 4355 1946 4409 mala
1982 4354 2300 4424 respiciant,

708 4464 763 4508 et
797 4464 1013 4524 propter
1046 4451 1133 4505 illa
1167 4449 1641 4521 plorent,quando
1694 4446 1948 4502 mulieres
2000 4447 2298 4502 inhumane

711 4556 944 4601 cocturze
984 4552 1111 4599 sunt
1162 4542 1300 4598 filios
1345 4556 1494 4605 suos,
1539 4554 1592 4596 et
1645 4549 1833 4597 venter
1889 4539 1982 4610 qui
2037 4541 2294 4609 portavit,

713 4640 802 4693 ille
835 4638 1027 4692 iterum
1060 4633 1448 4691 miserabiliter
1480 4632 1713 4687 fructum
1771 4649 1927 4687 suum
1975 4632 2295 4703 recipiet.Si

708 4729 855 4782 enim
882 4728 936 4779 in
971 4741 1055 4780 me
1089 4724 1213 4779 talia
1242 4723 1487 4778 fecerunt
1515 4720 1773 4787 Romani,
1800 4722 1853 4775 in
1889 4737 1978 4776 me
2017 4721 2166 4792 ligno
2199 4722 2299 4775 hu-

712 4815 877 4877 mido,
904 4812 1066 4867 feraci
1102 4823 1156 4867 et
1185 4825 1403 4878 semper
1434 4810 1650 4875 virenti,
1674 4820 1729 4867 et
1753 4826 1968 4881 semper
1995 4812 2142 4865 vitali
2175 4829 2297 4882 pro-

709 4917 827 4977 pter
863 4906 1212 4969 deitatetn,et
1264 4919 1361 4972 per
1406 4903 1684 4958 doctrinas
1733 4902 2002 4957 fruetnum
2055 4920 2296 4959 meorum

710 5001 887 5054 alente
918 5012 1105 5053 Omnes
1141 4998 1224 5051 :in
1250 4996 1425 5063 vobis,
1465 4996 1660 5067 populo
1691 4997 1911 5066 inquam
1932 4996 2103 5061 arido,
2152 4997 2296 5067 ligno

710 5094 877 5150 sterili
913 5094 979 5147 ab
1012 5093 1156 5146 omni
1187 5090 1399 5145 vivifica
1433 5088 1743 5159 justitia,et
1789 5090 1995 5144 nullum
2049 5089 2288 5143 fructum

710 5186 795 5239 alii
814 5196 987 5249 rente,
1011 5186 1137 5255 quid
1194 5201 1297 5237 nun
1349 5183 1585 5236 facient?
1619 5184 1673 5235 Si
1705 5183 1850 5237 enim
1887 5184 2175 5253 quamdam
2214 5184 2292 5235 vi-

710 5276 871 5329 talem
926 5274 1296 5344 operationem
1349 5273 1471 5325 boni
1524 5273 1822 5337 haberetis,
1857 5272 2107 5327 fortassis
2150 5273 2295 5343 digni

708 5369 923 5431 essetis,
952 5367 1149 5435 quibus
1176 5365 1575 5436 quodammodo
1616 5376 1931 5433 parceretur
1961 5381 1975 5419 :
2008 5380 2151 5419 nunc
2198 5379 2297 5418 au.

704 5470 813 5518 teni
849 5459 1001 5528 quasi
1038 5457 1241 5528 lignum
1281 5457 1490 5511 aridum
1526 5456 1579 5509 in
1613 5456 2045 5511 combustionem
2087 5467 2142 5511 et
2173 5471 2295 5511 cor-

708 5552 1011 5623 ruptionem
1045 5551 1220 5605 eritis.

782 5727 943 5781 \‘sas.
970 5725 1039 5781 3‘2
1074 5725 1162 5781 38.
1196 5744 1211 5775 ι
1244 5723 1589 5779 Dncebantur
1609 5735 1792 5782 autem
1828 5736 1879 5781 ct
1912 5726 1998 5781 alii
2040 5726 2145 5783 duo
2166 5725 2300 5781 faci-

817 5866 859 5897 ³⁸
890 5868 1006 5919 Act.
1050 5880 1107 5928 tt,
1146 5882 1215 5919 νι.
1320 5866 1363 5896 ³⁸
1393 5864 1493 5918 lso.
1530 5879 1638 5919 Liv.

2412 3108 2499 3175 ἐφ’
2525 3108 2695 3177 ἡμᾶς,
2728 3108 2822 3160 καὶ
2870 3110 2983 3171 τοῖς
3042 3107 3252 3177 βουνοῖς
3298 3124 3311 3138 ·
3350 3109 3645 3177 Καλύψατε
3682 3111 3855 3179 ἡμᾶς.
3891 3110 4017 3163 Ὀτι

2412 3204 2461 3254 εί
2515 3203 2571 3254 ἐν
2604 3200 2681 3271 τῷ
2732 3200 2885 3272 ὑγρῷ
2925 3200 3067 3271 ξύλῳ
3097 3198 3273 3255 ταῦτα
3308 3200 3575 3265 ποιοῦσιν,
3612 3202 3673 3253 ἐν
3725 3201 3807 3273 τῷ
3862 3202 4020 3273 ξηρῴ

2412 3295 2465 3347 τί
2510 3294 2769 3363 γένηται¹ς
2802 3313 2820 3345 ι
2862 3283 2928 3347 Al
2970 3292 3082 3363 μὲν
3111 3294 3376 3361 γυναῖκες
3422 3292 3751 3363 (φιλόόακρυ
3801 3295 3921 3364 γὰρ
3956 3296 4020 3347 τὸ

2412 3387 2574 3455 γένος
2602 3387 2697 3439 καὶ
2729 3385 3066 3457 πολύθρηνον
3093 3385 3169 3449 ὡς
3197 3386 3373 3439 δεινοῦ
3403 3402 3549 3450 τινος
3575 3387 4020 3457 ὲπισυμϐαῐνσν-

2412 3494 2502 3540 τος
2534 3478 2611 3547 τῷ
2643 3476 2860 3549 Κυρίῳ)
2915 3476 3194 3547 θρηνοῦσι,
3226 3477 3285 3527 τὸ
3319 3476 3605 3545 συμπαθὲς
3647 3478 4014 3550 ινδεικνύμε-

2412 3587 2522 3635 ναι,
2584 3568 2679 3623 καὶ
2745 3568 2845 3639 τὴν
2904 3567 3122 3622 ἀδικίαν
3167 3569 3597 3640 ἀποδυρόμεναι.
3664 3569 3728 3621 ’0
3795 3570 3858 3624 δὲ
3918 3574 4017 3624 οὐκ

2414 3662 2771 3731 ἀποδέχεται,
2800 3661 2937 3715 ἀλλὰ
2967 3661 3171 3732 μᾶλλον
3194 3664 3425 3733 ἐπιτιμᾷ
3448 3664 3662 3727 αὐταῖς.
3708 3663 4017 3729 Ἑκουσίως

2410 3754 2521 3825 γὰρ
2551 3754 2781 3824 ἔπασχε,
2824 3754 2903 3822 τῷ
2936 3753 2993 3807 δὲ
3037 3754 3298 3817 ἑκουσίως
3332 3756 3619 3824 πάσχοντι,
3649 3755 3747 3808 καὶ
3777 3757 3876 3808 ἐπὶ
3910 3774 4015 3811 σωο

2409 3848 2576 3917 τηρίᾳ
2605 3848 2789 3917 πάσης
2818 3847 2920 3917 τῆς
2953 3848 3186 3917 φύσεως,
3217 3849 3277 3901 οὐ
3309 3847 3371 3900 τὸ
3410 3848 3756 3919 θρηνεῖσθαι,
3787 3850 3932 3904 ἀλλά
3958 3851 4013 3905 τὲ

2410 3939 2727 4011 κροτεῖσθαι
2761 3943 3031 4011 προσήκει
3081 3943 3176 3993 καὶ
3206 3942 3602 4013 εὐφημεῖσοαι.
3641 3942 3743 3993 Διά
3775 3944 3893 4013 γὰρ
3921 3944 4013 3998 τοῦ

2414 4031 2651 4103 σταυροῦ
2685 4033 2777 4086 καὶ
2822 4032 3052 4095 θάνατος
3095 4032 3333 4097 λέλυται,
3366 4034 3460 4086 καὶ
3516 4032 3652 4105 ᾅδης
3689 4035 4015 4104 ᾐχμαλώτι-

2413 4141 2559 4179 σται.
2596 4126 2659 4177 Ol
2698 4123 2887 4193 θρῆνοι
2928 4124 3039 4193 γὰρ
3097 4124 3159 4177 ού
3211 4127 3325 4187 τοῖς
3376 4125 3665 4189 ἑκουσίως,
3700 4127 3846 4180 ἀλλὰ
3904 4131 4015 4192 τοῖς

2410 4216 2680 4280 ἀκουσίως
2704 4216 2979 4287 πάσχουσι
3020 4217 3369 4289 παράκλησιν
3398 4219 3680 4288 φέρουσιν.
3739 4219 4015 4292 Ἐπιτιμᾲ

2415 4312 2513 4383 μὲν
2534 4308 2628 4365 ούν
2657 4310 2851 4373 αὑταῖς
2882 4312 3250 4381 κοπτομέναις
3272 4310 3435 4365 αὑτὸν
3457 4328 3473 4376 ;
3496 4313 3765 4381 Παραινεῖ
3792 4315 3852 4367 δὲ
3881 4318 4014 4383 πρὸς

2335 4400 2379 4456 D
2410 4406 2480 4457 τά
2507 4405 2773 4473 μέλλοντα
2810 4402 2961 4458 κακά
2996 4403 3241 4472 βλέπειν,
3271 4404 3368 4456 καὶ
3421 4404 3510 4456 ἐπ’
3540 4405 3781 4468 ἐκείνοις
3813 4408 4016 4461 κόπτε-

2409 4497 2557 4561 σθαι,
2580 4498 2671 4551 ὅτε
2698 4498 2960 4565 γυναῖκες
2984 4496 3250 4566 ἐψήσουσι
3277 4496 3345 4549 τὰ
3372 4499 3545 4551 τέκνα
3574 4498 3764 4551 αὐτῶν
3785 4500 4014 4568 ἀνελεηο

2411 4594 2610 4663 μόνως,
2632 4593 2727 4646 καὶ
2760 4594 2793 4664 ἡ
2834 4591 3107 4660 ινιγκασα
3136 4592 3353 4663 γαστὴρ
3426 4592 3566 4665 αὐτὴ
3590 4594 3759 4647 πάλιν
3792 4595 3856 4646 τὸ
3892 4610 4013 4663 γεν-

2407 4685 2571 4757 νηθὲν
2610 4684 2866 4748 δλεεινῶς
2893 4683 3233 4749 ὑποδέξεται.
3276 4685 3337 4737 El
3376 4686 3486 4756 γὰρ
3515 4686 3575 4739 ὲν
3605 4686 3733 4756 ἐμοὶ
3783 4687 4012 4740 τοιαῦτα

2406 4776 2748 4843 ἐπεδείξαντο
2772 4778 2821 4831 oi
2860 4776 3145 4847 Ῥωμαῖοι,
3172 4777 3231 4829 ἐν
3261 4777 3385 4847 ἐμοὶ
3432 4776 3511 4847 τῷ
3542 4777 3696 4847 ύγρῷ
3728 4777 3910 4850 ξύλῳ,
3940 4780 4012 4850 τῷ

2406 4874 2696 4945 ἐγκάρπῳ,
2727 4873 2824 4927 καὶ
2847 4871 3112 4937 ἀειθαλεῖ,
3138 4872 3233 4925 καὶ
3258 4871 3476 4942 ἀειζώῳ
3501 4871 3593 4925 διὰ
3624 4873 3726 4943 τὴν
3752 4872 4009 4942 θεύτητα,

2407 4970 2501 5022 καὶ
2561 4965 2650 5021 διὰ
2705 4966 2817 5021 τῶν
2868 4966 3100 5038 καρπῶν
3160 4984 3265 5035 μου
3339 4967 3438 5034 τῆς
3483 4964 3842 5030 διδασκαλίας
3895 4970 4012 5036 τρε-

2407 5077 2564 5132 φοντι
2614 5060 2858 5123 πάντας·
2894 5063 2953 5113 ὲν
3006 5060 3161 5127 ὑμῖν,
3211 5058 3289 5129 τῷ
3338 5057 3472 5129 λαῷ,
3519 5057 3684 5128 φημὶ,
3727 5059 3807 5128 τῷ
3864 5058 4009 5128 ξηρῷ

2410 5154 2575 5223 ξύλῳ,
2601 5152 2680 5224 τῷ
2721 5153 2903 5223 πάσης
2930 5151 3285 5221 δικαιοσύνης
3317 5150 3587 5216 ζωοποιοῦ
3622 5154 4004 5221 ἐστερημένῳ,

2410 5250 2504 5303 καὶ
2530 5248 2735 5319 μηδένα
2776 5248 2988 5318 καρπὸν
3013 5246 3255 5318 φέρνντι,
3282 5246 3334 5300 τί
3371 5246 3474 5298 οὐκ
3498 5244 3565 5298 ἂν
3595 5245 4004 5309 ιπεδείξαιντο;

2411 5342 2471 5395 ΕΞ
2500 5343 2599 5413 μὲν
2634 5341 2745 5412 γὰρ
2771 5341 2947 5411 εἴχετε
2987 5340 3226 5410 ζωτικὴν
3254 5355 3379 5393 τινα
3409 5339 3696 5408 ἐνέργειαν
3738 5338 3835 5391 τοῦ
3870 5342 4004 5405 ἀγα-

2407 5437 2524 5503 θοῦ,
2560 5436 2690 5499 ῖσως
2739 5434 2806 5489 ἂν
2856 5430 3071 5502 φειδοῦς
3128 5432 3402 5501 ἠξιώθητε
3430 5432 3661 5503 μετρίας
3715 5431 3881 5498 γοῦν⁸
3918 5433 4005 5483 νῦν

2404 5533 2459 5585 δὲ
2511 5530 2585 5593 ὡς
2652 5530 2819 5600 ξηρὸν
2872 5527 3026 5593 ξύλον
3066 5529 3144 5589 είς
3189 5525 3386 5580 καῦσιν
3446 5525 3542 5578 καὶ
3580 5528 3661 5588 εἰς
3706 5524 4004 5595 διαφθορὰν

2407 5625 2618 5677 ἔσεσθε.

2487 5738 2505 5769 ι
2550 5719 2790 5785 Ἤγοντο
2818 5715 2871 5769 δὲ
2909 5715 3001 5769 καὶ
3033 5713 3215 5785 ἕτεροι
3247 5711 3342 5765 δύο
3372 5710 3678 5784 κακοῦργοι
3729 5713 3828 5766 σῦν
3864 5711 4001 5779 αὐτῷ
