4228 6428
145 455 149 457 -
237 365 382 485 1101

891 404 1340 470 ENARRATIO
1383 404 1466 464 ΙΝ
1507 397 1852 464 EVANGEI

1965 398 2022 459 Μ
2065 397 2306 459 ΙᾸΙΕΑΞ.
2352 422 2419 433 -
2451 394 2613 456 CAP.
2656 389 2890 461 XXIII.

3419 386 3558 453 1102

228 528 607 600 ἀναιρεθῆναι.
642 524 751 578 Καὶ
801 522 896 577 ὖτε
941 518 1183 591 ἐπῆλθον
1234 517 1328 568 ἐπὶ
1384 516 1477 569 τὸν
1520 513 1689 568 τόπον
1745 512 1838 566 τὸν

1961 512 2132 567 morosi
2189 525 2311 565 Cttttt
2347 523 2433 570 eo.
2460 517 2514 561 ttt
2549 506 2992 561 interficerentur
3023 515 3035 558 ζ
3063 509 3117 554 et
3141 510 3430 570 postquam
3465 520 3555 554 vc-

227 624 532 693 λεγὸμενον
589 615 863 687 Κρανίον,
919 616 1037 666 ἐκεῖ
1085 610 1444 678 ἐσταύρωσαν
1505 607 1692 672 αὑτὸν,
1743 606 1838 659 καὶ

230 717 360 778 τοὺς
409 711 777 780 κακούργους,
802 708 880 768 ὃνχ
901 708 1002 778 μὲν
1054 707 1121 759 ἐκ
1160 702 1252 768 δεξ
1278 703 1379 763 ὦν.
1421 702 1481 755 δν
1513 701 1568 755 δὲ
1604 701 1664 765 ἐξ
1703 700 1831 772 ἀρι-

237 805 467 876 στερῶν.
507 802 565 856 '0
612 802 669 854 δὲ
709 799 926 872 Ἰησοῦς
970 798 1163 866 ἔλεγε·
1201 797 1408 866 Πάτερ,
1436 795 1575 862 ἄφες
1608 794 1794 856 αὐτοῖς
1819 807 1833 821 ο

230 900 296 970 00
323 899 440 968 γὰρ
455 894 630 948 οἴδασι
661 894 713 945 τί
739 892 975 948 ποιοῦσι.
1017 888 1476 959 Διαμεριξόμενοι
1506 886 1564 940 δὲ
1610 885 1678 939 τὰ
1708 885 1843 956 ἱμά-

232 1011 326 1046 τια
377 983 570 1050 αὑτοῦ,
607 987 804 1041 ἔϐαλον
861 985 1123 1055 κλήρους.
1160 983 1269 1036 Καὶ
1324 981 1572 1048 εἱστήκει
1625 979 1654 1029 0
1711 977 1841 1040 λαὸς

238 1081 486 1153 θεωρῶν.
546 1076 1015 1147 Ἐξεμυκτήριζον
1073 1074 1130 1127 δὲ
1182 1073 1278 1128 καὶ
1336 1072 1386 1124 οἱ
1434 1070 1699 1141 ἄρχοντες
1743 1068 1842 1121 σὺν

238 1175 428 1237 αὐτοῖς
456 1172 734 1239 λέγοντες·
767 1167 1000 1230 Ἄλλους
1055 1166 1247 1227 ἔσωσε,
1278 1162 1510 1217 σωσάτω
1544 1161 1763 1224 ἑαυτὸν,
1794 1162 1844 1214 εί

233 1259 393 1327 οὗτος
428 1265 518 1315 ὲστ
530 1278 576 1314 ιν
603 1260 632 1312 0
667 1257 902 1329 Χριστὸς
937 1258 965 1310 0
997 1255 1087 1310 τοῦ
1115 1254 1253 1308 Θεοῦ
1277 1253 1562 1317 ἐκλεκτός.
1590 1253 1845 1307 Ἐνέπαιο

236 1355 334 1420 ζον
366 1354 424 1406 δὲ
459 1350 608 1421 αὐτῷ
639 1350 733 1404 καὶ
777 1349 828 1402 οἱ
886 1346 1224 1418 στρατιῶται
1258 1345 1715 1417 προσερχόμενοι,
1747 1345 1844 1398 καὶ

235 1448 360 1513 ὅξος
419 1443 826 1515 προσφέροντες
887 1440 1060 1510 αὐτῷ,
1091 1440 1188 1495 καὶ
1237 1439 1515 1507 λέγοντεςο
1547 1439 1609 1491 El
1645 1438 1709 1491 σὺ
1743 1433 1794 1490 εἴ
1817 1439 1845 1491 0

239 1537 498 1605 βασιλεὺς
523 1535 634 1586 τῶν
666 1532 967 1597 Ἰουδαίων,
1002 1531 1178 1584 σῶσον
1233 1530 1482 1583 σεαυτόν.
1513 1525 1626 1584 Ἦν
1659 1529 1716 1584 δὲ
1749 1531 1845 1584 καὶ

237 1632 270 1698 ἡ
303 1626 589 1698 ἐπιγραφὴ
608 1626 976 1696 γεγραμμένη
1001 1626 1089 1677 ἐπ’
1116 1623 1268 1694 αύτῷ
1288 1623 1616 1693 γράμμασιν
1652 1623 1846 1692 Ἐλλη-

234 1725 452 1784 νικοϊς,
514 1720 609 1774 καὶ
684 1719 1038 1790 Ῥωμαϊκοῖς,
1098 1718 1192 1770 καὶ
1250 1717 1600 1788 Ἑϐραϊκοῖς·
1673 1709 1844 1784 Οὗτός

236 1820 391 1872 ἐστιν
439 1816 468 1868 0
516 1815 770 1884 βασιλεὺς
827 1813 938 1866 τῶν
966 1813 1264 1867 Ἰουδαίων.
1311 1831 1330 1864 ι
1374 1812 1629 1882 Πονηρὰν
1685 1810 1845 1879 δόξαν

240 1907 682 1971 κατασκευάζειν
727 1905 930 1959 ἐθέλων
968 1903 1064 1959 τοῦ
1124 1904 1331 1974 Κυρίου
1369 1903 1716 1972 ὁδιάϐολος,
1752 1905 1846 1957 καὶ

241 2001 450 2075 λῃστὰς
479 2003 655 2054 ἐποίει
694 1998 1328 2070 συσταυροῦσθαιαύτῷ.
1366 1998 1510 2052 Ἀλλ’
1561 1999 1665 2069 ὅρα
1725 1997 1845 2060 πῶς

239 2099 338 2149 καὶ
365 2096 455 2149 τὶν
487 2096 584 2148 ἕνα
630 2093 906 2166 ἀφῃρέθη,
945 2093 1040 2144 καὶ
1079 2092 1282 2160 μᾶλλον
1314 2092 1450 2163 πρὸς
1483 2092 1643 2156 δόξαν
1679 2091 1848 2145 πλείω

237 2190 339 2243 τοῦ
385 2189 592 2259 Κυρίου
639 2187 799 2240 τοῦτο
835 2186 1050 2252 γέγονε.
1079 2185 1203 2237 Τῶν
1251 2185 1351 2256 μὲν
1402 2186 1512 2258 γὰρ
1542 2188 1590 2239 οί
1621 2189 1847 2255 σταυροὶ

237 2283 368 2336 οὐδὲ
403 2281 780 2352 ὲζητήθησαν,
807 2281 901 2332 τοῦ
933 2280 990 2332 δὲ
1025 2280 1132 2342 πᾶς
1168 2280 1196 2331 0
1224 2278 1429 2348 κόσμος
1462 2277 1844 2349 ἐκκρέμαται·

240 2376 344 2429 καὶ
398 2375 688 2448 προδήλως
746 2372 1005 2427 ἐντεῦθεν
1067 2372 1370 2436 δείκνυται,
1405 2371 1465 2424 τὸ
1515 2373 1591 2442 μὴ
1646 2371 1848 2441 ἄνομον

239 2466 389 2524 εἶναι
448 2470 541 2524 τὸν
593 2469 823 2537 Κύριον,
850 2468 927 2531 ὡς
980 2467 1031 2520 οἱ
1091 2467 1313 2537 λῃσταὶ,
1344 2465 1482 2520 ἀλλὰ
1541 2465 1723 2536 πάσης
1770 2467 1850 2517 δι’

239 2563 543 2634 καιοσύνης
569 2563 838 2634 ἀρχηγόν.
873 2563 1106 2630 Ἀγουσι
1140 2561 1196 2615 δὲ
1232 2559 1398 2615 αὑτὸν
1427 2561 1524 2613 ἐπὶ
1561 2560 1653 2612 τὸν
1680 2559 1847 2613 τύπον

238 2655 339 2708 τοῦ
372 2652 639 2724 Κρανίου,
681 2653 811 2706 ἔνθα
846 2652 983 2721 φασὶ
1030 2652 1121 2704 τὸν
1157 2651 1490 2722 προπάτορα
1526 2651 1804 2720 τεθάφθαι
1829 2667 1843 2679 “

243 2747 338 2801 ἵνα
361 2749 496 2799 ὅπου
529 2746 616 2800 διὰ
638 2745 797 2811 ξύλου
834 2745 1058 2814 πτῶμα,
1079 2746 1198 2798 ἐκεῖ
1218 2744 1311 2797 καὶ
1339 2745 1372 2807 ἡ
1402 2744 1490 2798 διὰ
1523 2743 1617 2796 τοῦ
1687 2742 1848 2810 ξύλου

250 2840 476 2910 ἔγερσις
515 2838 764 2909 γένηται.
799 2838 1012 2908 Ἰησοῦς
1060 2836 1116 2890 δὲ
1169 2837 1482 2907 ὑπερϐολὴν
1544 2839 1850 2909 πραότητος

246 2932 687 3002 ἐνδεικνύμενος,
731 2931 874 3002 ὑπὲρ
906 2929 1089 2984 αὐτῶν
1121 2929 1368 3000 εὔχεται,
1408 2951 1424 2982 ι
1470 2932 1677 3001 Πάτερ,
1713 2931 1851 3002 άφες

242 3027 460 3091 αὐτοῖς,
489 3025 665 3094 λέγων
700 3042 712 3056 ο
767 3025 829 3078 οὐ
887 3024 996 3093 γὰρ
1048 3025 1227 3078 οἴδασι
1284 3026 1335 3078 τί
1386 3024 1623 3078 ποιοῦσι.
1670 3045 1687 3077 ι
1744 3025 1852 3079 Καὶ

247 3119 438 3189 μέντοι
491 3119 668 3189 ἀφέθη
712 3117 779 3172 ἂν
799 3119 986 3179 αὐτοῖς
1034 3117 1094 3170 τὸ
1137 3117 1468 3189 ἁμάρτημα,
1499 3121 1546 3170 εἰ
1593 3119 1668 3190 μὴ
1714 3121 1851 3190 μετὰ

1944 617 2144 660 nerunt
2180 605 2232 657 in
2267 603 2446 656 locum
2488 601 2579 669 qui
2619 607 2844 652 vocatur
2868 593 3232 661 Calvaria,ibi
3268 596 3561 650 erm-ilhc-

1946 707 2072 752 runt
2101 713 2225 751 eum
2279 705 2334 749 et
2383 693 2750 752 facinorosos.
2791 704 2958 744 unum
2988 704 3016 741 a
3053 690 3283 753 dextris,
3323 690 3556 742 alterum

1943 808 1970 844 a
2004 787 2440 845 sinistrisJesns
2466 795 2648 840 autem
2677 782 2897 838 dicebat
2918 800 2930 835 :
2953 781 3136 847 Pater,
3166 782 3383 836 remitte
3425 783 3554 846 illis,

1945 882 2201 938 nesciunt
2242 881 2389 936 enim
2434 877 2563 948 quid
2608 878 2834 931 faciunt.
2868 876 3185 931 Dividentes
3216 891 3350 932 vero
3388 880 3556 932 vcsti-

1946 987 2130 1032 menta
2159 975 2299 1046 ejus.
2319 975 2586 1027 miserunt
2620 981 2847 1027 sortem.
2875 970 2944 1025 Et
2967 969 3148 1024 Stabat
3170 970 3401 1039 populus
3428 986 3557 1041 spe-

1947 1080 2125 1133 etans,
2168 1077 2222 1121 et
2251 1066 2572 1122 deridebant
2601 1079 2725 1119 eum
2759 1063 3038 1135 principes
3067 1079 3190 1117 eum
3225 1064 3328 1128 eis,
3366 1064 3558 1118 dicen-

1949 1173 2032 1220 tes
2061 1180 2074 1217 :
2103 1163 2253 1235 Alios
2313 1161 2574 1228 servavit,
2632 1168 2815 1214 servet
2863 1159 3125 1228 seipsum,
3151 1155 3194 1211 si
3231 1157 3320 1210 hic
3357 1166 3442 1210 est
3473 1157 3561 1212 ille

1947 1256 2219 1321 Christus,
2267 1255 2357 1309 illc
2407 1253 2502 1308 Dei
2554 1252 2787 1309 electus.
2832 1250 3141 1305 llludebant
3190 1258 3374 1304 autem
3426 1250 3476 1304 ei
3506 1258 3562 1304 et

1951 1349 2170 1411 milites,
2203 1348 2528 1402 accedentes
2556 1355 2606 1400 et
2639 1356 2853 1400 acetum
2879 1344 3174 1398 offerentes
3200 1343 3563 1405 ci,dicentes-

1948 1456 2054 1510 que
2085 1459 2100 1498 :
2130 1440 2186 1496 Si
2238 1452 2293 1494 tu
2344 1455 2404 1495 es
2462 1440 2550 1494 ille
2608 1453 2699 1491 rex
2752 1435 3092 1499 Judmortnn,
3121 1438 3333 1492 salvum
3370 1447 3420 1490 te
3451 1436 3559 1492 fac.

1948 1533 2078 1588 Euat
2111 1540 2290 1587 autem
2324 1539 2378 1585 et
2409 1531 2690 1598 inscriptio
2725 1532 2930 1598 scripta
2982 1545 3148 1598 super
3177 1546 3302 1584 cum
3362 1531 3564 1585 litteris

1947 1625 2231 1689 Grtecis,et
2264 1623 2494 1687 Latinis,
2519 1629 2573 1677 et
2601 1614 2894 1677 Hebraicis
2928 1640 2940 1675 :
2980 1621 3074 1676 llic
3109 1632 3192 1678 est
3219 1640 3311 1678 rex
3344 1621 3567 1678 Iudaeo-

1949 1735 2143 1774 rum.»
2206 1717 2467 1773 Diabolus
2503 1716 2690 1772 volens
2740 1715 3032 1771 Dominum
3087 1732 3284 1786 magna
3340 1718 3563 1773 infamia

1953 1824 2268 1885 aspergere.
2318 1812 2449 1868 facit
2504 1811 2752 1884 crueitigi
2810 1829 2934 1867 cum
2965 1829 3030 1868 co
3063 1825 3118 1867 ct
3151 1815 3391 1870 latrones
3425 1833 3438 1869 :
3471 1817 3564 1871 sed

1959 1907 2079 1960 vide
2121 1907 2394 1974 quomodo
2430 1915 2483 1959 et
2521 1921 2629 1959 uno
2658 1905 2905 1975 privatus
2939 1904 3032 1969 sit,
3055 1915 3109 1959 ct
3141 1905 3244 1960 hoc
3282 1908 3350 1960 ad
3389 1906 3567 1975 majo-

1955 2015 2066 2052 rem
2105 1997 2333 2068 gloriam
2383 1997 2598 2052 Domini
2639 1999 2886 2053 cesserit.
2923 1997 3059 2051 Nam
3095 1998 3329 2053 aliorum
3371 2015 3569 2055 cruces

1953 2109 2115 2147 nemo
2171 2093 2425 2157 renuit-it,
2459 2102 2606 2147 totus
2660 2103 2844 2146 autem
2904 2094 3141 2147 mundus
3181 2107 3210 2146 a
3245 2109 3410 2148 cruce
3467 2095 3567 2148 ista

1953 2185 2174 2256 pendet.
2204 2186 2266 2238 Et
2298 2184 2592 2240 tnanifesle
2629 2187 2716 2240 hic
2751 2186 3062 2240 ostenditur
3107 2186 3400 2241 Dominum
3459 2205 3565 2242 non

1954 2293 2076 2332 esse
2129 2278 2375 2346 iniquum
2437 2279 2580 2333 sicut
2635 2278 2902 2341 latrones,
2955 2280 3049 2332 sed
3107 2281 3288 2334 omnis
3342 2279 3567 2347 iustitiae

1955 2370 2276 2439 principem.
2329 2369 2546 2425 Ducunt
2603 2381 2783 2425 autem
2840 2387 2967 2425 eum
3001 2371 3066 2426 ad
3117 2372 3297 2427 locum
3355 2370 3568 2437 Cranii,

1956 2463 2046 2517 ubi
2102 2462 2294 2518 dicunt
2349 2465 2586 2533 primum
2647 2472 2932 2532 parentem
2983 2472 3232 2519 nostrmn
3289 2466 3566 2535 sepultum

1955 2570 2077 2611 esse
2110 2575 2123 2610 :
2160 2572 2217 2611 υι
2253 2556 2342 2612 ubi
2383 2573 2477 2624 per
2508 2556 2712 2627 lignum
2746 2572 2926 2622 casus,
2973 2557 3086 2612 illic
3121 2568 3175 2613 et
3219 2571 3315 2626 per
3362 2559 3570 2630 lignum

1957 2650 2296 2702 resurrectio
2327 2651 2442 2703 fiat.
2482 2648 2646 2704 Jesus
2685 2665 2814 2705 \ero
2864 2651 3126 2705 eximiam
3185 2655 3568 2705 mansuetudi-

1957 2757 2080 2796 nem
2098 2743 2402 2809 declarans,
2424 2758 2523 2813 pro
2541 2743 2646 2797 illis
2668 2753 2922 2811 precatur
2945 2763 2956 2798 :
2978 2762 2996 2795 ι
3027 2743 3211 2809 Pater,
3232 2746 3454 2798 remitte
3468 2745 3573 2806 eis.

1954 2835 2186 2890 dicens:
2221 2836 2477 2890 nesciunt
2531 2838 2680 2890 enim
2730 2839 2860 2904 quid
2922 2837 3150 2893 faciunt.
3207 2858 3225 2889 ι
3266 2839 3329 2892 Et
3387 2838 3576 2908 utique

1955 2925 2240 2980 dimissum
2274 2925 2462 2981 fuisset
2517 2931 2598 2982 eis
2627 2938 2938 2996 peccatum,
2969 2930 3072 2985 nisi
3109 2931 3371 2999 deinceps
3402 2929 3455 2984 in
3491 2933 3572 2984 in-

1957 3019 2282 3073 ciedulitatc
2335 3022 2683 3075 mansissent.
2716 3022 3034 3077 Diviscrunt
3085 3039 3214 3078 vero
3278 3026 3579 3079 vestimen.

1959 3122 2010 3163 ta
2049 3110 2182 3176 ejus.
2217 3111 2387 3182 Cujus
2417 3113 2630 3181 gratia?
2659 3113 2913 3168 Forsitan
2948 3130 3003 3169 et
3037 3115 3189 3168 nndti
3250 3116 3384 3185 ipsis
3435 3117 3578 3172 iudi-

244 3210 427 3266 ταῦτα
443 3213 512 3282 τῇ
544 3211 776 3281 ἀπιστίᾳ
808 3210 1120 3280 ἐνέμειναν.
1156 3211 1313 3275 Τίνος
1350 3210 1407 3263 δὲ
1439 3211 1630 3265 ἕνεκεν
1659 3212 1852 3282 διαμε-

1965 3205 2183 3273 gebant,
2220 3203 2475 3260 fortassis
2535 3217 2747 3269 autem,
2794 3208 2938 3276 quod
2971 3218 3025 3261 et
3083 3211 3285 3276 verius,
3339 3210 3454 3264 haec
3511 3211 3580 3264 ad

250 3304 500 3376 ρίζονται
523 3305 592 3356 τὰ
628 3303 820 3373 ἱμάτια
853 3302 1020 3356 αὑτοῦ
1049 3322 1062 3369 ;
1104 3305 1268 3366 Ἴσως
1303 3305 1403 3373 μὲν
1434 3305 1528 3358 καὶ
1555 3305 1854 3376 χρῄζοντες

248 3400 304 3452 oi
343 3397 532 3450 πολλοὶ
565 3397 767 3462 αὐτῶν,
795 3397 934 3466 τάχα
955 3397 1032 3462 δὲ,
1061 3397 1088 3450 ὃ
1112 3398 1431 3468 καὶμᾶλλον
1460 3399 1851 3471 ἀληθέστερον,

250 3489 416 3562 ὖδρει
450 3490 611 3544 τοῦτο
661 3492 756 3544 καὶ
793 3491 1066 3562 ἀκολασίᾳ
1109 3490 1395 3552 ποιοῦντες
1432 3506 1445 3519 ⁸
1481 3494 1535 3543 τί
1587 3493 1696 3560 γὰρ
1754 3511 1854 3545 πο-

249 3585 474 3648 λυτελὲς
508 3584 697 3656 ἐώρων
728 3586 786 3636 ἐν
831 3585 943 3647 τοῖς
973 3585 1216 3655 ἱματίοις
1250 3603 1264 3652 ;
1304 3585 1341 3636 Γ
1346 3584 1578 3647 ελῶντες
1635 3582 1729 3639 οὖν
1763 3589 1857 3640 καὶ

254 3679 624 3749 ὑδρίζοντες,
685 3678 916 3731 τοιαῦτα
975 3675 1323 3749 εἰργάζοντο.
1393 3680 1568 3732 Ὅπου
1630 3680 1740 3750 γὰρ
1806 3681 1858 3731 οἱ

252 3773 534 3846 ὅρχοντες
596 3775 969 3844 ὲμυκτὴριζον
1002 3818 1016 3839 ,
1072 3775 1123 3826 τί
1180 3775 1286 3846 χρὴ
1338 3777 1468 3847 περὶ
1516 3777 1611 3830 τοῦ
1670 3777 1857 3831 κοινοῦ

252 3867 500 3938 πλήθους
529 3866 842 3935 λογίζεσθαι
873 3885 887 3933 ;
931 3887 947 3918 ι
983 3867 1216 3930 ’Λλλους
1239 3867 1436 3932 ἔσωσε,
1467 3871 1700 3924 σωσάτω
1733 3871 1860 3924 ἑαυ-

249 3960 371 4024 τὸν,
399 3962 448 4012 εί
475 3954 631 4020 οὗτός
663 3960 811 4011 ἐστιν
835 3960 863 4011 0
893 3957 1133 4027 Χριστὸς
1165 3961 1192 4011 ὁ
1224 3958 1318 4012 τοῦ
1347 3959 1483 4013 Θεοῦ
1519 3961 1798 4025 ἐκλεκτός.
1836 3982 1854 4014 ι

253 4051 434 4104 Τοῦτο
475 4051 632 4119 ἔλεγε
663 4051 733 4104 δι’
776 4051 959 4104 αὐτῶν
997 4051 1027 4103 0
1066 4050 1337 4114 διάϐολος.
1373 4053 1586 4124 Ὠσπερ
1625 4055 1733 4124 γὰρ
1768 4056 1862 4108 ἐπὶ

251 4143 351 4197 τοῦ
411 4145 714 4215 πτερυγίου
747 4143 841 4196 τοῦ
899 4143 1073 4213 ἱεροῦ,
1111 4143 1255 4197 οὓτω
1303 4145 1586 4199 κάνταῦθα
1634 4149 1862 4203 τοιαῦτά

253 4253 394 4306 φησι
425 4252 440 4269 ο
475 4236 789 4305 βασκαίνων
829 4240 896 4307 τῇ
927 4238 1017 4291 διὰ
1060 4237 1156 4290 τοῦ
1187 4239 1425 4310 σταυροῦ
1463 4241 1738 4314 σωτηρίᾳ,
1765 4246 1862 4298 καὶ

249 4329 556 4399 περικόψαι
625 4329 954 4400 βουλόμενος
1007 4332 1218 4401 ταύτην
1279 4331 1507 4399 πάσαις,
1565 4336 1642 4398 ὡς
1705 4336 1860 4407 ὲνῆν,

259 4425 566 4493 μηχαναῖς.
636 4424 797 4488 Ὄξος
862 4423 917 4475 δὲ
981 4423 1326 4494 προσέφερον
1379 4425 1428 4477 ut
1479 4428 1858 4497 στρατιῶται,

252 4515 334 4578 ὼς
391 4515 610 4584 βασιλεῖ.
654 4515 818 4584 δῆθεν
869 4515 1276 4587 ὑπηρετοῦντες
1308 4559 1321 4580 ,
1379 4518 1516 4588 πρὸς
1577 4521 1638 4573 τὸ
1684 4526 1853 4577 πιεῖν.

1971 3297 2233 3365 majorem
2307 3297 2700 3352 contumeliam
2781 3315 2882 3370 per
2950 3300 3231 3355 lasciviam
3307 3302 3576 3358 fecerunt.

1965 3389 2136 3462 586
2158 3390 2298 3457 Quid
2322 3391 2466 3445 enim
2493 3392 2794 3463 pretiosum
2824 3393 3080 3451 videbant
3109 3396 3161 3449 in
3190 3396 3274 3450 his
3300 3398 3582 3453 vestibus?

1970 3483 2234 3539 Bidentes
2270 3487 2436 3556 igitur
2490 3497 2545 3540 et
2586 3491 2920 3542 contumelia
2970 3489 3293 3555 adicientes,
3330 3491 3460 3546 talia
3499 3492 3579 3548 ie-

1967 3590 2182 3637 cerunt.
2225 3581 2509 3658 Ubi’enitn
2543 3582 2593 3636 ei
2661 3583 2943 3651 principes
2980 3584 3422 3651 subsannabant,
3451 3586 3582 3656 quid

1971 3690 2077 3726 non
2112 3676 2178 3728 de
2217 3674 2424 3745 reliquo
2455 3674 2615 3745 vulgo
2644 3676 3045 3746 cogitandum?
3079 3695 3095 3728 ι
3122 3677 3273 3733 Alios
3312 3680 3581 3744 servavit,

1971 3779 2152 3823 servet
2187 3770 2456 3839 seipsum,
2492 3770 2537 3826 si
2569 3770 2658 3825 hic
2686 3777 2771 3824 est
2807 3769 2899 3824 ille
2926 3769 3206 3837 Chrisxus,
3235 3771 3325 3827 ille
3352 3773 3442 3827 Dei
3473 3773 3584 3829 ele-

1971 3874 2111 3918 ctus.
2147 3883 2164 3914 ι
2192 3863 2305 3918 Iloc
2336 3863 2551 3920 dicebat
2583 3881 2682 3935 per
2713 3865 2839 3921 illos
2870 3866 3140 3921 diabolus.
3169 3865 3327 3921 Sicut
3357 3869 3502 3922 enim
3533 3870 3584 3922 in

1973 3959 2137 4027 pinna
2174 3957 2381 4026 templi,
2414 3959 2485 4012 ita
2522 3971 2576 4012 et
2626 3958 2728 4013 hoc
2778 3959 2897 4015 loco
2940 3959 3094 4025 dicit,
3124 3961 3378 4016 invidens
3423 3962 3585 4017 saluti

1973 4060 2174 4104 nostra:
2221 4066 2318 4119 per
2357 4066 2598 4114 crucem,
2625 4067 2788 4120 quam
2826 4051 3020 4107 volens
3082 4054 3357 4123 impedire
3393 4069 3603 4109 omnes.

1973 4145 2228 4197 movebat
2264 4145 2567 4200 machinas.
2589 4146 2819 4199 Acetum
2856 4159 2986 4200 vero
3019 4145 3329 4201 offerebant
3359 4147 3588 4214 milites,

1973 4239 2130 4306 quasi
2186 4239 2297 4305 regi
2348 4239 2753 4309 quodammodo
2799 4241 3179 4295 ministrantes
3239 4249 3298 4294 ut.
3349 4242 3585 4297 biberet.

1979 4329 2112 4385 Vide
2144 4341 2325 4386 autem
2362 4342 2415 4386 et
2445 4331 2606 4386 aliam
2642 4332 2956 4387 machinam
3006 4333 3230 4400 diaboli,
3259 4351 3380 4404 qua:
3416 4335 3466 4386 in
3507 4337 3589 4404 ip-

1975 4435 2094 4475 sum
2132 4422 2382 4476 vertitur.
2447 4422 2548 4490 Qui
2581 4424 2727 4476 enim
2754 4424 2933 4479 tribus
2962 4423 3269 4479 litterarum
3297 4427 3590 4482 characte-

1974 4514 2130 4570 ribus
2187 4515 2542 4569 rebellionem
2595 4514 2728 4570 Iesu
2794 4517 3108 4587 iovulgarat
3157 4520 3589 4588 quodannnodo,

254 4608 400 4679 Ὅρα
439 4607 499 4661 δὲ
540 4609 636 4662 καὶ
685 4608 882 4680 ἑτέραν
945 4612 1201 4681 μηχανὴν
1261 4611 1356 4665 τοῦ
1409 4611 1687 4679 διαϐόλου,
1739 4618 1852 4670 κατ

1975 4617 2032 4660 ιιι
2085 4606 2359 4662 neminem
2410 4611 2864 4677 praetereuntium
2909 4615 3127 4677 lateret,
3162 4615 3317 4682 quasi
3365 4623 3588 4683 propter

248 4700 424 4754 αὑτοῦ
485 4701 988 4773 περιτρεπομένην.
1045 4704 1106 4755 '0
1162 4703 1262 4773 μὲν
1303 4704 1415 4776 γὰρ
1468 4709 1618 4777 τρισὶ
1684 4726 1865 4779 χαρα-

255 4793 466 4864 κτῆρσι
523 4795 871 4865 γραμμάτων
926 4797 1274 4866 ὲξεπόμπευε
1327 4798 1492 4868 δῆθεν
1530 4799 1633 4870 τὴν
1663 4803 1866 4873 ἀνταρ-

261 4886 388 4941 σίαν
426 4885 523 4940 τοῦ
567 4887 768 4955 Ἰησοῦ,
833 4889 921 4942 ἵνα
961 4891 1169 4961 μηδένα
1196 4891 1454 4945 λανθάνοι
1487 4894 1595 4944 τῶν
1629 4894 1859 4963 παριόν-

258 4996 393 5042 των,
424 4979 500 5042 ὡς
533 4980 625 5032 διὰ
674 4980 835 5034 τοῦτο
878 4981 1178 5053 κρέμαται,
1208 4981 1342 5036 διότι
1391 4983 1616 5052 βασιλέα
1673 4986 1868 5038 ἑαυτὸν

254 5069 473 5123 ἐποίειο
509 5071 575 5124 τὸ
621 5072 700 5134 δὲ,
734 5073 840 5126 κᾶν
895 5074 969 5144 μὴ
1029 5075 1056 5126 0
1113 5074 1275 5143 σοφὸς
1337 5074 1432 5128 τοῦ
1498 5078 1869 5146 κακοποιῆσαι

260 5172 483 5228 συνίει,
548 5164 821 5234 σύμϐολον
881 5162 950 5238 ἦν
999 5166 1096 5219 τοῦ
1155 5168 1430 5237 κράτιστα
1491 5169 1601 5222 τῶν
1655 5170 1868 5236 ἐθνῶν,

257 5260 436 5312 ὁποῖοι
458 5260 506 5311 oi
557 5259 843 5329 Ῥωμαῖοι,
879 5262 973 5313 καὶ
999 5260 1330 5329 σοφώτατοι,
1365 5264 1545 5317 ὁποῖοι
1581 5261 1866 5334 Ἕλληνες,

1969 4705 2075 4760 hoc
2115 4719 2416 4775 suspensus
2467 4715 2633 4769 esset,
2658 4709 2803 4776 quod
2858 4722 3041 4776 regem
3071 4725 3130 4763 se
3176 4706 3400 4765 fecisset
3436 4727 3448 4762 :
3484 4712 3588 4765 huc

1971 4799 2101 4870 iam.
2143 4800 2359 4855 etiamsi
2415 4813 2528 4854 non
2585 4816 2615 4854 e
2666 4812 2849 4855 mente
2901 4803 3223 4867 scribentis,
3276 4805 3584 4874 symbolum

1973 4893 2174 4947 factum
2216 4902 2301 4947 est
2331 4895 2478 4964 quod
2519 4895 2890 4964 potentissimi
2926 4898 3196 4968 gentium,
3242 4899 3432 4967 quales
3483 4900 3587 4953 Ro-

1972 4985 2122 5040 mani
2158 5003 2170 5038 :
2202 4995 2257 5039 et
2287 4987 2916 5058 sapientissimi,quales
2942 4989 3118 5044 Graeci
3155 5009 3169 5045 :
3205 5001 3259 5045 et
3303 4991 3591 5061 religiOsis-

1975 5078 2125 5141 simi,
2148 5077 2340 5147 quales
2365 5077 2598 5146 Hebraei,
2617 5079 2824 5137 Christi
2849 5098 3019 5151 regno
3039 5085 3361 5156 subjiciendi
3381 5095 3590 5149 essent,

1977 5178 2032 5224 et
2063 5170 2235 5239 ipsum
2271 5171 2572 5240 praedicare
2598 5174 2861 5230 debeant.
2889 5175 2966 5231 De
2996 5179 3100 5233 boc
3131 5187 3312 5233 autem
3354 5179 3508 5247 plura
3532 5190 3591 5234 et

1980 5262 2301 5318 sublimiora
2338 5266 2388 5318 in
2424 5263 2722 5336 Evangelio
2751 5267 2980 5324 Joannis
3007 5270 3268 5325 diximus.

267 5357 365 5412 καὶ
393 5355 837 5421 θεοσεϐέστατοι,
887 5337 1074 5411 ὁποῖον
1108 5360 1169 5411 τὸ
1206 5359 1364 5427 γένος
1414 5359 1529 5413 τῶν
1579 5357 1882 5432 Ἐϐραίων,
1926 5359 2031 5413 ὑπὸ
2093 5363 2158 5431 τῇ
2221 5360 2471 5434 βασιλείᾳ
2497 5363 2792 5435 τοῦςίησοῦ
2841 5366 3198 5437 τεθήσεσθαι,
3235 5367 3332 5421 καὶ
3379 5368 3588 5436 ἀνακηι

261 5455 448 5525 ρύξειν
478 5454 665 5508 αὐτόν.
708 5454 951 5525 Εἴπομεν
992 5455 1048 5507 δὲ
1088 5457 1217 5524 περὶ
1261 5457 1471 5510 τούτων
1526 5460 1621 5510 καὶ
1672 5461 1730 5509 ὲν
1779 5457 1858 5526 τῷ
1909 5458 2054 5510 κατὰ
2092 5459 2355 5528 Ἰωάννην
2418 5461 2590 5514 πλείω
2653 5462 2747 5515 καὶ
2815 5464 3146 5534 ὑψηλότερα.

339 5568 358 5600 ι
402 5541 494 5610 Εἷς
517 5548 573 5600 δὲ
599 5546 710 5600 τῶν
743 5547 1170 5618 κρεμασθέντων
1201 5548 1531 5617 κακούργων
1574 5549 1849 5622 ἐϐλασφή-

263 5659 360 5713 μει
395 5640 561 5693 αὑτὸν
590 5640 767 5706 λέγων
793 5655 805 5666 ·
835 5639 897 5692 Εἰ
931 5640 994 5692 σὺ
1023 5635 1074 5690 εἷ
1105 5641 1132 5691 0
1165 5641 1426 5710 Χριστὸς,
1468 5642 1643 5694 σῶσον
1701 5660 1863 5696 σεαυ-

255 5737 354 5787 τὸν
414 5734 512 5786 καὶ
575 5734 750 5800 ἡμᾶς.
811 5732 1168 5800 Ἀποκριθεῖς
1221 5733 1276 5784 δὲ
1320 5735 1346 5784 0
1397 5733 1584 5803 ἕτερος
1635 5735 1872 5805 ἐπετίμα

257 5828 433 5899 αὐτῷ,
468 5827 678 5896 λέγων·
721 5829 857 5882 Οὐδὲ
908 5829 1050 5898 φοϐῇ
1108 5831 1171 5882 σὺ
1205 5830 1298 5881 τὸν
1343 5829 1496 5891 Θεὸν,
1541 5830 1624 5881 ὃτι
1684 5833 1739 5883 ἐν
1794 5831 1872 5900 τῷ

259 5921 415 5991 αὑτῷ
451 5921 683 5993 κρίματι
717 5919 800 5988 si;
829 5923 1103 5994 καὶὴμεῖς
1142 5921 1242 5993 μὲν
1278 5921 1504 5986 δικαίως
1533 5937 1546 5950 ⁸
1582 5922 1709 5990 ἄξια
1763 5923 1872 5994 γὰρ

2059 5549 2221 5607 Vens.
2254 5552 2438 5608 59-45.
2472 5573 2489 5605 ι
2532 5553 2684 5609 Unus
2711 5566 2892 5612 autem
2928 5562 2993 5613 dc
3040 5561 3124 5613 bis
3155 5561 3246 5628 qui
3283 5561 3593 5627 pendebant

1981 5643 2333 5710 facinorosis,
2401 5651 2648 5702 convicia
2708 5651 2918 5704 dicebat
2975 5652 3026 5705 in
3073 5668 3218 5719 eum,
3282 5656 3590 5710 ttiecns:5i

1983 5749 2038 5791 tu
2090 5756 2148 5793 es
2201 5740 2477 5806 Christus,
2524 5757 2680 5796 Strva
2719 5744 2949 5811 teipsum
2976 5755 3030 5799 et
3065 5764 3179 5801 nos.
3236 5749 3592 5817 liespondeus

1985 5842 2169 5884 autem
2206 5833 2345 5886 alter
2379 5835 2698 5903 increpabat
2729 5856 2876 5900 eum,
2907 5838 3092 5894 dicens
3121 5841 3242 5902 τέκε
3278 5843 3436 5896 times
3463 5843 3589 5912 qui-

1984 5927 2104 5980 dem
2140 5935 2196 5980 tu
2227 5925 2397 5985 Deum
2427 5935 2573 5998 quod
2605 5933 2656 5986 in
2689 5937 2878 5991 eadem
2910 5938 3266 5994 damnatione
3294 5937 3393 5994 es?
3417 5950 3467 5993 et
3497 5952 3595 5993 nos
