4228 6428
747 411 887 479 1103

1632 413 2219 478 THEOPIIYLACTI
2264 395 2681 477 Romam:
2723 416 3089 479 ARCHIEP.

3875 412 4027 476 1104

740 526 959 595 quidem
983 523 1127 592 juste
1153 537 1167 575 :
1197 535 1318 576 nam
1347 519 1507 592 digna
1535 518 1700 577 factis
1719 520 2011 590 recipimus
2036 537 2049 571 ι
2080 519 2168 574 hic
2194 533 2308 573 veri

2430 513 2507 574 ὧν
2580 522 2903 595 ἐπράξαμεν
2964 522 3474 593 ἀπολαμϐάνομεν·
3538 520 3690 588 οὗτος
3750 523 3809 577 δὲ
3865 524 4031 579 οὐδὲν

744 616 877 671 nihil
910 615 1031 669 mali
1065 615 1251 683 gessit.
1278 612 1341 667 Ει
1365 613 1585 667 dicedat
1610 613 1677 667 ad
1697 610 1877 667 Jesum
1905 609 2185 672 :Domine,
2206 626 2322 665 me-

743 718 925 762 mento
958 707 1061 762 mei
1097 720 1218 759 cuin
1270 705 1487 760 veneris
1517 704 1567 757 in
1609 717 1834 772 regnum
1870 712 2040 755 tuum.
2082 701 2146 754 Et
2186 701 2323 756 dixit

740 800 812 854 illi
867 796 1027 853 Jesus
1060 816 1072 850 :
1107 798 1274 851 Amen
1327 797 1448 850 dico
1500 793 1616 859 tibi,
1649 793 1805 847 hodie
1840 806 2051 846 mecum
2105 795 2215 846 eris
2268 791 2320 844 in

739 888 1012 958 paradiso.
1049 905 1068 939 ι
1126 886 1407 953 Quomodo
1433 884 1611 953 .igitur
1660 882 1751 938 alii
1795 884 2141 950 evangelista:
2182 884 2317 936 duos

738 983 976 1037 latrones
1006 981 1191 1036 dicunt
1245 977 1479 1033 convitia
1511 976 1562 1031 in
1590 992 1711 1033 eum
1748 975 1983 1046 iecisse?
2016 973 2323 1029 Verisimile

736 1084 917 1128 autent
950 1071 1203 1141 estquod
1238 1072 1473 1140 primum
1506 1069 1722 1136 quidem
1752 1070 1860 1123 duo
1885 1084 2006 1124 eum
2039 1064 2318 1121 comitiali

735 1167 865 1231 siut,
885 1167 1077 1219 deinde
1102 1179 1238 1217 unus
1260 1177 1450 1218 eorum
1474 1161 1749 1216 cordatior
1773 1174 2074 1230 agnoscens
2117 1159 2320 1213 bonitao

740 1271 846 1312 tem
889 1270 943 1312 et
990 1258 1328 1310 divinitatem
1363 1256 1490 1310 .lesu
1534 1268 1598 1308 ex
1656 1269 1788 1308 voce
1835 1268 1994 1321 quam
2046 1251 2172 1305 fecit
2223 1263 2322 1318 pro

734 1348 1181 1417 cruciﬁgentibus
1214 1362 1227 1401 :
1266 1364 1283 1396 ι
1316 1344 1495 1409 Pater,
1519 1345 1728 1405 dicens,
1754 1343 1967 1397 remitte
1992 1343 2103 1408 eis;
2135 1359 2154 1391 ι
2192 1354 2318 1411 qua

736 1456 837 1494 vox
887 1457 991 1495 non
1023 1438 1196 1492 solum
1228 1436 1377 1491 omni
1418 1436 1789 1490 misericordia
1821 1435 1975 1503 plena
2010 1444 2115 1499 est,
2144 1434 2236 1488 sed
2266 1442 2321 1488 ct

736 1547 982 1600 magnam
1030 1530 1407 1585 auctoritatem
1441 1543 1548 1597 pra:
1575 1543 1631 1581 se
1663 1526 1790 1580 fert.
1823 1525 1937 1580 Non
1967 1527 2110 1582 enim
2143 1524 2276 1579 dixit
2303 1542 2317 1578 :

735 1625 981 1690 Domine,
1005 1638 1123 1688 oro,
1152 1622 1363 1676 dimitte
1396 1621 1497 1683 eis,
1523 1620 1615 1673 sed
1668 1619 1988 1686 simpliciter
2018 1619 2095 1672 sic
2127 1630 2321 1686 magna

735 1730 1000 1789 putt‘Slale
1030 1736 1042 1769 :
1080 1735 1098 1767 ι
1134 1714 1315 1781 Pater,
1339 1714 1555 1767 remitte
1581 1712 1680 1766 eis.
1712 1731 1729 1762 ι
1759 1710 1835 1763 Ex
1863 1712 1963 1764 hac
2004 1709 2164 1779 igitur
2191 1724 2319 1763 voce.

733 1825 1060 1879 agnoscens,
1094 1810 1182 1876 qui
1214 1808 1365 1875 prius
1382 1805 1890 1873 eratlilaspliemus,
1916 1801 1937 1855 ,⁸
1982 1817 2097 1855 sum
2130 1816 2314 1855 verum

734 1874 935 1970 regem,
958 1874 1201 1952 confutat
1224 1908 1278 1951 et
1304 1897 1536 1950 alterum
1561 1893 1998 1957 latronem,elad
2022 1891 2205 1947 Jesum
2235 1893 2311 1947 di-
2348 1874 2390 1929 Β

730 1994 834 2046 cit;
862 2009 880 2042 ι
905 1989 1177 2044 Memento
1203 1989 1303 2044 mei
1331 1988 1383 2041 in
1411 2003 1573 2058 regno
1592 1996 1701 2040 tuo.
1733 2003 1751 2037 ι
1778 1985 1914 2051 Quid
1942 1986 2103 2054 igitur
2130 1984 2313 2038 Domi-

729 2101 828 2140 nus
850 2086 873 2139 ξ’
899 2104 916 2134 ι
946 2081 1113 2137 Hodie
1145 2095 1352 2135 mecum
1387 2080 1497 2132 eris
1533 2080 1585 2132 in
1628 2078 1900 2146 paradiso.
1926 2097 1944 2128 ι
1970 2077 2122 2132 Sicut
2154 2079 2313 2130 homo

727 2178 941 2246 quidem
963 2176 1015 2229 in
1029 2188 1211 2240 cruce,
1229 2171 1370 2227 Deus
1383 2163 1559 2226 autem
1579 2172 1863 2237 ubique,et
1879 2170 2006 2228 illic.
2025 2171 2146 2224 etin
2166 2184 2313 2238 para-

727 2269 1089 2337 disoimpleus
1102 2266 1305 2330 omnia,
1332 2275 1386 2320 et
1418 2278 1682 2334 nusquam
1709 2264 1927 2318 absens.
1942 2263 2199 2330 Qumrunt
2227 2277 2314 2313 au-

726 2374 834 2416 tem
855 2361 1098 2429 quidam,
1121 2358 1396 2429 quomodo
1420 2358 1634 2413 dicente
1663 2355 1892 2412 Domino
1917 2355 2111 2410 Iatr0ui
2137 2376 2150 2411 :
2173 2374 2191 2406 ι
2214 2353 2316 2409 llo-

723 2458 811 2512 die
841 2470 1051 2511 mecum
1075 2456 1183 2511 eris
1201 2457 1253 2509 in
1272 2455 1544 2525 paradiso,
1569 2472 1587 2506 ι
1606 2451 1805 2508 Paulus
1823 2454 2114 2522 dixitquod
2134 2452 2312 2507 nullus

723 2558 1034 2605 sanctorum
1067 2550 1330 2619 receperit
1356 2547 1772 2617 promissionem
1791 2546 1875 2599 "1
1898 2544 1964 2601 Et
1988 2546 2203 2616 quidam
2226 2546 2308 2599 di-

723 2650 854 2696 cunt
884 2641 1025 2708 quod
1062 2639 1354 2709 Apostolus
1394 2654 1500 2694 non
1536 2639 1602 2694 de
1634 2637 1888 2694 omnibus
1931 2639 2134 2693 sanctis
2166 2652 2312 2692 asse-

726 2742 809 2787 rat
874 2737 1017 2802 quod
1089 2747 1198 2786 non
1270 2732 1576 2799 receperint
1637 2731 2154 2799 repromissionem,
2212 2729 2307 2783 sed

723 2832 790 2883 de
840 2830 925 2884 his
960 2843 1097 2897 quos
1142 2827 1260 2897 ipse
1312 2827 1489 2881 solum
1536 2827 1894 2881 enumeravit.
1956 2825 2312 2879 Enumeravit

720 2923 886 2996 487
950 2931 1129 2975 autem
1190 2920 1330 2974 alios
1390 2921 1606 2988 quidem
1657 2919 1878 2982 multos,
1932 2917 2158 2973 latronis
2220 2932 2311 2969 au-

723 3032 828 3070 tem
856 3032 959 3069 non
992 3014 1258 3069 meminit.
1291 3014 1427 3066 nudi
1462 3013 1603 3065 enim
1636 3010 1764 3081 quid
1800 3012 1964 3073 dicat,
2002 3011 2052 3064 hi
2090 3025 2305 3073 omnes,

721 3109 1145 3165 demonstrando
1169 3121 1262 3161 eos
1290 3122 1427 3174 quos
1456 3120 1637 3158 setmo
1663 3113 1974 3171 enumerat,
1999 3104 2197 3172 quibus
2225 3102 2305 3155 la-

723 3219 808 3257 tro
870 3212 1291 3257 connumerattis
1343 3215 1447 3253 non
1505 3210 1607 3252 εει.
1660 3197 1762 3250 Alii
1812 3208 1990 3249 autem
2047 3196 2378 3299 dixeruntC

719 3298 862 3366 quod
898 3296 1038 3349 latro
1084 3293 1321 3347 nondum
1357 3292 1581 3346 sortitus
1616 3291 1688 3345 sit
1720 3290 1769 3343 in
1793 3289 2045 3359 paradiso
2075 3305 2306 3344 conver-

714 3390 981 3447 sationem
1020 3403 1031 3438 :
1066 3386 1156 3440 sed
1217 3388 1341 3451 quia
1387 3381 1719 3435 iuvariabilis
1750 3382 1820 3435 sit
1854 3392 1908 3434 et
1939 3383 2155 3436 mentiri
2210 3396 2294 3436 ne-

714 3487 879 3546 queat
913 3476 1121 3529 Domini
1178 3472 1486 3542 promissio,
1514 3471 1635 3524 ideo
1664 3471 1869 3525 dictum
1895 3486 2036 3536 esse,
2071 3489 2091 3522 ι
2132 3471 2302 3527 llodie

715 3584 928 3623 mecum
958 3569 1067 3621 eris
1092 3567 1142 3620 iu
1180 3564 1464 3635 paradiso.
1512 3580 1531 3613 ι
1566 3562 1659 3617 Est
1685 3563 1830 3617 enim
1863 3573 1915 3618 et
1948 3564 2064 3618 haec
2092 3566 2304 3633 species

714 3664 980 3733 phraseos
1012 3661 1062 3712 iu
1090 3659 1268 3712 verbis
1301 3656 1624 3720 Dominicis,
1651 3664 1708 3708 ut
1730 3654 1797 3710 de
1831 3654 2026 3711 futuris
2050 3656 2303 3726 loquatur

717 3768 971 3823 tanquam
1029 3753 1093 3805 de
1154 3750 1239 3803 his
1289 3762 1410 3817 quin
1454 3747 1568 3815 jam
1628 3746 1760 3800 ﬁant
1800 3764 1812 3800 :
1850 3757 1907 3801 ut
1965 3764 2088 3802 cum
2124 3750 2297 3804 dicit:

718 3870 737 3899 α
777 3848 877 3911 Qui
906 3862 1008 3895 non
1044 3844 1240 3903 thdit,
1273 3855 1382 3906 jam
1410 3839 1685 3909 judicatus
1703 3848 1783 3892 est
1817 3838 1861 3869 ³⁸
1910 3857 1927 3890 ι
1968 3847 2020 3894 et
2042 3856 2297 3895 rursum:

717 3959 733 3990 ι
769 3939 868 4005 Qui
901 3950 1179 3991 seintones
1200 3933 1587 3988 meosauditet
1615 3932 1807 3992 credit,
1832 3932 1882 3983 in
1906 3931 2171 4001 judicium
2193 3950 2299 3989 non

710 4033 876 4095 venit,
914 4032 1004 4083 sed
1044 4028 1295 4082 transivit
1329 4026 1394 4080 de
1430 4033 1602 4079 morte
1632 4023 1685 4078 in
1718 4023 1886 4077 vitam
1910 4024 1976 4077 ³⁷.
2018 4042 2036 4075 ι
2060 4024 2164 4079 Alii
2200 4040 2302 4079 au-

709 4137 813 4180 tem
843 4131 1093 4190 torquent
1136 4121 1383 4180 verbum,
1418 4126 1674 4186 punctum
1708 4116 1970 4171 facientes
1992 4126 2113 4186 post
2150 4134 2169 4168 ι
2204 4117 2299 4173 Ιιο-

710 4221 825 4282 ιιιε,
867 4234 884 4266 ι
924 4228 981 4267 ιιι
1007 4217 1079 4266 sit
1112 4214 1157 4266 is
1200 4227 1393 4266 sensus
1422 4211 1575 4273 dicti,
1611 4229 1628 4259 ι
1669 4209 1843 4264 Anien
1878 4213 2002 4266 dico
2068 4212 2161 4266 tibi
2206 4212 2301 4265 lto-

708 4312 842 4365 die'.
883 4326 900 4358 ι
937 4305 1154 4369 deinde,
1199 4322 1215 4355 ι
1250 4302 1458 4355 Mecum
1513 4316 1624 4356 eris
1671 4302 1722 4355 iu
1777 4303 2050 4370 paradiso,
2089 4323 2106 4354 ι
2162 4303 2301 4373 adji-

708 4407 933 4459 cientes.
968 4400 1197 4466 Quidam
1239 4410 1388 4459 vero,
1416 4395 1506 4464 qui
1543 4394 1777 4447 maxime
1808 4409 2026 4449 sensum
2081 4396 2298 4465 assequi

708 4499 811 4551 τιεί
863 4506 1009 4556 sunt,
1044 4494 1122 4545 sic
1164 4499 1489 4558 exponunt:
1534 4486 1882 4553 liepromissa
1945 4488 2101 4541 nobis
2157 4489 2297 4541 bona

2426 613 2627 667 ἄτοπον
2675 612 2899 686 ἔπραξε.
2950 615 3057 667 Καὶ
3109 614 3267 682 ἔλεγε
3327 614 3406 684 τῷ
3456 614 3673 683 Ἰησοῦ·
3724 616 4030 684 Μνήσθητί

2430 723 2555 777 μου,
2592 707 2785 777 Κύριε,
2824 710 2953 760 ὅταν
3008 706 3168 776 ἔλθῃς
3222 709 3280 759 ἐν
3323 709 3389 775 τῇ
3450 705 3697 778 βασιλείᾳ
3752 723 3871 759 σου.
3916 706 4032 757 Καὶ

2426 795 2582 850 εἶπεν
2608 798 2756 867 αὑτῷ
2781 801 2808 851 6
2839 798 3070 869 Ἰησοῦς·
3092 799 3269 868 Ἀμὴν
3308 799 3453 867 λέγω
3484 816 3586 858 σοι,
3627 800 3874 867 σήμερον
3903 797 4030 865 μετ’

2427 890 2563 957 ἐμοῦ
2592 891 2689 961 ἔσῃ
2724 893 2779 942 ἐν
2843 894 2920 961 τῷ
2951 892 3293 961 παραδείσῳ.
3342 910 3360 942 ι
3425 891 3547 953 Πῶς
3596 887 3689 943 οὖν
3727 892 3779 943 oi
3836 892 4031 959 ἕτεροι

2430 982 2820 1051 εὐαγγελισταὶ¹
2848 986 2973 1047 τοὺς
3021 984 3115 1037 δύο
3141 983 3342 1055 λῃστάς
3378 1000 3511 1052 φασι
3556 987 3893 1052 κατηγορεῖν
3929 984 4034 1037 αὖ·

2426 1071 2555 1137 τοῦς
2591 1073 2681 1125 Ἐν
2705 1075 2845 1145 ἀρχῇ
2892 1075 2991 1143 μὲν
3018 1075 3163 1136 είκὸς
3192 1075 3321 1136 τοὺς
3346 1074 3438 1125 δύο
3473 1077 3804 1142 κατηγορεῖν
3826 1073 4029 1136 αὐτοῦ,

2424 1159 2543 1217 εἶτα
2582 1166 2672 1217 τὸν
2720 1167 2910 1235 ἓτερον
2949 1168 3130 1219 αὑτῶν
3187 1168 3452 1235 ἀγχίνουν
3515 1167 3665 1228 ὄντα,
3714 1167 4031 1232 ἐπιγνῶναι

2424 1257 2522 1326 τὴν
2566 1259 2742 1328 Ἰησοῦ
2791 1260 3103 1329 ἀγαοότητα
3138 1259 3232 1313 καὶ
3282 1260 3515 1327 οεὸτητα
3565 1262 3630 1313 ἐκ
3660 1260 3758 1327 τῆς
3807 1260 4031 1326 φωνῆς,

2423 1341 2489 1418 ἧς
2526 1350 2771 1402 ἐποιεῖτο
2801 1351 2939 1419 ὑπὲρ
2961 1351 3071 1403 τῶν
3102 1351 3503 1421 σταυρούντων,
3538 1368 3557 1400 ι
3592 1350 3796 1419 Πάτερ,
3820 1350 4028 1416 λέγων,

2423 1442 2560 1509 ἄφες
2593 1444 2799 1505 αὐτοῖς.
2837 1463 2854 1494 ι
2898 1444 2976 1496 Οὐ
3014 1445 3178 1513 μόνον
3211 1444 3321 1514 γὰρ
3353 1445 3535 1515 πάσης
3572 1444 4029 1513 -φιὶανθρωπίας

2424 1534 2610 1605 γέμει,
2639 1534 2780 1589 ἀλλὰ
2835 1536 2929 1589 καὶ
2978 1536 3274 1589 αὐθεντίαν
3328 1537 3530 1607 πολλὴν
3582 1538 3933 1590 ἐνδείκνυται
3991 1540 4024 1605 ή

2426 1628 2596 1695 φωνή.
2632 1628 2705 1680 Οὐ
2732 1627 2842 1697 γὰρ
2872 1624 3015 1692 εἷπε,
3060 1628 3255 1698 Κύριε,
3289 1630 3615 1697 παρακαλῶ,
3647 1631 3783 1697 ἄφες
3808 1631 4026 1692 αὐτοῖς,

2424 1717 2540 1770 ἀλλ’
2599 1719 2789 1781 ἁπλῶς
2847 1719 3023 1782 οὕτως
3085 1721 3180 1772 καὶ
3228 1720 3675 1785 ὲξουσιαστικῶς,
3735 1739 3753 1771 ι
3810 1722 4027 1792 Πάτερ,

2426 1809 2560 1878 ἄφες
2593 1812 2798 1875 αὐτοῖς.
2844 1832 2861 1862 ι
2907 1812 3003 1865 Ἐκ
3028 1814 3236 1883 ταύτης
3277 1809 3370 1867 οὖν
3405 1815 3504 1881 τῆς
3538 1813 3723 1881 φωνῆς
3754 1814 4028 1881 ἐπιγνοὺς

2424 1905 2451 1956 6
2482 1905 2747 1975 πρότερον
2779 1906 3123 1976 βλάσφημος,
3151 1907 3242 1959 τὸν
3277 1906 3489 1975 Ἰησοῦν
3543 1906 3809 1974 ἀληθινὸν
3860 1905 4027 1975 βασι-

2424 1996 2519 2051 λέα
2568 1998 2945 2065 ἐπιγινώσκει,
2977 2000 3323 2069 ἐπιστομίζει
3355 2000 3411 2052 δέ
3436 2000 3531 2051 καὶ
3580 2000 3671 2051 τὸν
3704 2000 3905 2071 ἕτερον
3940 1999 4031 2067 λῃ-

2425 2089 2575 2159 στὴν,
2607 2092 2698 2141 καὶ
2732 2090 2867 2160 πρὸς
2896 2092 2985 2141 τζν
3032 2090 3246 2159 Ἰησοῦν
3291 2090 3437 2157 λέγει
3472 2106 3485 2117 ’
3532 2110 3549 2142 ι
3587 2091 3885 2159 Μνήσθητί
3927 2108 4031 2159 μου

2423 2182 2482 2232 ἐν
2529 2183 2594 2249 τῇ
2640 2181 2892 2252 βασιλείᾳ
2917 2199 3034 2234 σου.
3071 2201 3088 2234 ι
3125 2181 3190 2235 Τί
3216 2181 3309 2235 οὖν
3338 2185 3365 2234 6
3400 2182 3604 2252 Κύριος
3636 2200 3650 2246 ;
3687 2202 3703 2233 ι
3768 2183 4031 2252 Σήμερον

2425 2274 2543 2344 μετ’
2578 2275 2714 2345 ἐμοῦ
2766 2276 2865 2348 ἔσῃ
2911 2279 2971 2329 ἐν
3019 2276 3096 2345 τῷ
3138 2276 3470 2347 παραδείσῳ.
3510 2295 3527 2327 ι
3600 2277 3688 2339 Ὠς
3745 2276 3848 2346 μὲν
3918 2277 4032 2347 γὰρ

2421 2367 2849 2438 ἄνθρωπος,ηέν
2904 2370 3158 2440 σταυρῷ,
3212 2369 3291 2433 ὡς
3339 2369 3397 2422 δὲ
3450 2369 3582 2431 Θεὸς
3613 2410 3628 2433 ,
3690 2371 4028 2438 πανταχοῦ,

2429 2461 2611 2521 κάκεῖ,
2646 2463 2750 2514 κάν
2782 2460 2861 2530 τῷ
2896 2461 3239 2531 παραδείσῳ,
3269 2462 3449 2515 πάντα
3498 2460 3747 2531 πληρῶν,
3780 2462 3881 2515 καὶ
3924 2476 4033 2531 μη-

2419 2551 2592 2622 δαμοῦ
2648 2551 2743 2607 ὧν.
2796 2556 3103 2625 Ζητήσουσι
3154 2554 3213 2608 δέ
3263 2571 3443 2617 τινες’
3478 2555 3603 2618 Πῶς
3656 2554 3754 2607 τοῦ
3812 2555 4028 2623 Κυρίου

2419 2645 2674 2714 λέγοντος
2737 2647 2817 2717 τῷ
2865 2648 3081 2718 λῃστῇ,
3145 2666 3164 2700 ι
3229 2650 3488 2719 Σήμερον
3544 2649 3663 2719 μετ’
3714 2648 3859 2718 ἐμοῦ
3929 2650 4030 2718 ἔσῃ

2419 2739 2478 2789 ἐν
2526 2740 2603 2806 τῷ
2672 2739 3030 2810 παραδείσῳ,
3088 2758 3104 2791 ι
3162 2741 3190 2792 6
3259 2740 3472 2803 Παῦλος
3536 2740 3683 2809 ἔφη’
3750 2760 3769 2791 ι
3829 2741 4029 2803 Οὐδεὶς

2418 2829 2528 2880 τῶν
2560 2828 2732 2897 ἁγίων
2760 2830 3063 2899 ἐκομίσατο
3088 2832 3190 2903 τὴν
3219 2832 3559 2901 ἐπαγγελίαν
3588 2848 3617 2898 ;Δ
3654 2852 3672 2884 ι
3710 2833 3827 2886 Καί
3880 2849 4030 2896 τινες

2418 2921 2690 2989 λέγουσιν,
2716 2925 2799 2976 ὃτι
2826 2926 2853 2977 ὁ
2876 2924 3201 2988 Ἀποστολος
3223 2928 3285 2979 οὐ
3312 2929 3441 2996 περὶ
3460 2926 3677 2980 πάντων
3708 2927 3821 2981 τῶν
3847 2928 4027 2995 ἁγίων

2417 3014 2739 3085 ἀπεφήνατο
2798 3017 2860 3068 τὸ
2921 3016 2996 3086 μὴ
3056 3017 3395 3086 κομίσασθαι
3464 3021 3564 3087 τὴν
3623 3020 4024 3087 ἐπαγγελίαν,

2416 3105 2565 3159 ἀλλὰ·
2609 3109 2738 3177 περὶ
2806 3102 2881 3161 ὧν
2942 3109 3377 3180 άπηριθμήσατο
3442 3114 3643 3181 μόνον·
3691 3111 4024 3182 ἁπηρώμή·

2417 3216 2549 3253 σατο
2576 3199 2632 3253 δὲ
2659 3200 2854 3264 ἄλλους
2888 3202 2987 3271 μὲν
3015 3202 3264 3269 πολλοὺς,
3289 3203 3383 3255 τοῦ
3413 3202 3468 3256 δὲ
3504 3201 3703 3272 λῃστοῦ
3740 3203 3867 3255 οὐδὲ
3889 3206 4023 3256 ἑπε-

2414 3294 2647 3365 μνήοθη.
2689 3296 2888 3348 Ἀκουε
2923 3296 3031 3365 γὰρ
3064 3296 3118 3347 τί
3159 3313 3325 3365 φησιν
3352 3313 3366 3326 ·
3432 3292 3594 3351 Οὗτοι
3628 3297 3863 3361 πάντες,
3913 3296 4023 3351 δει-

2409 3388 2614 3451 κτικῶς
2643 3390 2778 3457 πρὸς
2818 3392 2943 3449 τοὺς
3002 3390 3498 3459 ἀπηριθμημένους
3539 3390 3633 3443 τὸν
3675 3392 3840 3458 λόγον
3885 3394 4021 3445 ἀνα-

2409 3481 2613 3549 φέρων,
2642 3475 2723 3543 οἷς
2775 3482 2803 3533 6
2848 3480 3047 3552 λῃστὴς
3096 3483 3157 3533 οὐ
3215 3482 3645 3552 συνηρίϐμηται.
3684 3483 3919 3553 Ἐτεροι
3965 3484 4020 3537 δὲ

2406 3574 2638 3640 ἔφασαν,
2679 3574 2760 3625 ὅτι
2817 3573 2939 3626 οὐδὲ
2993 3576 3021 3627 6
3086 3575 3291 3644 λῃστὴς
3350 3575 3503 3628 οῦπω
3555 3577 3712 3647 ἔτυχε
3787 3578 3893 3646 τῆς
3963 3581 4021 3630 ἐν

2404 3663 2484 3734 τῷ
2529 3662 2847 3733 παραδείσῳ
2890 3663 3169 3733 διαγωγῆς
3201 3704 3214 3725 ,
3259 3664 3375 3717 ἀλλ’
3416 3665 3607 3736 ἐπειδὴ
3669 3668 4017 3735 ἁμετάθετος

2404 3758 2501 3809 καὶ
2570 3755 2930 3825 ἀδιάψευστος
2992 3760 3025 3826 ἠ
3092 3756 3186 3809 τοῦ
3244 3758 3449 3828 Κυρίου
3510 3760 3863 3829 ὀπόςχετις,
3926 3762 4016 3818 διὰ

2404 3848 2565 3902 τοῦτο
2605 3850 2822 3918 εἴρηται
2848 3849 2931 3914 τὸ,
2967 3867 2984 3899 ι
3025 3850 3275 3918 Σήμερον
3312 3851 3431 3920 μετ’
3481 3852 3617 3921 ἐμοῦ
3664 3852 3767 3924 ἔσῃ
3827 3856 3889 3905 ἐν
3940 3854 4017 3926 τῷ

2404 3942 2739 4014 παραδείσῳ.
2797 3961 2813 3993 ι
2856 3942 3013 3994 Ἐστι
3054 3945 3161 4013 γὰρ
3202 3945 3296 3996 καὶ
3337 3944 3579 3997 τοιοῦτον
3614 3942 3781 4008 εἶδος,
3818 3951 4009 4015 φασιν,

2404 4037 2463 4088 ἐν
2486 4037 2599 4098 τοῖς
2643 4035 2739 4089 τοῦ
2776 4036 2985 4105 Κυρίου
3022 4037 3289 4105 ῥήμασιν,
3338 4039 3399 4090 ἐν
3447 4031 3526 4101 οἷς
3579 4040 3856 4107 περὶτῶν
3888 4042 4011 4094 ἔσε-

2406 4129 2533 4183 σθαι
2553 4130 2881 4198 μελλόντων,
2911 4129 2986 4191 ὼς
3009 4128 3110 4200 ήδη
3132 4132 3444 4200 γενομένων
3469 4132 3749 4195 διέξεισιν.
3772 4135 3861 4197 Ὠς
3884 4138 4013 4189 ὅταν

2403 4223 2567 4295 λέγῃν
2608 4244 2627 4274 ι
2654 4224 2712 4277 ’0
2746 4224 2821 4293 μὴ
2854 4223 3151 4285 πιστεύων,
3185 4224 3286 4295 ήδη
3333 4225 3609 4294 κέκριται,
3649 4246 3666 4278 ι
3700 4231 3800 4283 καὶ
3824 4231 4015 4285 πάλιν*

2412 4336 2429 4367 ι
2452 4317 2511 4368 Ὀ
2530 4316 2640 4369 τῶν
2670 4316 2845 4383 λόγων
2880 4333 2978 4385 μου
3007 4315 3246 4379 ἁκούων,
3272 4318 3368 4369 καὶ
3393 4320 3691 4383 πιστεύων,
3721 4325 3803 4383 είς
3829 4326 4014 4393 κρίσιν

2405 4406 2505 4457 οὐκ
2523 4404 2769 4473 ἔρχεται,
2795 4405 2932 4459 ἀλλὰ
2983 4405 3374 4475 μεταϐέϐηκεν
3412 4409 3477 4461 ἐκ
3500 4409 3597 4461 τοῦ
3630 4410 3876 4464 θανάτου
3936 4417 4013 4479 είς

2403 4495 2503 4567 τὴν
2528 4496 2929 4566 ζωήν.ι’Δλλοι
2957 4498 3013 4550 δὲ
3045 4498 3399 4562 ἐκϐιάζονται
3430 4502 3488 4554 τὸ
3522 4504 3699 4572 ῥῆμα,
3727 4507 4009 4572 στίξοντας

707 4608 813 4645 ιιοιι
871 4601 997 4643 sunt
1044 4587 1323 4650 ingressus
1374 4582 1425 4634 in
1470 4579 1915 4648 paradisum,vel
1938 4580 2164 4647 reditus,
2197 4583 2291 4635 sed

2414 4590 2481 4652 ιίς
2531 4590 2588 4644 τὺ
2654 4607 2672 4641 ι
2708 4592 2978 4660 Σήμερον,
3020 4609 3039 4641 ι
3084 4586 3209 4664 ἵν’ᾖ
3262 4592 3323 4645 τὸ
3364 4594 3661 4663 λεγόμενον
3709 4601 3969 4655 τοιοῦτον
3997 4620 4010 4636 ο

706 4704 719 4738 ι
749 4697 928 4755 :gnnm
958 4679 1216 4732 castorum
1244 4690 1256 4725 ε
1287 4673 1429 4725 unde
1447 4684 1756 4732 etoramus,
1798 4688 1813 4720 ι
1851 4669 2045 4723 Veniat
2069 4685 2293 4740 regnum

709 4788 862 4829 tuum
891 4772 959 4835 ",
996 4788 1013 4821 ι
1067 4784 1171 4821 non
1206 4763 1549 4817 conversatio
1579 4761 1665 4814 illa
1700 4761 1752 4813 in
1805 4764 2072 4829 paradiso.
2109 4762 2297 4831 Neque

701 4871 849 4928 enim
882 4864 1017 4921 mihi
1052 4862 1199 4917 dicat
1224 4858 1418 4926 aliquis
1470 4854 1615 4922 quod
1653 4854 1795 4908 idem
1829 4856 1898 4908 sit
1933 4858 2219 4926 paradisus
2242 4866 2296 4913 ct

704 4975 949 5035 regnum.
984 4958 1129 5012 Bona
1184 4954 1328 5008 enim
1398 4950 1549 5017 regni
1586 4967 1604 4998 ε
1655 4961 1827 5016 neque
1868 4954 2017 5003 auris
2068 4954 2295 5015 audivit,

705 5072 879 5125 neque
910 5052 1096 5107 oculus
1124 5048 1279 5111 vidit,
1308 5059 1483 5113 neque
1512 5044 1564 5095 in
1600 5056 1694 5096 cor
1730 5042 1969 5096 hominis
2031 5052 2295 5100 ascende-

706 5163 829 5204 runt
857 5150 928 5201 ”.
970 5166 988 5199 ›
1032 5141 1350 5198 Paradisutn
1378 5146 1561 5189 autem
1594 5144 1648 5188 et
1680 5134 1869 5187 oculus
1901 5136 2031 5187 Adae
2062 5135 2215 5203 vidit,
2248 5148 2303 5192 et

701 5244 851 5295 auris
874 5240 1079 5290 audivit
1109 5236 1176 5288 de
1205 5246 1290 5285 eo.
1329 5248 1346 5281 ι
1387 5231 1460 5283 De
1495 5229 1747 5281 omnibus
1771 5230 1912 5281 enim
1947 5228 2128 5298 lignis,
2170 5249 2189 5281 ›
2218 5234 2301 5285 in-

700 5336 839 5403 quit,
867 5349 883 5381 ι
904 5344 1024 5399 quae
1054 5336 1180 5381 sunt
1211 5324 1265 5377 in
1296 5323 1567 5391 paradiso,
1590 5322 1755 5373 edens
1778 5321 1998 5373 comede
2019 5320 2083 5371 ⁸ο.
2114 5340 2132 5373 ι
2164 5319 2298 5374 Nam

701 5430 830 5482 licet
866 5437 1029 5475 unum
1068 5432 1275 5472 tantutn
1307 5416 1513 5485 lignum
1565 5411 1913 5467 interdictum
1951 5415 2023 5468 sit
2080 5416 2180 5478 eis,
2220 5428 2300 5469 ta-

702 5535 823 5577 men
859 5529 911 5569 et
948 5519 1121 5584 ipsum
1151 5513 1497 5570 viderunt,et
1526 5506 1593 5560 de
1628 5507 1747 5574 ipso
1794 5508 2102 5562 audierunt.
2128 5510 2193 5563 Et
2246 5512 2296 5563 in

770 5668 815 5698 "
848 5664 1017 5718 liebr.
1056 5674 1116 5723 ll,
1156 5656 1240 5711 15.
1321 5654 1363 5685 ³⁸
1392 5651 1550 5708 Joan.
1578 5664 1663 5716 ιιι,
1698 5650 1783 5706 18.
1863 5653 1907 5685 ³⁷
1933 5654 2089 5710 Joan.
2122 5672 2171 5723 ν,
2195 5661 2287 5715 24.

2412 4705 2429 4736 ι
2454 4683 2629 4753 Ἀμὴν
2648 4682 2792 4751 λέγω
2815 4682 2899 4735 σοὶ
2920 4683 3181 4753 σήμερον*
3214 4703 3233 4735 ι
3274 4680 3396 4738 εῐτα
3426 4688 3507 4748 τὸ,
3544 4708 3563 4739 ι
3590 4691 3706 4757 μετ’
3740 4694 3883 4760 ἐμοῦ
3918 4697 4010 4767 ἔσῃ

2405 4778 2462 4829 ἐν
2488 4776 2566 4845 τῷ
2603 4776 2937 4846 ππραδείσῳ,
2981 4795 2997 4827 ι
3020 4775 3401 4847 ἐπιφέροντες.
3430 4779 3583 4844 Τινὲς
3612 4783 3670 4835 δὲ
3689 4787 3742 4837 οἱ
3770 4787 4009 4854 μάλιστα

2403 4871 2683 4941 ἐπιτυχεῖν
2709 4872 2985 4935 δόξαντες,
3023 4870 3196 4932 οὕτως
3231 4872 3559 4943 ἐξηγοῦνται
3584 4895 3597 4907 ·
3628 4878 3710 4931 τὰ
3738 4882 4012 4953 canna.

2407 4964 2547 5033 μένα
2576 4966 2707 5033 ἡμῖν
2743 4963 2922 5032 ἀγαθὰ
2978 4967 3081 5018 οὐκ
3128 4968 3207 5030 είς
3253 4969 3349 5020 τὸν
3373 4970 3708 5040 παράδεισον
3756 4975 4008 5051 διαγωγή

2402 5057 2551 5108 ἐστιν
2582 5056 2611 5126 ἢ
2650 5056 2911 5119 ἐπάνοδος
2939 5058 3074 5127 (il),
3105 5059 3221 5111 ἀλλ’
3248 5059 3547 5129 ήβασιλεία
3578 5066 3686 5116 τῶν
3714 5070 3973 5137 οὖρινὼν
3993 5090 4005 5103 ·

2400 5147 2565 5203 Ὅθεν
2587 5150 2683 5202 καὶ
2704 5153 3142 5219 προσευχομεϐα,
3182 5172 3200 5204 ι
3224 5154 3460 5210 Ἐλοέτω
3488 5161 3518 5225 ή
3546 5159 3804 5225 βασιλεία
3837 5183 3957 5227 σιν,
3984 5188 3999 5218 ο

2398 5241 2497 5310 οὐχ
2525 5242 2557 5310 ή
2581 5242 2675 5293 ἐπὶ
2706 5242 2799 5294 τοῦ
2829 5244 3160 5313 παραδείσου
3192 5247 3467 5319 διατριϐή.
3504 5252 3595 5321 Μή
3618 5257 3727 5324 γάρ
3758 5276 3853 5324 μοι
3878 5264 4001 5333 φαίη

2398 5350 2502 5399 τις,
2535 5335 2617 5386 ὅτι
2647 5336 2846 5387 ταυτὸν
2894 5339 3227 5406 παράδεισος
3296 5350 3390 5396 καὶ
3448 5347 3723 5415 βασιλεία.
3771 5354 3854 5405 Τα
3909 5358 4002 5424 μὲν

2397 5429 2507 5497 γὰρ
2537 5429 2717 5494 ἀγαθὰ
2775 5431 2873 5499 τῆς
2909 5431 3188 5500 βασιλείας
3252 5438 3380 5489 οὐτε
3426 5439 3519 5503 οῦς
3578 5443 3845 5513 ἡχουσεν,
3881 5448 3997 5501 οὒτε

2396 5522 2675 5592 ὀφθαλμὸς
2704 5520 2863 5591 εἶδεν,
2898 5526 3020 5579 οὔτε
3052 5529 3144 5581 ἐπὶ
3196 5532 3427 5601 καρδίαν
3462 5536 3761 5603 ἀνθρώπου
3786 5544 3953 5613 άνεϐή
3979 5554 3996 5574 ⁸

2370 5670 2413 5701 ³⁸
2447 5670 2641 5725 Matth.
2676 5686 2747 5733 vi,
2784 5669 2869 5723 ιο.
2951 5669 2995 5701 ³⁹
3031 5670 3047 5723 l
3078 5671 3205 5727 Cor.
3234 5690 3295 5743 ιι,
3330 5672 3384 5728 6.
3464 5676 3510 5708 ⁸⁸
3539 5677 3678 5733 Gen.
3717 5695 3781 5747 ιι,
3813 5680 3897 5738 l6.

1661 5793 1753 5853 Ex
1788 5791 2132 5857 collatione
2167 5794 2355 5856 codd.
2402 5795 2631 5855 Venet.
2667 5794 2725 5854 S.
2767 5794 2989 5857 Marci.

769 5928 881 6001 (11)
924 5927 1059 5986 Cod.
1089 5928 1176 5995 30,
1220 5924 1420 5989 εἴσοδός
1454 5925 1602 5978 ἐστιν
1633 5922 1664 5994 ἢ
1697 5920 1972 5986 ἐπάνοδος.
