4228 6428
278 377 300 438 1
312 374 417 437 109

274 579 445 648 μηδὲν
486 580 693 648 ἀγαθὸν
735 583 982 652 ἔχοντας,
1014 585 1150 641 ἀλλά
1184 588 1250 658 τῇ
1273 588 1518 649 ἀπιστία
1556 606 1874 661 συγκεκρα-

273 670 495 741 μένους.

236 817 243 823 _
348 787 366 818 ι
417 767 527 820 Kal
558 767 669 821 ίδοὺ
693 768 835 849 ἀνὴρ
859 768 1087 841 ὀνόματι
1130 773 1348 843 Ἰωσὴφ.
1376 774 1667 848 βουλευτὴς
1699 777 1876 849 ὑπάρ-

273 874 408 927 χων,
442 858 583 927 ἀνὴρ
618 848 823 927 ἀγαθὸξ
850 862 944 914 καὶ
974 862 1186 926 δίκαιος
1216 858 1411 934 (οὗτος
1442 868 1542 920 οὐκ
1567 863 1636 938 ἦν
1666 848 1873 936 συγκα-

272 948 657 1019 τατεθειμένος
686 957 755 1024 τῇ
807 953 969 1023 βουλῇ
1006 954 1102 1007 καὶ
1138 958 1205 1026 τῇ
1232 957 1427 1027 πράξει
1461 960 1644 1015 αὐτῶν
1669 963 1719 1029 ),
1765 961 1876 1014 ἀπὸ

285 1040 651 1109 Ἀριμαθαίας
688 1045 896 1108 πόλεως
930 1046 1041 1100 τῶν
1084 1047 1379 1114 Ἰουδαίων,
1415 1050 1473 1115 ὃς
1515 1053 1876 1123 προσεδέχετο

272 1132 371 1183 καὶ
391 1132 555 1197 αὐτὸς
571 1137 671 1205 τὴν
690 1136 970 1205 βασιλείαν
987 1139 1082 1193 τοῦ
1100 1141 1257 1195 Θεοῦ.
1278 1138 1446 1208 Οὗτος
1466 1145 1785 1215 προσελθὼν
1800 1146 1875 1216 τῷ

273 1222 517 1296 ttae-ap,
553 1228 798 1297 ᾐτήσατο
829 1230 891 1282 τὸ
922 1229 1087 1301 σῶμα
1116 1234 1211 1287 τοῦ
1252 1236 1453 1306 Ἰησοῦ,
1496 1236 1590 1289 καὶ
1623 1238 1875 1291 καθελὼν

275 1312 445 1379 αὐτὸ,
478 1316 785 1383 ἐνετύλιξεν
829 1320 966 1373 αὐτὸ
996 1322 1237 1389 σινδόνι,
1281 1326 1376 1378 καὶ
1420 1326 1619 1396 ἔθηκεν
1652 1328 1785 1381 αὐτὸ
1818 1330 1877 1381 ὲν

277 1405 535 1477 μνημείῳ
565 1407 834 1482 λαξευτῷ,
852 1405 914 1467 οὗ
938 1412 1038 1466 οὐκ
1070 1409 1137 1483 ῆν
1159 1416 1374 1471 οὐδέπω
1398 1420 1574 1483 οὐδεὶς
1594 1422 1871 1490 κείμενος.

273 1495 390 1550 Kal
419 1497 604 1568 ἡμέρα
626 1496 695 1570 ἦν
726 1503 1085 1575 Παρασκευὴ,
1114 1507 1209 1562 καὶ
1243 1509 1524 1565 Σάἦὸατον
1557 1514 1872 1583 ἐπέφωσκε.

274 1587 848 1663 Κατακολουθὴσασαι
891 1596 947 1649 δὲ
978 1601 1262 1667 γυναῖκες,
1309 1603 1514 1668 αἵτινες
1544 1602 1687 1676 ἦσαν
1723 1624 1876 1661 συνε-

274 1679 563 1751 ληλυθυῖαι
615 1688 766 1759 αὐτῷ
813 1693 879 1743 ὲκ
936 1692 1036 1762 τῆς
1088 1694 1409 1765 Γαλιλαίας,
1465 1700 1765 1754 ἐθεάσαντο
1814 1704 1877 1756 τὸ

278 1775 493 1864 μνῆμα,
544 1779 638 1832 καὶ
680 1780 757 1844 ὡς
805 1782 965 1853 ἐτέθη
1021 1785 1084 1839 τὸ
1128 1786 1292 1858 σῶμα
1328 1791 1520 1847 αὑτοῦ.
1574 1794 1877 1864 Ὑποστρέ-

274 1863 448 1959 ιέασαι
476 1868 532 1922 δὲ
562 1872 867 1941 ἡτοίμασαν
901 1876 1173 1948 ἀρώματα
1206 1881 1299 1935 καὶ
1334 1884 1504 1954 μύρα.
1538 1887 1651 1940 Kal
1683 1888 1745 1941 τὸ
1777 1889 1876 1959 μὲν

276 1956 559 2013 Σάδδατον
604 1964 900 2033 ’ἡσύχασαν
953 1971 1096 2025 κατὰ
1146 1972 1246 2043 τὴν
1287 1975 1547 2046 ἐντολήν.
1600 1995 1620 2029 ι
1675 1979 1737 2031 El
1778 1956 1880 2033 καὶ

278 2052 471 2143 πρώην
497 2058 879 2127 κρυπτόμενος
904 2056 972 2131 ῆν
1012 2064 1237 2134 Ἰωσὴφ,
1266 2067 1383 2120 ἀλλ’
1406 2064 1500 2121 οὖν
1528 2069 1623 2123 νῦν
1647 2074 1881 2143 πρᾶγμα

274 2141 597 2207 ἀξιέπαινον
653 2154 827 2219 ποιεῖ,
879 2156 1055 2209 καίτοι
1106 2156 1405 2231 βουλευτὴς
1459 2141 1731 2235 ὑπάρχων
1784 2141 1880 2219 καὶ

274 2236 555 2305 πλούσιος,
593 2243 690 2297 καὶ
729 2245 905 2318 τολμᾷ
935 2248 1170 2319 ζητῆσαι
1216 2254 1379 2323 σῶμα
1427 2255 1755 2327 ἀνθρώπου,
1803 2261 1879 2325 ὡς

273 2329 550 2401 ἁντάρτου
590 2336 683 2388 καὶ
715 2340 1045 2394 στασιαστοῦ
1090 2346 1526 2415 σταυρωθέντος,
1558 2351 1655 2404 καὶ
1684 2352 1879 2407 οὐδένα

274 2421 520 2478 κίνδυνον
557 2428 940 2498 ὑπελογίσατό.
980 2436 1174 2490 Καίτοι
1202 2438 1375 2495 δειλὸν
1403 2445 1429 2495 ὀ
1463 2443 1716 2512 πλοῦτος,
1743 2447 1880 2501 ἀλλά

274 2515 377 2611 καὶ
418 2520 684 2585 αἰτεῖται,
718 2525 1099 2611 καὶᾼέντίμως
1134 2528 1354 2597 θάπτει,
1390 2537 1487 2588 καὶ
1526 2539 1584 2590 ὲν
1623 2542 1879 2611 μνημείῳ

271 2606 551 2681 λαξευτῷ,
586 2613 716 2668 ἔνθα
747 2608 924 2683 οὐδεὶς
950 2620 1109 2687 ἄλλος
1138 2625 1450 2681 κατέκειτο·
1486 2630 1574 2683 ἶνα
1712 2606 1880 2688 ὲὶπωζ

276 2717 364 2754 σιν
392 2704 439 2757 oi
474 2711 836 2778 συκοφάνται,
888 2715 970 2768 ὅτι
1012 2716 1205 2787 ἕτερον
1253 2720 1413 2791 σῶμα
1442 2723 1666 2796 ἀνέστη.
1714 2730 1781 2782 At
1822 2729 1880 2783 δὲ

274 2798 563 2863 γυναῖκες,
597 2804 646 2854 εὶ
680 2803 774 2856 καὶ
812 2806 995 2859 πίστιν
1025 2804 1173 2879 εἶχον
1209 2812 1345 2882 προς
1376 2814 1469 2868 τὸν
1498 2816 1725 2887 Κύριον,
1762 2820 1880 2874 ἀλλ’

275 2889 376 2959 οὐχ
430 2892 549 2946 οἵαν
589 2895 731 2959 ἔδει,
784 2900 901 2953 ἀλλ’
940 2903 1144 2974 ἀσθενῆ
1186 2907 1282 2959 καὶ
1337 2911 1564 2980 μικράν.
1632 2912 1715 2975 Ὠς
1774 2917 1880 2987 γὰρ

274 2981 434 3050 ψιλὸν
479 2985 771 3059 ἄνθρωπον
812 2996 1167 3068 νομίζουσαι,
1205 3002 1353 3076 μύρα
1385 3022 1442 3057 τε
1488 3006 1581 3059 καὶ
1610 2981 1881 3078 ἀρώματα

274 3079 650 3150 ἑτοιμάζουσι,
688 3088 830 3143 κατά
864 3091 926 3143 τὸ
950 3096 1238 3165 κρατῆσαν
1270 3098 1394 3162 ἔθος
1415 3100 1567 3168 παρὰ
1601 3101 1881 3166 Ἰουδαίοις

923 384 1370 446 ΕΝΑΒΒΑΤΙΟ
1408 386 1488 446 ιΝ
1527 387 1776 448 EVANG
1792 389 1877 448 EI.

1981 389 2037 447 Μ
2070 390 2309 452 LUCJS.
2336 417 2405 427 -
2441 393 2602 451 CAP.
2649 393 2860 454 XXIV.

272 486 492 547 δέξατο·
525 488 819 553 κάκείνους
853 491 1057 558 ἔδειξεν
1096 492 1427 563 ἀγνώμονας
1450 497 1519 549 τὰ
1544 496 1743 563 πάντα,
1780 498 1874 550 καὶ
1905 503 1951 558 Α

3455 380 3609 462 illo

1982 541 2106 582 esse
2142 541 2241 595 per
2269 528 2477 592 omnia,
2512 537 2566 582 et
2598 529 2731 583 nihil
2777 529 2905 584 boui
2942 530 3170 595 habere,
3205 530 3300 586 sed
3335 530 3595 588 incredu-

1984 620 2139 675 litate
2173 621 2529 676 fermentatus
2559 632 2613 676 et
2644 622 2910 692 perditos.

2054 804 2222 859 Vens.
2255 805 2449 862 50-56.
2485 823 2504 857 ι
2546 806 2614 861 Et
2641 822 2793 873 ecce,
2832 808 2915 861 vir
2948 809 3169 862 nomine
3187 806 3598 878 Joseph,decu-

1983 898 2100 963 rio,
2134 898 2225 968 qui
2262 909 2382 954 erat
2416 900 2499 954 vir
2529 900 2707 956 bonus
2738 916 2805 956 ac
2847 902 3049 972 justus,
3098 899 3192 960 lie
3218 918 3324 957 uon
3358 919 3594 958 consen-

1982 1000 2131 1044 serat
2172 991 2403 1046 consilio
2432 1006 2497 1046 ac
2524 990 2669 1046 facto
2708 1008 2925 1056 eorum,
2975 995 3246 1048 oriundus
3279 996 3347 1048 ab
3378 996 3597 1048 Arima-

1985 1083 2123 1137 tlnea
2158 1084 2381 1138 civitate
2402 1084 2739 1152 Iudaeorum,
2775 1088 2864 1155 qui
2896 1089 3259 1156 exspectabat
3291 1098 3344 1142 et
3375 1091 3489 1159 ipse
3510 1105 3597 1144 rc-

1981 1192 2147 1243 guum
2198 1176 2315 1230 Dei.
2362 1176 2460 1232 llic
2500 1180 2733 1234 accessit
2782 1181 2850 1234 ad
2892 1180 3163 1245 Pilatum,
3208 1194 3261 1236 et
3299 1185 3595 1253 postulavit

1982 1281 2184 1334 corpus
2242 1266 2393 1335 Jesu,
2423 1281 2477 1323 et
2509 1270 2821 1338 depositum
2856 1271 3086 1325 involvit
3122 1273 3375 1336 sindone,
3414 1283 3467 1326 et
3501 1292 3595 1343 po-

1982 1360 2093 1413 suit
2126 1358 2256 1415 illud
2290 1360 2343 1414 in
2380 1371 2762 1429 monumento,
2797 1365 2943 1432 quod
2974 1375 3090 1419 erat
3129 1365 3181 1418 itt
3235 1366 3411 1433 lapide
3446 1367 3596 1420 exci-

1982 1466 2103 1505 smn
2152 1451 2353 1520 inquo
2401 1454 2641 1507 nondum
2676 1454 2969 1523 quisquam
3019 1456 3230 1524 positus
3275 1455 3477 1511 fuerat.
3533 1457 3597 1510 Et

1981 1544 2098 1599 dies
2127 1554 2243 1600 erat
2275 1545 2597 1612 Parasecve,
2633 1557 2683 1601 et
2707 1547 3007 1603 Sabbatum
3040 1549 3419 1604 illucescehat.
3450 1550 3595 1605 Sull-

1981 1651 2185 1693 secmzn
2218 1649 2399 1694 autem
2450 1639 2744 1705 mulieres,
2778 1656 2897 1708 qua:
2946 1658 3068 1696 cum
3118 1659 3185 1696 eo
3230 1653 3495 1697 venerant
3530 1643 3598 1695 de

1980 1731 2227 1805 Galilaea,
2262 1734 2523 1789 viderunt
2557 1747 3003 1799 monumentum,
3041 1746 3095 1791 et
3128 1736 3595 1805 quemadmodum

1912 1852 1954 1907 Β
1984 1822 2219 1890 positum
2246 1830 2369 1877 erat
2398 1838 2597 1893 corpus
2630 1822 2770 1892 ejus.
2808 1823 3066 1879 Reversus
3098 1839 3231 1878 vero
3263 1833 3599 1893 paraverunt

1982 1924 2229 1969 aromata
2265 1926 2319 1971 et
2365 1928 2676 1986 unguenta,
2715 1934 2779 1972 ac
2814 1918 3045 1973 sabbato
3094 1920 3316 1988 quidem
3367 1917 3597 1989 quieve-

1983 2006 2109 2061 runt
2144 2008 2442 2061 secundum
2477 2017 2832 2079 praeceptum.
2872 2030 2890 2061 ι
2927 2006 3126 2077 Joscph
3165 2010 3381 2062 lametsi
3418 2006 3596 2076 pt-imo

1981 2098 2243 2165 latuerit,
2298 2115 2412 2154 rem
2477 2110 2662 2155 tamen
2737 2102 2898 2156 laude
2950 2103 3169 2171 dignam
3227 2115 3375 2155 nunc
3429 2100 3595 2158 facit.

1982 2192 2235 2259 quamvis
2262 2192 2618 2247 consiliarius
2646 2202 2792 2248 esset
2826 2209 2889 2248 ac
2921 2193 3097 2259 dives,
3132 2202 3187 2248 et
3215 2192 3377 2246 audet
3410 2200 3599 2261 petere.

1969 2298 2186 2354 “corpus
2224 2284 2469 2339 hominis
2507 2286 2760 2340 cruciﬁxi
2803 2286 2961 2355 quasi
3013 2283 3313 2354 perduellis
3354 2292 3409 2339 et
3447 2284 3597 2340 sedi-

1982 2376 2128 2440 tiosi,
2173 2375 2342 2449 59o
2389 2376 2710 2443 nullumque
2754 2377 3058 2445 perieulqu
3090 2378 3429 2447 suspicatur,
3470 2376 3601 2431 licet

1981 2468 2284 2537 periculum
2305 2478 2456 2524 esset
2478 2469 2794 2524 divitiarum
2820 2489 2831 2523 :
2854 2470 2949 2525 sed
2972 2478 3024 2523 et
3044 2469 3199 2536 pt-tit,
3221 2479 3276 2524 et
3296 2470 3601 2524 honoriﬁce

1981 2562 2213 2631 sepelit,
2263 2571 2318 2616 et
2371 2563 2423 2617 in
2464 2573 2825 2618 monumento
2874 2564 3063 2618 exciso
3104 2563 3193 2618 ubi
3238 2563 3422 2618 nullus
3457 2564 3600 2617 alius

1978 2655 2251 2726 jacuerat,
2280 2666 2338 2709 ut
2361 2672 2427 2710 ne
2457 2655 2648 2711 dicant
2673 2658 3029 2729 sycophanta:
3051 2656 3196 2727 quod
3220 2656 3367 2711 aliud
3398 2672 3599 2727 corpus.

1983 2752 2315 2805 surrexerit.
2342 2748 2598 2805 Mulieres
2627 2759 2811 2804 autem
2838 2750 2942 2805 etsi
2968 2750 3131 2805 ﬁdem
3165 2750 3445 2805 habebant
3467 2763 3596 2819 erga

1985 2844 2312 2909 Dominum,
2345 2860 2454 2898 non
2524 2851 2710 2899 tamen
2761 2844 2978 2914 qualem
3017 2843 3343 2915 oportebat,
3383 2844 3479 2899 sed
3511 2844 3599 2897 iu~

1992 2937 2205 2990 ﬁrmant
2244 2952 2308 2991 ac
2356 2952 2611 3007 parvam.
2655 2935 2942 2992 Habebunt
2977 2937 3122 2992 enim
3156 2951 3285 2991 eum
3317 2952 3430 3007 pro
3464 2951 3601 3005 ptll‘n

1986 3027 2230 3087 homine.
2268 3030 2412 3083 unde
2446 3039 2500 3083 et
2547 3036 2795 3083 aromata
2827 3038 2881 3082 et
2918 3038 3196 3101 unguenta
3230 3040 3599 3099 paraverant,

1980 3121 2134 3191 juxta
2195 3133 2434 3176 veterem
2500 3119 2815 3176 Iudaeorum
2865 3122 3325 3176 consuetudinrm
3378 3136 3600 3192 semper

277 3173 501 3236 παντως
531 3177 625 3229 ἐπὶ
657 3182 768 3243 τοῖς
801 3189 1036 3254 νεκροῖς.
1072 3188 1181 3241 Καὶ
1210 3188 1269 3242 τὸ
1300 3190 1403 3258 μὲν
1440 3192 1719 3246 Σαϐϐαῖον
1749 3197 1877 3266 ἡσυ-

1980 3173 2334 3269 observatam
2359 3216 2425 3268 de
2451 3213 2678 3267 mortuis
2708 3214 2997 3284 ungendis.
3028 3215 3093 3268 Et
3120 3213 3350 3268 sabbato
3376 3214 3596 3284 quidem

277 3265 530 3333 χάζουσι,
564 3272 707 3325 κατά
738 3272 837 3345 τὴν
864 3277 959 3329 τοῦ
992 3279 1161 3351 νόμου
1196 3283 1441 3354 ἐντολήν.

850 3391 1107 3447 ΚΕΦΑΛ.
1174 3394 1301 3451 KA'.

278 3495 425 3587 Hegi
474 3499 1092 3587 FéV~OZQJZOUﬂéTQJV
1136 3513 1246 3567 τὸν
1302 3515 1497 3585 τάφον
1551 3519 1877 3587 γυναικῶν.

525 3573 633 3661 τοῦ
658 3571 903 3661 ’Πέτρεύ
937 3571 1608 3661 ’τρέχονῇτος-πρῦςᾲτὸπ

348 3639 952 3731 ρξρὶλιςλεόμταξηερὶ
972 3639 1089 3731 eo?)
1134 3639 1437 3731 ὄρθ’ἐνξοξ
1464 3639 1878 3731 ’ίήάοῡζἯὲῥὶ

347 3712 456 3779 τῆς
487 3712 845 3784 ἀναϐάσεως
865 3712 952 3788 εἷς
982 3722 1094 3779 τὸν
1123 3712 1408 3795 οὖρανόνξ

352 3838 373 3917 t
523 3822 582 3878 δὲ
616 3829 717 3898 μιᾷ
752 3830 862 3883 τῶν
899 3832 1200 3890 Σαόὄάτων
1238 3839 1439 3909 ὄρθρου
1483 3841 1676 3913 βαθέος
1713 3840 1879 3917 ἦλθον

275 3914 374 3968 ἐπὶ
395 3916 456 3970 τὸ
486 3920 700 3990 μνῆμα,
732 3925 1002 3995 φέρουσαι
1032 3928 1068 3983 ἃ
1105 3932 1418 4001 ἡτοίμασαν
1451 3914 1748 4008 ἀρώματα,
1783 3942 1878 3995 καί

272 4023 423 4072 τινες
445 4012 544 4066 σὺν
564 4012 778 4079 αὑταῖς,
807 4013 981 4089 Εὗρον
1002 4020 1059 4074 δὲ
1081 4023 1173 4074 τὸν
1196 4023 1344 4078 λίθον
1368 4028 1879 4102 ἀποκεκυλισμένον

274 4100 388 4194 ἀπὸ
432 4103 550 4194 τοῦ-
580 4107 874 4176 μνημείου⁹
920 4112 1017 4193 καὶ
1065 4115 1440 4186 είσελθοῦσαι,
1488 4120 1588 4192 οὐχ
1623 4100 1783 4194 εὗρον
1818 4127 1880 4179 τὸ

275 4190 442 4261 σῶμα
466 4192 562 4248 τοῦ
594 4196 802 4267 Κυρίου
841 4190 1041 4273 Ἰησοῦ.
1081 4205 1193 4258 Kal
1227 4208 1456 4276 ἐγένετο
1484 4190 1650 4283 ὲντῷ
1680 4190 1875 4271 διαπο-

278 4285 495 4356 ρεῖσθαι
526 4288 701 4353 αὐτας
728 4294 859 4366 περὶ
894 4294 1108 4362 τούτου,
1145 4302 1240 4353 καὶ
1266 4302 1376 4356 ίδοὺ
1401 4304 1599 4376 ἄνδρες
1627 4304 1721 4360 δύο
1746 4311 1879 4363 ἐπέ-

272 4392 483 4472 στησαν
499 4381 719 4449 αὐταῖς,
742 4387 801 4439 ὲν
828 4387 1055 4459 ἐσθῆσιν
1077 4393 1547 4463 ἀστραπτούσαις.
1584 4401 1879 4472 Ἐμφόὸων

268 4469 329 4525 δι
354 4475 666 4545 γενομένων
697 4480 898 4546 αὐτῶν,
929 4484 1025 4536 καὶ
1057 4485 1358 4541 κλινουσῶν
1381 4491 1441 4543 τὸ
1472 4469 1767 4562 πρόσωπον
1798 4502 1878 4563 είς

1985 3308 2316 3379 quieverunt
2338 3306 2491 3378 juxta
2522 3307 2843 3359 mandatum
2874 3305 3028 3374 legis.

2543 3417 2777 3474 CAPUT
2836 3416 3033 3473 XXIV.

1989 3536 2063 3590 De
2096 3534 2439 3589 invisentibus
2472 3535 2776 3601 sepulcrum
2837 3534 3174 3590 mulieribus.
3231 3534 3306 3589 De
3335 3533 3495 3589 Petro
3527 3538 3597 3590 atl

2055 3615 2456 3659 monumentum
2492 3615 2759 3658 currente.
2795 3604 2869 3676 De
2898 3604 3119 3674 Cleopa.
3154 3604 3232 3661 De
3257 3609 3598 3676 apparitione

2055 3678 2203 3732 Jesu.
2235 3676 2309 3731 De
2345 3676 2650 3731 ascensione
2682 3676 2737 3729 in
2767 3675 2984 3730 caelum.

2053 3854 2221 3911 Vens.
2253 3853 2407 3909 1-12.
2453 3872 2472 3904 ι
2518 3852 2637 3910 Una
2686 3863 2866 3909 autem
2902 3852 3292 3922 Sabbatorum,
3330 3855 3601 3926 profundo

1984 3948 2367 4019 crespusculo,
2418 3955 2690 4001 venerunt
2719 3946 2784 3999 ad
2822 3958 3263 4015 monumentum,
3310 3958 3597 4018 portantes

1983 4056 2104 4111 qua:
2138 4046 2468 4109 paraverant
2517 4048 2797 4102 aromata,
2850 4046 2905 4092 ct
2953 4038 3227 4095 nonnulla:
3292 4055 3415 4095 cum
3465 4041 3594 4097 illis.

1984 4130 2332 4200 Repererunt
2355 4138 2537 4184 autem
2560 4128 2794 4197 lapidem
2817 4129 3125 4184 revolutum
3145 4149 3171 4184 ιι
3198 4144 3595 4191 monumento:

1981 4232 2037 4277 et
2071 4222 2356 4289 ingressae,
2406 4236 2514 4274 non
2554 4222 2889 4276 invenerunt
2937 4237 3139 4290 corpus
3184 4222 3400 4279 Domini
3434 4222 3593 4280 Jesu.

1982 4315 2048 4368 Et
2084 4314 2289 4369 factum
2331 4324 2437 4379 est,
2487 4311 2618 4367 dum
2663 4323 2844 4368 mente
2881 4325 3252 4371 consternata:
3302 4330 3486 4373 essent
3529 4319 3597 4375 de

1983 4407 2109 4470 hoc,
2155 4422 2286 4462 ecce
2313 4408 2420 4461 duo
2452 4407 2553 4460 viri
2585 4413 2857 4461 steterunt
2901 4405 3063 4475 juxta
3110 4406 3231 4464 illas
3260 4408 3313 4462 itt
3349 4411 3597 4466 VCSlibUS

1984 4498 2413 4569 fttlgurantlbus.
2447 4497 2588 4554 Cum
2621 4498 2978 4568 expavissent
3013 4507 3222 4567 autem,
3254 4511 3309 4556 et
3351 4502 3597 4557 declina-

269 4566 372 4638 τὴν
401 4569 535 4667 γῆν1
574 4568 732 4625 εἷπον
771 4573 909 4645 πρὸς
940 4577 1146 4640 αὑτάς·
1187 4580 1254 4633 Τί
1302 4583 1517 4653 ζητεῖτε
1556 4587 1650 4641 τὸν
1694 4588 1875 4655 οῶντα

1981 4566 2100 4649 ι·ουῖ
2129 4592 2333 4645 vultum
2365 4593 2417 4645 in
2452 4566 2971 4658 terramgdixerunt
2993 4593 3061 4647 ad
3094 4593 3253 4650 illas:
3278 4591 3419 4661 Quid
3445 4611 3594 4667 quaa-

273 4661 417 4754 μετὰ
466 4660 576 4715 τῶν
625 4666 868 4733 νεκρῶν;
926 4670 1043 4724 Οὐκ
1075 4671 1225 4727 ἐστιν
1274 4667 1416 4741 ὧδε,
1473 4677 1592 4733 ἀλλ’
1634 4682 1872 4754 ἠγέρθη.

266 4749 589 4846 μνήσθητε,
612 4755 688 4820 ὼς
719 4757 983 4831 ἐλάλησεν
1008 4762 1142 4833 ὑμῖν
1169 4765 1253 4819 ῑτι
1282 4766 1362 4822 ὢν
1399 4770 1456 4822 ὲν
1486 4773 1553 4842 τῇ
1588 4749 1872 4846 Γαλιλαία,

266 4841 465 4912 λέγων,
493 4847 581 4901 ὅτι
622 4850 713 4902 Δεῖ
743 4850 839 4905 τὸν
870 4853 998 4907 Υίὸν
1027 4856 1125 4910 τοῦ
1159 4858 1453 4929 ἀνθρώπου
1490 4841 1872 4937 παραδοθῆναι

266 4937 351 5031 είς
376 4940 569 5009 χεῖρας
595 4942 906 5013 ἀνθρώπων
928 4948 1296 5020 ἁμαρτωλῶν,
1332 4956 1427 5007 καὶ
1455 4959 1869 5031 σταυρωθῆναι,

266 5029 365 5123 καὶ
411 5033 477 5103 τῇ
518 5035 679 5108 τρίτῃ
720 5036 913 5111 ἡμέρᾳ
960 5041 1289 5114 ἀναστῆναι.
1347 5048 1459 5101 Kal
1512 5029 1873 5123 ἐμνήσθησαν

262 5121 377 5178 τῶν
425 5126 692 5197 ῥημάτων
745 5132 951 5187 αὐτοῦ·
1004 5136 1102 5191 καὶ
1151 5138 1573 5214 ὑποστρέψασαι
1625 5121 1871 5202 ἀπὸγτοῦ

269 5215 566 5287 μνημείου,
598 5221 950 5303 ἀπήγγειλαν
978 5228 1155 5284 ταῦτα
1183 5231 1363 5288 πάντα
1389 5236 1505 5299 τοῖς
1531 5236 1749 5304 ἕνδεκα,
1776 5243 1873 5295 καὶ

267 5310 408 5404 πᾶσι
432 5314 547 5379 τοῖς
577 5315 808 5382 λοιποῖς
835 5315 979 5392 ἦσαν
1007 5323 1063 5379 δὲ
1090 5326 1122 5395 ἡ
1152 5326 1497 5403 Μαγδαληνὴ
1525 5331 1740 5404 Μαρία,
1775 5335 1873 5389 καὶ

292 5400 526 5468 Ῑωάννα,
570 5406 666 5461 καὶ
707 5409 899 5482 Μαρία
951 5412 1237 5481 Ἰακώϐου,
1288 5418 1385 5472 καὶ
1415 5400 1495 5474 γαί
1543 5400 1729 5477 λοιπαὶ
1770 5425 1870 5478 σὺν

257 5493 482 5561 αὐταῖς,
512 5498 570 5554 αἱ
604 5500 795 5571 ελεγον
824 5506 963 5576 πρὸς
996 5508 1123 5573 τοὺς
1155 5511 1493 5577 ἀποστόλους
1519 5514 1718 5570 ταῦτα.
1757 5518 1871 5572 Kal

262 5586 547 5660 ἐφάνησαν
596 5592 832 5650 ἐνώπιον
874 5598 1059 5653 αὐτῶν
1111 5601 1246 5657 ὡσεὶ
1298 5604 1467 5675 λῆρος
1525 5606 1596 5661 τὰ
1646 5610 1871 5680 ῥήματα

262 5682 470 5771 ἀυτῶν,
501 5685 598 5739 καὶ
629 5687 899 5757 ἠπίστουν
924 5693 1140 5758 αὐταῖς.
1189 5695 1250 5751 '0
1276 5697 1336 5752 δὲ
1365 5699 1576 5771 Πέτρος
1601 5702 1862 5768 ἀναστὰς,

263 5770 505 5865 ἔδραμεν
544 5776 638 5833 hri
671 5781 735 5834 τὸ
790 5786 1085 5854 μνημεῖον,
1134 5788 1233 5842 καὶ
1277 5770 1621 5862 παρακύψας
1672 5792 1867 5865 βλέπει

264 5862 498 5939 κείμενα
532 5868 604 5927 τὰ
648 5870 835 5929 ὀθόνια
885 5877 1047 5948 μόνα,
1090 5881 1183 5936 καὶ
1218 5882 1461 5955 ἀπῆλθτ*
1478 5886 1618 5960 πρὸς
1670 5862 1866 5942 ἑαυτὸν

1979 4686 2100 4741 ritis
2129 4687 2399 4739 viventem
2432 4700 2556 4739 cum
2590 4686 2823 4741 mortuis
2850 4686 2873 4740 ?
2899 4684 3027 4741 Non
3059 4697 3145 4742 est
3184 4688 3305 4755 hic,
3340 4692 3432 4745 sed
3470 4707 3593 4745 sur-

1981 4776 2145 4830 rexit.
2198 4771 2582 4829 Reeordamiui
2614 4782 2690 4829 ut-
2715 4776 2921 4830 dixerit
2944 4776 3123 4843 vobis,
3168 4792 3293 4831 cum
3326 4777 3506 4836 adhuc
3539 4781 3594 4836 in

1977 4863 2203 4920 Galilzea
2227 4872 2397 4927 esset,
2424 4863 2615 4920 dicens
2637 4866 2780 4935 quod
2805 4867 3326 4937 oportueritFilium
3354 4871 3594 4927 hominis

1981 4956 2125 5011 tradi
2174 4956 2232 5012 in
2271 4970 2469 5011 manus
2500 4957 2785 5012 hominum
2825 4968 3200 5027 peccatorum,
3252 4972 3307 5015 et
3339 4965 3591 5035 cruciiigi

1978 5057 2035 5103 et
2062 5047 2153 5103 die
2180 5047 2343 5102 tertio
2377 5062 2689 5121 resurgere.
2713 5046 2781 5105 Et
2808 5051 3110 5106 recordata:
3135 5061 3265 5109 sunt
3295 5056 3590 5111 verborum

1976 5140 2119 5209 ejus,
2164 5148 2219 5194 et
2250 5153 2517 5211 regressa:
2559 5158 2588 5195 a
2632 5156 2990 5201 monumento
3036 5146 3428 5202 nuntiaverunt
3473 5150 3589 5207 haec.

1975 5236 2162 5288 omnia
2196 5234 2302 5289 illis
2334 5235 2613 5301 undecim,
2643 5246 2699 5291 et
2728 5239 2944 5294 cmteris
2972 5239 3251 5296 omnibus.
3289 5238 3461 5297 Erant
3493 5260 3589 5299 au-

1978 5334 2087 5382 tem
2121 5325 2291 5381 Maria
2320 5326 2667 5399 Magdalene,
2700 5339 2755 5385 et
2786 5329 3036 5399 Joanna,
3068 5345 3124 5389 et
3155 5334 3332 5388 Maria
3366 5332 3583 5399 Jacobi,

1974 5431 2031 5477 et
2077 5430 2287 5476 caetera
2338 5436 2459 5491 quae
2507 5438 2631 5478 cum
2688 5426 2769 5480 eis
2817 5435 2999 5492 erant,
3053 5442 3175 5498 qua:
3229 5429 3485 5485 dicebant
3520 5434 3586 5484 ad

1976 5515 2260 5585 apostolos
2314 5516 2450 5568 haec.
2485 5514 2552 5568 Et
2581 5518 2696 5570 visa
2741 5530 2870 5573 sunt
2911 5522 3053 5590 apud
3092 5522 3217 5579 illos
3250 5538 3353 5578 ceu
3382 5524 3587 5578 delira-

1976 5618 2221 5662 tnenttmt
2275 5609 2439 5664 verba
2499 5611 2757 5677 illarum,
2819 5629 2998 5683 neque
3048 5617 3406 5673 crediderunt
3454 5617 3582 5672 illis.

1972 5700 2168 5758 Petrus
2222 5713 2404 5757 autem
2452 5717 2684 5775 surgens
2730 5711 2977 5763 cucurrit
3022 5715 3090 5764 ad
3140 5709 3581 5776 monumentum;

1971 5804 2029 5850 et
2084 5794 2425 5866 prospiciens
2479 5796 2631 5852 videt
2693 5798 3015 5856 linteamina
3068 5803 3182 5858 sola
3250 5803 3461 5873 posita,
3532 5816 3586 5857 et

1971 5887 2109 5944 abiit
2143 5888 2285 5960 apud
2323 5890 2686 5960 semetipsum
2722 5893 3006 5952 admirans
3041 5896 3184 5967 quod
3216 5896 3515 5954 acciderat.
3560 5914 3577 5946 ι
