4228 6428
721 401 859 470 1115

1608 405 2200 468 THEOPHYLACTI
2242 407 2660 469 BULGARLE
2700 411 3056 472 ARCIIIEP.

3846 405 3996 467 1116

719 513 999 581 speculum
1034 512 1413 581 puriﬂeaveris
1462 512 1512 566 in
1555 514 1742 568 labore
1778 524 1832 568 et
1861 513 2084 577 sudore,
2129 515 2296 568 neuti-

2411 516 2629 569 καὶτὸν
2666 518 2822 585 λόγον
2865 516 3132 580 σπούδαζε
3177 517 3341 586 ἔχειν.
3411 513 3568 567 Οὕτω
3627 515 3720 564 καὶ
3793 517 3821 566 ο
3867 519 4013 570 Ηεὺ(

717 621 879 670 uitam
922 605 1259 670 concupitum
1318 604 1776 672 pulchritmlinem
1842 606 1894 659 in
1952 607 2174 674 speculo
2210 622 2301 660 su-

718 697 933 763 Spit-ies.
997 713 1014 744 ‹
1077 694 1219 748 Βυιηί
1257 697 1400 749 enim
1460 698 1658 750 mundo
1698 699 1862 752 corde
1902 695 1969 761 ⁸⁸,
2013 715 2032 747 ι
2065 695 2194 768 [hoc
2242 700 2305 751 tit

720 802 815 854 per
847 784 1032 856 Opera]
1100 804 1118 836 ι
1193 787 1319 855 quia
1397 787 1494 855 ipsi
1561 787 1726 841 Deum
1783 787 2084 842 videbunt:
2141 808 2160 842 ι
2217 790 2304 843 hic

718 879 1204 944 contemplationis
1266 889 1350 934 est
1399 881 1571 936 .linis.
1637 882 1863 948 Oportet
1929 893 2111 936 autem
2182 896 2305 937 esse

720 981 998 1039 potentem
1057 972 1110 1023 in
1180 987 1342 1039 opere
1393 983 1446 1024 et
1503 988 1756 1028 sermone
1815 990 1999 1029 coram
2053 975 2187 1037 Deo,
2251 983 2307 1027 et

719 1072 850 1114 tunc
910 1077 1092 1115 coram
1150 1065 1294 1114 omni
1361 1063 1578 1131 populo.
1646 1063 1804 1118 Prius
1874 1065 2016 1118 enim
2093 1064 2304 1133 placere

718 1150 882 1224 493
913 1152 1170 1206 debemus
1215 1155 1340 1215 Deo,
1380 1154 1568 1206 deinde
1605 1153 1776 1206 danda
1813 1169 1975 1222 opera
2029 1164 2086 1206 ut
2127 1154 2294 1207 etiam

719 1241 860 1292 inter
892 1255 990 1293 nos
1024 1242 1142 1293 sine
1192 1241 1401 1294 macula
1443 1243 1685 1295 vivamus
1735 1253 1994 1310 quantmn
2035 1241 2149 1296 ﬁeri
2207 1257 2301 1311 po-

720 1345 825 1389 test
858 1354 871 1390 :
901 1344 953 1390 ct
986 1353 1159 1405 neque
1194 1338 1246 1391 in
1283 1341 1471 1406 primis
1520 1342 1789 1406 quomodo
1825 1342 2136 1397 hominibus
2187 1343 2302 1410 pla-

716 1442 864 1492 ceas,
897 1428 990 1482 sed
1021 1432 1292 1496 quomodo
1323 1432 1526 1484 servias
1558 1434 1685 1495 Deo,
1723 1435 2044 1488 studendum
2081 1453 2093 1486 :
2129 1451 2304 1500 neque

718 1522 1001 1576 vivendum
1035 1533 1093 1576 ut
1127 1523 1309 1576 multis
1327 1525 1407 1579 sie
1446 1525 1734 1588 seandalo,
1787 1527 1879 1580 sed
1924 1538 1977 1580 et
2030 1528 2130 1580 hoc
2176 1539 2296 1595 post

717 1613 848 1667 illud
878 1613 1290 1681 providendum,
1313 1617 1453 1681 quod
1482 1627 1536 1668 et
1573 1614 1802 1686 Sapiens
1829 1618 1992 1672 dicit:
2024 1635 2042 1668 ι
2076 1617 2305 1671 Provide

720 1706 859 1759 bona
888 1723 1067 1761 coram
1096 1707 1225 1774 Deo,
1257 1708 1450 1763 deinde
1471 1722 1521 1762 et
1551 1725 1732 1764 coram
1763 1711 2070 1765 hominibus
2091 1712 2158 1764 ⁸⁸.
2194 1731 2212 1763 ›
2243 1711 2306 1764 Et

717 1795 919 1859 Paulus
954 1800 1096 1853 istuc
1125 1799 1295 1868 ipsum
1328 1801 1476 1854 dicit.
1517 1819 1532 1851 ι
1576 1801 1683 1856 Nos
1717 1813 1893 1855 autem
1928 1805 2300 1870 Sperabamus,

2412 613 2738 680 συνεργήσει
2799 627 2902 663 σοι.
2977 611 3250 681 Πρότερον
3328 608 3437 676 γὰρ
3499 609 3531 676 ἡ
3598 607 3820 674 πρᾶξις,
3881 605 4011 661 εἶτα

2411 699 2614 770 θεωρία
2676 703 2770 754 καὶ
2822 701 3109 770 ἓλλαμψις.
3175 700 3234 752 Ei
3285 699 3362 768 μὴ
3413 699 3475 750 τὸ
3534 697 3846 764 κάτοπτρον
3901 716 4010 751 κε-

2408 791 2654 862 θαρίσεις
2700 795 2757 844 ἐν
2790 793 2938 862 πόνῳ
2978 795 3072 846 καὶ
3123 793 3332 862 ἱδρῶτι,
3383 792 3483 844 οὐκ
3509 791 3575 844 ἂν
3617 790 3679 843 τὸ
3721 791 4010 861 ποθούμε-

2406 902 2497 937 νον
2551 885 2748 948 κάλλος
2804 887 3197 957 κατοπτρίσῃς.
3243 903 3258 936 ι
3311 884 3587 953 Μακάριοι
3636 885 3746 953 γὰρ
3791 885 3843 936 οἱ
3901 901 4008 936 κα-

2409 979 2571 1047 θαροὶ
2616 982 2682 1049 τῇ
2734 980 2953 1050 καρδίᾳ,
2995 999 3011 1030 ι
3070 979 3230 1031 τοῦτο
3276 978 3364 1030 διὰ
3419 977 3530 1028 τῶν
3573 977 3750 1048 ἔργων
3779 995 3792 1007 ·
3857 996 3874 1028 t
3921 979 4008 1030 δτι

2409 1072 2567 1124 αὐτοὶ
2596 1072 2687 1124 τὸν
2721 1071 2855 1124 Θεὸν
2887 1071 3133 1140 ὄψονται,
3165 1090 3182 1120 ι
3226 1069 3386 1121 τοῦτο
3416 1069 3516 1136 τῆς
3546 1068 3783 1138 θεωρίας
3814 1069 3873 1120 τὸ
3911 1070 4007 1121 τέ-

2406 1162 2516 1225 λος.
2544 1163 2715 1215 Δεῖδέ
2747 1159 2886 1215 εἶναι
2920 1163 3145 1215 δυνατὸν
3180 1162 3237 1212 ἐν
3266 1160 3412 1230 ἔργῳ
3448 1162 3538 1212 καὶ
3573 1161 3718 1229 λόγῳ
3748 1164 4006 1215 ἐναντίον

2405 1256 2500 1308 τοῦ
2537 1256 2695 1320 Θεοῦ,
2729 1257 2822 1308 καὶ
2852 1255 2974 1308 τότε
3009 1257 3253 1308 ἐναντίον
3284 1255 3486 1317 παντὸς
3517 1254 3613 1306 τοῦ
3644 1254 3802 1307 λαοῦ.
3841 1256 4005 1324 Πρῶ-

2406 1365 2496 1401 τον
2528 1348 2636 1417 γὰρ
2671 1347 2929 1417 ἀρεστέον
2960 1347 3100 1418 Θεῷ,
3129 1342 3244 1400 εἶτα
3273 1349 3367 1400 καὶ
3394 1346 3454 1398 τὸ
3485 1346 3792 1414 ἀμώμητον
3826 1363 4002 1398 σπου-

2405 1439 2631 1492 δαστέον
2663 1440 2796 1508 πρὸς
2831 1439 3173 1508 ἀνθρώπους,
3209 1440 3284 1502 ὡς
3317 1439 3382 1492 ἂν
3422 1440 3679 1508 ἐγχωρῇ·
3720 1439 3820 1496 καὶ
3862 1439 4005 1505 μήτε

2406 1537 2504 1596 τὴν
2537 1531 3063 1600 ἁ·,οριι›πσρὲσκειαν
3105 1531 3496 1601 προτιμητέον,
3535 1529 3674 1583 ἀλλὰ
3727 1529 3832 1598 τὴν
3881 1528 4004 1580 Θεο-

2409 1625 2660 1699 σέϐειανξ
2701 1626 2837 1694 μήτε
2872 1627 3009 1694 πρὸς
3039 1627 3098 1678 τὸ
3127 1626 3423 1678 σκάνδαλον
3453 1625 3564 1677 τῶν
3617 1624 3835 1677 πολλῶν
3869 1623 4005 1692 βιω-

2405 1719 2549 1777 τέον,
2587 1718 2724 1770 ἀλλὰ
2777 1720 2869 1771 καὶ
2915 1719 3108 1770 τούτου
3162 1717 3280 1787 μετ’
3329 1718 3574 1777 ἐκείνους
3627 1715 4004 1785 προνοητέον

2406 1809 2433 1860 ὃ
2470 1811 2559 1861 καὶ
2592 1811 2759 1875 Σοψὸς
2794 1826 2947 1877 φησι·
3000 1830 3015 1861 ι
3059 1811 3295 1878 Προνοοῦ
3348 1809 3488 1862 καλὰ
3539 1807 3776 1860 ἐνώπιον
3827 1804 4005 1866 Θεοῦ,

719 1889 929 1957 inquit,
965 1892 1109 1960 quod
1157 1891 1270 1961 ipse
1303 1901 1446 1947 esset
1494 1895 1870 1964 redempturus
1902 1894 2090 1950 Israel.
2134 1898 2296 1962 Quasi

2407 1900 2525 1954 εἶτα
2576 1903 2668 1955 καὶ
2723 1902 3060 1971 ὰνΟρώπωνο
3124 1921 3141 1954 ι
3199 1903 3296 1953 καὶ
3352 1903 3563 1964 Παῦλος
3632 1899 3793 1952 τοῦτο
3847 1899 4006 1951 αὑτό.

713 1978 959 2034 frustrati
996 1996 1090 2048 spe
1118 1981 1302 2036 dicunt
1333 1999 1347 2035 :
1401 1982 1508 2038 Nos
1542 1985 1895 2053 sperabamus
1924 1989 2065 2054 quod
2105 1991 2218 2056 ipse
2245 1997 2302 2044 et

717 2070 854 2126 alios
890 2072 1194 2129 salvaturus
1223 2087 1368 2130 esset
1401 2093 1415 2129 :
1461 2092 1585 2130 ecce
1623 2094 1800 2148 neque
1843 2083 2080 2150 seipsum
2117 2097 2301 2135 scrva-

719 2166 818 2218 vit.
871 2165 1022 2220 Adeo
1054 2167 1198 2220 molli
1233 2179 1388 2222 erant
1439 2171 1617 2222 animo
1651 2181 1703 2224 et
1742 2188 1927 2241 parum
1974 2173 2183 2228 ﬁdenti.
2233 2175 2301 2229 Et

712 2271 883 2326 prope
925 2260 1111 2313 eadem
1142 2260 1394 2316 dicebant
1429 2279 1547 2332 quae
1600 2265 1671 2317 illi
1730 2267 1780 2318 in
1831 2282 1991 2322 cruce
2051 2286 2064 2322 :
2143 2270 2289 2324 Alios

717 2350 975 2413 servavit,
1009 2352 1248 2420 seipsutn
1287 2370 1390 2408 non
1431 2367 1604 2423 potest
1635 2366 1875 2412 Servare.
1914 2358 2038 2414 Ideo
2077 2371 2130 2415 et
2165 2363 2298 2417 insi-

716 2440 927 2507 pientes
963 2456 1054 2495 eos
1089 2453 1276 2506 vocat,
1311 2454 1363 2498 et
1401 2447 1586 2498 tardos
1646 2448 1710 2500 ad
1752 2449 2104 2504 credendum.
2159 2451 2299 2518 Quid

713 2542 891 2587 autem
930 2543 1009 2587 est
1058 2535 1248 2588 redimi
1290 2534 1496 2591 Israel?
1529 2537 1780 2594 Diximus
1821 2545 1962 2609 quod
2013 2541 2295 2598 Christum

713 2626 1101 2694 exspectabant
1119 2627 1366 2697 vulgares
1385 2641 1437 2683 ct
1466 2631 1642 2686 minus
1666 2635 1947 2687 exercitati
1974 2635 2296 2692 saltmtorem

710 2724 766 2770 et
804 2718 1199 2787 redemptorem
1238 2737 1264 2772 a
1300 2723 1455 2776 malis
1487 2738 1608 2791 quze
1647 2725 1727 2778 eis
1768 2725 2145 2790 imminebant,
2177 2738 2230 2782 et
2269 2747 2295 2782 ιι

709 2806 836 2877 iugo
849 2809 1121 2862 servitutis
1143 2811 1528 2875 Romanorum,
1550 2815 1944 2883 sperabantque
1966 2831 2087 2870 eum
2111 2835 2301 2887 regna-

719 2913 898 2957 turum
951 2915 1006 2958 ut
1043 2921 1219 2974 regem
1251 2914 1525 2961 terrenum
1567 2925 1580 2962 :
1622 2909 1742 2963 ideo
1774 2919 1826 2964 et
1880 2910 2097 2973 dicunt,
2136 2929 2154 2962 ι
2194 2912 2300 2967 Nos

710 2997 1065 3064 sperabamus
1104 2997 1243 3064 quod
1283 2998 1399 3069 ipse
1443 3001 1818 3069 redempturus
1853 3013 1997 3056 esset
2034 3002 2237 3066 Israel,
2274 3025 2290 3056 ι

711 3085 960 3141 νίιίε1;ρει
989 3102 1016 3139 a
1052 3088 1342 3157 gentilibus
1375 3089 1655 3152 Romanis,
1685 3095 1751 3157 fet
1788 3094 1900 3161 ipse
1951 3108 2124 3161 neque
2155 3095 2299 3165 inju-

711 3187 850 3233 stam
887 3180 1214 3234 sententiam
1255 3191 1442 3236 contra
1470 3198 1526 3236 se
1565 3183 1723 3238 latam
1753 3183 1960 3254 elIugit.
2000 3206 2019 3239 ι
2049 3187 2113 3241 Ει
2141 3189 2299 3242 hodie

714 3272 909 3327 tertius
938 3273 1053 3327 dies
1083 3283 1197 3338 est,
1231 3285 1286 3328 et
1339 3277 1589 3330 mulieres
1642 3287 1953 3334 terruerunt
2001 3296 2134 3345 nos,
2185 3300 2204 3334 ι
2245 3292 2297 3338 et

719 3372 936 3418 caetera.
982 3363 1107 3419 "me
1136 3367 1289 3434 quasi
1334 3367 1640 3424 dubitantes
1689 3371 1923 3425 dicunt:
1967 3383 2020 3427 et
2051 3373 2300 3430 videntur

715 3456 845 3509 mihi
876 3458 972 3510 viii
1011 3457 1060 3512 in
1093 3459 1246 3511 valde
1282 3461 1532 3530 ambigua
1567 3477 1688 3515 esse
1717 3465 2010 3530 sententia,
2038 3477 2088 3518 et
2125 3484 2299 3538 neque

709 3549 868 3604 valde
899 3551 1238 3616 discredere,
1277 3567 1450 3620 neque
1483 3562 1628 3607 recte
1670 3555 1916 3610 credere.
1971 3559 2178 3613 Etenim
2214 3563 2297 3615 di-

712 3643 888 3698 cemlo
939 3659 952 3698 :
1011 3661 1030 3695 (
1092 3644 1457 3714 Sperabamus
1513 3648 1656 3714 quod
1721 3652 2099 3721 redempturus
2159 3664 2299 3710 esset

714 3735 911 3802 Israel,
951 3757 968 3790 ι
1009 3739 1447 3796 incredulitatem
1492 3741 1735 3798 indicant
1772 3762 1786 3798 :
1824 3748 1967 3816 quod
1993 3758 2174 3803 autem
2216 3752 2295 3805 di-

707 3837 841 3886 cunt
874 3846 992 3886 esse
1038 3833 1177 3886 diem
1235 3835 1492 3899 tertium,
1531 3835 1808 3891 hominum
1845 3849 1929 3894 est
1985 3843 2076 3909 qui
2131 3857 2296 3913 prope

706 3922 1064 3976 recordentur
1099 3924 1243 3991 quod
1281 3925 1478 3979 dixerit
1511 3928 1590 3980 eis
1628 3943 1642 3979 :
1703 3945 1721 3978 ι
1770 3929 1867 3983 Die
1907 3932 2064 3986 tertia
2115 3949 2298 3989 resur-

707 4029 851 4084 gam.
875 4034 894 4066 ι
936 4016 999 4070 Et
1023 4018 1164 4084 quod
1199 4018 1348 4081 dicit,
1378 4038 1395 4070 ι
1438 4018 1834 4077 Exterruerunt
1865 4039 1986 4089 nos,
2023 4045 2040 4078 ι
2078 4026 2180 4082 hoc
2221 4029 2296 4083 si-

702 4113 870 4173 gnat,
918 4107 1058 4174 quod
1122 4108 1470 4164 incredulitas
1543 4128 1731 4166 eorum
1808 4118 2170 4173 concutiatur.
2233 4121 2298 4174 Et

704 4199 931 4251 omnino
953 4200 996 4253 si
1027 4200 1438 4256 considerentur
1471 4220 1771 4273 sermones,
1802 4207 2019 4263 humani
2045 4221 2168 4266 sunt
2192 4252 2206 4276 ,
2241 4222 2294 4268 ct

705 4300 956 4356 magnam
1013 4290 1407 4347 dubitationem
1463 4295 1696 4360 habent,
1753 4306 1806 4350 et
1842 4298 2119 4354 hominum
2155 4317 2294 4371 per-

706 4377 990 4447 plexorum
1024 4389 1075 4433 et
1112 4381 1477 4448 ignorantium
1509 4387 1638 4454 quid
1675 4399 1837 4458 agant
1869 4401 2088 4459 propter
2118 4410 2295 4448 resur-

709 4471 966 4525 rectionis
996 4473 1334 4529 miraculum.
1385 4495 1401 4527 ι
1455 4478 1722 4534 Abierunt
1754 4491 1972 4548 autem,
2024 4502 2042 4535 ι
2083 4485 2289 4554 inquit,

2409 2014 2426 2045 ι
2473 1993 2664 2063 ’ἱῖμεῖς
2685 1994 2741 2046 δὲ
2765 1992 3088 2063 ἠλπίζομεν,
3119 1995 3304 2063 φησὶν,
3335 1995 3416 2046 ὅτι
3449 1992 3608 2055 αὑτός
3640 1993 3790 2044 ἐστιν
3823 1993 3852 2043 ὁ
3874 1992 4007 2059 μέλ-

2403 2088 2508 2141 λων
2545 2086 2873 2158 λυτροῦσθαι
2905 2087 2996 2139 τὸν
3037 2085 3274 2157 Ἰσραήλ.
3319 2105 3335 2135 ι
3389 2085 3613 2154 Ὢπερεὶ
3639 2082 4006 2151 διαψευσθέν-

2401 2197 2493 2242 τες
2533 2180 2639 2231 τῶν
2682 2180 2944 2244 ἐλπίδων,
2989 2177 3132 2230 οὕτω
3183 2178 3380 2245 φασίν·
3445 2177 3640 2244 Ἡμεῖς
3689 2174 4008 2243 ἠλπίζομεν

2402 2275 2483 2326 ὅτι
2518 2273 2680 2335 αὐτὸς
2717 2273 2810 2325 καὶ
2861 2271 3055 2335 ἄλλους
3088 2272 3288 2331 σώσει,
3342 2268 3436 2322 καὶ
3472 2269 3583 2323 ίδοῦ
3635 2267 3768 2320 οὖὸξ
3804 2265 4004 2319 ἐαυτὸν

2403 2367 2604 2419 ἔσωσεν
2627 2383 2638 2393 ’
2686 2366 2858 2427 οὓτως
2897 2366 3138 2432 ἀγεννῶς
3173 2366 3267 2418 καὶ
3299 2364 3541 2425 ἀπίστως
3578 2359 3744 2431 εἶχον.
3791 2363 4006 2416 Μονον·

2402 2461 2522 2529 ουχὶ
2567 2458 2673 2529 γὰρ
2721 2459 2906 2512 ἐκεῖνα
2951 2459 3155 2525 ελεγον,
3201 2458 3235 2511 ἃ
3269 2456 3363 2508 καὶ
3405 2457 3453 2507 οι
3488 2456 3578 2508 ἐπὶ
3610 2453 3704 2507 τοῦ
3739 2452 4003 2522 σταυροῦ.

2412 2572 2431 2604 t
2477 2554 2708 2615 Ἀλλους
2744 2553 2949 2605 ἔσωσεν
2973 2593 2985 2611 ,
3023 2550 3218 2603 ἐαυτὸν
3267 2550 3326 2602 οὐ
3360 2548 3583 2601 δύναται
3620 2546 3817 2600 σῶσαν
3862 2566 3880 2598 ο
3917 2548 4006 2598 Διὸ

2403 2653 2498 2704 καὶ
2539 2652 2799 2720 ἀνοήτους
2830 2649 3029 2708 αὐτοὺς
3061 2647 3359 2705 ἀποκαλεῖ,
3388 2645 3481 2697 καὶ
3507 2644 3724 2715 βραδεῖς
3787 2643 3883 2696 τοῦ
3921 2662 4005 2694 m-

2403 2744 2648 2795 στεύειν·
2704 2743 2757 2794 τί
2803 2741 2859 2794 δέ
2913 2743 3026 2793 ἐστι
3081 2738 3240 2792 τοῦτο
3282 2739 3361 2801 τὸ,
3417 2756 3435 2789 t
3504 2735 3856 2806 Λυτροῦσθαι
3914 2738 4006 2787 τὶν

2415 2835 2661 2905 Ἰσραήλς
2692 2855 2709 2887 ι
2743 2833 3024 2902 Διαφόρως
3044 2833 3292 2898 εῖπομεν,
3325 2832 3406 2883 ὅτι
3431 2829 3522 2881 τὸν
3552 2828 3792 2898 Χριστὸν
3821 2845 3994 2895 προτ-

2400 2927 2599 2979 εδὸκων
2637 2927 2684 2978 οἱ
2716 2922 2813 2977 τοῦ
2857 2922 3013 2987 λαοῦ,
3080 2923 3175 2974 καὶ
3215 2920 3288 2990 μὴ
3317 2919 3729 2990 ἀκριὸέστεροι,
3767 2919 4002 2986 σωτῆρα

2404 3021 2497 3070 καὶ
2534 3015 2817 3086 λυτρωτὴν
2865 3016 2974 3067 τῶν
3021 3013 3395 3082 ἐπικειμένων
3426 3012 3608 3072 αὐτοῖς
3651 3013 3866 3072 κακῶν,
3906 3014 4000 3064 καὶ

2407 3113 2502 3165 τοῦ
2532 3108 2702 3177 ζυγοῦ
2734 3109 2833 3177 τῆς
2871 3107 3116 3166 δουλείας
3141 3107 3236 3174 τῆς
3268 3105 3374 3157 ὑπὸ
3416 3104 3732 3173 Ῥωμαίων·
3770 3104 3866 3157 καὶ
3903 3104 4002 3173 βα-

2409 3202 2680 3254 σιλεύσειν
2728 3200 2785 3252 δὲ
2820 3199 2987 3251 αὑτὸν
3025 3196 3273 3264 ἐπίγειον
3312 3194 3593 3265 βασιλείαν
3621 3193 3860 3263 ἤλπιζον
3889 3212 3901 3224 ·
3926 3195 4004 3248 διὸ

2405 3295 2497 3348 καί
2524 3311 2708 3363 φασιν,
2733 3294 2816 3345 ὅτι
2847 3289 3040 3360 Ἡμεῖς
3070 3287 3395 3358 ἠλπίζομεν,
3421 3287 3502 3339 ὅτι
3526 3286 3622 3338 καὶ
3652 3286 3745 3338 τὸν
3782 3287 4003 3356 Ἰσραὴλ

2403 3386 2510 3438 ἀπὸ
2538 3383 2648 3436 τῶν
2681 3381 2908 3436 ἐονικῶν
2954 3379 3245 3448 Ῥωμαίων
3289 3377 3451 3439 αὐτὸς
3497 3375 3841 3446 λυτρώσεται
3862 3418 3880 3440 ,
3913 3378 4004 3428 καὶ

2402 3468 2556 3536 οὗτος
2597 3473 2716 3524 οὐδὲ
2769 3470 2866 3542 τὴν
2916 3470 3104 3524 ἄδικον
3154 3468 3241 3521 ἐπ’
3302 3468 3451 3538 αὑτῷ
3504 3467 3684 3537 ψῆφον
3739 3466 4002 3538 ἐξέφυγε.

2412 3585 2429 3618 t
2476 3565 2586 3619 Καὶ
2631 3563 2738 3633 μὴν
2791 3547 2883 3616 καὶ
2927 3561 3118 3631 τρίτην
3149 3562 3365 3631 ἡμέραν
3414 3560 3540 3630 ἄγει
3581 3559 3852 3628 σήμερον,
3910 3561 4006 3613 καὶ

2401 3660 2658 3727 γυναῖκες
2700 3655 2998 3724 ἐξέστησαν
3053 3656 3234 3725 ἡμᾶς,
3268 3673 3284 3705 ι
3344 3656 3438 3706 καὶ
3486 3654 3555 3706 τὸ.
3613 3653 3764 3723 ἑξῆς.
3814 3653 4002 3706 Ταῦτα

2399 3751 2640 3822 ὡσπερεὶ
2693 3749 3086 3818 διαποροῦντές
3139 3764 3324 3817 φασι·
3391 3748 3485 3800 καὶ
3536 3747 3753 3800 ἐοίκασί
3813 3765 3907 3817 μοι
3954 3749 4002 3802 οῖ

2399 3846 2593 3910 ἄνδρες
2640 3846 2698 3896 ἐν
2747 3843 2914 3911 πολλῇ
2951 3841 3425 3910 ἀμφιγνωμοσύνῃ
3475 3833 3649 3900 εἶναι,
3703 3841 3805 3892 καὶ
3861 3841 3999 3909 μήτε

2402 3936 2609 4005 σφόδρα
2659 3936 2929 3996 ἀπιστεῖν,
2976 3935 3114 4003 μήτε
3161 3932 3365 4000 σφόδρα
3407 3930 3707 3984 πιστεύειν.
3767 3931 3844 3983 Τὸ
3902 3932 4001 3998 μὲν

2400 4025 2509 4096 γὰρ
2544 4027 2740 4085 εἰπεῖν,
2796 4027 2878 4078 ὅτι
2927 4023 3260 4094 Ἡλπίζομεν
3305 4024 3388 4075 ὅτι
3432 4022 3594 4084 αὑτός
3639 4023 3794 4074 ἐστιν
3843 4023 3874 4076 ὁ
3907 4023 4000 4074 λυ-

2399 4120 2743 4191 τρωσόμενος
2778 4117 2868 4171 τὸν
2916 4116 3162 4186 Ἰσραὴλ,
3216 4115 3478 4169 ἀπιστίαν
3525 4115 3904 4168 ἐνδείκνυται·
3943 4117 4000 4168 τὸ

2398 4215 2455 4266 δὲ
2488 4213 2691 4279 λέγειν,
2726 4214 2810 4264 ὅτι
2849 4211 3055 4281 Τρίτην
3099 4208 3306 4278 ταύτην
3341 4208 3556 4278 ἡμέραν
3588 4209 3740 4276 ἄγει,
3785 4208 4002 4280 ἀνθρώ·

2399 4322 2517 4358 πων
2553 4304 2700 4356 ἐστὶν
2735 4303 2905 4370 ἐγγὺς
2954 4301 3125 4354 ὄντων
3157 4300 3254 4352 τοῦ
3303 4299 3868 4370 ἀναμιμνήσκεσθαι.
3920 4303 4002 4354 ὅτι

2398 4395 2550 4451 εἷπεν
2591 4399 2804 4459 αὐτοῖς’
2835 4414 2852 4446 ι
2889 4396 2966 4463 Τῇ
2997 4394 3158 4465 τρίτῃ
3182 4393 3366 4464 ἡμέρᾳ
3401 4394 3807 4461 ἁναστήσομαι.
3843 4413 3863 4444 ι
3893 4394 4003 4448 Καὶ

2397 4490 2476 4554 τὸ,
2505 4507 2520 4539 ι
2547 4489 2872 4554 Ἐξέστησαν
2892 4487 3060 4556 ἡμᾶς,
3089 4504 3106 4536 ι
3138 4484 3379 4540 τοιοῦτόν
3407 4501 3458 4536 τι
3478 4483 3758 4553 ἐμφαίνει,
3780 4485 4005 4554 φημἰεὴ

711 4580 730 4614 ι
770 4564 985 4632 quidam
1006 4580 1069 4619 ex
1108 4566 1190 4621 his
1221 4568 1308 4636 qui
1339 4578 1465 4624 sunt
1504 4571 1785 4628 nobiscum
1820 4592 1834 4628 :
1870 4593 1888 4626 ι
1936 4577 2016 4630 Vel
2065 4577 2285 4635 Petrum

2402 4582 2455 4634 τὸ
2474 4581 2570 4650 τὴν
2594 4579 2851 4632 ἀπιστίαν
2874 4578 3052 4630 αὐτῶν
3075 4574 3531 4631 ὑποσαλεύεσθαι.
3577 4576 3761 4635 ὐλως
3791 4574 3850 4628 δὲ
3881 4591 4005 4627 σκο-

701 4657 876 4711 solum
907 4658 1054 4720 dicit.
1089 4660 1173 4714 vel
1207 4659 1426 4716 Petrum
1459 4675 1512 4717 et
1538 4663 1830 4722 Joannem.
1867 4669 1931 4723 Et
1960 4670 2086 4726 hinc
2118 4675 2290 4727 manl-

702 4748 897 4803 festum
938 4752 1081 4820 quod
1130 4768 1251 4821 quae
1291 4755 1378 4808 alii
1414 4755 1519 4811 late
1572 4759 1796 4824 dicunt,
1845 4762 1935 4816 alii
1970 4766 2294 4835 compendio

704 4840 945 4903 tradunt,
978 4851 1032 4895 et
1063 4849 1378 4899 transcursu
1413 4856 1714 4903 transeunt.
1749 4852 2116 4909 Ambitionem
2147 4860 2292 4913 enim

702 4928 852 4984 Petri
903 4941 955 4985 et
989 4931 1216 4989 Joannis
1268 4936 1333 4989 ad
1387 4939 1696 5008 sepulcrum
1721 4981 1736 5008 ,
1774 4939 2010 5014 Joannes
2050 4946 2291 5012 pluribus

704 5022 1014 5090 complexus
1041 5037 1145 5090 est,
1176 5025 1262 5080 hie
1281 5039 1460 5083 autem
1486 5031 1679 5102 paucis
1703 5036 2035 5090 mentionem
2065 5036 2287 5105 faciens,

697 5114 863 5169 etiam
899 5119 1117 5173 nomina
1146 5124 1432 5190 praeteriit.

2403 4672 2666 4743 πούμενοι
2693 4673 2741 4723 οί
2777 4672 2948 4738 λόγοι,
2980 4669 3314 4738 ἀνθρώπινοι
3337 4667 3414 4736 τῷ
3477 4667 3590 4720 δντι
3615 4667 3753 4728 είσὶ,
3787 4666 3882 4718 καὶ
3916 4681 4006 4716 πι-

2393 4766 2492 4819 λὺν
2519 4766 2611 4819 τὸν
2652 4763 2950 4832 δισταγμὸν
2978 4762 3224 4831 ἔχοντες,
3253 4761 3350 4813 καὶ
3380 4753 3492 4813 οἷον
3524 4758 4004 4830 ἐπαπορουμένων

2395 4859 2492 4912 καὶ
2519 4856 2951 4927 ἀμηχανούντων
2983 4854 3071 4907 διὰ
3102 4853 3162 4906 τὸ
3210 4853 3310 4921 τῆς
3342 4852 3697 4914 ἀναστάσεως
3732 4851 4002 4915 ἐξαίσιοι.

2397 4971 2414 5002 ι
2470 4949 2736 5019 ’Δπῆλθον
2781 4946 2857 5008 δὲ,
2891 4945 3046 5015 φασὶ,
3077 4944 3221 5007 τινὲς
3250 4945 3360 4997 τῶν
3395 4945 3494 4997 σὺν
3541 4945 3696 5014 ἡμῖν.
3738 4962 3758 4995 ι
3801 4943 3874 4996 Ἦ
3914 4943 4004 4995 τὸν

2390 5042 2600 5111 Πέτρον
2636 5039 2798 5110 μόνον
2854 5038 3038 5107 φησὶν,
3091 5035 3252 5106 ἦτὺν
3303 5036 3513 5105 Πέτρον
3552 5036 3650 5088 καὶ
3728 5034 3999 5104 ἰωάννην.

2385 5132 2700 5187 Κὰντεῦθεν
2746 5132 2927 5201 δῆλον,
2979 5131 3064 5183 ὅτι
3115 5128 3151 5183 ἃ
3206 5127 3456 5192 πλατέως
3495 5127 3675 5197 ἕτεροι
3719 5127 3998 5197 λέγουσιν,

695 5206 845 5298 suo;
872 5210 1148 5281 συντόμως
1199 5217 1292 5270 καὶ
1317 5218 1688 5291 ἐπιδρομάδην
1711 5223 2040 5293 διέρχονται.
2067 5225 2284 5298 Ὥσπερ
2323 5222 2418 5281 οὖν
2473 5229 2568 5282 καὶ
2619 5225 2722 5297 τὴν
2787 5225 2884 5278 ἐπὶ
2954 5222 3016 5276 τὸ
3072 5223 3340 5293 μνημεῖον
3395 5222 3581 5289 ἄφιξιν
3633 5219 3850 5289 Πέτρου
3906 5222 4002 5274 καὶ

700 5297 973 5364 Ἰωάννου.
1000 5305 1027 5357 ὁ
1068 5304 1166 5371 μὲν
1207 5307 1458 5380 Ἰωάννης
1491 5311 1828 5384 πλατύτερον
1854 5315 2155 5386 διεξῆλθεν,
2185 5297 2340 5386 οὗτος
2377 5320 2456 5386 δὲ,
2491 5319 2691 5388 ὀλίγων
2726 5311 3113 5386 ἐπιμνησθεὶς.
3140 5309 3442 5382 ἀνωνύμως
3480 5309 3795 5379 παρῆλθεν-

766 5391 931 5450 Vens.
963 5395 1154 5452 25-55.
1193 5416 1212 5450 ι
1256 5399 1322 5454 Et
1363 5401 1481 5472 ipse
1509 5403 1644 5459 dixit
1677 5407 1744 5460 ad
1775 5423 1869 5463 eos
1903 5425 1915 5463 :
1967 5409 2010 5465 Ο
2039 5412 2188 5465 stulti
2229 5424 2285 5468 et

695 5484 836 5538 tardi
870 5487 1035 5541 corde
1085 5488 1156 5542 ad
1201 5491 1535 5548 credendum
1569 5495 1622 5549 in
1664 5499 1918 5554 omnibus
1949 5516 2068 5570 qua:
2120 5501 2284 5560 locuti

694 5586 818 5630 sunt
848 5579 1124 5649 prophetae
1149 5581 1162 5636 ι
1211 5579 1398 5640 Nonne
1426 5586 1542 5644 hac
1571 5591 1813 5659 oportuit
1839 5593 1948 5662 pati
1975 5596 2280 5663 Christum,

694 5676 749 5724 et
777 5668 980 5727 intrare
1013 5673 1066 5730 in
1095 5671 1324 5744 glorlam
1353 5680 1543 5736 suam?
1571 5679 1638 5736 Et
1693 5697 1921 5741 exorsus
1959 5702 1986 5742 a
2037 5688 2183 5748 Mose
2226 5703 2281 5747 ct

772 5854 817 5889 ⁵⁸
843 5852 1032 5913 Matth.
1061 5870 1114 5924 ν,
1147 5853 1202 5913 8.
1282 5857 1327 5890 “
1374 5857 1414 5913 ll
1452 5859 1576 5916 Cor.
1612 5877 1730 5930 \‘llt,
1765 5861 1854 5919 21.

2474 5433 2492 5464 ι
2539 5413 2648 5466 Καὶ
2682 5411 2846 5473 αὐτὸς
2885 5404 3008 5463 εἶπε
3079 5407 3218 5478 πρὸς
3270 5404 3496 5467 αὐτούς·
3536 5398 3607 5458 Ὦ
3646 5401 3875 5471 ἀνόητοι
3907 5402 3997 5456 καὶ

2395 5506 2612 5579 βραδεῖς
2643 5506 2711 5575 τῇ
2742 5501 2944 5575 καρδίᾳ
2971 5499 3067 5555 τοῦ
3105 5497 3386 5552 πιστεύειν
3411 5496 3506 5549 ἐπὶ
3531 5497 3721 5558 πᾶσιν,
3756 5487 3841 5559 οἷς
3869 5495 3998 5549 ἐλάα

2391 5599 2562 5670 λησαν
2611 5597 2662 5651 01
2703 5597 3022 5668 προφῆται,
3079 5593 3203 5664 οὐχὶ
3258 5590 3438 5645 ταῦτα
3494 5589 3604 5644 ἔδει
3663 5588 3868 5643 παθεῖν
3907 5589 3995 5642 τὸν

2393 5689 2649 5762 Χριστὸν,
2695 5690 2789 5745 καὶ
2827 5687 3090 5742 εἰσελθεῖν
3141 5687 3219 5751 είς
3270 5685 3370 5756 τὴν
3413 5682 3575 5750 δόξαν
3620 5683 3835 5752 aia-:06;
3889 5683 3995 5738 Καὶ
