4228 6428
255 395 398 464 1117

951 397 1398 462 ΕΝΑΒΒΑΤΙΟ
1438 396 1518 459 IN
1558 396 1865 458 EVANGE

1969 397 2067 458 ΠΜ
2108 399 2350 462 ιυοιΕ.
2386 423 2456 436 -
2485 399 2643 461 CAP.
2685 399 2897 460 XXIV.

3427 389 3562 456 1118

252 507 565 580 ἀρξάμενος
597 507 706 563 ἀπδ
740 508 1004 576 Μωσέως,
1037 513 1134 563 καὶ
1165 509 1276 563 ἀπδ
1323 509 1549 564 πάντων
1581 506 1693 560 τῶν
1720 524 1852 578 προ-

1969 510 2219 565 omnibus
2253 511 2557 582 prophetis,
2591 510 3058 580 interpretabatur
3092 505 3199 562 illis
3223 504 3276 559 in
3312 503 3564 561 omnibus

254 600 476 673 «θητῶν,
507 600 873 672 διηρμήνευεν
902 601 1089 664 αὑτοῖς
1119 603 1177 654 ἐν
1207 601 1412 662 πάσαις
1451 600 1575 662 ταῖς
1606 597 1856 669 Γραφαῖς

254 695 330 749 τὰ
363 695 496 766 περὶ
545 693 764 749 ἐαυτοῦ.
822 695 934 748 Καὶ
990 696 1230 766 ήγγισαν
1266 695 1347 756 είς
1401 692 1503 762 τὴν
1543 691 1740 763 κώμην
1791 677 1857 745 οὑ

258 789 612 859 ἐπορεύοντο.
672 787 784 841 Kal.
832 788 996 850 αὑτδς
1070 787 1457 857 προσεποιεῖτο
1516 782 1858 856 πορρωτέρω

258 879 612 952 πορεύεσθαι.
666 881 778 934 Καὶ
851 880 1256 951 παρεϐιάσαντο
1315 879 1502 941 αὑτὸν,
1577 879 1855 946 λέγοντες·

256 973 458 1027 Μεῖνον
496 971 617 1042 μεθ’
653 972 835 1044 ἡμῶν,
872 974 956 1026 ὅτι
1006 973 1142 1040 πρὸς
1177 973 1423 1042 ἐσπὲραν
1459 972 1596 1033 ἐστὶ,
1636 972 1732 1024 καὶ
1764 969 1862 1023 κέ-

255 1064 446 1116 κλικεν
477 1064 510 1132 ἠ
540 1063 756 1134 ἡμέρα·
789 1064 886 1117 καὶ
918 1062 1140 1130 εἰσῆλθε
1169 1061 1266 1115 τοῦ
1301 1064 1482 1132 μεῖναι
1517 1063 1616 1115 σὺν
1647 1061 1856 1124 αὑτοῖς.

255 1155 371 1208 Καὶ
399 1155 622 1223 ἐγένετο
656 1158 715 1209 ἐν
751 1155 829 1224 τῷ
858 1156 1260 1226 κατακλιθῆναι
1294 1155 1461 1208 αὑτὸν
1497 1156 1612 1225 μετ’
1649 1152 1856 1220 αὑτῶν,

255 1247 441 1302 λασὼν
471 1249 562 1304 τὸν
588 1251 755 1320 ἄρτον
790 1249 1080 1317 εὑλόγησε,
1118 1248 1213 1302 καὶ
1237 1247 1449 1311 κλάσας
1479 1247 1728 1301 ἐπεδίδου
1756 1247 1860 1299 αὑ-

260 1342 397 1403 τοῖς.
422 1341 612 1394 Δὺτῶν
633 1341 687 1394 δὲ
706 1340 1091 1411 διηνοίχθησαν
1113 1341 1163 1393 οί
1184 1339 1476 1410 ὀφθαλμοὶ,
1500 1341 1594 1391 καὶ
1618 1339 1862 1407 ἐπέγνω-

254 1449 359 1486 σαν
387 1433 572 1496 αὑτδν,
595 1436 689 1487 καὶ⁵
710 1433 873 1496 αὑτὸς
894 1433 1132 1500 ἄφαντος
1150 1434 1370 1502 ἐγένετο
1397 1432 1492 1486 ἀπ’
1516 1433 1722 1487 αὑτῶν.
1749 1431 1861 1485 Καὶ

254 1518 414 1577 εἷπον
443 1525 580 1596 πρὸς
605 1525 894 1595 ἀλλήλους·
938 1526 1074 1595 υὺχὶ
1103 1526 1136 1596 ἡ
1167 1525 1366 1595 καρδία
1387 1523 1550 1594 ἡμῶν
1583 1523 1855 1594 καιομένη

255 1610 326 1686 ἧν
359 1617 416 1668 ἐν
465 1619 595 1688 ἡμῖν
628 1617 703 1681 ὡς
738 1617 918 1670 ἐλάλει
962 1618 1095 1687 ἡμῖν
1124 1619 1183 1672 tv
1227 1620 1293 1688 τῇ
1331 1617 1459 1687 ὁδῷ,
1497 1618 1593 1671 καὶ
1633 1617 1710 1680 ώς
1741 1617 1863 1686 διή-

253 1727 440 1778 νοιγεν
476 1713 610 1780 ἡμῖν
657 1712 756 1775 τὰς
787 1711 1042 1782 Γραφάς;
1078 1711 1188 1764 Καὶ
1229 1712 1570 1774 ἀναστάντες
1620 1711 1758 1781 αὑτῇ
1790 1713 1858 1780 τῇ

252 1803 399 1874 ὥρα,
431 1803 782 1873 ὑπέστρεψαν
812 1806 893 1867 είς
947 1803 1337 1874 Ἰερουσαλὴμ,
1367 1805 1465 1857 καὶ
1500 1799 1662 1874 εὗρον
1695 1821 1861 1873 συνη-

253 1896 616 1966 θροισμένους
651 1897 779 1959 τοὺς
806 1895 1002 1948 ἕνδεκα.
1028 1896 1125 1949 καλ⁸
1151 1896 1277 1960 τοὺς
1321 1897 1419 1950 σὺν
1447 1897 1633 1959 αὑτοῖς
1667 1894 1854 1963 λέγον-

253 2005 379 2052 τας,
413 1989 494 2042 ὅτι
530 1988 775 2059 Ἠγέρθη
805 1989 834 2040 ὁ
867 1987 1070 2060 Κύριος
1089 1989 1280 2054 ὅντως,
1315 1991 1410 2044 καὶ
1433 1989 1590 2058 ὤφθη
1614 1988 1854 2058 Σίμωνι’

254 2081 354 2134 καὶ
392 2080 549 2133 αὐτοὶ
582 2079 880 2148 ἐξηγοῦντο
916 2080 984 2133 τὰ
1020 2081 1078 2147 ἐν
1107 2083 1175 2151 τῇ
1221 2080 1348 2151 ὁδῷ,
1384 2083 1474 2135 καὶ
1506 2081 1581 2143 ὡς
1607 2079 1855 2149 ἐγνώσθη

254 2171 446 2238 αὑτοῖς
478 2174 536 2226 ἐν
557 2175 625 2243 τῇ
658 2172 852 2227 κλάσει
884 2173 980 2227 τοῦ
1029 2172 1222 2247 ἄρτου.
1265 2193 1284 2227 ι
1334 2173 1556 2246 Ἐπειδὴ
1580 2172 1861 2245 ἀνθρωπί-

249 2283 364 2329 νως
393 2265 494 2330 τὰς
521 2265 748 2336 γνώμας
779 2266 1078 2333 διέκειντο,
1112 2267 1208 2320 καλ⁸
1239 2265 1408 2320 πολὺν
1434 2268 1525 2319 τὸν
1555 2266 1858 2336 δισταγμὸν

251 2356 502 2421 ἐνόσουν,
549 2357 818 2427 ἀνοήτους
870 2358 1072 2422 αὐτοὺς
1123 2357 1394 2412 ἀποκαλεῖ
1447 2362 1545 2413 καὶ
1603 2357 1855 2428 βραδεῖς,

250 2446 400 2502 ὥστε
451 2448 737 2502 πιστεύειν
787 2450 880 2502 ἐπὶ
913 2451 1080 2503 πᾶσιν
1124 2445 1206 2514 οἷς
1249 2450 1522 2520 ἐλάλησαν
1554 2451 1605 2503 οἱ
1643 2451 1859 2521 προςρῆ-

248 2557 361 2596 ’.ταν
399 2541 514 2596 ἐστι
556 2542 668 2613 γάρ
722 2543 1004 2598 πιστεύειν
1057 2545 1152 2598 καὶ
1197 2545 1442 2617 μερικῶς
1476 2546 1568 2598 καὶ
1604 2544 1858 2599 καθόλου.

251 2630 404 2700 υἷον,
451 2635 550 2690 ἐάν
601 2654 688 2701 τις
735 2636 830 2690 τὸν
878 2638 1119 2708 Χριστδν
1171 2639 1265 2690 ἐπὶ
1309 2639 1557 2710 σωτηρὲᾳ
1587 2638 1680 2691 τοῦ
1727 2637 1859 2691 λαοῦ

255 2728 475 2792 ἐλπίζει
500 2728 745 2794 ἔσεσθαι,
783 2729 844 2782 οὑ
888 2729 1076 2800 μέντοι
1107 2747 1172 2798 γε
1205 2730 1398 2801 ψυχιῖκν
1429 2730 1697 2800 σωτηρίᾳ,
1743 2730 1861 2785 ἀλλ’

249 2823 698 2877 ἀποκαταστάσει
737 2821 834 2876 τοῦ
873 2821 1060 2886 ἔθνους
1103 2821 1199 2876 τοῦ
1243 2823 1545 2876 Ἰουδαϊκοῦ
1592 2823 1680 2876 καὶ
1729 2823 1863 2876 ἀπο-

207 2913 559 2990 ,λυτρώσεῃ
611 2916 641 2969 ὁ
696 2915 941 2978 τοιοῦτος
999 2915 1097 2986 οὑχ
1135 2917 1260 2970 ὅσον
1299 2917 1380 2970 δεῖ
1422 2915 1724 2978 πιστεύειν,
1767 2933 1861 2968 πι-

255 3007 459 3061 στεύει.
495 2995 808 3074 Καὶάὑθις,
836 3010 887 3062 εἰ
911 3009 1163 3063 πιστεύει
1197 3009 1298 3080 μὲν
1325 3007 1405 3080 τῷ
1436 3008 1599 3063 Δαυῖδ
1625 3007 1860 3076 λέγοντι,

260 3119 279 3151 ε
325 3099 562 3171 Ὠρυξαν
619 3101 813 3170 χεῖράς
866 3117 971 3172 μου
1030 3101 1123 3156 καὶ
1183 3101 1348 3161 πόδας
1401 3117 1528 3170 μου,
1587 3119 1605 3152 ι
1658 3100 1753 3153 καὶ
1792 3098 1864 3153 τὰ

1887 1854 1937 1916 Β

1964 601 2017 657 S.
2041 603 2262 672 ripluris
2285 619 2408 674 quae
2432 607 2498 659 de
2531 605 2648 675 ipso
2680 613 2859 658 erant.
2888 602 2952 657 Et
2985 599 3568 670 appropinquavernnt

1960 697 2185 752 castello
2211 711 2318 766 quo
2352 696 2526 750 ibant.
2558 695 2621 750 F.t
2650 695 2768 765 ipse
2789 709 2902 763 prae
2929 709 2993 747 se
3026 692 3239 747 ferebat
3268 705 3330 746 se
3355 689 3570 760 longius

1963 787 2062 843 ire.
2094 788 2161 843 Et
2197 799 2497 859 coegerunt
2527 787 2705 852 illum,
2745 788 2995 843 dicentes
3025 804 3039 840 :
3072 784 3230 840 Mane
3257 783 3566 845 nobiscum,

1961 881 2218 948 quoniam
2245 882 2422 953 vergit
2453 883 2520 936 ad
2546 897 2859 952 vesperam,
2897 891 2951 936 et
2983 878 3286 934 inclinatus
3316 884 3400 930 est
3427 875 3565 929 dies.

1963 973 2030 1028 Et
2056 975 2282 1028 intravit
2308 984 2370 1029 ut
2399 985 2646 1030 maneret
2676 989 2800 1028 cum
2831 972 2959 1027 illis.
2993 970 3059 1024 Et
3093 971 3298 1024 factum
3327 975 3412 1020 est
3441 967 3565 1019 dum

1963 1070 2311 1124 accumheret
2343 1067 2513 1141 494
2535 1084 2661 1123 cum
2697 1069 2796 1131 eis,
2837 1066 3051 1134 accepit
3084 1077 3277 1134 panem
3309 1071 3363 1115 et
3402 1059 3566 1113 henc-

1963 1163 2100 1216 dixit
2133 1177 2199 1217 ac
2249 1161 2450 1233 fregit,
2489 1171 2544 1216 et
2576 1161 2892 1232 porrigebat
2935 1159 3062 1213 illis.
3115 1157 3182 1211 Et
3229 1151 3402 1224 aperti
3439 1158 3566 1205 sunt

1963 1255 2104 1311 oculi
2137 1270 2352 1321 eorum,
2391 1266 2447 1309 et
2479 1263 2824 1323 agnoverunt
2847 1264 2996 1316 eum,
3030 1262 3084 1305 et
3131 1251 3249 1320 ipse
3286 1245 3508 1301 evanuit
3538 1256 3566 1295 a

1965 1355 2264 1418 conspectu
2297 1363 2514 1403 eorum.
2550 1345 2618 1400 Et
2649 1346 2910 1402 dixerunt
2942 1344 3086 1398 inter
3111 1357 3170 1398 se
3206 1359 3220 1396 :
3255 1337 3448 1394 Nonne
3478 1351 3573 1392 cor

1966 1451 2220 1496 nostrum
2261 1441 2491 1496 ardebat
2535 1441 2590 1494 in
2645 1440 2804 1495 nohis
2860 1441 2986 1492 dum
3041 1437 3362 1507 loqueretur
3417 1433 3576 1486 nobis

1966 1539 2020 1590 in
2054 1535 2162 1596 via,
2198 1545 2251 1590 et
2286 1533 2530 1604 aperiret
2560 1534 2722 1588 nobis
2755 1529 3116 1601 Scripturas?
3166 1529 3233 1583 Et
3281 1533 3575 1596 surgentes

1965 1631 2154 1682 eadem
2183 1629 2340 1694 hora,
2379 1628 2615 1698 regressi
2668 1637 2798 1680 sunt
2833 1629 2885 1678 in
2922 1623 3301 1693 Hierosolyma
3333 1629 3385 1672 et
3412 1619 3572 1670 inve.

1969 1729 2172 1775 nerunt
2205 1727 2571 1790 congregatos
2603 1718 2886 1783 undecim,
2928 1726 2982 1770 et
3023 1730 3120 1769 eos
3158 1713 3254 1783 qui
3295 1725 3421 1766 cum
3471 1707 3576 1760 illis

1968 1823 2148 1877 erant,
2192 1813 2485 1868 dicentes:
2527 1811 2780 1867 Surrexit
2827 1808 3092 1865 Dominus
3117 1821 3270 1871 vere,
3320 1812 3375 1859 et
3407 1813 3575 1871 appa-

1967 1907 2076 1962 ruit
2110 1904 2344 1961 Simoui.
2389 1903 2455 1958 Et
2491 1903 2595 1973 ipsi
2633 1903 2933 1958 narrabant
2965 1915 3091 1971 qua!
3132 1905 3286 1969 gesta
3319 1903 3476 1949 erant
3518 1891 3574 1945 in

1964 2001 2048 2053 via
2074 2039 2090 2064 ,
2121 2009 2175 2053 et
2209 1997 2485 2068 quomodo
2535 1994 2736 2050 fuisset
2776 1994 2996 2066 agnitus
3040 1991 3142 2047 sibi
3196 2004 3266 2044 ex
3307 1985 3578 2041 fractioue

1963 2095 2136 2165 panis.
2178 2113 2198 2146 ι
2236 2092 2507 2161 Quoniam
2540 2100 2720 2146 mente
2743 2091 2982 2146 humano
3006 2101 3158 2142 more
3192 2082 3373 2139 aﬂ'ecti
3397 2088 3576 2142 erant,

1964 2187 2246 2256 munitaque
2295 2185 2640 2240 dubitatione
2682 2184 3044 2246 laborabant,
3095 2179 3300 2238 stultos
3333 2185 3495 2233 vocat
3525 2183 3580 2228 et

1965 2281 2149 2335 tardos
2176 2280 2244 2334 ad
2273 2278 2611 2333 credendum
2639 2276 2691 2330 in
2721 2273 2981 2331 omnibus
3005 2287 3128 2343 qum
3155 2269 3328 2327 locuti
3359 2268 3578 2322 fuerant

1963 2371 2260 2442 prophetze.
2286 2369 2531 2426 Credere
2573 2369 2720 2423 enint
2760 2380 3060 2438 possumus
3091 2373 3144 2418 et
3187 2378 3254 2417 ex
3304 2370 3483 2432 parte,
3523 2369 3580 2413 et

1964 2465 2018 2519 in
2051 2473 2264 2518 totum:
2298 2471 2355 2517 ut
2399 2463 2442 2516 si
2491 2461 2616 2531 quis
2654 2469 2842 2530 speret
2906 2459 3188 2514 Christum
3234 2457 3287 2509 iu
3344 2454 3579 2510 salutem

1964 2556 2146 2627 populi
2190 2563 2508 2620 venturum,
2567 2554 2763 2609 nonin
2816 2552 3052 2609 salutem
3097 2550 3438 2610 animarum,
3482 2545 3580 2601 sed

1963 2649 2368 2705 reStitutionem
2396 2657 2452 2702 et
2482 2645 2859 2703 liberationem
2891 2645 3069 2713 p0puli
3098 2640 3341 2705 Judaici,
3402 2637 3448 2692 is
3475 2651 3582 2691 nou

1967 2752 2230 2811 quantum
2260 2748 2478 2811 oportet
2507 2739 2734 2796 credere
2754 2780 2769 2806 ,
2800 2737 3001 2793 credit.
3039 2734 3106 2790 Et
3132 2748 3326 2790 rursus
3362 2731 3408 2786 si
3461 2730 3586 2799 quis

1966 2836 2158 2892 credat
2208 2835 2394 2889 Davidl
2422 2832 2669 2888 dicenti:
2709 2849 2730 2883 ι
2778 2830 3058 2886 Foderqu
3092 2841 3286 2882 manus
3334 2838 3486 2879 mcas
3517 2833 3576 2876 et

1967 2931 2134 2996 pedes
2153 2943 2306 2985 meos
2329 2929 2429 2993 ",i
2453 2938 2512 2981 et
2564 2937 2764 2981 caetera
2799 2939 2922 2994 qua
2951 2924 3018 2978 de
3044 2936 3208 2976 cruce
3238 2930 3292 2974 et
3318 2917 3440 2972 aliis
3466 2931 3588 2984 quae

1969 3023 2024 3077 itt
2053 3037 2221 3076 cruce
2267 3020 2408 3075 facta
2448 3028 2600 3084 sunt,
2645 3030 2909 3090 tanquam
2961 3031 3027 3070 ex
3080 3027 3315 3084 persona
3367 3007 3581 3064 Domini

1970 3115 2257 3185 praedicta,
2295 3122 2349 3170 et
2396 3112 2595 3182 recipit
2621 3125 2686 3166 ea
2727 3125 2850 3180 quae
2881 3110 2947 3164 de
2990 3108 3249 3180 passione
3297 3104 3582 3162 dicuntur,

253 3192 420 3247 λοιπὰ
457 3193 555 3247 ὅσα
587 3195 716 3265 περὶ
754 3192 850 3247 τοῦ
884 3192 1120 3265 σταυροῦ
1162 3193 1259 3246 καὶ
1288 3193 1400 3246 τῶν
1439 3195 1498 3245 tv
1528 3190 1607 3262 τῷ
1642 3187 1865 3262 σταυρῷ

1971 3223 2035 3263 ea
2069 3216 2254 3262 autem
2291 3220 2413 3276 quae
2456 3205 2523 3260 de
2565 3204 2970 3259 resurrectione
2991 3244 3004 3264 ,
3037 3215 3144 3254 uou
3179 3205 3360 3260 curat,
3394 3196 3470 3248 uti
3501 3202 3588 3247 est

251 3287 329 3350 ὡς
367 3288 430 3339 ἐκ
454 3286 751 3358 προσώπου
779 3287 875 3341 τοὺ
919 3286 1126 3358 Κυρίου
1163 3287 1526 3358 προφητεύει,
1578 3285 1674 3339 καὶ
1703 3285 1858 3358 δέχε-

251 3400 349 3438 ται
388 3382 456 3436 τὰ
483 3383 614 3454 περὶ
637 3381 736 3438 τοῦ
775 3380 1007 3450 πάθους,
1035 3380 1105 3434 τὰ
1126 3381 1185 3436 δὲ
1218 3380 1348 3449 περὶ
1375 3379 1477 3449 τῆς
1508 3379 1861 3442 ἀναστάσεως

252 3471 320 3524 οὑ
354 3469 669 3538 λογίζεται,
704 3469 818 3526 οἷον
850 3470 948 3535 τὸ,
997 3488 1017 3523 t
1057 3471 1133 3526 Οὑ
1178 3469 1372 3532 δώσεις
1415 3471 1507 3522 τὸν
1532 3470 1721 3524 Ὀσιόν
1765 3486 1860 3522 σου

259 3566 393 3618 ίδεῖν
442 3564 765 3636 διαφθορὰν,
807 3584 828 3617 ι
866 3563 961 3618 καὶ
987 3564 1070 3626 τδ,
1107 3582 1125 3616 t
1166 3563 1282 3618 Οὑκ
1311 3561 1747 3631 ἐγκαταλείψεις
1764 3562 1863 3631 τὴν

254 3659 442 3730 ψυχήν
495 3676 596 3729 μου
624 3660 705 3722 είς
736 3657 901 3730 ᾅδην,
940 3675 961 3712 ι
1013 3657 1111 3712 καὶ
1152 3656 1236 3724 τὸ,
1281 3675 1300 3709 ι
1356 3656 1446 3711 Ἐν
1473 3658 1688 3728 νεκροῖς
1712 3655 1866 3708 ἐλεύο

261 3749 422 3820 θερος
447 3789 462 3813 ,
495 3768 514 3801 ι
545 3751 642 3804 καὶ
673 3750 756 3816 τὸ,
792 3767 811 3800 t
863 3748 1109 3816 Ἐξάγων
1138 3747 1580 3818 πεπεδημένους,
1614 3747 1708 3800 καὶ
1735 3747 1864 3808 τοὺς

253 3841 647 3906 κατοικοῦντας
683 3843 741 3894 tv
771 3841 997 3909 τάφοις,
1054 3858 1072 3890 ι
1117 3840 1212 3893 καὶ
1258 3839 1328 3891 τὰ
1357 3838 1616 3892 τοιαῦτα·
1668 3838 1730 3891 οὑ
1776 3855 1865 3890 τε-

255 3936 412 3990 λείαν
447 3935 633 3988 πίστιν
685 3935 799 4006 ἔχει
821 3973 836 3997 ,
873 3933 989 3987 ἀλλ’
1025 3935 1090 3987 ἐκ
1128 3933 1352 4001 μέρους.
1379 3932 1554 3986 Δεῖδέ
1586 3931 1684 3985 ἐπὶ
1727 3933 1864 3985 πᾶσι

259 4029 375 4090 τοῖς
405 4024 470 4080 τε
517 4027 614 4096 τῆς
661 4024 926 4096 ἀτιμίας,
964 4027 1079 4089 τοῖς
1115 4041 1174 4078 τε
1223 4025 1324 4095 τῆς
1378 4025 1538 4096 δόξης
1583 4024 1867 4078 πιστεύειν

259 4123 376 4184 τοῖς
437 4120 771 4190 προφήταις.
826 4118 976 4172 Ἔδει
1028 4118 1140 4191 γάρ
1189 4119 1284 4172 τδν
1334 4119 1574 4188 Χριστὸν
1625 4119 1862 4172 παθεῖν’

261 4210 426 4266 τοῦτο
460 4212 558 4282 τῆς
589 4211 817 4282 ἀτιμίας
838 4229 850 4243 ·
881 4210 1018 4264 ἀλλὰ
1044 4213 1142 4264 καὶ
1173 4210 1438 4264 εἰσελθεῖν
1468 4211 1550 4274 είς
1583 4209 1684 4268 τὴν
1707 4208 1868 4275 δόξαν

263 4303 432 4359 αὑτοῦ
463 4317 479 4334 ⁸
505 4305 666 4358 τοῦτο
691 4305 750 4358 τὸ
798 4301 1033 4370 ἔνδοξον.
1083 4301 1276 4374 Ὑμεῖς
1327 4303 1385 4356 δέ
1423 4301 1599 4367 οὕτως
1649 4302 1870 4376 ἀνόητοί

262 4401 410 4465 ἐστε,
450 4399 594 4453 ὥστε
639 4399 863 4453 Ἡσαΐου
891 4397 1185 4460 ἀκούοντες
1237 4395 1491 4464 λέγοντος
1537 4397 1864 4468 ἀμφότερα,

1969 3303 2093 3367 hor,
2139 3319 2158 3353 t
2201 3298 2320 3356 Non
2354 3297 2510 3354 dabis
2563 3293 2832 3353 Sanctum
2866 3303 3021 3349 tuum
3065 3291 3250 3345 videre
3280 3285 3590 3354 corruptio-

1969 3410 2092 3449 nem
2115 3393 2183 3447 ⁸⁸.
2248 3411 2266 3444 ι
2310 3391 2376 3446 Et
2425 3389 2598 3455 illud,
2665 3407 2684 3441 ι
2761 3386 2882 3442 Non
2943 3383 3294 3451 derelinqucs
3346 3378 3589 3434 animam

1968 3502 2146 3541 meam
2183 3486 2234 3538 iu
2271 3482 2489 3538 inferno
2511 3482 2578 3536 δ’.
2627 3499 2645 3534 ι
2687 3481 2752 3534 Et
2806 3481 3007 3534 iterum
3032 3517 3048 3542 ,
3091 3495 3110 3529 ι
3150 3474 3303 3531 lnter
3341 3483 3590 3528 mortuos

1971 3578 2188 3634 liber”.
2205 3596 2285 3630 ιο(
2313 3575 2546 3638 Etillud,
2570 3593 2588 3626 t
2617 3574 2872 3628 Educens
2892 3572 3104 3628 vinctos
3125 3581 3180 3623 et
3199 3567 3509 3624 habitantes
3535 3567 3589 3620 in

1970 3671 2321 3744 sepulcris",
2355 3689 2374 3722 ι
2405 3678 2456 3725 et
2488 3667 2723 3722 similia:
2755 3683 2860 3722 non
2883 3665 3048 3720 habet
3075 3662 3374 3733 perfectam
3403 3661 3590 3724 ﬁdem,

1971 3771 2066 3825 sed
2100 3783 2166 3822 ex
2213 3774 2392 3833 parte.
2434 3761 2664 3834 Oportet
2713 3769 2898 3815 autem
2957 3759 3011 3812 in
3053 3757 3313 3811 omnibus
3357 3764 3466 3808 tam
3506 3755 3593 3809 his

1971 3877 2092 3931 quze
2138 3860 2327 3926 gloriae.
2376 3867 2546 3922 sunt,
2577 3871 2742 3926 quam
2797 3869 2920 3924 qua:
2970 3851 3326 3922 ignominiae,
3360 3848 3594 3904 credere

1976 3955 2282 4028 pr0phetis.
2323 3950 2627 4021 Oportebat
2659 3949 2806 4003 enim
2853 3956 2908 4004 et
2947 3945 3231 4001 Christum
3264 3942 3400 4011 pati,
3445 3943 3591 4011 quod

1974 4054 2061 4100 est
2091 4043 2450 4112 ignominia:
2495 4051 2546 4094 et
2587 4042 2796 4095 intrare
2847 4039 2900 4093 in
2957 4036 3188 4104 gloriam
3239 4049 3420 4097 suam,
3450 4035 3595 4104 quod

1973 4147 2058 4194 est
2083 4136 2290 4208 gloriae.
2317 4133 2424 4190 Vos
2449 4143 2634 4188 autem
2659 4133 2736 4187 sic
2760 4129 2910 4186 stulti
2936 4129 3094 4194 estis,
3121 4138 3183 4182 ut
3234 4142 3360 4181 cum
3391 4125 3592 4180 Isaiam

1976 4244 2212 4302 utraque
2245 4229 2518 4284 dicentem
2552 4227 2817 4291 audiatis,
2854 4235 2911 4279 et
2956 4225 3102 4294 quod
3151 4221 3218 4277 ad
3256 4221 3594 4276 occisionem

1977 4324 2176 4377 ductus
2212 4320 2307 4383 sit,
2351 4329 2404 4373 et
2438 4317 2584 4388 quod
2624 4316 2895 4371 Dominus
2927 4314 3060 4369 velit
3094 4315 3144 4367 ei
3182 4312 3479 4369 ostendere
3509 4310 3590 4364 lu-

1979 4431 2101 4470 men
2126 4415 2201 4479 ",
2243 4413 2374 4468 illud
2409 4413 2632 4482 quidem
2660 4410 2928 4480 recipitis,
2953 4409 3057 4462 hoc
3088 4415 3274 4462 autem
3303 4404 3592 4475 respuitis.

263 4496 350 4550 ὅτι
379 4512 440 4549 τε
476 4495 558 4558 είς
600 4495 815 4566 σφαγὴν
865 4493 1008 4565 ἢχθη
1033 4534 1046 4558 ,
1080 4493 1175 4546 καὶ
1222 4492 1306 4546 ὄτι
1353 4493 1560 4564 Κύριος
1614 4492 1865 4562 βούλεται

1978 4508 2045 4563 Ει
2071 4510 2216 4578 quod
2253 4505 2580 4559 vulneratus
2601 4504 2826 4574 quidem
2869 4503 2963 4565 sit,
2995 4501 3223 4556 creditis
3259 4517 3273 4554 :
3305 4500 3452 4570 quod
3494 4514 3599 4553 auo

261 4585 440 4652 δεῖξαι
472 4587 626 4657 αὑτῷ
661 4586 802 4654 φώς,
841 4585 1022 4638 ἐκεῖνο
1057 4583 1155 4652 μὲν
1199 4581 1446 4651 δέχεσθε,
1498 4580 1658 4634 τοῦτο
1686 4580 1744 4634 δέ
1788 4580 1864 4652 μὴ

1977 4614 2082 4657 tem
2119 4600 2380 4656 Dominus
2418 4596 2548 4652 velit
2588 4611 2714 4652 eum
2751 4595 3043 4665 puriﬁcare
3086 4609 3114 4647 a
3171 4593 3352 4664 plaga,
3415 4591 3600 4646 animo

264 4674 550 4746 λογίζεσθε
577 4695 589 4708 ο
626 4679 722 4730 καὶ
768 4677 851 4730 ὅτι
902 4675 1002 4746 μὲν
1036 4673 1507 4746 μεμωλώπισται,
1543 4673 1826 4728 πιστεύειν
1848 4691 1861 4705 ·

265 4771 351 4826 ὅτι
405 4771 464 4824 δέ
507 4770 714 4842 Κύριος
770 4769 1026 4840 βούλεται
1063 4768 1362 4839 καθαρίσαι
1411 4767 1575 4822 αὑτὸν
1626 4769 1734 4822 ἀπὸ
1763 4768 1865 4839 τῆς

267 4864 526 4935 πληγῆς,
564 4865 641 4937 μὴ
679 4867 1048 4937 προσεννοεῖν.
1094 4863 1238 4918 Ἀλλ’
1272 4863 1428 4929 ἐπεὶ,
1481 4863 1670 4932 φησὶν,
1711 4863 1869 4932 ὑμεῖς

265 4957 509 5030 ἀνόητοι,
550 4958 669 5030 ἦτοι
697 4957 920 5029 βραδεῖς
942 4975 956 4990 ο
990 4959 1038 5010 εί
1071 4956 1183 5027 γὰρ
1208 4957 1430 5028 ἀνόητοι
1461 4951 1626 5028 ἦσαν,
1665 4957 1772 5009 οὐδ’
1803 4955 1870 5009 ἄν

265 5052 376 5108 οὐδ’
413 5052 577 5116 αὑτὸς
627 5052 808 5107 ἐλάλει
864 5051 1085 5116 αὑτοῖς·
1134 5052 1259 5106 ἐπεὶ
1305 5051 1400 5106 οὑν
1441 5051 1659 5124 βραδεῖς
1718 5052 1877 5123 ὑμεῖς

265 5146 428 5212 ἐπε,
489 5142 602 5214 ἐγὼ
654 5143 1008 5199 διαϐαστάσω
1057 5144 1159 5213 τὴν
1225 5142 1384 5214 ὑμῶν
1443 5144 1708 5208 διάνοιαν,
1781 5144 1878 5197 καὶ

272 5228 416 5293 νοεῖν
463 5239 633 5306 ὀξέως
672 5244 917 5311 ποιήσω.
942 5239 1036 5292 Διδ
1070 5241 1166 5292 καὶ
1207 5239 1318 5293 ἀπὸ
1354 5238 1604 5302 Μωσέως
1643 5241 1739 5293 καὶ
1768 5238 1878 5292 άπδ

267 5333 494 5388 πάντων
533 5333 647 5388 τῶν
688 5332 989 5406 προφητῶν
1028 5334 1403 5406 διηρμήνευεν
1441 5334 1632 5396 αὑτοῖς
1659 5350 1671 5360 ·
1723 5332 1786 5385 τό
1815 5349 1876 5386 τε

269 5425 384 5494 γὰρ
429 5427 529 5495 τῆς
590 5425 852 5498 Ἀδραὰμ
913 5426 1107 5491 θυσίας
1161 5427 1489 5498 μυστήριον,
1542 5427 1626 5480 ὅτι
1688 5425 1878 5479 Ἰσαὰκ

1977 4706 2083 4746 non
2117 4687 2473 4760 perpenditis.
2521 4684 2628 4741 Sed
2653 4686 2797 4756 quod
2824 4686 2997 4741 dicit:
3055 4684 3164 4740 Vos
3195 4682 3354 4738 stulti
3415 4682 3553 4737 estis
3583 4721 3598 4735 .

1977 4785 2200 4852 signat,
2239 4779 2402 4834 Tartli
2445 4778 2627 4843 estis;
2667 4792 2794 4832 nam
2831 4778 2876 4831 si
2921 4777 3071 4832 slulti
3109 4774 3381 4838 fuissent,
3424 4786 3606 4842 neque

1981 4877 2098 4947 ipse
2125 4873 2207 4928 eis
2242 4873 2440 4927 fuisset
2475 4873 2713 4925 loculus.
2745 4867 2817 4922 At
2859 4867 2986 4936 quia
3015 4867 3156 4921 tardi
3186 4865 3322 4921 estis
3353 4874 3475 4930 vos,
3503 4877 3606 4936 ego

1983 4975 2224 5021 tuentem
2260 4970 2503 5018 vestram
2537 4961 2761 5017 acutius
2794 4961 2986 5017 videre
3033 4959 3256 5014 faciam.
3304 4957 3457 5014 Unde
3485 4966 3540 5012 et
3573 4971 3602 5010 a

1984 5057 2134 5114 Mose
2175 5070 2231 5112 et
2290 5057 2358 5112 ab
2405 5056 2666 5110 omuilms
2712 5054 2999 5126 prophetis
3050 5055 3452 5122 interpretatur
3499 5055 3604 5114 eis,

1983 5168 2181 5223 nempe
2233 5152 2558 5226 mysterium
2613 5151 2873 5206 sacrificii
2930 5149 3201 5211 Abrahae,
3247 5146 3472 5217 quando
3522 5145 3607 5200 di-

1983 5246 2160 5302 misso
2194 5244 2371 5312 Isaac,
2402 5245 2550 5301 aries
2583 5243 2904 5300 immolatus
2937 5253 3023 5299 est
3053 5242 3122 5301 ".
3160 5239 3289 5297 Haec
3321 5239 3472 5295 enim
3518 5254 3607 5295 res

1985 5339 2296 5394 dominicas
2354 5337 2765 5412 praeﬂgurabat.
2799 5337 2956 5391 Sicut
2997 5336 3164 5390 etiam
3198 5335 3314 5403 ipse
3344 5320 3609 5388 Dominus

1983 5433 2116 5486 dicit
2146 5433 2351 5487 vidisse
2369 5431 2648 5487 Abraham
2681 5430 2826 5486 diem
2867 5445 3056 5493 suum,
3104 5436 3162 5482 et
3197 5425 3509 5483 exsultasse
3532 5421 3601 5478 ".

268 5516 591 5588 ἀφεθέντος,
620 5519 776 5591 κριδς
826 5518 1016 5590 ἐτύθη,
1051 5519 1227 5574 ταῦτα
1265 5521 1333 5574 τά
1360 5519 1506 5574 κατά
1535 5519 1628 5574 τὸν
1674 5519 1865 5586 Κύριοι

1989 5523 2057 5578 Et
2081 5524 2250 5577 illud:
2284 5542 2302 5576 ι
2340 5521 2614 5579 Videbitis
2633 5522 2802 5578 vitam
2831 5531 3080 5578 nostram
3109 5518 3502 5590 pendentem"
3533 5534 3547 5572 :
3583 5535 3603 5570 ι

271 5612 610 5685 προετὺπου,
647 5615 723 5679 ὼς
752 5615 847 5668 καὶ
885 5615 1052 5680 αὑτὸς
1084 5617 1112 5669 ὁ
1143 5615 1350 5686 Κύριός
1397 5633 1588 5688 φησιν,
1629 5616 1758 5669 ἰδεῖν
1795 5615 1865 5668 τδε

1992 5616 2046 5672 lu
2077 5631 2190 5687 quo
2222 5626 2276 5673 et
2305 5616 2726 5673 cruciﬁxionem
2779 5613 3080 5686 signiﬁcat.
3133 5611 3464 5683 pendentem
3517 5605 3608 5663 di-

356 5815 575 5872 "l’sal.
622 5833 740 5880 xxi,
787 5818 875 5874 l7.
958 5817 1003 5852 “
1038 5817 1181 5874 Psal.
1219 5834 1310 5880 xv,
1361 5818 1440 5870 10.
1524 5819 1570 5852 δ’
1626 5817 1761 5873 Ibid.-
1840 5817 1887 5851 ⁸ο
1950 5815 2096 5873 Psal.
2155 5833 2402 5885 t.x.\xvn,
2451 5815 2504 5873 6.
2584 5817 2631 5852 "
2681 5814 2824 5875 Psal.
2879 5815 3128 5884 ιιι-ΠΛ.
3209 5811 3608 5885 "lsa.t.m,7.

270 5891 471 5947 "thI.
498 5891 740 5956 un,l3.
819 5889 1039 5948 “Joan.
1078 5905 1194 5952 \lll,
1237 5890 1326 5945 5'15.
1408 5891 1452 5922 "
1488 5891 1645 5946 Deut.
1680 5907 1876 5956 xxvtu,
1930 5889 2022 5948 66.
