4228 6428
246 428 380 493 1121

931 428 1395 492 ENARRATIO
1437 427 1522 490 IN
1557 417 2072 491 EVANGELIUM
2113 423 2358 486 ωδε.
2391 447 2466 460 --
2493 422 2658 485 CAP.
2693 423 2902 484 XXIV.

3427 418 3566 485 1122

237 545 300 596 ἰν
331 543 450 602 ταῖς
509 542 760 607 καρδίαις
792 537 986 609 ὐμῶν;
1029 558 1047 591 ι
1097 541 1319 603 πάντως
1347 539 1507 593 aut
1551 537 1850 607 γινώσκειν

1960 546 2098 600 tum,
2122 535 2490 604 palpationem
2517 549 2777 587 manuum
2801 546 2851 587 et
2872 532 3072 602 pedum
3105 531 3246 602 ejus.
3269 531 3378 588 Vos
3394 537 3564 590 enim.

240 633 472 702 καρδίας
511 630 647 684 Θεοῦ
694 630 1150 701 ὁμολογουμένως
1213 632 1352 686 ἐστί.
1418 631 1705 702 Ἐπιφέρει
1750 630 1846 683 καὶ

239 724 451 793 ἓτερον,
487 724 586 793 τὴν
636 723 956 794 ψηλάφησιν
992 724 1104 776 τῶν
1137 723 1339 794 χειρῶν
1370 724 1466 776 καὶ
1496 725 1606 776 τῶν
1641 723 1843 778 ποδῶν.

255 817 447 887 Ὑμεῖς
491 818 589 887 μὲν
636 817 766 884 γάρ,
819 818 976 886 φησι,
1019 818 1084 884 μὲ
1138 818 1358 886 πνεῦμα
1421 817 1628 869 δοκεῖτε
1684 813 1844 885 εἰναι,

241 911 364 980 ἢτοι
396 909 714 979 φάντασμα,
749 904 839 962 οἷα
896 909 1065 963 πολλὰ
1100 910 1212 962 τῶν
1261 909 1575 964 τεθνεώτων
1609 910 1847 980 μάλιστα

241 1003 376 1074 περὶ
405 1003 474 1055 τὰ
504 1003 766 1072 μνήματα
801 1004 1097 1071 φαντάζειν
1151 1003 1369 1056 εἴωθεν·
1435 1004 1553 1056 ἀλλ’
1593 1005 1728 1066 ῐστε,
1764 1005 1846 1058 δτι

239 1096 304 1147 τὸ
336 1096 436 1164 μὲν
475 1094 692 1162 πνεῦμα
732 1093 855 1146 οὔτε
895 1094 1094 1164 σάρκα,
1122 1093 1250 1146 οὔτε
1292 1095 1452 1148 ὀστέα
1484 1095 1614 1166 ἔχει·
1646 1095 1758 1162 ἐγὼ
1791 1095 1848 1149 δὲ

242 1190 341 1239 και
372 1188 554 1255 σάρκα
584 1189 678 1240 καὶ
709 1188 875 1238 ὀστέα
907 1186 1034 1257 έχω,
1074 1188 1120 1238 εἰ
1155 1186 1250 1239 καὶ
1277 1187 1524 1256 θειότερα
1555 1191 1649 1241 καὶ
1682 1206 1849 1241 πνευ-

246 1280 475 1348 ματικά.
511 1281 584 1332 Τὸ
615 1280 725 1348 γὰρ
774 1278 868 1331 τοῦ
903 1278 1110 1349 Κυρίου
1149 1279 1311 1348 σῶμα
1363 1280 1583 1350 πνεῦμα
1617 1281 1717 1350 μὲν
1747 1281 1850 1336 οὐκ

243 1369 336 1441 ἦν,
399 1373 774 1443 πνευματικὸν
826 1373 904 1439 δὲ,
970 1374 1248 1437 τουτέστι,
1305 1375 1486 1440 πάσης
1534 1374 1850 1445 παχύτητος

243 1464 426 1529 ἐκτὸς,
465 1467 741 1536 πνεύματι
775 1464 1169 1535 διοικούμενον.
1220 1466 1294 1518 Τὸ
1326 1467 1425 1535 μὲν
1460 1466 1567 1536 γὰρ
1606 1465 1788 1536 σῶμα,
1821 1467 1849 1519 δ

243 1555 344 1608 νῦν
370 1556 591 1627 ἔχομεν,
627 1556 860 1627 ψυχικόν
902 1559 1039 1618 ἐστι,
1084 1558 1384 1620 τουτέστιν,
1432 1557 1580 1628 ψυχῇ
1614 1557 1851 1611 διοικού-

248 1667 436 1720 μενον,
471 1651 568 1703 καὶ
602 1648 1040 1718 ζωογονούμενον
1082 1653 1205 1712 ταῖς
1250 1652 1510 1716 φυσικαῖς
1545 1653 1641 1703 καὶ
1681 1650 1850 1722 ψυχι-

247 1742 374 1806 καῖς
412 1743 662 1812 ποιότησι
694 1743 790 1796 καὶ
815 1742 1102 1812 δυνάμεσι.
1132 1741 1207 1795 Τὸ
1231 1743 1286 1796 δὲ
1319 1745 1456 1813 μετὰ
1479 1746 1578 1815 τὴν
1607 1745 1850 1798 ἀνάστα-

248 1851 339 1886 σιν
392 1835 772 1906 πνευματικὸν
806 1834 1092 1904 ὠνόμασεν
1136 1837 1164 1889 ό
1215 1835 1450 1901 Παῦλος,
1479 1837 1649 1907 ἧγουν
1682 1839 1850 1890 πνεύ-

1952 630 2149 697 inquit,
2169 628 2419 697 spiritum
2438 627 2640 694 putatis
2664 641 2908 690 tneesse,
2924 624 3094 696 496
3117 626 3196 677 vel
3217 627 3565 694 phantasma,

1949 721 2129 790 qualia
2182 719 2353 774 multa
2400 719 2544 772 circa
2596 731 2940 772 mortuorum
2990 718 3243 784 sepulcra
3300 733 3569 787 apparere

1950 815 2127 872 solent
2160 828 2174 864 :
2213 814 2308 866 sed
2340 811 2494 865 scitis
2532 813 2673 880 quod
2707 812 2936 880 spiritus
2967 813 3185 879 quidem
3220 827 3400 877 neque
3433 828 3560 866 car-

1952 921 2074 960 nem
2109 920 2286 973 neque
2316 919 2440 958 ossa
2492 905 2655 958 habet
2686 921 2699 958 :
2733 919 2835 973 ego
2873 915 3056 956 autem
3093 918 3318 957 carnem
3353 915 3408 958 et
3441 921 3566 959 os-a

1951 1001 2147 1065 habeo,
2181 1000 2392 1051 tametsi
2420 997 2687 1051 diviniora
2715 1007 2770 1051 et
2797 995 3130 1064 Spiritualia.
3167 996 3383 1048 Domini
3420 1000 3565 1051 enim

1951 1106 2153 1159 corpus
2198 1092 2425 1160 Spiritus
2463 1090 2684 1160 quidem
2731 1105 2836 1142 non
2884 1099 3024 1149 erat,
3057 1147 3068 1158 ι
3097 1091 3192 1142 sed
3248 1089 3569 1157 Spirituale,

1951 1184 2055 1238 hoc
2087 1193 2194 1250 est,
2234 1185 2442 1251 absque
2471 1185 2617 1237 omni
2649 1182 3039 1246 crassitudine,
3071 1196 3101 1235 a
3141 1182 3336 1248 spiritu
3371 1183 3571 1250 guber-

1954 1287 2160 1330 natum.
2195 1278 2413 1332 Etenim
2445 1291 2647 1344 corpus
2688 1277 2832 1344 quod
2859 1288 3002 1328 nUnc
3039 1277 3306 1328 habemus
3335 1276 3573 1328 animale

1952 1381 2058 1434 est,
2091 1374 2193 1424 hoc
2232 1380 2338 1435 est,
2372 1373 2438 1423 ab
2471 1371 2651 1423 anima
2695 1370 2926 1438 regitur,
2961 1377 3016 1421 et
3067 1383 3094 1420 a
3135 1369 3478 1422 naturalibus
3517 1379 3574 1424 et

1959 1464 2293 1519 animalibus
2321 1463 2676 1533 qualitatibus
2705 1479 2770 1517 ac
2802 1464 3010 1517 viribus
3054 1463 3380 1516 vivificatur.
3413 1463 3572 1529 Quod

1953 1565 2139 1612 autem
2188 1567 2311 1628 post
2355 1559 2815 1610 resurrectionem
2875 1557 3220 1619 habebimus,
3285 1557 3575 1624 Spirituale

1953 1651 2261 1705 nominavit
2291 1649 2494 1704 Paulus
2518 1650 2587 1713 ",
2621 1649 2726 1703 hoc
2756 1661 2858 1714 est,
2899 1651 3040 1718 quod
3070 1666 3099 1702 a
3145 1651 3331 1703 divino
3365 1649 3573 1719 Spiritu

1954 1743 2258 1797 vivificetur
2285 1752 2339 1797 et
2371 1743 2730 1812 gubernetur,
2765 1752 2817 1794 et
2852 1757 2957 1794 non
2990 1745 3057 1796 ab
3082 1743 3264 1795 anima
3301 1743 3576 1812 modoque

1956 1834 2220 1889 indicibili
2254 1844 2306 1889 et
2349 1835 2618 1903 spirituali
2659 1833 2726 1888 ad
2768 1835 3235 1901 incorruptionem
3280 1835 3572 1889 alteratum

249 1944 382 1997 ματι
415 1928 854 2000 ζωογονούμενον
887 1931 1018 2000 θείῳ
1050 1932 1146 1982 καὶ
1191 1925 1590 1999 διοικούμενον,
1643 1930 1741 1984 καὶ
1787 1932 1850 1984 οὐ

1960 1929 2029 1982 sit
2055 1939 2111 1981 et
2146 1929 2199 1981 in
2227 1943 2289 1982 ea
2327 1942 2733 1982 conservatum.
2773 1926 2904 1980 Tale
2953 1928 3121 1997 igitur
3150 1937 3371 1995 oportet
3410 1928 3576 1982 intel-

221 2020 417 2089 ψυχῇ,
477 2020 669 2090 τρόπῳ
726 2022 1026 2093 ἀπορρήτῳ
1097 2022 1193 2075 καὶ⁵
1267 2022 1633 2093 πνευματικῷ
1716 2024 1855 2094 πρὸς

244 2113 562 2184 ἀφθαρσίαν
617 2115 1131 2186 μεταστοιχειωθὲν,
1181 2117 1279 2170 καὶ
1320 2118 1379 2168 έν
1433 2116 1608 2187 ταύτῃ
1648 2132 1853 2186 συντη-

249 2207 538 2277 ρούμενον.
567 2206 821 2262 Τοιοῦτον
843 2207 938 2262 οῦν
964 2209 1068 2280 χρὴ
1089 2211 1230 2262 νοεῖν
1245 2210 1308 2263 τὸ
1333 2208 1428 2263 τοῦ
1452 2211 1662 2281 Κυρίου
1691 2210 1854 2280 σῶμα

249 2302 392 2371 μετὰ
432 2308 530 2371 τὴν
563 2301 882 2366 ἀνάστασιν,
920 2303 1318 2372 πνευματικὸν,
1369 2301 1468 2356 καὶ
1499 2302 1719 2366 λεπτὸν,
1756 2303 1853 2357 καὶ

246 2396 433 2466 πάσης
461 2394 776 2465 παχύτητος
804 2397 982 2460 ἐκτὸς,
1011 2397 1105 2449 καὶ
1135 2395 1259 2450 οὗτε
1287 2397 1516 2466 τροφῆς,
1537 2395 1661 2450 οὔτε
1690 2395 1851 2450 ἄλλου

245 2490 392 2551 τινὸς
435 2489 712 2559 δεόμενον,
762 2490 811 2541 εἰ
866 2488 961 2542 καὶ
1001 2489 1140 2559 πρὸς
1190 2489 1458 2543 πίστωσιν
1498 2489 1725 2558 ἔφαγεν.
1787 2489 1853 2541 Ὀ

247 2581 361 2652 γάρ
391 2580 619 2648 ἔφαγεν,
666 2581 727 2634 οὐ
784 2581 928 2636 κατὰ
986 2582 1151 2650 φύσιν
1187 2581 1415 2650 ἔφαγεν,
1450 2581 1588 2636 ἀλλὰ
1621 2582 1743 2636 κατ’
1774 2584 1854 2635 oi-

249 2675 538 2744 κονομίαν,
571 2674 658 2726 ἵνα
679 2673 829 2745 δείξῃ
860 2673 942 2726 ὅτι
972 2660 1105 2727 αὐτό
1137 2673 1194 2726 τὸ
1226 2673 1401 2726 παθὸν
1427 2673 1588 2744 σῶμα
1621 2674 1850 2745 ἀνέστη.

249 2768 409 2820 Κατὰ
455 2765 618 2836 φύσιν
657 2766 843 2836 μέντοι
872 2763 1131 2836 τοῦτοτῷ
1159 2765 1372 2835 σώματι
1402 2762 1492 2836 ἦν,
1540 2767 1601 2818 τὸ
1643 2766 1853 2819 κεκλει-

250 2859 469 2930 σμένων
494 2859 602 2911 τῶν
631 2857 812 2930 θυρῶν
837 2857 1088 2920 εἰσιέναι,
1113 2857 1175 2910 τό
1196 2858 1416 2920 άκόπως
1442 2857 1549 2910 ἀπὸ
1576 2858 1744 2910 τόπου
1772 2859 1854 2920 εἰς

249 2953 417 3005 τόπον
452 2950 823 3020 μεταϐαίνειν.
864 2947 1271 3004 Ἀπιστούντων
1307 2945 1401 3003 οὖν
1443 2951 1551 3002 τῶν
1589 2949 1852 3019 μαθητῶν

245 3044 356 3109 ἔτι,
389 3051 483 3097 καὶ
533 3043 669 3114 μηδὲ
702 3045 808 3096 ἀπὸ
838 3046 936 3114 τῆς
964 3042 1337 3115 ψηλαφήσεως
1382 3045 1847 3107 ἀναπεισθέντων,

251 3137 347 3190 καὶ
393 3137 582 3207 ἕτερον
626 3136 975 3208 προστίθησι,
1001 3139 1208 3207 «τὸτῆς
1263 3137 1544 3209 βρώσεως,
1585 3136 1706 3208 θείᾳ
1746 3138 1851 3190 τινὶ

249 3231 479 3293 δυνάμει
554 3232 1114 3300 καταναλισκομένων
1184 3231 1295 3284 τῶν
1365 3229 1848 3302 βιϐρωσκομένων.
1881 3260 1925 3324 C

251 3328 371 3382 Πᾶν
401 3327 510 3396 γὰρ
541 3326 602 3378 τὸ
631 3327 876 3394 φυσικῶς
912 3326 1353 3397 βιὸρωσκόμενον
1384 3326 1473 3378 διὰ
1508 3325 1604 3378 τοῦ
1646 3325 1854 3395 στόμα-

248 3438 344 3482 τος
401 3422 475 3480 εἰς
519 3419 808 3489 ἀφεδρῶνα
859 3420 1065 3489 χωρεῖ·
1114 3419 1185 3470 τὰ
1233 3417 1290 3470 δὲ
1323 3419 1386 3470 οὐ
1441 3418 1718 3485 φυσικῶς,
1778 3418 1856 3479 ὠς

247 3515 499 3583 εἷπομεν,
541 3513 656 3566 ἀλλ’
701 3514 1070 3583 οἰκονομικῶς
1115 3511 1510 3580 ὲδιόρώσκετο.
1571 3511 1760 3580 Ἔχειν
1798 3509 1856 3563 δέ

246 3625 302 3661 τι
333 3609 424 3659 καὶ
459 3607 693 3677 αἴνιγμα
737 3607 882 3659 ἔοικε
913 3607 979 3660 τὰ
1025 3608 1146 3660 τότε
1182 3607 1486 3678 βρωθέντα·
1527 3607 1711 3678 ἰχθύος
1746 3608 1856 3676 γὰρ

249 3698 420 3752 ὀπτοῦ
454 3699 621 3768 μέρος
659 3697 870 3768 φαγὼν,
908 3699 1210 3755 αἰνίττεται
1245 3701 1326 3752 ὅτι
1360 3700 1460 3771 τὴν
1499 3699 1664 3769 φύσιν
1695 3699 1858 3770 ἡμῶν

251 3778 369 3863 τὴν⁹
399 3793 456 3844 ἐν
490 3792 566 3860 τῷ
603 3791 834 3862 ἁλμυρῷ
875 3792 1051 3864 τούτῳ
1103 3791 1204 3862 βίῳ
1249 3793 1560 3863 νηχομένην
1601 3793 1678 3863 τῷ
1721 3795 1860 3864 πυρὶ

249 3886 352 3958 τῆς
385 3887 592 3950 οἰκείας
640 3887 894 3956 θεότητος
939 3886 1197 3956 ὲκτήξας,
1241 3887 1334 3939 καὶ
1377 3888 1562 3940 πᾶσαν
1593 3889 1660 3957 ἣν
1710 3882 1858 3956 εἶχεν

249 3982 316 4035 ἐκ
348 3981 455 4034 τῶν
483 3980 692 4049 βαθέων
718 3979 826 4033 τῶν
858 3979 1086 4046 ὑδάτων,
1122 3980 1325 4048 μᾶλλον
1350 3979 1407 4034 δὲ
1437 3979 1545 4032 τῶν
1570 3982 1855 4052 κυμάτων,

250 4075 529 4146 ὑγρότητα
559 4073 888 4144 έξικμάσας,
924 4074 1076 4128 θείαν
1101 4074 1306 4145 βρῶσιν
1324 4076 1596 4145 πεποίηκε
1627 4075 1855 4144 ταύτην,

247 4170 351 4240 τὴν
383 4168 576 4240 πρώην
627 4168 927 4238 βδελυκτὴν
989 4168 1176 4237 ἡδεῖαν
1218 4166 1425 4238 βρῶσιν
1475 4167 1859 4239 ἐργασάμενος

247 4262 328 4332 τῷ
354 4261 495 4331 Θεῷ.
532 4261 706 4314 Τοῦτο
740 4264 872 4332 γὰρ,
907 4264 1096 4330 φησιν,
1130 4260 1439 4314 αἰνίττεται
1473 4260 1534 4313 τὸ
1569 4261 1858 4330 μελίσσιον

251 4355 466 4422 κηρῖον,
491 4353 588 4424 τὴν
612 4353 707 4406 νῦν
733 4353 1054 4424 γλυκύτητα
1081 4353 1225 4422 λέγω
1247 4355 1344 4424 τῆς
1378 4354 1510 4424 πρὶν
1542 4351 1858 4422 άποὸλήτου

250 4447 410 4515 ἡμῶν
453 4443 691 4512 φύσεως.
748 4444 821 4497 Ἢ
869 4445 964 4498 καὶ
1005 4445 1186 4514 τοῦτο,
1209 4439 1390 4516 οἶμαι,
1413 4444 1733 4510 αἰνίττεται,
1769 4445 1859 4498 διὰ

254 4539 356 4607 μὲν
403 4537 497 4590 τοῦ
550 4535 719 4590 ὀπτοῦ
758 4537 942 4606 ἰχθύος
982 4537 1082 4609 τὴν
1135 4537 1469 4610 πρακτικὴν,
1513 4534 1858 4608 ὑφαιροῦσαν

1960 2023 2130 2092 ligcre
2173 2022 2388 2077 Domini
2437 2037 2638 2093 corpus
2692 2029 2814 2092 post
2866 2023 3353 2084 resurrectionem,
3413 2022 3580 2091 Spit-i-

1959 2117 2127 2181 tnale,
2162 2127 2217 2169 et
2268 2115 2488 2178 subtile,
2521 2125 2577 2170 et
2611 2113 2852 2169 alienum
2887 2116 2954 2167 ab
2983 2117 3130 2170 omni
3170 2116 3575 2181 crassitudine,

1961 2224 2140 2278 neque
2204 2210 2312 2264 cibi
2371 2225 2548 2278 neque
2601 2209 2826 2264 alterius
2879 2208 3204 2279 cujusquam
3278 2209 3578 2279 indigens,

1960 2304 2210 2374 quamvis
2228 2306 2294 2357 ad
2318 2303 2796 2358 confirmationem
2829 2301 3048 2356 illorum
3073 2304 3394 2356 comederit.
3421 2304 3581 2370 Quod

1959 2400 2107 2452 enim
2141 2399 2403 2460 comedit,
2431 2414 2538 2450 non
2568 2397 2868 2451 secundum
2896 2407 3154 2449 naturam
3187 2399 3446 2460 comedit,
3484 2397 3580 2453 sed

1959 2491 2259 2544 secundum
2292 2489 2782 2558 dispensationem,
2823 2490 2888 2540 ad
2923 2491 3232 2543 docendum
3263 2491 3410 2558 quod
3448 2489 3580 2543 illud

1960 2585 2138 2654 ipsum
2173 2599 2377 2652 corpus
2401 2583 2545 2652 quod
2583 2599 2805 2648 passnm
2841 2594 2941 2644 est,
2970 2586 3294 2637 surrexerit.
3325 2583 3584 2638 Naturale

1961 2686 2145 2728 autem
2190 2675 2319 2729 huic
2369 2672 2586 2741 corpori
2634 2685 2754 2727 erat
2783 2675 2987 2726 clausis
3015 2673 3203 2741 januis
3257 2671 3493 2739 ingredi,
3527 2680 3584 2724 et

1960 2772 2170 2837 absque
2197 2768 2387 2822 labore
2417 2784 2446 2822 e
2480 2768 2602 2821 loco
2633 2769 2685 2820 in
2715 2767 2895 2820 locum
2944 2768 3202 2821 transire.
3241 2765 3432 2834 Itaque
3457 2779 3584 2820 cum

1960 2861 2214 2930 discipuli
2246 2862 2424 2915 adhuc
2454 2877 2561 2915 non
2597 2863 2911 2923 crederent,
2945 2876 3123 2930 neque
3174 2877 3271 2930 per
3312 2861 3585 2930 palpatio-

1959 2967 2084 3006 nem
2121 2951 2613 3021 persuaderentut,
2667 2951 2818 3004 addit
2853 2959 2908 3004 et
2953 2952 3108 3004 aliud
3159 2951 3447 3014 indicium,
3491 2965 3587 3004 co-

1962 3045 2207 3110 medens,
2255 3044 2440 3098 divina
2492 3044 2730 3112 quadam
2766 3045 2965 3097 virtute
3012 3048 3391 3098 consumendo
3439 3044 3585 3113 quod

1960 3139 2176 3191 edebat.
2207 3136 2403 3192 Omnis
2439 3137 2586 3191 enim
2624 3139 2782 3192 cibus
2830 3147 3023 3192 natura
3066 3153 3165 3208 per
3208 3153 3270 3193 os
3311 3149 3587 3205 sumptus,

1962 3237 2028 3289 ad
2049 3250 2330 3290 secessum
2364 3236 2556 3290 vadit:
2589 3251 2777 3289 verum
2804 3237 2920 3290 haec
2953 3252 3057 3289 non
3085 3237 3431 3299 naturaliter,
3464 3236 3586 3300 sed,

1963 3340 2024 3382 ut
2093 3329 2355 3393 diximus,
2413 3329 2720 3383 secundum
2801 3330 3267 3399 dispensationem
3325 3331 3584 3384 comedit.

1961 3424 2140 3477 liabet
2172 3433 2356 3476 autem
2390 3423 2625 3492 zenigma
2657 3424 2953 3491 quoddam,
2990 3428 3133 3492 quod
3177 3431 3388 3491 partem
3419 3423 3588 3491 piscis

1962 3515 2266 3571 comederit
2296 3532 2310 3569 :
2346 3515 2625 3582 significat
2659 3516 2807 3568 enim
2843 3518 2988 3585 quod
3023 3530 3276 3569 naturam
3307 3525 3579 3577 nostram,

1962 3611 2085 3679 quae
2119 3610 2173 3661 in
2209 3607 2556 3676 salsuginoso
2588 3608 2693 3662 hoc
2729 3608 2865 3662 mari
2913 3617 3088 3669 natat,
3120 3609 3228 3678 igui
3263 3623 3374 3664 sum
3409 3607 3586 3662 deita-

1964 3701 2033 3754 tis
2060 3701 2284 3766 assuit,
2317 3709 2372 3754 et
2416 3700 2713 3753 exsiccarit
2743 3713 2962 3752 omnem
3005 3700 3290 3752 humorem
3335 3713 3484 3764 piem
3520 3713 3590 3752 ex

1963 3792 2248 3863 profundis
2276 3792 2534 3846 fluctibus
2559 3791 2892 3858 babebat,ut
2911 3792 3062 3847 fieret
3083 3791 3298 3846 divinus
3333 3792 3514 3862 cibus,
3533 3801 3590 3846 et

1963 3888 2056 3956 qui
2085 3885 2233 3954 prius
2260 3898 2380 3939 erat
2417 3885 2800 3940 abominabilis
2820 3926 2835 3952 ,
2869 3890 3024 3939 fieret
3055 3901 3199 3939 ιιιιιιο
3225 3886 3400 3939 dulcis
3434 3886 3543 3941 Deo
3572 3903 3586 3939 :

1964 3981 2067 4035 hoc
2120 3981 2268 4034 enim
2315 3979 2628 4049 siguiIiCare
2669 3981 2868 4034 dicitur
2919 3979 3077 4035 favus
3120 3979 3586 4042 mellis,dnlcedi-

1965 4090 2088 4130 nem
2120 4076 2240 4128 dico
2274 4085 2484 4128 natura:
2513 4085 2714 4128 nostra!
2751 4076 2902 4142 prius
2946 4074 3198 4144 ahjecta3.
3240 4074 3331 4128 Vel
3363 4078 3443 4144 (ut
3473 4075 3590 4144 opi-

1966 4169 2088 4239 nor)
2122 4168 2398 4238 significat
2455 4184 2551 4234 per
2593 4171 2801 4238 piscem
2836 4178 3081 4221 assatum
3129 4170 3368 4221 activam
3401 4171 3590 4232 vitam,

1965 4277 2086 4332 qua:
2135 4262 2276 4315 tollit
2328 4273 2574 4316 nostram
2629 4261 3017 4316 humiditatem
3072 4270 3126 4316 et
3163 4261 3589 4315 crassitudinem

1967 4355 2175 4408 auxilio
2203 4354 2507 4409 carbonum
2542 4353 2944 4420 solitariortnn,
3001 4365 3057 4408 et
3107 4355 3351 4424 qttietrm
3385 4355 3594 4424 ample-

1969 4446 2242 4500 xantium.
2286 4444 2391 4500 Per
2421 4445 2605 4499 favum
2635 4456 2821 4499 autem
2855 4445 3154 4514 apiarium,
3187 4446 3478 4500 scientiam
3507 4446 3592 4502 vel

1965 4538 2513 4610 contemplationem.
2562 4537 2847 4608 Siquidem
2893 4539 3074 4595 dulcia
3122 4539 3341 4608 eloquia
3389 4540 3481 4594 Dei
3521 4542 3590 4593 ⁵⁷.

247 4631 413 4702 ήμῶν
461 4632 560 4701 τὴν
590 4631 791 4702 πολλὴν
827 4632 1102 4703 ὑγρότητα
1140 4635 1234 4686 καὶ
1273 4632 1566 4704 παχύτητα
1616 4632 1706 4686 διά
1756 4633 1854 4703 τῆς

1969 4633 2067 4688 Est
2105 4643 2161 4687 et
2205 4633 2346 4688 alius
2393 4633 2548 4688 favus
2583 4635 2877 4703 agrestior,
2926 4651 3122 4704 nempe
3168 4637 3454 4704 gentilium
3506 4650 3595 4690 sa.

246 4725 359 4780 τῶν
390 4725 681 4797 ἐρημικῶν
710 4728 803 4780 καὶ
839 4727 1226 4798 ἡσυχαστικῶν
1257 4727 1550 4798 ἀνθράκων
1579 4726 1857 4797 βοηθείας·

251 4821 352 4892 τὴν
387 4821 444 4874 δὲ
476 4821 700 4888 γνῶσιν,
732 4822 852 4892 ἦτοι
883 4820 1139 4892 θεωρίαν,
1179 4821 1269 4873 διὰ
1305 4821 1398 4874 τοῦ
1438 4820 1721 4892 μελισσίου
1759 4835 1849 4888 κη-

249 4917 393 4986 ρίου,
440 4915 600 4985 εἰπερ
650 4914 860 4984 γλυκέα
911 4915 978 4967 τὰ
1033 4912 1128 4965 τοῦ
1175 4912 1312 4966 Θεοῦ
1363 4913 1542 4982 λόγια.
1598 4913 1756 4965 Ἔστι
1806 4911 1862 4964 δὲ

249 5009 468 5081 κηρίον,
494 5008 631 5062 ἀλλὰ
664 5007 1014 5079 κηφηνῶδες,
1047 5007 1110 5060 τὸ
1140 5006 1239 5076 τῆς
1280 5005 1604 5075 Ἑλληνικῆς
1638 5004 1855 5074 σοφίας·

1972 4728 2198 4797 pientia.
2246 4725 2346 4781 Hie
2391 4737 2575 4782 autem
2620 4735 2705 4782 est
2745 4728 2990 4796 apiarius
3043 4728 3224 4790 favus.
3272 4731 3596 4796 divina,in-

1969 4836 2166 4891 quam,
2196 4819 2489 4889 sapientia.
2529 4819 2815 4892 Siquidem
2853 4823 3112 4878 Christus
3153 4839 3316 4893 parva
3360 4826 3482 4894 apis
3509 4830 3598 4880 est

1965 4915 2366 4986 magnitudine.
2431 4916 2828 4970 Abbreriatum
2881 4917 3028 4971 enim
3082 4928 3168 4974 est
3207 4920 3482 4983 verbum,
3541 4928 3597 4973 et

1963 5009 2245 5064 infirmum
2279 5010 2494 5063 robore.
2523 5009 2638 5062 Non
2661 5011 2807 5064 enim
2836 5012 2887 5062 in
2919 5013 3120 5065 virtute
3147 5017 3418 5068 εετηιοηιε
3446 5012 3595 5099 Paq-

247 5103 367 5155 εστι
399 5101 455 5154 δὲ
487 5101 682 5168 κηρίον
719 5100 1022 5169 μελίσσιον,
1054 5099 1115 5150 τὸ
1147 5098 1248 5166 τῆς
1276 5097 1427 5160 θείας
1457 5099 1672 5165 caspia;
1701 5098 1854 5166 εἴπερ

1961 5101 2045 5156 lus
2077 5103 2358 5172 praedicat,
2389 5112 2445 5154 ut
2472 5119 2538 5156 ne
2564 5118 2784 5156 erucem
2821 5119 3044 5157 evacuct
3075 5104 3123 5136 ⁸⁸
3151 5122 3165 5157 :
3205 5097 3592 5159 verumtamen

248 5195 544 5264 Χριστοςή
580 5194 833 5264 μέλισσα,
875 5195 1050 5262 μικρὰ
1085 5192 1186 5262 μὲν
1217 5193 1294 5259 τῷ
1366 5191 1590 5260 μεγέθει
1643 5192 1861 5262 (συντε-

246 5291 532 5360 τμίημένος
553 5290 663 5358 γὰρ
697 5289 724 5340 ό
754 5288 933 5354 λόγος,
969 5291 1061 5338 καὶ
1087 5289 1152 5355 τῇ
1191 5285 1352 5357 ῥώμῃ
1377 5284 1633 5354 ἀσθενής·
1667 5286 1769 5338 οὐκ
1801 5287 1853 5337 Et

1964 5199 2188 5266 regibus
2220 5206 2274 5249 et
2310 5196 2498 5250 idiotis
2545 5208 2634 5250 est
2681 5197 2936 5252 amabilis
2968 5196 3331 5251 alferentibus
3374 5198 3594 5251 labores

1961 5304 2092 5343 Suos
2124 5293 2176 5340 in
2203 5291 2495 5342 sanitatem
2522 5291 2854 5344 animarum.

246 5384 476 5451 δυνάμει
512 5399 622 5452 γαρ
648 5385 808 5448 λόγου
849 5378 1057 5439 Ιιαῦλος
1086 5380 1372 5448 κηρύττει,
1405 5378 1491 5429 ἵνα
1526 5382 1601 5446 μη
1640 5377 1860 5450 κενώσῃ
1896 5379 1989 5431 τὸν
2046 5381 2342 5452 σταυρὸν),
2375 5380 2514 5453 πλὴν
2571 5379 2858 5452 βασιλεῦσι
2885 5386 2978 5436 καὶ
3012 5383 3252 5446 ἰδιώταις
3303 5384 3591 5453 ἐράσμιος,

246 5486 329 5546 εἰς
382 5484 596 5548 ὑγίειαν
649 5482 892 5548 ψυχικὴν
959 5477 1433 5549 προσφερομένοις
1493 5479 1615 5540 τοὺς
1665 5477 1864 5541 πόνους
1898 5477 2093 5547 αὐτῆς.

327 5595 347 5630 ι
382 5579 515 5630 Tota
547 5578 815 5646 διήνοιξεν
856 5577 1039 5628 αὐτῶν
1071 5574 1164 5626 τὸν
1197 5594 1323 5626 νουν
1355 5577 1449 5628 τοῦ
1487 5580 1727 5628 συνιέναι
1762 5579 1862 5640 τὰς

252 5676 501 5744 Γραφὰς,
547 5676 637 5724 καὶ
669 5669 826 5724 εἶπεν
854 5672 1060 5732 αύτοῐτ,
1092 5672 1172 5721 δτι
1204 5669 1349 5721 οὓτω
1397 5670 1733 5737 γέγραπται,
1767 5673 1860 5724 καὶ

246 5768 422 5832 οὕτως
454 5768 562 5819 ἔδει
597 5769 791 5820 παθεῖν
828 5765 919 5817 τὸν
953 5765 1212 5832 Χριστον,
1253 5765 1348 5816 καὶ
1385 5769 1449 5835 τῇ
1483 5767 1642 5836 τρίτῃ
1676 5765 1862 5837 ἡμέρᾳ

320 5948 419 6006 "l
465 5948 596 6005 Cor.
648 5963 740 6014 xv,
789 5946 881 6002 44.
957 5948 1002 5982 ⁵⁷
1037 5947 1182 6002 l‘sal.
1231 5964 1384 6014 mn,
1424 5949 1507 6004 ιο.

2049 5577 2210 5631 νειιε.
2243 5578 2314 5633 45
2350 5578 2441 5633 55.
2484 5599 2502 5632 ι
2541 5580 2696 5635 Τιιιιο
2733 5585 2950 5653 api-ruit
2995 5594 3233 5640 tuentem
3266 5587 3502 5646 illorum.
3539 5593 3602 5639 ut

1972 5673 2340 5744 ideiligereut
2386 5680 2702 5746 Scripturas
2738 5698 2750 5733 :
2796 5691 2847 5733 et
2877 5681 3015 5734 dixit
3059 5700 3162 5740 eis.
3199 5681 3288 5740 Sic
3320 5691 3593 5746 scriptum

1972 5780 2075 5833 εει,
2119 5784 2175 5825 Cl
2214 5773 2294 5827 Sic
2328 5776 2620 5843 oportebat
2665 5777 2948 5831 Clntstum
2983 5784 3118 5848 pati,
3154 5793 3203 5833 et
3241 5797 3530 5851 resurgere
3563 5795 3593 5833 δ

1587 5947 1677 6001 "l
1719 5951 1849 6005 Cor.
1894 5965 1932 6017 ι,
1976 5951 2060 6008 l7.
