4228 6428
638 367 643 371 ”
737 394 873 461 1123

1656 400 2243 463 THEOPIIYLACTI
2290 397 2705 461 BULGARHE
2743 393 3108 456 ARCHIEP.

3883 386 4022 450 1194

733 508 962 563 mortuis
981 508 1139 564 tertio
1163 509 1280 576 die,
1301 520 1354 566 et
1369 509 1533 583 497
1565 515 1845 581 praedicari
1877 517 1929 569 iu
1961 515 2178 570 nomine
2207 516 2308 586 ejus

2427 512 2727 580 ἀναστῆναι
2769 512 2834 565 ὲκ
2863 508 3096 578 νεκρῶν,
3140 507 3232 561 καὶ
3265 504 3605 576 κηρυχθῆναι
3652 507 3750 560 ἐπὶ
3789 505 3869 576 τῷ
3905 506 4025 558 ὀνό-

731 601 1104 669 ρωηίιειιιίοηι
1140 616 1204 655 ac
1239 603 1616 659 remissionem
1646 619 1991 675 peccatorum
2033 606 2087 661 in
2124 621 2318 664 omnes

730 703 941 760 gentes,
991 693 1145 747 initio
1193 692 1337 749 iacto
1382 695 1450 750 ab
1494 696 1910 769 Hierosolymis.
1963 697 2068 753 Vos
2133 710 2314 754 autem

731 784 864 838 estis
909 794 1070 838 testes
1119 789 1331 841 horum.
1372 786 1440 842 Et
1487 803 1616 844 ecce
1649 805 1750 861 ego
1799 793 1956 845 mitto
1987 792 2314 861 promissum

747 872 924 927 Patris
960 876 1062 928 mei
1095 889 1257 942 super
1300 892 1429 936 vos..
1455 877 1562 935 Vos
1597 890 1777 936 autem
1809 884 1994 937 sedete
2027 883 2080 937 in
2098 883 2320 938 civitate

728 962 1023 1018 Jerusalem
1082 981 1361 1036 usquequo
1425 969 1724 1024 induamini
1801 970 2005 1026 \irtute
2057 987 2125 1027 ex
2184 971 2314 1024 alto.

731 1054 928 1108 Eduxit
978 1067 1155 1108 autem
1213 1073 1306 1112 eos
1357 1058 1504 1115 foras
1537 1076 1707 1131 usque
1758 1063 1810 1116 in
1865 1061 2208 1126 Bethaniam,
2263 1071 2319 1117 et

728 1146 959 1202 sublatis
1007 1148 1059 1200 in
1097 1147 1261 1202 altum
1317 1152 1571 1206 manibus
1615 1154 1729 1208 suis
1780 1155 2058 1209 benedixit
2105 1155 2203 1210 eis.
2251 1151 2317 1208 Et

730 1238 933 1291 tactum
960 1251 1043 1294 est
1077 1240 1202 1294 dum
1239 1242 1587 1297 benediceret
1616 1243 2004 1324 illis,_rccessit
2027 1244 2096 1299 ab
2123 1246 2226 1306 eis.
2253 1259 2318 1300 ac

730 1329 1005 1384 ferebatur
1065 1333 1116 1384 in
1168 1333 1386 1386 C(nlum.
1430 1333 1495 1386 Et
1549 1335 1647 1403 ipsi
1705 1337 1928 1390 adorato
1980 1353 2046 1392 eo
2087 1336 2316 1406 regressi

729 1434 854 1476 sunt
884 1423 1185 1478 Jerusalem
1209 1441 1330 1478 cum
1362 1427 1561 1493 gaudio
1597 1445 1810 1499 magno,
1840 1439 1893 1482 et
1919 1440 2074 1484 erant
2102 1444 2320 1500 semper

728 1514 785 1565 in
819 1513 1014 1581 templo
1046 1514 1332 1569 laudantes
1359 1529 1415 1569 et
1439 1517 1820 1575 benediceutes
1851 1520 2040 1585 Deum,
2065 1525 2258 1578 Amen.
2293 1542 2311 1576 ι

727 1599 1016 1669 Postquam
1046 1606 1205 1657 corda
1235 1606 1448 1659 illorum
1477 1609 1814 1676 pacilicavit,
1847 1620 1901 1666 et
1923 1613 2315 1668 dubitationem

728 1692 1016 1761 loquendo,
1059 1696 1492 1767 palpabilemque
1540 1715 1598 1755 se
1631 1702 1974 1769 exhibendo,
2031 1720 2095 1760 ac
2133 1719 2318 1762 come-

727 1785 900 1837 dendo
951 1785 1179 1852 sedavit,
1245 1791 1564 1844 conﬁrmata
1615 1795 1842 1850 veritate
1895 1799 2317 1853 resurrectionis

2425 622 2553 675 ματι
2599 601 2764 657 αὑτοῦ
2829 601 3144 670 μετάνοιαν,
3192 599 3287 650 καὶ
3339 597 3537 664 ἄφεσιν
3593 596 3897 665 ἁμαρτιῶν
3944 598 4026 658 είς

2421 696 2599 748 πάντα
2624 694 2693 747 τά
2733 692 2885 762 ἔθνη.
2913 690 3222 763 ἀρξάμενον
3256 687 3364 742 ἀπὸ
3402 687 3786 758 Ἰερουσαλήμ.
3823 687 4025 754 Ὑμεῖς

2420 787 2477 841 δέ
2517 788 2642 838 ἐστε
2689 783 2967 855 μάρτυρες
3001 779 3232 844 τούτων,
3263 777 3360 832 καὶ
3396 777 3506 832 ἰδοὺ
3553 777 3664 846 ἐγὼ
3696 777 4027 831 ἀποστέλλω

2417 879 2516 950 τὴν
2538 875 2874 945 ἐπαγγελίαν
2907 872 3001 927 τοῦ
3031 871 3244 941 Πατρός
3291 887 3394 940 μου
3423 870 3509 938 ἐφ’
3552 870 3714 940 ὑμᾶς’
3767 871 3935 939 ὑμεῖς
3969 869 4026 922 δὲ

2419 971 2682 1025 καθίσατε
2705 972 2764 1022 έν
2789 971 2855 1040 τῇ
2882 968 3036 1021 πόλει
3077 964 3457 1037 Ἰερουσαλὴμ,
3488 966 3592 1030 ἓως
3619 959 3682 1019 οὗ
3715 964 4026 1036 ἐνδύσησθε

2418 1064 2654 1134 δύναμιν
2693 1061 2755 1127 ἐξ
2782 1060 2973 1130 ὕψους.
3013 1059 3286 1129 Ἐξήγαγε
3332 1059 3390 1112 δὲ
3419 1058 3616 1120 αὐτοὺς
3647 1057 3756 1122 ἔξω
3805 1057 3918 1120 ἕως
3947 1058 4027 1118 είς

2419 1155 2716 1228 Βηθανίαν,
2761 1155 2855 1206 καὶ
2894 1153 3108 1222 ἐπάρας
3137 1151 3235 1214 τὰς
3267 1151 3457 1220 χεῖρας
3504 1147 3674 1202 αὑτοῦ
3716 1148 4028 1218 εὐλόγησεν

2420 1249 2640 1310 αύτούς.
2674 1246 2785 1300 Καὶ
2815 1245 3059 1314 ἐγένετο,
3097 1245 3157 1297 ἐν
3197 1242 3277 1313 τῷ
3301 1243 3546 1311 εὐλογεῖν
3579 1243 3746 1294 αὑτὸν
3793 1241 4028 1303 αὐτοὺς.

2419 1345 2606 1415 διέστη
2633 1342 2727 1396 ἀπ’
2756 1341 2960 1407 αὐτῶν,
3012 1341 3106 1394 καλ⁵
3157 1339 3456 1409 ἀνεφέρετο
3503 1338 3582 1399 είς
3619 1336 3710 1388 τὸν
3760 1335 4026 1404 οὐρανὸν.

2420 1437 2532 1491 Καὶ
2582 1435 2740 1490 αὐτοὶ
2788 1432 3270 1505 προσκυνήσαντες
3313 1429 3497 1494 αὐτὸν,
3549 1426 3913 1497 ὑπέστρεψαν
3949 1427 4029 1487 εἰς

2431 1528 2790 1600 Ἰερουσαλὴμ
2843 1528 2985 1597 μετά
3036 1527 3213 1597 χαρᾶς
3267 1523 3540 1593 μεγάλης,
3593 1521 3689 1574 καὶ
3737 1515 3890 1589 ἦσαν
3942 1519 4030 1571 διὰ

2419 1623 2621 1684 παντὸς
2667 1623 2725 1676 ὲν
2759 1620 2838 1691 τῷ
2871 1621 3026 1692 ἱερῷ,
3055 1619 3334 1682 αἰνοῦντες
3385 1618 3478 1671 καὶ
3520 1615 3890 1683 εὐλογοῦντες
3938 1613 4030 1666 τὶν

2420 1711 2576 1766 Θεόν.
2625 1710 2820 1781 Ἀμήν.
2863 1727 2882 1760 ι
2934 1710 3063 1762 Ὅτε
3093 1709 3404 1806 εἰρήνευσε,
3442 1705 3536 1806 καὶ
3573 1706 4030 1806 uariosque-ta;

2420 1801 2646 1872 καρδίας
2675 1800 2857 1854 αὐτῶν
2887 1800 2954 1852 δι’
2988 1792 3061 1854 ὧν
3088 1795 3232 1863 εἷπε,
3257 1797 3323 1851 δι’
3349 1791 3426 1851 ὧν
3455 1795 3812 1868 ἐψηλαφήθη,
3847 1796 3922 1849 δι’
3950 1791 4027 1848 ὢν

724 1879 972 1948 corporis
1004 1880 1109 1945 sui,
1141 1890 1266 1935 tunc
1300 1886 1513 1950 aperuit
1546 1885 1758 1940 illorum
1786 1898 2022 1944 mentem
2056 1893 2121 1944 ad
2159 1893 2308 1946 iutel-

2422 1895 2594 1963 ἔφαγε
2622 1893 3035 1960 πιστωσάμενος
3067 1891 3162 1962 τὴν
3193 1890 3371 1962 ἀληθῆ
3414 1888 3509 1943 τοῦ
3543 1887 3802 1958 σώματος
3853 1887 4028 1942 αὑτοῦ

726 1970 1000 2040 ligendum
1045 1972 1376 2041 Scripturas.
1427 1974 1540 2030 Nisi
1579 1979 1724 2033 enim
1767 1985 1947 2050 quieta
1981 1981 2170 2038 fuisset
2202 1985 2319 2040 illo-

723 2076 840 2115 rum
869 2064 1073 2126 aniina,
1101 2069 1372 2132 quomodo
1414 2068 1465 2121 in
1503 2081 1649 2124 tanta
1689 2075 1996 2130 turbatione
2025 2087 2077 2128 et
2106 2076 2320 2147 inquie-

727 2145 911 2208 iudine
938 2159 1364 2224 cognovissent?
1413 2180 1432 2211 ι
1472 2161 1671 2217 Vacate
1697 2167 1884 2231 enim,
1923 2187 1942 2218 ι
1980 2170 2176 2238 inquit,
2217 2190 2235 2222 ι
2264 2181 2319 2226 et

721 2250 1032 2315 cognoscite
1049 2247 1149 2301 “.c
1177 2250 1380 2305 idcirco
1403 2263 1455 2308 et
1479 2254 1635 2309 docet
1667 2271 1759 2311 eos
1779 2261 1920 2326 quod
1949 2264 2315 2318 necessarium

721 2336 885 2391 fuerit
909 2338 1183 2394 Christum
1218 2345 1296 2397 sic
1328 2346 1459 2413 pati.
1508 2345 1789 2413 Quomodo
1834 2353 1912 2407 sic
1934 2353 1955 2405 ?
1980 2355 2082 2409 Pcr
2112 2357 2315 2425 lignum

721 2433 922 2486 crucis.
955 2432 1091 2500 Quia
1127 2436 1272 2489 enim
1305 2453 1400 2507 per
1425 2439 1627 2509 lignum
1664 2443 1938 2508 interitus,
1969 2449 2088 2502 ideo
2126 2465 2317 2508 neces-

720 2523 922 2577 sarium
953 2528 1050 2578 luit
1086 2529 1406 2598 pet-lignum
1435 2535 1841 2604 corruptionem
1875 2538 2010 2606 tolli,
2035 2553 2089 2595 et
2111 2542 2311 2599 aboleri

721 2617 1025 2686 voluptates
1065 2635 1184 2688 qua:
1229 2621 1282 2675 in
1313 2624 1477 2693 ligno,
1527 2641 1625 2695 per
1667 2629 1885 2686 dolores
1914 2648 2047 2700 quos
2085 2636 2137 2688 iu
2169 2640 2315 2708 ligno

721 2710 940 2776 pertulit
997 2711 1234 2768 invictus
1289 2714 1572 2772 Dominus.
1641 2719 1704 2774 Et
1755 2723 1949 2779 deinde
2005 2742 2313 2799 resurgere,

720 2799 918 2868 inquit,
958 2804 1119 2856 tertio
1149 2805 1254 2870 die,
1283 2817 1336 2860 et
1374 2810 1659 2877 przedicari
1691 2811 1745 2866 in
1790 2821 2008 2872 nomine
2049 2820 2167 2889 ejus
2198 2837 2314 2888 pte-

719 2891 1002 2945 nitentiam
1059 2905 1115 2949 et
1163 2899 1540 2955 remissionem
1600 2915 1952 2972 peccatorum
2013 2913 2064 2963 in
2123 2928 2315 2970 omnes

716 2992 924 3052 gentes.
962 2984 1036 3040 De
1086 2989 1361 3059 baptismo
1388 3004 1569 3046 autem
1615 2996 1717 3050 hoc
1751 2998 1872 3055 loco
1907 3001 2058 3057 dicit.
2098 3003 2232 3059 Nam
2258 3017 2311 3062 et

717 3076 772 3129 in
816 3077 916 3131 hoc
948 3082 1259 3147 paenitentia
1299 3084 1359 3137 lit
1410 3099 1508 3155 per
1553 3089 1951 3148 confessionem
2011 3107 2064 3150 et
2095 3099 2310 3168 deposi-

2422 1987 2742 2052 ἀνὰστασιν,
2795 1987 2916 2039 τότε
2951 1985 3218 2054 διήνοιξεν
3251 1982 3432 2037 αὐτῶν
3474 1984 3566 2036 τὸν
3584 1982 3709 2035 νοῦν
3749 1979 3850 2035 τοῦ
3892 1997 4026 2034 συν-

2423 2081 2559 2134 ιέναι
2601 2081 2699 2143 τὰς
2741 2081 2780 2132 Γ
2787 2079 2983 2150 ραφάς.
3039 2078 3099 2130 Ei
3145 2075 3220 2147 μὴ
3269 2076 3378 2146 γὰρ
3419 2075 3713 2146 ἐσχόλασεν
3788 2076 3822 2145 ἡ
3874 2075 4026 2144 ψυχὴ

2421 2175 2624 2243 αὐτῶν,
2669 2175 2784 2237 πῶς
2819 2172 2886 2227 ἂν
2928 2173 3072 2240 ἔγνω
3113 2171 3526 2243 ταρασσομένη,
3581 2173 3677 2224 καὶ
3723 2170 3803 2240 μὴ
3861 2171 4028 2223 καθε-

2421 2269 2605 2324 στῶσα
2631 2287 2644 2336 ;
2682 2289 2700 2319 ε
2736 2268 3042 2338 Σχολὰσατε
3060 2267 3190 2336 γὰρ,
3211 2265 3372 2335 φησὶ,
3399 2266 3491 2318 καὶ
3516 2265 3712 2333 γνῶτε.
3753 2283 3772 2316 ι
3802 2264 3899 2316 Διὸ
3933 2265 4029 2316 καὶ

2419 2362 2663 2416 διδάσκει
2711 2361 2936 2422 αὐτοὺς,
2974 2359 3056 2413 ὅτι
3104 2360 3404 2428 ἀναγκαῖον
3432 2353 3499 2428 ἦν
3530 2357 3673 2411 οὕτω
3701 2357 3904 2411 παθεῖν
3936 2359 4029 2410 τὴν

2419 2455 2675 2525 Χριστόν.
2707 2451 2885 2506 Οῦτω’
2920 2453 3038 2516 π.ῐς
3064 2469 3077 2518 ;
3099 2453 3199 2506 Διά
3232 2452 3392 2517 ξύλου
3420 2450 3679 2522 σταυροῦ·
3712 2452 3915 2521 ὲπειίὴ
3942 2452 4027 2506 διά

2420 2546 2580 2612 ξύλου
2622 2547 2650 2599 ὁ
2685 2544 2930 2614 ὄλεθρος,
2962 2544 3263 2612 ἀναγκαῖον
3311 2539 3380 2614 ἦν
3416 2543 3513 2597 καὶ
3543 2545 3632 2598 διὰ
3674 2543 3838 2608 ξύλου
3893 2547 4030 2598 ἀνα-

2417 2639 2645 2709 λυθῆναι
2679 2640 2781 2710 τὴν
2809 2637 3038 2709 φθορὰν,
3075 2639 3165 2689 καὶ
3198 2637 3266 2689 δι’
3289 2636 3494 2690 ὀδυνῶν
3536 2637 3644 2690 τῶν
3675 2637 3735 2689 ὲν
3767 2636 3847 2706 τῷ
3884 2637 4029 2708 ξύλῳ

2416 2730 2692 2784 διελθόντα
2757 2732 3029 2801 ἀήττητον
3081 2728 3172 2782 τὸν
3232 2727 3464 2798 Κύριον,
3507 2730 3608 2800 τὴν
3654 2731 3712 2783 έν
3749 2730 3828 2799 τῷ
3880 2729 4027 2802 ξύλῳ

2417 2823 2609 2894 ἡδονὴν
2641 2821 3016 2894 καταργῆσαι,
3053 2818 3172 2876 εἶτα
3218 2841 3236 2873 ι
3269 2823 3364 2876 καὶ
3391 2822 3717 2892 ἀναστῆναι,
3756 2825 3921 2895 φησὶ,
3957 2826 4024 2895 τῇ

2416 2921 2574 2992 τρίτῃ
2595 2919 2803 2991 ἡμέρᾳ,
2830 2920 2926 2973 καὶ
2961 2918 3305 2990 κηρυχθῆναι
3346 2919 3440 2972 ἐπὶ
3481 2917 3560 2988 τῷ
3581 2918 3820 2989 ὀνόματι
3851 2918 4025 2974 αὐτοῦ

2419 3013 2710 3082 μετάνοιαν
2740 3013 2833 3063 καὶ
2857 3008 3057 3080 ἄφεσιν
3074 3010 3364 3082 ἁμαρτιῶν
3389 3011 3471 3073 είς
3492 3009 3671 3063 πάντα
3700 3012 3772 3064 τὰ
3799 3011 3963 3082 (om.
4002 3031 4022 3064 ι

2415 3105 2552 3177 Περὶ
2586 3105 2681 3158 τοῦ
2734 3103 3112 3175 βαπτίσματος
3169 3104 3409 3158 ἐνταῦθά
3461 3123 3648 3176 φησιν.
3704 3106 3802 3160 Ἑν
3845 3109 4026 3178 τούτῳ

717 3167 920 3222 tionem
976 3172 1325 3238 pristinorum
1393 3178 1660 3235 malorum
1722 3193 1776 3239 et
1839 3167 2203 3257 impietatum,
2253 3201 2308 3248 et

2419 3167 2531 3267 γὰρ
2563 3167 2830 3267 μετάνοιά
2861 3215 2920 3252 τε
2943 3167 2957 3175 ’
2976 3167 3182 3268 γίνεται
3225 3199 3314 3252 διὰ
3347 3200 3447 3269 τῆς
3473 3167 3905 3272 ’ἐξαγορεύσει-ις
3936 3205 4029 3256 καὶ

715 3258 877 3312 simul
938 3263 1234 3318 comitatur
1292 3269 1541 3324 remissio
1599 3284 1973 3341 peccatorum.
2028 3279 2307 3344 Quomodo

714 3359 897 3406 autem
958 3354 1227 3424 baptisma
1292 3359 1345 3413 in
1409 3364 1626 3418 nomine
1682 3368 1851 3424 solius
1915 3370 2126 3429 Christi
2189 3377 2306 3432 ﬁeri

716 3446 1106 3518 intelligemus,
1152 3457 1457 3522 praesertim
1524 3475 1647 3513 cum
1710 3464 1847 3518 alias
1883 3466 2176 3524 doceamur
2207 3471 2308 3527 hoc

715 3540 900 3607 perlici
934 3542 985 3594 in
1016 3546 1236 3598 nomine
1267 3545 1467 3613 Patris,
1506 3560 1558 3604 et
1594 3549 1736 3618 Filii,
1762 3565 1814 3607 et
1843 3556 2076 3623 Spiritus
2097 3563 2309 3633 sancti?

713 3628 888 3697 Igitur
934 3634 1164 3701 primum
1212 3636 1428 3704 quidem
1477 3640 1709 3697 dicimus
1759 3649 1902 3715 quod
1957 3653 2174 3716 quando
2224 3628 2305 3707 di-

714 3721 891 3777 cimus
944 3725 1209 3794 baptisma
1243 3728 1360 3784 ﬁeri
1399 3730 1451 3786 in
1506 3736 1727 3790 nomine
1760 3738 1985 3808 Christi,
2024 3758 2131 3799 non
2171 3747 2306 3800 dici-

715 3827 839 3868 mus
869 3819 1013 3884 quod
1047 3829 1296 3886 Oporteat
1335 3823 1386 3874 in
1432 3825 1601 3880 solius
1635 3828 1842 3885 Christi
1894 3837 2114 3890 nomine
2163 3838 2303 3904 ﬁeri,

713 3905 809 3958 sed
844 3907 988 3975 quod
1028 3908 1228 3964 Christi
1271 3913 1536 3983 baptisma
1568 3932 1674 3986 quo
1716 3919 1970 3980 Christus
2000 3928 2306 3998 baptizatus

710 4007 820 4066 est,
872 4002 1153 4070 spirituale
1205 4004 1295 4070 sit,
1353 4023 1456 4063 non
1509 4008 1795 4069 Iudaicum
1842 4037 1854 4070 :
1917 4035 2092 4090 neque
2147 4024 2307 4092 quale

708 4085 934 4145 Joannis
987 4093 1038 4144 in
1080 4096 1458 4163 paenitentiam
1495 4101 1693 4170 solum,
1735 4108 1830 4162 sed
1881 4120 1935 4163 et
1962 4117 2303 4168 communio-

713 4195 832 4234 nem
872 4180 1110 4250 Spiritus
1149 4188 1351 4253 sancti,
1406 4200 1461 4245 et
1515 4195 1890 4254 remissionem
1953 4212 2301 4270 peccatorum

711 4270 978 4339 conferat,
1044 4288 1103 4330 ut
1144 4279 1258 4348 ipse
1303 4283 1459 4336 nobis
1491 4289 1728 4342 ostendit
1778 4305 1896 4345 cum
1941 4296 2306 4364 baptizaretur

709 4362 763 4416 in
800 4361 1060 4434 Iordane,
1097 4382 1396 4427 monstrato
1447 4374 1499 4427 in
1532 4378 1800 4434 columba:
1851 4361 2034 4452 specie
2096 4387 2304 4456 Spiritu

709 4466 922 4510 saneto.
971 4459 1199 4531 Insuper
1250 4463 1520 4533 baptisma
1576 4467 1629 4522 in
1705 4472 1926 4530 nomine
1975 4474 2173 4531 Christi
2222 4481 2303 4534 in-

2417 3288 2737 3354 ἀποθέσεως
2767 3290 2876 3344 τῶν
2907 3292 3189 3362 προτέρων
3221 3291 3433 3346 κακιῶν
3467 3295 3560 3346 καὶ
3601 3294 3902 3361 ἀσεϐειῶν,
3935 3294 4031 3350 καὶ

2416 3381 2832 3452 ἐπακολουθεῖή
2859 3383 3054 3451 ἀςεσις
3094 3383 3202 3436 τῶν
3240 3384 3549 3455 ἁμαρτιῶν.
3586 3385 3710 3449 Πῶς
3743 3387 3802 3440 δὲ
3833 3388 3901 3441 τὸ
3931 3388 4029 3458 βά-

2417 3492 2628 3544 πτισμα
2661 3477 2926 3545 νοήσομεν
2957 3478 3052 3529 ἐπὶ
3074 3475 3149 3546 τῷ
3175 3478 3402 3548 ὀνόματι
3433 3477 3526 3530 τοῦ
3560 3479 3805 3549 Χριστοῦ
3855 3483 4028 3551 μόνον

2415 3567 2686 3634 γίνεσθαι,
2740 3570 2836 3622 καὶ
2879 3569 3052 3622 ταῦτα
3102 3569 3340 3641 ἀλλαχοῦ
3390 3572 3779 3642 διδασκόμενοι
3830 3576 3920 3639 εἰς
3970 3578 4029 3630 τὺ

2414 3657 2587 3728 ὄνομα
2638 3658 2730 3711 τοῦ
2772 3659 3014 3730 Πατρὸς,
3074 3662 3166 3714 καὶ
3217 3661 3311 3715 τοῦ
3365 3662 3522 3728 Υίοῦ,
3554 3665 3652 3719 καὶ
3713 3666 3811 3719 τοῦ
3867 3669 4029 3737 ἁγίου

2416 3751 2738 3822 Πνεύματος
2791 3753 2969 3807 τελεῖν
3019 3754 3211 3820 rubro;
3276 3756 3501 3828 Πρῶτον
3555 3759 3656 3828 μὲν
3703 3758 3805 3813 οὖν
3867 3765 4028 3817 τοῦτό

2414 3861 2616 3914 φαμεν,
2650 3845 2732 3898 ὅτι
2762 3846 2825 3898 τὸ
2858 3845 3144 3918 βάπτισμα
3175 3849 3305 3901 ὅταν
3342 3847 3592 3920 λέγωμεν
3643 3852 3740 3907 ἐπὶ
3784 3854 3866 3926 τῷ
3904 3857 4026 3911 ὀνό-

2418 3953 2552 4007 ματι
2577 3937 2672 3990 τοῦ
2714 3939 2955 4009 Χριστοῦ
3004 3941 3276 4008 γίνεσθαι,
3329 3945 3391 3996 ού
3441 3945 3600 3999 τοῦτο
3635 3945 3903 4018 λέγομεν,
3946 3954 4025 4006 ὅτι

2413 4026 2494 4078 δεῖ
2526 4026 2618 4078 ἐπὶ
2657 4027 2804 4096 μόνῳ
2831 4027 2909 4098 τῷ
2940 4033 3036 4082 τοῦ
3081 4031 3322 4100 Χριστοῦ
3353 4034 3584 4104 ὀνόματι
3619 4037 3785 4092 τοῦτο
3818 4042 4022 4106 τελεῖν,

2414 4116 2529 4172 ἀλλ’
2563 4119 2645 4170 ὃτι
2694 4119 2754 4171 τὸ
2787 4118 2879 4172 τοῦ
2916 4121 3155 4192 Χριστοῦ
3207 4123 3500 4195 βάπτισμα
3533 4127 3561 4181 ὃ
3593 4129 3841 4198 Χριστὸς
3894 4135 4024 4189 €64-

2415 4207 2665 4271 πτίσατο,
2721 4212 2993 4279 τουτέστι,
3069 4218 3470 4284 πνευματικὸν,
3531 4222 3635 4275 οὐκ
3692 4223 4025 4291 Ἰουδαϊκὸν,

2414 4299 2531 4352 οὐδὲ
2576 4293 2686 4352 οἷον
2750 4301 2811 4354 τὸ
2845 4304 3097 4359 Ἰωάννου
3149 4308 3230 4371 είς
3295 4311 3587 4378 μετάνοιαν
3637 4315 3830 4382 μόνον,
3891 4320 4028 4373 ἀλλά

2416 4392 2740 4463 Πνεύματος
2793 4396 2954 4465 ἀγίου
3007 4402 3300 4455 κοινωνίαν
3361 4405 3456 4458 καὶ
3493 4408 3690 4473 ἄφεσιν
3729 4409 4027 4482 ἁμαρτιῶν

2415 4487 2820 4554 παρεχόμενον,
2875 4483 2986 4541 οἷον
3021 4491 3183 4554 αὐτὸς
3235 4493 3406 4559 ἔδειξε
3437 4496 3504 4549 δι’
3539 4500 3690 4570 ἡμᾶς
3744 4501 4027 4570 βαπτισά-

711 4548 912 4617 teliige,
949 4551 1003 4605 in
1054 4564 1230 4608 morte
1276 4555 1498 4613 Christi.
1536 4559 1672 4615 Nam
1722 4562 1863 4620 sicut
1915 4566 2005 4622 ille
2056 4582 2302 4628 mortuus

717 4638 998 4660 μελά-,κη
1039 4657 1089 4660 ,A
1176 4659 1193 4660 η
1245 4659 1251 4660 ,
1306 4646 1336 4660 .-
1418 4649 1429 4660 .
1748 4653 1772 4660 -
1920 4657 1946 4660 -κ

2427 4548 2596 4644 μενοςῄ
2618 4548 2677 4631 έν
2708 4576 2972 4654 Ἰορδάνῃ,
3006 4584 3102 4637 καὶ
3143 4548 3203 4638 τὸ
3237 4548 3464 4658 Πνεῦμα
3497 4548 3772 4660 away-to:
3799 4599 3860 4649 έν
3895 4600 4026 4653 εῖδει

717 4638 1003 4697 triduanus
1038 4646 1368 4712 resurrexit,
1418 4649 1490 4702 ita
1526 4660 1580 4705 et
1608 4666 1706 4706 nos
1741 4653 2041 4724 ﬁguraliter
2084 4660 2137 4714 in
2169 4677 2308 4732 aqua
2411 4672 2744 4741 περιστερᾶς

707 4733 925 4800 sepulti,
990 4735 1187 4791 deinde
1234 4741 1568 4810 emergimus
1621 4744 1804 4801 animo
1856 4749 2179 4821 incorrupti.
2251 4768 2308 4811 et

706 4824 1071 4879 arrtiahonem
1105 4827 1637 4900 incorruptibilitatis
1688 4841 1934 4908 corporis
1989 4847 2310 4917 accipimus.

705 4911 769 4965 Et
815 4915 1012 4970 aliter:
1068 4917 1272 4975 Christi
1333 4940 1526 4980 nomen
1595 4928 1650 4983 in
1704 4931 1885 5001 seipso
1951 4911 2192 4996 continet
2246 4952 2304 4997 et

707 5004 918 5061 Patrem
983 5011 1352 5083 inuugentem,
1412 5028 1465 5071 et
1543 5021 1857 5078 unctionem
1922 5024 2186 5096 Spiritus,
2246 5043 2301 5087 et

705 5107 924 5152 unctum
960 5099 1177 5157 Filium.
1223 5120 1242 5155 ι
1277 5104 1332 5159 ln
1379 5109 1595 5165 nomine
1636 5111 1850 5168 Domini
1882 5118 2133 5175 remissio
2167 5137 2297 5191 pec-

705 5198 972 5242 catorum.
1003 5211 1021 5243 ι
1051 5191 1149 5248 Ubi
1177 5196 1342 5265 igitur
1366 5197 1638 5258 fetulenlae
1664 5204 1862 5276 lingua:
1903 5209 2294 5280 baptizantiunt

705 5279 756 5330 in
789 5281 1130 5349 Montanum,
1173 5297 1226 5340 et
1263 5288 1594 5359 Priscillam,
1648 5309 1700 5351 et
1739 5279 2131 5357 Maximillam?
2163 5304 2297 5360 Vere

704 5373 848 5423 nulla
879 5374 959 5426 his
985 5414 1000 5437 ,
1031 5377 1121 5444 qui
1161 5379 1239 5433 sic
1272 5380 1641 5452 baptizantur,
1678 5395 1944 5460 remissio,
1973 5396 2067 5450 sed
2099 5413 2294 5466 pecca-

700 5470 881 5519 torum
915 5474 1284 5535 auguicntatio
1307 5486 1423 5528 est:
1453 5489 1504 5533 ct
1528 5479 1575 5532 hi
1607 5483 1822 5549 quidem
1855 5488 1994 5543 male
2020 5491 2289 5559 peribunt.

704 5555 868 5628 598
892 5559 943 5611 lu
977 5577 1163 5618 omnes
1202 5579 1383 5622 autem
1431 5583 1619 5640 gentes
1654 5591 1830 5635 sermo
1855 5583 2043 5650 exivit,
2069 5601 2095 5637 a
2138 5585 2297 5642 Jeru-

702 5651 869 5706 salem
931 5666 1149 5725 sumpto
1220 5662 1396 5718 initio.
1448 5669 1742 5737 Oportebat
1800 5676 1941 5730 enim
1999 5679 2292 5737 humanam

773 5841 820 5871 “
848 5837 990 5896 Psal.
1023 5861 1151 5913 xxv,
1180 5847 1267 5902 Η.

2792 4673 2997 4740 δείξας.
3037 4677 3274 4733 Ἔπειτα
3321 4683 3382 4733 τὸ
3429 4684 3522 4736 ἐπὶ
3551 4685 3629 4755 τῷ
3659 4687 3898 4759 ὀνόματι
3934 4691 4023 4746 τοῦ

2409 4755 2648 4828 Χριστοῦ
2692 4761 3004 4835 βάπτισμα,
3049 4767 3171 4820 ἀντὶ
3217 4768 3336 4838 τοῦ,
3373 4773 3454 4838 είς
3506 4775 3596 4828 τὸν
3637 4755 3880 4834 θάνατον
3932 4783 4025 4836 τοῦ

2406 4850 2669 4920 Χριστοῦ,
2705 4855 2835 4910 νόει.
2877 4858 3092 4930 ’Ὠσπερ
3121 4861 3227 4932 γὰρ
3260 4865 3464 4928 έκεῖνο,
3495 4867 3673 4921 θανὼν
3709 4875 4022 4946 τριήμερος

2403 4943 2628 5016 ἀνέστη,
2661 4947 2806 5002 οὕτω
2857 4950 2955 5006 καὶ
3000 4955 3164 5024 ἡμεῖς
3201 4955 3602 5027 ένθαπτόμενοι
3644 4943 3908 5031 τυπικῶς
3932 4943 4022 5038 -τῷ

2404 5034 2580 5102 ὕδατι,
2639 5035 2759 5095 εἶτα
2809 5043 3147 5117 ἀναδύνομεν
3201 5049 3474 5120 ἄφθαρτοι
3506 5053 3609 5116 τὰς
3661 5053 3876 5127 ψυχὰς,
3928 5034 4022 5114 καὶ

2406 5127 2505 5197 τῆς
2531 5129 2627 5184 τοῦ
2662 5132 2915 5202 σώματος
2969 5138 3278 5210 ἀφθαρσίας
3314 5144 3442 5207 τοὺς
3490 5146 3824 5216 ἀρραϐῶνας
3868 5152 4022 5222 δεχό-

2408 5235 2583 5288 μενοι.
2634 5223 2844 5288 ’Δλλως
2887 5244 2948 5280 τε
2981 5229 3041 5282 τὸ
3098 5250 3116 5283 ι
3156 5233 3399 5304 Χριστὸς
3451 5255 3469 5287 ι
3505 5237 3679 5308 ὄνομα
3729 5242 3790 5294 έν
3840 5244 4020 5314 ἑαυτῷ

2401 5316 2659 5387 ἐμφαίνει
2695 5324 2787 5374 καὶ
2821 5323 2910 5377 τὸν
2941 5326 3165 5399 Πατέρα
3194 5329 3284 5384 τὸν
3321 5333 3611 5403 χρίσαντα,
3657 5339 3751 5391 καὶ
3796 5341 3858 5392 τὸ
3896 5345 4013 5413 χρί-

2402 5426 2516 5480 σμα
2547 5413 2608 5466 τὸ
2649 5414 2894 5487 Πνεῦμα,
2932 5420 3026 5472 καὶ
3071 5424 3162 5474 τὸν
3190 5424 3485 5494 χρισθέντα
3518 5427 3666 5482 Υἰόν.
3713 5449 3733 5480 ε
3777 5432 3907 5485 Ἐπί
3942 5433 4014 5502 τῷ

2398 5501 2626 5572 ὀνόματι
2657 5505 2751 5557 τοῦ
2799 5508 3004 5579 Κυρίου
3034 5512 3230 5579 ἄφεσις
3262 5515 3568 5587 ἁμαρτιῶν.
3614 5539 3633 5571 ›
3673 5521 3788 5575 Ποῦ
3827 5501 4010 5577 leniit

2407 5595 2464 5645 αί
2515 5594 2880 5668 βορϐορώδεις
2910 5602 3157 5670 γλῶσσαι
3191 5605 3300 5661 τῶν
3343 5607 3718 5679 βαπτιξόντων
3755 5617 3840 5679 εἰς
3873 5618 4010 5671 Move

2407 5688 2588 5755 τανὸν,
2629 5693 2727 5745 καὶ
2776 5693 3134 5765 Πρίσκιλλαν,
3181 5700 3276 5756 καὶ
3322 5701 3710 5774 Μαξιμῖλλαν;
3772 5707 4009 5781 Ἀληθῶς
