4228 6428
700 417 840 483 1139

1586 416 2169 483 THEOPHYLACTI
2213 412 2627 475 BULGABIE
2662 413 3024 475 ARCHIEP.

3846 406 3993 476 ιιιο

695 550 947 591 sermone
992 542 1046 589 et
1094 534 1358 603 sapientia
1391 544 1447 591 et
1501 534 1703 589 virtute
1730 549 1871 590 esse.
1915 534 2123 588 idcirco
2149 529 2263 599 qui:

2381 526 2515 580 Θεὸν
2553 527 2749 593 ἄλογον
2789 526 2822 595 ἢ
2853 526 3057 593 ἄσοφον
3106 520 3248 578 εἷναί
3288 541 3451 591 ποτε,
3493 525 3527 594 ἢ
3557 524 3849 580 ἀδύνατον.
3884 526 3991 579 Διὰ

696 627 918 679 verbum
948 632 1001 678 et
1025 627 1291 694 sapientia
1332 636 1385 681 et
1415 627 1587 681 virtus
1622 626 1799 681 Patris
1834 628 2050 681 exsistit
2081 625 2272 692 Filius,

696 716 965 769 credimus
1009 716 1184 785 ipsum
1235 734 1448 786 semper
1476 735 1597 775 esse
1646 721 1785 788 apud
1816 718 2006 782 Deum,
2041 719 2141 772 hoc
2170 729 2274 782 est,

695 820 813 856 cum
845 802 1022 861 Patre.
1056 804 1121 862 Et
1150 812 1440 879 quomodo,
1474 814 1669 882 inquit,
1712 813 1827 868 ﬁeri
1866 823 2063 880 potest,
2096 824 2154 866 ut
2180 828 2277 882 pa-

696 906 777 947 tre
809 899 1076 958 posterior
1108 916 1211 956 non
1239 905 1309 957 sit
1336 903 1479 957 [ilius
1502 904 1822 971 ?Quomodo
1848 906 1871 959 ἲ
1918 905 2078 959 Disce
2103 921 2130 957 a
2160 920 2279 958 cor-

695 987 868 1055 porali
911 992 1179 1059 exemplo.
1214 992 1482 1061 Splendor
1526 998 1659 1053 solis
1686 1013 1863 1053 nonne
1894 998 1961 1052 ab
1999 999 2117 1067 ipso
2165 997 2278 1053 sole

693 1078 817 1131 est?
848 1077 1022 1133 Etiam
1051 1084 1290 1138 omnino.
1323 1083 1574 1155 Nunquid
1603 1103 1734 1159 ergo
1767 1097 1820 1143 et
1844 1088 2111 1157 posterior
2140 1087 2275 1149 sole,

696 1170 765 1220 ita
793 1177 850 1223 ut
883 1172 999 1227 sine
1030 1188 1095 1228 eo
1125 1177 1207 1229 sol
1255 1178 1619 1248 intelligatur?
1649 1182 1762 1236 Hoc
1797 1182 1899 1235 dici
1937 1196 2040 1234 non
2078 1190 2273 1251 potest.

692 1263 975 1328 Quomodo
1018 1272 1162 1322 enim
1198 1273 1278 1324 sol
1327 1282 1491 1334 esset,
1525 1272 1866 1341 Splendorem
1894 1287 2001 1327 non
2038 1272 2277 1327 habens?

693 1354 863 1419 Igitur
891 1358 1059 1412 multo
1080 1363 1249 1430 magis
1278 1365 1379 1417 hoc
1404 1368 1470 1419 de
1495 1364 1656 1419 Patre
1676 1373 1733 1418 et
1753 1363 1889 1418 Filio
1919 1364 2273 1432 intelligetur.

691 1443 860 1502 Filius
921 1451 1088 1514 enim,
1150 1450 1323 1507 Patris
1376 1469 1499 1507 cum
1536 1455 1891 1522 sitsplendor
1929 1456 1995 1521 ",
2031 1456 2168 1509 sicut
2221 1466 2276 1509 et

692 1538 889 1595 Paulus
933 1543 1086 1608 dicit,
1117 1558 1329 1613 semper
1365 1562 1488 1600 cum
1516 1545 1675 1600 Patre
1713 1547 2015 1602 credendus
2050 1558 2137 1602 est
2172 1547 2273 1600 ful-

690 1646 837 1699 gere,
885 1649 984 1687 nec
1023 1652 1144 1690 esse
1180 1636 1266 1689 illo
1290 1641 1574 1706 posterior.
1612 1640 1843 1694 Attende
1885 1641 1972 1694 ltic
2001 1651 2054 1694 et
2083 1640 2270 1695 δ,.ι›υι-

694 1723 824 1777 liutn
862 1726 1045 1796 [.yben
1104 1731 1203 1783 boc
1247 1732 1392 1785 dirto
1433 1732 1725 1787 eotd'utari.
1768 1733 1861 1787 Ille
1909 1736 2051 1787 enim
2095 1735 2274 1789 docuit

690 1818 833 1884 quod
861 1818 1042 1885 Pater,
1068 1832 1122 1875 et
1149 1822 1335 1888 Filius,
1365 1837 1415 1877 et
1442 1824 1696 1893 Spiritus,
1730 1843 1830 1880 una
1866 1842 2096 1896 persona
2143 1830 2267 1893 sint,

689 1915 911 1982 etquod
966 1920 1121 1971 unica
1156 1918 1241 1971 illa
1276 1936 1503 1985 persona
1550 1921 1863 1990 apparuerit
1893 1920 2183 1988 aliquando
2214 1932 2270 1973 ut

688 2005 869 2067 Pater,
897 2008 1167 2062 interdum
1208 2021 1260 2063 ut
1290 2010 1479 2073 Filius,
1516 2027 1896 2080 nonnunquam
1930 2022 1987 2064 ut
2040 2012 2272 2079 Spiritus

686 2108 926 2155 sanctus.
972 2100 1093 2155 Haec
1151 2114 1379 2172 nugatur
1437 2105 1712 2159 mendacis
1751 2106 1919 2174 patris
1955 2105 2115 2167 tilius,
2153 2121 2270 2157 nta-

688 2192 940 2262 h’gnoque
996 2196 1193 2262 spiritu
1236 2196 1447 2266 plenus,
1502 2206 1944 2266 argmturautem
1987 2196 2270 2251 manifeste

684 2296 751 2333 ex
799 2283 901 2338 hoc
947 2285 1092 2352 quod
1146 2284 1364 2351 dicitur,
1401 2306 1417 2335 ι
1464 2286 1531 2338 Et
1564 2286 1690 2339 illud
1724 2285 1957 2340 Verbum
1988 2294 2104 2339 erat
2131 2287 2270 2353 apud

684 2373 873 2429 Deum.
910 2396 928 2429 ι
966 2376 1251 2432 Manifeste
1281 2379 1426 2432 enim
1458 2381 1785 2448 evangelista
1814 2379 1916 2433 hoc
1951 2380 2069 2433 loco
2104 2379 2270 2432 alium

683 2466 813 2521 dicit
846 2482 968 2523 esse
1007 2468 1259 2536 Verbum,
1284 2481 1339 2525 et
1368 2472 1532 2525 alium
1564 2471 1753 2538 Deum,
1776 2474 1873 2526 hoc
1902 2479 1985 2525 est
2031 2471 2267 2525 Patrem.

680 2556 817 2612 Nam
872 2562 998 2629 quia
1052 2560 1282 2617 Verbum
1335 2573 1454 2618 erat
1501 2566 1637 2631 apud
1686 2563 1871 2629 Deum,
1921 2550 2269 2617 manifesium

681 2651 824 2718 quod
853 2651 971 2707 dua!
1018 2668 1263 2721 persona:
1326 2656 1763 2722 introducantur,
1814 2657 1978 2710 etiam
2057 2656 2101 2710 si
2164 2670 2270 2709 una

681 2753 876 2800 natura
944 2748 1014 2801 sit
1070 2746 1121 2800 in
1178 2749 1263 2803 bis
1343 2750 1570 2803 duobus.
1642 2749 1792 2815 Quod
1866 2764 2048 2802 autem
2110 2746 2270 2817 501

681 2853 785 2891 una
839 2848 1031 2895 natura
1078 2842 1170 2907 sit,
1222 2840 1370 2896 audi.
1431 2862 1449 2893 ι
1496 2834 1561 2897 Et
1596 2842 1736 2897 Deus
1787 2852 1904 2897 erat
1958 2842 2084 2897 illud
2138 2840 2272 2898 Ver-

679 2932 827 2987 bum.
863 2953 881 2985 ›
920 2934 1080 2990 Vides
1106 2937 1248 3006 quod
1281 2946 1332 2991 et
1365 2935 1598 2993 Verbum
1630 2948 1748 2991 erat
1790 2936 1963 2992 Deus?
1989 2948 2043 2991 et
2066 2938 2139 2992 ita
2164 2954 2267 2992 una

678 3032 797 3077 erat
856 3034 1045 3078 natura
1103 3028 1283 3084 Patris
1320 3036 1374 3083 et
1415 3026 1557 3091 Filii,
1612 3027 1736 3097 quia
1780 3037 1835 3081 et
1859 3042 1962 3081 una
1986 3027 2260 3083 divinitas.

678 3117 1093 3172 Contunuantur
1128 3125 1290 3191 igitur
1334 3133 1391 3177 et
1440 3123 1602 3205 Arius
1640 3132 1693 3177 et
1751 3122 2041 3179 Sabellius.
2095 3125 2259 3180 Arius

2379 617 2536 670 10610
2570 616 2936 683 πιστεύομεν,
2982 617 3065 669 ὅτι.
3104 617 3224 668 ἐπεὶ
3256 615 3451 685 λόγος,
3506 617 3601 669 καὶ
3637 616 3808 684 σοφία
3830 657 3846 681 ,
3884 620 3989 670 καὶ

2378 712 2607 779 δύναμις
2642 709 2738 761 τοῦ
2782 708 2997 780 Πατρός
3031 709 3183 761 ἐστιν
3221 709 3250 761 0
3282 708 3412 770 Υἱὸς
3437 748 3452 773 ,
3485 708 3574 761 ἀεὶ
3602 703 3673 778 ἦν
3714 708 3855 778 πρὸς
3889 710 3990 760 τὸν

2378 802 2532 866 Θεὸν,
2564 803 2686 855 ἀντὶ
2713 800 2831 863 τοῦ,
2858 802 2955 852 σὺν
2985 796 3062 867 τῷ
3085 800 3281 869 Πατρὶ,
3309 799 3405 852 καὶ
3441 798 3583 868 μετά
3606 798 3702 851 τοῦ
3732 800 3982 866 Πατρός.

2382 896 2489 949 Καὶ
2515 896 2652 960 πῶς,
2680 895 2869 965 φησιν,
2900 893 3015 947 υἱὸν
3042 893 3175 947 ὄντα
3215 891 3293 962 μὴ
3317 887 3459 946 εἶναι
3488 890 3718 962 ὕστερον
3744 890 3845 944 106
3876 908 3988 943 πα-

2379 989 2543 1060 τρός;
2580 987 2735 1054 Πῶς;
2761 984 3016 1040 Μάνθανι
3045 988 3155 1038 ἀπ’)
3187 984 3283 1038 τοῦ
3312 984 3501 1036 ύλικοῦ
3536 983 3972 1051 ὑποδείγματος.

2381 1084 2455 1136 Τὸ
2482 1080 2825 1150 ἀπαύγασμα
2852 1076 2947 1133 τοῦ
2980 1077 3130 1147 ἡλίου
3166 1078 3277 1147 ἄρα
3312 1077 3414 1129 οὐκ
3445 1074 3507 1139 ἑξ
3536 1073 3705 1128 αὑτοῦ
3740 1076 3861 1126 ἔστι
3883 1071 3986 1125 106

2377 1174 2565 1243 ἡλίους
2600 1173 2707 1226 Nai.
2736 1172 2981 1234 πάντως.
3012 1166 3163 1241 *Λρα
3196 1169 3291 1221 οὖν
3331 1168 3428 1219 καὶ
3476 1165 3706 1235 ὕστερόν
3731 1168 3852 1219 ἐστι
3884 1164 3985 1217 τοῦ

2378 1267 2566 1337 ἡλίου,
2599 1266 2743 1319 ὥστε
2782 1261 3101 1334 ὲννοηθῆναί
3146 1278 3278 1314 ποτε
3325 1260 3480 1329 ἥλιον
3516 1259 3687 1328 χωρὶς
3737 1258 3984 1320 τούτους

2380 1360 2493 1411 Οἰηι
2515 1356 2662 1410 ἐστιν
2682 1358 2881 1410 εἰπεῖν.
2910 1354 3032 1417 Πῶς
3058 1354 3167 1421 γὰρ
3196 1353 3264 1407 ἂν
3295 1351 3388 1404 καὶ
3414 1352 3499 1420 εἴη
3522 1349 3675 1420 ἥλιος
3702 1347 3780 1418 μὴ
3800 1348 3988 1401 arra-.3.

2377 1466 2567 1518 γασμα
2594 1449 2767 1518 Exim;
2807 1448 2989 1514 Ὅπερ
3033 1444 3128 1498 οὖν
3165 1446 3257 1497 ἐπὶ
3285 1444 3511 1506 τούτου,
3546 1439 3729 1510 πολλῷ
3772 1438 3986 1508 μᾶλλον

2376 1547 2470 1598 ἐπὶ
2516 1545 2612 1597 106
2652 1544 2867 1611 Πατρὸς
2917 1544 3010 1593 καὶ
3045 1539 3140 1593 τοῦ
3178 1539 3310 1591 Υίοῧ
3360 1536 3711 1607 νοηθήσεται.
3770 1531 3987 1585 ’Δπαύ-

2377 1656 2566 1707 γασμα
2605 1637 2714 1705 γὰρ
2749 1635 2826 1688 ὢν
2856 1638 2885 1688 0
2920 1633 3043 1696 Υἱὸς
3082 1630 3177 1685 106
3215 1631 3453 1698 Πατρός,
3485 1626 3668 1688 καθὼς
3699 1626 3728 1677 0
3761 1622 3982 1685 Παῦλος

2377 1733 2545 1797 λέγει,
2576 1731 2663 1782 ἀεὶ
2702 1728 2779 1797 τῷ
2814 1726 2991 1796 Πατρὶ
3026 1720 3491 1790 συνεκφαίνεσθαι
3520 1716 3981 1785 πιστευθήσεται,

2376 1825 2467 1877 καὶ
2499 1823 2597 1891 οὐχ
2636 1820 2863 1890 ὕστερος
2889 1818 3040 1870 ἔσται
3070 1813 3261 1868 αὐτοῦ.
3297 1813 3425 1865 Νόει.
3449 1810 3504 1863 δέ
3534 1826 3625 1879 μοι
3657 1809 3750 1862 καὶ
3769 1806 3986 1860 2160}.-

2376 1918 2489 1968 λιον
2513 1915 2607 1979 τόν
2647 1913 2817 1966 Λίϐυν
2849 1912 2912 1964 ὲκ
2944 1909 3133 1963 τούτου
3166 1907 3261 1960 τοῦ
3306 1904 3471 1976 ῥητοῦ
3503 1899 3982 1971 ἀνστρεπόμινον.

2392 2010 2627 2069 Ἐκεῖνος
2668 2006 2777 2077 γὰρ
2825 2000 3215 2071 ὲδογμάτιζεν,
3245 2001 3329 2052 ὅτι
3364 2000 3392 2051 0
3423 1995 3613 2065 Πατὴρ
3657 1995 3753 2047 καί
3792 1994 3823 2046 0
3853 1991 3986 2052 res;

2376 2102 2557 2156 καὶτὸ
2590 2098 2814 2168 Πνεῦμα
2874 2097 2933 2148 ἓν
2978 2093 3275 2163 πρόσωπόν
3306 2092 3439 2155 εισι,
3487 2091 3582 2141 καὶ
3622 2086 3786 2140 τοῦτο
3826 2086 3889 2138 10
3924 2084 3985 2135 ιν

2375 2195 2671 2265 πρόσωπον
2707 2192 2838 2243 ποτὲ
2884 2190 2987 2261 μὲν
3045 2186 3221 2256 ἐφάνη
3246 2184 3323 2247 ὼς
3358 2184 3583 2251 Πατὴρ,
3636 2179 3772 2231 ποτὲ
3809 2177 3867 2231 δὲ
3905 2176 3986 2238 ὡς

2377 2289 2538 2353 Υἱὸς,
2587 2286 2718 2339 ποτὲ
2766 2283 2822 2336 δὲ
2860 2281 2935 2345 ὡς
2980 2280 3225 2350 Πνεῦμα.
3265 2277 3454 2330 Ταῦτα
3488 2274 3756 2343 ἐφλυάρει
3804 2270 3834 2322 0
3880 2266 3983 2321 106

2373 2384 2579 2451 πατρὸς
2605 2378 2700 2433 τοῦ
2733 2377 2962 2447 ψεύδους
2998 2375 3113 2437 υἱὸς
3135 2414 3150 2436 ,
3186 2373 3281 2427 καὶ
3313 2370 3409 2424 106
3460 2364 3704 2437 πονηροῦ
3755 2362 3983 2430 πλήρης

2374 2474 2708 2546 πνεύματος.
2750 2472 3065 2541 Ἑλέγχεται
3090 2468 3148 2523 δὲ
3176 2462 3472 2538 προφανῶς
3497 2462 3560 2515 ὲκ
3588 2456 3810 2518 τούτου,
3830 2453 3985 2521 λέγω

2372 2574 2436 2644 δὴ
2465 2572 2581 2627 106'
2607 2591 2626 2624 ι
2659 2572 2768 2625 Καὶ
2794 2572 2822 2624 0
2843 2570 3018 2637 Λόγος
3049 2562 3117 2639 ἦν
3136 2566 3275 2636 πρὸς
3290 2563 3382 2616 τὸν
3406 2561 3559 2615 Θεόν.
3591 2577 3609 2610 ι
3647 2555 3986 2624 Σαφέστατα

2373 2666 2481 2736 γὰρ
2511 2668 2538 2720 0
2571 2663 2968 2732 εύαγγελιστὴς
3003 2659 3241 2713 ἐνταῦθα
3283 2657 3434 2723 λέγει
3460 2694 3474 2718 ,
3512 2652 3677 2707 ἄλλον
3707 2644 3855 2706 εἷναι
3886 2646 3983 2700 τὸν

2374 2759 2568 2825 Λόγον,
2603 2760 2699 2810 arat
2730 2756 2892 2811 ἄλλον
2946 2754 3039 2806 τὸν
3070 2753 3205 2806 Θεὸν
3252 2751 3375 2821 ἦτοι
3409 2748 3501 2800 τὸν
3535 2744 3783 2810 Πατέρα.
3820 2740 3985 2794 Ἐπεὶ

2373 2852 2483 2918 γὰρ
2512 2854 2540 2903 0
2568 2851 2739 2919 Λόγος
2766 2844 2837 2920 ἦν
2870 2849 2971 2901 σὺν
3000 2843 3239 2916 τῷΘεῷ,
3275 2840 3544 2914 πρόδηλον
3569 2839 3651 2891 ὅτι
3678 2835 3776 2889 δύο
3801 2834 3983 2906 πράσα

2370 2962 2497 2997 ωπα
2540 2942 2872 3010 εἰσάγονται,
2900 2943 2949 2993 εί
2986 2940 3080 2993 καὶ
3104 2937 3204 3006 μία
3232 2937 3396 3005 φύσις
3416 2934 3627 2994 τούτοις
3655 2932 3772 2992 τοῖς
3799 2927 3981 2981 δυσίν.

2372 3034 2564 3089 Ὀτιδὲ
2586 3034 2683 3104 μία
2701 3033 2881 3103 φύσις,
2896 3032 3113 3085 ᾶκουε.ι
3142 3029 3253 3083 Καὶ
3270 3026 3402 3088 Θεδς
3416 3021 3483 3097 ἦν
3502 3025 3530 3077 0
3549 3022 3741 3090 Λόγος.
3771 3038 3791 3071 ι
3813 3018 3984 3088 ὐρᾷς

2369 3128 2454 3181 ὅτι
2482 3126 2798 3193 καὶόΛόγος
2813 3124 2973 3187 Θεός;
2998 3124 3159 3177 Ὥστε
3182 3121 3282 3190 μία
3310 3116 3467 3187 φύσις
3485 3118 3562 3184 τῷ
3577 3116 3753 3186 ﬂat-9i.
3780 3113 3879 3165 καὶ
3900 3111 3987 3182 τῷ

680 3207 915 3277 quidem,
944 3210 1036 3279 qui
1062 3222 1373 3267 creaturam
1390 3215 1521 3267 dicit
1554 3213 1751 3269 Filium
1769 3214 1861 3268 Dei
1893 3227 1946 3271 et
1980 3219 2262 3271 facturam.

2374 3220 2510 3291 Υίῷ,
2531 3220 2655 3273 επεὶ
2681 3220 2777 3272 καὶ
2807 3218 2905 3288 μία
2935 3216 3146 3287 θεότης.
3168 3212 3630 3284 Δίσχυνέσθωσαν
3663 3215 3852 3263 τοίνυν
3882 3214 3983 3262 καὶ

676 3300 989 3357 Confutetur
1020 3314 1197 3358 autem
1229 3320 1322 3373 per
1341 3306 1443 3361 hoc
1475 3310 1623 3377 quod
1653 3307 1806 3370 dicit,
1846 3326 1863 3359 ι
1902 3307 1959 3360 In
2003 3309 2266 3377 principio

675 3405 813 3462 erat,
834 3405 886 3450 et
917 3390 1060 3451 Deus
1074 3406 1191 3451 erat
1221 3399 1347 3453 illud
1386 3397 1637 3454 Verbum.
1669 3420 1687 3451 ι
1722 3400 1989 3455 Sabellius
2021 3418 2149 3457 vero
2175 3415 2267 3454 ne—

677 3502 812 3558 gans
846 3502 1202 3557 personarum
1235 3493 1554 3558 trinitatem,
1587 3494 1680 3547 sed
1705 3510 1957 3550 asserens
1979 3498 2262 3561 unitatem,

681 3578 959 3648 rtijiciatur
1003 3598 1097 3641 per
1128 3583 1227 3637 hoc
1271 3584 1415 3651 quod
1450 3584 1667 3649 dicitur,
1702 3608 1718 3637 ι
1755 3586 1817 3641 Et
1863 3587 1991 3640 illud
2030 3585 2263 3642 Verbum

677 3682 795 3725 erat
824 3675 965 3741 apud
1005 3673 1194 3729 Deum.
1244 3695 1261 3726 ι
1296 3675 1578 3733 Manifeste
1616 3682 1759 3733 enim
1797 3684 1899 3733 hoc
1945 3682 2062 3734 loco
2093 3680 2261 3734 alium

678 3781 798 3818 esse
835 3760 1090 3829 Verbum,
1114 3776 1168 3819 et
1196 3768 1360 3821 alium
1390 3782 1512 3821 esse
1537 3772 1750 3823 Patrem
1784 3769 2019 3824 declarat
2040 3786 2262 3840 magnus

678 3851 934 3918 Joannes,
976 3859 1190 3911 etiamsi
1228 3873 1335 3911 non
1368 3860 1440 3913 sit
1472 3862 1618 3914 aliud
1654 3873 1707 3915 et
1746 3863 1911 3915 aliud.
1947 3864 2097 3915 Alius
2116 3866 2261 3916 enim

677 3956 734 3997 et
757 3945 896 3998 alitis
916 3946 984 4001 de
1007 3950 1256 4017 personis
1279 3942 1664 4016 dicitur,aliud
1695 3960 1749 4005 et
1775 3952 1919 4006 aliud
1938 3954 2002 4007 de
2029 3956 2260 4009 naturis.

676 4035 746 4090 Et
800 4048 858 4091 ut
902 4041 1155 4109 exemplo
1213 4040 1554 4098 tuanifestins
1612 4046 1899 4107 iaciamus,
1962 4041 2155 4100 Petrus
2209 4059 2262 4100 et

675 4128 876 4184 Paulus
898 4140 1023 4184 sunt
1056 4131 1195 4186 alius
1217 4142 1272 4186 et
1296 4133 1467 4188 alius:
1504 4145 1632 4188 sunt
1662 4136 1804 4191 enim
1839 4140 2215 4204 personmdua:
2243 4154 2257 4193 :

674 4225 769 4277 sed
802 4238 906 4278 non
958 4224 1102 4278 aliud
1152 4236 1205 4280 et
1236 4226 1405 4281 aliud.
1464 4229 1579 4283 llna
1630 4231 1773 4285 enim
1830 4244 2020 4286 eorum
2062 4243 2257 4285 natura

674 4320 778 4374 est,
802 4306 1135 4367 humanitas.
1151 4313 1243 4368 Sic
1261 4315 1425 4386 igitur
1439 4318 1503 4372 de
1520 4312 1681 4373 Patre
1704 4336 1765 4375 ac
1786 4320 1925 4375 Filio
1947 4321 2254 4377 dicendum.

679 4398 835 4457 Alius
874 4403 1018 4457 enim
1054 4414 1180 4459 sunt
1218 4414 1273 4459 et
1305 4405 1464 4471 alius,
1504 4409 1621 4462 duze
1667 4425 1953 4477 personae;
2024 4429 2126 4466 non
2160 4430 2259 4465 auo

672 4502 781 4547 rem
816 4494 963 4549 aliuo
994 4508 1047 4550 et
1074 4497 1219 4551 aliud
1256 4518 1270 4554 :
1302 4514 1405 4552 una
1435 4501 1578 4554 enim
1611 4513 1803 4555 natura
1828 4517 2038 4567 eorum,
2064 4506 2255 4561 deitas.

2372 3314 2592 3381 ’Ἄρειος
2630 3312 2724 3363 καὶ
2750 3307 3069 3371 Σαδθιλιοςο
3119 3308 3341 3379 Ἀρειος
3393 3305 3526 3374 μὲν,
3560 3303 3768 3371 κτίσμα
3802 3301 3983 3369 λέγων

2367 3404 2459 3456 τὸν
2489 3402 2618 3455 Υίδν
2646 3401 2741 3455 106
2771 3400 2906 3454 Θεοῦ
2946 3401 3037 3453 καὶ
3071 3400 3308 3468 ποίημα,
3350 3395 3703 3467 ἔντρεπέσθω
3732 3392 3827 3445 διὰ
3855 3391 3979 3452 τοῦ.

2377 3513 2394 3544 ι
2444 3492 2534 3546 Ἐν
2565 3494 2707 3563 ἀρχῇ
2740 3486 2831 3562 ἦν,
2892 3490 2986 3545 καὶ
3049 3489 3180 3552 Θεὸς
3214 3484 3281 3559 ἦν
3313 3490 3340 3541 0
3374 3487 3569 3553 Λόγος.
3617 3501 3636 3535 ι
3679 3482 3980 3544 Σαόέλλιος

2366 3585 2444 3648 δὲ,
2475 3586 2501 3637 ι
2530 3583 2604 3654 μὴ
2643 3583 2818 3650 λέγων
2848 3567 3043 3653 τριάδα
3073 3580 3407 3651 προσώπων,
3440 3578 3577 3632 ἀλλὰ
3609 3575 3845 3645 μονάδα,
3891 3575 3979 3626 διὰ

2364 3677 2485 3741 106,
2523 3695 2541 3727 ι
2577 3677 2686 3729 Καὶ
2712 3675 2933 3743 όΛόγος
2967 3669 3038 3744 ἦν
3070 3672 3211 3743 πρὸς
3240 3672 3332 3724 τὸν
3352 3670 3506 3723 Θεόν.
3545 3689 3564 3721 ›
3600 3668 3837 3740 Τρανῶς
3866 3668 3978 3736 γὰρ

2365 3768 2596 3823 ἐνταῦθα
2635 3768 2796 3821 ἄλλον
2846 3763 2984 3819 εἶναι
3017 3766 3109 3819 τὸν
3140 3766 3339 3833 Λόγον,
3388 3764 3480 3817 καὶ
3519 3762 3683 3817 ἄλλον
3732 3761 3829 3813 τὸν
3860 3763 3975 3814 Ila-

2364 3864 2519 3931 τέρα,
2564 3858 2827 3930 κηρύττει
2876 3862 2904 3913 0
2955 3859 3129 3930 μέγας
3174 3858 3448 3927 Ἰωάννης,
3482 3858 3529 3909 εί
3581 3857 3678 3908 καὶ
3732 3855 3812 3925 μὴ
3845 3853 3978 3908 ἄλλο

2366 3956 2460 4006 καὶ
2488 3952 2632 4006 ἄλλο.
2665 3952 2738 4006 Τὸ
2763 3955 2864 4022 μὲν
2890 3954 2998 4020 γὰρ
3023 3951 3179 4013 ἄλλος
3213 3952 3306 4002 καὶ
3325 3950 3481 4010 ἄλλος
3511 3952 3604 4001 ἐπὶ
3623 3950 3732 4000 τῶν
3752 3948 3973 4019 προῖὼ-

2367 4064 2485 4099 πων
2544 4045 2784 4113 λέγεται,
2849 4046 2909 4098 τὸ
2954 4045 3010 4097 δὲ
3064 4044 3193 4097 ἄλλο
3247 4043 3339 4096 καὶ
3377 4042 3526 4107 ἄλλο,
3560 4044 3655 4094 ἐπὶ
3715 4042 3831 4092 τῶν
3874 4043 3972 4107 φύ-

2367 4157 2523 4193 σεων.
2552 4133 2701 4203 Οἷον,
2746 4140 2832 4191 ἵνα
2894 4137 3232 4207 σαφέστερον
3277 4137 3340 4188 τὸ
3391 4135 3572 4205 νόημα
3617 4135 3973 4205 ὲκθήσωμαι,

2364 4236 2586 4303 Πέτρος.
2618 4232 2709 4285 καὶ
2746 4232 2979 4295 Παῦλος,
3013 4231 3171 4293 ἄλλος
3211 4231 3308 4299 μὲν
3352 4230 3446 4282 καὶ
3486 4228 3673 4293 ἄλλος·
3723 4229 3824 4282 δύο
3864 4229 3976 4299 γὰρ

2363 4329 2662 4396 πρόσωπα·
2693 4324 2797 4377 οὐκ
2824 4323 2952 4377 ἄλλο
2995 4321 3051 4374 δὲ
3084 4321 3177 4373 κιαι)⁵
3203 4320 3352 4373 ἄλλο·
3390 4332 3489 4389 μῑα
3520 4320 3631 4390 γὰρ
3676 4320 3843 4387 φύσις
3872 4320 3971 4372 αὺ-

2363 4421 2472 4477 τοῖς
2497 4419 2533 4486 ἡ
2557 4415 2935 4485 ὰνθρωπότης.
2984 4410 3174 4474 Οὕτως
3213 4407 3309 4463 οὖν
3355 4413 3449 4462 κιὶ
3482 4410 3578 4461 ἐπὶ
3619 4410 3845 4477 Πατρός
3878 4412 3972 4461 καὶ

2366 4506 2495 4560 Υίοῦ
2522 4508 2915 4575 δογματιστέον
2936 4522 2947 4534 ·
2971 4503 3128 4565 ἄλλος
3156 4502 3254 4573 μὲν
3274 4502 3387 4571 γὰρ
3414 4501 3509 4554 καὶ
3530 4500 3715 4564 ἄλλος’
3740 4498 3840 4553 δύο
3864 4503 3971 4570 γὰρ

676 4607 693 4636 ι
736 4584 868 4639 Illud
898 4587 1085 4641 eratin
1115 4590 1387 4659 principio
1412 4593 1549 4661 apud
1571 4592 1759 4647 Deum.
1796 4612 1814 4645 ι
1840 4593 1930 4647 Ille
1957 4593 2097 4649 Deus
2125 4595 2250 4650 Ver-

2369 4566 2670 4670 n90am11a'
2716 4600 2815 4651 ούκ
2844 4597 2973 4651 ἄλλο
3005 4596 3061 4649 0i:
3104 4566 3201 4649 καὶ
3234 4566 3385 4648 ἄλλο’
3446 4596 3543 4665 μία
3580 4594 3692 4665 γὰρ
3738 4566 3909 4663 φύσι-ς

671 4681 796 4732 bum
853 4697 1130 4751 nunquam
1172 4694 1458 4753 separatus
1501 4693 1584 4739 est
1640 4702 1668 4740 a
1740 4685 1849 4743 Deo
1898 4686 2077 4743 Patre.
2123 4691 2263 4755 Quia

675 4771 822 4823 cnim
852 4770 1089 4835 dixerat,
1116 4793 1133 4825 ι
1174 4774 1314 4828 Deus
1332 4785 1451 4829 erat
1476 4772 1711 4830 Verbum
1744 4796 1755 4830 ε
1790 4796 1808 4827 ι
1840 4793 1905 4833 ne
1922 4779 2041 4848 quis
2067 4780 2258 4833 diabo-

671 4863 773 4915 lica
820 4863 1072 4918 illusione
1120 4866 1303 4920 turbet
1342 4868 1633 4935 quosdam,
1672 4869 1857 4924 dicens
1896 4890 1908 4925 :
1946 4872 2086 4943 Ergo
2131 4876 2256 4941 quia

666 4966 721 5009 et
758 4952 990 5011 Verbum
1023 4956 1164 5012 Deus
1194 4969 1301 5023 est,
1335 4958 1629 5029 aliquando
1657 4963 1904 5035 insurget
1930 4978 2118 5021 contra
2153 4967 2253 5021 Pa~

666 5060 826 5112 trem,
857 5059 915 5103 ut
964 5051 1195 5117 gentiles
1245 5051 1606 5109 fabulantur?
1640 5066 1696 5112 et
1746 5070 2041 5127 segregans
2080 5074 2138 5113 se
2190 5061 2257 5113 ab

666 5159 755 5206 eo,
814 5144 1158 5200 adversarius
1210 5145 1360 5201 erit?
1402 5156 1686 5217 propterea
1742 5150 1877 5205 dicit
1929 5154 2072 5221 quod
2132 5152 2257 5207 licet

670 5238 812 5289 “HIS
848 5237 919 5290 sit
952 5232 1218 5304 Verbum,
1264 5239 1619 5299 nihilominus
1653 5259 1777 5299 cum
1808 5243 1919 5299 Deo
1946 5243 2107 5302 Patre
2148 5258 2253 5312 est,

664 5339 718 5381 et
758 5325 827 5382 ab
872 5343 940 5383 eo
992 5341 1269 5398 tnmquam
1320 5345 1626 5405 separatus.
1675 5337 1794 5393 Non
1854 5339 2037 5395 minus
2096 5340 2252 5396 facile

664 5420 829 5475 fuerit
878 5434 931 5476 et
988 5422 1207 5479 Arianis
1258 5433 1589 5497 respondere
1624 5446 1643 5485 :
1679 5426 1866 5493 Surdi,
1900 5434 2105 5495 audite,
2156 5435 2249 5503 qui

665 5511 843 5567 dicitis
872 5528 1009 5583 opus
1034 5526 1087 5568 et
1126 5517 1386 5573 facturam
1421 5535 1545 5577 esse
1576 5521 1668 5575 Dei
1710 5520 1926 5579 Filium.
1954 5525 2249 5596 hitelligite

662 5605 822 5674 quale
845 5623 1042 5661 nomen
1084 5610 1404 5678 imposuerit
1433 5616 1766 5685 evangelista
1797 5616 1943 5673 Filio.
1968 5618 2081 5674 Dei.
2118 5620 2251 5674 Ver-

661 5699 786 5753 bum
830 5703 973 5756 enim
1033 5704 1206 5773 ipsum
1254 5696 1469 5763 γορτινὶι
1525 5730 1537 5761 :
1592 5728 1681 5762 vos
1733 5724 1935 5779 ίιιιῑρῐῐὶ,
2016 5732 2148 5784 nptts
2200 5726 2257 5771 et

736 5887 776 5913 ⁶¹
838 5883 1000 5941 Πειη.
1040 5904 1080 5952 ι,
1116 5890 1168 5944 3.

2362 4692 2574 4760 Θεότης.
2614 4710 2630 4742 ι
2664 4683 2832 4753 Οὗτος
2870 4686 2938 4760 ἦν
2968 4694 3023 4742 ὲν
3060 4690 3206 4759 ἀρχῇ
3240 4689 3377 4758 πρὸς
3428 4692 3517 4740 τὸν
3544 4688 3680 4740 Θεόν
3742 4708 3761 4738 ι
3802 4684 3970 4751 Οὗτος

2357 4784 2387 4836 0
2418 4784 2549 4846 Θεὸς
2600 4783 2769 4851 Λόγος
2820 4780 3080 4834 οὐδέποτε
3113 4778 3393 4850 ἐχωρίσθη
3423 4780 3517 4832 τοῦ
3561 4778 3701 4833 Θεοῦ
3728 4782 3827 4832 καὶ
3861 4782 3970 4834 Πι-

2356 4878 2504 4945 τρός.
2547 4876 2700 4928 Ἐπεὶ
2736 4874 2845 4943 γὰρ
2882 4868 3056 4937 εἶπεν,
3090 4873 3172 4924 ὅτι
3210 4890 3228 4924 ι
3269 4873 3377 4925 Καὶ
3403 4872 3534 4935 Θεὸς
3560 4866 3628 4942 ἦν
3650 4874 3679 4923 0
3712 4873 3912 4939 Λόγος,
3945 4889 3961 4920 ι

2355 4972 2443 5023 ἵνα
2474 4970 2548 5041 μή
2584 4986 2667 5030 τις
2705 4968 2971 5038 σατανικὴ
3020 4966 3250 5018 ὑπόνοια
3279 4965 3558 5035 ὲκταράξῃ
3606 4967 3791 5029 τινὰς,
3822 4962 3966 5036 ’Δρι

2356 5064 2569 5133 μήποτε
2601 5063 2725 5113 ἐπεὶ
2765 5062 2859 5112 καὶ
2899 5062 2926 5113 0
2959 5059 3132 5127 Λόγος
3165 5058 3300 5122 Θεός
3337 5061 3507 5123 ἐστιν,
3564 5061 3851 5129 ἐπανέστη
3890 5060 3963 5130 τῷ

2355 5156 2553 5227 Πατρὶ,
2600 5155 2675 5216 ὡς
2724 5156 2763 5206 )ἱ
2814 5153 2943 5223 παρ’
2981 5152 3217 5222 Ἕλλησι
3273 5151 3661 5223 μυθευόμενοι,
3709 5155 3808 5205 καὶ
3856 5149 3963 5207 οἷον

2351 5245 2693 5317 ἀποχωρισθ-
2734 5264 2759 5309 ς
2784 5246 2973 5309 αὐτοῦ,
3008 5244 3257 5308 ἀντίθεος
3286 5245 3512 5312 γέγονε;
3541 5245 3627 5298 διὰ
3659 5246 3825 5300 10610
3857 5249 3960 5299 τοί-

2357 5358 2449 5392 νυν
2481 5338 2668 5409 φησὶν,
2711 5340 2793 5391 ὅτι
2825 5342 2869 5391 εἰ
2906 5341 3003 5393 καὶ
3045 5337 3180 5404 Θεός
3214 5340 3365 5393 ἔστιν
3412 5342 3440 5392 0
3487 5342 3687 5408 Λόγος,
3718 5341 3842 5393 ἀλλ’
3874 5341 3959 5393 οὗ)

2360 5433 2524 5489 πάλιν
2558 5434 2694 5503 πρὸς
2750 5432 2840 5485 τὸν
2884 5431 3017 5484 Θεὸν
3063 5434 3158 5486 καὶ
3195 5433 3418 5502 Πατέρα
3472 5433 3613 5498 ἐστὶ,
3658 5434 3761 5487 σὺν
3812 5434 3956 5501 αύτῷ

2360 5522 2455 5588 ὢν,
2487 5525 2579 5577 καὶ
2600 5524 2858 5578 οὐδέποτε
2886 5525 3278 5596 χωριζόμενος.
3313 5525 3389 5577 Ού
3417 5529 3599 5594 χεῖρον
3619 5525 3678 5579 δὲ
3710 5528 3808 5579 καὶ
3830 5528 3955 5596 πρὸς

2359 5622 2485 5684 τοὺς
2537 5619 2972 5690 Ἀρειανίζοντας
3038 5620 3132 5673 καὶ
3182 5618 3341 5672 τοῦτο
3383 5621 3588 5673 εἰπεῖν·
3650 5621 3715 5674 Ol
3765 5622 3951 5689 κωφοὶ.

2364 5715 2657 5779 ἀκούσατε,
2696 5717 2740 5767 οἱ
2792 5714 3041 5781 λέγοντες
3086 5712 3249 5784 ἔργον
3300 5706 3438 5766 εἶναι
3490 5714 3585 5768 καὶ
3620 5715 3836 5786 ποίημα
3868 5712 3952 5768 τοῦ
