4228 6428
214 440 355 506 1149

906 442 1358 506 ENARRATIO
1401 440 1482 503 IN
1529 438 2036 504 EVANGELIUM
2072 440 2428 501 JOANNIS.
2473 465 2536 474 —
2567 440 2734 502 CAP.
2779 439 2826 501 ῐ.

3386 439 3566 511 ’1150

211 548 624 606 πιστεύσωσιν·
683 551 732 604 εί
785 549 844 605 δὲ
882 551 959 624 μὴ
989 550 1152 608 τοῦτο
1203 551 1412 622 ἀπέϐη,
1462 552 1563 606 οὒκ
1615 551 1827 614 ἐκεῖνος

1953 551 2035 606 ὐἰι
2071 548 2339 616 Joannes,
2401 561 2458 604 υι
2505 565 2701 607 omnes
2762 552 3038 605 credant:
3072 551 3325 622 quamvis
3376 566 3561 612 autem

210 643 411 706 αἴτιος.

291 755 311 788 ι
352 737 466 791 Οὐκ
499 732 568 808 ἦν
611 737 820 802 ὶκείνος
871 737 933 791 τὸ
983 738 1121 808 φῶς,
1177 739 1293 792 ἀλλ’
1343 737 1432 792 ἵνα
1490 738 1828 811 μαρτυρήσῃ

211 829 478 901 περὶτοῦ
513 831 712 901 φωτός.
757 850 776 883 ι
821 831 1047 904 Ἐπειδὴ
1079 832 1155 896 ὡς
1194 833 1291 885 ἐπὶ
1345 833 1482 886 πολῦ
1531 831 1826 902 συμὸαίνει

211 926 306 980 τὶν
329 925 717 1000 μαρτυροῦντα
740 928 1028 1001 κρείττονα
1055 927 1196 983 εἶναι
1219 931 1314 984 τοῦ
1342 947 1626 1002 μαρτυρου
1635 930 1825 1000 μένου,

214 1019 306 1073 ἵνα
339 1021 413 1091 μὴ
445 1021 697 1095 νομίσῃς,
737 1023 820 1076 ὅτι
873 1024 966 1076 καὶ
1012 1022 1270 1093 Ἰωάννης
1307 1023 1604 1094 μαρτυρῶν
1648 1020 1826 1095 [περὶ]

212 1111 457 1180 Χριστοῦ
505 1115 776 1185 κρείττων
824 1114 994 1168 αὑτοῦ
1043 1110 1140 1186 ἦν’
1179 1115 1280 1186 τὴν
1321 1118 1574 1187 πονηρὰν
1619 1117 1828 1186 ταίτην

213 1202 456 1274 ὑποψίαν
489 1206 818 1278 περιαιρῶν,
843 1209 1046 1279 φησίν·
1084 1210 1199 1263 Οὐκ
1233 1205 1303 1282 ἦν
1338 1212 1548 1273 ἐκεῖνος
1589 1209 1650 1264 τὸ
1684 1209 1826 1280 φῶς.

224 1298 368 1352 Ἀλλ’
402 1300 548 1354 είποι
595 1301 664 1354 ἄν
696 1317 808 1365 τιςο
853 1295 1004 1372 Ἀρα
1049 1302 1171 1357 οὐδὲ
1221 1304 1315 1357 τὸν
1383 1306 1666 1375 Ἰωάννην,
1703 1303 1828 1358 οὔτε

210 1391 338 1444 τινὰ
366 1392 528 1446 ἄλλον
553 1393 663 1446 τῶν
698 1393 871 1462 ἁγίων
900 1396 1156 1466 εἴποιμεν
1185 1396 1340 1466 φῶς;
1372 1397 1494 1460 Φῶς
1529 1399 1630 1468 μὲν
1657 1399 1832 1451 εῐποι-

213 1499 319 1551 μεν
344 1483 579 1539 ἕκαστον
609 1486 720 1540 τῶν
748 1487 924 1554 ἁγίων
943 1506 956 1518 ·
985 1488 1046 1542 τὸ
1093 1489 1210 1559 φῶς
1254 1491 1311 1544 δὲ
1347 1492 1448 1545 οὐκ
1478 1490 1544 1545 ἂν
1577 1490 1831 1563 εἴποιμεν

214 1575 359 1645 μετὰ
413 1575 506 1629 τοῦ
554 1577 782 1648 ἄρθρου.
817 1571 966 1642 Οἷον,
1001 1580 1099 1634 ἐάν
1136 1598 1196 1635 σε
1250 1580 1430 1654 ἔροιτό
1461 1600 1548 1647 τις
1570 1602 1586 1616 ·
1615 1579 1762 1655 Ἀρα
1803 1585 1832 1638 6

223 1669 486 1742 Ἰωάννης
528 1673 644 1743 φῶς
679 1673 830 1742 tati;
867 1676 1237 1730 κατάνευσον·
1290 1679 1339 1730 εί
1388 1677 1444 1730 δὲ
1484 1675 1661 1740 οὕτως
1691 1680 1834 1748 ἔρω-

211 1765 397 1832 τήσειο
428 1762 577 1836 Ἀρα
621 1769 650 1822 6
697 1769 954 1839 Ἰωάννης
984 1770 1046 1823 τὸ
1087 1770 1204 1841 φῶς
1234 1772 1417 1836 Eat-tv;
1442 1770 1587 1836 είτιὲ,
1622 1770 1720 1826 Οὔ.
1755 1771 1832 1826 Οὐ

211 1855 325 1925 γάρ
364 1856 513 1910 ἔστιν
559 1858 724 1922 αὐτὸς
769 1859 831 1913 τὸ
882 1859 996 1930 φῶς
1047 1862 1278 1931 κυρίως,
1325 1862 1464 1916 ά).λά
1512 1861 1630 1930 φῶς
1685 1862 1830 1916 κατά

1937 645 2191 699 eveneiit
2227 645 2594 706 contrarium.
2631 645 2722 700 ille
2774 645 2826 699 in
2857 660 3028 701 causa
3060 661 3169 700 non
3199 655 3308 702 est.

2007 735 2176 793 Vens.
2218 739 2270 795 8.
2307 757 2325 789 ι
2357 740 2477 794 Non
2503 749 2625 794 erat
2658 737 2746 795 ille
2770 741 2865 793 lux
2903 739 3015 806 illa,
3043 735 3140 794 sed
3170 750 3231 794 ut
3261 751 3566 798 testaretur

1933 833 1999 888 de
2031 833 2172 888 luce.
2210 853 2226 884 ι
2266 833 2747 903 Quandoquidem,
2800 843 2858 888 nt
2910 849 3053 904 saepe
3103 834 3219 888 ﬁeri
3271 835 3430 904 solet,
3470 836 3562 905 qni

1933 937 2167 982 testatur
2225 927 2403 996 major
2426 937 2510 984 est
2538 946 2601 983 eo
2635 929 2720 982 cui
2749 929 3123 984 testiinonium
3158 931 3430 998 perhibet,
3493 945 3563 984 ne

1933 1023 2220 1077 existimes
2264 1022 2410 1091 quod
2464 1021 2707 1078 Joannes
2763 1022 3068 1077 testilicans
3110 1023 3333 1076 Chi-isto
3377 1025 3565 1093 major

1935 1115 2026 1168 illo
2047 1115 2230 1182 fuerit;
2253 1117 2449 1169 malam
2465 1116 2834 1184 Suspicionem
2861 1117 3006 1170 illam
3028 1116 3193 1188 512
3215 1120 3562 1184 interiinens,

1938 1205 2131 1273 inquit.
2161 1205 2278 1261 Non
2315 1218 2435 1260 erat
2462 1207 2549 1261 ille
2581 1207 2672 1260 lux
2707 1205 2818 1260 illa.
2853 1207 2959 1262 Sed
2985 1209 3186 1263 dixerit
3229 1211 3504 1280 quispiam
3546 1229 3556 1264 :

1935 1300 2107 1369 Igitur
2136 1317 2243 1356 non
2275 1303 2377 1356 erit
2414 1301 2494 1356 vel
2524 1302 2784 1365 Joannes,
2810 1304 2891 1356 vel
2932 1305 3205 1372 quispiam
3235 1317 3558 1358 sanctorum

1935 1394 2219 1448 vocandus
2254 1395 2341 1449 lux
2361 1395 2384 1447 ?
2408 1395 2609 1450 Lucem
2642 1395 2830 1464 utique
2859 1407 3006 1450 recte
3030 1398 3331 1451 dixerimus
3361 1413 3563 1450 unum-

1936 1503 2209 1558 quemque
2257 1501 2596 1553 sanctorum,
2645 1490 2740 1543 sed
2773 1489 2947 1542 lucem
2985 1489 3128 1541 illam
3165 1504 3289 1542 cum
3331 1489 3566 1543 articulo

1939 1581 2259 1651 neutiquam
2319 1582 2589 1634 dicemus.
2651 1581 2815 1636 Unde
2886 1583 2929 1635 si
2989 1581 3115 1650 quis
3184 1581 3277 1634 tibi
3339 1582 3566 1644 ιΙὶΧνῐίι,

1936 1672 2178 1728 Joannes
2213 1674 2301 1727 lux
2334 1671 2680 1728 est?:iniiue.
2712 1673 2768 1728 Si
2805 1685 2987 1727 autem
3013 1675 3383 1742 interrogavit.
3419 1669 3568 1727 Nai.-

1941 1767 2070 1836 quid
2103 1765 2345 1823 Joannes
2376 1767 2466 1821 lux
2503 1769 2588 1820 illa
2626 1767 2751 1821 est?
2777 1768 2896 1831 die,
2934 1765 3074 1821 Non.
3114 1765 3234 1820 Non
3269 1768 3414 1836 enim
3452 1769 3570 1834 ipse

1942 1863 2161 1931 proprie
2187 1861 2275 1914 lux
2299 1870 2404 1926 est,
2437 1865 2533 1916 sed
2567 1862 2656 1914 Ιιιι
2692 1875 2792 1930 per
2825 1861 3330 1932 paiticipationem,
3361 1861 3571 1932 habens

214 1953 477 2020 μετοχὴν,
514 1952 636 2024 ἔχον
671 1953 773 2024 τὴν
824 1927 1034 2025 λάμψιν
1085 1927 1151 2009 ἐκ
1200 1955 1292 2011 τοῦ
1329 1927 1590 2030 ἀληθινοῦ
1628 1957 1832 2028 φωτός.

1953 1957 2210 2021 fulgorem
2236 1971 2264 2008 a
2299 1971 2428 2009 vera
2457 1955 2596 2009 luce.

293 2063 313 2098 ε
350 2038 459 2099 Ἦν
481 2047 540 2100 τὸ
568 2048 685 2116 φῶς
706 2049 766 2102 τὸ
790 2048 1072 2123 ἀληθινὸν,
1101 2049 1130 2104 ὃ
1157 2051 1386 2120 φωτίζει
1415 2054 1597 2108 πάντα
1624 2052 1840 2124 ἀνθρω-

213 2156 324 2194 πον
355 2141 653 2212 ἐρχόμενον
684 2142 765 2206 είς
809 2142 902 2198 τὸν
939 2143 1172 2216 κόσμον.
1208 2163 1226 2197 ι
1257 2146 1463 2200 Μέλλει
1500 2148 1678 2200 εἰπεῖν
1709 2149 1839 2217 περὶ

212 2232 321 2303 τῆς
356 2235 626 2303 ὲνσάρκου
669 2236 988 2308 οἰκονομίας
1019 2237 1117 2292 τοῦ
1150 2239 1521 2308 Μονογενοῦς,
1553 2229 1637 2294 ὅτι
1675 2236 1840 2312 ἦλθεν

217 2327 304 2391 είς
335 2329 404 2382 τά
435 2328 564 2397 ῐδια,
596 2331 678 2384 ὃτι
711 2331 852 2402 σὰρξ
876 2332 1123 2399 ἐγένετο.
1155 2333 1277 2387 Ἶνα
1303 2334 1486 2388 τοίνυν
1521 2335 1596 2407 μὴ
1639 2334 1840 2408 νομίσῃ

212 2438 327 2489 τις,
352 2422 436 2476 ὅτι
481 2423 591 2493 πρὸ
633 2424 731 2478 τοῦ
778 2425 1137 2495 σαρκωθῆναι
1171 2429 1275 2480 οὐκ
1322 2423 1412 2499 ἦν,
1445 2426 1639 2482 τούτου
1671 2428 1838 2481 ἕνεκα

214 2514 417 2583 ἀνάγει
453 2517 557 2587 τὴν
588 2515 832 2570 διάνοιαν
864 2519 958 2572 ἐπὶ
1003 2518 1106 2592 τὴν
1157 2519 1422 2574 ὲπέκεινα
1455 2522 1639 2590 πάσης
1666 2520 1844 2591 ἀρχῆς

215 2607 481 2680 ὕπαρξιν,
517 2609 612 2664 καί
645 2627 814 2680 φησιν
842 2627 855 2641 ·
887 2606 1001 2666 Ἦν
1047 2614 1142 2667 καὶ
1197 2612 1306 2683 πρὸ
1347 2611 1444 2667 τοῦ
1484 2613 1842 2686 σαρκωθῆναι

216 2699 282 2756 τὸ
319 2701 435 2771 φῶς
500 2702 561 2756 τὸ
611 2703 894 2774 ἀληθινόν.
924 2694 1044 2759 ’Διὰ
1080 2705 1277 2760 τούτου
1319 2708 1373 2760 δὲ
1422 2708 1524 2778 τὴν
1570 2705 1844 2761 Φωτεινοῦ

216 2795 316 2849 καὶ
347 2794 562 2848 Παύλου
593 2793 688 2848 τοῦ
720 2797 1090 2866 Σαμοσατέως
1116 2799 1333 2869 αἵρεσιν
1371 2798 1700 2869 ἀνατρέπει,
1732 2799 1841 2851 τῶν

214 2888 676 2958 ζογματισάντων
707 2890 830 2942 τότε
867 2890 1114 2962 ὑπάρξαι
1142 2891 1234 2945 τὸν
1264 2893 1573 2964 Μονογενῆ,
1602 2892 1691 2945 ὅτε
1724 2891 1838 2945 ἀπὸ

215 2981 446 3051 Μαρίας
495 2980 766 3052 ἐγεννήθη
790 3001 802 3013 ·
840 2982 948 3055 πρὸ
981 2984 1177 3038 τούτου
1211 2985 1268 3038 δὲ
1295 2985 1374 3057 μὴ
1429 2980 1599 3040 εἶναι.
1637 2985 1845 3039 ’Δκουε

217 3075 322 3128 καὶ
355 3075 445 3139 σὺ,
499 3076 528 3127 ὁ
565 3076 872 3145 Ἀρειανδς,
899 3079 926 3130 6
962 3077 1037 3150 μὴ
1075 3077 1255 3148 λέγων
1303 3080 1561 3150 ἀληθινὸν
1591 3079 1726 3133 Θεὸν
1752 3080 1848 3134 τὸν

219 3162 356 3218 Υἱὸν
412 3162 509 3218 τοῦ
541 3164 702 3231 Θεοῦ,
737 3165 789 3218 τί
837 3183 1006 3237 φησιν
1038 3171 1064 3220 6
1095 3168 1534 3240 eba'neiita‘rr'jc‘
1573 3187 1593 3220 ε
1632 3169 1695 3222 τὺ
1727 3169 1846 3239 φῶς

2019 2049 2192 2106 Vens.
2229 2051 2282 2107 9.
2321 2071 2338 2102 ι
2389 2048 2523 2104 Erat
2557 2051 2644 2103 lux
2684 2052 2776 2102 illa
2818 2054 2905 2103 lux
2939 2064 3095 2112 vera,
3139 2063 3264 2116 quae
3296 2046 3574 2102 illuminat

1945 2161 2163 2199 onmem
2195 2143 2473 2199 hominem
2511 2143 2821 2198 venientem
2852 2142 2904 2196 in
2936 2145 3227 2195 mundum.
3266 2160 3284 2192 ι
3312 2132 3573 2194 Dicturus

1948 2250 2032 2295 est
2063 2237 2133 2294 de
2180 2239 2562 2292 incarnatione
2594 2233 2900 2306 Unigeniti,
2932 2241 3078 2304 quod
3109 2242 3323 2288 venerit
3360 2233 3415 2287 in
3451 2249 3576 2302 pro-

1949 2335 2088 2401 pria,
2115 2333 2259 2401 quod
2289 2346 2418 2385 caro
2449 2328 2629 2387 lactus
2666 2332 2760 2384 sit.
2795 2328 2872 2384 Ne
2902 2329 3069 2399 igitur
3098 2328 3222 2398 quis
3261 2326 3577 2397 suspicetur

1948 2428 2092 2498 quod
2127 2441 2232 2482 non
2267 2424 2439 2480 fuerit
2471 2432 2770 2494 antequam
2809 2424 3218 2485 incarnaretur,
3251 2421 3370 2492 ejus
3396 2419 3576 2493 gratia

1951 2517 2210 2571 subvehit
2251 2524 2492 2569 mentem
2528 2525 2774 2569 nostram
2819 2511 2872 2566 in
2903 2511 3296 2576 substantiam,
3339 2525 3462 2582 qute
3493 2507 3579 2564 υι-

1949 2620 2032 2663 tra
2081 2623 2246 2664 omne
2297 2608 2631 2679 principium
2685 2613 2794 2673 est,
2836 2615 2892 2660 et
2943 2604 3176 2676 inquit:
3215 2597 3351 2658 Erat
3409 2601 3576 2658 etiam

1948 2715 2244 2776 antequam
2302 2705 2691 2760 incarnaretur
2744 2703 2834 2758 lux
2879 2703 2969 2756 illa
3014 2719 3166 2757 Vera.
3198 2698 3266 2754 Et
3324 2715 3421 2772 per
3470 2698 3577 2755 boc

1949 2800 2171 2856 Photini
2203 2810 2260 2854 et
2292 2797 2446 2855 Pauli
2480 2798 2832 2854 Sainosateni
2870 2798 3145 2853 subvertit
3177 2795 3456 2860 lneresim,
3485 2794 3579 2864 qui

1949 2893 2149 2948 docent
2175 2893 2226 2946 iu
2260 2891 2373 2946 suis
2398 2880 2752 2963 dogmatibus
2777 2890 3132 2961 Unigenituin
3159 2904 3290 2945 tunc
3315 2889 3576 2960 cwpisse,

1950 2990 2173 3062 quando
2201 2989 2269 3043 de
2300 2988 2469 3042 Maria
2501 2996 2666 3043 natus
2700 2996 2807 3049 est,
2843 2996 2896 3042 et
2930 2999 3056 3042 ante
3095 2987 3196 3041 hoc
3229 3005 3336 3043 non
3374 2989 3572 3044 fuisse.

1952 3085 2092 3140 Audi
2141 3095 2196 3138 et
2225 3096 2304 3147 tu,
2339 3082 2562 3148 Ariane,
2611 3081 2704 3151 qui
2742 3096 2910 3153 negas
2942 3097 3132 3136 verum
3165 3080 3338 3138 Deum
3378 3081 3581 3138 Filium

1954 3179 2074 3244 Dei,
2107 3178 2235 3249 quid
2258 3176 2795 3248 dicatevangelista:
2828 3195 2846 3228 ι
2885 3176 3012 3230 Erat
3048 3175 3134 3229 lux
3169 3177 3256 3230 illa
3283 3192 3433 3231 vera.
3472 3197 3492 3230 ι
3518 3177 3586 3232 Et

217 3259 285 3311 τὸ
319 3256 605 3326 ἀληθινόν·
657 3278 675 3310 ι
722 3259 820 3313 καὶ
856 3262 921 3315 σὺ
957 3260 1036 3328 δὲ,
1061 3255 1106 3315 ὦ
1133 3263 1432 3331 Μανιχαῖε,
1469 3265 1496 3316 6
1539 3263 1741 3333 λέγων,
1764 3265 1845 3318 ὅτι

1957 3285 2012 3330 to
2041 3289 2282 3345 quoque,
2314 3270 2634 3337 Manicha-e,
2663 3274 2754 3342 qui
2785 3272 2920 3326 dicis
2942 3272 3088 3342 quod
3113 3271 3286 3328 simus
3313 3283 3586 3328 creaturae

217 3352 321 3408 τοῦ
351 3353 592 3425 πονηροῦ
624 3351 969 3427 δημιουργοῦ
1001 3357 1172 3425 ὲσμεν
1207 3358 1509 3429 κτίσματα,
1542 3358 1736 3425 ἄκουε,
1764 3362 1845 3413 ὅτι

1956 3368 2173 3434 epiticis
2213 3364 2435 3432 diaboli,
2485 3364 2635 3430 audi,
2668 3366 2796 3435 quia
2845 3363 2935 3419 lux
2978 3364 3072 3418 illa
3133 3380 3259 3419 vera
3304 3366 3584 3422 illuminat

221 3448 288 3502 τὸ
319 3448 436 3516 φῶς
457 3448 519 3501 τὸ
551 3448 811 3520 ἀληθινὸν
844 3449 1074 3516 φωτίζει
1102 3451 1284 3504 πάντα
1315 3451 1626 3523 ἄνθρωπον.
1661 3453 1723 3506 El
1753 3449 1849 3508 οὖν

220 3544 251 3597 6
279 3541 523 3614 πονηρὸς
565 3541 902 3613 δημιουργὸς
949 3544 1144 3606 σκότος
1204 3545 1376 3613 ἐστὶν,
1411 3546 1513 3598 οὐκ
1544 3545 1610 3600 ἂν
1634 3547 1849 3620 φωτίσῃ

219 3639 386 3692 τινά⁶
440 3637 586 3691 ὥστε
640 3637 736 3691 τοῦ
799 3639 981 3708 φωτὸς
1040 3639 1136 3693 τοῦ
1186 3641 1448 3712 ἀληθινοῦ
1497 3644 1667 3713 ἐσμεν
1719 3644 1852 3696 κτί-

221 3750 432 3804 σματα.
480 3733 593 3788 Καὶ
628 3733 771 3799 πῶς,
818 3735 976 3804 φησι,
1025 3733 1252 3804 φωτίζει
1304 3737 1484 3789 πάντα
1534 3739 1847 3808 ἄνθρωπον,

220 3833 362 3886 ὅπου
396 3848 460 3898 γε
516 3830 793 3901 βλέπομεν
842 3847 1001 3894 τινας
1048 3832 1514 3903 ἐσκοτισμένουςς
1567 3834 1738 3887 Ὅσον
1791 3836 1852 3889 τὸ

221 3923 314 3994 ἐφ’
344 3922 546 3991 ἑαυτῷ,
593 3923 804 3988 πάντας
840 3923 1094 3992 φωτίζει.
1136 3923 1271 3977 Εἰπὲ
1307 3926 1417 3996 γάρ
1451 3943 1565 3994 μοι,
1611 3925 1674 3979 οὐ
1709 3926 1850 3979 πάν-

221 4036 321 4082 τες
355 4017 566 4086 λογικοί
591 4034 606 4083 ;
663 4018 723 4072 οὑ
771 4020 974 4082 πάντες
1006 4019 1170 4088 φύσει
1200 4018 1569 4088 γινώσκοντες
1599 4020 1661 4073 τὸ
1684 4020 1852 4075 καλὸν

222 4114 324 4169 καὶ
352 4113 706 4179 τούναντίον;
757 4114 861 4168 οὐκ
910 4116 1128 4183 ἔχοντες
1159 4113 1392 4186 δύναμιν
1429 4115 1688 4187 ἐννοῆσαι
1742 4115 1854 4169 ἀπὸ

221 4208 338 4263 τῶν
373 4208 694 4276 κτισμάτων
718 4210 809 4260 τὸν
836 4208 1086 4278 κτίστην
1112 4225 1126 4272 ;
1159 4196 1326 4261 Ὥστε
1361 4211 1390 4261 6
1420 4209 1582 4278 λόγος
1611 4210 1638 4262 6
1674 4208 1853 4272 δοθεὶς

224 4305 388 4372 ἡμῖν,
419 4302 513 4355 καὶ
544 4301 918 4369 παιδαγωγῶν
950 4304 1098 4374 ἡμᾶς
1149 4302 1337 4371 φύσει,
1364 4302 1422 4368 ὃς
1474 4303 1570 4357 καὶ
1619 4305 1853 4374 φυσικὸς

221 4397 395 4467 νόμος
457 4393 728 4457 καλεῖται,
778 4387 934 4456 οὗτος
990 4394 1013 4447 ἶ
1101 4393 1332 4466 κληθείη
1395 4393 1538 4465 φῶς,
1589 4394 1652 4448 τὸ
1700 4395 1854 4449 δοθὲν

223 4490 365 4561 ἡμῖν
395 4487 543 4560 παρὰ
575 4488 711 4542 Θεοῦ
741 4505 751 4516 ⁸
781 4489 830 4540 εί
876 4488 934 4540 δέ
969 4506 1014 4540 τι
1066 4508 1113 4552 ῖς
1162 4489 1351 4553 κακῶς
1384 4489 1459 4560 τῷ
1495 4489 1640 4560 λόγῳ
1684 4490 1854 4562 ἐχρή-

223 4599 418 4647 σαντο,
454 4582 682 4644 ἑαυτοὺς
715 4583 996 4636 ὲσκότισαι.
1074 4583 1234 4648 Τινὲς
1262 4583 1320 4638 δὲ
1353 4582 1498 4637 οὕτω
1525 4583 1718 4636 λύουσι
1749 4583 1855 4654 τὴν

1955 3471 2177 3512 Omnem
2210 3454 2511 3511 hominem.
2542 3453 2598 3508 Si
2636 3455 2800 3525 igitur
2838 3453 3115 3523 malignus
3153 3453 3243 3508 ille
3273 3454 3456 3522 opifex
3493 3465 3581 3510 te-

1961 3553 2148 3605 nebrae
2173 3559 2278 3615 est,
2303 3548 2513 3604 nullum
2547 3548 2738 3617 utique
2771 3547 3047 3604 illuminat
3083 3565 3096 3602 :
3129 3557 3294 3618 atque
3331 3548 3403 3603 ita
3441 3564 3588 3606 vera:

1959 3644 2096 3700 locis
2132 3651 2404 3698 creatura:
2437 3655 2648 3695 sumus.
2691 3638 2758 3693 Et
2806 3640 3106 3710 quomodo,
3146 3639 3348 3708 inquit,
3385 3641 3589 3695 illumi-

1958 3748 2049 3790 nat
2085 3751 2304 3789 omnein
2357 3735 2656 3796 hominem,
2691 3748 2815 3786 cum
2876 3729 3163 3788 videatnus
3218 3743 3330 3787 tam
3385 3734 3588 3791 inultos

1955 3829 2388 3884 obtenebratos?
2413 3831 2687 3896 Quantum
2715 3827 2780 3881 ad
2809 3827 2985 3897 ipsum
3020 3828 3242 3891 attinet,
3312 3828 3591 3883 illuminat

1957 3940 2170 3978 omnes.
2215 3921 2308 3976 Dic
2342 3923 2790 3990 eiiiin,ob5ecro,
2828 3937 3012 3975 nonne
3049 3938 3245 3977 Omnes
3287 3918 3590 3977 rationales

1957 4018 2121 4072 Sunt?
2172 4025 2352 4070 bonne
2387 4029 2578 4070 omnes
2614 4025 2810 4069 natura
2868 4018 3109 4070 scientes
3144 4016 3344 4070 bonum
3379 4027 3429 4068 el
3471 4032 3588 4069 nia-

1961 4110 2117 4164 luni?
2150 4127 2331 4165 nonne
2378 4127 2572 4165 omnes
2624 4099 2829 4164 habent
2885 4111 3146 4164 virtutem
3195 4127 3264 4166 ex
3317 4109 3595 4169 creaturis

1958 4205 2329 4276 cognoscendi
2365 4204 2734 4259 Creatorem?
2773 4202 2836 4256 Et
2870 4205 2945 4259 ita
2985 4203 3128 4259 ratio
3159 4205 3285 4260 data
3321 4205 3502 4272 nobis,
3539 4216 3595 4260 vt

1961 4313 2154 4357 natura
2194 4317 2295 4356 nos
2327 4301 2634 4366 instruens,
2671 4315 2792 4368 qua:
2825 4310 2880 4355 et
2915 4301 3186 4356 naturalis
3218 4304 3299 4356 lex
3337 4315 3596 4372 voratur,

1961 4397 2077 4450 haec
2111 4403 2306 4449 vocata
2341 4405 2425 4449 est
2469 4392 2557 4448 lux
2608 4394 2770 4448 nobis
2801 4411 2827 4447 a
2868 4391 2982 4449 Deo
3012 4395 3162 4450 data.
3199 4395 3354 4463 Quod
3385 4397 3426 4452 si
3466 4399 3597 4467 qni-

1961 4493 2087 4542 dam
2115 4492 2330 4542 ratione
2362 4486 2445 4541 usi
2480 4502 2585 4540 non
2629 4500 2781 4552 sunt,
2819 4487 2870 4541 lii
2899 4489 3113 4559 seipsos
3133 4489 3602 4552 obtenehrarunt.

1962 4578 2220 4635 Nonnulli
2256 4583 2398 4635 hanc
2432 4581 2840 4636 dubitationem
2877 4584 2948 4635 ita
2989 4583 3210 4638 solvunt
3241 4601 3258 4638 ι
3294 4583 3599 4649 lllnminat,

221 4673 487 4726 ἔνστασιν
540 4672 771 4743 ταύτην·
806 4674 1060 4737 Φωτίζει,
1115 4675 1306 4744 φησὶν.
1339 4677 1368 4728 6
1420 4674 1629 4747 Κύριος
1671 4676 1845 4730 πάντα

1967 4673 2241 4742 inquiunt,
2278 4672 2544 4727 Dominus
2593 4688 2814 4727 onmem
2868 4676 3147 4729 hominem
3183 4677 3496 4732 venientem
3543 4678 3602 4732 iii

227 4766 530 4837 ἄνθρωπον
570 4767 664 4820 τὸν
719 4768 1020 4839 ἐρχόμενον
1077 4769 1156 4834 είς
1191 4769 1287 4823 τὸν
1335 4768 1568 4841 κόσμον,
1618 4769 1740 4842 ἦτοι
1779 4770 1860 4834 είς

224 4861 390 4928 τάξιν
458 4861 733 4932 βελτίονα,
800 4864 898 4915 καὶ
968 4861 1351 4929 σπουδάζοντα
1419 4864 1704 4935 κοσμῆσαι
1760 4865 1861 4936 τὴν

224 4954 448 5010 οἰκείαν
472 4955 676 5026 ψυχὴν,
705 4958 800 5010 καὶ
830 4957 905 5028 μὴ
931 4957 1093 5011 ἐᾶσαι
1119 4958 1368 5030 ἀκοσμόν
1397 4976 1456 5013 τε
1487 4959 1583 5012 καὶ
1609 4960 1853 5031 ἀκαλλῆ.

311 5067 332 5103 ε
383 5048 474 5103 Ἐν
499 5049 579 5120 τῷ
611 5052 805 5124 κόσμῳ
843 5046 933 5123 ἦν,
971 5053 1068 5106 καὶ
1103 5047 1131 5107 6
1163 5053 1372 5125 κόσμος
1417 5053 1486 5108 δι’
1523 5054 1693 5109 αὐτοῦ
1729 5056 1858 5125 ἐγέ-

225 5159 380 5219 νετο,
414 5143 512 5197 καὶ
546 5144 574 5194 6
608 5143 818 5215 κόσμος
843 5147 1009 5200 αὑτὸν
1030 5147 1131 5200 οὐκ
1155 5148 1318 5217 ἔγνω.
1354 5168 1373 5201 i
1423 5150 1515 5203 Ἐν
1548 5148 1628 5219 τῷ
1663 5150 1859 5223 κόσμῳ

221 5230 322 5306 ἦν,
359 5232 436 5297 ὡς
477 5231 614 5300 Θεὸς
662 5237 943 5309 πανταχοῦ
987 5240 1182 5310 παρών
1208 5255 1222 5271 ⁸
1276 5241 1416 5295 ἀλλὰ
1459 5241 1524 5314 δὴ
1572 5245 1665 5296 καὶ
1715 5245 1858 5298 κατὰ

221 5331 597 5402 προνοητικὸν
617 5332 713 5384 καὶ⁵
731 5329 1115 5403 συνε[κ]τικὺν
1139 5332 1362 5405 λεχθείη
1389 5334 1456 5386 ἂν
1481 5338 1540 5388 ὲν
1559 5335 1638 5406 τῷ
1663 5337 1860 5407 κόσμῳ

221 5421 391 5479 εἶναι.
429 5426 626 5479 Καίτοι
654 5427 708 5480 τί
740 5425 924 5491 τοῦτο,
954 5430 1112 5499 φησι,
1141 5427 1308 5495 λέγω,
1346 5430 1429 5482 ὅτι
1464 5432 1524 5482 ὲν
1555 5429 1634 5498 τῷ
1666 5430 1861 5501 κόσμῳ

221 5514 322 5591 ἦν,
352 5519 492 5572 ὅπου
538 5537 602 5588 γε
636 5519 758 5573 οὐδὲ
791 5521 821 5573 6
851 5520 1057 5590 κόσμος
1087 5519 1154 5574 ἂν
1186 5516 1276 5592 ἦν,
1305 5523 1353 5574 εί
1390 5523 1465 5592 μὴ
1499 5522 1666 5586 αὐτὸς
1694 5524 1862 5577 αὐτὸν

223 5610 460 5678 ἐποίησε
483 5627 497 5674 ;
529 5611 879 5682 Πανταχόθεν
911 5613 969 5667 δὲ
997 5614 1348 5685 Δημιουργὸν
1367 5614 1535 5667 αὑτὸν
1556 5615 1857 5670 δείκνυσιν·

226 5704 353 5775 ἅμα
403 5707 505 5775 μὲν
534 5707 630 5759 καὶ
657 5707 758 5778 τὴν
801 5706 901 5761 τοῦ
934 5708 1216 5773 Μάνεντος
1247 5709 1456 5763 λύσσαν
1487 5711 1856 5776 ἀναστέλλων,

223 5797 328 5851 τοῦ
390 5799 672 5868 λέγοντος,
725 5801 968 5873 πονηρὸν
1019 5803 1362 5875 δημιουργὸν
1400 5807 1755 5875 παραγαγεῖν
1785 5806 1857 5858 τὰ

228 5897 565 5966 σᾴμπαντα·
600 5897 739 5953 ἀλλὰ
765 5897 830 5969 δὴ
858 5898 951 5952 καὶ
981 5898 1082 5971 τὴν
1112 5897 1208 5952 τοῦ
1252 5898 1496 5970 Ἀρείου,
1528 5898 1624 5953 τοῦ
1649 5900 1860 5970 φήσανο

224 6007 320 6055 τος
351 5991 560 6062 κτίσμα
616 5987 758 6048 εἶναι
803 5993 894 6050 τὸν
936 5993 1068 6049 Υἱὸν
1123 5993 1215 6049 τοῦ
1265 5993 1438 6049 Θεοῦ·
1488 5994 1606 6066 ἅμα
1663 5995 1721 6050 δὲ
1762 5999 1855 6052 καὶ

1970 4768 2232 4820 ιιιιιιιιΙιιιιι
2273 4784 2288 4821 :
2321 4767 2422 4820 hoc
2447 4777 2552 4831 est,
2587 4785 2681 4822 eos
2715 4769 2806 4838 qui
2848 4781 2974 4822 sunt
3008 4770 3059 4823 in
3094 4779 3241 4825 statu
3278 4771 3516 4834 meliori,
3545 4782 3604 4828 et

1965 4862 2162 4916 dantes
2209 4876 2436 4928 operam
2480 4873 2536 4915 ut
2572 4872 2804 4916 ornetur
2837 4864 3019 4916 anima
3068 4880 3190 4930 sua,
3228 4881 3407 4936 neque
3452 4867 3604 4921 illam

1968 4956 2282 5008 inornatam
2311 4967 2366 5010 et
2401 4966 2618 5026 turpem
2656 4973 2780 5010 esse
2815 4959 3084 5013 sinentes.

2043 5046 2212 5104 Vens.
2257 5049 2344 5103 10.
2378 5070 2394 5102 ε
2442 5049 2498 5104 In
2532 5053 2736 5105 mundo
2765 5062 2903 5116 erat,
2939 5062 2992 5106 et
3026 5058 3266 5107 mundus
3301 5069 3394 5121 per
3424 5053 3604 5124 ip~um

1969 5141 2150 5198 factus
2175 5154 2280 5207 est,
2304 5156 2360 5200 et
2389 5147 2622 5199 nnmdns
2654 5164 2778 5201 enni
2803 5163 2910 5201 non
2941 5149 3221 5219 cognovit.
3263 5168 3281 5201 ι
3313 5148 3366 5204 ln
3398 5155 3610 5208 mundo

1966 5247 2110 5300 erat,
2149 5237 2293 5290 sicut
2337 5235 2480 5292 Deus
2514 5238 2720 5308 ubique
2760 5256 3025 5309 praesens.
3078 5241 3222 5308 Quin
3261 5251 3318 5296 et
3374 5255 3606 5312 propter

1968 5327 2394 5396 providentiam,
2427 5341 2477 5383 et
2516 5335 2958 5388 conservativam
2987 5335 3094 5388 vim
3122 5351 3226 5405 qua
3252 5339 3440 5391 omnia
3471 5353 3604 5394 con-

1967 5432 2176 5487 servat,
2208 5421 2478 5478 dicendus
2505 5436 2590 5480 est
2621 5426 2674 5480 in
2709 5429 2914 5481 mundo
2938 5443 3063 5483 esse
3094 5447 3107 5483 :
3149 5431 3300 5500 atqui
3335 5447 3438 5484 cur
3471 5435 3602 5498 hoc,

1969 5516 2167 5584 inquit,
2204 5515 2332 5572 dico
2364 5519 2511 5586 quod
2549 5520 2601 5573 in
2638 5523 2845 5577 mundo
2895 5520 3084 5588 fuerit,
3123 5527 3386 5594 quoniam
3423 5543 3604 5597 neque

1970 5612 2208 5668 mundus
2262 5614 2379 5684 ipse
2419 5615 2639 5678 luisset,
2695 5617 2800 5672 nisi
2864 5617 2956 5674 ille
3006 5619 3185 5689 ipsum
3227 5622 3608 5677 condidisset?

1971 5703 2188 5776 Ubique
2230 5710 2410 5778 ipsum
2457 5713 2699 5766 ostendit
2745 5713 3027 5783 opiﬁcem,
3066 5716 3269 5785 paitiin
3322 5728 3380 5772 ιιι
3428 5717 3605 5772 Mani-

1970 5803 2106 5859 ιιιιεί
2144 5805 2418 5860 insaniam
2456 5809 2811 5879 reprimeret,
2853 5811 2946 5881 qui
2980 5812 3116 5868 dicit
3159 5813 3459 5884 malignum
3488 5815 3607 5886 opi-

1972 5901 2129 5956 ticem
2158 5903 2486 5969 produxisse
2529 5905 2718 5960 omnia
2803 5919 2857 5962 et
2889 5908 3080 5962 Arium
3129 5909 3466 5976 confutaret,
3506 5911 3601 5980 qni

1969 5999 2103 6054 dull
2147 5998 2344 6055 Filium
2383 6000 2476 6057 Dei
2508 6018 2632 6061 esse
2659 6014 2974 6060 creaturam
3008 6022 3018 6057 :
3068 6005 3270 6074 partim
3299 6019 3360 6063 ut
3385 6024 3609 6066 omnem
