4218 6424
718 420 853 489 1155

1572 422 1673 485 ΤΗ
1685 420 1880 484 ΕΟΡΙΙ
1891 419 2148 479 l'l..-\CT|
2202 415 2607 479 BULGAlll/E
2648 412 3013 476 ARCHIEP.

3856 408 3998 473 lii-'3

717 552 965 605 gressum
1006 550 1065 588 ac
1094 531 1348 603 c0pulam
1377 528 1837 600 concupiscentia,
1871 527 1964 596 qui
1998 526 2183 595 operis
2220 533 2299 580 est

2412 542 2508 577 σαν
2545 522 2680 594 πρὸς
2731 522 2880 593 μίξιν
2918 520 3016 592 τὴν
3050 520 3262 590 σάρκα·
3300 518 3515 589 θέλημα
3555 518 3611 573 δέ
3656 516 3877 584 ἀνδρὸς,
3915 523 4016 588 τὴν

714 627 1059 694 principium.
1096 622 1285 676 Posuit
1324 631 1509 675 autem
1541 619 1719 684 ambo,
1749 617 1873 687 quia
1915 616 2070 671 multi
2103 630 2309 671 concu-

715 720 925 790 piscunt
980 716 1219 783 quidem,
1270 724 1326 767 at
1384 727 1487 765 non
1540 710 1724 765 statim
1782 724 1811 762 a
1864 705 2305 775 concupiscentia

714 808 1125 869 abstrahuutur,
1172 804 1267 858 sed
1312 805 1581 873 imperant
1609 799 1713 865 illi,
1758 807 1813 854 et
1846 799 1898 853 in
1924 814 2062 867 opus
2090 812 2197 853 non
2226 797 2306 851 ia-

713 901 932 965 buntur.
959 898 1226 953 Czeterutn
1254 896 1344 966 qui
1371 896 1680 958 vincuntur,
1706 892 1782 947 illi
1810 892 2044 961 primum
2082 906 2112 944 a
2142 901 2308 944 carne

709 1003 762 1046 et
808 990 1058 1044 titillante
1103 986 1543 1057 concupiscentia
1576 985 1828 1041 succensi
1863 984 2213 1040 concitantur
2248 992 2307 1036 ut

710 1082 912 1135 coitum
940 1080 1131 1133 velint.
1176 1079 1343 1147 Igitur
1386 1084 1532 1131 recte
1569 1074 1818 1143 adiunxit
1850 1067 2181 1145 evangelista
2212 1087 2306 1128 vo-

710 1171 971 1227 luntatem
1017 1172 1207 1225 carnis
1246 1170 1511 1225 voluntati
1558 1169 1684 1234 viri,
1717 1169 1842 1238 quia
1872 1167 2072 1223 coitum
2112 1175 2304 1221 natura

714 1264 967 1328 praecedit
1025 1262 1489 1330 concupiscentia,
1542 1271 1595 1314 et
1652 1261 1703 1314 in
1755 1259 1945 1327 copula
1993 1257 2305 1313 necessario

713 1358 1024 1426 praecedunt
1069 1364 1319 1424 utraque.
1359 1355 1486 1409 Harc
1525 1354 1705 1408 omnia
1732 1352 1874 1408 dicta
1909 1362 2036 1407 sunt
2083 1362 2306 1421 propter

711 1460 807 1499 cos
842 1446 930 1512 qui
984 1444 1151 1497 multa
1209 1457 1353 1509 saepe
1410 1443 1746 1512 interrogant
1797 1440 1987 1504 stulte,
2041 1441 2304 1509 quoniam

708 1533 927 1603 proprie
961 1533 1190 1586 dicendo
1225 1549 1327 1587 una
1362 1547 1426 1587 ex
1460 1532 1713 1587 omnibus
1744 1530 1906 1602 515
1944 1532 2052 1585 illis
2083 1542 2304 1586 senten-

713 1629 785 1677 tia
817 1623 1145 1687 declaratur,
1192 1624 1359 1691 ipsius
1398 1624 1542 1688 dico,
1578 1638 1696 1692 qua:
1729 1625 1781 1678 in
1835 1624 2041 1679 carnali
2088 1634 2171 1678 est
2210 1640 2305 1693 ge-

714 1716 1019 1780 neratione,
1055 1716 1283 1769 vilitatis
1311 1717 1509 1770 clarior
1545 1714 1937 1770 manifestatio.
1965 1716 2105 1781 Quid
2134 1716 2301 1784 igitur

710 1807 831 1875 plus
857 1806 1119 1860 habemus
1145 1820 1262 1871 nos,
1294 1808 1460 1872 quiin
1493 1805 1770 1859 Christum
1802 1806 2100 1870 credimus,
2137 1819 2298 1873 quam

711 1896 968 1951 lsmelitze
1003 1898 1053 1950 in
1085 1897 1233 1965 lege?
1263 1896 1472 1950 Etenim
1502 1905 1556 1949 et
1589 1896 1659 1950 illi
1688 1896 2007 1949 dicebantur
2051 1895 2143 1949 ﬁlii
2182 1894 2298 1949 Dei.

710 1987 962 2056 Magnum
990 2004 1123 2043 sane
1158 1989 1301 2042 inter
1329 2004 1424 2042 nos
1448 1998 1501 2041 ct
1529 1989 1650 2041 illos
1685 1989 1978 2042 discrimen
2005 2001 2019 2040 :
2045 1988 2301 2055 quoniam

710 2079 796 2135 lcx
842 2079 893 2134 in
927 2080 1181 2133 omnibus
1215 2077 1449 2132 habebat
1475 2080 1721 2131 umbram
1760 2076 2091 2142 futurorum,
2128 2091 2303 2146 neque

709 2171 1048 2240 adoptionem
1085 2170 1320 2223 liliorum
1351 2169 1444 2224 Dei
1487 2170 1648 2224 dabat
1692 2168 1976 2235 lsraclitis,
2014 2170 2106 2225 sed
2146 2170 2301 2239 quasi

707 2261 762 2316 in
795 2261 965 2331 ﬁgura
1007 2271 1060 2314 et
1115 2271 1261 2331 typo,
1302 2275 1403 2315 nos
1433 2270 1611 2315 autem
1652 2261 1950 2315 secundum
1998 2261 2301 2326 veritatem,

706 2361 930 2421 accepto
956 2350 1162 2418 Spiritu
1185 2351 1276 2404 Dei
1299 2366 1395 2419 per
1417 2350 1707 2419 baptisma,
1730 2351 2029 2405 clamamus
2054 2369 2068 2404 :
2099 2367 2117 2401 ι
2147 2348 2300 2404 Abba

703 2442 866 2499 Pater
889 2442 956 2497 ⁸⁸.
986 2461 1003 2493 ι
1033 2440 1187 2495 Sicut
1208 2450 1383 2496 autem
1404 2442 1615 2495 illorum
1643 2442 1914 2511 baptisma
1948 2441 2005 2495 in
2028 2440 2218 2494 umbra
2249 2449 2305 2495 et

706 2534 760 2585 in
798 2533 965 2601 ﬁgura
1004 2542 1142 2597 erat,
1194 2533 1265 2585 ita
1298 2541 1352 2586 et
1390 2534 1610 2601 adoptio
1639 2543 1880 2587 nostram
1918 2546 2132 2602 quoque
2165 2546 2301 2602 prae-

708 2625 996 2691 ﬁgurabat.
1019 2623 1312 2693 Propterea
1341 2626 1589 2694 quamvis
1612 2627 1791 2679 vocati
1822 2624 2025 2679 fuerint
2050 2624 2167 2687 lilii,
2196 2626 2299 2677 hoc

713 2726 892 2769 tamen
920 2715 1148 2783 contigit
1173 2716 1251 2770 eis
1281 2717 1331 2769 in
1364 2717 1578 2783 umbra,
1605 2732 1779 2786 neque
1806 2716 1858 2771 in
1892 2717 2121 2772 veritate
2151 2730 2301 2769 cant-

708 2808 827 2859 dem
857 2807 1087 2859 illioram
1111 2806 1457 2876 adoptionem
1487 2806 1818 2876 habuerunt,
1838 2822 1999 2877 quani
2028 2821 2129 2863 nos
2156 2821 2299 2861 nunc

708 2910 803 2965 per
837 2895 1128 2965 baptisma.

779 3175 941 3227 Vens.
978 3174 1063 3227 tt.
1103 3190 1120 3225 ι
1161 3172 1228 3228 Et
1255 3172 1490 3228 Verbum
1540 3188 1668 3230 caro
1695 3175 1893 3231 factum
1944 3183 2049 3231 est.
2085 3194 2105 3229 ι
2146 3176 2297 3233 Post-

2484 3204 2503 3239 ι
2552 3188 2661 3242 Καὶ
2694 3190 2721 3240 ὀ
2754 3190 2927 3258 Λόγος
2955 3192 3093 3264 σὰρξ
3139 3172 3377 3263 ἐγένετο.
3418 3216 3437 3248 ι
3472 3198 3655 3251 Εἰπὼν
3697 3201 3779 3254 ὅτι

707 3281 871 3336 quam
905 3265 1037 3318 dixit
1090 3266 1231 3331 quod
1278 3280 1375 3319 nos
1410 3264 1695 3322 credentes
1735 3266 1791 3322 in
1816 3267 2090 3324 Christum
2120 3270 2164 3324 si
2202 3286 2299 3323 vo—

712 3357 996 3419 luerimus,
1070 3354 1371 3409 eiliciamur
1425 3355 1516 3409 lilii
1569 3356 1685 3423 Dei,
1740 3358 2013 3412 subiniert
2057 3374 2201 3414 nunc
2252 3369 2305 3415 et

706 3465 926 3505 causam
979 3450 1110 3503 tanti
1159 3450 1301 3505 boni.
1356 3450 1493 3503 Dicit
1530 3452 1673 3504 enim
1715 3466 1730 3509 ;
1774 3451 1866 3506 Vis
1907 3452 2114 3507 discere
2175 3455 2301 3523 quid

713 3543 1018 3597 conciliarit
1077 3543 1235 3596 nobis
1282 3544 1422 3597 hanc
1474 3543 1815 3612 adoptionem
1857 3545 1911 3598 in
1938 3544 2120 3600 ﬁlios?
2166 3545 2301 3613 Quia

723 3650 741 3683 ι
780 3630 1012 3685 Verbum
1051 3646 1177 3686 caro
1224 3630 1423 3686 factum
1463 3643 1565 3687 est.
1602 3650 1618 3683 ο
1654 3633 1878 3700 Quando
1897 3646 2075 3691 autem
2112 3638 2300 3691 audie-

705 3724 782 3778 ris
834 3725 971 3792 quod
1042 3721 1271 3777 Verbum
1330 3739 1459 3779 caro
1512 3726 1711 3780 factum
1762 3738 1881 3792 est,
1953 3746 2018 3785 ne
2061 3731 2302 3799 opineris

705 3816 848 3885 quod
885 3832 913 3869 a
952 3831 1047 3869 sua
1102 3827 1296 3869 natura
1337 3818 1627 3882 destiterit,
1664 3830 1718 3873 et
1742 3821 1793 3874 in
1832 3837 2048 3877 carnem
2083 3838 2301 3879 versum

705 3908 797 3962 sit.
855 3907 1039 3976 Neque
1072 3910 1217 3963 enim
1278 3908 1417 3963 Deus
1460 3908 1672 3974 fuisset,
1705 3911 1749 3964 si
1784 3928 1997 3967 versum
2027 3916 2300 3971 etaltera-

708 4011 818 4055 tum
850 3999 1078 4061 fuisset;
1109 4003 1201 4055 sed
1238 4018 1460 4057 manens
1488 4006 1628 4072 quod
1649 4014 1788 4068 erat,
1816 4004 2017 4061 factum
2049 4017 2133 4063 est
2160 4010 2298 4077 quod

706 4109 811 4147 non
845 4105 980 4147 erat.
1015 4094 1385 4163 Apollinarius
1430 4106 1611 4150 autem
1653 4097 1997 4154 Laodicenus
2038 4101 2163 4155 hinc
2191 4100 2299 4155 hae-

708 4185 869 4237 resim
924 4186 1203 4238 excitavit.
1277 4184 1477 4255 Dognia
1525 4188 1668 4242 enim
1693 4188 1810 4258 ejus
1839 4198 1979 4253 erat,
2012 4191 2296 4247 Dominum

707 4284 760 4327 et
787 4273 953 4327 Deum
985 4285 1229 4329 nostrum
1264 4290 1366 4329 non
1409 4278 1713 4345 suscepisse
1746 4279 2037 4346 perfectam
2063 4281 2300 4338 hominis

706 4380 974 4432 naturam,
1019 4368 1272 4424 videlicet
1346 4385 1543 4439 corpus
1610 4388 1733 4426 cum
1784 4375 1964 4429 anima
2024 4376 2297 4445 rationali,

703 4463 797 4517 sed
857 4477 1077 4517 carnem
1135 4464 1304 4517 solam
1370 4463 1624 4520 mentalis
1675 4475 1730 4521 et
1781 4467 2065 4525 rationalis
2096 4470 2294 4526 anima:

2414 615 2549 685 πρὸς
2584 616 2673 669 τὸν
2709 613 3051 683 συνδυασμδν
3083 612 3178 665 τοῦ
3233 610 3636 681 ἐπιθυμοῦντος
3668 611 4019 677 συγκατάθε-

2414 723 2521 770 σιν,
2540 706 2659 775 ἥτις
2683 703 2941 775 ἀρχὴτῆς
2960 703 3235 774 πράξεως.
3266 701 3475 773 Ἔθηκε
3496 702 3553 757 δὲ
3577 705 3670 757 καὶ
3691 704 4013 774 ἅμςότερα,

2411 799 2493 851 ὅτι
2526 798 2708 851 πολλοὶ
2737 797 3069 867 ἐπιθυμοῦσι
3122 798 3244 867 μὲν,
3288 796 3348 849 οῦ
3378 798 3487 865 μὴν
3534 796 3699 860 εὐθὺς
3740 798 3837 849 καὶ
3882 814 4013 848 συντ

2411 888 2717 956 απάγονται
2743 890 2810 959 τῇ
2837 888 3133 959 ἐπιθυμίᾳ·
3170 888 3309 942 άλλά
3337 888 3751 960 κατακρατοῦσι
3780 889 4016 956 ταύτης,

2411 982 2506 1034 καὶ
2529 980 2665 1051 πρὸς
2688 981 2787 1050 τὴν
2818 981 3017 1050 πρᾶξιν
3049 981 3151 1035 οὐκ
3180 982 3602 1035 ὀλισθαίνουσιν.
3633 981 3792 1034 Ὅσοι
3826 981 3884 1034 δὲ
3923 984 4019 1050 ﬁ:-

2407 1072 2631 1140 τῶνται,
2666 1074 2865 1127 ἐκεῖνοι
2896 1074 3113 1142 πρῶτον
3146 1072 3252 1126 ὑπὸ
3284 1074 3383 1144 τῆς
3428 1074 3630 1147 σαρκὸς
3681 1076 3779 1127 καὶ
3812 1077 3917 1146 τῆς
3959 1078 4019 1129 ἐν

2406 1163 2581 1237 ταύτῃ
2618 1165 3045 1237 ύποσμυχούσης
3099 1167 3401 1236 ἐπιθυμίας
3432 1167 3839 1236 διακαιόμενοι,
3877 1170 4020 1239 πρὸς

2406 1258 2467 1309 τὸ
2518 1256 2695 1310 θέλειν
2769 1257 3002 1327 μιγῆναι
3052 1259 3439 1327 ἐκτρέπονται.
3503 1260 3803 1323 Εὒτάκτως
3861 1260 4021 1313 οὖνὸ

2407 1346 2803 1419 εύαγγελιστὴς
2852 1350 2913 1401 τὸ
2955 1348 3170 1419 θέλημα
3208 1349 3308 1419 τῆς
3352 1348 3557 1419 σαρκὸς
3602 1350 3875 1421 προέταξε
3918 1349 4019 1403 τοῦ

2408 1434 2715 1507 θελήματος
2747 1437 2840 1491 τοῦ
2885 1438 3116 1510 ἀνδρὸς,
3148 1438 3223 1500 ὡς
3261 1439 3360 1507 τῆς
3407 1440 3710 1509 ἐπιθυμίας
3752 1442 4017 1509 φυτικῶς

2408 1528 2835 1601 προηγουμένης
2886 1534 2987 1600 τῆς
3018 1531 3238 1601 μίξεως,
3287 1533 3382 1586 καὶ
3413 1532 3744 1602 ἀμφοτέρων
3781 1534 3880 1586 ἐπὶ
3920 1534 4019 1587 τοῦ

2409 1621 2750 1693 συνδυασμοῦ
2805 1625 3214 1695 συντρεχόντων
3258 1624 3318 1693 ἐξ
3374 1625 3648 1695 ἀνάγκης.
3711 1626 3905 1681 Ταῦτα
3961 1626 4023 1680 δέ

2407 1716 2587 1769 πάντα
2616 1715 2835 1787 εἴρηται
2866 1717 2955 1771 διὰ
2982 1719 3108 1781 τοὺς
3135 1720 3203 1771 τά
3234 1719 3439 1788 ἀνόητα
3471 1720 3737 1783 πολλάκις
3762 1722 4023 1791 ἐρωτῶν-

2406 1826 2503 1872 τας
2523 1822 2536 1836 ·
2562 1810 2707 1873 ἐπεὶ,
2740 1810 2801 1863 τό
2836 1828 2899 1878 γε
2930 1811 3266 1881 κυριώτερον
3302 1814 3503 1876 εἰπεῖν,
3540 1812 3640 1882 μία
3666 1812 3759 1867 διὰ
3786 1815 4021 1868 πάντων

2406 1899 2611 1952 τούτων
2641 1899 2821 1953 ἔννοια
2867 1900 3148 1971 δηλοῦται,
3196 1903 3343 1972 φημὶ
3390 1901 3477 1972 δὴ,
3516 1904 3549 1974 ἡ
3601 1904 3703 1972 τῆς
3736 1904 3835 1957 τοῦ
3874 1920 4021 1973 σαρ-

2409 1991 2567 2044 κικοῦ
2595 1993 2761 2045 τόπου
2794 1992 3075 2057 εὐτελείας
3103 1992 3366 2064 ἔμφασις.
3394 1995 3460 2048 Τί
3489 1989 3581 2048 οῦν
3611 1994 3777 2048 πλέον
3810 1996 4021 2067 ἔχε-μεν

2406 2084 2453 2135 οἱ
2484 2084 2563 2144 είς
2596 2084 2836 2153 Χριστὸν
2858 2083 3213 2150 πιστεύοντες
3234 2086 3342 2138 τῶν
3367 2088 3424 2139 ἐν
3448 2085 3525 2156 τῷ
3554 2087 3707 2156 νόμῳ
3737 2088 4019 2157 Ἰσραηλι-

2405 2174 2552 2238 τῶν;
2591 2174 2702 2226 Καὶ
2731 2174 3112 2245 γὰρζκάκεϊνοι
3144 2178 3250 2229 υίοὶ
3282 2175 3421 2229 Θεοῦ
3449 2176 3723 2246 ἐλέγοντο.
3767 2178 3918 2231 Πολὺ
3958 2180 4022 2231 τὸ

2405 2267 2666 2339 διάφορον
2694 2270 2852 2341 ἡμῶν
2879 2272 3177 2325 κάκείνων.
3213 2272 3369 2325 Ἐπεὶ
3399 2271 3509 2343 γὰρ
3541 2274 3571 2325 6
3597 2272 3762 2342 νόμος
3792 2276 3851 2326 ἐν
3878 2275 4020 2327 πᾶσι

2407 2361 2569 2415 σκιάν
2601 2356 2719 2432 εἶχε
2753 2363 2863 2417 τῶν
2897 2362 3232 2434 μελλόντων,
3261 2365 3383 2419 οὐδὲ
3414 2364 3515 2435 τὴν
3548 2364 3830 2418 υἱοθεσίαν
3861 2366 4019 2435 ἔχειν

2405 2453 2577 2507 ἐδίδου
2604 2456 2718 2519 τοῖς
2757 2456 3150 2526 Ἰσραηλίταις,
3187 2456 3304 2511 ἀλλ’
3327 2458 3404 2521 ὡς
3438 2457 3498 2510 ἐν
3531 2456 3689 2527 τύπῳ
3730 2459 3830 2512 καὶ
3874 2462 4021 2528 σχή-

2407 2562 2569 2614 ματιι
2617 2549 2780 2620 ἡμεῖς
2820 2549 2877 2603 δὲ
2910 2550 3055 2603 κατὰ
3082 2550 3348 2622 ἀλήθειαν
3377 2552 3633 2616 λαϐόντες
3679 2554 3738 2606 τὸ
3776 2552 4020 2623 Πνεῦμα

2402 2632 2497 2684 τοῦ
2530 2633 2665 2687 Θεοῦ
2691 2636 2781 2689 διὰ
2817 2637 2909 2691 τοῦ
2945 2638 3343 2711 βαπτίσματος,
3381 2642 3688 2713 κράζομεν·
3717 2661 3734 2694 ι
3780 2644 3962 2697 Ἀὃὸεῑ
3992 2646 4019 2697 6

2406 2725 2617 2797 Πατήρ.
2664 2747 2685 2780 ›
2739 2728 3004 2794 Ἐκείνοις
3039 2732 3096 2785 δὲ
3131 2732 3323 2805 ὥσπερ
3360 2734 3420 2786 τὸ
3462 2734 3747 2804 βάπτισμα
3774 2739 4017 2789 tumbe

2402 2813 2471 2889 ἦν
2508 2820 2603 2872 καὶ
2632 2822 2886 2888 σκιῶδες,
2921 2823 3066 2879 οὕτω
3094 2827 3191 2879 καὶ
3224 2829 3256 2895 ἠ
3304 2828 3553 2881 υίοθεσία
3589 2832 3689 2899 τὴν
3719 2831 4016 2900 ἡμετέραν

2404 2913 2787 2980 προτυποῦσα.
2817 2915 2937 2971 Κᾶν
2961 2916 3053 2971 οῦν
3075 2920 3183 2972 υίο¹ι
3215 2920 3530 2986 ἐκαλοῦντο,
3564 2924 3699 2975 dm
3732 2924 4014 2987 σκιιυδὼς.

2402 3004 2499 3055 καὶ
2549 3007 2650 3058 οὐκ
2688 3007 2863 3078 αὐτὴν
2906 3010 3006 3082 τὴν
3054 3011 3320 3083 ἀλήθειαν
3363 3016 3460 3084 τῆς
3505 3016 3786 3079 υἱοθεσίας
3831 3012 4012 3087 εἶχεν,

2400 3097 2476 3160 ὡς
2507 3099 2670 3167 ἡμεῖς
2707 3098 2802 3152 νῦν
2831 3100 2921 3153 διὰ
2954 3101 3050 3155 τοῦ
3088 3104 3485 3176 βαπτίσματος.

3832 3204 4008 3257 τέκνα

2406 3279 2671 3359 γινόμεθα
2699 3283 2860 3349 Θεοῦ,
2894 3286 2941 3336 εί
2969 3284 3222 3355 θέλομεν,
3250 3289 3300 3341 οξ
3330 3289 3725 3356 πιστεύσαντες
3756 3295 3839 3357 είς
3858 3295 4009 3365 Χρι-

2408 3373 2558 3437 στὸν,
2594 3375 2849 3446 ἐπιφέρει
2885 3378 2979 3431 καὶ
3007 3378 3105 3449 τὴν
3144 3381 3328 3433 αίτίαν
3359 3382 3452 3434 τοῦ
3499 3384 3827 3452 τηλικούτου
3858 3391 4008 3456 a7:-

2407 3463 2524 3519 θοῦ.
2557 3467 2621 3519 Τί
2652 3468 2782 3539 γὰρ,
2811 3470 2967 3539 φησι,
2996 3472 3367 3541 προεξένησεν
3400 3476 3529 3545 ἡμῖν
3560 3476 3660 3547 τὴν
3714 3479 4009 3533 υἱοθεσίαν

2405 3559 2629 3631 ταύτην,
2662 3562 2844 3630 βούλει
2864 3564 3055 3634 μαθεῖν
3074 3584 3090 3634 ;
3112 3566 3186 3619 Τὸ
3208 3567 3299 3620 τὸν
3319 3569 3492 3636 Λόγον
3517 3572 3695 3643 σάρκα
3716 3574 4008 3640 γενέσθαι.

2407 3649 2575 3703 Ὅταν
2598 3652 2653 3705 δὲ
2683 3653 2946 3726 ἀκούσῃς,
2979 3658 3059 3709 ὅτι
3100 3675 3118 3710 t
3152 3658 3299 3729 Σάρξ
3320 3661 3559 3728 ἐγένετο,
3608 3681 3625 3715 ι
3665 3665 3743 3735 μὴ
3768 3667 4008 3740 νομίσῃς

2403 3742 2485 3795 ὅτι
2514 3742 2704 3817 ἐξέστη
2728 3747 2827 3818 τῆς
2850 3749 3056 3813 οίκείας
3080 3750 3323 3820 φύσεως,
3349 3754 3441 3808 καὶ
3464 3756 3677 3827 ἐτράπη
3694 3760 3777 3820 είς
3800 3761 4007 3831 σάρκαδ

2406 3838 2467 3889 ού
2498 3838 2606 3908 γάρ
2640 3838 2706 3894 ἂν
2741 3841 2874 3906 Θεὸς
2924 3838 3015 3915 ἦν,
3070 3847 3232 3919 εἰπερ
3265 3849 3529 3921 ἐτρέπετο
3566 3852 3659 3904 καὶ
3694 3852 4007 3920 ἠλλοιοῦτο·

2404 3929 2519 3982 ἀλλ’
2552 3932 2632 3984 ὅτι
2669 3934 2847 4003 μένων
2881 3936 2908 3987 ὃ
2938 3933 3025 4007 ἦν,
3057 3940 3278 4009 ἐγένετο
3334 3941 3363 3995 ὃ
3412 3946 3512 3997 οὐκ
3544 3939 3632 4015 ἦν.
3683 3944 4011 4002 ’Δπολλινά-

2405 4038 2520 4091 ριος
2547 4023 2653 4077 δὲό
2696 4026 2999 4093 Λαοδικεὺς
3038 4031 3293 4087 ἐντεῦθεν
3332 4037 3547 4108 αἰρεσιν
3596 4043 4004 4113 συνεστήσατο.

2418 4113 2779 4206 Ἐδογμάτισε
2810 4120 2919 4192 γὰρ
2951 4122 3033 4177 ὄτι
3073 4125 3101 4177 6
3141 4125 3347 4198 Κύριος
3378 4131 3474 4184 καὶ
3520 4131 3658 4197 Θεὸς
3717 4136 3884 4206 ἡμῶν
3909 4138 4009 4189 οὐκ

2403 4205 2635 4299 ἀνέλαϐε
2688 4208 2787 4279 τὴν
2847 4213 2943 4267 τοῦ
2997 4214 3287 4287 ἀνθρώπου
3328 4222 3493 4290 φύσιν
3545 4205 3790 4291 τελείαν,
3837 4230 4009 4299 ἤγουν

2404 4297 2564 4368 σῶμα
2599 4303 2738 4369 μετὰ
2771 4299 2949 4374 ψυχῆς
2984 4306 3232 4378 λογικῆς,
3262 4310 3399 4364 ἀλλὰ
3435 4313 3616 4383 σάρκα
3652 4297 3868 4385 μόνην,
3903 4319 4010 4385 ψυ-

2401 4388 2504 4481 χῆς
2540 4389 2769 4461 λογικῆς
2801 4396 2896 4447 καὶ
2936 4400 3131 4467 νοερᾶς
3177 4401 3426 4472 ἄμοιρον.
3460 4404 3527 4457 Τί
3571 4408 3682 4476 γὰρ
3712 4409 3940 4481 ἔχρῃζεκ
3981 4414 4004 4442 ³

2400 4480 2532 4545 Θεὸς
2564 4483 2661 4553 τῆς
2686 4484 2888 4557 ψυχῆς,
2939 4489 3079 4559 ἔχων
3119 4492 3219 4563 τὴν
3251 4493 3484 4566 θεότητα
3535 4480 3910 4571 κυὸερνῶσαν
3944 4508 4001 4559 τὸ

704 4564 1007 4624 expertem.
1062 4553 1201 4621 Quid
1256 4555 1399 4610 enim
1458 4571 1592 4626 opus
1650 4557 1880 4614 habebat
1910 4563 2091 4616 anima
2132 4562 2297 4630 Deus,

2407 4574 2590 4645 σῶμα,
2624 4576 2683 4630 ὃν
2715 4553 2913 4649 τρόπον
2938 4553 3138 4654 ἕξομεν
3162 4553 3328 4655 μεῐς
3374 4553 3475 4659 τὴν
3503 4553 4003 4663 ψυχὴείδιεέᾷέορ.

703 4648 901 4717 inquit,
934 4650 1023 4719 qui
1061 4649 1297 4705 habebat
1326 4651 1613 4717 deitatem,
1643 4669 1763 4723 quae
1801 4655 2136 4725 gubernabat
2184 4672 2301 4713 cor-

703 4753 825 4805 pus,
886 4739 1027 4791 sicut
1080 4753 1180 4791 nos
1240 4738 1501 4792 habemus
1556 4741 1791 4795 animam
1827 4759 2023 4811 corpus
2049 4754 2294 4800 nostrum

702 4830 1023 4899 dirigentem
1058 4828 1079 4882 ’ἶ
1129 4827 1372 4884 llabebat
1404 4842 1584 4885 autem
1612 4848 1822 4897 ansam,
1856 4845 1911 4887 ut
1941 4838 2296 4891 existimaba-

697 4931 805 4988 tur,
840 4939 903 4977 cx
937 4925 1190 4993 praesenti
1220 4924 1387 4988 dicto,
1431 4943 1448 4975 ι
1506 4925 1573 4980 Et
1632 4925 1866 4980 Verbqu
1918 4943 2045 4983 caro
2089 4927 2291 4986 factum

699 5025 802 5070 est.
856 5035 874 5067 ι
927 5017 1040 5070 Non
1081 5018 1247 5082 enim,
1273 5019 1469 5090 inquit,
1513 5019 1649 5074 dixit
1683 5039 1695 5073 :
1742 5039 1759 5072 ι
1797 5021 1862 5075 Et
1909 5021 2111 5077 factum
2147 5036 2229 5079 est
2271 5043 2291 5077 ι

702 5109 885 5171 homo,
938 5112 1054 5175 sed,
1098 5129 1115 5161 ι
1157 5127 1282 5167 caro
1340 5131 1361 5164 ι
1404 5122 1501 5167 :et
1534 5113 1603 5168 ita
1634 5128 1742 5168 non
1782 5117 2287 5186 suscepitanimam

696 5219 816 5270 quae
840 5203 999 5257 habet
1033 5216 1267 5260 mentem
1300 5221 1362 5261 ac
1398 5207 1683 5274 rationem,
1718 5209 1812 5262 sed
1843 5224 2059 5263 carnem
2089 5211 2295 5279 absque

698 5308 879 5351 mente
897 5308 947 5351 et
964 5298 1189 5353 ratione.
1213 5299 1691 5368 lgnorahatautem
1710 5301 2031 5357 miserabilis
2047 5301 2133 5359 ille
2150 5308 2294 5373 quod

700 5387 978 5457 Scriptura
1010 5391 1321 5462 plerumque
1352 5409 1379 5445 a
1412 5402 1565 5462 parte
1604 5401 1775 5446 totum
1809 5395 2075 5461 nominet,
2108 5408 2294 5467 utpote

697 5494 1186 5537 couuuemoratura
1242 5492 1407 5537 tutum
1473 5485 1767 5546 hominem,
1820 5500 1849 5538 a
1900 5498 2074 5553 parte,
2104 5490 2284 5543 anima

697 5575 922 5637 scilicet,
955 5576 1127 5643 ipsum
1162 5577 1403 5631 nominat
1429 5594 1443 5630 :
1470 5587 1547 5643 ut,
1575 5596 1592 5627 ι
1626 5575 1815 5632 Omnis
1836 5581 2013 5632 anima
2033 5595 2152 5648 qua:
2175 5596 2282 5635 non

696 5667 1120 5732 rircmuciditur,
1144 5668 1425 5724 occidatur
1450 5671 1514 5723 δ’.
1543 5688 1561 5720 ι
1593 5669 1729 5725 Ecce
1759 5668 1903 5724 enim
1940 5685 2037 5739 pro
2056 5686 2119 5726 eo
2141 5675 2284 5743 quod

766 5845 811 5875 "
847 5844 996 5900 Ilum.
1032 5863 1144 5909 vm,
1178 5849 1240 5901 lii
1274 5859 1324 5899 et
1358 5848 1533 5901 (iaitzt.
1570 5864 1638 5913 ιν,
1665 5850 1716 5905 6.
1801 5855 1841 5881 ⁴⁹
1868 5854 2000 5909 lien.
2033 5871 2163 5922 xvn,
2192 5858 2280 5911 Μ,

2404 4683 2502 4757 σαν
2553 4669 2613 4721 τὸ
2649 4669 2808 4739 ἡμῶν
2855 4672 3054 4743 σῶμα;
3107 4671 3235 4749 Εἶχε
3284 4678 3343 4733 δὲ
3400 4682 3485 4746 είς
3528 4685 3885 4757 ἐπικουρίαν,
3929 4692 4001 4754 ὡς

2398 4755 2554 4849 ᾤετο,
2578 4758 2637 4811 τὸ
2674 4760 2848 4832 παρὸν
2876 4764 3061 4833 ῥητόν·
3102 4786 3120 4819 ι
3159 4769 3271 4823 Καὶ
3296 4772 3325 4824 6
3355 4774 3528 4841 Λόγος
3555 4776 3693 4849 σὰρξ
3717 4755 3955 4849 ἐγένετο
3976 4802 3993 4833 ι

2513 4850 2656 4941 γάρ,
2712 4853 2901 4921 φησὶν,
2970 4855 3147 4923 εἶπεν,
3216 4860 3301 4914 ὅτι
3361 4848 3688 4937 Ἀνθρωπος
3751 4848 3996 4941 ἐγένετο,

2400 4939 2558 5004 ἀλλά,
2600 4943 2807 5035 ισάρξ.
2836 4965 2855 4998 ι
2892 4946 3055 5002 Ὥστε
3084 4951 3185 5003 οὐκ
3213 4952 3443 5010 άνέλαδε
3469 4959 3651 5030 ψυχὴν
3683 4939 3812 5017 νοῦν
3843 4966 3995 5035 ἔχου-

2398 5046 2511 5125 σαν,
2528 5033 2622 5086 καὶ⁸
2645 5032 2824 5104 λόγον,
2856 5037 2991 5093 ἀλλὰ
3016 5042 3197 5113 σάρκα
3224 5046 3387 5101 ἄνουν
3410 5051 3502 5103 καὶ
3527 5052 3744 5122 ἄλογον.
3786 5032 3993 5125 Ἥγνὸει

2484 5124 2593 5198 ἄρα
2623 5128 2651 5181 ό
2686 5129 2940 5197 ἐλεεινὸς,
2968 5134 3051 5187 ὅτι
3075 5138 3108 5206 ἡ
3140 5136 3334 5218 Γραφη
3364 5142 3473 5195 άπὸ
3500 5144 3594 5197 τοῦ
3630 5147 3839 5218 μέρους
3862 5122 3993 5203 πολ.

2392 5215 2549 5281 λάκις
2575 5220 2835 5311 όνομάζει
2868 5225 2928 5278 τὸ
2978 5226 3099 5280 ὅλον
3159 5214 3295 5296 οἷον,
3334 5235 3606 5304 μέλλουσα
3637 5214 3985 5311 ἐπιμνησθῆ-

2395 5323 2480 5402 ναι
2508 5309 2797 5382 ἀνθρώπου
2852 5315 2994 5379 ὅλου,
3050 5320 3159 5373 ἀπὸ
3210 5323 3434 5392 μέρους,
3495 5328 3592 5397 τῆς
3624 5328 3808 5400 ψυχῆς
3841 5309 3985 5402 λόγω

2393 5399 2650 5471 ὀνομάζει
2684 5407 2846 5460 αὐτόν
2874 5425 2887 5438 ⁸
2940 5405 3073 5476 οἷον,
3118 5430 3135 5462 ι
3180 5415 3335 5469 Πᾶσα
3360 5416 3530 5489 ψυχὴ,
3578 5422 3701 5491 ητις
3736 5399 3799 5477 ού
3834 5399 3981 5495 περιξ

2395 5492 2599 5583 τμηθῇ,
2629 5497 2999 5555 θανατούσθω.
3040 5504 3209 5559 »Ἰδοὺ
3237 5509 3343 5580 γάρ
3372 5512 3495 5564 ἀντὶ
3519 5513 3615 5567 τοῦ
3644 5518 3846 5583 εἰπεῖν,
3879 5492 3979 5581 πᾶς

2393 5582 2703 5655 ἄνθρωπος,
2733 5584 2857 5644 εἶπε
2885 5592 2947 5645 τὸ
2978 5594 3163 5663 μέρος,
3204 5599 3304 5668 τὴν
3350 5600 3532 5674 ψυχὴν
3554 5604 3718 5675 λέγω.
3739 5582 3851 5663 Kal
3886 5613 3978 5663 πά-

2396 5678 2476 5733 λιν
2513 5679 2617 5732 άπο
2644 5681 2744 5752 τῆς
2774 5685 2972 5753 σαρκὸς
2991 5688 3249 5759 ὀνομάζει
3274 5691 3333 5745 τὺ
3360 5694 3504 5763 ὅλον,
3550 5698 3626 5761 ὡς
3660 5702 3793 5757 ὅταν
3820 5705 3938 5769 λὲγη
3963 5719 3974 5733 ·
