4218 6424
197 397 329 465 115Ί

925 393 1375 458 ENARRATIO
1417 395 1496 457 IN
1545 368 1820 471 ενλΝοι

1923 393 2052 456 lUM
2092 390 2729 456 ΙΟΛΝΝ15.-.ΟΛΡ.
2776 390 2824 452 ῐ.

3372 383 3541 452 ’1153

202 528 222 560 ι
263 511 370 563 Καὶ
397 507 593 580 δψεται
647 505 801 559 πᾶσα
837 502 977 574 σὰρξ
1019 503 1079 556 τὸ
1102 499 1389 573 Σωτήρων
1434 502 1530 555 τοῦ
1562 500 1740 557 Θεοῦ·
1784 521 1802 554 i

1923 513 1998 567 est
2048 505 2230 560 οιιηιίε
2257 503 2444 569 homo,
2483 501 2617 558 dicit
2673 513 2908 569 partem,
2941 498 3185 554 altilium
3212 497 3543 558 ScilicelJ'lt

193 602 379 655 πάντα
416 601 528 672 γὰρ
561 599 858 669 ἄνθρωπον
896 596 1113 668 μέλλων
1156 596 1359 659 εἰπεῖν,
1395 593 1476 667 τῷ
1515 595 1617 665 τῆς
1666 613 1804 664 cap-

197 694 292 756 κὸς
325 693 556 760 ὀνόματι
590 688 1038 760 προσεχρήσατο.
1072 685 1263 750 Οὕτως
1294 682 1389 740 οὖν
1442 688 1538 739 καὶ
1569 687 1598 738 ό
1633 687 1805 755 εὐαγ-

199 786 481 855 γελιστὴς,
513 783 636 835 ἀντὶ
665 780 760 835 τοῦ
789 782 969 833 εἰπεῖν
989 798 1005 813 ο
1043 777 1102 833 ’0
1142 780 1318 848 Λόγος
1339 777 1635 850 ἄνθρωπος
1681 776 1809 847 ὲγέ-

196 894 342 939 νετο,
377 871 536 928 εἶπεν
560 913 577 936 ,
618 891 638 925 ι
694 873 754 928 '0
815 873 990 940 Λόγος
1047 871 1186 944 σάρξ
1223 872 1463 940 ἐγένετο,
1505 889 1524 922 t
1571 870 1804 924 ἀπὸτοῦ

200 973 402 1042 μέρους
429 973 524 1023 τὴν
567 968 860 1040 ἄνθρωπον
908 965 1220 1038 ὀνομάζων,
1256 967 1350 1019 τὸν
1391 968 1457 1019 ἐκ
1487 966 1671 1037 ψυχῆς
1712 969 1807 1022 καὶ

198 1065 452 1134 σώματος
486 1063 874 1133 συγκείμενον.
905 1061 1061 1131 Τάχα
1096 1059 1154 1112 δὲ
1204 1060 1332 1113 ἐπεὶ
1370 1061 1403 1130 ἡ
1453 1059 1596 1132 σάρξ
1649 1060 1809 1114 ἀλλό-

197 1159 348 1222 τριόν
380 1159 496 1208 ἐστι
526 1158 624 1225 τῆς
650 1153 800 1217 θείας
853 1151 1094 1220 φύσεως.
1140 1151 1315 1206 θέλων
1354 1154 1382 1206 ὁ
1413 1151 1812 1221 εὐαγγελιστὴς

196 1249 439 1319 δηλῶσαι
486 1250 584 1320 τὴν
636 1249 1015 1317 ὐπεράπειρον
1064 1246 1484 1314 συγκατάσασιν
1511 1247 1604 1301 τοῦ
1645 1245 1808 1310 Θεοῦ,

197 1342 295 1410 τῆς
338 1341 545 1411 σαρκὸς
598 1339 848 1410 ἐμνήσθη
873 1381 887 1401 ,
929 1340 996 1391 ἵν’
1037 1338 1411 1410 ἐκπλαγῶμεν
1463 1339 1564 1411 τὴν
1601 1341 1814 1408 ἄφατον

200 1434 624 1504 φιλανθρωπίαν
659 1434 851 1495 αὐτοῦ,
888 1436 998 1498 ὅτι,
1035 1433 1128 1486 διὰ
1152 1434 1254 1505 τὴν
1303 1431 1586 1504 σωτηρίαν
1622 1435 1809 1503 ἡμῶν,

197 1528 261 1578 τι)
282 1526 570 1596 ἀλλότριον
591 1528 691 1596 τῆς
726 1524 943 1594 φύσεως
970 1523 1136 1579 αὐτοῦ
1167 1527 1264 1579 καὶ
1284 1524 1438 1589 ξένον
1461 1525 1811 1588 παντάπασι,

201 1619 350 1687 φημὶ
377 1617 443 1690 δὴ
475 1617 575 1688 τὴν
609 1617 815 1688 σάρκα,
849 1618 1215 1690 προσέλαϐεν.
1278 1617 1341 1671 'll
1377 1618 1478 1689 μὲν
1518 1621 1630 1689 γὰρ
1664 1618 1814 1690 ψυχὴ

201 1714 316 1782 ἕλει
352 1713 476 1766 τινα
510 1714 841 1781 συγγένειαν
862 1712 1001 1784 πρὸς
1041 1711 1176 1764 Θεόν
1202 1726 1216 1739 °
1255 1713 1290 1783 ἡ
1312 1712 1370 1765 δὲ
1405 1710 1548 1784 σὰρξ
1607 1714 1815 1765 παντά-

203 1823 372 1859 πασιν
407 1805 806 1876 άκοινώνητο;.
838 1806 939 1859 Διά
989 1805 1150 1859 τοῦτο
1183 1803 1278 1859 οὖν
1301 1799 1459 1878 οἶμαι
1511 1797 1604 1858 τὸν
1651 1806 1814 1874 εὐαγ-

201 1901 462 1970 γελνιστὴν
489 1869 728 1953 ἐνταῦθα
753 1900 902 1970 μόνῳ
932 1899 1011 1970 τῷ
1041 1899 1141 1970 τῆς
1169 1869 1374 1972 σαρκὸς
1415 1901 1646 1970 ὀνόματι
1677 1869 1809 1972 χρη-
1855 1869 1895 1921 Β

204 1992 440 2052 σασθαι,
483 1993 582 2062 οὐχ
609 1991 684 2054 ὡς
739 1985 1133 2061 άμοιροῦντος’
1159 1990 1342 2060 ψυχῆς
1376 1989 1470 2043 τοῦ
1521 1990 1813 2060 προσλήμ-

203 2103 402 2156 ματος,
447 2087 584 2139 ἀλλὰ
643 2089 782 2156 πρὸς
847 2084 1077 2149 ἔνδειξιν
1120 2085 1294 2140 πλείω
1334 2083 1429 2136 τοῦ
1489 2083 1812 2153 θαυμαστοῦ

201 2184 300 2236 καὶ
322 2181 632 2253 φρικώδους
665 2182 992 2254 μυστηρίου.
1034 2179 1186 2233 Ἐπεὶ
1219 2181 1316 2234 ἐὰν
1341 2179 1403 2233 οὐ
1438 2179 1817 2249 προσςλάὸετο

197 2275 381 2347 ψυχὴν
409 2276 764 2346 ἀνθρωπίνην
794 2277 824 2327 ὁ
870 2275 1044 2343 Λόγος
1073 2272 1407 2346 σαρκωθεὶς,
1433 2271 1808 2342 ἀθεράπευτοι

201 2370 284 2422 ἔτι
343 2370 481 2422 εἰσὶν
514 2370 572 2422 at
622 2367 798 2438 ψυχαὶ
822 2366 1019 2436 ἡμῶν·
1078 2365 1106 2418 ὃ
1148 2372 1258 2436 γάρ
1309 2366 1371 2418 οὐ
1416 2365 1816 2437 προσελάϐετο,

201 2463 324 2516 οὐδὲ
363 2462 580 2533 ἡγίασε.
651 2463 762 2515 Καὶ
795 2461 878 2523 τίς
903 2463 930 2514 ό
971 2460 1168 2528 γέλως,
1206 2460 1305 2530 τῆς
1337 2460 1524 2532 ψυχῆς
1586 2460 1815 2530 πρώτης

203 2556 492 2627 παθούσης
527 2556 740 2628 (ἐκείνη
779 2556 888 2625 γάρ
925 2555 957 2625 ἡ
999 2554 1230 2607 ἑνδοῦσα
1261 2556 1375 2617 τοῖς
1398 2553 1494 2607 τοῦ
1519 2552 1697 2622 ὄφεως
1724 2553 1812 2606 λόο

204 2668 325 2718 γοις
351 2651 446 2703 καὶ
477 2647 828 2718 άπατηθεῖσα
853 2649 913 2700 ὲν
945 2646 1289 2717 παραδείσῳ,
1341 2639 1463 2699 εἶτα
1502 2646 1601 2698 καὶ
1633 2645 1665 2715 ἠ
1693 2645 1818 2715 χεὶρ

203 2745 386 2814 ἥψατο
443 2741 936 2814 ὲπακολουθὴσασα
988 2743 1056 2812 τῇ
1104 2739 1273 2812 κυρίᾳ
1325 2739 1421 2792 καὶ
1449 2738 1710 2810 δεσποίνῃ
1750 2741 1815 2808 τῇ

202 2837 406 2909 ψυχῇ),
430 2837 531 2909 τὴν
572 2836 674 2908 μὲν
723 2834 1102 2906 θεράπαιναν,
1129 2833 1232 2904 τὴν
1272 2832 1478 2906 σάρκα,
1525 2831 1624 2887 καὶ
1652 2849 1820 2904 προσ·

201 2934 524 3015 lactei-,qu
545 2933 641 2986 καὶ
683 2929 1044 3002 άγιαοθῆναι,
1091 2929 1188 2982 καὶ
1244 2926 1686 3001 θεραπευθῆναι,
1718 2928 1820 2998 τὴν

203 3027 260 3080 δὲ
293 3023 492 3097 κυρίαν
521 3022 751 3095 ὲαθῆναι
773 3023 1166 3096 άπρόσληπτόν
1192 3039 1253 3074 τε
1281 3022 1378 3075 καὶ
1398 3021 1818 3094 άθεράπευτον;

218 3117 365 3169 Ἀλλ’
429 3115 807 3186 ’Λπολινάριος
868 3113 968 3183 μὲν
1026 3111 1262 3184 ιρρέτω.
1323 3111 1523 3181 Ἡμεῖς
1574 3109 1630 3164 δὲ
1689 3110 1823 3165 ὅταν

205 3209 524 3278 ἀκούωμεν,
552 3209 636 3261 ὅτι
681 3226 700 3258 ι
753 3205 816 3259 ’0
847 3206 1023 3272 Λόγος
1056 3201 1199 3276 σὰρξ
1225 3204 1470 3272 ἐγένετο,
1502 3221 1520 3254 ι
1560 3205 1820 3257 πιστεύο-
1848 3246 1894 3307 c

212 3321 317 3374 μεν
342 3303 426 3356 ὅτι
461 3300 755 3372 ἄνθρωπος
781 3299 1014 3363 τέλειος,
1043 3297 1146 3366 τῆς
1177 3295 1404 3369 Γραφῆς
1431 3296 1694 3362 εἰωθυίας
1726 3298 1823 3350 καὶ

210 3398 397 3467 σάρκα
437 3405 531 3448 και
564 3393 744 3464 ψυχὴν
778 3391 1102 3463 μονομερῶς
1125 3392 1217 3444 τὸν
1245 3388 1502 3443 σύνθετον
1533 3388 1826 3460 ἄνθρωπον

209 3488 528 3560 ὀνομάζειν.
573 3487 979 3558 Ἀνατριπεται
1005 3484 1062 3538 δὲ
1089 3487 1154 3538 ἐκ
1177 3483 1370 3537 τοῦτου
1392 3481 1488 3537 τοῦ
1527 3482 1698 3554 ῥητοῦ
1728 3487 1823 3536 καί

212 3585 538 3653 Νεστόριος.
586 3581 829 3644 Ἐκεῖνος
853 3579 962 3648 γάρ
1008 3578 1221 3646 ἔλεγεν,
1242 3571 1457 3648 ὃτιόὐχ
1490 3578 1518 3630 ὁ
1541 3576 1676 3640 Θεὸς
1722 3577 1829 3628 Λό-

212 3695 312 3747 γος
351 3679 514 3740 αὐτὸς
544 3678 755 3739 ἐκεῖνος
787 3675 1008 3743 ἐγένετο
1044 3671 1357 3744 ἄνθρωπος,
1393 3669 1728 3741 συλληφθεὶς
1766 3672 1830 3722 ἐκ

211 3771 327 3823 τῶν
377 3774 672 3837 πανάγνων
719 3767 974 3838 αἱμάτων
1015 3764 1113 3836 τῆς
1149 3764 1314 3832 ἁγίας
1353 3761 1661 3833 Παρθένου,
1711 3760 1828 3815 ἀλλ’

1915 597 2120 652 iterum
2175 612 2205 650 a
2266 609 2435 651 carne
2497 595 2744 650 nominat
2800 601 2998 654 totum.
3041 601 3103 646 ιιι
3132 593 3352 666 quando
3384 592 3540 656 dicit,

1917 708 1938 743 ι
1982 691 2049 746 Et
2071 688 2469 745 videbitomnis
2488 703 2622 745 coro
2649 685 3110 742 SalutareDei”.
3135 704 3154 738 ι
3180 686 3380 742 Dicere
3393 684 3544 742 enim

1913 786 2102 841 volens
2154 799 2377 840 omnem
2410 783 2718 844 hominem,
2749 781 2937 836 carnis
2995 779 3403 835 nominemus
3431 789 3541 835 est.

1912 876 2004 931 Sic
2055 884 2110 930 et
2150 875 2490 945 evangelista
2529 886 2630 944 pro
2653 886 2720 927 eo
2773 873 2922 942 quod
2971 880 3077 938 est,
3114 870 3351 925 Verbum
3373 869 3545 926 homo

1914 967 2116 1023 factum
2135 977 2269 1024 est:
2310 963 2472 1027 dixi't,
2539 984 2558 1017 ι
2621 962 2859 1020 Verbum
2907 978 3038 1019 caro
3088 963 3290 1017 factum
3329 972 3461 1019 est:
3519 982 3538 1012 ι

1918 1077 1947 1116 a
1988 1072 2144 1132 parte
2209 1069 2382 1115 totum
2446 1057 2727 1114 hominem
2798 1058 3116 1122 nominans,
3180 1073 3246 1114 ex
3280 1057 3460 1112 anima
3486 1068 3546 1114 et

1914 1167 2144 1224 corpore
2210 1152 2597 1206 constitutum.
2648 1148 2930 1206 Fortassis
2991 1158 3178 1203 autem
3232 1151 3359 1218 quia
3415 1164 3546 1204 caro

1915 1262 1944 1300 a
1968 1247 2154 1301 divina
2189 1255 2385 1299 natura
2432 1242 2666 1297 alienior
2694 1250 2799 1303 est,
2848 1240 3042 1296 volens
3099 1240 3436 1309 evangelista
3470 1239 3547 1293 si-

1915 1340 2180 1412 διήκουε-ο
2227 1340 2554 1393 immensam
2589 1335 2685 1391 Dei
2715 1336 3185 1401 miscricordiam,
3210 1333 3400 1388 carnis
3429 1348 3546 1388 nte-

1919 1431 2100 1496 minit,
2132 1442 2194 1485 ut
2225 1428 2556 1485 inell‘abilem
2607 1426 2726 1497 ejus
2761 1428 3155 1497 benignitatem
3192 1431 3551 1496 Obstupesca-

1921 1542 2061 1590 mns,
2087 1526 2229 1595 quod
2264 1535 2489 1596 propter
2514 1533 2760 1578 nostram
2781 1523 3035 1587 salutent,
3062 1521 3302 1575 alienum
3331 1538 3358 1574 a
3385 1519 3552 1591 516

1923 1630 2114 1674 natura
2167 1633 2290 1685 sua,
2322 1629 2380 1672 et
2413 1616 2674 1672 omnibus
2703 1607 2884 1670 modis
2917 1614 3292 1685 peregrinum,
3323 1628 3549 1667 carnem

1924 1714 2066 1777 ilico,
2095 1713 2478 1782 assumpserit.
2513 1711 2711 1764 Anima
2739 1710 2887 1763 enim
2918 1706 3302 1778 cognationem
3334 1720 3538 1774 quam-

1925 1806 2050 1862 dam
2110 1806 2275 1861 habet
2325 1821 2449 1861 cum
2503 1805 2635 1872 Deo,
2659 1819 2791 1859 caro
2821 1811 3005 1856 autem
3032 1800 3182 1855 nullo
3214 1800 3378 1855 modo
3400 1814 3554 1856 com-

1927 1901 2171 1955 municat
2205 1917 2218 1953 :
2249 1909 2301 1954 et
2334 1899 2540 1954 idcirco
2563 1899 2763 1967 opinor
2791 1895 3190 1966 evangelistam
3216 1894 3336 1949 solo
3368 1893 3555 1948 carnis

1923 1995 2145 2051 nomine
2195 2011 2378 2056 usum.
2427 2010 2536 2049 non
2585 1995 2735 2064 quod
2792 1991 2976 2046 anima
2995 2005 3197 2058 expers
3223 1989 3296 2045 sit
3340 2003 3561 2046 assum-

1923 2090 2145 2160 ptionis,
2172 2091 2266 2144 sed
2303 2088 2371 2142 ad
2399 2088 2666 2157 majorem
2696 2086 3071 2142 ostensionem
3101 2085 3330 2139 mirandi
3363 2095 3412 2141 et
3440 2094 3560 2139 stn-

1923 2184 2084 2254 pendi
2124 2184 2479 2240 sacramenti.
2509 2181 2644 2236 Nam
2677 2186 2723 2236 si
2751 2195 2859 2236 non
2885 2181 3281 2251 assumpsisset
3309 2179 3559 2235 animam

1923 2281 2218 2332 humanam
2280 2275 2521 2332 Verbum
2575 2277 2947 2338 incarnatum,
3006 2273 3342 2330 incurabiles
3381 2274 3561 2328 adhuc

1923 2380 2114 2428 essent
2160 2371 2360 2424 animae
2412 2379 2638 2425 nostras.
2699 2365 2839 2422 Nam
2895 2367 3042 2438 quod
3073 2382 3180 2422 non
3233 2368 3560 2438 assumpsit,

1923 2478 2030 2518 non
2069 2463 2311 2517 sanavit.
2361 2462 2424 2515 Et
2455 2475 2619 2531 quant
2665 2459 2980 2524 ridiculum,
3011 2475 3148 2515 cum
3197 2460 3381 2515 anima
3409 2459 3565 2532 prior

1922 2557 2249 2628 a’grotarit;
2306 2557 2456 2611 illam
2507 2557 2677 2621 enim,
2722 2549 2854 2611 cum
2906 2556 3163 2612 crederet
3209 2557 3563 2612 sermonibus

1923 2652 2220 2722 serpentis,
2250 2650 2719 2722 decipereturqne
2770 2651 2824 2704 itt
2857 2651 3138 2719 paradiso,
3184 2659 3243 2705 ιιι
3272 2651 3556 2706 dominam

1921 2757 1975 2802 et
2001 2747 2244 2815 reginam
2293 2755 2483 2800 secuta
2514 2756 2600 2800 est
2658 2759 2875 2809 manus,
2910 2755 2964 2801 et
2990 2743 3240 2801 l’rucutm
3270 2745 3488 2815 attigit;
3517 2746 3564 2800 si

1923 2840 2330 2911 relinqueretur
2384 2839 2628 2904 domina,
2689 2850 2745 2895 et
2786 2856 2906 2895 non
2997 2850 3397 2907 assumeretur,
3460 2856 3565 2897 nec

1922 2944 2239 2996 curaretur,
2314 2942 2698 2987 assumeretur
2748 2942 2934 2987 autem
3012 2941 3066 2988 et
3117 2934 3568 2990 sanctilicaretur

1922 3036 1979 3079 et
2017 3029 2310 3079 curaretur
2371 3024 2542 3078 caro?
2573 3023 2777 3080 Verum
2847 3023 3217 3093 Apollinarius
3244 3025 3442 3094 valeat,
3469 3042 3569 3082 nos

1927 3126 2111 3172 autem
2162 3118 2385 3186 quando
2442 3110 2698 3171 audimus
2730 3119 2885 3188 quod
2925 3117 3167 3173 Verbum
3193 3134 3324 3173 caro
3356 3119 3561 3175 factum

1930 3212 2025 3278 sit,
2054 3212 2334 3268 credimus
2385 3212 2531 3281 quod
2570 3219 2718 3266 lOttts
2760 3212 2927 3266 homo
2963 3211 3142 3266 factus
3168 3226 3189 3269 '.
3220 3214 3572 3286 quandoqui-

1932 3307 2056 3363 dem
2104 3306 2407 3377 Scripturze
2436 3319 2556 3360 mos
2591 3317 2676 3360 est
2701 3317 2758 3359 et
2786 3321 3042 3368 carnem,
3065 3316 3121 3360 et
3150 3308 3420 3375 animant,
3455 3319 3513 3363 ut
3539 3327 3567 3362 ιι

1931 3411 2106 3468 parte,
2133 3407 2305 3452 totum
2342 3398 2618 3452 hominem
2651 3397 2958 3452 nominare.
2981 3396 3348 3454 Convincitur
3376 3409 3561 3455 autem

1931 3503 1986 3548 et
2049 3492 2336 3547 Nestorius
2393 3507 2460 3546 ex
2496 3492 2600 3545 hoc
2649 3491 2820 3546 dicto.
2855 3488 3083 3547 Dicebat
3119 3493 3269 3547 enim
3305 3492 3396 3548 ille
3423 3497 3571 3564 quod

1934 3603 2038 3641 non
2083 3586 2224 3642 Deus
2287 3585 2526 3642 Verbum
2560 3585 2730 3642 fuerit
2772 3586 2865 3643 ille
2931 3586 3100 3642 homo
3141 3599 3452 3659 conceptus
3503 3605 3568 3644 ex

1932 3676 2304 3733 sanctissimis
2324 3677 2696 3746 sanguinibus
2739 3686 2946 3734 sanctae
2973 3678 3241 3750 Virginis,
3278 3679 3378 3740 Sed
3412 3696 3574 3752 pepu-

1935 3769 2072 3823 rerit
2094 3769 2317 3838 quidem
2349 3769 2519 3841 Virgo
2557 3771 2864 3837 hominem,
2897 3771 3001 3827 iste
3031 3779 3219 3828 autem
3253 3773 3418 3828 homo
3439 3790 3572 3845 gra-

213 3865 406 3918 ἔτεκεν
441 3865 475 3933 ἡ
526 3857 816 3932 Παρθένος
872 3860 1204 3930 ἄνθρωπονο
1254 3849 1415 3921 οὗτος
1452 3855 1509 3909 δὲ
1554 3856 1583 3908 ὁ
1617 3854 1820 3925 ἄνθρω-

1938 3865 2069 3915 [inut
2115 3871 2402 3918 assecutus
2452 3867 2504 3916 in
2539 3864 2690 3919 omni
2727 3867 2995 3919 virtutum
3043 3880 3266 3935 genere,
3308 3867 3570 3923 habuerit

214 3975 341 4022 πος,
399 3954 728 4028 χαριτωθεὶς
767 3953 974 4026 ἀρετῆς
1012 3953 1195 4023 πάσης
1222 3951 1380 4016 εἴδει,
1432 3951 1561 4021 ἔσχε
1617 3950 1709 4003 τὸν
1733 3947 1831 4001 τοῦ

1942 3951 2178 4008 Verbum
2232 3952 2328 4009 Dei
2371 3955 2473 4009 sibi
2526 3956 2918 4019 coadunatum,
2970 3958 3118 4028 quod
3161 3968 3491 4029 potestatem
3522 3972 3574 4016 el

212 4051 355 4107 Θεοῦ
389 4054 563 4120 Λόγον
592 4049 946 4120 συνημμένον
976 4047 1149 4117 αὐτῷ,
1187 4047 1283 4100 καὶ
1314 4045 1572 4109 ἐξουσίαν
1615 4043 1820 4097 διδόντα

1937 4046 2166 4102 dederat
2189 4056 2383 4102 contra
2417 4049 2733 4105 immundos
2783 4051 3014 4118 spiritus
3049 4070 3062 4106 :
3096 4061 3264 4123 atque
3297 4053 3371 4107 ita
3411 4052 3570 4110 dice-

217 4146 364 4201 κατὰ
395 4145 727 4216 πνευμάτων
778 4141 1117 4210 ἀκαθάρτων
1143 4155 1156 4168 ⁸
1196 4138 1293 4194 καὶ
1347 4140 1413 4193 ὲκ
1445 4137 1642 4192 τούτου
1676 4137 1820 4206 ἐδογ-

1940 4144 2034 4195 hat
2076 4141 2215 4197 duos
2272 4142 2438 4207 ﬁlios,
2479 4159 2650 4198 unum
2703 4145 2947 4216 Virginis
2977 4144 3166 4201 Jesum
3194 4147 3580 4214 bontinem,et

219 4240 422 4312 μάτιζε
457 4238 553 4292 δύο
587 4238 761 4302 υίούς,
821 4236 922 4292 Eva.
951 4237 1045 4289 τὸν
1086 4235 1186 4306 τῆς
1244 4232 1549 4302 Παρθένου,
1586 4231 1683 4285 τὸν
1725 4231 1820 4300 Ἰη·

1940 4231 2104 4286 alium
2165 4231 2365 4288 Filium
2427 4233 2546 4301 Dei,
2591 4237 2681 4305 qui
2709 4236 2984 4292 adnuatns
3029 4239 3255 4309 quidem
3288 4238 3581 4294 fueritho-

219 4333 352 4386 σοῦν
380 4331 487 4386 τὸν
502 4331 815 4404 ἄνθρωπον,
880 4329 975 4383 καὶ
1031 4329 1120 4382 ire
1132 4344 1224 4398 ρον
1248 4328 1342 4380 τὸν
1372 4327 1505 4381 Υἱὸν
1534 4329 1633 4379 τοῦ
1670 4323 1820 4378 Θεοῦ

1945 4325 2080 4380 mitti
2136 4326 2602 4394 inseparabiliter,
2650 4329 2746 4383 sed
2775 4343 2873 4397 per
2903 4317 3149 4385 habitum
3174 4341 3228 4386 et
3251 4333 3490 4402 gratiam
3526 4345 3584 4387 et

219 4427 577 4497 συνημμένον
633 4424 735 4494 μὲν
803 4422 883 4496 τῷ
933 4421 1238 4494 ἀνθρώπῳ,
1303 4421 1400 4474 καὶ
1459 4420 1820 4475 άδιάσπαστοι

1949 4418 2309 4483 cltatitatem,
2359 4420 2824 4488 quemadmodum
2866 4423 3034 4477 etiam
3069 4424 3367 4480 virtutibus
3437 4440 3581 4494 pra:-

217 4518 374 4588 αὐτῴ
400 4516 552 4578 ὅντα,
585 4517 724 4570 ἀλλὰ
749 4515 894 4571 κατὰ
925 4514 1089 4589 χάριν
1120 4515 1216 4568 καὶ
1234 4512 1425 4584 σχίσιν
1456 4513 1553 4566 καὶ
1581 4510 1774 4582 ἀγάπη
1794 4530 1820 4561 ι.

1944 4511 2080 4566 dito.
2140 4511 2266 4566 "ire
2321 4513 2433 4577 ille,
2491 4530 2589 4570 sua
2655 4527 2853 4581 sponte
2913 4518 2982 4572 ad
3032 4518 3321 4574 veritatem
3352 4521 3582 4575 surdus.

215 4610 313 4670 οἷα
344 4613 411 4680 δὴ
443 4612 707 4681 ἐναρέτου
762 4611 920 4675 δντος
959 4609 1056 4663 τοῦ
1089 4607 1410 4680 ἀνθρώπου.
1457 4606 1650 4660 Ταῦτα
1695 4605 1820 4659 ἐκεῖ·

1923 4628 1926 4655 ι
1955 4603 2088 4660 Nam
2125 4607 2172 4660 si
2205 4605 2492 4672 voluisset,
2528 4609 2833 4663 audivisset
2855 4612 3044 4679 utique
3071 4623 3126 4665 et
3161 4612 3380 4668 beatum
3420 4610 3584 4669 Joan-

221 4726 317 4771 νος
348 4706 712 4775 ἐθελοκωφῶν
745 4703 884 4776 πρὸς
942 4704 1043 4775 τὴν
1079 4701 1370 4775 ἀλήθειαν.
1417 4701 1482 4756 Εἰ
1517 4701 1628 4771 γὰρ
1671 4698 1820 4770 ὴΰούη

1954 4713 2078 4752 nem
2112 4699 2510 4770 evangelistam
2541 4701 2844 4765 dicentem.
2877 4721 2895 4754 ι
2935 4700 3179 4758 Verbum
3211 4719 3341 4759 caro
3377 4704 3584 4762 factum

220 4802 372 4864 λετο,
431 4800 670 4871 ἤκουσεν
713 4796 782 4852 ἂν
819 4796 917 4851 καὶ
962 4794 1130 4857 αὐτὸς
1173 4792 1271 4847 τοῦ
1332 4793 1612 4864 μακαρίου
1649 4789 1820 4843 τούτοι

1951 4802 2058 4847 est.
2096 4811 2115 4844 ι
2137 4790 2330 4848 Nonne
2355 4794 2647 4850 manifeste
2679 4796 2769 4851 hic
2800 4797 3195 4852 convincitur?
3228 4799 3408 4867 Ipsum
3434 4801 3586 4857 enim

228 4891 632 4963 εὐαγγελιστοῦ
687 4889 970 4959 λέγοντος,
1018 4888 1103 4941 ὅτι
1164 4906 1182 4939 ι
1235 4886 1295 4940 '0
1330 4885 1506 4952 Λόγος
1547 4883 1689 4954 σὰρξ
1721 4882 1820 4951 ὲγέ

1955 4882 2195 4941 Verbum
2247 4887 2454 4942 factum
2487 4898 2574 4944 est
2623 4889 2810 4946 homo.
2861 4891 2981 4946 Non
3020 4893 3159 4948 dixit
3189 4893 3333 4963 quod
3362 4895 3588 4952 invento

231 5007 377 5043 νετο.
415 5009 434 5041 ι
473 4988 549 5041 Οὐ
587 4982 885 5058 προφανῶς
912 4983 1025 5055 γὰρ
1048 4976 1637 5048 ἐνταῦθαὶλέγχεται;
1672 4975 1816 5030 Αὐτὸ

1956 4979 2179 5036 homine
2237 4981 2534 5037 virtutibus
2581 4983 2833 5054 praedito,
2894 4984 2971 5038 illi
3009 5000 3069 5040 se
3105 4987 3443 5056 adjunxerit,
3490 4989 3589 5045 sed

231 5086 346 5155 γὰρ
375 5087 403 5137 ὁ
433 5083 606 5152 Λόγος
634 5074 1200 5150 ἄνθρωπος’ὲγένετο.
1255 5075 1374 5127 υύκ
1418 5069 1574 5125 εἶπεν
1597 5089 1610 5102 ·
1650 5072 1820 5142 Εὐρὼε

1961 5072 2163 5129 factum
2200 5085 2284 5131 est
2336 5076 2426 5131 ille
2452 5077 2568 5146 ipse
2600 5079 2787 5135 homo.
2841 5077 3212 5135 Confutantur
3257 5081 3485 5153 insuper
3532 5093 3590 5138 et

232 5179 525 5248 ἄνθρωπον
556 5179 585 5229 ὁ
615 5171 811 5243 Λόγος,
832 5169 1081 5241 συνήφθη
1115 5168 1286 5241 αὐτῷ,
1315 5167 1458 5234 ἀλλ’,
1494 5165 1671 5229 Λύτδς
1695 5167 1812 5220 ἐκεῖ

1960 5168 2235 5242 Eutyches
2281 5181 2335 5226 et
2401 5169 2723 5227 Valentinus
2778 5184 2830 5226 et
2887 5172 3220 5230 Manirhmus
3276 5175 3379 5231 hoc
3443 5176 3588 5235 loco.

235 5292 324 5338 νος
366 5272 658 5343 ἄνθρωπος
698 5267 939 5337 ἐγένετο.
989 5265 1218 5336 Ἀνατρέ
1234 5283 1389 5318 rte-cat
1440 5263 1498 5316 δὲ
1537 5265 1632 5316 καὶ
1667 5263 1820 5316 Εὐτυ·

1963 5259 2040 5315 Illi
2063 5262 2208 5316 enim
2241 5262 2500 5317 dixerunt
2538 5264 2683 5334 quod
2725 5268 3042 5334 apparuerit
3073 5267 3235 5323 homo
3270 5265 3428 5336 juxta
3487 5284 3592 5338 ap-

235 5370 362 5440 χης,
393 5365 489 5420 καὶ
539 5364 921 5427 Οὐαλεντῖνος,
957 5362 1052 5416 καὶ
1108 5361 1306 5430 Μάνης
1353 5357 1630 5411 ἐντεῦθεν.
1682 5349 1820 5410 Οὐτο

1964 5357 2299 5426 parentiam.
2350 5356 2592 5412 Audiant
2643 5358 2834 5430 igitur,
2877 5378 2897 5412 ι
2946 5359 3186 5415 Verbum
3224 5375 3358 5416 caro
3386 5361 3594 5419 factum

247 5464 350 5533 γὰρ
380 5459 524 5512 κατὰ
556 5458 866 5528 φαντασίαν
899 5455 1088 5522 ελεγον
1147 5453 1391 5522 φανῆναι
1420 5452 1512 5504 τὸν
1551 5452 1727 5518 Λόγον
1753 5468 1820 5503 ta

1954 5461 2060 5507 est.
2102 5471 2122 5504 ι
2182 5451 2302 5508 Non
2329 5453 2465 5508 dicit
2533 5457 2677 5525 quod
2716 5463 3048 5525 apparenter
3092 5455 3263 5511 fuerit
3301 5470 3459 5522 caro,
3491 5459 3592 5513 sed

234 5552 400 5610 Θεοῦ.
456 5548 843 5606 ’Δκουέτωσαν
883 5543 1002 5613 οὖν,
1049 5547 1132 5601 ὅτι
1169 5564 1189 5598 ι
1244 5545 1305 5599 Ὀ
1346 5543 1518 5612 Λόγος
1565 5541 1708 5614 σὰρξ
1731 5542 1820 5610 ὲγέ

1956 5546 2102 5617 quod
2139 5545 2305 5603 fuerit
2343 5547 2552 5604 veritas
2591 5559 2647 5604 et
2677 5550 3016 5614 substantia,
3051 5560 3106 5606 et
3138 5565 3245 5606 non
3271 5549 3588 5620 phantasia.

235 5666 387 5704 νετο.
421 5666 439 5699 t
484 5647 602 5702 Οὐκ
642 5643 822 5711 εἶπεν,
879 5645 964 5698 ὅτι
999 5641 1149 5714 Σὰρξ
1181 5638 1524 5710 ὲφκντάσθη,
1563 5638 1595 5708 ῆ
1649 5637 1820 5704 εδοξε-ι

1960 5641 2272 5693 Absurdunt
2302 5641 2448 5694 enim
2494 5650 2547 5695 et
2580 5641 2810 5696 stultum
2863 5653 3008 5697 esset
3033 5641 3262 5698 credere
3288 5641 3434 5713 quod
3464 5653 3591 5694 cum

237 5742 386 5807 ἀλλ’,
422 5742 506 5795 ὅτι
544 5741 796 5808 Ἐγένετο
826 5737 1082 5810 ἀληθεία,
1123 5736 1217 5792 καὶ
1260 5735 1444 5804 οὐσίᾳ,
1484 5733 1579 5790 καὶ
1607 5732 1669 5788 οὐ
1720 5751 1820 5802 φα»

1962 5732 2135 5790 Filius
2181 5733 2276 5790 Dei
2300 5735 2503 5792 veritas
2536 5736 2607 5791 sit
2640 5744 2695 5791 et
2741 5737 2981 5803 dicatur,
3011 5735 3314 5793 mentiatur
3338 5735 3597 5790 incarna-

317 5933 364 5963 "
406 5927 553 5988 Psal.
584 5942 767 5994 cativ,
795 5925 858 5980 ‘2!
875 5968 889 5981 .
