4218 6424
1838 239 1869 249 η

743 349 770 415 τί
787 348 885 417 163
1565 345 2141 435 TllE‘)PHYLACTl
2176 345 2409 406 801.οΑ

2364 345 2587 405 'rAlll/E
2627 346 2826 405 ΛΜΗ-1
2840 345 2979 407 lEP.
3894 338 4030 403 HN

733 472 895 521 nihus
929 464 1201 533 dignis,ct
1224 461 1447 515 eilluens
1499 460 1691 527 plenus
1726 466 1928 523 manet,
1956 470 2020 510 ac
2044 469 2323 522 nunquam
2355 462 2397 515 Α

2367 462 2397 515 Α
2429 454 2791 524 προφητείας,
2829 452 3162 523 ὑπερδλύζει
3198 451 3369 523 αὐτὴν
3394 453 3531 505 πᾶσι
3554 453 3667 516 τοῖς
3699 450 3902 518 ἀξίοις,
3934 454 4033 504 καὶ

730 555 1347 614 eshaurituruCratiam
1382 562 1562 607 autem
1589 554 1919 620 accepimus,
1957 548 2090 602 Novi
2117 549 2328 602 scilicet

2433 551 2490 599 ἐν
2523 548 2600 617 τῷ
2625 547 2993 618 ὑπερσλύζειν
3044 547 3261 618 πλήρης
3303 547 3599 615 διαμένων,
3638 547 3733 597 καὶ
3764 544 4031 597 οὐδέποτε

732 652 1091 714 'l‘estamenti,
1122 664 1221 718 pro
1273 648 1444 718 gratia
1516 647 1713 699 veteris
1755 644 1905 713 legis.
1942 642 2012 696 Et
2069 642 2325 709 quoniam

2432 639 2781 707 κενούμενος.
2805 638 2916 692 Καὶ
2947 638 3108 708 χάριν
3148 638 3204 691 δὲ
3241 638 3534 705 ἐλάϐομεν,
3591 635 3691 706 τὴν
3747 637 3849 702 τῆς
3890 635 4033 687 Km-

733 745 1137 799 Testamentum
1173 740 1300 794 illud
1356 740 1695 809 antiquatum
1750 746 1856 797 cst,
1889 749 1988 802 pro
2018 749 2087 788 eo
2117 732 2325 787 Novum

2430 732 2526 801 νῆς
2558 730 2759 802 δηλαδὴ
2784 730 3079 799 Διαθήκης,
3099 730 3220 783 ἀντὶ
3248 730 3350 798 τῆς
3382 730 3628 799 χάριτος,
3653 729 3752 798 τῆς
3779 728 4032 787 παλαιᾶς

730 835 1059 905 accepimus.
1107 833 1173 887 Et
1212 831 1501 903 quomodo,
1535 828 1728 897 inquit,
1769 826 2069 881 nominavit
2096 826 2324 895 gratiam

2432 822 2777 891 νομοθεσίας.
2824 822 2977 875 Ἐπεὶ
3008 822 3116 891 γάρ
3171 822 3355 892 ἐκείνη
3389 823 3422 891 ἡ
3483 820 3734 889 Διαθὴκη
3783 822 4032 887 ἐγήρασε

728 923 895 981 Vetus
920 924 1371 981 Testamentum?
1400 924 1477 978 E0
1510 920 1652 991 quod
1676 918 1847 974 Judzei
1910 919 2085 989 gratia
2118 918 2171 972 in
2193 918 2330 971 ﬁlios

2431 908 2531 960 καὶ
2580 907 2891 978 ὲσαθρώθη,
2956 908 3073 961 ἀντ’
3125 910 3344 977 ἐκείνης
3390 908 3493 979 τὴν
3536 906 3681 961 Νέαν
3727 908 4029 976 ἐλάϐομεν.

726 1018 965 1087 adoptati
991 1028 1047 1072 et
1076 1018 1273 1087 recepti
1324 1015 1561 1070 fuerunt.
1608 1013 1749 1067 Dicit
1769 1012 1913 1066 enim
1947 1024 1961 1069 :
1999 1029 2017 1061 ι
2048 1010 2162 1067 Non
2193 1010 2319 1079 quia

2431 1001 2543 1052 Καὶ
2569 1000 2709 1065 πῶς,
2745 1002 2931 1069 φησὶν,
2978 1000 3230 1068 ὠνόμασε
3271 1002 3433 1071 χάριν
3466 1001 3563 1070 τὴν
3617 1001 3871 1054 Παλαιὰν
3904 1005 4033 1053 Δια-

725 1125 822 1165 vos
845 1109 1157 1175 multiestis,
1184 1110 1277 1164 sed
1307 1117 1528 1176 pr0pter
1556 1114 1738 1175 patres
1762 1112 1971 1157 vestros
1999 1117 2095 1157 vos
2116 1101 2311 1171 elegia

2428 1092 2639 1165 θήκην;
2671 1094 2819 1146 Διότι
2849 1094 2945 1146 καὶ
2976 1094 3025 1146 οἱ
3070 1094 3314 1147 Ἰουδαῖοι
3383 1095 3571 1164 χάριτι
3624 1093 4035 1162 υἱοθετήθησαν

725 1196 914 1254 Patres
970 1214 1187 1269 quoque
1240 1199 1413 1270 gratia
1465 1194 1703 1265 suscepti
1754 1192 1996 1257 fuerunt,
2028 1202 2081 1248 et
2112 1206 2211 1247 nos
2247 1206 2314 1246 ex

2428 1185 2525 1239 καὶ
2560 1185 3032 1256 προσεδέχθησαν.
3090 1188 3233 1256 Φησὶ
3263 1187 3395 1259 γὰρ,
3426 1188 3509 1240 ὅτι
3543 1206 3564 1238 σ
3606 1188 3681 1239 Οὐ
3705 1187 3798 1239 διὰ
3833 1188 3900 1238 τὺ
3937 1204 4034 1238 πο-

726 1290 975 1345 coni’esso
1004 1292 1175 1359 gratia
1207 1304 1395 1344 sumus
1426 1286 1645 1346 salvati.

2426 1278 2725 1349 λυπληθεῖν
2749 1281 2917 1351 ὑμᾶς.
2963 1280 3101 1333 ἀλλὰ
3126 1282 3218 1335 διὰ
3278 1284 3407 1344 τοὺς
3459 1282 3705 1353 πατέρας
3747 1282 3917 1352 ὑμῶν
3947 1283 4033 1346 ιε-

723 1383 1002 1453 ε>.εξάμην
1051 1382 1217 1451 ὑμᾶς,
1253 1400 1273 1432 ι
1308 1380 1419 1434 Καὶ
1468 1379 1517 1431 οί
1559 1376 1795 1433 παλαιοὶ
1849 1376 2027 1429 τοίνυν
2092 1373 2279 1445 χάριτι
2317 1371 2791 1442 προσεδέχθησαν,
2853 1372 2948 1427 καὶ
3002 1374 3166 1444 ἡμεῖς
3219 1374 3277 1428 δὲ
3329 1374 3790 1445 όμολογουμέ·,ω;
3845 1376 4034 1445 χάριτί

723 1480 889 1545 ἐσμεν
918 1475 1273 1545 σεσωσμένοι.

802 1566 969 1641 519
999 1570 1163 1625 Vens.
1201 1571 1289 1624 l7.
1327 1586 1349 1623 ε
1387 1569 1523 1635 Quia
1573 1570 1660 1626 lex
1690 1586 1785 1640 per
1808 1569 1991 1624 Mosen
2032 1572 2154 1621 data
2201 1576 2307 1627 est,

2497 1580 2513 1611 ι
2554 1561 2679 1613 Ὅτι
2714 1562 2741 1613 ό
2775 1560 2940 1629 νόμος
2973 1559 3062 1613 διὰ
3094 1559 3345 1623 Μωσέως
3364 1559 3542 1631 ἐδόθη,
3572 1561 3605 1633 ἠ
3655 1562 3822 1630 χάρις
3856 1564 3957 1614 καὶ
4004 1564 4034 1630 ἡ

724 1663 897 1733 gratia
927 1674 979 1718 et
1008 1663 1208 1717 veritas
1248 1676 1345 1731 per
1384 1659 1571 1716 Jesum
1618 1661 1898 1716 Christum
1942 1659 2085 1714 laeta
2132 1667 2234 1713 est.
2287 1675 2304 1706 ι
2345 1643 2382 1695 Β

2367 1644 2382 1695 ⁵
2411 1653 2639 1725 ἀλήθεια
2667 1652 2757 1705 διά
2800 1652 2977 1721 Ἰησοῦ
3002 1652 3244 1724 Χριστοῦ
3273 1652 3511 1720 εγενετο.
3554 1671 3579 1706 ι
3620 1653 4033 1724 Ἑφερμηνεόει

725 1763 1115 1823 interpretatur
1157 1753 1314 1807 nobis
1351 1752 1630 1824 quomodo
1665 1753 2041 1825 acceperimus
2080 1750 2310 1821 gratiam

2414 1746 2571 1813 ἡμῖν,
2615 1745 2734 1807 πῶς
2784 1744 3054 1815 ἐλάϐομεν
3114 1745 3278 1815 χάριν
3318 1745 3585 1815 μεγίστην
3642 1746 3771 1799 ἀντὶ
3825 1748 4035 1815 μικρᾶς

726 1861 974 1915 magnam
1002 1856 1096 1914 pro
1130 1860 1292 1915 parva
1326 1846 1537 1915 gratia;
1566 1854 1620 1901 et
1644 1846 1774 1900 dicit
1804 1848 1945 1917 quod
1980 1846 2060 1897 lex
2093 1842 2309 1913 quidem

2415 1839 2670 1909 χάριτος·
2709 1837 2802 1891 καί
2852 1855 3042 1909 φησιν,
3094 1838 3178 1891 ὅτι
3220 1840 3248 1891 ό
3304 1837 3405 1906 μὲν
3435 1837 3601 1908 νόμος
3631 1837 3722 1891 διὰ
3782 1839 4034 1901 Μωσέως

722 1953 816 2005 per
850 1936 1031 1991 Mosen
1076 1935 1200 1990 data
1252 1938 1345 1999 sit,
1381 1952 1502 1991 cum
1555 1947 1797 1993 uteretur
1840 1936 1980 1991 Deus
2014 1934 2311 1991 mediatore

2414 1930 2597 1999 ἐδόθη,
2636 1930 2831 2001 μεσίτῃ
2866 1931 3220 2013 χρησαμένου
3253 1930 3347 1984 τοῦ
3402 1930 3540 1985 Θεοῦ
3594 1930 3901 2003 ἀνθρώπῳ,
3958 1934 4033 2001 et}.

725 2030 943 2083 homine
974 2027 1141 2092 \lose,
1175 2027 1381 2081 Novum
1425 2038 1605 2081 autem
1645 2027 2053 2083 Testamentum
2096 2042 2190 2095 per
2223 2025 2311 2078 Je-

2416 2023 2607 2075 Μωσεῖ
2634 2040 2816 2094 φημι·
2874 2025 2907 2094 ἡ
2937 2023 2996 2075 δὲ
3049 2023 3227 2095 Καινὴ
3262 2024 3508 2096 Διαθήκη
3540 2025 3630 2078 διὰ
3664 2026 3843 2095 Ἰησοῦ
3895 2027 4032 2095 Χρι-

723 2138 839 2173 sum
867 2120 1164 2185 Christum,
1199 2120 1342 2189 quod
1394 2120 1611 2189 quidem
1654 2128 1710 2174 et
1759 2122 1935 2187 gratia
1972 2119 2306 2181 nominatur,

2417 2114 2568 2177 στοῦ,
2624 2116 2748 2185 ἥτις
2796 2115 2894 2169 καὶ
2944 2116 3103 2185 χάρις
3146 2116 3511 2186 ὀνομάζεται,
3542 2117 3678 2170 διότι
3728 2117 4039 2189 ἐχαρίσατο

720 2232 784 2265 eo
823 2213 966 2283 quod
1010 2212 1233 2283 largitus
1265 2213 1335 2266 sit
1388 2213 1544 2268 nobis
1581 2210 1724 2267 Deus
1767 2228 1872 2266 non
1906 2214 2081 2265 sutum
2114 2225 2309 2277 pecca-

2415 2208 2551 2278 ἡμῖν
2580 2208 2609 2260 ό
2642 2208 2776 2272 Θεὸς
2831 2208 2892 2261 οὑ
2928 2208 3092 2278 μόνον
3144 2208 3244 2279 τὴν
3276 2210 3474 2278 ἄφεσιν
3523 2210 3638 2263 τῶν
3692 2210 4034 2281 ἁμαρτιῶν,

722 2317 897 2358 torum
948 2303 1363 2367 remissionem,
1414 2304 1506 2357 sed
1549 2312 1603 2356 ct
1652 2302 1885 2356 ﬁliorum
1940 2302 2306 2369 adoptionem.

2414 2300 2551 2354 ἀλλὰ
2581 2301 2677 2354 καὶ
2704 2300 2803 2371 τὴν
2834 2301 3130 2357 υἱοθεσίαν.
3168 2302 3425 2374 ’Δληθεια
3457 2303 3515 2356 δι
3566 2304 3849 2370 καλεῖται,
3906 2305 4037 2358 καθ’

724 2396 939 2453 Veritas
976 2408 1158 2451 autem
1193 2406 1439 2459 vocatur,
1484 2408 1548 2448 eo
1580 2397 1721 2463 quod
1759 2407 2099 2463 quacunque
2128 2402 2311 2461 patres

2412 2394 2537 2447 ὅσον
2557 2395 2656 2447 ὅσα
2679 2397 2727 2448 οί
2758 2394 2929 2447 πάλαι
2963 2394 3215 2458 τυπικῶς
3248 2396 3281 2466 ἢ
3325 2391 3490 2460 εἶδον,
3546 2395 3579 2467 ἢ
3617 2390 3801 2459 εἶπον,
3852 2396 4033 2450 ταῦτα

718 2488 846 2544 οΙίιιι
884 2491 933 2542 in
970 2487 1140 2556 ﬁgura
1175 2486 1256 2541 vel
1294 2486 1543 2540 viderunt
1574 2485 1658 2539 vel
1701 2485 1864 2538 locuti
1897 2496 2046 2547 sunt,
2074 2497 2137 2537 ea
2164 2482 2312 2557 clare

2413 2486 2687 2557 λαμπρῶς
2716 2486 2853 2558 αὕτη
2887 2488 3245 2558 ἀνεκήρυξεν.
3287 2487 3355 2541 Ἥ
3404 2488 3584 2542 τοίνυν
3613 2488 3798 2558 Καινὴ
3825 2488 4034 2553 Διαθῆ-

718 2581 820 2635 hoc
840 2580 1166 2650 praniicarit.
1193 2574 1403 2631 Novum
1426 2574 2306 2647 igitur,inquam,'l‘estamentum,

2413 2598 2507 2651 κη,
2538 2580 2571 2647 ἠ
2599 2580 2694 2634 καὶ
2754 2580 2917 2651 χάρις
2951 2580 3331 2651 ὀνομαζομένη
3367 2581 3465 2633 καὶ
3499 2580 3753 2649 ἀλήθεια,
3787 2583 3896 2634 οὐκ
3936 2584 4032 2635 άν-

718 2676 859 2742 quod
890 2682 944 2727 et
987 2672 1159 2741 gratia
1214 2670 1524 2725 nominatur
1560 2678 1614 2721 et
1666 2669 1891 2733 veritas,
1948 2669 2306 2722 mediatorem

2414 2668 2621 2742 θρώπῳ
2667 2668 2817 2741 ψιλῷ
2868 2670 3068 2743 μεσίτῃ
3107 2670 3419 2742 ἐχρήσατο,
3474 2670 3611 2723 ἀλλὰ
3644 2670 3724 2741 τῷ
3760 2670 3880 2740 Υίῷ
3938 2670 4032 2723 τοῦ

721 2782 827 2819 non
887 2765 1047 2820 habet
1106 2763 1409 2832 simplicem
1474 2768 1527 2816 et
1567 2776 1763 2831 purum
1833 2760 2131 2823 hominem,
2212 2757 2309 2813 sed

2413 2761 2574 2816 Θεοῦ.
2626 2761 2737 2815 Καὶ
2778 2762 2881 2833 δρα
2930 2762 3049 2823 πῶς
3097 2762 3192 2815 ἐπὶ
3224 2762 3323 2833 μὲν
3359 2760 3461 2831 τῆς
3508 2762 3759 2825 Παλαιᾶς
3782 2759 3911 2815 εἶπε
3949 2764 4028 2823 τὸ,

718 2857 913 2912 Filium
945 2856 1061 2911 Dei.
1088 2854 1153 2909 Et
1189 2853 1309 2911 vide
1354 2855 1629 2924 quomodo
1653 2853 1719 2908 de
1750 2862 1934 2907 vetere
1961 2851 2127 2906 dicit:
2160 2869 2179 2902 ι
2212 2848 2314 2903 Da-

2421 2872 2440 2904 ι
2475 2853 2664 2923 Ἐδόθη
2687 2854 2776 2907 διὰ
2809 2854 3087 2916 Μωσέως·
3120 2873 3138 2905 ι
3171 2855 3449 2925 ὑπουργὸς
3474 2856 3583 2927 γάρ
3616 2858 3711 2909 καὶ
3741 2858 4034 2927 ὑπηρέτης

719 2964 831 3005 ιιιιη
871 2958 952 3004 est
978 2963 1075 3018 per
1103 2946 1351 3002 Mosen.»
1399 2945 1646 3001 Minister
1683 2945 1827 2999 enim
1859 2953 1915 2999 et
1941 2944 2188 2999 subditus
2220 2942 2308 2998 ille
2338 2984 2382 3043 ο

2365 2984 2382 3041 Ξ
2413 2939 2569 3009 οὗτος
2598 2941 2687 3016 ἦν.
2713 2945 2836 2999 Ἐπὶ
2853 2946 2908 2999 δὲ
2936 2945 3039 3014 τῆς
3060 2945 3293 3015 Καινῆς,
3317 2947 3418 3000 οὐκ
3447 2944 3570 3000 εἷπε
3596 2948 3680 3011 τὸ,
3722 2966 3743 2998 ι
3792 2968 3810 2999 ι
3846 2949 4031 3015 ἐδόθη,

715 3054 852 3099 erat.
902 3044 975 3097 De
1004 3040 1153 3094 Novo
1180 3050 1360 3094 autem
1393 3037 1746 3094 Testamento
1779 3052 1882 3091 non
1914 3036 2071 3103 dixit,
2105 3034 2303 3088 Datum
2343 3034 2381 3043 '

2362 3034 2382 3042 ”
2414 3036 2551 3091 ἀλλά
2584 3037 2665 3101 τὸ,
2693 3056 2712 3089 ε
2760 3037 3005 3106 ἐγένετο,
3026 3055 3046 3090 ι
3084 3038 3172 3093 ἵνα
3200 3038 3351 3111 δείξῃ
3381 3040 3487 3115 ὑπὸ
3510 3041 3604 3093 τοῦ
3623 3042 3838 3111 Κυρίου
3868 3043 4028 3112 ἡμῶν

715 3146 819 3201 est,
869 3134 987 3200 sed,
1029 3152 1047 3185 ι
1089 3131 1312 3187 Factum
1335 3133 1452 3204 [est
1491 3149 1505 3188 :
1554 3149 1574 3183 ι
1616 3142 1674 3186 ιιι
1718 3131 1968 3187 ostendat
2021 3145 2050 3183 a
2085 3128 2313 3204 Domino

2429 3128 2605 3201 Ἰησοῦ
2637 3129 2899 3200 Χριστοῦ,
2935 3130 3013 3195 ὡς
3062 3130 3351 3195 δεσπότου,
3383 3133 3505 3203 οὐχὶ
3534 3133 3749 3199 δούλου,
3799 3136 4034 3204 γενομέ-

718 3239 903 3283 nostro
936 3227 1063 3282 Jesu
1120 3226 1355 3290 Christo,
1396 3224 1542 3280 velut
1582 3225 1827 3290 domino,
1858 3240 1968 3281 non
2017 3238 2200 3287 servo,
2233 3222 2313 3277 fa-

2413 3240 2532 3293 νην,
2568 3222 2662 3275 καὶ
2688 3224 2769 3284 είς
2796 3222 2951 3287 τέλος
2980 3222 3265 3293 προϐᾶσαν
3311 3224 3411 3295 τὴν
3433 3224 3593 3296 χάριν
3624 3226 3722 3279 καὶ
3758 3227 3863 3294 τὴν
3892 3227 4026 3297 ἁλή-

716 3332 860 3376 ctam
905 3329 959 3375 et
984 3322 1049 3374 ad
1097 3320 1258 3373 tinem
1291 3319 1607 3389 perductam
1634 3318 1864 3389 gratiam
1910 3332 1975 3373 ac
2003 3316 2308 3372 veritatem.

2414 3315 2584 3369 θειαν.
2641 3315 2825 3385 Νόμος
2862 3316 2961 3386 μὲν
3018 3317 3128 3386 γὰρ
3166 3315 3326 3386 ἐδόθη
3357 3318 3510 3388 παρὰ
3541 3317 3676 3370 Θεοῦ
3708 3317 3802 3370 διά
3856 3320 4030 3387 μέσου

714 3412 846 3466 Nam
899 3413 983 3466 lex
1026 3410 1244 3479 quidem
1278 3412 1400 3463 data
1445 3421 1527 3465 est
1561 3426 1589 3464 a
1624 3408 1774 3476 Deo,
1808 3410 2109 3465 mediatore
2139 3407 2308 3473 Mose,

2413 3408 2510 3462 τοῦ
2542 3408 2817 3472 Μωσέως’
2851 3410 2883 3479 ἡ
2914 3407 3075 3479 χάρις
3103 3409 3343 3480 ἐγένετο,
3372 3412 3493 3481 οὐχὶ
3517 3411 3696 3481 ἐδόθη,
3725 3412 3816 3466 διὰ
3850 3412 4027 3483 Ἰησοῦ

713 3504 883 3574 gratia
926 3512 1107 3558 autem
1144 3502 1284 3555 facta
1313 3511 1418 3565 est,
1454 3516 1557 3555 non
1600 3500 1749 3564 data,
1788 3516 1884 3567 per
1918 3498 2103 3555 Jesutn
2136 3498 2310 3554 Chri—

2415 3500 2674 3572 Χριστοῦ.
2704 3500 3033 3555 Αὐθεντικδν
3081 3502 3185 3573 μὲν
3215 3504 3297 3570 τὸ,
3359 3524 3377 3556 ι
3415 3504 3688 3573 Ἐγένετο,
3724 3528 3743 3558 ι
3776 3509 4026 3560 δουλικὸν

712 3607 876 3649 stum.
916 3594 1138 3650 Factqu
1175 3609 1326 3660 esse,
1359 3594 1735 3647 auctoritatem
1769 3593 2063 3662 quamdam
2091 3598 2253 3645 sonat
2290 3606 2306 3645 :

1288 3613 1326 3660 ε,
1359 3594 1735 3647 auctoritatem
1769 3593 2063 3662 quamdam
2091 3598 2253 3645 sonat
2290 3606 2306 3645 :
2414 3595 2469 3647 δὲ
2504 3596 2582 3660 τὸ,
2629 3616 2646 3646 ι
2700 3596 2889 3667 ἐδόθη.
2936 3615 2954 3646 ι

712 3692 895 3743 datum
935 3702 1082 3752 vero,
1121 3686 1484 3741 ministerium
1523 3685 1747 3739 indicat.
4000 3732 4003 3733 ν

789 3782 953 3835 Vsus.
990 3781 1079 3841 18.
1120 3798 1136 3830 ι
1180 3779 1355 3845 Deum
1375 3793 1537 3832 nemo
1568 3778 1703 3831 vidit
1750 3793 2013 3848 unquam,
2058 3775 2307 3845 unigeni-

2491 3796 2507 3827 ι
2544 3775 2678 3828 Θ-ὸν
2706 3776 2878 3838 οὐδεὶ,
2904 3775 3120 3846 ἑώρακε
3153 3775 3377 3831 πώποτε
3402 3795 3415 3807 ·
3469 3780 3498 3831 ὸ
3531 3781 3839 3851 μονογενὴς
3874 3780 4020 3842 Υΐὸξ.

718 3884 804 3926 tus
835 3871 1029 3936 Filius,
1079 3870 1173 3941 qui
1208 3880 1289 3924 est
1324 3853 1377 3923 in
1416 3870 1535 3923 sinu
1580 3868 1781 3931 Patris,
1826 3869 1915 3922 ille
1946 3870 2248 3923 enarravit.
2287 3885 2305 3917 ι

2412 3870 2440 3919 ὁ
2461 3867 2537 3921 ὣν
2571 3870 2626 3920 ὲν
2644 3870 2755 3930 τοῖς
2786 3868 3007 3931 κόλποις
3035 3867 3127 3921 τοῦ
3152 3870 3388 3937 Πατρδς,
3414 3871 3621 3934 ἐκεῖνος
3646 3874 4019 3943 ἐξηγήσατο.»

712 3965 979 4032 Quoniam
1030 3966 1242 4018 dixerat
1284 3963 1426 4031 quod
1465 3979 1485 4012 ι
1554 3961 1728 4033 gratia
1764 3969 1817 4015 et
1852 3962 2051 4013 veritas
2092 3974 2188 4030 per
2219 3957 2310 4013 Je-

2428 3961 2649 4031 Ἐπειδὴ
2683 3956 2857 4026 εἶπεν,
2895 3962 2977 4013 ὅτι
3030 3981 3045 4011 ι
3098 3961 3162 4014 Ἡ
3220 3964 3379 4031 χάρις
3430 3964 3523 4016 καὶ
3570 3966 3604 4033 ἡ
3656 3965 3896 4034 ἀλήθεια
3938 3966 4020 4018 δια

711 4074 833 4112 sum
884 4056 1161 4111 Christum
1200 4054 1338 4108 facta
1371 4054 1464 4116 sit,
1502 4072 1521 4105 ι
1578 4054 1721 4108 istud
1757 4053 1931 4122 ipsum
1981 4052 2169 4107 volens
2214 4055 2311 4107 ad-

2428 4052 2601 4123 Ἰησοῦ
2657 4052 2896 4122 Χριστοῦ
2927 4053 3165 4119 ἐγένετο,
3198 4074 3215 4106 ι
3258 4055 3419 4108 τοῦτο
3449 4056 3623 4109 θέλων
3668 4062 4019 4111 κατασκευαο

713 4161 950 4214 struere,
987 4148 1165 4202 dicit:
1216 4148 1356 4201 Nihil
1408 4145 1723 4201 incredibile
1766 4146 1902 4200 dixi.
1954 4144 2088 4198 Nam
2130 4142 2305 4199 Moses

2413 4162 2522 4211 σαι,
2556 4145 2743 4214 φησὶν,
2779 4146 2862 4197 ὅτι
2911 4145 3077 4198 Οὐδὲν
3108 4146 3340 4199 ἄπιστον
3373 4149 3593 4218 εἴρηκα.
3659 4150 3719 4203 Ὀ
3759 4154 3862 4219 μὲν
3906 4154 4016 4221 γάρ

712 4241 930 4306 quidem
962 4254 1136 4307 neque
1170 4239 1339 4291 Deum
1374 4238 1528 4303 vidit,
1578 4240 1718 4293 sicut
1766 4252 1942 4305 neque
1975 4237 2115 4291 alius
2149 4237 2305 4307 quis.

2410 4237 2617 4307 Μωσῆς
2669 4234 2793 4289 οὔτε
2823 4236 2957 4289 Θεὸν
2992 4237 3261 4309 ἑώρακεν,
3320 4239 3513 4310 ὥσπερ
3553 4243 3665 4295 οὐδ’
3696 4245 3862 4308 ἄλλος
3914 4264 4013 4307 τις,

713 4332 853 4397 piam
886 4347 900 4383 :
940 4346 1038 4384 nec
1067 4331 1241 4399 potuit
1275 4331 1429 4383 nobis
1466 4329 1811 4383 manifestam
1845 4339 1898 4381 et
1933 4330 2197 4399 liquidam
2238 4331 2305 4384 de
2333 4336 2379 4393 D

2356 4336 2385 4393 )
2412 4327 2537 4381 οὗτε
2565 4326 2707 4397 εἶχεν
2734 4329 2865 4397 ἡμῖν
2888 4326 3151 4397 ἐξήγησιν
3174 4332 3551 4400 τρανεστάτην
3584 4334 3680 4384 καὶ
3714 4339 3864 4404 σαφῆ
3896 4339 4022 4405 περὶ

714 4427 805 4479 illo
862 4426 1231 4478 narrationem
1281 4424 1467 4477 dicere
1523 4441 1535 4476 :
1587 4423 1681 4477 sed
1714 4438 1838 4477 cum
1886 4434 2036 4478 esset
2092 4438 2303 4488 servus,

2412 4421 2582 4477 αὐτοῦ
2618 4423 2827 4473 είπείνο
2880 4420 3019 4473 ἀλλὰ
3082 4420 3270 4484 δοῦλος
3331 4421 3429 4485 ὢν,
3485 4424 3808 4496 ὑπηρέτησε
3861 4432 4018 4498 μόνον

715 4518 968 4571 minister
1006 4516 1105 4570 fuit
1146 4517 1318 4572 solum
1365 4516 1551 4587 legalis
1576 4516 1787 4569 litterae.
1832 4516 2083 4571 Christus
2125 4526 2304 4571 autem

2415 4514 2550 4584 πρὸς
2606 4513 2705 4581 τὴν
2738 4512 2835 4565 τοῦ
2885 4512 3114 4582 νομικοῦ
3149 4515 3484 4585 γράμματος
3516 4516 3827 4573 διακονίαν.
3876 4523 3935 4574 Ὀ
3963 4524 4020 4576 δὲ

712 4610 803 4678 qui
842 4617 924 4663 cst
974 4608 1181 4674 Filius,
1218 4618 1270 4661 et
1318 4607 1663 4679 Unigenitus,
1715 4618 1769 4664 et
1809 4608 1861 4663 in
1911 4610 2033 4663 sinu
2077 4618 2307 4679 paterno

2414 4606 2669 4677 Χριστὸς,
2702 4605 2826 4669 Υίὸς
2851 4604 2926 4658 ὢν
2958 4608 3052 4659 καὶ
3080 4607 3417 4678 Μονογενὴς,
3449 4613 3545 4663 καὶ
3570 4613 3629 4664 ιν
3653 4616 3771 4677 τοῖς
3798 4616 4016 4680 κόλποις

715 4712 817 4764 est,
850 4716 955 4754 non
990 4702 1166 4756 solum
1205 4693 1354 4753 illum
1388 4701 1553 4764 videt,
1597 4702 1689 4754 sed
1720 4701 1887 4756 etiam
1925 4702 2180 4756 omnibus
2219 4704 2309 4758 ho-

2411 4702 2485 4755 ὢν
2515 4705 2623 4765 τοίς
2648 4701 3036 4771 πατρικοῖς,οὑ
3072 4702 3235 4771 μόνον
3264 4702 3427 4755 αὑτὸν
3457 4705 3585 4775 ὁρᾷ,
3618 4706 3762 4761 άλλά
3791 4711 3885 4761 καὶ
3917 4714 4020 4762 πᾶα

712 4793 951 4847 minibus
976 4794 1040 4846 de
1071 4793 1161 4846 illo
1192 4793 1477 4845 annuntiat
1499 4809 1512 4847 :
1538 4804 1698 4859 atque
1726 4794 1819 4858 ita,
1850 4795 1976 4863 quia
2003 4794 2171 4849 Filius
2200 4806 2306 4862 est,

2414 4813 2499 4848 σιν
2551 4793 2863 4864 ἀνθρώποις
2909 4794 3187 4865 ιξηγετται
3220 4796 3352 4865 περὶ
3400 4797 3591 4851 αὑτοῦ.
3626 4800 3796 4854 ῗΩστε
3832 4804 4017 4872 ἐπειδὴ

712 4896 765 4937 ct
796 4883 1012 4938 Patrem
1045 4885 1213 4949 videt,
1246 4894 1299 4938 et
1329 4885 1379 4936 in
1410 4885 1530 4938 sinu
1556 4884 1676 4952 ejus
1708 4895 1812 4951 est,
1846 4888 2044 4941 merito
2072 4890 2303 4956 gratiam

2413 4887 2539 4951 Υἱός
2571 4888 2711 4951 ὲστι,
2767 4886 2863 4939 καὶ
2888 4885 2982 4938 τὸν
3016 4885 3238 4955 Πατέρα
3268 4887 3399 4958 ὁρᾷ,
3432 4882 3523 4942 οἷα
3546 4890 3609 4961 δὴ
3662 4894 3723 4945 ὲν
3750 4897 3866 4954 τοῖς
3896 4896 4012 4947 κόλ-

711 4989 767 5033 et
801 4976 1084 5031 veritatem
1121 4978 1281 5032 nobis
1330 4977 1499 5031 dedit.
1536 4978 1807 5033 Caeterum
1838 4978 2043 5033 dixerit
2076 4980 2165 5035 hic
2195 4981 2305 5035 for-

2412 4996 2532 5039 ποις
2566 4976 2731 5029 αὑτοῦ
2762 4976 2857 5039 ὢν,
2894 4976 3122 5039 εἰκότως
3156 4978 3256 5047 τὴν
3296 4979 3460 5049 χάριν
3486 4982 3577 5034 καὶ
3618 4985 3721 5052 τὴν
3755 4984 4016 5057 ἀλήθειαν

710 5083 856 5124 tasse
887 5070 1156 5139 quispiam
1194 5087 1207 5122 :
1249 5071 1535 5136 Quomodo
1573 5071 1673 5125 hoc
1714 5070 1831 5126 loco
1865 5072 2127 5127 discimus
2156 5073 2303 5141 quod

2414 5074 2543 5143 ἡμῖν
2581 5070 2806 5123 ἔδωκεν.
2834 5068 2976 5120 Ἀλλ’
3001 5070 3119 5139 ὲρετ
3146 5086 3229 5132 τις
3262 5072 3392 5135 ἴσως
3415 5088 3429 5102 ο
3464 5075 3591 5137 Πῶς
3634 5076 3875 5131 ἐνταῦθα
3915 5080 4014 5147 μὲν

711 5162 889 5215 nullus
938 5161 1135 5215 viderit
1170 5162 1357 5225 Deum,
1398 5178 1524 5217 cum
1578 5162 1838 5232 propheta
1876 5162 2025 5217 dicat
2062 5178 2075 5215 :
2118 5181 2136 5214 ι
2177 5164 2299 5219 Vidi

2412 5160 2784 5233 μανθάνομεν,
2817 5160 2899 5211 ὅτι
2935 5159 3108 5223 οὐδεὶς
3154 5160 3371 5232 ἑώρακε
3398 5163 3491 5216 τὸν
3523 5164 3681 5231 Θεὸν,
3726 5170 3757 5220 ό
3786 5171 3841 5222 δὲ
3879 5188 4011 5237 προ.

710 5255 1001 5307 Dmuiuum
1023 5253 1110 5305 "?
1149 5273 1166 5304 ι
1200 5253 1344 5307 Vidit
1366 5255 1581 5323 quidem
1610 5256 1870 5323 propheta
1897 5255 2091 5319 Deum,
2114 5266 2167 5309 at
2194 5272 2301 5311 non

2410 5258 2587 5326 φήτης
2617 5252 2763 5322 λέγει
2791 5270 2804 5282 ·
2841 5271 2859 5303 ι
2892 5248 3043 5305 Εἶδον
3072 5254 3164 5306 τὸν
3196 5255 3402 5324 Κύριον
3428 5273 3441 5322 ;
3484 5276 3501 5309 ι
3546 5255 3669 5312 Εἷδε
3704 5262 3810 5331 μὲν
3836 5267 3863 5315 ὁ
3884 5281 4012 5333 προ-

710 5347 880 5413 ipsam
926 5346 1312 5410 substantiam,
1350 5347 1443 5399 sed
1489 5347 1903 5401 similitudinem
1950 5357 2004 5403 ct
2038 5360 2303 5415 apparen-

2411 5350 2611 5418 φήτης,
2640 5346 2755 5399 ἀλλ’
2788 5346 2885 5400 οὐκ
2916 5346 3088 5417 αὐτὴν
3116 5348 3217 5415 τὴν
3246 5349 3439 5403 οὐσίαν
3463 5392 3476 5413 ,
3525 5352 3643 5405 ἀλλ’
3675 5357 3929 5425 ὁμοέωμά
3960 5376 4010 5410 τι

711 5444 837 5492 ltum
875 5438 1195 5506 quam-lam,
1238 5439 1377 5492 sicut
1410 5453 1604 5507 capere
1652 5449 1881 5509 poterat.
1924 5440 1987 5492 Et
2029 5440 2167 5493 alius
2204 5441 2304 5494 ite-

2411 5441 2504 5493 καὶ
2533 5442 2828 5509 φαντασίαιν
2856 5440 2996 5503 τινὰ,
3022 5441 3097 5504 ὡς
3122 5443 3321 5513 ἐχώρει
3346 5444 3496 5499 ἰδεῖν.
3519 5448 3628 5500 Καὶ
3656 5450 3820 5515 ἄλλος
3855 5455 4006 5505 πάλιν

711 5547 826 5581 t'ttm
880 5532 929 5581 ιιι
984 5530 1088 5581 alia
1149 5529 1316 5599 ﬁgura
1366 5530 1520 5593 vidit,
1567 5542 1618 5586 et
1671 5532 1812 5584 alius
1869 5536 1919 5583 ιιι
1980 5532 2104 5582 alia.
2152 5530 2304 5585 Unde

2410 5537 2467 5585 ἐν
2494 5534 2637 5605 ἄλλῳ
2668 5532 2823 5601 τύπῳ
2848 5528 2979 5597 εἶδε,
3031 5534 3126 5587 καὶ
3152 5535 3312 5599 ἄλλος
3344 5538 3401 5587 ὲν
3428 5538 3600 5608 ἄλλῳ.
3636 5543 3802 5595 Ὅθεν
3833 5546 4004 5613 δῆλον,

710 5648 748 5674 δ·
775 5624 914 5674 ificet
949 5639 1052 5675 non
1106 5623 1277 5688 ipsum
1313 5625 1595 5676 veritatem
1644 5625 1896 5677 viderunt
1942 5641 1952 5674 :
2011 5642 2115 5677 non
2153 5626 2299 5679 enim

2409 5628 2488 5677 ὅτι
2522 5628 2621 5676 οἰκ
2656 5626 2827 5693 αὐτὴν
2863 5624 2960 5693 τὴν
3006 5626 3263 5695 ἀληθειαν
3306 5628 3567 5682 ἔϐλεπον·
3617 5635 3681 5686 οὐ
3714 5637 3821 5705 γὰρ
3858 5637 3916 5689 ἂν
3948 5641 4002 5688 ἐν

780 5800 1137 5863 "ls;t.\:,1.
