4218 6424
217 401 355 468 H66

958 398 1410 463 ENARRATIO
1453 397 1531 457 1N
1568 389 2074 456 EVANGELIUM
2114 385 2468 456 JOANNIS.
2508 412 2576 424 -
2616 386 2775 448 (ΣΑΡ.
2823 383 2868 445 Ι.

3396 375 3531 445 1166

204 517 486 588 διαφόροις
542 518 820 588 σχήμασιν
869 517 1043 588 αὐτὴν
1073 515 1350 587 ἐθεώρουν
1407 514 1591 582 ἁπλῆν
1638 511 1846 567 οὖσαν.

1959 509 2156 564 iverois
2185 507 2378 577 ﬁguris
2412 505 2557 558 illam
2592 503 2882 562 vidissent.
2913 515 3035 570 qum
3074 496 3306 566 simplex
3354 509 3442 552 est
3479 509 3531 552 et

209 611 304 662 καὶ
359 608 789 681 ἀσχημάτιστον.
838 608 982 661 Ἀλλ’
1029 606 1151 660 οὐδὲ
1195 609 1248 658 οί
1280 605 1504 674 ἄγγελοι
1551 603 1814 673 βλέπουσι

207 700 344 754 Θεοῦ
379 701 587 765 οὐσίαν,
613 704 661 754 εἰ
694 703 789 755 καὶ
816 702 1069 770 λέγονται
1101 704 1162 754 τὸ
1189 700 1490 772 πρόσωπον
1530 696 1628 750 τοῦ
1675 695 1816 751 Θεοῦ

207 794 343 862 όρᾷν
368 808 382 822 ⁶
418 791 574 845 τοῦτο
605 794 713 864 γάρ
748 794 1083 848 ἐνδεικτικόν
1111 795 1230 846 ἐστι
1265 793 1432 862 μόνου
1485 789 1579 844 τοῦ
1610 791 1819 859 φαντά-

213 884 402 948 ζεσθαι
430 884 514 935 ἀεὶ
539 884 693 938 Θεόν.
732 886 790 938 '0
816 886 946 948 Υἱὸς
990 883 1086 937 οῦν
1120 884 1281 954 μόνος
1307 884 1411 953 ὁρᾷ
1440 882 1534 935 τὸν
1573 879 1816 950 Πατέρα,

213 979 307 1031 καὶ
332 977 615 1045 ἐξηγεῖται
661 978 828 1030 αὑτὸν
861 978 1032 1031 πᾶσιν
1087 975 1425 1046 ἀνθρώποις.
1463 976 1715 1038 Κόλπους
1761 975 1820 1027 δὲ

213 1068 432 1123 ἀκούων
488 1071 815 1139 πατρικοὺς,
877 1068 1048 1139 μηδὲν
1099 1068 1454 1139 ὑποπτεύσῃς
1503 1067 1821 1137 σωματικὸν

212 1161 307 1214 ἐπὶ
336 1160 495 1215 Θεοῦ.
531 1163 645 1231 Τὴν
678 1161 788 1231 γὰρ
836 1161 1175 1230 γνησιότητα
1203 1198 1219 1225 ,
1252 1160 1350 1214 καὶ
1391 1161 1454 1212 τὸ
1486 1159 1819 1230 ἀχώριστον,

212 1254 307 1306 καὶ
340 1254 612 1306 συναῖδιον
653 1252 825 1316 δεῖξαι
861 1251 1192 1322 βουλόμενος
1247 1251 1344 1306 τοῦ
1393 1252 1526 1305 Υίοῦ
1559 1254 1697 1324 πρὸς
1728 1253 1825 1306 τὸν

215 1344 436 1414 Πατέρα
469 1347 497 1397 6
525 1342 946 1414 εὐαγγελιστὴς,
995 1343 1191 1397 τούτου
1223 1342 1318 1396 τοῦ
1352 1343 1623 1414 ὀνόματος
1657 1340 1825 1414 ἐμνήο

216 1434 342 1506 σθη.

292 1548 312 1580 ι
350 1529 458 1582 Καὶ
489 1527 631 1598 αῦτη
677 1527 827 1581 ἐστὶν
864 1529 895 1596 ὴ
953 1528 1235 1598 μαρτυρία
1259 1528 1354 1581 τοῦ
1419 1527 1694 1590 Ἰωάννου,
1735 1527 1825 1580 ὅτε

217 1620 550 1675 ἀπέστειλαν
581 1621 630 1673 oi
672 1621 914 1674 Ἰουδαῖοι
947 1620 1006 1687 ἐξ
1053 1619 1454 1691 Ἰεροσολύμων
1506 1622 1677 1691 ίερεῖς
1729 1620 1828 1674 καὶ

219 1715 485 1777 Λευῖτας,
531 1714 621 1769 ἵνα
673 1716 1028 1786 ἐρωτήσωσιν
1091 1715 1258 1768 αὐτόν
1284 1731 1298 1746 ’
1364 1715 1438 1768 Σὺ
1478 1714 1564 1777 τίς
1592 1710 1679 1780 εἷς
1715 1713 1828 1768 Καὶ

215 1804 563 1874 ὡμολόγησε,
594 1807 690 1858 καὶ
718 1806 819 1858 οὐκ
850 1808 1132 1877 ἠρνήσατο
1154 1823 1167 1836 ⁸
1200 1808 1297 1859 καὶ
1326 1807 1712 1877 ὡμολόγησεν,
1741 1808 1826 1860 ὅτι

1922 602 2308 675 inligurabilis.
2339 600 2483 668 Quin
2509 612 2688 666 neque
2718 595 2898 664 angeli
2933 594 3119 649 vident
3147 592 3240 648 Dei
3275 592 3533 646 substau-

1925 696 2078 761 tiam,
2133 695 2386 764 quamvis
2448 695 2706 747 dicantur
2753 690 2944 744 videre
2986 687 3181 742 faciem
3231 687 3374 755 ejus.
3426 686 3537 739 lloe

1923 789 2070 841 enim
2121 787 2300 842 solum
2351 786 2580 847 indicat,
2632 797 2850 848 semper
2901 781 3068 834 Deum
3116 782 3198 833 eis
3246 793 3536 847 apparere.

1923 879 2098 937 Filius
2132 882 2303 952 igitur
2343 880 2494 934 solus
2540 880 2687 933 videt
2716 869 2962 939 Patrem,
3011 883 3069 930 et
3109 885 3339 929 enarrat
3386 876 3539 928 illum

1925 975 2183 1029 omnibus
2223 973 2564 1028 hominibus.
2613 969 2805 1026 Sinum
2841 978 3024 1023 autem
3078 969 3311 1021 audiens
3355 976 3542 1035 pater-

1929 1085 2080 1134 num,
2111 1084 2216 1122 non
2248 1067 2548 1136 suspiceris
2575 1065 2778 1133 aliquid
2810 1061 3096 1130 corporale
3118 1062 3183 1115 de
3206 1060 3332 1114 Deo.
3366 1062 3541 1114 Evan-

1928 1161 2116 1233 gelista
2147 1161 2294 1215 enim
2327 1159 2511 1215 solens
2547 1158 2705 1212 nobis
2743 1157 2987 1210 indicare
3010 1149 3208 1209 Filium
3245 1153 3393 1207 Patri
3428 1170 3549 1209 esse

1929 1266 2287 1317 eoa-ternum,
2337 1269 2400 1307 ac
2435 1267 2624 1306 verum
2657 1261 2714 1306 ct
2745 1247 3197 1318 inseparabilem,
3248 1249 3413 1320 hujus
3446 1267 3548 1304 no-

1931 1350 2096 1403 minis
2127 1346 2464 1401 mentionem
2501 1345 2649 1400 t‘erit.

2009 1528 2172 1584 Vens.
2220 1528 2309 1593 l9,
2358 1525 2451 1582 ΞΟ.
2499 1547 2517 1578 ι
2569 1527 2636 1581 Et
2687 1519 2792 1581 li--c
2841 1536 2932 1580 est-
2967 1525 3342 1580 testimonium
3391 1523 3558 1596 520

1931 1621 2178 1685 Joannis,
2225 1622 2446 1690 quando
2495 1621 2770 1674 miserunt
2805 1617 2979 1672 Judaei
3032 1633 3099 1674 ex
3153 1619 3556 1689 Ilierosrilymia

1933 1719 2252 1773 sacerdotes
2283 1726 2340 1771 et
2372 1715 2568 1769 levitas
2596 1723 2656 1769 ut
2680 1714 3091 1782 interrogarent
3126 1728 3278 1778 eum,
3313 1711 3394 1767 Tu
3429 1716 3558 1785 quis

1935 1811 2044 1866 es?
2073 1812 2140 1865 Et
2171 1807 2458 1864 coiifessus
2505 1816 2614 1871 est,
2652 1817 2708 1858 et
2738 1805 3115 1873 nonnegavit.
3154 1802 3220 1857 Et
3261 1805 3555 1860 confessas

217 1897 334 1950 Οὐκ
362 1900 480 1967 εἰμὶ
497 1898 610 1965 ἐγὼ
635 1901 664 1952 6
693 1899 987 1969 Χριστός.»
1013 1897 1182 1954 Εἶπεν
1212 1901 1495 1971 ἀνωτέρω,
1523 1901 1608 1954 ὅτι
1646 1901 1834 1953 Ἰωάν-

1956 1915 2048 1966 ast,
2077 1904 2200 1958 Non
2235 1917 2357 1956 sum
2415 1915 2517 1971 ego
2555 1900 2831 1955 Christus.
2870 1918 2887 1949 ι
2928 1899 3076 1953 Dixit
3113 1901 3370 1969 supetins
3409 1903 3557 1970 quoii

219 2003 321 2062 νης
352 1995 629 2063 μαρτυρεῖ
679 1996 812 2064 περὶ
843 1994 1013 2047 αὑτοῦ
1045 2011 1059 2025 ο
1097 1990 1218 2048 εἶτα
1245 1994 1420 2048 είπὼν
1462 1994 1555 2048 διὰ
1588 1995 1758 2064 μέσου
1783 1994 1836 2046 τί

217 2085 607 2156 ἐμαρτύρησεν
634 2089 664 2140 6
708 2087 964 2158 Ἰωάννης
999 2090 1132 2157 περὶ
1158 2086 1255 2141 τοῦ
1292 2086 1558 2158 Χριστοῦ,
1589 2087 1671 2140 ὁτι
1701 2082 1838 2140 «0'5-

217 2194 315 2241 τος
345 2177 659 2251 ἔμπροσθέν
694 2198 798 2250 μου
845 2182 1061 2249 γέγονε,
1097 2201 1116 2233 ι
1153 2183 1250 2234 καὶ
1278 2182 1362 2235 ὅτι
1401 2201 1419 2232 ι
1467 2183 1664 2251 Ἡμεῖς
1695 2183 1836 2235 πάν-

217 2289 314 2335 τες
342 2273 392 2327 οί
429 2274 712 2344 προφῆται
763 2278 827 2327 ἐκ
866 2275 964 2329 τοῦ
1019 2275 1398 2347 πληρώματος
1435 2276 1605 2330 αὑτοῦ
1639 2277 1836 2330 ἐλάσο-

222 2383 348 2434 μεν,
389 2385 407 2416 ι
445 2367 730 2439 ἐπιφέρει·
782 2387 801 2420 ι
835 2369 950 2422 Καὶ
971 2368 1114 2438 αῦτη
1146 2371 1298 2425 ἐστὶν
1348 2373 1382 2441 ή
1429 2372 1713 2442 μαρτυρία
1737 2368 1835 2425 τοῦ

233 2459 508 2514 Ἰωάννου.
549 2481 567 2512 ι
607 2462 775 2528 Ποίας
837 2463 940 2516 Ἢν
972 2463 1238 2535 ἀνωτέρω
1270 2458 1450 2529 εἶπεν,
1476 2465 1559 2518 ὅτι
1591 2466 1842 2536 Ἐμπροο

223 2551 353 2607 σθέν
378 2570 479 2623 μου
516 2554 732 2623 γέγονε,
767 2573 786 2606 ι
824 2555 1008 2608 καὶτὰ
1031 2554 1232 2610 λοιπά’
1262 2557 1399 2611 ἀλλὰ
1434 2559 1529 2612 καὶ
1562 2557 1598 2612 ἃ
1636 2558 1840 2628 ἐφεξῆς

220 2645 394 2712 λέγει,
424 2646 508 2700 ὅτι
543 2666 563 2699 ι
593 2647 709 2700 Οὐκ
760 2649 878 2718 εἰμί
913 2650 944 2700 ὁ
973 2649 1236 2717 Χριστὸς,
1283 2669 1301 2701 ι
1337 2649 1431 2704 καὶ
1461 2649 1636 2702 ταῦτα
1697 2667 1840 2719 μαρ-

218 2739 388 2808 τυρία
460 2737 707 2794 Ἰωάννου
760 2742 922 2794 εἰσίν.
997 2760 1016 2792 ι
1049 2742 1407 2796 Ἀπέστειλαν
1469 2738 1565 2798 οὖν
1606 2745 1654 2796 οἰ
1708 2743 1842 2797 Ἰου-

222 2833 366 2887 δαῖοι
390 2834 800 2907 πρδςἸωάννην
828 2834 923 2900 οὓς
963 2832 1114 2906 εἶχον
1145 2838 1470 2908 κρείττονας
1493 2855 1506 2869 ο
1540 2839 1711 2910 ίερεῖς
1733 2841 1841 2910 γάρ

223 2930 324 2981 καὶ
347 2928 606 2993 Δευῖτας,
640 2930 738 2982 καλ⁸
765 2929 993 2993 τούτους
1040 2930 1488 3002 Ἱεροσολυμίτας
1511 2949 1524 2963 ⁸
1559 2933 1636 2997 ὡς
1666 2927 1846 2996 b-05-

222 3039 332 3084 τοι,
379 3016 466 3075 οἷα
507 3022 573 3094 δὴ
627 3024 1009 3096 συνετώτεροι,
1045 3025 1282 3079 πείσωσι
1331 3026 1423 3080 τὸν
1462 3027 1724 3099 Ἰωάννην
1754 3023 1846 3082 διὰ

226 3114 548 3182 κολακείας,
573 3116 918 3186 ὁμολογῆσαι
970 3119 1170 3172 ἐαυτὸν
1194 3120 1454 3189 Χριστόν.
1490 3120 1632 3191 Ὅρα
1665 3121 1722 3174 δὲ
1747 3121 1849 3192 τὴν

1940 2000 2183 2054 Joannes
2230 2007 2465 2052 testetur
2511 1997 2577 2051 de
2614 1996 2705 2048 illo
2748 2013 2759 2047 :
2797 2006 2851 2048 et
2904 2007 3018 2047 tum
3055 1995 3379 2048 interseruit
3423 1997 3559 2065 quid

1945 2103 2180 2149 testatus
2215 2092 2286 2146 sit
2319 2090 2562 2145 Joannes
2587 2090 2654 2143 de
2696 2089 2938 2147 Christo,
2979 2106 3173 2159 nempe
3219 2092 3366 2158 quod
3405 2109 3422 2141 ι
3462 2092 3565 2144 ll:c

1946 2200 2072 2244 ante
2110 2203 2196 2241 me
2232 2184 2408 2240 factus
2455 2194 2542 2240 est
2591 2205 2607 2236 ι
2663 2195 2717 2238 ct
2763 2185 2908 2255 quod
2959 2205 2977 2236 ‹
3018 2180 3129 2239 Nos
3176 2201 3372 2238 omnes
3423 2201 3561 2254 prn-

1946 2285 2124 2354 phetze
2176 2283 2246 2336 de
2302 2281 2644 2349 plenitudine
2697 2280 2820 2346 ejus
2865 2278 3216 2347 accepimus,
3263 2297 3280 2329 ι
3337 2279 3566 2344 suhdit,

1951 2399 1969 2429 ι
2017 2374 2082 2430 Ει
2118 2377 2222 2430 hoc
2253 2383 2339 2427 est
2368 2370 2599 2427 Joannis
2640 2371 3044 2425 testiinonium.
3096 2388 3112 2420 I
3153 2369 3375 2437 Quale?
3410 2370 3566 2436 Quod

1945 2471 2202 2538 superius
2235 2470 2398 2533 dixit,
2433 2486 2450 2518 ι
2490 2467 2635 2520 Ante
2683 2479 2770 2518 me
2803 2465 2982 2519 factus
3017 2473 3121 2527 est,
3167 2482 3185 2514 ι
3233 2474 3340 2518 etc.
3380 2464 3487 2518 Sed
3515 2474 3572 2518 et

1944 2579 2068 2634 qua!
2102 2563 2363 2632 deinceps
2395 2561 2571 2614 dicit:
2611 2578 2629 2610 ι
2674 2555 2794 2611 Non
2829 2573 2950 2612 sum
2980 2557 3260 2623 Christus,
3311 2576 3330 2608 ι
3369 2568 3422 2610 et
3455 2559 3572 2612 lucc

1950 2655 2263 2711 testimonia
2302 2662 2432 2708 sunt
2467 2645 2720 2707 Joannis.
2769 2643 2960 2705 Porro.
2984 2649 3158 2706 Judzci
3196 2652 3262 2704 ad
3298 2649 3568 2706 Joannem

1948 2750 2219 2804 miserant
2264 2747 2682 2820 pra'stautiores
2725 2762 2865 2816 quos
2903 2747 3200 2811 habebant,
3252 2747 3573 2802 sacerdotes

1949 2841 2204 2899 videlicet
2250 2853 2305 2898 et
2338 2835 2558 2907 levitas,
2609 2856 2815 2911 eosque
2856 2839 3430 2909 llicrosolymitanos,
3480 2842 3575 2912 qui

1950 2949 2141 3008 utpote
2187 2937 2576 3008 sapientiores,
2623 2935 3025 3004 persuaderent
3069 2933 3266 2986 Joauni
3301 2950 3398 3002 per
3435 2939 3573 2987 adu-

1951 3037 2211 3092 lationem
2271 3043 2332 3086 ιιι
2389 3030 2748 3087 conﬁteretur
2795 3045 2853 3083 se
2900 3044 3028 3083 esse
3079 3029 3382 3082 Chi-istum.
3443 3029 3577 3081 \‘nla-

1955 3138 2137 3182 autem
2170 3141 2334 3196 quam
2386 3125 2613 3180 sinislra
2649 3123 2725 3177 sit
2758 3122 2977 3175 illorum
3026 3136 3204 3175 tuens.
3238 3117 3356 3173 Non
3402 3121 3579 3174 inter-

229 3207 572 3278 σκαιότητα·
622 3210 726 3262 οὐκ
775 3210 1060 3280 ἐρωτῶσιν
1113 3212 1278 3266 αὐτὸν
1335 3212 1573 3275 εὐθέως·
1614 3215 1686 3267 Σὺ
1738 3209 1846 3268 eid

1961 3231 2155 3290 rogant
2190 3235 2312 3271 eum
2345 3219 2558 3278 statim,
2630 3217 2787 3269 Tune
2835 3234 2894 3269 es
2940 3214 3374 3274 CliriStus?sed,
3438 3234 3455 3265 ι
3495 3215 3576 3269 Τιι

227 3300 498 3368 Χριστόςς
542 3301 700 3364 ἀλλὰ,
745 3322 763 3353 ι
793 3303 865 3356 Σὺ
900 3305 985 3368 τίς
1019 3301 1104 3370 εἴ;
1154 3325 1173 3357 ι
1224 3305 1468 3369 Ἐκεῖνος
1500 3307 1580 3369 δέ,
1616 3307 1717 3377 τὴν
1747 3325 1848 3360 κα-

230 3396 499 3464 κουργίαν
530 3395 686 3458 εἰδὼς
723 3398 928 3460 αὐτῶν,
963 3399 1026 3452 οὐ
1061 3401 1212 3468 λέγει
1253 3401 1336 3465 τίς
1367 3397 1458 3473 ἦν,
1508 3401 1626 3454 ἀλλ’
1653 3401 1850 3471 ὁμολο-

230 3489 343 3554 γεῖ,
373 3490 455 3540 ὃτι
509 3507 526 3538 ι
559 3491 821 3560 Οὐκ-εἰμὶ
847 3492 876 3542 6
924 3493 1185 3563 Χριστὸς,
1227 3513 1246 3546 ι
1311 3496 1449 3567 πρὸς
1489 3497 1590 3548 τὸν
1644 3496 1850 3549 σκοπὸν

231 3580 419 3633 αὐτῶν
449 3583 799 3648 ἀποϐλέπων,
822 3585 918 3637 καὶ
942 3588 1288 3658 πανταχόθεν
1309 3590 1511 3653 αὐτοὺς
1534 3589 1850 3659 ἐπισπώμε·

233 3692 325 3737 νος
350 3676 484 3747 πρὸς
516 3678 577 3730 τὸ
607 3677 916 3743 πιστεῦσαι,
957 3681 1041 3732 ὅτι
1089 3680 1249 3744 ἄλλος
1299 3684 1448 3736 ἐστὶν
1494 3685 1522 3735 6
1557 3684 1794 3754 Χριστὸς
1826 3687 1854 3737 ό

237 3773 372 3842 παρ’
404 3771 586 3824 αὐτῶν
615 3773 975 3842 νομιζόμενος
1006 3773 1254 3846 εὐτελὴς,
1313 3777 1409 3829 καὶ
1462 3777 1719 3841 εὐτελοῦς
1750 3796 1854 3830 πα-

232 3866 389 3936 τρὺς,
411 3867 662 3928 τέκτονος
693 3869 830 3937 γάρ·
869 3870 964 3920 καὶ
998 3869 1255 3932 εὐτελοῦς
1308 3870 1572 3940 πατρίδος
1595 3912 1609 3933 ,
1665 3869 1857 3933 Ναζα-

239 3959 336 4025 ρὲτ
371 3958 480 4027 γάρ
507 3975 518 3986 ·
553 3958 615 4022 ἐξ
646 3954 714 4031 ἦς
744 3961 897 4012 οὐδὲν
928 3960 1139 4029 ἀγαθὸν
1185 3956 1330 4015 εἶναι
1366 3962 1682 4016 ἐπίστευον.
1720 3965 1856 4034 Περὶ

240 4049 427 4118 μέντοι
463 4049 627 4103 αὑτοῦ
657 4051 751 4104 τοῦ
798 4053 1116 4124 Προδρόμου
1162 4053 1410 4124 μεγάλην
1470 4054 1631 4118 δόξαν
1666 4049 1815 4125 εἶχον
1842 4073 1854 4086 ·

240 4147 452 4224 πατρός
483 4164 540 4199 τε
565 4149 674 4219 γὰρ
697 4147 1000 4219 ἀρχιερέως
1024 4145 1115 4220 ἦν,
1151 4150 1246 4201 καὶ
1278 4149 1396 4218 βίου
1430 4151 1729 4218 ἀγγελικοῦ
1763 4153 1858 4203 καὶ

237 4236 412 4289 άΰλον
446 4238 654 4307 σχεδόν.
707 4239 871 4291 Ὅθεν
922 4240 1205 4310 Θαυμάσαι
1257 4241 1492 4304 δίκαιον,
1531 4241 1646 4302 πῶς
1691 4240 1751 4306 ἐξ
1782 4233 1858 4293 ὧν

240 4329 417 4401 ᾢηντο
450 4333 650 4385 ἐκεῖνοι
682 4332 885 4402 βλάψαι
915 4334 1014 4404 τὴν
1040 4335 1136 4387 τοῦ
1163 4333 1406 4405 Χριστοῦ
1433 4335 1617 4400 δόξαν,
1647 4336 1713 4387 ἐκ
1736 4335 1862 4387 τοῦ·

238 4442 356 4477 των
393 4427 838 4496 συμποδίζονται.
893 4429 1175 4500 Ἐρωτῶσι
1225 4430 1325 4498 μὲν
1371 4432 1481 4500 γὰρ
1513 4430 1587 4492 ὡς
1645 4429 1862 4493 ἀξιόπι-

243 4534 374 4571 στον
407 4521 502 4572 τὸν
540 4521 820 4593 Ἰωάννην,
851 4523 938 4576 ἵνα
969 4525 1066 4591 τῆς
1100 4527 1178 4585 εἰς
1215 4524 1455 4594 Χριστὸν
1482 4524 1742 4585 ἀπιστίας
1763 4524 1866 4591 τὴν

1957 3315 2081 3384 quis
2109 3313 2205 3366 es?
2227 3333 2244 3362 ι
2277 3309 2588 3364 Vcrumille
2608 3309 2825 3378 cognita
2847 3325 3039 3362 eorum
3075 3307 3438 3376 malignitate.
3469 3324 3576 3361 non

1961 3409 2091 3459 dicit
2125 3405 2249 3474 quis
2280 3408 2373 3468 sil,
2400 3405 2493 3456 sed
2521 3404 2841 3466 conﬁtetur,
2875 3419 2892 3451 t
2922 3401 3040 3453 Non
3074 3418 3193 3453 sum
3216 3400 3470 3452 Christus
3506 3414 3518 3448 τ
3557 3421 3574 3448 i

1969 3504 2035 3554 ad
2067 3517 2294 3566 scopum
2348 3501 2538 3565 utique
2575 3497 2790 3549 illorum
2841 3497 3166 3565 respiciens,
3212 3507 3264 3547 ct
3299 3497 3582 3562 undequa-

1961 3609 2068 3661 que
2101 3592 2222 3645 illos
2273 3591 2340 3643 ad
2406 3590 2741 3643 credendum
2802 3589 3074 3647 allii-iens.
3123 3591 3268 3657 quod
3326 3591 3465 3642 alius
3511 3593 3584 3642 sit

1963 3687 2247 3747 Christus,
2277 3699 2438 3750 quem
2472 3682 2572 3749 ipsi
2611 3690 2809 3751 putant
2859 3682 3039 3746 vilem;
3084 3691 3140 3734 et
3181 3698 3244 3734 ex
3283 3681 3372 3733 vili
3402 3692 3584 3750 patre,

1967 3780 2122 3830 labro
2157 3774 2437 3839 videlicet,
2476 3785 2530 3826 et
2562 3783 2878 3842 centenipta
2929 3773 3126 3842 patria,
3166 3789 3364 3842 nempe
3411 3773 3616 3826 Nam"

1970 3873 2114 3938 rcth,
2151 3887 2216 3924 ex
2267 3885 2374 3939 qua
2430 3868 2565 3922 nihil
2611 3871 2734 3922 boni
2769 3884 2891 3921 esse
2931 3868 3253 3922 credebant.
3305 3869 3469 3938 Atqui
3520 3872 3588 3923 de

1968 3965 2322 4020 Pl‘iI'ClII'SOI'e
2367 3965 2488 4032 ipso
2523 3977 2777 4031 magnam
2822 3961 3100 4014 habebant
3143 3961 3489 4030 opiuitiuem,
3521 3981 3588 4016 eo

1967 4059 2114 4130 quod
2165 4068 2329 4112 natus
2360 4065 2482 4110 erat
2533 4072 2599 4111 ex
2651 4065 2806 4124 patre
2847 4055 3196 4110 sacerdotum
3234 4058 3504 4126 principe,
3538 4072 3592 4110 et

1973 4155 2138 4205 \itam
2173 4150 2476 4220 angelicam
2509 4160 2565 4203 et
2595 4148 2753 4216 quasi
2788 4151 3035 4200 materia:
3065 4158 3348 4216 cXperteni
3380 4161 3588 4220 ageret.

1975 4245 2134 4302 Unde
2163 4245 2308 4312 juste
2341 4243 2707 4306 admiramur,
2740 4246 3017 4312 quomodo
3059 4257 3156 4310 per
3204 4243 3291 4294 illa
3346 4244 3460 4312 ipsa
3496 4257 3594 4313 per

1974 4354 2097 4408 qme
2142 4338 2216 4390 illi
2260 4337 2450 4407 gIOrizn
2498 4333 2707 4388 Christi
2745 4335 3027 4386 nocituros
3073 4350 3131 4386 se
3164 4337 3450 4403 putabant,
3485 4336 3590 4390 im~

1977 4431 2298 4500 pediunlur.
2335 4427 2470 4480 Nam
2508 4426 2928 4494 interrogabant
2955 4428 3174 4495 quidem
3205 4425 3500 4491 Joannem,
3538 4443 3592 4478 tu

1980 4524 2085 4578 lidt:
2120 4524 2369 4592 dignum,
2407 4537 2520 4592 quo
2555 4520 2934 4575 testimonium
2972 4521 3122 4573 illius
3188 4537 3299 4575 sua:
3355 4522 3405 4573 in
3439 4523 3568 4575 Chii

245 4616 458 4668 ἐκείνου
487 4620 797 4688 μαρτυρίαν
823 4616 1081 4672 ὑπόθεσιν
1107 4619 1330 4690 ἔχωσιν,
1359 4618 1520 4688 εἴπερ
1556 4619 1631 4688 μὴ
1665 4621 1846 4688 ὁμολο-

1973 4630 2118 4673 stmn
2149 4617 2522 4672 incredulitati
2551 4623 2881 4684 prmtexant,
2913 4617 2958 4669 si
2991 4615 3213 4682 quidem
3240 4631 3349 4668 non
3379 4618 3600 4671 confes-

245 4713 392 4782 γήσῃ
444 4714 608 4766 αὑτὸν
660 4714 935 4784 Χριστόν·
987 4715 1049 4767 τὸ
1080 4715 1137 4768 δὲ
1175 4718 1256 4779 εἰς
1321 4716 1637 4767 τούναντίον
1665 4732 1860 4784 περιε-

244 4808 432 4876 τράπη
482 4807 690 4870 αὐτοῖς.
727 4808 928 4862 Τοῦτον
958 4813 1087 4878 γάρ,
1123 4810 1182 4863 ὃν
1211 4806 1358 4882 εἶχον
1389 4810 1734 4876 ἀξιόπιστον,
1779 4809 1870 4862 εὑ-

251 4903 503 4970 ρίσκουσι
532 4903 921 4974 μαρτυροῦντα
953 4906 1084 4975 περὶ⁵
1110 4903 1375 4975 Χριστοῦ,
1409 4905 1506 4957 καὶ
1530 4903 1605 4976 μὴ
1631 4906 1709 4967 είς
1738 4904 1870 4956 ἐαυ-

249 4997 340 5047 τὸν
381 4998 612 5050 ἕλκοντα
633 4998 733 5068 τὴν
755 5001 949 5070 τιμήν.

325 5202 344 5234 ‹
388 5182 809 5255 Καὶηρώτησαν
835 5183 1000 5236 αὐτόν
1023 5200 1035 5212 ·
1066 5183 1132 5236 Τί
1167 5176 1261 5235 οῦν
1285 5199 1300 5248 ;
1335 5181 1528 5244 Ἠλίας
1555 5175 1606 5233 εἴ
1634 5180 1731 5246 oti;
1759 5180 1872 5234 Καὶ

247 5279 437 5346 λέγει’
472 5279 588 5330 Οὐκ
619 5277 760 5347 εἰμί.
823 5277 882 5330 Ὀ
915 5279 1210 5347 προφήτης
1245 5271 1297 5327 εἴ
1328 5277 1434 5339 σῦς
1495 5276 1605 5328 Καὶ
1633 5275 1872 5341 ἀπεκρί-

250 5376 320 5444 Οη
345 5392 357 5404 ο
393 5372 492 5428 Οὔ.
531 5369 696 5425 Εἶπον
730 5371 826 5425 οῦν
859 5371 1010 5440 αὑτῴ
1031 5388 1043 5401 ο
1078 5371 1174 5434 Τίς
1199 5367 1270 5433 εἴ,
1326 5372 1414 5422 ἵνα
1445 5370 1744 5438 ἀπόκρισιν
1763 5367 1874 5420 δῶ-

253 5487 358 5538 μ.εν
388 5471 505 5531 τοῖς
542 5467 828 5537 πέμψασιν
864 5469 1054 5537 ήμᾶς;
1088 5468 1154 5519 Τί
1187 5467 1366 5535 λέγεις
1420 5467 1552 5535 περὶ
1588 5464 1822 5518 σεαυτοῦ
1853 5483 1868 5529 ;

252 5563 402 5631 Ἔφη
424 5576 437 5590 ⁸
490 5560 631 5630 Ἐγὼ
658 5561 814 5630 φωνὴ
843 5560 1076 5630 βοῶντος
1110 5564 1169 5612 ἐν
1198 5563 1267 5631 τῇ
1320 5560 1518 5629 ἐρήμῳ
1540 5575 1552 5586 ·
1590 5558 1868 5611 Εὐθύνατε

247 5656 351 5728 τὴν
374 5657 494 5710 ὁδὸν
528 5657 760 5729 Κυρίου,
793 5655 980 5719 καθὼς
1004 5652 1162 5709 εἶπεν
1195 5654 1422 5719 Ἡσαΐας
1449 5656 1478 5706 6
1510 5655 1861 5723 προφήτης.»

252 5751 360 5801 Τὸν
411 5747 600 5802 Ἠλίαν
644 5750 998 5819 προσεδόκων
1050 5749 1228 5818 ἥξειν,
1292 5749 1501 5818 ἀρχαία
1559 5748 1866 5818 παραδόσει

252 5842 572 5914 πειθόμενοι
594 5861 607 5873 ·
640 5843 721 5896 διὸ
743 5844 1023 5913 ἐρωτῶσιν
1051 5845 1218 5897 αὑτὸν
1248 5845 1297 5898 εί
1325 5843 1474 5896 ἐστιν
1510 5842 1698 5903 Ἠλίας
1726 5857 1738 5870 ⁸
1775 5842 1871 5894 καὶ

255 5938 367 6010 γάρ
389 5956 471 5992 τοι
506 5938 602 5993 καὶ
631 5940 660 5992 6
693 5940 808 6010 βίος
847 5939 1012 5994 αὑτοῦ
1047 5937 1212 6009 ἐῴκει
1243 5937 1324 6010 τῷ
1353 5936 1448 5992 τοῦ
1492 5935 1702 5990 Ἡλιού.
1748 5937 1873 6006 ’Δρ-

1973 4728 2067 4766 sus
2115 4709 2309 4763 fuisset
2345 4708 2499 4761 illum
2548 4707 2859 4762 Christum.
2927 4706 3122 4761 Verum
3176 4725 3339 4762 secus
3387 4711 3598 4773 evenit,

1973 4813 2022 4856 et
2055 4811 2246 4855 contra
2281 4813 2376 4853 eos
2403 4799 2783 4852 testiinonium
2815 4815 3036 4852 versum
3068 4811 3172 4852 est.
3204 4799 3419 4852 Etenim
3446 4815 3595 4863 eum,

1973 4910 2135 4963 quem
2165 4910 2263 4961 pro
2292 4891 2437 4945 ﬁdeli
2493 4890 2794 4953 habebant,
2863 4891 3151 4944 inveniunt
3203 4891 3469 4960 prazt‘lara
3520 4905 3598 4945 tc-

1974 4989 2108 5043 stari
2152 4988 2216 5040 de
2274 4986 2517 5049 Christo,
2585 4995 2640 5038 et
2679 5002 2785 5039 non
2838 4985 2939 5038 sibi
2976 4985 3080 5053 ipsi
3143 4989 3410 5039 honorem
3444 5001 3601 5050 arro-

1976 5098 2129 5152 gare.

2054 5176 2218 5230 Vens.
2272 5177 2470 5230 21-25.
2528 5194 2546 5225 ι
2611 5175 2676 5228 Et.
2715 5177 3198 5243 interrogaverunt
3252 5192 3376 5230 eum
3418 5177 3600 5243 :Quitl

1977 5273 2156 5343 ergo?
2190 5273 2333 5325 Elias
2367 5288 2427 5325 c3
2474 5271 2568 5322 tu?
2599 5269 2662 5323 Et
2696 5271 2830 5322 dicit
2863 5288 2876 5322 :
2919 5271 3036 5321 Non
3081 5286 3224 5323 sum.
3273 5270 3343 5323 Es
3385 5283 3438 5323 tu
3476 5287 3604 5340 pro-

1979 5370 2142 5435 pheta
2174 5364 2311 5419 ille?
2356 5364 2421 5418 Et
2457 5365 2739 5432 respondit
2777 5383 2788 5417 :
2830 5363 2972 5417 Non.
3023 5364 3293 5417 Dixerunt
3337 5379 3468 5432 ergo
3509 5366 3554 5417 ei
3586 5382 3600 5417 :

1978 5462 2116 5527 Qtiis
2155 5477 2237 5520 es.
2282 5469 2343 5513 nt
2380 5475 2708 5527 responsum
2764 5459 2958 5511 demus
3008 5460 3114 5518 his.
3162 5460 3253 5527 qui
3303 5476 3402 5513 nos
3437 5461 3605 5514 misc-

1985 5554 2149 5607 rnnt?
2175 5554 2313 5621 Quid
2342 5554 2482 5608 dicis
2505 5557 2569 5605 de
2594 5562 2644 5606 le
2684 5552 2846 5622 ipso?
2874 5555 2963 5605 Ait
2991 5573 3001 5606 :
3042 5553 3151 5623 Ego
3183 5571 3282 5608 vox
3309 5556 3603 5609 clamantis

1983 5650 2039 5703 in
2072 5651 2291 5702 deserto
2329 5664 2343 5700 :
2374 5647 2602 5715 Dirigitc
2643 5649 2784 5699 viam
2821 5648 3058 5712 Domini,
3093 5651 3235 5703 sicut
3269 5649 3406 5702 dixit
3436 5649 3607 5703 Isaias

1985 5743 2279 5809 propheta.
2325 5761 2343 5793 ι
2403 5742 2575 5794 Eliam
2627 5743 3025 5797 existimabant
3085 5755 3376 5798 venturum
3434 5745 3602 5798 veli-ri

1989 5839 2283 5892 traditione
2318 5838 2570 5908 persuasi
2604 5854 2618 5891 :
2657 5841 2798 5892 unde
2834 5851 3094 5906 qmnrunt
3142 5855 3269 5892 num
3312 5840 3385 5892 sit
3435 5839 3604 5898 Elias.

1987 5950 2052 5991 eo
2083 5934 2228 6005 quod
2259 5943 2315 5989 ct
2358 5932 2465 5987 Vita
2497 5932 2619 6002 ejus
2672 5932 2870 5986 similis
2901 5942 3018 5987 erat
3057 5932 3181 5988 vita:
3228 5931 3380 5989 Elim.
3428 5931 3606 6002 Negat
