4218 6424
729 408 858 471 i161

1609 407 2188 468 TIIEOP]1YI.ACT[
2239 405 2646 466 BULGARIE
2688 404 3044 465 ARCITIEP.

3851 406 3993 474 1158

726 523 885 586 igitur
919 528 972 572 et
1021 521 1138 574 hoc.
1178 539 1193 570 ι
1238 519 1500 588 Propheta
1560 519 1654 571 ille
1698 534 1756 572 es
1783 519 1881 572 tu?
1922 537 1940 568 ι
1981 515 2150 587 Negat
2196 518 2294 572 hoc

2401 521 2570 569 νεῖται
2598 512 2689 570 οῦν
2711 520 2804 570 καὶ
2833 518 3010 571 τοῦτο.
3051 537 3070 568 ι
3117 515 3176 570 Ὀ
3228 518 3516 589 προφήτης
3559 513 3609 571 εἷ
3641 517 3742 584 at};
3780 540 3798 570 ι
3867 523 4004 592 ’Λρ-

721 618 908 670 etiam.
953 614 1162 666 tametsi
1209 613 1468 681 propheta
1519 622 1684 666 esset.
1737 612 1799 664 Et
1829 610 2097 679 quomodo
2133 610 2297 677 igitur

726 708 927 777 negat?
959 706 1276 772 Quomodo?
1309 706 1444 771 Quia
1497 721 1600 760 non
1635 707 2108 774 interrogaverunt
2150 718 2297 765 eum,

726 801 989 867 Propheta
1041 796 1136 850 es?
1171 799 1262 851 sed
1295 817 1309 852 :
1351 816 1368 848 ι
1401 794 1668 866 Propheta
1715 795 1801 848 ille
1830 794 1927 847 es?
1969 813 1988 845 ι
2041 795 2180 848 facta
2216 794 2300 847 in-

726 889 1092 955 terrogatioue
1140 905 1262 942 cum
1303 889 1567 952 articulo,
1617 887 1718 940 hoc
1761 896 1864 950 est,
1901 886 2162 957 pr0pheta
2211 885 2298 938 ille

730 981 820 1047 qui
851 983 1291 1048 exspectabatur,
1323 981 1388 1034 de
1418 995 1526 1048 quo
1553 980 1689 1033 dixit
1715 977 1913 1044 Moses,
1946 976 2295 1046 «Prophetatu

722 1072 1007 1126 suscitauit
1047 1071 1198 1125 vobis
1250 1070 1506 1125 Dominus
1547 1072 1686 1125 Deus
1736 1072 1804 1124 “.
1863 1089 1882 1123 ›
1916 1070 2034 1125 Non
2082 1070 2299 1140 negavit

724 1167 904 1231 itaque
940 1160 1270 1232 Joannes,se
1301 1163 1622 1232 prophetam
1655 1177 1775 1218 esse
1801 1204 1814 1226 ,
1849 1163 1940 1216 sed
1975 1163 2295 1232 prophetam

722 1255 878 1324 521
939 1253 1088 1307 illttm
1116 1294 1133 1322 ,
1171 1254 1261 1322 qui
1299 1254 1741 1322 exspectabatur.
1779 1253 1913 1319 Quia
1965 1254 2111 1308 enim
2140 1253 2296 1308 audi-

721 1360 874 1402 rrant
901 1346 1082 1401 Mosen
1113 1348 1378 1401 diecntem
1403 1347 1719 1417 prophetam
1743 1349 2135 1412 suscitandum,
2169 1363 2295 1416 spe-

725 1442 915 1495 rabant
959 1449 1178 1508 propter
1208 1439 1526 1492 occasiones
1563 1440 1819 1507 quasdam
1859 1439 2000 1492 hunc
2053 1440 2292 1493 futurum

723 1533 868 1584 illum
902 1530 1237 1598 prophetam.
1297 1525 1499 1580 Deinde
1529 1527 1722 1579 iterum
1756 1528 1978 1590 instant,
2017 1546 2034 1578 ι
2076 1526 2170 1581 Dic
2201 1541 2296 1581 n0-

721 1625 803 1676 bis
829 1622 952 1689 qttis
985 1621 1089 1674 es?
1127 1637 1144 1669 ι
1177 1618 1332 1673 Tunc
1369 1620 1646 1688 respondit
1676 1620 1757 1674 eis
1797 1637 1808 1671 :
1849 1639 1866 1670 ι
1905 1620 2016 1689 Ego
2051 1635 2148 1673 vox
2185 1620 2294 1672 ela-

721 1715 919 1767 tuantis
955 1713 1004 1764 in
1039 1711 1276 1765 deserto.
1310 1730 1329 1762 ι
1364 1710 1497 1782 Ego,
1523 1712 1719 1780 inquit,
1745 1726 1887 1775 sum,
1926 1713 1990 1766 de
2023 1727 2131 1780 quo
2155 1713 2293 1766 scri-

721 1816 867 1874 ptum
902 1816 981 1857 cst
1011 1821 1023 1857 :
1067 1822 1082 1854 ι
1129 1803 1239 1857 V'ox
1271 1803 1556 1858 clamantis
1579 1804 1632 1857 in
1664 1803 1900 1857 deserto.
1937 1823 1955 1855 ι
1993 1802 2107 1857 Nisi
2149 1803 2293 1856 enim

2403 612 2572 662 νεῖται
2607 613 2701 662 καὶ
2729 609 2908 674 τοῦτο,
2961 614 3139 663 καίτοι
3171 627 3234 679 γε
3290 611 3575 680 προφήτης
3602 607 3690 682 ἦν.
3724 611 3850 673 Πῶς
3901 612 4005 667 οὖν

2402 689 2677 772 ἀρνεῖταις
2706 703 2868 764 Πῶς;
2894 703 3016 755 Ὅτι
3040 703 3139 754 οὐκ
3167 703 3460 771 ἠρώτησαν
3479 703 3662 759 αὑτὸν.
3691 705 4004 774 Προφήτης

2403 790 2450 845 εί
2487 794 2586 859 σύ;
2626 794 2762 859 ἀλλ’,
2806 813 2823 844 ι
2866 794 2926 848 Ὀ
2958 795 3242 863 προφήτης
3291 792 3378 856 εί;
3415 814 3434 846 ι
3473 798 3611 864 μετὰ
3641 797 3759 856 τοῦ,
3798 817 3815 846 ι
3852 799 3882 849 6
3913 838 3928 857 ,
3976 817 3998 848 ι

2401 886 2607 958 ἄρθρου
2637 886 2997 956 ποιησάμενοι
3029 885 3128 956 τὴν
3153 885 3446 956 ἐρώτησιν,
3477 887 3599 939 ἀντὶ
3633 887 3745 948 τοῦ,
3781 886 4000 950 ἐκεῖνος

2401 980 2430 1031 6
2459 979 2742 1048 προφήτης
2772 980 2798 1030 6
2841 977 3315 1046 προσδοκώμενος,
3368 978 3426 1030 δν
3466 976 3586 1031 εἷπε
3629 982 3860 1049 Μωσῆς,
3915 984 4000 1034 ὅτι

2408 1088 2427 1122 ι
2459 1070 2756 1139 Προφήτην
2784 1068 2913 1138 ὑμῖν
2962 1070 3259 1137 ἀναστήσει
3294 1070 3496 1138 Κύριος
3524 1071 3553 1121 6
3587 1071 3742 1133 Θεός.
3787 1091 3805 1122 ι
3878 1074 4001 1124 03x

2399 1157 2672 1232 ἠρνήσατο
2722 1156 2816 1214 οῦν
2843 1163 2870 1213 6
2934 1161 3189 1231 Ἰωάννης
3219 1161 3280 1213 τὸ
3325 1163 3613 1232 προφήτης
3659 1160 3822 1221 εἶναι,
3857 1165 4002 1216 ἀλλὰ

2400 1254 2482 1318 τὸ,
2545 1273 2566 1306 ι
2615 1257 2643 1307 6
2697 1255 3019 1326 προφήτης,
3060 1271 3078 1302 ι
3161 1255 3370 1315 ἐκεῖνος
3421 1256 3450 1307 6
3509 1255 3998 1325 προσδοκώμενος.

2412 1347 2566 1400 Ἐπεὶ
2595 1347 2704 1419 γὰρ
2730 1348 2968 1418 ἥκουσαν
2994 1346 3244 1408 Μωσέως
3274 1347 3545 1410 είπόντος,
3581 1351 3664 1401 ὅτι
3700 1352 4001 1419 προφήτης

2397 1439 2784 1509 ἀναστήσεται,
2803 1437 3030 1509 ἤλπιζον
3058 1439 3201 1491 κατά
3223 1456 3374 1502 τινας
3403 1441 3632 1509 καιροὺς
3661 1443 4003 1509 γενήσεσθαι

2397 1531 2587 1582 τοῦτον
2616 1531 2710 1582 τὸν
2740 1530 3050 1600 προφήτην.
3078 1525 3211 1582 Εἶτα
3242 1530 3403 1581 πάλιν
3457 1531 3764 1582 ἐπίκεινται
3794 1547 3808 1561 ο
3855 1531 3998 1585 Birt}.

2397 1618 2490 1674 οῦν
2523 1624 2674 1691 ἡμῖν,
2709 1623 2790 1682 τίς
2825 1618 2908 1684 si;
2946 1620 3079 1672 Τότε
3110 1620 3469 1689 ἀποκρίνεται
3513 1622 3730 1683 αὐτοῖς·
3783 1640 3802 1671 ι
3853 1616 4004 1688 Ἐγὼ

2387 1708 2552 1784 φωνὴ
2607 1713 2837 1785 βοῶντος
2869 1715 2928 1764 ἐν
2955 1714 3021 1782 τῇ
3051 1713 3266 1782 ἐρήμῳ.
3305 1731 3324 1763 ι
3387 1711 3530 1779 Ἐγὼ
3556 1752 3570 1774 ,
3622 1715 3819 1782 φησὶν,
3855 1716 4000 1779 εἰμὶ,

2401 1807 2528 1874 περὶ
2555 1801 2615 1861 οὗ
2648 1806 2997 1875 γέγραπται·
3033 1823 3049 1854 ι
3089 1804 3246 1874 Φωνὴ
3277 1802 3508 1872 βοῶντος
3537 1805 3596 1855 ἐν
3626 1806 3692 1874 τῇ
3724 1807 3948 1875 ἐρήμῳ.
3979 1827 3995 1856 ι

721 1899 985 1969 adieceris
1011 1940 1024 1961 ,
1050 1917 1068 1949 ι
1094 1899 1159 1951 de
1192 1911 1299 1965 quo
1329 1897 1588 1964 scriptum
1617 1903 1721 1957 est,
1745 1913 1762 1945 ι
1789 1894 2020 1949 absurda
2049 1897 2294 1962 quzedam

2400 1898 2572 1969 Είμὴ
2621 1898 2729 1966 γὰρ
2759 1873 3104 1966 προσθήσεις
3133 1873 3276 1954 τὸς(
3318 1896 3444 1964 περὶ
3496 1888 3556 1950 οὗ
3587 1873 3933 1966 γέγραπται,
3976 1917 3999 1949 ι

720 1994 994 2045 videretur
1040 1989 1306 2044 sermonis
1357 1988 1720 2042 constructio.
1770 1985 1906 2052 Quid
1957 1997 2138 2040 autem
2186 1988 2298 2040 ela-

720 2081 963 2137 mantis?
1004 2099 1020 2130 ι
1069 2079 1292 2149 Dirigite
1323 2078 1460 2131 viam
1497 2077 1731 2132 Domini.
1773 2096 1796 2128 ι
1833 2076 2055 2139 Servus,
2098 2076 2294 2146 inquit,

719 2192 860 2238 sum,
882 2185 934 2227 et
967 2173 1076 2226 vias
1103 2186 1346 2241 prmparo
1372 2169 1626 2232 Domino,
1650 2169 1808 2222 corda
1839 2179 2035 2222 vestra.
2067 2167 2298 2223 Proinde

719 2268 805 2320 illa
867 2267 1026 2320 facile
1078 2277 1246 2326 recta,
1283 2263 1452 2318 dolosi
1499 2277 1596 2316 vos
1645 2271 1698 2315 et
1745 2260 1968 2330 obliqui,
2020 2270 2073 2314 et
2134 2261 2292 2314 facite

718 2373 891 2427 :cqtta,
927 2358 999 2410 ita
1036 2365 1092 2408 ut
1126 2355 1388 2407 Dominus
1421 2353 1669 2405 Christus
1704 2364 1799 2419 per
1837 2365 1929 2404 vos
1965 2349 2068 2403 iter
2114 2347 2293 2402 faciat.

721 2453 850 2507 Post
896 2452 1010 2505 lucc
1055 2448 1258 2502 inducit
1293 2447 1487 2500 Isaiam
1523 2455 1733 2499 testem.
1770 2443 1900 2497 Nam
1926 2458 2048 2496 cum
2091 2443 2298 2511 magni-

720 2549 816 2598 tira
862 2545 1089 2597 dixisset
1125 2543 1187 2593 de
1236 2538 1454 2593 Christo
1499 2537 1640 2606 quod
1689 2537 1948 2590 Dominus
1988 2545 2153 2602 esset,
2185 2536 2298 2605 ipse

719 2653 846 2690 vero
875 2633 1016 2688 serti
1063 2646 1115 2686 et
1161 2632 1428 2702 praeconis
1475 2631 1810 2700 suscepisset
1847 2645 2004 2699 opus,
2055 2629 2297 2700 confugit

720 2733 782 2781 ad
816 2728 1152 2797 prophetam.
1187 2724 1456 2779 Fortassis
1489 2734 1666 2776 autem
1697 2722 1816 2790 quis
1866 2725 1945 2778 sic
1962 2723 2300 2792 exposuerit,

726 2843 741 2873 ι
779 2823 888 2892 Ego
920 2835 1018 2872 vox
1057 2817 1364 2880 clamantis,
1399 2834 1415 2866 ι
1457 2817 1557 2869 hoc
1588 2824 1668 2868 est
1691 2833 1704 2868 :
1728 2814 1836 2882 Ego
1873 2831 1988 2868 sum
2024 2831 2122 2867 vox
2144 2813 2301 2868 Chri-

722 2916 785 2968 sti
837 2911 1144 2976 clamantis,
1194 2908 1242 2962 id
1296 2917 1398 2971 est,
1430 2908 1711 2961 veritatem
1764 2906 2046 2960 manifeste
2092 2922 2301 2959 aunun~

721 3008 922 3060 tiantis.
960 3005 1160 3059 Omnes
1193 3003 1334 3054 enim
1369 3001 1458 3070 qui
1505 3002 1555 3052 in
1587 3002 1700 3068 lege
1735 3012 1910 3064 erant,
1947 3000 2212 3053 submisse
2246 3009 2299 3051 et

718 3099 992 3152 humiliter
1026 3095 1311 3159 sonabant,
1340 3103 1525 3162 utpote
1552 3093 1640 3161 qui
1677 3092 1910 3145 nondum
1937 3098 2298 3159 pervenerant

717 3195 780 3244 ad
819 3201 1028 3258 tempus
1064 3187 1398 3258 Evangelicze
1440 3185 1703 3238 veritatis.
1753 3184 1818 3238 Et
1868 3188 1979 3240 lucc
2018 3199 2147 3239 sane
2178 3194 2295 3239 erat

716 3285 863 3337 vocis
913 3284 1117 3336 ruditas
1169 3283 1220 3335 in
1271 3279 1436 3342 Mose,
1494 3282 1618 3349 quia
1670 3278 1752 3332 lev
1800 3281 2029 3333 obscura
2067 3288 2205 3342 erat,
2241 3287 2294 3331 ct

719 3391 823 3430 non
860 3373 1440 3428 manifesta.Cln-istus
1465 3382 1643 3425 autem
1679 3387 1797 3424 cunt
1831 3372 1901 3425 sit
1934 3373 2132 3424 veritas
2157 3371 2291 3440 ipsa,

717 3478 768 3521 ct
804 3467 1092 3520 annuntiet
1131 3467 1286 3519 nobis
1320 3465 1498 3518 omnia
1537 3479 1656 3533 qua:
1691 3463 1886 3523 Patris,
1919 3463 2161 3516 clamans
2189 3472 2292 3516 est.

715 3561 843 3614 Ideo
871 3557 1108 3614 Joannes
1139 3557 1266 3609 dicit
1297 3571 1308 3601 :
1365 3556 1475 3623 Ego
1498 3571 1613 3609 sum
1646 3569 1746 3606 vox
1787 3553 1948 3607 Verbi
1986 3552 2293 3621 clamantis,

717 3663 940 3702 versans
973 3648 1023 3700 in
1066 3648 1300 3701 deserto.
1368 3645 1569 3701 Deinde
1628 3646 1871 3713 sequitur
1903 3642 2043 3696 aliud
2096 3642 2297 3711 princi-

719 3743 892 3809 pium,
937 3757 954 3789 ι
998 3738 1221 3808 Dirigite
1260 3738 1401 3791 viam
1437 3736 1669 3790 Domini.
1714 3754 1731 3786 ι
1771 3734 1961 3788 Merito
1995 3743 2172 3786 autem
2213 3734 2295 3787 (ιί-

714 3834 854 3885 οῐιιιτ
880 3829 1115 3886 Joannes
1147 3846 1270 3892 vox,
1302 3843 1364 3883 eo
1401 3831 1541 3898 quod
1571 3827 1882 3882 Prmcursor
1913 3839 2029 3881 erat
2063 3825 2291 3890 Christi,

715 3926 851 3977 sicut
892 3933 945 3975 ct
981 3937 1080 3975 vox
1127 3920 1351 3974 verbum
1387 3901 1689 3990 prmcurrit.
1729 3919 1793 3971 Et
1848 3928 1910 3972 ut
1955 3919 2295 3972 manifestius

714 4018 888 4070 dicam
916 4033 928 4069 :
957 4013 1071 4069 Vox
1121 4015 1334 4084 quidem
1374 4022 1454 4068 est
1487 4013 1711 4083 spiritus
1755 4010 2153 4074 inarticuiatns,
2203 4010 2292 4079 qui

713 4123 740 4158 a
773 4116 988 4176 pectore
1017 4107 1294 4175 egreditur
1329 4123 1342 4160 :
1377 4105 1596 4174 quando
1637 4115 1813 4158 autem
1863 4104 2042 4173 lingua
2093 4112 2298 4156 articu-

712 4203 874 4263 lator,
933 4210 1056 4252 tunc
1130 4199 1186 4251 lit
1243 4199 1487 4253 verbum.
1547 4197 1786 4251 Primum
1851 4196 2014 4265 igitur
2061 4211 2189 4260 vox,
2241 4203 2294 4250 et

711 4293 906 4346 deinde
943 4293 1186 4345 verbum.
1226 4290 1380 4344 Prior
1418 4289 1675 4356 Joannes,
1714 4299 1767 4344 et
1811 4288 2008 4343 deinde
2042 4287 2292 4343 Christus

713 4382 1009 4436 sccmtdum
1046 4382 1333 4434 adventum
1371 4383 1422 4435 in
1460 4397 1641 4435 carne.
1677 4381 1742 4434 Et
1772 4381 2042 4447 baptisma
2072 4380 2289 4448 quidem

712 4471 936 4526 Joannis
984 4487 1090 4524 non
1140 4483 1254 4524 erat
1303 4473 1646 4526 articulatum
1683 4485 1696 4528 :
1733 4488 1837 4524 non
1862 4472 2002 4526 enim
2041 4470 2201 4524 ﬁebat
2236 4471 2287 4524 in

2398 1992 2594 2053 ἁτοπός
2627 2008 2707 2052 τις
2744 1990 2995 2056 φαίνεται
3050 1990 3081 2058 ἠ
3138 1988 3235 2041 τοῦ
3285 1988 3445 2056 λόγου
3501 1988 3784 2052 σύνταξις.
3824 1990 3890 2041 Τί
3944 1990 4002 2042 δὲ
4071 1975 4079 1984 ’

2399 2081 2659 2152 βοῶντοςς
2709 2101 2726 2132 ι
2762 2080 3032 2138 Εὐθύνατε
3055 2083 3153 2150 τὴν
3176 2080 3293 2133 ὁδὸν
3319 2079 3543 2150 Κυρίου.
3583 2099 3602 2132 ι
3635 2081 3862 2144 Δοῦλος,
3899 2098 4002 2149 φη-

2399 2174 2505 2237 σὶν,
2562 2175 2698 2242 ειμι,
2757 2173 2850 2225 καὶ
2887 2171 3232 2241 προοδοποιῶ
3267 2170 3346 2240 τῷ
3385 2171 3576 2242 Κυρίῳ
3623 2172 3725 2235 τὰς
3758 2174 3998 2244 καρδίας

2399 2265 2571 2336 ὑμῶν.
2613 2265 2886 2318 Εὐθύνατε
2916 2259 3010 2318 οὖν
3057 2265 3284 2327 ταύτας,
3317 2265 3365 2317 oi
3399 2264 3607 2317 σκολιοὶ
3657 2267 3755 2318 καὶ
3807 2267 3998 2329 δόλιοι,

2397 2354 2492 2406 κ’ιὶ
2519 2353 2838 2420 όμαλίσατε,
2869 2352 3008 2405 ὥστε
3032 2353 3148 2405 ὁδὸν
3180 2353 3433 2421 γενέσθαι
3464 2355 3540 2422 τῷ
3562 2357 3753 2426 Κυρίῳ
3776 2357 4001 2426 Χριστῷ

2397 2443 2465 2498 δι’
2491 2444 2665 2512 ὑμῶν.
2700 2440 2832 2498 Εἶτα
2853 2447 3132 2514 ἐπεισάγει
3155 2446 3248 2498 τὸν
3299 2444 3536 2499 Ἡσαΐαν
3571 2449 3854 2518 μάρτυρα.
3889 2451 3998 2502 Ms-

2399 2537 2541 2606 γάλα
2572 2537 2680 2606 γὰρ
2709 2536 2881 2589 είπὼν
2914 2539 3045 2610 περὶ
3070 2537 3164 2592 τοῦ
3199 2537 3464 2608 Χριστοῦ,
3497 2541 3578 2593 ὅτι
3611 2541 3824 2611 Κύριός
3850 2544 3995 2602 ὲεττ.

2401 2628 2491 2680 καὶ
2522 2629 2597 2680 ὅτι
2633 2627 2795 2692 αὐτὸς
2827 2628 3016 2682 δούλου
3045 2630 3141 2683 καὶ
3185 2632 3428 2700 κήρυκος
3459 2631 3622 2701 ἔργον
3665 2637 3994 2706 μεταχειρί-

2400 2719 2573 2785 ζεται,
2606 2720 2946 2790 καταφεύγει
2979 2721 3071 2774 ἐπὶ
3098 2723 3188 2775 τὸν
3224 2724 3532 2792 προφήτην.
3560 2725 3712 2793 Τάχα
3738 2727 3784 2778 δ’
3814 2728 3884 2779 ἄν
3917 2747 3999 2788 τις

2399 2812 2480 2877 τὸ,
2518 2831 2534 2862 ι
2581 2811 2724 2880 Ἐγὼ
2783 2813 2936 2883 φωνὴ
2975 2813 3233 2883 βοῶντος,
3273 2834 3290 2866 ι
3353 2815 3526 2878 οὕτως
3577 2819 3998 2885 ἑρμηνεύσειεν,

2400 2903 2482 2955 ὅτι
2508 2901 2650 2970 Ἐγώ
2705 2903 2822 2971 εἰμι
2858 2903 3009 2973 φωνὴ
3037 2904 3130 2956 τοῦ
3182 2905 3419 2975 Χριστοῦ
3459 2906 3550 2960 τοῦ
3581 2908 3842 2977 βοῶντος,
3876 2928 4001 2964 του-

2399 2994 2570 3055 τέστι,
2617 2994 2711 3047 τοῦ
2742 2995 2839 3065 τὴν
2888 2995 3148 3065 ἀλήθειαν
3199 2999 3413 3068 τρανῶς
3445 2999 3881 3067 διαγγέλλοντος.
3935 3006 3998 3056 Ol

2402 3084 2504 3156 μὲν
2535 3084 2642 3155 γὰρ
2665 3084 2759 3137 τοῦ
2791 3086 2955 3153 νόμου
3007 3085 3210 3148 πάντες
3246 3088 3588 3156 ίσχνὸφωνοι,
3619 3083 3708 3142 οἷα
3759 3093 3838 3160 μὴ
3897 3093 3996 3163 τῆς

2399 3169 2655 3241 ἀληθείας
2688 3171 2780 3223 τοῦ
2817 3171 3147 3240 Εὑαγγελίου
3185 3176 3375 3246 καιρὸν
3406 3177 3671 3246 ἐχούσης·
3710 3182 4001 3236 καὶτοῦτο

2397 3259 2464 3331 ἦν
2502 3265 2608 3333 ἄρα
2638 3262 2695 3314 τὸ
2730 3263 3058 3333 ἰσχνόφωνον
3113 3264 3209 3316 τοῦ
3269 3267 3534 3330 Μωσέως,
3575 3271 3633 3322 τὺ
3683 3272 3780 3324 τοῦ
3819 3273 4018 3340 νόμου”

2399 3355 2715 3425 ἁτράνωτον
2745 3358 2838 3408 καὶ
2888 3355 3120 3424 ἀσαφές.
3173 3358 3234 3409 '0
3269 3358 3326 3411 δὲ
3355 3361 3590 3430 Χριστὸς
3618 3357 3707 3415 οἷα
3738 3366 3804 3434 δὴ
3841 3369 4001 3418 αὖτο-

2399 3445 2625 3515 αλήθεια
2651 3445 2748 3506 ὢν,
2791 3447 2882 3498 καὶ
2917 3446 3094 3499 πάντα
3129 3448 3262 3516 ἡμῖν
3292 3450 3638 3516 ἀπαγγείλας
3672 3454 3740 3503 τὰ
3760 3455 3854 3506 τοῦ
3892 3458 4000 3508 Πα-

2397 3538 2546 3608 τρὸς,
2583 3538 2721 3606 βοῶν
2751 3539 2918 3590 ἐστιν.
2965 3539 3022 3592 Ὀ
3060 3539 3241 3591 τοίνυν
3306 3542 3561 3613 Ἰωάννης
3606 3546 3810 3614 φησίν·
3860 3548 3998 3613 Ἐγὼ

2398 3633 2508 3701 εἰμι
2541 3635 2572 3703 ή
2620 3630 2774 3701 φωνὴ
2829 3630 2920 3683 τοῦ
2953 3632 3128 3698 Λόγου
3177 3632 3272 3684 τοῦ
3311 3633 3567 3700 βοῶντος,
3612 3636 3670 3686 ἐν
3701 3641 3769 3706 τῇ
3805 3641 3996 3707 ἐρήμη

2397 3724 2617 3792 διάγων.
2655 3722 2787 3778 Εἶτα
2820 3723 2916 3777 ἀπ’
2943 3725 3110 3797 ἄλλης
3141 3725 3317 3796 ἀρχῆς
3340 3741 3356 3756 °
3395 3745 3415 3778 ι
3452 3729 3728 3780 Εὐθύνατε
3760 3732 3858 3800 τὴν
3887 3733 4002 3784 ea?»

2396 3814 2487 3866 τοῦ
2523 3815 2747 3885 Κυρίου.
2797 3834 2813 3866 ι
2851 3814 3090 3878 Είχότως
3120 3815 3337 3882 λέγεται
3370 3817 3522 3888 φωνὴ
3551 3821 3577 3870 6
3619 3818 3904 3890 Ἰωάννης,
3925 3824 3997 3884 ὡς

2403 3908 2718 3978 Πρίδρομος
2743 3906 2817 3959 ὢν
2843 3908 2935 3959 τοῦ
2958 3906 3220 3978 Χριστοῦ,
3257 3907 3449 3980 ὥσπερ
3479 3913 3570 3962 καὶ
3606 3912 3638 3981 ή
3677 3913 3835 3983 ςω-ιη
3866 3931 3995 3982 προ·

2396 3998 2581 4067 τρέχει
2612 3996 2706 4047 τοῦ
2729 3997 2917 4062 λόγου’
2952 3992 3086 4058 οἷον,
3116 3997 3206 4050 ἵνα
3242 4000 3578 4068 σαφέστερον
3615 4005 3786 4065 εἴπω,
3845 4004 4000 4072 ςωνή

2400 4089 2500 4156 μέν
2521 4090 2669 4140 ἐστιν
2710 4087 2928 4156 πνεῦμα
2974 4089 3366 4159 ἀδιάρθρωτον,
3429 4091 3457 4142 ὅ
3496 4095 3560 4144 ἐκ
3599 4094 3693 4144 τοῦ
3747 4095 3995 4162 θώρακος

2397 4180 2596 4243 ἔξεισιν
2618 4197 2631 4210 ·
2665 4181 2794 4231 ὅταν
2843 4179 2897 4232 δὲ
2933 4181 3038 4232 ὑπὸ
3068 4181 3167 4250 τῆς
3199 4181 3448 4250 γλώττης
3497 4185 3842 4255 διαρθρωθῇ,
3875 4191 3998 4240 τότε

2395 4273 2604 4341 γίνεται
2650 4272 2826 4340 λόγος..
2871 4272 3098 4342 Πρῶτον
3142 4273 3236 4327 οῦν
3289 4277 3523 4346 ήφωνή,
3582 4275 3704 4330 εἶτα
3746 4281 3774 4330 6
3807 4280 3990 4346 λόγος·

2398 4365 2664 4435 πρότερος
2688 4365 2966 4434 Ἰωάννης,
3005 4363 3124 4416 εἶτα
3160 4367 3395 4437 Χριστὸς
3433 4369 3574 4421 κατὰ
3604 4369 3703 4439 τὴν
3732 4373 3793 4422 ἐν
3831 4374 3991 4441 σαρκὶ

2396 4455 2724 4524 παρουσίαν.
2791 4458 2900 4508 Καὶ
2949 4457 3009 4508 τὸ
3061 4457 3161 4522 μὲν
3208 4457 3304 4510 τοῦ
3372 4461 3620 4512 Ἰωάννου
3679 4461 3989 4532 βάπτισμα,

716 4565 920 4632 Spiritu
961 4581 972 4616 :
1003 4562 1200 4616 Christi
1234 4579 1359 4616 vero
1411 4563 1751 4618 :trtiCnIatum
1783 4574 1918 4616 erat.
1971 4561 2113 4614 Nihil
2144 4562 2286 4616 enim

2398 4546 2808 4617 ἀδιάρθρωτον
2845 4549 2907 4600 οὑ
2963 4549 3070 4618 γὰρ
3126 4544 3239 4620 εἷχε
3281 4551 3376 4615 τὸ,
3409 4570 3428 4602 ι
3475 4555 3534 4604 ἐν
3598 4553 3929 4621 Πνεύματι·
3970 4578 3986 4606 ι

712 4658 1028 4707 umbrarum
1069 4653 1150 4707 vel
1202 4655 1494 4722 ﬁgurarum
1527 4655 1860 4718 continebat,
1911 4653 2002 4706 sed
2049 4652 2212 4706 ﬁebat
2241 4654 2291 4706 in

713 4747 934 4814 Spiritu.

787 4838 1071 4902 Vma‘li,
1104 4839 1194 4891 9.3.
1244 4859 1259 4890 ι
1313 4839 1373 4892 lit
1419 4841 1505 4909 qui
1541 4841 1688 4892 missi
1741 4842 1986 4906 fuerant,
2021 4851 2177 4894 erant
2224 4856 2286 4894 ex

717 4930 1025 4992 Pharisa-is,
1059 4945 1108 4983 et
1142 4931 1607 4994 interrogaverunt
1653 4946 1773 4983 eum
1821 4946 1880 4981 ac
1917 4932 2169 4983 dixerunt
2203 4931 2286 4982 ei:

713 5027 820 5075 tlnr
862 5040 987 5093 ergo
1055 5023 1318 5090 baptizzts,
1369 5024 1412 5077 si
1462 5033 1514 5074 ttt
1561 5041 1664 5075 non
1697 5039 1754 5077 cs
1786 5022 2060 5087 Christus,
2113 5038 2287 5091 neque

719 5118 878 5179 Elius,
916 5132 1084 5185 neque
1114 5122 1369 5183 propheta
1416 5115 1550 5168 ille?
1585 5135 1599 5164 ι
1638 5115 1926 5180 Postquam
1978 5131 2074 5185 per
2106 5114 2289 5168 adula-

713 5212 910 5264 tionem
942 5225 1045 5261 non
1083 5220 1373 5273 potuerunt
1407 5224 1527 5262 eum
1566 5207 1630 5261 ad
1676 5224 1801 5261 stta‘;
1835 5218 2018 5276 partes
2049 5207 2286 5272 trahere,

713 5303 1077 5356 atrocioribus
1107 5312 1157 5355 et
1193 5302 1495 5354 minacibus
1528 5303 1704 5355 verbis
1736 5311 1962 5367 terrens,
1993 5311 2046 5353 ut
2085 5302 2292 5354 diceret

711 5399 851 5465 quod
901 5397 1170 5459 volebant,
1222 5404 1276 5447 et
1321 5395 1674 5447 conﬁteretur
1723 5409 1780 5446 se
1829 5407 1951 5448 esse
1987 5392 2288 5458 Christum,

708 5488 844 5552 Quid
873 5487 1032 5555 igitur
1065 5486 1304 5555 baptizas
1335 5485 1618 5539 idicetttes
1641 5503 1655 5546 ς
1680 5485 1810 5548 Quis
1854 5485 1942 5538 tibi
1981 5484 2118 5537 Itane
2144 5484 2291 5539 dedit

710 5581 1054 5633 autmitatem
1083 5579 1105 5630 ?
1139 5578 1458 5634 Ostenditur
1503 5589 1681 5631 autem
1747 5595 1810 5632 ex
1869 5580 1971 5632 hoc
2019 5591 2288 5639 sermone,

713 5671 833 5721 ilics
865 5673 1026 5720 alium
1066 5681 1282 5734 ptttas:c
1329 5683 1421 5723 ese
1451 5668 1754 5732 Christum,
1799 5679 1853 5723 et
1908 5669 2071 5721 alium
2110 5667 2283 5726 illum,

781 5856 830 5886 ιθ
856 5853 1007 5910 Deut.
1046 5869 1201 5920 xuii,
1240 5854 1324 5908 18.

2396 4639 2456 4691 τὸ
2487 4640 2543 4691 δὲ
2577 4641 2672 4692 τοῦ
2733 4641 2970 4710 Χριστοῦ
2993 4683 3006 4707 ,
3065 4641 3475 4712 διηρθρωμένον
3500 4684 3514 4707 ,
3581 4648 3675 4698 καὶ
3715 4649 3873 4700 οὐδὲν
3901 4651 3986 4702 το)

2395 4734 2654 4797 σκιὼδους
2693 4735 2787 4787 καὶ
2821 4735 3056 4789 τυπικοῦ
3112 4737 3270 4806 ἕχον·
3309 4757 3326 4789 ι
3369 4739 3426 4790 ἐν
3474 4739 3759 4809 Πνεῦμα-ει
3804 4763 3823 4793 ι
3866 4744 3986 4812 γάρ.

2472 4852 2487 4882 ι
2529 4834 2638 4886 Καὶ
2673 4834 2723 4886 oi
2747 4835 3147 4905 ἀπεσταλμένοι
3196 4831 3337 4906 ἦσαν
3372 4839 3434 4889 ἐκ
3468 4838 3577 4890 τῶν
3639 4841 3983 4909 Φαρισαίων·

2394 4925 2481 4975 καὶ
2521 4924 2812 4994 ἠρώτησαν
2834 4927 3015 4989 αὑτὸν,
3042 4931 3135 4978 καὶ
3170 4924 3324 4981 εἶπον
3356 4929 3506 4999 αὐτῷ
3528 4945 3540 4958 ·
3576 4930 3641 4980 Τί
3676 4927 3774 4982 οῦν
3809 4932 3988 5002 βαπτί-

2396 5017 2526 5080 ζεις,
2584 5021 2632 5069 εἰ
2687 5022 2748 5067 τ’,
2801 5020 2897 5070 οὐκ
2934 5017 2980 5071 εἷ
3024 5021 3051 5071 6
3086 5022 3345 5089 Χριστὸς,
3379 5021 3502 5074 οὔτε
3553 5022 3774 5088 Ἠλίας,
3812 5024 3930 5077 οῦτε
3962 5027 3990 5077 6

2398 5112 2719 5180 προφήτης⁸
2767 5130 2783 5160 ι
2837 5112 3053 5185 Ἐπειδὴ
3103 5114 3192 5167 διὰ
3240 5114 3534 5178 κολακείας
3580 5117 3684 5169 οὐκ
3727 5117 3985 5188 ἠδύναντο

2399 5203 2564 5255 αὑτὸν
2601 5203 2741 5254 ἑλεῖν
2766 5245 2779 5264 ,
2821 5201 2907 5254 διὰ
2947 5204 3330 5275 σκληροτέρων
3366 5209 3458 5259 καὶ
3507 5209 3983 5280 ὲπιπληκτικωτέ-

2405 5315 2513 5366 ρων
2543 5296 2714 5362 λόγων
2750 5296 3073 5365 ἐκφοὸοῦσιν
3095 5315 3108 5326 ·
3141 5299 3229 5351 ἵνα
3269 5300 3397 5370 εἴπῃ
3430 5300 3456 5352 δ
3487 5300 3703 5371 ήθελον,
3740 5307 3828 5355 κα“·
3859 5304 3980 5371 ὀμο-

2391 5389 2597 5461 λνιγῂσῃ
2627 5390 2815 5442 ἑαυτὸν
2841 5391 3090 5458 Χριστὸν,
3134 5411 3150 5441 ι
3178 5392 3244 5444 Τί
3272 5387 3364 5445 οὖν
3402 5392 3689 5463 βαπτίζεις
3720 5413 3766 5459 ;›
3813 5398 3986 5461 litav-

2391 5500 2513 5544 τες·
2544 5485 2623 5544 τίς
2659 5501 2735 5536 σοι
2769 5484 3039 5554 τοσαύτην
3070 5485 3323 5552 ἐξουσίαν
3357 5485 3591 5550 ἔδωκεν;
3633 5488 3802 5540 ὐτον
3835 5489 3886 5542 δὲ
3926 5491 3982 5539 ἐκ

2395 5575 2486 5627 τοῦ
2518 5577 2674 5643 λόγου
2708 5577 2920 5637 τούτου,
2956 5578 3352 5647 δείκνυται,ὂτι
3379 5582 3538 5635 ἄλλον
3569 5579 3712 5635 εἶναι
3744 5585 3982 5653 ἐνόμιζον

2394 5669 2483 5720 τὸν
2524 5669 2774 5737 Χριστὸν,
2813 5671 2903 5722 καὶ
2945 5671 3103 5726 ἄλλον
3146 5673 3239 5726 τὸν
3285 5674 3748 5745 προσδοκώμενον
3785 5681 3978 5746 προςή-
