4218 6424
274 365 411 434 1160

976 374 1430 436 ENARBATIO
1473 377 1553 436 IN
1596 374 2101 439 EVANGELlUM
2141 375 2492 438 JOANNIS.
2539 398 2604 409 -··
2655 376 2817 436 CM'.
2858 375 2904 432 l.

3442 365 3499 427 Μ
3510 364 3597 429 70⁸Δ

257 504 380 557 την.
416 490 653 558 Λέγουσι
685 492 825 562 γάρ’
868 511 884 542 ι
916 493 974 545 El
1019 495 1091 546 ab’
1118 497 1219 548 οὑκ
1248 492 1298 549 εἷ
1331 498 1359 549 6
1389 497 1645 566 Χριστὸς,
1682 494 1806 548 οὔτε
1838 513 1847 544 ι

1974 493 2064 560 qui
2111 490 2555 559 exspectabatur,
2609 495 2949 561 protihetatn.
2990 489 3361 545 Dicunt-enim
3398 506 3413 543 :
3457 507 3476 541 ι
3519 489 3576 543 Si

263 585 554 652 πωςήτη,
575 601 587 613 °
622 604 640 635 ι
675 584 862 655 ἕτερον
886 586 1136 652 νοοῦντες
1171 592 1264 641 τὸν
1306 591 1543 659 Χριστὸν
1579 584 1739 651 εἶναι,
1772 591 1868 642 καὶ

262 672 423 726 ἀλλον
441 676 530 736 τὸν
549 676 855 745 προφήτην,
873 679 1062 742 κακῶς
1087 698 1108 731 ε
1121 681 1310 742 ίδότες.
1344 682 1403 733 Ὀ
1422 684 1530 751 γὰρ
1576 686 1868 753 προφήτης

262 765 423 826 αὑτός
448 768 593 819 ἐστιν
612 768 638 819 6
662 769 898 837 Χριστὸς
921 772 1014 825 καὶ
1033 772 1167 835 Θεὸς
1184 774 1361 843 ἡμῶν.
1398 775 1581 829 Ταῦτα
1596 777 1652 829 δὲ
1685 779 1865 830 πάντα

261 858 470 925 ἔλεγον,
498 859 572 923 ὡς
597 859 754 928 ἔφην,
788 862 863 927 ὡς
890 864 952 916 ἂν
974 855 1485 933 ’καταναγκάσωσιν
1522 870 1864 939 ὁμολογῆσαι

262 950 457 1003 ἑαυτὸν
488 952 753 1022 Χριστόνο
783 955 983 1023 μᾶλλον
1003 955 1080 1019 δὲ,
1103 958 1275 1028 εἰχρή
1304 959 1364 1012 τὸ
1397 960 1762 1031 ἀληθέστερον
1786 962 1864 1015 εί-

264 1039 493 1103 πείν,ὼς
530 1042 916 1111 βασκαίνοντες
946 1047 1113 1101 αὑτοῦ
1139 1052 1238 1119 τῆς
1266 1049 1743 1122 δόξης,ἐρωτῶσιν
1760 1055 1861 1107 αὑι-

260 1133 375 1188 τόν.
413 1134 504 1185 Διὸ
538 1136 655 1188 οὐδὲ
676 1138 1059 1204 πυνθάνονται,
1090 1142 1321 1205 εὶαὺτός
1351 1146 1499 1196 ἐστιν
1533 1147 1561 1196 6
1597 1146 1859 1214 Χριστὸς,

260 1224 419 1287 ἀλλὰ,
467 1246 485 1277 ι
517 1229 587 1281 Σὺ
621 1230 706 1292 τίς
757 1226 844 1295 si;
875 1250 894 1283 ι
933 1232 1138 1285 ὡσανεὶ
1184 1234 1437 1303 λέγοντες
1462 1254 1475 1266 ⁸
1516 1238 1613 1301 Τίς
1655 1234 1709 1291 εἴ
1736 1239 1800 1291 σὺ
1833 1242 1861 1294 6

258 1318 567 1390 τηλικούτῳ
595 1322 742 1391 ἔργῳ
775 1325 1092 1395 ἐπιχειρῶν,
1117 1327 1196 1397 τῷ
1228 1328 1515 1397 βαπτίζειν
1540 1331 1635 1385 καὶ
1668 1332 1861 1385 καθαί-

261 1426 378 1482 ρειν
402 1414 526 1474 τοὺς
552 1410 1090 1486 Αὲξομολογουμένους
1115 1439 1127 1485 ;
1166 1424 1275 1474 Καὶ
1301 1424 1411 1493 γάρ
1450 1441 1537 1492 μοι
1573 1426 1859 1491 φαίνονται

257 1504 308 1555 οἱ
358 1505 601 1558 Ἰουδαῖοι
633 1507 881 1573 θέλοντες
926 1512 1062 1579 μηδὲ
1089 1514 1182 1564 τὸν
1214 1515 1469 1583 Ἰωάννην
1509 1516 1660 1579 δόξαι
1702 1518 1860 1588 παρὰ

258 1599 373 1659 τοῖς
407 1599 621 1662 πολλοῖς
655 1601 912 1671 Χριστὸν,
952 1605 1069 1657 ἀλλ’
1106 1606 1215 1658 ἀπὸ
1270 1609 1464 1677 φθόνου
1514 1613 1608 1663 καὶ
1646 1611 1858 1681 βασκα-

258 1689 383 1753 νίας
413 1692 629 1762 ἐρωτᾷν
683 1695 876 1747 αὐτόν’
922 1715 941 1748 ι
976 1698 1049 1751 Σὺ
1095 1699 1179 1761 τίς
1212 1696 1296 1765 εἷ;
1324 1722 1342 1753 ι
1390 1704 1858 1773 Καταρατὼτατοι

254 1782 461 1845 τοίνυν,
489 1786 538 1838 οἱ
566 1785 900 1855 βαπτίζοντα
931 1778 1358 1863 ὑποδεχόμενοι,
1395 1797 1562 1865 μεθ’ὂ
1583 1799 1639 1851 δὲ
1668 1799 1859 1868 βαπτι-

257 1871 483 1934 σθῶσιν,
513 1878 979 1948 ἀγνωμονοῦντες,
1016 1884 1187 1948 ὅντως
1217 1885 1531 1957 γεννήματα
1563 1890 1787 1959 ἐχιδνῶν
1805 1894 1855 1946 οἱ

266 1962 536 2018 Ἰουδαῖοι.
580 1996 584 2001 -

335 2073 354 2105 ι
392 2057 691 2131 Ἀπεκρίθη
726 2063 912 2126 αὑτοῖς
934 2067 963 2118 6
1013 2067 1268 2138 Ἰωάννης
1318 2069 1493 2137 λέγων
1516 2090 1530 2104 ο
1581 2074 1729 2142 Ἐγὼ
1754 2075 1853 2145 βα-

250 2148 434 2212 πτίζω
466 2152 524 2203 ἐν
566 2151 751 2206 ὕδατι*
790 2155 956 2223 μέσος
1000 2157 1056 2210 δὲ
1094 2159 1249 2223 ὑμῶν
1284 2163 1552 2232 ἕστηκεν,
1603 2165 1663 2217 ὃν
1694 2168 1855 2237 ὑμεῖς

248 2241 354 2294 οὑκ
381 2243 587 2297 οἴδατε·
620 2248 785 2311 αὑτός
834 2248 986 2303 ἐστιν
1015 2254 1043 2305 6
1074 2254 1250 2308 ὀπίσω
1285 2273 1388 2324 μου
1434 2258 1753 2329 ἐρχόμενος,
1795 2260 1856 2326 ὃς

249 2332 563 2403 ἔμπροσθέν
620 2356 725 2408 μου
754 2342 1001 2409 γέγονεν,
1028 2339 1089 2399 οῦ
1129 2347 1229 2399 οὑκ
1254 2351 1370 2420 εἰμὶ
1398 2350 1566 2415 ἄξιος,
1598 2353 1683 2406 ἵνα
1707 2352 1855 2408 λύσω

247 2428 419 2480 αὑτοῦ
443 2430 536 2483 τὸν
561 2432 765 2500 ἱμάντα
788 2434 882 2488 τοῦ
913 2437 1315 2508 ὑποδήματος.)
1345 2442 1452 2496 Ἴδε
1478 2445 1572 2497 καὶ
1600 2445 1697 2516 τὴν
1720 2464 1855 2517 πρα-

244 2518 417 2588 ότητα
452 2522 545 2573 τοῦ
579 2525 756 2591 ἁγίου,
785 2530 880 2582 καὶ
898 2530 998 2599 τήν
1023 2531 1318 2604 ἀλήθειανο
1350 2536 1446 2606 τὴν
1490 2539 1608 2606 μὲν,
1639 2539 1722 2591 ὅτι
1754 2541 1851 2593 οὑ-

244 2610 339 2663 ac»,
364 2613 500 2683 πρὸς
524 2617 722 2680 αὐτοὺς
743 2622 918 2689 τραχὺ
942 2621 1267 2692 φθέγγεται,
1296 2629 1474 2682 καίτοι
1499 2632 1853 2700 ἐπηρεαστὰς

242 2704 437 2766 ὄντας·
474 2707 574 2775 τὴν
621 2709 679 2761 δὲ
707 2711 989 2781 ἀλήθειαν,
1036 2717 1119 2768 ὅτι
1179 2719 1396 2789 μάρτυς
1446 2724 1563 2775 ἐστὶ
1621 2726 1723 2793 τῆς
1755 2726 1849 2778 τοῦ

243 2793 487 2862 Χριστοῦ
514 2798 673 2869 δόξης
702 2802 1217 2877 εὑπαρῤησίαστος·
1246 2815 1342 2867 καὶ
1358 2814 1459 2867 οὑκ
1494 2816 1849 2886 ἀποκρύπτε-

240 2902 335 2939 ται
367 2887 465 2957 τὴν
517 2890 677 2955 δόξαν
725 2894 820 2946 τοῦ
873 2897 1118 2968 Κυρίου,
1167 2901 1345 2973 ἑαυτῷ
1386 2908 1849 2977 περιποιούμενος

242 2977 519 3046 εῦκλειαν,
551 2984 671 3038 ἀλλ’
708 2988 986 3057 ὁμολογεῖ,
1023 2992 1104 3045 ὅτι
1135 2994 1280 3062 Ἐγὼ
1324 2997 1423 3066 μὲν
1470 2999 1725 3068 βαπτίζω
1754 3004 1847 3056 εύ-

239 3072 398 3136 τελὲς
430 3075 757 3148 βάπτισμα’
804 3084 861 3134 ὲν
919 3084 1072 3138 ὕδατι
1124 3088 1232 3158 γὰρ
1290 3092 1456 3160 μόνῳ,
1502 3094 1604 3147 οὑκ
1651 3097 1848 3165 ἄφεσιν

240 3166 531 3237 ἁμαρτιῶν
585 3172 785 3241 ἔχοντι,
840 3175 975 3230 ἀλλὰ
1032 3187 1625 3253 προπαρασκευάζοντι
1666 3194 1743 3253 εἰς
1788 3193 1848 3243 τὸ

238 3258 495 3325 δέξασθαι
528 3266 587 3318 τὸ
625 3273 999 3337 πνευματικὸν
1052 3275 1365 3347 βάπτισμα,
1415 3281 1475 3333 τὸ
1518 3282 1619 3351 τὴν
1654 3286 1851 3352 ἄφεσιν

239 3351 352 3404 τῶν
384 3354 672 3425 ἁμαρτιῶν
712 3360 1087 3433 δωρούμενον.
1129 3388 1147 3419 ι
1180 3371 1365 3434 Μέσας
1402 3373 1459 3425 δὲ
1496 3376 1650 3445 ὑμῶν
1684 3378 1850 3449 ’έστη-

240 3461 359 3504 κεν.
388 3446 447 3499 ὃν
494 3450 654 3517 ὑμεῖς
681 3454 780 3505 οὑκ
808 3456 1018 3508 οἴδατε·
1058 3479 1076 3511 ι
1135 3462 1603 3534 ἀναμεμιγμένος
1631 3468 1740 3539 γὰρ
1772 3471 1851 3541 τῷ

242 3541 439 3610 πλήθει
467 3544 495 3594 6
524 3544 751 3612 Κύριος,
780 3549 1031 3615 ἠγνοεῖτο
1048 3552 1133 3616 τίς
1154 3554 1243 3625 εἴη
1293 3557 1388 3609 καὶ
1410 3560 1597 3614 πόθεν.
1623 3562 1776 3633 Τάχα
1803 3567 1848 3620 δ’

234 3630 306 3684 ἄν
333 3649 417 3695 τις
446 3634 611 3697 είποι,
639 3638 721 3691 ὅτι
753 3641 847 3692 καὶ
873 3642 995 3694 κατ’
1025 3643 1187 3699 ἄλλον
1216 3647 1421 3718 τρόπον
1454 3651 1617 3720 μέσος
1654 3654 1848 3709 ἵστατο

233 3724 349 3778 τῶν
370 3728 686 3798 Φαρισαίων
731 3736 758 3785 6
792 3734 1018 3804 Κύριος,
1049 3738 1166 3791 ἀλλ’
1200 3742 1432 3810 ἠγνόουν
1466 3744 1654 3799 αὐτόν.
1693 3746 1848 3803 Ἐπεὶ

232 3817 348 3889 γὰρ
369 3822 523 3874 αὑτοὶ
553 3824 651 3887 τὰς
685 3824 908 3897 Γραφὰς
941 3830 1163 3885 ἐδόκουν
1183 3834 1510 3907 ὲκμελετᾷν,
1544 3840 1603 3891 ἐν
1622 3840 1677 3893 δὲ
1713 3842 1847 3895 ταύ-

230 3928 357 3975 ταις
389 3918 801 3986 κατηγγέλλετο
829 3924 855 3974 6
902 3924 1131 3995 Κύριος,
1180 3928 1347 3997 μέσος
1379 3932 1562 3985 αὑτῶν
1603 3929 1694 4003 ἦν,
1723 3954 1845 3991 του-

230 4005 442 4068 τέστιν,
468 4009 526 4061 ἐν
554 4014 675 4074 ταῖς
711 4015 966 4084 καρδίαις
1011 4020 1218 4087 αὑτῶν,
1242 4023 1358 4075 ἀλλ’
1394 4025 1627 4094 ἠγνόουν
1658 4029 1842 4092 αὑτὸν,

228 4093 322 4149 οἷα
347 4099 421 4168 μή
447 4100 700 4166 νοοῦντες
733 4106 831 4169 τὰς
860 4109 1114 4178 Γραφὰς,
1138 4114 1188 4165 εί
1224 4115 1321 4167 καὶ
1346 4118 1404 4169 ὲν
1438 4120 1557 4180 ταῖς
1590 4120 1845 4191 καρδίαις

227 4191 440 4253 ταύτας
471 4189 640 4263 εἶχον.
689 4199 779 4267 Μή
823 4216 957 4253 ποτε
1012 4203 1069 4256 δὲ
1110 4206 1205 4258 καὶ
1239 4206 1375 4261 καθὸ
1430 4211 1665 4282 μεσίτης
1704 4212 1842 4266 Θεοῦ

229 4285 329 4337 καὶ
360 4285 671 4357 ἀνθρώπων
699 4286 789 4361 ’ἦν
820 4295 846 4344 6
877 4294 1103 4365 Κύριος,
1153 4299 1320 4366 μέσος
1360 4301 1556 4355 ἵστατο
1591 4304 1702 4357 τῶν
1730 4307 1844 4358 Φαιι·

229 4378 482 4446 ρισαίων,
516 4381 969 4451 ἀποκαταλλάξαι
1004 4389 1176 4443 θέλων
1209 4392 1405 4456 αὑτοὺς
1437 4395 1516 4465 τῷ
1544 4396 1686 4465 Θεῷ,
1724 4398 1842 4452 ἀλλ’

226 4466 461 4535 ἠγνόουν
512 4472 697 4526 αὑτόν.
751 4475 1004 4546 Συνεχῶς
1056 4479 1115 4532 δὲ
1149 4483 1333 4553 τίθησι
1361 4485 1456 4537 τό⁸
1501 4506 1518 4536 ι
1577 4487 1633 4540 '0
1661 4489 1841 4543 ὀπίσω

1977 601 2031 641 ιιι
2068 604 2173 641 ιιοιι
2217 604 2276 641 es
2307 588 2586 652 Christus,
2623 603 2802 658 neque
2849 588 3116 658 pronheta
3154 586 3246 641 ille
3292 606 3305 641 :
3354 604 3373 637 ι
3413 584 3578 682 alium

1975 680 2345 751 intelligentcs
2377 681 2677 746 Christum,
2714 692 2769 735 et
2800 681 2967 733 alitttu
3018 680 3340 750 prophetam
3402 677 3578 740 illum,

1973 772 2114 826 male
2159 773 2482 826 sentientes.
2509 771 2644 827 Nam
2681 766 2953 841 'propheta
3000 771 3107 836 ille,
3144 771 3262 841 ipse
3302 780 3387 824 est
3415 768 3579 823 Chri-

1970 874 2088 917 stus
2113 875 2167 916 et
2212 863 2355 917 Deus
2385 872 2591 917 noster.
2628 862 2793 933 522
2838 862 2961 917 llaec
2996 871 3179 916 autem
3212 862 3395 913 omnia
3425 861 3578 914 dice—

1971 957 2123 1020 bant,
2159 959 2302 1011 sicut
2354 958 2487 1021 dixi,
2540 968 2598 1012 ut
2629 967 2890 1027 urgerent
2935 972 3061 1010 eum
3102 956 3245 1025 quod
3282 953 3577 1010 confitere—

1971 1063 2059 1105 tur
2092 1067 2151 1106 se
2186 1067 2311 1106 esse
2350 1051 2653 1105 Christum.
2707 1052 2821 1105 luto
2866 1052 2910 1105 si
2946 1051 3164 1105 veriora
3210 1050 3395 1104 dicere
3428 1048 3575 1112 licet,

1967 1146 2125 1214 quasi
2154 1147 2462 1201 invidentes
2490 1147 2610 1216 ejus
2645 1148 2853 1218 gloriae,
2888 1163 3011 1199 cum
3047 1146 3414 1214 interrogant.
3454 1144 3577 1197 Ideo

1970 1255 2076 1292 non
2108 1251 2361 1309 quierunt
2390 1257 2515 1293 ttttttt
2545 1240 2659 1310 ipse
2690 1241 2764 1295 sit
2789 1238 3071 1301 Christus,
3104 1240 3197 1293 sed
3232 1256 3242 1290 :
3280 1258 3297 1290 ι
3338 1237 3419 1291 Τιι
3453 1240 3579 1306 quis

1965 1333 2068 1389 es?
2098 1353 2116 1385 ι
2140 1334 2293 1403 quasi
2332 1333 2593 1395 dicentes,
2625 1332 2759 1400 Quis
2777 1348 2837 1389 es
2861 1342 2938 1397 tu,
2966 1333 3056 1402 qui
3094 1333 3200 1386 tale
3233 1347 3371 1402 opus
3399 1339 3578 1386 atten-

1967 1434 2073 1487 tas,
2132 1426 2419 1493 baptizans
2465 1433 2522 1479 et
2580 1424 2877 1485 uuriilcans
2930 1426 3307 1479 conﬁtentes?
3358 1426 3574 1479 Etenim

1966 1534 2141 1588 neque
2170 1517 2434 1572 Joannem
2468 1522 2613 1586 apud
2644 1518 2843 1575 multos
2880 1535 2976 1589 pro
2992 1520 3214 1574 Christo
3250 1520 3444 1573 haberi
3473 1518 3573 1573 Ju-

1964 1609 2067 1662 d;ei
2120 1610 2251 1663 tnilti
2301 1610 2438 1664 velle
2492 1610 2768 1674 videntur,
2812 1612 2907 1664 sed
2942 1626 3009 1666 ex
3057 1612 3229 1665 livore
3264 1622 3319 1665 et
3370 1612 3573 1665 invidia

1967 1702 2311 1771 interrogare
2362 1717 2512 1765 eum,
2563 1722 2581 1753 ι
2639 1701 2720 1757 To
2747 1703 2872 1773 quis
2922 1705 3026 1758 es?
3074 1724 3091 1755 ι
3128 1703 3366 1759 M-txime
3410 1704 3577 1775 igitur

1966 1794 2239 1849 maledicti
2272 1792 2467 1860 Juda‘i,
2513 1804 2570 1849 et
2619 1810 2745 1850 vere
2773 1797 3063 1867 progenies
3101 1799 3434 1867 viperarum,
3468 1798 3562 1869 qui

1965 1886 2226 1943 Joannem
2248 1890 2468 1961 quidem
2492 1892 2860 1961 haptizautem
2888 1903 3258 1960 acceperunt:
3285 1901 3574 1965 postquam

1968 1993 2147 2036 autem
2174 1983 2429 2051 baptizati
2456 1994 2605 2045 sunt.
2644 1986 2844 2056 ingrati
2874 1987 3118 2043 fuerunt.

2043 2072 2203 2128 Vsus.
2254 2075 2348 2139 26,
2373 2075 2463 2129 27.
2505 2095 2523 2124 ι
2569 2075 2875 2146 Respondit
2915 2078 2996 2133 eis
3026 2077 3289 2146 Joannes,
3323 2081 3516 2136 dicens
3556 2097 3571 2136 :

1967 2162 2081 2233 Ego
2126 2164 2341 2232 b‘tpllll)
2392 2167 2447 2219 itt
2498 2181 2689 2235 aqua:
2733 2170 2828 2222 sed
2880 2171 3091 2225 medius
3152 2184 3394 2226 vestrum
3440 2180 3570 2234 stat,

1965 2271 2130 2323 quem
2173 2272 2270 2310 vos
2304 2259 2521 2313 nescitis
2570 2279 2581 2313 :
2625 2261 2741 2329 ipse
2771 2272 2854 2316 est
2900 2262 2990 2332 qui
3025 2275 3149 2333 pOSl
3188 2278 3276 2319 me
3306 2273 3574 2319 venturus

1964 2363 2071 2412 (SI,
2116 2351 2207 2419 qui
2251 2362 2376 2406 ante
2427 2368 2511 2407 me
2560 2354 2738 2409 l'actus
2791 2364 2896 2419 est,
2932 2356 3091 2426 cujus
3138 2372 3241 2426 ego
3290 2374 3397 2413 non
3450 2375 3571 2414 smn

1965 2442 2160 2510 dignus
2224 2452 2282 2496 ιιι
2332 2444 2537 2499 solvam
2590 2447 2711 2517 ejus
2757 2451 3051 2519 corrigiam
3105 2454 3485 2507 calceatnenti.
3549 2474 3566 2504 ι

1966 2529 2104 2586 Vide
2147 2545 2200 2585 et
2240 2538 2712 2591 mansuetudinem
2764 2550 2819 2591 et
2858 2540 3146 2595 veritatem
3185 2544 3385 2598 sancti.
3416 2543 3570 2599 Matt-

1964 2626 2308 2679 suetudiuetn
2343 2628 2587 2694 quidem,
2616 2645 2682 2684 eo
2708 2634 2853 2700 quod
2892 2634 3029 2687 nihil
3061 2650 3317 2702 asperum
3369 2639 3434 2690 ad
3479 2654 3573 2692 eos

1964 2717 2221 2783 loquitur,
2240 2721 2489 2787 quamvis
2510 2723 2799 2777 insolentes
2826 2735 3029 2779 essent.
3045 2725 3337 2783 Veritatem
3365 2742 3471 2784 autc
3495 2748 3570 2799 nt,

1960 2812 2089 2879 quia
2141 2811 2456 2868 libcrrimus
2512 2816 2666 2870 testis
2715 2828 2836 2872 erat
2884 2820 3073 2890 gloriae
3112 2821 3344 2884 Christi.
3393 2842 3572 2897 neque

1965 2900 2175 2956 Domini
2219 2904 2449 2974 gloriam
2485 2909 2826 2974 occultabat,
2862 2920 2918 2966 ut
2954 2912 3056 2967 sibi
3096 2916 3438 2972 nobilitatem
3472 2934 3568 2988 pa-

1961 3007 2126 3056 reret,
2196 3000 2289 3053 sed
2326 3000 2693 3056 conﬁtebatur
2730 3021 2741 3056 :
2772 3005 2886 3075 Ego
2933 3007 3151 3074 quidem
3195 3010 3411 3079 baptizo
3469 3014 3569 3065 im-

1960 3086 2204 3154 perfecto
2237 3091 2509 3159 baptismo
2545 3111 2557 3146 :
2599 3110 2724 3149 nam
2762 3097 2814 3150 itt
2854 3100 2968 3153 sola
2998 3116 3159 3170 aqua,
3194 3119 3300 3157 non
3339 3107 3571 3161 habente

1961 3196 2307 3250 peccatorum
2346 3187 2747 3253 remissionem,
2783 3195 2878 3246 sed
2912 3208 3260 3263 prteparante
3300 3201 3367 3252 ad
3398 3201 3573 3255 susci~

1957 3277 2215 3344 piendum
2268 3280 2555 3347 Spirilttale
2608 3283 2877 3352 baptisma
2906 3326 2920 3351 ,
2964 3290 3111 3357 quod
3153 3290 3318 3345 donat
3361 3297 3528 3349 remis

1956 3370 2167 3424 sionem
2215 3384 2587 3441 peccatorum.
2633 3395 2650 3427 ι
2686 3377 2898 3434 Medius
2927 3391 3109 3436 autem
3156 3394 3402 3439 vesttum
3435 3398 3566 3454 stat,

1956 3479 2117 3532 quem
2154 3481 2251 3521 vos
2298 3468 2543 3523 nescitis.
2587 3488 2607 3522 ι
2650 3470 2788 3527 Nam
2826 3473 3093 3531 Dominus
3140 3478 3475 3534 tnultitudini
3511 3500 3570 3537 se

1958 3559 2277 3625 miscuerat,
2306 3570 2360 3616 et
2401 3563 2757 3633 ignorabatur
2786 3568 2910 3637 quis
2942 3580 3087 3624 esset
3147 3582 3202 3626 et
3234 3576 3400 3631 unde.
3433 3574 3568 3629 For-

1957 3654 2124 3706 tassis
2172 3664 2355 3708 autent
2391 3657 2663 3727 quispiam
2711 3659 2911 3715 dixerit
2958 3663 3105 3731 quod
3154 3674 3209 3719 et
3250 3666 3358 3721 alio
3405 3670 3567 3725 modo

1958 3746 2170 3802 medias
2202 3749 2418 3803 stetetit
2450 3751 2593 3805 inter
2625 3752 2933 3811 Pharisaeos
2962 3756 3252 3826 Dominus,
3287 3764 3384 3818 sed
3421 3764 3567 3835 igno-

1957 3842 2129 3893 rarint
2170 3856 2320 3895 euut.
2362 3843 2499 3911 Quia
2534 3847 3044 3908 enim-videbantur
3094 3852 3416 3925 Scripturas
3449 3858 3564 3914 edi-

1950 3930 2172 3998 diciSse,
2207 3936 2410 4004 quibus
2458 3940 2823 3997 aununtiatns
2871 3942 2976 3997 fuit
3028 3942 3315 4015 Dominus,
3353 3951 3565 4005 medius

1953 4023 2052 4077 l'uit
2105 4027 2248 4081 inter
2292 4042 2410 4095 eos,
2467 4032 2569 4085 hoc
2620 4042 2739 4099 est,
2775 4034 2825 4088 itt
2871 4037 3137 4094 cordibus
3170 4055 3363 4097 eorum
3416 4049 3563 4099 :sed

1951 4118 2274 4186 ignorabant
2303 4136 2452 4189 eum,
2482 4134 2741 4195 tanquam
2776 4142 2885 4184 non
2911 4129 3279 4201 intelligentes
3310 4136 3563 4208 Scriptu—

1952 4224 2082 4271 ras,
2139 4216 2392 4281 quamvis
2448 4218 2706 4275 cordibus
2764 4222 2884 4276 illas
2947 4233 3222 4281 tenerent.
3284 4228 3563 4289 Fortassis

1949 4312 2129 4359 autem
2162 4316 2216 4359 et
2248 4310 2549 4363 secundum
2584 4313 2724 4381 quod
2759 4316 3030 4373 mediator
3064 4319 3159 4375 Dei
3192 4332 3247 4376 et
3277 4325 3561 4381 hominum

1950 4395 2051 4450 fuit
2103 4399 2385 4462 Dominus.
2425 4405 2639 4460 medius
2671 4409 2824 4463 stetit
2871 4411 3016 4467 inter
3048 4412 3394 4485 Pharis-.eos,
3431 4437 3564 4477 con—

1948 4490 2141 4545 ciliare
2184 4491 2305 4547 illos
2334 4495 2524 4552 volens
2569 4498 2699 4565 Deo,
2735 4502 2829 4555 sed
2867 4504 3195 4575 ignorabant
3222 4526 3368 4566 cum.
3412 4514 3562 4571 Cott-

230 4575 335 4627 μου
358 4560 658 4632 ἐρχόμενος
677 4583 724 4619 ἰ
745 4568 1132 4637 δεικνύων,ὃτι
1161 4577 1221 4629 οὑ
1249 4578 1601 4635 τελειωτικόν
1628 4586 1746 4637 ἐστι
1776 4585 1835 4637 τὸ

1957 4580 2101 4639 tinue
2155 4593 2337 4640 autem
2394 4592 2547 4658 ponit
2600 4592 2735 4652 hoc:
2792 4614 2811 4647 ι
2853 4598 2954 4671 Qui
2999 4610 3122 4669 post
3170 4619 3255 4659 me
3297 4617 3563 4664 venturus

226 4654 395 4708 αὑτοῦ
433 4656 742 4730 βάπτισμα,
763 4662 903 4715 ἀλλὰ
935 4667 1431 4738 προοδοποιητικὸν
1461 4674 1555 4727 τοῦ
1587 4692 1839 4746 πνευμα-

226 4748 381 4799 τικοῦ
407 4749 811 4822 βαπτίσματος.
847 4758 921 4811 Τὸ
957 4758 1035 4823 δὲ,
1079 4780 1097 4813 ι
1139 4762 1498 4835 Ἐμπροσθέν
1540 4785 1642 4837 μου
1671 4771 1837 4837 γέγο-

226 4856 339 4905 νεν,
373 4860 392 4892 ι
424 4843 548 4897 ἀντὶ
571 4845 687 4908 τοῦ,
715 4850 1091 4923 ἐντιμότερος,
1117 4854 1488 4929 ἐνδοξότερος,
1518 4864 1613 4916 καὶ
1640 4862 1836 4916 τοσοῦ-

222 4950 340 5003 τον,
377 4933 521 4989 ὥστε
556 4939 678 4993 οὐδὲ
714 4942 773 4993 ἐν
823 4947 937 5007 τοῖς
971 4948 1227 5016 ἐσχάτοις
1278 4952 1388 5005 τῶν
1423 4957 1593 5011 αὑτοῦ
1630 4960 1837 5016 δούλων

225 5030 691 5102 καταριθμεῖσθαι
728 5034 837 5105 με·
889 5038 950 5091 τὸ
982 5040 1093 5110 γὰρ
1138 5043 1291 5098 λύειν
1323 5046 1386 5099 τὸ
1423 5049 1685 5124 ὑπόδημα
1734 5057 1835 5127 τῆς

222 5128 463 5198 ἐσχάτης
487 5129 763 5198 διακονίας
789 5136 957 5190 ἐστίν.
983 5133 1115 5191 Οἶδα
1135 5140 1191 5194 δὲ
1216 5144 1370 5213 παρά
1390 5162 1497 5200 τινι
1522 5148 1632 5201 τῶν
1660 5151 1835 5218 ἁγίων

220 5225 481 5293 τοιαύτην
518 5229 789 5297 ἀναγνοὺς
820 5232 1119 5303 ἐξήγησιν·
1156 5237 1230 5291 Τὸ
1266 5239 1526 5311 ὑπόδημα
1613 5248 1697 5308 εἰς
1731 5247 1831 5318 τὴν

218 5319 333 5371 τῶν
366 5323 712 5392 ἁμαρτωλῶν
742 5328 943 5397 σάρκα,
983 5332 1083 5385 καὶ
1114 5336 1180 5403 τῇ
1216 5334 1395 5407 φθορᾷ
1426 5338 1827 5413 ὑποκειμένην,

221 5414 562 5483 λαμῦάνεται
595 5422 909 5493 πανταχοῦο
966 5426 994 5477 6
1038 5425 1092 5479 δὲ
1123 5428 1275 5495 ἱμάς,
1315 5430 1479 5500 ἢτοιὸ
1510 5433 1708 5504 λῶρος,
1746 5441 1827 5501 είς

218 5508 315 5558 τὸν
362 5508 562 5576 δεσμὸν
607 5513 716 5565 τῶν
756 5517 1071 5586 ἁμαρτιῶν.
1124 5520 1181 5574 '0
1213 5526 1395 5577 τοίνυν
1462 5527 1719 5600 Ἰωάννης
1766 5533 1827 5584 ἐν

223 5600 325 5665 μὲν
356 5602 468 5664 τοῖς
495 5602 700 5669 ἄλλοις,
726 5610 839 5670 τοῖς
872 5610 1340 5681 ἐκπορευομένοις
1371 5619 1509 5687 πρὸς
1542 5621 1705 5675 αὑτὸν
1732 5626 1827 5679 καὶ

220 5690 766 5765 ἐξομολογουμένοις,
803 5700 955 5774 ἴσχυε
985 5703 1136 5759 λύειν
1158 5708 1248 5761 τὸν
1279 5711 1483 5779 ἱμάντα
1507 5712 1617 5766 τῶν
1646 5716 1826 5787 ἁμαρ-

218 5786 378 5836 τινῖιν·
426 5792 637 5859 caput;
664 5794 772 5865 γὰρ
796 5796 905 5849 τῶν
932 5798 1154 5851 οἰκείων
1190 5803 1478 5872 ἁμαρτιῶν
1518 5811 1826 5879 σφιγγόμε-

236 5897 303 5931 ιοι
332 5879 627 5951 ἒξῇςχοητο
660 5888 798 5955 πρὶς
828 5890 1007 5944 αὐτόν·
1048 5893 1248 5949 καὶδιζι
1290 5896 1382 5949 τοῦ
1410 5900 1484 5961 εἰς
1530 5903 1824 5967 μετάνοιαν

1947 4686 2078 4733 est:
2129 4698 2145 4731 ι
2188 4687 2486 4738 ostendens
2533 4689 2677 4756 quod
2711 4704 2887 4759 neque
2929 4694 3233 4764 perfectum
3288 4717 3449 4756 suum
3489 4704 3562 4761 sit

1950 4774 2237 4843 baptisaaa,
2284 4777 2641 4863 sed.tautttm
2671 4788 2954 4853 praevium
3008 4792 3075 4845 ad
3128 4795 3418 4863 spirituale
3468 4800 3563 4855 ba-

1946 4868 2167 4936 ptisma.
2211 4888 2229 4922 ι
2268 4873 2409 4939 Ante
2441 4891 2524 4928 tne
2559 4877 2737 4933 iactus
2780 4891 2886 4945 est,
2929 4900 2945 4933 ι
2986 4882 3089 4939 hoc
3122 4899 3226 4954 est,
3260 4890 3477 4962 dignior
3504 4906 3561 4949 et

1946 4962 2258 5030 gloriosior,
2311 4966 2366 5020 itt
2411 4978 2621 5023 tantum
2662 4983 2718 5025 ut
2748 4988 2849 5044 ego
2881 4990 2966 5030 me
3010 4994 3118 5032 nou
3153 4982 3328 5039 ausint
3370 5003 3559 5041 nume-

1945 5070 2069 5110 rare
2106 5058 2186 5111 vel
2239 5058 2290 5112 in
2329 5061 2537 5118 ultimis
2578 5064 2699 5134 ejus
2732 5070 2928 5125 servis.
2982 5069 3210 5132 Solvere
3240 5078 3387 5133 enim
3428 5083 3558 5135 eal-

1940 5168 2099 5206 ceum
2161 5156 2395 5211 extremi
2428 5159 2721 5216 ministerii
2763 5172 2870 5219 est.
2906 5164 3033 5221 Scio
3066 5179 3249 5224 autem
3287 5188 3377 5227 me
3413 5178 3556 5245 apud

1942 5256 2263 5305 sanctorum
2313 5256 2605 5321 quemdam
2665 5258 2832 5313 etiam
2886 5262 3028 5318 hanc
3087 5265 3286 5335 legisse
3334 5273 3556 5339 exposi-

1943 5340 2145 5395 tionem
2199 5361 2211 5396 :
2251 5342 2484 5403 Calceus
2533 5363 2753 5418 semper
2798 5356 3040 5411 sumitur
3089 5360 3155 5413 ad
3194 5365 3553 5430 peccatricem

1941 5450 2190 5500 carnem,
2235 5447 2290 5490 ct
2339 5444 2683 5510 corruptioni
2732 5448 3009 5505 subditam
3050 5470 3063 5506 :
3098 5455 3332 5527 corrigia
3370 5468 3552 5512 autem

1940 5536 1998 5582 ut
2047 5530 2327 5585 vinculum
2386 5547 2763 5603 pert-atornm.
2824 5542 2996 5612 lgitu’r
3044 5545 3285 5604 Joannes
3331 5550 3383 5604 in
3430 5553 3554 5608 aliis

1936 5623 2161 5691 quidem
2196 5627 2287 5694 qui
2333 5631 2400 5681 ad
2448 5645 2506 5684 se
2539 5633 2967 5701 egrediebantur
3027 5652 3081 5695 et
3118 5646 3549 5711 conﬁtebantur,

1939 5729 2154 5786 poterat
2226 5720 2441 5777 solvere
2503 5728 2800 5799 rotrigiam
2868 5746 3245 5802 peccatorum.
3307 5738 3569 5796 Vinettlis-

1936 5812 2083 5865 enim
2117 5830 2339 5869 suorum
2376 5831 2726 5887 pet-ratorum
2756 5830 3041 5883 constricti
3079 5832 3143 5885 ad
3178 5833 3357 5901 ipsum
3394 5852 3552 5907 egre-

1936 5909 2247 5967 diebantur.
2302 5910 2363 5967 ιςι
2398 5932 2492 5984 prr
2540 5918 2639 5971 hoc
2673 5923 2813 5988 quol
2869 5924 3095 5980 vocabat.
3148 5926 3312 6002 523
3360 5950 3453 5987 eos
3488 5936 3552 5987 ,ιιι
