4218 6424
732 416 863 483 ιιτι

1579 407 2157 469 THEOPHYLACTI
2197 407 2604 468 BULGARHZ
2643 408 2995 469 ARCHIEP.

3860 406 4008 471 1172

729 532 1123 604 paenitentiam,
1161 524 1304 580 viam
1330 523 1663 593 'pra‘paravit
1704 520 1785 576 eis
1826 522 1892 573 ad
1929 519 2031 573 hoc
2078 529 2140 575 ut
2186 533 2302 589 per-

2410 520 2611 579 αὐτοὺς
2643 519 3006 589 παρακαλεῖν,
3064 517 3427 589 προωδοποίει
3464 519 3651 583 αὐτοῖς
3681 519 3763 581 τίς
3804 520 3868 571 τὸ
3906 522 4007 572 καὶ

730 628 871 680 t'ecte
892 618 1182 689 corrigiam
1234 613 1382 669 illam
1415 624 1471 668 et
1499 612 1927 667 calceamentum
1970 610 2177 678 peccati
2206 609 2307 663 ab-

726 715 917 783 jiciant
951 728 962 762 :
994 710 1045 762 in
1077 705 1300 762 Christo
1330 713 1510 759 autem
1541 716 1645 756 non
1676 701 1959 755 inveniens
1990 700 2303 767 corrigiam,

732 808 831 858 hoc
876 810 960 856 est
992 797 1265 853 vinculum
1306 794 1535 865 peccati,
1567 784 1760 846 merito
1794 805 1967 858 neque
1998 790 2181 855 solvil,
2209 802 2305 845 ne-

727 909 830 964 que
860 893 1070 947 solvere
1102 889 1297 961 potuit.
1329 884 1611 951 Quomodo
1635 884 1778 938 enim
1810 883 2085 946 solvisset,
2113 883 2165 936 in
2198 895 2305 951 quo

728 1001 833 1039 non
863 984 1169 1039 inveniebat
1198 983 1223 1035 ἲ
1258 999 1276 1032 ι
1315 978 1607 1034 Peccatum
1634 977 1782 1031 enim
1815 990 1920 1029 non
1953 974 2102 1040 fecit,
2132 987 2305 1043 neque

726 1080 977 1132 inventus
1011 1086 1093 1130 est
1128 1073 1281 1129 dolus
1312 1073 1366 1127 in
1410 1086 1505 1125 ore
1546 1070 1666 1137 ejus
1697 1068 1764 1120 ".
1808 1085 1826 1118 ι
1866 1066 2303 1122 Calceamentum

724 1178 902 1223 autem
954 1176 1040 1222 est
1063 1167 1327 1220 adventus
1354 1162 1566 1218 Domini
1594 1160 1660 1214 ad
1686 1172 1783 1212 nos
1812 1175 1827 1211 :
1860 1158 2091 1226 corrigia
2124 1165 2300 1210 autem

723 1262 863 1330 ejus,
891 1260 1081 1313 modus
1109 1254 1526 1316 incarnationis,
1560 1267 1668 1320 quo
1702 1251 1939 1305 Verbum
1967 1249 2059 1303 Dei
2090 1248 2300 1301 unitum

724 1362 780 1407 ct
830 1346 1565 1419 quodammodo-colligatum
1594 1344 1831 1411 corpori.
1905 1339 2103 1410 Utique
2157 1340 2303 1405 hunc

726 1444 924 1498 nodum
968 1440 1182 1495 solvere
1231 1437 1565 1507 impossibile
1608 1446 1709 1489 est.
1747 1434 1880 1510 Quis
1928 1433 2075 1487 enim
2115 1439 2303 1508 posset

722 1532 953 1597 solvere,
980 1530 1250 1601 quomodo
1287 1528 1427 1585 Deus
1456 1530 1672 1598 corpori
1701 1530 1984 1596 colligatus
2012 1527 2084 1581 sit
2110 1526 2133 1579 2

798 1626 964 1680 Vens.
992 1625 1081 1680 28.
1126 1642 1145 1675 ι
1196 1623 1323 1678 llaec
1374 1625 1428 1678 in
1473 1622 1738 1678 Bethania
1793 1622 1934 1675 facta
1988 1628 2111 1675 sunt
2152 1630 2302 1675 trans

720 1714 1038 1777 Iordanem,
1093 1718 1179 1771 ubi
1223 1725 1339 1772 erat
1418 1715 1658 1773 Joannes
1702 1715 2002 1785 baptizans.
2060 1730 2078 1765 ι
2121 1712 2301 1779 Quare

724 1811 861 1864 dixit
899 1809 1043 1879 quod
1078 1812 1188 1863 haec
1220 1809 1277 1863 in
1305 1808 1562 1863 Bethania
1594 1806 1736 1861 facta
1769 1806 1926 1860 sint?
1955 1804 2022 1861 Ut
2049 1806 2299 1859 ostendat

726 1903 901 1972 magni
960 1901 1605 1972 przeconis..libertatem,
1649 1902 1792 1968 quod
1840 1913 1944 1951 non
2008 1898 2061 1950 in
2116 1895 2299 1961 domo,
2334 1890 2376 1944 Β

725 2012 897 2067 neque
925 1998 979 2050 in
999 1996 1214 2065 angulo,
1240 1998 1334 2049 sed
1360 1996 1504 2049 circa
1536 1993 1849 2054 Iordanem,
1881 1993 1934 2045 in
1967 1991 2141 2045 media
2164 1990 2302 2045 mul-

727 2087 957 2142 titudine
1010 2088 1125 2141 haec
1175 2086 1240 2140 de
1282 2085 1505 2146 Christo
1557 2084 1952 2155 praedicaverit.
2006 2083 2299 2137 Sciendum

722 2192 903 2234 autem
929 2180 1072 2251 quod
1116 2179 1448 2248 exemplaria
1495 2178 1868 2233 emendatiora
1925 2176 2146 2239 habent,
2191 2194 2209 2228 ι
2248 2175 2301 2228 in

726 2273 1047 2329 Bethabara.
1092 2293 1111 2325 ι
1166 2271 1425 2327 Bethania
1480 2274 1625 2326 enim
1675 2287 1781 2328 non
1831 2282 1980 2325 trans
2013 2269 2300 2324 Jordauem

720 2377 827 2429 est,
862 2368 955 2422 sed
990 2382 1155 2437 prope
1189 2365 1560 2437 Hierosolyma
1597 2366 1619 2418 ?

791 2456 961 2512 Vens.
990 2458 1081 2513 29.
1126 2476 1145 2509 ‹
1180 2456 1405 2511 Postero
1440 2458 1526 2511 die
1552 2456 1696 2511 videt
1726 2455 1964 2512 Joannes
1994 2457 2177 2511 Jesum
2212 2471 2301 2510 ve-

721 2552 960 2606 nicntetn
988 2550 1053 2603 ad
1100 2565 1181 2619 se,
1217 2556 1270 2613 et
1314 2550 1392 2603 ait
1435 2568 1448 2603 :
1498 2550 1639 2606 Ecce
1676 2564 1846 2619 agnus
1898 2550 1986 2606 ille
2023 2551 2154 2613 Dei,
2207 2551 2301 2621 qui

722 2646 859 2701 tollit
911 2654 1189 2712 peccatum
1236 2644 1445 2699 mundi.
1488 2663 1508 2696 ι
1543 2645 1699 2713 Saepe
1735 2644 1995 2699 Dominus
2040 2644 2190 2700 venit
2236 2648 2302 2699 ad

722 2737 1151 2805 Prmcursorem,
1197 2736 1409 2803 quare?
1451 2733 1549 2791 Vel
1592 2736 1814 2789 Omnino
1867 2736 2301 2805 quandoquidem

720 2828 868 2887 sicut
908 2844 1048 2883 unus
1096 2844 1162 2895 ex
1201 2828 1385 2888 multis
1426 2837 1481 2883 et
1531 2829 1645 2898 ipse
1675 2842 1702 2879 τι
1744 2824 1956 2885 Joanne
1998 2826 2305 2897 baptizatus

718 2928 884 2985 esset,
919 2935 986 2975 ne
1016 2929 1208 2990 putent
1249 2919 1469 2989 quidam
1500 2920 1642 2989 quod
1667 2919 1828 2987 quasi
1861 2920 2101 2988 peccatis
2128 2920 2305 2974 obno-

719 3012 859 3075 xius,
913 3010 1195 3080 aequaliter
1245 3024 1369 3064 eum
1419 3008 1540 3064 aliis
1587 3010 1897 3079 baptizatus
1951 3011 2042 3064 sit.
2093 3010 2301 3065 Idcirco

718 3106 911 3157 iterum
952 3104 1116 3169 venit,
1170 3104 1309 3157 dans
1355 3101 1552 3157 Joanni
1603 3104 1945 3157 occasionem
1997 3104 2299 3173 corrigendi

2408 611 2631 679 τελείως
2652 608 3025 665 ἀποόαλέσθαι
3046 609 3137 661 τὸν
3166 610 3365 677 ἱμάντα
3382 609 3591 673 τοῦτον,
3608 609 3706 661 καὶ
3731 609 3796 662 τὸ
3820 610 4009 677 ἀμαρ-

2406 700 2578 755 τωλὸν
2618 702 2874 771 ὑπόδημα
2900 716 2914 731 ’
2952 699 3049 752 ἐπὶ
3072 694 3130 751 δὲ
3162 698 3431 767 Χριστοῦ,
3487 700 3689 769 ίμάντα
3726 701 3804 769 μὴ
3838 700 4004 768 εὐρει-

2409 810 2576 857 σκων,
2605 796 2722 865 ήτοι
2751 794 3051 863 σύνδεσμον
3095 792 3396 861 ἁμαρτίας,
3438 794 3662 856 εἰκότως
3689 792 3817 845 ούδέ
3841 791 4007 843 λύειν

2407 886 2571 955 αὑτὸν
2590 888 2834 941 ἐδύνατο.
2866 889 2989 950 Πῶς
3014 887 3145 957 γὰρ,
3171 888 3231 939 ὃν
3262 886 3361 955 οὐχ
3384 886 3676 955 ιῦρισκιν;
3714 907 3732 938 ι
3782 886 4006 958 Ἀμαρ-

2407 978 2528 1032 τίαν
2562 979 2669 1047 γὰρ
2695 979 2795 1031 οὐκ
2833 978 3090 1049 ἐποίησεν
3113 1020 3129 1045 ,
3156 979 3281 1033 οὐδὲ
3310 979 3511 1050 ιύριθη
3551 979 3611 1031 ἐν
3640 978 3719 1048 τῷ
3758 980 4004 1047 στόματι

2406 1070 2573 1124 αὑτοῦ
2599 1070 2769 1135 δόλος.
2800 1090 2819 1122 ι
2877 1071 3165 1141 ’Υπῶημα
3198 1071 3256 1125 δέ
3282 1073 3317 1143 ή
3350 1069 3621 1141 παρουσία
3646 1069 3743 1123 τοῦ
3782 1070 4001 1139 Κυρίου

2405 1168 2438 1237 ή
2471 1168 2552 1228 είς
2574 1167 2720 1235 ἡμᾶς
2738 1182 2753 1197 ⁸
2785 1165 2914 1236 ίμάς
2943 1166 2999 1221 δὲ
3022 1167 3215 1236 αὐτῆς,
3236 1167 3267 1217 6
3287 1167 3485 1236 τρόπος
3516 1165 3616 1235 τῆς
3636 1164 4005 1233 σαρκώσεως,

2406 1259 2503 1312 καὶ
2534 1258 2629 1317 τοῦ
2663 1259 2779 1322 πῶς
2814 1258 3069 1328 συνεδέθη
3108 1258 3189 1329 τῷ
3217 1256 3431 1327 σώματι
3454 1260 3482 1310 6
3504 1258 3681 1323 Λόγος
3706 1255 3804 1309 τοῦ
3834 1253 4001 1309 Θεοῦ.

2405 1351 2608 1405 Τοῦτον
2634 1349 2729 1409 οὖν
2759 1353 2852 1405 τὸν
2888 1352 3089 1419 τρόπον
3112 1351 3263 1403 λύων
3302 1351 3565 1404 ἀδύνατον
3601 1366 3615 1381 ο
3658 1351 3744 1412 τίς
3769 1348 3880 1421 γὰρ
3908 1347 4004 1400 δύ-

2405 1461 2564 1498 ναται
2593 1444 2751 1501 λῦσαι
2780 1444 2897 1507 πῶς
2929 1443 3189 1513 συνεδέθη
3223 1443 3303 1511 τῷ
3336 1441 3551 1511 σώματι
3574 1442 3744 1506 Θεός;

2483 1649 2503 1687 t
2533 1630 2719 1683 Ταῦτα
2741 1629 2800 1682 ἐν
2825 1628 3070 1699 Βηθανίᾳ
3101 1629 3325 1696 ἐγένετο
3357 1643 3531 1697 περαν
3561 1626 3655 1678 τοῦ
3699 1624 3999 1693 Ἰορδάνου,

2402 1724 2537 1776 ὅπου
2582 1717 2650 1791 ἦν
2706 1722 2961 1791 Ἰωάννης
3026 1720 3328 1789 βαπτίζων.
3384 1720 3539 1781 Τίνος
3593 1719 3784 1772 ἕνεκεν
3818 1712 3999 1779 εἶπεν,

2404 1816 2486 1867 ὅτι
2539 1832 2557 1863 ι
2598 1813 2784 1867 Ταῦτα
2838 1815 2897 1865 ἐν
2927 1812 3168 1883 Βηθανία
3193 1813 3439 1879 ἐγένετο;
3481 1830 3499 1862 ι
3560 1812 3680 1863 Ἰνα
3711 1808 3864 1879 δείξῃ
3900 1808 4001 1877 τήν

2407 1906 2724 1976 παρρησίαν
2775 1905 2869 1959 τοῦ
2930 1904 3168 1972 μεγάλου
3205 1904 3464 1974 κήρυκος,
3494 1903 3577 1955 ὅτι
3604 1902 3707 1953 οὐκ
3732 1902 3797 1952 ἐν
3824 1900 3998 1969 οἰκίᾳ,

2406 1997 2527 2050 οὐδὲ
2558 1999 2615 2049 ἐν
2652 1996 2843 2067 γωνίᾳ,
2899 1996 3036 2047 ἀλλά
3064 1996 3157 2048 τὸν
3207 1995 3480 2065 Ἰορδάιην
3540 1991 3890 2055 καταλαὸὼν,
3944 1993 4001 2043 ἐν

2409 2089 2560 2160 μέσῳ
2589 2088 2827 2158 πλήθους
2851 2089 3025 2142 ταῦτα
3046 2088 3175 2159 περὶ
3210 2088 3448 2158 Χριστοῦ
3480 2087 3846 2157 ἀνεκήρυττε.
3878 2086 3999 2153 Χρὴ

2406 2184 2459 2236 δὲ
2497 2182 2809 2250 γινώσκειν,
2843 2182 2924 2235 ὅτι
2954 2184 3021 2234 τὰ
3047 2181 3251 2253 ἀκριϐῆ
3290 2181 3399 2234 τῶν
3449 2180 3830 2250 ἀντιγράφων,
3885 2197 3903 2228 ι
3943 2179 4002 2229 ἐν

2406 2276 2725 2347 Βηθαὸαρᾷ,
2755 2296 2774 2327 ι
2812 2276 2959 2346 ἔχει·
3000 2278 3033 2345 ἡ
3062 2277 3170 2344 γὰρ
3199 2276 3439 2343 Βηθανία.
3496 2276 3619 2344 οὖχὶ
3680 2273 3861 2343 πέραν
3904 2272 4002 2326 τοῦ

2419 2367 2703 2437 Ἰορδάνου.
2732 2368 2849 2421 ἀλλ’
2874 2367 3040 2435 ἐγγύς
3070 2384 3173 2421 που
3208 2368 3317 2419 τῶν
3355 2366 3751 2437 Ἰεροσολύμων
3788 2365 3964 2419 ἐστίν.

2481 2476 2500 2508 ι
2530 2459 2608 2527 Τῇ
2662 2457 2926 2527 ἐπαύριον
2961 2457 3149 2527 βλέπει
3186 2458 3264 2526 (a)
3294 2458 3387 2511 τὸν
3432 2457 3646 2527 Ἰησοῦν
3698 2457 4002 2526 ἐρχόμενον

2405 2552 2543 2620 πρὸς
2573 2551 2758 2615 αὑτὸν,
2791 2552 2885 2604 καὶ
2907 2550 3057 2619 λέγει
3077 2567 3092 2581 ·
3127 2552 3233 2604 Ἴδε
3263 2552 3292 2603 6
3322 2551 3494 2620 ἀμνὸς
3534 2550 3630 2603 τοῦ
3662 2551 3826 2613 Θεοῦ,
3858 2551 3889 2602 6
3912 2552 4001 2603 αῖ-

2409 2664 2518 2715 ρων
2550 2645 2648 2718 τὴν
2684 2643 2961 2714 ἁμαρτίαν
2990 2642 3085 2696 τοῦ
3123 2645 3354 2711 κόσμου.
3390 2662 3409 2694 ι
3448 2642 3697 2711 Συνεχῶς
3724 2642 3755 2693 6
3793 2641 4002 2711 Κύριος

2406 2737 2628 2807 ἔρχεται
2657 2737 2792 2808 πρὸς
2816 2736 2907 2789 τὸν
2926 2735 3429 2806 Πρόδρομον’τίνος
3454 2735 3752 2799 Evasi:fo
3779 2734 4001 2794 πάντως

2405 2828 2593 2900 ἐπειδὴ
2621 2829 2696 2891 ὡς
2726 2822 2807 2892 εἷς
2845 2828 2956 2881 τῶν
2997 2828 3209 2881 πολλῶν
3238 2826 3542 2896 ἐδαπτίσθη
3568 2827 3662 2880 καὶ
3696 2826 3863 2889 αὐτὸς
3895 2827 4003 2879 ὑπὸ

2417 2923 2689 2989 Ἰωάννου,
2728 2922 2816 2975 ἵνα
2849 2921 2923 2991 μὴ
2960 2920 3227 2990 νομίσωσί
3260 2936 3425 2981 τινες,
3461 2919 3541 2972 ὅτι
3587 2919 3665 2981 ὡς
3694 2916 4001 2987 ἁμαρτίαις

2403 3015 2586 3086 ἔνοχος
2605 3014 2682 3070 ὢν
2707 3016 2902 3084 ἐπίσης
2918 3014 3056 3084 (Ml,
3084 3013 3197 3076 τοῖς
3222 3011 3403 3073 ἄλλοις
3419 3010 3777 3073 ἐϐαπτίσατο,
3794 3010 4003 3077 ταύτην

2402 3108 2501 3180 τήν
2535 3109 2792 3163 ὑπόνοιαν
2816 3105 3213 3176 διορθώσασθαι
3250 3104 3570 3175 βουλόμενος
3600 3104 3628 3155 ό
3659 3101 4002 3173 Βαπτιστὴε,

720 3199 858 3251 hanc
924 3197 1258 3264 Opinionem.
1308 3192 1437 3250 Ideo
1484 3205 1537 3249 et
1586 3193 1824 3264 Baptista
1882 3195 2035 3258 dicit,
2090 3217 2108 3247 ι
2164 3198 2301 3252 Ecce

2407 3202 2600 3272 φησίνο
2632 3221 2653 3252 ι
2684 3200 2830 3255 Ἱδεό
2861 3198 3036 3264 ἀμνὸς
3066 3196 3160 3250 τοῦ
3193 3196 3355 3260 Θεοῦ,
3394 3200 3423 3251 6
3451 3197 3626 3265 αἴρων
3658 3193 3758 3246 τοῦ
3791 3194 4001 3262 κόσμου

717 3306 888 3359 agnus
920 3290 1033 3359 Dei,
1057 3290 1147 3359 qui
1188 3289 1329 3344 tollit
1359 3298 1579 3358 peccata
1614 3288 1815 3341 mundi.
1846 3307 1864 3339 ι
1896 3288 2027 3342 Nam
2069 3292 2159 3358 qui
2194 3304 2298 3342 tam

2404 3296 2503 3363 τὴν
2536 3295 2834 3363 ἁμαρτίαν.
2874 3310 2891 3342 ι
2937 3293 2993 3345 '0
3024 3292 3132 3361 γὰρ
3153 3291 3297 3344 οὕτω
3338 3290 3600 3360 καθαρὸςξ
3620 3290 3765 3343 ὥστε
3796 3291 3895 3342 καὶ
3937 3291 4006 3343 τὰ

716 3400 882 3453 purus
904 3396 1005 3449 est,
1041 3396 1097 3439 ut
1131 3385 1361 3447 aliorum
1397 3393 1616 3451 peccata
1657 3384 1845 3443 tollere
1882 3394 1935 3438 et
1966 3385 2185 3439 abolere
2209 3402 2301 3438 va-

718 3477 845 3543 leat,
876 3478 1220 3532 manil'eswm
1254 3480 1394 3546 quod
1424 3494 1531 3537 non
1562 3477 1835 3546 acceperit
1868 3477 2153 3545 requialiter
2178 3494 2299 3531 cum

713 3571 835 3626 aliis
875 3572 1238 3626 confessionis
1273 3571 1566 3639 baptisma.
1608 3569 1846 3639 Exquire
1873 3580 2055 3624 autem
2081 3570 2304 3640 diligen-

715 3673 798 3716 ter
818 3663 917 3717 huc
943 3663 1164 3720 dictum.
1198 3681 1217 3714 ι
1254 3661 1393 3717 Ecce
1424 3678 1595 3733 agnus
1618 3663 1707 3716 ille
1739 3662 1831 3717 Dei
1870 3680 1883 3714 :
1919 3683 1939 3723 ι
1972 3663 2093 3732 quia
2123 3678 2301 3719 sermo

712 3766 797 3810 est
827 3756 890 3807 ad
926 3756 1209 3825 cupientes
1252 3767 1307 3809 ct
1348 3764 1659 3826 quaerentes
1696 3756 1883 3810 videre
1917 3755 2068 3810 illum
2103 3773 2300 3826 agnum

712 3849 805 3918 qui
839 3849 907 3904 ab
934 3848 1066 3903 lsaia
1104 3850 1391 3920 praedictus
1417 3860 1518 3904 est.
1576 3851 1738 3913 Ecce,
1778 3851 1974 3919 inquit,
2011 3866 2181 3920 agnus
2213 3850 2301 3907 ille

712 3944 801 4011 qui
849 3945 1131 4012 quaaritur,
1163 3959 1291 3999 ecce
1341 3948 1515 4008 adest.
1586 3944 1884 4000 Probabile
1913 3944 2061 3998 enim
2102 3944 2299 4015 multos

723 4037 1042 4106 prephetico
1115 4037 1255 4093 libro
1313 4036 1469 4101 Isaia:
1533 4039 1757 4092 edoctos
1788 4038 2106 4105 quaesivisse
2144 4038 2296 4107 quis-

712 4145 833 4182 n.un
861 4130 951 4184 ille
972 4145 1143 4198 agnus
1164 4129 1771 4199 esset..lgiturloannes
1794 4130 2129 4185 demonstrat
2149 4144 2295 4188 eum.

714 4220 824 4275 Non
863 4222 1002 4275 dixit
1036 4232 1239 4286 antem,
1272 4237 1467 4291 agnus,
1530 4223 1625 4277 sed
1664 4222 1821 4287 dixit,
1860 4240 1878 4272 ι
1922 4221 2013 4275 ille
2040 4237 2230 4291 agnus.
2272 4238 2291 4270 ι

712 4311 844 4367 Nam
874 4314 1027 4370 multi
1057 4315 1274 4384 quidem
1308 4314 1453 4384 agni,
1480 4316 1620 4367 sicut
1648 4324 1704 4369 et
1738 4314 1892 4367 multi
1923 4313 2123 4369 Christi
2150 4331 2169 4369 ι
2202 4316 2297 4369 sed

712 4408 801 4461 ille
856 4416 941 4460 est
985 4422 1145 4469 verus
1185 4421 1361 4473 agnus
1414 4407 1569 4476 quia
1617 4406 1765 4460 Mose
1815 4409 2098 4479 ﬁguratur,
2130 4418 2185 4462 et
2231 4410 2299 4462 ab

709 4500 845 4555 Isaia
886 4501 1218 4569 prasdicitur.
1257 4499 1426 4558 Porro
1461 4516 1631 4568 agnus
1697 4500 1797 4557 Dei
1842 4502 2043 4555 dicitur
2106 4501 2295 4555 ϐίη-ἰε-

2405 3385 2514 3437 τῶν
2544 3384 2719 3448 ἄλλων
2752 3384 3129 3455 ἁμαρτήματα
3158 3386 3337 3453 αἴρειν
3386 3385 3479 3437 καὶ
3516 3382 3833 3452 ἀφανίζειν,
3868 3384 4002 3453 πρό-

2404 3477 2586 3547 δηλον,
2622 3478 2702 3530 ἔτι
2730 3477 2829 3531 οὑκ
2865 3476 2932 3530 ἂν
2970 3477 3031 3529 τὸ
3058 3475 3160 3544 τῆς
3214 3477 3661 3546 ἐξομολογήσεως
3709 3476 4002 3545 βάπτισμα

2403 3570 2602 3639 ἐπίσης
2627 3572 2739 3633 τοῖς
2779 3570 2963 3634 ἄλλοις
2992 3569 3235 3636 ἐδέξατο.
3274 3570 3558 3635 Ἐξέτασον
3586 3569 3643 3623 δέ
3675 3587 3768 3638 μοι
3817 3570 3914 3623 καὶ
3942 3571 4001 3622 τὸ

2404 3663 2571 3733 ρητόν
2590 3680 2601 3691 ο
2626 3681 2644 3713 r
2672 3663 2776 3722 Ἴδε
2801 3666 2829 3716 ό
2855 3663 3027 3733 ἀμνὸς
3054 3662 3159 3716 τοῦ
3181 3662 3375 3725 Θεοῦ,ι
3393 3662 3468 3725 ὡς
3492 3662 3629 3732 πρὸς
3659 3662 3999 3733 ἐπιθυμοῦν-

2402 3773 2501 3820 τας
2535 3756 2664 3810 ἰδεῖν
2692 3758 2785 3810 τὸν
2812 3756 2917 3809 ὑπὸ
2949 3757 3043 3810 τοῦ
3088 3756 3315 3811 Ἡσαΐου
3360 3756 3774 3825 κηρυττόμενον
3803 3757 3998 3827 ἀμνὸν,

2403 3850 2432 3902 6
2475 3849 2632 3916 λόγος
2684 3850 2851 3902 ἐστίν.
2890 3850 2997 3902 Ἴδε
3029 3852 3057 3902 ὀ
3087 3848 3279 3918 ἀμνὸς,
3332 3850 3520 3917 φησὶν,
3562 3850 3589 3902 6
3636 3847 3997 3918 ζητούμενος,

2403 3943 2609 4005 ἐκεῖνος
2661 3942 2688 3994 6
2714 3942 2885 4010 ἀμνὸς
2917 3942 3027 3994 ἰδοὺ
3059 3943 3346 4011 πάρεστιν.
3380 3942 3545 4005 Εἰκὸς
3597 3943 3730 4012 γὰρ,
3770 3941 3999 4003 πολλοὺς

2402 4035 2468 4105 τῇ
2500 4036 2808 4105 προφητικῇ
2852 4033 2947 4086 τοῦ
2990 4033 3210 4088 Ἡσαΐου
3267 4032 3435 4103 βίϐλῳ
3482 4033 3997 4103 ἐμμελιτήσαντας,

2402 4127 2588 4196 ζητεῖν
2616 4127 2696 4189 τίς
2730 4125 2797 4179 ἂν
2829 4126 2913 4195 εἴη
2947 4128 2975 4178 6
3019 4126 3209 4196 ἀμνός.
3250 4126 3310 4178 Ὁ
3334 4126 3515 4179 τοίνυν
3573 4126 3834 4196 Ἰωάννης
3864 4128 3998 4180 ὑπο·

2400 4221 2675 4281 δείκνυσιν
2732 4220 2929 4275 αὐτόν·
2989 4220 3089 4275 οὐκ
3154 4215 3277 4273 εἷπε
3352 4221 3430 4285 δέ,
3492 4221 3686 4291 ἀμνὸς,
3737 4221 3879 4287 ἀλλ’,
3920 4240 3938 4272 ι
3972 4224 3999 4275 6

2402 4316 2593 4385 ἀμνός.
2630 4334 2649 4369 ι
2685 4313 2878 4367 Πολλοὶ
2912 4314 3012 4383 μὲν
3059 4314 3171 4383 γὰρ
3206 4314 3394 4382 ἀμνοὶ,
3430 4312 3623 4385 ὥσπερ
3678 4313 3777 4367 καὶ
3813 4315 4000 4367 πολλοὶ

2403 4406 2630 4476 Χριστοί
2655 4420 2669 4434 ο
2721 4404 2835 4458 ἀλλ’
2872 4406 2904 4465 ὁ,
2934 4404 3188 4474 ἀληθινὸς
3237 4404 3410 4474 ἀμνὸς
3453 4408 3481 4459 6
3514 4404 3666 4474 παρά
3696 4405 3873 4475 Manil
3907 4423 3997 4457 τυο

2404 4502 2699 4570 πούμενος,
2750 4500 2844 4552 καὶ
2886 4500 3037 4569 παρά
3096 4498 3322 4556 Ἠσαῖου
3363 4500 3796 4569 κηρυττόμενος,
3844 4495 3997 4562 οὗτός

708 4607 813 4656 tus,
871 4594 987 4647 sive
1049 4595 1189 4663 quod
1220 4594 1362 4650 Deus
1394 4594 1667 4666 acceperit
1691 4604 1919 4648 mortem
1947 4594 2149 4649 Christi
2199 4610 2302 4663 pro

2404 4597 2542 4649 ἐστι.
2575 4592 2681 4647 Τοῦ
2711 4592 2845 4646 Θεοῦ
2872 4594 2927 4646 δὲ
2973 4593 3187 4661 λέγεται
3221 4594 3394 4662 ἀμνὸς
3423 4597 3451 4646 ὁ
3475 4594 3730 4663 Χριστὸς,
3766 4595 3878 4647 eiu
3907 4592 3995 4647 τοῦ

708 4696 890 4739 nostra
957 4687 1172 4750 salute,
1237 4686 1352 4740 sive
1411 4686 1554 4755 quod
1632 4687 1773 4739 Deus
1803 4686 2093 4743 tradiderit
2134 4688 2287 4744 illum

706 4792 803 4843 pro
837 4777 991 4831 nobis
1024 4778 1090 4831 ad
1124 4787 1354 4831 mortem
1382 4796 1401 4834 ι
1430 4778 1896 4851 quemadmodum
1940 4779 2124 4837 dicere
2152 4781 2295 4836 sole-

708 4887 824 4926 mus
858 4890 871 4923 :
905 4871 1247 4941 Sacriﬁcium
1284 4875 1385 4926 hoc
1413 4872 1558 4930 illius
1586 4881 1693 4936 est,
1751 4875 1851 4933 hoc
1874 4886 1979 4940 eat,
2012 4874 2102 4927 ille
2130 4877 2295 4930 sacri-

704 4968 884 5020 ﬁcium
922 4969 1023 5021 hoc
1072 4965 1285 5025 obtulit.
1336 4965 1428 5018 Sic
1482 4966 1647 5034 igitur
1690 4974 1744 5020 et
1786 4966 2051 5021 Dominus
2096 4967 2293 5021 dicitur

702 5074 874 5130 agnus
904 5057 1019 5121 Dei,
1044 5057 1271 5127 eoquod
1312 5055 1455 5117 Deus
1498 5056 1679 5124 Pater,
1712 5069 1934 5129 prapter
1966 5058 2291 5114 charitatem

701 5165 855 5205 suam
890 5165 1017 5219 erga
1049 5165 1169 5216 nos,
1198 5149 1348 5202 illum
1380 5150 1589 5205 dederit
1620 5153 1686 5207 ad
1718 5162 1974 5208 mortem.
2006 5150 2126 5206 Non
2161 5153 2295 5207 dixit

715 5252 931 5308 autem,
967 5243 1070 5309 Qui
1122 5244 1349 5307 abstulit
1390 5254 1691 5317 peccatum,
1747 5245 1861 5311 sed,
1902 5266 1919 5299 ι
1955 5245 2058 5314 Qui
2103 5245 2238 5308 tollit
2268 5265 2287 5298 ι

777 5428 820 5461 ’⁸
864 5428 966 5482 lsa.
1018 5443 1139 5491 Llll,
1176 5428 1209 5483 9
1236 5439 1289 5481 et
1316 5426 1334 5497 l
1358 5428 1506 5483 Petr.
1543 5444 1603 5493 ll,
1628 5426 1721 5496 29..

2400 4686 2536 4739 Θεοῦ
2565 4686 2640 4751 ὡς
2674 4687 3117 4757 προσδεξαμένου
3148 4685 3242 4738 τὸν
3294 4688 3387 4739 ἐπὶ
3432 4687 3683 4761 σωτηρίᾳ
3712 4677 3875 4757 ἡμῶν
3908 4687 3997 4739 θά-

2399 4797 2558 4833 νατον
2587 4779 2682 4833 τοῦ
2712 4779 2975 4850 Χριστοῦ,
3026 4780 3139 4833 εἴτε
3185 4779 3261 4843 ὼς
3303 4779 3401 4833 τοῦ
3436 4779 3575 4833 Θεοῦ
3600 4780 3789 4842 δόντος
3839 4782 3995 4835 αὑτὸν

2402 4872 2546 4941 ὑπὲρ
2577 4872 2739 4941 ἡμῶν
2784 4874 2865 4934 είς
2897 4872 3151 4926 θάνατον.
3193 4873 3409 4945 Ὠσπερ
3443 4866 3718 4944 εἰώθαμεν
3778 4875 3957 4943 λέγειν
3979 4890 3995 4905 '

2404 4963 2535 5018 Τόδε
2572 4966 2632 5017 τὸ
2677 4964 2825 5035 θῦμα
2852 4963 2944 5016 τοῦ
2995 4966 3165 5029 δείνός
3195 4968 3367 5029 ἐστιν,
3413 4968 3538 5019 ἀντὶ
3563 4966 3695 5020 τοῦ·
3740 4969 3803 5022 ’0
3854 4969 3997 5023 δεῖνα

2402 5057 2563 5109 τοῦτο
2594 5057 2951 5127 προσήγαγεν
2976 5073 2987 5086 ·
3022 5056 3196 5120 οὓτως
3230 5057 3325 5111 οῦν
3353 5058 3447 5111 καὶ
3485 5060 3513 5113 6
3544 5058 3753 5130 Κύριος
3782 5060 3997 5131 λέγεται

2404 5150 2574 5221 ἀμνὸς
2624 5150 2717 5203 τοῦ
2752 5148 2911 5215 Θεοῦ,
2964 5148 3041 5214 ὡς
3088 5150 3184 5203 τοῦ
3214 5150 3352 5204 Θεοῦ
3410 5152 3507 5205 καὶ
3540 5153 3759 5223 [πατρὸς
3786 5154 3875 5209 διὰ
3903 5155 3997 5223 τήν

2404 5242 2542 5313 πρὸς
2570 5242 2717 5312 ἡμᾶς
2765 5241 2989 5312 ἀγάπην
3045 5241 3226 5306 δόντος
3282 5242 3449 5311 αὑτὸν
3496 5244 3579 5306 είς
3614 5244 3834 5317 σφαγὴν
3865 5244 3997 5313 ὑπὲρ

1691 5574 1782 5635 Ex
1819 5572 2169 5633 collatione
2207 5570 2397 5637 codd.
2431 5572 2657 5633 Venet.
2690 5574 2751 5634 S.
2788 5571 3011 5659 marci.

773 5702 887 5766 (Μ)
913 5700 1085 5754 Codd.
1111 5699 1182 5753 26
1202 5709 1251 5752 et
1273 5699 1341 5754 50
1372 5699 1450 5752 sic:
1478 5718 1489 5748 :
1519 5698 1749 5765 Ἐπίσης
1780 5700 1891 5757 τοῖς
1934 5697 2111 5760 ἄλλοις
2170 5697 2301 5749 ἐὸαο

701 5773 952 5835 urticam.
986 5771 1086 5824 Διά
1109 5770 1271 5824 τοῦτο
1316 5770 1481 5823 πάλιν
1506 5769 1728 5839 ἔρχεται
1761 5768 1937 5830 διδοὺς
1967 5768 2044 5837 τῷ
2072 5769 2298 5839 Ἰωάννῃ

2409 5699 2614 5821 Erlth
2640 5698 2737 5785 τήν
2762 5698 3021 5821 ὑπόνοὶαν
3054 5696 3480 5767 διορθώσασθαι.
3515 5698 3609 5752 Διὸ
3650 5700 3744 5754 καί
3773 5720 3929 5773 φησιν
3959 5703 3989 5756 6

2456 5787 2747 5821 απτιστττς.
2778 5788 2829 5821 κ.
2855 5786 2905 5821 τ.
2981 5812 2993 5821 .

2456 5787 2747 5839 απτιστης,
2778 5788 2829 5823 κ.
2855 5786 2905 5823 τ.
2945 5786 2993 5825 Α.

778 5893 850 5961 (a)
888 5891 941 5960 lu
978 5902 1125 5954 textu
1159 5892 1313 5948 deest
1345 5893 1371 5945 ό
1413 5888 1685 5957 Ἰωάννης,
1736 5891 1811 5944 ιιιί
1853 5892 1904 5944 in
1951 5889 2070 5944 aliis
2112 5888 2392 5957 codicibus
2426 5892 2563 5963 apud
2597 5889 2755 5945 Jonu.
2797 5887 3021 5945 Milliuiu
3050 5889 3117 5945 ad
3156 5888 3298 5945 hunc
3328 5887 3529 5961 locum.
