4218 6424
250 433 382 501 1181

924 432 1292 507 ENARBAT
1296 431 1383 492 10
1414 430 1494 492 1N
1537 429 1851 491 EVANGE.

1957 429 2043 491 JM
2083 429 2434 492 JOANNIS.
2478 455 2544 466 —
2583 427 2748 492 CAP.
2785 427 2837 487 Ι.

3426 415 3567 481 118ὶ

244 551 322 612 ὡς
353 549 653 618 δπισήμου,
688 547 780 599 καὶ
806 547 882 610 ὡς
907 548 1001 598 τὸν
1028 546 1161 600 ἴδιον
1190 545 1424 612 ἀδελφὸν
1459 544 1847 612 προσαγαγόν-

1957 556 2095 611 erat,
2127 556 2181 600 et
2211 545 2516 599 adducebat
2541 559 2700 598 suum
2738 542 2982 594 fratrem.
3017 537 3152 592 Vide
3176 545 3381 600 autem,
3407 535 3568 589 obse-

242 660 356 708 τος.
385 643 529 711 Ὅρα
557 639 616 693 δέ
648 656 739 709 μοι
785 637 1164 705 φιλαδελειιίαν,
1205 635 1322 699 πῶς
1357 636 1457 688 οὐκ
1486 635 1851 706 ἀπεκρύψατο

1957 655 2076 705 cro,
2113 649 2378 706 quantum
2429 639 2700 690 amaverit
2754 636 3010 695 fratrem,
3046 642 3102 687 et
3145 629 3425 698 quomodo
3460 643 3567 679 non

241 736 336 786 τὸν
370 731 598 800 ἀδελφὸν
644 730 706 784 τὸ
758 731 990 798 ἀγαθὸν,
1039 729 1177 783 ἀλλὰ
1231 729 1512 782 κοινοῦται
1560 727 1713 796 αύτῷ
1756 729 1849 781 τὸν

242 825 544 896 θησαυρὸν,
577 825 670 876 καὶ
705 825 1067 893 περιχαρείας
1113 822 1302 891 φωνὴν
1332 823 1580 891 ἀφίησιν,
1616 842 1634 872 ς
1667 822 1850 891 Εύρηο

242 931 446 983 καμεν,
479 933 496 965 ι
537 913 752 979 λέγων-⁸
781 914 855 975 ὡς
897 914 1043 965 ἔοικε
1088 913 1222 980 γὰρ,
1277 914 1343 964 ὲκ
1383 909 1582 965 πολλοῦ
1617 911 1850 965 ἐπόθουν

241 1010 342 1060 καὶ
384 1006 662 1074 ἐμελέιων
699 1006 800 1075 τὴν
840 1007 1093 1073 ζήτησιν.
1146 1006 1259 1058 Καὶ
1316 1005 1414 1073 οὐχ
1447 1004 1636 1066 ἁπλῶς
1671 1003 1845 1072 λέγει,

247 1099 526 1161 Μεσσίαν,
562 1096 723 1154 ἀλλὰ,
762 1113 780 1145 ι
819 1095 913 1147 τὸν
943 1095 1213 1162 Μεσσίαν,
1268 1113 1286 1145 ι
1323 1094 1461 1163 μετὰ
1492 1093 1586 1146 τοῦ
1613 1092 1844 1164 ἄρθρου,

241 1190 457 1240 ἐκεῖνον
479 1187 640 1240 αὐτὸν
666 1187 760 1239 τὸν
784 1185 989 1256 κυρίως
1012 1186 1145 1239 ὄντα
1165 1187 1424 1254 Χριστόν.
1466 1184 1525 1238 '0
1547 1187 1655 1256 γὰρ
1680 1201 1850 1252 προσο

241 1282 556 1350 δοκώμενος
597 1282 782 1343 αὐτοῖς
837 1278 915 1344 εἷς
946 1278 1034 1351 ἦν,
1065 1283 1114 1333 εί
1145 1282 1243 1334 καὶ
1269 1281 1456 1333 πολλοὶ
1501 1280 1730 1349 Χριστοὶ
1755 1281 1851 1332 καὶ
1877 1263 1888 1278 ’

241 1377 353 1428 υἱοὶ
375 1376 468 1427 τοῦ
496 1372 630 1426 Θεοῦ
659 1373 1152 1444 προσηγορεύοντο.
1189 1374 1404 1442 Ἤγαγε
1436 1373 1492 1425 δὲ
1516 1374 1684 1426 αὐτὸν
1713 1374 1848 1444 πρὸς

239 1469 338 1520 τὸν
376 1467 604 1537 Ἰησοῦν,
640 1469 739 1536 οὐχ
771 1467 847 1530 ὡς
873 1466 1102 1520 εὖκολον
1126 1466 1257 1519 ὄντα
1280 1467 1344 1519 τὸ
1381 1462 1537 1535 ἦθος,
1567 1466 1663 1519 καὶ
1687 1466 1851 1518 πανιιῆΙ

241 1559 390 1628 λόγῳ
437 1548 1018 1627 συμπεριφερόμενον,
1067 1555 1183 1609 ἀλλ’
1227 1555 1303 1620 ὡς
1353 1556 1482 1620 ὀξὺν
1518 1555 1724 1623 μᾶλλον
1755 1555 1852 1608 καὶ

244 1650 475 1721 θερμὸν,
523 1651 617 1703 καὶ
673 1649 896 1717 εὐφυῶς
945 1649 1400 1719 παραδεξάμενον
1462 1648 1590 1710 τοὺς
1635 1647 1851 1714 λόγους,

239 1743 338 1806 οὓς
369 1741 521 1812 αὐτῷ
549 1745 770 1814 εἴρηκεν
801 1744 828 1795 6
856 1740 1085 1808 ἁδελφὸς
1112 1742 1241 1813 περὶ
1264 1740 1527 1810 Χριστοῦ.
1557 1740 1718 1802 Είκὶις
1742 1740 1853 1808 γὰρ

238 1838 335 1889 τὸν
382 1837 639 1907 Ἀνδρέαν
666 1836 838 1889 πλείω
859 1834 1214 1904 διαλεχθῆναι
1260 1834 1437 1904 αὐτῷ,
1485 1836 1579 1887 καὶ
1607 1835 1853 1902 ἀκριϐῶς

239 1929 312 1980 ςά
347 1930 478 1997 περὶ
517 1926 759 1998 Χριστοῦ
802 1925 1154 1995 ὲπαγγεῖλαι,
1184 1927 1281 1980 au
1330 1926 1482 1996 παρὰ
1517 1926 1595 1996 τῷ
1628 1926 1856 1995 Χριστῷ

254 2022 521 2089 μείναντα
563 2022 671 2075 ,καὶ
715 2020 1034 2090 διδαχθέντα
1081 2020 1469 2091 μυστικώτερά
1497 2037 1642 2073 τινα.
1695 2020 1756 2072 Εἰ
1794 2019 1854 2072 δὲ

239 2117 496 2183 ἐπιμένοι
543 2133 625 2177 τις
671 2115 930 2168 εὐκολίαν
990 2117 1432 2181 καταγινώσκων
1477 2114 1574 2169 τοῦ
1617 2105 1862 2184 Πέτρου,⁸

242 2208 565 2279 μανθανέτω
605 2211 700 2265 καὶ
745 2208 924 2270 τοῦτο,
954 2210 1038 2262 ὅτι
1071 2208 1198 2261 οὐδὲ
1229 2208 1568 2278 γέγραπται,
1600 2209 1684 2261 ὅτι
1723 2209 1852 2262 ἐπί-

241 2319 472 2354 στευσεν
499 2301 661 2365 εὐθὺς
684 2301 764 2372 τῷ
797 2302 1050 2371 ’Δνδρέῃ
1076 2300 1191 2355 ἀλλ’
1222 2303 1308 2355 ὅτι
1342 2321 1361 2354 t
1394 2301 1608 2372 ἢγαγεν
1682 2302 1853 2356 αὐτὸν

239 2394 379 2463 πρὸς
423 2395 516 2446 τὸν
567 2394 800 2460 Ἰησοῦν,
843 2415 862 2448 ι
899 2396 1040 2465 ὅπερ
1077 2393 1281 2464 μᾶλλον
1334 2395 1573 2467 στερρἄ
1613 2397 1856 2458 διανοίας

240 2493 337 2544 καὶ
361 2491 421 2542 ού
448 2490 1013 2561 συμπεριφερομένης
1036 2490 1208 2544 ἐστίν.
1268 2489 1348 2542 Οὐ
1373 2489 1484 2559 γὰρ
1506 2487 1696 2551 ἁπλῶς
1721 2506 1855 2558 παρ-

242 2585 330 2636 cii
342 2583 470 2647 ξατο
492 2583 616 2645 τοὺς
655 2582 903 2653 Ἀνδρέου
933 2581 1148 2651 λόγους,
1173 2581 1288 2635 ἀλλ’
1314 2581 1584 2650 ἠθέλησεν
1604 2580 1733 2632 ἰδεῖν
1761 2581 1856 2633 καὶ

236 2675 336 2725 τὸν
371 2674 642 2743 Χριστόν·
679 2672 768 2725 ἴνα
801 2674 849 2725 εί
885 2673 986 2742 μὲν
1016 2671 1156 2743 εῦρη
1185 2690 1241 2726 τι
1273 2671 1581 2739 ἀξιόλογον,
1615 2671 1851 2724 ακολου-

239 2764 403 2836 θήσῃ.
421 2767 468 2820 si
488 2765 545 2818 δὲ
573 2763 692 2829 οὒκ,
718 2765 1038 2837 ἀναποὸίσῃ·
1060 2763 1201 2818 ὥστε
1219 2765 1279 2816 τὸ
1307 2763 1568 2836 ἀχθῆναι,
1595 2765 1733 2834 πρὸς
1761 2765 1855 2815 τὸν

255 2858 468 2929 Ἰησοῦν
525 2860 627 2912 οὐκ
655 2858 933 2928 εὐηθείας,
965 2856 1082 2911 ἀλλ’
1110 2857 1402 2928 ἁκριὸείας
1439 2857 1754 2928 γνώρισμα.
1787 2855 1854 2908 Τί

240 2951 337 3021 οὖν
359 2953 389 3007 6
407 2951 608 3024 Κύριος
630 2970 646 3019 ;
681 2953 816 3022 ’Δίπδ
834 2950 928 3004 τοῦ
951 2950 1333 3023 προφητεῦσαι
1354 2949 1697 3019 περὶαύτοῦ,
1718 2950 1858 3002 ἀπο-

239 3047 540 3100 καλύπτειν
582 3045 818 3115 ἄρχεται
861 3044 1012 3114 αὑτῷ
1045 3045 1262 3099 ἑαυτόν.
1303 3043 1460 3106 Ἐπεὶ
1485 3043 1597 3114 γὰρ
1630 3043 1686 3095 αί
1717 3059 1854 3112 προ-

239 3141 465 3213 φητείαι
485 3137 639 3190 οὐδὲν
658 3136 882 3190 ἔλαττον
906 3136 1017 3194 τῶν
1041 3137 1311 3206 σημείων,
1333 3137 1384 3189 ei
1412 3135 1488 3206 μὴ
1507 3139 1600 3188 καὶ
1626 3135 1850 3206 μᾶλλον,

243 3233 496 3285 πείθουσι
525 3233 652 3295 τοὺς
690 3230 1042 3302 ἀνθρώπους,
1089 3230 1428 3303 προφητεύει
1460 3232 1592 3301 περὶ
1620 3230 1716 3283 τοῦ
1749 3231 1848 3284 Πέ-
1877 3267 1922 3325 C

236 3342 392 3394 τρου.
421 3345 438 3375 ι
465 3326 682 3396 Σῦγὰρ,
708 3331 905 3395 φησὶν,
923 3320 974 3380 εἷ
998 3325 1184 3395 Σίμων
1211 3326 1328 3387 υἱὸς
1363 3326 1570 3378 Ἰωνᾶς»
1603 3321 1724 3379 εἶτα
1751 3326 1848 3378 καὶ

235 3421 300 3484 τὸ
335 3421 550 3490 μέλλον·
590 3439 607 3470 ι
652 3421 724 3473 Σὺ
751 3422 1002 3493 κληθήσῃ
1028 3423 1250 3492 Κηφᾶς.
1292 3439 1311 3471 ι
1359 3420 1494 3473 Ἀπὸ
1526 3419 1635 3492 ’,ἀρ
1660 3421 1755 3474 τοῦ
1787 3421 1849 3475 τὸ

239 3515 420 3585 παρὸν
445 3518 641 3578 εἰπεῖν,
669 3515 766 3569 καὶ
802 3515 864 3567 τὸ
901 3515 1096 3584 μέλλον
1127 3514 1439 3570 πιστοῦται.
1467 3516 1584 3569 Οὐκ
1615 3513 1736 3569 εἷπε
1766 3515 1846 3581 δὲ,

237 3610 322 3659 ἐτι
360 3607 593 3660 Καλέσω
629 3625 690 3661 σε
723 3609 837 3675 ἐγὼ
872 3609 1100 3678 Πέτρον,
1131 3609 1292 3675 ἀλλὰ,
1336 3628 1354 3662 ι
1401 3591 1739 3680 κληθήσῃςι
1769 3609 1848 3663 Οὐ

238 3703 349 3768 γὰρ
381 3698 642 3767 ἱιεοᾶλετο
681 3700 740 3764 ἐξ
773 3700 950 3770 ἀρχῆς
984 3701 1051 3753 τὰ
1081 3701 1182 3768 τῆς
1214 3701 1508 3765 αὺθεντίας
1536 3701 1850 3754 ἐπιδείκνυ-ι

239 3792 386 3852 σθαι,
443 3791 567 3842 ἐπεὶ
621 3791 741 3844 οὐδὲ
795 3789 942 3860 εἶχον
975 3792 1159 3845 πίστιν
1197 3792 1424 3862 βεϐαίαν
1469 3797 1599 3865 περὶ
1655 3793 1848 3852 αὐτοῦ.

239 3885 397 3947 Τίνος
431 3885 487 3946 δὲ
513 3886 702 3938 ἕνεκεν
731 3884 925 3940 τοῦτον
961 3885 1061 3956 μὲν
1099 3887 1304 3957 Πέτρον
1334 3889 1692 3958 ἐπονομάζει,
1721 3892 1849 3952 τοὺς

234 3981 294 4040 δὲ
320 3980 414 4032 τοῦ
448 3979 759 4037 Ζεὸεδαίου.
795 3980 948 4043 υἱοὺς
981 3979 1252 4051 βροντῆς;
1287 3980 1403 4035 Ἰνα
1429 3982 1606 4053 δείξῃ,
1639 3984 1722 4042 ὅτι
1753 3982 1850 4036 καὶ

238 4075 341 4145 τὴν
393 4072 640 4126 Παλαιὰν
676 4072 840 4134 αὑτός
866 4057 1039 4135 ,ἐστιν
1063 4073 1092 4124 6
1120 4071 1398 4137 δεδωκὼς,
1443 4074 1471 4126 6
1503 4074 1598 4126 καὶ
1625 4073 1694 4126 τὰ
1732 4074 1852 4127 ὀνό-

241 4184 415 4238 ματα,
469 4165 661 4237 ὥσπερ
718 4167 869 4228 τότε,
930 4167 1026 4219 καὶ
1076 4164 1174 4219 νῦν
1233 4167 1569 4237 μετατιθεὶς.
1643 4167 1740 4220 τόν
1786 4181 1848 4221 τε

238 4260 470 4330 Ἀϐραμ
523 4257 801 4329 Ἀϐραὰμ,
847 4259 941 4312 καὶ
968 4259 1068 4331 τὴν
1113 4261 1296 4327 Σάραν
1325 4261 1546 4333 Σάρραν
1584 4260 1846 4324 καλέσας.

240 4353 380 4424 Ἱσθι
423 4352 479 4406 δὲ
526 4353 610 4405 ὅτι
637 4353 822 4422 Σίμων
861 4352 1236 4424 ἑρμηνεύεται
1267 4375 1285 4408 ι
1327 4354 1566 4425 ὑπακοὴ,
1601 4374 1619 4408 ι
1666 4355 1853 4420 Ἰωνᾶς

235 4446 292 4498 δὲ
346 4465 362 4496 ι
402 4448 726 4516 περιστερά.
767 4464 786 4497 ι
833 4445 1039 4501 Τέκνον
1079 4442 1176 4509 οῦν
1206 4447 1309 4515 τῆς
1361 4447 1694 4518 πραότητος,
1727 4449 1851 4520 ἦτις

233 4536 327 4587 δ.ὰ
365 4537 465 4603 τῆς
514 4537 854 4605 περιστερᾶς
897 4536 1179 4606 δηλοῦται,
1205 4541 1239 4609 ἡ
1286 4539 1538 4609 ὑπακοή·
1579 4540 1606 4592 6
1646 4540 1711 4593 δὲ
1747 4542 1850 4610 τὴν

1955 734 2317 789 occultat-erit
2377 732 2446 785 ab
2494 748 2562 784 eo
2613 732 2856 793 bonum,
2905 729 3002 782 sed
3051 721 3482 779 communicarit
3518 719 3568 773 el

1957 827 2297 892 thesaurum,
2321 824 2679 892 emiset-itque
2714 820 3078 890 iucunditatis
3108 831 3322 880 vocem,
3355 833 3374 866 ι
3412 813 3570 867 Inve-

1959 921 2162 983 nimus,
2203 937 2221 970 ι
2250 920 2456 973 dicens.
2488 915 2552 970 Et
2587 913 2888 970 verisimile
2920 921 3024 974 εει,
3049 907 3195 976 quod
3230 905 3402 960 multo
3431 916 3572 958 tem-

1956 1018 2089 1080 pore
2122 1009 2492 1064 desiderariut
2520 1019 2569 1062 et
2602 1005 2847 1060 meditati
2880 1003 3084 1056 fuerint
3114 1012 3362 1067 qiuerere
3389 997 3566 1050 illum.

1957 1100 2143 1170 Neque
2173 1100 2500 1167 simpliciter
2533 1098 2668 1152 dicit
2700 1115 2713 1149 :
2746 1095 3028 1158 Messium,
3058 1092 3177 1157 sed,
3225 1088 3510 1142 «Messian:
3546 1103 3566 1137 ι

1955 1211 2081 1252 cum
2137 1195 2392 1256 articulo,
2450 1193 2600 1247 illum
2646 1192 2826 1260 ipsum
2882 1189 2977 1255 qui
3034 1185 3257 1254 proprie
3290 1193 3370 1237 est
3405 1182 3569 1236 Citri-

1956 1298 2096 1343 stus.
2142 1285 2295 1343 Unus
2350 1288 2498 1341 enim
2551 1295 2672 1339 erat
2702 1283 2794 1350 qui
2857 1282 2926 1334 ab
2986 1280 3067 1332 eis
3124 1279 3572 1346 exspectabatur,

1955 1381 2210 1453 quamvis
2264 1379 2416 1433 multi
2462 1377 2669 1432 Christi
2739 1386 2796 1428 et
2837 1371 2934 1426 lilii
2991 1371 3083 1425 Dei
3127 1369 3568 1440 appellarentur.

1957 1473 2200 1528 Adduxit
2230 1483 2412 1527 autem
2443 1471 2594 1524 illum
2625 1471 2691 1521 ad
2723 1466 2935 1528 Jesum,
2971 1479 3080 1518 non
3119 1463 3263 1531 quod
3300 1472 3409 1515 tam
3442 1459 3577 1512 levi-

1958 1567 2063 1622 bus
2091 1577 2239 1622 esset
2293 1563 2564 1628 moribus,
2612 1571 2673 1615 ut
2719 1560 2786 1613 ad
2835 1572 3055 1613 onmem
3100 1548 3412 1608 sermonem
3463 1549 3576 1603 eir-

1959 1659 2348 1722 cumferretur,
2414 1658 2508 1713 scd
2563 1655 2708 1726 quod
2776 1650 3011 1708 ferventi
3079 1655 3135 1701 et
3193 1645 3336 1699 bono
3392 1641 3578 1695 animo

1959 1759 2280 1817 susceperat
2303 1764 2589 1803 sermones
2617 1762 2756 1815 quos
2786 1745 2833 1799 ci
2867 1744 3083 1797 dixerat
3113 1739 3284 1792 frater
3309 1738 3374 1790 de
3415 1733 3580 1789 Chri-

1961 1851 2066 1895 sto.
2105 1838 2411 1895 Verisimile
2443 1837 2588 1892 enim
2620 1845 2727 1898 est,
2762 1833 2904 1901 quod
2937 1832 3191 1886 Andreas
3223 1827 3379 1896 plura
3425 1825 3579 1878 dixe-

1963 1934 2035 1988 rit
2065 1933 2138 1997 ei,
2172 1944 2227 1988 et
2251 1931 2546 1988 manifeste
2579 1927 2993 1985 annuntiaverit
3018 1927 3085 1977 de
3113 1923 3364 1984 Christo,
3392 1927 3580 1988 utpote

1961 2026 2189 2079 eductus
2220 2024 2522 2079 secretiora
2549 2022 2824 2090 qusmlam,
2858 2034 2923 2073 eo
2949 2017 3091 2086 quod
3119 2023 3400 2068 manserat
3435 2009 3579 2080 apud

1961 2119 2263 2174 Christum.
2320 2118 2477 2184 Quod
2515 2118 2559 2170 si
2603 2125 2921 2185 perseverat
2955 2111 3079 2182 quis
3131 2107 3410 2180 arguendo
3447 2103 3583 2158 fttciv

1960 2213 2168 2267 litatum
2222 2210 2389 2276 Petri,
2451 2211 2627 2265 tliSC;tl
2675 2220 2732 2264 et
2787 2210 2890 2264 hoc
2939 2223 3046 2260 non
3096 2219 3219 2259 esse
3284 2199 3578 2271 scriptum,

1961 2307 2106 2374 quod
2139 2305 2440 2360 crediderit
2473 2304 2661 2358 statim
2709 2302 2967 2363 Andreae,
3013 2300 3108 2354 scd
3145 2296 3292 2367 quod
3325 2295 3582 2350 Andreas

1962 2402 2179 2456 duxerit
2215 2401 2368 2454 illum
2401 2402 2465 2452 ad
2494 2397 2709 2462 Jesum,
2741 2397 2792 2451 id
2823 2396 2967 2466 quod
2999 2393 3173 2462 magis
3209 2390 3401 2446 solida:
3429 2403 3583 2442 men-

1963 2495 2034 2548 tis
2097 2493 2286 2556 fuerit,
2314 2503 2367 2544 et
2427 2508 2534 2546 non
2585 2491 2786 2559 quovis
2837 2498 3000 2544 vento
3033 2488 3403 2542 ρίιειιιιισριίιι.
3457 2478 3578 2561 Non

1960 2590 2103 2641 enim
2155 2587 2483 2657 simpliciter
2546 2586 2754 2654 recepit
2799 2598 3115 2639 sermonem
3166 2579 3428 2640 Andrea',
3484 2575 3578 2628 sed

1962 2680 2133 2733 voluit
2161 2678 2349 2733 videre
2389 2689 2445 2732 et
2497 2677 2806 2742 Christum,
2837 2685 2896 2728 ιιι
2943 2674 2988 2728 si
3027 2672 3250 2742 quidem
3303 2667 3582 2723 inveniret

1960 2775 2105 2842 quod
2152 2773 2376 2842 dignum
2429 2770 2567 2837 lide,
2619 2778 2967 2836 sequeretur,
3038 2768 3124 2819 sin
3189 2763 3394 2825 minus,
3452 2759 3583 2813 rosi-

1959 2865 2084 2920 liret
2118 2880 2133 2918 :
2161 2875 2215 2919 et
2247 2866 2319 2918 ita
2348 2864 2468 2918 duci
2517 2864 2582 2918 ad
2608 2861 2823 2925 Jcsum,
2854 2877 2959 2915 non
2991 2859 3153 2924 levis,
3195 2856 3290 2912 scd
3320 2853 3582 2909 studiosae

1961 2959 2163 3012 mentis
2213 2957 2660 3031 indiciumerat.
2697 2955 2838 3020 Quid
2883 2953 3050 3023 igitur
3106 2945 3410 3004 Dominus?
3446 2943 3582 3000 Pro-

1961 3054 2238 3123 phetaudo
2283 3053 2351 3107 de
2401 3052 2518 3112 illo,
2569 3049 2643 3104 illi
2689 3065 2748 3104 se
2783 3046 3142 3100 manifestare
3188 3040 3404 3110 incipit.
3439 3037 3578 3093 Nam

1959 3147 2086 3216 quia
2119 3147 2422 3216 prophetiae
2452 3161 2557 3199 non
2609 3145 2794 3198 minus
2840 3157 3007 3211 quam
3046 3140 3226 3208 signa,
3254 3136 3367 3191 into
3403 3132 3584 3204 magis

1961 3241 2276 3295 hominibus
2329 3239 2703 3309 persuadent,
2754 3235 3005 3305 praedicit
3059 3232 3129 3287 de
3192 3230 3378 3293 Petro,
3442 3247 3460 3280 ι
3493 3226 3577 3282 Tu

1956 3337 2127 3401 ettim,
2154 3333 2349 3404 inquit,
2381 3347 2443 3388 es
2471 3332 2661 3386 Simon
2691 3331 2834 3384 [ilius
2860 3327 3023 3383 Jona.
3064 3347 3080 3378 ι
3121 3324 3324 3380 Deinde
3348 3333 3402 3378 et
3427 3324 3575 3394 quod

1959 3432 2227 3495 futurum,
2258 3445 2276 3480 ι
2319 3427 2398 3482 Τιι
2444 3424 2732 3482 vocaberis
2764 3423 3003 3493 Cepltas.
3044 3441 3062 3473 ι
3095 3418 3232 3474 Nam
3276 3434 3399 3474 cum
3432 3417 3578 3487 quod

1954 3537 2198 3594 przesens
2222 3531 2305 3576 est
2331 3521 2553 3586 dicitur,
2581 3519 2748 3575 etiam
2777 3518 3022 3571 futurum
3051 3512 3319 3570 credibile
3347 3512 3427 3566 lit.
3454 3509 3576 3565 Non

1956 3615 2094 3670 dixit
2127 3623 2351 3675 autem:
2385 3610 2497 3679 Ego
2549 3619 2602 3664 te
2636 3609 2845 3665 vocabo
2876 3607 3124 3666 Petrum,
3183 3604 3302 3667 sed,
3343 3624 3360 3656 ι
3403 3611 3572 3659 νοοιιέ

1956 3709 2122 3762 beris.
2164 3725 2182 3758 ι
2218 3703 2453 3759 Nolebat
2490 3704 2634 3757 enim
2673 3702 2741 3756 ab
2779 3702 2937 3755 initio
2981 3696 3372 3753 auctoritatem
3409 3710 3568 3750 suam

1958 3801 2225 3863 iudicare,
2277 3815 2342 3853 eo
2392 3801 2537 3868 quod
2587 3798 2838 3852 nondum
2875 3796 3092 3848 lirmam
3131 3794 3184 3848 in
3221 3792 3373 3846 illum
3409 3792 3572 3846 tidem

1955 3895 2248 3950 haberent.
2286 3891 2654 3960 Quamobrem
2685 3900 2868 3945 autem
2920 3891 3243 3960 agnominat
3277 3890 3420 3943 hunc
3453 3887 3576 3957 qui-

1956 3989 2077 4042 dem
2112 3987 2360 4050 Petrum,
2410 3985 2533 4039 illos
2574 3995 2781 4047 autem,
2830 3983 2973 4038 ﬁlios
3008 3984 3238 4052 inquam
3298 3981 3576 4046 Zebedaei,

1967 4079 2109 4134 ﬁlios
2137 4078 2405 4132 tonitrui?
2436 4076 2507 4134 Ut
2533 4078 2792 4132 ostendat
2814 4077 2958 4146 quod
2986 4077 3101 4147 ipse
3126 4077 3198 4130 sit
3223 4078 3313 4146 qui
3339 4087 3393 4131 et
3414 4074 3583 4131 Vetus

1959 4173 2375 4228 Testamentum
2411 4171 2642 4233 dederit,
2681 4180 2732 4224 et
2761 4171 2901 4225 sicut
2927 4185 3097 4235 nunc,
3136 4170 3208 4224 ita
3252 4169 3419 4223 etiam
3453 4180 3584 4226 tunc.

1959 4263 2255 4315 mutaverit
2297 4275 2496 4315 nomen
2527 4259 2734 4315 Abram
2776 4259 2831 4315 in
2874 4261 3154 4316 Abraham
3193 4270 3249 4314 et
3286 4259 3481 4315 Saratu
3521 4261 3575 4316 itt

1957 4355 2208 4415 Sarrant,
2273 4353 2435 4410 Scias
2468 4365 2652 4409 autem
2715 4355 2862 4424 quod
2920 4353 3111 4409 Simon
3175 4355 3580 4425 interpretatur

1963 4464 1981 4497 ι
2019 4446 2350 4510 ohedientia,
2393 4465 2412 4497 ι
2441 4449 2774 4511 Jonasyero
2802 4466 2821 4498 ι
2855 4446 3132 4504 columba.
3167 4466 3186 4500 ι
3221 4447 3391 4520 Igitur
3420 4464 3578 4504 man-

1958 4536 2270 4592 suetudinis
2300 4553 2420 4608 quae
2447 4555 2542 4608 per
2569 4539 2880 4594 columbam
2911 4539 3279 4611 significatur,
3314 4540 3481 4612 529
3512 4539 3578 4596 fi-

239 4626 490 4698 ύπακοὴν
517 4627 658 4697 ἔχων
718 4629 815 4681 καὶ
853 4629 1063 4700 Πέτρος
1103 4630 1340 4698 γίνεται,
1393 4634 1474 4695 είς
1506 4632 1849 4705 στερρότητα

1957 4631 2027 4684 lia
2055 4642 2138 4685 cst
2167 4631 2476 4686 ohedientia
2511 4650 2524 4686 :
2558 4642 2612 4685 et
2637 4635 2728 4702 qui
2759 4632 2927 4688 habet
2954 4634 3356 4702 obedientiam,
3406 4636 3576 4692 etiam

233 4717 331 4773 τοῦ
359 4719 526 4774 καλοῦ
555 4720 642 4775 διὰ
669 4721 771 4793 τῆς
807 4723 1059 4794 ὑπακοῆς
1091 4723 1581 4795 προὸιῦαζόμενος.

315 4921 334 4952 ι
371 4903 452 4972 Τῇ
483 4903 541 4974 δὲ
562 4903 828 4976 ἐπαύριον
860 4905 1130 4977 ἠθέλησεν
1163 4905 1405 4977 ἐξελθεῖν
1436 4909 1464 4962 6
1517 4909 1727 4980 Ἰησοῦς
1760 4913 1845 4976 εἰς

237 4999 339 5070 τὴν
387 4998 708 5064 Γαλιλαίαν,
752 5001 847 5053 καὶ
905 5001 1157 5073 εὑρίσκοι
1192 5002 1487 5071 Φίλιππον,
1551 5006 1646 5058 καὶ
1695 5006 1847 5074 λέγει

235 5091 388 5162 αύτῷ
407 5107 422 5123 ο
463 5093 779 5146 Ἀκολούθει
806 5103 926 5164 μοι.
956 5088 1068 5146 Ἧν
1096 5094 1154 5148 δὲ
1183 5095 1211 5146 6
1256 5095 1531 5160 Φίλιππος
1561 5097 1670 5149 ἀπὸ
1699 5095 1846 5168 Βηθ-

235 5176 398 5240 milia
427 5190 492 5238 ὲκ
520 5189 619 5255 τῆς
653 5186 869 5249 πόλεως
905 5187 1164 5259 Ἀνδρέου
1191 5189 1286 5242 καὶ⁵
1313 5190 1554 5261 Πέτρου.
1585 5190 1846 5261 Εὑρίσκει

232 5278 505 5342 Φίλιππος
521 5280 614 5332 τὸν
642 5281 962 5351 Ναθαναὴλ,
995 5283 1092 5336 καὶ
1116 5281 1437 5354 λέγιιαύτῷ
1461 5300 1474 5314 ⁸
1503 5284 1606 5338 ’ον
1636 5285 1846 5356 ἔγραψε

235 5373 444 5442 Μωσῆς
475 5374 533 5426 ὲν
555 5372 635 5444 τῷ
662 5374 813 5444 νόμῳ
892 5377 988 5428 καὶ
1014 5378 1065 5428 oi
1117 5376 1399 5446 προφῆται
1427 5417 1442 5441 ,
1500 5378 1840 5449 εὑρήκαμεν,

243 5464 454 5534 Ἰησοῦν
474 5469 569 5520 τὸν
603 5469 716 5521 υἱὸν
750 5469 953 5540 Ἰωσὴφ
983 5471 1075 5522 τὸν
1109 5470 1220 5522 ἀπὸ
1253 5470 1535 5541 Ναζαρέτ.
1565 5473 1600 5524 ἰ
1650 5471 1709 5526 Ὀ
1745 5473 1845 5544 μὲν

245 5560 506 5627 Ἀνδρέας
538 5562 634 5616 τοῦ
667 5562 992 5634 Προδρόμου
1027 5563 1292 5628 ἀκούσας,
1322 5565 1419 5618 καὶ
1452 5567 1480 5618 6
1507 5565 1715 5636 Πέτρος
1747 5566 1842 5620 τοῦ

242 5655 525 5726 ’Δνδρέου,
595 5657 983 5728 ἠκολούθησαν
1027 5658 1106 5729 τῷ
1154 5658 1368 5728 Ἰησοῦ·
1406 5661 1439 5712 6‘
1475 5659 1534 5713 δὲ
1571 5661 1842 5726 Φίλιππος

231 5749 489 5817 φαίνεται
521 5751 692 5821 μηδὲν
737 5751 1006 5817 ἀκούσας,
1050 5753 1145 5806 καὶ
1180 5754 1332 5824 ὅμως
1359 5754 1742 5826 ἀκολουθήσας
1767 5759 1845 5830 τῷ

235 5838 429 5910 Κυρίῳ
453 5840 640 5904 εὐθὺς,
677 5841 890 5894 εἰπόντι
913 5842 1050 5913 πρὸς
1104 5844 1273 5898 αὑτὸν
1304 5845 1387 5910 τὸ,
1443 5866 1461 5898 ι
1525 5848 1844 5903 Ἀκολούθει

235 5939 351 6013 μοι.
391 5951 410 5984 ι
452 5933 624 5989 Πόθεν
643 5929 736 5989 οὖν
761 5931 937 6000 οὕτως
966 5933 1170 6000 εὐθέως
1192 5934 1422 6009 ἐπείσθη
1441 5955 1455 6007 ;
1477 5941 1636 5993 Δοκεῖ
1661 5940 1840 5995 τοίνυν

1956 4726 2072 4794 ipse
2097 4724 2294 4782 Petrus
2325 4725 2580 4794 eﬂicitur,
2611 4743 2713 4799 per
2759 4722 3134 4784 obedientiam
3180 4729 3481 4802 proﬁciens
3518 4745 3580 4792 ut

1954 4821 2203 4876 ﬁrmetur
2238 4823 2292 4876 itt
2323 4822 2488 4878 bono.

2029 4914 2198 4971 Vens.
2232 4917 2423 4972 43-65.
2475 4935 2493 4970 ι
2543 4917 2771 4974 Pas-tero
2807 4919 2894 4974 die
2929 4920 3100 4976 voluit
3129 4918 3293 4978 Jesus
3319 4922 3476 4979 exire
3509 4923 3566 4980 in

1953 5005 2256 5072 Galilaeam,
2283 5019 2333 5063 et
2372 5012 2571 5079 reperit
2596 5009 2909 5082 Philippum
2937 5029 2951 5077 ;
2976 5021 3032 5068 et
3053 5013 3188 5069 dicit
3211 5014 3260 5068 ei
3290 5032 3302 5068 :
3329 5014 3576 5086 Sequere

1954 5115 2062 5154 me.
2125 5100 2254 5156 Erat
2304 5114 2487 5157 autem
2562 5101 2848 5175 Philippus
2908 5122 2937 5158 a
2994 5103 3295 5161 Bethsaida
3353 5109 3576 5166 civitate

1952 5194 2190 5250 Andreae
2225 5205 2280 5250 et
2319 5195 2489 5252 Petri.
2544 5197 2773 5266 Reperit
2807 5198 3093 5270 Philippus
3143 5198 3484 5269 Nathanael,
3518 5211 3575 5258 et

1953 5287 2086 5341 dit-it
2111 5289 2160 5342 ei
2192 5307 2205 5342 :
2243 5288 2317 5343 De
2351 5305 2462 5358 quo
2488 5291 2713 5358 scripsit
2743 5291 2924 5347 Moses
2948 5293 3004 5347 itt
3040 5293 3158 5365 lege
3181 5304 3240 5348 et
3268 5295 3572 5364 prophetat,

1954 5380 2289 5446 invenimus,
2323 5381 2512 5437 Jesum
2573 5384 2741 5437 lilium
2814 5382 3064 5455 Joseph,
3127 5384 3500 5444 Nazarenum.
3547 5406 3565 5439 ι

1952 5474 2204 5530 Andreas
2236 5475 2457 5543 quidem
2494 5475 2842 5531 Praacursore
2877 5479 3089 5542 audito,
3123 5489 3179 5533 et
3226 5480 3422 5535 Petrus
3461 5481 3575 5534 An-

1953 5567 2108 5632 drea,
2177 5569 2352 5623 secuti
2409 5581 2536 5624 sunt
2597 5569 2829 5625 Iesum:
2893 5580 2949 5626 at
3005 5571 3293 5644 Philippus
3350 5574 3572 5630 videtur

1951 5661 2162 5715 nullum
2197 5663 2505 5725 audivisse,
2533 5673 2589 5719 et
2622 5666 2809 5719 statim
2845 5677 3069 5723 secutus
3098 5684 3221 5724 esse
3254 5669 3571 5734 Dominum,

1951 5754 2222 5809 dicentem
2265 5756 2356 5810 ei:
2401 5773 2418 5807 ι
2476 5755 2720 5826 Sequere
2771 5774 2877 5813 tne.
2931 5778 2948 5808 ι
3010 5757 3168 5815 Unde
3224 5762 3327 5817 hoc
3381 5761 3573 5830 igitur,

1949 5849 2092 5916 quod
2157 5847 2246 5902 ille
2308 5858 2421 5902 tam
2473 5848 2658 5903 statim
2703 5835 3053 5906 crediderit?
3122 5853 3346 5906 Videtur
3405 5851 3574 5922 igitur

1951 5942 2190 6013 primum
2225 5957 2327 6001 to:
2363 5941 2582 6000 Domini
2616 5942 2856 6000 animam
2890 5944 3036 6003 illius
3069 5945 3295 6002 stimulo
3328 5951 3573 6019 quoiam
