4218 6424
698 394 829 461 “81

1589 398 2168 460 THEOPHYLACTI
2214 390 2625 457 BULGARl/E
2669 386 3027 449 ARCIIIEP.

3842 380 3983 448 1138

690 508 949 563 Dominus
1003 507 1221 571 viderit,
1280 508 1332 575 id
1383 518 1489 568 est.
1530 509 1739 577 placide
1795 511 2023 562 intuitus
2078 510 2169 571 sit,
2228 518 2282 561 et

2390 504 2685 575 τραχύτητι
2718 500 2774 553 δὲ
2803 500 2911 552 τῶν
2937 494 3183 565 νομικῶν
3215 493 3741 563 παρατηρημάτων,
3778 493 3884 547 καὶ
3912 494 3990 562 τῷ

686 600 1022 653 intellectum
1056 599 1174 665 ejus
1209 600 1525 663 illustrarit,
1549 601 1801 667 quamvis
1834 601 2012 654 adltuc
2040 602 2141 653 sub
2165 601 2283 665 lege

688 700 858 745 esset.
892 692 970 745 Tu
1004 701 1059 743 et
1085 692 1185 745 boc
1219 692 1381 757 scias,
1406 693 1452 746 si
1474 692 1601 761 quid
1625 704 1681 747 et
1710 694 1823 747 haec
1848 692 2112 757 arrident,
2138 692 2282 761 quod

688 783 1074 837 Nathanaelem
1108 781 1368 837 Dominus
1401 784 1535 838 vidit
1590 784 1695 838 sub
1713 784 1838 838 alicu
1868 823 1884 845 ,
1923 784 2137 839 scilicet
2178 785 2281 837 sub

685 877 800 946 lege
816 876 1165 931 exsistentem
1184 875 1284 947 (τι),
1303 876 1406 931 hoc
1424 888 1527 937 est,
1552 876 1691 929 intra
1713 876 1906 947 legem,
1930 887 1985 931 et
2014 878 2280 943 profunda

686 968 816 1037 legis
863 978 1221 1023 scrutantem.
1246 967 1382 1023 Nam
1441 970 1485 1022 si
1526 984 1632 1023 non
1667 980 1811 1025 esset
1838 980 2118 1025 scrutatus
2153 985 2280 1040 pro-

687 1059 854 1113 funda
929 1060 1059 1128 legis
1160 1061 1476 1127 neutiquam
1536 1062 1764 1116 vidisset
1818 1076 1945 1116 eum
2001 1063 2280 1116 Dominus.

688 1149 845 1204 Scias
871 1161 1053 1204 autem
1100 1160 1156 1205 et
1220 1151 1341 1213 hoc,
1406 1150 1549 1219 quod
1605 1152 1827 1207 Galilaea
1893 1155 2285 1222 interpretatur

697 1261 716 1293 ι
743 1241 1127 1297 ἀενοΙιιὺίΙίε.»
1160 1243 1340 1297 Exivit
1367 1245 1532 1315 igitur
1563 1245 1825 1301 Dominus
1849 1246 1901 1298 in
1924 1246 2281 1303 devolubilem

693 1335 851 1401 hujus
880 1337 1066 1389 mundi
1118 1338 1414 1405 regionem,
1448 1339 1531 1391 vel
1567 1340 1734 1391 etiam
1779 1338 2072 1391 humanam
2120 1348 2281 1390 natu-

690 1438 841 1477 rain:
873 1436 924 1480 et
959 1442 1057 1480 nos
1084 1430 1184 1480 sub
1212 1428 1313 1481 ficu
1350 1444 1561 1494 sumus,
1596 1430 1697 1483 hoc
1747 1439 1829 1485 est
1862 1440 2087 1498 peccato
2114 1430 2279 1492 dulci,

688 1518 774 1572 cui
810 1520 971 1572 etiam
1024 1536 1130 1574 non
1182 1536 1371 1587 parum
1423 1523 1807 1578 amaritudinis
1876 1527 2025 1579 adest
2060 1536 2284 1593 propter

689 1612 1083 1679 pmnitudinem
1110 1624 1164 1667 et
1192 1614 1395 1680 judicia
1438 1625 1717 1670 secutura.
1762 1613 1917 1670 Sicut
1973 1616 2283 1669 misericors

687 1703 834 1757 videt
867 1719 931 1757 ac
960 1704 1111 1772 eligit
1164 1719 1258 1761 eos
1287 1707 1379 1774 qui
1411 1707 1656 1762 fatentur
1698 1708 1876 1777 ipsum
1924 1705 2119 1761 Filium
2164 1706 2280 1770 Dei,

687 1801 744 1845 et
772 1808 949 1864 regem
979 1796 1100 1864 ejus
1130 1796 1296 1849 Israel
1338 1797 1429 1864 qui
1460 1797 1606 1850 videt
1648 1796 1835 1851 Deum.
1884 1795 1951 1849 Et
1979 1796 2024 1849 si
2060 1794 2279 1864 quidem

690 1886 933 1941 studium
966 1888 1401 1950 adhibuerimus.
1426 1898 1479 1942 et
1510 1888 1811 1956 majoribus
1836 1902 1936 1941 nos
1969 1886 2285 1955 dignabitur

688 1980 1049 2046 spectaculis,
1131 1990 1187 2035 et
1256 1981 1561 2036 videbimus
1640 1981 1865 2051 angelos
1927 1983 2284 2033 ascendentes

686 2072 904 2141 quidem
958 2074 1026 2126 ad
1070 2076 1440 2128 summitatem
1492 2074 1819 2143 cognitionis
1862 2072 1997 2127 Dei:
2052 2074 2285 2127 descen-

687 2170 877 2219 dentes
908 2180 1037 2219 vero
1083 2167 1304 2231 iterum,
1344 2167 1831 2235 incoguoscibilem
1876 2167 1995 2237 ejus
2024 2171 2287 2221 substan-

690 2257 820 2310 tiam
845 2257 1257 2327 deprehendere
1290 2276 1394 2313 nou
1428 2261 1696 2316 valentes.
1729 2260 1826 2315 Vel
1858 2261 2037 2323 aliter,
2073 2261 2281 2315 Ascen-

691 2351 771 2405 dit
807 2353 951 2421 quis,
984 2353 1203 2422 quando
1236 2364 1486 2408 versatur
1515 2354 1571 2409 in
1600 2354 1949 2409 sermonibus
1980 2356 2047 2407 de
2078 2354 2283 2409 deitate

694 2440 977 2512 Unigeniti
1002 2462 1017 2498 :
1039 2446 1319 2498 descendit
1350 2455 1553 2510 autem,
1580 2446 1799 2515 quando
1826 2456 2059 2499 tractare
2089 2447 2286 2513 gaudet

687 2547 969 2589 sermones
996 2538 1061 2589 de
1088 2535 1467 2592 incarnatione
1510 2548 1564 2592 et
1596 2540 1860 2593 descensu
1886 2538 1940 2590 in
1984 2536 2281 2590 infernum.

2383 596 2845 665 δυσκατεργάστῳ
2866 592 2974 644 τῶν
3002 589 3260 652 ἐντολῶν,
3298 587 3491 655 ὥσπερ
3516 586 3746 654 φύλλοις
3782 588 3991 638 σκεπόο

2389 707 2572 762 μενον.
2616 687 2787 739 Φασὶν
2811 683 2925 745 οῦν,
2961 683 3044 736 ὃτι
3068 682 3160 734 τὸν
3186 679 3483 751 Ναθαναὴλ
3526 675 3665 731 εἶδεν
3694 679 3726 729 6
3754 676 3989 747 Κύριος,

2386 785 2507 836 ἀντὶ
2550 782 2645 834 τοῦ
2674 776 2875 847 ἱλαρῶς
2922 772 3216 842 ὲπέϐλεψε,
3254 773 3348 824 καὶ
3382 772 3482 840 τὴν
3544 770 3771 823 σύνεσιν
3815 769 3988 822 αὑτοῦ

2386 871 2741 940 κατενόησεν,
2777 869 2871 922 καὶ
2900 867 2979 919 ἔτι
3010 865 3117 919 ὑπὸ
3145 865 3237 917 τὸν
3272 864 3442 933 νόμον
3464 863 3641 926 ὄντος.
3689 863 3769 914 Σὺ
3802 862 3867 916 δέ
3899 878 3991 930 μοι

2386 966 2481 1018 καὶ
2504 961 2684 1033 τούτῳ
2709 962 2802 1014 τὸν
2822 959 2947 1013 νοῦν
2974 958 3297 1025 ἐπίστησον,
3330 955 3448 1020 εἴγε
3469 954 3637 1023 θελγῃ
3663 956 3784 1015 τοῖς
3806 951 3988 1004 τοιού-

2384 1073 2525 1121 τοις,
2554 1056 2638 1109 ὅτι
2701 1053 2794 1107 τὸν
2832 1048 3133 1119 Ναθαναὴλ
3180 1049 3209 1099 6
3258 1047 3467 1117 Κύριος
3533 1040 3678 1098 εἶδεν
3734 1045 3849 1096 ὑπὸ
3887 1044 3986 1113 τὴν

2389 1153 2587 1221 συκῆν,
2622 1149 2743 1219 ήτοι
2800 1146 2906 1200 ὑπὸ
2969 1145 3063 1197 τὸν
3113 1142 3301 1213 νόμον,
3354 1140 3640 1195 τουτέστιν
3681 1140 3843 1202 ιντδς
3896 1138 3992 1191 τοῦ

2387 1244 2583 1314 νόμου,
2639 1239 2831 1293 καὶτὰ
2862 1236 3002 1307 βάθη
3059 1235 3228 1289 αὑτοῦ
3268 1233 3605 1304 ἐρευνῶντα.
3640 1232 3704 1284 El.
3754 1232 3871 1302 γάρ
3919 1233 3995 1300 μὴ

2384 1337 2455 1388 τά
2486 1334 2626 1405 βάθη
2656 1332 2752 1385 τοῦ
2815 1332 2984 1398 νόμον
3032 1328 3266 1400 ήρεύνα,
3296 1328 3400 1380 οὐκ
3436 1329 3504 1379 ἂν
3556 1325 3724 1378 αὐτὸν
3760 1320 3914 1377 εἶδεν
3969 1327 3997 1376 6

2384 1429 2615 1498 Κύριος.
2653 1426 2793 1480 ἰσθι
2823 1426 2881 1479 δὲ
2921 1426 3013 1479 καὶ
3049 1423 3236 1485 τοῦτο,
3269 1422 3353 1475 ὅτι
3377 1419 3640 1474 Γαλιλαία
3674 1418 3995 1488 ἑρμηνεύε-

2382 1539 2494 1582 ται,
2531 1517 2970 1582 κατακυλεστή.
3023 1515 3282 1584 Ἐξῆλθεν
3308 1509 3402 1567 οῦν
3444 1514 3473 1565 6
3529 1512 3741 1583 Κύριος
3775 1514 3861 1573 είς
3892 1512 3995 1578 τὴν

2383 1612 2797 1681 κατακυλιστὴν
2822 1613 3015 1664 τούτου
3048 1609 3147 1663 τοῦ
3172 1608 3381 1678 κόσμου
3412 1608 3447 1677 ή
3481 1605 3690 1677 χώραν,
3765 1608 3867 1657 καὶ
3894 1605 3994 1674 τὴν

2383 1706 2547 1773 φύσιν
2571 1706 2670 1773 τὴν
2715 1702 3094 1773 ἀνθρωπίνην,
3156 1702 3253 1754 καὶ
3306 1700 3471 1762 ΙΞντας
3518 1700 3671 1768 ήμᾶς
3718 1697 3830 1750 ὑπὸ
3893 1698 3996 1766 τὴν

2385 1796 2579 1863 συκῆν,
2610 1794 2866 1848 τουτέστι
2914 1795 3017 1863 τὴν
3046 1794 3302 1863 ὶνήδονον
3328 1784 3691 1863 άμαρτίαν,ᾗ
3726 1789 3825 1841 καὶ
3873 1789 3992 1857 δρι-

2317 1870 2358 1926 B
2390 1890 2569 1959 μύτης
2590 1890 2693 1942 οὐκ
2725 1888 2881 1959 ὀλίγη
2913 1887 3135 1941 σύνεστι
3164 1887 3254 1940 διὰ
3288 1885 3389 1957 τήν
3428 1884 3835 1955 μεταμέλειαν,
3902 1884 3997 1936 καὶ

2384 1982 2454 2035 τὰ
2508 1983 2627 2035 ἐκεῖ
2675 1980 3065 2052 δικαιωτήρια,
3110 1979 3188 2042 ὡς
3243 1979 3633 2049 φιλάνθρωπος
3698 1974 3839 2038 εἶδε,
3905 1978 4000 2028 καὶ

2387 2072 2676 2139 ἐξελέξατο
2700 2071 3106 2142 ὁμολογοῦντας
3134 2072 3301 2125 αὑτὸν
3337 2070 3468 2123 Υίὸν
3504 2068 3667 2132 Θεοῦ,
3707 2069 3809 2122 καὶ
3836 2068 3999 2137 βασι-

2392 2166 2493 2220 λέα
2519 2164 2619 2219 τοῦ
2661 2166 2880 2236 Ἰσραὴλ
2914 2164 3010 2218 τοῦ
3035 2165 3275 2236 ὁρῶντος
3306 2163 3465 2217 Θεόν.
3506 2164 3568 2217 Εί
3602 2163 3662 2215 δέ
3693 2178 3764 2229 γε
3791 2161 4003 2213 ἐπιτεί-

2388 2274 2578 2326 νοιμεν
2606 2256 2705 2327 τήν
2739 2256 2998 2327 σπουδὴν,
3026 2259 3124 2308 καὶ
3161 2256 3430 2325 μειζόνων
3474 2253 3817 2317 καταξιώσει
3847 2254 4002 2322 ἡμᾶς

2390 2349 2705 2419 θεαμάτων,
2742 2352 2838 2403 καὶ
2859 2348 3109 2420 ὀψόμεθα
3141 2348 3271 2411 τοὺς
3294 2348 3565 2416 ἀγγέλους
3583 2345 3999 2407 ἀναϐαίνοντας

2395 2444 2497 2512 μὲν
2531 2444 2670 2513 πρὸς
2714 2444 2776 2495 τὸ
2810 2444 2945 2514 ῦψος
2978 2444 3078 2514 τῆς
3110 2442 3280 2496 αὑτοῦ
3320 2441 3783 2511 θείαςίγνώσεως,
3824 2456 4002 2493 κατα-

2393 2536 2690 2596 ϐαίνοντας
2752 2534 2813 2589 δι
2862 2536 3051 2599 πάλιν,
3085 2534 3176 2589 διά
3204 2534 3302 2589 τοῦ
3346 2535 3423 2605 μὴ
3452 2534 3679 2604 φθάνειν
3727 2531 4006 2599 κατανοή-

690 2643 779 2681 σαι
806 2627 906 2698 τὴν
936 2628 1217 2698 ἄγνωστον
1244 2630 1457 2684 οὐσίαν.
1497 2631 1609 2685 Καὶ
1654 2630 1831 2693 άλλως
1854 2631 1933 2696 δὲ,
1982 2629 2272 2683 ἀναϐαίνει
2303 2646 2413 2691 τις.
2484 2630 2576 2683 ὅτε
2608 2632 2724 2693 τοῖς
2782 2631 2912 2698 περὶ
2936 2628 3038 2697 τῆς
3067 2628 3325 2699 θεότητος
3375 2627 3469 2681 τοῦ
3515 2626 3872 2695 Μονογενοῦς
3898 2626 3987 2680 M-

686 2736 805 2788 γοις
838 2720 1202 2793 ὲνδιατρίϐει’
1239 2722 1566 2775 καταϐαίνει
1601 2722 1681 2788 δὲ,
1714 2724 1804 2775 ὅτε
1830 2726 1945 2786 τοῖς
1969 2723 2100 2793 περὶ
2136 2719 2343 2791 σαρκὸς
2370 2720 2467 2774 καὶ
2502 2720 2604 2790 τῆς
2637 2722 2697 2773 ἐν
2729 2719 2807 2791 τῷ
2830 2720 2933 2792 ᾅδῃ
2965 2720 3335 2783 καταϐάσεως
3376 2722 3779 2791 ὲμφιλοχωρεί.

1315 2837 1549 2893 CAPUT
1586 2839 1654 2893 ll.

692 2934 770 2991 De
795 2934 995 3004 nuptiis
1019 2935 1072 2988 in
1099 2933 1252 2989 Cana
1293 2931 1553 2987 Gali/(rw.
1603 2934 1678 2987 De
1714 2934 1950 2999 expulsis
1983 2951 2011 2987 e
2070 2934 2261 3004 templo

1008 3005 1090 3059 De
1116 3006 1236 3069 hoc,
1269 3004 1472 3059 Solvite
1510 3006 1758 3073 templum
1792 3006 1959 3060 istud.

766 3187 932 3244 Vens.
966 3187 1083 3243 ιιι.
1120 3208 1143 3242 ε
1180 3187 1249 3243 Et
1276 3187 1362 3244 die
1391 3188 1552 3245 tertia
1605 3187 1763 3244 facta:
1817 3197 1946 3244 sunt
1996 3188 2198 3259 noptite
2233 3187 2286 3241 in

688 3282 835 3338 Cana
869 3282 1141 3346 Galilma,
1177 3293 1231 3338 et
1257 3293 1377 3338 erat
1420 3292 1595 3337 mater
1617 3282 1747 3338 Jesu
1790 3283 1887 3337 ibi.
1935 3282 2177 3338 Vocatus
2204 3292 2291 3338 est

691 3388 871 3429 :tttlem
902 3385 954 3428 et
981 3374 1138 3429 .lesus
1168 3389 1232 3429 ac
1260 3375 1511 3443 discipuli
1553 3376 1673 3443 ejus
1699 3376 1763 3428 ad
1794 3376 2037 3443 nuptias.
2068 3375 2134 3430 Et
2164 3390 2286 3429 cum

690 3468 986 3523 defecisset
1026 3469 1235 3526 vinum.
1272 3468 1405 3522 dicit
1438 3477 1614 3521 mater
1643 3466 1771 3522 Jesu
1803 3471 1869 3521 ad
1893 3484 2015 3524 eum
2045 3489 2059 3522 :
2096 3469 2287 3522 Vinum

689 3576 798 3615 non
843 3560 1067 3615 habent.
1108 3560 1248 3614 Dicit
1277 3559 1324 3615 ei
1373 3557 1575 3615 Iesus:
1606 3558 1743 3625 Quid
1789 3560 1921 3614 milii
1954 3570 2010 3614 et
2048 3560 2145 3614 tibi
2185 3570 2287 3623 est,

691 3654 933 3708 mulier?
995 3652 1244 3707 Nondum
1305 3653 1450 3706 venit
1500 3652 1634 3706 liora
1686 3666 1829 3707 mea.
1877 3676 1897 3705 a
1962 3650 2174 3706 Vocant
2220 3652 2286 3706 ad

692 3748 909 3815 nuptias
958 3745 1270 3811 Dominum,
1306 3762 1410 3801 non
1443 3749 1585 3817 quod
1616 3747 1847 3800 viderint
1885 3746 2170 3809 miracula,
2203 3746 2286 3799 vel

692 3836 837 3890 aliud
876 3836 1135 3904 quiddam
1183 3852 1478 3911 magnum:
1513 3838 1607 3891 sed
1652 3836 1975 3905 simpliciter
2006 3844 2204 3891 vocant
2232 3846 2291 3889 ut

692 3941 904 3992 n0Ium,
962 3932 1109 3985 unde
1161 3930 1262 3984 lioc
1320 3918 1635 3998 significans
1692 3929 2061 4000 Evangelista,
2118 3930 2288 3984 dicit:

694 4041 717 4074 ο
754 4023 884 4079 Erat
942 4032 1120 4077 autem
1160 4034 1336 4079 mater
1388 4023 1518 4079 Jesu
1568 4031 1623 4079 et
1675 4023 1877 4079 fratres
1957 4023 2078 4093 ejus
2129 4022 2223 4076 ibi.
2266 4042 2286 4075 ι

692 4119 863 4183 Igitur
894 4114 1037 4169 sicut
1072 4114 1218 4167 illam
1250 4123 1306 4169 et
1356 4113 1575 4181 fratres,
1632 4114 1704 4168 ita
1740 4124 1798 4169 et
1838 4112 2025 4169 Jesum
2053 4129 2290 4169 vocave-

695 4216 845 4263 runt.
878 4207 1049 4261 Alfnit
1072 4216 1253 4262 autem
1285 4208 1420 4277 ipse,
1454 4217 1507 4263 et
1539 4208 1882 4264 vocationem
1921 4223 2027 4261 non
2059 4207 2282 4278 repulit,

693 4302 821 4365 quia
873 4316 981 4354 non
1039 4302 1281 4369 respexit
1340 4303 1407 4353 ad
1462 4316 1615 4355 suam
1674 4302 2015 4370 dignitatem.
2068 4304 2162 4357 sed
2221 4303 2287 4354 ad

693 4394 980 4447 utilitatem
1011 4402 1065 4446 et
1113 4392 1379 4447 beneficia
1422 4400 1630 4446 nostra.
1663 4393 1800 4446 Nam
1842 4394 1932 4464 qui
1984 4409 2089 4447 non
2132 4394 2285 4448 dedi-

2998 2838 3255 2894 ΚΕΦΑΛ.
3307 2840 3382 2895 B'.

2396 2930 2538 2999 Περὶ
2569 2928 2679 3003 τοῦ
2712 2930 2783 2984 ἐν
2815 2929 2982 2998 Κανᾷ
3012 2931 3227 3001 γάμου.
3252 2936 3391 3003 Περὶ
3418 2933 3541 2988 τῶν
3576 2935 4006 3003 ἐκϐληθέντων

2470 3005 2538 3054 ἐκ
2564 3001 2671 3056 τοῦ
2737 3003 2922 3071 ἱεροῦ.
2994 3004 3140 3071 Περὶ
3195 3001 3343 3070 τοῦ,
3382 3009 3625 3061 Λύσατε
3685 3001 3801 3062 τὸν
3849 3014 4005 3063 ναὸν

2313 3068 2357 3127 C
2459 3073 2680 3127 τοῦτον
2692 3112 2709 3127 .

2468 3204 2488 3238 ι
2531 3186 2642 3240 Καὶ
2667 3188 2734 3258 τῇ
2768 3188 2956 3261 ἡμέρᾳ
2992 3192 3060 3262 τῇ
3098 3191 3260 3265 τρίτῃ
3306 3193 3487 3265 γάμος
3520 3193 3744 3264 ἐγένετο
3776 3196 3838 3249 ὲν
3879 3199 4003 3252 Κα-

2390 3280 2457 3350 νᾷ
2480 3281 2577 3350 τῆς
2610 3280 2927 3347 Γαλιλαίας,
2962 3286 3053 3337 καὶ
3081 3282 3149 3355 ἦν
3180 3288 3213 3357 ή
3263 3289 3451 3358 μήτηρ
3482 3289 3579 3341 τοῦ
3644 3290 3825 3361 Ἰησοῦ
3858 3292 4001 3345 ἐκεῖ.

2404 3372 2641 3443 Ἐκλήθη
2690 3373 2749 3427 δὲ
2795 3375 2891 3428 καὶ
2950 3378 2980 3428 6
3030 3378 3263 3447 Ἰησοῦς,
3298 3380 3395 3433 καὶ
3450 3382 3502 3433 oi
3546 3382 3800 3451 μαθηταὶ
3828 3384 4003 3437 αὐτοῦ

2392 3464 2475 3527 είς
2527 3465 2623 3517 τὸν
2669 3466 2869 3535 γάμον.
2921 3468 3033 3520 Καὶ
3080 3470 3486 3541 ὑστερήσαντος
3545 3474 3716 3539 οῐνου,
3781 3476 3939 3544 λέγει
3970 3480 4003 3543 ή

2395 3556 2583 3626 μήτηρ
2626 3554 2720 3609 τοῦ
2764 3556 2946 3627 Ἰησοῦ
3000 3560 3140 3629 πρὸς
3189 3562 3388 3614 αὐτόν⁸
3436 3558 3596 3617 Οἵνον
3635 3566 3739 3618 οὐκ
3789 3567 3998 3636 ἔχουσι.

2392 3647 2558 3714 Λέγει
2604 3650 2743 3719 αὐτῇ
2798 3650 2826 3702 6
2893 3650 3127 3721 Ἰησοῦς·
3189 3650 3254 3704 Τί
3290 3655 3415 3723 ἐμοὶ
3462 3657 3557 3707 καὶ
3626 3659 3732 3719 σοὶ,
3787 3660 4000 3725 γύναι;

2390 3742 2561 3797 Οῦπω
2590 3743 2718 3814 ἥκει
2752 3745 2784 3813 ή
2828 3743 2949 3816 ὥρα
2986 3762 3114 3815 μου.
3158 3765 3177 3799 s
3218 3748 3496 3801 Καλοῦσιν
3532 3751 3613 3812 είς
3665 3750 3761 3803 τὸν
3821 3752 4006 3823 γάμον

2391 3834 2483 3886 τὸν
2515 3833 2746 3903 Κύριον,
2782 3834 2882 3903 οὐχ
2918 3834 2995 3898 ὡς
3035 3835 3293 3907 θαύματα
3328 3838 3532 3900 ίδόντες
3557 3880 3572 3903 ,
3627 3840 3742 3893 οὐδ’
3771 3842 3852 3904 ὡς
3910 3847 4006 3914 μέν

2392 3942 2497 3991 γαν
2523 3928 2665 3987 τινὰ,
2707 3926 2821 3978 ἀλλ’
2847 3928 3035 3991 ἀπλως
3060 3930 3155 3982 καὶ
3189 3930 3264 3989 ὡς
3333 3930 3647 4003 γνώριμον,
3684 3932 3813 3987 ὅθεν
3843 3936 4007 3988 τοῦτο

2397 4018 2684 4086 σημαίνων
2716 4020 2744 4069 6
2768 4018 3188 4089 εὑαγγελιστὴς,
3217 4022 3382 4090 φησίν
3410 4038 3423 4051 ·
3464 4041 3482 4073 ι
3520 4020 3629 4075 Ἦν
3654 4025 3712 4077 δὲ
3746 4027 3780 4093 ἠ
3816 4027 4007 4095 μήτηρ

2396 4109 2491 4161 τοῦ
2541 4109 2719 4179 Ἰησοῦ
2759 4111 2854 4164 καὶ
2879 4113 2927 4163 oi
2954 4111 3176 4179 ἀδελφοὶ
3210 4114 3376 4166 αὑτοῦ
3403 4116 3540 4167 εκεῖ.
3586 4134 3605 4166 s
3642 4116 3867 4185 Ὥσπερ
3910 4117 4005 4171 οὖν

2393 4202 2615 4272 ἐκείνην
2664 4203 2760 4256 καὶ
2809 4206 2937 4267 τοὺς
2976 4206 3268 4275 ἀδελφοὺς,
3302 4207 3448 4261 οὕτω
3478 4210 3574 4263 καὶ
3627 4212 3723 4262 τὸν
3790 4212 4005 4281 Κύριον

2395 4296 2684 4351 ἐκάλεσαν.
2736 4296 2793 4350 '0
2824 4298 2881 4351 δὲ
2909 4299 3112 4368 Κύριος
3154 4302 3544 4369 παραγίνεται,
3582 4305 3678 4356 καὶ
3715 4305 3820 4357 οῦκ
3860 4309 4008 4357 ἁπα-

2398 4388 2501 4451 ξιοῖ
2552 4390 2653 4460 τὴν
2685 4391 2905 4461 κλῆσιν,
2930 4394 3011 4444 ὅτι
3039 4394 3114 4464 μὴ
3138 4397 3220 4457 είς
3266 4397 3364 4465 τὴν
3389 4397 3600 4450 οἰκείαν
3628 4396 3793 4461 ἀξίαν
3829 4401 4004 4470 ἐώρα,

692 4500 888 4557 gnatus
930 4485 1092 4557 533
1142 4496 1227 4540 est
1284 4485 1399 4539 fieri
1461 4500 1651 4539 servus
1679 4525 1696 4548 ,
1739 4485 1910 4539 multo
1952 4486 2123 4553 magis
2182 4501 2285 4539 non

2398 4483 2534 4535 ἀλλά
2570 4483 2707 4552 πρὸς
2742 4486 2843 4554 τὴν
2881 4486 3156 4553 ὠφέλειαν
3194 4488 3287 4541 καὶ
3328 4490 3655 4560 εὐεργεσίαν
3689 4491 3878 4560 ήμῶν.
3950 4493 4006 4544 Ὀ

692 4581 1017 4649 dedignatus
1050 4589 1135 4634 est
1168 4577 1357 4632 venire
1410 4578 1476 4631 ad
1515 4578 1758 4647 nuptias.
1800 4575 2140 4631 Exhortatur
2189 4594 2289 4631 att-

693 4684 801 4728 tem
842 4675 990 4727 illum
1027 4681 1202 4726 mater
1228 4682 1286 4725 ut
1320 4671 1483 4726 facint
1511 4669 1855 4732 miraculum,
1884 4685 2004 4737 quae
2031 4664 2287 4739 magnam

692 4768 760 4819 de
806 4766 973 4834 ipsius
1023 4773 1294 4833 potestate
1342 4770 1668 4836 sumpserat_
1688 4762 2031 4831 Opinionem,
2073 4772 2179 4815 tam
2218 4764 2287 4817 ob

692 4870 1133 4927 conceptionem,
1165 4871 1327 4925 quam
1370 4856 1439 4909 ob
1473 4865 1711 4925 partum.
1746 4852 1939 4907 Omnia
1972 4856 2117 4909 enim
2156 4870 2291 4909 con-

694 4951 951 5003 servabat
986 4950 1036 5002 in
1069 4947 1239 5003 corde
1279 4963 1380 5002 suo
1404 4947 1469 5011 “,
1506 4959 1559 5001 et
1587 4962 1652 5001 ex
1688 4946 1793 5001 illis
1811 4946 2085 5015 cogitabat
2123 4948 2290 5001 lilium

690 5042 895 5110 aliquid
939 5056 1097 5108 posse
1146 5055 1311 5111 supra
1366 5040 1669 5092 hominem.
1708 5035 1896 5106 Neque
1934 5038 2079 5090 enim
2123 5049 2296 5091 mater

688 5137 808 5204 ejus
839 5145 897 5188 ut
923 5145 1107 5189 oraret
1144 5150 1267 5189 cum
1308 5133 1375 5187 ad
1410 5132 1719 5188 faciendum
1773 5132 1991 5201 aliquod
2045 5131 2280 5184 miracu-

690 5208 826 5294 luui,
862 5247 927 5285 ex
958 5231 1063 5282 alio
1097 5230 1241 5298 quod
1275 5228 1426 5296 prius
1454 5230 1667 5281 viderat
1704 5228 1905 5291 facere,
1938 5226 2155 5279 inducta
2188 5240 2289 5281 εει.

691 5324 825 5377 Nam
881 5339 1005 5377 cum
1062 5338 1196 5390 puer
1237 5331 1402 5383 essu,
1472 5320 1678 5373 nullum
1736 5319 1865 5373 fecit
1923 5319 2287 5375 miraculum:

688 5418 815 5486 quia
863 5417 907 5469 si
962 5414 1199 5476 fecisset,
1252 5423 1415 5467 notus
1449 5411 1641 5465 fuisset
1682 5414 1957 5467 omnibus.
1994 5413 2291 5465 Andivcrat

689 5516 817 5564 item
868 5520 1044 5563 tnater
1090 5510 1157 5563 dc
1199 5506 1528 5561 testimoniis
1574 5502 1825 5566 Joannis.
1880 5521 1999 5574 qua:
2054 5506 2121 5558 de
2175 5506 2291 5574 ipso

688 5615 806 5659 erat
850 5614 1105 5670 testatus,
1145 5603 1474 5671 videbatque
1520 5601 1632 5669 jam
1679 5611 1733 5653 et
1764 5601 2062 5668 discipulos
2112 5600 2285 5669 ipsum

757 5744 801 5772 “
830 5741 959 5795 Luc.
997 5756 1154 5805 xvttt,
1200 5739 1286 5795 l9.

2399 4578 2509 4646 γὰρ
2563 4577 2639 4648 μὴ
2702 4577 3026 4641 ἀπαξιώσας
3088 4581 3346 4647 γενέσθαι
3406 4586 3465 4635 ὲν
3522 4583 3757 4647 δούλοις,
3809 4586 4001 4655 πολλῴ

2401 4670 2608 4740 μᾶλλον
2630 4672 2731 4723 οὐκ
2770 4671 2836 4724 ἂν
2861 4672 3179 4740 ἀπηξίωσεν
3228 4675 3311 4731 είς
3345 4674 3525 4745 γάμον
3570 4676 3774 4730 ὲλθείν.
3810 4680 4003 4749 Παρα-

2397 4762 2555 4816 καλεί
2592 4764 2648 4817 δὲ
2678 4765 2845 4818 αὑτὸν
2880 4766 2912 4836 ὴ
2955 4767 3142 4837 μήτηρ
3175 4770 3257 4831 είς
3306 4767 3786 4840 θαυματουργίαν,
3824 4776 4003 4841 μεγάο

2392 4856 2493 4927 λην
2547 4859 2678 4929 περὶ
2733 4858 2833 4927 τῆς
2880 4858 3047 4911 αὑτοῦ
3104 4860 3393 4931 δυνάμεως
3440 4862 3684 4917 λαϐοῦσα
3718 4866 3999 4936 ὑπόληψιν

2391 4949 2503 5002 ἀπό
2526 4967 2584 5003 τε
2617 4950 2718 5021 τῆς
2778 4950 3121 5023 συλλήψεως,
3163 4954 3274 5007 ἀπὸ
3318 4972 3377 5007 τε
3444 4957 3539 5009 τοῦ
3570 4958 3762 5012 τόκου.
3813 4960 4000 5013 Πάντα

2394 5042 2506 5114 γὰρ
2539 5045 2830 5114 συνετήρει
2868 5046 2927 5098 ὲν
2958 5049 3024 5117 τῇ
3076 5048 3280 5119 καρδίᾳ
3309 5050 3507 5119 αὐτῆς,
3553 5052 3649 5103 καὶ
3690 5054 3757 5105 ὲκ
3792 5054 4002 5107 τούτων

2393 5133 2676 5200 ἐλογίζετο
2715 5134 2806 5186 τὸν
2826 5135 2942 5188 υίδν
2975 5138 3117 5207 ὑπὲρ
3142 5137 3433 5209 ἄνθρωπον
3456 5140 3742 5193 δύνασθαι.
3785 5143 3863 5194 Οὐ
3893 5144 3999 5210 γὰρ

2394 5227 2459 5299 δή
2488 5228 2597 5280 ἀπὸ
2619 5229 2713 5281 τοῦ
2750 5229 2847 5282 καὶ
2877 5230 3013 5283 ἄλλα
3046 5230 3310 5301 θαύματα
3346 5236 3574 5301 ποιῆσαι
3618 5236 3712 5285 τὸν
3765 5236 3997 5304 Ἰησοῦν.

2401 5324 2787 5393 παρακαλέσαι
2842 5326 3010 5379 αὑτὸν
3060 5327 3313 5398 προήχθη
3360 5329 3394 5398 ή
3434 5329 3621 5399 μήτηρ
3679 5332 3763 5391 εἰς
3818 5331 3995 5383 τοῦτο.

2402 5418 2538 5480 Παῖς
2571 5419 2677 5489 γὰρ
2714 5418 2813 5484 ὢν,
2870 5420 3023 5473 οὐδὲν
3076 5420 3645 5492 ὲθαυματοῦργησενο
3688 5416 3723 5494 ἧ
3786 5424 3897 5491 γάρ
3933 5424 3995 5474 ἂν

2398 5512 2673 5582 ἐπίσημος
2718 5517 2886 5568 πᾶσιν
2925 5510 3015 5585 ἦν.
3078 5516 3233 5587 ’Δμα
3292 5516 3351 5568 δὶ
3411 5518 3443 5587 ή
3502 5517 3691 5589 μήτηρ
3746 5518 3844 5571 καὶ
3894 5516 3997 5567 τῶν

2404 5609 2725 5677 μαρτυριῶν
2770 5607 3019 5663 Ἰωάννου
3045 5609 3353 5681 ιμέμνητο,
3385 5609 3451 5674 ἃς
3470 5612 3601 5682 περὶ
3622 5610 3792 5667 αὐτοῦ
3822 5613 3994 5680 ἐμαρ-

762 5889 837 5959 (a)
860 5888 1002 5941 Edit.
1034 5883 1159 5941 Lul.
1201 5883 1482 5937 Dominum
1519 5882 1647 5935 vidit
1681 5884 1855 5933 adhuc
1890 5883 1981 5934 sub
2011 5882 2117 5951 lege
2148 5884 2505 5937 cxsistentem.
