4218 6424
259 413 409 489 1189

885 410 1337 476 ENARRA’HO
1377 415 1459 476 ΙΝ
1503 414 2011 478 EVANGEIJUM
2049 414 2402 482 JOANNIS.
2441 436 2511 455 -·
2544 417 2703 479 CAP.
2747 417 2830 477 II.

3435 421 3576 486 1100

251 526 523 598 τὺρησεν,
556 524 755 580 εσλιπι
782 537 842 580 τι
872 525 976 596 ἢδη
1011 526 1108 580 καὶ
1135 525 1388 597 μαθητὰς
1424 526 1578 596 αὐτῷ
1620 528 1818 580 ἀκολου

1924 550 1937 586 ι
1966 541 2298 598 sequentes:
2335 539 2389 584 et
2429 546 2494 585 ex
2530 531 2613 585 his
2643 532 2903 586 omnibus
2933 531 3278 599 eonjcctabat
3310 535 3568 593 virtutem

252 616 492 682 θοῦντας
514 635 528 649 ο
572 619 668 672 καί
699 618 766 671 ἐκ
822 615 1036 670 τούτων
1087 618 1307 671 πάντων
1345 618 1715 687 ἐτεκμαίρετο
1752 619 1855 688 τὴν

251 707 495 780 δύναμιν
517 709 612 764 τοῦ
645 710 866 774 Παιδός.
907 708 969 763 '0
995 711 1053 764 δέ
1074 712 1306 782 ἐπιτιμᾷ
1336 712 1476 782 αὐτῇ
1493 711 1596 764 οὐκ
1618 712 1850 780 ἀλόγως.

252 802 324 854 Ei
354 803 486 870 γὰρ,
521 802 708 870 φησιν,
735 802 838 854 οὑκ
871 801 1022 856 ἔστιν
1045 797 1213 869 οἶνος,
1243 803 1354 856 ἔδει
1386 804 1585 867 αὑτοὺς
1611 805 1854 867 ἐκείνους

248 892 382 952 τοὺς
417 892 491 960 μὴ
522 891 750 960 έχοντας
782 892 1128 963 προσελθεῖν,
1187 893 1284 946 καὶ
1321 893 1579 959 ἀξιῶσαι,
1611 895 1738 964 οὐχὶ
1791 895 1851 947 σὲ

247 987 356 1052 τὴν
387 984 638 1052 Μητέρα.
678 983 742 1036 Ἦ
777 982 886 1054 γὰρ
915 983 1179 1052 περὶτῶν
1218 984 1438 1038 οίκείων
1498 986 1852 1056 παράκλησις

251 1075 554 1129 σκάνδαλον
601 1079 814 1142 γίνεται
873 1078 986 1139 τοῖς
1024 1077 1259 1147 όρῶσινο
1298 1077 1445 1130 ὅταν·
1479 1078 1538 1132 δι
1573 1079 1623 1131 οἱ
1658 1079 1851 1150 χρείαν

245 1167 471 1236 ἔχοντες
509 1169 666 1222 αὐτοὶ
720 1169 975 1231 δέωνται,
1004 1171 1320 1222 ἀνύποπτον
1345 1171 1404 1223 τὸ
1432 1173 1669 1241 πρᾶγμα
1695 1173 1849 1240 γίνε-

243 1275 363 1313 ται.
397 1260 471 1313 Τὸ
494 1260 575 1326 δέ,
623 1279 641 1312 ι
684 1259 852 1315 οὔπω
885 1261 1078 1331 ἧκειὴ
1130 1261 1249 1332 ὥρα
1283 1281 1408 1332 μου,
1450 1283 1468 1314 ι
1514 1267 1705 1333 φησὶν,
1746 1267 1845 1336 οὑχ

244 1349 326 1414 ὡς
357 1352 720 1422 ὑποκείμενος
752 1354 1028 1421 ἀνάγκαις
1057 1354 1287 1425 καιρῶν,
1323 1356 1355 1429 ἢ
1391 1354 1540 1424 ὥρας
1584 1373 1842 1428 παρατη,

246 1441 518 1511 ρούμενος
581 1445 700 1506 πῶς
738 1445 848 1514 γὰρ
896 1445 924 1498 6
965 1445 1202 1515 Ποιητής
1234 1447 1342 1498 τῶν
1371 1447 1581 1516 χρόνων
1616 1450 1707 1501 καὶ
1737 1450 1847 1503 τῶν

241 1533 462 1587 αἰώνων
478 1535 518 1603 ς)
548 1534 666 1588 ἀλλ’
694 1535 780 1588 ὃτι
811 1537 990 1590 πάντα
1023 1535 1164 1606 μετὰ
1189 1537 1284 1591 τοῦ
1321 1537 1517 1610 καιροῦ
1553 1538 1648 1591 τοῦ
1671 1556 1844 1610 προσ-

238 1629 474 1697 ήκοντος
520 1627 841 1697 ἐργάζεται.
900 1628 1055 1681 Ἐπεὶ
1125 1627 1221 1682 οῦν
1264 1629 1462 1700 ἄδηλος
1491 1625 1560 1701 ἢν
1601 1630 1705 1697 ἔτι,
1750 1631 1847 1686 καὶ

237 1720 524 1787 ἄγνωστος
552 1722 665 1782 τοῖς
703 1719 943 1785 πολλοῖς,
987 1720 1082 1774 καὶ
1103 1719 1228 1773 οὑδέ
1250 1721 1379 1784 τοὺς
1419 1721 1673 1793 μαθητὰς
1704 1724 1844 1778 πάν-

235 1828 342 1874 τας
367 1807 532 1882 εἶχεν,
559 1811 675 1864 ἀλλ’
706 1812 827 1865 οὑδὲ
857 1813 906 1865 oi
938 1814 996 1864 ἐν
1018 1811 1097 1883 τῷ
1119 1812 1288 1882 γάμῳ
1317 1813 1831 1885 αὑτὸνξέγίνωσκον·

232 1898 271 1974 ἧ
310 1905 418 1974 γάρ
450 1905 516 1957 ἂν
544 1904 703 1958 αὑτοὶ
733 1904 1040 1975 προσῆλθον
1068 1906 1164 1959 καὶ
1200 1906 1552 1976 παρεκάλουν
1583 1909 1715 1976 περὶ
1739 1908 1836 1962 τοῦ

232 1997 382 2049 οἴνου
406 2012 420 2025 ·
455 1999 582 2050 ἐπεὶ
619 1992 712 2050 οὖν
736 1996 911 2051 ταῦτα
948 1998 1128 2051 πάντα
1160 1995 1249 2070 ἦν,
1303 1999 1395 2052 διὰ
1426 1999 1586 2052 τοῦτό
1627 2017 1796 2071 φησιν
1818 2015 1834 2030 '

237 2109 258 2140 ι
299 2087 468 2143 Οῦπω
508 2091 636 2161 ἥκει
692 2092 725 2159 ἡ
779 2090 897 2158 ὥρα
936 2106 1059 2162 μου’
1099 2109 1118 2142 ι
1171 2092 1476 2157 τουτέστιν,
1519 2094 1834 2163 ἐπιτήδειος

229 2183 426 2253 καιρὸς
454 2184 518 2236 οὐ
539 2185 826 2254 πάρεστιν.
861 2183 1004 2236 Ἀλλ’
1028 2184 1106 2236 ἔτι
1125 2183 1409 2237 ἐνίσταται
1441 2184 1587 2254 ητοῦ
1619 2186 1833 2256 Ἀρείου

227 2270 424 2338 λύττα,
477 2272 650 2338 δεῖξαι
700 2275 1020 2346 πειρωμένη
1067 2274 1159 2327 τὸν
1213 2273 1422 2347 Κύριον
1459 2275 1829 2346 ὑποκείμενον

225 2365 405 2435 ὥραις
443 2365 536 2419 καὶ
603 2369 838 2437 καιροῖς.
875 2367 1135 2421 Μάνθανε
1178 2367 1383 2432 τοίνυν,
1435 2363 1481 2421 ὥ
1520 2371 1828 2442 κατάρατε,

223 2455 305 2518 ὡς
340 2458 388 2509 εἱ
423 2455 682 2509 ὑπέκειτο
718 2456 915 2527 ὥραις,
957 2458 1076 2521 πῶς
1114 2457 1302 2512 λοιπὸν
1343 2461 1571 2531 ἐποίησε
1604 2463 1664 2515 τὸ
1693 2464 1825 2517 θαῦα

227 2565 352 2618 μα;
394 2548 543 2602 Ἔδει
577 2549 710 2620 γὰρ,
753 2553 898 2603 κατὰ
938 2551 1031 2604 τὸν
1078 2551 1170 2604 σὸν
1215 2552 1397 2620 λόγον,
1432 2555 1554 2607 ἐπεὶ
1581 2555 1828 2610 δουλεύει

221 2643 401 2710 ὥραις
443 2643 539 2694 καὶ
574 2645 814 2713 καιροῖς,
857 2642 1013 2696 οὔπω
1046 2643 1101 2698 δέ
1136 2641 1333 2716 ἦκενὴ
1367 2645 1489 2718 ὥρα
1505 2648 1697 2717 αὑτοῦ,
1751 2652 1827 2723 μὴ

219 2733 524 2806 δυνηθῆναι
555 2735 1053 2808 θαυματουργῆσαι
1079 2755 1093 2768 ⁸
1124 2739 1262 2792 ἀλλὰ
1291 2741 1399 2811 μὴν
1443 2742 1828 2817 ἐθαυματούρ-

221 2842 397 2898 γησςν
427 2845 440 2858 ·
473 2828 574 2880 οὑκ
628 2827 738 2899 ἄρα
792 2828 1038 2883 δουλεύει
1070 2830 1264 2903 ὥραις.
1307 2833 1452 2906 Ὅρα
1485 2836 1542 2888 δέ
1578 2854 1668 2904 μοι
1709 2838 1825 2902 πῶς

213 2924 325 2975 οὑκ
371 2925 500 2994 ἄχρι
561 2924 776 2988 τέλους,
835 2924 956 2977 οὑδέ
987 2924 1080 2978 διὰ
1137 2927 1360 2981 πάντων
1398 2931 1694 2983 ἀντιτείνει
1752 2934 1818 3001 τῇ

217 3014 433 3082 Μητρί·
490 3015 606 3068 ἀλλ’
656 3016 968 3086 ἐπιπλήξας
1014 3019 1232 3089 μικρὸν,
1265 3020 1430 3075 πάλιν
1464 3022 1563 3092 τὴν
1595 3022 1822 3087 ἀξίωσιν

210 3105 390 3175 αὐτῆς
421 3106 645 3178 πληροῖ,
679 3109 862 3178 τιμῶν
886 3109 1082 3180 αὐτὴν,
1114 3113 1206 3164 καὶ
1236 3113 1373 3183 ἡμῖν
1395 3114 1602 3179 τύπους
1633 3116 1818 3182 διδοὺς

209 3197 317 3267 τῆς
357 3198 495 3268 πρὸς
522 3199 654 3262 τοὺς
678 3198 941 3263 τεκόντας
968 3201 1174 3265 αἰδοῦς.
1200 3192 1224 3213 ⁸

291 3393 310 3425 ι
352 3375 520 3443 Λέγει
550 3376 825 3448 ή-Μήτηρ
855 3375 1020 3432 αὑτοῦ
1057 3382 1172 3445 τοῖς
1211 3382 1486 3448 διακόνοις
1507 3403 1522 3418 ο
1554 3387 1624 3440 ’Ὀ
1646 3405 1696 3441 τι
1749 3388 1816 3443 ἂν

202 3468 346 3542 λέγῃ
379 3471 528 3539 ὑμῖν,
561 3471 856 3542 ποιήσατε.
891 3467 1075 3526 Ἦσαν
1117 3474 1175 3526 δέ
1231 3477 1350 3528 ἐκεῖ
1375 3477 1558 3548 ὑδρίαι
1601 3479 1811 3536 λίθιναι

203 3559 272 3626 εξ
329 3560 584 3622 κείμεναι
637 3561 781 3615 κατά
815 3562 910 3614 τὸν
949 3563 1301 3634 καθαρισμὸν
1353 3568 1462 3619 τῶν
1505 3568 1810 3638 Ἰουδαίων,

203 3649 492 3720 χωροῦσαι
522 3651 628 3703 ἀνα
660 3653 942 3722 μετρητὰς
984 3653 1138 3724 δύοῆ
1186 3659 1359 3724 τρεῖς.
1417 3652 1812 3727 Λέγειάὑτοῖς

199 3743 233 3796 ὁ
286 3741 522 3811 Ἰησοῦς·
566 3742 840 3811 Γεμίσατε
894 3745 994 3808 τὰς
1037 3745 1228 3816 ὑδρίας
1273 3743 1490 3812 ὓδατος.
1542 3753 1656 3804 Καὶ
1689 3755 1816 3822 ἐγέ-

204 3852 379 3904 μισαν
412 3833 588 3898 αὑτὰς
631 3835 737 3899 ἐως
782 3836 918 3891 ἄνω.
972 3840 1083 3890 Καὶ
1132 3839 1282 3908 λέγει
1321 3844 1539 3907 αὐτοῖς’
1589 3847 1810 3918 Ἀντλή-

201 3944 336 3979 σατε
360 3926 475 3992 νῦν,
507 3928 602 3981 καὶ
621 3929 819 4000 φέρετε
838 3930 917 4001 τῷ
935 3932 1351 4006 ἀρχιτρικλίνῳ.
1377 3939 1488 3992 Καὶ
1504 3939 1765 4009 ἤνεγκαν·
1786 3960 1807 3995 ι

196 4021 329 4083 Τοῖς
352 4020 626 4085 διακόνοις
654 4022 863 4094 λέγειὴ
895 4026 1122 4097 Μήτηρ·
1159 4047 1177 4079 ι
1211 4029 1278 4082 '0
1309 4047 1362 4084 τι
1392 4033 1458 4086 ἂν
1486 4032 1621 4105 λέγῃ
1653 4035 1807 4105 ὑμῖν,

195 4115 493 4182 ’ποιήσατε⁸
535 4133 554 4164 ›
591 4113 734 4168 ὥστε
785 4116 1026 4191 ¹πλείονα
1088 4121 1351 4187 γενέσθαι
1407 4126 1509 4195 τὴν
1557 4131 1804 4199 αἴτησιν,

194 4201 619 4272 προσελθόντων
653 4204 838 4259 αὑτῶν
867 4207 963 4259 καὶ
1003 4209 1418 4280 αἰτησαμένων
1453 4217 1528 4279 ὡς
1558 4218 1627 4272 ἂν
1662 4221 1808 4292 δειχ-

192 4292 289 4363 θῇ,
330 4295 411 4347 ὅτι
446 4294 548 4347 οὑκ
579 4294 959 4383 ἀσθενααςηῆν
989 4302 1022 4370 ἡ
1047 4305 1408 4376 παραίτησις,
1441 4310 1580 4364 ἀλλὰ
1598 4311 1695 4366 τοῦ
1730 4315 1805 4386 μὴ

187 4384 343 4450 δόξαι
392 4386 709 4458 ἐπιτρέχειν
739 4381 876 4453 ταῖς
907 4391 1386 4468 θαυματουργίαις
1433 4400 1523 4455 διὰ
1574 4381 1805 4473 έιδειξιν

189 4478 290 4530 καὶ
316 4478 472 4532 κενὸν
507 4478 697 4550 τύφον.
726 4483 792 4535 Δί
814 4481 871 4536 δὲ
903 4483 1086 4555 ὑδρίαι
1123 4489 1184 4541 ai
1215 4489 1440 4556 λίθιναι,
1470 4495 1550 4558 εἰς
1578 4496 1672 4549 τὸν
1697 4516 1800 4552 κα-

1962 618 2108 676 Filii.
2152 624 2222 675 At
2271 619 2361 677 ille
2417 622 2665 693 increpat
2727 638 2873 687 eam,
2935 637 3044 677 non
3108 625 3368 681 absurde.
3428 629 3570 684 Dicit

1959 709 2128 771 enim,
2160 707 2218 764 Si
2251 725 2361 765 non
2394 714 2550 767 adest
2579 713 2791 777 vinum,
2826 721 3044 780 oportet
3078 713 3200 769 illos
3231 717 3399 784 ipsos,
3445 722 3570 790 qui~

1959 800 2061 855 bus
2091 802 2267 864 deest,
2299 805 2564 860 accedere
2594 814 2648 860 et
2684 821 2899 876 rogare,
2947 815 3003 860 et
3065 823 3173 861 non
3210 818 3262 862 te
3310 821 3564 866 matrem.

1955 891 2092 947 Nam
2125 897 2346 964 quando
2377 897 2668 952 hortantur
2698 916 2726 951 a
2758 901 3100 970 domesticis,
3134 902 3454 958 scandalum
3505 905 3564 960 {lt

1955 986 2289 1044 videntibus.
2351 988 2580 1055 Quando
2637 999 2820 1045 autem
2888 993 2939 1046 lii
3009 1002 3204 1062 rogant
3272 996 3363 1064 qui
3423 1012 3562 1066 Opus

1957 1079 2183 1143 habent,
2247 1083 2562 1151 suspicione
2630 1099 2716 1139 res
2778 1096 2952 1140 caret.
3017 1087 3288 1142 C:eterum
3350 1090 3560 1156 dicens,

1962 1189 1980 1222 ι
2002 1168 2250 1225 Nondum
2275 1175 2428 1228 venit
2455 1176 2588 1229 hora
2615 1190 2754 1242 mea,
2783 1197 2801 1228 ι
2833 1194 2940 1232 non
2967 1181 3081 1233 vult
3109 1182 3256 1249 quod
3287 1182 3562 1238 obnoxius

1955 1265 2027 1317 sit
2064 1265 2490 1322 necessitatibus
2525 1278 2870 1338 temporum.
2931 1272 3015 1326 vei
3073 1275 3236 1328 horas
3281 1274 3559 1344 observet,

1951 1352 2251 1427 (quomodo
2285 1358 2430 1410 enim
2468 1358 2571 1411 hoc
2633 1360 2816 1414 dicere
2866 1376 3150 1430 possemus
3197 1363 3265 1418 de
3325 1362 3561 1421 FuClOl'e

1952 1455 2259 1516 temporum
2288 1458 2343 1500 et
2369 1450 2694 1505 Saeculorum
2721 1451 2765 1524 ?)
2800 1455 2894 1507 sed
2929 1456 3074 1522 quod
3104 1458 3287 1509 omnia
3311 1468 3558 1525 tempore

1949 1553 2192 1606 congruo
2243 1550 2523 1607 operetur.
2563 1539 2734 1612 Igitur
2775 1545 3037 1615 quoniam
3080 1548 3261 1602 adhuc
3312 1550 3559 1619 incogni-

1948 1633 2036 1680 tus
2095 1636 2237 1690 erat,
2297 1639 2350 1681 et
2390 1630 2640 1685 occultus
2692 1634 2901 1698 multis,
2971 1644 3025 1688 et
3079 1638 3322 1689 nondum
3360 1653 3557 1692 omnes

1947 1717 2186 1774 habebat
2211 1721 2532 1790 discipulos,
2561 1735 2616 1778 et
2635 1739 2810 1790 neque
2836 1725 2915 1791 hi,
2937 1727 3028 1796 qui
3062 1727 3114 1781 in
3141 1730 3347 1798 nuptiis
3374 1739 3554 1790 erant.

1944 1825 2070 1865 eum
2102 1815 2471 1883 agnoscebant
2509 1832 2524 1868 :
2560 1831 2684 1869 nam
2714 1816 2955 1887 alioquin
3007 1820 3108 1890 ipsi
3165 1827 3556 1890 accessissen',

1866 1884 1915 1945 Β
1944 1912 1998 1958 et
2032 1916 2318 1974 rogassent
2361 1922 2461 1976 pro
2499 1906 2628 1962 vino
2663 1911 2833 1979 :quia
2875 1912 2988 1966 iure
3016 1914 3199 1966 omnia
3244 1917 3315 1967 ita
3358 1931 3417 1970 se
3453 1917 3553 1970 lia-

1941 1994 2188 2051 bebaut:
2232 2013 2252 2046 ι
2301 1995 2552 2052 Nondum
2591 2039 2606 2065 ,
2661 2001 2882 2069 inquit,
2936 2005 3086 2058 venit
3141 2005 3271 2060 hora
3325 2023 3484 2074 mea,
3529 2029 3549 2062 ι

1940 2085 2044 2140 hoc
2080 2100 2188 2152 est,
2225 2099 2597 2156 Opportunum
2635 2102 2852 2163 tempus
2883 2099 3124 2152 nondum
3160 2099 3335 2155 adest.
3365 2103 3432 2155 At
3463 2102 3552 2156 hic

1939 2178 2115 2231 adhuc
2145 2192 2299 2247 urget
2325 2182 2440 2235 Arii
2481 2185 2656 2250 furor,
2694 2188 2787 2255 qui
2847 2198 3155 2245 monstrare
3193 2193 3390 2247 nititur
3446 2196 3547 2249 Du.

1939 2269 2146 2323 minum
2182 2272 2335 2328 horis
2362 2285 2417 2328 et
2448 2277 2791 2346 temporibus
2828 2279 3135 2335 subditum.
3172 2285 3329 2338 Disce
3361 2286 3548 2354 igitur,

1936 2373 1971 2413 ο
2001 2361 2310 2427 maledicte.
2364 2368 2512 2434 quod
2548 2369 2593 2422 si
2653 2369 2846 2425 fuisset
2896 2372 3048 2428 boris
3099 2385 3156 2428 et
3210 2377 3552 2448 temporibus

1934 2454 2240 2524 subjectus,
2302 2461 2578 2526 quomodo
2642 2473 2832 2532 postea
2895 2464 3122 2521 fecisset
3177 2469 3552 2527 miraculum?

1933 2547 2234 2618 Oportebat
2264 2553 2434 2616 enim,
2471 2561 2777 2611 secundum
2818 2575 3133 2616 sermonem
3170 2573 3347 2630 tuum,
3377 2581 3552 2636 quan-

1933 2641 2229 2711 doquidem
2271 2646 2506 2702 serviret
2570 2649 2722 2704 horis
2777 2662 2835 2706 et
2892 2657 3254 2723 temporibus,
3302 2660 3547 2714 nondum

1929 2746 2110 2789 autem
2148 2739 2389 2794 venisset
2420 2741 2552 2794 hora
2593 2742 2732 2812 ejus,
2785 2754 2843 2798 ut
2890 2761 2996 2800 non
3045 2758 3236 2816 posset
3271 2751 3540 2807 miracula

1930 2825 2116 2882 facere
2143 2847 2154 2881 :
2183 2832 2277 2884 sed
2306 2833 2632 2887 miraculum
2660 2837 2814 2891 iecit:
2846 2853 2952 2893 non
2987 2840 3154 2911 igitur
3174 2845 3343 2898 servit
3373 2844 3542 2900 horis.

1933 2919 2066 2974 Vide
2120 2933 2326 2990 autem,
2367 2940 2487 2993 oru,
2520 2931 2801 2996 quomodo
2849 2949 2958 2986 non
3013 2950 3188 3003 usque
3233 2938 3299 2989 ad
3354 2938 3543 2998 linem.

1927 3031 2103 3085 neque
2132 3035 2230 3084 per
2257 3021 2438 3072 omnia
2468 3022 2674 3076 resistit
2709 3027 2895 3093 matri,
2923 3030 3018 3083 sed
3041 3045 3165 3082 cum
3196 3046 3316 3085 eam
3347 3046 3541 3100 parum

1927 3111 2367 3178 peram-uixisset,
2395 3114 2590 3168 iterum
2629 3133 2821 3186 preces
2858 3120 2979 3188 ejus
3027 3122 3236 3192 implet,
3263 3125 3545 3182 houorans

1928 3203 2101 3270 illam,
2167 3220 2220 3259 et
2260 3205 2418 3262 nubis
2459 3209 2553 3262 dat
2609 3211 2841 3266 formam
2899 3217 3224 3273 reverentia:
3275 3234 3406 3291 erga
3447 3237 3540 3291 pa-

1926 3310 2131 3352 rentes.

2004 3388 2172 3446 Vens.
2209 3391 2330 3447 5-8.
2372 3413 2391 3446 ι
2443 3395 2578 3451 Dicit
2623 3394 2796 3454 Mater
2840 3401 2963 3470 ejus
2998 3403 3306 3462 ministris:
3350 3407 3542 3475 Quod-

1919 3497 2138 3552 cunque
2164 3486 2365 3541 dixerit
2391 3488 2570 3552 vobis,
2609 3493 2796 3549 facile.
2824 3493 2996 3549 Erant
3025 3507 3210 3552 autem
3238 3500 3310 3554 ibi
3334 3503 3543 3573 hydria:

1919 3575 2150 3644 lapide-aa
2186 3595 2278 3633 sex
2318 3582 2513 3652 posita:
2544 3588 2846 3640 secundum
2888 3588 3333 3657 puriﬁcationem
3360 3593 3540 3652 Jndm-

1916 3683 2097 3732 orum,
2134 3675 2419 3740 rapientes
2445 3677 2677 3745 singulm
2711 3690 2977 3736 metretas
3016 3682 3176 3740 binas
3218 3702 3283 3741 ac
3326 3697 3536 3745 ternas.

1917 3759 2063 3816 Dicit
2094 3762 2173 3818 eis
2217 3761 2418 3821 Jcsus:
2459 3767 2691 3838 lmplete
2735 3773 2962 3844 hydrias
2998 3790 3162 3845 aqua.
3209 3779 3275 3832 Et
3336 3782 3534 3849 imple-

1915 3865 2112 3910 verunt
2148 3873 2244 3912 eas
2277 3875 2451 3931 usque
2486 3865 2552 3916 ad
2599 3880 2899 3923 summum.
2948 3868 3013 3923 Et
3048 3871 3185 3925 dicit
3219 3875 3301 3928 eis
3332 3893 3344 3928 :
3384 3875 3536 3930 llau-

1915 3947 2021 4002 rite
2074 3965 2246 4016 nunc,
2300 3961 2353 4007 et
2412 3953 2553 4010 ferte
2615 3958 3039 4018 architricllno:
3095 3974 3152 4020 et
3204 3968 3470 4026 tulerunt.
3511 3991 3532 4024 ›

1913 4037 2181 4096 Ministris
2227 4041 2364 4097 dicit
2419 4044 2635 4102 Mater:
2696 4068 2715 4100 ι
2753 4049 3029 4122 Quidquid
3085 4057 3288 4113 dixerit
3341 4065 3521 4127 vobis.

1911 4131 2100 4189 facile.
2169 4155 2188 4188 ι
2252 4138 2431 4207 Atque
2509 4141 2582 4195 ita
2634 4159 2758 4196 cum
2836 4147 3013 4215 major
3081 4150 3241 4208 fieret
3297 4158 3532 4226 petitio,

1912 4242 2147 4297 cumque
2209 4231 2574 4287 accessissent
2634 4245 2688 4290 et
2745 4237 2866 4303 illi,
2944 4255 3010 4296 ac
3067 4243 3341 4312 petissent
3390 4267 3402 4303 :
3473 4262 3531 4306 ut

1912 4329 2249 4375 monstretur
2297 4327 2447 4393 quod
2503 4341 2611 4380 non
2669 4328 3015 4388 inﬁrmitatis
3063 4332 3232 4391 fuerit
3287 4342 3530 4411 repulsa,

1907 4417 2002 4466 sed
2061 4429 2128 4467 ne
2178 4415 2462 4471 videretur
2516 4433 2808 4477 accurrere
2870 4435 2926 4480 et
2983 4425 3253 4488 festinare
3301 4438 3369 4489 ad
3425 4441 3531 4493 mi-

1908 4505 2219 4560 raculorum
2303 4513 2683 4578 operationem
2772 4530 2998 4588 propter
3087 4532 3526 4587 oszentatiunem

189 4570 464 4642 θαρισμὸν
491 4573 602 4626 τῶν
663 4574 937 4630 Ἰουδαίων
979 4582 1376 4652 ἐχρημάτιζον.
1407 4587 1472 4639 0i
1513 4589 1624 4660 γὰρ
1667 4589 1797 4645 Ἰουο

1924 4595 2071 4667 533
2105 4607 2158 4653 et
2187 4615 2381 4654 vanam
2416 4602 2674 4671 gloriam.
2711 4605 2963 4677 Lapidem
2993 4621 3175 4668 autem
3219 4619 3429 4688 hydria:
3457 4624 3526 4677 ad

187 4664 331 4717 δαῖοι
373 4665 497 4718 καθ’
539 4667 780 4739 ἑκάστην
832 4671 1020 4742 σχεδὸν
1050 4675 1450 4746 άπεπλύνοντο,
1493 4683 1591 4735 καὶ
1625 4683 1799 4749 οὓτως

79 4787 82 4791 -
186 4755 379 4824 ἧσθιω
400 4774 412 4787 ·
437 4750 571 4824 οἷον,
606 4761 654 4812 εί
673 4758 878 4831 λεπροῦ
905 4763 1138 4835 ἥψαντο,
1167 4767 1217 4818 εί
1249 4768 1471 4840 νεκροῦ,
1504 4773 1550 4823 εί
1573 4775 1799 4839 γυναικὶ

183 4847 498 4917 ὼμΓλησαν,
532 4849 609 4912 ὥς
662 4852 968 4925 ἀκάθαρτοι
1015 4858 1205 4911 λοιπὸν
1233 4859 1390 4926 δντες
1439 4865 1792 4924 ἀπελούοντο.

197 4941 354 4993 Ἐπεὶ
383 4940 477 4996 οὖν
507 4945 540 5014 ἡ
571 4944 909 5019 Παλαιστίνη
935 4948 1167 5021 ἄνυδρος
1201 4948 1292 5025 ἦν,
1325 4956 1418 5008 καὶ
1441 4957 1542 5010 οὐκ
1569 4953 1638 5029 ἦν
1668 4961 1796 5014 πολ-

180 5035 352 5106 λαχοῦ
400 5037 588 5105 πηγάς
641 5039 947 5111 εὑρίσκειν,
990 5044 1268 5113 ἐπλήρουν
1318 5047 1406 5100 ἀεὶ
1453 5049 1554 5114 τὰς
1605 5052 1796 5123 ὑδρίας

184 5129 404 5197 ὓδατος,
435 5131 578 5185 ὥστε
617 5133 694 5205 μὴ
723 5136 942 5207 τρέχειν
976 5140 1056 5203 εἰς
1087 5144 1396 5212 ποταμοὺς,
1438 5146 1627 5199 είποτε
1660 5148 1795 5200 ἁκάο

180 5221 375 5292 θαρτοι
416 5224 680 5291 γένοιντο.
728 5230 843 5300 Οὐχ
874 5230 1062 5296 ἁπλῶς
1099 5229 1196 5288 οὖν
1244 5231 1422 5301 εἶπεν,
1456 5239 1539 5292 ὅτι
1580 5259 1598 5292 ι
1639 5243 1785 5296 κατὰ

176 5315 274 5369 τὸν
307 5317 659 5390 καθαρισμὸν
707 5321 818 5375 τῶν
862 5319 1168 5379 Ἰουδαίων·
1210 5347 1230 5382 ι
1265 5329 1383 5384 ἀλλ’
1418 5331 1504 5384 ἵνα
1547 5335 1621 5404 μή
1647 5352 1794 5400 τινες

175 5407 290 5460 τῶν
320 5409 569 5463 ἀπίστων
620 5413 1066 5485 ὑποπτεύσωσιν,
1099 5421 1184 5474 ὅτι
1217 5424 1421 5492 τρυγία
1454 5423 1636 5496 τις,ἧν
1668 5430 1793 5481 ἐνα-

176 5500 513 5570 πομείνασα,
547 5498 670 5558 εἶτα
703 5506 796 5559 τοῦ
830 5506 1023 5572 ὕδατος
1052 5511 1444 5584 ἐπιϐληθέντος
1495 5519 1591 5569 καὶ
1624 5536 1792 5590 κερα-

179 5593 421 5658 σθέντος,
481 5591 625 5660 οἶνος
686 5599 1020 5666 λεπτότατος
1076 5606 1295 5674 γέγονε,
1355 5609 1654 5678 δείκνυσιν,
1705 5615 1788 5668 ὅτι

171 5688 432 5741 οὐδέποτε
465 5690 649 5744 ἐκεῖνα
680 5694 973 5762 γεγόνασιν
1003 5699 1148 5751 oi'vou
1177 5700 1382 5769 δοκεῖα.
1404 5699 1532 5774 Ἆρ’
1563 5706 1656 5758 οῦν
1687 5709 1787 5760 οὐκ

171 5781 409 5848 ἠδύνατο
439 5785 533 5837 καὶ
580 5789 752 5858 χωρὶς
784 5789 880 5842 τοῦ
915 5793 1252 5865 γεμισθῆναι
1294 5798 1392 5860 τὰς
1427 5800 1614 5870 ὑδρίας
1663 5802 1787 5854 ὓδα-

169 5890 290 5938 τος,
335 5873 742 5950 δημιουργῆσαι
792 5879 935 5938 οἶνον
985 5887 1044 5950 ἐξ
1093 5890 1191 5942 οὐκ
1244 5891 1448 5956 ὅνῖων;
1517 5897 1779 5952 ΊΙδῦνατο

1904 4690 2346 4758 puriﬁcationem
2407 4693 2724 4753 Judzeorum
2801 4703 3058 4760 aderant.
3137 4705 3311 4765 Judaei
3371 4717 3522 4771 enim

1901 4782 2076 4838 ferme
2128 4785 2360 4854 singulis
2411 4788 2565 4845 horis
2622 4792 3012 4863 abluebantur,
3048 4811 3104 4855 et
3139 4805 3220 4859 sic
3256 4811 3523 4866 comede-

1898 4876 2037 4929 baut
2069 4896 2082 4931 :
2119 4887 2177 4933 ut
2199 4880 2245 4933 si
2284 4883 2596 4953 tetigissent
2626 4886 2932 4959 leprosum,
2971 4894 3052 4948 vel
3099 4911 3399 4970 mortuum,
3432 4907 3523 4960 vel

1902 4982 2016 5021 rem
2079 4970 2406 5029 habuissent
2459 4992 2582 5032 cum
2632 4980 2884 5050 muliere,
2919 5001 2980 5040 se
3023 4986 3305 5057 lavabant,
3359 5002 3519 5067 quasi

1900 5058 2166 5117 iuuuuudi
2195 5064 2392 5121 forent.
2425 5068 2638 5124 Etcum
2665 5071 2957 5131 Palaestina
2992 5081 3254 5152 inaquosa
3287 5058 3391 5154 sit;
3416 5107 3519 5148 nec

1901 5154 2103 5223 ubique
2129 5159 2482 5216 inveniantur
2505 5163 2701 5234 fontes,
2728 5168 3033 5237 implebant
3054 5190 3273 5247 setuper
3294 5181 3519 5252 bydrias

1898 5257 2064 5314 aqua,
2096 5259 2154 5302 ut
2184 5266 2291 5306 non
2338 5268 2630 5313 currerent
2666 5261 2734 5314 ad
2786 5261 3037 5330 ﬂumina,
3068 5269 3113 5322 si
3154 5275 3378 5340 quando
3411 5276 3522 5330 im-

1899 5341 2082 5396 mundi
2107 5342 2322 5400 ﬁercut.
2358 5347 2476 5402 Non
2514 5361 2721 5408 temere
2751 5354 2918 5424 igitur
2948 5361 3084 5414 dixit
3113 5381 3126 5416 :
3157 5382 3176 5414 ι
3207 5370 3514 5423 secundum

1897 5436 2340 5505 puriﬁcationem
2372 5442 2714 5503 Judzeorum.
2747 5469 2765 5500 ι
2809 5449 2918 5506 Sed
2952 5471 3019 5509 ne
3051 5458 3354 5516 inﬁdelium
3390 5453 3516 5532 qui-

1896 5533 2020 5585 dam
2081 5538 2498 5605 suspicarentur
2548 5545 2693 5610 quod
2754 5550 3092 5604 mansissent
3143 5554 3198 5607 in
3247 5572 3309 5610 ea
3364 5557 3515 5615 fercis

1895 5627 2143 5696 quaedam
2180 5632 2444 5700 reliquiae,
2479 5648 2530 5690 et
2564 5638 2689 5691 dein
2725 5656 2864 5717 aqua
2917 5643 3096 5700 infusa
3123 5659 3172 5702 et
3212 5653 3391 5715 mista,
3436 5661 3516 5705 vi-

1894 5737 2022 5774 num
2050 5725 2244 5777 deinde
2285 5731 2672 5784 tenuissimum
2712 5736 2915 5790 lmtnnt
2962 5741 3055 5806 sit,
3087 5748 3328 5800 ostendit
3365 5754 3511 5816 quod

1895 5828 2172 5881 nunquam
2231 5817 2318 5870 illa
2357 5819 2560 5874 fuerint
2604 5825 2710 5878 \‘iui
2767 5834 3133 5898 receptacula.
3189 5836 3334 5901 Jaut,
3377 5843 3506 5893 nu'm

1894 5905 2072 5972 putuit
2133 5910 2301 5960 etiam
2359 5915 2568 5985 alisque
2613 5932 2677 5968 eo
2711 5921 2854 5985 quod
2892 5921 3252 5991 ituplcrcntur
3300 5931 3512 6000 hydrae:
