4218 6424
246 395 384 459 H93

922 396 1380 462 ENARRATIO
1424 396 1504 456 IN
1550 392 2059 456 EVANGELIUM
2097 391 2450 452 JOANNIS.
2497 416 2566 427 -
2597 394 2758 455 CAP.
2808 394 2889 454 Il.

3427 392 3581 457 '119l

241 510 450 580 στερρὰ
495 510 608 564 δεῖν
647 506 789 566 εἶναι
834 509 906 564 τὰ
947 510 1046 566 τοῦ
1094 510 1343 564 τοιούτου
1393 510 1542 563 οἴνου
1588 506 1853 579 μέλλοντα

1965 505 2234 559 ditinnum
2260 504 2306 538 ⁸⁸
2329 519 2496 574 super
2513 519 2708 559 omnes
2730 517 3083 572 coaetaneos;
3111 515 3163 561 et
3188 507 3411 575 quando
3435 522 3582 577 pra:-

240 601 466 657 lszaOat
513 605 719 675 δοχεῖα,
757 604 852 657 καὶ
888 604 1310 679 δυσκατάλυτα.
1357 602 1548 672 Λιθίνη
1591 601 1749 672 ὑδρία
1784 596 1852 670 ἦν

238 696 336 748 τοῦ
370 696 587 751 Παύλου
619 697 682 751 τὸ
714 698 1046 766 λογιστικὸν,
1077 699 1169 753 καὶ
1200 699 1330 752 ὅταν
1352 698 1567 759 ἐδίωκε,
1598 694 1850 764 ζηλωτὴς

240 790 352 859 γὰρ
387 786 453 861 ἦν
479 791 590 845 τῶν
615 792 904 862 πατρικῶν
928 792 1291 863 παραδόσεων
1319 790 1462 860 ὑπὲρ
1484 791 1697 850 πάντας
1720 790 1846 851 τοὺς

1962 598 2206 661 dicabat,
2266 606 2475 651 tantam
2528 597 2676 651 cnim
2731 599 2841 650 vim
2899 598 3051 651 verbi
3106 598 3382 665 habebat,
3446 611 3506 652 ιιι
3553 617 3583 654 a

1961 690 2315 761 Lyeaombus
2374 687 2680 745 Mercurius
2732 690 3057 745 crederetur
3109 691 3174 757 ·“⁶,
3233 702 3424 762 utpote
3473 693 3586 748 dux

1960 782 2134 837 verbi.

242 883 683 951 σπηλικιὼτας·
738 884 833 939 καὶ
889 886 1022 938 ὅταν
1076 885 1375 955 ἐκήρυττε,
1438 882 1712 952 τοσαύτην
1751 882 1861 950 γὰρ
1894 877 1995 948 τὴν
2024 878 2083 929 ἐν
2113 878 2226 940 τοῖς
2259 876 2442 944 λόγοις
2477 875 2712 945 δύναμιν
2740 871 2906 947 εἶχεν,
2975 878 3119 931 ὥστε
3158 879 3253 932 καὶ
3301 882 3405 944 ιοίς
3470 880 3588 933 Δυ-

240 979 435 1031 κεύσιν
496 979 706 1051 Ἐρμῆς
776 981 1144 1051 νομισθῆναι,
1184 982 1261 1044 ὡς
1308 981 1404 1035 τοῧ
1457 981 1620 1050 λόγου
1672 978 1997 1049 ἡγούμενος·

320 1094 337 1122 ι
392 1075 480 1137 Ὠς
504 1077 560 1129 δὲ
606 1077 874 1145 ἐγεύσατο
904 1084 933 1130 6
962 1079 1379 1149 ἀρχιτρίκὶινος
1419 1079 1480 1131 τὸ
1513 1077 1659 1146 ὕδωρ
1708 1072 1854 1129 οἶνον

238 1177 630 1238 γεγενημένον,
662 1174 755 1224 καὶ
787 1172 886 1225 οὐκ
919 1172 1035 1244 ᾔδει
1065 1172 1235 1226 πόθεν
1266 1173 1416 1226 ἐστὶν
1481 1174 1550 1243 (οί
1583 1173 1640 1226 δὲ
1670 1172 1853 1227 6.317.0-

239 1279 323 1313 νοι
354 1263 577 1332 ᾔδεισαν
606 1267 655 1317 οί
686 1266 1020 1336 ἠντληκότες
1054 1268 1115 1320 τὸ
1143 1266 1335 1338 ὕδωρ).
1388 1269 1561 1336 φωνεῖ
1588 1268 1679 1319 τὸν
1716 1283 1855 1341 νυμ-

240 1354 365 1423 φίον
386 1356 413 1406 6
439 1356 868 1427 ἀρχιτρίκλινος,
900 1360 993 1412 καὶ
1014 1359 1164 1427 λέγει
1196 1359 1347 1429 αὑτῴ
1370 1377 1385 1391 ο
1420 1360 1534 1422 Πᾶς
1562 1358 1853 1429 ἅνθρωπος

240 1449 462 1515 πρῶτον
488 1450 581 1502 τὸν
606 1452 771 1504 καλὸν
806 1447 951 1505 οἶνον
978 1453 1185 1523 τίθησι,
1216 1454 1307 1507 καὶ
1339 1454 1470 1507 ὅταν
1508 1452 1849 1523 μεθυσθῶσι,

236 1544 365 1597 τότε
399 1547 490 1598 τὸν
513 1545 728 1601 ἐλάσσω
747 1564 762 1577 ο
797 1551 862 1603 σὺ
892 1550 1207 1621 τετήρηκας
1253 1552 1346 1604 τὸν
1377 1551 1541 1605 καλὸν
1581 1546 1722 1604 οἷκον
1745 1552 1852 1614 ἕως

236 1636 385 1706 ἄρτι.
434 1658 452 1690 ι
502 1639 561 1693 '0
592 1642 1006 1712 ἀρχιτρίκλινος
1033 1643 1154 1714 οὐχὶ
1181 1644 1309 1707 τοὺς
1331 1645 1615 1707 διακόνους
1643 1647 1850 1715 ἐρωτᾷ,

234 1727 379 1781 ἀλλὰ
415 1730 507 1783 τὸν
554 1733 815 1801 νυμφίον.
872 1734 1031 1799 Τίνος
1069 1736 1290 1801 ἕνεκεν;
1346 1736 1485 1789 Κατ’
1532 1737 1853 1807 οἰκονομίαν

2043 1070 2208 1126 Vsus.
2230 1071 2285 1135 9,
2319 1069 2408 1125 10.
2440 1090 2459 1123 ι
2500 1068 2801 1140 Postquam
2824 1082 3004 1128 autem
3030 1086 3307 1143 gustasset
3338 1080 3591 1137 architri-

1963 1162 2140 1219 clinus
2176 1179 2377 1231 aquam
2419 1165 2470 1217 in
2510 1166 2695 1219 vinum
2736 1182 2992 1231 versam,
3026 1184 3203 1239 neque
3245 1174 3414 1226 sciret
3444 1177 3590 1229 unde

1964 1268 2129 1320 esset,
2163 1256 2259 1313 sed
2290 1248 2528 1312 ministri
2572 1258 2822 1313 sciebant
2866 1261 2959 1331 qui
3017 1263 3319 1319 hauSerant
3361 1280 3587 1335 aquam,

1969 1360 2126 1402 vorat
2162 1364 2431 1417 Sponsum
2464 1350 2882 1407 arrhitriclinus
2912 1395 2927 1419 ,
2977 1364 3031 1409 et
3081 1353 3219 1409 dicit
3272 1356 3324 1412 ei
3354 1376 3367 1412 :
3394 1358 3592 1416 Omnis

1967 1439 2131 1492 huu.o
2162 1444 2339 1510 primo
2370 1441 2491 1495 loco
2526 1444 2731 1496 licitum
2771 1444 2956 1498 vinum
2991 1446 3170 1515 ponit,
3214 1458 3266 1502 et
3308 1465 3431 1504 cum
3473 1452 3591 1507 iue-

1969 1534 2129 1587 liriati
2163 1534 2392 1600 fuerint,
2426 1536 2629 1591 tuneid
2656 1539 2800 1607 quod
2830 1539 3079 1595 deterius
3098 1552 3205 1596 est.
3242 1540 3321 1595 Tu
3353 1546 3590 1599 servasti

1966 1625 2169 1679 bonum
2213 1629 2399 1681 vinum
2451 1645 2625 1700 usque
2655 1632 2723 1685 ad
2758 1633 2861 1687 hoc
2892 1642 3135 1700 tempus.
3183 1653 3201 1686 ι
3237 1636 3590 1693 Archilricli-

1968 1736 2071 1777 nus
2107 1737 2213 1776 non
2248 1723 2565 1789 ministros,
2604 1725 2699 1780 sed
2722 1741 2984 1797 Sponsum
3010 1729 3338 1801 interrogat.
3366 1730 3592 1798 Quare?

236 1826 461 1888 παντως
515 1823 689 1880 θείαν.
740 1827 802 1880 Et
843 1827 955 1898 γὰρ
1000 1829 1129 1891 τοὺς
1200 1829 1487 1893 διακόνους
1561 1830 1854 1899 ἠρώτησε,

1968 1815 2210 1869 Oumiuo
2237 1818 2396 1885 juxta
2457 1819 2704 1874 divinam
2760 1822 3193 1887 providentiam.
3231 1823 3365 1879 Nam
3404 1827 3449 1881 si
3487 1828 3593 1882 mi-

238 1918 463 1979 παντως
497 1916 566 1971 ἂν
598 1919 965 1989 ἀπεκάλυψαν
1000 1920 1062 1974 τὸ
1092 1919 1307 1990 θαῦμα,
1358 1921 1537 1986 οὐδεὶς
1569 1922 1624 1977 δὲ
1650 1924 1716 1977 ἂν
1753 1924 1855 1977 αὑ-

234 2008 354 2070 τοῖς
394 2008 745 2063 ἐπίστευσεν.
798 2010 975 2083 Ἀρχὴ
1012 2012 1122 2082 γὰρ
1158 2008 1229 2083 ἦν
1276 2014 1387 2065 τῶν
1424 2014 1698 2084 σημείων,
1758 2015 1855 2069 καὶ

236 2098 393 2155 οὔπω
420 2102 599 2167 οὐδεὶς
634 2097 785 2175 εἶχεν
820 2104 1095 2176 ὑπόληψιν
1132 2106 1381 2178 μεγάλην
1416 2107 1548 2178 περὶ
1582 2108 1678 2162 τοῦ
1716 2110 1857 2181 Χρι-

237 2194 367 2247 στοῦ
386 2212 400 2224 ·
423 2194 565 2249 ὥστε
592 2199 686 2250 καὶ
706 2198 815 2251 τῶν
836 2198 1106 2253 διακόνων
1131 2200 1541 2270 ἀφηγουμένων
1559 2201 1621 2255 τὸ
1640 2201 1853 2274 θαῦμα,

235 2285 419 2351 οὐδεὶς
467 2288 533 2342 ἂν
573 2291 892 2348 ἐπίστευσε.
946 2292 1106 2346 Μετὰ
1160 2293 1335 2347 ταῦτα
1392 2294 1586 2364 μέντοι
1622 2296 1713 2349 ὅτε
1762 2298 1856 2352 καὶ

236 2382 405 2453 ἔτερα
442 2387 647 2455 σημεῖα
681 2383 1022 2451 ἐπεδείξατο,
1074 2386 1272 2457 ἔμελλε
1312 2390 1408 2444 καὶ
1436 2389 1597 2444 τοῦτο
1627 2407 1858 2446 πιστευ-

237 2472 524 2543 θήσεσθαι,
564 2477 658 2530 καὶ
701 2478 845 2531 κατὰ
878 2478 1081 2549 μικρὸν
1106 2481 1155 2532 οί
1181 2480 1422 2535 διάκονοι
1465 2482 1606 2555 πρὸς
1645 2484 1856 2549 πάντας

238 2568 623 2638 ἀφηγούμενοι
678 2570 871 2635 τοῦτο,
929 2572 1120 2640 ἔδοξαν
1168 2573 1237 2627 ἂν
1290 2575 1495 2631 πιστοί.
1551 2575 1655 2629 Διὰ
1696 2578 1858 2631 τοῦτο

236 2661 596 2735 ᾠκονόμησεν
618 2667 646 2719 6
675 2665 900 2737 Κύριος,
931 2650 1007 2738 μὴ
1026 2669 1152 2731 τοὺς
1173 2670 1458 2731 διακόνους
1482 2674 1855 2746 ἐρωτηθῆναι,

237 2755 379 2809 ἀλλὰ
430 2759 523 2809 τὸν
562 2759 819 2827 νυμφίον.
870 2761 981 2831 Οὐχ
1039 2762 1233 2827 ἁπλῶς
1280 2763 1336 2817 δὲ
1380 2758 1528 2818 οἶνον
1569 2766 1855 2836 ἐποίησεν,

236 2847 379 2901 ἀλλὰ
411 2852 504 2903 καὶ
558 2853 871 2907 κάλλιστον.
926 2853 1169 2909 Τοιαῦτα
1217 2856 1328 2927 γὰρ
1367 2858 1437 2912 τὰ
1480 2859 1575 2911 τοῦ
1610 2860 1857 2932 Χριστοῦ

238 2940 499 3011 θαύματα
523 2960 534 2972 ·
567 2943 746 3013 πολλῷ
779 2944 977 3014 βελτίω
1000 2945 1109 2999 τῶν
1132 2946 1223 3000 διὰ
1246 2950 1465 3018 φάσεως
1483 2950 1853 3022 τελουμένων.

238 3032 350 3085 Τοῦ
401 3035 501 3105 μὲν
548 3031 642 3089 οὖν
673 3036 733 3089 τὸ
766 3036 913 3109 ὕδωρ
950 3034 1098 3093 οἶνον
1146 3040 1427 3109 γενέσθαι,
1487 3043 1774 3117 μάρτυρες
1808 3044 1879 3111 οἱ,

234 3126 499 3195 διάκονοι,
549 3130 599 3183 οἱ
638 3130 973 3203 ἠντληκότες
1005 3133 1067 3188 τὸ
1108 3134 1293 3207 ὕδωρ*
1332 3135 1429 3190 τοῦ
1471 3137 1531 3191 δὲ
1565 3137 1857 3199 κάλλιστον

232 3222 513 3291 γενέσθαι,
545 3225 573 3277 ό
604 3226 1019 3298 ἀρχιτρίκλινος
1046 3243 1061 3257 ·
1102 3228 1249 3301 ἅπερ
1284 3230 1489 3298 πάντα,
1526 3230 1621 3284 τοῦ
1653 3233 1850 3303 χρόνου

235 3317 547 3385 προϊόντος,
589 3319 817 3388 ἔμελλον
851 3321 1205 3392 κηρυχθέντα
1252 3324 1596 3396 πιστωθῆναι
1628 3326 1851 3395 βεϐαιό-

234 3424 397 3478 τερον
442 3412 553 3475 τοῖς
604 3411 887 3467 ἀκούουσι.
925 3415 1171 3469 Δύνασιι
1208 3415 1266 3469 δὲ
1302 3417 1496 3487 νοῆσαι
1552 3411 1698 3471 οἶνον
1750 3418 1851 3488 μὲν

235 3499 330 3550 τὸν
360 3500 723 3569 εὐαγγελικὸν
768 3502 948 3572 λόγον,
1002 3504 1146 3579 ὕδωρ
1188 3505 1248 3560 δὲ
1280 3508 1460 3562 πάντα
1489 3506 1561 3561 τὰ
1593 3510 1702 3581 πρὸ
1754 3509 1850 3565 τοῦ

239 3592 583 3660 Εύαγγελίου
611 3610 624 3624 ⁸
674 3595 1021 3670 ὑδαρέστερα
1052 3601 1163 3672 γὰρ
1208 3597 1373 3671 ἦσαν,
1427 3603 1522 3656 καὶ
1580 3604 1720 3673 πρὸς
1749 3604 1852 3675 τὴν

236 3685 339 3739 τοῦ
389 3688 552 3757 λόγου
608 3689 892 3746 τελείωσιν
948 3692 1023 3765 μὴ
1060 3695 1361 3764 φθάνοντα.
1407 3691 1537 3750 Οἷον
1577 3698 1631 3749 τί
1669 3714 1846 3768 φημι·

236 3779 454 3833 Δέδωκε
518 3782 712 3852 νόμους
765 3785 1061 3858 διαφόρους
1114 3788 1194 3859 τῷ
1249 3788 1588 3861 ἀνθρώπῳό
1622 3792 1851 3862 Κύριος,

237 3873 337 3926 ἕνα
364 3874 459 3929 τὸν
488 3876 547 3929 ἐν
571 3876 651 3947 τῷ
700 3878 1040 3951 παραδείσῳ,
1085 3880 1346 3954 δεύτερον
1402 3883 1494 3936 τὸν
1547 3884 1645 3937 ἐπὶ
1700 3883 1852 3949 Νῶε,

238 3966 426 4037 τρίτον
475 3969 569 4022 τὸν
621 3970 718 4024 ἐπὶ
765 3971 1023 4045 Ἀϐραὰμ
1053 3975 1156 4044 τῆς
1208 3976 1546 4048 περιτομῆς,
1590 3979 1855 4050 τέταρτον

236 4060 330 4112 τὸν
360 4060 449 4114 διὰ
472 4060 568 4115 τοῦ
613 4063 886 4133 Μωσέως,
932 4067 1191 4137 πέμπτον
1250 4068 1339 4123 διὰ
1382 4072 1492 4123 τῶν
1530 4072 1853 4143 προφητῶν.

238 4152 451 4219 Πάντες
476 4154 571 4209 οὖν
595 4150 766 4225 οὗτοι,
797 4159 874 4223 ὡς
903 4161 1039 4232 πρὸς
1072 4163 1172 4233 τὴν
1213 4163 1301 4217 τοῦ
1329 4163 1669 4232 Εὑαγγελίου
1695 4165 1856 4237 ἀκρί-

238 4243 399 4300 ϐειαν
420 4250 515 4302 καὶ
540 4249 772 4322 δύναμιν
806 4255 1255 4325 συγκρινόμενοι,
1288 4255 1505 4327 ὑδαρείς
1537 4258 1698 4321 είσιν,
1718 4259 1856 4321 εῐτις

236 4339 431 4404 ἁπλῶς
464 4342 664 4408 αὐτοὺς
694 4345 786 4398 καὶ
811 4346 956 4399 κατὰ
987 4348 1050 4399 τὸ
1079 4348 1320 4418 γράμμα
1344 4352 1470 4405 νοεῖ.
1506 4350 1570 4404 Εἰ
1596 4349 1641 4402 δ’
1676 4351 1854 4420 ἐμϐα-

238 4432 409 4498 θύνας
440 4434 519 4506 τῷ
547 4437 847 4508 πνεύματι,
883 4443 1214 4512 κατανοήσει
1243 4440 1314 4495 τὰ
1340 4446 1726 4515 κεκρυμμένα,
1764 4444 1858 4497 εὐ-

239 4528 403 4601 ρήσει
425 4528 488 4583 τὸ
513 4529 657 4603 ὕδωρ
692 4528 837 4586 οἶνον
880 4536 1273 4607 γεγενημένον·
1310 4536 1381 4590 τὰ
1408 4541 1520 4607 γὰρ
1554 4536 1743 4601 ἁπλῶς
1772 4536 1858 4590 λε-

1965 1908 2170 1963 nistros
2195 1910 2618 1983 interrogasset,
2643 1914 2835 1983 utique
2867 1915 3193 1971 miraculum
3227 1918 3589 1989 revelassent,

1960 2010 2017 2055 et
2056 2001 2242 2057 nullus
2276 2004 2360 2057 eis
2394 2004 2750 2061 credidisset.
2804 2006 3025 2062 Initium
3060 2010 3206 2063 enim
3241 2023 3364 2065 erat
3405 2013 3593 2084 signo-

1964 2106 2112 2155 rum,
2146 2101 2203 2146 et
2238 2093 2420 2149 nullus
2450 2096 2633 2149 adhue
2677 2097 2996 2165 opinionem
3047 2100 3212 2155 talem
3245 2102 3487 2157 habebat
3523 2106 3591 2160 de

1961 2183 2188 2243 Christo
2216 2205 2229 2240 :
2262 2197 2428 2257 atque
2457 2190 2533 2244 ila
2567 2191 2839 2247 ministris
2870 2193 3229 2250 narrantibus
3257 2198 3590 2253 miraculum

1963 2279 2069 2333 hoc
2095 2280 2280 2335 nullus
2307 2283 2656 2338 credidisset.
2689 2283 2862 2355 Igitur
2886 2296 3183 2356 postquam
3214 2301 3269 2343 et
3303 2291 3408 2345 alia
3434 2292 3591 2363 signa

1962 2383 2186 2428 ostensa
2221 2384 2373 2443 sunt,
2409 2378 2676 2433 credibile
2700 2389 2755 2433 et
2790 2380 2891 2435 hoc
2929 2381 3178 2437 futurum
3213 2396 3354 2451 erat,
3381 2396 3437 2441 et
3467 2404 3597 2456 pau-

1964 2465 2122 2521 latim
2183 2468 2423 2524 ministri
2482 2472 2746 2528 omuibus
2808 2473 2915 2528 hoc
2980 2486 3354 2544 enarrantes,
3403 2479 3594 2535 lideles

1964 2558 2141 2615 habiti
2194 2559 2442 2617 fuerunt.
2502 2563 2716 2620 Idcirco
2766 2567 3047 2622 ordinavit
3098 2569 3363 2626 Dominus
3401 2576 3597 2628 nemi-

1968 2655 2159 2710 nistris
2226 2656 2748 2729 interrogarentur,
2793 2662 2890 2716 sed
2936 2679 3198 2731 sponsus.
3258 2663 3437 2722 Porro
3484 2685 3594 2726 non

1963 2748 2295 2819 simpliciter
2324 2750 2456 2807 fecit
2484 2752 2698 2819 vinum,
2726 2753 2825 2810 sed
2852 2767 2909 2810 et
2940 2758 3234 2827 Optimum.
3266 2758 3393 2816 llaec
3420 2763 3592 2833 enim,

1969 2857 2091 2913 quae
2121 2843 2388 2899 miracula
2422 2844 2627 2901 Christi
2658 2859 2808 2915 sunt,
2847 2850 3021 2905 multo
3058 2853 3297 2908 meliora
3348 2855 3435 2912 his
3470 2868 3599 2913 sunt

1963 2951 2089 3005 quae
2127 2952 2225 3007 per
2269 2948 2528 2995 naturam
2578 2938 2739 2995 ﬁunt.
2795 2941 2862 2996 Et
2897 2945 3041 3013 quod
3086 2961 3228 3016 aqua
3270 2949 3475 3004 factum
3523 2952 3599 3007 sit

1964 3032 2195 3097 vinum,
2236 3042 2409 3089 testes
2456 3043 2587 3090 sunt.
2618 3036 2857 3091 ministri
2892 3038 2986 3108 qui
3019 3038 3327 3096 hauserant
3368 3061 3593 3115 aquam.

1964 3124 2126 3193 Quod
2160 3141 2292 3183 vero
2337 3129 2607 3199 optimum
2664 3128 2856 3197 fuerit,
2895 3132 3319 3191 architriclinus
3362 3147 3599 3196 testatus

1882 3216 1928 3278 (ἶ
1962 3228 2049 3275 est
2086 3235 2099 3273 :
2133 3235 2257 3290 qua}
2296 3236 2433 3277 sane
2479 3225 2669 3277 omnia
2719 3225 3058 3294 procedente
3102 3239 3351 3300 tempore
3399 3235 3600 3302 praedi-

1960 3320 2103 3377 cata,
2148 3312 2621 3385 credibilioraque
2650 3313 2798 3371 tacta
2835 3326 2967 3371 sunt
3000 3319 3378 3378 audientibus.
3431 3322 3599 3381 Potes

1961 3415 2146 3461 autem
2174 3406 2487 3479 intelligere
2515 3416 2573 3463 et
2604 3409 2791 3464 vinum
2822 3409 3047 3480 quidem
3075 3428 3390 3470 sermonem
3424 3432 3600 3472 evan-

1960 3500 2216 3570 gelicum,
2257 3516 2456 3571 aquam
2480 3513 2663 3558 autem
2691 3506 2876 3559 omnia
2900 3521 3024 3575 quae
3060 3518 3189 3561 ante
3218 3506 3600 3580 Evangeliun',

1957 3609 2081 3664 qua:
2111 3593 2405 3665 liquidiora
2434 3608 2489 3651 et
2519 3598 2846 3669 insipidiora
2880 3610 3063 3667 erant,
3096 3613 3149 3657 et
3179 3607 3246 3656 ad
3284 3605 3431 3661 illius
3468 3624 3597 3679 per-

1961 3689 2256 3746 fectionem
2292 3707 2401 3745 non
2451 3694 2833 3761 pervenientia
2864 3708 2879 3749 :
2914 3705 2969 3749 et
3007 3705 3067 3749 ut
3100 3697 3313 3768 aliquid
3354 3704 3596 3773 exempli

1961 3786 2137 3853 gratia
2179 3784 2386 3853 dicam,
2442 3786 2711 3843 Dominus
2745 3790 2955 3844 homini
2997 3790 3186 3846 varias
3235 3793 3387 3861 leges
3422 3796 3597 3865 dedit,

1961 3894 2123 3933 unaiu
2157 3880 2212 3934 in
2250 3882 2536 3950 paradiso,
2576 3883 2880 3939 secundam
2922 3896 3171 3958 tempore
3206 3886 3347 3956 Noe,
3377 3894 3598 3947 tertiam

1959 3974 2062 4025 sub
2093 3971 2401 4045 Abraham,
2432 3992 2630 4047 nempe
2666 3978 3175 4048 circumcisionem,
3204 3993 3462 4054 quartam
3503 4003 3602 4056 per

1961 4063 2185 4135 Mosen,
2229 4069 2479 4140 quintam
2503 4086 2601 4139 per
2628 4074 2945 4143 prophetas.
2981 4072 3187 4131 Omnes
3221 4078 3388 4148 igitur
3420 4078 3525 4134 illre
3554 4083 3600 4135 si

1961 4160 2321 4218 conferantur
2338 4179 2463 4219 cum
2488 4165 2774 4237 Evangelii
2794 4168 3067 4235 evidentia
3089 4179 3145 4223 et
3161 4174 3232 4225 vii
3248 4180 3387 4236 tute,
3410 4188 3602 4242 aquom

1962 4267 2110 4323 Sunt,
2171 4257 2217 4311 si
2267 4257 2394 4327 quis
2449 4257 2617 4331 535
2671 4274 2767 4315 eas
2817 4261 3148 4332 simpliciter
3168 4273 3223 4319 et
3255 4267 3321 4320 ad
3357 4264 3599 4322 litteram

1965 4353 2255 4424 intelligat.
2297 4354 2454 4423 Quod
2486 4358 2534 4411 si
2570 4357 2698 4426 quis
2747 4357 2945 4427 spiritu
2987 4358 3211 4422 incedit,
3250 4369 3306 4415 et
3343 4361 3601 4432 intelligit

1964 4444 2326 4513 abscondita,
2405 4447 2652 4503 inveniet
2708 4463 2909 4519 aquam
2960 4460 3230 4504 mutatam
3279 4452 3331 4507 in
3386 4453 3595 4508 viuum.

1968 4535 2105 4591 Nam
2139 4553 2261 4609 quae
2295 4539 2627 4609 simpliciter
2656 4538 2940 4605 dicuntur,
2967 4548 3022 4596 et
3043 4539 3111 4594 ad
3146 4540 3392 4598 litteram
3432 4545 3599 4601 intel.

237 4623 451 4694 γόμενα
481 4625 577 4681 καὶ
604 4626 749 4681 κατὰ
774 4627 835 4681 τὸ
868 4605 1110 4699 γράμμα
1151 4628 1425 4701 νοούμενα
1459 4605 1574 4694 τοῖς
1613 4630 1852 4695 πολλοῖς,

1965 4630 2231 4701 liguntur,
2267 4633 2458 4688 multis
2498 4633 2726 4688 omnino
2763 4648 2901 4702 aqua
2937 4642 3090 4688 sunt.
3126 4634 3233 4701 Qui
3268 4645 3453 4692 autem
3486 4641 3600 4708 epi-

238 4717 387 4791 ῦδωρ
411 4718 564 4787 ὅντα,
594 4722 818 4787 πάντως
843 4724 872 4776 6
898 4723 1293 4793 πνευματικῶς
1321 4724 1658 4795 ἀνακρίνων,
1693 4723 1859 4795 εὑρή-

239 4828 325 4867 σει
367 4808 512 4870 οῐνον
543 4815 858 4883 κάλλιπον,
891 4813 1124 4889 ὕστερον
1184 4817 1496 4889 πινόμενον,
1526 4818 1622 4870 καὶ
1650 4815 1858 4887 τηρού-

238 4924 406 4981 μενον
432 4908 585 4982 παρὰ
614 4910 711 4965 τοῦ
742 4911 983 4981 νυμφίου
1015 4910 1256 4983 Χριστοῦ
1276 4928 1291 4943 α
1324 4913 1450 4966 ἐπεὶ
1472 4913 1567 4967 καὶ
1604 4913 1664 4967 ἐν
1693 4914 1860 4983 ἐσχά-

234 5017 354 5065 τοις
391 5004 607 5074 καιροίς
635 5001 857 5079 ιδείχθη
891 5004 953 5058 τὸ
978 5002 1331 5075 Εὐαγγέλιον.

315 5112 336 5147 ε
376 5094 600 5168 Ταύτην
650 5097 882 5170 εποίησε
914 5098 1015 5171 τὴν
1054 5101 1237 5173 ἀρχὴν
1265 5098 1378 5153 τῶν
1413 5100 1663 5171 σημείων
1690 5103 1718 5155 6
1742 5100 1854 5174 'qu-

238 5191 371 5258 οοῦς
396 5195 457 5248 ὲν
490 5194 650 5264 Κανᾷ
686 5194 791 5266 τῆς
846 5194 1170 5265 Γαλιλαίας,
1225 5196 1324 5251 καὶ
1373 5196 1692 5267 ἑφανὲρωσε
1752 5195 1854 5267 τὴν

236 5287 400 5356 δόξαν
450 5288 647 5353 αὐτοῦ,
683 5290 777 5345 καὶ
824 5291 1168 5344 ἐπίστευσαν
1210 5290 1293 5353 είς
1326 5290 1495 5345 αὑτὸν
1523 5290 1576 5342 ot
1609 5287 1858 5361 μαθηταὶ

236 5381 431 5436 αὑτοῦ.
466 5401 487 5436 ι
522 5382 650 5437 ὀτι
720 5383 822 5455 μὲν
865 5383 1007 5455 μετὰ
1040 5385 1104 5437 τὸ
1156 5382 1448 5455 βάπτισμα
1496 5382 1703 5456 ἤρξατο
1747 5382 1858 5437 τῶν

240 5477 490 5549 σημείων
524 5480 551 5532 6
578 5478 808 5551 Κύριος,
852 5478 949 5532 καὶ
980 5479 1253 5549 πρότερον
1293 5481 1626 5551 εἰρήκαμεν.
1667 5478 1859 5531 Ἐοικε

238 5573 299 5627 δὲ
331 5575 427 5628 καὶ
457 5573 681 5645 πρῶτον
723 5577 955 5646 σημεῖον
990 5575 1151 5628 τοῦτο
1205 5575 1433 5646 ποιῆσαι
1466 5576 1529 5627 τὸ
1560 5571 1655 5627 τοῦ
1686 5573 1853 5628 οἴνου.

236 5666 382 5738 Φησὶ
415 5669 557 5740 γάρ·
596 5686 616 5720 ι
650 5668 872 5740 Ταύτην
931 5669 1160 5741 ἐποίησε
1210 5668 1310 5741 τὴν
1360 5666 1538 5739 ἀρχὴν
1591 5667 1702 5721 τῶν
1760 5682 1861 5736 ση-

248 5760 441 5832 μείων.
490 5779 510 5814 ι
569 5761 712 5815 Ἀλλ’
742 5763 862 5833 ἐρεῖ
894 5777 1001 5827 τις,
1037 5762 1120 5815 ὅτι
1159 5762 1208 5815 εί
1276 5760 1371 5817 καὶ
1405 5763 1552 5833 ἀρχή
1604 5762 1723 5817 ἐστι
1748 5759 1862 5814 τῶν

321 5953 366 5984 ⁸⁸
396 5947 573 6005 Calai.
600 5964 642 6014 ι,
678 5946 768 6001 14.
845 5944 893 5978 ⁸⁸
920 5944 1047 6001 Act.
1081 5962 1194 6015 xrv,
1223 5949 1312 6004 ll.

547 6044 825 6103 l'ATnOL.
870 6042 990 6102 Gn.
1035 6041 1291 6105 CXXlll

1965 4726 2242 4782 ritualiter
2269 4725 2558 4798 diiudicat,
2584 4727 2833 4783 inveniet
2856 4727 3040 4781 viuum
3075 4729 3375 4797 Optimum,
3405 4744 3599 4802 postea

1964 4820 2266 4877 bibendum
2318 4829 2373 4876 et
2422 4819 2760 4877 servandum
2796 4835 2826 4875 a
2855 4835 3064 4889 sponso
3110 4821 3338 4878 Christo
3374 4841 3386 4878 :
3418 4840 3599 4896 quan-

1966 4914 2263 4983 doquidem
2292 4923 2347 4969 et
2374 4912 2429 4969 in
2452 4914 2717 4970 extremis
2740 4913 3083 4983 temporibus
3108 4924 3481 4973 monstratum
3515 4930 3602 4976 est

1966 5005 2354 5080 Evangelium.

2044 5098 2217 5157 Vens.
2249 5102 2341 5156 Η.
2383 5118 2403 5154 ι
2440 5098 2558 5157 Hoc
2584 5100 2718 5158 fecit
2769 5100 2989 5156 initium
3026 5101 3315 5172 signorum
3349 5102 3514 5161 Jesus
3545 5105 3601 5161 in

1965 5195 2115 5251 Cana
2160 5193 2435 5261 Galilazre,
2488 5203 2547 5249 et
2593 5194 2973 5250 ntamlestavit
3024 5196 3259 5265 gloriam
3299 5214 3483 5263 suam,
3536 5211 3596 5255 et

1968 5285 2332 5342 crediderunt
2371 5285 2427 5340 in
2454 5298 2581 5341 eum
2618 5285 2877 5356 discipuli
2912 5287 3052 5356 ejus.
3091 5304 3111 5340 ι
3145 5287 3301 5356 Quod
3332 5288 3598 5346 Dominus

1970 5382 2125 5454 signa
2160 5382 2380 5451 operari
2407 5381 2645 5452 .cwperit
2673 5391 2798 5452 post
2826 5381 3186 5453 baptismum,
3215 5392 3272 5440 et
3301 5385 3453 5455 prius
3475 5384 3601 5455 qui-

1970 5474 2094 5529 dem
2131 5474 2373 5529 diximus
2408 5489 2421 5527 :
2453 5473 2670 5527 videtur
2717 5479 2901 5527 autem
2938 5484 2993 5527 et
3027 5472 3132 5528 hoc
3162 5474 3380 5545 signum
3421 5474 3598 5545 primo

1971 5568 2193 5626 fecisse.
2231 5569 2372 5624 Dicit
2400 5568 2582 5627 enim:
2618 5588 2637 5620 ι
2677 5567 2788 5623 lloc
2821 5568 2947 5624 fecit
2980 5566 3197 5622 initium
3227 5568 3535 5639 signorum.
3572 5586 3591 5620 ι

1972 5664 2044 5719 At
2074 5665 2222 5721 dicet
2254 5666 2401 5735 quis,
2438 5665 2587 5735 quod
2635 5663 2763 5717 licet
2808 5661 2977 5715 fuerit
3014 5662 3230 5717 initium
3286 5665 3595 5734 signorum,

1976 5773 2086 5816 non
2122 5769 2309 5816 tamen
2340 5758 2615 5826 omnium,
2647 5757 2744 5813 sed
2780 5771 2975 5813 eorum
3014 5771 3137 5825 qua:
3168 5758 3222 5813 in
3258 5757 3413 5815 Cana
3443 5753 3598 5811 Gali-

3089 6036 3171 6097 38
