4218 6424
729 399 866 463 1195

1579 390 2160 457 THEOPHYLACTI
2198 393 2613 456 BULGARIJS
2654 396 3009 457 ARCHIEP.

3846 394 3988 459 ιιυι

720 515 869 566 item:
902 525 1029 564 nam
1083 524 1203 564 eum
1232 509 1384 578 plura
1415 508 1489 563 ibi
1528 506 1723 563 fecerit
1752 508 1927 576 signa,
1972 506 2073 562 hoc
2119 515 2291 560 tamen

2406 509 2652 579 σημείων
2684 508 2847 580 αὕτη,
2876 508 2994 562 ἀλλ’
3026 508 3147 578 οὐχὶ
3176 509 3418 574 πάντων,
3441 507 3577 563 ἀλλὰ
3600 508 3711 563 τῶν
3736 510 3797 561 ὲν
3833 508 3993 580 Κανᾷ

723 606 957 674 primum
991 601 1111 656 fuit.
1152 602 1218 655 Et
1248 603 1361 656 haec
1391 601 1606 671 quidem
1643 600 1718 654 illi
1750 598 1985 654 dixerint
2018 615 2031 651 :
2067 611 2165 651 nos
2194 612 2297 651 au-

728 706 833 748 tem
885 692 1131 761 quamvis
1191 691 1360 745 multa
1426 691 1725 747 habeamus
1762 687 1831 743 ad
1883 688 2294 743 monstrandum

721 786 863 855 quod
894 783 1105 837 initium
1145 783 1308 839 fuerit
1332 784 1578 837 omnium
1608 781 1888 852 signorum
1925 781 2146 848 (etenim
2172 795 2296 835 cum

721 878 891 941 dicit,
929 894 948 928 ι
992 876 1355 931 Manifestavlt
1384 874 1607 947 gloriam
1656 887 1832 940 suam,
1866 883 1921 928 et
1954 873 2300 928 crediderunt

719 968 773 1025 in
801 984 921 1023 eum
953 968 1199 1038 discipuli
1233 968 1374 1038 ejus.
1429 984 1448 1018 ι
1482 965 1686 1020 indicat
1713 966 1857 1032 quod
1896 975 2022 1019 ante
2060 967 2162 1021 hoc
2191 979 2296 1019 non

716 1060 910 1115 fecerit
948 1059 1266 1114 miraculum
1322 1057 1491 1124 aliud,
1526 1060 1593 1113 ab
1637 1058 1728 1114 iilo
1754 1060 1900 1112 enim
1932 1054 2300 1111 manifestam

716 1155 941 1225 gloriam
968 1156 1170 1224 suam),
1190 1164 1427 1210 attamen
1456 1169 1562 1209 non
1592 1153 2033 1224 disceptabimus,
2058 1152 2170 1207 sive
2194 1151 2298 1205 hoc

718 1244 832 1300 sive
868 1245 1013 1299 aliud
1051 1244 1215 1301 fuerit
1245 1247 1415 1313 prius.
1459 1245 1741 1313 Quomodo
1772 1255 1951 1301 autem
1986 1244 2298 1299 manifesta-

714 1335 794 1389 vit
840 1335 1067 1404 gloriam
1098 1334 1294 1390 suam?
1322 1334 1438 1390 Non
1474 1335 1629 1390 multi
1686 1336 2071 1399 interfuerunt,
2123 1349 2299 1404 neque

717 1438 900 1481 coram
933 1423 1125 1493 papulo
1146 1423 1251 1478 fuit
1277 1424 1501 1481 factum.
1538 1425 1734 1480 Verum
1761 1426 1978 1494 quidem
2004 1439 2111 1478 non
2148 1435 2294 1489 tunc,

716 1516 811 1571 sed
845 1527 1032 1585 postea
1082 1516 1401 1570 miraculum
1440 1517 1543 1571 hoc
1594 1516 1830 1570 audituri
1883 1524 2041 1570 erant
2086 1528 2295 1577 omnes,

719 1605 862 1661 unde
889 1620 1061 1675 usque
1091 1606 1145 1660 in
1174 1606 1316 1661 hunc
1354 1607 1498 1661 diem
1549 1606 1875 1672 celebratur,
1913 1615 1968 1659 et
2001 1606 2052 1658 in
2085 1605 2299 1673 occulto

718 1710 826 1754 non
855 1706 960 1754 est.
1000 1696 1153 1765 Quod
1208 1706 1387 1752 autem
1433 1706 1487 1753 et
1519 1698 1769 1767 discipuli
1803 1698 1920 1768 ejus
1971 1695 2300 1751 crediderint

719 1794 772 1845 in
804 1806 952 1856 eum,
978 1792 1048 1845 ita
1083 1790 1345 1858 iutellige,
1383 1790 1523 1858 quod
1558 1790 1713 1845 fidem
1764 1791 2077 1859 ampliorem
2109 1798 2161 1842 et
2193 1788 2298 1841 lir-

2400 605 2501 674 τῆς
2536 601 2850 663 Γαλιλαίας.
2881 601 3125 670 Διάφορα
3159 599 3291 670 γὰρ,
3318 602 3504 671 φησὶν,
3541 600 3801 669 θαύματα
3830 602 3995 671 ποιη-

2402 712 2595 759 σαντος
2630 697 2687 748 ἐν
2735 694 2915 764 Κανᾷ,
2962 694 3102 764 αὕτη
3152 692 3304 745 εστὶν
3343 694 3375 762 ἡ
3418 692 3579 764 ἀρχή.
3642 690 3838 747 Ταῦτα
3894 690 3994 762 μιν

2401 790 2543 842 ετποι
2572 806 2655 853 τις
2684 788 2751 843 άν
2772 802 2787 819 ⁸
2819 789 2980 858 ἡμεῖς
2999 786 3076 854 δὲ,
3106 786 3285 840 καίτοι
3310 786 3481 841 πολλὰ
3506 786 3721 857 ῑχοντες
3758 785 3905 856 πρὸς
3934 783 3996 839 τ⁴δ

2399 883 2592 949 δεῖξαι,
2639 886 2723 937 ὅτι
2773 885 2867 937 καὶ
2918 881 3140 936 πάντων
3192 882 3303 934 τῶν
3360 881 3603 951 σημείων
3654 879 3811 933 ἐστὶν
3845 880 3993 950 ἁρχὴ

2401 978 2518 1047 (καὶ
2548 977 2657 1047 γὰρ
2678 976 2759 1042 τὸ,
2802 994 2821 1028 ι
2870 976 3218 1048 Ἐφανέρὼσε
3286 974 3386 1045 τὴν
3461 974 3620 1040 δόξαν
3663 973 3863 1038 αὑτοῦ,
3902 973 3994 1027 καὶ

2400 1069 2462 1121 τὸ
2502 1086 2522 1121 ι
2562 1068 2921 1122 Ἐπίστευσαν
2973 1069 3055 1131 είς
3109 1067 3276 1120 αὐτὸν
3332 1068 3381 1120 oi
3435 1064 3674 1137 μαθηταὶ
3725 1063 3926 1132 αὐτοῦ,
3966 1083 3985 1117 s

2400 1160 2802 1223 ἐνδείκνυνται,
2872 1161 2955 1214 ὅτι
3001 1160 3191 1232 ἕτερον
3250 1158 3358 1226 πρὸ
3403 1158 3595 1211 τούτου
3654 1156 3850 1227 θαῦμα
3891 1156 3996 1210 οὐκ

2400 1252 2695 1321 ἐποίησεν·
2742 1249 2839 1305 ἀπ’
2880 1250 3091 1305 ἐκείνου
3146 1250 3258 1321 γὰρ
3310 1249 3626 1319 ὲφανέρωσε
3677 1246 3783 1318 τὴν
3829 1244 3996 1312 δόξαν

2399 1342 2611 1415 αὑτοῦ),
2649 1344 2798 1413 ὅμως
2821 1341 2882 1395 οὐ
2908 1341 3304 1412 διαφερόμεθα,
3348 1343 3459 1394 εῐτε
3497 1339 3659 1394 τοῦτο
3691 1338 3993 1411 πρότερον,

2401 1436 2509 1487 εἴτε
2534 1435 2720 1503 ἕτερον
2749 1433 2962 1501 γέγονε.
2996 1431 3123 1495 Πῶς
3146 1430 3202 1485 δὶ
3228 1431 3338 1502 ἄρα
3366 1433 3683 1501 ἑψανέρωσε
3706 1430 3812 1501 τὴν
3831 1429 3996 1496 δόξαν

2401 1526 2608 1593 αὐτοῦς
2643 1525 2777 1579 Οὐδὲ
2823 1525 2930 1593 γὰρ
2986 1524 3174 1578 πολλοὶ
3226 1525 3517 1595 προσεῖχον
3556 1524 3635 1593 τῷ
3683 1523 3995 1593 γενομένῳ,

2400 1618 2522 1672 οὐδὲ
2568 1616 2801 1671 ἐνώπιον
2829 1616 3002 1685 δήμου
3048 1620 3293 1686 γέγονεν.
3340 1616 3480 1671 Ἀλλ’
3511 1617 3560 1669 εί
3593 1614 3690 1670 καὶ
3736 1616 3814 1687 μὴ
3844 1617 3993 1677 τότε.

2400 1712 2516 1766 ἀλλ’
2552 1711 2780 1783 ὓστερον
2808 1712 3032 1783 ἔμελλον
3065 1712 3125 1764 τὸ
3154 1710 3341 1779 θαῦμα
3367 1707 3704 1765 ἀκούσεσθαι
3748 1710 3955 1771 πάντες
3978 1724 3993 1737 ·

2401 1804 2526 1858 ὅθεν
2572 1806 2666 1857 καὶ
2709 1806 2872 1875 μέχρι
2903 1804 2997 1857 τοῦ
3031 1803 3126 1858 νῦν
3179 1802 3389 1874 ᾅδεται,
3430 1803 3524 1855 καὶ
3554 1803 3615 1854 οὐ
3647 1802 3891 1857 διέλαθε.
3921 1802 3995 1856 Τὸ

719 1882 947 1938 miorem
998 1883 1307 1951 acceperint
1335 1900 1347 1935 :
1380 1882 1502 1951 quia
1534 1891 1582 1936 et
1612 1881 1764 1951 prius
1806 1881 2019 1949 quidem
2054 1878 2291 1935 credide-

2402 1894 2480 1961 δὲ,
2512 1914 2530 1947 ι
2565 1896 2627 1947 0i
2662 1874 2900 1966 μαθηταὶ
2931 1894 3097 1949 αὑτοῦ
3120 1895 3450 1948 ἐπίστευσαν
3478 1893 3558 1955 είς
3578 1892 3766 1956 αὑτὸν,
3798 1911 3816 1943 ι
3849 1890 3997 1945 οὕτω

718 1980 861 2037 rant,
892 1972 984 2027 sed
1008 1986 1118 2026 non
1160 1979 1267 2024 tam
1298 1968 1549 2025 llrmiter.

788 2239 955 2297 Vens.
994 2240 1175 2295 1247.
1234 2260 1251 2293 t
1290 2240 1414 2296 Post
1458 2241 1573 2295 hate
1621 2240 1901 2297 descendit
1954 2239 2295 2310 Capernaum

724 2332 838 2403 ipse
864 2343 918 2388 et
949 2345 1122 2388 mater
1149 2331 1286 2401 ejus,
1316 2343 1369 2388 et
1395 2332 1597 2389 fratres
1626 2334 1764 2404 ejus,
1791 2343 1846 2388 et
1880 2332 2125 2403 discipuli
2154 2333 2293 2403 ejus,

714 2435 771 2479 et
804 2424 874 2479 ibi
908 2434 1350 2479 manseruntnou
1386 2425 1569 2479 multis
1594 2426 1803 2479 diebus.
1830 2424 1893 2477 Et
1920 2427 1971 2478 in
1996 2425 2297 2494 propinquo

714 2525 832 2569 erat
869 2514 1075 2571 Pascha
1109 2514 1443 2579 Judzeorum,
1478 2526 1531 2570 et
1564 2517 1810 2570 ascendit
1842 2515 1999 2569 Jesus
2030 2513 2294 2570 Hieroso-

714 2606 877 2679 lyma,
912 2618 964 2662 et
994 2610 1193 2676 reperit
1226 2608 1273 2660 in
1315 2607 1511 2679 templo
1536 2624 1629 2663 eos
1659 2608 1749 2678 qui
1778 2607 2081 2661 vendebant
2108 2608 2291 2674 boves,

715 2708 768 2754 et
796 2714 945 2763 oves,
980 2709 1033 2754 et
1064 2701 1361 2763 columbas,
1391 2711 1444 2753 et
1478 2700 1873 2753 nummularius
1923 2699 2193 2753 sedentes.
2231 2699 2295 2751 Et

714 2805 839 2845 cum
888 2788 1105 2845 fecisset
1141 2789 1405 2859 flagellum
1439 2803 1468 2843 e
1495 2789 1774 2851 funiculis,
1809 2804 2003 2843 otnnes
2037 2788 2199 2856 ejecit
2230 2789 2296 2843 de

716 2882 931 2951 templo,
990 2896 1118 2936 oves
1172 2882 1332 2937 simul
1367 2898 1429 2937 ac
1458 2883 1644 2943 boves,
1700 2891 1753 2935 et
1805 2880 2294 2933 nummulariorum

711 2973 899 3036 effudit
932 2989 1025 3037 ses,
1080 2988 1401 3043 mensasque
1434 2974 1718 3037 subvertit,
1752 2981 1807 3027 et
1843 2975 1909 3025 iis
1941 2972 2029 3041 qni
2071 2972 2294 3026 colum-

711 3066 807 3120 bas
838 3066 1165 3130 vendebant,
1199 3066 1332 3120 dixit
1363 3085 1374 3120 :
1410 3064 1637 3121 Auferte
1683 3066 1786 3119 ista
1820 3064 1963 3124 hinc,
2007 3078 2101 3117 nec
2136 3063 2293 3117 facile

713 3154 929 3207 domum
955 3154 1129 3207 Patris
1155 3155 1255 3208 mei
1275 3154 1493 3209 domum
1524 3166 1821 3209 mercatus.
1854 3151 2140 3207 keeordati
2165 3166 2291 3206 vero

712 3256 838 3299 sunt
868 3245 1119 3314 discipuli
1152 3244 1269 3314 ejus
1296 3246 1436 3313 quod
1466 3244 1727 3313 scriptum
1761 3254 1844 3299 est
1872 3262 1884 3298 :
1913 3242 2072 3297 Zelus
2102 3244 2295 3297 domus
2321 3217 2365 3280 C

711 3345 815 3390 tute
837 3336 1016 3390 exedit
1047 3348 1133 3389 me
1151 3335 1249 3387 ⁸⁷.»
1280 3334 1567 3391 Descendit
1586 3335 1639 3389 in
1656 3335 1990 3402 Capernaum
2016 3332 2293 3398 Dominus,

711 3444 817 3483 non
868 3427 1092 3483 alterius
1144 3442 1275 3482 usus
1318 3429 1520 3497 gratia,
1554 3442 1715 3497 quam
1755 3434 1812 3479 ut
1858 3436 2087 3479 matrem
2138 3440 2291 3480 suam

710 3520 819 3575 illic
851 3518 1091 3575 residere
1119 3520 1341 3586 laceret,
1370 3528 1426 3573 ut
1457 3534 1523 3573 ne
1550 3518 1697 3573 illam
1725 3518 1926 3588 ubique
1960 3528 2079 3587 post
2101 3526 2161 3573 se
2191 3526 2296 3570 tra-

707 3613 883 3669 heret.
920 3612 1185 3678 Quoniam
1224 3612 1367 3667 enim
1403 3613 1469 3667 ad
1501 3614 1717 3682 nuptias
1744 3621 2007 3668 venerant
2036 3612 2088 3666 in
2120 3611 2289 3677 Cana,

708 3706 911 3773 nuptiis
961 3704 1157 3760 habitis
1188 3704 1403 3759 adducit
1439 3715 1667 3761 matrem
1693 3706 1747 3759 in
1798 3705 2017 3759 domum
2052 3719 2202 3759 suam
2235 3704 2288 3757 in

704 3796 1063 3867 Capernaum.
1094 3796 1441 3851 Manifestum
1488 3807 1671 3852 autem
1710 3798 1850 3866 quod
1885 3808 2106 3865 propter
2150 3796 2291 3851 hanc

707 3906 927 3947 causam
959 3890 1304 3947 descenderit
1338 3890 1391 3945 in
1422 3888 1787 3962 Capernaum,
1824 3904 1889 3947 ex
1920 3904 1985 3945 eo
2013 3889 2155 3960 quod
2192 3904 2289 3945 ne-

704 3999 812 4053 que
844 3982 1031 4039 multis
1061 3982 1176 4038 illic
1221 3981 1480 4039 manebat
1509 3981 1726 4049 diebus,
1763 3996 1937 4053 neque
1968 3982 2288 4037 miraculum

701 4075 812 4130 illic
863 4074 1119 4131 faciebat.
1164 4072 1435 4131 lncreduli
1483 4076 1627 4131 enim
1679 4085 1839 4132 erant
1880 4076 2002 4147 ejus
2050 4075 2287 4131 civitatis

703 4168 826 4225 viri.
860 4168 1025 4240 536
1052 4168 1175 4224 ldeo
1202 4178 1255 4224 et
1279 4168 1385 4224 alio
1414 4168 1533 4225 loco
1579 4168 1845 4225 Dominus
1875 4184 1997 4224 eam
2030 4170 2286 4224 miseram

699 4274 821 4316 esse
850 4261 981 4315 dicit
1010 4260 1076 4313 ⁸⁸.
1108 4259 1261 4327 Quod
1313 4270 1495 4316 autem
1554 4261 1682 4316 dicit
1736 4261 2064 4329 evangelista
2118 4259 2287 4314 fuisse

700 4366 873 4422 prope
904 4349 1139 4418 Pascha,
1174 4349 1415 4406 ostendit
1452 4352 1595 4420 quod
1626 4364 1732 4405 non
1765 4358 1893 4405 ante
1926 4350 2127 4404 multos
2168 4349 2285 4404 dies

697 4441 919 4497 Pascha:
950 4439 1114 4495 fuerit
1148 4440 1472 4511 baptizatus.
1512 4438 1683 4495 Porro
1714 4440 1803 4495 ubi
1834 4439 2079 4494 ascendit
2106 4438 2160 4492 in
2187 4436 2281 4493 Je-

696 4531 956 4597 rusalem,
991 4544 1103 4585 rem
1136 4530 1265 4584 fecit
1316 4543 1525 4601 magna:
1559 4530 1921 4585 auctoritatis.
1980 4528 2281 4585 Vendentes

691 4623 836 4676 enim
871 4635 1001 4677 oves
1032 4632 1086 4676 et
1118 4621 1283 4676 boves
1313 4619 1495 4689 ejecit.
1523 4618 1642 4673 Jam
1679 4621 1821 4690 quod
1858 4620 2057 4674 factum
2090 4622 2194 4677 hoc
2223 4632 2297 4677 et-

692 4712 979 4769 Matthmus
1032 4722 1423 4768 commemorat
1468 4713 1536 4779 ⁸⁸,
1587 4713 1731 4768 scias
1766 4712 1910 4782 quod
1961 4727 2066 4767 non
2106 4713 2277 4770 semel

692 4807 795 4859 hoc
828 4804 1079 4859 Christus
1116 4804 1329 4867 fecerit,
1365 4804 1460 4859 sed
1497 4805 1600 4859 hoc
1632 4806 1775 4874 quod
1808 4803 2091 4861 Hatthaus
2118 4820 2276 4861 eom-

692 4904 977 4960 niemorat,
1010 4892 1139 4947 fecit
1178 4908 1346 4963 prope
1380 4902 1590 4963 tempus
1616 4895 1899 4965 passionis,
1930 4897 2072 4965 quod
2095 4906 2277 4951 autem

687 4988 831 5058 apud
881 4983 1175 5050 Joinnem,
1220 4988 1272 5039 in
1305 4987 1532 5041 exordio
1584 4988 1885 5057 signorum.
1927 4985 2133 5043 Idcirco
2177 4988 2280 5044 hoc

687 5080 806 5135 loco
837 5081 1018 5135 minus
1052 5095 1241 5147 aspere
1269 5081 1407 5135 dixit
1436 5098 1449 5133 :
1482 5098 1501 5131 ι
1543 5079 1619 5136 Ne
1652 5080 1888 5136 feceritis
1922 5083 2141 5136 domum
2175 5080 2279 5135 Pa-

688 5172 789 5227 tris
820 5173 945 5236 mei,
981 5175 1198 5227 domum
1246 5182 1544 5229 mercatus.
1588 5192 1606 5224 ι
1648 5174 1860 5228 Initium
1892 5175 2037 5229 enim
2088 5176 2274 5245 signo-

685 5280 806 5319 rum
838 5265 1019 5318 adhuc
1051 5276 1189 5328 erat,
1220 5276 1275 5319 et
1308 5265 1547 5319 nondum
1600 5277 1745 5320 tanta
1773 5268 2055 5336 signorum
2092 5279 2277 5323 osten-

684 5372 871 5412 sorum
900 5368 1016 5411 erat
1046 5359 1368 5412 auctoritas.
1406 5356 1520 5411 lllic
1568 5369 1748 5412 autem
1783 5361 1924 5427 apud
1956 5358 2271 5413 Matthmutn

688 5449 837 5511 dlCll,
876 5466 893 5498 ι
929 5447 1047 5502 Non
1095 5447 1283 5511 facite,
1322 5448 1515 5515 inquit,
1551 5448 1861 5517 speluncam
1901 5447 2195 5503 latronum.
2246 5468 2266 5500 ι

684 5535 969 5592 Manifeste
1021 5538 1168 5592 enim
1204 5536 1326 5593 illos
1372 5537 1613 5592 latrones
1665 5539 1985 5605 nominavit,
2022 5540 2167 5609 quod
2204 5556 2273 5595 ex

684 5627 901 5698 injustis
934 5629 1109 5685 modis
1142 5630 1351 5687 lucrum
1393 5629 1657 5687 facerent.
1688 5631 1917 5697 Quando
1962 5635 2106 5687 enim
2150 5635 2272 5704 quis

752 5808 794 5839 ⁸⁷
822 5809 967 5866 Psal.
1002 5827 1157 5879 svnt,
1192 5812 1277 5869 iO.
1355 5816 1398 5849 ⁸⁸
1420 5813 1555 5873 Luc.
1589 5832 1644 5883 ι,
1677 5815 1763 5872 l5.
1844 5816 1887 5851 ⁶⁸
1917 5813 2105 5875 Matth.
2137 5833 2246 5885 ιιι,
2278 5819 2358 5876 12.

2404 1987 2618 2051 νόησον,
2646 1986 2767 2040 ἀντὶ
2791 1986 2909 2053 τοῦ,
2948 1987 3132 2040 πίστιν
3158 1984 3556 2058 περισσοτέραν
3589 1985 3686 2038 καὶ
3714 1983 3999 2055 βεϐαιοτέ-

2406 2095 2504 2150 ραν
2536 2079 2727 2133 ἑλαϐον
2766 2081 2846 2144 είς
2892 2080 3089 2135 αὐτόν·
3134 2081 3258 2133 ἐπεὶ
3305 2080 3401 2134 καὶ
3453 2078 3723 2150 πρότερον
3774 2076 3996 2138 πάντως

2401 2176 2711 2242 ἐπίστευον,
2744 2176 2860 2230 ἀλλ’
2888 2175 2987 2248 οὐχ
3021 2176 3163 2231 οὕτω
3191 2176 3448 2248 βεϐαίως.

2479 2286 2497 2319 ι
2540 2267 2697 2321 Μετά
2720 2268 2882 2322 τοῦτο
2905 2268 3115 2338 κατέϐη
3147 2270 3227 2333 είς
3261 2268 3641 2339 Καπερναοὺμ
3669 2265 3859 2331 αὐτὸς,
3900 2264 3997 2319 καὶ

2401 2362 2433 2431 ἡ
2473 2361 2659 2430 μήτηρ
2691 2361 2882 2425 αὐτοῦ,
2916 2362 3012 2414 καὶ
3049 2362 3099 2414 οί
3123 2359 3345 2430 ἀδελφοὶ
3377 2360 3568 2426 αὐτοῦ,
3606 2361 3703 2413 καὶ
3728 2360 3779 2412 οί
3813 2358 4000 2431 μαθη-

2400 2455 2489 2506 ταὶ
2520 2453 2683 2505 αὑτοῦ
2709 2469 2721 2481 ·
2759 2455 2853 2507 καὶ
2879 2456 2995 2508 ἐκεῖ
3028 2453 3251 2524 ἔμειναν
3282 2455 3342 2507 οὐ
3374 2454 3576 2517 πολλὰς
3602 2454 3844 2524 ἡμέρας.
3887 2454 3997 2507 Καὶ

2400 2548 2567 2613 ἐγγὺς
2594 2540 2662 2616 ἦν
2710 2546 2771 2599 τὸ
2803 2547 2996 2616 Πάσχα
3044 2546 3154 2601 τῶν
3204 2546 3494 2612 Ἰουδαίων,
3548 2548 3642 2599 καὶ
3692 2545 3872 2616 ἀνέϐη
3916 2547 3997 2607 είς

2410 2638 2761 2711 Ἰεροσόλυμα
2788 2643 2815 2694 6
2858 2640 3088 2712 Ἰησοῦς.
3125 2641 3231 2694 Καὶ
3278 2634 3439 2711 εὗρεν
3478 2643 3537 2695 ὲν
3569 2640 3647 2712 τῷ
3681 2640 3819 2710 ίερῷ
3863 2641 3994 2703 τοὺς

2400 2733 2720 2798 πωλοῦντας
2772 2734 2919 2804 βόας,
2967 2737 3063 2787 καὶ
3127 2734 3400 2806 πρόϐατα,
3469 2736 3563 2789 καὶ
3634 2735 3994 2805 περιστεράς,

2401 2827 2493 2879 καὶ
2547 2827 2673 2889 τοὺς
2726 2828 3099 2897 κερματιστὰς
3154 2828 3521 2897 καθημένους.
3584 2829 3690 2882 Καὶ
3751 2830 3993 2899 ποιήσας

2400 2921 2766 2991 φραγγέλλιον
2808 2923 2873 2974 ὲκ
2918 2921 3191 2989 σχοινίων,
3243 2922 3452 2984 πάντας
3508 2922 3764 2986 ἐξέϐαλεν
3794 2925 3863 2976 ἐκ
3897 2921 3991 2974 τοῦ

2401 3007 2571 3083 ἱεροῦ,
2605 3014 2671 3066 τά
2701 3030 2759 3066 τε
2786 3014 3059 3083 πρόϐατα,
3090 3015 3185 3068 καὶ
3210 3014 3337 3077 τοὺς
3367 3014 3528 3084 βόας·
3568 3016 3663 3067 καὶ
3710 3015 3825 3067 τῶν
3873 3016 3996 3069 κολ·

2398 3105 2663 3160 λυϐιστῶν
2680 3104 2860 3176 ἐξέχεε
2876 3106 2937 3171 τὸ
2950 3106 3045 3176 κιρ
3054 3124 3155 3174 μα,
3174 3108 3269 3160 καὶ
3284 3108 3382 3171 τὰς
3400 3108 3677 3178 τραπέζας
3695 3110 3990 3179 ἀνέτρεψε,

2400 3195 2493 3248 καὶ
2532 3197 2641 3256 τοῖς
2696 3195 2796 3258 τὰς
2843 3197 3176 3268 περιστερὰς
3224 3197 3497 3253 πωλοῦσιν
3536 3196 3728 3255 εἶπεν·
3778 3203 3990 3271 ’Δρατε

2398 3286 2571 3341 ταῦτα
2618 3286 2890 3355 ἐντεῦθεν,
2924 3289 3018 3343 καὶ
3058 3290 3135 3361 μὴ
3172 3293 3377 3344 ποιεῖτε
3425 3292 3521 3345 τὸν
3555 3290 3704 3346 οἷκον
3752 3293 3849 3347 τοῦ
3880 3296 3994 3349 Πα-

2398 3380 2522 3449 τρός
2554 3396 2657 3450 μου
2712 3375 2859 3435 οἷκον
2890 3381 3184 3454 ἐμπορίου.
3211 3382 3592 3454 Ἐμνήσθησαν
3624 3384 3680 3438 δὲ
3717 3387 3768 3439 οί
3803 3387 3989 3456 μαθηο

2396 3474 2487 3525 ταὶ
2533 3472 2723 3541 αὑτοῦ,
2774 3474 2857 3525 ὅτι
2904 3475 3297 3546 γεγραμμένον
3348 3475 3533 3529 ἐστίν·
3584 3476 3643 3531 '0
3673 3477 3841 3548 ζῆλος
3893 3479 3989 3531 τοῦ

2396 3567 2544 3617 οἴκου
2591 3582 2683 3617 σου
2738 3565 3017 3633 κατέφαγέ
3069 3582 3159 3635 με.
3207 3584 3227 3619 ›
3263 3567 3604 3638 Κατέρχεται
3648 3571 3728 3631 είς
3762 3571 3988 3639 Καπερο

2395 3658 2569 3727 ναοὺμ
2604 3658 2632 3710 ό
2662 3655 2879 3728 Κύριος,
2916 3658 3176 3730 οὐδεμιᾶς
3205 3658 3373 3728 ἄλλης
3400 3659 3590 3730 χρείας
3616 3662 3835 3726 ἕνεκεν,
3866 3665 3982 3715 ἀλλ’

2392 3754 2426 3826 ἢ
2473 3753 2567 3808 τοῦ
2620 3754 3077 3826 ἀποκαταστῆσαι
3141 3755 3243 3825 τὴν
3329 3756 3545 3827 μητέρα
3606 3754 3777 3812 αὑτοῦ
3849 3759 3986 3819 ἐκεί,

2394 3846 2480 3899 ἵνα
2510 3845 2585 3917 μὴ
2611 3846 2889 3918 πανταχοῦ
2921 3849 3093 3919 αὐτὴν
3112 3849 3433 3920 ἐφέλκηται.
3479 3849 3630 3903 Ἐπεὶ
3651 3854 3763 3922 γὰρ
3784 3850 3877 3905 διὰ
3900 3854 3987 3904 τὸν

2392 3936 2569 4007 γάμον
2595 3933 2757 4009 ἦλθον
2788 3940 2866 4001 είς
2907 3940 3083 4005 Κανᾶ,
3114 3940 3208 3992 τοῦ
3240 3941 3422 4011 γάμου
3457 3942 3851 4013 παρελθόντος,
3894 3946 3989 3996 επ-

2392 4031 2585 4099 ανάγει
2616 4033 2717 4100 τὴν
2746 4033 2963 4107 μητέρα
2990 4034 3071 4096 είς
3093 4034 3185 4086 τὸν
3214 4036 3273 4089 ὲν
3301 4035 3676 4106 Καπερναοὺμ
3707 4032 3863 4089 οἷκον
3888 4039 3986 4090 αὖ·

2389 4123 2508 4193 τῆς.
2541 4123 2709 4193 Δῆλον
2742 4122 2797 4176 δὲ
2826 4123 3005 4190 τοῦτο,
3034 4124 3114 4178 ὅτι
3144 4123 3233 4177 διὰ
3258 4126 3465 4197 ταύτην
3496 4128 3596 4197 τὴν
3619 4126 3806 4179 αίτίαν
3847 4144 3983 4181 κατ-

2388 4216 2487 4288 έϐη
2539 4219 2619 4281 είς
2664 4218 3062 4288 Καπερναοὺμ,
3110 4218 3177 4272 ικ
3213 4218 3309 4273 τοῦ
3358 4223 3498 4292 μήτε
3542 4220 3749 4286 πολλάς
3801 4224 3989 4292 μεῖναι

2386 4313 2506 4364 ἐκεῖ
2536 4311 2769 4382 ἡμέρας,
2807 4312 2947 4382 μήτε
2980 4311 3237 4380 θαύματα
3264 4314 3324 4365 ἐν
3354 4314 3491 4385 αὐτῇ
3533 4317 3780 4385 ποιῆσαι.
3828 4315 3986 4369 ’Δπίο

2388 4424 2533 4471 στως
2589 4409 2699 4478 γὰρ
2748 4404 2895 4478 εῐχον
2944 4408 3082 4479 πρὸς
3126 4407 3293 4463 αὑτὸν
3333 4407 3383 4459 ol
3416 4406 3515 4479 τὴν
3558 4408 3719 4459 πόλιν
3771 4409 3986 4481 ταύτην

2386 4500 2665 4563 οΙκοῦντες
2688 4517 2700 4531 ·
2735 4500 2814 4554 διὸ
2845 4503 2941 4554 καὶ
2983 4500 3219 4572 άλλαχοῦ
3248 4503 3275 4554 6
3304 4498 3512 4570 Κύριος
3562 4500 3850 4565 ταλανίζει
3886 4506 3984 4557 αὐ-

2388 4596 2510 4665 τήν.
2570 4596 2670 4647 Διά
2718 4594 2776 4648 δὲ
2808 4594 2902 4649 τοῦ
2948 4596 3122 4647 εἰπεῖν
3151 4596 3179 4648 6
3211 4595 3629 4667 εὐαγγελιστὴς,
3683 4598 3767 4650 ὅτι
3816 4615 3835 4648 t
3878 4595 3983 4651 Ἢν

2386 4693 2552 4761 ἐγγὺς
2578 4691 2640 4745 τὸ
2661 4692 2875 4762 Πάσχα,
2911 4711 2929 4743 ι
2959 4691 3233 4746 δείκνυσιν
3266 4694 3346 4747 ότι
3376 4694 3439 4746 οὐ
3467 4696 3571 4764 πρὸ
3601 4694 3817 4749 πολλῶν
3846 4698 3979 4767 ἡμεο

2392 4788 2498 4857 ρῶν
2530 4786 2625 4842 τοῦ
2668 4789 2862 4861 Πάσχα
2912 4788 3267 4845 ὲϐαπτίσατο.
3315 4792 3582 4846 Ἀνελθὼν
3609 4794 3665 4846 δὲ
3695 4797 3776 4858 είς
3814 4796 3981 4864 Ἱερο-

2388 4884 2619 4954 σόλυμα,
2651 4886 2792 4938 ποιεῖ
2817 4887 3048 4955 πρᾶγμα
3072 4886 3277 4957 πολλῆς
3299 4888 3586 4953 αὐθεντίας
3613 4891 3810 4960 γέμον.
3840 4892 3977 4955 Teia;

2388 4977 2495 5050 γὰρ
2520 4978 2829 5043 πωλοῦντας
2854 4981 2921 5033 τὰ
2950 4978 3217 5049 πρόϐατα,
3243 4982 3339 5035 καὶ
3368 4984 3494 5045 τοὺς
3515 4983 3666 5053 βόας,
3696 4984 3972 5039 ἐκϐάλλει.

2390 5069 2452 5121 Ei
2488 5068 2546 5122 δὲ
2569 5069 2662 5121 καὶ
2686 5072 2714 5123 6
2734 5068 3011 5133 Ματθαίός
3037 5087 3169 5143 φησι
3197 5070 3356 5124 τοῦτο
3384 5076 3749 5143 πεποιηκέναι
3779 5079 3969 5142 αὑτὸν,

2387 5162 2502 5214 ἀλλ’
2534 5162 2637 5214 ἰσθι
2672 5162 2746 5225 ὡς
2790 5163 2888 5233 οὐχ
2923 5164 3073 5227 ἅπαξ
3104 5164 3264 5217 τοῦτο
3304 5166 3586 5236 ἐποίησεν,
3613 5168 3751 5222 ἀλλὰ
3778 5171 3843 5223 τὸ
3874 5172 3971 5240 μὲν

2387 5257 2534 5327 παρὰ
2568 5256 2645 5327 τῷ
2696 5256 2985 5327 Ματθαίῳ,
3019 5258 3187 5326 ἐγγὺς
3227 5258 3322 5312 τοῦ
3364 5258 3569 5323 πάθους
3611 5265 3791 5315 ποιεί·
3824 5266 3884 5317 τὸ
3915 5267 3967 5318 δὲ

2383 5348 2478 5403 νῦν
2509 5351 2659 5421 παρὰ
2690 5350 2768 5420 τῷ
2808 5350 3052 5422 Ἰωάννῃ,
3074 5352 3199 5408 τῶν
3239 5353 3482 5425 σημείων
3517 5355 3826 5427 ἀρχόμενος
3849 5375 3860 5385 ·
3891 5358 3966 5411 διὸ

2382 5444 2615 5499 ἐνταῦθα
2654 5446 2971 5515 άφειμένως
3028 5441 3148 5499 εἶπε
3174 5462 3186 5475 ο
3239 5466 3257 5499 t
3297 5448 3390 5517 Μὴ
3439 5451 3647 5502 ποιεῖτε
3683 5450 3773 5503 τὸν
3821 5446 3963 5503 οἷκον

2380 5538 2474 5591 τοῦ
2508 5540 2719 5610 Πατρός
2761 5556 2883 5609 μου,
2918 5535 3065 5593 οἷκον
3094 5541 3384 5614 ἐμπορίου.
3420 5563 3440 5595 ι
3486 5542 3656 5617 ’Δρχῂ
3696 5544 3805 5613 γάρ
3836 5546 3962 5605 τέως

2382 5629 2449 5707 ἦν
2495 5634 2601 5689 τῶν
2652 5636 2915 5707 σημείων,
2965 5636 3057 5690 καὶ
3095 5634 3248 5692 οῠπω
3293 5636 3529 5708 τοσαύτη
3586 5638 3869 5711 παρρησία
3902 5634 3959 5709 ἦν
