4218 6424
269 421 408 486 m7

1003 423 1464 488 ENARRATIO
1498 425 1578 486 IN
1622 424 2134 487 EVANGELIUM
2162 414 2606 488 JOANNIS.—
2645 426 2805 488 CAP.
2841 424 2928 487 II.

3478 423 3619 493 1198

261 533 418 601 αὑτῴ
463 533 573 589 ἀπὸ
617 533 716 604 τῆς
761 535 873 588 τῶν
911 534 1161 606 σημείων
1211 535 1554 601 ἐπιδείξεως.
1617 534 1767 587 Ἐκεῖ
1795 534 1870 597 δὲ,

1989 549 2056 590 ex
2089 548 2157 590 eo
2189 534 2337 604 quod
2378 534 2537 604 parvi
2572 535 2735 604 pretii
2771 543 2883 600 est,
2914 532 3144 588 multum
3179 534 3342 605 pretii
3367 538 3531 608 petit,
3562 549 3622 594 et

262 627 417 697 παρὰ
443 629 522 696 τῷ
551 628 841 698 Ματθαίῳ,
874 627 1055 698 φημί·
1097 646 1116 680 ι
1151 627 1241 700 Μὴ
1276 631 1507 693 ποιεῖτε,
1541 630 1698 698 φησὶ,
1733 629 1880 698 σπήα

259 718 418 772 λαιον
466 719 700 792 λῃστῶν.
743 738 763 772 ι
798 719 1059 791 Φανερῶς
1091 719 1203 792 γὰρ
1255 720 1463 793 λῃστὰς
1507 721 1710 783 αὐτοὺς
1745 719 1880 772 ὠνό-

264 828 434 881 μασε,
468 812 545 874 ὠς
580 813 640 878 ἐξ
675 811 881 866 ἀδίκων
915 814 1304 882 κερδαίνοντας
1335 814 1545 884 πόρων,
1577 814 1750 866 Ὅταν
1774 814 1881 884 γάρ

259 921 346 967 τις
373 904 434 956 τὸ
463 905 649 972 ὀλίγου
673 906 989 975 τιμώμενον
1016 907 1222 960 πολλοῦ
1244 908 1562 978 τιμήματος
1587 906 1752 974 ἀξιοῖ,
1786 909 1881 960 καὶ

258 996 372 1050 ἀπὸ
411 999 668 1067 πενήτων
700 1001 866 1071 τυχὸν
889 1001 985 1053 καὶ
1021 1001 1211 1072 χηρῶν
1239 1002 1301 1054 τὸ
1336 1000 1532 1072 κέρδος
1555 1001 1881 1070 ὲρανίζηται

260 1090 359 1159 (ὡς
395 1091 489 1143 ἐπὶ
516 1091 578 1144 τὸ
604 1092 742 1145 πολὺ
777 1095 885 1163 γὰρ
919 1088 1069 1147 οὗτοι
1103 1095 1152 1146 oi.
1183 1092 1253 1146 τὰ
1281 1093 1515 1164 χρειώδη
1574 1091 1882 1158 ἐξωνούμε-

256 1201 361 1248 νοι,
423 1185 519 1238 καὶ
570 1188 1052 1258 πιπράσκοντες),
1102 1189 1153 1241 τί
1207 1187 1359 1253 ἄλλο,
1394 1187 1427 1258 ἢ
1463 1188 1625 1258 ἔργον
1675 1184 1878 1256 λῃστοῦ

256 1279 428 1341 ποιεῖ,
459 1280 523 1330 ὲκ
551 1280 852 1350 συμφορῶν
876 1280 1084 1350 ἐτέρων
1110 1281 1279 1352 κέρδη
1306 1279 1839 1351 πραγματευόμενος
1863 1299 1874 1340 ;

257 1369 421 1432 Τίνος
447 1371 503 1424 δὲ
534 1371 724 1425 ἕνεκεν
752 1374 892 1436 ὅλως
920 1373 1176 1427 έκὸάλλει
1206 1375 1335 1436 τοὺς
1370 1372 1658 1435 τοιούτους
1691 1374 1756 1424 ἐκ
1780 1371 1874 1424 τοῦ

258 1461 409 1533 ἱεροῦ
435 1481 449 1529 ;
484 1468 599 1518 Ούκ
661 1467 876 1534 ἀλόγως
899 1484 912 1498 ·
953 1467 1070 1521 ἀλλ’
1106 1471 1233 1522 ἐπεὶ
1265 1468 1494 1539 ἔμελλεν
1525 1471 1583 1521 ὲν
1609 1467 1876 1537 Σαὸὁάτῳ

253 1555 612 1626 θεραπεύειν,
665 1560 760 1610 καὶ
797 1559 1110 1628 παραλύειν
1146 1558 1236 1611 τὸν
1277 1560 1466 1630 νόμον,
1515 1559 1602 1611 ἵνα
1637 1558 1714 1628 μὴ
1745 1557 1874 1630 δοξῃ

250 1648 504 1712 ἀντίθεος
550 1645 734 1714 εἶναι,
780 1650 1091 1721 διορθοῦται
1144 1651 1402 1705 ἐντεῦθεν
1461 1650 1561 1723 τὴν
1614 1650 1877 1720 ’τοιαύτην

251 1738 552 1809 ὑπόληψιν.
591 1741 668 1794 Ob
699 1741 809 1812 γάρ
858 1742 926 1797 ἂν
957 1746 984 1797 6
1011 1745 1276 1798 τοσοῦτον
1318 1743 1481 1813 ζῆλον
1533 1742 1878 1814 ἐπιδειξάμε-

248 1844 344 1897 νος
385 1835 528 1906 ὑπὲρ
556 1835 649 1889 τοῦ
679 1838 854 1902 οἴκου,
891 1837 985 1891 τὸν
1012 1837 1110 1891 τοῦ
1136 1841 1290 1892 οίκου
1319 1838 1594 1910 δεσπότην
1621 1838 1713 1891 τὸν
1741 1839 1877 1892 θεὸν

1995 641 2025 680 a
2063 624 2410 696 pauperibus
2463 625 2721 682 fortassis
2757 636 2814 681 et
2846 625 3026 682 viduis
3077 625 3296 681 lucrum
3348 632 3620 698 corradit,

1990 721 2135 774 sicut
2177 720 2356 776 ferme
2385 721 2565 777 solent
2594 721 2652 776 hi
2685 721 2777 792 qui
2808 721 3124 778 necessaria
3152 723 3457 791 venditant,
3490 725 3621 795 quid

1989 815 2136 869 aliud
2187 830 2355 884 quam
2405 830 2544 885 opus
2593 814 2828 870 latronis
2879 815 3035 879 facit,
3084 830 3150 871 ex
3209 817 3622 874 calamitatibus

1988 907 2223 962 aliorum
2276 908 2430 963 lucra
2461 909 2868 977 comportans?
2900 907 2967 962 Et
2999 924 3171 978 quare
3206 910 3327 966 illos
3357 927 3388 967 e
3420 911 3623 982 templo

1991 1002 2140 1072 ejicit
2161 1001 2185 1054 ?
2206 1001 2324 1057 Non
2361 1003 2658 1057 immerito.
2689 1002 2826 1068 Quia
2857 1004 3005 1059 enim
3035 1004 3088 1058 in
3119 1003 3366 1060 Sabbato
3395 1019 3622 1062 sanatu-

1992 1111 2084 1150 rus
2123 1107 2266 1159 erat,
2305 1106 2360 1151 et
2395 1097 2678 1153 soluturus
2726 1099 2901 1167 legem
2939 1114 2952 1152 :
2991 1107 3047 1151 ut
3079 1112 3150 1152 ne
3185 1099 3437 1154 videatur
3482 1116 3620 1156 con-

1988 1191 2195 1245 trarius
2250 1189 2383 1255 Deo,
2439 1193 2668 1263 corrigit
2725 1193 2829 1247 hoc
2887 1193 3012 1247 loco
3064 1194 3382 1262 opinionem
3444 1196 3615 1252 illam.

1987 1277 2181 1347 Neque
2208 1281 2358 1333 enim
2412 1290 2624 1335 tantum
2676 1283 2855 1336 zelum
2891 1296 3120 1354 propter
3162 1287 3386 1340 domum
3421 1300 3615 1346 05ten-

1985 1369 2144 1439 deus,
2179 1374 2484 1444 sprevisset
2518 1374 2713 1443 Deum,
2759 1379 3047 1431 dominum
3076 1379 3294 1436 domus.
3327 1381 3446 1437 Non
3468 1384 3613 1438 enim

1986 1466 2314 1536 simpliciter
2368 1471 2542 1540 ejicit,
2594 1472 2690 1527 scd
2721 1483 2776 1528 ct
2806 1472 3025 1543 ﬂagello
3059 1475 3220 1546 plexo
3254 1477 3524 1546 percutit,
3560 1489 3616 1534 et

1985 1562 2256 1615 subvertit
2287 1578 2530 1632 mensas,
2566 1578 2623 1620 et
2652 1583 2748 1632 ωε,
2785 1568 2890 1623 hoc
2920 1580 3004 1625 est
3033 1570 3324 1640 pecuniam
3357 1589 3616 1627 nummu-

1988 1650 2250 1706 lariorum
2307 1653 2560 1714 ellundit.
2599 1658 2664 1712 Et
2699 1675 2839 1729 opus
2893 1661 3264 1730 periculosum
3302 1672 3610 1731 attentans,

1986 1758 2096 1798 non
2128 1759 2188 1799 se
2225 1745 2279 1799 in
2313 1747 2623 1816 periculum
2659 1751 2994 1821 conjecisset
3023 1767 3124 1822 pro
3154 1754 3320 1808 domo
3354 1754 3472 1822 Dei,
3503 1758 3613 1812 sol-

1988 1849 2122 1892 vrns
2197 1838 2373 1908 legem
2430 1838 2528 1896 Dei
2583 1851 2642 1896 ut
2693 1845 3094 1900 adversarius:
3139 1847 3237 1902 sed
3288 1851 3516 1904 omnino
3551 1864 3614 1906 ut

247 1901 542 1998 ὴθέτησεν.
587 1931 662 1983 os
704 1933 813 2003 γάρ
842 1901 1038 1996 ἀπλῶς
1086 1931 1367 1998 ἐξέϐαλεν,
1421 1901 1560 1986 ἀλλά
1594 1933 1687 1987 καὶ
1729 1949 1870 2002 φρα-

1979 1927 2152 1985 Filius
2180 1901 2296 1996 Dei,
2324 1942 2379 1987 et
2401 1935 2672 2004 aequalem
2709 1937 2920 1994 habens
2947 1948 3276 2010 potestatem
3298 1901 3489 2010 'Patri,
3513 1946 3611 2016 qui

249 2020 457 2090 γελλίῳ
508 2022 734 2093 πλεκτῷ
785 2024 1034 2090 τύπτων,
1090 2027 1185 2079 καὶ
1227 2025 1559 2097 ἀνατρέπων
1599 2026 1700 2089 τὰς
1739 2043 1874 2096 τρα-

248 2113 452 2180 πέζας,
489 2115 583 2168 καὶ
611 2118 670 2170 τὸ
696 2119 904 2188 κέρμα,
938 2121 1059 2190 ἦτοι
1093 2120 1155 2173 τὸ
1189 2121 1436 2191 νόμισμα
1470 2119 1579 2174 τῶν
1613 2120 1870 2174 κολλυϐι-

251 2207 422 2274 στῶν,
475 2210 708 2279 ὲκχέων,
761 2213 858 2264 καὶ
900 2211 1050 2283 ἔργῳ
1083 2214 1722 2285 παρακεκινδυνευμένῳ
1750 2215 1870 2267 ὲπι-

247 2302 476 2373 χειρῶν.
528 2305 644 2358 Οὐκ
684 2304 751 2358 ἂν
791 2301 885 2359 οὖν
915 2308 942 2360 6
969 2307 1051 2369 εἰς
1105 2306 1356 2362 κίνδυνον
1406 2308 1619 2379 ῥίπτων
1672 2308 1870 2361 ἑαυτὸν

247 2394 397 2462 ὑπὲρ
427 2397 521 2449 τοῦ
558 2398 710 2450 οἴκου
764 2397 860 2452 τοῦ
893 2399 1055 2464 Θεοῦ,
1116 2400 1360 2471 παρέλυε
1409 2401 1501 2453 τὸν
1549 2402 1715 2472 νόμον
1772 2402 1868 2456 τοῦ

243 2485 388 2540 Θεοῦ
423 2488 496 2550 ὼς
529 2489 798 2556 ἀντίθεος,
825 2491 965 2544 ἀλλὰ
994 2492 1215 2554 πάντω;
1248 2493 1325 2557 ὡς
1358 2494 1487 2559 Υίὺς
1510 2494 1609 2561 ὢν,
1640 2498 1738 2550 καὶ
1767 2495 1868 2566 τὴν

245 2582 374 2652 ῐσην
418 2581 670 2648 ἐξουσίαν
715 2585 856 2654 ἔχων
904 2586 984 2657 τῷ
1015 2586 1138 2656 Θεῷ
1184 2588 1281 2642 καὶ
1311 2589 1509 2660 Πατρὶ,
1542 2590 1622 2662 τῷ
1652 2590 1748 2643 καὶ
1776 2590 1869 2643 τὸν

247 2675 383 2745 περὶ
413 2676 506 2729 τοῦ
545 2677 833 2734 Σαϐϐάῖου
869 2681 1037 2752 νόμον
1076 2683 1244 2736 δόντι.
1280 2681 1372 2735 Διὸ
1403 2683 1526 2737 οὐδὲ
1581 2680 1727 2738 εἶπε·
1761 2685 1868 2739 Τὸν

240 2762 395 2822 οἶκον
425 2769 519 2823 τοῦ
556 2772 717 2836 Θεοῦ,
744 2774 902 2841 ἀλλὰ,
933 2794 950 2826 ι
993 2775 1098 2830 Τὸν
1126 2772 1277 2830 οἶκον
1304 2778 1398 2830 τοῦ
1420 2779 1638 2850 Πατρός
1665 2798 1772 2850 μου
1793 2797 1804 2810 ’
1842 2785 1862 2833 t'

239 2862 514 2918 δεικνύων
551 2865 636 2919 ὃτι
674 2868 1008 2936 ἐξουσιάζει,
1041 2869 1118 2934 ὡς
1163 2871 1314 2937 Υίδς,
1354 2872 1467 2926 τῶν
1516 2873 1611 2926 τοῦ
1651 2875 1867 2946 Πατρδς

242 2956 488 3011 πάντων.
520 2959 892 3014 Κολλυδισταὶ
924 2963 980 3015 δὲ
1007 2963 1151 3017 είσὶν
1173 2967 1224 3018 οί
1249 2965 1318 3018 τὰ
1347 2966 1522 3020 λεπτὰ
1546 2967 1866 3039 νομίσματα

244 3048 582 3118 πωλοῦντες,
619 3053 742 3123 ἦτοι
780 3056 905 3120 τοὺς
945 3056 1253 3128 νούμμους.
1309 3060 1590 3126 Κόλλυόος
1621 3062 1734 3136 γὰρ
1773 3062 1865 3117 λέ-

239 3159 402 3211 γεται
436 3144 496 3198 τὸ
527 3146 724 3200 λεπτὸν
758 3149 1005 3221 νόμισμα
1042 3153 1172 3224 παρ’
1203 3153 1489 3225 Ἕλλησιν,
1524 3155 1553 3209 δ
1599 3154 1863 3228 Ῥωμαῖοι

239 3233 490 3307 νοῦμμον
545 3240 899 3311 ὀνομάζουσι.
971 3245 1169 3299 Πολλοὶ
1229 3248 1325 3301 καὶ
1384 3248 1498 3320 τῶν
1553 3252 1935 3332 ἀρχιερέωνο

241 3329 628 3401 ἁμαρτάνουσι
662 3335 914 3400 τοιαῦτα,
939 3333 1033 3392 οἷα
1056 3339 1178 3392 τότε
1202 3342 1252 3393 οί
1285 3341 1548 3414 κάπηλοι,
1582 3347 1709 3408 τοὺς
1731 3345 1862 3416 βόας

240 3423 556 3488 πωλοῦντες
589 3429 646 3479 ἐν
674 3431 740 3499 τῇ
792 3427 1114 3504 Ἐκκλησία,
1143 3433 1291 3504 λέγω
1336 3435 1424 3508 δὴ,
1453 3439 1583 3502 τοὺς
1614 3443 1673 3493 ἐν
1718 3441 1864 3511 λόγῳ

236 3516 616 3591 δ;δασκαλικῴ
650 3521 1061 3595 διαπρέποντας
1098 3528 1174 3599 μὴ
1212 3532 1696 3602 περιποιούμενοι,
1745 3536 1862 3588 ἀλλ’

236 3610 544 3675 ἐκδιδόντες
579 3616 693 3676 τοῖς
731 3621 1075 3686 κακουργεῖν
1136 3620 1527 3692 βουλομένοις·
1571 3624 1710 3678 ἀλλὰ
1766 3627 1862 3679 καλ⁵

234 3702 310 3756 τὰ
348 3704 624 3775 πρόϐατα,
655 3707 748 3760 τὸν
784 3709 1156 3783 ἀφελέστερον
1204 3714 1298 3768 καὶ
1349 3716 1533 3771 κοινὸν
1563 3717 1714 3784 λαὸν,
1765 3723 1862 3775 καί

236 3797 338 3861 τὰς
383 3800 744 3871 περιστεράς,
776 3803 846 3854 τὰ
897 3808 1250 3875 πνευματικά
1310 3827 1456 3882 φημι
1513 3814 1859 3885 χαρίσματα,

238 3891 672 3961 πιπράσκοντες,
710 3897 806 3948 καὶ
847 3898 974 3960 τοὺς
1007 3899 1237 3956 πλείονα
1287 3902 1552 3970 διδόντας,
1581 3909 1694 3971 τοῖς
1740 3910 1861 3980 μεί-

235 3982 359 4047 ζοσι
391 3983 622 4058 βαθμοῖς
652 3989 1163 4058 ὲγκατατάττοντες
1186 4010 1198 4023 °
1237 3994 1337 4058 οὒς
1369 3999 1396 4049 6
1421 3998 1628 4069 Κύριος
1661 4002 1861 4055 έκόάλ-

235 4077 322 4130 λει
350 4079 445 4132 τοῦ
485 4080 657 4152 ἱεροῦ,
693 4083 953 4148 ἀναξίους
1006 4086 1107 4157 τῆς
1156 4087 1580 4163 ἀρχιερωσύνης
1629 4095 1856 4165 κρίνων.

249 4171 417 4228 Ἀλλά
454 4175 556 4229 κάν
590 4193 675 4240 τις
710 4178 896 4250 κέρμα
930 4182 1028 4234 καὶ
1081 4181 1353 4254 νόμισμα,
1388 4186 1507 4257 ἦτοι
1549 4188 1726 4258 δόγμα
1764 4193 1860 4243 καὶ

230 4267 412 4336 λόγον,
452 4271 632 4342 πωλῇ,
666 4274 762 4325 καὶ
788 4274 953 4345 τυχὸν
978 4275 1306 4342 διδάσκαλος
1330 4279 1427 4344 ὢν,
1461 4283 1522 4333 οὗ
1543 4284 1858 4352 καταγγέλ-

230 4360 318 4414 λει
366 4362 458 4416 τὸν
505 4363 688 4431 λόγον,
723 4367 773 4419 εί
807 4369 884 4438 μὴ
918 4367 1114 4438 κέρδος
1175 4370 1313 4441 ἔχει,
1367 4376 1464 4427 καὶ
1519 4375 1715 4430 τούτου
1758 4377 1858 4449 τὴν

229 4454 520 4527 τράπεζαν
559 4459 864 4532 ἀνατρέπει
894 4464 922 4515 6
951 4464 1183 4535 Κύριος,
1214 4468 1307 4520 τὸν
1343 4467 1539 4540 θρόνον
1580 4469 1723 4540 λέγω
1754 4475 1858 4544 τῆς

229 4553 615 4623 διδασκαλίας,
666 4560 766 4613 καὶ
816 4562 908 4613 τὸν
939 4561 1124 4630 λόγον,
1167 4561 1227 4613 ὃν
1257 4563 1467 4624 ἐκεῖνος
1523 4564 1740 4636 συνέχει
1770 4564 1858 4620 διὰ

1978 2024 2154 2096 legem
2189 2028 2258 2082 de
2297 2027 2542 2083 Sabbato
2594 2040 2887 2087 statuerat.
2928 2033 3052 2088 ldeo
3080 2045 3265 2089 autem
3312 2051 3420 2092 non
3470 2038 3614 2093 dixit

1977 2119 2200 2173 domum
2243 2120 2364 2188 Dei,
2393 2122 2490 2178 sed
2537 2140 2555 2174 ι
2587 2124 2812 2180 domum
2855 2125 3039 2184 Patris
3073 2131 3203 2190 mei,
3249 2149 3269 2182 ι
3307 2133 3611 2189 ostendens

1977 2211 2120 2279 quod
2172 2222 2503 2282 potestatem
2540 2215 2740 2271 habeat
2787 2219 2935 2274 sicut
2965 2218 3137 2276 Filius
3181 2223 3237 2277 in
3269 2227 3454 2280 omnia
3487 2241 3610 2296 quae

1976 2305 2157 2362 Patris
2193 2319 2375 2363 erant.
2411 2309 2779 2368 Nummularii
2814 2325 3024 2383 autem,
3057 2319 3153 2388 qui
3189 2330 3243 2373 et
3274 2320 3607 2390 collybistm.

1974 2410 2101 2454 sunt
2126 2401 2180 2454 hi
2201 2404 2292 2472 qui
2315 2419 2484 2473 parva
2519 2406 2852 2463 nomismata
2880 2411 3147 2466 vendunt.
3174 2412 3434 2486 Collybos
3459 2415 3607 2471 enini

1975 2496 2117 2561 apud
2154 2494 2378 2553 Grtecos
2411 2497 2682 2553 minutum
2729 2503 3005 2557 numisma
3039 2515 3148 2570 est,
3182 2510 3331 2576 quod
3374 2509 3608 2564 Romani

1975 2603 2263 2643 nummum
2311 2601 2534 2646 vocant.
2583 2592 2737 2648 Multi
2793 2605 2978 2651 autem
3026 2613 3092 2652 ex
3145 2601 3504 2669 pontiﬁcibus
3552 2605 3606 2659 in

1973 2681 2119 2737 hunc
2179 2685 2401 2738 modum
2456 2693 2713 2756 peccant.
2779 2687 2919 2745 Nam
2970 2700 3024 2747 et
3080 2692 3182 2764 ipsi
3237 2698 3608 2765 negotiatores

1973 2779 2222 2832 vendunt
2262 2779 2428 2835 boves
2457 2781 2510 2836 in
2534 2784 2768 2838 ecclesia
2806 2802 2819 2837 :
2860 2786 2963 2841 hoc
2998 2796 3106 2853 est,
3145 2790 3238 2858 qui
3277 2803 3606 2861 praestantes

1971 2880 2098 2924 sunt
2129 2873 2180 2926 in
2218 2875 2384 2929 verbo
2417 2876 2703 2946 doctrina},
2741 2895 2848 2935 non
2896 2894 3212 2951 assumunt,
3249 2886 3346 2942 sed
3379 2891 3607 2944 tradunt

1975 2965 2060 3019 his
2093 2968 2184 3036 qui
2221 2968 2468 3040 amige‘re
2515 2974 2730 3030 volunt.
2791 2974 3025 3049 Insuper
3070 2990 3124 3035 et
3160 2997 3314 3047 oves,
3365 2983 3470 3040 hoc
3497 2997 3604 3050 est,

1971 3060 2370 3132 simpliciorem
2401 3075 2456 3121 et
2487 3081 2839 3124 communem
2868 3073 3133 3143 populum
3163 3093 3175 3130 :
3211 3086 3265 3131 et
3292 3077 3603 3150 columbas,

1974 3154 2076 3210 hoc
2103 3165 2207 3211 est.
2234 3159 2548 3227 spiritualia
2582 3161 2727 3217 dona
2768 3168 3033 3235 vendunt,
3067 3177 3125 3223 et
3152 3170 3393 3240 majores
3425 3174 3608 3245 digni-

1973 3257 2114 3305 tates
2146 3254 2444 3309 cont'erunt
2482 3256 2567 3312 his
2604 3258 2697 3327 qui
2732 3257 2891 3327 plura
2930 3260 3105 3317 dant:
3137 3279 3278 3334 quos
3333 3267 3606 3324 Dominus

1970 3344 2119 3414 ejicit
2144 3361 2174 3402 e
2204 3347 2427 3420 templo,
2460 3349 2993 3424 indignosjudicaus
3025 3360 3360 3415 sacerdotio.
3389 3365 3460 3416 At
3486 3363 3606 3418 haec

1970 3439 2012 3492 si
2049 3440 2174 3508 quis
2213 3457 2290 3497 aes
2325 3454 2380 3497 et
2433 3461 2742 3512 nummum,
2800 3449 2904 3505 hoc
2951 3462 3058 3519 est,
3097 3462 3150 3509 et
3200 3471 3516 3516 sermonem
3549 3473 3606 3514 et

1970 3530 2167 3601 dogma
2200 3536 2425 3604 vendat,
2457 3549 2510 3594 et
2547 3539 2806 3599 fortassis
2850 3562 2978 3601 cum
3009 3548 3084 3603 sit
3114 3551 3327 3615 doctor,
3367 3570 3602 3608 nonan-

1971 3627 2190 3682 'tunliet
2235 3631 2494 3699 verbum,
2545 3635 2652 3689 nisi
2705 3636 2918 3692 lucrum
2979 3643 3215 3711 habeat,
3268 3646 3432 3701 etiam
3483 3649 3603 3721 ejus

1969 3736 2218 3778 mensam
2269 3727 2543 3782 subvertit
2593 3729 2884 3800 Dominus,
2923 3736 3112 3790 sedem
3157 3739 3280 3793 dico
3313 3743 3600 3808 doctrinae,

1967 3826 2022 3869 ct
2054 3832 2368 3874 sermonem
2402 3836 2566 3891 quem
2613 3823 2704 3879 ille
2752 3826 2974 3884 cohibet
3018 3841 3246 3902 propter
3298 3838 3600 3905 malitiam,

1969 3909 2134 3982 537
2190 3928 2296 3968 non
2336 3917 2475 3972 dans
2510 3917 2664 3973 illum
2707 3921 2967 3979 omnibus
3000 3939 3162 3994 quem
3199 3926 3468 3988 Dominus
3508 3934 3599 3989 Je-

1967 4019 2060 4060 sus
2082 4021 2179 4074 per
2197 4009 2641 4070 misericordiam
2666 4014 2920 4084 eﬂ‘undit,
2947 4023 3277 4095 populisque
3301 4027 3418 4094 dat,
3448 4031 3598 4084 illum

1967 4098 2188 4168 quidem
2220 4118 2248 4156 a
2276 4104 2591 4176 principatu
2631 4109 2920 4180 dejiciens,
2959 4124 3014 4170 et
3045 4117 3215 4173 alium
3253 4122 3306 4175 in
3335 4125 3602 4180 doctrina:

1967 4195 2152 4249 sedem
2180 4197 2480 4255 collocans.
2508 4194 2806 4260 llecordati
2832 4219 2963 4262 sunt
2987 4221 3170 4265 autem
3197 4214 3457 4286 discipuli
3479 4219 3601 4291 ejus

1966 4289 2111 4357 quod
2144 4293 2412 4361 scriptum
2442 4297 2535 4361 sit,
2568 4316 2585 4349 ι
2625 4297 2790 4356 Zelus
2815 4304 3011 4361 donius
3042 4315 3150 4362 tua:
3171 4312 3415 4367 comedit
3443 4289 3549 4370 me.
3576 4337 3594 4369 ο

1966 4381 2237 4440 Paulatim
2256 4389 2400 4442 enim
2429 4391 2768 4449 incrementa
2790 4397 2919 4453 boni
2952 4415 3258 4471 sumentes,
3277 4418 3329 4462 et
3353 4406 3603 4482 Scriptu-

1967 4491 2152 4532 rarum
2186 4486 2576 4554 recordentur,
2607 4489 2755 4545 unde
2782 4494 3100 4550 testimonia
3131 4502 3471 4571 recipiendo,
3498 4506 3602 4560 [ir-

1968 4571 2201 4628 miorem
2241 4575 2306 4629 de
2339 4575 2567 4636 Christo
2623 4585 2915 4642 scientiam
2950 4591 3096 4659 apud
3129 4608 3189 4649 se
3227 4600 3598 4659 constituunt.

230 4653 463 4719 κακίαν,
495 4655 572 4727 μὴ
598 4654 773 4721 διδοὺς
806 4657 974 4711 αὑτὸν
1010 4659 1203 4723 πᾶσιν,
1241 4658 1300 4711 ὃν
1332 4660 1360 4712 6
1393 4660 1599 4730 Κύριος
1679 4662 1891 4734 Ἰησοῦς
1941 4668 2127 4739 έκχέει
2173 4673 2262 4726 διὰ
2312 4675 2762 4750 φιλανθρωπίαν,
2811 4685 2912 4740 καλ⁸
2980 4653 3096 4754 τοῖς
3145 4691 3296 4761 λαοῖς
3352 4653 3598 4768 δίδωσιν,

229 4747 446 4802 ἐκεῖνον
504 4748 604 4818 μὲν
656 4748 958 4820 παραλύων
1021 4750 1121 4821 τῆς
1175 4751 1380 4823 ἀρχῆς,
1443 4752 1607 4807 ἀλλον
1655 4754 1712 4809 δὲ
1762 4756 1853 4810 τὸν
1895 4760 2048 4829 ἄξιον
2101 4764 2193 4815 ἐπὶ
2257 4765 2352 4820 τὸν
2419 4747 2530 4839 τῆς.
2612 4747 2972 4842 διδασκαλίας

239 4836 635 4915 Ἐμνήσθησαν
661 4845 718 4899 δὲ
744 4847 792 4898 οί
830 4845 1095 4917 μαθηταὶ,
1125 4848 1208 4901 ὅτι
1239 4851 1638 4922 γεγραμμένον
1703 4855 1854 4909 ἐστίν
1875 4873 1888 4886 ·

233 4940 412 5014 βραχὺ
446 4941 558 5015 γὰρ
596 4941 697 5014 τὴν
729 4945 824 4997 ἐπὶ
854 4944 916 4996 τὸ
950 4947 1204 5014 κρεῖττον
1257 4948 1504 5001 ἐπίδοσιν
1579 4950 1982 5021 λαμῆἁνοντες,

3070 4780 3264 4852 θρόνον
3329 4789 3599 4855 καθίζων.

1981 4878 1999 4911 ι
2053 4859 2112 4913 '0
2165 4860 2330 4934 ζῆλος
2378 4866 2476 4920 τοῦ
2527 4869 2682 4924 οίκου
2739 4891 2835 4928 σου
2896 4877 3184 4952 κατέφαγέ
3236 4901 3326 4954 με.
3373 4906 3392 4938 ι
3438 4889 3601 4944 Κατὰ

2055 4960 2157 5031 ἤδη
2186 4963 2282 5016 καὶ
2345 4965 2455 5017 τῶν
2529 4967 2765 5038 Γραιρων
2813 4973 3360 5051 ἀναμιμνήσκονται,
3409 4987 3599 5041 κάκεῖ-

230 5033 326 5089 θεν
365 5037 465 5100 τὰς
518 5037 831 5109 μαρτυρίας
886 5036 1286 5110 λαμϐάνοντες,
1346 5042 1701 5117 βεϐαιοτέραν
1750 5048 1849 5118 τὴν
1894 5053 2027 5125 περὶ
2057 5056 2298 5124 Χριστοῦ
2329 5060 2536 5127 γνῶσιν
2566 5033 3190 5139 καθιστῶσιν’έάυτοῖς.

307 5155 328 5190 ι
370 5136 783 5209 Ἀπεκρίθησαν
818 5136 913 5192 οὖν
950 5141 998 5193 οί
1041 5140 1311 5209 Ἰουδαῖοι,
1351 5145 1450 5197 καὶ
1483 5139 1639 5199 εἷπον
1664 5147 1814 5218 αύτῴ
1840 5166 1852 5178 ·
1896 5160 1936 5214 ι)

227 5230 298 5285 Τί
331 5232 558 5301 σημεῖον
594 5231 863 5298 δεικνύεις
907 5236 1062 5304 ἡμῖν,
1102 5235 1207 5306 ὅτις
1241 5236 1418 5291 ταῦτα
1471 5241 1682 5307 ποιεῖς;
1727 5243 1862 5294 Ἀπ-

226 5323 428 5395 εκρίθη
462 5327 490 5378 6
530 5325 763 5398 Ἰησοῦς,
800 5323 1077 5383 καὶεῖπεν
1110 5332 1318 5395 αὐτοῖς’
1355 5333 1570 5387 Λύσατε
1597 5335 1690 5386 τὸν
1724 5337 1852 5390 ναὸν

226 5417 443 5485 τοῦτον,
479 5419 574 5474 καὶ
601 5423 660 5474 ὲν
683 5424 865 5493 τρισὶν
909 5423 1157 5494 ἡμέραις
1192 5425 1375 5496 ἐγερῶ
1426 5428 1614 5482 αὐτόν.
1683 5425 1856 5485 Εἶπον

227 5510 322 5566 οὖν
356 5511 408 5564 oi
453 5511 742 5568 Ἰουδαῖοι·
778 5515 1211 5590 Τεσσαράκοντα
1255 5519 1353 5572 καὶ
1387 5517 1447 5584 ἐξ
1483 5518 1665 5574 ἐτεσιν
1708 5522 1851 5592 ᾠκο-

224 5604 445 5675 δομήθη
479 5607 506 5658 6
531 5606 658 5670 ναὸς
689 5600 868 5676 οὗτος,
911 5610 1009 5665 καὶ
1043 5611 1108 5663 σὺ
1134 5612 1193 5665 ἐν
1223 5612 1407 5682 τρισὶν
1443 5614 1686 5687 ἡμέραις
1720 5618 1850 5686 ἐγε-

233 5701 352 5768 ρεῖς
391 5700 596 5768 αὐτόνς
642 5703 887 5768 Ἐκεῖνος
936 5704 994 5758 δὲ
1047 5705 1206 5775 ἔλεγε
1246 5709 1378 5780 περὶ
1407 5709 1504 5762 τοῦ
1561 5710 1691 5764 ναοῦ
1751 5713 1848 5767 τοῦ

230 5793 488 5862 σώματος
529 5797 723 5852 αὑτοῦ.
754 5797 888 5852 Ὅτε
915 5798 1010 5852 οὖν
1035 5800 1247 5874 ἠγέρθη
1289 5805 1355 5857 ὲκ
1411 5805 1647 5875 νεκρῶν,
1685 5808 1852 5878 ἐμνήο

227 5886 443 5958 σθησαν
469 5890 520 5944 οί
560 5891 808 5964 μαθηταὶ
839 5894 1034 5962 αὐτοῦ,
1070 5897 1154 5949 ὅτι
1197 5896 1358 5951 τοῦτο
1414 5899 1606 5970 ιλεγεν
1639 5901 1849 5972 αὐτοῖς,

227 5982 324 6037 καὶ
351 5982 687 6046 ἐπίστευσαν
735 5993 803 6063 τῇ
830 5990 1053 6066 Γραφῇ,
1083 5995 1179 6050 καὶ
1212 5993 1292 6067 τῷ
1344 5994 1486 6067 λόγῳ
1533 5989 1577 6068 ᾧ
1614 5992 1771 6056 εἶπεν
1823 6001 1851 6055 ό

2042 5153 2208 5212 Vens.
2247 5160 2439 5218 18-22.
2476 5182 2494 5214 ι
2532 5163 2960 5250 Responderunt
2999 5187 3130 5243 ergo
3165 5174 3370 5245 Judgei,
3411 5192 3466 5237 et
3499 5184 3598 5240 die

1966 5263 2171 5306 xerunt
2203 5254 2252 5307 ei
2285 5271 2300 5312 :
2338 5255 2497 5321 Quod
2536 5261 2753 5330 signum
2786 5267 3035 5323 ostendis
3098 5270 3259 5326 nobis
3296 5275 3443 5342 quod
3488 5278 3594 5334 ista

1961 5342 2172 5400 facias?
2230 5346 2542 5421 Respondit
2594 5356 2780 5423 Jesus,
2837 5374 2892 5415 et
2965 5361 3104 5416 dixit
3143 5365 3277 5419 eis:
3319 5373 3595 5427 Destruite

1964 5439 2226 5508 templum
2275 5444 2402 5510 hoc,
2451 5458 2507 5501 et
2549 5448 2601 5502 in
2659 5451 2837 5507 tribus
2901 5453 3103 5510 diebus
3147 5460 3360 5529 erigam
3432 5464 3588 5520 illud.

1960 5531 2228 5590 Dixerunt
2262 5553 2396 5611 ergo
2429 5541 2602 5596 ,ἰυόωί
2629 5563 2642 5597 :
2669 5543 3049 5620 Quadraginta
3085 5565 3180 5607 sex
3218 5555 3378 5612 annis
3399 5570 3591 5613 extru-

1960 5633 2107 5680 ctum
2151 5639 2235 5683 est
2272 5633 2540 5702 templum
2565 5636 2687 5700 hoc,
2719 5647 2772 5692 et
2802 5647 2857 5692 tu
2888 5641 2940 5694 in
2986 5643 3160 5699 tribus
3189 5645 3389 5702 diebus
3411 5649 3590 5719 eriges

1960 5718 2135 5774 illud?
2167 5722 2355 5776 Atille
2380 5725 2598 5782 dicebat
2623 5730 2691 5785 de
2738 5737 2937 5802 '.w~;:'o
2976 5740 3227 5807 corporis
3282 5743 3390 5796 sui.
3447 5718 3589 5802 €qu

1959 5825 2092 5882 ergo
2127 5815 2532 5874 resurrexisset
2562 5835 2591 5873 ι
2629 5823 2890 5892 mortuis,
2926 5829 3205 5886 recordati
3241 5843 3372 5888 sunt
3423 5837 3589 5894 disci.

1961 5904 2073 5974 puli
2116 5905 2236 5977 ejus
2296 5909 2442 5979 quod
2487 5912 2590 5968 hoc
2621 5912 2882 5983 dixisset,
2930 5928 2986 5974 et
3028 5923 3391 5981 crediderunt
3438 5925 3589 5986 Scri-

1963 6009 2161 6074 pturte,
2191 6013 2246 6062 et
2276 6008 2523 6066 sermoni
2560 6023 2726 6068 auem
2763 6013 2979 6071 dixerat
3007 6013 3190 6076 Jesus.
3234 6038 3252 6073 ι
3282 6019 3584 6084 Posutuam
