4218 6424
713 422 850 486 ltiti)

1567 418 2148 479 THEOPHYLACTI
2185 414 2598 478 BULGARI/E
2637 415 2999 477 ARCHIEI‘.

3859 410 3996 477 1200

703 536 958 586 Viderunt
998 530 1165 585 Judmi
1236 530 1523 584 Dominum
1584 545 1781 600 magna
1848 537 2119 599 potestate
2173 528 2273 582 hmt

2406 526 2632 598 Ἰησοῦς.
2678 544 2695 577 ι
2761 527 2967 597 Επειδὴ
2998 525 3230 581 ἔϐλεπον
3259 526 3353 580 τὸν
3378 525 3587 599 Κύριον
3638 526 3689 579 οι
3746 524 3995 580 Ἰουδαῖοι

707 630 906 688 latere,
935 632 985 676 et
1028 624 1209 677 dicere
1238 640 1248 674 :
1296 640 1313 673 ι
1354 620 1429 675 Νε
1460 621 1701 676 feceritis
1723 622 1942 675 domum
1975 618 2151 675 Patris
2184 624 2286 677 mei

704 727 1024 775 Itterrattttn,
1068 731 1086 764 ι
1124 713 1311 766 dicunt
1337 728 1351 765 :
1382 712 1648 767 Persuade
1689 713 1846 766 nobis
1892 713 2045 781 signo
2080 713 2283 781 aliquo,

702 810 842 879 quod
881 810 1049 863 Filius
1082 808 1176 862 Dei
1217 809 1294 863 sis
1344 816 1422 872 tu,
1462 817 1516 861 et
1554 806 1698 876 quod
1746 806 1897 861 illinc
1939 808 2139 862 missus
2191 810 2283 863 sis.

704 900 856 956 Unde
892 904 1037 955 cnim
1089 900 1434 955 manifestum
1488 898 1632 967 quod
1710 896 1871 953 Pater
1922 908 2047 955 tuus
2082 900 2153 953 sit
2193 898 2286 968 qui

701 993 891 1047 domus
944 992 1101 1046 istius
1160 1000 1243 1045 est
1286 988 1584 1045 Dominus?
1638 989 1709 1044 At
1758 989 1849 1044 ille
1913 1004 2007 1058 per
2056 990 2283 1060 aenigma

698 1088 777 1141 eis
839 1085 1119 1155 respondit
1166 1101 1178 1137 :
1227 1102 1243 1135 ι
1289 1082 1495 1138 Solvite
1566 1082 1826 1151 templum
1898 1082 2020 1145 hoc,
2078 1102 2095 1135 ι
2162 1096 2285 1135 cor-

696 1192 794 1247 pus
834 1176 1057 1230 omnino
1091 1190 1247 1230 suum
1280 1175 1491 1241 dicens,
1522 1176 1666 1243 quod
1704 1176 1756 1228 itt
1826 1176 1942 1243 ipso
1994 1175 2279 1229 habitabat

693 1271 872 1325 omnis
905 1270 1165 1323 divinitas
1196 1268 1488 1339 Unigenitl.
1524 1266 1623 1321 Ubi
1661 1276 1839 1320 autem
1881 1268 2053 1331 dixit,
2095 1285 2113 1318 ι
2163 1266 2282 1321 Sol-

692 1362 822 1426 \‘itt',
860 1380 876 1413 ι
923 1376 1028 1415 non
1065 1362 1388 1414 exhortatus
1448 1364 1531 1411 est
1563 1357 1631 1409 ad
1690 1356 1913 1421 caadem,
1967 1354 2152 1408 absit:
2185 1355 2283 1409 sed

691 1455 945 1522 quoniam
968 1453 1172 1507 sciebat
1199 1452 1462 1513 facturos,
1497 1459 1646 1504 certo
1674 1457 1999 1503 eventurum
2022 1446 2277 1501 allirmat.

689 1547 927 1599 Audiant
961 1559 1091 1599 vero
1142 1544 1330 1598 Ariani
1383 1543 1656 1612 quomodo
1722 1542 1864 1595 sicut
1916 1542 2182 1595 Dominus
2227 1550 2281 1595 et

686 1642 879 1695 mortis
930 1639 1239 1693 destructor
1281 1638 1456 1701 dicat,
1511 1654 1528 1687 t
1567 1636 1851 1692 Excitabo.
1893 1654 1911 1686 ι
1960 1634 2075 1689 Non
2126 1635 2273 1689 enim

686 1734 836 1796 dicit,
870 1731 1144 1787 Excitabit
1185 1730 1368 1795 Pater,
1398 1730 1515 1795 sed,
1566 1746 1584 1780 t
1636 1729 1747 1798 Ego
1780 1728 2055 1789 excitabo,
2089 1747 2106 1780 ι
2144 1743 2274 1798 pro-

686 1826 801 1894 pria
846 1826 1049 1878 virtute
1077 1839 1229 1887 usus,
1264 1822 1521 1894 nullaque
1562 1832 1791 1876 externa
1827 1821 2101 1890 indigens.
2150 1820 2272 1873 (Σιν-

2394 619 2530 690 μετά
2555 618 2756 689 πολλῆς
2790 618 3043 682 ἐξουσίας
3074 620 3253 674 ταῦτα
3279 620 3565 683 ποιοῦντα,
3608 620 3703 673 καὶ
3734 618 3994 687 λέγοντα,

2395 728 2413 763 t
2448 710 2553 763 Τὸν
2583 706 2733 764 οἷκον
2754 710 2849 762 τοῦ
2876 711 3088 781 Πατρός
3124 727 3227 781 μου
3268 713 3342 781 μὴ
3374 712 3580 763 ποιεῖτε
3635 710 3932 779 ἐμπόριον,
3973 727 3992 759 ι

2388 804 2522 873 φασί
2553 820 2566 835 ·
2602 804 2797 857 Πεῖσον
2822 805 2971 876 ἡμᾶς
3002 803 3093 856 διά
3121 820 3270 865 τινος
3321 804 3576 872 σημείου,
3635 803 3718 855 ὅτι
3772 804 3908 865 Υἱὸς
3949 798 4001 855 εἴ

2386 898 2479 951 τοῦ
2507 898 2666 962 Θεοῦ,
2729 901 2827 951 καὶ
2886 900 2968 953 ὅτι
3022 898 3238 952 ἐκεῖθεν
3290 899 3627 969 ἐπέμφθης·
3660 898 3831 951 πόθεν
3886 900 3999 969 γαρ

2384 992 2564 1062 δῆλον,
2592 994 2673 1045 ὅτι
2698 993 2892 1064 Πατήρ
2927 992 3022 1045 σού
3047 995 3197 1045 ἐστιν
3228 994 3254 1045 ὁ
3284 992 3379 1045 τοῦ
3427 992 3581 1045 οῖκου
3634 991 3831 1044 τούτου
3883 991 3999 1043 Κύ-

2390 1104 2539 1157 ρεοςς
2580 1085 2637 1140 Ὀ
2669 1088 2727 1141 δὲ
2752 1086 3171 1158 αἰνιγματωδῶς
3195 1086 3383 1149 αὐτοῖς
3412 1084 3802 1155 ἀποκρίνεται,
3834 1103 3854 1135 ι
3892 1086 3999 1137 Λύ-

2390 1196 2540 1242 σατε,
2574 1180 2771 1243 λέγων,
2814 1180 2907 1233 τὸν
2963 1180 3088 1234 ναὸν
3121 1179 3337 1241 τοῦτον,
3378 1196 3393 1230 ι
3438 1179 3498 1230 τὸ
3545 1177 3706 1245 σῶμα
3768 1176 3998 1236 πάντως

2387 1271 2561 1324 λέγων
2596 1272 2785 1337 αὑτοῦ,
2818 1272 3010 1339 ἐπειδὴ
3046 1274 3105 1324 ὲν
3134 1271 3288 1341 αὐτῷ
3327 1268 3571 1339 κατῴκει
3608 1270 3765 1322 πᾶσα
3802 1270 3835 1337 ἡ
3876 1268 3998 1321 θεό-

2384 1383 2484 1435 της
2511 1365 2604 1419 τοῦ
2638 1350 3003 1434 Μονογενοῦς.
3038 1365 3225 1417 Εἰπὼν
3259 1364 3339 1427 δὲ,
3373 1382 3391 1415 ι
3428 1361 3669 1423 Λύσατε,
3702 1380 3721 1412 ι
3759 1362 3822 1413 οὐ
3855 1378 3997 1429 προ·

2383 1460 2575 1529 τρέπει
2602 1461 2799 1521 αὐτοὺς
2823 1461 2905 1521 είς
2934 1458 3277 1528 μιαιφονίαν,
3306 1456 3523 1523 ἀπαγεί
3575 1454 3692 1506 ἀλλ’
3751 1453 3996 1523 ἐπείπερ

2380 1549 2654 1620 ἠπίστατο
2710 1550 3011 1621 δράσοντας
3070 1547 3252 1611 τοῦτο,
3294 1545 3689 1615 ἀνυπερθέτως
3741 1544 3885 1597 αὐτὸ
3936 1544 3998 1596 τὸ

2384 1628 2808 1713 συμϐησόμενον
2836 1641 3234 1695 ὑπαινίττεται.
3254 1638 3629 1691 Ἀκουέτωσαν
3646 1637 3744 1691 καὶ
3772 1636 3999 1706 Ἀρεία-

2382 1734 2484 1798 vei,
2516 1733 2633 1797 πῶς
2659 1733 2688 1784 ό
2710 1734 2936 1804 Κύριος,
2970 1734 3065 1787 καὶ
3083 1730 3179 1785 τοῦ
3212 1731 3446 1785 Θανάτου
3482 1728 3820 1798 καταλυτὴς,
3855 1729 3995 1797 φησι

2380 1824 2463 1889 τὸ,
2500 1842 2519 1875 ι
2579 1824 2813 1895 Ἐγερῶ.
2848 1844 2866 1877 ι
2896 1825 2971 1877 Οὐ
3002 1824 3111 1895 γὰρ
3131 1821 3309 1889 εἶπεν,
3340 1824 3423 1875 ὅτι
3462 1823 3681 1893 Ἑγερεῖ
3705 1822 3735 1874 ὸ
3771 1822 3991 1891 Πατὴρ,

688 1928 865 1971 terum
910 1915 1081 1971 ,ἰυάιεί
1138 1916 1205 1969 de
1257 1915 1557 1969 inanimato
1606 1913 1806 1982 templo
1858 1912 2032 1983 ipsum
2088 1911 2270 1965 dicere

2379 1916 2496 1971 ἀλλ’
2528 1911 2704 1983 εἶπεν,
2732 1918 2815 1972 ὅτι
2885 1936 2903 1968 ι
2951 1916 3164 2003 Ἐγερῶ
3196 1916 3332 1985 ἐγὼ,
3376 1935 3396 1968 ι
3432 1918 3500 1987 τῇ
3541 1916 3725 1984 οἰκείᾳ
3755 1915 3997 1985 δυνάμει

692 2018 1041 2062 autumantcs
1088 2008 1207 2073 hoc,
1260 2007 1515 2062 derident
1544 2023 1690 2061 cum.
1746 2008 1879 2059 Cum
1913 2005 2271 2075 quadraginta

682 2111 738 2154 et
769 2115 862 2155 sex
891 2100 1048 2154 annis
1092 2101 1162 2154 sit
1196 2098 1545 2163 mdiiicatum,
1601 2113 1709 2167 quo
1750 2108 1930 2165 pacto.
1970 2098 2183 2159 dicunt,
2218 2106 2270 2149 tu

679 2192 819 2247 dit-is
869 2194 923 2245 in
963 2190 1137 2244 tribus
1169 2190 1362 2245 diebus
1430 2199 1480 2243 te
1539 2189 1942 2243 excitaturum?
1979 2188 2271 2241 Sciendum

682 2294 865 2338 autem
894 2282 1063 2352 quod,
1096 2281 1313 2351 quando
1346 2296 1370 2333 a
1421 2279 1715 2334 Solomone
1757 2279 2017 2349 tt-tnplntn
2050 2288 2273 2333 exttttc-

681 2386 795 2433 tum
827 2386 911 2432 est
948 2376 1338 2443 vigintiannis,
1371 2374 1552 2428 omnia
1596 2373 1837 2443 perfecte
1870 2371 2117 2425 absoluta
2150 2369 2272 2424 lue-

679 2480 828 2536 runt,
866 2479 1051 2539 postea
1085 2478 1267 2521 autem
1316 2477 1432 2535 pust
1471 2466 1873 2536 captivitatem,
1932 2464 2144 2518 llebrtei
2180 2479 2272 2517 ac-

677 2572 835 2633 cepta
860 2570 1127 2631 potestate
1160 2558 1289 2613 illud
1326 2556 1711 2619 reaedilicandi,
1740 2566 2025 2623 cmpernnt
2050 2555 2266 2619 quidem

678 2659 777 2711 sub
817 2654 959 2725 Cyro
1012 2668 1137 2723 rege
1187 2651 1511 2705 mdilicare:
1564 2648 1807 2718 impediti
1850 2660 2032 2700 autem
2086 2650 2151 2700 ah
2192 2647 2275 2701 his

680 2747 770 2816 qui
815 2745 1124 2799 invidebant
1163 2743 1263 2807 eis,
1307 2752 1675 2812 prorogarunt
1729 2748 2060 2794 structuram
2104 2753 2275 2807 usque

678 2842 747 2893 ad
780 2839 1143 2893 Artaxerxem
1188 2851 1391 2906 regem,
1425 2835 1525 2888 sub
1570 2848 1678 2903 quo
1716 2833 1860 2886 nacti
1922 2832 2274 2885 securitatem

680 2930 999 2989 maximam,
1025 2930 1171 2983 omni
1194 2928 1375 2981 studio
1402 2928 1486 2979 vix
1512 2936 1809 2993 potuerunt
1831 2924 2094 2992 perlicere
2116 2936 2272 2993 opus.

677 3021 831 3080 Unde
862 3031 915 3075 et
959 3021 1161 3075 dicitur
1210 3017 1434 3073 Judmos
1487 3018 1825 3072 mdiiicantes
1876 3017 2049 3069 altera
2107 3031 2274 3070 manu

679 3113 941 3185 gladium,
974 3111 1145 3166 altera
1193 3111 1434 3165 tenuisse
1465 3111 1884 3165 aedilicatorium
1935 3110 2272 3165 inStrutnen-

678 3217 791 3263 tunt
821 3224 835 3261 :
870 3220 1042 3276 usque
1081 3203 1217 3259 adeo
1250 3205 1517 3257 timebant
1572 3203 1781 3259 vicinos
1832 3202 2119 3265 Idumaeos,
2165 3217 2271 3256 non

676 3314 857 3355 autem
880 3298 1097 3364 Persas,
1124 3314 1153 3353 a
1182 3297 1405 3368 quibus,
1439 3308 1495 3351 ut
1519 3297 1655 3363 dixi,
1676 3297 2027 3352 securitatem
2052 3313 2268 3350 Olttllcm
2301 3281 2343 3345 C

675 3404 1023 3465 acceperant.
1055 3392 1222 3446 Istam
1251 3393 1435 3461 itaque
1470 3400 1829 3453 structuram,
1869 3400 1989 3457 past
2039 3390 2268 3460 captivi-

676 3498 845 3545 tatem
907 3489 1060 3541 aiunt
1117 3486 1477 3557 quadraginta
1545 3500 1640 3541 sex
1699 3485 1858 3539 annis
1912 3484 2137 3549 factam,
2206 3502 2271 3541 co

686 3579 829 3649 quod
864 3579 1291 3650 prohiberentur
1326 3587 1379 3632 et
1423 3576 1818 3648 impedirentur
1855 3574 2025 3633 Judaei
2062 3596 2089 3632 a
2126 3577 2271 3649 Cyro

682 3686 854 3741 USque
904 3672 970 3725 ad
1009 3672 1389 3727 Artaxerxem.
1423 3670 1487 3725 Et
1520 3686 1627 3726 nou
1659 3678 1743 3726 est
1781 3671 2089 3727 mirandum
2124 3673 2269 3742 quod

671 3762 841 3821 Judaei
877 3778 982 3819 non
1013 3764 1407 3831 intellexerint,
1433 3762 1599 3835 538
1628 3764 2068 3835 quandoquidem
2093 3782 2269 3835 neque
2316 3790 2323 3795 ε

673 3855 925 3925 discipuli
956 3854 1354 3927 intelligebant.
1390 3852 1693 3910 Obstabant
1714 3856 1859 3909 enim
1888 3856 1996 3911 duo
2032 3872 2222 3928 magna
2251 3876 2265 3913 ς

669 3965 863 4015 unum,
902 3952 1046 4021 quod
1077 3949 1412 4005 resurreCtio
1455 3961 1554 4018 per
1578 3962 1639 4003 se
1674 3957 1783 4002 tam
1822 3948 2053 4003 dillicilis
2082 3964 2267 4021 captu,

670 4042 783 4096 imo
815 4042 1069 4096 omnibus
1101 4041 1281 4110 ignota
1306 4046 1451 4095 esset
1476 4054 1489 4090 :
1512 4039 1766 4105 alterum,
1790 4039 1934 4109 quod
1969 4040 2111 4094 Deus
2142 4056 2266 4095 cor-

668 4149 773 4202 pus
802 4133 1273 4201 ejusinbabitaret
1308 4150 1321 4188 :
1354 4150 1373 4183 ι
1404 4130 1620 4187 Etenim
1653 4141 1775 4202 post
1804 4133 2266 4188 resurrectionem

2378 2009 2686 2079 χρώμενος,
2727 2011 2824 2063 κα)⁸
2870 2008 2969 2061 οὐκ
3002 2008 3173 2077 ἄλλης
3222 2007 3427 2074 ἔξωθεν
3451 2006 3886 2077 προσδεόμενος.
3928 2008 3994 2059 υἰ

2376 2102 2431 2155 δὲ
2460 2101 2726 2167 Ἰουδαῖοι,
2763 2102 2896 2171 περὶ
2922 2101 3017 2155 τοῦ
3054 2101 3269 2172 ἀψύχου
3304 2099 3437 2153 ναοῦ
3492 2100 3785 2164 δοκοῦντες
3816 2102 3992 2155 αὑτὸν

2377 2194 2583 2263 λέγειν,
2626 2195 3013 2263 καταγελῶσιν
3044 2195 3237 2250 αὑτοῦ.
3290 2195 3389 2248 Διά
3417 2194 3527 2264 γὰρ
3566 2196 3995 2262 τεσσαράκοντα

2382 2291 2470 2342 καὶ
2506 2289 2565 2353 ἓξ
2591 2290 2731 2343 ὲτῶν
2765 2288 3219 2360 οἰκοδομηθέντα,
3249 2291 3390 2351 πῶς,
3419 2290 3576 2356 φασὶ,
3606 2289 3790 2357 λέγεις
3821 2290 3992 2351 αὐτὸς

2380 2383 2437 2434 ὲν
2475 2382 2661 2451 τρισὶν
2707 2381 2943 2451 ἡμέραις
2976 2382 3222 2449 ὲγερεῖνς
3292 2380 3493 2433 ’ἰστέον
3520 2380 3577 2433 δὲ
3605 2382 3711 2446 ὅτι,
3752 2381 3845 2433 ὅτε
3892 2381 3995 2450 μὲν

2379 2474 2531 2543 παρά
2561 2471 2655 2525 τοῦ
2682 2472 3028 2541 Σολομῶντος
3056 2472 3386 2544 ᾠκοδομήθη
3420 2474 3448 2525 ὁ
3482 2472 3612 2536 ναὸς
3650 2471 3712 2525 τὸ
3741 2474 3991 2542 πρῶτον,

2376 2565 2464 2618 δια
2497 2565 2671 2617 εἰκοσι
2729 2565 2868 2620 ὲτιῖιν
2932 2566 3115 2619 πάντα
3173 2564 3446 2627 ἀνενδεῶς
3504 2565 3994 2635 ἀπηρτίσθησανο

2379 2657 2609 2727 ὕστερον
2657 2657 2716 2711 δὲ
2786 2655 2927 2727 μετά
2975 2656 3075 2728 τὴν
3140 2657 3549 2728 αἰχμαλωσίαν,
3624 2656 3890 2721 λαϐόντες
3944 2659 3993 2710 οἰ

2391 2750 2639 2820 Ἐσραῖοι
2667 2750 2921 2815 ἐξουσίαν
2959 2750 3326 2820 οἰκοδομῆσαι
3360 2751 3548 2813 αὑτὸν,
3588 2748 3834 2819 ἤρξαντο
3892 2749 3992 2817 μὲν

2386 2845 2479 2897 ἐπὶ
2515 2848 2617 2915 τῆς
2656 2844 2937 2913 βασιλείας
2962 2847 3150 2914 Κύρου
3181 2845 3558 2914 ἀνοικοδομεῖν
3584 2862 3599 2877 ·
3629 2840 3751 2898 εἶτα
3807 2846 3993 2914 ἑμπο·

2378 2938 2651 3010 διζόμενοι
2713 2941 2864 3012 παρὰ
2897 2941 3007 2993 τῶν
3067 2941 3501 3011 διαφθονούντων
3565 2942 3791 3004 αυτοῖς,
3847 2958 3995 3010 παρ-

2380 3031 2592 3087 ἐτειναν
2624 3033 2724 3102 τὴν
2762 3034 3059 3106 οἰκοδομὴν
3090 3034 3221 3105 ἄχρι
3260 3038 3358 3103 τῆς
3414 3034 3781 3106 Ἀρταξέρξου
3816 3034 3996 3103 βασι-ο

2378 3128 2528 3192 λείας
2558 3145 2571 3158 δ
2617 3130 2712 3181 ἐπὶ
2739 3129 2935 3182 τούτου
2982 3130 3038 3183 δὲ
3083 3130 3268 3197 πάσης
3308 3130 3493 3193 ἀδείας
3545 3130 3994 3192 ἀπολαύσαντες,

2383 3221 2525 3291 μετά
2564 3222 2767 3290 πολλῆς
2813 3222 3055 3291 σπουδῆς
3128 3223 3481 3293 ἠδυνήθησαν
3534 3223 3645 3295 (18)
3697 3225 3995 3277 εκτελέσαι

2377 3313 2437 3366 τὸ
2476 3315 2640 3385 ἔργον
2663 3331 2677 3346 ο
2712 3317 2801 3368 ὅτε
2837 3315 2901 3384 δὴ
2938 3314 3032 3369 καὶ
3061 3315 3281 3384 λέγεται
3336 3321 3465 3380 τοὺς
3519 3316 3816 3379 Ἰουδαίους
3870 3317 3993 3369 κτί-

2376 3406 2595 3472 ζοντας,
2632 3411 2698 3478 τῇ
2737 3410 2836 3479 μὲν
2897 3409 3064 3480 ἑτέρα
3096 3413 3218 3463 ταῖν
3269 3413 3456 3482 χεροῖν
3490 3411 3649 3481 δόρυ,¹
3676 3410 3895 3483 θατέρᾳ
3938 3411 3993 3465 δι

2376 3500 2721 3569 οἰκοδομικὸν
2742 3500 3028 3569 ἐργαλεῖον
3058 3502 3315 3574 κατέχειν
3342 3520 3355 3532 ·
3382 3503 3556 3567 οὕτως
3584 3498 3730 3574 ἦσαν
3750 3506 3808 3555 ὲν
3842 3502 3995 3573 φόϐῳ

2375 3592 2557 3661 πολλῷ
2590 3594 2719 3655 τοὺς
2770 3594 3190 3665 πλησιοχώρους
3243 3596 3545 3660 δεδοικότες
3620 3598 3988 3665 Ἰδουμαίους,

2373 3685 2433 3739 οὗ
2462 3687 2512 3739 τί
2543 3705 2647 3740 που
2664 3688 2793 3751 τοὺς
2826 3689 3047 3760 Πέρσας
3068 3706 3082 3721 ·
3113 3690 3246 3761 παρ’
3278 3691 3508 3743 ἐκείνων
3537 3692 3667 3759 γάρ,
3699 3691 3775 3753 ὡς
3802 3689 3986 3757 εἷπον,

2374 3778 2519 3848 φημὶ
2550 3777 2638 3849 δὴ.
2675 3778 2787 3832 τῶν
2828 3779 3084 3850 Περσῶν,
3126 3781 3315 3834 ἄδειαν
3349 3782 3535 3835 πᾶσαν
3572 3781 3789 3835 ἔλαϐον.
3845 3776 3992 3836 Ταύ-

2374 3887 2479 3939 την
2513 3872 2692 3925 τοίνυν
2719 3871 2817 3944 τὴν
2855 3872 3152 3944 οἰκοδομὴν
3175 3872 3275 3943 τὴν
3298 3875 3436 3944 μετά
3464 3874 3562 3945 τὴν
3595 3874 3994 3944 αἰχμαλωσίαν

2375 3965 2541 4031 φασιν
2578 3965 2636 4016 ὲν
2671 3966 3090 4034 τεσσαράκοντα
3124 3966 3219 4019 καὶ
3274 3966 3335 4030 ἓξ
3396 3966 3543 4019 ἔτεσι
3586 3968 3874 4035 γενέσθαι,
3916 3969 3990 4031 ὡς

2375 4056 2731 4110 κωλυθέντων
2754 4058 2863 4110 τῶν
2883 4059 3181 4123 Ἰουδαίων,
3226 4060 3322 4112 καὶ
3356 4059 3445 4113 διὰ
3506 4060 3667 4113 τοῦτο
3711 4077 3989 4129 παρατει-

2374 4150 2581 4204 νάντων
2603 4150 2710 4203 ἀπὸ
2732 4149 2832 4220 τῆς
2854 4150 3041 4220 Κύρου
3066 4151 3353 4222 βασιλείας
3376 4152 3505 4222 ἄχρι
3539 4154 3632 4205 καὶ
3650 4152 3753 4223 τῆς
3791 4154 3961 4224 Ἀρτα

668 4235 1047 4299 cognoverunt
1077 4225 1353 4295 discipuli,
1393 4234 1447 4281 ει
1468 4226 1821 4281 crediderunt
1857 4223 2162 4297 Scriptura:
2192 4243 2205 4277 :
2241 4246 2258 4278 ι

2379 4241 2582 4313 Εέρξου.
2619 4243 2730 4296 Καὶ
2771 4244 2833 4296 οὐ
2891 4243 3235 4314 θαυμαστὸν,
3290 4244 3452 4313 εἰπερ
3505 4247 3553 4297 οἰ
3608 4223 3868 4300 Ἰουδαῖοι
3891 4249 3989 4302 οὒκ

670 4322 758 4375 cui
788 4318 1131 4389 Scripturae?
1160 4317 1324 4372 Omni
1364 4331 1487 4389 qua:
1514 4318 1578 4373 de
1610 4320 2016 4376 resurrectione
2058 4321 2223 4373 tradit
2248 4337 2261 4373 :

670 4410 1119 4467 manifestissime
1165 4420 1346 4466 autem
1404 4411 1452 4467 ei
1486 4424 1610 4481 quae
1664 4411 1819 4477 dicit,
1860 4429 1878 4462 ι
1934 4408 2053 4466 Non
2112 4412 2268 4466 dere-

665 4505 888 4575 linques
909 4504 1148 4559 animam
1181 4517 1359 4559 meam
1389 4503 1446 4558 in
1478 4503 1693 4559 inferno
1716 4504 1796 4571 ⁷⁶;
1837 4522 1855 4555 ι
1884 4514 1938 4559 ει
1970 4504 2067 4572 illi,
2105 4523 2123 4555 ι
2158 4503 2266 4558 ου-

669 4600 850 4653 minus
888 4596 1056 4649 voluit
1088 4594 1380 4664 puriﬁcare
1420 4611 1545 4652 eum
1583 4613 1611 4651 a
1646 4596 1822 4666 plaga,
1882 4606 1941 4653 et
1975 4598 2267 4653 ostendere

667 4693 717 4748 ei
750 4690 1017 4745 lumen“.
1062 4707 1081 4740 ι
1118 4687 1407 4745 Manifesta
1434 4690 1578 4745 enim
1614 4691 1702 4745 illa
1753 4689 1821 4746 de
1858 4691 2264 4747 resurrectione

669 4789 945 4843 dicuntur.
978 4783 1355 4855 Apollinarius
1388 4792 1573 4840 autem
1628 4794 1801 4841 tentat
1847 4787 1951 4841 hoc
2011 4786 2131 4842 loco
2166 4802 2264 4853 pa-

671 4882 965 4936 trocinium
1023 4896 1137 4936 suae
1190 4881 1464 4935 ltaareseos
1520 4880 1790 4934 invenire.
1856 4879 2055 4934 Volens
2116 4880 2261 4933 enim

669 4975 999 5045 persuadere
1051 4973 1405 5027 inanimatam
1440 4986 1560 5028 esse
1592 4985 1813 5026 carnem
1860 4969 2099 5034 Damini,
2132 4971 2267 5025 dicit

668 5067 811 5137 quod
850 5064 1109 5135 templum
1141 5067 1351 5120 dicatur
1394 5080 1543 5133 caro,
1588 5064 1849 5135 templum
1890 5076 2071 5120 autem
2142 5066 2266 5121 ina-

668 5162 933 5215 nimatmn
971 5158 1063 5225 sit,
1126 5159 1428 5213 inanimata
1464 5174 1594 5229 ergo
1630 5169 1686 5213 et
1722 5174 1853 5214 caro
1886 5168 1991 5214 est.
2018 5160 2267 5216 Attonite

665 5264 720 5310 et
757 5263 1016 5308 versute:
1068 5262 1122 5306 tu
1156 5261 1211 5307 et
1252 5252 1395 5323 ligna
1421 5266 1475 5307 et
1528 5252 1762 5324 lapides,
1797 5252 2011 5308 Domini
2043 5269 2263 5308 carnem

670 5350 860 5413 iacies,
889 5346 1109 5418 quando
1140 5347 1357 5415 quidem
1382 5362 1447 5403 ex
1476 5348 1560 5403 bis
1591 5359 1678 5403 est
1708 5347 2009 5418 templum?
2039 5345 2267 5413 Quando

666 5450 847 5495 autem
877 5441 1119 5494 audieris
1160 5441 1471 5505 Dominum,
1515 5460 1533 5494 ι
1571 5440 1726 5497 Νυηε
1764 5442 1983 5509 turbata
2019 5453 2105 5497 est
2138 5442 2260 5496 ani-

665 5550 754 5591 ma
782 5550 904 5590 mea
927 5537 971 5567 ⁷⁸
1007 5554 1019 5591 :
1066 5555 1084 5588 ι
1120 5544 1198 5604 ει,
1245 5554 1262 5587 ι
1297 5534 1629 5592 Potestatem
1667 5536 1839 5593 habeo
1867 5538 2101 5607 ponendi
2128 5537 2265 5592 iani-

2372 4334 2642 4402 ἔγνωσαν,
2685 4336 2824 4389 ὅπου
2878 4354 2941 4405 γε
3006 4337 3131 4391 οὐδὲ
3166 4339 3216 4390 οἰ
3258 4337 3526 4409 μαθηταί.
3586 4340 3701 4392 Καὶ
3747 4340 3865 4410 γὰρ
3895 4342 3988 4394 δύο

2374 4426 2571 4490 αὐτοὺς
2596 4428 2665 4481 τά
2699 4428 2935 4497 μέγιστα
2964 4428 3279 4491 ινεττόδιζον
3305 4446 3316 4458 ·
3354 4430 3412 4481 ἓν
3446 4431 3547 4499 μὲν
3588 4432 3650 4483 τὸ
3700 4435 3835 4503 περὶ
3890 4438 3989 4503 τῆς

2374 4518 2734 4583 ἀναστάαεως
2766 4520 3236 4592 δυσκατάληπτον
3291 4519 3371 4588 δι,
3412 4522 3615 4591 μᾶλλον
3658 4524 3718 4576 δὲ
3779 4529 3988 4580 παντα-

2376 4602 2544 4663 πασιν
2572 4611 2851 4679 ἄγνωστον
2908 4614 3133 4676 αὐτοῖς’
3178 4615 3369 4685 ἕτερον
3400 4614 3478 4681 δὲ,
3539 4618 3624 4669 ὅτι
3654 4616 3792 4680 Θεὸς
3833 4622 3983 4673 ἐστιν

2372 4706 2401 4759 ὁ
2442 4705 2672 4758 ἑνοικῶν
2716 4707 2797 4777 τῷ
2842 4706 3060 4778 σώματι
3147 4711 3287 4779 μετὰ
3321 4711 3510 4781 μέντοι
3545 4712 3647 4781 τὴν
3680 4712 3987 4767 ἀνάστασιν

2373 4798 2623 4867 ἔγνωσαν
2668 4802 2717 4852 οἰ
2777 4800 3045 4871 μαθηταὶ,
3097 4802 3195 4854 καὶ
3245 4804 3582 4856 ἐπίστευσαν
3640 4807 3710 4876 τῇ
3761 4806 3979 4879 Γραφῇ’

2375 4890 2505 4961 ποία
2541 4892 2767 4961 Γραφῇ;
2809 4892 2918 4945 Καὶ
2960 4894 3106 4966 πάσῃ
3147 4894 3249 4965 μὲν
3288 4898 3355 4967 τῇ
3404 4898 3536 4965 περὶ
3594 4897 3694 4966 τῆς
3744 4899 3986 4952 ἀνασταο

2376 4999 2513 5045 σεως
2554 4982 3002 5056 διαλαμϐανούσῃ
3040 5004 3052 5015 ·
3117 4987 3501 5058 προδηλότατα
3542 4989 3603 5041 δὲ
3652 4992 3747 5061 τῇ,
3801 5011 3821 5043 ι
3875 4995 3986 5047 οὐκ

2375 5074 2795 5144 ὲγκαταλείψεις
2833 5076 2933 5147 τὴν
2962 5077 3142 5149 ψυχήν
3182 5098 3286 5149 μου
3332 5083 3412 5145 εἰς
3437 5082 3612 5153 ᾅδηνο
3663 5102 3682 5134 ι
3750 5090 3848 5139 καὶ
3899 5092 3984 5157 τῇ,

2381 5184 2398 5216 ι
2431 5164 2635 5236 Κύριος
2662 5163 2915 5235 βούλεται
2945 5166 3243 5238 καθαρίσαι
3271 5170 3436 5223 αὑτὸν
3466 5170 3577 5223 ἀπὸ
3608 5170 3714 5238 τῆς
3745 5174 3984 5243 πληγῆς.

2375 5259 2469 5310 καὶ
2522 5257 2697 5325 δείξαι
2732 5259 2885 5331 αὑτῷ
2921 5260 3059 5329 φῶς.
3101 5280 3119 5311 ι
3174 5261 3603 5331 Ἑμφανέστατα
3643 5267 3757 5335 γὰρ
3820 5262 3983 5319 αὗται

2373 5353 2428 5404 αἰ
2462 5351 2681 5421 Γραφαὶ
2730 5354 2859 5427 περὶ
2906 5355 3007 5425 τῆς
3066 5356 3426 5419 ἀναστάσεως
3478 5357 3980 5429 διαλαμῦανουσιν.

2388 5446 2765 5517 ’Δπολινάριος
2788 5446 2845 5500 δὲ
2877 5449 3129 5503 ἐντεῦθεν
3158 5452 3417 5520 πειρᾶται
3450 5456 3797 5523 συνηγορίαν
3828 5457 3983 5525 εὐρέα

2372 5538 2500 5593 σΟαι
2535 5541 2635 5611 τῆς
2687 5541 2899 5605 οἰκείας
2937 5544 3232 5616 αἰρέσεως.
3271 5543 3457 5599 Oili-iv
3506 5546 3621 5620 γὰρ
3688 5549 3979 5621 συστῆσαι,

735 5680 782 5710 ’θ
816 5675 959 5733 Psal.
989 5690 1076 5742 xv,
1103 5679 1189 5734 10.
1268 5678 1309 5709 ’ί
1346 5675 1451 5731 lsa.
1486 5691 1601 5745 Ltll,
1633 5676 1699 5733 10
1729 5675 1881 5748 juxta
1914 5675 2080 5731 LXX.
2161 5677 2207 5708 "
2236 5676 2273 5732 εἰη

2382 5719 2396 5734 .
2430 5696 2532 5748 xu,
2577 5681 2669 5737 27.

1634 5795 1724 5857 Ex
1752 5794 2099 5859 collatione
2134 5794 2325 5859 codd.
2359 5798 2591 5865 Venet.
2629 5804 2691 5866 S.
2728 5803 2954 5867 Marci.

734 5919 846 5997 (18)
878 5920 1014 5979 Cod.
1048 5921 1136 5979 51.
1167 5920 1321 5992 μόλις
1362 5916 1734 5993 ἠδυνήθησαν.
