4218 6424
720 418 864 487 1203

1580 427 2164 490 THEOPHYLACTI
2198 381 2608 491 BUbGARIE
2651 427 3012 492 ARCHIEP.

3853 425 3998 495 12M

786 536 953 596 Vns.
973 542 1026 595 5.
1049 539 1350 611 Respondit
1368 541 1547 610 Iesus,
1575 546 1780 601 etdisit
1805 548 1853 603 ei
1882 565 1894 600 :
1922 548 2114 612 Amen,
2144 562 2283 602 amet

2485 565 2503 598 ι
2556 548 2862 620 Ἀπεκρίθη
2887 547 2916 601 6
2956 544 3189 617 Ἰησοῦς,
3242 544 3333 600 ui
3367 538 3523 601 εἶπεν
3562 546 3751 619 αὐτῷ*
3805 548 4001 621 Ἀμὴν,

710 632 834 685 dico
872 632 991 695 tibi,
1038 633 1140 689 nisi
1175 635 1301 705 quis
1333 645 1498 693 natus
1548 638 1713 692 fuerit
1744 653 1999 707 superne,
2035 653 2145 691 nou
2199 654 2298 709 po-

710 732 814 778 test
846 724 1031 781 videre
1077 742 1303 799 regnum
1356 728 1475 785 Dei.
1521 717 1540 783 .‘
1580 731 1847 786 Videntur
1899 733 2063 787 verba
2113 749 2233 803 qua:
2271 748 2300 785 a

709 817 996 875 Salvatore
1021 821 1190 888 dicta,
1232 823 1370 879 nihil
1422 825 1665 881 alludere
1691 828 1757 881 ad
1784 842 1870 890 ea,
1906 842 2028 896 quze
2059 841 2087 879 a
2144 824 2301 879 Nico-

705 912 866 966 .lcmo
901 914 1043 968 dicta
1077 932 1092 969 :
1124 926 1174 969 at
1204 916 1249 973 si
1279 918 1408 985 quis”
1451 928 1596 974 recte
1640 920 1959 984 attenderit,
1996 921 2149 976 valde
2170 936 2300 974 con-

709 1018 907 1072 gruere
949 1006 1211 1062 inveniet.
1254 1008 1707 1077 Quandoquidem
1762 1008 2093 1067 Nicodcmus
2123 1013 2298 1065 humi-

609 1170 613 1174 .
704 1093 809 1150 lem
843 1097 910 1152 de
947 1096 1166 1155 Christo
1224 1100 1458 1156 habebat
1501 1102 1839 1167 Opinionem,
1906 1117 2101 1169 nempe
2152 1102 2296 1171 quod

707 1187 973 1255 magister
1006 1195 1175 1254 esset,
1235 1205 1299 1245 ac
1337 1190 1480 1245 Deus
1514 1203 1661 1245 esset
1707 1207 1830 1245 cum
1886 1193 2000 1255 illo,
2060 1192 2199 1248 dicit
2246 1194 2296 1249 ei

705 1276 1006 1335 Dominus:
1040 1281 1233 1337 Merito
1266 1284 1340 1337 ita
1372 1284 1441 1337 de
1491 1300 1577 1339 me
1608 1285 1812 1351 sentis;
1874 1285 2111 1339 nomium
2147 1287 2295 1341 enim

702 1380 861 1426 natus
888 1387 949 1427 es
966 1388 1223 1444 superne,
1261 1375 1362 1430 hoc
1403 1385 1507 1439 cst,
1547 1391 1573 1427 a
1616 1377 1723 1430 Deo
1768 1374 2037 1443 spirituali
2094 1374 2297 1430 nativi-

705 1474 835 1528 tatc,
860 1467 967 1521 .sed
1001 1466 1238 1521 carnalis
1265 1482 1359 1521 es:
1390 1465 1697 1537 etcognitio
1714 1484 1879 1537 quam
1911 1469 2082 1523 deme
2103 1468 2291 1532 habes,

699 1572 805 1610 non
842 1570 923 1612 est
951 1559 1278 1627 spiritualis,
1330 1561 1423 1613 sed
1460 1561 1733 1625 animalis,
1784 1568 1840 1614 et
1885 1560 2146 1613 humana.
2185 1560 2296 1627 Ego

698 1658 880 1701 autent
912 1649 1034 1702 dico
1068 1650 1192 1714 tibi,
1250 1651 1395 1717 quod
1450 1650 1553 1704 nisi
1611 1659 1690 1716 tu,
1744 1660 1799 1704 et
1844 1650 2096 1719 quisquis
2156 1649 2294 1702 alius

697 1740 883 1805 fuerit,
920 1757 1160 1811 superne
1195 1752 1251 1797 ct
1282 1761 1349 1798 cx
1386 1743 1496 1798 Deo
1524 1744 1633 1797 nati
1680 1742 1917 1798 fueritis.
1962 1753 2017 1797 et
2053 1742 2197 1811 piam
2238 1751 2294 1795 et

696 1834 917 1904 dignam
956 1837 1021 1889 de
1048 1851 1131 1889 me
1160 1836 1475 1905 Opinionem
1509 1837 1830 1903 habueritis,
1870 1845 2023 1890 extra
2060 1850 2288 1905 regnum

2407 640 2553 710 ἀμην
2585 629 2729 707 λέγω
2772 657 2877 704 σοι,
2910 639 3004 692 ἑάν
3040 639 3116 709 μή
3141 656 3226 703 τις
3250 639 3493 711 γεννηθῇ
3523 639 3770 708 ἀνωθεν,
3800 643 3865 695 οὐ
3912 642 4007 697 δύ-

2403 750 2561 787 ναται
2598 734 2727 787 ἰδεῖν
2782 734 2885 806 τὴν
2945 732 3233 803 βασιλείαν
3291 731 3388 785 τοῦ
3428 732 3586 787 Θεοῦ.
3645 752 3665 785 a
3710 736 3882 788 Δοκεῖ
3934 734 4003 790 τὰ

2402 826 2556 895 παρά
2610 824 2705 878 τοῦ
2756 824 3013 895 Σωτῆρος
3052 823 3188 895 πρδς
3220 823 3314 876 τὸν
3348 823 3665 894 Νικόδημον
3721 824 3993 894 ῥηθέντα,

2400 918 2657 987 ούδεμιαν
2686 918 2967 971 κοινωνίαν
2989 916 3133 987 ἔχειν
3173 914 3313 986 πρὸς
3356 913 3393 968 ἀ
3426 913 3653 985 εἴρηκεν
3682 916 3712 969 6
3758 913 4005 987 Νικόδη-

2405 1029 2502 1081 μος
2533 1026 2545 1039 ⁸
2575 1009 2652 1081 τῷ
2676 1010 2733 1063 δὲ
2761 1009 3091 1079 προσέχοντι
3141 1008 3239 1062 καὶ
3272 1006 3444 1076 πολλὴ
3485 1007 3751 1061 κοινωνία
3804 1008 3999 1076 ἀμφα-

2400 1103 2645 1171 νήσεται.
2691 1100 2845 1154 Ἐπεὶ
2874 1102 2984 1171 γὰρ
3006 1103 3033 1154 6
3055 1100 3369 1170 Νικόδημος
3401 1097 3679 1169 ὑπόληψιν
3720 1092 3845 1168 εἶχε
3869 1098 4007 1169 περὶ

2405 1200 2648 1272 Χριστοῦ
2699 1200 2988 1267 ταπεινὴν,
3044 1200 3128 1252 ὅτι
3170 1196 3495 1261 διδάσκαλός
3530 1198 3672 1263 εστι,
3704 1196 3805 1249 καὶ
3844 1196 3933 1250 ὅτι
3976 1196 4009 1248 6

2397 1292 2532 1355 Θεός
2560 1294 2676 1347 ἐστι
2717 1293 2835 1363 μετ’
2869 1291 3058 1356 αὑτοῦ,
3098 1292 3237 1362 φησὶ⁵
3288 1290 3428 1361 πρὸς
3470 1288 3640 1343 αὐτὸν
3687 1291 3718 1343 6
3766 1288 4007 1357 Κύριος,

2396 1385 2480 1438 ὅτι
2498 1384 2740 1449 Εἰκότως
2754 1384 2899 1456 ἔχεις
2919 1382 3178 1456 τοιαύτην
3203 1381 3477 1453 ὑπόληψιν
3494 1399 3562 1434 πε
3571 1381 3626 1450 pi
3644 1378 3809 1451 εμοῦ.
3831 1378 4009 1434 Οῦπυ

2397 1478 2506 1547 γάρ
2535 1479 2833 1548 ἐγεννήθης
2860 1477 3109 1536 ἀνωθεν.
3134 1477 3441 1537 τουτέστιν,
3477 1476 3541 1527 ὲκ
3574 1473 3713 1527 Θεοῦ
3746 1490 4011 1542 πνεύμασι

2396 1569 2557 1641 τικὴν
2583 1570 2865 1641 γέννησιν,
2906 1569 3023 1623 ἀλλ’
3062 1570 3143 1623 ἔτι
3184 1568 3452 1640 σαρκικδς
3478 1564 3551 1633 εί,
3580 1568 3677 1620 καὶ
3706 1568 3740 1635 ἠ
3768 1566 4009 1633 γνῶσις,

2396 1661 2463 1731 ἢν
2481 1660 2626 1731 ἔχεις
2646 1660 2777 1732 περὶ
2795 1661 2953 1732 ἐμοῦ,
2980 1662 3079 1715 οὐκ
3100 1662 3217 1715 ἔστι
3239 1678 3492 1731 πνευματ
3518 1660 3612 1731 κὴ,
3639 1658 3777 1711 ἀλλὰ
3792 1658 4007 1729 ψυχικὴ

2397 1752 2495 1805 καὶ
2527 1751 2877 1823 ἀνθρωπική.
2922 1752 3069 1821 Ἐγὼ
3089 1752 3146 1805 δὲ
3182 1751 3329 1820 λέγω
3367 1769 3473 1819 σοι,
3502 1752 3587 1805 ὅτι
3630 1752 3732 1803 καὶ
3774 1750 3867 1813 σὺ,
3906 1749 4005 1802 καὶ

2397 1844 2557 1909 ἀλλος
2586 1844 2863 1911 ὁστισοῦν,
2900 1843 2999 1899 έάν
3051 1844 3127 1915 μὴ
3152 1843 3365 1899 ἀνωθεν
3409 1845 3504 1897 καὶ
3537 1846 3601 1897 ὲκ
3634 1842 3776 1898 Θεοῦ
3797 1859 4006 1912 γεννη-

692 1928 957 1982 cmlorum
987 1930 1142 1985 estis.
1188 1927 1463 1993 Nativitas
1514 1930 1658 1984 enim
1693 1944 1791 2000 per
1836 1930 2189 1998 baptismum,
2228 1929 2283 1983 il-

2397 1937 2603 2003 θέντες,
2640 1938 2740 2009 τὴν
2766 1938 2928 2001 ἀξίαν
2956 1937 3118 2003 δόξαν
3153 1938 3285 2008 περὶ
3306 1937 3445 2008 ἐμοῦ
3475 1936 3721 1999 λάϐοιτο,
3755 1934 3869 2000 ἔξω
3891 1933 3998 2003 τῆς

693 2020 1108 2076 luminationem
1158 2022 1405 2090 prabens
1454 2023 1675 2086 animae,
1726 2036 1951 2093 regnum
2008 2020 2124 2088 Dei,
2191 2022 2294 2075 hoc

692 2122 799 2175 est,
845 2114 1189 2185 unigenitum
1229 2115 1381 2195 illius
1409 2115 1629 2181 Filium,
1658 2116 1867 2182 videre,
1901 2117 2005 2171 hoc
2043 2126 2149 2176 est.
2210 2116 2294 2170 in-

690 2206 936 2277 telligere
962 2207 1076 2260 dat.
1110 2205 1246 2261 Nam
1271 2207 1414 2263 sicut
1448 2205 1540 2263 Dci
1566 2208 1838 2277 sapientia
1876 2206 2050 2265 Filius
2078 2220 2184 2273 est,
2214 2209 2288 2263 ita

689 2312 740 2353 et
770 2313 1000 2369 regnum
1033 2315 1256 2370 quoque
1314 2300 1409 2357 Dei
1442 2302 1666 2357 dicitur.
1704 2302 1817 2358 iloc
1875 2318 2010 2360 sane
2060 2319 2289 2375 regnum

686 2405 852 2446 nemo
885 2391 1053 2457 videt,
1093 2392 1197 2448 hoc
1238 2401 1367 2462 est,
1397 2393 1673 2465 intelligit,
1729 2409 1763 2450 ο
1809 2395 2127 2457 Nicodemc,
2182 2396 2287 2451 nisi

685 2490 850 2537 natus
882 2479 1047 2538 fuerit
1082 2498 1111 2537 a
1161 2482 1310 2538 Deo:
1344 2491 1513 2553 atque
1564 2484 1638 2538 ita
1681 2484 1849 2539 etiam
1885 2495 1961 2552 tu,
2025 2487 2285 2556 quoniam

686 2576 929 2631 nondum
958 2586 1118 2633 natus
1147 2592 1207 2633 es
1231 2576 1618 2648 spiritualiter,
1651 2586 1943 2648 propterea
1993 2594 2100 2634 non
2132 2580 2287 2635 vides

686 2683 773 2723 me
806 2684 1030 2740 regnum
1069 2671 1187 2737 Dei,
1232 2673 1376 2727 sicut
1404 2680 1646 2743 oportet,
1700 2670 1799 2729 sed
1853 2672 2119 2729 humilem
2168 2674 2288 2745 opi-

688 2763 908 2819 nionem
936 2764 1006 2821 de
1050 2780 1138 2821 me
1182 2765 1373 2821 babes.

754 3044 927 3106 Vna.
960 3047 1017 3118 ι,
1050 3047 1106 3105 5.
1134 3069 1153 3103 ι
1180 3046 1321 3105 Dicit
1345 3046 1414 3103 ad
1447 3060 1571 3102 eum
1600 3044 1929 3101 Nicodcmus
1955 3062 1968 3098 :
1998 3042 2284 3111 Quomodo

683 3152 865 3215 potest
898 3145 1063 3199 homo
1090 3142 1269 3207 nasci,
1297 3156 1422 3196 cum
1471 3140 1541 3196 sit
1582 3138 1787 3195 senex?
1824 3137 1964 3194 Num
1999 3146 2182 3207 potest
2228 3136 2281 3191 in

683 3245 935 3293 ventrem
976 3236 1168 3291 matris
1223 3249 1338 3290 sum
1379 3234 1580 3289 iterum
1617 3228 1881 3298 introire,
1905 3244 1971 3287 ac
2021 3227 2283 3285 renasci?

682 3332 989 3404 Respondit
1016 3328 1177 3386 Jesus
1208 3344 1223 3380 :
1259 3330 1459 3393 Amen,
1494 3340 1655 3382 amen
1691 3324 1815 3382 dico
1856 3326 1976 3392 tibi,
2010 3323 2118 3380 nisi
2155 3306 2282 3392 qu'is

682 3440 907 3483 renatus
932 3424 1095 3481 fuerit
1118 3440 1183 3480 ex
1219 3438 1358 3493 aqua
1381 3430 1437 3476 et
1466 3420 1702 3491 Spiritu,
1736 3433 1845 3475 non
1870 3429 2053 3489 potest
2074 3418 2283 3473 intrare

678 3523 736 3577 in
772 3535 999 3590 regnum
1060 3518 1177 3573 Dei.
1216 3536 1236 3571 ι
1278 3514 1526 3572 Audiens
1576 3513 1910 3569 Nicodcmus
1970 3510 2279 3567 doctrinam

676 3614 801 3685 plus
847 3626 1014 3683 quam
1048 3612 1374 3677 humanam,
1416 3609 1706 3677 stupescit,
1734 3616 1789 3662 ct
1838 3621 2036 3677 passus
2082 3606 2283 3660 huma-

678 3723 807 3762 num
832 3704 1092 3773 quiddam
1131 3704 1457 3771 interrogat,
1482 3700 1773 3768 Quomodo
1804 3699 2019 3770 patestl
2052 3699 2104 3755 id
2132 3698 2279 3768 quod

678 3795 1083 3854 incredulitatis
1119 3803 1206 3851 est
1225 3793 1465 3865 signum.
1498 3791 1600 3849 Ubi
1633 3792 1782 3847 enim
1832 3790 1968 3843 fides
2027 3804 2136 3843 non
2171 3797 2277 3853 est,

677 3889 845 3965 διο
881 3889 989 3943 ilch
1008 3890 1299 3958 quaeritur,
1319 3885 1614 3953 Quomodo
1644 3880 1782 3940 hoc?
1799 3891 1853 3938 et
1876 3923 1893 3948 ,
1928 3881 2111 3949 Quare
2136 3880 2285 3937 hoc?

674 3985 976 4055 Propterea
1012 3982 1246 4039 ridicula
1273 3979 1555 4037 Nicodemi
1587 3979 1751 4033 verba
1778 3987 2070 4048 apparent.
2092 3973 2280 4046 Neque

674 4081 819 4137 enim
856 4078 1123 4134 intellexit
1172 4075 1517 4147 spiritualem
1556 4073 1927 4135 nativitatem,
1971 4072 2066 4126 sed
2129 4085 2281 4124 men-

676 4176 880 4229 tionem
938 4171 1245 4241 corporalis
1312 4169 1523 4223 ventris
1577 4168 1727 4222 l'acil.
1774 4165 2073 4236 Postquam
2129 4164 2275 4220 enim

674 4268 910 4328 audivit,
954 4284 973 4317 ε
1006 4265 1118 4319 Nisi
1155 4264 1281 4333 quis
1329 4261 1565 4327 ἀνωθεν,
1615 4279 1635 4312 ι
1690 4274 1720 4316 e
1769 4259 2071 4333 supernis,‘
2110 4256 2277 4310 fuerit

675 4370 862 4425 natus,
919 4358 1277 4415 existimatur
1326 4355 1541 4411 ἀνωθεν
1591 4355 1659 4409 ab
1718 4353 1901 4416 initio,
1959 4363 2017 4406 et
2067 4353 2277 4411 denuo,

672 4461 839 4521 atque
890 4452 999 4507 tale
1035 4449 1317 4521 quippiam
1350 4446 1495 4503 dici:
1551 4446 1667 4503 Nisi
1706 4447 1832 4517 quis
1876 4447 1947 4501 ab
2019 4443 2181 4500 initio
2225 4450 2281 4497 et

671 4550 851 4603 denuo
888 4553 1150 4600 nascatur
1181 4561 1194 4596 :
1227 4550 1283 4598 et
1313 4551 1601 4613 propterea
1649 4540 1783 4596 dicit
1816 4558 1830 4595 :
1858 4539 2148 4609 Quomodo
2177 4556 2277 4611 po-

2307 3289 2355 3353 (Ξ

2396 2032 2681 2103 βασιλείας
2710 2034 2857 2087 ἐστέ.
2906 2032 2969 2085 Ἦ
2999 2030 3109 2102 γὰρ
3146 2031 3239 2085 διὰ
3271 2028 3369 2084 τοῦ
3427 2028 3816 2101 βαπτίσματος
3876 2024 4007 2093 γέν·

2394 2143 2549 2196 νησις
2610 2124 2897 2197 φωτισμὸν
2931 2124 3239 2194 ἐμποιοῦσα
3275 2126 3344 2193 τῇ
3379 2121 3550 2192 ᾧυχῇ,
3591 2120 3693 2191 τὴν
3723 2117 3825 2172 τοῦ
3859 2112 4003 2170 Θεοῦ

2395 2219 2696 2292 βασιλείαν,
2730 2220 2851 2291 ἢτοι
2900 2219 2996 2273 τὸν
3056 2219 3329 2287 μονογενῆ
3382 2216 3513 2269 Υίὸν
3541 2214 3712 2271 αὐτοῦ
3751 2211 4004 2283 βλέπειν,

2391 2314 2663 2374 τουτέστι,
2697 2313 2863 2374 νοεῖν,
2899 2310 3142 2365 δίδωσιν.
3182 2311 3398 2379 Ὠσπερ
3427 2310 3539 2379 γὰρ
3568 2305 3711 2361 Θεοῦ
3748 2305 3918 2373 σοφία
3972 2306 4002 2358 6

2390 2404 2540 2467 Υἱὸς,
2575 2404 2721 2457 οὕτω
2749 2402 2815 2474 δὴ
2847 2404 2941 2457 καὶ
2971 2402 3226 2473 βασιλεία
3257 2401 3397 2455 Θεοῦ
3433 2400 3599 2462 αὐτὸς
3638 2398 3709 2453 ἃν
3760 2397 4003 2464 λέγοιτο.

2389 2494 2610 2566 Ταύτην
2642 2495 2700 2549 δὲ
2737 2496 2837 2568 τὴν
2872 2494 3157 2565 βασιλείαν
3189 2494 3291 2547 οὐκ
3322 2493 3392 2547 ἀν
3423 2492 3525 2546 ῐδοι
3557 2510 3666 2555 τις,
3724 2491 4002 2557 τουτέστι,

2388 2590 2596 2659 νοήσοι,
2624 2581 2671 2641 ῶ
2698 2587 3009 2659 Νικόδημε,
3045 2590 3095 2641 εί
3130 2587 3207 2658 μὴ
3259 2584 3503 2656 γεννηθῇ
3559 2585 3627 2638 ἑκ
3677 2582 3781 2637 τοῦ
3829 2582 3998 2638 Θεοῦ.

2389 2686 2557 2739 Ὥστε
2592 2684 2686 2738 καὶ
2718 2682 2806 2749 σὺ,
2839 2683 2966 2736 ἐπεὶ
3036 2682 3138 2736 οὐκ
3178 2681 3481 2753 ἐγεννήθης
3529 2679 3687 2734 οὔπω
3738 2695 4001 2749 πνευμαο

2387 2774 2579 2839 τικῶς,
2610 2774 2698 2829 διὰ
2717 2774 2875 2829 τοῦτο
2907 2775 2968 2828 οὐ
3002 2774 3228 2845 βλέπεις
3264 2774 3388 2845 ἐμὲ,
3425 2773 3525 2843 τὴν
3559 2772 3850 2842 βασιλείαν
3898 2770 3998 2825 τοῦ

2388 2865 2549 2931 Θεοῦ,
2595 2864 2740 2920 καθὰ
2783 2866 2887 2932 δεῖ,
2942 2865 3081 2920 ἀλλά
3129 2864 3396 2936 ταπεινὴν
3449 2862 3608 2929 δόξαν
3654 2862 3805 2935 ἔχεις
3866 2862 4001 2933 περὶ

2387 2959 2548 3031 ἐμοῦ.

2467 3076 2487 3110 ι
2540 3056 2705 3126 Λέγει
2759 3055 2899 3129 πρὸς
2947 3054 3113 3109 αὐτὸν
3150 3056 3179 3108 6
3240 3052 3569 3125 Νικόδημος,
3606 3052 3735 3116 Πῶς
3762 3050 4000 3106 δύναται

2387 3151 2682 3225 ἄνθρωπος
2716 3150 3073 3222 γεννηθῆναι,
3130 3148 3314 3219 γέρων
3344 3147 3456 3212 div;
3494 3148 3587 3218 Μὴ
3614 3146 3852 3200 δύναται
3910 3144 3994 3208 είς

2385 3250 2485 3322 τὴν
2515 3249 2725 3302 κοιλίαν
2780 3248 2882 3316 τῆς
2917 3245 3125 3316 μητρὸς
3178 3242 3351 3297 αὐτοῦ
3385 3241 3647 3313 δεύτερον
3691 3237 3997 3303 είσελθεῑν,

2387 3344 2486 3399 καὶ
2517 3343 2889 3412 γεννηθῆναι;
2943 3339 3253 3411 Ἀπεκρίθη
3305 3334 3519 3408 Ἰησοῦς
3545 3351 3559 3367 ⁸
3608 3334 3809 3405 ’Δμὴν,
3844 3333 3999 3406 ἀμὴν

2400 3434 2551 3504 λέγω
2572 3452 2679 3498 σοι,
2718 3434 2816 3486 ὲάν
2850 3432 3017 3503 μήτις
3058 3429 3297 3500 γεννηθῇ
3338 3428 3400 3492 έξ
3453 3427 3648 3491 ὕδατος
3685 3430 3783 3479 καὶ
3819 3424 3998 3483 Πνεῦ-

2389 3546 2583 3601 ματος,
2615 3527 2678 3581 οὐ
2698 3526 2926 3581 δύναται
2962 3525 3046 3587 είς
3075 3525 3173 3594 τὴν
3212 3520 3497 3593 βασιλείαν
3646 3517 3787 3573 Θεοῦ
3818 3517 3999 3582 clade

2386 3615 2522 3675 θεῖν.
2553 3638 2573 3671 ι
2612 3616 2863 3674 Ἀκούων
2899 3619 2927 3670 6
2962 3614 3277 3684 Νικόδημος
3315 3611 3491 3683 μείζω
3528 3609 3891 3681 ἀνθρωπίνης
3928 3607 3999 3662 δι-

2383 3711 2707 3778 δασκαλίας,
2734 3709 3121 3779 ἐκπλήττεται,
3152 3706 3249 3760 καί⁵
3277 3704 3472 3759 παθὼν
3492 3702 3848 3773 ἀνθρώπινον
3877 3699 3990 3755 πά-

2385 3804 2501 3871 θος,
2531 3804 2745 3875 ὲρωτᾷο
2785 3821 2804 3853 ι
2836 3799 2964 3862 Πῶς
3012 3796 3280 3864 δύναται;
3311 3815 3331 3848 ι
3372 3796 3514 3867 ὅπερ
3555 3793 3828 3856 ἀπιστίας
3878 3791 3998 3847 εστὶ

2386 3896 2641 3965 σημεῖον.
2671 3896 2848 3949 Ὀπου
2875 3892 2985 3961 γὰρ
3012 3890 3199 3955 πίστις
3223 3890 3327 3943 οὐκ
3372 3888 3544 3952 ἐστιν,
3592 3889 3710 3939 έκεῖ
3738 3887 3820 3951 τδ,
3872 3884 3997 3950 Πῶς

2384 3990 2531 4055 τίδες
2564 3989 2679 4053 καὶ,
2713 3987 2810 4040 Διά
2834 3986 2886 4038 τί
2918 3986 3074 4053 τόδε;
3102 3984 3194 4039 Διὸ
3223 3985 3319 4037 καὶ
3354 3982 3749 4049 καταγέλαστα
3786 3979 3863 4033 τὰ
3899 3976 3996 4032 τοῦ

2385 4082 2706 4152 Νικοδήμου
2770 4082 2995 4151 ῥήματα
3050 4079 3363 4148 φαίνονται.
3428 4076 3505 4129 Ού
3566 4073 3679 4145 γὰρ
3734 4072 3996 4142 ἐνενόησε

2386 4174 2645 4243 γέννησιν
2696 4171 3107 4242 πνευματικὴν,
3167 4170 3308 4223 ἀλλά
3368 4168 3610 4238 γαστρὸς
3663 4167 3997 4237 σωματικῆς

2386 4269 2685 4341 μέμνηται.
2724 4265 2879 4321 Ἐπεὶ
2902 4264 3012 4336 γὰρ
3043 4265 3248 4337 ἢκουσε
3276 4262 3359 4325 τὸ,
3394 4281 3413 4314 ι
3473 4262 3601 4315 Ἐὰν
3631 4260 3706 4329 μή
3742 4276 3829 4321 τις
3872 4274 3995 4325 γενς

2382 4360 2524 4431 νηθῇ
2551 4358 2783 4422 ἄνωθεν,
2822 4376 2842 4411 ι
2878 4358 3098 4427 ἱνόμισε
3122 4356 3183 4409 τὺ
3218 4354 3457 4409 ἄνωθεν
3505 4351 3653 4405 οῦτω
3699 4350 3991 4417 λέγεσθαι,

2384 4453 2509 4505 ἀντὶ
2535 4452 2656 4511 τοῦ,
2701 4450 2759 4517 ἐξ
2810 4451 3015 4520 ἀρχῆς,
3071 4449 3139 4501 ἑκ
3181 4447 3443 4517 δευτέρου
3475 4461 3489 4476 ·
3538 4444 3683 4499 ὥστε
3744 4442 3891 4499 εἶναι
3934 4444 3994 4499 τὸ

2384 4545 2682 4615 λεγόμενον
2712 4544 2954 4597 τοιοῦτον
2977 4556 2994 4574 ο
3034 4541 3161 4595 Ἐὰν
3196 4542 3272 4613 μή
3309 4556 3395 4603 τις
3417 4539 3655 4610 γεννηθῇ
3711 4538 3772 4605 ἐξ
3817 4539 3995 4609 ἀρχῆς

670 4651 775 4697 test
810 4642 857 4695 is
887 4641 978 4710 qui
1018 4654 1183 4694 senex
1216 4646 1323 4699 est,
1349 4638 1531 4690 denuo
1558 4637 1766 4691 intrare
1810 4638 1862 4690 in
1896 4632 2112 4691 uterum
2152 4651 2273 4690 ma-e

2388 4638 2478 4693 καὶ
2510 4639 2575 4690 ὲκ
2603 4636 2886 4709 δευτέρου.
2931 4633 3032 4688 Διά
3073 4633 3236 4688 τοῦτο
3266 4628 3361 4687 οὖν
3409 4649 3569 4702 φησι,
3599 4630 3728 4694 Πῶς
3763 4631 3993 4687 δύναται

672 4736 772 4789 tris
804 4733 960 4789 sum?
986 4732 1119 4785 Nam
1158 4732 1265 4785 duo
1297 4730 1448 4784 illum
1475 4728 1752 4783 iaciebant
1782 4730 2125 4799 perplexum,
2170 4745 2270 4783 na-

672 4828 861 4881 tivitas
890 4825 1103 4880 scilicet
1133 4823 1461 4891 spiritualis,
1494 4832 1548 4878 et
1572 4836 1824 4891 regnum.
1878 4823 2071 4892 Neque
2121 4824 2268 4879 enim

668 4934 867 4975 nomen
902 4916 1052 4987 regni
1086 4916 1351 4971 caelorum
1385 4913 1633 4969 auditum
1660 4914 2100 4985 erataliquando
2131 4916 2271 4984 apud

666 5009 909 5065 Iudaeos.
940 5008 1097 5063 Nunc
1124 5007 1291 5077 igitur
1315 5008 1383 5062 de
1416 5006 1703 5062 nativitate
1723 5008 1961 5073 dubitat,
1986 5018 2271 5077 propterea

668 5115 723 5160 et
771 5106 1029 5162 Christus
1088 5104 1136 5159 ei
1189 5101 1542 5158 manifestius
1595 5102 1905 5173 spiritualis
1967 5102 2272 5158 nativitatis

668 5199 890 5254 modum
921 5194 1127 5251 revelat
1162 5214 1174 5251 :
1217 5214 1235 5247 ι
1286 5192 1405 5250 Nisi
1455 5195 1581 5261 quis
1620 5205 1905 5264 nascatur,
1958 5197 2168 5261 dicens,
2202 5212 2268 5253 ex

668 5308 812 5362 aqua
842 5302 897 5348 et
928 5291 1162 5362 Spiritn.
1198 5307 1219 5341 ι
1260 5287 1437 5343 Homo
1466 5304 1590 5344 cum
1622 5305 1686 5344 ex
1713 5290 1925 5345 duobus
1950 5298 2185 5351 constet,
2207 5304 2272 5345 ex

668 5402 905 5458 corpore
945 5396 999 5440 et
1034 5388 1245 5453 anima,
1288 5384 1459 5441 habet
1486 5385 1797 5439 nativitatis
1827 5400 2049 5455 quoque
2092 5384 2273 5455 dupli-

668 5498 790 5538 cem
828 5481 1075 5536 modum.
1121 5483 1274 5552 Aqua
1314 5479 1463 5536 enim
1519 5482 1563 5535 si
1594 5480 1888 5535 visibiliter
1937 5481 2269 5553 accipiatur,

670 5577 736 5631 ad
774 5575 1025 5643 corporis
1048 5576 1284 5645 pertinet
1324 5573 1807 5644 puriﬁcationem;
1847 5573 2093 5644 Spiritus
2144 5590 2273 5630 vero

671 5668 1023 5725 invisibiliter
1053 5683 1419 5735 concurrens,
1440 5669 1509 5724 ad
1533 5668 1826 5724 invisibilis
1874 5671 2073 5725 animae
2108 5685 2267 5741 rege-

672 5765 1010 5819 nerationem
1038 5762 1299 5835 pertinet.
1329 5763 1483 5829 Quod
1516 5763 1560 5819 si
1587 5778 1771 5835 rogas,
1794 5765 2071 5833 quomodo
2130 5780 2271 5836 aqua

671 5863 850 5927 potest
872 5856 1538 5929 generare?interrogabo
1559 5865 1614 5913 ct
1636 5872 1758 5930 ego,
1781 5861 2058 5929 quomodo
2080 5874 2269 5915 semen

670 5964 724 6008 et
761 5952 938 6025 ipsum
999 5965 1265 6023 aquosum
1292 5951 1588 6021 exsistens,
1637 5962 1817 6025 potest
1870 5954 1923 6011 in
1989 5954 2268 6014 hominem

2378 4732 2560 4805 γέρων
2580 4730 2657 4785 ῶν
2686 4730 2940 4801 δεύτερον
2966 4726 3236 4781 είσελθεῖν
3268 4726 3352 4790 είς
3381 4725 3481 4797 τὴν
3503 4725 3721 4780 κοιλίαν
3754 4725 3864 4795 τῆς
3893 4740 3991 4797 μη-

2376 4826 2506 4897 τρὸς
2526 4824 2727 4890 αὑτοῦ;
2762 4824 2868 4877 Δύο
2902 4824 3015 4893 γὰρ
3042 4817 3188 4893 ἦσαν
3228 4819 3299 4875 τὰ
3341 4818 3605 4874 ποιοῦντα
3637 4819 3811 4875 αὐτὸν
3861 4822 3992 4874 ἁπο-

2384 4922 2520 4991 ρεῐν,
2558 4919 2593 4989 ἦ
2628 4936 2687 4971 τε
2723 4917 2980 4989 γέννησις
3024 4919 3057 4987 ὴ
3111 4914 3492 4987 πνευματικὴ,
3525 4915 3561 4986 ἦ
3594 4925 3654 4968 τε
3708 4914 3988 4985 βασιλεία.

2380 5012 2518 5067 Οὐδὲ
2552 5014 2661 5082 γὰρ
2692 5012 2866 5079 ὄνομα
2900 5008 3187 5080 βασιλείας
3246 5008 3499 5080 οὐρανῶν
3552 5007 3811 5077 ἠκούσθη
3863 5007 3993 5061 ποτὶ

2381 5106 2535 5177 παρὰ
2578 5106 2733 5159 Ἰουδι
2760 5106 2878 5167 ἔοις.
2909 5104 3063 5167 Τέως
3100 5103 3147 5157 6'
3187 5098 3285 5157 οῦν
3326 5102 3459 5174 περὶ
3515 5102 3616 5171 τῆς
3671 5102 3993 5171 γεννήσεως

2379 5200 2599 5271 ἀπορεῖ,
2646 5198 2729 5254 διὸ
2785 5198 2882 5252 καὶ
2915 5198 2944 5250 6
3006 5196 3249 5268 Χριστὸς
3288 5195 3631 5267 σαφέστερον
3696 5197 3854 5267 αὑτῷ
3906 5196 3994 5251 τὸν

2374 5292 2477 5363 τῆς
2513 5294 2829 5363 γεννήσεως
2871 5291 2975 5361 τῆς
3011 5291 3405 5360 πνευματικῆς
3435 5290 3645 5361 τρόπον
3701 5290 3991 5345 ἀποκαλύ-

2377 5404 2525 5451 πτει,
2562 5405 2581 5438 ι
2608 5386 2734 5441 Ἐὰν
2765 5387 2843 5458 μή
2884 5402 2971 5447 τις
3002 5384 3243 5457 γεννηθῇ
3282 5384 3345 5450 εξ
3375 5384 3595 5450 ὓδατος,
3652 5384 3861 5453 λέγων,
3901 5386 3992 5441 καὶ

2377 5482 2721 5552 Πνεύματος.
2758 5499 2775 5532 ι
2813 5478 3049 5545 Διπλοῦς
3078 5480 3190 5549 γάρ
3216 5477 3294 5532 ῶν
3319 5479 3350 5532 6
3371 5478 3689 5550 ἄνθρωπος,
3722 5480 3789 5532 ικ
3810 5478 3990 5549 ψυχῆς

2378 5577 2473 5633 καὶ
2520 5576 2797 5647 σώματος,
2835 5572 3065 5627 διπλοῦν
3100 5573 3215 5645 ἔχει
3259 5573 3354 5627 καὶ
3388 5571 3483 5626 τὸν
3524 5573 3627 5643 τῆς
3671 5574 3990 5643 γεννήσεως

2379 5670 2602 5741 τρόπον.
2638 5668 2715 5721 Τὸ
2744 5667 2845 5738 μὲν
2870 5669 2982 5739 γὰρ
3006 5666 3155 5739 ὕδωρ
3191 5666 3408 5737 ὁρατῶς
3429 5664 3886 5736 λαμϐανόμενον,
3914 5667 3989 5730 είς

2376 5764 2477 5836 τὴν
2507 5763 2604 5818 τοῦ
2643 5762 2901 5836 σώματος
2938 5762 3213 5832 κάθαρσιν
3247 5763 3455 5815 νοεῖται
3480 5778 3497 5793 ο
3538 5759 3601 5814 τὸ
3646 5759 3705 5814 ἃ
3756 5758 3987 5829 Πνεῦμα

2380 5859 2636 5931 ἀοράτως
2678 5857 2996 5929 συντρέχον,
3054 5859 3135 5922 είς
3190 5855 3293 5927 τὴν
3332 5855 3434 5927 τῆς
3493 5855 3740 5927 ἀοράτου
3807 5854 3987 5925 ψυχῆς

2376 5953 2765 6027 ἀναγέννησιν.
2814 5954 2876 6007 Ei
2906 5951 2961 6006 δὲ
2995 5952 3208 6024 ἐρωτᾷς
3240 5968 3251 5984 ³
3304 5950 3426 6014 Πῶς
3472 5950 3533 6005 τὸ
3570 5950 3717 6021 ὕδωρ
3760 5950 3981 6003 δύναται
