4218 6424
227 442 368 509 1295
907 437 1361 500 ENARRATIO
1403 436 1486 497 ΙΝ
1519 434 1860 496 EVANGEI

1973 434 2030 494 Μ
2080 429 2427 495 JOANNlS.
2456 453 2526 466 -·
2550 428 2712 490 CAP.
2757 425 2872 487 IlI.
3405 420 3543 487 1305

223 560 508 628 γεννῆσαι,
561 557 830 629 ἐρωτήσω
874 556 1071 625 κάγώ·
1105 556 1230 619 Πῶς
1284 557 1348 608 τὸ
1399 553 1650 625 σπέρμα,
1701 554 1828 607 ὑδα-

1970 548 2361 608 ranstormari?
2391 550 2564 621 Igitur
2593 547 2740 603 sicut
2796 547 2849 600 in
2875 541 3154 614 corporali
3204 542 3418 597 semine
3465 554 3546 596 to-

223 649 395 712 τῶδις
434 647 496 702 δν
533 649 630 700 καὶ
668 648 826 711 αὐτὸ,
863 648 1094 701 δύναται
1127 648 1209 711 εις
1249 645 1542 718 ἄνθρωπον
1594 647 1827 700 διαπλα-

1970 659 2048 698 am
2078 653 2164 700 est
2190 643 2384 714 gratim
2413 641 2634 706 divinae,
2673 639 2746 692 ita
2782 646 2837 692 et
2890 636 2945 689 in
3015 635 3348 703 baptismate
3405 647 3546 702 aqua

229 739 456 812 σθῆναις
491 739 708 811 Ὠσπερ
743 739 837 794 οῦν
866 740 959 793 ἐπὶ
986 739 1084 793 τοῦ
1109 739 1440 809 σωματικοῦ·
1477 738 1822 808 σπέρματος,

1970 737 2157 794 ubdita
2187 745 2294 803 est,
2326 747 2377 791 et
2407 735 2650 806 Spiritus
2667 734 2852 786 omnia
2883 737 3165 797 operatur,
3189 739 3245 781 ct
3277 725 3550 781 invocatio

228 835 290 886 :6
321 834 447 894 πᾶν,
479 833 581 902 τῆς
610 833 706 886 τοῦ
752 833 892 886 Θεοῦ
924 835 1152 904 χάριτός
1199 833 1353 886 ἐστιν
1385 849 1399 864 ο
1434 832 1581 887 οὕτω
1616 834 1714 886 καὶ
1736 834 1832 887 ἐπὶ

1970 848 2035 886 er
2075 846 2288 902 preces,
2325 830 2439 884 imo
2478 828 2570 882 Dei
2620 822 2932 896 praesentia.
2979 820 3237 893 Symbola
3275 821 3422 874 enim
3461 834 3549 874 sc-

227 926 323 979 :06
349 925 754 995 βαπτίσματος,
781 925 930 997 ὕδωρ
962 927 1274 980 ὑπόκειται.
1321 925 1481 980 Ἀλλὰ
1510 926 1572 980 τὸ
1604 926 1832 996 Πνεῦμα

1970 926 2176 979 ιιιιιυττε
2207 933 2261 979 ει
2297 920 2717 978 resurrectionis
2748 921 2800 973 in
2835 933 2974 984 aqua
3015 917 3105 971 illa
3160 913 3547 984 perﬁciuntur.

229 1019 300 1070 τὰ
332 1020 512 1072 πάντα
542 1019 781 1088 ἐνεργεῖ,
820 1020 915 1072 καὶ
939 1022 971 1088 ἠ
1033 1020 1124 1072 διὰ
1149 1019 1261 1073 τῶν
1294 1019 1472 1090 εὐχῶν
1517 1019 1827 1091 ἐπίκλησις,

1970 1018 2081 1073 Tres
2106 1017 2408 1072 mersiones
2437 1016 2707 1069 triduana:
2733 1013 3029 1079 sepultura:
3069 1008 3319 1080 symbola
3379 1019 3548 1062 sunt:

230 1108 328 1160 τοῦ
358 1109 494 1162 Θεοῦ
530 1109 588 1162 δὲ
624 1109 830 1178 μᾶλλον
865 1110 1168 1179 παρουσία.
1195 1110 1388 1180 Ταφῆς
1413 1109 1526 1180 γὰρ
1554 1109 1650 1166 καὶ
1699 1111 1830 1162 ἀνα-

1970 1111 2142 1165 lcinde
2173 1110 2408 1178 emergit
2449 1109 2637 1171 homo,
2694 1107 2840 1161 sicut
2868 1104 3158 1165 Dominus,
3215 1100 3473 1171 l‘nlgidior
3499 1111 3550 1155 ct

233 1205 478 1263 στάσεως
525 1200 773 1272 σύμϐολα
803 1203 900 1253 καὶ
930 1200 1098 1254 εἰκὼν
1145 1203 1207 1254 ὲν
1240 1201 1321 1267 τῷ
1347 1200 1502 1255 ὕδατι
1529 1199 1710 1272 τούτῳ
1737 1218 1828 1253 τε·

1978 1202 2167 1266 larior,
2228 1200 2664 1270 incorruptionis
2722 1197 2906 1252 ferens
2957 1195 3302 1259 indumenta,
3343 1195 3434 1263 qui
3500 1194 3552 1245 in

210 1293 430 1347 ιλεῖται.
461 1295 527 1346 At
570 1294 721 1362 τρεῖς
767 1292 1118 1356 καταδύσεις,
1148 1294 1250 1361 τῆς
1295 1293 1604 1364 τριημέρου
1649 1293 1832 1363 ταφῆς

1970 1308 2082 1363 .qua
2119 1292 2527 1360 corruptionem
2560 1288 2903 1344 sumntersit.

234 1389 481 1454 σύμϐολα
511 1405 524 1418 ο
549 1383 672 1441 εἶτα
696 1387 952 1442 ἀναδύνει
984 1391 1013 1442 6
1041 1388 1334 1459 ἄνθρωπος
1363 1390 1561 1458 ὥσπερ
1584 1391 1612 1443 6
1685 1389 1918 1459 Κύριος,
1955 1389 2351 1460 λαμπρότερον
2399 1387 2498 1440 καὶ
2543 1385 2906 1457 φαιδρότερον
2978 1383 3042 1436 :6
3087 1385 3187 1454 τῆς
3240 1380 3558 1454 ἀφθαρσίας

235 1483 444 1552 ἐνδυμα
478 1483 686 1554 φορῶν,
716 1483 812 1535 καὶ
859 1483 960 1552 τὴν
1005 1483 1219 1552 φθορὰν
1262 1482 1709 1551 ἑγκαταϐυθίσας
1762 1485 1842 1556 τῷ
1871 1483 2050 1538 ὕδατι.

314 1592 332 1625 ι
361 1575 435 1628 Τὸ
461 1577 866 1646 γεγεννημένον
892 1579 954 1628 ἐκ
975 1579 1078 1647 τῆς
1115 1579 1344 1647 σαρκὸς,
1376 1579 1518 1649 σάρξ
1545 1580 1665 1631 ἑστι
1701 1595 1716 1609 ο
1741 1580 1839 1631 καὶ⁸

233 1669 298 1718 τὸ
329 1669 731 1739 γεγεννημένον
781 1671 847 1721 ἑκ
896 1669 994 1722 τοῦ
1015 1670 1363 1740 Πνεῦματος.
1411 1671 1638 1740 πνεῦμά
1689 1674 1830 1726 ἐστι.

2024 1577 2191 1632 Vitas.
2222 1578 2344 1632 6-8.
2383 1595 2401 1630 ι
2431 1576 2586 1644 Quod
2631 1585 2819 1630 natum
2851 1583 2936 1631 est
2967 1574 3020 1628 in
3049 1586 3236 1634 carne,
3273 1587 3404 1627 caro
3427 1580 3509 1628 est
3540 1589 3556 1625 :

1950 1684 2004 1728 et
2041 1676 2183 1743 quod
2212 1683 2399 1726 uatum
2434 1682 2512 1725 est
2539 1686 2605 1725 ex
2633 1670 2867 1739 Spiritu,
2900 1669 3126 1740 spiritus
3151 1677 3255 1722 est.
3275 1664 3354 1719 Ne
3383 1666 3560 1719 admi-

235 1762 329 1831 Μὴ
357 1761 671 1832 Θαυμάσῃς,
715 1763 800 1815 ὅτι
855 1757 1011 1815 εἶπόν
1060 1780 1166 1830 σοι,
1208 1765 1292 1818 ὅτι
1323 1766 1405 1819 δεῖ
1456 1766 1603 1836 ὑμᾶς
1643 1783 1841 1837 γεννη-

1970 1769 2091 1821 ‘eris
2151 1767 2296 1837 quod
2338 1766 2477 1828 dixi,
2537 1765 2768 1830 Oportet
2823 1777 2920 1815 vos
2987 1759 3136 1815 nasci
3190 1775 3222 1814 e
3282 1757 3558 1826 supernis.

238 1852 403 1923 θῆναι
429 1854 660 1908 ἄνωθεν.
697 1856 772 1909 T6
800 1856 1022 1926 πνεῦμα
1053 1857 1190 1911 ὅπου
1221 1859 1391 1917 θέλει.
1430 1862 1578 1922 πνεῖ,
1618 1861 1716 1912 καὶ
1740 1860 1842 1931 τὴν

238 1948 428 2018 φωνὴν
456 1948 622 2001 αὐτοῦ
658 1949 906 2014 ἀκούεις,
936 1951 1054 2004 ἀλλ’
1084 1951 1186 2004 οῦκ
1210 1947 1360 2015 οἶδας
1393 1952 1564 2006 πόθεν
1593 1951 1839 2023 ἔρχεται,

241 2038 340 2090 καὶ
381 2037 483 2091 ποῦ
511 2039 742 2108 ὑπάγει.
774 2038 962 2102 Οῦτως
997 2041 1116 2093 ἐστὶ
1147 2041 1256 2103 πᾶς
1285 2043 1314 2094 6
1347 2042 1748 2110 γεγεννημένος
1779 2044 1845 2095 ὲκ

240 2131 338 2185 τοῦ
375 2131 714 2202 Πνεύματος.
752 2152 770 2185 ι
831 2133 1090 2200 Ἀπάγων
1114 2134 1208 2187 τὸν
1234 2135 1552 2204 Νικόδημον
1583 2137 1612 2188 6
1640 2135 1846 2206 Κύριος

242 2225 354 2279 ἀπὸ
391 2225 490 2295 τῆς
533 2226 807 2296 σαρκικῆς
836 2227 1170 2295 γεννήσεως,
1206 2227 1342 2298 φησι
1374 2244 1387 2258 ·
1425 2247 1442 2277 ι
1483 2228 1558 2281 T6
1583 2245 1848 2298 γεγεννη-

246 2318 409 2389 μένον
438 2319 503 2371 ἐκ
525 2317 622 2389 τῆς
647 2319 871 2389 σαρκὸς,
905 2319 1046 2389 σάρξ
1071 2322 1190 2372 ἐστι
1219 2335 1231 2348 ·
1262 2321 1325 2374 :6
1350 2321 1408 2374 δὲ
1441 2322 1848 2394 γεγεννημένον

243 2414 310 2466 ἑκ
335 2413 427 2466 τοῦ
452 2411 791 2484 Πιεῦματος,
818 2413 1038 2484 πνεῦμα
1067 2435 1084 2468 ι
1126 2432 1138 2443 ·
1160 2415 1433 2478 τουτέστι,
1472 2416 1850 2487 πνευματικός

244 2505 395 2557 ἐστιν
427 2504 457 2556 6
502 2503 792 2575 ἄνθρωπος
838 2507 867 2558 6
915 2509 1322 2578 γεγεννημένος
1369 2507 1461 2562 διὰ
1509 2509 1606 2562 τοῦ
1647 2508 1847 2579 βαπτίο

248 2611 495 2666 σματος·
545 2598 606 2651 :6
656 2598 766 2669 γὰρ
817 2598 1066 2669 πνεῦμα,
1104 2601 1226 2654 ἀντὶ
1279 2600 1398 2665 τοῦ,
1450 2603 1850 2673 πνευματικὸς,

249 2695 491 2764 ὀφείλεις
518 2697 732 2767 νοῆσαι.
764 2698 838 2751 06
863 2698 975 2770 γὰρ
1011 2697 1079 2769 δὴ
1109 2698 1339 2769 Πνεῦμα
1368 2699 1517 2753 θεῖον
1563 2700 1778 2768 γίνεται
1824 2700 1854 2753 6

260 2787 604 2859 βαπτισθεὶς,
653 2791 794 2844 ἀλλὰ
849 2792 950 2862 τὴν
1003 2793 1062 2845 ἐν
1102 2792 1387 2868 ῃνεύματι
1430 2793 1713 2847 υἱοθεσίαν
1761 2794 1856 2848 καὶ

250 2880 413 2951 χάριν
435 2883 528 2936 καὶ
553 2884 721 2952 τιμὴν
750 2884 953 2950 λαϐὼν,
985 2884 1081 2939 τοῦ
1118 2887 1496 2957 πνευματικὸς
1541 2883 1687 2942 εἶναι
1722 2905 1856 2942 κατ-

251 2974 522 3040 αξιοῦται.
569 2975 746 3048 Ὀρῶν
788 2977 844 3031 δι
888 2979 982 3034 τὸν
1003 2975 1322 3051 Νικόδημον
1346 2981 1857 3054 ἔτιθορυὸούμενον

251 3068 390 3137 φησι
422 3085 435 3099 ·
480 3088 499 3121 ι
541 3070 633 3139 Μὴ
669 3070 982 3145 θαυμάσῃς.
1031 3091 1051 3124 1
1085 3069 1222 3127 Εἶτα
1251 3075 1359 3128 ἀπὸ
1380 3075 1646 3146 αἰσθητοῦ
1672 3096 1856 3149 παρα-

1952 1860 2190 1929 Spiritus
2225 1859 2313 1912 ubi
2355 1857 2466 1910 vult
2499 1857 2694 1926 spirat,
2726 1864 2781 1909 et
2835 1868 3024 1908 vocem
3067 1852 3186 1920 ejus
3234 1851 3412 1913 audis,
3469 1849 3564 1904 scd

1952 1953 2134 2008 nescis
2169 1952 2312 2005 unde
2342 1951 2547 2013 veniat,
2585 1959 2638 2003 et
2679 1962 2789 2016 quo
2819 1947 3005 2002 vadat.
3032 1944 3124 2000 Sic
3159 1952 3244 1999 est
3270 1943 3452 1997 omnis
3472 1942 3563 2009 qui

1953 2058 2113 2102 natus
2144 2055 2225 2101 εει
2251 2061 2315 2100 ex
2352 2044 2586 2114 Spiritu.
2631 2061 2647 2093 I
2688 2042 2988 2097 Abducens
3022 2039 3288 2094 Dominus
3328 2034 3569 2091 Nicode-

1955 2155 2102 2194 mum
2139 2138 2396 2194 acarnali
2429 2136 2742 2201 nativitate,
2776 2135 2950 2190 dicit:
2991 2153 3010 2186 ι
3055 2132 3215 2199 Quod
3249 2141 3438 2186 natum
3483 2135 3569 2184 est

1953 2248 2020 2287 ex
2055 2246 2243 2297 carne,
2271 2245 2401 2285 caro
2433 2238 2547 2295 est;
2598 2238 2654 2283 et
2689 2228 2835 2298 quod
2881 2236 3068 2282 natum
3111 2237 3197 2282 est
3227 2241 3291 2280 ετ
3332 2223 3566 2292 Spiritu,

1954 2328 2180 2396 spiritus
2205 2339 2308 2381 est.
2342 2344 2360 2378 ι
2404 2322 2519 2378 lloc
2540 2333 2646 2390 est,
2679 2321 2980 2392 spiritualis
3012 2331 3096 2376 est
3127 2320 3317 2385 homo,
3344 2320 3437 2390 qui
3475 2333 3571 2373 na-

1956 2432 2045 2479 tus
2075 2432 2156 2478 est
2186 2437 2284 2490 per
2319 2420 2675 2491 baptismum.
2711 2417 2816 2474 Per
2871 2417 3128 2489 spiritum
3177 2416 3349 2482 enim,
3395 2413 3572 2484 spiri-

1961 2516 2161 2570 tualem
2190 2513 2499 2584 intelligere
2517 2515 2706 2569 debes.
2742 2510 2929 2582 Neque
2973 2512 3122 2567 enim
3153 2507 3400 2578 Spiritus
3436 2507 3576 2563 divi-

1959 2626 2064 2665 nus
2107 2610 2166 2664 lit
2210 2608 2549 2680 baptizatus,
2580 2609 2678 2663 sed
2736 2623 2860 2661 cum
2911 2605 3263 2674 adoptionem
3337 2601 3574 2658 ﬁliorum

1961 2705 2014 2758 in
2056 2701 2294 2768 S:-iritu,
2329 2713 2380 2755 et
2413 2703 2647 2772 gratiam
2676 2711 2731 2756 et
2765 2702 3036 2754 honorem
3072 2698 3407 2767 susceperit,
3462 2697 3574 2766 spi-

1963 2799 2179 2855 ritualis
2225 2812 2350 2853 csse
2401 2806 2668 2853 meretur.
2724 2794 2927 2850 Videns
2967 2804 3153 2850 autent
3214 2791 3574 2848 Nicodemum

1962 2895 2142 2950 adlmc
2181 2890 2516 2963 perturbari,
2561 2891 2735 2945 dicit:
2801 2908 2819 2940 ι
2869 2889 2949 2944 Νε
3011 2888 3250 2943 mireris.
3302 2905 3320 2939 ι
3369 2886 3577 2940 Deinde

1963 2987 2206 3044 sensibili
2227 2986 2476 3056 exemplo
2494 2984 2694 3042 docere
2713 3000 2836 3040 eum
2859 2991 3062 3040 teutat:
3099 3000 3118 3034 ι
3147 2979 3387 3050 Spiritus
3406 2978 3579 3040 enim,

1967 3082 2168 3155 inquit,
2197 3083 2287 3139 ubi
2341 3081 2480 3148 vult,
2521 3081 2715 3150 spirat.
2757 3099 2776 3132 ι
2825 3080 2870 3133 Α
2918 3086 3104 3142 vento,
3163 3073 3365 3146 inquit,
3425 3074 3581 3129 disce

251 3161 560 3241 δείγματος.
591 3167 857 3235 πειρᾶται
900 3166 1179 3222 διδάσκειν
1224 3169 1414 3223 αὐτόν.
1471 3189 1488 3222 ι
1525 3171 1600 3224 Τὸ
1633 3170 1857 3244 πνεῦμα

1970 3177 2200 3246 majora.
2256 3176 2461 3231 Ventus
2497 3175 2670 3238 enim,
2731 3188 2894 3242 quem
2956 3173 3058 3227 hoc
3133 3172 3258 3227 loco
3323 3171 3581 3241 Spiritum

253 3255 387 3324 γὰρ,
411 3257 600 3326 φησὶν,
632 3257 769 3311 ὅπου
804 3258 972 3324 Θέλει,
1007 3264 1156 3316 πνεῖ.
1198 3281 1217 3314 ι
1265 3263 1400 3316 Ἀπὸ
1437 3264 1667 3334 ἀνέμου,
1699 3268 1858 3336 φησὶ,

258 3351 498 3419 μάνθανε
549 3352 617 3406 τὰ
679 3356 924 3424 μείζονα.
969 3357 1026 3411 Ὀ
1084 3359 1196 3429 γὰρ
1249 3360 1453 3430 ἄνεμος
1490 3360 1707 3430 (τοῦτον
1742 3361 1852 3431 γὰρ

256 3447 495 3502 ἐνταῦΘὰ
524 3466 660 3516 φησι
693 3451 936 3521 πνεῦμα)
993 3453 1130 3507 ὅπου
1181 3454 1351 3516 ϐέλει,
1415 3459 1584 3508 πνεῖ·
1625 3457 1720 3509 καὶ
1769 3455 1864 3511 τδν

252 3535 389 3610 ἦχον
420 3540 585 3594 αὑτοῦ
611 3542 853 3608 ἀκούεις,
888 3544 1004 3598 ἀλλ’
1031 3546 1182 3612 ὅμως
1223 3546 1326 3599 οῦκ
1367 3542 1514 3610 οἶδας
1554 3548 1655 3618 τὴν
1682 3548 1863 3618 φορὰν

257 3635 445 3687 αὐτοῦ.
491 3635 822 3700 ’Λκάοεκτος
880 3639 990 3709 γάρ
1054 3642 1198 3706 ἐστι,
1249 3641 1344 3695 καὶ
1415 3641 1864 3702 ἀκώλυτοςμκαὶ

257 3733 461 3799 φυσικῇ
492 3730 710 3801 ἐξουσίᾳ
743 3733 843 3802 τὴν
867 3733 1195 3804 ὁποιδήποτε
1224 3734 1406 3804 ὁρμὴν
1441 3733 1579 3803 ἔχει,
1640 3736 1714 3788 T6
1781 3735 1862 3796 δὲ,

263 3841 284 3877 ι
321 3822 496 3876 Ὅπου
530 3823 678 3876 οέλει
722 3827 864 3887 πνεῖ,
915 3845 932 3876 ι
978 3828 1167 3895 φησὶν,
1202 3827 1301 3897 οὐχ
1336 3827 1412 3890 ὡς
1462 3827 1863 3897 προαιρετικοῦ

254 3916 410 3980 ὄντος
436 3916 532 3969 τοῦ
557 3917 649 3971 avg
661 3935 786 3986 μοι),
812 3918 907 3970 καὶ
926 3917 1147 3989 Θέλησιν
1169 3919 1407 3990 ἔχοντος.
1439 3921 1556 3973 ἀλλ’
1603 3921 1677 3983 ὡς
1701 3923 1861 3992 ἔφην.

255 4010 360 4080 τὴν
390 4011 500 4062 ἀπὸ
526 4010 744 4079 φύσεως
776 4010 926 4082 αὑτῴ
952 4012 1269 4083 προσοῦσαν
1318 4014 1495 4083 φορὰν
1524 4016 1618 4068 καὶ
1647 4014 1865 4069 ἀκώλυο

256 4121 350 4156 τον
374 4102 624 4167 ἐξουσίαν
658 4104 832 4171 δεῖξαι
861 4105 1212 4177 βουλόμενος.
1253 4109 1316 4160 El
1365 4105 1459 4161 οῦν
1494 4109 1587 4162 τὸν
1633 4108 1864 4180 ἄνεμον,

261 4196 421 4248 τοῦτο
451 4197 516 4267 δὴ
549 4199 612 4250 τὸ
661 4199 918 4268 αἰσθήσει
970 4199 1284 4253 ὑποπίπτον
1316 4200 1568 4271 πνεῦμα,
1621 4202 1863 4270 ἀγνοεῖς,

263 4289 382 4353 πῶς
417 4290 512 4343 καὶ
541 4291 646 4344 ποῦ
676 4294 820 4358 πνεῖ,
860 4291 979 4356 πῶς
1007 4293 1108 4363 τὴν
1138 4294 1250 4347 ἀπὸ
1280 4294 1375 4347 τοῦ
1416 4294 1565 4349 Οείου
1602 4295 1868 4364 Πνεῦμα·

260 4398 352 4444 τος
375 4383 744 4452 ἁναγὲννησιν
768 4387 1113 4458 περιεργάζῃ
1139 4405 1154 4451 ;
1183 4388 1246 4440 Et
1278 4387 1439 4440 τοῦτο
1459 4388 1518 4441 :6
1550 4388 1774 4457 πνεῦμα
1804 4389 1866 4441 οὐ

260 4475 487 4530 δύναται
528 4478 962 4549 κατασχεθῆναι,
1020 4482 1206 4553 πολλῷ
1245 4484 1451 4552 μᾶλλον
1484 4485 1515 4552 ἡ
1578 4484 1673 4537 τοῦ
1706 4484 1866 4552 ἁγίου

263 4569 584 4639 Πνεῦματος
618 4572 805 4644 χάρις,
845 4575 1035 4645 νόμοις
1084 4577 1304 4643 φύσεως
1336 4577 1434 4647 οὐχ
1493 4578 1868 4648 ὑπενεχθήσε-

261 4681 371 4719 ται.
437 4665 791 4737 Δίσχυνέσθω
859 4670 1201 4735 Μακεδόνιος
1267 4673 1296 4724 6
1375 4673 1871 4743 Ιινευματομάχος,

261 4759 359 4811 καὶ
394 4759 501 4828 πρὸ
546 4758 741 4813 τούτου
774 4760 1042 4832 Εὑνόμιος
1070 4779 1084 4793 ⁶
1131 4763 1159 4816 6
1217 4763 1318 4835 μὲν
1370 4765 1560 4819 δοῦλον
1604 4764 1779 4818 ποιῶν
1811 4765 1872 4818 :6

266 4850 519 4922 Πνεῦμα,
573 4854 754 4907 καίτοι
783 4873 846 4924 γε
891 4857 1132 4927 ἤκουσεν
1179 4857 1443 4925 ἐνταῦθα,
1494 4860 1577 4912 ὅτι
1633 4861 1873 4930 ’Ἄνεμος

261 4944 400 4998 ὅπου
434 4945 602 5011 θέλει,
656 4952 817 5003 πνεϊο
879 4950 1065 5022 πολλῷ
1110 4948 1204 5030 οῦν
1265 4953 1472 5022 μᾶλλον
1523 4951 1586 5005 :6
1646 4951 1874 5024 Πνεῦμα

263 5037 772 5115 αὑτεξουσιωτέραν
816 5042 929 5110 ἕξει
980 5045 1079 5115 τὴν
1136 5045 1374 5112 κίνησιν,
1411 5047 1507 5098 καὶ
1537 5047 1674 5099 ὅπου
1699 5046 1864 5112 Οὲλει,

265 5131 363 5185 καὶ
412 5132 490 5196 ὡς
518 5135 688 5202 θέλει,
747 5139 1036 5209 ἐνεργήσει
1139 5141 1166 5192 ὁ
1213 5140 1270 5192 δὲ
1301 5139 1576 5211 Εὑνόμιος
1635 5141 1781 5196 αῦτά
1812 5159 1872 5194 τε

264 5226 445 5282 ταῦτα
493 5231 761 5302 πρότερος
823 5231 1117 5304 ἁμαρτὼν,
1180 5236 1276 5287 καὶ
1320 5235 1530 5305 κτίσμα
1582 5235 1758 5288 εἰπὼν
1817 5236 1877 5288 τὸ

267 5324 518 5395 Πνεῦμα,
548 5325 645 5379 καὶ
675 5328 813 5398 πρός
837 5328 1514 5399 γε’ἀπαυοαδιασάμενος,
1566 5327 2069 5396 οῦτωγινώσκειν
2129 5331 2289 5393 Θεὸν,
2351 5329 2425 5393 ὡς
2485 5329 2681 5382 ἑαυτὸν
2737 5328 2926 5392 αὐτὸς.

1969 3279 2152 3333 vocat,
2210 3268 2299 3324 ubi
2333 3267 2469 3330 vult,
2526 3266 2743 3336 spirat:
2797 3275 2852 3320 et
2883 3280 3077 3319 sonum
3133 3262 3256 3334 ejus
3290 3264 3469 3325 audis.
3531 3272 3588 3316 et

1969 3362 2192 3432 ignoras
2224 3370 2406 3413 tamen
2454 3358 2599 3412 unde
2633 3358 2845 3411 feratur
2879 3376 2894 3423 ;
2934 3357 3126 3425 nequit
3156 3355 3301 3409 enim
3334 3369 3587 3425 compre-

1970 3452 2135 3507 hendi
2171 3451 2253 3506 vel
2283 3449 2605 3520 prohiberi;
2633 3449 2869 3503 naturali
2909 3449 3054 3503 enim
3089 3457 3362 3518 potestate
3414 3447 3589 3503 fertur

1972 3547 2025 3601 iu
2059 3542 2472 3618 aliquemﬁal
2496 3544 2674 3599 locum
2701 3543 2996 3599 incertum.
3041 3543 3316 3599 Cancrum
3354 3543 3446 3596 ubi
3475 3541 3586 3596 vult

1971 3643 2170 3708 spirat,
2205 3640 2408 3707 inquit,
2444 3654 2550 3692 non
2583 3639 2729 3707 quod
2762 3647 2956 3692 ientus
2981 3637 3324 3692 voluntatem
3365 3637 3586 3699 habeat,

1970 3733 2090 3799 sed,
2131 3742 2194 3787 ut
2231 3731 2367 3793 dixi.
2407 3747 2434 3785 a
2471 3740 2668 3785 natura
2696 3731 2865 3786 indita
2897 3732 2968 3784 illi
3013 3741 3258 3800 poteSIas
3288 3746 3410 3799 quae
3463 3746 3591 3802 pro-

1973 3825 2150 3881 hiberi
2206 3825 2417 3894 nequit,
2459 3824 2796 3879 ostenditur.
2851 3823 2906 3876 Si
2970 3822 3137 3893 igitur
3185 3833 3442 3888 ventum,
3496 3824 3591 3892 qui

1973 3921 2196 3988 spiritus
2217 3929 2300 3974 est
2327 3919 2585 3974 sensibus
2608 3908 2910 3986 subjectus,
2950 3918 3196 3989 ignoras,
3228 3921 3505 3987 qttomodo
3536 3928 3590 3970 ct

1973 4030 2079 4083 quo
2103 4017 2294 4084 spiret,
2316 4015 2592 4083 quomodo
2623 4014 3100 4084 regenerationem
3123 4028 3150 4066 a
3174 4014 3360 4069 divino
3380 4011 3590 4082 Spiritu

1973 4108 2244 4164 curiosius
2279 4107 2550 4175 inquiris?
2582 4107 2640 4161 Si
2675 4107 2761 4161 hic
2791 4107 3018 4176 spiritus
3053 4106 3452 4178 comprehendi
3491 4124 3592 4160 ιιι·-

1973 4201 2113 4270 qnit,
2148 4201 2321 4255 multo
2352 4202 2533 4254 mith
2566 4200 2742 4254 sancti
2776 4200 3015 4267 Spiritus
3038 4199 3213 4270 gratia
3248 4199 3463 4269 legibus
3494 4217 3594 4253 na-

1972 4302 2111 4348 turze
2144 4293 2436 4348 sphdetur.
2493 4292 2878 4347 Cont‘undatur
2938 4291 3315 4357 Macedonius,
3352 4291 3595 4362 Spiritus

1974 4398 2339 4457 Oppugnator,
2367 4395 2420 4440 et
2451 4385 2870 4454 quiantecessit
2916 4385 3067 4438 illum
3113 4385 3440 4439 Eunontins.
3505 4385 3598 4440 lile

1976 4481 2122 4534 enim
2159 4496 2382 4534 servum
2413 4478 2545 4533 facit
2575 4478 2868 4547 Spiritum,
2900 4479 3155 4547 quamvis
3205 4480 3450 4533 audierit
3489 4480 3594 4534 hoc

1980 4575 2102 4630 loco
2164 4574 2309 4643 quod
2361 4583 2560 4628 ventus
2619 4589 2728 4644 qtto
2781 4573 2898 4627 vult
2957 4574 3152 4642 spirat,
3205 4575 3377 4629 multo
3434 4574 3600 4644 igitur

1978 4671 2150 4740 magis
2189 4669 2433 4740 Spiritus
2457 4679 2683 4725 sanctus
2712 4667 3034 4724 liberiorem
3075 4667 3243 4723 habet
3273 4669 3597 4732 motionem,

1980 4775 2032 4820 et
2077 4781 2189 4835 quo
2227 4765 2361 4828 vult,
2415 4774 2470 4819 et
2503 4766 2664 4819 sicut
2703 4763 2840 4830 vult,
2894 4763 3237 4833 epcrabitur.
3297 4763 3604 4817 Eunomins

1979 4874 2112 4914 vero
2147 4861 2199 4911 in
2231 4858 2324 4911 illo
2359 4860 2474 4928 ipso
2504 4873 2764 4927 peccans,
2800 4867 2855 4912 et
2889 4866 3201 4913 creaturam
3244 4857 3387 4911 dixit
3423 4855 3603 4926 Spiri-

1981 4962 2115 5018 tum,
2144 4964 2192 5007 et
2235 4952 2288 5005 in
2331 4963 2536 5006 tantam
2572 4954 2823 5022 pervenit
2869 4953 3265 5021 pervicaciam,
3316 4953 3472 5018 quasi
3507 4966 3604 5005 co-

1982 5058 2274 5118 gnoscerct
2309 5045 2478 5113 Deum
2518 5048 2662 5102 sicut
2695 5048 2811 5116 ipse
2857 5047 3129 5117 seipsum.
3192 5045 3393 5099 Audiat
3435 5045 3605 5115 igitur

1987 5145 2131 5209 quod
2168 5142 2346 5210 neque
2382 5143 2529 5196 venti
2561 5141 2824 5210 impetum
2859 5156 3038 5211 neq-Ie
3064 5140 3403 5195 tinetuseiat.
3447 5138 3604 5206 Quo-

1992 5237 2153 5289 modo
2200 5237 2363 5306 igitur
2399 5235 2490 5290 Dei
2548 5236 2920 5291 substantiam
2953 5242 3248 5305 cognoscet
3294 5233 3605 5301 impostor?

3002 5329 3283 5381 Ἀκουὲτω
3336 5326 3456 5393 οῦν,
3521 5329 3604 5380 ὃτι

263 5422 388 5476 οὐδὲ
442 5421 531 5474 τοῦ
562 5422 771 5492 ἀνέμου
827 5423 926 5493 τὴν
977 5423 1177 5492 φορὰν,
1239 5426 1334 5476 καὶ
1364 5423 1466 5492 τὴν
1499 5425 1681 5495 ὁρμὴν
1713 5421 1824 5477 οἶδε
1854 5442 1868 5457 ο
1941 5424 2059 5488 πῶς
2094 5425 2189 5480 οῦν
2214 5425 2352 5480 Θεοῦ
2388 5426 2582 5490 οὐσίας
2618 5425 2999 5496 κατατολμᾷς,
3039 5424 3319 5494 ἀλιτήριε.

350 5534 368 5567 ι
420 5516 728 5587 Ἀπεκρίθη
776 5514 1117 5586 Νικόδημος,
1166 5517 1262 5570 καὶ
1316 5513 1473 5570 εἶπεν
1509 5515 1692 5587 αὐτῷ’
1753 5515 1878 5581 [Ιῶς

262 5607 493 5664 δύναται
540 5609 718 5665 ταῦτα
760 5607 1054 5676 γενέσθαι;
1100 5608 1407 5680 Ἀπεκρίθη
1476 5609 1726 5680 Ἰησοῦς,
1784 5613 1878 5666 καὶ

262 5702 421 5759 εἴπεν
469 5704 623 5776 αὐτῷ
650 5722 662 5735 ο
713 5702 787 5756 Σὺ
823 5695 875 5754 εἷ
910 5702 941 5755 6
986 5700 1312 5766 διδάσκοι).ος
1347 5704 1442 5758 τοῦ
1491 5706 1710 5778 Ἰσραὴλ
1736 5747 1748 5768 ,
1784 5707 1881 5759 καὶ

262 5798 436 5852 ταῦτα
469 5797 531 5847 οὐ
586 5795 926 5860 γινώσκειςς
971 5793 1171 5867 Ἀμὴν,
1216 5796 1366 5868 ἀμὴν
1414 5797 1561 5866 λέγω
1595 5815 1699 5866 σοι,
1735 5800 1817 5852 ὅτι
1851 5797 1879 5850 ὂ

257 5892 509 5953 ,,ἱ’6αμεν,
539 5883 814 5956 λαλοῦμεν
837 5927 850 5952 ,
878 5888 972 5941 καὶ
1003 5887 1031 5941 ὂ
1061 5889 1418 5961 ἑωράκαμεν,
1450 5893 1869 5965 μαρτυροῦμεν,

260 5980 357 6031 καὶ
389 5980 489 6054 την
525 5981 841 6054 μαρτυρίαν
886 5983 1046 6054 ἡμῶν
1077 5986 1138 6040 οὐ
1178 5986 1514 6059 λαμϐάνετε.
1559 5991 1616 6044 ΕΞ
1652 5991 1717 6044 τὰ
1749 5990 1866 6044 ἐπί-

2063 5521 2228 5576 Vens.
2268 5521 2422 5577 9-l‘2.
2459 5521 2767 5590 Respondit
2804 5520 3161 5581 Nicodemus,
3195 5531 3252 5576 et
3301 5520 3433 5575 dixit
3483 5521 3531 5574 ei
3587 5537 3601 5571 :

1986 5617 2281 5683 Quomodo
2337 5628 2572 5686 possunt
2624 5618 2739 5671 lure
2794 5617 2952 5671 ﬁeri?
2990 5616 3294 5686 Respondit
3337 5615 3517 5679 Jesus,
3552 5625 3602 5668 ct

1986 5712 2126 5765 dixit
2156 5730 2169 5766 :
2205 5711 2284 5765 Tu
2314 5727 2374 5768 es
2411 5712 2500 5766 ille
2534 5714 2796 5783 magister
2849 5710 3086 5775 lsraclis,
3116 5721 3170 5765 ct
3204 5712 3316 5764 lure
3349 5709 3609 5780 ignoras?

1988 5809 2184 5871 Amen,
2212 5819 2371 5860 amen
2417 5807 2538 5860 dico
2569 5806 2688 5869 tibi,
2713 5805 2856 5874 quod
2889 5806 3115 5867 scimus,
3169 5803 3446 5874 loquimur
3501 5822 3513 5858 :
3551 5812 3606 5857 et

1988 5899 2134 5966 quod
2183 5898 2441 5961 vidimus,
2490 5907 2800 5952 testamur:
2847 5906 2900 5950 et
2944 5895 3323 5949 testimonium
3355 5905 3602 5950 nostrum

1985 6006 2094 6047 non
2130 5992 2406 6063 artipitis.
2440 5990 2497 6046 Si
2534 6003 2754 6048 terrena
2777 5990 2892 6048 dixi
2923 5992 3102 6058 vobis,
3129 6001 3312 6050 etnon
3340 5993 3601 6051 creditis:
