  <div class='ocr_page' id='page_1' title='image "/cluster/home/n/w/nwhite01/storage/ocr_20150623/123/nnc1.0046979670/644.png"; bbox 0 0 4218 6424; ppageno 0'>
   <div class='ocr_carea' id='block_1_1' title="bbox 233 439 375 507">
    <p class='ocr_par' dir='ltr' id='par_1_1' title="bbox 233 439 375 507">
     <span class='ocr_line' id='line_1_1' title="bbox 233 439 375 507; baseline -0.014 0"><span class='ocrx_word' id='word_1_1' title='bbox 233 439 375 507; x_wconf 74' lang='grc' dir='ltr'><strong>ιεοο</strong></span> 
     </span>
    </p>
   </div>
   <div class='ocr_carea' id='block_1_2' title="bbox 913 421 2804 498">
    <p class='ocr_par' dir='ltr' id='par_1_2' title="bbox 913 421 2804 498">
     <span class='ocr_line' id='line_1_2' title="bbox 913 421 2804 498; baseline -0.001 -2"><span class='ocrx_word' id='word_1_2' title='bbox 913 421 1362 496; x_wconf 80' lang='lat' dir='ltr'><strong>ENARRATIO</strong></span> <span class='ocrx_word' id='word_1_3' title='bbox 1392 431 1474 494; x_wconf 82' lang='lat' dir='ltr'><strong>IN</strong></span> <span class='ocrx_word' id='word_1_4' title='bbox 1507 432 2022 496; x_wconf 82' lang='lat' dir='ltr'><strong>EVANGELIUM</strong></span> <span class='ocrx_word' id='word_1_5' title='bbox 2048 432 2472 497; x_wconf 81' lang='lat' dir='ltr'><strong>JOANNIS.-</strong></span> <span class='ocrx_word' id='word_1_6' title='bbox 2498 433 2662 498; x_wconf 77' lang='lat' dir='ltr'><strong>CAP.</strong></span> <span class='ocrx_word' id='word_1_7' title='bbox 2687 433 2804 496; x_wconf 86' lang='lat' dir='ltr'><strong>III.</strong></span> 
     </span>
    </p>
   </div>
   <div class='ocr_carea' id='block_1_3' title="bbox 3390 405 3579 496">
    <p class='ocr_par' dir='ltr' id='par_1_3' title="bbox 3390 405 3579 496">
     <span class='ocr_line' id='line_1_3' title="bbox 3390 405 3579 496; baseline -0.005 0"><span class='ocrx_word' id='word_1_8' title='bbox 3390 405 3579 496; x_wconf 72' lang='lat' dir='ltr'><strong>tato“</strong></span> 
     </span>
    </p>
   </div>
   <div class='ocr_carea' id='block_1_4' title="bbox 227 550 1835 627">
    <p class='ocr_par' dir='ltr' id='par_1_4' title="bbox 227 550 1820 627">
     <span class='ocr_line' id='line_1_4' title="bbox 227 550 1820 627; baseline -0.006 -10"><span class='ocrx_word' id='word_1_9' title='bbox 227 563 344 617; x_wconf 80' lang='grc' dir='ltr'><strong>εστι</strong></span> <span class='ocrx_word' id='word_1_10' title='bbox 360 560 548 616; x_wconf 76' lang='grc' dir='ltr'><strong>λοιπὸν</strong></span> <span class='ocrx_word' id='word_1_11' title='bbox 574 557 634 612; x_wconf 76' lang='grc' dir='ltr'><strong>ὲν</strong></span> <span class='ocrx_word' id='word_1_12' title='bbox 652 552 891 627; x_wconf 84' lang='grc' dir='ltr'><strong>οὐρανῷ,</strong></span> <span class='ocrx_word' id='word_1_13' title='bbox 921 552 1108 625; x_wconf 78' lang='grc' dir='ltr'><strong>φησὶν,</strong></span> <span class='ocrx_word' id='word_1_14' title='bbox 1139 571 1158 604; x_wconf 78' lang='grc' dir='ltr'><strong>ι</strong></span> <span class='ocrx_word' id='word_1_15' title='bbox 1181 553 1244 606; x_wconf 88' lang='lat'><strong>&#39;0</strong></span> <span class='ocrx_word' id='word_1_16' title='bbox 1262 551 1338 606; x_wconf 83' lang='grc' dir='ltr'><strong>ὢν</strong></span> <span class='ocrx_word' id='word_1_17' title='bbox 1356 555 1414 606; x_wconf 77' lang='grc' dir='ltr'><strong>έν</strong></span> <span class='ocrx_word' id='word_1_18' title='bbox 1440 552 1519 624; x_wconf 82' lang='grc' dir='ltr'><strong>τῷ</strong></span> <span class='ocrx_word' id='word_1_19' title='bbox 1546 550 1820 624; x_wconf 76' lang='grc' dir='ltr'><strong>οὐρανῷ.»</strong></span> 
     </span>
    </p>
   </div>
   <div class='ocr_carea' id='block_1_5' title="bbox 1941 550 3536 627">
    <p class='ocr_par' dir='ltr' id='par_1_5' title="bbox 1941 552 3536 625">
     <span class='ocr_line' id='line_1_5' title="bbox 1941 552 3536 625; baseline 0.003 -17"><span class='ocrx_word' id='word_1_20' title='bbox 1941 554 2027 625; x_wconf 76' lang='lat' dir='ltr'><strong>qui</strong></span> <span class='ocrx_word' id='word_1_21' title='bbox 2075 563 2161 611; x_wconf 83' lang='lat' dir='ltr'><strong>est</strong></span> <span class='ocrx_word' id='word_1_22' title='bbox 2205 555 2260 610; x_wconf 90' lang='lat' dir='ltr'><strong>in</strong></span> <span class='ocrx_word' id='word_1_23' title='bbox 2319 554 2480 612; x_wconf 73' lang='lat' dir='ltr'><strong>cmlo.</strong></span> <span class='ocrx_word' id='word_1_24' title='bbox 2523 574 2544 610; x_wconf 77' lang='grc' dir='ltr'><strong>ι</strong></span> <span class='ocrx_word' id='word_1_25' title='bbox 2578 553 2703 610; x_wconf 83' lang='lat' dir='ltr'><strong>Noli</strong></span> <span class='ocrx_word' id='word_1_26' title='bbox 2758 552 2905 611; x_wconf 90' lang='lat' dir='ltr'><strong>cnim</strong></span> <span class='ocrx_word' id='word_1_27' title='bbox 2936 552 3208 623; x_wconf 83' lang='lat' dir='ltr'><strong>suspicari</strong></span> <span class='ocrx_word' id='word_1_28' title='bbox 3263 568 3353 609; x_wconf 91' lang='lat' dir='ltr'><strong>me</strong></span> <span class='ocrx_word' id='word_1_29' title='bbox 3407 568 3536 625; x_wconf 83' lang='lat' dir='ltr'><strong>pro-</strong></span> 
     </span>
    </p>
   </div>
   <div class='ocr_carea' id='block_1_6' title="bbox 224 642 1824 726">
    <p class='ocr_par' dir='ltr' id='par_1_6' title="bbox 224 642 1824 726">
     <span class='ocr_line' id='line_1_6' title="bbox 224 642 1824 726; baseline -0.008 -18"><span class='ocrx_word' id='word_1_30' title='bbox 224 653 320 726; x_wconf 69' lang='lat' dir='ltr'><strong>Mij</strong></span> <span class='ocrx_word' id='word_1_31' title='bbox 373 654 486 724; x_wconf 84' lang='grc' dir='ltr'><strong>γάρ</strong></span> <span class='ocrx_word' id='word_1_32' title='bbox 527 651 594 719; x_wconf 78' lang='grc' dir='ltr'><strong>δὴ</strong></span> <span class='ocrx_word' id='word_1_33' title='bbox 631 645 822 717; x_wconf 70' lang='grc' dir='ltr'><strong>ἐπειδὴ</strong></span> <span class='ocrx_word' id='word_1_34' title='bbox 869 646 1136 717; x_wconf 82' lang='grc' dir='ltr'><strong>ἡκούσας,</strong></span> <span class='ocrx_word' id='word_1_35' title='bbox 1174 644 1258 698; x_wconf 87' lang='grc' dir='ltr'><strong>ὅτι</strong></span> <span class='ocrx_word' id='word_1_36' title='bbox 1291 642 1552 713; x_wconf 76' lang='grc' dir='ltr'><strong>κατέϐην,</strong></span> <span class='ocrx_word' id='word_1_37' title='bbox 1589 644 1824 716; x_wconf 72' lang='grc' dir='ltr'><strong>νομίσῃς</strong></span> 
     </span>
    </p>
   </div>
   <div class='ocr_carea' id='block_1_7' title="bbox 228 735 1826 819">
    <p class='ocr_par' dir='ltr' id='par_1_7' title="bbox 228 735 1826 819">
     <span class='ocr_line' id='line_1_7' title="bbox 228 735 1826 819; baseline -0.008 -18"><span class='ocrx_word' id='word_1_38' title='bbox 228 747 307 819; x_wconf 79' lang='grc' dir='ltr'><strong>μὴ</strong></span> <span class='ocrx_word' id='word_1_39' title='bbox 342 741 484 799; x_wconf 78' lang='grc' dir='ltr'><strong>εἷναί</strong></span> <span class='ocrx_word' id='word_1_40' title='bbox 518 760 586 811; x_wconf 82' lang='grc' dir='ltr'><strong>με</strong></span> <span class='ocrx_word' id='word_1_41' title='bbox 632 740 730 794; x_wconf 75' lang='grc' dir='ltr'><strong>καὶ</strong></span> <span class='ocrx_word' id='word_1_42' title='bbox 758 740 906 793; x_wconf 77' lang='grc' dir='ltr'><strong>ἐκεῖ·</strong></span> <span class='ocrx_word' id='word_1_43' title='bbox 944 737 1084 793; x_wconf 82' lang='grc' dir='ltr'><strong>ἀλλὰ</strong></span> <span class='ocrx_word' id='word_1_44' title='bbox 1113 735 1396 790; x_wconf 79' lang='grc' dir='ltr'><strong>κάνταῦθα</strong></span> <span class='ocrx_word' id='word_1_45' title='bbox 1435 736 1675 807; x_wconf 86' lang='grc' dir='ltr'><strong>πάρειμι</strong></span> <span class='ocrx_word' id='word_1_46' title='bbox 1718 752 1826 789; x_wconf 86' lang='grc' dir='ltr'><strong>σω-</strong></span> 
     </span>
    </p>
   </div>
   <div class='ocr_carea' id='block_1_8' title="bbox 229 828 1662 911">
    <p class='ocr_par' dir='ltr' id='par_1_8' title="bbox 229 828 1662 911">
     <span class='ocr_line' id='line_1_8' title="bbox 229 828 1662 911; baseline -0.008 -19"><span class='ocrx_word' id='word_1_47' title='bbox 229 835 696 911; x_wconf 76' lang='grc' dir='ltr'><strong>ματικῶς,·κακεῖ</strong></span> <span class='ocrx_word' id='word_1_48' title='bbox 732 830 1095 901; x_wconf 84' lang='grc' dir='ltr'><strong>συγκάθημαι</strong></span> <span class='ocrx_word' id='word_1_49' title='bbox 1122 828 1200 900; x_wconf 81' lang='grc' dir='ltr'><strong>τῷ</strong></span> <span class='ocrx_word' id='word_1_50' title='bbox 1232 829 1414 899; x_wconf 72' lang='lat' dir='ltr'><strong>lla.th</strong></span> <span class='ocrx_word' id='word_1_51' title='bbox 1440 828 1662 892; x_wconf 84' lang='grc' dir='ltr'><strong>θεῖκῶς.</strong></span> 
     </span>
    </p>
   </div>
   <div class='ocr_carea' id='block_1_9' title="bbox 310 920 1822 993">
    <p class='ocr_par' dir='ltr' id='par_1_9' title="bbox 310 920 1822 993">
     <span class='ocr_line' id='line_1_9' title="bbox 310 920 1822 993; baseline -0.006 -10"><span class='ocrx_word' id='word_1_52' title='bbox 310 950 329 983; x_wconf 81' lang='grc' dir='ltr'><strong>ι</strong></span> <span class='ocrx_word' id='word_1_53' title='bbox 367 930 475 984; x_wconf 76' lang='grc' dir='ltr'><strong>Καὶ</strong></span> <span class='ocrx_word' id='word_1_54' title='bbox 498 925 685 990; x_wconf 87' lang='grc' dir='ltr'><strong>καθὼς</strong></span> <span class='ocrx_word' id='word_1_55' title='bbox 711 925 920 993; x_wconf 84' lang='grc' dir='ltr'><strong>Μωσῆς</strong></span> <span class='ocrx_word' id='word_1_56' title='bbox 943 922 1128 993; x_wconf 56' lang='lat' dir='ltr'><strong>Oti/tuae</strong></span> <span class='ocrx_word' id='word_1_57' title='bbox 1159 921 1252 974; x_wconf 83' lang='grc' dir='ltr'><strong>τὸν</strong></span> <span class='ocrx_word' id='word_1_58' title='bbox 1277 920 1402 991; x_wconf 82' lang='grc' dir='ltr'><strong>δφιν</strong></span> <span class='ocrx_word' id='word_1_59' title='bbox 1429 921 1489 973; x_wconf 81' lang='grc' dir='ltr'><strong>ὲν</strong></span> <span class='ocrx_word' id='word_1_60' title='bbox 1511 923 1578 990; x_wconf 84' lang='grc' dir='ltr'><strong>τῇ</strong></span> <span class='ocrx_word' id='word_1_61' title='bbox 1608 921 1822 992; x_wconf 74' lang='grc' dir='ltr'><strong>έρὴμῳ,</strong></span> 
     </span>
    </p>
   </div>
   <div class='ocr_carea' id='block_1_10' title="bbox 226 1013 1825 1091">
    <p class='ocr_par' dir='ltr' id='par_1_10' title="bbox 226 1013 1825 1091">
     <span class='ocr_line' id='line_1_10' title="bbox 226 1013 1825 1091; baseline -0.008 -13"><span class='ocrx_word' id='word_1_62' title='bbox 226 1024 402 1086; x_wconf 72' lang='grc' dir='ltr'><strong>οὕτως</strong></span> <span class='ocrx_word' id='word_1_63' title='bbox 435 1021 720 1091; x_wconf 70' lang='grc' dir='ltr'><strong>ὑψωθῆναι</strong></span> <span class='ocrx_word' id='word_1_64' title='bbox 742 1020 824 1073; x_wconf 78' lang='grc' dir='ltr'><strong>δεῖ</strong></span> <span class='ocrx_word' id='word_1_65' title='bbox 842 1018 936 1070; x_wconf 82' lang='grc' dir='ltr'><strong>τὸν</strong></span> <span class='ocrx_word' id='word_1_66' title='bbox 964 1017 1094 1070; x_wconf 82' lang='grc' dir='ltr'><strong>Υίδν</strong></span> <span class='ocrx_word' id='word_1_67' title='bbox 1114 1015 1210 1068; x_wconf 86' lang='grc' dir='ltr'><strong>τοῦ</strong></span> <span class='ocrx_word' id='word_1_68' title='bbox 1235 1013 1529 1085; x_wconf 74' lang='grc' dir='ltr'><strong>ανθρώπου</strong></span> <span class='ocrx_word' id='word_1_69' title='bbox 1552 1030 1567 1044; x_wconf 89' lang='grc'><strong>·</strong></span> <span class='ocrx_word' id='word_1_70' title='bbox 1601 1013 1689 1067; x_wconf 81' lang='grc' dir='ltr'><strong>ἵνα</strong></span> <span class='ocrx_word' id='word_1_71' title='bbox 1716 1015 1825 1078; x_wconf 78' lang='grc' dir='ltr'><strong>πᾶς</strong></span> 
     </span>
    </p>
   </div>
   <div class='ocr_carea' id='block_1_11' title="bbox 225 1107 1825 1180">
    <p class='ocr_par' dir='ltr' id='par_1_11' title="bbox 225 1107 1825 1180">
     <span class='ocr_line' id='line_1_11' title="bbox 225 1107 1825 1180; baseline -0.007 -9"><span class='ocrx_word' id='word_1_72' title='bbox 225 1120 253 1171; x_wconf 95' lang='lat'><strong>6</strong></span> <span class='ocrx_word' id='word_1_73' title='bbox 296 1114 571 1175; x_wconf 76' lang='grc' dir='ltr'><strong>πιστεύων</strong></span> <span class='ocrx_word' id='word_1_74' title='bbox 601 1115 682 1176; x_wconf 81' lang='grc' dir='ltr'><strong>εἰς</strong></span> <span class='ocrx_word' id='word_1_75' title='bbox 711 1110 876 1165; x_wconf 74' lang='grc' dir='ltr'><strong>αὑτὸν</strong></span> <span class='ocrx_word' id='word_1_76' title='bbox 925 1109 1001 1180; x_wconf 82' lang='grc' dir='ltr'><strong>μὴ</strong></span> <span class='ocrx_word' id='word_1_77' title='bbox 1044 1109 1371 1180; x_wconf 78' lang='grc' dir='ltr'><strong>ἀπόλληται,</strong></span> <span class='ocrx_word' id='word_1_78' title='bbox 1405 1108 1522 1162; x_wconf 82' lang='grc' dir='ltr'><strong>ἀλλ’</strong></span> <span class='ocrx_word' id='word_1_79' title='bbox 1555 1107 1654 1179; x_wconf 79' lang='grc' dir='ltr'><strong>ἔχῃ</strong></span> <span class='ocrx_word' id='word_1_80' title='bbox 1679 1108 1825 1178; x_wconf 77' lang='grc' dir='ltr'><strong>ζωὴν</strong></span> 
     </span>
    </p>
   </div>
   <div class='ocr_carea' id='block_1_12' title="bbox 227 1197 1825 1279">
    <p class='ocr_par' dir='ltr' id='par_1_12' title="bbox 227 1197 1825 1279">
     <span class='ocr_line' id='line_1_12' title="bbox 227 1197 1825 1279; baseline -0.006 -17"><span class='ocrx_word' id='word_1_81' title='bbox 227 1208 466 1262; x_wconf 78' lang='grc' dir='ltr'><strong>αιώνιον.</strong></span> <span class='ocrx_word' id='word_1_82' title='bbox 507 1226 526 1258; x_wconf 71' lang='grc' dir='ltr'><strong>ι</strong></span> <span class='ocrx_word' id='word_1_83' title='bbox 569 1197 855 1279; x_wconf 74' lang='grc' dir='ltr'><strong>Πρὸειπὼν</strong></span> <span class='ocrx_word' id='word_1_84' title='bbox 887 1202 1020 1270; x_wconf 82' lang='grc' dir='ltr'><strong>περὶ</strong></span> <span class='ocrx_word' id='word_1_85' title='bbox 1061 1202 1162 1271; x_wconf 82' lang='grc' dir='ltr'><strong>τῆς</strong></span> <span class='ocrx_word' id='word_1_86' title='bbox 1193 1202 1285 1254; x_wconf 83' lang='grc' dir='ltr'><strong>διὰ</strong></span> <span class='ocrx_word' id='word_1_87' title='bbox 1305 1201 1402 1254; x_wconf 85' lang='grc' dir='ltr'><strong>τοῦ</strong></span> <span class='ocrx_word' id='word_1_88' title='bbox 1445 1201 1825 1272; x_wconf 75' lang='grc' dir='ltr'><strong>βαπτίσματος</strong></span> 
     </span>
    </p>
   </div>
   <div class='ocr_carea' id='block_1_13' title="bbox 225 1280 1824 1369">
    <p class='ocr_par' dir='ltr' id='par_1_13' title="bbox 225 1280 1824 1369">
     <span class='ocr_line' id='line_1_13' title="bbox 225 1280 1824 1369; baseline -0.006 -13"><span class='ocrx_word' id='word_1_89' title='bbox 225 1280 868 1369; x_wconf 40' lang='grc' dir='ltr'><strong>ἀναγεννὴσεωςλλέγει</strong></span> <span class='ocrx_word' id='word_1_90' title='bbox 914 1294 1104 1362; x_wconf 76' lang='grc' dir='ltr'><strong>λοιπὸν</strong></span> <span class='ocrx_word' id='word_1_91' title='bbox 1151 1295 1249 1347; x_wconf 76' lang='grc' dir='ltr'><strong>καὶ</strong></span> <span class='ocrx_word' id='word_1_92' title='bbox 1293 1295 1422 1365; x_wconf 69' lang='grc' dir='ltr'><strong>περὶ</strong></span> <span class='ocrx_word' id='word_1_93' title='bbox 1458 1295 1558 1364; x_wconf 84' lang='grc' dir='ltr'><strong>τῆς</strong></span> <span class='ocrx_word' id='word_1_94' title='bbox 1598 1293 1687 1347; x_wconf 76' lang='grc' dir='ltr'><strong>διὰ</strong></span> <span class='ocrx_word' id='word_1_95' title='bbox 1728 1291 1824 1346; x_wconf 87' lang='grc' dir='ltr'><strong>τοῦ</strong></span> 
     </span>
    </p>
   </div>
   <div class='ocr_carea' id='block_1_14' title="bbox 228 1387 1828 1464">
    <p class='ocr_par' dir='ltr' id='par_1_14' title="bbox 228 1387 1828 1464">
     <span class='ocr_line' id='line_1_14' title="bbox 228 1387 1828 1464; baseline -0.005 -16"><span class='ocrx_word' id='word_1_96' title='bbox 228 1393 469 1464; x_wconf 86' lang='grc' dir='ltr'><strong>σταυροῦ</strong></span> <span class='ocrx_word' id='word_1_97' title='bbox 501 1391 802 1461; x_wconf 83' lang='grc' dir='ltr'><strong>γενομένης</strong></span> <span class='ocrx_word' id='word_1_98' title='bbox 845 1391 984 1458; x_wconf 84' lang='grc' dir='ltr'><strong>ἡμῖν</strong></span> <span class='ocrx_word' id='word_1_99' title='bbox 1013 1389 1360 1458; x_wconf 73' lang='grc' dir='ltr'><strong>εὐεργεσίας.</strong></span> <span class='ocrx_word' id='word_1_100' title='bbox 1411 1388 1472 1442; x_wconf 84' lang='grc' dir='ltr'>Ὀ</span> <span class='ocrx_word' id='word_1_101' title='bbox 1505 1387 1617 1457; x_wconf 79' lang='grc' dir='ltr'><strong>γὰρ</strong></span> <span class='ocrx_word' id='word_1_102' title='bbox 1659 1404 1828 1441; x_wconf 88' lang='grc' dir='ltr'><strong>σταυ-</strong></span> 
     </span>
    </p>
   </div>
   <div class='ocr_carea' id='block_1_15' title="bbox 229 1478 1827 1557">
    <p class='ocr_par' dir='ltr' id='par_1_15' title="bbox 229 1478 1827 1557">
     <span class='ocr_line' id='line_1_15' title="bbox 229 1478 1827 1557; baseline -0.005 -19"><span class='ocrx_word' id='word_1_103' title='bbox 229 1487 324 1557; x_wconf 71' lang='grc' dir='ltr'><strong>ρὸς</strong></span> <span class='ocrx_word' id='word_1_104' title='bbox 345 1527 359 1548; x_wconf 91' lang='grc'><strong>,</strong></span> <span class='ocrx_word' id='word_1_105' title='bbox 391 1487 485 1538; x_wconf 82' lang='grc' dir='ltr'><strong>καὶ</strong></span> <span class='ocrx_word' id='word_1_106' title='bbox 510 1485 538 1535; x_wconf 91' lang='lat'><strong>6</strong></span> <span class='ocrx_word' id='word_1_107' title='bbox 563 1482 816 1544; x_wconf 81' lang='grc' dir='ltr'><strong>θάνατος,</strong></span> <span class='ocrx_word' id='word_1_108' title='bbox 857 1480 1032 1544; x_wconf 83' lang='grc' dir='ltr'><strong>αἴτιος</strong></span> <span class='ocrx_word' id='word_1_109' title='bbox 1055 1482 1202 1550; x_wconf 78' lang='grc' dir='ltr'><strong>-ήμῖν</strong></span> <span class='ocrx_word' id='word_1_110' title='bbox 1243 1480 1345 1549; x_wconf 87' lang='grc' dir='ltr'><strong>τῆς</strong></span> <span class='ocrx_word' id='word_1_111' title='bbox 1375 1480 1464 1533; x_wconf 78' lang='grc' dir='ltr'><strong>διὰ</strong></span> <span class='ocrx_word' id='word_1_112' title='bbox 1495 1479 1590 1533; x_wconf 87' lang='grc' dir='ltr'><strong>τοῦ</strong></span> <span class='ocrx_word' id='word_1_113' title='bbox 1628 1478 1827 1549; x_wconf 80' lang='grc' dir='ltr'><strong>βαπτίο</strong></span> 
     </span>
    </p>
   </div>
   <div class='ocr_carea' id='block_1_16' title="bbox 226 1569 1826 1646">
    <p class='ocr_par' dir='ltr' id='par_1_16' title="bbox 226 1569 1826 1646">
     <span class='ocr_line' id='line_1_16' title="bbox 226 1569 1826 1646; baseline -0.006 -14"><span class='ocrx_word' id='word_1_114' title='bbox 226 1583 438 1646; x_wconf 82' lang='grc' dir='ltr'><strong>σματός</strong></span> <span class='ocrx_word' id='word_1_115' title='bbox 465 1574 710 1645; x_wconf 84' lang='grc' dir='ltr'><strong>χάριτος,</strong></span> <span class='ocrx_word' id='word_1_116' title='bbox 744 1573 859 1640; x_wconf 75' lang='grc' dir='ltr'><strong>εῐγε</strong></span> <span class='ocrx_word' id='word_1_117' title='bbox 899 1572 1318 1642; x_wconf 78' lang='grc' dir='ltr'><strong>βαπτιζόμενοι,</strong></span> <span class='ocrx_word' id='word_1_118' title='bbox 1346 1571 1439 1625; x_wconf 82' lang='grc' dir='ltr'><strong>τὸν</strong></span> <span class='ocrx_word' id='word_1_119' title='bbox 1466 1571 1700 1626; x_wconf 90' lang='grc' dir='ltr'><strong>θάνατον</strong></span> <span class='ocrx_word' id='word_1_120' title='bbox 1729 1569 1826 1624; x_wconf 87' lang='grc' dir='ltr'><strong>τοῦ</strong></span> 
     </span>
    </p>
   </div>
   <div class='ocr_carea' id='block_1_17' title="bbox 223 1668 1827 1744">
    <p class='ocr_par' dir='ltr' id='par_1_17' title="bbox 223 1668 1827 1744">
     <span class='ocr_line' id='line_1_17' title="bbox 223 1668 1827 1744; baseline -0.005 -16"><span class='ocrx_word' id='word_1_121' title='bbox 223 1674 437 1744; x_wconf 71' lang='grc' dir='ltr'><strong>Κυρίου</strong></span> <span class='ocrx_word' id='word_1_122' title='bbox 500 1671 861 1740; x_wconf 72' lang='grc' dir='ltr'><strong>είκονίζομεν.</strong></span> <span class='ocrx_word' id='word_1_123' title='bbox 915 1669 992 1722; x_wconf 86' lang='grc' dir='ltr'><strong>Οὐ</strong></span> <span class='ocrx_word' id='word_1_124' title='bbox 1038 1668 1191 1736; x_wconf 84' lang='grc' dir='ltr'>λέγει</span> <span class='ocrx_word' id='word_1_125' title='bbox 1248 1668 1308 1720; x_wconf 67' lang='grc' dir='ltr'><strong>δὲ</strong></span> <span class='ocrx_word' id='word_1_126' title='bbox 1357 1668 1689 1739; x_wconf 68' lang='grc' dir='ltr'><strong>προφανῶς,</strong></span> <span class='ocrx_word' id='word_1_127' title='bbox 1741 1668 1827 1721; x_wconf 84' lang='grc' dir='ltr'><strong>ὅτι</strong></span> 
     </span>
    </p>
   </div>
   <div class='ocr_carea' id='block_1_18' title="bbox 221 1761 1863 1831">
    <p class='ocr_par' dir='ltr' id='par_1_18' title="bbox 221 1761 1863 1831">
     <span class='ocr_line' id='line_1_18' title="bbox 221 1761 1863 1831; baseline -0.004 -9"><span class='ocrx_word' id='word_1_128' title='bbox 221 1765 424 1822; x_wconf 77' lang='grc' dir='ltr'><strong>Μέλλω</strong></span> <span class='ocrx_word' id='word_1_129' title='bbox 451 1763 839 1831; x_wconf 77' lang='grc' dir='ltr'><strong>σταυρωθῆναι</strong></span> <span class='ocrx_word' id='word_1_130' title='bbox 859 1777 876 1795; x_wconf 76' lang='grc' dir='ltr'><strong>ο</strong></span> <span class='ocrx_word' id='word_1_131' title='bbox 905 1761 1045 1815; x_wconf 78' lang='grc' dir='ltr'><strong>ἀλλὰ</strong></span> <span class='ocrx_word' id='word_1_132' title='bbox 1071 1762 1168 1814; x_wconf 87' lang='grc' dir='ltr'><strong>τοῦ</strong></span> <span class='ocrx_word' id='word_1_133' title='bbox 1193 1761 1372 1830; x_wconf 73' lang='grc' dir='ltr'><strong>δφεως</strong></span> <span class='ocrx_word' id='word_1_134' title='bbox 1402 1761 1704 1831; x_wconf 82' lang='grc' dir='ltr'><strong>μέμνηται,</strong></span> <span class='ocrx_word' id='word_1_135' title='bbox 1731 1763 1827 1816; x_wconf 85' lang='grc' dir='ltr'><strong>καὶ</strong></span> <span class='ocrx_word' id='word_1_136' title='bbox 1859 1821 1863 1825; x_wconf 63' lang='grc'><strong>,</strong></span> 
     </span>
    </p>
   </div>
   <div class='ocr_carea' id='block_1_19' title="bbox 222 1854 1826 1927">
    <p class='ocr_par' dir='ltr' id='par_1_19' title="bbox 222 1854 1826 1927">
     <span class='ocr_line' id='line_1_19' title="bbox 222 1854 1826 1927; baseline -0.004 -15"><span class='ocrx_word' id='word_1_137' title='bbox 222 1859 328 1927; x_wconf 77' lang='grc' dir='ltr'><strong>τῆς</strong></span> <span class='ocrx_word' id='word_1_138' title='bbox 359 1859 603 1916; x_wconf 81' lang='grc' dir='ltr'><strong>Παλαιᾶς</strong></span> <span class='ocrx_word' id='word_1_139' title='bbox 636 1856 882 1923; x_wconf 74' lang='grc' dir='ltr'><strong>ἱστορίας</strong></span> <span class='ocrx_word' id='word_1_140' title='bbox 903 1871 916 1885; x_wconf 88' lang='grc'><strong>·</strong></span> <span class='ocrx_word' id='word_1_141' title='bbox 951 1854 1071 1926; x_wconf 72' lang='grc' dir='ltr'><strong>ἅμα</strong></span> <span class='ocrx_word' id='word_1_142' title='bbox 1102 1854 1202 1924; x_wconf 81' lang='grc' dir='ltr'><strong>μὲν</strong></span> <span class='ocrx_word' id='word_1_143' title='bbox 1233 1854 1503 1908; x_wconf 83' lang='grc' dir='ltr'><strong>διδάσκων</strong></span> <span class='ocrx_word' id='word_1_144' title='bbox 1536 1855 1709 1924; x_wconf 79' lang='grc' dir='ltr'><strong>ἡμᾶς,</strong></span> <span class='ocrx_word' id='word_1_145' title='bbox 1743 1854 1826 1907; x_wconf 84' lang='grc' dir='ltr'><strong>ὅτι</strong></span> 
     </span>
    </p>
   </div>
   <div class='ocr_carea' id='block_1_20' title="bbox 225 1940 1825 2019">
    <p class='ocr_par' dir='ltr' id='par_1_20' title="bbox 225 1940 1825 2019">
     <span class='ocr_line' id='line_1_20' title="bbox 225 1940 1825 2019; baseline -0.003 -17"><span class='ocrx_word' id='word_1_146' title='bbox 225 1967 414 2018; x_wconf 84' lang='grc' dir='ltr'><strong>συγγε·</strong></span> <span class='ocrx_word' id='word_1_147' title='bbox 447 1953 469 2019; x_wconf 65' lang='lat'><strong>&#39;1</strong></span> <span class='ocrx_word' id='word_1_148' title='bbox 497 1949 566 2002; x_wconf 75' lang='grc' dir='ltr'><strong>τὰ</strong></span> <span class='ocrx_word' id='word_1_149' title='bbox 601 1948 810 2001; x_wconf 78' lang='grc' dir='ltr'><strong>παλαιὰ</strong></span> <span class='ocrx_word' id='word_1_150' title='bbox 839 1948 951 2005; x_wconf 82' lang='grc' dir='ltr'><strong>τοῖς</strong></span> <span class='ocrx_word' id='word_1_151' title='bbox 979 1948 1212 2010; x_wconf 78' lang='grc' dir='ltr'><strong>καινοῖς,</strong></span> <span class='ocrx_word' id='word_1_152' title='bbox 1238 1946 1338 1999; x_wconf 76' lang='grc' dir='ltr'><strong>καὶ</strong></span> <span class='ocrx_word' id='word_1_153' title='bbox 1367 1940 1448 2008; x_wconf 76' lang='grc' dir='ltr'><strong>εἷς</strong></span> <span class='ocrx_word' id='word_1_154' title='bbox 1473 1947 1566 1999; x_wconf 76' lang='grc' dir='ltr'><strong>καὶ</strong></span> <span class='ocrx_word' id='word_1_155' title='bbox 1607 1947 1825 2011; x_wconf 78' lang='grc' dir='ltr'><strong>ὁαύτός</strong></span> 
     </span>
    </p>
   </div>
   <div class='ocr_carea' id='block_1_21' title="bbox 225 2037 1825 2112">
    <p class='ocr_par' dir='ltr' id='par_1_21' title="bbox 225 2037 1825 2112">
     <span class='ocr_line' id='line_1_21' title="bbox 225 2037 1825 2112; baseline -0.003 -15"><span class='ocrx_word' id='word_1_156' title='bbox 225 2045 349 2097; x_wconf 61' lang='grc' dir='ltr'><strong>ἔστι</strong></span> <span class='ocrx_word' id='word_1_157' title='bbox 379 2043 674 2112; x_wconf 65' lang='grc' dir='ltr'><strong>νομοθέτης</strong></span> <span class='ocrx_word' id='word_1_158' title='bbox 712 2037 955 2105; x_wconf 73' lang='grc' dir='ltr'><strong>Παλαιᾶς</strong></span> <span class='ocrx_word' id='word_1_159' title='bbox 977 2057 1037 2095; x_wconf 83' lang='grc' dir='ltr'><strong>τε</strong></span> <span class='ocrx_word' id='word_1_160' title='bbox 1071 2040 1167 2093; x_wconf 72' lang='grc' dir='ltr'><strong>καὶ</strong></span> <span class='ocrx_word' id='word_1_161' title='bbox 1198 2039 1346 2103; x_wconf 82' lang='grc' dir='ltr'><strong>Νέας</strong></span> <span class='ocrx_word' id='word_1_162' title='bbox 1383 2040 1682 2111; x_wconf 88' lang='grc' dir='ltr'><strong>Διαθὴκης,</strong></span> <span class='ocrx_word' id='word_1_163' title='bbox 1719 2040 1825 2093; x_wconf 64' lang='grc' dir='ltr'><strong>κᾶν</strong></span> 
     </span>
    </p>
   </div>
   <div class='ocr_carea' id='block_1_22' title="bbox 223 2132 1827 2208">
    <p class='ocr_par' dir='ltr' id='par_1_22' title="bbox 223 2132 1827 2208">
     <span class='ocr_line' id='line_1_22' title="bbox 223 2132 1827 2208; baseline -0.004 -17"><span class='ocrx_word' id='word_1_164' title='bbox 223 2136 516 2208; x_wconf 73' lang='grc' dir='ltr'><strong>Μαρκίων,</strong></span> <span class='ocrx_word' id='word_1_165' title='bbox 564 2137 658 2188; x_wconf 75' lang='grc' dir='ltr'><strong>καὶ</strong></span> <span class='ocrx_word' id='word_1_166' title='bbox 704 2135 919 2204; x_wconf 71' lang='grc' dir='ltr'><strong>Μάνης,</strong></span> <span class='ocrx_word' id='word_1_167' title='bbox 962 2135 1068 2185; x_wconf 64' lang='grc' dir='ltr'><strong>καὶ</strong></span> <span class='ocrx_word' id='word_1_168' title='bbox 1099 2134 1128 2186; x_wconf 90' lang='lat'><strong>6</strong></span> <span class='ocrx_word' id='word_1_169' title='bbox 1177 2133 1367 2196; x_wconf 70' lang='grc' dir='ltr'><strong>λοιπὸς</strong></span> <span class='ocrx_word' id='word_1_170' title='bbox 1412 2132 1521 2186; x_wconf 85' lang='grc' dir='ltr'><strong>τῶν</strong></span> <span class='ocrx_word' id='word_1_171' title='bbox 1564 2132 1827 2185; x_wconf 83' lang='grc' dir='ltr'><strong>τοιούτων</strong></span> 
     </span>
    </p>
   </div>
   <div class='ocr_carea' id='block_1_23' title="bbox 227 2224 1826 2298">
    <p class='ocr_par' dir='ltr' id='par_1_23' title="bbox 227 2224 1826 2298">
     <span class='ocr_line' id='line_1_23' title="bbox 227 2224 1826 2298; baseline -0.004 -15"><span class='ocrx_word' id='word_1_172' title='bbox 227 2230 528 2298; x_wconf 64' lang='grc' dir='ltr'><strong>αἰρετικιῖιν</strong></span> <span class='ocrx_word' id='word_1_173' title='bbox 584 2228 920 2294; x_wconf 73' lang='grc' dir='ltr'><strong>κατάλογος,</strong></span> <span class='ocrx_word' id='word_1_174' title='bbox 969 2225 1210 2279; x_wconf 84' lang='grc' dir='ltr'><strong>ἀθετῶσι</strong></span> <span class='ocrx_word' id='word_1_175' title='bbox 1266 2225 1367 2298; x_wconf 83' lang='grc' dir='ltr'><strong>τὴν</strong></span> <span class='ocrx_word' id='word_1_176' title='bbox 1417 2224 1687 2286; x_wconf 78' lang='grc' dir='ltr'><strong>Παλαιὰν,</strong></span> <span class='ocrx_word' id='word_1_177' title='bbox 1729 2224 1826 2278; x_wconf 87' lang='grc' dir='ltr'><strong>τοῦ</strong></span> 
     </span>
    </p>
   </div>
   <div class='ocr_carea' id='block_1_24' title="bbox 227 2313 1829 2393">
    <p class='ocr_par' dir='ltr' id='par_1_24' title="bbox 227 2313 1829 2393">
     <span class='ocr_line' id='line_1_24' title="bbox 227 2313 1829 2393; baseline -0.002 -18"><span class='ocrx_word' id='word_1_178' title='bbox 227 2322 471 2393; x_wconf 76' lang='grc' dir='ltr'><strong>πονηροῦ</strong></span> <span class='ocrx_word' id='word_1_179' title='bbox 502 2319 841 2390; x_wconf 81' lang='grc' dir='ltr'><strong>δημιουργοῦ</strong></span> <span class='ocrx_word' id='word_1_180' title='bbox 886 2319 1140 2385; x_wconf 83' lang='grc' dir='ltr'><strong>λέγοντες</strong></span> <span class='ocrx_word' id='word_1_181' title='bbox 1207 2319 1382 2391; x_wconf 80' lang='grc' dir='ltr'><strong>αὐτὴν</strong></span> <span class='ocrx_word' id='word_1_182' title='bbox 1427 2313 1569 2371; x_wconf 78' lang='grc' dir='ltr'><strong>εῖναι</strong></span> <span class='ocrx_word' id='word_1_183' title='bbox 1603 2319 1829 2388; x_wconf 84' lang='grc' dir='ltr'><strong>νομοθε-</strong></span> 
     </span>
    </p>
   </div>
   <div class='ocr_carea' id='block_1_25' title="bbox 229 2411 1827 2484">
    <p class='ocr_par' dir='ltr' id='par_1_25' title="bbox 229 2411 1827 2484">
     <span class='ocr_line' id='line_1_25' title="bbox 229 2411 1827 2484; baseline -0.003 -15"><span class='ocrx_word' id='word_1_184' title='bbox 229 2416 396 2469; x_wconf 80' lang='grc' dir='ltr'><strong>σίαν’</strong></span> <span class='ocrx_word' id='word_1_185' title='bbox 448 2416 563 2484; x_wconf 81' lang='grc' dir='ltr'><strong>ὂμα</strong></span> <span class='ocrx_word' id='word_1_186' title='bbox 611 2414 668 2466; x_wconf 80' lang='grc' dir='ltr'><strong>δὲ</strong></span> <span class='ocrx_word' id='word_1_187' title='bbox 723 2415 819 2465; x_wconf 78' lang='grc' dir='ltr'><strong>καὶ</strong></span> <span class='ocrx_word' id='word_1_188' title='bbox 877 2411 1176 2472; x_wconf 82' lang='grc' dir='ltr'><strong>παιδεύων,</strong></span> <span class='ocrx_word' id='word_1_189' title='bbox 1229 2412 1312 2464; x_wconf 87' lang='grc' dir='ltr'><strong>ὅτι</strong></span> <span class='ocrx_word' id='word_1_190' title='bbox 1361 2413 1409 2464; x_wconf 88' lang='grc' dir='ltr'><strong>εί</strong></span> <span class='ocrx_word' id='word_1_191' title='bbox 1452 2411 1588 2482; x_wconf 80' lang='grc' dir='ltr'><strong>πρὸς</strong></span> <span class='ocrx_word' id='word_1_192' title='bbox 1642 2412 1827 2464; x_wconf 76' lang='grc' dir='ltr'><strong>εἰκόνα</strong></span> 
     </span>
    </p>
   </div>
   <div class='ocr_carea' id='block_1_26' title="bbox 224 2505 1828 2581">
    <p class='ocr_par' dir='ltr' id='par_1_26' title="bbox 224 2505 1828 2581">
     <span class='ocr_line' id='line_1_26' title="bbox 224 2505 1828 2581; baseline -0.003 -20"><span class='ocrx_word' id='word_1_193' title='bbox 224 2508 440 2581; x_wconf 71' lang='grc' dir='ltr'><strong>χαλκῆν</strong></span> <span class='ocrx_word' id='word_1_194' title='bbox 473 2508 765 2578; x_wconf 72' lang='grc' dir='ltr'><strong>βλέποντι-ς</strong></span> <span class='ocrx_word' id='word_1_195' title='bbox 816 2507 993 2574; x_wconf 74' lang='grc' dir='ltr'><strong>δφεως</strong></span> <span class='ocrx_word' id='word_1_196' title='bbox 1031 2506 1081 2558; x_wconf 84' lang='grc' dir='ltr'><strong>οἱ</strong></span> <span class='ocrx_word' id='word_1_197' title='bbox 1141 2506 1424 2570; x_wconf 75' lang='grc' dir='ltr'><strong>Ἰουδαῖοι,</strong></span> <span class='ocrx_word' id='word_1_198' title='bbox 1456 2505 1549 2557; x_wconf 79' lang='grc' dir='ltr'><strong>τὸν</strong></span> <span class='ocrx_word' id='word_1_199' title='bbox 1596 2505 1828 2559; x_wconf 88' lang='grc' dir='ltr'><strong>θάνατον</strong></span> 
     </span>
    </p>
   </div>
   <div class='ocr_carea' id='block_1_27' title="bbox 227 2600 1832 2673">
    <p class='ocr_par' dir='ltr' id='par_1_27' title="bbox 227 2600 1832 2673">
     <span class='ocr_line' id='line_1_27' title="bbox 227 2600 1832 2673; baseline -0.004 -17"><span class='ocrx_word' id='word_1_200' title='bbox 227 2604 464 2672; x_wconf 76' lang='grc' dir='ltr'><strong>ἔφευγον</strong></span> <span class='ocrx_word' id='word_1_201' title='bbox 494 2621 508 2630; x_wconf 91' lang='grc'><strong>·</strong></span> <span class='ocrx_word' id='word_1_202' title='bbox 545 2601 727 2673; x_wconf 56' lang='grc' dir='ltr'><strong>πολλῷ</strong></span> <span class='ocrx_word' id='word_1_203' title='bbox 762 2601 968 2670; x_wconf 30' lang='grc' dir='ltr'><strong>μᾶλλον,</strong></span> <span class='ocrx_word' id='word_1_204' title='bbox 991 2600 1176 2669; x_wconf 72' lang='grc' dir='ltr'><strong>ἡμεῖς,</strong></span> <span class='ocrx_word' id='word_1_205' title='bbox 1230 2602 1308 2662; x_wconf 87' lang='grc' dir='ltr'><strong>εἰς</strong></span> <span class='ocrx_word' id='word_1_206' title='bbox 1338 2600 1429 2652; x_wconf 62' lang='grc' dir='ltr'><strong>τὶν</strong></span> <span class='ocrx_word' id='word_1_207' title='bbox 1472 2600 1832 2670; x_wconf 82' lang='grc' dir='ltr'><strong>ἐσταυρωμέ-</strong></span> 
     </span>
    </p>
   </div>
   <div class='ocr_carea' id='block_1_28' title="bbox 233 2692 1829 2765">
    <p class='ocr_par' dir='ltr' id='par_1_28' title="bbox 233 2692 1829 2765">
     <span class='ocr_line' id='line_1_28' title="bbox 233 2692 1829 2765; baseline -0.003 -15"><span class='ocrx_word' id='word_1_208' title='bbox 233 2714 326 2750; x_wconf 86' lang='grc' dir='ltr'><strong>νον</strong></span> <span class='ocrx_word' id='word_1_209' title='bbox 367 2696 679 2765; x_wconf 76' lang='grc' dir='ltr'><strong>β&gt;.έποντες,</strong></span> <span class='ocrx_word' id='word_1_210' title='bbox 707 2692 804 2744; x_wconf 71' lang='grc' dir='ltr'><strong>καὶ</strong></span> <span class='ocrx_word' id='word_1_211' title='bbox 839 2692 1210 2757; x_wconf 70' lang='grc' dir='ltr'><strong>πιστεύοντες,</strong></span> <span class='ocrx_word' id='word_1_212' title='bbox 1239 2694 1330 2744; x_wconf 70' lang='grc' dir='ltr'><strong>τὸν</strong></span> <span class='ocrx_word' id='word_1_213' title='bbox 1357 2693 1590 2762; x_wconf 67' lang='grc' dir='ltr'><strong>ψυχικὸν</strong></span> <span class='ocrx_word' id='word_1_214' title='bbox 1621 2692 1829 2760; x_wconf 82' lang='grc' dir='ltr'><strong>ἐκφεύ-</strong></span> 
     </span>
    </p>
   </div>
   <div class='ocr_carea' id='block_1_29' title="bbox 229 2784 1830 2858">
    <p class='ocr_par' dir='ltr' id='par_1_29' title="bbox 229 2784 1830 2858">
     <span class='ocr_line' id='line_1_29' title="bbox 229 2784 1830 2858; baseline -0.002 -16"><span class='ocrx_word' id='word_1_215' title='bbox 229 2805 401 2858; x_wconf 82' lang='grc' dir='ltr'><strong>γομεν</strong></span> <span class='ocrx_word' id='word_1_216' title='bbox 435 2789 685 2841; x_wconf 82' lang='grc' dir='ltr'><strong>θάνατον.</strong></span> <span class='ocrx_word' id='word_1_217' title='bbox 726 2788 868 2856; x_wconf 78' lang='grc' dir='ltr'><strong>Ὅρα</strong></span> <span class='ocrx_word' id='word_1_218' title='bbox 913 2785 971 2838; x_wconf 81' lang='grc' dir='ltr'><strong>δέ</strong></span> <span class='ocrx_word' id='word_1_219' title='bbox 1025 2804 1114 2855; x_wconf 89' lang='grc' dir='ltr'><strong>μοι</strong></span> <span class='ocrx_word' id='word_1_220' title='bbox 1169 2784 1263 2838; x_wconf 77' lang='grc' dir='ltr'><strong>τὸν</strong></span> <span class='ocrx_word' id='word_1_221' title='bbox 1318 2785 1488 2838; x_wconf 82' lang='grc' dir='ltr'><strong>τύπον</strong></span> <span class='ocrx_word' id='word_1_222' title='bbox 1535 2787 1672 2857; x_wconf 69' lang='grc' dir='ltr'><strong>πρὸς</strong></span> <span class='ocrx_word' id='word_1_223' title='bbox 1728 2784 1830 2854; x_wconf 81' lang='grc' dir='ltr'><strong>τὴν</strong></span> 
     </span>
    </p>
   </div>
   <div class='ocr_carea' id='block_1_30' title="bbox 230 2877 1831 2949">
    <p class='ocr_par' dir='ltr' id='par_1_30' title="bbox 230 2877 1831 2949">
     <span class='ocr_line' id='line_1_30' title="bbox 230 2877 1831 2949; baseline -0.003 -14"><span class='ocrx_word' id='word_1_224' title='bbox 230 2882 516 2949; x_wconf 61' lang='grc' dir='ltr'><strong>ἀλήθειαν.</strong></span> <span class='ocrx_word' id='word_1_225' title='bbox 586 2882 739 2932; x_wconf 71' lang='grc' dir='ltr'><strong>’1-1κεί</strong></span> <span class='ocrx_word' id='word_1_226' title='bbox 797 2879 976 2948; x_wconf 75' lang='grc' dir='ltr'><strong>ὄφεως</strong></span> <span class='ocrx_word' id='word_1_227' title='bbox 1024 2879 1316 2949; x_wconf 75' lang='grc' dir='ltr'><strong>ὁμοίωμα,</strong></span> <span class='ocrx_word' id='word_1_228' title='bbox 1371 2877 1511 2942; x_wconf 81' lang='grc' dir='ltr'><strong>εἶδος</strong></span> <span class='ocrx_word' id='word_1_229' title='bbox 1560 2880 1657 2946; x_wconf 76' lang='grc' dir='ltr'><strong>μὲν</strong></span> <span class='ocrx_word' id='word_1_230' title='bbox 1707 2879 1831 2948; x_wconf 78' lang='grc' dir='ltr'><strong>ἔχον</strong></span> 
     </span>
    </p>
   </div>
   <div class='ocr_carea' id='block_1_31' title="bbox 233 2972 1830 3045">
    <p class='ocr_par' dir='ltr' id='par_1_31' title="bbox 233 2972 1830 3045">
     <span class='ocr_line' id='line_1_31' title="bbox 233 2972 1830 3045; baseline -0.003 -18"><span class='ocrx_word' id='word_1_231' title='bbox 233 2976 451 3045; x_wconf 74' lang='grc' dir='ltr'><strong>θηρίου,</strong></span> <span class='ocrx_word' id='word_1_232' title='bbox 483 2975 575 3027; x_wconf 74' lang='grc' dir='ltr'><strong>τὸν</strong></span> <span class='ocrx_word' id='word_1_233' title='bbox 603 2975 677 3027; x_wconf 79' lang='grc' dir='ltr'><strong>ἱὸν</strong></span> <span class='ocrx_word' id='word_1_234' title='bbox 709 2975 764 3027; x_wconf 80' lang='grc' dir='ltr'><strong>δὲ</strong></span> <span class='ocrx_word' id='word_1_235' title='bbox 795 2975 895 3026; x_wconf 82' lang='grc' dir='ltr'><strong>οὐκ</strong></span> <span class='ocrx_word' id='word_1_236' title='bbox 918 2974 1040 3043; x_wconf 67' lang='grc' dir='ltr'><strong>ἕχον</strong></span> <span class='ocrx_word' id='word_1_237' title='bbox 1063 2989 1075 3003; x_wconf 77' lang='grc'><strong><em>⁸</em></strong></span> <span class='ocrx_word' id='word_1_238' title='bbox 1104 2973 1248 3026; x_wconf 73' lang='grc' dir='ltr'><strong>οὕτω</strong></span> <span class='ocrx_word' id='word_1_239' title='bbox 1280 2973 1585 3036; x_wconf 79' lang='grc' dir='ltr'><strong>κάνταῦθα,</strong></span> <span class='ocrx_word' id='word_1_240' title='bbox 1615 2972 1830 3040; x_wconf 75' lang='grc' dir='ltr'><strong>ἄνθρω-</strong></span> 
     </span>
    </p>
   </div>
   <div class='ocr_carea' id='block_1_32' title="bbox 234 3064 1831 3134">
    <p class='ocr_par' dir='ltr' id='par_1_32' title="bbox 234 3064 1831 3134">
     <span class='ocr_line' id='line_1_32' title="bbox 234 3064 1831 3134; baseline -0.001 -19"><span class='ocrx_word' id='word_1_241' title='bbox 234 3081 336 3127; x_wconf 86' lang='grc' dir='ltr'><strong>πος</strong></span> <span class='ocrx_word' id='word_1_242' title='bbox 386 3065 414 3116; x_wconf 98' lang='lat'><strong>6</strong></span> <span class='ocrx_word' id='word_1_243' title='bbox 469 3065 711 3134; x_wconf 79' lang='grc' dir='ltr'><strong>Κύριος,</strong></span> <span class='ocrx_word' id='word_1_244' title='bbox 773 3064 889 3116; x_wconf 76' lang='grc' dir='ltr'><strong>ἀλλ’</strong></span> <span class='ocrx_word' id='word_1_245' title='bbox 937 3065 1217 3133; x_wconf 76' lang='grc' dir='ltr'><strong>ἁμαρτίας</strong></span> <span class='ocrx_word' id='word_1_246' title='bbox 1271 3064 1351 3116; x_wconf 80' lang='grc' dir='ltr'><strong>ίοῦ</strong></span> <span class='ocrx_word' id='word_1_247' title='bbox 1408 3064 1712 3133; x_wconf 79' lang='grc' dir='ltr'><strong>ἐλεύθερος,</strong></span> <span class='ocrx_word' id='word_1_248' title='bbox 1774 3067 1831 3116; x_wconf 80' lang='grc' dir='ltr'><strong>ὲν</strong></span> 
     </span>
    </p>
   </div>
   <div class='ocr_carea' id='block_1_33' title="bbox 231 3155 1834 3227">
    <p class='ocr_par' dir='ltr' id='par_1_33' title="bbox 231 3155 1834 3227">
     <span class='ocr_line' id='line_1_33' title="bbox 231 3155 1834 3227; baseline -0.001 -17"><span class='ocrx_word' id='word_1_249' title='bbox 231 3155 545 3225; x_wconf 78' lang='grc' dir='ltr'><strong>ὁμοιώματι</strong></span> <span class='ocrx_word' id='word_1_250' title='bbox 599 3156 803 3227; x_wconf 71' lang='grc' dir='ltr'><strong>σαρκὸς</strong></span> <span class='ocrx_word' id='word_1_251' title='bbox 834 3158 1114 3227; x_wconf 79' lang='grc' dir='ltr'><strong>ἁμαρτίας</strong></span> <span class='ocrx_word' id='word_1_252' title='bbox 1171 3156 1366 3217; x_wconf 74' lang='grc' dir='ltr'><strong>ἐλθὼν,</strong></span> <span class='ocrx_word' id='word_1_253' title='bbox 1419 3158 1724 3221; x_wconf 75' lang='grc' dir='ltr'><strong>τουτέστιν,</strong></span> <span class='ocrx_word' id='word_1_254' title='bbox 1775 3161 1834 3211; x_wconf 86' lang='grc' dir='ltr'><strong>ὲν</strong></span> 
     </span>
    </p>
   </div>
   <div class='ocr_carea' id='block_1_34' title="bbox 1926 647 3538 720">
    <p class='ocr_par' dir='ltr' id='par_1_34' title="bbox 1926 647 3538 720">
     <span class='ocr_line' id='line_1_34' title="bbox 1926 647 3538 720; baseline 0.001 -18"><span class='ocrx_word' id='word_1_255' title='bbox 1926 657 2111 718; x_wconf 83' lang='lat' dir='ltr'><strong>pterea</strong></span> <span class='ocrx_word' id='word_1_256' title='bbox 2149 662 2257 704; x_wconf 90' lang='lat' dir='ltr'><strong>non</strong></span> <span class='ocrx_word' id='word_1_257' title='bbox 2284 661 2409 705; x_wconf 84' lang='lat' dir='ltr'><strong>esse</strong></span> <span class='ocrx_word' id='word_1_258' title='bbox 2437 647 2573 714; x_wconf 91' lang='lat' dir='ltr'><strong>illic,</strong></span> <span class='ocrx_word' id='word_1_259' title='bbox 2600 648 2732 720; x_wconf 85' lang='lat' dir='ltr'><strong>quia</strong></span> <span class='ocrx_word' id='word_1_260' title='bbox 2767 647 3024 704; x_wconf 84' lang='lat' dir='ltr'><strong>descendi</strong></span> <span class='ocrx_word' id='word_1_261' title='bbox 3055 664 3071 701; x_wconf 89' lang='lat'><strong>:</strong></span> <span class='ocrx_word' id='word_1_262' title='bbox 3104 647 3199 702; x_wconf 88' lang='lat' dir='ltr'><strong>sed</strong></span> <span class='ocrx_word' id='word_1_263' title='bbox 3230 653 3286 702; x_wconf 88' lang='lat' dir='ltr'><strong>et</strong></span> <span class='ocrx_word' id='word_1_264' title='bbox 3321 647 3410 701; x_wconf 86' lang='lat' dir='ltr'><strong>hic</strong></span> <span class='ocrx_word' id='word_1_265' title='bbox 3439 647 3538 703; x_wconf 83' lang='lat' dir='ltr'><strong>ad-</strong></span> 
     </span>
    </p>
   </div>
   <div class='ocr_carea' id='block_1_35' title="bbox 1927 740 3533 814">
    <p class='ocr_par' dir='ltr' id='par_1_35' title="bbox 1927 740 3533 814">
     <span class='ocr_line' id='line_1_35' title="bbox 1927 740 3533 814; baseline 0.001 -16"><span class='ocrx_word' id='word_1_266' title='bbox 1927 757 2048 798; x_wconf 90' lang='lat' dir='ltr'><strong>sum</strong></span> <span class='ocrx_word' id='word_1_267' title='bbox 2091 743 2460 814; x_wconf 77' lang='lat' dir='ltr'><strong>corporaliter</strong></span> <span class='ocrx_word' id='word_1_268' title='bbox 2490 753 2546 799; x_wconf 89' lang='lat' dir='ltr'><strong>et</strong></span> <span class='ocrx_word' id='word_1_269' title='bbox 2579 744 2690 800; x_wconf 88' lang='lat' dir='ltr'><strong>illic</strong></span> <span class='ocrx_word' id='word_1_270' title='bbox 2719 743 2888 799; x_wconf 88' lang='lat' dir='ltr'><strong>sedeo</strong></span> <span class='ocrx_word' id='word_1_271' title='bbox 2916 757 3042 796; x_wconf 90' lang='lat' dir='ltr'><strong>cum</strong></span> <span class='ocrx_word' id='word_1_272' title='bbox 3072 740 3238 795; x_wconf 85' lang='lat' dir='ltr'><strong>Patre</strong></span> <span class='ocrx_word' id='word_1_273' title='bbox 3273 752 3335 796; x_wconf 89' lang='lat' dir='ltr'><strong>ut</strong></span> <span class='ocrx_word' id='word_1_274' title='bbox 3367 741 3533 799; x_wconf 80' lang='lat' dir='ltr'><strong>Deus.</strong></span> 
     </span>
    </p>
   </div>
   <div class='ocr_carea' id='block_1_36' title="bbox 2009 919 3536 992">
    <p class='ocr_par' dir='ltr' id='par_1_36' title="bbox 2009 919 3536 992">
     <span class='ocr_line' id='line_1_36' title="bbox 2009 919 3536 992; baseline -0.001 -16"><span class='ocrx_word' id='word_1_275' title='bbox 2009 919 2172 979; x_wconf 67' lang='lat' dir='ltr'><strong>Vleas.</strong></span> <span class='ocrx_word' id='word_1_276' title='bbox 2205 924 2294 989; x_wconf 76' lang='grc'><strong>14,</strong></span> <span class='ocrx_word' id='word_1_277' title='bbox 2325 923 2416 978; x_wconf 79' lang='grc'><strong>15.</strong></span> <span class='ocrx_word' id='word_1_278' title='bbox 2449 941 2472 976; x_wconf 87' lang='grc'><em>‹</em></span> <span class='ocrx_word' id='word_1_279' title='bbox 2512 921 2577 977; x_wconf 79' lang='lat' dir='ltr'><strong>Et</strong></span> <span class='ocrx_word' id='word_1_280' title='bbox 2604 922 2750 979; x_wconf 84' lang='lat' dir='ltr'><strong>sicut</strong></span> <span class='ocrx_word' id='word_1_281' title='bbox 2781 921 2996 992; x_wconf 79' lang='lat' dir='ltr'><strong>Moyses</strong></span> <span class='ocrx_word' id='word_1_282' title='bbox 3031 922 3287 976; x_wconf 80' lang='lat' dir='ltr'><strong>exaltavit</strong></span> <span class='ocrx_word' id='word_1_283' title='bbox 3313 937 3536 992; x_wconf 87' lang='lat' dir='ltr'><strong>serpen-</strong></span> 
     </span>
    </p>
   </div>
   <div class='ocr_carea' id='block_1_37' title="bbox 1924 1016 3534 1085">
    <p class='ocr_par' dir='ltr' id='par_1_37' title="bbox 1924 1016 3534 1085">
     <span class='ocr_line' id='line_1_37' title="bbox 1924 1016 3534 1085; baseline 0 -14"><span class='ocrx_word' id='word_1_284' title='bbox 1924 1026 2040 1071; x_wconf 83' lang='lat' dir='ltr'><strong>tem</strong></span> <span class='ocrx_word' id='word_1_285' title='bbox 2073 1019 2126 1071; x_wconf 90' lang='lat' dir='ltr'><strong>lu</strong></span> <span class='ocrx_word' id='word_1_286' title='bbox 2157 1030 2368 1082; x_wconf 86' lang='lat' dir='ltr'><strong>eremo,</strong></span> <span class='ocrx_word' id='word_1_287' title='bbox 2403 1017 2475 1071; x_wconf 89' lang='lat' dir='ltr'><strong>ita</strong></span> <span class='ocrx_word' id='word_1_288' title='bbox 2518 1016 2751 1071; x_wconf 81' lang='lat' dir='ltr'><strong>exaltari</strong></span> <span class='ocrx_word' id='word_1_289' title='bbox 2778 1026 2998 1085; x_wconf 87' lang='lat' dir='ltr'><strong>oportet</strong></span> <span class='ocrx_word' id='word_1_290' title='bbox 3031 1017 3231 1070; x_wconf 84' lang='lat' dir='ltr'><strong>Filium</strong></span> <span class='ocrx_word' id='word_1_291' title='bbox 3267 1016 3534 1082; x_wconf 79' lang='lat' dir='ltr'><strong>hominis,</strong></span> 
     </span>
    </p>
   </div>
   <div class='ocr_carea' id='block_1_38' title="bbox 1931 1107 3539 1179">
    <p class='ocr_par' dir='ltr' id='par_1_38' title="bbox 1931 1107 3539 1179">
     <span class='ocr_line' id='line_1_38' title="bbox 1931 1107 3539 1179; baseline -0.001 -15"><span class='ocrx_word' id='word_1_292' title='bbox 1931 1116 1992 1164; x_wconf 84' lang='lat' dir='ltr'><strong>ut</strong></span> <span class='ocrx_word' id='word_1_293' title='bbox 2018 1109 2198 1164; x_wconf 89' lang='lat' dir='ltr'><strong>omnis</strong></span> <span class='ocrx_word' id='word_1_294' title='bbox 2238 1109 2331 1179; x_wconf 89' lang='lat' dir='ltr'><strong>qui</strong></span> <span class='ocrx_word' id='word_1_295' title='bbox 2362 1108 2539 1163; x_wconf 89' lang='lat' dir='ltr'><strong>credit</strong></span> <span class='ocrx_word' id='word_1_296' title='bbox 2569 1107 2622 1162; x_wconf 93' lang='lat' dir='ltr'><strong>iu</strong></span> <span class='ocrx_word' id='word_1_297' title='bbox 2655 1108 2954 1175; x_wconf 89' lang='lat' dir='ltr'><strong>illum,nuu</strong></span> <span class='ocrx_word' id='word_1_298' title='bbox 2986 1120 3188 1178; x_wconf 78' lang='lat' dir='ltr'><strong>pereat,</strong></span> <span class='ocrx_word' id='word_1_299' title='bbox 3219 1110 3314 1164; x_wconf 89' lang='lat' dir='ltr'><strong>sed</strong></span> <span class='ocrx_word' id='word_1_300' title='bbox 3339 1110 3539 1163; x_wconf 75' lang='lat' dir='ltr'><strong>habeat</strong></span> 
     </span>
    </p>
   </div>
   <div class='ocr_carea' id='block_1_39' title="bbox 1933 1200 3539 1275">
    <p class='ocr_par' dir='ltr' id='par_1_39' title="bbox 1933 1200 3539 1275">
     <span class='ocr_line' id='line_1_39' title="bbox 1933 1200 3539 1275; baseline 0.001 -21"><span class='ocrx_word' id='word_1_301' title='bbox 1933 1202 2100 1256; x_wconf 89' lang='lat' dir='ltr'><strong>vitam</strong></span> <span class='ocrx_word' id='word_1_302' title='bbox 2130 1210 2449 1256; x_wconf 67' lang='lat' dir='ltr'><strong>aeternam.»</strong></span> <span class='ocrx_word' id='word_1_303' title='bbox 2483 1200 2784 1272; x_wconf 86' lang='lat' dir='ltr'><strong>Postquam</strong></span> <span class='ocrx_word' id='word_1_304' title='bbox 2802 1203 2940 1256; x_wconf 79' lang='lat' dir='ltr'><strong>dixit</strong></span> <span class='ocrx_word' id='word_1_305' title='bbox 2976 1205 3042 1257; x_wconf 89' lang='lat' dir='ltr'><strong>de</strong></span> <span class='ocrx_word' id='word_1_306' title='bbox 3063 1203 3420 1275; x_wconf 82' lang='lat' dir='ltr'><strong>generatione</strong></span> <span class='ocrx_word' id='word_1_307' title='bbox 3443 1217 3539 1272; x_wconf 91' lang='lat' dir='ltr'><strong>per</strong></span> 
     </span>
    </p>
   </div>
   <div class='ocr_carea' id='block_1_40' title="bbox 1932 1295 3538 1367">
    <p class='ocr_par' dir='ltr' id='par_1_40' title="bbox 1932 1295 3538 1367">
     <span class='ocr_line' id='line_1_40' title="bbox 1932 1295 3538 1367; baseline 0.002 -19"><span class='ocrx_word' id='word_1_308' title='bbox 1932 1295 2283 1364; x_wconf 87' lang='lat' dir='ltr'><strong>baptismum,</strong></span> <span class='ocrx_word' id='word_1_309' title='bbox 2311 1312 2457 1351; x_wconf 88' lang='lat' dir='ltr'><strong>nunc</strong></span> <span class='ocrx_word' id='word_1_310' title='bbox 2485 1296 2616 1352; x_wconf 83' lang='lat' dir='ltr'><strong>dicit</strong></span> <span class='ocrx_word' id='word_1_311' title='bbox 2645 1297 2712 1352; x_wconf 89' lang='lat' dir='ltr'><strong>de</strong></span> <span class='ocrx_word' id='word_1_312' title='bbox 2729 1296 3001 1351; x_wconf 87' lang='lat' dir='ltr'><strong>benclicio</strong></span> <span class='ocrx_word' id='word_1_313' title='bbox 3027 1299 3171 1366; x_wconf 89' lang='lat' dir='ltr'><strong>quod</strong></span> <span class='ocrx_word' id='word_1_314' title='bbox 3193 1313 3290 1367; x_wconf 89' lang='lat' dir='ltr'><strong>per</strong></span> <span class='ocrx_word' id='word_1_315' title='bbox 3318 1311 3538 1353; x_wconf 80' lang='lat' dir='ltr'><strong>crucem</strong></span> 
     </span>
    </p>
   </div>
   <div class='ocr_carea' id='block_1_41' title="bbox 1931 1387 3537 1446">
    <p class='ocr_par' dir='ltr' id='par_1_41' title="bbox 1931 1387 3537 1446">
     <span class='ocr_line' id='line_1_41' title="bbox 1931 1387 3537 1446; baseline 0.002 -4"><span class='ocrx_word' id='word_1_316' title='bbox 1931 1388 2093 1443; x_wconf 92' lang='lat' dir='ltr'><strong>nobis</strong></span> <span class='ocrx_word' id='word_1_317' title='bbox 2122 1387 2327 1443; x_wconf 82' lang='lat' dir='ltr'><strong>factum</strong></span> <span class='ocrx_word' id='word_1_318' title='bbox 2356 1400 2461 1445; x_wconf 90' lang='grc' dir='ltr'><strong>εει.</strong></span> <span class='ocrx_word' id='word_1_319' title='bbox 2490 1389 2636 1445; x_wconf 79' lang='lat' dir='ltr'><strong>Crux</strong></span> <span class='ocrx_word' id='word_1_320' title='bbox 2693 1391 2839 1445; x_wconf 90' lang='lat' dir='ltr'><strong>enim</strong></span> <span class='ocrx_word' id='word_1_321' title='bbox 2871 1400 2925 1446; x_wconf 90' lang='lat' dir='ltr'><strong>et</strong></span> <span class='ocrx_word' id='word_1_322' title='bbox 2956 1405 3110 1446; x_wconf 89' lang='lat' dir='ltr'><strong>mors</strong></span> <span class='ocrx_word' id='word_1_323' title='bbox 3146 1401 3339 1445; x_wconf 85' lang='lat' dir='ltr'><strong>auctor</strong></span> <span class='ocrx_word' id='word_1_324' title='bbox 3378 1390 3537 1445; x_wconf 84' lang='lat' dir='ltr'><strong>nubis</strong></span> 
     </span>
    </p>
   </div>
   <div class='ocr_carea' id='block_1_42' title="bbox 1932 1481 3537 1554">
    <p class='ocr_par' dir='ltr' id='par_1_42' title="bbox 1932 1481 3537 1554">
     <span class='ocr_line' id='line_1_42' title="bbox 1932 1481 3537 1554; baseline 0.001 -18"><span class='ocrx_word' id='word_1_325' title='bbox 1932 1482 1988 1536; x_wconf 81' lang='lat' dir='ltr'><strong>ﬁt</strong></span> <span class='ocrx_word' id='word_1_326' title='bbox 2029 1481 2241 1551; x_wconf 68' lang='lat' dir='ltr'><strong>gratiae,</strong></span> <span class='ocrx_word' id='word_1_327' title='bbox 2288 1497 2411 1551; x_wconf 66' lang='lat' dir='ltr'><strong>quae</strong></span> <span class='ocrx_word' id='word_1_328' title='bbox 2447 1497 2544 1552; x_wconf 90' lang='lat' dir='ltr'><strong>per</strong></span> <span class='ocrx_word' id='word_1_329' title='bbox 2575 1483 2907 1554; x_wconf 79' lang='lat' dir='ltr'><strong>baptismum</strong></span> <span class='ocrx_word' id='word_1_330' title='bbox 2949 1485 3076 1538; x_wconf 86' lang='lat' dir='ltr'><strong>data</strong></span> <span class='ocrx_word' id='word_1_331' title='bbox 3119 1493 3227 1548; x_wconf 90' lang='lat' dir='ltr'><strong>est,</strong></span> <span class='ocrx_word' id='word_1_332' title='bbox 3265 1483 3537 1553; x_wconf 84' lang='lat' dir='ltr'><strong>siquidem</strong></span> 
     </span>
    </p>
   </div>
   <div class='ocr_carea' id='block_1_43' title="bbox 1933 1574 3538 1645">
    <p class='ocr_par' dir='ltr' id='par_1_43' title="bbox 1933 1574 3538 1645">
     <span class='ocr_line' id='line_1_43' title="bbox 1933 1574 3538 1645; baseline 0.002 -17"><span class='ocrx_word' id='word_1_333' title='bbox 1933 1589 2056 1628; x_wconf 89' lang='lat' dir='ltr'><strong>cum</strong></span> <span class='ocrx_word' id='word_1_334' title='bbox 2094 1574 2468 1643; x_wconf 81' lang='lat' dir='ltr'><strong>baptizamur,</strong></span> <span class='ocrx_word' id='word_1_335' title='bbox 2512 1585 2748 1631; x_wconf 87' lang='lat' dir='ltr'><strong>mortem</strong></span> <span class='ocrx_word' id='word_1_336' title='bbox 2779 1575 2998 1631; x_wconf 85' lang='lat' dir='ltr'><strong>Domini</strong></span> <span class='ocrx_word' id='word_1_337' title='bbox 3049 1584 3538 1645; x_wconf 65' lang='lat' dir='ltr'><strong>reprmseutamus.</strong></span> 
     </span>
    </p>
   </div>
   <div class='ocr_carea' id='block_1_44' title="bbox 1930 1664 3540 1738">
    <p class='ocr_par' dir='ltr' id='par_1_44' title="bbox 1930 1664 3540 1738">
     <span class='ocr_line' id='line_1_44' title="bbox 1930 1664 3540 1738; baseline 0.001 -18"><span class='ocrx_word' id='word_1_338' title='bbox 1930 1664 2048 1722; x_wconf 82' lang='lat' dir='ltr'><strong>Non</strong></span> <span class='ocrx_word' id='word_1_339' title='bbox 2075 1667 2210 1723; x_wconf 90' lang='lat' dir='ltr'><strong>dicit</strong></span> <span class='ocrx_word' id='word_1_340' title='bbox 2240 1679 2423 1723; x_wconf 84' lang='lat' dir='ltr'><strong>autem</strong></span> <span class='ocrx_word' id='word_1_341' title='bbox 2457 1667 3214 1738; x_wconf 74' lang='lat' dir='ltr'><strong>maniieste,Crucitigendus</strong></span> <span class='ocrx_word' id='word_1_342' title='bbox 3236 1683 3357 1723; x_wconf 87' lang='lat' dir='ltr'><strong>sum</strong></span> <span class='ocrx_word' id='word_1_343' title='bbox 3382 1681 3396 1720; x_wconf 92' lang='lat'><strong>:</strong></span> <span class='ocrx_word' id='word_1_344' title='bbox 3437 1665 3540 1723; x_wconf 87' lang='lat' dir='ltr'><strong>sed</strong></span> 
     </span>
    </p>
   </div>
   <div class='ocr_carea' id='block_1_45' title="bbox 1933 1757 3538 1828">
    <p class='ocr_par' dir='ltr' id='par_1_45' title="bbox 1933 1757 3538 1828">
     <span class='ocr_line' id='line_1_45' title="bbox 1933 1757 3538 1828; baseline -0.001 -17"><span class='ocrx_word' id='word_1_345' title='bbox 1933 1759 2184 1812; x_wconf 86' lang='lat' dir='ltr'><strong>meminit</strong></span> <span class='ocrx_word' id='word_1_346' title='bbox 2207 1759 2482 1828; x_wconf 86' lang='lat' dir='ltr'><strong>serpentis</strong></span> <span class='ocrx_word' id='word_1_347' title='bbox 2503 1759 2580 1827; x_wconf 85' lang='grc'><strong>⁷⁷,</strong></span> <span class='ocrx_word' id='word_1_348' title='bbox 2626 1769 2683 1815; x_wconf 90' lang='lat' dir='ltr'><strong>et</strong></span> <span class='ocrx_word' id='word_1_349' title='bbox 2735 1759 2938 1814; x_wconf 86' lang='lat' dir='ltr'><strong>veteris</strong></span> <span class='ocrx_word' id='word_1_350' title='bbox 2987 1758 3256 1821; x_wconf 71' lang='lat' dir='ltr'><strong>hisl0rim,</strong></span> <span class='ocrx_word' id='word_1_351' title='bbox 3315 1757 3538 1814; x_wconf 86' lang='lat' dir='ltr'><strong>interim</strong></span> 
     </span>
    </p>
   </div>
   <div class='ocr_carea' id='block_1_46' title="bbox 1933 1850 3539 1923">
    <p class='ocr_par' dir='ltr' id='par_1_46' title="bbox 1933 1850 3539 1923">
     <span class='ocr_line' id='line_1_46' title="bbox 1933 1850 3539 1923; baseline 0.001 -16"><span class='ocrx_word' id='word_1_352' title='bbox 1933 1862 2136 1909; x_wconf 81' lang='lat' dir='ltr'><strong>docens</strong></span> <span class='ocrx_word' id='word_1_353' title='bbox 2167 1865 2351 1908; x_wconf 83' lang='lat' dir='ltr'><strong>vetera</strong></span> <span class='ocrx_word' id='word_1_354' title='bbox 2372 1865 2603 1923; x_wconf 72' lang='lat' dir='ltr'><strong>cognata</strong></span> <span class='ocrx_word' id='word_1_355' title='bbox 2632 1855 2814 1921; x_wconf 84' lang='lat' dir='ltr'><strong>novis,</strong></span> <span class='ocrx_word' id='word_1_356' title='bbox 2846 1863 2900 1907; x_wconf 90' lang='lat' dir='ltr'><strong>et</strong></span> <span class='ocrx_word' id='word_1_357' title='bbox 2929 1869 3097 1908; x_wconf 92' lang='lat' dir='ltr'><strong>unum</strong></span> <span class='ocrx_word' id='word_1_358' title='bbox 3123 1867 3245 1908; x_wconf 86' lang='lat' dir='ltr'><strong>esse</strong></span> <span class='ocrx_word' id='word_1_359' title='bbox 3268 1850 3539 1922; x_wconf 79' lang='lat' dir='ltr'><strong>legislatu-</strong></span> 
     </span>
    </p>
   </div>
   <div class='ocr_carea' id='block_1_47' title="bbox 1932 1944 3544 2002">
    <p class='ocr_par' dir='ltr' id='par_1_47' title="bbox 1932 1944 3544 2002">
     <span class='ocr_line' id='line_1_47' title="bbox 1932 1944 3544 2002; baseline 0 -2"><span class='ocrx_word' id='word_1_360' title='bbox 1932 1961 2048 2002; x_wconf 89' lang='lat' dir='ltr'><strong>rem</strong></span> <span class='ocrx_word' id='word_1_361' title='bbox 2086 1944 2300 2001; x_wconf 81' lang='lat' dir='ltr'><strong>Veteris</strong></span> <span class='ocrx_word' id='word_1_362' title='bbox 2325 1958 2378 2001; x_wconf 90' lang='lat' dir='ltr'><strong>et</strong></span> <span class='ocrx_word' id='word_1_363' title='bbox 2398 1944 2531 2001; x_wconf 79' lang='lat' dir='ltr'><strong>Novi</strong></span> <span class='ocrx_word' id='word_1_364' title='bbox 2561 1947 2900 2002; x_wconf 84' lang='lat' dir='ltr'><strong>Testamenti</strong></span> <span class='ocrx_word' id='word_1_365' title='bbox 2933 1946 3185 2001; x_wconf 88' lang='lat' dir='ltr'><strong>:tamclsi</strong></span> <span class='ocrx_word' id='word_1_366' title='bbox 3217 1944 3456 2000; x_wconf 80' lang='lat' dir='ltr'><strong>Marcion</strong></span> <span class='ocrx_word' id='word_1_367' title='bbox 3485 1953 3544 2001; x_wconf 90' lang='lat' dir='ltr'><strong>et</strong></span> 
     </span>
    </p>
   </div>
   <div class='ocr_carea' id='block_1_48' title="bbox 1930 2038 3536 2110">
    <p class='ocr_par' dir='ltr' id='par_1_48' title="bbox 1930 2038 3536 2110">
     <span class='ocr_line' id='line_1_48' title="bbox 1930 2038 3536 2110; baseline 0.001 -18"><span class='ocrx_word' id='word_1_368' title='bbox 1930 2039 2266 2094; x_wconf 72' lang='lat' dir='ltr'><strong>Manichmus</strong></span> <span class='ocrx_word' id='word_1_369' title='bbox 2287 2051 2341 2096; x_wconf 90' lang='lat' dir='ltr'><strong>et</strong></span> <span class='ocrx_word' id='word_1_370' title='bbox 2368 2042 2577 2106; x_wconf 83' lang='lat' dir='ltr'><strong>reliqua</strong></span> <span class='ocrx_word' id='word_1_371' title='bbox 2615 2041 2667 2095; x_wconf 94' lang='lat' dir='ltr'><strong>id</strong></span> <span class='ocrx_word' id='word_1_372' title='bbox 2701 2054 2875 2110; x_wconf 77' lang='lat' dir='ltr'><strong>genus</strong></span> <span class='ocrx_word' id='word_1_373' title='bbox 2904 2039 3285 2094; x_wconf 84' lang='lat' dir='ltr'><strong>haereticorum</strong></span> <span class='ocrx_word' id='word_1_374' title='bbox 3312 2038 3536 2105; x_wconf 84' lang='lat' dir='ltr'><strong>cohors,</strong></span> 
     </span>
    </p>
   </div>
   <div class='ocr_carea' id='block_1_49' title="bbox 1937 2130 3542 2202">
    <p class='ocr_par' dir='ltr' id='par_1_49' title="bbox 1937 2130 3542 2202">
     <span class='ocr_line' id='line_1_49' title="bbox 1937 2130 3542 2202; baseline 0.001 -18"><span class='ocrx_word' id='word_1_375' title='bbox 1937 2130 2103 2187; x_wconf 85' lang='lat' dir='ltr'><strong>Vetus</strong></span> <span class='ocrx_word' id='word_1_376' title='bbox 2135 2132 2413 2201; x_wconf 84' lang='lat' dir='ltr'><strong>rejiciaut,</strong></span> <span class='ocrx_word' id='word_1_377' title='bbox 2447 2133 2693 2187; x_wconf 87' lang='lat' dir='ltr'><strong>dicentes</strong></span> <span class='ocrx_word' id='word_1_378' title='bbox 2732 2133 2912 2202; x_wconf 91' lang='lat' dir='ltr'><strong>ipsum</strong></span> <span class='ocrx_word' id='word_1_379' title='bbox 2944 2147 2975 2186; x_wconf 90' lang='lat' dir='ltr'><strong>a</strong></span> <span class='ocrx_word' id='word_1_380' title='bbox 3006 2132 3152 2186; x_wconf 91' lang='lat' dir='ltr'><strong>malo</strong></span> <span class='ocrx_word' id='word_1_381' title='bbox 3185 2131 3384 2199; x_wconf 83' lang='lat' dir='ltr'><strong>opiﬁce</strong></span> <span class='ocrx_word' id='word_1_382' title='bbox 3416 2145 3542 2186; x_wconf 88' lang='lat' dir='ltr'><strong>esse</strong></span> 
     </span>
    </p>
   </div>
   <div class='ocr_carea' id='block_1_50' title="bbox 1932 2225 3542 2298">
    <p class='ocr_par' dir='ltr' id='par_1_50' title="bbox 1932 2225 3542 2298">
     <span class='ocr_line' id='line_1_50' title="bbox 1932 2225 3542 2298; baseline 0.001 -17"><span class='ocrx_word' id='word_1_383' title='bbox 1932 2228 2237 2286; x_wconf 77' lang='lat' dir='ltr'><strong>conditum.</strong></span> <span class='ocrx_word' id='word_1_384' title='bbox 2273 2227 2443 2283; x_wconf 89' lang='lat' dir='ltr'><strong>Docet</strong></span> <span class='ocrx_word' id='word_1_385' title='bbox 2499 2231 2649 2292; x_wconf 88' lang='lat' dir='ltr'><strong>item,</strong></span> <span class='ocrx_word' id='word_1_386' title='bbox 2703 2242 2830 2283; x_wconf 90' lang='lat' dir='ltr'><strong>eum</strong></span> <span class='ocrx_word' id='word_1_387' title='bbox 2885 2225 3056 2281; x_wconf 77' lang='lat' dir='ltr'><strong>Judaei</strong></span> <span class='ocrx_word' id='word_1_388' title='bbox 3113 2227 3361 2282; x_wconf 79' lang='lat' dir='ltr'><strong>videntes</strong></span> <span class='ocrx_word' id='word_1_389' title='bbox 3411 2226 3542 2298; x_wconf 71' lang='grc' dir='ltr'><strong>τοτεί</strong></span> 
     </span>
    </p>
   </div>
   <div class='ocr_carea' id='block_1_51' title="bbox 1931 2320 3543 2392">
    <p class='ocr_par' dir='ltr' id='par_1_51' title="bbox 1931 2320 3543 2392">
     <span class='ocr_line' id='line_1_51' title="bbox 1931 2320 3543 2392; baseline 0.002 -20"><span class='ocrx_word' id='word_1_390' title='bbox 1931 2320 2202 2389; x_wconf 78' lang='lat' dir='ltr'><strong>serpentis</strong></span> <span class='ocrx_word' id='word_1_391' title='bbox 2273 2321 2589 2392; x_wconf 81' lang='lat' dir='ltr'><strong>imaginem,</strong></span> <span class='ocrx_word' id='word_1_392' title='bbox 2676 2329 2909 2375; x_wconf 88' lang='lat' dir='ltr'><strong>mortem</strong></span> <span class='ocrx_word' id='word_1_393' title='bbox 2973 2320 3304 2391; x_wconf 79' lang='lat' dir='ltr'><strong>etfugerint,</strong></span> <span class='ocrx_word' id='word_1_394' title='bbox 3365 2320 3543 2377; x_wconf 92' lang='lat' dir='ltr'><strong>multo</strong></span> 
     </span>
    </p>
   </div>
   <div class='ocr_carea' id='block_1_52' title="bbox 1936 2414 3542 2483">
    <p class='ocr_par' dir='ltr' id='par_1_52' title="bbox 1936 2414 3542 2483">
     <span class='ocr_line' id='line_1_52' title="bbox 1936 2414 3542 2483; baseline 0.002 -17"><span class='ocrx_word' id='word_1_395' title='bbox 1936 2415 2107 2483; x_wconf 75' lang='lat' dir='ltr'><strong>magis</strong></span> <span class='ocrx_word' id='word_1_396' title='bbox 2141 2428 2237 2469; x_wconf 87' lang='lat' dir='ltr'><strong>nos</strong></span> <span class='ocrx_word' id='word_1_397' title='bbox 2271 2415 2337 2467; x_wconf 91' lang='lat' dir='ltr'><strong>ad</strong></span> <span class='ocrx_word' id='word_1_398' title='bbox 2365 2414 2689 2470; x_wconf 75' lang='lat' dir='ltr'><strong>cruciﬁxum</strong></span> <span class='ocrx_word' id='word_1_399' title='bbox 2745 2415 3105 2483; x_wconf 83' lang='lat' dir='ltr'><strong>respicientes</strong></span> <span class='ocrx_word' id='word_1_400' title='bbox 3154 2426 3209 2471; x_wconf 87' lang='lat' dir='ltr'><strong>et</strong></span> <span class='ocrx_word' id='word_1_401' title='bbox 3250 2416 3542 2472; x_wconf 86' lang='lat' dir='ltr'><strong>credentes</strong></span> 
     </span>
    </p>
   </div>
   <div class='ocr_carea' id='block_1_53' title="bbox 1934 2506 3540 2581">
    <p class='ocr_par' dir='ltr' id='par_1_53' title="bbox 1934 2506 3540 2581">
     <span class='ocr_line' id='line_1_53' title="bbox 1934 2506 3540 2581; baseline 0.002 -20"><span class='ocrx_word' id='word_1_402' title='bbox 1934 2510 2131 2564; x_wconf 78' lang='lat' dir='ltr'><strong>anima:</strong></span> <span class='ocrx_word' id='word_1_403' title='bbox 2156 2519 2386 2563; x_wconf 85' lang='lat' dir='ltr'><strong>mortem</strong></span> <span class='ocrx_word' id='word_1_404' title='bbox 2416 2506 2902 2578; x_wconf 56' lang='lat' dir='ltr'><strong>cliugiturosﬂide</strong></span> <span class='ocrx_word' id='word_1_405' title='bbox 2919 2517 3124 2574; x_wconf 87' lang='lat' dir='ltr'><strong>autem,</strong></span> <span class='ocrx_word' id='word_1_406' title='bbox 3145 2525 3264 2573; x_wconf 87' lang='lat' dir='ltr'><strong>oro,</strong></span> <span class='ocrx_word' id='word_1_407' title='bbox 3285 2509 3540 2581; x_wconf 79' lang='lat' dir='ltr'><strong>ﬁguram,</strong></span> 
     </span>
    </p>
   </div>
   <div class='ocr_carea' id='block_1_54' title="bbox 1933 2603 3545 2672">
    <p class='ocr_par' dir='ltr' id='par_1_54' title="bbox 1933 2603 3545 2672">
     <span class='ocr_line' id='line_1_54' title="bbox 1933 2603 3545 2672; baseline 0.001 -16"><span class='ocrx_word' id='word_1_408' title='bbox 1933 2612 1988 2656; x_wconf 84' lang='lat' dir='ltr'><strong>et</strong></span> <span class='ocrx_word' id='word_1_409' title='bbox 2009 2603 2200 2658; x_wconf 78' lang='lat' dir='ltr'><strong>confer</strong></span> <span class='ocrx_word' id='word_1_410' title='bbox 2233 2618 2354 2656; x_wconf 82' lang='lat' dir='ltr'><strong>eutn</strong></span> <span class='ocrx_word' id='word_1_411' title='bbox 2398 2604 2645 2657; x_wconf 79' lang='lat' dir='ltr'><strong>veritate.</strong></span> <span class='ocrx_word' id='word_1_412' title='bbox 2668 2603 2779 2656; x_wconf 90' lang='lat' dir='ltr'><strong>Illic</strong></span> <span class='ocrx_word' id='word_1_413' title='bbox 2804 2604 3074 2672; x_wconf 74' lang='lat' dir='ltr'><strong>serpentis</strong></span> <span class='ocrx_word' id='word_1_414' title='bbox 3105 2603 3404 2658; x_wconf 80' lang='lat' dir='ltr'><strong>similitudo</strong></span> <span class='ocrx_word' id='word_1_415' title='bbox 3440 2604 3545 2660; x_wconf 79' lang='lat' dir='ltr'><strong>for-</strong></span> 
     </span>
    </p>
   </div>
   <div class='ocr_carea' id='block_1_55' title="bbox 1937 2695 3543 2762">
    <p class='ocr_par' dir='ltr' id='par_1_55' title="bbox 1937 2695 3543 2762">
     <span class='ocr_line' id='line_1_55' title="bbox 1937 2695 3543 2762; baseline 0.004 -16"><span class='ocrx_word' id='word_1_416' title='bbox 1937 2708 2080 2748; x_wconf 90' lang='lat' dir='ltr'><strong>mam</strong></span> <span class='ocrx_word' id='word_1_417' title='bbox 2106 2697 2326 2761; x_wconf 81' lang='lat' dir='ltr'><strong>quidem</strong></span> <span class='ocrx_word' id='word_1_418' title='bbox 2362 2695 2523 2750; x_wconf 81' lang='lat' dir='ltr'><strong>habet</strong></span> <span class='ocrx_word' id='word_1_419' title='bbox 2556 2697 2762 2762; x_wconf 68' lang='lat' dir='ltr'><strong>hestim,</strong></span> <span class='ocrx_word' id='word_1_420' title='bbox 2795 2709 3065 2750; x_wconf 77' lang='lat' dir='ltr'><strong>venenum</strong></span> <span class='ocrx_word' id='word_1_421' title='bbox 3099 2709 3279 2752; x_wconf 77' lang='lat' dir='ltr'><strong>autem</strong></span> <span class='ocrx_word' id='word_1_422' title='bbox 3308 2714 3416 2754; x_wconf 83' lang='lat' dir='ltr'><strong>non</strong></span> <span class='ocrx_word' id='word_1_423' title='bbox 3447 2699 3543 2753; x_wconf 86' lang='lat' dir='ltr'><strong>ha—</strong></span> 
     </span>
    </p>
   </div>
   <div class='ocr_carea' id='block_1_56' title="bbox 1936 2787 3545 2859">
    <p class='ocr_par' dir='ltr' id='par_1_56' title="bbox 1936 2787 3545 2859">
     <span class='ocr_line' id='line_1_56' title="bbox 1936 2787 3545 2859; baseline 0.002 -17"><span class='ocrx_word' id='word_1_424' title='bbox 1936 2787 2021 2842; x_wconf 88' lang='lat' dir='ltr'><strong>bet</strong></span> <span class='ocrx_word' id='word_1_425' title='bbox 2057 2787 2243 2859; x_wconf 58' lang='lat'><strong>5&amp;3.</strong></span> <span class='ocrx_word' id='word_1_426' title='bbox 2287 2788 2365 2842; x_wconf 87' lang='lat' dir='ltr'><strong>Ita</strong></span> <span class='ocrx_word' id='word_1_427' title='bbox 2416 2798 2464 2841; x_wconf 91' lang='lat' dir='ltr'><strong>ct</strong></span> <span class='ocrx_word' id='word_1_428' title='bbox 2523 2789 2626 2842; x_wconf 82' lang='lat' dir='ltr'><strong>hoc</strong></span> <span class='ocrx_word' id='word_1_429' title='bbox 2673 2788 2794 2841; x_wconf 86' lang='lat' dir='ltr'><strong>loco</strong></span> <span class='ocrx_word' id='word_1_430' title='bbox 2838 2789 3002 2842; x_wconf 90' lang='lat' dir='ltr'><strong>homo</strong></span> <span class='ocrx_word' id='word_1_431' title='bbox 3044 2789 3337 2855; x_wconf 86' lang='lat' dir='ltr'><strong>Dominus,</strong></span> <span class='ocrx_word' id='word_1_432' title='bbox 3379 2791 3472 2846; x_wconf 88' lang='lat' dir='ltr'><strong>sed</strong></span> <span class='ocrx_word' id='word_1_433' title='bbox 3513 2806 3545 2846; x_wconf 76' lang='grc' dir='ltr'><strong>α</strong></span> 
     </span>
    </p>
   </div>
   <div class='ocr_carea' id='block_1_57' title="bbox 1936 2881 3544 2953">
    <p class='ocr_par' dir='ltr' id='par_1_57' title="bbox 1936 2881 3544 2953">
     <span class='ocr_line' id='line_1_57' title="bbox 1936 2881 3544 2953; baseline 0.002 -17"><span class='ocrx_word' id='word_1_434' title='bbox 1936 2885 2146 2951; x_wconf 85' lang='lat' dir='ltr'><strong>peccati</strong></span> <span class='ocrx_word' id='word_1_435' title='bbox 2183 2897 2394 2935; x_wconf 83' lang='lat' dir='ltr'><strong>veneno</strong></span> <span class='ocrx_word' id='word_1_436' title='bbox 2424 2881 2584 2942; x_wconf 83' lang='lat' dir='ltr'><strong>liber,</strong></span> <span class='ocrx_word' id='word_1_437' title='bbox 2624 2881 2675 2935; x_wconf 92' lang='lat' dir='ltr'><strong>iu</strong></span> <span class='ocrx_word' id='word_1_438' title='bbox 2713 2881 3081 2937; x_wconf 88' lang='lat' dir='ltr'><strong>similitudine</strong></span> <span class='ocrx_word' id='word_1_439' title='bbox 3117 2883 3300 2939; x_wconf 83' lang='lat' dir='ltr'><strong>carnis</strong></span> <span class='ocrx_word' id='word_1_440' title='bbox 3333 2884 3544 2953; x_wconf 87' lang='lat' dir='ltr'><strong>peccati</strong></span> 
     </span>
    </p>
   </div>
   <div class='ocr_carea' id='block_1_58' title="bbox 1939 2976 3547 3045">
    <p class='ocr_par' dir='ltr' id='par_1_58' title="bbox 1939 2976 3547 3045">
     <span class='ocr_line' id='line_1_58' title="bbox 1939 2976 3547 3045; baseline 0.003 -17"><span class='ocrx_word' id='word_1_441' title='bbox 1939 2978 2108 3042; x_wconf 85' lang='lat' dir='ltr'><strong>venit,</strong></span> <span class='ocrx_word' id='word_1_442' title='bbox 2142 2977 2246 3031; x_wconf 87' lang='lat' dir='ltr'><strong>hoc</strong></span> <span class='ocrx_word' id='word_1_443' title='bbox 2275 2985 2396 3043; x_wconf 90' lang='lat' dir='ltr'><strong>est,</strong></span> <span class='ocrx_word' id='word_1_444' title='bbox 2449 2976 2501 3029; x_wconf 92' lang='lat' dir='ltr'><strong>iu</strong></span> <span class='ocrx_word' id='word_1_445' title='bbox 2551 2977 2912 3031; x_wconf 75' lang='lat' dir='ltr'><strong>similitudine</strong></span> <span class='ocrx_word' id='word_1_446' title='bbox 2959 2977 3146 3030; x_wconf 86' lang='lat' dir='ltr'><strong>carnis</strong></span> <span class='ocrx_word' id='word_1_447' title='bbox 3186 2985 3414 3045; x_wconf 83' lang='lat' dir='ltr'><strong>peceato</strong></span> <span class='ocrx_word' id='word_1_448' title='bbox 3444 2979 3547 3033; x_wconf 86' lang='lat' dir='ltr'><strong>ob-</strong></span> 
     </span>
    </p>
   </div>
   <div class='ocr_carea' id='block_1_59' title="bbox 1940 3070 3548 3139">
    <p class='ocr_par' dir='ltr' id='par_1_59' title="bbox 1940 3070 3548 3139">
     <span class='ocr_line' id='line_1_59' title="bbox 1940 3070 3548 3139; baseline 0.002 -14"><span class='ocrx_word' id='word_1_449' title='bbox 1940 3072 2138 3138; x_wconf 76' lang='lat' dir='ltr'><strong>noxiae,</strong></span> <span class='ocrx_word' id='word_1_450' title='bbox 2199 3087 2317 3139; x_wconf 70' lang='lat' dir='ltr'><strong>qua:</strong></span> <span class='ocrx_word' id='word_1_451' title='bbox 2365 3071 2592 3126; x_wconf 91' lang='lat' dir='ltr'><strong>minime</strong></span> <span class='ocrx_word' id='word_1_452' title='bbox 2643 3085 2772 3125; x_wconf 87' lang='lat' dir='ltr'><strong>caro</strong></span> <span class='ocrx_word' id='word_1_453' title='bbox 2813 3070 3025 3138; x_wconf 87' lang='lat' dir='ltr'><strong>peccati</strong></span> <span class='ocrx_word' id='word_1_454' title='bbox 3077 3081 3242 3126; x_wconf 88' lang='lat' dir='ltr'><strong>esset.</strong></span> <span class='ocrx_word' id='word_1_455' title='bbox 3300 3070 3365 3125; x_wconf 87' lang='lat' dir='ltr'><strong>Et</strong></span> <span class='ocrx_word' id='word_1_456' title='bbox 3419 3080 3548 3129; x_wconf 89' lang='lat' dir='ltr'><strong>tunc</strong></span> 
     </span>
    </p>
   </div>
   <div class='ocr_carea' id='block_1_60' title="bbox 1940 3164 3549 3234">
    <p class='ocr_par' dir='ltr' id='par_1_60' title="bbox 1940 3164 3549 3234">
     <span class='ocr_line' id='line_1_60' title="bbox 1940 3164 3549 3234; baseline 0.002 -16"><span class='ocrx_word' id='word_1_457' title='bbox 1940 3164 2160 3234; x_wconf 86' lang='lat' dir='ltr'><strong>quidem</strong></span> <span class='ocrx_word' id='word_1_458' title='bbox 2194 3164 2443 3218; x_wconf 76' lang='lat' dir='ltr'><strong>videntes</strong></span> <span class='ocrx_word' id='word_1_459' title='bbox 2475 3164 2781 3218; x_wconf 78' lang='lat' dir='ltr'><strong>evadebant</strong></span> <span class='ocrx_word' id='word_1_460' title='bbox 2817 3174 3048 3219; x_wconf 86' lang='lat' dir='ltr'><strong>mortem</strong></span> <span class='ocrx_word' id='word_1_461' title='bbox 3078 3165 3326 3234; x_wconf 80' lang='lat' dir='ltr'><strong>corporis</strong></span> <span class='ocrx_word' id='word_1_462' title='bbox 3354 3183 3365 3217; x_wconf 91' lang='lat'><strong>:</strong></span> <span class='ocrx_word' id='word_1_463' title='bbox 3399 3181 3549 3222; x_wconf 90' lang='lat' dir='ltr'><strong>nunc</strong></span> 
     </span>
    </p>
   </div>
   <div class='ocr_carea' id='block_1_61' title="bbox 233 3251 1835 3325">
    <p class='ocr_par' dir='ltr' id='par_1_61' title="bbox 233 3251 1834 3321">
     <span class='ocr_line' id='line_1_61' title="bbox 233 3251 1834 3321; baseline 0.001 -20"><span class='ocrx_word' id='word_1_464' title='bbox 233 3251 547 3320; x_wconf 77' lang='grc' dir='ltr'><strong>ὁμοιώματι</strong></span> <span class='ocrx_word' id='word_1_465' title='bbox 582 3251 784 3320; x_wconf 69' lang='grc' dir='ltr'><strong>σαρκὸς</strong></span> <span class='ocrx_word' id='word_1_466' title='bbox 831 3251 1076 3320; x_wconf 73' lang='grc' dir='ltr'><strong>ἁμαρτίᾳ</strong></span> <span class='ocrx_word' id='word_1_467' title='bbox 1108 3251 1500 3319; x_wconf 80' lang='grc' dir='ltr'><strong>ὑποκειμένης,</strong></span> <span class='ocrx_word' id='word_1_468' title='bbox 1544 3251 1660 3304; x_wconf 82' lang='grc' dir='ltr'><strong>ἀλλ’</strong></span> <span class='ocrx_word' id='word_1_469' title='bbox 1711 3251 1834 3321; x_wconf 72' lang='grc' dir='ltr'><strong>οὐχὶ</strong></span> 
     </span>
    </p>
   </div>
   <div class='ocr_carea' id='block_1_62' title="bbox 1941 3251 3549 3325">
    <p class='ocr_par' dir='ltr' id='par_1_62' title="bbox 1943 3252 3549 3325">
     <span class='ocr_line' id='line_1_62' title="bbox 1943 3252 3549 3325; baseline 0.002 -18"><span class='ocrx_word' id='word_1_470' title='bbox 1943 3264 2122 3307; x_wconf 67' lang='lat' dir='ltr'><strong>autem</strong></span> <span class='ocrx_word' id='word_1_471' title='bbox 2157 3255 2247 3323; x_wconf 85' lang='lat' dir='ltr'><strong>qui</strong></span> <span class='ocrx_word' id='word_1_472' title='bbox 2286 3253 2516 3316; x_wconf 84' lang='lat' dir='ltr'><strong>vident,</strong></span> <span class='ocrx_word' id='word_1_473' title='bbox 2573 3263 2805 3307; x_wconf 87' lang='lat' dir='ltr'><strong>mortem</strong></span> <span class='ocrx_word' id='word_1_474' title='bbox 2862 3255 3081 3307; x_wconf 66' lang='lat' dir='ltr'><strong>animae.</strong></span> <span class='ocrx_word' id='word_1_475' title='bbox 3117 3252 3272 3309; x_wconf 87' lang='lat' dir='ltr'><strong>Tunc</strong></span> <span class='ocrx_word' id='word_1_476' title='bbox 3327 3255 3549 3325; x_wconf 86' lang='lat' dir='ltr'><strong>quidem</strong></span> 
     </span>
    </p>
   </div>
   <div class='ocr_carea' id='block_1_63' title="bbox 236 3340 1831 3413">
    <p class='ocr_par' dir='ltr' id='par_1_63' title="bbox 236 3340 1831 3413">
     <span class='ocr_line' id='line_1_63' title="bbox 236 3340 1831 3413; baseline 0.001 -20"><span class='ocrx_word' id='word_1_477' title='bbox 236 3342 375 3411; x_wconf 77' lang='grc' dir='ltr'><strong>σὰρξ</strong></span> <span class='ocrx_word' id='word_1_478' title='bbox 413 3341 686 3412; x_wconf 69' lang='grc' dir='ltr'><strong>ἁμαρτίας</strong></span> <span class='ocrx_word' id='word_1_479' title='bbox 720 3342 1003 3413; x_wconf 80' lang='grc' dir='ltr'><strong>ὑπάρχων.</strong></span> <span class='ocrx_word' id='word_1_480' title='bbox 1053 3342 1166 3395; x_wconf 77' lang='grc' dir='ltr'><strong>Καὶ</strong></span> <span class='ocrx_word' id='word_1_481' title='bbox 1193 3341 1316 3392; x_wconf 86' lang='grc' dir='ltr'><strong>τότε</strong></span> <span class='ocrx_word' id='word_1_482' title='bbox 1353 3341 1450 3408; x_wconf 82' lang='grc' dir='ltr'><strong>μὲν</strong></span> <span class='ocrx_word' id='word_1_483' title='bbox 1493 3343 1541 3393; x_wconf 80' lang='grc' dir='ltr'><strong>οἱ</strong></span> <span class='ocrx_word' id='word_1_484' title='bbox 1573 3340 1831 3410; x_wconf 77' lang='grc' dir='ltr'><strong>ὁρῶντες,</strong></span> 
     </span>
    </p>
   </div>
   <div class='ocr_carea' id='block_1_64' title="bbox 235 3433 1832 3504">
    <p class='ocr_par' dir='ltr' id='par_1_64' title="bbox 235 3433 1832 3504">
     <span class='ocr_line' id='line_1_64' title="bbox 235 3433 1832 3504; baseline 0.001 -18"><span class='ocrx_word' id='word_1_485' title='bbox 235 3435 574 3503; x_wconf 71' lang='grc' dir='ltr'><strong>σωματικὸν,</strong></span> <span class='ocrx_word' id='word_1_486' title='bbox 609 3436 769 3504; x_wconf 85' lang='grc' dir='ltr'><strong>ἡμεῖς</strong></span> <span class='ocrx_word' id='word_1_487' title='bbox 802 3435 860 3487; x_wconf 78' lang='grc' dir='ltr'><strong>δὲ</strong></span> <span class='ocrx_word' id='word_1_488' title='bbox 919 3435 1150 3504; x_wconf 75' lang='grc' dir='ltr'><strong>ψυχικὸν</strong></span> <span class='ocrx_word' id='word_1_489' title='bbox 1185 3433 1533 3504; x_wconf 78' lang='grc' dir='ltr'><strong>ἐκφεύγομεν</strong></span> <span class='ocrx_word' id='word_1_490' title='bbox 1568 3434 1832 3488; x_wconf 86' lang='grc' dir='ltr'><strong>θάνατον’</strong></span> 
     </span>
    </p>
   </div>
   <div class='ocr_carea' id='block_1_65' title="bbox 234 3527 1833 3597">
    <p class='ocr_par' dir='ltr' id='par_1_65' title="bbox 234 3527 1833 3597">
     <span class='ocr_line' id='line_1_65' title="bbox 234 3527 1833 3597; baseline 0 -17"><span class='ocrx_word' id='word_1_491' title='bbox 234 3529 332 3580; x_wconf 74' lang='grc' dir='ltr'><strong>καὶ</strong></span> <span class='ocrx_word' id='word_1_492' title='bbox 369 3528 492 3578; x_wconf 84' lang='grc' dir='ltr'><strong>τότε</strong></span> <span class='ocrx_word' id='word_1_493' title='bbox 547 3527 644 3597; x_wconf 79' lang='grc' dir='ltr'><strong>μὲν</strong></span> <span class='ocrx_word' id='word_1_494' title='bbox 680 3529 936 3596; x_wconf 84' lang='grc' dir='ltr'><strong>δήγματα</strong></span> <span class='ocrx_word' id='word_1_495' title='bbox 969 3527 1150 3596; x_wconf 79' lang='grc' dir='ltr'><strong>δφεων</strong></span> <span class='ocrx_word' id='word_1_496' title='bbox 1208 3529 1326 3580; x_wconf 82' lang='grc' dir='ltr'><strong>ἰᾶτο</strong></span> <span class='ocrx_word' id='word_1_497' title='bbox 1373 3527 1401 3578; x_wconf 90' lang='lat'><strong>6</strong></span> <span class='ocrx_word' id='word_1_498' title='bbox 1443 3530 1833 3597; x_wconf 82' lang='grc' dir='ltr'><strong>κρεμάμενος,</strong></span> 
     </span>
    </p>
   </div>
   <div class='ocr_carea' id='block_1_66' title="bbox 234 3619 1839 3691">
    <p class='ocr_par' dir='ltr' id='par_1_66' title="bbox 234 3619 1839 3691">
     <span class='ocr_line' id='line_1_66' title="bbox 234 3619 1839 3691; baseline -0.001 -17"><span class='ocrx_word' id='word_1_499' title='bbox 234 3621 334 3674; x_wconf 78' lang='grc' dir='ltr'><strong>νῦν</strong></span> <span class='ocrx_word' id='word_1_500' title='bbox 363 3621 421 3674; x_wconf 63' lang='grc' dir='ltr'><strong>δὲ</strong></span> <span class='ocrx_word' id='word_1_501' title='bbox 445 3619 542 3673; x_wconf 86' lang='grc' dir='ltr'><strong>τοῦ</strong></span> <span class='ocrx_word' id='word_1_502' title='bbox 576 3621 773 3689; x_wconf 83' lang='grc' dir='ltr'><strong>νοητοῦ</strong></span> <span class='ocrx_word' id='word_1_503' title='bbox 800 3621 1097 3690; x_wconf 86' lang='grc' dir='ltr'><strong>δράκοντος</strong></span> <span class='ocrx_word' id='word_1_504' title='bbox 1138 3621 1238 3680; x_wconf 75' lang='grc' dir='ltr'><strong>τὰς</strong></span> <span class='ocrx_word' id='word_1_505' title='bbox 1279 3620 1498 3690; x_wconf 83' lang='grc' dir='ltr'><strong>πληγὰς</strong></span> <span class='ocrx_word' id='word_1_506' title='bbox 1536 3620 1839 3691; x_wconf 68' lang='grc' dir='ltr'><strong>θεραπεύει</strong></span> 
     </span>
    </p>
   </div>
   <div class='ocr_carea' id='block_1_67' title="bbox 235 3713 1838 3786">
    <p class='ocr_par' dir='ltr' id='par_1_67' title="bbox 235 3713 1838 3786">
     <span class='ocr_line' id='line_1_67' title="bbox 235 3713 1838 3786; baseline -0.001 -18"><span class='ocrx_word' id='word_1_507' title='bbox 235 3714 493 3786; x_wconf 70' lang='grc' dir='ltr'><strong>Χριστός.</strong></span> <span class='ocrx_word' id='word_1_508' title='bbox 549 3731 569 3766; x_wconf 72' lang='grc' dir='ltr'><strong>ι</strong></span> <span class='ocrx_word' id='word_1_509' title='bbox 631 3713 949 3782; x_wconf 63' lang='grc' dir='ltr'><strong>’Υψωθῆναι</strong></span> <span class='ocrx_word' id='word_1_510' title='bbox 997 3732 1017 3765; x_wconf 71' lang='grc' dir='ltr'><strong>ι</strong></span> <span class='ocrx_word' id='word_1_511' title='bbox 1057 3713 1116 3765; x_wconf 74' lang='grc' dir='ltr'><strong>δὲ</strong></span> <span class='ocrx_word' id='word_1_512' title='bbox 1151 3713 1390 3778; x_wconf 71' lang='grc' dir='ltr'><strong>ἀκούων,</strong></span> <span class='ocrx_word' id='word_1_513' title='bbox 1422 3713 1536 3767; x_wconf 89' lang='grc' dir='ltr'><strong>νόει</strong></span> <span class='ocrx_word' id='word_1_514' title='bbox 1573 3713 1666 3777; x_wconf 81' lang='grc' dir='ltr'><strong>τὸ,</strong></span> <span class='ocrx_word' id='word_1_515' title='bbox 1703 3731 1838 3784; x_wconf 76' lang='grc' dir='ltr'><strong>κρε-</strong></span> 
     </span>
    </p>
   </div>
   <div class='ocr_carea' id='block_1_68' title="bbox 241 3805 1840 3878">
    <p class='ocr_par' dir='ltr' id='par_1_68' title="bbox 241 3805 1840 3878">
     <span class='ocr_line' id='line_1_68' title="bbox 241 3805 1840 3878; baseline 0.001 -20"><span class='ocrx_word' id='word_1_516' title='bbox 241 3808 542 3878; x_wconf 72' lang='grc' dir='ltr'><strong>μασθῆναι.</strong></span> <span class='ocrx_word' id='word_1_517' title='bbox 598 3808 715 3875; x_wconf 83' lang='grc' dir='ltr'>Ἐφ’</span> <span class='ocrx_word' id='word_1_518' title='bbox 752 3805 922 3873; x_wconf 72' lang='grc' dir='ltr'><strong>ὕψους</strong></span> <span class='ocrx_word' id='word_1_519' title='bbox 955 3807 1064 3877; x_wconf 76' lang='grc' dir='ltr'><strong>γὰρ</strong></span> <span class='ocrx_word' id='word_1_520' title='bbox 1105 3807 1449 3877; x_wconf 75' lang='grc' dir='ltr'><strong>ἐκρεμάσθη,</strong></span> <span class='ocrx_word' id='word_1_521' title='bbox 1496 3808 1585 3860; x_wconf 79' lang='grc' dir='ltr'><strong>ἵνα</strong></span> <span class='ocrx_word' id='word_1_522' title='bbox 1618 3811 1712 3861; x_wconf 71' lang='grc' dir='ltr'><strong>καὶ</strong></span> <span class='ocrx_word' id='word_1_523' title='bbox 1744 3808 1840 3859; x_wconf 82' lang='grc' dir='ltr'><strong>τὸν</strong></span> 
     </span>
    </p>
   </div>
   <div class='ocr_carea' id='block_1_69' title="bbox 234 3898 1840 3971">
    <p class='ocr_par' dir='ltr' id='par_1_69' title="bbox 234 3898 1840 3971">
     <span class='ocr_line' id='line_1_69' title="bbox 234 3898 1840 3971; baseline 0.004 -23"><span class='ocrx_word' id='word_1_524' title='bbox 234 3901 375 3970; x_wconf 79' lang='grc' dir='ltr'><strong>ἀέρα</strong></span> <span class='ocrx_word' id='word_1_525' title='bbox 404 3900 629 3971; x_wconf 82' lang='grc' dir='ltr'><strong>ἁγιάσῃ,</strong></span> <span class='ocrx_word' id='word_1_526' title='bbox 659 3901 688 3952; x_wconf 88' lang='grc' dir='ltr'>ὁ</span> <span class='ocrx_word' id='word_1_527' title='bbox 721 3898 822 3966; x_wconf 81' lang='grc' dir='ltr'><strong>τὴν</strong></span> <span class='ocrx_word' id='word_1_528' title='bbox 850 3899 958 3968; x_wconf 82' lang='grc' dir='ltr'><strong>γῆν</strong></span> <span class='ocrx_word' id='word_1_529' title='bbox 997 3899 1233 3967; x_wconf 79' lang='grc' dir='ltr'><strong>ἁγιάσας</strong></span> <span class='ocrx_word' id='word_1_530' title='bbox 1275 3898 1366 3952; x_wconf 82' lang='grc' dir='ltr'><strong>διὰ</strong></span> <span class='ocrx_word' id='word_1_531' title='bbox 1395 3899 1491 3953; x_wconf 89' lang='grc' dir='ltr'><strong>τοῦ</strong></span> <span class='ocrx_word' id='word_1_532' title='bbox 1529 3902 1629 3953; x_wconf 74' lang='grc' dir='ltr'><strong>ἐπ’</strong></span> <span class='ocrx_word' id='word_1_533' title='bbox 1663 3901 1840 3971; x_wconf 80' lang='grc' dir='ltr'><strong>αὐτῆς</strong></span> 
     </span>
    </p>
   </div>
   <div class='ocr_carea' id='block_1_70' title="bbox 237 3991 1840 4064">
    <p class='ocr_par' dir='ltr' id='par_1_70' title="bbox 237 3991 1840 4064">
     <span class='ocr_line' id='line_1_70' title="bbox 237 3991 1840 4064; baseline 0.002 -20"><span class='ocrx_word' id='word_1_534' title='bbox 237 3993 639 4062; x_wconf 72' lang='grc' dir='ltr'><strong>περιπατῆσαι.</strong></span> <span class='ocrx_word' id='word_1_535' title='bbox 688 3992 820 4044; x_wconf 86' lang='grc' dir='ltr'><strong>Νόει</strong></span> <span class='ocrx_word' id='word_1_536' title='bbox 846 3991 902 4044; x_wconf 80' lang='grc' dir='ltr'><strong>δὲ</strong></span> <span class='ocrx_word' id='word_1_537' title='bbox 937 3994 1032 4044; x_wconf 73' lang='grc' dir='ltr'><strong>και</strong></span> <span class='ocrx_word' id='word_1_538' title='bbox 1079 3993 1162 4057; x_wconf 84' lang='grc' dir='ltr'><strong>τὸ,</strong></span> <span class='ocrx_word' id='word_1_539' title='bbox 1192 3992 1545 4063; x_wconf 80' lang='grc' dir='ltr'><strong>δοξασθῆναι.</strong></span> <span class='ocrx_word' id='word_1_540' title='bbox 1583 3995 1695 4048; x_wconf 71' lang='grc' dir='ltr'><strong>Καὶ</strong></span> <span class='ocrx_word' id='word_1_541' title='bbox 1727 3995 1840 4064; x_wconf 74' lang='grc' dir='ltr'><strong>γὰρ</strong></span> 
     </span>
    </p>
   </div>
   <div class='ocr_carea' id='block_1_71' title="bbox 234 4082 1836 4155">
    <p class='ocr_par' dir='ltr' id='par_1_71' title="bbox 234 4082 1836 4155">
     <span class='ocr_line' id='line_1_71' title="bbox 234 4082 1836 4155; baseline 0.002 -19"><span class='ocrx_word' id='word_1_542' title='bbox 234 4085 407 4147; x_wconf 72' lang='grc' dir='ltr'><strong>ὅντως</strong></span> <span class='ocrx_word' id='word_1_543' title='bbox 442 4082 576 4152; x_wconf 65' lang='grc' dir='ltr'><strong>ὕψος</strong></span> <span class='ocrx_word' id='word_1_544' title='bbox 602 4084 697 4136; x_wconf 74' lang='grc' dir='ltr'><strong>καὶ</strong></span> <span class='ocrx_word' id='word_1_545' title='bbox 719 4083 848 4149; x_wconf 83' lang='grc' dir='ltr'><strong>δόξα</strong></span> <span class='ocrx_word' id='word_1_546' title='bbox 867 4084 963 4136; x_wconf 85' lang='grc' dir='ltr'><strong>τοῦ</strong></span> <span class='ocrx_word' id='word_1_547' title='bbox 991 4082 1232 4153; x_wconf 83' lang='grc' dir='ltr'><strong>Χριστοῦ</strong></span> <span class='ocrx_word' id='word_1_548' title='bbox 1264 4083 1292 4135; x_wconf 83' lang='lat'><strong>6</strong></span> <span class='ocrx_word' id='word_1_549' title='bbox 1327 4087 1564 4155; x_wconf 81' lang='grc' dir='ltr'><strong>σταυρδς</strong></span> <span class='ocrx_word' id='word_1_550' title='bbox 1587 4085 1836 4154; x_wconf 82' lang='grc' dir='ltr'><strong>γέγονεν.</strong></span> 
     </span>
    </p>
   </div>
   <div class='ocr_carea' id='block_1_72' title="bbox 248 4167 1838 4248">
    <p class='ocr_par' dir='ltr' id='par_1_72' title="bbox 248 4167 1838 4248">
     <span class='ocr_line' id='line_1_72' title="bbox 248 4167 1838 4248; baseline 0.001 -20"><span class='ocrx_word' id='word_1_551' title='bbox 248 4177 339 4229; x_wconf 83' lang='grc' dir='ltr'><strong>Ἐν</strong></span> <span class='ocrx_word' id='word_1_552' title='bbox 441 4179 550 4246; x_wconf 68' lang='grc' dir='ltr'><strong>γὰρ</strong></span> <span class='ocrx_word' id='word_1_553' title='bbox 583 4175 758 4228; x_wconf 66' lang='grc' dir='ltr'><strong>έδέκει</strong></span> <span class='ocrx_word' id='word_1_554' title='bbox 785 4167 1220 4245; x_wconf 67' lang='grc' dir='ltr'><strong>κατακριθῆναι,</strong></span> <span class='ocrx_word' id='word_1_555' title='bbox 1254 4179 1312 4230; x_wconf 85' lang='grc' dir='ltr'><strong>ὲν</strong></span> <span class='ocrx_word' id='word_1_556' title='bbox 1333 4176 1510 4246; x_wconf 84' lang='grc' dir='ltr'><strong>τούτῳ</strong></span> <span class='ocrx_word' id='word_1_557' title='bbox 1545 4179 1838 4248; x_wconf 84' lang='grc' dir='ltr'><strong>κατέκρινε</strong></span> 
     </span>
    </p>
   </div>
   <div class='ocr_carea' id='block_1_73' title="bbox 235 4265 1839 4339">
    <p class='ocr_par' dir='ltr' id='par_1_73' title="bbox 235 4265 1839 4339">
     <span class='ocr_line' id='line_1_73' title="bbox 235 4265 1839 4339; baseline 0.002 -18"><span class='ocrx_word' id='word_1_558' title='bbox 235 4269 328 4322; x_wconf 80' lang='grc' dir='ltr'><strong>τὸν</strong></span> <span class='ocrx_word' id='word_1_559' title='bbox 367 4269 606 4339; x_wconf 79' lang='grc' dir='ltr'><strong>ἄρχοντα</strong></span> <span class='ocrx_word' id='word_1_560' title='bbox 635 4268 731 4321; x_wconf 86' lang='grc' dir='ltr'><strong>τοῦ</strong></span> <span class='ocrx_word' id='word_1_561' title='bbox 767 4268 976 4338; x_wconf 79' lang='grc' dir='ltr'><strong>κόσμου</strong></span> <span class='ocrx_word' id='word_1_562' title='bbox 1018 4268 1234 4322; x_wconf 79' lang='grc' dir='ltr'><strong>τούτου.</strong></span> <span class='ocrx_word' id='word_1_563' title='bbox 1292 4265 1419 4324; x_wconf 75' lang='grc' dir='ltr'><strong>Οἴόν</strong></span> <span class='ocrx_word' id='word_1_564' title='bbox 1464 4288 1520 4322; x_wconf 90' lang='grc' dir='ltr'><strong>τι</strong></span> <span class='ocrx_word' id='word_1_565' title='bbox 1561 4270 1737 4338; x_wconf 80' lang='grc' dir='ltr'><strong>λέγω·</strong></span> <span class='ocrx_word' id='word_1_566' title='bbox 1781 4270 1839 4323; x_wconf 89' lang='lat'><strong>&#39;0</strong></span> 
     </span>
    </p>
   </div>
   <div class='ocr_carea' id='block_1_74' title="bbox 249 4362 1840 4436">
    <p class='ocr_par' dir='ltr' id='par_1_74' title="bbox 249 4362 1840 4436">
     <span class='ocr_line' id='line_1_74' title="bbox 249 4362 1840 4436; baseline 0.001 -21"><span class='ocrx_word' id='word_1_567' title='bbox 249 4362 426 4429; x_wconf 83' lang='grc' dir='ltr'><strong>Ἀδὰμ</strong></span> <span class='ocrx_word' id='word_1_568' title='bbox 473 4362 702 4424; x_wconf 80' lang='grc' dir='ltr'><strong>δικαίως</strong></span> <span class='ocrx_word' id='word_1_569' title='bbox 748 4362 1056 4414; x_wconf 78' lang='grc' dir='ltr'><strong>ἀπέθανεν·</strong></span> <span class='ocrx_word' id='word_1_570' title='bbox 1090 4363 1312 4433; x_wconf 71' lang='grc' dir='ltr'><strong>ἥμαρτε</strong></span> <span class='ocrx_word' id='word_1_571' title='bbox 1361 4365 1493 4434; x_wconf 86' lang='grc' dir='ltr'><strong>γάρ.</strong></span> <span class='ocrx_word' id='word_1_572' title='bbox 1537 4364 1597 4417; x_wconf 83' lang='grc'><strong>’0</strong></span> <span class='ocrx_word' id='word_1_573' title='bbox 1638 4363 1840 4436; x_wconf 79' lang='grc' dir='ltr'><strong>Κύριος</strong></span> 
     </span>
    </p>
   </div>
   <div class='ocr_carea' id='block_1_75' title="bbox 237 4454 1843 4526">
    <p class='ocr_par' dir='ltr' id='par_1_75' title="bbox 237 4454 1843 4526">
     <span class='ocr_line' id='line_1_75' title="bbox 237 4454 1843 4526; baseline 0.001 -18"><span class='ocrx_word' id='word_1_574' title='bbox 237 4454 442 4518; x_wconf 78' lang='grc' dir='ltr'><strong>ἀδίκως</strong></span> <span class='ocrx_word' id='word_1_575' title='bbox 491 4455 802 4507; x_wconf 76' lang='grc' dir='ltr'><strong>ἀπέθανενο</strong></span> <span class='ocrx_word' id='word_1_576' title='bbox 839 4454 937 4522; x_wconf 77' lang='grc' dir='ltr'><strong>οὐχ</strong></span> <span class='ocrx_word' id='word_1_577' title='bbox 971 4455 1190 4524; x_wconf 70' lang='grc' dir='ltr'><strong>ἥμαρτε</strong></span> <span class='ocrx_word' id='word_1_578' title='bbox 1237 4457 1367 4525; x_wconf 87' lang='grc' dir='ltr'><strong>γάρ.</strong></span> <span class='ocrx_word' id='word_1_579' title='bbox 1405 4458 1584 4526; x_wconf 78' lang='grc' dir='ltr'><strong>Μέχρι</strong></span> <span class='ocrx_word' id='word_1_580' title='bbox 1620 4461 1720 4526; x_wconf 79' lang='grc' dir='ltr'><strong>μὲν</strong></span> <span class='ocrx_word' id='word_1_581' title='bbox 1747 4454 1843 4510; x_wconf 78' lang='grc' dir='ltr'><strong>οῦν</strong></span> 
     </span>
    </p>
   </div>
   <div class='ocr_carea' id='block_1_76' title="bbox 236 4547 1840 4621">
    <p class='ocr_par' dir='ltr' id='par_1_76' title="bbox 236 4547 1840 4621">
     <span class='ocr_line' id='line_1_76' title="bbox 236 4547 1840 4621; baseline 0.002 -20"><span class='ocrx_word' id='word_1_582' title='bbox 236 4550 340 4620; x_wconf 78' lang='grc' dir='ltr'><strong>τῆς</strong></span> <span class='ocrx_word' id='word_1_583' title='bbox 383 4547 479 4602; x_wconf 84' lang='grc' dir='ltr'><strong>τοῦ</strong></span> <span class='ocrx_word' id='word_1_584' title='bbox 526 4548 734 4618; x_wconf 81' lang='grc' dir='ltr'><strong>Κυρίου</strong></span> <span class='ocrx_word' id='word_1_585' title='bbox 783 4548 1186 4617; x_wconf 76' lang='grc' dir='ltr'><strong>σταυρώσεως,</strong></span> <span class='ocrx_word' id='word_1_586' title='bbox 1223 4549 1450 4612; x_wconf 76' lang='grc' dir='ltr'><strong>δικαίως</strong></span> <span class='ocrx_word' id='word_1_587' title='bbox 1502 4553 1840 4621; x_wconf 80' lang='grc' dir='ltr'><strong>κατεκράτει</strong></span> 
     </span>
    </p>
   </div>
   <div class='ocr_carea' id='block_1_77' title="bbox 1942 3345 3551 3414">
    <p class='ocr_par' dir='ltr' id='par_1_77' title="bbox 1942 3345 3551 3414">
     <span class='ocr_line' id='line_1_77' title="bbox 1942 3345 3551 3414; baseline 0.002 -14"><span class='ocrx_word' id='word_1_588' title='bbox 1942 3361 2268 3412; x_wconf 86' lang='lat' dir='ltr'><strong>suspensus,</strong></span> <span class='ocrx_word' id='word_1_589' title='bbox 2305 3345 2642 3414; x_wconf 84' lang='lat' dir='ltr'><strong>serpentium</strong></span> <span class='ocrx_word' id='word_1_590' title='bbox 2686 3346 2828 3400; x_wconf 90' lang='lat' dir='ltr'><strong>ictus</strong></span> <span class='ocrx_word' id='word_1_591' title='bbox 2855 3345 3089 3401; x_wconf 84' lang='lat' dir='ltr'><strong>sanabat</strong></span> <span class='ocrx_word' id='word_1_592' title='bbox 3128 3365 3139 3399; x_wconf 94' lang='lat'><strong>:</strong></span> <span class='ocrx_word' id='word_1_593' title='bbox 3189 3362 3334 3400; x_wconf 93' lang='lat' dir='ltr'><strong>nunc</strong></span> <span class='ocrx_word' id='word_1_594' title='bbox 3365 3355 3551 3403; x_wconf 90' lang='lat' dir='ltr'><strong>autem</strong></span> 
     </span>
    </p>
   </div>
   <div class='ocr_carea' id='block_1_78' title="bbox 1942 3438 3555 3508">
    <p class='ocr_par' dir='ltr' id='par_1_78' title="bbox 1942 3438 3555 3508">
     <span class='ocr_line' id='line_1_78' title="bbox 1942 3438 3555 3508; baseline 0.002 -16"><span class='ocrx_word' id='word_1_595' title='bbox 1942 3438 2247 3508; x_wconf 87' lang='lat' dir='ltr'><strong>spiritualis</strong></span> <span class='ocrx_word' id='word_1_596' title='bbox 2286 3438 2545 3492; x_wconf 78' lang='lat' dir='ltr'><strong>draconis</strong></span> <span class='ocrx_word' id='word_1_597' title='bbox 2590 3438 2775 3508; x_wconf 79' lang='lat' dir='ltr'><strong>plagas</strong></span> <span class='ocrx_word' id='word_1_598' title='bbox 2827 3449 2985 3494; x_wconf 86' lang='lat' dir='ltr'><strong>curat</strong></span> <span class='ocrx_word' id='word_1_599' title='bbox 3015 3439 3291 3494; x_wconf 87' lang='lat' dir='ltr'><strong>Christus.</strong></span> <span class='ocrx_word' id='word_1_600' title='bbox 3329 3439 3555 3496; x_wconf 76' lang='lat' dir='ltr'><strong>Exulta-</strong></span> 
     </span>
    </p>
   </div>
   <div class='ocr_carea' id='block_1_79' title="bbox 1944 3529 3553 3604">
    <p class='ocr_par' dir='ltr' id='par_1_79' title="bbox 1944 3529 3553 3604">
     <span class='ocr_line' id='line_1_79' title="bbox 1944 3529 3553 3604; baseline 0.004 -21"><span class='ocrx_word' id='word_1_601' title='bbox 1944 3529 2055 3584; x_wconf 89' lang='lat' dir='ltr'><strong>tiun</strong></span> <span class='ocrx_word' id='word_1_602' title='bbox 2091 3542 2274 3586; x_wconf 90' lang='lat' dir='ltr'><strong>autem</strong></span> <span class='ocrx_word' id='word_1_603' title='bbox 2303 3533 2556 3596; x_wconf 87' lang='lat' dir='ltr'><strong>audiens,</strong></span> <span class='ocrx_word' id='word_1_604' title='bbox 2591 3531 2835 3602; x_wconf 81' lang='lat' dir='ltr'><strong>iutellige</strong></span> <span class='ocrx_word' id='word_1_605' title='bbox 2881 3533 3104 3602; x_wconf 87' lang='lat' dir='ltr'><strong>quidem</strong></span> <span class='ocrx_word' id='word_1_606' title='bbox 3138 3542 3192 3589; x_wconf 90' lang='lat' dir='ltr'><strong>et</strong></span> <span class='ocrx_word' id='word_1_607' title='bbox 3215 3548 3553 3604; x_wconf 86' lang='lat' dir='ltr'><strong>suspensum</strong></span> 
     </span>
    </p>
   </div>
   <div class='ocr_carea' id='block_1_80' title="bbox 1943 3625 3554 3696">
    <p class='ocr_par' dir='ltr' id='par_1_80' title="bbox 1943 3625 3554 3696">
     <span class='ocr_line' id='line_1_80' title="bbox 1943 3625 3554 3696; baseline 0.004 -19"><span class='ocrx_word' id='word_1_608' title='bbox 1943 3638 2086 3678; x_wconf 85' lang='lat' dir='ltr'><strong>esse.</strong></span> <span class='ocrx_word' id='word_1_609' title='bbox 2123 3625 2175 3676; x_wconf 93' lang='lat' dir='ltr'><strong>lu</strong></span> <span class='ocrx_word' id='word_1_610' title='bbox 2214 3640 2430 3679; x_wconf 88' lang='lat' dir='ltr'><strong>summo</strong></span> <span class='ocrx_word' id='word_1_611' title='bbox 2471 3627 2616 3680; x_wconf 87' lang='lat' dir='ltr'><strong>enim</strong></span> <span class='ocrx_word' id='word_1_612' title='bbox 2652 3640 2954 3696; x_wconf 88' lang='lat' dir='ltr'><strong>suspensus</strong></span> <span class='ocrx_word' id='word_1_613' title='bbox 2989 3635 3095 3693; x_wconf 89' lang='lat' dir='ltr'><strong>est,</strong></span> <span class='ocrx_word' id='word_1_614' title='bbox 3157 3635 3212 3681; x_wconf 91' lang='lat' dir='ltr'><strong>ut</strong></span> <span class='ocrx_word' id='word_1_615' title='bbox 3257 3636 3312 3681; x_wconf 90' lang='lat' dir='ltr'><strong>et</strong></span> <span class='ocrx_word' id='word_1_616' title='bbox 3364 3642 3554 3683; x_wconf 89' lang='lat' dir='ltr'><strong>aerem</strong></span> 
     </span>
    </p>
   </div>
   <div class='ocr_carea' id='block_1_81' title="bbox 1945 3717 3556 3786">
    <p class='ocr_par' dir='ltr' id='par_1_81' title="bbox 1945 3717 3556 3786">
     <span class='ocr_line' id='line_1_81' title="bbox 1945 3717 3556 3786; baseline 0.003 -15"><span class='ocrx_word' id='word_1_617' title='bbox 1945 3717 2347 3780; x_wconf 77' lang='lat' dir='ltr'><strong>Sanctificaret,</strong></span> <span class='ocrx_word' id='word_1_618' title='bbox 2403 3719 2494 3786; x_wconf 88' lang='lat' dir='ltr'><strong>qui</strong></span> <span class='ocrx_word' id='word_1_619' title='bbox 2536 3728 2739 3773; x_wconf 84' lang='lat' dir='ltr'><strong>terram</strong></span> <span class='ocrx_word' id='word_1_620' title='bbox 2777 3719 3162 3774; x_wconf 82' lang='lat' dir='ltr'><strong>sanctiﬁcarat</strong></span> <span class='ocrx_word' id='word_1_621' title='bbox 3193 3721 3248 3775; x_wconf 91' lang='lat' dir='ltr'><strong>in</strong></span> <span class='ocrx_word' id='word_1_622' title='bbox 3295 3720 3386 3776; x_wconf 90' lang='lat' dir='ltr'><strong>illa</strong></span> <span class='ocrx_word' id='word_1_623' title='bbox 3433 3735 3556 3776; x_wconf 88' lang='lat' dir='ltr'><strong>am-</strong></span> 
     </span>
    </p>
   </div>
   <div class='ocr_carea' id='block_1_82' title="bbox 1945 3805 3556 3881">
    <p class='ocr_par' dir='ltr' id='par_1_82' title="bbox 1945 3805 3556 3881">
     <span class='ocr_line' id='line_1_82' title="bbox 1945 3805 3556 3881; baseline 0.005 -22"><span class='ocrx_word' id='word_1_624' title='bbox 1945 3806 2206 3861; x_wconf 90' lang='lat' dir='ltr'><strong>bulando.</strong></span> <span class='ocrx_word' id='word_1_625' title='bbox 2252 3805 2499 3877; x_wconf 75' lang='lat' dir='ltr'><strong>lutetlige</strong></span> <span class='ocrx_word' id='word_1_626' title='bbox 2535 3818 2719 3862; x_wconf 89' lang='lat' dir='ltr'><strong>autem</strong></span> <span class='ocrx_word' id='word_1_627' title='bbox 2775 3809 2908 3878; x_wconf 90' lang='lat' dir='ltr'><strong>quid</strong></span> <span class='ocrx_word' id='word_1_628' title='bbox 2946 3809 3019 3864; x_wconf 87' lang='lat' dir='ltr'><strong>sit</strong></span> <span class='ocrx_word' id='word_1_629' title='bbox 3059 3810 3379 3881; x_wconf 77' lang='lat' dir='ltr'><strong>gloriﬁcari.</strong></span> <span class='ocrx_word' id='word_1_630' title='bbox 3419 3811 3556 3867; x_wconf 77' lang='lat' dir='ltr'><strong>Nam</strong></span> 
     </span>
    </p>
   </div>
   <div class='ocr_carea' id='block_1_83' title="bbox 1945 3899 3553 3975">
    <p class='ocr_par' dir='ltr' id='par_1_83' title="bbox 1945 3899 3553 3975">
     <span class='ocr_line' id='line_1_83' title="bbox 1945 3899 3553 3975; baseline 0.006 -24"><span class='ocrx_word' id='word_1_631' title='bbox 1945 3913 2160 3962; x_wconf 86' lang='lat' dir='ltr'><strong>revera,</strong></span> <span class='ocrx_word' id='word_1_632' title='bbox 2193 3899 2504 3955; x_wconf 85' lang='lat' dir='ltr'><strong>sublimitas</strong></span> <span class='ocrx_word' id='word_1_633' title='bbox 2534 3909 2590 3955; x_wconf 91' lang='lat' dir='ltr'><strong>ct</strong></span> <span class='ocrx_word' id='word_1_634' title='bbox 2640 3901 2816 3972; x_wconf 78' lang='lat' dir='ltr'><strong>gloria</strong></span> <span class='ocrx_word' id='word_1_635' title='bbox 2859 3902 3062 3958; x_wconf 89' lang='lat' dir='ltr'><strong>Christi</strong></span> <span class='ocrx_word' id='word_1_636' title='bbox 3106 3903 3211 3975; x_wconf 93' lang='lat' dir='ltr'><strong>(a),</strong></span> <span class='ocrx_word' id='word_1_637' title='bbox 3260 3921 3393 3960; x_wconf 83' lang='lat' dir='ltr'><strong>crux</strong></span> <span class='ocrx_word' id='word_1_638' title='bbox 3427 3905 3553 3961; x_wconf 87' lang='lat' dir='ltr'><strong>luit.</strong></span> 
     </span>
    </p>
   </div>
   <div class='ocr_carea' id='block_1_84' title="bbox 1945 3989 3559 4062">
    <p class='ocr_par' dir='ltr' id='par_1_84' title="bbox 1945 3989 3559 4062">
     <span class='ocr_line' id='line_1_84' title="bbox 1945 3989 3559 4062; baseline 0.005 -18"><span class='ocrx_word' id='word_1_639' title='bbox 1945 3989 2050 4046; x_wconf 84' lang='lat' dir='ltr'><strong>Per</strong></span> <span class='ocrx_word' id='word_1_640' title='bbox 2087 3993 2189 4046; x_wconf 90' lang='lat' dir='ltr'><strong>hoc</strong></span> <span class='ocrx_word' id='word_1_641' title='bbox 2221 3993 2368 4046; x_wconf 90' lang='lat' dir='ltr'><strong>enim</strong></span> <span class='ocrx_word' id='word_1_642' title='bbox 2408 4008 2516 4062; x_wconf 92' lang='lat' dir='ltr'><strong>quo</strong></span> <span class='ocrx_word' id='word_1_643' title='bbox 2547 3995 2699 4049; x_wconf 83' lang='lat' dir='ltr'><strong>visus</strong></span> <span class='ocrx_word' id='word_1_644' title='bbox 2725 4003 2809 4050; x_wconf 89' lang='lat' dir='ltr'><strong>est</strong></span> <span class='ocrx_word' id='word_1_645' title='bbox 2851 3995 3247 4062; x_wconf 76' lang='lat' dir='ltr'><strong>condemnari,</strong></span> <span class='ocrx_word' id='word_1_646' title='bbox 3297 3999 3559 4052; x_wconf 83' lang='lat' dir='ltr'><strong>condem-</strong></span> 
     </span>
    </p>
   </div>
   <div class='ocr_carea' id='block_1_85' title="bbox 1947 4082 3554 4154">
    <p class='ocr_par' dir='ltr' id='par_1_85' title="bbox 1947 4082 3554 4154">
     <span class='ocr_line' id='line_1_85' title="bbox 1947 4082 3554 4154; baseline 0.003 -18"><span class='ocrx_word' id='word_1_647' title='bbox 1947 4082 2099 4137; x_wconf 81' lang='lat' dir='ltr'><strong>navit</strong></span> <span class='ocrx_word' id='word_1_648' title='bbox 2148 4083 2310 4153; x_wconf 83' lang='lat' dir='ltr'><strong>hujus</strong></span> <span class='ocrx_word' id='word_1_649' title='bbox 2349 4083 2541 4138; x_wconf 85' lang='lat' dir='ltr'><strong>mundi</strong></span> <span class='ocrx_word' id='word_1_650' title='bbox 2596 4086 2922 4154; x_wconf 88' lang='lat' dir='ltr'><strong>principem.</strong></span> <span class='ocrx_word' id='word_1_651' title='bbox 2966 4084 3040 4140; x_wconf 91' lang='lat' dir='ltr'><strong>Ut</strong></span> <span class='ocrx_word' id='word_1_652' title='bbox 3092 4086 3298 4142; x_wconf 89' lang='lat' dir='ltr'><strong>clarius</strong></span> <span class='ocrx_word' id='word_1_653' title='bbox 3351 4087 3554 4154; x_wconf 89' lang='lat' dir='ltr'><strong>dicam,</strong></span> 
     </span>
    </p>
   </div>
   <div class='ocr_carea' id='block_1_86' title="bbox 1949 4180 3560 4250">
    <p class='ocr_par' dir='ltr' id='par_1_86' title="bbox 1949 4180 3560 4250">
     <span class='ocr_line' id='line_1_86' title="bbox 1949 4180 3560 4250; baseline 0.004 -17"><span class='ocrx_word' id='word_1_654' title='bbox 1949 4180 2124 4233; x_wconf 85' lang='lat' dir='ltr'><strong>Adam</strong></span> <span class='ocrx_word' id='word_1_655' title='bbox 2155 4180 2300 4249; x_wconf 89' lang='lat' dir='ltr'><strong>juste</strong></span> <span class='ocrx_word' id='word_1_656' title='bbox 2340 4191 2595 4234; x_wconf 83' lang='lat' dir='ltr'><strong>mortuus</strong></span> <span class='ocrx_word' id='word_1_657' title='bbox 2627 4190 2733 4244; x_wconf 88' lang='lat' dir='ltr'><strong>est,</strong></span> <span class='ocrx_word' id='word_1_658' title='bbox 2774 4190 3028 4250; x_wconf 87' lang='lat' dir='ltr'><strong>peccarat</strong></span> <span class='ocrx_word' id='word_1_659' title='bbox 3060 4183 3206 4238; x_wconf 92' lang='lat' dir='ltr'><strong>enim</strong></span> <span class='ocrx_word' id='word_1_660' title='bbox 3245 4203 3256 4236; x_wconf 94' lang='lat'>:</span> <span class='ocrx_word' id='word_1_661' title='bbox 3290 4183 3560 4239; x_wconf 87' lang='lat' dir='ltr'><strong>Dominus</strong></span> 
     </span>
    </p>
   </div>
   <div class='ocr_carea' id='block_1_87' title="bbox 1947 4272 3563 4347">
    <p class='ocr_par' dir='ltr' id='par_1_87' title="bbox 1947 4272 3563 4347">
     <span class='ocr_line' id='line_1_87' title="bbox 1947 4272 3563 4347; baseline 0.003 -20"><span class='ocrx_word' id='word_1_662' title='bbox 1947 4272 2150 4340; x_wconf 91' lang='lat' dir='ltr'><strong>injuste</strong></span> <span class='ocrx_word' id='word_1_663' title='bbox 2203 4283 2458 4328; x_wconf 86' lang='lat' dir='ltr'><strong>mortuus</strong></span> <span class='ocrx_word' id='word_1_664' title='bbox 2509 4283 2626 4341; x_wconf 87' lang='lat' dir='ltr'><strong>est,</strong></span> <span class='ocrx_word' id='word_1_665' title='bbox 2688 4277 2794 4327; x_wconf 88' lang='lat' dir='ltr'><strong>non</strong></span> <span class='ocrx_word' id='word_1_666' title='bbox 2846 4275 2991 4328; x_wconf 87' lang='lat' dir='ltr'><strong>enim</strong></span> <span class='ocrx_word' id='word_1_667' title='bbox 3051 4285 3329 4343; x_wconf 86' lang='lat' dir='ltr'><strong>peccarat.</strong></span> <span class='ocrx_word' id='word_1_668' title='bbox 3389 4274 3563 4347; x_wconf 83' lang='lat' dir='ltr'><strong>Igitur</strong></span> 
     </span>
    </p>
   </div>
   <div class='ocr_carea' id='block_1_88' title="bbox 1954 4367 3560 4438">
    <p class='ocr_par' dir='ltr' id='par_1_88' title="bbox 1954 4367 3560 4438">
     <span class='ocr_line' id='line_1_88' title="bbox 1954 4367 3560 4438; baseline 0.005 -19"><span class='ocrx_word' id='word_1_669' title='bbox 1954 4382 2127 4436; x_wconf 88' lang='lat' dir='ltr'><strong>usque</strong></span> <span class='ocrx_word' id='word_1_670' title='bbox 2180 4368 2245 4420; x_wconf 86' lang='lat' dir='ltr'><strong>ad</strong></span> <span class='ocrx_word' id='word_1_671' title='bbox 2289 4367 2708 4421; x_wconf 75' lang='lat' dir='ltr'><strong>cruciﬁxiouem</strong></span> <span class='ocrx_word' id='word_1_672' title='bbox 2736 4367 2886 4438; x_wconf 88' lang='lat' dir='ltr'><strong>juste</strong></span> <span class='ocrx_word' id='word_1_673' title='bbox 2912 4369 3200 4438; x_wconf 60' lang='lat' dir='ltr'><strong>pratvaluit</strong></span> <span class='ocrx_word' id='word_1_674' title='bbox 3241 4370 3560 4427; x_wconf 89' lang='lat' dir='ltr'><strong>hominibus</strong></span> 
     </span>
    </p>
   </div>
   <div class='ocr_carea' id='block_1_89' title="bbox 1949 4459 3564 4532">
    <p class='ocr_par' dir='ltr' id='par_1_89' title="bbox 1949 4459 3564 4532">
     <span class='ocr_line' id='line_1_89' title="bbox 1949 4459 3564 4532; baseline 0.006 -21"><span class='ocrx_word' id='word_1_675' title='bbox 1949 4475 2118 4513; x_wconf 80' lang='lat' dir='ltr'><strong>IIIUI‘S.</strong></span> <span class='ocrx_word' id='word_1_676' title='bbox 2174 4459 2314 4526; x_wconf 81' lang='lat' dir='ltr'><strong>Quia</strong></span> <span class='ocrx_word' id='word_1_677' title='bbox 2374 4471 2558 4515; x_wconf 88' lang='lat' dir='ltr'><strong>autem</strong></span> <span class='ocrx_word' id='word_1_678' title='bbox 2612 4463 2820 4529; x_wconf 87' lang='lat' dir='ltr'><strong>absque</strong></span> <span class='ocrx_word' id='word_1_679' title='bbox 2881 4475 3110 4532; x_wconf 89' lang='lat' dir='ltr'><strong>peccato</strong></span> <span class='ocrx_word' id='word_1_680' title='bbox 3173 4464 3431 4520; x_wconf 74' lang='lat' dir='ltr'><strong>invmuus</strong></span> <span class='ocrx_word' id='word_1_681' title='bbox 3479 4474 3564 4521; x_wconf 89' lang='lat' dir='ltr'><strong>est</strong></span> 
     </span>
    </p>
   </div>
   <div class='ocr_carea' id='block_1_90' title="bbox 1950 4555 3562 4626">
    <p class='ocr_par' dir='ltr' id='par_1_90' title="bbox 1950 4555 3562 4626">
     <span class='ocr_line' id='line_1_90' title="bbox 1950 4555 3562 4626; baseline 0.004 -18"><span class='ocrx_word' id='word_1_682' title='bbox 1950 4555 2229 4620; x_wconf 79' lang='lat' dir='ltr'><strong>Christus,</strong></span> <span class='ocrx_word' id='word_1_683' title='bbox 2270 4555 2401 4624; x_wconf 89' lang='lat' dir='ltr'><strong>qttid</strong></span> <span class='ocrx_word' id='word_1_684' title='bbox 2431 4555 2602 4625; x_wconf 77' lang='lat' dir='ltr'><strong>igitur</strong></span> <span class='ocrx_word' id='word_1_685' title='bbox 2636 4555 2691 4609; x_wconf 87' lang='lat' dir='ltr'><strong>in</strong></span> <span class='ocrx_word' id='word_1_686' title='bbox 2727 4555 2816 4609; x_wconf 89' lang='lat' dir='ltr'><strong>illo</strong></span> <span class='ocrx_word' id='word_1_687' title='bbox 2842 4555 2985 4626; x_wconf 86' lang='lat' dir='ltr'><strong>juris</strong></span> <span class='ocrx_word' id='word_1_688' title='bbox 3021 4558 3255 4612; x_wconf 88' lang='lat' dir='ltr'><strong>habebat</strong></span> <span class='ocrx_word' id='word_1_689' title='bbox 3288 4558 3562 4626; x_wconf 85' lang='lat' dir='ltr'><strong>diabolus,</strong></span> 
     </span>
    </p>
   </div>
   <div class='ocr_carea' id='block_1_91' title="bbox 237 4617 1835 4721">
    <p class='ocr_par' dir='ltr' id='par_1_91' title="bbox 237 4641 1835 4715">
     <span class='ocr_line' id='line_1_91' title="bbox 237 4641 1835 4715; baseline 0.003 -21"><span class='ocrx_word' id='word_1_690' title='bbox 237 4644 350 4697; x_wconf 83' lang='grc' dir='ltr'><strong>τῶν</strong></span> <span class='ocrx_word' id='word_1_691' title='bbox 409 4641 716 4713; x_wconf 76' lang='grc' dir='ltr'><strong>ἀνθρώπων</strong></span> <span class='ocrx_word' id='word_1_692' title='bbox 762 4642 790 4695; x_wconf 86' lang='lat'><strong>6</strong></span> <span class='ocrx_word' id='word_1_693' title='bbox 851 4641 1112 4705; x_wconf 80' lang='grc' dir='ltr'><strong>θάνατος’</strong></span> <span class='ocrx_word' id='word_1_694' title='bbox 1151 4643 1274 4695; x_wconf 83' lang='grc' dir='ltr'><strong>ἐπεὶ</strong></span> <span class='ocrx_word' id='word_1_695' title='bbox 1341 4643 1398 4696; x_wconf 81' lang='grc' dir='ltr'><strong>δὲ</strong></span> <span class='ocrx_word' id='word_1_696' title='bbox 1451 4645 1835 4715; x_wconf 81' lang='grc' dir='ltr'><strong>ἀναμάρτητος</strong></span> 
     </span>
    </p>
   </div>
   <div class='ocr_carea' id='block_1_92' title="bbox 1941 4617 3564 4721">
    <p class='ocr_par' dir='ltr' id='par_1_92' title="bbox 1953 4650 3564 4721">
     <span class='ocr_line' id='line_1_92' title="bbox 1953 4650 3564 4721; baseline 0.004 -18"><span class='ocrx_word' id='word_1_697' title='bbox 1953 4658 2014 4703; x_wconf 87' lang='grc' dir='ltr'><strong>ιιι</strong></span> <span class='ocrx_word' id='word_1_698' title='bbox 2051 4650 2327 4704; x_wconf 68' lang='lat' dir='ltr'><strong>occideret</strong></span> <span class='ocrx_word' id='word_1_699' title='bbox 2359 4650 2577 4718; x_wconf 80' lang='lat' dir='ltr'><strong>ipsum?</strong></span> <span class='ocrx_word' id='word_1_700' title='bbox 2600 4651 2776 4719; x_wconf 74' lang='lat' dir='ltr'><strong>Atque</strong></span> <span class='ocrx_word' id='word_1_701' title='bbox 2812 4651 2886 4704; x_wconf 90' lang='lat' dir='ltr'><strong>ita</strong></span> <span class='ocrx_word' id='word_1_702' title='bbox 2916 4652 3042 4720; x_wconf 81' lang='lat' dir='ltr'><strong>quia</strong></span> <span class='ocrx_word' id='word_1_703' title='bbox 3080 4652 3278 4721; x_wconf 85' lang='lat' dir='ltr'><strong>injuste</strong></span> <span class='ocrx_word' id='word_1_704' title='bbox 3311 4665 3564 4710; x_wconf 88' lang='lat' dir='ltr'><strong>mortuus</strong></span> 
     </span>
    </p>
   </div>
   <div class='ocr_carea' id='block_1_93' title="bbox 238 4734 1842 4810">
    <p class='ocr_par' dir='ltr' id='par_1_93' title="bbox 238 4734 1842 4810">
     <span class='ocr_line' id='line_1_93' title="bbox 238 4734 1842 4810; baseline 0.001 -21"><span class='ocrx_word' id='word_1_705' title='bbox 238 4735 444 4806; x_wconf 82' lang='grc' dir='ltr'><strong>εὑρέθη</strong></span> <span class='ocrx_word' id='word_1_706' title='bbox 474 4739 502 4788; x_wconf 90' lang='lat'><strong>6</strong></span> <span class='ocrx_word' id='word_1_707' title='bbox 534 4734 763 4804; x_wconf 83' lang='grc' dir='ltr'><strong>Κύριος,</strong></span> <span class='ocrx_word' id='word_1_708' title='bbox 810 4735 861 4786; x_wconf 78' lang='grc' dir='ltr'><strong>τί</strong></span> <span class='ocrx_word' id='word_1_709' title='bbox 895 4735 1095 4788; x_wconf 61' lang='grc' dir='ltr'><strong>λοιπὸν</strong></span> <span class='ocrx_word' id='word_1_710' title='bbox 1127 4737 1337 4790; x_wconf 82' lang='grc' dir='ltr'><strong>δίκαιον</strong></span> <span class='ocrx_word' id='word_1_711' title='bbox 1383 4739 1470 4790; x_wconf 71' lang='grc' dir='ltr'><strong>ἐπ’</strong></span> <span class='ocrx_word' id='word_1_712' title='bbox 1512 4739 1661 4808; x_wconf 77' lang='grc' dir='ltr'><strong>αὐτῷ</strong></span> <span class='ocrx_word' id='word_1_713' title='bbox 1695 4736 1842 4810; x_wconf 77' lang='grc' dir='ltr'><strong>εἶχεν</strong></span> 
     </span>
    </p>
   </div>
   <div class='ocr_carea' id='block_1_94' title="bbox 238 4829 1842 4899">
    <p class='ocr_par' dir='ltr' id='par_1_94' title="bbox 238 4829 1842 4899">
     <span class='ocr_line' id='line_1_94' title="bbox 238 4829 1842 4899; baseline 0.001 -16"><span class='ocrx_word' id='word_1_714' title='bbox 238 4832 268 4884; x_wconf 90' lang='lat'><strong>6</strong></span> <span class='ocrx_word' id='word_1_715' title='bbox 297 4829 569 4895; x_wconf 75' lang='grc' dir='ltr'><strong>διάϐολος,</strong></span> <span class='ocrx_word' id='word_1_716' title='bbox 605 4830 692 4881; x_wconf 85' lang='grc' dir='ltr'><strong>ἵνα</strong></span> <span class='ocrx_word' id='word_1_717' title='bbox 721 4829 1012 4899; x_wconf 81' lang='grc' dir='ltr'><strong>θανατώσῃ</strong></span> <span class='ocrx_word' id='word_1_718' title='bbox 1047 4829 1246 4895; x_wconf 85' lang='grc' dir='ltr'><strong>αύτόν;</strong></span> <span class='ocrx_word' id='word_1_719' title='bbox 1282 4830 1448 4882; x_wconf 81' lang='grc' dir='ltr'><strong>Ὥστε</strong></span> <span class='ocrx_word' id='word_1_720' title='bbox 1487 4831 1613 4884; x_wconf 75' lang='grc' dir='ltr'><strong>ἐπεὶ</strong></span> <span class='ocrx_word' id='word_1_721' title='bbox 1639 4832 1842 4896; x_wconf 83' lang='grc' dir='ltr'><strong>ἀδίκως</strong></span> 
     </span>
    </p>
   </div>
   <div class='ocr_carea' id='block_1_95' title="bbox 240 4922 1845 4991">
    <p class='ocr_par' dir='ltr' id='par_1_95' title="bbox 240 4922 1845 4991">
     <span class='ocr_line' id='line_1_95' title="bbox 240 4922 1845 4991; baseline 0.003 -16"><span class='ocrx_word' id='word_1_722' title='bbox 240 4922 585 4990; x_wconf 72' lang='grc' dir='ltr'><strong>ἐθανατώθη,</strong></span> <span class='ocrx_word' id='word_1_723' title='bbox 622 4923 879 4991; x_wconf 85' lang='grc' dir='ltr'><strong>νενίκηκε</strong></span> <span class='ocrx_word' id='word_1_724' title='bbox 934 4923 1025 4975; x_wconf 79' lang='grc' dir='ltr'><strong>τὸν</strong></span> <span class='ocrx_word' id='word_1_725' title='bbox 1076 4923 1475 4978; x_wconf 84' lang='grc' dir='ltr'><strong>θανατώσαντα</strong></span> <span class='ocrx_word' id='word_1_726' title='bbox 1523 4926 1709 4991; x_wconf 68' lang='grc' dir='ltr'><strong>αὐτὸν,</strong></span> <span class='ocrx_word' id='word_1_727' title='bbox 1748 4927 1845 4980; x_wconf 70' lang='grc' dir='ltr'><strong>καὶ</strong></span> 
     </span>
    </p>
   </div>
   <div class='ocr_carea' id='block_1_96' title="bbox 239 5013 1844 5086">
    <p class='ocr_par' dir='ltr' id='par_1_96' title="bbox 239 5013 1844 5086">
     <span class='ocr_line' id='line_1_96' title="bbox 239 5013 1844 5086; baseline 0.001 -18"><span class='ocrx_word' id='word_1_728' title='bbox 239 5013 416 5077; x_wconf 69' lang='grc' dir='ltr'><strong>οὕτως</strong></span> <span class='ocrx_word' id='word_1_729' title='bbox 449 5013 799 5086; x_wconf 73' lang='grc' dir='ltr'><strong>ἠλευθέρωσε</strong></span> <span class='ocrx_word' id='word_1_730' title='bbox 837 5013 934 5068; x_wconf 80' lang='grc' dir='ltr'><strong>καὶ</strong></span> <span class='ocrx_word' id='word_1_731' title='bbox 972 5015 1064 5068; x_wconf 85' lang='grc' dir='ltr'><strong>τὸν</strong></span> <span class='ocrx_word' id='word_1_732' title='bbox 1116 5015 1296 5086; x_wconf 81' lang='grc' dir='ltr'><strong>Ἀδὰμ</strong></span> <span class='ocrx_word' id='word_1_733' title='bbox 1346 5017 1410 5069; x_wconf 84' lang='grc' dir='ltr'><strong>ὲκ</strong></span> <span class='ocrx_word' id='word_1_734' title='bbox 1455 5017 1550 5070; x_wconf 83' lang='grc' dir='ltr'><strong>τοῦ</strong></span> <span class='ocrx_word' id='word_1_735' title='bbox 1584 5019 1844 5082; x_wconf 88' lang='grc' dir='ltr'><strong>θανάτου,</strong></span> 
     </span>
    </p>
   </div>
   <div class='ocr_carea' id='block_1_97' title="bbox 239 5089 1845 5183">
    <p class='ocr_par' dir='ltr' id='par_1_97' title="bbox 239 5108 1845 5183">
     <span class='ocr_line' id='line_1_97' title="bbox 239 5108 1845 5183; baseline 0.005 -22"><span class='ocrx_word' id='word_1_736' title='bbox 239 5109 335 5161; x_wconf 80' lang='grc' dir='ltr'><strong>τοῦ</strong></span> <span class='ocrx_word' id='word_1_737' title='bbox 385 5108 612 5170; x_wconf 84' lang='grc' dir='ltr'><strong>δικαίως</strong></span> <span class='ocrx_word' id='word_1_738' title='bbox 658 5108 996 5178; x_wconf 68' lang='grc' dir='ltr'><strong>ἐπαχθέντος</strong></span> <span class='ocrx_word' id='word_1_739' title='bbox 1060 5108 1248 5179; x_wconf 80' lang='grc' dir='ltr'><strong>αὐτῷ,</strong></span> <span class='ocrx_word' id='word_1_740' title='bbox 1299 5110 1375 5173; x_wconf 83' lang='grc' dir='ltr'><strong>ὡς</strong></span> <span class='ocrx_word' id='word_1_741' title='bbox 1435 5112 1845 5183; x_wconf 67' lang='grc' dir='ltr'><strong>ἁμαρτήσαντι.</strong></span> 
     </span>
    </p>
   </div>
   <div class='ocr_carea' id='block_1_98' title="bbox 248 5198 1852 5280">
    <p class='ocr_par' dir='ltr' id='par_1_98' title="bbox 248 5198 1852 5280">
     <span class='ocr_line' id='line_1_98' title="bbox 248 5198 1852 5280; baseline 0.006 -26"><span class='ocrx_word' id='word_1_742' title='bbox 248 5202 361 5254; x_wconf 72' lang='grc' dir='ltr'><strong>Καὶ</strong></span> <span class='ocrx_word' id='word_1_743' title='bbox 390 5200 568 5264; x_wconf 75' lang='grc' dir='ltr'><strong>ἄλλως</strong></span> <span class='ocrx_word' id='word_1_744' title='bbox 598 5200 657 5254; x_wconf 80' lang='grc' dir='ltr'><em>δέ</em></span> <span class='ocrx_word' id='word_1_745' title='bbox 681 5219 696 5232; x_wconf 86' lang='grc'><strong>·</strong></span> <span class='ocrx_word' id='word_1_746' title='bbox 727 5203 834 5255; x_wconf 88' lang='grc' dir='ltr'><strong>Δύο</strong></span> <span class='ocrx_word' id='word_1_747' title='bbox 862 5198 1008 5274; x_wconf 79' lang='grc' dir='ltr'><strong>ἦσαν</strong></span> <span class='ocrx_word' id='word_1_748' title='bbox 1047 5203 1117 5256; x_wconf 85' lang='grc' dir='ltr'><strong>τὰ</strong></span> <span class='ocrx_word' id='word_1_749' title='bbox 1147 5205 1459 5274; x_wconf 84' lang='grc' dir='ltr'><strong>κρατοῦντα</strong></span> <span class='ocrx_word' id='word_1_750' title='bbox 1499 5207 1595 5260; x_wconf 81' lang='grc' dir='ltr'><strong>τοῦ</strong></span> <span class='ocrx_word' id='word_1_751' title='bbox 1631 5208 1852 5280; x_wconf 83' lang='grc' dir='ltr'><strong>ἀνθρω-</strong></span> 
     </span>
    </p>
   </div>
   <div class='ocr_carea' id='block_1_99' title="bbox 243 5292 1848 5371">
    <p class='ocr_par' dir='ltr' id='par_1_99' title="bbox 243 5292 1848 5371">
     <span class='ocr_line' id='line_1_99' title="bbox 243 5292 1848 5371; baseline 0.006 -25"><span class='ocrx_word' id='word_1_752' title='bbox 243 5296 401 5347; x_wconf 67' lang='grc' dir='ltr'><strong>τ.ίιου</strong></span> <span class='ocrx_word' id='word_1_753' title='bbox 443 5295 661 5362; x_wconf 78' lang='grc' dir='ltr'><strong>γένους,</strong></span> <span class='ocrx_word' id='word_1_754' title='bbox 692 5294 876 5366; x_wconf 76' lang='grc' dir='ltr'><strong>ἡδονὴ,</strong></span> <span class='ocrx_word' id='word_1_755' title='bbox 912 5292 1008 5350; x_wconf 77' lang='grc' dir='ltr'><strong>και</strong></span> <span class='ocrx_word' id='word_1_756' title='bbox 1064 5296 1215 5367; x_wconf 86' lang='grc' dir='ltr'><strong>λύπη</strong></span> <span class='ocrx_word' id='word_1_757' title='bbox 1241 5313 1255 5327; x_wconf 78' lang='grc'><strong><em>⁸</em></strong></span> <span class='ocrx_word' id='word_1_758' title='bbox 1287 5299 1376 5353; x_wconf 79' lang='grc' dir='ltr'><strong>διὰ</strong></span> <span class='ocrx_word' id='word_1_759' title='bbox 1424 5300 1488 5371; x_wconf 81' lang='grc' dir='ltr'><strong>δὴ</strong></span> <span class='ocrx_word' id='word_1_760' title='bbox 1527 5303 1712 5354; x_wconf 77' lang='grc' dir='ltr'><strong>τοίνυν</strong></span> <span class='ocrx_word' id='word_1_761' title='bbox 1738 5304 1848 5357; x_wconf 84' lang='grc' dir='ltr'><strong>τών</strong></span> 
     </span>
    </p>
   </div>
   <div class='ocr_carea' id='block_1_100' title="bbox 242 5386 1850 5466">
    <p class='ocr_par' dir='ltr' id='par_1_100' title="bbox 242 5386 1850 5466">
     <span class='ocr_line' id='line_1_100' title="bbox 242 5386 1850 5466; baseline 0.005 -25"><span class='ocrx_word' id='word_1_762' title='bbox 242 5389 337 5441; x_wconf 66' lang='grc' dir='ltr'><strong>δύο</strong></span> <span class='ocrx_word' id='word_1_763' title='bbox 359 5388 567 5440; x_wconf 89' lang='grc' dir='ltr'><strong>τούτων</strong></span> <span class='ocrx_word' id='word_1_764' title='bbox 587 5386 760 5440; x_wconf 81' lang='grc' dir='ltr'><strong>ἐλθὼν</strong></span> <span class='ocrx_word' id='word_1_765' title='bbox 784 5391 811 5441; x_wconf 92' lang='lat'><strong>6</strong></span> <span class='ocrx_word' id='word_1_766' title='bbox 848 5389 1080 5460; x_wconf 80' lang='grc' dir='ltr'><strong>Κύριος,</strong></span> <span class='ocrx_word' id='word_1_767' title='bbox 1107 5392 1377 5462; x_wconf 82' lang='grc' dir='ltr'><strong>ἀήττητος</strong></span> <span class='ocrx_word' id='word_1_768' title='bbox 1422 5395 1644 5466; x_wconf 81' lang='grc' dir='ltr'><strong>εὑρέθη.</strong></span> <span class='ocrx_word' id='word_1_769' title='bbox 1675 5398 1850 5466; x_wconf 77' lang='grc' dir='ltr'><strong>Προσ-</strong></span> 
     </span>
    </p>
   </div>
   <div class='ocr_carea' id='block_1_101' title="bbox 245 5478 1848 5559">
    <p class='ocr_par' dir='ltr' id='par_1_101' title="bbox 245 5478 1848 5559">
     <span class='ocr_line' id='line_1_101' title="bbox 245 5478 1848 5559; baseline 0.005 -25"><span class='ocrx_word' id='word_1_770' title='bbox 245 5482 409 5534; x_wconf 77' lang='grc' dir='ltr'><strong>έϐαλε</strong></span> <span class='ocrx_word' id='word_1_771' title='bbox 447 5480 546 5550; x_wconf 81' lang='grc' dir='ltr'><strong>μὲν</strong></span> <span class='ocrx_word' id='word_1_772' title='bbox 573 5478 682 5551; x_wconf 85' lang='grc' dir='ltr'><strong>γὰρ</strong></span> <span class='ocrx_word' id='word_1_773' title='bbox 701 5480 854 5553; x_wconf 85' lang='grc' dir='ltr'><strong>αύτῷ</strong></span> <span class='ocrx_word' id='word_1_774' title='bbox 871 5483 1144 5554; x_wconf 82' lang='grc' dir='ltr'><strong>πρότερον</strong></span> <span class='ocrx_word' id='word_1_775' title='bbox 1172 5485 1231 5538; x_wconf 83' lang='grc' dir='ltr'><strong>έν</strong></span> <span class='ocrx_word' id='word_1_776' title='bbox 1258 5485 1334 5555; x_wconf 90' lang='grc' dir='ltr'>τῷ</span> <span class='ocrx_word' id='word_1_777' title='bbox 1358 5487 1474 5558; x_wconf 76' lang='grc' dir='ltr'><strong>ὄρει</strong></span> <span class='ocrx_word' id='word_1_778' title='bbox 1510 5489 1537 5538; x_wconf 90' lang='lat'><strong>6</strong></span> <span class='ocrx_word' id='word_1_779' title='bbox 1566 5491 1848 5559; x_wconf 75' lang='grc' dir='ltr'><strong>πειράζων</strong></span> 
     </span>
    </p>
   </div>
   <div class='ocr_carea' id='block_1_102' title="bbox 242 5573 1848 5649">
    <p class='ocr_par' dir='ltr' id='par_1_102' title="bbox 242 5573 1848 5649">
     <span class='ocr_line' id='line_1_102' title="bbox 242 5573 1848 5649; baseline 0.006 -23"><span class='ocrx_word' id='word_1_780' title='bbox 242 5573 313 5626; x_wconf 79' lang='grc' dir='ltr'><strong>δι’</strong></span> <span class='ocrx_word' id='word_1_781' title='bbox 344 5573 568 5643; x_wconf 51' lang='grc' dir='ltr'><strong>ἡδονῆς</strong></span> <span class='ocrx_word' id='word_1_782' title='bbox 611 5573 787 5643; x_wconf 86' lang='grc' dir='ltr'><strong>εὑρὼν</strong></span> <span class='ocrx_word' id='word_1_783' title='bbox 835 5574 893 5628; x_wconf 80' lang='grc' dir='ltr'><strong>δὲ</strong></span> <span class='ocrx_word' id='word_1_784' title='bbox 933 5576 1110 5649; x_wconf 80' lang='grc' dir='ltr'><strong>ταύτῃ</strong></span> <span class='ocrx_word' id='word_1_785' title='bbox 1158 5578 1458 5645; x_wconf 84' lang='grc' dir='ltr'><strong>ἀνάλωτον,</strong></span> <span class='ocrx_word' id='word_1_786' title='bbox 1507 5579 1739 5649; x_wconf 79' lang='grc' dir='ltr'><strong>ὕστερον</strong></span> <span class='ocrx_word' id='word_1_787' title='bbox 1787 5583 1848 5636; x_wconf 74' lang='grc' dir='ltr'><strong>τὸ</strong></span> 
     </span>
    </p>
   </div>
   <div class='ocr_carea' id='block_1_103' title="bbox 247 5664 1848 5739">
    <p class='ocr_par' dir='ltr' id='par_1_103' title="bbox 247 5664 1848 5739">
     <span class='ocr_line' id='line_1_103' title="bbox 247 5664 1848 5739; baseline 0.004 -21"><span class='ocrx_word' id='word_1_788' title='bbox 247 5667 392 5736; x_wconf 80' lang='grc' dir='ltr'><strong>μέγα</strong></span> <span class='ocrx_word' id='word_1_789' title='bbox 440 5664 748 5735; x_wconf 85' lang='grc' dir='ltr'><strong>μηχάνημα</strong></span> <span class='ocrx_word' id='word_1_790' title='bbox 798 5665 900 5737; x_wconf 78' lang='grc' dir='ltr'><strong>τὴν</strong></span> <span class='ocrx_word' id='word_1_791' title='bbox 953 5665 1133 5734; x_wconf 87' lang='grc' dir='ltr'><strong>λύπην</strong></span> <span class='ocrx_word' id='word_1_792' title='bbox 1179 5669 1560 5739; x_wconf 78' lang='grc' dir='ltr'><strong>προσήγαγεν,</strong></span> <span class='ocrx_word' id='word_1_793' title='bbox 1615 5672 1700 5724; x_wconf 80' lang='grc' dir='ltr'><strong>ἵνα</strong></span> <span class='ocrx_word' id='word_1_794' title='bbox 1740 5671 1848 5724; x_wconf 74' lang='grc' dir='ltr'><strong>κᾶν</strong></span> 
     </span>
    </p>
   </div>
   <div class='ocr_carea' id='block_1_104' title="bbox 301 5805 808 5874">
    <p class='ocr_par' dir='ltr' id='par_1_104' title="bbox 301 5805 808 5874">
     <span class='ocr_line' id='line_1_104' title="bbox 301 5805 808 5874; baseline 0.006 -11"><span class='ocrx_word' id='word_1_795' title='bbox 301 5805 361 5843; x_wconf 84' lang='grc'><strong>’⁷⁷</strong></span> <span class='ocrx_word' id='word_1_796' title='bbox 389 5809 549 5864; x_wconf 77' lang='lat' dir='ltr'><strong>Num.</strong></span> <span class='ocrx_word' id='word_1_797' title='bbox 589 5825 740 5874; x_wconf 77' lang='lat' dir='ltr'><strong>xm,</strong></span> <span class='ocrx_word' id='word_1_798' title='bbox 773 5808 808 5866; x_wconf 85' lang='lat'><strong>9</strong></span> 
     </span>
    </p>
   </div>
   <div class='ocr_carea' id='block_1_105' title="bbox 320 5923 1596 5996">
    <p class='ocr_par' dir='ltr' id='par_1_105' title="bbox 320 5923 1596 5996">
     <span class='ocr_line' id='line_1_105' title="bbox 320 5923 1596 5996; baseline 0.002 -18"><span class='ocrx_word' id='word_1_799' title='bbox 320 5925 398 5992; x_wconf 80' lang='grc' dir='ltr'><strong>(α)</strong></span> <span class='ocrx_word' id='word_1_800' title='bbox 433 5923 554 5982; x_wconf 83' lang='lat' dir='ltr'><strong>Edit</strong></span> <span class='ocrx_word' id='word_1_801' title='bbox 584 5923 708 5982; x_wconf 88' lang='lat' dir='ltr'><strong>Lul.</strong></span> <span class='ocrx_word' id='word_1_802' title='bbox 739 5925 868 5996; x_wconf 78' lang='lat' dir='ltr'><strong>legit</strong></span> <span class='ocrx_word' id='word_1_803' title='bbox 901 5934 1135 5996; x_wconf 83' lang='lat' dir='ltr'><strong>tantum,</strong></span> <span class='ocrx_word' id='word_1_804' title='bbox 1171 5925 1344 5996; x_wconf 79' lang='lat' dir='ltr'><strong>gloria</strong></span> <span class='ocrx_word' id='word_1_805' title='bbox 1379 5925 1596 5981; x_wconf 72' lang='lat' dir='ltr'><strong>Christi.</strong></span> 
     </span>
    </p>
   </div>
   <div class='ocr_carea' id='block_1_106' title="bbox 1945 4741 3565 4814">
    <p class='ocr_par' dir='ltr' id='par_1_106' title="bbox 1945 4741 3565 4814">
     <span class='ocr_line' id='line_1_106' title="bbox 1945 4741 3565 4814; baseline 0.005 -18"><span class='ocrx_word' id='word_1_806' title='bbox 1945 4741 2058 4805; x_wconf 78' lang='lat' dir='ltr'><strong>&#39;est,</strong></span> <span class='ocrx_word' id='word_1_807' title='bbox 2115 4743 2247 4797; x_wconf 84' lang='lat' dir='ltr'><strong>vicit</strong></span> <span class='ocrx_word' id='word_1_808' title='bbox 2277 4758 2399 4797; x_wconf 90' lang='lat' dir='ltr'><strong>eum</strong></span> <span class='ocrx_word' id='word_1_809' title='bbox 2433 4759 2461 4795; x_wconf 91' lang='lat' dir='ltr'><strong>a</strong></span> <span class='ocrx_word' id='word_1_810' title='bbox 2506 4760 2616 4814; x_wconf 86' lang='lat' dir='ltr'><strong>quo</strong></span> <span class='ocrx_word' id='word_1_811' title='bbox 2651 4745 2870 4799; x_wconf 80' lang='lat' dir='ltr'><strong>occisus</strong></span> <span class='ocrx_word' id='word_1_812' title='bbox 2901 4754 2985 4800; x_wconf 91' lang='lat' dir='ltr'><strong>est</strong></span> <span class='ocrx_word' id='word_1_813' title='bbox 3021 4761 3037 4799; x_wconf 90' lang='lat'><strong>:</strong></span> <span class='ocrx_word' id='word_1_814' title='bbox 3089 4758 3146 4800; x_wconf 91' lang='lat' dir='ltr'><strong>et</strong></span> <span class='ocrx_word' id='word_1_815' title='bbox 3191 4747 3269 4802; x_wconf 89' lang='lat' dir='ltr'><strong>sic</strong></span> <span class='ocrx_word' id='word_1_816' title='bbox 3309 4747 3565 4804; x_wconf 84' lang='lat' dir='ltr'><strong>liberavit</strong></span> 
     </span>
    </p>
   </div>
   <div class='ocr_carea' id='block_1_107' title="bbox 1953 4835 3566 4912">
    <p class='ocr_par' dir='ltr' id='par_1_107' title="bbox 1953 4835 3566 4912">
     <span class='ocr_line' id='line_1_107' title="bbox 1953 4835 3566 4912; baseline 0.005 -25"><span class='ocrx_word' id='word_1_817' title='bbox 1953 4835 2221 4889; x_wconf 80' lang='lat' dir='ltr'><strong>Adamutn</strong></span> <span class='ocrx_word' id='word_1_818' title='bbox 2254 4852 2280 4889; x_wconf 90' lang='lat' dir='ltr'><strong>a</strong></span> <span class='ocrx_word' id='word_1_819' title='bbox 2317 4845 2514 4891; x_wconf 89' lang='lat' dir='ltr'><strong>morte.</strong></span> <span class='ocrx_word' id='word_1_820' title='bbox 2543 4852 2663 4905; x_wconf 65' lang='lat' dir='ltr'><strong>quae</strong></span> <span class='ocrx_word' id='word_1_821' title='bbox 2690 4837 2764 4891; x_wconf 91' lang='lat' dir='ltr'><strong>illi</strong></span> <span class='ocrx_word' id='word_1_822' title='bbox 2801 4838 2950 4906; x_wconf 87' lang='lat' dir='ltr'><strong>juste</strong></span> <span class='ocrx_word' id='word_1_823' title='bbox 2984 4837 3347 4906; x_wconf 78' lang='lat' dir='ltr'><strong>inferebatur,</strong></span> <span class='ocrx_word' id='word_1_824' title='bbox 3379 4851 3566 4912; x_wconf 87' lang='lat' dir='ltr'><strong>utpote</strong></span> 
     </span>
    </p>
   </div>
   <div class='ocr_carea' id='block_1_108' title="bbox 1953 4927 3566 5005">
    <p class='ocr_par' dir='ltr' id='par_1_108' title="bbox 1953 4927 3566 5005">
     <span class='ocr_line' id='line_1_108' title="bbox 1953 4927 3566 5005; baseline 0.007 -25"><span class='ocrx_word' id='word_1_825' title='bbox 1953 4927 2000 4980; x_wconf 91' lang='lat' dir='ltr'><strong>ci</strong></span> <span class='ocrx_word' id='word_1_826' title='bbox 2038 4927 2129 5005; x_wconf 85' lang='lat' dir='ltr'><strong>qui</strong></span> <span class='ocrx_word' id='word_1_827' title='bbox 2165 4939 2435 4995; x_wconf 79' lang='lat' dir='ltr'><strong>pcccarat.</strong></span> <span class='ocrx_word' id='word_1_828' title='bbox 2474 4928 2540 4983; x_wconf 86' lang='lat' dir='ltr'><strong>Et</strong></span> <span class='ocrx_word' id='word_1_829' title='bbox 2573 4932 2772 4985; x_wconf 84' lang='lat' dir='ltr'><strong>aliter:</strong></span> <span class='ocrx_word' id='word_1_830' title='bbox 2815 4931 2932 4987; x_wconf 89' lang='lat' dir='ltr'><strong>Duo</strong></span> <span class='ocrx_word' id='word_1_831' title='bbox 2968 4931 3184 4987; x_wconf 85' lang='lat' dir='ltr'><strong>fuerunt</strong></span> <span class='ocrx_word' id='word_1_832' title='bbox 3217 4950 3340 5005; x_wconf 68' lang='lat' dir='ltr'><strong>qua:</strong></span> <span class='ocrx_word' id='word_1_833' title='bbox 3389 4937 3566 4992; x_wconf 90' lang='lat' dir='ltr'><strong>domi-</strong></span> 
     </span>
    </p>
   </div>
   <div class='ocr_carea' id='block_1_109' title="bbox 1957 5002 3569 5096">
    <p class='ocr_par' dir='ltr' id='par_1_109' title="bbox 1957 5002 3569 5096">
     <span class='ocr_line' id='line_1_109' title="bbox 1957 5002 3569 5096; baseline 0.007 -23"><span class='ocrx_word' id='word_1_834' title='bbox 1957 5002 2106 5073; x_wconf 82' lang='lat' dir='ltr'><strong>nium</strong></span> <span class='ocrx_word' id='word_1_835' title='bbox 2154 5019 2429 5075; x_wconf 79' lang='lat' dir='ltr'><strong>habebant</strong></span> <span class='ocrx_word' id='word_1_836' title='bbox 2478 5021 2531 5074; x_wconf 92' lang='lat' dir='ltr'><strong>in</strong></span> <span class='ocrx_word' id='word_1_837' title='bbox 2584 5023 2884 5077; x_wconf 89' lang='lat' dir='ltr'><strong>humanum</strong></span> <span class='ocrx_word' id='word_1_838' title='bbox 2914 5040 3134 5094; x_wconf 74' lang='lat' dir='ltr'><strong>genus:</strong></span> <span class='ocrx_word' id='word_1_839' title='bbox 3189 5002 3464 5096; x_wconf 86' lang='lat' dir='ltr'><strong>voluptas,</strong></span> <span class='ocrx_word' id='word_1_840' title='bbox 3512 5041 3569 5085; x_wconf 90' lang='lat' dir='ltr'><strong>et</strong></span> 
     </span>
    </p>
   </div>
   <div class='ocr_carea' id='block_1_110' title="bbox 1956 5111 3570 5187">
    <p class='ocr_par' dir='ltr' id='par_1_110' title="bbox 1956 5111 3570 5187">
     <span class='ocr_line' id='line_1_110' title="bbox 1956 5111 3570 5187; baseline 0.007 -23"><span class='ocrx_word' id='word_1_841' title='bbox 1956 5112 2203 5166; x_wconf 86' lang='lat' dir='ltr'><strong>tristitia.</strong></span> <span class='ocrx_word' id='word_1_842' title='bbox 2241 5112 2282 5165; x_wconf 85' lang='lat' dir='ltr'><strong>A</strong></span> <span class='ocrx_word' id='word_1_843' title='bbox 2317 5111 2536 5168; x_wconf 90' lang='lat' dir='ltr'><strong>duobus</strong></span> <span class='ocrx_word' id='word_1_844' title='bbox 2570 5125 2752 5168; x_wconf 88' lang='lat' dir='ltr'><strong>autem</strong></span> <span class='ocrx_word' id='word_1_845' title='bbox 2785 5115 2896 5170; x_wconf 91' lang='lat' dir='ltr'><strong>illis</strong></span> <span class='ocrx_word' id='word_1_846' title='bbox 2932 5117 3168 5172; x_wconf 84' lang='lat' dir='ltr'><strong>invictus</strong></span> <span class='ocrx_word' id='word_1_847' title='bbox 3206 5130 3456 5187; x_wconf 85' lang='lat' dir='ltr'><strong>repertus</strong></span> <span class='ocrx_word' id='word_1_848' title='bbox 3486 5130 3570 5176; x_wconf 89' lang='lat' dir='ltr'><strong>est</strong></span> 
     </span>
    </p>
   </div>
   <div class='ocr_carea' id='block_1_111' title="bbox 1957 5207 3570 5282">
    <p class='ocr_par' dir='ltr' id='par_1_111' title="bbox 1957 5207 3570 5282">
     <span class='ocr_line' id='line_1_111' title="bbox 1957 5207 3570 5282; baseline 0.007 -23"><span class='ocrx_word' id='word_1_849' title='bbox 1957 5207 2243 5260; x_wconf 86' lang='lat' dir='ltr'><strong>Dominus.</strong></span> <span class='ocrx_word' id='word_1_850' title='bbox 2302 5207 2434 5260; x_wconf 81' lang='lat' dir='ltr'><strong>Nam</strong></span> <span class='ocrx_word' id='word_1_851' title='bbox 2490 5209 2771 5265; x_wconf 84' lang='lat' dir='ltr'><strong>invaserat</strong></span> <span class='ocrx_word' id='word_1_852' title='bbox 2831 5212 3054 5280; x_wconf 88' lang='lat' dir='ltr'><strong>quidem</strong></span> <span class='ocrx_word' id='word_1_853' title='bbox 3107 5214 3263 5282; x_wconf 88' lang='lat' dir='ltr'><strong>prius</strong></span> <span class='ocrx_word' id='word_1_854' title='bbox 3317 5214 3468 5268; x_wconf 87' lang='lat' dir='ltr'><strong>illum</strong></span> <span class='ocrx_word' id='word_1_855' title='bbox 3514 5215 3570 5270; x_wconf 91' lang='lat' dir='ltr'><strong>in</strong></span> 
     </span>
    </p>
   </div>
   <div class='ocr_carea' id='block_1_112' title="bbox 1957 5303 3570 5376">
    <p class='ocr_par' dir='ltr' id='par_1_112' title="bbox 1957 5303 3570 5376">
     <span class='ocr_line' id='line_1_112' title="bbox 1957 5303 3570 5376; baseline 0.006 -23"><span class='ocrx_word' id='word_1_856' title='bbox 1957 5311 2161 5367; x_wconf 87' lang='lat' dir='ltr'><strong>monte,</strong></span> <span class='ocrx_word' id='word_1_857' title='bbox 2197 5311 2415 5355; x_wconf 83' lang='lat' dir='ltr'><strong>teutaus</strong></span> <span class='ocrx_word' id='word_1_858' title='bbox 2445 5317 2541 5370; x_wconf 91' lang='lat' dir='ltr'><strong>per</strong></span> <span class='ocrx_word' id='word_1_859' title='bbox 2575 5303 2910 5372; x_wconf 82' lang='lat' dir='ltr'><strong>voluptatem</strong></span> <span class='ocrx_word' id='word_1_860' title='bbox 2944 5322 2954 5356; x_wconf 92' lang='lat'>:</span> <span class='ocrx_word' id='word_1_861' title='bbox 2986 5315 3038 5358; x_wconf 89' lang='grc' dir='ltr'><strong>ει</strong></span> <span class='ocrx_word' id='word_1_862' title='bbox 3067 5320 3190 5358; x_wconf 84' lang='lat' dir='ltr'><strong>cum</strong></span> <span class='ocrx_word' id='word_1_863' title='bbox 3219 5309 3570 5376; x_wconf 79' lang='lat' dir='ltr'><strong>experiretur</strong></span> 
     </span>
    </p>
   </div>
   <div class='ocr_carea' id='block_1_113' title="bbox 1960 5393 3571 5469">
    <p class='ocr_par' dir='ltr' id='par_1_113' title="bbox 1960 5393 3571 5469">
     <span class='ocr_line' id='line_1_113' title="bbox 1960 5393 3571 5469; baseline 0.006 -23"><span class='ocrx_word' id='word_1_864' title='bbox 1960 5393 2063 5446; x_wconf 86' lang='lat' dir='ltr'><strong>hac</strong></span> <span class='ocrx_word' id='word_1_865' title='bbox 2110 5395 2196 5448; x_wconf 87' lang='lat' dir='ltr'><strong>via</strong></span> <span class='ocrx_word' id='word_1_866' title='bbox 2239 5394 2381 5448; x_wconf 87' lang='lat' dir='ltr'><strong>vinci</strong></span> <span class='ocrx_word' id='word_1_867' title='bbox 2425 5412 2532 5448; x_wconf 88' lang='lat' dir='ltr'><strong>non</strong></span> <span class='ocrx_word' id='word_1_868' title='bbox 2571 5412 2771 5464; x_wconf 88' lang='lat' dir='ltr'><strong>posse,</strong></span> <span class='ocrx_word' id='word_1_869' title='bbox 2809 5397 3076 5465; x_wconf 84' lang='lat' dir='ltr'><strong>majorem</strong></span> <span class='ocrx_word' id='word_1_870' title='bbox 3127 5411 3314 5469; x_wconf 78' lang='lat' dir='ltr'><strong>postea</strong></span> <span class='ocrx_word' id='word_1_871' title='bbox 3354 5403 3571 5456; x_wconf 81' lang='lat' dir='ltr'><strong>machi-</strong></span> 
     </span>
    </p>
   </div>
   <div class='ocr_carea' id='block_1_114' title="bbox 1962 5487 3571 5562">
    <p class='ocr_par' dir='ltr' id='par_1_114' title="bbox 1962 5487 3571 5562">
     <span class='ocr_line' id='line_1_114' title="bbox 1962 5487 3571 5562; baseline 0.006 -24"><span class='ocrx_word' id='word_1_872' title='bbox 1962 5503 2110 5551; x_wconf 88' lang='lat' dir='ltr'><strong>nam,</strong></span> <span class='ocrx_word' id='word_1_873' title='bbox 2147 5487 2430 5541; x_wconf 85' lang='lat' dir='ltr'><strong>tristitiam</strong></span> <span class='ocrx_word' id='word_1_874' title='bbox 2485 5488 2717 5549; x_wconf 84' lang='lat' dir='ltr'><strong>scilicet,</strong></span> <span class='ocrx_word' id='word_1_875' title='bbox 2776 5490 3063 5556; x_wconf 75' lang='lat' dir='ltr'><strong>adhibuit,</strong></span> <span class='ocrx_word' id='word_1_876' title='bbox 3116 5501 3174 5544; x_wconf 92' lang='lat' dir='ltr'><strong>ut</strong></span> <span class='ocrx_word' id='word_1_877' title='bbox 3225 5492 3419 5547; x_wconf 80' lang='lat' dir='ltr'><strong>saltem</strong></span> <span class='ocrx_word' id='word_1_878' title='bbox 3474 5509 3571 5562; x_wconf 85' lang='lat' dir='ltr'><strong>per</strong></span> 
     </span>
    </p>
   </div>
   <div class='ocr_carea' id='block_1_115' title="bbox 1961 5581 3566 5650">
    <p class='ocr_par' dir='ltr' id='par_1_115' title="bbox 1961 5581 3566 5650">
     <span class='ocr_line' id='line_1_115' title="bbox 1961 5581 3566 5650; baseline 0.004 -16"><span class='ocrx_word' id='word_1_879' title='bbox 1961 5581 2108 5634; x_wconf 90' lang='lat' dir='ltr'><strong>illam</strong></span> <span class='ocrx_word' id='word_1_880' title='bbox 2164 5581 2480 5636; x_wconf 75' lang='lat' dir='ltr'><strong>devinceret</strong></span> <span class='ocrx_word' id='word_1_881' title='bbox 2525 5599 2537 5634; x_wconf 88' lang='lat'>:</span> <span class='ocrx_word' id='word_1_882' title='bbox 2601 5591 2657 5636; x_wconf 88' lang='lat' dir='ltr'><strong>ct</strong></span> <span class='ocrx_word' id='word_1_883' title='bbox 2695 5593 2982 5650; x_wconf 86' lang='lat' dir='ltr'><strong>propterea</strong></span> <span class='ocrx_word' id='word_1_884' title='bbox 3026 5589 3325 5640; x_wconf 77' lang='lat' dir='ltr'><strong>commovit</strong></span> <span class='ocrx_word' id='word_1_885' title='bbox 3384 5589 3566 5641; x_wconf 84' lang='lat' dir='ltr'><strong>omnia</strong></span> 
     </span>
    </p>
   </div>
   <div class='ocr_carea' id='block_1_116' title="bbox 1958 5675 3570 5748">
    <p class='ocr_par' dir='ltr' id='par_1_116' title="bbox 1958 5675 3570 5748">
     <span class='ocr_line' id='line_1_116' title="bbox 1958 5675 3570 5748; baseline 0.006 -16"><span class='ocrx_word' id='word_1_886' title='bbox 1958 5685 2148 5733; x_wconf 87' lang='lat' dir='ltr'><strong>contra</strong></span> <span class='ocrx_word' id='word_1_887' title='bbox 2182 5675 2331 5730; x_wconf 88' lang='lat' dir='ltr'><strong>illum</strong></span> <span class='ocrx_word' id='word_1_888' title='bbox 2374 5691 2387 5727; x_wconf 90' lang='lat'><strong>:</strong></span> <span class='ocrx_word' id='word_1_889' title='bbox 2422 5675 2741 5746; x_wconf 86' lang='lat' dir='ltr'><strong>discipulos,</strong></span> <span class='ocrx_word' id='word_1_890' title='bbox 2778 5687 2837 5733; x_wconf 90' lang='lat' dir='ltr'><strong>ut</strong></span> <span class='ocrx_word' id='word_1_891' title='bbox 2888 5691 3186 5748; x_wconf 79' lang='lat' dir='ltr'><strong>negarent;</strong></span> <span class='ocrx_word' id='word_1_892' title='bbox 3244 5683 3477 5746; x_wconf 89' lang='lat' dir='ltr'><strong>milites,</strong></span> <span class='ocrx_word' id='word_1_893' title='bbox 3512 5693 3570 5741; x_wconf 87' lang='lat' dir='ltr'><strong>ut</strong></span> 
     </span>
    </p>
   </div>
  </div>
