4218 6424
657 373 792 438 ηιι
1501 361 2051 428 THEOPHYLACT
2055 360 2082 421 Ι
2124 357 2533 422 BULGARl/E
2560 352 2914 416 ARCHIEP.
3788 336 3943 402 1212

642 489 964 548 illuderent;
999 469 1412 552 prmtere'uutes,
1448 487 1506 532 ut
1535 477 1977 546 blasphemarent
2007 492 2022 540 ;
2083 483 2137 529 et
2171 475 2224 527 iu
2256 477 2305 536 Α

2279 477 2305 536 ι
2331 472 2422 527 διὰ
2449 470 2657 541 ταύτης
2682 468 2817 538 γοῦν
2848 465 3106 539 κρατήσῃ
3128 461 3294 517 αὑτοῦ
3317 478 3332 494 ·
3360 459 3454 516 καὶ
3483 460 3570 514 διὰ
3601 455 3765 513 τοῦτο
3788 475 3945 527 παρ·

643 598 854 640 summa
888 579 1120 641 Judzeos,
1154 584 1214 628 ut
1239 573 1619 641 crucifigerent
1655 589 1670 636 ;
1707 579 1762 624 et
1791 571 1868 623 sic.
1897 582 2116 638 quoque
2144 567 2229 621 iu-

2335 565 2554 632 εκίνησε
2594 564 2772 618 πάντα
2810 560 2934 614 κατ’
2980 556 3172 621 αὑτοῦ,
3202 557 3334 620 τοὺς
3387 555 3637 626 μαθητὰς
3679 553 3943 620 ἀρνήσα-

648 676 852 728 νὶειιιιη
895 667 1179 736 comperit.
1224 665 1340 717 Non
1403 662 1550 715 enim
1617 659 1793 728 potuit
1846 659 2028 712 crucis
2077 655 2232 712 dolor

2342 655 2494 717 σθαι,
2513 654 2642 717 τοὺς
2664 649 3006 724 στρατιώτας
3035 648 3354 720 ὶμπαίζειν,
3384 649 3511 711 τοὺς
3543 661 3947 719 παραπορευο-

645 762 862 818 eilicere
894 769 953 812 ut
983 754 1368 823 crucifigentes
1403 751 1629 806 haberet
1655 750 1781 804 odio
1805 788 1818 812 ,
1850 750 1945 803 sed
1975 749 2232 816 diligebat

2343 747 2540 818 μένους
2595 746 2963 816 βλασφημεῖν,
3031 745 3130 798 καὶ
3199 742 3391 804 ἁπλῶς
3446 743 3577 799 τοὺς
3643 739 3951 800 Ἰουδαίους

647 869 761 917 eos,
797 858 850 904 et
909 864 1006 915 pro
1038 849 1115 900 eis
1178 847 1368 900 orabat
1400 843 1586 896 dicens
1618 858 1630 893 :
1668 857 1686 890 ι
1727 837 1804 892 Ne
1849 847 2061 892 statuas
2102 836 2230 897 illis,

2338 838 2673 891 θανατῶσαι.
2734 835 2897 890 Ἀλλὰ
2922 835 3017 889 καὶ
3049 834 3224 897 οὑτως
3256 827 3417 903 εὗρεν
3447 831 3613 885 αὑτὸν
3638 832 3949 900 ἀήττητον.

650 945 830 1004 Pater,
865 952 1145 1012 peccatum
1203 939 1380 991 hocm
1420 934 1586 989 Vides
1613 932 1886 1001 quomoqu
1915 929 2106 984 vicerit
2134 942 2229 994 per

2339 931 2416 985 οὑ
2450 931 2560 1002 γὰρ
2592 929 2834 1000 ἠδυνήθη
2864 930 2922 982 ὲν
2946 927 3026 999 τῷ
3051 925 3274 998 σταυρῷ
3299 925 3446 994 λύπη
3479 927 3668 977 πεῖσαι
3704 922 3798 975 τὸν
3833 921 3955 974 Κύ-

652 1041 754 1093 hoc
813 1039 1010 1107 ipsum,
1067 1051 1162 1104 per
1212 1033 1354 1100 quod
1395 1031 1682 1086 videbatur
1739 1030 1919 1082 victus
1956 1025 2112 1081 esse?
2141 1022 2234 1078 Sic

2347 1041 2464 1094 ριον
2518 1023 2752 1092 μισῆσαι
2801 1023 2927 1086 τοὺς
2969 1022 3377 1092 σταυροῦντας,
3419 1017 3557 1072 ἀλλὰ
3587 1017 3699 1087 γὰρ
3745 1015 3955 1085 ἠγάπα

652 1131 815 1198 igitur
849 1126 1109 1182 exaltatio
1142 1133 1196 1178 et
1225 1122 1393 1191 gloria
1427 1122 1565 1187 ejus,
1596 1134 1728 1175 crux
1762 1118 1884 1172 fuit.

2346 1116 2511 1168 πάλιν
2541 1116 2635 1169 καὶ
2661 1114 3005 1186 ὑπτρηύχιτε
3034 1113 3242 1183 λέγων·
3290 1132 3310 1164 t
3355 1113 3449 1182 Μὴ
3485 1112 3690 1183 στήσῃς
3719 1110 3951 1170 αὐτοῖς.

654 1197 859 1290 Πάτερ,
893 1220 992 1291 τὴν
1023 1217 1304 1288 ἁμαρτίαν
1331 1214 1558 1284 ταύτην.
1605 1230 1623 1263 ι
1673 1211 1839 1281 Ὁρᾷς
1900 1225 2018 1272 πως
2073 1207 2360 1278 νενίκηκεν
2401 1211 2459 1262 ἐν
2499 1200 2545 1276 ᾧ
2575 1209 2751 1262 ἐδόκει
2818 1206 3129 1278 ἡττᾶσθαι,
3177 1204 3367 1268 Οὕτως
3404 1197 3500 1258 οὖν
3566 1201 3666 1257 καὶ
3730 1200 3956 1271 Diluti-rat;

651 1313 818 1367 αὑτοῦ
853 1313 947 1365 καὶ
976 1308 1102 1374 δόξα
1134 1308 1356 1376 γέγονεν
1393 1307 1421 1358 6
1453 1303 1706 1374 σταυρός.
3110 1302 3116 1308 ·

729 1404 892 1458 Vens.
928 1401 1113 1456 15-17.
1154 1419 1171 1453 ι
1223 1401 1315 1455 Sic
1363 1399 1509 1453 enim
1555 1400 1695 1453 Deus
1733 1398 1924 1454 dilexit
1955 1397 2237 1459 mundum,

2423 1413 2443 1446 ι
2489 1392 2648 1448 Οὕτω
2687 1392 2796 1462 γὰρ
2838 1390 3127 1462 ἠγάπησεν
3167 1390 3197 1442 6
3229 1387 3366 1451 Θεδς
3421 1387 3515 1439 τδν
3545 1385 3774 1455 κόσμον,
3799 1382 3956 1436 ὥστε

654 1505 713 1552 ut
768 1495 961 1549 Filium
1014 1506 1171 1547 suum
1211 1490 1550 1557 unigenitum
1599 1489 1790 1552 daret,
1825 1497 1881 1541 ut
1919 1488 2099 1544 omnis
2147 1487 2239 1556 qui

2344 1488 2436 1540 τὸν
2482 1486 2612 1539 Υίδν
2665 1481 2834 1538 αὑτοῦ
2877 1483 2970 1536 τδν
3023 1481 3295 1551 μονογενῆ
3346 1478 3573 1537 ἔδωκεν.
3629 1477 3721 1529 τνα
3777 1475 3898 1536 πᾶς
3929 1475 3957 1525 6

660 1587 828 1644 credit
863 1588 914 1639 in
945 1600 1067 1640 eum
1091 1624 1105 1647 ,
1139 1598 1240 1637 non
1275 1589 1500 1649 pereat,
1539 1582 1634 1635 sed
1664 1581 1858 1636 habeat
1893 1581 2056 1634 vitam
2085 1589 2244 1635 ater-

2352 1578 2631 1632 πιστεύων
2661 1577 2742 1639 είς
2774 1575 2962 1638 αὑτὸν,
3005 1574 3080 1646 μὴ
3111 1573 3445 1642 ἁπόλληται,
3482 1568 3602 1623 ἀλλ’
3649 1567 3754 1640 Im
3799 1565 3961 1634 ζωὴν

659 1694 805 1734 nam.
840 1675 956 1730 Non
1003 1676 1151 1729 enim
1186 1673 1334 1726 misit
1375 1672 1517 1727 Deus
1547 1671 1744 1728 Filium
1803 1687 1959 1728 suum
1994 1672 2050 1725 in
2086 1687 2242 1725 mun-

2347 1670 2586 1725 αίώνιον.
2615 1670 2694 1724 Οὑ
2732 1668 2844 1740 γὰρ
2866 1667 3186 1722 ἀπέστειλεν
3235 1667 3265 1718 6
3304 1664 3438 1727 Θεδς
3469 1663 3564 1714 τὸν
3597 1659 3731 1714 Υίὸν
3764 1657 3951 1712 αὑτοῦ

661 1773 792 1826 dum
822 1778 880 1822 ιιι
905 1769 1234 1822 condemnet
1260 1766 1520 1819 mundum
1552 1782 1565 1818 ζ
1601 1764 1699 1820 ⁸εὰ
1728 1773 1786 1818 ιιι
1815 1774 2064 1820 servetur
2087 1779 2242 1818 mun-
2274 1805 2318 1862 Β

2294 1766 2432 1860 ³εἰς
2498 1763 2592 1817 τὸν
2651 1763 2856 1832 κόσμον
2902 1761 2991 1813 ἴνα
3045 1759 3210 1830 κρίνῃ
3247 1758 3342 1810 τὸν
3393 1757 3628 1825 κόσμον,
3685 1752 3808 1805 ἀλλ’
3865 1752 3960 1804 ἵνα

669 1862 771 1917 dus
802 1874 897 1930 per
929 1873 1075 1913 eum.
1113 1876 1131 1909 ι
1167 1856 1297 1911 Mira
1331 1856 1424 1910 Dei
1457 1870 1583 1923 erga
1617 1857 1877 1911 mundum
1917 1856 2158 1922 dilectio,
2189 1865 2246 1911 et
2276 1844 2318 1862 ”

2294 1844 2318 1860 ’
2351 1856 2498 1927 σωθῇ
2523 1857 2552 1909 6
2583 1855 2790 1925 κόσμος
2819 1854 2886 1907 δι’
2917 1852 3110 1907 αὑτοῦ.
3151 1872 3168 1905 ι
3202 1849 3382 1920 Πολλὴ
3406 1850 3440 1920 ἡ
3463 1849 3566 1918 τῆς
3601 1849 3830 1916 ἀγάπης
3859 1844 3960 1898 τοῦ

665 1963 838 2016 tanta,
881 1961 940 2005 ut
972 1966 1075 2004 non
1106 1950 1318 2005 dederit
1356 1949 1440 2002 vel
1473 1950 1817 2016 prophetam,
1852 1950 1934 2004 vel
1965 1949 2241 2020 angelum,

2351 1950 2490 2004 Θεοῦ
2534 1950 2671 2019 πρὸς
2713 1949 2804 2001 τὸν
2834 1947 3038 2016 κόσμον
3079 1945 3353 2008 ἐπίτασις,
3385 1942 3480 1996 καὶ
3509 1939 3782 2008 τοσαύτη,
3809 1938 3960 1991 ὥστε

663 2044 760 2100 sed
792 2042 986 2096 Filium
1033 2056 1216 2102 suum,
1268 2050 1434 2108 atque
1475 2039 1626 2094 illum
1656 2040 2020 2108 unigenitum.
2064 2042 2247 2112 Ange-
2321 2096 2326 2100 ,

2321 2096 2326 2100 .
2353 2045 2453 2100 οὑκ
2477 2043 2734 2113 ἄγγελον,
2765 2043 2825 2095 οὑ
2856 2041 3148 2112 προφήτην
3176 2037 3384 2100 δοῦναι,
3418 2034 3556 2088 ἀλλὰ
3576 2033 3671 2086 τὸν
3701 2031 3836 2084 Υίδν
3861 2029 3961 2082 αὑ-

665 2135 776 2189 lum
811 2137 854 2190 si
888 2135 1104 2205 quidem
1132 2135 1387 2201 dedisset,
1414 2149 1520 2189 non
1544 2144 1664 2190 erat
1691 2149 1777 2190 res
1809 2149 1994 2203 parva.
2025 2134 2252 2202 Quare?

2354 2138 2472 2204 τοῦ,
2520 2137 2614 2190 καὶ
2654 2135 2843 2189 τοῦτον
2879 2132 3167 2202 μονογενῆ.
3207 2131 3316 2184 Καὶ
3348 2126 3584 2196 ἄγγελον
3609 2125 3712 2196 μὲν
3758 2124 3881 2193 γὰρ
3910 2123 3961 2175 εί

665 2227 805 2294 Quia
837 2229 1075 2299 angelus
1108 2229 1326 2298 quidem
1357 2228 1614 2284 minister
1663 2227 1782 2297 ejus
1817 2227 1993 2283 ﬁdelis
2034 2238 2090 2284 et
2131 2244 2252 2283 scr-

2357 2232 2577 2296 ἔδωκεν,
2609 2229 2762 2281 οὐδὲν
2777 2227 2918 2281 οὑτω
2942 2223 3139 2295 μικρὸν
3159 2217 3226 2293 ἧν
3242 2221 3304 2275 τὸ
3327 2222 3581 2292 πρᾶγμα.
3608 2215 3792 2283 Διατί;
3811 2216 3965 2271 Διότι

667 2336 786 2384 vus,
809 2335 904 2376 nos
920 2330 1096 2375 autem
1121 2319 1322 2375 inimici
1352 2329 1406 2374 et
1425 2328 1724 2388 apostatze:
1755 2333 1898 2373 nunc
1921 2328 2105 2372 autem
2124 2320 2255 2374 dato

2357 2329 2386 2380 δ
2412 2325 2514 2394 μὲν
2537 2322 2789 2390 ἄγγελος,
2821 2314 3256 2382 διάκονοςιαύτοῦ
3285 2315 3476 2376 πιστὸς
3508 2312 3605 2367 καὶ⁵
3635 2310 3933 2382 ὑπηρέτης
3951 2329 3964 2338 -

672 2408 831 2477 Filio,
859 2419 1060 2478 quanto
1100 2408 1539 2465 excellentiorem
1589 2406 1840 2463 exhibuit
1883 2409 2248 2463 charitateml

2358 2419 2519 2490 ἡμεῖς
2559 2415 2638 2477 δὲ,
2676 2413 2862 2482 ἐχθροὶ
2896 2413 2994 2465 καὶ
3025 2408 3359 2478 ἀποστάται.
3395 2407 3514 2461 Νῦν
3547 2406 3604 2460 δὲ
3647 2405 3784 2459 Υίδν
3812 2405 3965 2467 δοὺς,

670 2501 803 2559 Item
839 2503 884 2556 si
923 2504 1118 2556 multos
1149 2501 1355 2556 habens
1407 2499 1548 2555 ﬁlios
1586 2514 1751 2554 unum
1786 2497 2043 2559 dedisset.
2074 2508 2126 2551 et
2154 2498 2258 2551 hoc

2361 2510 2524 2564 ποίαν
2573 2505 2876 2574 ὑπερϐολὴν
2913 2505 3141 2572 ἀγάπης
3182 2502 3444 2573 παρῆκες
3492 2499 3687 2563 Πάλιν,
3745 2500 3797 2551 εί
3833 2497 3966 2551 πολ-

675 2597 968 2654 maxlmum
1006 2595 1198 2651 fuisset
1227 2613 1243 2662 ;
1275 2609 1418 2650 nunc
1449 2608 1578 2649 vero
1613 2591 1956 2662 Unigenitum
1981 2589 2146 2662 544
2166 2591 2259 2644 de-
2366 2603 2493 2666 λοὺς
2520 2601 2661 2671 ἔχων
2691 2598 2862 2662 υἱοὺς,
2892 2599 2989 2652 ἕνα
3029 2597 3232 2651 δέδωκε
3255 2638 3270 2662 ,
3313 2596 3411 2650 καὶ
3439 2593 3601 2647 τοῦτο
3631 2591 3933 2661 ὑπέρμεγα
3953 2607 3967 2622 ο

684 2692 784 2746 dit.
817 2690 988 2761 Igitur
1035 2689 1248 2742 b0uitas
1279 2688 1439 2754 digne
1478 2686 1746 2741 laudanda
1793 2694 1896 2740 est.
1941 2685 2128 2738 Ariani
2164 2698 2260 2736 au-

2365 2696 2460 2748 νῦν
2493 2695 2549 2747 δὲ
2583 2693 2676 2745 τὸν
2710 2690 2990 2760 Μονογενῆ
3021 2689 3274 2743 δέδωκεν.
3310 2689 3457 2758 Ἀρα
3489 2685 3583 2739 οὖν
3611 2685 3767 2738 ἔστιν
3800 2683 3970 2749 ἀξῖως

679 2782 1016 2862 tcmdicunt
1049 2782 1195 2849 quod
1230 2778 1553 2848 Unigeuitus
1603 2778 1817 2832 dicatur
1844 2791 1906 2830 eo
1945 2777 2089 2846 quod
2116 2776 2263 2832 solus

2365 2789 2604 2860 ὑμνῆσαι
2643 2786 2741 2858 τὴν
2789 2783 3129 2854 ἀγαθότητα.
3169 2783 3232 2834 Οί
3272 2782 3331 2834 δὲ
3382 2778 3662 2848 ’Δρειανοὶ
3700 2778 3970 2843 λέγουσιν

685 2873 801 2944 ipse
830 2872 1008 2929 factus
1036 2872 1104 2926 sit
1144 2879 1198 2926 et
1227 2871 1479 2926 conditus
1505 2886 1536 2925 a
1566 2869 1695 2938 Deo,
1731 2871 1913 2925 omnia
1950 2879 2129 2926 autem
2156 2872 2260 2924 alia

2366 2884 2452 2937 ὅτι
2502 2878 2815 2950 Μονογενὴς
2861 2877 3106 2945 λέγεται,
3152 2874 3289 2928 διότι
3336 2872 3501 2934 αὐτὸς
3534 2871 3699 2940 μόνος
3748 2870 3970 2938 γέγονε,

683 2965 884 3022 abillo.
914 2965 1120 3031 Quibus
1149 2963 1470 3034 simpliciter
1501 2964 1924 3033 respondemus:
1959 2962 2014 3019 Si
2042 2964 2259 3033 quidem

2367 2979 2464 3034 καὶ
2493 2977 2723 3045 ἐκτίσθη
2752 2974 2860 3028 ὑπὸ
2891 2971 3052 3036 Θεοῦ,
3095 2971 3168 3024 τὰ
3200 2967 3245 3023 δ’
3272 2968 3410 3023 ἄλλα
3437 2966 3620 3020 πάντα
3647 2964 3747 3018 ὑπ’
3777 2962 3969 3017 αὑτοῦ.

685 3058 1006 3129 Unigenitus
1038 3057 1214 3111 dictus
1252 3054 1465 3120 luisset,
1498 3070 1595 3109 nec
1639 3055 1877 3109 additum
1902 3063 2046 3110 esset
2068 3055 2260 3121 Filius,

2369 3073 2512 3143 Πρὸς
2551 3069 2647 3134 οὒς
2701 3068 2908 3131 ἁπλοῦς
2955 3069 2984 3121 6
3031 3067 3213 3134 λόγος,
3261 3063 3346 3116 ὅτι
3378 3063 3442 3115 Εἰ
3492 3062 3594 3131 μὲν
3649 3057 3973 3128 Μονογενὴς

691 3154 919 3210 haberet
951 3152 1212 3207 rationem
1252 3149 1538 3218 impudens
1569 3159 1808 3203 vestrum
1841 3159 2208 3204 commentum
2245 3167 2256 3202 :
2293 3165 2334 3219 (ς

2312 3165 2334 3219 3
2371 3166 2594 3234 ἐλέγετο
2627 3163 2799 3233 χωρὶς
2829 3159 2925 3214 τοῦ
2959 3158 3109 3222 Υἱὸς,
3158 3151 3307 3226 εἶχεν
3358 3155 3426 3208 ἂν
3459 3153 3623 3221 λόγον
3650 3151 3713 3204 τὸ
3759 3149 3978 3219 κομψὸν

688 3258 741 3303 at
777 3261 920 3302 nunc
953 3262 1074 3302 cum
1127 3262 1234 3301 non
1280 3245 1455 3300 solum
1488 3243 1834 3312 Uuigenitus,
1879 3246 1973 3297 sed
2005 3252 2058 3297 et
2098 3242 2266 3296 Filius

2374 3258 2529 3326 ὑμῶν
2582 3255 2804 3323 εῦρημα
2831 3271 2842 3283 ·
2875 3241 2972 3307 νῦν
3001 3253 3056 3304 δὲ
3096 3255 3236 3321 μετὰ
3270 3248 3365 3301 τοῦ
3390 3237 3743 3312 Μονογενοῦς
3777 3245 3876 3296 καὶ
3918 3241 3978 3294 τὸ

682 3340 913 3403 dicatur,
937 3355 1044 3393 non
1069 3338 1334 3408 permittit
1357 3338 1437 3391 sic
1461 3337 1762 3406 intelligere
1789 3336 2134 3404 Unigcnituiu
2162 3335 2266 3405 (α),

2375 3354 2504 3413 Υἱὸς
2535 3350 2851 3417 λεγόμενον,
2881 3347 2942 3398 οὑ
2966 3345 3182 3397 δίδωσιν
3202 3340 3346 3394 οὕτω
3369 3341 3512 3392 νοεῖν
3539 3337 3633 3390 τὸν
3658 3334 3975 3403 Μονογενῆ,

683 3430 779 3486 Sed
811 3431 920 3484 vult
958 3429 1104 3484 illum
1133 3429 1307 3484 solum
1341 3443 1404 3482 ex
1439 3427 1603 3484 Patre
1637 3439 1840 3483 uatum.
1881 3429 2012 3483 Vide
2063 3431 2267 3494 autcnf,

2372 3444 2508 3501 ἀλλὰ
2541 3444 2631 3496 τὸν
2669 3441 2831 3510 μόνον
2862 3436 3197 3506 γεννηθέντα
3227 3435 3291 3486 ὲκ
3333 3431 3430 3485 τοῦ
3462 3429 3701 3498 Πατρός.
3740 3429 3890 3496 Ὀρα
3923 3425 3978 3479 δέ

666 3539 810 3593 ,οι-ο,
838 3524 980 3592 quod
1015 3523 1157 3577 sicut
1186 3538 1347 3592 supra
1378 3523 1510 3577 dixit
1551 3523 1743 3577 Filium
1777 3523 2014 3578 hominis
2045 3524 2270 3577 descen-

2378 3555 2488 3608 μοι,
2519 3538 2600 3589 ὃτι
2630 3534 2820 3604 ὥσπερ
2856 3532 2968 3584 ἄνω
2995 3527 3172 3591 εἶπεν,
3205 3529 3286 3580 ὅτι
3325 3529 3353 3580 ὁ
3381 3526 3510 3587 Tib;
3541 3523 3637 3576 τοῦ
3677 3519 3977 3590 ἀνθρώπου

689 3615 838 3671 disse
889 3617 955 3670 de
995 3617 1156 3681 cmlo,
1194 3617 1444 3685 quamvis
1505 3630 1610 3670 non
1664 3616 2002 3671 descenderit
2037 3629 2164 3669 caro
2205 3614 2272 3669 de

2376 3629 2581 3698 κατέϐη
2620 3630 2685 3679 ἐκ
2723 3623 2818 3679 τοῦ
2849 3621 3111 3694 οὐρανοῦ,
3139 3619 3318 3673 καίτοι
3350 3618 3412 3670 οὑ
3443 3614 3653 3684 κατέὕη
3685 3614 3719 3683 ἡ
3750 3612 3893 3682 σὰρξ
3919 3613 3981 3680 ἐκ

690 3704 852 3768 εωιο,
880 3705 975 3760 sed
1002 3715 1219 3775 promer
1245 3722 1404 3758 unam
1431 3721 1719 3774 personam
1745 3717 1798 3759 et
1826 3721 1987 3759 uuam
2020 3706 2274 3776 hyposta-

2374 3724 2468 3776 τοῦ
2501 3718 2767 3789 οὐρανοῦ,
2809 3716 2925 3769 ἀλλ’
2969 3715 3119 3784 ὅμως
3177 3711 3268 3765 διὰ
3312 3709 3374 3762 τὸ
3414 3709 3472 3760 ἓν
3507 3706 3831 3776 πρόσωπον,
3887 3701 3982 3754 καὶ

689 3797 816 3861 sim,
859 3812 921 3852 ea
951 3813 1070 3867 qum
1115 3798 1206 3853 Dei
1237 3810 1388 3868 sunt,
1424 3799 1673 3852 attribuit
1705 3798 1911 3851 homini
1943 3815 1955 3850 :
1982 3797 2060 3862 ita
2091 3797 2275 3852 ethoc

2376 3818 2477 3879 τὴν
2527 3813 2658 3882 μίαν
2698 3810 3031 3870 ὑπόστασιν,
3081 3804 3152 3857 τὰ
3197 3802 3294 3856 τοῦ
3345 3800 3483 3854 Θεοῦ
3535 3798 3855 3869 προσέθηκε
3904 3795 3981 3863 τῷ

688 3889 829 3955 loco,
867 3906 927 3947 ca
961 3905 1080 3960 qua:
1131 3893 1365 3946 hominis
1414 3901 1560 3957 sunt,
1615 3892 1866 3946 attribuit
1910 3891 2086 3947 Verbo
2144 3891 2273 3946 Deo.

2379 3905 2684 3976 ἀνθρώπῳ·
2711 3902 2857 3955 οὕτω
2885 3896 3168 3953 κάνταῦθα
3195 3897 3256 3948 τὸ
3278 3892 3518 3964 ἔμπαλιν
3539 3890 3610 3944 τὰ
3639 3890 3738 3943 τοῦ
3771 3886 3983 3954 ἀνθρώ-

691 3983 849 4038 Dedit
874 3983 1038 4051 enim,
1072 3985 1266 4054 inquit,
1313 3984 1453 4039 Deus
1486 3983 1678 4037 Filium
1711 3999 1868 4038 suum
1910 3984 1960 4037 in
1992 3995 2221 4037 mortem
2254 4003 2268 4040 :

2380 4017 2484 4052 που
2514 3994 2840 4067 προστίθησι
2865 3990 2944 4060 τῷ
2974 3989 3094 4057 Θεῷ
3123 3989 3301 4058 Λόγῳ.
3332 3986 3545 4039 Ἔδωκε
3573 3984 3708 4053 γὰρ,
3740 3985 3933 4050 φησὶν,
3956 3983 3983 4034 6

689 4076 938 4145 quamvis
988 4076 1339 4141 impassibilis
1388 4075 1746 4144 permanserit
1800 4073 1995 4130 Deus:
2037 4085 2273 4128 attamen

2380 4085 2516 4142 Θεὸς
2543 4084 2634 4136 τὸν
2663 4082 2792 4135 Υἱὺν
2819 4077 2988 4133 αὑτοῦ
3021 4078 3102 4140 εἰς
3130 4076 3383 4130 θάνατον’
3415 4075 3592 4129 καίτοι
3615 4076 3644 4127 6
3677 4072 3814 4136 Θεὸς
3841 4075 3983 4126 ἁπα-

692 4166 818 4237 quia
848 4182 991 4221 unus
1025 4175 1079 4222 et
1120 4167 1260 4221 idem
1298 4167 1398 4220 fuit
1432 4183 1527 4236 per
1556 4168 1914 4238 hypostasitn,
1941 4177 1997 4220 et
2021 4168 2110 4234 qui
2143 4165 2277 4221 Ver-

2383 4178 2480 4249 θὴς
2511 4176 2783 4246 διέμεινεν
2807 4189 2820 4204 ’
2854 4171 2973 4225 ἀλλ’
3006 4170 3128 4225 ἐπεὶ
3178 4164 3262 4232 εἷς
3293 4169 3386 4223 καὶ
3413 4169 3442 4221 ὁ
3486 4167 3649 4230 αὐτὸς
3691 4167 3819 4219 καθ’
3854 4165 3983 4218 ὑπό⁴

693 4260 819 4313 hum
854 4260 968 4323 Dei,
1000 4267 1054 4314 et
1089 4260 1252 4315 homo
1282 4262 1372 4329 qui
1411 4276 1506 4331 pro
1529 4262 1686 4316 uobis
1717 4260 1947 4328 patiens,
1982 4259 2152 4313 Filius
2207 4262 2282 4314 di-

2386 4287 2577 4324 στασιν
2622 4265 2690 4340 ἦν
2731 4269 2759 4320 ὅ
2806 4284 2867 4320 τε
2901 4267 2997 4319 τοῦ
3047 4264 3185 4319 Θεοῦ
3242 4264 3446 4332 Λόγος,
3509 4261 3606 4314 καὶ
3655 4263 3684 4313 6
3729 4262 3805 4312 τὰ
3841 4259 3984 4328 πάθη

691 4352 834 4403 citur
864 4351 1021 4405 datus
1094 4366 1237 4413 esse,
1269 4352 1325 4406 in
1364 4362 1624 4422 quantum
1665 4361 1718 4407 et
1758 4366 1885 4408 vere
1927 4367 2140 4420 passus,
2172 4367 2279 4405 non

2386 4363 2754 4432 ὑφιστάμενος
2781 4359 3071 4429 ἄνθρωπος
3094 4376 3106 4390 ο
3143 4359 3172 4411 ὁ
3209 4357 3338 4420 Υἱὸς
3367 4355 3587 4422 λέγεται
3628 4351 3900 4416 διδῆσθαι,
3931 4351 3985 4412 ὃς

693 4442 747 4497 in
785 4458 879 4499 sua
911 4453 1130 4509 natura,
1172 4446 1265 4500 sed
1303 4448 1354 4498 in
1395 4460 1491 4499 sua
1541 4461 1727 4500 carne.
1774 4445 1926 4512 Quod
1975 4456 2155 4499 autem
2196 4445 2278 4498 lu-
2314 4509 2352 4523 ,ε

2321 4509 2352 4523 η
2388 4456 2481 4509 καὶ
2526 4453 2744 4523 ἀληθῶς
2775 4453 3019 4519 ἔπασχεν
3055 4451 3116 4505 ὲν
3146 4452 3214 4519 τῇ
3243 4449 3424 4519 οἰκείᾳ
3453 4445 3618 4517 σαρκί
3650 4444 3790 4513 (19).
3828 4443 3893 4497 Τί
3935 4444 3987 4496 δὲ

693 4552 869 4600 crum,
903 4537 1020 4590 dari
1055 4536 1294 4590 Filium?
1324 4537 1368 4593 Ο
1403 4553 1678 4608 magnum,
1709 4547 1763 4592 et
1792 4553 1955 4609 supra
1986 4539 2276 4591 humanam
2314 4509 2356 4563 υ

2321 4509 2356 4563 D
2385 4544 2447 4597 τὸ
2477 4509 2667 4613 κέρδος
2694 4509 2788 4595 τοῦ
2823 4509 3048 4612 Gabinia;
3082 4509 3337 4593 rbvul'idv
3359 4555 3374 4604 ;
3400 4509 3510 4600 ’Ὧς
3530 4509 3694 4606 ’μέγα
3725 4509 3824 4589 καὶ
3852 4534 3987 4603 ὑπὲρ

694 4639 931 4682 mentem
966 4630 978 4681 Ξ
1016 4637 1074 4682 ιιι
1109 4630 1288 4684 omnis
1317 4631 1407 4699 qui
1440 4633 1610 4685 credit
1636 4633 1687 4685 in
1722 4631 1895 4696 illum,
1924 4629 2031 4685 duo
2069 4632 2157 4686 illa
2191 4632 2278 4685 lu-

2387 4636 2600 4689 ἒννοιαν
2636 4632 3018 4704 ἀνθρωπίνην,
3054 4631 3144 4685 ἵνα
3175 4631 3284 4694 πᾶς
3315 4631 3342 4682 6
3376 4627 3655 4682 πιστεύων
3701 4627 3786 4688 είς
3807 4625 3985 4689 αὑτὸν,

695 4727 880 4772 eretur
919 4735 932 4772 :
969 4735 1132 4772 unum
1171 4721 1385 4786 quidem
1411 4763 1425 4785 ,
1477 4722 1619 4788 quod
1671 4738 1776 4777 non
1815 4723 1952 4790 perit
1983 4741 1998 4790 ;
2028 4723 2282 4787 alterum,

2386 4727 2479 4783 δύο
2507 4726 2682 4780 ταῦτα
2723 4726 2960 4798 κερδάνῃ
2984 4741 2996 4754 ·
3032 4725 3091 4778 ἓν
3125 4725 3249 4794 μὲν,
3281 4723 3342 4777 τὸ
3375 4722 3452 4792 μὴ
3498 4719 3809 4774 ἀπολέσθαι
3832 4737 3848 4749 ο
3879 4720 3988 4772 ἓτε-

694 4811 839 4881 quod
884 4811 1050 4865 vitam
1111 4813 1306 4879 habet,
1344 4825 1507 4883 atque
1560 4814 1727 4867 vitatu
1782 4826 2068 4870 :cteruam.
2117 4816 2285 4872 Vetus

2392 4839 2483 4891 ρον
2520 4821 2576 4873 δὲ
2603 4861 2617 4883 ,
2667 4819 2728 4872 τὸ
2772 4818 2871 4873 καὶ
2918 4817 3067 4886 ζωὴν
3112 4817 3281 4887 ἔχειν,
3332 4816 3427 4868 καὶ
3479 4815 3690 4885 ταύτην
3748 4812 3984 4867 αἰώνιον.

694 4903 839 4957 enim
871 4905 953 4958 lex
995 4904 1346 4974 promittebat
1374 4921 1470 4961 eos
1503 4907 1592 4976 qui
1632 4908 1683 4961 in
1713 4907 1800 4961 illa
1836 4907 1945 4962 Deo
1979 4909 2282 4977 placebant,

2401 4911 2462 4966 '11
2501 4912 2601 4982 μὲν
2635 4911 2742 4980 γὰρ
2784 4908 3022 4974 Παλαιὰ,
3078 4909 3208 4970 τοὺς
3259 4910 3318 4962 ἐν
3343 4907 3515 4976 ταύτῃ
3554 4903 3987 4978 εὐαρεστοῦντας

697 4995 1001 5066 implendas
1040 4999 1375 5068 longitudine
1417 5001 1628 5054 dierum
1667 5021 1678 5056 :
1719 5003 2072 5072 Evangelium
2101 5012 2280 5059 autem

2393 5006 2469 5076 τῷ
2502 5006 2644 5077 Θεῷ,
2685 5003 3035 5075 μακρότητος
3060 5002 3290 5074 ἡμερῶν
3325 5001 3609 5072 ὲμπιπλᾷν
3647 5000 3983 5070 ὑπισχνεῖτο·

703 5102 813 5141 non
881 5092 1266 5159 temporariam
1321 5094 1482 5147 vitam
1539 5094 1789 5165 largitur,
1864 5097 1957 5150 sed
2023 5105 2281 5151 aeternam

2394 5099 2453 5152 τὸ
2475 5100 2555 5162 ¹δὲ
2583 5097 2942 5166 Εὑαγγέλιον,
2969 5097 3030 5149 οὐ
3063 5095 3391 5167 προσκαίρῳ
3418 5094 3532 5165 ζωῇ
3584 5093 3953 5162 φιλοτιμεῖται
3972 5131 3983 5153 ,

699 5185 757 5232 et
798 5178 1253 5236 indissolubilem.
1290 5183 1424 5247 Quia
1479 5186 1622 5238 enim
1681 5187 1788 5240 duo
1841 5197 1969 5242 sunt
2019 5187 2285 5242 advemus

2392 5191 2528 5244 ἀλλὰ
2555 5193 2649 5245 καὶ
2683 5191 2891 5262 αἰωνίῳ
2915 5192 3014 5245 καὶ
3046 5187 3398 5261 ἀκαταλύτῳ.
3450 5188 3608 5242 Ἐπεὶ
3636 5187 3698 5241 δὲ
3730 5186 3826 5241 δύο
3858 5185 3985 5238 εἰσὶν

698 5267 926 5339 Christi,
956 5280 1010 5326 et
1046 5271 1137 5326 ille
1161 5273 1251 5340 qui
1290 5273 1412 5341 fuit,
1445 5284 1499 5330 et
1525 5275 1611 5331 ille
1637 5279 1726 5347 qui
1759 5288 2016 5334 venturus
2052 5290 2135 5334 est
2167 5296 2180 5334 :
2219 5280 2286 5333 de

2395 5284 2451 5336 αί
2483 5282 2577 5336 τοῦ
2631 5282 2870 5354 Χριστοῦ
2910 5281 3238 5354 πσρουσίαι,
3282 5282 3319 5353 ἢ
3361 5297 3423 5334 τε
3476 5278 3583 5350 ήδη
3615 5277 3984 5350 γεγενημένη.

767 5429 816 5463 ⁷⁸
846 5430 979 5487 Luc.
1001 5447 1159 5500 xxtu,
1191 5434 1282 5490 54.
1362 5435 1450 5491 ⁷⁹Ι
1481 5435 1637 5493 Joan.
1676 5455 1749 5494 ιν.
1784 5439 1836 5494 9.

1662 5560 1754 5618 Ex
1789 5556 2136 5620 collatione
2170 5563 2354 5625 codd.
2393 5564 2624 5625 Venet.
2659 5561 2719 5622 S.
2754 5561 2979 5622 Muret.

770 5683 883 5753 (19)
922 5681 1058 5738 Cod.
1112 5683 1175 5737 31
1213 5682 1462 5753 plenius:
1504 5685 1598 5747 ’ος
1628 5685 1718 5738 καὶ
1749 5685 1964 5756 ἀληθῶς
1991 5687 2249 5758 ἔπασχεν,
2294 5685 2353 5740 οὐ
2392 5687 2436 5756 τῇ

1923 5688 1964 5751 i;
1991 5687 2249 5758 ἔπασχεν,
2294 5685 2353 5740 οὐ
2392 5687 2457 5756 τῇ
2489 5685 2667 5755 οἰκείᾳ
2704 5684 2889 5752 φύσει,
2927 5683 3066 5740 ἀλλὰ
3100 5686 3165 5756 τῇ
3195 5682 3372 5754 οίκείᾳ
3403 5681 3589 5755 σαρκί.

773 5826 850 5896 (τι)
879 5824 1019 5882 Edit.
1055 5823 1173 5883 Lul.
1211 5845 1313 5884 non
1346 5831 1498 5886 hahel
1540 5829 1881 5897 uniqenimm.
