4218 6424
239 425 380 496 12ῑῖ

911 423 1371 488 mansuro
1410 424 1496 488 IN
1535 384 2052 490 EVANGsLIUM
2089 422 2714 492 πολιτικας-σιν.
2761 426 2888 491 III.

3431 425 3587 496 ειειι
3680 398 3685 405 ’

237 546 387 618 καὶή
412 543 700 617 μέλλουσα,
727 541 985 615 περὶτῆς
1031 539 1312 614 προτέρας
1339 543 1492 614 λέγει
1516 545 1848 616 παρουσίας,

1973 543 2143 601 πίοι-ο
2169 547 2406 602 adventu
2444 547 2601 615 dicit,
2629 545 2780 618 quod
2815 559 2924 601 non
2957 543 3164 602 missus
3193 542 3266 601 sit
3295 542 3471 600 Filius
3510 554 3577 601 ut

221 641 322 712 ⁴δτι
353 639 455 693 οὐκ
484 635 767 706 ἀπεστάλη
800 638 828 689 6
852 634 982 700 Υίδς
1039 636 1129 696 ῖνα
1157 636 1469 709 κατακρίνῃ
1496 635 1590 690 τὸν
1621 637 1848 706 κόσμον.

251 730 412 787 Ἐπεὶ
442 731 491 785 ει
524 731 620 784 επὶ
669 728 834 784 τοῦτο
858 725 1016 802 ἦλθε,
1055 731 1261 794 πάντες
1286 730 1356 786 ἀν
1397 733 1813 806 κατεκρίθησαν
1833 749 1848 766 ’

240 824 448 887 πάντες
474 822 582 893 γὰρ
615 821 894 894 ἥμαρτον,
922 821 1068 876 καθά
1100 824 1197 876 καὶ
1228 822 1446 889 Παῦλός
1478 841 1684 895 φησιν·
1714 823 1854 879 ἀλλά

242 913 683 985 προηγουμένως
717 913 810 968 ἰπὶ
850 913 912 968 τὸ
944 913 1123 969 σῶσαι
1178 915 1273 968 τδν
1325 916 1535 986 κόσμον
1565 911 1723 987 ἦλθε,
1755 919 1855 973 καὶ

242 1008 406 1064 τοῦτο
435 1008 639 1072 σκοπὸς
665 1004 736 1079 ἦν
761 1009 913 1080 αὐτῷ
935 1024 951 1040 ο
986 1009 1132 1064 κατά
1179 1009 1538 1081 συμϐεϐηκὸς
1575 1011 1634 1065 δὲ
1671 1012 1852 1084 κρίνει

240 1107 372 1170 τοὺς
406 1104 480 1177 μή
518 1105 948 1170 πιστεύσαντας.
993 1107 1056 1161 '0
1091 1107 1281 1178 μέντοι
1312 1107 1616 1172 Μωσαῖκδς
1661 1111 1851 1182 νόμος,

241 1200 683 1271 προηγουμένως
714 1199 796 1264 είς
829 1199 1057 1270 ἔλεγχον
1084 1199 1190 1270 τῆς
1239 1200 1523 1272 ἁμαρτίας
1550 1196 1686 1272 ἦλθε
1705 1241 1723 1269 ,
1757 1204 1856 1257 καὶ¹

240 1291 582 1362 κατάκρισιν
607 1290 720 1344 τῶν
740 1290 1225 1361 παραϐαινόντων.
1253 1291 1451 1347 Οὑδενὶ
1481 1293 1592 1365 γὰρ
1619 1293 1858 1365 συνεχώ-

243 1399 350 1452 ρει,
381 1382 500 1436 ἀλλ’
535 1382 654 1453 ἅμα
699 1399 763 1436 τε
808 1375 973 1455 εὗρεν
1020 1383 1417 1455 ἁμαρτάνοντά
1454 1402 1545 1453 τι,
1595 1385 1692 1440 καὶ
1735 1385 1855 1457 ἅμα

238 1477 344 1545 τὴν
379 1475 538 1546 δίκην
571 1476 800 1545 ἐπῆγεν.
841 1477 907 1531 Ἦ
947 1477 1051 1548 μὲν
1087 1474 1183 1532 οὖν
1215 1478 1412 1550 πρώτη
1442 1480 1720 1550 παρουσία
1753 1480 1857 1535 οὐκ

239 1565 360 1642 εἶχε
389 1569 594 1624 σκοπὸν
617 1571 678 1623 re
702 1571 938 1640 κρίνειν,
963 1573 1012 1624 εί
1042 1571 1118 1643 μὴ
1159 1572 1305 1626 κατά
1331 1573 1704 1646 συμϐεϐηκὸς,
1727 1574 1858 1640 τοὺς

239 1663 701 1734 ἀπιστήσαντας-·
733 1657 884 1719 οὗτοι
931 1665 1042 1738 γάρ
1079 1666 1183 1738 ήδη
1223 1665 1512 1738 κέκρινται
1554 1686 1568 1699 ο
1627 1668 1661 1738 ή
1703 1667 1762 1721 δέ
1791 1684 1857 1738 γε

236 1757 479 1826 δευτέρα
508 1757 805 1829 παρουσία,
827 1758 1049 1824 πάντως
1065 1761 1159 1813 ἐπὶ
1187 1758 1266 1829 τῷ
1291 1760 1506 1825 πάντας
1529 1762 1738 1832 κρῖναι,
1759 1761 1856 1815 καὶ

243 1849 546 1907 ἀποδοῦναι
587 1851 805 1925 ἑκάστῳ
855 1852 1001 1907 κατά
1055 1853 1127 1931 τά
1172 1853 1314 1928 ἔργα
1385 1853 1581 1918 αὐτοῦ,
1628 1854 1858 1927 γενήσε·

241 1960 359 2000 ται.

325 2058 346 2094 ι
406 2040 450 2095 0
491 2039 767 2096 πιστεύων
801 2041 883 2105 είς
911 2040 1004 2095 τὸν
1035 2041 1188 2108 Υίον,
1221 2041 1282 2096 ού
1315 2041 1570 2114 κρίνεται
1593 2059 1606 2072 ·
1641 2045 1669 2098 ό
1692 2043 1749 2098 δὲ
1783 2042 1860 2115 μὴ

243 2133 548 2201 πιστεύων,
582 2135 685 2207 ήδη
711 2133 997 2207 κέκριται,
1031 2136 1114 2190 δτι
1145 2137 1221 2206 μὴ
1255 2137 1631 2191 πεπίστευκεν
1677 2139 1759 2201 si;
1797 2138 1861 2192 τὸ

237 2223 419 2296 ὄνομα
448 2222 546 2279 τοῦ
577 2224 910 2295 μονογενοῦς
949 2223 1081 2279 Υίοῦ
1109 2224 1206 2280 τοῦ
1247 2223 1408 2280 Θεοῦ.
1442 2225 1595 2298 Αὕτη
1625 2225 1683 2280 δέ
1709 2228 1863 2281 ἐστιν

239 2315 279 2388 ἡ
328 2315 548 2387 κρίσις,
581 2317 665 2370 ὅτι
710 2317 770 2370 τὸ
828 2317 949 2387 φῶς
994 2314 1163 2390 ἦλθεν
1215 2319 1298 2380 είς
1344 2317 1440 2373 τὸν
1485 2319 1714 2390 κόσμον,
1765 2320 1862 2374 καὶ

239 2409 549 2481 ἠγάπησαν
600 2411 651 2464 oi
702 2409 992 2482 ἀνθρωττοι
1058 2409 1265 2482 μᾶλλον
1311 2411 1376 2466 τδ
1431 2411 1662 2479 σκότος,
1706 2412 1742 2486 ἢ
1800 2411 1865 2467 τδ

244 2500 396 2572 φῶς·
441 2496 512 2573 ἦν
568 2502 681 2573 γὰρ
727 2505 946 2576 πονηρά
1008 2504 1195 2558 αὐτῶν
1236 2503 1306 2559 τὰ
1372 2504 1536 2575 ἔργα.
1583 2505 1700 2570 na;
1751 2504 1863 2576 γάρ

239 2595 275 2649 ὁ
319 2592 502 2664 φαῦλα
538 2595 838 2668 πράσσων,
877 2599 1032 2677 μισεῖ
1083 2596 1145 2654 τδ
1178 2597 1320 2668 φῶς,
1362 2598 1462 2652 καὶ
1505 2599 1608 2652 οὐκ
1639 2586 1894 2670 ἔρχεται

245 2691 390 2758 πρὸς
433 2688 497 2742 τὸ
543 2688 685 2759 φῶς,
734 2691 824 2745 ῖνα
874 2691 952 2762 μὴ
1014 2692 1252 2765 ἐλεγχθῇ
1315 2692 1388 2747 τὰ
1452 2691 1594 2765 ἔργα
1655 2693 1862 2750 αὐτοῦ’

242 2782 274 2838 6
321 2782 380 2836 δὲ
418 2783 592 2838 ποιῶν
639 2784 741 2858 τὴν
795 2785 1084 2858 ἀλήθειαν,
1122 2786 1349 2859 ιρχεται
1398 2789 1540 2860 πρὸς
1600 2789 1664 2843 τὸ
1722 2790 1863 2859 φῶς,

244 2875 340 2931 ἵνα
382 2877 676 2950 φανερωθῇ
733 2878 904 2933 αὐτοῦ
959 2880 1030 2936 τὰ
1081 2880 1245 2951 ἔργα,
1295 2882 1380 2936 ὅτι
1432 2883 1493 2936 ἐν
1541 2880 1663 2954 Θκεῷ
1716 2883 1866 2937 ἐστιν

242 2968 615 3039 εἰργασμένα.
647 2988 666 3024 ι
707 2969 773 3023 Τί
805 2972 976 3036 ἐστιν,
1014 2990 1034 3026 ι
1085 2971 1144 3027 '0
1174 2972 1453 3028 πιστεύων
1482 2974 1566 3038 είς
1591 2974 1684 3028 τὸν
1711 2974 1864 3042 Υἱὸν,

245 3061 311 3116 οὐ
343 3063 627 3132 κρίνεταις
669 3082 688 3116 ι
729 3058 878 3137 Ἆρα
909 3064 1042 3137 γὰρ,
1077 3065 1176 3120 ἑὰν
1218 3065 1542 3139 ἀκάθαρτον
1577 3069 1683 3142 ἔχῃ
1719 3067 1864 3140 βίον,

244 3153 309 3207 οὐ
338 3155 584 3225 κρίνεται
607 3172 622 3223 ;
648 3156 908 3212 Μάλιστα
947 3159 1050 3230 μὶν
1098 3159 1228 3223 τοὺς
1269 3160 1554 3225 τοιούτους
1576 3158 1701 3214 οὐδὲ
1733 3177 1867 3234 γνη-

1956 637 2295 695 condemnet
2319 642 2626 705 mundum;
2662 639 2794 712 quia
2825 638 2870 693 si
2907 645 3133 708 propter
3168 637 3274 693 hoc
3307 635 3581 702 venisset,

1957 725 2311 787 condemnati
2363 732 2599 789 fuissent
2653 732 2846 802 utique
2896 745 3114 787 omnes.
3163 729 3372 787 Omnes
3423 729 3578 786 enim

1957 834 2336 893 peccaverunt
2357 820 2431 889 ³⁸,
2465 824 2612 879 sicut
2638 831 2702 877 et
2731 821 2935 878 Paulus
2959 821 3118 878 dicit.
3154 822 3265 877 Sed
3301 834 3582 891 praecipue

1957 916 2026 971 ad
2058 917 2164 972 hoc
2197 918 2370 982 venit,
2417 925 2478 970 ut
2510 914 2778 971 mundum
2827 923 3100 981 servaret,
3135 922 3299 985 atque
3329 914 3445 969 hac
3485 913 3586 969 in-

1960 1010 2136 1066 tentio
2168 1010 2290 1081 ejus
2333 1009 2440 1065 fuit
2480 1025 2497 1062 :
2555 1023 2656 1087 per
2693 1008 2956 1064 accidens
2990 1017 3178 1062 autem
3226 1005 3440 1075 judicat
3482 1018 3582 1061 eos

1961 1101 2056 1172 qui
2106 1116 2218 1156 non
2263 1098 2642 1156 crediderunt.
2693 1095 2807 1153 Lex
2839 1111 2972 1151 vero
3022 1094 3266 1150 Mosaica
3308 1094 3590 1167 prmeipue

1959 1192 2132 1257 venit,
2166 1200 2227 1247 ut
2262 1191 2698 1263 reprehenderet
2754 1199 3070 1261 peccatum,
3100 1198 3159 1246 et
3189 1189 3592 1245 condemnaret

1957 1286 2414 1357 pravaricantes.
2445 1283 2606 1340 Nulli-
2621 1285 2769 1341 enim
2794 1284 3057 1355 ignoscit.
3091 1283 3189 1339 sed
3211 1282 3377 1338 simul
3411 1291 3586 1354 atque

1961 1377 2241 1435 invenerit
2281 1384 2607 1450 peccantem
2655 1376 2711 1432 in
2748 1377 2962 1449 aliquo,
2997 1390 3221 1447 penam
3262 1374 3454 1432 infert.
3486 1374 3596 1431 Ita-

1962 1487 2072 1542 que
2103 1472 2319 1544 primus
2349 1471 2622 1528 adventus
2654 1483 2764 1526 non
2815 1480 3046 1544 propter
3071 1469 3344 1541 judicium
3387 1470 3592 1537 factus.

1961 1566 2069 1621 nisi
2097 1581 2198 1636 per
2220 1565 2502 1631 accidens,
2529 1563 2791 1633 judicans
2822 1577 2919 1620 eos
2945 1563 3039 1635 qui
3066 1579 3178 1619 non
3211 1561 3590 1628 crediderunt,

1962 1661 2054 1733 qui
2087 1659 2456 1730 jamjudicati
2496 1666 2661 1727 sunt;
2693 1657 2975 1716 secundus
3004 1672 3138 1714 vero
3160 1657 3268 1713 erit
3300 1665 3361 1713 ut
3396 1669 3593 1712 omnes

1957 1755 2195 1827 judicet,
2237 1763 2293 1810 et
2320 1754 2623 1825 unicuique
2656 1753 2967 1810 secundum
2994 1767 3164 1825 opera
3201 1767 3301 1809 sua
3327 1751 3523 1808 faciat.

2041 2028 2208 2084 Vens.
2235 2024 2424 2083 l8—2l.
2453 2043 2472 2079 ι
2500 2023 2605 2093 Qui
2630 2023 2882 2082 creditin
2905 2022 3255 2091 Filium,non
3270 2021 3594 2097 judicatur:

1967 2122 2062 2195 qui
2095 2135 2227 2179 vero
2271 2135 2379 2177 non
2421 2120 2638 2184 credit,
2683 2121 2798 2190 jam
2826 2119 3109 2186 judicatus
3147 2127 3255 2185 est,
3311 2119 3440 2190 quia
3479 2134 3592 2178 non

1967 2216 2207 2274 credidit
2232 2215 2284 2271 in
2306 2230 2505 2272 nomen
2531 2213 2803 2286 nnigeniti
2828 2211 2953 2268 Filii
2989 2211 3113 2268 Dei.
3141 2210 3271 2270 Haec
3293 2220 3382 2270 est
3407 2222 3590 2270 autem

1969 2310 2393 2378 condemnatio,
2428 2309 2578 2379 quod
2623 2307 2714 2363 lux
2746 2306 2902 2364 venit
2955 2307 3014 2362 in
3055 2307 3328 2362 mundum
3354 2345 3372 2373 ,
3408 2315 3465 2363 et
3508 2306 3600 2364 di-

1969 2405 2230 2462 lexerunt
2253 2395 2514 2460 homines
2534 2401 2710 2474 magis
2726 2400 2991 2457 tenebras
3011 2413 3180 2471 quam
3200 2399 3403 2456 lucem.
3423 2399 3599 2456 Erant

1971 2500 2119 2557 enim
2166 2495 2359 2555 eorum
2413 2511 2580 2571 opera
2622 2495 2793 2553 mala.
2846 2493 3045 2552 Omnis
3093 2496 3244 2553 enim
3298 2494 3395 2566 qui
3451 2494 3599 2551 mala

1972 2595 2108 2662 agit,
2137 2591 2256 2647 odit
2286 2590 2494 2656 lucem,
2556 2602 2661 2644 nec
2690 2585 2842 2643 venit
2870 2586 2938 2641 ad
2965 2585 3169 2650 lucem,
3200 2599 3271 2640 ne
3293 2591 3604 2656 arguantur

1970 2702 2140 2759 opera
2171 2685 2366 2754 ipsius.
2399 2681 2505 2752 Qui
2556 2691 2741 2738 autem
2771 2690 3041 2754 operatur
3078 2681 3397 2748 veritatem,
3447 2680 3603 2737 venit

1973 2782 2039 2836 ad
2073 2782 2254 2837 lucem
2277 2822 2294 2847 ,
2323 2788 2385 2833 ιιι
2415 2777 2714 2851 conspicua
2758 2776 2894 2832 fiant
2925 2775 3068 2831 facta
3103 2775 3305 2848 ipsius,
3332 2773 3478 2846 quod
3500 2787 3607 2846 per

1975 2875 2144 2931 Deum
2168 2876 2280 2930 sint
2304 2873 2473 2930 facta.
2519 2891 2539 2925 ι
2571 2871 2712 2938 Quid
2754 2877 2858 2935 est,
2911 2889 2929 2922 ι
2965 2869 3069 2938 Qui
3097 2869 3275 2925 credit
3303 2869 3358 2923 in
3399 2866 3604 2924 Filium

1974 2969 2138 3044 545
2169 2962 2278 3025 non
2308 2967 2632 3039 judicatur?
2667 2986 2687 3020 ι
2726 2964 2986 3036 Nunquid
3019 2965 3064 3020 si
3101 2963 3442 3020 immundam
3475 2977 3606 3032 ege-

1975 3069 2047 3123 rit
2097 3068 2303 3132 vitam,
2355 3079 2466 3118 non
2519 3061 2837 3133 judicatnr?
2887 3059 3128 3116 Maxime
3180 3059 3425 3129 quidem.
3477 3054 3603 3114 Non

1973 3163 2120 3220 enim
2155 3176 2283 3218 vere
2310 3159 2502 3216 fideles
2551 3167 2681 3214 sunt
2717 3156 3017 3227 ejusmodi,
3068 3164 3127 3210 ut
3177 3154 3381 3210 Paulus
3409 3153 3546 3209 dicit
3584 3169 3599 3208 :

248 3248 384 3313 σίως
423 3252 653 3314 πιστοὺς
694 3252 722 3305 6
757 3252 972 3317 Παῦλός
1011 3271 1172 3324 φησι.
1227 3273 1247 3306 ι
1293 3253 1429 3308 Θεὸν
1477 3254 1610 3326 γάρ,
1661 3255 1860 3327 φησιν.

1978 3275 1998 3309 ι
2044 3257 2211 3311 Deum
2248 3256 2397 3310 enim
2421 3295 2438 3315 ,
2487 3251 2704 3318 inquit,
2741 3250 2986 3306 fatentur
3020 3263 3082 3306 se
3123 3247 3308 3311 scire.
3341 3247 3606 3318 operibus

243 3341 611 3413 ὁμολογοῦσιν
633 3345 854 3412 εἰδέναι,
878 3349 992 3411 τοῖς
1019 3347 1076 3401 δὲ
1100 3347 1288 3419 ἔργοις
1311 3346 1633 3419 ἀρνοῦνται.
1671 3366 1690 3400 ι
1718 3347 1867 3422 Πλὴν

245 3433 488 3488 ἐνταῦθα
522 3435 681 3489 τοῦτὸ
717 3454 906 3508 φησιν,
935 3438 1016 3492 ὅτι
1049 3437 1174 3492 κατ’
1203 3439 1339 3493 αὐτὸ
1366 3438 1527 3492 τοῦτο
1549 3439 1609 3494 τὺ
1641 3440 1870 3494 πιστεῦ-

249 3541 378 3588 σαι,
410 3527 472 3580 οὐ
514 3527 788 3599 κρίνεται’
821 3529 932 3582 τῶν
963 3530 1151 3601 μέντοι
1185 3531 1442 3603 πονηρῶν
1492 3531 1678 3606 ἔργων
1706 3533 1869 3604 χαλεο

205 3684 208 3685 ν
250 3621 512 3697 πωτέρας
548 3621 782 3687 εὐθύνας
821 3623 1014 3678 δώσει·
1059 3625 1324 3690 ἀπιστίας
1357 3626 1416 3680 δὲ
1454 3627 1644 3681 ἕνεκεν
1669 3627 1732 3680 ού
1774 3644 1871 3682 κο-

245 3714 476 3780 λάζεται
499 3732 512 3746 ·
549 3716 699 3786 ama
724 3717 834 3790 γάρ
859 3719 1209 3774 ἐπίστευσεν.
1242 3737 1260 3771 ι
1300 3719 1360 3774 ’0
1380 3716 1438 3774 δὲ
1464 3721 1541 3792 μὴ
1567 3722 1867 3788 πιστεύων,

245 3809 354 3882 ἥδη
394 3811 678 3884 κέκριται.
723 3831 740 3864 ι
780 3813 938 3880 Πῶς;
974 3813 1204 3885 Πρῶτον
1242 3813 1381 3886 μιν,
1414 3814 1500 3868 δτι
1533 3815 1630 3869 καὶ
1658 3814 1801 3889 αὕτη
1833 3817 1868 3888 ὴ

248 3904 484 3960 ἀπιστία
531 3905 865 3980 κατάκρισίς
910 3908 1052 3964 ἐστι.
1095 3908 1172 3962 Τὸ
1218 3908 1331 3980 γάρ
1365 3908 1528 3972 ἐκτὸς
1574 3905 1720 3964 εἷναι
1772 3909 1868 3967 τοῦ

249 3999 458 4070 φωτὸς,
485 3998 621 4054 αύτδ
654 4000 816 4071 μόνον
845 4001 1094 4073 τιμωρία
1140 4002 1401 4075 μεγίστη.
1439 4004 1678 4058 Ἔπειτα
1708 4006 1757 4058 εί
1793 4003 1870 4078 μὴ

248 4092 350 4146 καὶ
382 4093 641 4148 ιντεῦθεν
691 4094 792 4166 ήδη
845 4098 911 4166 τῇ
967 4096 1164 4169 γεέννῃ
1214 4097 1441 4163 δίδοται,
1478 4097 1599 4152 ἀλλ’
1645 4095 1740 4153 οῦν
1769 4099 1872 4166 τάς

249 4189 513 4260 ἀφορμὰς
546 4189 650 4259 τῆς
687 4189 998 4261 μελλούσης
1026 4191 1307 4263 τ’·ιωρίας
1341 4191 1598 4247 ἐντεῦθεν
1636 4191 1867 4265 συνῆξεο

252 4282 512 4353 καθάπερ
561 4283 657 4336 καὶ
689 4282 719 4336 ό
753 4285 986 4354 φονεὺς,
1024 4301 1130 4336 κ..ν
1180 4283 1258 4354 μὴ
1302 4284 1370 4356 τῇ
1419 4283 1589 4357 ψήφῳ
1621 4286 1718 4341 τοῦ
1751 4286 1874 4359 κρί-

249 4393 437 4438 voveo;
485 4375 897 4448 xa'rathachj,
946 4378 1013 4448 τῇ
1098 4374 1160 4430 οὗ
1209 4377 1544 4450 πράγματος
1589 4379 1876 4434 καταδεδί-

251 4485 456 4526 κασται
484 4469 683 4541 φύσει·
718 4472 815 4524 καὶ
843 4471 872 4525 ό
914 4471 1093 4541 ’Δδὲρ
1118 4471 1196 4537 δὲ,
1231 4465 1266 4546 ᾖ
1301 4471 1490 4546 ἡμέρᾳ
1521 4473 1733 4543 ἔφαγεν
1763 4474 1874 4528 ἀπὸ

249 4563 350 4618 τοῦ
380 4563 539 4630 ξύλου
561 4605 576 4631 ,
618 4563 860 4619 ἀπέθανε
884 4605 900 4631 ,
930 4563 1114 4620 καίτοι
1155 4563 1287 4637 ἔζη,
1321 4565 1461 4620 ἀλλά
1489 4569 1559 4640 τῇ
1591 4568 1872 4639 ἀποφάσει

1975 3359 2157 3406 autem
2191 3359 2395 3420 negant
2416 3347 2487 3403 εί.
2521 3365 2540 3398 ι
2568 3345 2962 3402 Verumtamen
2997 3344 3102 3401 hoc
3124 3343 3248 3406 loco
3267 3342 3424 3409 dicit,
3456 3341 3606 3414 quod

1974 3453 2200 3516 propter
2242 3443 2422 3512 ipsum
2470 3441 2704 3496 credere
2741 3455 2851 3493 non
2880 3437 3162 3508 iudicatur
3191 3455 3206 3493 :
3240 3436 3392 3492 dabit
3419 3445 3608 3491 autem

1976 3552 2170 3609 pmnas
2203 3550 2400 3609 graves
2433 3533 2709 3589 malorum
2745 3545 2978 3601 operum
3016 3547 3030 3587 :
3079 3539 3310 3600 propter
3343 3527 3607 3585 incredu-

1978 3633 2187 3689 litatem
2226 3639 2410 3686 autem
2443 3642 2609 3698 quan.
2645 3643 2751 3681 non
2792 3624 2984 3691 habet,
3026 3638 3138 3679 non
3171 3623 3435 3694 punietur
3469 3638 3484 3675 :
3519 3635 3611 3676 se-

1977 3727 2087 3785 mel
2122 3724 2270 3782 enim
2303 3722 2566 3780 credidit.
2605 3739 2624 3773 ι
2671 3721 2743 3776 At
2773 3719 2868 3790 qui
2904 3734 3014 3773 non
3049 3716 3316 3782 credidit,
3367 3715 3481 3787 jam
3510 3713 3608 3786 ju-

1977 3823 2195 3880 dicatus
2232 3827 2342 3876 est.
2380 3837 2399 3871 ι
2434 3815 2765 3885 Quomodo?
2800 3812 3053 3871 Primum
3084 3811 3312 3883 quidem
3339 3808 3610 3882 quoniam

1976 3925 2034 3971 et
2081 3915 2197 3986 ipsa
2249 3909 2617 3969 incredulitas
2659 3907 3053 3965 condemnatio
3099 3913 3187 3962 est
3227 3921 3240 3959 :
3280 3918 3405 3961 esse
3456 3902 3610 3960 enim

1975 4017 2131 4067 extra
2186 4008 2401 4069 lucem,
2459 4018 2559 4074 per
2600 4018 2660 4058 se
2714 4002 3020 4056 maximum
3081 3997 3418 4069 supplicium
3476 4003 3609 4062 est;

1977 4100 2178 4162 deinde
2215 4095 2470 4167 quamvis
2503 4109 2613 4150 non
2649 4094 2739 4149 hic
2786 4093 3056 4164 gehennae
3103 4090 3344 4146 traditus
3371 4090 3480 4156 sit,
3512 4084 3614 4145 sed

1979 4189 2343 4260 congregavit
2373 4189 2467 4245 hic
2498 4187 2669 4243 futuri
2703 4185 2958 4259 supplicii
2991 4184 3341 4250 occasiones,
3370 4183 3519 4240 sicut
3554 4191 3613 4239 et

1980 4285 2279 4353 homicida,
2303 4282 2520 4338 tametsi
2542 4297 2653 4338 non
2672 4280 2945 4336 sententia
2961 4279 3168 4349 judicis
3186 4279 3614 4342 condemnetur,

1980 4391 2178 4438 natura
2219 4389 2406 4434 tamen
2444 4376 2521 4431 rei
2578 4374 2989 4430 condemnatus
3035 4382 3142 4428 est.
3185 4370 3253 4427 Et
3295 4372 3473 4426 Adam
3526 4370 3618 4427 die

1979 4489 2090 4544 quo
2138 4471 2384 4541 comedit
2413 4469 2483 4524 de
2530 4467 2700 4538 ligno,
2739 4477 2992 4522 mortuus
3035 4464 3208 4532 est",
3267 4472 3326 4520 et
3358 4462 3618 4535 quamvis

1981 4569 2221 4631 viveret,
2248 4563 2528 4622 sententia
2564 4571 2752 4618 tamen
2778 4569 2834 4617 et
2864 4571 3062 4616 natura
3093 4558 3172 4614 rei
3205 4569 3459 4615 mortuus
3488 4556 3613 4615 fuit.

255 4659 352 4712 καὶ
389 4660 456 4731 τῇ
487 4657 580 4711 τοῦ
613 4658 946 4730 πράγματος
973 4657 1138 4729 φύσει
1166 4659 1456 4732 τεθνηκὼς
1492 4656 1586 4734 ἦν.
1633 4665 1748 4728 Πᾶς
1777 4663 1866 4718 οὖν

1987 4660 2182 4717 Omnis
2212 4659 2385 4730 igitur
2416 4655 2742 4714 incredulus
2776 4655 2868 4710 hic
2903 4654 3019 4726 jam
3057 4653 3466 4711 condemnatus
3494 4659 3616 4719 est,

253 4752 511 4818 ἄπιστος,
557 4751 894 4821 κατάκριτος
929 4753 1079 4808 εστιν
1111 4752 1369 4809 ἐντεῦθεν
1399 4754 1528 4826 ήδη,
1566 4755 1643 4821 ὡς
1675 4758 1744 4828 τῇ
1775 4774 1872 4812 κο·-

250 4839 413 4902 λάσει
436 4845 662 4909 πάντως
702 4845 1259 4918 παραδοθησόμενος,
1298 4848 1394 4902 καὶ
1426 4847 1550 4902 οὐδὲ
1577 4851 1660 4914 εἰς
1691 4851 1874 4921 κρίσιν

253 4939 658 5012 ἀχθησόμενος,
696 4939 842 4993 κατὰ
873 4937 955 5004 τὸ,
1007 4956 1027 4986 σ
1064 4939 1182 4994 Οὐκ
1213 4940 1619 5011 ἀναστήσονται
1653 4942 1876 5008 ἀσεϐεῖς

256 5035 317 5090 ιν
359 5035 564 5106 κρίσει·
606 5052 626 5085 ι
667 5034 790 5088 οὐδὲ
837 5033 950 5106 γὰρ
1000 5031 1163 5104 λόγου
1211 5034 1495 5101 ἀξιοῦνται
1531 5037 1584 5090 οἱ
1615 5037 1872 5106 ἀσεϐεῖς,

254 5128 448 5200 ὥσπερ
487 5128 612 5184 οὐδὲ
641 5129 671 5183 6
699 5127 973 5194 διάϐολος.
1011 5129 1103 5184 Ἐν
1130 5131 1315 5202 κρίσει
1351 5131 1451 5202 μὲν
1479 5127 1575 5187 οὖν
1609 5131 1713 5187 οὐκ
1738 5134 1875 5187 ἀνα-

256 5222 558 5294 στήσονται
581 5263 595 5287 ,
630 5223 690 5277 έν
724 5221 1058 5295 κατακρίσει
1082 5223 1162 5277 δέ.
1186 5223 1348 5280 Οὕτω
1373 5226 1470 5280 καὶ
1503 5226 1562 5280 ἐν
1589 5224 1668 5297 τῷ
1695 5225 1880 5296 Εὐαγ-

257 5317 428 5389 γελίῳ
458 5318 627 5390 φησὶν
655 5317 685 5371 6
717 5317 946 5388 Κύριος,
981 5319 1065 5372 ὃτι
1089 5318 1118 5371 ό
1151 5318 1341 5390 ἄρχων
1371 5319 1468 5374 τοῦ
1509 5319 1722 5391 κόσμου
1751 5318 1879 5374 τού-

256 5428 377 5473 του.
412 5412 515 5484 ήδη
549 5411 841 5482 κέκριται,
893 5410 957 5464 ού
999 5410 1166 5480 μόνον
1194 5411 1273 5474 ὡς
1310 5411 1480 5475 αὐτὸς
1529 5413 1877 5485 ἀπιστήσας,

255 5504 398 5561 ἀλλά
447 5505 545 5560 καὶ
595 5504 688 5559 τὸν
737 5504 945 5559 Ἰούδαν
996 5506 1272 5578 προδότην
1312 5491 1574 5579 ποιήσας,
1627 5510 1723 5562 καὶ
1765 5509 1882 5573 τοῖς

256 5601 446 5666 ἀλλοις
475 5599 579 5672 τῆς
614 5600 898 5664 ἀπωλείας
932 5599 1180 5670 γεγονὼς
1210 5600 1498 5673 πρόξενος.
1527 5603 1592 5657 Ei
1624 5603 1683 5658 δὲ
1714 5603 1745 5657 ό
1769 5602 1883 5657 Κύ-

261 5713 382 5767 ριος
421 5696 481 5748 ἐν
527 5693 876 5766 παραϐολαῖς
926 5694 1144 5764 είσάγει
1188 5695 1318 5760 τοὺς
1356 5696 1880 5768 κολασθησομένους

254 5789 423 5860 λόγου
469 5787 854 5861 ἀξιουμένους,
907 5787 985 5862 μὴ
1014 5786 1342 5862 θαυμάσῃςο
1377 5788 1602 5863 πρῶτον
1651 5789 1755 5860 μὲν
1794 5794 1878 5848 ὅτι

336 5969 383 6004 ⁸·
433 5969 592 6028 Rom.
637 5987 721 6039 ιιι,
767 5969 861 6028 25.
937 5971 982 6006 ⁸¹
1013 5969 1127 6029 Tit.
1183 5991 1226 6034 ι.
1261 5972 1352 6030 ⁸6.
1427 5973 1474 6007 ⁸³
1527 5972 1666 6031 Gcn.
1696 5988 1782 6044 ιιι,
1821 5971 1908 6031 17.

1986 4764 2044 4809 ιιι
2075 4755 2169 4825 qui
2215 4752 2448 4809 omnino
2473 4750 2770 4822 supplicio
2807 4748 3116 4804 tradendus
3160 4758 3278 4812 est,
3317 4755 3374 4800 et
3417 4760 3529 4802 non
3560 4745 3617 4800 in

1981 4845 2252 4918 judicium
2279 4844 2696 4915 producendus,
2741 4840 2898 4914 juxta
2926 4840 3079 4905 illud,
3117 4858 3137 4892 ι
3169 4837 3288 4894 Non
3323 4844 3620 4910 resurgent

1988 4939 2140 5008 impii
2175 4939 2231 4993 in
2267 4937 2479 5009 judicio
2508 4935 2578 4991 ⁸³.
2620 4953 2641 4988 ι
2687 4934 2905 5005 lndigni
2941 4933 3089 4988 enim
3127 4933 3406 4989 habentur
3436 4940 3492 4986 ut
3529 4945 3618 4985 ra-

1989 5035 2195 5089 tionem
2231 5033 2362 5090 dent
2401 5031 2578 5104 impii,
2624 5031 2772 5086 sicut
2813 5038 2872 5086 et
2921 5027 3197 5085 diabolus.
3249 5025 3305 5082 lu
3345 5025 3619 5097 judicium

1984 5127 2155 5199 igitur
2189 5143 2298 5183 non
2334 5133 2668 5197 resurgent,
2710 5125 2806 5181 sed
2859 5125 2914 5179 in
2963 5121 3506 5180 condemnationem.
3541 5118 3620 5174 Ita

1985 5229 2044 5279 et
2075 5222 2128 5277 in
2167 5219 2468 5292 Evangelio
2502 5219 2639 5276 dicit
2670 5219 2962 5287 Dominus,
2994 5217 3141 5289 quod
3167 5217 3426 5288 princeps
3452 5213 3622 5286 hujus

1985 5315 2202 5381 mundi,
2233 5313 2350 5387 jam
2379 5313 2663 5384 judicatus
2710 5323 2795 5369 est
2840 5313 2913 5379 “,
2950 5327 3061 5368 non
3095 5312 3276 5368 solum
3308 5310 3457 5380 quod
3502 5311 3624 5381 ipse

1989 5422 2100 5462 non
2134 5405 2462 5474 crediderit,
2511 5405 2606 5462 sed
2639 5407 2788 5475 quod
2820 5415 2877 5461 et
2919 5403 2946 5460 ,ι
2960 5404 3121 5461 udam
3157 5403 3503 5478 proditprem
3540 5401 3623 5456 fe-

1989 5503 2153 5570 cerit,
2193 5512 2250 5558 et
2299 5501 2426 5557 aliis
2469 5501 2804 5571 perditionis
2861 5499 3029 5556 fuerit
3076 5507 3299 5555 auctor.
3356 5495 3624 5565 Quamvis

1991 5607 2178 5653 autem
2237 5596 2507 5653 Dominus
2557 5598 2613 5652 in
2671 5596 2956 5668 parabolis
3011 5597 3253 5652 adducat
3311 5593 3626 5666 puniendos

1989 5692 2149 5762 quasi
2180 5705 2278 5748 eos
2311 5707 2342 5747 a
2372 5689 2582 5764 quibus
2612 5701 2869 5746 sumatur
2906 5691 3073 5756 ratio,
3110 5706 3180 5748 ne
3216 5689 3463 5746 mireris.
3501 5687 3624 5743 Pri-

1991 5803 2144 5843 mum
2175 5786 2402 5858 quidem
2432 5801 2501 5844 eo
2535 5786 2678 5857 ipso,
2725 5785 2857 5859 quia
2904 5787 3186 5858 parabola
3215 5793 3347 5844 sunt
3383 5800 3451 5843 ea
3499 5797 3626 5858 qua:

2025 5971 2074 6006 ⁸³
2137 5972 2288 6031 Psal.
2324 5989 2362 6043 ι,
2396 5973 2451 6030 5.
2532 5973 2578 6008 ⁸⁸
2609 5971 2776 6029 Joan.
2809 5987 2926 6047 xvi,
2960 5972 3051 6029 ll.
