4218 6424
681 392 816 460 1215

1563 382 2145 446 TBEOPHYLACTI
2177 373 2589 441 BUIGARI/E
2621 376 2980 438 ARCHIEP.

3837 354 3971 422 1216

679 503 954 563 dicuntur,
990 513 1093 552 non
1123 503 1336 565 oportet
1360 502 1536 548 autem
1564 495 1746 548 Omnia
1783 508 1898 560 QIILI.‘
1924 488 2271 559 in'parabolis

2388 485 2683 555 παραδολαί
2719 488 2828 538 εἰσι
2860 484 2926 538 τὰ
2953 481 3244 551 λεγόμενα,
3274 476 3369 532 καὶ
3396 475 3458 530 οὗ
3486 477 3569 529 δεῖ
3601 474 3787 528 πάντα
3818 474 3890 523 τὰ
3918 474 3971 523 ἒν

678 588 954 650 dicuntur,
987 588 1140 654 quasi
1191 601 1433 640 canones
1467 599 1529 638 ac
1563 585 1706 652 leges
1737 595 2038 636 assumere.
2091 581 2149 633 In
2176 579 2264 633 die

678 695 821 733 enim
859 681 944 731 illo
976 679 1350 747 uttttSthisque
1372 677 1765 732 conScientiam
1813 673 2015 728 habens
2054 688 2150 743 pro
2175 671 2267 742 ju-

682 770 822 821 dicio
852 770 993 836 quod
1035 770 1139 820 [alii
1174 778 1433 837 nequeat,
1472 781 1574 819 non
1611 780 1746 833 opus
1777 763 1991 816 habebit
2034 763 2140 815 alio
2175 763 2264 832 qui

681 857 1062 924 reprehendat,
1091 860 1181 909 sed
1213 858 1561 924 semetipsum
1593 856 1822 922 quisque
1849 854 2171 911 confutabit.
2206 867 2268 907 ac

681 949 871 1004 abibit.
941 951 1139 1002 lteinde
1188 947 1445 1002 Dominus
1494 961 1601 1000 non
1662 946 1869 1000 inducit
1927 946 2266 1007 incredulos,

680 1043 820 1110 quod
877 1052 1193 1094 mereantur
1235 1049 1291 1092 ut
1339 1041 1606 1093 rationem
1659 1039 1889 1092 reddant
1940 1053 1954 1093 :
2007 1038 2099 1093 sed
2151 1051 2271 1090 trc—

679 1132 870 1187 dentes
901 1135 1157 1202 quidem,
1208 1148 1270 1187 ac
1309 1132 1794 1186 immisericordcs.
1847 1131 1955 1184 Nos
1987 1141 2162 1186 autem
2208 1130 2272 1184 de

681 1226 862 1290 impiis
883 1237 934 1278 et
973 1225 1268 1278 incredulis
1309 1225 1601 1292 loquimur.
1651 1225 1809 1277 Aliud
1846 1232 2028 1278 atttem
2057 1232 2142 1276 est
2174 1223 2274 1274 im-

681 1318 800 1386 pius
834 1333 896 1370 ac
925 1316 1158 1370 inﬁdelis
1192 1334 1202 1369 :
1244 1317 1463 1370 et-aliud
1492 1315 1891 1371 immisericors
1918 1327 1969 1369 et
1997 1325 2272 1383 peccator.

690 1426 706 1458 ι
744 1407 850 1461 lloc
908 1419 988 1461 est
1029 1409 1333 1475 judicium,
1394 1409 1517 1476 quia
1551 1411 1637 1463 lux
1665 1412 1815 1464 venit
1848 1410 2209 1463 inmundum.
2251 1425 2269 1459 ι

682 1494 929 1552 Ostendit
968 1502 1068 1554 hoc
1100 1493 1218 1554 loc'o
1249 1499 1496 1553 inﬁdeles
1522 1502 1667 1554 omni
1710 1502 2067 1555 excusatione
2103 1500 2274 1553 desti-

685 1600 847 1646 tutos.
888 1592 990 1645 Ista
1024 1593 1166 1646 enim
1195 1595 1579 1646 condemnatio
1611 1603 1714 1657 est,
1747 1593 1945 1661 inquit,
1982 1593 2103 1660 quia
2130 1592 2276 1644 venit

671 1683 746 1736 ad
781 1697 876 1736 eos
906 1683 1019 1748 lux,
1054 1693 1106 1734 et
1140 1699 1315 1750 neque
1346 1684 1422 1736 sic
1461 1686 1526 1738 ad
1564 1664 1708 1737 illam
1749 1694 2125 1736 aet-asserunt.
2160 1678 2272 1732 Non

680 1771 826 1826 enim
865 1773 917 1826 in
958 1776 1058 1828 hoc
1090 1774 1205 1828 solo
1248 1784 1561 1841 pecnarunt.
1602 1775 1743 1843 quod
1795 1774 1893 1842 ipsi
1940 1788 2042 1824 non
2081 1770 2278 1837 (μιωεί-

682 1874 877 1917 verunt
909 1864 1105 1929 lucem,
1143 1865 1235 1918 sed
1273 1868 1374 1920 hoc
1411 1867 1706 1932 pessimum
1739 1874 1860 1928 est,
1895 1865 2036 1929 quod
2071 1864 2158 1914 lux
2209 1864 2272 1913 ad
2305 1839 2350 1897 Β

682 1955 801 2010 illos
828 1957 993 2019 venit,
1026 1967 1078 2007 et
1111 1956 1258 2008 illam
1298 1973 1402 2009 non
1439 1967 1795 2022 susceperunt
1836 1973 1849 2008 :
1897 1965 2184 2023 propterea
2220 1961 2275 2005 ct

681 2047 1023 2098 cmtdemnati
1070 2056 1217 2099 sunt.
1254 2047 1386 2099 Nam
1417 2048 1686 2114 siquidem
1728 2061 1832 2099 non
1867 2046 2106 2099 vettissut
2148 2044 2234 2097 lux
2258 2085 2272 2109 ,

682 2139 991 2208 potuissent
1038 2139 1288 2193 homines
1340 2148 1642 2208 pra-texere
1703 2140 1990 2208 ignorasse
2041 2152 2099 2191 se
2143 2138 2274 2205 quid

683 2241 828 2286 esset
859 2232 1056 2285 bonum
1096 2247 1333 2296 :_verum
1363 2231 1486 2300 quia
1520 2233 1668 2283 venit
1702 2232 1920 2299 quidem
1960 2228 2099 2283 Deus
2141 2227 2276 2283 γετ-

683 2324 832 2387 bum,
869 2325 1124 2392 deditque
1172 2326 1393 2379 verlrum
1431 2340 1591 2378 suum
1644 2338 1698 2378 ut
1745 2324 2123 2386 illuminaret,
2167 2337 2276 2374 non

685 2427 1042 2481 susceperunt
1094 2429 1311 2479 autem,
1353 2417 1427 2468 illi
1467 2418 1612 2469 oinni
1664 2419 2018 2470 excusatione
2049 2415 2279 2485 posthac

684 2521 895 2564 Carent.
927 2509 996 2564 Ut
1033 2524 1213 2564 autem
1252 2510 1416 2582 546
1446 2512 1624 2563 nullus
1652 2513 1815 2574 dicat,
1844 2510 2015 2563 Nemo
2058 2509 2280 2579 prmfert

687 2602 939 2655 tenebras
975 2603 1100 2664 luci,
1139 2605 1290 2672 pmit
1327 2618 1545 2655 causam
1582 2615 1806 2670 propter
1841 2618 2003 2671 quam
2039 2603 2280 2656 tenebris

689 2695 1021 2748 adhaeserint
1058 2697 1344 2761 homines:
1387 2713 1406 2745 ‹
1451 2694 1617 2748 Erant
1643 2697 1821 2757 cnim,
1867 2697 2076 2764 inquit,
2115 2709 2280 2765 Opera

689 2784 904 2836 illorum
938 2787 1096 2838 uzala.
1129 2806 1147 2836 ι
1199 2785 1333 2851 Quia
1370 2789 1512 2839 enim
1546 2786 2004 2841 Cltristiauisuuts
2038 2803 2145 2840 non
2195 2802 2283 2842 εον

689 2872 796 2927 lu‘m
830 2886 973 2928 recta
1001 2881 1278 2945 dogmate,
1323 2880 1416 2933 sed
1445 2888 1498 2932 et
1540 2881 1824 2933 honestam
1861 2880 2023 2932 \itam
2055 2881 2222 2951 exigit
2266 2898 2279 2934 :

689 2965 792 3034 ipsi
823 2978 1002 3020 autem
1040 2968 1327 3023 voluerunt
1362 2971 1469 3022 luto
1510 2973 1713 3040 peccati
1755 2973 1950 3024 involvi
1978 3013 1992 3036 ,
2031 2972 2150 3026 idco
2183 2988 2282 3027 no-

688 3057 808 3112 lunt
849 3061 1078 3129 improbi
1115 3065 1176 3114 ad
1227 3062 1397 3115 lucem
1435 3063 1838 3118 Cliristianismi
1880 3066 2090 3130 venite,
2132 3077 2185 3118 et
2226 3079 2283 3118 se

2370 578 2709 649 παραϐολαῖς
2744 577 3034 647 λεγόμενα,
3069 574 3146 636 ὼς
3175 572 3374 641 νόμους
3405 570 3499 622 καὶ
3523 569 3759 629 κανόνας
3791 580 3976 634 παρα.

2368 672 2690 742 λαμϐάνειν.
2759 671 2847 724 Ἑν
2896 668 3007 739 γὰρ
3051 668 3119 739 τῇ
3173 663 3362 733 ἡμέρα
3398 661 3584 730 ἐκείνῃ
3622 660 3866 717 ἕκαστος
3917 655 3975 707 τὸ

2370 763 2609 826 συνειδὸς
2643 762 2783 832 ἔχων
2843 757 3292 830 ἀπαραλὸγιστον
3339 751 3637 822 δι’καστὴν,
3691 751 3758 802 οὐ
3801 749 3976 801 δεῖται

2373 855 2560 923 ἑτέρου
2611 854 2871 923 ἐλέγχου,
2925 850 3041 903 ἀλλ’
3094 843 3602 918 ἐγκεχαλινωμένος
3658 841 3830 901 αὐτὸς
3888 835 3976 906 ὑφ’

2371 949 2566 1003 ἑαυτοῦ
2624 949 2867 1002 ἄπεισιν.
2931 946 3168 998 Ἔπειτα
3217 941 3318 994 οὐκ
3369 937 3638 997 ἀπίστους
3690 933 3913 999 εἰσάγει
3952 929 3980 981 6

2371 1039 2578 1110 Κύριος
2597 1037 2953 1106 ἀξιουμένους
2970 1033 3160 1101 λόγου,
3178 1030 3320 1085 ἀλλὰ
3339 1029 3566 1088 πιστοὺς
3588 1023 3711 1094 μὲν,
3734 1021 3982 1085 ἁσπλὰγ-

2372 1149 2533 1203 χνους
2564 1131 2622 1183 δὲ
2665 1131 2760 1182 καὶ
2794 1127 3189 1197 ἀνελεήμονας.
3251 1120 3446 1191 Ἦμεῖς
3483 1118 3541 1171 δὲ
3587 1115 3718 1186 περὶ
3758 1113 3980 1167 ἀσεϐῶν

2374 1226 2470 1278 καὶ
2495 1224 2743 1295 ἀπίστων
2770 1222 3021 1290 λέγομεν·
3047 1217 3242 1290 ἕτερον
3267 1213 3325 1267 δὲ
3359 1210 3562 1282 ἀσεϐὴς
3587 1208 3680 1262 καί
3715 1206 3980 1267 ἄπιστος,

2375 1317 2466 1369 καὶ
2493 1316 2680 1386 ἕτερον
2701 1313 3020 1382 ἀνελεήμων
3050 1310 3146 1386 καὶ
3172 1305 3518 1377 ἁμαρτωλός.
3546 1303 3627 1373 (α)
3687 1300 3986 1354 Δεεκνυσιν

2380 1385 2617 1460 ἐνταῦθα
2671 1405 2854 1473 πάσης
2901 1385 3201 1469 ἀπολογῖας
3250 1395 3678 1468 ἐστερημένους.
3723 1393 3856 1453 τοὺς
3913 1389 3987 1459 μὴ

2378 1499 2799 1558 πιστεύσαντας.
2831 1495 2979 1567 Αὕτη
3011 1496 3120 1564 γάρ
3154 1495 3303 1546 ἐστιν
3336 1492 3369 1558 ἡ
3398 1487 3754 1556 κατάκρισις,
3793 1483 3987 1551 φησιν,

2376 1594 2459 1646 ὅτι
2517 1587 2649 1660 ἦ).οε
2710 1589 2846 1661 πρὸς
2888 1589 3086 1649 αὐτοὺς
3146 1585 3206 1638 τὸ
3244 1583 3380 1652 φῶς,
3432 1581 3552 1634 οὐδὲ
3593 1577 3772 1639 οὕτως
3817 1592 3991 1642 προσ-

2379 1687 2614 1754 έδραμον
2646 1681 2816 1752 αὐτῷ.
2852 1683 2926 1734 Οὐ
2963 1680 3073 1750 γὰρ
3099 1679 3262 1732 τοῦτο
3297 1678 3455 1746 μόνον
3474 1675 3750 1745 ἥμαρτον,
3781 1671 3866 1724 ὅτι
3890 1669 3993 1722 οὐκ

2380 1779 2656 1846 ἐζήτησαν
2701 1775 2856 1829 αὐτοὶ
2891 1774 2952 1826 τὸ
3001 1773 3139 1842 φῶς,
3187 1770 3322 1824 ἀλλὰ
3367 1771 3426 1822 τὸ
3459 1768 3737 1837 χείριστον
3823 1761 3994 1826 τοετό

2380 1872 2558 1931 ἐστιν,
2594 1871 2687 1935 ὅτι,
2716 1869 2892 1921 έκεῖνο
2930 1862 3061 1937 ἦ).οε
3113 1864 3252 1930 πρὸς
3324 1861 3545 1925 αὐτοὺς,
3589 1860 3682 1912 καὶ
3731 1858 3890 1926 ὅμως
3933 1856 3994 1908 οὺ

2381 1958 2786 2029 παρεδέξαντο·
2835 1958 2925 2009 διὰ
2963 1955 3123 2008 τοῦτο
3165 1955 3260 2008 καὶ
3302 1947 3775 2020 κατακεκριμένοι
3829 1948 3994 2000 εἰσίν.

2379 2053 2440 2105 Εἰ
2483 2053 2580 2122 μὲν
2619 2051 2730 2120 γὰρ
2767 2050 2839 2120 μὴ
2881 2044 3012 2118 ἦ).οε
3051 2048 3109 2099 τὸ
3153 2046 3290 2115 ιεὼς,
3333 2041 3478 2115 εἶχον
3521 2045 3587 2096 ἂν
3620 2045 3669 2096 οἱ
3705 2041 3997 2110 ἅνθρωποι

2378 2147 2601 2213 ἄγνοιαν
2632 2144 2726 2198 τοῦ
2761 2144 2930 2198 καλοῦ
2964 2138 3377 2212 πρόϐαλέσθαικ
3399 2138 3522 2189 ἐπεὶ
3568 2137 3622 2189 δὲ
3657 2131 3795 2206 ἦ).οε
3835 2133 3941 2203 μὲν
3972 2135 3998 2184 6

2379 2239 2510 2302 Θεὸς
2546 2237 2740 2305 Λόγος,
2786 2236 2986 2288 δέδωκε
3021 2235 3076 2286 δὲ
3110 2233 3203 2286 τὸν
3241 2233 3399 2299 λόγον
3449 2228 3645 2291 αὐτοῦ,
3689 2227 3842 2280 ὥστε
3885 2244 4000 2294 ςω-

2381 2332 2576 2396 τίζειν,
2602 2331 2662 2384 οὐ
2697 2329 3071 2399 παρεδέξαντο
3106 2326 3186 2392 δὲ,
3232 2326 3414 2395 πάσης
3449 2323 3758 2385 ἀπολογίας
3807 2318 4001 2372 λοιπὸν

2381 2420 2727 2496 ἐστέρηνται.
2768 2423 2886 2476 Ἰνα
2915 2420 2972 2473 δὲ
3007 2421 3081 2491 μή
3120 2437 3204 2480 τις
3252 2419 3427 2482 εἴποι,
3479 2418 3559 2470 ὅτι
3598 2415 3806 2476 Οὐδεὶς
3841 2414 3910 2465 ἂν
3946 2412 4001 2462 τὸ

2385 2521 2579 2580 σκότος
2614 2517 2987 2586 προτιμήσειε
3035 2513 3129 2567 τοῦ
3167 2513 3366 2580 φωτὸς,
3411 2512 3595 2582 τίθησι
3630 2511 3727 2562 καὶ
3766 2511 3870 2579 τὴν
3921 2507 4004 2559 al-

2382 2613 2527 2675 τίαν,
2555 2611 2648 2678 ἀφ’
2680 2605 2747 2680 ἧς
2772 2613 2819 2661 ot
2850 2605 3229 2675 ἄνθρωποιτῷ
3260 2605 3441 2657 σκότει
3469 2602 3810 2673 προσῆλθον.
3841 2621 3859 2653 ι
3897 2598 4003 2654 Ἷῐν

2385 2702 2513 2773 γὰρ,
2561 2701 2728 2773 φησι,
2762 2700 2978 2769 πονηρά
3010 2697 3192 2750 αὐτῶν
3232 2698 3300 2748 τὰ
3336 2696 3493 2766 ἔργα.
3546 2714 3564 2745 ι
3617 2693 3854 2761 Ἐπειδὴ
3894 2692 4001 2762 γὰρ

2384 2799 2412 2850 ὁ
2457 2793 2913 2862 Χριστιανισμδς,
2948 2793 3008 2844 οὔ
3047 2791 3210 2861 μόνον
3243 2790 3494 2858 δόγματα
3525 2787 3684 2857 ὀρθὰ,
3732 2787 3877 2840 ἀλλὰ
3911 2788 4005 2839 καὶ

2386 2888 2662 2941 πολιτείαν
2702 2886 2905 2956 σεμνὴν
2953 2885 3214 2950 ἀπαιτεῖ,
3264 2884 3421 2937 αὐτοὶ
3465 2885 3522 2936 δὲ
3571 2880 3881 2950 ἠϐούλοντο
3930 2879 4006 2949 τῷ

2390 2977 2639 3047 βορϐόρῳ
2682 2976 2781 3047 τῆς
2816 2976 3096 3044 ἁμαρτίας
3131 2973 3520 3041 ὲγκυλίεσθαι,
3559 2971 3651 3024 διὰ
3692 2970 3865 3022 τοῦτο
3908 2971 4006 3024 οὐκ

2384 3071 2661 3141 ἠθέλησαν
2693 3072 2741 3123 ot
2771 3071 2840 3122 τὰ
2876 3067 3056 3137 φαῦ)α
3090 3067 3456 3138 πράσσοντες,
3490 3065 3627 3134 πρὸς
3657 3063 3720 3115 τὸ
3757 3064 3878 3132 φῶς
3917 3063 4008 3116 τοῦ

689 3152 826 3204 meis
869 3152 1138 3218 Subjicere
1189 3155 1417 3224 legibus.
1463 3155 1633 3210 Porro
1665 3157 1754 3224 qui
1809 3157 1937 3210 facit
1973 3163 2279 3220 veritatem,

2388 3162 2822 3235 Χριστιανισμοῠ
2861 3159 3059 3224 ἐλθεῖν,
3096 3159 3191 3211 καὶ
3225 3159 3338 3220 τοῖς
3383 3159 3535 3226 ἐμοῖς
3568 3155 3762 3224 νόμοις
3796 3154 4009 3208 611061-

692 3251 746 3294 et
778 3245 1062 3297 contendit
1096 3255 1148 3298 et
1180 3248 1386 3314 aspirat
1419 3247 1486 3300 ad
1523 3248 1690 3301 vitam
1724 3262 1844 3317 quae
1888 3249 1995 3302 Deo
2039 3250 2284 3318 placeat,

693 3336 737 3389 is
755 3338 820 3389 ad
840 3336 1319 3392 Christianismum
1344 3339 1510 3393 veluti
1538 3343 1600 3392 ad
1626 3341 1796 3394 lucem
1821 3342 2056 3405 accedit,
2086 3349 2143 3394 ut
2174 3356 2289 3394 Ina-

688 3430 769 3499 gis
816 3429 864 3480 in
895 3431 1035 3482 bono
1059 3431 1326 3498 proﬁciat,
1352 3443 1404 3485 et
1426 3441 1721 3500 appareant
1745 3433 1864 3502 ejus
1897 3447 2062 3501 opera
2090 3447 2288 3488 secun-

688 3526 814 3575 dmu
844 3521 1009 3574 Deum
1038 3525 1199 3576 facta.
1227 3524 1324 3590 Qui
1373 3526 1518 3578 enim
1557 3527 1679 3579 talis
1706 3537 1786 3579 est
1833 3542 1953 3580 cum
1986 3528 2089 3582 ﬁde
2115 3537 2285 3592 recta,

690 3623 741 3668 et
777 3614 941 3667 vitam
990 3632 1206 3686 quoque
1240 3620 1522 3671 honestam
1556 3619 1816 3684 instituit,
1862 3620 2006 3676 lucet
2038 3622 2288 3675 omnibus

690 3701 1025 3770 hominibus,
1063 3718 1114 3760 et
1148 3709 1197 3760 iu
1234 3709 1321 3761 illo
1357 3709 1693 3778 gloriﬁcatur
1735 3710 1894 3765 Deus.
1931 3711 1997 3765 Et
2047 3713 2120 3766 ita
2158 3727 2290 3780 gen-

694 3795 878 3853 tilibus
936 3801 1339 3854 incredulitatis
1389 3817 1552 3856 causa
1609 3801 1752 3857 facta
1809 3814 1891 3858 est
1944 3805 2288 3858 imumndilia

691 3891 835 3946 vitaz.
873 3891 979 3947 Sed
1018 3892 1158 3946 forte
1201 3895 1400 3948 dixerit
1433 3897 1555 3963 quis
1584 3896 1757 3962 :Quid
1793 3895 1987 3967 igitur?
2013 3894 2128 3950 'non
2163 3907 2291 3951 sunt

689 3994 740 4037 et
796 3984 1095 4038 Christiani
1157 3987 1412 4056 improbi,
1470 3997 1522 4043 et
1573 3989 1802 4057 gentiles
1849 3989 2088 4043 honesta:
2137 3991 2294 4043 vitae?

689 4074 955 4133 Fateorct
975 4080 1086 4148 ipse
1109 4079 1326 4146 quidem
1348 4082 1624 4150 improbos
1644 4082 2022 4137 Christianos:
2051 4091 2104 4136 at
2122 4084 2292 4138 honos

691 4169 922 4239 gentiles
949 4172 1181 4225 inveniri
1210 4188 1312 4226 non
1351 4175 1803 4227 asseveraverim.
1844 4172 1911 4226 Et
1945 4183 2134 4228 natura
2166 4179 2291 4244 qui-

693 4266 813 4316 dem
864 4264 1131 4317 mansueti
1182 4274 1237 4318 et
1309 4265 1432 4318 Ironi
1499 4266 1847 4334 reperiuntur
1883 4267 2102 4336 quidam
2167 4271 2295 4337 (hoc

693 4366 871 4411 autem
910 4373 1016 4411 non
1042 4371 1123 4412 est
1159 4359 1390 4427 virtus);
1415 4359 1814 4414 exercitatione
1846 4370 1898 4414 et
1945 4362 2295 4416 meditatione

700 4450 850 4515 boni,
904 4450 1086 4507 nullus
1135 4453 1484 4507 invenietur:
1520 4462 1573 4509 et
1618 4454 1869 4523 quamvis
1909 4455 2033 4509 boni
2070 4458 2291 4526 quidam

2393 3256 2505 3308 λεῖν
2542 3253 2790 3317 ἑαυτούς.
2840 3253 2898 3306 Ὀ
2924 3252 2979 3305 δέ
3023 3268 3086 3320 γε
3115 3249 3287 3304 ποιῶν
3318 3249 3418 3317 τῆν
3467 3248 3760 3318 ἀλήθειαν,
3797 3251 3824 3300 6
3871 3248 4009 3317 πρὶς

2395 3349 2511 3418 βίον
2545 3347 2749 3418 δηλαδὴ
2773 3343 2946 3399 νεύων
2978 3343 3178 3414 σεμνὸν
3200 3342 3295 3394 καὶ
3321 3341 3638 3411 θεάρεστον,
3668 3340 4009 3410 προστρέχει

2392 3442 2469 3510 τῷ
2503 3437 2926 3507 Χριστιανισμῷ
2953 3437 3027 3498 ὼς
3061 3435 3223 3502 φωτὶ,
3262 3435 3351 3486 ἵνα
3391 3433 3591 3502 μᾶλλον
3617 3435 3678 3485 ὲν
3708 3433 3788 3502 τῷ
3816 3432 4009 3501 ἀγαθῷ

2395 3529 2669 3599 προκύψῃ,
2696 3528 2789 3581 καὶ
2817 3529 2958 3596 φανῇ
2984 3525 3148 3579 αὐτοῦ
3184 3524 3249 3577 τὰ
3276 3523 3416 3592 ἔργα
3444 3521 3586 3574 κατὰ
3612 3521 3775 3574 Θεόν.
3819 3522 3879 3574 Ὁ
3903 3525 4009 3592 γαρ

2395 3623 2658 3686 τοιοῦτος,
2707 3620 2845 3688 μετά
2882 3619 2975 3672 τοῦ
3012 3617 3295 3670 πιστεύειν
3340 3615 3543 3687 ὀρθῶς,
3587 3615 3686 3668 καὶ
3721 3615 4009 3666 πολιτείαν

2397 3717 2604 3788 σεμνὴν
2638 3714 2948 3787 κατορθῶν,
2977 3712 3188 3782 λάμπει
3216 3711 3385 3764 πᾶσιν
3415 3707 3752 3778 ἀνθρώποις,
3800 3711 3897 3762 καὶ
3931 3709 4010 3761 δο-

2398 3809 2618 3876 ξάζεται
2649 3808 2780 3869 Θεὸς
2809 3811 2866 3860 ἐν
2896 3805 3066 3876 αὐτῷ.
3102 3805 3266 3857 Ὥστε
3300 3803 3403 3869 τῆς
3441 3802 3701 3864 ἀπιστίας
3735 3803 3889 3854 αἰτία
3917 3802 4011 3867 γέ-

2398 3919 2523 3970 γονε
2553 3904 2664 3962 τοῖς
2699 3899 2962 3968 Ἕλλησιν
2986 3901 3018 3967 ἡ
3055 3896 3371 3966 ἀκαθαρσία
3398 3894 3491 3947 τοῦ
3527 3893 3666 3964 βίου.
3709 3893 3854 3945 Ἀλλ’
3885 3893 4013 3952 ἴσως

2398 3997 2519 4066 ἐρεῖ
2544 4010 2662 4058 τις’
2699 3994 2763 4045 Τί
2792 3992 2919 4058 οὖν;
2955 3991 3054 4043 οὐκ
3103 3990 3211 4042 εἰσὶ
3260 3988 3581 4057 Χριστιανοὶ
3631 3985 3869 4056 φαῦλοι,
3918 3985 4014 4039 καὶ

2400 4087 2666 4156 Ἕλληνες
2720 4083 3000 4138 ἐπαινετοὶ
3054 4081 3196 4135 κατά
3255 4079 3404 4150 βίον;
3463 4079 3535 4130 Τὸ
3586 4079 3687 4146 μὲν
3734 4077 3832 4131 οὖν
3874 4075 4014 4130 εἶναι

2400 4181 2642 4252 φαύλους
2675 4177 3060 4248 Χριστιανοὺς,
3095 4177 3191 4228 καὶ⁴
3226 4175 3389 4236 αὐτός
3423 4189 3588 4242 φημιο
3627 4160 3688 4224 τὸ
3718 4172 3777 4225 δὲ
3807 4172 4015 4240 Ἐλλη-

2401 4293 2496 4338 νας
2542 4272 2785 4342 ἀγαθοὺς
2816 4270 3134 4340 εὑρεθῆναι,
3187 4268 3291 4321 οὐκ
3336 4265 3401 4320 ἄν
3442 4283 3572 4318 ποτε
3619 4266 3816 4334 φαίην.
3883 4265 4015 4317 Ἀπὸ

2402 4367 2620 4436 φύσεως
2669 4367 2766 4433 μὲν
2824 4364 2935 4432 γὰρ
2989 4363 3288 4423 ἐπιεικεῖς,
3341 4359 3436 4411 καὶ
3481 4356 3680 4426 ἀγαθοὶ
3731 4359 4016 4428 εὐρεθεῖέν

2398 4475 2547 4520 τινες
2587 4456 2788 4530 (τοῦτο
2836 4457 2892 4507 δὲ.
2928 4455 3030 4507 οὐκ
3064 4453 3213 4506 ἔστιν
3270 4450 3502 4522 ἀρετή)·
3555 4452 3665 4504 ἀπὸ
3721 4454 4015 4522 ἀσκήσεως

694 4538 864 4597 hahiti
898 4545 1027 4609 sint,
1069 4542 1254 4599 omnia
1295 4553 1476 4601 tamen
1513 4547 1578 4600 ad
1622 4559 1816 4601 vanam
1864 4548 2093 4616 gloriam
2151 4549 2284 4604 fece-

2405 4550 2458 4602 δὲ
2483 4549 2575 4601 καὶ
2605 4548 2839 4619 μελέτης
2869 4545 2963 4599 τοῦ
2986 4543 3218 4611 ἀγαθοῦ,
3245 4544 3444 4606 οὐδείς.
3478 4543 3539 4597 Et
3567 4542 3621 4596 δέ
3651 4560 3800 4605 τινες
3830 4545 4016 4610 ἓίοξαν

692 4644 842 4689 runt.
892 4635 994 4702 Qui
1028 4648 1209 4690 autem
1245 4647 1505 4705 operatur
1542 4649 1762 4707 propter
1793 4639 2021 4709 gloriam
2048 4682 2060 4703 ,
2094 4650 2147 4696 et
2183 4657 2289 4697 non

694 4737 916 4795 propter
952 4724 1405 4797 honum‘ipsum,
1441 4729 1709 4801 siquando
1747 4741 1960 4801 tempus
1992 4734 2291 4798 invenerit,

693 4819 856 4873 malis
889 4819 1188 4889 indulgebit
1223 4823 1706 4891 concupiscentiis.
1750 4823 1886 4877 Nam
1930 4826 2071 4894 apud
2116 4842 2212 4883 nos
2242 4841 2293 4884 ct

694 4914 1073 4969 iuterminatio
1121 4921 1402 4986 gehennzr,
1436 4927 1490 4971 et
1534 4933 1697 4972 omne
1751 4918 1894 4973 aliud
1937 4920 2208 4988 studium,
2245 4934 2299 4977 et

692 5006 815 5059 vitae
848 5006 1328 5061 innumerabilium
1362 5019 1676 5064 sanctorum
1717 5010 1802 5061 vix
1835 5022 2166 5065 conservant
2201 5013 2295 5065 ho-

692 5100 869 5154 mines
911 5100 964 5153 in
1004 5102 1246 5155 virtute:
1297 5117 1402 5172 quo
1436 5115 1594 5170 paelo
1643 5118 1796 5172 nuga:
1848 5105 2131 5174 gentilium
2176 5105 2296 5161 illos

695 5194 747 5246 in
800 5195 941 5249 bono
976 5197 1374 5251 continebunt?
1420 5195 1612 5266 Magna
1644 5212 1865 5267 quoque
1902 5213 1989 5254 res
2029 5198 2215 5267 fuerit,
2249 5204 2293 5255 si

694 5301 802 5342 non
833 5298 887 5342 et
920 5289 1192 5357 pessimos
1219 5290 1596 5347 reddiderunt.

767 5471 937 5527 Vens.
971 5474 1166 5530 22-24.
1202 5493 1220 5526 ‹
1261 5475 1390 5531 Post
1429 5477 1547 5532 haac
1598 5477 1748 5531 venit
1777 5477 1934 5532 Jesus
1969 5487 2025 5532 et
2060 5475 2307 5547 discipuli

702 5566 821 5634 ejus
849 5569 898 5620 in
930 5577 1130 5624 terram
1175 5569 1444 5649 Judzeam,
1475 5582 1530 5626 et
1562 5571 1673 5628 illic
1704 5572 2022 5628 morabatur
2052 5585 2173 5625 cum
2206 5571 2306 5635 eis,

704 5675 766 5714 ac
794 5660 1122 5748 baptizabat.
1146 5664 1468 5735 Baptizabat
1494 5672 1678 5719 autem
1703 5663 2016 5720 etJoannes
2049 5667 2099 5719 in
2131 5663 2308 5718 IEnon

2402 4642 2620 4710 ἀγαθοὶ,
2651 4639 2787 4693 ἀλλὰ
2822 4639 2960 4710 πρὸς
2991 4637 3147 4702 δόξαν
3181 4635 3363 4690 πάντα
3389 4637 3608 4689 ἐποίουν
3630 4649 3643 4663 ·
3690 4637 3718 4688 6
3765 4635 3822 4688 δὲ
3855 4637 4013 4706 δίξης

2403 4736 2568 4788 ἕνεκα
2603 4734 2889 4803 πράσσων,
2925 4732 3020 4783 καὶ
3051 4731 3113 4784 οὺ
3151 4729 3218 4783 δι’
3247 4729 3383 4782 αὐτὸ
3417 4730 3477 4781 τὸ
3505 4728 3694 4791 καλὸν,
3731 4729 3867 4783 ὅταν
3900 4749 4017 4784 και-

2409 4827 2500 4898 ρὸν
2545 4826 2704 4896 εὕρῃ,
2739 4827 2807 4894 τῇ
2859 4824 3077 4894 πονηρᾷ
3119 4822 3394 4892 ἐπιθυμίᾳ
3431 4822 3764 4892 χαρήσεται.
3807 4822 3872 4875 Εἰ
3911 4823 4016 4890 γὰρ

2408 4921 2540 4988 παρ’
2573 4921 2729 4988 ἡμῖν.
2765 4916 2862 4968 καὶ
2891 4915 3117 4985 γεέννης
3151 4915 3376 4984 ἀπειλὴ,
3412 4915 3505 4967 καὶ
3533 4913 3668 4983 ἄλλη
3705 4915 3862 4967 πᾶσα
3898 4918 4017 4968 ἐπι,

2390 5012 2623 5082 νμέλεια.
2659 5009 2753 5063 καὶ
2797 5009 2899 5079 βίοι
2955 5007 3349 5078 ἀναριθμήτων
3399 5006 3608 5074 ἁγίων,
3668 5006 3830 5074 μόλις
3882 5024 4013 5059 κατ-

2407 5106 2595 5175 έχουσι
2627 5105 2752 5166 τοῦς
2778 5101 3103 5170 ἀνθρώπους
3143 5103 3200 5153 ἐν
3232 5102 3436 5171 ἀρετῇ·
3475 5099 3640 5170 σχολῇ
3680 5117 3746 5164 γε
3793 5101 3850 5153 al
3888 5103 4014 5172 παρ’

2410 5198 2639 5266 Ἕλλησι
2683 5196 2970 5267 φλυαρίαι,
3009 5194 3106 5248 καὶ
3155 5195 3396 5264 μιαρίαι,
3444 5196 3573 5256 τοὺς
3606 5194 3745 5263 παρ’
3784 5197 4016 5258 ἐκείνοις

2403 5295 2460 5344 ὲν
2505 5291 2582 5360 τῷ
2631 5290 2783 5361 καλῷ
2831 5289 3144 5355 καθέξουσι.
3181 5289 3342 5356 Μέγα
3379 5288 3476 5359 μὲν
3521 5281 3638 5352 οὖν,
3698 5288 3749 5341 εἰ
3801 5291 3898 5341 καὶ
3947 5291 4016 5358 μὴ

2409 5386 2730 5455 παγκάκους
2764 5385 3118 5455 ἐργάσαιντο.

2489 5499 2506 5530 ι
2544 5480 2702 5532 Μετὰ
2749 5477 2926 5532 ταῦτα
2975 5472 3141 5549 ἦλθεν
3188 5479 3216 5530 6
3259 5475 3468 5546 Ἰησοῦς
3516 5475 3615 5529 καὶ
3667 5477 3718 5529 oi
3776 5476 4017 5546 μαθηταὶ

2411 5573 2578 5628 αὑτοῦ
2610 5577 2689 5638 εἰς
2725 5573 2823 5644 τὴν
2868 5572 3132 5625 Ἰουδαίαν
3163 5570 3292 5640 γῆν,
3336 5570 3431 5623 καὶ
3467 5572 3585 5622 ἐκεῖ
3623 5570 3872 5641 διέτριϐε
3909 5569 4018 5640 μετ’

2417 5667 2616 5731 αὐτῶν,
2647 5669 2741 5721 καὶ
2767 5664 3082 5731 ὲῦἀπτιζεν.
3106 5661 3218 5720 Ἦν
3244 5664 3300 5718 δὲ
3325 5666 3419 5719 καὶ
3448 5665 3709 5733 Ἰωάννης
3742 5666 4016 5736 βαπτίζων

775 5782 853 5848 (τι)
912 5777 966 5834 1η
1001 5783 1137 5839 edit.
1172 5780 1295 5840 Lut.
1366 5784 1521 5842 deest
1591 5780 1890 5854 Scriptura:
1959 5790 2162 5848 textus,
2237 5779 2284 5834 αἶ

2428 5780 2481 5835 δὲ
2554 5784 2699 5836 ἐστὶν
2740 5783 2767 5852 ἡ
2824 5781 3043 5852 κρίσις,
3097 5779 3177 5831 ὅτι
3225 5777 3284 5830 τὸ
3334 5778 3449 5847 φῶς
3496 5777 3762 5849 ἐλήλυθεν
3816 5781 3895 5841 εἰς
3937 5781 4015 5831 τὶν

701 5853 924 5923 κόσμον.
