4218 6424
240 409 377 472 1217

235 525 294 575 ὲν
343 517 520 574 Αἰνὼν
568 515 734 584 ἐγγὺς
765 513 860 566 τοῦ
910 514 1149 584 Σαλεὶμ,
1215 515 1298 569 ὅτι
1346 513 1524 568 ὕδατα
1562 514 1738 570 πολλὰ
1770 509 1836 587 ἦν

1942 515 2091 584 juxta
2137 514 2309 572 Salim
2350 533 2364 570 :

234 616 373 672 ἐκεῖ.
408 613 504 665 καὶ
547 607 916 679 παρεγένοντο
960 609 1055 660 καὶ
1087 605 1471 670 ἐϐαπτίζοντο.
1514 605 1686 660 Οὔπω
1729 607 1838 677 γὰρ

231 701 300 775 ἦν
333 702 669 774 βεδλημένος
696 700 774 763 εἰς
806 699 905 770 τὴν
932 698 1183 770 φυλακὴν
1216 701 1244 753 6
1285 699 1563 768 Ἰωάννης.
1605 717 1622 750 ι
1656 699 1836 770 Μέχρι

238 799 336 865 μὲν
370 797 401 865 ἡ
432 792 593 863 ἑορτὴ
625 790 718 844 τοῦ
749 792 942 861 Πάσχα
981 792 1294 853 συνίστατο,
1337 791 1394 842 έν
1432 791 1837 861 Ἱεροσολύμοις

233 885 301 958 ἦν
336 890 364 940 6
409 885 651 954 Ἰησοῦς*
700 883 820 937 ἐπεὶ
855 886 912 938 δὲ
952 884 1239 954 παρῆλθεν
1273 885 1436 955 αὕτη,
1471 885 1698 954 ἐξῆλθεν
1745 885 1838 938 ἐπὶ

231 983 332 1050 τὴν
378 978 639 1031 Ἰουδαίαν
680 977 814 1045 γῆν,
853 975 950 1028 κιὶ
995 976 1228 1044 πλητίον
1281 976 1377 1029 τοῦ
1442 977 1714 1047 Ἰορδάνου
1755 977 1836 1029 διι

237 1071 474 1141 έτριόεν,
508 1068 638 1122 ἔνθα
670 1068 851 1141 πολλοὶ
887 1067 1234 1137 συνέτρεχον.
1268 1069 1381 1121 Οὐκ
1411 1069 1596 1136 ἐζήτει
1627 1069 1683 1122 δὲ
1711 1071 1837 1133 τοὺς

302 1137 311 1141 -
734 1137 748 1154 ι

236 1163 674 1234 πολυοχλοῦντας
711 1163 911 1225 τόπους
941 1161 1027 1213 διὰ
1068 1160 1384 1230 φιλοτιμίαν
1417 1160 1603 1230 κενὴν,
1648 1160 1678 1229 ἦ
1715 1162 1838 1213 ἐπί-

233 1257 419 1323 δειξιν,
451 1258 588 1310 ἀλλὰ
617 1255 830 1308 πλείοσι
861 1255 960 1321 τὴν
984 1253 1256 1320 ὠφέλειαν
1289 1256 1384 1304 καὶ
1406 1253 1464 1304 τὸ
1489 1253 1693 1319 ἀγαθον
1724 1270 1838 1305 κοι-

230 1350 457 1403 νοῦσθαι
505 1348 711 1401 θέλωψ
760 1345 882 1398 ἐπεὶ
926 1345 1020 1396 καὶ
1053 1345 1131 1406 είς
1171 1343 1267 1405 τὰς
1317 1343 1510 1416 ἑορτὰς
1559 1342 1837 1408 ἀνέϐαινε,

232 1445 303 1495 δι’
341 1441 476 1494 αὐτὸ
521 1439 702 1504 τοῦτο,
751 1438 826 1499 ὡς
873 1437 1132 1499 πλείονας
1185 1435 1493 1505 ὠφελήσων
1534 1436 1630 1489 καὶ
1671 1437 1837 1502 λόγῳ,

232 1535 329 1587 καὶ
363 1533 661 1601 θαυμάτων
687 1529 1042 1595 ἐπιδείξεσιν.
1079 1528 1323 1580 Ἀκουων
1353 1527 1409 1579 δὲ
1440 1528 1522 1579 ὅτι
1551 1527 1837 1590 ὲδάπτιζε,

235 1626 312 1697 μὴ
345 1624 508 1679 αὑτὸν
539 1625 748 1676 ἰκτῖνον
781 1620 969 1690 νόμιζε
998 1602 1310 1690 βαπτίζειν,
1343 1619 1480 1671 ἀλλά
1510 1622 1637 1681 τοις
1669 1620 1838 1671 αὑτοῦ

233 1717 517 1786 μαθητάς·
564 1715 626 1766 τὸ
660 1714 717 1766 δὲ
753 1714 860 1766 τῶν
899 1713 1164 1782 μαθητῶν
1206 1713 1389 1781 ἔργον,
1440 1715 1520 1771 εἰς
1553 1712 1645 1764 τὸν
1679 1711 1840 1765 Διδά-

231 1810 430 1862 σκαλον
452 1808 718 1877 ἀναφέρει
739 1806 769 1858 6
799 1805 1220 1875 εῦαγγελιστὴς,
1271 1805 1507 1857 Ἐπείτοι
1537 1819 1598 1873 γε
1633 1805 1837 1875 προῖὼν

919 403 1288 465 ENARRAT
1295 403 1372 464 10
1416 403 1500 466 ΙΝ
1536 402 2049 467 EVANGELIUM
2083 402 2674 467 JOANNIS.—CAP.
2717 404 2829 467 Ill.

3419 398 3558 466 1218

2419 515 2547 585 quia
2584 530 2741 585 aqua:
2774 514 2965 569 multa:
3001 524 3164 569 erant
3205 513 3338 582 illic,
3374 527 3429 572 et
3465 531 3560 573 re-

1947 607 2172 662 niebant
2215 615 2271 660 et
2307 606 2754 676 baptizabantur.
2790 603 3043 659 Nondum
3079 605 3226 660 enim
3275 606 3562 678 cpnjectus

1943 697 2128 752 fuerat
2158 697 2400 753 Joannes
2433 698 2485 752 in
2527 711 2835 752 carcerem.
2880 681 2897 746 ι
2941 696 3070 750 Erat
3103 693 3265 750 Jesus
3302 698 3560 751 Hieroso-

1943 773 2105 862 Emis
2143 777 2317 860 usque
2349 793 2415 844 ad
2465 789 2664 845 festum
2705 789 2935 844 Pascha:
2967 807 2981 842 ι
3013 801 3068 844 et
3100 799 3392 858 postquam
3429 791 3560 848 illud

1942 883 2231 952 praeteriit,
2266 883 2437 938 exivit
2469 884 2522 938 in
2563 893 2765 938 terram
2808 881 3104 946 Judzeam,»
3129 891 3185 935 et
3231 899 3400 953 prope
3436 883 3561 938 Jor-

1943 981 2138 1030 danem
2195 978 2544 1041 versabatur,
2610 977 2701 1031 ubi
2754 977 2908 1030 multi
2959 977 3384 1031 conveniebant.
3443 976 3560 1032 Non

1943 1065 2224 1134 quaerebat
2255 1078 2439 1121 autem
2474 1068 2732 1136 populosa
2771 1067 2887 1122 loca
2922 1079 3150 1137 propter
3186 1070 3406 1121 inanem
3448 1069 3562 1137 glo-

1946 1159 2119 1222 riam,
2171 1159 2257 1214 vel
2309 1162 2732 1215 ostentationem
2785 1178 2798 1213 :
2855 1161 2950 1215 sed
3008 1160 3265 1228 cupiebat
3309 1160 3562 1230 pluribus

1943 1267 2097 1304 suam
2147 1252 2449 1306 bonitatem
2485 1253 2923 1316 communicare,
2963 1262 3017 1306 et
3056 1252 3176 1305 usui
3211 1267 3332 1305 esse
3368 1268 3382 1305 :
3421 1267 3561 1320 quo-

1946 1345 2091 1397 niam
2131 1355 2182 1397 et
2215 1358 2334 1397 eam
2372 1345 2443 1397 ob
2476 1358 2702 1398 oausam
2738 1347 2804 1398 ad
2839 1344 3039 1398 festum
3078 1345 3442 1406 ascenderat,
3475 1353 3561 1396 ut-

1943 1442 2068 1500 pote
2100 1431 2349 1499 plurimis
2387 1435 2708 1500 profuturus
2739 1433 2991 1487 doctrina
3019 1442 3072 1486 et
3105 1433 3407 1486 miraculis.
3445 1433 3557 1485 Au-

1944 1524 2100 1576 tliens
2140 1537 2323 1578 autem
2354 1526 2502 1593 quod
2537 1523 2868 1593 baptizarit,
2907 1540 2972 1578 ne
3007 1535 3164 1591 putes
3194 1525 3338 1594 quod
3373 1539 3471 1592 per
3502 1539 3561 1579 se

1945 1617 2261 1686 bapiizarit,
2293 1617 2390 1672 sed
2434 1633 2533 1687 per
2573 1618 2898 1687 discipulos.
2938 1617 3052 1671 lloc
3078 1620 3225 1670 enim
3258 1618 3561 1686 discipulo-

1947 1725 2065 1762 rum
2098 1727 2240 1780 opus
2273 1710 2327 1764 in
2368 1709 2692 1781 Magistrum
2726 1710 2892 1765 refert
2923 1711 3283 1780 evangelista.
3329 1710 3468 1764 Nam
3502 1711 3558 1766 in

1944 1815 2242 1870 progressu
2289 1802 2434 1855 idcm
2488 1800 2576 1855 hic
2611 1802 2951 1870 evangelista
2983 1801 3117 1855 dicit
3155 1803 3302 1870 quod
3343 1820 3360 1854 ι
3397 1800 3560 1856 Jesus

228 1899 393 1961 αὐτὸς
444 1868 600 1961 οὗτος
633 1868 684 1950 '6
738 1868 1165 1966 εὐαγγελιστὴς,
1212 1896 1400 1968 φησὶν,
1440 1898 1520 1949 ὅτι
1557 1915 1574 1948 ι
1627 1897 1835 1968 Ἰησοῦς

1942 1868 2070 1945 non—
2105 1894 2421 1963 baptizarit,
2471 1894 2566 1948 sed
2608 1868 2862 1963 discipuli
2891 1893 3054 1963 -cjus.
3097 1911 3114 1945 ι
3159 1868 3266 1949 Sed
3318 1895 3555 1965 quaeris,

228 1994 332 2045 οὐκ
368 1993 684 2057 ὲὸάπτιιζεν,
740 1991 855 2043 ἀλλ’
893 1992 941 2042 οι
994 1991 1242 2060 μαθηταὶ
1287 1990 1478 2043 αὐτοῦ.
1522 2009 1540 2041 ι
1593 1992 1833 2063 Ἐρωτᾷς

262 2085 322 2136 έο
377 2086 532 2147 Τίνος
580 2085 770 2136 ἕνεκεν
808 2083 972 2146 αὐτὸς
1029 2085 1129 2135 οὐκ
1185 2084 1484 2149 ὲὸάπτιζες
1537 2085 1832 2138 Μάνθανε·

227 2176 530 2245 Προλαῦὼν
563 2171 717 2228 εἶπεν
752 2178 778 2228 6
827 2176 1104 2243 Ἰωάννης,
1149 2176 1230 2228 ὅτι
1271 2195 1288 2226 ι
1327 2177 1502 2240 Αὐτὸς
1541 2178 1686 2248 ὑμᾶς
1736 2177 1834 2247 βα-

231 2267 416 2320 πτίσει
448 2272 506 2320 ἐν
543 2269 823 2337 Πνεῦματι
855 2268 997 2336 άγίῳ
1019 2284 1030 2295 ·
1074 2286 1092 2317 r
1143 2269 1369 2337 Πνεῦμα
1403 2271 1458 2324 δὲ
1491 2271 1646 2338 ἅγιον
1681 2271 1836 2324 οὔπω
1868 2314 1871 2316 .

224 2356 296 2428 ἦν
328 2360 597 2425 δεδωκὼς,
630 2360 767 2412 διότι
794 2360 916 2412 οὐδὲ
950 2358 1143 2429 καιρὸς
1173 2355 1262 2429 ἦν.
1299 2360 1364 2414 ΕΞ
1397 2363 1580 2416 τοίνυν
1612 2364 1836 2418 ἐϐάπτι-

226 2453 343 2518 ζεν,
379 2453 408 2523 ἢ
444 2455 614 2522 χωρὶς
647 2453 964 2521 [Ινεύματος
999 2456 1299 2521 ἐὸάπτιζεν
1333 2458 1419 2520 ἂν,
1445 2457 1537 2508 καὶ
1566 2457 1618 2510 τί
1646 2458 1836 2511 λοιπὸν

223 2546 443 2616 διέφερε
482 2546 574 2599 τοῦ
611 2546 899 2612 Ἰωάννου,
937 2547 968 2618 ἦ
1005 2549 1177 2602 ἐδίδου
1206 2549 1274 2603 ἂν
1332 2550 1557 2620 Πνεῦμα
1589 2552 1689 2603 καὶ
1727 2553 1834 2623 πρ).

226 2638 447 2707 καιροῦ,
485 2639 623 2708 ὅπερ
661 2637 872 2703 ἀνάξιον
904 2641 996 2691 τοῦ
1032 2643 1210 2694 πάντα
1247 2643 1304 2694 ὲν
1335 2641 1516 2713 καιρῴ
1552 2643 1835 2708 ποιοῦντος

225 2729 392 2783 Θεοῦ.
424 2732 520 2794 Τίς
543 2731 599 2783 δὲ
625 2726 692 2802 ἦν
722 2732 751 2782 6
782 2733 972 2801 καιρδς
1005 2733 1101 2801 τῆς
1131 2733 1226 2788 τοῦ
1257 2735 1574 2805 [Ινεύματος
1601 2736 1831 2802 Mosam;

235 2821 298 2875 Ὀ
335 2821 473 2891 μετά
503 2823 602 2892 τὴν
636 2823 932 2893 ἀνάληψιν.
973 2825 1123 2877 Ἔδει
1155 2824 1263 2896 γάρ
1295 2827 1704 2896 ἐμφανισθῆναι
1735 2829 1836 2896 τὴν

223 2915 579 2987 ἀνθρωπίνην
612 2914 777 2984 φύσιν
801 2915 878 2986 τῷ
903 2916 1080 2987 [lupi
1111 2917 1504 2988 ἀναμάρτητον
1532 2920 1587 2972 ἐν
1612 2920 1836 2989 Χριστῷ

239 3007 421 3078 Ἰησοῦ
440 3023 453 3035 ⁸
482 3010 576 3060 καὶ
605 3006 752 3061 οὕτω
782 3009 1173 3076 διαλλαγέντος
1201 3010 1294 3064 τοῦ
1328 3009 1466 3063 Θεοῦ
1493 3011 1630 3081 πρὸς
1664 3014 1832 3082 ἡμᾶς,

221 3101 287 3153 τὸ
323 3100 547 3170 Πνεῦμα
569 3100 643 3163 ὡς
662 3101 891 3153 πλοῦτον
922 3103 1017 3154 καὶ
1049 3102 1368 3171 φιλοτιμίαν
1391 3104 1831 3175 ἐπιπεμφθῆναι.

1942 1983 2121 2049 Quare
2153 2001 2257 2039 non
2289 1987 2402 2053 ipse
2427 1985 2762 2054 baptizavit?
2785 1985 2963 2041 Disce.
2992 1985 3392 2056 Prmoccupans
3424 1988 3563 2043 dixit

1937 2073 2179 2131 Joannes
2214 2094 2226 2129 :
2267 2094 2284 2127 ι
2321 2074 2416 2131 Ille
2449 2091 2546 2131 vos
2567 2076 2864 2146 baptizabit
2895 2078 3100 2146 Spiritu
3134 2090 3348 2132 sancto.
3390 2098 3407 2131 ι
3440 2079 3563 2148 Spi-

1941 2169 2080 2224 ritus
2109 2177 2290 2223 a’utctn
2310 2179 2534 2223 sanctus
2553 2169 2792 2223 nondum
2819 2181 2942 2224 erat
2963 2173 3143 2234 datus,
3166 2186 3230 2224 co
3254 2171 3396 2236 quod
3425 2187 3562 2225 non-

1937 2262 2064 2315 dum
2096 2275 2310 2332 tempus
2333 2274 2470 2317 erat.
2491 2262 2660 2334 Igitur
2674 2266 2717 2320 si
2739 2266 3092 2334 baptizasset,
3110 2263 3192 2318 vel
3217 2267 3422 2334 absque
3437 2264 3562 2333 Spi-

1943 2357 2044 2410 ritu
2065 2356 2227 2428 547
2249 2357 2581 2425 baptizasset
2608 2375 2757 2423 :qua:
2790 2359 3353 2414 intercessissetinter
3377 2360 3558 2429 ipsum

1937 2459 1991 2504 et
2011 2447 2276 2504 Joannem
2305 2450 2652 2506 diﬂerentia?
2677 2451 2761 2505 vel
2789 2453 3034 2508 dedisset.
3076 2449 3368 2520 Spiritum,
3397 2460 3562 2521 atque

1940 2555 2065 2596 ante
2103 2555 2345 2613 tempus,
2380 2550 2473 2599 sed
2510 2546 2559 2599 id
2597 2547 2883 2617 indignum
2928 2545 3061 2612 Deo,
3096 2547 3189 2616 qui
3225 2549 3278 2600 in
3318 2556 3563 2614 tempore

1941 2636 2071 2689 l'acit
2120 2638 2328 2691 omnia.
2363 2639 2516 2704 Quod
2551 2646 2734 2694 autem
2770 2648 2987 2707 tempus
3033 2641 3197 2694 dandi
3257 2638 3564 2708 Spiritum?

1940 2725 2179 2796 Tempus
2210 2738 2330 2797 post
2361 2731 2816 2800 assurnptionem.
2850 2729 3145 2801 Oportebat
3183 2734 3329 2786 enim
3360 2743 3418 2786 ut
3454 2731 3561 2786 hn~

1942 2838 2097 2874 mana
2149 2833 2340 2878 natura
2391 2823 2501 2878 Deo
2541 2823 2690 2880 Patri
2745 2826 3280 2881 denienstraretura
3335 2837 3562 2897 peccato

1941 2913 2202 2968 immunis
2235 2917 2289 2970 in
2324 2917 2550 2972 Christo
2578 2916 2708 2972 Jesu
2755 2938 2767 2972 :
2799 2931 2965 2989 atque
3012 2919 3085 2973 ita
3133 2919 3244 2975 Deo
3277 2921 3434 2977 nobis
3471 2938 3563 2978 re:

1939 3007 2256 3072 conciliato,
2293 3006 2534 3076 Spiritus
2589 3018 2848 3079 tanquam
2897 3011 3155 3079 opulenta
3205 3013 3458 3080 qutedant
3498 3015 3563 3068 li-

1942 3099 2200 3155 beralitas
2230 3102 2560 3156 mitteretur.
2592 3101 2830 3159 Proinde
2871 3105 3122 3176 discipuli
3150 3104 3278 3162 Jesu
3320 3109 3538 3175 baptiza

223 3194 291 3245 Ol
325 3193 506 3247 τοίνυν
539 3193 785 3263 μαθηταὶ
815 3193 908 3246 τοῦ
945 3194 1122 3265 Ἰησοῦ
1152 3194 1467 3260 ὲόάπτιζον,
1503 3196 1589 3248 ἴνα
1612 3196 1830 3262 πλείους

1942 3191 2094 3256 bant,
2123 3203 2181 3247 ut
2210 3194 2394 3262 plures
2424 3195 2490 3250 ad
2525 3195 2831 3252 Salvatoris
2856 3198 3164 3254 doctrinam
3193 3199 3557 3259 adducerent.

223 3288 294 3356 τῇ
349 3285 692 3356 σωτηριώδει
739 3285 1069 3356 διδασκαλίᾳ
1121 3287 1459 3357 προσάξωσι.
1513 3289 1738 3343 Τούτων
1777 3290 1833 3344 δὲ

225 3377 629 3447 βαπτιςόντων,
665 3379 760 3432 καὶ
789 3383 818 3432 6
867 3371 1123 3450 Ἰωάννης
1168 3381 1246 3461 ἔτι
1285 3380 1564 3450 βαπτίζει,
1606 3387 1700 3438 καὶ
1734 3386 1836 3439 οὐκ

223 3470 533 3537 ἐπαύσατο,
583 3470 677 3524 δύο
709 3473 993 3543 κατορθῶν
1028 3475 1085 3526 ὲν
1135 3476 1337 3546 ταυτῷ·
1379 3477 1437 3528 ἓν
1474 3478 1595 3546 μὲν,
1631 3478 1692 3530 τὸ
1722 3480 1834 3542 τοῖς

224 3563 663 3630 προστρέχουσιν
696 3563 845 3632 αὐτῷ
872 3564 1001 3634 περὶ
1025 3565 1265 3636 Χριστοῦ
1297 3566 1498 3635 λέγειν,
1533 3569 1628 3621 καὶ
1663 3585 1836 3640 προσ-

224 3653 384 3721 άγειν
412 3655 612 3718 αὐτοὺς
642 3655 791 3727 αὐτῷ
814 3671 829 3686 ο
863 3657 1054 3728 ἕτερον
1084 3658 1162 3724 δὲ,
1195 3659 1257 3712 τὸ
1294 3663 1419 3724 τοὺς
1468 3662 1720 3732 μαθητάς
1758 3659 1836 3732 μὴ

222 3751 307 3810 εἰς
344 3747 531 3816 ζῆλον,
572 3749 667 3802 καὶ
699 3749 924 3805 πλείονα
956 3751 1295 3820 φιλονεικίαν
1328 3756 1595 3824 ἐρεθίσαι.
1634 3756 1695 3809 Εἰ
1727 3755 1834 3826 γάρ

222 3839 511 3893 ἐπαύσατο
537 3840 628 3893 τοῦ
661 3841 969 3911 βαπτίζειν,
1010 3844 1064 3897 τί
1093 3845 1195 3898 οὐκ
1231 3845 1296 3898 ἂν
1346 3847 1614 3919 ἐποίησαν
1642 3851 1689 3901 οἱ
1728 3867 1836 3918 μα-

225 3931 396 4002 θηάύ⁵
425 3930 617 3996 αὑτοῦ,
646 3932 990 4004 φθονώτερον
1022 3935 1363 4006 διακείμενοι
1395 3939 1532 4009 πρὸς
1564 3939 1834 4010 Χριστόν;

221 4023 287 4077 Εἰ
320 4023 430 4093 γάρ
482 4025 743 4095 μυριάκις
791 4023 952 4094 βοῶν,
1002 4029 1097 4079 καὶ¹
1149 4028 1259 4082 τῶν
1312 4030 1605 4098 πρωτείων
1640 4031 1728 4084 ἀεὶ
1759 4031 1837 4101 τῷ

228 4117 456 4186 Χριστῷ
482 4118 857 4188 παραχωρῶν,
890 4119 991 4171 οὐκ
1015 4120 1235 4174 ἔπεισεν
1263 4121 1460 4183 αὐτοὺς
1491 4123 1644 4192 αὐτῷ
1668 4141 1838 4193 προσ-

223 4207 494 4281 δραμεῖν·
526 4211 604 4274 εῑς
640 4211 805 4264 πόσον
833 4211 899 4263 ἂν
945 4209 1141 4280 φθόνον
1172 4213 1272 4266 οὐκ
1301 4214 1558 4283 ἐκίνησεν
1612 4215 1834 4279 αὐτοὺς,

220 4305 343 4370 ιτγε
373 4302 468 4354 τοῦ
498 4302 786 4372 βαπτίζειν
815 4305 1128 4373 suadente;
1155 4308 1249 4359 Διὸ
1275 4308 1370 4360 καὶ
1396 4311 1423 4361 ὀ
1453 4308 1692 4378 Χριστὸς
1714 4309 1838 4362 τότε

227 4392 468 4464 μάλιστα
485 4393 692 4464 ἦρξατο
709 4389 1025 4466 κηρύττειν,
1048 4396 1139 4449 ὅτε
1171 4397 1425 4466 Ἰωάννης
1449 4397 1836 4469 κατεκλείσθη,

225 4485 319 4538 διὰ
346 4484 439 4538 τὸν
476 4484 673 4555 φθόνον
705 4488 813 4540 τῶν
843 4488 938 4540 τοῦ
984 4489 1297 4542 Βαπτιστοῦ
1350 4490 1633 4558 μαθητῶν.
1668 4485 1837 4562 Οἶμαι

1943 3287 2097 3343 Unde
2133 3299 2190 3344 et
2228 3291 2312 3345 his
2346 3292 2778 3361 baptizantibus,
2819 3296 2985 3349 etiam
3027 3294 3270 3352 Joannes
3315 3297 3563 3367 baptiza-

1941 3385 2052 3448 bat,
2087 3393 2143 3438 et
2175 3399 2282 3438 non
2317 3387 2593 3451 erssahat,
2629 3389 2736 3441 duo
2767 3387 2905 3441 bona
2939 3388 3185 3444 faciens:
3228 3406 3393 3444 unum
3443 3393 3565 3462 qui-

1940 3476 2095 3539 dem,
2133 3479 2258 3547 quia
2306 3479 2372 3532 ad
2425 3495 2484 3533 se
2515 3481 2797 3535 venientes
2833 3483 2897 3536 de
2947 3481 3170 3538 Christo
3220 3483 3452 3553 loquens
3493 3485 3563 3540 ad

1939 3570 2090 3625 illum
2127 3569 2471 3644 adducebat;
2530 3574 2766 3628 alterum
2818 3590 2983 3641 vero,
3040 3579 3166 3645 quia
3212 3579 3439 3633 curabat
3492 3594 3563 3635 ne

1940 3663 2194 3734 discipuli
2244 3664 2327 3720 sui
2365 3666 2418 3719 in
2469 3667 2734 3736 majorem
2773 3668 2951 3721 zclum
2996 3681 3052 3723 et
3091 3672 3560 3741 contemptionem

1940 3771 2399 3827 provocarentur.
2448 3759 2506 3814 Si
2557 3762 2704 3814 enim
2752 3773 3026 3817 cessasset
3079 3764 3394 3833 baptizare,
3431 3767 3563 3836 quid

1941 3864 2048 3902 non
2083 3847 2346 3904 iecissent
2375 3851 2630 3920 discipuli
2667 3851 2814 3921 ejus,
2849 3852 3056 3923 alioqui
3096 3855 3308 3924 majore
3355 3857 3560 3912 invidia

1941 3940 2221 3996 Christum
2265 3945 2708 4013 persequentes?
2742 3945 2875 3998 Nam
2909 3961 3033 3999 cum
3073 3963 3218 4018 saepe
3269 3951 3561 4013 clamarit,

1939 4043 1995 4088 et
2025 4035 2230 4104 primas
2266 4052 2487 4106 semper
2536 4038 2760 4093 Christo
2810 4040 3094 4102 tribuerit,
3135 4057 3240 4095 non
3289 4046 3564 4110 persuasit

1940 4131 2022 4185 eis
2052 4143 2112 4185 ut
2154 4133 2488 4187 accederent
2518 4135 2582 4186 ad
2634 4135 2784 4188 illum
2824 4151 2838 4189 :
2871 4137 2924 4189 in
2961 4149 3222 4205 quantam
3252 4155 3384 4206 ergo
3423 4141 3562 4195 invi-

1941 4221 2087 4274 diam
2121 4221 2448 4290 impulisset,
2495 4223 2538 4277 si
2576 4235 2858 4278 cessasset
2904 4225 3224 4295 baptizare?
3262 4227 3473 4284 Idcirco
3508 4239 3563 4284 et

1941 4312 2385 4381 Clu-istostunc
2432 4317 2673 4370 maxime
2722 4317 2895 4388 cmpit
2953 4321 3292 4388 praedicare,
3341 4326 3564 4390 quando

1940 4404 2182 4461 Joannes
2214 4407 2460 4462 inclusus
2488 4418 2595 4476 est,
2621 4420 2844 4478 propter
2866 4399 3131 4466 invidiam
3166 4414 3561 4485 discipulorum

1947 4495 2226 4567 Baptistae.
2252 4497 2464 4570 Opinor
2495 4509 2677 4554 autem
2708 4502 3034 4570 permissmn
3066 4501 3295 4561 Joannis
3329 4519 3561 4562 mortem

225 4577 288 4630 δὲ
325 4577 420 4630 καὶ
450 4580 548 4649 τὴν
580 4579 846 4649 τελευτὴν
896 4581 1148 4634 Ἰωάννου
1202 4581 1290 4634 διὰ
1343 4581 1503 4634 τοῦτο
1544 4599 1835 4654 συγχωρη-

1949 4592 2239 4656 maturari,
2290 4603 2347 4648 ut
2397 4592 2578 4646 omnis
2621 4593 2852 4664 populus
2903 4607 3129 4664 paratus
3177 4598 3243 4652 ad
3281 4599 3560 4655 Christum

225 4671 390 4740 θῆναι
421 4674 686 4742 ταχίστην
722 4674 1004 4742 γενέσθαι,
1034 4675 1176 4728 ὥστε
1214 4677 1397 4728 πᾶσαν
1424 4675 1523 4746 τὴν
1552 4676 1645 4728 τοῦ
1686 4678 1831 4746 πλή-

225 4764 357 4828 θους
391 4764 634 4818 διάθεσιν
662 4769 755 4819 ἐπὶ
781 4768 872 4820 τὸν
899 4768 1139 4838 Χριστὸν
1168 4768 1471 4838 μετελθεῖν,
1508 4769 1603 4821 καὶ
1633 4772 1832 4838 μηκέτι

224 4860 352 4920 ταῖς
389 4859 519 4928 περὶ
554 4859 912 4934 ἀμφοτέρων,
967 4862 1222 4914 Ἰωάννου
1264 4861 1359 4915 καὶ
1402 4860 1667 4932 Χριστοῦ,
1713 4863 1832 4932 σχί-

225 4950 422 5016 ζεσθαι
456 4951 730 5023 γνώμαις.
777 4954 1128 5018 Βαπτίζουσι.
1149 4955 1333 5008 τοίνυν
1379 4957 1428 5009 oi
1458 4956 1553 5008 τοῦ
1590 4954 1833 5025 Χριστοῦ

229 5046 479 5118 μαθηταὶ
508 5048 796 5118 βάπτισμα
828 5048 999 5117 μηδὲν
1036 5047 1201 5100 πλέον
1227 5047 1351 5116 ἕχον
1381 5045 1478 5099 τοῦ
1513 5047 1830 5117 βαπτίσμαι

224 5155 322 5204 στος
357 5140 627 5194 Ἰωάννου.
672 5143 877 5210 ’Δμφω
909 5143 1017 5212 γὰρ
1046 5139 1244 5206 ἀτελῆ,
1275 5140 1348 5202 ὡς
1380 5139 1473 5194 τοῦ
1513 5139 1835 5208 [Ινεύματος

216 5232 468 5303 ἄμοιρα·
503 5234 652 5286 αἰτία
690 5236 891 5310 μέντοι.
913 5234 1250 5303 ἀμφοτέροις
1283 5233 1404 5302 μία,
1440 5233 1502 5284 τὸ
1533 5233 1836 5304 προσάγειν

224 5323 456 5397 Χριστῷ
493 5325 620 5389 τοὺς
662 5326 1118 5396 βαπτιζομένους.

310 5437 330 5470 ε
381 5418 632 5488 Ἐγένετο
658 5419 750 5473 οὖν
783 5421 1012 5490 ζήτησις
1049 5422 1113 5474 ἐκ
1142 5421 1251 5473 τῶν
1281 5420 1565 5491 μαθητῶν·
1588 5419 1834 5474 Ἰωάννου

234 5511 380 5583 μετὰ
434 5513 711 5568 Ἰουδαίων
758 5515 888 5584 περὶ
923 5513 1296 5585 καθαρισμοῦ.
1339 5516 1449 5567 Καὶ
1496 5509 1660 5585 ἦλθον
1698 5498 1836 5585 πρὸς

226 5606 324 5659 τὸν
367 5605 642 5678 Ἰωάννην,
677 5608 771 5661 καὶ
806 5602 959 5660 εἷπον
992 5608 1175 5680 αὐτῷ’
1257 5607 1469 5672 Ῥα66“ι,
1503 5607 1561 5669 ὃς
1591 5603 1660 5677 ἦν
1698 5608 1836 5676 μετὰ

230 5697 330 5752 σοῦ
365 5701 538 5753 πέοαν
583 5701 677 5755 τοῦ
722 5701 1014 5772 Ἰορδάνου,
1059 5695 1102 5771 ᾧ
1129 5703 1193 5755 σὺ
1238 5703 1702 5772 μεμαρτύρηκας,
1732 5703 1831 5768 ἴδε,

227 5782 392 5857 οὗτος
441 5791 718 5863 βαπτίζει,
770 5798 863 5849 καὶ
913 5797 1115 5859 πάντες
1164 5796 1418 5866 ἔρχονται
1460 5795 1599 5864 πρὸς
1647 5795 1836 5851 αὐτόν.

243 5883 575 5959 Ἀπεκρίθη,
617 5888 716 5945 καὶ
754 5883 910 5943 εἶπεν
949 5891 978 5944 6
1026 5889 1304 5962 Ἰωάννηςο
1350 5889 1426 5944 Οὐ
1472 5889 1698 5943 δύναται
1740 5887 1837 5945 ἄν·

1947 4687 2228 4749 transiret,
2258 4694 2311 4739 et
2349 4702 2454 4740 non
2504 4685 2885 4741 dividerentur
2918 4690 3207 4744 sententia:
3237 4692 3303 4746 de
3336 4691 3562 4749 Christo

1944 4787 1995 4832 el
2011 4777 2242 4832 Joanne.
2262 4779 2556 4849 Baptizant
2577 4779 2743 4850 igitur
2759 4780 3008 4850 discipuli
3034 4782 3240 4838 Christi
3261 4783 3559 4853 baptismo,

1945 4869 2039 4941 qui
2070 4869 2206 4924 nihil
2238 4870 2477 4924 habebat
2499 4865 2735 4940 amplius
2759 4887 2925 4942 quam
2958 4874 3253 4944 baptismo:
3281 4877 3514 4934 Joannis
3541 4895 3556 4934 :

1947 4963 2111 5018 ambo
2143 4965 2291 5018 enim
2331 4966 2665 5034 imperfecti,
2709 4976 2762 5021 et
2798 4969 3041 5022 nondum
3080 4969 3351 5027 habentes
3385 4969 3558 5042 Spiri-

1950 5064 2102 5121 tum,
2158 5055 2463 5125 eademque
2515 5059 2733 5129 utrique
2778 5074 2979 5129 causa,
3021 5071 3077 5116 ut
3116 5064 3462 5122 adducantur
3491 5068 3561 5122 ad

1952 5148 2236 5203 Christum
2277 5149 2565 5218 baptizati.

2025 5423 2186 5478 Vsus.
2222 5421 2414 5478 25-27.
2456 5441 2473 5473 ι
2510 5420 2643 5478 Orta
2694 5432 2875 5478 autem
2916 5434 2999 5480 est
3037 5427 3269 5495 qua'stio
3300 5443 3366 5482 ex
3399 5427 3564 5482 disci-

1948 5515 2092 5586 pulis
2121 5513 2352 5569 Joannis
2383 5531 2504 5570 cum
2546 5515 2747 5572 Judteis
2798 5518 2864 5573 de
2902 5519 3308 5589 puriﬁcatione.
3357 5520 3422 5576 Et
3470 5537 3566 5579 ve-

1949 5619 2150 5662 nerunt
2181 5611 2248 5661 ad
2276 5606 2544 5662 Joannem
2580 5619 2634 5663 et
2667 5610 2925 5664 dixerunt
2959 5615 3008 5667 ei
3048 5632 3062 5668 :
3094 5612 3292 5676 Rahhi,
3320 5616 3418 5685 qui
3443 5625 3563 5671 erat

1951 5713 2128 5757 tecum
2182 5713 2332 5756 trans
2371 5701 2690 5766 Jordanem,
2740 5705 2826 5757 cui
2865 5715 2921 5759 tn
2965 5707 3340 5762 testimonimn
3376 5710 3563 5780 periti-

1947 5795 2137 5860 buisti,
2187 5810 2317 5848 ecce
2355 5795 2400 5849 is
2433 5797 2697 5864 baptizat,
2726 5804 2780 5849 et
2814 5811 3010 5851 omnes
3044 5801 3268 5853 veniunt
3313 5802 3382 5853 ad
3411 5818 3558 5856 enim.

1947 5887 2252 5960 Respondit
2276 5885 2540 5958 Joannes,
2572 5898 2626 5946 ct
2658 5890 2796 5946 dixit
2824 5907 2839 5946 :
2871 5889 2987 5946 Non
3011 5902 3195 5962 potest
3227 5895 3392 5950 homo
3416 5895 3556 5951 aco"
