4218 6424
732 400 868 468 1219

1581 393 2161 456 THEOPHYLACTI
2213 389 2629 454 BULGARLE
2664 390 3026 453 ARCHIEP.

3870 386 4006 451 1220

720 523 849 580 pere
890 505 1184 575 quidquam
1218 504 1321 559 nisi
1350 502 1514 558 fuerit
1540 502 1588 557 ci
1618 503 1801 555 datum
1829 516 1860 556 e
1888 500 2047 555 casio.
2089 519 2108 551 ›
2142 498 2293 554 Facti

2416 498 2635 569 θρωπος
2668 496 2970 567 λαμϐάνειν
3008 495 3182 558 οὐδὲν,
3234 494 3332 549 ἐὰν
3361 498 3435 566 μὴ
3531 496 3821 567 δεδομένον
3856 499 4009 567 αὐτῷ

715 608 803 653 est
838 598 1065 667 quaestio
1092 598 1156 649 de
1186 594 1508 661 baptismate
1537 591 1800 646 adversus
1835 588 2080 645 Judaeum
2112 604 2304 657 quem-

714 687 839 741 dam
862 683 1313 741 contendentibus
1336 680 1619 750 discipulis
1631 679 1895 736 Joannis.
1921 678 2057 733 Nam
2082 677 2305 735 Judmus

712 776 930 844 quidem
963 772 1286 843 praeferebat
1316 772 1587 841 baptisma
1618 771 2007 838 discipulorum
2046 771 2249 826 Christi
2284 787 2298 822 :

712 864 957 933 discipuli
991 874 1171 919 autem
1203 863 1431 923 Joannis
1453 866 1717 934 baptisma
1744 866 1826 919 sui
1865 865 2131 934 magistri.
2164 865 2299 919 Cum

711 969 839 1024 ergo
870 954 936 1009 de
964 955 1367 1023 purificatione,
1403 954 1504 1008 hoc
1545 963 1649 1017 est,
1681 954 1975 1022 baptismo,
2008 954 2299 1023 quaesitum

710 1052 877 1107 esset,
924 1048 1190 1098 accedunt
1227 1045 1294 1099 ad
1344 1044 1660 1113 magistrum
1707 1060 1904 1109 suum,
1949 1054 2002 1097 et
2041 1044 2304 1112 incipiunt

710 1136 890 1189 obiter
920 1136 1183 1189 vellicare.
1221 1150 1376 1201 eum,
1407 1136 1654 1191 dicentes
1699 1150 1715 1188 :
1767 1155 1784 1187 ι
1835 1135 2028 1199 Rabbi,
2059 1136 2148 1204 qui
2182 1144 2301 1189 erat

709 1233 907 1287 tecum,
945 1243 962 1273 ι
995 1225 1083 1293 qui
1121 1226 1172 1278 iu
1207 1226 1400 1279 ordine
1416 1224 1959 1293 eratdiscipulorum,
1986 1234 2040 1277 ut
2067 1234 2169 1277 ate
2192 1223 2291 1276 dis-

708 1314 894 1377 cessit,
938 1332 956 1364 ι
981 1315 1252 1383 haptizat:
1287 1336 1305 1366 ι
1328 1346 1398 1355 -
1419 1334 1435 1365 ι
1468 1314 1563 1368 Cui
1587 1323 1638 1367 tu
1660 1314 2026 1368 testimonium
2045 1314 2292 1367 dedisti.)

707 1404 821 1460 Hoc
851 1414 955 1470 est,
1005 1422 1160 1474 quem
1208 1408 1516 1477 baptizasti,
1549 1422 1713 1475 quem
1762 1416 1818 1460 tu
1852 1406 2059 1460 clarum
2097 1405 2296 1472 fecisti,

705 1498 893 1551 eadem
937 1513 1081 1553 nunc
1131 1501 1296 1555 audet
1342 1516 1461 1569 quae
1500 1512 1576 1554 tu.
1636 1500 1743 1554 Sed
1794 1510 1848 1554 et
1894 1501 2038 1553 aliud
2078 1517 2092 1553 :
2127 1501 2191 1553 ad
2248 1510 2297 1555 te

703 1587 836 1642 nulli
867 1604 1011 1644 nunc
1036 1590 1284 1655 veniunt,
1323 1590 1390 1643 ad
1438 1590 1587 1644 illum
1633 1604 1761 1644 vero
1814 1604 2039 1643 omnes:
2075 1590 2294 1656 Omnes,

705 1678 903 1747 inquit,
964 1679 1181 1734 veniunt
1233 1680 1299 1733 ad
1346 1694 1493 1744 eum,
1554 1688 1866 1750 contempto
1910 1689 1983 1734 te.
2059 1678 2297 1735 Joannes

703 1781 881 1825 autem
911 1771 1098 1825 volens
1120 1786 1217 1826 eos
1245 1780 1471 1834 terrere,
1499 1781 1555 1825 et
1576 1772 1865 1826 ostendere
1886 1772 2029 1841 quod
2058 1783 2296 1841 pugnent

703 1872 890 1916 contra
921 1862 1112 1929 Deum,
1140 1863 1497 1932 prohibentes
1520 1861 1813 1926 Christum,
1841 1871 1896 1916 et
1915 1861 2295 1915 abstrahentes
2329 1843 2367 1899 Β

703 1967 733 2007 a
761 1954 1153 2022 gloriﬁcatione
1180 1957 1320 2025 ejus,
1354 1957 1518 2011 dicit:
1556 1975 1574 2008 ι
1616 1955 1733 2010 Νοιι
1769 1962 1947 2024 potest
1985 1957 2146 2009 homo
2178 1969 2205 2007 a
2234 1968 2293 2009 se

700 2044 997 2112 quidquam
1030 2046 1302 2114 accipere,
1335 2062 1354 2095 ›
1380 2053 1485 2099 etc.
1512 2044 1644 2098 Nam
1672 2044 1773 2099 nisi
1805 2060 2064 2114 superne,
2092 2044 2287 2113 inquit,

700 2135 886 2190 datum
920 2147 1092 2199 esset,
1131 2138 1448 2206 neutiquam
1480 2140 1746 2193 crevisset
1783 2139 1853 2203 is,
1886 2137 1973 2191 cui
2008 2135 2175 2207 558
2206 2138 2291 2189 in-

699 2229 929 2292 videtis;
970 2239 1024 2284 et
1051 2230 1121 2284 ita
1155 2230 1208 2285 in
1236 2229 1450 2286 duobus
1471 2232 1712 2301 peccatis
1740 2249 1755 2285 :
1794 2247 1918 2285 nam
1951 2242 2002 2284 et
2032 2229 2292 2285 contrarii

594 2356 602 2365 .
700 2319 837 2373 estis
869 2319 1051 2373 divino
1085 2318 1337 2384 consilio,
1382 2331 1435 2375 et
1480 2322 1760 2375 attentatis
1794 2320 2151 2390 impossibile.
2190 2316 2282 2373 ln-

704 2411 860 2464 terim
892 2422 1074 2465 autem
1105 2419 1158 2464 et
1184 2412 1498 2465 consolatur
1528 2425 1622 2466 eos
1655 2411 1884 2481 placide,
1915 2427 1978 2467 eo
2006 2413 2151 2481 quod
2184 2427 2291 2465 non

701 2506 774 2558 sit
804 2505 966 2557 homo
997 2505 1087 2572 qui
1119 2505 1301 2557 vincat
1335 2504 1509 2571 ipsos,
1558 2507 1653 2560 sed
1702 2504 1867 2559 Deus.
1898 2505 2035 2571 Quin
2076 2514 2129 2558 et
2168 2521 2292 2571 nos,

701 2596 918 2665 inquit,
957 2612 1188 2666 superne
1227 2596 1519 2652 habuimus
1572 2599 1712 2666 quod
1751 2598 2067 2662 habuimus,
2113 2614 2219 2653 non
2260 2614 2291 2652 a

702 2688 881 2742 nobis.
914 2687 1065 2755 Quod
1097 2689 1140 2743 si
1183 2689 1524 2758 praeclariora
1556 2700 1683 2743 sunt
1711 2706 1830 2759 quae
1860 2691 1970 2761 agit
2005 2691 2289 2755 Christus,

704 2796 811 2832 non
847 2791 1061 2848 oportet
1092 2780 1375 2834 admirari.
1403 2781 1543 2834 Deus
1571 2782 1714 2835 enim
1747 2783 1879 2835 vult.

778 2869 941 2925 Vsus.
971 2871 1162 2925 28-30.
1195 2889 1212 2921 ι
1254 2870 1356 2940 Ipsi
1386 2886 1479 2926 vos
1510 2880 1675 2926 testes
1704 2876 1834 2926 estis
1866 2860 2007 2942 quod
2040 2874 2291 2939 dixerim,

703 2962 819 3017 Non
851 2978 967 3017 sum
996 2978 1096 3031 ego
1130 2963 1382 3017 Christus
1416 2981 1427 3015 :
1461 2964 1553 3017 sed
1588 2966 1788 3019 missus
1816 2981 1938 3019 sunt
1970 2977 2094 3020 ante
2123 2967 2289 3022 illum.

702 3057 801 3123 Qui
858 3055 1017 3110 habet
1069 3070 1350 3125 sponsam,
1388 3071 1619 3125 sponsus
1668 3066 1749 3111 est
1792 3074 1805 3111 :
1858 3059 2068 3112 amicus
2109 3070 2289 3113 autem

703 3151 910 3221 sponsi,
948 3151 1037 3215 qui
1076 3163 1185 3203 stat
1233 3162 1286 3206 et
1328 3154 1476 3212 audit
1507 3168 1656 3217 eum,
1702 3151 1901 3223 gaudio
1938 3154 2135 3223 gaudet
2170 3167 2291 3222 pro-
2317 3187 2361 3245 α

702 3254 823 3315 pter
855 3258 1044 3299 vocem
1072 3244 1277 3311 sponsi.
1318 3243 1432 3297 Iloc
1469 3252 1648 3298 autem
1688 3245 1945 3315 gaudium
1982 3260 2160 3299 meum
2192 3248 2290 3301 im-

702 3335 904 3401 pletum
926 3344 1028 3389 est.
1061 3334 1213 3389 Illum
1245 3344 1457 3404 oportet
1488 3350 1763 3400 crescere,
1793 3352 1877 3389 me
1894 3351 2025 3391 vero
2045 3336 2232 3391 minui.
2268 3355 2287 3389 ι

698 3423 829 3494 Ipsi,
867 3425 1065 3493 inquit,
1102 3441 1197 3478 vos
1224 3426 1379 3479 scitis
1422 3428 1564 3495 quod
1602 3442 1703 3496 ego
1739 3428 2107 3481 testiinonium
2133 3430 2289 3495 dedi,

698 3518 839 3587 quod
900 3518 1069 3586 major
1110 3534 1195 3573 me
1229 3520 1321 3573 sit.
1384 3519 1553 3584 Igitur
1598 3522 1643 3574 si
1709 3522 1933 3575 omnino
1983 3538 2169 3577 meum
2206 3532 2291 3577 at-

702 3608 924 3663 tenditis
958 3612 1329 3665 teStimonium
1355 3654 1370 3679 ,
1407 3614 1603 3667 diseite
1640 3613 1784 3666 illum
1820 3614 1949 3667 mihi
1994 3615 2289 3682 pracferen-

700 3699 854 3755 dum.
896 3701 964 3755 Et
1004 3701 1105 3755 hoc
1146 3715 1229 3757 εει
1268 3703 1521 3772 gaudium
1567 3720 1783 3770 meum,
1834 3708 1975 3775 quod
2022 3707 2086 3760 ad
2139 3708 2288 3761 illum

695 3807 888 3849 omnes
943 3796 1229 3849 accedant.
1288 3797 1344 3850 Si
1405 3798 1622 3866 quidem
1684 3814 1788 3853 non
1841 3802 2165 3855 accessisset
2221 3802 2286 3855 ad

696 3899 957 3955 sponsum
985 3902 1208 3956 sponsa,
1232 3888 1470 3953 hoc‘est,
1498 3890 1746 3960 populus,
1781 3891 2071 3945 doluissem
2105 3894 2290 3962 utique

695 3994 796 4047 ego
850 3981 1135 4049 pronubus
1172 3998 1184 4034 :
1229 3998 1373 4037 nunc
1416 3994 1596 4036 autem
1652 3998 1774 4037 cum
1818 3984 1918 4039 hoc
1965 3985 2091 4050 Iiat,
2140 3986 2290 4040 \aIJe

695 4072 927 4140 gaudeo.
972 4071 1136 4127 Video
1177 4074 1323 4127 enim
1360 4089 1616 4145 sponsum
1654 4074 1930 4129 Christum
1976 4076 2288 4145 loquentem

695 4178 931 4233 sponsae,
967 4166 1164 4235 populo
1200 4167 1429 4231 scilicet,
1479 4179 1535 4221 et
1585 4170 1868 4222 docentem
1920 4168 2116 4237 ipsum.
2170 4168 2287 4222 Non

694 4256 1017 4326 simpliciter
1052 4267 1232 4310 autem
1264 4260 1425 4323 dixit,
1463 4277 1481 4309 ι
1518 4257 1619 4324 Qui
1656 4270 1781 4313 stat.
1821 4278 1837 4310 ι
1866 4259 2115 4315 Ostendit
2143 4265 2287 4316 enim

695 4344 861 4400 linem
890 4360 1011 4400 esse
1042 4361 1268 4415 operum
1302 4363 1562 4414 suorum,
1604 4360 1657 4402 et
1687 4361 1834 4403 stare
1858 4350 1970 4417 jam
2008 4367 2112 4406 non
2151 4358 2287 4408 ultra

694 4450 1035 4507 operantem,
1067 4441 1281 4509 etquod
1310 4455 1369 4495 se
1400 4456 1543 4495 nunc
1574 4453 1785 4511 oportet
1819 4453 1987 4507 stare,
2025 4456 2077 4500 et
2116 4448 2288 4501 solum

2409 592 2471 643 ἐκ
2495 588 2589 641 τοῦ
2621 588 2879 660 οὐρανοῦ.
2918 607 2937 640 s
2987 587 3238 656 Ἐγένετο
3263 588 3491 658 ζήτησις
3523 587 3653 658 περὶ
3679 588 3779 641 τοῦ
3812 588 4011 658 βαπτί-

2409 697 2620 750 σματος
2677 680 2816 749 πρὸς
2884 679 3144 733 Ἰουδαῐόν
3193 697 3317 733 τινα
3372 680 3836 747 φιλονεικούντων
3897 681 4009 733 τῶν

2419 769 2667 823 Ἰωάννου
2703 769 2983 840 μαθητῶν.
3029 768 3088 821 '0
3118 768 3217 838 μὲν
3252 767 3361 838 γὰρ
3400 769 3677 833 Ἰουδαῖος,
3712 769 3777 821 τὸ
3808 769 4006 838 βάπτι-

2408 878 2520 929 σμα
2547 860 2656 914 τῶν
2680 860 2919 930 Χριστοῦ
2948 860 3207 931 μαθητῶν
3239 861 3553 930 προετίθει·
3589 863 3637 913 οἱ
3666 861 3723 913 δὲ
3754 860 4010 930 μαθηταὶ

2417 953 2691 1016 Ἰωάννου,
2746 954 2807 1005 τὸ
2848 952 2946 1005 τοῦ
2997 952 3342 1008 διδασκάλου.
3380 954 3734 1023 Ζητήσαντες
3768 953 3824 1005 δὲ
3878 954 4010 1024 περὶ

2402 1044 2496 1095 τοῦ
2530 1043 2896 1115 καθαρισμοῦ,
2925 1046 3045 1114 ἢτοι
3076 1042 3171 1097 τοῦ
3201 1044 3600 1115 βαπτίσματος,
3636 1046 3907 1113 προσίασι
3932 1044 4010 1113 τῷ

2403 1134 2585 1187 αὐτῶν
2614 1135 2939 1203 διδασκάλῳ,
2979 1137 3072 1189 καὶ
3104 1137 3363 1205 ἄρχονται
3404 1138 3773 1205 παρακνίζειν
3813 1138 4007 1197 αὐτὸν,

2403 1223 2682 1290 λέγοντες·
2714 1241 2734 1274 ι
2791 1224 3004 1288 Ῥαϐϐὶ,
3049 1225 3112 1289 ὃς
3141 1221 3209 1294 ἦν
3243 1225 3383 1294 μετὰ
3412 1225 3530 1288 σοῦ,
3568 1246 3584 1275 ι
3615 1225 3673 1285 ὃς
3698 1227 3861 1291 τάξιν
3893 1225 4009 1293 εἶχε

2405 1316 2673 1386 μαθητοῦ,
2698 1318 3005 1387 ἀποσχίσας
3035 1337 3052 1368 ι
3078 1317 3347 1386 βαπτίζει.
3379 1336 3501 1370 ›-‹
3534 1312 3605 1388 ⁷ῼ
3626 1318 3689 1370 σὺ
3714 1321 4010 1389 μεμαρτύ-

2405 1425 2599 1477 ρηκας,
2635 1428 2652 1459 ι
2681 1410 2804 1462 ἀντὶ
2831 1410 2946 1475 τοῦ,
2983 1412 3080 1463 Ὃν
3113 1412 3177 1463 σὺ
3205 1409 3532 1474 ὲϐάπτισας,
3561 1410 3620 1463 ὃν
3651 1411 3716 1462 σὺ
3745 1410 4011 1479 λαμπρὸν

2400 1500 2688 1570 ἐποίησας,
2720 1500 2955 1554 τοιαῦτά
2989 1503 3073 1567 (a)
3097 1519 3177 1554 σοι
3199 1502 3395 1571 τολμᾷ·
3424 1502 3561 1556 ἀλλὰ
3581 1504 3675 1555 καὶ
3705 1504 3923 1573 ἕτερον.
3952 1504 4012 1556 τὸ

2402 1592 2483 1643 σοὶ
2518 1592 2618 1660 μὲν
2648 1591 2722 1660 μὴ
2755 1591 3047 1661 προσέχειν
3064 1592 3241 1655 τινὰς,
3268 1591 3417 1654 αὑτῷ
3440 1594 3496 1644 δὲ
3526 1594 3761 1655 πάντας.
3796 1594 4010 1656 Πάντες

2402 1684 2525 1752 γὰρ,
2564 1684 2753 1753 φησιν,
2786 1684 3037 1753 ἔρχονται
3076 1684 3213 1755 πρὸς
3253 1684 3439 1749 αὐτὸν,
3475 1686 4009 1756 καταφρονήσαντές

2401 1794 2515 1829 σου.
2551 1776 2810 1846 Ἰωάννης
2834 1776 2890 1828 δὲ
2917 1776 3086 1829 θέλων
3109 1776 3305 1841 αὐτοὺς
3329 1778 3661 1847 ἐκφοϐῆσαι,
3685 1779 3785 1831 καὶ
3803 1778 4006 1843 δεῖξαι,

2396 1869 2477 1919 ὅτι
2505 1868 2582 1937 τῷ
2625 1867 2743 1938 Θεῷ
2772 1868 3106 1937 πολεμοῦσι,
3140 1867 3443 1932 κωλύοντες
3473 1868 3565 1921 τὸν
3600 1868 3870 1939 Χριστὸν,
3913 1872 4010 1923 καὶ

2396 1958 2488 2011 τοῦ
2511 1956 2833 2021 δοξάζεσθαι
2859 1958 3021 2010 αὑτὸν
3036 1959 3417 2027 ἀπείργοντες,
3442 1958 3626 2028 φησίν·
3651 1961 3760 2011 (οὑ
3776 1958 4008 2013 δύναται

2394 2052 2685 2120 ἄνθρωπος
2731 2050 2921 2105 λαϐεῖν
2962 2052 3057 2121 ἀφ’
3088 2051 3286 2105 ἑαυτοῦ
3316 2052 3495 2118 οὐδὲν,
3540 2071 3559 2103 ι
3609 2054 3704 2105 καὶ
3752 2054 3821 2106 τά
3851 2054 4005 2125 ἑξῆς.

2398 2140 2459 2192 Ei
2497 2140 2607 2211 γὰρ
2661 2139 2736 2209 μὴ
2784 2139 3013 2202 ἄνωθεν,
3065 2141 3237 2208 φησὶ,
3281 2139 3569 2210 δεδομένον
3626 2135 3717 2209 ἦν,
3775 2143 3880 2194 οὐκ
3939 2144 4008 2196 ἂν

2396 2233 2631 2304 ηῦξανεν
2656 2234 2684 2287 ὀ
2717 2236 2845 2305 παρ’
2878 2234 3032 2303 ὑμῶν
3065 2233 3451 2304 φθονούμενος.
3488 2234 3653 2287 Ὥστε
3686 2235 3784 2288 δύο
3817 2238 4010 2306 ἁμαρ·

2394 2327 2583 2380 τάνετε
2607 2328 2664 2380 ὲν
2687 2326 2898 2395 ταυτῷ·
2934 2326 2992 2379 ἓν
3013 2326 3132 2397 μὲν,
3160 2329 3220 2379 τὸ
3244 2328 3620 2381 ἐναντιοῦσθαι
3645 2333 3711 2401 τῇ
3740 2332 3836 2385 τοῦ
3865 2332 4007 2388 Θεοῦ

2397 2419 2556 2490 βουλῇ
2579 2437 2591 2451 ·
2626 2419 2811 2489 ἕτερον
2827 2422 2903 2485 δὲ,
2933 2420 2993 2473 τὸ
3015 2421 3277 2475 ἀδύνατον
3299 2423 3621 2493 ἐπιχειρεῖν.
3650 2425 3804 2493 "Atta
3829 2427 3888 2479 δὲ
3912 2428 4007 2481 καὶ

2398 2510 2586 2580 ἡρέμα
2608 2509 3020 2579 παραμυθεῖται
3050 2511 3271 2573 αὐτοὺς.
3296 2512 3377 2564 ὅτι
3396 2514 3509 2566 Οὐκ
3540 2512 3828 2583 ἄνθρωπός
3856 2518 4007 2568 ἐστιν

2393 2602 2421 2651 6
2448 2599 2612 2653 νικῶν
2634 2601 2800 2670 ὑμᾶς,
2820 2600 2957 2653 ἀλλὰ
2974 2601 3129 2664 Θεὸς.
3163 2601 3323 2656 Ἀλλά
3344 2604 3439 2656 καὶ
3461 2606 3840 2675 ἡμεί;,φησὶν,
3863 2607 4008 2661 ἄνω·

2395 2694 2486 2747 θεν
2504 2693 2765 2763 είχομενδ
2800 2692 3040 2765 εἴχομεν,
3064 2695 3164 2748 οῦκ
3194 2696 3425 2749 οἴκοθεν.
3453 2698 3513 2750 Εἰ
3544 2698 3601 2750 δὲ
3639 2697 4004 2771 λαμπρότερα

2395 2786 2460 2838 τά
2482 2785 2575 2838 τοῦ
2593 2787 2849 2856 Χριστοῦ,
2871 2788 2932 2840 οὐ
2956 2789 3060 2860 χρὴ
3078 2787 3380 2859 θαυμάζειν
3399 2810 3410 2820 ·
3434 2791 3564 2855 est;
3586 2794 3696 2863 γὰρ
3718 2792 3998 2861 βούλεται.

2476 2897 2493 2929 ι
2531 2881 2698 2931 Αὐτοὶ
2745 2881 2905 2949 ὑμεῖς
2939 2886 3275 2953 μαρτυρεῖτε
3319 2884 3475 2953 ἐμοὶ,
3520 2886 3602 2938 ὅτι
3642 2882 3837 2937 εἷπον·
3892 2888 4005 2941 Οὐκ

2396 2971 2516 3040 είμ)⁸
2553 2968 2666 3039 ἐγὼ
2690 2974 2717 3023 6
2750 2972 3006 3040 Χριστὸς,
3041 2973 3156 3027 ἀλλ’
3187 2975 3270 3027 ὅτι
3303 2976 3720 3047 ἀπεσταλμένος
3748 2979 3871 3049 είμὶ
3906 2980 4006 3049 ἐμ·

2398 3064 2636 3134 προσθεν
2658 3066 2892 3120 ἐκείνου.
2929 3065 2988 3120 '0
3011 3066 3151 3137 ἔχων
3174 3068 3275 3138 τὴν
3296 3069 3539 3141 νύμφην,
3565 3073 3803 3141 νυμφίος
3828 3075 3999 3127 ἐστίν·

2394 3160 2421 3212 6
2446 3157 2502 3211 δὲ
2530 3157 2683 3227 φίλος
2711 3157 2805 3212 τοῦ
2834 3160 3070 3229 νυμφίου
3090 3161 3117 3213 6
3140 3163 3413 3233 έστηκὼς,
3438 3166 3532 3217 καὶ
3556 3164 3774 3219 ἁκούων
3802 3166 4000 3230 αὑτοῦ,

2396 3256 2540 3325 χαρᾷ
2574 3252 2757 3324 χαίρει
2786 3252 2875 3305 διὰ
2904 3254 3003 3323 τὴν
3053 3255 3240 3325 φωνὴν
3289 3257 3383 3309 τοῦ
3420 3258 3681 3327 νυμφίου.
3718 3259 3877 3329 Αὕτη
3909 3260 4002 3315 οὖν

2397 3349 2429 3417 ὴ
2469 3347 2616 3418 χαρὰ
2647 3350 2679 3418 ἡ
2714 3348 2822 3417 ἐμὴ
2855 3348 3241 3419 πεπλήρωται.
3305 3350 3543 3404 Ἐκεῖνον
3587 3352 3669 3404 δεῖ
3704 3354 4000 3420 αὐξάνειν,

2397 3442 2498 3511 ἐμὲ
2524 3441 2578 3494 δὲ
2605 3440 2987 3494 ἐλαττοῦσθαι.
3019 3462 3037 3494 ι
3065 3444 3253 3507 Αὐτοὶ,
3275 3444 3461 3513 φησὶν,
3490 3446 3644 3513 ὑμεῖς
3666 3450 3999 3514 γινώσκετε,

2394 3535 2476 3587 ὅτι
2513 3534 2623 3603 ἐγὼ
2651 3534 3059 3606 μεμαρτύρηκα
3083 3535 3256 3606 αὐτῷ,
3284 3538 3367 3589 ὅτι
3400 3540 3601 3606 μείζων
3646 3539 3787 3610 ἐμοῦ
3822 3544 3997 3596 ἐστιν.

2396 3629 2457 3680 Εί
2486 3625 2770 3703 οὖνιὸλως
2814 3631 2879 3697 τῇ
2928 3630 3035 3699 ἐμῇ
3075 3631 3357 3700 μαρτυρίᾳ
3401 3633 3726 3700 προσέχετε,
3766 3634 3996 3701 μάθετε,

2393 3723 2475 3775 ὅτι
2504 3724 2712 3784 ἐκεῖνος
2740 3721 2876 3791 ἐμοῦ
2919 3722 3313 3793 προτιμητέος,
3342 3724 3436 3775 καὶ
3457 3723 3615 3776 τοῦτό
3644 3726 3796 3777 ἐστιν
3826 3728 3859 3795 η
3894 3727 3998 3796 ἐμὴ

2393 3815 2559 3885 χαρὰ,
2596 3817 2655 3868 τὸ
2692 3815 2886 3886 ἐκείνῳ
2923 3816 3133 3878 πάντας
3168 3817 3592 3885 προσέρχεσθαι.
3638 3818 3701 3871 Εἰ
3747 3819 3852 3888 μὲν
3893 3823 3999 3891 γάρ

2398 3908 2473 3977 μὴ
2498 3911 2843 3977 προσήρχετο
2870 3909 2946 3979 τῷ
2970 3910 3189 3980 νυμφίῳ
3222 3910 3431 3980 νύμφη,
3460 3913 3763 3973 τουτέστιν,
3789 3917 3817 3966 6
3851 3914 3998 3977 ὶαδς,

2394 4002 2513 4054 τότε
2545 4002 2610 4055 ἂν
2656 4003 2870 4072 ηλγησα
2914 4002 3026 4069 ἐγὼ
3068 4006 3096 4055 6
3140 4006 3535 4072 νυμφαγωγός
3572 4005 3670 4059 νῦν
3708 4006 3767 4059 δὲ
3801 4009 3994 4060 τούτου

2394 4092 2715 4162 γενομένου,
2752 4096 2897 4164 χαρᾷ
2945 4094 3145 4166 χαίρω.
3199 4095 3391 4148 Βλέπω
3438 4098 3551 4185 γὰρ
3604 4098 3699 4150 τὸν
3754 4101 3991 4169 νυμφίον

2393 4184 2631 4253 Χριστὸν
2655 4185 2939 4253 φωνοῦντα
2960 4190 3026 4257 τῇ
3052 4185 3263 4257 νύμφῃ,
3286 4187 3362 4256 τῷ
3386 4184 3519 4257 λαῷ,
3548 4190 3642 4241 καὶ
3668 4190 3996 4244 διδάσκοντα

2394 4275 2579 4330 αὐτόν.
2640 4276 2752 4345 Οὐχ
2782 4275 2971 4339 ἁπλῶς
3015 4277 3073 4330 δὲ
3117 4272 3239 4329 εἷπε
3275 4264 3368 4330 καὶ
3410 4279 3504 4340 τὸ,
3545 4298 3563 4329 ι
3625 4279 3933 4347 Ἐστηκώς.
3974 4304 3991 4334 ι

2396 4368 2647 4421 Δείκνυσι
2694 4372 2803 4439 γὰρ
2852 4370 2934 4422 ὅτι
2984 4372 3051 4423 τὰ
3094 4370 3264 4423 αὑτοῦ
3315 4371 3633 4436 πέπαυται,
3676 4375 3772 4427 καὶ
3831 4377 3995 4447 ἔστη.

2396 4460 2581 4513 οὐκέτι
2634 4460 2990 4530 ἐνεργοῦντα,
3040 4463 3135 4515 καὶ
3186 4464 3269 4515 ὅτι
3308 4462 3473 4516 αὑτὸν
3527 4463 3716 4516 λοιπὸν
3768 4468 3996 4522 ἑστάναι

693 4533 883 4587 audire
908 4531 1180 4587 Christum
1216 4536 1522 4600 docentem,
1570 4545 1621 4590 et
1653 4538 2012 4597 disserentem
2052 4555 2284 4609 sponsm.

2398 4553 2525 4622 χρὴ,
2576 4555 2669 4605 καὶ
2707 4554 2868 4622 μόνον
2917 4553 3141 4607 ἀκούειν
3174 4552 3271 4606 τοῦ
3323 4555 3563 4625 Χριστοῦ
3609 4557 3991 4625 διδάσκοντος,

692 4622 869 4679 Meum
901 4626 1069 4690 enim,
1102 4629 1299 4696 inquit,
1325 4642 1462 4697 Opus
1495 4630 1796 4697 perlectum
1843 4642 1959 4695 est,
2007 4647 2059 4686 et
2092 4637 2285 4689 tradidi

2397 4644 2489 4694 καὶ
2533 4642 2920 4714 διαλεγομένου
2954 4646 3091 4717 πρὸς
3122 4645 3222 4716 τὴν
3257 4622 3498 4717 νύμφην.
3542 4648 3615 4700 T6
3664 4652 3776 4721 γὰρ
3838 4622 3990 4723 ἐμὸν,

698 4717 800 4787 ipsi
830 4718 1111 4787 populum.
1139 4721 1365 4790 Oportet
1396 4722 1563 4791 igitur
1597 4736 1769 4777 meam
1804 4726 2021 4794 quidem
2059 4726 2285 4796 gloriam

2397 4736 2581 4803 φησιν,
2618 4736 2781 4809 ἔργον
2812 4739 3065 4808 ἦνυσται,
3094 4739 3189 4793 καὶ
3220 4742 3519 4812 παρέδωκα
3542 4745 3691 4816 αὐτῴ
3720 4717 3814 4800 τ’δν
3845 4717 3990 4802 λαόν.

692 4811 978 4879 imminui,
1013 4813 1159 4869 illius
1196 4826 1376 4869 autem
1413 4815 1621 4883 augeri.
1671 4817 1841 4886 Igitur
1873 4821 2143 4887 quomodo
2185 4822 2287 4875 im-

690 4903 955 4959 minuit-1r
985 4906 1156 4976 gloria
1192 4908 1593 4963 Prmcursoris?
1650 4909 1742 4963 γει
1767 4914 1990 4965 omnino
2027 4916 2165 4968 sicut
2209 4916 2289 4968 lu-

690 4994 826 5051 cifer
856 5012 885 5051 a
925 4996 1039 5052 sole
1096 5000 1429 5065 occultatur,
1482 5006 1537 5053 et
1594 5002 1809 5055 videtur
1852 5005 2068 5072 quidem
2105 5007 2287 5061 multis

690 5091 836 5157 quod
866 5092 1165 5147 extinctum
1199 5094 1271 5149 sit
1304 5095 1508 5159 lumen,
1536 5105 1590 5149 at
1624 5110 1810 5151 revera
1845 5113 1948 5151 non
1979 5108 2063 5152 est
2086 5101 2289 5154 exstin-

691 5190 863 5251 ctum,
912 5186 1008 5239 sed
1063 5205 1091 5240 a
1130 5187 1324 5258 majori
1374 5188 1704 5257 occultatur,
1750 5191 1822 5244 ita
1876 5202 1931 5246 et
1981 5191 2288 5248 Praecursor

690 5272 837 5329 velut
885 5274 1080 5331 lucifer
1111 5293 1139 5331 a
1188 5282 1455 5348 spirituali
1508 5284 1623 5338 sole
1653 5284 1982 5350 occultatus,
2036 5286 2287 5342 imminui

688 5366 919 5427 dicitur.
972 5370 1184 5428 Crescit
1235 5383 1415 5428 autem
1459 5374 1748 5442 Christus,
1800 5381 2095 5433 secundum
2140 5381 2289 5450 quod

688 5463 954 5534 paulatim
988 5464 1305 5519 manifestat
1342 5480 1400 5519 se
1432 5480 1527 5534 per
1557 5468 1710 5537 signa
1743 5480 1797 5522 et
1842 5470 2128 5538 miracula,
2176 5488 2284 5528 non

691 5556 991 5614 secundum
1025 5558 1328 5625 profectum
1355 5564 1409 5614 in
1448 5560 1737 5616 virtutibus
1766 5580 1779 5614 :
1818 5564 1989 5617 absit:
2014 5564 2113 5619 hoc
2139 5565 2286 5619 enim

690 5647 926 5705 Nestorii
959 5649 1375 5705 deliramentum
1405 5662 1553 5707 esset
1592 5673 1605 5707 :
1636 5654 1730 5706 sed
1764 5657 2067 5710 secundum
2103 5670 2287 5712 osten-

689 5742 897 5799 sionem
928 5752 982 5797 ct
1024 5745 1523 5803 manifestationem
1556 5748 1798 5805 deitatis.
1831 5749 2099 5808 Paulatim
2136 5752 2282 5809 enim

760 5859 837 5929 (α)
865 5857 1141 5932 Iuterpres
1184 5865 1313 5937 legit
1338 5868 1403 5922 τὰ
1426 5865 1586 5921 αὐτά.
1620 5865 1969 5927 131)”.an

2391 4829 2511 4899 Χρὴ
2565 4830 2747 4883 τοίνυν
2795 4832 2895 4902 τὴν
2947 4831 3087 4901 ἐμὴν
3129 4832 3285 4899 δόξαν
3340 4835 3737 4901 ἐλαττοῦσθαι,
3792 4841 3896 4909 τὴν
3939 4842 3992 4895 δὲ

2388 4922 2601 4973 ἐκείνου
2659 4923 2937 4989 αὐξάνειν.
2989 4924 3111 4988 Πῶς
3163 4926 3219 4978 δὲ
3273 4925 3381 4997 ἄρα
3429 4928 3755 4983 ἐλαττοῦται
3790 4936 3825 5004 ἡ
3868 4934 3994 4997 δῧξα

2390 5013 2483 5065 τοῦ
2518 5014 2867 5085 Προδρόμου;
2902 5012 2975 5070 Ἦ
3016 5018 3258 5085 πάντως,
3294 5020 3484 5092 ὥσπερ
3517 5024 3543 5074 6
3574 5024 3857 5097 ἑωσφόρος
3891 5030 3991 5081 ὑπὸ

2390 5107 2483 5161 τοῦ
2515 5108 2668 5179 ἡλίου
2700 5110 2915 5181 ἁποκρύ
2929 5129 3141 5178 πτεται,
3175 5116 3267 5165 καὶ
3285 5114 3434 5167 δοκεῖ
3463 5117 3563 5185 μὲν
3598 5120 3713 5183 τοῖς
3747 5122 3985 5187 πολλοῖς,

2391 5202 2470 5254 ὅτι
2503 5202 2756 5257 ἔσϐεσται
2786 5206 2847 5257 τὸ
2894 5204 3043 5273 φῶς,
3098 5210 3165 5277 τῇ
3196 5208 3250 5260 δὲ
3284 5209 3516 5282 ἀληθείᾳ
3558 5212 3660 5265 οὐκ
3708 5213 3987 5281 ἔσϐεσται,

2391 5294 2505 5349 ἀλλ’
2556 5296 2662 5349 ὑπὸ
2714 5296 2810 5351 τοῦ
2864 5298 3115 5369 μείζονος
3152 5300 3502 5371 κρύπτεται,
3536 5304 3682 5357 οῦτω
3719 5309 3816 5359 καὶ
3856 5309 3990 5378 Πρό-

2389 5385 2588 5457 δρσμος
2616 5390 2644 5440 6
2682 5390 2962 5461 ἑωσφόρος
2993 5392 3098 5444 ὑπὸ
3127 5392 3223 5445 τοῦ
3256 5395 3449 5464 νοητοῦ
3482 5396 3637 5466 ἡλίου
3670 5403 3990 5470 κρυπτόμε-

2390 5498 2497 5548 νος,
2540 5482 2900 5537 ὲλαττοῦσθαι
2931 5484 3184 5554 λέγεταιο
3220 5488 3377 5552 αῦξει
3405 5490 3460 5543 δὲ
3487 5492 3515 5541 6
3546 5491 3809 5561 Χριστὸς,
3860 5494 3988 5549 καθὸ

2391 5575 2530 5630 κατὰ
2558 5576 2734 5648 βραχὺ
2773 5579 3025 5647 ἐκφαίνει
3062 5580 3256 5634 ἑαυτὸν
3290 5584 3379 5636 διὰ
3426 5583 3534 5635 τῶν
3567 5584 3901 5653 θαυμάτων·
3934 5589 3983 5640 οὐ

2388 5670 2530 5723 κατὰ
2572 5671 2860 5742 προκοπὴν
2891 5670 2989 5742 τὴν
3020 5674 3079 5725 ὲν
3130 5676 3303 5746 ἀρετῇ
3344 5674 3528 5739 αὔξων
3582 5678 3702 5748 (μὴ
3740 5680 3981 5747 γένοιτόί

2387 5761 2546 5818 τοῦτο
2584 5763 2695 5837 γὰρ
2734 5765 3037 5838 Νεστορίου
3082 5768 3145 5822 τὸ
3177 5769 3594 5842 παραλήρημα)
3618 5813 3632 5838 ,
3666 5773 3811 5828 ἀλλὰ
3853 5776 3986 5829 κατὰ
