4218 6424
233 353 365 420 1221
915 363 1371 428 ENARRATIO
1407 367 1490 430 IN
1530 364 2036 433 EVANGELIUM
2067 365 2420 430 JOANNIS.
2462 392 2531 402 -
2559 367 2719 429 CAP.
2757 366 2876 430 IlI.
3419 362 3562 431 1222

225 475 614 547 τηνικφανσιν
641 479 740 533 καὶ
767 479 1036 547 ἐπίδειξιν
1058 484 1163 555 τῆς
1188 483 1468 558 θεότητος.
1496 486 1640 542 Κατ’
1657 485 1811 556 ὀλίγο

1947 483 2252 541 declaravit
2298 500 2360 542 se
2407 485 2578 541 Deum
2625 499 2776 552 esse,
2825 495 2883 542 et
2931 496 3038 540 non
3087 493 3311 553 repente
3342 484 3504 542 simul
3538 529 3554 543 .

227 568 362 639 γάρ,
418 569 501 624 ὅτι
550 570 687 635 Θεός
735 573 906 640 ἐστιν,
954 574 1250 647 ἐξέφαινε,
1295 580 1392 633 καὶ
1436 581 1539 634 οὐκ
1594 580 1813 652 ἀθρόως

1951 593 1970 626 ι
1994 574 2282 646 lmpletum
2302 576 2492 647 igitur,
2512 575 2712 646 inquit,
2726 590 2908 630 mcum
2926 575 3185 647 gaudium
3208 575 3262 630 in
3279 589 3503 646 sponso.
3529 595 3550 630 ι

228 660 601 733 Πεπλήρωται
629 657 746 727 οὖν,
775 665 968 735 φησιν,
993 667 1026 738 ὴ
1055 668 1164 740 ἐμὴ
1192 669 1339 740 χαρά
1363 669 1457 724 ἐπί
1486 668 1566 740 τῷ
1587 671 1812 742 νυμφίῳ

1941 663 2078 720 Nam
2107 680 2291 730 meum
2321 680 2491 735 opus.
2529 669 2677 737 quod
2717 668 2850 722 mihi
2881 677 2941 722 ut
2974 666 3230 738 pronubo
3263 667 3558 723 concredi-

227 751 304 805 Τδ
345 753 456 823 γὰρ
486 753 672 826 ἐργον,
718 754 748 808 6
795 756 1130 830 ἐπιστεύθην
1160 759 1238 824 ὡς
1269 763 1674 832 νυμφαγωγὸς,
1722 763 1813 833 όρι]

1941 761 2081 817 tum,
2109 749 2271 807 video
2298 751 2620 823 profecisse.
2650 750 2843 808 Omnis
2874 756 3041 825 Igitur
3068 754 3268 810 anima:
3295 770 3554 825 sponsus,

228 846 619 917 προχωρῆσαν.
645 846 835 918 Πάσης
863 849 1047 904 τοίνυν
1073 850 1254 921 ψυχῆς
1274 853 1532 924 νυμφίος,
1551 855 1579 906 6
1603 853 1810 924 Κύριος

1939 841 2208 898 Dominus
2255 860 2271 897 :
2313 843 2588 899 thalamus
2638 857 2823 900 autem
2873 847 2963 900 ubi
3001 849 3195 915 capula
3246 846 3341 910 (it,
3397 847 3554 904 locus

224 935 456 1005 νυμφὼν
482 936 559 1005 δὲ,
594 936 725 991 ἔνθα
768 940 800 1008 η
856 941 1126 1008 συνάφεια
1171 943 1406 1012 γίνεται,
1441 947 1470 999 6
1517 945 1682 1009 τόπος
1734 944 1813 1001 toi

1936 933 2284 1003 baptismatis
2305 975 2320 1001 ,
2353 935 2459 993 hoc
2485 946 2598 1003 est,
2629 937 2892 993 Ecclesia.
2922 937 3027 992 Dat
3064 947 3248 992 autem
3277 939 3553 997 arrhabo-

225 1025 632 1099 βαπτίσματος,
659 1031 779 1101 ἡτοι
803 1032 836 1102 η
882 1032 1204 1104 Ἐκκλησία.
1231 1037 1426 1090 Δίδωσι
1451 1038 1512 1092 δέ
1531 1038 1813 1111 ἀρῤαὸῶνε

1936 1045 2058 1085 nem
2113 1044 2362 1098 sponsa,
2418 1040 2773 1100 peccatorum
2839 1032 3255 1098 remissionem,
3312 1033 3552 1104 Spiritus

225 1123 295 1192 τῇ
314 1119 525 1195 νύμφῃ,
545 1123 836 1195 ἁμαρτιῶν
876 1125 1087 1193 ἄφεσιν.
1115 1128 1256 1184 ηνεύ
1264 1147 1433 1201 ματος
1452 1131 1612 1199 ἀγίου
1631 1149 1828 1187 κοινω-

227 1216 370 1265 νίαν·
397 1212 464 1266 τὰ
490 1213 546 1266 δὲ
569 1213 875 1286 τελεώτερα
897 1217 954 1268 ἐν
977 1217 1056 1288 τῷ
1085 1220 1362 1288 μέλλοντι,
1386 1222 1476 1276 ὅτε
1499 1224 1568 1277 τά
1593 1228 1829 1295 κρείττω

221 1305 318 1358 καὶ
347 1305 658 1377 ὑψηλότερα
687 1312 1119 1382 μυσταγωγήσει
1142 1314 1258 1377 τοῖς
1278 1314 1472 1380 ἀξίοις.
1506 1317 1825 1387 Σημείωσαι

219 1396 302 1462 δέ,
338 1399 420 1452 ὅτι
467 1400 645 1463 οὐδεὶς
684 1400 846 1465 ἀλλος
890 1403 1010 1455 ἐστὶ
1053 1406 1324 1476 νυμφίος,
1383 1408 1432 1461 εί
1481 1408 1557 1479 μὴ
1606 1410 1768 1479 μόνος
1797 1413 1826 1464 6

218 1491 495 1563 Χριστός⁸
552 1492 756 1557 πάντες
808 1494 868 1548 δὲ
919 1496 969 1549 oi
1019 1495 1404 1565 διδάσκοντες,
1459 1502 1824 1571 νυμφαγωγοί

219 1585 382 1650 εἰσιν,
417 1585 615 1656 ὥσπερ
641 1580 736 1640 οὖν
762 1588 857 1640 καὶ
888 1589 916 1642 6
947 1588 1283 1660 Πρόδρομος.
1315 1591 1507 1656 Οὐδεὶς
1532 1592 1642 1660 γάρ
1663 1593 1822 1659 ἄλλος

218 1675 405 1748 δωτήρ
429 1678 547 1732 ἐστι
581 1679 695 1734 τῶν
726 1681 972 1750 ἀγαθῶν,
1006 1684 1054 1736 εί
1089 1683 1166 1755 μὴ
1195 1685 1224 1738 6
1253 1685 1484 1756 Κύριος·
1508 1687 1559 1740 οί
1588 1686 1645 1740 δέ
1670 1687 1821 1743 ἄλλοι

218 1773 444 1838 πάντες,
477 1774 719 1846 μῖεστται,
755 1779 852 1833 καὶ
882 1779 992 1834 τῶν
1024 1780 1181 1852 παρὰ
1207 1782 1300 1837 τοῦ
1352 1783 1563 1855 Κυρίου
1593 1784 1818 1856 δεδομέ-

217 1885 329 1921 νων
359 1867 582 1938 ἀγαθῶν
612 1871 873 1927 διάκονοι.

293 1981 316 2016 t
369 1959 430 2017 Ὀ
461 1964 669 2020 ἀνωθεν
703 1968 1024 2038 ἐρχόμενος,
1071 1970 1261 2026 ἐπάνω
1309 1970 1530 2026 πάντων
1573 1971 1758 2026 ἐστίν·
1794 1974 1824 2026 6

217 2055 298 2110 ὢν
331 2057 396 2112 ἐκ
427 2058 525 2130 τῆς
548 2058 673 2127 γῆς,
708 2061 772 2114 ἐκ
805 2061 905 2131 τῆς
935 2061 1043 2133 γῆς
1066 2065 1206 2132 ἐστι,
1233 2067 1328 2119 καὶ
1359 2066 1424 2120 ἐκ
1450 2067 1551 2136 τῆς
1582 2069 1686 2138 γῆς
1723 2067 1822 2119 λα-

216 2153 319 2209 λεῖ.
363 2154 426 2209 Ὀ
453 2157 519 2208 ἐκ
551 2155 646 2209 τοῦ
694 2156 928 2228 ούρανοῦ
972 2158 1297 2231 ἐρχόμενος,
1354 2162 1545 2216 ἐπάνω
1599 2162 1823 2216 πάντων

216 2247 370 2301 ἐστί·
403 2248 497 2300 καὶ
539 2247 568 2300 δ
613 2248 856 2321 ἑώρακε,
899 2251 994 2303 καὶ
1047 2252 1272 2321 ἤκουσε,
1318 2253 1478 2308 τοῦτο
1515 2257 1818 2327 μαρτυρεῖ·

217 2343 315 2396 καὶ
357 2341 456 2411 τὴν
505 2350 826 2416 μαρτυρίαν
851 2343 1019 2404 αυτοῦ
1069 2347 1247 2411 οὐδεὶς
1277 2347 1575 2418 λαμϐάνει.
1635 2349 1693 2402 ⁸0
1727 2350 1823 2404 λαο

215 2436 331 2490 σὼν
376 2437 542 2492 αὑτοῦ
581 2456 680 2508 την
725 2441 1060 2511 μαρτυρίαν,
1095 2443 1432 2513 ἐσφράγισεν
1480 2443 1562 2498 ὅτι
1610 2447 1638 2498 6
1687 2445 1822 2512 Θεὸς

213 2527 427 2600 ἀληθής
469 2531 643 2584 ἐστιν.
703 2529 800 2586 Ὃν
836 2532 944 2602 γὰρ
997 2534 1321 2588 ἀπέστειλεν
1354 2539 1382 2590 6
1412 2537 1567 2602 Θεὸς,
1610 2538 1679 2592 τά
1719 2540 1819 2610 ῥή-

216 2638 368 2690 ματα
394 2621 487 2675 τοῦ
519 2624 654 2677 Θεοῦ
701 2624 868 2676 λαλεῖ.
909 2627 985 2679 υύ
1017 2628 1128 2698 γάρ
1163 2629 1226 2682 ἐκ
1285 2631 1489 2700 μέτρου
1541 2632 1760 2685 δίδωσιν
1791 2634 1820 2686 6

210 2713 346 2776 Θεὸς
380 2716 441 2769 τὸ
465 2717 764 2793 Πνεῦμα..)
805 2721 1098 2790 Συγκρίνει
1129 2723 1366 2777 ἐαυτὸνδ
1392 2725 1708 2795 Πρόδρομος
1741 2725 1819 2796 τῷ

210 2806 460 2878 Χριστῷ,
495 2811 588 2863 καί
621 2807 815 2882 φηαπζ
838 2813 920 2865 ὅτι
951 2814 1193 2878 Ἐκεῖνος
1220 2816 1320 2886 μὲν
1353 2816 1562 2869 ἄνωθεν
1596 2817 1817 2888 ἔρχεται

208 2900 280 2952 ἐκ
304 2899 399 2953 τοῦ
421 2902 653 2973 Πατρὺς,
679 2907 775 2958 καὶ
807 2907 993 2960 ἐπάνω
1018 2907 1238 2960 πάντων
1268 2908 1440 2970 ἐστὶν,
1473 2908 1816 2981 ἐξῃρημένος

210 2991 435 3047 πάντων
463 2997 558 3048 καὶ
585 2998 680 3066 τὴν
713 2998 986 3070 Πατρῴαν
1028 3000 1306 3072 ὑπεροχὴν
1331 3001 1636 3066 ἀποσώξων
1660 3018 1673 3033 ·
1703 3002 1815 3071 ἐγὼ

205 3084 268 3138 δὲ
310 3085 375 3138 ἐκ
400 3088 501 3156 γῆς
535 3085 632 3153 ὢν,
660 3093 825 3158 γήϊνα
865 3091 1034 3156 λαλῶ,
1073 3093 1264 3164 εὐτελῆ
1317 3094 1412 3148 καὶ
1449 3096 1704 3160 ταπεινὰ,
1732 3095 1815 3172 ,ὡς

1848 1852 1897 1912 Β

1933 1122 2110 1177 sancti
2139 1124 2588 1179 communionem
2623 1140 2636 1177 :
2687 1124 3018 1193 perfectiora
3065 1140 3196 1180 vero
3243 1128 3294 1180 in
3334 1125 3546 1194 futuro,

1931 1219 2153 1286 quando
2183 1219 2380 1288 dignos
2415 1217 2469 1271 in
2511 1218 2738 1273 meliora
2767 1229 2817 1272 et
2854 1217 3178 1273 sublimiora
3212 1219 3545 1276 introducet.

1929 1307 2067 1366 Nota
2095 1319 2276 1365 autem
2326 1310 2474 1380 quod
2531 1311 2714 1368 nullus
2759 1312 2901 1366 alios
2941 1321 3027 1368 est
3076 1327 3336 1382 sponsus,
3381 1328 3547 1382 quam

1929 1402 2077 1458 solus
2094 1402 2355 1459 Christus
2379 1421 2393 1457 :
2419 1418 2618 1460 onlnes
2640 1415 2824 1459 autem
2853 1407 3114 1460 docentes
3138 1406 3370 1475 pronuhi
3393 1419 3544 1473 sunt,

1927 1497 2068 1552 sicut
2097 1506 2155 1552 et
2196 1495 2514 1553 Pracursor
2539 1511 2782 1568 quoque.
2811 1496 3006 1553 Nullus
3035 1499 3180 1554 enim
3213 1500 3355 1555 alius
3386 1501 3548 1555 dator

1925 1599 2008 1643 est
2060 1589 2360 1655 bonorum,
2417 1605 2584 1660 quam
2639 1591 2793 1647 solus
2850 1593 3116 1648 Dominus
3173 1592 3312 1649 :alii
3356 1603 3543 1648 autem

1923 1697 2118 1740 omnes
2143 1683 2495 1752 mediatores,
2533 1693 2588 1741 et
2624 1686 2865 1742 ministri
2898 1689 3171 1743 bonorum
3203 1703 3328 1759 quae
3360 1705 3392 1744 a
3429 1688 3542 1746 Do-

1924 1776 2073 1832 mino
2107 1780 2326 1834 dantur.

2000 1959 2170 2016 Vsus.
2199 1960 2390 2016 51.34.
2429 1979 2449 2014 ι
2485 1961 2589 2030 Qui
2617 1976 2649 2018 ο
2672 1962 2928 2033 supernis
2955 1963 3126 2029 venit,
3168 1979 3334 2032 super
3361 1964 3530 2040 559

1927 2067 2122 2110 omnes
2154 2054 2238 2110 est
2269 2071 2286 2112 :
2316 2055 2407 2126 qui
2437 2071 2467 2110 a
2504 2066 2648 2112 terra
2690 2057 2973 2127 profectus
2994 2070 3102 2124 est,
3148 2069 3403 2116 terrenus
3425 2070 3538 2127 est,

1926 2155 1981 2201 et
2015 2146 2084 2201 de
2109 2157 2254 2202 terra
2288 2147 2552 2220 loquitur.
2586 2149 2689 2217 Qui
2717 2165 2749 2205 e
2783 2151 2928 2207 etelo
2951 2153 3121 2218 venit,
3151 2168 3314 2224 supra
3343 2170 3538 2212 omnes

1926 2243 2034 2305 est,
2097 2249 2153 2295 et
2182 2243 2327 2310 quod
2369 2242 2506 2298 vidit
2535 2253 2590 2299 et
2622 2245 2859 2310 audivit,
2894 2246 2997 2302 hoc
3030 2255 3283 2314 testatur,
3333 2258 3388 2304 et
3423 2260 3538 2307 tes-

1927 2334 2218 2390 timonium
2247 2335 2365 2405 ejus
2402 2352 2566 2393 nemo
2599 2341 2817 2410 accipit.
2843 2338 2946 2407 Qui
2988 2341 3188 2412 accipit
3236 2342 3354 2412 ejus
3383 2345 3541 2400 testi-

1880 2473 1885 2479 .
1926 2432 2191 2498 monium,
2235 2433 2283 2488 is
2313 2434 2792 2506 obsignavitquod
2827 2437 2968 2493 Deus
2995 2452 3159 2493 verax
3192 2439 3284 2494 sit.
3319 2437 3453 2494 Nam
3489 2441 3536 2496 is

1924 2538 2088 2593 quem
2129 2525 2276 2580 misit
2303 2523 2467 2592 Deus,
2499 2529 2662 2584 verba
2694 2529 2787 2586 Dei
2827 2530 3092 2602 loquitur.
3124 2532 3242 2587 Non
3289 2533 3436 2588 enim
3467 2537 3535 2590 ad

1926 2633 2242 2673 mensuram
2288 2620 2381 2674 dat
2410 2618 2555 2676 Deus
2594 2621 2881 2691 Spiritum.
2927 2643 2945 2676 ι
2983 2625 3280 2696 Comparat
3309 2642 3368 2682 se
3395 2626 3540 2683 Prte-

1922 2724 2116 2765 cursor
2139 2711 2384 2780 Christo,
2420 2722 2476 2767 et
2512 2714 2644 2768 dicit
2675 2717 2820 2785 quod
2847 2717 2933 2771 ille
2970 2719 3190 2788 quidem
3216 2735 3245 2774 e
3276 2722 3535 2791 supernis

1925 2802 2137 2856 venerit
2169 2817 2198 2856 a
2240 2803 2425 2868 Patre.
2458 2814 2514 2860 et
2557 2821 2724 2877 super
2751 2822 2947 2865 omnes
2969 2810 3060 2874 sit,
3096 2813 3347 2882 egregius
3372 2829 3537 2884 super

1921 2910 2134 2961 omnes,
2154 2906 2206 2951 et
2223 2897 2514 2953 Paternum
2533 2914 2759 2955 servans
2775 2901 3154 2958 excellentiam
3179 2922 3192 2958 :
3219 2906 3331 2975 Ego
3350 2915 3533 2963 autent

1923 2988 2012 3055 qui
2045 2988 2110 3042 de
2144 2997 2287 3044 terra
2330 3006 2476 3057 sum,
2511 3000 2725 3048 terrena
2763 2993 2983 3064 loquor,
3021 2997 3148 3052 vilia
3177 3009 3230 3053 et
3267 3001 3492 3056 humilia
3517 3041 3534 3068 ,

1922 3082 1965 3135 si
2003 3095 2124 3136 cum
2155 3083 2404 3138 doctrina
2422 3085 2632 3140 Christi
2663 3087 3042 3143 conferantur.
3068 3089 3332 3158 Quamvis
3350 3101 3536 3150 autem

207 3176 350 3246 πρὸς
381 3179 673 3251 σύγκρισιν
701 3182 799 3250 τῆς
826 3183 920 3235 τοῦ
950 3183 1191 3252 Χριστοῦ
1219 3185 1592 3251 διδασκαλίας.
1633 3187 1805 3240 Ἐπεί·

1921 3188 2040 3242 quae
2076 3190 2106 3228 a
2149 3173 2498 3235 Pmcursore
2529 3179 2755 3246 ﬁebant,
2791 3181 2975 3238 divina
3005 3197 3183 3253 erant,
3241 3189 3433 3244 collata
3453 3203 3538 3246 ta-

203 3282 361 3335 τοιγε
393 3271 583 3324 καὶτὰ
625 3271 794 3324 αὐτοῦ
839 3272 934 3325 τοῦ
981 3276 1325 3346 Προδρόμου,
1364 3277 1484 3329 θεῖα
1531 3273 1704 3349 ἦσαν·
1737 3278 1813 3341 ὡς

1921 3282 2045 3322 men
2081 3283 2205 3324 cum
2244 3269 2330 3325 his
2351 3285 2473 3341 quae
2501 3287 2531 3326 a
2565 3271 2806 3340 Christo,
2842 3277 2999 3332 valde
3041 3280 3266 3334 humilia
3303 3297 3537 3353 appare-

205 3359 266 3414 δέ
301 3361 437 3430 πρὸς
461 3362 529 3415 τὰ
558 3362 653 3416 τοῦ
685 3365 925 3434 Χριστοῦ
955 3370 1379 3440 συγκρινόμενα,
1406 3370 1540 3424 πολὺ
1577 3371 1638 3424 τὸ
1683 3373 1815 3443 χθα-

208 3452 384 3520 μαλδιν
405 3455 644 3524 ἔχουσιν.
686 3458 945 3525 Ἐκεῖνος,
966 3462 1154 3532 φησὶν,
1178 3460 1205 3514 ὃ
1229 3462 1445 3534 ἑώρακε
1469 3464 1566 3516 καὶ
1585 3465 1809 3536 ἤκουσε,

203 3546 362 3600 λαλεῖ
384 3564 395 3576 ⁸
430 3550 734 3615 τουτέστιν,
759 3551 794 3606 ἀ
821 3556 972 3623 παρὰ
1013 3554 1108 3609 τοῦ
1144 3557 1354 3627 Πατρὸς
1396 3557 1621 3628 ἤκουσε,
1654 3558 1750 3612 καὶ
1779 3557 1815 3612 ἃ

203 3639 475 3710 ἑώρακεν,
511 3644 702 3714 ἤγουν,
735 3644 770 3701 ἃ
820 3647 1068 3720 ἀκριϐῶς
1103 3645 1266 3717 οἶδεν,
1310 3650 1496 3704 ἐκεῖνα
1529 3651 1684 3706 λαλεῖ
1720 3655 1815 3706 καὶ

206 3734 503 3800 μαρτυρεῖ.
570 3732 735 3786 Ἀλλά
768 3735 870 3805 τὴν
905 3735 1219 3806 μαρτυρίαν
1269 3739 1437 3790 αὑτοῦ
1469 3738 1648 3802 οὐδεὶς
1702 3741 1812 3792 τῶν

208 3818 287 3888 μὴ
335 3821 400 3887 τῇ
434 3819 666 3892 ἀληθείᾳ
698 3825 1077 3895 προσεχόντων
1108 3820 1399 3896 λαμϐάνει.
1444 3830 1543 3891 Ὃς
1573 3829 1629 3882 δὲ
1669 3828 1813 3905 λάϐῃ

201 3906 305 3974 τὴν
344 3911 674 3980 μαρτυρίαν,
709 3911 832 3983 ἢτοι
866 3912 965 3982 τὴν
995 3915 1354 3970 διδασκαλίαν
1382 3917 1575 3983 αὑτοῦ,
1601 3921 1808 3990 ἐσφρά-

201 4014 382 4067 γισεν,
422 4003 548 4055 ἀντὶ
599 4002 722 4066 τοῦ,
775 4003 1000 4071 ἔδειξεν,
1057 4007 1416 4075 ἐσεδαίωσεν,
1471 4010 1556 4062 ὃτι
1600 4013 1629 4064 6
1678 4013 1813 4078 Θεὸς

201 4091 416 4162 ἀληθής
471 4095 641 4148 ἐστιν.
686 4094 746 4148 '0
772 4096 881 4168 γὰρ
917 4096 996 4168 τῷ
1027 4100 1181 4169 παρά
1231 4099 1367 4155 Θεοῦ
1409 4102 1813 4175 ἀπεσταλμένῳ

200 4186 503 4252 πιστεύων,
537 4187 616 4257 τῷ
649 4189 770 4260 Θεῷ
802 4191 1072 4259 πιστεύει,
1119 4195 1219 4247 καὶ
1252 4194 1442 4248 λοιπὸν
1488 4197 1808 4266 σφραγίζει,

199 4280 300 4333 καὶ
330 4281 739 4348 ἀποδείκνυσιν,
781 4285 862 4337 ὃτι
912 4284 989 4348 ὡς
1035 4286 1230 4357 ἀληθεῖ
1282 4287 1397 4341 δντι
1442 4289 1806 4343 ἐπίστευσενο

196 4371 395 4443 ὥσπερ
447 4370 540 4428 οὖν
593 4376 756 4430 πάλιν
803 4378 832 4431 6
866 4379 1118 4433 ἀπιστῶν
1169 4381 1248 4453 τῷ
1305 4382 1462 4453 παρά
1512 4383 1608 4436 τοῦ
1670 4385 1809 4439 Θεοῦ

196 4468 623 4542 ἀπεσταλμένῳ,
681 4471 944 4541 δεικνύει,
977 4475 1061 4529 ὅτι
1095 4477 1342 4548 ψεύστης
1398 4479 1540 4544 ἐστὶ,
1593 4481 1688 4533 καὶ
1720 4480 1811 4534 διὰ

1919 3359 2069 3415 bant.
2097 3359 2210 3425 Ille,
2245 3361 2443 3432 inquil,
2475 3365 2619 3434 quod
2642 3365 2848 3421 viditet
2881 3369 3114 3436 audivit,
3138 3371 3405 3441 loquitur,
3433 3376 3536 3432 hoc

1917 3462 2023 3518 est,
2049 3469 2170 3522 qua:
2193 3470 2223 3508 a
2255 3455 2415 3512 Patre
2440 3459 2668 3524 audivit,
2695 3472 2750 3514 et
2781 3477 2901 3531 qua:
2932 3463 3089 3529 vidit,
3126 3467 3227 3521 huc
3245 3479 3349 3532 est,
3383 3471 3536 3527 clare

1918 3547 2090 3614 novit,
2121 3549 2209 3603 illa
2243 3549 2484 3621 loquitur
2505 3562 2560 3608 et
2598 3563 2854 3610 teslatur.
2885 3557 2954 3610 Et
3004 3560 3376 3618 testimonium
3417 3567 3537 3636 ejus

1920 3641 2101 3696 nullus
2126 3658 2190 3698 ex
2226 3644 2311 3700 his
2345 3646 2439 3715 qui
2469 3648 2755 3702 veritatem
2786 3666 2894 3705 non
2930 3655 3244 3723 attendunt,
3309 3660 3530 3728 recipit.

1918 3733 2020 3799 Qui
2050 3745 2230 3791 autem
2259 3739 2452 3809 recipit
2477 3743 2875 3812 testimonium,
2903 3745 3005 3801 hoc
3061 3756 3164 3816 est,
3217 3750 3534 3808 doctrinam

1916 3829 2054 3898 ejus,
2097 3828 2430 3902 obsignavit,
2467 3834 2571 3891 hoc
2603 3848 2709 3902 est,
2771 3843 3100 3896 monstravit
3133 3855 3187 3899 et
3244 3848 3533 3917 stabilivit,

1916 3922 2065 3992 quod
2127 3925 2269 3980 Deus
2311 3942 2474 3983 verus
2505 3936 2598 3985 sit.
2633 3931 2735 3999 Qui
2765 3935 2909 3990 enim
2954 3938 3128 3993 credit
3159 3938 3206 3994 ei
3243 3943 3386 4010 quia
3424 3941 3535 3999 Deo

1918 4016 2118 4074 missus
2149 4030 2256 4085 est,
2287 4020 2400 4076 Deo
2425 4025 2625 4088 credit,
2658 4038 2713 4081 et
2746 4043 3155 4101 consequenter
3185 4037 3438 4107 obsignat
3480 4049 3536 4094 et

1915 4110 2261 4167 demonstrat
2293 4116 2435 4184 quod
2468 4117 2516 4171 ei
2542 4118 2632 4188 qui
2674 4133 2836 4174 verax
2895 4123 2987 4187 sit,
3021 4126 3318 4188 crediderit
3349 4147 3363 4183 :
3393 4133 3535 4186 sicut

1915 4220 1945 4258 e
1971 4205 2188 4260 diverso
2212 4209 2302 4274 qui
2330 4224 2436 4260 non
2462 4210 2613 4264 credi
2660 4211 2712 4266 ei
2744 4214 2836 4284 qui
2875 4231 2903 4268 a
2935 4216 3048 4271 Deo
3074 4219 3275 4274 missus
3298 4232 3404 4285 est,
3438 4238 3533 4277 os-

1915 4298 2087 4351 tendit
2123 4300 2267 4368 quod
2304 4303 2535 4357 mendax
2562 4305 2651 4371 sit,
2693 4317 2748 4361 et
2783 4321 3009 4378 propter
3053 4311 3156 4366 hoc
3183 4329 3294 4369 non
3353 4319 3534 4374 credit

1916 4391 1988 4454 ei,
2029 4401 2216 4462 utpote
2238 4398 2515 4450 mendaci.
2539 4397 2604 4451 Et
2626 4398 2700 4452 ita
2727 4401 2836 4468 qui'
2869 4402 3087 4458 Οιιιῆιο
3120 4406 3314 4472 credit,
3349 4419 3533 4465 osten-

1916 4485 1996 4538 dit
2026 4489 2170 4555 quod
2195 4485 2339 4542 Deus
2363 4499 2447 4543 est
2485 4505 2675 4558 verax,
2709 4508 2775 4546 ex
2813 4507 2876 4548 eo
2909 4497 3051 4565 quod
3097 4500 3331 4555 credidit
3363 4507 3410 4557 ei
3437 4505 3531 4573 qui

195 4565 360 4620 τοῦτο
383 4569 484 4620 οὐκ
514 4569 836 4624 ἐπίστευσεν
863 4571 1038 4642 αὐτῷ,
1068 4566 1155 4626 οἷα
1179 4574 1243 4645 δὴ
1278 4574 1596 4645 ψευδομένῳ
1625 4591 1639 4606 ·
1662 4574 1805 4628 ὥστε

1919 4576 1981 4628 ab
2013 4576 2129 4644 ipso
2166 4577 2365 4632 missus
2399 4586 2504 4635 est.
2557 4579 2906 4639 Manifestum
2967 4589 3111 4641 enim
3147 4593 3293 4660 quod
3356 4565 3534 4649 iiii-nt

194 4658 228 4710 6
261 4659 340 4729 τῷ
372 4660 596 4732 Χριστῷ
631 4662 928 4732 πιστεύων,
962 4664 1206 4719 δείκνυσι
1235 4668 1327 4720 τὸν
1354 4666 1489 4721 Θεὸν
1511 4668 1713 4738 ἀληθῆ,
1745 4668 1806 4733 ἐξ

195 4753 368 4808 αὑτοῦ
403 4755 596 4809 τούτου
634 4757 876 4824 πάντως,
919 4759 1012 4813 τοῦ
1041 4759 1332 4815 πιστεῦσαι
1365 4761 1443 4832 τῷ
1475 4764 1606 4833 παρ’
1636 4763 1803 4817 αὐτοῦ

197 4847 628 4920 ἀπεσταλμένῳ.
693 4851 968 4922 Πρόδηλον
1023 4854 1155 4925 γὰρ,
1212 4855 1294 4908 ὅτι
1341 4853 1416 4918 ὡς
1448 4855 1644 4925 ἀληθεῖ
1691 4857 1805 4909 ὅντι

195 4935 352 5007 αὐτῷ
410 4939 725 5005 ἐπίστευσε,
770 4942 865 4995 καὶ
922 4943 1172 5006 εἰκότως.
1234 4948 1297 4998 υἱ
1348 4947 1449 5015 μὲν
1488 4946 1599 5018 γάρ
1653 4948 1804 5000 ἄλλοι

199 5030 425 5097 πάντες,
471 5034 627 5101 φησὶ,
696 5036 884 5104 μέτρῳ
950 5037 1052 5108 τὴν
1114 5039 1404 5107 ἐνέργειαν
1468 5040 1662 5094 ἔλαϐον
1707 5041 1802 5095 τοῦ

200 5118 551 5190 Πνεύματος·
584 5124 736 5195 αύτῷ
786 5126 842 5179 δὲ
873 5127 949 5196 τῷ
980 5129 1204 5199 Χριστῷ
1247 5131 1348 5184 ούκ
1380 5134 1444 5184 ἐκ
1478 5135 1682 5204 μέτρου
1717 5134 1796 5187 δέι

197 5212 340 5266 δωκσ
381 5215 512 5283 μίαν
559 5219 724 5288 τυχὸν
773 5221 806 5290 ἢ
860 5221 953 5273 δύο
1007 5223 1316 5294 ἐνεργείας,
1378 5226 1493 5278 ἀλλ’
1531 5228 1694 5290 αὐτὸς
1743 5228 1804 5280 τὸ

200 5306 430 5378 Πνεῦμα
458 5310 760 5384 ὀλόκληρον
790 5314 904 5384 ἔχει
931 5316 1207 5380 οὐσιωδῶς
1258 5320 1381 5381 Τοῖς
1418 5320 1515 5389 μὲν
1542 5316 1636 5373 οὖν
1669 5338 1805 5389 προσ

197 5401 401 5472 φήταις
428 5404 456 5455 6
481 5405 616 5467 Θεὸς
651 5408 745 5458 καὶ
781 5408 965 5460 δίδωσι
997 5410 1058 5462 τὸ
1095 5412 1342 5481 Πνεῦμα,
1378 5414 1499 5482 ἦτοι
1523 5415 1623 5484 τὴν
1652 5417 1805 5485 ἐνέρο

195 5509 359 5561 γειαν
389 5495 483 5549 τοῦ
518 5497 863 5569 Πνεύματος,
894 5502 988 5555 καὶ
1017 5505 1074 5556 ἐν
1106 5505 1292 5575 μέτρῳ
1320 5505 1505 5558 δίδωσι
1532 5523 1544 5537 ·
1579 5508 1804 5578 Χριστῷ

197 5590 257 5642 δὲ
292 5586 415 5643 οὔτε
457 5594 517 5646 ἐν
551 5594 760 5665 μέτρῳ,
790 5593 914 5649 οὒτε
948 5597 1084 5662 ὅλως
1107 5600 1324 5654 δίδωσιν
1345 5619 1356 5631 ·
1384 5602 1497 5673 ἔχει
1531 5603 1641 5674 γὰρ
1673 5605 1806 5658 αὐτὸ

194 5683 478 5748 οὺσιωδῶς
503 5688 532 5739 6
560 5688 822 5760 Χριστός.
867 5690 1038 5744 Ὅταν
1079 5692 1136 5745 δὲ
1173 5694 1440 5768 ἀκούσῃς,
1481 5697 1564 5749 ὅτι
1592 5698 1620 5748 6
1671 5699 1806 5769 Χρι-

195 5773 346 5841 “ac,
375 5775 413 5831 ἃ
453 5779 657 5850 ἢκουσε
698 5783 851 5854 παρὰ
881 5785 975 5839 τοῦ
1007 5786 1245 5859 Πατρὸς,
1287 5790 1472 5844 ἐκεῖνα
1502 5789 1676 5859 λαλεῖ,
1728 5791 1805 5864 μὴ

197 5867 390 5942 νόμιζε
419 5872 586 5930 αὑτὸν
609 5875 767 5936 ἐνδεᾶ
795 5878 927 5947 ὄντα
955 5881 1237 5952 γνώσεως,
1269 5884 1424 5959 παρὰ
1462 5885 1558 5943 τοῦ
1588 5887 1807 5963 [ἰατρὸς

1913 4668 2098 4722 veraci
2133 4669 2454 4726 crediderit.
2496 4671 2563 4726 Et
2606 4677 2826 4730 merito.
2863 4676 2976 4732 Nos
3010 4682 3156 4735 enim
3190 4684 3280 4736 alii
3337 4701 3531 4742 omnes

1914 4757 1980 4810 ad
2040 4773 2359 4813 mensuram
2426 4765 2744 4833 accepimus
2806 4771 3189 4836 operationem
3269 4772 3529 4844 Spiritus,

1914 4849 2016 4919 ipsi
2051 4861 2232 4906 autem
2261 4853 2484 4910 Christo
2519 4872 2623 4912 non
2645 4858 3046 4917 admensuram
3075 4866 3223 4921 dedit
3248 4886 3412 4924 uuam
3446 4875 3531 4929 vel

1917 4943 2056 5000 duas
2086 4946 2345 5016 virtutes,
2404 4950 2498 5004 sed
2558 4951 2672 5020 ipse
2710 4952 2976 5023 Spiritum
3052 4958 3323 5031 integrum
3369 4965 3533 5021 habet

1915 5037 2373 5096 substantialiter.
2396 5042 2570 5112 lgitur
2593 5056 2647 5098 et
2679 5049 2958 5117 prophetis
2984 5053 3136 5106 dedit
3171 5055 3312 5110 Deus
3351 5057 3530 5127 Spiri-

1915 5137 2048 5193 tum,
2079 5129 2182 5185 hoc
2209 5141 2316 5195 est,
2366 5136 2749 5203 operationem
2817 5137 3086 5209 Spiritus,
3124 5157 3178 5198 et
3207 5149 3273 5199 ad
3306 5164 3530 5206 mensu-

1916 5238 2032 5277 ram
2067 5226 2216 5280 dedit
2259 5244 2272 5280 :
2327 5227 2550 5284 Christo
2583 5242 2766 5287 autem
2801 5249 2910 5290 non
2980 5238 3046 5292 ad
3080 5255 3421 5307 mensuram,
3477 5257 3533 5302 et

1915 5334 2093 5386 neque
2137 5322 2363 5376 omnino
2411 5323 2564 5382 dedit.
2601 5340 2615 5382 :
2652 5325 2816 5381 habet
2867 5329 3012 5382 enim
3077 5333 3226 5394 illum
3275 5337 3532 5396 Christus

1915 5416 2374 5471 substantialiter.
2399 5417 2629 5484 Quando
2666 5429 2845 5478 autem
2873 5426 3032 5481 audis
3091 5431 3234 5496 quod
3274 5429 3531 5491 Christus

1916 5514 2156 5583 loquitur
2192 5516 2282 5571 illa
2319 5533 2440 5587 quae
2467 5519 2676 5574 audivit
2735 5537 2765 5575 a
2827 5521 3014 5588 Patre,
3058 5538 3124 5579 ne
3160 5536 3319 5594 putes
3379 5529 3529 5584 illum

1916 5607 2162 5678 indigere
2197 5619 2252 5664 ut
2280 5611 2568 5667 scientiam
2599 5615 2668 5669 ab
2695 5615 2786 5670 illo
2819 5617 3024 5681 discut,
3075 5621 3170 5673 sed
3199 5622 3325 5689 quia
3378 5639 3530 5692 quae-

1914 5715 2132 5770 cunque
2161 5701 2265 5756 scit
2298 5701 2484 5766 Filius,
2520 5721 2549 5760 a
2606 5706 2768 5763 Patre
2801 5713 3128 5766 naturaliter
3179 5715 3306 5780 scit,
3370 5720 3530 5787 quasi

1914 5793 1992 5850 illi
2025 5796 2538 5862 consubstantialis,
2571 5800 2691 5869 ejus
2720 5804 2894 5872 gratia
2927 5805 3130 5858 dicitur
3158 5821 3185 5859 a
3214 5806 3378 5865 Patre
3423 5824 3529 5869 au-

1917 5889 2036 5951 dire
2051 5905 2173 5964 qua:
2195 5893 2299 5950 scit
2322 5911 2334 5948 :
2357 5895 2824 5966 quemadmodum
2850 5899 2897 5956 si
2927 5898 3133 5958 videris
3159 5900 3335 5960 ﬁlium
3385 5905 3530 5966 ostri
