4218 6424
766 391 903 457 1223

1617 391 2200 455 THEOPHYLACTI
2240 390 2653 452 BULGARMS
2701 391 3058 453 ARCHIEP.

3915 388 4042 456 19.31

759 522 855 578 per
880 507 1062 563 omnia
1131 508 1385 576 similem,
1424 507 1603 564 dicis:
1648 509 1842 564 Omnia
1893 525 1922 564 a
1970 520 2123 579 patre
2163 508 2317 563 habet

2457 507 2750 576 μανθάνειν
2773 527 2785 539 ·
2829 510 2947 562 ἀλλ’
2969 511 3094 563 ἐπεὶ
3135 511 3333 572 πάντα,
3367 508 3466 562 ὅσα
3499 504 3638 559 εἶδεν
3669 507 3697 558 ὁ
3734 505 3864 567 Υίδς
3895 523 4044 573 φυσι-

759 602 861 654 hoc
897 611 1000 668 est,
1036 600 1177 655 Nulli
1218 600 1412 655 similis
1443 608 1526 655 est
1548 617 1710 670 quant
1734 602 1894 670 patri.
1921 602 2160 656 Audiens
2183 601 2347 670 igitur

759 695 985 749 missum
1002 709 1138 759 esse,
1162 694 1315 762 quasi
1335 693 1543 747 radium
1561 693 1799 762 intellige
1821 709 1942 748 eum
1957 710 1983 744 a
1998 693 2133 760 sole,
2154 708 2347 761 nempe

759 782 936 851 PJEI'P,
972 788 1143 851 ipsutn
1177 787 1400 840 missum
1426 801 1566 841 esse.
1593 787 1781 840 Nonne
1806 797 1859 840 et
1893 786 1965 838 ita
1994 786 2174 839 dicere
2201 786 2344 838 sole-

759 893 900 938 mus,
933 879 1074 945 quod
1100 878 1178 931 sol
1201 879 1381 933 radios
1416 878 1681 941 emiserit.
1739 880 1838 932 hoc
1898 887 2002 940 est,
2049 877 2259 931 miserit
2289 877 2343 930 in

759 977 983 1031 terram,
1022 981 1075 1022 et
1111 985 1373 1037 nusquam
1407 971 1617 1023 radium
1660 969 1883 1024 alterius
1911 971 2232 1024 substantia:
2258 970 2342 1023 di-

755 1057 928 1111 cimus
957 1075 1098 1125 esse,
1133 1061 1213 1114 vel
1245 1063 1600 1128 posteriorem
1651 1077 1812 1131 quam
1846 1065 1926 1118 sol
1955 1065 1976 1118 ’ἰ
2006 1063 2098 1118 Sic
2131 1080 2342 1135 quoque

752 1159 805 1203 et
840 1151 1030 1204 Filium
1075 1153 1298 1207 missum
1332 1168 1454 1207 esse
1481 1170 1509 1206 a
1542 1156 1809 1224 spirituali
1837 1157 1972 1222 sole,
2009 1158 2218 1213 scilicet
2243 1157 2341 1211 Pa-

755 1254 834 1298 tre
860 1246 1003 1310 huic,
1041 1247 1261 1308 ntundo,
1299 1248 1460 1300 veluti
1491 1249 1940 1313 deradtationetn,
1991 1258 2046 1304 et
2107 1251 2338 1315 radium,

752 1348 803 1389 et
832 1337 1033 1400 lumen,
1052 1340 1563 1410 etqualitercunque
1587 1355 1848 1410 quantum
1876 1344 2127 1413 congruit
2145 1358 2340 1399 vocare

753 1429 898 1480 iilntn
930 1430 1181 1484 volueris.
1217 1430 1333 1485 Non
1364 1432 1526 1501 550
1556 1433 1994 1503 ittletttpcstivum
2017 1447 2198 1488 autem
2223 1436 2338 1490 lue-

752 1521 817 1571 rit
849 1520 947 1574 hoc
975 1522 1089 1574 loco
1117 1524 1296 1576 dicere
1319 1528 1592 1592 quomodo
1621 1525 1818 1580 habeat
1851 1524 2020 1580 Filius
2048 1528 2336 1596 Spiritum,

745 1619 798 1665 ct
841 1614 1110 1679 quomodo
1160 1615 1372 1668 dicatur
1417 1617 1656 1684 Spiritus
1712 1618 1854 1672 Filii.
1904 1618 2041 1672 Dicit
2096 1622 2241 1674 enim
2282 1634 2337 1676 et

743 1702 1061 1769 Apostolus:
1088 1725 1104 1756 ι
1147 1708 1406 1774 Spiritum
1432 1708 1548 1762 Filii
1576 1711 1658 1765 sui
1688 1711 1738 1764 in
1765 1713 1925 1766 corda
1956 1722 2130 1768 vestra
2162 1716 2329 1782 misit,

742 1793 1087 1859 clutttantent,
1140 1799 1290 1851 Abba
1347 1799 1508 1854 Pater
1529 1801 1595 1856 ⁸⁵.
1638 1822 1654 1853 ι
1695 1803 1753 1855 Et
1783 1804 1989 1857 iterum
2020 1824 2030 1859 :
2065 1825 2083 1857 ι
2143 1805 2200 1858 Si
2234 1823 2331 1859 auc

2453 601 2586 663 κῶς,
2621 601 2797 656 πάντα
2823 604 2888 655 ὲκ
2917 602 3011 655 τοῦ
3046 602 3255 673 Πατρὸς
3281 602 3392 670 ἔχει
3435 599 3511 662 ὼς
3540 599 3836 667 ὁμοούσιος
3879 598 4043 664 αὐτῷ,

2452 693 2642 746 τούτου
2694 694 2881 746 ἕνεκεν
2934 693 3153 761 λέγεται
3191 695 3341 764 παρὰ
3390 694 3483 744 τοῦ
3529 691 3744 760 Πατρὸς
3803 689 4044 750 ἀκούειν,

2451 785 2548 837 ὅσα
2570 779 2741 836 οἶδεν·
2777 784 2965 855 ὥσπερ
2995 788 3042 838 εί
3072 785 3200 849 ἴδοτς
3231 786 3344 837 υίδν
3380 785 3520 836 κατὰ
3556 785 3733 837 πάντα
3766 783 3847 853 τῷ
3884 786 4045 854 πατρὶ

2453 878 2687 939 ἐοικότα,
2720 879 2897 946 λέγεις
2929 882 3010 931 ὅτι
3065 879 3250 932 Πάντα
3278 880 3341 930 ὲκ
3383 879 3474 930 τοῦ
3515 879 3720 947 πατρὸς
3757 878 3896 946 ἔχει.
3931 879 4044 929 ἀντὶ

2449 969 2566 1030 τοῦ,
2598 972 2791 1024 Οὐδενὶ
2821 972 2966 1041 ἄλλῳ
2995 973 3176 1041 ὅμοιος
3203 972 3405 1042 ἀπέϐη.
3430 973 3461 1040 ἦ
3490 973 3566 1039 τῷ
3592 974 3785 1040 πατρί.
3809 973 4044 1024 Ἀκούων

2448 1061 2505 1114 δὲ
2537 1062 2902 1128 ἀπεστάλθαι,
2935 1063 3009 1126 ὼς
3041 1066 3238 1117 ἀκτῖνα
3270 1064 3460 1131 νόησον
3494 1066 3599 1115 σπδ
3617 1065 3710 1114 τοῦ
3741 1066 3899 1132 ἡλίου
3936 1064 4043 1129 ποῖ,

2451 1153 2684 1224 Πατρὸς,
2704 1156 3271 1222 αὐτὸνάποσταλῆναι.
3307 1155 3368 1207 "ll
3394 1157 3490 1224 οὐχ
3513 1155 3659 1207 οὕτω
3685 1157 3945 1225 λέγομεν,
3971 1158 4044 1207 ὅῖι

2449 1248 2762 1302 Ἀπέστειλε
2791 1251 2888 1313 τὰς
2906 1251 3130 1310 ἀκτῖνας
3153 1252 3180 1302 ὁ
3210 1251 3396 1318 ἦλιοςς
3429 1255 3519 1302 καὶ
3557 1250 3767 1318 Ἀφῆκε
3799 1251 3859 1301 τῦ
3884 1250 3998 1316 φῶς
4022 1250 4047 1302 ὁ

2445 1340 2618 1408 ἥλιος,
2673 1343 2795 1394 ἀντὶ
2843 1343 2957 1406 τοῦ,
2997 1342 3211 1411 ἔπεμψε
3240 1347 3304 1411 τῇ
3345 1345 3415 1412 γῇ
3442 1385 3456 1406 ,
3497 1344 3605 1395 Καὶ
3648 1343 3773 1395 οὐδέ
3814 1359 3920 1392 nm
3952 1346 4045 1410 τὴν

2445 1433 2665 1498 ἀκτῖνα,
2697 1435 2891 1505 ἐτέρας
2925 1436 3113 1492 οὐσίας
3144 1435 3376 1502 λέγομεν
3417 1430 3638 1504 εἷναι,ἦ
3679 1437 3746 1486 ὐσ
3786 1435 3923 1503 ἐραν
3956 1435 4043 1487 τεῦ

2445 1526 2618 1595 ἡλίου.
2650 1526 2836 1590 Οὕτως
2864 1527 2957 1580 οῦν
2985 1529 3078 1581 καὶ
3110 1529 3199 1580 τὸν
3229 1529 3354 1580 Υίὸν
3375 1528 3715 1581 ἀπεστάλθαι
3740 1529 3822 1596 τῷ
3856 1530 4044 1597 κόσμῳ

2443 1615 2597 1683 παρὰ
2629 1615 2723 1667 τοῦ
2749 1617 2941 1686 νοητοῦ
2977 1617 3150 1687 ἡλίου,
3183 1617 3276 1670 τοῦ
3311 1619 3544 1689 Πατρὸς,
3585 1621 3662 1680 ὡς
3695 1618 4042 1687 ἀπαύγασμα

2442 1709 2536 1760 καὶ
2570 1711 2785 1768 ἀκτῖνα.
2819 1712 2911 1763 καὶ
2940 1713 3078 1781 φὼς,
3123 1713 3216 1765 καὶ
3246 1713 3321 1776 ὡς
3373 1713 3440 1766 ἂν
3470 1713 3707 1782 βούλοιο,
3758 1715 3888 1766 καθ’
3924 1719 4043 1767 ὅσον

2443 1803 2698 1873 ἐγχωρεῖ,
2738 1806 2923 1876 καλεῖν
2972 1807 3154 1858 αὐτόν.
3195 1808 3309 1860 Οὐκ
3343 1807 3571 1877 ἄκαιρον
3610 1807 3667 1859 δὲ
3706 1809 3910 1870 εἰπεῖν,
3964 1808 4040 1858 ὲν-

743 1894 850 1938 tem
885 1887 1004 1953 quis
1022 1887 1500 1954 SpiritumChristi
1541 1908 1644 1947 ιιοη
1676 1895 1950 1959 habuerit,
1988 1898 2076 1950 hic
2112 1914 2216 1952 non
2251 1914 2317 1952 es

2439 1899 2614 1950 ταῦθα
2656 1898 2749 1950 τοῦ
2803 1899 2962 1967 λόγου
3009 1902 3332 1971 γενομένου,
3388 1902 3506 1964 πῶς
3555 1902 3669 1971 ἔχει
3723 1905 3752 1955 ὁ
3807 1903 3940 1964 Υἱὸς
3983 1903 4041 1955 τὸ

742 1977 858 2043 ejus
891 1980 987 2031 ⁸⁸.»
1037 1979 1176 2034 Sane
1227 1983 1399 2036 Latini
1434 1985 1572 2039 male
1604 1988 1714 2041 hanc
1749 2000 2086 2055 exponentes
2116 1993 2219 2063 (α),
2275 2002 2329 2047 el

741 2071 918 2123 minus
941 2086 1084 2125 recte
1122 2076 1505 2144 intelligentes,
1527 2079 1709 2132 dicunt
1736 2081 1876 2149 quod
1899 2081 2134 2151 Spiritus
2166 2088 2328 2139 etiam

738 2178 802 2217 ex
836 2163 970 2218 Filio
991 2169 1265 2234 procedat.
1288 2169 1396 2223 Nos
1420 2181 1599 2224 autem
1627 2173 1724 2226 hoc
1749 2174 1966 2241 quidem
1994 2177 2224 2245 ptimum
2247 2178 2329 2230 di-

737 2255 910 2310 cimus
929 2259 992 2310 ad
1018 2273 1134 2324 eos,
1159 2262 1300 2328 quod
1326 2261 1467 2315 aliud
1493 2263 1560 2314 sit
1583 2278 1701 2318 esse
1723 2281 1786 2319 ex
1817 2267 2094 2335 quopiam,
2114 2278 2167 2321 et
2185 2269 2325 2322 aliud

735 2360 853 2399 esse
882 2350 1159 2413 cujusdam
1185 2369 1198 2404 :
1223 2351 1529 2420 utSpiritus
1557 2365 1639 2410 est
1669 2357 1884 2425 quidem
1914 2359 2152 2427 Spiritus
2201 2359 2325 2415 Filii

735 2439 940 2506 absque
961 2442 1141 2506 dubio,
1173 2446 1308 2498 etab
1345 2449 1490 2500 omni
1531 2449 1809 2518 Scriptura
1837 2451 1938 2505 hoc
1970 2453 2323 2521 approbatum

733 2544 813 2585 est
845 2548 856 2593 ;
884 2543 1134 2587 caeterum
1161 2551 1282 2591 esse
1303 2554 1367 2592 ex
1395 2537 1549 2602 Filio,
1580 2544 1719 2595 nulla
1745 2542 2028 2620 Scriptura
2072 2556 2320 2612 testatur,

733 2635 789 2676 ut
819 2640 886 2679 ne
917 2626 1024 2680 duo
1045 2629 1305 2700 principia
1338 2629 1572 2699 Spiritus
1602 2636 2010 2692 introducamus
2030 2639 2241 2695 Patrem
2270 2651 2322 2694 et

731 2714 947 2772 Filium.
984 2719 1254 2787 Profecto,
1291 2725 1543 2791 inquiunt
1575 2745 1589 2782 ς
1623 2743 1746 2782 nam
1781 2731 2324 2800 etinspiravltdisci-

734 2812 893 2878 palis,
945 2823 998 2865 et
1039 2813 1172 2866 dixit
1209 2834 1220 2868 :
1265 2835 1282 2866 ι
1330 2819 1572 2886 Accipite
1608 2819 1870 2889 Spiritum
1919 2835 2162 2879 sanctum
2193 2827 2259 2878 ⁸⁷.
2299 2847 2317 2880 ι

735 2900 779 2956 Ο
811 2907 1228 2974 insipientiam!
1271 2907 1328 2962 Si
1356 2920 1483 2964 tunc
1535 2911 1683 2965 dedit
1731 2912 2014 2981 discipulis
2059 2915 2320 2986 Spiritum

728 2996 944 3063 quando
986 2995 1293 3066 insulilavit,
1336 3004 1604 3070 quomodo
1637 3015 1824 3072 postea
1857 3006 1992 3059 dixit
2017 3009 2118 3074 eis,
2165 3028 2184 3060 ε
2209 3010 2318 3066 Ac-

723 3086 939 3155 cipietis
974 3088 1227 3145 virtutem
1283 3096 1716 3162 supervenientis
1744 3094 1981 3165 Spiritus
2023 3101 2198 3156 sancti
2229 3118 2321 3156 su-

723 3192 818 3247 per
850 3194 965 3242 vos.
1001 3198 1104 3236 non
1133 3194 1253 3253 post
1285 3185 1479 3241 multos
1505 3188 1602 3243 hos
1629 3187 1746 3244 dies
1774 3187 1852 3257 ἐς
1887 3191 2017 3258 i_vel
2043 3195 2314 3262 quomodo

727 3271 779 3325 in
812 3271 1133 3329 Pentecoste
1168 3278 1438 3334 credimus
1476 3281 1674 3335 factum
1704 3281 2027 3339 descensum
2054 3284 2310 3356 Spiritus,

726 3363 996 3432 siquidem
1025 3368 1076 3421 in
1111 3383 1335 3438 vespera
1367 3372 1469 3425 diei
1509 3377 1927 3431 resurrectionis
1951 3377 2095 3433 dedit
2124 3381 2313 3435 illum?

719 3463 847 3510 tunc
874 3459 1019 3511 enim
1047 3460 1348 3529 inSpiravit.
1379 3464 1448 3517 At
1477 3465 1588 3519 haec
1619 3469 1834 3535 quidem
1858 3470 2013 3524 valde
2062 3473 2308 3528 ridicula.

716 3546 1068 3606 llauilestum
1096 3553 1239 3608 enim
1272 3558 1417 3623 quod
1457 3566 1585 3612 tunc
1617 3559 1721 3613 illis
1757 3560 2019 3630 Spiritum
2061 3577 2309 3622 sanctum

717 3656 826 3697 non
851 3642 1079 3706 dederit,
1108 3648 1201 3698 sed
1226 3648 1424 3701 donum
1448 3667 1611 3704 unum
1640 3651 1874 3721 Spiritus
1893 3656 2087 3719 sancti,
2116 3660 2309 3715 remis-

714 3734 926 3788 sionem
955 3736 1163 3790 scilicet
1193 3740 1425 3805 peccati.
1456 3741 1653 3794 Statim
1687 3745 1830 3798 enim
1858 3748 2074 3801 subdit:
2102 3769 2119 3801 ι
2159 3753 2304 3817 Quo-

714 3836 831 3875 rum
871 3825 1460 3908 remiseritispeccata.
1516 3846 1534 3880 ι
1579 3828 1752 3904 liabet
1805 3845 1983 3888 autem
2041 3837 2305 3904 Spiritum

711 3913 883 3971 Filius
917 3919 1373 3984 substantialitcr,
1408 3931 1464 3972 ιιι
1500 3924 2165 3992 c0u5ubstautialemsibi,
2200 3946 2305 3985 non

709 4024 740 4063 a
782 4024 889 4078 quo
920 4012 1294 4079 operationem
1329 4014 1581 4084 recipiat,
1608 4020 2068 4088 sicutprophetze.
2099 4021 2306 4078 Dicitur

708 4111 889 4155 autem
927 4101 1165 4171 Spiritus
1191 4121 1312 4160 esse
1344 4105 1466 4161 Filii
1496 4112 1796 4163 secundum
1825 4115 1968 4179 quod
1997 4115 2198 4171 veritas
2221 4126 2305 4172 est

706 4189 894 4257 Filius,
917 4205 968 4247 et
987 4197 1177 4261 virtus,
1199 4210 1251 4252 et
1273 4200 1562 4268 sapientia,
1591 4202 1829 4271 Spiritus
1853 4215 2031 4258 autent
2055 4221 2297 4276 sanetus,

705 4296 761 4339 et
788 4288 1031 4344 veritatis
1079 4303 1133 4344 ct
1170 4291 1506 4348 fortitudinis
1542 4307 1595 4348 et
1633 4298 1916 4364 sapientiae
1960 4297 2197 4367 Spiritus
2233 4306 2300 4357 ab

705 4377 841 4433 lsaia
874 4383 1243 4451 describitur;
1291 4396 1342 4438 et
1372 4387 1690 4456 aliter,qnia
1722 4404 1817 4457 per
1839 4389 2032 4444 Filiunt
2066 4393 2298 4448 homini-

704 4470 810 4526 bus
841 4472 1019 4539 datur,
1057 4485 1340 4544 propterea
1377 4479 1497 4533 Filii
1557 4483 1778 4538 dicitur.
1817 4484 1992 4541 Crede
2022 4489 2185 4556 igitur
2245 4504 2297 4546 tu

2442 1987 2689 2057 Πνεῦμα,
2724 1990 2817 2041 καὶ
2845 1989 2963 2053 πῶς
2997 1991 3218 2059 λέγεται
3241 1992 3300 2043 τὸ
3328 1992 3554 2061 Πνεῦμα
3584 1992 3678 2044 τοῦ
3709 1991 3868 2048 Υἰοῦ.
3904 1993 4040 2062 Φησὶ

2434 2085 2542 2153 γὰρ
2563 2083 2657 2135 καὶ
2685 2086 2712 2136 ὁ
2752 2084 3107 2148 Ἀπόστολος·
3144 2105 3162 2136 ι
3205 2087 3279 2138 Τὸ
3313 2086 3539 2155 Πνεῦμα
3570 2087 3665 2141 τοῦ
3699 2088 3836 2141 Tia?)
3863 2090 4033 2143 αὐτοῦ

2435 2176 2493 2225 ὲν
2535 2178 2655 2238 ταῖς
2689 2177 2941 2246 καρδίαις
2981 2179 3136 2248 ὐμῶν
3166 2179 3476 2243 ἀπέστειλε,
3518 2182 3724 2250 κρόζον
3747 2197 3760 2210 '
3809 2182 3983 2235 'A66i
4009 2184 4035 2235 ὁ

2434 2269 2658 2338 Πατήρ·
2701 2289 2718 2321 ι
2762 2273 2854 2323 καὶ
2903 2272 3090 2336 πάλ.ν,
3128 2292 3143 2322 ι
3192 2273 3250 2324 Εἰ
3299 2273 3355 2326 δέ
3387 2289 3472 2337 τις
3518 2274 3749 2343 Πνεῦμα
3791 2275 4032 2345 Χριστοῦ

2432 2362 2532 2413 οὐκ
2568 2362 2701 2432 ἔχει,
2738 2359 2893 2428 οὗτος
2919 2365 3018 2416 οὐκ
3059 2365 3204 2417 ἐστιν
3249 2365 3448 2422 αὐτοῦ.
3495 2383 3514 2418 ι
3549 2368 3610 2421 Ol
3648 2369 3758 2439 γὰρ
3791 2373 4030 2431 Λατῖνοι,

2431 2455 2619 2516 κακῶς
2652 2456 2824 2510 ταῦτα
2865 2459 3213 2528 ἐκδεχόμενοι
3247 2460 3343 2512 καὶ
3384 2461 3812 2532 παρανοοῦντες,
3842 2465 4026 2530 φασὶν,

2429 2548 2510 2600 ὅτι
2541 2547 2602 2602 τὸ
2637 2549 2863 2621 Πνεῦμα
2909 2554 2976 2604 ὲκ
3014 2553 3108 2605 τοῦ
3145 2553 3272 2607 Υίοῦ
3312 2556 3698 2624 ἐκπορεύεται.
3751 2558 3947 2625 Ἡμεῖς
3976 2559 4028 2609 ἑὲ

2431 2645 2649 2715 πρῶτον
2681 2645 2782 2716 μὲν
2813 2646 2972 2698 τοῦτό
3006 2663 3190 2716 φαμεν
3215 2649 3352 2718 πρὸς
3387 2649 3606 2712 αὐτοὺς,
3637 2651 3717 2702 ὅτι
3754 2651 3888 2703 ἄλλο
3921 2653 4030 2703 ἐστὶ

2427 2740 2488 2790 τὸ
2513 2733 2654 2791 εἶναι
2693 2737 2759 2792 ἔκ
2790 2756 2958 2804 τινος,
2996 2741 3089 2792 καὶ
3133 2741 3263 2793 ἄλλο
3296 2741 3358 2793 τὸ
3403 2739 3544 2794 εἷναί
3583 2759 3729 2803 τινος
3755 2760 3766 2771 °
3803 2737 3939 2804 dav,
3973 2747 4030 2796 τὸ

2433 2829 2658 2900 Πνεῦμα
2691 2828 2831 2884 εἶναι
2877 2832 2975 2902 μὲν
3003 2833 3099 2884 τοῦ
3145 2833 3277 2886 Υἱοῦ
3322 2833 3568 2904 Πνεῦμα,
3629 2836 4025 2903 ἁναμφίὸοὶου,

2431 2922 2525 2976 καὶ
2562 2923 2713 2993 παρὰ
2731 2923 2831 2991 τῆς
2863 2923 3089 2994 Γραφῆς
3122 2925 3304 2994 πάσης
3331 2925 3721 2996 βεϐαιούμενον
3743 2943 3755 2955 '
3791 2922 3934 2982 εἶναι
3972 2929 4026 2984 ξι

2427 3014 2491 3064 ἐκ
2529 3013 2624 3066 τοῦ
2670 3012 2820 3080 Υίοῦ,
2862 3015 3092 3084 οὐδεμία
3122 3016 3311 3088 Γραφὴ
3348 3021 3638 3090 μαρτυρεῖ,
3675 3020 3764 3072 ἵνα
3817 3021 3894 3093 μὴ
3937 3023 4026 3075 δύο

2425 3105 2550 3168 τοὺς
2580 3105 2788 3170 αἰτίους
2830 3107 2924 3164 τοῦ
2975 3109 3296 3178 Πνεύματος
3325 3111 3654 3181 εἰσάξωμεν,
3684 3116 3777 3167 τόν
3809 3133 3869 3169 τε
3915 3119 4024 3170 Πα-

2423 3198 2561 3269 τέρα
2601 3201 2695 3253 καὶ
2731 3201 2823 3253 τὸν
2871 3201 3020 3256 Υἱὸν.
3053 3201 3184 3268 Ναὶ,
3212 3204 3401 3273 φασὶν,
3440 3206 3556 3258 ἀλλ’
3581 3208 3889 3281 ὲνεῃύσησε
3919 3215 4025 3276 τοῖς

2430 3294 2722 3365 μαθηταῖς,
2753 3297 2848 3350 καὶ
2875 3294 2996 3351 εἷπε
3019 3315 3032 3329 ’
3065 3315 3083 3350 ι
3118 3298 3328 3353 Λάϐετε
3354 3301 3576 3372 Πνεῦμα
3598 3303 3778 3372 ἅγιον.
3803 3325 3820 3357 ι
3852 3306 4023 3360 Βαόαὶ

2423 3390 2523 3459 τῆς
2568 3390 2892 3462 παροινίαςῑ
2953 3392 3017 3445 Ei.
3058 3393 3180 3445 τότε
3245 3394 3412 3447 ἔδωκε
3467 3397 3578 3458 τοῖς
3632 3397 3908 3468 μαθηταῖς
3967 3401 4022 3453 τδ

2425 3482 2673 3553 Πνεῦμα,
2707 3485 2796 3537 ὅτε
2831 3484 3160 3554 ἐνεφύσησε,
3195 3486 3314 3548 πῶς
3369 3487 3554 3540 λοιπὸν
3594 3489 3785 3559 ἔλεγεν
3818 3492 4018 3556 αὐτοες,

2421 3573 2503 3626 ὅτι
2530 3592 2545 3624 ι
2578 3573 2834 3645 Λήψεσθε
2859 3575 3093 3647 δύναμιν
3115 3578 3435 3643 ἐπελθόντος
3457 3580 3552 3632 τοῦ
3577 3583 3739 3648 ἁγίου
3775 3585 4017 3654 Πκεύμα·

2420 3682 2508 3725 τος
2543 3666 2628 3735 ἐφ’
2666 3667 2812 3737 ὑμᾶς
2846 3667 2908 3720 οὐ
2942 3667 3084 3736 μετὰ
3140 3668 3344 3732 πολλὰς
3386 3671 3588 3734 ταύτας
3627 3675 3903 3744 ἡμέραςς·
3928 3697 3944 3727 ι
3986 3677 4014 3745 ἢ

2420 3759 2537 3822 πῶς
2573 3760 2630 3811 ἐν
2659 3763 2724 3830 τῇ
2765 3762 3114 3833 Πεντηκοστῇ
3155 3766 3485 3834 πιστεύομεν
3525 3765 3626 3834 τὴν
3667 3768 3896 3820 κάθοδον
3927 3773 4016 3837 γε·

2418 3848 2605 3903 νέσθαι
2641 3850 2734 3902 τοῦ
2768 3851 3107 3922 Πνεύματος,
3143 3855 3261 3921 εἴγε
3294 3856 3352 3907 ὲν
3384 3859 3452 3926 τῇ
3479 3856 3608 3929 ὀψίᾳ
3647 3861 3747 3929 τῇς
3782 3863 4015 3914 ἀνασταο

2420 3943 2581 4011 σίμου
2631 3943 2846 4013 ἡμέρας
2875 3945 3078 3999 ἔδωκεν
3115 3948 3282 4013 abso;
3316 3948 3439 4002 τότε
3477 3953 3583 4020 γὰρ
3614 3953 3794 4022 δήπου
3824 3957 4017 4022 ἐνεφύ-

2421 4050 2608 4102 σησεν.
2653 4034 2814 4086 ’Λλλά
2834 4035 3007 4090 ταῦτα
3037 4039 3136 4106 μέν
3160 4042 3278 4093 ἐστι
3313 4042 3524 4105 πλατὺς
3554 4044 3754 4110 γέλως.
3782 4048 4017 4118 Φανερὸν

2414 4126 2546 4195 γὰρ,
2582 4125 2658 4189 ὡς
2697 4128 2820 4181 τότε
2873 4130 3059 4191 αὐτοῖς
3088 4133 3150 4185 οὐ
3198 4134 3259 4186 τὸ
3316 4135 3473 4202 ἅγιον
3515 4137 3736 4209 Πνεῦρα
3768 4139 4016 4205 δέδωκεν,

2413 4220 2551 4271 ἀλλὰ
2583 4222 2834 4289 χάρισμα
2883 4219 2941 4273 ἓν
2975 4221 3086 4275 τῶν
3133 4225 3229 4277 τοῦ
3280 4227 3626 4297 Πνεύματος,
3683 4232 3746 4284 τὸ
3797 4234 4015 4303 ἀφιέναι

2411 4315 2510 4377 τὰς
2572 4315 2872 4384 ἁμαρτίας.
2933 4316 3112 4378 Εὐθὺς
3170 4319 3280 4389 γὰρ
3331 4321 3564 4389 ὲπάγει’
3619 4342 3638 4376 ι
3698 4327 3803 4378 Ἀν
3857 4346 4015 4382 τινων

2411 4407 2584 4477 ἀφῆτε
2619 4408 2714 4471 τὰς
2741 4409 3039 4477 ἁμαρτίας.
3077 4430 3093 4463 ι
3130 4411 3201 4464 Τὸ
3233 4411 3290 4465 δὲ
3323 4414 3554 4484 Πνεῦμα
3585 4416 3642 4468 οἰ
3667 4439 3672 4443 ν
3699 4419 3870 4483 M66»,-
3906 4423 4013 4492 ἔχει

2410 4501 2437 4550 ὁ
2471 4499 2614 4563 Υἱὸς,
2668 4500 2742 4562 ὠς
2791 4501 3080 4569 ὀμοούσιος
3121 4503 3297 4575 αὐτῷ,
3337 4507 3432 4576 οὐχ
3486 4507 3562 4569 ὼς
3616 4511 4014 4583 ἑνεργούμενος

703 4563 964 4632 Spiritum
1002 4581 1031 4618 a
1083 4565 1246 4623 Patre
1273 4571 1489 4638 quidem
1523 4575 1818 4644 proficisci,
1852 4594 1946 4648 per
1984 4579 2181 4636 Filium
2209 4600 2299 4637 au-

2427 4594 2500 4645 ὄπ’
2528 4591 2695 4645 αὐτοῦ
2720 4607 2732 4621 ·
2757 4599 2804 4644 ot
2826 4563 2939 4662 ,γὰρ
2968 4563 3258 4665 προφῆται.
3278 4563 3656 4668 ἐνεργοῦνται.
3690 4563 3933 4674 λέγείὲιι
3958 4563 4010 4661 δέ

701 4665 808 4711 tem
838 4657 951 4734 dari
986 4675 1270 4730 creaturae,
1314 4674 1476 4734 atque
1507 4667 1594 4722 hic
1626 4670 1696 4722 sit
1755 4672 1849 4726 tibi
1904 4687 2081 4728 canon
2106 4679 2296 4731 ortho—

698 4747 852 4805 doxae
884 4731 1165 4807 doctrinae.

2406 4679 2467 4730 τὸ
2501 4680 2726 4749 Πνεῦμα
2760 4677 2899 4734 εἶναι
2929 4682 3025 4736 τοῦ
3062 4685 3215 4750 Υἱοῦ,
3249 4688 3386 4741 καθὸ
3411 4688 3645 4760 ἀλήθεια
3680 4696 3785 4765 μέν
3807 4698 3953 4751 ἐστιν
3985 4700 4009 4748 ὁ

2406 4772 2555 4836 Υἱὸς,
2597 4776 2691 4827 καὶ
2721 4776 2973 4845 δύναμις,
3009 4780 3106 4831 καὶ
3153 4781 3349 4850 σοφία·
3381 4783 3444 4836 τὺ
3479 4783 3540 4838 ὁὶ
3569 4786 3733 4855 ἀγιον
3767 4789 4005 4862 Πνεῦμα,

697 4844 794 4896 καὶ
832 4845 1113 4914 ἀληθείας,
1151 4865 1248 4903 και
1283 4850 1490 4919 ίσχύος,
1540 4855 1634 4906 καὶ
1669 4856 1859 4922 σοφίας
1885 4860 2113 4932 Πνεῦμα
2147 4866 2298 4936 παρὰ
2340 4867 2435 4920 τοῦ
2475 4869 2697 4922 Ἡσαΐου
2747 4873 3182 4942 ἀναγέγραπται.
3227 4844 3338 4930 Καὶ
3383 4877 3562 4945 ἄλλως
3613 4844 3696 4948 ἀὲ,
3749 4887 3876 4940 ἐπεὶ
3918 4844 4007 4941 Ι6ιά

694 4937 828 4990 Υίοῦ
858 4941 1203 5009 χορηγεϊται,
1232 4943 1343 5004 τοῖς
1371 4943 1705 5014 ἀνθρώποις,
1741 4947 1830 5002 διὰ
1861 4951 2021 5004 τοῦτο
2054 4955 2147 5007 τοῦ
2179 4957 2310 5011 Υίοῦ
2359 4961 2594 5027 λέγεται.
2685 4937 2937 5016 Πίστευεν
2960 4937 3024 5019 σὺ
3084 4969 3144 5021 τὸ
3196 4968 3445 5041 Πνεῦμα,
3505 4937 3569 5028 δὲ
3620 4937 3717 5033 τοῦ

696 5032 796 5102 μὲν
831 5033 1104 5102 προϊέναι,
1132 5033 1199 5087 δι’
1232 5032 1363 5087 Υίοῦ
1392 5035 1449 5087 δὲ
1485 5039 1842 5107 χορηγεῖσθαι
1866 5044 1933 5112 τῇ
1966 5044 2161 5111 κτίσει,
2201 5049 2297 5101 καὶ
2330 5044 2483 5115 οὗτος
2507 5053 2662 5106 ἔσται
2689 5071 2771 5107 σοι
2803 5056 2984 5110 κανὼν
3010 5058 3342 5128 ὀρθοδοξίας.

763 5119 930 5177 Vens.
963 5123 1053 5185 '55,
1077 5122 1166 5178 36.
1212 5142 1230 5175 ι
1263 5123 1424 5180 Pater
1444 5126 1867 5198 diligitFiliunt,
1897 5145 1950 5189 et
1981 5138 2160 5190 omnia
2197 5141 2291 5192 de-

693 5217 769 5273 bit
816 5219 888 5270 illi
923 5219 971 5271 in
1007 5233 1189 5273 manu.
1225 5219 1328 5287 Qui
1358 5223 1532 5277 credit
1560 5225 1612 5277 in
1640 5224 1856 5293 Filium,
1898 5231 2060 5285 habet
2123 5232 2288 5286 vitam

689 5324 989 5368 :eternam:
1028 5317 1120 5386 qui
1149 5325 1328 5369 autem
1365 5318 1675 5373 incredulus
1707 5330 1789 5374 est
1817 5321 1974 5389 Filio,
2006 5339 2112 5376 non
2140 5326 2293 5380 vide-

687 5404 766 5459 bit
800 5406 988 5471 vitatn,
1015 5411 1108 5460 sed
1142 5408 1217 5461 ira
1241 5406 1332 5461 Dei
1372 5420 1553 5464 manet
1583 5425 1744 5479 super
1773 5427 1918 5468 eum.
1949 5434 1965 5466 ι
1994 5413 2289 5484 Postquam

687 5498 827 5549 dixit
864 5501 928 5551 de
985 5499 1206 5553 Christo
1268 5500 1546 5566 sublimia,
1612 5519 1757 5557 nunc
1814 5506 2008 5559 iterum
2063 5510 2289 5564 humilia

690 5590 952 5657 loquitur,
1007 5607 1318 5646 sermonem
1384 5595 1727 5650 auditoribus
1782 5609 2174 5668 attemperaus,
2235 5615 2291 5656 ut

687 5683 807 5750 capi
849 5685 1038 5751 possit.
1075 5684 1198 5738 Ideo
1232 5685 1384 5750 dicit,
1425 5685 1587 5742 Pater
1621 5689 1796 5760 diligit
1850 5690 2066 5760 Filium,
2129 5697 2286 5765 quasi

754 5799 800 5832 "
831 5802 1006 5860 Galat.
1040 5820 1110 5870 vt,
1140 5807 1192 5860 6.
1271 5805 1317 5837 ⁸⁸
1367 5808 1523 5864 llom.
1583 5825 1699 5879 mi,
1740 5811 1792 5870 9.

1875 5813 1918 5845 ⁸²
1943 5813 2098 5871 Joan.
2132 5832 2226 5884 xx,
2255 5817 2344 5874 22.

2483 5164 2499 5196 ι
2548 5145 2604 5197 '0
2635 5147 2824 5217 Πατὴρ
2849 5151 3043 5222 ἀγαπᾷ
3065 5151 3155 5204 τὸν
3184 5152 3439 5223 Υίὸν,καὶ
3469 5161 3654 5217 πάντα
3687 5164 3927 5224 δέδωκεν
3951 5176 4006 5227 ιν

2402 5239 2466 5309 τῇ
2505 5238 2651 5310 χειρὶ
2681 5241 2873 5296 αὑτοῦ,
2913 5244 2970 5296 ’0
2998 5246 3274 5300 πιστεύων
3305 5251 3386 5313 εἰς
3414 5251 3507 5306 τὸν
3543 5255 3692 5320 Υἰὸν,
3718 5260 3835 5330 ἔχει
3864 5265 4005 5332 ζωὴν

2400 5332 2641 5385 αίιὺνιον-
2672 5335 2699 5386 ὁ
2728 5334 2783 5387 δὲ
2809 5335 3143 5410 ἀπειθῶντῷ
3170 5341 3300 5411 Υἱῷ,
3324 5346 3422 5398 οὐκ
3441 5348 3634 5418 ὄψεται
3654 5351 4002 5426 ζωὴν,ἀλλ“ή

2399 5424 2536 5496 ὀργὴ
2560 5426 2653 5479 τοῦ
2678 5427 2814 5480 Θεοῦ
2843 5432 3098 5499 μενεῖέπ⁹
3127 5435 3346 5491 αὐτόν.»
3379 5439 3565 5493 Εἰπὼν
3598 5448 3844 5516 περὶτοῦ
3872 5424 4002 5519 Χρεέ

2401 5517 2526 5569 στοῦ
2561 5519 2631 5572 τὰ
2689 5521 2890 5593 ὑψηλὰ,
2931 5523 3026 5577 νῦν
3078 5527 3238 5581 πάλιν
3284 5531 3354 5584 τὰ
3404 5539 3638 5589 ταπεινά
3674 5540 3998 5610 φθέγγεταε,

2398 5609 2810 5681 εὐπαράδεκτον
2841 5616 2932 5667 τὸν
2967 5618 3130 5686 λόγον
3179 5624 3293 5684 τοῖς
3329 5626 3631 5695 ἀκροαταῖς
3672 5633 3866 5686 ποιῶν.
3903 5639 3998 5688 Διά

2396 5701 2574 5766 τοῦτο,
2606 5705 2795 5772 φησὶν,
2828 5707 3017 5781 ἀγαπᾷ
3047 5713 3075 5764 ὁ
3110 5712 3305 5786 Πατὴρ
3335 5718 3425 5772 τὸν
3461 5719 3609 5788 Υίὸν,
3639 5723 3714 5788 ὠς
3744 5728 3874 5796 περὶ
3900 5731 3998 5780 ἀν·-

2422 5821 2466 5853 ⁸⁶
2497 5823 2618 5880 Act.
2647 5841 2683 5895 t,
2717 5826 2770 5883 5.

746 5931 818 5986 (α)
858 5924 980 5976 Viue
1008 5927 1424 5981 Dissertationem
1449 5931 1702 5994 praeviam,
1726 5948 1842 5984 nam
1868 5934 1994 5997 XIX,
2017 5937 2206 5992 col.81.
2231 5939 2371 5993 Εοιτ.
2397 5940 2546 5994 Pars.
