4218 6424
689 416 821 481 2927

1536 398 2118 467 THEOPHYLACTI
2164 394 2573 461 DULGARI£
2614 389 2973 454 ARCIIIEP.

3821 370 3959 439 ιω

678 550 848 589 ι.ιι.ιιι8
890 541 1067 587 autem
1109 523 1439 598 evangelista
1482 522 1735 579 invidiam
1789 530 2015 589 pronam
2050 528 2170 571 esse
2198 514 2266 570 Ini

2389 516 2420 569 ti
2454 514 2583 583 περὶ
2628 509 2907 570 Μάνεντα,
2960 503 3128 573 λέγω,
3188 498 3283 555 καὶ
3320 496 3697 558 Οὐαλεντίνον,
3745 495 3843 549 καὶ
3874 492 3964 545 τὸν

677 624 1021 686 calumniam,
1059 620 1224 684 dicit,
1274 616 1523 688 quamvis
1574 612 1731 670 Jesus
1787 624 1894 665 non
1943 607 2277 679 baptizarit,

677 712 841 770 invidi
880 722 1072 767 tamen
1124 710 1366 763 volentes
1410 705 1685 761 concitare
1736 699 2044 755 Pbariseos
2079 707 2269 753 contra

672 807 973 867 Christum,
1021 801 1493 857 calumniabantur
1545 810 1668 852 eum
1721 792 1873 863 quasi
1919 789 2267 860 baptizasset.

682 917 700 950 ι
736 897 1027 966 Oportebat
1055 902 1235 947 autem
1268 891 1444 958 ipsum
1468 886 1703 942 transire
1731 899 1832 954 per
1883 880 2213 938 Samariam.
2245 896 2264 931 ι

678 990 854 1044 Veluti
892 986 1067 1041 obiter
1115 993 1169 1038 et
1198 998 1304 1036 non
1350 980 1622 1037 destinato
1662 978 1855 1033 itinere
1893 973 2268 1030 Samaritanos

681 1084 878 1139 adibat.
938 1078 1070 1134 Vide
1136 1077 1282 1132 enim
1346 1075 1489 1146 quod
1534 1088 1643 1131 non
1703 1070 1921 1135 dixerit,
1978 1065 2273 1135 Oportebat

679 1178 852 1240 ipsum
938 1172 1104 1225 abire-
1136 1170 1188 1223 in
1260 1167 1584 1231 Samariam,
1636 1162 1757 1226 sed,
1803 1181 1820 1213 ι
1891 1160 2122 1214 transire
2177 1170 2274 1226 per

683 1265 1011 1319 Samariam.
1055 1281 1073 1314 ι
1112 1260 1339 1315 Volebat
1381 1256 1526 1311 enim
1560 1254 1903 1309 occasionem
1928 1262 2145 1303 omnem
2176 1260 2271 1299 ca-

683 1357 901 1411 lntnnize
955 1354 1156 1409 iudicis
1212 1348 1551 1413 exscindere,
1608 1355 1668 1400 ut
1726 1345 1905 1399 dicere
1964 1339 2126 1411 552
2164 1350 2270 1391 non

682 1449 887 1516 possint
911 1430 1075 1514 quod,
1106 1428 1305 1497 relictis
1332 1444 1433 1508 eis,
1460 1437 1788 1506 concesserit
1818 1436 1885 1489 ad
1904 1443 2113 1505 gentes,
2138 1444 2274 1501 quas

680 1540 1153 1593 almminahantur.
1228 1533 1454 1602 Quando
1517 1543 1698 1585 autem
1756 1528 2056 1599 abegerunt
2105 1538 2271 1584 eum,

683 1647 811 1686 tunc
852 1631 1083 1684 arcessit
1123 1627 1188 1681 ad
1218 1625 1466 1697 gentiles,
1507 1635 1564 1679 et
1597 1635 1771 1693 neque
1813 1632 1939 1675 tunc
1968 1634 2034 1673 ex
2072 1631 2269 1690 prepo-

682 1728 810 1787 sito,
845 1722 938 1778 sed
962 1720 1155 1776 obiter.

756 1986 917 2040 Vens.
953 1986 1007 2050 5,
1033 1984 1083 2039 ϐ.
1117 2002 1134 2033 ι
1158 1981 1313 2036 Venit
1337 1996 1467 2051 ergo
1498 1981 1550 2035 in
1577 1979 1851 2033 civitatem
1873 1977 2134 2032 Samaria:
2155 1987 2290 2045 quze‘

687 2078 883 2130 dicitur
924 2075 1156 2145 Syeltar,
1207 2074 1361 2142 juxta
1415 2073 1675 2140 pnetliutn
1708 2069 1849 2139 quod
1907 2069 2056 2123 dedit
2107 2066 2277 2122 Jacob

681 2169 882 2238 stepb
942 2168 1049 2221 lilio
1102 2182 1202 2222 suo
1248 2166 1314 2219 ".
1374 2164 1500 2218 Erat
1523 2174 1702 2217 autem
1752 2161 1822 2216 ibi
1867 2162 1987 2215 fons
2031 2159 2217 2215 Jacob.
2255 2177 2274 2210 ι

686 2262 875 2329 Opera:
914 2261 1145 2330 pretium
1206 2257 1366 2312 fuerit
1413 2258 1595 2313 dicere
1626 2256 1766 2310 unde
1797 2254 2127 2308 Satnaritani
2168 2253 2273 2306 ori.

689 2361 866 2426 ginem
896 2353 1169 2419 duxerint,
1205 2362 1259 2407 et
1302 2354 1441 2406 unde
1468 2350 1882 2419 appellationem
1918 2347 2064 2401 illam
2104 2347 2282 2401 sortiti

691 2448 910 2500 fuerint.
962 2444 1156 2501 Somor
1209 2445 1352 2497 enim
1391 2457 1548 2497 mons
1589 2442 1887 2496 vocabatur
1916 2443 1984 2495 ab
2010 2454 2075 2495 eo
2112 2456 2139 2493 a
2177 2455 2286 2508 quo

688 2538 1099 2609 possidebatur,
1158 2534 1300 2588 sicut
1352 2542 1406 2587 et
1456 2532 1622 2587 Isaiae
1671 2531 1803 2586 dicit
1855 2550 1920 2584 ιι
1994 2528 2061 2582 Ει
2120 2539 2285 2599 caput

689 2634 883 2685 Somor
922 2627 1177 2699 Ephraim
1207 2627 1273 2680 ".
1317 2644 1335 2676 ι
1371 2624 1471 2691 Qui
1520 2635 1700 2678 autem
1736 2624 1802 2678 ad
1850 2633 2089 2678 montem
2133 2622 2284 2675 illum

691 2721 1031 2786 habitabant,
1078 2722 1310 2788 primum
1376 2733 1481 2771 non
1551 2717 1884 2771 vocabantur
1930 2713 2284 2778 Samaritani,

691 2810 1068 2865 sedlsraelita:
1120 2808 1444 2863 dicebantur
1500 2807 1565 2859 ³⁵.
1625 2806 1760 2861 Cum
1819 2816 2000 2860 autem
2032 2802 2288 2860 oﬂendis-

692 2913 814 2957 sent
846 2903 1034 2967 Deum,
1086 2893 1263 2955 traditi
1302 2908 1428 2954 sunt
1462 2898 1629 2954 variis
1668 2897 2002 2967 temporibus
2027 2896 2284 2967 Assyriis,

696 2993 931 3048 Tandem
984 2992 1258 3061 Assyrius,
1301 3003 1424 3044 cum
1456 2988 1814 3045 defectionem
1861 2989 2281 3051 meditarentur,

694 3086 1004 3155 supervenit
1033 3085 1308 3153 tenuitque
1354 3084 1618 3153 captivos,
1653 3092 1839 3139 etnon
1873 3082 2010 3137 ultra
2050 3083 2101 3135 in
2129 3096 2283 3134 suam

2376 606 2687 675 κατάρατον
2724 598 2979 668 Εὑτυχῆς
3006 592 3393 662 Αίνιττόμενος
3421 589 3479 644 δὲ
3510 589 3539 641 6
3562 583 3966 653 εὐαγγελιστὴς

2374 700 2437 750 τὸ
2467 673 2562 749 τοῦ
2598 693 2797 761 φθόνου
2827 684 3251 757 συκοφαντικδν,
3285 682 3475 753 φησὶν,
3504 680 3587 733 ὅτι
3618 678 3803 732 καίτοι
3842 691 3911 742 γι
3937 673 3968 724 6

2388 776 2726 858 Ἰησοῦς⁹οὑκ
2778 781 3097 843 ἐϐάπτιζεν,
3148 776 3265 831 ἀλλ’
3303 776 3455 844 ὅμως
3505 773 3555 826 oi
3609 767 3967 839 φθονοῦντες,

2377 880 2696 953 βουλόμενοι
2744 874 3062 939 ὑποκνίξειν
3110 871 3241 934 τοὺς
3284 867 3611 938 Φαρισαίους
3648 861 3794 916 κατά
3827 859 3972 928 Χρι-

2376 970 2528 1035 στοῦ,
2559 968 2969 1037 ἐσυκοφάντουν
3017 963 3183 1017 αὐτὸν
3236 960 3315 1022 ὡς
3352 957 3705 1029 βαπτίζοντα.
3754 972 3774 1005 ι
3814 952 3972 1005 Ἔδει

2373 1062 2631 1120 δὲ-αὐτδν
2659 1057 2972 1131 διέρχεσθαι
3013 1056 3104 1109 διὰ
3134 1054 3235 1122 τῆς
3281 1050 3621 1120 Σαμαρείας.
3656 1046 3786 1106 »Ὧς
3821 1044 3972 1111 πάρ-

2374 1175 2539 1229 εργον
2590 1155 2700 1225 γὰρ
2748 1152 2872 1207 ὁδοῦ
2930 1151 3172 1203 ἐποιεῖτο
3216 1146 3346 1207 τοὺς
3391 1143 3769 1212 Σαμαρείτας.
3818 1138 3973 1205 Ὀρα

2373 1254 2483 1322 γὰρ
2504 1252 2585 1305 ὅτι
2613 1250 2713 1303 οὐκ
2741 1244 2918 1309 εἶπεν,
2969 1244 3117 1298 Ἔδει
3171 1240 3335 1293 αὑτὸν
3380 1234 3717 1305 ἀπέρχεσθαι
3752 1234 3832 1293 είς
3869 1230 3973 1280 Σα-

2379 1345 2633 1413 μάρειαν,
2680 1339 2836 1400 ἀλλὰ,
2876 1356 2893 1388 t
2933 1332 3245 1405 διέρχεσθαι
3289 1330 3378 1382 διὰ
3425 1327 3523 1395 τῆς
3566 1323 3909 1392 Σαμαρείας.
3950 1338 3968 1369 ι

2388 1434 2675 1489 Ἐϐούλετο
2729 1431 2841 1501 γὰρ
2885 1433 3161 1499 πρόφασιν
3223 1424 3406 1476 πᾶσαν
3458 1415 3797 1486 κατηγορίας
3854 1415 3973 1467 τοῖς

2388 1527 2667 1588 Ἰουδαίοις
2701 1522 2972 1593 ἐκκόψαι,
3026 1520 3169 1573 ὥστε
3225 1518 3300 1588 μὴ
3326 1517 3473 1585 ἔχειν
3525 1512 3723 1572 αὐτοὺς
3763 1509 3969 1574 λέγειν,

2376 1621 2460 1674 ὅτι
2482 1620 2642 1687 ἀφεὶς
2674 1617 2875 1679 αὐτοὺς
2933 1614 3014 1675 είς
3039 1613 3104 1665 τὰ
3133 1610 3263 1680 εονη
3286 1610 3357 1661 τὰ
3387 1604 3653 1678 βδελυκτὰ
3678 1600 3971 1672 μετῆλθεν.

2377 1715 2547 1766 Ὅταν
2573 1711 2682 1779 γὰρ
2716 1707 3031 1778 ἀπήλαυνον
3058 1704 3246 1770 αὑτὸν,
3272 1704 3391 1756 τότε
3422 1703 3535 1763 τοῖς
3556 1699 3794 1759 ἐθνικοίς
3827 1711 3978 1764 πσρ-

2378 1804 2585 1881 ἐϐαλεο
2634 1802 2731 1855 καὶ
2807 1799 2928 1852 οὐδὲ
3002 1798 3124 1850 τότε
3197 1793 3675 1867 προηγουμένως,
3739 1788 3860 1841 ἀλλ’
3919 1789 3980 1837 ἐκ

2382 1898 2693 1969 παρέργου.

2460 2011 2479 2044 ι
2525 1992 2788 2061 Ἔρχεται
2822 1986 2915 2040 οῦν
2947 1987 3027 2048 είς
3074 1983 3232 2037 πόλιν
3262 1980 3363 2051 τῆς
3396 1976 3715 2050 Σαμαρείας
3748 1974 3984 2042 λεγομέ-

2384 2104 2482 2156 νην
2511 2086 2719 2156 Συχὰρ,
2753 2081 2985 2149 πλησίον
3038 2078 3136 2131 τοῦ
3170 2074 3395 2147 χωρίου,
3442 2073 3472 2127 δ
3516 2072 3719 2124 ἔδωκεν
3780 2065 3983 2121 Ἰακὼϐ

2397 2180 2601 2248 Ἰωσὴφ
2621 2176 2699 2246 τῷ
2724 2174 2829 2245 υίῷ
2847 2170 3035 2228 αὑτοῦ.
3055 2166 3165 2224 Ἦν
3188 2169 3244 2223 δὲ
3266 2170 3385 2222 ἐκεῖ
3409 2165 3563 2236 πηγὴ
3586 2163 3681 2217 τοῦ
3704 2159 3927 2215 Ἰακώϐ.
3959 2178 3977 2208 ι

2392 2271 2577 2337 ’Δξιον
2607 2271 2806 2333 είπεῖν,
2834 2266 2999 2321 πόθεν
3028 2264 3079 2317 οι
3114 2263 3455 2332 Σαμαρεῖται
3490 2258 3859 2325 συνέστησαν,
3888 2252 3986 2303 καὶ

2388 2363 2554 2417 πόθεν
2586 2361 2687 2430 τὴν
2723 2355 3104 2430 προσηγορίαν
3170 2352 3376 2421 ταύτην
3430 2348 3648 2403 ἔλαϐον.
3688 2346 3873 2412 Σομίιρ
3927 2344 3987 2395 τὸ

2386 2455 2512 2525 ὅρος
2540 2453 2795 2508 ἐκαλεῖτο
2839 2450 2949 2503 ἀπὸ
2981 2447 3079 2502 τοῦ
3128 2444 3477 2517 κτησαμένου
3507 2441 3664 2504 αὐτὸ,
3697 2436 3843 2491 καθὰ
3893 2439 3987 2489 καὶ

2398 2547 2629 2608 Ἡσαΐας
2661 2542 2862 2615 φησίν·
2892 2560 2910 2593 I
2961 2540 3027 2594 Ἦ
3064 2538 3278 2609 κεφαλὴ
3323 2535 3582 2605 Σομόρων
3650 2530 3923 2601 Ἐφραῖμ.
3963 2546 3982 2580 ι

2389 2641 2453 2696 Ol
2484 2638 2541 2692 δὲ
2574 2637 2681 2690 ὑπὸ
2706 2636 2769 2689 τδ
2795 2634 2922 2705 ὅρος
2944 2631 3247 2694 οἰκοῦντες,
3280 2617 3345 2682 οὗ
3370 2628 3711 2697 Σαμαρεῖται
3743 2623 3805 2674 τὸ
3832 2621 3986 2689 τρεῖ.-

2391 2750 2502 2799 τον,
2533 2731 2650 2785 ἀλλ’
2696 2728 3034 2800 Ἰσραηλῖται
3065 2725 3343 2793 ἐλέγοντο.
3391 2718 3887 2792 Προσκρούσαντες
3933 2715 3989 2765 δὲ

2390 2825 2472 2896 τῷ
2492 2822 2636 2895 Θεῷ,
2681 2820 3068 2893 παρεδόθησαν
3091 2817 3233 2871 κατὰ
3261 2813 3557 2884 διαφόρους
3594 2809 3823 2878 καιροὺς
3875 2807 3990 2867 τοῖς

2406 2919 2740 2989 Ἀσσυρίοις.
2784 2914 2952 2977 Τέλος
2985 2913 3042 2967 δὲ
3076 2913 3105 2964 6
3145 2908 3438 2979 ’Δσσύριος
3483 2903 3731 2957 ἐπελθὼν
3772 2902 3986 2964 αὐτοῖς,

2390 3009 2733 3069 ἀποστασίαν
2789 3006 3177 3078 μελετήσασιν,
3209 2995 3325 3055 εἷλέ
3367 3016 3427 3054 τε
3476 2997 3698 3060 αὐτοὺς,
3746 2994 3843 3047 καὶ
3890 2994 3991 3044 οὐκ

2393 3106 2475 3159 ἔτι
2541 3105 2725 3177 μένειν
2778 3100 2920 3156 κατὰ
2968 3097 3158 3170 χώραν
3208 3094 3460 3165 ἀφίησιν,
3508 3087 3841 3144 ὑποπτεύων
3892 3085 3991 3153 τὴν

695 3179 965 3246 regionem
1006 3176 1157 3230 abire
1187 3177 1455 3244 permisit,
1500 3176 1783 3247 suspicans
1815 3175 2011 3229 iterum
2043 3173 2284 3229 defectu-

2390 3173 2934 3262 at'i‘itc‘dmctaalaw
2965 3192 3104 3248 ἀλλὰ
3130 3188 3359 3253 τούτους
3383 3186 3484 3257 μὲν
3502 3186 3589 3249 εἰς
3606 3180 3991 3241 Βαϐυλωνίους

698 3287 787 3325 ros
837 3270 975 3324 :sed
1007 3269 1130 3323 illos
1156 3269 1372 3335 quidem
1420 3268 1690 3323 transtulit
1740 3268 1795 3322 in
1851 3266 2175 3338 Babylonios
2230 3277 2286 3321 et

697 3362 898 3426 Iletlos,
935 3361 1240 3415 Samariam
1291 3370 1471 3415 autem
1517 3360 1767 3428 gentibus
1794 3374 1859 3415 ex
1897 3359 2126 3416 diversis
2156 3359 2288 3413 locis

694 3454 1042 3524 congregatis
1076 3455 1339 3509 coloniam
1388 3454 1556 3509 dedit.
1585 3455 1750 3509 Porro
1788 3468 1955 3523 quum
1990 3456 2103 3507 hinc
2143 3452 2284 3507 facta

694 3556 899 3614 essent,
959 3549 1099 3602 Deus
1150 3558 1451 3603 monstrare
1502 3546 1687 3603 volens
1729 3547 1974 3602 barbaris
1998 3547 2141 3617 quod
2180 3562 2284 3600 non

697 3652 916 3711 propter
991 3641 1387 3711 impotentiam,
1460 3640 1557 3694 sed
1621 3650 1842 3710 pr0pter
1910 3650 2133 3709 peccata
2179 3638 2287 3693 illis

695 3732 912 3788 Judaeos
968 3735 1175 3787 servire
1232 3732 1438 3796 fecerit,
1474 3732 1700 3785 immisit
1742 3731 1925 3785 leones
1966 3732 2016 3783 in
2052 3745 2167 3795 eos,
2195 3730 2285 3799 qui

701 3828 752 3878 in
803 3825 1049 3878 Samaria
1100 3823 1439 3890 habitabant,
1484 3822 1767 3887 barbaros,
1826 3823 1915 3891 qui
1940 3822 2059 3877 illos
2094 3823 2286 3894 perde-

699 3918 1063 3970 hantonmes.
1110 3914 1224 3968 [lex
1268 3930 1393 3969 vero
1423 3930 1544 3967 cum
1595 3915 1695 3969 hoc
1731 3914 1997 3981 audisset,
2042 3916 2190 3968 misit
2220 3913 2288 3968 ad

698 4010 959 4078 quosdam
1006 4023 1073 4063 ex
1106 4009 1410 4063 senioribus
1455 4006 1675 4072 Judaeis,
1718 4017 1773 4062 et
1804 4008 2012 4078 rogavit
2046 4007 2173 4077 quid
2205 4004 2287 4059 [ει-

699 4104 971 4166 ciendum,
1006 4112 1063 4154 III
1112 4116 1219 4157 non
1274 4102 1413 4155 ultra
1460 4101 1647 4156 leones
1693 4104 1923 4171 perdant
1960 4114 2075 4165 eos,
2114 4100 2203 4169 qui
2232 4100 2284 4154 in

701 4196 972 4260 Samaria,
1029 4196 1310 4249 barbaros.
1357 4194 1437 4251 Illi
1503 4204 1681 4249 autem
1738 4196 2073 4251 etiarrabant
2120 4195 2311 4259 Deum,

702 4288 865 4342 Israel
890 4290 1166 4357 suSpiecre
1199 4290 1373 4343 locum
1401 4290 1573 4353 illunt,
1606 4299 1659 4343 et
1694 4304 1798 4343 non
1840 4289 2020 4343 sinere
2044 4287 2289 4341 habitare

702 4378 811 4431 illic
852 4393 944 4433 eos
991 4379 1081 4447 qui
1116 4394 1210 4433 sua
1263 4379 1501 4450 legitima
1554 4380 1823 4449 ignorent.
1858 4378 2028 4448 Igitur
2066 4379 2109 4433 si
2142 4394 2288 4433 cura:

701 4471 802 4524 sibi
846 4471 955 4525 sint
989 4471 1205 4525 barbari
1233 4472 1323 4541 qui
1357 4472 1485 4537 illic,
1518 4474 1695 4525 mittat
1723 4470 1941 4527 dada-os
1973 4472 2285 4527 sacerdotes

698 4563 787 4631 qui
861 4562 950 4617 Dei
1018 4564 1255 4633 legitima
1311 4564 1561 4619 barbaris
1608 4564 1846 4629 tradant,
1888 4573 1944 4617 et
1967 4565 2045 4618 sic
2076 4562 2289 4631 placent
2326 4555 2369 4611 Β

700 4655 894 4708 Deum.
951 4653 1303 4724 Obtemperat
1347 4655 1453 4710 illis
1507 4670 1622 4718 rex,
1652 4661 1707 4709 et
1750 4654 1915 4708 tnittit
1947 4656 2286 4709 sacerdotem

700 4752 987 4816 queunlam
1023 4746 1345 4799 traditurum
1400 4746 1503 4810 bis,
1540 4747 1629 4815 qui
1663 4746 1712 4799 in
1734 4742 2004 4811 Samaria,
2040 4745 2289 4799 barbaris

702 4842 873 4910 legem
941 4838 1055 4893 Dei.
1094 4840 1163 4891 At
1216 4838 1294 4892 illi
1336 4852 1440 4891 non
1468 4851 1656 4891 omnes
1686 4837 1856 4893 libros
1892 4838 2104 4893 divinos
2136 4852 2290 4891 rece-

702 4944 916 5004 perunt,
952 4933 1047 4986 sed
1081 4942 1286 4985 tantum
1309 4932 1546 5000 quinque
1569 4932 1735 4985 libros
1759 4928 1980 5002 Moysis,
2009 4930 2288 4997 Genesim,

703 5026 969 5090 Exedunt,
1001 5022 1328 5087 Leviticutn,
1377 5020 1645 5078 Numeros
1675 5034 1731 5077 et
1762 5022 2237 5078 Deuteronominm
2273 5038 2287 5075 :

703 5132 877 5186 neque
907 5115 1147 5186 perfecte
1175 5116 1244 5169 ab
1275 5115 1551 5184 impietate
1588 5117 1983 5180 discesserunt,
2024 5123 2080 5170 et
2108 5126 2293 5184 poste—

705 5211 941 5264 rioribus
963 5211 1179 5279 qniclent
1207 5208 1543 5277 temporibus
1569 5209 1900 5264 abstiterunt
1924 5211 1994 5263 ab
2027 5210 2292 5265 idolorum

706 5304 877 5367 cultu,
913 5302 1190 5373 Deumque
1231 5284 1541 5358 coluerunt.
1587 5305 1774 5372 itaque
1796 5303 1967 5358 Judaei
2002 5318 2030 5356 α
2062 5305 2295 5373 captivi-

705 5409 814 5455 tate
878 5400 1106 5470 regressi
1156 5397 1551 5454 :nmulabantur
1600 5398 1737 5463 illos,
1792 5407 1980 5468 ulpote
2032 5396 2289 5466 Assyrios

700 5478 923 5560 genere,
959 5503 1011 5545 et
1042 5508 1069 5543 a
1104 5501 1287 5545 monte
1319 5488 1702 5544 Samaritanos
1729 5492 2013 5545 vocabant.
2048 5489 2126 5543 illi
2162 5505 2289 5544 vero

702 5588 976 5639 Abraham
1007 5594 1059 5637 et
1112 5582 1281 5639 Jacob
1316 5583 1692 5653 progenitores
1720 5596 1847 5637 suos
1887 5583 2243 5637 nominabant
2275 5600 2286 5634 :

704 5682 956 5748 quoniam
994 5678 1269 5731 Abraham
1303 5675 1589 5731 Citalda-us
1626 5676 1824 5741 fuerat,
1856 5690 1906 5730 et
1939 5675 2127 5741 Jac-ob,
2164 5691 2291 5745 prou

2393 3294 2489 3346 ttat
2511 3290 2729 3362 Μήδους
2757 3288 3091 3359 μετήγαγεν,
3122 3282 3333 3337 ἐκεῖθεν
3362 3280 3420 3334 δέ
3454 3276 3584 3348 ἔθνη
3617 3278 3681 3329 ἐκ
3709 3276 3991 3343 διαφόρων

2389 3382 2576 3435 τόπων
2615 3378 2867 3448 ἀγαγὼν,
2895 3374 3207 3446 κατῴκισεν
3234 3373 3293 3434 ἐν
3322 3374 3388 3442 τῇ
3424 3367 3738 3438 Σαμαρείᾳ.
3766 3364 3989 3417 Τούτων

2389 3475 2447 3527 δὲ
2479 3472 2815 3541 γενομένων,
2847 3468 3175 3539 βουλόμενος
3199 3468 3227 3517 6
3256 3464 3387 3525 Θεὸς
3419 3462 3591 3527 δείξαι
3621 3462 3735 3520 τοῖς
3786 3454 3989 3526 βαρϐα·

2396 3584 2534 3637 ροις,
2564 3567 2646 3618 ὅτι
2674 3564 2748 3635 μὴ
2766 3563 2834 3616 δι’
2864 3561 3177 3625 ἀσθένειαν,
3201 3557 3340 3612 ἀλλὰ
3359 3556 3426 3609 δι’
3449 3552 3728 3625 ἁμαρτίαν
3753 3550 3986 3614 ἐξέδωκε

2389 3660 2516 3721 τοὺς
2561 3656 2851 3718 Ἰουδαίους
2886 3654 3094 3716 αὐτοῖς,
3118 3650 3388 3718 ὲπαῃίησι
3418 3647 3643 3708 λέοντας
3693 3644 3810 3705 τοῖς
3850 3658 3989 3711 μετ-

2389 3748 2721 3804 οικισοεῖσιν
2748 3748 2805 3799 ἐν
2831 3744 3122 3815 Σαμαρείᾳ
3170 3740 3487 3812 βαρϐάροις,
3531 3738 3731 3797 οἵτινες
3766 3731 3992 3794 τούτους

2394 3838 2753 3911 ἐλυμαίνοντο
2783 3834 3209 3901 ἁπαξάπαντας.
3254 3825 3726 3897 Ἀπαγγελθὲντος
3772 3824 3827 3876 δὲ
3864 3825 3991 3878 τού-

2391 3949 2489 3987 του
2522 3929 2600 4000 τῷ
2634 3927 2861 3999 βασιλεῖ,
2917 3920 3345 3996 μεταστέλλεταί
3377 3936 3528 3981 τινας
3568 3917 3678 3969 τῶν
3701 3917 3759 3968 ἐν
3788 3914 3993 3983 αίχμαο

2391 4025 2563 4095 λωσίᾳ
2603 4022 2877 4093 γερόντων
2926 4016 3226 4080 Ἰουδαίων,
3265 4014 3359 4068 καὶ
3409 4012 3610 4084 ἐρωτᾷ,
3639 4009 3691 4063 τί
3737 4009 3992 4077 ποιητέον

2391 4118 2499 4186 εἴη,
2532 4115 2607 4176 ὡς
2641 4114 2707 4167 ἂν
2734 4111 2936 4182 μηκέτι
2959 4109 3011 4161 οί
3036 4109 3249 4168 λέοντες
3278 4105 3657 4175 λυμαίνωνται
3679 4102 3810 4163 τοὺς
3843 4103 3901 4153 ἐν
3929 4102 3993 4170 τῇ

2391 4206 2680 4277 Σαμαρείᾳ
2730 4202 3063 4275 βαρϐάρους.
3109 4202 3173 4255 Ol
3205 4198 3261 4252 δὲ
3302 4195 3639 4268 ὑφηγοῦνται
3699 4192 3878 4262 αὐτῷ,
3913 4193 3994 4245 ὅτι

2389 4301 2418 4353 ὁ
2447 4299 2579 4360 Θεὸς
2610 4296 2706 4351 τοῦ
2737 4294 2957 4365 Ἰσραὴλ
2988 4293 3166 4364 ἐφορᾷ
3188 4292 3280 4345 τὸν
3305 4292 3472 4343 τόπον
3508 4288 3741 4350 ἐκεῖνον,
3769 4288 3869 4338 καὶ
3893 4286 3993 4336 οὐκ

2391 4390 2643 4458 ἀνέχεται
2674 4388 2953 4440 κατοικεῖν
3002 4387 3119 4436 ἐκεῖ
3158 4383 3284 4445 τοὺς
3336 4381 3411 4451 μὴ
3465 4378 3536 4431 τὰ
3573 4376 3745 4430 αὑτοῦ
3779 4376 3991 4439 εἰδότας

2395 4483 2623 4553 νόμιμα.
2658 4482 2723 4535 El
2750 4499 2801 4534 τι
2831 4480 2926 4534 οῦν
2978 4477 3128 4549 αὑτῷ
3164 4477 3318 4548 μέλει
3346 4475 3457 4529 τῶν
3499 4475 3618 4526 ἐκεῖ
3669 4471 3988 4542 βαρϐάρων,

2396 4576 2603 4627 στεῖλαι
2642 4574 2808 4644 ἱερεῖς
2843 4572 3156 4637 Ἰουδαίους,
3185 4570 3235 4623 οἳ
3265 4569 3333 4627 τὰ
3359 4567 3453 4621 τοῦ
3478 4565 3616 4619 Θεοῦ
3646 4564 3860 4634 νόμιμα
3882 4566 3991 4624 τοῖς

2397 4664 2695 4738 βαρϐάροις
2734 4663 3180 4735 παραδώσουσιν,
3207 4662 3303 4716 καὶ
3328 4659 3502 4723 οῦτως
3530 4655 3991 4727 ἐξιλεωθήσεσθαι

2394 4762 2487 4813 τὸν
2522 4759 2678 4813 Θεὸν.
2715 4758 2972 4812 Πείθεται
3013 4754 3223 4818 τούτοις
3253 4754 3282 4807 6
3318 4752 3601 4823 βασιλεὺς,
3634 4750 3733 4803 καὶ
3780 4749 3991 4820 πέμπει

2398 4851 2550 4922 ίερὲα
2576 4850 2701 4902 τινὰ
2740 4846 3135 4918 παραδώσοντα
3172 4848 3286 4908 τοῖς
3334 4847 3394 4899 ἐν
3440 4843 3731 4915 Σαμαρείᾳ
3780 4842 3990 4911 βαρϐά-

2401 4962 2514 5015 ροις
2542 4943 2636 4996 τὸν
2670 4941 2766 4995 τοῦ
2796 4939 2933 4993 Θεοῦ
2964 4939 3151 5010 νόμον.
3194 4939 3261 4991 Οἱ
3293 4937 3353 4992 δὲ
3395 4937 3575 4991 πάντα
3626 4936 3727 5005 μὶν
3760 4934 3832 5003 τὰ
3874 4937 3990 4987 [εἶα

2395 5036 2576 5107 βιϐλία
2604 5036 2706 5087 οὐκ
2744 5033 3015 5100 ἐδέξαντο,
3047 5034 3184 5102 μόνα
3213 5032 3272 5088 δὲ
3302 5032 3372 5085 τὰ
3396 5031 3559 5084 πέντε
3588 5029 3686 5083 τοῦ
3716 5030 3986 5093 Μωσέως,

2393 5130 2491 5200 τὴν
2531 5128 2767 5192 Γένεσιν,
2803 5126 2903 5199 τὴν
2943 5125 3186 5191 Ἐξοδον,
3212 5125 3275 5179 τὸ
3304 5123 3619 5188 Λευῖτικδν,
3662 5123 3795 5187 τοὺς
3848 5124 3991 5196 Ἀρι-

2398 5220 2572 5290 θμοὺς
2612 5222 2705 5271 καί
2739 5220 2799 5272 τὸ
2826 5219 3273 5289 Δευτερονόμιον.
3304 5218 3445 5271 Ἀλλ’
3475 5217 3599 5270 οὐδὲ
3638 5217 3869 5279 telam;
3896 5217 3991 5285 τῆς

2394 5312 2716 5375 δυσσεϐείας
2752 5310 3073 5382 ἀπέστησαν
3098 5326 3111 5341 ⁸
3150 5312 3369 5383 χρόνοις
3402 5310 3460 5362 δὲ
3486 5310 3718 5380 ὕστερον
3742 5309 3852 5363 τῶν
3895 5310 3993 5379 μὲν

2399 5405 2634 5458 είδώλων
2668 5406 3015 5474 ἀπέστησαν,
3046 5405 3301 5458 ἐσέϐοντο
3331 5404 3389 5456 δὲ
3412 5404 3504 5457 τὸν
3536 5405 3693 5457 Θεόν.
3723 5406 3789 5457 Οἱ
3815 5402 3992 5457 τοίνυν

2398 5500 2641 5553 Ἰουδαῖοι
2664 5501 2728 5552 ἐκ
2753 5500 2851 5569 τῆς
2883 5499 3267 5570 αἰχμαλωσίας
3309 5499 3701 5559 ἐπανελθόντες
3760 5495 3986 5567 ζηλιτύ-

2402 5607 2517 5654 πως
2556 5591 2643 5644 ἀεὶ
2685 5589 2821 5661 πρὸς
2854 5590 3052 5653 αὐτοὺς
3082 5588 3253 5662 εἶχον,
3301 5590 3395 5643 ἆτε
3456 5590 3782 5661 ’Λσσυρίους
3837 5590 3989 5649 ὄντας

2402 5681 2462 5734 τὸ
2510 5684 2703 5750 γένος,
2742 5681 2835 5734 καὶ
2868 5681 2978 5735 ἀπὸ
3022 5681 3117 5735 τοῦ
3180 5682 3343 5752 ὅρους
3393 5682 3750 5754 Σαμαρείτας
3799 5683 3986 5741 αὐτοὺς

776 5878 818 5905 ’³
849 5879 980 5932 lien.
1031 5895 1217 5941 XLIIII,
1250 5874 1339 5927 9'3.
1421 5871 1464 5904 "
1501 5876 1600 5927 lsa.
1633 5889 1728 5935 \‘tl,
1774 5872 1821 5925 9.
1908 5873 1950 5903 "
1986 5875 2046 5929 ιν
2078 5875 2207 5948 ίί-εε.
2252 5887 2381 5936 \vtt,
2419 5869 2472 5924 ϋο
