4218 6424
244 416 387 490 1229

932 408 1385 474 ENARRATIO
1426 407 1509 469 IN
1546 405 2059 469 EVANGELIUM
2099 402 2451 467 IOANNIS.
2488 426 2559 439 -
2597 400 2757 462 CAP.
2803 400 2899 462 ιν.

3416 393 3561 462 πετο

238 528 494 583 ἐκάλουν.
543 524 780 585 Ἐκεῖνοι
815 522 875 587 δι
930 520 1028 578 τοῦ
1052 521 1310 594 ⁹Αϐραὰμ
1340 520 1438 576 καὶ
1485 518 1686 574 Ἰακὼϐ
1718 520 1851 573 ἐαυ-

1969 528 2078 588 pter
2102 517 2306 571 fontem
2337 529 2499 585 quem
2563 512 2676 569 illic
2735 513 3022 575 babuerat,
3065 508 3319 579 proprius
3344 507 3560 564 illorum

239 621 370 684 τοὺς
443 617 752 687 ἀπογόνους
793 614 1105 685 ὠνόμαζον.
1162 614 1232 669 ’0
1287 630 1349 668 τε
1414 611 1527 682 γὰρ
1594 612 1850 683 Ἀϐραὰμ

241 710 513 774 Χαλδαῖος
552 705 645 780 ἦν,
690 708 719 762 ὃ
751 724 814 761 τε
865 705 1067 762 Ἰακὼϐ
1125 706 1215 761 διὰ
1264 706 1367 778 τὴν
1416 707 1598 759 ἑκεϊσε
1663 704 1849 776 πηγὴν

243 804 442 867 altato;
490 801 679 864 αὐτοῖς
708 796 1008 867 ἐλογίζετο.
1088 798 1154 851 Οί
1199 797 1333 866 γοῦν
1405 796 1655 850 Ἰουδαῖοι
1711 796 1851 864 μετά

242 896 470 951 πάντων
516 893 628 948 τῶν
685 892 922 947 ἐθνικῶν
976 891 1077 945 καὶ
1138 890 1342 955 αὐτοὺς
1414 888 1807 943 ἑϐδελύσσοντο
1832 905 1847 920 ·

240 988 366 1044 ὅθεν
398 987 496 1043 καὶ
522 985 603 1057 τῷ
633 985 830 1059 Κυρίῳ
877 984 1385 1059 προσονειδίζοντες
1422 983 1649 1053 ελεγον
1688 1002 1707 1035 ι
1741 984 1850 1037 Σα-

244 1079 516 1151 μαρείτης
546 1072 619 1133 εῐ.
671 1095 691 1130 ι
729 1078 841 1132 Καὶ
873 1076 1039 1142 αὐτὸς
1083 1075 1142 1130 δὲ
1174 1077 1292 1139 τοῖς
1347 1074 1622 1147 μαθηταῖς
1657 1074 1845 1141 ἔλεγε·

247 1189 268 1221 ι
315 1172 410 1234 El;
444 1170 603 1224 πόλιν
646 1167 1013 1241 Σαμαρειτῶν
1064 1168 1142 1240 μὴ
1173 1166 1485 1240 εἰσέλθητε.
1518 1186 1539 1220 ι
1588 1166 1749 1230 Τίνος
1794 1166 1851 1221 δὲ

242 1265 437 1317 ινεκεν
467 1262 495 1318 ό
529 1263 932 1332 εὐαγγελιστὴς
963 1261 1220 1334 περὶτοῦ
1256 1262 1464 1333 χωρίου
1500 1260 1598 1315 τοῦ
1651 1260 1851 1314 Ἰακὼϐ

194 1397 198 1400 ι
242 1358 471 1429 καὶτῆς
527 1357 720 1428 πηγῆς
763 1356 1257 1429 ἀκριϐολογείται;
1313 1356 1539 1428 Πρῶτον
1596 1356 1719 1426 μὲν,
1763 1356 1853 1408 ἴνα

241 1450 375 1503 ὅταν
403 1447 645 1521 ἀκούσῃς
690 1446 792 1518 τῆς
824 1447 1091 1517 γυναικδς
1124 1445 1414 1518 λεγούσης,
1448 1447 1532 1500 δτι
1579 1465 1597 1498 ι
1648 1443 1852 1499 Ἰακὼϐ

241 1547 274 1599 ό
313 1544 499 1616 πατὴρ
545 1541 709 1615 ἡμῶν
753 1540 958 1596 εδωκεν
995 1542 1133 1612 ἡμῖν
1183 1539 1284 1611 τὴν
1327 1541 1516 1611 πηγὴν
1550 1539 1781 1611 ταύτην,
1828 1556 1847 1591 ι

247 1637 325 1709 μὴ
358 1636 633 1706 ξενισθῇς.
688 1634 754 1688 '0
780 1633 892 1705 γὰρ
938 1634 1109 1695 τόπος
1149 1631 1361 1695 ἐκεῖνος
1392 1627 1462 1703 ἦν
1503 1631 1574 1684 τὰ
1609 1630 1851 1702 Σύκιμα,

247 1729 379 1783 ἔνθα
417 1728 468 1782 οί
507 1726 618 1781 uiui.
664 1724 867 1780 Ἰακὼϐ
896 1723 1124 1796 Συμεὼν
1172 1724 1268 1777 καὶ
1322 1723 1459 1779 Λευῒ
1486 1723 1580 1778 τὸν
1613 1723 1853 1794 χαλεπὸν

245 1823 461 1874 ἐκεῖνον
490 1817 828 1890 εἰργάσαντο
850 1816 1040 1887 φόνον,
1065 1816 1155 1878 διά
1184 1815 1248 1869 τὸ
1274 1814 1376 1887 τὴν
1401 1815 1641 1884 ἀδελφὴν
1668 1814 1853 1868 αὐτῶν

1952 608 2267 680 putabatur.
2315 606 2385 662 At
2404 604 2576 662 Judaei
2615 620 2739 659 cum
2773 604 3030 675 gentibus
3059 603 3183 657 aliis
3217 602 3387 657 etiam
3430 601 3565 661 istos

1952 699 2416 756 abominabantur
2449 718 2463 754 :
2494 697 2640 751 unde
2672 706 2726 752 et
2760 695 2996 753 Domino
3040 696 3445 766 opprobrantes
3481 694 3565 750 di-

1953 792 2171 857 cebant,
2207 808 2226 843 l
2258 788 2638 846 Samaritanus
2667 804 2729 846 es
2785 792 2854 845 “.
2923 808 2943 842 ι
2981 788 3049 844 Ει
3102 792 3219 858 ipse
3280 787 3565 860 discipulis

1952 885 2068 940 suis
2110 884 2347 948 dicebat,
2383 900 2402 934 ι
2454 880 2511 940 In
2538 883 2819 937 civitatem
2870 882 3347 938 Samaritanorum
3385 897 3454 937 ne
3482 883 3568 936 in.

1956 979 2231 1035 traveritis
2267 978 2338 1035 ".
2397 995 2418 1031 ι
2449 976 2630 1044 Quare
2681 984 2865 1030 autem
2926 976 3267 1046 evangelista
3315 973 3385 1029 de
3448 975 3567 1030 loco

1951 1072 2125 1128 Iacob
2148 1082 2203 1128 et
2232 1072 2381 1128 fonte
2412 1079 2521 1125 tam
2545 1070 2836 1141 diligenter
2862 1070 3120 1125 disserit?
3148 1068 3392 1123 Primum
3445 1068 3569 1139 qui-

1955 1166 2101 1230 dem,
2126 1175 2185 1219 ut
2207 1163 2428 1235 quando
2459 1162 2699 1218 audieris
2732 1163 3001 1218 dicentem
3027 1162 3338 1225 mulierem,
3365 1180 3386 1214 ι
3410 1162 3568 1215 Pater

1957 1270 2143 1314 u0$ter
2170 1256 2339 1313 Jacob
2366 1258 2516 1313 dedit
2542 1258 2700 1312 nobis
2722 1254 2929 1311 fontem
2964 1256 3139 1321 illum,
3179 1274 3198 1308 ι
3227 1270 3295 1311 ne
3322 1255 3565 1310 mireris.

1957 1351 2137 1407 Locus
2162 1352 2308 1408 enim
2340 1350 2430 1405 ille
2454 1361 2573 1405 erat
2598 1349 2759 1423 553
2782 1347 3027 1420 Sycima,
3050 1349 3138 1402 ubi
3166 1347 3260 1401 ﬁlii
3285 1347 3459 1404 Jacob
3487 1347 3571 1401 Si-

1960 1462 2117 1500 meon
2148 1456 2203 1499 et
2231 1443 2358 1502 Levi
2400 1457 2618 1514 gravem
2653 1443 2800 1495 illam
2841 1442 3043 1495 caedem
3070 1440 3473 1496 commiserunt
3496 1438 3566 1506 ’⁸,

1956 1554 2021 1593 co
2043 1539 2187 1610 quod
2214 1553 2456 1594 sororem
2484 1536 2697 1591 illorum
2725 1534 2919 1591 Dinam
2947 1542 3298 1603 oppresserat
3319 1530 3570 1603 Sycimu-

1960 1650 2079 1689 rum
2114 1634 2393 1705 princeps.
2424 1630 2655 1700 Insuper
2682 1638 2737 1685 et
2768 1631 2871 1685 hoc
2906 1628 3189 1694 discimus,
3225 1644 3291 1681 ex
3326 1641 3394 1681 eo
3426 1627 3572 1696 quod

1956 1726 2291 1797 evangelista
2357 1725 2516 1779 nobis
2578 1732 2769 1778 narrat
2811 1738 2874 1777 ea
2904 1738 3022 1791 qttte
3054 1721 3121 1777 de
3173 1722 3321 1776 fonte
3350 1723 3570 1787 elloro,

1957 1823 2100 1891 quod
2125 1820 2289 1874 etiam
2320 1818 2452 1873 olim
2487 1817 2674 1887 rejecti
2707 1816 3156 1887 fuerintpropter
3208 1825 3432 1884 peccata
3475 1831 3572 1869 sua

244 1916 440 1977 Δεῖναν
497 1910 794 1980 βιασθῆναι
860 1909 971 1964 ὑπὸ
1036 1908 1136 1963 τοῦ
1194 1908 1512 1981 Συκιμιτῶν
1562 1907 1850 1979 ἄρχοντος.

1969 1913 2156 1980 Ιυείαξί,
2203 1923 2259 1968 et
2316 1927 2439 1967 cum
2494 1910 2854 1967 offendissent
2894 1910 3083 1976 Deum,
3138 1921 3327 1982 gentes
3355 1909 3572 1965 illorum

251 2007 490 2060 Ἔπειτα
509 2006 583 2058 δὲ’
600 2005 697 2058 καὶ
719 2003 883 2058 τοῦτο
908 2002 1262 2075 μανθάνομεν
1289 2003 1400 2056 ἀπὸ
1432 2001 1527 2055 τοῦ
1566 2005 1653 2053 τὸν
1680 2002 1851 2067 εὐαγ-

245 2100 505 2169 γελιττὴν
528 2097 865 2165 καταλέγειν
899 2098 1037 2167 ἡμῖν
1086 2098 1155 2150 τὰ
1189 2097 1322 2167 περὶ
1360 2094 1457 2149 τοῦ
1512 2096 1718 2165 χωρίου
1757 2094 1852 2147 καὶ¹

245 2195 349 2264 τῆς
384 2192 592 2267 πηγῆς,
639 2194 723 2251 ὅτι
776 2194 811 2264 ὴ
863 2193 976 2247 τῶν
1041 2191 1323 2248 Ἰουδαίων
1374 2190 1619 2261 ἀποϐολὴ
1680 2192 1851 2245 πάλαι

249 2292 482 2357 ἐγένετο
506 2288 594 2341 διὰ
618 2290 718 2353 τὰς
746 2287 1027 2359 ἁμαρτίας
1060 2286 1287 2341 abstitit"
1315 2286 1411 2341 καὶ
1434 2285 1855 2357 προσκρουσάν-

246 2401 359 2437 των
385 2381 566 2436 αὐτῶν
592 2380 673 2452 τῷ
694 2380 838 2452 Θεῷ,
864 2381 915 2434 οί
941 2380 1154 2435 ἐθνικοὶ
1178 2380 1452 2450 κατέσχον
1474 2378 1604 2441 τοὺς
1625 2379 1847 2441 τόπους·

247 2480 346 2533 καὶ
380 2476 416 2532 ἃ
460 2478 507 2530 oi
561 2474 904 2547 πατριάρχαι
936 2475 1029 2529 διά
1084 2472 1186 2545 τὴν
1239 2474 1322 2538 είς
1376 2472 1619 2543 Χριστὸν
1665 2471 1853 2525 πίστιν

248 2571 577 2637 ἐκτήσαντο,
611 2567 786 2621 ταῦτα
834 2568 996 2645 αὐτοὶ.
1027 2567 1117 2621 διά
1145 2567 1249 2638 τὴν
1278 2566 1605 2621 δυσσέϐειαν
1637 2563 1856 2618 ἀπώλε-

250 2680 377 2716 σαν.
416 2662 580 2715 Ὥστε
612 2658 769 2720 οἰδὶν
798 2660 1010 2726 καινὸν,
1042 2659 1169 2714 οὐδὲ
1206 2658 1306 2713 νῦν
1330 2659 1379 2712 εί
1408 2660 1459 2711 ei
1489 2657 1699 2712 ἐθνικοὶ
1728 2656 1853 2714 ἀντὶ

250 2753 364 2806 τῶν
408 2752 685 2808 Ἰουδαίων
738 2751 1084 2825 εἰσήχθησαν
1139 2753 1221 2814 είς
1269 2752 1372 2823 τὴν
1405 2749 1694 2822 βασιλείαν
1742 2749 1855 2803 τῶν

1960 2007 2073 2061 loca
2104 2005 2452 2076 posscderint
2484 2024 2498 2057 :
2534 2012 2590 2059 et
2626 2019 2748 2074 quae
2776 2004 3104 2074 patriarchae
3139 2014 3363 2073 propter
3415 2019 3573 2058 suam

1961 2100 2012 2154 in
2052 2098 2219 2153 Deum
2257 2098 2415 2153 Iidem
2436 2099 2813 2169 possederant,
2848 2114 2911 2152 ea
2944 2099 3032 2167 illi
3070 2110 3293 2169 propter
3322 2098 3575 2169 impieta-

1960 2200 2070 2246 tem
2100 2192 2403 2247 amiserunt
2437 2208 2449 2244 :
2480 2200 2536 2246 et
2563 2193 2633 2245 ita
2668 2192 2803 2247 nihil
2839 2208 3044 2247 novum
3077 2194 3121 2247 si
3154 2205 3209 2249 et
3254 2209 3396 2248 nunc
3441 2209 3577 2264 gen-

1963 2286 2083 2341 tiles
2116 2300 2215 2355 pro
2249 2282 2452 2341 Judaeis
2483 2286 2534 2340 in
2569 2300 2798 2355 regnum
2826 2285 3092 2341 cmlurum
3122 2288 3232 2342 sint
3258 2288 3571 2343 introducti.

1963 2369 2460 2434 Pra‘dium'autem
2497 2378 2642 2451 quod
2686 2379 2836 2434 dedit
2876 2378 3047 2434 Jacob
3086 2380 3311 2451 Ioseph,
3354 2378 3577 2452 Sycima

1966 2469 2272 2525 dicebatur.
2323 2468 2594 2535 Quoniam
2664 2471 2813 2526 enim
2885 2471 2980 2525 lilii
3045 2472 3211 2527 Jacob
3277 2472 3579 2543 Sycimitas

1965 2564 2335 2633 perdiderant,
2365 2572 2421 2617 et
2454 2562 2735 2618 civitatem
2768 2563 3157 2619 desolaverant
3190 2581 3204 2619 :
3232 2577 3354 2618 eam
3387 2573 3578 2633 utpOte

1965 2655 2268 2711 drsolatam
2333 2665 2491 2727 pater
2554 2657 2608 2712 in
2695 2658 3076 2717 hereditatem
3185 2659 3297 2715 ﬁlio
3376 2655 3580 2728 Josepb

1965 2749 2134 2804 dedit.

251 2848 520 2921 οὐρανῶν.
547 2846 623 2901 τὸ
653 2848 711 2901 δὲ
742 2848 943 2919 χωρίον
980 2849 1010 2902 δ
1045 2849 1254 2903 ἔδωκεν
1286 2846 1491 2901 Ἰακὼϐ
1515 2847 1594 2918 τῷ
1626 2847 1858 2917 Ἰωσὴφ,
1926 2847 2143 2917 Σύκιμα
2198 2846 2443 2916 ἕλεγετο.
2525 2848 2684 2902 Ἐπεὶ
2715 2850 2826 2928 γὰρ
2880 2849 2931 2903 οἱ
2979 2848 3171 2916 παῖδες
3231 2847 3326 2903 τοῦ
3383 2847 3582 2931 Ἰακὼϐ

253 2945 380 3006 τοὺς
409 2943 710 3015 Συκιμίτας
736 2942 1255 3014 ἀπολέσαντες,τὴν
1287 2942 1446 2998 πόλιν
1506 2942 1899 3015 ἑξερήμωσαν,
1943 2945 2153 3015 ταύτην
2190 2942 2254 3013 δὴ
2322 2944 2425 3015 τὴν
2467 2942 2924 3015 ὲξερημωθεῖσαν
2966 2946 3203 3000 δέδωκεν
3260 2945 3342 3010 είς
3375 2943 3581 3019 κλῆρον

253 3037 333 3107 τῷ
360 3035 563 3109 Ἰωσὴφ
586 3037 617 3090 ό
651 3038 860 3107 πατήρ.

333 3148 351 3180 ι
400 3129 459 3182 '0
492 3127 586 3183 03v
622 3128 837 3199 Ἰησοῦς
881 3129 1238 3194 κεκοπιακὼς⁸
1275 3131 1341 3184 ὲκ
1369 3132 1471 3203 τῆς
1518 3129 1855 3199 ὁδοιπορίας,
1886 3131 1931 3190 C

256 3221 547 3286 ἐκαθέζετο
577 3220 753 3285 οὕτως
785 3222 877 3275 ἐπὶ
908 3225 974 3293 τῇ
1022 3225 1199 3294 πηγῇ.
1239 3223 1382 3295 Ὥρα
1414 3219 1484 3294 ἦν
1534 3223 1669 3277 ὡσεὶ
1698 3223 1858 3291 ἕκτη.

261 3313 523 3384 Ἔρχεται
568 3312 708 3383 γυνὴ
768 3315 831 3367 ὲκ
877 3314 978 3385 τῆς
1019 3315 1344 3387 Σαμαρείας
1376 3316 1642 3387 ἀντλῆσαι
1690 3314 1858 3384 ὕδωρ.

260 3408 424 3475 Λέγει
470 3407 608 3477 αὐτῇ
644 3409 672 3459 ό
705 3406 915 3477 Ἰησοῦς
941 3425 953 3438 ·
992 3407 1091 3469 Δός
1147 3427 1237 3480 μοι
1296 3412 1464 3463 πιεῖν.
1530 3411 1592 3462 Ol
1624 3406 1731 3477 γὰρ
1764 3425 1865 3475 μα-

260 3499 425 3570 θηταὶ
464 3500 630 3552 αὑτοῦ
664 3498 1110 3572 ἀπεληλύθεισαν
1147 3504 1227 3565 είς
1259 3503 1360 3573 τὴν
1396 3502 1578 3567 πόλιν,
1622 3502 1710 3555 ἵνα
1741 3518 1866 3572 τρο-

272 3594 381 3662 φὰς
432 3594 808 3666 ἀγοράσωσιν.
866 3612 885 3646 ι
939 3594 1360 3649 Κεκοπιακέναι
1408 3597 1501 3650 τὸν
1552 3596 1761 3666 Κύριον
1802 3597 1866 3648 ἐκ

260 3685 359 3754 τῆς
408 3686 722 3757 ὁδοιπορίας
765 3688 998 3755 φάσκων
1044 3689 1072 3741 ὁ
1104 3688 1539 3760 εὐαγγελιστὴς,
1588 3688 1866 3741 δείκνυςιν

262 3780 395 3847 ἡμῖν
455 3777 573 3848 ἃμα
606 3780 707 3849 μὲν
732 3779 795 3833 τὸ
825 3780 1035 3850 ἄτυφον
1058 3780 1226 3834 αὑτοῦ
1269 3780 1366 3833 καὶ
1401 3782 1699 3852 ἀπέριττον
1724 3780 1865 3852 (οὐδὲ

260 3874 372 3940 γὰρ
405 3871 724 3941 ὑποζυγίοις
780 3874 986 3944 ἐχρᾶτο
1033 3875 1171 3945 πρὸς
1224 3875 1325 3945 τὴν
1355 3874 1696 3946 ὁδοιπορίαν,
1728 3872 1868 3927 ἀλλὰ

262 3963 427 4025 πεζὸς
485 3962 677 4029 ῶδιυε,
724 3964 1005 4019 παιδεύων
1072 3966 1168 4019 καὶ
1226 3967 1375 4036 ἡμᾶς
1416 3968 1476 4020 τὸ
1528 3969 1603 4038 μὴ
1650 3965 1867 4019 πολλῶν

260 4055 517 4126 δ-ῖσθαι),
550 4055 669 4125 ἅμα
699 4056 757 4109 δὲ
792 4059 887 4109 καὶ
939 4058 1000 4111 τὸ
1030 4058 1304 4121 συντόνως
1336 4058 1503 4113 αύτῦν
1531 4058 1741 4112 ὁδεύειν
1773 4060 1869 4111 καὶ

268 4150 344 4219 μὴ
382 4148 673 4219 ῥᾳθύμως.
713 4149 806 4215 Ἐξ
836 4144 898 4203 οὗ
935 4151 1289 4222 μανθάνομεν
1319 4155 1417 4207 καὶ
1447 4155 1611 4223 ἡμεῖς
1636 4154 1697 4207 τὸ
1730 4154 1870 4223 μετὰ

266 4242 551 4305 συντονίας
616 4243 710 4295 καὶ
752 4245 1079 4314 ἐπιμελείας
1126 4245 1393 4308 πράττειν
1450 4246 1513 4298 τὸ
1561 4245 1724 4315 ἔργον
1774 4246 1869 4298 τοῦ

262 4333 425 4387 Θεοῦ.
455 4334 529 4386 Τὸ
555 4333 635 4400 δὲ,
690 4352 709 4384 ι
764 4334 1097 4400 Ἐκαθέζετο
1124 4333 1291 4401 οὕτω,
1327 4353 1347 4386 ι
1384 4335 1649 4405 σημαίνοι
1693 4334 1759 4387 ἂν
1808 4338 1871 4387 τὸ

264 4426 455 4489 ἁπλῶς
490 4428 587 4480 καὶ
630 4426 705 4491 ὡς
736 4426 919 4496 ἔτυχε,
957 4426 1053 4478 καὶ
1088 4426 1172 4480 ὅτι
1206 4425 1310 4479 οὐκ
1360 4426 1455 4479 ἐπὶ
1489 4426 1707 4497 θρόνου,
1750 4427 1868 4480 ἀλλ’

2042 3124 2213 3180 Vens.
2246 3124 2370 3182 6-8.
2407 3145 2426 3179 ι
2463 3125 2624 3182 Jesiis
2662 3140 2796 3198 ergo
2831 3124 3097 3198 fatigatas
3129 3145 3196 3182 cx
3233 3129 3453 3197 itinere,
3490 3148 3584 3191 se:-

1968 3218 2132 3272 dcbat
2181 3218 2262 3273 sic
2310 3233 2476 3287 super
2507 3218 2739 3274 fontem.
2800 3219 2949 3285 Hora
3007 3230 3129 3277 erat
3174 3220 3350 3281 ferme
3384 3236 3581 3295 sexta;

1970 3309 2119 3363 venit
2150 3308 2346 3364 tnulicr
2374 3308 2745 3375 Samaritana,
2792 3323 2850 3367 ut
2879 3314 3130 3372 hauriret
3174 3330 3398 3386 aquam,
3440 3317 3584 3374 Dicit.

1968 3404 2017 3457 ei
2048 3401 2211 3459 Jesus
2244 3422 2257 3458 :
2298 3403 2370 3457 Da
2408 3404 2539 3458 milii
2574 3406 2718 3474 quod
2750 3407 2962 3463 bibam.
3014 3409 3150 3464 Nam
3182 3412 3435 3482 discipuli
3466 3414 3585 3483 ejus

1971 3498 2221 3550 abierant
2272 3497 2322 3550 in
2379 3498 2660 3552 civitatem
2698 3508 2755 3552 ut
2782 3500 2937 3555 cibos
2975 3514 3247 3559 emerent.
3287 3524 3304 3556 ι
3368 3504 3588 3577 Fatiga-

1974 3598 2088 3642 tum
2156 3589 2444 3644 Dominum
2507 3605 2574 3644 ex
2648 3592 2847 3649 itinere
2912 3610 3145 3652 narrans
3220 3599 3582 3669 evangelista,

1971 3685 2215 3740 OSIendit
2266 3684 2425 3738 nubis
2475 3684 2760 3738 Dominum
2807 3702 2837 3739 ει
2882 3687 3027 3741 fastu
3069 3698 3124 3743 et
3166 3705 3352 3744 rerum
3407 3694 3584 3747 almu-

1972 3779 2154 3833 daulia
2189 3779 2431 3832 alienum
2464 3777 2658 3833 fuisse.
2696 3778 2814 3833 Non
2845 3782 2988 3835 enim
3024 3783 3294 3851 jumentis
3327 3788 3587 3841 utebatur

1973 3870 2041 3923 ad
2092 3872 2217 3935 iter,
2267 3871 2362 3925 sed
2409 3871 2576 3938 pedes
2623 3871 2755 3936 ibat,
2788 3873 3071 3929 instruens
3107 3878 3275 3931 etiam
3329 3894 3428 3934 nos
3480 3896 3585 3935 non

1976 3961 2161 4017 multis
2191 3977 2329 4032 opus
2363 3963 2588 4017 habere.
2614 3962 2845 4033 Insuper
2875 3968 3007 4022 dicit
3028 3976 3083 4022 et
3113 3970 3291 4037 ipsum
3328 3972 3586 4027 incedere

1974 4065 2222 4120 strenue,
2268 4065 2321 4109 et
2358 4068 2464 4107 non
2508 4056 2802 4126 ignaviter.
2842 4059 2914 4112 Es
2959 4075 3069 4129 quo
3103 4063 3367 4117 discimus
3402 4074 3457 4118 cl
3491 4083 3590 4121 nus

1976 4155 2033 4201 ut
2064 4163 2189 4201 cum
2231 4149 2538 4201 cuiistantia
2580 4158 2635 4202 et
2670 4149 2953 4218 diligentia
3002 4154 3269 4215 faciamus
3299 4171 3435 4226 opus
3468 4158 3588 4213 Dei.

1976 4242 2131 4309 Quod
2181 4254 2365 4297 autem
2412 4244 2642 4298 sedebat
2688 4244 2792 4311 sic,
2826 4244 3106 4315 significat
3153 4249 3506 4319 simpliciter,
3535 4264 3593 4306 et

1978 4345 2037 4390 ut
2066 4335 2208 4391 forte
2238 4337 2592 4403 obveniebat,
2628 4345 2683 4391 et
2716 4353 2821 4392 non
2856 4354 3024 4407 super
3053 4340 3207 4408 sede,
3247 4344 3343 4398 sed
3379 4345 3594 4413 simpli-

1979 4427 2116 4481 citer
2153 4428 2403 4484 videlicet
2438 4443 2601 4499 super
2630 4431 2977 4499 pavimento,
3019 4432 3331 4490 refecillans
3365 4451 3592 4508 corpus,

264 4518 465 4585 οὕτως,
497 4519 715 4589 ἀφελῶς
750 4519 1018 4592 δηλονότι,
1069 4520 1164 4571 ἐπὶ
1211 4519 1443 4587 ἐδάφους
1480 4522 1780 4573 ἀναπαύων
1813 4522 1865 4574 τὸ

1978 4530 2035 4575 et
2083 4520 2227 4588 apud
2264 4521 2469 4575 fuiitem
2501 4535 2560 4575 se
2594 4538 2876 4578 recreans.
2919 4524 3126 4580 Deinde
3175 4536 3230 4580 et
3267 4528 3431 4583 aliam
3467 4504 3597 4585 eau-

271 4614 451 4684 ςῶμα,
481 4615 575 4666 καὶ
608 4612 762 4681 παρά
789 4615 854 4683 τῇ
890 4614 1046 4683 πηγῇ
1081 4611 1380 4684 ἀναψύχων
1419 4613 1573 4666 αὑτό.
1612 4611 1743 4667 Εἶτα
1778 4614 1875 4667 καὶ⁵

161 4696 165 4703 ’
267 4705 471 4776 ἑτέραν
505 4704 690 4757 αἰτίαν
715 4704 932 4772 εἰσάγει
964 4702 1062 4757 τοῦ
1099 4703 1378 4773 καθῆσθαι
1415 4704 1580 4758 αὐτὸν
1614 4707 1765 4777 παρὰ
1804 4709 1872 4776 τῇ

265 4800 445 4868 πηγῇ,
481 4797 541 4851 τὸ
582 4793 725 4851 εἶναι
759 4795 1037 4867 σταθερὰν
1076 4796 1460 4869 μεσημϐρίαν.
1513 4818 1531 4851 ι
1572 4800 1717 4869 Ὥρα
1741 4799 1873 4872 γὰρ,

264 4894 456 4963 φησιν,
485 4887 553 4963 ἦν
583 4891 716 4944 ὡσεὶ
752 4890 911 4961 ἕκτη.
963 4909 984 4943 ι
1031 4890 1201 4943 Ὥστε
1253 4891 1349 4951 καὶ
1381 4890 1474 4944 διὰ
1500 4891 1563 4944 τδ
1596 4893 1695 4961 τῆς
1724 4892 1876 4962 ὧρας

268 4986 563 5038 θαλπεινὸν
595 4985 765 5037 ἐδεῖτο
786 4982 1235 5048 ἀναπαύσεώς-’τε
1259 4985 1351 5037 καὶ
1377 4983 1723 5054 ἀναψύξεως.
1761 4985 1872 5038 Καὶ

264 5076 441 5138 ἄλλως
471 5075 527 5129 δέ
556 5092 568 5105 ·
609 5076 698 5129 ἴνα
732 5076 806 5146 μή
844 5066 948 5136 ’τις
979 5074 1300 5146 αἰτιάσηται
1331 5076 1426 5127 τὸν
1468 5075 1699 5147 Κύριον,
1752 5075 1873 5141 πῶς

264 5171 380 5233 τοῖς
415 5169 685 5237 μαθηταῖς
720 5167 889 5221 αὑτοῦ
938 5166 1373 5238 ἐγκελευόμενος
1420 5170 1505 5232 εἰς
1549 5169 1668 5222 ὁδὸν
1700 5168 1873 5223 ἐθνῶν

269 5262 348 5333 μὴ
399 5261 685 5323 ἀπελθεῖν,
725 5259 890 5323 αὐτὸς
932 5259 1025 5322 είς
1073 5259 1423 5330 Σαμαρείτας
1471 5259 1729 5331 ἔρχεται,
1781 5260 1874 5314 διὰ

264 5354 425 5407 τοῦτό
454 5370 643 5425 φησιν,
675 5354 759 5406 ὅτι
798 5354 833 5424 ἡ
872 5354 969 5406 ἐπὶ
1006 5351 1105 5405 τοῦ
1152 5356 1325 5405 τόπου
1380 5354 1625 5426 καθέδρα
1662 5356 1752 5409 διὰ
1778 5357 1872 5409 τὸν

268 5447 437 5501 κόπον
461 5446 678 5512 γέγονε,
711 5444 810 5497 καὶ
836 5444 919 5498 ὅτι
958 5445 992 5515 ἡ
1026 5443 1165 5515 πρὸς
1208 5445 1309 5515 τὴν
1345 5430 1613 5514 γυναῖκα
1638 5447 1877 5513 διάλεξις

268 5536 496 5604 ὠλογον
537 5530 686 5606 εἶχεν
726 5534 1012 5606 ἀφορμὴν,
1066 5535 1129 5587 τὸ
1167 5534 1342 5604 δίψος.
1387 5535 1543 5588 Ἐπεὶ
1568 5537 1677 5605 γὰρ
1716 5536 1877 5606 ἐδίψα

266 5626 583 5693 ἀκολούθως
625 5626 768 5679 κατά
799 5628 861 5677 τὸ
918 5625 1288 5696 ἀνθρώπινον,
1344 5627 1522 5680 ἐδεῖτο
1556 5629 1648 5681 καὶ
1681 5630 1872 5683 ποτοῦ.

266 5722 532 5795 ἱιητοῦντι
562 5722 619 5777 δὲ
648 5722 829 5793 ὀμιλεί
862 5722 922 5774 τὸ
965 5721 1195 5790 γύναιον
1246 5722 1467 5793 ὁμιλίαν
1500 5723 1681 5795 ψυχῆς
1721 5725 1873 5794 φιλο·
1924 5798 1929 5801 _

1978 4625 2099 4668 sam
2137 4611 2347 4666 inducit
2380 4628 2553 4681 quare
2593 4615 2800 4670 sederit
2830 4618 2973 4685 apud
3011 4616 3241 4673 fontem.
3279 4618 3411 4675 Erat
3446 4625 3595 4678 enim
3658 4678 3663 4681 ι

1978 4713 2191 4775 tempus
2216 4707 2617 4763 meridianum:
2643 4725 2663 4759 ι
2697 4707 2839 4763 llura
2863 4711 3033 4775 enim,
3066 4713 3264 4783 inquit,
3291 4730 3408 4770 erat
3434 4720 3596 4788 quasi

1977 4810 2131 4852 sexta
2166 4814 2181 4853 :
2218 4816 2237 4849 ι
2280 4809 2447 4869 atque
2494 4801 2661 4854 etiam
2706 4813 2931 4871 propter
2968 4804 3117 4858 horae
3169 4806 3411 4863 Calorem
3458 4826 3598 4881 opus

1977 4891 2220 4950 habebat
2252 4890 2540 4964 refrigerio
2581 4902 2637 4949 et
2695 4897 3060 4952 recreatione.
3113 4896 3206 4954 Vel
3243 4901 3402 4957 aliter
3436 4903 3597 4973 dicit,

1986 4995 2045 5039 ut
2085 5001 2152 5040 ne
2182 4986 2309 5056 quis
2342 4987 2759 5057 reprehenderit
2792 4988 3107 5058 Dominum,
3140 4997 3444 5063 quomodo,
3473 5013 3596 5051 cum

1986 5081 2325 5151 prmcipissct
2360 5081 2648 5150 discipulis
2680 5091 2738 5136 ut
2773 5098 2841 5138 ne
2873 5084 3018 5139 viain
3052 5089 3297 5157 gentium
3338 5091 3599 5160 ingrede-

1990 5182 2199 5237 rentur,
2230 5175 2347 5244 ipse
2395 5176 2463 5230 ad
2499 5173 2882 5232 Samaritanus
2914 5179 3126 5233 venerit
3159 5198 3173 5235 :
3209 5181 3417 5236 idcirco
3465 5184 3605 5238 dicit

1984 5265 2130 5335 quod
2161 5269 2363 5321 sedens
2396 5265 2450 5319 in
2482 5266 2602 5323 loco
2636 5279 2864 5341 propter
2897 5270 3281 5342 fatigationem
3317 5273 3510 5341 fuerit,
3546 5284 3602 5329 et

1987 5357 2133 5424 quod
2157 5358 2499 5428 coiloquium
2523 5374 2648 5414 cum
2676 5360 2908 5417 muliere
2933 5364 3319 5423 rationabilem
3348 5366 3605 5422 habuerit

1987 5464 2237 5514 causam,
2274 5452 2425 5505 sitim
2452 5452 2687 5508 scilicet.
2716 5455 2988 5522 Quoniam
3017 5458 3165 5513 enim
3196 5461 3442 5530 sitiebat,
3473 5478 3603 5517 con-

1989 5552 2290 5613 sequentcr
2336 5544 2583 5602 humano
2621 5564 2775 5605 more
2817 5551 3100 5623 indigebat
3143 5564 3200 5610 et
3249 5569 3403 5626 pom.
3442 5558 3605 5623 Qua:-

1992 5640 2138 5691 t'enti
2176 5648 2359 5693 autem
2397 5642 2643 5695 occurrit
2677 5645 2894 5709 mulier,
2929 5649 3110 5701 anima
3140 5649 3385 5704 discendi
3419 5653 3604 5704 avida.

1989 5728 2131 5796 Quid
2165 5728 2331 5799 igitur
2363 5744 2500 5800 opus
2534 5743 2651 5786 erat
2685 5734 2869 5790 facto?
2906 5740 3266 5808 repelleretne
3319 5742 3606 5809 titulicrezn

351 5912 395 5943 ³⁸⁸
426 5910 579 5968 Juan.
613 5926 728 5976 uti,
768 5911 823 5967 6.
903 5916 946 5946 ’7
993 5912 1159 5967 Matth
1195 5930 1250 5984 τ,
1413 5913 1459 5945 ⁸⁸
1500 5911 1633 5967 (ῖυιιη
1674 5915 1973 5979 xun’,‘27-
