  <div class='ocr_page' id='page_1' title='image "/cluster/home/n/w/nwhite01/storage/ocr_20150623/123/nnc1.0046979670/657.png"; bbox 0 0 4218 6424; ppageno 0'>
   <div class='ocr_carea' id='block_1_1' title="bbox 716 375 856 443">
    <p class='ocr_par' dir='ltr' id='par_1_1' title="bbox 716 375 856 443">
     <span class='ocr_line' id='line_1_1' title="bbox 716 375 856 443; baseline 0 0"><span class='ocrx_word' id='word_1_1' title='bbox 716 375 856 443; x_wconf 72' lang='lat'><strong>1235</strong></span> 
     </span>
    </p>
   </div>
   <div class='ocr_carea' id='block_1_2' title="bbox 1570 386 3015 457">
    <p class='ocr_par' dir='ltr' id='par_1_2' title="bbox 1570 386 3015 457">
     <span class='ocr_line' id='line_1_2' title="bbox 1570 386 3015 457; baseline 0.008 -11"><span class='ocrx_word' id='word_1_2' title='bbox 1570 386 2125 448; x_wconf 71' lang='lat' dir='ltr'><strong>THEOPHYLACT</strong></span> <span class='ocrx_word' id='word_1_3' title='bbox 2132 389 2157 448; x_wconf 89' lang='grc' dir='ltr'><strong>Ι</strong></span> <span class='ocrx_word' id='word_1_4' title='bbox 2200 389 2614 452; x_wconf 81' lang='lat' dir='ltr'><strong>BULGARl/E</strong></span> <span class='ocrx_word' id='word_1_5' title='bbox 2650 394 3015 457; x_wconf 80' lang='lat' dir='ltr'><strong>ARCHIEP.</strong></span> 
     </span>
    </p>
   </div>
   <div class='ocr_carea' id='block_1_3' title="bbox 3856 396 3995 462">
    <p class='ocr_par' dir='ltr' id='par_1_3' title="bbox 3856 396 3995 462">
     <span class='ocr_line' id='line_1_3' title="bbox 3856 396 3995 462; baseline 0.022 -3"><span class='ocrx_word' id='word_1_6' title='bbox 3856 396 3995 462; x_wconf 75' lang='lat'><strong>1236</strong></span> 
     </span>
    </p>
   </div>
   <div class='ocr_carea' id='block_1_4' title="bbox 716 492 2281 584">
    <p class='ocr_par' dir='ltr' id='par_1_4' title="bbox 716 492 2281 567">
     <span class='ocr_line' id='line_1_4' title="bbox 716 492 2281 567; baseline 0.008 -21"><span class='ocrx_word' id='word_1_7' title='bbox 716 492 935 548; x_wconf 77' lang='lat' dir='ltr'><strong>dicebat</strong></span> <span class='ocrx_word' id='word_1_8' title='bbox 985 512 1057 549; x_wconf 76' lang='grc' dir='ltr'><strong>ει</strong></span> <span class='ocrx_word' id='word_1_9' title='bbox 1112 495 1397 561; x_wconf 86' lang='lat' dir='ltr'><strong>Quomodo</strong></span> <span class='ocrx_word' id='word_1_10' title='bbox 1442 508 1668 567; x_wconf 87' lang='lat' dir='ltr'><strong>possunt</strong></span> <span class='ocrx_word' id='word_1_11' title='bbox 1724 502 1842 556; x_wconf 64' lang='lat' dir='ltr'><strong>haec</strong></span> <span class='ocrx_word' id='word_1_12' title='bbox 1892 500 2046 555; x_wconf 87' lang='lat' dir='ltr'><strong>tlcri?</strong></span> <span class='ocrx_word' id='word_1_13' title='bbox 2100 520 2119 553; x_wconf 74' lang='grc' dir='ltr'><strong>ι</strong></span> <span class='ocrx_word' id='word_1_14' title='bbox 2202 501 2281 557; x_wconf 72' lang='lat' dir='ltr'><strong>isb</strong></span> 
     </span>
    </p>
   </div>
   <div class='ocr_carea' id='block_1_5' title="bbox 2386 492 3999 584">
    <p class='ocr_par' dir='ltr' id='par_1_5' title="bbox 2412 505 3999 584">
     <span class='ocr_line' id='line_1_5' title="bbox 2412 505 3999 584; baseline 0.007 -28"><span class='ocrx_word' id='word_1_15' title='bbox 2412 505 2805 572; x_wconf 80' lang='grc' dir='ltr'><strong>ἀνενδοιάστως</strong></span> <span class='ocrx_word' id='word_1_16' title='bbox 2835 508 3106 581; x_wconf 73' lang='grc' dir='ltr'><strong>δεξαμένη</strong></span> <span class='ocrx_word' id='word_1_17' title='bbox 3137 511 3229 564; x_wconf 83' lang='grc' dir='ltr'><strong>τὸν</strong></span> <span class='ocrx_word' id='word_1_18' title='bbox 3258 511 3439 580; x_wconf 81' lang='grc' dir='ltr'><strong>λόγον,</strong></span> <span class='ocrx_word' id='word_1_19' title='bbox 3473 512 3611 584; x_wconf 77' lang='grc' dir='ltr'><strong>φησι</strong></span> <span class='ocrx_word' id='word_1_20' title='bbox 3639 529 3652 543; x_wconf 86' lang='grc'><strong>·</strong></span> <span class='ocrx_word' id='word_1_21' title='bbox 3692 531 3710 564; x_wconf 78' lang='lat' dir='ltr'><strong>t</strong></span> <span class='ocrx_word' id='word_1_22' title='bbox 3741 512 3845 577; x_wconf 78' lang='grc' dir='ltr'><strong>Δός</strong></span> <span class='ocrx_word' id='word_1_23' title='bbox 3908 532 3999 584; x_wconf 84' lang='grc' dir='ltr'><strong>μοι</strong></span> 
     </span>
    </p>
   </div>
   <div class='ocr_carea' id='block_1_6' title="bbox 714 587 2294 657">
    <p class='ocr_par' dir='ltr' id='par_1_6' title="bbox 714 587 2294 657">
     <span class='ocr_line' id='line_1_6' title="bbox 714 587 2294 657; baseline 0.006 -19"><span class='ocrx_word' id='word_1_24' title='bbox 714 596 894 640; x_wconf 90' lang='lat' dir='ltr'><strong>autem</strong></span> <span class='ocrx_word' id='word_1_25' title='bbox 934 587 1119 657; x_wconf 85' lang='lat' dir='ltr'><strong>incipit</strong></span> <span class='ocrx_word' id='word_1_26' title='bbox 1144 600 1493 647; x_wconf 85' lang='lat' dir='ltr'><strong>contemnere</strong></span> <span class='ocrx_word' id='word_1_27' title='bbox 1520 595 1679 648; x_wconf 89' lang='lat' dir='ltr'><strong>etiam</strong></span> <span class='ocrx_word' id='word_1_28' title='bbox 1711 592 1913 649; x_wconf 86' lang='lat' dir='ltr'><strong>fontem</strong></span> <span class='ocrx_word' id='word_1_29' title='bbox 1941 592 2128 648; x_wconf 80' lang='lat' dir='ltr'><strong>Jacob.</strong></span> <span class='ocrx_word' id='word_1_30' title='bbox 2161 592 2294 648; x_wconf 85' lang='lat' dir='ltr'><strong>Nam</strong></span> 
     </span>
    </p>
   </div>
   <div class='ocr_carea' id='block_1_7' title="bbox 715 678 2295 754">
    <p class='ocr_par' dir='ltr' id='par_1_7' title="bbox 715 678 2295 754">
     <span class='ocr_line' id='line_1_7' title="bbox 715 678 2295 754; baseline 0.006 -22"><span class='ocrx_word' id='word_1_31' title='bbox 715 678 881 735; x_wconf 90' lang='lat' dir='ltr'><strong>dicit:</strong></span> <span class='ocrx_word' id='word_1_32' title='bbox 914 678 971 733; x_wconf 92' lang='lat' dir='ltr'><strong>Si</strong></span> <span class='ocrx_word' id='word_1_33' title='bbox 1006 681 1168 736; x_wconf 98' lang='lat' dir='ltr'><strong>talem</strong></span> <span class='ocrx_word' id='word_1_34' title='bbox 1194 698 1390 754; x_wconf 86' lang='lat' dir='ltr'><strong>aquam</strong></span> <span class='ocrx_word' id='word_1_35' title='bbox 1413 687 1598 750; x_wconf 84' lang='lat' dir='ltr'><strong>habes,</strong></span> <span class='ocrx_word' id='word_1_36' title='bbox 1637 687 1704 740; x_wconf 89' lang='lat' dir='ltr'><strong>da</strong></span> <span class='ocrx_word' id='word_1_37' title='bbox 1734 686 1889 753; x_wconf 88' lang='lat' dir='ltr'><strong>mihi,</strong></span> <span class='ocrx_word' id='word_1_38' title='bbox 1922 696 1982 741; x_wconf 90' lang='lat' dir='ltr'><strong>ut</strong></span> <span class='ocrx_word' id='word_1_39' title='bbox 2010 702 2119 741; x_wconf 91' lang='lat' dir='ltr'><strong>non</strong></span> <span class='ocrx_word' id='word_1_40' title='bbox 2154 686 2295 742; x_wconf 86' lang='lat' dir='ltr'><strong>ultra</strong></span> 
     </span>
    </p>
   </div>
   <div class='ocr_carea' id='block_1_8' title="bbox 712 772 2298 851">
    <p class='ocr_par' dir='ltr' id='par_1_8' title="bbox 712 772 2298 851">
     <span class='ocr_line' id='line_1_8' title="bbox 712 772 2298 851; baseline 0.009 -30"><span class='ocrx_word' id='word_1_41' title='bbox 712 774 925 824; x_wconf 77' lang='lat' dir='ltr'><strong>veniam</strong></span> <span class='ocrx_word' id='word_1_42' title='bbox 958 773 1062 826; x_wconf 90' lang='lat' dir='ltr'><strong>huc</strong></span> <span class='ocrx_word' id='word_1_43' title='bbox 1086 772 1154 827; x_wconf 91' lang='lat' dir='ltr'><strong>ad</strong></span> <span class='ocrx_word' id='word_1_44' title='bbox 1188 775 1564 832; x_wconf 87' lang='lat' dir='ltr'><strong>hauriendum.</strong></span> <span class='ocrx_word' id='word_1_45' title='bbox 1595 776 1756 835; x_wconf 82' lang='lat' dir='ltr'><strong>Vides</strong></span> <span class='ocrx_word' id='word_1_46' title='bbox 1804 780 1948 851; x_wconf 85' lang='lat' dir='ltr'><strong>quod</strong></span> <span class='ocrx_word' id='word_1_47' title='bbox 2002 780 2298 851; x_wconf 67' lang='lat' dir='ltr'><strong>praetulerit</strong></span> 
     </span>
    </p>
   </div>
   <div class='ocr_carea' id='block_1_9' title="bbox 716 861 1411 929">
    <p class='ocr_par' dir='ltr' id='par_1_9' title="bbox 716 861 1411 929">
     <span class='ocr_line' id='line_1_9' title="bbox 716 861 1411 929; baseline 0.019 -18"><span class='ocrx_word' id='word_1_48' title='bbox 716 862 811 929; x_wconf 86' lang='lat' dir='ltr'><strong>ipsi</strong></span> <span class='ocrx_word' id='word_1_49' title='bbox 840 861 1008 919; x_wconf 81' lang='lat' dir='ltr'><strong>Jacoh</strong></span> <span class='ocrx_word' id='word_1_50' title='bbox 1038 864 1344 923; x_wconf 90' lang='lat' dir='ltr'><strong>Dominum.</strong></span> <span class='ocrx_word' id='word_1_51' title='bbox 1405 891 1411 899; x_wconf 92' lang='grc'>·</span> 
     </span>
    </p>
   </div>
   <div class='ocr_carea' id='block_1_10' title="bbox 712 954 2315 1039">
    <p class='ocr_par' dir='ltr' id='par_1_10' title="bbox 712 954 2315 1039">
     <span class='ocr_line' id='line_1_10' title="bbox 712 954 2315 1039; baseline 0.012 -32"><span class='ocrx_word' id='word_1_52' title='bbox 712 954 929 1011; x_wconf 75' lang='grc' dir='ltr'><strong>Ἰακώϐ.</strong></span> <span class='ocrx_word' id='word_1_53' title='bbox 960 960 1023 1013; x_wconf 80' lang='lat' dir='ltr'><strong>Et</strong></span> <span class='ocrx_word' id='word_1_54' title='bbox 1061 964 1191 1032; x_wconf 80' lang='grc' dir='ltr'><strong>γὰρ,</strong></span> <span class='ocrx_word' id='word_1_55' title='bbox 1220 964 1376 1034; x_wconf 70' lang='grc' dir='ltr'><strong>φησι,</strong></span> <span class='ocrx_word' id='word_1_56' title='bbox 1415 966 1660 1019; x_wconf 83' lang='grc' dir='ltr'><strong>τοιοῦτον</strong></span> <span class='ocrx_word' id='word_1_57' title='bbox 1696 968 1839 1039; x_wconf 79' lang='grc' dir='ltr'><strong>ὕδωρ</strong></span> <span class='ocrx_word' id='word_1_58' title='bbox 1869 966 2035 1039; x_wconf 76' lang='grc' dir='ltr'><strong>ἔχεις,</strong></span> <span class='ocrx_word' id='word_1_59' title='bbox 2062 968 2151 1031; x_wconf 85' lang='grc' dir='ltr'><strong>δός</strong></span> <span class='ocrx_word' id='word_1_60' title='bbox 2203 984 2315 1039; x_wconf 81' lang='grc' dir='ltr'><strong>μοι,</strong></span> 
     </span>
    </p>
   </div>
   <div class='ocr_carea' id='block_1_11' title="bbox 712 1049 1751 1126">
    <p class='ocr_par' dir='ltr' id='par_1_11' title="bbox 712 1049 1751 1126">
     <span class='ocr_line' id='line_1_11' title="bbox 712 1049 1751 1126; baseline 0.015 -28"><span class='ocrx_word' id='word_1_61' title='bbox 712 1049 1005 1119; x_wconf 77' lang='grc' dir='ltr'><strong>προέκρινε</strong></span> <span class='ocrx_word' id='word_1_62' title='bbox 1024 1052 1116 1105; x_wconf 79' lang='grc' dir='ltr'><strong>τὸν</strong></span> <span class='ocrx_word' id='word_1_63' title='bbox 1151 1054 1356 1126; x_wconf 80' lang='grc' dir='ltr'><strong>Κύριον</strong></span> <span class='ocrx_word' id='word_1_64' title='bbox 1382 1056 1475 1110; x_wconf 84' lang='grc' dir='ltr'><strong>τοῦ</strong></span> <span class='ocrx_word' id='word_1_65' title='bbox 1532 1059 1751 1114; x_wconf 79' lang='grc' dir='ltr'><strong>Ἰακώϐ.</strong></span> 
     </span>
    </p>
   </div>
   <div class='ocr_carea' id='block_1_12' title="bbox 780 1146 2297 1229">
    <p class='ocr_par' dir='ltr' id='par_1_12' title="bbox 780 1146 2297 1229">
     <span class='ocr_line' id='line_1_12' title="bbox 780 1146 2297 1229; baseline 0.009 -31"><span class='ocrx_word' id='word_1_66' title='bbox 780 1146 947 1202; x_wconf 74' lang='lat' dir='ltr'><strong>Vens.</strong></span> <span class='ocrx_word' id='word_1_67' title='bbox 974 1149 1209 1205; x_wconf 54' lang='lat'><strong>16-211</strong></span> <span class='ocrx_word' id='word_1_68' title='bbox 1241 1153 1647 1211; x_wconf 82' lang='lat' dir='ltr'><strong>DiciteiJesus:</strong></span> <span class='ocrx_word' id='word_1_69' title='bbox 1676 1157 1840 1229; x_wconf 73' lang='lat'><strong>556</strong></span> <span class='ocrx_word' id='word_1_70' title='bbox 1865 1155 2027 1223; x_wconf 77' lang='lat' dir='ltr'><strong>Vade,</strong></span> <span class='ocrx_word' id='word_1_71' title='bbox 2060 1171 2191 1212; x_wconf 86' lang='lat' dir='ltr'><strong>voca</strong></span> <span class='ocrx_word' id='word_1_72' title='bbox 2216 1158 2297 1212; x_wconf 83' lang='lat' dir='ltr'><strong>vi-</strong></span> 
     </span>
    </p>
   </div>
   <div class='ocr_carea' id='block_1_13' title="bbox 718 1246 2295 1315">
    <p class='ocr_par' dir='ltr' id='par_1_13' title="bbox 718 1246 2295 1315">
     <span class='ocr_line' id='line_1_13' title="bbox 718 1246 2295 1315; baseline 0.007 -24"><span class='ocrx_word' id='word_1_73' title='bbox 718 1254 838 1292; x_wconf 89' lang='lat' dir='ltr'><strong>rum</strong></span> <span class='ocrx_word' id='word_1_74' title='bbox 868 1250 1114 1308; x_wconf 90' lang='lat' dir='ltr'><strong>tuum,et</strong></span> <span class='ocrx_word' id='word_1_75' title='bbox 1138 1247 1259 1300; x_wconf 74' lang='lat' dir='ltr'><strong>veni</strong></span> <span class='ocrx_word' id='word_1_76' title='bbox 1286 1246 1410 1301; x_wconf 81' lang='lat' dir='ltr'><strong>huc.</strong></span> <span class='ocrx_word' id='word_1_77' title='bbox 1432 1246 1726 1315; x_wconf 82' lang='lat' dir='ltr'><strong>Respondit</strong></span> <span class='ocrx_word' id='word_1_78' title='bbox 1751 1249 1965 1315; x_wconf 90' lang='lat' dir='ltr'><strong>mulier,</strong></span> <span class='ocrx_word' id='word_1_79' title='bbox 1993 1250 2295 1304; x_wconf 79' lang='lat' dir='ltr'><strong>etdixitei:</strong></span> 
     </span>
    </p>
   </div>
   <div class='ocr_carea' id='block_1_14' title="bbox 706 1327 2296 1406">
    <p class='ocr_par' dir='ltr' id='par_1_14' title="bbox 706 1327 2296 1406">
     <span class='ocr_line' id='line_1_14' title="bbox 706 1327 2296 1406; baseline 0.009 -26"><span class='ocrx_word' id='word_1_80' title='bbox 706 1327 822 1383; x_wconf 81' lang='lat' dir='ltr'><strong>Non</strong></span> <span class='ocrx_word' id='word_1_81' title='bbox 851 1330 1024 1387; x_wconf 84' lang='lat' dir='ltr'><strong>habeo</strong></span> <span class='ocrx_word' id='word_1_82' title='bbox 1051 1335 1246 1390; x_wconf 81' lang='lat' dir='ltr'><strong>virum.</strong></span> <span class='ocrx_word' id='word_1_83' title='bbox 1276 1336 1414 1390; x_wconf 91' lang='lat' dir='ltr'><strong>Dicit</strong></span> <span class='ocrx_word' id='word_1_84' title='bbox 1440 1338 1489 1393; x_wconf 92' lang='lat' dir='ltr'><strong>ei</strong></span> <span class='ocrx_word' id='word_1_85' title='bbox 1526 1337 1684 1395; x_wconf 83' lang='lat' dir='ltr'><strong>Jesus</strong></span> <span class='ocrx_word' id='word_1_86' title='bbox 1714 1358 1726 1393; x_wconf 90' lang='lat'><strong>:</strong></span> <span class='ocrx_word' id='word_1_87' title='bbox 1764 1339 1909 1396; x_wconf 89' lang='lat' dir='ltr'><strong>Bene</strong></span> <span class='ocrx_word' id='word_1_88' title='bbox 1936 1340 2145 1406; x_wconf 81' lang='lat' dir='ltr'><strong>dixisti,</strong></span> <span class='ocrx_word' id='word_1_89' title='bbox 2175 1339 2296 1395; x_wconf 84' lang='lat' dir='ltr'><strong>Non</strong></span> 
     </span>
    </p>
   </div>
   <div class='ocr_carea' id='block_1_15' title="bbox 710 1424 2294 1499">
    <p class='ocr_par' dir='ltr' id='par_1_15' title="bbox 710 1424 2294 1499">
     <span class='ocr_line' id='line_1_15' title="bbox 710 1424 2294 1499; baseline 0.009 -24"><span class='ocrx_word' id='word_1_90' title='bbox 710 1424 883 1478; x_wconf 81' lang='lat' dir='ltr'><strong>habeo</strong></span> <span class='ocrx_word' id='word_1_91' title='bbox 914 1428 1091 1480; x_wconf 87' lang='lat' dir='ltr'><strong>virum</strong></span> <span class='ocrx_word' id='word_1_92' title='bbox 1132 1445 1143 1480; x_wconf 91' lang='lat'>:</span> <span class='ocrx_word' id='word_1_93' title='bbox 1170 1429 1410 1499; x_wconf 89' lang='lat' dir='ltr'><strong>quinque</strong></span> <span class='ocrx_word' id='word_1_94' title='bbox 1432 1431 1577 1486; x_wconf 91' lang='lat' dir='ltr'><strong>enim</strong></span> <span class='ocrx_word' id='word_1_95' title='bbox 1610 1432 1755 1487; x_wconf 80' lang='lat' dir='ltr'><strong>viros</strong></span> <span class='ocrx_word' id='word_1_96' title='bbox 1782 1433 2039 1497; x_wconf 86' lang='lat' dir='ltr'><strong>habuisti,</strong></span> <span class='ocrx_word' id='word_1_97' title='bbox 2061 1444 2117 1489; x_wconf 93' lang='lat' dir='ltr'><strong>et</strong></span> <span class='ocrx_word' id='word_1_98' title='bbox 2148 1446 2294 1489; x_wconf 90' lang='lat' dir='ltr'><strong>nunc</strong></span> 
     </span>
    </p>
   </div>
   <div class='ocr_carea' id='block_1_16' title="bbox 710 1517 2289 1582">
    <p class='ocr_par' dir='ltr' id='par_1_16' title="bbox 710 1517 2289 1582">
     <span class='ocr_line' id='line_1_16' title="bbox 710 1517 2289 1582; baseline 0.006 -14"><span class='ocrx_word' id='word_1_99' title='bbox 710 1528 868 1582; x_wconf 88' lang='lat' dir='ltr'><strong>quem</strong></span> <span class='ocrx_word' id='word_1_100' title='bbox 921 1517 1111 1581; x_wconf 86' lang='lat' dir='ltr'><strong>habes,</strong></span> <span class='ocrx_word' id='word_1_101' title='bbox 1144 1534 1248 1572; x_wconf 88' lang='lat' dir='ltr'><strong>non</strong></span> <span class='ocrx_word' id='word_1_102' title='bbox 1305 1531 1390 1575; x_wconf 90' lang='lat' dir='ltr'><strong>est</strong></span> <span class='ocrx_word' id='word_1_103' title='bbox 1438 1529 1563 1576; x_wconf 85' lang='lat' dir='ltr'><strong>tuus</strong></span> <span class='ocrx_word' id='word_1_104' title='bbox 1607 1522 1708 1576; x_wconf 93' lang='lat' dir='ltr'><strong>vir.</strong></span> <span class='ocrx_word' id='word_1_105' title='bbox 1741 1521 1852 1577; x_wconf 90' lang='lat' dir='ltr'><strong>lloc</strong></span> <span class='ocrx_word' id='word_1_106' title='bbox 1901 1537 2029 1578; x_wconf 91' lang='lat' dir='ltr'><strong>vere</strong></span> <span class='ocrx_word' id='word_1_107' title='bbox 2080 1524 2289 1578; x_wconf 80' lang='lat' dir='ltr'><strong>dixisti.</strong></span> 
     </span>
    </p>
   </div>
   <div class='ocr_carea' id='block_1_17' title="bbox 711 1606 2292 1685">
    <p class='ocr_par' dir='ltr' id='par_1_17' title="bbox 711 1606 2292 1685">
     <span class='ocr_line' id='line_1_17' title="bbox 711 1606 2292 1685; baseline 0.008 -26"><span class='ocrx_word' id='word_1_108' title='bbox 711 1606 853 1661; x_wconf 88' lang='lat' dir='ltr'><strong>Dicit</strong></span> <span class='ocrx_word' id='word_1_109' title='bbox 902 1610 948 1662; x_wconf 91' lang='lat' dir='ltr'><strong>ei</strong></span> <span class='ocrx_word' id='word_1_110' title='bbox 993 1611 1187 1665; x_wconf 87' lang='lat' dir='ltr'><strong>mulier</strong></span> <span class='ocrx_word' id='word_1_111' title='bbox 1220 1631 1231 1666; x_wconf 90' lang='lat'><strong>:</strong></span> <span class='ocrx_word' id='word_1_112' title='bbox 1260 1612 1505 1677; x_wconf 87' lang='lat' dir='ltr'><strong>Domine,</strong></span> <span class='ocrx_word' id='word_1_113' title='bbox 1529 1615 1689 1669; x_wconf 91' lang='lat' dir='ltr'><strong>video</strong></span> <span class='ocrx_word' id='word_1_114' title='bbox 1738 1618 1882 1685; x_wconf 90' lang='lat' dir='ltr'><strong>quod</strong></span> <span class='ocrx_word' id='word_1_115' title='bbox 1931 1616 2198 1685; x_wconf 87' lang='lat' dir='ltr'><strong>propheta</strong></span> <span class='ocrx_word' id='word_1_116' title='bbox 2232 1632 2292 1672; x_wconf 88' lang='lat' dir='ltr'><strong>es</strong></span> 
     </span>
    </p>
   </div>
   <div class='ocr_carea' id='block_1_18' title="bbox 708 1700 2291 1775">
    <p class='ocr_par' dir='ltr' id='par_1_18' title="bbox 708 1700 2291 1775">
     <span class='ocr_line' id='line_1_18' title="bbox 708 1700 2291 1775; baseline 0.006 -22"><span class='ocrx_word' id='word_1_117' title='bbox 708 1712 783 1757; x_wconf 89' lang='lat' dir='ltr'><strong>tu.</strong></span> <span class='ocrx_word' id='word_1_118' title='bbox 814 1700 1003 1757; x_wconf 81' lang='lat' dir='ltr'><strong>Patres</strong></span> <span class='ocrx_word' id='word_1_119' title='bbox 1035 1705 1205 1759; x_wconf 80' lang='lat' dir='ltr'><strong>nostri</strong></span> <span class='ocrx_word' id='word_1_120' title='bbox 1240 1706 1290 1759; x_wconf 93' lang='lat' dir='ltr'><strong>in</strong></span> <span class='ocrx_word' id='word_1_121' title='bbox 1327 1716 1507 1761; x_wconf 86' lang='lat' dir='ltr'><strong>monte</strong></span> <span class='ocrx_word' id='word_1_122' title='bbox 1546 1708 1645 1763; x_wconf 90' lang='lat' dir='ltr'><strong>hoc</strong></span> <span class='ocrx_word' id='word_1_123' title='bbox 1678 1708 2064 1775; x_wconf 87' lang='lat' dir='ltr'><strong>adoraveruut,</strong></span> <span class='ocrx_word' id='word_1_124' title='bbox 2096 1719 2151 1763; x_wconf 92' lang='lat' dir='ltr'><strong>et</strong></span> <span class='ocrx_word' id='word_1_125' title='bbox 2196 1724 2291 1764; x_wconf 78' lang='lat' dir='ltr'><strong>vos</strong></span> 
     </span>
    </p>
   </div>
   <div class='ocr_carea' id='block_1_19' title="bbox 706 1779 2365 1870">
    <p class='ocr_par' dir='ltr' id='par_1_19' title="bbox 706 1779 2365 1870">
     <span class='ocr_line' id='line_1_19' title="bbox 706 1779 2365 1870; baseline 0.007 -25"><span class='ocrx_word' id='word_1_126' title='bbox 706 1794 888 1848; x_wconf 85' lang='lat' dir='ltr'><strong>dicitis</strong></span> <span class='ocrx_word' id='word_1_127' title='bbox 929 1799 1075 1864; x_wconf 88' lang='lat' dir='ltr'><strong>quod</strong></span> <span class='ocrx_word' id='word_1_128' title='bbox 1137 1798 1525 1869; x_wconf 80' lang='lat' dir='ltr'><strong>Hierosolymis</strong></span> <span class='ocrx_word' id='word_1_129' title='bbox 1578 1810 1661 1855; x_wconf 92' lang='lat' dir='ltr'><strong>est</strong></span> <span class='ocrx_word' id='word_1_130' title='bbox 1718 1802 1868 1855; x_wconf 91' lang='lat' dir='ltr'><strong>locus</strong></span> <span class='ocrx_word' id='word_1_131' title='bbox 1899 1802 1989 1856; x_wconf 92' lang='lat' dir='ltr'><strong>ubi</strong></span> <span class='ocrx_word' id='word_1_132' title='bbox 2042 1812 2289 1870; x_wconf 78' lang='lat' dir='ltr'><strong>oporteat</strong></span> <span class='ocrx_word' id='word_1_133' title='bbox 2326 1779 2365 1832; x_wconf 70' lang='grc' dir='ltr'><strong><em>Β</em></strong></span> 
     </span>
    </p>
   </div>
   <div class='ocr_carea' id='block_1_20' title="bbox 708 1886 2291 1959">
    <p class='ocr_par' dir='ltr' id='par_1_20' title="bbox 708 1886 2291 1959">
     <span class='ocr_line' id='line_1_20' title="bbox 708 1886 2291 1959; baseline 0.008 -22"><span class='ocrx_word' id='word_1_134' title='bbox 708 1886 958 1941; x_wconf 85' lang='lat' dir='ltr'><strong>adorare.</strong></span> <span class='ocrx_word' id='word_1_135' title='bbox 996 1890 1135 1942; x_wconf 90' lang='lat' dir='ltr'><strong>Diclt</strong></span> <span class='ocrx_word' id='word_1_136' title='bbox 1186 1890 1234 1943; x_wconf 92' lang='lat' dir='ltr'><strong>ei</strong></span> <span class='ocrx_word' id='word_1_137' title='bbox 1276 1888 1436 1945; x_wconf 79' lang='lat' dir='ltr'><strong>Jesus</strong></span> <span class='ocrx_word' id='word_1_138' title='bbox 1469 1910 1482 1946; x_wconf 93' lang='lat'>:</span> <span class='ocrx_word' id='word_1_139' title='bbox 1518 1892 1731 1959; x_wconf 79' lang='lat' dir='ltr'><strong>Mulier,</strong></span> <span class='ocrx_word' id='word_1_140' title='bbox 1759 1896 1918 1949; x_wconf 80' lang='lat' dir='ltr'><strong>crede</strong></span> <span class='ocrx_word' id='word_1_141' title='bbox 1956 1894 2108 1952; x_wconf 87' lang='lat' dir='ltr'><strong>mihi.</strong></span> <span class='ocrx_word' id='word_1_142' title='bbox 2142 1895 2291 1949; x_wconf 84' lang='lat' dir='ltr'><strong>venit</strong></span> 
     </span>
    </p>
   </div>
   <div class='ocr_carea' id='block_1_21' title="bbox 708 1979 2290 2055">
    <p class='ocr_par' dir='ltr' id='par_1_21' title="bbox 708 1979 2290 2055">
     <span class='ocr_line' id='line_1_21' title="bbox 708 1979 2290 2055; baseline 0.005 -23"><span class='ocrx_word' id='word_1_143' title='bbox 708 1979 841 2032; x_wconf 89' lang='lat' dir='ltr'><strong>hora</strong></span> <span class='ocrx_word' id='word_1_144' title='bbox 879 1980 1097 2047; x_wconf 82' lang='lat' dir='ltr'><strong>quando</strong></span> <span class='ocrx_word' id='word_1_145' title='bbox 1150 1998 1324 2052; x_wconf 87' lang='lat' dir='ltr'><strong>neque</strong></span> <span class='ocrx_word' id='word_1_146' title='bbox 1355 1984 1409 2037; x_wconf 92' lang='lat' dir='ltr'><strong>in</strong></span> <span class='ocrx_word' id='word_1_147' title='bbox 1453 1995 1633 2039; x_wconf 92' lang='lat' dir='ltr'><strong>monte</strong></span> <span class='ocrx_word' id='word_1_148' title='bbox 1660 1987 1780 2050; x_wconf 90' lang='lat' dir='ltr'><strong>hoc,</strong></span> <span class='ocrx_word' id='word_1_149' title='bbox 1814 2001 1989 2055; x_wconf 90' lang='lat' dir='ltr'><strong>neque</strong></span> <span class='ocrx_word' id='word_1_150' title='bbox 2016 1987 2070 2040; x_wconf 90' lang='lat' dir='ltr'><strong>in</strong></span> <span class='ocrx_word' id='word_1_151' title='bbox 2096 1985 2290 2040; x_wconf 79' lang='lat' dir='ltr'><strong>Hiero-</strong></span> 
     </span>
    </p>
   </div>
   <div class='ocr_carea' id='block_1_22' title="bbox 706 2070 2287 2144">
    <p class='ocr_par' dir='ltr' id='par_1_22' title="bbox 706 2070 2287 2144">
     <span class='ocr_line' id='line_1_22' title="bbox 706 2070 2287 2144; baseline 0.006 -21"><span class='ocrx_word' id='word_1_152' title='bbox 706 2070 932 2139; x_wconf 81' lang='lat' dir='ltr'><strong>solymis</strong></span> <span class='ocrx_word' id='word_1_153' title='bbox 964 2070 1260 2128; x_wconf 83' lang='lat' dir='ltr'><strong>adorabitis</strong></span> <span class='ocrx_word' id='word_1_154' title='bbox 1284 2073 1524 2129; x_wconf 82' lang='lat' dir='ltr'><strong>Patrem.</strong></span> <span class='ocrx_word' id='word_1_155' title='bbox 1548 2076 1655 2131; x_wconf 79' lang='lat' dir='ltr'><strong>Vos</strong></span> <span class='ocrx_word' id='word_1_156' title='bbox 1686 2077 1925 2131; x_wconf 79' lang='lat' dir='ltr'><strong>adoratis</strong></span> <span class='ocrx_word' id='word_1_157' title='bbox 1974 2079 2117 2144; x_wconf 88' lang='lat' dir='ltr'><strong>quod</strong></span> <span class='ocrx_word' id='word_1_158' title='bbox 2156 2091 2287 2132; x_wconf 87' lang='lat' dir='ltr'><strong>nes-</strong></span> 
     </span>
    </p>
   </div>
   <div class='ocr_carea' id='block_1_23' title="bbox 703 2163 2291 2239">
    <p class='ocr_par' dir='ltr' id='par_1_23' title="bbox 703 2163 2291 2239">
     <span class='ocr_line' id='line_1_23' title="bbox 703 2163 2291 2239; baseline 0.005 -26"><span class='ocrx_word' id='word_1_159' title='bbox 703 2163 825 2215; x_wconf 82' lang='lat' dir='ltr'><strong>citis</strong></span> <span class='ocrx_word' id='word_1_160' title='bbox 854 2179 867 2216; x_wconf 86' lang='lat'><strong>:</strong></span> <span class='ocrx_word' id='word_1_161' title='bbox 912 2178 1008 2218; x_wconf 92' lang='lat' dir='ltr'><strong>nos</strong></span> <span class='ocrx_word' id='word_1_162' title='bbox 1026 2166 1314 2221; x_wconf 75' lang='lat' dir='ltr'><strong>adoramus</strong></span> <span class='ocrx_word' id='word_1_163' title='bbox 1340 2169 1479 2236; x_wconf 87' lang='lat' dir='ltr'><strong>quod</strong></span> <span class='ocrx_word' id='word_1_164' title='bbox 1504 2169 1703 2223; x_wconf 78' lang='lat' dir='ltr'><strong>scimus</strong></span> <span class='ocrx_word' id='word_1_165' title='bbox 1737 2172 1896 2239; x_wconf 91' lang='lat' dir='ltr'><strong>:quia</strong></span> <span class='ocrx_word' id='word_1_166' title='bbox 1930 2170 2075 2224; x_wconf 88' lang='lat' dir='ltr'><strong>salus</strong></span> <span class='ocrx_word' id='word_1_167' title='bbox 2106 2184 2171 2225; x_wconf 86' lang='lat' dir='ltr'><strong>ex</strong></span> <span class='ocrx_word' id='word_1_168' title='bbox 2195 2168 2291 2224; x_wconf 81' lang='lat' dir='ltr'><strong>Ju-</strong></span> 
     </span>
    </p>
   </div>
   <div class='ocr_carea' id='block_1_24' title="bbox 704 2256 2289 2329">
    <p class='ocr_par' dir='ltr' id='par_1_24' title="bbox 704 2256 2289 2329">
     <span class='ocr_line' id='line_1_24' title="bbox 704 2256 2289 2329; baseline 0.006 -23"><span class='ocrx_word' id='word_1_169' title='bbox 704 2256 836 2310; x_wconf 71' lang='lat' dir='ltr'><strong>dreis</strong></span> <span class='ocrx_word' id='word_1_170' title='bbox 869 2258 1294 2326; x_wconf 52' lang='lat' dir='ltr'><strong>estw—«Vade,</strong></span> <span class='ocrx_word' id='word_1_171' title='bbox 1320 2275 1453 2329; x_wconf 81' lang='lat' dir='ltr'><strong>voca</strong></span> <span class='ocrx_word' id='word_1_172' title='bbox 1470 2262 1642 2314; x_wconf 78' lang='lat' dir='ltr'><strong>virum</strong></span> <span class='ocrx_word' id='word_1_173' title='bbox 1669 2273 1877 2316; x_wconf 66' lang='lat' dir='ltr'><strong>tuum.»</strong></span> <span class='ocrx_word' id='word_1_174' title='bbox 1910 2262 2046 2328; x_wconf 87' lang='lat' dir='ltr'><strong>Quia</strong></span> <span class='ocrx_word' id='word_1_175' title='bbox 2070 2262 2289 2317; x_wconf 81' lang='lat' dir='ltr'><strong>videbat</strong></span> 
     </span>
    </p>
   </div>
   <div class='ocr_carea' id='block_1_25' title="bbox 704 2350 2287 2427">
    <p class='ocr_par' dir='ltr' id='par_1_25' title="bbox 704 2350 2287 2427">
     <span class='ocr_line' id='line_1_25' title="bbox 704 2350 2287 2427; baseline 0.004 -24"><span class='ocrx_word' id='word_1_176' title='bbox 704 2350 851 2405; x_wconf 84' lang='lat' dir='ltr'><strong>illam</strong></span> <span class='ocrx_word' id='word_1_177' title='bbox 890 2363 1173 2423; x_wconf 88' lang='lat' dir='ltr'><strong>urgentem</strong></span> <span class='ocrx_word' id='word_1_178' title='bbox 1206 2355 1271 2408; x_wconf 90' lang='lat' dir='ltr'><strong>ad</strong></span> <span class='ocrx_word' id='word_1_179' title='bbox 1307 2355 1697 2425; x_wconf 75' lang='lat' dir='ltr'><strong>recipiendum,</strong></span> <span class='ocrx_word' id='word_1_180' title='bbox 1734 2365 1787 2411; x_wconf 92' lang='lat' dir='ltr'><strong>et</strong></span> <span class='ocrx_word' id='word_1_181' title='bbox 1815 2366 2099 2427; x_wconf 76' lang='lat' dir='ltr'><strong>cogentem</strong></span> <span class='ocrx_word' id='word_1_182' title='bbox 2139 2370 2198 2412; x_wconf 84' lang='lat' dir='ltr'><strong>se</strong></span> <span class='ocrx_word' id='word_1_183' title='bbox 2221 2355 2287 2410; x_wconf 90' lang='lat' dir='ltr'><strong>ad</strong></span> 
     </span>
    </p>
   </div>
   <div class='ocr_carea' id='block_1_26' title="bbox 702 2445 2286 2519">
    <p class='ocr_par' dir='ltr' id='par_1_26' title="bbox 702 2445 2286 2519">
     <span class='ocr_line' id='line_1_26' title="bbox 702 2445 2286 2519; baseline 0.002 -19"><span class='ocrx_word' id='word_1_184' title='bbox 702 2445 961 2508; x_wconf 88' lang='lat' dir='ltr'><strong>dandum,</strong></span> <span class='ocrx_word' id='word_1_185' title='bbox 992 2448 1163 2501; x_wconf 86' lang='lat' dir='ltr'><strong>dicit:</strong></span> <span class='ocrx_word' id='word_1_186' title='bbox 1200 2467 1218 2499; x_wconf 77' lang='grc' dir='ltr'><strong>ι</strong></span> <span class='ocrx_word' id='word_1_187' title='bbox 1263 2447 1431 2515; x_wconf 75' lang='lat' dir='ltr'><strong>Vade,</strong></span> <span class='ocrx_word' id='word_1_188' title='bbox 1465 2465 1596 2505; x_wconf 83' lang='lat' dir='ltr'><strong>voca</strong></span> <span class='ocrx_word' id='word_1_189' title='bbox 1635 2451 1813 2504; x_wconf 88' lang='lat' dir='ltr'><strong>virum</strong></span> <span class='ocrx_word' id='word_1_190' title='bbox 1865 2460 2037 2515; x_wconf 88' lang='lat' dir='ltr'><strong>tuum,</strong></span> <span class='ocrx_word' id='word_1_191' title='bbox 2080 2469 2099 2503; x_wconf 71' lang='grc' dir='ltr'><strong>ι</strong></span> <span class='ocrx_word' id='word_1_192' title='bbox 2132 2449 2286 2519; x_wconf 84' lang='lat' dir='ltr'><strong>quasi</strong></span> 
     </span>
    </p>
   </div>
   <div class='ocr_carea' id='block_1_27' title="bbox 701 2537 2285 2609">
    <p class='ocr_par' dir='ltr' id='par_1_27' title="bbox 701 2537 2285 2609">
     <span class='ocr_line' id='line_1_27' title="bbox 701 2537 2285 2609; baseline 0.001 -18"><span class='ocrx_word' id='word_1_193' title='bbox 701 2537 951 2592; x_wconf 83' lang='lat' dir='ltr'><strong>ostendat</strong></span> <span class='ocrx_word' id='word_1_194' title='bbox 972 2537 1111 2607; x_wconf 90' lang='lat' dir='ltr'><strong>quod</strong></span> <span class='ocrx_word' id='word_1_195' title='bbox 1139 2538 1303 2593; x_wconf 89' lang='lat' dir='ltr'><strong>etiam</strong></span> <span class='ocrx_word' id='word_1_196' title='bbox 1333 2539 1480 2594; x_wconf 90' lang='lat' dir='ltr'><strong>illum</strong></span> <span class='ocrx_word' id='word_1_197' title='bbox 1511 2550 1758 2609; x_wconf 84' lang='lat' dir='ltr'><strong>Oporteat</strong></span> <span class='ocrx_word' id='word_1_198' title='bbox 1782 2555 1905 2595; x_wconf 89' lang='lat' dir='ltr'><strong>esse</strong></span> <span class='ocrx_word' id='word_1_199' title='bbox 1964 2539 2285 2609; x_wconf 74' lang='lat' dir='ltr'><strong>participem</strong></span> 
     </span>
    </p>
   </div>
   <div class='ocr_carea' id='block_1_28' title="bbox 704 2630 2283 2699">
    <p class='ocr_par' dir='ltr' id='par_1_28' title="bbox 704 2630 2283 2699">
     <span class='ocr_line' id='line_1_28' title="bbox 704 2630 2283 2699; baseline -0.001 -16"><span class='ocrx_word' id='word_1_200' title='bbox 704 2631 860 2699; x_wconf 86' lang='lat' dir='ltr'><strong>hujus</strong></span> <span class='ocrx_word' id='word_1_201' title='bbox 881 2631 1005 2685; x_wconf 89' lang='lat' dir='ltr'><strong>doni</strong></span> <span class='ocrx_word' id='word_1_202' title='bbox 1035 2632 1160 2685; x_wconf 89' lang='lat' dir='ltr'><strong>mei.</strong></span> <span class='ocrx_word' id='word_1_203' title='bbox 1199 2632 1291 2686; x_wconf 87' lang='lat' dir='ltr'><strong>Illa</strong></span> <span class='ocrx_word' id='word_1_204' title='bbox 1321 2644 1501 2687; x_wconf 87' lang='lat' dir='ltr'><strong>autem</strong></span> <span class='ocrx_word' id='word_1_205' title='bbox 1527 2632 1807 2697; x_wconf 82' lang='lat' dir='ltr'><strong>festinans,</strong></span> <span class='ocrx_word' id='word_1_206' title='bbox 1846 2638 1900 2686; x_wconf 91' lang='lat' dir='ltr'><strong>et</strong></span> <span class='ocrx_word' id='word_1_207' title='bbox 1927 2641 1984 2685; x_wconf 93' lang='lat' dir='ltr'><strong>ut</strong></span> <span class='ocrx_word' id='word_1_208' title='bbox 2034 2630 2283 2699; x_wconf 79' lang='lat' dir='ltr'><strong>recipiat,</strong></span> 
     </span>
    </p>
   </div>
   <div class='ocr_carea' id='block_1_29' title="bbox 702 2723 2287 2787">
    <p class='ocr_par' dir='ltr' id='par_1_29' title="bbox 702 2723 2287 2787">
     <span class='ocr_line' id='line_1_29' title="bbox 702 2723 2287 2787; baseline 0.007 -15"><span class='ocrx_word' id='word_1_209' title='bbox 702 2734 754 2776; x_wconf 82' lang='lat' dir='ltr'><strong>ct</strong></span> <span class='ocrx_word' id='word_1_210' title='bbox 786 2731 841 2775; x_wconf 89' lang='lat' dir='ltr'><strong>ut</strong></span> <span class='ocrx_word' id='word_1_211' title='bbox 871 2724 1031 2776; x_wconf 90' lang='lat' dir='ltr'><strong>simul</strong></span> <span class='ocrx_word' id='word_1_212' title='bbox 1064 2723 1247 2787; x_wconf 89' lang='lat' dir='ltr'><strong>lateat,</strong></span> <span class='ocrx_word' id='word_1_213' title='bbox 1281 2725 1412 2778; x_wconf 89' lang='lat' dir='ltr'><strong>dicit</strong></span> <span class='ocrx_word' id='word_1_214' title='bbox 1444 2742 1455 2777; x_wconf 88' lang='lat'><strong>:</strong></span> <span class='ocrx_word' id='word_1_215' title='bbox 1492 2744 1508 2776; x_wconf 79' lang='grc' dir='ltr'><strong>ι</strong></span> <span class='ocrx_word' id='word_1_216' title='bbox 1538 2725 1656 2779; x_wconf 83' lang='grc' dir='ltr'><strong>Νοη</strong></span> <span class='ocrx_word' id='word_1_217' title='bbox 1704 2725 1881 2780; x_wconf 85' lang='lat' dir='ltr'><strong>habeo</strong></span> <span class='ocrx_word' id='word_1_218' title='bbox 1930 2728 2129 2784; x_wconf 85' lang='lat' dir='ltr'><strong>virum.</strong></span> <span class='ocrx_word' id='word_1_219' title='bbox 2177 2746 2196 2780; x_wconf 75' lang='grc' dir='ltr'><strong>ι</strong></span> <span class='ocrx_word' id='word_1_220' title='bbox 2218 2728 2287 2783; x_wconf 80' lang='lat' dir='ltr'><strong>At</strong></span> 
     </span>
    </p>
   </div>
   <div class='ocr_carea' id='block_1_30' title="bbox 702 2812 2285 2883">
    <p class='ocr_par' dir='ltr' id='par_1_30' title="bbox 702 2812 2285 2883">
     <span class='ocr_line' id='line_1_30' title="bbox 702 2812 2285 2883; baseline 0.008 -18"><span class='ocrx_word' id='word_1_221' title='bbox 702 2812 964 2866; x_wconf 85' lang='lat' dir='ltr'><strong>Dominus</strong></span> <span class='ocrx_word' id='word_1_222' title='bbox 995 2828 1089 2883; x_wconf 92' lang='lat' dir='ltr'><strong>per</strong></span> <span class='ocrx_word' id='word_1_223' title='bbox 1128 2815 1467 2883; x_wconf 83' lang='lat' dir='ltr'><strong>prOpItetiam</strong></span> <span class='ocrx_word' id='word_1_224' title='bbox 1510 2831 1655 2871; x_wconf 90' lang='lat' dir='ltr'><strong>nunc</strong></span> <span class='ocrx_word' id='word_1_225' title='bbox 1676 2818 1879 2873; x_wconf 84' lang='lat' dir='ltr'><strong>revelat</strong></span> <span class='ocrx_word' id='word_1_226' title='bbox 1905 2832 2065 2875; x_wconf 83' lang='lat' dir='ltr'><strong>suam</strong></span> <span class='ocrx_word' id='word_1_227' title='bbox 2111 2822 2285 2877; x_wconf 81' lang='lat' dir='ltr'><strong>virtu-</strong></span> 
     </span>
    </p>
   </div>
   <div class='ocr_carea' id='block_1_31' title="bbox 700 2906 2283 2984">
    <p class='ocr_par' dir='ltr' id='par_1_31' title="bbox 700 2906 2283 2984">
     <span class='ocr_line' id='line_1_31' title="bbox 700 2906 2283 2984; baseline 0.007 -25"><span class='ocrx_word' id='word_1_228' title='bbox 700 2914 830 2970; x_wconf 91' lang='lat' dir='ltr'><strong>tem,</strong></span> <span class='ocrx_word' id='word_1_229' title='bbox 884 2915 937 2959; x_wconf 93' lang='lat' dir='ltr'><strong>et</strong></span> <span class='ocrx_word' id='word_1_230' title='bbox 972 2906 1179 2975; x_wconf 90' lang='lat' dir='ltr'><strong>priores</strong></span> <span class='ocrx_word' id='word_1_231' title='bbox 1221 2907 1340 2977; x_wconf 88' lang='lat' dir='ltr'><strong>ejus</strong></span> <span class='ocrx_word' id='word_1_232' title='bbox 1394 2909 1541 2963; x_wconf 78' lang='lat' dir='ltr'><strong>viros</strong></span> <span class='ocrx_word' id='word_1_233' title='bbox 1603 2923 1853 2966; x_wconf 87' lang='lat' dir='ltr'><strong>numerat</strong></span> <span class='ocrx_word' id='word_1_234' title='bbox 1905 2926 1961 2967; x_wconf 92' lang='lat' dir='ltr'><strong>et</strong></span> <span class='ocrx_word' id='word_1_235' title='bbox 2009 2928 2132 2967; x_wconf 91' lang='lat' dir='ltr'><strong>eum</strong></span> <span class='ocrx_word' id='word_1_236' title='bbox 2191 2917 2283 2984; x_wconf 83' lang='lat' dir='ltr'><strong>qui</strong></span> 
     </span>
    </p>
   </div>
   <div class='ocr_carea' id='block_1_32' title="bbox 700 2998 2285 3078">
    <p class='ocr_par' dir='ltr' id='par_1_32' title="bbox 700 2998 2285 3078">
     <span class='ocr_line' id='line_1_32' title="bbox 700 2998 2285 3078; baseline 0.008 -29"><span class='ocrx_word' id='word_1_237' title='bbox 700 3012 843 3051; x_wconf 92' lang='lat' dir='ltr'><strong>nunc</strong></span> <span class='ocrx_word' id='word_1_238' title='bbox 889 2998 1243 3069; x_wconf 79' lang='lat' dir='ltr'><strong>ignorabatur</strong></span> <span class='ocrx_word' id='word_1_239' title='bbox 1289 3002 1485 3069; x_wconf 79' lang='lat' dir='ltr'><strong>arguit.</strong></span> <span class='ocrx_word' id='word_1_240' title='bbox 1519 2998 1771 3071; x_wconf 82' lang='lat' dir='ltr'><strong>Nunquid</strong></span> <span class='ocrx_word' id='word_1_241' title='bbox 1808 3003 1975 3075; x_wconf 79' lang='lat' dir='ltr'><strong>igitur</strong></span> <span class='ocrx_word' id='word_1_242' title='bbox 2004 3005 2093 3060; x_wconf 89' lang='lat' dir='ltr'><strong>illa</strong></span> <span class='ocrx_word' id='word_1_243' title='bbox 2140 3021 2285 3078; x_wconf 76' lang='lat' dir='ltr'><strong>aegre</strong></span> 
     </span>
    </p>
   </div>
   <div class='ocr_carea' id='block_1_33' title="bbox 2405 598 4004 677">
    <p class='ocr_par' dir='ltr' id='par_1_33' title="bbox 2405 598 4004 677">
     <span class='ocr_line' id='line_1_33' title="bbox 2405 598 4004 677; baseline 0.006 -28"><span class='ocrx_word' id='word_1_244' title='bbox 2405 598 2563 651; x_wconf 83' lang='grc' dir='ltr'><strong>τοῦτο</strong></span> <span class='ocrx_word' id='word_1_245' title='bbox 2585 600 2647 652; x_wconf 79' lang='grc' dir='ltr'><strong>τὸ</strong></span> <span class='ocrx_word' id='word_1_246' title='bbox 2684 600 2851 673; x_wconf 83' lang='grc' dir='ltr'><strong>ὕδωρ.</strong></span> <span class='ocrx_word' id='word_1_247' title='bbox 2892 620 2911 653; x_wconf 71' lang='grc' dir='ltr'><strong>ι</strong></span> <span class='ocrx_word' id='word_1_248' title='bbox 2945 604 3164 677; x_wconf 79' lang='grc' dir='ltr'><strong>Ἔοικεν</strong></span> <span class='ocrx_word' id='word_1_249' title='bbox 3195 599 3291 658; x_wconf 83' lang='grc' dir='ltr'><strong>οὖν</strong></span> <span class='ocrx_word' id='word_1_250' title='bbox 3310 603 3452 676; x_wconf 81' lang='grc' dir='ltr'><strong>αὕτη</strong></span> <span class='ocrx_word' id='word_1_251' title='bbox 3481 604 3828 677; x_wconf 84' lang='grc' dir='ltr'><strong>συνετωτέρα</strong></span> <span class='ocrx_word' id='word_1_252' title='bbox 3860 601 4004 659; x_wconf 83' lang='grc' dir='ltr'><strong>εῖναι</strong></span> 
     </span>
    </p>
   </div>
   <div class='ocr_carea' id='block_1_34' title="bbox 2404 689 4005 769">
    <p class='ocr_par' dir='ltr' id='par_1_34' title="bbox 2404 689 4005 769">
     <span class='ocr_line' id='line_1_34' title="bbox 2404 689 4005 769; baseline 0.005 -27"><span class='ocrx_word' id='word_1_253' title='bbox 2404 689 2501 743; x_wconf 79' lang='grc' dir='ltr'><strong>τοῦ</strong></span> <span class='ocrx_word' id='word_1_254' title='bbox 2549 690 2887 763; x_wconf 81' lang='grc' dir='ltr'><strong>Νικοδήμου.</strong></span> <span class='ocrx_word' id='word_1_255' title='bbox 2926 694 3167 759; x_wconf 86' lang='grc' dir='ltr'><strong>Ἐκεῖνος</strong></span> <span class='ocrx_word' id='word_1_256' title='bbox 3202 695 3304 766; x_wconf 80' lang='grc' dir='ltr'><strong>μὲν</strong></span> <span class='ocrx_word' id='word_1_257' title='bbox 3330 696 3461 767; x_wconf 86' lang='grc' dir='ltr'><strong>γὰρ,</strong></span> <span class='ocrx_word' id='word_1_258' title='bbox 3496 696 3709 769; x_wconf 87' lang='grc' dir='ltr'><strong>μυρίων</strong></span> <span class='ocrx_word' id='word_1_259' title='bbox 3758 697 4005 761; x_wconf 83' lang='grc' dir='ltr'><strong>ἀκούσας</strong></span> 
     </span>
    </p>
   </div>
   <div class='ocr_carea' id='block_1_35' title="bbox 2402 781 3999 856">
    <p class='ocr_par' dir='ltr' id='par_1_35' title="bbox 2402 781 3999 856">
     <span class='ocr_line' id='line_1_35' title="bbox 2402 781 3999 856; baseline 0.004 -22"><span class='ocrx_word' id='word_1_260' title='bbox 2402 781 2685 848; x_wconf 83' lang='grc' dir='ltr'><strong>τοιούτων,</strong></span> <span class='ocrx_word' id='word_1_261' title='bbox 2722 784 2899 855; x_wconf 66' lang='grc' dir='ltr'><strong>ελεγυ</strong></span> <span class='ocrx_word' id='word_1_262' title='bbox 2929 804 2948 837; x_wconf 76' lang='grc' dir='ltr'><strong>ι</strong></span> <span class='ocrx_word' id='word_1_263' title='bbox 2987 787 3112 852; x_wconf 86' lang='grc' dir='ltr'><strong>Πῶς</strong></span> <span class='ocrx_word' id='word_1_264' title='bbox 3164 787 3342 842; x_wconf 84' lang='grc' dir='ltr'><strong>ταῦτα</strong></span> <span class='ocrx_word' id='word_1_265' title='bbox 3384 788 3641 856; x_wconf 81' lang='grc' dir='ltr'><strong>γενέσθαι</strong></span> <span class='ocrx_word' id='word_1_266' title='bbox 3663 788 3941 855; x_wconf 87' lang='grc' dir='ltr'><strong>δύναται;</strong></span> <span class='ocrx_word' id='word_1_267' title='bbox 3981 808 3999 841; x_wconf 77' lang='grc' dir='ltr'><strong>ι</strong></span> 
     </span>
    </p>
   </div>
   <div class='ocr_carea' id='block_1_36' title="bbox 2402 872 4005 952">
    <p class='ocr_par' dir='ltr' id='par_1_36' title="bbox 2402 872 4005 952">
     <span class='ocr_line' id='line_1_36' title="bbox 2402 872 4005 952; baseline 0.003 -25"><span class='ocrx_word' id='word_1_268' title='bbox 2402 872 2542 943; x_wconf 76' lang='grc' dir='ltr'><strong>αὕτη</strong></span> <span class='ocrx_word' id='word_1_269' title='bbox 2572 874 2628 929; x_wconf 77' lang='grc' dir='ltr'><strong>δὲ</strong></span> <span class='ocrx_word' id='word_1_270' title='bbox 2664 877 2896 948; x_wconf 76' lang='grc' dir='ltr'><strong>ἄρχεται</strong></span> <span class='ocrx_word' id='word_1_271' title='bbox 2914 882 3285 948; x_wconf 88' lang='grc' dir='ltr'><strong>καταφρονεῖν</strong></span> <span class='ocrx_word' id='word_1_272' title='bbox 3318 878 3419 952; x_wconf 72' lang='grc' dir='ltr'><strong>ἢδη</strong></span> <span class='ocrx_word' id='word_1_273' title='bbox 3442 882 3541 935; x_wconf 83' lang='grc' dir='ltr'><strong>καὶ</strong></span> <span class='ocrx_word' id='word_1_274' title='bbox 3568 882 3668 952; x_wconf 82' lang='grc' dir='ltr'><strong>τῆς</strong></span> <span class='ocrx_word' id='word_1_275' title='bbox 3684 881 3874 951; x_wconf 71' lang='grc' dir='ltr'><strong>πηγῆς</strong></span> <span class='ocrx_word' id='word_1_276' title='bbox 3908 878 4005 933; x_wconf 78' lang='grc' dir='ltr'><strong>τοῦ</strong></span> 
     </span>
    </p>
   </div>
   <div class='ocr_carea' id='block_1_37' title="bbox 2358 968 4008 1048">
    <p class='ocr_par' dir='ltr' id='par_1_37' title="bbox 2358 968 4008 1048">
     <span class='ocr_line' id='line_1_37' title="bbox 2358 968 4008 1048; baseline 0.007 -27"><span class='ocrx_word' id='word_1_277' title='bbox 2358 972 2452 1022; x_wconf 80' lang='grc' dir='ltr'><strong>καὶ</strong></span> <span class='ocrx_word' id='word_1_278' title='bbox 2476 970 2682 1026; x_wconf 78' lang='grc' dir='ltr'><strong>οὐκέτι</strong></span> <span class='ocrx_word' id='word_1_279' title='bbox 2711 973 3009 1031; x_wconf 75' lang='grc' dir='ltr'><strong>ιλεύσοιιαι</strong></span> <span class='ocrx_word' id='word_1_280' title='bbox 3050 968 3177 1041; x_wconf 78' lang='grc' dir='ltr'><strong>ὧδε,</strong></span> <span class='ocrx_word' id='word_1_281' title='bbox 3195 970 3355 1031; x_wconf 71' lang='grc' dir='ltr'><strong>σῶστε</strong></span> <span class='ocrx_word' id='word_1_282' title='bbox 3378 975 3613 1031; x_wconf 79' lang='grc' dir='ltr'><strong>ἀντλεῖν.</strong></span> <span class='ocrx_word' id='word_1_283' title='bbox 3669 976 3838 1048; x_wconf 72' lang='grc' dir='ltr'><strong>Ὁρᾷς</strong></span> <span class='ocrx_word' id='word_1_284' title='bbox 3887 974 4008 1039; x_wconf 72' lang='grc' dir='ltr'><strong>πῶς</strong></span> 
     </span>
    </p>
   </div>
   <div class='ocr_carea' id='block_1_38' title="bbox 2481 1156 4005 1230">
    <p class='ocr_par' dir='ltr' id='par_1_38' title="bbox 2481 1156 4005 1230">
     <span class='ocr_line' id='line_1_38' title="bbox 2481 1156 4005 1230; baseline 0.001 -22"><span class='ocrx_word' id='word_1_285' title='bbox 2481 1176 2499 1207; x_wconf 71' lang='grc' dir='ltr'><strong>ι</strong></span> <span class='ocrx_word' id='word_1_286' title='bbox 2534 1159 2697 1226; x_wconf 86' lang='grc' dir='ltr'><strong>Λέγει</strong></span> <span class='ocrx_word' id='word_1_287' title='bbox 2756 1160 2894 1230; x_wconf 77' lang='grc' dir='ltr'><strong>αὐτῇ</strong></span> <span class='ocrx_word' id='word_1_288' title='bbox 2949 1161 2977 1213; x_wconf 86' lang='grc' dir='ltr'><strong>ὁ</strong></span> <span class='ocrx_word' id='word_1_289' title='bbox 3021 1157 3265 1230; x_wconf 78' lang='grc' dir='ltr'><strong>Ἰησοῦς·</strong></span> <span class='ocrx_word' id='word_1_290' title='bbox 3301 1157 3547 1227; x_wconf 85' lang='grc' dir='ltr'><strong>Ὕπαγε,</strong></span> <span class='ocrx_word' id='word_1_291' title='bbox 3588 1157 3847 1228; x_wconf 82' lang='grc' dir='ltr'><strong>φώνησον</strong></span> <span class='ocrx_word' id='word_1_292' title='bbox 3907 1156 4005 1210; x_wconf 69' lang='grc' dir='ltr'><strong>τὸν</strong></span> 
     </span>
    </p>
   </div>
   <div class='ocr_carea' id='block_1_39' title="bbox 2402 1248 4002 1321">
    <p class='ocr_par' dir='ltr' id='par_1_39' title="bbox 2402 1248 4002 1321">
     <span class='ocr_line' id='line_1_39' title="bbox 2402 1248 4002 1321; baseline -0.001 -19"><span class='ocrx_word' id='word_1_293' title='bbox 2402 1250 2575 1319; x_wconf 77' lang='grc' dir='ltr'><strong>ἄνδρα</strong></span> <span class='ocrx_word' id='word_1_294' title='bbox 2618 1266 2735 1315; x_wconf 83' lang='grc' dir='ltr'><strong>σου,</strong></span> <span class='ocrx_word' id='word_1_295' title='bbox 2764 1250 2863 1303; x_wconf 75' lang='grc' dir='ltr'><strong>καὶ</strong></span> <span class='ocrx_word' id='word_1_296' title='bbox 2911 1250 3034 1303; x_wconf 73' lang='grc' dir='ltr'><strong>έλθὶ</strong></span> <span class='ocrx_word' id='word_1_297' title='bbox 3079 1249 3294 1303; x_wconf 76' lang='grc' dir='ltr'><strong>ἐνθάδε.</strong></span> <span class='ocrx_word' id='word_1_298' title='bbox 3330 1248 3633 1321; x_wconf 77' lang='grc' dir='ltr'><strong>Ἀπεκρίθη</strong></span> <span class='ocrx_word' id='word_1_299' title='bbox 3655 1248 3711 1302; x_wconf 82' lang='grc' dir='ltr'><strong>δὲ</strong></span> <span class='ocrx_word' id='word_1_300' title='bbox 3748 1252 3782 1320; x_wconf 82' lang='grc' dir='ltr'><strong>ή</strong></span> <span class='ocrx_word' id='word_1_301' title='bbox 3838 1249 4002 1319; x_wconf 73' lang='grc' dir='ltr'><strong>γυνὴ,</strong></span> 
     </span>
    </p>
   </div>
   <div class='ocr_carea' id='block_1_40' title="bbox 2401 1330 4005 1406">
    <p class='ocr_par' dir='ltr' id='par_1_40' title="bbox 2401 1330 4005 1406">
     <span class='ocr_line' id='line_1_40' title="bbox 2401 1330 4005 1406; baseline -0.001 -19"><span class='ocrx_word' id='word_1_302' title='bbox 2401 1336 2494 1388; x_wconf 70' lang='grc' dir='ltr'><strong>καὶ</strong></span> <span class='ocrx_word' id='word_1_303' title='bbox 2529 1330 2684 1388; x_wconf 80' lang='grc' dir='ltr'><strong>εἶπεν</strong></span> <span class='ocrx_word' id='word_1_304' title='bbox 2713 1334 2866 1405; x_wconf 85' lang='grc' dir='ltr'><strong>αὐτῷ</strong></span> <span class='ocrx_word' id='word_1_305' title='bbox 2904 1350 2922 1367; x_wconf 75' lang='grc' dir='ltr'><strong><em>ο</em></strong></span> <span class='ocrx_word' id='word_1_306' title='bbox 2959 1335 3076 1388; x_wconf 80' lang='grc' dir='ltr'><strong>Οὐκ</strong></span> <span class='ocrx_word' id='word_1_307' title='bbox 3106 1334 3217 1405; x_wconf 68' lang='grc' dir='ltr'><strong>ἔχω</strong></span> <span class='ocrx_word' id='word_1_308' title='bbox 3246 1333 3436 1406; x_wconf 77' lang='grc' dir='ltr'><strong>ἄνδρα.</strong></span> <span class='ocrx_word' id='word_1_309' title='bbox 3463 1335 3627 1402; x_wconf 85' lang='grc' dir='ltr'><strong>Λέγει</strong></span> <span class='ocrx_word' id='word_1_310' title='bbox 3659 1334 3802 1404; x_wconf 74' lang='grc' dir='ltr'><strong>αὐτῇ</strong></span> <span class='ocrx_word' id='word_1_311' title='bbox 3828 1338 3859 1388; x_wconf 77' lang='grc' dir='ltr'>ὁ</span> <span class='ocrx_word' id='word_1_312' title='bbox 3896 1334 4005 1402; x_wconf 79' lang='grc' dir='ltr'><strong>Ἰη-</strong></span> 
     </span>
    </p>
   </div>
   <div class='ocr_carea' id='block_1_41' title="bbox 2401 1422 4003 1498">
    <p class='ocr_par' dir='ltr' id='par_1_41' title="bbox 2401 1422 4003 1498">
     <span class='ocr_line' id='line_1_41' title="bbox 2401 1422 4003 1498; baseline 0 -19"><span class='ocrx_word' id='word_1_313' title='bbox 2401 1426 2529 1489; x_wconf 81' lang='grc' dir='ltr'><strong>σοῦς</strong></span> <span class='ocrx_word' id='word_1_314' title='bbox 2559 1442 2573 1455; x_wconf 87' lang='grc'><strong>·</strong></span> <span class='ocrx_word' id='word_1_315' title='bbox 2637 1426 2837 1490; x_wconf 81' lang='grc' dir='ltr'><strong>Καλῶς</strong></span> <span class='ocrx_word' id='word_1_316' title='bbox 2876 1422 3063 1492; x_wconf 76' lang='grc' dir='ltr'><strong>εἶπας,</strong></span> <span class='ocrx_word' id='word_1_317' title='bbox 3108 1427 3191 1480; x_wconf 83' lang='grc' dir='ltr'><strong>ὄτι</strong></span> <span class='ocrx_word' id='word_1_318' title='bbox 3240 1425 3446 1497; x_wconf 84' lang='grc' dir='ltr'><strong>’Δνδρα</strong></span> <span class='ocrx_word' id='word_1_319' title='bbox 3494 1428 3595 1480; x_wconf 84' lang='grc' dir='ltr'><strong>οὐκ</strong></span> <span class='ocrx_word' id='word_1_320' title='bbox 3653 1426 3789 1498; x_wconf 77' lang='grc' dir='ltr'><strong>έχω.</strong></span> <span class='ocrx_word' id='word_1_321' title='bbox 3832 1427 4003 1480; x_wconf 78' lang='grc' dir='ltr'><strong>Πέντε</strong></span> 
     </span>
    </p>
   </div>
   <div class='ocr_carea' id='block_1_42' title="bbox 2400 1517 4004 1589">
    <p class='ocr_par' dir='ltr' id='par_1_42' title="bbox 2400 1517 4004 1589">
     <span class='ocr_line' id='line_1_42' title="bbox 2400 1517 4004 1589; baseline 0 -20"><span class='ocrx_word' id='word_1_322' title='bbox 2400 1519 2512 1586; x_wconf 70' lang='grc' dir='ltr'><strong>γὰρ</strong></span> <span class='ocrx_word' id='word_1_323' title='bbox 2539 1518 2740 1588; x_wconf 76' lang='grc' dir='ltr'><strong>ἄνδρας</strong></span> <span class='ocrx_word' id='word_1_324' title='bbox 2784 1517 2968 1589; x_wconf 69' lang='grc' dir='ltr'><strong>ἔσχες,</strong></span> <span class='ocrx_word' id='word_1_325' title='bbox 2997 1519 3093 1572; x_wconf 73' lang='grc' dir='ltr'><strong>καὶ</strong></span> <span class='ocrx_word' id='word_1_326' title='bbox 3144 1518 3243 1572; x_wconf 80' lang='grc' dir='ltr'><strong>νῦν</strong></span> <span class='ocrx_word' id='word_1_327' title='bbox 3285 1518 3345 1571; x_wconf 81' lang='grc' dir='ltr'><strong>ὃν</strong></span> <span class='ocrx_word' id='word_1_328' title='bbox 3391 1517 3559 1589; x_wconf 74' lang='grc' dir='ltr'><strong>εχεις,</strong></span> <span class='ocrx_word' id='word_1_329' title='bbox 3596 1518 3698 1571; x_wconf 84' lang='grc' dir='ltr'><strong>οὑκ</strong></span> <span class='ocrx_word' id='word_1_330' title='bbox 3748 1517 3869 1570; x_wconf 67' lang='grc' dir='ltr'><strong>ἐστι</strong></span> <span class='ocrx_word' id='word_1_331' title='bbox 3910 1534 4004 1570; x_wconf 88' lang='grc' dir='ltr'><strong>σου</strong></span> 
     </span>
    </p>
   </div>
   <div class='ocr_carea' id='block_1_43' title="bbox 2398 1609 4000 1681">
    <p class='ocr_par' dir='ltr' id='par_1_43' title="bbox 2398 1609 4000 1681">
     <span class='ocr_line' id='line_1_43' title="bbox 2398 1609 4000 1681; baseline -0.001 -19"><span class='ocrx_word' id='word_1_332' title='bbox 2398 1611 2539 1680; x_wconf 79' lang='grc' dir='ltr'><strong>ἁνήρ</strong></span> <span class='ocrx_word' id='word_1_333' title='bbox 2564 1627 2579 1642; x_wconf 77' lang='grc' dir='ltr'><strong>ο</strong></span> <span class='ocrx_word' id='word_1_334' title='bbox 2621 1610 2782 1663; x_wconf 84' lang='grc' dir='ltr'><strong>τοῦτο</strong></span> <span class='ocrx_word' id='word_1_335' title='bbox 2814 1610 3032 1681; x_wconf 83' lang='grc' dir='ltr'><strong>ἀληθῶς</strong></span> <span class='ocrx_word' id='word_1_336' title='bbox 3088 1611 3341 1680; x_wconf 84' lang='grc' dir='ltr'><strong>εῖρηκας.</strong></span> <span class='ocrx_word' id='word_1_337' title='bbox 3377 1610 3539 1678; x_wconf 86' lang='grc' dir='ltr'><strong>Λέγει</strong></span> <span class='ocrx_word' id='word_1_338' title='bbox 3571 1609 3725 1679; x_wconf 79' lang='grc' dir='ltr'><strong>αὐτῷ</strong></span> <span class='ocrx_word' id='word_1_339' title='bbox 3754 1612 3789 1679; x_wconf 78' lang='grc' dir='ltr'><strong>ἠ</strong></span> <span class='ocrx_word' id='word_1_340' title='bbox 3824 1612 3966 1678; x_wconf 77' lang='grc' dir='ltr'><strong>γυνή</strong></span> <span class='ocrx_word' id='word_1_341' title='bbox 3987 1627 4000 1640; x_wconf 86' lang='grc'><strong>·</strong></span> 
     </span>
    </p>
   </div>
   <div class='ocr_carea' id='block_1_44' title="bbox 2401 1698 4003 1774">
    <p class='ocr_par' dir='ltr' id='par_1_44' title="bbox 2401 1698 4003 1774">
     <span class='ocr_line' id='line_1_44' title="bbox 2401 1698 4003 1774; baseline -0.001 -19"><span class='ocrx_word' id='word_1_342' title='bbox 2401 1702 2596 1773; x_wconf 81' lang='grc' dir='ltr'><strong>Κύριε,</strong></span> <span class='ocrx_word' id='word_1_343' title='bbox 2628 1701 2843 1771; x_wconf 85' lang='grc' dir='ltr'><strong>θεωρῶ,</strong></span> <span class='ocrx_word' id='word_1_344' title='bbox 2871 1703 2954 1756; x_wconf 82' lang='grc' dir='ltr'><strong>ὅτι</strong></span> <span class='ocrx_word' id='word_1_345' title='bbox 2984 1703 3277 1774; x_wconf 78' lang='grc' dir='ltr'><strong>προφήτης</strong></span> <span class='ocrx_word' id='word_1_346' title='bbox 3297 1698 3351 1756; x_wconf 79' lang='grc' dir='ltr'><strong>εί</strong></span> <span class='ocrx_word' id='word_1_347' title='bbox 3375 1701 3461 1755; x_wconf 84' lang='grc' dir='ltr'><strong>σύ.</strong></span> <span class='ocrx_word' id='word_1_348' title='bbox 3483 1702 3547 1755; x_wconf 82' lang='lat' dir='ltr'><strong>Ol</strong></span> <span class='ocrx_word' id='word_1_349' title='bbox 3567 1701 3809 1773; x_wconf 89' lang='grc' dir='ltr'><strong>πατέρες</strong></span> <span class='ocrx_word' id='word_1_350' title='bbox 3843 1702 4003 1771; x_wconf 75' lang='grc' dir='ltr'><strong>ἡμῶν</strong></span> 
     </span>
    </p>
   </div>
   <div class='ocr_carea' id='block_1_45' title="bbox 2396 1792 3999 1865">
    <p class='ocr_par' dir='ltr' id='par_1_45' title="bbox 2396 1792 3999 1865">
     <span class='ocr_line' id='line_1_45' title="bbox 2396 1792 3999 1865; baseline -0.002 -18"><span class='ocrx_word' id='word_1_351' title='bbox 2396 1796 2454 1847; x_wconf 78' lang='grc' dir='ltr'><strong>ἐν</strong></span> <span class='ocrx_word' id='word_1_352' title='bbox 2481 1792 2656 1865; x_wconf 86' lang='grc' dir='ltr'><strong>τούτῳ</strong></span> <span class='ocrx_word' id='word_1_353' title='bbox 2686 1794 2762 1861; x_wconf 84' lang='grc' dir='ltr'><strong>τῷ</strong></span> <span class='ocrx_word' id='word_1_354' title='bbox 2791 1794 2909 1865; x_wconf 78' lang='grc' dir='ltr'><strong>δρει</strong></span> <span class='ocrx_word' id='word_1_355' title='bbox 2954 1793 3391 1865; x_wconf 81' lang='grc' dir='ltr'><strong>προσεκύνησαν,</strong></span> <span class='ocrx_word' id='word_1_356' title='bbox 3428 1792 3525 1847; x_wconf 79' lang='grc' dir='ltr'><strong>καὶ</strong></span> <span class='ocrx_word' id='word_1_357' title='bbox 3564 1794 3727 1862; x_wconf 80' lang='grc' dir='ltr'><strong>ὑμεῖς</strong></span> <span class='ocrx_word' id='word_1_358' title='bbox 3782 1792 3999 1860; x_wconf 85' lang='grc' dir='ltr'><strong>λέγετε,</strong></span> 
     </span>
    </p>
   </div>
   <div class='ocr_carea' id='block_1_46' title="bbox 2395 1886 3999 1958">
    <p class='ocr_par' dir='ltr' id='par_1_46' title="bbox 2395 1886 3999 1958">
     <span class='ocr_line' id='line_1_46' title="bbox 2395 1886 3999 1958; baseline -0.002 -17"><span class='ocrx_word' id='word_1_359' title='bbox 2395 1888 2476 1941; x_wconf 81' lang='grc' dir='ltr'><strong>ὅτι</strong></span> <span class='ocrx_word' id='word_1_360' title='bbox 2534 1888 2591 1939; x_wconf 81' lang='grc' dir='ltr'><strong>ἐν</strong></span> <span class='ocrx_word' id='word_1_361' title='bbox 2640 1886 3038 1958; x_wconf 84' lang='grc' dir='ltr'><strong>Ἱεροσολύμοις</strong></span> <span class='ocrx_word' id='word_1_362' title='bbox 3092 1888 3242 1940; x_wconf 68' lang='grc' dir='ltr'><strong>ἐστὶν</strong></span> <span class='ocrx_word' id='word_1_363' title='bbox 3274 1888 3303 1940; x_wconf 78' lang='grc' dir='ltr'><strong>ὁ</strong></span> <span class='ocrx_word' id='word_1_364' title='bbox 3334 1887 3519 1951; x_wconf 85' lang='grc' dir='ltr'><strong>τόπος,</strong></span> <span class='ocrx_word' id='word_1_365' title='bbox 3544 1887 3679 1940; x_wconf 85' lang='grc' dir='ltr'><strong>ὅπου</strong></span> <span class='ocrx_word' id='word_1_366' title='bbox 3707 1886 3793 1939; x_wconf 87' lang='grc' dir='ltr'><strong>δεῖ</strong></span> <span class='ocrx_word' id='word_1_367' title='bbox 3823 1902 3999 1956; x_wconf 82' lang='grc' dir='ltr'><strong>προσ-</strong></span> 
     </span>
    </p>
   </div>
   <div class='ocr_carea' id='block_1_47' title="bbox 2394 1978 3996 2049">
    <p class='ocr_par' dir='ltr' id='par_1_47' title="bbox 2394 1978 3996 2049">
     <span class='ocr_line' id='line_1_47' title="bbox 2394 1978 3996 2049; baseline -0.002 -18"><span class='ocrx_word' id='word_1_368' title='bbox 2394 1980 2597 2032; x_wconf 86' lang='grc' dir='ltr'><strong>κυνεῖν.</strong></span> <span class='ocrx_word' id='word_1_369' title='bbox 2648 1979 2815 2047; x_wconf 84' lang='grc' dir='ltr'><strong>Λέγει</strong></span> <span class='ocrx_word' id='word_1_370' title='bbox 2847 1980 2990 2049; x_wconf 77' lang='grc' dir='ltr'><strong>αὐτῇ</strong></span> <span class='ocrx_word' id='word_1_371' title='bbox 3019 1980 3048 2032; x_wconf 82' lang='grc' dir='ltr'><strong>ὁ</strong></span> <span class='ocrx_word' id='word_1_372' title='bbox 3080 1978 3289 2047; x_wconf 80' lang='grc' dir='ltr'><strong>Ἰησοῦς</strong></span> <span class='ocrx_word' id='word_1_373' title='bbox 3311 1996 3323 2010; x_wconf 91' lang='grc'>·</span> <span class='ocrx_word' id='word_1_374' title='bbox 3345 1978 3535 2040; x_wconf 85' lang='grc' dir='ltr'><strong>Γύναι,</strong></span> <span class='ocrx_word' id='word_1_375' title='bbox 3557 1978 3856 2031; x_wconf 74' lang='grc' dir='ltr'><strong>πίστευσον</strong></span> <span class='ocrx_word' id='word_1_376' title='bbox 3884 1994 3996 2046; x_wconf 82' lang='grc' dir='ltr'><strong>μοι,</strong></span> 
     </span>
    </p>
   </div>
   <div class='ocr_carea' id='block_1_48' title="bbox 2392 2070 4000 2145">
    <p class='ocr_par' dir='ltr' id='par_1_48' title="bbox 2392 2070 4000 2145">
     <span class='ocr_line' id='line_1_48' title="bbox 2392 2070 4000 2145; baseline -0.004 -17"><span class='ocrx_word' id='word_1_377' title='bbox 2392 2076 2476 2128; x_wconf 78' lang='grc' dir='ltr'><strong>ὅτι</strong></span> <span class='ocrx_word' id='word_1_378' title='bbox 2536 2073 2757 2143; x_wconf 69' lang='grc' dir='ltr'><strong>ἔρχεται</strong></span> <span class='ocrx_word' id='word_1_379' title='bbox 2780 2071 2921 2144; x_wconf 82' lang='grc' dir='ltr'><strong>ὥρα,</strong></span> <span class='ocrx_word' id='word_1_380' title='bbox 2962 2073 3053 2125; x_wconf 83' lang='grc' dir='ltr'><strong>ὅτε</strong></span> <span class='ocrx_word' id='word_1_381' title='bbox 3078 2072 3201 2125; x_wconf 72' lang='grc' dir='ltr'><strong>οὔτε</strong></span> <span class='ocrx_word' id='word_1_382' title='bbox 3234 2076 3293 2126; x_wconf 78' lang='grc' dir='ltr'><strong>ἐν</strong></span> <span class='ocrx_word' id='word_1_383' title='bbox 3320 2072 3397 2139; x_wconf 82' lang='grc' dir='ltr'><strong>τῷ</strong></span> <span class='ocrx_word' id='word_1_384' title='bbox 3424 2071 3545 2145; x_wconf 71' lang='grc' dir='ltr'><strong>δρει</strong></span> <span class='ocrx_word' id='word_1_385' title='bbox 3565 2074 3770 2142; x_wconf 78' lang='grc' dir='ltr'><strong>τούτῳ,</strong></span> <span class='ocrx_word' id='word_1_386' title='bbox 3795 2070 3922 2123; x_wconf 74' lang='grc' dir='ltr'><strong>οὔτε</strong></span> <span class='ocrx_word' id='word_1_387' title='bbox 3944 2074 4000 2123; x_wconf 81' lang='grc' dir='ltr'><strong>έν</strong></span> 
     </span>
    </p>
   </div>
   <div class='ocr_carea' id='block_1_49' title="bbox 2405 2162 3999 2236">
    <p class='ocr_par' dir='ltr' id='par_1_49' title="bbox 2405 2162 3999 2236">
     <span class='ocr_line' id='line_1_49' title="bbox 2405 2162 3999 2236; baseline -0.003 -19"><span class='ocrx_word' id='word_1_388' title='bbox 2405 2164 2802 2236; x_wconf 77' lang='grc' dir='ltr'><strong>Ἰεροσολύμοις</strong></span> <span class='ocrx_word' id='word_1_389' title='bbox 2838 2164 3249 2235; x_wconf 73' lang='grc' dir='ltr'><strong>προσκυνήσετε</strong></span> <span class='ocrx_word' id='word_1_390' title='bbox 3276 2162 3355 2233; x_wconf 85' lang='grc' dir='ltr'><strong>τῷ</strong></span> <span class='ocrx_word' id='word_1_391' title='bbox 3377 2162 3573 2234; x_wconf 84' lang='grc' dir='ltr'><strong>Πατρί.</strong></span> <span class='ocrx_word' id='word_1_392' title='bbox 3592 2162 3792 2231; x_wconf 83' lang='grc' dir='ltr'><strong>Ὑμεῖς</strong></span> <span class='ocrx_word' id='word_1_393' title='bbox 3826 2179 3999 2229; x_wconf 70' lang='grc' dir='ltr'><strong>προσ-</strong></span> 
     </span>
    </p>
   </div>
   <div class='ocr_carea' id='block_1_50' title="bbox 2394 2254 3994 2326">
    <p class='ocr_par' dir='ltr' id='par_1_50' title="bbox 2394 2254 3994 2326">
     <span class='ocr_line' id='line_1_50' title="bbox 2394 2254 3994 2326; baseline -0.003 -16"><span class='ocrx_word' id='word_1_394' title='bbox 2394 2260 2606 2310; x_wconf 88' lang='grc' dir='ltr'><strong>κυνεῖτε</strong></span> <span class='ocrx_word' id='word_1_395' title='bbox 2636 2257 2785 2310; x_wconf 79' lang='grc' dir='ltr'><strong>δούκ</strong></span> <span class='ocrx_word' id='word_1_396' title='bbox 2830 2258 3030 2321; x_wconf 82' lang='grc' dir='ltr'><strong>οῖδατε,</strong></span> <span class='ocrx_word' id='word_1_397' title='bbox 3098 2258 3261 2325; x_wconf 76' lang='grc' dir='ltr'><strong>ἡμεῖς</strong></span> <span class='ocrx_word' id='word_1_398' title='bbox 3310 2254 3789 2326; x_wconf 79' lang='grc' dir='ltr'><strong>προσκυνοῦμενδ</strong></span> <span class='ocrx_word' id='word_1_399' title='bbox 3843 2254 3994 2307; x_wconf 79' lang='grc' dir='ltr'><strong>οῖδαο</strong></span> 
     </span>
    </p>
   </div>
   <div class='ocr_carea' id='block_1_51' title="bbox 2396 2345 3997 2420">
    <p class='ocr_par' dir='ltr' id='par_1_51' title="bbox 2396 2345 3997 2420">
     <span class='ocr_line' id='line_1_51' title="bbox 2396 2345 3997 2420; baseline -0.003 -17"><span class='ocrx_word' id='word_1_400' title='bbox 2396 2366 2494 2419; x_wconf 88' lang='grc' dir='ltr'><strong>μεν</strong></span> <span class='ocrx_word' id='word_1_401' title='bbox 2524 2348 2620 2420; x_wconf 83' lang='grc' dir='ltr'><strong>(α).</strong></span> <span class='ocrx_word' id='word_1_402' title='bbox 2643 2348 3025 2416; x_wconf 77' lang='grc' dir='ltr'><strong>»-ι”Υπαγε,</strong></span> <span class='ocrx_word' id='word_1_403' title='bbox 3060 2346 3313 2418; x_wconf 78' lang='grc' dir='ltr'>φώνησόν</span> <span class='ocrx_word' id='word_1_404' title='bbox 3338 2363 3431 2401; x_wconf 89' lang='grc' dir='ltr'><strong>σου</strong></span> <span class='ocrx_word' id='word_1_405' title='bbox 3454 2348 3545 2399; x_wconf 83' lang='grc' dir='ltr'><strong>τὸν</strong></span> <span class='ocrx_word' id='word_1_406' title='bbox 3566 2346 3760 2418; x_wconf 72' lang='grc' dir='ltr'><strong>ἄνδρα.</strong></span> <span class='ocrx_word' id='word_1_407' title='bbox 3792 2364 3812 2399; x_wconf 75' lang='grc' dir='ltr'><strong>ι</strong></span> <span class='ocrx_word' id='word_1_408' title='bbox 3839 2345 3997 2400; x_wconf 70' lang='grc' dir='ltr'><strong>Ἐπεὶ</strong></span> 
     </span>
    </p>
   </div>
   <div class='ocr_carea' id='block_1_52' title="bbox 2392 2440 3996 2514">
    <p class='ocr_par' dir='ltr' id='par_1_52' title="bbox 2392 2440 3996 2514">
     <span class='ocr_line' id='line_1_52' title="bbox 2392 2440 3996 2514; baseline -0.002 -18"><span class='ocrx_word' id='word_1_409' title='bbox 2392 2444 2502 2514; x_wconf 83' lang='grc' dir='ltr'><strong>γὰρ</strong></span> <span class='ocrx_word' id='word_1_410' title='bbox 2560 2442 2709 2512; x_wconf 78' lang='grc' dir='ltr'><strong>ἐώρα</strong></span> <span class='ocrx_word' id='word_1_411' title='bbox 2759 2442 2934 2509; x_wconf 80' lang='grc' dir='ltr'><strong>αὐτὴν</strong></span> <span class='ocrx_word' id='word_1_412' title='bbox 2997 2441 3384 2512; x_wconf 72' lang='grc' dir='ltr'><strong>ίπικειμένην,</strong></span> <span class='ocrx_word' id='word_1_413' title='bbox 3432 2440 3575 2495; x_wconf 85' lang='grc' dir='ltr'><strong>ὥστε</strong></span> <span class='ocrx_word' id='word_1_414' title='bbox 3646 2441 3866 2503; x_wconf 75' lang='grc' dir='ltr'><strong>λαϐεῖν,</strong></span> <span class='ocrx_word' id='word_1_415' title='bbox 3901 2442 3996 2493; x_wconf 77' lang='grc' dir='ltr'><strong>καὶ</strong></span> 
     </span>
    </p>
   </div>
   <div class='ocr_carea' id='block_1_53' title="bbox 2390 2532 3993 2605">
    <p class='ocr_par' dir='ltr' id='par_1_53' title="bbox 2390 2532 3993 2605">
     <span class='ocr_line' id='line_1_53' title="bbox 2390 2532 3993 2605; baseline -0.002 -17"><span class='ocrx_word' id='word_1_416' title='bbox 2390 2536 2814 2603; x_wconf 77' lang='grc' dir='ltr'><strong>ἁναγκάζουσαν</strong></span> <span class='ocrx_word' id='word_1_417' title='bbox 2844 2534 3010 2588; x_wconf 84' lang='grc' dir='ltr'><strong>αὐτὸν</strong></span> <span class='ocrx_word' id='word_1_418' title='bbox 3062 2533 3271 2600; x_wconf 84' lang='grc' dir='ltr'><strong>δοῦναι,</strong></span> <span class='ocrx_word' id='word_1_419' title='bbox 3297 2532 3432 2605; x_wconf 80' lang='grc' dir='ltr'><strong>φησί</strong></span> <span class='ocrx_word' id='word_1_420' title='bbox 3468 2549 3483 2565; x_wconf 74' lang='grc' dir='ltr'><strong><em>ο</em></strong></span> <span class='ocrx_word' id='word_1_421' title='bbox 3530 2552 3551 2587; x_wconf 78' lang='grc' dir='ltr'><strong>ε</strong></span> <span class='ocrx_word' id='word_1_422' title='bbox 3586 2532 3850 2602; x_wconf 59' lang='grc' dir='ltr'><strong>1Ιθώντισόν</strong></span> <span class='ocrx_word' id='word_1_423' title='bbox 3902 2550 3993 2585; x_wconf 82' lang='grc' dir='ltr'><strong>σου</strong></span> 
     </span>
    </p>
   </div>
   <div class='ocr_carea' id='block_1_54' title="bbox 2389 2625 3994 2699">
    <p class='ocr_par' dir='ltr' id='par_1_54' title="bbox 2389 2625 3994 2699">
     <span class='ocr_line' id='line_1_54' title="bbox 2389 2625 3994 2699; baseline -0.003 -18"><span class='ocrx_word' id='word_1_424' title='bbox 2389 2628 2483 2681; x_wconf 70' lang='grc' dir='ltr'><strong>τὸν</strong></span> <span class='ocrx_word' id='word_1_425' title='bbox 2518 2628 2690 2699; x_wconf 75' lang='grc' dir='ltr'><strong>ἄνδρα</strong></span> <span class='ocrx_word' id='word_1_426' title='bbox 2726 2644 2739 2658; x_wconf 90' lang='grc'><strong>·</strong></span> <span class='ocrx_word' id='word_1_427' title='bbox 2780 2627 3023 2680; x_wconf 79' lang='grc' dir='ltr'><strong>»ὡσανεὶ</strong></span> <span class='ocrx_word' id='word_1_428' title='bbox 3081 2625 3523 2695; x_wconf 65' lang='grc' dir='ltr'><strong>ἐνδεικνύμενος,</strong></span> <span class='ocrx_word' id='word_1_429' title='bbox 3570 2626 3655 2678; x_wconf 85' lang='grc' dir='ltr'><strong>ὅτι</strong></span> <span class='ocrx_word' id='word_1_430' title='bbox 3717 2626 3994 2678; x_wconf 77' lang='grc' dir='ltr'><strong>Κάκεῖνον</strong></span> 
     </span>
    </p>
   </div>
   <div class='ocr_carea' id='block_1_55' title="bbox 2391 2717 3991 2790">
    <p class='ocr_par' dir='ltr' id='par_1_55' title="bbox 2391 2717 3991 2790">
     <span class='ocr_line' id='line_1_55' title="bbox 2391 2717 3991 2790; baseline -0.003 -16"><span class='ocrx_word' id='word_1_431' title='bbox 2391 2722 2472 2774; x_wconf 87' lang='grc' dir='ltr'><strong>δεῖ</strong></span> <span class='ocrx_word' id='word_1_432' title='bbox 2502 2722 2760 2775; x_wconf 76' lang='grc' dir='ltr'><strong>κοινωνόν</strong></span> <span class='ocrx_word' id='word_1_433' title='bbox 2813 2738 2896 2774; x_wconf 88' lang='grc' dir='ltr'><strong>σοι</strong></span> <span class='ocrx_word' id='word_1_434' title='bbox 2955 2719 3213 2787; x_wconf 91' lang='grc' dir='ltr'><strong>γενέσθαι</strong></span> <span class='ocrx_word' id='word_1_435' title='bbox 3268 2718 3372 2789; x_wconf 80' lang='grc' dir='ltr'><strong>τῆς</strong></span> <span class='ocrx_word' id='word_1_436' title='bbox 3395 2718 3607 2790; x_wconf 74' lang='grc' dir='ltr'><strong>δωρεᾶς</strong></span> <span class='ocrx_word' id='word_1_437' title='bbox 3650 2717 3864 2787; x_wconf 74' lang='grc' dir='ltr'><strong>ταύτης</strong></span> <span class='ocrx_word' id='word_1_438' title='bbox 3894 2720 3991 2786; x_wconf 70' lang='grc' dir='ltr'><strong>τῆς</strong></span> 
     </span>
    </p>
   </div>
   <div class='ocr_carea' id='block_1_56' title="bbox 2392 2808 3995 2886">
    <p class='ocr_par' dir='ltr' id='par_1_56' title="bbox 2392 2808 3995 2886">
     <span class='ocr_line' id='line_1_56' title="bbox 2392 2808 3995 2886; baseline -0.002 -17"><span class='ocrx_word' id='word_1_439' title='bbox 2392 2816 2553 2886; x_wconf 80' lang='grc' dir='ltr'><strong>ἐμῆς.</strong></span> <span class='ocrx_word' id='word_1_440' title='bbox 2581 2815 2797 2883; x_wconf 82' lang='grc' dir='ltr'><strong>Ἐκείνη</strong></span> <span class='ocrx_word' id='word_1_441' title='bbox 2820 2814 2878 2868; x_wconf 78' lang='grc' dir='ltr'><strong>δὲ</strong></span> <span class='ocrx_word' id='word_1_442' title='bbox 2912 2815 3027 2885; x_wconf 75' lang='grc' dir='ltr'><strong>ἅμα</strong></span> <span class='ocrx_word' id='word_1_443' title='bbox 3061 2808 3161 2883; x_wconf 84' lang='grc' dir='ltr'><strong>μὲν</strong></span> <span class='ocrx_word' id='word_1_444' title='bbox 3192 2812 3399 2877; x_wconf 80' lang='grc' dir='ltr'><strong>λαθεῖν,</strong></span> <span class='ocrx_word' id='word_1_445' title='bbox 3425 2812 3541 2884; x_wconf 70' lang='grc' dir='ltr'><strong>ἄμα</strong></span> <span class='ocrx_word' id='word_1_446' title='bbox 3564 2812 3621 2866; x_wconf 73' lang='grc' dir='ltr'><strong>δὲ</strong></span> <span class='ocrx_word' id='word_1_447' title='bbox 3652 2813 3750 2866; x_wconf 77' lang='grc' dir='ltr'><strong>καὶ</strong></span> <span class='ocrx_word' id='word_1_448' title='bbox 3804 2811 3995 2865; x_wconf 71' lang='grc' dir='ltr'><strong>λαδεῖν</strong></span> 
     </span>
    </p>
   </div>
   <div class='ocr_carea' id='block_1_57' title="bbox 2394 2907 3992 2980">
    <p class='ocr_par' dir='ltr' id='par_1_57' title="bbox 2394 2907 3992 2980">
     <span class='ocr_line' id='line_1_57' title="bbox 2394 2907 3992 2980; baseline -0.001 -18"><span class='ocrx_word' id='word_1_449' title='bbox 2394 2910 2721 2975; x_wconf 85' lang='grc' dir='ltr'><strong>σπεύδουσα,</strong></span> <span class='ocrx_word' id='word_1_450' title='bbox 2751 2910 2939 2980; x_wconf 78' lang='grc' dir='ltr'><strong>φησιν’</strong></span> <span class='ocrx_word' id='word_1_451' title='bbox 2979 2927 2998 2960; x_wconf 76' lang='grc' dir='ltr'><strong>ε</strong></span> <span class='ocrx_word' id='word_1_452' title='bbox 3026 2908 3141 2962; x_wconf 81' lang='grc' dir='ltr'><strong>Οὐκ</strong></span> <span class='ocrx_word' id='word_1_453' title='bbox 3159 2907 3267 2978; x_wconf 75' lang='grc' dir='ltr'><strong>ἔχω</strong></span> <span class='ocrx_word' id='word_1_454' title='bbox 3292 2910 3481 2978; x_wconf 79' lang='grc' dir='ltr'><strong>ἄνδρα.</strong></span> <span class='ocrx_word' id='word_1_455' title='bbox 3510 2926 3547 2961; x_wconf 54' lang='grc' dir='ltr'><strong>»ν</strong></span> <span class='ocrx_word' id='word_1_456' title='bbox 3581 2908 3642 2962; x_wconf 84' lang='lat'><strong>&#39;0</strong></span> <span class='ocrx_word' id='word_1_457' title='bbox 3670 2908 3731 2961; x_wconf 67' lang='grc' dir='ltr'><strong>δὲ</strong></span> <span class='ocrx_word' id='word_1_458' title='bbox 3763 2907 3992 2978; x_wconf 79' lang='grc' dir='ltr'><strong>Κύριος,</strong></span> 
     </span>
    </p>
   </div>
   <div class='ocr_carea' id='block_1_58' title="bbox 2389 2998 3993 3073">
    <p class='ocr_par' dir='ltr' id='par_1_58' title="bbox 2389 2998 3993 3073">
     <span class='ocr_line' id='line_1_58' title="bbox 2389 2998 3993 3073; baseline -0.002 -18"><span class='ocrx_word' id='word_1_459' title='bbox 2389 3003 2477 3055; x_wconf 75' lang='grc' dir='ltr'><strong>διὰ</strong></span> <span class='ocrx_word' id='word_1_460' title='bbox 2530 3001 2871 3073; x_wconf 81' lang='grc' dir='ltr'><strong>προφητείας</strong></span> <span class='ocrx_word' id='word_1_461' title='bbox 2913 3002 3103 3055; x_wconf 83' lang='grc' dir='ltr'><strong>λοιπὸν</strong></span> <span class='ocrx_word' id='word_1_462' title='bbox 3153 3000 3563 3055; x_wconf 76' lang='grc' dir='ltr'><strong>ἀποκαλύπτων</strong></span> <span class='ocrx_word' id='word_1_463' title='bbox 3629 2998 3731 3069; x_wconf 71' lang='grc' dir='ltr'><strong>τῆν</strong></span> <span class='ocrx_word' id='word_1_464' title='bbox 3780 3000 3993 3053; x_wconf 83' lang='grc' dir='ltr'><strong>οἰκείαν</strong></span> 
     </span>
    </p>
   </div>
   <div class='ocr_carea' id='block_1_59' title="bbox 698 3089 2281 3178">
    <p class='ocr_par' dir='ltr' id='par_1_59' title="bbox 698 3089 2281 3169">
     <span class='ocr_line' id='line_1_59' title="bbox 698 3089 2281 3169; baseline 0.008 -26"><span class='ocrx_word' id='word_1_465' title='bbox 698 3089 931 3156; x_wconf 89' lang='lat' dir='ltr'><strong>ferebat,</strong></span> <span class='ocrx_word' id='word_1_466' title='bbox 962 3104 1081 3144; x_wconf 90' lang='lat' dir='ltr'><strong>cum</strong></span> <span class='ocrx_word' id='word_1_467' title='bbox 1118 3092 1243 3145; x_wconf 82' lang='lat' dir='ltr'><strong>talia</strong></span> <span class='ocrx_word' id='word_1_468' title='bbox 1274 3093 1529 3147; x_wconf 86' lang='lat' dir='ltr'><strong>audiret?</strong></span> <span class='ocrx_word' id='word_1_469' title='bbox 1564 3094 1646 3149; x_wconf 90' lang='lat' dir='ltr'><strong>vel</strong></span> <span class='ocrx_word' id='word_1_470' title='bbox 1669 3095 1859 3152; x_wconf 90' lang='lat' dir='ltr'><strong>relicto</strong></span> <span class='ocrx_word' id='word_1_471' title='bbox 1885 3098 1975 3155; x_wconf 93' lang='lat' dir='ltr'><strong>illo</strong></span> <span class='ocrx_word' id='word_1_472' title='bbox 2001 3101 2281 3169; x_wconf 80' lang='lat' dir='ltr'><strong>fugiebat?</strong></span> 
     </span>
    </p>
   </div>
   <div class='ocr_carea' id='block_1_60' title="bbox 2386 3089 3993 3178">
    <p class='ocr_par' dir='ltr' id='par_1_60' title="bbox 2390 3092 3993 3167">
     <span class='ocr_line' id='line_1_60' title="bbox 2390 3092 3993 3167; baseline -0.005 -16"><span class='ocrx_word' id='word_1_473' title='bbox 2390 3096 2646 3167; x_wconf 81' lang='grc' dir='ltr'><strong>δύναμιν,</strong></span> <span class='ocrx_word' id='word_1_474' title='bbox 2699 3095 2828 3159; x_wconf 86' lang='grc' dir='ltr'><strong>τούς</strong></span> <span class='ocrx_word' id='word_1_475' title='bbox 2884 3112 2942 3147; x_wconf 86' lang='grc' dir='ltr'><strong>τε</strong></span> <span class='ocrx_word' id='word_1_476' title='bbox 2994 3095 3303 3165; x_wconf 86' lang='grc' dir='ltr'><strong>προτέρους</strong></span> <span class='ocrx_word' id='word_1_477' title='bbox 3337 3094 3584 3164; x_wconf 78' lang='grc' dir='ltr'><strong>ἀριθμεῖ,</strong></span> <span class='ocrx_word' id='word_1_478' title='bbox 3627 3092 3726 3147; x_wconf 73' lang='grc' dir='ltr'><strong>καὶ</strong></span> <span class='ocrx_word' id='word_1_479' title='bbox 3767 3092 3864 3145; x_wconf 68' lang='grc' dir='ltr'><strong>τὸν</strong></span> <span class='ocrx_word' id='word_1_480' title='bbox 3901 3092 3993 3145; x_wconf 63' lang='grc' dir='ltr'><strong>»ὗν</strong></span> 
     </span>
    </p>
   </div>
   <div class='ocr_carea' id='block_1_61' title="bbox 696 3183 2277 3259">
    <p class='ocr_par' dir='ltr' id='par_1_61' title="bbox 696 3183 2277 3259">
     <span class='ocr_line' id='line_1_61' title="bbox 696 3183 2277 3259; baseline 0.008 -22"><span class='ocrx_word' id='word_1_481' title='bbox 696 3183 836 3247; x_wconf 83' lang='lat' dir='ltr'><strong>Non,</strong></span> <span class='ocrx_word' id='word_1_482' title='bbox 858 3185 949 3239; x_wconf 90' lang='lat' dir='ltr'><strong>sed</strong></span> <span class='ocrx_word' id='word_1_483' title='bbox 984 3185 1154 3252; x_wconf 79' lang='lat' dir='ltr'><strong>magis</strong></span> <span class='ocrx_word' id='word_1_484' title='bbox 1183 3187 1447 3241; x_wconf 88' lang='lat' dir='ltr'><strong>admirata</strong></span> <span class='ocrx_word' id='word_1_485' title='bbox 1478 3198 1561 3241; x_wconf 92' lang='lat' dir='ltr'><strong>est</strong></span> <span class='ocrx_word' id='word_1_486' title='bbox 1602 3197 1657 3244; x_wconf 90' lang='lat' dir='ltr'><strong>et</strong></span> <span class='ocrx_word' id='word_1_487' title='bbox 1680 3190 2003 3259; x_wconf 89' lang='lat' dir='ltr'><strong>confortata,</strong></span> <span class='ocrx_word' id='word_1_488' title='bbox 2046 3195 2234 3250; x_wconf 84' lang='lat' dir='ltr'><strong>dicens</strong></span> <span class='ocrx_word' id='word_1_489' title='bbox 2263 3214 2277 3249; x_wconf 84' lang='lat'><strong>:</strong></span> 
     </span>
    </p>
   </div>
   <div class='ocr_carea' id='block_1_62' title="bbox 704 3277 2281 3359">
    <p class='ocr_par' dir='ltr' id='par_1_62' title="bbox 704 3277 2281 3359">
     <span class='ocr_line' id='line_1_62' title="bbox 704 3277 2281 3359; baseline 0.01 -32"><span class='ocrx_word' id='word_1_490' title='bbox 704 3295 721 3327; x_wconf 81' lang='grc' dir='ltr'><strong>ε</strong></span> <span class='ocrx_word' id='word_1_491' title='bbox 762 3277 1007 3341; x_wconf 85' lang='lat' dir='ltr'><strong>Domine,</strong></span> <span class='ocrx_word' id='word_1_492' title='bbox 1040 3279 1196 3332; x_wconf 84' lang='lat' dir='ltr'><strong>video</strong></span> <span class='ocrx_word' id='word_1_493' title='bbox 1223 3279 1364 3348; x_wconf 90' lang='lat' dir='ltr'><strong>quod</strong></span> <span class='ocrx_word' id='word_1_494' title='bbox 1389 3281 1648 3350; x_wconf 88' lang='lat' dir='ltr'><strong>propheta</strong></span> <span class='ocrx_word' id='word_1_495' title='bbox 1680 3296 1738 3337; x_wconf 91' lang='lat' dir='ltr'><strong>es</strong></span> <span class='ocrx_word' id='word_1_496' title='bbox 1772 3292 1849 3349; x_wconf 90' lang='lat' dir='ltr'><strong>tu,</strong></span> <span class='ocrx_word' id='word_1_497' title='bbox 1888 3303 1907 3338; x_wconf 70' lang='grc' dir='ltr'><strong>ι</strong></span> <span class='ocrx_word' id='word_1_498' title='bbox 1965 3296 2018 3340; x_wconf 93' lang='lat' dir='ltr'><strong>et</strong></span> <span class='ocrx_word' id='word_1_499' title='bbox 2044 3287 2110 3341; x_wconf 92' lang='lat' dir='ltr'><strong>de</strong></span> <span class='ocrx_word' id='word_1_500' title='bbox 2149 3288 2281 3359; x_wconf 76' lang='lat' dir='ltr'><strong>dog—</strong></span> 
     </span>
    </p>
   </div>
   <div class='ocr_carea' id='block_1_63' title="bbox 697 3370 2280 3447">
    <p class='ocr_par' dir='ltr' id='par_1_63' title="bbox 697 3370 2280 3447">
     <span class='ocr_line' id='line_1_63' title="bbox 697 3370 2280 3447; baseline 0.008 -24"><span class='ocrx_word' id='word_1_501' title='bbox 697 3370 933 3425; x_wconf 77' lang='lat' dir='ltr'><strong>matibus</strong></span> <span class='ocrx_word' id='word_1_502' title='bbox 957 3370 1154 3427; x_wconf 85' lang='lat' dir='ltr'><strong>divinis</strong></span> <span class='ocrx_word' id='word_1_503' title='bbox 1184 3373 1364 3426; x_wconf 88' lang='lat' dir='ltr'><strong>statim</strong></span> <span class='ocrx_word' id='word_1_504' title='bbox 1402 3374 1550 3428; x_wconf 89' lang='lat' dir='ltr'><strong>illum</strong></span> <span class='ocrx_word' id='word_1_505' title='bbox 1579 3375 1901 3447; x_wconf 89' lang='lat' dir='ltr'><strong>interrogat,</strong></span> <span class='ocrx_word' id='word_1_506' title='bbox 1932 3395 2037 3433; x_wconf 87' lang='lat' dir='ltr'><strong>non</strong></span> <span class='ocrx_word' id='word_1_507' title='bbox 2069 3380 2136 3435; x_wconf 93' lang='lat' dir='ltr'><strong>de</strong></span> <span class='ocrx_word' id='word_1_508' title='bbox 2163 3396 2280 3436; x_wconf 76' lang='lat' dir='ltr'><strong>cor-</strong></span> 
     </span>
    </p>
   </div>
   <div class='ocr_carea' id='block_1_64' title="bbox 696 3464 2280 3536">
    <p class='ocr_par' dir='ltr' id='par_1_64' title="bbox 696 3464 2280 3536">
     <span class='ocr_line' id='line_1_64' title="bbox 696 3464 2280 3536; baseline 0.011 -22"><span class='ocrx_word' id='word_1_509' title='bbox 696 3464 990 3530; x_wconf 80' lang='lat' dir='ltr'><strong>poralibus,</strong></span> <span class='ocrx_word' id='word_1_510' title='bbox 1026 3474 1082 3517; x_wconf 92' lang='lat' dir='ltr'><strong>ut</strong></span> <span class='ocrx_word' id='word_1_511' title='bbox 1112 3465 1178 3519; x_wconf 91' lang='lat' dir='ltr'><strong>de</strong></span> <span class='ocrx_word' id='word_1_512' title='bbox 1239 3467 1475 3521; x_wconf 85' lang='lat' dir='ltr'><strong>sanitate</strong></span> <span class='ocrx_word' id='word_1_513' title='bbox 1532 3470 1799 3536; x_wconf 87' lang='lat' dir='ltr'><strong>corporis,</strong></span> <span class='ocrx_word' id='word_1_514' title='bbox 1827 3472 1909 3525; x_wconf 88' lang='lat' dir='ltr'><strong>vel</strong></span> <span class='ocrx_word' id='word_1_515' title='bbox 1932 3472 2138 3531; x_wconf 88' lang='lat' dir='ltr'><strong>divitiis</strong></span> <span class='ocrx_word' id='word_1_516' title='bbox 2167 3492 2180 3529; x_wconf 91' lang='lat'>:</span> <span class='ocrx_word' id='word_1_517' title='bbox 2208 3478 2280 3531; x_wconf 90' lang='lat' dir='ltr'><strong>ita</strong></span> 
     </span>
    </p>
   </div>
   <div class='ocr_carea' id='block_1_65' title="bbox 691 3557 2277 3637">
    <p class='ocr_par' dir='ltr' id='par_1_65' title="bbox 691 3557 2277 3637">
     <span class='ocr_line' id='line_1_65' title="bbox 691 3557 2277 3637; baseline 0.009 -27"><span class='ocrx_word' id='word_1_518' title='bbox 691 3558 967 3625; x_wconf 62' lang='lat' dir='ltr'><strong>sapientiae</strong></span> <span class='ocrx_word' id='word_1_519' title='bbox 989 3557 1221 3621; x_wconf 85' lang='lat' dir='ltr'><strong>avidam,</strong></span> <span class='ocrx_word' id='word_1_520' title='bbox 1239 3569 1289 3614; x_wconf 86' lang='lat' dir='ltr'><strong>et</strong></span> <span class='ocrx_word' id='word_1_521' title='bbox 1311 3561 1489 3615; x_wconf 70' lang='lat' dir='ltr'><strong>virtuti</strong></span> <span class='ocrx_word' id='word_1_522' title='bbox 1512 3561 1748 3617; x_wconf 86' lang='lat' dir='ltr'><strong>deditam</strong></span> <span class='ocrx_word' id='word_1_523' title='bbox 1770 3564 1997 3620; x_wconf 83' lang='lat' dir='ltr'><strong>habebat</strong></span> <span class='ocrx_word' id='word_1_524' title='bbox 2016 3568 2277 3637; x_wconf 84' lang='lat' dir='ltr'><strong>animam;</strong></span> 
     </span>
    </p>
   </div>
   <div class='ocr_carea' id='block_1_66' title="bbox 693 3648 2280 3719">
    <p class='ocr_par' dir='ltr' id='par_1_66' title="bbox 693 3648 2280 3719">
     <span class='ocr_line' id='line_1_66' title="bbox 693 3648 2280 3719; baseline 0.01 -15"><span class='ocrx_word' id='word_1_525' title='bbox 693 3651 785 3704; x_wconf 75' lang='lat' dir='ltr'><strong>sed</strong></span> <span class='ocrx_word' id='word_1_526' title='bbox 822 3650 981 3718; x_wconf 88' lang='lat' dir='ltr'><strong>quid?</strong></span> <span class='ocrx_word' id='word_1_527' title='bbox 1028 3668 1045 3701; x_wconf 81' lang='grc' dir='ltr'><strong>ι</strong></span> <span class='ocrx_word' id='word_1_528' title='bbox 1083 3648 1274 3707; x_wconf 82' lang='lat' dir='ltr'><strong>Patres</strong></span> <span class='ocrx_word' id='word_1_529' title='bbox 1319 3653 1489 3707; x_wconf 90' lang='lat' dir='ltr'><strong>nostri</strong></span> <span class='ocrx_word' id='word_1_530' title='bbox 1538 3654 1588 3708; x_wconf 90' lang='lat' dir='ltr'><strong>in</strong></span> <span class='ocrx_word' id='word_1_531' title='bbox 1644 3667 1829 3713; x_wconf 88' lang='lat' dir='ltr'><strong>monte</strong></span> <span class='ocrx_word' id='word_1_532' title='bbox 1872 3658 1963 3714; x_wconf 92' lang='lat' dir='ltr'><strong>illo</strong></span> <span class='ocrx_word' id='word_1_533' title='bbox 2014 3660 2280 3719; x_wconf 68' lang='lat' dir='ltr'><strong>adorare-</strong></span> 
     </span>
    </p>
   </div>
   <div class='ocr_carea' id='block_1_67' title="bbox 696 3742 2279 3815">
    <p class='ocr_par' dir='ltr' id='par_1_67' title="bbox 696 3742 2279 3815">
     <span class='ocr_line' id='line_1_67' title="bbox 696 3742 2279 3815; baseline 0.01 -21"><span class='ocrx_word' id='word_1_534' title='bbox 696 3754 839 3795; x_wconf 81' lang='lat' dir='ltr'><strong>llilll.</strong></span> <span class='ocrx_word' id='word_1_535' title='bbox 874 3761 891 3793; x_wconf 83' lang='grc'>›</span> <span class='ocrx_word' id='word_1_536' title='bbox 940 3742 1092 3807; x_wconf 87' lang='lat' dir='ltr'><strong>Quod</strong></span> <span class='ocrx_word' id='word_1_537' title='bbox 1124 3745 1256 3797; x_wconf 91' lang='lat' dir='ltr'><strong>dicit</strong></span> <span class='ocrx_word' id='word_1_538' title='bbox 1298 3756 1517 3815; x_wconf 82' lang='lat' dir='ltr'><strong>propter</strong></span> <span class='ocrx_word' id='word_1_539' title='bbox 1546 3746 1819 3803; x_wconf 71' lang='lat' dir='ltr'><strong>Abranam</strong></span> <span class='ocrx_word' id='word_1_540' title='bbox 1852 3762 1904 3806; x_wconf 91' lang='lat' dir='ltr'><strong>et</strong></span> <span class='ocrx_word' id='word_1_541' title='bbox 1931 3752 2126 3809; x_wconf 84' lang='lat' dir='ltr'><strong>Jacob.</strong></span> <span class='ocrx_word' id='word_1_542' title='bbox 2156 3756 2279 3810; x_wconf 82' lang='lat' dir='ltr'><strong>Ete-</strong></span> 
     </span>
    </p>
   </div>
   <div class='ocr_carea' id='block_1_68' title="bbox 691 3836 2274 3904">
    <p class='ocr_par' dir='ltr' id='par_1_68' title="bbox 691 3836 2274 3904">
     <span class='ocr_line' id='line_1_68' title="bbox 691 3836 2274 3904; baseline 0.008 -15"><span class='ocrx_word' id='word_1_543' title='bbox 691 3836 802 3889; x_wconf 87' lang='lat' dir='ltr'><strong>nim</strong></span> <span class='ocrx_word' id='word_1_544' title='bbox 854 3836 979 3890; x_wconf 91' lang='lat' dir='ltr'><strong>illuc</strong></span> <span class='ocrx_word' id='word_1_545' title='bbox 1000 3836 1221 3891; x_wconf 88' lang='lat' dir='ltr'><strong>tradunt</strong></span> <span class='ocrx_word' id='word_1_546' title='bbox 1253 3837 1406 3893; x_wconf 69' lang='lat' dir='ltr'><strong>Isaac</strong></span> <span class='ocrx_word' id='word_1_547' title='bbox 1458 3839 1509 3892; x_wconf 87' lang='lat' dir='ltr'><strong>in</strong></span> <span class='ocrx_word' id='word_1_548' title='bbox 1556 3840 1884 3896; x_wconf 84' lang='lat' dir='ltr'><strong>sacriﬁcium</strong></span> <span class='ocrx_word' id='word_1_549' title='bbox 1916 3848 2203 3904; x_wconf 81' lang='lat' dir='ltr'><strong>adductum</strong></span> <span class='ocrx_word' id='word_1_550' title='bbox 2230 3852 2274 3902; x_wconf 82' lang='lat'><strong>&#39;.</strong></span> 
     </span>
    </p>
   </div>
   <div class='ocr_carea' id='block_1_69' title="bbox 697 3928 2281 4006">
    <p class='ocr_par' dir='ltr' id='par_1_69' title="bbox 697 3928 2281 4006">
     <span class='ocr_line' id='line_1_69' title="bbox 697 3928 2281 4006; baseline 0.011 -28"><span class='ocrx_word' id='word_1_551' title='bbox 697 3948 714 3978; x_wconf 76' lang='grc' dir='ltr'><strong>ε</strong></span> <span class='ocrx_word' id='word_1_552' title='bbox 754 3929 820 3981; x_wconf 83' lang='lat' dir='ltr'><strong>Et</strong></span> <span class='ocrx_word' id='word_1_553' title='bbox 849 3928 1145 3995; x_wconf 88' lang='lat' dir='ltr'><strong>quomodo,</strong></span> <span class='ocrx_word' id='word_1_554' title='bbox 1188 3929 1385 3998; x_wconf 88' lang='lat' dir='ltr'><strong>inquit,</strong></span> <span class='ocrx_word' id='word_1_555' title='bbox 1413 3947 1507 3985; x_wconf 79' lang='lat' dir='ltr'><strong>vos</strong></span> <span class='ocrx_word' id='word_1_556' title='bbox 1548 3933 1728 3989; x_wconf 87' lang='lat' dir='ltr'><strong>dicitis</strong></span> <span class='ocrx_word' id='word_1_557' title='bbox 1767 3936 1908 4006; x_wconf 92' lang='lat' dir='ltr'><strong>quod</strong></span> <span class='ocrx_word' id='word_1_558' title='bbox 1939 3938 1992 3991; x_wconf 92' lang='lat' dir='ltr'><strong>in</strong></span> <span class='ocrx_word' id='word_1_559' title='bbox 2024 3937 2281 3995; x_wconf 78' lang='lat' dir='ltr'><strong>Hieroso-</strong></span> 
     </span>
    </p>
   </div>
   <div class='ocr_carea' id='block_1_70' title="bbox 687 4019 2271 4094">
    <p class='ocr_par' dir='ltr' id='par_1_70' title="bbox 687 4019 2271 4094">
     <span class='ocr_line' id='line_1_70' title="bbox 687 4019 2271 4094; baseline 0.01 -21"><span class='ocrx_word' id='word_1_560' title='bbox 687 4019 847 4088; x_wconf 86' lang='lat' dir='ltr'><strong>lymis</strong></span> <span class='ocrx_word' id='word_1_561' title='bbox 868 4020 1363 4089; x_wconf 82' lang='lat' dir='ltr'><strong>oportetadorare?</strong></span> <span class='ocrx_word' id='word_1_562' title='bbox 1405 4042 1423 4074; x_wconf 74' lang='grc' dir='ltr'><strong>ι</strong></span> <span class='ocrx_word' id='word_1_563' title='bbox 1458 4022 1650 4079; x_wconf 88' lang='lat' dir='ltr'><strong>Vidisti</strong></span> <span class='ocrx_word' id='word_1_564' title='bbox 1682 4030 1953 4094; x_wconf 89' lang='lat' dir='ltr'><strong>quomodo</strong></span> <span class='ocrx_word' id='word_1_565' title='bbox 1978 4032 2271 4088; x_wconf 87' lang='lat' dir='ltr'><strong>sublimior</strong></span> 
     </span>
    </p>
   </div>
   <div class='ocr_carea' id='block_1_71' title="bbox 689 4112 2275 4183">
    <p class='ocr_par' dir='ltr' id='par_1_71' title="bbox 689 4112 2275 4183">
     <span class='ocr_line' id='line_1_71' title="bbox 689 4112 2275 4183; baseline 0.009 -18"><span class='ocrx_word' id='word_1_566' title='bbox 689 4113 884 4167; x_wconf 77' lang='lat' dir='ltr'><strong>fuerit?</strong></span> <span class='ocrx_word' id='word_1_567' title='bbox 916 4112 1048 4166; x_wconf 76' lang='lat' dir='ltr'><strong>Nam</strong></span> <span class='ocrx_word' id='word_1_568' title='bbox 1082 4130 1201 4181; x_wconf 73' lang='lat' dir='ltr'><strong>qua:</strong></span> <span class='ocrx_word' id='word_1_569' title='bbox 1222 4115 1382 4183; x_wconf 89' lang='lat' dir='ltr'><strong>paulo</strong></span> <span class='ocrx_word' id='word_1_570' title='bbox 1412 4127 1541 4171; x_wconf 88' lang='lat' dir='ltr'><strong>ante</strong></span> <span class='ocrx_word' id='word_1_571' title='bbox 1573 4118 1801 4174; x_wconf 90' lang='lat' dir='ltr'><strong>sollicita</strong></span> <span class='ocrx_word' id='word_1_572' title='bbox 1826 4131 1945 4176; x_wconf 92' lang='lat' dir='ltr'><strong>erat</strong></span> <span class='ocrx_word' id='word_1_573' title='bbox 1976 4137 2041 4177; x_wconf 90' lang='lat' dir='ltr'><strong>ne</strong></span> <span class='ocrx_word' id='word_1_574' title='bbox 2077 4126 2164 4180; x_wconf 91' lang='lat' dir='ltr'><strong>siti</strong></span> <span class='ocrx_word' id='word_1_575' title='bbox 2192 4127 2275 4179; x_wconf 84' lang='lat' dir='ltr'><strong>ul-</strong></span> 
     </span>
    </p>
   </div>
   <div class='ocr_carea' id='block_1_72' title="bbox 687 4211 2275 4285">
    <p class='ocr_par' dir='ltr' id='par_1_72' title="bbox 687 4211 2275 4285">
     <span class='ocr_line' id='line_1_72' title="bbox 687 4211 2275 4285; baseline 0.009 -25"><span class='ocrx_word' id='word_1_576' title='bbox 687 4218 770 4260; x_wconf 88' lang='lat' dir='ltr'><strong>tra</strong></span> <span class='ocrx_word' id='word_1_577' title='bbox 821 4216 1128 4271; x_wconf 66' lang='lat' dir='ltr'><strong>vexaretur,</strong></span> <span class='ocrx_word' id='word_1_578' title='bbox 1164 4223 1304 4262; x_wconf 91' lang='lat' dir='ltr'><strong>nunc</strong></span> <span class='ocrx_word' id='word_1_579' title='bbox 1362 4211 1427 4264; x_wconf 92' lang='lat' dir='ltr'><strong>de</strong></span> <span class='ocrx_word' id='word_1_580' title='bbox 1484 4211 1830 4282; x_wconf 84' lang='lat' dir='ltr'><strong>dogmatibus</strong></span> <span class='ocrx_word' id='word_1_581' title='bbox 1860 4226 2030 4285; x_wconf 80' lang='lat' dir='ltr'><strong>rogat.</strong></span> <span class='ocrx_word' id='word_1_582' title='bbox 2065 4215 2275 4274; x_wconf 89' lang='lat' dir='ltr'><strong>Idcirco</strong></span> 
     </span>
    </p>
   </div>
   <div class='ocr_carea' id='block_1_73' title="bbox 683 4295 2274 4377">
    <p class='ocr_par' dir='ltr' id='par_1_73' title="bbox 683 4295 2274 4377">
     <span class='ocr_line' id='line_1_73' title="bbox 683 4295 2274 4377; baseline 0.009 -27"><span class='ocrx_word' id='word_1_583' title='bbox 683 4306 736 4350; x_wconf 92' lang='lat' dir='ltr'><strong>et</strong></span> <span class='ocrx_word' id='word_1_584' title='bbox 769 4295 1023 4352; x_wconf 87' lang='lat' dir='ltr'><strong>Christus</strong></span> <span class='ocrx_word' id='word_1_585' title='bbox 1081 4297 1194 4352; x_wconf 86' lang='lat' dir='ltr'><strong>visa</strong></span> <span class='ocrx_word' id='word_1_586' title='bbox 1254 4300 1371 4368; x_wconf 86' lang='lat' dir='ltr'><strong>ejus</strong></span> <span class='ocrx_word' id='word_1_587' title='bbox 1427 4303 1691 4372; x_wconf 87' lang='lat' dir='ltr'><strong>sapientia</strong></span> <span class='ocrx_word' id='word_1_588' title='bbox 1745 4304 1848 4360; x_wconf 89' lang='lat' dir='ltr'><strong>hoc</strong></span> <span class='ocrx_word' id='word_1_589' title='bbox 1878 4308 2095 4374; x_wconf 86' lang='lat' dir='ltr'><strong>quidem</strong></span> <span class='ocrx_word' id='word_1_590' title='bbox 2156 4309 2274 4377; x_wconf 84' lang='lat' dir='ltr'><strong>ejus</strong></span> 
     </span>
    </p>
   </div>
   <div class='ocr_carea' id='block_1_74' title="bbox 2386 3184 3989 3261">
    <p class='ocr_par' dir='ltr' id='par_1_74' title="bbox 2386 3184 3989 3261">
     <span class='ocr_line' id='line_1_74' title="bbox 2386 3184 3989 3261; baseline -0.004 -18"><span class='ocrx_word' id='word_1_591' title='bbox 2386 3189 2837 3261; x_wconf 78' lang='grc' dir='ltr'><strong>έγκρυπτόμενον</strong></span> <span class='ocrx_word' id='word_1_592' title='bbox 2860 3189 3108 3259; x_wconf 70' lang='grc' dir='ltr'><strong>ἤλεγξεν.</strong></span> <span class='ocrx_word' id='word_1_593' title='bbox 3132 3184 3281 3259; x_wconf 65' lang='grc' dir='ltr'><strong>*Αρα</strong></span> <span class='ocrx_word' id='word_1_594' title='bbox 3294 3187 3392 3241; x_wconf 76' lang='grc' dir='ltr'><strong>οὖν</strong></span> <span class='ocrx_word' id='word_1_595' title='bbox 3414 3188 3778 3258; x_wconf 68' lang='grc' dir='ltr'><strong>ἐδυσχέρανεν</strong></span> <span class='ocrx_word' id='word_1_596' title='bbox 3801 3186 3989 3255; x_wconf 79' lang='grc' dir='ltr'><strong>ἐκείνη</strong></span> 
     </span>
    </p>
   </div>
   <div class='ocr_carea' id='block_1_75' title="bbox 2384 3280 3989 3353">
    <p class='ocr_par' dir='ltr' id='par_1_75' title="bbox 2384 3280 3989 3353">
     <span class='ocr_line' id='line_1_75' title="bbox 2384 3280 3989 3353; baseline -0.004 -16"><span class='ocrx_word' id='word_1_597' title='bbox 2384 3284 2558 3338; x_wconf 83' lang='grc' dir='ltr'><strong>ταῦτα</strong></span> <span class='ocrx_word' id='word_1_598' title='bbox 2583 3284 2869 3339; x_wconf 78' lang='grc' dir='ltr'><strong>ἀκούσασα</strong></span> <span class='ocrx_word' id='word_1_599' title='bbox 2897 3301 2910 3350; x_wconf 90' lang='grc'><strong>;</strong></span> <span class='ocrx_word' id='word_1_600' title='bbox 2963 3284 2995 3353; x_wconf 82' lang='grc' dir='ltr'>ἢ</span> <span class='ocrx_word' id='word_1_601' title='bbox 3026 3285 3229 3353; x_wconf 77' lang='grc' dir='ltr'><strong>ἀφεῖσα</strong></span> <span class='ocrx_word' id='word_1_602' title='bbox 3272 3283 3467 3337; x_wconf 84' lang='grc' dir='ltr'><strong>τοῦτον</strong></span> <span class='ocrx_word' id='word_1_603' title='bbox 3493 3282 3729 3351; x_wconf 72' lang='grc' dir='ltr'><strong>εφυγεν;</strong></span> <span class='ocrx_word' id='word_1_604' title='bbox 3754 3280 3989 3346; x_wconf 75' lang='grc' dir='ltr'><strong>Οὔκουν,</strong></span> 
     </span>
    </p>
   </div>
   <div class='ocr_carea' id='block_1_76' title="bbox 2385 3377 3984 3449">
    <p class='ocr_par' dir='ltr' id='par_1_76' title="bbox 2385 3377 3984 3449">
     <span class='ocr_line' id='line_1_76' title="bbox 2385 3377 3984 3449; baseline -0.004 -14"><span class='ocrx_word' id='word_1_605' title='bbox 2385 3380 2524 3435; x_wconf 74' lang='grc' dir='ltr'><strong>ἀλλὰ</strong></span> <span class='ocrx_word' id='word_1_606' title='bbox 2540 3380 2869 3449; x_wconf 74' lang='grc' dir='ltr'><strong>θαυμάσασα</strong></span> <span class='ocrx_word' id='word_1_607' title='bbox 2890 3378 3094 3449; x_wconf 81' lang='grc' dir='ltr'><strong>μᾶλλον</strong></span> <span class='ocrx_word' id='word_1_608' title='bbox 3117 3380 3210 3433; x_wconf 75' lang='grc' dir='ltr'><strong>καὶ</strong></span> <span class='ocrx_word' id='word_1_609' title='bbox 3242 3379 3788 3449; x_wconf 79' lang='grc' dir='ltr'><strong>προσκαρτερήσασα</strong></span> <span class='ocrx_word' id='word_1_610' title='bbox 3813 3377 3984 3430; x_wconf 73' lang='grc' dir='ltr'><strong>πλέον</strong></span> 
     </span>
    </p>
   </div>
   <div class='ocr_carea' id='block_1_77' title="bbox 2385 3464 3990 3542">
    <p class='ocr_par' dir='ltr' id='par_1_77' title="bbox 2385 3464 3990 3542">
     <span class='ocr_line' id='line_1_77' title="bbox 2385 3464 3990 3542; baseline -0.002 -19"><span class='ocrx_word' id='word_1_611' title='bbox 2385 3471 2535 3539; x_wconf 83' lang='grc' dir='ltr'><strong>λέγει</strong></span> <span class='ocrx_word' id='word_1_612' title='bbox 2570 3487 2584 3502; x_wconf 74' lang='grc'><strong>⁸</strong></span> <span class='ocrx_word' id='word_1_613' title='bbox 2627 3488 2645 3522; x_wconf 79' lang='grc' dir='ltr'><strong>ε</strong></span> <span class='ocrx_word' id='word_1_614' title='bbox 2690 3471 2887 3541; x_wconf 84' lang='grc' dir='ltr'><strong>Κύριε,</strong></span> <span class='ocrx_word' id='word_1_615' title='bbox 2920 3469 3135 3542; x_wconf 85' lang='grc' dir='ltr'><strong>θεωρῶ,</strong></span> <span class='ocrx_word' id='word_1_616' title='bbox 3155 3472 3236 3523; x_wconf 83' lang='grc' dir='ltr'><strong>ὅτι</strong></span> <span class='ocrx_word' id='word_1_617' title='bbox 3257 3470 3550 3541; x_wconf 85' lang='grc' dir='ltr'><strong>προφήτης</strong></span> <span class='ocrx_word' id='word_1_618' title='bbox 3575 3464 3629 3521; x_wconf 79' lang='grc' dir='ltr'><strong>εί</strong></span> <span class='ocrx_word' id='word_1_619' title='bbox 3661 3469 3726 3520; x_wconf 81' lang='grc' dir='ltr'><strong>σύ</strong></span> <span class='ocrx_word' id='word_1_620' title='bbox 3768 3485 3781 3499; x_wconf 94' lang='grc'><strong>·</strong></span> <span class='ocrx_word' id='word_1_621' title='bbox 3818 3488 3837 3519; x_wconf 72' lang='grc' dir='ltr'><strong>ι</strong></span> <span class='ocrx_word' id='word_1_622' title='bbox 3897 3469 3990 3521; x_wconf 75' lang='grc' dir='ltr'><strong>καὶ</strong></span> 
     </span>
    </p>
   </div>
   <div class='ocr_carea' id='block_1_78' title="bbox 2385 3560 3985 3635">
    <p class='ocr_par' dir='ltr' id='par_1_78' title="bbox 2385 3560 3985 3635">
     <span class='ocr_line' id='line_1_78' title="bbox 2385 3560 3985 3635; baseline -0.003 -18"><span class='ocrx_word' id='word_1_623' title='bbox 2385 3581 2451 3617; x_wconf 88' lang='grc' dir='ltr'><strong>πε</strong></span> <span class='ocrx_word' id='word_1_624' title='bbox 2463 3565 2515 3635; x_wconf 74' lang='lat' dir='ltr'><strong>pi.</strong></span> <span class='ocrx_word' id='word_1_625' title='bbox 2540 3564 2829 3634; x_wconf 74' lang='grc' dir='ltr'><strong>δογμάτων</strong></span> <span class='ocrx_word' id='word_1_626' title='bbox 2853 3563 3053 3617; x_wconf 74' lang='grc' dir='ltr'><strong>ἐνθέων</strong></span> <span class='ocrx_word' id='word_1_627' title='bbox 3081 3562 3247 3617; x_wconf 76' lang='grc' dir='ltr'><strong>αὑτὸν</strong></span> <span class='ocrx_word' id='word_1_628' title='bbox 3285 3564 3491 3633; x_wconf 74' lang='grc' dir='ltr'><strong>ἐρωτᾷ,</strong></span> <span class='ocrx_word' id='word_1_629' title='bbox 3515 3562 3576 3615; x_wconf 87' lang='grc' dir='ltr'><strong>ού</strong></span> <span class='ocrx_word' id='word_1_630' title='bbox 3611 3561 3744 3631; x_wconf 80' lang='grc' dir='ltr'><strong>περὶ</strong></span> <span class='ocrx_word' id='word_1_631' title='bbox 3792 3560 3985 3631; x_wconf 80' lang='grc' dir='ltr'><strong>βιωτι-</strong></span> 
     </span>
    </p>
   </div>
   <div class='ocr_carea' id='block_1_79' title="bbox 2386 3651 3985 3727">
    <p class='ocr_par' dir='ltr' id='par_1_79' title="bbox 2386 3651 3985 3727">
     <span class='ocr_line' id='line_1_79' title="bbox 2386 3651 3985 3727; baseline -0.003 -17"><span class='ocrx_word' id='word_1_632' title='bbox 2386 3656 2519 3722; x_wconf 83' lang='grc' dir='ltr'><strong>κῶν,</strong></span> <span class='ocrx_word' id='word_1_633' title='bbox 2555 3651 2687 3721; x_wconf 75' lang='grc' dir='ltr'><strong>οἷον,</strong></span> <span class='ocrx_word' id='word_1_634' title='bbox 2722 3658 2979 3727; x_wconf 75' lang='grc' dir='ltr'><strong>σώματος</strong></span> <span class='ocrx_word' id='word_1_635' title='bbox 3004 3656 3215 3726; x_wconf 82' lang='grc' dir='ltr'><strong>ὑγείας,</strong></span> <span class='ocrx_word' id='word_1_636' title='bbox 3245 3655 3279 3726; x_wconf 74' lang='grc' dir='ltr'>ἢ</span> <span class='ocrx_word' id='word_1_637' title='bbox 3319 3655 3623 3726; x_wconf 83' lang='grc' dir='ltr'><strong>χρημάτων</strong></span> <span class='ocrx_word' id='word_1_638' title='bbox 3648 3668 3662 3681; x_wconf 86' lang='lat'><strong>&#39;</strong></span> <span class='ocrx_word' id='word_1_639' title='bbox 3710 3652 3861 3707; x_wconf 74' lang='grc' dir='ltr'><strong>οὕτω</strong></span> <span class='ocrx_word' id='word_1_640' title='bbox 3898 3670 3985 3721; x_wconf 77' lang='grc' dir='ltr'><strong>φι-</strong></span> 
     </span>
    </p>
   </div>
   <div class='ocr_carea' id='block_1_80' title="bbox 2381 3747 3984 3819">
    <p class='ocr_par' dir='ltr' id='par_1_80' title="bbox 2381 3747 3984 3819">
     <span class='ocr_line' id='line_1_80' title="bbox 2381 3747 3984 3819; baseline -0.001 -18"><span class='ocrx_word' id='word_1_641' title='bbox 2381 3751 2607 3819; x_wconf 80' lang='grc' dir='ltr'><strong>λόσοφον</strong></span> <span class='ocrx_word' id='word_1_642' title='bbox 2643 3747 2787 3818; x_wconf 77' lang='grc' dir='ltr'><strong>εἶχεν</strong></span> <span class='ocrx_word' id='word_1_643' title='bbox 2833 3750 2927 3802; x_wconf 69' lang='grc' dir='ltr'><strong>καὶ</strong></span> <span class='ocrx_word' id='word_1_644' title='bbox 2981 3749 3159 3815; x_wconf 75' lang='grc' dir='ltr'><strong>εὐφυᾶ</strong></span> <span class='ocrx_word' id='word_1_645' title='bbox 3212 3750 3350 3819; x_wconf 84' lang='grc' dir='ltr'><strong>πρὸς</strong></span> <span class='ocrx_word' id='word_1_646' title='bbox 3388 3747 3591 3818; x_wconf 81' lang='grc' dir='ltr'><strong>ἀρετὴν</strong></span> <span class='ocrx_word' id='word_1_647' title='bbox 3634 3747 3735 3817; x_wconf 75' lang='grc' dir='ltr'><strong>τὴν</strong></span> <span class='ocrx_word' id='word_1_648' title='bbox 3780 3747 3984 3815; x_wconf 60' lang='grc' dir='ltr'><strong>ψυχήν.</strong></span> 
     </span>
    </p>
   </div>
   <div class='ocr_carea' id='block_1_81' title="bbox 2384 3839 3987 3911">
    <p class='ocr_par' dir='ltr' id='par_1_81' title="bbox 2384 3839 3987 3911">
     <span class='ocr_line' id='line_1_81' title="bbox 2384 3839 3987 3911; baseline -0.003 -16"><span class='ocrx_word' id='word_1_649' title='bbox 2384 3841 2651 3907; x_wconf 81' lang='grc' dir='ltr'><strong>Ἀλλάτί;</strong></span> <span class='ocrx_word' id='word_1_650' title='bbox 2689 3862 2706 3891; x_wconf 76' lang='grc' dir='ltr'><strong>ι</strong></span> <span class='ocrx_word' id='word_1_651' title='bbox 2736 3843 2798 3894; x_wconf 82' lang='lat' dir='ltr'><strong>Ol</strong></span> <span class='ocrx_word' id='word_1_652' title='bbox 2832 3841 3071 3911; x_wconf 85' lang='grc' dir='ltr'><strong>πατέρες</strong></span> <span class='ocrx_word' id='word_1_653' title='bbox 3098 3841 3253 3911; x_wconf 82' lang='grc' dir='ltr'><strong>ἡμῶν</strong></span> <span class='ocrx_word' id='word_1_654' title='bbox 3284 3842 3343 3894; x_wconf 79' lang='grc' dir='ltr'><strong>ὲν</strong></span> <span class='ocrx_word' id='word_1_655' title='bbox 3364 3840 3443 3909; x_wconf 79' lang='grc' dir='ltr'><strong>τῷ</strong></span> <span class='ocrx_word' id='word_1_656' title='bbox 3460 3840 3577 3911; x_wconf 73' lang='grc' dir='ltr'><strong>ὄρει</strong></span> <span class='ocrx_word' id='word_1_657' title='bbox 3612 3839 3793 3909; x_wconf 81' lang='grc' dir='ltr'><strong>τούτῳ</strong></span> <span class='ocrx_word' id='word_1_658' title='bbox 3815 3855 3987 3911; x_wconf 71' lang='grc' dir='ltr'><strong>πρεσ-</strong></span> 
     </span>
    </p>
   </div>
   <div class='ocr_carea' id='block_1_82' title="bbox 2382 3932 3985 4004">
    <p class='ocr_par' dir='ltr' id='par_1_82' title="bbox 2382 3932 3985 4004">
     <span class='ocr_line' id='line_1_82' title="bbox 2382 3932 3985 4004; baseline -0.002 -18"><span class='ocrx_word' id='word_1_659' title='bbox 2382 3933 2677 4004; x_wconf 83' lang='grc' dir='ltr'><strong>εκύνησαν.</strong></span> <span class='ocrx_word' id='word_1_660' title='bbox 2735 3952 2756 3986; x_wconf 72' lang='grc' dir='ltr'><strong><em>ο</em></strong></span> <span class='ocrx_word' id='word_1_661' title='bbox 2821 3932 3011 3986; x_wconf 71' lang='grc' dir='ltr'><strong>Ταῦτα</strong></span> <span class='ocrx_word' id='word_1_662' title='bbox 3068 3932 3127 3986; x_wconf 82' lang='grc' dir='ltr'><strong>δὲ</strong></span> <span class='ocrx_word' id='word_1_663' title='bbox 3176 3933 3326 4001; x_wconf 82' lang='grc' dir='ltr'><strong>λέγει</strong></span> <span class='ocrx_word' id='word_1_664' title='bbox 3368 3932 3457 3985; x_wconf 72' lang='grc' dir='ltr'><strong>διὰ</strong></span> <span class='ocrx_word' id='word_1_665' title='bbox 3502 3932 3631 3996; x_wconf 80' lang='grc' dir='ltr'><strong>τοὺς</strong></span> <span class='ocrx_word' id='word_1_666' title='bbox 3704 3933 3839 4002; x_wconf 74' lang='grc' dir='ltr'><strong>περὶ</strong></span> <span class='ocrx_word' id='word_1_667' title='bbox 3895 3933 3985 3985; x_wconf 63' lang='grc' dir='ltr'><strong>τὸν</strong></span> 
     </span>
    </p>
   </div>
   <div class='ocr_carea' id='block_1_83' title="bbox 2381 4024 3976 4099">
    <p class='ocr_par' dir='ltr' id='par_1_83' title="bbox 2381 4024 3976 4099">
     <span class='ocr_line' id='line_1_83' title="bbox 2381 4024 3976 4099; baseline -0.003 -18"><span class='ocrx_word' id='word_1_668' title='bbox 2381 4028 2635 4099; x_wconf 74' lang='grc' dir='ltr'><strong>Ἀδραεὶμ</strong></span> <span class='ocrx_word' id='word_1_669' title='bbox 2673 4043 2684 4055; x_wconf 89' lang='grc'><strong>·</strong></span> <span class='ocrx_word' id='word_1_670' title='bbox 2727 4028 2823 4078; x_wconf 82' lang='grc' dir='ltr'><strong>καὶ</strong></span> <span class='ocrx_word' id='word_1_671' title='bbox 2845 4026 2954 4097; x_wconf 81' lang='grc' dir='ltr'><strong>γὰρ</strong></span> <span class='ocrx_word' id='word_1_672' title='bbox 2977 4028 3034 4079; x_wconf 81' lang='grc' dir='ltr'><strong>ἐν</strong></span> <span class='ocrx_word' id='word_1_673' title='bbox 3067 4026 3266 4097; x_wconf 79' lang='grc' dir='ltr'><strong>ἐκείνῳ</strong></span> <span class='ocrx_word' id='word_1_674' title='bbox 3292 4028 3455 4095; x_wconf 76' lang='grc' dir='ltr'><strong>φασὶν</strong></span> <span class='ocrx_word' id='word_1_675' title='bbox 3480 4025 3573 4078; x_wconf 84' lang='grc' dir='ltr'><strong>ὑπ’</strong></span> <span class='ocrx_word' id='word_1_676' title='bbox 3606 4024 3782 4079; x_wconf 76' lang='grc' dir='ltr'><strong>αὑτοῦ</strong></span> <span class='ocrx_word' id='word_1_677' title='bbox 3836 4026 3976 4094; x_wconf 80' lang='grc' dir='ltr'><strong>ἀνη·</strong></span> 
     </span>
    </p>
   </div>
   <div class='ocr_carea' id='block_1_84' title="bbox 2377 4117 3982 4193">
    <p class='ocr_par' dir='ltr' id='par_1_84' title="bbox 2377 4117 3982 4193">
     <span class='ocr_line' id='line_1_84' title="bbox 2377 4117 3982 4193; baseline -0.004 -18"><span class='ocrx_word' id='word_1_678' title='bbox 2377 4122 2565 4193; x_wconf 79' lang='grc' dir='ltr'><strong>νέχθαι</strong></span> <span class='ocrx_word' id='word_1_679' title='bbox 2594 4119 2685 4173; x_wconf 77' lang='grc' dir='ltr'><strong>τὸν</strong></span> <span class='ocrx_word' id='word_1_680' title='bbox 2720 4117 2908 4173; x_wconf 80' lang='grc' dir='ltr'><strong>Ἰσαὰκ</strong></span> <span class='ocrx_word' id='word_1_681' title='bbox 2937 4120 3019 4182; x_wconf 83' lang='grc' dir='ltr'><strong>είς</strong></span> <span class='ocrx_word' id='word_1_682' title='bbox 3039 4118 3255 4171; x_wconf 78' lang='grc' dir='ltr'><strong>θυσίαν.</strong></span> <span class='ocrx_word' id='word_1_683' title='bbox 3277 4117 3389 4172; x_wconf 75' lang='lat' dir='ltr'><strong>Kal.</strong></span> <span class='ocrx_word' id='word_1_684' title='bbox 3413 4117 3548 4181; x_wconf 83' lang='grc' dir='ltr'><strong>πῶς,</strong></span> <span class='ocrx_word' id='word_1_685' title='bbox 3569 4118 3758 4187; x_wconf 77' lang='grc' dir='ltr'><strong>φησὶν,</strong></span> <span class='ocrx_word' id='word_1_686' title='bbox 3789 4118 3982 4186; x_wconf 75' lang='grc' dir='ltr'><strong>«ὑμεῖς</strong></span> 
     </span>
    </p>
   </div>
   <div class='ocr_carea' id='block_1_85' title="bbox 2377 4210 3975 4283">
    <p class='ocr_par' dir='ltr' id='par_1_85' title="bbox 2377 4210 3975 4283">
     <span class='ocr_line' id='line_1_85' title="bbox 2377 4210 3975 4283; baseline -0.003 -16"><span class='ocrx_word' id='word_1_687' title='bbox 2377 4214 2564 4283; x_wconf 76' lang='grc' dir='ltr'><strong>λέγετε</strong></span> <span class='ocrx_word' id='word_1_688' title='bbox 2600 4255 2614 4279; x_wconf 93' lang='grc'><strong>,</strong></span> <span class='ocrx_word' id='word_1_689' title='bbox 2669 4215 2751 4268; x_wconf 85' lang='grc' dir='ltr'><strong>ὅτι</strong></span> <span class='ocrx_word' id='word_1_690' title='bbox 2802 4214 2859 4266; x_wconf 81' lang='grc' dir='ltr'><strong>ὲν</strong></span> <span class='ocrx_word' id='word_1_691' title='bbox 2918 4210 3319 4282; x_wconf 80' lang='grc' dir='ltr'><strong>Ἱεροσολύμοις</strong></span> <span class='ocrx_word' id='word_1_692' title='bbox 3376 4212 3456 4266; x_wconf 84' lang='grc' dir='ltr'><strong>δεῖ</strong></span> <span class='ocrx_word' id='word_1_693' title='bbox 3527 4214 3866 4282; x_wconf 77' lang='grc' dir='ltr'><strong>προσκυνεῖν</strong></span> <span class='ocrx_word' id='word_1_694' title='bbox 3901 4228 3918 4277; x_wconf 85' lang='grc'><strong>;</strong></span> <span class='ocrx_word' id='word_1_695' title='bbox 3957 4230 3975 4261; x_wconf 72' lang='grc' dir='ltr'><strong>ι</strong></span> 
     </span>
    </p>
   </div>
   <div class='ocr_carea' id='block_1_86' title="bbox 2379 4302 3980 4376">
    <p class='ocr_par' dir='ltr' id='par_1_86' title="bbox 2379 4302 3980 4376">
     <span class='ocr_line' id='line_1_86' title="bbox 2379 4302 3980 4376; baseline -0.001 -19"><span class='ocrx_word' id='word_1_696' title='bbox 2379 4302 2534 4370; x_wconf 75' lang='grc' dir='ltr'><strong>Εἶδες</strong></span> <span class='ocrx_word' id='word_1_697' title='bbox 2575 4306 2691 4369; x_wconf 82' lang='grc' dir='ltr'><strong>πῶς</strong></span> <span class='ocrx_word' id='word_1_698' title='bbox 2722 4304 3034 4374; x_wconf 73' lang='grc' dir='ltr'><strong>ὑψηλοτέρα</strong></span> <span class='ocrx_word' id='word_1_699' title='bbox 3065 4303 3323 4373; x_wconf 86' lang='grc' dir='ltr'><strong>γέγονεν;</strong></span> <span class='ocrx_word' id='word_1_700' title='bbox 3379 4304 3443 4356; x_wconf 84' lang='grc' dir='ltr'><strong>Ἦ</strong></span> <span class='ocrx_word' id='word_1_701' title='bbox 3473 4303 3586 4376; x_wconf 74' lang='grc' dir='ltr'><strong>γὰρ</strong></span> <span class='ocrx_word' id='word_1_702' title='bbox 3632 4304 3741 4375; x_wconf 84' lang='grc' dir='ltr'><strong>πρὸ</strong></span> <span class='ocrx_word' id='word_1_703' title='bbox 3778 4302 3980 4375; x_wconf 77' lang='grc' dir='ltr'><strong>μικροῦ</strong></span> 
     </span>
    </p>
   </div>
   <div class='ocr_carea' id='block_1_87' title="bbox 685 4388 2281 4471">
    <p class='ocr_par' dir='ltr' id='par_1_87' title="bbox 685 4388 2271 4457">
     <span class='ocr_line' id='line_1_87' title="bbox 685 4388 2271 4457; baseline 0.013 -22"><span class='ocrx_word' id='word_1_704' title='bbox 685 4388 875 4455; x_wconf 78' lang='lat' dir='ltr'><strong>dogma</strong></span> <span class='ocrx_word' id='word_1_705' title='bbox 931 4402 1037 4441; x_wconf 91' lang='lat' dir='ltr'><strong>non</strong></span> <span class='ocrx_word' id='word_1_706' title='bbox 1067 4388 1248 4443; x_wconf 79' lang='lat' dir='ltr'><strong>solvit.</strong></span> <span class='ocrx_word' id='word_1_707' title='bbox 1294 4390 1408 4443; x_wconf 83' lang='lat' dir='ltr'><strong>Non</strong></span> <span class='ocrx_word' id='word_1_708' title='bbox 1457 4393 1603 4445; x_wconf 89' lang='lat' dir='ltr'><strong>enim</strong></span> <span class='ocrx_word' id='word_1_709' title='bbox 1639 4404 1757 4448; x_wconf 91' lang='lat' dir='ltr'><strong>erat</strong></span> <span class='ocrx_word' id='word_1_710' title='bbox 1802 4397 1933 4451; x_wconf 90' lang='lat' dir='ltr'><strong>satis</strong></span> <span class='ocrx_word' id='word_1_711' title='bbox 1963 4398 2165 4453; x_wconf 89' lang='lat' dir='ltr'><strong>serium</strong></span> <span class='ocrx_word' id='word_1_712' title='bbox 2217 4411 2271 4457; x_wconf 90' lang='lat' dir='ltr'><strong>et</strong></span> 
     </span>
    </p>
   </div>
   <div class='ocr_carea' id='block_1_88' title="bbox 2386 4388 3977 4471">
    <p class='ocr_par' dir='ltr' id='par_1_88' title="bbox 2386 4396 3977 4471">
     <span class='ocr_line' id='line_1_88' title="bbox 2386 4396 3977 4471; baseline -0.002 -19"><span class='ocrx_word' id='word_1_713' title='bbox 2386 4399 2709 4471; x_wconf 79' lang='grc' dir='ltr'><strong>μεριμνῶσα</strong></span> <span class='ocrx_word' id='word_1_714' title='bbox 2744 4398 2887 4468; x_wconf 75' lang='grc' dir='ltr'><strong>ὑπὲρ</strong></span> <span class='ocrx_word' id='word_1_715' title='bbox 2913 4398 3007 4451; x_wconf 85' lang='grc' dir='ltr'><strong>τοῦ</strong></span> <span class='ocrx_word' id='word_1_716' title='bbox 3034 4398 3108 4469; x_wconf 85' lang='grc' dir='ltr'><strong>μὴ</strong></span> <span class='ocrx_word' id='word_1_717' title='bbox 3143 4396 3476 4451; x_wconf 87' lang='grc' dir='ltr'><strong>σκύλλεσθαι</strong></span> <span class='ocrx_word' id='word_1_718' title='bbox 3506 4397 3596 4450; x_wconf 75' lang='grc' dir='ltr'><strong>διὰ</strong></span> <span class='ocrx_word' id='word_1_719' title='bbox 3651 4398 3751 4450; x_wconf 79' lang='grc' dir='ltr'><strong>τού</strong></span> <span class='ocrx_word' id='word_1_720' title='bbox 3790 4398 3977 4467; x_wconf 69' lang='grc' dir='ltr'><strong>δεψῇν,</strong></span> 
     </span>
    </p>
   </div>
   <div class='ocr_carea' id='block_1_89' title="bbox 686 4468 2281 4561">
    <p class='ocr_par' dir='ltr' id='par_1_89' title="bbox 686 4479 2271 4559">
     <span class='ocr_line' id='line_1_89' title="bbox 686 4479 2271 4559; baseline 0.011 -31"><span class='ocrx_word' id='word_1_721' title='bbox 686 4479 864 4545; x_wconf 62' lang='lat' dir='ltr'><strong>magni</strong></span> <span class='ocrx_word' id='word_1_722' title='bbox 894 4480 1174 4540; x_wconf 78' lang='lat' dir='ltr'><strong>momenti,</strong></span> <span class='ocrx_word' id='word_1_723' title='bbox 1214 4480 1306 4533; x_wconf 91' lang='lat' dir='ltr'><strong>sed</strong></span> <span class='ocrx_word' id='word_1_724' title='bbox 1361 4479 1505 4535; x_wconf 85' lang='lat' dir='ltr'><strong>aliud</strong></span> <span class='ocrx_word' id='word_1_725' title='bbox 1549 4484 1820 4551; x_wconf 91' lang='lat' dir='ltr'><strong>quoddam</strong></span> <span class='ocrx_word' id='word_1_726' title='bbox 1878 4488 2052 4556; x_wconf 83' lang='lat' dir='ltr'><strong>majus</strong></span> <span class='ocrx_word' id='word_1_727' title='bbox 2079 4491 2271 4559; x_wconf 80' lang='lat' dir='ltr'><strong>dogma</strong></span> 
     </span>
    </p>
   </div>
   <div class='ocr_carea' id='block_1_90' title="bbox 2386 4468 3979 4561">
    <p class='ocr_par' dir='ltr' id='par_1_90' title="bbox 2386 4468 3979 4561">
     <span class='ocr_line' id='line_1_90' title="bbox 2386 4468 3979 4561; baseline 0.001 -20"><span class='ocrx_word' id='word_1_728' title='bbox 2386 4468 2831 4559; x_wconf 12' lang='grc' dir='ltr'><strong>περὶὴδογμάτων</strong></span> <span class='ocrx_word' id='word_1_729' title='bbox 2886 4468 3220 4560; x_wconf 54' lang='grc' dir='ltr'><strong>ἐρωτᾷςΔιὸ</strong></span> <span class='ocrx_word' id='word_1_730' title='bbox 3267 4491 3675 4561; x_wconf 66' lang='grc' dir='ltr'><strong>καὶὁΧριστὸς</strong></span> <span class='ocrx_word' id='word_1_731' title='bbox 3709 4488 3837 4551; x_wconf 78' lang='grc' dir='ltr'><strong>ίδὼν</strong></span> <span class='ocrx_word' id='word_1_732' title='bbox 3881 4490 3979 4559; x_wconf 69' lang='grc' dir='ltr'><strong>τὴν</strong></span> 
     </span>
    </p>
   </div>
   <div class='ocr_carea' id='block_1_91' title="bbox 686 4570 2272 4649">
    <p class='ocr_par' dir='ltr' id='par_1_91' title="bbox 686 4570 2272 4649">
     <span class='ocr_line' id='line_1_91' title="bbox 686 4570 2272 4649; baseline 0.012 -28"><span class='ocrx_word' id='word_1_733' title='bbox 686 4570 1021 4649; x_wconf 71' lang='lat' dir='ltr'><strong>manifestat,</strong></span> <span class='ocrx_word' id='word_1_734' title='bbox 1057 4571 1107 4623; x_wconf 88' lang='lat' dir='ltr'><strong>id</strong></span> <span class='ocrx_word' id='word_1_735' title='bbox 1142 4572 1283 4640; x_wconf 92' lang='lat' dir='ltr'><strong>quod</strong></span> <span class='ocrx_word' id='word_1_736' title='bbox 1317 4588 1491 4643; x_wconf 89' lang='lat' dir='ltr'><strong>neque</strong></span> <span class='ocrx_word' id='word_1_737' title='bbox 1525 4574 1819 4633; x_wconf 74' lang='lat' dir='ltr'><strong>Nicodemo</strong></span> <span class='ocrx_word' id='word_1_738' title='bbox 1850 4595 2027 4649; x_wconf 91' lang='lat' dir='ltr'><strong>neque</strong></span> <span class='ocrx_word' id='word_1_739' title='bbox 2068 4580 2272 4639; x_wconf 82' lang='lat' dir='ltr'><strong>Natha-</strong></span> 
     </span>
    </p>
   </div>
   <div class='ocr_carea' id='block_1_92' title="bbox 683 4662 2271 4744">
    <p class='ocr_par' dir='ltr' id='par_1_92' title="bbox 683 4662 2271 4744">
     <span class='ocr_line' id='line_1_92' title="bbox 683 4662 2271 4744; baseline 0.01 -29"><span class='ocrx_word' id='word_1_740' title='bbox 683 4662 823 4716; x_wconf 85' lang='lat' dir='ltr'><strong>naeli</strong></span> <span class='ocrx_word' id='word_1_741' title='bbox 863 4663 1216 4717; x_wconf 67' lang='lat' dir='ltr'><strong>revelaverant.</strong></span> <span class='ocrx_word' id='word_1_742' title='bbox 1254 4682 1272 4714; x_wconf 72' lang='grc' dir='ltr'><strong>ι</strong></span> <span class='ocrx_word' id='word_1_743' title='bbox 1306 4664 1654 4733; x_wconf 83' lang='lat' dir='ltr'><strong>Venitenim,</strong></span> <span class='ocrx_word' id='word_1_744' title='bbox 1694 4670 1895 4739; x_wconf 88' lang='lat' dir='ltr'><strong>inquit,</strong></span> <span class='ocrx_word' id='word_1_745' title='bbox 1930 4674 2061 4729; x_wconf 88' lang='lat' dir='ltr'><strong>hora</strong></span> <span class='ocrx_word' id='word_1_746' title='bbox 2098 4691 2271 4744; x_wconf 85' lang='lat' dir='ltr'><strong>quan-</strong></span> 
     </span>
    </p>
   </div>
   <div class='ocr_carea' id='block_1_93' title="bbox 680 4752 2271 4829">
    <p class='ocr_par' dir='ltr' id='par_1_93' title="bbox 680 4752 2271 4829">
     <span class='ocr_line' id='line_1_93' title="bbox 680 4752 2271 4829; baseline 0.011 -23"><span class='ocrx_word' id='word_1_747' title='bbox 680 4757 747 4806; x_wconf 85' lang='lat' dir='ltr'><strong>du</strong></span> <span class='ocrx_word' id='word_1_748' title='bbox 782 4770 957 4821; x_wconf 82' lang='lat' dir='ltr'><strong>neque</strong></span> <span class='ocrx_word' id='word_1_749' title='bbox 1007 4758 1057 4807; x_wconf 93' lang='lat' dir='ltr'><strong>in</strong></span> <span class='ocrx_word' id='word_1_750' title='bbox 1086 4752 1478 4827; x_wconf 79' lang='lat' dir='ltr'><strong>Hierosolymis</strong></span> <span class='ocrx_word' id='word_1_751' title='bbox 1523 4774 1700 4829; x_wconf 88' lang='lat' dir='ltr'><strong>neque</strong></span> <span class='ocrx_word' id='word_1_752' title='bbox 1743 4764 1795 4816; x_wconf 88' lang='lat' dir='ltr'><strong>in</strong></span> <span class='ocrx_word' id='word_1_753' title='bbox 1830 4765 1931 4819; x_wconf 90' lang='lat' dir='ltr'><strong>hoc</strong></span> <span class='ocrx_word' id='word_1_754' title='bbox 1987 4766 2106 4822; x_wconf 90' lang='lat' dir='ltr'><strong>loco</strong></span> <span class='ocrx_word' id='word_1_755' title='bbox 2136 4768 2271 4823; x_wconf 88' lang='lat' dir='ltr'><strong>ado-</strong></span> 
     </span>
    </p>
   </div>
   <div class='ocr_carea' id='block_1_94' title="bbox 685 4847 2271 4923">
    <p class='ocr_par' dir='ltr' id='par_1_94' title="bbox 685 4847 2271 4923">
     <span class='ocr_line' id='line_1_94' title="bbox 685 4847 2271 4923; baseline 0.011 -25"><span class='ocrx_word' id='word_1_756' title='bbox 685 4847 898 4900; x_wconf 84' lang='lat' dir='ltr'><strong>rabitur</strong></span> <span class='ocrx_word' id='word_1_757' title='bbox 955 4847 1117 4901; x_wconf 89' lang='lat' dir='ltr'><strong>Deus.</strong></span> <span class='ocrx_word' id='word_1_758' title='bbox 1160 4866 1180 4898; x_wconf 76' lang='grc' dir='ltr'><strong>ι</strong></span> <span class='ocrx_word' id='word_1_759' title='bbox 1217 4848 1355 4902; x_wconf 81' lang='lat' dir='ltr'><strong>Nam</strong></span> <span class='ocrx_word' id='word_1_760' title='bbox 1414 4860 1469 4903; x_wconf 91' lang='lat' dir='ltr'><strong>tu</strong></span> <span class='ocrx_word' id='word_1_761' title='bbox 1534 4854 1777 4920; x_wconf 89' lang='lat' dir='ltr'><strong>quidem,</strong></span> <span class='ocrx_word' id='word_1_762' title='bbox 1812 4856 2010 4923; x_wconf 90' lang='lat' dir='ltr'><strong>inquit,</strong></span> <span class='ocrx_word' id='word_1_763' title='bbox 2052 4862 2271 4916; x_wconf 89' lang='lat' dir='ltr'><strong>conaris</strong></span> 
     </span>
    </p>
   </div>
   <div class='ocr_carea' id='block_1_95' title="bbox 680 4938 2269 5023">
    <p class='ocr_par' dir='ltr' id='par_1_95' title="bbox 680 4938 2269 5023">
     <span class='ocr_line' id='line_1_95' title="bbox 680 4938 2269 5023; baseline 0.011 -34"><span class='ocrx_word' id='word_1_764' title='bbox 680 4939 972 4993; x_wconf 91' lang='lat' dir='ltr'><strong>ostendere</strong></span> <span class='ocrx_word' id='word_1_765' title='bbox 1029 4955 1115 4995; x_wconf 89' lang='lat' dir='ltr'><strong>res</strong></span> <span class='ocrx_word' id='word_1_766' title='bbox 1170 4938 1641 4999; x_wconf 87' lang='lat' dir='ltr'><strong>Samaritanorum</strong></span> <span class='ocrx_word' id='word_1_767' title='bbox 1706 4947 1978 5015; x_wconf 85' lang='lat' dir='ltr'><strong>digniores</strong></span> <span class='ocrx_word' id='word_1_768' title='bbox 2032 4952 2119 5018; x_wconf 90' lang='lat' dir='ltr'><strong>iis,</strong></span> <span class='ocrx_word' id='word_1_769' title='bbox 2150 4969 2269 5023; x_wconf 65' lang='lat' dir='ltr'><strong>qua;</strong></span> 
     </span>
    </p>
   </div>
   <div class='ocr_carea' id='block_1_96' title="bbox 678 5032 2269 5115">
    <p class='ocr_par' dir='ltr' id='par_1_96' title="bbox 678 5032 2269 5115">
     <span class='ocr_line' id='line_1_96' title="bbox 678 5032 2269 5115; baseline 0.011 -30"><span class='ocrx_word' id='word_1_770' title='bbox 678 5033 819 5102; x_wconf 82' lang='lat' dir='ltr'><strong>apud</strong></span> <span class='ocrx_word' id='word_1_771' title='bbox 853 5032 1069 5089; x_wconf 66' lang='lat' dir='ltr'><strong>Judaos</strong></span> <span class='ocrx_word' id='word_1_772' title='bbox 1118 5046 1351 5104; x_wconf 80' lang='lat' dir='ltr'><strong>aguntur</strong></span> <span class='ocrx_word' id='word_1_773' title='bbox 1390 5055 1402 5090; x_wconf 92' lang='lat'><em>:</em></span> <span class='ocrx_word' id='word_1_774' title='bbox 1443 5053 1543 5105; x_wconf 87' lang='lat' dir='ltr'><strong>ego</strong></span> <span class='ocrx_word' id='word_1_775' title='bbox 1597 5050 1777 5094; x_wconf 90' lang='lat' dir='ltr'><strong>autem</strong></span> <span class='ocrx_word' id='word_1_776' title='bbox 1834 5042 1953 5097; x_wconf 88' lang='lat' dir='ltr'><strong>dico</strong></span> <span class='ocrx_word' id='word_1_777' title='bbox 1985 5044 2080 5099; x_wconf 92' lang='lat' dir='ltr'><strong>tibi</strong></span> <span class='ocrx_word' id='word_1_778' title='bbox 2124 5047 2269 5115; x_wconf 87' lang='lat' dir='ltr'><strong>quod</strong></span> 
     </span>
    </p>
   </div>
   <div class='ocr_carea' id='block_1_97' title="bbox 680 5128 2266 5203">
    <p class='ocr_par' dir='ltr' id='par_1_97' title="bbox 680 5128 2266 5203">
     <span class='ocr_line' id='line_1_97' title="bbox 680 5128 2266 5203; baseline 0.011 -25"><span class='ocrx_word' id='word_1_779' title='bbox 680 5142 861 5194; x_wconf 79' lang='lat' dir='ltr'><strong>neque</strong></span> <span class='ocrx_word' id='word_1_780' title='bbox 894 5128 1009 5183; x_wconf 69' lang='lat' dir='ltr'><strong>bare</strong></span> <span class='ocrx_word' id='word_1_781' title='bbox 1038 5144 1214 5199; x_wconf 91' lang='lat' dir='ltr'><strong>neque</strong></span> <span class='ocrx_word' id='word_1_782' title='bbox 1250 5129 1335 5182; x_wconf 85' lang='lat' dir='ltr'><strong>illa</strong></span> <span class='ocrx_word' id='word_1_783' title='bbox 1384 5131 1588 5185; x_wconf 89' lang='lat' dir='ltr'><strong>habent</strong></span> <span class='ocrx_word' id='word_1_784' title='bbox 1622 5133 1964 5203; x_wconf 84' lang='lat' dir='ltr'><strong>dignitatem,</strong></span> <span class='ocrx_word' id='word_1_785' title='bbox 2003 5141 2097 5193; x_wconf 91' lang='lat' dir='ltr'><strong>sed</strong></span> <span class='ocrx_word' id='word_1_786' title='bbox 2129 5141 2266 5197; x_wconf 87' lang='lat' dir='ltr'><strong>alius</strong></span> 
     </span>
    </p>
   </div>
   <div class='ocr_carea' id='block_1_98' title="bbox 676 5219 2268 5295">
    <p class='ocr_par' dir='ltr' id='par_1_98' title="bbox 676 5219 2268 5295">
     <span class='ocr_line' id='line_1_98' title="bbox 676 5219 2268 5295; baseline 0.013 -27"><span class='ocrx_word' id='word_1_787' title='bbox 676 5219 949 5287; x_wconf 86' lang='lat' dir='ltr'><strong>quispiam</strong></span> <span class='ocrx_word' id='word_1_788' title='bbox 996 5230 1171 5275; x_wconf 80' lang='lat' dir='ltr'><strong>status</strong></span> <span class='ocrx_word' id='word_1_789' title='bbox 1204 5222 1309 5275; x_wconf 90' lang='lat' dir='ltr'><strong>erit</strong></span> <span class='ocrx_word' id='word_1_790' title='bbox 1363 5222 1468 5277; x_wconf 92' lang='lat' dir='ltr'><strong>illis</strong></span> <span class='ocrx_word' id='word_1_791' title='bbox 1516 5224 1752 5295; x_wconf 85' lang='lat' dir='ltr'><strong>dignior.</strong></span> <span class='ocrx_word' id='word_1_792' title='bbox 1788 5227 2179 5286; x_wconf 81' lang='lat' dir='ltr'><strong>Verumtamen</strong></span> <span class='ocrx_word' id='word_1_793' title='bbox 2214 5242 2268 5288; x_wconf 90' lang='lat' dir='ltr'><strong>et</strong></span> 
     </span>
    </p>
   </div>
   <div class='ocr_carea' id='block_1_99' title="bbox 674 5309 2261 5389">
    <p class='ocr_par' dir='ltr' id='par_1_99' title="bbox 674 5309 2261 5389">
     <span class='ocr_line' id='line_1_99' title="bbox 674 5309 2261 5389; baseline 0.01 -25"><span class='ocrx_word' id='word_1_794' title='bbox 674 5310 753 5364; x_wconf 87' lang='lat' dir='ltr'><strong>sic</strong></span> <span class='ocrx_word' id='word_1_795' title='bbox 812 5309 1030 5365; x_wconf 71' lang='lat' dir='ltr'><strong>Iudaeos</strong></span> <span class='ocrx_word' id='word_1_796' title='bbox 1084 5313 1233 5367; x_wconf 90' lang='lat' dir='ltr'><strong>vobis</strong></span> <span class='ocrx_word' id='word_1_797' title='bbox 1294 5313 1657 5372; x_wconf 86' lang='lat' dir='ltr'><strong>Samaritanis</strong></span> <span class='ocrx_word' id='word_1_798' title='bbox 1702 5321 1976 5389; x_wconf 85' lang='lat' dir='ltr'><strong>digniores</strong></span> <span class='ocrx_word' id='word_1_799' title='bbox 2032 5324 2261 5381; x_wconf 87' lang='lat' dir='ltr'><strong>allirtno.</strong></span> 
     </span>
    </p>
   </div>
   <div class='ocr_carea' id='block_1_100' title="bbox 686 5399 2262 5480">
    <p class='ocr_par' dir='ltr' id='par_1_100' title="bbox 686 5399 2262 5480">
     <span class='ocr_line' id='line_1_100' title="bbox 686 5399 2262 5480; baseline 0.014 -28"><span class='ocrx_word' id='word_1_800' title='bbox 686 5418 702 5452; x_wconf 83' lang='lat' dir='ltr'><strong>r</strong></span> <span class='ocrx_word' id='word_1_801' title='bbox 746 5399 851 5455; x_wconf 82' lang='lat' dir='ltr'><strong>Vos</strong></span> <span class='ocrx_word' id='word_1_802' title='bbox 907 5401 1077 5467; x_wconf 89' lang='lat' dir='ltr'><strong>enim,</strong></span> <span class='ocrx_word' id='word_1_803' title='bbox 1103 5402 1301 5473; x_wconf 90' lang='lat' dir='ltr'><strong>inquit,</strong></span> <span class='ocrx_word' id='word_1_804' title='bbox 1339 5409 1578 5463; x_wconf 90' lang='lat' dir='ltr'><strong>adoratis</strong></span> <span class='ocrx_word' id='word_1_805' title='bbox 1636 5412 1779 5480; x_wconf 89' lang='lat' dir='ltr'><strong>quod</strong></span> <span class='ocrx_word' id='word_1_806' title='bbox 1845 5415 2067 5470; x_wconf 80' lang='lat' dir='ltr'><strong>nescitis</strong></span> <span class='ocrx_word' id='word_1_807' title='bbox 2112 5435 2123 5470; x_wconf 92' lang='lat'><strong><em>:</em></strong></span> <span class='ocrx_word' id='word_1_808' title='bbox 2163 5434 2262 5475; x_wconf 90' lang='lat' dir='ltr'><strong>nos</strong></span> 
     </span>
    </p>
   </div>
   <div class='ocr_carea' id='block_1_101' title="bbox 676 5492 2259 5579">
    <p class='ocr_par' dir='ltr' id='par_1_101' title="bbox 676 5492 2259 5579">
     <span class='ocr_line' id='line_1_101' title="bbox 676 5492 2259 5579; baseline 0.015 -34"><span class='ocrx_word' id='word_1_809' title='bbox 676 5504 854 5547; x_wconf 82' lang='lat' dir='ltr'><strong>autem</strong></span> <span class='ocrx_word' id='word_1_810' title='bbox 914 5492 1108 5562; x_wconf 61' lang='lat' dir='ltr'><strong>Judaei,</strong></span> <span class='ocrx_word' id='word_1_811' title='bbox 1144 5498 1288 5567; x_wconf 90' lang='lat' dir='ltr'><strong>quod</strong></span> <span class='ocrx_word' id='word_1_812' title='bbox 1314 5500 1535 5556; x_wconf 79' lang='lat' dir='ltr'><strong>Scimus.</strong></span> <span class='ocrx_word' id='word_1_813' title='bbox 1576 5521 1593 5554; x_wconf 84' lang='grc'>›</span> <span class='ocrx_word' id='word_1_814' title='bbox 1654 5503 1822 5562; x_wconf 86' lang='lat' dir='ltr'><strong>Porro</strong></span> <span class='ocrx_word' id='word_1_815' title='bbox 1867 5508 2106 5579; x_wconf 90' lang='lat' dir='ltr'><strong>seipsum</strong></span> <span class='ocrx_word' id='word_1_816' title='bbox 2163 5509 2259 5567; x_wconf 80' lang='lat' dir='ltr'><strong>Ju-</strong></span> 
     </span>
    </p>
   </div>
   <div class='ocr_carea' id='block_1_102' title="bbox 744 5632 1089 5689">
    <p class='ocr_par' dir='ltr' id='par_1_102' title="bbox 744 5632 1089 5689">
     <span class='ocr_line' id='line_1_102' title="bbox 744 5632 1089 5689; baseline 0 -3"><span class='ocrx_word' id='word_1_817' title='bbox 744 5636 761 5663; x_wconf 85' lang='grc'>³</span> <span class='ocrx_word' id='word_1_818' title='bbox 797 5632 929 5687; x_wconf 83' lang='lat' dir='ltr'><strong>Gen.</strong></span> <span class='ocrx_word' id='word_1_819' title='bbox 958 5650 1089 5689; x_wconf 76' lang='lat' dir='ltr'><strong>xxu.</strong></span> 
     </span>
    </p>
   </div>
   <div class='ocr_carea' id='block_1_103' title="bbox 738 5774 2255 5853">
    <p class='ocr_par' dir='ltr' id='par_1_103' title="bbox 738 5774 2255 5853">
     <span class='ocr_line' id='line_1_103' title="bbox 738 5774 2255 5853; baseline 0.005 -16"><span class='ocrx_word' id='word_1_820' title='bbox 738 5775 813 5853; x_wconf 65' lang='grc' dir='ltr'><strong>(ξι)</strong></span> <span class='ocrx_word' id='word_1_821' title='bbox 862 5774 1052 5853; x_wconf 45' lang='grc' dir='ltr'><strong>,Ὅτι-ἠ</strong></span> <span class='ocrx_word' id='word_1_822' title='bbox 1088 5777 1447 5853; x_wconf 77' lang='grc' dir='ltr'><strong>σωτηρία</strong></span> <span class='ocrx_word' id='word_1_823' title='bbox 1488 5783 1594 5853; x_wconf 80' lang='grc' dir='ltr'><strong>τῶν</strong></span> <span class='ocrx_word' id='word_1_824' title='bbox 1632 5784 1899 5839; x_wconf 81' lang='grc' dir='ltr'><strong>Ἰουδαίων</strong></span> <span class='ocrx_word' id='word_1_825' title='bbox 1931 5787 2099 5841; x_wconf 81' lang='grc' dir='ltr'><strong>ἐστίν.</strong></span> <span class='ocrx_word' id='word_1_826' title='bbox 2132 5788 2255 5845; x_wconf 77' lang='lat' dir='ltr'><strong>llzec</strong></span> 
     </span>
    </p>
   </div>
   <div class='ocr_carea' id='block_1_104' title="bbox 668 5841 2253 5922">
    <p class='ocr_par' dir='ltr' id='par_1_104' title="bbox 668 5841 2253 5922">
     <span class='ocr_line' id='line_1_104' title="bbox 668 5841 2253 5922; baseline 0.014 -26"><span class='ocrx_word' id='word_1_827' title='bbox 668 5841 829 5898; x_wconf 62' lang='lat' dir='ltr'><strong>*etba</strong></span> <span class='ocrx_word' id='word_1_828' title='bbox 859 5846 945 5901; x_wconf 86' lang='lat' dir='ltr'><strong>hic</strong></span> <span class='ocrx_word' id='word_1_829' title='bbox 978 5841 1189 5916; x_wconf 85' lang='lat' dir='ltr'><strong>desunt,</strong></span> <span class='ocrx_word' id='word_1_830' title='bbox 1225 5841 1281 5905; x_wconf 49' lang='lat' dir='ltr'><strong>&#39;e&#39;t</strong></span> <span class='ocrx_word' id='word_1_831' title='bbox 1320 5850 1593 5922; x_wconf 74' lang='lat' dir='ltr'><strong>aliquibus</strong></span> <span class='ocrx_word' id='word_1_832' title='bbox 1623 5857 1866 5914; x_wconf 81' lang='lat' dir='ltr'><strong>etiamin</strong></span> <span class='ocrx_word' id='word_1_833' title='bbox 1902 5858 2024 5917; x_wconf 75' lang='lat' dir='ltr'><strong>aliis</strong></span> <span class='ocrx_word' id='word_1_834' title='bbox 2052 5841 2253 5918; x_wconf 57' lang='lat' dir='ltr'><strong>codici:</strong></span> 
     </span>
    </p>
   </div>
   <div class='ocr_carea' id='block_1_105' title="bbox 2381 4581 3977 4655">
    <p class='ocr_par' dir='ltr' id='par_1_105' title="bbox 2381 4581 3977 4655">
     <span class='ocr_line' id='line_1_105' title="bbox 2381 4581 3977 4655; baseline 0.001 -21"><span class='ocrx_word' id='word_1_835' title='bbox 2381 4582 2554 4652; x_wconf 76' lang='grc' dir='ltr'><strong>αὐτῆς</strong></span> <span class='ocrx_word' id='word_1_836' title='bbox 2586 4582 2831 4647; x_wconf 85' lang='grc' dir='ltr'><strong>σύνεσιν,</strong></span> <span class='ocrx_word' id='word_1_837' title='bbox 2878 4582 3039 4635; x_wconf 84' lang='grc' dir='ltr'><strong>τοῦτο</strong></span> <span class='ocrx_word' id='word_1_838' title='bbox 3073 4581 3175 4653; x_wconf 81' lang='grc' dir='ltr'><strong>μὲν</strong></span> <span class='ocrx_word' id='word_1_839' title='bbox 3199 4582 3261 4636; x_wconf 85' lang='grc' dir='ltr'><strong>τὸ</strong></span> <span class='ocrx_word' id='word_1_840' title='bbox 3287 4583 3553 4655; x_wconf 77' lang='grc' dir='ltr'><strong>ἀπόρημα</strong></span> <span class='ocrx_word' id='word_1_841' title='bbox 3580 4582 3755 4651; x_wconf 78' lang='grc' dir='ltr'><strong>αὐτῆς</strong></span> <span class='ocrx_word' id='word_1_842' title='bbox 3779 4585 3843 4637; x_wconf 84' lang='grc' dir='ltr'><strong>οὐ</strong></span> <span class='ocrx_word' id='word_1_843' title='bbox 3863 4583 3977 4637; x_wconf 81' lang='grc' dir='ltr'><strong>λύει</strong></span> 
     </span>
    </p>
   </div>
   <div class='ocr_carea' id='block_1_106' title="bbox 2378 4672 3976 4749">
    <p class='ocr_par' dir='ltr' id='par_1_106' title="bbox 2378 4672 3976 4749">
     <span class='ocr_line' id='line_1_106' title="bbox 2378 4672 3976 4749; baseline 0.001 -19"><span class='ocrx_word' id='word_1_844' title='bbox 2378 4676 2459 4748; x_wconf 86' lang='grc' dir='ltr'><strong>(οὐ</strong></span> <span class='ocrx_word' id='word_1_845' title='bbox 2492 4677 2600 4747; x_wconf 83' lang='grc' dir='ltr'><strong>γὰρ</strong></span> <span class='ocrx_word' id='word_1_846' title='bbox 2632 4672 2700 4749; x_wconf 78' lang='grc' dir='ltr'><strong>ἦν</strong></span> <span class='ocrx_word' id='word_1_847' title='bbox 2733 4676 3249 4747; x_wconf 86' lang='grc' dir='ltr'><strong>περισπούδαστον),</strong></span> <span class='ocrx_word' id='word_1_848' title='bbox 3277 4676 3409 4732; x_wconf 78' lang='grc' dir='ltr'><strong>ἄλλο</strong></span> <span class='ocrx_word' id='word_1_849' title='bbox 3464 4677 3521 4731; x_wconf 75' lang='grc' dir='ltr'><strong>δὲ</strong></span> <span class='ocrx_word' id='word_1_850' title='bbox 3551 4677 3742 4747; x_wconf 79' lang='grc' dir='ltr'><strong>μεῖζον</strong></span> <span class='ocrx_word' id='word_1_851' title='bbox 3784 4678 3976 4747; x_wconf 70' lang='grc' dir='ltr'><strong>δόγμα</strong></span> 
     </span>
    </p>
   </div>
   <div class='ocr_carea' id='block_1_107' title="bbox 2374 4769 3973 4841">
    <p class='ocr_par' dir='ltr' id='par_1_107' title="bbox 2374 4769 3973 4841">
     <span class='ocr_line' id='line_1_107' title="bbox 2374 4769 3973 4841; baseline 0.001 -18"><span class='ocrx_word' id='word_1_852' title='bbox 2374 4769 2778 4835; x_wconf 83' lang='grc' dir='ltr'><strong>ἀποκαλύπτει,</strong></span> <span class='ocrx_word' id='word_1_853' title='bbox 2813 4772 2952 4841; x_wconf 81' lang='grc' dir='ltr'><strong>ὅπερ</strong></span> <span class='ocrx_word' id='word_1_854' title='bbox 2982 4770 3104 4825; x_wconf 73' lang='grc' dir='ltr'><strong>οὐδὲ</strong></span> <span class='ocrx_word' id='word_1_855' title='bbox 3135 4770 3459 4841; x_wconf 81' lang='grc' dir='ltr'><strong>Νικοδήμῳ,</strong></span> <span class='ocrx_word' id='word_1_856' title='bbox 3491 4770 3616 4824; x_wconf 73' lang='grc' dir='ltr'><strong>οὐδὲ</strong></span> <span class='ocrx_word' id='word_1_857' title='bbox 3670 4771 3973 4841; x_wconf 74' lang='grc' dir='ltr'><strong>Ναθαναὴλ</strong></span> 
     </span>
    </p>
   </div>
   <div class='ocr_carea' id='block_1_108' title="bbox 2374 4863 3973 4935">
    <p class='ocr_par' dir='ltr' id='par_1_108' title="bbox 2374 4863 3973 4935">
     <span class='ocr_line' id='line_1_108' title="bbox 2374 4863 3973 4935; baseline 0 -18"><span class='ocrx_word' id='word_1_858' title='bbox 2374 4863 2753 4933; x_wconf 77' lang='grc' dir='ltr'><strong>ἀπεκάλυψεν.</strong></span> <span class='ocrx_word' id='word_1_859' title='bbox 2796 4864 3059 4933; x_wconf 82' lang='grc' dir='ltr'><strong>Ἔρχεται</strong></span> <span class='ocrx_word' id='word_1_860' title='bbox 3084 4864 3217 4935; x_wconf 75' lang='grc' dir='ltr'><strong>γὰρ,</strong></span> <span class='ocrx_word' id='word_1_861' title='bbox 3252 4864 3442 4934; x_wconf 79' lang='grc' dir='ltr'><strong>φησὶν,</strong></span> <span class='ocrx_word' id='word_1_862' title='bbox 3475 4863 3727 4931; x_wconf 83' lang='grc' dir='ltr'><strong>ὤρα,ὅτε</strong></span> <span class='ocrx_word' id='word_1_863' title='bbox 3756 4864 3885 4917; x_wconf 72' lang='grc' dir='ltr'><strong>οὗτε</strong></span> <span class='ocrx_word' id='word_1_864' title='bbox 3916 4868 3973 4917; x_wconf 78' lang='grc' dir='ltr'><strong>ὲν</strong></span> 
     </span>
    </p>
   </div>
   <div class='ocr_carea' id='block_1_109' title="bbox 2385 4955 3970 5029">
    <p class='ocr_par' dir='ltr' id='par_1_109' title="bbox 2385 4955 3970 5029">
     <span class='ocr_line' id='line_1_109' title="bbox 2385 4955 3970 5029; baseline 0.003 -21"><span class='ocrx_word' id='word_1_865' title='bbox 2385 4956 2451 5008; x_wconf 83' lang='grc' dir='ltr'><strong>ἰε</strong></span> <span class='ocrx_word' id='word_1_866' title='bbox 2462 4956 2654 5026; x_wconf 87' lang='grc' dir='ltr'><strong>ροσολύ</strong></span> <span class='ocrx_word' id='word_1_867' title='bbox 2662 4973 2806 5027; x_wconf 89' lang='grc' dir='ltr'><strong>μοις,</strong></span> <span class='ocrx_word' id='word_1_868' title='bbox 2821 4955 2948 5010; x_wconf 75' lang='grc' dir='ltr'><strong>οὔτε</strong></span> <span class='ocrx_word' id='word_1_869' title='bbox 2969 4956 3208 5010; x_wconf 68' lang='grc' dir='ltr'><strong>ενταῦθα</strong></span> <span class='ocrx_word' id='word_1_870' title='bbox 3226 4957 3746 5029; x_wconf 78' lang='grc' dir='ltr'><strong>προσκυνηθήσεται</strong></span> <span class='ocrx_word' id='word_1_871' title='bbox 3768 4960 3797 5011; x_wconf 85' lang='grc' dir='ltr'>ὁ</span> <span class='ocrx_word' id='word_1_872' title='bbox 3814 4956 3970 5022; x_wconf 74' lang='grc' dir='ltr'><strong>Θεὸς.</strong></span> 
     </span>
    </p>
   </div>
   <div class='ocr_carea' id='block_1_110' title="bbox 2370 5049 3970 5121">
    <p class='ocr_par' dir='ltr' id='par_1_110' title="bbox 2370 5049 3970 5121">
     <span class='ocr_line' id='line_1_110' title="bbox 2370 5049 3970 5121; baseline 0.001 -20"><span class='ocrx_word' id='word_1_873' title='bbox 2370 5049 2444 5101; x_wconf 86' lang='grc' dir='ltr'><strong>Σὺ</strong></span> <span class='ocrx_word' id='word_1_874' title='bbox 2479 5049 2581 5121; x_wconf 85' lang='grc' dir='ltr'><strong>μὲν</strong></span> <span class='ocrx_word' id='word_1_875' title='bbox 2610 5049 2745 5121; x_wconf 76' lang='grc' dir='ltr'><strong>γὰρ,</strong></span> <span class='ocrx_word' id='word_1_876' title='bbox 2778 5049 2935 5119; x_wconf 74' lang='grc' dir='ltr'><strong>φησὶ,</strong></span> <span class='ocrx_word' id='word_1_877' title='bbox 2967 5049 3297 5115; x_wconf 79' lang='grc' dir='ltr'><strong>σπουδάζεις</strong></span> <span class='ocrx_word' id='word_1_878' title='bbox 3339 5049 3511 5117; x_wconf 76' lang='grc' dir='ltr'><strong>δεῖξαι</strong></span> <span class='ocrx_word' id='word_1_879' title='bbox 3543 5049 3615 5103; x_wconf 79' lang='grc' dir='ltr'><strong>τὰ</strong></span> <span class='ocrx_word' id='word_1_880' title='bbox 3646 5050 3761 5103; x_wconf 84' lang='grc' dir='ltr'><strong>τῶν</strong></span> <span class='ocrx_word' id='word_1_881' title='bbox 3785 5051 3970 5120; x_wconf 84' lang='grc' dir='ltr'><strong>Σαμα-</strong></span> 
     </span>
    </p>
   </div>
   <div class='ocr_carea' id='block_1_111' title="bbox 2372 5141 3972 5214">
    <p class='ocr_par' dir='ltr' id='par_1_111' title="bbox 2372 5141 3972 5214">
     <span class='ocr_line' id='line_1_111' title="bbox 2372 5141 3972 5214; baseline 0.001 -19"><span class='ocrx_word' id='word_1_882' title='bbox 2372 5144 2569 5214; x_wconf 82' lang='grc' dir='ltr'><strong>ρειτῶν</strong></span> <span class='ocrx_word' id='word_1_883' title='bbox 2598 5143 2925 5214; x_wconf 76' lang='grc' dir='ltr'><strong>ἐντιμότερα</strong></span> <span class='ocrx_word' id='word_1_884' title='bbox 2959 5142 3068 5196; x_wconf 84' lang='grc' dir='ltr'><strong>τῶν</strong></span> <span class='ocrx_word' id='word_1_885' title='bbox 3096 5142 3248 5212; x_wconf 85' lang='grc' dir='ltr'><strong>παρὰ</strong></span> <span class='ocrx_word' id='word_1_886' title='bbox 3270 5144 3385 5207; x_wconf 85' lang='grc' dir='ltr'><strong>τοῖς</strong></span> <span class='ocrx_word' id='word_1_887' title='bbox 3415 5142 3700 5205; x_wconf 86' lang='grc' dir='ltr'><strong>Ἰουδαίοις</strong></span> <span class='ocrx_word' id='word_1_888' title='bbox 3730 5159 3743 5173; x_wconf 91' lang='grc'><strong>·</strong></span> <span class='ocrx_word' id='word_1_889' title='bbox 3777 5141 3895 5211; x_wconf 67' lang='grc' dir='ltr'><strong>ἐγὼ</strong></span> <span class='ocrx_word' id='word_1_890' title='bbox 3916 5142 3972 5197; x_wconf 73' lang='grc' dir='ltr'><strong>ει</strong></span> 
     </span>
    </p>
   </div>
   <div class='ocr_carea' id='block_1_112' title="bbox 2368 5234 3971 5306">
    <p class='ocr_par' dir='ltr' id='par_1_112' title="bbox 2368 5234 3971 5306">
     <span class='ocr_line' id='line_1_112' title="bbox 2368 5234 3971 5306; baseline 0.001 -18"><span class='ocrx_word' id='word_1_891' title='bbox 2368 5235 2514 5303; x_wconf 88' lang='grc' dir='ltr'><strong>λέγω</strong></span> <span class='ocrx_word' id='word_1_892' title='bbox 2540 5252 2645 5298; x_wconf 89' lang='grc' dir='ltr'><strong>σοι,</strong></span> <span class='ocrx_word' id='word_1_893' title='bbox 2667 5236 2749 5295; x_wconf 80' lang='grc' dir='ltr'><strong>ὅτι</strong></span> <span class='ocrx_word' id='word_1_894' title='bbox 2780 5234 2906 5288; x_wconf 76' lang='grc' dir='ltr'><strong>οὔτε</strong></span> <span class='ocrx_word' id='word_1_895' title='bbox 2938 5236 3135 5301; x_wconf 83' lang='grc' dir='ltr'><strong>ταῦτα,</strong></span> <span class='ocrx_word' id='word_1_896' title='bbox 3166 5234 3292 5289; x_wconf 78' lang='grc' dir='ltr'><strong>οὕτε</strong></span> <span class='ocrx_word' id='word_1_897' title='bbox 3312 5237 3496 5289; x_wconf 69' lang='grc' dir='ltr'><strong>ἐκεῖνα</strong></span> <span class='ocrx_word' id='word_1_898' title='bbox 3521 5234 3709 5306; x_wconf 74' lang='grc' dir='ltr'><strong>έχουσι</strong></span> <span class='ocrx_word' id='word_1_899' title='bbox 3738 5235 3801 5297; x_wconf 78' lang='grc' dir='ltr'><strong>τὺ</strong></span> <span class='ocrx_word' id='word_1_900' title='bbox 3837 5252 3971 5306; x_wconf 84' lang='grc' dir='ltr'><strong>πρε-</strong></span> 
     </span>
    </p>
   </div>
   <div class='ocr_carea' id='block_1_113' title="bbox 2374 5328 3968 5401">
    <p class='ocr_par' dir='ltr' id='par_1_113' title="bbox 2374 5328 3968 5401">
     <span class='ocr_line' id='line_1_113' title="bbox 2374 5328 3968 5401; baseline -0.001 -20"><span class='ocrx_word' id='word_1_901' title='bbox 2374 5328 2581 5394; x_wconf 77' lang='grc' dir='ltr'><strong>σϐεῖον,</strong></span> <span class='ocrx_word' id='word_1_902' title='bbox 2612 5328 2729 5382; x_wconf 80' lang='grc' dir='ltr'><strong>ἀλλ’</strong></span> <span class='ocrx_word' id='word_1_903' title='bbox 2759 5329 2922 5401; x_wconf 72' lang='grc' dir='ltr'><strong>ἑτέρα</strong></span> <span class='ocrx_word' id='word_1_904' title='bbox 2946 5346 3029 5392; x_wconf 85' lang='grc' dir='ltr'><strong>τις</strong></span> <span class='ocrx_word' id='word_1_905' title='bbox 3058 5330 3215 5383; x_wconf 76' lang='grc' dir='ltr'><strong>ἔσται</strong></span> <span class='ocrx_word' id='word_1_906' title='bbox 3239 5330 3600 5392; x_wconf 82' lang='grc' dir='ltr'><strong>κατάστασις,</strong></span> <span class='ocrx_word' id='word_1_907' title='bbox 3630 5330 3968 5399; x_wconf 75' lang='grc' dir='ltr'><strong>ἀμφοτέρων</strong></span> 
     </span>
    </p>
   </div>
   <div class='ocr_carea' id='block_1_114' title="bbox 2365 5424 3965 5496">
    <p class='ocr_par' dir='ltr' id='par_1_114' title="bbox 2365 5424 3965 5496">
     <span class='ocr_line' id='line_1_114' title="bbox 2365 5424 3965 5496; baseline 0 -18"><span class='ocrx_word' id='word_1_908' title='bbox 2365 5424 2627 5494; x_wconf 81' lang='grc' dir='ltr'><strong>ἀμείνων.</strong></span> <span class='ocrx_word' id='word_1_909' title='bbox 2657 5424 2801 5496; x_wconf 82' lang='grc' dir='ltr'><strong>Πλὴν</strong></span> <span class='ocrx_word' id='word_1_910' title='bbox 2834 5426 2929 5479; x_wconf 79' lang='grc' dir='ltr'><strong>καὶ</strong></span> <span class='ocrx_word' id='word_1_911' title='bbox 2955 5424 3099 5477; x_wconf 79' lang='grc' dir='ltr'><strong>οὕτω</strong></span> <span class='ocrx_word' id='word_1_912' title='bbox 3126 5424 3253 5489; x_wconf 84' lang='grc' dir='ltr'><strong>τοὺς</strong></span> <span class='ocrx_word' id='word_1_913' title='bbox 3285 5425 3579 5488; x_wconf 83' lang='grc' dir='ltr'><strong>Ἰουδαίους</strong></span> <span class='ocrx_word' id='word_1_914' title='bbox 3600 5440 3660 5478; x_wconf 92' lang='grc' dir='ltr'><strong>σε</strong></span> <span class='ocrx_word' id='word_1_915' title='bbox 3670 5424 3965 5495; x_wconf 75' lang='grc' dir='ltr'><strong>μνοτέρους</strong></span> 
     </span>
    </p>
   </div>
   <div class='ocr_carea' id='block_1_115' title="bbox 2355 5515 3961 5592">
    <p class='ocr_par' dir='ltr' id='par_1_115' title="bbox 2355 5515 3961 5592">
     <span class='ocr_line' id='line_1_115' title="bbox 2355 5515 3961 5592; baseline 0.001 -24"><span class='ocrx_word' id='word_1_916' title='bbox 2355 5515 2471 5569; x_wconf 67' lang='grc' dir='ltr'><strong>νεῶν</strong></span> <span class='ocrx_word' id='word_1_917' title='bbox 2492 5516 2853 5587; x_wconf 82' lang='grc' dir='ltr'><strong>Σαμαρειτῶν</strong></span> <span class='ocrx_word' id='word_1_918' title='bbox 2886 5518 3041 5590; x_wconf 75' lang='grc' dir='ltr'><strong>ὑμῶν</strong></span> <span class='ocrx_word' id='word_1_919' title='bbox 3071 5519 3379 5589; x_wconf 80' lang='grc' dir='ltr'><strong>ἀποφαίνω.</strong></span> <span class='ocrx_word' id='word_1_920' title='bbox 3423 5519 3615 5591; x_wconf 85' lang='grc' dir='ltr'><strong>Ὑμεῖς</strong></span> <span class='ocrx_word' id='word_1_921' title='bbox 3639 5518 3777 5592; x_wconf 70' lang='grc' dir='ltr'><strong>γὰρ,</strong></span> <span class='ocrx_word' id='word_1_922' title='bbox 3806 5536 3882 5590; x_wconf 75' lang='grc' dir='ltr'><strong>φη</strong></span> <span class='ocrx_word' id='word_1_923' title='bbox 3894 5516 3961 5583; x_wconf 67' lang='grc' dir='ltr'><strong>πὶ,</strong></span> 
     </span>
    </p>
   </div>
   <div class='ocr_carea' id='block_1_116' title="bbox 2365 5792 3948 5873">
    <p class='ocr_par' dir='ltr' id='par_1_116' title="bbox 2365 5792 3948 5873">
     <span class='ocr_line' id='line_1_116' title="bbox 2365 5792 3948 5873; baseline 0.009 -30"><span class='ocrx_word' id='word_1_924' title='bbox 2365 5792 2464 5873; x_wconf 59' lang='lat' dir='ltr'><strong>[ius</strong></span> <span class='ocrx_word' id='word_1_925' title='bbox 2496 5794 2641 5873; x_wconf 72' lang='lat' dir='ltr'><strong>apud</strong></span> <span class='ocrx_word' id='word_1_926' title='bbox 2686 5794 2946 5864; x_wconf 77' lang='lat' dir='ltr'><strong>Millium;</strong></span> <span class='ocrx_word' id='word_1_927' title='bbox 2988 5814 3106 5872; x_wconf 71' lang='lat' dir='ltr'><strong>quae</strong></span> <span class='ocrx_word' id='word_1_928' title='bbox 3147 5808 3329 5857; x_wconf 81' lang='lat' dir='ltr'><strong>tamen</strong></span> <span class='ocrx_word' id='word_1_929' title='bbox 3378 5799 3517 5857; x_wconf 85' lang='lat' dir='ltr'><strong>infra</strong></span> <span class='ocrx_word' id='word_1_930' title='bbox 3554 5814 3948 5873; x_wconf 68' lang='lat' dir='ltr'><strong>exponuntttra</strong></span> 
     </span>
    </p>
   </div>
   <div class='ocr_carea' id='block_1_117' title="bbox 2363 5864 2792 5936">
    <p class='ocr_par' dir='ltr' id='par_1_117' title="bbox 2363 5864 2792 5936">
     <span class='ocr_line' id='line_1_117' title="bbox 2363 5864 2792 5936; baseline 0.002 -16"><span class='ocrx_word' id='word_1_931' title='bbox 2363 5864 2792 5936; x_wconf 81' lang='lat' dir='ltr'><strong>Theophylacto.</strong></span> 
     </span>
    </p>
   </div>
  </div>
