4218 6424
231 404 361 472 1237

222 516 580 588 προσκυνεῖτε

220 609 463 679 οἴδαμεν.
502 604 731 659 Ἑαυτὸν
786 603 843 656 δὲ
877 605 1019 673 μετὰ
1072 601 1182 656 τῶν
1247 600 1521 656 Ἰουδαίων
1570 597 1821 669 ἀριθμεῖ,

220 703 247 755 δ
270 702 351 755 ὁτι
383 704 519 771 πρὸς
552 698 653 769 τὴν
683 696 941 750 ὑπόνοιαν
972 695 1077 766 τῆς
1098 694 1360 764 γυναικὸς
1382 691 1709 761 φθέγγεται*
1742 689 1821 753 ὡς

223 793 511 863 προφήτην
550 790 662 859 γὰρ
688 788 948 842 Ἰουδαῖον
989 786 1157 842 αὐτὸν
1191 786 1411 840 ὑπενόει
1454 783 1668 853 ἐκείνη,
1726 782 1826 836 καὶ

220 886 308 939 διὰ
333 884 490 938 τοῦτό
522 897 660 952 φησι
695 898 709 911 ·
749 899 769 933 ι
819 881 1014 951 Ἡμεῖς
1047 877 1498 952 προσκυνοῦμεν.
1544 896 1563 930 ι
1601 875 1730 939 Πῶς
1768 874 1826 928 δὲ

220 980 319 1031 οὒκ
371 976 596 1047 ᾔδεισαν
626 975 676 1028 οῖ
726 973 1081 1045 Σαμαρεῖται
1135 972 1164 1025 δ
1204 970 1619 1043 προσεκύνουν;
1655 968 1827 1037 Τόπῳ

220 1063 632 1135 περικλείεσθαι
663 1062 915 1131 ἐνόμιζον
952 1062 1049 1116 τὸν
1106 1059 1267 1113 Θεόν.
1309 1059 1400 1113 Διὸ
1429 1058 1525 1113 καὶ
1569 1058 1827 1128 πέμψαν-

219 1174 330 1221 τες,
372 1157 461 1211 ὅτε
498 1156 605 1211 ὑπὸ
627 1156 735 1211 τῶν
765 1155 1000 1208 λεόντων
1039 1152 1577 1223 κατεδιδρὼσκοντο,
1606 1150 1684 1214 ὡς
1714 1150 1828 1205 ἀνω

221 1253 464 1321 εἴρηται,
500 1249 851 1322 ἀπήγγειλαν
884 1248 963 1317 τῷ
996 1247 1212 1319 βασιλεῖ
1243 1246 1355 1301 τῶν
1378 1246 1711 1315 ’Δσσυρίων,
1745 1246 1828 1298 ὅτι

220 1345 249 1397 ὀ
272 1342 364 1396 τοῦ
398 1342 567 1396 τόπου
590 1341 723 1406 Θεὸς
756 1339 957 1402 αὐτοὺς
992 1339 1054 1392 οὐ
1090 1339 1488 1409 παραδέχεται.
1527 1336 1724 1391 Ἔνθεν
1746 1353 1829 1389 τοι

223 1434 316 1489 καὶ
342 1433 567 1503 ἔμειναν
602 1433 730 1503 ἄχρι
781 1432 981 1486 πολλοῦ
1015 1433 1111 1486 καὶ
1144 1432 1345 1486 εἴδωλα
1398 1431 1830 1502 θεραπεύοντες,

223 1525 316 1578 καὶ
342 1524 444 1578 οὐκ
474 1523 637 1577 αὑτὸν
661 1523 717 1576 δὲ
750 1524 843 1576 τὸν
870 1522 1027 1579 Θεόν.
1066 1522 1313 1595 Ἰουδαῖοι
1339 1522 1398 1575 δὲ
1451 1520 1658 1591 ταύτης
1688 1514 1833 1590 ἦσαν

222 1617 638 1689 ἀπηλλαγμένοι
678 1618 777 1687 τῆς
809 1616 1091 1680 ὑπονοίας,
1128 1614 1225 1669 καὶ
1258 1614 1395 1668 Θεὸν
1427 1613 1539 1667 τῶν
1569 1613 1831 1668 ἁπάντων

223 1712 385 1765 αὐτὸν
430 1712 675 1783 ᾔδεισαν,
719 1712 881 1763 είκαὶ
923 1708 1001 1780 μὴ
1043 1709 1267 1773 πάντες.
1307 1726 1325 1760 ι
1356 1708 1547 1777 Ὄτιή
1579 1706 1828 1778 σωτηρία

222 1808 286 1859 ἐκ
312 1804 421 1859 τῶν
451 1804 725 1857 Ἰουδαίων
752 1803 890 1857 ἐστί.
921 1824 939 1855 ι
964 1802 1172 1872 Διπλῆν
1196 1803 1406 1856 ἔννοιαν
1423 1803 1585 1855 τοῦτο
1608 1801 1831 1855 δίδωσιν

925 395 1380 464 ENARRA'I‘IO
1406 398 1499 461 'I‘N
1537 390 2053 458 EVANGEIJUM
2094 386 2447 454 JOANNIS.
2490 410 2563 421 —
2592 382 2753 445 CAP.
2798 380 2896 441 IV.

684 513 786 565 οὐκ
845 511 1025 564 οἴδατε
1052 527 1063 538 ·
1094 512 1259 580 ἡμεῖς
1286 508 1343 562 δὲ
1367 508 1418 561 oi
1471 505 1743 569 Ἰουδαῖοι,
1787 502 1817 557 δ

1947 502 2052 556 lzcis
2104 506 2469 559 annumerat,
2524 509 2592 549 eo
2637 493 2786 563 quod
2834 492 2987 561 juxta
3042 488 3357 556 opinionem
3422 505 3540 541 mu-

3398 370 3541 435 1³2⁸³8

1930 595 2081 649 lieris
2126 592 2385 662 loquitur.
2448 587 2544 642 Illa
2615 586 2765 641 enim
2810 582 3196 651 suspicabatur
3253 579 3541 633 Iudaicum

1931 686 2251 758 prophetam
2298 695 2446 746 esse,
2473 688 2531 735 et
2580 687 2869 749 prepterea
2909 673 3043 728 dicit
3076 690 3089 725 :
3131 689 3150 722 ι
3189 670 3299 725 Nos
3346 671 3545 723 adora-

1932 793 2077 834 mus.
2120 796 2140 831 ι
2200 774 2487 842 Quomodo
2550 782 2737 826 autem
2798 768 3156 822 nesciverunt
3202 760 3543 817 Samaritani

1929 871 2074 940 quod
2115 863 2635 924 adorarunt‘iLoco
2693 860 2963 932 putabant
3013 857 3268 914 concludi
3318 856 3489 911 Deum
3530 873 3541 905 :

1929 964 2054 1019 ideo
2076 973 2132 1019 et
2168 978 2291 1017 cum
2323 961 2628 1023 misissent,
2666 956 2891 1027 quando
2918 968 2949 1008 a
3004 951 3261 1007 leonibus
3312 948 3545 1005 devora-

1930 1058 2155 1121 bantur,
2190 1064 2249 1110 ut
2270 1069 2437 1125 supra
2470 1053 2676 1108 dictum
2707 1049 2870 1122 557
2902 1058 3009 1114 est,
3042 1057 3097 1101 et
3126 1042 3549 1098 aununliasscnt

1930 1152 2045 1223 regi
2084 1151 2444 1221 Assyriorum
2479 1162 2538 1203 se
2560 1162 2589 1201 a
2625 1145 2735 1200 Deo
2766 1145 2866 1211 lpei
2902 1158 3005 1196 non
3023 1140 3225 1209 suscipi
3251 1158 3264 1191 :
3288 1138 3358 1192 ibi
3393 1152 3549 1189 man-

1932 1251 2125 1299 serunt
2192 1242 2364 1297 multo
2427 1250 2695 1308 tempore,
2736 1246 2787 1291 et
2821 1235 3108 1293 coluerunt
3164 1232 3329 1295 idola,
3359 1240 3410 1285 cl
3441 1244 3546 1283 non

1936 1340 2119 1408 ipsum
2173 1348 2393 1405 quoque
2438 1347 2631 1390 verum
2663 1332 2859 1387 Deum.
2894 1329 3069 1385 Judaei
3108 1336 3290 1382 autem
3341 1326 3409 1379 ah
3446 1323 3550 1378 hoc

1934 1444 2127 1485 errore
2154 1429 2310 1483 liberi
2347 1428 2593 1493 fuerunt,
2621 1436 2679 1480 et
2704 1425 2987 1481 sciverunt
3020 1436 3146 1477 esse
3182 1433 3350 1473 unum
3378 1418 3549 1471 Deum

1935 1524 2208 1588 omnium,
2243 1524 2463 1577 tametsi
2523 1536 2629 1576 non
2686 1534 2899 1575 omnes.
2936 1538 2955 1568 ι
2997 1516 3135 1582 Quia
3164 1513 3310 1569 salus
3346 1527 3411 1566 cx
3449 1509 3551 1564 Ju-

1935 1617 2067 1672 dasis
2114 1625 2219 1672 est.
2265 1633 2284 1666 ι
2340 1613 2621 1680 Duplicent
2667 1626 2891 1667 sensum
2960 1610 3065 1663 hoc
3105 1606 3263 1660 nobis
3309 1605 3421 1658 dat.
3458 1602 3551 1658 \‘el

1935 1712 2081 1765 enim
2118 1710 2263 1781 quod
2309 1708 2431 1764 orbi
2468 1724 2534 1763 ex
2563 1705 2767 1763 Judaeis
2802 1707 2946 1761 bona
2972 1700 3326 1774 provenerint
3360 1714 3373 1750 :
3408 1700 3554 1752 scire

1936 1805 2083 1859 cnim
2136 1802 2328 1870 Deum,
2361 1810 2417 1857 et
2465 1810 2823 1855 contemnere
2885 1797 3051 1864 idola,
3082 1794 3209 1849 inde
3260 1793 3551 1848 exordium

223 1897 472 1965 ἡμῖν.Ἥ
506 1895 613 1966 γὰρ
654 1897 740 1950 ὅτι
782 1898 851 1967 τῇ
909 1896 1211 1967 οἰκουμένῃ
1251 1894 1321 1948 τὰ
1357 1893 1544 1962 ἀγαθὰ
1599 1893 1665 1947 ἐκ
1720 1891 1832 1946 τῶν

1947 1896 2212 1961 habuere,
2249 1895 2468 1966 aliaque
2497 1894 2684 1950 omnia
2713 1906 2845 1947 sana
2874 1891 3133 1962 dogmata
3168 1906 3179 1942 :
3216 1888 3382 1942 etiam
3435 1886 3551 1955 ipsa

237 1989 511 2043 Ἰουδαίων
557 1989 752 2057 γέγονε
808 1989 890 2057 (τὸ
929 1989 1041 2059 γὰρ
1098 1989 1302 2041 εἰδέναι
1332 1970 1490 2051 Θεὸν,
1518 1991 1615 2040 καὶ
1655 2003 1831 2041 κατα-

223 2078 518 2149 γινώσκειν
541 2079 799 2143 εἰδώλων,
834 2081 1050 2133 έκεῐθεν
1079 2079 1179 2152 τὴν
1230 2079 1409 2151 ἀρχὴν
1436 2078 1586 2149 ἔσχε,
1610 2079 1707 2131 καὶ
1762 2078 1833 2131 τὰ

221 2170 359 2226 ἄλλα
391 2172 571 2227 πάντα
607 2172 879 2243 δόγματα,
905 2174 1006 2226 καὶ
1032 2173 1165 2226 αὐτὸ
1193 2173 1249 2226 δὲ
1266 2170 1427 2225 τοῦτο
1456 2171 1517 2225 τὸ
1531 2171 1635 2242 τῆς
1662 2188 1835 2243 προσ-

225 2265 504 2335 κυνήσεως
535 2266 668 2336 παρ’
698 2267 839 2337 ἡμῖν
865 2265 942 2338 (α)
971 2267 1084 2329 τοῖς
1117 2265 1516 2335 Σαμαρείταις,
1540 2266 1589 2318 εί
1620 2266 1717 2318 καὶ
1756 2266 1832 2336 μὴ

222 2356 423 2426 ὀρθῶς,
454 2358 561 2412 ἀπὸ
594 2359 726 2428 γοῦν
754 2359 861 2412 τῶν
893 2358 1169 2412 Ἰουδαίων
1222 2360 1324 2428 τὴν
1379 2359 1558 2429 ἀρχὴν
1619 2359 1828 2430 ἔσχεν)’

1938 1990 2213 2054 adoratio,
2247 2004 2369 2060 qua:
2424 1989 2569 2059 apud
2602 2003 2700 2043 vos
2728 1985 3133 2047 Samaritanus,
3161 1982 3385 2038 tametsi
3443 1995 3551 2033 non

1938 2093 2089 2136 recta
2116 2082 2303 2145 fuerit.
2339 2081 2595 2136 aJudaeis
2633 2079 2904 2150 originem
2964 2077 3117 2132 duxit
3158 2094 3171 2130 :
3207 2074 3288 2129 vel
3317 2072 3552 2129 salutem

1942 2175 2193 2229 nominat
2248 2190 2406 2229 suum
2456 2176 2774 2240 adventum,
2815 2171 2906 2242 qui
2946 2185 3012 2225 ex
3059 2169 3258 2225 Judaeis
3302 2167 3423 2221 fuit.
3455 2165 3556 2220 Po-

1938 2277 2045 2325 test
2078 2278 2260 2325 autem
2306 2280 2361 2325 et
2398 2268 2663 2324 Dominus
2687 2268 2803 2339 ipse
2839 2265 2950 2321 dici
2982 2264 3151 2331 salus,
3179 2262 3306 2333 quia
3352 2277 3417 2317 ex
3452 2257 3554 2315 Iu-

1943 2360 2077 2415 datis
2113 2359 2215 2415 fuit
2242 2361 2545 2414 secundum
2577 2374 2827 2432 carnem.

224 2453 261 2530 ἢ
294 2454 565 2525 σωτηρίαν
595 2457 696 2527 τὴν
734 2455 942 2508 οἰκείαν
976 2454 1286 2525 παρουσίαν
1309 2453 1597 2525 ὀνομάζει,
1632 2454 1756 2525 ἥτις
1797 2456 1864 2508 ὲκ
1902 2453 2015 2509 τῶν
2065 2456 2341 2509 Ἰουδαίων
2398 2456 2648 2526 γέγονεν.
2681 2455 2841 2509 Ἔστι
2871 2454 2928 2507 δὲ
2960 2452 3055 2507 καὶ
3089 2451 3255 2505 αὐτὸν
3310 2450 3404 2505 τὸν
3442 2448 3558 2503 Κύ-

229 2568 347 2624 ριον
378 2549 654 2621 σωτηρίαν
701 2548 916 2620 νοῆσαι,
950 2547 1009 2609 ὃς
1039 2547 1259 2617 ἐγένετο
1305 2548 1371 2601 ὲκ
1398 2546 1511 2601 τῶν
1553 2547 1833 2601 Ἰουδαίων
1870 2548 1931 2601 τὸ
1963 2549 2108 2604 κατὰ
2140 2551 2344 2621 σάρκα.

305 2661 325 2693 ε
379 2641 517 2697 Ἀλλ’
543 2641 767 2713 ἔρχεται
794 2637 939 2711 ὥρα,
966 2640 1073 2693 καὶ
1126 2637 1223 2692 νῦν
1267 2637 1441 2704 ἐστιν,
1471 2638 1561 2692 ὅτε
1585 2640 1637 2693 οῖ
1688 2637 1825 2710 ἀλη-

228 2734 369 2788 θινοὶ
432 2732 817 2803 προσκυνηταὶ
878 2732 1331 2805 προσκυνήσουσι
1394 2728 1474 2800 τῷ
1539 2731 1715 2802 Πατρὶ
1771 2732 1830 2784 έν

225 2828 502 2898 τωεὺματι
536 2828 630 2882 καὶ
656 2827 923 2898 ἀληθεία·
956 2828 1054 2882 καὶ
1078 2828 1187 2899 γὰρ
1245 2828 1273 2880 ό
1307 2825 1500 2897 Πατὴρ
1548 2827 1831 2891 τοιούτους

227 2924 385 2993 ζητεῖ
410 2924 536 2985 τοὺς
595 2922 1048 2993 προσκυνοῦντας
1099 2922 1284 2977 αὐτόν.
1319 2920 1549 2992 Πνεῦμα
1602 2921 1631 2975 ὁ
1674 2920 1830 2987 Θεὸς,

228 3015 324 3068 καὶ
353 3015 480 3076 τοὺς
506 3013 949 3085 προσκυνοῦντας
981 3014 1167 3077 αὐτὸν,
1198 3014 1257 3065 ὲν
1276 3012 1552 3081 πνεύματι
1580 3011 1679 3064 καὶ
1705 3011 1839 3082 ἀλη-

232 3109 355 3178 θεία
386 3108 467 3161 δεῖ
500 3110 853 3177 προσκυνεῖν.
901 3126 919 3159 ι
956 3106 1017 3160 Εἰ
1051 3107 1146 3161 καὶ
1180 3106 1346 3159 πλέον
1373 3105 1533 3177 ὑμῶν
1583 3104 1694 3158 τῶν
1725 3106 1835 3158 Σα-

236 3200 519 3271 μαρειτῶν
550 3200 750 3270 ἔχομεν
801 3201 962 3271 ἡμεῖς
1004 3202 1054 3253 οἱ
1102 3202 1353 3255 Ἰουδαῖοι
1407 3202 1487 3272 τῷ
1520 3202 1709 3272 τρόπῳ
1737 3202 1836 3272 τῆς

232 3295 687 3362 προσκυνήσεως,
746 3293 883 3346 ἀλλὰ
943 3293 1038 3346 καὶ
1074 3294 1144 3346 τὰ
1197 3295 1306 3347 τῶν
1375 3295 1650 3350 Ἰουδαίων
1681 3295 1839 3359 τέλος

229 3388 344 3453 ἕξει
379 3387 566 3439 λειπόν
630 3387 706 3439 Οὐ
760 3387 871 3458 γὰρ
902 3388 970 3439 τὰ
1019 3388 1130 3441 τῶν
1189 3390 1373 3442 τόπων
1429 3389 1842 3461 ἀμειφθήσεται

236 3480 419 3547 μόνον,
454 3479 593 3532 αλλὰ
626 3480 722 3533 καὶ
754 3481 823 3533 τὰ
858 3482 953 3534 τοῦ
1016 3484 1226 3551 τρόπου
1284 3483 1380 3553 τῆς
1413 3483 1674 3554 λατρείας
1702 3501 1715 3513 ·
1746 3482 1842 3538 καὶ

230 3570 411 3625 ταῦτα
440 3572 537 3625 ἐπὶ
568 3571 765 3643 θύραις
794 3574 1089 3643 ἐφέστηκε,
1130 3575 1222 3627 καὶ
1248 3574 1344 3628 νῦν
1382 3575 1531 3629 ἐστιν
1558 3591 1571 3604 ⁸
1610 3576 1672 3628 οὐ
1705 3576 1839 3645 γὰρ,

230 3664 306 3729 ὡς
337 3664 406 3718 τὰ
446 3663 602 3735 παρὰ
657 3664 769 3718 τῶν
804 3666 1111 3736 προφητῶν
1164 3668 1460 3739 εἰρημένα,
1522 3670 1841 3740 παράτασιν

236 3759 495 3829 χρονικὴν
522 3758 809 3828 λήψονται.
847 3760 1165 3829 Ἀληθινοὺς
1189 3761 1245 3814 δὲ
1271 3764 1658 3833 προσκυνητὰς
1707 3780 1853 3833 φησι

232 3850 364 3914 τοὺς
417 3851 561 3906 κατὰ
596 3852 689 3905 τὸν
737 3852 906 3906 αὑτοῦ
954 3855 1122 3925 νόμον
1153 3856 1632 3927 πολιτευομένους,
1661 3856 1737 3910 ὀἶ
1778 3858 1842 3909 ού

233 3950 386 4018 τᾷπῳ
440 3946 816 4017 περικλείουσι
868 3948 961 4001 τὸν
1013 3948 1171 4014 Θεὸν,
1208 3949 1283 4012 ὡς
1319 3952 1367 4002 οἱ
1400 3951 1767 4022 Σαμαρεῖται,
1810 3950 1842 4022 ἢ

234 4039 466 4111 λατρεία
489 4039 890 4112 θεραπεύουσιν
927 4040 1091 4093 αὐτὸν
1117 4046 1436 4114 σωματικῇ,
1460 4044 1537 4107 ὡς
1572 4044 1841 4109 Ἰουδαῖοι,

234 4131 356 4186 ἀλλ’
412 4134 471 4185 ὲν
511 4130 789 4203 πνεύματι
830 4135 927 4187 καὶ
981 4134 1236 4207 ἀληθείᾳ,
1291 4136 1544 4190 τουτέστι
1597 4137 1686 4191 διὰ
1742 4137 1845 4205 τῆς

233 4223 437 4293 ψυχῆς,
478 4224 568 4278 διὰ
602 4225 703 4293 τῆς
730 4222 826 4278 τοῦ
862 4224 983 4288 νοὸς
1019 4226 1422 4297 καθαρότητος.
1468 4228 1625 4281 Ἐπεὶ
1669 4229 1778 4301 γὰρ
1817 4232 1845 4282 ὁ

235 4317 372 4381 Θεὸς
405 4317 627 4387 πνεῦμά
683 4320 823 4386 ἐστι,
863 4323 1148 4376 τουτέστιν
1189 4320 1509 4393 ἀσώματος,
1568 4324 1652 4377 δεῖ
1679 4324 1846 4377 αὐτὸν

237 4415 572 4482 προσκυνεῖν
628 4413 963 4484 ἀσωμάτως,
999 4415 1028 4468 ὃ
1078 4414 1194 4468 ἔστι
1243 4417 1384 4469 κατὰ
1436 4416 1639 4487 ψυχήν.
1673 4416 1847 4470 Τοῦτο

236 4502 468 4585 γὰρεδιὰ
491 4501 607 4568 τοῦ,
655 4522 671 4554 ι
729 4504 786 4555 ἐν
819 4504 1118 4576 πνεύματι,
1158 4524 1176 4557 ι
1229 4506 1417 4576 δηλοῖ·
1462 4508 1555 4560 καὶ
1586 4508 1698 4577 γὰρ
1751 4507 1847 4561 καὶ

239 4592 487 4665 πνεῦμα,
551 4597 645 4649 καὶ
705 4596 1071 4669 ἀεώματονὴ
1132 4598 1304 4670 ψυχή.
1354 4599 1511 4654 Ἐπεὶ
1566 4600 1621 4653 δὲ
1659 4601 1837 4653 πολλοῖ

1961 4608 2163 4663 habent
2198 4606 2510 4669 scientiam,
2546 4604 2691 4661 sicut
2733 4604 2977 4659 hazrctiei

236 4684 462 4739 δοκοῦσι
497 4687 598 4755 μὲν
625 4688 790 4742 αὑτὸν
825 4692 1155 4759 προσκυνεῖν
1193 4690 1337 4745 κατᾶ
1364 4691 1567 4764 ψυχὴν,
1616 4693 1718 4746 οὐκ
1751 4692 1850 4761 ὀρ-

234 4780 343 4849 θὴν
372 4781 428 4834 δὲ
469 4781 629 4845 δόξαν
673 4781 804 4853 περὶ
826 4783 996 4837 αὐτοῦ
1039 4782 1283 4855 ἔχουσιν,
1333 4784 1410 4848 ὠς
1443 4786 1494 4838 οἱ
1551 4786 1847 4856 αἱρετικοὶ,

238 4873 330 4926 διὰ
356 4872 515 4927 τοῦτο
548 4874 862 4945 προσέθηκε
912 4876 995 4929 τὸ.
1040 4896 1056 4928 ι
1126 4878 1185 4929 έν
1231 4876 1488 4949 ἀληθείᾳ.
1550 4896 1568 4929 ι
1608 4880 1699 4930 Δεῖ
1736 4877 1848 4949 γὰρ

245 4966 343 5017 καὶ
378 4967 517 5020 κατὰ
550 4967 677 5020 νοῦν
717 4970 1051 5039 προσκυνεῖν
1073 4968 1323 5039 ’τῷ-Θεῷ,
1352 4968 1492 5023 ἀλλὰ
1531 4971 1625 5023 καὶ
1666 4970 1845 5041 ἁληθῆ

240 5060 405 5127 δόξαν
432 5060 561 5131 περὶ
590 5060 756 5114 αὑτοῦ
784 5060 950 5133 ἔχειν.
978 5063 1133 5134 Τάχα
1158 5063 1213 5117 δέ
1242 5080 1326 5127 τις
1370 5065 1508 5136 ἐρεῖ,
1538 5064 1621 5118 ὅτι
1660 5065 1730 5119 τὰ
1752 5064 1849 5118 δύο

242 5159 342 5224 της
384 5154 509 5209 καθ’
540 5155 691 5225 ἡμᾶς
724 5155 1049 5226 φιλοσοφίας
1078 5154 1317 5211 ἐνταῦθα
1342 5158 1484 5230 μέρη
1520 5158 1845 5226 αἰνίττεται,

241 5249 446 5319 πρᾶξιν
470 5248 618 5317 λέγω
647 5251 743 5304 καὶ
783 5250 1040 5322 θεωρίαν,
1092 5251 1179 5304 δια
1210 5252 1320 5305 τῶν
1361 5252 1456 5306 δύο
1484 5252 1690 5306 τούτων
1713 5269 1725 5282 ·
1758 5252 1849 5307 διὰ

243 5344 351 5413 μὲν
388 5342 503 5408 τοῦ,
543 5361 563 5395 ι
603 5345 661 5396 ὲν
692 5344 988 5415 πνεύματι,
1022 5345 1118 5400 »τὸ
1142 5346 1473 5418 πρακτικόν.
1515 5345 1707 5402 ι”Οσοι
1738 5348 1849 5417 γὰρ

240 5435 522 5505 πνεύματι
552 5436 689 5490 Θεοῦ
745 5438 993 5507 ἄγονται,
1028 5441 1124 5503 τὰς
1156 5440 1389 5513 πράξεις
1440 5438 1538 5494 τοῦ
1593 5439 1850 5511 σώματος

239 5528 594 5592 θανατοῦσι,›
630 5532 775 5585 κατὰ
811 5531 903 5586 τὸν
924 5531 1069 5587 θεῖον
1113 5533 1448 5587 ’Λπόστολον
1471 5548 1487 5566 ο
1520 5535 1616 5587 καὶ
1656 5534 1844 5590 πάλιν·

245 5641 268 5679 ε
322 5625 387 5678 Ἢ
420 5623 580 5695 σὰρξ,
639 5625 900 5697 ἐπιθυμεῖ
944 5629 1091 5682 κατὰ
1149 5629 1245 5683 τοῦ
1288 5628 1645 5700 πνεύματος·
1680 5629 1741 5684 τὸ
1792 5628 1849 5683 δὲ

316 5783 337 5815 ³
374 5783 531 5839 lium.
566 5802 683 5855 vm,
716 5788 801 5843 Η.
885 5797 899 5818 ⁸
938 5788 1058 5844 ιλιι.
1092 5807 1141 5847 ι’.
1182 5788 1263 5845 17.

317 5907 396 5978 (ιι)
444 5907 603 5981 ΊΙμῖν
628 5924 729 5981 pro
762 5910 915 5982 ὑμῖν.

2010 2640 2297 2707 Vens.23,
2353 2642 2448 2699 24.
2487 2660 2506 2693 ι
2574 2641 2682 2696 Sed
2731 2639 2882 2695 venit
2949 2639 3107 2706 hora,
3152 2649 3207 2695 et
3256 2653 3399 2693 nunc
3448 2647 3554 2692 est»
3594 2706 3597 2707 ν

1932 2736 2156 2802 quando
2187 2734 2300 2789 veri
2327 2735 2653 2788 adoratorcs
2679 2731 2989 2785 adorabunt
3009 2729 3230 2783 Patrem
3264 2730 3315 2782 in
3355 2729 3553 2798 spiritu

1934 2843 2000 2885 ac
2031 2829 2282 2885 veritate.
2323 2828 2457 2883 Nam
2485 2837 2540 2884 et
2591 2826 2753 2882 Pater
2798 2825 2937 2880 tales
2965 2826 3163 2895 quaerit
3192 2823 3286 2893 qui
3326 2823 3559 2879 adorent

1938 2922 2139 2992 ipsum.
2173 2920 2414 2991 Spiritus
2470 2930 2554 2976 est
2606 2918 2773 2985 Deus,
2803 2929 2860 2975 et
2893 2934 2988 2973 eos
3014 2918 3107 2989 qui
3141 2918 3375 2972 adurant
3409 2930 3561 2978 enini,

1945 3016 2001 3069 in
2031 3016 2227 3085 spiritu
2288 3030 2353 3070 ac
2389 3015 2627 3070 veritate
2690 3021 2910 3084 oportet
2947 3012 3201 3065 adorare.
3240 3030 3257 3062 ι
3300 3008 3566 3077 Quamvis

1953 3124 2053 3164 nos
2080 3107 2279 3176 Judmi,
2313 3117 2579 3179 quantum
2611 3109 2677 3163 ad
2706 3106 2929 3161 modum
2974 3103 3313 3159 adoratiunis
3343 3103 3560 3163 attinet,

1949 3202 2072 3271 plus
2108 3201 2413 3257 habeamus
2464 3216 2629 3271 quam
2688 3215 2787 3256 vos
2818 3199 3178 3264 Samaritani,
3231 3206 3470 3251 altamcu
3509 3207 3567 3251 ct

1949 3313 2038 3354 res
2066 3296 2379 3353 Judmorum
2418 3310 2563 3351 nunc
2591 3296 2754 3350 linem
2789 3296 3058 3350 habitura:
3093 3301 3242 3348 sunt.
3282 3291 3397 3345 Non
3419 3292 3565 3346 enim

1948 3393 2003 3448 in
2044 3393 2180 3449 solis
2216 3393 2351 3448 locis
2380 3395 2611 3447 mutatio
2643 3392 2774 3457 erit,
2807 3390 2903 3447 sed
2928 3400 2981 3444 et
3017 3389 3210 3444 modus
3244 3389 3455 3443 colendi
3485 3387 3566 3441 al-

1948 3489 2217 3542 terabilur
2252 3506 2265 3542 :
2296 3496 2351 3541 et
2375 3487 2490 3542 hmc
2524 3487 2577 3542 in
2614 3484 2822 3541 foribus
2858 3492 3005 3550 sunt,
3036 3493 3091 3538 et
3126 3499 3270 3537 nunc
3297 3493 3380 3537 est
3408 3484 3564 3534 hora.

1949 3580 2069 3635 Non
2101 3580 2245 3636 enim
2282 3580 2427 3637 sicut
2455 3594 2517 3635 ea
2559 3594 2683 3649 quae
2733 3592 2764 3633 a
2800 3578 3084 3647 prophetis
3119 3577 3263 3631 dicta
3321 3576 3373 3630 in
3441 3576 3568 3629 lon-

1949 3687 2076 3742 gum
2112 3682 2324 3741 tempus
2377 3670 2729 3728 diﬂ'erentur.
2791 3668 2961 3725 Veros
3006 3678 3192 3724 autem
3247 3668 3569 3723 adoratorcs

1952 3763 2085 3819 dicit
2118 3779 2217 3820 eos
2275 3763 2368 3833 qui
2418 3764 2723 3820 secundum
2776 3761 2950 3831 ipsius
3004 3761 3179 3831 legem
3216 3760 3428 3824 vivunt,
3472 3762 3566 3829 qui

1951 3874 2059 3911 nun
2101 3856 2222 3911 loco
2244 3855 2428 3925 aliquo
2458 3856 2744 3910 includunt
2777 3852 2948 3909 Deum
2996 3855 3139 3908 sicut
3204 3850 3564 3916 Samaritani,

1953 3948 2034 4004 vel
2068 3950 2216 4003 cultu
2255 3948 2441 4002 colunt
2470 3947 2773 4019 corporali,
2808 3947 2951 4002 sicut
2990 3942 3165 4001 Judaei
3208 3944 3343 4000 :scd
3372 3944 3572 4014 spiritu

1950 4054 2007 4098 ct
2075 4044 2327 4109 veritate,
2394 4043 2495 4098 hoc
2532 4051 2637 4103 est.
2690 4056 2789 4113 per
2835 4042 3098 4105 animam,
3131 4056 3228 4109 per
3276 4040 3573 4109 puritatem

1954 4136 2173 4192 mentis.
2211 4136 2349 4203 Quia
2381 4136 2530 4191 enim
2562 4135 2706 4191 Deus
2731 4134 2959 4205 spiritus
2982 4143 3087 4202 est,
3118 4135 3225 4189 hoc
3259 4143 3348 4188 est
3384 4134 3574 4190 incor-

1956 4245 2179 4299 poreus,
2214 4238 2431 4300 oportet
2458 4230 2636 4300 ipsum
2684 4229 2919 4284 adorare
2945 4228 3394 4298 incorporaliler,
3421 4231 3571 4282 vide»

1953 4324 2083 4380 licet
2123 4325 2174 4378 in
2205 4324 2408 4377 anima.
2440 4321 2556 4378 lloc
2591 4324 2740 4378 enim
2776 4322 3075 4392 signiﬁcat,
3102 4323 3155 4375 in
3188 4322 3409 4391 spiritu.
3441 4325 3570 4375 lite.-

1956 4420 2067 4473 nim
2102 4420 2282 4474 anima
2306 4419 2533 4489 spiritus
2556 4428 2640 4473 est
2668 4418 3051 4488 incorporeus.
3088 4419 3359 4484 Quoniam
3392 4427 3575 4470 autem

1959 4513 2113 4567 multi
2149 4512 2402 4565 videntur
2427 4513 2662 4566 adorare
2688 4510 2738 4565 in
2771 4513 2978 4575 anima,
3012 4527 3119 4565 non
3153 4520 3337 4564 tamen
3368 4520 3574 4565 rectam

3021 4621 3035 4657 :
3081 4605 3205 4658 ideo
3250 4604 3482 4666 adtlitlil,
3523 4616 3575 4656 ιί

1960 4700 2014 4753 in
2058 4700 2310 4753 veritate.
2348 4697 2580 4767 Oportet
2616 4696 2841 4751 enimet
2870 4703 3056 4750 mente
3097 4696 3334 4748 adorare
3379 4693 3573 4758 Deum,

1957 4801 2012 4847 et
2039 4807 2232 4846 sanam
2268 4791 2587 4863 Opinionem
2616 4790 2852 4860 deipso
2885 4788 3113 4843 habere.
3152 4786 3436 4842 Fmtassis
3468 4804 3571 4839 att-

1952 4894 2068 4941 tctn
2103 4885 2377 4955 quispiam
2405 4884 2572 4951 dicet,
2607 4884 2752 4954 quod
2786 4883 2908 4937 dna:
2934 4891 3119 4951 partes
3150 4890 3353 4934 nostra:
3390 4878 3573 4949 philo-

1959 4979 2166 5048 sophia:
2193 4977 2280 5031 hic
2305 4977 2678 5038 insinuentur,
2710 4975 2899 5043 praxis
2935 4974 3062 5028 dico
3087 4984 3143 5027 ct
3175 4972 3576 5041 contemplatio

1960 5087 2058 5141 per
2097 5073 2204 5126 duo
2240 5071 2362 5125 ista.
2400 5067 2536 5125 Nam
2558 5084 2683 5125 cum
2720 5068 2877 5133 dicit,
2920 5068 3005 5121 (in
3049 5068 3303 5137 spiritu,»
3334 5067 3578 5137 practice

1962 5166 2212 5222 docetur.
2253 5184 2270 5217 ι
2307 5162 2639 5234 Quicunque
2668 5165 2817 5219 enim
2844 5163 3045 5233 Spiritu
3072 5160 3168 5217 Dei
3206 5171 3445 5233 aguntur
3471 5160 3516 5225 ³,
3553 5179 3572 5213 ι

1960 5274 2129 5330 opera
2172 5258 2420 5328 corporis
2451 5258 2789 5314 mortiﬁcant
2817 5256 3120 5313 secundum
3151 5254 3401 5311 divinum
3428 5254 3577 5323 Apu-

1962 5354 2186 5417 stolum,
2240 5351 2308 5408 Et
2348 5355 2545 5409 iterum
2594 5370 2609 5408 :
2660 5371 2678 5404 ι
2733 5353 2876 5408 Caro
2916 5350 3263 5423 concupiscit
3310 5349 3578 5405 adversus

1962 5446 2243 5515 spiritum,
2280 5446 2510 5519 spiritus
2542 5456 2726 5503 autem
2764 5459 2956 5501 contra
3005 5459 3228 5499 carnem
3260 5446 3301 5495 δ.
3336 5461 3356 5495 ι
3398 5442 3464 5497 Et
3503 5444 3577 5497 ita

1962 5540 2203 5608 practice
2266 5540 2576 5596 insinuatur
2621 5556 2715 5612 per
2762 5540 2865 5595 huc
2916 5540 3063 5609 quod
3104 5537 3259 5602 dicit,
3307 5556 3324 5588 t
3359 5535 3414 5591 in
3459 5536 3577 5603 Spi-

1964 5635 2091 5689 ritu.
2136 5650 2153 5685 ι
2186 5630 2291 5689 Per
2321 5633 2424 5691 hoc
2459 5640 2641 5691 autem
2675 5634 2821 5703 quod
2851 5631 3053 5687 dicitur
3094 5648 3111 5682 ι
3163 5629 3215 5685 in
3258 5629 3510 5691 veritate,
3550 5646 3570 5679 ι
