4218 6424
203 416 345 480 12ίό

905 416 1359 478 ΕΝᾹΗΒΑΤΙΟ
1403 416 1485 477 ΙΝ
1525 414 1812 478 EVANGI

1922 415 2038 477 UM
2079 411 2433 477 JOANNIS.
2472 439 2545 450 —
2573 414 2735 476 CAP.
2780 411 2874 475 IV.

3389 407 3531 472 1246

201 534 450 598 δοθέντες
487 532 651 605 αὐτῇ,
689 533 798 587 ὁὲν
825 529 902 602 τῷ
924 531 1268 602 παραδείσῳ,
1321 534 1351 584 ὁ
1385 530 1482 584 επὶ
1518 529 1617 583 τοῦ
1651 530 1802 595 Νῶε,

1919 531 2096 598 itaque
2118 529 2363 600 quinque
2394 527 2612 599 legibus
2664 526 2965 596 conjuncta
3014 530 3211 578 natura
3237 529 3295 578 et
3317 530 3532 578 sextam

199 629 231 682 6
259 627 356 680 έπὶ
383 625 476 680 τοῦ
523 612 803 697 Ἀϐραὰμ,
833 624 861 676 ὀ
899 623 994 675 επὶ
1031 621 1127 676 τοῦ
1176 622 1444 688 Μωσέως,
1478 623 1507 674 ὁ
1547 620 1638 675 διὰ
1691 621 1801 674 τῶν

203 718 531 792 προφητῶν.
579 716 640 771 '0
668 715 797 770 Νῶε
830 715 941 787 γὰρ
966 715 1108 786 μετὰ
1132 715 1226 768 τὸν
1255 711 1650 784 κατακλυσμὸν
1675 713 1802 767 δια-

201 813 380 883 ταγήν
402 824 529 864 τινα
545 807 792 876 ἐδέξατο,
825 809 922 862 καὶ
950 810 980 862 ὀ
1013 806 1272 878 ’Δσρααμ
1302 804 1401 878 τὴν
1447 805 1551 874 τῆς
1579 821 1804 874 περιτο-

210 906 339 977 μῆς.
373 901 601 966 Τούτοις
655 901 751 956 οὖν
790 904 906 966 τοῖς
960 901 1126 955 πέντε
1173 900 1365 971 νόμοις
1415 898 1718 967 συζυγεῖσα
1766 900 1800 970 ἡ

205 996 393 1064 φύσις,
417 995 510 1048 καὶ
551 995 712 1050 ἕκτον
743 993 1090 1066 προσέλαϐεν
1147 992 1381 1065 ὕστερον
1411 993 1472 1047 ὃν
1511 993 1613 1047 οὐκ
1656 986 1805 1063 εἶχεν

142 1115 144 1118 μ
202 1083 393 1154 ἄνδρα,
425 1069 551 1138 ωδε
585 1083 865 1154 συνεζύγη
893 1083 1134 1148 οὐδέπω,
1170 1083 1264 1136 τὸν
1306 1086 1408 1156 τῆς
1435 1083 1646 1153 Καινῆς
1671 1085 1804 1136 Δια-

205 1173 401 1246 θήκης.
434 1176 668 1248 Νοήσειε
701 1176 748 1230 δ’
778 1177 845 1230 ἄν
867 1191 952 1238 τις
979 1175 1162 1229 -εᾶιτον
1194 1175 1380 1246 νόμον,
1421 1174 1479 1229 ὃν
1509 1174 1679 1247 ἄνδρα
1702 1176 1807 1229 οὐκ

203 1262 353 1338 εἶχεν
382 1269 416 1339 ἡ
447 1268 635 1338 φύσις,
669 1268 761 1322 τὸν
809 1269 911 1339 τῆς
953 1267 1433 1340 είδωλολατρείας.
1461 1265 1668 1322 Τοῦτον
1693 1268 1805 1339 γὰρ

202 1359 398 1431 ὃὴητὸν
426 1362 592 1431 νόμον
623 1360 727 1414 οὐκ
761 1357 912 1431 εἶχεν
945 1361 1010 1416 ἐκ
1039 1359 1176 1415 Θεοῦ
1210 1360 1434 1415 δοθέντα
1465 1363 1609 1435 αὐτῇ
1640 1362 1808 1428 σύζυ-

204 1471 324 1524 γον,
354 1454 470 1507 ἀλλ’
502 1454 579 1516 ὡς
623 1453 878 1525 μοιχαλὶς
919 1453 1185 1525 ἐμίγνυτο
1241 1453 1444 1526 τούτῳ.
1480 1457 1574 1509 Διδ
1637 1457 1738 1510 καὶ
1776 1457 1805 1511 ὀ

206 1547 498 1620 προφήτης
528 1548 688 1617 φησί’
721 1566 742 1601 ι
781 1547 891 1604 Καὶ
925 1547 1231 1620 έμοιχῶντο
1253 1551 1312 1603 έν
1338 1547 1417 1620 τῷ
1443 1547 1619 1620 ξύλῳ*
1654 1567 1675 1602 ι
1709 1549 1806 1603 καὶ

205 1639 390 1695 πάλιν·
430 1657 450 1692 ι
506 1623 949 1712 Ἐξεπόρνευσάν
978 1641 1159 1695 ὀπίσω
1189 1641 1396 1704 παντὸς
1430 1639 1616 1707 ξύλου,
1651 1659 1671 1693 ι
1712 1641 1804 1694 διὰ

216 1729 290 1783 τὰ
319 1729 536 1796 γλυπτὰ
567 1730 772 1802 δηλαδὴ
793 1729 1207 1803 καῖ’τὰξδένδρα
1231 1731 1269 1786 ἃ.
1293 1732 1523 1804 ἐτίμων.
1550 1732 1646 1796 Είς
1671 1748 1803 1785 τοσ-

1913 623 2150 692 accepit,
2180 638 2346 693 quam
2391 629 2575 676 tamen
2627 637 2735 676 non
2780 618 3020 674 habebat
3048 628 3106 672 ut
3145 615 3352 671 virum.
3379 614 3534 670 Nun-

1911 717 2039 772 dum
2069 716 2216 772 enim
2252 713 2629 787 conjungebat
2659 714 2768 771 sibi
2794 712 2972 784 legem
2997 710 3137 767 Novi
3163 708 3532 772 Testamenti.

1911 808 2256 863 lntellexerit
2285 806 2446 880 531
2494 815 2680 861 autem
2747 805 2874 874 quis
2914 818 3012 874 per
3063 809 3279 858 sextam
3330 802 3527 870 legem,

1909 913 2076 970 quam
2105 908 2162 952 ut
2185 897 2366 952 virum
2394 912 2504 952 nou
2545 892 2786 952 habebat
2812 903 3032 958 natura,
3057 892 3238 970 legem
3295 889 3528 945 idolola-

1909 991 2050 1046 trite.
2078 990 2231 1046 Hane
2258 990 2408 1046 enim
2453 990 2630 1060 legem
2691 1003 2800 1043 non
2842 986 3085 1042 habebat
3130 1000 3161 1040 a
3198 984 3308 1039 Deo
3342 984 3528 1039 datam

1913 1083 2018 1138 sibi
2049 1083 2368 1154 coniugem,
2398 1083 2497 1139 sed
2527 1083 2675 1138 velut
2710 1080 3031 1137 adulterum
3079 1079 3354 1149 iungebat
3399 1077 3528 1132 sibi.

1923 1172 2052 1230 ideo
2084 1185 2138 1230 et
2173 1176 2442 1248 propheta
2488 1174 2664 1235 dicit:
2704 1194 2724 1229 ι
2768 1175 2835 1231 Et
2864 1175 3325 1229 adulterabantnr
3380 1174 3433 1228 in
3467 1173 3536 1225 li-

1910 1283 2018 1340 gno
2061 1270 2127 1324 "'.
2160 1287 2180 1322 ι
2238 1268 2308 1325 Ει
2361 1269 2583 1335 iterum,
2649 1289 2668 1323 ι
2736 1268 3022 1342 Fornicati
3080 1274 3206 1336 post
3253 1279 3415 1321 omne
3463 1267 3531 1318 Ii-

1911 1376 2078 1432 gnum
2116 1361 2184 1428 “,
2239 1379 2261 1414 ι
2318 1371 2546 1433 pr0pter
2585 1359 2861 1431 sculptilis
2932 1357 3149 1414 scilicet
3202 1365 3258 1412 et
3301 1357 3533 1410 arbores

1912 1469 2049 1524 quas
2075 1453 2355 1510 colebant.
2396 1453 2477 1508 Eo
2502 1454 2652 1509 enim
2699 1453 2993 1509 dementiae
3052 1460 3382 1521 pervenerat
3427 1464 3528 1500 na-

1912 1557 2059 1614 tura,
2097 1555 2158 1603 ut
2188 1556 2244 1604 et
2270 1548 2566 1603 arboribus
2617 1545 2867 1618 pulchris
2896 1556 3126 1615 propter
3159 1541 3530 1612 pulchritudi-

1914 1658 2036 1698 nem
2093 1641 2458 1704 sacrillcaret,
2513 1641 2817 1712 cyparissis
2850 1639 3127 1703 videlicet,
3175 1646 3230 1692 et
3272 1634 3527 1702 platanis.

1911 1747 1965 1791 et
2000 1735 2298 1791 similibus.
2323 1734 2557 1801 Quando
2590 1734 2754 1804 igitur
2781 1740 2998 1787 sextum
3024 1731 3176 1785 illum
3215 1728 3528 1783 adulterum

202 1819 361 1874 οῦτον
381 1821 490 1894 7&9
543 1823 822 1893 ἁνοησίαςι
860 1824 1292 1896 έξετραχηλίσθη
1347 1823 1380 1894 ἡ
1433 1825 1621 1895 φύσις,
1655 1822 1801 1877 ὥστε

1919 1827 2167 1881 homines
2194 1828 2529 1891 dilexerunt,
2582 1833 2638 1881 et
2679 1826 2732 1880 in
2778 1824 3148 1895 idololatriam
3184 1821 3529 1884 exciderunt,

201 1911 300 1964 καὶ
326 1911 567 1983 δένδροις
593 1914 823 1985 ὡραίοις
861 1914 951 1969 διὰ
980 1916 1042 1968 τὸ
1069 1904 1270 1978 κάλλος
1301 1913 1478 1975 θύειν,
1527 1914 1802 1985 κυπαρίσ-

202 2019 321 2069 σοις
376 2007 473 2061 καὶ
496 2007 812 2075 πλατάνοις,
841 2007 938 2061 καὶ
966 2011 1083 2072 τοῖς
1113 2007 1402 2070 τοιούτοις.
1444 2007 1578 2061 Ὅτε
1620 2007 1802 2060 τοίνυν

201 2101 298 2154 τὸν
337 2101 497 2154 ἕκτον
525 2100 719 2154 τοῦτον
775 2094 965 2171 μοιχὸν
1005 2104 1033 2155 ὁ
1080 2101 1373 2173 ἄνθρωπος
1422 2099 1670 2171 ἔστερξε,
1709 2100 1804 2153 καὶ

198 2191 284 2254 είς
306 2189 754 2262 εἰδωλολατρείας
779 2189 1140 2262 λξωλίσθησε,
1172 2192 1296 2245 τότε
1319 2193 1347 2244 ό
1383 2191 1591 2263 Κύριος
1629 2190 1804 2245 ὲλθὼν

199 2283 543 2338 ἀπαλλάττει
570 2286 720 2354 ἡμᾶς
757 2286 967 2355 ταύτης
995 2302 1010 2318 ο
1044 2285 1127 2340 διδ
1148 2285 1241 2339 καί
1272 2303 1440 2356 φησιν
1461 2301 1474 2314 ·
1506 2304 1524 2338 ι
1562 2288 1660 2339 Ὃν
1707 2284 1805 2339 νῦν

198 2376 368 2448 εχεις.
411 2399 430 2429 ν
464 2377 574 2430 Καὶ
597 2376 708 2447 γὰρ
741 2376 915 2441 ὅντως
939 2378 1086 2431 κατὰ
1117 2379 1248 2442 τοὺς
1273 2377 1375 2449 τῆς
1410 2376 1507 2430 τοῦ
1554 2377 1799 2447 Χριστοῦ

198 2471 512 2543 παρουσίας
534 2471 769 2543 χρόνους
791 2473 872 2536 είς
914 2472 1278 2544 Ἐλληνισμδν
1306 2473 1402 2526 καὶ
1439 2471 1717 2526 Ἰουδαίων
1753 2473 1803 2526 οί

203 2567 507 2634 σοφώτεροι
542 2565 935 2636 ἐξετράπησαν
960 2582 974 2596 ·
1002 2568 1094 2620 καὶ
1122 2565 1274 2638 δηλοῖ
1294 2568 1326 2638 ὴ
1349 2565 1458 2619 τῶν
1487 2567 1806 2638 Φαρισαίων

200 2657 436 2725 αἵρεσις,
459 2657 776 2728 εἱμαρμένῃ
799 2659 894 2710 καὶ
912 2657 1244 2732 ἀστρολογία
1266 2660 1624 2716 πιστεύουσα.
1647 2663 1805 2716 Ἐστι

201 2750 262 2804 δι
296 2751 628 2822 Σαμαρεῖτις
659 2753 755 2806 καὶ
793 2753 948 2806 πᾶσα
1003 2752 1151 2826 ψυχὴ
1181 2756 1213 2826 ἡ
1247 2759 1370 2820 ταῖς
1394 2756 1559 2810 πέντε
1604 2757 1804 2828 αίσεή-

207 2858 359 2894 σεσιν
384 2843 600 2911 ἀλόγως
664 2845 1030 2915 ὑποζυγεῖσα,
1057 2843 1175 2900 εἷτα
1205 2848 1302 2903 καὶ
1322 2845 1421 2919 τὴν
1448 2867 1515 2902 πε
1527 2850 1582 2921 ρὶ
1609 2853 1676 2903 τὰ
1718 2849 1806 2904 ὁόο

1911 1927 2040 1974 tunc
2069 1918 2335 1975 Dominus
2366 1920 2594 1974 veniens
2638 1919 2890 1973 liberavit
2933 1932 3035 1971 nos
3088 1915 3159 1970 ah
3182 1930 3268 1969 ea.
3313 1912 3443 1968 ldeo
3476 1920 3533 1967 et

1911 2012 2063 2079 dicit,
2099 2028 2118 2064 ι
2159 2010 2331 2078 Quem
2360 2027 2507 2067 nunc
2545 2011 2737 2066 habes.
2776 2029 2794 2062 ι
2827 2008 2960 2063 Nam
2995 2007 3247 2076 profecto
3278 2015 3529 2076 tempore

1911 2103 2179 2158 adventus
2208 2103 2338 2158 Jesu
2377 2102 2612 2168 Christi,
2661 2102 2828 2156 etiam
2865 2098 3185 2155 Iudaeorum
3225 2098 3535 2168 sapientio-

1911 2209 2003 2259 res
2032 2197 2086 2250 in
2125 2195 2414 2266 gentilium
2444 2210 2694 2250 errorem
2733 2194 3066 2249 inciderant.
3102 2193 3166 2247 Et
3198 2190 3531 2247 manifesta-

1913 2271 1988 2340 vit
2021 2289 2124 2343 hoc
2177 2286 2584 2343 Pharisaeorum
2627 2287 2878 2352 haeresis,
2916 2303 3039 2358 quae
3061 2285 3176 2341 fato
3208 2294 3263 2339 et
3294 2285 3532 2340 astrolo-

1911 2382 2014 2452 giae
2045 2383 2331 2437 credebat.
2356 2381 2457 2437 Est
2487 2389 2542 2435 et
2575 2380 2934 2436 Samaritana
2960 2379 3145 2434 omnis
3167 2380 3376 2441 anima,
3412 2392 3535 2447 qua:

1911 2476 2167 2531 sensibus
2191 2476 2440 2546 quinque
2470 2476 2854 2545 imprudenter
2893 2473 3143 2542 subjecta
3187 2483 3291 2537 est,
3337 2473 3536 2528 deinde

1913 2567 2284 2639 periculosam
2336 2569 2646 2623 doctrinam
2705 2566 2874 2622 veluti
2947 2575 3166 2620 sextum
3240 2565 3534 2634 quemdam

1913 2661 2223 2716 adulterum
2260 2663 2514 2731 suscipit,
2544 2663 2629 2716 cui
2661 2660 2823 2718 Iesus
2851 2660 3152 2726 benefacit,
3180 2659 3261 2713 vel
3308 2674 3404 2728 per
3432 2659 3535 2710 ha-

1913 2757 2200 2824 ptismum,
2235 2757 2315 2811 vel
2348 2773 2446 2826 per
2480 2756 2685 2812 fontem
2735 2737 3128 2828 lacry'iiiartiiii.
3170 2753 3306 2807 Nam
3350 2761 3404 2806 et
3455 2753 3536 2806 la-

1912 2863 2113 2920 cryma:
2148 2849 2272 2904 fons
2301 2847 2472 2905 Jacob
2505 2849 2786 2915 dicuntur,
2821 2859 3006 2904 mente
3052 2857 3238 2901 nostra
3267 2845 3539 2915 supplau-

204 2942 400 3004 τματα
426 2935 854 3007 σφαλερώτατα,
873 2931 987 2990 οἷόν
1009 2955 1130 2991 τινα
1148 2937 1308 2993 ἕκτον
1345 2940 1534 3010 μοιχὸν
1569 2940 1810 3011 προσλα-

1919 2947 2063 2994 lante
2096 2939 2365 2994 malitiam
2400 2955 2508 2994 :ex
2533 2956 2642 3010 qua
2675 2955 2816 3011 aqua
2860 2949 2916 2993 et
2949 2940 3063 3006 ipsa
3098 2952 3255 2991 mens
3292 2936 3451 2998 hihit,
3485 2945 3543 2989 et

203 3027 434 3098 σομένη,
473 3027 543 3099 ἢν
591 3030 622 3082 ὁ
657 3028 868 3099 Ἰησοῦς
918 3031 1232 3101 εὐεργετεῖ,
1290 3029 1413 3084 εῐτε
1470 3032 1558 3086 διὰ
1589 3032 1680 3087 τοῦ
1716 3033 1811 3105 βα-

1919 3033 2278 3104 cogitationes
2304 3035 2449 3106 ejus,
2476 3051 2602 3106 qua:
2625 3035 2721 3090 filii
2772 3035 3054 3098 dicuntur,
3090 3043 3144 3088 et
3179 3047 3404 3103 pecora,
3439 3046 3540 3084 ceu

207 3119 541 3189 πτίσματος,
567 3120 676 3175 εἴτε
705 3121 792 3175 διὰ
810 3121 910 3193 τῆς
927 3123 1118 3192 πηγῆς
1146 3123 1257 3176 τῶν
1293 3123 1570 3194 δακρύων.
1602 3127 1712 3180 Καὶ
1741 3127 1811 3181 τὰ

1919 3127 2273 3184 lrrationales
2331 3142 2516 3201 partes
2555 3131 2778 3196 animae,
2835 3131 2915 3184 ira
2960 3140 3016 3184 et
3059 3126 3538 3197 concupiscentia.

203 3209 420 3280 δάκρυα
436 3211 546 3281 γὰρ
573 3210 754 3282 φρέαρ
781 3210 875 3264 τοῦ
922 3211 1127 3264 Ἰακὼῦ
1153 3213 1221 3266 ἂν
1253 3212 1520 3284 λεχθεῖεν,
1544 3214 1638 3268 τοῦ
1665 3217 1804 3286 ἡμε-

1919 3222 2198 3294 Lacryuia:
2231 3225 2382 3279 enim
2411 3225 2579 3280 menti
2631 3233 2688 3280 et
2739 3225 3170 3296 cogitationibus
3213 3233 3265 3277 et
3305 3221 3539 3293 reliquis

204 3298 367 3366 τέρου
425 3298 539 3366 νοῦ,
589 3299 686 3354 τοῦ
726 3302 1116 3371 πτερνίζοντος
1162 3304 1263 3374 τὴν
1313 3305 1536 3360 κακίαν.
1604 3307 1696 3374 Ἐξ
1742 3302 1805 3363 οῦ

1921 3315 1975 3368 in
2011 3315 2362 3387 refrigerium
2403 3317 2562 3373 liuut.

206 3391 403 3456 ὓδατος
432 3393 598 3457 αὑτός
623 3411 686 3447 τε
717 3395 746 3448 ὁ
788 3394 912 3458 νοῦς
946 3395 1116 3459 πίνει,
1166 3396 1262 3449 καὶ
1289 3397 1339 3451 oi
1386 3398 1496 3451 υἱοὶ
1559 3400 1729 3455 αὐτοῦ
1795 3403 1845 3457 oi
1887 3405 2166 3478 λογισμοὶ,
2202 3409 2298 3463 καὶ
2345 3409 2417 3462 τὰ
2482 3408 2787 3479 Θρέμματα
2821 3407 3016 3471 αὐτοῦ,
3063 3409 3133 3462 τὰ
3183 3407 3359 3476 ἄλογα
3397 3409 3550 3480 μέρη

203 3489 307 3559 τῆς
339 3486 542 3557 ψυχῆς,
571 3486 748 3558 θυμδς
784 3489 880 3542 καὶ
905 3487 1210 3560 ἐπιθυμία·
1244 3490 1313 3546 τὰ
1347 3489 1459 3563 γὰρ
1483 3491 1699 3565 δάκρυα
1733 3495 1810 3567 τῷ
1852 3497 1928 3565 νῷ
1996 3501 2092 3553 καὶ
2167 3505 2279 3566 τοῖς
2317 3501 2607 3573 λογισμοῖς
2663 3502 2760 3556 καὶ
2812 3503 2929 3564 τοῖς
2959 3503 3172 3566 λοιποῖς
3211 3502 3293 3566 εἰς
3318 3501 3540 3575 ἀναψυσι

205 3583 311 3657 χὴν
335 3584 598 3654 γίνονται.

285 3701 303 3733 ι
357 3681 445 3736 Ἐν
473 3681 529 3736 δὲ
554 3675 633 3755 τῷ
665 3683 872 3755 μεταξὺ
905 3683 1136 3756 ἠρώτων
1167 3684 1333 3738 αὐτον
1360 3686 1408 3738 οἱ
1443 3687 1691 3757 μαθηταὶ
1719 3691 1814 3742 αύ-

206 3775 338 3842 τοῦ,
384 3775 675 3846 λέγοντες²
718 3777 974 3846 Ῥαϐϐεὶ,
1009 3780 1176 3848 φάγε.
1229 3779 1342 3832 Καὶ
1386 3777 1542 3834 εἶπεν
1595 3783 1813 3849 αὐτοῖς⁸

223 3865 366 3938 Ἐγὼ
414 3868 621 3942 βρῶσιν
672 3870 784 3943 ἔχω
837 3874 1067 3940 φαγεῖν,
1112 3872 1178 3943 ἢν
1235 3872 1394 3943 ὑμεῖς
1446 3873 1548 3928 ούκ
1610 3876 1814 3932 οἴδατε.

211 3963 444 4032 Ἔλεγον
465 3959 559 4018 οὖν
585 3964 637 4018 οί
670 3963 919 4034 μαθηταὶ
953 3963 1090 4036 πρδς
1115 3965 1380 4037 ἀλλήλους
1399 3983 1413 3998 ο
1440 3968 1620 4038 Μήτις
1657 3969 1820 4040 ἦνεγ-

209 4074 311 4112 κεν
350 4057 500 4129 αὐτῷ
560 4061 796 4129 φαγεῖνς
849 4059 1016 4127 Λέγει
1051 4061 1235 4124 αὐτοῖς
1277 4061 1305 4112 ὀ
1350 4060 1560 4129 Ἰησοῦς
1589 4078 1603 4094 ·
1652 4063 1819 4132 Ἐμὸν

1993 3692 2166 3749 Vens.
2211 3693 2402 3750 51-54.
2449 3711 2467 3746 ι
2524 3691 2741 3749 interea
2797 3692 3069 3762 rogabant
3115 3707 3240 3746 eum
3290 3691 3546 3762 discipuli

1917 3786 2168 3842 dicentes
2225 3803 2239 3840 :
2300 3785 2516 3850 Rahbi,
2552 3785 2800 3841 comede.
2841 3784 2936 3839 Ille
2977 3794 3162 3840 autem
3208 3785 3349 3838 dixit
3401 3787 3484 3838 eis
3533 3803 3547 3839 :

1917 3879 2032 3950 Ego
2067 3881 2249 3935 cibum
2284 3879 2460 3936 habeo
2496 3879 2926 3945 comedendum,
2961 3894 3124 3946 quem
3157 3894 3254 3933 vos
3292 3880 3548 3935 nescitis.

1919 3953 2188 4027 Dicebant
2221 3986 2355 4042 ergo
2401 3970 2656 4040 discipuli
2706 3969 2855 4024 inter
2885 3983 2944 4023 se
2975 3987 2987 4022 :
3019 3968 3165 4022 Nunt
3200 3969 3325 4037 quis
3362 3968 3552 4022 attulit

1917 4067 1966 4122 ei
2010 4066 2155 4135 quod
2185 4065 2412 4119 ederet?
2451 4064 2591 4118 Dicit
2618 4063 2669 4118 ei
2712 4061 2916 4118 Jesus:
2960 4061 3113 4117 Meus
3153 4061 3311 4116 cibus
3345 4072 3452 4124 cst,
3492 4069 3553 4115 ut

211 4150 416 4225 βρῶμά
442 4153 612 4217 ἑστιν,
647 4151 736 4205 ῖνα
767 4147 907 4204 ποίῶ
934 4152 995 4206 τὸ
1027 4151 1242 4223 θέλημα
1273 4151 1369 4205 τοῦ
1395 4153 1716 4224 πέμψαντός
1750 4174 1812 4226 με

1919 4160 2116 4214 l'aciam
2152 4159 2294 4226 quod
2329 4158 2444 4213 vult
2474 4159 2520 4213 is
2551 4157 2641 4228 qui
2679 4157 2834 4212 misit
2866 4171 2974 4216 me.
2998 4163 3053 4209 et
3088 4155 3375 4224 perﬁciam
3410 4169 3553 4224 opus

211 4246 309 4299 καὶ
333 4242 609 4298 τελειώσω
642 4243 809 4298 αὐτοῦ
834 4246 895 4298 τὸ
924 4245 1106 4316 ἔργον.
1143 4265 1160 4298 ι
1209 4246 1470 4317 Ἠρώτων
1490 4249 1541 4300 οἱ
1574 4248 1812 4319 μαθηταῖ

1919 4251 2059 4320 ejus.
2093 4271 2112 4304 ι
2153 4247 2441 4320 Rogabant
2474 4248 2732 4320 discipuli
2766 4248 3088 4312 Dominum,
3120 4248 3222 4302 hoc
3257 4256 3363 4312 cst,
3391 4245 3555 4300 obsec

211 4336 306 4391 τὸν
327 4335 556 4408 Κύριον,
590 4337 716 4390 ἀντὶ
744 4335 863 4403 τοῦ,
899 4337 1270 4408 παρεκάλουν,
1307 4338 1450 4393 ὥστε
1479 4343 1697 4410 φαγεῖν,
1721 4343 1812 4396 ούιι

1924 4327 2155 4399 erahant
2214 4351 2273 4398 ut
2323 4322 2644 4398 cor/iietleret
2702 4361 2716 4397 :
2782 4355 2894 4417 non
2949 4340 3248 4396 temeraria
3309 4339 3555 4409 quadam

211 4433 282 4486 ἐκ
313 4430 625 4504 προπετοῦς
654 4431 906 4501 γνώμης,
942 4431 1062 4486 ἀλλ’
1097 4433 1162 4485 ὲκ
1189 4433 1396 4501 πολλῆς
1433 4435 1812 4507 φιλοστοργίας

1926 4445 2132 4502 mente,
2168 4435 2266 4490 sed
2299 4446 2497 4502 magna
2533 4430 2830 4486 dilectione
2860 4444 2991 4500 erga
3030 4427 3384 4498 magistrum.
3425 4426 3556 4481 Ete-

215 4526 321 4597 τῆς
365 4524 502 4598 πρὸς
537 4525 631 4580 τὸν
676 4524 1041 4579 διδάσκαλον·
1077 4526 1176 4579 καὶ
1226 4527 1337 4599 γὰρ
1391 4528 1623 4583 ἑὸλεπον
1659 4532 1812 4585 αύτὸι

1930 4529 2042 4583 nim
2065 4527 2328 4582 videbant
2363 4526 2542 4596 ipsum
2582 4522 2944 4594 defatigatum
2969 4537 3034 4576 ex
3068 4520 3264 4574 itinere
3289 4527 3344 4574 et
3374 4517 3558 4573 calore

216 4619 542 4691 κεκμηκότα
581 4619 686 4673 ὑπὸ
717 4620 818 4692 τῆς
850 4620 1162 4694 ὁδοιπορίας
1197 4621 1291 4674 xal
1323 4621 1424 4691 τῆς
1462 4625 1812 4698 ἐπικειμένης

1933 4620 2220 4692 ﬂagrante.
2253 4618 2518 4673 Dominus
2553 4626 2738 4670 autem
2775 4613 2958 4669 sciens
2993 4612 3400 4668 Samaritanam
3440 4607 3558 4662 fere

217 4715 440 4785 φλογός.
488 4715 548 4769 Ὀ
587 4715 644 4769 δὲ
675 4714 904 4785 Κύριος,
948 4719 1239 4784 γινώσκων
1287 4717 1370 4770 ὅτι
1414 4719 1446 4788 ἡ
1490 4697 1812 4789 Σαμαρεῖτις

1931 4723 2103 4770 totam
2141 4712 2426 4768 civitatem
2467 4711 2536 4765 ad
2569 4725 2630 4764 se
2663 4697 3045 4770 evocaturain,
3082 4713 3137 4760 et
3172 4703 3560 4759 Samaritanus

221 4809 408 4882 μέλλει
440 4807 856 4867 έπισπάσασθαι
905 4809 1091 4861 πᾶσαν
1123 4809 1310 4880 σχεδὸν
1351 4810 1452 4881 τὴν
1499 4811 1658 4864 πόλιν
1690 4813 1812 4884 πρὸς

1929 4809 1982 4864 in
2015 4823 2075 4864 se
2096 4807 2409 4863 credituros
2443 4824 2457 4860 :
2489 4824 2507 4857 ι
2547 4803 2683 4881 Ego,
2720 4803 2922 4872 inquit,
2955 4802 3138 4856 cibum
3169 4801 3346 4854 habeo
3374 4812 3563 4851 come-

220 4901 411 4966 αὑτὸν,
459 4903 556 4956 καὶ
616 4901 700 4955 ὅτι
750 4894 1124 4956 πιστεύσωσιν
1153 4901 1306 4973 αύτῷ
1360 4903 1411 4955 οί
1460 4903 1833 4975 Σαμαρεῖται,

226 5010 249 5049 ε
295 4993 456 5064 Ἐγὼ,
490 4994 656 5063 φησὶ,
693 4991 895 5064 βρῶσιν
921 4992 1032 5063 ἔχω
1105 4994 1337 5062 φαγεῖν,
1378 5011 1397 5046 ι
1441 4995 1690 5048 τουτέστι
1732 4994 1833 5066 τὴν

225 5087 508 5158 σωτηρίαν
523 5086 634 5140 τῶν
660 5085 988 5158 ἀνθρώπων·
1011 5075 1159 5140 οὕτω
1181 5086 1292 5158 γὰρ
1313 5086 1523 5158 ταύτης
1549 5087 1830 5156 ἐπιθυμῶ,

222 5183 301 5246 ὼς
327 5179 527 5244 οὐδεὶς
562 5179 720 5250 ὑμῶν
760 5180 858 5250 τῆς
895 5179 1164 5251 αἰσθητῆς
1199 5179 1480 5250 βρώσεως.
1515 5179 1736 5251 Ταύτην
1776 5181 1835 5235 δὲ

223 5277 325 5346 τὴν
361 5273 587 5347 βρῶσιν,
625 5274 692 5346 ἠν
728 5274 839 5346 ἔχω
873 5276 1104 5343 φαγεῖν,
1141 5275 1300 5346 ὑμεῖς
1340 5275 1392 5328 οί
1434 5275 1679 5347 μαθηταί
1734 5294 1835 5346 μου

223 5371 328 5423 οὔκ
359 5369 564 5424 οῖδατε.
597 5368 800 5437 Παχεῖς
836 5368 948 5439 7&9
987 5367 1142 5430 ὄντες
1173 5366 1278 5432 ἔτι,
1313 5368 1407 5421 καὶ
1443 5368 1518 5438 μὴ
1541 5367 1836 5438 δυνάμενοι

225 5461 420 5529 νηῆσαι
455 5461 524 5516 τὰ
552 5459 973 5531 αίνιγματωδῶς
1004 5459 1097 5513 ὑπ’
1127 5460 1266 5531 ἐμοῦ
1298 5452 1595 5531 λεγόμενα,
1631 5462 1732 5514 οὐκ
1761 5463 1840 5514 οἵ.

208 5557 354 5611 ’δατε
392 5555 474 5609 ὅτι
515 5553 720 5626 βρῶσιν
744 5553 1000 5623 ὀνομάζω
1027 5553 1128 5626 τὴν
1158 5553 1268 5607 τῶν
1300 5553 1611 5626 ἀνορώπων
1654 5572 1831 5628 σωτη-

227 5647 524 5723 ρίαν.,Καὶ
572 5647 751 5711 ἄλλως
792 5645 848 5700 δέ
879 5661 891 5674 °
922 5647 1038 5700 Οὐκ
1086 5646 1267 5700 οἴδατε
1303 5648 1512 5718 ταύτην
1545 5646 1643 5720 τὴν
1684 5647 1823 5720 βρῶ-

228 5758 340 5799 σιν·
393 5741 457 5795 οὐ
525 5740 635 5813 γὰρ
686 5740 1033 5812 γινώσκετε,
1089 5742 1173 5796 ὅτι
1227 5740 1586 5796 πιστεύσουσί
1637 5761 1726 5814 μοι
1785 5745 1833 5798 οί

254 5977 260 5983 .
311 5933 355 5968 ⁸³
386 5931 500 5992 Jer.
551 5947 636 6002 ιιι,
668 5934 724 5990 6.
807 5935 849 5968 ⁸⁸
882 5933 1082 5991 Ειειιι.
1122 5949 1272 6003 xxiii,
1310 5932 1402 5989 57.

1934 4903 2192 4967 Jendum,
2229 4920 2247 4952 ι
2283 4901 2388 4955 hoc
2413 4907 2520 4964 est,
2555 4897 2791 4952 salutem
2821 4895 3112 4950 hominum
3151 4912 3165 4948 :
3203 4907 3370 4962 quam
3407 4898 3564 4945 tanto

1933 4996 2208 5053 desiderio
2237 4995 2455 5059 avebat,
2488 5002 2699 5063 quanto
2732 4990 2916 5045 nullus
2942 4993 3191 5044 nostrum
3233 4985 3559 5041 sensibilem

1933 5090 2146 5145 cibum.
2175 5086 2336 5142 llunc
2376 5096 2559 5141 autem
2608 5085 2794 5139 cibum
2830 5098 2993 5154 quem
3037 5080 3214 5136 habeo
3242 5077 3558 5137 comedere.

1935 5198 2032 5238 vos
2083 5181 2335 5252 discipuli
2383 5179 2489 5234 mei
2539 5178 2786 5234 nescitis.
2839 5175 3028 5232 Crassi
3097 5173 3244 5228 enim
3290 5186 3416 5226 cum
3460 5181 3564 5224 vos

1937 5276 2116 5331 adhuc
2153 5275 2301 5340 silis,
2337 5283 2392 5330 et
2425 5272 2732 5344 intelligere
2769 5268 3061 5340 nequeatis
3097 5281 3222 5338 quae
3267 5265 3562 5320 obscurius

1937 5385 1968 5424 a
2002 5385 2086 5426 me
2117 5369 2412 5436 dicuntur,
2440 5368 2668 5424 nescitis
2703 5365 2848 5436 quod
2885 5365 3068 5418 cibum
3107 5360 3340 5416 salutem
3379 5357 3561 5412 homio

1941 5477 2070 5518 num
2101 5462 2404 5517 nominem.
2434 5462 2499 5515 Et
2528 5461 2688 5516 aliter
2711 5477 2725 5514 :
2748 5459 2905 5514 llunc
2925 5457 3109 5512 cibum
3131 5451 3381 5517 nescitis,
3410 5452 3566 5520 iguo~

1945 5557 2078 5612 ratis
2109 5557 2254 5612 enim
2287 5556 2432 5627 quod
2466 5555 2803 5611 Samaritani
2842 5548 3110 5607 credituri
3157 5556 3284 5602 sunt
3326 5545 3458 5600 mihi
3507 5553 3562 5599 et

1947 5650 2329 5706 salvahnntur.
2364 5649 2506 5716 Quid
2539 5647 2704 5719 igitur
2738 5643 3038 5716 discipuli?
3075 5640 3268 5696 Adhuc
3312 5637 3565 5692 dubitant

1947 5761 2074 5801 num
2123 5745 2246 5814 quis
2291 5743 2565 5799 attulisset
2606 5742 2656 5798 ci
2703 5740 2849 5812 quod
2885 5739 3159 5796 comedat.
3215 5733 3332 5791 Non
3378 5743 3562 5788 autent
