4218 6424
233 426 378 494 1249
883 417 1344 486 ENARRATIO
1384 419 1469 481 IN
1512 416 1841 479 EVANGE]

1941 415 2022 475 Ilii
2061 415 2410 482 JOANNIS.
2452 441 2523 453 —
2561 416 2724 481 CAP.
2767 418 2872 485 1v.
3407 392 3559 487 r9501

228 545 341 608 ἐγὼ
376 545 432 597 δὲ
464 541 609 608 λέγω
638 540 788 610 ὑμῖν,
825 555 908 592 οτι
946 537 1213 607 πάρεστιν
1246 535 1274 589 ὁ
1305 535 1498 605 νοητὸς
1538 531 1829 604 θερισμός.

1943 531 2109 586 tnaiis
2140 534 2359 589 messis.
2394 531 2518 588 llaec
2546 543 2726 588 autem
2755 534 2972 589 dicebat
2999 540 3226 605 propter
3251 534 3413 609 563
3445 541 3548 594 Sa-

226 634 416 689 Ταῦτα
445 634 503 688 δὲ
533 632 688 699 ἔλεγε
723 628 813 682 διὰ
843 630 971 690 τοὺς
1002 626 1354 697 Σαμαρείτας
1383 626 1485 694 ήδη
1522 640 1827 693 προσερχο-

1941 622 2269 688 maritanos,
2309 626 2400 694 qui
2438 624 2553 692 jam
2606 627 2900 681 veniebant
2940 628 3007 681 ad
3055 627 3256 696 ipsum.
3300 632 3549 689 Attolhte

232 728 429 797 μένους
458 724 626 792 αὐτῷ.
674 720 951 794 Ἐπάρατε
984 716 1080 772 οὖν
1116 719 1249 781 τοὺς
1288 717 1603 786 ὀφθαλμοὺς
1634 716 1824 782 ὑμῶν,

1941 714 2102 785 igitur
2134 716 2325 773 oculos
2357 729 2591 779 vestros.
2623 718 2709 772 vel
2740 719 3060 787 spirituales
3093 720 3175 774 vel
3206 723 3495 778 sensibiles
3531 764 3547 790 ,

227 820 341 873 εῖτε
373 820 497 880 τοὺς
522 814 770 886 νοητοὺς,
794 815 904 868 εἴτε
930 815 1056 876 τοὺς
1082 811 1397 879 αἰσθητοὺς,
1427 810 1523 862 καὶ
1552 807 1825 862 θεάσασθε

1941 819 1984 864 et
2011 820 2255 878 spectate
2287 812 2691 866 multitudinem
2728 812 3228 878 Samaritanorum,
3255 826 3310 868 et
3334 817 3551 871 animas

228 912 292 964 τὸ
318 908 523 978 πλῆθος
553 906 664 959 τῶν
698 904 1161 978 προσερχομένων
1189 899 1571 971 Σαμαρειτῶν,
1607 899 1703 952 καὶ
1729 898 1827 961 τὰς

1941 903 2174 973 ipsorum
2214 905 2285 957 ad
2334 904 2495 959 ﬁdem
2544 905 2756 959 alacres
2798 917 2851 959 et
2891 917 3196 975 prOmplas,
3232 923 3353 975 quae
3386 910 3545 978 quasi

231 1003 313 1064 εἰς
336 1001 436 1069 τὴν
461 999 646 1052 πίστιν
669 997 987 1067 προθύμους
1015 996 1108 1048 καὶ
1139 994 1390 1063 ἑτοίμους
1416 991 1599 1062 ψυχὰς
1618 989 1825 1052 αὐτῶν,

1941 997 2184 1064 regiones
2226 996 2385 1062 albae,
2428 1012 2565 1065 opus
2605 998 2807 1053 habent
2846 1000 3201 1053 messoribus.
3235 998 3371 1054 Nam
3402 1003 3549 1056 sicut

230 1094 432 1155 αἵτινες
457 1091 650 1162 ὥσπερ
678 1089 852 1160 χῶραι
884 1087 1257 1157 λευκασμέναι
1287 1085 1501 1139 δέονται
1534 1080 1826 1153 θερισμοῦ.

1941 1072 2117 1142 aristae
2164 1103 2291 1143 cum
2327 1087 2530 1143 fuerint
2567 1090 2728 1156 aibat,
2767 1102 2970 1159 paratae
3023 1102 3149 1146 sunt
3187 1093 3253 1147 ad
3290 1107 3548 1157 messem,

230 1184 500 1253 Καθάπερ
526 1185 635 1254 γὰρ
664 1184 713 1235 oi
744 1182 997 1249 στάχυες,
1026 1180 1157 1233 ὅταν
1187 1175 1583 1239 λευκανθῖὒσιν,
1617 1174 1827 1242 ἕτοιμοι

1941 1183 2007 1235 ita
2039 1192 2093 1235 et
2124 1182 2207 1236 ha:
2236 1183 2302 1237 ad
2336 1183 2569 1238 salutem
2611 1193 2736 1237 sunt
2778 1196 3123 1254 pra-param.
3167 1204 3186 1237 ι
3231 1185 3298 1239 Ει
3334 1195 3550 1242 metens

232 1277 313 1336 ei;
363 1277 661 1345 θερισμίν,
705 1271 851 1324 οὕτω
897 1273 993 1324 καὶ
1039 1264 1188 1325 οὗτοι
1220 1270 1358 1339 πρὸς
1403 1268 1680 1338 σωτηρίαν
1722 1266 1829 1318 εἰσὶ

1941 1271 2244 1325 mercedem
2270 1273 2491 1341 accipit,
2517 1280 2572 1327 et
2603 1273 2807 1341 colligit
2837 1272 3074 1327 l‘rnctnm
3104 1275 3156 1327 in
3188 1274 3357 1328 vitam
3390 1289 3551 1329 teter.

233 1365 776 1436 παρεσκευασμένοι.
806 1381 823 1414 t
856 1364 968 1417 Kal;
994 1366 1022 1417 ό
1046 1360 1283 1434 θερίζων
1314 1361 1507 1433 μισθὸν
1534 1359 1824 1430 λαμϐάνει,

1941 1377 2080 1428 nam,
2132 1371 2186 1417 ut
2227 1373 2283 1417 et
2320 1363 2600 1419 seminans
2632 1365 2794 1419 simul
2830 1366 3098 1431 gaudeat,
3127 1374 3182 1420 et
3218 1379 3429 1420 metens
3471 1386 3483 1421 :
3524 1385 3542 1417 ι

229 1460 327 1513 καὶ
378 1458 601 1525 συνάγει
654 1458 867 1528 καρπον
910 1458 991 1519 είς
1042 1455 1189 1526 ζωὴν
1238 1455 1496 1508 αἰώνιον·
1538 1454 1625 1506 ἴνα
1656 1453 1751 1505 καὶ
1799 1454 1829 1506 ό

1941 1457 2078 1526 quod
2109 1457 2256 1513 hunc
2280 1472 2504 1530 sensum
2539 1456 2726 1521 habet,
2772 1456 3065 1525 Propheta:
3095 1461 3549 1522 seminaverunt,

232 1551 476 1621 σπείρων
504 1547 641 1619 όμοῦ
674 1551 865 1619 χαίρῃ,
903 1549 999 1601 καὶ
1031 1550 1059 1600 ό
1092 1546 1350 1615 θερίζων.
1390 1564 1409 1597 ι
1452 1546 1516 1598 Ὃ
1558 1543 1616 1597 δὲ
1651 1542 1825 1610 λέγει,

1941 1550 2027 1604 ιοιί
2066 1564 2170 1603 non
2207 1558 2578 1615 messuernnt,
2629 1564 2804 1619 neque
2838 1558 3123 1617 propterea
3179 1550 3380 1618 privati
3418 1560 3550 1605 sunt

228 1642 471 1697 τοιοῦτόν
496 1643 666 1695 ἐστιν·
699 1642 762 1695 Oi.
794 1640 1073 1711 προφῆται
1106 1639 1394 1710 ἓσπειραν,
1427 1637 1544 1691 ἀλλ’
1572 1637 1675 1689 οὐκ
1705 1636 1829 1688 ἐθέ-

1941 1640 2254 1711 voluptate,
2304 1640 2398 1694 sed
2435 1640 2720 1694 nobiscum
2770 1639 3023 1694 Iarlztttlur
3054 1639 3168 1713 (α),
3202 1652 3254 1696 et
3296 1641 3552 1711 quamvis

235 1752 416 1807 ρισαν.
453 1733 529 1788 Οὐ
561 1734 669 1805 μὴν
700 1732 789 1785 διὰ
822 1731 984 1785 τοῦτο
1017 1731 1430 1802 ἀπεστέρηνται
1478 1728 1577 1797 τῆς
1605 1728 1823 1799 ἡδονῆς.

1941 1735 2222 1789 nobiseum
2253 1748 2360 1788 non
2395 1744 2631 1796 metant,
2668 1736 2719 1788 id
2750 1734 2895 1804 quod
2928 1734 2981 1788 iu
3014 1735 3374 1789 sensibilibu's
3404 1750 3549 1791 mes-

229 1829 369 1883 ἀλλά
400 1828 497 1881 σὺν
532 1828 668 1896 ἡμῖν
703 1824 1109 1896 χαίρουσινρεί
1144 1827 1238 1878 καὶ⁷
1271 1823 1345 1895 μὴ
1377 1823 1475 1877 σὺν
1505 1823 1641 1892 ἡμῖν
1675 1818 1826 1890 θερί-

1941 1825 2090 1881 sibus
2139 1840 2245 1881 non
2274 1835 2379 1880 est.
2415 1823 2533 1879 Illic
2568 1824 2714 1879 enim
2755 1826 2797 1878 si
2826 1825 3076 1879 evenerit
3104 1826 3251 1895 quod
3285 1827 3432 1880 alius
3464 1841 3555 1881 se-

231 1925 442 1989 ζουσιν,
509 1919 649 1989 ὅπερ
676 1918 735 1971 έν
765 1919 877 1982 τοῖς
900 1918 1183 1989 αἰσθητοῖς
1212 1916 1498 1988 θερισμοῖς
1525 1917 1627 1969 οὐκ
1657 1913 1825 1967 ἔστιν.

1941 1920 2137 1985 minat,
2171 1926 2228 1973 et
2264 1918 2404 1972 alius
2437 1917 2613 1980 metit,
2647 1917 2872 1972 triStitia
2903 1928 2985 1971 est
3030 1933 3139 1972 non
3186 1920 3438 1973 metenti.
3492 1919 3548 1974 In

241 2017 390 2071 Ἐκεῖ
419 2012 528 2083 γὰρ
559 2012 656 2068 ἑὰν
688 2010 871 2080 συμϐῇ
900 2009 1064 2064 ἄλλον
1087 2011 1312 2080 σπεῖραι
1342 2049 1358 2073 ,
1399 2008 1491 2063 καὶ
1534 2006 1701 2062 ἄλλον
1736 2006 1827 2059 Oa-

1941 2012 2319 2081 Spiritualibus
2346 2019 2527 2066 autem
2566 2025 2676 2065 non
2711 2011 2814 2077 sic,
2847 2011 2945 2066 sed
2980 2021 3031 2065 et
3061 2015 3342 2081 prepltetze
3385 2023 3552 2068 antea

230 2109 404 2181 ρίσαι,
439 2108 589 2178 λύπη
619 2106 698 2176 τῷ
741 2104 817 2177 μὴ
850 2101 1145 2173 θερίζοντι.
1199 2101 1288 2155 Ἐν
1336 2100 1393 2154 δὲ
1429 2103 1541 2163 τοῖς
1581 2116 1829 2168 πνευμα-

1941 2104 2396 2176 prtetlicaverunt,
2426 2113 2477 2159 et
2507 2104 2971 2175 pnemolliverunt
2998 2105 3278 2160 hominum
3298 2118 3510 2161 mentes
3531 2146 3546 2172 ,

226 2204 398 2258 τικοῖς
422 2240 437 2264 ,
470 2201 569 2272 οὑχ
598 2197 773 2261 οὕτως
793 2212 807 2227 ·
838 2195 975 2249 ἀλλά
1015 2195 1110 2248 καὶ
1136 2194 1188 2247 οἱ
1219 2192 1499 2263 προφῆται
1541 2189 1828 2261 προκηρύ-

1941 2199 2083 2253 unde
2118 2197 2401 2252 vobiscum
2451 2196 2729 2269 gaudent,
2770 2198 2860 2265 qui
2906 2197 3161 2253 homines
3198 2199 3264 2253 ad
3313 2199 3548 2254 salutem

229 2292 444 2359 ξαντες,
476 2293 571 2345 καὶ
599 2288 1052 2361 προμαλάξαντες
1078 2286 1189 2341 τῶν
1216 2283 1526 2357 ἀνθρώπιον
1550 2283 1652 2344 τὰς
1686 2281 1827 2352 γνὼ-

1941 2292 2149 2358 capitis.
2187 2309 2206 2343 t
2250 2291 2364 2362 Ego
2396 2306 2493 2346 vos
2526 2302 2710 2344 autem
2748 2292 2870 2347 misi
2916 2301 2975 2345 ut
3008 2292 3233 2346 metatis
3267 2293 3414 2362 quod
3451 2308 3550 2349 vos

230 2402 363 2457 μας,
417 2384 671 2456 χαίρουσι
727 2382 826 2435 σὺν
886 2383 1020 2453 ἡμῖν
1070 2381 1185 2444 τοῖς
1243 2377 1325 2439 εἰς
1375 2375 1655 2448 σωτηρίαν
1699 2376 1827 2439 τοὺς

1941 2399 2044 2438 non
2071 2383 2417 2448 elaborastis,
2465 2402 2485 2435 ι
2523 2392 2813 2453 propterea
2853 2384 2986 2439 dicit
3015 2383 3300 2451 Dominus,
3338 2399 3408 2438 ne
3468 2387 3555 2440 du-

227 2477 552 2548 ἀνθρὼπους
609 2474 965 2545 ὲφελκύσασι.
1001 2473 1076 2527 Τὸ
1123 2472 1201 2539 δὲ,
1256 2489 1275 2522 ι
1317 2468 1462 2539 Ἐγὼ
1529 2470 1676 2539 ὑμᾶς
1714 2471 1826 2523 ἁπ-

1941 2477 2129 2548 scipuli
2182 2478 2244 2531 ad
2277 2477 2729 2548 pr:edicationem
2766 2478 2919 2532 missi
2958 2477 3250 2533 turbentur
3282 2479 3440 2547 quasi
3484 2480 3552 2531 ad

227 2570 451 2626 έστειλα
474 2570 734 2642 θερίζειν,
754 2569 782 2622 ὃ
802 2570 901 2637 οὐχ
926 2568 1084 2638 ὑμεῖς
1106 2564 1498 2629 κεκοπιάκατε,
1515 2583 1533 2616 ι
1558 2564 1647 2617 διὰ
1668 2562 1827 2618 τοῦτό

1941 2586 2052 2625 rem
2090 2569 2363 2625 tlillicilem
2397 2588 2409 2624 :
2444 2588 2567 2624 nam
2601 2570 2747 2640 quod
2778 2587 3074 2626 onerosum
3100 2580 3240 2635 erat,
3268 2570 3554 2640 propheta:

230 2682 401 2733 φησιν
440 2667 468 2719 ὁ
500 2664 737 2735 Κύριος,
787 2662 854 2716 ἶν’
884 2664 1015 2716 ὅταν
1047 2660 1357 2733 ἀποστέλλῃ
1401 2661 1530 2721 τοὺς
1576 2656 1825 2728 μαθητὰς

1941 2675 2332 2733 Susceperam;
2372 2680 2470 2720 vos
2494 2674 2676 2719 autem
2718 2665 2771 2718 itt
2809 2674 3113 2733 pra‘parata
3144 2665 3448 2718 mittimini.
3482 2667 3553 2717 At

222 2758 326 2811 ἐπὶ
356 2758 416 2810 τὸ
454 2738 756 2827 κήρυγμαξ
780 2755 858 2827 μὴ
908 2753 1317 2823 θορυϐηθῶσιν,
1345 2751 1423 2815 ὼς
1468 2753 1548 2814 εἰς
1589 2750 1825 2820 πρᾶγμα

1941 2769 2244 2809 sermonem
2278 2770 2463 2810 verum
2491 2755 2642 2821 dicit,
2670 2757 3023 2824 proverbium
3047 2755 3209 2827 vulgo
3232 2756 3506 2825 jactatum
3534 2771 3549 2809 :

228 2851 488 2903 ἐπίπονον
542 2848 1030 2917 ἀποστελλόμενοι.
1087 2846 1163 2899 Τὸ
1219 2846 1331 2916 γὰρ
1379 2834 1822 2913 ἐπιπονώτερον,

1942 2866 1960 2901 ι
2015 2850 2165 2905 Alius
2194 2859 2277 2906 est
2316 2851 2409 2920 qui
2450 2852 2710 2915 seminat,
2745 2862 2800 2906 et
2848 2851 2989 2906 alius
3024 2851 3117 2921 qui
3151 2852 3329 2907 metit.
3380 2870 3398 2904 ι
3440 2849 3553 2907 0b-

229 2943 418 3012 φησὶν,
440 2943 487 2993 οἱ
516 2942 798 3012 προφῆται
824 2940 1167 3005 ἀνεδέξαντο,
1196 2939 1355 3008 ὑμεῖς
1385 2936 1443 2990 δὲ
1475 2937 1569 2992 ἐπὶ
1596 2935 1659 2989 τὸ
1684 2935 1826 2989 Erat—

1941 2956 2094 2996 serva
2128 2952 2309 2999 autem
2342 2945 2618 3014 quomodo
2647 2923 2831 2998 omnia
2863 2960 2928 2999 ex
2964 2945 3299 3000 auctoritate
3346 2955 3403 3002 et
3446 2947 3549 2999 do-

232 3050 335 3103 μον
379 3031 684 3103 πέμπεσθε.
727 3033 901 3103 Λάχου
935 3032 993 3085 δὲ
1028 3030 1288 3099 ἀληθινόν
1325 3045 1482 3100 φησι,
1522 3029 1826 3100 παροιμίαν

1941 3033 2109 3087 minio
2160 3032 2387 3089 indicet.
2428 3052 2447 3085 ι
2490 3034 2601 3104 Ego
2638 3034 2760 3088 misi
2795 3049 2893 3090 vos
2924 3035 2991 3089 ad
3029 3035 3362 3091 metendum.
3395 3054 3413 3088 ι
3443 3036 3555 3091 Au-

227 3127 353 3181 τινα
403 3125 848 3196 περιιρερομένην
888 3126 1041 3197 παρά
1080 3125 1158 3195 τῷ
1192 3124 1423 3195 πλήθει,
1464 3124 1546 3175 ὅτι
1579 3142 1597 3174 ι
1628 3123 1826 3185 ’Ἄλλος

1941 3123 2093 3179 diant
2127 3124 2400 3180 maledicti
2430 3125 2770 3182 Marcionitae
2799 3136 2856 3181 et
2885 3126 3197 3193 Maniclttei,
3236 3140 3290 3184 et
3318 3129 3549 3194 similes.

222 3220 375 3271 ἐστὶν
401 3219 701 3287 όβπείρων,
724 3221 815 3270 καὶ
839 3217 995 3281 ἄλλος
1019 3219 1047 3270 ὁ
1076 3216 1330 3287 θερίζων.
1361 3236 1380 3269 ι
1426 3217 1569 3287 Ὅρα
1591 3217 1670 3279 δε,
1706 3215 1825 3279 πῶς

1941 3219 2027 3289 qui
2064 3216 2231 3272 Vetus
2279 3215 2696 3273 Testamentum
2734 3233 2763 3271 a
2810 3216 2964 3273 Novo
3000 3220 3316 3275 abalienant
3365 3238 3382 3276 :
3420 3237 3548 3274 nant

227 3312 413 3363 πάντα
440 3311 779 3374 δεσποτικῶς
810 3311 960 3378 λέγει
986 3310 1081 3365 καὶ
1114 3310 1567 3378 ὲξουσιαστικῶς·
1605 3328 1624 3361 ι
1687 3310 1828 3379 Ἐγὼ

1941 3322 1985 3366 et
2010 3311 2112 3367 hoc
2142 3311 2261 3366 loco
2294 3312 2723 3382 redarguuntur.
2760 3310 2978 3366 Etenim
3010 3313 3053 3368 si
3082 3314 3324 3369 alienum
3353 3313 3553 3368 fuisset

227 3403 530 3458 ἀπέστειλα
569 3404 725 3472 ὑμᾶς
761 3402 1024 3474 θερίζειν.
1090 3422 1108 3455 ι
1174 3401 1555 3457 ’Δκουέτωσαν
1606 3402 1658 3455 οἱ
1699 3402 1829 3473 περὶ

1941 3402 2133 3469 Vetus,
2155 3403 2432 3475 quomodo
2461 3404 2695 3476 apostoli
2731 3406 3097 3461 messuissmit
3120 3420 3185 3461 ea
3214 3422 3336 3475 qua:
3368 3422 3396 3461 a
3426 3422 3553 3459 aro.

228 3498 536 3568 Μαρκίωνα
592 3497 685 3547 τὸν
734 3498 1065 3566 κατάρατον,
1103 3495 1202 3549 καὶ
1234 3498 1512 3561 Μανεντα,
1567 3497 1663 3550 καὶ
1702 3496 1829 3559 τοὺς

1941 3496 2114 3565 phetis
2145 3495 2458 3550 seminata?
2490 3494 2645 3550 Unde
2679 3498 2806 3563 quia
2840 3495 3076 3565 apostoli
3107 3506 3455 3551 messueruut
3482 3508 3548 3548 ea

224 3590 529 3655 τοιούτους,
576 3588 627 3642 οἳ
656 3590 756 3659 τὴν
800 3588 1046 3643 Παλαιθιν
1082 3587 1362 3660 Διαθήκην
1398 3588 1827 3660 ἀπαλλοτριοῦσι

1941 3604 2053 3658 qua:
2077 3590 2131 3643 in
2154 3585 2365 3663 Veteri,
2393 3604 2499 3645 non
2531 3588 2769 3642 alienum
2798 3598 2881 3642 est
2904 3588 3081 3656 ipsum
3114 3602 3144 3640 a
3171 3585 3324 3642 Novo
3356 3585 3550 3641 Testa-

226 3668 328 3749 τῆξ
358 3684 503 3745 Νέας
529 3699 542 3714 ο
587 3668 893 3736 κάντεῦθεν
916 3682 1025 3753 γὰρ
1058 3682 1399 3752 ἐλέγχονται.
1426 3682 1490 3734 Εἰ
1526 3682 1636 3752 γὰρ
1673 3682 1829 3736 ἀλλο-

227 3780 357 3845 τρία
384 3773 450 3847 ἦν
476 3778 507 3846 ἡ
537 3776 770 3840 Παλαιὰ,
802 3777 919 3839 πῶς
952 3778 999 3835 οἱ
1024 3775 1315 3830 ἀπόστολοι
1352 3775 1607 3844 ἐθέρισαν
1630 3777 1699 3828 τά
1718 3772 1829 3829 τῶν

227 3870 564 3940 «paganum;
598 3871 764 3924 ’Ὥστε
800 3872 922 3925 ἐπεὶ
952 3872 1021 3925 τά
1052 3874 1152 3942 τῆς
1188 3871 1433 3933 Παλαιᾶς
1456 3870 1507 3923 οί
1538 3870 1828 3925 ἀπόστολοι

227 3963 508 4033 ἐθέρισαν,
535 3963 638 4017 οὑκ
660 3963 921 4035 ἀλλοτρία
948 3964 1047 4033 τῆς
1077 3965 1289 4034 Καινῆς
1313 3965 1589 4037 Διαθήκης
1620 3966 1823 4037 ἐκείνη,

226 4056 348 4108 ἀλλ’
367 4057 679 4130 ἀμφότεραι
705 4057 825 4127 μία.
853 4059 1234 4112 ’Ᾱκουέτωσαν
1257 4060 1352 4113 καὶ
1375 4061 1424 4113 οἱ
1449 4061 1578 4132 περὶ
1599 4062 1827 4133 Ἀρειον

226 4145 349 4209 πῶς
387 4148 461 4210 ὡς
503 4148 708 4217 Κύριος
736 4148 827 4201 και
860 4148 1218 4221 ὲξουσιαστὴ;
1252 4150 1463 4221 πέμπει
1489 4152 1620 4215 τοὺς
1653 4151 1831 4222 μαθη-

224 4241 329 4302 τὰς
358 4255 371 4267 ⁸
404 4240 615 4309 πέμπει
648 4240 727 4303 δὲ,
770 4241 859 4295 ἵνα
889 4243 996 4295 ἀπὸ
1038 4243 1146 4295 τῶν
1180 4243 1386 4312 γηΐνων
1422 4242 1706 4313 θερίσωσι,
1733 4243 1830 4298 καὶ

226 4334 506 4401 ἐκτέμωσι
542 4334 669 4396 τοὺς
704 4350 904 4403 προστε
920 4335 1053 4405 τηκί
1076 4352 1158 4398 ἀς
1197 4336 1381 4396 αὐτοῖς
1421 4337 1518 4391 κα)⁸
1555 4337 1831 4408 Ἕλληνας

384 4426 705 4488 Ὶυνανῐαίους,
745 4427 840 4477 καὶ
890 4428 968 4489 εἰς
1004 4444 1031 4478 τ
1088 4448 1104 4478 ι
1134 4426 1249 4481 ἆλω
1280 4428 1697 4499 ἀποκομίζωσιν
1733 4431 1833 4483 αύ-

227 4524 375 4579 τοζς,
406 4519 501 4587 τὴν
546 4518 878 4585 Ἐκκλησίαν
923 4519 1007 4585 λέγ
1087 4534 1099 4548 ·
1132 4521 1191 4570 ὲν
1299 4520 1705 4591 γενόμενοι-διὰ
1736 4523 1830 4576 τοῦ

1936 3692 2120 3737 mento
2144 3720 2160 3747 ,
2195 3683 2290 3737 sed
2324 3690 2557 3750 utraque
2586 3696 2754 3734 unum
2786 3689 2940 3735 sunt.
2967 3680 3209 3735 Audiant
3242 3690 3295 3736 et
3328 3681 3551 3749 Ariani,

1934 3775 2212 3845 quomodo
2256 3784 2519 3843 tanquam
2561 3772 2825 3827 Dominus
2866 3782 2922 3827 et
2965 3781 3300 3844 potestatem
3341 3776 3554 3830 habens

1934 3872 2115 3924 mittat
2162 3868 2484 3943 discipulos.
2529 3865 2908 3921 Mittitautem
2944 3873 3002 3919 ut
3037 3866 3103 3921 de
3142 3866 3380 3935 terrenis
3434 3882 3553 3923 me-

1938 3973 2054 4019 tant
2086 3973 2141 4018 et
2169 3971 2436 4016 exsecent
2479 3976 2575 4015 eos
2609 3960 2703 4031 qui
2739 3958 2979 4015 terrenis
3023 3957 3167 4013 οωςὶ
3201 3969 3397 4026 erant,
3443 3968 3552 4013 tam

1934 4056 2166 4128 gentiles
2208 4071 2373 4126 quam
2400 4054 2640 4115 Judxos,
2688 4055 3062 4123 invehantqne
3107 4052 3230 4109 illos
3259 4052 3313 4107 itt
3341 4067 3552 4119 aream,

1937 4150 2241 4205 Ecclesium
2275 4150 2421 4215 dico,
2461 4151 2513 4203 in
2544 4164 2649 4218 qua
2691 4147 3093 4202 conculcentur
3120 4161 3150 4200 a
3184 4146 3358 4201 bobus
3384 4188 3401 4214 ,
3442 4146 3550 4204 hoc

1934 4253 2019 4300 est
2077 4241 2433 4307 doctmibus;
2468 4251 2522 4297 et
2549 4240 2772 4311 iaceant
2812 4241 2917 4298 sub
2954 4239 3061 4294 illis
3091 4253 3157 4293 ac
3194 4240 3552 4306 triturentur,

1934 4354 2057 4394 cum
2083 4350 2287 4391 omnes
2311 4334 2521 4406 paleas,
2555 4343 2610 4388 et
2662 4334 2805 4404 ignis
2855 4333 3100 4387 fomitem
3129 4370 3144 4393 ,
3183 4340 3240 4388 et
3275 4334 3545 4404 quidquid

1936 4430 2193 4487 corneum
2227 4439 2330 4494 est,
2371 4428 2694 4498 abjecerint,
2723 4435 2776 4482 et
2808 4425 2939 4481 lacti
2975 4441 3110 4496 pura
3149 4442 3322 4497 grana
3352 4428 3406 4481 in
3432 4441 3552 4484 ete-

1937 4523 2058 4577 lesti
2098 4536 2239 4591 penu
2286 4529 2650 4590 reponantur,
2688 4534 2751 4572 ac
2802 4519 3000 4573 deinde
3041 4519 3200 4573 cibus
3247 4520 3381 4573 [iant
3432 4520 3554 4585 Dei,

231 4610 495 4665 ἁλοῦσθαι
520 4611 672 4682 παρὰ
692 4611 800 4663 τῶν
834 4610 995 4680 βοῶν,
1070 4610 1273 4664 λυτέστι
1327 4612 1437 4666 τῶν
1463 4614 1829 4681 διδασκάλων,

1941 4614 2031 4684 qui
2068 4613 2271 4685 gaudet
2317 4613 2371 4665 iu
2419 4611 2600 4666 salute
2628 4624 2843 4663 eorum.
2879 4607 2959 4662 Ita
2992 4607 3197 4665 Paulus
3228 4612 3481 4680 messuit,
3528 4628 3559 4667 a

227 4707 328 4757 καὶ
365 4704 688 4756 ὑποκεῖσθαι
724 4705 929 4768 αὐτοῖς,
959 4704 1259 4775 τρίϐονται,
1294 4705 1388 4757 καὶ
1425 4706 1536 4759 πᾶν
1579 4708 1834 4779 ἀσχυρῶ-

226 4801 339 4862 ὃες,
362 4799 455 4851 καὶ
481 4799 766 4867 σαρκικὸν,
794 4798 890 4850 καὶ
914 4798 1007 4850 τοῦ
1030 4799 1208 4866 πυρὸς
1231 4799 1568 4871 ὑπέγκαυμα
1593 4802 1835 4856 ἀποὸαλ-

230 4893 484 4961 λιιμενοι,
522 4890 759 4961 καθαροὶ
794 4890 987 4943 κόκκοι
1022 4893 1089 4961 τῇ
1127 4890 1371 4963 οὐρανίῳ
1438 4893 1699 4966 ἀποθήκη
1746 4899 1835 4951 ἐν·

242 4984 636 5047 ἀποτίθενται,
670 4981 790 5037 εἶτα
826 4986 921 5036 καὶ
971 4983 1169 5055 βρῶμα
1206 4986 1449 5053 γίνονται
1472 4987 1567 5039 τοῦ
1594 4987 1731 5041 Θεοῦ
1766 4992 1833 5060 τῇ

235 5079 484 5153 σωτηρία
516 5078 725 5131 τούτων
777 5079 1302 5149 ὲνευφραινομένου.
1346 5078 1536 5142 Οὕτως
1567 5081 1595 5133 ὁ
1625 5081 1838 5149 Παῦλος

1942 4702 2088 4764 terra
2138 4710 2433 4769 re‘seeans,
2467 4714 2524 4758 et
2573 4704 2778 4758 docens
2833 4701 2961 4757 no's.
2994 4703 3139 4772 quod
3186 4704 3562 4773 municipatns

1947 4810 2135 4856 noster
2161 4799 2217 4853 in
2243 4798 2401 4854 cmlis
2425 4797 2499 4851 sit
2528 4796 2597 4850 '°.
2623 4794 2967 4849 Cavillantur
2990 4805 3173 4849 autem
3198 4796 3419 4863 quidam
3457 4798 3561 4851 huc

1947 4894 2094 4950 dicto
2132 4893 2311 4962 lepide
2344 4904 2541 4954 senes,
2588 4885 2763 4944 videri
2803 4890 3058 4958 regiones
3093 4888 3240 4956 quod
3277 4888 3415 4942 albae
3451 4889 3566 4943 sint

1949 4990 2016 5043 ad
2050 5001 2282 5043 messem
2307 5026 2322 5051 ,
2355 4993 2578 5056 propter
2610 4998 2779 5038 canos
2809 4982 3043 5044 scilicet,
3071 4992 3128 5036 et
3153 4996 3391 5036 messem
3422 4998 3567 5036 mor-

1894 5141 1898 5146 ,
1952 5084 2044 5140 tis.

233 5144 583 5244 ἐθέριζε-τῆς
605 5175 710 5245 γῆς
743 5144 1090 5244 ἀποτέμνων,
1116 5144 1218 5227 καὶ
1277 5175 1546 5230 διδάσκων
1581 5179 1754 5249 ἡμᾶς,
1942 5185 2004 5239 τὸ
2044 5144 2354 5247 πολίτευμα
2399 5174 2560 5247 ἡμῶν
2597 5175 2656 5227 έν
2706 5173 2967 5245 οὐρανοῖς
2997 5172 3258 5243 ὑπάρχει.
3304 5170 3560 5242 Χρῶνται

232 5270 293 5324 δέ
323 5286 467 5332 τινες
496 5268 593 5323 καὶ
623 5270 717 5323 ἐπὶ
746 5269 853 5321 τῶν
884 5269 1161 5341 γερόντων
1190 5272 1495 5341 χαριέντως
1521 5272 1621 5344 τῷ,
1661 5292 1679 5325 ι
1711 5275 1997 5333 Θεάσασθε
2031 5277 2131 5341 τὰς
2163 5272 2373 5346 χώρας,
2418 5272 2504 5325 ὅτι
2575 5270 2767 5323 λευκαί
2829 5269 2939 5319 είσι
3005 5267 3142 5336 πρὸς
3203 5267 3491 5339 θερισμὸν,
3538 5287 3555 5319 ι

231 5364 325 5417 διὰ
349 5363 448 5425 τὰς
471 5362 662 5425 πολιάς
689 5362 915 5431 δηλαδὴ,
935 5361 1031 5414 καὶ⁸
1056 5361 1147 5414 τὸν
1169 5360 1522 5431 τοῦηθανάτου
1546 5365 1834 5439 θερισμόν.

298 5476 318 5507 ‹
363 5457 454 5509 Ἐκ
484 5457 542 5509 δὲ
565 5456 667 5525 τῆς
698 5456 907 5519 πόλεως
942 5456 1158 5524 έκτίνης
1191 5457 1376 5511 πολλοὶ
1404 5459 1737 5514 ἐπίστευσαν
1763 5466 1844 5527 είς

234 5548 403 5604 αὐτὸν
428 5548 536 5602 τῶν
566 5549 925 5619 Σαμαρειτῶν
972 5549 1058 5602 διὰ
1100 5552 1192 5611 τον
1238 5551 1395 5620 λόγον
1442 5554 1542 5623 τῆς
1581 5557 1844 5623 γυναικὸς

168 5700 185 5712 ε
239 5642 655 5714 μαρτυρούσης,
688 5642 771 5696 ὅτι
792 5634 925 5695 Εἷπέ
944 5660 1033 5712 μοι
1053 5644 1611 5718 πανταὸσαέποίησα.
1648 5648 1733 5714 Ὦς
1752 5645 1847 5704 οὖν

314 5780 361 5812 ⁸⁸
426 5779 659 5852 Philipp.
698 5796 777 5847 ιιι,
817 5778 908 5834 ΞΟ.

2034 5460 2199 5516 Vsus.
2232 5456 2427 5513 59-42.
2462 5475 2479 5506 ι
2514 5455 2590 5509 Ex
2623 5455 2842 5509 civitate
2866 5466 3049 5509 autem
3068 5454 3167 5508 illa
3194 5452 3347 5507 ntttlti
3379 5451 3570 5507 Sama-

1958 5558 2261 5609 ritanorum
2314 5550 2670 5605 crediderunt
2718 5549 2770 5602 in
2820 5563 2945 5604 eum
2989 5558 3215 5618 propter
3258 5560 3568 5605 sermonem

1964 5667 1996 5704 u
2022 5649 2210 5704 ulieris
2235 5644 2589 5702 testiﬁcantis
2622 5644 2767 5715 quod
2801 5643 3034 5701 dixisset
3064 5641 3169 5700 sibi
3198 5642 3383 5697 omnia
3419 5654 3572 5709 quur-

310 5898 569 5969 (a)Etlit.
606 5899 733 5955 ιω.
797 5915 904 5953 nott
964 5899 1148 5954 habet.
1216 5899 1303 5953 sed
1376 5900 1648 5953 ηυίιίδτιιηι
1718 5899 1991 5954 (rt-tantur.
