4218 6424
756 392 893 458 1251

1620 389 2211 455 THEOPHYLACTI
2251 388 2675 457 BULGARle
2712 386 3073 452 ARCHIEP.

3908 383 4044 448 1252

740 524 957 578 cunque
976 508 1213 564 fecisset.
1248 507 1384 562 Cum
1417 506 1843 577 venissentergo
1868 507 1934 559 ad
1960 506 2108 561 illum
2137 506 2317 564 Sama-

2432 504 2595 579 ἦλθον
2630 505 2765 575 πρὸς
2797 504 2960 558 αὑτὸν
2985 506 3034 557 οἱ
3064 488 3433 573 Σαμαρεῖται,
3460 500 3694 572 ἠρώτων
3715 500 3890 554 αὑτὸν
3921 506 4018 571 per

739 600 925 660 ritani,
958 598 1120 669 565
1152 604 1479 666 rogaverunt
1507 610 1632 650 eum
1668 605 1725 649 ut
1763 598 1903 664 apud
1936 611 1997 651 se
2027 606 2277 652 maneret
2314 614 2327 650 :

739 698 795 741 et
831 688 1029 740 mansit
1061 686 1133 740 ibi
1154 687 1287 741 dnos
1310 687 1447 747 dies,
1478 699 1542 738 ac
1569 686 1741 740 multo
1766 685 1947 753 plures
1977 686 2331 741 crediderunt

740 789 961 848 propter
990 791 1299 832 sermonem
1320 777 1580 848 ipsius,et
1608 778 1821 831 mulieri
1868 776 2126 833 dicebam
2163 796 2178 833 :
2210 776 2330 832 Jam

740 883 847 923 non
889 877 1112 937 propter
1162 876 1309 922 tuam
1343 869 1646 922 orationem
1696 867 2007 923 credimus:
2044 870 2143 939 ipsi
2185 868 2330 925 enim

738 962 1084 1024 audivimus,
1118 970 1174 1015 et
1202 961 1410 1016 scimus
1457 962 1602 1029 quod
1639 962 1726 1015 hic
1769 971 1853 1015 est
1900 977 2028 1019 vere
2079 962 2332 1017 Salvator

736 1054 922 1107 nmndi
949 1052 1220 1109 Christus.
1255 1072 1273 1105 ι
1308 1052 1534 1123 PrOpter
1555 1068 1866 1109 sermonem
1894 1054 2140 1109 mulieris
2166 1054 2322 1108 multi

736 1143 1063 1199 Samaritaui
1097 1146 1364 1211 credunt,
1399 1155 1586 1215 utpote
1614 1147 1911 1215 prudenter
1945 1145 2086 1214 apud
2130 1160 2189 1201 se
2247 1145 2330 1206 iu-

735 1238 981 1292 dicantes
1010 1238 1156 1306 quod
1187 1238 1357 1293 vitam
1392 1252 1546 1293 suam
1583 1239 1783 1292 mulier
1816 1254 1923 1291 nun
1954 1238 2231 1306 vulgasset
2261 1238 2326 1293 ad

733 1328 838 1381 hoc
873 1338 929 1381 ut
960 1326 1364 1396 gratiﬁcaretur
1399 1326 1580 1394 alteri,
1621 1328 1723 1383 nisi
1753 1342 1879 1382 vere
1921 1342 2149 1397 magnus
2204 1328 2327 1396 quis

731 1429 879 1473 esset
922 1428 977 1473 et
1024 1433 1190 1487 super
1241 1419 1444 1473 multos
1510 1419 1602 1487 qui
1635 1421 1703 1473 ab
1755 1419 1846 1472 illa
1903 1419 2323 1488 praedicabatur.

731 1510 856 1563 ldeo
893 1519 945 1563 et
988 1508 1145 1563 [idem
1191 1510 1450 1579 operibus
1495 1520 2030 1579 commonstrantcs,
2067 1513 2325 1567 obsecra-

732 1600 859 1653 bant
891 1600 1039 1653 illum
1071 1608 1129 1653 ut
1156 1612 1418 1671 perpetuo
1442 1603 1584 1673 apud
1618 1604 1763 1672 ipsos
1794 1613 1961 1657 esset.
1997 1622 2015 1657 ι
2044 1604 2270 1660 Manere
2299 1624 2317 1658 ι

731 1690 875 1743 enim
924 1690 1026 1744 hoc
1071 1691 1366 1762 significat,
1417 1704 1738 1761 perpetuum
1796 1693 2133 1747 domicilium
2183 1697 2324 1764 apud

733 1782 855 1835 illos
879 1782 1099 1836 habere.
1136 1781 1331 1837 Verum
1360 1783 1447 1837 ille
1473 1784 1524 1836 iu
1562 1784 1661 1837 hoc
1690 1799 1796 1843 non
1828 1786 2191 1854 obtemperat,
2228 1788 2321 1840 sed

733 1880 798 1926 ad
826 1875 959 1929 duos
990 1884 1200 1929 tantum
1226 1875 1343 1929 dics
1371 1888 1549 1931 manet
1580 1894 1591 1930 :
1626 1878 1771 1931 unde
1806 1896 1825 1928 ι
1864 1888 1918 1929 et
1947 1872 2115 1932 multo
2140 1878 2321 1948 plures

730 1966 1077 2020 crediderunt
1100 1976 1323 2036 propter
1341 1968 1646 2021 doctrinam
1670 1967 1807 2035 ejus.
1844 1988 1862 2020 ι
1893 1969 2133 2025 Tametsi
2157 1986 2320 2025 evan-

728 2058 920 2127 gelista
954 2072 1062 2111 non
1092 2066 1313 2113 enarret
1349 2058 1721 2129 particulatim
1752 2062 2025 2117 mirabilia
2058 2064 2321 2118 doctrinm

725 2148 841 2217 ejus
872 2150 1058 2215 verba,
1084 2159 1282 2205 eventu
1312 2160 1491 2204 tamen
1518 2151 1695 2215 docet,
1730 2161 1787 2205 ut
1818 2153 2183 2223 intelligamus
2213 2156 2322 2209 vir-

728 2253 893 2296 tutem
920 2243 1116 2297 divinas
1157 2243 1302 2298 illius
1331 2243 1615 2298 doctrinae.
1648 2242 1785 2298 Nam
1825 2257 1879 2300 et
1923 2246 2089 2301 multa
2131 2249 2234 2302 alia
2266 2258 2321 2304 et

728 2349 923 2403 magna
955 2344 1241 2390 transeunt
1264 2336 1631 2407 evangelista,
1656 2352 1721 2391 eo
1744 2339 1886 2407 quod
1907 2354 2013 2394 non
2040 2342 2106 2394 ad
2135 2352 2321 2395 osten-

728 2428 1009 2488 tationem,
1045 2425 1143 2480 sed
1178 2427 1243 2479 ad
1280 2428 1566 2485 veritatem
1613 2426 1994 2484 declarandam
2048 2432 2318 2487 scribunt.

722 2517 908 2587 Itaque
936 2535 1057 2574 cum
1087 2519 1350 2576 Dominus
1382 2534 1529 2577 esset
1556 2524 1697 2594 apud
1733 2522 2145 2595 Samaritanos,
2177 2530 2319 2584 veri-

723 2612 903 2666 simile
945 2620 1027 2665 est
1069 2628 1191 2666 eum
1236 2613 1508 2667 diviniora
1556 2614 1804 2683 quaedam
1854 2615 2139 2683 docuisse;
2178 2622 2319 2675 unde

723 2705 871 2759 nullo
918 2704 1036 2760 viso
1069 2706 1224 2776 signo
1259 2710 1527 2772 credunt,
1569 2716 1623 2762 et
1662 2709 1954 2764 obsecrant
1984 2720 2041 2763 ut
2078 2723 2316 2766 maneat.

721 2794 892 2851 Judzbi
930 2807 1111 2850 autem
1145 2798 1394 2866 quamvis
1424 2799 1671 2868 pluribus
1702 2802 2047 2857 sermonibus
2073 2811 2126 2856 et
2152 2804 2319 2874 signis

726 2887 1061 2953 fruerentur,
1100 2890 1278 2943 adhuc
1334 2893 1826 2960 persequebantur,
1874 2893 2121 2965 profecto
2162 2915 2179 2947 ι
2227 2897 2324 2951 ini-

724 2981 847 3033 mici
894 2981 1161 3044 hominis,
1199 2982 1485 3038 domestici
1520 2984 1637 3053 cjus
1667 2985 1734 3039 “.
1769 3004 1788 3036 ι
1842 2984 1978 3041 Vide
2024 2987 2153 3043 item
2186 3003 2321 3058 quo—

724 3072 883 3126 modo
918 3071 1067 3126 brevi
1121 3071 1414 3129 multitudo
1459 3075 1733 3145 praecellat
1780 3093 1900 3133 eam
1949 3094 1978 3133 a
2010 3095 2115 3149 qua
2156 3082 2316 3136 docta

721 3164 901 3220 fuerat
924 3183 936 3218 :
963 3181 1067 3220 non
1100 3168 1243 3220 enim
1271 3168 1594 3236 prophetam
1618 3179 1837 3235 vocant,
1865 3187 2037 3241 neque
2071 3173 2315 3229 Salvato—
2344 3189 2385 3247 ο

720 3273 836 3312 rem
870 3258 1071 3321 Israel,
1106 3259 1200 3315 sed
1231 3260 1418 3315 mundi
1454 3277 1468 3315 :
1507 3272 1563 3316 et
1603 3278 1726 3317 cmn
1750 3264 2009 3330 articulo,
2042 3285 2059 3317 ι
2096 3266 2195 3322 llic
2234 3277 2318 3323 est

724 3354 973 3407 Salvator
998 3395 1013 3419 ,
1046 3373 1065 3405 ι
1114 3353 1203 3409 ille
1236 3354 1459 3424 proprie
1497 3365 1549 3410 et
1572 3370 1702 3411 vere
1750 3358 2062 3417 salvaturns
2104 3376 2316 3416 omnes.

725 3443 1001 3499 Venerunt
1048 3446 1192 3499 enim
1250 3446 1404 3500 multi
1444 3456 1500 3501 ut
1528 3448 1826 3515 salvarent.
1860 3463 1917 3507 et
1942 3452 2047 3517 lex,
2101 3463 2155 3509 et
2196 3470 2320 3524 pro—

719 3538 895 3605 phetae
918 3546 972 3590 et
998 3538 1208 3606 angeli;
1248 3539 1341 3593 sed
1381 3539 1468 3592 hic
1497 3548 1579 3594 est
1611 3541 1703 3597 ille
1740 3557 1902 3599 verus
1936 3544 2206 3602 Salvator.

792 3707 953 3763 \‘eas.
1000 3709 1193 3763 43-45.
1239 3727 1259 3760 ι
1301 3710 1428 3766 Post
1460 3711 1596 3768 duos
1629 3727 1811 3771 autem
1848 3719 1964 3773 dies
1997 3721 2129 3777 exiit
2164 3722 2310 3789 inde,

714 3811 770 3855 et
800 3802 936 3853 abiit
986 3802 1037 3854 in
1070 3799 1371 3855 Galilream.
1410 3803 1528 3871 Ipse
1573 3807 1720 3859 enim
1773 3806 1931 3863 .Iesus
1965 3820 2192 3867 testatus
2230 3823 2314 3868 est

714 3892 856 3957 quod
900 3893 1162 3961 propheta
1200 3894 1254 3946 in
1283 3908 1397 3967 sua:
1413 3898 1588 3964 patria
1624 3898 1883 3955 honorem
1914 3895 2033 3957 non'
2066 3904 2310 3961 haberet.

713 3982 847 4036 Cum
899 3999 1029 4054 ergo
1073 3986 1315 4040 venisset
1363 3988 1416 4039 in
1454 3986 1765 4058 Galilaeam,
1818 4006 2152 4063 exceperunt
2188 4012 2311 4051 enim

716 4074 951 4141 Galileei,
972 4093 1093 4130 cum
1117 4079 1302 4131 omnia
1329 4080 1593 4137 vidissent
1622 4098 1740 4152 quas
1770 4082 2312 4160 feceratHierosoly-

715 4171 815 4221 mis
861 4171 910 4221 in
954 4170 1040 4225 die
1071 4170 1249 4236 festo;
1292 4188 1419 4229 nam
1448 4185 1501 4228 et
1530 4176 1629 4243 ipsi
1666 4188 1929 4232 venerant
1956 4180 2024 4235 ad
2060 4184 2200 4236 diem
2232 4183 2309 4239 fe-

712 4268 876 4312 stum.
917 4277 934 4309 ι
972 4260 1104 4313 Cum
1134 4262 1351 4315 exisset
1382 4278 1409 4315 a
1448 4264 1694 4319 Samaria
1727 4254 1990 4323 Dominus
2017 4310 2032 4334 ,
2077 4270 2129 4323 in
2158 4271 2307 4330 Gali-

713 4352 866 4405 lream
892 4353 1214 4421 digreditur.
1246 4356 1449 4410 Deinde
1474 4372 1540 4411 ne
1569 4361 1691 4427 quis
1742 4361 1989 4430 inquirat
2017 4374 2071 4416 et
2104 4366 2311 4421 dubitet

711 4460 879 4511 quare
906 4460 1009 4499 non
1038 4461 1258 4515 semper
1286 4458 1499 4503 maneat
1530 4451 1583 4503 iu
1608 4450 1851 4517 Galilaea,
1887 4456 1981 4509 sed
2022 4470 2118 4525 per
2144 4458 2311 4511 inter-

2435 616 2524 654 ναι
2556 598 2689 668 παρ’
2718 596 2906 659 αὐτοῖς
2926 609 2941 624 ⁶
2975 593 3073 648 καλ
3104 593 3326 664 ἔμεινεν
3356 594 3478 646 ἑκεῖ
3521 592 3619 646 δύο
3662 590 3909 662 ἡμέρας,
3951 593 4046 644 καὶ

2435 688 2615 759 πολλῷ
2644 687 2864 751 πλείους
2885 687 3224 740 ἑπίστευσαν
3243 685 3332 738 διά
3359 690 3452 738 τον
3477 684 3638 752 λόγον
3668 682 3869 737 αὑτοῦ·
3892 686 3961 753 τῇ
3986 700 4045 736 τε

2434 780 2657 849 γυναικὶ
2686 778 2875 845 ἔλεγον
2898 819 2913 845 ,
2943 778 3026 832 ὅτι
3080 778 3197 831 Οὐκ
3229 776 3312 831 ἔτι
3341 776 3430 829 διά
3457 777 3558 846 τὴν
3588 776 3690 846 σὴν
3720 776 3926 829 λαλιάν
3952 792 4044 827 su-

2433 872 2719 941 στεύομεν·
2765 869 2923 927 αὐτοὶ
2978 868 3089 941 γὰρ
3136 868 3481 939 ἀκηκόαμεν,
3532 868 3631 921 καὶ
3667 868 3923 938 οῐδαμεν,
3960 868 4041 921 ὅτι

2431 959 2589 1029 οὗτός
2616 965 2764 1015 ἑστιν
2791 961 3054 1032 άληθῶςό
3079 958 3277 1032 Σωτὴρ
3297 960 3392 1014 τοῦ
3418 960 3629 1028 κόσμου
3651 962 3680 1013 6
3709 961 3982 1031 Χριστός.
4020 978 4038 1011 ι

2433 1056 2531 1109 Διά
2570 1054 2661 1108 τὸν
2702 1053 2860 1122 λόγον
2910 1052 3013 1122 τῆς
3050 1052 3312 1122 γυναικὸς
3350 1051 3703 1111 πιστεύουσιν
3745 1052 3800 1103 oi
3846 1050 4042 1120 Σαμα-

2435 1152 2617 1219 ρείται
2638 1188 2654 1215 ,
2688 1147 2765 1210 ὡς
2798 1146 3011 1201 συνετοὶ
3040 1146 3172 1218 παρ’
3203 1146 3418 1207 ἑαυτοῖς
3463 1143 3757 1215 κρίναντες
3777 1182 3795 1206 ,
3831 1142 3911 1205 ὡς
3943 1142 4044 1194 οὐκ

2438 1240 2507 1296 ἂν
2534 1240 2627 1293 τὸν
2658 1240 2859 1293 οἰκεῖον
2895 1237 3009 1309 βίον
3042 1239 3075 1307 ἠ
3125 1236 3264 1307 γυνὴ
3305 1237 3721 1305 ἑξεπόμπευσεν
3755 1235 3906 1305 ὑπὲρ
3948 1234 4041 1286 τοῦ

2432 1332 2772 1402 χαρίσασθαι
2807 1330 2982 1401 ἑτέρῳ
3004 1370 3019 1393 ,
3054 1329 3105 1382 εί
3140 1330 3215 1399 μὴ
3250 1328 3470 1400 ἀληθῶς
3507 1329 3685 1398 μέγας
3715 1345 3805 1390 τις
3842 1322 3918 1397 ἦν
3947 1328 4041 1380 καὶ

2431 1423 2574 1492 ὑπὲρ
2602 1420 2729 1485 τοὺς
2754 1421 2983 1483 πολλοὺς
3009 1422 3036 1473 6
3062 1419 3155 1472 ὑπ’
3177 1419 3351 1488 αὐτῆς
3376 1419 3809 1490 κηρυττόμενος·
3833 1417 3923 1471 διὸ
3943 1418 4038 1469 καὶ

2430 1516 2531 1585 τὴν
2557 1516 2745 1567 πίστιν
2766 1515 2876 1575 τοῖς
2910 1514 3092 1580 ἔργοις
3126 1510 3458 1575 δεικνύντες,
3490 1510 3844 1579 παρεκάλουν
3871 1510 4039 1561 αὐτὸν

2428 1602 2493 1655 δι’
2515 1603 2638 1656 δλου
2664 1603 2795 1672 παρ’
2820 1603 3037 1663 ἑαυτοῖς
3062 1595 3225 1655 εἶναι’
3256 1600 3317 1654 τὸ
3344 1602 3472 1671 γὰρ,
3504 1618 3523 1651 ι
3563 1602 3773 1668 μεῖναι,
3811 1617 3831 1650 ι
3880 1599 4040 1654 τοῦτο

2429 1698 2686 1768 σημαίνει
2720 1696 2781 1749 τὸ
2843 1695 3173 1765 κατοικῆσαι
3208 1694 3433 1757 τελείως
3471 1693 3599 1765 παρ’
3627 1694 3842 1755 αὐτοῖς.
3898 1692 3959 1744 '0
3985 1693 4039 1745 δὲ

2428 1788 2587 1842 τοῦτο
2616 1788 2717 1859 μὲν
2744 1790 2805 1842 ού
2842 1788 3133 1853 πείθεται,
3162 1787 3259 1841 δύο
3286 1786 3343 1840 δὲ
3389 1786 3557 1857 μόνας
3593 1786 3815 1855 ἡμέρας
3860 1786 4035 1853 μένεν

2426 1882 2551 1934 ὅθεν
2604 1879 2700 1932 καὶ
2743 1880 2923 1944 πολλῷ
2957 1880 3181 1942 πλείους
3216 1878 3400 1931 αὐτῶν
3436 1878 3775 1930 ἐπίστευσαν
3816 1877 3913 1929 διὰ
3942 1876 4037 1946 τὴν

2424 1970 2777 2024 διδασκαλίαν
2810 1968 2998 2024 αὑτοῦ.
3027 1970 3135 2022 Καὶ
3162 1968 3272 2039 γὰρ
3293 1970 3320 2022 6
3343 1968 3749 2036 εὐαγγελιστὴς
3779 1966 3884 2018 οὐκ
3910 1967 4038 2034 ἐξη-

2424 2064 2607 2130 γεῖται
2662 2062 2732 2116 τά
2792 2063 2936 2115 κατὰ
2992 2061 3157 2133 μέρος
3211 2060 3503 2130 θαυμαστά
3537 2060 3639 2128 τῆς
3675 2058 4036 2119 διδασκαλίας

2425 2152 2595 2207 αὐτοῦ
2643 2155 2908 2227 ῥήματα,
2946 2153 3061 2206 ἀλλ’
3097 2154 3230 2223 ἡμῖν
3266 2168 3344 2218 »γε
3387 2152 3576 2204 δίδωσι
3628 2153 3775 2204 νοεῖν
3827 2153 3897 2203 ἐκ
3944 2148 4036 2201 τοῦ

2423 2247 2615 2310 τέλους
2646 2249 2753 2299 τῶν
2788 2246 3137 2317 πραγμάτιον
3163 2246 3262 2315 τὴν
3285 2244 3517 2314 δύναμιν
3550 2243 3649 2312 τῆς
3684 2243 3839 2305 θείας
3867 2242 4035 2297 αὑτοῦ

2423 2340 2798 2402 διδασκαλίας.
2834 2338 3015 2391 Πολλὰ
3044 2339 3153 2408 γάρ
3186 2354 3267 2390 τοι
3292 2337 3390 2393 καὶ
3418 2338 3528 2390 τῶν
3554 2337 3818 2406 μεγάλων
3852 2352 4037 2404 παρα-

2423 2434 2715 2505 τρέχουσιν
2751 2433 2797 2484 οί
2826 2430 3238 2499 εὐαγγελισταὶ,
3264 2432 3346 2484 ὃτι
3378 2429 3455 2501 μὴ
3482 2429 3619 2500 πρὸς
3645 2426 3918 2492 ἐπίδειξιν
3942 2429 4037 2480 καὶ

2424 2522 2740 2592 φιλοτιμίαν
2756 2522 3083 2591 γράφουσιν,
3108 2519 3245 2575 άλλά
3272 2520 3410 2590 πρὸς
3431 2521 3719 2591 ἀλήθειαν.
3747 2521 3861 2574 Καὶ
3883 2522 4036 2589 παρὰ

2421 2616 2535 2676 τοῖς
2585 2614 2963 2684 Σαμαρείταις
3009 2611 3104 2665 οὖν
3148 2615 3449 2682 γενόμενον
3484 2612 3580 2663 τὸν
3628 2610 3842 2681 Κύριον
3886 2609 4034 2670 εἰκὸς

2424 2707 2676 2774 θειότερα
2700 2722 2824 2758 τινα
2864 2705 3097 2771 διδάξαι·
3134 2704 3257 2759 ὅθεν
3286 2704 3409 2757 ούδὶ
3446 2705 3677 2773 σημεῖον
3707 2702 3869 2754 οὐδὲν
3895 2702 4033 2753 ίδόνο

2425 2814 2538 2863 τες,
2586 2796 2907 2850 πιστεύουσι
2957 2798 3051 2850 καὶ
3079 2794 3469 2866 παρακαλοῦσι
3520 2795 3731 2864 μένειν.
3786 2794 4035 2846 Ἰουδαῖοι

2424 2890 2481 2945 δὲ
2503 2890 2600 2943 καὶ
2627 2890 2803 2957 λόγων
2829 2890 3043 2959 μυρίων
3073 2891 3171 2942 καὶ
3200 2888 3449 2960 σημείων
3478 2886 4033 2947 καταπολαύσαντες.

2424 2980 2505 3037 ἔτι
2542 2981 2789 3045 ἐδίωκον,
2822 2980 2995 3043 ὅντως
3028 2998 3046 3031 ι
3087 2980 3272 3051 ἐχθροὶ
3300 2978 3396 3031 τοῦ
3424 2978 3717 3049 ἀνθρώπου
3750 2981 3800 3031 οε
3824 2981 4033 3030 οἰκεια-

2424 3071 2511 3122 κοὶ
2533 3070 2721 3127 αὑτοῦ.
2769 3088 2788 3121 ι
2827 3071 2969 3140 Ὅρα
2998 3070 3054 3126 δέ
3084 3087 3173 3140 μοι
3207 3070 3379 3123 πόσον
3407 3068 3582 3140 βραχὺ
3604 3070 3666 3122 τὸ
3695 3070 3915 3139 πλῆθος
3940 3071 4033 3139 τὴν

2422 3164 2714 3231 διδάξασαν
2748 3162 2949 3225 αὖτοὺς
2984 3162 3450 3232 ὑπερηκόντισαν,
3484 3164 3559 3216 Οὐ
3594 3162 3702 3231 γάρ
3737 3165 4032 3233 προφήτην

2422 3258 2587 3310 αύτὶν
2615 3255 2891 3323 λέγουσιν,
2925 3254 3047 3309 οὐδὲ
3082 3255 3315 3325 Σωτῆρα
3342 3254 3437 3307 τοῦ
3487 3256 3727 3325 Ἰσραὴλ,
3762 3256 3909 3307 ἀλλὰ
3940 3255 4031 3307 τοῦ

2420 3352 2653 3423 κόσμου,
2686 3352 2781 3404 καὶ
2816 3349 2957 3421 μετὰ
2991 3348 3087 3403 τοῦ
3126 3350 3355 3421 ἄρθρου,
3409 3369 3427 3401 ι
3463 3344 3636 3413 Οὗτός
3672 3352 3827 3403 ἐστιν
3865 3352 3894 3403 6
3928 3352 4030 3403 Σω-

2420 3445 2545 3515 τὴρ,
2583 3464 2600 3495 ι
2641 3447 2668 3497 6
2697 3444 2903 3513 κυρίως
2935 3444 3030 3496 καὶ
3071 3442 3147 3513 τῷ
3178 3443 3291 3496 δντι
3326 3443 3505 3505 σώσας
3542 3446 3785 3507 πάντας.
3821 3440 4031 3497 Ἷιλθον

2424 3539 2522 3605 μὲν
2548 3536 2658 3607 γὰρ
2692 3538 2877 3590 πολλοὶ
2909 3538 3104 3605 σῶσαι,
3136 3537 3229 3590 καὶ
3254 3536 3440 3608 νόμος,
3471 3537 3563 3589 καὶ
3594 3538 3913 3606 προφῆται,
3942 3539 4031 3589 καί

2418 3629 2663 3698 ἄγγελοι,
2690 3630 2807 3683 ἀλλ’
2838 3623 2995 3691 οὗτός
3024 3632 3175 3683 ἐστιν
3205 3633 3233 3683 6
3262 3611 3521 3700 ἀληθινὸς
3559 3631 3780 3699 Σωτήρ.

2497 3742 2515 3774 ι
2550 3724 2707 3778 Μετά
2755 3723 2813 3775 δὲ
2861 3723 2961 3786 τὰς
3006 3722 3099 3775 δύο
3128 3724 3349 3793 ἡμέρας
3378 3723 3607 3792 ἐξῆλθεν
3639 3724 3858 3777 ἐκεῖθεν
3883 3764 3899 3788 ,
3936 3726 4028 3777 καὶ

2418 3816 2661 3884 ἀπῆλθεν
2719 3818 2799 3879 είς
2852 3816 2952 3885 τὴν
2985 3816 3315 3870 Γαλιλαίανο
3369 3818 3533 3875 αὐτὸς
3582 3818 3694 3889 γάρ
3729 3819 3759 3871 6
3817 3818 4029 3887 Ίησοίς

2420 3908 2847 3978 ἐμαρτύρησεν,
2888 3911 2970 3961 ὅτι
3008 3911 3297 3980 προφήτης
3330 3912 3387 3963 ἑν
3427 3913 3493 3981 τῇ
3539 3912 3645 3981 ίδίᾳ
3682 3913 3915 3981 πατρίδι
3952 3930 4027 3965 τι·

2421 3999 2529 4069 μὴν
2573 4000 2673 4052 οὐκ
2721 3998 2856 4069 ἔχει.
2891 4000 3023 4053 Ὅτε
3072 3997 3167 4054 οὖν
3215 3998 3381 4072 ἦλθεν
3419 4004 3499 4065 είς
3544 4005 3646 4074 τὴν
3701 4004 4024 4061 Γαλιλαίαν.

2416 4089 2668 4155 ἑδέξαντο
2715 4092 2877 4143 αὑτὸν
2916 4093 2967 4144 ot
2999 4091 3313 4157 Γαλιλαῖοι,
3351 4093 3530 4146 πάντα
3579 4095 3900 4164 ἑωρακότες
3930 4097 4026 4147 ὅσα

2414 4181 2675 4253 ἐποίησεν
2694 4185 2753 4235 ἐν
2787 4182 3189 4255 Ἰεροσολύμοις
3216 4187 3275 4238 ὲν
3301 4189 3365 4255 τῇ
3394 4188 3577 4256 ἑορτῇ’
3603 4189 3696 4238 καὶ
3726 4190 3891 4240 αὐτοὶ
3920 4189 4026 4258 γάρ

2411 4268 2580 4344 ἦλθον
2605 4275 2685 4337 εἰς
2714 4275 2813 4345 τὴν
2858 4277 3075 4345 ἑορτήν.
3124 4295 3142 4328 ι
3188 4277 3452 4340 Ἐξελθὼν
3494 4280 3603 4332 ἀπὸ
3646 4281 3970 4352 Σαμαρείας
3998 4288 4024 4333 ο

2414 4366 2649 4437 Κύριος,
2680 4370 2758 4431 είς
2786 4370 2886 4438 τὴν
2927 4370 3220 4425 Γαλιλαίαν
3254 4374 3580 4442 ἀπέρχεται.
3620 4372 3783 4441 Εἶτα,
3820 4377 3911 4427 ἶνα
3950 4377 4020 4451 μὴ

2412 4458 2647 4531 ἐξετάζῃ
2686 4476 2804 4526 τις,
2847 4461 2943 4514 καὶ
2975 4462 3209 4534 διαπαρῇ
3238 4505 3252 4524 ,
3292 4466 3439 4528 τίνος
3483 4467 3672 4519 ἕνεκεν
3704 4470 3810 4521 οὐκ
3856 4472 3916 4521 ἐν
3958 4473 4022 4540 τῇ

708 4538 845 4591 Valla
881 4540 1261 4607 peregrinetur
1291 4542 1436 4610 apud
1468 4559 1586 4608 eos,
1618 4545 1860 4601 maxime
1900 4563 2026 4603 cum
2061 4549 2307 4607 videatur

2421 4550 2677 4623 Γαλιλαίᾳ
2708 4553 2797 4606 ἀεὶ
2827 4548 2917 4620 ἦν,
2950 4555 3066 4607 ἀλλ’
3095 4559 3160 4609 ἐκ
3186 4556 3584 4629 διαλείμματος
3618 4562 3806 4623 αὐτοῖς
3832 4538 4021 4631 ἑπιδηξ

706 4645 825 4683 esse
856 4645 919 4684 ex
947 4630 1170 4688 Galilwa
1201 4651 1213 4687 :
1248 4636 1379 4689 dicit
1411 4639 1557 4705 quod
1584 4648 1877 4709 propterea
1908 4658 2011 4695 non
2046 4648 2309 4702 manserit

709 4721 760 4773 in
814 4720 1062 4789 Galilrea,
1107 4728 1232 4794 quia
1268 4727 1475 4782 nullum
1510 4729 1774 4785 honorem
1814 4732 1889 4785 illi
1919 4734 2307 4794 exltihuerant.

713 4833 728 4863 ι
765 4815 885 4883 Ipse
910 4819 1056 4871 enim
1088 4818 1247 4875 Jesus
1269 4829 1500 4877 testatus
1521 4823 1635 4877 ‘fuit
1664 4827 1806 4895 quod
1838 4818 2102 4897 propheta
2135 4833 2186 4885 iu
2214 4849 2309 4888 sua

704 4910 876 4975 patria
910 4911 960 4963 in
1004 4910 1211 4965 honore
1244 4928 1350 4968 non
1394 4916 1488 4970 sit.
1530 4935 1548 4969 ι
1584 4916 1986 4977 Consuevimus
2033 4926 2176 4980 enim
2213 4943 2312 4984 nos

704 5002 954 5058 homines
982 5014 1337 5062 contemnere
1380 5023 1441 5061 ea
1470 5025 1591 5079 qua:
1620 5014 1774 5067 valde
1806 5012 2096 5071 familiaria
2124 5059 2137 5081 ,
2170 5035 2312 5073 sem-

706 5108 801 5159 per
838 5096 1009 5163 magis
1050 5100 1399 5156 attendentes
1427 5103 1620 5157 alienis
1651 5114 1703 5159 et
1736 5106 1999 5163 insolitis.
2035 5108 2174 5175 Quid
2206 5113 2307 5181 igi-

705 5186 831 5237 tur?
858 5186 971 5240 Nou
998 5189 1248 5245 videmus
1275 5194 1441 5247 etiam
1466 5195 1669 5251 multos
1695 5200 1837 5267 apud
1866 5215 1994 5255 suos
2025 5203 2075 5255 in
2103 5202 2307 5259 honore

705 5277 933 5331 haberi?
975 5278 1120 5335 Sane
1156 5283 1260 5337 hoc
1298 5286 1451 5340 valde
1485 5304 1695 5343 rarum.
1725 5289 1781 5345 Si
1834 5303 2015 5347 autem
2058 5296 2304 5351 nonnulli

703 5370 1053 5425 inveniuntur
1099 5374 1192 5443 qui
1231 5377 1282 5429 iu
1318 5379 1491 5443 patria
1525 5395 1619 5433 sua
1665 5382 1714 5435 in
1752 5382 1915 5455 565
1956 5387 2163 5442 honore
2206 5388 2305 5441 ha-

701 5462 918 5523 bentur,
971 5464 1141 5519 multo
1184 5468 1357 5537 magis
1404 5469 1455 5521 in
1489 5479 1630 5525 terra
1662 5473 1837 5529 aliena
1870 5493 1882 5528 :
1920 5477 1990 5529 ita
2022 5489 2077 5531 ut
2122 5479 2298 5534 honor

699 5556 786 5621 qui
821 5558 897 5607 cis
932 5556 981 5607 in
1024 5561 1196 5625 patria
1233 5560 1598 5629 impenditur,
1634 5565 1677 5617 si
1712 5566 2029 5622 conferatur
2059 5586 2182 5625 cum
2230 5588 2297 5627 eo

700 5646 790 5716 qui
825 5650 873 5699 in
907 5660 1048 5702 terra
1084 5652 1283 5719 aliena,
1323 5655 1618 5723 ignominia
1645 5670 1766 5714 esse
1795 5658 2124 5719 inveniatur.
2160 5662 2294 5721 Nam

769 5831 811 5860 ⁵⁸
849 5830 1009 5889 Μὲςίι,
1048 5852 1141 5900 \‘Il,
1169 5838 1219 5890 (3.

2412 4646 2524 4713 μεῖ,
2562 4646 2656 4697 καὶ
2683 4645 2857 4699 ταῦτα
2887 4649 2953 4699 ἑκ
2982 4650 3083 4719 τῆς
3106 4650 3401 4713 Γαλιλαίας
3434 4648 3574 4705 εἶναι
3601 4653 3801 4717 δοκῶν,
3831 4662 4019 4724 φησὶν,

2408 4736 2491 4787 δτι
2524 4734 2615 4788 διὰ
2642 4734 2802 4789 τοῦτο
2828 4738 2928 4791 οὐκ
2952 4740 3011 4791 ὲν
3035 4744 3101 4809 τῇ
3136 4740 3397 4812 Γαλιλαίᾳ
3424 4745 3727 4813 παρέμενε,
3758 4748 3900 4799 διείτι
3933 4752 4017 4800 οὐκ

2407 4827 2603 4897 δεμίαν
2639 4829 2802 4900 τιμὴν
2839 4832 2974 4901 πρὸς
3007 4832 3173 4886 αὑτὸν
3200 4834 3597 4890 ἐνεδείκνυντο.
3644 4856 3661 4887 ι
3699 4841 3881 4903 Αὐτὸς
3913 4844 4017 4911 γὰρ

2409 4925 2439 4975 6
2504 4920 2713 4991 Ἰησοῦς
2752 4923 3177 4994 ἐμαρτύρησεν,
3234 4926 3317 4979 ὅτι
3359 4931 3753 5001 προφήτηςὲν
3804 4937 3872 5001 τῇ
3916 4937 4015 5005 ἰδέα

2413 5014 2639 5085 πατρίδι
2670 5014 2867 5085 ἄτιμός
2898 5017 3064 5070 ἑστιν.
3104 5037 3123 5069 ι
3164 5019 3453 5091 Είώθαμεν
3499 5022 3606 5093 γὰρ
3646 5025 3698 5076 οἱ
3730 5027 4015 5095 ἄνθρωποι

2406 5106 2520 5160 τῶν
2560 5107 2617 5159 ὲν
2666 5107 2927 5179 συνηθείᾳ
2979 5116 3366 5182 καταφρονεῖν,
3407 5118 3496 5167 ἀεὶ
3546 5120 3663 5181 τοίς
3704 5119 3886 5185 ξένοις
3931 5126 4013 5175 xxi

2405 5198 2604 5269 ἀηθέσι
2652 5199 3036 5269 προσέχοντες.
3078 5205 3145 5256 Τί
3185 5202 3318 5274 οὖν;
3362 5209 3475 5279 Οὐχ
3506 5211 3729 5280 ὁρῶμεν
3788 5217 4013 5279 πολλοὺς

2405 5292 2502 5345 καὶ
2525 5293 2677 5363 παρὰ
2709 5295 2824 5357 τοῖς
2847 5297 3073 5360 οίκεὶοις
3096 5302 3475 5370 τιμωμένους;
3505 5305 3761 5359 Μάλιστα
3804 5310 3906 5377 μὲν
3929 5307 4011 5363 οὖν.

2407 5388 2636 5441 σπάνιον
2672 5389 2736 5441 τὸ
2777 5390 3042 5447 τοιοῦτον
3076 5393 3205 5447 είδέ
3232 5394 3333 5447 πού
3368 5413 3515 5461 τινες
3540 5399 3825 5469 εὑρεθεῖεν
3860 5408 3918 5457 ἐν
3952 5409 4009 5475 τῇ

2406 5480 2627 5551 πατρίδι
2678 5482 3016 5553 τιμώμενοι,
3068 5486 3252 5557 πολλῴ
3294 5490 3497 5561 μᾶλλον
3534 5495 3593 5546 ἐν
3638 5499 3705 5565 τῇ
3756 5500 4007 5570 ἀλλοτρίᾳ

2406 5574 2847 5647 τιμηθήσονται,
2888 5579 3031 5633 ὥστε
3061 5587 3465 5656 συγκρινομένη
3500 5589 3533 5657 ή
3578 5590 3637 5642 ὲν
3677 5594 3746 5660 τῇ
3797 5596 4003 5663 πατρίδι

2409 5669 2542 5740 τιμὴ
2584 5674 2719 5741 πρὸς
2748 5672 2848 5744 τὴν
2876 5676 2933 5729 ἐν
2964 5679 3029 5747 τῇ
3072 5677 3357 5752 ἀλλοτρίᾳ,
3391 5682 3587 5753 ἀτιμία
3620 5687 4001 5758 εὑρεθήσεται.
