4218 6424
219 415 362 488 1253

903 407 1354 473 ENARRATIO
1391 406 1472 470 ΙΝ
1507 401 2018 468 EVANGELIUM
2065 397 2415 465 IOANNIS.
2457 422 2530 438 -·-
2567 396 2728 462 CAP.
2768 395 2867 462 IV.

3386 390 3534 460 1256

230 537 290 588 ὐ
319 531 429 603 γάρ
456 547 541 585 τοι
572 529 792 600 φθόνος,
825 527 938 591 τοῖς
966 522 1423 596 συμπατριώταις
1450 521 1516 576 οὐ
1545 518 1825 590 συγχωρεῖ

1929 515 2133 574 lnridia
2184 511 2571 587 eompatriotis
2609 527 2716 568 non
2750 510 2881 568 sinit
2917 522 3218 580 congruum
3265 508 3558 566 honorem

215 624 319 695 τὴν
358 623 746 694 προσήκουσαν
772 617 942 688 τιμὴν
974 615 1293 670 ἀποδιδόναι
1319 654 1334 680 ,
1363 614 1482 668 ἀλλ’
1512 610 1820 682 ὁφειμίνην

216 720 320 788 τὴν
344 715 553 785 ταύτην
587 711 958 775 ἀποδιδόασιν,
983 709 1250 780 αἰσχύνην
1284 704 1821 777 οίκείανήγούμινοι

216 810 319 882 τὴν
341 807 437 862 τοῦ
463 803 739 876 ὁμοφύλου
764 801 1146 872 εὐδοκίμησιν.
1189 798 1433 853 Ἐλθόντι
1470 793 1565 853 οὖν
1599 797 1678 868 τῷ
1709 797 1822 850 Κυ-

222 902 326 972 ρίῳ
349 901 429 963 είς
453 896 748 950 Γαλιλαίαν
772 895 1102 948 ἐπίστευσαν
1123 894 1174 948 oi
1195 891 1497 958 Γαλιλαῖοι,
1522 891 1593 944 τά
1614 889 1824 960 σημεῖα

222 997 426 1056 ίδόντες
456 990 493 1045 ἃ
525 989 783 1061 ίποίησεν
809 990 868 1044 ἐν
909 985 1331 1057 Ἰεροσολύμοις.
1366 984 1515 1054 Πλὴν
1545 985 1594 1038 οί
1631 985 1822 1054 Σαμα-

223 1087 403 1156 ρεῖται
431 1081 831 1153 δοκιμώτεροι⁹
860 1083 910 1134 οί
953 1080 1051 1134 καὶ
1086 1081 1258 1151 χωρὶς
1300 1078 1550 1151 σημείων
1595 1075 1824 1130 πιστεύει-

224 1193 421 1240 σαντες
445 1177 554 1229 ἀπὸ
582 1175 675 1228 τοῦ
715 1173 876 1242 λόγου
905 1175 1004 1242 τῆς
1035 1173 1315 1242 γυναικός.
1347 1171 1494 1241 Ὅρα
1523 1170 1580 1224 δὲ
1611 1185 1822 1222 παντα-

224 1267 322 1335 χοῦ
348 1270 473 1329 τοὺς
514 1266 858 1336 ἀποϐλήτους
904 1265 1006 1338 μὲν
1044 1262 1362 1326 δοκοῦντας,
1395 1260 1823 1334 εὐδοκιμοῦντας

222 1363 283 1411 ἓν
317 1363 380 1430 τῇ
409 1362 591 1412 πίστει
640 1358 997 1430 Σαμαρείτας
1025 1358 1174 1427 λέγω
1208 1361 1304 1410 καὶ
1327 1355 1669 1412 Γαλιλαίουςο
1703 1354 1825 1423 (καὶ

222 1457 334 1523 γὰρ
373 1453 468 1506 κει
498 1451 722 1513 τούτους
747 1450 1062 1515 ὲξουθένουν
1092 1451 1168 1514 ὼς
1189 1450 1582 1521 ἀγροικότερον
1610 1448 1824 1507 διακει-

227 1548 448 1618 μένουςο
480 1544 560 1597 διὸ
591 1544 684 1598 καὶ
723 1531 932 1612 ἔλεγόν.
966 1545 1048 1598 ὅτι
1079 1563 1097 1595 ι
1130 1543 1425 1616 Προφήτης
1449 1545 1514 1596 ὲκ
1543 1543 1643 1611 τῆς
1671 1541 1826 1595 Γαλι-

221 1630 385 1700 λαίας
416 1638 519 1691 οὐκ
551 1637 898 1709 ἐγήγερται).
948 1656 967 1688 ι
1033 1638 1159 1702 τοὺς
1192 1638 1249 1690 δὲ
1279 1637 1574 1700 ἐκλεκτοὺς
1613 1639 1827 1707 νομιζο-

226 1731 446 1805 μένους,
470 1730 973 1800 ἀποῦαλλομένους,
1005 1725 1109 1783 οἷοι
1133 1725 1277 1800 ἦσαν
1301 1731 1350 1783 οί
1385 1729 1826 1800 Ἱεροσολυμῖται

237 1822 501 1883 Ἰουδαῖοι,
547 1822 784 1885 Εἰκότως
806 1821 915 1893 ἄρα
953 1822 1044 1876 καὶ
1064 1824 1113 1875 οἱ
1135 1821 1345 1876 ἐθνικοὶ
1380 1821 1822 1893 παρεδέχθημεν.

235 1917 328 1967 Ἑν
351 1917 460 1986 γὰρ
493 1917 561 1986 τῇ
593 1916 775 1987 οἰκείᾳ
813 1917 1059 1986 πατρίδι,
1090 1919 1155 1985 τῇ
1195 1916 1306 1969 τῶν
1347 1915 1647 1978 Ἰουδαίων,
1678 1918 1823 1979 εἴποι

221 2009 292 2060 ἄν
324 2025 427 2070 τις,
459 2007 779 2079 συναγωγῇ,
813 2009 983 2079 τιμὴν
1005 2010 1107 2062 οὐκ
1133 2008 1288 2080 ἔσχεν
1322 2010 1353 2063 ὁ
1378 2011 1665 2080 προφήτης
1697 2010 1824 2080 Χρι-

223 2103 376 2164 στὸς.
409 2101 554 2156 καθά
586 2103 832 2174 Μωῦσῆς
865 2103 1039 2172 λέγεί,
1067 2105 1151 2158 ὅτι
1181 2125 1199 2158 ι
1247 2106 1548 2178 Προφήτην
1579 2105 1825 2177 ἀναστή-

219 2211 306 2250 σει
334 2196 535 2266 Κύριος
560 2197 740 2266 ήμιίν.
783 2217 801 2250 ι

293 2283 499 2340 ἰίλθεν
528 2287 621 2341 οὖν
645 2290 673 2341 6
711 2287 915 2360 Ἰησοῦς
946 2288 1110 2342 πάλιν
1145 2291 1226 2352 εἰς
1255 2287 1356 2359 τὴν
1390 2290 1548 2343 Κανᾶ
1581 2291 1682 2360 τῆς
1719 2289 1827 2343 Γα-

218 2379 461 2445 λιλαίας,
518 2382 656 2434 ὅπου
709 2381 938 2452 ἐποίησε
989 2381 1050 2434 τὸ
1091 2380 1237 2453 ὕδωρ
1277 2377 1443 2437 οἶνον.
1483 2383 1598 2436 Καὶ
1637 2378 1706 2454 ἦν
1739 2398 1823 2446 τις

220 2474 406 2543 ﬂuuii:
446 2477 525 2540 ὃς,
557 2473 618 2526 οὗ
648 2477 676 2528 6
731 2476 842 2538 υίὸς
869 2475 1088 2543 ἠσθένει
1122 2477 1180 2528 ὲν
1215 2475 1612 2546 Καπερναούμ.
1653 2467 1825 2537 Οὗτος

223 2567 490 2631 ἀκούσας,
521 2569 604 2620 ὀει
649 2567 858 2637 Ἰησοῦς
885 2569 1013 2640 ἦκει
1041 2571 1104 2621 ὲκ
1137 2567 1239 2638 τῆς
1286 2567 1556 2633 Ἰουδαίας
1598 2569 1678 2632 είς
1723 2569 1826 2639 τὴν

224 2659 542 2723 Γαλιλαίαν,
581 2661 827 2731 ἀπῆλθεν
871 2649 1009 2732 πρὶς
1039 2662 1225 2724 αὐτὸν,
1255 2662 1351 2715 καὶ⁸
1395 2661 1584 2732 ⁴ίιριιῖιτοι
1635 2662 1822 2728 αὑτὸν,

221 2755 315 2808 ἶνα
349 2753 562 2825 καταϐῇ
617 2756 714 2807 καὶ
747 2755 968 2825 ίάσηται
996 2755 1160 2807 αὐτοῦ
1188 2755 1280 2807 τὸν
1307 2753 1422 2806 υἱόν
1443 2771 1458 2788 ο
1493 2753 1687 2825 ιμελλε
1713 2754 1826 2826 γὰρ

218 2847 614 2918 ἀποθνήσκειν.
641 2843 810 2902 Εἶπεν
835 2843 932 2902 οὖν
961 2850 990 2901 6
1038 2847 1259 2917 Ἰησοῦς
1296 2850 1435 2920 πρὸς
1466 2847 1656 2902 αὐτόν·
1695 2849 1826 2903 Ἐὰν

225 2940 308 3010 μὴ
331 2943 535 3010 σημεῖα
566 2942 660 2992 καὶ
692 2941 901 3010 τέρατα
931 2941 1102 3008 ἴδητε,
1141 2941 1204 2994 οὐ
1230 2940 1306 3012 μὴ
1331 2941 1688 3012 πιστεύσητε.
1716 2941 1826 2996 Λέ-

220 3049 314 3101 γει
347 3032 484 3102 πρὸς
513 3032 679 3085 αὑτὸν
707 3034 736 3085 6
782 3033 1062 3104 βασιλικός
1087 3049 1100 3063 ο
1134 3034 1334 3104 Κύριε,
1369 3033 1644 3106 κατάϐηθι
1690 3036 1824 3106 πρὶν

220 3122 520 3177 ἀποθανεῖν
554 3127 615 3176 τὸ
665 3125 880 3178 παιδίον
931 3141 1058 3195 μου.
1109 3125 1276 3194 Λέγει
1331 3125 1538 3196 αύτῷό
1584 3127 1824 3198 Ἰησοῦς

1927 611 2100 675 reddi,
2137 609 2232 665 sed
2265 621 2457 679 parum
2491 605 2596 661 illis
2633 605 2882 658 tribuunt
2926 603 3098 666 cives,
3131 615 3290 656 snam
3339 600 3536 656 confu-

1925 703 2135 760 sionem
2213 700 2601 756 existimantes
2649 697 2881 767 gloriam
2934 695 3348 751 contribulium.
3393 693 3533 749 Cum

1925 795 2167 850 venisset
2206 793 2372 865 igitur
2407 791 2673 847 Dominus
2719 791 2775 844 in
2828 787 3139 851 Galilaeam,
3177 787 3531 844 crediderunt

1925 887 2132 946 Galilaai
2157 925 2175 952 ,
2209 887 2336 958 quia
2365 885 2622 940 viderant
2648 883 2806 954 signa
2841 881 2982 935 facta
3025 881 3077 934 itt
3114 879 3532 952 Hierosolymis.

1925 981 2091 1052 Atqui
2141 977 2477 1036 Samaritani
2524 977 2872 1047 probatiores
2907 981 3065 1030 erant
3099 974 3190 1043 qui
3241 983 3296 1026 et
3326 974 3535 1042 absque

1925 1073 2097 1144 signis
2129 1070 2297 1126 verbo
2323 1069 2570 1126 mulieris
2597 1069 2972 1126 crediderant.
3020 1067 3153 1122 Vide
3183 1076 3371 1121 autem
3410 1066 3536 1121 nbi-

1925 1179 2034 1235 que
2061 1178 2158 1220 eos
2179 1163 2275 1234 qui
2297 1163 2490 1230 abjecti
2517 1162 2886 1225 habebantur,
2913 1159 3179 1216 celebrari
3207 1169 3263 1211 nt
3292 1158 3535 1228 potiores

1928 1258 2068 1325 (ide,
2102 1257 2484 1316 Samaritanos
2515 1257 2638 1312 dico
2678 1266 2734 1309 et
2780 1252 3056 1310 Galilrcos.
3089 1249 3226 1307 Nam
3262 1252 3362 1306 hos
3395 1267 3534 1306 eon-

1929 1353 2246 1409 temuebant
2276 1359 2335 1405 ut
2363 1349 2734 1423 agrestiores;
2769 1349 2888 1403 ideo
2917 1360 2967 1399 et
3007 1346 3264 1401 dicebant
3292 1360 3308 1400 :
3340 1362 3360 1396 ι
3403 1341 3542 1397 Pro-

1927 1447 2091 1515 pheta
2130 1458 2198 1497 εκ
2233 1440 2455 1498 ϐιιΙίΙιιιιι
2510 1457 2616 1495 non
2649 1440 2956 1496 surrexit"
2988 1481 3003 1505 ,
3069 1457 3086 1491 ι
3143 1452 3239 1494 eos
3280 1453 3411 1493 vero
3441 1436 3539 1508 qui

1927 1537 2091 1594 electi
2124 1536 2481 1607 putabantur,
2515 1533 2701 1602 :tbjici,
2725 1533 2924 1604 quales
2955 1531 3176 1587 fuerunt
3216 1531 3541 1600 Hierosoly-

1929 1632 2118 1686 tnitani
2161 1628 2362 1686 Judaei.
2415 1626 2608 1683 Merito
2665 1628 2837 1697 igitur
2895 1636 2950 1682 et
3003 1626 3238 1698 gentiles
3294 1623 3539 1692 suscepti

1929 1735 2078 1781 sunt.
2119 1723 2254 1778 Nam
2285 1723 2339 1777 in
2387 1736 2485 1778 sua
2533 1723 2733 1792 patria,
2771 1736 2873 1775 noc
2900 1730 2982 1775 est
3020 1719 3073 1773 in
3114 1734 3388 1790 synagoga
3443 1715 3544 1773 Ju-

1931 1818 2196 1882 dalomm,
2231 1815 2497 1870 honorem
2545 1829 2652 1867 non
2688 1813 2926 1867 habebat
2959 1812 3226 1880 propheta
3259 1808 3539 1872 Christus,

1929 1910 2071 1964 sicut
2098 1908 2276 1964 Moses
2300 1907 2474 1963 dicit:
2509 1926 2527 1959 ι
2568 1905 2898 1977 Prophetam
2926 1903 3218 1960 suscitatth
3253 1903 3406 1959 vobis
3434 1903 3542 1957 Do-

1920 2007 2115 2060 ’tttinus
2136 2004 2204 2058 ”.
2244 2021 2264 2055 ι

2003 2301 2172 2358 Vens.
2211 2298 2409 2355 46-50.
2444 2318 2460 2350 ι
2504 2297 2665 2352 Venit
2705 2312 2837 2369 ergo
2865 2295 3024 2354 Jestts
3052 2297 3252 2352 iterum
3297 2296 3348 2352 in
3389 2297 3539 2354 Cana

1927 2394 1973 2452 G
1999 2394 2189 2458 .lilatae,
2222 2391 2312 2446 libi
2357 2391 2562 2444 fecerat
2602 2403 2668 2464 ex
2701 2401 2841 2456 aqua
2899 2386 3109 2439 vinum.
3161 2383 3228 2439 Et
3257 2395 3378 2440 erat
3413 2384 3543 2456 qui-

1929 2491 2052 2540 dam
2089 2485 2270 2556 regius
2322 2482 2478 2552 cujus
2537 2481 2681 2534 (ilius
2733 2478 3124 2534 iniirmabatur
3168 2478 3542 2548 Capernaunt.

1932 2577 2028 2631 llic
2053 2593 2177 2631 eum
2210 2575 2453 2630 audisset
2485 2575 2626 2644 quod
2661 2573 2825 2630 Jrsns
2857 2572 3171 2626 advenisset
3203 2587 3232 2626 a
3263 2569 3447 2626 Jndzna
3487 2572 3543 2626 itt

1928 2670 2234 2733 Galilu-am,
2261 2670 2397 2724 abiit
2433 2667 2498 2722 ad
2523 2682 2673 2731 cum,
2705 2675 2760 2721 et
2791 2666 3018 2736 rogabat
3049 2679 3174 2720 enm
3222 2673 3282 2718 ut
3309 2664 3542 2721 descen-

1930 2767 2084 2816 deret
2143 2774 2207 2814 ac
2263 2769 2487 2814 sanaret
2548 2757 2721 2828 ipsius
2752 2757 2924 2811 [ilium
2963 2774 2975 2810 :
3010 2748 3282 2826 Siquidem
3322 2756 3370 2809 is
3411 2770 3544 2823 age-

1931 2854 2026 2908 liat
2060 2840 2323 2907 animam.
2370 2852 2513 2905 Dixit
2544 2865 2677 2920 ergo
2716 2847 2878 2904 Jcsus
2927 2849 2993 2902 ad
3026 2863 3151 2904 eum
3191 2865 3205 2902 :
3243 2845 3361 2902 Nisi
3386 2847 3543 2919 signa

1930 2957 1985 3002 et
2018 2945 2262 3015 prodigia
2300 2943 2585 3007 videaitis,
2627 2957 2733 2996 non
2788 2941 3046 2996 credetis.
3094 2939 3237 2994 Dixit
3289 2941 3356 2994 ad
3416 2955 3542 2995 eum

1930 3040 2115 3109 regius
2145 3053 2160 3092 :
2201 3037 2451 3101 Domine,
2477 3035 2748 3091 descende
2770 3037 3088 3105 priusquam
3111 3033 3382 3088 moriatur
3403 3034 3546 3090 [ilius

1933 3144 2107 3186 nteus.
2146 3128 2287 3184 Dicit
2315 3129 2365 3184 ei
2388 3126 2587 3183 Jesus:
2624 3125 2773 3181 Vade
2797 3166 2813 3192 ,
2848 3125 2991 3180 [ilius
3029 3135 3158 3180 tuus
3212 3125 3365 3180 vivit.
3409 3122 3544 3178 Cre—

225 3213 495 3282 Πορεύου,
525 3217 553 3267 6
583 3217 698 3278 υίός
732 3233 825 3268 σου
861 3215 947 3287 ζῇ.
978 3217 1088 3270 Καὶ
1116 3217 1440 3271 ἐπίστευσεν
1474 3221 1503 3273 6
1533 3219 1824 3292 ἄνθρωπος

1931 3223 2071 3278 didit
2099 3223 2264 3277 homo
2279 3219 2698 3288 sermoniquem
2724 3219 2942 3273 dixerat
2971 3217 3018 3272 ei
3055 3212 3238 3280 Jesus,
3271 3224 3329 3271 ct
3358 3216 3490 3270 ibat.
3520 3233 3540 3267 ι

227 3307 307 3377 τῷ
337 3308 502 3380 λόγῳ,
538 3304 582 3378 ᾧ
611 3305 766 3363 εἶπεν
800 3310 954 3380 αὐτῷ
984 3312 1012 3363 6
1043 3311 1277 3382 Ἰησοῦς,
1309 3311 1407 3365 καὶ
1436 3312 1757 3386 ἐπορεύετο.
1801 3334 1820 3368 ι

238 3402 679 3474 ’Δναμιμνήσκει
733 3404 881 3472 ἡμᾶς
912 3405 940 3456 6
965 3404 1374 3476 εὐαγγελιστὴς
1403 3405 1501 3460 τοῦ
1554 3409 1613 3460 ὲν
1667 3409 1826 3481 Κανᾷ

226 3493 532 3562 θαύματος,
565 3495 702 3547 ὅπου
727 3495 950 3562 ἐγένετο
979 3498 1040 3547 τὸ
1063 3493 1209 3566 ὕδωρ
1239 3491 1405 3564 οἶνος,
1443 3499 1565 3569 ἅμα
1607 3500 1709 3569 μὲν
1734 3500 1826 3555 διὰ

225 3586 290 3638 τὸ
331 3584 568 3655 αὐξῆσαι
616 3587 726 3638 τῶν
761 3586 1124 3655 Σαμαρειτῶν
1157 3589 1218 3640 τὸ
1264 3589 1548 3661 ἐγκώμιον
1590 3591 1678 3662 (oi.
1725 3594 1826 3662 μὲν

227 3677 340 3748 γὰρ
372 3677 671 3742 Γαλιλαῖοι,
704 3678 860 3747 φησὶ,
895 3680 990 3732 καὶ
1034 3679 1142 3732 ἀπὸ
1171 3679 1281 3733 τῶν
1322 3682 1380 3734 ὲν
1421 3681 1828 3754 Ἰεροσολύμοις

225 3772 323 3823 καὶ
352 3770 463 3823 ἀπὸ
493 3769 602 3823 τῶν
641 3771 772 3840 παρ’
804 3771 993 3834 αὐτοῖς
1036 3773 1351 3842 γενομένων
1381 3778 1628 3845 σημείων
1662 3779 1827 3831 αὐτὸν

226 3866 512 3930 ἐδέξαντο·
540 3867 589 3918 oi
616 3866 674 3920 δὲ
726 3867 1082 3937 Σαμαρεῖται
1135 3867 1247 3920 ἀπὸ
1279 3867 1450 3938 μόνης
1480 3869 1582 3940 τῆς
1612 3887 1828 3943 μαρτυ-

229 3963 353 4033 ρίας
377 3961 476 4031 τῆς
509 3961 795 4030 γυναικὸς,
834 3963 932 4014 καὶ
961 3962 1060 4032 τῆς
1103 3961 1271 4017 αὑτοῦ
1299 3961 1396 4016 τοῦ
1438 3963 1650 4033 Κυρίου
1680 3964 1828 4020 διδα-

231 4054 512 4121 σκαλίας),
533 4053 653 4121 ἃμα
677 4053 734 4105 δὲ
766 4055 860 4105 καὶ
885 4052 978 4106 ἵνα
1005 4052 1156 4124 δείξῃ
1183 4055 1338 4125 ήμῖν,
1367 4056 1454 4108 ὅτι
1483 4056 1580 4108 καὶ
1605 4057 1634 4108 6
1667 4056 1825 4126 βασι-

225 4149 379 4209 λικὸς
410 4147 522 4200 ἀπὸ
549 4146 646 4200 τοῦ
693 4149 752 4201 ὲν
776 4149 936 4219 Κανᾷ
970 4146 1254 4219 θαύματος
1280 4147 1496 4219 ἀγαθήν
1525 4166 1648 4203 τινα
1695 4150 1826 4221 περὶ

226 4240 325 4293 τοῦ
356 4238 596 4311 Χριστοῦ
632 4239 906 4312 ὑπόληψιν
941 4239 1184 4309 ἐδέξατο,
1213 4244 1262 4294 εί
1287 4244 1382 4296 καὶ
1408 4242 1484 4314 μὴ
1515 4242 1615 4313 τὴν
1642 4242 1824 4308 ἀξίαν.

228 4332 519 4387 Βασιλικὺν
549 4331 606 4385 δὲ
635 4331 825 4385 τοῦτον
873 4331 1048 4398 καλεῖ,
1092 4331 1127 4403 ἢ
1157 4332 1234 4397 ὡς
1258 4334 1322 4386 ὲκ
1343 4333 1535 4403 γένους
1559 4334 1692 4387 δντα
1721 4333 1824 4404 βα-

229 4425 467 4490 σιλικοῦ⁹
489 4426 524 4496 ἢ
546 4425 764 4494 ἀξίωμά
789 4443 843 4478 τι
871 4425 1052 4496 ἀρχῆς
1083 4425 1276 4497 ἓτερον
1306 4424 1455 4480 οὕτω
1474 4425 1825 4498 καλούμενον

228 4521 446 4590 ἔχοντα.
477 4513 628 4588 Ἀρα
661 4513 776 4584 οὖν,
821 4521 978 4591 φησι,
1020 4520 1118 4572 καὶ
1163 4518 1330 4583 αὐτός
1363 4521 1515 4573 ἐστιν
1560 4514 1717 4584 οὗτος
1748 4518 1827 4591 τῷ

231 4612 384 4682 παρὰ
411 4610 490 4682 τῷ
532 4611 802 4684 Ματθαίῳ
825 4613 1214 4684 ἑκατοντάρχῳ
1242 4631 1257 4682 ;
1293 4614 1392 4668 καὶ
1437 4613 1548 4686 γὰρ
1573 4614 1828 4677 κάκεῖνος

228 4707 289 4758 ἐν
310 4707 690 4777 Καπερναοὺμ
708 4702 798 4779 ἦν.
827 4707 942 4762 Οὐκ
965 4703 1120 4777 οἴμαι
1140 4708 1323 4762 τοίνυν
1347 4708 1445 4762 τὸν
1469 4707 1636 4764 αὐτὸν
1661 4706 1824 4774 εἶναι,

228 4798 346 4854 ἀλλ’
374 4799 584 4870 ἕτερον.
629 4801 870 4863 Ἐκεῖνος
903 4801 1004 4872 μὲν
1028 4802 1140 4871 γάρ
1172 4802 1268 4854 καὶ
1289 4800 1620 4872 βουλόμενον
1647 4800 1827 4856 δλθεῖν

230 4892 326 4946 τὸν
384 4893 622 4962 Χριστὸν
666 4892 960 4946 διακωλύει
985 4934 1001 4959 ,
1038 4896 1214 4960 λέγων
1234 4909 1246 4923 ο
1277 4914 1296 4946 ι
1335 4895 1452 4948 Οὐκ
1483 4895 1604 4965 εἰμὶ
1628 4893 1781 4960 ἄξιος
1802 4935 1816 4958 ,

232 4981 324 5034 ἴνα
369 4997 475 5049 μου
531 4981 639 5035 ὑπὸ
676 4983 778 5053 τὴν
810 4983 1015 5054 στέγην
1069 4983 1358 5056 εἰσέλθοιτ’
1391 5004 1410 5036 ’
1447 4980 1608 5050 οἶτος
1647 4985 1704 5038 δὲ
1743 4987 1828 5050 εἰς

242 5073 336 5144 τὴν
359 5071 539 5126 οἰκίαν
567 5072 737 5128 αὐτοῦ
780 5073 934 5128 ἕλκει
959 5074 1053 5130 τὸν
1096 5075 1331 5144 Ἰησοῦν.
1358 5077 1633 5131 Κάκείνου
1666 5076 1768 5147 μὲν
1797 5078 1828 5130 6

232 5167 387 5230 παῖς.
423 5167 595 5237 ῆγουν
619 5169 648 5222 6
675 5167 883 5233 δοῦλος,
913 5169 1150 5240 παρέσει
1185 5169 1476 5240 κατείχετο
1502 5186 1516 5202 ο
1545 5168 1741 5223 τούτου
1765 5169 1825 5223 δὲ

231 5259 262 5312 6
289 5259 403 5322 υίὸς
452 5259 695 5331 πυρετῷ.
746 5263 926 5317 Κάκεῖ
957 5261 1056 5332 μὲν
1088 5261 1200 5315 ἀπὸ
1233 5261 1330 5316 τοῦ
1359 5263 1522 5334 ὅρους
1555 5261 1825 5329 καταόἀς,

229 5351 312 5414 είς
356 5353 737 5424 Καπερναοὺμ
788 5354 1013 5424 ιίσῆλθε
1047 5371 1060 5386 ο
1113 5353 1211 5408 νῦν
1230 5354 1309 5416 δὲ.
1341 5355 1452 5410 ἀπὸ
1492 5358 1593 5426 τῆς
1640 5355 1831 5425 Σαμα-

230 5448 408 5515 ρείας,
449 5448 546 5498 καὶ
570 5447 672 5499 ούκ
698 5447 780 5510 είς
805 5448 1207 5518 Καπερναοϋμ,
1233 5448 1350 5502 ἀλλ’
1381 5450 1461 5512 είς
1486 5441 1663 5504 κανᾶ.
1707 5450 1832 5503 Ἐπὶ

227 5540 422 5602 πᾶσιν,
463 5541 672 5602 ἐκεῖνος
709 5541 810 5612 μὲν
862 5542 1267 5613 ἑκατόνταρχος
1300 5558 1312 5571 ⁶
1339 5536 1495 5608 οὗτος
1513 5543 1594 5606 δὲ,
1620 5544 1829 5614 βασιλι-

228 5631 324 5695 κὸς
352 5631 414 5684 τὸ
438 5631 679 5703 ἀξίωμα.
708 5632 877 5699 Ἀξιοῖ
900 5635 1000 5704 μὲν
1022 5631 1117 5690 οὖν
1143 5639 1171 5689 6
1193 5635 1472 5706 βασιλικὸς
1502 5639 1594 5690 τὸν
1625 5638 1830 5709 Κύριον

230 5725 545 5790 κατελθεῖν,
594 5727 670 5790 ὡς
706 5728 930 5799 ίάσηται
960 5728 1055 5782 τὸν
1086 5730 1202 5782 υίόν
1238 5746 1251 5757 ⁸
1289 5732 1316 5782 6
1347 5730 1404 5783 δὲ
1465 5729 1669 5797 Κύριος
1705 5731 1833 5784 καθο

301 5891 344 5919 "
378 5889 533 5944 Jnan.
568 5907 659 5954 ΠΙ,
695 5890 782 5944 5'2.
862 5893 907 5926 "
933 5893 1093 5950 Deut.
1125 5910 1275 5957 svnt.
1315 5896 1398 5952 15.

1935 3314 2233 3372 Recordari
2286 3328 2388 3369 nos
2431 3312 2564 3368 facit
2592 3311 2935 3382 evangelista
2974 3309 3229 3364 miraculi
3267 3309 3321 3362 in
3369 3307 3543 3370 Cana,

1931 3409 2024 3464 ubi
2052 3422 2193 3478 aqua
2221 3405 2362 3462 facta
2391 3415 2477 3462 est
2506 3405 2720 3470 vinum,
2753 3415 2808 3459 et
2841 3404 3063 3458 interim
3094 3412 3152 3457 ut
3182 3413 3398 3458 crescat
3426 3401 3546 3460 laus

1931 3499 2429 3554 Samaritanorum.
2476 3496 2612 3552 Nam
2665 3507 2720 3552 et
2773 3495 2983 3552 Galilxi
3043 3495 3292 3562 quidem,
3343 3495 3544 3564 inquit,

1930 3602 2300 3663 susceperunt
2344 3606 2470 3646 eum
2527 3599 2753 3662 propter
2801 3591 2956 3660 signa
2991 3605 3109 3658 qua:
3148 3589 3294 3642 l‘acta
3328 3595 3458 3642 sunt
3491 3588 3546 3642 itt

1930 3685 2347 3756 Hierosolymis,
2381 3695 2437 3739 et
2493 3684 2640 3755 apud
2685 3699 2745 3739 se
2797 3701 2811 3739 :
2866 3683 3204 3739 Samaritani
3250 3692 3436 3735 autem
3473 3681 3545 3735 ob

1930 3781 2097 3836 solius
2134 3778 2382 3832 mulieris
2421 3775 2836 3841 testimonium,
2865 3783 2920 3828 et
2970 3775 3144 3838 ipsius
3178 3774 3389 3827 Demitti
3440 3773 3543 3826 do-

1928 3874 2185 3930 ctrinam.
2240 3868 2496 3926 Ostendit
2539 3871 2766 3936 insuper
2823 3866 2970 3938 quod
3023 3876 3078 3921 ct
3126 3866 3308 3937 regius
3345 3865 3436 3917 ille
3475 3880 3545 3919 ex

1932 3963 2200 4019 miraculo
2234 3963 2381 4033 quod
2415 3961 2470 4016 itt
2511 3959 2659 4017 Cana
2689 3971 2812 4016 erat
2846 3959 3077 4024 factum,
3118 3959 3316 4013 bonum
3351 3974 3547 4028 qnam-

1931 4059 2057 4115 datn
2088 4060 2156 4113 de
2181 4056 2403 4113 Christo
2432 4055 2745 4125 opinionem
2785 4062 3144 4123 conceperat,
3185 4055 3403 4107 tametsi
3443 4053 3548 4106 nti-

1931 4165 2036 4204 ntts
2076 4147 2323 4217 dignam.
2363 4145 2594 4218 chinm
2630 4154 2816 4200 autem
2871 4144 3026 4199 illum
3059 4155 3244 4212 vocat,
3284 4145 3366 4200 vel
3399 4146 3546 4213 quod

1929 4255 1998 4296 ex
2033 4240 2183 4310 regio
2209 4245 2330 4295 erat
2378 4252 2581 4309 genere
2605 4277 2622 4304 ,
2657 4237 2744 4292 vel
2778 4236 2923 4308 quod
2962 4237 3190 4309 gerebat
3220 4237 3546 4308 dignitatem

1929 4334 2228 4403 quamdam
2257 4333 2326 4386 oh
2348 4346 2512 4401 quam
2545 4330 2624 4386 sic
2653 4333 2978 4386 vocabatur.
3009 4331 3146 4385 Num
3179 4333 3366 4402 igitur,
3402 4333 3550 4388 dicet

1931 4425 2076 4495 quis,
2099 4425 2242 4479 idem
2262 4431 2348 4479 est
2368 4438 2493 4477 cum
2521 4423 2844 4478 centurione
2861 4427 3004 4492 apud
3025 4422 3382 4478 Matthaeum?
3408 4423 3547 4477 Nam

1932 4525 1990 4572 et
2024 4515 2115 4571 ille
2149 4531 2217 4570 ex
2247 4512 2600 4585 Capernaum
2628 4523 2770 4569 erat.
2804 4511 2926 4568 Non
2965 4514 3163 4583 opinor
3194 4514 3452 4584 equidem
3483 4515 3552 4570 il-

1861 4601 1906 4658 D
1934 4607 2042 4663 lum
2084 4620 2234 4670 esse,
2267 4607 2363 4663 sed
2393 4606 2584 4662 alium.
2624 4605 2760 4660 Nam
2801 4607 2891 4660 ille
2922 4607 3146 4677 quidem
3178 4618 3234 4660 et
3267 4609 3544 4663 volentem

1935 4702 2125 4758 venire
2162 4701 2448 4758 Christum
2491 4699 2765 4770 prohibet,
2803 4700 2994 4781 dicens
3031 4720 3045 4755 :
3085 4719 3103 4753 ι
3137 4700 3257 4756 Non
3305 4719 3426 4758 smn
3459 4703 3546 4758 di-

1935 4813 2074 4870 gnus
2109 4807 2166 4853 ut
2190 4797 2295 4852 sub
2327 4805 2528 4853 tectum
2557 4811 2736 4869 meum
2773 4795 3104 4868 ingrediaris
3132 4796 3200 4851 ".
3239 4815 3258 4848 ι
3285 4795 3388 4852 Iste
3419 4812 3546 4854 vero

1934 4891 2124 4949 Jesum
2155 4893 2207 4946 iu
2232 4892 2455 4946 domum
2482 4906 2642 4945 suam
2675 4891 2865 4945 trahit.
2891 4891 2958 4944 Et
2993 4890 3138 4946 illius
3162 4889 3384 4961 quidem
3409 4906 3548 4959 puer

1936 4985 2175 5058 paralysi
2197 4984 2565 5051 detinebatnr,
2595 4999 2787 5040 servus
2821 4984 3076 5040 videlicet
3113 5002 3127 5039 :
3164 4985 3328 5041 istius
3361 4994 3545 5040 autem

1939 5078 2084 5134 ﬁlius
2118 5078 2280 5134 febri.
2309 5076 2377 5132 Et
2435 5077 2546 5133 illic
2577 5078 2804 5148 quidem
2845 5093 2970 5133 cum
3016 5093 3044 5132 a
3082 5087 3271 5134 monte
3302 5079 3548 5135 descen-

1937 5172 2129 5239 disset,
2162 5182 2217 5227 et
2248 5172 2598 5243 Capernaum
2643 5172 2926 5243 ingressus
2957 5183 3085 5228 est:
3126 5187 3273 5227 nunc
3297 5181 3482 5228 autem
3516 5188 3548 5228 a

1938 5264 2215 5325 Samaria.
2237 5273 2290 5320 et
2319 5280 2431 5320 non
2467 5265 2521 5320 in
2546 5265 2894 5336 Capernautn
2916 5308 2930 5333 ,
2962 5265 3129 5338 566
3159 5267 3256 5323 sed
3293 5267 3346 5320 in
3372 5267 3546 5327 Cana.

1940 5356 1993 5410 ltt
2019 5372 2256 5423 summa,
2280 5359 2371 5413 ille
2394 5361 2643 5414 centurio
2666 5401 2681 5427 ,
2713 5361 2801 5415 hic
2829 5369 3014 5416 autem
3038 5361 3220 5432 regius
3239 5361 3340 5416 fuit
3371 5361 3548 5432 digni-

1941 5461 2072 5508 tate.
2109 5451 2244 5509 Orat
2279 5455 2444 5523 igitur
2492 5457 2677 5526 regius
2713 5457 2805 5510 ille
2839 5458 3128 5511 Dominum
3164 5466 3222 5510 ιιι
3251 5457 3549 5512 descendat

1939 5549 2006 5601 ad
2043 5550 2355 5603 sanandum
2395 5549 2590 5605 ﬁlium.
2630 5551 2700 5603 At
2743 5551 3011 5606 Dominus
3044 5553 3363 5621 perstringit
3398 5567 3545 5614 eum,

1938 5651 2125 5710 utpote
2151 5658 2258 5697 non
2297 5647 2616 5714 perlectam.
2650 5647 2744 5700 sed
2779 5662 3004 5714 parvam
3040 5647 3332 5700 habentem
3363 5645 3546 5700 fidem.

1943 5733 2180 5790 Dicendo
2203 5739 2374 5801 enim,
2402 5757 2420 5788 ι
2450 5738 2748 5804 Descende,
2773 5741 3094 5810 priusquam
3120 5741 3382 5795 moriatur
3409 5737 3554 5792 lilius

1504 5895 1547 5928 “
1579 5896 1768 5954 Maztlt.
1807 5914 1922 5964 γιιι,
1956 5901 2007 5953 8.
