4218 6424
758 392 895 457 1255

1639 392 2223 454 TIIEOPHYL.\CT[
2273 390 2692 454 BULGARUE
2726 390 3098 453 ARCHIEP.

3913 388 4048 451 1566

754 522 930 572 meus,
964 525 982 557 ι
1023 505 1388 560 infirmitatem
1422 499 1544 556 iidei
1591 518 1702 556 sure
1747 503 1982 556 ostendit
2017 520 2029 553 :
2063 503 2187 570 quia
2232 517 2321 555 nor

2444 503 2754 570 απτὸμενος
2787 503 2976 566 αὐτοῦ,
3007 504 3079 562 ὡς
3111 501 3186 570 μὴ
3222 501 3432 557 τελεία»
3465 501 3562 572 τὴν
3586 502 3799 568 πίστιν,
3835 503 3951 554 ἀλλ’
3986 507 4048 553 ἐκ

752 599 1008 654 credebat
1032 596 1200 665 quod,
1248 596 1292 648 si
1328 596 1670 662 contingeret
1702 593 1838 648 mori
1877 593 2042 645 [ilium
2069 633 2084 657 ,
2140 604 2333 662 potens

750 698 897 745 esset
944 703 1065 742 eum
1124 687 1412 742 suscitare.
1460 687 1748 755 Propterea
1787 685 2160 755 perstringens
2206 701 2331 740 eum

750 775 920 829 dicit:
965 792 982 823 ι
1041 773 1150 826 Nisi
1190 775 1342 843 signa
1377 784 1430 829 et
1461 774 1704 844 prodigia
1744 775 2005 837 videritis,
2045 791 2148 828 non
2209 790 2330 829 cre-

750 864 906 916 detis.
941 882 960 913 ›
1003 863 1223 918 Interim
1274 877 1452 918 autem
1503 875 1557 919 et
1615 865 1750 919 alios
1795 867 1944 920 cives
1991 866 2328 934 Caperuaum

747 967 987 1010 accusat.
1025 955 1280 1010 Videntur
1308 957 1453 1011 enim
1478 958 1678 1025 ubique
1721 960 1790 1012 ob
1820 960 2044 1012 multam
2078 958 2328 1027 incredu-

746 1048 954 1101 litatem
993 1049 1364 1105 condemnari.
1401 1047 1573 1116 Igitur
1605 1050 1862 1117 quoniam
1914 1050 2143 1104 inlirmze
2173 1065 2326 1104 meu-

748 1140 816 1191 tis
846 1150 960 1192 erat
998 1140 1208 1208 regius,
1236 1149 1287 1191 et
1319 1141 1541 1208 urgebat
1574 1139 1856 1193 Dominum
1894 1150 1947 1191 ut
1973 1140 2329 1194 descenderet

709 1232 808 1280 ‘ad
859 1232 1158 1283 sanandum
1207 1230 1370 1284 ﬁlium
1407 1247 1420 1284 :
1452 1232 1748 1284 ostendens
1777 1231 1823 1283 ei
1885 1228 2132 1285 Salvator
2183 1231 2324 1298 quod

741 1321 906 1375 etiam
960 1323 1153 1376 absens
1206 1333 1386 1390 posset
1421 1323 1594 1391 ipsum
1637 1337 1854 1386 sanare,
1894 1322 2064 1376 dicit:
2098 1341 2115 1373 ι
2157 1323 2324 1385 Vade,

746 1413 889 1466 lilius
947 1423 1067 1465 tuus
1120 1413 1269 1466 vivit.
1310 1432 1327 1463 ι
1363 1414 1604 1482 Denique
1654 1416 1807 1484 pueri
1859 1416 2074 1483 quidem
2112 1419 2327 1474 sanavit

741 1504 970 1565 l’ebrem,
1007 1505 1178 1572 patris
1231 1514 1407 1558 autem
1458 1504 1920 1560 incredulitatem.
1959 1507 2114 1560 Scias
2144 1518 2322 1562 autem

739 1594 882 1646 aliud
913 1609 1031 1648 esse
1065 1595 1298 1664 signum,
1320 1596 1466 1650 aliud
1491 1597 1820 1665 prodigium.
1850 1596 1979 1650 Nam
2019 1600 2323 1668 prodigium

741 1683 797 1743 ﬁt
825 1696 1021 1751 pra-ter
1068 1695 1312 1737 naturam
1341 1725 1355 1751 ,
1386 1695 1440 1738 ιιι
1470 1695 1552 1740 est
1580 1687 1792 1757 aperire
1821 1688 2007 1743 oculos
2026 1689 2151 1742 creci
2187 1689 2320 1755 nati,

738 1785 785 1829 ct
817 1777 1056 1831 excitare
1097 1789 1369 1831 mortuum
1425 1795 1440 1834 :
1487 1781 1698 1848 signum
1758 1789 1939 1832 autem
1973 1795 2079 1832 non
2125 1793 2323 1850 praeter

2446 593 2646 660 μέρους
2707 591 2925 659 ἔχοντος
2985 593 3128 662 (καὶ
3178 592 3286 661 γὰρ
3323 593 3380 644 τὸ
3417 597 3617 653 είπετν,
3669 612 3688 642 ι
3751 593 4047 662 Κατάὁηθι

2446 682 2576 750 πρὶν
2604 681 2899 733 ἀποθανεῖν
2926 682 3018 733 τὸν
3065 682 3180 734 υίὸν
3210 699 3312 748 μου
3335 724 3348 746 ,
3391 700 3410 732 ι
3459 683 3560 750 τὴν
3612 683 3916 735 ἀσθένειαν
3953 683 4048 748 τῆς

2445 773 2683 834 πίστεως
2712 773 2877 824 αὑτοῦ
2910 774 3166 841 ἐμφαίνει
3190 817 3206 838 ,
3239 773 3314 837 ὡς
3343 775 3418 844 μὴ
3451 776 3834 840 πιστεύοντος,
3875 777 3958 828 ὅτι
3997 777 4044 827 εί

2441 867 2533 918 καὶ
2563 866 2744 936 συμϐῇ
2776 868 2940 918 αὑτὸν
2982 867 3300 928 ἀποθανεῖν,
3335 868 3561 932 δυνατός
3609 872 3762 922 ἔστιν
3793 871 4042 938 ἀναστῆο

2441 971 2531 1007 σαι
2585 956 2810 1026 αὑτὸν),
2864 957 2955 1008 διὰ
2994 957 3321 1011 ταῦτα-οὖ)
3381 959 3802 1029 καθαπτόμενος
3855 962 4042 1027 αὐτοῦ,

2440 1047 2604 1115 φησίν
2632 1061 2645 1075 ⁶
2687 1064 2705 1097 ι
2759 1047 2881 1099 Ἐὰν
2912 1047 2987 1118 μὴ
3026 1051 3230 1118 σημεῖα
3265 1051 3359 1102 καὶ
3403 1052 3605 1121 τέρατα
3647 1054 3824 1123 ἴδητε,
3863 1056 3922 1106 οὐ
3970 1057 4043 1124 μὴ

2437 1136 2790 1208 πιστεύσητε”
2825 1156 2843 1193 ι
2875 1137 2994 1207 ἅμα
3023 1140 3080 1191 δὲ
3109 1141 3203 1192 καὶ
3238 1139 3346 1192 τῶν
3383 1142 3586 1210 ἑτέρων
3619 1143 3866 1195 πολιτῶν
3915 1161 4045 1196 κατ-

2439 1228 2657 1297 ηγορῶν
2717 1229 2828 1280 τῶν
2889 1232 2948 1281 ὲν
2996 1233 3062 1298 τῇ
3131 1233 3530 1301 Καπερναούμ.
3589 1233 3890 1285 Φαίνονται
3938 1237 4040 1301 γὰρ

2437 1321 2715 1390 πανταχοῦ
2765 1323 2967 1393 πολλὴν
3007 1325 3273 1376 ἀπιστίαν
3321 1326 3821 1395 κατηγορούμενοι.
3891 1328 4042 1379 Ἐπεὶ

2434 1411 2526 1473 οὖν
2553 1413 2786 1484 ἀσθενὴς
2825 1411 2892 1485 ἦν
2917 1415 2944 1466 6
2977 1415 3259 1486 βασιλικὸς
3289 1419 3389 1489 τὴν
3449 1419 3708 1493 γνώμην,
3760 1421 3865 1474 καὶ
3913 1438 4041 1474 κατ-

2435 1506 2633 1575 ήπειγε
2669 1509 2762 1559 τὸν
2795 1508 2999 1579 Κύριον
3043 1509 3329 1564 κατελθεῖν
3358 1506 3768 1582 εἰς’θεραπείαν
3791 1512 3892 1566 τοῦ
3924 1531 4041 1565 παι-

2432 1599 2541 1663 δὸς,
2573 1599 2835 1653 δεικνύων
2862 1601 3014 1671 αὑτῷ
3036 1605 3063 1656 ὀ
3111 1603 3326 1673 Σωτὴρ,
3361 1606 3444 1660 ὅτι
3479 1608 3569 1657 καὶ
3605 1605 3767 1666 ἀπὼν
3803 1607 4035 1658 δύναται

2432 1690 2595 1743 αὐτὸν
2623 1691 2985 1761 θεραπεῦσαι,
3020 1694 3171 1764 λέγει
3197 1713 3210 1726 ·
3238 1717 3256 1748 ι
3294 1697 3557 1770 Πορεύου,
3586 1699 3615 1751 6
3643 1699 3756 1761 υίὸς
3785 1716 3883 1752 σου
3905 1699 3971 1770 ζῇ
4013 1716 4034 1753 ι

2443 1779 2664 1849 Ἀμέλει
2696 1783 2786 1836 τοῦ
2821 1785 2921 1854 μὲν
2951 1788 3140 1850 παιδὸς
3171 1787 3263 1840 τὸν
3308 1790 3562 1858 πυρετὸν,
3599 1790 3696 1842 τοῦ
3730 1792 3946 1864 πατρὸς
3983 1794 4037 1844 δὲ

740 1878 1012 1930 naturam,
1057 1880 1112 1924 ut
1155 1878 1238 1924 est
1288 1885 1479 1926 sanare
1506 1872 1802 1929 infirmum.
1841 1872 2091 1926 Periit-iet
2141 1885 2319 1927 autem

2428 1873 2523 1945 τὴν
2560 1876 2820 1932 ἀπιστίαν
2887 1879 3096 1933 ίάσατο.
3149 1881 3391 1934 Γίνωσκε
3430 1884 3507 1947 δὲ,
3549 1883 3622 1945 ὡς
3657 1883 3789 1937 ἄλλο
3850 1885 4035 1955 τέρας,

735 1971 789 2011 et
825 1976 964 2013 nunc
1014 1961 1116 2014 hoc
1161 1963 1481 2015 miraculum
1522 1963 1814 2028 Dominus,
1877 1965 1920 2018 si
1984 1965 2107 2035 quis
2169 1966 2319 2020 lllutn

735 2052 911 2106 adeat.
941 2051 1128 2108 Omnis
1186 2055 1346 2109 homo
1394 2068 1477 2110 est
1523 2057 1706 2124 regius
1740 2060 1958 2126 quidam
1994 2073 2098 2112 non
2148 2059 2320 2113 solum

734 2145 910 2210 quoad
937 2155 1197 2212 cognatus
1229 2157 1447 2214 promer
1491 2150 1725 2201 animam
1765 2150 1876 2214 regi
1903 2150 2182 2215 omnium,
2229 2152 2322 2206 sed

735 2237 897 2288 etiam
934 2240 1074 2304 quod
1128 2239 1242 2304 ipse
1298 2242 1500 2308 regiam
1563 2243 1879 2313 dignitatem
1932 2262 2093 2316 supra
2132 2262 2325 2302 omnes

736 2331 963 2398 accepit.
1002 2330 1280 2386 invenitur
1313 2346 1490 2388 autem
1531 2351 1670 2404 saepe
1699 2339 1902 2394 habens
1935 2340 2150 2407 quidem
2174 2357 2326 2396 men-

735 2431 837 2475 tem
890 2423 1040 2489 quasi
1099 2423 1263 2476 tiliun
1320 2427 1440 2492 igne
1497 2428 1810 2482 illicitarum
1849 2431 2192 2500 voluptatum
2270 2441 2324 2485 ct

729 2516 1185 2583 concupiscentiis
1205 2518 1342 2571 male
1363 2519 1721 2574 laborantem.
1755 2520 1809 2575 Si
1839 2524 2002 2593 igitur
2028 2525 2324 2578 accesserit

730 2604 794 2658 ad
823 2604 1034 2669 Jesum,
1064 2617 1119 2663 et
1158 2609 1409 2677 petiverit
1431 2611 1497 2664 ab
1529 2626 1592 2666 eo
1621 2621 1678 2665 ut
1731 2614 2044 2680 descendat,
2088 2616 2187 2669 hoc
2218 2625 2319 2680 est,

732 2698 1055 2752 misereatur
1079 2701 1388 2768 etfremittat
1428 2683 1508 2755 illi
1526 2716 1744 2771 peccata
1781 2707 2092 2776 priusquam
2119 2723 2183 2762 ex
2212 2719 2322 2762 toto

730 2803 759 2848 a
792 2793 978 2844 morbo
1023 2794 1355 2862 voluptatum
1388 2798 1650 2848 moriatur
1682 2813 1693 2849 :
1725 2796 1811 2868 (si
1840 2799 1984 2855 enim
2011 2798 2180 2853 nostri
2218 2815 2320 2852 non

731 2885 1093 2938 misereretur
1137 2884 1298 2949 Deus,
1331 2889 1422 2941 sed
1447 2889 1766 2945 observaret
1798 2892 2203 2963 iniquitates,et
2239 2909 2324 2948 se-

727 2974 960 3028 cundum
985 2976 1103 3031 illas
1129 2978 1502 3046 ulcisceretur,
1523 2982 1774 3050 quisnam
1804 2986 2097 3040 sustineret
2125 2986 2238 3056 τη)
2273 2987 2319 3042 si

728 3065 892 3131 igitur
919 3067 1208 3128 accesserit
1238 3108 1254 3134 ,
1288 3078 1346 3122 ιιι
1398 3070 1599 3124 dictum
1647 3082 1731 3128 est
1755 3114 1767 3138 ,
1825 3087 2145 3145 assequetur
2174 3078 2318 3146 quod

726 3156 940 3222 (νισι-ιιι,
974 3167 1024 3211 et
1057 3160 1284 3229 recipiet
1319 3170 1556 3217 ⁵ιξὲιιιεξιιι
1598 3177 1748 3217 suam
1780 3179 1989 3221 sanam.
2030 3167 2317 3222 Verumta-

725 3263 849 3299 men
885 3252 1003 3302 vide
1039 3261 1089 3304 et
1123 3254 1250 3320 quid
1285 3255 1427 3307 dicat
1456 3257 1521 3308 ad
1563 3255 1713 3310 illum
1749 3243 2008 3313 Dominus
2041 3277 2054 3312 :
2095 3278 2115 3311 ι
2143 3261 2314 3329 Vade,
2343 3229 2387 3286 ϐ

725 3339 866 3393 ﬁlius
899 3353 1018 3396 tuus
1048 3346 1217 3409 vivit,
1255 3364 1272 3396 ι
1308 3346 1408 3400 hoc
1453 3356 1557 3415 est,
1595 3366 1662 3404 ne
1695 3350 1770 3404 sis
1800 3352 2094 3407 immobilis
2131 3354 2197 3407 ad
2225 3355 2321 3410 bo-

725 3446 875 3497 num,
900 3437 994 3486 sed
1025 3437 1175 3496 vade,
1201 3444 1256 3489 et
1277 3437 1654 3492 incessabilem
1682 3441 1972 3496 motionem
2000 3448 2222 3500 ostende
2253 3448 2321 3502 ad

725 3527 946 3579 bonum.
980 3523 1130 3580 Tum“
1165 3528 1312 3581 enim
1345 3528 1485 3583 lilius
1515 3538 1637 3586 tuus
1660 3533 1825 3587 vivet.
1860 3532 1915 3589 Si
1942 3547 2123 3590 autem
2159 3539 2311 3606 quie-

721 3632 883 3682 \cllS,
929 3635 1031 3671 non
1063 3621 1369 3688 ambulans,
1400 3624 1669 3676 morietur
1707 3627 1868 3692 plane
1903 3643 2059 3684 mens
2103 3639 2218 3697 tua,
2247 3647 2312 3686 eo

726 3712 864 3778 quod
901 3713 961 3762 ad
1003 3716 1201 3765 bonum
1243 3724 1295 3767 te
1345 3729 1449 3768 non
1489 3720 1848 3784 promoveris.

2431 1966 2528 2018 καὶ
2556 1965 2684 2018 ἄλλο
2731 1971 2980 2038 σημεῖον.
3024 1970 3204 2039 Τέρας
3263 1971 3364 2039 μὲν
3399 1974 3509 2043 γὰρ
3540 1975 3600 2026 τὸ
3632 1977 3790 2045 παρά
3827 1976 3995 2043 φύσιν
4021 2019 4035 2040 ,

2427 2054 2540 2110 οἷον
2568 2061 2628 2112 τὸ
2671 2062 2934 2126 διανοίξαι
2984 2064 3299 2131 ὀφθαλμοὺς
3347 2066 3552 2134 τυφλοῦ
3595 2069 4034 2140 γεγεννημένου,

2429 2151 2526 2203 καὶ
2549 2154 2766 2219 ἐγεῖραι
2809 2155 3002 2225 νεκρόν
3027 2171 3042 2186 ⁸
3069 2160 3299 2226 σημεῖον
3333 2157 3409 2223 δὲ,
3435 2159 3495 2210 τὸ
3527 2160 3627 2213 οὐκ
3655 2161 3765 2224 ἔξω
3799 2163 3905 2228 τῆς
3939 2163 4038 2229 φύ-

2433 2259 2596 2306 σεως,
2632 2240 2746 2296 οἷον
2776 2247 2836 2298 τὸ
2875 2246 3059 2300 ίάσθαι
3085 2249 3395 2319 ἄρρωστον.
3428 2250 3651 2304 Τελέσει
3675 2255 3733 2305 δὲ
3753 2257 3852 2306 καὶ
3881 2255 4040 2308 τοῦτο

2426 2336 2486 2390 τὸ
2512 2337 2698 2407 θαῦμα
2732 2339 2827 2391 καὶ
2877 2340 2974 2392 νύν
3002 2343 3029 2393 6
3057 2342 3260 2412 Κύριος
3293 2344 3386 2395 ἐπὶ
3423 2345 3630 2410 παντὸς
3657 2346 3757 2398 τοῦ
3797 2365 4040 2419 προσερ-

2429 2432 2687 2500 χομένου,
2719 2429 2846 2484 Οῗον
2868 2433 3163 2500 ’βασιλικός
3194 2438 3312 2488 ἐστι
3350 2439 3457 2501 πᾶς
3491 2439 3811 2509 ἄνθρωπος,
3855 2442 3915 2492 οὐ
3946 2442 4041 2511 μό-

2425 2543 2516 2579 νον
2545 2528 2620 2589 ὼς
2649 2527 2744 2580 τοῦ
2776 2526 3047 2596 βασιλέως
3081 2531 3308 2584 πάντων
3342 2534 3615 2604 συγγενὴς
3643 2533 3736 2587 διὰ
3769 2539 3876 2604 τὴν
3933 2538 4034 2607 ψυ-

2425 2619 2548 2690 χὴν,
2578 2620 2718 2674 ἀλλά
2746 2622 2838 2684 καὶ
2874 2622 2950 2684 ὡς
2993 2623 3160 2685 αὐτὸς
3192 2623 3483 2696 βασιλικὴν
3515 2628 3694 2698 ἀρχὴν
3728 2632 3876 2682 κατά
3905 2635 4040 2684 τεάν-

2424 2728 2533 2764 των
2571 2712 2892 2782 δεξάμενος.
2928 2713 3333 2785 Εὑρίσκεταιδὲ
3363 2717 3625 2781 πολλάκις
3657 2720 3800 2788 ἔχων
3836 2740 3917 2785 τις
3948 2725 4041 2774 τὸν

2426 2803 2572 2872 νοῦν,
2599 2799 2689 2858 οἷα
2717 2807 2854 2869 υἱὸν,
2887 2809 3023 2878 πυρὶ
3062 2807 3265 2878 ἡδονῶν
3296 2811 3514 2863 ἀτόπων
3579 2814 3673 2866 καὶ
3711 2815 4040 2884 ἐπιθυμίαις

2427 2899 2614 2961 κακῶς
2655 2897 2867 2968 ἔχοντα.
2897 2901 2962 2953 Ei
3017 2903 3200 2955 τοίνυν
3255 2905 3530 2977 προσέλθῃ
3576 2907 3653 2977 τῷ
3715 2910 3906 2979 Ιησοῦ,
3948 2919 4040 2962 καὶ

2424 2991 2639 3060 αἰτήσει
2688 2991 2854 3045 αὑτὸν
2889 2994 3226 3065 καταϐῆναι,
3280 2999 3567 3063 τουτέστι,
3613 3005 4038 3070 συγκαταεάσει

2425 3083 2840 3156 φιλανθρωπίας
2871 3088 3207 3157 χρήσασθαι,
3234 3094 3328 3144 καὶ
3357 3095 3725 3163 συγχωρῆσαι
3752 3096 3908 3172 αὑτῷ
3938 3101 4037 3161 τὰς

2423 3176 2704 3246 ἁμαρτίας
2731 3179 2860 3248 πρὶν
2897 3179 2928 3248 ἢ
2956 3181 3185 3246 τελείως
3220 3184 3328 3236 ἀπὸ
3354 3186 3453 3256 τῆς
3486 3189 3642 3240 νόσου
3671 3188 3787 3240 τῶν
3840 3191 4037 3243 Emeti-

2425 3267 2564 3338 μιῶν
2603 3270 2991 3342 ἀπονεκρωθῇ,
3027 3276 3098 3342 (εἰ
3149 3273 3225 3347 μὴ
3275 3278 3383 3347 γὰρ
3417 3279 3811 3350 συγκαταϐαίη
3856 3283 3988 3351 ἡμῖν
4012 3284 4037 3335 6

2423 3360 2579 3426 Θεὸς,
2612 3361 2749 3414 ἀλλά
2803 3363 2903 3427 τὰς
2959 3366 3196 3436 ἀνομίας
3254 3373 3736 3443 παρατηρήσαιτο,
3779 3376 3877 3426 xa't
3914 3377 4037 3428 κατ’

2423 3452 2639 3515 ὲκείνας
2667 3455 2967 3519 ἐξετάσειε,
2993 3459 3074 3521 τίς
3101 3461 3285 3515 λοιπὸν
3315 3463 3689 3535 ὑποστήσεται
3711 3471 3752 3534 ς)
3783 3471 3833 3520 εἱ
3867 3486 4037 3539 προσ-

2425 3543 2555 3616 έλθῃ
2589 3547 2792 3614 τοίνυν,
2824 3550 2898 3612 ὡς
2936 3551 3178 3621 εἴρηται,
3238 3557 3492 3624 τεύξεται
3521 3561 3616 3612 τοῦ
3659 3562 4034 3633 ζητουμένου,

2424 3637 2518 3687 καὶ
2559 3639 2903 3710 ἀπολήψεται
2932 3645 3024 3703 τὸν
3055 3646 3179 3701 νοῦν
3211 3649 3376 3702 αὐτοῦ
3401 3652 3550 3718 ὑγιᾶ.
3600 3655 3752 3725 Πλὴν
3775 3657 3882 3725 ὅρα
3939 3659 4034 3710 καὶ

2425 3732 2477 3782 τί
2515 3749 2680 3800 φησιν
2721 3737 2748 3788 6
2785 3736 2986 3808 Κύριος
3020 3742 3157 3811 πρὸς
3205 3744 3370 3796 αὐτόν
3399 3762 3411 3774 ·
3453 3765 3471 3796 ι
3527 3748 3800 3818 Πορεύου,
3841 3753 3870 3803 6
3918 3752 4032 3814 υἱό,

721 3821 814 3856 σου
843 3804 908 3873 ζῇ
931 3820 946 3833 ο
982 3824 990 3829 ·
1033 3805 1303 3867 τουτέστι,
1467 3809 1726 3879 ἀκίνητος
1755 3811 1846 3864 ἔσο
1871 3815 2006 3885 πρὸς
2041 3816 2102 3869 τὸ
2127 3819 2313 3886 καλὸν,
2352 3821 2488 3875 ἀλλά
2552 3826 2813 3896 πορεύου,
2853 3833 2944 3883 καὶ
2974 3832 3190 3902 κίνησιν
3221 3838 3648 3895 ἀκατάπαυστον
3719 3844 4033 3900 ὲνδείκνυσο

724 3896 860 3958 πρὸς
911 3896 968 3946 τὲ
1028 3898 1273 3962 ἀγαθῦν·
1305 3897 1429 3950 τᾶτε
1466 3900 1573 3968 γὰρ
1616 3903 1642 3953 6
1682 3903 1795 3966 υἱός
1852 3921 1948 3957 σου
2000 3907 2088 3979 ζῇ.
2145 3910 2206 3962 El
2258 3912 2313 3964 δὲ
2388 3914 2574 3986 παύσῃ
2629 3918 2726 3970 τοῦ
2784 3922 3142 3991 ποῇύεσθαι,
3217 3929 3542 4000 τεθνήξεταί
3596 3950 3691 3988 σου
3751 3938 3971 4003 πάντως
4005 3938 4032 3992 6

723 3985 867 4048 νοῦς,
916 3989 978 4054 τῇ
1027 3989 1153 4055 περὶ
1200 3987 1256 4038 τὸ
1287 3989 1451 4041 καλὸν
1479 3992 1734 4063 ἀκινησίᾳ
1766 3994 1863 4064 τὴν
1895 3998 2165 4067 νέκρωσιν
2217 4003 2421 4059 λαϐὼν.

788 4079 950 4132 Vens.
983 4082 1176 4135 51-56.
1214 4101 1229 4133 ι
1270 4081 1387 4136 .lam
1416 4097 1596 4140 autem
1625 4103 1690 4143 eo
1731 4091 2119 4159 descendente,
2172 4099 2315 4152 servi

716 4185 1076 4225 occurrerunt
1109 4176 1180 4238 ei,
1216 4187 1268 4229 et
1307 4179 1694 4232 nuntiaverunt
1736 4183 1807 4246 ei,
1852 4185 2116 4250 dicentes,
2143 4189 2314 4252 Filius

721 4275 841 4318 tuus
871 4266 1024 4319 vivit.
1063 4263 1387 4324 Sciscitatus
1409 4280 1493 4326 est
1524 4287 1655 4344 ergo
1692 4276 1876 4328 horam
1915 4279 1983 4332 ab
2008 4281 2089 4335 eis
2122 4284 2172 4335 in
2205 4301 2310 4352 qua

2506 4119 2524 4156 ι
2567 4101 2704 4174 Ἤδη
2749 4103 2802 4157 δὲ
2845 4106 3012 4160 αὐτοῦ
3047 4111 3495 4181 καταϐαίνοντος,
3548 4119 3598 4171 oi
3643 4120 3826 4176 δοῦλοι
3862 4122 4028 4179 non;

2428 4194 2757 4265 ἀπήντησαν
2799 4199 2949 4268 αὐτῷ
2975 4241 2987 4258 ,
3025 4204 3118 4276 καί
3153 4205 3495 4275 ἀπήγγειλαν
3525 4211 3780 4279 λέγοντες
3807 4257 3820 4280 ,
3847 4220 3927 4270 ὅτι
3974 4221 4029 4273 Ὀ

2422 4286 2536 4348 υἱός
2569 4304 2661 4338 σου
2692 4290 2779 4359 ζῇ.
2826 4292 3090 4347 Ἐπύθετο
3122 4296 3215 4348 οὖν
3249 4299 3379 4368 παρ’
3409 4303 3591 4355 αὐτῶν
3625 4309 3724 4376 τὴν
3751 4307 3931 4378 ὥραν,
3974 4316 4028 4364 ἐν

715 4361 956 4426 vcgetius
1013 4375 1070 4413 se
1123 4362 1419 4417 habuisset.
1460 4364 1522 4417 Et
1569 4367 1820 4420 dixerunt
1856 4370 1904 4424 ei
1939 4390 1951 4425 :
1983 4372 2134 4437 lleri,
2179 4375 2307 4429 hora

716 4451 938 4473 -..,.'..,-
997 4453 1214 4473 _.I!_,.!.
1263 4470 1369 4473 ____-
1423 4455 1487 4473 ('-
1545 4457 1580 4473 0,
1656 4457 1691 4473 Π
1882 4463 1890 4472 ι

2427 4372 2451 4445 ἦ
2484 4381 2824 4451 κομψότερον
2847 4384 3029 4454 ἔσχεν.
3054 4389 3161 4442 Καὶ
3181 4389 3334 4444 εἷπον
3385 4396 3557 4465 αὐτῷ,
3589 4400 3672 4451 ὅτι
3706 4403 3854 4463 Χθὲς
3880 4405 4028 4473 ὤραν

714 4451 941 4514 Septima
997 4453 1218 4522 reliquit
1253 4470 1376 4508 eum
1421 4455 1614 4510 febris.
1653 4457 1921 4528 COgnovit
1970 4478 2098 4532 ergo
2159 4479 2313 4533 pater

715 4543 855 4611 quod
896 4543 979 4594 illa
1025 4544 1155 4596 hora
1195 4555 1314 4599 erat
1362 4548 1414 4599 in
1447 4563 1550 4614 qua
1590 4550 1724 4601 dixit
1767 4552 1866 4603 sibi
1926 4551 2104 4618 Jesus,
2142 4555 2314 4614 Filius

717 4646 840 4690 tuus
877 4638 1026 4699 vivit,
1061 4648 1112 4690 et
1143 4640 1375 4692 credidit
1408 4641 1542 4706 ipse,
1579 4652 1631 4694 et
1665 4644 1857 4700 domus
1884 4647 2000 4713 ejus
2033 4656 2162 4702 tota.
2199 4649 2313 4703 Hoc

717 4727 913 4781 iterum
934 4734 1230 4783 secuttlutn
1262 4732 1474 4800 signum
1507 4735 1674 4786 edidit
1703 4732 1881 4801 Jesus,
1911 4755 2031 4792 cum
2079 4744 2313 4797 venisset

720 4837 743 4869 a
777 4819 959 4873 .ludaea
989 4821 1041 4874 in
1090 4821 1391 4895 Galilaeam.
1437 4843 1455 4874 ι
1499 4823 1875 4895 Obstupcfacti
1918 4833 2061 4885 servi
2122 4849 2315 4902 repen—

717 4913 827 4965 tina
866 4913 1038 4965 morbi
1079 4915 1397 4980 mutatione,
1457 4934 1755 4973 oecurrunt
1807 4923 2061 4988 domino,
2111 4926 2309 4979 bonum

715 5005 964 5058 nuntium
997 5003 1288 5061 afferentes
1318 5011 1384 5061 tle
1404 5011 1640 5065 sanitate
1675 5011 1837 5083 5.67
1870 5015 1984 5069 ﬁlii.
2019 5016 2131 5070 Non
2168 5023 2311 5074 enim

715 5098 1036 5162 smiplieiter
1073 5111 1126 5151 ct
1158 5101 1299 5154 sicut
1336 5101 1452 5156 ﬁeri
1501 5104 1657 5170 solet,
1708 5109 1800 5161 sed
1841 5107 2022 5164 subito
2055 5111 2314 5168 liberatus

713 5197 796 5239 est
833 5207 859 5236 a
888 5189 1059 5251 febre,
1111 5201 1166 5240 ut
1220 5194 1287 5244 ita
1341 5196 1664 5249 ostendatur
1694 5201 2016 5254 miraculum
2073 5205 2171 5258 hoc
2204 5223 2310 5260 non

715 5281 884 5333 fuisse.
921 5292 1160 5342 mittite,
1198 5285 1289 5335 sed
1333 5287 1545 5339 virtutis
1577 5290 1805 5344 Christi.
1847 5293 1914 5347 Ut
1947 5311 2078 5364 ergo
2124 5298 2314 5353 didicit

714 5387 743 5424 a
791 5375 964 5427 servis
1009 5376 1194 5426 horam
1243 5377 1292 5429 in
1339 5395 1441 5446 qua
1482 5397 1614 5449 puer
1649 5388 1889 5454 vegetius
1921 5403 1976 5442 se
2007 5391 2309 5458 habuisset,

715 5466 813 5517 hoc
845 5477 945 5525 est,
990 5467 1182 5520 inelius
1218 5471 1516 5538 habuisset,
1561 5483 1612 5528 et
1650 5477 1700 5530 in
1741 5482 2018 5536 meliorem
2080 5487 2310 5540 transis-

714 5570 794 5609 Set
823 5559 1211 5625 vdetutlinem,
1248 5565 1402 5631 plene
1423 5568 1654 5621 credidit
1693 5571 1940 5629 Domino.
1974 5575 2132 5632 Prior
2164 5582 2308 5633 enim

713 5663 830 5716 (ias
867 5651 994 5703 tides
1045 5653 1362 5722 imperfecta
1403 5670 1540 5712 erat.
1602 5662 1677 5718 Ne
1719 5669 1863 5722 enim
1917 5672 2046 5725 mihi
2102 5672 2307 5728 dixeris

812 5841 854 5868 “
887 5838 1030 5894 l‘sal.
1066 5859 1247 5909 cuit,
1290 5845 1342 5902 ὖ.

2420 4469 2654 4542 ἑϐδόμην
2674 4475 2890 4543 ἀφῆκεν
2912 4480 3075 4531 αὑτὸν
3095 4483 3122 4533 6
3147 4486 3401 4553 πυρετός.
3426 4488 3609 4556 Ἔγνω
3637 4491 3731 4546 οὖν
3751 4497 3778 4547 6
3819 4469 4024 4568 ﬁmi-.p,

2418 4563 2499 4613 ὅτι
2535 4565 2593 4614 ἐν
2614 4567 2799 4638 ἐκείνῃ
2824 4573 2889 4639 τῇ
2920 4570 3143 4643 ὥρᾳ.1ὲν
3231 4573 3385 4630 εἶπεν
3413 4582 3563 4652 αύτῷ
3589 4586 3616 4636 ὀ
3655 4586 3893 4656 Ἰησοῦς,
3947 4594 4024 4644 ὅτι

2431 4655 2487 4704 '0
2519 4656 2628 4719 υίὸς
2661 4675 2754 4709 σου
2807 4661 2897 4731 ζῇ,
2956 4667 3049 4716 καὶ
3081 4669 3408 4722 ἐπίστευσεν
3444 4675 3630 4741 αὐτὸς,
3670 4681 3763 4731 καὶ
3880 4687 4024 4736 οἰκία

2418 4748 2584 4800 αὑτοῦ
2639 4751 2758 4821 ὅλη.
2802 4754 2974 4807 Τοῦτο
3011 4760 3172 4812 πάλιν
3204 4763 3459 4834 δεύτερον
3494 4774 3724 4839 σημεῖον
3761 4776 4024 4845 ἐποίησεν

2417 4842 2444 4891 6
2489 4842 2731 4911 Ἰησοῦς,
2795 4847 2964 4900 ἐλθὼν
3018 4852 3078 4902 ὲκ
3129 4855 3224 4922 τῆς
3272 4857 3534 4924 ἰουδαίας
3579 4865 3660 4927 είς
3707 4868 3811 4936 τὴν
3864 4869 4024 4922 Γαλι-

2417 4932 2593 4987 λτιέαν.
2643 4956 2658 4986 ι
2707 4939 3106 5010 Ἐκπλαγέντες
3146 4949 3194 4998 οἱ
3229 4949 3405 5004 δοῦλοι
3460 4956 3560 5024 τὴν
3602 4957 3815 5027 ἀθρόαν
3862 4981 4024 5032 μετα·

2418 5023 2581 5094 ϐοὴν
2614 5029 2715 5096 τῆς
2753 5034 2926 5096 νόσου,
2969 5037 3258 5092 ἀπαντῶσι
3302 5043 3382 5113 τῷ
3431 5049 3628 5116 κυρίῳ,
3662 5051 4021 5121 εύαῖγελιζῆ-

2420 5132 2572 5183 μενοι
2606 5120 2756 5191 αὒτῷ
2795 5123 2891 5193 τὴν
2915 5127 3008 5178 τοῦ
3046 5130 3164 5181 υίοῦ
3200 5133 3412 5200 ὑγείαν.
3451 5136 3528 5192 Οὐ
3563 5142 3674 5210 γὰρ
3709 5144 3902 5209 ἀπλῶς
3931 5150 4022 5205 καὶ

2416 5212 2488 5275 ὡς
2514 5213 2725 5284 ἔτυχεν,
2752 5219 2866 5271 ἀλλ’
2894 5222 3090 5294 ἀθρόον
3121 5229 3412 5303 ἀπηλλάγη
3449 5235 3542 5288 τοῦ
3581 5242 3849 5308 πυρετοῦ,
3881 5244 4018 5298 ὥστε

2415 5305 2700 5376 δειχθῆναι
2751 5313 2825 5384 μὴ
2861 5315 3076 5382 φύσεως
3123 5323 3449 5391 ἀκολουθίαν
3485 5325 3626 5384 εἶναι
3666 5335 3727 5386 τὸ
3757 5339 4011 5407 πρᾶγμα,

2417 5402 2552 5455 ἀλλά
2605 5405 2704 5474 τῆς
2738 5408 3027 5479 δυνάμεως
3062 5416 3157 5468 τοῦ
3208 5419 3470 5487 Χριστοῦ.
3518 5426 3730 5480 Μαθὼν
3763 5431 3821 5484 δὲ
3876 5438 4014 5504 παρὰ

2416 5494 2524 5546 τῶν
2548 5496 2753 5552 δούλων
2772 5502 2870 5571 τὴν
2892 5505 3066 5575 ὤραν,
3102 5511 3159 5563 ὲν
3260 5516 3604 5588 κομψότερον
3634 5522 3659 5571 6
3691 5526 3819 5586 παῖς
3843 5526 4013 5597 Ξσχεν,

2419 5590 2538 5641 ἀντὶ
2571 5593 2689 5655 τοῦ,
2732 5596 2825 5647 ἐπὶ
2859 5598 2919 5649 τὸ
2954 5599 3163 5668 βέλτιον
3199 5608 3293 5658 καί
3319 5609 3734 5683 εὐρωστότερον
3756 5622 4014 5688 μετῆλθεν

2417 5682 2443 5733 6
2473 5687 2622 5752 παῖς,
2654 5688 2876 5754 τελείως
2910 5697 3156 5750 πιστεύει
3183 5698 3258 5768 τῷ
3291 5701 3504 5774 Κυρίῳ,
3561 5707 3605 5758 Η
3642 5708 3756 5780 γὰρ
3783 5715 4014 5787 προτέρᾳ
