4218 6424
278 418 411 483 1257

274 626 505 700 μῆνούκ
545 625 612 679 ἂν
643 622 983 694 προσῆλθεν,
1036 626 1083 675 εί
1133 625 1207 693 μὴ
1249 622 1599 675 ἐπίστευσεν.
1637 622 1875 675 Eii-30am

268 719 380 789 γὰρ
408 718 459 769 οί
488 716 727 784 πατέρες
751 715 861 767 ἀπὸ
900 716 1001 784 τῆς
1029 714 1164 784 πρὸς
1186 714 1318 775 τοὺς
1338 712 1539 774 παῖδας
1573 711 1780 781 φιλίας,
1814 712 1875 764 ού

272 814 434 881 μόνον
460 807 539 873 οἷς
563 809 864 879 θαρροῦσιν
896 792 1101 878 ίατροίς
1128 808 1436 877 προσιέναι,
1460 807 1599 859 ἀλλὰ
1632 806 1729 861 καὶ
1762 809 1877 869 τοῖς

268 904 539 974 ἀτέκνοις,
593 904 763 973 μηδὲν
807 902 916 955 τῶν
963 901 1195 955 δεόντων
1234 900 1570 972 παραλιπεῖν
1609 899 1873 970 βουλόμε-

266 1015 367 1050 νοι.
399 996 683 1065 Προσῆλθε
730 995 831 1066 μὲν
880 993 973 1047 οὖν
1001 993 1111 1046 ἀπ’)
1142 992 1402 1056 πίστεως,
1436 993 1553 1059 εἴγε
1595 992 1689 1045 καὶ
1716 990 1875 1044 τοῦτο

264 1088 537 1158 δώσομεν,
565 1088 699 1141 ἀλλὰ
738 1087 957 1157 ψυχρᾶς
994 1085 1092 1139 καὶ
1137 1084 1389 1149 ἀτελοῦς,
1416 1086 1484 1155 ἣν
1513 1084 1635 1137 οὐδὲ
1687 1084 1874 1137 πίστιν

264 1180 332 1233 ἄν
364 1196 445 1243 τις
474 1180 749 1233 καλέσειε,
778 1180 913 1232 Τότε
928 1178 987 1232 δέ
1016 1177 1241 1242 τελείως
1271 1176 1620 1243 ἐπίστευσεν,
1658 1178 1747 1231 ὅτε
1778 1176 1875 1229 καὶ⁵

264 1276 395 1345 περὶ
421 1275 521 1344 τῆς
541 1274 692 1343 ὧρας
718 1273 920 1343 ἔμαθε.
955 1272 1185 1335 Τίνοςδέ
1209 1272 1399 1325 ἕνεκεν
1419 1273 1446 1325 ὀ
1470 1270 1872 1339 εύαγγελιστής

262 1383 451 1435 φησιν,
497 1366 581 1417 ὅτι
632 1364 889 1433 δεύτερον
923 1362 1087 1416 τοῦτο
1127 1365 1188 1415 τὸ
1239 1364 1471 1434 σημεῖον
1506 1362 1872 1433 ἐποίησενέν

261 1458 456 1528 Κανᾷς
494 1456 615 1509 ’Ἱνα
641 1456 793 1528 δείξῃ
832 1458 959 1519 τοὺς
997 1455 1349 1525 Σαμαρείτας
1403 1454 1620 1509 πολλῶν
1679 1454 1865 1520 ἀξίους

262 1548 579 1619 ἐγκωμίων.
619 1549 729 1602 Καὶ
776 1551 908 1619 γὰρ,
945 1550 1105 1618 φησὶ,
1136 1550 1235 1602 καὶ
1260 1548 1519 1620 δευτέρου
1550 1547 1744 1602 τούτου
1774 1546 1868 1601 τοῦ

265 1644 497 1715 σημείου
549 1644 871 1714 γενομένου,
930 1643 1149 1697 οὐδέπω
1194 1643 1243 1696 οί
1308 1642 1589 1697 Γαλιλαῖοι
1624 1642 1762 1713 πρὸς
1809 1644 1868 1695 τὸ

264 1734 399 1805 ὕψος
464 1734 690 1788 ἐκείνων
738 1733 1026 1803 ἔφθασαν,
1091 1735 1202 1789 τῶν
1234 1734 1403 1807 μηδὲν
1480 1734 1699 1788 ἰδόντων
1767 1752 1866 1802 ση-

267 1828 437 1900 μεῖον.

880 1940 1133 1997 ΚΕΦΑΛ.
1185 1940 1261 1997 E'.

262 2034 405 2102 Περὶ
439 2034 546 2090 τοῦ
568 2036 914 2105 ’τριάκοντα
949 2034 1051 2090 καί
1078 2034 1233 2089 ὀκτὼ
1262 2036 1367 2103 ἐτη
1404 2036 1657 2104 ἔχοντος
1696 2037 1768 2090 ἐν
1793 2036 1865 2102 τῇ

332 2107 641 2173 ἀσθενείᾳ.
672 2107 809 2177 Περὶ
837 2106 958 2159 τῶν
1000 2106 1304 2161 Ἰουδαίων
1332 2106 1673 2175 ζητούντων
1724 2108 1865 2161 ἀπο-

333 2178 565 2232 κτεῖναι
616 2178 724 2232 τεν
771 2178 1038 2245 Ἰησοῦν.

337 2312 354 2345 ι
406 2294 563 2348 Μετὰ
618 2294 793 2347 ταῦτα
847 2289 915 2364 ἦν
970 2296 1002 2364 ή
1050 2294 1215 2366 ἑορτὴ
1266 2294 1375 2347 τῶν
1420 2294 1718 2361 Ἰουδαίων,
1771 2297 1865 2349 καὶ

258 2388 427 2457 ἀνέϐη
460 2389 488 2440 ὁ
536 2388 752 2459 Ἰησοῦς
803 2390 884 2453 εἰς
930 2389 1305 2460 Ἱεροσόλυμα.
1344 2390 1505 2442 Ἔστι
1547 2390 1694 2443 δὲέν
1752 2394 1864 2453 τοῖς

268 2481 671 2554 Ἰεροσολύμοις
693 2484 1007 2555 προϐατική
1032 2482 1392 2554 κολυμϐήθρα
1424 2485 1455 2553 ή
1488 2484 1862 2555 ἐπιλεγομένη

268 2572 550 2644 Ἐϐραϊστὶ
582 2574 845 2645 Βηθεσδᾶ,
878 2576 1040 2628 πέντε
1064 2574 1228 2638 στοὰς
1251 2574 1474 2645 ἔχουσα.
1511 2575 1601 2629 Ἐν
1620 2576 1860 2641 ταύταις

255 2666 545 2720 κατέκειτο
588 2667 795 2739 πλῆθος
833 2668 969 2722 πολὺ
1000 2668 1111 2722 τῶν
1162 2668 1568 2736 ἀσθενούντων,
1620 2670 1861 2741 τυφλῶν,

255 2762 469 2833 χωλῶν,
506 2761 712 2835 ξηρῶν,
740 2765 1117 2835 ἐκδεχομένων
1142 2764 1245 2835 τὴν
1274 2765 1370 2819 τοῦ
1393 2766 1587 2831 ὓδατος
1616 2766 1859 2839 κίνησιν.

258 2858 527 2924 ΙἈγγελος
556 2858 665 2927 γὰρ
692 2858 835 2910 κατὰ
860 2859 1057 2927 καιρὸν
1087 2859 1416 2914 κατέϐαινεν
1448 2862 1507 2914 ἐν
1539 2864 1605 2932 τῇ
1654 2862 1861 2932 κολυμ-

253 2951 453 3022 ϐήθρᾳ,
487 2954 579 3005 καὶ
605 2953 877 3023 ἐτάρασσε
919 2954 979 3005 τὸ
1008 2951 1177 3025 ὕδωρ.
1213 2954 1272 3007 Ὀ
1310 2953 1403 3009 οὖν
1436 2956 1655 3027 πρῶτος
1686 2956 1863 3027 ἐμϐάς

256 3045 398 3113 μετὰ
435 3045 536 3111 τὴν
572 3046 824 3116 ταραχὴν
855 3044 950 3099 τοῦ
980 3044 1196 3113 ὕδατος,
1232 3047 1394 3119 ύγιὴς
1428 3047 1669 3117 ἐγένετο,
1701 3041 1746 3118 ᾧ
1773 3049 1864 3121 δή·

251 3154 383 3190 ποτε
415 3138 705 3209 κατείχετο
722 3140 1014 3210 νοσήματι.
1046 3159 1064 3191 ι
1099 3140 1296 3212 Ἐορτὴ
1321 3138 1389 3213 ἦν
1424 3142 1532 3195 τῶν
1556 3141 1856 3208 Ἰουδαίων,

252 3233 286 3302 ἠ
317 3234 417 3303 τῆς
441 3228 849 3305 Πεντηκοστῆς,
882 3230 1068 3304 οἶμαι.
1103 3234 1421 3289 Ἀναϐαίνει
1450 3236 1507 3291 δὲ
1530 3238 1589 3292 ἐν
1627 3237 1802 3311 ταύτῃ
1833 3240 1861 3291 ὁ

919 413 1364 479 ENARRATIO
1408 413 1487 473 IN
1531 411 1859 473 ΕνΑΝοιιι

1966 413 2036 471 [λι
2082 410 2432 471 Jt).\.\i.\'lh‘.
2480 432 2528 446 -·
2564 412 2725 472 CAI’.
2768 413 2834 471 Υ.

274 537 457 596 πίστις
490 530 659 586 αι.τοῦ
692 529 890 600 ἀτελὴς
916 525 1007 601 ἦν.
1040 530 1132 601 Μὴ
1168 529 1278 600 γάρ
1310 546 1401 600 μοι
1435 527 1621 599 εἴπῃς,
1655 528 1738 581 ὅτι
1764 525 1859 583 κα

1984 527 2129 595 quod
2161 540 2264 579 non
2290 524 2563 579 accessiss

3434 412 3590 478 '1'253

2646 522 2752 577 nisi
2784 521 3123 577 credidisset.
3168 522 3302 577 Nam
3332 534 3382 578 et
3412 534 3594 593 patres

1984 625 2415 680 consueverunt,
2464 631 2577 686 prae
2636 630 2827 671 amore
2864 630 2991 686 erga
3034 616 3201 684 ﬁlios,
3263 632 3368 671 non
3418 617 3594 673 solum

1983 709 2247 766 accedere
2276 710 2343 765 ad
2371 702 2616 766 m'edicos
2650 709 2856 780 quibus
2889 712 3029 763 bene
3064 710 3259 776 ﬁdunt,
3291 711 3387 766 scd
3430 722 3485 767 et
3528 714 3596 764 ad

1984 806 2288 875 imperitos,
2332 804 2469 859 nihil
2507 817 2573 857 ex
2618 804 2705 859 his
2738 818 2861 873 quae
2902 802 3087 858 facere
3112 812 3388 873 oporteat,
3426 805 3596 859 inter-

1984 899 2283 955 mittentes.
2317 900 2565 954 Accessit
2592 898 2816 969 quidem
2843 913 2910 952 ex
2944 899 3069 962 lide,
3114 898 3385 965 siquidem
3414 899 3596 954 ethoc

1979 992 2264 1055 dabimus;
2325 992 2419 1048 sed
2465 994 2662 1063 frigida
2718 1000 2777 1047 et
2811 992 3160 1061 imperfecta,
3195 1007 3359 1061 quam
3415 1008 3594 1061 neque

1982 1085 2141 1140 ﬁdem
2192 1086 2315 1155 quis
2366 1096 2513 1141 recte
2545 1086 2843 1140 vocaverit.
2896 1083 3055 1139 Tunc
3116 1093 3297 1137 autem
3351 1082 3593 1153 perfecto

1980 1181 2231 1245 credidit,
2266 1184 2488 1251 quando
2528 1190 2580 1234 ct
2605 1181 2671 1234 de
2707 1180 2838 1234 bora
2874 1179 3089 1233 didicit.
3136 1179 3196 1233 Et
3227 1193 3398 1247 quare
3432 1194 3593 1233 evan-

1976 1274 2168 1344 gelista
2198 1274 2329 1328 dicit
2368 1274 2513 1343 quod
2546 1273 2850 1328 secundum
2888 1272 2991 1326 boc
3030 1272 3250 1341 signum
3308 1271 3501 1325 l'ecerit
3534 1272 3590 1326 in

1976 1366 2123 1419 Cana
2153 1366 2175 1419 ?
2212 1364 2281 1420 Ut
2313 1366 2569 1420 ostendat
2601 1364 2985 1420 Samaritanos
3036 1363 3222 1417 multis
3261 1362 3591 1433 dignoslan-

1976 1456 2158 1512 dibus.
2199 1455 2413 1512 Etenim
2455 1458 2611 1523 dicit,
2663 1467 2718 1514 et
2776 1473 2901 1513 cum
2958 1458 3205 1513 secundo
3269 1458 3373 1513 Ιιοο
3436 1458 3593 1513 ﬁeret

1976 1550 2216 1618 signum,
2254 1552 2495 1604 nondum
2537 1562 2911 1620 pervenerunt
2956 1551 3169 1606 ϐειιίιωί
3208 1553 3274 1604 ad
3337 1551 3591 1607 sublimi-

1978 1652 2141 1695 tatem
2173 1642 2387 1696 illorum
2423 1644 2512 1711 qui
2556 1643 2761 1697 mullum
2801 1644 3051 1700 viderant
3093 1646 3332 1715 signum.

2614 1937 2843 1993 CAPUT
2893 1937 2951 1990 V.

1977 2027 2052 2080 De
2085 2046 2142 2081 eo
2176 2028 2264 2095 qui
2296 2046 2326 2101 (ι
2357 2029 2583 2097 triginta
2608 2041 2653 2081 et
2681 2039 2798 2081 octo
2832 2030 2983 2083 anuis
3016 2033 3066 2083 in
3095 2031 3409 2097 inﬁrmitate
3432 2048 3590 2101 jace-

2049 2105 2155 2151 lmt.
2187 2100 2260 2153 De
2283 2098 2492 2153 Jutta'is
2523 2102 2883 2169 qumrentibus
2921 2101 3206 2155 Dominum
3252 2098 3512 2158 occidere.

2050 2284 2210 2339 Vens.
2241 2285 2360 2341 1-4.
2395 2305 2412 2337 ι
2455 2286 2582 2341 l‘ost
2615 2286 2729 2341 haec
2755 2296 2874 2341 erat
2895 2287 3012 2344 dies
3044 2285 3217 2342 festus
3245 2286 3587 2351 Juda‘orutn,

1968 2389 2021 2433 et
2057 2381 2310 2434 ascendit
2363 2378 2526 2436 Jesus
2576 2380 2979 2452 llierosolyma.
3020 2382 3117 2437 Est
3157 2389 3339 2437 autem
3393 2382 3589 2438 ΙΙὶιτο-

1970 2474 2200 2543 Solymis
2248 2474 2529 2541 probatica
2587 2475 2823 2544 piscina,
2858 2490 2980 2544 qua“:
3019 2477 3447 2546 cognominatur
3481 2477 3588 2531 Ile-

1972 2567 2156 2623 lfraice
2211 2568 2508 2633 Betbesda,
2564 2570 2809 2639 quinque
2864 2571 3117 2641 porticus
3152 2573 3383 2627 habens.
3412 2573 3467 2627 lu
3503 2574 3587 2627 b‘s

1970 2658 2188 2725 iacebat
2232 2662 2531 2717 multitudo
2573 2663 2982 2732 languentium,
3034 2680 3333 2732 cmcorum,
3362 2667 3589 2720 claudo-

1973 2769 2113 2818 rtun,
2147 2756 2451 2819 aridorum,
2490 2758 2932 2826 exspectantium
2973 2773 3132 2827 aqua:
3182 2768 3414 2813 motum.
3476 2762 3590 2812 An-

1968 2846 2123 2917 gelus
2155 2848 2302 2903 enim
2338 2850 2879 2907 descendebatcerto
2909 2860 3156 2921 tempore
3200 2852 3255 2905 in
3290 2852 3584 2923 piscinam,

1969 2949 2019 2994 ct
2061 2941 2321 2995 turbabat
2351 2958 2573 3013 aquam.
2610 2942 2804 3014 Itaque
2832 2943 2924 3013 qui
2959 2945 3174 3014 primus
3210 2944 3591 2999 descendisset

1968 3046 2091 3104 post
2116 3036 2488 3091 turbationem
2532 3051 2715 3109 aquae,
2751 3054 2921 3095 sanus
2958 3039 3124 3094 ﬁebat
3173 3055 3201 3093 a
3257 3056 3589 3112 quocunque

1968 3124 2317 3182 detinebatur
2374 3130 2590 3184 morbo.
2629 3148 2649 3183 ο
2699 3131 2825 3186 Dies
2876 3131 3050 3188 festus
3094 3132 3587 3198 cratJudmorum,

1968 3218 2295 3277 Pentecoste
2326 3222 2543 3292 opinor.
2572 3224 2837 3279 Ascendit
2868 3224 2921 3279 in
2941 3241 3007 3281 eo
3045 3224 3349 3295 Dominus;
3384 3229 3587 3297 partim

252 3297 460 3396 Rupta;
482 3340 496 3354 '
530 3297 648 3398 ἃμα
684 3297 952 3397 μὲν,ίή
985 3327 1061 3399 μὴ
1108 3328 1235 3401 δόξῃ
1284 3329 1530 3395 ἐναντίος
1574 3330 1655 3403 τῷ
1682 3297 1856 3403 νόμίρ,

1970 3328 2037 3369 ne
2064 3314 2340 3370 videretur
2383 3331 2507 3372 esse
2538 3317 2891 3374 adversarius
2935 3317 3065 3390 legi,
3091 3320 3186 3375 sed
3236 3332 3589 3391 compareret

251 3421 393 3474 ἀλλὰ
422 3421 687 3491 φαίνηται
718 3422 1101 3493 συνεορτάζων
1151 3426 1268 3485 τοῖς
1310 3422 1529 3489 πολλοῖς
1554 3440 1569 3456 ⁸
1612 3427 1731 3496 ἅμα
1774 3427 1856 3493 δέ,

250 3514 338 3565 ἵνα
371 3514 592 3577 πλείους
637 3513 729 3567 διὰ
778 3514 1025 3586 σημείων
1057 3514 1411 3579 διδασκαλίας
1444 3516 1856 3589 ἐπισπάσηται,

250 3608 345 3661 καὶ
391 3607 627 3676 μάλιστα
686 3608 747 3661 τὸ
802 3609 1006 3680 πλῆθος
1052 3609 1113 3663 τὸ
1162 3609 1373 3665 ἄδολον.
1427 3610 1517 3665 Ἐν
1569 3613 1680 3683 γὰρ
1732 3614 1857 3677 ταῖς

248 3701 465 3772 ἑορταῖς
492 3700 719 3755 εἰώθασι
751 3702 1113 3774 συνέρχεσθαι
1148 3706 1241 3757 καὶ
1276 3704 1531 3776 ἀγρόται,
1564 3705 1662 3758 καὶ
1700 3707 1859 3760 ἁστι-

247 3794 338 3846 κοὶ
368 3796 767 3866 χειρώνακτες,
802 3797 902 3858 τὰς
934 3796 1106 3859 ἄλλας
1127 3798 1347 3868 ἡμέρας
1373 3800 1486 3860 τοῖς
1516 3798 1701 3869 ἐργοις
1727 3819 1857 3854 συν-

246 3886 663 3958 ασχολούμενοι.
699 3888 1021 3959 Προϐατικὴ
1054 3890 1113 3943 δέ
1145 3889 1368 3958 ἐλέγετο
1395 3894 1426 3961 ή
1461 3890 1853 3963 κολυμϐήθρα,

245 3976 381 4030 διότι
418 3978 487 4030 τὰ
518 3977 659 4047 πρὸς
690 3978 886 4032 θυσίαν
908 3980 1161 4049 πρόϐατα
1184 3982 1307 4034 ἐκεῖ
1334 3985 1626 4053 συνήγετο,
1662 3984 1759 4037 καὶ
1788 3984 1857 4037 τὰ

244 4068 456 4138 ἔγκατα
496 4072 681 4124 αὐτῶν
728 4070 1027 4126 ἐπλύνοντο
1077 4076 1212 4129 ἐκεῖ.
1275 4072 1439 4147 Εἶχον
1470 4076 1528 4129 δέ
1572 4077 1621 4130 οί
1667 4078 1856 4131 πολλοὶ

246 4164 540 4235 ὑπόληψιν,
573 4167 655 4219 ὃτι
687 4168 783 4219 καὶ
814 4168 925 4221 άπὸ
951 4168 1116 4237 μόνου
1150 4167 1247 4221 τοῦ
1277 4169 1579 4223 πλύνεσθαι
1608 4171 1681 4224 “cf
1708 4171 1857 4225 ἐντό⁴

246 4257 372 4310 σθια
406 4259 513 4311 τῶν
567 4261 782 4331 ἱερείων
824 4261 1057 4331 δύναμίν
1094 4278 1217 4315 τινα
1250 4262 1523 4333 λαμϐάνει
1570 4265 1855 4337 θειοτέραν

242 4354 307 4404 τὸ
344 4351 490 4424 ὕδωρ
512 4395 528 4420 ,
569 4353 650 4407 διὸ
679 4357 774 4408 καὶ
828 4356 921 4408 τὸν
952 4357 1191 4424 ἄγγελον
1238 4358 1536 4429 ἐπιφοιτᾷν
1566 4354 1743 4430 τούτῳ
1776 4360 1855 4431 τῷ

246 4443 399 4498 ὕδατι
429 4444 505 4507 ὡς
540 4447 807 4518 ἐκλεκτῷ,
857 4450 951 4501 ναὶ
984 4448 1459 4521 θαυματουργεῖν.
1496 4451 1719 4505 Ἔοικεν
1745 4454 1853 4523 ἄρα

243 4539 278 4609 ή
321 4539 440 4592 θεία
474 4540 706 4610 πρόνοια
747 4541 1038 4613 πόρρωθεν
1068 4542 1395 4597 ὁδοποιοῖωα
1416 4546 1529 4608 τοῖς
1578 4544 1856 4610 Ἰουδαίοις

1964 3424 2089 3462 cum
2117 3408 2345 3480 reliquis
2394 3412 2537 3466 diem
2573 3412 2771 3467 festum
2807 3430 3010 3483 agens:
3046 3416 3246 3485 partim
3294 3427 3353 3471 ut
3402 3418 3587 3486 plures

1964 3517 2061 3572 per
2090 3503 2243 3574 signa
2277 3514 2333 3559 et
2363 3505 2645 3562 doctrinas
2694 3508 2947 3563 alliceret
2991 3518 3045 3563 et
3094 3512 3333 3565 maxime
3368 3513 3585 3567 turbam

1962 3597 2291 3665 simplicem.
2330 3598 2602 3658 Solebant
2652 3602 2798 3655 enim
2852 3602 2942 3657 die
2995 3601 3149 3679 Iesu}
3200 3608 3500 3662 convenire
3531 3619 3587 3662 et

1962 3690 2154 3745 rustici
2187 3691 2486 3760 etopiilces
2511 3694 2729 3756 urbani,
2757 3694 2849 3765 qui
2882 3696 3002 3751 aliis
3030 3698 3222 3753 diebus
3242 3698 3293 3753 in
3322 3702 3584 3770 operibus

1961 3783 2085 3839 suis
2120 3794 2279 3838 erant
2337 3788 2615 3855 occupati.
2690 3789 2977 3845 Probatica
3040 3801 3221 3847 autem
3295 3793 3586 3851 dicebatur

1963 3878 2197 3947 piscina,
2228 3894 2297 3934 eo
2328 3882 2472 3948 quod
2501 3895 2630 3937 oves
2670 3882 2784 3939 illic
2817 3884 2886 3939 ad
2920 3885 3253 3940 sacriﬁcium
3275 3904 3582 3960 congrega-

1963 3971 2183 4041 bantur,
2212 3987 2268 4029 et
2295 3975 2549 4048 intestina
2578 3993 2768 4035 earum
2796 3979 3185 4039 abluebantur.
3214 3984 3362 4040 Multi
3395 3998 3582 4045 autem

1962 4067 2328 4135 opinabantur
2350 4070 2498 4139 quod
2550 4072 2669 4127 sola
2726 4074 3011 4131 ablatione
3059 4078 3452 4135 intestinorum
3489 4098 3583 4137 Sa-

1963 4163 2310 4233 criﬂcalium,
2346 4168 2603 4224 virtutem
2624 4173 2916 4242 quamdam
2950 4174 3284 4229 diviniorem
3307 4177 3585 4247 acciperet

1964 4272 2128 4325 aqua,
2178 4270 2233 4316 ct
2285 4271 2581 4331 propterea
2637 4265 2869 4337 angelus
2910 4268 2978 4321 ad
3017 4283 3214 4337 aquam
3245 4278 3303 4324 ut
3347 4270 3583 4326 electam

1964 4348 2273 4413 accederet,
2306 4362 2361 4405 et
2395 4352 2719 4410 miraculum
2755 4366 3105 4427 operaretur.
3143 4360 3441 4415 Videbatur
3470 4364 3582 4417 uti-

1964 4457 2071 4513 que
2100 4444 2281 4499 divina
2314 4448 2583 4517 sapientia
2621 4465 2650 4504 a
2691 4449 2853 4522 longe
2885 4452 3028 4506 viam
3064 4452 3246 4510 facere
3274 4453 3483 4513 Judmis
3510 4458 3581 4523 ad

1966 4536 2126 4591 ﬁdem
2161 4539 2213 4592 in
2248 4537 2560 4606 Christum,
2610 4545 3039 4614 prccordinando
3092 4547 3422 4604 miraculum
3478 4551 3583 4623 pi-

242 4634 383 4701 πρὸς
428 4634 529 4705 τὴν
574 4635 655 4698 είς
691 4636 929 4704 Χριστὸν
971 4637 1179 4701 πίστιν,
1216 4638 1279 4690 τὸ
1321 4639 1418 4708 τῆς
1460 4640 1854 4713 κολυμϐήθρας

1966 4631 2154 4688 scinaa.
2193 4631 2331 4688 Nam
2350 4636 2609 4705 quoniam
2642 4638 2919 4708 baptisma
2954 4641 3209 4695 daturmn
3256 4641 3426 4716 568
3458 4655 3584 4701 erat

241 4726 449 4798 ταύτης
492 4726 682 4797 θαῦμα
735 4730 1229 4800 πῳοικονομῆσαι.
1285 4732 1444 4786 Ἐπεὶ
1484 4734 1595 4805 γὰρ
1654 4734 1851 4805 ἔμελλε

243 4816 529 4889 βάπτισμα
559 4818 802 4873 δίδοσθαι
836 4820 1042 4891 πολλὴν
1068 4820 1193 4889 ἔχον
1214 4819 1477 4891 δύναμιν,
1508 4823 1603 4876 καὶ
1638 4822 1777 4893 δωρε
1791 4823 1853 4876 ἀν

242 4912 530 4984 μεγίστην,
550 4908 641 4966 οἷα
672 4914 937 4984 καθαῖρον
958 4914 1260 4985 ἁμαρτίας,
1292 4916 1387 4969 καὶ
1414 4916 1717 4979 ζωοποιοῦν
1751 4916 1851 4982 τὰς

235 5007 438 5078 ψυχὰς,
478 5005 877 5077 προζωγραφεϊ
905 5007 1038 5070 Θεὸς
1075 5011 1146 5060 τὸ⁸
1171 5008 1463 5079 βάπτισμα
1484 5011 1542 5061 ἐν
1563 5012 1673 5072 τοῖς
1716 5011 1850 5064 Ἰου-

234 5099 447 5161 δαϊκοῖς
467 5139 483 5165 ,
541 5100 639 5153 καὶ
687 5098 872 5153 δίδωσι
906 5102 1007 5169 μὲν
1040 5101 1137 5155 καὶ
1169 5100 1316 5173 ὕδωρ
1344 5102 1534 5167 αὐτοῖς
1584 5104 1851 5175 καθαῖρον

238 5192 555 5263 μολυσμοὺς
607 5193 671 5247 ού
714 5193 920 5263 κυρίως
949 5192 1135 5262 δντας,
1193 5195 1332 5249 ἀλλὰ
1382 5196 1704 5259 δοκοῦνταςο
1736 5192 1849 5252 οἷον

232 5285 362 5350 τοὺς
412 5286 521 5341 ἀπὸ
558 5286 653 5341 τοῦ
708 5286 954 5357 ἅψασθαι
1002 5289 1226 5359 νεκροῦ,
1278 5290 1310 5362 ἢ
1344 5290 1574 5363 λεπροῦ,
1611 5292 1707 5347 καὶ
1740 5292 1850 5347 τῶν

232 5377 497 5433 τοιούτων
523 5379 731 5450 ἐτέρων
755 5397 769 5411 ·
796 5373 987 5435 δίδωσι
1017 5381 1075 5435 δέ
1108 5384 1206 5436 καὶ
1228 5383 1291 5436 τὸ
1322 5386 1423 5455 τῆς
1450 5384 1849 5462 κολυμϐήθρας

230 5472 441 5544 ταύτης
472 5472 683 5544 θαῦμα,
719 5464 953 5546 ὁδηγῶν
1005 5477 1209 5542 αὐτοὺς
1255 5478 1337 5542 είς
1380 5478 1482 5549 τὴν
1520 5479 1847 5552 παραδοχὴν

230 5566 328 5620 τοῦ
370 5568 773 5639 βαπτίσματος.
821 5568 1095 5638 Ἀγγελος
1124 5570 1237 5642 γὰρ
1268 5572 1412 5626 κατὰ
1441 5572 1639 5642 καιρὸν
1667 5590 1846 5628 κατα-

230 5658 455 5725 ϐαίνων,
486 5661 815 5735 διετάρασσε
846 5663 907 5718 τὸ
938 5664 1110 5736 ὕδωρ,
1145 5666 1241 5721 καὶ
1279 5668 1584 5738 ίαματικὴν
1613 5668 1846 5724 ἐνετίθει

226 5754 407 5826 τούτῳ
449 5756 706 5827 δύναμιν.
753 5759 829 5813 Οὐ
864 5759 974 5829 γὰρ
999 5760 1177 5830 δήπου
1215 5760 1369 5832 ήτοῦ
1408 5759 1607 5826 ὓδατος
1654 5762 1843 5833 φύσις,

229 5849 373 5920 αὑτὴ
404 5850 529 5905 καθ’
556 5850 757 5923 ἑαυτήν
788 5852 907 5905 ίᾶτο
935 5853 952 5923 (
979 5847 1015 5926 ἦ
1048 5854 1159 5926 γὰρ
1200 5855 1268 5910 ἂν
1303 5856 1393 5911 διὰ
1424 5858 1631 5923 παντὸς
1682 5857 1846 5913 τοῦτο

227 5944 485 6015 ἐγίνετο),
528 5944 646 5999 ἀλλ’
678 5946 773 5999 ἐπὶ
815 5948 883 6017 τῇ
912 5944 1010 6001 τοῦ
1056 5949 1300 6017 ἀγγέλου
1337 5935 1595 6027 ἐνεργείᾳ
1623 5952 1685 6008 τὸ
1731 5954 1844 6010 πᾶν

476 6041 751 6103 Parnm“
798 6044 917 6104 Gn.
959 6042 1247 6105 CXXIII.

1965 4739 2219 4789 magnam
2252 4726 2531 4793 virtutem,
2566 4738 2621 4783 et
2654 4734 2965 4799 maximum
2990 4732 3218 4799 donum,
3252 4744 3445 4806 utpote
3475 4753 3581 4807 pu-

1960 4813 2185 4871 ril‘tcans
2222 4827 2513 4888 peccatum
2567 4829 2621 4873 et
2652 4820 2939 4885 viviﬁcans
2981 4824 3219 4891 animas,
3266 4827 3581 4898 prtcﬁgurat

1960 4907 2105 4964 Deus
2146 4909 2423 4981 baptisma
2486 4912 2539 4966 in
2587 4913 2754 4969 rebus
2797 4912 3063 4983 Judaicis,
3107 4928 3160 4970 et
3192 4917 3327 4987 ipsis
3359 4934 3579 4988 quoque

1958 5017 2157 5073 aquam
2192 5005 2429 5075 datquze
2463 5006 2721 5077 puriﬁcet
2754 5009 2970 5076 sordes,
3031 5024 3156 5080 quae
3212 5027 3322 5065 non
3382 5013 3577 5067 sordes

1957 5097 2179 5167 proprie
2230 5109 2412 5163 erant,
2460 5101 2558 5155 sed
2606 5100 2934 5157 videbantur
2973 5117 3097 5158 esse
3134 5120 3146 5156 :
3183 5111 3241 5157 ut
3274 5103 3317 5159 si
3351 5105 3574 5175 quando

1958 5190 2267 5262 tetigissent
2292 5205 2595 5263 mortuum,
2633 5195 2719 5251 vel
2752 5195 3058 5266 leprosum,
3094 5196 3182 5251 vel
3207 5196 3414 5269 aliquid
3443 5200 3578 5256 tale.

1959 5285 2060 5341 Dat
2110 5296 2295 5342 autem
2355 5295 2411 5343 et
2437 5287 2662 5358 piscinae
2697 5289 2863 5361 hujus
2894 5289 3250 5356 miraculum,
3307 5293 3452 5360 quod
3479 5292 3581 5349 ουρ

1954 5388 2106 5437 ceret
2155 5396 2251 5437 eos
2306 5380 2375 5436 ad
2427 5382 2839 5453 susceptionem
2898 5383 3269 5453 baptismatis.
3334 5386 3577 5458 Angelus

1954 5473 2100 5529 cnim
2155 5483 2402 5545 tempore
2451 5483 2764 5545 opportuno
2791 5474 3188 5541 descendebat,
3219 5487 3275 5532 et
3317 5482 3577 5533 turbabat

1955 5584 2179 5639 aquam,
2207 5580 2265 5623 et
2290 5568 2595 5624 sanativam
2632 5570 2705 5625 illi
2732 5569 2991 5626 virtutem
3022 5572 3263 5628 indebat.
3288 5570 3573 5645 Nusquam

1952 5662 2099 5717 enim
2144 5661 2251 5717 ista
2281 5673 2479 5719 natura
2506 5677 2660 5733 aqua:
2692 5676 2797 5733 est,
2840 5674 2899 5720 ut
2926 5682 3023 5738 per
3048 5683 3107 5723 se
3152 5678 3335 5736 sanet,
3369 5668 3574 5736 alioqui

1955 5758 2055 5811 hoc
2078 5767 2341 5829 perpetuo
2368 5756 2569 5825 ﬂeret;
2600 5760 2697 5814 sed
2725 5768 2899 5815 totum
2937 5762 2991 5816 in
3014 5761 3209 5833 angelo
3241 5763 3408 5817 situm
3433 5772 3577 5827 erat,

1952 5850 2216 5921 quidquid
2248 5861 2370 5906 erat
2414 5850 2695 5910 eﬂicacire.
2752 5852 2831 5909 Ita
2872 5865 2929 5910 et
2957 5855 3100 5926 apud
3137 5872 3236 5912 nos
3284 5870 3427 5928 aqua
3478 5853 3575 5910 ba-

1954 5945 2254 6020 ptismatis,
2291 5960 2431 6017 aqua
2475 5956 2559 6005 est
2594 5948 2964 6021 simpliciter:
3010 5966 3133 6007 cum
3162 5963 3347 6008 autem
3396 5965 3575 6010 acces-

3087 6048 3169 6113 40
