4218 6424
259 416 391 485 1261

935 408 1384 471 ENARRATIO
1429 406 1511 467 IN
1555 399 2064 468 EVANGELIUM
2105 398 2452 461 JOANNIS.
2489 423 2558 433 -
2596 399 2755 458 CAP.
2803 400 2864 457 V.

3424 394 3562 458 12622

255 535 332 587 εεί
375 529 561 583 πίστιν
608 529 637 580 6
667 525 905 596 Κύριος,
959 524 1019 576 οὐ
1063 521 1170 593 πρὸ
1194 520 1304 574 τῶν
1331 519 1650 589 θαυμάτων,
1708 513 1844 569 ἀλλά

1971 522 2243 580 inthuam
2293 512 2344 564 in
2372 522 2668 580 conspectu
2694 523 2885 564 eorum
2920 508 3126 562 faceret
3151 504 3437 570 miracula,
3467 511 3564 560 sel

253 624 400 695 μετά
426 623 488 675 τὸ
520 618 747 687 ποιῆσαι
780 615 1016 670 ἐνώπιον
1046 614 1231 669 αὐτῶν
1256 614 1328 668 τά
1367 611 1651 682 θαύματα,
1675 610 1842 664 ἀπαι-

246 718 331 771 τεί
363 714 563 778 αὐτοὺς
608 712 712 782 τὴν
763 709 970 764 πίστιν.
1024 710 1170 778 Ὅρα
1201 707 1259 761 δέ
1311 723 1403 777 μοι
1452 705 1572 767 πῶς
1609 703 1729 771 ἅμα
1785 719 1846 756 τε

247 810 452 882 ἢκουσε
497 806 594 860 καὶ
626 803 973 858 ἐπίστευσεν.
1012 803 1088 855 Οὐ
1125 804 1236 870 γὰρ
1269 797 1524 868 διεκρίθη
1562 796 1686 850 καθ’
1718 796 1847 848 ἐαυο

248 901 362 969 τὸν,
395 899 491 954 καὶ
511 894 668 952 εἷπεν
687 912 702 926 ⁸
738 896 814 950 Οὐ
844 895 1010 967 λῆρος
1036 885 1214 957 οὗτος,
1241 891 1300 955 δς
1329 890 1580 973 αὐθωρον
1611 885 1840 959 ἐγερθῆ-

1949 615 2238 674 postquam
2271 603 2538 661 vidissent
2595 603 2887 667 miracula,
2927 601 3183 670 exigebat
3223 598 3412 655 fidem.
3463 599 3566 665 At-

1952 699 2112 753 tende
2158 705 2344 753 autem
2403 697 2546 767 quod
2595 695 2759 752 simul
2819 703 2985 765 atque
3029 693 3263 759 audivit,
3307 690 3565 748 credidit.

1948 790 2069 846 Non
2134 793 2283 848 enim
2340 806 2528 847 secum
2588 789 2978 851 mnrmuravit,
3034 797 3090 841 et
3135 787 3274 840 dixit
3322 784 3566 841 :Nonne

1949 897 2188 959 nugatur
2215 889 2342 952 iste,
2375 887 2468 957 qui
2504 886 2699 940 eodem
2737 890 3020 938 momento
3071 895 3158 936 me
3210 894 3437 948 surgere
3479 878 3570 947 jn-

249 994 338 1048 ναί
374 1009 442 1064 με
467 990 856 1060 ἐγκελεύεται;
911 985 1213 1056 τριάκοντα
1240 984 1388 1038 ὀκτὼ
1410 983 1504 1053 ἐτη
1533 982 1700 1052 ἔχων,
1745 980 1848 1033 οὐκ

1971 981 2186 1050 )et(a)?
2217 979 2463 1050 Triginta
2515 988 2572 1033 et
2604 988 2730 1033 octo
2776 991 2951 1031 annos
2989 973 3224 1038 habens,
3279 975 3566 1043 nunquam

248 1085 517 1156 ἐπέτυχον
567 1084 784 1148 ἰάσεως,
843 1086 940 1136 καὶ
971 1080 1147 1143 οὕτως
1188 1077 1387 1151 ἀθρόον
1431 1075 1846 1146 ἑγερθήσομαις

249 1176 420 1232 Οὺδέν
451 1174 716 1239 τοιοῦτον,
749 1173 889 1228 ἀλλὰ
948 1170 1254 1234 πιστεύσας
1299 1167 1540 1240 ἠγέρθη.
1587 1167 1677 1220 Ἔν
1709 1166 1851 1219 Σαδ-

249 1269 404 1340 οάτῳ
429 1268 489 1323 δέ
534 1265 854 1339 θεραπεύει,
891 1265 1165 1321 διδάσκων
1192 1265 1320 1327 τοὺς
1360 1260 1689 1332 ἀνθρώπους
1725 1257 1850 1312 ιτι-

252 1378 363 1432 ρως
387 1361 531 1414 νοεῖν
560 1359 662 1421 τὰς
684 1357 783 1411 τοῦ
822 1356 993 1427 νόμου
1045 1353 1490 1427 παρατηρήσεις,
1541 1353 1636 1406 καὶ
1678 1350 1756 1423 μή
1781 1353 1850 1423 τῇ

251 1449 583 1522 σωματικῶς
612 1448 881 1519 νοουμένῃ
910 1445 1084 1518 ἀργίᾳ
1131 1445 1314 1498 δοκεῖν
1337 1443 1509 1513 τιμᾷν
1549 1440 1610 1494 τὸ
1634 1439 1852 1496 26.663-

248 1561 364 1608 τον,
394 1543 529 1597 ἀλλά
554 1544 622 1615 τῇ
655 1541 767 1597 τῶν
796 1539 988 1595 κακῶν
1028 1539 1234 1611 ἀποχῇ.
1270 1535 1430 1591 Ἐπεὶ
1473 1533 1603 1604 τόγε
1650 1532 1856 1603 ἀγαθο-

251 1639 430 1690 ποιείν
457 1636 516 1689 ἐν
541 1634 830 1706 Σασὸάτῳ,
859 1633 963 1688 οὐκ
986 1631 1054 1687 ἂν
1079 1633 1107 1685 ὑ
1134 1631 1298 1701 νόμος
1325 1627 1557 1696 ἐκώλυε,
1582 1626 1748 1697 νόμος
1777 1625 1853 1680 ὢν

250 1729 348 1784 τοῦ
383 1727 522 1783 Θεοῦ
552 1727 645 1782 τοῦ
663 1726 1149 1797 ἀγαθοποιοῦντας.

329 1841 348 1876 ι
386 1821 690 1895 Ἀπεκρίθη
718 1820 938 1885 αὐτοῖς·
982 1819 1044 1873 'O
1075 1819 1310 1890 ποιήσας
1340 1834 1408 1888 με
1443 1814 1596 1884 ὑγιῆ,
1643 1812 1855 1876 ἐκεῖνός

1954 1073 2250 1128 sanitatem
2281 1082 2568 1127 assecutus
2609 1085 2755 1134 sum,
2805 1082 2860 1125 et
2892 1069 2971 1123 sic
3023 1078 3249 1138 repente
3304 1063 3568 1136 surgam?

1955 1165 2102 1221 Nihil
2153 1166 2259 1220 tale
2300 1163 2583 1236 cegitavit,
2633 1165 2729 1219 sed
2786 1163 3021 1218 credidit
3073 1177 3138 1218 ac
3186 1164 3453 1218 surrexit.
3511 1161 3568 1215 In

1957 1258 2200 1314 Sabban
2225 1267 2404 1322 sanat,
2443 1258 2649 1314 docens
2699 1259 2976 1314 hominem
3042 1257 3207 1313 aliter
3261 1256 3571 1326 intelligere

1957 1350 2091 1418 legis
2120 1351 2558 1414 observationes,
2597 1361 2653 1406 et
2689 1365 2811 1417 non
2859 1360 3054 1420 putare
3105 1349 3227 1405 eoli’
3261 1347 3567 1404 Sabbatum

1955 1444 2068 1499 otio
2096 1443 2394 1515 corporali,
2421 1445 2517 1498 sed
2553 1441 2819 1497 malorum
2848 1441 3202 1496 abstinentia.
3235 1437 3371 1494 Nam
3402 1438 3572 1493 bene—

1958 1536 2141 1593 facere
2200 1538 2360 1592 alicui
2400 1538 2454 1591 in
2511 1537 2754 1592 Sabbato
2802 1537 2889 1592 lex
2953 1552 3058 1591 non
3112 1533 3393 1605 prohibet,
3450 1549 3572 1604 qua:

1959 1630 2043 1686 lex
2079 1639 2165 1687 est
2199 1629 2295 1686 Dei
2353 1645 2572 1702 semper
2603 1631 3022 1688 benefacientis.

2033 1813 2196 1868 Vsns.
2228 1814 2320 1868 Η-
2356 1815 2438 1870 15.
2473 1832 2489 1865 ι
2528 1813 2829 1881 Respondit
2858 1814 2937 1868 eis
2973 1829 2985 1868 :
3018 1811 3122 1879 Qni
3164 1825 3251 1865 me
3279 1823 3474 1865 sanum
3501 1807 3574 1862 fc-

255 1933 346 1988 μοι
371 1912 528 1971 εἶπεν
553 1931 568 1945 ·
598 1914 772 1986 *Δρον
790 1915 883 1969 τδν
904 1912 1220 1986 κράὸόατόν
1251 1929 1372 1974 σου,
1405 1914 1500 1964 καὶ
1528 1907 1848 1980 περιπάτει.

1971 1909 2054 1974 :it,
2086 1911 2131 1962 is
2171 1909 2304 1963 mihi
2349 1909 2518 1963 dixit:
2557 1907 2710 1963 Tolle
2770 1908 3060 1976 grabatum
3104 1916 3255 1958 tuum
3291 1911 3345 1960 et
3379 1903 3576 1958 ambu-

264 2003 592 2076 Ἠρὼτησαν
621 2000 714 2060 οὖν
741 2005 936 2059 αὐτόν·
989 2004 1088 2067 Τίς
1117 2005 1267 2056 ἐστιν
1306 2004 1333 2055 6
1385 2001 1685 2072 ἄνθρωπος
1717 2002 1746 2054 6
1776 2000 1856 2053 εί-

241 2097 372 2152 -πών
420 2115 536 2152 σοι·
567 2093 636 2152 ’Δ
649 2115 740 2170 ρον
789 2097 882 2152 τὸν
918 2095 1236 2168 κράὀϐατόν
1262 2112 1381 2160 σου,
1407 2094 1503 2148 καὶ
1521 2093 1855 2167 περιπάτει;

264 2193 323 2243 ’0
352 2192 408 2246 δὲ
467 2193 640 2256 ίαθεῖς
668 2194 771 2247 οὐκ
801 2192 922 2264 ᾔδει
956 2192 1039 2254 τίς
1071 2193 1256 2245 ἐστιν·
1293 2191 1322 2244 6
1361 2191 1471 2262 γὰρ
1523 2187 1734 2261 Ἰησοῦς
1765 2187 1857 2252 ἐξ·

253 2285 478 2339 ἔνευσεν
501 2284 662 2356 ὄχλου
691 2286 845 2349 ὄντος
870 2287 929 2338 ἐν
962 2283 1042 2355 τῷ
1071 2283 1276 2353 τόπῳ.»
1297 2283 1419 2354 Χρὴ
1448 2283 1728 2353 θαυμάσαι
1757 2280 1858 2353 τὴν

251 2379 349 2434 τοῦ
371 2379 667 2450 ἀνθρώπου
699 2379 836 2448 πρὸς
881 2377 1174 2440 Ἰουδαίους
1205 2376 1548 2448 παρρησίαν,
1576 2375 1696 2439 πῶς
1732 2376 1856 2428 ἐπι-

250 2473 526 2544 κειμένων
549 2471 700 2542 αὑτῷ
724 2471 821 2526 καὶ
847 2471 1142 2540 λεγόντων,
1198 2489 1216 2522 ι
1248 2470 1366 2524 Οὐκ
1396 2469 1577 2533 ἔξεστί
1610 2486 1696 2522 σοι
1722 2465 1859 2540 ἆραι

249 2567 346 2620 τὸν
384 2565 695 2636 κράδᾶιτόν
728 2583 824 2620 σου
863 2565 954 2620 διὰ
987 2567 1049 2620 τὸ
1103 2566 1411 2632 Σάϐϐατον,
1444 2586 1462 2620 ι
1507 2566 1670 2629 αὐτὸς
1718 2564 1860 2636 μετὰ

251 2661 572 2733 παρρησίας
597 2661 933 2732 ἀνεκήρυττε
958 2661 1052 2715 τὸν
1089 2661 1389 2733 εὐεργέτην
1409 2678 1423 2692 ·
1469 2679 1487 2713 ι
1535 2661 1595 2715 '0
1619 2663 1860 2732 ποιήσας

257 2772 326 2826 με
355 2753 512 2826 ὑγιῆ,
541 2754 706 2818 αὐτός
737 2772 827 2826 μοι
860 2751 1018 2809 εἶπεν
1044 2772 1059 2788 ·
1089 2775 1116 2809 »η
1147 2755 1352 2810 ὡσανεὶ
1381 2755 1612 2810 τοιαῦτα
1641 2755 1820 2824 λέγων
1844 2770 1856 2783 ο

251 2848 507 2918 Ληρεῖτε,
558 2848 658 2902 καὶ
704 2847 1073 2919 παραπαίετε,
1107 2849 1432 2914 κελεύοντες
1464 2848 1539 2920 μὴ
1570 2847 1861 2902 πείθεσθαι

253 2939 334 3012 τῷ
378 2939 490 2996 ἀπὸ
522 2943 743 3012 μακρᾶς
797 2940 944 2996 οὕτω
976 2942 1070 2996 καὶ
1103 2942 1353 3013 χαλεπῆς
1383 2958 1452 3011 με
1489 2943 1648 2995 νόσου
1685 2941 1864 2995 ἀπαλ-

253 3032 506 3100 λάξαντι.
558 3035 623 3088 Oi
656 3034 715 3087 δέ
752 3035 998 3090 Ἰουδαῖοι
1044 3036 1146 3091 οὐκ
1203 3036 1488 3107 ἐρωτῶσιν
1546 3035 1734 3100 αὑτὸν,
1765 3036 1863 3100 Τίς

256 3127 410 3181 ἐστιν
440 3129 469 3182 6
491 3128 731 3200 ποιήσας
763 3145 822 3182 σε
853 3128 1023 3198 ὑγιῆ;
1071 3128 1231 3195 ἀλλά,
1283 3129 1381 3192 Τίς
1425 3130 1575 3181 ἐστιν
1609 3130 1638 3182 6
1689 3127 1864 3182 είπών

259 3236 374 3274 σοι⁹
407 3215 581 3291 Ἀρον
611 3222 707 3274 τὸν
742 3221 1093 3293 κράὸϐατονς
1132 3241 1152 3273 ι
1207 3221 1397 3286 Οὕτως
1439 3221 1548 3293 ἀρα
1595 3221 1734 3293 πρὸς
1762 3221 1862 3293 μὲν

257 3314 320 3368 τδ
374 3314 541 3368 καλὸν
592 3315 836 3370 ἐθελοντὶ
900 3316 1268 3386 ἐτύφλωττον,
1331 3317 1433 3386 τὴν
1479 3316 1539 3370 δὲ
1591 3316 1862 3370 δοκοῦσαν

261 3409 578 3479 παράϐασιν
608 3410 702 3463 τοῦ
733 3409 1018 3466 Σασσάτου
1056 3411 1168 3464 ἀνω
1199 3411 1293 3464 καὶ
1330 3410 1483 3465 κάτω
1514 3411 1826 3482 προέφερον
1847 3425 1861 3442 ο

261 3499 291 3552 6
323 3499 381 3552 δέ
429 3499 637 3570 Ἰησοῦς
668 3500 941 3567 ἐξένευσε,
975 3501 1197 3572 πρῶτον
1227 3503 1350 3572 μὲν,
1386 3502 1474 3555 ἵνα
1504 3504 1740 3566 ἀπόντος
1768 3503 1867 3554 αὺ-

261 3591 358 3646 τοῦ
420 3595 732 3656 ἀνύποπτος
801 3593 1030 3662 γένηται
1081 3595 1116 3663 ή
1177 3594 1463 3666 μαρτυρία
1516 3595 1548 3664 ή
1597 3596 1728 3666 περὶ
1768 3595 1869 3666 τῆς

266 3684 479 3754 ὑγείας,
507 3687 600 3739 καὶ
630 3685 704 3757 μὴ
726 3685 856 3758 δόξῃ
883 3689 912 3740 6
941 3686 1235 3758 ἄνθρωπος
1267 3686 1742 3760 καταχαρίζεσθαι
1771 3688 1872 3741 αὑ-

263 3778 365 3849 τῷ,
390 3778 528 3832 ἀλλά
561 3781 627 3848 τῇ
662 3779 895 3851 ἀληθείᾳ
915 3781 1403 3852 προσμαρτυρεῖν·
1438 3780 1653 3844 ἔπειτα,
1681 3780 1768 3833 ἵνα
1795 3779 1871 3852 μὴ

266 3873 362 3928 ἐπὶ
386 3872 571 3926 πλεῖον
601 3871 788 3946 aveo“
811 3875 926 3937 τοῖς
946 3873 1224 3935 Ἰουδαίοις
1255 3871 1347 3927 τὸν
1381 3872 1577 3944 θυμόν.
1606 3868 1730 3927 υἶδε
1760 3872 1872 3945 γὰρ

269 3967 366 4020 καὶ
407 3964 532 4036 ὄψις
581 3967 721 4037 μόνη
769 3965 866 4020 τοῦ
896 3964 1392 4036 διαφθονουμέινου,
1428 3969 1489 4021 οὐ
1532 3968 1729 4040 μικρὸν
1757 3969 1873 4033 τοῖς

270 4056 660 4127 βασκαίνουσιν
710 4057 915 4111 ἐνιέναι
981 4057 1265 4130 σπινθῆρα
1294 4057 1533 4127 φθόνου·
1591 4059 1681 4112 διὰ
1714 4058 1875 4112 τοῦτο

269 4150 498 4221 ἀφίησιν
514 4150 647 4205 αὐτὸ
670 4151 794 4204 καθ’
819 4151 980 4206 ἐαυτὸ
1000 4152 1064 4206 τὸ
1085 4150 1248 4222 ἔργον
1268 4152 1648 4219 ἐξετάζεσθαι.
1675 4154 1739 4208 Oi
1763 4153 1874 4226 γὰρ

270 4249 634 4320 ἐγκαλοῦντες
651 4249 921 4315 Ἰουδαῖοι,
952 4251 1031 4313 είς
1061 4250 1316 4315 ἐξέτασιν
1350 4251 1445 4304 καὶ
1472 4249 1672 4319 λόγους
1691 4252 1753 4305 τὸ
1777 4268 1874 4320 γε·

271 4343 429 4412 γονὺς
454 4344 738 4415 φέροντες,
765 4342 1128 4410 ἐξακουστότε
1139 4360 1232 4414 ρον
1261 4343 1392 4398 αὐτὸ
1425 4344 1696 4398 ποιοῦσιν.

351 4437 556 4493 «Μετά
613 4437 792 4492 ταῦτα
852 4436 1104 4506 εὑρίσκει
1165 4437 1329 4490 αὑτὸν
1375 4439 1404 4491 6
1469 4438 1675 4508 Ἰησοῦς
1711 4437 1877 4510 ἐντῷ

273 4531 432 4604 ίερῷ,
457 4533 553 4586 καὶ
578 4526 737 4586 εἷπεν
786 4530 974 4602 αὺτῷ-
1013 4530 1120 4584 Ἴδε
1161 4531 1323 4602 ὑγιὴς
1363 4531 1629 4601 γέγονας·
1675 4533 1878 4604 μηκέτι

1961 2003 2032 2056 la.
2070 2000 2548 2072 interrOgaverunt
2601 2017 2732 2073 ergo
2770 2017 2893 2056 eum
2927 2017 2941 2054 :
2975 2000 3110 2067 Quis
3149 2007 3237 2054 est
3269 1997 3358 2052 ille
3406 1995 3575 2051 homo

1961 2094 2053 2163 qui
2102 2093 2240 2148 dixit
2283 2093 2426 2150 tibi:
2462 2093 2614 2150 Tolle
2653 2094 2940 2164 grabatum
2993 2103 3148 2148 tuum
3196 2099 3252 2147 et
3321 2088 3580 2145 ambula?

1964 2191 2016 2243 Is
2050 2198 2233 2243 autem
2277 2190 2368 2259 qui
2397 2205 2563 2246 sanus
2627 2190 2807 2244 fuerat
2857 2187 3108 2254 ell‘cctus,
3135 2186 3422 2243 nesciebat
3454 2186 3578 2256 quis

1963 2294 2130 2341 esset.
2165 2283 2328 2341 Jesus
2356 2285 2499 2340 enim
2537 2285 2798 2340 subduxit
2831 2299 2912 2351 se,
2955 2285 3104 2352 quod
3144 2281 3301 2338 turba
3342 2291 3489 2337 esset
3523 2281 3578 2334 in

1963 2397 2030 2436 eo
2063 2381 2202 2436 loco.
2238 2399 2256 2431 ι
2294 2379 2569 2434 Admirari
2600 2380 2861 2435 convenit
2894 2378 3134 2435 hominis
3178 2390 3308 2447 erga
3359 2374 3581 2431 Iudaeos

1965 2475 2019 2530 in
2040 2472 2622 2538 dicendolibertatem,
2661 2474 2883 2543 quando
2917 2472 3240 2543 urgentibus
3268 2470 3376 2527 illis
3417 2479 3473 2528 et
3498 2470 3582 2525 di-

1964 2565 2241 2636 c'entibus,
2285 2587 2305 2621 ι
2353 2568 2468 2625 Νοη
2507 2568 2603 2623 tibi
2634 2569 2759 2624 licet
2804 2568 3002 2623 tollere
3061 2569 3352 2638 gr.-batum
3423 2575 3577 2622 tuum

1964 2675 2062 2730 per
2100 2658 2423 2729 Sabbatum,
2453 2682 2471 2715 ι
2519 2664 2636 2732 ipse
2683 2677 2809 2718 cum
2869 2660 3064 2718 fiducia
3111 2659 3282 2718 libere
3319 2660 3582 2732 przedicat

1965 2754 2414 2810 benefactorem:
2494 2773 2512 2808 t
2570 2754 2674 2823 Qui
2738 2755 2868 2811 fecit
2920 2769 3008 2810 me
3055 2768 3276 2822 sanum,
3328 2753 3420 2810 ille
3447 2754 3581 2809 mihi

1968 2849 2127 2910 dixit,
2166 2867 2184 2900 ι
2219 2849 2384 2903 veluti
2423 2849 2732 2921 huiusmodi
2768 2851 3018 2920 quaedam
3070 2849 3361 2918 proferens
3396 2869 3410 2904 :
3449 2847 3586 2903 Deli-

1968 2945 2103 2999 ratis
2133 2954 2188 2999 et
2222 2945 2474 3014 desipitis
2503 2946 2763 3016 jubentes
2795 2961 2864 3001 ne
2906 2945 3158 3002 obediam
3195 2945 3244 3000 ei
3278 2944 3368 3014 qui
3417 2958 3506 2999 me
3554 2957 3583 2998 ε

1971 3043 2081 3089 tam
2143 3036 2403 3091 diuturno
2434 3046 2488 3092 et
2515 3037 2721 3093 dimeili
2765 3037 2958 3094 morbo
2989 3037 3263 3092 liberavit.
3299 3035 3372 3093 At
3400 3034 3583 3091 Judaei

1973 3143 2077 3182 non
2110 3126 2452 3199 interrogant
2485 3145 2648 3199 eum;
2687 3128 2825 3197 Quis
2858 3139 2941 3185 est
2971 3131 3061 3200 qui
3112 3139 3170 3184 te
3187 3144 3384 3185 sanum
3417 3129 3587 3185 fecit?

1889 3253 1936 3316 α
1972 3223 2087 3286 sed,
2139 3224 2317 3289 «Quis
2352 3233 2437 3278 est
2485 3225 2576 3293 qui
2626 3226 2764 3278 dixit
2817 3224 2936 3287 tibi,
2987 3222 3143 3280 Tolle
3189 3223 3519 3295 grabatum?
3563 3241 3580 3275 ι

1973 3310 2057 3365 Ita
2089 3314 2155 3366 ad
2185 3319 2384 3367 b0nnm
2429 3325 2622 3383 sponte
2668 3315 3113 3380 cxcmcabantur,
3163 3326 3498 3387 sursumque
3525 3333 3588 3369 ac

1970 3408 2228 3462 deorsum
2284 3410 2565 3477 rapiebant
2619 3411 2845 3466 Sabbati
2930 3411 3309 3476 violationem,
3368 3420 3428 3466 ut
3482 3412 3586 3466 sibi

1972 3500 2376 3554 videbatur.'At
2407 3500 2569 3557 Jesus
2595 3517 2655 3556 se
2690 3503 3062 3558 subduxerat:
3099 3503 3335 3572 primum
3365 3502 3587 3573 quidem

1974 3604 2030 3646 ut
2063 3594 2295 3648 absente
2342 3594 2460 3663 ipso
2509 3594 2884 3650 testimonium
2931 3598 3183 3651 sanitatis
3226 3596 3375 3651 illius
3404 3595 3589 3665 suspio

1975 3686 2135 3742 cione
2167 3688 2342 3756 magis
2377 3695 2611 3753 careret,
2645 3696 2703 3743 et
2752 3704 2822 3744 ne
2862 3689 3147 3745 videretur
3185 3684 3487 3759 gratiﬁcari
3514 3689 3590 3750 ei,

1976 3779 2069 3834 sed
2105 3780 2390 3834 veritatem
2426 3780 2635 3836 testari.
2669 3779 2892 3852 Insuper
2931 3790 2990 3837 ut
3019 3795 3085 3836 ne
3129 3780 3448 3839 Iudaeorum
3503 3782 3594 3838 in-

1977 3873 2178 3928 vidiam
2216 3874 2391 3943 magis
2433 3873 2987 3973 accenderet.\Solet
3039 3877 3185 3931 enim
3241 3888 3296 3933 et
3335 3892 3595 3951 aspectus

1978 3966 2099 4038 ejus
2132 3971 2218 4023 cui
2278 3967 2572 4036 invidetur,
2612 3984 2721 4023 non
2775 3966 3002 4039 parvam
3040 3971 3258 4028 invidiae
3311 3973 3591 4033 flammam

1981 4062 2279 4117 immittere
2337 4062 2723 4118 invidentibus.
2774 4060 2945 4135 57o
2982 4062 3281 4134 Propterea
3327 4071 3599 4137 permittit

1982 4152 2185 4209 factum
2220 4154 2396 4219 ipsum
2423 4168 2519 4224 per
2554 4169 2612 4208 se
2636 4157 2961 4210 examinari.
2994 4156 3169 4213 Porro
3203 4157 3376 4214 ,Ιιιιιεεῖ
3407 4179 3598 4234 repre-

1984 4247 2284 4302 hendentes
2323 4263 2448 4302 eum
2481 4246 2683 4303 factum
2733 4249 3097 4320 inquirerent,
3146 4253 3336 4308 multis
3385 4270 3602 4313 sermo-

1985 4343 2148 4397 nibns
2183 4341 2455 4397 celebrius
2508 4341 2639 4396 illud
2672 4345 2929 4401 reddunt.

2059 4433 2225 4489 Vens.
2263 4433 2425 4489 “46
2457 4453 2475 4485 ι
2513 4431 2708 4489 Postea
2742 4451 2867 4489 eum
2915 4438 3118 4506 reperit
3160 4435 3322 4494 Jesns
3355 4441 3407 4493 in
3457 4452 3597 4496 tem-

1987 4529 2098 4600 plo,
2129 4539 2184 4583 et
2213 4527 2351 4583 dixit
2381 4530 2430 4582 ei
2459 4544 2473 4581 :
2512 4528 2650 4583 Ecce
2685 4544 2853 4584 sanus
2903 4527 3082 4584 factus
3109 4546 3171 4585 es
3215 4546 3230 4584 :
3259 4547 3327 4586 ne
3371 4535 3604 4604 posthac

272 4628 586 4698 ἁμάρτανε,
615 4626 704 4679 ἴνα
728 4624 804 4697 μή
833 4625 1017 4696 χεῖρόν
1041 4625 1094 4678 τί
1113 4642 1197 4679 σοι
1236 4624 1487 4696 γένηται.
1537 4626 1812 4698 ’Δπῆλθεν
1843 4629 1865 4681 6

1989 4626 2214 4694 pecces,
2274 4621 2523 4693 nequid
2584 4620 2830 4676 deterius
2897 4622 2993 4677 tibi
3073 4626 3382 4695 contingat.
3450 4628 3605 4683 Abiit

271 4717 586 4789 ἄνθρωπος,
613 4721 708 4772 καὶ
741 4718 1050 4789 ἀπήγγειλε
1078 4719 1193 4781 τοῖς
1216 4717 1521 4782 Ἰουδαίοις,
1553 4719 1637 4772 ὅτι
1662 4717 1878 4790 Ἰησοῦς

271 4815 426 4868 ἐστιν
475 4816 504 4868 6
533 4813 769 4884 ποιήσας
818 4812 983 4866 αὑτὸν
1011 4812 1164 4882 ὑγιῆ.
1199 4814 1312 4866 Καὶ
1339 4813 1430 4867 διά
1458 4812 1620 4867 τοῦτο
1651 4813 1879 4868 ἐδίωκον

271 4907 367 4962 τὸν
387 4905 598 4977 Ἰησοῦν
628 4908 676 4959 cl
717 4906 983 4971 Ἰουδαῖοι,
1009 4907 1104 4961 καὶ
1133 4905 1362 4977 ἐζήτουν
1405 4906 1571 4960 αὑτὸν
1616 4908 1876 4961 ἀποκτεῖ-

273 5018 389 5067 ναι,
421 5000 504 5054 ὅτι
528 4999 704 5054 ταῦτα
753 4998 1014 5071 ἐποίησεν
1036 5001 1095 5052 ἐν
1128 4999 1417 5068 Σαδσάτῳ.
1457 5019 1475 5053 ι
1529 5000 1626 5053 Ἐκ
1649 5000 1745 5054 τοῦ
1771 5000 1882 5070 φά-

274 5108 368 5152 ναι
395 5093 489 5146 τὸν
511 5091 715 5165 Κύριον
737 5091 816 5164 τῷ
845 5091 1167 5165 παραλύτῳ,
1206 5112 1224 5143 ι
1261 5092 1391 5159 Ἴδε,
1425 5092 1585 5163 ὑγιὴς
1611 5094 1846 5160 γέγονας
1865 5109 1880 5125 ο

279 5185 484 5263 μηκέτι
518 5185 830 5256 ἁμάρτανε,
859 5204 878 5237 ι
917 5184 1273 5256 μανθάνομεν
1298 5185 1517 5255 πρῶτον
1553 5186 1676 5255 μὲν,
1709 5188 1794 5239 ὅτι
1825 5186 1884 5254 ἐξ

276 5280 566 5351 ἁμαρτιῶν
594 5279 802 5351 ἐτέχθη
832 5279 911 5351 τῷ
936 5279 1214 5350 ἀνθρώπῳ
1240 5279 1301 5332 τὸ
1337 5281 1555 5350 νόσημα
1574 5296 1588 5309 ·
1623 5280 1886 5352 δεύτερον

276 5377 357 5441 δὲ,
381 5377 464 5429 ὅτι
500 5376 707 5449 ἀληθὴς
727 5379 754 5430 6
784 5379 913 5449 περὶ
947 5378 1048 5446 τῆς
1072 5376 1300 5445 γεέννης
1326 5375 1508 5443 λόγος,
1544 5379 1638 5454 καὶ
1672 5379 1756 5432 ὅτι
1792 5379 1884 5433 ἀϊο

278 5471 395 5534 διός
425 5473 630 5543 ἐστινὴ
664 5473 927 5542 τιμωρία.
960 5470 1074 5525 Ποῦ
1104 5473 1214 5541 γὰρ
1244 5472 1338 5525 νῦν
1365 5474 1504 5524 εἰσιν
1524 5474 1575 5526 oi
1605 5473 1882 5542 λέγοντες,

273 5567 366 5624 ὖτι
409 5568 498 5621 ‘Ev
527 5569 627 5639 μιᾷ
655 5566 776 5639 ὥρᾳ
817 5567 1149 5638 ἐπόρνευσα,
1192 5569 1285 5620 καὶ
1335 5568 1453 5631 πῶς
1499 5567 1749 5623 ἀθάνατα
1791 5587 1886 5624 κο-

279 5661 667 5734 λασθήσομαι;
711 5661 844 5715 Ἰδοὺ
873 5663 983 5732 γὰρ
1020 5664 1114 5714 καὶ
1157 5656 1318 5723 οὗτος
1361 5663 1464 5715 οὐκ
1500 5665 1558 5716 ὲν
1602 5662 1884 5729 τοσούτοις

281 5756 536 5829 ἥμαρτεν
565 5755 769 5822 ἐτεσιν,
821 5756 879 5809 ἐν
910 5755 1056 5819 ὅσοις
1100 5756 1415 5823 ἐκολάζετο,
1447 5757 1565 5811 ἀλλ’
1589 5759 1888 5832 ὀλόκληρον

1985 4717 2074 4772 ille
2099 4719 2350 4782 homo,et
2377 4717 2649 4771 nuntiavit
2676 4715 2879 4771 Iudaeis
2915 4718 3062 4788 quod
3106 4717 3269 4775 Jesus
3313 4733 3461 4777 esset
3507 4725 3600 4794 qui

1985 4815 2162 4882 ipsum
2198 4812 2420 4869 fecisset
2447 4827 2667 4868 sanum.
2691 4813 2754 4870 Et
2787 4824 3010 4886 propter
3037 4816 3140 4871 hoc
3193 4818 3607 4887 persequeban-

1988 4919 2073 4962 tur
2103 4907 2274 4964 Judaai
2307 4906 2518 4973 Jesum,
2550 4918 2604 4961 et
2635 4907 2960 4978 qurerebant
2995 4923 3120 4963 eum
3153 4911 3428 4977 occidere,
3457 4913 3602 4981 quod

1987 5004 2092 5058 ista
2123 5002 2344 5057 fecisset
2377 5002 2431 5057 in
2460 5002 2758 5057 Sabbatoa
2806 5002 2882 5056 Ex
2921 5018 2987 5056 eo
3014 5004 3160 5074 quod
3211 5006 3478 5062 Dominus
3512 5023 3606 5074 pa-

1989 5097 2219 5167 ralytico
2248 5096 2430 5152 dixit:
2474 5115 2492 5147 ι
2529 5094 2681 5162 Vide,
2707 5111 2875 5151 sanus
2919 5096 3096 5152 factus
3122 5113 3218 5159 es:
3259 5114 3327 5152 ne
3375 5102 3609 5170 posthac:

1991 5206 2205 5261 pecces,
2246 5209 2262 5242 ι
2313 5191 2550 5260 primum
2611 5191 2832 5261 quidem
2881 5192 3166 5260 discimus,
3237 5208 3306 5249 ex
3369 5195 3610 5264 peccatis

1991 5296 2148 5341 natos
2192 5285 2475 5340 hominum
2522 5285 2769 5353 morbos,
2807 5285 3006 5341 deinde
3054 5302 3185 5342 vera
3228 5289 3483 5343 enarrari
3543 5293 3609 5343 de

1993 5382 2265 5451 gehenna,
2332 5390 2709 5449 azternumque
2765 5395 2887 5435 esse
2939 5380 3290 5450 supplicium.
3348 5381 3468 5438 Jam
3517 5385 3610 5436 ubi

1997 5491 2141 5531 nunc
2173 5485 2303 5531 sunt
2334 5476 2424 5546 qui
2455 5477 2642 5530 dicunt
2679 5492 2691 5527 :
2728 5477 2823 5544 jAd
2857 5492 3018 5530 unam
3056 5477 3249 5533 horam
3289 5479 3490 5535 indulsi
3537 5479 3617 5533 rt-i

1999 5585 2268 5637 venereae,
2327 5571 2603 5639 quomodo
2662 5572 2714 5623 in
2778 5581 3098 5641 perpetuum
3179 5575 3410 5643 puniar?
3473 5572 3619 5631 Ecce

1999 5667 2144 5722 enim
2181 5666 2352 5720 etiam
2386 5665 2475 5719 hic
2509 5680 2615 5719 non
2651 5674 2730 5720 tot
2760 5667 2919 5720 annis
2961 5678 3284 5737 peccaverat
3323 5680 3460 5738 quot
3511 5685 3621 5740 pn-

2003 5761 2281 5827 niebatur,
2345 5760 2441 5815 sed
2487 5759 2661 5817 ferme
2715 5760 2985 5832 integram
3055 5763 3296 5818 hominis
3347 5764 3516 5819 vitam
3563 5766 3615 5820 in

359 5881 436 5952 (η)
467 5877 607 5952 Edit.
634 5876 782 5940 Lnt.,
827 5877 911 5933 Me
934 5880 1085 5948 jubes
1127 5896 1360 5952 surge",
1384 5880 1472 5950 qui
1500 5894 1638 5934 nunc
1665 5880 1884 5952 triginta
1924 5892 2039 5936 octo
2069 5896 2236 5934 annos
2262 5876 2508 5947 habeam,
2575 5887 2622 5933 et
2653 5876 2880 5932 salutem
2917 5895 3190 5951 nunquam
3259 5880 3360 5936 sim
3407 5898 3622 5939 assecu-

287 5951 410 6018 tus;
443 5962 487 6008 ει
517 5951 586 6006 sit
620 5962 825 6022 repente
856 5967 1121 6022 surgerent
1151 5954 1172 6003 ἵ)
