4218 6424
721 407 857 474 1263

1614 405 2201 467 ‘TllEClPil’YLACTl
2246 406 2664 468 BULGARLE
2700 404 3058 469 ARCHiEP.

3873 397 4015 463 12M

696 524 949 594 supplicii
983 536 1288 578 mensuram
1321 521 1864 593 amplautﬁuipeudit.
1903 520 2048 576 Sane
2068 532 2290 591 peccata

2397 521 2695 591 ἀνθρώπου
2752 520 2870 592 βίον
2901 521 3090 593 σχεδὸν
3135 519 3418 588 ὴνάλωσεν
3467 521 3526 573 ὲν
3577 518 3652 588 τῷ
3702 519 3876 589 μήκει
3916 521 4015 588 τῆς

698 630 806 668 non
852 614 1167 682 judicautur
1209 622 1476 683 tempore,
1532 615 1626 669 sed
1677 614 1792 681 ipsa
1831 613 2157 668 delictorum
2195 630 2293 668 na-

698 716 841 761 tura.
872 705 1014 771 Quin
1070 705 1157 758 hic
1184 716 1236 759 et
1261 705 1391 760 illud
1414 705 1702 773 discimus,
1735 705 1877 775 quod
1910 705 2039 761 licet
2069 721 2291 777 gravem

698 798 916 851 luamus
948 812 1047 865 pro
1092 799 1282 867 primis
1308 799 1548 867 peccatis
1594 813 1833 867 poenam,
1866 798 1911 851 si
1947 798 2147 853 deinde
2195 799 2294 854 ite-

708 906 824 945 rum
863 890 913 943 in
951 892 1141 944 eadem
1178 891 1484 945 incidamus
1522 901 1768 960 peccata,
1821 892 2017 946 iterum
2045 891 2292 960 graviora

700 986 994 1055 patiemur,
1030 984 1193 1052 idque
1240 984 1457 1039 merito.
1502 983 1604 1050 Qui
1635 986 1779 1039 enim
1827 984 1997 1052 priori
2029 984 2295 1053 supplicio

697 1094 803 1132 non
845 1078 1167 1132 emendatus
1210 1086 1314 1141 est,
1351 1078 1417 1131 ad
1466 1078 1671 1147 majora
1715 1087 1987 1133 tormenta
2041 1080 2291 1143 ducetur,

698 1182 955 1239 tanquam
986 1170 1297 1225 insensatus
1360 1178 1414 1225 et
1464 1180 1827 1240 contemptor.
1874 1173 1937 1244 Et
1970 1187 2161 1240 quare,
2210 1172 2297 1227 in-

694 1264 833 1334 quit,
880 1279 986 1317 non
1027 1278 1219 1317 omnes
1276 1264 1354 1319 sic
1413 1263 1755 1331 puniuntur?
1813 1263 2027 1318 Etenim
2097 1265 2296 1320 multos

695 1354 1064 1425 improborum
1096 1354 1342 1407 videmus
1399 1353 1538 1407 bene
1568 1353 1809 1410 valentes
1855 1369 2109 1423 corpore,
2144 1366 2198 1410 et
2239 1358 2293 1410 in

694 1447 906 1502 deliciis
944 1460 1007 1500 ac
1050 1444 1409 1514 pr05peritate
1454 1444 1717 1502 viventes.
1780 1444 1976 1501 Verum
2016 1446 2160 1516 quod
2217 1446 2296 1502 illi

699 1538 831 1591 nihil
861 1536 949 1591 hic
976 1536 1280 1607 patiuntur,
1314 1536 1573 1591 viaticum
1604 1537 1682 1593 eis
1707 1539 1811 1592 erit
1866 1537 1933 1592 ad
1968 1538 2295 1608 supplicium

693 1631 935 1702 gravius,
969 1635 1109 1701 quod
1143 1631 1268 1687 alibi
1314 1633 1511 1687 ferent.
1534 1633 1600 1687 Et
1636 1635 1736 1689 hoc
1770 1633 1971 1690 Paulus
2006 1635 2296 1690 manifeste

692 1726 948 1782 dicebat:
981 1744 999 1779 ι
1049 1725 1183 1781 Cum
1244 1727 1389 1781 enim
1447 1726 1756 1795 iudicamur
1785 1743 1813 1783 a
1845 1728 2096 1793 Domino,
2149 1747 2167 1779 ι
2210 1728 2295 1782 hic

693 1823 920 1884 scilicet,
963 1839 980 1872 ι
1007 1821 1306 1886 erudimur,
1330 1830 1385 1873 ut
1412 1836 1480 1874 ne
1509 1835 1633 1875 cum
1677 1822 1777 1876 hoc
1800 1823 2002 1877 mundo
2031 1822 2292 1875 condem-

2397 610 2692 682 τιμωρίας.
2724 610 2799 665 οὗ
2832 611 2944 682 γὰρ
2988 609 3168 681 χρόνῳ
3198 609 3266 661 τὰ
3302 610 3689 679 ἁμαρτήματα
3725 609 4009 677 κρίνεται,

2396 704 2515 757 ἀλλ’
2546 703 2685 773 αὑτῇ
2732 704 2800 773 τῇ
2831 701 2994 771 φύσει
3034 686 3157 753 ’τῶν
3215 700 3799 772 πεπλημμελημὲνων.
3854 702 4012 754 Mati

2396 794 2602 849 τούτων
2628 797 2860 849 κάκεῖνο
2894 794 3266 864 μανθάνομεν,
3300 793 3381 845 ὅτι
3414 794 3519 847 κᾶν
3550 793 3800 863 χαλεπὴν
3823 792 4013 858 δῶμεν

2400 886 2538 956 ὑπὲρ
2569 886 2677 938 τῶν
2711 887 2994 956 προτέρων
3036 884 3461 956 ἁμαρτημάτων
3489 884 3589 953 τὴν
3646 884 3832 955 δίκην,
3887 880 4011 936 εἶτα

2398 980 2507 1041 τοῖς
2542 978 2723 1041 αὐτοῖς
2760 978 3133 1048 ἁμαρτήμασι
3165 976 3333 1029 πάλιν
3366 977 3730 1047 ὶμφυρῶμεν,
3765 977 4015 1047 χαλεπῶ-

2397 1090 2531 1143 τερα
2558 1072 2722 1126 πάλιν
2769 1071 3073 1142 πεισόμεθα
3099 1086 3111 1101 ·
3151 1072 3248 1124 καὶ
3297 1071 3447 1142 μάλα
3499 1072 3757 1134 εἰκότως.
3803 1072 3866 1124 ’0
3904 1072 4013 1139 γὰρ

2402 1166 2540 1237 μηδὲ
2583 1168 2650 1237 τῇ
2682 1164 2928 1237 προτέρᾳ
2976 1164 3219 1235 τιμωρία
3254 1162 3597 1234 βελτιωθεὶς,
3650 1164 3746 1217 ἐπὶ
3786 1164 4015 1232 μείζονα

2398 1259 2595 1323 ἄγεται
2630 1257 2992 1326 κολαστήρια,
3025 1255 3102 1319 ὡς
3136 1256 3471 1324 ἀναίσθητος
3506 1257 3601 1308 καὶ
3650 1273 4014 1327 καταφρονη-

2397 1353 2518 1423 τής.
2554 1354 2666 1405 Καὶ
2697 1351 2843 1414 τίνος
2873 1350 3087 1414 ἕνεκεν,
3122 1351 3313 1420 φησὶν,
3345 1351 3407 1403 ού
3438 1350 3640 1413 πάντες
3671 1348 3820 1403 οὕτω
3844 1350 4014 1403 κολά-

2400 1447 2586 1510 ζονται
2611 1462 2625 1510 ;
2663 1445 2775 1498 Καὶ
2804 1444 2915 1516 γὰρ
2949 1442 3181 1506 πολλοὺς
3202 1444 3425 1514 ὁρῶμεν
3451 1441 3559 1496 τῶν
3583 1441 3807 1511 φαύλων
3847 1442 4015 1495 suam-

2402 1537 2730 1607 ματοῦντας.
2752 1538 2847 1591 καὶ
2872 1535 3244 1608 σφριγῶντας,
3267 1536 3364 1588 καὶ
3383 1534 3819 1606 εὑημεροῦντας.
3848 1535 4015 1588 Ἀλλὰ

2398 1631 2459 1684 τὸ
2490 1630 2659 1701 μηδὲν
2712 1631 2913 1695 αὐτοὺς
2961 1629 3157 1683 παθεῖν
3205 1627 3479 1693 ἐνταῦθα,
3537 1628 3753 1697 ἑφόδιον
3796 1628 4013 1694 γίνεται

2402 1724 2653 1795 μείζονος
2680 1726 2798 1777 ἐκεῖ
2827 1723 3101 1794 τιμωρίας
3122 1738 3137 1753 ⁸
3168 1724 3266 1777 καὶ
3314 1722 3475 1776 τοῦτο
3514 1721 3694 1792 δηλῶν
3731 1724 3761 1773 ὁ
3793 1721 4011 1785 Παῦλος

2401 1817 2606 1884 ἔλεγεν,
2636 1818 2716 1870 ὅτι
2754 1816 3112 1886 «Κρινόμενυι
3139 1815 3243 1868 ὑπὸ
3268 1816 3530 1887 Κυρίου.)
3554 1811 3796 1867 ἐνταῦθα
3818 1813 4013 1884 δηλον-

690 1932 888 1971 nentur
911 1916 976 1979 ’9,
1018 1934 1036 1966 ι
1072 1914 1197 1967 alibi
1249 1914 1542 1968 videlicet:
1597 1929 1717 1968 nam
1753 1930 1870 1982 quae
1895 1914 1981 1969 hic
2018 1915 2171 1979 fiunt,
2203 1918 2291 1968 ad-

2402 1911 2506 1974 ότι,
2568 1928 2586 1961 ι
2622 1908 3019 1976 παιδευόμεθα,
3049 1909 3137 1961 ἵνα
3176 1908 3252 1979 μὴ
3278 1910 3379 1962 σὺν
3407 1908 3485 1979 τῷ
3510 1908 3707 1978 κόσμῳ
3738 1923 4013 1976 κατακρι-

696 2008 1015 2065 monitionis
1060 2017 1229 2062 sunt:
1282 2021 1401 2075 qua:
1432 2015 1612 2061 autem
1667 2006 1817 2071 alibi,
1863 2007 2291 2077 suppliciorum.

694 2105 833 2172 Quid
872 2102 1077 2173 igitur?
1104 2100 1366 2169 numquid
1412 2114 1604 2155 omnes
1655 2100 1825 2155 morbi
1858 2111 1980 2153 sunt
2013 2116 2076 2154 ex
2103 2115 2294 2169 pecca-

695 2197 803 2251 tis?
835 2194 951 2249 Non
986 2209 1178 2249 onmes
1210 2193 1453 2262 quidem,
1503 2191 1597 2245 sed
1648 2192 1851 2262 plures.
1917 2192 2090 2246 Morbi
2147 2195 2295 2247 enint

696 2289 865 2359 aliqui
897 2296 1120 2359 propter
1142 2296 1369 2356 peccata
1399 2285 1677 2350 accidunt,
1714 2286 1859 2340 sicut
1913 2294 1968 2339 et
1994 2284 2155 2341 istius
2198 2300 2297 2352 pu-

696 2387 932 2459 ralytici,
967 2396 1020 2439 et
1052 2386 1104 2439 in
1133 2386 1288 2439 libris
1321 2383 1529 2455 Regum
1560 2383 1805 2436 videmus
1825 2380 2116 2451 quemdam
2147 2378 2297 2431 labo-

694 2491 907 2537 rantem
940 2478 1125 2534 dolore
1178 2478 1376 2548 pedum
1429 2484 1652 2547 pr0pter
1702 2473 2072 2544 peccatum".
2116 2469 2295 2540 Aliqui

695 2581 877 2628 autem
914 2580 1037 2627 sunt
1076 2582 1298 2641 prOpter
1331 2568 1710 2642 probationem
1755 2576 1810 2623 et
1852 2564 2293 2636 praedicationem

694 2669 837 2722 sicut
868 2666 1091 2721 morbus
1119 2663 1244 2729 Joh,
1271 2674 1330 2719 ut
1350 2668 1687 2718 monstretur
1738 2660 1855 2730 ejus
1914 2659 2107 2713 virtus.
2160 2656 2295 2722 Qui-

694 2762 821 2816 dam
855 2771 1033 2814 autem
1065 2759 1230 2813 etiam
1265 2759 1332 2811 ab
1352 2756 1568 2827 ignavia
1618 2754 1896 2817 oriuntur,
1946 2758 2137 2821 utpote
2175 2749 2295 2819 gula

694 2862 750 2909 et
767 2852 1053 2907 ebrietate.
1077 2850 1416 2905 Suntautem
1443 2846 1688 2901 nonnulli
1714 2845 1805 2915 qui
1824 2843 2192 2910 conjecturam
2208 2854 2297 2894 su-

692 2955 852 3004 munt
905 2961 968 3001 ex
1025 2946 1127 3000 hoc
1174 2943 1319 3012 quod
1384 2941 1648 2996 Dominus
1698 2938 1857 3001 dicit,
1886 2955 1905 2987 ι
1950 2934 2030 2989 Ne
2065 2933 2297 3005 posthac

694 3051 892 3109 pecces
924 3054 936 3090 :
972 3055 990 3088 ι
1026 3044 1081 3090 et
1109 3042 1363 3089 asserunt
1403 3030 1548 3109 quod
1594 3029 1852 3085 Dominus
1893 3025 2117 3080 sciverit
2149 3024 2295 3095 quod

690 3108 1034 3203 paralyticos
1066 3128 1157 3183 ille
1210 3108 1545 3181 iudicaturus
1590 3130 1737 3178 esset
1778 3127 1833 3175 et
1885 3116 2295 3188 signiﬁcaturus

693 3224 919 3291 Judais,
966 3231 1252 3294 postquam
1310 3218 1603 3289 reperisset
1647 3230 1770 3270 eum
1831 3213 1888 3266 in
1937 3209 2178 3281 templo:
2240 3218 2295 3263 et

694 3328 980 3387 propterea
999 3314 1128 3368 dicit
1155 3329 1167 3365 :
1205 3331 1222 3363 ι
1255 3308 1333 3366 Ne
1361 3309 1502 3364 ultra
1526 3322 1739 3378 pecces.
1773 3323 1791 3356 ι
1818 3303 1925 3359 Sed
1955 3317 2059 3357 non
2086 3311 2168 3356 est
2200 3301 2293 3355 ita.

695 3410 921 3463 Videtur
940 3410 1085 3462 enim
1116 3406 1237 3476 pios
1277 3404 1442 3458 homo
1490 3416 1631 3456 esse.
1684 3397 1817 3453 Nam
1851 3416 1868 3449 t
1914 3395 2113 3467 reperit
2147 3411 2293 3458 eum,

691 3502 890 3570 inquit,
932 3499 1090 3555 Jesus
1121 3499 1173 3551 in
1207 3494 1438 3564 templo,
1471 3511 1489 3545 ι
1523 3493 1623 3547 nisi
1656 3492 1799 3547 enim
1822 3490 1943 3558 pius
1970 3487 2179 3551 fuisset,
2202 3501 2299 3542 ex-

694 3595 967 3664 posuisset
995 3606 1054 3645 se
1091 3588 1351 3658 voluptati
1382 3596 1443 3640 et
1466 3584 1673 3639 deliciis
1703 3584 1754 3636 in
1780 3582 2003 3637 domum
2029 3594 2284 3644 currens,

692 3686 855 3759 571
888 3695 939 3737 et
991 3677 1606 3753 eﬂiigisset'ludmorum
1645 3676 1935 3742 insaniam,
1962 3688 2029 3728 ne
2063 3671 2171 3727 illis
2206 3686 2292 3726 ra-

694 3785 844 3837 tione
904 3778 1201 3832 redderet:
1257 3775 1352 3829 sed
1406 3772 1543 3826 nihil
1590 3773 1785 3826 horum
1840 3769 2036 3823 terruit
2065 3782 2188 3821 eum
2235 3774 2292 3818 ut

693 3874 987 3929 desistere;
1016 3886 1047 3922 a
1101 3866 1322 3938 templo.
1360 3864 1465 3919 Sed
1498 3874 1553 3919 et
1610 3873 1899 3933 postquam
1947 3859 2169 3930 agnovit
2200 3856 2292 3913 Je-

693 3985 842 4030 sutn,
877 3967 999 4019 vide
1051 3972 1252 4034 quanta
1303 3959 1642 4032 gratitudiue
1690 3973 1814 4013 eum
1834 3953 2055 4011 «Iudaeis
2093 3954 2293 4023 praedi-

692 4068 800 4115 cet.
835 4057 953 4112 Nou
989 4056 1132 4113 cnim
1152 4053 1303 4120 dicit,
1330 4052 1489 4108 Jesus
1522 4061 1607 4107 est
1632 4050 1727 4121 qui
1758 4048 1899 4103 dixit
1937 4047 2070 4101 mihi
2099 4062 2113 4099 :
2140 4043 2292 4100 Tolle

692 4153 1018 4222 grabatum;
1070 4149 1121 4202 id
1178 4148 1324 4218 quod
1396 4145 1474 4200 illi
1534 4143 1727 4198 audire
1780 4140 2065 4207 volebant;
2112 4139 2289 4195 sedis

692 4245 785 4314 qui
824 4243 999 4313 ipsum
1037 4256 1228 4294 sanum
1271 4238 1398 4293 fecit
1435 4254 1449 4291 :
1494 4236 1547 4291 id
1588 4235 1735 4306 quod
1770 4235 1959 4291 audire
2003 4248 2110 4287 non
2146 4233 2291 4287 l‘ere-

693 4339 851 4401 bant,
891 4350 990 4404 pro
1047 4333 1281 4388 crimine
1333 4330 1601 4386 habentes
1646 4326 1870 4384 Sabbati
1909 4326 2284 4381 violationem.

690 4428 849 4495 Quod
898 4436 1078 4480 autem
1109 4423 1280 4479 Judaei
1305 4424 1780 4493 persequebantur
1803 4419 2122 4484 Dominum,
2158 4419 2289 4485 quid

688 4531 979 4592 propterea
1036 4518 1281 4589 peccavit
1340 4517 1501 4571 homo
1531 4498 1642 4586 qui
1678 4514 1828 4569 illum
1885 4514 1966 4569 eis
2008 4512 2291 4569 ostendit?

2399 2002 2607 2072 θῶμεν,
2650 2021 2668 2053 t
2702 2003 2821 2054 ὲκεί
2856 2001 3060 2073 δηλαδή
3092 2017 3106 2032 ·
3136 2001 3205 2054 τὰ
3259 2002 3360 2070 μὲν
3403 2001 3514 2072 γὰρ
3550 1999 3795 2053 ἐνταῦθα
3826 1998 4014 2053 νουθεο

2402 2094 2542 2156 σίας,
2577 2093 2645 2145 τὶ
2676 2094 2732 2146 δὲ
2764 2095 2882 2145 ἐκεῖ
2923 2092 3195 2162 τιμωρίας
3237 2093 3375 2145 ἐστί.
3437 2093 3501 2145 Τί
3545 2088 3678 2157 οὗν;
3716 2094 3912 2147 Πάντα
3944 2095 4014 2145 τὰ

2399 2187 2687 2258 νοσήματα
2717 2186 2777 2251 ἐξ
2808 2186 3266 2258 ἀμαρτημάτων;
3302 2185 3378 2239 Οὐ
3408 2186 3589 2240 πάντα
3630 2188 3755 2256 μὲν,
3781 2186 3921 2241 ἀλλὰ
3945 2189 4012 2239 τα

2400 2281 2645 2334 πλείονα.
2676 2279 2758 2334 Τὰ
2812 2280 2912 2349 μὲν
2944 2281 3053 2351 γὰρ
3088 2280 3153 2333 δι’
3203 2280 3609 2351 ἁμαρτήματα,
3665 2280 3864 2349 ῶσπερ
3920 2280 4014 2332 καὶ

2398 2373 2492 2427 τοῦ
2526 2370 2845 2445 παραλύτου
2885 2372 3107 2438 τούτου,
3160 2373 3259 2425 καὶ
3311 2374 3372 2424 ὲν
3418 2375 3539 2434 ταῖς
3595 2372 3923 2434 Βασιλείαις
3953 2372 4013 2425 δὲ

2398 2467 2615 2537 ὁρῶμέν
2644 2485 2767 2521 τινα
2795 2467 3061 2536 ποδαλγίᾳ
3088 2466 3465 2537 περιπεσόντα
3494 2464 3562 2518 δι’
3591 2466 3878 2535 ἁμαρτίας
3906 2482 3919 2495 ·
3942 2465 4015 2518 τε

2398 2564 2456 2617 δὲ
2508 2564 2576 2617 δι’
2613 2563 2971 2635 εὐδοκίμησιν
3007 2564 3101 2617 καὶ
3139 2562 3470 2634 ἀνάρρησιν,
3527 2562 3722 2631 ῶσπερ
3763 2561 3864 2614 ἐπὶ
3915 2559 4012 2614 τοῦ

2412 2655 2550 2718 Ἰὼϐ,
2576 2656 2661 2709 ἵνα
2681 2656 2866 2728 δειχθῇ
2901 2657 2932 2725 ἠ
2961 2653 3335 2727 ἁρετὴ-αὐτοῦ
3360 2670 3375 2688 ο
3410 2654 3653 2723 γίνονται
3682 2653 3744 2707 δέ
3771 2671 3898 2707 τινα
3918 2654 4013 2707 καὶ

2400 2749 2507 2801 ἀπὸ
2545 2748 2846 2819 ῥᾳθυμίας,
2880 2743 2994 2801 οἷον
3021 2747 3474 2819 γαστριμαργίας
3493 2749 3588 2801 καὶ
3627 2747 3822 2817 μέθης.
3852 2746 4014 2810 Τινὲς

2397 2841 2454 2895 δὲ
2481 2842 2589 2895 ἀπὸ
2620 2840 2713 2894 τοῦ
2750 2842 2926 2894 εἰπεῖν
2952 2842 3045 2894 τὸν
3068 2841 3299 2911 Κύριον,
3345 2861 3362 2891 ι
3398 2840 3614 2909 Μηκέτι
3635 2839 3955 2909 ἁμάρτανε,
3987 2855 4009 2893 υ

2400 2935 2796 3007 στοχαζόμενοι
2830 2936 3255 3005 ἀποφαίνονται,
3287 2935 3373 2989 ὅτι
3408 2933 3598 2987 τοῦτον
3626 2933 3720 2986 τὸν
3750 2933 4011 3002 «agile-

2396 3045 2489 3084 τον
2515 3029 2632 3100 ᾔδει
2674 3030 2703 3083 ό
2734 3027 2942 3100 Κύριος
3000 3027 3267 3098 μέλλοντα
3327 3025 3608 3092 ὑποδεῖξαι
3654 3024 3848 3084 αὐτὸν,
3917 3022 4012 3076 καὶ

2400 3116 2791 3189 καταμηνῦσαι
2840 3120 2954 3182 τοῖς
3009 3118 3310 3182 Ἰουδαίοις,
3347 3118 3467 3188 μεθ’
3500 3119 3527 3171 ὅ
3554 3110 3717 3187 εὗρεν
3750 3116 3925 3169 αὐτὸν
3954 3118 4012 3171 ὲν

2324 3243 2366 3300 C
2397 3211 2476 3281 τῷ
2504 3209 2657 3281 ίερῷ,
2700 3212 2793 3264 καὶ
2821 3210 2911 3263 διὰ
2941 3209 3102 3264 τοῦτό
3136 3229 3271 3282 φησι
3293 3229 3307 3243 ·
3346 3228 3366 3263 ι
3395 3212 3613 3281 Μηκέτι
3639 3212 3955 3281 ἁμάρτανε.
3986 3228 4006 3263 t

2414 3304 2557 3359 Ἀλλ’
2588 3305 2687 3358 οὐκ
2738 3304 2855 3358 ἐστι
2900 3303 3085 3360 τοῦτο.
3134 3306 3393 3359 Φαίνεται
3422 3306 3535 3376 γὰρ
3579 3304 3829 3395 εὖλαὸὴὶ
3853 3307 3882 3358 ξ.
3918 3305 4012 3359 άν-

2404 3398 2649 3469 θρωπος.
2692 3418 2709 3451 ι
2750 3398 3016 3471 Εὑρίσκει
3057 3399 3168 3469 γὰρ
3196 3400 3383 3459 αὑτὸν.
3425 3400 3613 3469 φησὶν,
3639 3400 3669 3451 ὁ
3704 3397 3924 3467 Ἰησοῦς
3954 3399 4012 3450 ἓν

2396 3492 2477 3563 τῷ
2506 3492 2655 3563 ίερῷ.
2680 3512 2698 3545 t
2744 3493 2939 3547 Καίτοι
2973 3496 3021 3547 εἰ
3047 3494 3122 3563 μὴ
3154 3491 3392 3564 εὐλαϐὴς
3420 3488 3509 3564 ἦν,
3538 3494 3725 3546 ἀνέσει
3758 3493 3855 3544 καὶ
3880 3508 4012 3561 τρυ-

2397 3589 2469 3657 φῇ
2503 3587 2571 3639 ἂν
2603 3586 2869 3652 ἐξέδωκεν
2888 3588 3104 3651 ἑαυτὸν,
3126 3586 3311 3641 οἴκαδε
3337 3586 3583 3656 δραμὼν,
3614 3588 3713 3639 καὶ
3740 3585 4009 3654 ἐξέφυγεν

2396 3679 2464 3733 ἂν
2499 3680 2597 3747 τὴν
2620 3680 2731 3733 τῶν
2767 3680 3042 3733 Ἰουδαίων
3077 3679 3303 3751 μανίαν,
3337 3680 3431 3732 καὶ
3470 3678 3568 3741 τὰς
3603 3678 4007 3751 λογοπραγίας’

2395 3772 2511 3827 ἀλλ’
2543 3772 2699 3826 οὐδὲν
2726 3773 2934 3827 τούτων
2967 3774 3133 3827 αὑτὸν
3168 3774 3430 3843 ὲποῖησεν
3458 3774 3769 3843 ἀποστῆναι
3809 3772 3910 3826 τοῦ
3937 3768 4011 3825 ἱει-

2399 3866 2494 3937 ροῦ
2517 3885 2528 3897 ·
2563 3867 2701 3922 ἀλλὰ
2737 3870 2830 3921 καὶ
2861 3867 3001 3937 μετά
3053 3868 3115 3922 τὸ
3151 3866 3457 3936 ἐπιγνῶναι
3483 3868 3577 3918 τὸν
3616 3864 3857 3935 Ἰησοῦν,
3906 3866 4008 3936 δρα

2395 3960 2511 4024 πῶς
2540 3961 2704 4014 αὑτὸν
2745 3962 3109 4032 εὐγνωμόνως
3140 3961 3515 4031 ἁνακηρύττει
3545 3961 3661 4021 τοῖς
3700 3960 4007 4024 Ἰουδαίοις.

2393 4056 2470 4108 Οὐ
2501 4055 2612 4123 γὰρ
2662 4054 2832 4123 λέγει,
2882 4056 2965 4108 ὃτι
2997 4053 3210 4125 Ἰησοῦς
3251 4056 3401 4107 ἐστιν
3449 4053 3476 4105 6
3519 4051 3691 4104 εἰπὼν
3748 4048 3887 4121 ἆραι
3921 4053 4008 4103 τὸν

2391 4146 2729 4217 κράὸὅατον,
2769 4148 2906 4217 ὅπερ
2940 4149 3140 4200 ἐκεῖνοι
3170 4146 3364 4216 ἧθελον
3393 4144 3638 4207 ἀκούειν,
3667 4144 3788 4197 ἀλλ’
3825 4147 3855 4196 ὁ
3886 4163 4007 4197 ποι-

2390 4240 2530 4311 ήσας
2563 4239 2729 4293 αὐτὸν
2762 4240 2911 4308 ὑγιῆ,
2934 4240 3073 4309 ὅπερ
3098 4238 3328 4305 ἀκούειν
3347 4240 3448 4291 οὐκ
3473 4238 3777 4307 ἠνείχοντο,
3804 4237 4008 4308 ἔγκλη-

2394 4352 2471 4402 μα
2507 4332 2827 4403 ποιούμενοι
2870 4334 2970 4403 τὴν
3019 4332 3117 4386 τοῦ
3151 4332 3437 4386 Σαϐϐάτου
3474 4330 3815 4402 παράλυσιν.
3850 4332 3915 4385 Ei
3951 4333 4007 4386 δε

2404 4425 2649 4479 Ἰουδαῖοι
2697 4425 2925 4480 ἐδίωκον
2952 4428 3044 4479 τὸν
3090 4427 3321 4497 Κύριον,
3353 4426 3409 4478 τί
3436 4424 3589 4496 παρά
3618 4425 3787 4481 τοῦτο
3812 4426 4007 4497 ἥμαρ-

2391 4537 2483 4574 τεν
2517 4521 2544 4573 ό
2568 4518 2880 4590 ἄνθρωπος,
2920 4518 3210 4586 ὑποδείξας
3245 4518 3413 4574 αὑτὸν
3438 4519 3660 4584 αὺτυῖς;
3689 4520 3873 4582 Αὐτὸς
3909 4521 4006 4591 μὲν

689 4613 812 4685 Ipse
838 4616 984 4668 enim
1012 4621 1166 4682 grata
1214 4620 1415 4674 mente,
1452 4618 1509 4663 ut
1539 4618 1594 4664 et
1646 4608 1783 4664 alios
1813 4607 1879 4662 ad
1910 4607 2075 4662 ﬁdem
2115 4616 2287 4664 attra-

2395 4612 2504 4684 γὰρ
2537 4610 2633 4667 ἁπ⁴
2665 4612 3314 4684 εὐγνώμονοςδιανοίας,
3368 4612 3459 4667 ἵνα
3490 4614 3584 4666 καὶ
3628 4612 3761 4677 τοὺς
3805 4612 4005 4675 ἄλλους

693 4710 872 4774 heret,
936 4706 1267 4776 praedicabat
1302 4705 1676 4758 Servatorem.
1718 4701 1789 4756 At
1826 4716 1948 4755 cum
1982 4700 2059 4755 illi
2103 4715 2288 4769 persc-

690 4808 995 4871 querentur
1065 4796 1496 4863 benefactorem,
1574 4796 1819 4864 ipsorum
1875 4804 1997 4850 erat
2054 4795 2284 4850 crimen.

690 4895 863 4950 Porro
904 4906 1001 4961 per
1030 4892 1366 4961 probaticam
1412 4891 1682 4961 piscinam
1720 4889 1959 4961 intelligi:
1992 4889 2283 4960 baptisma,

691 4990 748 5044 in
773 5002 884 5057 quo
923 4984 1085 5042 Jesus
1112 4985 1376 5040 Dominus
1426 4996 1634 5049 uoster,
1675 4983 1795 5039 ovis
1850 4983 1944 5038 illa
1980 4997 2079 5053 pro
2132 4983 2289 5038 nobis

690 5082 995 5144 immolata,
1026 5080 1167 5135 lotus
1202 5088 1288 5134 est
1331 5088 1381 5135 et
1425 5079 1734 5149 baptizatus
1761 5092 1858 5147 pro
1904 5077 2083 5132 nobis.
2114 5076 2289 5144 Quin-

690 5191 797 5247 que
848 5184 1030 5229 autem
1082 5173 1326 5241 porticus
1374 5173 1538 5227 habet
1597 5172 1699 5227 ista
1751 5171 1983 5241 piscina.
2044 5170 2289 5238 Quatuor

688 5270 835 5324 enim
867 5267 1120 5332 virtutes,
1154 5276 1208 5321 et
1238 5280 1341 5318 una
1376 5265 1818 5335 contemplativa,
1869 5265 1923 5320 itt
1958 5265 2289 5335 baptismate

690 5368 977 5431 apparent.
1011 5358 1184 5429 Igitur
1211 5357 1451 5412 humana
1500 5370 1715 5425 natura,
1750 5360 1920 5413 veluti
1948 5358 2285 5429 paralyticus

686 5454 938 5525 quidam,
972 5451 1129 5521 cujus
1162 5466 1357 5507 omnes
1390 5452 1657 5507 animales
1681 5452 1909 5508 virtutes
1937 5452 2129 5507 morbo
2157 5468 2280 5507 cor-

684 5554 855 5616 septa:
912 5554 1060 5608 sunt,
1104 5542 1255 5607 jacet
1312 5542 1534 5613 triginta
1592 5553 1717 5598 octo
1777 5546 1935 5599 annis
1983 5554 2281 5615 aegrotans.

684 5637 875 5708 Neque
911 5638 1055 5690 enim
1107 5646 1255 5691 recte
1300 5650 1361 5691 se
1409 5636 1643 5691 habebat
1697 5637 1750 5691 in
1804 5638 1908 5692 [ide
1970 5635 2280 5702 Trinitatis,

686 5745 869 5803 neque
904 5739 1157 5784 octavum
1190 5728 1474 5795 saxulum,
1537 5730 1993 5788 resurrectionem
2046 5732 2192 5796 dico,
2226 5740 2284 5787 et

773 5916 817 5946 ει
852 5914 866 5968 l
903 5916 1029 5972 Cur.
1071 5932 1132 5984 ιι,
1166 5916 1255 5971 se.
1334 5918 1378 5949 ιτ
1410 5913 1452 5971 ll
1484 5914 1614 5988 nl-g.
1651 5916 1729 5971 ιδ.

2391 4706 2765 4777 ἐφελκύσηται
2795 4706 2933 4777 πρὸς
2964 4706 3177 4773 πίστιν,
3196 4707 3467 4777 ἐκήρυττε
3491 4705 3585 4761 τὸν
3608 4706 3967 4777 θεραπευτὴν
3989 4722 4002 4735 ·

2390 4800 2439 4853 εί
2484 4798 2541 4853 δὲ
2588 4799 2789 4852 ἐκεῖνοι
2842 4798 3069 4853 ἐδίωκον
3108 4799 3203 4852 τὸν
3258 4800 3595 4871 εὐεργέτην,
3658 4799 3898 4853 ἐκείνων
3946 4798 4005 4851 τὸ

2392 4892 2667 4962 ἔγκλημα.
2698 4892 2827 4946 Νόει
2851 4892 2908 4946 δέ
2935 4880 3026 4964 μοι
3060 4892 3414 4965 προϐατικὴν
3442 4892 3873 4965 κολυμϐήθραν,
3904 4894 4003 4962 τὴν

2390 4984 2487 5038 τύῦ
2538 4984 2918 5055 βαπτίσματος
2949 4989 3133 5056 χάριν,
3178 4989 3235 5039 ὲν
3281 4981 3405 5058 ᾖτὺ
3434 4986 3579 5057 ὑπὲρ
3620 4984 3785 5056 ἡμῶν
3840 4983 4004 5038 τυθεν

2382 5075 2669 5151 πρόϐατον
2692 5078 2905 5147 Ἰησοῦς
2947 5080 2975 5132 ὁ
3020 5079 3263 5151 Κύριος,
3308 5078 3519 5150 ὲπλύθη
3578 5079 4002 5150 βαηισάμενος

2392 5175 2533 5246 ὑπὲρ
2556 5173 2734 5244 ήμῶν.
2759 5174 2931 5226 Πέντε
2960 5172 3017 5226 δὲ
3044 5174 3204 5236 στοὰς
3229 5173 3344 5245 ἔχει
3369 5170 3513 5241 αὕτη
3539 5174 3574 5242 ἡ
3606 5170 3998 5242 κολυμϐήθρα.

2391 5270 2458 5321 Ai.
2483 5265 2592 5337 γὰρ
2620 5267 2886 5337 τέσσαρες
2913 5266 3132 5339 ἀρεταὶ,
3164 5269 3259 5320 καὶ
3288 5269 3349 5318 τὸ
3371 5266 3713 5337 θεωρητικὸν
3764 5265 3863 5318 καὶ
3919 5266 4002 5318 δε-

2391 5358 2686 5431 γματικὸν,
2719 5357 2797 5428 τῷ
2821 5357 3162 5429 βαπτίσματι
3186 5357 3673 5433 συνεμφαίνονται.
3724 5356 3790 5410 Ἦ
3821 5356 3999 5409 τοίνυν

2392 5451 2713 5523 ἀνθρωπίνη
2745 5450 2931 5519 φύσις,
2962 5447 3052 5504 οἷά
3074 5469 3156 5515 τις
3180 5450 3519 5521 παράλυτος.
3549 5450 3737 5512 πάσας
3762 5450 3865 5513 τὰς
3897 5449 3998 5518 ψδ-

2393 5549 2554 5619 χικας
2579 5544 2846 5615 δυνάμεις
2874 5542 3204 5615 παρεθεῖσα,
3235 5544 3533 5597 κατέκειτο
3572 5544 3877 5612 τριάκοντα
3908 5540 3997 5594 καὶ

2393 5637 2676 5708 suam
2720 5635 2976 5689 νοσοῦσα.
3018 5633 3161 5689 Οὔτε
3211 5635 3324 5707 γὰρ
3358 5636 3419 5688 ἐν
3439 5637 3505 5706 τῇ
3548 5636 3630 5699 εἰς
3664 5632 3878 5705 Τριάδα
3910 5631 3996 5685 πί-

2394 5750 2509 5787 στει
2532 5730 2699 5797 ὑγιῶς
2734 5726 2903 5801 εἶχεν,
2933 5728 3058 5784 οὒτε
3085 5728 3273 5800 ιγδοον
3296 5729 3488 5795 αἰῶνα,
3519 5728 3827 5782 ἀνάστασιν
3856 5723 3995 5795 λέγω
