4218 6424
247 409 384 475 1265

878 404 1330 470 ENARRATIO
1365 409 1451 473 IN
1484 404 2377 475 EYANGELIUM-JOANNIS.
2419 429 2484 439 -
2517 403 2675 465 CAP.
2722 405 2784 461 \'.

3416 400 3550 463 latin
3580 403 3583 407 '

242 531 341 583 καὶ
370 524 551 597 κρίσιν
570 525 678 578 τῶν
709 524 1089 596 βεϐιωμένων,
1125 524 1364 596 βεϐαίως
1395 525 1656 580 ἐπίστευε
1681 526 1847 596 γενή.

1957 520 2217 590 iudicium
2245 535 2472 590 operum
2508 519 2673 591 hujus
2696 519 2820 574 vita:
2848 517 3079 573 ﬁrmiter
3107 518 3367 574 credchat
3403 518 3551 586 fore;

242 622 455 676 σεσθαι.
534 619 629 674 aut
660 619 755 673 καὶ
784 618 882 689 οὐχ
915 616 1145 688 εὕρισκε
1191 617 1528 691 ϐεραπείανυ
1560 619 1685 675 οὐδέ
1730 620 1842 691 γάρ

244 709 392 784 εἶχεν
448 712 738 783 ἄνθρωπον
786 712 878 765 τὸν
907 711 1259 782 ἐμϐαλοῦντα
1295 713 1376 777 είς
1406 712 1509 783 τὴν
1564 712 1845 785 κολυμϐή-

243 808 398 880 θραν,
423 804 723 871 τουτέστιν,
750 802 906 859 οὔπω
939 805 1185 873 ἐγεγόνει
1207 804 1499 876 ἄνθρωπος
1530 806 1559 859 ὁ
1589 804 1718 870 Υἱὸς
1744 804 1841 859 τοῦ

241 895 403 958 θεοῦ,
434 893 492 957 δς
522 892 719 965 ἔμελλε
740 894 829 950 διὰ
852 893 946 948 τοῦ
975 893 1357 965 βαπτίσματος
1391 896 1621 963 ὑγιᾶσαι
1648 897 1838 951 αὐτόν.

245 992 379 1043 Ὅτε
400 988 457 1042 δὲ
487 988 711 1059 γέγονεν
743 989 1052 1059 ἄνθρωπος,
1087 988 1213 1042 τότε
1240 988 1434 1057 ὑγίασε
1478 991 1580 1060 μὲν
1610 989 1711 1061 τὴν
1737 990 1841 1061 ερύ-

243 1100 332 1136 σιν
359 1072 540 1152 ἡμῶν,
570 1080 883 1151 προσέταξε
902 1078 961 1134 δὲ
985 1079 1081 1134 καὶ
1119 1081 1180 1134 τὸ
1205 1080 1465 1136 κλινίδιον
1490 1075 1650 1155 ἆραι,
1681 1099 1843 1136 τουτ-

246 1175 391 1239 έστι,
456 1173 648 1227 καὶτὸ
702 1172 864 1244 σῶμα
896 1172 1101 1244 κοῦφον
1152 1174 1379 1244 ποιῆσαι
1428 1174 1526 1230 καὶ
1581 1178 1840 1248 ἐλαφρὸν,

244 1269 343 1323 καὶ
375 1263 509 1340 ἆραι
546 1268 655 1322 άπὸ
688 1266 787 1338 τῆς
831 1267 958 1337 γῆς,
994 1266 1072 1338 μὴ
1124 1265 1500 1340 βαρυνόμενον
1551 1269 1714 1342 σαρξὶ
1746 1269 1844 1324 καὶ

244 1358 543 1429 μερίμναις
570 1358 812 1428 γηῖναις,
835 1356 1097 1429 ἀλλάτῆς
1123 1359 1261 1430 πρὸς
1289 1359 1351 1413 τδ
1377 1359 1545 1414 καλὸν
1568 1359 1845 1431 ῥᾳθυμίας

240 1452 635 1521 ἐξαναστῆσαι,
659 1452 755 1506 καὶ
786 1454 1134 1523 περιπατεῖν,
1166 1452 1194 1506 ὃ
1225 1454 1344 1506 ἐστι
1379 1452 1655 1508 κινεῖσθαι
1706 1453 1845 1525 πρὸς

240 1547 344 1613 τὴν
377 1543 469 1597 τοῦ
495 1543 704 1612 ἀγαθοῦ
729 1545 1108 1616 ἐργασίαν.Τὸ
1132 1546 1189 1600 δέ
1209 1546 1585 1617 ταράσσεσθαι
1607 1547 1669 1600 τὸ
1700 1546 1845 1616 ὕδωρ

242 1635 344 1701 τῆς
404 1634 793 1707 κολυμϐήθρας
827 1635 991 1689 τοῦτο
1035 1635 1209 1707 δηλοῖ,
1239 1637 1299 1690 τδ
1334 1638 1393 1691 ἐν
1425 1639 1563 1710 αὐτῇ
1598 1638 1848 1710 θορυϐεῖ-

245 1726 370 1780 σθαι
404 1727 471 1781 τά
514 1728 804 1799 πνεύματα
836 1729 939 1799 τῆς
977 1730 1268 1802 πονηρίας,
1313 1733 1717 1805 συντριϐόμενα
1753 1736 1847 1787 καὶ

245 1822 667 1891 συμπνιγόμενα
712 1825 778 1894 τῇ
806 1822 898 1876 τοῦ
922 1824 1084 1891 ἁγίου
1130 1824 1453 1896 Πνεύματος
1483 1826 1692 1897 χάριτι.
1748 1827 1844 1897 Εἴη

1951 614 2069 669 ideo
2100 620 2154 670 et
2189 611 2538 668 noninvenit
2566 626 2780 665 curam.
2813 608 2931 665 Non
2981 608 3125 664 enim
3169 609 3406 665 habebat
3448 612 3548 665 lto-

1950 710 2152 763 minem
2194 708 2286 778 qui
2326 706 2551 760 inlerret
2584 705 2637 759 in
2699 704 2992 773 piscinam.
3033 702 3137 759 hoc
3174 712 3276 767 est,
3309 705 3553 759 nondum

1946 790 2066 859 erat
2101 801 2277 857 factus
2312 801 2476 855 homo
2529 798 2701 854 Filius
2760 798 2879 863 Dei,
2913 798 3007 868 qui
3066 812 3162 865 per
3216 798 3551 868 baptismqu

1950 893 2102 949 illum
2144 902 2439 949 sanaturus
2491 902 2663 946 esset.
2707 890 2942 958 Quando
2989 898 3171 944 autem
3224 889 3401 944 factus
3466 897 3551 945 est

1948 986 2140 1050 homo,
2206 995 2339 1041 tunc
2400 984 2620 1038 sanavit
2675 983 2896 1053 quidem
2948 993 3201 1037 naturam
3270 991 3553 1035 nostram:

1949 1078 2213 1147 praecepit
2247 1087 2427 1131 autem
2464 1085 2517 1130 et
2543 1075 2801 1130 lectulum
2835 1074 3000 1141 ferre,
3028 1076 3131 1129 hoc
3147 1084 3252 1136 est,
3277 1083 3331 1129 et
3354 1088 3556 1145 corpus

1950 1171 2067 1225 leve
2097 1170 2278 1225 facere
2308 1178 2363 1225 et
2408 1168 2746 1240 expeditum,
2799 1179 2853 1222 et
2911 1167 3201 1223 sustollere
3230 1182 3258 1221 a
3286 1176 3454 1230 terra,
3489 1180 3557 1221 ne

1950 1271 2211 1334 gravetur
2239 1262 2499 1316 carnibus
2531 1271 2588 1315 et
2619 1262 2855 1315 terrenis
2909 1261 3079 1323 curis,
3120 1259 3231 1314 ‘sed
3279 1267 3471 1328 surgat
3525 1274 3554 1311 a

1952 1352 2161 1408 desidia
2192 1355 2259 1405 ad
2281 1356 2508 1415 honum,
2535 1361 2588 1405 et
2618 1350 2883 1415 ambulet,
2913 1352 3056 1420 quod
3082 1362 3165 1405 est
3222 1351 3431 1405 moveri
3488 1350 3555 1405 ad

1949 1446 2324 1515 operationem
2373 1444 2524 1500 boni.
2558 1442 2795 1499 Turbari
2842 1458 3026 1499 autem
3087 1459 3285 1513 aquam
3332 1444 3558 1513 piscina:

1951 1540 2223 1610 signiﬁcat
2254 1537 2398 1610 quod
2434 1539 2485 1591 in
2520 1538 2636 1607 ipsa
2670 1538 2965 1592 turbentur
3026 1538 3252 1607 spiritus
3309 1536 3557 1603 malitim,

1951 1631 2177 1687 reatitriti
2214 1640 2266 1686 et
2298 1630 2546 1686 suﬁ'ocati
2579 1631 2754 1701 gratia
2782 1629 3064 1701 ,Spititus.
3102 1630 3321 1685 Utinam
3359 1641 3415 1685 et
3460 1645 3563 1684 nos

1953 1740 2317 1796 assequamur
2346 1725 2667 1789 sanitatem,
2694 1725 2787 1795 qui
2837 1725 3088 1779 dissoluti
3126 1740 3336 1788 sumus,
3372 1733 3428 1778 et
3494 1724 3561 1776 ad

1955 1834 2117 1872 omne
2144 1833 2283 1887 opus
2340 1817 2538 1873 bonum
2572 1818 2903 1881 immobiles,
2943 1833 3123 1888 neque
3163 1818 3428 1873 habemus
3461 1818 3563 1872 h0-

244 1913 303 1967 6‘2
338 1915 428 1968 καὶ
458 1917 605 1986 ἡμᾶς
632 1918 911 1988 ἐπιτυχεῖν
940 1918 1041 1988 τῆς
1073 1918 1284 1987 ὑγείας,
1316 1920 1443 1983 τοὺς
1472 1920 1848 1991 παρειμένους

1957 1912 2176 1977 minem,
2211 1913 2315 1967 hoc
2353 1921 2457 1977 est,
2487 1912 2783 1966 humanam
2840 1912 3135 1976 rationem,
3170 1921 3361 1981 utpote
3412 1926 3563 1966 com-

248 2008 379 2076 μὲν,
410 2009 504 2061 καὶ
555 2010 692 2080 πρὸς
726 2012 834 2064 πᾶν
865 2009 1029 2081 ἔργον
1079 2012 1286 2080 ἀγαθὸν
1318 2012 1737 2083 άκινητοῦντας,
1774 2013 1849 2085 μὴ

243 2100 475 2169 ἔχοντας
503 2102 557 2154 δέ
590 2102 901 2171 ἄνθρωπον,
958 2104 1266 2173 τουτέστιν,
1322 2105 1671 2177 ἀνθρώπινον
1702 2107 1851 2175 λογι-

244 2195 425 2262 σειὺν,
486 2190 574 2249 οἷα
632 2196 1209 2269 παρασυμϐληθέντας
1261 2201 1374 2264 τοῖς
1426 2203 1685 2271 κτήνεσιν
1736 2204 1851 2265 ταῖς

244 2287 519 2358 ἀνοήτοις,
552 2287 638 2341 ἵνα
673 2288 842 2362 βάλλῃ
877 2292 1027 2361 ἡμᾶς
1072 2293 1152 2356 είς
1184 2292 1281 2363 τὴν
1308 2294 1419 2347 τῶν
1448 2294 1705 2365 δακρύων
1751 2296 1851 2365 τῆς

247 2380 541 2448 μετανοίας
598 2381 1032 2455 κολυμϐήθραν,
1098 2386 1179 2450 εἰς
1214 2385 1281 2457 ἢν
1328 2388 1356 2440 ὁ
1410 2385 1629 2457 πρῶτος
1670 2386 1850 2457 ἐμϐὰς

244 2470 640 2540 θεραπεύεται.
665 2475 724 2529 '0
752 2476 862 2546 γάρ
897 2477 977 2540 είς
1003 2477 1133 2541 τοὺς
1167 2477 1430 2549 ὑστέρους
1457 2482 1688 2551 καιροὺς
1719 2481 1853 2535 άνα-

246 2562 601 2633 ϐαλλόμενος,
632 2558 729 2619 καῖ
761 2566 1081 2640 ὑπερτιθεὶς
1110 2570 1212 2641 τὴν
1270 2572 1590 2640 μετάνοιαν,
1626 2572 1720 2625 καὶ
1776 2573 1851 2643 μὴ

248 2655 500 2709 σπεύδων
557 2657 795 2713 ἐνταῦθα
861 2664 1237 2734 μετανοῆσαι,
1285 2662 1405 2718 ἀλλ’
1463 2664 1733 2735 ὑστερῶν,
1789 2667 1851 2719 οὐ

246 2750 507 2817 τυγχάνει
538 2751 640 2821 τῆς
678 2752 898 2816 ἰάσεως.
931 2755 1158 2828 Πρῶτος
1192 2752 1288 2811 οὖν
1328 2758 1639 2813 σπούδασον
1676 2760 1855 2829 ἐμϐῆ-

245 2858 358 2905 ναι,
387 2842 474 2895 ἴνα
533 2844 606 2915 μή
641 2861 702 2898 σε
736 2846 990 2919 προλάϐῃ
1030 2850 1057 2901 ὁ
1089 2848 1341 2911 θάνατος.
1399 2851 1620 2923 Ταύτην
1663 2853 1721 2906 δὲ
1752 2853 1854 2925 τὴν

246 2928 645 3003 κολυμϐήθραν
715 2934 814 3007 τῆς
887 2938 1177 3007 μετανοίας
1244 2941 1479 3011 ἄγγελος
1560 2946 1850 3017 ταράσσει.

249 3021 447 3089 ΙΙοῖος;
486 3021 547 3079 Ὀ
604 3028 703 3098 τῆς
733 3030 982 3102 μεγάλης
1015 3032 1215 3105 βουλῆς
1244 3035 1340 3089 τοῦ
1374 3038 1613 3109 Πατρδς,
1646 3041 1674 3094 ὀ
1720 3041 1856 3111 Χρι-

250 3114 375 3176 arb;
427 3116 523 3169 καὶ
553 3117 771 3191 Σωτήρ.
811 3123 872 3175 Εἰ
925 3126 1034 3195 γάρ
1092 3125 1170 3197 μὴ
1227 3126 1435 3198 ἅψηται
1493 3129 1591 3199 τῆς
1626 3130 1856 3200 καρδίας

248 3207 409 3320 ἒμῶν
430 3208 475 3318 ὁ.
493 3208 634 3276 θεῖος
662 3211 839 3320 λόγος,
876 3218 970 3320 καὶ
990 3220 1241 3291 ταραχὴν
1260 3222 1567 3295 ἐργάσηται
1604 3226 1661 3277 ἐν
1677 3224 1855 3298 ταύτῃ
1884 3261 1927 3320 c

248 3298 339 3352 δια
375 3302 601 3374 μνήμης
624 3306 735 3360 τῶν
774 3309 833 3362 ἐν
868 3309 946 3378 τῷ
974 3312 1229 3381 μέλλοντι
1255 3314 1417 3369 αἰῶνι
1451 3316 1854 3388 κολαστηρίων,

247 3390 351 3445 οὐκ
385 3395 561 3460 άλλως
591 3399 1032 3475 ἐνεργηθήσεται
1066 3407 1099 3478 ἡ
1130 3407 1495 3480 κολυμϐήθρα
1526 3409 1693 3482 αὕτη,
1734 3412 1859 3465 οὐδὲ

251 3483 414 3550 ὑγεία
444 3488 656 3554 γίνεται
677 3496 743 3563 τῇ
780 3497 1097 3571 παρειμένῃ
1122 3499 1296 3573 ψυχῇ.
1346 3501 1671 3573 Προϐατικὴ
1702 3503 1748 3557 δ’
1790 3504 1860 3558 ἂν

252 3578 484 3642 εἰκὸτως
518 3581 747 3656 κληθείη
788 3587 961 3661 αὖτη’
992 3591 1063 3644 τά
1094 3592 1201 3664 γάρ
1238 3593 1491 3649 ἐντόσθια
1520 3596 1615 3650 καὶ
1639 3598 1685 3649 οἱ
1713 3595 1856 3665 λογι-

1953 2006 2126 2073 parati
2149 2004 2413 2073 iumentis
2438 2004 2851 2074 insipientibus,
2881 2015 2937 2058 ut
2968 2014 3147 2075 portet
3172 2021 3271 2059 nos
3307 2004 3361 2059 in
3396 2006 3562 2073 pisci-

1954 2112 2076 2151 nam
2122 2098 2462 2168 pteuitentia:
2492 2098 2888 2170 lacrymarutn,
2926 2099 2978 2153 in
3013 2114 3179 2169 quam
3210 2100 3304 2169 qui
3353 2099 3565 2169 primus

1955 2188 2290 2260 ingreditur,
2340 2198 2589 2245 sanatur.
2644 2188 2779 2243 Nam
2817 2191 2907 2259 qui
2948 2190 3330 2261 pmnitentiam
3383 2188 3570 2247 diﬁ‘ert

1955 2282 2008 2336 in
2043 2292 2289 2353 tempora
2325 2283 2658 2353 posteriora,
2690 2297 2792 2339 nec
2842 2282 3065 2339 festinat
3119 2283 3205 2339 hic
3267 2285 3563 2353 poenitere,

1955 2378 2054 2433 sed
2087 2379 2479 2449 procrastinat,
2506 2392 2615 2432 non
2646 2377 2964 2447 assequitur
2995 2377 3314 2441 sanitatem.
3350 2374 3571 2432 Primus

1958 2473 2152 2527 festina
2186 2472 2424 2542 ingredi,
2468 2486 2539 2527 ne
2575 2482 2628 2527 te
2658 2486 2806 2527 mors
2832 2481 3204 2540 praeoccupet.
3264 2470 3419 2527 llane
3473 2485 3571 2525 att-

1958 2574 2062 2621 tem
2091 2566 2359 2636 piscinam
2387 2566 2725 2634 paenitentiae
2754 2565 2983 2636 angelus
3005 2565 3207 2626 turbat,
3232 2564 3451 2635 qualis?
3480 2561 3572 2618 Ille

1958 2658 2137 2731 magni
2172 2660 2389 2715 consilii
2444 2657 2648 2722 Patris,
2693 2656 2955 2713 Christus
2990 2669 3045 2713 et
3098 2658 3376 2725 Salvator.
3437 2655 3570 2711 Nam

1961 2753 2066 2808 nisi
2129 2753 2375 2825 tetigerit
2436 2767 2533 2808 cor
2575 2762 2825 2808 nostrum
2889 2752 3135 2807 divinum
3198 2751 3456 2816 verbum,
3518 2762 3573 2805 et

1963 2846 2335 2902 turbationem
2374 2844 2569 2901 fecerit
2601 2845 2654 2898 in
2688 2844 2781 2898 illo
2814 2854 3041 2914 propter
3065 2843 3393 2899 memoriam
3428 2842 3570 2896 l‘utu-

1961 2954 2145 2993 rorum
2197 2938 2619 3009 suppliciorum,
2654 2952 2939 3006 nunquam
2978 2936 3169 2992 eﬁicax
3214 2936 3321 2991 erit
3365 2937 3573 3004 piscina

1961 3035 2086 3101 ista,
2124 3047 2303 3104 neque
2334 3034 2544 3089 sanitas
2575 3032 2683 3087 erit
2715 3031 2915 3084 animm
2942 3030 3241 3087 dissoluta.
3275 3027 3567 3084 Probatiea

1960 3138 2144 3183 autem
2175 3128 2424 3196 quaedam
2447 3126 2651 3180 dicitur
2671 3124 2818 3193 lista.
2867 3122 3005 3177 Nam
3035 3123 3300 3179 intestina
3342 3132 3396 3178 et
3428 3116 3579 3195 cogi-

1961 3222 2199 3278 tationes
2229 3234 2351 3292 qua:
2397 3221 2452 3273 in
2480 3218 2817 3275 sacriﬁcium
2855 3218 3065 3284 vivunt,
3098 3226 3377 3281 sanctum,
3410 3217 3578 3273 bene"

1960 3317 2223 3387 placitum
2272 3314 2439 3387 572
2501 3313 2613 3389 Deo
2667 3320 3072 3383 praeparantur,
3138 3320 3191 3366 et
3253 3309 3571 3365 innocentia

1960 3409 2119 3476 ﬁunt;
2150 3409 2296 3464 sicut
2320 3406 2612 3478 πρώϐατα,
2649 3405 2754 3461 hoc
2789 3413 2895 3468 est,
2932 3418 3084 3470 oves,
3115 3403 3168 3457 in
3206 3401 3311 3457 ista
3338 3401 3574 3457 abluun-

1958 3513 2071 3559 tur.
2107 3503 2297 3574 ltaque
2331 3502 2469 3557 faxit
2498 3501 2642 3557 Deus
2664 3510 2723 3554 ut
2743 3500 3039 3554 sanitatem
3064 3511 3495 3568 consequamur,
3523 3506 3581 3551 et

1961 3596 2014 3650 iu
2055 3596 2257 3666 templo
2281 3603 2405 3664 post
2429 3595 2746 3663 ,sanitatem
2782 3590 3149 3655 inveniamur,
3205 3590 3310 3644 hoc
3364 3599 3471 3653 est,
3508 3604 3578 3644 ne

253 3672 382 3738 σμοὶ
403 3672 513 3727 τῶν
546 3678 627 3738 είς
658 3678 849 3734 θυσίαν
872 3680 1058 3747 ζῶσαν
1098 3685 1273 3754 ἁγίων
1305 3688 1604 3761 εὐάρεστον
1632 3689 1711 3761 τῷ
1742 3689 1852 3761 Θεᾷ

1962 3687 2107 3741 ultra
2142 3686 2387 3757 profanis
2419 3684 2849 3756 cogitationibus
2893 3683 3270 3754 inquinemur,
3307 3692 3368 3737 ut
3411 3697 3480 3737 ne
3526 3682 3579 3736 in

253 3762 724 3838 έτοιμαζομένων,
751 3774 847 3826 καὶ
880 3777 1109 3830 ἀκάκων
1143 3780 1469 3849 γινομένων,
1504 3782 1581 3846 ὡς
1609 3782 1852 3853 πρόϐατα

1961 3781 2273 3851 graviorem
2306 3780 2619 3835 incidamus
2647 3794 2872 3849 pmuatn
2908 3777 3174 3833 futuram.

254 3857 313 3907 ἐν
347 3858 520 3933 ταύτῃ
550 3863 979 3925 άποπλύνονται.
1001 3870 1221 3927 Γένοιτο
1244 3869 1339 3929 οὖν
1371 3877 1520 3947 ἡμᾶς
1544 3880 1645 3947 τῆς
1667 3878 1857 3945 ὑγείας
1895 3877 2104 3946 τυχεῖν,
2139 3876 2234 3928 καὶ
2266 3876 2325 3927 ἐν
2394 3873 2474 3944 τῷ
2540 3873 2674 3944 ἱερῷ
2706 3871 3008 3943 εὑρεθῆναι
3036 3871 3179 3943 μετά
3211 3871 3314 3943 τὴν
3362 3871 3578 3942 ὑγείαν.

256 3948 444 4042 ἤγουν.
484 3956 685 4025 μηκέτι
712 3960 952 4033 άνιέροις
971 3962 1257 4038 λογισμοῖς
1281 3969 1639 4041 μολυνθῆναι,
1671 3971 1757 4025 ἵνα
1786 3970 1860 4042 μὴ
1901 3969 2102 4040 χείρων
2140 3970 2276 4039 ἡμῖν
2300 3968 2335 4039 ἡ
2374 3968 2648 4038 μέλλουσα
2680 3968 2903 4030 κόλασις
2927 3965 3179 4037 γένηται.

332 4057 351 4091 σ
402 4041 459 4097 Ὀ
484 4043 540 4098 δέ
574 4047 784 4119 Ἰησοῦς
812 4053 1152 4127 ἀπεκρίνατο
1178 4060 1398 4125 αὐτοῖς·
1439 4063 1501 4117 Ὀ
1533 4065 1724 4135 Πατήρ
1749 4081 1854 4134 μου

251 4131 360 4197 ἕως
397 4136 523 4206 άρτι
551 4139 869 4211 ἐργάζεται,
906 4150 1066 4218 κάγὼ
1094 4152 1427 4226 ἐργάζομαι.
1464 4158 1564 4210 Διά
1584 4131 1859 4211 τοέτονοῦν

256 4226 462 4295 μᾶλλον
490 4231 658 4289 αὑτὸν
676 4234 906 4306 ἐζήτουν
935 4242 987 4295 οί
1030 4244 1274 4300 Ἰουδαῖοι
1306 4248 1653 4315 ἀποκτεῖναι,
1678 4254 1760 4304 ὅτι
1796 4252 1858 4304 οὐ

254 4319 426 4415 μόνον
450 4322 572 4380 έλυε
594 4328 656 4381 τὸ
669 4330 971 4403 Σάϐϐατον,
1000 4336 1142 4392 ἀλλὰ
1166 4342 1261 4394 καὶ
1285 4342 1510 4415 Πατέρα
1534 4345 1666 4399 ἴδιον
1700 4345 1859 4414 ἔλεγε

2048 4063 2210 4117 Vsus.
2242 4061 2431 4126 l7,t8.
2464 4079 2482 4113 ι
2518 4059 2683 4116 Jesus
2712 4068 2895 4115 autem
2934 4059 3322 4127 responditeis
3364 4078 3377 4113 :
3419 4058 3585 4116 Pater

1968 4170 2123 4209 meus
2157 4168 2328 4223 usque
2356 4153 2424 4208 ad
2459 4154 2563 4208 hoc
2595 4163 2807 4223 tempus
2832 4161 3117 4223 operatur,
3144 4162 3199 4207 et
3226 4167 3328 4222 ego
3354 4168 3580 4224 operor.

1967 4247 2266 4316 Propterea
2298 4248 2473 4318 magis
2504 4248 2824 4315 qttmrebant
2859 4260 2984 4299 eum
3020 4241 3199 4301 Judaei
3238 4246 3555 4304 interﬁcere

1968 4340 2095 4408 quia
2142 4355 2247 4395 non
2283 4340 2461 4396 solum
2494 4340 2746 4408 solvisset
2778 4338 3109 4404 Sabbatum,
3137 4340 3234 4395 sed
3269 4349 3325 4394 ct
3360 4338 3580 4395 Patrem

251 4413 345 4529 La:
383 4416 537 4524 Θεδν,
573 4420 691 4529 ἴσον
724 4425 921 4482 ἐαυτὸν
954 4430 1131 4487 ποιῶν
1154 4435 1234 4505 τῷ
1269 4436 1409 4509 Θεῷ.
1499 4441 1563 4495 Οί
1599 4440 1701 4511 μὲν
1728 4413 1852 4494 ’1ου-

1968 4451 2129 4491 stmm
2174 4436 2408 4490 dixisset
2457 4433 2648 4499 Deum,
2681 4432 2949 4503 aequalem
3001 4446 3061 4487 se
3118 4432 3228 4487 Deo
3288 4432 3520 4490 faciens.
3560 4454 3575 4484 ι

252 4502 408 4602 ίῖαῖοι⁸
441 4506 518 4573 ὡς
568 4511 940 4589 ἐργασαμένῳ
991 4523 1051 4575 ἐν
1084 4502 1373 4597 Σαϐϐάτῳ-
1396 4530 1499 4599 τὴν
1527 4502 1854 4602 θεραπείαν,

250 4597 549 4699 ἐγκαλοῦσι
582 4606 662 4699 τῷ
688 4608 913 4699 Χριστῷ
935 4629 949 4645 ο
984 4616 1150 4680 αὐτὸς
1172 4618 1231 4673 δέ
1259 4615 1349 4675 οἷα
1378 4597 1465 4695 at,
1483 4597 1750 4695 ὁμότιμος
1780 4627 1858 4679 ὢν

249 4688 527 4789 italiam!
554 4695 652 4749 καὶ
675 4698 777 4767 τῆς
794 4702 970 4775 αὐτῆς
998 4704 1270 4779 ἐξουσίας,
1301 4688 1492 4782 φησίν,
1518 4688 1612 4768 *ὅτι
1643 4688 1859 4789 ’Ὥσπερ

250 4780 280 4833 ὁ
470 4790 562 4881 καὶ
594 4790 788 4867 Πατήρ
817 4815 923 4866 μου
975 4801 1274 4873 ἐργάζεται
1315 4780 1411 4860 καὶ
1458 4808 1519 4861 ἐν
1563 4780 1854 4881 Σαϐϐάτιρ,

251 4873 350 4927 καὶ
368 4878 470 4932 οὐκ
490 4880 777 4949 ἐγκαλεῖτε
814 4890 989 4959 αὐτῷ,
1027 4892 1206 4957 οὕτως
1248 4896 1370 4951 οὑδέ
1400 4898 1551 4969 ἐμοί.
1587 4900 1716 4965 Πῶς
1744 4873 1858 4956 δέδ

252 4968 444 5041 Πατὴρ
468 4973 768 5043 ἐργάζεται
814 4981 921 5046 ἓως
955 4984 1112 5052 άρτι,
1134 4988 1259 5042 ατοῦ
1304 4968 1551 5055 Μωσέως
1578 4992 1855 5061 λέγοντος,

247 5061 343 5155 ὅτι
370 5082 391 5116 ι
426 5066 790 5155 κατέπαυσεν
809 5075 838 5127 δ
866 5076 999 5141 Θεὸς
1025 5079 1136 5133 άπὸ
1166 5080 1391 5136 πάντων
1421 5082 1533 5136 τῶν
1553 5084 1733 5155 ἔργων
1762 5088 1859 5140 αὑ-

246 5154 376 5221 τοῦς
406 5174 426 5210 ι
488 5148 681 5227 Θέλεις
724 5168 943 5237 μαθεῖν,
990 5172 1110 5237 πῶς
1156 5168 1457 5249 ἐργάζεται
1502 5148 1649 5235 ἔτι-δ
1686 5180 1853 5249 Θεός;

251 5252 397 5347 Ὅρα
418 5255 520 5327 τὴν
549 5260 912 5336 οἰκουμένην,
928 5268 1026 5321 καὶ
1053 5271 1344 5343 κατάμαθε
1366 5246 1434 5329 τά
1452 5275 1555 5346 τῆς
1586 5246 1857 5347 Προνοίαξ

246 5346 390 5442 ἔργα
410 5366 425 5381 ·
460 5351 618 5422 ἥλιον
650 5356 1035 5427 ἀνατέλλοντα,
1071 5365 1335 5435 δυόμενον
1356 5410 1370 5433 ,
1402 5346 1709 5436 θάλασσαν,
1746 5390 1855 5442 πη·

249 5440 375 5509 γάξν
408 5449 714 5519 ποταμοὺς,
749 5453 865 5519 ζῶα
900 5457 1079 5511 πάντα
1102 5462 1294 5526 ἀτελῶς
1327 5440 1851 5538 δημιουργηθένταήο

246 5537 346 5588 καὶ
372 5538 515 5632 ξδοις
550 5543 617 5597 ἂν
644 5546 746 5618 τὴν
799 5551 977 5605 κτίσιν
1003 5554 1070 5609 τά
1101 5558 1303 5627 ἑαυτῆς
1333 5560 1684 5629 ἐνεργοῦσαν,
1718 5561 1855 5632 μᾶλ-

366 5628 421 5683 δέ
440 5632 871 5724 ἐνεργουμένην,
901 5644 997 5698 καὶ
1030 5648 1363 5719 κινουμένην
1398 5650 1473 5721 τῷ
1505 5653 1732 5723 ἀρρήτῳ
1758 5655 1855 5724 τῆς

248 5722 517 5799 Ιιρςνοίας
538 5727 703 5801 λόγῳ.
725 5733 953 5801 Πάντως
974 5738 1028 5792 6':
1062 5740 1093 5810 ἡ
1121 5743 1351 5797 Ποόννιια
1377 5745 1471 5798 7.1".
1592 5722 1855 5814 Σάεεετὲει

285 5914 371 5947 ’θ’
401 5917 530 5973 ίζοἸΙ.
560 5934 613 5974 ll.
656 5923 709 5974 '2:

1962 4530 2134 4586 Jutla'i
2193 4529 2414 4600 quidem
2475 4528 2682 4582 crimen
2743 4526 3035 4597 imponunt
3090 4526 3339 4594 Christo,
3382 4543 3582 4599 nempe

1960 4624 2105 4695 quod
2137 4632 2395 4692 operatus
2426 4620 2499 4677 sit
2533 4621 2584 4674 in
2625 4619 2867 4675 Sabhato
2898 4619 3241 4675 sanationem
3278 4641 3289 4675 :
3319 4620 3436 4690 ipse
3479 4638 3575 4677 au—

1964 4726 2070 4771 tem
2119 4722 2380 4783 tanquam
2436 4711 2661 4783 aqualis
2696 4710 2846 4766 Patri
2896 4704 2959 4766 'ct
2988 4710 3237 4779 ejusdem
3277 4712 3577 4768 auctorita-

1963 4810 2035 4864 tis
2059 4808 2225 4863 dicit:
2255 4807 2409 4863 Sicut
2433 4805 2576 4863 Deus
2593 4814 2648 4863 et
2679 4805 2843 4861 Pater
2864 4800 3019 4861 meus
3046 4814 3307 4874 operatur
3321 4806 3488 4861 etiam
3521 4808 3573 4861 iu

1961 4903 2226 4967 Sabbato,
2264 4911 2320 4957 et
2348 4887 2780 4971 reprehensione
2809 4908 2990 4962 caret,
3020 4899 3096 4954 ita
3132 4913 3315 4969 neque
3334 4913 3437 4969 ego
3463 4902 3573 4956 eri-

1962 4996 2095 5051 mini
2131 4996 2404 5052 obnoxius
2428 5010 2570 5049 sum.
2591 4993 2878 5063 Quomodo
2910 5001 3093 5047 autem
3130 4992 3293 5046 Pater
3317 5000 3577 5061 Operatut

1961 5105 2138 5157 usque
2169 5091 2236 5152 ad
2269 5090 2372 5144 hoc
2404 5099 2638 5157 tempus,
2669 5103 2792 5142 cum
2829 5085 3044 5157 Moyses
3071 5086 3219 5139 dicat
3256 5085 3402 5154 quod
3423 5087 3551 5154 quie

1964 5184 2105 5239 verit
2138 5184 2283 5238 Deus
2317 5182 2386 5237 ab
2409 5181 2665 5237 omnibus
2702 5181 2965 5248 operibus
2991 5179 3108 5233 suis
3130 5179 3215 5232 ’3?
3244 5178 3338 5233 Vis
3358 5179 3575 5233 discere

1964 5277 2241 5347 quomodo
2262 5285 2526 5345 operatur
2554 5273 2733 5328 adhuc
2757 5272 2929 5327 Deus?
2955 5270 3088 5327 Vide
3107 5271 3573 5341 dispensationem

1962 5386 2170 5436 rerum,
2214 5378 2273 5423 ct
2313 5368 2464 5423 disce
2506 5382 2673 5437 opera
2729 5366 3120 5430 Providentiae,
3175 5366 3349 5420 solem
3387 5365 3570 5419 orien-

1964 5475 2095 5529 tem,
2142 5461 2509 5527 occidentem,
2553 5476 2728 5524 marc,
2772 5459 3249 5527 fontes,ﬁuntina,
3294 5457 3573 5515 animalia.

1960 5569 2016 5614 et
2046 5555 2379 5626 simpliciter
2411 5570 2607 5612 omnes
2634 5554 2902 5659 Γιιοιιιτιΐ,
2930 5564 2985 5608 et
3023 5552 3235 5608 videbis
3258 5562 3572 5608 creaturam

1962 5669 2126 5723 Opera
2178 5668 2273 5707 sua
2327 5650 2569 5721 operari,
2614 5650 2724 5704 imo
2772 5649 3147 5720 Op'crationem
3215 5649 3486 5718 recipere,
3522 5656 3578 5701 et

1965 5747 2173 5803 moveri
2207 5745 2467 5801 iuclIahili
2495 5744 2865 5800 Providentia:
2898 5744 3082 5799 vet-hu.
3117 5744 3357 5799 Omnino
3388 5746 3574 5795 autem
