4218 6424
726 410 861 473 3257

1616 410 1924 470 'l'lll-l'Jl’il
1940 412 2071 471 Yi..\
2085 412 2201 470 (ζ’ίί
2247 408 2660 470 UULGARLE
2701 413 3061 473 ARCUIEP.

3868 415 4007 479 1263

726 523 1076 578 Providentia
1109 531 1158 577 et
1199 524 1249 575 in
1297 522 1540 577 Sabban
1577 536 1673 575 sua
1710 536 1990 592 operatur.
2025 524 2201 594 Atque
2235 526 2300 577 ita

2412 521 2479 575 τὰ
2502 524 2679 577 οίκεῖα
2712 527 2947 595 ἐνεργεῖ.
2995 526 3159 580 Ὥστε
3192 527 3313 581 επεὶ
3360 528 3390 581 6
3425 494 3637 599 Πατὴρ.
3672 527 4007 597 ἐργάζεται,

722 618 850 685 quia
882 616 1041 670 Pater
1067 625 1343 685 operatur,
1379 626 1431 668 et
1467 615 1518 668 in
1556 613 1798 670 Sabbato
1852 624 2161 670 creaturam
2204 631 2301 684 gu-

724 712 770 762 b.
794 718 939 772 rnat,
968 706 1160 760 merito
1193 716 1248 760 et
1282 721 1403 776 ego,
1452 707 1649 777 inquit,
1682 706 1859 763 Filius
1908 706 2027 775 ejus
2080 722 2297 777 operor.

722 803 793 856 At
840 800 910 854 illi
957 798 1155 853 invidia
1204 802 1463 869 correpti,
1503 799 1818 871 quaerebant
1860 815 1983 855 eum
2028 801 2297 866 occidere,

725 909 833 947 nun
889 892 1063 948 solum
1090 893 1233 962 quod
1260 891 1838 958 solveretSabbatum,
1873 893 1967 947 sed
1998 903 2052 947 et
2082 892 2299 947 Patrem

722 999 878 1037 suum
916 984 1127 1037 diceret
1154 982 1345 1048 Deum,
1379 982 1645 1053 aequalem
1683 997 1743 1038 se
1772 983 1981 1038 faciens
2006 983 2136 1037 Deo.
2164 982 2299 1037 Nam

722 1077 845 1145 quia
868 1092 927 1131 se
952 1076 1148 1131 Filium
1179 1077 1410 1142 dicebat,
1434 1076 1743 1132 necessario
1758 1076 1963 1131 honore
1984 1090 2043 1131 se
2071 1076 2304 1132 faciebat

722 1186 905 1238 parem
942 1171 1067 1225 Deo.
1096 1170 1287 1226 Omnis
1321 1172 1465 1226 enim
1502 1170 1641 1226 filius
1693 1170 1935 1240 ejusdem
1989 1181 2197 1223 natura!
2219 1177 2302 1223 est

722 1277 842 1315 cum
884 1272 1057 1329 patre.
1102 1260 1202 1317 Ubi
1238 1262 1339 1316 hoc
1366 1262 1484 1315 loco
1516 1260 2083 1329 estArius?profeeto
2128 1275 2303 1314 emt-us

726 1354 900 1407 fartus
954 1365 1037 1408 est
1092 1354 1235 1408 eirea
1295 1355 1500 1407 lumen.
1549 1354 1744 1408 Filium
1808 1354 1951 1408 enim
2016 1352 2302 1407 nominans

723 1446 1006 1501 Christum
1034 1444 1237 1513 Patris,
1264 1462 1369 1501 non
1404 1448 1563 1502 datei
1590 1448 1733 1516 quod
1770 1446 2016 1500 eamdem
2050 1457 2300 1499 naturam

724 1540 920 1593 habeat
973 1553 1097 1594 cum
1134 1537 1325 1603 Patre,
1370 1541 1463 1594 sed
1513 1549 1821 1593 creaturam
1859 1536 2087 1592 increati
2124 1534 2302 1591 Patris

722 1631 915 1683 l-‘ilium
961 1630 1201 1687 fatetur:
1233 1632 1446 1685 tametsi
1501 1630 1584 1684 vel
1640 1628 1859 1684 Judzeos
1908 1628 2199 1697 oportebat
2246 1628 2301 1681 in

723 1724 1012 1794 magistros
1052 1738 1356 1785 assumere.
1389 1723 1477 1791 qui
1515 1734 1736 1791 propter
1765 1722 1864 1776 hoc
1905 1722 2303 1789 persequebar).

721 1828 810 1869 tur
860 1816 1165 1877 Dominum,
1200 1814 1342 1884 quod
1388 1829 1447 1867 se
1490 1814 1686 1868 Filium
1725 1814 1932 1868 diceret
1986 1812 2079 1868 Dei
2115 1830 2129 1866 :
2160 1813 2302 1867 unde

2413 616 2507 670 καὶ
2542 617 2602 669 ὲν
2629 616 2893 689 Σαϐϐάτῳ
2914 619 3014 690 τὴν
3044 620 3228 673 κτίσιν
3252 618 3607 690 διακυϐερνᾷ,
3656 620 3892 683 είκάτως
3914 624 4012 673 κά.

2411 708 2514 776 γὼ,
2554 708 2741 779 φησὶν,
2772 712 2801 763 6
2831 709 2960 773 Υἱὸς
2984 709 3151 765 αὑτοῦ
3190 710 3519 782 ἐργάζομαι.
3544 712 3611 766 Oi
3637 712 3719 777 δὲ,
3742 712 4010 779 διατηκό.

2414 814 2567 869 μενοι
2593 799 2672 869 τῷ
2700 800 2909 872 φθόνῳ,
2941 801 3171 872 ἐζήτουν
3206 802 3373 855 αὑτὸν
3405 803 3751 864 ἀποκτεῖναι,
3805 803 3871 855 οὑ
3910 803 4010 871 μό-

2411 904 2520 954 νον,
2576 889 2658 943 ὃτι
2707 888 2835 944 ἔλυε
2887 891 2951 945 τὸ
2983 891 3301 958 Σάδδατον,
3361 891 3479 946 ἀλλ’
3512 894 3595 947 δτι
3647 896 3747 947 καὶ
3779 893 4009 964 Πατέρα

2410 982 2577 1036 αὑτοῦ
2612 982 2766 1051 ἔλεγε
2798 985 2891 1038 τὸν
2944 984 3099 1061 Θεὸν)
3149 988 3264 1040 ῖσον
3317 986 3512 1040 ἑαυτὸν
3551 986 3729 1039 ποιῶν
3757 986 3839 1056 τῷ
3867 985 4005 1056 Θεῷ.

2423 1077 2581 1133 Ἐπεὶ
2608 1079 2721 1149 γὰρ
2756 1079 2883 1132 Υίδν
2926 1078 3111 1149 ἔλεγεν
3139 1080 3356 1145 ἑαυτὸν,
3403 1079 3723 1147 ἀναγκαίως
3761 1079 4012 1147 ἰσότιμον

2411 1171 2586 1224 έποίει
2622 1171 2816 1224 ἑαυτὸν
2843 1170 2918 1242 τῷ
2947 1171 3067 1239 Θεῷ
3089 1187 3103 1202 ·
3138 1173 3246 1236 πᾶς
3267 1172 3378 1243 γὰρ
3403 1171 3519 1236 υίὸς
3539 1171 3639 1240 τῆς
3671 1169 3854 1239 αὐτῆς
3892 1172 4010 1222 ἐστι

2411 1264 2627 1331 φύσεως
2654 1263 2731 1334 τῷ
2768 1265 2958 1336 πατρί.
3014 1265 3127 1319 Ποῦ
3176 1266 3397 1334 Ἄρειος
3454 1263 3725 1331 ὲνταῦθας
3799 1266 4013 1323 Ὄντως

2411 1356 2752 1427 τετύφλωται
2786 1360 2915 1429 περὶ
2954 1358 3016 1413 τὸ
3054 1358 3191 1429 φῶς.
3252 1359 3381 1413 Υίδν
3421 1360 3531 1430 γὰρ
3582 1356 3879 1427 ὀνομάζων
3921 1356 4015 1409 τὸν

2410 1450 2647 1518 Χριστὸν
2673 1451 2770 1504 τοῦ
2803 1451 3035 1521 Πατρὸς,
3091 1452 3191 1506 οὑκ
3241 1452 3415 1507 ἐδίδου
3469 1452 3619 1523 αὑτῷ
3655 1451 3720 1504 τὸ
3751 1451 3853 1504 καὶ
3914 1448 4015 1517 τὴν

2411 1540 2582 1611 αὐτὴν
2634 1541 2797 1610 φύσιν
2837 1543 2985 1612 ἔχειν
3017 1542 3097 1613 τῷ
3130 1544 3327 1615 Πατρὶ,
3364 1542 3501 1597 ἀλλὰ
3530 1542 3741 1612 κτίσμα
3787 1541 3888 1594 τὸν
3918 1540 4012 1594 τοῦ

2408 1632 2666 1687 ἁκτίστου
2714 1635 2931 1711 Πατρὸς
2978 1636 3106 1689 Υῖδν
3142 1636 3439 1708 ὡμολόγει.
3484 1637 3677 1691 Καίτοι
3712 1635 4011 1697 Ἰουδαίους

2410 1726 2542 1792 γοῦν
2598 1725 2705 1780 εδει
2762 1726 3120 1792 διδασκάλους
3174 1728 3536 1799 παραλαϐεῖν,
3600 1728 3651 1782 οῖ
3700 1728 3792 1781 διὰ
3850 1726 4014 1781 τοῦτο

2410 1816 2633 1871 ὶδίωκον
2665 1817 2760 1871 τὸν
2790 1819 3015 1890 Κύριον,
3053 1821 3139 1873 ὅτι
3165 1820 3303 1874 Υίὸν
3334 1820 3528 1874 έαυτδν
3554 1819 3711 1888 ἔλεγε
3733 1817 3833 1872 τοῦ
3847 1818 4010 1873 Θεοῦ.

722 1909 1032 1963 necessario
1075 1908 1402 1975 colligebant
1452 1906 1597 1976 quod
1650 1906 1876 1975 aequalis
1938 1914 2085 1960 esset
2140 1904 2295 1959 Deo:

2417 1904 2756 1976 ’Δναγκαίως
2787 1910 2898 1979 γὰρ
2929 1910 3213 1981 συνήγετο.
3249 1911 3343 1964 καὶ
3384 1908 3502 1975 ἴσος
3527 1905 3670 1964 εἷναι
3697 1907 3827 1981 Θεῷ
3851 1924 3867 1939 ο
3892 1910 4015 1962 imi.

722 2000 977 2063 quoniam
1007 1999 1110 2052 nisi
1151 2011 1340 2066 magna
1381 1997 1572 2052 fuisset
1600 1996 1725 2050 Filii
1760 1996 2001 2065 dignitas
2058 2004 2111 2050 et
2144 1994 2307 2050 fecis-

721 2101 805 2145 set
842 2106 902 2146 se
931 2089 1194 2159 aequalem
1231 2088 1360 2156 Deo,
1385 2104 1553 2158 quare
1588 2087 1857 2159 persecuti
1890 2086 2122 2142 fuissent
2156 2086 2303 2140 illum

721 2180 930 2239 Iudei?

796 2276 958 2333 Vens.
986 2275 1174 2333 19-21.
1199 2295 1217 2326 ο
1246 2274 1543 2345 Respondit
1564 2275 1748 2344 itaque
1764 2272 1922 2330 Jesus
1942 2283 1998 2330 et
2022 2274 2158 2329 dixit
2182 2274 2261 2329 eis
2288 2291 2299 2325 :

720 2372 913 2437 Amen,
947 2383 1105 2423 amen
1138 2368 1262 2424 dico
1295 2366 1472 2431 vobis,
1497 2381 1605 2421 non
1640 2374 1817 2435 potest
1851 2364 2023 2419 Filius
2054 2363 2237 2419 facere
2276 2380 2305 2416 a

718 2476 778 2517 se
831 2460 1131 2533 quidquam
1190 2460 1293 2514 nisi
1331 2458 1477 2527 quod
1508 2458 1706 2513 viderit
1738 2456 1956 2511 Patrem
1988 2455 2303 2511 facientem.

720 2558 1071 2622 Quaecunque
1108 2551 1255 2607 enim
1291 2550 1381 2607 ille
1408 2548 1621 2615 fecerit,
1653 2549 1765 2605 haec
1794 2548 1979 2604 itidem
2028 2558 2084 2605 et
2132 2547 2304 2603 Filius

718 2647 872 2701 facit.
900 2645 1063 2703 Pater
1086 2645 1230 2699 enim
1271 2624 1451 2713 ditigii
1499 2639 1718 2706 Filium,
1756 2649 1812 2695 et
1862 2642 2045 2697 omnia
2075 2642 2301 2696 demon-

716 2748 856 2795 strat
884 2740 932 2794 ei
973 2752 1093 2808 qua:
1127 2739 1244 2805 ipse
1276 2733 1408 2790 facit
1431 2752 1452 2792 ι
1478 2742 1532 2790 et
1559 2734 1763 2804 majora
1782 2735 1869 2789 bis
1905 2732 2304 2789 demonstrabit

718 2834 766 2887 ri
798 2846 991 2902 opera,
1027 2840 1085 2886 ut
1114 2845 1207 2886 vos
1238 2830 1532 2885 miremini.
1584 2827 1735 2882 Sicut
1760 2828 1905 2882 enim
1935 2826 2098 2879 Pater
2130 2825 2305 2879 suscio

720 2928 797 2974 tat
840 2930 1085 2974 mortuos
1138 2928 1194 2973 et
1254 2918 1515 2981 viviﬁcat,
1576 2916 1657 2971 sic
1713 2927 1768 2969 et
1795 2913 1965 2969 Filius
2010 2929 2149 2984 quos
2192 2914 2305 2969 vult

716 3011 975 3068 vivilieat.
1013 3030 1031 3063 ι
1082 3040 1134 3053 -
1163 3028 1181 3062 ι
1211 3010 1331 3064 Non
1381 3018 1560 3081 potest
1582 3008 1753 3064 Filius
1810 3024 1840 3062 a
1884 3010 2067 3079 seipse
2123 3007 2302 3063 facere

718 3105 923 3176 aliquid
956 3122 975 3156 ι
1015 3103 1315 3159 secundum
1364 3103 1507 3173 quod
1539 3101 1674 3157 nihil
1710 3100 1944 3155 alienum
1980 3100 2065 3155 vel
2099 3114 2297 3156 novum

2406 2000 2457 2051 εί
2494 1999 2571 2071 μὴ
2599 2000 2746 2071 μέγα
2774 1996 2843 2071 ἦν
2861 2000 3035 2055 τὸτοῦ
3066 2001 3196 2055 Υίοῦ
3218 2002 3463 2071 ἀξίωμα,
3491 2002 3589 2055 καὶ
3613 2004 3694 2067 είς
3720 2002 3841 2056 ῖσον
3874 1995 4013 2072 ἦγεν

2409 2088 2599 2145 διυτδν
2627 2088 2705 2159 τῷ
2738 2088 2878 2161 Θεῷ,
2910 2092 3055 2154 τίνος
3080 2092 3269 2147 ἕνεκεν
3291 2091 3517 2146 ιδίωκον
3537 2092 3706 2146 αὐτόν
3730 2108 3748 2158 ;
3844 2128 3847 2129 ν

2490 2285 2510 2317 ε
2536 2267 2896 2336 Ἀπεκρίνατο
2912 2266 3043 2321 οῦνὸ
3057 2267 3285 2339 Ἰησοῦς,
3304 2262 3789 2331 καὶεῐτοεναὺτοῖςσ
3809 2266 4008 2337 ’Δμὴη

2407 2356 2557 2429 ἀμὴν
2585 2358 2729 2427 λέγω
2756 2359 2907 2430 ὑμῖν,
2933 2360 2994 2414 οὑ
3021 2359 3249 2415 δύναται
3277 2364 3305 2415 6
3328 2362 3456 2426 Υίὸς
3479 2364 3658 2416 ποιεῖν
3679 2361 3779 2431 ἀφ’
3810 2360 4011 2416 ἑαυτοῦ

2405 2452 2580 2516 οὐδὲν,
2622 2452 2719 2505 ἐὰν
2774 2454 2850 2525 μή
2879 2470 2933 2508 τι
2986 2453 3161 2527 βλέπῃ
3198 2455 3291 2510 τὸν
3334 2457 3563 2528 Πατέρα
3614 2455 3908 2513 ποιοῦντα.
3946 2456 4014 2511 ’Δ

2406 2545 2517 2616 γὰρ
2542 2543 2609 2600 ἂν
2628 2545 2839 2611 ἐκεῖνος
2860 2549 3015 2618 ποιῇ,
3042 2548 3221 2603 ταῦτα
3256 2549 3355 2604 καὶ
3388 2551 3419 2603 6
3440 2550 3571 2615 Υίδς
3597 2549 3808 2620 ὁμοίως
3846 2550 4011 2604 ποιεῖ.

2418 2638 2476 2693 '0
2500 2638 2609 2712 γὰρ
2636 2639 2828 2711 Πατὴρ
2852 2640 3001 2710 φιλεῖ
3034 2641 3128 2695 τὸν
3156 2641 3311 2708 Υίδν,
3361 2642 3459 2695 καὶ
3497 2641 3681 2697 πάντα
3728 2641 4015 2695 δείκνυσιν

2406 2730 2576 2802 αὑτῷ,
2600 2730 2638 2785 ἃ
2661 2732 2828 2796 αὑτὸς
2847 2735 3011 2800 ποιεῖ,
3036 2734 3133 2787 καὶ
3151 2733 3377 2803 μείζονα
3404 2732 3612 2787 τούτων
3635 2732 3810 2798 δείξει
3858 2732 4010 2803 αὐτῷ

2407 2820 2566 2893 εργα,
2585 2824 2673 2876 ῖνα
2694 2824 2851 2893 ὑμεῖς
2874 2821 3437 2895 θαυμάζητε.Ὢσπερ
3459 2823 3572 2895 γὰρ
3588 2825 3621 2879 6
3649 2823 3849 2894 Πατήρ
3864 2822 4015 2893 67d-

2410 2930 2492 2985 ρει
2520 2913 2647 2977 τοὺς
2676 2915 2929 2985 νεκροὺς,
2960 2914 3059 2968 καὶ
3085 2898 3345 2980 ζωοποιεῖ
3362 2931 3377 2945 ⁸
3401 2913 3657 2968 οὕτωκαὶ
3682 2917 3713 2968 6
3741 2914 3900 2980 Υίδς,
3918 2913 4014 2979 οῦς

2408 3003 2552 3058 Θέλει
2570 3004 2844 3070 ζωοποιεῖ.
2858 3024 2982 3058 ι-ι
2995 3006 3070 3060 Οὑ
3087 3006 3494 3071 δύναταιὸΥἱδς
3505 3009 3679 3062 ποιεῖν
3695 3007 3794 3077 ἀφ’
3810 3006 4013 3063 humi

2404 3098 2614 3163 οὑδὲν,ι
2649 3098 2785 3153 καοὸ
2815 3098 2970 3152 οὐδὲν
3010 3099 3460 3170 ἁλλότριον,οὑδὲ
3490 3099 3641 3166 ξένον
3661 3098 3761 3152 τοῦ
3790 3100 4011 3171 Πίερος

718 3199 883 3256 habet
908 3186 1071 3270 573
1100 3212 1128 3250 a
1167 3197 1347 3262 Patre,
1371 3197 1463 3250 sed
1497 3210 1592 3265 per
1622 3194 1803 3249 omnia
1837 3193 2030 3248 similis
2082 3202 2167 3249 est
2195 3190 2297 3247 Pa-

2408 3192 2542 3264 Ιχει,
2576 3192 2715 3250 ἀλλὰ
2740 3194 2918 3249 πάντα
2948 3193 3095 3249 ἔοικε
3110 3194 3189 3267 τῷ
3214 3194 3391 3267 Πατρί
3414 3210 3429 3225 ’
3462 3194 3559 3250 καὶ
3577 3195 3679 3249 οὑκ
3698 3193 3875 3265 ἄλλην
3899 3196 4011 3265 ἔχει

716 3292 786 3346 tri
820 3304 1037 3360 :neque
1086 3288 1249 3342 aliam
1306 3287 1469 3341 habet
1517 3286 1908 3348 substantiam,
1940 3296 1999 3340 ut
2038 3293 2093 3340 et
2136 3285 2298 3339 aliam

714 3386 976 3441 virtutem
1030 3382 1259 3445 habeat,
1290 3390 1345 3435 et
1370 3395 1765 3451 consequenter
1827 3381 1989 3435 aliam
2030 3379 2303 3450 operatio-

720 3493 842 3532 nem
872 3494 888 3544 ;
922 3476 1013 3532 sed
1046 3477 1173 3546 quia
1202 3474 1449 3528 eamdem
1503 3475 1665 3528 habet
1715 3474 2105 3533 substantiam,
2152 3487 2303 3526 eam-

713 3574 835 3626 dem
871 3572 1035 3625 habet
1059 3580 1111 3624 et
1140 3570 1397 3623 virtutem
1433 3585 1448 3634 ;
1483 3578 1534 3622 et
1556 3578 1777 3638 propter
1799 3568 1901 3620 hue
1922 3566 2085 3620 etiam
2111 3565 2299 3619 eadem

714 3673 999 3735 operatur,
1044 3673 1098 3717 et
1132 3678 1239 3716 non
1272 3672 1451 3731 potest
1489 3660 1634 3715 aliud
1687 3662 1817 3730 quid
1870 3662 2053 3716 facere
2104 3667 2303 3729 prater

713 3763 764 3812 id
788 3758 931 3828 quod
954 3754 1114 3809 Pater
1146 3753 1297 3809 facit.
1319 3752 1434 3805 Non
1465 3753 1611 3806 enim
1636 3752 1799 3806 aliam
1827 3752 2083 3805 virtutem
2115 3752 2296 3813 habet,

716 3852 801 3906 vel
865 3848 1207 3905 inferiorem.
1242 3843 1695 3914 veLsuperiorem
1760 3852 2021 3911 paterna;
2061 3843 2155 3895 sed
2196 3857 2298 3895 una

712 3954 798 4001 est
830 3943 1163 4005 substantia,
1199 3956 1303 3993 una
1346 3938 1541 4003 virtus,
1587 3951 1689 3989 una
1734 3916 2209 4001 operatio'l’atris
2247 3942 2302 3985 et

712 4039 857 4094 Filii.
891 4038 1167 4101 Profecto,
1205 4034 1402 4102 inquit,
1433 4030 1526 4085 sed
1578 4029 1743 4083 Pater
1782 4027 1937 4096 quasi
1964 4029 2155 4081 doetor
2185 4026 2303 4093 qui-

710 4134 834 4185 dam
876 4139 961 4184 est
995 4128 1139 4193 Filii,
1181 4123 1585 4195 quodammodo
1632 4122 1680 4175 ei
1727 4119 2115 4172 demonstrans
2168 4133 2302 4185 quo-

709 4226 878 4281 modo
910 4230 1162 4290 Oporteat
1188 4216 1427 4287 operari.
1457 4214 1592 4268 Nam
1628 4213 1729 4266 nisi
1764 4210 1937 4264 Filius
1974 4210 2167 4265 viderit
2196 4207 2300 4262 Pa-
2348 4275 2359 4285 _

710 4332 848 4372 trem
885 4314 1197 4374 facientem,
1232 4307 1365 4363 nihil
1420 4304 1579 4359 facit.
1613 4304 1782 4375 Igitur
1836 4304 2114 4373 interrogo
2168 4302 2296 4356 talia

711 4417 981 4477 nugantes
1041 4404 1229 4458 Arium
1288 4409 1342 4455 et
1398 4396 1757 4461 Euautniutn,
1810 4397 2083 4462 quomodo
2141 4396 2300 4449 docet

710 4502 870 4555 Pater
932 4494 1168 4553 Filium!
1207 4495 1258 4548 in
1314 4492 1603 4561 sapientia,
1654 4490 1734 4544 vel
1782 4486 2191 4543 non?0tnnino
2238 4487 2296 4540 in

2411 3286 2626 3354 οὐσίαν,
2662 3287 2749 3340 ῖνα
2779 3289 2877 3341 καὶ
2915 3286 3085 3358 ἄλλην
3114 3286 3348 3359 δύναμιν
3379 3286 3501 3361 ἔχῃ,
3552 3288 3647 3341 καὶ
3688 3287 4014 3351 ἀκολούθως

2410 3380 2582 3450 ἄλλην
2627 3381 2913 3449 ἐνέργειαν
2935 3396 2948 3409 ·
2993 3379 3110 3434 ἀλλ’
3142 3381 3267 3433 επεὶ
3294 3380 3396 3450 τὴν
3425 3380 3600 3447 αὑτὴν
3629 3378 3745 3451 ἔχει
3791 3380 4005 3443 οὐσίαν,

2410 3473 2512 3540 τὴν
2546 3472 2721 3541 αὑτὴν
2761 3472 2879 3542 ἔχει
2918 3472 3016 3525 καὶ
3069 3472 3327 3542 δύναμιν.
3370 3473 3470 3528 Διά
3499 3472 3661 3528 τοῦτο
3691 3473 3751 3527 δὲ
3800 3474 3900 3527 καὶ
3942 3474 4009 3527 τὰ

2411 3567 2552 3620 αὑτὰ
2583 3566 2820 3635 ἐνεργεῖ,
2852 3566 2949 3620 καὶ
2976 3549 3045 3621 ὀὑ
3080 3566 3308 3623 δύναται
3339 3566 3468 3623 ἄλλο
3496 3585 3548 3621 τι
3579 3566 3837 3637 ποιῆσαι,
3878 3570 4007 3633 παρ’

2408 3658 2438 3712 6
2463 3661 2493 3713 6
2529 3658 2723 3729 Πατὴρ
2757 3660 2925 3712 ποιεῖ.
2961 3658 3037 3713 Οὑ
3063 3659 3175 3730 γὰρ
3197 3658 3370 3729 ἄλλην
3401 3658 3634 3731 δύναμιν
3657 3660 3777 3729 ἔχει
3812 3662 3850 3731 ἢ
3880 3660 4008 3713 ὑπο-

2408 3751 2788 3823 δεεστέραν,ῆ
2848 3751 3160 3823 ὑπερτέραν
3193 3752 3294 3823 τῆς
3346 3753 3656 3823 πατρικῆς
3711 3752 3857 3806 ἀλλὰ
3913 3754 4007 3822 μία

2407 3846 2589 3912 οὐσία,
2644 3846 2744 3917 μία
2795 3844 3049 3916 δύναμις,
3096 3844 3197 3917 μία
3232 3846 3487 3916 ένέργεια
3525 3844 3709 3917 Πατρὶ
3740 3845 3841 3899 καὶ
3869 3845 4005 3916 Tit}.

2409 3940 2543 4005 Ναὶ,
2566 3940 2753 4009 φησιν,
2784 3938 2902 3992 ἀλλ’
2946 3932 3059 3993 οἷόν
3103 3954 3189 4003 τις
3216 3936 3542 4001 διδάσκαλός
3580 3939 3732 3991 ἐστιν
3757 3940 3787 3991 6
3817 3940 4009 4009 Πατὴρ

2406 4035 2505 4086 τοῦ
2558 4032 2713 4097 Υίοῦ,
2746 4029 3121 4085 ὑποδεικνύων
3160 4029 3333 4100 αὑτῷ,
3383 4030 3505 4094 πῶς
3531 4030 3614 4083 δεῖ
3643 4028 4004 4100 έργὰζεσθαι.

2422 4126 2552 4179 Ἐὰν
2580 4126 2691 4195 γὰρ
2723 4127 2800 4196 μὴ
2834 4123 3011 4196 βλέπῃ
3051 4122 3147 4177 τὸν
3194 4122 3421 4194 Πατέρα
3464 4123 3493 4175 6
3540 4121 3671 4185 Υἱὸς
3716 4121 4005 4185 ποιοῦντα,

2408 4218 2564 4271 οὐδέν
2608 4220 2775 4273 ποιεῖ.
2829 4214 3043 4277 Οὑκοῦν
3069 4216 3263 4287 ἔρωτῶ
3314 4218 3535 4289 ’Δρειον
3578 4215 3677 4270 καὶ
3713 4216 4005 4287 Εὐνόμιον,

2406 4312 2536 4375 τοὺς
2583 4310 2759 4378 ταῦτα
2796 4308 3126 4382 ληροῦντας,
3180 4312 3301 4375 πῶς
3324 4310 3569 4364 διδάσκει
3617 4310 3649 4362 6
3685 4310 3887 4379 Πατὴρ
3918 4312 4006 4362 τὸν

2410 4404 2540 4458 Υίόν
2568 4421 2584 4471 ;
2616 4405 2709 4458 Ἕν
2736 4405 2923 4477 σοφίᾳ,
2954 4404 2989 4475 ἢ
3020 4402 3081 4457 οὑ
3112 4403 3377 4469 ;Πάντως
3409 4404 3471 4457 έν
3514 4403 3700 4473 σοφίᾳ.
3740 4401 3843 4466 Τίς
3886 4403 4001 4472 δδή

2408 4496 2575 4567 σοφία
2598 4494 2694 4549 τοῦ
2723 4495 2898 4561 Θεοῦ;
2928 4489 3059 4565 'Ap‘
3101 4495 3225 4566 οὐχὶ
3250 4496 3278 4549 6
3304 4493 3460 4562 116;;
3511 4494 3620 4547 Ναὶ
3663 4494 3913 4557 πάντως.
3948 4492 4005 4546 Ὀ

708 4592 999 4665 sapientia.
1038 4592 1169 4657 Quae
1213 4597 1393 4642 autem
1445 4584 1713 4653 sapientia
1774 4581 1903 4635 Dei?
1940 4581 2127 4635 Nonne
2183 4582 2297 4649 ipse

2408 4590 2539 4654 Υίδς
2567 4588 2678 4661 ἄρα
2705 4588 2949 4643 διδάσκει
2980 4587 3205 4643 έαυτόν.
3238 4586 3417 4642 Belial
3442 4588 3545 4657 τῆς
3577 4585 3769 4649 ἀνοίας
3806 4582 4000 4656 Optimi

713 4688 879 4743 Filius
896 4684 1111 4740 ?.Etiam
1138 4679 1401 4750 profecto.
1428 4676 1613 4745 Itaque
1636 4674 1802 4729 Filius
1832 4678 1989 4728 docet
2030 4674 2295 4743 seipsum.

710 4785 869 4851 Papae
931 4785 1133 4848 quanta
1191 4781 1370 4829 vestra
1424 4770 1768 4840 insipientia!
1802 4767 2084 4837 Siquidem
2142 4767 2297 4836 quasi

712 4888 936 4943 puerum
954 4870 1240 4941 quemdam
1271 4866 1489 4922 traditis
1519 4865 1660 4919 Patri
1692 4863 1887 4918 Filium
1914 4862 2294 4916 erudiendum.

711 4970 822 5039 Ego
863 4977 1044 5021 autem
1080 4977 1202 5019 cum
1238 4960 1332 5015 Dei
1363 4958 1627 5029 sapientia
1658 4971 1867 5020 assero,
1895 4954 1942 5009 si
1971 4954 2100 5025 quid
2128 4954 2300 5009 movit

706 5062 869 5115 Pater
899 5074 1005 5113 non
1037 5057 1154 5111 sine
1190 5053 1329 5108 Filio
1362 5053 1551 5107 movit.
1586 5049 1701 5121 Ipse
1736 5050 1879 5103 enim
1913 5058 1998 5103 est
2028 5047 2297 5119 sapientia

702 5156 825 5223 ejus
854 5170 864 5204 :
895 5152 940 5204 si
973 5150 1102 5216 quid
1141 5156 1318 5217 p0test
1360 5146 1544 5213 Pater,
1574 5162 1678 5200 non
1715 5146 1833 5200 sine
1896 5142 2035 5197 Filio
2093 5150 2294 5211 potest.

706 5247 824 5315 Ipse
852 5243 996 5297 enim
1027 5250 1112 5297 est
1143 5241 1260 5311 ejus
1291 5241 1555 5309 potentia.
1587 5240 1739 5305 Quod
1774 5247 1957 5291 autem
2000 5236 2115 5290 haec
2166 5249 2295 5289 vera

708 5340 839 5400 sint,
858 5335 984 5391 audi
1010 5354 1022 5388 :
1044 5352 1063 5385 ι
1089 5334 1227 5401 Quia
1260 5348 1601 5401 qumeunque
1622 5332 1751 5386 facit
1776 5330 1955 5395 Pater,
1976 5345 2039 5386 ea
2058 5328 2295 5385 etFilius

706 5430 959 5485 similiter
983 5427 1130 5482 facit.
1173 5444 1192 5479 ι
1234 5423 1291 5479 Si
1325 5424 1486 5479 Pater
1509 5441 1629 5478 eum
1658 5435 1933 5493 potestate
1970 5432 2027 5479 et
2067 5425 2292 5489 virtute,

708 5534 760 5575 et
798 5522 970 5577 Filius
1007 5519 1273 5576 similiter.
1315 5519 1428 5571 Non
1472 5519 1635 5585 igitur
1667 5517 1887 5573 inferior
1914 5518 2088 5575 Filius
2108 5519 2291 5575 Patre.

709 5615 859 5680 Quod
895 5622 1074 5664 autem
1110 5612 1341 5664 humum
1366 5626 1445 5690 ...:
1478 5626 1559 5659 ei:
1596 5612 1725 5673 sint,
1764 5628 1782 5657 ι
1825 5608 2148 5666 Ostenditei
2174 5629 2293 5667 om-

705 5712 795 5761 nia
831 5722 842 5764 :
885 5726 901 5757 ι
942 5706 1027 5766 Ει,
1063 5724 1080 5755 ι
1123 5703 1320 5770 Maiora
1348 5700 1428 5755 bi".
1472 5704 1745 5764 usu-ridet,
1782 5722 1800 5753 ι
1836 5708 2291 5774 nonoportetad-

709 5802 916 5852 ltzitat'l.
953 5797 1084 5851 Nam
1114 5798 1178 5849 ad
1208 5798 1453 5848 homines
1486 5795 1745 5863 loquitur,
1780 5797 1866 5863 qui
1901 5807 2088 5851 centra
2116 5799 2287 5869 ipsum

706 5896 1033 5960 vi...;.;;.;..!,
1083 5900 1133 5946 et
1173 5903 1281 5960 piae
1336 5888 1537 5942 invidia
1594 5888 2025 5945 disecemawr.
2072 5892 2131 5946 Et
2188 5894 2288 5949 aL:

2406 4682 2525 4752 οῖγε
2550 4683 2627 4747 ὡς
2661 4680 2833 4737 παῖδά
2870 4696 2995 4735 τινα
3022 4678 3392 4751 παραδιδόατε
3417 4677 3497 4751 τῷ
3537 4679 3719 4749 Πατρὶ
3744 4677 3841 4731 τὸν
3878 4677 4003 4731 re»

2410 4776 2817 4848 μαθησόμενον.
2852 4772 2999 4843 Ἐγὼ
3044 4773 3103 4827 δέ
3147 4773 3290 4844 μετά
3329 4774 3432 4844 τῆς
3477 4770 3573 4826 τοῦ
3618 4772 3757 4826 Θεοῦ
3806 4771 4002 4842 σοφίας

2406 4869 2805 4941 ἀποφαίνομαι,
2830 4868 2914 4921 ὅτι
2948 4868 3003 4920 εί
3024 4885 3077 4922 τι
3130 4862 3271 4921 οἶδεν
3300 4869 3327 4922 6
3353 4867 3567 4938 Πατὴρ,
3599 4868 3703 4920 οὑκ
3736 4866 3870 4919 ἄνευ
3908 4865 4001 4919 τοῦ

2406 4962 2543 5016 Υίοῦ
2573 4957 2715 5015 οῐδεν
2735 4978 2747 4991 ’
2798 4960 2963 5023 αὐτὸς
3018 4960 3129 5032 γάρ
3162 4962 3315 5016 ἔστιν
3348 4964 3382 5031 ή
3418 4961 3582 5030 σοφία
3611 4959 3804 5016 αὑτοῦ.
3853 4960 3926 5016 Ei
3953 4977 4002 5013 τι

2406 5052 2631 5106 δύναται
2665 5053 2693 5105 6
2718 5050 2931 5121 Πατὴρ,
2964 5051 3069 5106 οὐκ
3093 5051 3224 5107 ἄνευ
3246 5050 3342 5107 τοῦ
3373 5051 3505 5106 Υίοῦ
3538 5050 3767 5105 δύναται
3786 5067 3801 5082 ·
3840 5052 4001 5115 αὐτὸς

2406 5145 2515 5217 γάρ
2543 5146 2691 5199 ἐστιν
2751 5167 2761 5215 λ
2796 5144 3029 5215 δύναμις
3064 5144 3253 5200 αὑτοῦ.
3291 5146 3413 5201 Ὀτι
3457 5145 3516 5199 δὲ
3563 5144 3747 5199 ταῦτα
3795 5146 3997 5216 ἀληθῆ.

2404 5240 2569 5295 ἄκουε
2594 5255 2608 5269 ·
2650 5257 2670 5290 ι
2717 5238 2786 5291 "0
2817 5256 2869 5293 τι
2899 5239 2967 5293 ἂν
2994 5240 3021 5292 6
3053 5238 3245 5309 Πατὴρ
3283 5242 3439 5310 ποιῇ,
3467 5237 3649 5294 ταῦτα
3680 5237 3779 5292 καὶ⁵
3813 5239 3846 5291 6
3877 5238 4000 5300 Υἱὸς

2404 5331 2608 5403 ὁμοίως
2631 5332 2796 5384 ποιεῖ.
2834 5350 2853 5382 ι
2883 5331 2946 5384 Ei
2974 5332 3001 5384 6
3037 5330 3232 5402 Πατὴρ
3274 5331 3396 5401 μετ’
3428 5330 3681 5396 έξουσίας
3715 5330 3813 5384 καὶ
3840 5330 3998 5385 61nd-

2408 5444 2577 5497 μεως,
2611 5425 2709 5479 καὶ
2736 5428 2764 5479 6
2804 5425 2921 5489 ι’ίὸς
2956 5426 3182 5496 ὁμοίως.
3219 5426 3336 5480 Οὑκ
3373 5426 3481 5496 ἄρα
3532 5426 3934 5497 ὑποδεέστερος
3969 5427 3996 5478 6

2404 5520 2533 5583 Υἱὸς
2559 5518 2658 5572 τοῦ
2694 5518 2930 5588 Πατρός.
2961 5519 3026 5572 Ei
3056 5518 3113 5571 δὲ
3143 5517 3422 5579 ταπεινῶς
3450 5520 3671 5589 εῖρηται
3692 5518 3777 5583 τὸ,
3825 5536 3846 5571 ι
3882 5518 3995 5571 Δεξ-

2403 5630 2593 5667 κνυσιν
2627 5611 2779 5682 αὑτῷ
2819 5612 3017 5677 πάντα,
3061 5630 3081 5663 ι
3138 5610 3235 5689 καὶ
3272 5612 3354 5677 τὸ,
3411 5629 3430 5663 ι
3469 5613 3715 5677 Μείζονα
3786 5610 3993 5666 τούτων

2401 5709 2590 5775 δείξει.
2638 5727 2658 5759 ι
2715 5707 2775 5759 οὐ
2830 5706 2937 5778 γρὴ
2988 5704 3318 5775 θαυμάζειν.
3356 5706 3499 5777 Πρὸς
3529 5707 3639 5778 γὰρ
3669 5706 3993 5775 ἀνθρώπους

2400 5802 2708 5869 δεαλέγετσι
2738 5797 3201 5871 φωνοῦντας,κατ’
3229 5799 3419 5866 αὑτοῦ,
3451 5802 3545 5853 καὶ
3570 5799 3990 5871 διαπριομένους

2403 5895 2483 5966 τῷ
2517 5894 2711 5965 ςϐέϊῳη
2759 5895 2861 5947 iis?
2920 5895 2961 5946 ti
3006 5894 3078 5963 τεὴ
3128 5893 3406 5965 πανταχοῦ
3441 5893 3769 5967 παρέπλεκε
3804 5892 3875 5949 τὰ
3903 5908 3991 5946 ται
