  <div class='ocr_page' id='page_1' title='image "/cluster/home/n/w/nwhite01/storage/ocr_20150623/123/nnc1.0046979670/674.png"; bbox 0 0 4218 6424; ppageno 0'>
   <div class='ocr_carea' id='block_1_1' title="bbox 267 439 406 506">
    <p class='ocr_par' dir='ltr' id='par_1_1' title="bbox 267 439 406 506">
     <span class='ocr_line' id='line_1_1' title="bbox 267 439 406 506; baseline -0.022 0"><span class='ocrx_word' id='word_1_1' title='bbox 267 439 406 506; x_wconf 69' lang='grc' dir='ltr'><strong>Ῑέὃθ</strong></span> 
     </span>
    </p>
   </div>
   <div class='ocr_carea' id='block_1_2' title="bbox 951 435 2880 504">
    <p class='ocr_par' dir='ltr' id='par_1_2' title="bbox 951 435 2880 504">
     <span class='ocr_line' id='line_1_2' title="bbox 951 435 2880 504; baseline 0.002 -6"><span class='ocrx_word' id='word_1_2' title='bbox 951 435 1404 498; x_wconf 71' lang='grc' dir='ltr'><strong>ΕΝΛΒΠΛΤΙΟ</strong></span> <span class='ocrx_word' id='word_1_3' title='bbox 1449 437 1529 499; x_wconf 89' lang='lat' dir='ltr'><strong>IN</strong></span> <span class='ocrx_word' id='word_1_4' title='bbox 1567 435 2077 499; x_wconf 71' lang='lat' dir='ltr'><strong>EVANGELIUM</strong></span> <span class='ocrx_word' id='word_1_5' title='bbox 2117 438 2469 502; x_wconf 69' lang='lat' dir='ltr'><strong>JOANNIS.</strong></span> <span class='ocrx_word' id='word_1_6' title='bbox 2499 463 2568 479; x_wconf 76' lang='grc' dir='ltr'><strong>-ι-</strong></span> <span class='ocrx_word' id='word_1_7' title='bbox 2605 441 2769 503; x_wconf 80' lang='lat' dir='ltr'><strong>CAP.</strong></span> <span class='ocrx_word' id='word_1_8' title='bbox 2815 444 2880 504; x_wconf 83' lang='lat' dir='ltr'><strong>V.</strong></span> 
     </span>
    </p>
   </div>
   <div class='ocr_carea' id='block_1_3' title="bbox 3448 437 3592 501">
    <p class='ocr_par' dir='ltr' id='par_1_3' title="bbox 3448 437 3592 501">
     <span class='ocr_line' id='line_1_3' title="bbox 3448 437 3592 501; baseline 0 0"><span class='ocrx_word' id='word_1_9' title='bbox 3448 437 3592 501; x_wconf 70' lang='lat'><strong>1270</strong></span> 
     </span>
    </p>
   </div>
   <div class='ocr_carea' id='block_1_4' title="bbox 267 546 1881 620">
    <p class='ocr_par' dir='ltr' id='par_1_4' title="bbox 267 546 1872 620">
     <span class='ocr_line' id='line_1_4' title="bbox 267 546 1872 620; baseline -0.009 -11"><span class='ocrx_word' id='word_1_10' title='bbox 267 554 433 609; x_wconf 79' lang='grc' dir='ltr'>πεινᾶ</span> <span class='ocrx_word' id='word_1_11' title='bbox 461 551 575 616; x_wconf 83' lang='grc' dir='ltr'>τοῖς</span> <span class='ocrx_word' id='word_1_12' title='bbox 619 549 872 620; x_wconf 73' lang='grc' dir='ltr'>ὑψηλοῖς,</span> <span class='ocrx_word' id='word_1_13' title='bbox 908 547 962 600; x_wconf 86' lang='grc' dir='ltr'><strong>τί</strong></span> <span class='ocrx_word' id='word_1_14' title='bbox 989 547 1090 612; x_wconf 78' lang='grc' dir='ltr'><strong>ούκ</strong></span> <span class='ocrx_word' id='word_1_15' title='bbox 1128 549 1193 600; x_wconf 69' lang='lat' dir='ltr'><strong>am</strong></span> <span class='ocrx_word' id='word_1_16' title='bbox 1219 549 1463 609; x_wconf 61' lang='grc' dir='ltr'>ἐποίουν,</span> <span class='ocrx_word' id='word_1_17' title='bbox 1493 546 1630 600; x_wconf 76' lang='grc' dir='ltr'>ὅπου</span> <span class='ocrx_word' id='word_1_18' title='bbox 1680 558 1743 612; x_wconf 82' lang='grc' dir='ltr'><strong>γε</strong></span> <span class='ocrx_word' id='word_1_19' title='bbox 1779 547 1872 596; x_wconf 70' lang='grc' dir='ltr'><strong>καὶ</strong></span> 
     </span>
    </p>
   </div>
   <div class='ocr_carea' id='block_1_5' title="bbox 1991 546 3591 620">
    <p class='ocr_par' dir='ltr' id='par_1_5' title="bbox 1998 548 3591 618">
     <span class='ocr_line' id='line_1_5' title="bbox 1998 548 3591 618; baseline 0.002 -20"><span class='ocrx_word' id='word_1_20' title='bbox 1998 549 2181 617; x_wconf 53' lang='lat' dir='ltr'><strong>inique</strong></span> <span class='ocrx_word' id='word_1_21' title='bbox 2229 549 2458 606; x_wconf 87' lang='lat' dir='ltr'><strong>lmmilia</strong></span> <span class='ocrx_word' id='word_1_22' title='bbox 2520 549 2754 605; x_wconf 85' lang='lat' dir='ltr'><strong>summis</strong></span> <span class='ocrx_word' id='word_1_23' title='bbox 2809 548 3248 612; x_wconf 80' lang='lat' dir='ltr'><strong>interseruisset,</strong></span> <span class='ocrx_word' id='word_1_24' title='bbox 3302 548 3434 618; x_wconf 90' lang='lat' dir='ltr'><strong>quid</strong></span> <span class='ocrx_word' id='word_1_25' title='bbox 3485 564 3591 603; x_wconf 93' lang='lat' dir='ltr'><strong>non</strong></span> 
     </span>
    </p>
   </div>
   <div class='ocr_carea' id='block_1_6' title="bbox 263 639 1864 712">
    <p class='ocr_par' dir='ltr' id='par_1_6' title="bbox 263 639 1864 712">
     <span class='ocr_line' id='line_1_6' title="bbox 263 639 1864 712; baseline -0.007 -9"><span class='ocrx_word' id='word_1_26' title='bbox 263 649 410 704; x_wconf 75' lang='grc' dir='ltr'>οὕτω</span> <span class='ocrx_word' id='word_1_27' title='bbox 456 643 736 707; x_wconf 72' lang='grc' dir='ltr'><strong>ταπεινῶς</strong></span> <span class='ocrx_word' id='word_1_28' title='bbox 784 643 850 695; x_wconf 76' lang='grc' dir='ltr'>τὰ</span> <span class='ocrx_word' id='word_1_29' title='bbox 883 641 1058 694; x_wconf 80' lang='grc' dir='ltr'>πλείω</span> <span class='ocrx_word' id='word_1_30' title='bbox 1107 640 1535 712; x_wconf 77' lang='grc' dir='ltr'><strong>φθεγγομένου,</strong></span> <span class='ocrx_word' id='word_1_31' title='bbox 1586 639 1864 706; x_wconf 58' lang='lat' dir='ltr'><strong>locabat;</strong></span> 
     </span>
    </p>
   </div>
   <div class='ocr_carea' id='block_1_7' title="bbox 263 732 1863 804">
    <p class='ocr_par' dir='ltr' id='par_1_7' title="bbox 263 732 1863 804">
     <span class='ocr_line' id='line_1_7' title="bbox 263 732 1863 804; baseline -0.006 -10"><span class='ocrx_word' id='word_1_32' title='bbox 263 741 333 794; x_wconf 84' lang='grc' dir='ltr'>Τί</span> <span class='ocrx_word' id='word_1_33' title='bbox 384 740 443 794; x_wconf 83' lang='grc' dir='ltr'><strong>δέ</strong></span> <span class='ocrx_word' id='word_1_34' title='bbox 479 741 619 802; x_wconf 72' lang='grc' dir='ltr'>ἐστι,</span> <span class='ocrx_word' id='word_1_35' title='bbox 671 736 751 799; x_wconf 73' lang='grc' dir='ltr'><strong>τὸ,</strong></span> <span class='ocrx_word' id='word_1_36' title='bbox 789 752 808 786; x_wconf 81' lang='grc' dir='ltr'><strong>ι</strong></span> <span class='ocrx_word' id='word_1_37' title='bbox 870 736 982 788; x_wconf 74' lang='grc' dir='ltr'><strong>Καὶ</strong></span> <span class='ocrx_word' id='word_1_38' title='bbox 1044 732 1273 804; x_wconf 72' lang='grc' dir='ltr'>μείζονα</span> <span class='ocrx_word' id='word_1_39' title='bbox 1335 732 1544 787; x_wconf 88' lang='grc' dir='ltr'>τούτων</span> <span class='ocrx_word' id='word_1_40' title='bbox 1590 732 1798 799; x_wconf 73' lang='grc' dir='ltr'>δείξεις</span> <span class='ocrx_word' id='word_1_41' title='bbox 1845 753 1863 785; x_wconf 80' lang='grc' dir='ltr'><strong>ι</strong></span> 
     </span>
    </p>
   </div>
   <div class='ocr_carea' id='block_1_8' title="bbox 275 825 1870 900">
    <p class='ocr_par' dir='ltr' id='par_1_8' title="bbox 275 825 1870 900">
     <span class='ocr_line' id='line_1_8' title="bbox 275 825 1870 900; baseline -0.005 -13"><span class='ocrx_word' id='word_1_42' title='bbox 275 833 498 900; x_wconf 79' lang='grc' dir='ltr'><strong>Ἐπειδὴ</strong></span> <span class='ocrx_word' id='word_1_43' title='bbox 550 829 869 900; x_wconf 80' lang='grc' dir='ltr'>παράλυτον</span> <span class='ocrx_word' id='word_1_44' title='bbox 903 827 1156 898; x_wconf 69' lang='grc' dir='ltr'>ἔσφιγξε,</span> <span class='ocrx_word' id='word_1_45' title='bbox 1215 825 1403 897; x_wconf 79' lang='grc' dir='ltr'><strong>μέλλει</strong></span> <span class='ocrx_word' id='word_1_46' title='bbox 1449 827 1509 880; x_wconf 77' lang='grc' dir='ltr'>δὲ</span> <span class='ocrx_word' id='word_1_47' title='bbox 1539 828 1636 880; x_wconf 77' lang='grc' dir='ltr'>καὶ</span> <span class='ocrx_word' id='word_1_48' title='bbox 1671 825 1870 897; x_wconf 82' lang='grc' dir='ltr'>νεκρὸν</span> 
     </span>
    </p>
   </div>
   <div class='ocr_carea' id='block_1_9' title="bbox 194 918 1872 998">
    <p class='ocr_par' dir='ltr' id='par_1_9' title="bbox 194 918 1872 998">
     <span class='ocr_line' id='line_1_9' title="bbox 194 918 1872 998; baseline -0.004 -18"><span class='ocrx_word' id='word_1_49' title='bbox 194 969 196 971; x_wconf 72' lang='lat'><strong>.</strong></span> <span class='ocrx_word' id='word_1_50' title='bbox 265 925 529 998; x_wconf 69' lang='grc' dir='ltr'>ἐγείρειν,</span> <span class='ocrx_word' id='word_1_51' title='bbox 560 921 652 976; x_wconf 83' lang='grc' dir='ltr'>διὰ</span> <span class='ocrx_word' id='word_1_52' title='bbox 676 919 840 974; x_wconf 83' lang='grc' dir='ltr'>τοῦτό</span> <span class='ocrx_word' id='word_1_53' title='bbox 862 938 1032 991; x_wconf 81' lang='grc' dir='ltr'>φησιν</span> <span class='ocrx_word' id='word_1_54' title='bbox 1055 936 1068 951; x_wconf 84' lang='grc'><em>’</em></span> <span class='ocrx_word' id='word_1_55' title='bbox 1098 919 1165 975; x_wconf 79' lang='lat' dir='ltr'><strong>Et</strong></span> <span class='ocrx_word' id='word_1_56' title='bbox 1214 918 1536 991; x_wconf 80' lang='grc' dir='ltr'><strong>θαυμάζετε</strong></span> <span class='ocrx_word' id='word_1_57' title='bbox 1570 920 1654 972; x_wconf 87' lang='grc' dir='ltr'>ὃτι</span> <span class='ocrx_word' id='word_1_58' title='bbox 1687 920 1872 990; x_wconf 80' lang='grc' dir='ltr'>παρά-</span> 
     </span>
    </p>
   </div>
   <div class='ocr_carea' id='block_1_10' title="bbox 262 1013 1870 1090">
    <p class='ocr_par' dir='ltr' id='par_1_10' title="bbox 262 1013 1870 1090">
     <span class='ocr_line' id='line_1_10' title="bbox 262 1013 1870 1090; baseline -0.006 -13"><span class='ocrx_word' id='word_1_59' title='bbox 262 1024 424 1077; x_wconf 86' lang='grc' dir='ltr'>λυτον</span> <span class='ocrx_word' id='word_1_60' title='bbox 461 1019 592 1090; x_wconf 81' lang='grc' dir='ltr'><strong>ὑγιῆ</strong></span> <span class='ocrx_word' id='word_1_61' title='bbox 624 1016 929 1086; x_wconf 78' lang='grc' dir='ltr'>πεποίηκα,</span> <span class='ocrx_word' id='word_1_62' title='bbox 968 1014 1199 1086; x_wconf 83' lang='grc' dir='ltr'>μείζονα</span> <span class='ocrx_word' id='word_1_63' title='bbox 1232 1013 1443 1068; x_wconf 85' lang='grc' dir='ltr'>τούτων</span> <span class='ocrx_word' id='word_1_64' title='bbox 1479 1013 1704 1084; x_wconf 72' lang='grc' dir='ltr'>ὄψεσθε.</span> <span class='ocrx_word' id='word_1_65' title='bbox 1745 1015 1870 1069; x_wconf 87' lang='grc' dir='ltr'><strong>Ὀτι</strong></span> 
     </span>
    </p>
   </div>
   <div class='ocr_carea' id='block_1_11' title="bbox 261 1102 1870 1181">
    <p class='ocr_par' dir='ltr' id='par_1_11' title="bbox 261 1102 1870 1181">
     <span class='ocr_line' id='line_1_11' title="bbox 261 1102 1870 1181; baseline -0.005 -13"><span class='ocrx_word' id='word_1_66' title='bbox 261 1114 322 1168; x_wconf 73' lang='grc' dir='ltr'>δὲ</span> <span class='ocrx_word' id='word_1_67' title='bbox 352 1112 413 1167; x_wconf 82' lang='grc' dir='ltr'><strong>τδ</strong></span> <span class='ocrx_word' id='word_1_68' title='bbox 436 1109 609 1177; x_wconf 77' lang='grc' dir='ltr'>δεῖξαι</span> <span class='ocrx_word' id='word_1_69' title='bbox 638 1112 791 1181; x_wconf 77' lang='grc' dir='ltr'>ῥῆμα</span> <span class='ocrx_word' id='word_1_70' title='bbox 812 1110 1076 1163; x_wconf 82' lang='grc' dir='ltr'>ταπεινὸν</span> <span class='ocrx_word' id='word_1_71' title='bbox 1093 1108 1176 1173; x_wconf 77' lang='grc' dir='ltr'>ὃν,</span> <span class='ocrx_word' id='word_1_72' title='bbox 1203 1107 1328 1161; x_wconf 83' lang='grc' dir='ltr'>κατ’</span> <span class='ocrx_word' id='word_1_73' title='bbox 1351 1108 1669 1179; x_wconf 76' lang='grc' dir='ltr'><strong>οἰκονομίαν</strong></span> <span class='ocrx_word' id='word_1_74' title='bbox 1690 1102 1870 1173; x_wconf 73' lang='grc' dir='ltr'>εἶπεν,</span> 
     </span>
    </p>
   </div>
   <div class='ocr_carea' id='block_1_12' title="bbox 263 1201 1875 1278">
    <p class='ocr_par' dir='ltr' id='par_1_12' title="bbox 263 1201 1875 1278">
     <span class='ocr_line' id='line_1_12' title="bbox 263 1201 1875 1278; baseline -0.001 -22"><span class='ocrx_word' id='word_1_75' title='bbox 263 1209 355 1261; x_wconf 75' lang='grc' dir='ltr'>ενα</span> <span class='ocrx_word' id='word_1_76' title='bbox 391 1204 492 1278; x_wconf 75' lang='grc' dir='ltr'>τὴν</span> <span class='ocrx_word' id='word_1_77' title='bbox 525 1203 742 1277; x_wconf 77' lang='grc' dir='ltr'>μωρίαν</span> <span class='ocrx_word' id='word_1_78' title='bbox 776 1202 962 1256; x_wconf 83' lang='grc' dir='ltr'>αὐτῶν</span> <span class='ocrx_word' id='word_1_79' title='bbox 1009 1202 1516 1274; x_wconf 79' lang='grc' dir='ltr'>παραμυθήσηται,</span> <span class='ocrx_word' id='word_1_80' title='bbox 1555 1202 1721 1256; x_wconf 76' lang='grc' dir='ltr'>ἄκουε</span> <span class='ocrx_word' id='word_1_81' title='bbox 1763 1201 1875 1255; x_wconf 89' lang='grc' dir='ltr'><strong>τῶν</strong></span> 
     </span>
    </p>
   </div>
   <div class='ocr_carea' id='block_1_13' title="bbox 261 1294 1874 1372">
    <p class='ocr_par' dir='ltr' id='par_1_13' title="bbox 261 1294 1874 1372">
     <span class='ocr_line' id='line_1_13' title="bbox 261 1294 1874 1372; baseline 0.004 -29"><span class='ocrx_word' id='word_1_82' title='bbox 261 1301 486 1372; x_wconf 70' lang='grc' dir='ltr'>ιφεξῆς,</span> <span class='ocrx_word' id='word_1_83' title='bbox 545 1318 566 1352; x_wconf 72' lang='grc' dir='ltr'><strong>ι</strong></span> <span class='ocrx_word' id='word_1_84' title='bbox 614 1297 704 1359; x_wconf 82' lang='lat'><strong>&#39;0;</strong></span> <span class='ocrx_word' id='word_1_85' title='bbox 748 1295 860 1367; x_wconf 80' lang='grc' dir='ltr'><strong>γὰρ</strong></span> <span class='ocrx_word' id='word_1_86' title='bbox 909 1296 938 1349; x_wconf 97' lang='lat'><strong>6</strong></span> <span class='ocrx_word' id='word_1_87' title='bbox 979 1295 1194 1369; x_wconf 79' lang='grc' dir='ltr'>Πατὴρ,</span> <span class='ocrx_word' id='word_1_88' title='bbox 1251 1296 1440 1366; x_wconf 71' lang='grc' dir='ltr'>φησιν,</span> <span class='ocrx_word' id='word_1_89' title='bbox 1491 1294 1704 1364; x_wconf 79' lang='grc' dir='ltr'>ἐγείρει</span> <span class='ocrx_word' id='word_1_90' title='bbox 1747 1295 1874 1354; x_wconf 69' lang='grc' dir='ltr'>τοῦς</span> 
     </span>
    </p>
   </div>
   <div class='ocr_carea' id='block_1_14' title="bbox 259 1386 1869 1464">
    <p class='ocr_par' dir='ltr' id='par_1_14' title="bbox 259 1386 1869 1464">
     <span class='ocr_line' id='line_1_14' title="bbox 259 1386 1869 1464; baseline -0.006 -17"><span class='ocrx_word' id='word_1_91' title='bbox 259 1394 516 1464; x_wconf 79' lang='grc' dir='ltr'>νεκροὺς,</span> <span class='ocrx_word' id='word_1_92' title='bbox 561 1387 708 1443; x_wconf 67' lang='grc' dir='ltr'>οὕτω</span> <span class='ocrx_word' id='word_1_93' title='bbox 753 1388 852 1442; x_wconf 76' lang='grc' dir='ltr'>καὶ</span> <span class='ocrx_word' id='word_1_94' title='bbox 900 1387 930 1440; x_wconf 85' lang='grc'>6</span> <span class='ocrx_word' id='word_1_95' title='bbox 983 1387 1116 1450; x_wconf 83' lang='grc' dir='ltr'>Υίδς</span> <span class='ocrx_word' id='word_1_96' title='bbox 1177 1387 1274 1451; x_wconf 68' lang='grc' dir='ltr'>οὓς</span> <span class='ocrx_word' id='word_1_97' title='bbox 1332 1386 1479 1442; x_wconf 81' lang='grc' dir='ltr'>θέλει</span> <span class='ocrx_word' id='word_1_98' title='bbox 1533 1387 1812 1451; x_wconf 75' lang='grc' dir='ltr'>ζωοποιεῖ.</span> <span class='ocrx_word' id='word_1_99' title='bbox 1851 1405 1869 1437; x_wconf 79' lang='grc' dir='ltr'><strong>ι</strong></span> 
     </span>
    </p>
   </div>
   <div class='ocr_carea' id='block_1_15' title="bbox 275 1479 1876 1556">
    <p class='ocr_par' dir='ltr' id='par_1_15' title="bbox 275 1479 1876 1556">
     <span class='ocr_line' id='line_1_15' title="bbox 275 1479 1876 1556; baseline -0.004 -15"><span class='ocrx_word' id='word_1_100' title='bbox 275 1486 518 1556; x_wconf 82' lang='grc' dir='ltr'>Ἐγείρει</span> <span class='ocrx_word' id='word_1_101' title='bbox 548 1482 658 1554; x_wconf 77' lang='grc' dir='ltr'>μὲν</span> <span class='ocrx_word' id='word_1_102' title='bbox 691 1479 788 1537; x_wconf 84' lang='grc' dir='ltr'>οὖν</span> <span class='ocrx_word' id='word_1_103' title='bbox 827 1483 857 1535; x_wconf 89' lang='lat'><strong>6</strong></span> <span class='ocrx_word' id='word_1_104' title='bbox 887 1481 1042 1545; x_wconf 80' lang='grc' dir='ltr'>Υίδς,</span> <span class='ocrx_word' id='word_1_105' title='bbox 1091 1479 1288 1550; x_wconf 86' lang='grc' dir='ltr'>ῶσπερ</span> <span class='ocrx_word' id='word_1_106' title='bbox 1327 1481 1355 1532; x_wconf 88' lang='lat'><strong>6</strong></span> <span class='ocrx_word' id='word_1_107' title='bbox 1396 1480 1610 1551; x_wconf 77' lang='grc' dir='ltr'>Πατὴρ,</span> <span class='ocrx_word' id='word_1_108' title='bbox 1646 1480 1742 1533; x_wconf 73' lang='grc' dir='ltr'>καὶ</span> <span class='ocrx_word' id='word_1_109' title='bbox 1786 1479 1876 1534; x_wconf 73' lang='grc' dir='ltr'><strong>διὰ</strong></span> 
     </span>
    </p>
   </div>
   <div class='ocr_carea' id='block_1_16' title="bbox 263 1573 1871 1645">
    <p class='ocr_par' dir='ltr' id='par_1_16' title="bbox 263 1573 1871 1645">
     <span class='ocr_line' id='line_1_16' title="bbox 263 1573 1871 1645; baseline -0.006 -11"><span class='ocrx_word' id='word_1_110' title='bbox 263 1581 461 1634; x_wconf 86' lang='grc' dir='ltr'>τούτου</span> <span class='ocrx_word' id='word_1_111' title='bbox 494 1577 742 1632; x_wconf 82' lang='grc' dir='ltr'>δείκνυσι</span> <span class='ocrx_word' id='word_1_112' title='bbox 795 1576 857 1629; x_wconf 75' lang='grc' dir='ltr'>τὸ</span> <span class='ocrx_word' id='word_1_113' title='bbox 909 1575 1014 1645; x_wconf 81' lang='grc' dir='ltr'>τῆς</span> <span class='ocrx_word' id='word_1_114' title='bbox 1053 1573 1342 1645; x_wconf 74' lang='grc' dir='ltr'>δυνάμεως</span> <span class='ocrx_word' id='word_1_115' title='bbox 1397 1573 1830 1643; x_wconf 75' lang='grc' dir='ltr'>ἀπαράλλακτον</span> <span class='ocrx_word' id='word_1_116' title='bbox 1859 1588 1871 1601; x_wconf 90' lang='grc'>·</span> 
     </span>
    </p>
   </div>
   <div class='ocr_carea' id='block_1_17' title="bbox 264 1667 1873 1740">
    <p class='ocr_par' dir='ltr' id='par_1_17' title="bbox 264 1667 1873 1740">
     <span class='ocr_line' id='line_1_17' title="bbox 264 1667 1873 1740; baseline -0.005 -12"><span class='ocrx_word' id='word_1_117' title='bbox 264 1675 356 1728; x_wconf 63' lang='grc' dir='ltr'><strong>δια</strong></span> <span class='ocrx_word' id='word_1_118' title='bbox 382 1673 439 1726; x_wconf 65' lang='grc' dir='ltr'>δὲ</span> <span class='ocrx_word' id='word_1_119' title='bbox 463 1672 583 1737; x_wconf 81' lang='grc' dir='ltr'>τοῦ,</span> <span class='ocrx_word' id='word_1_120' title='bbox 623 1691 642 1724; x_wconf 79' lang='grc' dir='ltr'><strong>ι</strong></span> <span class='ocrx_word' id='word_1_121' title='bbox 682 1671 792 1735; x_wconf 81' lang='grc' dir='ltr'><strong>Οὓς</strong></span> <span class='ocrx_word' id='word_1_122' title='bbox 823 1670 992 1735; x_wconf 84' lang='grc' dir='ltr'>θέλει,</span> <span class='ocrx_word' id='word_1_123' title='bbox 1026 1690 1044 1723; x_wconf 76' lang='grc' dir='ltr'><strong>ι</strong></span> <span class='ocrx_word' id='word_1_124' title='bbox 1077 1671 1179 1740; x_wconf 79' lang='grc' dir='ltr'>τῆς</span> <span class='ocrx_word' id='word_1_125' title='bbox 1211 1669 1465 1736; x_wconf 65' lang='grc' dir='ltr'>ἔξουσίας</span> <span class='ocrx_word' id='word_1_126' title='bbox 1494 1667 1593 1738; x_wconf 81' lang='grc' dir='ltr'>τὴν</span> <span class='ocrx_word' id='word_1_127' title='bbox 1627 1667 1873 1735; x_wconf 55' lang='grc' dir='ltr'>ίσότγπα.</span> 
     </span>
    </p>
   </div>
   <div class='ocr_carea' id='block_1_18' title="bbox 265 1758 1877 1835">
    <p class='ocr_par' dir='ltr' id='par_1_18' title="bbox 265 1758 1877 1835">
     <span class='ocr_line' id='line_1_18' title="bbox 265 1758 1877 1835; baseline -0.006 -15"><span class='ocrx_word' id='word_1_128' title='bbox 265 1765 456 1820; x_wconf 74' lang='grc' dir='ltr'>Ταῦτα</span> <span class='ocrx_word' id='word_1_129' title='bbox 484 1765 541 1818; x_wconf 80' lang='grc' dir='ltr'>δὲ</span> <span class='ocrx_word' id='word_1_130' title='bbox 596 1767 778 1819; x_wconf 84' lang='grc' dir='ltr'>πάντα</span> <span class='ocrx_word' id='word_1_131' title='bbox 817 1765 866 1816; x_wconf 83' lang='lat' dir='ltr'><strong>ot</strong></span> <span class='ocrx_word' id='word_1_132' title='bbox 923 1762 1025 1835; x_wconf 79' lang='grc' dir='ltr'>μὲν</span> <span class='ocrx_word' id='word_1_133' title='bbox 1071 1763 1349 1834; x_wconf 76' lang='grc' dir='ltr'>Ἀρειανοὶ</span> <span class='ocrx_word' id='word_1_134' title='bbox 1402 1761 1548 1826; x_wconf 71' lang='grc' dir='ltr'>κατὰ</span> <span class='ocrx_word' id='word_1_135' title='bbox 1593 1759 1692 1828; x_wconf 76' lang='grc' dir='ltr'>τῆς</span> <span class='ocrx_word' id='word_1_136' title='bbox 1741 1758 1877 1811; x_wconf 68' lang='grc' dir='ltr'>Υίιιῦ</span> 
     </span>
    </p>
   </div>
   <div class='ocr_carea' id='block_1_19' title="bbox 1970 642 3588 714">
    <p class='ocr_par' dir='ltr' id='par_1_19' title="bbox 1970 642 3588 714">
     <span class='ocr_line' id='line_1_19' title="bbox 1970 642 3588 714; baseline -0.001 -20"><span class='ocrx_word' id='word_1_137' title='bbox 1970 643 2191 696; x_wconf 87' lang='lat' dir='ltr'><strong>tandem</strong></span> <span class='ocrx_word' id='word_1_138' title='bbox 2243 642 2547 698; x_wconf 76' lang='lat' dir='ltr'><strong>fecissent?</strong></span> <span class='ocrx_word' id='word_1_139' title='bbox 2591 643 3044 714; x_wconf 89' lang='lat' dir='ltr'><strong>quandoquidem</strong></span> <span class='ocrx_word' id='word_1_140' title='bbox 3119 642 3404 697; x_wconf 90' lang='lat' dir='ltr'><strong>insaniunt</strong></span> <span class='ocrx_word' id='word_1_141' title='bbox 3465 655 3588 695; x_wconf 89' lang='lat' dir='ltr'><strong>cum</strong></span> 
     </span>
    </p>
   </div>
   <div class='ocr_carea' id='block_1_20' title="bbox 1972 733 3591 812">
    <p class='ocr_par' dir='ltr' id='par_1_20' title="bbox 1972 733 3591 812">
     <span class='ocr_line' id='line_1_20' title="bbox 1972 733 3591 812; baseline -0.002 -25"><span class='ocrx_word' id='word_1_142' title='bbox 1972 745 2082 788; x_wconf 91' lang='lat' dir='ltr'><strong>tam</strong></span> <span class='ocrx_word' id='word_1_143' title='bbox 2132 735 2301 812; x_wconf 71' lang='lat' dir='ltr'><strong>multa</strong></span> <span class='ocrx_word' id='word_1_144' title='bbox 2347 737 2631 792; x_wconf 70' lang='lat' dir='ltr'><strong>humiliter</strong></span> <span class='ocrx_word' id='word_1_145' title='bbox 2689 736 2960 804; x_wconf 89' lang='lat' dir='ltr'><strong>loquitur.</strong></span> <span class='ocrx_word' id='word_1_146' title='bbox 3027 733 3171 802; x_wconf 83' lang='lat' dir='ltr'><strong>Quid</strong></span> <span class='ocrx_word' id='word_1_147' title='bbox 3227 747 3413 788; x_wconf 88' lang='lat' dir='ltr'><strong>autem</strong></span> <span class='ocrx_word' id='word_1_148' title='bbox 3482 743 3591 793; x_wconf 85' lang='lat' dir='ltr'><strong>e5t,</strong></span> 
     </span>
    </p>
   </div>
   <div class='ocr_carea' id='block_1_21' title="bbox 1978 831 3594 902">
    <p class='ocr_par' dir='ltr' id='par_1_21' title="bbox 1978 831 3594 902">
     <span class='ocr_line' id='line_1_21' title="bbox 1978 831 3594 902; baseline -0.002 -18"><span class='ocrx_word' id='word_1_149' title='bbox 1978 851 1998 884; x_wconf 80' lang='grc' dir='ltr'><strong>ε</strong></span> <span class='ocrx_word' id='word_1_150' title='bbox 2041 832 2106 885; x_wconf 86' lang='grc' dir='ltr'>Ει</span> <span class='ocrx_word' id='word_1_151' title='bbox 2141 834 2352 902; x_wconf 86' lang='lat' dir='ltr'><strong>majora</strong></span> <span class='ocrx_word' id='word_1_152' title='bbox 2400 834 2488 889; x_wconf 91' lang='lat' dir='ltr'><strong>his</strong></span> <span class='ocrx_word' id='word_1_153' title='bbox 2536 833 2877 890; x_wconf 62' lang='lat' dir='ltr'><strong>ostendet?»</strong></span> <span class='ocrx_word' id='word_1_154' title='bbox 2919 832 3191 900; x_wconf 89' lang='lat' dir='ltr'><strong>Quoniam</strong></span> <span class='ocrx_word' id='word_1_155' title='bbox 3231 831 3594 902; x_wconf 85' lang='lat' dir='ltr'><strong>paralyticum</strong></span> 
     </span>
    </p>
   </div>
   <div class='ocr_carea' id='block_1_22' title="bbox 1974 923 3599 990">
    <p class='ocr_par' dir='ltr' id='par_1_22' title="bbox 1974 923 3599 990">
     <span class='ocr_line' id='line_1_22' title="bbox 1974 923 3599 990; baseline -0.003 -8"><span class='ocrx_word' id='word_1_156' title='bbox 1974 926 2336 990; x_wconf 72' lang='lat' dir='ltr'><strong>Solidaverat,</strong></span> <span class='ocrx_word' id='word_1_157' title='bbox 2356 928 2522 982; x_wconf 90' lang='lat' dir='ltr'><strong>etiam</strong></span> <span class='ocrx_word' id='word_1_158' title='bbox 2553 936 2832 983; x_wconf 91' lang='lat' dir='ltr'><strong>mortuum</strong></span> <span class='ocrx_word' id='word_1_159' title='bbox 2863 927 3229 981; x_wconf 73' lang='lat' dir='ltr'><strong>suscitaturus</strong></span> <span class='ocrx_word' id='word_1_160' title='bbox 3257 934 3362 990; x_wconf 86' lang='lat' dir='ltr'><strong>est,</strong></span> <span class='ocrx_word' id='word_1_161' title='bbox 3389 923 3599 978; x_wconf 68' lang='lat' dir='ltr'><strong>idcirco</strong></span> 
     </span>
    </p>
   </div>
   <div class='ocr_carea' id='block_1_23' title="bbox 1976 1016 3596 1091">
    <p class='ocr_par' dir='ltr' id='par_1_23' title="bbox 1976 1016 3596 1091">
     <span class='ocr_line' id='line_1_23' title="bbox 1976 1016 3596 1091; baseline -0.002 -17"><span class='ocrx_word' id='word_1_162' title='bbox 1976 1019 2107 1074; x_wconf 86' lang='lat' dir='ltr'><strong>dicit</strong></span> <span class='ocrx_word' id='word_1_163' title='bbox 2135 1038 2147 1074; x_wconf 91' lang='lat'>:</span> <span class='ocrx_word' id='word_1_164' title='bbox 2179 1018 2240 1075; x_wconf 89' lang='lat' dir='ltr'><strong>Si</strong></span> <span class='ocrx_word' id='word_1_165' title='bbox 2271 1019 2626 1075; x_wconf 84' lang='lat' dir='ltr'><strong>admiramiui</strong></span> <span class='ocrx_word' id='word_1_166' title='bbox 2659 1021 2807 1091; x_wconf 88' lang='lat' dir='ltr'><strong>quod</strong></span> <span class='ocrx_word' id='word_1_167' title='bbox 2850 1018 3212 1090; x_wconf 88' lang='lat' dir='ltr'><strong>paralyticum</strong></span> <span class='ocrx_word' id='word_1_168' title='bbox 3240 1034 3435 1074; x_wconf 90' lang='lat' dir='ltr'><strong>sanum</strong></span> <span class='ocrx_word' id='word_1_169' title='bbox 3467 1016 3596 1082; x_wconf 83' lang='lat' dir='ltr'><strong>feci,</strong></span> 
     </span>
    </p>
   </div>
   <div class='ocr_carea' id='block_1_24' title="bbox 1978 1110 3597 1183">
    <p class='ocr_par' dir='ltr' id='par_1_24' title="bbox 1978 1110 3597 1183">
     <span class='ocr_line' id='line_1_24' title="bbox 1978 1110 3597 1183; baseline -0.003 -14"><span class='ocrx_word' id='word_1_170' title='bbox 1978 1112 2186 1183; x_wconf 79' lang='lat' dir='ltr'><strong>majora</strong></span> <span class='ocrx_word' id='word_1_171' title='bbox 2217 1114 2307 1170; x_wconf 86' lang='lat' dir='ltr'><strong>his</strong></span> <span class='ocrx_word' id='word_1_172' title='bbox 2340 1113 2622 1169; x_wconf 79' lang='lat' dir='ltr'><strong>videbitis.</strong></span> <span class='ocrx_word' id='word_1_173' title='bbox 2657 1114 2815 1180; x_wconf 83' lang='lat' dir='ltr'><strong>Quod</strong></span> <span class='ocrx_word' id='word_1_174' title='bbox 2859 1120 3043 1166; x_wconf 88' lang='lat' dir='ltr'><strong>autem</strong></span> <span class='ocrx_word' id='word_1_175' title='bbox 3099 1120 3154 1167; x_wconf 92' lang='lat' dir='ltr'><strong>et</strong></span> <span class='ocrx_word' id='word_1_176' title='bbox 3206 1111 3309 1167; x_wconf 94' lang='lat' dir='ltr'><strong>hoc</strong></span> <span class='ocrx_word' id='word_1_177' title='bbox 3365 1110 3597 1166; x_wconf 80' lang='lat' dir='ltr'><strong>verbum</strong></span> 
     </span>
    </p>
   </div>
   <div class='ocr_carea' id='block_1_25' title="bbox 1978 1203 3594 1275">
    <p class='ocr_par' dir='ltr' id='par_1_25' title="bbox 1978 1203 3594 1275">
     <span class='ocr_line' id='line_1_25' title="bbox 1978 1203 3594 1275; baseline -0.004 -17"><span class='ocrx_word' id='word_1_178' title='bbox 1978 1204 2336 1267; x_wconf 87' lang='lat' dir='ltr'><strong>monstrabit,</strong></span> <span class='ocrx_word' id='word_1_179' title='bbox 2372 1204 2578 1258; x_wconf 87' lang='lat' dir='ltr'><strong>humile</strong></span> <span class='ocrx_word' id='word_1_180' title='bbox 2610 1205 2701 1268; x_wconf 85' lang='lat' dir='ltr'><strong>sit,</strong></span> <span class='ocrx_word' id='word_1_181' title='bbox 2733 1215 2785 1259; x_wconf 82' lang='lat' dir='ltr'><strong>et</strong></span> <span class='ocrx_word' id='word_1_182' title='bbox 2819 1219 2917 1274; x_wconf 88' lang='lat' dir='ltr'><strong>per</strong></span> <span class='ocrx_word' id='word_1_183' title='bbox 2948 1203 3427 1275; x_wconf 80' lang='lat' dir='ltr'><strong>dispensationem</strong></span> <span class='ocrx_word' id='word_1_184' title='bbox 3469 1203 3594 1256; x_wconf 77' lang='lat' dir='ltr'><strong>die-</strong></span> 
     </span>
    </p>
   </div>
   <div class='ocr_carea' id='block_1_26' title="bbox 1981 1296 3600 1366">
    <p class='ocr_par' dir='ltr' id='par_1_26' title="bbox 1981 1296 3600 1366">
     <span class='ocr_line' id='line_1_26' title="bbox 1981 1296 3600 1366; baseline -0.002 -14"><span class='ocrx_word' id='word_1_185' title='bbox 1981 1307 2116 1364; x_wconf 90' lang='lat' dir='ltr'><strong>tum,</strong></span> <span class='ocrx_word' id='word_1_186' title='bbox 2153 1307 2212 1352; x_wconf 91' lang='lat' dir='ltr'><strong>ut</strong></span> <span class='ocrx_word' id='word_1_187' title='bbox 2242 1298 2517 1353; x_wconf 87' lang='lat' dir='ltr'><strong>insaniam</strong></span> <span class='ocrx_word' id='word_1_188' title='bbox 2548 1298 2772 1352; x_wconf 89' lang='lat' dir='ltr'><strong>illorum</strong></span> <span class='ocrx_word' id='word_1_189' title='bbox 2809 1296 3170 1362; x_wconf 67' lang='lat' dir='ltr'><strong>ilentiilceret,</strong></span> <span class='ocrx_word' id='word_1_190' title='bbox 3204 1299 3330 1352; x_wconf 85' lang='lat' dir='ltr'><strong>andi</strong></span> <span class='ocrx_word' id='word_1_191' title='bbox 3362 1313 3600 1366; x_wconf 80' lang='lat' dir='ltr'><strong>sequen-</strong></span> 
     </span>
    </p>
   </div>
   <div class='ocr_carea' id='block_1_27' title="bbox 1980 1389 3601 1453">
    <p class='ocr_par' dir='ltr' id='par_1_27' title="bbox 1980 1389 3601 1453">
     <span class='ocr_line' id='line_1_27' title="bbox 1980 1389 3601 1453; baseline -0.002 -8"><span class='ocrx_word' id='word_1_192' title='bbox 1980 1391 2073 1445; x_wconf 85' lang='lat' dir='ltr'><strong>tia.</strong></span> <span class='ocrx_word' id='word_1_193' title='bbox 2103 1412 2119 1443; x_wconf 79' lang='grc' dir='ltr'><strong>ε</strong></span> <span class='ocrx_word' id='word_1_194' title='bbox 2149 1390 2281 1445; x_wconf 76' lang='lat' dir='ltr'><strong>Nam</strong></span> <span class='ocrx_word' id='word_1_195' title='bbox 2308 1392 2451 1446; x_wconf 88' lang='lat' dir='ltr'><strong>sicut</strong></span> <span class='ocrx_word' id='word_1_196' title='bbox 2477 1389 2642 1447; x_wconf 87' lang='lat' dir='ltr'><strong>Pater</strong></span> <span class='ocrx_word' id='word_1_197' title='bbox 2666 1392 2895 1447; x_wconf 86' lang='lat' dir='ltr'><strong>suscitat</strong></span> <span class='ocrx_word' id='word_1_198' title='bbox 2919 1401 3193 1453; x_wconf 78' lang='lat' dir='ltr'><strong>mortuos,</strong></span> <span class='ocrx_word' id='word_1_199' title='bbox 3223 1391 3296 1444; x_wconf 84' lang='lat' dir='ltr'><strong>ita</strong></span> <span class='ocrx_word' id='word_1_200' title='bbox 3331 1402 3386 1443; x_wconf 90' lang='lat' dir='ltr'><strong>et</strong></span> <span class='ocrx_word' id='word_1_201' title='bbox 3428 1390 3601 1443; x_wconf 77' lang='lat' dir='ltr'><strong>Filius</strong></span> 
     </span>
    </p>
   </div>
   <div class='ocr_carea' id='block_1_28' title="bbox 1980 1482 3601 1556">
    <p class='ocr_par' dir='ltr' id='par_1_28' title="bbox 1980 1482 3601 1556">
     <span class='ocr_line' id='line_1_28' title="bbox 1980 1482 3601 1556; baseline 0 -22"><span class='ocrx_word' id='word_1_202' title='bbox 1980 1500 2120 1554; x_wconf 87' lang='lat' dir='ltr'><strong>quos</strong></span> <span class='ocrx_word' id='word_1_203' title='bbox 2170 1485 2307 1551; x_wconf 92' lang='lat' dir='ltr'><strong>vult,</strong></span> <span class='ocrx_word' id='word_1_204' title='bbox 2348 1487 2610 1540; x_wconf 77' lang='lat' dir='ltr'><strong>vivificat.</strong></span> <span class='ocrx_word' id='word_1_205' title='bbox 2643 1506 2663 1539; x_wconf 71' lang='grc' dir='ltr'><strong>ι</strong></span> <span class='ocrx_word' id='word_1_206' title='bbox 2695 1486 2863 1556; x_wconf 79' lang='lat' dir='ltr'><strong>Igitur</strong></span> <span class='ocrx_word' id='word_1_207' title='bbox 2901 1486 3138 1541; x_wconf 87' lang='lat' dir='ltr'><strong>suscitat</strong></span> <span class='ocrx_word' id='word_1_208' title='bbox 3171 1485 3391 1552; x_wconf 71' lang='lat' dir='ltr'><strong>quidem</strong></span> <span class='ocrx_word' id='word_1_209' title='bbox 3428 1482 3601 1537; x_wconf 72' lang='lat' dir='ltr'><strong>Filius</strong></span> 
     </span>
    </p>
   </div>
   <div class='ocr_carea' id='block_1_29' title="bbox 1982 1577 3599 1646">
    <p class='ocr_par' dir='ltr' id='par_1_29' title="bbox 1982 1577 3599 1646">
     <span class='ocr_line' id='line_1_29' title="bbox 1982 1577 3599 1646; baseline -0.004 -13"><span class='ocrx_word' id='word_1_210' title='bbox 1982 1579 2127 1633; x_wconf 74' lang='lat' dir='ltr'><strong>sient</strong></span> <span class='ocrx_word' id='word_1_211' title='bbox 2159 1577 2345 1643; x_wconf 85' lang='lat' dir='ltr'><strong>Pater,</strong></span> <span class='ocrx_word' id='word_1_212' title='bbox 2379 1589 2436 1633; x_wconf 79' lang='lat' dir='ltr'><strong>et</strong></span> <span class='ocrx_word' id='word_1_213' title='bbox 2467 1580 2591 1633; x_wconf 89' lang='lat' dir='ltr'><strong>ideo</strong></span> <span class='ocrx_word' id='word_1_214' title='bbox 2630 1589 2908 1634; x_wconf 86' lang='lat' dir='ltr'><strong>monstrat</strong></span> <span class='ocrx_word' id='word_1_215' title='bbox 2945 1588 3277 1646; x_wconf 74' lang='lat' dir='ltr'><strong>potestatem</strong></span> <span class='ocrx_word' id='word_1_216' title='bbox 3328 1593 3483 1632; x_wconf 88' lang='lat' dir='ltr'><strong>snam</strong></span> <span class='ocrx_word' id='word_1_217' title='bbox 3527 1577 3599 1628; x_wconf 86' lang='lat' dir='ltr'><strong>nil</strong></span> 
     </span>
    </p>
   </div>
   <div class='ocr_carea' id='block_1_30' title="bbox 1981 1671 3605 1743">
    <p class='ocr_par' dir='ltr' id='par_1_30' title="bbox 1981 1671 3605 1743">
     <span class='ocr_line' id='line_1_30' title="bbox 1981 1671 3605 1743; baseline -0.002 -16"><span class='ocrx_word' id='word_1_218' title='bbox 1981 1671 2348 1727; x_wconf 72' lang='lat' dir='ltr'><strong>differentem.</strong></span> <span class='ocrx_word' id='word_1_219' title='bbox 2375 1671 2482 1728; x_wconf 83' lang='lat' dir='ltr'><strong>Sed</strong></span> <span class='ocrx_word' id='word_1_220' title='bbox 2509 1684 2560 1728; x_wconf 90' lang='lat' dir='ltr'><strong>et</strong></span> <span class='ocrx_word' id='word_1_221' title='bbox 2589 1688 2686 1743; x_wconf 91' lang='lat' dir='ltr'><strong>per</strong></span> <span class='ocrx_word' id='word_1_222' title='bbox 2717 1673 2972 1736; x_wconf 84' lang='lat' dir='ltr'><strong>verbum,</strong></span> <span class='ocrx_word' id='word_1_223' title='bbox 2997 1687 3165 1740; x_wconf 73' lang='lat' dir='ltr'><strong>«quos</strong></span> <span class='ocrx_word' id='word_1_224' title='bbox 3187 1671 3321 1732; x_wconf 84' lang='lat' dir='ltr'><strong>vult,</strong></span> <span class='ocrx_word' id='word_1_225' title='bbox 3340 1690 3356 1721; x_wconf 75' lang='grc' dir='ltr'><strong>ι</strong></span> <span class='ocrx_word' id='word_1_226' title='bbox 3397 1672 3605 1726; x_wconf 83' lang='lat' dir='ltr'><strong>indicat</strong></span> 
     </span>
    </p>
   </div>
   <div class='ocr_carea' id='block_1_31' title="bbox 1984 1763 3602 1836">
    <p class='ocr_par' dir='ltr' id='par_1_31' title="bbox 1984 1763 3602 1836">
     <span class='ocr_line' id='line_1_31' title="bbox 1984 1763 3602 1836; baseline -0.002 -17"><span class='ocrx_word' id='word_1_227' title='bbox 1984 1778 2101 1819; x_wconf 68' lang='lat' dir='ltr'><strong>suae</strong></span> <span class='ocrx_word' id='word_1_228' title='bbox 2123 1780 2251 1819; x_wconf 93' lang='lat' dir='ltr'><strong>cum</strong></span> <span class='ocrx_word' id='word_1_229' title='bbox 2297 1764 2464 1820; x_wconf 87' lang='lat' dir='ltr'><strong>Patre</strong></span> <span class='ocrx_word' id='word_1_230' title='bbox 2507 1765 2800 1834; x_wconf 70' lang='lat' dir='ltr'><strong>potestatis</strong></span> <span class='ocrx_word' id='word_1_231' title='bbox 2833 1764 3235 1836; x_wconf 66' lang='lat' dir='ltr'><strong>arqualitatcm.</strong></span> <span class='ocrx_word' id='word_1_232' title='bbox 3263 1763 3391 1819; x_wconf 68' lang='lat' dir='ltr'><strong>llaec</strong></span> <span class='ocrx_word' id='word_1_233' title='bbox 3419 1773 3602 1816; x_wconf 82' lang='lat' dir='ltr'><strong>autem</strong></span> 
     </span>
    </p>
   </div>
   <div class='ocr_carea' id='block_1_32' title="bbox 264 1853 1881 1956">
    <p class='ocr_par' dir='ltr' id='par_1_32' title="bbox 264 1853 1879 1932">
     <span class='ocr_line' id='line_1_32' title="bbox 264 1853 1879 1932; baseline -0.015 -3"><span class='ocrx_word' id='word_1_234' title='bbox 264 1858 426 1932; x_wconf 77' lang='grc' dir='ltr'>δόξης</span> <span class='ocrx_word' id='word_1_235' title='bbox 449 1857 920 1930; x_wconf 75' lang='grc' dir='ltr'>ικλαμϐάνονται,</span> <span class='ocrx_word' id='word_1_236' title='bbox 961 1857 1012 1911; x_wconf 83' lang='lat' dir='ltr'><strong>ot</strong></span> <span class='ocrx_word' id='word_1_237' title='bbox 1060 1856 1118 1911; x_wconf 80' lang='grc' dir='ltr'>δὲ</span> <span class='ocrx_word' id='word_1_238' title='bbox 1153 1855 1433 1929; x_wconf 78' lang='grc' dir='ltr'>ὀρθόδοξοι</span> <span class='ocrx_word' id='word_1_239' title='bbox 1478 1853 1624 1923; x_wconf 83' lang='grc' dir='ltr'>ὑπὲρ</span> <span class='ocrx_word' id='word_1_240' title='bbox 1667 1853 1879 1924; x_wconf 77' lang='grc' dir='ltr'><strong>ταύτης</strong></span> 
     </span>
    </p>
   </div>
   <div class='ocr_carea' id='block_1_33' title="bbox 1991 1853 3604 1956">
    <p class='ocr_par' dir='ltr' id='par_1_33' title="bbox 1991 1856 3604 1929">
     <span class='ocr_line' id='line_1_33' title="bbox 1991 1856 3604 1929; baseline -0.004 -16"><span class='ocrx_word' id='word_1_241' title='bbox 1991 1860 2171 1913; x_wconf 87' lang='lat' dir='ltr'><strong>omnia</strong></span> <span class='ocrx_word' id='word_1_242' title='bbox 2191 1857 2384 1912; x_wconf 81' lang='lat' dir='ltr'><strong>Ariani</strong></span> <span class='ocrx_word' id='word_1_243' title='bbox 2416 1858 2638 1928; x_wconf 83' lang='lat' dir='ltr'><strong>quidem</strong></span> <span class='ocrx_word' id='word_1_244' title='bbox 2676 1866 2961 1928; x_wconf 80' lang='lat' dir='ltr'><strong>exponunt</strong></span> <span class='ocrx_word' id='word_1_245' title='bbox 2981 1867 3174 1913; x_wconf 88' lang='lat' dir='ltr'><strong>contra</strong></span> <span class='ocrx_word' id='word_1_246' title='bbox 3203 1856 3436 1929; x_wconf 78' lang='lat' dir='ltr'><strong>gloriam</strong></span> <span class='ocrx_word' id='word_1_247' title='bbox 3457 1856 3604 1920; x_wconf 87' lang='lat' dir='ltr'><strong>Filii,</strong></span> 
     </span>
    </p>
   </div>
   <div class='ocr_carea' id='block_1_34' title="bbox 262 1952 514 2025">
    <p class='ocr_par' dir='ltr' id='par_1_34' title="bbox 262 1952 514 2025">
     <span class='ocr_line' id='line_1_34' title="bbox 262 1952 514 2025; baseline 0.004 -16"><span class='ocrx_word' id='word_1_248' title='bbox 262 1952 514 2025; x_wconf 73' lang='grc' dir='ltr'>νοοῦμεν.</span> 
     </span>
    </p>
   </div>
   <div class='ocr_carea' id='block_1_35' title="bbox 341 2039 1881 2119">
    <p class='ocr_par' dir='ltr' id='par_1_35' title="bbox 341 2039 1881 2119">
     <span class='ocr_line' id='line_1_35' title="bbox 341 2039 1881 2119; baseline -0.008 -16"><span class='ocrx_word' id='word_1_249' title='bbox 341 2068 361 2103; x_wconf 81' lang='grc' dir='ltr'><strong>ι</strong></span> <span class='ocrx_word' id='word_1_250' title='bbox 397 2049 534 2105; x_wconf 65' lang='grc' dir='ltr'><strong>οὐδὲ</strong></span> <span class='ocrx_word' id='word_1_251' title='bbox 577 2048 703 2119; x_wconf 73' lang='grc' dir='ltr'>’γὰρ</span> <span class='ocrx_word' id='word_1_252' title='bbox 758 2049 795 2101; x_wconf 79' lang='grc' dir='ltr'><strong>δ</strong></span> <span class='ocrx_word' id='word_1_253' title='bbox 822 2046 1015 2117; x_wconf 74' lang='grc' dir='ltr'>Πατὴρ</span> <span class='ocrx_word' id='word_1_254' title='bbox 1075 2046 1257 2116; x_wconf 84' lang='grc' dir='ltr'>κρίνει</span> <span class='ocrx_word' id='word_1_255' title='bbox 1319 2043 1552 2109; x_wconf 83' lang='grc' dir='ltr'>ούδένα,</span> <span class='ocrx_word' id='word_1_256' title='bbox 1598 2041 1738 2096; x_wconf 74' lang='grc' dir='ltr'>ἀλλὰ</span> <span class='ocrx_word' id='word_1_257' title='bbox 1777 2039 1881 2110; x_wconf 75' lang='grc' dir='ltr'>τὴν</span> 
     </span>
    </p>
   </div>
   <div class='ocr_carea' id='block_1_36' title="bbox 266 2134 1880 2213">
    <p class='ocr_par' dir='ltr' id='par_1_36' title="bbox 266 2134 1880 2213">
     <span class='ocr_line' id='line_1_36' title="bbox 266 2134 1880 2213; baseline -0.006 -16"><span class='ocrx_word' id='word_1_258' title='bbox 266 2141 452 2213; x_wconf 77' lang='grc' dir='ltr'>κρίσιν</span> <span class='ocrx_word' id='word_1_259' title='bbox 479 2141 666 2197; x_wconf 76' lang='grc' dir='ltr'>πᾶσαν</span> <span class='ocrx_word' id='word_1_260' title='bbox 687 2140 894 2195; x_wconf 77' lang='grc' dir='ltr'>δέδωκε</span> <span class='ocrx_word' id='word_1_261' title='bbox 920 2138 1004 2211; x_wconf 82' lang='grc' dir='ltr'><strong>τῷ</strong></span> <span class='ocrx_word' id='word_1_262' title='bbox 1030 2138 1146 2209; x_wconf 80' lang='grc' dir='ltr'>Υίῷ</span> <span class='ocrx_word' id='word_1_263' title='bbox 1166 2155 1182 2169; x_wconf 88' lang='grc'><strong>·</strong></span> <span class='ocrx_word' id='word_1_264' title='bbox 1215 2138 1306 2193; x_wconf 79' lang='grc' dir='ltr'>ἴνα</span> <span class='ocrx_word' id='word_1_265' title='bbox 1331 2139 1536 2201; x_wconf 80' lang='grc' dir='ltr'>πάντες</span> <span class='ocrx_word' id='word_1_266' title='bbox 1563 2136 1770 2207; x_wconf 86' lang='grc' dir='ltr'>τιμῶσι</span> <span class='ocrx_word' id='word_1_267' title='bbox 1787 2134 1880 2188; x_wconf 78' lang='grc' dir='ltr'>τὸν</span> 
     </span>
    </p>
   </div>
   <div class='ocr_carea' id='block_1_37' title="bbox 266 2228 1880 2306">
    <p class='ocr_par' dir='ltr' id='par_1_37' title="bbox 266 2228 1880 2306">
     <span class='ocr_line' id='line_1_37' title="bbox 266 2228 1880 2306; baseline -0.006 -15"><span class='ocrx_word' id='word_1_268' title='bbox 266 2235 423 2304; x_wconf 82' lang='grc' dir='ltr'>Υίδν,</span> <span class='ocrx_word' id='word_1_269' title='bbox 467 2233 654 2300; x_wconf 83' lang='grc' dir='ltr'>καθὼς</span> <span class='ocrx_word' id='word_1_270' title='bbox 683 2234 889 2306; x_wconf 88' lang='grc' dir='ltr'>τιμῶσι</span> <span class='ocrx_word' id='word_1_271' title='bbox 930 2234 1023 2287; x_wconf 67' lang='grc' dir='ltr'><strong>τὸν</strong></span> <span class='ocrx_word' id='word_1_272' title='bbox 1052 2233 1300 2306; x_wconf 83' lang='grc' dir='ltr'>Πατέρα.</span> <span class='ocrx_word' id='word_1_273' title='bbox 1366 2233 1428 2285; x_wconf 90' lang='lat'><strong>&#39;0</strong></span> <span class='ocrx_word' id='word_1_274' title='bbox 1462 2229 1538 2302; x_wconf 81' lang='grc' dir='ltr'>μὴ</span> <span class='ocrx_word' id='word_1_275' title='bbox 1568 2228 1749 2301; x_wconf 84' lang='grc' dir='ltr'>τιμῶν</span> <span class='ocrx_word' id='word_1_276' title='bbox 1788 2228 1880 2283; x_wconf 77' lang='grc' dir='ltr'>τὸν</span> 
     </span>
    </p>
   </div>
   <div class='ocr_carea' id='block_1_38' title="bbox 269 2322 1876 2401">
    <p class='ocr_par' dir='ltr' id='par_1_38' title="bbox 269 2322 1876 2401">
     <span class='ocr_line' id='line_1_38' title="bbox 269 2322 1876 2401; baseline -0.006 -16"><span class='ocrx_word' id='word_1_277' title='bbox 269 2330 420 2398; x_wconf 79' lang='grc' dir='ltr'>Υῐδν,</span> <span class='ocrx_word' id='word_1_278' title='bbox 469 2330 533 2385; x_wconf 81' lang='grc' dir='ltr'>οὐ</span> <span class='ocrx_word' id='word_1_279' title='bbox 586 2329 728 2401; x_wconf 81' lang='grc' dir='ltr'><strong>τιμᾷ</strong></span> <span class='ocrx_word' id='word_1_280' title='bbox 784 2328 878 2382; x_wconf 77' lang='grc' dir='ltr'>τὸν</span> <span class='ocrx_word' id='word_1_281' title='bbox 929 2328 1156 2398; x_wconf 86' lang='grc' dir='ltr'>Πατέρα</span> <span class='ocrx_word' id='word_1_282' title='bbox 1209 2327 1302 2380; x_wconf 81' lang='grc' dir='ltr'>τὸν</span> <span class='ocrx_word' id='word_1_283' title='bbox 1339 2325 1640 2396; x_wconf 73' lang='grc' dir='ltr'>πέμψαντα</span> <span class='ocrx_word' id='word_1_284' title='bbox 1689 2322 1876 2378; x_wconf 80' lang='grc' dir='ltr'>αὐτόν.</span> 
     </span>
    </p>
   </div>
   <div class='ocr_carea' id='block_1_39' title="bbox 281 2415 1879 2495">
    <p class='ocr_par' dir='ltr' id='par_1_39' title="bbox 281 2415 1879 2495">
     <span class='ocr_line' id='line_1_39' title="bbox 281 2415 1879 2495; baseline -0.005 -19"><span class='ocrx_word' id='word_1_285' title='bbox 281 2422 479 2495; x_wconf 81' lang='grc' dir='ltr'>Ἀμὴν,</span> <span class='ocrx_word' id='word_1_286' title='bbox 511 2420 665 2491; x_wconf 74' lang='grc' dir='ltr'>ἀμὴν</span> <span class='ocrx_word' id='word_1_287' title='bbox 695 2419 844 2490; x_wconf 83' lang='grc' dir='ltr'>λέγω</span> <span class='ocrx_word' id='word_1_288' title='bbox 879 2420 1034 2490; x_wconf 80' lang='grc' dir='ltr'>ὑμῖν,</span> <span class='ocrx_word' id='word_1_289' title='bbox 1070 2420 1098 2474; x_wconf 91' lang='lat'><strong>6</strong></span> <span class='ocrx_word' id='word_1_290' title='bbox 1129 2418 1242 2473; x_wconf 81' lang='grc' dir='ltr'><strong>τῶν</strong></span> <span class='ocrx_word' id='word_1_291' title='bbox 1283 2418 1464 2487; x_wconf 70' lang='grc' dir='ltr'>λόγων</span> <span class='ocrx_word' id='word_1_292' title='bbox 1507 2434 1611 2488; x_wconf 89' lang='grc' dir='ltr'><strong>μου</strong></span> <span class='ocrx_word' id='word_1_293' title='bbox 1637 2415 1879 2482; x_wconf 83' lang='grc' dir='ltr'>ἀκούων,</span> 
     </span>
    </p>
   </div>
   <div class='ocr_carea' id='block_1_40' title="bbox 268 2509 1880 2586">
    <p class='ocr_par' dir='ltr' id='par_1_40' title="bbox 268 2509 1880 2586">
     <span class='ocr_line' id='line_1_40' title="bbox 268 2509 1880 2586; baseline -0.006 -15"><span class='ocrx_word' id='word_1_294' title='bbox 268 2517 366 2571; x_wconf 79' lang='grc' dir='ltr'>καὶ</span> <span class='ocrx_word' id='word_1_295' title='bbox 414 2513 697 2569; x_wconf 79' lang='grc' dir='ltr'>πιστεύων</span> <span class='ocrx_word' id='word_1_296' title='bbox 731 2513 808 2586; x_wconf 84' lang='grc' dir='ltr'><strong>τῷ</strong></span> <span class='ocrx_word' id='word_1_297' title='bbox 838 2510 1124 2585; x_wconf 76' lang='grc' dir='ltr'>πέμψαντί</span> <span class='ocrx_word' id='word_1_298' title='bbox 1167 2530 1267 2583; x_wconf 86' lang='grc' dir='ltr'><strong>με,</strong></span> <span class='ocrx_word' id='word_1_299' title='bbox 1315 2511 1430 2582; x_wconf 72' lang='grc' dir='ltr'>ἔχει</span> <span class='ocrx_word' id='word_1_300' title='bbox 1459 2510 1609 2581; x_wconf 75' lang='grc' dir='ltr'>ζωὴν</span> <span class='ocrx_word' id='word_1_301' title='bbox 1637 2509 1880 2574; x_wconf 84' lang='grc' dir='ltr'>αίώνιον,</span> 
     </span>
    </p>
   </div>
   <div class='ocr_carea' id='block_1_41' title="bbox 264 2602 1881 2680">
    <p class='ocr_par' dir='ltr' id='par_1_41' title="bbox 264 2602 1881 2680">
     <span class='ocr_line' id='line_1_41' title="bbox 264 2602 1881 2680; baseline -0.005 -16"><span class='ocrx_word' id='word_1_302' title='bbox 264 2611 365 2664; x_wconf 83' lang='grc' dir='ltr'>καὶ</span> <span class='ocrx_word' id='word_1_303' title='bbox 391 2609 472 2673; x_wconf 84' lang='grc' dir='ltr'><strong>είς</strong></span> <span class='ocrx_word' id='word_1_304' title='bbox 503 2606 690 2680; x_wconf 84' lang='grc' dir='ltr'>κρίσιν</span> <span class='ocrx_word' id='word_1_305' title='bbox 713 2606 815 2660; x_wconf 80' lang='grc' dir='ltr'>οὐκ</span> <span class='ocrx_word' id='word_1_306' title='bbox 837 2603 1086 2677; x_wconf 76' lang='grc' dir='ltr'>ἔρχεται,</span> <span class='ocrx_word' id='word_1_307' title='bbox 1114 2604 1254 2659; x_wconf 76' lang='grc' dir='ltr'><strong>ἀλλὰ</strong></span> <span class='ocrx_word' id='word_1_308' title='bbox 1284 2603 1669 2676; x_wconf 78' lang='grc' dir='ltr'>μετασέδηκεν</span> <span class='ocrx_word' id='word_1_309' title='bbox 1698 2605 1763 2656; x_wconf 82' lang='grc' dir='ltr'>ὲκ</span> <span class='ocrx_word' id='word_1_310' title='bbox 1786 2602 1881 2657; x_wconf 79' lang='grc' dir='ltr'>τοῦ</span> 
     </span>
    </p>
   </div>
   <div class='ocr_carea' id='block_1_42' title="bbox 268 2698 1878 2774">
    <p class='ocr_par' dir='ltr' id='par_1_42' title="bbox 268 2698 1878 2774">
     <span class='ocr_line' id='line_1_42' title="bbox 268 2698 1878 2774; baseline -0.006 -15"><span class='ocrx_word' id='word_1_311' title='bbox 268 2704 505 2760; x_wconf 78' lang='grc' dir='ltr'>Θανάτου</span> <span class='ocrx_word' id='word_1_312' title='bbox 535 2702 616 2767; x_wconf 83' lang='grc' dir='ltr'><strong>είς</strong></span> <span class='ocrx_word' id='word_1_313' title='bbox 641 2700 744 2774; x_wconf 79' lang='grc' dir='ltr'>τὴν</span> <span class='ocrx_word' id='word_1_314' title='bbox 775 2700 946 2773; x_wconf 77' lang='grc' dir='ltr'>ζωήν.</span> <span class='ocrx_word' id='word_1_315' title='bbox 994 2720 1012 2752; x_wconf 78' lang='grc' dir='ltr'><strong>ι</strong></span> <span class='ocrx_word' id='word_1_316' title='bbox 1054 2699 1304 2767; x_wconf 78' lang='grc' dir='ltr'>Ἐδειεεν</span> <span class='ocrx_word' id='word_1_317' title='bbox 1336 2698 1530 2754; x_wconf 78' lang='grc' dir='ltr'>ἑαυτὸν</span> <span class='ocrx_word' id='word_1_318' title='bbox 1562 2699 1878 2770; x_wconf 81' lang='grc' dir='ltr'>εὐεργετεῖν</span> 
     </span>
    </p>
   </div>
   <div class='ocr_carea' id='block_1_43' title="bbox 265 2787 1880 2868">
    <p class='ocr_par' dir='ltr' id='par_1_43' title="bbox 265 2787 1880 2868">
     <span class='ocr_line' id='line_1_43' title="bbox 265 2787 1880 2868; baseline -0.004 -15"><span class='ocrx_word' id='word_1_319' title='bbox 265 2798 568 2868; x_wconf 77' lang='grc' dir='ltr'>δυνάμενον</span> <span class='ocrx_word' id='word_1_320' title='bbox 603 2796 693 2851; x_wconf 76' lang='grc' dir='ltr'><strong>διὰ</strong></span> <span class='ocrx_word' id='word_1_321' title='bbox 741 2795 854 2848; x_wconf 84' lang='grc' dir='ltr'><strong>τῶν</strong></span> <span class='ocrx_word' id='word_1_322' title='bbox 902 2795 1120 2848; x_wconf 84' lang='grc' dir='ltr'>πολλῶν</span> <span class='ocrx_word' id='word_1_323' title='bbox 1167 2793 1438 2866; x_wconf 83' lang='grc' dir='ltr'>σημείων,</span> <span class='ocrx_word' id='word_1_324' title='bbox 1475 2787 1552 2848; x_wconf 82' lang='grc' dir='ltr'><strong>ῶν</strong></span> <span class='ocrx_word' id='word_1_325' title='bbox 1595 2793 1880 2864; x_wconf 74' lang='grc' dir='ltr'>ἐποίησεν.</span> 
     </span>
    </p>
   </div>
   <div class='ocr_carea' id='block_1_44' title="bbox 282 2886 1884 2959">
    <p class='ocr_par' dir='ltr' id='par_1_44' title="bbox 282 2886 1884 2959">
     <span class='ocr_line' id='line_1_44' title="bbox 282 2886 1884 2959; baseline -0.001 -15"><span class='ocrx_word' id='word_1_326' title='bbox 282 2889 436 2944; x_wconf 74' lang='grc' dir='ltr'>Ἐπεὶ</span> <span class='ocrx_word' id='word_1_327' title='bbox 457 2889 515 2943; x_wconf 69' lang='grc' dir='ltr'>δὲ</span> <span class='ocrx_word' id='word_1_328' title='bbox 536 2887 640 2942; x_wconf 73' lang='grc' dir='ltr'>οὐκ</span> <span class='ocrx_word' id='word_1_329' title='bbox 671 2887 787 2958; x_wconf 70' lang='lat'><strong>(‘20)</strong></span> <span class='ocrx_word' id='word_1_330' title='bbox 813 2887 1174 2956; x_wconf 80' lang='grc' dir='ltr'>ὲδυσώπησεν</span> <span class='ocrx_word' id='word_1_331' title='bbox 1197 2886 1425 2953; x_wconf 74' lang='grc' dir='ltr'>αὐτοὺς,</span> <span class='ocrx_word' id='word_1_332' title='bbox 1453 2889 1486 2959; x_wconf 83' lang='grc' dir='ltr'>ἢ</span> <span class='ocrx_word' id='word_1_333' title='bbox 1520 2887 1884 2942; x_wconf 76' lang='grc' dir='ltr'>ἐπεσπάσατο</span> 
     </span>
    </p>
   </div>
   <div class='ocr_carea' id='block_1_45' title="bbox 270 2976 1884 3061">
    <p class='ocr_par' dir='ltr' id='par_1_45' title="bbox 270 2976 1884 3061">
     <span class='ocr_line' id='line_1_45' title="bbox 270 2976 1884 3061; baseline -0.002 -25"><span class='ocrx_word' id='word_1_334' title='bbox 270 2983 412 3054; x_wconf 70' lang='grc' dir='ltr'>πρὸς</span> <span class='ocrx_word' id='word_1_335' title='bbox 441 2983 503 3036; x_wconf 79' lang='grc' dir='ltr'>τὸ</span> <span class='ocrx_word' id='word_1_336' title='bbox 551 2981 788 3054; x_wconf 81' lang='grc' dir='ltr'>τιμῆσαι</span> <span class='ocrx_word' id='word_1_337' title='bbox 821 2981 1012 3046; x_wconf 74' lang='grc' dir='ltr'>αὐτὸν,</span> <span class='ocrx_word' id='word_1_338' title='bbox 1065 2981 1142 3046; x_wconf 84' lang='grc' dir='ltr'>ὡς</span> <span class='ocrx_word' id='word_1_339' title='bbox 1195 2981 1349 3047; x_wconf 78' lang='grc' dir='ltr'>ἀξιον</span> <span class='ocrx_word' id='word_1_340' title='bbox 1398 2976 1490 3052; x_wconf 83' lang='grc' dir='ltr'>ἦν,</span> <span class='ocrx_word' id='word_1_341' title='bbox 1547 2983 1738 3061; x_wconf 72' lang='grc' dir='ltr'>φησὶν,</span> <span class='ocrx_word' id='word_1_342' title='bbox 1799 2981 1884 3034; x_wconf 85' lang='grc' dir='ltr'>ὅτι</span> 
     </span>
    </p>
   </div>
   <div class='ocr_carea' id='block_1_46' title="bbox 276 3074 1878 3148">
    <p class='ocr_par' dir='ltr' id='par_1_46' title="bbox 276 3074 1878 3148">
     <span class='ocr_line' id='line_1_46' title="bbox 276 3074 1878 3148; baseline -0.003 -17"><span class='ocrx_word' id='word_1_343' title='bbox 276 3095 298 3132; x_wconf 83' lang='grc' dir='ltr'><strong>ε</strong></span> <span class='ocrx_word' id='word_1_344' title='bbox 330 3076 447 3148; x_wconf 74' lang='grc' dir='ltr'><strong>Τὴν</strong></span> <span class='ocrx_word' id='word_1_345' title='bbox 502 3076 691 3148; x_wconf 67' lang='grc' dir='ltr'>κρίσιν</span> <span class='ocrx_word' id='word_1_346' title='bbox 732 3078 916 3131; x_wconf 77' lang='grc' dir='ltr'>πᾶσαν</span> <span class='ocrx_word' id='word_1_347' title='bbox 943 3077 971 3130; x_wconf 91' lang='lat'><strong>6</strong></span> <span class='ocrx_word' id='word_1_348' title='bbox 1003 3076 1198 3147; x_wconf 79' lang='grc' dir='ltr'>Πατὴρ</span> <span class='ocrx_word' id='word_1_349' title='bbox 1245 3075 1326 3146; x_wconf 79' lang='grc' dir='ltr'>τῷ</span> <span class='ocrx_word' id='word_1_350' title='bbox 1382 3074 1501 3147; x_wconf 77' lang='grc' dir='ltr'><strong>Υίῷ</strong></span> <span class='ocrx_word' id='word_1_351' title='bbox 1549 3075 1818 3142; x_wconf 84' lang='grc' dir='ltr'>δέδωκεν,</span> <span class='ocrx_word' id='word_1_352' title='bbox 1861 3095 1878 3126; x_wconf 79' lang='grc' dir='ltr'><strong>ι</strong></span> 
     </span>
    </p>
   </div>
   <div class='ocr_carea' id='block_1_47' title="bbox 269 3168 1886 3243">
    <p class='ocr_par' dir='ltr' id='par_1_47' title="bbox 269 3168 1886 3243">
     <span class='ocr_line' id='line_1_47' title="bbox 269 3168 1886 3243; baseline -0.001 -20"><span class='ocrx_word' id='word_1_353' title='bbox 269 3169 360 3224; x_wconf 63' lang='lat' dir='ltr'><strong>[va</strong></span> <span class='ocrx_word' id='word_1_354' title='bbox 389 3169 485 3223; x_wconf 81' lang='grc' dir='ltr'>καὶ</span> <span class='ocrx_word' id='word_1_355' title='bbox 515 3171 544 3224; x_wconf 88' lang='lat'><strong>6</strong></span> <span class='ocrx_word' id='word_1_356' title='bbox 588 3168 753 3238; x_wconf 73' lang='grc' dir='ltr'>φόϐος</span> <span class='ocrx_word' id='word_1_357' title='bbox 783 3169 886 3240; x_wconf 85' lang='grc' dir='ltr'>τῆς</span> <span class='ocrx_word' id='word_1_358' title='bbox 941 3169 1182 3242; x_wconf 83' lang='grc' dir='ltr'>κρίσεως</span> <span class='ocrx_word' id='word_1_359' title='bbox 1236 3171 1405 3243; x_wconf 73' lang='grc' dir='ltr'>πείσῃ</span> <span class='ocrx_word' id='word_1_360' title='bbox 1459 3171 1664 3234; x_wconf 74' lang='grc' dir='ltr'>αὐτοὺς</span> <span class='ocrx_word' id='word_1_361' title='bbox 1716 3169 1886 3242; x_wconf 77' lang='grc' dir='ltr'>τιμὴν</span> 
     </span>
    </p>
   </div>
   <div class='ocr_carea' id='block_1_48' title="bbox 1987 1951 3318 2023">
    <p class='ocr_par' dir='ltr' id='par_1_48' title="bbox 1987 1951 3318 2023">
     <span class='ocr_line' id='line_1_48' title="bbox 1987 1951 3318 2023; baseline 0.002 -19"><span class='ocrx_word' id='word_1_362' title='bbox 1987 1965 2086 2006; x_wconf 86' lang='lat' dir='ltr'><strong>nos</strong></span> <span class='ocrx_word' id='word_1_363' title='bbox 2118 1961 2303 2006; x_wconf 87' lang='lat' dir='ltr'><strong>autem</strong></span> <span class='ocrx_word' id='word_1_364' title='bbox 2341 1951 2640 2007; x_wconf 82' lang='lat' dir='ltr'><strong>orthodoxi</strong></span> <span class='ocrx_word' id='word_1_365' title='bbox 2676 1967 2774 2019; x_wconf 92' lang='lat' dir='ltr'><strong>pro</strong></span> <span class='ocrx_word' id='word_1_366' title='bbox 2803 1952 2894 2006; x_wconf 89' lang='lat' dir='ltr'><strong>illa</strong></span> <span class='ocrx_word' id='word_1_367' title='bbox 2931 1951 3318 2023; x_wconf 81' lang='lat' dir='ltr'><strong>intelligimus.</strong></span> 
     </span>
    </p>
   </div>
   <div class='ocr_carea' id='block_1_49' title="bbox 2061 2044 3610 2118">
    <p class='ocr_par' dir='ltr' id='par_1_49' title="bbox 2061 2044 3610 2118">
     <span class='ocr_line' id='line_1_49' title="bbox 2061 2044 3610 2118; baseline -0.002 -18"><span class='ocrx_word' id='word_1_368' title='bbox 2061 2045 2230 2102; x_wconf 69' lang='lat' dir='ltr'><strong>Vens.</strong></span> <span class='ocrx_word' id='word_1_369' title='bbox 2256 2045 2452 2101; x_wconf 63' lang='lat'><strong>22-26.</strong></span> <span class='ocrx_word' id='word_1_370' title='bbox 2502 2065 2521 2099; x_wconf 80' lang='grc' dir='ltr'><strong>ι</strong></span> <span class='ocrx_word' id='word_1_371' title='bbox 2569 2045 2757 2118; x_wconf 86' lang='lat' dir='ltr'><strong>Neque</strong></span> <span class='ocrx_word' id='word_1_372' title='bbox 2790 2047 2937 2102; x_wconf 91' lang='lat' dir='ltr'><strong>enim</strong></span> <span class='ocrx_word' id='word_1_373' title='bbox 2967 2044 3135 2102; x_wconf 88' lang='lat' dir='ltr'><strong>Pater</strong></span> <span class='ocrx_word' id='word_1_374' title='bbox 3172 2046 3386 2116; x_wconf 78' lang='lat' dir='ltr'><strong>jndICat</strong></span> <span class='ocrx_word' id='word_1_375' title='bbox 3415 2061 3610 2117; x_wconf 87' lang='lat' dir='ltr'><strong>quem-</strong></span> 
     </span>
    </p>
   </div>
   <div class='ocr_carea' id='block_1_50' title="bbox 1941 2135 3611 2208">
    <p class='ocr_par' dir='ltr' id='par_1_50' title="bbox 1941 2135 3611 2208">
     <span class='ocr_line' id='line_1_50' title="bbox 1941 2135 3611 2208; baseline 0.001 -19"><span class='ocrx_word' id='word_1_376' title='bbox 1941 2140 2173 2206; x_wconf 87' lang='lat' dir='ltr'><strong>‘quam,</strong></span> <span class='ocrx_word' id='word_1_377' title='bbox 2207 2139 2304 2193; x_wconf 84' lang='lat' dir='ltr'><strong>sed</strong></span> <span class='ocrx_word' id='word_1_378' title='bbox 2338 2153 2504 2193; x_wconf 90' lang='lat' dir='ltr'><strong>omne</strong></span> <span class='ocrx_word' id='word_1_379' title='bbox 2556 2137 2827 2208; x_wconf 86' lang='lat' dir='ltr'><strong>judicium</strong></span> <span class='ocrx_word' id='word_1_380' title='bbox 2886 2139 3038 2193; x_wconf 90' lang='lat' dir='ltr'><strong>dedit</strong></span> <span class='ocrx_word' id='word_1_381' title='bbox 3087 2135 3250 2200; x_wconf 83' lang='lat' dir='ltr'><strong>Filio,</strong></span> <span class='ocrx_word' id='word_1_382' title='bbox 3311 2150 3368 2192; x_wconf 94' lang='lat' dir='ltr'><strong>ut</strong></span> <span class='ocrx_word' id='word_1_383' title='bbox 3418 2153 3611 2191; x_wconf 77' lang='lat' dir='ltr'><strong>otiiiics</strong></span> 
     </span>
    </p>
   </div>
   <div class='ocr_carea' id='block_1_51' title="bbox 1986 2228 3607 2298">
    <p class='ocr_par' dir='ltr' id='par_1_51' title="bbox 1986 2228 3607 2298">
     <span class='ocr_line' id='line_1_51' title="bbox 1986 2228 3607 2298; baseline -0.004 -12"><span class='ocrx_word' id='word_1_384' title='bbox 1986 2228 2510 2296; x_wconf 81' lang='lat' dir='ltr'><strong>honorentFilinm,</strong></span> <span class='ocrx_word' id='word_1_385' title='bbox 2559 2230 2705 2284; x_wconf 88' lang='lat' dir='ltr'><strong>sicut</strong></span> <span class='ocrx_word' id='word_1_386' title='bbox 2758 2232 3037 2286; x_wconf 86' lang='lat' dir='ltr'><strong>honorant</strong></span> <span class='ocrx_word' id='word_1_387' title='bbox 3080 2229 3316 2285; x_wconf 88' lang='lat' dir='ltr'><strong>Patrem.</strong></span> <span class='ocrx_word' id='word_1_388' title='bbox 3360 2229 3462 2298; x_wconf 90' lang='lat' dir='ltr'><strong>Qui</strong></span> <span class='ocrx_word' id='word_1_389' title='bbox 3500 2247 3607 2283; x_wconf 82' lang='lat' dir='ltr'><strong>non</strong></span> 
     </span>
    </p>
   </div>
   <div class='ocr_carea' id='block_1_52' title="bbox 1986 2322 3614 2392">
    <p class='ocr_par' dir='ltr' id='par_1_52' title="bbox 1986 2322 3614 2392">
     <span class='ocr_line' id='line_1_52' title="bbox 1986 2322 3614 2392; baseline -0.004 -13"><span class='ocrx_word' id='word_1_390' title='bbox 1986 2325 2222 2380; x_wconf 88' lang='lat' dir='ltr'><strong>honorat</strong></span> <span class='ocrx_word' id='word_1_391' title='bbox 2279 2322 2503 2388; x_wconf 86' lang='lat' dir='ltr'><strong>Filium,</strong></span> <span class='ocrx_word' id='word_1_392' title='bbox 2559 2338 2668 2378; x_wconf 92' lang='lat' dir='ltr'><strong>non</strong></span> <span class='ocrx_word' id='word_1_393' title='bbox 2726 2324 2962 2379; x_wconf 84' lang='lat' dir='ltr'><strong>honorat</strong></span> <span class='ocrx_word' id='word_1_394' title='bbox 3017 2322 3238 2379; x_wconf 86' lang='lat' dir='ltr'><strong>Patrem</strong></span> <span class='ocrx_word' id='word_1_395' title='bbox 3306 2324 3396 2392; x_wconf 91' lang='lat' dir='ltr'><strong>qui</strong></span> <span class='ocrx_word' id='word_1_396' title='bbox 3464 2323 3614 2377; x_wconf 79' lang='lat' dir='ltr'><strong>misit</strong></span> 
     </span>
    </p>
   </div>
   <div class='ocr_carea' id='block_1_53' title="bbox 1988 2417 3609 2488">
    <p class='ocr_par' dir='ltr' id='par_1_53' title="bbox 1988 2417 3609 2488">
     <span class='ocr_line' id='line_1_53' title="bbox 1988 2417 3609 2488; baseline -0.005 -15"><span class='ocrx_word' id='word_1_397' title='bbox 1988 2417 2164 2474; x_wconf 87' lang='lat' dir='ltr'><strong>illum.</strong></span> <span class='ocrx_word' id='word_1_398' title='bbox 2195 2418 2390 2482; x_wconf 83' lang='lat' dir='ltr'><strong>Amen,</strong></span> <span class='ocrx_word' id='word_1_399' title='bbox 2424 2432 2583 2472; x_wconf 90' lang='lat' dir='ltr'><strong>amen</strong></span> <span class='ocrx_word' id='word_1_400' title='bbox 2615 2417 2740 2472; x_wconf 93' lang='lat' dir='ltr'><strong>dico</strong></span> <span class='ocrx_word' id='word_1_401' title='bbox 2765 2418 2944 2486; x_wconf 87' lang='lat' dir='ltr'><strong>vobis,</strong></span> <span class='ocrx_word' id='word_1_402' title='bbox 2969 2417 3060 2488; x_wconf 86' lang='lat' dir='ltr'><strong>qui</strong></span> <span class='ocrx_word' id='word_1_403' title='bbox 3081 2431 3397 2474; x_wconf 89' lang='lat' dir='ltr'><strong>sermonem</strong></span> <span class='ocrx_word' id='word_1_404' title='bbox 3429 2429 3609 2470; x_wconf 74' lang='lat' dir='ltr'><strong>mean.</strong></span> 
     </span>
    </p>
   </div>
   <div class='ocr_carea' id='block_1_54' title="bbox 1987 2512 3615 2587">
    <p class='ocr_par' dir='ltr' id='par_1_54' title="bbox 1987 2512 3615 2587">
     <span class='ocr_line' id='line_1_54' title="bbox 1987 2512 3615 2587; baseline -0.006 -15"><span class='ocrx_word' id='word_1_405' title='bbox 1987 2517 2166 2585; x_wconf 83' lang='lat' dir='ltr'><strong>audit,</strong></span> <span class='ocrx_word' id='word_1_406' title='bbox 2197 2527 2252 2572; x_wconf 90' lang='lat' dir='ltr'><strong>et</strong></span> <span class='ocrx_word' id='word_1_407' title='bbox 2279 2516 2458 2573; x_wconf 87' lang='lat' dir='ltr'><strong>credit</strong></span> <span class='ocrx_word' id='word_1_408' title='bbox 2493 2517 2542 2571; x_wconf 93' lang='lat' dir='ltr'><strong>ei</strong></span> <span class='ocrx_word' id='word_1_409' title='bbox 2576 2515 2669 2587; x_wconf 92' lang='lat' dir='ltr'><strong>qui</strong></span> <span class='ocrx_word' id='word_1_410' title='bbox 2705 2530 2791 2570; x_wconf 90' lang='lat' dir='ltr'><strong>me</strong></span> <span class='ocrx_word' id='word_1_411' title='bbox 2829 2513 2998 2577; x_wconf 85' lang='lat' dir='ltr'><strong>misit,</strong></span> <span class='ocrx_word' id='word_1_412' title='bbox 3051 2512 3220 2569; x_wconf 86' lang='lat' dir='ltr'><strong>habet</strong></span> <span class='ocrx_word' id='word_1_413' title='bbox 3252 2513 3418 2567; x_wconf 87' lang='lat' dir='ltr'><strong>vitam</strong></span> <span class='ocrx_word' id='word_1_414' title='bbox 3455 2519 3615 2566; x_wconf 73' lang='lat' dir='ltr'><strong>:1:th-</strong></span> 
     </span>
    </p>
   </div>
   <div class='ocr_carea' id='block_1_55' title="bbox 1989 2606 3614 2682">
    <p class='ocr_par' dir='ltr' id='par_1_55' title="bbox 1989 2606 3614 2682">
     <span class='ocr_line' id='line_1_55' title="bbox 1989 2606 3614 2682; baseline -0.006 -16"><span class='ocrx_word' id='word_1_415' title='bbox 1989 2628 2136 2678; x_wconf 90' lang='lat' dir='ltr'><strong>nam,</strong></span> <span class='ocrx_word' id='word_1_416' title='bbox 2172 2623 2227 2668; x_wconf 89' lang='lat' dir='ltr'><strong>et</strong></span> <span class='ocrx_word' id='word_1_417' title='bbox 2271 2613 2326 2667; x_wconf 92' lang='lat' dir='ltr'><strong>in</strong></span> <span class='ocrx_word' id='word_1_418' title='bbox 2362 2611 2880 2668; x_wconf 88' lang='lat' dir='ltr'><strong>condemnationem</strong></span> <span class='ocrx_word' id='word_1_419' title='bbox 2917 2607 3086 2682; x_wconf 54' lang='lat'><strong>575</strong></span> <span class='ocrx_word' id='word_1_420' title='bbox 3114 2624 3221 2663; x_wconf 89' lang='lat' dir='ltr'><strong>non</strong></span> <span class='ocrx_word' id='word_1_421' title='bbox 3266 2606 3470 2671; x_wconf 86' lang='lat' dir='ltr'><strong>veniet,</strong></span> <span class='ocrx_word' id='word_1_422' title='bbox 3521 2606 3614 2661; x_wconf 80' lang='lat' dir='ltr'><strong>sed</strong></span> 
     </span>
    </p>
   </div>
   <div class='ocr_carea' id='block_1_56' title="bbox 1991 2699 3611 2768">
    <p class='ocr_par' dir='ltr' id='par_1_56' title="bbox 1991 2699 3611 2768">
     <span class='ocr_line' id='line_1_56' title="bbox 1991 2699 3611 2768; baseline -0.007 -9"><span class='ocrx_word' id='word_1_423' title='bbox 1991 2703 2246 2759; x_wconf 89' lang='lat' dir='ltr'><strong>transivit</strong></span> <span class='ocrx_word' id='word_1_424' title='bbox 2300 2719 2329 2758; x_wconf 91' lang='lat' dir='ltr'><strong>a</strong></span> <span class='ocrx_word' id='word_1_425' title='bbox 2387 2713 2568 2759; x_wconf 89' lang='lat' dir='ltr'><strong>morte</strong></span> <span class='ocrx_word' id='word_1_426' title='bbox 2604 2703 2657 2757; x_wconf 91' lang='lat' dir='ltr'><strong>in</strong></span> <span class='ocrx_word' id='word_1_427' title='bbox 2694 2701 2886 2756; x_wconf 88' lang='lat' dir='ltr'><strong>vitam.</strong></span> <span class='ocrx_word' id='word_1_428' title='bbox 2928 2721 2946 2752; x_wconf 75' lang='grc' dir='ltr'><strong>ι</strong></span> <span class='ocrx_word' id='word_1_429' title='bbox 2986 2701 3325 2756; x_wconf 86' lang='lat' dir='ltr'><strong>Monstrarat</strong></span> <span class='ocrx_word' id='word_1_430' title='bbox 3367 2699 3611 2768; x_wconf 72' lang='lat' dir='ltr'><strong>scipsura</strong></span> 
     </span>
    </p>
   </div>
   <div class='ocr_carea' id='block_1_57' title="bbox 1989 2788 3720 2868">
    <p class='ocr_par' dir='ltr' id='par_1_57' title="bbox 1989 2788 3720 2868">
     <span class='ocr_line' id='line_1_57' title="bbox 1989 2788 3720 2868; baseline -0.004 -16"><span class='ocrx_word' id='word_1_431' title='bbox 1989 2812 2150 2868; x_wconf 87' lang='lat' dir='ltr'><strong>posse</strong></span> <span class='ocrx_word' id='word_1_432' title='bbox 2181 2796 2510 2852; x_wconf 79' lang='lat' dir='ltr'><strong>benefacere</strong></span> <span class='ocrx_word' id='word_1_433' title='bbox 2539 2811 2638 2865; x_wconf 88' lang='lat' dir='ltr'><strong>per</strong></span> <span class='ocrx_word' id='word_1_434' title='bbox 2675 2797 2846 2850; x_wconf 89' lang='lat' dir='ltr'><strong>multa</strong></span> <span class='ocrx_word' id='word_1_435' title='bbox 2881 2795 3038 2867; x_wconf 80' lang='lat' dir='ltr'><strong>signa</strong></span> <span class='ocrx_word' id='word_1_436' title='bbox 3065 2809 3187 2864; x_wconf 80' lang='lat' dir='ltr'><strong>qua:</strong></span> <span class='ocrx_word' id='word_1_437' title='bbox 3214 2792 3445 2850; x_wconf 79' lang='lat' dir='ltr'><strong>fecerat.</strong></span> <span class='ocrx_word' id='word_1_438' title='bbox 3474 2788 3613 2859; x_wconf 82' lang='lat' dir='ltr'><strong>Quia</strong></span> <span class='ocrx_word' id='word_1_439' title='bbox 3717 2820 3720 2822; x_wconf 58' lang='grc' dir='ltr'><strong>η</strong></span> 
     </span>
    </p>
   </div>
   <div class='ocr_carea' id='block_1_58' title="bbox 1989 2886 3617 2957">
    <p class='ocr_par' dir='ltr' id='par_1_58' title="bbox 1989 2886 3617 2957">
     <span class='ocr_line' id='line_1_58' title="bbox 1989 2886 3617 2957; baseline -0.006 -15"><span class='ocrx_word' id='word_1_440' title='bbox 1989 2897 2172 2943; x_wconf 90' lang='lat' dir='ltr'><strong>autem</strong></span> <span class='ocrx_word' id='word_1_441' title='bbox 2207 2886 2608 2943; x_wconf 85' lang='lat' dir='ltr'><strong>benefaciendo</strong></span> <span class='ocrx_word' id='word_1_442' title='bbox 2632 2901 2740 2942; x_wconf 90' lang='lat' dir='ltr'><strong>non</strong></span> <span class='ocrx_word' id='word_1_443' title='bbox 2768 2886 2977 2957; x_wconf 84' lang='lat' dir='ltr'><strong>placuit</strong></span> <span class='ocrx_word' id='word_1_444' title='bbox 3009 2900 3126 2952; x_wconf 89' lang='lat' dir='ltr'><strong>eos,</strong></span> <span class='ocrx_word' id='word_1_445' title='bbox 3171 2898 3274 2940; x_wconf 91' lang='lat' dir='ltr'><strong>nec</strong></span> <span class='ocrx_word' id='word_1_446' title='bbox 3308 2890 3617 2938; x_wconf 76' lang='lat' dir='ltr'><strong>attraxerat</strong></span> 
     </span>
    </p>
   </div>
   <div class='ocr_carea' id='block_1_59' title="bbox 1991 2973 3620 3048">
    <p class='ocr_par' dir='ltr' id='par_1_59' title="bbox 1991 2973 3620 3048">
     <span class='ocr_line' id='line_1_59' title="bbox 1991 2973 3620 3048; baseline -0.007 -12"><span class='ocrx_word' id='word_1_447' title='bbox 1991 2990 2050 3036; x_wconf 94' lang='lat' dir='ltr'><strong>ut</strong></span> <span class='ocrx_word' id='word_1_448' title='bbox 2086 2995 2147 3036; x_wconf 89' lang='lat' dir='ltr'><strong>se</strong></span> <span class='ocrx_word' id='word_1_449' title='bbox 2209 2979 2574 3044; x_wconf 90' lang='lat' dir='ltr'><strong>honorarent,</strong></span> <span class='ocrx_word' id='word_1_450' title='bbox 2631 2979 2776 3034; x_wconf 86' lang='lat' dir='ltr'><strong>sicut</strong></span> <span class='ocrx_word' id='word_1_451' title='bbox 2835 2976 3064 3048; x_wconf 78' lang='lat' dir='ltr'><strong>dignum</strong></span> <span class='ocrx_word' id='word_1_452' title='bbox 3122 2985 3266 3041; x_wconf 89' lang='lat' dir='ltr'><strong>erat,</strong></span> <span class='ocrx_word' id='word_1_453' title='bbox 3303 2973 3440 3029; x_wconf 90' lang='lat' dir='ltr'><strong>dicit</strong></span> <span class='ocrx_word' id='word_1_454' title='bbox 3471 2973 3620 3044; x_wconf 86' lang='lat' dir='ltr'><strong>quod</strong></span> 
     </span>
    </p>
   </div>
   <div class='ocr_carea' id='block_1_60' title="bbox 1997 3063 3620 3143">
    <p class='ocr_par' dir='ltr' id='par_1_60' title="bbox 1997 3063 3620 3143">
     <span class='ocr_line' id='line_1_60' title="bbox 1997 3063 3620 3143; baseline -0.005 -17"><span class='ocrx_word' id='word_1_455' title='bbox 1997 3091 2016 3126; x_wconf 80' lang='grc' dir='ltr'><strong>ι</strong></span> <span class='ocrx_word' id='word_1_456' title='bbox 2056 3071 2223 3128; x_wconf 90' lang='lat' dir='ltr'><strong>Pater</strong></span> <span class='ocrx_word' id='word_1_457' title='bbox 2245 3087 2410 3126; x_wconf 91' lang='lat' dir='ltr'><strong>omne</strong></span> <span class='ocrx_word' id='word_1_458' title='bbox 2438 3070 2707 3143; x_wconf 87' lang='lat' dir='ltr'><strong>judicium</strong></span> <span class='ocrx_word' id='word_1_459' title='bbox 2737 3069 2954 3126; x_wconf 89' lang='lat' dir='ltr'><strong>dederit</strong></span> <span class='ocrx_word' id='word_1_460' title='bbox 2985 3067 3148 3130; x_wconf 87' lang='lat' dir='ltr'><strong>Filio,</strong></span> <span class='ocrx_word' id='word_1_461' title='bbox 3181 3086 3200 3119; x_wconf 75' lang='grc' dir='ltr'><strong>ι</strong></span> <span class='ocrx_word' id='word_1_462' title='bbox 3235 3075 3296 3122; x_wconf 92' lang='lat' dir='ltr'><strong>ut</strong></span> <span class='ocrx_word' id='word_1_463' title='bbox 3330 3063 3416 3121; x_wconf 89' lang='lat' dir='ltr'><strong>vel</strong></span> <span class='ocrx_word' id='word_1_464' title='bbox 3453 3064 3620 3120; x_wconf 86' lang='lat' dir='ltr'><strong>timor</strong></span> 
     </span>
    </p>
   </div>
   <div class='ocr_carea' id='block_1_61' title="bbox 1987 3159 3613 3235">
    <p class='ocr_par' dir='ltr' id='par_1_61' title="bbox 1987 3159 3613 3235">
     <span class='ocr_line' id='line_1_61' title="bbox 1987 3159 3613 3235; baseline -0.004 -20"><span class='ocrx_word' id='word_1_465' title='bbox 1987 3163 2179 3235; x_wconf 87' lang='lat' dir='ltr'><strong>judicii</strong></span> <span class='ocrx_word' id='word_1_466' title='bbox 2238 3162 2344 3218; x_wconf 90' lang='lat' dir='ltr'><strong>illis</strong></span> <span class='ocrx_word' id='word_1_467' title='bbox 2403 3161 2735 3233; x_wconf 82' lang='lat' dir='ltr'><strong>persuadeat</strong></span> <span class='ocrx_word' id='word_1_468' title='bbox 2793 3176 2901 3230; x_wconf 88' lang='lat' dir='ltr'><strong>quo</strong></span> <span class='ocrx_word' id='word_1_469' title='bbox 2957 3160 3136 3230; x_wconf 91' lang='lat' dir='ltr'><strong>ipsum</strong></span> <span class='ocrx_word' id='word_1_470' title='bbox 3172 3159 3384 3214; x_wconf 89' lang='lat' dir='ltr'><strong>honore</strong></span> <span class='ocrx_word' id='word_1_471' title='bbox 3420 3170 3613 3228; x_wconf 48' lang='lat' dir='ltr'><strong>prose.</strong></span> 
     </span>
    </p>
   </div>
   <div class='ocr_carea' id='block_1_62' title="bbox 272 3250 1881 3335">
    <p class='ocr_par' dir='ltr' id='par_1_62' title="bbox 272 3261 1881 3335">
     <span class='ocr_line' id='line_1_62' title="bbox 272 3261 1881 3335; baseline 0.001 -20"><span class='ocrx_word' id='word_1_472' title='bbox 272 3263 413 3334; x_wconf 80' lang='grc' dir='ltr'>πρὸς</span> <span class='ocrx_word' id='word_1_473' title='bbox 456 3261 624 3316; x_wconf 81' lang='grc' dir='ltr'>αὑτὸν</span> <span class='ocrx_word' id='word_1_474' title='bbox 659 3261 1025 3328; x_wconf 77' lang='grc' dir='ltr'>ἐνδείξασθαι.</span> <span class='ocrx_word' id='word_1_475' title='bbox 1049 3261 1346 3333; x_wconf 80' lang='grc' dir='ltr'>Είώοαμεν</span> <span class='ocrx_word' id='word_1_476' title='bbox 1363 3262 1474 3335; x_wconf 82' lang='grc' dir='ltr'>γὰρ</span> <span class='ocrx_word' id='word_1_477' title='bbox 1498 3263 1548 3317; x_wconf 88' lang='grc' dir='ltr'><strong>οί</strong></span> <span class='ocrx_word' id='word_1_478' title='bbox 1577 3261 1881 3334; x_wconf 80' lang='grc' dir='ltr'>ἄνθρωποι,</span> 
     </span>
    </p>
   </div>
   <div class='ocr_carea' id='block_1_63' title="bbox 1991 3250 3618 3335">
    <p class='ocr_par' dir='ltr' id='par_1_63' title="bbox 2001 3250 3618 3326">
     <span class='ocr_line' id='line_1_63' title="bbox 2001 3250 3618 3326; baseline -0.005 -19"><span class='ocrx_word' id='word_1_479' title='bbox 2001 3266 2263 3326; x_wconf 87' lang='lat' dir='ltr'><strong>quantur.</strong></span> <span class='ocrx_word' id='word_1_480' title='bbox 2295 3252 2704 3311; x_wconf 84' lang='lat' dir='ltr'><strong>Consuevimus</strong></span> <span class='ocrx_word' id='word_1_481' title='bbox 2738 3251 2885 3306; x_wconf 92' lang='lat' dir='ltr'><strong>enim</strong></span> <span class='ocrx_word' id='word_1_482' title='bbox 2926 3265 3027 3306; x_wconf 89' lang='lat' dir='ltr'><strong>nos</strong></span> <span class='ocrx_word' id='word_1_483' title='bbox 3073 3250 3349 3315; x_wconf 84' lang='lat' dir='ltr'><strong>homines,</strong></span> <span class='ocrx_word' id='word_1_484' title='bbox 3380 3260 3618 3318; x_wconf 74' lang='lat' dir='ltr'><strong>przescr-</strong></span> 
     </span>
    </p>
   </div>
   <div class='ocr_carea' id='block_1_64' title="bbox 274 3341 1885 3430">
    <p class='ocr_par' dir='ltr' id='par_1_64' title="bbox 274 3341 1885 3430">
     <span class='ocr_line' id='line_1_64' title="bbox 274 3341 1885 3430; baseline -0.001 -19"><span class='ocrx_word' id='word_1_485' title='bbox 274 3356 368 3411; x_wconf 72' lang='grc' dir='ltr'>καὶ</span> <span class='ocrx_word' id='word_1_486' title='bbox 403 3356 641 3428; x_wconf 77' lang='grc' dir='ltr'>μάλιστα</span> <span class='ocrx_word' id='word_1_487' title='bbox 671 3356 723 3410; x_wconf 89' lang='grc' dir='ltr'>οἱ</span> <span class='ocrx_word' id='word_1_488' title='bbox 757 3355 1117 3428; x_wconf 80' lang='grc' dir='ltr'>ἀλογώτεροι,</span> <span class='ocrx_word' id='word_1_489' title='bbox 1149 3355 1306 3428; x_wconf 80' lang='grc' dir='ltr'><strong>φόϐῳ</strong></span> <span class='ocrx_word' id='word_1_490' title='bbox 1341 3357 1548 3428; x_wconf 77' lang='grc' dir='ltr'>μᾶλλον</span> <span class='ocrx_word' id='word_1_491' title='bbox 1590 3356 1624 3427; x_wconf 76' lang='grc' dir='ltr'>ἢ</span> <span class='ocrx_word' id='word_1_492' title='bbox 1657 3341 1885 3430; x_wconf 73' lang='grc' dir='ltr'>εὖεργε-</span> 
     </span>
    </p>
   </div>
   <div class='ocr_carea' id='block_1_65' title="bbox 274 3446 1885 3521">
    <p class='ocr_par' dir='ltr' id='par_1_65' title="bbox 274 3446 1885 3521">
     <span class='ocr_line' id='line_1_65' title="bbox 274 3446 1885 3521; baseline 0.002 -21"><span class='ocrx_word' id='word_1_493' title='bbox 274 3448 441 3512; x_wconf 76' lang='grc' dir='ltr'>σίαις,</span> <span class='ocrx_word' id='word_1_494' title='bbox 470 3450 533 3502; x_wconf 86' lang='grc' dir='ltr'><strong>τδ</strong></span> <span class='ocrx_word' id='word_1_495' title='bbox 580 3446 699 3502; x_wconf 86' lang='grc' dir='ltr'>δέον</span> <span class='ocrx_word' id='word_1_496' title='bbox 735 3448 1203 3521; x_wconf 79' lang='grc' dir='ltr'>μεταμανθάνειν.</span> <span class='ocrx_word' id='word_1_497' title='bbox 1237 3448 1314 3502; x_wconf 84' lang='grc' dir='ltr'><strong>Τὸ</strong></span> <span class='ocrx_word' id='word_1_498' title='bbox 1339 3448 1421 3515; x_wconf 81' lang='grc' dir='ltr'>δὲ,</span> <span class='ocrx_word' id='word_1_499' title='bbox 1468 3467 1487 3501; x_wconf 84' lang='grc' dir='ltr'><strong>ι</strong></span> <span class='ocrx_word' id='word_1_500' title='bbox 1541 3448 1757 3503; x_wconf 83' lang='grc' dir='ltr'>Ἔδωκε</span> <span class='ocrx_word' id='word_1_501' title='bbox 1787 3449 1885 3520; x_wconf 80' lang='grc' dir='ltr'>τὴν</span> 
     </span>
    </p>
   </div>
   <div class='ocr_carea' id='block_1_66' title="bbox 272 3541 1884 3615">
    <p class='ocr_par' dir='ltr' id='par_1_66' title="bbox 272 3541 1884 3615">
     <span class='ocr_line' id='line_1_66' title="bbox 272 3541 1884 3615; baseline -0.001 -19"><span class='ocrx_word' id='word_1_502' title='bbox 272 3543 456 3615; x_wconf 80' lang='grc' dir='ltr'>κρίσιν</span> <span class='ocrx_word' id='word_1_503' title='bbox 485 3541 564 3615; x_wconf 82' lang='grc' dir='ltr'>τῷ</span> <span class='ocrx_word' id='word_1_504' title='bbox 606 3542 724 3614; x_wconf 84' lang='grc' dir='ltr'><strong>Υίῷ</strong></span> <span class='ocrx_word' id='word_1_505' title='bbox 751 3543 779 3596; x_wconf 91' lang='lat'><strong>6</strong></span> <span class='ocrx_word' id='word_1_506' title='bbox 823 3544 1032 3615; x_wconf 82' lang='grc' dir='ltr'>Πατὴρ,</span> <span class='ocrx_word' id='word_1_507' title='bbox 1066 3563 1084 3594; x_wconf 76' lang='grc' dir='ltr'><strong>ι</strong></span> <span class='ocrx_word' id='word_1_508' title='bbox 1126 3541 1274 3598; x_wconf 76' lang='grc' dir='ltr'>οὕτω</span> <span class='ocrx_word' id='word_1_509' title='bbox 1301 3542 1519 3614; x_wconf 83' lang='grc' dir='ltr'>νόησον,</span> <span class='ocrx_word' id='word_1_510' title='bbox 1574 3544 1658 3597; x_wconf 85' lang='grc' dir='ltr'>ὅτι</span> <span class='ocrx_word' id='word_1_511' title='bbox 1687 3543 1884 3614; x_wconf 81' lang='grc' dir='ltr'>κριτὴν</span> 
     </span>
    </p>
   </div>
   <div class='ocr_carea' id='block_1_67' title="bbox 270 3636 1886 3710">
    <p class='ocr_par' dir='ltr' id='par_1_67' title="bbox 270 3636 1886 3710">
     <span class='ocr_line' id='line_1_67' title="bbox 270 3636 1886 3710; baseline 0.001 -18"><span class='ocrx_word' id='word_1_512' title='bbox 270 3637 439 3692; x_wconf 78' lang='grc' dir='ltr'>αὑτὸν</span> <span class='ocrx_word' id='word_1_513' title='bbox 486 3637 809 3710; x_wconf 76' lang='grc' dir='ltr'>ἐγέννησεν,</span> <span class='ocrx_word' id='word_1_514' title='bbox 870 3637 1064 3710; x_wconf 83' lang='grc' dir='ltr'>ὥσπερ</span> <span class='ocrx_word' id='word_1_515' title='bbox 1099 3636 1330 3701; x_wconf 78' lang='grc' dir='ltr'>ἀκούεις</span> <span class='ocrx_word' id='word_1_516' title='bbox 1367 3639 1467 3692; x_wconf 81' lang='grc' dir='ltr'><strong>καὶ</strong></span> <span class='ocrx_word' id='word_1_517' title='bbox 1519 3639 1602 3706; x_wconf 80' lang='grc' dir='ltr'><strong>τὸ,</strong></span> <span class='ocrx_word' id='word_1_518' title='bbox 1642 3657 1660 3690; x_wconf 82' lang='grc' dir='ltr'><strong>ι</strong></span> <span class='ocrx_word' id='word_1_519' title='bbox 1728 3639 1886 3709; x_wconf 81' lang='grc' dir='ltr'>Ζωὴν</span> 
     </span>
    </p>
   </div>
   <div class='ocr_carea' id='block_1_68' title="bbox 271 3717 1886 3804">
    <p class='ocr_par' dir='ltr' id='par_1_68' title="bbox 271 3717 1886 3804">
     <span class='ocr_line' id='line_1_68' title="bbox 271 3717 1886 3804; baseline -0.001 -18"><span class='ocrx_word' id='word_1_520' title='bbox 271 3731 473 3787; x_wconf 73' lang='grc' dir='ltr'>ἔδωκεν</span> <span class='ocrx_word' id='word_1_521' title='bbox 502 3732 676 3804; x_wconf 86' lang='grc' dir='ltr'>αύτῷ,</span> <span class='ocrx_word' id='word_1_522' title='bbox 733 3752 752 3784; x_wconf 75' lang='grc' dir='ltr'><strong>ι</strong></span> <span class='ocrx_word' id='word_1_523' title='bbox 793 3717 889 3787; x_wconf 66' lang='grc' dir='ltr'><strong>καλ</strong></span> <span class='ocrx_word' id='word_1_524' title='bbox 919 3735 1086 3798; x_wconf 82' lang='grc' dir='ltr'>νοεῖς,</span> <span class='ocrx_word' id='word_1_525' title='bbox 1122 3732 1207 3786; x_wconf 81' lang='grc' dir='ltr'>ὅτι</span> <span class='ocrx_word' id='word_1_526' title='bbox 1236 3731 1421 3796; x_wconf 75' lang='grc' dir='ltr'>ζῶντα</span> <span class='ocrx_word' id='word_1_527' title='bbox 1449 3731 1618 3787; x_wconf 76' lang='grc' dir='ltr'>αὑτὸν</span> <span class='ocrx_word' id='word_1_528' title='bbox 1660 3733 1886 3804; x_wconf 74' lang='grc' dir='ltr'>ἐγέννη-</span> 
     </span>
    </p>
   </div>
   <div class='ocr_carea' id='block_1_69' title="bbox 273 3825 1884 3898">
    <p class='ocr_par' dir='ltr' id='par_1_69' title="bbox 273 3825 1884 3898">
     <span class='ocr_line' id='line_1_69' title="bbox 273 3825 1884 3898; baseline 0 -18"><span class='ocrx_word' id='word_1_529' title='bbox 273 3843 389 3881; x_wconf 90' lang='grc' dir='ltr'>σεν.</span> <span class='ocrx_word' id='word_1_530' title='bbox 421 3825 581 3880; x_wconf 71' lang='grc' dir='ltr'>Ἐπεὶ</span> <span class='ocrx_word' id='word_1_531' title='bbox 606 3829 718 3898; x_wconf 69' lang='grc' dir='ltr'><strong>γὰρ</strong></span> <span class='ocrx_word' id='word_1_532' title='bbox 767 3829 796 3881; x_wconf 89' lang='lat'><strong>6</strong></span> <span class='ocrx_word' id='word_1_533' title='bbox 836 3825 1033 3898; x_wconf 82' lang='grc' dir='ltr'>Πατήρ</span> <span class='ocrx_word' id='word_1_534' title='bbox 1083 3828 1236 3880; x_wconf 75' lang='grc' dir='ltr'>ἐστιν</span> <span class='ocrx_word' id='word_1_535' title='bbox 1285 3826 1464 3891; x_wconf 80' lang='grc' dir='ltr'>αἴτιος</span> <span class='ocrx_word' id='word_1_536' title='bbox 1492 3825 1574 3897; x_wconf 88' lang='grc' dir='ltr'>τῷ</span> <span class='ocrx_word' id='word_1_537' title='bbox 1628 3826 1745 3898; x_wconf 81' lang='grc' dir='ltr'>Υἱῴ</span> <span class='ocrx_word' id='word_1_538' title='bbox 1787 3825 1884 3880; x_wconf 81' lang='grc' dir='ltr'><strong>τοῦ</strong></span> 
     </span>
    </p>
   </div>
   <div class='ocr_carea' id='block_1_70' title="bbox 271 3913 1886 3989">
    <p class='ocr_par' dir='ltr' id='par_1_70' title="bbox 271 3913 1886 3989">
     <span class='ocr_line' id='line_1_70' title="bbox 271 3913 1886 3989; baseline 0.001 -17"><span class='ocrx_word' id='word_1_539' title='bbox 271 3913 436 3986; x_wconf 73' lang='grc' dir='ltr'>εἶναι,</span> <span class='ocrx_word' id='word_1_540' title='bbox 472 3922 542 3972; x_wconf 75' lang='grc' dir='ltr'>τὰ</span> <span class='ocrx_word' id='word_1_541' title='bbox 574 3919 780 3985; x_wconf 73' lang='grc' dir='ltr'>πάντα,</span> <span class='ocrx_word' id='word_1_542' title='bbox 818 3917 923 3972; x_wconf 79' lang='grc' dir='ltr'>ὅσα</span> <span class='ocrx_word' id='word_1_543' title='bbox 970 3918 1089 3989; x_wconf 75' lang='grc' dir='ltr'>ἔχει</span> <span class='ocrx_word' id='word_1_544' title='bbox 1128 3918 1158 3971; x_wconf 94' lang='lat'><strong>6</strong></span> <span class='ocrx_word' id='word_1_545' title='bbox 1215 3917 1370 3984; x_wconf 73' lang='grc' dir='ltr'>Υἱὸς,</span> <span class='ocrx_word' id='word_1_546' title='bbox 1419 3919 1646 3987; x_wconf 75' lang='grc' dir='ltr'>λέγεται</span> <span class='ocrx_word' id='word_1_547' title='bbox 1695 3919 1886 3975; x_wconf 77' lang='grc' dir='ltr'>λασείν</span> 
     </span>
    </p>
   </div>
   <div class='ocr_carea' id='block_1_71' title="bbox 274 4011 1882 4088">
    <p class='ocr_par' dir='ltr' id='par_1_71' title="bbox 274 4011 1882 4088">
     <span class='ocr_line' id='line_1_71' title="bbox 274 4011 1882 4088; baseline 0.004 -22"><span class='ocrx_word' id='word_1_548' title='bbox 274 4011 428 4085; x_wconf 66' lang='grc' dir='ltr'>παρὰ</span> <span class='ocrx_word' id='word_1_549' title='bbox 457 4012 551 4067; x_wconf 81' lang='grc' dir='ltr'>τοῦ</span> <span class='ocrx_word' id='word_1_550' title='bbox 583 4013 822 4085; x_wconf 83' lang='grc' dir='ltr'>Πατρὺς,</span> <span class='ocrx_word' id='word_1_551' title='bbox 844 4013 922 4076; x_wconf 78' lang='grc' dir='ltr'>ὡς</span> <span class='ocrx_word' id='word_1_552' title='bbox 952 4013 1014 4079; x_wconf 73' lang='grc' dir='ltr'>ἐξ</span> <span class='ocrx_word' id='word_1_553' title='bbox 1037 4013 1208 4067; x_wconf 79' lang='grc' dir='ltr'>αὐτοῦ</span> <span class='ocrx_word' id='word_1_554' title='bbox 1231 4015 1484 4082; x_wconf 81' lang='grc' dir='ltr'>φυσικῶς</span> <span class='ocrx_word' id='word_1_555' title='bbox 1515 4015 1696 4071; x_wconf 78' lang='grc' dir='ltr'>ταῦτα</span> <span class='ocrx_word' id='word_1_556' title='bbox 1721 4016 1882 4088; x_wconf 81' lang='grc' dir='ltr'>ἔχων.</span> 
     </span>
    </p>
   </div>
   <div class='ocr_carea' id='block_1_72' title="bbox 274 4101 1887 4180">
    <p class='ocr_par' dir='ltr' id='par_1_72' title="bbox 274 4101 1887 4180">
     <span class='ocr_line' id='line_1_72' title="bbox 274 4101 1887 4180; baseline 0.005 -22"><span class='ocrx_word' id='word_1_557' title='bbox 274 4104 388 4158; x_wconf 76' lang='grc' dir='ltr'><strong>Καὶ</strong></span> <span class='ocrx_word' id='word_1_558' title='bbox 415 4105 517 4178; x_wconf 75' lang='grc' dir='ltr'>τὴν</span> <span class='ocrx_word' id='word_1_559' title='bbox 568 4108 752 4178; x_wconf 75' lang='grc' dir='ltr'>κρίσιν</span> <span class='ocrx_word' id='word_1_560' title='bbox 784 4101 880 4161; x_wconf 77' lang='grc' dir='ltr'>οὖν</span> <span class='ocrx_word' id='word_1_561' title='bbox 911 4107 1030 4177; x_wconf 71' lang='grc' dir='ltr'>ἔχει</span> <span class='ocrx_word' id='word_1_562' title='bbox 1071 4108 1135 4163; x_wconf 70' lang='grc' dir='ltr'>ἐκ</span> <span class='ocrx_word' id='word_1_563' title='bbox 1168 4107 1267 4161; x_wconf 76' lang='grc' dir='ltr'><strong>τοῦ</strong></span> <span class='ocrx_word' id='word_1_564' title='bbox 1305 4108 1526 4180; x_wconf 86' lang='grc' dir='ltr'>Πατρὸς</span> <span class='ocrx_word' id='word_1_565' title='bbox 1572 4110 1771 4175; x_wconf 76' lang='grc' dir='ltr'>οὕτως,</span> <span class='ocrx_word' id='word_1_566' title='bbox 1810 4111 1887 4175; x_wconf 83' lang='grc' dir='ltr'><strong>ὡς</strong></span> 
     </span>
    </p>
   </div>
   <div class='ocr_carea' id='block_1_73' title="bbox 275 4197 1889 4274">
    <p class='ocr_par' dir='ltr' id='par_1_73' title="bbox 275 4197 1889 4274">
     <span class='ocr_line' id='line_1_73' title="bbox 275 4197 1889 4274; baseline 0.005 -23"><span class='ocrx_word' id='word_1_567' title='bbox 275 4197 390 4268; x_wconf 69' lang='grc' dir='ltr'>ἔχει</span> <span class='ocrx_word' id='word_1_568' title='bbox 423 4199 600 4271; x_wconf 74' lang='grc' dir='ltr'>αὐτὴν</span> <span class='ocrx_word' id='word_1_569' title='bbox 633 4201 664 4252; x_wconf 89' lang='grc' dir='ltr'><strong>ὁ</strong></span> <span class='ocrx_word' id='word_1_570' title='bbox 696 4201 915 4273; x_wconf 74' lang='grc' dir='ltr'>Πατήρ.</span> <span class='ocrx_word' id='word_1_571' title='bbox 953 4201 1076 4255; x_wconf 87' lang='grc' dir='ltr'>Ὶνα</span> <span class='ocrx_word' id='word_1_572' title='bbox 1119 4200 1232 4272; x_wconf 81' lang='grc' dir='ltr'><strong>γὰρ</strong></span> <span class='ocrx_word' id='word_1_573' title='bbox 1274 4202 1353 4274; x_wconf 83' lang='grc' dir='ltr'>μὴ</span> <span class='ocrx_word' id='word_1_574' title='bbox 1383 4204 1680 4268; x_wconf 82' lang='grc' dir='ltr'>ἀκούοντες</span> <span class='ocrx_word' id='word_1_575' title='bbox 1713 4205 1889 4260; x_wconf 83' lang='grc' dir='ltr'>αῐτιον</span> 
     </span>
    </p>
   </div>
   <div class='ocr_carea' id='block_1_74' title="bbox 275 4290 1884 4368">
    <p class='ocr_par' dir='ltr' id='par_1_74' title="bbox 275 4290 1884 4368">
     <span class='ocr_line' id='line_1_74' title="bbox 275 4290 1884 4368; baseline 0.006 -23"><span class='ocrx_word' id='word_1_576' title='bbox 275 4290 418 4347; x_wconf 75' lang='grc' dir='ltr'>εἶναι</span> <span class='ocrx_word' id='word_1_577' title='bbox 446 4294 540 4348; x_wconf 68' lang='grc' dir='ltr'>τὸν</span> <span class='ocrx_word' id='word_1_578' title='bbox 567 4293 792 4366; x_wconf 78' lang='grc' dir='ltr'>Πατέρα</span> <span class='ocrx_word' id='word_1_579' title='bbox 821 4294 916 4348; x_wconf 85' lang='grc' dir='ltr'>τοῦ</span> <span class='ocrx_word' id='word_1_580' title='bbox 946 4294 1103 4359; x_wconf 77' lang='grc' dir='ltr'><strong>Υίοῦ,</strong></span> <span class='ocrx_word' id='word_1_581' title='bbox 1124 4297 1416 4368; x_wconf 85' lang='grc' dir='ltr'>νοήσωμεν</span> <span class='ocrx_word' id='word_1_582' title='bbox 1438 4299 1521 4352; x_wconf 82' lang='grc' dir='ltr'>ὅτι</span> <span class='ocrx_word' id='word_1_583' title='bbox 1551 4292 1708 4364; x_wconf 76' lang='grc' dir='ltr'>οὗτός</span> <span class='ocrx_word' id='word_1_584' title='bbox 1731 4302 1884 4354; x_wconf 74' lang='grc' dir='ltr'>ἐστιν</span> 
     </span>
    </p>
   </div>
   <div class='ocr_carea' id='block_1_75' title="bbox 275 4388 1890 4464">
    <p class='ocr_par' dir='ltr' id='par_1_75' title="bbox 275 4388 1890 4464">
     <span class='ocr_line' id='line_1_75' title="bbox 275 4388 1890 4464; baseline 0.005 -22"><span class='ocrx_word' id='word_1_585' title='bbox 275 4388 454 4453; x_wconf 81' lang='grc' dir='ltr'>αἴτιος</span> <span class='ocrx_word' id='word_1_586' title='bbox 504 4388 701 4453; x_wconf 81' lang='grc' dir='ltr'>αὐτοῦ,</span> <span class='ocrx_word' id='word_1_587' title='bbox 747 4389 943 4462; x_wconf 79' lang='grc' dir='ltr'>ὥσπερ</span> <span class='ocrx_word' id='word_1_588' title='bbox 989 4390 1086 4446; x_wconf 74' lang='grc' dir='ltr'>καὶ</span> <span class='ocrx_word' id='word_1_589' title='bbox 1125 4391 1239 4445; x_wconf 83' lang='grc' dir='ltr'><strong>τῶν</strong></span> <span class='ocrx_word' id='word_1_590' title='bbox 1271 4393 1614 4464; x_wconf 81' lang='grc' dir='ltr'>κτισμάτων,</span> <span class='ocrx_word' id='word_1_591' title='bbox 1668 4397 1766 4451; x_wconf 80' lang='grc' dir='ltr'>καὶ</span> <span class='ocrx_word' id='word_1_592' title='bbox 1799 4395 1890 4450; x_wconf 74' lang='grc' dir='ltr'>διὰ</span> 
     </span>
    </p>
   </div>
   <div class='ocr_carea' id='block_1_76' title="bbox 276 4480 1888 4560">
    <p class='ocr_par' dir='ltr' id='par_1_76' title="bbox 276 4480 1888 4560">
     <span class='ocr_line' id='line_1_76' title="bbox 276 4480 1888 4560; baseline 0.007 -26"><span class='ocrx_word' id='word_1_593' title='bbox 276 4480 438 4536; x_wconf 79' lang='grc' dir='ltr'>τοῦτο</span> <span class='ocrx_word' id='word_1_594' title='bbox 459 4482 559 4553; x_wconf 75' lang='grc' dir='ltr'>τῆς</span> <span class='ocrx_word' id='word_1_595' title='bbox 583 4481 756 4554; x_wconf 84' lang='grc' dir='ltr'>τιμῆς</span> <span class='ocrx_word' id='word_1_596' title='bbox 795 4483 1104 4538; x_wconf 75' lang='grc' dir='ltr'>ἐλάττωσιν</span> <span class='ocrx_word' id='word_1_597' title='bbox 1148 4487 1568 4557; x_wconf 79' lang='grc' dir='ltr'>εἰσαγάγωμεν,</span> <span class='ocrx_word' id='word_1_598' title='bbox 1603 4491 1774 4560; x_wconf 74' lang='grc' dir='ltr'>φησὶν</span> <span class='ocrx_word' id='word_1_599' title='bbox 1804 4491 1888 4545; x_wconf 78' lang='grc' dir='ltr'>ὅτι</span> 
     </span>
    </p>
   </div>
   <div class='ocr_carea' id='block_1_77' title="bbox 279 4572 1888 4652">
    <p class='ocr_par' dir='ltr' id='par_1_77' title="bbox 279 4572 1888 4652">
     <span class='ocr_line' id='line_1_77' title="bbox 279 4572 1888 4652; baseline 0.005 -25"><span class='ocrx_word' id='word_1_600' title='bbox 279 4572 514 4644; x_wconf 77' lang='grc' dir='ltr'>οὐδεμία</span> <span class='ocrx_word' id='word_1_601' title='bbox 557 4572 893 4645; x_wconf 78' lang='grc' dir='ltr'>παραλλαγὴ</span> <span class='ocrx_word' id='word_1_602' title='bbox 937 4574 1017 4646; x_wconf 82' lang='grc' dir='ltr'>τῷ</span> <span class='ocrx_word' id='word_1_603' title='bbox 1049 4577 1168 4647; x_wconf 86' lang='grc' dir='ltr'><strong>Υἱῷ</strong></span> <span class='ocrx_word' id='word_1_604' title='bbox 1199 4577 1339 4648; x_wconf 84' lang='grc' dir='ltr'>πρὸς</span> <span class='ocrx_word' id='word_1_605' title='bbox 1389 4579 1483 4632; x_wconf 83' lang='grc' dir='ltr'>τὸν</span> <span class='ocrx_word' id='word_1_606' title='bbox 1527 4580 1773 4652; x_wconf 88' lang='grc' dir='ltr'>Πατέρα,</span> <span class='ocrx_word' id='word_1_607' title='bbox 1829 4582 1888 4635; x_wconf 89' lang='lat'><strong>&#39;0</strong></span> 
     </span>
    </p>
   </div>
   <div class='ocr_carea' id='block_1_78' title="bbox 1998 3343 3616 3418">
    <p class='ocr_par' dir='ltr' id='par_1_78' title="bbox 1998 3343 3616 3418">
     <span class='ocr_line' id='line_1_78' title="bbox 1998 3343 3616 3418; baseline -0.009 -13"><span class='ocrx_word' id='word_1_608' title='bbox 1998 3352 2095 3405; x_wconf 87' lang='lat' dir='ltr'><strong>tim</strong></span> <span class='ocrx_word' id='word_1_609' title='bbox 2133 3350 2188 3404; x_wconf 92' lang='lat' dir='ltr'><strong>hi</strong></span> <span class='ocrx_word' id='word_1_610' title='bbox 2225 3348 2318 3418; x_wconf 95' lang='lat' dir='ltr'><strong>qui</strong></span> <span class='ocrx_word' id='word_1_611' title='bbox 2375 3346 2650 3403; x_wconf 85' lang='lat' dir='ltr'><strong>crassiore</strong></span> <span class='ocrx_word' id='word_1_612' title='bbox 2687 3355 2871 3401; x_wconf 89' lang='lat' dir='ltr'><strong>mente</strong></span> <span class='ocrx_word' id='word_1_613' title='bbox 2919 3343 3133 3417; x_wconf 65' lang='lat' dir='ltr'><strong>praediti</strong></span> <span class='ocrx_word' id='word_1_614' title='bbox 3199 3357 3428 3406; x_wconf 77' lang='lat' dir='ltr'><strong>sumus,</strong></span> <span class='ocrx_word' id='word_1_615' title='bbox 3468 3351 3616 3398; x_wconf 80' lang='lat' dir='ltr'><strong>metu</strong></span> 
     </span>
    </p>
   </div>
   <div class='ocr_carea' id='block_1_79' title="bbox 1995 3435 3617 3518">
    <p class='ocr_par' dir='ltr' id='par_1_79' title="bbox 1995 3435 3617 3518">
     <span class='ocr_line' id='line_1_79' title="bbox 1995 3435 3617 3518; baseline -0.005 -20"><span class='ocrx_word' id='word_1_616' title='bbox 1995 3445 2179 3518; x_wconf 83' lang='lat' dir='ltr'><strong>potius</strong></span> <span class='ocrx_word' id='word_1_617' title='bbox 2208 3459 2373 3515; x_wconf 90' lang='lat' dir='ltr'><strong>quam</strong></span> <span class='ocrx_word' id='word_1_618' title='bbox 2403 3441 2693 3499; x_wconf 82' lang='lat' dir='ltr'><strong>beneﬂciis</strong></span> <span class='ocrx_word' id='word_1_619' title='bbox 2729 3441 2876 3511; x_wconf 90' lang='lat' dir='ltr'><strong>quod</strong></span> <span class='ocrx_word' id='word_1_620' title='bbox 2907 3449 3126 3510; x_wconf 89' lang='lat' dir='ltr'><strong>oportet</strong></span> <span class='ocrx_word' id='word_1_621' title='bbox 3155 3439 3464 3494; x_wconf 85' lang='lat' dir='ltr'><strong>addiscere.</strong></span> <span class='ocrx_word' id='word_1_622' title='bbox 3496 3435 3617 3491; x_wconf 83' lang='lat' dir='ltr'><strong>Jam</strong></span> 
     </span>
    </p>
   </div>
   <div class='ocr_carea' id='block_1_80' title="bbox 1997 3532 3610 3610">
    <p class='ocr_par' dir='ltr' id='par_1_80' title="bbox 1997 3532 3610 3610">
     <span class='ocr_line' id='line_1_80' title="bbox 1997 3532 3610 3610; baseline -0.006 -18"><span class='ocrx_word' id='word_1_623' title='bbox 1997 3539 2142 3610; x_wconf 88' lang='lat' dir='ltr'><strong>quod</strong></span> <span class='ocrx_word' id='word_1_624' title='bbox 2171 3537 2322 3603; x_wconf 84' lang='lat' dir='ltr'><strong>dicit,</strong></span> <span class='ocrx_word' id='word_1_625' title='bbox 2365 3555 2383 3588; x_wconf 82' lang='grc' dir='ltr'><strong>ι</strong></span> <span class='ocrx_word' id='word_1_626' title='bbox 2416 3535 2572 3591; x_wconf 88' lang='lat' dir='ltr'><strong>Dedit</strong></span> <span class='ocrx_word' id='word_1_627' title='bbox 2595 3533 2863 3607; x_wconf 85' lang='lat' dir='ltr'><strong>judicium</strong></span> <span class='ocrx_word' id='word_1_628' title='bbox 2898 3533 3063 3589; x_wconf 83' lang='lat' dir='ltr'><strong>Pater</strong></span> <span class='ocrx_word' id='word_1_629' title='bbox 3095 3533 3258 3596; x_wconf 81' lang='lat' dir='ltr'><strong>Filio,</strong></span> <span class='ocrx_word' id='word_1_630' title='bbox 3295 3551 3313 3584; x_wconf 74' lang='grc' dir='ltr'><strong>ι</strong></span> <span class='ocrx_word' id='word_1_631' title='bbox 3341 3532 3423 3587; x_wconf 88' lang='lat' dir='ltr'><strong>sic</strong></span> <span class='ocrx_word' id='word_1_632' title='bbox 3452 3533 3610 3586; x_wconf 73' lang='lat' dir='ltr'><strong>intel-</strong></span> 
     </span>
    </p>
   </div>
   <div class='ocr_carea' id='block_1_81' title="bbox 1998 3628 3622 3708">
    <p class='ocr_par' dir='ltr' id='par_1_81' title="bbox 1998 3628 3622 3708">
     <span class='ocr_line' id='line_1_81' title="bbox 1998 3628 3622 3708; baseline -0.006 -18"><span class='ocrx_word' id='word_1_633' title='bbox 1998 3635 2123 3708; x_wconf 78' lang='lat' dir='ltr'><strong>lige,</strong></span> <span class='ocrx_word' id='word_1_634' title='bbox 2157 3633 2303 3706; x_wconf 89' lang='lat' dir='ltr'><strong>quod</strong></span> <span class='ocrx_word' id='word_1_635' title='bbox 2339 3634 2594 3704; x_wconf 69' lang='lat' dir='ltr'><strong>judicent</strong></span> <span class='ocrx_word' id='word_1_636' title='bbox 2629 3647 2758 3687; x_wconf 90' lang='lat' dir='ltr'><strong>cum</strong></span> <span class='ocrx_word' id='word_1_637' title='bbox 2833 3631 3126 3702; x_wconf 77' lang='lat' dir='ltr'><strong>genuerit,</strong></span> <span class='ocrx_word' id='word_1_638' title='bbox 3175 3630 3256 3684; x_wconf 85' lang='lat' dir='ltr'><strong>sic</strong></span> <span class='ocrx_word' id='word_1_639' title='bbox 3297 3628 3464 3683; x_wconf 86' lang='lat' dir='ltr'><strong>etiam</strong></span> <span class='ocrx_word' id='word_1_640' title='bbox 3497 3643 3622 3681; x_wconf 88' lang='lat' dir='ltr'><strong>cum</strong></span> 
     </span>
    </p>
   </div>
   <div class='ocr_carea' id='block_1_82' title="bbox 1997 3723 3620 3798">
    <p class='ocr_par' dir='ltr' id='par_1_82' title="bbox 1997 3723 3620 3798">
     <span class='ocr_line' id='line_1_82' title="bbox 1997 3723 3620 3798; baseline -0.007 -13"><span class='ocrx_word' id='word_1_641' title='bbox 1997 3729 2157 3785; x_wconf 88' lang='lat' dir='ltr'><strong>audis</strong></span> <span class='ocrx_word' id='word_1_642' title='bbox 2175 3729 2318 3798; x_wconf 86' lang='lat' dir='ltr'><strong>quod</strong></span> <span class='ocrx_word' id='word_1_643' title='bbox 2340 3729 2507 3781; x_wconf 88' lang='lat' dir='ltr'><strong>vitam</strong></span> <span class='ocrx_word' id='word_1_644' title='bbox 2523 3726 2736 3782; x_wconf 77' lang='lat' dir='ltr'><strong>dederit</strong></span> <span class='ocrx_word' id='word_1_645' title='bbox 2761 3726 2860 3792; x_wconf 90' lang='lat' dir='ltr'><strong>illi,</strong></span> <span class='ocrx_word' id='word_1_646' title='bbox 2885 3724 3165 3793; x_wconf 70' lang='lat' dir='ltr'><strong>intelligas</strong></span> <span class='ocrx_word' id='word_1_647' title='bbox 3179 3726 3324 3794; x_wconf 89' lang='lat' dir='ltr'><strong>quod</strong></span> <span class='ocrx_word' id='word_1_648' title='bbox 3348 3723 3620 3777; x_wconf 75' lang='lat' dir='ltr'><strong>viventem</strong></span> 
     </span>
    </p>
   </div>
   <div class='ocr_carea' id='block_1_83' title="bbox 1999 3817 3623 3892">
    <p class='ocr_par' dir='ltr' id='par_1_83' title="bbox 1999 3817 3623 3892">
     <span class='ocr_line' id='line_1_83' title="bbox 1999 3817 3623 3892; baseline -0.005 -15"><span class='ocrx_word' id='word_1_649' title='bbox 1999 3822 2150 3878; x_wconf 91' lang='lat' dir='ltr'><strong>illum</strong></span> <span class='ocrx_word' id='word_1_650' title='bbox 2179 3821 2457 3892; x_wconf 77' lang='lat' dir='ltr'><strong>genuerit.</strong></span> <span class='ocrx_word' id='word_1_651' title='bbox 2492 3820 2632 3889; x_wconf 90' lang='lat' dir='ltr'><strong>Quia</strong></span> <span class='ocrx_word' id='word_1_652' title='bbox 2669 3820 2818 3876; x_wconf 90' lang='lat' dir='ltr'><strong>enim</strong></span> <span class='ocrx_word' id='word_1_653' title='bbox 2851 3818 3016 3876; x_wconf 89' lang='lat' dir='ltr'><strong>Pater</strong></span> <span class='ocrx_word' id='word_1_654' title='bbox 3039 3829 3234 3875; x_wconf 87' lang='lat' dir='ltr'><strong>auctor</strong></span> <span class='ocrx_word' id='word_1_655' title='bbox 3266 3829 3354 3875; x_wconf 83' lang='lat' dir='ltr'><strong>est</strong></span> <span class='ocrx_word' id='word_1_656' title='bbox 3388 3817 3528 3873; x_wconf 83' lang='lat' dir='ltr'><strong>Filio</strong></span> <span class='ocrx_word' id='word_1_657' title='bbox 3561 3828 3623 3872; x_wconf 89' lang='lat' dir='ltr'><strong>ut</strong></span> 
     </span>
    </p>
   </div>
   <div class='ocr_carea' id='block_1_84' title="bbox 1999 3914 3624 3990">
    <p class='ocr_par' dir='ltr' id='par_1_84' title="bbox 1999 3914 3624 3990">
     <span class='ocr_line' id='line_1_84' title="bbox 1999 3914 3624 3990; baseline -0.006 -12"><span class='ocrx_word' id='word_1_658' title='bbox 1999 3921 2094 3986; x_wconf 88' lang='lat' dir='ltr'><strong>sit,</strong></span> <span class='ocrx_word' id='word_1_659' title='bbox 2149 3917 2336 3977; x_wconf 84' lang='lat' dir='ltr'><strong>omnia</strong></span> <span class='ocrx_word' id='word_1_660' title='bbox 2375 3917 2724 3990; x_wconf 67' lang='lat' dir='ltr'><strong>quaecunque</strong></span> <span class='ocrx_word' id='word_1_661' title='bbox 2781 3915 2950 3973; x_wconf 87' lang='lat' dir='ltr'><strong>habet</strong></span> <span class='ocrx_word' id='word_1_662' title='bbox 3003 3914 3198 3982; x_wconf 80' lang='lat' dir='ltr'><strong>Filius,</strong></span> <span class='ocrx_word' id='word_1_663' title='bbox 3238 3914 3444 3973; x_wconf 87' lang='lat' dir='ltr'><strong>dicitur</strong></span> <span class='ocrx_word' id='word_1_664' title='bbox 3475 3914 3624 3970; x_wconf 85' lang='lat' dir='ltr'><strong>aeei-</strong></span> 
     </span>
    </p>
   </div>
   <div class='ocr_carea' id='block_1_85' title="bbox 1999 4009 3625 4088">
    <p class='ocr_par' dir='ltr' id='par_1_85' title="bbox 1999 4009 3625 4088">
     <span class='ocr_line' id='line_1_85' title="bbox 1999 4009 3625 4088; baseline -0.005 -18"><span class='ocrx_word' id='word_1_665' title='bbox 1999 4031 2132 4088; x_wconf 85' lang='lat' dir='ltr'><strong>pere</strong></span> <span class='ocrx_word' id='word_1_666' title='bbox 2165 4030 2194 4070; x_wconf 90' lang='lat' dir='ltr'><strong>a</strong></span> <span class='ocrx_word' id='word_1_667' title='bbox 2239 4013 2428 4078; x_wconf 78' lang='lat' dir='ltr'><strong>Patre,</strong></span> <span class='ocrx_word' id='word_1_668' title='bbox 2464 4026 2530 4067; x_wconf 88' lang='lat' dir='ltr'><strong>eo</strong></span> <span class='ocrx_word' id='word_1_669' title='bbox 2561 4013 2713 4083; x_wconf 88' lang='lat' dir='ltr'><strong>quod</strong></span> <span class='ocrx_word' id='word_1_670' title='bbox 2749 4028 2815 4068; x_wconf 77' lang='lat' dir='ltr'><strong>ex</strong></span> <span class='ocrx_word' id='word_1_671' title='bbox 2845 4012 2936 4067; x_wconf 90' lang='lat' dir='ltr'><strong>illo</strong></span> <span class='ocrx_word' id='word_1_672' title='bbox 2973 4011 3303 4067; x_wconf 85' lang='lat' dir='ltr'><strong>naturaliter</strong></span> <span class='ocrx_word' id='word_1_673' title='bbox 3355 4011 3475 4065; x_wconf 69' lang='lat' dir='ltr'><strong>haec</strong></span> <span class='ocrx_word' id='word_1_674' title='bbox 3523 4009 3625 4064; x_wconf 89' lang='lat' dir='ltr'><strong>ha-</strong></span> 
     </span>
    </p>
   </div>
   <div class='ocr_carea' id='block_1_86' title="bbox 2000 4103 3627 4179">
    <p class='ocr_par' dir='ltr' id='par_1_86' title="bbox 2000 4103 3627 4179">
     <span class='ocr_line' id='line_1_86' title="bbox 2000 4103 3627 4179; baseline -0.004 -14"><span class='ocrx_word' id='word_1_675' title='bbox 2000 4112 2149 4165; x_wconf 89' lang='lat' dir='ltr'><strong>beat.</strong></span> <span class='ocrx_word' id='word_1_676' title='bbox 2188 4106 2360 4179; x_wconf 75' lang='lat' dir='ltr'><strong>Igitur</strong></span> <span class='ocrx_word' id='word_1_677' title='bbox 2390 4116 2446 4162; x_wconf 90' lang='lat' dir='ltr'><strong>et</strong></span> <span class='ocrx_word' id='word_1_678' title='bbox 2475 4105 2748 4178; x_wconf 88' lang='lat' dir='ltr'><strong>judicium</strong></span> <span class='ocrx_word' id='word_1_679' title='bbox 2784 4107 2950 4160; x_wconf 83' lang='lat' dir='ltr'><strong>habet</strong></span> <span class='ocrx_word' id='word_1_680' title='bbox 2978 4122 3007 4160; x_wconf 90' lang='lat' dir='ltr'><strong>a</strong></span> <span class='ocrx_word' id='word_1_681' title='bbox 3040 4105 3228 4172; x_wconf 80' lang='lat' dir='ltr'><strong>Patre,</strong></span> <span class='ocrx_word' id='word_1_682' title='bbox 3266 4104 3413 4160; x_wconf 84' lang='lat' dir='ltr'><strong>sicut</strong></span> <span class='ocrx_word' id='word_1_683' title='bbox 3464 4103 3627 4160; x_wconf 84' lang='lat' dir='ltr'><strong>habet</strong></span> 
     </span>
    </p>
   </div>
   <div class='ocr_carea' id='block_1_87' title="bbox 1999 4197 3622 4258">
    <p class='ocr_par' dir='ltr' id='par_1_87' title="bbox 1999 4197 3622 4258">
     <span class='ocr_line' id='line_1_87' title="bbox 1999 4197 3622 4258; baseline -0.005 0"><span class='ocrx_word' id='word_1_684' title='bbox 1999 4202 2133 4258; x_wconf 87' lang='lat' dir='ltr'><strong>illttd</strong></span> <span class='ocrx_word' id='word_1_685' title='bbox 2169 4202 2370 4258; x_wconf 87' lang='lat' dir='ltr'><strong>Pater:</strong></span> <span class='ocrx_word' id='word_1_686' title='bbox 2415 4209 2473 4254; x_wconf 90' lang='lat' dir='ltr'><strong>ut</strong></span> <span class='ocrx_word' id='word_1_687' title='bbox 2507 4215 2576 4256; x_wconf 88' lang='lat' dir='ltr'><strong>nc</strong></span> <span class='ocrx_word' id='word_1_688' title='bbox 2607 4201 2898 4256; x_wconf 86' lang='lat' dir='ltr'><strong>audientes</strong></span> <span class='ocrx_word' id='word_1_689' title='bbox 2921 4208 3208 4255; x_wconf 87' lang='lat' dir='ltr'><strong>auctorem</strong></span> <span class='ocrx_word' id='word_1_690' title='bbox 3245 4214 3372 4254; x_wconf 87' lang='lat' dir='ltr'><strong>esse</strong></span> <span class='ocrx_word' id='word_1_691' title='bbox 3402 4197 3622 4254; x_wconf 86' lang='lat' dir='ltr'><strong>Patrem</strong></span> 
     </span>
    </p>
   </div>
   <div class='ocr_carea' id='block_1_88' title="bbox 2001 4291 3630 4364">
    <p class='ocr_par' dir='ltr' id='par_1_88' title="bbox 2001 4291 3630 4364">
     <span class='ocr_line' id='line_1_88' title="bbox 2001 4291 3630 4364; baseline -0.002 -15"><span class='ocrx_word' id='word_1_692' title='bbox 2001 4293 2150 4362; x_wconf 87' lang='lat' dir='ltr'><strong>Filii,</strong></span> <span class='ocrx_word' id='word_1_693' title='bbox 2185 4292 2566 4364; x_wconf 79' lang='lat' dir='ltr'><strong>intelligamus</strong></span> <span class='ocrx_word' id='word_1_694' title='bbox 2589 4291 2736 4362; x_wconf 85' lang='lat' dir='ltr'><strong>quod</strong></span> <span class='ocrx_word' id='word_1_695' title='bbox 2770 4291 2848 4348; x_wconf 88' lang='lat' dir='ltr'><strong>sic</strong></span> <span class='ocrx_word' id='word_1_696' title='bbox 2883 4293 3182 4348; x_wconf 81' lang='lat' dir='ltr'><strong>sitauctor</strong></span> <span class='ocrx_word' id='word_1_697' title='bbox 3209 4291 3360 4362; x_wconf 83' lang='lat' dir='ltr'><strong>ejus.</strong></span> <span class='ocrx_word' id='word_1_698' title='bbox 3387 4292 3534 4347; x_wconf 88' lang='lat' dir='ltr'><strong>sicut</strong></span> <span class='ocrx_word' id='word_1_699' title='bbox 3573 4307 3630 4345; x_wconf 73' lang='grc' dir='ltr'>(σι</span> 
     </span>
    </p>
   </div>
   <div class='ocr_carea' id='block_1_89' title="bbox 2001 4386 3623 4457">
    <p class='ocr_par' dir='ltr' id='par_1_89' title="bbox 2001 4386 3623 4457">
     <span class='ocr_line' id='line_1_89' title="bbox 2001 4386 3623 4457; baseline -0.004 -12"><span class='ocrx_word' id='word_1_700' title='bbox 2001 4400 2406 4452; x_wconf 79' lang='lat' dir='ltr'><strong>creaturarum,</strong></span> <span class='ocrx_word' id='word_1_701' title='bbox 2456 4397 2511 4442; x_wconf 93' lang='lat' dir='ltr'><strong>et</strong></span> <span class='ocrx_word' id='word_1_702' title='bbox 2559 4397 2850 4457; x_wconf 85' lang='lat' dir='ltr'><strong>propterea</strong></span> <span class='ocrx_word' id='word_1_703' title='bbox 2899 4386 3126 4443; x_wconf 90' lang='lat' dir='ltr'><strong>honoris</strong></span> <span class='ocrx_word' id='word_1_704' title='bbox 3175 4386 3623 4443; x_wconf 86' lang='lat' dir='ltr'><strong>imminutionem</strong></span> 
     </span>
    </p>
   </div>
   <div class='ocr_carea' id='block_1_90' title="bbox 2003 4480 3624 4552">
    <p class='ocr_par' dir='ltr' id='par_1_90' title="bbox 2003 4480 3624 4552">
     <span class='ocr_line' id='line_1_90' title="bbox 2003 4480 3624 4552; baseline -0.004 -12"><span class='ocrx_word' id='word_1_705' title='bbox 2003 4483 2463 4540; x_wconf 85' lang='lat' dir='ltr'><strong>iutroducamus:</strong></span> <span class='ocrx_word' id='word_1_706' title='bbox 2525 4481 2602 4536; x_wconf 92' lang='lat' dir='ltr'><strong>ait</strong></span> <span class='ocrx_word' id='word_1_707' title='bbox 2627 4482 2775 4552; x_wconf 88' lang='lat' dir='ltr'><strong>quod</strong></span> <span class='ocrx_word' id='word_1_708' title='bbox 2832 4481 3067 4549; x_wconf 70' lang='lat' dir='ltr'><strong>innullo</strong></span> <span class='ocrx_word' id='word_1_709' title='bbox 3102 4480 3286 4537; x_wconf 91' lang='lat' dir='ltr'><strong>minor</strong></span> <span class='ocrx_word' id='word_1_710' title='bbox 3332 4481 3510 4538; x_wconf 80' lang='lat' dir='ltr'><strong>Filius</strong></span> <span class='ocrx_word' id='word_1_711' title='bbox 3542 4491 3624 4536; x_wconf 70' lang='lat' dir='ltr'><strong>est</strong></span> 
     </span>
    </p>
   </div>
   <div class='ocr_carea' id='block_1_91' title="bbox 2003 4575 3605 4648">
    <p class='ocr_par' dir='ltr' id='par_1_91' title="bbox 2003 4575 3605 4648">
     <span class='ocr_line' id='line_1_91' title="bbox 2003 4575 3605 4648; baseline -0.003 -14"><span class='ocrx_word' id='word_1_712' title='bbox 2003 4580 2190 4635; x_wconf 87' lang='lat' dir='ltr'><strong>Patre.</strong></span> <span class='ocrx_word' id='word_1_713' title='bbox 2224 4577 2362 4633; x_wconf 81' lang='lat' dir='ltr'><strong>Nam</strong></span> <span class='ocrx_word' id='word_1_714' title='bbox 2395 4579 2488 4646; x_wconf 93' lang='lat' dir='ltr'><strong>qui</strong></span> <span class='ocrx_word' id='word_1_715' title='bbox 2517 4576 2682 4632; x_wconf 90' lang='lat' dir='ltr'><strong>habet</strong></span> <span class='ocrx_word' id='word_1_716' title='bbox 2709 4585 3037 4648; x_wconf 82' lang='lat' dir='ltr'><strong>potestatem</strong></span> <span class='ocrx_word' id='word_1_717' title='bbox 3077 4575 3343 4647; x_wconf 89' lang='lat' dir='ltr'><strong>puniendi</strong></span> <span class='ocrx_word' id='word_1_718' title='bbox 3376 4587 3427 4630; x_wconf 85' lang='lat' dir='ltr'><strong>et</strong></span> <span class='ocrx_word' id='word_1_719' title='bbox 3460 4576 3605 4630; x_wconf 88' lang='lat' dir='ltr'><strong>hono</strong></span> 
     </span>
    </p>
   </div>
   <div class='ocr_carea' id='block_1_92' title="bbox 282 4641 1881 4746">
    <p class='ocr_par' dir='ltr' id='par_1_92' title="bbox 282 4641 1881 4746">
     <span class='ocr_line' id='line_1_92' title="bbox 282 4641 1881 4746; baseline 0.006 -26"><span class='ocrx_word' id='word_1_720' title='bbox 282 4641 685 4740; x_wconf 25' lang='lat' dir='ltr'><strong>Tipvéﬁouaia‘v</strong></span> <span class='ocrx_word' id='word_1_721' title='bbox 731 4641 1189 4739; x_wconf 33' lang='grc' dir='ltr'>ἔχων-κολάζειν.</span> <span class='ocrx_word' id='word_1_722' title='bbox 1221 4641 1538 4744; x_wconf 73' lang='grc' dir='ltr'>καὶτιμᾷν,</span> <span class='ocrx_word' id='word_1_723' title='bbox 1590 4641 1881 4746; x_wconf 42' lang='grc' dir='ltr'>ὡςΙβούλε-</span> 
     </span>
    </p>
   </div>
   <div class='ocr_carea' id='block_1_93' title="bbox 1991 4641 3632 4746">
    <p class='ocr_par' dir='ltr' id='par_1_93' title="bbox 2007 4667 3632 4740">
     <span class='ocr_line' id='line_1_93' title="bbox 2007 4667 3632 4740; baseline -0.004 -12"><span class='ocrx_word' id='word_1_724' title='bbox 2007 4672 2158 4728; x_wconf 88' lang='lat' dir='ltr'><strong>randi</strong></span> <span class='ocrx_word' id='word_1_725' title='bbox 2195 4672 2338 4726; x_wconf 89' lang='lat' dir='ltr'><strong>sicut</strong></span> <span class='ocrx_word' id='word_1_726' title='bbox 2372 4670 2508 4738; x_wconf 86' lang='lat' dir='ltr'><strong>vult,</strong></span> <span class='ocrx_word' id='word_1_727' title='bbox 2546 4671 2742 4726; x_wconf 91' lang='lat' dir='ltr'><strong>eadem</strong></span> <span class='ocrx_word' id='word_1_728' title='bbox 2775 4678 2959 4738; x_wconf 72' lang='lat' dir='ltr'><strong>potest</strong></span> <span class='ocrx_word' id='word_1_729' title='bbox 2990 4685 3111 4740; x_wconf 70' lang='lat' dir='ltr'><strong>qum</strong></span> <span class='ocrx_word' id='word_1_730' title='bbox 3161 4667 3346 4735; x_wconf 86' lang='lat' dir='ltr'><strong>Pater,</strong></span> <span class='ocrx_word' id='word_1_731' title='bbox 3395 4667 3524 4725; x_wconf 87' lang='lat' dir='ltr'><strong>ideo</strong></span> <span class='ocrx_word' id='word_1_732' title='bbox 3577 4681 3632 4723; x_wconf 88' lang='lat' dir='ltr'><strong>et</strong></span> 
     </span>
    </p>
   </div>
   <div class='ocr_carea' id='block_1_94' title="bbox 277 4761 1891 4836">
    <p class='ocr_par' dir='ltr' id='par_1_94' title="bbox 277 4761 1891 4836">
     <span class='ocr_line' id='line_1_94' title="bbox 277 4761 1891 4836; baseline 0.006 -21"><span class='ocrx_word' id='word_1_733' title='bbox 277 4780 390 4827; x_wconf 85' lang='grc' dir='ltr'>ται,</span> <span class='ocrx_word' id='word_1_734' title='bbox 428 4762 604 4817; x_wconf 69' lang='grc' dir='ltr'>ταυτα</span> <span class='ocrx_word' id='word_1_735' title='bbox 657 4761 888 4816; x_wconf 87' lang='grc' dir='ltr'>δύναται</span> <span class='ocrx_word' id='word_1_736' title='bbox 921 4762 1000 4834; x_wconf 85' lang='grc' dir='ltr'>τῷ</span> <span class='ocrx_word' id='word_1_737' title='bbox 1053 4765 1260 4836; x_wconf 86' lang='grc' dir='ltr'>Πατρί’</span> <span class='ocrx_word' id='word_1_738' title='bbox 1319 4765 1404 4820; x_wconf 82' lang='grc' dir='ltr'>διὸ</span> <span class='ocrx_word' id='word_1_739' title='bbox 1445 4767 1541 4820; x_wconf 80' lang='grc' dir='ltr'><strong>καὶ</strong></span> <span class='ocrx_word' id='word_1_740' title='bbox 1589 4770 1674 4823; x_wconf 86' lang='grc' dir='ltr'><strong>δεῖ</strong></span> <span class='ocrx_word' id='word_1_741' title='bbox 1723 4770 1891 4825; x_wconf 68' lang='grc' dir='ltr'>αὐτὸν</span> 
     </span>
    </p>
   </div>
   <div class='ocr_carea' id='block_1_95' title="bbox 277 4855 1887 4935">
    <p class='ocr_par' dir='ltr' id='par_1_95' title="bbox 277 4855 1887 4935">
     <span class='ocr_line' id='line_1_95' title="bbox 277 4855 1887 4935; baseline 0.006 -27"><span class='ocrx_word' id='word_1_742' title='bbox 277 4857 447 4928; x_wconf 81' lang='grc' dir='ltr'>τιμᾷν</span> <span class='ocrx_word' id='word_1_743' title='bbox 486 4855 667 4920; x_wconf 79' lang='grc' dir='ltr'>οὓτως</span> <span class='ocrx_word' id='word_1_744' title='bbox 721 4856 796 4921; x_wconf 87' lang='grc' dir='ltr'>ὼς</span> <span class='ocrx_word' id='word_1_745' title='bbox 846 4857 938 4910; x_wconf 77' lang='grc' dir='ltr'>τὸν</span> <span class='ocrx_word' id='word_1_746' title='bbox 993 4858 1240 4931; x_wconf 82' lang='grc' dir='ltr'>Πατέρα.</span> <span class='ocrx_word' id='word_1_747' title='bbox 1294 4879 1313 4912; x_wconf 80' lang='grc' dir='ltr'><strong>ι</strong></span> <span class='ocrx_word' id='word_1_748' title='bbox 1371 4861 1493 4914; x_wconf 87' lang='grc' dir='ltr'>Ἰνα</span> <span class='ocrx_word' id='word_1_749' title='bbox 1542 4862 1676 4934; x_wconf 76' lang='grc' dir='ltr'>γὰρ,</span> <span class='ocrx_word' id='word_1_750' title='bbox 1728 4865 1887 4935; x_wconf 67' lang='grc' dir='ltr'>φησι,</span> 
     </span>
    </p>
   </div>
   <div class='ocr_carea' id='block_1_96' title="bbox 279 4949 1884 5037">
    <p class='ocr_par' dir='ltr' id='par_1_96' title="bbox 279 4949 1884 5037">
     <span class='ocr_line' id='line_1_96' title="bbox 279 4949 1884 5037; baseline 0.005 -37"><span class='ocrx_word' id='word_1_751' title='bbox 279 4951 484 5012; x_wconf 84' lang='grc' dir='ltr'>πάντες</span> <span class='ocrx_word' id='word_1_752' title='bbox 504 4949 711 5021; x_wconf 86' lang='grc' dir='ltr'>τιμῶσι</span> <span class='ocrx_word' id='word_1_753' title='bbox 738 4950 832 5004; x_wconf 79' lang='grc' dir='ltr'>τὸν</span> <span class='ocrx_word' id='word_1_754' title='bbox 852 4950 1008 5016; x_wconf 83' lang='grc' dir='ltr'>Υίὸν,</span> <span class='ocrx_word' id='word_1_755' title='bbox 1035 4949 1222 5037; x_wconf 66' lang='grc' dir='ltr'>καοῶς</span> <span class='ocrx_word' id='word_1_756' title='bbox 1242 4954 1451 5030; x_wconf 53' lang='grc' dir='ltr'>τιμῶσι</span> <span class='ocrx_word' id='word_1_757' title='bbox 1472 4954 1564 5008; x_wconf 82' lang='grc' dir='ltr'>τὸν</span> <span class='ocrx_word' id='word_1_758' title='bbox 1585 4956 1833 5028; x_wconf 78' lang='grc' dir='ltr'>Πατέρα.</span> <span class='ocrx_word' id='word_1_759' title='bbox 1866 4977 1884 5008; x_wconf 76' lang='grc' dir='ltr'><strong>ι</strong></span> 
     </span>
    </p>
   </div>
   <div class='ocr_carea' id='block_1_97' title="bbox 277 5043 1892 5124">
    <p class='ocr_par' dir='ltr' id='par_1_97' title="bbox 277 5043 1892 5124">
     <span class='ocr_line' id='line_1_97' title="bbox 277 5043 1892 5124; baseline 0.006 -28"><span class='ocrx_word' id='word_1_760' title='bbox 277 5044 344 5096; x_wconf 80' lang='lat' dir='ltr'><strong>Ol</strong></span> <span class='ocrx_word' id='word_1_761' title='bbox 373 5043 508 5111; x_wconf 77' lang='grc' dir='ltr'>γοῦν</span> <span class='ocrx_word' id='word_1_762' title='bbox 539 5043 673 5117; x_wconf 72' lang='grc' dir='ltr'>περὶ</span> <span class='ocrx_word' id='word_1_763' title='bbox 699 5043 793 5098; x_wconf 81' lang='grc' dir='ltr'>τὸν</span> <span class='ocrx_word' id='word_1_764' title='bbox 828 5045 1078 5116; x_wconf 84' lang='grc' dir='ltr'>Ἀρειον,</span> <span class='ocrx_word' id='word_1_765' title='bbox 1112 5047 1304 5116; x_wconf 66' lang='grc' dir='ltr'>ἐπειδὴ</span> <span class='ocrx_word' id='word_1_766' title='bbox 1335 5046 1412 5113; x_wconf 85' lang='grc' dir='ltr'><strong>ὡς</strong></span> <span class='ocrx_word' id='word_1_767' title='bbox 1461 5049 1674 5121; x_wconf 89' lang='grc' dir='ltr'>κτίσμα</span> <span class='ocrx_word' id='word_1_768' title='bbox 1723 5054 1892 5124; x_wconf 75' lang='grc' dir='ltr'>τιμᾷν</span> 
     </span>
    </p>
   </div>
   <div class='ocr_carea' id='block_1_98' title="bbox 279 5137 1894 5218">
    <p class='ocr_par' dir='ltr' id='par_1_98' title="bbox 279 5137 1894 5218">
     <span class='ocr_line' id='line_1_98' title="bbox 279 5137 1894 5218; baseline 0.005 -24"><span class='ocrx_word' id='word_1_769' title='bbox 279 5137 487 5194; x_wconf 74' lang='grc' dir='ltr'>οἴονται</span> <span class='ocrx_word' id='word_1_770' title='bbox 518 5137 616 5192; x_wconf 82' lang='grc' dir='ltr'>τὸν</span> <span class='ocrx_word' id='word_1_771' title='bbox 651 5138 808 5207; x_wconf 80' lang='grc' dir='ltr'>Υἱδν,</span> <span class='ocrx_word' id='word_1_772' title='bbox 840 5140 937 5193; x_wconf 73' lang='grc' dir='ltr'>καὶ</span> <span class='ocrx_word' id='word_1_773' title='bbox 975 5141 1069 5194; x_wconf 83' lang='grc' dir='ltr'>τὸν</span> <span class='ocrx_word' id='word_1_774' title='bbox 1108 5142 1330 5213; x_wconf 87' lang='grc' dir='ltr'>Πατέρα</span> <span class='ocrx_word' id='word_1_775' title='bbox 1354 5143 1545 5198; x_wconf 81' lang='grc' dir='ltr'>λοιπὸν</span> <span class='ocrx_word' id='word_1_776' title='bbox 1567 5145 1642 5210; x_wconf 82' lang='grc' dir='ltr'>ὡς</span> <span class='ocrx_word' id='word_1_777' title='bbox 1681 5149 1894 5218; x_wconf 84' lang='grc' dir='ltr'>κτίσμα</span> 
     </span>
    </p>
   </div>
   <div class='ocr_carea' id='block_1_99' title="bbox 279 5231 1891 5307">
    <p class='ocr_par' dir='ltr' id='par_1_99' title="bbox 279 5231 1891 5307">
     <span class='ocr_line' id='line_1_99' title="bbox 279 5231 1891 5307; baseline 0.006 -23"><span class='ocrx_word' id='word_1_778' title='bbox 279 5231 554 5302; x_wconf 86' lang='grc' dir='ltr'>τιμῶντες</span> <span class='ocrx_word' id='word_1_779' title='bbox 584 5233 930 5303; x_wconf 69' lang='grc' dir='ltr'>ἐλέγχονται.</span> <span class='ocrx_word' id='word_1_780' title='bbox 969 5234 1042 5292; x_wconf 85' lang='grc' dir='ltr'><strong><em>Ἥ</em></strong></span> <span class='ocrx_word' id='word_1_781' title='bbox 1094 5235 1206 5307; x_wconf 82' lang='grc' dir='ltr'>γὰρ</span> <span class='ocrx_word' id='word_1_782' title='bbox 1259 5236 1322 5290; x_wconf 86' lang='grc' dir='ltr'><strong>ού</strong></span> <span class='ocrx_word' id='word_1_783' title='bbox 1351 5237 1592 5307; x_wconf 86' lang='grc' dir='ltr'>τιμῶσιν</span> <span class='ocrx_word' id='word_1_784' title='bbox 1623 5239 1762 5303; x_wconf 84' lang='grc' dir='ltr'>ὅλως</span> <span class='ocrx_word' id='word_1_785' title='bbox 1796 5240 1891 5295; x_wconf 76' lang='grc' dir='ltr'>τὸν</span> 
     </span>
    </p>
   </div>
   <div class='ocr_carea' id='block_1_100' title="bbox 281 5324 1892 5407">
    <p class='ocr_par' dir='ltr' id='par_1_100' title="bbox 281 5324 1892 5407">
     <span class='ocr_line' id='line_1_100' title="bbox 281 5324 1892 5407; baseline 0.007 -29"><span class='ocrx_word' id='word_1_786' title='bbox 281 5324 430 5384; x_wconf 65' lang='grc' dir='ltr'>Υἱὺν,</span> <span class='ocrx_word' id='word_1_787' title='bbox 461 5327 557 5381; x_wconf 82' lang='grc' dir='ltr'>καὶ</span> <span class='ocrx_word' id='word_1_788' title='bbox 595 5329 737 5397; x_wconf 80' lang='grc' dir='ltr'>μετὰ</span> <span class='ocrx_word' id='word_1_789' title='bbox 765 5327 878 5382; x_wconf 85' lang='grc' dir='ltr'><strong>τῶν</strong></span> <span class='ocrx_word' id='word_1_790' title='bbox 907 5329 1186 5384; x_wconf 81' lang='grc' dir='ltr'>Ἰουδαίων</span> <span class='ocrx_word' id='word_1_791' title='bbox 1211 5332 1642 5396; x_wconf 44' lang='grc' dir='ltr'><strong>οιεαττέσοωσαν,⁹</strong></span> <span class='ocrx_word' id='word_1_792' title='bbox 1675 5334 1709 5407; x_wconf 78' lang='grc' dir='ltr'>ἢ</span> <span class='ocrx_word' id='word_1_793' title='bbox 1733 5335 1892 5405; x_wconf 87' lang='grc' dir='ltr'>είπερ</span> 
     </span>
    </p>
   </div>
   <div class='ocr_carea' id='block_1_101' title="bbox 276 5417 1894 5502">
    <p class='ocr_par' dir='ltr' id='par_1_101' title="bbox 276 5417 1894 5502">
     <span class='ocr_line' id='line_1_101' title="bbox 276 5417 1894 5502; baseline 0.007 -28"><span class='ocrx_word' id='word_1_794' title='bbox 276 5417 480 5490; x_wconf 89' lang='grc' dir='ltr'>τιμῶσι</span> <span class='ocrx_word' id='word_1_795' title='bbox 533 5420 633 5491; x_wconf 82' lang='grc' dir='ltr'>μὲν</span> <span class='ocrx_word' id='word_1_796' title='bbox 678 5421 868 5489; x_wconf 64' lang='grc' dir='ltr'>αὐτὴν,</span> <span class='ocrx_word' id='word_1_797' title='bbox 908 5422 986 5487; x_wconf 82' lang='grc' dir='ltr'>ὡς</span> <span class='ocrx_word' id='word_1_798' title='bbox 1019 5424 1230 5496; x_wconf 83' lang='grc' dir='ltr'>κτίσμα</span> <span class='ocrx_word' id='word_1_799' title='bbox 1257 5424 1338 5488; x_wconf 80' lang='grc' dir='ltr'>δὲ,</span> <span class='ocrx_word' id='word_1_800' title='bbox 1374 5426 1591 5498; x_wconf 79' lang='grc' dir='ltr'>πρέπει</span> <span class='ocrx_word' id='word_1_801' title='bbox 1619 5427 1676 5482; x_wconf 75' lang='grc' dir='ltr'>δὲ</span> <span class='ocrx_word' id='word_1_802' title='bbox 1722 5431 1894 5502; x_wconf 75' lang='grc' dir='ltr'>τιμᾷν</span> 
     </span>
    </p>
   </div>
   <div class='ocr_carea' id='block_1_102' title="bbox 279 5512 1893 5591">
    <p class='ocr_par' dir='ltr' id='par_1_102' title="bbox 279 5512 1893 5591">
     <span class='ocr_line' id='line_1_102' title="bbox 279 5512 1893 5591; baseline 0.008 -25"><span class='ocrx_word' id='word_1_803' title='bbox 279 5512 446 5567; x_wconf 79' lang='grc' dir='ltr'>αὑτὸν</span> <span class='ocrx_word' id='word_1_804' title='bbox 488 5513 680 5587; x_wconf 83' lang='grc' dir='ltr'>ῶσπερ</span> <span class='ocrx_word' id='word_1_805' title='bbox 731 5517 828 5570; x_wconf 81' lang='grc' dir='ltr'>καὶ</span> <span class='ocrx_word' id='word_1_806' title='bbox 866 5517 961 5570; x_wconf 81' lang='grc' dir='ltr'>τὸν</span> <span class='ocrx_word' id='word_1_807' title='bbox 1014 5517 1264 5590; x_wconf 82' lang='grc' dir='ltr'>Πατέρα,</span> <span class='ocrx_word' id='word_1_808' title='bbox 1315 5519 1635 5591; x_wconf 78' lang='grc' dir='ltr'>ἐλέγχονται</span> <span class='ocrx_word' id='word_1_809' title='bbox 1672 5525 1893 5590; x_wconf 78' lang='grc' dir='ltr'>πάντως</span> 
     </span>
    </p>
   </div>
   <div class='ocr_carea' id='block_1_103' title="bbox 278 5603 1894 5684">
    <p class='ocr_par' dir='ltr' id='par_1_103' title="bbox 278 5603 1894 5684">
     <span class='ocr_line' id='line_1_103' title="bbox 278 5603 1894 5684; baseline 0.007 -22"><span class='ocrx_word' id='word_1_810' title='bbox 278 5605 384 5662; x_wconf 75' lang='grc' dir='ltr'>καὶ</span> <span class='ocrx_word' id='word_1_811' title='bbox 415 5607 511 5660; x_wconf 82' lang='grc' dir='ltr'>τὸν</span> <span class='ocrx_word' id='word_1_812' title='bbox 552 5609 780 5682; x_wconf 89' lang='grc' dir='ltr'>Πατέρα</span> <span class='ocrx_word' id='word_1_813' title='bbox 813 5610 909 5674; x_wconf 85' lang='grc' dir='ltr'>ὡς·</span> <span class='ocrx_word' id='word_1_814' title='bbox 937 5611 1151 5684; x_wconf 84' lang='grc' dir='ltr'>κτίσμα</span> <span class='ocrx_word' id='word_1_815' title='bbox 1209 5603 1511 5682; x_wconf 79' lang='grc' dir='ltr'>τιμῶντες.</span> <span class='ocrx_word' id='word_1_816' title='bbox 1572 5617 1686 5670; x_wconf 74' lang='grc' dir='ltr'><strong>Καὶ</strong></span> <span class='ocrx_word' id='word_1_817' title='bbox 1714 5617 1894 5683; x_wconf 73' lang='grc' dir='ltr'>ἄλλως</span> 
     </span>
    </p>
   </div>
   <div class='ocr_carea' id='block_1_104' title="bbox 277 5695 1892 5783">
    <p class='ocr_par' dir='ltr' id='par_1_104' title="bbox 277 5695 1892 5783">
     <span class='ocr_line' id='line_1_104' title="bbox 277 5695 1892 5783; baseline 0.009 -33"><span class='ocrx_word' id='word_1_818' title='bbox 277 5695 359 5763; x_wconf 74' lang='grc' dir='ltr'>δὲ,</span> <span class='ocrx_word' id='word_1_819' title='bbox 391 5700 538 5752; x_wconf 81' lang='grc' dir='ltr'>κατὰ</span> <span class='ocrx_word' id='word_1_820' title='bbox 566 5701 629 5754; x_wconf 81' lang='grc' dir='ltr'><strong>τὸ</strong></span> <span class='ocrx_word' id='word_1_821' title='bbox 660 5702 1013 5773; x_wconf 75' lang='grc' dir='ltr'>ἐπαγόμενον</span> <span class='ocrx_word' id='word_1_822' title='bbox 1037 5719 1050 5733; x_wconf 86' lang='grc'><strong>·</strong></span> <span class='ocrx_word' id='word_1_823' title='bbox 1110 5702 1232 5769; x_wconf 84' lang='grc' dir='ltr'><strong>πῶς</strong></span> <span class='ocrx_word' id='word_1_824' title='bbox 1268 5705 1476 5776; x_wconf 83' lang='grc' dir='ltr'>τιμῶσι</span> <span class='ocrx_word' id='word_1_825' title='bbox 1508 5706 1601 5762; x_wconf 66' lang='grc' dir='ltr'><strong>τὸν</strong></span> <span class='ocrx_word' id='word_1_826' title='bbox 1651 5709 1892 5783; x_wconf 79' lang='grc' dir='ltr'>Πατέρα,</span> 
     </span>
    </p>
   </div>
   <div class='ocr_carea' id='block_1_105' title="bbox 2002 4763 3628 4834">
    <p class='ocr_par' dir='ltr' id='par_1_105' title="bbox 2002 4763 3628 4834">
     <span class='ocr_line' id='line_1_105' title="bbox 2002 4763 3628 4834; baseline -0.003 -13"><span class='ocrx_word' id='word_1_827' title='bbox 2002 4775 2225 4832; x_wconf 87' lang='lat' dir='ltr'><strong>oportet</strong></span> <span class='ocrx_word' id='word_1_828' title='bbox 2263 4765 2420 4820; x_wconf 88' lang='lat' dir='ltr'><strong>illum</strong></span> <span class='ocrx_word' id='word_1_829' title='bbox 2451 4765 2731 4820; x_wconf 89' lang='lat' dir='ltr'><strong>honorare</strong></span> <span class='ocrx_word' id='word_1_830' title='bbox 2783 4764 2977 4820; x_wconf 84' lang='lat' dir='ltr'><strong>eodem</strong></span> <span class='ocrx_word' id='word_1_831' title='bbox 3016 4765 3182 4820; x_wconf 90' lang='lat' dir='ltr'><strong>modo</strong></span> <span class='ocrx_word' id='word_1_832' title='bbox 3229 4778 3339 4834; x_wconf 87' lang='lat' dir='ltr'><strong>quo</strong></span> <span class='ocrx_word' id='word_1_833' title='bbox 3382 4763 3628 4818; x_wconf 86' lang='lat' dir='ltr'><strong>Patrem.</strong></span> 
     </span>
    </p>
   </div>
   <div class='ocr_carea' id='block_1_106' title="bbox 2005 4857 3631 4924">
    <p class='ocr_par' dir='ltr' id='par_1_106' title="bbox 2005 4857 3631 4924">
     <span class='ocr_line' id='line_1_106' title="bbox 2005 4857 3631 4924; baseline -0.001 -9"><span class='ocrx_word' id='word_1_834' title='bbox 2005 4860 2148 4915; x_wconf 85' lang='lat' dir='ltr'><strong>Dicit</strong></span> <span class='ocrx_word' id='word_1_835' title='bbox 2204 4861 2376 4924; x_wconf 90' lang='lat' dir='ltr'><strong>enim,</strong></span> <span class='ocrx_word' id='word_1_836' title='bbox 2422 4879 2440 4912; x_wconf 82' lang='grc' dir='ltr'><strong>ι</strong></span> <span class='ocrx_word' id='word_1_837' title='bbox 2502 4857 2573 4915; x_wconf 91' lang='lat' dir='ltr'><strong>Ut</strong></span> <span class='ocrx_word' id='word_1_838' title='bbox 2613 4874 2809 4917; x_wconf 86' lang='lat' dir='ltr'><strong>omnes</strong></span> <span class='ocrx_word' id='word_1_839' title='bbox 2868 4861 3143 4915; x_wconf 85' lang='lat' dir='ltr'><strong>honorent</strong></span> <span class='ocrx_word' id='word_1_840' title='bbox 3201 4859 3434 4924; x_wconf 80' lang='lat' dir='ltr'><strong>Filium,</strong></span> <span class='ocrx_word' id='word_1_841' title='bbox 3483 4861 3631 4916; x_wconf 84' lang='lat' dir='ltr'><strong>sicut</strong></span> 
     </span>
    </p>
   </div>
   <div class='ocr_carea' id='block_1_107' title="bbox 2005 4952 3632 5025">
    <p class='ocr_par' dir='ltr' id='par_1_107' title="bbox 2005 4952 3632 5025">
     <span class='ocr_line' id='line_1_107' title="bbox 2005 4952 3632 5025; baseline -0.001 -15"><span class='ocrx_word' id='word_1_842' title='bbox 2005 4961 2283 5010; x_wconf 85' lang='lat' dir='ltr'><strong>honorant</strong></span> <span class='ocrx_word' id='word_1_843' title='bbox 2317 4954 2561 5009; x_wconf 84' lang='lat' dir='ltr'><strong>Patrem.</strong></span> <span class='ocrx_word' id='word_1_844' title='bbox 2604 4973 2622 5006; x_wconf 75' lang='grc' dir='ltr'><strong>ι</strong></span> <span class='ocrx_word' id='word_1_845' title='bbox 2656 4954 2721 5009; x_wconf 83' lang='lat' dir='ltr'><strong>Et</strong></span> <span class='ocrx_word' id='word_1_846' title='bbox 2761 4954 2836 5009; x_wconf 91' lang='lat' dir='ltr'><strong>ita</strong></span> <span class='ocrx_word' id='word_1_847' title='bbox 2869 4954 3056 5010; x_wconf 78' lang='lat' dir='ltr'><strong>Ariani</strong></span> <span class='ocrx_word' id='word_1_848' title='bbox 3089 4954 3218 5025; x_wconf 88' lang='lat' dir='ltr'><strong>quia</strong></span> <span class='ocrx_word' id='word_1_849' title='bbox 3255 4952 3422 5009; x_wconf 88' lang='lat' dir='ltr'><strong>veluti</strong></span> <span class='ocrx_word' id='word_1_850' title='bbox 3475 4971 3632 5008; x_wconf 82' lang='lat' dir='ltr'><strong>crea-</strong></span> 
     </span>
    </p>
   </div>
   <div class='ocr_carea' id='block_1_108' title="bbox 2006 5045 3628 5120">
    <p class='ocr_par' dir='ltr' id='par_1_108' title="bbox 2006 5045 3628 5120">
     <span class='ocr_line' id='line_1_108' title="bbox 2006 5045 3628 5120; baseline -0.003 -16"><span class='ocrx_word' id='word_1_851' title='bbox 2006 5061 2186 5104; x_wconf 85' lang='lat' dir='ltr'><strong>turam</strong></span> <span class='ocrx_word' id='word_1_852' title='bbox 2222 5060 2420 5120; x_wconf 89' lang='lat' dir='ltr'><strong>putant</strong></span> <span class='ocrx_word' id='word_1_853' title='bbox 2452 5049 2834 5104; x_wconf 88' lang='lat' dir='ltr'><strong>honorandmn</strong></span> <span class='ocrx_word' id='word_1_854' title='bbox 2872 5046 3098 5112; x_wconf 83' lang='lat' dir='ltr'><strong>Filium,</strong></span> <span class='ocrx_word' id='word_1_855' title='bbox 3131 5055 3189 5104; x_wconf 90' lang='lat' dir='ltr'><strong>et</strong></span> <span class='ocrx_word' id='word_1_856' title='bbox 3229 5045 3451 5103; x_wconf 85' lang='lat' dir='ltr'><strong>Patrem</strong></span> <span class='ocrx_word' id='word_1_857' title='bbox 3487 5062 3628 5116; x_wconf 87' lang='lat' dir='ltr'><strong>quo-</strong></span> 
     </span>
    </p>
   </div>
   <div class='ocr_carea' id='block_1_109' title="bbox 2006 5143 3630 5216">
    <p class='ocr_par' dir='ltr' id='par_1_109' title="bbox 2006 5143 3630 5216">
     <span class='ocr_line' id='line_1_109' title="bbox 2006 5143 3630 5216; baseline -0.001 -19"><span class='ocrx_word' id='word_1_858' title='bbox 2006 5158 2115 5216; x_wconf 84' lang='lat' dir='ltr'><strong>que</strong></span> <span class='ocrx_word' id='word_1_859' title='bbox 2165 5145 2312 5198; x_wconf 82' lang='lat' dir='ltr'><strong>sicut</strong></span> <span class='ocrx_word' id='word_1_860' title='bbox 2354 5153 2672 5199; x_wconf 89' lang='lat' dir='ltr'><strong>creaturam</strong></span> <span class='ocrx_word' id='word_1_861' title='bbox 2710 5144 2972 5198; x_wconf 88' lang='lat' dir='ltr'><strong>honorari</strong></span> <span class='ocrx_word' id='word_1_862' title='bbox 3020 5144 3242 5206; x_wconf 87' lang='lat' dir='ltr'><strong>debere,</strong></span> <span class='ocrx_word' id='word_1_863' title='bbox 3289 5143 3630 5213; x_wconf 79' lang='lat' dir='ltr'><strong>redarguun-</strong></span> 
     </span>
    </p>
   </div>
   <div class='ocr_carea' id='block_1_110' title="bbox 2007 5239 3628 5305">
    <p class='ocr_par' dir='ltr' id='par_1_110' title="bbox 2007 5239 3628 5305">
     <span class='ocr_line' id='line_1_110' title="bbox 2007 5239 3628 5305; baseline -0.001 -10"><span class='ocrx_word' id='word_1_864' title='bbox 2007 5249 2136 5295; x_wconf 92' lang='lat' dir='ltr'><strong>tur:</strong></span> <span class='ocrx_word' id='word_1_865' title='bbox 2185 5240 2270 5296; x_wconf 87' lang='lat' dir='ltr'><strong>vel</strong></span> <span class='ocrx_word' id='word_1_866' title='bbox 2330 5239 2558 5296; x_wconf 90' lang='lat' dir='ltr'><strong>omnino</strong></span> <span class='ocrx_word' id='word_1_867' title='bbox 2617 5255 2726 5294; x_wconf 92' lang='lat' dir='ltr'><strong>non</strong></span> <span class='ocrx_word' id='word_1_868' title='bbox 2778 5240 3055 5296; x_wconf 86' lang='lat' dir='ltr'><strong>honorant</strong></span> <span class='ocrx_word' id='word_1_869' title='bbox 3113 5239 3337 5305; x_wconf 83' lang='lat' dir='ltr'><strong>Filium,</strong></span> <span class='ocrx_word' id='word_1_870' title='bbox 3389 5249 3444 5296; x_wconf 90' lang='lat' dir='ltr'><strong>et</strong></span> <span class='ocrx_word' id='word_1_871' title='bbox 3503 5256 3628 5294; x_wconf 68' lang='lat' dir='ltr'><strong>cun!</strong></span> 
     </span>
    </p>
   </div>
   <div class='ocr_carea' id='block_1_111' title="bbox 2004 5332 3629 5404">
    <p class='ocr_par' dir='ltr' id='par_1_111' title="bbox 2004 5332 3629 5404">
     <span class='ocr_line' id='line_1_111' title="bbox 2004 5332 3629 5404; baseline -0.001 -14"><span class='ocrx_word' id='word_1_872' title='bbox 2004 5332 2210 5390; x_wconf 77' lang='lat' dir='ltr'><strong>Judzeis</strong></span> <span class='ocrx_word' id='word_1_873' title='bbox 2239 5333 2591 5388; x_wconf 87' lang='lat' dir='ltr'><strong>ordinantur.</strong></span> <span class='ocrx_word' id='word_1_874' title='bbox 2627 5332 2726 5389; x_wconf 81' lang='lat' dir='ltr'><strong>Vel</strong></span> <span class='ocrx_word' id='word_1_875' title='bbox 2785 5334 2832 5389; x_wconf 83' lang='lat' dir='ltr'><strong>si</strong></span> <span class='ocrx_word' id='word_1_876' title='bbox 2885 5334 3106 5404; x_wconf 90' lang='lat' dir='ltr'><strong>quidem</strong></span> <span class='ocrx_word' id='word_1_877' title='bbox 3154 5336 3431 5390; x_wconf 89' lang='lat' dir='ltr'><strong>honorant</strong></span> <span class='ocrx_word' id='word_1_878' title='bbox 3475 5350 3629 5395; x_wconf 85' lang='lat' dir='ltr'><strong>eum.</strong></span> 
     </span>
    </p>
   </div>
   <div class='ocr_carea' id='block_1_112' title="bbox 2005 5429 3631 5493">
    <p class='ocr_par' dir='ltr' id='par_1_112' title="bbox 2005 5429 3631 5493">
     <span class='ocr_line' id='line_1_112' title="bbox 2005 5429 3631 5493; baseline -0.001 -7"><span class='ocrx_word' id='word_1_879' title='bbox 2005 5430 2281 5486; x_wconf 88' lang='lat' dir='ltr'><strong>honorant</strong></span> <span class='ocrx_word' id='word_1_880' title='bbox 2307 5445 2439 5484; x_wconf 87' lang='lat' dir='ltr'><strong>vero</strong></span> <span class='ocrx_word' id='word_1_881' title='bbox 2474 5437 2533 5484; x_wconf 95' lang='lat' dir='ltr'><strong>ut</strong></span> <span class='ocrx_word' id='word_1_882' title='bbox 2561 5440 2912 5493; x_wconf 88' lang='lat' dir='ltr'><strong>creaturam,</strong></span> <span class='ocrx_word' id='word_1_883' title='bbox 2946 5430 3105 5484; x_wconf 86' lang='lat' dir='ltr'><strong>decet</strong></span> <span class='ocrx_word' id='word_1_884' title='bbox 3136 5439 3320 5484; x_wconf 91' lang='lat' dir='ltr'><strong>autem</strong></span> <span class='ocrx_word' id='word_1_885' title='bbox 3369 5429 3631 5485; x_wconf 87' lang='lat' dir='ltr'><strong>honorari</strong></span> 
     </span>
    </p>
   </div>
   <div class='ocr_carea' id='block_1_113' title="bbox 2006 5522 3634 5594">
    <p class='ocr_par' dir='ltr' id='par_1_113' title="bbox 2006 5522 3634 5594">
     <span class='ocr_line' id='line_1_113' title="bbox 2006 5522 3634 5594; baseline 0 -17"><span class='ocrx_word' id='word_1_886' title='bbox 2006 5524 2183 5593; x_wconf 78' lang='lat' dir='ltr'><strong>ipsum</strong></span> <span class='ocrx_word' id='word_1_887' title='bbox 2242 5523 2389 5577; x_wconf 86' lang='lat' dir='ltr'><strong>sicut</strong></span> <span class='ocrx_word' id='word_1_888' title='bbox 2441 5533 2495 5580; x_wconf 88' lang='lat' dir='ltr'><strong>et</strong></span> <span class='ocrx_word' id='word_1_889' title='bbox 2541 5522 2806 5579; x_wconf 86' lang='lat' dir='ltr'><strong>Patrem:</strong></span> <span class='ocrx_word' id='word_1_890' title='bbox 2846 5526 3258 5594; x_wconf 82' lang='lat' dir='ltr'><strong>rcdarguuntur</strong></span> <span class='ocrx_word' id='word_1_891' title='bbox 3299 5524 3529 5579; x_wconf 90' lang='lat' dir='ltr'><strong>omnino</strong></span> <span class='ocrx_word' id='word_1_892' title='bbox 3580 5536 3634 5578; x_wconf 83' lang='lat' dir='ltr'><strong>rt</strong></span> 
     </span>
    </p>
   </div>
   <div class='ocr_carea' id='block_1_114' title="bbox 2006 5613 3629 5674">
    <p class='ocr_par' dir='ltr' id='par_1_114' title="bbox 2006 5613 3629 5674">
     <span class='ocr_line' id='line_1_114' title="bbox 2006 5613 3629 5674; baseline 0 -4"><span class='ocrx_word' id='word_1_893' title='bbox 2006 5613 2227 5672; x_wconf 73' lang='lat' dir='ltr'><strong>Patrem</strong></span> <span class='ocrx_word' id='word_1_894' title='bbox 2264 5618 2408 5672; x_wconf 89' lang='lat' dir='ltr'><strong>sicut</strong></span> <span class='ocrx_word' id='word_1_895' title='bbox 2449 5629 2766 5672; x_wconf 84' lang='lat' dir='ltr'><strong>creaturam</strong></span> <span class='ocrx_word' id='word_1_896' title='bbox 2797 5619 3093 5674; x_wconf 87' lang='lat' dir='ltr'><strong>honorare.</strong></span> <span class='ocrx_word' id='word_1_897' title='bbox 3127 5618 3194 5671; x_wconf 86' lang='lat' dir='ltr'><strong>Et</strong></span> <span class='ocrx_word' id='word_1_898' title='bbox 3236 5619 3398 5672; x_wconf 87' lang='lat' dir='ltr'><strong>aliter</strong></span> <span class='ocrx_word' id='word_1_899' title='bbox 3429 5633 3629 5674; x_wconf 83' lang='lat' dir='ltr'><strong>secun-</strong></span> 
     </span>
    </p>
   </div>
   <div class='ocr_carea' id='block_1_115' title="bbox 2006 5711 3628 5783">
    <p class='ocr_par' dir='ltr' id='par_1_115' title="bbox 2006 5711 3628 5783">
     <span class='ocr_line' id='line_1_115' title="bbox 2006 5711 3628 5783; baseline 0.001 -16"><span class='ocrx_word' id='word_1_900' title='bbox 2006 5713 2136 5767; x_wconf 89' lang='lat' dir='ltr'><strong>dum</strong></span> <span class='ocrx_word' id='word_1_901' title='bbox 2161 5713 2263 5765; x_wconf 83' lang='lat' dir='ltr'><strong>hoc</strong></span> <span class='ocrx_word' id='word_1_902' title='bbox 2293 5715 2438 5782; x_wconf 87' lang='lat' dir='ltr'><strong>quod</strong></span> <span class='ocrx_word' id='word_1_903' title='bbox 2470 5714 2744 5781; x_wconf 89' lang='lat' dir='ltr'><strong>subditur,</strong></span> <span class='ocrx_word' id='word_1_904' title='bbox 2772 5715 3049 5783; x_wconf 82' lang='lat' dir='ltr'><strong>qumnodo</strong></span> <span class='ocrx_word' id='word_1_905' title='bbox 3081 5719 3354 5771; x_wconf 76' lang='lat' dir='ltr'><strong>honorant</strong></span> <span class='ocrx_word' id='word_1_906' title='bbox 3379 5711 3628 5777; x_wconf 80' lang='lat' dir='ltr'><strong>Patrem,</strong></span> 
     </span>
    </p>
   </div>
   <div class='ocr_carea' id='block_1_116' title="bbox 1265 5866 2602 5935">
    <p class='ocr_par' dir='ltr' id='par_1_116' title="bbox 1265 5866 2602 5935">
     <span class='ocr_line' id='line_1_116' title="bbox 1265 5866 2602 5935; baseline -0.018 -13"><span class='ocrx_word' id='word_1_907' title='bbox 1265 5866 1708 5930; x_wconf 58' lang='grc' dir='ltr'>Ιίῖνιιίίξιιὶιιιιι</span> <span class='ocrx_word' id='word_1_908' title='bbox 1766 5873 1953 5932; x_wconf 38' lang='lat' dir='ltr'><strong>mall</strong></span> <span class='ocrx_word' id='word_1_909' title='bbox 1999 5876 2228 5935; x_wconf 16' lang='lat' dir='ltr'><strong>\‘rmq.</strong></span> <span class='ocrx_word' id='word_1_910' title='bbox 2277 5875 2314 5931; x_wconf 52' lang='grc' dir='ltr'>ς</span> <span class='ocrx_word' id='word_1_911' title='bbox 2385 5875 2602 5933; x_wconf 39' lang='grc' dir='ltr'><strong>Μητηί</strong></span> 
     </span>
    </p>
   </div>
   <div class='ocr_carea' id='block_1_117' title="bbox 362 5987 1076 6062">
    <p class='ocr_par' dir='ltr' id='par_1_117' title="bbox 362 5987 1076 6062">
     <span class='ocr_line' id='line_1_117' title="bbox 362 5987 1076 6062; baseline 0.006 -21"><span class='ocrx_word' id='word_1_912' title='bbox 362 5990 473 6043; x_wconf 63' lang='grc'><strong>(20)</strong></span> <span class='ocrx_word' id='word_1_913' title='bbox 509 5987 641 6045; x_wconf 66' lang='lat' dir='ltr'><strong>Ct&#39;d.</strong></span> <span class='ocrx_word' id='word_1_914' title='bbox 681 5989 766 6056; x_wconf 61' lang='lat'><strong>&#39;10,</strong></span> <span class='ocrx_word' id='word_1_915' title='bbox 810 5992 821 6021; x_wconf 66' lang='grc'><strong><em>³</em></strong></span> <span class='ocrx_word' id='word_1_916' title='bbox 886 5991 996 6062; x_wconf 63' lang='lat'><strong>:16};</strong></span> <span class='ocrx_word' id='word_1_917' title='bbox 1062 5992 1076 6045; x_wconf 72' lang='grc' dir='ltr'><strong>-ἶ</strong></span> 
     </span>
    </p>
   </div>
  </div>
