4218 6424
708 392 834 453 'lz't’i

1635 394 1704 452 TI
1718 391 2222 452 lEOl’llYLAii'l'l
2260 388 2506 450 BULGA
2520 392 2565 449 ιι
2579 390 2672 448 UE
2713 388 3071 451 ARCHIEP.

3844 381 3994 449 1272

684 497 774 563 uni
814 511 916 547 non
948 494 1214 546 honorant
1250 492 1494 546 Filium?
1529 494 1727 549 Subdit
1763 495 1934 560 enim,
1976 511 1994 544 ι
2031 494 2132 559 Qui
2167 508 2260 547 nor

2383 492 2432 544 oi
2479 493 2555 561 μὴ
2610 491 2884 559 τιμῶντες
2924 491 3017 543 τὸν
3067 489 3230 554 Υίόν;
3274 487 3502 559 Ἐπάγει
3531 490 3671 563 γάρ·
3708 509 3728 544 ι
3783 491 3846 547 Ὀ
3905 494 3987 563 μὴ

685 589 916 639 honorat
956 584 1174 649 Filium,
1234 602 1339 639 non
1387 586 1618 640 honorat
1656 587 1892 641 Patrem.
1939 605 1958 638 ι
2012 587 2111 654 Qui
2164 604 2269 642 non

686 682 943 740 honorat,
975 675 1171 744 inquit,
1219 677 1291 730 ita
1329 686 1385 731 ut
1422 676 1556 742 dixi,
1588 679 1730 733 sicut
1766 689 1817 734 et
1860 678 2269 745 Pntrem.’Qnia

683 774 726 828 si
770 772 890 841 quis
940 770 1088 825 dicat
1145 768 1287 837 quod
1350 780 1598 823 creatura
1667 771 1884 839 quidem
1948 770 2121 829 Filius
2177 774 2269 837 sit,

682 862 1142 920 ext-ellcntissittta
1193 872 1393 930 autem
1440 864 1691 918 omnium
1749 874 2156 931 creaturarum,
2218 875 2275 922 ct

680 962 932 1023 opm-tur
966 955 1128 1010 tribui
1167 954 1307 1013 Filio
1355 957 1550 1012 falsum
1609 958 1758 1013 illum
1814 968 1868 1014 et
1917 975 2112 1014 vanum
2169 962 2270 1015 ho-

680 1064 892 1115 norem,
946 1046 1242 1104 inhonorat
1292 1048 1515 1103 omnino
1565 1060 1620 1104 et
1678 1049 1896 1106 Patrem
1980 1053 2072 1123 qui
2127 1053 2273 1107 misit

678 1140 847 1195 illum.
887 1137 1031 1196 Dixit
1064 1151 1245 1197 autem
1276 1159 1296 1192 ι
1330 1156 1452 1196 eum
1479 1143 1572 1214 qui
1620 1144 1787 1209 misit,
1825 1162 1842 1195 ι
1878 1159 1945 1199 ne
1983 1161 2271 1215 exaspera-

676 1246 889 1295 rentur,
933 1232 1079 1287 sicut
1134 1234 1506 1303 prmdiximus.
1538 1232 1672 1288 Nam
1707 1234 2012 1289 doctrinam
2047 1240 2129 1291 (ut
2174 1237 2269 1289 di-

683 1333 825 1379 etum
856 1326 960 1398 est)
1014 1326 1342 1384 mirabiliter
1394 1326 1679 1395 implectit.
1732 1322 2013 1381 Interdum
2047 1329 2268 1398 quidem

678 1416 930 1473 sublimia
964 1420 1031 1475 de
1076 1434 1137 1475 se
1168 1418 1500 1482 testimonia,
1552 1429 1610 1473 ut
1651 1419 1869 1489 dignum
1922 1430 2059 1486 erat,
2118 1420 2265 1477 fert:

680 1510 957 1563 interdum
987 1519 1171 1564 autem
1229 1510 1476 1575 humilia,
1516 1522 1738 1580 promer
1774 1512 2043 1567 insaniam
2087 1514 2269 1569 inimi-

678 1616 867 1654 corum
920 1597 1253 1656 Iudaeorum.
1314 1600 1447 1656 Nam
1504 1606 1549 1657 si
1603 1618 1725 1657 cum
1760 1615 1812 1658 et
1853 1604 2182 1661 surrexisset
2236 1620 2266 1661 a

677 1693 928 1757 mortuis,
957 1705 1011 1747 et
1045 1695 1385 1751 ascendisset
1432 1697 1483 1749 in
1514 1698 1705 1768 cmlos,
1754 1708 1807 1751 et
1845 1714 1944 1768 per
1985 1700 2266 1768 apostolos

674 1801 827 1837 suam
884 1794 1243 1843 monsu'asset
1282 1787 1581 1853 virtutem,
1632 1790 2050 1853 insurrexerunt
2100 1790 2263 1847 Arius

672 1888 723 1929 et
761 1876 1058 1933 Eunomius
1101 1889 1291 1933 contra
1338 1878 1566 1949 gloriam
1604 1880 1742 1948 ejus,
1777 1888 1833 1936 et
1870 1882 1918 1935 in
1952 1891 2260 1938 creaturam

673 1969 850 2037 ipsum
876 1970 1263 2025 deduxerunt:
1298 1968 1468 2025 Judaei
1503 1972 1593 2041 qui
1629 1983 1755 2027 tunc
1782 1985 1963 2040 erant,
1993 1977 2084 2044 qui
2113 1975 2263 2030 vidc-

670 2066 803 2115 iant
855 2063 1030 2132 ipsum
1068 2064 1120 2117 in
1153 2078 1319 2117 carne
1368 2064 1650 2120 ambulare
1696 2082 1820 2121 cum
1876 2068 2180 2135 publicanis
2207 2079 2265 2124 et

673 2153 1078 2218 meretricibus,
1133 2152 1295 2225 5'75
1328 2165 1382 2208 et
1414 2156 1706 2211 comedere
1759 2168 1813 2213 et
1867 2158 2056 2214 bibere
2119 2159 2264 2215 sicut

670 2261 838 2300 unum
864 2262 928 2300 ex
964 2247 1185 2314 multis;
1223 2246 1353 2316 quid
1382 2260 1487 2302 n0n
1514 2247 1780 2305 fecissent
1810 2250 1855 2306 si
1880 2251 2063 2306 omnia
2093 2251 2265 2307 subli—

670 2338 778 2391 mia
814 2337 879 2393 de
917 2355 975 2394 se
1016 2339 1264 2407 dixisset,
1307 2350 1363 2395 et
1393 2355 1502 2395 non
1532 2342 1915 2398 admiscuisset
1949 2346 2113 2399 etiam
2159 2346 2263 2401 hu-

670 2431 863 2485 milia?
897 2428 1105 2487 Idcirco
1136 2442 1193 2487 et
1219 2432 1440 2488 subdit:
1472 2452 1490 2484 ι
1539 2432 1640 2501 Qui
1672 2434 1825 2490 audit
1863 2452 2013 2492 meos
2051 2453 2265 2493 sermo-

667 2540 788 2589 nes,
832 2534 887 2581 et
933 2526 1105 2581 credit
1136 2528 1185 2581 ei
1221 2528 1311 2594 qui
1350 2542 1435 2583 me
1471 2527 1640 2593 misit,
1689 2528 1851 2583 habet
1884 2530 2049 2584 vitam
2102 2542 2264 2586 aeter-

670 2631 816 2670 nam.
856 2635 874 2667 ι
908 2615 975 2671 Ει
1008 2626 1218 2672 mentes
1245 2632 1433 2672 eorum
1476 2617 1640 2673 etiam
1687 2634 1785 2689 per
1825 2620 1926 2675 hoc
1971 2621 2258 2686 exbilarat,

668 2723 789 2763 cum
826 2708 1054 2763 audiunt
1091 2710 1237 2779 quod
1284 2710 1575 2768 audientes
1616 2726 1897 2768 sermones
1949 2714 2102 2783 ejus,
2150 2714 2263 2771 Deo

668 2801 779 2855 sint
808 2801 1087 2856 credituri.
1118 2800 1234 2857 Non
1257 2802 1401 2858 enim
1428 2803 1582 2870 dixit,
1603 2804 1704 2873 Qui
1733 2806 1907 2861 credit
1941 2807 2073 2861 mihi
2104 2827 2116 2862 :
2143 2810 2259 2876 sed,

673 2912 694 2944 ι
736 2891 797 2947 Ei
835 2894 924 2964 qui
959 2910 1046 2948 me
1074 2894 1243 2951 misit.
1280 2914 1299 2948 ι
1330 2894 1499 2966 Igitur
1529 2897 1623 2965 qui
1672 2899 1847 2953 credit
1875 2899 1975 2964 illi,
2018 2900 2071 2961 in
2116 2899 2264 2969 judi-

663 2987 838 3052 cium,
876 2987 978 3043 hoc
1009 2997 1113 3055 est,
1167 2987 1221 3043 in
1260 2988 1589 3058 supplicium
1635 3005 1741 3044 non
1776 2993 1943 3057 venit,
1989 2994 2083 3048 sed
2133 2996 2263 3052 vivit

667 3081 837 3136 vitam
883 3087 1171 3148 aeternam,
1223 3098 1327 3139 non
1380 3083 1602 3141 subiens
1649 3094 1883 3143 mortem
1935 3089 2152 3155 animai,
2196 3107 2260 3145 ac

2378 583 2558 652 τιμῶν
2584 585 2676 636 τὸν
2710 585 2854 647 Υἱὸν,
2893 585 2954 637 οὐ
2986 584 3124 655 τιμᾷ
3177 583 3269 636 τὸν
3303 582 3545 653 Πατέρα.
3582 603 3603 637 ο
3668 583 3727 639 Ὁ
3772 587 3852 655 μὴ
3897 603 3987 639 τι-

2381 676 2521 746 μῶν,
2570 678 2755 746 φησιν,
2793 675 2991 742 οὓτως,
3029 676 3104 739 ὡς
3144 671 3320 741 εἷπον,
3355 676 3538 740 καθὼς
3585 678 3680 730 καὶ
3722 678 3821 730 τὸν
3862 680 3957 733 Πα

2376 769 2669 840 τέρα’ὲπεὶ
2692 769 2744 822 el
2766 786 2848 832 τις
2873 768 3043 836 λέγει,
3093 770 3174 823 ὅτι
3202 768 3405 841 κτίσμα
3440 771 3540 840 μὲν
3568 772 3596 823 ό
3622 770 3776 833 Υἱὸς,
3806 771 3981 840 (amp.

2377 859 2519 929 έχων
2552 859 2607 911 δὲ
2638 860 2859 913 πάντων
2892 858 3001 912 τῶν
3034 860 3374 929 κτισμάτων,
3422 862 3518 914 καὶ
3578 860 3770 930 δοκοίη
3816 862 3977 933 χαρί·
4066 868 4075 875 ’

2376 949 2571 1014 {saliat
2605 950 2683 1019 τῷ
2721 951 2837 1021 Υἱῷ
2875 950 3046 1021 ψευδῆ
3074 950 3282 1020 ταύτην
3335 951 3428 1005 καὶ
3472 953 3719 1022 ματαίαν
3772 954 3974 1024 τιμὴν,

2375 1040 2638 1113 ἀτιμάζει
2682 1045 2901 1107 πάντως
2944 1044 3039 1097 καὶ
3094 1044 3189 1097 τὸν
3238 1044 3460 1115 Πατέρα
3528 1044 3621 1098 τὸν
3668 1046 3986 1115 πέμψαντα

2375 1136 2561 1191 αὐτόν.
2604 1136 2677 1189 Τὸ
2709 1137 2787 1199 δὲ,
2843 1156 2861 1189 ι
2902 1136 3223 1206 πέμψαντα,
3262 1155 3280 1190 ι
3339 1131 3517 1200 εἶπεν,
3553 1138 3638 1191 ίνα
3676 1139 3753 1209 μὴ
3809 1138 3987 1207 ἐκθη-

2381 1227 2650 1296 ριωθῶσι,
2686 1227 2832 1281 καοά
2884 1229 3247 1299 προείπομεν.
3282 1226 3393 1299 Τὴν
3438 1228 3547 1301 γάρ
3591 1228 3985 1293 διδασκαλεαν,

2371 1318 2445 1382 ὡς
2482 1322 2719 1391 εῐρηται,
2770 1320 2958 1375 πλέκει
3010 1320 3354 1391 θαυμασίως,
3392 1322 3522 1375 ποτὲ
3556 1321 3658 1392 μὶν
3693 1323 3762 1374 τὶ
3790 1321 3988 1390 ὑψηλά

2374 1409 2555 1481 ἑαυτῷ
2601 1410 3069 1484 προσμαρτυρῶν,
3117 1411 3195 1475 ὡς
3241 1408 3311 1480 ἦν
3340 1413 3515 1478 ἀξιον,
3562 1413 3697 1465 ποτὲ
3742 1413 3827 1474 δὲ,
3882 1412 3981 1465 διὰ

2370 1503 2470 1575 τὴν
2515 1506 2715 1576 μανίαν
2747 1505 2855 1558 τῶν
2894 1504 3106 1577 ἐχθρῶν
3149 1506 3448 1572 Ἰουδαίων,
3497 1508 3564 1559 τὰ
3599 1508 3868 1560 ταπεινά.
3917 1504 3983 1559 Ei

2371 1596 2480 1667 γάρ
2534 1599 2627 1649 καὶ
2666 1597 3005 1661 ἀναστάντος
3048 1599 3108 1651 ὲκ
3147 1598 3385 1669 νεκρῶν,
3422 1599 3516 1651 καὶ
3556 1599 3867 1660 ἀναῦάντος
3899 1601 3984 1660 εἰς

2369 1688 2652 1758 οὐρανοὺς,
2682 1690 2775 1741 καὶ
2802 1690 2889 1742 διὰ
2912 1689 3020 1743 τῶν
3056 1691 3371 1745 ἀποστόλων
3414 1691 3696 1755 ὣίξιντος
3756 1693 3861 1762 τὴν
3894 1694 3980 1744 οὶ-

2370 1778 2526 1832 κείαν
2556 1780 2815 1850 δύναμιν,
2869 1780 3256 1849 ἐπανέστησαν
3289 1782 3508 1851 ’Ἄρειος
3565 1781 3663 1833 καὶ
3696 1781 3984 1851 Εὐνόμιος

2370 1875 2436 1943 τῇ
2466 1872 2592 1943 δόξῃ
2627 1872 2816 1940 αὑτοῦ,
2852 1872 2946 1926 καὶ
2990 1874 3071 1936 είς
3096 1873 3302 1943 κτίσμα
3324 1874 3488 1926 αὑτὸν
3524 1874 3850 1942 κατήγαγον
3880 1890 3896 1905 ο
3931 1876 3984 1926 εί

2371 1966 2495 2019 τότε
2534 1966 2779 2020 Ἰουδαῖοι
2831 1964 3123 2036 βλέποντες
3175 1966 3340 2019 αὐτὸν
3397 1966 3454 2018 ὲν
3507 1965 3677 2035 σαρκὶ
3732 1981 3987 2035 περιττα-

2371 2059 2570 2113 τοῦντα
2596 2060 2735 2130 μετά
2757 2060 2865 2113 τῶν
2884 2061 3133 2113 τελωνῶν
3150 2060 3243 2113 καὶ
3270 2059 3513 2130 πορνῶν,
3548 2060 3642 2114 καὶ
3659 2058 3979 2129 τρώγοντα,

2372 2154 2468 2208 καὶ
2499 2154 2749 2221 πίνοντα,
2780 2154 2857 2218 ὡς
2897 2155 2997 2208 ἕνα
3029 2154 3139 2208 τῶν
3174 2152 3412 2218 πολλῶν,
3445 2153 3499 2206 τί
3544 2155 3645 2206 οὐκ
3683 2152 3752 2205 ἂν
3777 2154 3980 2223 ἐποίη-

2373 2263 2498 2311 σαν,
2527 2248 2574 2300 εί
2608 2247 2788 2301 πάντα
2830 2246 3013 2317 ὑψηλά
3079 2249 3206 2317 περὶ
3266 2245 3465 2301 ἑαυτοῦ
3507 2246 3689 2313 ἔλεγε,
3745 2248 3845 2299 καὶ
3900 2248 3979 2318 μὴ

2374 2340 2820 2409 συγκατεμὶγννε
2875 2342 2970 2392 καὶ
3016 2339 3085 2392 τὰ
3129 2341 3397 2405 ταπεινάς
3450 2340 3543 2392 Διὸ
3588 2339 3686 2392 καὶ
3731 2338 3975 2405 ἐπάγει·

2379 2451 2396 2483 ι
2454 2431 2509 2484 Ὀ
2565 2432 2784 2485 ἀκούων
2834 2450 2935 2502 μου
2978 2433 3109 2495 τοὺς
3161 2432 3375 2500 λόγους,
3444 2434 3538 2486 καί
3571 2431 3852 2485 πιστεύων
3895 2431 3977 2501 τῷ

2372 2524 2652 2594 πέμψαντί
2685 2542 2775 2595 με,
2806 2525 2921 2597 ἔχει
2986 2525 3132 2598 ζωὴν
3165 2524 3405 2579 αἰώνιον.
3448 2544 3465 2578 ι
3501 2526 3613 2588 Τάς
3655 2524 3711 2579 δὲ
3740 2528 3977 2595 γνώμας

2371 2618 2555 2670 αὐτῶν
2608 2621 2700 2671 καὶ
2758 2617 2847 2671 διὰ
2909 2617 3121 2672 τούτων
3183 2618 3432 2691 ίλαρύνει
3483 2619 3823 2682 ἀκουόντων,
3892 2618 3980 2669 ὅτι

2370 2710 2492 2781 Θεῷ
2521 2711 2779 2781 μέλλουσι
2824 2711 3106 2766 πιστεύειν
3136 2712 3431 2774 ἀκούοντες
3466 2713 3591 2775 τοὺς
3642 2711 3842 2780 λόγους
3872 2712 3978 2764 αὺ-

2370 2802 2487 2855 τοῦ.
2523 2804 2595 2856 Οὐ
2633 2804 2742 2875 γὰρ
2794 2797 2983 2869 εἶπεν,
3020 2803 3105 2857 ὅτι
3170 2802 3232 2856 Ὀ
3276 2802 3551 2855 πιστεύων
3596 2802 3746 2871 ἐμοὶ,
3812 2801 3978 2865 ἀλλὰ,

2379 2915 2398 2950 ι
2435 2897 2527 2967 Τῷ
2550 2897 2831 2967 πέμψαντί
2865 2915 2955 2969 με.
2988 2917 3005 2950 ι
3052 2898 3112 2951 Ὀ
3138 2899 3321 2953 τοίνυν
3350 2896 3624 2951 πιστεύων
3651 2894 3873 2965 ἐκείνῳ,
3893 2896 3977 2958 εἰς

2370 2990 2577 3058 κρίσιν,
2597 2990 2717 3060 ἤτοι
2746 2992 2826 3055 είς
2858 2990 3099 3054 κόλασιν,
3121 2992 3220 3044 οὐκ
3252 2990 3501 3061 ἔρχεται,
3531 2988 3666 3041 ἀλλὰ
3700 2989 3767 3059 ζῇ
3797 2988 3977 3040 ἁῖδιον

2368 3083 2537 3153 ζωὴν,
2573 3084 2807 3137 Θάνατον
2859 3084 2949 3139 τὸν
3002 3084 3236 3155 ψυχικὸν
3302 3086 3396 3138 καὶ
3454 3082 3676 3137 αἰώνιον
3738 3083 3819 3152 μὴ
3866 3085 3975 3151 ὑφ-

667 3181 954 3241 mternam,
1006 3174 1223 3228 etiamsi
1276 3174 1579 3231 naturalem
1626 3186 1681 3231 et
1735 3179 2090 3249 temporalem
2149 3198 2257 3237 non

2372 3179 2794 3248 ιστάμενος,εἰ
2849 3178 2945 3231 καὶ
3003 3178 3095 3250 τὸν
3156 3177 3389 3246 φυσικὸν
3462 3178 3555 3231 τὸν
3622 3180 3975 3249 πρόσκαιρον

664 3264 913 3336 effugiat.

738 3352 907 3410 Vsus.
946 3352 1142 3410 25-29.
1181 3374 1198 3406 ι
1253 3356 1448 3424 Amen,
1504 3374 1665 3415 amen
1715 3358 1841 3415 dico
1889 3362 2061 3427 vobis,
2118 3365 2260 3434 quod

662 3448 813 3505 venit
864 3449 1019 3514 hora,
1070 3461 1126 3505 et
1192 3468 1337 3508 nunc
1390 3464 1499 3519 est,
1539 3456 1758 3521 quando
1806 3461 2003 3513 mortui
2039 3462 2263 3515 audient

662 3557 850 3598 vocent
909 3541 1032 3598 Filii
1086 3544 1213 3599 Dei:
1265 3556 1318 3600 et
1367 3545 1458 3617 qui
1506 3548 1805 3617 audierint,
1849 3552 2053 3608 vivent.
2107 3552 2261 3608 Sicut

661 3636 807 3690 enim
838 3632 998 3691 Pater
1030 3638 1196 3693 habet
1229 3640 1393 3693 vitam
1438 3640 1493 3695 in
1524 3643 1851 3713 semetipso,
1889 3646 1971 3700 sic
2010 3646 2156 3701 dedit
2203 3656 2259 3702 et

662 3725 804 3787 Filio
852 3730 906 3785 in
956 3732 1252 3801 semetipso
1303 3734 1506 3791 habere
1551 3736 1767 3792 vitam:
1828 3748 1884 3793 et
1932 3749 2256 3808 potesmtem

661 3820 817 3877 dedit
848 3822 1190 3890 eijudicandi
1232 3839 1475 3895 quoque,
1510 3829 1638 3896 quia
1670 3828 1841 3885 Filius
1868 3833 2104 3886 hominis
2151 3845 2256 3890 est.

660 3912 841 3971 Nolite
888 3915 1079 3971 mirari
1123 3917 1269 3983 hoc;
1305 3910 1432 3986 quia
1468 3918 1616 3975 venit
1647 3919 1781 3976 hora
1834 3923 1888 3977 in
1916 3922 2021 3992 qua
2068 3941 2261 3981 omnes

660 4008 752 4077 qui
796 4006 852 4061 in
897 4009 1269 4065 monumentis
1318 4019 1467 4077 sunt,
1517 4011 1741 4068 audient
1778 4029 1961 4071 vocem
2005 4016 2159 4087 ejus;
2207 4028 2262 4073 et

660 4102 956 4173 prodibunt
1003 4104 1095 4173 qui
1147 4103 1291 4159 bona
1340 4104 1630 4173 fecerunt,
1687 4107 1741 4163 in
1797 4110 2256 4167 resurrectionem

656 4204 826 4268 vim;
874 4200 968 4274 qui
1010 4216 1139 4258 vero
1189 4202 1332 4260 male
1381 4212 1635 4274 egerunt.
1672 4204 1727 4261 in
1792 4209 2255 4266 resurrectionem

656 4293 1151 4349 condetnnationis.
1193 4311 1211 4345 ι
1251 4293 1475 4350 Dixerat
1518 4297 1775 4365 superius
1806 4302 1951 4369 quod
2000 4302 2091 4371 qui
2146 4318 2257 4358 non

2365 3272 2657 3341 ὑποσταίη.
2940 3318 2943 3319 ν

2444 3385 2462 3417 ι
2509 3367 2716 3437 Ἀμὴν,
2752 3366 2901 3439 ἀμὴν
2933 3366 3079 3434 λέγω
3114 3368 3270 3438 ὑμῖν,
3305 3368 3387 3421 ὅτι
3422 3367 3645 3439 ἔρχεται
3681 3365 3837 3437 ῶρα,
3872 3367 3971 3419 καὶ

2365 3458 2462 3512 νῦν
2497 3461 2680 3525 ἐστιν,
2716 3460 2803 3514 ὅτε
2840 3462 2889 3514 οί
2927 3461 3113 3532 νεκροὶ
3146 3459 3476 3514 ἀκούσονται
3510 3459 3609 3528 τῆς
3647 3459 3838 3529 φωνῆς
3869 3458 3968 3511 τοῦ

2366 3550 2500 3606 Υἱοῦ
2533 3552 2627 3607 τοῦ
2662 3553 2820 3617 Θεοῦ,
2857 3556 2951 3609 καὶ
2985 3556 3034 3608 οἱ
3071 3556 3406 3619 ἀκούσαντες
3441 3553 3727 3631 ζήσονται.
3750 3554 3972 3623 Ὠσπερ

2365 3646 2472 3717 γάρ
2506 3646 2533 3697 ὁ
2571 3645 2761 3717 Πατὴρ
2797 3645 2942 3717 ζωὴν
2975 3645 3090 3717 εχει
3126 3649 3184 3700 ὲν
3217 3645 3627 3717 ἑαυτῷποῦτως
3664 3644 3835 3698 ἔδωκε
3869 3646 3968 3698 καὶ

2362 3738 2443 3806 τῷ
2486 3739 2599 3808 Υίῴ
2643 3740 2788 3809 ζωὴν
2823 3739 2969 3810 ἐχειν
3001 3741 3059 3793 ὲν
3093 3739 3306 3809 ἐαυτῷ,
3340 3739 3438 3794 καὶ
3477 3738 3728 3805 ἔξουσίαν
3764 3738 3968 3793 ἔδωκεν

2364 3831 2513 3901 αὐτῷ
2542 3832 2635 3884 καὶ
2663 3832 2845 3901 κρίσιν
2871 3834 3043 3887 ποιεῖν
3071 3848 3084 3863 ·
3113 3835 3196 3887 ὅτι
3226 3832 3355 3897 Υἱὸς
3382 3832 3676 3902 ἀνθρώπου
3706 3831 3845 3887 ἔστί.
3872 3832 3966 3902 Μὴ

2364 3924 2677 3995 θαυμάζετε
2703 3926 2883 3992 τοῦτο,
2910 3928 2993 3981 ὅτι
3025 3926 3249 3999 ἔρχεται
3277 3928 3416 4001 ῶρα,
3444 3930 3501 3982 ὲν
3591 3927 3797 3990 πάντες
3826 3927 3878 3980 οἱ
3909 3928 3969 3979 ιν

2364 4022 2479 4081 τοῖς
2508 4021 2797 4091 μνημείοις
2825 4010 3155 4075 ἀκούσονται
3181 4022 3285 4092 τῆς
3312 4022 3497 4091 φωνῆς
3524 4020 3717 4085 αὐτοῦ,
3748 4020 3848 4073 καὶ
3876 4020 3971 4073 ικ-

2365 4111 2749 4180 πορεύσονται,
2780 4112 2829 4166 οἱ
2859 4114 2928 4167 τά
2959 4113 3142 4183 ἀγαθά
3174 4116 3520 4187 ποιήσαντες,
3554 4117 3635 4178 εἰς
3662 4115 3969 4169 ἀνάστασιν

2364 4204 2535 4275 ζωῆς,
2564 4206 2612 4258 οἱ
2642 4206 2700 4259 δὲ
2728 4206 2796 4259 τὰ
2828 4207 3012 4277 φαῦλα
3046 4206 3376 4278 πράξαντες,
3404 4210 3486 4272 είς
3516 4208 3822 4262 ἀνάστασιν
3849 4209 3969 4279 κρε-

2363 4314 2524 4362 σεως.
2560 4315 2578 4348 ›
2610 4297 2797 4352 Εἰπὼν
2823 4300 3107 4371 ἀνωτέρω,
3131 4301 3212 4354 ὅτι
3246 4318 3265 4353 ι
3294 4299 3363 4371 'O
3394 4301 3468 4371 μὴ
3492 4301 3670 4371 τιμῶν
3697 4302 3790 4353 τὸν
3816 4302 3965 4363 Υἱὸν,

657 4385 894 4441 honorat
947 4385 1181 4452 Filium,
1232 4402 1341 4443 non
1398 4387 1635 4445 honorat
1689 4389 1943 4456 Patrem,
2000 4392 2257 4449 sublimia

2367 4390 2423 4443 οὐ
2448 4392 2583 4461 τιμᾷ
2607 4391 2699 4444 τὸν
2723 4391 2964 4462 Πατέρα,
2985 4394 3080 4447 καὶ
3100 4393 3283 4463 ὑψηλά
3305 4411 3427 4447 τινα
3451 4394 3580 4465 περὶ
3601 4392 3771 4447 αὑτοῦ
3798 4395 3968 4461 φθεγ-

655 4476 905 4547 quazdam
947 4468 1014 4534 de
1054 4494 1117 4536 se
1158 4480 1373 4535 locutus
1400 4497 1413 4534 :
1440 4495 1562 4550 qua:
1603 4489 1663 4536 ut
1707 4496 1780 4538 ne
1824 4482 2117 4539 videantur
2162 4499 2260 4554 per

2367 4481 2597 4551 ξάμενος
2616 4525 2630 4547 ,
2663 4483 2752 4537 ἵνα
2789 4483 2865 4556 μὴ
2898 4484 3023 4556 δόξῃ
3062 4486 3279 4556 κόμπος
3306 4480 3448 4541 εἶναι
3474 4484 3510 4539 ἀ
3536 4484 3684 4553 λέγει
3705 4527 3720 4549 ,
3751 4489 3849 4540 καὶ
3876 4488 3969 4540 τώ-

654 4572 1027 4643 arrogantiam
1072 4583 1129 4629 et
1175 4574 1393 4629 inanem
1433 4574 1664 4647 gloriam
1698 4576 1879 4643 dicta,
1912 4577 2160 4649 adjungit
2205 4590 2260 4634 et

2367 4591 2467 4643 φος
2501 4575 2748 4639 διάκενος
2771 4616 2785 4639 ,
2820 4576 3052 4646 παρέχει
3089 4576 3183 4629 καὶ
3215 4575 3313 4647 τήν
3346 4576 3436 4631 διά
3468 4571 3579 4631 τῶν
3610 4576 3795 4646 ἔργων
3827 4578 3968 4630 ἀπό·

654 4670 1181 4727 detuonstrationem
1236 4686 1334 4742 per
1380 4685 1583 4743 opera,
1633 4670 1824 4729 dicens
1861 4691 1880 4726 ι
1910 4672 2065 4741 Quod
2110 4673 2259 4730 venit

2367 4668 2531 4736 δειξιν
2560 4668 2755 4737 λέγων,
2782 4670 2865 4724 ὅτι
2897 4689 2916 4721 ι
2946 4671 3212 4741 Ἔρχεται
3238 4670 3378 4745 ῶρα’
3403 4690 3421 4737 ι
3456 4665 3598 4738 εἶτα,
3629 4670 3718 4724 ἵνα
3750 4670 3829 4742 μὴ
3860 4688 3966 4738 μα-

654 4762 814 4819 bora.
845 4783 865 4817 ι
900 4764 1112 4821 Deinde
1165 4775 1227 4821 ut
1254 4780 1328 4822 ne
1377 4765 1596 4835 longum
1635 4767 1991 4836 suspicentur
2020 4778 2254 4855 tentpus’

655 4860 832 4932 inquit
872 4878 889 4912 ι
932 4860 999 4916 Ει
1048 4876 1195 4917 nunc
1256 4870 1368 4929 est,
1406 4862 1625 4932 quando
1655 4862 1859 4918 mortui
1905 4862 2132 4919 audient
2161 4882 2258 4920 v0-

654 4969 774 5011 cem
831 4954 955 5010 Filii
1011 4953 1133 5020 Dei,
1173 4974 1191 5009 ι
1234 4955 1341 5011 hoc
1385 4964 1492 5022 est,
1558 4968 1735 5011 meam
1764 4996 1780 5023 ,
1828 4955 1921 5027 qui
1974 4958 2255 5014 vobiscum

653 5062 975 5105 eonversor.
1007 5048 1145 5104 Dicit
1172 5058 1355 5105 autem
1386 5050 1503 5105 haec
1526 5052 1593 5106 de
1625 5049 1692 5106 iis
1717 5066 1858 5122 quos
1886 5051 2255 5109 suscitaturus

653 5151 809 5209 erat;
844 5150 902 5197 ut
938 5144 1005 5198 de
1035 5141 1147 5198 ﬁlio
1172 5143 1372 5209 viduae,
1405 5142 1517 5198 lilia
1542 5144 1960 5215 archisynagogi
1992 5155 2045 5200 et
2078 5144 2253 5201 Laza-

654 5251 740 5291 ro.
775 5234 980 5292 Deinde
1006 5247 1056 5291 et
1096 5236 1364 5293 rationem
1396 5234 1555 5292 aﬂ‘ert
1598 5237 1871 5292 dictorum
1905 5238 2252 5293 demonstra-

653 5330 1024 5398 tivam;dicit
1055 5331 1240 5387 enim:
1306 5349 1325 5384 ι
1361 5331 1513 5387 Sicut
1547 5329 1709 5387 Pater
1760 5333 1927 5388 vitam
1978 5332 2144 5388 habet
2198 5333 2252 5388 in

654 5423 972 5495 semetipso,
1030 5424 1100 5480 ita
1166 5424 1312 5479 dedit
1371 5435 1427 5480 et
1488 5422 1627 5481 Filio
1683 5424 1850 5480 vitam
1906 5425 2112 5483 habere
2198 5427 2250 5481 in

654 5520 975 5588 semetipso,
1018 5537 1037 5571 ι
1079 5527 1138 5572 ιιι
1162 5517 1399 5573 viviﬁcet
1433 5518 1718 5574 audientes
1742 5533 1930 5574 vocem
1967 5523 2108 5590 ejus.
2135 5520 2250 5575 Non

652 5611 830 5667 solum
863 5618 1044 5667 autem
1074 5618 1399 5680 potestatem
1436 5610 1583 5667 dedit
1617 5610 1667 5667 ei
1695 5609 2029 5677 viviﬁcandi,
2065 5616 2159 5669 sed
2198 5622 2251 5666 et

656 5705 890 5762 faciendi
930 5704 1196 5773 judicium
1233 5712 1289 5759 et
1323 5705 1603 5775 puniendi.
1645 5706 1803 5775 Saepe
1828 5716 2007 5762 autem
2056 5708 2109 5762 in
2138 5722 2250 5762 me-

650 5800 798 5853 dium
866 5800 1023 5859 affert
1093 5815 1379 5857 sermones
1436 5800 1504 5856 de
1550 5800 1791 5871 judicio,
1858 5809 1916 5854 ut
1971 5802 2247 5858 auditores

651 5894 870 5949 excitet.
906 5895 1003 5953 Cui
1040 5896 1184 5952 enim
1227 5909 1548 5967 persuasum
1584 5903 1667 5951 est
1710 5893 1853 5966 quod
1898 5893 2249 5968 suscitandua

2364 4762 2495 4836 κρὸν
2516 4764 2951 4835 ὑποπτεύσωμεν
2970 4764 3063 4816 τὸν
3086 4766 3239 4835 χρόν(
3260 4784 3300 4830 ι,
3327 4764 3481 4835 φησι·
3516 4767 3657 4820 «Καὶ
3675 4765 3773 4820 νῦν
3796 4766 3968 4831 ἔστιν.

2362 4860 2451 4913 ὅτε
2478 4861 2527 4914 οἱ
2552 4860 2738 4930 νεκροὶ
2762 4858 3089 4913 ἀκούσονται
3112 4862 3214 4931 τῆς
3240 4860 3427 4931 φωνῆς
3449 4860 3544 4915 τοῦ
3573 4859 3730 4926 Υίοῦ,
3762 4880 3784 4915 ι
3812 4881 3969 4917 τουτ-

2362 4957 2500 5019 έστι,
2530 4955 2627 5009 νῦν
2655 4954 2791 5025 ἐμοῦ
2824 4954 2945 5026 μεθ’
2968 4955 3126 5026 ὑμῶν
3152 4955 3547 5027 διατρίϐοντος.
3576 4956 3769 5012 Ταῦτα
3796 4958 3855 5013 δὲ
3881 4959 3969 5014 λέ-

2359 5068 2446 5118 γει
2480 5052 2608 5121 περὶ
2633 5043 2708 5104 ῶν
2731 5050 2956 5119 ἔμελλεν
2978 5050 3286 5123 ἀναστῆσαι
3314 5052 3548 5124 νεκρῶν,
3582 5047 3697 5106 οἷον
3717 5052 3818 5108 τοῦ
3848 5054 3965 5108 υίοῦ

2359 5142 2461 5210 τῆς
2508 5143 2704 5213 χήρας.
2745 5142 3163 5213 τῆςθυγατρὸς
3204 5142 3300 5197 τοῦ
3345 5144 3831 5216 ἀρχισυναγώγου,
3872 5148 3965 5202 καὶ

2358 5232 2455 5286 τοῦ
2487 5233 2761 5306 Λαζάρου.
2792 5230 2927 5290 Εἶτα
2954 5236 3050 5289 καὶ
3076 5235 3341 5307 λογισμὸν
3370 5238 3570 5306 ἐπάγει
3594 5237 3708 5291 τῶν
3736 5238 3966 5309 εἰρημέ-

2360 5346 2468 5381 νων
2508 5329 2915 5384 ἀποδεικτικόν.
2966 5348 2985 5383 ι
3019 5330 3233 5401 Ὥσπερ
3279 5330 3409 5400 γάρ,
3459 5332 3645 5399 φησὶν,
3694 5332 3723 5383 ὁ
3774 5332 3961 5403 Πατὴρ

2358 5421 2507 5494 ζωὴν
2538 5422 2653 5492 ἔχει
2689 5424 2747 5476 ὲν
2780 5423 2979 5492 ἑαυτῷ,
3010 5422 3187 5487 οὕτως
3219 5425 3389 5478 ἔδωκε
3424 5424 3519 5476 καὶ
3548 5423 3626 5493 τῷ
3664 5424 3782 5492 fit};
3818 5423 3960 5493 ξωὶςν

2358 5517 2503 5589 ἔχειν
2531 5520 2588 5571 ἐν
2614 5517 2795 5588 ἐαυτῷ
2816 5535 2829 5548 ο
2867 5536 2885 5568 ι
2916 5517 3003 5572 ἴνα
3037 5518 3279 5590 ζωογονῇ
3307 5520 3431 5581 τοὺς
3459 5520 3765 5583 ἀκούοντας
3797 5520 3958 5573 αὑτοῦ

2357 5611 2453 5679 τῆς
2486 5610 2692 5679 φωνῆς.
2721 5611 2797 5664 Οὐ
2833 5610 2995 5679 μόνον
3019 5611 3077 5665 δὲ
3104 5609 3353 5675 ἐξουσίαν
3375 5612 3612 5665 δέδωκεν
3638 5613 3795 5681 αὐτῷ
3828 5615 3954 5677 {un-

2355 5707 2555 5773 γονεῖν,
2593 5704 2733 5759 ἀλλά
2782 5705 2877 5758 καὶ
2921 5706 3103 5778 κρξσιν
3139 5708 3336 5771 ποιεῖν,
3380 5706 3522 5760 ὥστε
3570 5707 3829 5771 κολάζειν
3869 5710 3955 5760 καὶ

2352 5798 2737 5871 τιμωρεῖσθαι.
2777 5798 3025 5869 Συνεχῶς
3060 5800 3117 5853 δὲ
3152 5802 3278 5865 τοὺς
3318 5802 3447 5872 περὶ
3488 5802 3725 5872 κρίσεως
3768 5802 3954 5866 Myos;

2343 5894 2431 5957 ἐἰς
2470 5895 2528 5947 τδ
2572 5893 2737 5965 μέσον
2777 5892 2921 5961 ἄγει,
2967 5893 3055 5951 ἵνα
3095 5894 3219 5960 τοὺς
3258 5895 3535 5969 ἀκροατὰς
3578 5897 3950 5965 irtus-{qun
