4218 6424
229 411 368 479 1273

941 418 1389 480 ENARRATIO
1428 420 1511 482 IN
1554 419 2067 484 EVANGELIUM
2101 419 2451 484 JOANNIS.
2481 444 2549 455 —
2575 418 2738 481 CAP.
2779 419 2842 479 V.

3413 413 3554 480 ιετι

233 531 296 586 Ὀ
327 528 433 599 γάρ
465 530 729 596 πεισθεὶς,
761 531 842 584 ὅτι
871 532 964 585 καὶ
991 533 1387 604 ἀναστήσεται,
1418 537 1514 590 καὶ
1543 535 1695 606 αὑτῷ
1726 536 1831 590 δώ-

1942 537 2016 592 sit
2056 544 2377 603 recepturus
2407 531 2733 587 delictorum
2762 543 2952 599 poenas
2977 568 2989 590 ,
3026 526 3252 580 omnino
3278 527 3451 580 currit
3485 527 3552 582 ad

223 637 310 674 cm
347 620 445 683 τὰς
488 621 722 685 εὐθύνας
763 622 875 674 τῶν
916 623 1504 694 πεπλημμελημένων,
1549 626 1832 696 προσδρα-

223 714 408 783 μεῖται
449 714 667 778 πάντως
709 713 882 783 αὐτῷ,
924 713 1303 787 ὲξιλεούμενος
1344 717 1534 780 αὐτὸν,
1575 717 1652 781 ὼς
1697 717 1830 789 μέλ-

220 804 383 857 λοντα
416 805 584 857 αὑτοῦ
621 806 816 874 κριτὴν
849 805 1094 863 ἔσεσθαι.
1131 808 1223 877 Μὴ
1259 808 1573 877 θαυμάζετε
1619 809 1674 862 δὲ
1698 850 1714 873 ,
1747 809 1831 862 ὃτι

221 896 353 960 Υἱὸς
395 896 690 966 ἀνθρώπου
739 898 908 954 ἐστίν.
959 900 1022 953 Εἰ
1067 899 1178 971 γάρ
1224 902 1317 954 καὶ
1361 901 1490 965 Υίὸς
1535 901 1829 972 ἀνθρώπου

220 987 409 1054 ἐστὶν,
445 990 581 1043 ἀλλὰ
615 992 709 1044 καὶ
744 990 880 1055 Θεός
913 993 1063 1045 ἐστιν
1091 1008 1103 1022 ’
1140 993 1283 1048 ὥστε
1317 993 1418 1065 τὴν
1454 993 1643 1065 κρίσιν
1677 993 1830 1046 εικό-

221 1097 330 1144 τως
363 1080 513 1151 ἔχει,
545 1081 623 1146 ὡς
654 1081 782 1146 Υίὸς
815 1082 976 1137 Θεοῦ.
1009 1084 1072 1136 El
1100 1084 1158 1139 δὲ
1188 1086 1282 1140 καὶ
1312 1085 1604 1157 ἄνθρωπος
1636 1084 1831 1152 φαίνε-

219 1189 334 1235 ται,
371 1173 448 1244 μὴ
481 1174 820 1244 θαυμάζετε.
850 1175 974 1246 Χρὴ
1003 1176 1063 1230 δὲ
1092 1179 1411 1245 γινώσκειν,
1443 1181 1524 1232 ὅτι
1559 1177 1773 1240 Παῦλος
1803 1178 1832 1230 ὁ

223 1263 599 1336 Σαμοσατεὺς,
648 1266 806 1336 ψιλὸν
849 1267 1143 1338 ἄνθρωπον
1185 1270 1536 1340 δογματίζων
1578 1269 1670 1323 τὸν
1714 1269 1834 1324 Κύ-

227 1371 376 1426 ριον,
422 1355 596 1420 οὕτως
649 1358 990 1425 ἀνεγίνωσκε
1033 1360 1196 1414 τοῦτο
1241 1362 1305 1414 τὸ
1352 1361 1593 1432 χωρίον·
1645 1380 1664 1413 ι
1719 1362 1834 1416 Καὶ

222 1445 478 1514 ἔξουσίαν
512 1447 713 1502 ἔδωκεν
749 1449 938 1520 αὐτῷ,
974 1453 1070 1506 καὶ
1113 1453 1298 1521 κρίσιν
1334 1457 1541 1518 ποιεῖν,
1579 1455 1662 1508 ὅτι
1703 1455 1833 1519 Υἱὸς

224 1538 520 1610 ἀνθρώπου
567 1544 750 1596 ἔστίν·
808 1562 825 1594 ι
874 1544 1115 1598 ἐνταῦθα
1158 1545 1218 1598 δὲ
1266 1545 1497 1613 στίζων,
1547 1546 1642 1603 ἀπ’
1665 1546 1834 1616 ἄλλης

221 1632 402 1703 ἀρχῆς
433 1634 767 1704 ἀνεγίνωσκε
794 1636 874 1702 τὸ,
901 1654 919 1689 ι
941 1637 1034 1708 Μὴ
1052 1637 1365 1708 θαυμάζετε
1393 1640 1604 1693 τοῦτο.ι
1643 1640 1835 1710 Ἀνόη-

224 1739 319 1775 τον
347 1723 406 1777 δὲ
431 1724 655 1789 τελείως
682 1727 802 1780 ἐστὶ
826 1728 888 1781 τὸ
917 1728 1093 1792 οὕτως
1123 1730 1549 1798 ἀναγινώσκειν.
1579 1731 1694 1802 Τὴν
1725 1733 1834 1800 γάρ

223 1815 408 1886 κρίσιν
433 1818 635 1872 δέδωκε
663 1820 740 1890 τῷ
776 1820 890 1891 Υιῷ
919 1823 946 1874 ὸ
979 1824 1190 1895 Πατὴρ,
1219 1825 1319 1895 οὐχ
1347 1827 1430 1879 ὅτι
1461 1826 1590 1890 Υίὸς
1622 1825 1837 1896 ἀνθρὼ-

1938 629 2117 697 ipsum
2171 627 2462 695 placatque
2513 633 2570 677 υι
2623 638 2784 678 suum
2840 620 3083 674 futurum
3155 618 3422 686 judicent.
3476 617 3554 672 Nc

1936 719 2285 775 admiremini
2321 728 2503 772 autem
2552 716 2696 786 quod
2743 712 2914 768 Filius
2952 712 3190 767 hominis
3254 721 3339 764 est
3371 726 3384 770 ;
3423 724 3551 762 nam

1935 811 2191 880 quamvis
2225 810 2399 865 Filius
2443 807 2705 873 hominis,
2739 816 2822 860 est
2855 816 3040 860 tamen
3088 813 3136 857 et
3179 803 3343 857 Deus.
3381 802 3448 856 Et
3480 801 3552 856 ita

1930 905 2208 977 judicium
2243 903 2442 958 merito
2476 903 2641 957 habet
2676 901 2819 955 sicut
2856 899 3028 954 Filius
3083 898 3200 952 Dei.
3257 895 3316 950 Si
3369 904 3552 950 autem

1936 1009 1992 1060 et
2019 998 2185 1052 homo
2215 1004 2500 1065 appareat,
2533 1009 2602 1047 ne
2631 991 3007 1048 admiremini.
3038 990 3335 1044 Sciendum
3364 996 3550 1041 autem

1937 1093 2082 1163 quod
2116 1089 2318 1144 Paulus
2347 1088 2745 1144 Samosatenus
2792 1086 2997 1140 docens
3030 1083 3324 1137 Domiumn
3359 1097 3554 1149 purum

1936 1197 2060 1240 esse
2091 1181 2394 1245 hominem,
2423 1180 2503 1234 sic
2539 1179 2668 1249 legit
2706 1179 2852 1232 hunc
2881 1183 3064 1232 locum
3099 1194 3113 1230 z
3159 1195 3176 1225 ε
3217 1175 3279 1228 Ει
3313 1184 3557 1244 ροιοςιοο

1939 1286 2046 1331 tem
2079 1274 2228 1328 dedit
2253 1272 2300 1327 ei
2329 1271 2600 1343 judicium
2639 1271 2901 1334 faciendi,
2936 1269 3062 1338 quia
3091 1268 3264 1323 Filius
3316 1267 3558 1322 hominis

1937 1377 2041 1424 est.
2081 1385 2100 1419 ι
2152 1363 2267 1420 Hoc
2312 1372 2496 1418 autem
2537 1362 2657 1417 loco
2719 1371 2984 1430 punctum
3043 1359 3272 1421 faciens,
3331 1357 3400 1411 ab
3449 1357 3558 1411 alio

1937 1458 2213 1530 principio
2237 1455 2389 1524 legit,
2427 1473 2446 1505 ε
2479 1453 2558 1508 Ne
2592 1453 2938 1507 admiremini
2967 1453 3090 1505 hoc.
3122 1470 3139 1502 ι
3173 1449 3346 1505 Valde
3373 1458 3555 1501 autem

1938 1552 2165 1608 stultum
2195 1558 2277 1605 est
2307 1550 2386 1605 sic
2413 1549 2616 1618 legere.
2646 1547 2762 1602 Non
2811 1549 2957 1600 enim
3011 1546 3158 1598 dedit
3207 1543 3371 1597 Pater
3421 1541 3558 1595 Filio

1932 1645 2199 1712 jmlicium
2233 1644 2378 1712 quod
2411 1643 2585 1697 Filius
2625 1640 2864 1695 hominis
2916 1639 3007 1703 sit,
3064 1639 3158 1691 sed
3215 1637 3341 1704 quia
3384 1636 3553 1688 Deus.

1939 1738 2107 1810 576
2155 1736 2313 1794 Unde
2363 1735 2454 1790 ille
2513 1750 2620 1789 non
2678 1732 2895 1801 patiens
2928 1742 2986 1784 ut
3032 1729 3290 1783 Christus
3345 1729 3561 1781 dieatur

1943 1828 2107 1894 Deus,
2136 1827 2230 1882 sed
2254 1825 2425 1880 Filius
2449 1824 2709 1888 hominis,
2740 1822 2819 1876 sic
2845 1821 3118 1892 cogitabat
3141 1821 3379 1889 judicem
3408 1819 3558 1869 illmu

222 1921 329 1957 που
361 1907 542 1974 ἐστὶν,
575 1910 694 1964 ἀλλ’
715 1913 800 1966 ὅτι
833 1913 987 1976 Θεός.
1027 1894 1267 1980 Ἐκεῖνος
1289 1894 1406 1986 μὲν
1438 1917 1533 1971 οῦν
1570 1918 1644 1991 μὴ
1677 1894 1834 1988 δεχό-

1942 1936 2084 1988 esse,
2123 1937 2230 1976 non
2263 1930 2320 1975 ut
2368 1920 2564 1978 Deum.
2616 1917 2710 1972 sed
2759 1924 2818 1970 ut
2871 1914 3072 1970 Filium
3125 1913 3389 1968 hominis.
3448 1910 3558 1964 Nos

229 2013 391 2066 μενος
423 2002 598 2075 εἰπεῖν
627 2004 720 2057 τὸν
749 2005 990 2076 Χριστὸν
1017 2007 1172 2074 Θεὸν,
1208 2010 1327 2064 ἀλλ’
1351 2011 1481 2065 Υίὸν
1513 2013 1831 2084 ἀνθρώπου,

229 2086 404 2153 οὕτως
448 2093 590 2146 ἐνόει
629 2097 826 2165 κριτὴν
861 2098 1026 2150 αὐτὸν
1059 2094 1226 2165 εἶναι,
1259 2101 1358 2172 οὐχ
1401 2101 1478 2164 ὡς
1521 2102 1678 2170 Θεὸν,
1715 2105 1834 2157 ἀλλ’

222 2180 300 2246 ὡς
329 2182 457 2237 Υίὸν
487 2185 781 2259 ἀνθρώπου
800 2206 811 2218 ο
840 2191 1004 2260 ἡμεῖς
1033 2192 1092 2246 δὲ
1121 2192 1267 2248 οὕτω
1290 2194 1548 2266 νοοῦμεν,
1574 2197 1650 2262 ὡς
1681 2198 1837 2270 εἴρη-

224 2291 338 2332 ται.
388 2275 570 2332 Εἰπὼν
611 2279 669 2333 δὲ
713 2283 846 2352 περὶ
889 2283 988 2353 τῆς
1032 2287 1270 2357 μερικῆς
1315 2289 1692 2352 ἀναστάσεως,
1738 2290 1833 2345 τοῦ

221 2367 506 2442 Λαζάρου,
554 2374 721 2444 φημὶ.
771 2377 867 2430 καὶ
911 2377 1021 2432 τῶν
1067 2379 1269 2445 ἀλλων,
1318 2381 1368 2435 οἳ
1421 2382 1586 2438 πάλαι
1631 2383 1836 2457 δηλαδὴ

221 2462 446 2527 ἐθανον,
476 2464 572 2520 νῦν
603 2467 755 2537 λέγει
791 2472 921 2542 περὶ
951 2471 1052 2543 τῆς
1085 2475 1323 2529 καθόλου
1347 2490 1362 2506 ⁶
1405 2495 1424 2529 ι
1454 2478 1574 2532 Ὀτι
1610 2477 1834 2550 ἔρχεται

221 2555 341 2625 ὥρα
363 2600 377 2625 ,
411 2560 471 2611 ιν
567 2564 616 2617 oi
652 2566 710 2617 ἐν
739 2567 854 2628 τοῖς
889 2571 1184 2638 μνημείοις
1217 2570 1548 2626 ἀκούσονται
1580 2576 1680 2646 τῆς
1717 2592 1834 2630 φω-

222 2652 322 2734 νῆς
352 2651 448 2705 τοῦ
488 2651 628 2708 Θεοῦ
658 2672 672 2685 ο
717 2675 737 2708 t
782 2659 916 2729 περὶ
957 2661 1053 2732 τῆς
1097 2662 1402 2735 καθολικῆς
1443 2665 1554 2738 γὰρ
1594 2663 1837 2722 ἀναάτά-

226 2759 363 2808 σεως
392 2745 632 2804 ἐνταῦθά
662 2767 853 2821 φησιν.
887 2753 1110 2826 Ἐπειδὴ
1141 2755 1198 2810 δὲ
1231 2752 1388 2811 εἶπεν
1419 2759 1721 2831 ἀνωτέρω,
1753 2761 1837 2815 ὃτι

230 2855 250 2891 ι
285 2838 344 2892 ⁸0
375 2841 675 2907 πιστεύων,
710 2847 790 2910 είς
822 2846 1008 2916 κρίσιν
1036 2849 1140 2904 οὐκ
1171 2849 1419 2922 ἔρχεται,
1460 2871 1478 2904 ι
1517 2853 1606 2907 ἵνα
1639 2853 1716 2924 μὴ
1748 2871 1836 2908 νο-

227 2931 496 3005 μίσωμεν,
523 2936 608 2990 ὅτι
637 2939 670 3009 ἡ
705 2941 893 3004 πίστις
925 2945 1062 3012 μόνη
1099 2943 1178 3007 είς
1215 2944 1495 3015 σωτηρίαν
1520 2947 1704 3017 ἀρκεῖ,
1733 2965 1838 3019 φη·-

226 3029 332 3094 σὶν,
361 3028 445 3083 ὅτι
478 3047 498 3084 ι
538 3031 988 3106 Ἀναστήσονται,
1016 3037 1066 3090 οι
1095 3037 1164 3091 τά
1195 3038 1380 3108 φαῦλα
1411 3040 1727 3109 πράξαντες
1757 3043 1838 3106 είς

224 3119 525 3177 ἀνάστασιν
572 3125 847 3195 κρίσεως,
901 3131 952 3183 οι
1000 3129 1072 3183 τά
1123 3131 1346 3200 ἀγαθά,
1399 3134 1482 3198 είς
1531 3135 1837 3189 ἀνάστασιν

1939 2025 2121 2071 autem
2153 2015 2237 2072 sic
2276 2013 2659 2085 intelligimus,
2715 2024 2775 2066 ut
2841 2012 3046 2065 dictmu
3096 2018 3204 2065 est.
3263 2008 3557 2075 Postquam

1938 2117 2120 2163 autem
2179 2108 2316 2164 dixit
2361 2110 2426 2161 de
2488 2106 2809 2177 particulari
2848 2105 3287 2167 resurrectione,
3366 2099 3558 2154 Lazari

1939 2203 2198 2258 videlicet
2238 2211 2294 2258 et
2318 2202 2555 2256 aliorum
2590 2201 2682 2270 qui
2714 2200 2912 2254 iterum
2947 2197 3150 2251 mortui
3200 2204 3328 2250 sunt
3357 2212 3369 2246 :
3419 2207 3563 2247 nunc

1938 2297 2071 2351 dicit
2108 2295 2178 2350 de
2204 2293 2541 2350 universali:
2589 2311 2608 2344 ε
2647 2291 2788 2360 Quia
2843 2291 2991 2344 venit
3042 2292 3172 2344 hora
3229 2289 3281 2342 in
3321 2303 3427 2357 qua
3490 2287 3547 2339 hi

1938 2389 2030 2458 qui
2060 2389 2112 2444 in
2150 2387 2526 2444 monumentis
2555 2395 2708 2448 sunt,
2735 2384 2965 2438 audient
2990 2397 3176 2435 vocem
3211 2381 3328 2434 Dei.
3365 2398 3384 2430 ι
3416 2378 3560 2431 Nam

1941 2485 2008 2538 de
2039 2482 2335 2538 universali
2385 2481 2787 2536 resurrectione
2839 2479 2926 2532 hic
2979 2476 3242 2546 loquitur.
3289 2473 3558 2541 Quoniam

1942 2577 2159 2634 dixerat
2217 2578 2491 2647 superius.
2538 2595 2555 2627 ι
2591 2573 2696 2642 Qui
2759 2575 2956 2637 credit,
3023 2575 3074 2626 in
3126 2571 3394 2638 judicium
3453 2582 3560 2622 non

1940 2671 2129 2736 venit,
2191 2689 2211 2721 ι
2255 2685 2322 2724 ne
2374 2680 2629 2739 putemus
2653 2669 2799 2737 quod
2855 2666 2989 2721 fides
3046 2665 3159 2719 sola
3213 2664 3279 2716 ad
3329 2662 3561 2717 salutem

1938 2762 2198 2829 sufficiat,
2250 2761 2386 2817 dicit
2417 2760 2561 2832 quod
2599 2779 2617 2812 ι
2657 2758 2969 2831 Resurgent
3000 2758 3055 2812 hi
3095 2758 3187 2826 qui
3222 2756 3362 2809 mala
3413 2754 3563 2809 fece-

1942 2866 2094 2922 runt,
2131 2856 2183 2910 in
2209 2855 2676 2910 resurrectionem
2703 2851 3185 2908 condemnationis
3212 2868 3226 2914 ;
3252 2851 3344 2920 qui
3379 2858 3561 2903 autem

1943 2949 2109 3012 bona,
2165 2949 2220 3004 in
2273 2947 2740 3004 resurrectionem
2788 2947 2934 3001 vitae.
2976 2964 2993 2997 ι
3043 2943 3161 2999 Non
3219 2945 3390 3014 igitur
3445 2942 3561 2998 sola

1943 3043 2078 3099 fides
2108 3043 2317 3112 absque
2351 3041 2614 3113 Operibus
2655 3040 2952 3112 justifieat,
3007 3037 3101 3094 sed
3147 3045 3363 3107 oportet
3395 3038 3560 3091 etiam

1941 3151 2108 3205 opera
2159 3135 2381 3200 adesse,
2431 3143 2562 3189 tunc
2591 3133 2738 3188 enim
2800 3133 3022 3203 proprie
3082 3130 3218 3186 fides
3268 3142 3373 3186 est.
3429 3131 3566 3186 Vide

429 3218 592 3329 i‘OD‘X
618 3220 728 3289 ἀρα
756 3221 790 3288 ἠ
824 3222 1009 3287 πίστις
1040 3225 1179 3296 μόνη
1208 3226 1380 3297 χωρὶς
1407 3226 1589 3298 ἔργων
1611 3228 1832 3291 δικαιοῖ,

1945 3243 2126 3288 autem
2158 3233 2434 3302 geminam
2461 3232 2771 3287 doctrinam
2811 3230 2928 3286 fieri
2961 3245 3058 3299 per
3092 3239 3302 3284 metum
3338 3238 3393 3283 et
3423 3227 3565 3283 laeti-

223 3309 364 3366 ἀλλά
387 3313 484 3367 καὶ
503 3313 572 3367 τά
597 3314 733 3386 ἔργα
761 3320 1048 3389 προσεῖναι
1074 3319 1158 3375 δεῖ
1177 3336 1188 3350 ’
1217 3321 1342 3374 τότε
1368 3323 1480 3394 γὰρ
1505 3324 1600 3376 καὶ
1627 3322 1837 3393 κυρίως

223 3401 408 3468 πίστις
446 3406 615 3460 ἐστίν.
641 3407 786 3479 Ὅρα
825 3407 884 3463 δι
929 3409 1128 3480 διπλῆν
1161 3411 1263 3483 τὴν
1295 3413 1650 3468 διδασκαλίαν
1685 3432 1836 3483 γινοο

226 3494 417 3566 μένην,
444 3497 536 3551 διά
565 3499 734 3567 φόϐου
788 3503 882 3556 καὶ
917 3503 1259 3576 ἱλαρότητος.
1288 3507 1362 3558 Τὸ
1397 3507 1499 3578 μὲν
1525 3508 1638 3580 γὰρ
1669 3525 1838 3562 κατα-

1949 3326 2100 3380 tiam.
2137 3323 2274 3379 Nam
2302 3339 2427 3380 cum
2473 3324 2609 3379 dicit
2643 3321 3004 3378 condemnari
3049 3320 3216 3389 impia
3272 3317 3562 3383 facientes,

1947 3420 2211 3474 deterret.
2245 3418 2381 3474 Cum
2419 3427 2601 3472 autem
2635 3416 2769 3470 dicit
2818 3429 3109 3486 resurgere
3165 3414 3232 3467 ad
3264 3413 3434 3467 vitam
3469 3427 3565 3469 eos

1949 3512 2046 3582 qui
2081 3513 2221 3568 bona
2255 3512 2532 3587 fecerunt,
2560 3526 2658 3583 per
2685 3510 2938 3564 laetitiam
2969 3509 3318 3564 exhortatur.

225 3588 482 3658 κριθῆναι
511 3592 641 3655 τοὺς
676 3594 744 3648 τά
784 3595 967 3664 φαῦλα
1000 3599 1342 3668 πράξαντας,
1378 3602 1608 3672 ἐκφοϐεῖ
1634 3618 1649 3631 ’
1703 3602 1765 3656 τὸ
1832 3603 1888 3658 ﬁ
1936 3606 2017 3670 είς
2058 3605 2206 3678 ζωὴν
2242 3606 2552 3677 ἀναστῆναι
2590 3605 2722 3668 τοὺς
2771 3603 2839 3656 τά
2882 3601 3067 3670 ἀγαθὰ
3113 3600 3458 3672 πράξαντας,
3498 3595 3568 3652 δι’

227 3683 548 3758 ἱλαρότητος
580 3689 981 3760 προτρέπεται.
1106 3760 1114 3769 ,

304 3803 324 3836 ι
352 3785 427 3838 Οὐ
452 3785 692 3857 δύναμαι
719 3787 832 3856 εγὼ
858 3790 1034 3843 ποιεῖν
1055 3791 1414 3864 ἀπ’ὲμαυτοῦ
1438 3794 1617 3849 οὐδέν*
1646 3794 1840 3861 καθὼς

225 3876 432 3943 ἀκούω,
465 3878 659 3951 κρίνω,
687 3884 786 3935 καὶ
815 3883 850 3954 ἡ
880 3882 1064 3955 κρίσις
1092 3887 1126 3958 ἡ
1155 3886 1265 3958 ἐμὴ
1292 3887 1483 3943 δικαία
1512 3889 1663 3945 ἐστίν
1695 3909 1710 3924 ο
1756 3891 1841 3945 ὅτι

226 3968 290 4023 οὐ
333 3967 486 4042 ζητῶ
529 3970 591 4024 τὸ
634 3972 850 4044 θέλημα
891 3975 954 4024 τί
995 3976 1152 4047 ἐμὸν,
1200 3979 1339 4033 ἀλλά
1381 3981 1445 4033 τὸ
1489 3981 1708 4054 θέλημα
1743 3981 1839 4036 τοῦ

227 4061 548 4134 πέμψαντός
581 4083 649 4134 με
685 4068 922 4140 Πατρός.
961 4088 979 4120 ο
1016 4071 1179 4124 Καθά
1211 4073 1304 4126 καὶ
1337 4075 1396 4126 ὲν
1424 4075 1538 4138 τοῖς
1571 4076 1839 4148 ἀνωτέρω

228 4153 512 4221 λέλεκται,
541 4157 642 4229 τὴν
674 4159 1096 4231 ἀπαραλλαξίαν
1125 4164 1222 4219 τοῦ
1255 4166 1391 4220 Υίοῦ
1424 4169 1565 4240 πρὸς
1594 4169 1688 4224 τὸν
1719 4172 1840 4224 Πα-

229 4250 364 4324 τέρα
397 4251 770 4308 ἐνδείκνυνται
803 4253 979 4309 ταῦτα
1014 4256 1085 4311 τά
1121 4260 1366 4329 ῥήματα,
1401 4261 1483 4327 τὸ,
1515 4280 1533 4314 ι
1561 4263 1638 4316 Οὐ
1673 4262 1840 4318 δύνα-

230 4358 330 4412 μαι
353 4342 462 4410 ἐγὼ
482 4347 656 4398 ποιεῖν
676 4345 774 4400 ἀπ’
799 4348 1044 4417 ἐμαυτοῦ
1066 4350 1247 4415 οὐδὲν,
1290 4372 1308 4404 ι
1346 4355 1440 4406 καὶ
1466 4355 1568 4408 ὅσα
1599 4357 1845 4410 τοιουτό-

227 4450 428 4504 τροπα.
465 4437 634 4490 Οὐδὲν
671 4438 780 4510 γὰρ
826 4438 978 4505 ξένον
1018 4444 1116 4495 καὶ
1162 4443 1448 4516 ἀλλότριον
1486 4448 1584 4502 τοῦ
1628 4449 1846 4521 Πατρὸς

2018 3795 2183 3852 Vens.
2212 3795 2362 3870 30.9
2406 3795 2526 3851 Non
2573 3810 2796 3867 possum
2845 3810 2946 3865 ego
2993 3809 3053 3847 cx
3116 3793 3324 3861 meipso
3386 3790 3568 3844 facere

1939 3890 2280 3961 quidquam:
2328 3888 2473 3946 sicut
2517 3885 2944 3956 audio,-judico.
3000 3896 3052 3941 et
3081 3885 3349 3957 judicium
3385 3899 3565 3938 meum

1934 3984 2148 4054 justum
2185 3993 2310 4052 est;
2364 3983 2489 4054 quia
2545 3997 2652 4037 non
2706 3997 2893 4052 quaero
2957 3980 3299 4035 voluntatem
3353 3993 3558 4041 meam,

1942 4078 2039 4134 sed
2070 4077 2406 4144 voluntatem
2439 4076 2580 4145 ejus,
2609 4077 2701 4148 qui
2737 4075 2894 4130 misit
2942 4089 3028 4129 me
3080 4073 3286 4128 Patris.
3331 4093 3347 4124 ι
3406 4071 3566 4128 Sicut

1941 4179 1997 4224 et
2051 4169 2105 4224 in
2171 4169 2555 4239 superioribus
2610 4169 2818 4223 dictmn
2882 4179 2990 4233 cst,
3037 4167 3227 4222 eadem
3293 4165 3472 4222 Patris
3513 4176 3570 4221 et

1945 4263 2067 4320 Filii
2093 4273 2342 4335 potestas
2370 4263 2685 4319 ostenditur
2714 4265 2868 4319 hisce
2890 4261 3098 4327 verbis,
3137 4281 3155 4313 ι
3192 4259 3311 4315 Non
3345 4277 3566 4331 possum

1945 4372 2049 4427 ego
2090 4356 2273 4412 facere
2318 4370 2385 4410 ex
2439 4355 2651 4424 meipso
2694 4355 3039 4426 quidquam:
3085 4372 3103 4406 ι
3137 4361 3191 4407 et
3222 4366 3570 4424 quacunque

1947 4449 2114 4521 hujus
2139 4449 2361 4520 generis
2404 4457 2553 4503 sunt.
2591 4447 2736 4502 Nihil
2768 4447 2918 4502 enim
2957 4447 3197 4500 alienum
3233 4455 3281 4499 et
3319 4445 3570 4514 peregri-

227 4528 465 4601 δύναμαι
505 4531 618 4600 ἐγὼ
661 4537 866 4589 ποιεῖν·
905 4535 1032 4590 οὔτε
1068 4538 1178 4609 γάρ
1215 4540 1431 4610 θέλημα
1475 4542 1588 4613 ἔχω
1629 4543 1835 4598 ἀλλοῖον

1949 4557 2083 4595 num
2115 4557 2142 4593 ο
2168 4539 2331 4603 Patre
2354 4553 2455 4610 ego
2483 4554 2704 4610 possum
2731 4537 2915 4594 facere
2944 4556 2958 4606 ;
2984 4553 3162 4608 neque
3193 4537 3342 4590 enim
3373 4534 3572 4590 volun-

231 4624 382 4694 παρά
413 4624 476 4678 τὸ
518 4628 806 4697 πατρικὸν,
842 4629 971 4686 οῦτε
1013 4605 1270 4705 δύναμιν.
1307 4605 1610 4700 ῐξαθὼςηδὲ
1653 4637 1835 4693 ἀκούω

1952 4645 2121 4690 tatem
2155 4634 2319 4688 aliam
2351 4633 2530 4687 habeo
2579 4641 2780 4703 praeter
2824 4642 3135 4700 paternam,
3184 4644 3367 4701 neque
3403 4629 3570 4684 aliam

228 4719 383 4790 παρά
425 4718 519 4773 τοῦ
568 4721 806 4792 [ἰατρὸς.
852 4725 999 4779 οὕτω
1043 4727 1255 4799 κρίνον
1301 4730 1612 4797 τουτέστιν,
1647 4731 1727 4795 ὡς
1769 4733 1837 4786 ἂν

228 4812 392 4876 αὐτὸς
424 4814 452 4865 ὁ
487 4814 681 4884 Πατὴρ
715 4819 935 4887 κρίνει,
971 4819 1119 4875 οὕτω
1153 4822 1331 4891 κάγώ.
1367 4824 1559 4879 Ταῦτα
1592 4825 1650 4879 δὲ
1685 4826 1837 4895 λέγει

226 4905 317 4960 διὰ
339 4906 400 4961 τὸ
425 4907 620 4975 δεῖξαι,
646 4910 723 4973 ὡς
755 4912 1020 4978 πολλάκις
1051 4915 1288 4987 ἔφημεν,
1315 4919 1376 4973 τὸ
1403 4920 1838 4992 ἀπαράλλακτον

227 5002 321 5054 καὶ
352 5004 410 5055 ὲν
435 5001 648 5072 ῑργοις,
680 5003 778 5057 καὶ
808 5004 1010 5075 λόγοις,
1046 5008 1444 5079 καὶικρίσεσιν.
1467 5011 1585 5067 Ἵνα
1617 5015 1725 5086 γὰρ
1761 5015 1836 5088 μή

224 5111 404 5160 τινες,
453 5095 747 5168 ἄνθρωπον
794 5097 1038 5170 ὁρῶντες
1089 5102 1274 5170 αὑτὸν,
1333 5105 1833 5176 σκανδαλίζωνται,

225 5187 346 5254 πῶς
389 5190 418 5243 ὁ
461 5191 794 5261 φαινόμενος
840 5193 1133 5264 ἄνθρωπος
1179 5198 1402 5253 δικαίαν
1448 5201 1634 5272 κρίσιν
1677 5204 1838 5274 ποιή-

226 5297 405 5348 σειεν,
448 5283 540 5337 τοῦ
583 5285 750 5340 Δαυῒό
795 5289 1078 5355 είπόντος,
1133 5309 1148 5342 ι
1206 5293 1320 5354 Πᾶς
1368 5293 1659 5365 ἄνθρωπος
1701 5296 1836 5365 ψεύ-

225 5392 361 5443 στης
387 5393 400 5408 ·
440 5395 458 5428 ι
495 5377 700 5445 ἔφθασε
736 5380 836 5452 μὲν
865 5382 1057 5448 εἰπὼν,
1091 5385 1173 5437 ὅτι
1206 5381 1299 5457 Μὴ
1331 5388 1673 5456 θαυμάζετε,
1700 5391 1838 5446 διότι

230 5466 357 5531 Υἱὸς
385 5469 675 5538 ἀνθρώπου
709 5473 827 5542 εἰμί
859 5489 871 5502 ·
906 5473 1056 5543 λέγει
1087 5476 1144 5529 δὲ
1182 5478 1278 5531 καὶ
1307 5478 1424 5544 νῦν,
1457 5483 1542 5536 ὄτι
1574 5472 1771 5536 Δικαία
1802 5484 1836 5555 ἡ

226 5559 413 5630 κρίσις
444 5561 546 5632 μού
579 5566 728 5628 ἐστι,
761 5565 899 5619 καθὸ
931 5570 1139 5639 κρὲνω,
1169 5571 1246 5634 ὡς
1275 5573 1462 5628 ἀκούω
1489 5573 1586 5628 τοῦ
1621 5577 1841 5648 Πατρός

227 5671 333 5725 μου
369 5657 671 5725 κρίνοντος.
705 5659 798 5730 Μὴ
833 5661 943 5731 γὰρ
973 5663 1035 5716 τὸ
1071 5663 1205 5735 ὲμὸν
1236 5664 1454 5738 θέλημα
1491 5668 1662 5739 ζητῶ,
1697 5669 1836 5724 ἀλλά

232 5748 284 5801 τὸ
312 5746 406 5803 τοῦ
441 5750 676 5827 Πατρός.
706 5752 769 5807 '0
798 5754 898 5824 μὲν
924 5754 1098 5813 θέλων
1122 5758 1183 5815 τὸ
1213 5760 1415 5816 ἑαυτοῦ
1448 5761 1698 5836 βούλημα
1732 5781 1832 5818 κυ-

297 5930 542 5989 ¹⁸⁶Ιέειὶ.
602 5950 728 6001 cxv,
791 5936 877 5994 il.

1951 4739 2308 4802 potestatem.
2332 4727 2539 4784 Verum
2572 4728 2719 4782 sicut
2753 4710 2920 4782 audio
2949 4742 2978 4780 a
3009 4725 3194 4793 Patre,
3233 4727 3306 4780 ita
3340 4726 3568 4796 judico:

1953 4825 2058 4881 hoc
2089 4834 2196 4888 est,
2229 4823 2372 4879 sicut
2423 4821 2541 4893 ipse
2581 4821 2744 4898 Pater
2783 4806 3016 4892 judicat,
3075 4820 3150 4875 ita
3197 4831 3250 4874 et
3284 4835 3407 4890 ego.
3444 4818 3572 4875 [hec

1953 4928 2138 4976 autem
2174 4917 2311 4972 dicit
2361 4926 2422 4972 ut
2477 4915 2771 4981 ostendat,
2813 4915 2957 4969 sicut
3012 4929 3160 4984 sa‘pc
3199 4914 3461 4977 diximus,
3518 4913 3570 4966 in

1955 5012 2104 5068 nullo
2130 5011 2235 5067 sibi
2275 5013 2469 5067 deesse
2496 5011 2707 5082 aliquid
2739 5025 2767 5064 a
2800 5008 2991 5076 Patre,
3026 5011 3144 5066 sive
3195 5009 3247 5063 in
3297 5008 3569 5062 sermoni-

1952 5107 2076 5172 bus,
2113 5107 2230 5161 sive
2261 5106 2313 5159 in
2355 5105 2638 5175 operibus,
2682 5105 2798 5160 sive
2829 5105 2884 5159 in
2925 5104 3174 5175 judiciis.
3212 5103 3355 5156 Nam
3397 5112 3455 5156 ut
3504 5116 3571 5155 ne

1951 5201 2178 5271 quidam
2204 5200 2484 5256 hominem
2522 5199 2776 5255 videntes
2807 5215 2934 5255 eum
2965 5198 3400 5262 offenderentur,
3435 5212 3574 5268 quo-

1953 5295 2117 5351 modo
2151 5311 2277 5352 cum
2306 5305 2569 5367 appareat
2603 5294 2790 5358 homo,
2835 5291 3046 5362 justum
3081 5292 3248 5347 faciat
3279 5291 3568 5360 judicium,

1949 5406 2073 5446 cum
2135 5390 2305 5446 David
2353 5391 2540 5446 dicat:
2579 5409 2598 5442 ι
2639 5388 2833 5443 Omnis
2892 5388 3058 5442 homo
3110 5386 3479 5450 mendax’";
3546 5403 3562 5434 ›

1948 5484 2218 5552 praevenit
2266 5483 2532 5554 quidem,
2593 5483 2822 5539 dicens:
2876 5481 2956 5538 Ne
2986 5481 3340 5536 admiremini
3395 5482 3461 5534 de
3504 5496 3570 5532 cu

1947 5576 2089 5648 quod
2125 5575 2296 5632 Filius
2329 5575 2573 5630 hominis
2603 5590 2722 5629 sum
2754 5592 2771 5642 ;
2799 5591 2926 5628 nam
2966 5585 3020 5628 et
3051 5573 3195 5628 Deus
3233 5588 3377 5627 sum.
3427 5571 3573 5625 Dicit

1946 5681 2172 5726 autem:
2229 5670 2293 5725 Et
2336 5685 2484 5724 nunc
2535 5670 2745 5740 justum
2800 5668 3070 5739 judicium
3117 5684 3298 5724 meum
3347 5675 3452 5729 est,
3501 5681 3569 5722 eo

1946 5767 2094 5838 quod
2136 5766 2326 5838 judico
2353 5767 2500 5824 sicut
2530 5746 2695 5824 audio
2722 5766 2942 5823 Patrem
2986 5780 3166 5823 meum
3197 5763 3561 5835 iudicantem.
