4218 6424
727 414 871 480 1275
1644 416 2228 498 TIlEOPHYLACTI
2270 417 2298 476 t

2402 417 2685 479 LGARLE
2727 418 3087 479 AlllZIIlEP.
3851 414 3993 480 1276

726 542 751 580 ι
793 524 907 579 Non
934 524 1076 579 enim
1108 538 1283 579 meam
1316 522 1649 579 voluntatem
1681 542 1885 597 quaero,
1918 528 2011 582 sed
2037 528 2237 585 Patris.
2276 548 2293 580 ι

2409 530 2602 599 ρῶται,
2649 531 2779 594 ἴσως
2826 530 2893 583 ἂν
2939 528 3329 600 ὑποπτευθείη,
3376 528 3452 592 ὡς
3503 528 3908 601 παραφθείρων
3954 524 4014 581 τδ

722 616 858 671 Nam
882 617 1143 685 quisuam
1169 616 1400 673 voluerit
1433 618 1704 683 stabilire,
1741 618 1990 675 fortassis
2019 632 2298 691 suspectus

2408 622 2652 676 δίκαιον·
2696 622 2724 673 6
2766 621 2827 675 δὲ
2872 621 2948 693 μὴ
2989 622 3059 675 τὰ
3103 621 3302 676 ἑαυτοῦ
3348 620 3587 686 σκοπῶν,
3628 621 3754 674 τίνα
3800 620 3876 674 ἂν
3914 620 4013 691 ἔχῃ

724 710 855 775 erit,
882 707 1027 777 quod
1072 717 1389 778 corrumpat
1417 710 1561 779 quod
1587 709 1797 777 justum
1838 722 1960 767 est:
1997 714 2089 780 qui
2124 723 2305 768 autem

728 816 833 855 non
867 813 965 854 sua
1009 808 1240 869 spectat,
1289 815 1397 869 quo
1420 808 1684 869 praetextu
1715 812 1899 871 posset
1935 805 2134 873 injuste
2158 807 2309 874 judi-

725 889 904 945 care?
946 888 1060 960 Ego
1115 889 1283 960 igitur
1332 906 1438 945 non
1479 905 1672 961 quaero
1714 894 2050 949 voluntatem
2108 912 2306 963 meam,

726 995 902 1051 neque
932 983 1079 1037 enim
1114 998 1216 1053 ego
1246 998 1425 1039 meam
1457 988 1629 1041 haheo
1656 984 2015 1054 voluntatem,
2041 989 2134 1045 sed
2168 993 2309 1059 quod

723 1072 839 1127 vult
870 1070 1056 1139 Pater,
1086 1074 1216 1128 illud
1250 1082 1305 1127 et
1331 1089 1452 1144 ego.

798 1160 962 1217 Vsus.
990 1162 1176 1218 5l-55.
1217 1181 1236 1215 ι
1278 1163 1336 1219 Si
1394 1178 1492 1233 ego
1546 1166 1917 1223 testimonium
1962 1170 2306 1239 perhiberem

720 1256 789 1309 de
827 1254 1056 1325 meipso,
1090 1256 1460 1311 testimonium
1511 1274 1688 1313 meum
1729 1276 1839 1315 non
1893 1269 2041 1316 esset
2096 1276 2305 1318 verum.

720 1348 875 1403 Alius
900 1358 985 1404 est
1013 1350 1103 1419 qui
1130 1352 1504 1406 testimonium
1534 1354 1789 1423 perhibet
1814 1354 1882 1410 de
1914 1370 2023 1411 me.
2074 1354 2138 1410 Et
2192 1355 2307 1411 scio

721 1457 911 1497 verum
944 1458 1065 1498 esse
1107 1444 1479 1500 testimonium
1510 1446 1651 1514 quod
1687 1454 1920 1501 testatur
1946 1448 2017 1503 de
2057 1462 2162 1503 me.
2202 1447 2307 1503 Vos

721 1534 947 1588 misistis
974 1535 1042 1588 ad
1091 1533 1381 1603 Joannem,
1430 1546 1487 1593 et
1537 1538 1584 1593 is
1638 1540 2011 1594 testimonium
2072 1540 2307 1596 reddidit

720 1624 963 1679 veritati.
1000 1624 1161 1695 577
1194 1626 1306 1699 Ego
1339 1640 1520 1684 autem
1567 1645 1671 1685 non
1707 1631 1776 1686 ab
1810 1631 2031 1687 homine
2058 1634 2307 1689 testimo-

718 1717 868 1771 nium
917 1720 1173 1786 accipio;
1210 1724 1303 1775 sed
1357 1722 1472 1778 haec
1518 1722 1663 1786 dico.
1705 1734 1763 1779 ut
1792 1739 1888 1779 vos
1943 1725 2080 1781 salvi
2139 1724 2301 1780 ﬁalis.

718 1806 812 1861 Ille
840 1819 959 1863 erat
1016 1810 1231 1864 lucerna
1267 1814 1464 1869 ardens
1491 1822 1548 1868 et
1592 1814 1802 1880 lucens,
1856 1829 1954 1871 vos
1998 1825 2179 1871 autem
2207 1830 2304 1871 vo-

720 1898 903 1954 luistis
933 1900 1000 1954 ad
1037 1912 1249 1969 tempus
1276 1905 1552 1960 exsultare
1588 1906 1641 1961 in
1676 1906 1797 1963 luco
1825 1910 1965 1980 ejus.
2007 1929 2026 1963 ι
2062 1910 2303 1981 Apparet

721 1992 815 2047 hic
844 1994 1117 2047 contraria
1148 1994 1332 2050 dicere
1360 1995 1645 2055 Dominus.
1679 1998 1893 2057 Etenim
1916 2004 2117 2060 alicubi
2150 2005 2302 2061 vide-

717 2092 807 2137 tur
846 2086 1031 2137 testari
1070 2086 1137 2140 de
1163 2100 1243 2152 se,
1277 2088 1417 2142 sicut
1449 2088 1808 2146 Samaritana:
1842 2094 2095 2151 dicebat:
2133 2116 2152 2151 ι
2182 2098 2299 2169 Ego

713 2187 831 2225 sum
862 2172 1151 2229 Christus:
1186 2194 1205 2226 ι
1238 2188 1294 2231 et
1318 2193 1483 2243 caeo,
1507 2181 1711 2237 etalias
1729 2199 1891 2254 saepe.
1921 2185 1976 2241 Si
1997 2187 2161 2258 igitur
2188 2189 2302 2245 haec

714 2263 849 2319 falsa
883 2277 1030 2331 sunt,
1062 2282 1185 2338 qua:
1220 2270 1379 2325 nobis
1407 2272 1602 2328 salutis
1632 2276 1803 2344 spes?
1833 2276 1948 2331 Non
1972 2290 2153 2335 autem
2187 2281 2303 2339 hac

711 2358 829 2410 sola
886 2358 1103 2414 videtur
1161 2375 1284 2417 esse
1346 2367 1731 2432 contrarietas,
1787 2372 1881 2424 sed
1935 2380 1990 2425 et
2046 2373 2151 2427 alia
2196 2383 2350 2430 non‘

716 2448 916 2505 minor.
956 2450 1093 2505 Nam
1124 2462 1179 2508 et
1208 2454 1263 2509 in
1304 2470 1596 2527 progressu
1630 2460 1803 2516 dicit:
1861 2481 1881 2515 ι
1917 2462 1973 2518 Si
2006 2479 2107 2536 ego
2142 2468 2301 2523 testi-

710 2543 952 2597 monimn
982 2546 1243 2613 perhibeo
1289 2550 1355 2604 de
1411 2544 1643 2620 me‘ipso,
1700 2554 2076 2611 testimonium
2118 2573 2297 2613 meum

714 2648 898 2688 rerum
951 2636 1119 2691 est".
1156 2654 1177 2688 ι
1239 2637 1521 2703 Quomodo
1564 2642 1735 2712 igitur
1791 2648 2119 2703 convenient
2180 2664 2301 2720 qua:

711 2737 956 2794 pugnare
1001 2725 1303 2781 videntur?
1344 2729 1397 2783 Id
1428 2732 1645 2799 quidem
1679 2736 1821 2803 quod
1851 2738 2001 2803 dicit,
2042 2756 2060 2790 ι
2092 2738 2149 2794 Si
2199 2756 2301 2813 ego

710 2814 975 2870 testiﬁcor
1011 2817 1077 2871 de
1129 2820 1356 2889 meipso,
1415 2823 1787 2881 testimonium
1840 2843 2019 2883 meum
2068 2847 2175 2887 non
2218 2844 2303 2889 est

711 2921 924 2972 verum,
970 2927 989 2961 ι
1029 2910 1164 2964 dicit
1211 2914 1278 2966 ad
1322 2914 1637 2982 opinionem
1675 2917 2009 2991 Judteorum,
2040 2928 2299 2993 quoniam

708 3002 855 3058 enim
888 3002 963 3058 illi
991 3005 1189 3061 dicturi
1222 3018 1381 3063 erant
1408 3008 1455 3063 ei
1483 3026 1497 3063 :
1531 3010 1611 3066 Tu
1636 3016 2010 3073 testimonium
2044 3017 2300 3089 perhibes

706 3096 778 3149 de
809 3096 1014 3165 teipso;
1052 3099 1233 3156 nullus
1286 3112 1466 3158 autem
1493 3107 1586 3176 qui
1613 3108 1681 3163 de
1708 3123 1769 3164 se
1792 3110 1912 3181 ipso
1942 3115 2294 3184 testiﬁcatur,

2409 714 2686 784 πρόφασιν
2712 712 2807 767 τοῦ
2844 714 2918 785 μὴ
2943 714 3014 767 τὰ
3043 713 3227 767 δίκαια
3250 712 3615 783 ψηφίζεσθαις
3649 711 3798 780 Ἐγὼ
3825 712 4016 765 τοίνυν

2407 806 2470 858 οὐ
2501 804 2650 875 ζητῶ
2677 806 2740 857 τὺ
2772 805 2983 875 θέλημα
3014 806 3076 859 τὺ
3107 806 3241 877 ὲμόν
3265 820 3282 836 ·
3312 805 3437 858 οὐδε
3466 806 3576 875 γὰρ
3604 806 3717 876 Ιχω
3747 806 3891 875 ὲμδν
3919 806 4014 859 θί-

2410 898 2563 968 λημα
2582 913 2597 927 ⁸
2628 896 2747 951 ἀλλ’
2767 896 2797 951 6
2824 897 2971 952 θέλει
2999 898 3028 952 6
3058 898 3277 969 Πατὴρ,
3306 899 3485 952 ὲκεῖνο
3513 899 3689 967 κάγώ.

2489 1180 2507 1212 ι
2538 1164 2636 1215 “Av
2675 1162 2788 1231 εγὼ
2838 1162 3105 1234 μαρτυρῶ
3148 1178 3278 1234 περι
3326 1165 3590 1233 εμαυτοῦ,
3638 1166 3672 1234 ἡ
3723 1168 4013 1237 μαρτυρία

2412 1268 2515 1321 μου
2541 1254 2644 1306 οὐκ
2668 1253 2817 1306 ἔστιν
2843 1252 3073 1323 ἀληθής.
3100 1254 3294 1319 Ἀλλος
3319 1257 3467 1309 ἐστὶν
3488 1259 3518 1310 ό
3544 1259 3851 1327 μαρτυρῶν
3880 1261 4012 1327 περὶ

2408 1344 2564 1415 ιμοῦ,
2595 1346 2689 1399 καὶ
2718 1340 2837 1400 οἴδα
2867 1348 2949 1402 ὅτι
2981 1347 3192 1416 ἀληθής
3220 1350 3368 1401 ἐστιν
3394 1349 3427 1419 ἠ
3458 1350 3737 1421 μαρτυρία
3769 1353 3839 1422 ἠν
3868 1370 4013 1422 μαρ-

2408 1440 2565 1505 τυρεῖ
2589 1438 2719 1507 περὶ
2744 1439 2902 1507 ιμοῦ.
2930 1439 3119 1509 Ὑμεῖς
3146 1442 3529 1494 ἀπεστάλκατε
3557 1442 3693 1511 πρὸς
3721 1445 4010 1514 Ἰωάννην,

2408 1529 2503 1582 καὶ
2536 1529 2936 1601 μεμαρτύρηκε
2965 1534 3031 1600 τῇ
3061 1530 3315 1603 ἀληθείᾳ.
3348 1531 3489 1599 Ἐγὼ
3518 1532 3575 1584 δὲ
3607 1534 3764 1604 παρὰ
3792 1534 4015 1604 ἀνθρὼ-

2408 1636 2514 1672 που
2548 1622 2648 1687 τὴν
2683 1620 2993 1690 μαρτυρίαν
3021 1619 3083 1673 ού
3120 1619 3385 1690 λαμϐάνω
3410 1637 3423 1650 ·
3462 1621 3598 1675 ἀλλὰ
3625 1623 3803 1675 ταῦτα
3843 1623 4010 1690 λέγω,

2408 1699 2497 1766 ἵνα
2523 1712 2684 1783 ὑμεῖς
2710 1714 2945 1785 σωθῆτε.
2983 1714 3227 1777 Ἐκεῖνος
3250 1709 3319 1785 ἦν
3342 1715 3371 1767 6
3397 1714 3590 1785 λύχνος
3616 1718 3644 1769 6
3672 1718 4008 1786 καιόμενος,

2409 1804 2504 1857 καὶ
2530 1805 2761 1873 φαίνων,
2792 1805 2951 1875 ὑμεῖς
2972 1806 3034 1859 δὲ
3060 1806 3365 1877 ἠθελήσατε
3392 1806 3831 1877 ὰγαλλιασθῆναι
3866 1812 4011 1879 πρὸς

2407 1897 2557 1966 ὥραν
2584 1900 2643 1952 ὲν
2670 1898 2749 1968 τῷ
2781 1900 2921 1967 φωτὶ
2950 1899 3138 1953 αὑτοῦ.
3176 1918 3195 1951 ι
3227 1899 3481 1953 Φαίνεται
3513 1898 3752 1953 ἐνταῦθα
3781 1902 4011 1954 ἐναντία

2406 1990 2580 2059 λέγων
2611 1994 2639 2044 6
2673 1990 2898 2062 Κύριος.
2944 1992 3051 2046 Καὶ
3088 1990 3198 2062 γὰρ
3222 1990 3489 2061 πολλαχοῦ
3522 1992 3771 2059 φαίνεται
3796 1984 4014 2061 μαρτυ-

2407 2084 2581 2153 ρήσας
2623 2084 2836 2150 ἑαυτῷ,
2872 2081 3067 2154 ὥσπερ
3098 2086 3166 2153 τῇ
3211 2084 3567 2153 Σαμαρείτιδι
3612 2083 3757 2153 ἔφη·
3798 2104 3818 2137 ι
3866 2086 4013 2153 Ἐγώ

2405 2178 2521 2243 εἰμι
2551 2177 2579 2227 6
2612 2174 2849 2245 Χριστός
2873 2189 2888 2204 ο
2928 2192 2947 2225 ι
2985 2173 3081 2228 καὶ
3110 2173 3190 2245 τῷ
3217 2173 3439 2245 τυφλῷ,
3475 2176 3568 2229 καὶ
3601 2174 3839 2246 ἑτέρωθι
3872 2176 4011 2228 πολ-

2406 2268 2595 2339 λαχοῦ.
2633 2269 2762 2322 Ἐάν
2788 2264 2885 2323 οὖν
2909 2267 3087 2322 ταῦτα
3119 2261 3223 2321 ὦσι
3254 2268 3460 2340 ψευδῆ,
3492 2270 3625 2322 ποία
3656 2271 3792 2339 ἡμῖν
3823 2287 4008 2341 σωτη-

2408 2363 2532 2434 ρίας
2576 2362 2767 2428 ὲλπίςς
2818 2362 2895 2417 Οὐ
2935 2360 3097 2416 τοῦτο
3136 2361 3196 2415 δὲ
3245 2362 3409 2432 μόνον
3456 2362 3606 2416 δοκεῖ
3652 2363 4008 2432 ἐναντίωμα,

2407 2454 2541 2508 ἀλλὰ
2576 2454 2673 2507 καὶ
2707 2454 2895 2526 ιτερον
2928 2454 3033 2509 οὐκ
3071 2453 3319 2509 ἔλαττον.
3358 2454 3578 2526 Προϊὼν
3612 2454 3722 2524 γὰρ
3743 2494 3758 2517 ,
3799 2457 4007 2525 φησὶν,

2403 2548 2509 2613 ὅτι,
2537 2567 2555 2599 ι
2581 2546 2699 2602 Κᾶν
2730 2546 2843 2615 ἐγὼ
2880 2546 3149 2619 μαρτυρῶ
3186 2548 3316 2617 περὶ
3347 2548 3610 2617 ἐμαυτοῦ,
3648 2549 3681 2613 ἡ
3723 2548 4010 2618 μαρτυρία

2409 2658 2513 2709 μου
2538 2641 2747 2711 ἀληθής
2771 2642 2916 2694 ἐστι.
2949 2660 2967 2693 s
2998 2640 3122 2704 Πῶς
3143 2636 3237 2695 οὖν
3261 2639 3806 2710 συμϐιϐασθήσονται
3831 2640 4010 2693 ταῦτα

2404 2736 2667 2790 δοκοῦντα
2688 2736 2994 2807 μάχεσθαις
3021 2738 3089 2790 ⁸0
3110 2736 3212 2808 μιν
3236 2736 3408 2804 λέγει,
3434 2737 3518 2789 ὅτι
3548 2754 3566 2786 ι
3594 2738 3691 2788 Ἀν
3721 2737 3839 2805 ἐγὼ
3868 2754 4011 2807 μαρο

2405 2829 2557 2900 τυρῶ
2590 2832 2719 2900 περὶ
2753 2829 3020 2901 ἐμαυτοῦ,
3047 2832 3081 2902 ἡ
3113 2829 3395 2901 μαρτυρία
3430 2847 3531 2900 μου
3564 2830 3667 2883 οὐκ
3696 2830 3851 2883 ἐστιν
3878 2831 4009 2901 ἀληο

2406 2921 2538 2990 θὴς,
2582 2940 2602 2973 ι
2641 2921 2792 2990 λέγει
2826 2922 2903 2985 ὡς
2939 2920 3078 2991 πρὸς
3112 2920 3215 2992 τὴν
3248 2920 3522 2990 ὑπόληψιν
3555 2922 3665 2972 τῶν
3705 2919 4005 2974 Ἰουδαίων.

2418 3014 2571 3074 Ἐπεὶ
2601 3015 2712 3087 γὰρ
2740 3015 2967 3086 ἔμελλον
2997 3018 3198 3070 ικεῖνοι
3231 3015 3362 3079 ἴσως
3390 3015 3566 3069 είπεῖν
3597 3012 3752 3083 αὑτῷ
3772 3056 3785 3078 ,
3815 3015 3904 3067 ὅτι
3937 3016 4007 3067 Σὺ

2408 3111 2709 3181 μαρτυρεῖς
2735 3109 2867 3179 περὶ
2895 3107 3151 3171 σεαυτοῦ,
3180 3109 3359 3172 οὐδεὶς
3384 3108 3441 3161 δὲ
3471 3106 3772 3178 μαρτυρῶν
3797 3106 4006 3175 ἑαυτῷ,

709 3184 817 3241 ﬁde
863 3187 1059 3255 dignus
1089 3201 1193 3245 est.
1234 3190 1377 3247 Dicit
1414 3198 1661 3266 urgendo
1695 3200 1859 3259 illos:
1894 3202 2011 3260 Non
2049 3210 2293 3265 testimo-

2403 3202 2716 3269 ἀξιόπιστός
2746 3203 2888 3265 ἐστι,
2918 3203 3088 3273 φησὶν
3112 3202 3473 3265 ινστατικῶς,
3500 3203 3583 3255 ὅτι
3615 3202 3693 3254 Οὐ
3732 3201 4006 3271 μαρτυρῶ

710 3278 863 3332 nium
890 3282 1155 3348 perhibeo
1178 3298 1279 3355 ego
1299 3286 1369 3341 de
1396 3290 1626 3359 meipso,
1651 3293 1853 3366 alioqui
1876 3296 2031 3366 juxta
2057 3312 2297 3363 vestram

2404 3294 2515 3364 ἑγὼ
2557 3296 2686 3366 περὶ
2732 3294 2975 3367 ἐμαυτοῦ
3000 3312 3013 3327 ·
3059 3291 3095 3367 ἦ
3139 3295 3251 3364 γάρ
3292 3294 3359 3348 ἂν
3400 3294 3543 3347 κατὰ
3578 3294 3680 3364 τὴν
3723 3294 4007 3364 ὑμετέραν

708 3372 1033 3427 sententiam
1066 3391 1172 3429 non
1189 3377 1386 3448 dignus
1410 3395 1591 3439 essem
1622 3390 1708 3441 cui
1729 3392 2067 3457 crederetur.
2100 3414 2118 3447 ι
2149 3397 2303 3457 Alius

708 3465 853 3518 enim
870 3467 1059 3536 estqui
1089 3470 1457 3529 testimonium
1486 3476 1553 3532 de
1585 3494 1673 3534 me
1700 3483 1975 3551 perhibet,
2008 3504 2028 3537 ι
2060 3484 2301 3546 Joannes

708 3557 938 3612 scilicet.
973 3560 1124 3626 Quod
1149 3573 1332 3619 autem
1358 3567 1525 3635 dicit,
1549 3587 1569 3622 ι
1606 3572 1737 3628 Etsi
1789 3590 1891 3647 ego
1926 3580 2298 3638 testimonium

708 3650 988 3720 petitillm.
1008 3656 1375 3713 testimonium
1403 3675 1581 3717 meum
1613 3680 1801 3722 verum
1823 3680 1927 3734 est,
1955 3690 1973 3723 ι
1997 3677 2297 3732 secundum

708 3749 1119 3806 concessionem
1150 3754 1302 3809 dicit.
1335 3756 1615 3813 Accedens
1638 3760 1786 3815 enim
1813 3766 2053 3821 sermoni
2084 3765 2298 3825 Judmo—

710 3854 852 3905 rum,
882 3840 1055 3898 dicit:
1093 3845 1222 3902 Esto
1252 3852 1395 3917 quod
1443 3866 1544 3921 ego
1588 3840 1959 3921 testimonium
1987 3859 2057 3919 de
2089 3864 2297 3935 meipso

706 3934 1061 4002 perhibeam;
1096 3950 1149 3991 et
1184 3941 1227 3993 si
1254 3952 1359 4008 ego
1383 3942 1549 4013 igitur
1584 3950 1954 4006 testimonium
1988 3954 2055 4009 de
2088 3934 2297 4027 meipso

706 4026 1044 4095 perhibeam,
1104 4034 1473 4092 testimoniunt
1532 4055 1714 4095 meum
1764 4026 2296 4105 iverum‘estham

701 4132 827 4171 eum
858 4118 1001 4176 Deus
1037 4124 1163 4190 sim,
1199 4126 1302 4182 ﬁde
1335 4129 1534 4200 dignus
1575 4148 1719 4189 smn.
1743 4138 1921 4208 Atque
1955 4140 2031 4195 ita
2060 4144 2294 4212 primum

702 4211 841 4266 dixit
870 4213 993 4269 illos
1030 4220 1295 4286 urgendo,
1328 4237 1435 4277 non
1468 4238 1569 4295 ego
1600 4228 1973 4287 testimonium
2007 4211 2294 4304 perhibeo,

702 4304 798 4356 sed
831 4301 1169 4363 Prtecursor.
1203 4308 1518 4367 Secundum
1564 4328 1747 4371 autem
1788 4335 1849 4374 se
1882 4301 2295 4394 illis-opponen-

702 4391 793 4456 do,
825 4392 909 4447 vel
943 4396 1105 4449 etiam
1138 4401 1512 4469 concedendo,
1556 4406 1788 4466 dicens:
1834 4427 1853 4459 ι
1906 4411 1962 4466 Si
1998 4391 2166 4471 etiam
2193 4432 2295 4488 ego

2403 3388 2631 3459 γνώμην
2648 3387 2913 3453 ούκᾶξιος
2931 3388 3050 3459 εῐην
3085 3387 3464 3442 πιστεύεσθαι.
3503 3408 3523 3441 ι
3558 3389 3756 3451 ’Λλλος
3792 3389 3945 3442 ἐστὶν
3977 3390 4007 3441 6

2406 3479 2707 3561 μαρτυρῶν
2749 3482 2878 3554 περὶ
2924 3479 3083 3555 ὁμοῦ,
3110 3499 3131 3534 ι
3174 3482 3204 3535 6
3235 3479 3511 3552 Ἰωάννης.
3544 3484 3611 3535 '0
3635 3481 3694 3533 δὲ
3722 3481 3897 3549 λέγει,
3924 3484 4005 3535 ὅτι

2360 3576 2367 3587 ”
2408 3590 2429 3624 ι
2464 3572 2584 3626 Κᾶν
2606 3573 2719 3642 ιτὼ
2746 3572 3032 3644 μαρτυρῶ,
3054 3574 3093 3644 ἡ
3123 3574 3401 3644 μαρτυρία
3432 3590 3536 3644 μου
3564 3572 3777 3642 ἀληθής
3803 3576 3946 3635 ἐστι,
3980 3595 3997 3623 ι

2399 3666 2544 3718 κατὰ
2577 3665 2889 3737 συνδρομὴν
2921 3666 3103 3735 λέγει,
3143 3665 3461 3736 συντρέχων
3494 3658 3604 3735 γὰρ
3638 3667 3720 3737 τῷ
3754 3667 4003 3737 λογισμῷ

2398 3762 2509 3814 τῶν
2542 3760 2837 3823 Ἰουδαίων,
2875 3760 3065 3830 φησὶν,
3099 3760 3183 3814 ὅτι
3209 3759 3412 3824 Ἔστω,
3447 3762 3531 3815 ὅτι
3575 3762 3690 3829 ἐγὼ
3734 3761 4003 3833 μαρτυρῶ

2398 3854 2530 3927 περὶ
2574 3852 2840 3926 ἐμαυτοῦ.
2891 3852 3015 3909 Κᾶν
3058 3853 3171 3923 ἐγὼ
3213 3853 3397 3908 τοίνυν
3445 3854 3735 3925 μαρτυρῶ,
3790 3854 4000 3924 ἀληθής

2399 3950 2551 4001 ἐστιν
2592 3949 2626 4015 ἡ
2674 3945 2952 4019 μαρτυρία
2998 3964 3143 4018 μουσ
3191 3947 3329 4009 Θεὸς
3375 3948 3485 4018 γὰρ
3530 3946 3630 4010 ῶν,
3678 3947 3998 4012 ἀξιόπιστῦς

2398 4032 2537 4107 εἰμι.
2554 4038 2720 4092 Ὥστε
2742 4038 2804 4090 τὸ
2830 4038 2931 4106 μὲν
2956 4038 3174 4109 πρῶτον
3197 4039 3537 4101 ἔνστατικῶς
3563 4035 3743 4101 εἶπεν,
3770 4039 3858 4091 ὅτι
3885 4041 3999 4092 ubi:

2398 4130 2511 4200 ἐγὼ
2552 4130 2855 4203 μαρτυρῶ,
2892 4129 3014 4183 ἀλλ’
3038 4131 3068 4182 ὁ
3109 4130 3468 4207 Πρόδρομος·
3504 4131 3564 4183 τὸ
3605 4131 3663 4183 δὲ
3704 4130 3997 4203 δεύτερον,

2398 4224 2540 4279 κατὰ
2580 4224 3072 4295 άντιπαράστασιν,
3116 4224 3237 4295 ἦτοι
3283 4224 3614 4295 συνδρομὴν,
3658 4225 3745 4278 ὅτι
3810 4246 3830 4277 ι
3882 4228 3997 4280 ΚΞν

2396 4318 2508 4387 ἐγὼ
2534 4317 2823 4390 μαρτυρῶ,
2847 4316 3057 4387 ἀληθής
3082 4318 3229 4371 ἐστιν
3253 4319 3286 4388 ὴ
3316 4318 3597 4387 μαρτυρία
3625 4335 3752 4388 μου.
3787 4337 3806 4370 ι
3835 4320 3996 4389 Τρεῖς

2398 4410 2524 4478 οὖν,
2562 4413 2756 4483 φησὶν,
2795 4412 2906 4481 ἔχω
2944 4412 3265 4482 μάρτυρας,
3299 4411 3393 4464 τὸν
3430 4412 3719 4481 Ἰωάννην,
3753 4413 3825 4466 τὰ
3862 4414 3996 4484 ἔργα

702 4484 1076 4542 trstimonium
1103 4491 1444 4560 perltibeam,
1484 4498 1858 4557 testimoniqu
1894 4519 2074 4559 meum
2104 4523 2294 4565 verum

2402 4523 2505 4575 μου
2527 4547 2543 4573 ,
2570 4506 2663 4558 τὸν
2690 4504 2913 4573 Πατέρα
2948 4521 3075 4575 μου.
3106 4505 3218 4558 Καὶ
3250 4504 3472 4574 πρῶτον
3504 4504 3595 4557 τὸν
3630 4505 3892 4576 Ἰωάννην
3920 4508 3996 4559 τί·

696 4583 801 4631 est.
839 4595 859 4630 ι
910 4575 1085 4634 Porro
1120 4586 1241 4647 tria,
1289 4585 1489 4654 inquit,
1537 4588 1714 4647 habeo
1755 4595 2093 4662 testimonia,
2125 4598 2292 4657 Joan-

2402 4602 2579 4671 οησιν,
2614 4600 2704 4653 ἴνα
2741 4599 2905 4671 μήτις
2939 4600 3069 4669 εῐπῃ
3103 4596 3253 4667 αὑτῷ
3274 4612 3291 4629 ⁸
3324 4597 3391 4649 Τί
3420 4596 3534 4660 οὖν,
3558 4598 3837 4661 είὲκεῖνος
3863 4600 3996 4663 πρὶς

702 4684 847 4735 nem,
884 4686 1047 4741 Opera
1091 4690 1232 4739 mea,
1289 4678 1503 4735 Patrem
1533 4700 1736 4742 meum.
1768 4687 1833 4741 Et
1874 4690 2107 4758 primum
2140 4698 2297 4764 ponit

2402 4696 2559 4765 χᾶριν
2589 4690 2945 4765 ἐμαρτύρησε
2980 4708 3101 4759 σοις
3131 4692 3321 4762 φησὶν,
3351 4691 3436 4744 ὅτι
3465 4691 3656 4761 Ὑμεῖς
3689 4693 3851 4745 αὐτοὶ
3886 4696 3993 4746 άπ-

695 4758 987 4821 Juanuem.
1034 4768 1103 4823 Ut
1140 4785 1206 4824 ne
1235 4772 1359 4838 quis
1382 4774 1529 4829 dicat
1552 4778 1625 4841 ei,
1651 4778 1792 4845 Quid
1827 4782 1991 4851 igitur
2025 4785 2069 4839 si
2100 4758 2191 4841 ille
2222 4790 2290 4844 ad

2402 4758 2672 4842 ἔστείλατε
2704 4758 2845 4858 ζπρὸς
2866 4758 3153 4853 ⁷Ἰωάννην.
3179 4758 3409 4848 Πάντως
3435 4786 3494 4839 δὲ
3520 4758 3621 4837 οὐκ
3647 4787 3716 4838 ἂν
3741 4788 3997 4840 amarci-

697 4855 927 4921 gratiam
964 4861 1286 4917 testiﬁcatus
1312 4873 1397 4918 cst
1434 4867 1575 4919 tihi?
1602 4871 1755 4938 dicit,
1787 4872 1892 4929 Vos
1924 4874 2027 4945 ipsi
2062 4880 2289 4937 misistis

2402 4885 2522 4937 λατε
2559 4855 2897 4951 ἐρωτῶντες.
2930 4881 2978 4932 εί
3015 4879 3093 4949 μὴ
3128 4878 3451 4943 ἀξιόπιστον
3482 4880 3649 4953 αὑτὸν
3682 4880 3993 4948 ἐνομίζετε.

692 4946 761 4999 ad
792 4945 1084 5005 Joannem.
1115 4952 1351 5009 Omnino
1394 4969 1575 5015 autem
1625 4979 1732 5019 non
1788 4968 2078 5028 misissetis
2118 4973 2289 5029 inter-

694 5051 973 5109 rogantes,
1011 5046 1117 5101 nisi
1144 5062 1267 5103 eum
1322 5050 1426 5107 ﬁde
1453 5054 1679 5126 dignum
1716 5061 2069 5120 habuissetis.
2106 5069 2284 5139 Atque

690 5132 764 5186 ita
804 5136 970 5190 etiam
1006 5153 1104 5194 vos
1150 5142 1249 5211 ipsi
1300 5154 1467 5202 testes
1512 5149 1679 5217 estis,
1724 5157 1869 5222 quod
1915 5172 2078 5215 verax
2122 5132 2286 5219 fuerit

688 5224 968 5287 Joannes:
1009 5238 1261 5303 quamvis
1287 5253 1388 5309 ego
1421 5244 1666 5311 quidem,
1702 5262 1826 5303 cum
1862 5250 2003 5307 Deus
2026 5254 2149 5321 situ,
2178 5258 2283 5311 hu-

689 5337 855 5377 manu
880 5326 1195 5385 testimonio
1236 5346 1375 5401 opus
1428 5351 1534 5392 non
1593 5340 1846 5409 habeam,
1913 5355 1969 5401 et
2015 5348 2282 5407 Dominus

688 5419 833 5471 servi
871 5422 1205 5480 testimonio.
1259 5426 1402 5495 Quia
1470 5441 1651 5487 autem
1680 5450 1775 5491 vos
1797 5438 2100 5507 digniorem
2127 5444 2282 5500 illum

688 5512 947 5577 putastis,
990 5525 1045 5569 et
1096 5518 1201 5587 ipsi
1258 5522 1432 5591 magis
1467 5539 1633 5593 quam
1674 5530 1809 5584 mihi
1866 5536 2191 5605 attendistis,
2228 5548 2284 5595 et

685 5604 757 5657 ull
821 5604 970 5659 illum
1019 5612 1241 5691 quidem
1294 5618 1632 5685 accessistis,
1686 5623 1815 5678 mihi
1868 5638 2050 5684 autem
2102 5646 2282 5703 neque

689 5698 956 5755 miracula
999 5700 1218 5759 facienti
1254 5710 1517 5771 creditis:
1566 5724 1851 5785 propterea
1890 5722 2044 5779 vobis
2079 5722 2133 5780 in
2162 5698 2279 5785 me-

766 5894 809 5923 ²⁹
852 5891 1007 5949 Jean.
1051 5912 1162 5958 \‘lll,
1230 5896 1310 5951 ll.

2395 4978 2561 5030 Ὥστε
2597 4975 2695 5030 καὶ
2728 4976 2890 5045 ὑμεῖς
2924 4974 3083 5029 αὐτοὶ
3120 4972 3477 5043 μαρτυρεῖτε,
3511 4974 3591 5026 ὅτι
3623 4972 3842 5046 ἀληθὴς
3874 4970 3943 5045 ἦν
3969 4976 3997 5027 6

2410 5072 2687 5140 Ἰωάννης.
2718 5070 2914 5123 Καίτοι
2947 5066 3063 5136 ἐγὼ
3098 5068 3224 5137 μὲν,
3255 5063 3345 5120 οἶα
3377 5066 3443 5136 δὴ
3477 5065 3611 5129 Θεὸς
3641 5064 3743 5131 ὣν,
3776 5067 3840 5121 οὐ
3878 5067 3996 5121 διο-

2400 5183 2495 5235 μαι
2524 5164 2876 5235 ἀνθρωπίνης
2906 5162 3243 5234 μαρτυρίας,
3264 5161 3368 5231 τῆς
3394 5162 3494 5215 τοῦ
3517 5159 3707 5214 δούλου
3736 5162 3767 5214 6
3791 5163 4000 5216 Δεσπό-

2392 5277 2515 5329 της.
2550 5258 2706 5311 Ἐπεὶ
2741 5258 2798 5311 δὲ
2837 5258 2997 5328 ὑμεῖς
3041 5255 3207 5310 αὑτὸν
3245 5254 3702 5326 ἀξιοπιστότερον
3741 5255 3993 5325 ἡγεῖσθε,

2394 5354 2491 5407 καὶ
2519 5352 2673 5424 αὑτῷ
2705 5352 2909 5423 μᾶλλον
2933 5350 3235 5423 προσέχετε
3265 5350 3413 5421 ἥπερ
3440 5350 3588 5420 ἐμοὶ,
3617 5350 3868 5422 κάκείνῳ
3901 5353 3998 5422 μὶν

2396 5446 2846 5517 προσεδράμετε,
2891 5443 3019 5514 ἐμοὶ
3059 5442 3117 5495 δὲ
3160 5441 3285 5496 οὐδὲ
3334 5441 3862 5513 θαυματουργοῦντι
3906 5461 3993 5496 πι-

2394 5537 2637 5592 στεύετε⁶
2671 5536 2761 5591 διὰ
2790 5534 2952 5589 τοῦτο
2979 5534 3391 5605 ἀναμιμνήσκω
3418 5534 3519 5603 τῆς
3552 5534 3813 5590 Ἰωάννου
3850 5554 3993 5606 μαρ·

2390 5635 2609 5703 τυρίας,
2640 5631 2736 5686 καὶ
2767 5628 2950 5685 πάντα
2982 5631 3143 5694 ποιῶ,
3173 5631 3272 5684 καὶ
3297 5628 3635 5700 ἀναδέχομαι
3666 5631 3766 5684 καὶ
3793 5630 3867 5684 τά
3899 5633 3993 5683 ἀν.

2393 5729 2515 5797 άξια
2547 5728 2647 5797 τῆς
2688 5728 2829 5797 ἐμῆς
2867 5725 3145 5795 θεότητος,
3180 5724 3267 5779 ἶνα
3308 5724 3468 5796 ὑμεῖς
3511 5723 3749 5796 σωθῆτε.
3785 5726 3990 5795 Δύγννη
