4218 6424
221 410 358 480 1277

930 418 1379 482 ENARRATIO
1424 423 1502 482 IN
1548 424 1828 485 EVANGI

1941 429 2051 488 ΗΜ
2092 429 2438 492 JOANNIS.
2479 457 2544 468 -·
2583 431 2743 492 CAP.
2787 432 2853 492 V.

3400 406 3543 499 1278

221 529 281 583 δι
316 529 607 598 καιόμενον
643 528 731 582 τὸν
766 529 1024 599 Ἰωάννην
1057 533 1191 601 φησὶ
1212 573 1227 596 ,
1262 533 1446 596 καθὼς
1483 537 1578 586 καὶ
1614 536 1678 586 ἐκ
1713 535 1818 603 γῆς

1933 542 2156 593 muriam
2193 543 2396 598 reduco
2427 541 2657 598 Joannis
2697 541 3070 598 testimonium
3101 559 3115 610 ;
3152 543 3337 599 omnia
3389 545 3530 597 iariu

220 615 340 692 εἶχε
360 621 461 691 τὴν
484 620 795 685 διάπλασιν,
825 623 923 675 καὶ
949 624 1050 678 οὐκ
1076 625 1290 678 οἴκοθεν
1314 627 1374 678 τὸ
1403 625 1544 696 φῶς,
1571 625 1690 680 ἀλλ’
1713 625 1821 679 ἀπὸ

219 714 326 782 τῆς
347 713 443 768 τοῦ
474 713 794 784 Πνεῦματος
820 716 1045 784 χάριτος
1074 719 1170 770 καὶ
1200 717 1735 788 πρόσκαιρον.”Δμα
1755 735 1817 771 τε

220 807 334 875 γὰρ
373 806 548 877 εφάνη
589 806 624 876 η
663 805 759 859 τοῦ
806 809 1014 878 Κυρίου
1056 809 1276 879 ἡμέρα..
1305 809 1427 880 ἦτοι
1471 809 1818 874 διδασκαλία,

221 901 320 952 καὶ
356 898 650 970 ἁπεκρύση
684 901 714 952 6
749 899 966 972 λύχνος.
1003 899 1197 970 Ὑμεῖς
1229 901 1288 954 δὲ
1311 943 1325 967 ,
1359 901 1500 974 πρὸς
1534 901 1686 974 ὥραν
1723 885 1845 973 μὲν

219 989 553 1055 ἀπεδέξασθε
591 991 666 1045 τὰ
706 992 976 1063 ειρημένα
1015 994 1149 1064 παρ’
1181 993 1372 1058 αὑτοῦ,
1419 998 1514 1048 καὶ
1553 996 1822 1066 ἠγαλλιά-

223 1083 392 1157 σθητε
422 1084 480 1137 ιν
509 1082 697 1165 αὐτῷ·
730 1078 854 1137 εἶτα
882 1085 1270 1156 ὶπιλαθόμενοι
1302 1079 1378 1139 ὧν
1409 1087 1542 1158 περὶ
1571 1086 1708 1156 ἐμοῦ
1743 1082 1822 1140 si-

223 1193 348 1255 πεν,
390 1177 659 1248 ἔμεινατε
683 1179 780 1232 ἐπὶ
817 1181 919 1249 τῆς
959 1180 1237 1251 προτέρας
1278 1181 1564 1244 ἀπιστίας.
1608 1179 1671 1232 Ei
1711 1181 1820 1252 γὰρ

177 1321 179 1323 ,
221 1269 419 1339 ικείνῳ
450 1268 600 1338 ἅπαξ
637 1271 874 1340 βεϐαίως
907 1271 1295 1335 επιστεύσατε,
1326 1272 1541 1344 ταχέως
1574 1274 1643 1328 ἂν
1672 1275 1822 1345 ὑμᾶς

221 1361 361 1433 πρὸς
387 1362 489 1435 τὴν
515 1361 656 1435 ἐμὴν
687 1360 1102 1433 ἐχειρωγώγησε
1133 1363 1341 1418 πίστιν.

300 1672 320 1706 ι
371 1651 514 1720 Ἐγὼ
547 1651 605 1706 δὲ
640 1651 750 1724 ἔχω
779 1651 883 1724 τὴν
924 1652 1235 1724 μαρτυρίαν
1270 1627 1448 1725 μειέω
1477 1652 1574 1708 τοῦ
1619 1652 1810 1707 Ἰωάν-

219 1759 337 1797 νου.
382 1743 463 1796 Ta
508 1743 620 1814 γάρ
670 1742 810 1813 ιργα
855 1742 894 1798 ἃ
933 1743 1104 1799 ἔδωκὲ
1139 1762 1230 1816 μοι
1279 1747 1310 1799 6
1357 1745 1570 1815 Πατὴρ,
1604 1744 1693 1798 ἵνα
1729 1761 1820 1797 τε·

1927 645 1979 689 et
2009 635 2216 705 recipio
2249 635 2416 690 etiam
2466 636 2689 707 indigna
2742 651 2862 691 mea
2894 636 3118 702 deitate,
3153 647 3212 690 ut
3257 651 3354 692 vos
3405 637 3540 689 salvi

1927 727 2095 783 iiatis.
2127 726 2433 783 Lucernam
2467 738 2650 784 autem
2703 728 2986 783 ardentem
3044 726 3316 782 Joannem
3369 729 3539 790 dicit,

1925 837 1993 877 eo
2021 824 2166 891 quod
2201 824 2267 876 de
2302 832 2446 876 terra
2478 822 2645 877 habet
2676 821 3087 886 formationem,
3119 832 3178 876 et
3206 837 3312 876 non
3349 837 3446 891 per
3478 836 3541 875 se

1927 916 2104 986 ipsum
2139 923 2224 972 est
2258 916 2465 979 lumen,
2502 916 2598 971 sed
2632 930 2660 968 a
2695 915 2872 984 gratia
2917 916 3184 984 Spiritus,
3227 928 3292 968 ac
3325 923 3540 983 tempo-

1926 1010 2158 1065 rarium.
2223 1011 2294 1064 At
2340 1011 2432 1066 ubi
2494 1010 2747 1080 apparuit
2803 1008 2922 1063 dies
2980 1007 3223 1070 Domini.
3273 1008 3379 1062 hoc
3429 1017 3539 1069 est,

1925 1105 2200 1169 doctrina,
2236 1103 2455 1159 occulta
2501 1111 2589 1157 est
2639 1101 2892 1157 lm-erna.
2929 1099 3100 1170 578
3127 1101 3403 1155 Caeterum
3439 1114 3536 1154 vos

1926 1200 1994 1254 ad
2032 1199 2224 1253 horam
2250 1196 2472 1266 quidem
2515 1195 2806 1261 recepistis
2854 1208 2918 1247 ea
2970 1207 3092 1261 qua:
3132 1193 3202 1247 ab
3252 1192 3346 1246 illo
3397 1191 3539 1247 dicta

1925 1298 2074 1354 sunt,
2110 1297 2162 1342 et
2199 1286 2490 1342 exultantis
2530 1284 2584 1339 in
2635 1284 2780 1353 ipso,
2821 1290 2876 1337 et
2917 1281 3116 1339 deinde
3143 1281 3299 1336 obliti
3344 1295 3539 1337 eorum

1925 1397 2049 1452 quae
2083 1381 2151 1436 de
2181 1395 2266 1434 me
2305 1378 2444 1434 dixit
2466 1418 2480 1441 ,
2515 1377 2804 1432 mansistis
2839 1374 2893 1429 in
2927 1374 3101 1443 priori
3130 1373 3536 1429 incredulitate.

1923 1472 2065 1527 Nam
2113 1473 2160 1527 si
2216 1470 2290 1526 illi
2324 1469 2497 1525 semel
2553 1467 2788 1522 ﬁrmiter
2817 1465 3219 1532 credidissetis,
3261 1464 3542 1535 quampri-

1923 1581 2072 1622 mum
2111 1579 2208 1619 vos
2231 1562 2299 1618 ad
2331 1576 2508 1617 meam
2533 1559 2853 1616 adduxisset
2884 1559 3070 1613 fidem.

1995 1658 2164 1716 Vens.
2195 1657 2388 1713 56-38.
2428 1675 2448 1709 ι
2483 1656 2552 1712 At
2590 1669 2694 1726 ego
2727 1652 3108 1708 testimonium
3142 1634 3321 1705 habeo
3349 1646 3527 1716 majus

1925 1750 2244 1807 testimonio
2293 1747 2543 1804 Joannis.
2595 1745 2774 1818 Opera
2817 1746 2965 1801 enim
3009 1741 3343 1813 qumldedit
3403 1740 3537 1795 mihi

221 1836 439 1893 λειώσω
489 1838 651 1904 αὐτὰ,
690 1837 832 1892 αὐτὰ
860 1839 931 1892 τά
962 1839 1100 1910 ἔργα
1139 1838 1176 1894 ἀ
1203 1837 1318 1908 ἑγὼ
1348 1840 1512 1903 ποιῶ,
1551 1841 1822 1909 μαρτυρεῖ

1934 1845 2096 1899 Pater
2146 1855 2208 1899 ut
2275 1841 2558 1915 perﬁciam
2603 1855 2691 1907 ea,
2746 1840 2861 1908 ipsa
2909 1851 3076 1907 Opera
3124 1851 3273 1907 qua:
3318 1851 3421 1902 ego
3463 1834 3540 1886 fa-

219 1932 352 2003 περὶ
398 1929 558 2001 ἐμοῦ,
629 1930 714 1984 ὅτι
768 1931 798 1984 6
853 1931 1048 2003 Πατήρ
1108 1948 1176 2002 με
1231 1931 1590 1986 ἀπέσταλκεο
1631 1930 1728 1984 καὶ
1796 1932 1825 1983 6

221 2023 452 2096 πέμψας
485 2041 554 2094 με
590 2023 808 2095 Πατὴρ,
849 2024 1013 2089 αὐτὸς
1044 2023 1445 2097 μεμαρτύρηκε
1478 2023 1609 2094 περὶ
1638 2022 1774 2092 ιμοῦ
1807 2039 1822 2054 ·

218 2114 346 2174 οὔτε
393 2116 582 2186 φωνην
627 2115 794 2170 αὐτοῦ
851 2116 1131 2183 ἀκηκόατε
1179 2116 1405 2170 πώποτε
1428 2157 1443 2181 ,
1505 2115 1632 2171 οὕτε
1684 2111 1826 2178 εἶδος

217 2208 390 2265 αὐτοῦ
436 2209 746 2281 ἑωράκατε,
805 2209 901 2263 καὶ
947 2209 1042 2263 τὸν
1092 2209 1255 2278 λόγον
1287 2208 1455 2263 αὐτοῦ
1510 2209 1614 2263 οὐκ
1670 2207 1826 2280 ἔχετε

221 2303 456 2378 μένοντα
505 2303 565 2357 ιν
614 2303 746 2376 ὑμῖν
769 2318 785 2333 ·
820 2303 907 2356 ὅτι
948 2302 1008 2356 ὃν
1048 2302 1340 2358 ἀπέστειλε
1377 2303 1608 2367 ἐκεῖνος,
1645 2300 1827 2370 τούτῳ

219 2398 383 2469 ὑμεῖς
429 2397 490 2451 οὐ
543 2394 857 2451 πιστεύετε.
915 2415 936 2450 ι
996 2395 1390 2470 Ἐμαρτύρησε
1453 2395 1577 2469 μὲν,
1633 2393 1825 2466 φησὶν,

231 2487 492 2561 Ἰωάννης
549 2489 682 2562 περὶ
734 2486 897 2561 ιμοῦ,
973 2488 1233 2560 Ἰωάννης
1292 2491 1322 2543 6
1379 2488 1603 2550 πάντων
1644 2485 1827 2562 δοκῶν

221 2583 356 2656 ὑμῖν
381 2559 858 2651 ἀξιοπιστότατος.
903 2581 1060 2636 Ἐπεὶ
1089 2581 1148 2636 δὲ
1172 2559 1322 2646 εῑκδς
1348 2559 1824 2653 εὐρεθῆναίτινας

223 2676 595 2748 συκοφάντας,
642 2674 694 2729 οῖ
734 2673 900 2746 τυχὸν
933 2673 1159 2749 Διροῦιτι·
1214 2675 1331 2730 Καὶ
1373 2674 1428 2728 τι
1461 2674 1600 2746 πρὸς
1641 2673 1824 2744 ἡμᾶςς

236 2770 494 2842 Ἰωάννης
538 2767 830 2842 ὲχαρῐζετό
877 2785 984 2836 σοι,
1031 2768 1127 2823 καὶ
1173 2766 1264 2823 διὰ
1303 2766 1465 2823 τοῦτο
1498 2767 1568 2820 τά
1595 2766 1828 2838 χρηστόο

219 2879 355 2934 τερα
415 2858 820 2933 ἀπεμαρτύρειο
874 2859 940 2912 ’Υ
946 2860 1102 2931 μεῖς,
1123 2860 1316 2931 φησιν,
1354 2858 1642 2931 ἐπέμψατε
1687 2858 1826 2930 πρὸς

236 2955 517 3027 Ἰωάννην,
566 2956 666 3010 καὶ
691 2953 1040 3025 ἠρωτήσατε,
1070 2953 1250 3026 ἀληθῆ
1282 2953 1504 3016 πάντως
1543 2952 1708 3007 αὐτὸν
1739 2968 1827 3006 νο-

228 3049 502 3122 μίζοντες.
547 3048 696 3118 Πλὴν
748 3047 857 3119 ἔχω
907 3046 1006 3102 καὶ
1063 3046 1234 3118 ἀλλην
1286 3046 1597 3119 μαρτυρίαν
1650 3044 1825 3116 μείζω

220 3141 315 3196 τοῦ
358 3140 626 3195 Ἰωάννου.
663 3140 747 3193 Τά
776 3139 914 3211 ιργα
953 3140 1051 3194 καὶ
1107 3138 1144 3194 δ’
1177 3139 1351 3193 ἔδωκέ
1402 3157 1494 3211 μοι
1529 3139 1560 3193 ὁ
1605 3136 1822 3210 ἰητῆρ’

1932 1939 2048 2002 cio,
2104 1936 2479 1992 testimonium
2550 1932 2842 2004 perhibent
2890 1933 2959 1986 de
3007 1945 3126 1993 me,
3186 1931 3331 1997 quod
3383 1925 3544 1981 Pater

1931 2048 2018 2088 me
2074 2030 2310 2086 miserit.
2370 2028 2436 2082 Et
2491 2027 2582 2096 qui
2651 2024 2802 2080 misit
2862 2039 2950 2079 me
3003 2021 3201 2084 Pater,
3266 2021 3384 2090 ipse
3460 2029 3542 2073 te-

1931 2133 2108 2181 status
2149 2132 2236 2178 est
2282 2124 2351 2176 de
2391 2133 2518 2174 me:
2565 2133 2743 2188 neque
2773 2130 2963 2170 vocem
3012 2115 3134 2184 ejus
3164 2126 3405 2182 unquam
3441 2125 3542 2165 au-

1930 2218 2114 2283 distis,
2159 2229 2337 2285 neque
2381 2211 2620 2282 speciem
2653 2209 2772 2282 ejus
2827 2207 3064 2274 vidistis,
3117 2215 3173 2260 et
3231 2217 3543 2260 sermonem

1929 2311 2048 2378 ejus
2081 2324 2191 2363 non
2242 2306 2460 2362 habetis
2507 2305 2563 2359 iu
2616 2303 2775 2358 vobis
2813 2310 3160 2365 manentem,
3212 2299 3343 2370 quia
3379 2309 3543 2366 quem

1931 2401 2079 2459 misit
2107 2400 2218 2466 ille,
2273 2381 2341 2455 ei.
2371 2412 2470 2453 vos
2502 2383 2616 2452 non.
2661 2393 2911 2451 creditis.
2950 2410 2970 2446 ι
3019 2391 3282 2446 Testatus
3321 2386 3544 2459 quidem

1929 2505 2015 2554 est
2045 2494 2288 2550 Joannes
2321 2494 2389 2549 de
2427 2505 2514 2547 me
2550 2488 2644 2561 qui
2685 2486 2845 2544 vobis
2882 2485 3132 2542 omnium
3165 2482 3410 2538 maxime
3442 2478 3548 2534 iide

1934 2590 2132 2659 dignus
2166 2587 2500 2642 videbatur:
2541 2591 2928 2639 verumtamen
2966 2578 3096 2648 quia
3126 2573 3430 2633 verisimile
3463 2580 3552 2628 est

1930 2682 2051 2739 fore
2081 2679 2351 2752 quosdam
2384 2677 2759 2751 sycophantas
2802 2673 2898 2743 qui
2940 2669 3200 2728 fortassis
3230 2666 3440 2728 dicent,
3483 2663 3550 2718 Et

1935 2777 2064 2847 quid
2091 2776 2158 2830 ad
2194 2773 2339 2829 nos?
2366 2773 2411 2828 si
2441 2768 2684 2826 Joannes
2707 2764 3012 2840 gratiﬁcari
3051 2764 3152 2819 tibi
3185 2761 3462 2819 voluerat.
3494 2767 3552 2812 et

1929 2882 2222 2943 propterea
2267 2864 2559 2922 blandiore
2608 2861 2860 2934 quadam
2905 2865 3200 2914 attestatus
3241 2852 3361 2909 est?
3411 2848 3548 2915 Vos,

1931 2964 2130 3032 inquit,
2163 2959 2396 3017 misistis
2421 2960 2491 3013 ad
2517 2956 2814 3021 Joannem,
2855 2961 2914 3009 et
2938 2947 3347 3018 interrogastis,
3391 2959 3552 3000 vera-

1929 3073 2050 3115 cem
2080 3071 2181 3128 per
2216 3054 2405 3112 omnia
2430 3049 2585 3111 illum
2613 3049 3026 3105 existimantes.
3063 3041 3466 3126 Verumtamen
3493 3049 3552 3092 et

1927 3170 2029 3226 ego
2056 3153 2201 3210 aliud
2232 3148 2605 3207 testimonium
2642 3144 2823 3202 habeo
2866 3140 3045 3212 majus
3095 3136 3329 3196 Joanne.
3369 3133 3553 3226 Opera

220 3232 829 3299 τουτέστιν,ο’Δνέθετό
862 3251 952 3305 μοι
985 3235 1014 3288 6
1055 3232 1270 3307 Πατὴρ,
1303 3235 1392 3289 ἵνα
1427 3232 1704 3289 τελειώσω
1722 3233 1826 3286 αὺ-

1933 3224 2078 3302 enim
2114 3257 2238 3314 qua
2272 3239 2422 3298 dedit
2465 3233 2602 3294 mihi
2659 3235 2847 3302 Pater,
2891 3233 2998 3289 hoc
3046 3239 3153 3297 est,
3188 3224 3554 3326 qum-statuit

219 3326 312 3393 τά,
344 3323 686 3398 μαρτυροῦσι
716 3325 847 3396 περὶ
889 3323 1052 3394 ἐμοῦ.
1081 3324 1246 3393 Λέγει
1273 3325 1332 3378 δὲ
1361 3323 1522 3395 ἔργα,
1578 3324 1647 3377 τὰ
1696 3323 1828 3398 bati-

225 3435 375 3491 ματα
405 3395 605 3491 δήπου,
637 3410 752 3470 οἷον
777 3395 878 3486 τὴν
901 3415 998 3470 τοῦ
1025 3415 1346 3488 παραλύτου
1378 3416 1708 3491 ἀνόρθωσιν,
1729 3395 1828 3470 καὶ

221 3511 292 3567 τά
320 3511 506 3566 λοιπά.
550 3510 706 3564 Ἐπεὶ
735 3509 796 3564 δὲ
822 3510 1117 3565 ἐνεκάλουν
1144 3509 1209 3563 αἰ
1222 3508 1318 3580 τῷ,
1345 3509 1429 3563 ὅτι
1457 3510 1515 3562 ὲν
1555 3507 1827 3580 Σαόὃάτῳ

219 3604 394 3659 ταῦτα
424 3605 598 3669 ποιεῖ,
627 3603 900 3673 λέγοντες,
930 3601 1014 3656 ὅτι
1043 3620 1062 3653 ι
1099 3603 1216 3656 Οὐκ
1251 3602 1401 3656 ἔστιν
1441 3605 1507 3656 ὲκ
1539 3601 1638 3655 τ(ιῦ
1663 3600 1824 3666 Θεοῦ,

215 3697 382 3754 ὅτιτὸ
410 3696 689 3753 Σάϐϐατον
731 3697 792 3750 οὑ
820 3699 982 3768 τηρεῖ
1000 3711 1050 3750 ⁸»
1078 3696 1352 3751 δείκνυσιν
1394 3697 1602 3764 αὐτοῖς,
1649 3697 1731 3751 ὅτι
1757 3696 1830 3751 τὰ

220 3789 300 3863 τῷ
331 3788 509 3861 Πατρὶ
535 3787 836 3859 δεδογμένα
862 3790 1027 3854 ποιεῖ,
1045 3790 1141 3843 καὶ
1165 3789 1249 3842 ὅτι
1278 3789 1481 3859 μᾶλλον
1499 3790 1563 3842 ἐκ
1579 3789 1670 3842 τοῦ
1688 3787 1828 3842 Θεοῦ

223 3887 363 3949 εστι,
398 3881 584 3945 καθὼς
613 3882 684 3936 τὰ
714 3881 870 3954 παρά
890 3881 987 3936 τοῦ
1017 3880 1157 3936 Θεοῦ
1188 3881 1453 3955 δεδομένα
1500 3881 1655 3954 αύτῷ
1688 3881 1829 3952 ἔργα

219 3974 385 4031 τελεῖ.
427 3991 448 4027 ι
485 3973 568 4026 Τὰ
594 3971 713 4044 γὰρ·
743 3971 906 4044 ἔργα,
937 3972 1128 4043 φησὶν,
1158 3971 1197 4028 ἃ
1225 3971 1398 4028 ἔδωκέ
1432 3989 1524 4044 μοι
1549 3975 1578 4026 6
1610 3973 1827 4044 Πατὴρ,

221 4067 313 4124 ῖνα
330 4039 792 4121 τελειώσω-αῦτά.
877 4039 1038 4120 Ἐέτέι
1058 4060 1153 4119 οῦν
1179 4067 1208 4120 6
1236 4039 1446 4137 Πατὴρ-
1459 4065 1662 4120 δέδωκε
1695 4039 1830 4119 sai“;-

219 4179 312 4230 τα,
363 4161 524 4232 ὑμεῖς
557 4163 682 4214 ἐστε
706 4159 951 4214 ἀντίθεοι
991 4161 1042 4214 οἱ
1069 4159 1480 4229 ἐναντιούμενοι
1506 4161 1620 4223 τοῖς
1651 4159 1832 4213 τοιαύ-

219 4271 339 4319 τοις
367 4252 603 4326 {pyctae
641 4252 757 4306 Καὶ
777 4251 806 4304 6
828 4252 1054 4322 πέμψαν
1085 4269 1154 4323 με
1179 4253 1394 4325 Πατὴρ,
1423 4252 1586 4315 αὐτὸς
1615 4269 1831 4324 μεμαρ-

220 4349 432 4419 τύρηκε
456 4348 587 4418 περὶ
611 4345 771 4418 ἐμοῦ.
804 4364 824 4399 ι
852 4346 965 4400 Ποῦ
986 4348 1012 4400 ὁ
1073 4347 1474 4420 μεμαρτύρηκε
1507 4363 1575 4401 πε
1586 4347 1640 4418 pi.
1659 4345 1829 4401 αὑτοῦ

223 4443 254 4497 6
278 4442 507 4515 Πατήρς
539 4439 699 4505 Τινὲς
727 4439 830 4510 μὲν
849 4440 1009 4509 λέγον
1057 4457 1128 4508 ιν,
1161 4441 1240 4506 ὡς
1268 4443 1361 4495 ἐπὶ
1381 4439 1479 4496 τοῦ
1509 4441 1834 4513 βαπτίσμα-

220 4552 338 4603 τος,
383 4537 517 4591 ὃταν
549 4529 737 4588 εἶπεν*
787 4552 807 4587 ι
865 4528 994 4590 Οῦτ(
1069 4536 1220 4588 εστιν
1264 4534 1294 4587 6
1320 4534 1451 4599 Υἱός
1485 4551 1590 4606 μου
1629 4535 1660 4588 6
1693 4534 1834 4602 ἀγα·

1932 3341 2064 3396 mihi
2119 3337 2285 3393 Pater
2351 3343 2414 3389 ut
2488 3329 2800 3404 perficiam,
2848 3342 2913 3384 ea
2975 3331 3258 3381 testantur
3319 3319 3390 3375 de
3441 3332 3552 3372 me.

1934 3433 2078 3489 Dicit
2131 3437 2316 3484 autem
2370 3440 2563 3496 opera,
2611 3415 2886 3478 mirabilia
2939 3420 3034 3474 illa
3088 3416 3326 3477 scilicet,
3389 3411 3556 3482 quale

1932 3524 2044 3581 fuit
2095 3519 2388 3593 paralytici
2446 3516 2751 3579 restitutio,
2793 3522 2904 3569 etc.
2964 3510 3361 3566 Verumtamen
3421 3502 3556 3576 quia

1931 3617 2236 3686 arguebant
2264 3628 2388 3670 eum
2415 3609 2560 3681 quod
2594 3611 2649 3664 in
2680 3607 2927 3663 Sabhato
2955 3605 3069 3659 lucc
3096 3601 3305 3657 faceret
3353 3601 3545 3656 dicen-

1935 3721 2060 3768 tes:
2110 3727 2132 3760 ε
2172 3707 2276 3762 ilic
2331 3721 2436 3761 non
2468 3712 2552 3759 est
2600 3718 2666 3758 ex
2718 3700 2853 3767 Deo,
2889 3701 3017 3772 quia
3073 3697 3378 3753 Sabbatum
3433 3708 3542 3747 nou

1934 3809 2119 3860 servat
2152 3801 2220 3866 '°,
2254 3819 2274 3852 ι
2305 3797 2549 3854 ostendit
2583 3797 2666 3851 cis
2692 3795 2838 3866 quod
2867 3794 3036 3849 iaciat
3065 3807 3129 3846 ea
3161 3804 3284 3860 quae
3314 3803 3342 3842 a
3377 3787 3544 3841 Patre

1934 3896 2179 3953 decreta,
2205 3901 2262 3946 et
2306 3890 2452 3960 quod
2476 3889 2712 3958 magis-a
2750 3887 2866 3942 Deo
2904 3886 2997 3950 sit,
3029 3899 3094 3939 eo
3132 3883 3281 3954 quod
3309 3875 3556 3952 injuucta

1936 3989 2041 4045 sibi
2075 4001 2105 4041 a
2138 3985 2254 4042 Deo
2292 3997 2461 4056 opera
2491 3981 2680 4038 faciat.
2721 3999 2740 4034 ι
2772 3980 2952 4049 Opera
2985 3980 3160 4047 enim,
3203 3976 3408 4047 inquit,
3437 3990 3560 4042 qua:

1936 4079 2089 4135 dedit
2128 4077 2262 4132 mihi
2316 4077 2484 4130 Pater
2534 4081 2595 4128 ut
2641 4072 2930 4144 perficiam
2977 4085 3064 4125 ea.
3127 4089 3147 4123 ι
3211 4068 3352 4137 Quia
3389 4067 3561 4139 igitur

1940 4171 2104 4227 Pater
2125 4169 2281 4225 dedit
2313 4169 2449 4222 mihi
2498 4166 2613 4231 illa,
2648 4180 2745 4220 vos
2779 4166 2914 4221 estis
2949 4165 3061 4220 Deo
3094 4160 3424 4224 adversarii,
3460 4161 3555 4231 qui

1937 4265 2044 4320 illis
2081 4261 2338 4332 operibus
2369 4259 2776 4324 adversamini;
2828 4266 2884 4313 et
2921 4257 3016 4327 qui
3059 4255 3212 4310 misit
3257 4268 3344 4309 me
3374 4252 3560 4316 Pater,

1935 4359 2055 4426 ipse
2092 4362 2328 4409 testatur
2356 4354 2424 4408 de
2465 4367 2578 4407 me.
2611 4349 2717 4407 Ubi
2757 4357 2941 4405 autem
2989 4356 3232 4402 testatus
3261 4355 3347 4401 est
3383 4347 3450 4398 de
3489 4359 3556 4398 eo

1936 4447 2146 4504 Pater?
2175 4444 2413 4513 Quidam
2451 4444 2638 4500 dicunt
2678 4443 2826 4513 quod
2857 4441 2910 4496 in
2948 4439 3312 4511 baptismate,
3336 4437 3561 4508 quando

1939 4542 2124 4608 dixit;
2155 4558 2174 4593 ι
2230 4537 2332 4594 llic
2375 4537 2664 4593 estFilius
2710 4551 2865 4591 meus
2912 4535 3148 4590 dilectus
3169 4532 3240 4588 ".
3289 4550 3308 4584 ι
3349 4530 3564 4600 Opinor

220 4628 422 4700 πητάς,
473 4647 493 4682 ε
547 4629 820 4698 Κρεῖττον
865 4627 924 4681 δὲ
973 4622 1131 4700 οἶμαι
1171 4626 1338 4693 νοεῖν,
1389 4627 1475 4682 ὅτι
1521 4626 1614 4682 διὰ
1646 4626 1828 4697 πάσης

1943 4644 2126 4690 autem
2150 4629 2300 4703 quod
2336 4629 2514 4702 magis
2548 4629 2822 4701 intelligat
2845 4628 2990 4698 quod
3024 4641 3127 4698 per
3152 4635 3374 4682 omnem
3405 4624 3562 4680 Scri-

222 4721 326 4792 τῆς
360 4719 589 4792 Γραφῆς
622 4718 982 4791 ἐμαρτύρησε
1027 4720 1162 4789 περὶ
1193 4717 1364 4774 αὐτοῦ
1400 4720 1430 4773 6
1460 4718 1617 4785 Θεὸς,
1653 4718 1744 4774 διά
1774 4735 1835 4772 τε

222 4813 321 4869 τοῦ
353 4814 522 4886 νόμου
555 4815 654 4866 καὶ
692 4811 805 4868 τῶν
842 4813 1167 4884 προφητῶν.
1226 4813 1369 4868 Ἀλλ’
1401 4815 1586 4884 ὑμεῖς,
1642 4814 1831 4884 φησὶν,

225 4905 355 4962 οὔτε
408 4906 595 4975 φωνὴν
649 4903 823 4957 αὑτοῦ
866 4903 1172 4974 ἀκηκόατε,
1224 4904 1321 4958 τοῦ
1388 4905 1604 4976 [ἰατρὸς
1663 4904 1834 4973 λέγω,

224 4998 356 5055 οὔτε
421 4995 566 5061 εἶδος
628 4996 798 5051 αὑτοῦ
870 4997 1193 5068 ἑωράκατε,
1273 4995 1415 5051 ἀλλὰ
1478 4995 1836 5051 παντάττασιν

192 5094 506 5164 ’ἄγνωστος
554 5090 686 5161 ὑμῖν
729 5093 870 5143 ἐστι’
906 5089 1046 5144 διότι
1092 5090 1309 5144 καὶτὸν
1335 5090 1496 5161 λόγον
1536 5087 1706 5146 αὐτοῦ
1735 5089 1837 5144 οὐκ

225 5171 379 5253 ἔχετε
416 5180 653 5253 μένοντα
697 5179 757 5233 ὲν
790 5179 925 5250 ὑμῖν
946 5197 961 5212 ο
1001 5182 1281 5248 τουτέστι,
1331 5182 1444 5246 Τὰς
1477 5181 1708 5255 Γραφάς
1736 5183 1838 5248 τάς

223 5275 357 5348 περὶ
400 5271 542 5345 ἀμοῦ
596 5273 993 5344 μαρτυρούσας
1033 5274 1137 5328 οὐκ
1164 5274 1372 5341 οἴδατε,
1418 5277 1468 5330 si
1495 5277 1592 5330 καὶ
1624 5275 1837 5331 δοκεῖτε

224 5367 309 5422 ὅτι
351 5366 561 5430 οῖδατε.
591 5366 692 5421 καὶ
745 5367 1054 5437 καυχᾶσθε.
1097 5367 1175 5434 ὡς
1217 5369 1287 5423 τὰ
1335 5368 1512 5438 Λόγια
1543 5369 1641 5425 τοῦ
1693 5368 1836 5424 Θεοῦ

226 5456 714 5530 εμπιστευθᾶντες.
769 5458 944 5521 Πόθεν
981 5460 1164 5531 δῆλον,
1219 5463 1304 5517 ὅτι
1348 5464 1452 5518 οὐκ
1502 5464 1685 5519 οῐδατε
1732 5463 1835 5530 τὰς

221 5551 482 5624 Γραφάς·
516 5569 537 5604 ε
575 5552 704 5607 Ὀτι
735 5551 796 5607 δν
819 5553 1145 5608 ἀπέστειλεν
1173 5557 1409 5624 ἐκεῖνος,
1453 5558 1635 5630 τούτῳ
1671 5560 1832 5631 ὑμεῖς

223 5644 288 5700 οὐ
320 5643 634 5700 πιστεύετε.
670 5663 690 5697 ι
731 5645 950 5718 Ὠσπερ
982 5644 1078 5701 οῦν
1106 5648 1233 5702 οὔτε
1276 5649 1465 5723 φωνὴν
1496 5651 1636 5706 Θεοῦ
1669 5654 1830 5723 ἡκού-

227 5756 362 5795 σατε
396 5739 480 5810 (οὐ
528 5738 638 5809 γὰρ
669 5739 784 5810 ἔχει
825 5741 1014 5812 φωνὴν
1058 5742 1088 5792 6
1136 5742 1270 5806 Θεὸς
1327 5744 1643 5818 αἰσθητὴν),
1696 5746 1824 5804 οὔτε

301 5922 346 5956 ³⁸⁵
391 5921 548 5979 Joan.
591 5939 665 5985 ιχ,
710 5924 786 5979 ις.
874 5927 909 5957 ³³
943 5925 1105 5981 λῐδηιι
1164 5944 1290 5981 κτα.
1333 5927 1384 5979 5,

1938 4735 2158 4798 ptursm
2210 4733 2450 4781 testatus
2503 4724 2578 4778 sit
2632 4723 2699 4776 de
2747 4738 2814 4777 eo
2851 4711 3017 4787 Deus,
3077 4731 3187 4773 tam
3236 4735 3333 4790 per
3382 4719 3560 4788 legem

1939 4836 2102 4891 quam
2132 4835 2230 4892 per
2261 4819 2583 4890 prophetas.
2623 4835 2641 4868 ι
2702 4816 2810 4872 Sed
2850 4810 2971 4878 vos,
3020 4815 3222 4886 inquit,
3256 4829 3435 4883 neque
3468 4830 3563 4868 vu-

1939 4928 2060 4968 ccm
2095 4913 2217 4984 cjus
2262 4911 2519 4973 audistis,
2560 4895 2762 4977 Patris,
2822 4912 3070 4981 inquam,
3103 4924 3283 4980 neque
3316 4909 3560 4980 speciem

1939 5005 2065 5076 ejus
2116 5003 2350 5059 vidistis.
2413 5021 2433 5056 ι
2499 5001 2628 5058 ldeo
2679 5002 2941 5058 omnibus
3001 5001 3182 5058 modis
3247 5000 3563 5070 incognitus

1944 5099 2105 5156 vobis
2130 5107 2240 5157 est.
2286 5095 2416 5154 ldeo
2454 5105 2511 5154 et
2543 5108 2859 5152 sermonem
2902 5095 3025 5167 ejus
3062 5110 3170 5150 non
3205 5094 3419 5150 habetis
3443 5107 3564 5148 ma-

1941 5202 2168 5250 nentem
2217 5191 2272 5247 in
2312 5190 2505 5259 vobis;
2558 5191 2663 5247 hoc
2696 5199 2803 5254 est,
2847 5189 3166 5260 Scripturas
3212 5203 3336 5258 quae.
3363 5186 3433 5243 de
3477 5200 3565 5243 me

1942 5294 2239 5351 testantur,
2276 5282 2541 5341 nescitis:
2583 5281 2804 5337 tametsi
2840 5280 3139 5336 videamini
3187 5278 3334 5334 scire
3359 5287 3416 5334 et
3448 5278 3565 5350 glo-

1941 5376 2076 5432 riari
2130 5376 2186 5432 in
2222 5374 2459 5446 eloquiis
2513 5374 2608 5430 Dei
2662 5389 2785 5443 qua:
2828 5373 2985 5429 vobis
3038 5372 3356 5428 concredita
3408 5378 3558 5425 sunt.

1946 5466 2089 5524 Hinc
2125 5477 2311 5523 autem
2368 5465 2755 5524 manisfestum
2806 5466 2952 5536 quod
2990 5464 3256 5521 nesciatis
3309 5463 3563 5534 Scriptu-

1941 5576 2055 5627 ras,
2084 5561 2210 5634 quia
2245 5579 2264 5613 ι
2288 5560 2336 5616 ei
2365 5575 2527 5630 quem
2591 5560 2680 5615 ille
2717 5560 2888 5625 misit,
2918 5573 3026 5614 non
3054 5556 3302 5612 creditis.
3341 5573 3361 5608 ι
3389 5554 3560 5625 Igitur

1941 5657 2089 5713 sicut
2129 5670 2308 5728 neque
2348 5670 2537 5711 vocem
2576 5655 2671 5710 Dei
2708 5653 3001 5710 audivistis
3035 5652 3169 5724 (non
3201 5650 3350 5707 enim
3394 5650 3560 5704 habet

1942 5750 2086 5808 Deus
2109 5765 2298 5808 vocem
2332 5750 2696 5819 scnsibilcm),
2753 5763 2929 5820 neque
2969 5748 3208 5819 speciem
3266 5744 3385 5816 ejus
3418 5743 3557 5799 vidi-
