4218 6424
247 431 379 500 1281

915 422 1360 487 ENARRATIO
1402 423 1485 486 IN
1525 421 2034 485 EVANGELIUM
2072 419 2422 484 IOANNIS.
2464 441 2526 455 ·-’
2553 417 2726 481 CAP.
2770 418 2886 482 VI.

3427 415 3566 482 1282
3606 444 3608 448 τ

251 546 422 614 σύνης
457 539 690 611 ἐκκόψαι
735 536 1086 609 βουλό;.ο.ενος)
1117 552 1132 567 ο
1182 534 1342 598 ἄλλος
1388 533 1446 589 δὲ
1477 533 1787 597 ἐλεύσεται,
1825 533 1855 586 ὁ

1963 547 2110 588 rem.
2144 532 2300 587 Alius
2335 539 2516 586 autem
2545 528 2750 595 veniet,
2786 526 3169 584 Antichristus
3207 525 3442 592 scilicet,
3475 526 3566 599 qui

249 635 625 706 Ἀντίχριστος
659 629 926 702 δηλονότι,
977 626 1038 690 ὃς
1087 625 1271 697 μέλλει
1314 624 1731 689 ἀποδεικνύναι,
1763 625 1848 678 ὅτι

186 762 210 788 ο
249 729 413 784 αὑτός
439 728 557 780 ἐστι
587 723 750 794 μόνος
784 721 937 784 Θεός.
971 719 1107 790 Ἐμὲ
1142 720 1240 789 μὲν
1272 713 1366 772 οὖν
1397 717 1490 771 τὸν
1522 718 1581 770 ἐν
1616 717 1848 788 ὀνόματι

246 819 346 873 τοῦ
374 816 589 886 Πατρὺς
613 814 862 878 ἐλθόντα,
893 812 1167 875 τουτέστι,
1191 809 1285 862 τὸν
1318 809 1549 878 λέγοντα
1571 809 1726 881 παρά
1749 809 1848 863 τοῦ

249 911 464 980 Πατρὸς
494 906 859 972 ἀπεστάλθαι,
897 905 959 956 οὐ
992 902 1240 973 δέχεσθε,
1276 904 1486 956 ἐκεῖνον
1515 901 1574 955 δέ
1600 900 1847 968 δέξεσθε.

250 1000 422 1055 Τοῦτο
449 999 504 1051 δὲ
546 998 837 1068 συμϐαίνει
883 997 1038 1066 ὑμῖν,
1075 995 1210 1049 διότι
1243 996 1452 1058 ἐκεῖνος
1490 995 1590 1066 μὲν
1617 995 1721 1065 τὴν
1750 993 1846 1048 τοῦ

253 1093 370 1164 βίου
414 1089 574 1155 δόξαν
624 1089 754 1159 ὑμίν
806 1087 1224 1156 ἐπαγγελεϊται.
1273 1087 1342 1158 ἢν
1391 1087 1553 1157 ὑμεῖς
1606 1088 1849 1158 ζητεῖτε,

253 1184 503 1246 θέλοντες
551 1183 652 1253 τὴν
702 1180 858 1252 παρά
897 1180 1145 1250 ἀλλήλων
1184 1180 1348 1245 δόξαν
1392 1181 1721 1252 λαμϐάνειν,
1754 1181 1850 1235 καὶ

249 1275 348 1346 τὴν
388 1276 541 1347 παρά
563 1274 658 1327 τοῦ
687 1274 850 1344 μόνου
873 1273 1010 1326 Θεοῦ
1034 1272 1392 1337 διαπτύοντες
1419 1290 1434 1304 ⁶
1467 1273 1578 1341 ἐγὼ
1607 1274 1664 1328 δὲ
1693 1275 1852 1328 οὐδὲν

251 1371 310 1422 ἐν
343 1368 445 1438 βίῳ
489 1364 855 1436 περίϐλεπτον
904 1366 1033 1434 ὑμῖν
1067 1364 1506 1436 ἐπαγγέλλομαι,
1548 1363 1687 1419 ἀλλά
1718 1365 1852 1418 πολ-

251 1463 349 1532 λὴν
385 1462 612 1531 ἐνορᾶτε
665 1458 956 1511 δυσκολίαν
1006 1460 1120 1520 τοῖς
1160 1456 1253 1510 ὑπ’
1311 1457 1450 1526 ἐμοῦ
1502 1457 1850 1528 λεγομένοις.

253 1554 353 1607 Διά
377 1551 540 1605 τοῦτο
568 1546 682 1612 οὖν,
708 1552 894 1620 φησιν,
924 1551 1048 1618 ἐμοὶ
1091 1550 1153 1602 οὐ
1207 1550 1495 1602 πιστεύετε
1522 1565 1536 1579 ο
1561 1549 1713 1602 ούδέν
1741 1547 1852 1617 γάρ

250 1643 484 1715 τερπνὸν
533 1642 791 1712 βιωτικὸν
839 1640 1176 1712 προσδοκᾶτε
1219 1640 1364 1704 ἕξειν
1398 1640 1493 1692 ἀπ’
1533 1639 1696 1710 ἐμοῦ.
1741 1641 1853 1693 Καὶ

251 1734 430 1796 ἄλλως
481 1732 538 1785 δέ
569 1747 583 1761 ·
629 1750 646 1784 ι
679 1731 755 1784 Οὐ
793 1729 1082 1782 πιστεύετέ
1124 1745 1239 1796 μοι,
1278 1729 1354 1791 ὡς
1379 1728 1538 1792 δόξαν
1571 1729 1672 1799 τὴν
1697 1727 1854 1800 παρὰ

250 1826 500 1896 ἀλλήλων
533 1824 838 1888 θέλοντες.ι
882 1825 1182 1893 Ἄρχοντες
1213 1824 1313 1893 μὲν
1339 1824 1446 1894 γὰρ
1475 1825 1569 1876 καὶ
1594 1824 1848 1878 διδάσκα-

252 1920 334 1970 λοι
361 1918 518 1970 αὐτοὶ
548 1919 699 1986 μόνοι
735 1914 986 1978 θέλοντες
1027 1915 1206 1966 δοκεῖν
1240 1913 1394 1981 παρά
1421 1912 1500 1983 τῷ
1532 1914 1755 1984 πλήθει,
1788 1915 1850 1969 οὐ
1885 1902 1930 1963 Β

252 2009 504 2081 δέχονταί
539 2028 626 2080 με,
661 2009 749 2063 ἴνα
783 2009 862 2079 μὴ
886 2006 1219 2079 ἐλαττωθείη
1256 2007 1443 2070 αὐτοῖς
1472 2010 1503 2078 ἡ
1536 2007 1666 2076 δόξα
1689 2025 1702 2038 ·
1734 2010 1857 2062 λιιοὶ⁸

252 2103 334 2166 δέ,
383 2102 484 2170 τὴν
519 2101 676 2172 παρὰ
728 2099 842 2154 τῶν
867 2100 1151 2171 ἀρχόντων
1180 2099 1406 2168 ἀγάπην
1437 2099 1757 2172 ζητοῦντες,
1792 2102 1855 2154 οὐ

219 2195 473 2249 τθέλουσι
522 2194 903 2266 προσδραμεῖν
945 2195 1104 2264 ἐμοὶ,
1151 2193 1241 2246 ἴνα
1275 2194 1352 2265 μὴ
1386 2193 1490 2264 τῆς
1541 2195 1696 2264 παρά
1744 2193 1856 2247 τῶν

249 2289 533 2360 ἀρχόντων
559 2288 729 2359 τιμῆς
767 2287 836 2341 δι’
861 2288 962 2358 ἐμὲ
996 2289 1331 2342 ἐκπέσωσιν.
1356 2286 1517 2340 Ἐπεὶ
1543 2286 1599 2340 δὲ
1638 2286 1735 2339 καὶ
1765 2286 1858 2340 τὸν

251 2382 498 2451 Μωῡσῆν
537 2382 652 2436 ἀνω
679 2381 775 2436 καὶ
815 2381 967 2436 κάτω
999 2381 1330 2453 προέφερον.
1379 2381 1570 2450 φησὶν,
1621 2380 1703 2433 ὅτι
1748 2381 1859 2434 Αύ·

251 2476 345 2538 τὸς
393 2475 770 2546 κατηγορήσει
835 2473 1027 2545 ὑμῶν·
1089 2475 1222 2544 περὶ
1277 2474 1388 2542 γὰρ
1447 2471 1586 2541 ἐμοῦ
1644 2473 1857 2536 ἐκεῖνος

253 2570 484 2640 ἔγραψε.
545 2567 654 2621 Ποῦ
720 2567 778 2621 δὲ
838 2567 1047 2637 ἔγραψε
1083 2565 1214 2639 περὶ
1253 2565 1448 2632 αὐτοῦς
1475 2565 1588 2620 Kal.
1628 2567 1685 2617 ἐν
1722 2563 1855 2616 πολε

253 2663 367 2725 λοῖς
403 2662 502 2732 μέν
531 2660 712 2724 ἀλλοις
741 2659 860 2718 (καὶ
908 2659 1019 2729 γὰρ
1048 2659 1128 2724 τὸ,
1165 2674 1186 2710 s
1221 2658 1518 2729 Προφήτην
1558 2659 1690 2728 ὑμῖν
1721 2659 1857 2711 ἀνα-

259 2758 454 2828 στήσει
483 2753 709 2825 Κύριος,
751 2771 772 2806 s
802 2754 936 2822 περὶ
959 2750 1201 2822 Χριστοῦ
1225 2746 1320 2820 ἦν,
1348 2752 1445 2804 καὶ
1474 2750 1612 2805 ἀλλα
1656 2750 1853 2814 πολλὰ,

257 2850 331 2902 τὰ
366 2849 467 2920 μὲν
497 2849 556 2901 ἐν
599 2846 805 2916 λόγοις,
831 2847 903 2900 τά
935 2845 994 2899 δέ
1036 2847 1095 2900 ἐν
1127 2843 1380 2916 σημείοις
1406 2846 1502 2898 καὶ
1532 2843 1856 2914 συμϐόλοις,

256 2934 372 2995 οἷον
422 2942 484 2995 τὸ
529 2944 632 3012 τῆς
690 2941 856 3011 βάτου
916 2938 1144 3009 θαῦμαο
1201 2937 1299 2991 καὶ
1344 2937 1456 3008 γὰρ
1504 2937 1617 3007 πῦρ
1664 2937 1766 3007 μὲν
1823 2937 1859 3008 ἡ

259 3030 452 3098 θεότης
479 3045 493 3059 ·
529 3030 694 3101 βάτος
723 3030 779 3083 δὲ
819 3029 1165 3098 ἀκανθώδης,
1209 3029 1242 3097 ἠ
1287 3027 1622 3097 ἁμαρτωλὸς
1667 3026 1856 3095 φύσις,

258 3120 328 3197 ἦς
353 3124 752 3193 ἐπιλαϐόμενον
780 3123 842 3176 τὸ
867 3123 980 3194 πῦρ
1008 3123 1107 3193 τῆς
1135 3123 1411 3193 θεότητος,
1437 3120 1860 3190 ἀκατάφλεκτον

1953 640 2017 681 se
2046 632 2460 680 monstraturus
2483 623 2730 693 estquod
2751 620 2874 691 ipse
2907 618 3060 676 solus
3090 619 3164 675 sit
3197 619 3361 675 Deus.
3395 617 3570 691 Igitur

1955 732 2042 772 me
2072 717 2316 787 quidem,
2356 715 2450 786 qui
2505 715 2562 770 in
2607 716 2832 769 nomine
2875 712 3060 768 Patris
3109 713 3257 776 veni,
3310 712 3414 766 hoc
3462 721 3571 780 est,

1954 811 2078 866 dico
2110 825 2196 864 me
2241 811 2474 864 missum
2509 825 2538 863 a
2589 807 2775 876 Patre,
2827 824 2934 863 nou
2968 807 3237 876 recipitis.
3277 805 3428 859 illum
3474 819 3570 858 au-

1955 915 2062 960 tem
2108 904 2414 974 recipietis.
2448 903 2620 958 Porro
2649 903 2754 958 hoc
2785 901 2912 958 ideo
2960 904 3183 957 eveniet
3228 898 3406 963 vobis,
3439 901 3568 968 quia

1953 997 2121 1068 580
2176 995 2266 1052 ille
2315 995 2472 1051 vobis
2521 994 2754 1064 gloriam
2814 994 2940 1048 vitae
2981 991 3350 1064 pollicebitur,
3405 1006 3570 1059 quam

1956 1106 2054 1145 vos
2080 1088 2351 1159 quarritis,
2382 1090 2669 1159 cupientes
2711 1088 2944 1159 gloriam
2991 1095 3243 1142 mutuum
3292 1085 3568 1154 accipere,

1953 1194 2008 1238 et
2034 1190 2372 1252 respuentes
2400 1195 2589 1237 veram
2636 1181 2893 1252 gloriam,
2933 1196 3056 1250 quae
3095 1196 3122 1233 a
3157 1179 3274 1235 solo
3311 1179 3420 1233 Deo
3461 1188 3566 1233 est.

1954 1277 2070 1350 Ego
2101 1288 2286 1336 autem
2316 1279 2454 1334 nihil
2501 1280 2827 1350 praeclarum
2882 1278 3039 1333 vobis
3078 1279 3126 1332 in
3167 1278 3269 1332 hac
3297 1277 3409 1331 vita
3457 1275 3573 1344 pol-

1954 1373 2150 1440 liceor,
2193 1374 2290 1429 sed
2319 1374 2519 1429 videtis
2549 1374 2779 1428 multam
2813 1371 3194 1427 difﬁcultatem
3235 1369 3289 1423 in
3333 1369 3419 1423 his
3452 1382 3574 1438 qua:

1956 1481 1986 1521 a
2018 1482 2105 1521 me
2133 1465 2395 1521 dicuntur
2426 1483 2442 1530 ;
2471 1474 2528 1521 et
2551 1476 2843 1538 propterea
2886 1464 3087 1532 inquit.
3125 1463 3258 1516 mihi
3305 1477 3413 1515 non
3447 1476 3573 1515 creo

1956 1558 2110 1613 ditis.
2144 1555 2290 1613 Nihil
2327 1559 2477 1614 enim
2515 1559 2661 1628 quod
2707 1556 3013 1625 jucundum
3058 1565 3144 1610 est
3177 1555 3229 1607 in
3287 1554 3389 1616 hac
3435 1553 3569 1618 vita,

1955 1654 2294 1724 exspectatis
2325 1668 2422 1708 vos
2467 1652 2757 1708 habituros
2808 1667 2837 1706 a
2889 1667 2994 1706 me.
3034 1649 3100 1705 Et
3147 1649 3353 1703 aliter:
3401 1669 3418 1699 ι
3452 1645 3570 1702 Non

1955 1748 2185 1804 creditis
2219 1749 2377 1814 mihi,
2413 1748 2508 1817 qui
2556 1747 2787 1818 gloriam
2837 1761 2864 1799 a
2895 1746 3052 1800 vobis
3092 1744 3326 1800 invicem
3369 1742 3571 1811 accipi-

1958 1842 2051 1896 tis.
2092 1859 2110 1892 ι
2161 1840 2294 1895 Nam
2330 1840 2611 1911 principes
2661 1839 2882 1908 quidem
2917 1849 2973 1892 et
3025 1836 3274 1908 magistri
3326 1836 3428 1905 ipsi
3469 1835 3569 1889 soli

1962 1934 2212 1989 volentes
2239 1932 2432 1988 haberi
2469 1932 2612 2002 apud
2643 1931 2860 2002 vulgus,
2903 1944 3007 1983 non
3040 1929 3320 1998 accipiunt
3358 1943 3465 1992 nae,
3505 1941 3573 1979 ne

1961 2024 2329 2079 imminuatur
2351 2037 2543 2077 eorum
2575 2022 2769 2094 gloria.
2805 2020 2996 2091 Populi
3032 2033 3214 2074 autem
3257 2029 3573 2088 quaerentes

1960 2118 2110 2189 diligi
2147 2133 2175 2171 a
2211 2116 2575 2186 principibus,
2619 2132 2726 2170 non
2760 2132 2847 2172 me
2874 2115 3141 2171 accedere
3171 2114 3383 2176 volunt,
3419 2123 3476 2165 ut
3505 2125 3574 2165 ne

1960 2213 2221 2266 excidant
2246 2220 2473 2281 propter
2497 2225 2583 2266 mc
2611 2212 2679 2266 ab
2720 2212 2931 2266 honore
2963 2210 3130 2280 quem
3166 2224 3193 2259 a
3232 2207 3577 2277 principibus

1960 2301 2188 2357 habent.
2242 2301 2519 2368 Quoniam
2573 2310 2756 2356 autem
2800 2314 2855 2356 et
2896 2301 3084 2356 Mosen
3132 2300 3360 2354 multum
3393 2299 3576 2368 jacta-

1961 2395 2116 2460 bant,
2151 2397 2347 2465 inquit,
2404 2396 2524 2468 ipse
2581 2397 2867 2453 accusabit
2911 2412 3032 2463 vos,
3075 2413 3204 2452 nam
3240 2398 3307 2451 de
3352 2411 3439 2450 me
3488 2395 3579 2449 ille

1959 2492 2204 2561 scripsit.
2239 2489 2339 2545 Ubi
2371 2501 2558 2546 autem
2604 2491 2828 2561 scripsit
2872 2492 2937 2545 de
2973 2490 3078 2544 eo?
3124 2490 3337 2545 Etenim
3367 2487 3576 2542 dictum

1960 2582 2085 2649 hoe,
2117 2601 2134 2634 ι
2174 2581 2504 2651 Ριονίιοιοιιι
2544 2583 2833 2638 suscitabit
2875 2583 3030 2637 vobis
3070 2581 3418 2646 Dominus",
3451 2599 3470 2632 ι
3509 2582 3578 2634 de

1960 2674 2185 2727 Christo
2214 2683 2358 2738 erat,
2401 2683 2456 2728 et
2483 2674 2590 2726 alia
2626 2674 2801 2730 multa
2852 2684 2962 2726 tam
3001 2673 3052 2727 in
3098 2673 3282 2727 verbis
3325 2685 3487 2741 quam
3523 2670 3578 2723 iu

1961 2766 2134 2836 signis
2180 2774 2236 2819 et
2285 2766 2576 2838 symbolis,
2622 2775 2680 2820 ut
2739 2764 3073 2820 miraculum
3127 2763 3274 2819 rubi.
3333 2761 3469 2816 Nam
3522 2768 3578 2816 et

1965 2859 2110 2930 ignis
2139 2859 2386 2930 quidem,
2434 2859 2646 2914 deitas:
2694 2859 2865 2914 rubus
2905 2869 3090 2913 autem
3147 2858 3436 2926 spinosus,
3457 2870 3583 2924 pec—

1962 2953 2141 3006 catrix
2194 2961 2416 3020 natura,
2451 2967 2614 3021 quant
2668 2951 2914 3021 suscepit
2963 2952 3105 3022 ignis
3147 2950 3345 3014 deitas,
3399 2961 3455 3004 et
3496 2948 3584 3003 in-
3620 3010 3622 3012 ν

1964 3047 2311 3102 combustam
2343 3046 2588 3102 servavit
2619 3047 2738 3100 luce
2770 3044 3070 3115 fulgidam;
3103 3053 3158 3098 et
3189 3057 3319 3098 suos
3359 3042 3581 3112 quidem

1965 3140 2151 3195 radios
2193 3139 2271 3194 illi
2321 3141 2781 3206 communicavit,
2822 3138 3276 3212 imperfectioues
3306 3149 3488 3193 autem
3519 3138 3585 3193 il-

259 3218 468 3288 ταύτην
516 3219 755 3289 ἐτήρησε
787 3258 804 3284 ,
851 3216 932 3286 τῷ
985 3217 1125 3285 φωτὶ
1174 3215 1530 3288 λαμπρύναν,
1595 3217 1693 3270 καὶ
1747 3214 1858 3270 τῶν

1971 3231 2078 3286 llus
2108 3231 2160 3286 in
2182 3247 2242 3286 se
2270 3247 2378 3286 non
2408 3234 2673 3302 suscepit.
2701 3233 2878 3287 Etiam
2902 3232 3009 3288 hoc
3034 3234 3215 3289 Moses
3247 3232 3409 3295 dixit,
3435 3231 3584 3302 quod

259 3309 481 3362 οἰκείων
516 3309 615 3379 μὲν
634 3308 975 3379 αὐχημάτων
1005 3307 1530 3380 μεταδεδωκδς,τῶν
1554 3309 1610 3362 δὲ
1638 3309 1858 3380 ἐκείνης

1966 3324 2313 3380 conducebat
2349 3325 2510 3380 valde
2546 3326 2614 3379 ad
2653 3325 2816 3381 fidem
2846 3325 3054 3382 Christi
3087 3344 3100 3380 :
3136 3342 3263 3380 nam
3295 3327 3476 3396 inquit
3513 3326 3584 3386 ³³.

260 3403 668 3473 ἐλαττωμάτων
732 3403 806 3474 μὴ
863 3402 1238 3473 μετειληφὸς),
1271 3402 1369 3473 οὐχ
1416 3402 1622 3473 ἥκιστα
1667 3402 1724 3456 δέ
1768 3403 1864 3456 καὶ

259 3495 420 3548 τοῦτο
461 3496 670 3565 Μωσῆς
721 3495 972 3565 εἴρηκεν,
1006 3496 1086 3558 είς
1130 3495 1231 3565 τὴν
1268 3492 1364 3547 τοῦ
1397 3492 1638 3565 Χριστοῦ
1676 3493 1864 3546 πίστιν

264 3590 739 3661 συμϐαλλόμενον.
770 3591 902 3644 Ἐὰν
939 3590 1071 3660 γὰρ,
1111 3590 1267 3660 φησὶ,
1305 3591 1596 3660 προφήτης
1625 3589 1863 3659 ἀναστῇ,

262 3685 470 3754 σημεῖα
501 3683 699 3746 ποιῶν,
743 3684 841 3742 καὶ
882 3682 1129 3752 ἀφιστῶν
1163 3681 1274 3742 ἀπὸ
1311 3681 1474 3748 Θεοῦ,
1516 3682 1591 3753 μὴ
1636 3682 1864 3734 τιιστεύ⁸

264 3791 396 3844 σητε
453 3773 638 3844 αὐτῷ’
700 3768 813 3837 οἷός
863 3775 1014 3827 ἐστιν
1068 3774 1097 3827 ὁ
1170 3774 1573 3844 Ἀντίχριστος.
1622 3773 1753 3827 Ἐὰν
1806 3773 1866 3827 δὲ

263 3868 473 3938 ἀναστῇ
510 3867 806 3938 προφήτης
839 3869 1046 3936 σημεῖα
1078 3865 1278 3927 ποιῶν,
1310 3867 1406 3920 καὶ
1440 3866 1579 3938 πρὸς
1611 3865 1702 3919 τὸν
1731 3866 1867 3920 Θεὸν

263 3962 358 4014 καὶ
391 3959 611 4033 Πατέρα
633 3959 808 4030 ἀγων,
847 3959 1050 4032 μᾶλλον
1073 3963 1174 4014 οὐκ
1200 3961 1449 4030 ἀφιστῶν
1474 3960 1666 4028 αὐτοῦ,
1689 3961 1867 4034 τούτῳ

264 4052 622 4108 πιστεύσατε.
665 4054 725 4107 ’0
752 4053 988 4123 Χριστὸς
1016 4048 1112 4107 οῦν
1156 4055 1216 4107 ἐν
1244 4053 1474 4125 ὀνόματι
1504 4056 1601 4108 τοῦ
1647 4055 1869 4124 Πατρδς

263 4144 459 4208 ἐλθὼν,
489 4145 584 4197 καὶ
612 4145 820 4214 σημεῖα
849 4145 949 4215 μὲν
981 4144 1173 4212 ποιῶν,
1204 4144 1279 4217 μὴ
1307 4146 1546 4214 ἀπάγων
1577 4146 1636 4199 δέ
1664 4147 1868 4212 αὐτοὺς

262 4237 369 4308 τῆς
423 4237 758 4305 θεοσεϐείας,
811 4237 977 4300 αὐτὸς
1022 4232 1092 4309 ἦν
1121 4240 1150 4293 ό
1201 4238 1358 4308 παρά
1404 4239 1601 4293 Μωσεϊ
1651 4256 1869 4311 προφη-

262 4329 582 4401 τευόμενος.
639 4348 658 4384 s
709 4330 782 4383 Εί
819 4325 931 4397 ,οὖν
965 4333 1079 4394 τοῖς
1109 4331 1392 4396 Μωῦσέως
1433 4332 1768 4404 γράμμασιν
1802 4335 1864 4388 ού

263 4420 582 4487 πιστεύετε,
630 4420 752 4486 πῶς
798 4423 915 4486 τοῖς
973 4423 1130 4495 ἐμοῖς
1187 4424 1398 4496 ῥήμασι
1433 4426 1798 4492 πιστεύσετες
1839 4447 1859 4479 ι

272 4512 536 4580 Ἐκεῖνος,
567 4513 758 4585 φησιν,
791 4513 1026 4587 ἔγραψε,
1059 4516 1155 4569 καὶ
1187 4517 1448 4587 πάρεισιν
1477 4517 1609 4588 ὑμῖν
1637 4519 1737 4579 ἀεὶ,
1757 4521 1865 4592 πρὸ

1972 3435 1992 3470 ι
2037 3417 2094 3473 Si
2130 3419 2393 3489 propheta
2427 3421 2734 3474 surrexerit
2769 3421 2929 3491 signa
2960 3421 3194 3486 faciens,
3230 3428 3286 3476 et
3326 3419 3588 3475 ret-edere

1966 3512 2182 3568 faciens
2227 3529 2256 3566 a
2302 3512 2437 3580 Deo,
2487 3529 2559 3567 ne
2609 3513 2856 3570 credatis
2915 3514 3018 3578 illi,
3067 3514 3251 3583 qualis
3299 3515 3406 3569 erit
3433 3512 3591 3567 Anti-

1967 3607 2212 3662 christus
2244 3626 2258 3662 :
2295 3605 2566 3667 Si'autem
2596 3609 2841 3664 surrexit
2863 3609 3134 3680 propheta
3163 3607 3375 3664 faciens
3405 3607 3586 3678 signa,

1966 3709 2023 3754 et
2050 3699 2117 3752 ad
2152 3700 2319 3755 Deum
2355 3713 2410 3755 et
2443 3701 2661 3756 Patrem
2697 3701 2930 3768 ducens,
2971 3713 3028 3759 et
3058 3718 3167 3758 non
3205 3701 3468 3758 recedere
3501 3700 3587 3755 fa-

1968 3791 2146 3857 ciens,
2186 3792 2261 3846 illi
2293 3793 2530 3853 credite.
2572 3811 2590 3845 ι
2623 3791 2800 3866 igitur
2833 3796 3092 3852 Christus
3125 3796 3179 3850 iu
3222 3797 3448 3851 nomine
3482 3794 3590 3850 Pa-

1973 3883 2075 3938 tris
2101 3883 2274 3951 venit,
2305 3894 2362 3939 et
2383 3885 2541 3957 signa
2568 3885 2796 3955 quidem
2827 3886 3061 3952 iaciens,
3093 3898 3150 3942 et
3188 3903 3297 3942 nou
3326 3886 3591 3944 recedere

1963 3972 2168 4043 jubeus
2196 3990 2292 4031 eos
2331 3990 2362 4029 a
2395 3975 2491 4032 Dei
2539 3977 2715 4042 cultu,
2759 3978 2877 4048 ipse
2911 3987 3031 4034 erat
3067 3978 3162 4050 qui
3204 3995 3233 4034 ιι
3268 3979 3419 4036 Mose
3449 3995 3592 4049 prae-

1971 4068 2178 4125 dictus.
2249 4087 2268 4121 s
2327 4069 2520 4140 Itaque
2574 4072 2619 4126 si
2673 4071 2808 4126 Mosi
2865 4071 3088 4144 scriptis
3144 4087 3255 4127 non
3333 4073 3586 4139 creditis,

1970 4163 2248 4230 quomodo
2301 4162 2439 4218 meis
2465 4165 2648 4218 verbis
2698 4164 2980 4220 credetis?
3034 4183 3054 4217 ι
3106 4165 3227 4234 Ille,
3280 4165 3480 4237 inquit,
3532 4176 3590 4222 et

1970 4255 2214 4324 scripsit,
2250 4264 2306 4310 et
2348 4265 2484 4311 sunt
2518 4254 2642 4311 libri
2693 4272 2915 4329 semper
2944 4268 3076 4316 ante
3123 4259 3316 4316 oculos
3348 4271 3586 4328 vestros.

1971 4361 2030 4408 et
2073 4351 2146 4405 ita
2204 4361 2264 4407 ut
2301 4352 2468 4408 etiam
2511 4353 2556 4408 si
2615 4354 3055 4424 obliviscamini,
3107 4358 3335 4429 possitis
3384 4358 3589 4416 iterum

1973 4445 2139 4500 facile
2169 4445 2223 4500 in
2256 4447 2582 4501 memoriam
2619 4448 2910 4506 reducere.
2943 4449 3203 4507 Attamen
3232 4468 3340 4508 nou
3361 4452 3592 4510 creditis

1973 4536 2215 4605 scriptis,
2247 4547 2302 4593 et
2331 4539 2611 4608 quomodo
2643 4539 2884 4597 credetis
2916 4541 3102 4599 verbis
3132 4544 3272 4599 meis
3305 4558 3414 4600 non
3449 4545 3594 4601 scri-

175 4662 180 4666 ,
259 4605 561 4678 ὀφθαλμῶν
588 4607 656 4660 τά
706 4605 908 4678 βιϐλία,
941 4607 1107 4670 ὥστε,
1136 4609 1245 4663 κᾶν
1291 4609 1670 4677 ἐπιλάθοισθε,
1712 4611 1860 4684 ἔχειν

1977 4631 2120 4700 ptis?
2149 4630 2261 4685 Cur
2309 4605 2477 4702 igitur
2510 4633 2627 4689 haec
2656 4635 2817 4701 dicis,
2856 4649 2890 4690 ο
2930 4634 3188 4703 Domine,
3237 4652 3362 4692 cum
3412 4638 3592 4696 scires

259 4699 426 4752 πάλιν
481 4698 676 4770 ῥᾳδίαν
724 4699 826 4770 τὴν
883 4701 1232 4773 ἀνάμνησινο
1297 4702 1395 4756 καὶ
1461 4703 1614 4773 ὅμως
1664 4706 1727 4759 οὐ
1773 4723 1871 4759 πι-

261 4785 488 4839 στεύετε
534 4789 649 4851 τοῖς
693 4791 1113 4860 γεγραμμένοις
1141 4807 1155 4821 ο
1202 4793 1302 4844 καὶ
1359 4793 1477 4858 πῶς
1539 4797 1871 4852 πιστεύσετε

260 4880 376 4942 τοῖς
408 4880 563 4950 ἐμοῖς
591 4881 869 4952 ἀγράφοις
902 4883 1116 4954 ῥήμασι
1145 4902 1161 4951 ;
1202 4884 1268 4937 Τί
1315 4881 1412 4939 οὖν
1443 4886 1620 4942 ταῦτα
1663 4889 1867 4958 λέγεις,

261 4964 308 5026 ὧ
339 4972 539 5044 Κύριε,
577 4975 705 5029 ἐπεὶ
745 4971 916 5041 οἶδας,
951 4977 1034 5030 ὅτι
1088 4978 1163 5038 οὐ,
1197 4979 1620 5048 πιστεύσουσιν,
1666 4982 1730 5036 El
1773 4985 1872 5038 καὶ

261 5061 402 5134 οῐδα,
449 5069 640 5136 φησὶν,
697 5070 781 5125 ὅτι
830 5069 1302 5144 παρακούσουσιν,
1351 5074 1472 5128 ἀλλ’
1515 5076 1667 5146 ὅμως
1699 5075 1865 5146 λέγω,

263 5158 354 5214 ενα
391 5162 469 5233 μὴ
502 5159 734 5234 ὕστερον
780 5163 1257 5234 προφασίζωνται,
1294 5168 1380 5221 ὅτι
1417 5167 1478 5222 El
1520 5164 1707 5233 εἶπας,
1747 5172 1871 5225 ἐπι-

264 5252 600 5332 στεύσαμεν.
637 5256 851 5322 Ἀλλως
872 5275 957 5323 τε,
986 5259 1192 5312 ἐκεῖνοι
1217 5259 1318 5329 μὲν
1343 5261 1391 5313 οί
1419 5260 1566 5326 τότε,
1585 5256 1676 5316 οἷα
1697 5262 1873 5332 ἀγνώ-

263 5442 368 5511 τῆς
399 5442 508 5497 ἀπὸ
551 5443 663 5497 τῶν
696 5443 793 5498 τοῦ
823 5445 1068 5518 Χριστοῦ
1105 5448 1372 5520 ῥημάτων
1395 5447 1691 5520 ὠφελείας.

884 5564 1140 5618 mssa.
1178 5565 1272 5632 ς’.

261 5675 408 5754 Περὶ
431 5676 552 5732 τῶν
572 5679 753 5754 πέντε
781 5678 1105 5754 ἄρτωνμξιαὶ
1142 5679 1262 5754 δύο
1288 5680 1534 5754 ίχθύωγ.
1563 5683 1702 5752 Περὶ
1762 5684 1875 5754 τῆς

335 5748 776 5820 ἀναχωρήσεως
813 5748 919 5806 τοῦ
981 5749 1209 5820 Ἰησοῦ,
1241 5751 1342 5805 ἵνα
1378 5752 1466 5823 μὴ
1529 5748 1874 5827 ποιῆσωσιὶ·

339 5913 385 5946 "
412 5910 570 5970 Deut.
601 5927 754 5980 xvm,
789 5905 876 5970 is.
981 5916 1026 5949 "
1058 5919 1214 5971 Deut.
1246 5931 1360 5982 xm,
1399 5917 1451 5973 l.

1971 4725 2119 4793 quod
2155 4739 2262 4778 non
2295 4725 2561 4780 credituri
2592 4728 2820 4783 essent?
2847 4706 3115 4808 Quamvis
3155 4731 3352 4800 sciam,
3385 4731 3588 4803 inquit,

1971 4813 2121 4884 quod
2179 4830 2290 4870 non
2347 4816 2603 4884 credant,
2654 4818 2778 4896 dico
2838 4831 3044 4888 tamen,
3109 4831 3170 4876 ut
3221 4837 3290 4879 ne
3352 4826 3592 4881 habeant

1972 4917 2158 4976 postea
2198 4910 2344 4979 quod
2379 4920 2708 4980 praetexam,
2747 4913 2806 4968 Si
2840 4915 3098 4980 dixisses,
3131 4916 3588 4976 credidissemus.

1972 4991 2039 5047 Et
2063 4994 2260 5049 aliter:
2297 4996 2376 5052 Illi
2399 5000 2624 5069 quidem
2651 5002 2745 5072 qui
2773 5012 2902 5058 tunc
2935 5016 3118 5069 erant,
3142 5016 3331 5074 utpote
3367 5007 3590 5080 ingrati,

1974 5098 2084 5139 non
2117 5087 2454 5156 credebant:
2502 5089 2570 5144 ab
2603 5089 2690 5144 bis
2721 5099 2906 5146 autem
2943 5092 3039 5160 qui
3077 5100 3270 5161 postea
3303 5094 3590 5160 credituri,

1979 5192 2088 5231 non
2127 5189 2246 5234 erat
2282 5192 2720 5238 consentaneum
2760 5199 2938 5256 neque
2968 5185 3184 5256 justum
3217 5185 3428 5244 auferri
3472 5203 3594 5244 ver-

1981 5269 2179 5326 borum
2210 5272 2417 5330 Christi
2444 5277 2770 5333 utilitatem.

269 5329 451 5446 tipvee,
482 5336 946 5446 oux—Euloesuov"
978 5355 1108 5446 τους
1142 5352 1200 5406 δέ
1235 5352 1537 5424 μετέπειτα
1562 5329 1863 5426 μέλλοντας
1905 5363 2208 5432 πιστεύειν,
2281 5329 2385 5422 οὑιι
2801 5338 2924 5427 ούδέ
2967 5371 3179 5427 δίκαιον
3201 5415 3216 5441 ,
3256 5367 3610 5446 στερηθῆναι(

2588 5572 2751 5645 581
2787 5565 3018 5629 CAPUT
3055 5572 3141 5630 \‘l.

1987 5681 2063 5739 De
2091 5685 2323 5756 quinque
2347 5686 2575 5751 panibus
2622 5697 2669 5742 et
2699 5688 2906 5742 duobus
2940 5688 3195 5756 piscibus.
3223 5686 3300 5741 De
3343 5685 3600 5742 secessio-

2057 5772 2122 5811 ηε
2154 5756 2358 5814 Christi
2383 5775 2450 5813 ne
2477 5760 2714 5829 [acerem
2754 5776 2874 5816 sunt
2928 5775 3122 5831 regem.
3174 5760 3249 5816 De
3265 5758 3598 5814 ambulatio-
