4218 6424
728 411 748 474 1
764 410 861 475 237

1647 403 2236 466 TllElli‘IiYLAC'l‘l
2279 396 2690 461 BULGARIIE
2730 397 3087 457 ARCHIEP.

3863 392 4008 458 1288

726 525 989 590 Quamvis
1022 534 1198 578 autem
1229 522 1353 575 illuc
1375 520 1628 590 discipuli
1665 521 1930 573 accedunt
1956 519 2292 571 admonente

2423 513 2556 566 αὐτό
2583 516 2700 564 ἐστι
2729 511 2809 581 τῷ
2838 512 2988 581 παρᾶ
3013 510 3090 578 τῷ
3119 507 3388 578 Ματθαίῳ
3425 508 3542 579 (22)
3570 526 3582 572 ;
3618 507 3693 561 Τὺ
3721 508 3856 560 αὐτὸ
3886 510 4024 560 ἐστι.

725 621 791 668 de.
825 616 976 668 turba
1019 623 1078 668 ut
1116 614 1447 676 dimittatur,
1477 615 1578 666 hoc
1612 621 1788 664 autem
1843 611 1960 662 loco
1994 611 2106 678 ipse
2151 608 2310 663 Jesus

725 709 1021 774 interrogat
1048 707 1190 759 unde
1240 714 1495 774 pascatur
1526 721 1538 756 :
1574 719 1681 757 non
1714 718 1851 771 opus
1903 713 1985 755 est
2030 702 2310 754 admirari.

726 800 1034 852 Verisimile
1111 800 1253 851 cnim
1317 807 1398 852 est
1450 805 1741 864 utrumque
1793 795 1998 848 factum
2061 808 2202 853 esse.
2258 804 2313 848 et

723 892 1013 956 discipulos
1046 891 1198 958 prius
1231 891 1579 942 admonuisse
1611 887 1898 940 Domintun
1923 887 1990 940 de
2026 887 2198 941 turbis
2232 886 2312 936 di-

721 983 1023 1045 mittendis,
1063 993 1117 1034 et
1165 993 1292 1034 tunc
1345 979 1651 1048 Philippum
1693 977 2084 1049 interrogatum
2121 992 2244 1033 esse
2279 992 2308 1030 a

721 1075 947 1129 Domino
978 1077 1117 1128 unde
1144 1077 1380 1127 alantur.

785 1358 952 1413 Vsus.
989 1358 1176 1413 10-15.
1216 1376 1239 1409 u
1281 1357 1424 1412 Dixit
1456 1369 1634 1415 autem
1666 1359 1823 1415 Jesns
1855 1377 1868 1413 :
1910 1358 2092 1413 Fscitc
2127 1368 2184 1412 ut
2213 1358 2305 1413 hn-

720 1451 899 1504 tuines
925 1449 1294 1503 discumbant.
1325 1450 1456 1502 Erat
1502 1462 1683 1504 autem
1720 1465 1946 1521 gramen
1981 1448 2208 1501 multum
2254 1449 2306 1501 in

712 1557 778 1595 eo
809 1543 946 1595 loco.
988 1540 1384 1596 Discubuerunt
1411 1558 1541 1608 ergo
1563 1542 1661 1594 viri
1692 1556 1918 1594 numero
1949 1543 2122 1595 ferme
2148 1541 2307 1609 quin-

713 1634 870 1699 quies
929 1634 1096 1688 mille.
1151 1635 1377 1702 Accepit
1406 1641 1585 1685 autem
1621 1648 1790 1703 panes
1836 1631 2015 1695 Jcsus,
2070 1647 2307 1699 cumque

712 1731 916 1798 gratias
947 1731 1165 1798 egisset,
1204 1730 1484 1783 distribuit
1521 1729 1840 1797 diSCipulis;
1875 1727 2120 1797 discipuli
2153 1725 2304 1792 v'ero,

711 1821 1205 1875 discumbentibus.
1254 1819 1519 1875 Similiter
1552 1831 1604 1872 et
1657 1835 1720 1872 ex
1765 1818 2002 1887 piscibus
2039 1829 2302 1886 quantum

2421 606 2482 658 Εί
2510 605 2566 657 δὲ
2601 607 2717 657 ἐκεῖ
2741 605 2844 672 μὲν
2867 605 3262 673 προσέρχονται
3292 604 3343 654 οἱ
3392 602 3635 669 μαθηταὶ
3709 604 4020 670 ὑπομιμνή-

2437 715 2658 759 σκοντες
2690 699 2818 767 περὶ
2867 697 2960 749 τοῦ
3001 697 3184 766 δχλου,
3218 698 3302 748 ἶνα
3359 697 3730 757 ἀπολυθῶσιν,
3794 696 4026 747 ἐνταῦθα

2415 791 2472 843 δὲ
2501 791 2661 851 αὐτὸς
2696 791 2723 841 ὁ
2757 790 2967 858 Ἰησοῦς
3006 792 3206 859 ἐρωτᾷ,
3244 791 3409 841 πόθεν
3437 789 3807 859 διατρεφεῖεν,
3837 791 3898 841 οὐ
3925 791 4025 857 χρὴ

2419 880 2744 950 θαυμάζειν.
2811 881 2972 942 Εἰκὸς
3013 883 3122 950 γάρ
3186 884 3333 932 ἐστιν
3390 881 3682 951 ἀμφότερα
3735 882 4020 947 γενέσθαι,

2414 979 2507 1028 καὶ
2534 975 2641 1027 τῶν
2669 974 2929 1042 μαθητῶν
2973 975 3244 1044 πρότερον
3292 975 3732 1044 ὑπομνησάντων
3783 974 3877 1026 τὸν
3908 973 4021 1026 Κύ-

2417 1084 2530 1136 ριον
2563 1065 2692 1133 περὶ
2717 1063 2810 1116 τοῦ
2848 1065 3193 1132 ἀπολυθῆναι
3229 1067 3356 1126 τοὺς
3419 1065 3633 1133 ὄχλους,
3673 1064 4022 1133 ἐρωτηθῆναι

2414 1156 2505 1209 τὸν
2530 1156 2802 1207 Φίλιππον
2845 1155 2951 1207 ὑπὸ
2985 1153 3081 1208 τοῦ
3132 1155 3367 1225 Κυρίου,
3399 1156 3568 1208 πόθεν
3616 1156 4022 1224 διατραφήσον-

2411 1269 2522 1302 ται.

2489 1362 2506 1394 ι
2553 1338 2689 1395 Εἷπε
2726 1341 2784 1393 δὲ
2822 1342 2848 1394 ὁ
2883 1339 3095 1411 Ἰησοῦς
3124 1357 3136 1368 ·
3205 1339 3480 1409 Ποιήσατε
3519 1339 3646 1402 τοὺς
3691 1338 4019 1409 ἀνθρώπους

2412 1435 2729 1487 ἀναπεσεῖν.
2756 1430 2943 1491 τΗνδὲ
2974 1433 3166 1502 χόρτος
3188 1431 3358 1493 πολὺς
3395 1434 3452 1485 ὲν
3480 1431 3557 1502 τῷ
3586 1434 3760 1502 τόπῳ.
3797 1433 4019 1486 Ἀνέπε-

2413 1544 2508 1579 σον
2543 1526 2639 1580 οῦν
2669 1527 2718 1580 oi
2749 1527 2944 1596 ἄνδρες
2985 1525 3079 1577 τὸν
3108 1523 3346 1595 ἀριθμὸν
3381 1524 3516 1577 ὡσεὶ
3549 1526 4013 1594 πεντακισχίλιοι.

2413 1617 2614 1671 Ἐλαόε
2643 1619 2698 1670 δὲ
2720 1620 2849 1681 τοὺς
2883 1619 3084 1689 ἄρτους
3110 1620 3138 1671 ὁ
3177 1617 3410 1687 Ἰησοῦς,
3446 1619 3535 1670 καὶ
3578 1619 4014 1688 εὐχαριστήσας,

2408 1709 2640 1764 διέδωκε
2682 1713 2798 1772 τοῖς
2835 1710 3136 1780 μαθηταῖς,
3161 1710 3211 1762 oi
3247 1709 3303 1761 δὲ
3346 1709 3588 1780 μαθηταὶ
3638 1715 3755 1772 τοῖς
3785 1711 4009 1764 ἀνακει-

2414 1800 2636 1870 μένοις·
2667 1800 2872 1870 ὁμοίως
2922 1801 3020 1853 καὶ
3072 1802 3136 1853 ὲκ
3178 1803 3288 1852 τῶν
3339 1800 3584 1871 ὀψαρίων
3639 1803 3766 1854 ὅσον
3802 1803 4012 1871 ἧθελον.

715 1911 986 1966 volebant.
1016 1909 1083 1964 Ut
1106 1919 1285 1962 autem
1316 1909 1683 1977 impleti,sunt,
1710 1907 2138 1973 dit-itdiscipulis
2157 1905 2292 1960 suis:

2427 1890 2513 1955 Ὡς
2540 1891 2596 1944 δὲ
2641 1889 3074 1960 ἐνεπλήσθησαν,
3128 1891 3275 1958 λέγει
3314 1893 3424 1953 τοῖς
3461 1891 3736 1962 μαθηταῖς
3795 1890 3965 1944 αὺτοῦ
3989 1907 4004 1923 ⁸

709 2003 954 2072 Colligite
974 2018 1091 2071 quzr
1108 2000 1496 2070 superfuerunt
1522 2004 1849 2070 fragmenta,
1872 2016 1936 2052 ue
1951 1999 2077 2070 quiti
2097 2010 2306 2070 pereat.

710 2093 1059 2161 (Zoili-gerunt
1082 2106 1233 2159 ergo,
1262 2101 1316 2144 et
1351 2091 1711 2158 impleverunt
1737 2089 2021 2143 duodecim
2045 2089 2308 2158 cophinos

711 2184 1138 2252 fragmentornm
1176 2198 1240 2236 ex
1275 2182 1516 2252 quinque
1549 2184 1776 2252 panibus
1809 2184 2147 2248 hordeaceis,
2184 2198 2306 2253 quae

711 2276 1095 2344 superfuerant
1122 2276 1205 2328 his
1232 2275 1320 2342 qui
1353 2276 1725 2330 comedcraut.
1761 2293 1776 2326 ι
1810 2273 1977 2329 Jnssit
2006 2289 2102 2329 eos
2129 2277 2307 2331 facere

709 2370 1078 2430 discumbere,
1117 2368 1274 2438 quasi
1322 2378 1510 2438 parata
1557 2383 1765 2423 mensa.
1819 2367 2072 2435 Discipuli
2123 2377 2303 2420 autem

709 2463 959 2529 quamvis
1001 2463 1149 2531 prius
1184 2461 1471 2525 increduli,
1505 2472 1745 2514 attamen
1800 2461 2053 2514 alacriter
2091 2475 2304 2513 recum-

707 2553 837 2608 bere
862 2553 1064 2608 faciunt
1095 2555 1362 2609 homines.
1399 2573 1417 2606 ε
1452 2553 1581 2607 Erat
1612 2562 1793 2607 autem
1822 2569 2068 2622 gramen.
2104 2573 2121 2604 ι
2150 2552 2300 2620 Quo-

708 2646 853 2700 niam
893 2661 988 2700 ver
1013 2656 1132 2700 erat
1162 2664 1176 2699 :
1208 2655 1327 2700 erat
1357 2648 1525 2711 enim,
1564 2646 1763 2716 inquit,
1798 2645 2034 2712 Pascha,
2070 2649 2212 2716 quod
2244 2647 2296 2700 in

707 2737 883 2804 primo
945 2751 1133 2790 mense
1191 2738 1337 2790 veris
1385 2736 1788 2805 perficiebatur.
1823 2735 1995 2790 Porro
2039 2738 2140 2790 soli
2196 2737 2297 2790 viri

707 2839 1071 2884 numerantur
1100 2829 1169 2882 ab
1201 2829 1554 2898 evangelista,
1588 2829 1678 2898 qui
1713 2829 1848 2899 legis
1877 2831 2125 2898 sequitur
2162 2845 2298 2885 con-

703 2923 1068 2979 suetudinem.
1120 2923 1333 2978 litenim
1389 2933 1445 2977 et
1493 2921 1666 2977 Moses
1698 2938 1726 2975 a
1778 2924 2040 2990 vigesimo
2073 2936 2216 2977 anno
2243 2931 2296 2975 ct

703 3031 867 3084 supra
917 3016 1226 3069 numeravit
1277 3014 1557 3084 pOpulum,
1620 3015 1763 3068 nulla
1824 3014 2100 3068 mentione
2151 3014 2293 3068 facta

705 3107 988 3161 mulierum
1025 3119 1039 3158 :
1069 3120 1175 3174 quo
1219 3107 1442 3158 docetur
1473 3121 1635 3159 omne
1666 3106 1810 3174 quod
1861 3106 2015 3159 virile
2052 3115 2105 3158 ct
2131 3103 2291 3173 juve-

2413 1986 2763 2051 Συναγάγετε
2803 1983 2878 2035 τὰ
2932 1981 3367 2052 περιττεύσαντα
3416 1982 3736 2052 κλάσματα,
3797 1984 3886 2035 ἵνα
3939 1985 4010 2053 μή

2408 2094 2461 2130 τι
2493 2075 2785 2145 ἀπόληται.
2823 2075 3137 2143 Συνήγαγον
3169 2073 3286 2138 οῦν,
3335 2074 3430 2128 καὶ
3482 2076 3749 2142 ἐγέμισαν
3798 2073 4013 2127 δώδεκα

2409 2170 2666 2239 κοφίνους
2725 2167 3063 2235 κλασμάτων
3123 2167 3190 2219 ὲκ
3243 2166 3352 2220 τῶν
3427 2166 3593 2219 πέντε
3667 2167 3856 2237 ἀρτων
3904 2167 4012 2220 τῶν

2409 2263 2694 2334 κριθίνων,
2730 2260 2766 2315 ἀ
2817 2260 3184 2330 ὲπερίσσευσε
3231 2260 3344 2322 τοῖς
3401 2259 3766 2329 βεϐρωκόσιν.
3834 2279 3852 2312 a
3925 2260 4011 2320 Ὠς

2409 2356 2625 2424 ἑτοίμου
2681 2355 2779 2424 τῆς
2834 2353 3120 2424 τραπέζης
3194 2351 3384 2421 οθσης,
3461 2352 3751 2404 ἐκέλευσεν
3808 2353 4009 2414 αὐτοὺς

2407 2444 2608 2507 εὐθέως
2641 2445 2964 2497 ἀναπεσεῖν.
3007 2444 3071 2496 Oi
3104 2442 3162 2495 δὲ
3199 2440 3468 2512 μαθηταὶ,
3512 2443 3693 2495 καίτοι
3733 2444 4008 2513 πρότερον

2406 2538 2790 2603 ἀπιστοῦντες,
2841 2539 2993 2607 ὅμως
3055 2535 3361 2609 προθύμως
3418 2535 3816 2590 κατακλίνουσι
3878 2539 4006 2600 τοὺς

2401 2627 2746 2698 ἀνθρώπους.
2779 2647 2797 2678 ι
2832 2623 2940 2680 Ἦν
2968 2628 3026 2681 δὲ
3051 2628 3300 2697 χόρτος»,
3338 2627 3494 2698 ἔαρος
3523 2627 3697 2689 ὄντος.
3730 2622 3841 2680 Ἦν
3872 2628 4002 2698 γάρ,

2403 2721 2535 2789 φησι
2557 2760 2573 2784 ,
2602 2720 2664 2772 τὸ
2698 2719 2892 2788 Πάσχα
2921 2735 2934 2747 θ
2969 2720 3130 2772 τοῦτο
3159 2720 3214 2771 δὲ
3248 2722 3305 2770 ὲν
3350 2720 3428 2788 τῷ
3463 2718 3667 2789 πρώτῳ
3695 2718 3794 2771 τοῦ
3835 2720 4001 2790 έαρος

2404 2814 2537 2884 μηνὶ
2567 2812 2825 2865 ἐτελεῖτο.
2865 2814 3035 2866 Movet
3067 2812 3122 2865 δὲ
3148 2815 3196 2865 οἱ
3225 2812 3424 2882 ἄνδρες
3452 2813 3820 2882 ἀριθμοῦνται
3851 2815 4006 2884 παρά

2398 2904 2493 2958 τοῦ
2516 2904 2937 2973 εὐαγγελιστοῦ,
2961 2907 3030 2975 τῇ
3052 2908 3252 2975 νομικῇ
3274 2904 3529 2977 συνηθείᾳ
3547 2905 4002 2969 ἀκολουθοῦντος.

2397 2999 2511 3052 Καὶ
2542 2999 2651 3067 γάρ
2684 2998 2781 3051 καὶ
2830 2998 3040 3068 Μωσῆς
3085 2997 3196 3051 ἀπὸ
3227 2999 3575 3061 είκοσαετοῦς
3607 3001 3705 3053 καὶ
3737 3002 4005 3070 ἀνωτέρω

2393 3091 2670 3161 ἠρίθμησε
2709 3090 2802 3143 τὸν
2853 3090 3005 3154 λαὸν,
3045 3090 3291 3160 μηδόλως
3365 3093 3757 3161 μνημονεύσας
3815 3111 4004 3161 γυναι·

706 3199 814 3253 uile
848 3208 952 3265 est,
987 3199 1208 3267 dignum
1233 3199 1446 3253 censeri
1478 3208 1536 3252 ut
1566 3210 1886 3253 numeretur
1920 3201 2060 3267 apud
2097 3200 2286 3255 Deum.

2399 3183 2509 3238 κῶν
2532 3201 2546 3216 ο
2580 3183 2872 3255 δηλοῦντος
2919 3183 3016 3236 τοῦ
3051 3182 3238 3251 λόγου,
3270 3185 3351 3237 ὅτι
3402 3187 3510 3237 πᾶν
3545 3186 3670 3237 ὅσον
3727 3187 4004 3258 ἀνδρῶδες

702 3289 770 3346 Et
833 3292 1074 3354 acceptis
1113 3290 1345 3359 panibus
1375 3291 1583 3360 gratias
1635 3291 1764 3359 agit,
1818 3291 2112 3346 ostendens
2145 3294 2290 3362 quod

698 3392 826 3437 ante
879 3382 1060 3436 cibum
1112 3383 1302 3450 gratiae
1337 3382 1561 3451 agendae
1589 3382 1698 3434 sint
1743 3382 1874 3436 Deo.
1907 3382 2130 3453 Insuper
2161 3387 2289 3456 quia

706 3476 866 3527 turba
890 3483 1032 3539 erat,
1065 3475 1185 3529 ideo
1209 3489 1394 3528 coram
1429 3473 1583 3527 turba
1618 3476 1822 3543 gratias
1853 3477 1987 3543 agit,
2019 3485 2076 3530 ut
2110 3479 2290 3534 omni-

699 3566 802 3620 bus
869 3568 1197 3634 persuadeat
1249 3567 1393 3637 quod
1458 3566 1755 3621 secundum
1815 3569 2144 3625 voluntatem
2193 3572 2285 3627 Dei

695 3654 999 3720 advenerit,
1024 3667 1079 3711 et
1103 3659 1245 3726 quod
1282 3674 1385 3713 non
1415 3657 1484 3712 sit
1516 3657 1862 3714 adversarius
1892 3658 2023 3724 Deo,
2051 3663 2144 3718 sed
2162 3678 2285 3718 om-

701 3750 792 3804 nia
823 3749 1029 3804 referat
1060 3752 1111 3803 in
1145 3748 1387 3804 Patrem.
1423 3749 1556 3803 Nam
1597 3752 1818 3820 quando
1880 3767 2122 3807 seorsum
2158 3753 2287 3810 facit

697 3842 1048 3903 miraculum,
1084 3844 1214 3896 nihil
1243 3843 1347 3896 tale
1376 3842 1531 3909 facit,
1559 3844 1775 3898 etiamsi
1808 3842 1981 3912 majus
2010 3847 2282 3915 quoddam

693 3934 864 3990 furiat
889 3951 902 3988 :
931 3937 1147 4002 quando
1175 3945 1574 3990 autem°coram
1601 3936 1784 3990 multis
1816 3937 2132 3992 miraculum
2157 3954 2287 4008 ope-

695 4035 869 4093 ratur,
897 4037 1024 4080 tunc
1054 4028 1117 4078 ad
1162 4025 1331 4079 Deum
1370 4029 1613 4097 respicit.
1645 4027 1896 4083 Ostendit
1924 4038 2105 4084 autem
2139 4031 2280 4099 quod

696 4132 804 4170 non
858 4131 922 4170 ex
952 4115 1270 4171 infirmitate
1301 4118 1406 4172 hoc
1437 4118 1621 4184 faciat,
1655 4118 1751 4187 sed
1782 4128 2008 4189 pr0pter
2060 4120 2280 4190 dispen-

692 4207 962 4262 sationem
1009 4225 1170 4275 quam
1201 4209 1458 4274 diximus,
1489 4225 1555 4264 ex
1586 4227 1654 4266 eo
1681 4214 1826 4280 quod
1871 4213 2079 4282 majora
2117 4212 2282 4269 faciat

692 4302 1022 4354 auctoritate
1071 4301 1328 4368 quadam,
1361 4311 1418 4356 et
1455 4312 1712 4370 tanquam
1747 4305 2028 4360 Dominus.
2087 4307 2283 4360 Dicunt

694 4387 916 4457 insuper
973 4390 1192 4456 quidam
1237 4391 1377 4460 quod
1412 4391 1577 4446 etiam
1638 4405 1858 4463 propter
1922 4395 2024 4450 hoc
2080 4396 2282 4464 gratias

688 4481 883 4549 egerit,
940 4488 997 4534 ut
1055 4481 1452 4549 ignoraretura
1491 4485 1734 4553 principe
1775 4486 1960 4540 mundi
2003 4501 2173 4556 usque
2211 4487 2278 4540 ad

2403 3279 2500 3331 καὶ
2525 3278 2801 3342 νεανικὸν,
2837 3277 3045 3348 τίμιον,
3080 3279 3174 3330 καὶ
3208 3277 3359 3341 ἄξιον
3391 3277 3631 3348 ἀριθμοῦ
3674 3282 3834 3351 παρά
3861 3282 3999 3352 Θεῷ.

2400 3371 2599 3426 Λαϐὼν
2637 3371 2696 3424 δὲ
2725 3373 2851 3435 τοὺς
2880 3371 3083 3442 ἄρτους
3114 3371 3455 3441 εὐχαριστεῖ,
3499 3371 3744 3438 δεικνὺς,
3779 3375 3864 3426 ὅτι
3899 3374 4004 3443 πρὸ

2397 3465 2607 3535 τροφῆς
2641 3465 2988 3535 εὐχαριστεῖν
3014 3465 3096 3518 δεῖ
3127 3464 3207 3534 τῷ
3240 3463 3360 3534 Θεῷ
3384 3481 3395 3493 ·
3441 3466 3559 3534 ἅμα
3590 3465 3648 3518 δὲ
3680 3467 3780 3519 καὶ
3811 3467 4002 3538 έπειδὴ

2395 3556 2550 3627 ὄχλος
2591 3553 2682 3629 ἦν,
2729 3558 2819 3611 διὰ
2862 3556 3022 3610 τοῦτο
3055 3557 3376 3628 εὐχαριστεί
3414 3559 3650 3613 ἐνώπιον
3686 3560 3783 3612 τοῦ
3817 3560 3999 3629 ὖχλου,

2396 3650 2486 3705 ἵνα
2520 3649 2789 3704 πεισθῶσι
2819 3644 3044 3716 πάντες,
3108 3653 3191 3703 ὅτι
3225 3651 3368 3704 κατά
3411 3651 3643 3722 γνώμην
3677 3652 3820 3706 Θεοῦ
3859 3671 4002 3725 παρα

2394 3742 2636 3811 εγένετο,
2667 3744 2762 3796 καὶ
2786 3742 2862 3806 ὡς
2888 3743 2990 3795 οὐκ
3017 3742 3165 3797 ἐστιν
3187 3743 3458 3807 ἀντίθεος,
3488 3743 3628 3798 ἀλλά
3654 3746 3839 3799 πάντα
3863 3747 4001 3818 πρὸς

2394 3836 2488 3890 τὸν
2536 3835 2762 3907 Πατέρα
2811 3836 3097 3907 ἀναφέρει.
3165 3836 3298 3889 Ὅτε
3352 3837 3452 3906 μὲν
3494 3837 3603 3909 γάρ
3637 3841 3783 3892 κατά
3829 3840 4000 3909 μόνας

2395 3930 2545 3981 ποιεῖ
2593 3931 2832 3999 σημεῖα,
2874 3929 3029 3982 οὐδὲν
3073 3928 3318 3982 τοιοῦτον
3370 3935 3536 3996 ποιεῖ,
3591 3933 3775 3985 καίτοι
3824 3933 4000 4002 μείζω

2393 4020 2568 4075 τελῶν
2594 4036 2608 4050 ⁶
2639 4022 2772 4075 ὅταν
2804 4021 2860 4074 δὲ
2897 4019 3134 4075 ἐνώπιον
3164 4022 3378 4076 πολλῶν
3413 4025 3841 4095 θαυματουργῇ,
3870 4027 3994 4079 τότε

2393 4113 2528 4187 πρὸς
2583 4113 2678 4167 τὸν
2732 4113 2868 4167 Θεὸν
2926 4113 3254 4171 ἀναϐλέπει.
3313 4117 3572 4169 Δείκνυσι
3629 4117 3708 4182 δὲ,
3775 4119 3858 4171 ὅτι
3901 4120 3999 4171 οὐκ

2390 4205 2649 4277 ἀσθενείᾳ
2682 4204 2843 4260 τοῦτο
2874 4209 3039 4272 ποιεῖ,
3085 4207 3223 4260 ἀλλά
3262 4209 3333 4262 δι’
3359 4209 3705 4278 οίκονομίαν,
3745 4212 3816 4282 ἢν
3843 4212 3998 4264 εἷπο-

2394 4314 2518 4365 μεν,
2559 4299 2624 4349 έκ
2657 4297 2751 4349 τοῦ
2786 4297 2856 4351 τά
2893 4297 3121 4366 μείζονα
3159 4301 3498 4364 δεσποτικῶς
3527 4304 3620 4356 καὶ
3651 4303 3995 4366 αὐθεντικῶς

2391 4391 2588 4442 ποιεῖν.
2615 4390 2853 4458 Λέγουσι
2875 4389 2933 4444 δέ
2959 4408 3105 4455 τινες
3125 4392 3212 4446 διὰ
3235 4392 3396 4446 τοῦτο
3422 4395 3589 4448 αὐτὸν
3617 4396 3991 4466 εὐχαριστεῖν,

2392 4485 2478 4536 ίνα
2505 4484 2645 4556 λάθῃ
2673 4485 2767 4538 τὸν
2793 4485 2890 4540 τοῦ
2925 4486 3137 4557 κόσμου
3165 4490 3408 4558 ἄρχοντα
3436 4491 3568 4559 άχρι
3603 4491 3701 4543 καὶ
3742 4491 3841 4544 τοῦ
3872 4509 3995 4543 και-

691 4580 905 4640 tempus
935 4574 1227 4641 passionis,
1249 4585 1302 4628 et
1324 4590 1388 4629 ex
1431 4576 1533 4630 hoc
1554 4576 1767 4630 daemon
1791 4593 1896 4631 non
1926 4586 2278 4649 cognosceret

2399 4572 2486 4644 ροῦ
2513 4574 2609 4627 τοῦ
2645 4575 2873 4642 πάθους,
2925 4578 3021 4630 καὶ
3057 4579 3134 4648 μὴ
3169 4579 3426 4635 ἐντεῦθεν
3460 4583 3560 4653 ήδη
3610 4583 3829 4653 οἰηθείη
3892 4587 3992 4636 αὑ-

689 4661 865 4731 ipsum
898 4678 1016 4718 esse
1042 4665 1232 4728 Deum,
1278 4670 1374 4720 sed
1419 4667 1784 4737 deciperetur,
1831 4678 1883 4722 et
1924 4667 2282 4734 inescaretur,

2385 4669 2481 4722 τὸν
2506 4670 2662 4734 Θεὸν,
2703 4669 2821 4724 ἀλλ’
2874 4671 3161 4742 ἀπατηθῇ,
3196 4674 3293 4726 καὶ
3344 4673 3635 4745 δελεασθῇ,
3695 4679 3796 4728 καὶ
3847 4676 3994 4728 οὕτω

685 4766 850 4825 atque
869 4757 946 4810 sic
971 4771 1065 4823 per
1092 4772 1308 4812 crucem
1333 4759 1711 4813 conficeretur.
1732 4760 1998 4828 (laterum
2018 4761 2287 4831 permittit

2399 4760 2472 4814 5ιά
2501 4759 2595 4812 τοῦ
2649 4762 2889 4832 σταυροῦ
2928 4763 3260 4833 νεκρωθείη.
3296 4766 3584 4836 Συγχωρεῖ
3613 4767 3672 4821 δὲ
3703 4771 3732 4821 ὁ
3783 4768 3992 4839 Κύριος

588 4862 593 4869 ·
687 4848 952 4903 Dominus
982 4858 1039 4903 ut
1081 4851 1358 4920 supersint
1415 4859 1492 4903 tot
1545 4850 1869 4921 fragmenta,
1927 4869 2030 4906 non
2064 4865 2283 4923 propter

2399 4854 2748 4925 περισσεῦσαι
2799 4856 2913 4927 (25)
2968 4859 3098 4921 τοὺς
3143 4859 3369 4928 ἄρτους,
3431 4860 3492 4912 οὐ
3569 4862 3638 4914 δι’
3695 4862 3990 4928 ἐπίδειξιν·

686 4941 1130 5006 ostentationem,
1165 4942 1309 4997 absit
1345 4959 1359 4997 :
1409 4944 1504 4998 sed
1565 4958 1633 4999 ne
1678 4945 2064 5015 credatugper
2107 4946 2281 5014 phan-

2399 4947 2596 5015 ἱπαγει
2628 4948 2745 5002 ἀλλ’
2777 4950 2922 5004 ὥστε
2962 4949 3040 5020 μὴ
3085 4953 3368 5024 φαντασία
3416 4953 3753 5024 νομισθῆναι
3786 4957 3850 5008 τὸ
3902 4974 3995 5010 ao-

689 5039 919 5086 tasmata
947 5033 1172 5088 satiatos
1193 5049 1313 5089 esse
1335 5035 1607 5100 homines,
1636 5045 1892 5106 appareat
1914 5048 2092 5092 autem
2111 5037 2276 5111 585

686 5123 940 5180 omnibus
988 5127 1130 5195 quod
1160 5141 1286 5183 vere
1313 5129 1494 5184 satiati
1539 5127 1764 5194 fuerint,
1830 5133 2273 5200 quandoquidem

686 5222 766 5268 tot
818 5214 1038 5269 residua
1083 5215 1326 5272 fuerint:
1381 5227 1544 5287 atque
1590 5229 1811 5289 propter
1857 5223 1998 5276 hanc
2052 5238 2271 5278 causam

684 5301 845 5358 fussit
871 5304 1036 5360 etiam
1073 5303 1382 5375 fragmenta
1407 5308 1607 5377 colligi,
1634 5321 1692 5363 ut
1722 5311 1973 5367 videntes
2000 5327 2088 5379 ea,
2107 5314 2275 5367 mira-

683 5394 790 5450 culi
813 5395 941 5451 facti
969 5399 1139 5469 magis
1169 5405 1353 5454 essent
1379 5413 1670 5456 memores.
1701 5399 1929 5471 Oportet
1955 5413 2137 5458 autem
2164 5421 2271 5460 non

680 5489 855 5546 solum
889 5489 1075 5544 mirari
1093 5491 1238 5560 quod
1263 5492 1652 5562 superfuerinl,
1680 5500 1772 5550 sed
1798 5497 1962 5551 etiam
1988 5497 2130 5567 quod
2163 5515 2269 5553 non

677 5581 863 5655 plures
919 5597 1098 5654 neque
1149 5585 1457 5654 pauciores,
1504 5600 1670 5653 quam
1713 5591 1804 5658 qui
1846 5605 2072 5644 numero
2112 5607 2271 5661 pares

2383 5036 2644 5107 ρεσθὴναι
2693 5040 2822 5103 τοὺς
2851 5040 3206 5112 ἀνθρώπους,
3245 5043 3384 5097 ἀλλὰ
3417 5045 3552 5099 πᾶσι
3599 5046 3872 5116 φανῆναι,
3910 5048 3994 5101 ὅτι

2375 5129 2636 5185 τοσοῦτον
2651 5131 2865 5201 ἀληθῶς
2884 5134 3280 5206 ἐκορέσθησαν,
3300 5136 3444 5192 ὥστε
3461 5139 3558 5192 καὶ
3574 5139 3990 5210 έπερίσσευσαν

2377 5223 2625 5276 τοσαῦτα
2645 5239 2658 5254 ο
2702 5223 2794 5278 διὰ
2818 5225 3031 5297 ταύτην
3057 5226 3116 5280 δὲ
3143 5229 3245 5299 τὴν
3268 5229 3456 5284 αίτίαν
3481 5232 3580 5284 καὶ
3601 5231 3674 5284 τὰ
3691 5231 3991 5301 κλάσματα

2377 5315 2596 5370 κελεύει
2625 5318 2989 5390 συναχθῆναι,
3021 5319 3110 5374 ῖνα
3136 5320 3378 5393 ὁρῶντες
3404 5321 3605 5390 ταῦτα,
3643 5323 3738 5378 τοῦ
3763 5327 3992 5394 γεγονῦο

2375 5425 2466 5473 τος
2497 5411 3036 5482 ἀναμιμνήσκωνται
3077 5412 3359 5485 θαύματος
3395 5418 3490 5471 ἐπὶ
3523 5418 3710 5473 πλέον.
3758 5416 3883 5489 Χρὴ
3933 5419 3990 5474 δέ

2373 5503 2434 5555 οὐ
2466 5504 2633 5572 μόνον
2664 5504 2973 5577 θαυμάσαι,
3004 5508 3088 5562 ὅτι
3111 5509 3542 5582 έπερίσσευσαν,
3563 5512 3702 5566 ἀλλὰ
3739 5515 3857 5579 καὶ,
3891 5513 3989 5586 τὴν

2373 5596 2669 5667 ἀκρίϐειαν
2696 5598 2793 5651 τοῦ
2831 5600 3307 5673 περισσεύματος,
3339 5605 3424 5659 ὅτι
3452 5603 3581 5660 οὐτε
3611 5605 3828 5674 πλεῖον,
3858 5606 3986 5662 οὐτε

1640 5704 1728 5766 Ex
1767 5705 2114 5770 collatione
2146 5711 2336 5774 codd.
2373 5713 2605 5778 Venet.
2645 5716 2709 5779 S.
2742 5716 2961 5780 Marci.

893 5827 1028 5910 βοαί.
1065 5829 1409 5910 51.153916
1439 5831 1556 5910 ἔστι
1580 5827 1655 5899 τῷ
1691 5831 1838 5910 παρά
1864 5831 1940 5902 τῷ
1970 5833 2266 5910 Ματθαέῳς
2306 5836 2554 5910 Λέγομεν
2576 5836 2692 5906 οὖν,
2721 5842 2802 5897 ὅτι
2838 5842 2940 5896 καὶ
2968 5847 3028 5897 τὸ
3046 5844 3180 5899 αὐτό
3211 5846 3380 5899 ἐστιν.

751 5899 865 5971 (ἳὸ)
899 5899 1044 5957 Idem
1076 5903 1220 5970 cod.,
1262 5900 1632 5972 Περισσεῦσαι
1661 5899 2251 5974 τοσαῦτλκὶάῖμαῖα.
