4218 6424
246 436 386 505 1289

964 440 1417 505 BNARRATIO
1454 440 1537 503 ΙΝ
1584 431 2099 501 EVANGELIUM
2139 430 2489 497 IUANNIS.
2522 460 2589 469 --
2616 435 2783 499 CAP.
2809 433 2911 503 Vl.

3444 443 3587 516 i290

237 552 486 615 ἔλαττον,
530 552 649 605 ἀλλ’
682 551 1014 623 ἰσαρίθμους
1072 554 1184 606 τῶν
1214 554 1486 626 μαθητῶν
1519 553 1648 617 τοὺς
1696 549 1828 619 κοφί

1968 554 2156 601 essent
2219 544 2509 615 discipulis
2552 547 2774 614 cophiui
2839 547 3223 620 reliquiarum,
3280 563 3342 612 ut
3396 571 3590 618 omnes

236 660 366 707 νους
396 643 507 698 τῶν
531 643 799 714 λειψάνων
822 646 1050 714 ἐποίησε
1085 647 1448 719 περιττεῦσαι
1477 665 1490 678 ·
1518 648 1608 701 ἵνα
1640 646 1846 707 πάντες

236 737 579 804 βαστάσὼσι,
607 738 703 790 καὶ
728 738 865 810 μηδὲ
891 742 918 793 6
937 740 1144 804 Ἰούδας
1172 741 1404 813 ἄμοιρος
1423 739 1844 809 καταλειφθείη,

232 825 353 881 ἀλλ’
384 829 483 901 ἔχῃ
530 831 628 884 καὶ
681 831 844 885 τοῦτο
871 832 934 885 τὸ
971 821 1190 903 θαῦμα
1217 834 1494 887 δεικτικὸν
1552 832 1648 887 τοῦ
1702 827 1846 884 εἶναι

230 921 368 975 Θεὸν
399 925 492 978 τὸν
523 922 695 977 αὐτοῦ
725 925 1073 992 διδάσκαλον,
1101 927 1200 981 καὶ
1236 927 1553 999 ὠφεληθείη
1577 928 1687 980 κάκ
1715 924 1843 979 τούο

229 1030 349 1081 του,
385 1016 491 1070 κᾶν
522 1017 611 1072 διὰ
645 1018 746 1088 τὴν
780 1019 948 1072 αὑτοῦ
985 1022 1189 1075 κακίαν
1224 1023 1304 1086 είς
1340 1022 1673 1092 κατάκρισιν
1704 1019 1843 1089 μᾶλ-

137 1166 143 1171 ,
231 1109 323 1160 λον
360 1109 527 1163 αὐτοῦ
558 1111 718 1165 τοῦτο
750 1114 944 1180 γέγονε
968 1128 981 1142 ·
1014 1115 1108 1168 τὸν
1138 1115 1249 1187 γὰρ
1279 1115 1521 1169 τοσαῦτα
1554 1113 1844 1187 περιττεύ-

231 1216 383 1267 ματα
421 1206 753 1272 ποιήσαντα,
791 1206 852 1274 ἐξ
882 1201 957 1259 ὦν
988 1208 1085 1261 καὶ
1108 1209 1271 1269 αὐτὸς
1296 1208 1518 1277 κόφινον
1546 1207 1841 1270 ἐϐάστασε,
1910 1265 1917 1273 ,

226 1290 421 1343 τοῦτον
464 1294 830 1363 προδέδωκεν.
870 1298 946 1350 Οὐ
979 1300 1088 1369 γὰρ
1131 1300 1197 1370 δὴ
1238 1300 1422 1370 μάτην
1453 1302 1567 1362 τοῖς
1606 1298 1842 1352 ἀποστό·

227 1381 342 1446 λοις
378 1386 691 1454 προσέταξε
736 1388 1009 1459 βαστάσαι
1068 1392 1199 1454 τοὺς
1235 1393 1521 1463 κοφίνους,
1583 1390 1701 1444 ἀλλ’
1752 1390 1841 1444 ἵνα

224 1474 315 1527 ἀεὶ
365 1478 907 1551 ἀναμιμνήσκωνται
947 1483 1042 1536 τοῦ
1074 1484 1382 1554 θαύματος,
1432 1486 1509 1549 ὼς
1548 1484 1841 1556 μέλλοντες

222 1564 453 1621 ἔσεσθαι
509 1569 826 1626 διδάσκαλοι
877 1574 977 1652 τῆς
1039 1577 1395 1647 οἰκουμένης.
1449 1576 1525 1629 Τὸ
1577 1576 1677 1647 μὲν
1726 1576 1840 1645 γὰρ

225 1657 460 1729 πλῆθος,
488 1661 653 1716 οὐδὲν
683 1665 828 1734 μέγα
862 1666 1093 1737 ἔμελλον
1128 1667 1572 1740 καρπώσασθαι·
1619 1684 1841 1738 παραυο

223 1749 357 1803 τίκα
397 1752 510 1824 γὰρ
560 1756 897 1811 ἐπελάθοντο
953 1758 1049 1812 τοῦ
1103 1758 1408 1831 θαύματος,
1468 1758 1643 1824 οὕτως
1694 1755 1839 1829 ἦσαν

222 1844 485 1916 ἀνόητοι*
534 1849 585 1902 oi
646 1849 705 1903 δὲ
759 1852 1027 1922 μαθηταὶ,
1078 1854 1140 1907 οὐ
1192 1855 1262 1908 τὰ
1313 1854 1553 1925 τυχόντα
1604 1852 1836 1925 ἔμελλον

1961 648 2201 707 gestent,
2252 648 2306 694 et
2336 654 2520 707 neque
2564 637 2735 695 Jmlas
2790 641 2907 711 ipse
2957 660 3158 716 expers
3218 649 3587 727 relinquatur,

1958 732 2054 788 sed
2103 731 2316 787 habens
2365 733 2532 786 etiam
2573 735 2675 789 hoc
2714 736 3045 793 miracnlutn
3108 746 3252 812 quod
3310 734 3592 809 monstret

1956 824 2064 880 sibi
2099 822 2272 880 Deum
2315 840 2440 879 esse
2467 828 2817 897 magistrum,
2866 830 2993 887 inde
3024 834 3318 892 utilitatem
3362 841 3585 910 capiat:

1957 919 2213 988 quamvis
2261 922 2431 975 etiam
2486 921 2587 975 hoc
2641 934 2867 994 praptcr
2904 928 3169 984 malitiam
3205 932 3324 1003 ejus
3358 934 3411 990 in
3454 951 3590 993 con-

1956 1012 2368 1067 demnationem
2408 1015 2582 1083 ipsius
2621 1018 2887 1085 cesserit;
2919 1035 3043 1075 eum
3070 1024 3221 1078 enim
3266 1027 3358 1096 qui
3406 1039 3589 1087 tantas

1961 1103 2229 1174 reliquias
2289 1106 2520 1175 fecerat,
2555 1110 2625 1165 de
2651 1111 2854 1180 quibus
2878 1123 2931 1168 et
2968 1113 3084 1183 ipse
3126 1119 3424 1186 ecphiuum
3463 1140 3590 1195 por-

1958 1198 2115 1261 tavit,
2145 1198 2409 1268 prodidit.
2452 1199 2567 1255 Non
2600 1205 2746 1256 enim
2775 1205 2893 1257 sine
2928 1221 3092 1261 causa
3120 1210 3414 1279 imperavit
3450 1231 3589 1287 apu-

1957 1291 2116 1347 stolis
2146 1299 2206 1346 ut
2238 1294 2508 1363 cophinos
2536 1308 2843 1366 gestarent,
2862 1302 2959 1356 sed
2983 1310 3040 1356 ut
3064 1318 3286 1374 semper
3313 1324 3589 1366 memores

1953 1397 2141 1442 essent
2186 1390 2465 1456 miraculi,
2518 1401 2707 1463 utpote
2739 1395 2991 1465 magistri
3034 1399 3189 1454 orhis
3216 1398 3413 1457 futuri.
3447 1402 3585 1459 Nam

1955 1481 2253 1539 multitudo
2293 1484 2519 1556 quidem
2565 1501 2675 1541 non
2715 1503 2973 1560 magnam
3034 1494 3330 1550 utilitatem
3399 1514 3589 1568 peree-

1953 1580 2113 1640 ptura
2148 1586 2292 1641 erat,
2323 1576 2515 1631 statim
2555 1579 2703 1633 enim
2730 1581 3164 1640 obliviscebatur
3203 1588 3495 1659 miraculi;
3533 1604 3590 1649 at

1954 1665 2206 1737 discipuli
2240 1685 2351 1725 non
2408 1672 2635 1741 vulgare
2666 1673 2882 1730 lucrum
2925 1677 3051 1734 inde
3110 1679 3353 1740 habituri
3401 1699 3585 1745 erant.

1957 1756 2255 1818 Discamus
2303 1762 2435 1819 item
2487 1779 2553 1820 ex
2594 1766 2701 1821 hoc
2748 1769 3015 1826 miraculo
3078 1788 3145 1827 ne
3203 1777 3586 1845 pusillanimes

1952 1848 2131 1906 siinus
2152 1852 2206 1906 in
2234 1855 2504 1925 angustiis
2530 1867 2584 1912 et
2618 1868 2967 1929 paupertate,
2999 1878 3179 1934 neque
3204 1868 3379 1924 timidi
3411 1871 3583 1929 simus

222 1937 563 2007 κερδαίνειν.
607 1942 976 2014 Μανθάνομεν
1034 1944 1093 1999 δὲ
1138 1945 1248 1999 ἀπὸ
1277 1945 1372 1998 τοῦ
1416 1945 1709 2014 γεγονότος
1760 1944 1836 2017 μὴ

1955 1941 2008 1997 in
2066 1945 2445 2016 hospitalitate
2512 1960 2566 2004 et
2632 1957 3065 2023 communione;
3124 1960 3218 2015 sed
3292 1964 3586 2023 credamus

223 2033 592 2105 μικροψυχεῖν
626 2038 686 2089 ὲν
714 2040 836 2101 ταῖς
870 2042 1264 2111 στενοχωρίαις
1288 2041 1388 2111 τῆς
1437 2041 1668 2107 πενίας,’
1698 2040 1837 2113 μηδὲ

217 2125 425 2199 δειλιᾷν
459 2131 597 2202 πρὸς
630 2132 948 2201 φιλοξενίαν
1014 2136 1107 2187 καὶ
1167 2135 1483 2207 μετάδοσιν,
1536 2118 1690 2190 ’ἀλλὰ
1745 2146 1839 2188 πι-

222 2218 459 2287 στεύειν,
504 2222 586 2277 ὃτι
616 2224 723 2279 κᾶν
756 2224 854 2280 ἕνα
882 2225 1048 2299 ἄρτον
1087 2227 1329 2300 ἔχωμεν,
1356 2227 1622 2299 πληθυνεῖ
1644 2228 1838 2282 τοῦτον

218 2313 246 2365 ὁ
281 2314 348 2367 τὰ
384 2316 626 2372 τοσαῦτα
667 2321 1030 2392 περιττεῦσαι
1066 2324 1303 2395 ποιήσας
1340 2324 1405 2377 ὲκ
1429 2322 1596 2377 πέντε
1624 2324 1833 2395 ἄρτων.

221 2407 363 2463 Κατ’
401 2410 743 2485 ἀλληγορίαν
773 2415 852 2483 δὲ,
893 2417 984 2470 ὅτε
1027 2418 1403 2489 ὲκπεφοὶτηκε
1448 2418 1560 2473 τῶν
1601 2418 1837 2490 Ἰεροσο-

218 2501 409 2575 λύμων
436 2507 463 2559 6
506 2507 739 2577 Κύριος,
772 2510 917 2563 κατὰ
948 2509 1009 2564 τὸ
1044 2512 1103 2564 ὲν
1146 2514 1463 2584 προφήταις
1512 2513 1834 2585 εἰρημένον,

224 2614 243 2647 t
298 2597 778 2666 Ἑγκαταλέλοιπα
808 2603 902 2655 τὸν
933 2597 1087 2677 οἶκόν
1119 2622 1244 2676 μου,
1282 2606 1469 2677 ἀφῆκα
1499 2605 1598 2677 τὴν
1630 2607 1833 2679 κληροο

219 2693 414 2756 νομίαν
446 2711 577 2763 μύ,
619 2715 637 2748 ι
684 2697 807 2750 τότε
836 2698 901 2769 δὴ
945 2701 1025 2763 εἰς
1056 2699 1155 2770 τὴν
1193 2700 1492 2755 Γαλιλαίαν
1525 2700 1635 2756 τῶν
1659 2700 1834 2755 ὲθνῶν

215 2783 478 2853 ἄπεισιν,
548 2790 676 2855 τοὺς
739 2791 991 2856 ἐθνικοὺς
1044 2793 1684 2866 προσλαμϐανόμενοςο,
1738 2796 1835 2850 καὶ

219 2879 380 2952 ὄχλος
411 2880 565 2949 αὐτῷ
600 2884 773 2949 πολὺς
801 2886 1113 2942 ἀκολουθεῖ.
1156 2889 1368 2942 Ἀνεισι
1388 2888 1444 2942 δὲ
1476 2890 1556 2953 είς
1585 2889 1647 2944 τὸ
1682 2890 1831 2961 ὅρος,

214 2974 334 3047 ήτοι
387 2977 469 3040 είς
526 2978 619 3032 τὸν
671 2982 927 3052 σταυρὸν,
996 2982 1087 3036 ἵνα
1143 2982 1357 3049 πάντας
1431 2982 1639 3058 ἑλκύσῃ
1672 2984 1833 3057 -πρδς

215 3069 431 3135 ἑαυτὸν,
474 3071 505 3142 ἣ
537 3075 617 3135 είς
668 3073 761 3125 τὸν
792 3075 1051 3147 οὐρανὸν,
1123 3078 1205 3139 είς
1243 3077 1343 3149 τὴν
1406 3078 1690 3151 θεοπρεπῆ
1723 3096 1833 3150 κτι-

220 3162 327 3235 μήν
378 3166 471 3217 καί
505 3164 691 3232 δόξαν.
760 3166 1125 3239 Ἀναληφθεὶς
1168 3170 1279 3241 γὰρ
1314 3173 1393 3231 είς
1448 3171 1705 3243 οὐρανὸν,
1739 3174 1835 3228 καὶ

212 3253 288 3318 ὡς
328 3254 462 3320 Θεὸς
514 3258 649 3330 παρ’
686 3258 850 3329 ήμῶν
917 3262 1329 3333 δοξαζόμενος,
1382 3264 1478 3318 καὶ
1536 3264 1610 3336 μή
1674 3265 1831 3334 ψιλὸς
1859 3307 1904 3366 c

213 3348 529 3423 ἅνθρωπος,
568 3354 649 3417 είς
690 3353 819 3425 ὅρος
848 3354 1097 3409 ἀνελθεῖν
1130 3356 1354 3426 λέγεται
1382 3374 1396 3389 ο
1437 3359 1470 3430 ή
1505 3359 1615 3431 γὰρ
1644 3358 1826 3432 ὑψηλὴ

213 3446 344 3517 περὶ
371 3446 539 3500 αὐτοῦ
573 3446 777 3515 ἔννοια,
807 3450 957 3519 ὅρος.
985 3450 1275 3505 Διαδίδωσι
1299 3451 1356 3506 δὲ
1389 3452 1526 3523 ήμῖν
1556 3454 1670 3516 τοῖς
1702 3455 1829 3517 ταῖς

213 3534 378 3589 πέντε
442 3538 771 3609 αἰσθήσεσιν
860 3541 1333 3610 ὑποπεπτωκόσι,
1384 3546 1512 3608 τοὺς
1571 3543 1827 3612 λογικοὺς

210 3628 411 3701 ίρτους
447 3633 611 3687 πέντε
643 3634 739 3687 καὶ
764 3636 961 3701 αὐτοὺς
989 3635 1174 3700 ὄντας.
1211 3636 1452 3709 Ἐκάστῃ
1488 3639 1599 3709 γὰρ
1625 3638 1825 3709 αίσθή-

214 3740 297 3776 σει
331 3726 422 3777 τὸν
456 3726 776 3797 πρόσφορον
807 3729 973 3798 ἄρτον
996 3729 1208 3794 δίδωσι,
1252 3730 1376 3802 ήτοι
1399 3732 1492 3784 τὸν
1520 3732 1683 3801 λόγον
1704 3748 1717 3763 ⁸
1748 3731 1826 3797 ὡς

211 3819 305 3871 καὶ
330 3819 539 3884 Παῦλος
566 3822 735 3891 λέγει’
771 3841 789 3875 ι
823 3823 977 3877 Θέλω
998 3825 1164 3878 πέντε
1197 3824 1393 3896 λόγους
1421 3829 1480 3880 ἐν
1524 3826 1827 3901 Ἑκκλησίᾳ

210 3912 465 3983 λαλῆσαι,
523 3917 650 3979 τοὺς
694 3919 816 3981 ταῖς
862 3917 1026 3971 πέντε
1061 3918 1265 3992 δηλαδὴ
1294 3920 1620 3991 αἰσθήσεσιν
1649 3923 1828 3993 ἁρμόο

210 4009 404 4072 ζοντας
424 4011 555 4081 πρὸς
575 4010 885 4083 διόρθωσιν.
913 4030 932 4065 ι
962 4012 1039 4066 Οὐ
1071 4014 1259 4083 μέντοι
1289 4015 1574 4085 δυνάμεθα
1596 4015 1826 4079 τούτους

208 4104 338 4162 τοὺς
378 4106 541 4158 πέντε
589 4108 785 4174 λόγους
820 4107 977 4172 ὅλους
1010 4113 1384 4180 καταφαγεῖν,
1426 4111 1567 4165 ἀλλὰ
1595 4114 1692 4165 καὶ
1728 4128 1827 4164 πε-

211 4197 573 4268 ριττεύουσιν.
631 4202 706 4253 UO
757 4201 868 4274 γάρ
900 4220 983 4267 τις
1024 4203 1254 4259 δύναται
1300 4205 1464 4277 ήμῶν
1524 4206 1682 4271 ὅλους
1729 4202 1824 4260 τοῦ

216 4293 526 4363 μυστηρίου
563 4296 690 4358 τοὺς
717 4295 911 4363 λόγους
946 4298 1221 4368 χωρῆσαι,
1256 4298 1397 4354 ἀλλὰ.
1445 4300 1517 4353 τὰ
1547 4300 1681 4373 ήμῖν
1709 4303 1825 4363 τοῖς

213 4382 570 4455 ὑλικωτέροις
596 4387 866 4457 ἀνέφικτα
900 4390 995 4443 καὶ
1034 4389 1263 4464 ἄϐρωτα
1309 4392 1359 4445 oi
1389 4391 1683 4447 ἀπόστολοι
1728 4393 1825 4465 βα-

1945 2037 2091 2106 quod
2148 2041 2314 2096 etiam
2372 2044 2415 2098 si
2465 2060 2633 2117 unum
2698 2058 2912 2105 tantum
2991 2068 3188 2122 panem
3257 2056 3580 2130 habeamus,

1944 2128 2095 2187 illum
2140 2133 2613 2206 multiplicaturus
2666 2142 2759 2205 sit,
2810 2144 2900 2213 qui
2928 2158 2994 2199 ex
3047 2148 3295 2219 quinque
3342 2128 3583 2223 panibus

1943 2229 2155 2282 tantum
2187 2244 2480 2300 superesse
2517 2231 2664 2288 fecit.
2724 2232 2833 2291 Per
2880 2238 3201 2309 allegoriam
3235 2253 3423 2303 autem
3471 2248 3581 2308 Do-

1945 2318 2129 2377 minus
2161 2325 2384 2392 quando
2426 2326 2599 2381 exivit
2644 2324 3052 2403 Hierosolyma,
3093 2339 3398 2395 secundum
3432 2348 3578 2414 quod

1943 2411 2000 2468 in
2048 2418 2335 2487 prophetis
2396 2418 2605 2475 dictum
2657 2424 2862 2480 eat":
2927 2444 2948 2480 ι
3016 2428 3294 2503 Dereliqui
3351 2411 3579 2496 domum

1942 2522 2147 2578 meam,
2190 2511 2385 2584 reliqui
2434 2514 2817 2575 haereditatein
2867 2536 3095 2581 meam:
3131 2544 3151 2579 ι
3206 2537 3337 2586 tunc
3358 2536 3579 2592 sane'iu

1943 2600 2233 2660 Galilwam
2291 2609 2539 2676 gentium
2607 2613 2784 2678 vadit,
2830 2616 3069 2687 gent'les
3131 2623 3466 2695 suscipiens,
3524 2641 3583 2686 et

1943 2695 2105 2752 turba
2153 2698 2306 2755 illum
2360 2718 2556 2773 magna
2612 2709 2887 2778 sequitur.
2962 2714 3232 2771 Ascendit
3279 2731 3465 2777 autem
3523 2725 3578 2780 in

1941 2800 2209 2858 montem,
2260 2794 2367 2851 hoc
2412 2807 2498 2853 est
2529 2814 2777 2869 crucem,
2838 2812 2899 2859 ut
2933 2810 3001 2862 ad
3053 2824 3114 2864 se
3145 2812 3327 2883 rapiat
3380 2831 3579 2877 omnes

1942 2883 2027 2938 vel
2059 2884 2112 2939 in
2145 2887 2373 2957 cmlum,
2411 2893 2477 2946 ad
2512 2892 2783 2952 honorem
2830 2906 2885 2953 et
2917 2900 3151 2972 gloriam
3180 2904 3296 2963 Deo
3328 2910 3576 2982 dignam.

1946 2974 2015 3033 Ut
2056 2981 2202 3035 enim
2257 2986 2508 3042 ascendit
2562 2988 2616 3043 in
2656 2991 2832 3047 caelos
2886 3004 2941 3050 et
2989 2996 3289 3066 gloriﬁcari
3352 2974 3579 3078 ct'epita

1946 3074 2110 3129 nobis
2139 3086 2199 3130 ut
2238 3076 2408 3145 Deus,
2448 3090 2504 3135 et
2545 3100 2652 3139 non
2682 3096 2740 3139 ut
2776 3087 2957 3145 nudus
2992 3090 3182 3160 homo,
3246 3096 3301 3151 in
3331 3074 3576 3158 montem

1945 3168 2265 3225 ascendisse
2301 3173 2528 3229 dicitur.
2587 3174 2860 3235 Sublitnis
2913 3183 3061 3238 enim
3110 3186 3179 3240 de
3204 3188 3301 3244 illo
3364 3193 3578 3263 opinio.

1944 3275 2102 3317 mons
2147 3273 2252 3318 est.
2308 3265 2410 3320 Dat
2465 3279 2650 3326 autem
2705 3274 2887 3342 nobis,
2940 3279 3263 3352 quicunque
3317 3289 3580 3348 sensibus

1941 3351 2176 3421 subjecti
2220 3370 2437 3425 sumus,
2479 3364 2779 3422 rationales
2814 3384 2985 3438 panes
3034 3351 3309 3446 quinque,
3360 3382 3489 3450 quia
3524 3398 3582 3441 et

1939 3446 2043 3514 ipsi
2075 3448 2324 3519 quinque
2354 3463 2485 3509 sunt
2523 3472 2537 3509 :
2577 3458 2878 3530 unicuique
2912 3465 3059 3520 enim
3116 3473 3302 3528 sensui
3365 3446 3574 3537 convee

1939 3540 2187 3596 nientem
2239 3558 2437 3612 panem
2472 3547 2587 3616 dat,
2641 3551 2748 3607 hoc
2793 3564 2881 3611 est
2912 3571 3231 3619 sermonem
3269 3584 3283 3622 :
3331 3570 3475 3626 sicut
3518 3586 3578 3629 ct

1939 3633 2142 3692 Paulus
2166 3638 2300 3694 dicit
2320 3640 2410 3695 ι³⁸ε
2442 3660 2463 3695 ι
2502 3642 2637 3699 Volo
2660 3647 2907 3719 quinque
2934 3666 3225 3713 sermones
3250 3659 3304 3714 in
3326 3660 3574 3723 Ecclesia

1938 3729 2087 3801 loqui
2112 3733 2205 3804 qui
2228 3736 2474 3807 quinque
2494 3752 2757 3796 sensuum
2776 3744 3133 3805 aedificationi
3163 3758 3521 3817 conveniant.
3550 3783 3570 3815 ι

1937 3822 2061 3881 Non
2096 3842 2397 3897 possumus
2444 3842 2630 3889 autem
2679 3837 2927 3911 quinque
2981 3857 3273 3906 sermones
3325 3852 3575 3927 integros

1937 3934 2163 3991 capere,
2195 3925 2293 3979 sed
2344 3940 2411 3981 ex
2449 3927 2530 3982 eis
2563 3930 2849 3989 abundant
2883 3936 3151 4008 reliquiae.
3193 3942 3392 4003 Nullus
3417 3925 3571 4007 enim

1942 4026 2125 4085 p0test
2152 4018 2399 4087 integros
2428 4023 2827 4092 mysteriorum
2883 4043 3176 4090 sermones
3213 4051 3441 4109 capere.
3475 4050 3570 4100 sed

1937 4126 2062 4182 qua:
2100 4127 2200 4167 nos
2248 4128 2451 4183 capere
2494 4124 2550 4170 et
2580 4121 2875 4179 comedere
2929 4136 3123 4198 utpote
3173 4136 3429 4193 carnales
3464 4156 3570 4194 non

1937 4221 2257 4275 possumus,
2285 4208 2516 4278 apostoli
2542 4222 2786 4280 gestant,
2818 4220 2975 4287 quasi
3009 4222 3063 4279 in
3100 4226 3347 4299 quinque
3374 4232 3575 4302 cophi-

1940 4300 2047 4369 nis,
2078 4302 2201 4358 suis
2244 4302 2410 4373 justis
2446 4305 2764 4362 animabus.
2793 4309 3029 4383 Cophini
3061 4330 3127 4370 ex
3155 4321 3329 4377 rantis
3359 4300 3571 4393 palma-

1942 4408 2064 4473 rum
2099 4404 2267 4461 sunt;
2309 4412 2329 4445 ι
2356 4391 2548 4451 Justus
2580 4408 2764 4453 autem
2785 4413 2842 4456 ut
2867 4404 3048 4473 palma
3078 4391 3373 4471 ﬂorebit”.
3396 4434 3418 4472 ι
3451 4404 3455 4408 ’

210 4483 530 4552 στάζουσιν,
577 4485 797 4558 ὥσπερ,
840 4487 898 4541 ἐν
928 4506 1040 4542 τισι
1102 4490 1371 4559 κοφίνοις,
1432 4493 1555 4554 ταῖς
1616 4492 1832 4547 ἑαυτιῖρν
1871 4492 2117 4558 δικαίαις
2144 4493 2374 4565 ψυχαῖς.
2417 4495 2483 4549 Ol
2548 4495 2662 4567 γὰρ
2703 4497 2943 4570 κόφινοι,
2976 4503 3041 4559 ἑκ
3090 4505 3267 4577 βαῖων
3328 4517 3567 4584 φοινιχί.

206 4597 316 4634 νων
340 4598 352 4612 ·
389 4602 408 4635 ι
448 4584 667 4649 Δίκαιος
691 4584 770 4649 δὲ,
809 4585 886 4649 ὡς
909 4588 1102 4654 ,φοῖνιξ
1129 4586 1377 4655 ἀνθήσει.
1413 4608 1435 4643 s

285 4699 304 4734 ι
346 4684 410 4737 0i
445 4681 537 4737 οὖν
555 4683 866 4756 ἄνθρωποι,
907 4685 1108 4751 ἰδόντες
1134 4687 1195 4740 τὸ
1237 4690 1472 4760 σημεῖον
1501 4689 1531 4743 ὃ
1565 4690 1827 4764 ἐποίησεν

2011 4688 2182 4746 γεκε.
2228 4688 2319 4753 Id,
2352 4688 2442 4744 15.
2482 4688 2622 4760 ιζΙΙΙί
2652 4704 2787 4762 ergo
2831 4691 3087 4753 homines
3131 4714 3256 4755 cum
3294 4702 3567 4764 vidissent

205 4775 238 4829 6
278 4774 511 4847 Ἰησοῦς,
542 4775 733 4846 ελεγον
755 4779 862 4845 ὅτι,
896 4772 1065 4845 Οὗτός
1105 4780 1255 4835 ἐστιν
1295 4782 1516 4853 ἀληθῶς
1548 4782 1576 4837 ὁ
1602 4786 1822 4856 προφή-

205 4884 308 4939 της
337 4867 366 4919 6
412 4870 710 4941 ἐρχόμενος
748 4873 833 4937 είς
865 4871 957 4925 τὸν
988 4874 1219 4945 κόσμον.
1268 4875 1481 4946 Ἰησοῦς
1512 4870 1627 4943 οὖν,
1656 4878 1822 4946 γνοὺς

202 4963 287 5015 ὅτι
328 4963 624 5033 μέλλουσιν
671 4963 956 5036 ἔρχεσθαι,
1018 4967 1120 5038 καὶ
1177 4968 1449 5040 ἁρπάζειν
1496 4968 1684 5035 αὑτὸν,
1731 4971 1823 5025 ἴνα

203 5058 511 5130 ποιήσωσιν
570 5059 737 5113 αὐτὸν
770 5059 1024 5131 βασιλέα,
1074 5059 1395 5133 ἀνεχώρησε
1436 5062 1604 5116 πάλιν
1648 5064 1729 5127 είς
1761 5065 1822 5118 τὸ

198 5150 330 5227 βρος
364 5151 529 5216 αὐτὸς
583 5152 769 5223 μόνος.
816 5172 835 5207 ι
872 5154 1018 5225 Ὅρα
1077 5152 1177 5227 τὴν
1229 5156 1691 5227 γαστριμαργίαν
1725 5157 1821 5212 τοῦ

200 5247 485 5319 πλήθους·
530 5247 705 5321 μυρία
764 5246 1027 5321 θαύματα
1086 5250 1425 5323 ποιήσαντος
1477 5250 1574 5305 τοῦ
1618 5251 1820 5323 Ἰησοῦ,

200 5342 299 5396 καὶ
359 5342 815 5413 θαυμασιώτερα,
852 5331 955 5397 οὐκ
1012 5342 1362 5415 ἐθαύμαζον·
1406 5346 1503 5399 καὶ
1559 5346 1670 5405 ιὸοὺ
1732 5349 1822 5400 διὰ

208 5434 312 5508 τήν
352 5434 583 5507 βρῶσιν,
639 5455 657 5488 ι
696 5430 869 5501 Οὗτος
894 5478 907 5503 ,
962 5440 1152 5506 φασὶν,
1189 5439 1338 5493 ἐστιν
1369 5440 1399 5493 6
1438 5441 1755 5511 προφήτης.
1798 5459 1815 5492 ι

200 5529 320 5582 Οὐκ
350 5529 433 5583 ἔτι
465 5530 617 5600 αὑτῴ
656 5530 789 5601 περὶ
822 5530 925 5600 τῆς
976 5531 1071 5585 τοῦ
1129 5533 1419 5589 Σαόὗάτου
1447 5535 1822 5605 παραόὶσεως

198 5625 555 5692 ἐγκαλοῦσιν,
588 5626 690 5677 οὐκ
718 5624 798 5677 ἔτι
835 5625 926 5678 τὸν
952 5627 1119 5697 νόμον
1154 5628 1471 5683 ἒκδικοῦσιν
1499 5646 1512 5659 ·
1550 5631 1687 5683 ἀλλὰ
1726 5648 1818 5683 το-

198 5720 397 5774 σοῦτον
448 5720 537 5774 διὰ
584 5722 713 5784 τους
758 5722 958 5794 ἄρτους
1013 5721 1179 5774 αὑτὸν
1234 5724 1495 5791 τιμῶσιν,
1549 5723 1695 5777 ὥστε
1753 5726 1816 5777 οὐ

197 5816 366 5886 μόνον
392 5816 683 5886 προφήτην
717 5813 1179 5886 ἀναγορεύουσιν,
1212 5816 1348 5870 ἀλλὰ
1401 5818 1495 5871 καὶ
1532 5818 1818 5887 βασιλείας

1929 4786 2076 4857 quod
2117 4784 2281 4841 Jesus
2322 4782 2531 4839 fecerat
2564 4784 2809 4856 signum,
2849 4788 3150 4849 dicebant:
3192 4794 3292 4853 llie
3323 4808 3409 4857 est
3437 4818 3566 4859 vere

1934 4878 2204 4951 propheta
2249 4878 2338 4934 ille
2373 4877 2468 4949 qui
2527 4889 2799 4937 venturus
2853 4893 2939 4940 est
2975 4886 3027 4941 in
3079 4874 3371 4949 mundum.
3403 4894 3567 4955 Iesus

1934 4990 2067 5045 ergo
2105 4988 2231 5030 eum
2285 4974 2645 5044 cognovisset
2706 4977 2851 5047 quod
2885 4982 3105 5037 Venturi
3137 4997 3346 5055 essent,
3383 5005 3449 5047 ac
3480 5008 3568 5049 ra-

1929 5077 2080 5137 pturt
2146 5066 2326 5137 ipsum
2392 5074 2454 5121 ut
2509 5064 2759 5123 lacerent
2815 5068 2994 5140 ipsum
3058 5089 3269 5147 regem,
3328 5086 3568 5143 secessit

1932 5159 2285 5225 iterum'ipse
2332 5159 2385 5213 in
2426 5168 2675 5216 montem
2719 5161 2894 5218 solus.
2938 5182 2957 5216 ι
2996 5166 3135 5224 Vide
3164 5170 3347 5241 gulam
3392 5178 3562 5250 vulgi,

1932 5250 2297 5325 cumglecisset
2316 5252 2601 5308 innumera
2626 5256 2918 5325 miracula,
2940 5269 2990 5315 et
3006 5259 3173 5335 585
3195 5266 3562 5337 mirabiliora.

1933 5362 2039 5400 non
2086 5347 2530 5414 admirabantur,
2573 5358 2630 5406 et
2657 5364 2788 5406 ecce
2844 5366 3072 5425 propter
3110 5358 3297 5417 cibum
3350 5366 3560 5434 dicunt,

1938 5456 1956 5488 ι
1988 5437 2087 5494 llic
2111 5449 2197 5493 est
2233 5439 2325 5494 ille
2350 5441 2640 5509 propheta.
2682 5460 2702 5494 ι
2736 5441 2855 5498 Non
2893 5446 3129 5517 amplius
3163 5465 3289 5508 eum
3318 5456 3385 5511 de
3422 5455 3567 5515 Sab-

1932 5533 2046 5588 bati
2088 5532 2383 5589 violatione
2410 5546 2673 5603 arguunt,
2719 5552 2826 5593 non
2859 5539 3000 5596 ultra
3037 5544 3212 5616 legem
3253 5548 3563 5619 vindicant,

1935 5628 2028 5683 sed
2063 5628 2200 5685 adeo
2238 5629 2389 5683 illum
2428 5640 2653 5700 propter
2676 5647 2847 5701 panes
2876 5636 3084 5702 colunt,
3117 5651 3175 5695 ut
3213 5651 3268 5696 et
3301 5659 3427 5700 eum
3453 5663 3560 5705 non

1933 5725 2111 5779 solum
2155 5725 2480 5795 prolthetam
2523 5727 2845 5796 praedicent,
2888 5732 2982 5787 sed
3034 5742 3091 5789 et
3123 5734 3346 5806 dignum
3395 5757 3565 5813 regno

1934 5830 2221 5875 censeant.
2255 5818 2326 5875 At
2358 5818 2447 5877 ille
2475 5818 2635 5893 fugit,
2664 5824 2926 5883 erudiens
2952 5842 3056 5884 nos
3092 5832 3402 5893 mundanas
3432 5853 3571 5894 eon-

269 6004 315 6041 ⁸⁷
346 6002 554 6061 Jerem.
593 6021 693 6071 xu,
726 6003 779 6059 7.
858 6003 1097 6060 “lCor.
1132 6020 1256 6074 xtv.
1290 6003 1379 6060 19.
1460 6005 1504 6038 θ’
1536 6004 1681 6062 Psal.
1722 6020 1835 6073 CXI,
1872 6004 1961 6061 I3.

510 6099 792 6164 Panos.
837 6099 962 6164 Gtt.
1012 6098 1312 6163 CXXIII.

3121 6106 3193 6171 41
