4218 6424
695 378 712 438 1
730 378 831 440 ἔθει

1663 353 2244 435 τιιΕοῬιιιίΑοΤι
2287 374 2698 436 BULGARUE
2722 372 3098 438 'ARCHIEP.

3831 377 3972 446 1296

687 521 747 554 ca
791 497 1085 567 ωριύιιηι
1132 493 1210 548 eis
1262 490 1545 547 Dominus.
1589 509 1606 541 ι
1665 489 1920 557 Quaeritis
1963 491 2106 545 enim
2144 505 2249 550 me,

2372 488 2467 543 τοῦ
2499 490 2727 558 Κυρίου.
2771 507 2788 541 ι
2815 492 3036 558 Ζητεῖτε
3053 491 3161 561 γάρ
3189 507 3278 560 με,
3317 491 3500 562 φησιν,
3531 493 3613 546 ὄτι
3641 491 3882 562 manu
3910 496 3975 546 ἐκ

688 592 899 660 inquit,
950 603 1014 643 eo
1059 587 1198 656 quod
1249 587 1316 641 de
1344 586 1572 655 panibus
1617 583 1964 648 eomedistis;
2007 602 2024 634 ι
2071 592 2124 636 et
2153 582 2272 637 ideo

686 685 791 739 mei
839 680 1097 736 tenemini
1129 679 1400 733 desiderio
1426 720 1442 745 ,
1501 688 1558 731 ut
1597 678 1792 731 iterum
1838 675 1992 729 vobis
2026 688 2268 728 mensam

2376 584 2485 637 τῶν
2533 583 2806 653 ἄρτων,.›
2845 584 2940 636 καὶ
2966 585 3056 637 διὰ
3086 584 3245 637 τοῦτό
3281 603 3347 656 με
3384 585 3636 652 ποθεῖτε,
3678 585 3765 639 ἵνα
3809 588 3976 640 πάλιν

2371 670 2536 742 ἔχητέ
2566 689 2634 741 με
2662 673 3080 743 τραπεζοποιόν.
3112 674 3358 745 Πρόσλες
3387 675 3464 742 δὲ,
3495 677 3578 730 ὅτι
3601 677 3783 730 καίτοι
3812 676 3975 746 ἑλιγ-

683 789 890 847 parem.
939 771 1182 826 Observa
1247 780 1452 835 autem,
1485 766 1627 838 quod
1680 766 1930 835 quamvis
1983 762 2246 834 redargua

2372 787 2482 838 κων
2512 770 2730 834 αὐτοὺς,
2761 770 2821 824 οὐ
2854 771 3077 843 σκληρῷ
3103 772 3374 844 κέχρηται
3397 775 3472 845 τῷ
3494 775 3723 847 ἐλέγχῳ.
3752 777 3829 829 Οὐ
3863 776 3977 848 γὰρ

679 882 812 930 eos,
869 879 973 917 non
1036 871 1214 916 tamen
1273 863 1407 914 dura
1456 859 1626 912 utitttr
1659 855 2103 922 reprehensione.
2153 853 2268 906 Non

680 960 823 1013 enim
864 955 1024 1020 dixit,
1058 952 1102 1009 Ο
1132 952 1403 1022 mancipia
1433 952 1660 1017 ventris,
1707 959 1761 1004 et
1793 949 1987 1020 gulosi,
2024 949 2118 1003 sed
2146 961 2267 1001 cum

680 1047 1130 1112 mansuetudine;
1160 1046 1440 1115 corrigere
1466 1045 1611 1098 enim
1648 1041 1852 1106 volens,
1885 1041 2064 1110 arguit
2095 1038 2216 1093 illos
2251 1057 2262 1091 :

679 1146 838 1200 simul
874 1151 1054 1198 autem
1089 1151 1145 1194 et
1171 1156 1268 1211 per
1307 1141 1410 1194 hoc
1437 1138 1578 1209 quod
1613 1136 1815 1206 detegit
1841 1133 2054 1190 occulta
2085 1131 2267 1188 cordis

676 1237 929 1300 illorum,
979 1233 1045 1288 ad
1083 1233 1341 1302 majorem
1374 1229 1496 1282 illos
1530 1227 1800 1282 adducere
1837 1225 2027 1281 volens
2082 1223 2260 1292 iidem.

676 1329 831 1395 Quod
878 1336 1053 1380 autem
1088 1322 1396 1378 emendatio
1427 1321 1641 1374 illorum
1682 1318 1847 1372 fuerit
1888 1317 2264 1389 reprehensio,

675 1423 1022 1477 manifestum
1075 1433 1140 1471 ex
1181 1415 1556 1484 sequentibus.
1601 1411 1957 1468 Utilissimum
1997 1410 2141 1466 enim
2185 1409 2266 1463 eis

673 1512 976 1569 doctritiattt
1014 1508 1144 1562 facit
1175 1517 1228 1561 et
1257 1506 1388 1560 dicit
1429 1525 1442 1560 :

743 1604 908 1658 Vnus.
943 1603 1034 1655 ‘27.
1070 1620 1087 1653 ι
1137 1598 1450 1666 Operernini
1485 1612 1589 1653 non
1620 1595 1798 1652 cibum
1834 1595 1925 1664 qui
1967 1594 2128 1665 perit,
2169 1593 2263 1648 sed

668 1701 758 1768 qui
793 1704 1072 1767 permanet
1098 1694 1151 1746 in
1190 1694 1354 1746 vitam
1384 1699 1667 1753 aeternam,
1703 1704 1864 1759 quem
1891 1686 2062 1742 Filius
2089 1684 2263 1741 homi-

671 1792 752 1845 nis
780 1789 930 1843 dabit
955 1785 1125 1839 tobis.
1149 1781 1305 1837 lluuc
1324 1783 1468 1836 enim
1495 1780 1654 1834 Pater
1678 1778 2019 1849 censignavit
2041 1777 2202 1832 Deus.
2236 1795 2254 1826 ι

2376 860 2550 929 εἶπεν,
2576 863 2682 930 ὅτι,
2707 858 2778 916 Ὦ
2807 866 3187 936 γαστρίδουλοι
3214 868 3642 940 καὶλαίμαργοι,
3668 870 3808 924 ἀλλὰ
3831 872 3977 942 μετὰ

2373 955 2702 1025 πραότητος.
2747 958 3160 1028 Διοροώσασθαι
3208 962 3318 1032 γὰρ
3360 962 3707 1034 βουλόμενος,
3753 965 3974 1034 ὲλέγχε.

2371 1048 2604 1112 αὐτοὺς,
2639 1048 2754 1118 ἅμα
2799 1049 2854 1103 δὲ
2897 1051 2990 1103 καὶ
3033 1053 3120 1106 διὰ
3168 1055 3260 1106 τοῦ
3295 1055 3606 1124 ὲκκαλῦψαι
3639 1058 3707 1110 τὰ
3743 1059 3971 1128 κρυπτὰ

2371 1139 2469 1207 τῆς
2504 1139 2732 1211 καρδίας
2773 1137 2973 1203 άῦτῶνν
3019 1147 3101 1205 εἰς
3133 1144 3318 1198 πίστιν
3347 1148 3544 1209 αὐτοὺς
3583 1149 3786 1201 ἐθέλων
3830 1153 3975 1216 ἁγα-

2369 1233 2486 1298 γεῖν
2520 1234 2760 1298 μείζονα.
2799 1236 2920 1288 Ὅτι
2948 1236 3002 1289 δὲ
3031 1237 3321 1308 διόρθωσις
3352 1235 3422 1311 ἦν
3446 1242 3629 1294 αὐτῶν
3659 1245 3687 1295 ὀ
3720 1243 3973 1312 ἐλεγχος,

2367 1321 2525 1390 δῆλον
2561 1325 2623 1375 ἐκ
2661 1327 2770 1377 τῶν
2797 1327 3016 1397 ἐφεξῆς.
3060 1330 3423 1386 mammam
3462 1334 3571 1406 γὰρ
3609 1336 3977 1407 χρησιμωτά-

2369 1434 2469 1487 την
2497 1418 2632 1486 πρὸς
2663 1421 2859 1488 αὐτοὺς
2892 1425 3125 1476 ποιεῖται
3157 1426 3252 1476 καί
3290 1442 3453 1495 φησιν
3480 1444 3495 1459 ·

2443 1618 2461 1652 ι
2517 1602 2847 1672 Ἐργάζεσθε
2888 1606 2963 1676 μὴ
3018 1607 3117 1678 τὴν
3161 1608 3365 1679 βρῶσιν
3403 1615 3502 1683 τὴν
3534 1615 3929 1689 ἀπολλυμένην
3955 1658 3972 1682 ,

2367 1692 2502 1746 ἀλλὰ
2533 1693 2632 1764 τὴν
2671 1694 2873 1764 βρῶσιν
2928 1699 3028 1767 τὴν
3079 1702 3352 1767 μένουσαν
3401 1707 3481 1768 είς
3526 1704 3672 1776 ζωὴν
3722 1710 3971 1770 αἰώνιον.

2365 1786 2433 1855 ἢν
2481 1788 2507 1838 ὁ
2549 1788 2675 1849 Υἱὸς
2701 1788 2794 1841 τοῦ
2835 1789 3126 1860 ἀνθρώπου
3158 1792 3321 1845 δώσει
3351 1796 3479 1864 ὑμῖν
3507 1814 3522 1828 ο
3561 1798 3753 1853 τοῦτον
3795 1802 3912 1872 γὰρ
3944 1806 3973 1855 ὁ

674 1881 777 1937 Vos
821 1879 1078 1950 quidem,
1126 1877 1334 1944 inquit,
1387 1873 1629 1940 qumritis
1673 1885 1757 1924 me
1793 1848 2020 1940 propter
2049 1883 2249 1942 partes,

2370 1881 2555 1952 Πατὴρ
2595 1848 2993 1952 ὲσφράγισενιό
3019 1885 3176 1949 Θεός.
3224 1907 3241 1939 ι
3292 1849 3482 1959 Ὑμεῖς
3671 1848 3974 1965 ξήσιῗὲιᾶ

667 1973 794 2042 quia
839 1973 1017 2024 cibum
1074 1969 1224 2021 illum
1285 1959 1895 2032 desideratis.-Oportet
1935 1969 2114 2014 autem
2166 1973 2260 2013 vos

667 2082 772 2119 non
807 2064 1031 2119 omnino
1072 2061 1281 2114 deditos
1314 2072 1438 2112 esse
1466 2055 1665 2120 ventri,
1700 2055 1792 2108 sed
1826 2054 2066 2108 maxime
2094 2051 2253 2122 spiri-

667 2159 889 2212 tualium
926 2168 1086 2224 agere
1115 2168 1326 2214 curam,
1357 2162 1404 2206 et
1445 2164 1548 2203 non
1577 2163 1794 2203 omnem
1831 2145 2256 2201 sollicitudinem

665 2256 718 2305 ιιι
762 2249 1102 2320 corporalem
1134 2248 1315 2301 cibum
1353 2246 1644 2298 insumere.
1687 2241 1822 2294 Nam
1861 2240 2012 2294 illum
2047 2239 2259 2293 voravit

667 2363 684 2389 ι
727 2343 905 2393 cibum
938 2339 1027 2408 qui
1071 2337 1230 2405 perit.
1265 2354 1283 2387 ι
1320 2335 1456 2388 Nam
1485 2334 1608 2403 quia
1639 2332 1792 2385 multi
1827 2341 1951 2386 sunt
1977 2332 2258 2400 cupientes

663 2429 840 2499 ignavi
883 2428 1085 2490 virere,
1125 2435 1178 2478 et
1221 2424 1457 2479 maxime
1499 2421 1848 2488 lila-sseliani,
1881 2423 1972 2493 qui
2008 2421 2088 2476 usi
2130 2428 2258 2474 sunt

665 2527 763 2576 huc
809 2521 952 2574 dit-to
1005 2519 1069 2573 ad
1101 2517 1464 2590 patrocinium
1497 2532 1607 2574 sua:
1633 2517 1882 2587 ignaviae,
1923 2531 2103 2588 operae
2127 2529 2252 2586 pre—

665 2617 793 2668 tium
832 2612 998 2667 iuerit
1054 2614 1334 2667 declarare
1366 2612 1468 2665 huc
1509 2609 1710 2665 dictum
1752 2625 1765 2662 :
1815 2624 1926 2664 non
1955 2609 2100 2663 cnint
2148 2611 2255 2663 hoc

661 2711 796 2762 dixit
832 2707 1095 2761 Dominus
1129 2716 1312 2761 uoster
1336 2705 1493 2759 Jesns
1521 2703 1794 2769 Christus,
1829 2712 1886 2758 ut
1916 2702 2255 2773 corporalem

661 2802 878 2872 quidem
914 2801 1288 2871 operatiottettt
1317 2797 1385 2853 ab
1415 2797 1495 2852 eis
1534 2797 1666 2851 velit
1695 2809 1972 2861 amovere,
2011 2805 2066 2850 et
2108 2796 2254 2864 ipsos

659 2899 723 2951 ad
749 2896 917 2949 otium
937 2907 1129 2962 cogere
1158 2910 1169 2944 :
1201 2889 1617 2949 «Umnemenim
1637 2888 1895 2943 malitiam
1914 2888 2098 2942 docuit
2117 2887 2254 2942 otio-

659 2988 792 3042 sitas
816 2987 883 3050 δ’,
940 3001 956 3034 ι
980 2995 1032 3038 ct
1053 2984 1096 3038 si
1130 2989 1348 3053 Oportet
1366 2981 1643 3035 evidenter
1657 2979 1860 3045 dicere,
1883 2979 2056 3048 ipsum
2079 2969 2254 3033 Otiose

661 3078 796 3133 velle
847 3078 1056 3139 vivere,
1110 3075 1264 3130 cibus
1300 3083 1384 3129 est
1418 3075 1514 3144 ‘qui
1565 3073 1704 3142 perit
1739 3090 1752 3126 :
1795 3082 1850 3128 et
1883 3074 1954 3128 ita
2005 3088 2126 3130 eum
2157 3071 2250 3143 qui

2363 1976 2486 2038 τοὺς
2527 1976 2729 2044 ἄρτους
2773 1974 2989 2050 ζητεῖτέ
3021 1998 3112 2051 με,
3145 1981 3221 2045 ὡς
3250 1979 3592 2055 τῆν’τροφὴν
3618 1988 3829 2058 ταύτην
3873 2006 3983 2042 πο-

2364 2067 2583 2132 θοῦντες
2609 2085 2622 2102 ’
2653 2069 2735 2122 δεῖ
2780 2071 2835 2124 δὲ
2877 2072 3021 2142 ὑμᾶς
3059 2076 3134 2146 μὴ
3172 2077 3310 2140 ὅλως
3347 2078 3526 2131 νεύειν
3567 2082 3648 2143 εἰς
3692 2083 3968 2153 γαστέρα,

2361 2162 2499 2216 ἀλλὰ
2527 2163 2635 2216 τῶν
2666 2168 3058 2236 πνευματικῶν
3089 2169 3402 2240 φροντίζειν
3445 2173 3681 2242 μάλιστα
3703 2217 3718 2242 ,
3755 2180 3852 2230 καὶ
3891 2181 3969 2248 μὴ

2362 2257 2544 2309 πᾶσαν
2568 2257 2668 2326 τὴν
2698 2258 2972 2330 μέριμναν
3001 2263 3080 2324 εἰς
3112 2262 3214 2332 τὴν
3243 2266 3563 2335 σωματικὴν
3589 2267 3800 2339 τροφὴν
3828 2269 3969 2321 ἀνα-

2361 2348 2590 2402 λίσκειν.
2624 2349 2844 2420 Ταύτην
2885 2352 2994 2424 γὰρ
3037 2372 3056 2404 ι
3097 2354 3306 2426 βρῶσιν
3353 2357 3740 2429 ἀπολλυμένην
3772 2378 3790 2411 ι
3830 2359 4000 2415 ὲκά·’

2360 2439 2536 2494 λεσεν.
2602 2442 2757 2496 Ἐπεὶ
2799 2443 2856 2497 δὲ
2892 2446 3078 2499 πολλοὶ
3117 2449 3229 2501 τῶν
3275 2449 3542 2504 Θελὸντων
3594 2451 3782 2522 ἀργῶς
3824 2453 3966 2526 ζῇν,

2362 2534 2457 2614 κα)
2493 2533 2730 2604 μάλιστα
2761 2538 2808 2589 oi
2834 2538 3200 2608 Μασαλιανοὶ,
3229 2542 3307 2613 τῷ
3343 2544 3493 2614 ῥητῷ
3521 2544 3699 2615 τούτῳ
3729 2547 3968 2618 κέχρην-

2358 2648 2448 2683 ται
2486 2628 2623 2699 πρὸς
2659 2634 2995 2704 συνηγορίαν
3038 2635 3139 2704 τῆς
3171 2636 3352 2690 αὐτῶν
3387 2634 3610 2708 ἀργίας,
3657 2640 3967 2706 ἀναγκαῖον

2361 2723 2661 2793 σαφηνίσαι
2700 2722 2760 2774 τὸ
2799 2726 2983 2794 ῥητόν.
3031 2728 3106 2780 Οὐ
3151 2729 3258 2798 γὰρ
3307 2729 3468 2782 τοῦτο
3499 2726 3653 2783 εἶπεν
3689 2733 3718 2784 ὁ
3752 2734 3966 2803 Κύριος

2361 2816 2517 2885 ἡμῶν
2557 2815 2767 2888 Ἰησοῦς
2794 2819 3053 2886 Χριστὸς,
3079 2821 3153 2883 ὡς
3181 2823 3279 2892 τὴν
3314 2823 3412 2891 μὲν
3445 2825 3770 2897 σωματικὴν
3795 2829 3965 2897 ἐργαο

2360 2907 2482 2960 σίαν
2508 2909 2784 2979 ἀποκόψαι
2813 2909 3144 2981 βουλόμενος
3165 2954 3178 2978 ,
3223 2918 3304 2979 εἰς
3343 2919 3544 2987 ἀργίαν
3587 2919 3642 2973 δὲ
3674 2921 3960 2978 συνωθῶν.

2356 3001 2546 3054 Πᾶσαν
2579 3003 2688 3073 γὰρ
2741 3003 2943 3058 κακίαν
2980 3004 3221 3068 ἐδίδαξεν
3255 3009 3285 3078 ἡ
3331 3009 3538 3079 ἀργία,
3593 3015 3685 3065 καὶ
3717 3015 3766 3065 εἰ
3799 3014 3884 3068 δεῖ
3913 3016 3963 3069 τ’

2355 3091 2585 3162 ἅκριῦὲς
2637 3097 2846 3162 εἰπεῖν,
2881 3097 3039 3152 τοῦτό
3079 3101 3229 3152 ἐστιν
3263 3101 3294 3171 ὴ
3331 3102 3684 3176 ἀπολλυμένη
3719 3105 3962 3174 βρῶσις,

658 3172 937 3228 Christum
975 3170 1243 3239 sequitur,
1280 3178 1494 3238 oportet
1527 3166 1743 3239 operari
1779 3173 1840 3222 ut
1881 3168 2074 3222 habeat
2101 3166 2243 3236 quod

2356 3186 2415 3240 τὸ
2442 3188 2628 3260 ἀργῶς
2657 3189 2862 3244 ἐθέλειν
2891 3192 2991 3262 ζῇν
3014 3209 3026 3221 ’
3062 3194 3137 3256 ὡς
3166 3195 3256 3248 τόν
3283 3166 3359 3263 -γε
3391 3195 3469 3265 τῷ
3501 3166 3967 3270 Χριστιῖιειτὸμεζ

656 3277 711 3322 et
748 3266 872 3320 aliis
913 3262 1328 3320 communicet:
1375 3262 1478 3317 hoc
1513 3263 1656 3316 enim
1695 3260 1861 3314 habet
1900 3261 2248 3328 mercedem,

654 3369 708 3416 et
748 3359 1165 3429 promissionem
1205 3355 1369 3410 futuri
1410 3355 1582 3424 regni.
1632 3353 1698 3408 Et
1747 3353 2022 3412 quomodo
2061 3353 2244 3422 igitur,

659 3453 941 3522 inquiunt,
972 3451 1104 3504 dicit
1138 3450 1398 3503 Dominus
1437 3447 1579 3518 quod
1613 3462 1720 3502 non
1753 3454 2005 3517 oporteat
2033 3446 2248 3514 operari

654 3549 837 3602 cibum
888 3547 980 3617 qui
1021 3545 1206 3614 perit?
1248 3544 1577 3599 Continuum
1607 3544 1751 3598 circa
1799 3543 1954 3597 cibos
2010 3541 2246 3596 studium

655 3641 946 3709 reiiciens,
1001 3648 1056 3692 ct
1106 3640 1173 3693 ad
1226 3637 1529 3708 spiritualia
1574 3651 1672 3692 nos
1721 3651 1910 3706 parum
1959 3635 2244 3690 inducens.

652 3731 936 3795 Profecto,
969 3728 1161 3784 dicunt
1185 3770 1197 3793 ,
1247 3730 1389 3797 quod
1425 3745 1518 3798 per
1550 3729 1655 3782 hoc
1689 3727 1952 3783 Dominus
1987 3742 2238 3797 corpora-

655 3828 760 3879 lem
796 3822 1168 3893 operationem
1212 3822 1480 3885 ex'cludit,
1562 3821 1614 3874 id
1651 3835 1865 3889 quoque
1899 3820 2247 3873 manifestum

648 3933 718 3973 ex
747 3918 849 3972 hoc
879 3915 1022 3986 quod
1065 3915 1132 3969 ad
1161 3914 1426 3968 Martinam
1471 3914 1603 3968 dicit
1629 3913 1711 3966 u:
1768 3933 1784 3964 ι
1830 3896 2060 3975 Martha,
2101 3912 2250 3967 solli-

650 4013 757 4066 cita
811 4025 870 4064 es
905 4019 957 4065 et
1008 4007 1244 4065 turbaris
1273 4049 1286 4074 ,
1337 4023 1441 4063 uno
1472 4017 1660 4062 autem
1697 4022 1832 4076 opus
1876 4017 1959 4062 est
2012 4025 2025 4061 :
2077 4005 2246 4060 Maria

649 4104 848 4160 bonam
878 4113 1087 4174 partem
1127 4103 1323 4172 elegit;
1363 4121 1381 4154 ι
1414 4111 1468 4157 et
1503 4103 1699 4158 iterum
1723 4099 1804 4154 “:
1850 4120 1867 4152 ι
1922 4101 1999 4156 Ne
2028 4099 2244 4156 solliciti

651 4197 774 4253 sitis
806 4200 859 4252 in
890 4197 1212 4252 crastinum.
1253 4213 1271 4246 ι
1312 4194 1380 4249 Ει
1409 4196 1524 4250 lucc
1552 4197 1768 4264 quidem
1804 4193 2038 4249 alterunt
2069 4195 2121 4248 hi
2153 4195 2243 4263 qui

650 4305 746 4359 per
799 4289 1067 4358 ignaviam
1103 4287 1252 4357 pasci
1297 4289 1514 4342 vellent.
1564 4286 1674 4342 Nos
1715 4298 1897 4342 autent
1928 4289 2058 4350 quid
2110 4287 2244 4340 diti-

649 4382 815 4439 mus?
844 4384 1056 4438 Dictum
1098 4381 1266 4453 588
1295 4385 1361 4436 ad
1415 4382 1684 4438 Martinam
1725 4398 1831 4437 non
1875 4383 1941 4437 de
1970 4396 2134 4452 opere
2162 4388 2248 4434 est

646 4484 699 4528 et
740 4475 1062 4541 Operatione
1118 4476 1200 4528 vel
1250 4475 1391 4538 otio,
1430 4476 1523 4530 sed
1559 4476 1626 4529 de
1678 4475 1942 4544 temporis
1985 4475 2240 4528 observav

649 4567 833 4631 tione,
867 4577 922 4620 et
953 4582 1020 4621 ne
1050 4576 1263 4638 tempus
1292 4569 1542 4622 audiendi
1581 4569 1889 4623 insumatur
1923 4569 1972 4621 in
2004 4583 2237 4637 occupao

649 4663 824 4715 tiones
863 4663 1230 4730 parandorum
1265 4663 1532 4716 eibmum.
1567 4661 1864 4715 Persuadet
1893 4662 2058 4730 igitur
2090 4662 2138 4716 ei
2173 4677 2240 4717 ne

647 4754 837 4822 perdat
871 4765 1080 4824 tempus
1122 4755 1382 4808 doctrinae
1436 4752 1639 4808 frustra
1679 4766 1898 4824 propter
1931 4755 2238 4825 occupatio-

649 4862 769 4902 nem
815 4847 868 4901 in
905 4847 987 4901 bis
1043 4862 1162 4916 quae
1209 4848 1412 4902 ventris
1465 4854 1614 4902 sunt.
1672 4849 1824 4914 Quod
1868 4857 2047 4903 autem
2087 4849 2237 4912 dicit,

651 4961 667 4992 ι
705 4939 782 4993 l\'e
815 4939 1033 4995 solliciti
1070 4941 1191 4995 sitis
1235 4958 1248 4993 :
1293 4959 1312 4992 ι
1351 4952 1522 5010 neque
1552 4942 1654 4996 hoc
1694 4940 1840 4995 dicto
1869 4944 2237 5009 operationem

646 5035 856 5104 l'cjet‘il.
895 5035 1052 5090 Alittd
1097 5036 1243 5090 enirn
1284 5035 1592 5090 sollicitudo
1631 5043 1735 5099 est,
1772 5046 1824 5091 et
1857 5036 2002 5090 aliud
2041 5051 2234 5106 opera-

647 5133 737 5184 tio.
773 5129 917 5183 Fieri
951 5132 1095 5184 enim
1131 5140 1310 5199 potest
1345 5141 1400 5184 nt
1429 5132 1696 5186 sollicitus
1731 5148 1836 5187 non
1867 5132 1940 5186 sit
1973 5133 2064 5201 qui
2103 5146 2235 5201 ope-

646 5235 814 5278 retur.
862 5223 1031 5277 Docet
1079 5225 1242 5294 igitur
1285 5240 1381 5278 nos
1421 5223 1680 5280 Dominus
1715 5241 1782 5281 ne
1827 5226 2029 5284 addicti
2063 5227 2237 5281 simus

643 5313 794 5368 euris
824 5314 966 5376 vitae,
1019 5327 1195 5383 neque
1241 5313 1539 5368 habeamus
1572 5331 1761 5369 curam
1805 5321 2076 5385 quomodo
2115 5331 2238 5371 cras

647 5405 1047 5473 icfocillemur;
1081 5406 1194 5460 vult
1231 5418 1286 5463 ut
1326 5421 1652 5476 unoquoque
1683 5409 1770 5463 die
1801 5424 2112 5479 operemur,
2151 5411 2236 5464 di-

643 5515 776 5556 cens
826 5518 838 5554 :
879 5517 896 5550 ι
941 5498 1017 5554 Ne
1053 5500 1273 5556 solliciti
1324 5501 1445 5555 sitis
1478 5503 1543 5556 dc
1570 5502 1809 5558 crastino
1847 5521 1860 5556 :
1917 5521 1934 5555 ι
1981 5504 2134 5573 quasi
2185 5506 2234 5559 in

644 5599 791 5648 Lunc
842 5593 1059 5647 modum
1112 5595 1318 5650 diceret
1363 5593 1488 5650 :Ne
1518 5595 1732 5652 solliciti
1793 5598 1914 5653 sitis
1963 5602 2236 5668 quomodo

645 5688 803 5739 hodie
825 5687 1122 5754 Operando,
1149 5703 1271 5742 cras
1298 5688 1625 5756 (iUlUSCa‘llS;
1659 5691 1751 5744 Sed
1781 5695 2025 5761 quotidie
2052 5695 2233 5750 cibum

721 5881 760 5912 ³³
788 5878 956 5936 Eecli.
989 5898 1181 5952 xxxiii,
1234 5883 1325 5940 29.
1407 5885 1451 5918 ³³
1490 5883 1621 5941 Luc.
1663 5901 1716 5956 x,
1748 5887 1841 5959 Η,
1877 5888 1968 5944 42.

2357 3294 2470 3346 νον,
2503 3279 2588 3334 δεῖ
2612 3281 2970 3351 ἐργάζεσθαι,
3004 3282 3090 3338 ἵνα
3120 3285 3219 3360 ἔχῃ
3247 3290 3340 3340 καὶ
3365 3288 3548 3354 ἄλλοις
3578 3292 3925 3360 μεταδιδίίναι
3945 3310 3960 3324 ·

2355 3371 2518 3426 τοῦτο
2549 3375 2657 3446 γὰρ
2685 3375 2796 3445 ἔχει
2831 3377 3045 3446 μισθὸν,
3071 3379 3173 3450 τήν
3203 3380 3301 3450 τῆς
3336 3383 3640 3454 μελλούσης
3675 3386 3963 3456 βασιλείας

2354 3466 2712 3535 ἐπαγγελίαν.
2745 3468 2867 3533 Πῶς
2890 3465 3005 3535 οὖν,
3041 3472 3232 3541 φησὶν,
3260 3471 3414 3526 εἶπεν
3450 3477 3479 3528 ὁ
3511 3477 3741 3550 Κύριος,
3781 3484 3866 3536 ὅτι
3896 3484 3959 3536 οὐ

2351 3559 2432 3612 δεῖ
2482 3561 2815 3631 ἐργάζεσθαι
2862 3563 2963 3635 τὴν
3005 3563 3215 3634 βρῶσιν
3264 3571 3364 3637 τὴν
3405 3569 3836 3643 ἀπολλυμένην;
3884 3577 3961 3629 Τὸ

2355 3651 2609 3706 σύντονον
2641 3654 2740 3724 τῆς
2768 3655 2951 3708 αὐτῶν
2984 3657 3114 3726 περὶ
3145 3659 3213 3711 τὰ
3257 3658 3526 3730 βρώματα
3578 3667 3826 3736 σπουδῆς
3861 3672 3960 3721 ἐκ-

2353 3741 2588 3811 κόπτων,
2626 3749 2721 3799 καὶ
2759 3747 2895 3818 πρὸς
2929 3751 3000 3804 τὰ
3044 3754 3400 3821 πνευματικά
3441 3758 3682 3828 μετρίως
3729 3761 3962 3829 μεταειο

2353 3837 2554 3902 ϐάζων.
2597 3841 2726 3903 Ναὶ,
2765 3845 2952 3911 φησὶν,
2997 3844 3134 3898 ἀλλὰ
3175 3846 3304 3915 μὴν,
3350 3849 3431 3900 ὅτι
3476 3849 3576 3918 τὴν
3629 3857 3960 3927 σωματικὴν

2353 3933 2616 4001 ἐργασίαν
2651 3935 2910 3988 ἐκκόπτει
2936 3938 2964 3989 ὁ
2994 3938 3250 4009 Χριστὸς,
3284 3940 3444 4010 δῆλον
3473 3946 3536 3997 ἐκ
3559 3945 3652 3998 τοῦ
3686 3947 3827 4018 πρὸς
3856 3951 3960 4020 τὴν

2352 4023 2586 4096 Μάρθαν
2621 4029 2795 4080 εἰπεῖν
2823 4045 2834 4057 ο
2877 4048 2895 4080 ι
2940 4031 3166 4100 Μάρθα,
3218 4037 3491 4107 μεριμνᾷς
3523 4038 3616 4091 καὶ
3664 4041 3959 4114 τυρϐάζῃ,

2351 4121 2468 4183 ἑνὸς
2517 4120 2573 4174 δέ
2624 4123 2742 4175 ἐστι
2785 4125 2945 4193 χρεία
2975 4137 2988 4152 ’
3023 4126 3213 4195 Μαρία
3257 4129 3314 4182 δὲ
3346 4132 3447 4200 τὴν
3488 4134 3703 4207 ἀγαθὴν
3755 4140 3960 4208 μερίδα

2352 4212 2631 4279 ἐξελέξατο
2658 4232 2669 4244 ·
2714 4236 2732 4267 ι
2775 4220 2867 4271 καὶ
2901 4218 3062 4273 πάλιν
3085 4237 3098 4250 ·
3126 4240 3142 4272 ι
3169 4222 3261 4293 Μὴ
3280 4229 3660 4297 μεριμνήσητε
3697 4233 3831 4302 περὶ
3859 4233 3961 4303 τῆς

2350 4305 2556 4374 αὔριον.
2604 4327 2621 4359 ι
2661 4309 2847 4363 Ταῦτα
2889 4311 2989 4381 μὲν
3035 4311 3395 4385 διαποροῦσιν
3422 4319 3471 4370 οῖ
3509 4319 3817 4388 τρέφεσθαι
3855 4327 3958 4392 ἀρ-

2350 4399 2462 4465 γῶς
2490 4400 2760 4464 θέλοντες.
2805 4403 2998 4472 Ἡμεῖς
3030 4407 3086 4458 δὲ
3115 4407 3166 4458 τί
3197 4425 3415 4477 φαμεν;
3452 4411 3576 4464 Ὂτι
3601 4413 3662 4465 τὸ
3689 4415 3829 4484 πρὸς
3855 4417 3957 4488 τὴν

2351 4492 2584 4562 Μάρθαν
2624 4493 2835 4565 λεχ¹.ὲν,
2878 4498 2939 4550 οὐ
2975 4500 3103 4568 περὶ
3139 4491 3304 4570 ἔργου
3340 4503 3486 4568 ἐστὶ,
3535 4506 3628 4558 καὶ
3659 4508 3953 4577 ἐργασίας,

2345 4584 2440 4638 καὶ
2471 4586 2707 4656 ἀργίας,
2744 4588 2880 4642 ἀλλὰ
2919 4593 3052 4663 περὶ
3084 4594 3179 4646 τοῦ
3219 4597 3412 4675 agatpr
3443 4597 3684 4665 εἰδέναι,
3733 4602 3834 4655 καὶ
3880 4605 3956 4674 μὴ

2345 4677 2434 4730 τὸν
2469 4677 2570 4746 τῆς
2621 4680 2942 4751 ἀκροάσεως
2983 4682 3177 4752 χρόνον
3217 4683 3530 4738 ἀναλίσκειν
3562 4688 3642 4748 ei;
3684 4688 3788 4761 τὴν
3820 4691 3958 4762 περὶ

2341 4769 2408 4822 τὰ
2442 4767 2707 4839 βρώματα
2763 4772 3022 4841 σπουδήν.
3089 4773 3302 4826 Πείθων
3345 4769 3440 4829 οὖν
3487 4777 3690 4847 αὐτὴν,
3733 4782 3813 4850 μὴ
3861 4783 3956 4834 τὸν

2342 4867 2441 4935 τῆς
2487 4867 2841 4930 διδασκαλίας
2889 4869 3085 4939 καιρὸν
3127 4871 3439 4941 προδιδόναι
3495 4875 3679 4945 μάτην
3725 4878 3819 4931 διὰ
3853 4880 3956 4950 τὴν

2348 4962 2610 5029 περὶτῆς
2665 4961 2902 5031 γαστρὸς
2954 4962 3245 5032 ἀσχολίαν,
3296 4964 3474 5020 ταῦτά
3529 4987 3686 5039 φησι.
3732 4972 3808 5024 Τὸ
3853 4974 3949 5039 δὲ,

2354 5072 2370 5102 ι
2421 5052 2512 5122 Μὴ
2544 5055 2977 5126 μεριμνήσητε,
3022 5075 3038 5106 ι
3077 5055 3269 5122 εἰπὼν,
3305 5059 3427 5113 οὐδὲ
3465 5059 3641 5127 οὕτως
3692 5066 3952 5122 ἐκϐάλλει

2346 5146 2444 5217 τὴν
2485 5149 2772 5217 ὲργασιιν.
2821 5149 2986 5202 Ἀλλο
3029 5150 3139 5222 γὰρ
3177 5153 3441 5223 μέριμνα,
3492 5159 3586 5211 καὶ
3615 5160 3746 5215 ἄλλο
3785 5165 3953 5233 ἔργα-

2348 5238 2456 5294 σία.
2481 5241 2637 5293 Ἐστι
2657 5243 2766 5312 γάρ
2787 5259 2914 5296 τινα
2932 5245 3027 5297 καὶ
3045 5245 3437 5319 ἐργαζόμενον,
3457 5253 3626 5322 μηδὲν
3646 5261 3950 5331 μεριμνᾷν,

2347 5333 2624 5388 Δδάσκων
2649 5333 2742 5390 οὖν
2768 5339 2913 5408 ἡμᾶς
2953 5339 2979 5391 ὁ
3018 5340 3246 5412 Κύριος,
3293 5345 3368 5415 μὴ
3407 5347 3803 5420 προσηλῶσθαι
3838 5356 3952 5418 τοέ

2345 5427 2655 5494 βιωτικοῖς,
2693 5431 2827 5500 μηδὲ
2858 5435 3132 5488 ποιεῖσθαι
3168 5440 3426 5507 φροντίδα
3459 5445 3561 5512 τῆς
3593 5444 3789 5514 αὔριον
3821 5449 3952 5501 ἀντι-

2345 5523 2634 5588 πειύσεως,
2673 5525 2810 5580 ἀλλὰ
2851 5527 3054 5596 μᾶλλον
3099 5530 3224 5584 καθ’
3277 5535 3523 5606 ἑκάστην
3573 5535 3749 5592 θέλων
3801 5543 3951 5612 ἡμᾶς

2340 5619 2715 5689 ἐργάξεσθαι,
2770 5623 2941 5692 φησί’
3003 5644 3020 5676 ι
3086 5626 3180 5697 Μὴ
3239 5632 3622 5702 μεριμνήσητε
3667 5635 3800 5704 περὶ
3847 5636 3951 5706 τῆς

2340 5708 2530 5781 αὔριον
2554 5729 2566 5741 ·
2619 5731 2634 5763 ι
2683 5712 2871 5785 ὥσπερ
2905 5714 2969 5768 ἂν
3018 5717 3066 5770 εὶ
3099 5716 3276 5782 οὕτως
3309 5719 3467 5790 ἔλεγε
3492 5736 3505 5752 °
3547 5721 3641 5794 Μὴ
3678 5730 3949 5799 μεριμνή-

2050 5891 2093 5924 ’δ
2138 5891 2329 5949 Matth.
2381 5911 2454 5962 τι,
2498 5896 2583 5953 54.
