4218 6424
251 398 386 462 123⁵1

936 388 1391 457 ENARRATIO
1430 387 1513 448 IN
1555 385 2071 448 EVANGELIUM
2105 384 2456 447 JOANNlS.
2488 409 2558 421 -
2595 385 2754 445 CAP.
2789 382 2891 446 Vl.

3401 375 3578 440 '1298

249 529 396 584 σητε,
435 510 556 575 πῶς
605 511 853 578 σήμερον
903 504 1303 587 ἐργασάμενοι,
1356 497 1552 569 αὔριον
1602 495 1887 554 ἀναπαύση

1991 497 2290 567 ιιιοιὶιίίαιιιι
2321 497 2645 566 operatione
2674 503 2954 566 parantes,
2998 507 3067 548 ne
3117 491 3337 548 solliciti
3364 491 3486 546 silis
3514 493 3582 544 de

250 605 441 659 σεσθε⁶
497 604 612 658 ἀλλ’
668 604 913 674 ἑκάστης
952 601 1168 671 ἡμέρας
1223 594 1433 666 τροφὴν
1476 595 1540 646 ὲκ
1587 593 1686 662 τῆς
1730 589 1851 643 καθ’

249 701 464 770 ἡμέραν
491 697 759 768 ἐργασίας
803 697 1020 768 ἔχοντες
1048 734 1063 755 ,
1113 693 1190 764 μὴ
1225 691 1536 763 μεριμνᾶτε
1582 686 1714 756 περὶ
1753 685 1856 751 τῆς

251 792 457 864 αὔριον.
513 792 731 863 Βρῶσιν
770 791 826 844 δὲ
883 790 1194 862 μένουσαν,
1228 785 1331 856 τὴν
1382 782 1656 854 μυστικὴν
1704 779 1856 846 λέγει

255 885 558 958 μετάληψιν
577 888 675 955 τῆς
706 885 908 955 σαρκὸς
933 882 1027 937 τοῦ
1059 879 1289 952 Κυρίου,
1319 881 1385 951 ἢν
1426 877 1591 940 αὐτὸς
1622 878 1758 946 ἡμῖν
1781 874 1855 926 δίο

253 980 432 1045 δωσιν,
458 979 584 1042 Υἱὸς
612 977 907 1048 ἀνθρώπου
940 974 1258 1045 γενόμενος,
1292 971 1351 1025 ὃν
1375 973 1404 1025 6
1432 970 1625 1040 Πατὴρ
1653 966 1860 1037 ἐσφρά-

254 1089 394 1140 γισε,
446 1073 750 1137 τουτέστιν,
803 1069 1116 1134 ἀπέδειξεν,
1170 1065 1525 1129 ἐϐεϐαίωσεν,
1591 1064 1673 1116 ὅτι
1709 1060 1859 1114 ἔστιν

259 1168 382 1231 Υἱὸς
428 1168 621 1221 αὑτοῦ.
687 1164 966 1230 Ἀπέδειξε
1009 1162 1110 1233 μὲν
1147 1163 1258 1233 γὰρ
1305 1160 1400 1214 καὶ
1452 1158 1618 1220 αὐτὸς
1664 1153 1862 1210 ἑαυτὸν

254 1263 280 1314 ὁ
300 1260 535 1331 Χριστὸς
562 1259 651 1313 διὰ
674 1259 784 1312 τῶν
811 1258 1112 1328 θαυμάτων
1136 1273 1148 1287 ⁸
1178 1256 1301 1309 ἐπεὶ
1324 1255 1381 1308 δὲ
1404 1252 1541 1323 πρὸς
1575 1249 1864 1313 Ἰουδαίους

253 1355 594 1423 διαλέγεται,
638 1355 725 1409 ἵνα
785 1356 859 1426 μὴ
911 1351 1294 1424 ταραχθῶσιν,
1352 1348 1445 1401 ἐπὶ
1496 1345 1590 1400 16v
1640 1343 1864 1416 Πατέρα

255 1447 567 1518 ἀνατρέχει,
599 1447 874 1516 καίῳησι,
910 1447 1043 1516 παρ’
1081 1443 1247 1522 αὑτοῦ
1280 1441 1677 1512 ὲσφραγίσθαι,
1708 1454 1868 1492 τουτο

255 1542 435 1604 ἐστιν,
497 1541 916 1610 ἀποδεδεῖχθαι,
998 1537 1486 1609 μεμαρτυρῆσθαι.
1557 1531 1714 1587 Ἐπεὶ
1772 1529 1868 1583 καὶ

256 1633 420 1687 εἰκών
456 1634 572 1686 ἐστι
603 1633 696 1687 τοῦ
731 1632 944 1702 Πατρδς
977 1634 1005 1684 6
1035 1631 1186 1696 Υἱὸς,
1225 1629 1320 1683 καὶ
1355 1626 1711 1696 σφράγισμα,
1771 1621 1939 1700 καὶκλ

256 1726 590 1798 χαρακτὴρ,
644 1726 755 1778 νόει
807 1728 937 1794 παρ’
986 1725 1153 1779 αὑτοῦ
1195 1719 1606 1793 σφραγισοῆναι
1639 1715 1867 1776 τοῦτον,

257 1819 377 1872 καθ’
415 1819 442 1872 6
492 1818 658 1872 εἰκὼν
697 1818 794 1872 καὶ
842 1817 1176 1888 σφράγισμά
1212 1817 1366 1869 ἐστιν
1394 1832 1406 1846 ·
1446 1813 1590 1867 ὥστε
1631 1807 1770 1863 εἶναι
1809 1807 1870 1859 τὸ

1965 592 2232 648 crastino.
2279 590 2478 647 Cibum
2520 599 2704 645 autem
2747 597 3083 652 manentem,
3120 587 3413 657 mysticam
3456 584 3586 639 dicit

1963 685 2335 757 sumptiouem
2379 685 2562 740 carnis
2613 682 2869 747 Domini,
2921 697 3086 752 quam
3121 682 3280 736 nobis
3326 681 3444 749 ipse
3496 679 3586 732 dat

1965 778 2135 832 Filius
2171 778 2409 832 hominis
2447 777 2644 842 factus,
2679 793 2843 848 quem
2884 777 3045 830 Pater
3091 776 3439 842 obsignavit,
3482 771 3585 825 hoc

1964 882 2045 927 est
2078 873 2316 926 ostendit
2346 881 2399 926 ct
2429 872 2778 927 conlirmavit
2804 872 2952 942 quod
2997 870 3070 925 sil.
3118 869 3287 924 Filius
3323 882 3495 927 suus;
3533 874 3586 918 ct

1968 969 2082 1037 ipse
2112 967 2335 1036 quidem
2373 961 2627 1021 Christus
2673 965 2908 1021 ostendit
2944 979 3002 1019 sc
3031 979 3128 1034 per
3155 961 3458 1024 miracula;
3493 960 3588 1012 sed

1966 1061 2093 1131 quia
2127 1077 2250 1116 cum
2284 1059 2490 1116 Judazis
2519 1061 2785 1131 loquitur,
2832 1071 2888 1114 Ill
2923 1076 2992 1114 ne
3020 1061 3333 1120 turbentur,
3377 1058 3441 1108 ad
3490 1054 3591 1107 Pa-

1968 1163 2108 1208 trem
2152 1154 2412 1218 recurrit,
2471 1162 2525 1210 et
2565 1155 2698 1210 dicit
2750 1154 2819 1209 ab
2871 1154 2965 1208 illo
3013 1169 3073 1209 se
3121 1154 3398 1223 signatum
3444 1163 3587 1208 esse.

1969 1245 2072 1300 hoc
2112 1258 2218 1311 est,
2279 1255 2653 1303 monstratum
2697 1257 2752 1301 et
2809 1245 3143 1301 testimoniis
3199 1242 3593 1298 conﬁrmatum

1971 1352 2134 1406 esse;
2164 1341 2291 1409 quia
2324 1351 2379 1396 et
2412 1341 2592 1410 imago
2610 1350 2692 1396 est
2720 1340 2902 1395 Patris
2932 1340 3126 1405 Filius,
3163 1349 3215 1393 et
3249 1334 3593 1407 signaculum

1972 1438 2026 1485 et
2056 1430 2367 1499 character,
2404 1431 2651 1501 intellige
2687 1432 2756 1486 ab
2787 1431 2880 1487 illo
2914 1431 3060 1486 httnc
3103 1431 3402 1499 signatum,
3457 1440 3596 1494 qua-

1976 1531 2134 1578 tenus
2160 1524 2340 1594 imago
2373 1533 2430 1582 et
2480 1524 2720 1595 sigillum
2775 1534 2896 1592 est;
2933 1535 2987 1578 et
3024 1525 3093 1577 ita
3137 1539 3196 1578 se
3245 1522 3411 1576 habet
3451 1520 3596 1589 quod

1976 1618 2130 1684 dicit,
2165 1617 2325 1672 Hune
2367 1618 2512 1674 enim
2548 1619 2639 1688 qui
2678 1619 2972 1673 videbatur
3021 1617 3193 1670 Filius
3232 1614 3496 1676 hominis,
3533 1611 3601 1666 si-

1976 1711 2163 1781 gnavit
2213 1710 2395 1778 Pater,
2462 1714 2564 1767 hoc
2606 1720 2689 1767 est
2741 1712 3092 1782 signaculum
3124 1725 3282 1763 suum
3318 1719 3372 1761 et
3409 1706 3600 1774 imagi-

1979 1821 2102 1860 nem
2154 1806 2378 1874 genuit,
2433 1821 2556 1876 ane
2608 1806 2832 1862 haberet
2880 1807 2931 1860 in
2976 1821 3034 1861 se
3082 1820 3249 1860 omne
3303 1802 3451 1873 quod
3485 1801 3598 1870 ipse

257 1914 550 1986 λεγόμενον
616 1913 904 1967 τοιοῦτον*
938 1910 1146 1964 Τοῦτον
1214 1911 1326 1980 γὰρ
1379 1907 1472 1960 τὸν
1541 1903 1870 1975 φαινόμενον

1997 1899 2236 1964 tabeltat,
2269 1908 2323 1953 et
2354 1901 2659 1954 naturalem
2694 1916 2819 1954 eum
2853 1901 2970 1971 ipS')
3007 1899 3376 1954 ideutitatcm.

261 2011 387 2064 Υίὶν
442 2010 768 2081 ἀνθρώπου,
830 2009 1171 2081 ἐσφράγισεν
1228 2009 1256 2061 6
1304 2005 1535 2076 Πατὴρ,
1578 2001 1868 2060 τουτέστι,
1914 1997 2192 2067 σφραγῖδα
2224 1997 2425 2069 ,λαύτοῦ
2458 2000 2551 2052 καὶ
2586 1999 2777 2053 sum:
2821 1999 3108 2070 ἐγέννησε,
3181 1995 3607 2069 ἀπαραλλαξίαν

263 2107 444 2161 πᾶσαν
480 2107 574 2159 καὶ
619 2105 928 2175 ταυτότητα
980 2104 1224 2172 φυσικὴν
1260 2103 1399 2173 πρὸς
1440 2101 1608 2155 αύτδν
1655 2091 2084 2156 ἀποτὼζουσαν.

338 2216 357 2251 ι
405 2194 573 2252 Εἶπον
610 2194 706 2252 οὖν
752 2198 890 2269 πρὸς
923 2197 1125 2250 αὐτόν·
1158 2197 1227 2250 Τί
1265 2195 1542 2264 ποιῶμεν,
1574 2192 1663 2246 ἵνα
1705 2191 1872 2260 ἔργα·

261 2288 491 2360 ζώμεθα
522 2289 593 2344 τὰ
643 2289 783 2362 ἔργα
829 2289 926 2343 τοῦ
969 2288 1146 2354 Θεοῦς
1202 2285 1510 2355 Ἀπεκρίθη
1557 2286 1584 2338 6
1637 2279 1872 2353 Ἰησοῦς.

262 2388 358 2439 καὶ
387 2381 543 2438 εἶπεν
577 2385 764 2448 αὐτοῖς
784 2401 799 2417 ο
832 2383 1006 2438 Τοῦτό
1039 2385 1157 2436 ἐστι
1187 2383 1248 2436 16
1277 2381 1440 2454 ἔργον
1469 2379 1566 2433 τοῦ
1592 2377 1755 2442 Θεοῦ,
1789 2376 1876 2430 ἵνα

265 2477 603 2550 πιστεύσητε
659 2479 742 2542 εἰς
796 2478 856 2532 6v
905 2478 1233 2532 ἀπέστειλεν
1289 2477 1522 2539 ἐκεῖνος.
1569 2467 1742 2529 Εἶπον
1781 2470 1878 2524 οὖν

265 2571 419 2640 αύτῷ
445 2589 457 2600 ·
496 2570 560 2623 Τί
593 2565 688 2623 οὗν
730 2571 908 2632 ποιεῖς
962 2569 1028 2633 σὺ
1073 2567 1336 2639 σημεῖον,
1388 2566 1476 2619 ἵνα
1509 2563 1714 2632 ἴδωμεν
1736 2601 1751 2627 ,
1785 2557 1880 2612 καὶ

267 2662 658 2732 πιστεύσωμέν
709 2679 794 2717 σοι
821 2679 836 2726 ;
868 2661 934 2714 Τί
977 2658 1229 2734 ὲργάξῃ;
1269 2679 1287 2711 ι
1332 2657 1600 2729 Ζητοῦσιν
1645 2657 1695 2709 οί
1743 2654 1879 2708 ’ῐουο

263 2755 407 2809 δαῖοι
443 2755 639 2825 μαθεῖν
671 2754 733 2807 16
770 2753 932 2824 ἔργον
965 2751 1060 2807 τοῦ
1091 2751 1392 2821 Θεοῦ,-ούχ
1427 2750 1518 2804 ἵνα
1546 2745 1707 2802 τοῦτο
1739 2746 1885 2818 πρα-

271 2848 457 2913 ξωσιν,
493 2848 610 2902 ἀλλ’
650 2848 739 2902 ἵνα
781 2847 1089 2917 δρὰξωνται
1122 2845 1402 2916 ἀφορμάς.
1447 2839 1620 2906 Εἰδὼς
1650 2837 1745 2896 οὖν
1783 2842 1884 2895 αύ-

267 2943 396 3005 τοϋς
430 2941 600 3011 μηδὲν
623 2939 1188 3012 ὠφεληθησομένους,
1217 2939 1370 3008 ὅμως
1401 2936 1492 2991 διὰ
1522 2936 1583 2990 16
1611 2952 1882 3004 κοινωφε-

268 3037 359 3099 is;
391 3039 491 3108 τῆς
522 3036 878 3099 διδασκαλίας
925 3037 1314 3107 ἀποκρίνεται,
1355 3034 1448 3088 καὶ
1491 3025 1884 3086 ὐ’ποδείκνυσιν

270 3131 476 3196 αὐτοῖς,
517 3131 722 3203 μᾶλλον
761 3132 820 3186 δὲ
863 3133 1033 3186 πᾶσιν
1062 3129 1403 3202 ἀνθρώποις,
1451 3129 1536 3182 ὅτι
1573 3127 1736 3182 τοῦτό
1767 3129 1886 3181 ὲστι

269 3225 332 3279 16
356 3225 517 3296 ἔργον
545 3224 641 3280 τοῦ
669 3224 831 3290 Θεοῦ,
872 3226 934 3279 16
977 3224 1262 3279 πιστεύειν
1296 3226 1377 3288 είς
1408 3223 1468 3277 ὃν
1505 3225 1713 3285 ἐκεῖνος
1746 3222 1884 3276 ἁπέ-

273 3318 507 3376 στειλεν.
546 3318 611 3374 Ἥ
645 3319 754 3391 γὰρ
780 3321 860 3383 είς
893 3319 1060 3373 αὐτὸν
1093 3321 1300 3384 πίστις,
1332 3318 1498 3390 ἔργον
1529 3316 1706 3386 ὅντως
1739 3317 1889 3389 ίερόν

270 3430 332 3467 τε
368 3413 465 3466 καὶ
513 3412 744 3479 τέλειον,
800 3411 898 3466 καὶ
942 3412 1176 3479 ἁγιάζον
1223 3412 1353 3475 τοὺς
1395 3409 1606 3480 ταύτην
1637 3409 1883 3480 ἔχοντας.

283 3489 512 3577 ὀδηγδς
557 3506 669 3577 γὰρ
710 3506 929 3575 γίνεται
965 3506 1001 3577 ἡ
1036 3505 1274 3576 ἀκριϐὴς
1311 3505 1497 3565 πίστις
1529 3505 1669 3574 πρδς
1701 3503 1886 3556 πᾶσαν
1913 3483 1958 3543 c

272 3600 494 3672 ἀγαθὴν
545 3599 838 3672 ἐργασίαν,
879 3599 976 3654 καὶ
1030 3601 1064 3669 ὴ
1116 3598 1300 3670 ἀγαθὴ
1342 3597 1585 3669 ἐργασία
1633 3597 1892 3667 συντηρεῖ

271 3695 380 3765 τὴν
406 3695 612 3750 πίστιν.
652 3715 671 3746 ι
712 3695 795 3750 Τά
816 3711 878 3748 τε
915 3693 1025 3763 γὰρ
1066 3691 1208 3763 ἔργα
1239 3694 1375 3764 ἄτερ
1414 3692 1656 3756 πίστεως
1690 3691 1889 3761 νεκρὰ,

272 3790 371 3845 καὶ
413 3791 446 3861 ἡ
487 3790 674 3852 πίστις
706 3789 879 3860 χωρὶς
907 3787 1109 3860 ἔργων.
1152 3806 1171 3840 ι
1207 3789 1353 3860 Ὅρα
1404 3787 1460 3841 δὲ
1487 3783 1893 3857 ἀγνωμοσύνην

275 3884 373 3940 καὶ
401 3883 768 3956 ἀναισθησίαν
790 3901 804 3914 ·
840 3884 1073 3953 σημεῖον
1101 3881 1266 3936 πάλιν
1290 3880 1553 3952 ζητοῦσιν
1573 3881 1624 3934 οί
1651 3879 1896 3934 τοσαῦτα

275 3979 375 4035 καὶ
431 3976 748 4050 τηλικαῦτα
807 3976 1033 4042 ἰδόντες,
1066 3976 1165 4030 καὶ
1214 3975 1276 4030 16
1304 3975 1418 4030 τῶν
1450 3973 1638 4047 ἄρτων
1691 3973 1896 4045 μᾶλλον

275 4076 373 4146 ἀφ’
404 4068 483 4131 ὧν
530 4074 936 4146 ἐκορέσθησαν.
981 4074 1073 4137 Ὧς
1103 4073 1519 4145 γαστρίμαργοι
1547 4069 1675 4141 οὖν,
1732 4073 1896 4128 πάλιν

275 4171 523 4227 τοιοῦτον
551 4169 771 4226 αῑτοῦσι
813 4171 1069 4241 σημεῖον,
1111 4172 1193 4233 εἰς
1243 4171 1494 4242 γαστέρα
1533 4170 1721 4233 αὐτοῖς
1756 4187 1900 4237 συμ-

279 4266 637 4338 ϐαλλόμενον.
689 4265 818 4321 Ὀτι
865 4265 923 4320 δὲ
977 4265 1140 4319 τοῦτο
1190 4265 1431 4336 ἀληθὲς,
1461 4264 1628 4335 δῆλον
1670 4266 1737 4317 ὲκ
1788 4263 1901 4316 τῶν

280 4362 432 4435 ιξῆς.

358 4474 380 4510 ι
414 4457 480 4511 Oi
515 4454 758 4529 πατέρες
785 4455 948 4528 ἡμῶν
969 4454 1029 4508 16
1062 4455 1241 4525 μάννα
1263 4453 1470 4524 ἔφαγον
1492 4451 1552 4508 ἔν
1578 4457 1645 4526 τῇ
1677 4455 1897 4526 ἐρήμῳ,

282 4549 471 4615 καθώς
506 4551 626 4605 ἐστι
671 4550 1102 4622 γεγραμμένον·
1173 4550 1378 4620 Ἄρτον
1435 4550 1499 4602 ὲκ
1532 4547 1631 4602 τοῦ
1661 4548 1901 4621 οὐρανοῦ

280 4641 492 4698 ιδωκεν
529 4630 718 4706 α’ὐτοῐς
750 4642 970 4713 φαγεῖν.
1014 4635 1186 4694 Εἶπεν
1219 4639 1314 4694 οὖν
1361 4640 1549 4703 αὑτοῖ;
1587 4642 1616 4693 6
1667 4641 1902 4710 Ἰησοῦς

299 4737 498 4811 Ἀμὴν,
534 4736 686 4809 ἀμὴν
707 4735 857 4805 λέγω
875 4736 1030 4808 ὑμῖν,
1061 4735 1123 4789 οὗ
1155 4734 1365 4805 Μωσῆς
1389 4735 1628 4790 δέδωκεν
1655 4737 1787 4807 ὑμῖν
1814 4737 1906 4790 τὸν

2059 2187 2221 2243 Vens.
2260 2186 2458 2243 28-50.
2507 2208 2525 2238 ι
2573 2187 2836 2241 Dixerunt
2872 2201 3008 2254 ergo
3037 2187 3104 2241 ad
3136 2201 3258 2238 eum
3302 2202 3314 2239 ε
3350 2184 3491 2250 Quid
3529 2183 3611 2236 [a-

1980 2282 2193 2336 ciemus
2228 2291 2285 2336 ut
2317 2295 2613 2351 operemur
2643 2295 2808 2353 opera
2842 2281 2980 2335 Dei?
3025 2279 3336 2350 Respondit
3366 2277 3528 2333 Jcsus
3558 2284 3614 2331 et

1981 2377 2121 2432 dixit
2167 2378 2250 2432 eis
2301 2396 2313 2432 :
2352 2377 2469 2433 Hoc
2521 2389 2604 2432 est
2649 2392 2787 2448 opus
2841 2375 2960 2444 Dei,
3004 2385 3062 2431 ut
3104 2374 3347 2431 credatis
3385 2374 3438 2428 in
3485 2388 3608 2428 cum

1982 2485 2146 2539 quem
2199 2469 2346 2524 misit
2386 2469 2493 2525 ille.
2535 2470 2806 2524 Dixerunt
2859 2484 2993 2539 ergo
3033 2469 3123 2524 ei:
3159 2466 3314 2535 Quod
3374 2480 3506 2534 ergo
3553 2472 3607 2518 ttt

1984 2560 2121 2617 facis
2158 2562 2374 2631 signum
2424 2571 2486 2616 ut
2522 2563 2806 2616 videamus
2859 2569 2913 2615 et
2961 2561 3256 2615 credamus
3309 2556 3448 2612 tibi?
3481 2555 3614 2626 qttid

1984 2645 2272 2725 Operaris?
2317 2678 2334 2710 ι
2372 2657 2635 2724 Quaerunt
2669 2655 2843 2712 Judari
2888 2657 3105 2711 discere
3145 2669 3284 2724 Opus
3332 2652 3463 2718 Dei,
3506 2667 3614 2706 non

1989 2751 2182 2804 uthac
2231 2747 2462 2816 faciant,
2512 2751 2606 2805 sed
2657 2760 2717 2804 ut
2763 2751 3114 2806 occasionem
3169 2747 3613 2818 apprehendaut.

1992 2844 2256 2900 Deminus
2289 2853 2470 2900 autem
2507 2846 2764 2917 quamvis
2800 2847 2972 2902 sciret
3020 2859 3117 2899 eos
3155 2843 3362 2898 nullam
3406 2841 3617 2896 utilita-

1993 2947 2099 2993 tem
2156 2949 2537 3010 percepturos,
2594 2940 2881 3009 respondit
2936 2949 3118 2994 tamen
3166 2953 3266 3009 per
3298 2933 3615 2990 doctrinam

1991 3032 2178 3089 utilem
2213 3034 2500 3098 omnibus,
2537 3042 2592 3088 et
2635 3033 2879 3089 ostendit
2907 3033 3024 3097 eis,
3061 3032 3173 3085 imo
3209 3028 3468 3083 omnibus
3507 3025 3609 3080 hoo-

1993 3128 2265 3194 minibus,
2327 3130 2475 3200 quod
2533 3131 2636 3184 hoc
2694 3129 2767 3185 sit
2794 3143 2932 3199 opus
2972 3127 3069 3183 Dei
3117 3127 3345 3182 credere
3384 3125 3438 3180 in
3479 3141 3607 3183 eum

1994 3239 2157 3293 quem
2209 3223 2300 3280 ille
2330 3225 2502 3279 misit.
2550 3221 2689 3277 Nam
2733 3222 2870 3277 fides
2905 3237 3035 3293 erga
3087 3221 3278 3286 illum,
3315 3235 3456 3290 opus
3495 3237 3624 3291 pro-

1996 3320 2142 3374 fecto
2177 3327 2263 3374 rst
2294 3328 2552 3374 sanctum
2585 3329 2638 3372 et
2683 3317 3016 3388 perfectum,
3047 3327 3101 3373 et
3139 3318 3498 3372 sanctilieans
3528 3330 3624 3371 eos

1995 3413 2089 3484 qui
2130 3412 2278 3466 illam
2330 3413 2554 3467 habent.
2619 3412 2737 3466 Dux
2779 3411 2926 3466 enim
2984 3411 3042 3464 ﬁt
3095 3411 3330 3481 diligens
3390 3410 3528 3466 lldes
3558 3410 3625 3466 ad

1995 3523 2216 3564 amnem
2255 3507 2455 3563 bonam
2489 3506 2896 3580 Operationem,
2934 3515 2988 3564 et
3016 3506 3161 3562 bona
3194 3504 3448 3575 operatio
3495 3517 3629 3560 con-

1999 3611 2191 3658 servat
2248 3599 2435 3659 tldém.
2508 3621 2527 3655 ι
2593 3601 2733 3657 Nam
2783 3611 2839 3660 ct
2883 3616 3052 3673 opera
3100 3602 3222 3657 sine
3266 3599 3373 3656 ﬁde
3409 3608 3627 3655 mortua

1999 3707 2166 3763 sunt,
2201 3705 2260 3753 et
2288 3697 2423 3752 ﬁdes
2451 3697 2574 3752 sine
2604 3696 2866 3763 operibus
2889 3695 2957 3753 “.
3001 3715 3020 3749 ι
3062 3694 3199 3751 Vide
3228 3704 3415 3749 autem
3453 3694 3632 3764 ingra-

2001 3791 2290 3847 titudinem
2329 3788 2746 3860 insensatorum
2782 3809 2794 3844 :
2849 3791 3066 3861 signum
3100 3791 3302 3846 iterum
3341 3799 3630 3860 qumrunt,

1999 3887 2256 3958 quamvis
2290 3883 2440 3940 tanta
2491 3896 2547 3941 et
2583 3885 2711 3940 talia
2746 3885 3010 3953 viderint,
3057 3894 3116 3941 et
3146 3885 3389 3940 maxime
3427 3899 3631 3954 panum

2002 3980 2204 4050 quibus
2246 3980 2478 4034 saturati
2519 3979 2760 4035 fuerant.
2796 3977 2942 4058 Vere
2968 3977 3319 4050 gastrimargi
3345 4020 3359 4043 ,
3393 3979 3487 4048 qui
3533 3979 3636 4032 itc-

2004 4092 2126 4130 rttut
2159 4075 2378 4147 signum
2427 4076 2538 4132 tale
2568 4084 2849 4146 quatruut,
2896 4076 3042 4144 quod
3080 4073 3257 4130 ventri
3291 4073 3582 4144 prodesset
3617 4091 3632 4128 :

2004 4178 2060 4225 et
2094 4169 2239 4241 quod
2276 4170 2381 4226 hoc
2425 4170 2498 4226 sit
2551 4185 2740 4226 verum
2777 4210 2792 4236 ,
2837 4167 3008 4241 589
3045 4165 3405 4224 manifestum
3439 4173 3525 4223 cst
3571 4181 3638 4222 ex

2005 4263 2390 4335 sequentibus.

2086 4453 2248 4508 Vens:
2271 4451 2463 4507 51-36.
2497 4468 2515 4503 ι
2556 4451 2750 4508 Patres
2780 4453 2953 4508 nostri
2982 4456 3461 4510 manducaveruut
3487 4470 3641 4508 man-

2010 4567 2077 4607 na
2127 4552 2179 4605 in
2218 4551 2460 4616 deserto,
2522 4551 2664 4605 sicut
2709 4548 2976 4621 scriptum
3017 4558 3143 4606 est:
3175 4550 3378 4605 Panem
3410 4554 3476 4605 de
3504 4551 3643 4604 coelo

2011 4645 2162 4701 dedit
2220 4644 2302 4701 eis
2351 4645 2421 4700 ad
2472 4645 2772 4700 edendum.
2826 4643 2973 4699 Dix‘it
3034 4645 3117 4701 eis
3165 4645 3327 4702 Jcsus

2014 4756 2169 4796 amen
2228 4740 2352 4796 dico
2403 4740 2560 4795 vobis
2610 4751 2623 4798 :

3380 4666 3393 4701 :
3444 4647 3643 4710 Amen,

2679 4754 2784 4795 non
2843 4739 3033 4796 Μοεὲε
3088 4741 3236 4796 dedit
3282 4741 3439 4797 vobis
3491 4743 3642 4797 illum

284 4831 454 4903 ἄρτον
496 4833 561 4886 ix
595 4829 693 4884 τοῦ
745 4828 1004 4902 ούρανοῦο
1043 4828 1163 4882 ἀλλ’
1199 4831 1226 4883 6
1267 4829 1462 4899 Πατήρ
1523 4845 1626 4900 μου
1687 4829 1887 4885 δίδωσιι

2018 4849 2212 4905 panem
2250 4834 2315 4888 de
2349 4834 2512 4900 cmlo,
2556 4833 2652 4889 sed
2702 4827 2868 4889 Pater
2911 4851 3068 4890 meus
3106 4835 3200 4890 dat
3240 4839 3392 4892 vobis
3446 4854 3644 4908 punctu

282 4925 422 4996 ὑμῖν
449 4924 544 4978 16v
573 4924 740 4996 ἄρτον
769 4924 836 4977 ὲκ
863 4923 960 4977 τοῦ
988 4921 1225 4995 οὐρανρῦ
1255 4923 1348 4977 τὸν
1385 4924 1664 4995 ἀληθινόν.
1711 4925 1770 4980 ’0
1799 4928 1887 4997 γὰι

2015 4930 2082 4984 de
2112 4928 2256 4984 C(Plo
2311 4942 2527 4983 verum.
2555 4925 2722 4983 Panis
2754 4928 2904 4984 enim
2959 4929 3053 4985 Dei
3106 4930 3326 5001 est,qui
3379 4932 3448 4986 de
3508 4931 3646 4987 coelo

286 5018 456 5093 ἄρτος
489 5018 586 5073 τοῦ
627 5018 952 5078 Θεοῦ,ὲστιν
982 5021 1010 5071 6
1037 5018 1390 5072 καταϐαίνων
1425 5020 1489 5071 ὲκ
1520 5018 1618 5072 τοῦ
1651 5020 1911 5092 οὐρανοῦ,

288 5115 388 5168 καὶ
421 5113 570 5184 ζωὴν
598 5111 780 5177 διδοὺς
808 5111 888 5184 τῷ
919 5111 1135 5184 κόσμῳ.
1171 5108 1344 5167 Εἶπον
1375 5109 1471 5168 οὖν
1528 5114 1668 5186 πρὸς
1721 5115 1909 5169 αὐτὸν·

2017 5023 2321 5098 descendit,
2360 5033 2416 5079 ct
2457 5022 2549 5077 dat
2600 5022 2768 5076 vitam
2809 5023 3041 5078 mundo.
3073 5023 3340 5078 Dixerunt
3391 5040 3524 5096 ergo
3579 5028 3646 5078 ad

2012 5132 2136 5171 eum
2166 5133 2182 5173 :
2209 5116 2460 5188 Domine,
2486 5130 2706 5187 semper
2728 5115 2794 5172 da
2831 5117 2993 5173 nobis
3019 5134 3216 5189 panem
3237 5119 3422 5174 istum.
3465 5141 3482 5172 ο
3525 5116 3643 5173 Non

292 5191 326 5258 ς’
350 5195 551 5278 Κύριε,
601 5205 840 5260 πάντοτε
895 5205 984 5268 δὸς
1029 5208 1164 5276 ἡμῖν
1190 5207 1282 5259 τὸν
1313 5207 1481 5277 ἄρτον
1519 5206 1732 5261 τοῦτον.
1779 5227 1796 5260 ι
1835 5210 1887 5262 Οι

2016 5209 2219 5266 frustra
2239 5210 2480 5265 diximus
2495 5211 2642 5281 quod
2669 5212 2844 5267 ventri
2877 5213 3183 5280 servientes
3215 5215 3540 5282 quaerebant
3565 5216 3643 5267 si-

291 5299 478 5372 μάτην
508 5297 802 5370 ὶλέγομεν,
832 5288 1029 5363 ὄτίὼς
1060 5303 1129 5371 τῇ
1162 5301 1348 5374 κοιλίᾳ
1371 5301 1751 5366 δαυλεύοντες,
1781 5302 1914 5374 εζητ

286 5408 419 5446 τουν
449 5394 680 5464 σημεῖον
701 5409 716 5425 ο
750 5386 866 5446 οἷον
891 5387 962 5465 ἦν
998 5392 1061 5446 16
1087 5393 1200 5447 τῶν
1231 5392 1459 5466 ἄρτων.·
1486 5395 1620 5450 Ἰδοὺ
1648 5393 1782 5465 γοῦν
1815 5395 1911 5450 τοῦ

292 5486 475 5557 μάννα
511 5487 845 5559 μίμνηνται,
881 5489 979 5541 καὶ
1025 5489 1125 5559 οὐχ
1162 5489 1354 5560 ἑτέρου
1406 5491 1554 5555 τινδς
1597 5491 1909 5564 θαύματος,

289 5579 407 5635 εἴτε
450 5580 562 5634 τῶν
595 5582 941 5652 Αἰγυπτίων,
998 5585 1112 5638 εἴτε
1162 5585 1274 5639 τῶν
1308 5585 1453 5640 κατὰ
1486 5587 1590 5657 τὴν
1637 5586 1913 5661 Ἐρυθρὰν

288 5673 601 5731 θάλασσαν.
652 5677 984 5749 Βουλόμενοι
1019 5677 1133 5751 γὰρ
1170 5679 1420 5753 ἐρεθίσαι
1472 5682 1666 5751 αὐτὸν,
1703 5681 1791 5738 ἵνα
1819 5683 1916 5737 καὶ

289 5768 458 5832 αὒτὸς
486 5767 736 5824 τοιοῦτον
762 5773 993 5842 σημεῖον
1027 5774 1252 5847 ποιήσῃ,
1279 5775 1419 5847 ὅπερ
1447 5775 1686 5848 ἠδύνατο
1716 5777 1917 5838 αὐτοὺς

369 5953 414 5986 ’⁵
445 5951 565 6012 Jac.
620 5970 678 6026 tt,
719 5954 811 6013 :30.

2013 5320 2180 5376 gnum
2198 5303 2366 5375 quale
2389 5313 2510 5360 erat
2533 5303 2756 5373 signum
2777 5320 3003 5374 panum.
3025 5305 3168 5361 Ecce
3185 5316 3239 5362 et
3262 5322 3476 5360 manune
3497 5321 3646 5360 meu-

2020 5398 2223 5453 tionem
2243 5396 2472 5458 faciunt,
2497 5405 2551 5451 et
2566 5410 2673 5451 non
2701 5396 2929 5451 alterius
2947 5397 3196 5452 miraculi
3215 5399 3297 5452 vel
3315 5399 3367 5452 in
3388 5397 3649 5468 Egypto,

2025 5494 2106 5549 vel
2133 5494 2183 5548 iu
2205 5493 2343 5548 mari
2381 5493 2590 5549 Rubro.
2616 5493 2877 5550 Voleutes
2907 5495 3053 5550 enim
3077 5495 3312 5551 incitare
3341 5511 3466 5551 eum
3502 5504 3559 5548 ut
3597 5503 3651 5550 et

2021 5588 2138 5657 ipse
2169 5586 2278 5644 tale
2294 5578 2514 5660 signum
2535 5586 2746 5643 faceret
2787 5603 2897 5659 quo
2931 5589 3229 5646 carnaliter
3265 5597 3649 5660 pascerentur,

2027 5683 2391 5739 recordantur
2409 5698 2622 5739 mannae
2649 5692 2877 5754 propter
2900 5684 3253 5740 immodicam
3278 5683 3484 5755 gulam.
3508 5683 3651 5749 Quid

2026 5778 2197 5851 igitur
2231 5778 2501 5834 innueusa
2539 5776 2633 5833 Dei
2670 5777 2943 5846 sapientia
2982 5766 3255 5834 Dominus
3278 5786 3468 5834 noster
3494 5773 3653 5833 Jesus
