4218 6424
713 387 852 452 1203

706 607 1022 652 occurrunt.
1060 597 1207 652 llane
1236 608 1414 652 autem
1448 598 1900 655 resurrectionem
1931 595 2128 650 Paulus
2162 595 2284 660 ἐξα-

703 689 985 753 νάστασιν,
1016 689 1114 744 hoc
1135 701 1241 754 est,
1281 710 1299 742 ι
1330 693 1791 747 exsurrectionetn
1825 707 1843 740 ι
1875 689 2138 751 nominat,
2165 703 2286 756 pro-

705 793 826 848 pter
849 781 1204 836 elevationem
1232 800 1260 839 a
1296 795 1462 839 terra.
1487 783 1806 840 Peccatores
1831 783 1975 837 enim
2002 791 2286 850 resurgent

707 874 919 940 quidem
952 891 1017 929 ex
1041 877 1306 945 sepulcris
1336 877 1387 932 in
1425 887 1646 941 terram,
1689 877 1754 930 de
1792 887 1932 930 terra
1970 885 2148 930 autem
2178 890 2282 929 non

705 975 998 1034 exsurgent
1027 968 1077 1020 in
1108 983 1310 1022 aerem.
1350 968 1496 1023 Infra
1515 969 1656 1022 enim
1678 969 1969 1022 manebunt
1997 967 2136 1021 sicut
2155 980 2282 1020 con-

703 1057 963 1111 demnati.
1014 1055 1198 1126 Itaque
1231 1057 1361 1124 justi
1418 1068 1708 1128 resurgunt
1753 1067 1806 1111 et
1837 1066 2158 1126 exsurgunt,
2191 1055 2281 1123 qui

705 1146 988 1214 rapiuntur
1044 1150 1097 1201 itt
1132 1149 1382 1202 nubibus
1444 1150 1496 1202 in
1569 1163 1855 1202 occursum
1943 1148 2148 1200 Domini
2201 1147 2280 1201 "’z

708 1247 1023 1305 peccatOres
1054 1251 1231 1294 autem
1268 1250 1556 1311 resurgunt
1593 1249 1827 1294 lautum.
1881 1240 2049 1294 Porro
2098 1240 2280 1292 Domi-

704 1344 807 1382 nus
839 1333 1199 1398 interpretans
1233 1332 1361 1402 quid
1393 1333 1488 1396 sit,
1531 1350 1549 1383 ι
1588 1330 1759 1386 Omne
1800 1331 1944 1402 quod
1975 1331 2116 1385 dedit
2153 1331 2280 1384 milii

702 1419 883 1485 Pater,
918 1436 1020 1476 non
1054 1425 1272 1490 perdam
1295 1424 1369 1492 (τι)
1391 1463 1406 1488 ,
1448 1443 1466 1476 ι
1514 1423 1644 1477 dicit
1671 1425 1916 1478 eamdem
1951 1425 2280 1478 sententiam

702 1509 823 1564 aliis
856 1513 1058 1576 verbis,
1093 1533 1110 1566 ι
1149 1513 1216 1570 Ut
1252 1517 1428 1571 omnis
1454 1517 1544 1586 qui
1583 1517 1724 1571 videt
1755 1516 1973 1578 Filium,
2002 1528 2055 1569 et
2087 1518 2280 1583 credit,

701 1602 898 1658 habeat
946 1607 1112 1660 vitam
1142 1617 1423 1663 aeternam.
1481 1628 1498 1660 ι
1550 1611 1698 1664 Nihil
1734 1611 1878 1666 enim
1929 1611 2071 1664 aliud
2125 1612 2279 1674 dicit,

700 1709 860 1761 quam
893 1695 946 1748 id
997 1699 1141 1766 quod
1193 1701 1330 1753 dixit
1376 1703 1646 1770 superius.
1703 1702 1834 1757 Nam
1887 1705 1991 1757 ltoe
2038 1705 2280 1771 quidem,

710 1804 727 1835 ι
760 1787 930 1842 Omne
953 1791 1097 1857 quod
1132 1792 1277 1845 dedit
1302 1793 1430 1846 mihi
1466 1792 1644 1858 Pater,
1676 1815 1692 1845 ι
1733 1797 1870 1849 idem
1903 1805 1984 1850 est
2019 1811 2142 1849 cum
2171 1796 2279 1858 illo,

700 1879 890 1935 Omnis
918 1883 1008 1948 qui
1046 1885 1187 1936 videt
1219 1883 1416 1938 Filium
1439 1893 1490 1939 et
1514 1888 1704 1940 credit.
1731 1906 1748 1937 ι
1784 1886 1895 1940 lluc
1927 1897 2105 1940 autem
2139 1888 2278 1956 quod

698 1972 847 2035 dicit,
885 1991 903 2022 ι
940 1970 1054 2026 Non
1091 1974 1332 2042 perdam,
1375 1994 1391 2026 ι
1436 1979 1575 2030 idem
1606 1989 1686 2032 est
1721 1994 1844 2032 cum
1880 1994 1944 2034 eo
1970 1980 2277 2048 qnoddieit,

704 2060 906 2116 cli-bet
922 2063 1081 2116 vitam
1101 2076 1378 2119 teternam.
1395 2087 1412 2119 ι
1440 2066 1591 2135 Saepe
1610 2080 1790 2123 autem
1811 2072 2133 2125 mentionem
2155 2069 2282 2124 iacit

698 2156 1138 2220 resurrectionis,
1197 2167 1256 2209 ιιι
1315 2162 1640 2226 persuadeat
1695 2161 2030 2227 hominibus,
2085 2177 2153 2215 ne
2216 2163 2280 2216 iis

699 2246 873 2299 solum
909 2263 1028 2314 qua:
1060 2249 1330 2311 videntur,
1369 2249 1456 2302 Dei
1495 2252 1891 2319 providentiam
1921 2254 2282 2307 circumscri-

697 2338 849 2400 baut,
885 2340 977 2394 sed
1004 2341 1178 2394 sciant
1205 2357 1322 2396 esse
1351 2353 1399 2396 et
1427 2344 1591 2396 alium
1623 2354 1822 2398 statum
1857 2346 1909 2400 in
1943 2361 2051 2415 quo
2078 2346 2282 2415 absque

695 2430 859 2485 dubio
881 2431 1098 2488 fruituri
1126 2433 1234 2488 sint
1258 2438 1788 2492 remunerationibus
1811 2439 2058 2507 virtutis}
2089 2455 2278 2508 quaut-

694 2524 777 2579 vis
810 2539 952 2579 nunc
997 2541 1100 2580 non
1136 2528 1205 2581 sit
1236 2528 1516 2595 perspicua
1553 2528 1604 2581 in
1643 2529 1744 2582 bac
1793 2530 1898 2582 vita
1959 2531 2275 2596 retributio,

696 2627 746 2673 et
779 2628 1066 2687 propterea
1101 2634 1205 2672 non
1237 2620 1592 2674 omittendum
1626 2620 1845 2674 virtutis
1871 2638 2113 2677 cursum.

767 2710 932 2764 Vens.
971 2711 1164 2765 ιιι-ιι.
1210 2729 1228 2761 ι
1260 2711 1671 2766 Murmurabant
1711 2729 1840 2785 ergo
1872 2715 2039 2770 Judtei
2077 2718 2141 2770 de
2190 2717 2279 2770 illo

695 2803 838 2873 quod
867 2803 1128 2857 dixisset:
1161 2801 1274 2871 Ego
1307 2817 1423 2856 sum
1452 2804 1610 2872 panis
1647 2804 1733 2858 illc
1773 2807 1862 2874 qui
1914 2805 1979 2862 de
2009 2807 2150 2862 cmlo
2184 2810 2278 2862 de-

698 2893 905 2959 scendi,
937 2904 989 2947 et
1023 2895 1314 2948 dicebant:
1367 2893 1553 2950 Nonne
1586 2896 1672 2950 hic
1715 2907 1794 2950 est
1831 2896 1987 2953 Jcsus
2017 2899 2157 2953 filius
2187 2899 2277 2954 Jo-

694 2986 853 3056 seph,
881 2986 1033 3055 cujus
1064 3002 1162 3041 nos
1192 2989 1438 3042 novimus
1467 2997 1676 3058 patrem
1713 2999 1766 3042 et
1807 2990 2078 3045 matrem?
2129 2995 2276 3057 Quo-

697 3079 857 3133 modo
889 3093 1018 3146 ergo
1043 3079 1172 3132 dicit
1201 3080 1318 3132 hic:
1373 3079 1445 3135 De
1478 3083 1615 3134 coelo
1650 3083 1942 3137 descendi?
1979 3083 2276 3153 Respondit

1637 387 2210 449 THEOPHYLACTI
2254 386 2660 449 BULGARUE
2697 391 3049 452 ARClIlEP.

711 507 839 560 mini
887 507 938 560 in
969 514 1193 570 aera,et
1224 504 1374 574 prius
1422 518 1543 558 cum
1581 519 1775 574 magna
1818 506 2011 560 ﬁducia
2057 505 2280 559 Domino

2390 507 2695 576 ἀπάντησιν
2735 505 2828 559 τοῦ
2879 507 3082 576 Κυρῐου
3126 507 3203 568 εἰς

3249 507 3384 575 ἀέρα
3434 505 3970 574 ἀναλαμϐανόμενοι,

2389 602 2483 653 καὶ
2534 599 3031 670 προσαπαντῶντες
3072 597 3150 668 τῷ
3205 599 3392 668 Κυρίῳ
3441 599 3578 666 μετά
3629 597 3968 668 παρρησίας.

2389 691 2606 760 Ταύτην
2650 692 2706 744 δὲ
2752 692 2852 761 τὴν
2913 691 3235 755 ἀνάστασιν,
3287 693 3313 742 6
3369 692 3579 753 Παῦλος
3615 691 3971 754 ἐξανάστασιν

2385 785 2664 853 ὀνομάζει,
2695 784 2782 837 διὰ
2811 785 2908 854 τὴν
2940 785 3004 836 ἐκ
3033 785 3130 852 τῆς
3160 784 3260 851 γῆς
3286 782 3539 854 ἔπαρσιν.
3569 785 3630 836 Οἱ
3652 784 3764 852 γὰρ
3793 785 3973 850 ἀμαρο

2384 877 2570 942 τωλοὶ,
2623 878 2938 930 ἀνίστανται
2974 877 3072 946 μὲν
3097 879 3161 929 ἐκ
3199 877 3307 928 τῶν
3336 876 3637 945 μνημείων,
3673 879 3737 929 ἐκ
3783 875 3840 926 δέ
3874 876 3974 942 τῆς

2385 968 2488 1037 γῆς
2512 968 2612 1020 οὐκ
2643 967 3023 1031 ἐξανίστανται
3056 968 3134 1028 εἰς
3175 967 3334 1035 ἀέρα’
3386 967 3536 1020 κάτω
3564 967 3674 1033 γάρ
3716 964 3975 1033 μένουσιν

2385 1059 2461 1121 ῶς
2508 1059 2855 1128 κατάκριτοι.
2907 1058 3074 1111 Ὥστε
3125 1059 3174 1110 οἱ
3217 1057 3438 1116 δίκαιοι,
3487 1057 3580 1108 καὶ
3625 1055 3975 1115 ἀνίστανται,

2387 1152 2479 1204 καὶ
2507 1150 2879 1216 ἐξανίστανται
2905 1149 3280 1221 ἁρπαζόμενοι
3310 1153 3365 1201 ἐν
3408 1149 3660 1218 νεφέλαις
3689 1150 3770 1207 εἰς
3797 1146 3977 1198 ἀπάν-

2386 1261 2543 1313 τησιν
2573 1245 2669 1298 τοῦ
2699 1245 2929 1310 Κυρίουο
2973 1245 3023 1297 οἱ
3071 1244 3126 1296 δὲ
3161 1243 3478 1312 ἁμαρτωλοὶ
3521 1242 3837 1294 ἀνίστανται
3877 1239 3976 1307 p.6-

2386 1353 2496 1389 νον.
2547 1335 2900 1405 Ἐρμηνεύων
2957 1335 3013 1387 δὲ
3055 1337 3082 1388 6
3130 1335 3332 1403 Κύριος
3361 1333 3413 1384 τί
3449 1334 3563 1386 ἐστι
3596 1333 3675 1390 τὸ.
3726 1351 3744 1382 ι
3802 1332 3918 1382 ῐΙίν
3951 1331 3980 1381 6

2384 1427 2585 1481 δέδωκέ
2632 1445 2721 1496 μοι
2766 1429 2793 1480 6
2822 1427 3056 1496 πατὴρ,
3104 1427 3166 1479 οὐ
3196 1427 3269 1496 μὴ
3307 1425 3578 1488 ἀπολέσω,
3621 1444 3640 1476 ›
3699 1424 3839 1491 φησι
3878 1422 3980 1490 τὴν

2386 1521 2553 1592 αὐτὴν
2595 1521 2804 1573 ἔννοιαν
2844 1519 2910 1572 δι’
2942 1519 3116 1572 ἄλλων
3147 1518 3366 1583 λέξεωνο
3401 1534 3418 1566 ι
3465 1518 3582 1568 Ἱνα
3616 1515 3723 1577 πᾶς
3774 1515 3804 1565 6
3837 1515 3974 1565 θεω-

2388 1615 2496 1684 ρῶν
2545 1615 2636 1667 τὸν
2670 1614 2817 1676 Υιδν,
2852 1614 2944 1666 καὶ
2973 1611 3268 1674 πιστεύων,
3314 1611 3411 1679 ἔχῃ
3457 1611 3601 1677 ζωὴν
3649 1608 3891 1659 αέώνον.
3953 1626 3971 1655 ι

2386 1708 2554 1760 Οὐδὲν
2601 1707 2710 1776 γὰρ
2760 1706 2887 1759 ἄλλο
2929 1705 3098 1770 λέγει,
3155 1703 3187 1774 ἥ
3235 1704 3372 1769 ὅπερ
3405 1699 3558 1752 εἶπεν
3589 1701 3870 1765 ἀνωτέρω.
3902 1698 3975 1750 T’;

2389 1803 2485 1870 μὲν
2517 1801 2644 1870 γὰρ,
2683 1820 2698 1851 ι
2733 1800 2846 1852 "iv
2875 1798 2902 1851 ὃ
2933 1797 3131 1850 δέδωκέ
3167 1796 3307 1861 μοιὸ
3344 1795 3552 1862 Πατὴρ,
3587 1813 3602 1842 ι
3631 1794 3831 1844 ταυτόν
3858 1794 3973 1843 ἐστι

2385 1890 2484 1960 τῷ,
2522 1909 2538 1941 ι
2581 1891 2738 1952 Πᾶςό
2763 1886 2982 1957 θεωρῶν
3011 1886 3102 1938 τὸν
3131 1886 3278 1948 Υἰέν,
3305 1886 3398 1936 καὶ
3426 1883 3718 1934 πιστεὶων·
3763 1902 3779 1931 ›
3813 1883 3873 1933 τὸ
3896 1881 3974 1944 δέ,

2394 1999 2410 2031 ι
2445 1980 2518 2030 Οὔ
2554 1980 2629 2047 μὴ
2659 1977 2930 2038 ἀπολέσω,
2975 1996 2990 2026 ι
3038 1975 3232 2028 ταυτὸν
3266 1975 3362 2041 τῷ,
3413 1992 3428 2022 ι
3469 1974 3618 2039 Ἰἰχῖι
3651 1971 3800 2040 ζωὴν
3845 1972 3973 2021 αἰώ-

2386 2090 2517 2125 νιον.
2553 2090 2569 2120 ι
2599 2071 2844 2140 Συνεχῶς
2872 2070 2926 2122 δὲ
2961 2069 3233 2137 μέμνηται
3267 2066 3638 2128 ἀναστάσεως,
3690 2065 3777 2114 ἵνα
3808 2064 3974 2131 πείσῃ

2383 2166 2506 2227 τοὺς
2534 2163 2876 2232 ἀνθρώπους,
2911 2164 2983 2230 μὴ
3015 2164 3121 2224 τοῖς
3164 2159 3464 2230 ὁρωμένοις
3494 2159 3674 2222 μόνοις
3705 2159 3974 2226 περιγρα-

2385 2273 2506 2324 φειν
2538 2254 2636 2324 τὴν
2661 2253 2754 2306 τοῦ
2780 2250 2914 2305 Θεοῦ
2945 2252 3224 2320 πρόνοιαν,
3255 2251 3369 2302 ἀλλ’
3395 2251 3592 2301 εἰδέναι
3623 2249 3697 2312 ὡς
3727 2249 3844 2300 ἔστι
3882 2249 3976 2299 καὶ

2383 2348 2517 2415 ἄλλη
2543 2347 2897 2406 κατάστασις,
2928 2343 3047 2396 καθ’
3087 2345 3154 2412 ἣν
3181 2342 3563 2412 ἀναμιξιϐόλως
3599 2341 3973 2393 ἀπολαύσουσι

2383 2438 2490 2492 τῶν
2513 2439 2611 2505 τῆς
2643 2438 2844 2507 ἀρετῆς
2881 2435 3090 2504 μισθῶν
3117 2451 3128 2462 ·
3158 2436 3326 2487 simi.
3357 2434 3430 2503 μὴ
3469 2432 3566 2484 νῦν
3607 2431 3974 2501 προεραῐνεταξ

2381 2535 2517 2600 τιςή
2551 2531 2780 2599 βιωτικὴ
2810 2527 3036 2598 ἀμοιϐὴ,
3078 2528 3167 2580 διὰ
3211 2527 3368 2580 τοῦτο
3401 2527 3476 2597 μὴ
3507 2526 3837 2594 καθυςιέναι
3879 2523 3974 2576 τοῦ

2382 2624 2520 2693 πρὸς
2544 2623 2750 2692 ἀρετὴν
2773 2622 2999 2690 δρόμου.

2459 2734 2476 2766 ι
2527 2712 2855 2779 Ἐγόγγυζον
2893 2711 2984 2765 οὖν
3009 2713 3058 2764 οἱ
3103 2711 3347 2764 Ἰουδαῖοι
3394 2712 3518 2779 περὶ
3561 2709 3755 2768 αὐτοῦ,
3790 2710 3870 2760 ὅτι
3901 2702 3977 2759 εἷ-

2383 2822 2502 2868 πεν,
2555 2802 2696 2870 Ἐγώ
2741 2803 2857 2870 ειμι
2887 2802 2913 2851 6
2946 2803 3108 2870 ἄρτος
3140 2804 3166 2853 6
3207 2802 3269 2853 ἐκ
3295 2801 3388 2853 τοῦ
3432 2799 3664 2877 οὐρανοῦ
3701 2799 3972 2860 καταϐὰς,

2383 2899 2474 2950 καί
2506 2895 2711 2962 ἔλεγον·
2751 2895 2861 2962 Οὐχ
2903 2887 3058 2955 οὗτός
3085 2895 3233 2946 ἐστιν
3287 2893 3494 2963 Ἰησοῦς
3539 2896 3565 2946 ὁ
3592 2894 3705 2955 υἱὸς
3748 2889 3972 2961 Ἰωσὴφ,

2380 2983 2440 3041 οὗ
2467 2989 2624 3057 ἡμεῖς
2656 2987 2882 3055 οἴδαμεν
2913 2987 3003 3037 τὸν
3045 2987 3259 3057 πατέρα
3289 2986 3382 3038 xa‘t
3421 2985 3520 3056 τὴν
3560 2985 3810 3054 μητέρας
3848 2985 3975 3047 Πῶς

2379 3077 2472 3134 οὖν
2503 3080 2652 3147 λέγει
2677 3073 2852 3142 οὗτος,
2887 3079 2992 3141 ὅτι,
3059 3078 3152 3129 Ἐκ
3175 3077 3268 3130 τοῦ
3296 3077 3528 3146 οὐρανοῦ
3575 3077 3974 3145 atate-637.20;

693 3185 824 3240 ergo
846 3168 1004 3224 Jesus
1031 3180 1085 3225 et
1109 3171 1244 3224 dixit
1267 3170 1345 3225 eis
1369 3188 1382 3224 :
1412 3169 1586 3226 Nolite
1613 3190 1952 3228 murmurare
1980 3177 2121 3228 inter
2146 3191 2271 3230 vos:

2383 3172 2684 3242 Ἀπεκρίθη
2726 3171 2957 3242 Ἰησοῦς,
2985 3171 3080 3224 καὶ
3116 3167 3269 3223 εἶπεν
3309 3170 3512 3233 αὐτοῖς’
3540 3170 3632 3240 Μὴ
3667 3171 3975 3238 γογγύζετε

695 3262 864 3318 Nemo
893 3271 1067 3332 potest
1097 3266 1278 3318 venire
1307 3265 1370 3318 ad
1409 3280 1514 3330 me,
1550 3267 1648 3320 nisi
1673 3265 1834 3321 Pater
1865 3269 1952 3336 qui
1986 3270 2131 3321 misit
2162 3283 2268 3333 me,

695 3353 923 3406 traxerit
951 3367 1099 3416 enm,
1132 3362 1185 3406 ct
1219 3369 1318 3422 ego
1357 3356 1688 3407 resuscitalm
1727 3372 1848 3410 enm
1889 3358 1939 3410 itt
1976 3358 2274 3413 novissimo

694 3444 804 3498 die.
843 3462 864 3495 ι
899 3443 1304 3498 Mnrmurabaut
1336 3445 1498 3518 592
1529 3447 1691 3516 igitur
1729 3446 1898 3501 Judaei
1927 3449 2140 3505 dicente
2170 3451 2274 3504 Do-

694 3538 868 3599 mino,
902 3556 919 3588 t
951 3538 1061 3607 Ego
1084 3553 1202 3593 sum
1232 3539 1408 3605 panis,
1451 3557 1469 3590 ι
1502 3539 1659 3594 veluti
1689 3541 1918 3609 decepti.
1958 3540 2091 3596 Nam
2143 3543 2276 3597 bne-

694 3645 862 3700 usque
909 3632 1124 3700 quidem
1176 3632 1564 3686 existimabant
1595 3634 1658 3686 dc
1706 3649 1844 3702 pane
1874 3635 2114 3689 sensibili
2151 3650 2273 3689 eum

698 3725 865 3792 loqui,
905 3735 958 3780 et
987 3734 1268 3778 mansuete
1306 3726 1480 3792 ipsum
1515 3723 1783 3790 ferebant,
1821 3736 2102 3794 sperantes
2133 3728 2274 3796 quod

699 3820 926 3871 daturus
952 3825 1097 3870 esset
1124 3831 1317 3886 panem
1360 3816 1524 3879 hunc,
1554 3825 1608 3870 et
1642 3819 1814 3870 ventri
1846 3817 2082 3884 ipsorum
2106 3819 2275 3887 grati-

695 3910 955 3964 ﬁcaturus
982 3925 994 3962 :
1026 3923 1169 3964 nunc
1211 3917 1390 3964 autem
1425 3910 1548 3978 quia
1593 3910 1852 3964 revelavit
1882 3905 2136 3978 cis'quod
2169 3925 2274 3963 non

695 4006 763 4058 de
789 4003 1030 4058 sensibili
1064 4018 1221 4073 parte,
1259 4004 1349 4058 sed
1386 4002 1654 4071 Spirituali
1688 4018 1995 4073 sermonem
2029 4003 2274 4066 haberet,

693 4105 1006 4164 contempto
1043 4096 1156 4158 illo,
1186 4103 1550 4148 murmurant.
1585 4094 1690 4159 Qui
1722 4096 1864 4149 enim
1899 4095 1972 4148 illi
2012 4095 2277 4165 intellige-

694 4197 816 4241 rent
849 4187 1185 4255 spiritualem
1210 4186 1413 4247 cibum,
1437 4194 1489 4238 et
1511 4187 1675 4238 vitam
1707 4195 1759 4240 et
1786 4187 2276 4242 resurrectionem?

696 4279 1221 4333 Scandalizabantur
1269 4277 1450 4346 itaque
1495 4278 1548 4329 in
1587 4293 1674 4338 eo,
1709 4278 1958 4333 videntes
1995 4278 2110 4346 ejus
2159 4295 2280 4334 ma-

694 4378 857 4431 trem,
909 4366 1194 4420 audientcs
1243 4376 1424 4430 autem
1468 4367 1762 4432 dicentem,
1821 4386 1839 4417 ι
1890 4368 1963 4422 De.
2009 4370 2147 4424 coelo
2186 4373 2278 4426 de-

693 4460 898 4515 scendi.
947 4477 966 4510 ι
1016 4459 1186 4530 Igitur
1233 4456 1337 4512 non
1368 4457 1729 4529 intelligentes
1760 4461 1906 4528 quod
1954 4461 2070 4532 ipse
2110 4464 2275 4519 ctiam

2387 3265 2506 3336 μετ’
2539 3265 2806 3335 ἀλλήλων.
2841 3266 3027 3327 Οὐδεὶς
3055 3265 3280 3318 δῦναται
3329 3265 3502 3317 ἐλθεῖν
3554 3265 3690 3334 προς
3742 3265 3835 3334 μὲ.
3880 3268 3976 3318 ἑὲν

2382 3359 2456 3428 μὴ
2486 3362 2513 3412 ὁ
2539 3357 2728 3430 Πατὴρ
2771 3360 2799 3412 ὀ
2846 3359 3066 3428 πέμψας
3116 3376 3182 3426 με
3223 3359 3431 3430 ἐλκύσῃ
3488 3359 3673 3420 αὐτὸν,
3727 3362 3825 3411 καὶ
3864 3360 3974 3425 ἐγὼ

2378 3451 2672 3520 ἀναστήσω
2716 3450 2881 3505 αὑτὸν
2913 3453 2969 3503 ἐν
2999 3453 3065 3520 τῇ
3100 3451 3304 3520 ἐσχάτῃ
3336 3450 3536 3520 ἡμέρα.
3577 3469 3595 3501 ι
3639 3449 3976 3517 Ἐγόγγυζον

2376 3545 2424 3596 οἱ
2465 3544 2734 3606 Ἰουδαῖοι,
2779 3544 3024 3606 εἰπόντος
3054 3543 3149 3596 τοῦ
3193 3544 3424 3613 Κυρίου,
3453 3546 3560 3607 ὅτι,
3590 3562 3608 3593 t
3667 3543 3812 3611 Ἐγώ
3856 3546 3971 3612 εἰμι

2377 3638 2404 3688 6
2437 3636 2621 3706 ἄρτος,
2675 3655 2690 3685 ι
2737 3636 2812 3697 ὡς
2841 3635 3240 3704 ἀπατηθέντες.
3288 3635 3454 3706 Ἀχρι
3499 3635 3596 3704 μὲν
3627 3636 3738 3706 γὰρ
3793 3637 3976 3703 ἐνόμι-

2377 3729 2468 3792 ζον
2505 3729 2634 3797 περὶ
2666 3727 2830 3796 ἄρτιυ
2871 3727 3133 3796 αἰσθητοῦ
3170 3726 3351 3792 λέγειν
3398 3726 3582 3789 αὑτὸν,
3615 3730 3808 3798 πράως
3850 3729 3975 3795 ἐφε-

2381 3838 2494 3890 ρον,
2523 3819 2858 3884 ἐλπίζοντες,
2887 3820 2970 3873 ὅτι
3001 3820 3162 3873 δώσει
3207 3820 3387 3883 αὐτοῖς
3426 3823 3520 3878 τὸν
3560 3820 3724 3890 ἄρτον
3759 3823 3969 3880 τοῦτον.

2379 3914 2473 3966 καὶ
2497 3915 2562 3983 τῇ
2593 3913 2790 3981 γαστρὶ
2822 3912 3004 3964 αὐτῶν
3032 3913 3339 3982 χαρίσεται·
3373 3914 3498 3965 ἐπεὶ
3520 3913 3575 3965 δέ
3616 3913 3972 3982 ἀπεκάλυψεν

2378 4004 2585 4067 αὐτοῖς,
2618 4005 2700 4057 ὃτι
2734 4003 2794 4056 οὐ
2819 4003 2945 4073 περὶ
2971 4002 3232 4072 αἰσθητοῦ
3261 4004 3450 4072 ἄρτου,
3485 4003 3618 4057 ἀλλά
3647 4006 3777 4074 περὶ
3810 4022 3973 4058 πνευ-

2382 4098 2614 4166 ματικοῦ
2647 4097 2795 4147 ἐστιν
2819 4097 2846 4147 6
2873 4095 3030 4160 λόγος
3058 4092 3228 4164 αὐτῷ,
3257 4095 3587 4162 ἀπογνόντες
3610 4094 3969 4162 γογγύζουσι.

2380 4187 2490 4240 Ποῦ
2532 4187 2639 4256 γὰρ
2669 4188 2856 4249 αὐτοῖς
2906 4186 2966 4239 τὸ
2997 4189 3138 4240 νοεῖν
3171 4186 3560 4256 πνευματικὴν
3606 4188 3838 4258 τροφὴν,
3882 4191 3974 4241 καὶ

2381 4277 2546 4350 ζωὴν,
2573 4279 2667 4331 καὶ
2688 4278 2986 4332 ἀνάστασιν
3007 4295 3021 4342 ;
3061 4278 3540 4341 Ἐσκανδαλεζοντο
3566 4274 3661 4332 οὖν
3683 4281 3773 4332 ἐπ’
3798 4281 3971 4348 αὐτῷ⁹

2378 4373 2613 4443 ὁρῶντες
2652 4372 2750 4439 μέν
2784 4371 2948 4425 αὐτοῦ
2975 4371 3074 4442 τὴν
3113 4371 3347 4442 μητέρα,
3385 4371 3678 4433 ἀκούοντες
3726 4373 3804 4436 δὲ,
3861 4375 3970 4436 ὅτι,

2387 4484 2404 4516 ι
2453 4464 2549 4517 Ἐκ
2578 4463 2671 4516 τοῦ
2702 4462 2936 4534 οὐρανοῦ
2968 4463 3346 4534 καταϐέϐηκα.
3401 4484 3419 4516 ι
3456 4465 3547 4533 Μὴ
3578 4464 3831 4528 νοοῦντες
3863 4468 3962 4518 τοξ-

691 4568 836 4610 esset
869 4556 1030 4622 Deus,
1067 4555 1159 4612 sed
1188 4557 1238 4610 in
1269 4557 1370 4610 hoc
1399 4557 1752 4626 respicientes
1779 4561 1921 4629 quod
1950 4563 2270 4632 apparebat,

2383 4575 2494 4621 νυν,
2531 4559 2614 4610 ὅτι
2644 4557 2739 4609 καὶ
2773 4555 2902 4620 Θεός
2940 4557 3085 4610 ἐστιν
3132 4559 3160 4609 6
3201 4557 3387 4621 αὐτὸς,
3426 4557 3542 4610 ἀλλ’
3577 4561 3656 4618 εἰς
3693 4559 3753 4610 τὸ
3791 4561 3974 4627 φαινό-

693 4649 1126 4714 tnurmurabaut,
1182 4658 1437 4717 tauquam
1479 4661 1778 4705 ostentator
1807 4665 1946 4708 esset
1991 4655 2274 4723 Dominus,

693 4742 748 4788 et
774 4735 1056 4788 dicebant:
1093 4753 1110 4786 ι
1151 4735 1338 4790 Nonne
1378 4737 1464 4792 hic
1497 4747 1579 4792 est
1620 4740 1759 4795 ﬁlius
1800 4740 1998 4812 Juscplt
2031 4744 2054 4796 ?
2098 4764 2114 4796 ι
2157 4745 2275 4814 Ipse

692 4833 874 4879 autem
919 4825 1172 4880 Salvator
1212 4842 1316 4881 non
1354 4829 1634 4897 respondit
1663 4831 1775 4885 eis:
1817 4831 1929 4888 Non
1973 4849 2092 4890 sum
2139 4839 2278 4892 ﬁlius

693 4917 914 4986 loseplt.
958 4915 1072 4972 Non
1100 4918 1248 4974 enim
1275 4929 1529 4988 poterant
1564 4922 1868 4993 intelligere
1901 4937 2113 4995 partum
2147 4930 2280 4982 inef-

697 5009 913 5066 labilem
944 5010 1034 5079 qui
1068 5020 1182 5064 erat
1209 5025 1273 5064 et
1312 5010 1538 5078 virgine.
1575 5012 1636 5066 Et
1671 5015 1795 5081 quia
1829 5032 1932 5070 non
1966 5033 2136 5086 capax
2183 5019 2283 5074 fuit

698 5117 852 5155 mens
879 5101 1091 5155 illorum
1141 5103 1441 5156 nativitatis
1483 5107 1777 5160 secundum
1822 5124 2063 5172 carnem,
2113 5113 2282 5168 multo

699 5195 878 5248 minus
911 5193 1050 5262 ejus,
1075 5208 1195 5263 qua:
1222 5204 1348 5249 ante
1378 5196 1571 5248 saecula
1603 5213 1665 5252 ex
1701 5197 1882 5254 Patre.
1922 5201 2061 5266 Quid
2098 5210 2279 5258 autem

693 5287 980 5356 respondet
1019 5289 1139 5343 eis?
1191 5309 1209 5341 ι
1255 5289 1448 5344 Nullus
1489 5302 1670 5358 potest
1701 5295 1884 5349 venire
1919 5295 1982 5348 ad
2022 5312 2128 5360 me,
2175 5299 2283 5360 nisi

701 5378 860 5433 Pater
885 5382 1113 5436 traxerit
1139 5398 1287 5438 curn.
1319 5404 1336 5436 ι
1381 5385 1494 5441 lloe
1536 5398 1716 5440 autem
1746 5388 1874 5442 dicit
1901 5404 2002 5441 non
2031 5400 2085 5442 ttt
2119 5391 2286 5444 liber-

703 5481 867 5527 tatem
922 5474 1073 5529 tollat
1117 5478 1352 5544 arbitrii,
1405 5481 1582 5535 absit!
1633 5481 1724 5534 sed
1769 5489 1824 5534 ιιι
1859 5482 2106 5536 ostendat
2139 5483 2285 5551 quod

702 5564 868 5620 multa
908 5566 1102 5621 habeat
1134 5585 1272 5639 opus
1301 5574 1684 5642 cooperatioue
1737 5588 1765 5626 a
1812 5571 1918 5627 Deo
1952 5573 1994 5629 is
2036 5575 2126 5643 qui
2170 5590 2288 5630 cre-

772 5704 816 5737 ⁴⁶τ
848 5705 1039 5764 Thess.
1073 5727 1146 5774 ιν,
1194 5713 1275 5766 lli.

772 5852 846 5919 ίιι)
887 5848 1025 5905 lidit.
1069 5851 1189 5905 l.ut.
1224 5850 1424 5915 omisit,
1463 5865 1560 5903 neu
1593 5849 1826 5931 perdunt.

2389 4668 2549 4721 μενον
2578 4650 3000 4713 ἀποϐλέποντες,
3037 4649 3355 4719 ἐγόγγυζον,
3396 4649 3471 4712 ὡς
3506 4649 3974 4721 ἀλαζονευομένου

2381 4743 2477 4796 τοῦ
2527 4742 2756 4814 Κυρίου,
2797 4742 2891 4794 καὶ
2941 4741 3150 4808 ἔλεγον·
3191 4760 3210 4792 ι
3250 4743 3362 4811 Οὐχ
3401 4737 3553 4805 οὗτός
3604 4744 3758 4795 ἐστιν
3787 4746 3815 4796 6
3861 4745 3976 4806 υἱὸς

2397 4838 2594 4907 Ἰωσήφ
2617 4853 2631 4903 ;
2665 4856 2683 4887 ι
2715 4835 2886 4898 Αὐτὸς
2907 4837 2963 4888 δέ
2985 4837 3013 4888 6
3035 4834 3227 4904 Σωτὴρ
3251 4835 3354 4888 οὐκ
3375 4836 3736 4904 ἀποκρίνεται
3763 4839 3975 4901 αὐτοῖς.

2381 4933 2486 4993 ὅτι,
2517 4931 2631 4982 Οὐκ
2662 4929 2775 5000 εἶμι
2804 4929 2916 4991 υἱὸς
2959 4928 3159 4996 Ἰωσήφ
3183 4943 3195 4954 ·
3227 4928 3289 4981 οὐ
3329 4928 3439 4998 γὰρ
3487 4927 3756 4996 ἠδύναντο
3784 4930 3976 4999 νοῆσαι

2383 5024 2473 5076 τὸν
2505 5023 2660 5075 τόκον
2701 5022 2793 5074 τὸν
2832 5022 3072 5092 ἀρῤητον
3107 5020 3200 5074 τὸν
3232 5022 3296 5074 ἐκ
3334 5021 3635 5091 Παρθένου.
3678 5022 3742 5074 Εἰ
3774 5022 3829 5076 δὲ
3881 5023 3977 5091 τὴν

2391 5116 2534 5170 κατά
2561 5118 2742 5186 σάρκα
2781 5116 3036 5184 γέννησιν
3057 5116 3157 5168 οὐκ
3209 5114 3407 5186 ἐχώρει
3443 5117 3476 5183 ὴ
3518 5115 3738 5168 -διάνοια
3771 5118 3976 5178 αὐτῶν,

2383 5209 2564 5279 πολλῴ
2591 5209 2792 5277 μᾶλλον
2818 5207 2915 5278 τὴν
2945 5209 3010 5260 ὲκ
3036 5209 3132 5261 τοῦ
3174 5208 3385 5279 ΙΙατρδς
3427 5207 3779 5280 πρωιὼνιον.
3819 5211 3886 5263 τί
3923 5211 3979 5264 δὲ

2384 5302 2740 5372 ἀποκρίνεται
2785 5300 3000 5363 αὺτοῖςς
3057 5319 3076 5352 ι
3116 5300 3305 5362 Οὐδεὶς
3348 5301 3576 5354 δύναται
3617 5299 3797 5354 ἐλθεῖν
3843 5303 3978 5371 πρὸς

2389 5395 2476 5464 μὲ.
2510 5396 2605 5447 ἐὰν
2640 5393 2713 5463 μὴ
2743 5393 2771 5445 6
2805 5394 2994 5464 Πατὴρ
3023 5393 3226 5464 ἐλκύσῃ
3250 5394 3430 5447 αὐτόν.
3466 5412 3485 5446 ι
3515 5393 3690 5447 Τοῦτο
3718 5395 3776 5448 δέ
3808 5398 3974 5462 λέγει,

2385 5489 2444 5538 0-)
2491 5488 2550 5538 τὸ
2583 5485 2932 5549 αὐτεξούσιον
2966 5484 3230 5556 ἀναιρῶν,
3275 5467 3489 5554 ἀπάγει
3522 5486 3663 5540 ἀλλὰ
3689 5487 3976 5545 δεικνύων.

2386 5579 2466 5630 ὅτι
2513 5577 2712 5647 πολλῆς
2755 5577 2928 5631 δεῖται
2971 5577 3292 5650 συνεργείας
3342 5577 3673 5656 παραβεοῦ
3699 5582 3728 5634 6
3765 5581 3972 5652 μέλλων
