4218 6424
217 403 364 470 13ὓ9
969 396 1423 462 ENARRATIO
1461 396 1546 459 IN
1585 396 1731 460 EVA
1739 394 1828 458 NG

1937 397 2106 460 .IUM
2144 393 2505 463 JOANNIS.
2527 422 2600 436 -·
2622 399 2788 462 CAP.
2824 399 2930 463 VI.
3389 411 3408 426 ‘
3440 392 3582 478 1310

213 515 427 588 κόσμου
461 512 611 584 ζωὴν
663 497 950 582 ὀνομάζει.
983 509 1107 567 Κάν
1139 511 1252 583 γὰρ
1279 511 1367 583 ’μὴ
1403 510 1609 574 πάντες
1648 525 1820 581 παρι-

1937 518 2112 569 tamen
2135 515 2381 586 seipsum
2411 528 2512 586 pro
2539 513 2750 569 mundo
2779 512 2952 580 dedit,
2979 519 3032 568 et
3059 518 3336 584 quantum
3379 509 3434 564 in
3458 510 3583 582 ipso

213 610 444 678 δέξαντο
473 609 567 664 τὸν
611 606 892 685 ἀγιασμδν
937 607 1034 661 καὶ
1061 607 1166 676 τὴν
1202 605 1264 661 ιν
1317 604 1604 676 Πνεύματι
1657 603 1828 676 ζωὴν,

1937 604 2081 673 erat,
2116 608 2356 663 mundus
2390 615 2667 673 servatus,
2704 616 3024 678 naturaque
3071 604 3335 662 universa
3379 604 3583 660 sancti~

212 702 335 760 ἀλλ’
357 696 455 758 οὖν
481 702 576 769 ὅγε
600 698 812 771 Κύριος
845 697 992 770 ὑπὶρ
1023 698 1121 752 τοῦ
1139 697 1353 769 κόσμου
1385 697 1583 752 ἑαυτὸν
1606 696 1828 763 δέδωκε,

1939 699 2100 754 licata
2146 706 2257 768 est,
2292 713 2362 755 eo
2400 700 2550 770 quod
2584 699 2800 769 accepit
2834 697 3102 754 virtutem
3134 691 3395 750 vincendi
3443 705 3581 762 pec-

210 797 309 867 ιιαὶ
337 797 460 851 ὅσον
485 793 549 847 τὸ
575 793 665 847 iu’
695 792 915 864 ἐκείνῳ,
945 794 974 847 6
1009 792 1220 865 κόσμος
1239 791 1448 863 ἰσώθη,
1478 793 1577 846 καὶ
1599 793 1634 862 ἡ
1666 790 1828 860 φύσις

1937 803 2126 848 catum
2198 805 2301 861 per
2358 806 2532 847 unum
2605 790 2891 846 hominem
2957 785 3258 843 Dominum
3319 792 3576 842 nostrum

212 889 404 944 ἀπασα
458 885 725 960 ἡγιάσθη,
781 886 920 941 uos
971 885 1209 956 δύναμιν
1262 885 1427 940 ἔλασε
1493 888 1656 958 νικᾷν
1727 885 1828 958 τὴν

1937 881 2124 940 Iesum
2158 880 2468 946 Christum,
2490 881 2638 936 sicut
2667 889 2724 935 et
2751 893 2852 951 per
2877 892 3051 933 unum
3079 875 3365 932 hominem
3399 874 3576 930 Adam

213 981 517 1055 ἁμαρτίαν,
541 981 642 1036 καὶ
672 982 708 1054 η
735 981 990 1062 ἁμαρτία
1015 981 1236 1052 ἀπέδρα
1277 980 1370 1035 διά
1412 981 1508 1035 τοῦ
1541 980 1665 1046 ἑνὸς
1721 981 1823 1036 ἀν-

1937 978 1991 1033 in
2025 986 2312 1048 peccatum
2350 974 2658 1031 ceciderat.

207 1053 439 1149 θρὼπου
463 1075 560 1132 τοῦ
599 1060 1201 1150 ΚυρίουημιῖινἹησοῦ
1227 1076 1713 1152 Χριστοῦ,ὥσπερ
1767 1076 1864 1133 καὶ
1938 1075 2009 1131 δι’
2049 1075 2175 1140 ἑνὸς
2230 1073 2531 1148 ἀνθρώπου
2580 1069 2678 1127 τοῦ
2723 1069 2906 1143 ’Δδάμ
2960 1069 3045 1133 είς
3103 1065 3395 1140 ἁμαρτίαν
3443 1063 3576 1120 ὠλί-
3645 1053 3648 1056 ί

211 1173 440 1244 σθησιν.
797 1205 802 1209 -
2207 1197 2220 1224 .~

289 1285 309 1318 ι
347 1265 792 1338 Ἐμάχοντοόὖν
844 1266 987 1339 πρὸς
1022 1268 1299 1342 ἀλλήλους
1335 1273 1387 1326 οί
1433 1271 1712 1337 Ἰουδαῖοι,
1739 1269 1828 1324 λι-

2008 1263 2184 1322 Vsas.
2212 1263 2408 1322 53-56.
2445 1279 2468 1314 ι
2513 1259 2887 1318 Decertabant
2916 1273 3053 1330 ergo
3087 1255 3266 1312 ,Ιυὰπί
3304 1255 3456 1311 inter
3487 1269 3572 1324 se,

207 1376 405 1429 γοντις
429 1376 445 1390 ·
485 1358 611 1424 Πῶς
657 1357 884 1415 δύναται
913 1352 1076 1426 οὗτος
1106 1363 1243 1434 ἡμῖν
1292 1363 1482 1421 δοῦναι
1507 1365 1610 1438 τὴν
1643 1365 1828 1438 σάρκα

1937 1361 2194 1418 dicentes
2231 1378 2247 1416 :
2301 1356 2595 1428 Quomodo
2627 1357 2718 1413 hic
2761 1364 2944 1427 potest
2979 1352 3142 1409 nobis
3179 1353 3315 1408 dare
3348 1364 3577 1406 carnem

207 1455 408 1523 φαγεῖν
438 1471 452 1518 ;
483 1447 657 1507 Εῐπεν
679 1451 775 1507 οὖν
807 1454 998 1520 αὐτοῖς
1054 1457 1084 1509 0
1114 1456 1356 1529 Ἰησοῦς
1378 1475 1395 1491 ο
1439 1460 1642 1531 Ἀμὴν,
1672 1459 1826 1532 ἀμὴν

1937 1469 2082 1511 suam
2131 1455 2200 1511 ad
2228 1441 2562 1509 edendum?
2603 1450 2750 1505 Dixit
2799 1449 2884 1504 eis
2911 1447 3076 1504 Jesus
3117 1463 3134 1502 :
3167 1444 3370 1510 Amen,
3408 1457 3572 1499 amen

203 1545 357 1615 λέγω
379 1545 534 1616 ὑμῖν,
570 1545 668 1598 MV
711 1545 788 1616 μὴ
817 1547 1036 1618 φάγητε
1063 1546 1167 1621 τὴν
1201 1549 1383 1621 σάρκα
1411 1551 1508 1606 τοῦ
1532 1552 1668 1607 Υίοῦ
1728 1551 1826 1606 τοῦ

1939 1549 2064 1605 dico
2111 1547 2287 1616 vobis,
2334 1546 2444 1603 nisi
2483 1545 2714 1602 edcritis
2759 1557 2989 1599 carnem
3015 1539 3141 1595 Filii
3195 1538 3464 1603 hominis,
3503 1546 3562 1592 et

205 1635 529 1708 ἀνθρώπω,
569 1638 669 1694 καὶ
691 1637 857 1710 πίητε
890 1640 1061 1695 αὐτοῦ
1086 1641 1150 1695 τὸ
1179 1636 1345 1714 αἷμα,
1372 1645 1478 1699 οὐκ
1499 1645 1653 1717 ἔχιτε
1677 1645 1828 1718 ζωὴν

1937 1639 2177 1698 biberitis
2210 1640 2330 1709 ejus
2383 1637 2733 1710 sanguinem,
2782 1649 2891 1690 non
2946 1631 3224 1688 habebitis
3278 1631 3453 1684 vitam
3515 1628 3572 1683 in

209 1727 271 1782 ιν
301 1729 541 1820 ἑαυτοῖς.
581 1726 644 1783 '0
699 1729 938 1801 τρώγων
973 1749 1077 1802 μου
1113 1733 1218 1804 τὴν
1272 1736 1479 1808 σάρκα,
1513 1738 1608 1792 καὶ
1655 1744 1828 1793 πίνων

1938 1734 2120 1790 vobis;
2151 1733 2256 1801 Qui
2291 1732 2405 1787 edit
2436 1744 2620 1786 meam
2648 1742 2898 1792 carnem,
2937 1735 2995 1781 et
3027 1723 3168 1780 bibit
3210 1737 3395 1776 meum
3441 1735 3573 1776 sano

211 1837 317 1893 μου
353 1822 415 1875 τὺ
443 1815 610 1892 αἷμα,
642 1821 770 1893 εχει,
788 1820 940 1894 ζωὴν
966 1823 1192 1881 αἰώνιον
1214 1843 1228 1858 ⁸
1259 1829 1358 1882 καὶ
1380 1828 1496 1898 ἐγὼ
1530 1830 1828 1900 ἀναστήσω

1940 1828 2184 1898 guinem,
2208 1824 2378 1881 habet
2407 1824 2578 1878 vitam
2602 1830 2893 1884 aeternam,
2917 1826 2975 1874 et
3003 1831 3110 1888 ego
3133 1814 3418 1871 suscitabo
3446 1826 3573 1868 eum

206 1913 376 1969 αὑτὸν
404 1917 470 1984 τῇ
514 1914 728 1987 ισχάτῃ
753 1917 968 1989 ἡμέρᾳ.
1035 1918 1103 1973 Ἦ
1137 1918 1245 1993 γάρ
1278 1922 1420 1994 σάρξ
1453 1940 1556 1993 μου
1602 1923 1827 1996 ἀληθῶς

1942 1924 1997 1977 in
2037 1920 2341 1977 novissimo
2374 1916 2485 1974 die.
2519 1915 2667 1972 Caro
2696 1913 2845 1971 enim
2881 1925 3005 1967 mea
3033 1923 3166 1965 vere
3195 1916 3282 1966 est
3314 1906 3496 1973 cibus,
3518 1912 3580 1960 et

209 2005 334 2060 last
361 2005 592 2080 βρῶσις,
620 2009 718 2064 καὶ
746 2010 810 2063 τὸ
832 2004 975 2080 αἷμά
1019 2029 1125 2080 μου
1158 2013 1382 2085 άληθῶς
1416 2016 1536 2070 ἐστι
1569 2017 1757 2080 πόσις.
1801 2037 1820 2070 ι

218 2095 589 2163 ’Δκούσαντες
644 2100 698 2154 oi
760 2100 1010 2155 Ἰουδαῖοι
1067 2103 1200 2175 περὶ
1251 2103 1357 2174 τῆς
1412 2104 1676 2178 βρώσεως
1725 2109 1829 2176 τῆς

206 2187 416 2260 σαρκὸς
438 2186 537 2243 τοῦ
572 2189 806 2260 Κυρίου.
835 2191 1156 2249 ἀπιστοῦσι.
1192 2194 1294 2249 Διά
1321 2194 1486 2249 τοῦτο
1516 2197 1613 2250 καὶ
1642 2196 1706 2251 τὸ
1726 2199 1827 2269 τῆς

203 2280 472 2359 ἀπιστίας
504 2281 678 2354 ῥῆμα,
709 2284 805 2353 τις,
837 2302 856 2336 ι
887 2286 1050 2354 Πῶςς
1083 2306 1101 2339 ι
1137 2287 1685 2358 φθίγγονται.’οταν
1715 2291 1847 2365 γάρ·

203 2373 472 2440 ἀπιστίας
527 2376 792 2449 λογισμοὶ
836 2381 1162 2438 εἰσέλθωσιν
1199 2385 1282 2448 είς
1335 2383 1541 2457 ψυχὴν,
1558 2385 1685 2441 τότε
1726 2388 1826 2441 καὶ

201 2467 269 2521 τὸ
289 2506 306 2532 ,
340 2467 464 2532 Πῶς
482 2484 502 2534 ;
534 2470 972 2544 συνεισέρχεται.
1006 2475 1106 2529 Διά
1135 2474 1299 2531 τοῦτο
1336 2479 1434 2533 καὶ
1463 2478 1627 2543 αὐτὸς
1652 2478 1827 2536 θέλων

203 2559 406 2626 δεῖξαι,
431 2563 514 2615 ὅτι
545 2563 650 2618 οὐκ
683 2563 802 2619 ἔστι
835 2565 1001 2640 τοῦτο
1024 2567 1315 2638 ἀδύνατον,
1349 2571 1490 2626 ἀλλά
1540 2573 1639 2626 καὶ
1683 2574 1820 2643 σφό-

202 2655 311 2728 δρα
337 2658 667 2726 ἀναγκαῖον,
717 2660 814 2713 καὶ
866 2662 970 2715 οὐκ
1030 2661 1182 2715 εστιν
1218 2645 1404 2729 ’ἄλλως
1450 2644 1622 2736 ἒχειν·
1651 2666 1824 2739 ζωὴν,

211 2750 381 2822 φησίν
413 2766 426 2780 ·
469 2769 491 2803 ι
541 2751 672 2807 Ἐάν
733 2755 808 2825 μή
862 2771 969 2825 μου
999 2754 1101 2826 τὴν
1158 2756 1342 2824 σάρκα
1379 2759 1670 2830 φάγητε.»
1731 2762 1826 2816 καὶ

202 2842 279 2898 τά
304 2843 456 2914 ἑξῆς.
494 2843 657 2899 Οὕτω
697 2845 795 2899 καὶ
819 2847 851 2899 0
878 2847 1199 2920 Νικόδημος
1244 2851 1304 2917 ἐξ
1331 2852 1597 2918 ἀπιστίας
1623 2852 1782 2923 ἔλεγε
1806 2871 1822 2885 ο

211 2952 235 2988 ε
272 2935 396 3000 Πῶς
411 2937 639 2992 δύναται
661 2938 953 3009 ἄνθρωπος
970 2942 1238 2998 εἰσελθεῖν
1257 2945 1339 3008 είς
1353 2943 1458 3016 τὴν
1481 2947 1696 3000 κοιλίαν
1721 2946 1826 3017 τῆς

208 3031 423 3102 μητρός
451 3049 468 3099 ;
514 3051 533 3084 ι
572 3034 667 3086 Δεῖ
695 3033 876 3096 τοίνυν
896 3036 1049 3106 ἡμᾶς
1092 3037 1465 3105 ἀκούσαντας,
1497 3039 1585 3094 δτι
1607 3041 1704 3094 δάν
1746 3044 1825 3114 μὴ

1939 2013 2166 2086 sanguis
2199 2026 2354 2068 meus
2385 2024 2515 2065 vere
2538 2016 2626 2065 est
2651 2017 2836 2078 potus.
2870 2024 2890 2057 ι
2915 2002 3095 2059 Judaei
3124 2018 3252 2056 cum
3283 2000 3577 2056 audissent

1939 2107 2007 2164 de
2052 2099 2152 2163 esu
2207 2103 2396 2162 carnis
2446 2102 2616 2166 illius,
2674 2097 3021 2156 discredunt.
3066 2094 3198 2152 Ideo
3246 2101 3306 2150 et
3338 2091 3570 2148 verbum

1937 2195 2590 2256 incredulitatisdicunt:
2622 2191 2916 2260 Quomodo
2942 2190 2967 2245 ἳ
3001 2185 3141 2244 Nam
3170 2186 3396 2258 quando
3420 2183 3573 2255 cogiv

1940 2295 2182 2351 lationes
2215 2287 2629 2347 incredulitatis
2659 2285 3057 2360 ingrediuntur
3087 2283 3147 2338 in
3179 2282 3448 2347 animam,
3486 2279 3574 2359 in-

1937 2390 2188 2463 greditur
2234 2386 2426 2452 simul,
2481 2380 2817 2451 Quomodo?
2861 2379 3168 2451 Propterea
3216 2377 3337 2447 ipse
3382 2371 3576 2431 volens

1939 2485 2042 2538 hoc
2076 2480 2374 2536 ostendere
2415 2476 2562 2548 quod
2592 2489 2722 2531 non
2746 2473 2819 2529 sit
2858 2469 3234 2544 impossibile,
3267 2468 3365 2524 sed
3404 2466 3576 2524 etiam

1935 2575 2095 2630 valde
2137 2571 2538 2636 necessarium,
2584 2567 2665 2622 ait
2713 2583 2730 2624 :
2768 2563 2890 2621 Non
2940 2575 3123 2636 potest
3168 2564 3334 2619 aliter
3368 2561 3567 2618 haberi

1935 2666 2075 2732 vita,
2113 2684 2133 2718 ι
2173 2664 2277 2719 nisi
2317 2672 2498 2718 meam
2542 2672 2771 2718 carnem
2803 2656 2972 2730 595
3020 2656 3368 2723 comedatis,
3401 2673 3427 2706 »-
3461 2663 3574 2710 etc.

1936 2761 2017 2817 Ita
2048 2769 2104 2816 et
2132 2756 2479 2814 Nicodemus
2510 2770 2581 2809 ex
2616 2753 3009 2830 incredulitate
3037 2750 3262 2807 dicebat
3295 2765 3310 2804 :
3359 2769 3379 2803 ι
3419 2749 3572 2818 Quo.

1937 2855 2104 2910 modo
2145 2857 2328 2922 potest
2383 2849 2555 2904 homo
2595 2847 2821 2902 intrare
2861 2844 2916 2900 in
2961 2853 3216 2900 ventrem
3259 2839 3504 2898 matris?
3549 2859 3572 2894 ι

1935 2947 2171 3020 Oportet
2204 2943 2374 3016 igitur
2411 2956 2536 3005 nos,
2564 2954 2694 2995 cum
2745 2937 3155 3004 audiverimus,
3189 2933 3310 2991 Nisi
3344 2933 3576 2990 ederitis

1937 3055 2162 3098 carnem
2196 3037 2346 3105 Filii,
2383 3050 2494 3091 non
2525 3034 2808 3091 habebitis
2843 3033 3041 3098 vitam,
3072 3030 3129 3086 in
3163 3026 3578 3101 sumptionibus

206 3123 481 3194 φάγωμεν
507 3124 610 3196 τὴν
653 3125 840 3197 σάρκα
861 3127 960 3182 τοῦ
995 3128 1157 3197 Υίοῦ,
1183 3132 1289 3186 οὐκ
1322 3131 1528 3204 ἔχομεν
1559 3132 1734 3205 ζωὴν,
1766 3135 1825 3190 ιν

1940 3133 2255 3190 divinorum
2288 3127 2685 3202 mysteriorum
2709 3124 3083 3180 indubitatam
3111 3121 3352 3177 retinere
3383 3118 3574 3184 iidem,

203 3217 333 3282 ταῖς
367 3216 708 3290 μεταλήψισι
735 3219 850 3276 τῶν
877 3220 1045 3276 θείων
1082 3224 1411 3297 μυστηρίων
1439 3224 1632 3281 πίστιν
1677 3225 1828 3299 ἔχειν

205 3306 560 3371 ἀδίστακτον.
590 3311 690 3366 καὶ
734 3310 812 3384 μὴ
843 3312 1038 3385 ζητεῖν
1066 3312 1150 3381 τὺ,
1184 3315 1311 3379 Πῶς
1341 3334 1358 3384 ;
1394 3315 1458 3370 Ὅ
1493 3316 1604 3389 γάρ
1659 3317 1830 3392 ψυχι-

156 3402 165 3411 ’
207 3401 310 3465 κὸς
359 3401 674 3474 ἄνθρωπος,
695 3405 1006 3477 τουτέστιν,
1039 3407 1072 3460 0
1118 3409 1409 3479 λογισμοῖς
1453 3409 1828 3483 ἀνθρωπίνοις

207 3493 310 3548 καὶ
351 3493 634 3565 ψυχικοῖς,
662 3496 785 3567 ἦτοι
834 3503 1116 3570 φυσικοῖς,
1146 3501 1444 3573 ἑπόμενος,
1497 3504 1564 3559 οὐ
1607 3491 1832 3578 δέχεται

205 3587 282 3642 τά
315 3588 456 3661 ὔπὶρ
479 3589 646 3658 φύσιν
675 3592 773 3646 καὶ
810 3596 1172 3664 πνευματικά
1202 3612 1216 3626 ·
1247 3596 1448 3672 ὥσπερ
1474 3593 1570 3654 οὖν
1600 3602 1700 3654 καὶ
1728 3599 1830 3673 τὴν

201 3683 600 3757 πνευματικὴν
631 3683 842 3755 βρῶσιν
865 3687 969 3758 τῆς
1001 3686 1098 3741 τοῦ
1131 3687 1569 3763 Κυρίουυσαρκδς
1591 3692 1655 3747 06
1677 3695 1827 3762 νοεῖ,

207 3766 279 3846 ἧς
311 3774 363 3827 οί
402 3775 478 3846 μὴ
533 3778 1084 3851 μεταλαμϐάνοντες,
1120 3781 1389 3855 ἀμέτοχοι
1441 3783 1665 3840 εσονται
1723 3786 1830 3858 τῆς

210 3867 435 3921 αίωνίου
461 3866 635 3940 ζωῆς,
665 3869 743 3934 ὡς
775 3870 853 3943 μὴ
885 3873 1334 3947 παραδεξάμενοι
1361 3878 1456 3932 τὸν
1493 3878 1713 3951 Ἰησοῦν
1734 3879 1829 3934 τὸν

209 3956 348 4013 ὄντα
380 3957 532 4030 ζωὴν
561 3960 848 4035 ἀληθινήν.
893 3964 970 4019 06
995 3966 1108 4037 γάρ
1139 3966 1307 4037 ψιλοῦ
1355 3968 1832 4043 ἀνθρώπου-σάρξ

209 4049 425 4121 ἔστινή
472 4049 794 4123 ισθιομινη,
843 4053 984 4109 ἀλλά
1008 4055 1177 4123 Θεοῦ,
1203 4061 1302 4112 καὶ
1340 4058 1620 4116 θεοποιεῖν
1665 4062 1828 4116 δυνα-

213 4145 382 4215 μάνη.
428 4143 505 4210 ὦς
553 4145 935 4218 ἀνακραθεῖσα
985 4148 1229 4222 θεότητι.
1255 4150 1410 4225 Αὕτη
1451 4154 1549 4208 καὶ
1606 4153 1832 4227 ἀληθῶς

206 4236 332 4291 ιστι
369 4234 598 4308 βρῶσις,
623 4237 764 4293 καθὸ
813 4239 878 4293 οὐ
933 4239 1076 4314 πρὸς
1115 4241 1303 4313 ὀλίγον
1340 4246 1538 4320 καιρὸν
1586 4247 1829 4322 διαρκεῖ,

207 4326 336 4391 060's
369 4327 663 4400 φθείρεται
695 4329 955 4406 καθάπερ
989 4335 1025 4406 η
1055 4335 1263 4408 ρευστὴ
1297 4335 1526 4408 βρῶσις,
1546 4326 1700 4397 ’ἀλλὰ
1727 4345 1832 4414 τῆς

211 4422 439 4478 αἰωνίου
497 4421 648 4494 ζωῆς
691 4425 848 4479 εστιν
897 4425 1220 4500 ἐπίκουρος.
1283 4429 1519 4502 Ὁμοίως
1563 4433 1624 4488 δι
1669 4436 1826 4510 καὶὴ

1935 3234 1992 3284 ct
2027 3239 2140 3281 non
2174 3237 2448 3295 qnmrere,
2481 3218 2606 3288 Quo
2657 3216 2865 3290 pacto?
2893 3213 3037 3272 Nam
3069 3212 3334 3272 animalis
3375 3210 3570 3277 homo,

1935 3320 2042 3376 hoc
2072 3326 2160 3373 est
2199 3317 2293 3388 qui
2336 3316 2594 3386 sequitur
2642 3303 3013 3383 cogitationes
3055 3309 3332 3365 humanas
3357 3317 3418 3364 et
3449 3304 3572 3361 ani-

1935 3412 2131 3478 males,
2182 3412 2300 3467 sive
2350 3408 2684 3475 naturales,"
2705 3419 2818 3462 non
2850 3413 2942 3462 est
2990 3410 3172 3476 capax
3204 3415 3401 3459 eorum
3447 3415 3574 3472 qua:

1937 3516 2071 3563 sunt
2103 3519 2274 3576 super
2304 3513 2586 3569 naturam,
2619 3511 2680 3559 et
2721 3499 3127 3573 spiritualium.
3164 3498 3348 3568 Atque
3390 3495 3471 3551 ita
3517 3503 3577 3550 et

1936 3597 2293 3670 spiritualem
2310 3611 2468 3653 esum
2496 3596 2683 3653 carnis
2713 3593 3024 3651 Dominica'
3053 3607 3163 3647 non
3197 3589 3532 3671 intelligit.“
3559 3607 3574 3645 :

1937 3691 2099 3764 cujus
2130 3690 2224 3763 qui
2260 3707 2372 3747 non
2400 3699 2532 3746 sunt
2560 3689 2895 3762 participes,
2935 3701 3049 3742 non
3081 3695 3248 3742 erunt
3275 3682 3578 3756 participes

1935 3795 2162 3841 aeterna
2194 3785 2345 3852 vita,
2376 3799 2444 3841 eo
2474 3784 2626 3855 quod
2670 3799 2782 3840 non
2800 3787 3187 3853 susceperunt
3218 3778 3437 3848 Iesum,
3471 3777 3571 3851 qui

1932 3887 2022 3937 est
2055 3875 2181 3934 Vita
2218 3887 2454 3935 aeterna.
2500 3875 2622 3934 Non
2656 3875 2821 3932 'enim
2855 3874 2992 3931 nudi
3041 3870 3289 3930 hominis
3325 3885 3461 3928 caro
3487 3880 3580 3929 est

1933 3986 2060 4046 quae
2095 3970 2490 4039 manducatur,
2522 3970 2631 4046 sed
2665 3968 2806 4036 Dei,
2837 3978 2894 4024 et
2925 3983 3051 4038 qua:
3096 3965 3364 4025 deiﬁcare
3403 3965 3578 4032 valet,

1937 4073 2133 4136 utpote
2181 4072 2597 4134 contemperata
2651 4061 2868 4119 deitati.
2930 4061 3040 4117 Ista
3088 4062 3260 4117 etiam
3314 4074 3448 4117 vere
3492 4067 3583 4116 est

1937 4160 2117 4225 cibus,
2142 4173 2210 4215 eo
2243 4157 2394 4230 quod
2426 4172 2537 4214 non
2563 4157 2634 4214 ad
2667 4171 2905 4229 parvum
2934 4165 3153 4228 tempus
3183 4155 3367 4220 duret,
3395 4168 3581 4225 neque

1936 4263 2333 4325 corrumpatur
2366 4252 2513 4310 sicut
2561 4250 2946 4323 corruptibilis
2990 4251 3150 4307 cibus
3174 4291 3191 4318 ,
3225 4251 3323 4307 sed
3353 4234 3604 4307 aternm

1937 4345 2068 4402 vitae
2113 4345 2189 4401 sit
2226 4344 2565 4402 subsidium.
2615 4342 2890 4400 Similiter
2948 4352 3007 4399 et
3055 4352 3224 4414 potus
3285 4343 3581 4414 sanguinis

1943 4439 2183 4509 Domini,
2215 4454 2349 4497 vere
2387 4448 2475 4497 est
2507 4448 2672 4511 potus
2705 4456 2721 4496 :
2755 4439 2889 4511 quia
2922 4453 3032 4494 non
3067 4439 3136 4492 ad
3168 4447 3388 4510 tempus
3420 4437 3580 4496 sum-

208 4514 372 4579 πόσις
423 4513 522 4570 τοῦ
551 4514 795 4588 αἵματος
824 4516 924 4573 τοῦ
963 4519 1199 4592 Κυρίου,
1223 4520 1448 4594 ἀληθῶς
1469 4526 1609 4592 ,ἑστι
1640 4527 1824 4598 πόσις,

1937 4533 2013 4592 cit
2044 4534 2159 4601 siti,
2202 4534 2300 4590 sed
2326 4548 2550 4606 semper
2594 4532 2806 4605 absque
2851 4531 2944 4589 siti
2988 4541 3307 4599 conservat,
3356 4547 3459 4589 ucc
3496 4533 3582 4588 in-

205 4609 292 4663 δτι
333 4607 410 4681 μὴ
459 4609 602 4682 πρὸς
634 4611 834 4684 καιρὸν
865 4612 1110 4686 ἀπαρκεῖ
1136 4613 1216 4687 τῷ
1239 4615 1415 4688 δίψει,
1444 4618 1565 4675 ἀλλ’
1599 4622 1680 4688 είς
1737 4624 1829 4678 ἀεὶ

210 4703 406 4776 ἀδιψον
433 4705 690 4778 διατηρεῖ
717 4707 814 4761 καὶ
834 4707 1103 4780 ἀνεπιδεῆ
1131 4709 1224 4765 τὸν
1255 4712 1454 4769 πιόντα
1470 4731 1487 4746 ·
1519 4714 1707 4783 καθὼς
1733 4719 1831 4774 καὶ

210 4796 353 4870 πρὸς
380 4799 480 4873 τὴν
498 4799 838 4872 Σαμαρεῖτιν
883 4800 1097 4871 ιλεγεν,
1130 4801 1240 4868 ὅτι,
1271 4821 1290 4856 ι
1336 4805 1400 4860 '0
1431 4808 1610 4863 πίνων
1638 4812 1704 4866 ἐκ
1731 4812 1828 4868 τοῦ

209 4889 410 4957 ὓδατος
483 4883 549 4947 οὖ
596 4890 712 4963 ιγὼ
770 4892 956 4959 δώσω,
1009 4896 1074 4950 οὐ
1124 4895 1357 4969 διψήσῃ.
1395 4917 1416 4951 ι
1475 4899 1668 4967 Ὅστις
1717 4904 1831 4976 γάρ

206 4985 313 5058 τὴν
338 4985 504 5058 χάριν
530 4984 628 5043 τοῦ
653 4985 818 5066 ἀγίου
852 4987 1178 5060 Πνεύματος
1217 4990 1308 5046 διά
1331 4992 1436 5064 τῆς
1463 4996 1831 5069 μεταλήψεως

206 5078 322 5134 τῶν
375 5079 542 5135 θείων
576 5082 1170 5156 μυστηρίων·δέξεται,
1208 5085 1336 5141 οὔτε
1389 5088 1659 5161 λιμώττει
1696 5109 1827 5167 νοη·

206 5171 302 5228 τὸν
325 5171 510 5245 λιμὸν,
540 5172 668 5228 οὔτε
697 5173 835 5248 διψᾷ
855 5173 1034 5247 δίψος,
1060 5172 1178 5232 οἷον
1197 5179 1248 5233 oi
1271 5178 1528 5240 ἀπιστοι.

227 5263 310 5350 ’,ι
366 5263 430 5320 '0
465 5264 699 5338 τρώγων
749 5283 864 5340 μου
892 5267 998 5341 τὴν
1045 5270 1253 5342 σάρκα,
1281 5275 1380 5328 καὶ
1416 5277 1594 5333 πίνων
1622 5296 1728 5350 μου
1763 5283 1830 5338 τὸ

210 5348 376 5428 αἷμα,
414 5356 475 5412 ιν
513 5358 641 5430 ίμοὶ
672 5358 850 5430 μένει,
907 5361 1072 5431 κάγὼ
1121 5363 1183 5418 ιν
1217 5365 1393 5439 αὐτῷ.
1442 5348 1645 5436 Καθὼς
1689 5373 1832 5429 ἀπέ-

211 5451 393 5507 στσιιλι
430 5470 502 5526 με
522 5453 555 5507 0
582 5453 696 5520 ζῶν
727 5455 947 5529 Πατὴρ,
991 5457 1156 5530 κάγὼ
1188 5459 1272 5531 ζῶ
1299 5462 1394 5520 διά
1437 5464 1534 5521 τδν
1565 5466 1788 5540 Πατέρα
1809 5485 1826 5503 ο

210 5554 306 5602 ut
336 5545 369 5601 0
393 5543 631 5620 τρώγων
659 5565 755 5620 με,
792 5551 1052 5618 κάκεῖνος
1092 5553 1328 5627 ζήσεται
1357 5558 1433 5613 δι’
1487 5562 1617 5632 εμί.
1652 5558 1831 5630 Οὗτός

211 5638 366 5693 ἐστιν
391 5641 424 5696 0
453 5641 622 5716 ἄρτος
648 5642 680 5697 0
707 5645 774 5699 εκ
802 5645 902 5700 τοῦ
923 5645 1167 5720 οὐρανοῦ
1215 5652 1472 5720 καταϐάς
1494 5671 1510 5687 ·
1546 5656 1609 5711 οὺ
1640 5657 1831 5727 καθὼς

211 5732 420 5808 ἔφαγον
438 5735 504 5791 τὸ
525 5738 712 5810 μάννα
733 5741 786 5796 oi
811 5740 1056 5816 πατιρες
1091 5743 1253 5818 ὑμῶν
1292 5746 1355 5803 ιν
1381 5750 1451 5824 τῇ
1482 5750 1703 5829 ιρήμῳ,
1733 5757 1831 5814 καὶ

252 5908 336 6004 ί⁸⁹
371 5927 548 5992 “30'-
600 5949 661 6003 ην
722 5933 810 5993 N-
887 5937 945 6017 '.’_
1007 5935 1165 5999 Joan.
1231 5956 1307 6013 ιτ,
1343 5941 1436 6000 l3.

1937 4628 2126 4702 digere
2149 4629 2423 4701 permittit
2453 4629 2760 4695 bibentem,
2793 4627 2944 4687 sicut
2976 4637 3035 4684 et
3069 4626 3138 4682 ad
3161 4625 3576 4683 Samaritanam

1935 4728 2156 4786 dicebat
2193 4747 2210 4786 :
2240 4747 2261 4783 ι
2315 4730 2423 4798 Qui
2463 4728 2604 4786 bibit
2631 4743 2708 4784 ex
2749 4742 2893 4798 aqua
2913 4741 3096 4798 .quam
3122 4739 3227 4798 ego
3260 4727 3429 4792 dabo,
3467 4739 3578 4782 non

1935 4821 2092 4886 sitiet
2136 4821 2208 4878 ".
2262 4840 2284 4875 ι
2335 4819 2475 4878 Nam
2521 4819 2780 4892 quisquis
2814 4817 3055 4887 gratiam
3104 4816 3286 4874 sancti
3330 4816 3580 4888 Spiritus

1933 4933 2036 4991 per
2063 4917 2436 4988 sumptionem
2460 4914 2774 4973 divinorum
2801 4913 3193 4984 mysteriorum
3221 4912 3562 4983 susceperit,

1936 5027 2118 5086 neque
2142 5011 2345 5069 {amem
2379 5007 2724 5085 spiritualem
2751 5021 2937 5080 neque
2962 5006 3115 5063 sitim
3149 5007 3415 5079 patietur,
3444 5021 3584 5080 qua-

1940 5106 2048 5165 lem
2079 5106 2374 5164 increduli.

2021 5288 2187 5347 Vsus.
2216 5289 2419 5347 57-59.
2463 5307 2482 5342 ι
2537 5287 2644 5357 Qui
2677 5289 2808 5346 edit'
2835 5302 3017 5346 meam
3067 5300 3319 5354 carnem,
3348 5295 3406 5343 et
3443 5283 3584 5342 bibit

1939 5398 2123 5440 meum
2154 5381 2515 5455 sanguinem,
2539 5381 2594 5437 in
2622 5396 2722 5438 me.
2740 5390 2950 5448 manet,
2975 5389 3031 5438 et
3055 5393 3160 5451 ego
3187 5379 3242 5434 in
3272 5377 3389 5434 illo.
3421 5375 3582 5434 Sicut

1947 5475 2100 5533 misit
2135 5491 2228 5533 me
2257 5476 2454 5533 vivens
2486 5474 2677 5546 Pater,
2708 5477 2784 5533 ita
2815 5485 2874 5534 et
2901 5491 3009 5548 ego
3039 5476 3169 5532 vivo
3207 5483 3436 5547 propter
3467 5470 3581 5527 Pa.

1947 5579 2128 5639 trem,
2154 5580 2212 5628 et
2259 5571 2354 5643 qui
2397 5571 2580 5629 ederit
2611 5586 2725 5637 me,
2762 5579 2820 5628 et
2866 5570 2989 5643 ipse
3023 5569 3171 5647 vivet
3203 5577 3436 5642 propter
3469 5580 3580 5622 me.

1946 5663 2051 5723 llic
2097 5673 2186 5724 est
2235 5665 2397 5739 panis
2446 5667 2543 5739 qui
2576 5667 2649 5724 de
2697 5665 2844 5725 cmlo
2885 5664 3177 5723 descendit
3229 5681 3244 5720 :
3281 5675 3393 5737 non
3431 5659 3582 5717 sicut

1939 5759 2311 5822 comederunt
2360 5771 2548 5836 patres
2591 5760 2764 5819 vestri
2813 5773 3053 5830 manna,
3089 5765 3146 5815 et
3172 5753 3383 5814 mortui
3424 5760 3579 5813 sunt.
