4218 6424
216 404 354 468 1313

901 399 1350 465 ENARRATIO
1394 399 1474 460 IN
1515 395 2023 460 EVANGELIUM
2062 397 2414 460 JOANNIS.
2446 424 2515 436 -
2556 401 2716 463 CAP.
2756 401 2856 464 VI.

3406 402 3552 474 13M

213 520 590 584 σκανδαλίζειν
628 518 861 588 μᾶλ>.ον;
899 517 1011 570 Καὶ
1075 517 1186 586 γὰρ
1244 515 1293 566 οἱ
1348 514 1597 583 μαθηταὶ
1641 510 1810 565 αὑτοῦ

1925 511 2121 582 scipnli
2155 513 2273 582 ejus
2302 512 2388 568 his
2416 513 2642 578 auditis,
2673 517 2956 580 dixerunt,
2992 533 3011 566 t
3046 516 3226 574 Durus
3247 523 3336 573 est
3364 531 3550 578 sermo

211 612 569 677 ἀκούσαντες,
602 606 786 664 εἷπον·
829 628 845 660 ι
879 607 1126 677 Σκληρός
1178 609 1330 659 ἐστιν
1355 607 1382 657 ὁ
1414 604 1574 671 λόγος
1609 596 1768 663 οὗτος
1797 616 1812 633 ·

208 704 290 766 τίς
307 702 537 756 δύναται
560 700 728 754 αὐτοῦ
749 699 972 753 ἀκούειν
993 716 1007 764 ;
1037 716 1055 749 ι
1079 697 1143 751 Τί
1170 695 1264 748 οὖν
1287 694 1348 747 τὸ
1381 693 1575 763 κέρδος
1608 694 1673 744 ἐκ
1698 689 1817 745 τού-

209 811 321 846 των
347 792 456 845 τῶν
492 790 788 861 ρημάτων;
815 791 924 843 Καὶ
953 788 1098 860 μάλα
1131 786 1270 840 πολὺ
1303 787 1398 839 καὶ
1441 784 1609 855 μέγα.
1658 782 1817 835 Ἐπεὶ

209 888 322 957 γὰρ
351 884 679 955 σωματικῆς
705 883 920 955 τροφῆς
953 881 1271 952 ἐμέμνηντο
1302 877 1570 949 συνεχῶς,
1628 877 1724 930 καὶ
1755 876 1816 928 τὸ

212 980 394 1046 μάννα
437 979 517 1041 εἰς
570 979 739 1048 μέσον
789 974 1130 1048 προύφερον,
1188 972 1454 1026 δεικνύων
1490 971 1701 1035 αὐτοῖς,
1733 970 1845 1031 ὅτι·

210 1072 392 1126 πάντα
435 1073 625 1125 ἐκεῖνα
654 1069 818 1123 τύποι
854 1065 1000 1141 ἦσαν
1026 1069 1121 1121 καὶ
1154 1067 1305 1129 σκιὰ,
1352 1065 1422 1120 τὰ
1455 1065 1553 1117 νῦν
1594 1065 1652 1118 δὲ
1683 1063 1815 1134 παρ’

209 1165 380 1218 αὑτοῦ
408 1165 684 1235 λεγόμενα
717 1162 916 1226 ταῦτα,
949 1161 1092 1214 εἰσὶν
1119 1163 1150 1232 ἡ
1181 1159 1432 1230 ἀλήθεια,
1467 1160 1659 1212 τούτου
1697 1157 1818 1209 ἓνε-

207 1276 308 1313 κεν
334 1259 508 1312 ταῦτα
562 1259 737 1326 λέγει,
784 1258 880 1310 καὶ
919 1256 1131 1327 τροφῆς
1166 1253 1554 1323 πνευματικῆς
1595 1254 1815 1323 μέμνη-

205 1370 321 1419 ται,
380 1353 466 1406 ἵνα
500 1352 667 1422 πείσῃ
728 1344 946 1412 αὐτοὺς
980 1350 1091 1404 ἀπὸ
1129 1348 1240 1401 τῶν
1296 1346 1577 1418 αἰσθητῶν
1628 1345 1816 1405 ποσῶς

205 1446 526 1511 ἀνανεῦσαι,
553 1446 648 1500 καὶ
677 1444 788 1498 τῶν
825 1444 887 1497 τύ
900 1463 1016 1497 πων
1047 1443 1149 1514 μὲν
1205 1443 1300 1496 καὶ
1327 1443 1427 1511 τῆς
1458 1442 1618 1502 σκιᾶς
1643 1456 1816 1494 κατα-

207 1538 503 1610 φρονῆσαι,
541 1540 610 1609 τῇ
643 1537 700 1590 δὲ
734 1536 971 1609 ἀληθείᾳ
1000 1535 1400 1606 προσδραμεῖν.
1446 1533 1587 1585 Ἀλλ’
1614 1533 1813 1584 ἐκεῖνοι

209 1633 380 1704 μηδὲν
440 1630 586 1702 ὑπὲρ
637 1630 736 1701 τὴν
791 1631 1050 1701 αἴσθησιν
1109 1630 1250 1681 νοεῖν
1309 1627 1628 1696 δυνάμενοι,
1686 1624 1812 1678 οὔτε

207 1725 578 1798 βελτιοῦνται,
657 1725 754 1778 καὶ
816 1725 1021 1794 μᾶλλον
1101 1721 1432 1792 ἀποπηδῶσι
1486 1719 1583 1772 καί
1642 1734 1809 1786 φασι·

209 1842 227 1872 ι
261 1821 508 1892 Σκληρός
538 1822 688 1874 ἐστιν
727 1821 755 1872 ὁ
784 1818 946 1888 λόγος
984 1808 1166 1880 οὗτος,
1211 1836 1228 1868 ι
1279 1816 1402 1869 ἀντὶ
1424 1814 1545 1876 τοῦ,
1578 1813 1808 1884 τραχὺς,

202 1919 318 1967 ἀπα
333 1915 615 1986 ράδεκτος.
642 1914 739 1975 Τίς
769 1914 879 1983 γὰρ
915 1912 1185 1982 σαρκικὺς
1206 1909 1304 1974 ὢν,
1342 1910 1573 1964 δύναται
1617 1925 1802 1978 παραι-

202 2008 463 2074 δέξασθαι
494 2007 879 2078 πνευματικὴν
914 2005 1150 2078 τροφὴν,
1199 2005 1296 2058 καὶ
1339 2006 1508 2075 ἄρτον
1561 2002 1813 2074 ἑξοὺρα-

202 2103 297 2158 νοῦ
332 2101 760 2169 καταὸαίνοντα,
795 2103 889 2156 καὶ
918 2101 1102 2172 σάρκα
1130 2100 1461 2170 ὲσοιομένην
1488 2116 1503 2166 ;
1550 2098 1724 2151 ’ὐταν
1755 2096 1811 2148 δὲ

199 2195 470 2269 ἀκούσῃς,
515 2195 599 2249 ὅτι
663 2196 712 2248 οἱ
768 2194 1018 2265 μαθηταὶ
1067 2191 1238 2248 αὐτοῦ
1287 2190 1679 2262 ἀπεπήδησαν,
1737 2187 1812 2260 μὴ

196 2293 328 2356 τοὺς
353 2291 525 2353 ὅντως
579 2289 833 2361 μαθητὰς
885 2289 1115 2359 νοήσῃς,
1169 2287 1312 2342 ἀλλὰ
1356 2287 1484 2348 τοὺς
1530 2286 1614 2348 εἰς
1654 2283 1814 2350 τάξιν

202 2383 467 2456 μαθητῶν
509 2381 662 2455 αὐτῷ
713 2382 1176 2446 ἀκολουθοῦντας,
1227 2381 1324 2434 καὶ
1359 2379 1436 2450 τῷ
1485 2380 1807 2448 φαινομένῳ

201 2480 356 2551 μόνῳ
387 2475 931 2551 σχήματιζομένους,
954 2478 1038 2530 ὅτι
1071 2476 1420 2530 διδάσκονται
1451 2477 1587 2544 παρ’
1616 2473 1808 2528 αὑτοῦ.

202 2573 316 2627 Καὶ
351 2573 460 2643 γὰρ
514 2572 573 2625 ὲν
607 2573 722 2634 τοῖς
776 2570 1053 2641 μαθηταῖς
1082 2558 1248 2639 ’ἦσάν
1277 2575 1446 2631 τινες,
1484 2565 1558 2629 οἳ,
1596 2566 1672 2629 ὼς
1711 2566 1812 2635 μὲν

200 2668 345 2738 πρὸς
374 2666 467 2720 τὸν
526 2655 689 2737 ὄχλον
725 2653 1172 2736 συγκρινόμενοι,
1212 2662 1465 2729 ἐλέγοντο
1497 2658 1668 2712 αὑτοῦ
1705 2675 1811 2728 μα-

200 2760 387 2833 θηταίο
425 2761 744 2830 παρέμενον
775 2761 888 2828 γὰρ
924 2755 1075 2826 αὐτῷ
1131 2755 1360 2806 πλείονα
1409 2752 1628 2824 καιρὸν,
1663 2753 1812 2823 ⁴ἢπερ

197 2853 252 2906 οἶ
282 2851 429 2922 ὄχλοι
452 2868 465 2881 '
494 2851 569 2913 ὡς
602 2849 658 2904 δὲ
691 2849 831 2920 πρὸς
857 2850 986 2910 τοὺς
1027 2846 1321 2916 ἀληθινοὺς
1345 2844 1516 2898 αὑτοῦ
1557 2843 1812 2915 μαθητὰς

197 2929 730 3016 παρεξεταζόμενοι,
765 2940 981 3003 οὐδενὸς
1011 2934 1155 3011 ἦσαν
1182 2939 1351 3004 ἄξιοι,
1381 2938 1490 2991 ἂτε⁷
1510 2936 1650 3007 πρὸς
1683 2954 1810 2990 και-

198 3041 296 3111 ρὸν
323 3038 724 3100 πιστεύσαντες
757 3035 930 3105 αὐτῷ,
962 3036 1056 3088 καὶ
1091 3034 1200 3087 ἀπὸ
1249 3033 1493 3105 ψυχρᾶς,
1534 3033 1602 3084 ἵν’
1635 3030 1811 3094 οὕτως

195 3131 366 3196 εἴπω,
398 3128 762 3201 θερμότητος.
803 3127 951 3198 Ὅρα
978 3127 1036 3180 δὲ
1062 3126 1347 3197 ἀνοησέαν.
1381 3127 1514 3180 Δέον
1539 3127 1648 3197 γὰρ
1675 3127 1813 3196 ἐρω-

192 3227 385 3297 τῆσαι,
414 3224 510 3276 καὶ
541 3224 737 3293 μαθεῖν
761 3223 830 3276 τὰ
869 3221 1240 3290 ἀγνοούμενα,
1275 3224 1326 3274 οἱ
1369 3221 1425 3274 δὲ
1454 3219 1807 3316 ἀποπηδῶσι,
1840 3257 1883 3316 C

196 3318 295 3370 καὶ
324 3314 482 3369 οὐδὲν
525 3313 920 3384 πνευματικῶς
953 3312 1423 3383 ἐκλαμϐάνονται,
1461 3311 1601 3367 ἀλλὰ
1625 3312 1807 3366 πάντα

196 3411 344 3464 κατά
380 3409 443 3463 τὸ
472 3409 830 3479 φαινόμενον.
871 3407 1030 3460 Ἐπεὶ
1055 3408 1167 3477 γὰρ
1216 3409 1397 3477 σάρκα
1432 3407 1663 3476 ἧκουονδ
1693 3408 1812 3462 ἐνό-

204 3506 388 3577 μιζον,
422 3505 506 3558 ὅτι
541 3503 934 3575 σαρκοφάγους
960 3500 1160 3564 αὐτοὺς
1201 3501 1511 3568 ἀναγκάζει
1543 3500 1809 3569 γενέσθαι

196 3605 293 3657 καὶ
315 3603 670 3673 αἱμοϐόρους.
704 3602 771 3653 Οἱ
805 3599 863 3654 δὲ
905 3598 1303 3668 πνευματικῶς
1337 3597 1588 3661 νοοῦντες
1617 3599 1807 3668 ἡμεῖς,

191 3698 321 3751 οὗτε
389 3696 737 3769 σαρκοφάγοι
779 3696 970 3762 ἐσμὲν,
1038 3696 1132 3748 καὶ
1189 3693 1394 3763 μᾶλλον
1457 3692 1809 3762 ὁγιαζόμεθα

191 3791 282 3843 διὰ
327 3789 429 3858 τῆς
472 3789 730 3858 τοιαύτης
777 3788 1011 3860 τροφῆς.
1067 3786 1254 3839 Θέλων
1294 3787 1351 3839 δὲ
1381 3787 1558 3851 δεῖξαι
1593 3787 1805 3854 αὐτοῖς,

191 3887 275 3938 ὅτι
298 3887 375 3948 ῶς
394 3884 531 3938 Θεὸν
554 3883 711 3936 οὐδὲν
738 3882 905 3935 αὑτὸν
928 3880 1186 3934 λανθάνει
1205 3879 1313 3933 τῶν
1338 3881 1395 3932 ὲν
1414 3883 1534 3943 ταῖς
1550 3881 1807 3951 καρδίαις

193 3979 402 4043 αᾷτῶν,
438 3976 604 4047 φησι·
669 3995 686 4026 ι
741 3974 920 4028 Τοῦτο
953 3975 1099 4044 ὑμᾶς
1156 3973 1536 4039 σκανδαλίζει;
1605 3994 1622 4024 ι
1676 3973 1806 4027 Ἐὰν

189 4072 288 4126 οὖν
325 4073 474 4143 ἴδητε
507 4073 587 4134 εἰς
628 4070 862 4140 οὐρανὸν
897 4070 1267 4140 ἀνερχόμενον
1309 4069 1431 4138 ἐμὲ,
1489 4069 1583 4122 τὸν
1616 4071 1806 4138 φαινό-

157 4159 172 4182 ί
199 4183 366 4236 μενον
432 4165 560 4218 Υἱὶν
622 4164 942 4235 ἀνθρώπου,
984 4164 1121 4214 ὅπου
1171 4157 1240 4233 ἦν
1297 4163 1357 4214 τὸ
1408 4162 1680 4233 πρότερον
1730 4161 1806 4225 ῶς

193 4261 368 4326 Θεός;
420 4259 480 4311 '0
521 4258 632 4328 γὰρ
661 4256 826 4319 αὐτὸς
866 4255 1155 4310 ἀναϐτίνει
1187 4256 1261 4318 ὡς
1314 4255 1631 4327 ἅνθρωπος,
1667 4258 1804 4310 ὅπου

190 4352 259 4426 ἦν
286 4355 350 4408 τὸ
380 4355 650 4426 πρότερον
689 4351 765 4414 ὡς
809 4352 965 4414 Θεὸς.
1025 4349 1187 4404 ἰοῦτο
1215 4351 1272 4404 δὲ
1307 4345 1484 4419 εἶπεν,
1537 4345 1627 4406 ἴνα
1660 4354 1805 4406 ἀπα-

191 4452 341 4519 γάγῃ
375 4449 573 4509 αὐτοὺς
598 4447 707 4498 ἀπὸ
740 4444 837 4496 τοῦ
868 4462 972 4515 νος).
1039 4462 1120 4496 ειν
1155 4444 1321 4497 αὑτὸν
1344 4440 1488 4496 εἶναι
1530 4445 1646 4496 υἱὸν
1693 4447 1807 4498 Ὶωι

193 4545 330 4613 σήφ.
370 4539 431 4594 Ὀ
468 4539 578 4610 γὰρ
624 4537 952 4604 πιστεύσας,
1011 4541 1086 4591 ᾀτι
1123 4539 1181 4588 ἐν
1217 4535 1436 4606 οὐρανῷ
1469 4533 1537 4609 ἦν
1572 4539 1631 4590 τὸ
1666 4537 1802 4610 πρό-

1926 601 2031 666 hic,
2068 591 2190 670 quis
2221 612 2402 671 petcst
2435 606 2583 658 illum
2616 606 2809 661 audire
2839 605 2862 659 3
2900 624 2919 656 ι
2951 604 3128 677 Igitur
3153 609 3300 677 quod
3329 606 3548 666 lucrum

1921 709 1984 750 es
2033 696 2119 750 his
2168 679 2395 752 rerhis?
2438 697 2557 752 imo
2589 697 2889 768 pluriutum
2943 709 2998 754 et
3035 701 3363 756 maximum.
3409 699 3551 756 Nam

1921 791 2184 858 quoniam
2221 805 2497 844 memores
2530 801 2688 844 erant
2719 791 2958 848 subinde
2988 793 3097 848 cibi
3135 796 3466 864 corporalis,
3493 805 3552 852 et

1925 898 2124 934 manna
2160 883 2210 934 in
2248 883 2487 937 medium
2523 885 2902 954 proferebant,
2941 887 3248 943 ostendens
3277 890 3361 945 eis
3392 889 3544 960 quod

1921 978 2106 1028 ountiu
2144 976 2233 1029 ilia
2273 979 2446 1047 ligura
2476 978 2709 1033 Therint'
2736 988 2788 1035 et
2825 980 3048 1046 umbra,
3081 996 3204 1051 qum
3255 984 3439 1036 autem
3477 983 3548 1039 ab

1924 1069 2044 1137 ipso
2083 1085 2227 1123 nunc
2271 1071 2729 1137 introducuntur,
2770 1074 2976 1129 veritas
3010 1076 3121 1130 sint
3159 1093 3171 1129 :
3204 1075 3327 1143 ejus
3371 1079 3550 1146 gratia

1923 1161 2039 1216 haec
2084 1165 2243 1229 dicit,
2279 1175 2332 1218 et
2376 1167 2687 1234 spiritualis
2739 1169 2848 1222 cibi
2905 1170 3247 1225 mentionem
3304 1171 3433 1226 facit
3489 1183 3550 1228 ut

1923 1255 2090 1309 faciat
2141 1271 2236 1310 eos
2293 1274 2319 1308 a
2383 1259 2742 1314 sensibilibus
2804 1262 3156 1330 aliquantum
3218 1279 3545 1333 emergere,

1921 1357 2386 1418 ('Otllcmltt'rt‘qllc
2419 1350 2619 1416 llgnras
2665 1364 2721 1405 et
2759 1354 2982 1408 umbras
3006 1394 3019 1418 ,
3054 1364 3109 1408 et
3135 1370 3434 1411 accurrere
3479 1360 3548 1412 ad

1922 1442 2237 1496 veritatem.
2263 1441 2367 1495 Sed
2404 1441 2476 1496 illi
2508 1460 2630 1496 cum
2657 1445 2788 1500 nihil
2821 1459 3043 1516 possent
3074 1449 3380 1520 intelligere
3403 1453 3551 1521 quod

1921 1549 2088 1602 Supra
2144 1550 2394 1600 sensum,
2430 1538 2686 1594 meliores
2732 1555 2841 1593 non
2877 1540 3034 1604 ﬁunt,
3069 1543 3166 1596 sed
3206 1525 3380 1615 magis
3411 1545 3553 1600 resi-

1920 1624 2081 1692 liunt,
2109 1636 2162 1680 et
2194 1627 2383 1682 dicunt
2421 1646 2432 1680 :
2475 1649 2492 1680 ι
2531 1630 2710 1685 Durus
2747 1641 2831 1685 est
2873 1648 3058 1688 sermo
3091 1635 3211 1700 hic,
3252 1655 3272 1688 ι
3309 1639 3410 1692 hoc
3443 1648 3555 1705 est,

1921 1736 2103 1790 aSper,
2134 1735 2187 1777 et
2211 1726 2306 1794 'qui
2343 1726 2547 1796 suscipi
2598 1738 2855 1797 nequeat.
2905 1729 3043 1796 Quis
3074 1734 3223 1787 enim
3257 1751 3383 1788 eum
3421 1750 3553 1791 car»

1923 1817 2061 1870 nalis
2107 1818 2200 1879 sit,
2241 1829 2425 1886 posset
2481 1825 2768 1891 suscipere
2821 1825 3172 1894 spiritualem
3226 1831 3438 1894 cibum,
3494 1841 3554 1887 et

1925 1924 2119 1978 panem
2158 1911 2249 1978 qui
2274 1913 2337 1963 de
2368 1912 2510 1967 ccelo
2542 1918 2850 1977 descendit.
2880 1928 2932 1970 et
2962 1934 3188 1974 carnem
3219 1939 3340 1987 qua:
3367 1939 3553 1979 come-

1924 2003 2112 2057 ditur?
2163 2004 2328 2077 597
2364 2007 2596 2074 Quando
2643 2021 2828 2064 autem
2882 2014 3042 2068 audis
3091 2017 3234 2084 quod
3296 2018 3550 2090 discipuli

1923 2095 2044 2164 ejus
2092 2099 2378 2163 recedunt,
2434 2115 2501 2154 ne
2557 2101 2898 2158 intellexeris
2947 2119 3043 2160 eos
3101 2107 3194 2176 qui
3257 2123 3388 2162 vere
3423 2120 3553 2166 sunt

1926 2190 2205 2260 discipuli,
2240 2193 2335 2246 sed
2369 2208 2464 2246 eos
2494 2195 2586 2264 qui
2645 2197 3028 2266 sequebantur
3062 2199 3116 2252 in
3148 2201 3344 2256 ordine
3381 2203 3555 2258 disci~-

1927 2287 2203 2355 pulorum,
2259 2297 2314 2340 et
2369 2280 2706 2343 videbantur
2763 2292 2993 2361 ligurum
3061 2294 3283 2361 quidem
3360 2311 3556 2366 gerere

1924 2377 2348 2447 discipulorum,
2406 2396 2532 2436 eum
2570 2383 2908 2438 docerentur
2962 2381 3036 2440 ali
3081 2401 3170 2442 eo.
3234 2387 3454 2443 Etenim
3500 2399 3559 2446 et

1927 2471 2074 2527 inter
2129 2472 2430 2541 discipulus
2497 2485 2659 2529 erant
2721 2479 2973 2547 quidam,
3027 2482 3122 2551 qui
3167 2483 3234 2535 ad
3283 2483 3554 2555 reliquam

1928 2565 2146 2618 turbam
2178 2566 2366 2621 collati
2413 2568 2748 2624 dicebantur
2784 2572 2906 2640 ejus
2941 2576 3194 2647 discipuli
3232 2579 3557 2648 (ntanebaut

1923 2659 2070 2715 enim
2114 2661 2254 2729 apud
2287 2677 2413 2715 eum
2450 2663 2700 2732 longiore
2754 2677 3004 2737 tempore
3034 2685 3201 2740 quam
3229 2672 3450 2740 turbaz),
3484 2673 3555 2730 ad

1924 2754 2064 2809 alios
2096 2766 2283 2822 autem
2345 2773 2506 2812 veros
2553 2761 2860 2828 discipulos
2892 2762 3101 2827 collati,
3159 2766 3366 2820 nullius
3394 2777 3553 2823 erant

1927 2851 2218 2917 momenti,
2249 2865 2314 2906 eo
2351 2854 2497 2922 quod
2533 2853 2599 2907 ad
2639 2863 2857 2924 tempus
2915 2858 3225 2914 credebant
3262 2860 3334 2928 ei,
3372 2873 3425 2916 et
3457 2861 3557 2917 l'ri-

1923 2943 2050 3014 gido
2082 2945 2322 3014 quodam
2351 2944 2435 3016 (ut
2461 2947 2542 2999 sic
2573 2947 2777 3013 dicam)
2813 2948 3020 3005 calore.
3059 2949 3196 3006 Vide
3233 2966 3420 3009 autem
3469 2954 3556 3010 in-

1924 3037 2237 3105 sipientiam
2295 3037 2535 3095 illorum.
2592 3038 2727 3093 Nam
2784 3041 3063 3096 debebant
3116 3043 3463 3117 interrogare
3498 3057 3556 3103 et

1925 3129 2140 3185 discere
2165 3145 2230 3184 ea
2285 3147 2409 3202 qua}
2457 3132 2830 3202 ignorabant:
2888 3146 2945 3189 at
2984 3135 3061 3190 illi
3113 3138 3458 3206 resiliebant,
3493 3150 3551 3196 et

1925 3223 2061 3277 nihil
2103 3224 2471 3294 spiritualiter
2501 3229 2878 3298 exponebant,
2934 3233 3030 3285 sed
3073 3232 3259 3286 omnia
3294 3243 3353 3287 ut
3397 3234 3555 3291 vide-

1917 3317 2141 3372 bantur.
2167 3317 2302 3372 Nam
2330 3319 2460 3389 quia
2495 3335 2721 3376 carnem
2755 3325 3068 3390 audierant,
3105 3329 3373 3395 putabant
3399 3331 3550 3401 quod

1916 3426 2014 3466 eos
2073 3425 2295 3484 cogeret
2339 3415 2526 3469 carnis
2565 3428 2621 3468 et
2659 3418 2948 3483 sanguinis
2981 3418 3097 3472 fieri
3151 3421 3544 3478 devoratores.

1915 3505 2053 3573 Quia
2103 3517 2286 3562 autem
2341 3503 2442 3563 uos
2500 3509 2870 3578 Spiritualiter
2931 3513 3318 3583 intelligimus,
3374 3532 3554 3589 neque

1915 3602 2166 3654 carnium
2217 3613 2506 3658 voratores
2554 3620 2655 3658 nos
2710 3621 2928 3669 sumus,
2971 3608 3080 3662 imo
3125 3609 3551 3665 sanctiﬁcamur

1915 3711 2014 3764 per
2047 3697 2211 3750 talem
2250 3698 2456 3750 cibum.
2491 3696 2695 3753 Voleus
2738 3711 2925 3778 ειυῳιιι
2954 3703 3257 3756 ostendere
3289 3703 3370 3758 eis
3399 3705 3546 3774 quod

1912 3787 2054 3843 sicut
2090 3787 2235 3844 Deus
2265 3791 2399 3845 nihil
2436 3791 2676 3862 ignoret,
2715 3795 2861 3861 quod
2897 3795 2969 3846 sit
3008 3796 3061 3846 in
3093 3795 3358 3851 cordibus
3397 3798 3550 3868 ipso-

1915 3898 2058 3948 rum,
2105 3884 2278 3938 dicit:
2320 3903 2340 3937 ι
2411 3883 2524 3940 lloc
2570 3900 2666 3940 vos
2712 3885 2978 3942 offendit?
3023 3907 3041 3940 ι
3078 3887 3222 3955 Quid
3281 3890 3454 3962 igitur
3500 3893 3548 3947 si

1914 3978 2164 4032 videritis
2196 3979 2587 4054 ascendentem
2627 3980 2679 4033 in
2715 3981 2919 4036 ctrluzn
2966 3998 3077 4048 me,
3115 3983 3211 4054 qui
3252 3987 3408 4039 \‘oliis
3445 3985 3543 4039 Fi-

1913 4073 2016 4126 lius
2078 4073 2316 4128 hominis
2367 4089 2490 4127 esse
2554 4075 2764 4140 videor,
2824 4077 2913 4130 ubi
2973 4090 3128 4131 erant
3184 4078 3341 4147 prius
3396 4063 3544 4134 sient

1911 4165 2096 4221 Deus?
2123 4166 2258 4220 Nam
2305 4169 2423 4238 ipse
2465 4170 2720 4222 ascendit
2765 4178 2824 4223 ut
2861 4170 3050 4236 homo,
3106 4172 3200 4226 ubi
3229 4182 3349 4227 erat
3391 4176 3546 4242 prius

1914 4275 1970 4315 ut
2001 4262 2169 4321 Deus.
2215 4261 2331 4318 lloc
2381 4272 2569 4318 autem
2611 4265 2750 4318 dixit
2791 4273 2848 4319 ut
2894 4266 3135 4321 abducat
3167 4283 3264 4322 eos
3319 4269 3388 4324 ab
3416 4272 3541 4340 opi-

1912 4357 2106 4423 nione,
2140 4373 2246 4426 qua
2279 4358 2543 4428 putabant
2590 4374 2715 4414 eum
2749 4359 2924 4414 hlium
2963 4376 3087 4417 esse
3135 4359 3370 4432 Ioseph.
3406 4363 3542 4419 Nam

1913 4451 2004 4518 qui
2042 4451 2220 4504 credit
2250 4453 2395 4520 quod
2437 4454 2491 4505 in
2549 4452 2691 4506 caelo
2719 4461 2839 4506 erat
2872 4455 3051 4522 prius,
3091 4458 3322 4509 onmino
3353 4458 3548 4511 credet

1917 4556 2042 4594 eum
2096 4555 2275 4611 neque
2325 4539 2529 4610 Joseph
2568 4557 2694 4597 esse
2728 4543 2922 4608 lilium,
2963 4545 3062 4599 sed
3115 4543 3241 4614 Dei,
3287 4557 3341 4601 et
3379 4546 3544 4604 {idem

189 4651 372 4706 τερον,
438 4635 659 4696 παντως
717 4632 894 4704 δήπου
951 4630 1238 4684 πιστεύσει
1287 4633 1454 4683 αὑτὸν
1507 4631 1646 4703 μηδὲ
1704 4632 1799 4685 τοῦ

1918 4635 2138 4690 habebit
2172 4636 2259 4703 iis,
2296 4652 2418 4705 qua:
2452 4636 2521 4691 ab
2549 4651 2615 4692 eo
2640 4631 3095 4694 dicuntur.Cum
3129 4653 3315 4697 autent
3351 4643 3545 4698 audie-

203 4730 409 4800 Ἰωσὴφ
437 4728 555 4780 υἱὸν
587 4722 753 4788 εἶναι,
786 4725 927 4778 ἀλλὰ
951 4725 1047 4778 τοῦ
1076 4725 1215 4778 Θεοῦ
1241 4742 1253 4755 ⁸
1301 4728 1395 4777 καὶ
1439 4725 1628 4778 λοιπὸν
1673 4743 1800 4778 πει-

192 4826 458 4896 σθήσεται
491 4827 605 4883 τοῖς
655 4822 789 4891 παρ’
841 4819 1011 4873 αὑτοῦ
1054 4821 1402 4890 λεγομένοις.
1454 4821 1805 4886 Ἀκούωνδὲ,

185 4923 274 4975 ὃτι
308 4921 343 4972 ’6
381 4918 506 4981 Υἱὸς
534 4917 629 4970 τοῦ
668 4913 964 4986 ἀνθρώπου
989 4917 1047 4967 ἐν
1075 4913 1295 4984 οὐρανῷ
1319 4909 1387 4984 ἦν
1420 4914 1480 4967 τὸ
1507 4915 1802 4986 πρότερον,

194 5016 272 5086 μὴ
309 5011 507 5082 νόμιζε
570 5013 653 5063 ὅτι
705 5010 1032 5083 ὲξγούρανού
1063 5008 1274 5078 κατέὅη
1307 5010 1367 5061 τὸ
1420 5009 1584 5080 σῶμα
1620 5012 1805 5081 (τοῦτο

187 5109 300 5178 γὰρ
335 5107 665 5177 Μαρκέλλου
698 5103 793 5156 τοῦ
834 5105 1197 5174 αἰρεσιάρχου
1246 5105 1343 5156 καὶ
1412 5105 1804 5176 ’Λπολιναρὶου

187 5204 251 5258 τὸ
309 5199 739 5272 παραλήρημα)·
784 5198 900 5251 ἀλλ’
962 5198 1152 5269 ἐπειδὴ
1212 5192 1292 5260 εἷς
1339 5203 1432 5252 καὶ
1472 5203 1498 5254 ὁ
1537 5203 1705 5266 αὐτὸς
1738 5198 1806 5274 ἦν

1915 4733 1993 4785 ris
2027 4729 2173 4801 quod
2209 4727 2381 4784 Filius
2427 4731 2671 4785 hominis
2693 4741 2813 4787 erat
2842 4734 2892 4786 in
2931 4735 3074 4789 coelo
3119 4735 3300 4806 prius,
3328 4752 3398 4792 ne
3437 4753 3543 4808 pu-

1911 4833 1992 4880 tes
2017 4825 2164 4894 quod
2198 4839 2266 4878 ex
2299 4825 2440 4879 coelo
2465 4825 2822 4879 descenderit
2876 4842 3104 4897 corpus,
3131 4838 3189 4882 ut
3235 4827 3539 4886 Marcellus

1907 4930 1964 4974 et
2010 4919 2390 4989 Apollinarius
2445 4920 2840 4975 lneresiarclne
2875 4921 3226 4978 delirarunt:
3283 4925 3380 4979 sed
3408 4927 3539 4997 quin

1909 5031 2052 5070 unus
2074 5023 2128 5069 et
2153 5015 2294 5069 idem
2323 5024 2443 5068 erat
2477 5011 2649 5069 Filius
2694 5015 2954 5079 hominis,
2979 5028 3036 5072 et
3090 5017 3237 5074 Deus
3271 5017 3539 5086 Verbum,

1909 5110 2137 5172 dicitur,
2177 5109 2322 5164 sicut
2346 5108 2614 5176 diximus,
2650 5111 2957 5167 ascendere
2986 5121 3046 5166 ιιι
3079 5114 3268 5180 ιιοιιιο,
3303 5115 3397 5170 ubi
3423 5125 3544 5172 erat

1907 5205 2063 5275 prius
2091 5213 2148 5259 ut
2177 5203 2344 5258 Deus.

189 5299 320 5359 Υἱὸς
354 5297 450 5351 τοῦ
491 5295 787 5367 ἀνθρώπου
841 5295 936 5348 καὶ
967 5295 1101 5359 Θεὸς
1129 5296 1324 5363 Λόγος,
1363 5299 1613 5376 λέγεται,
1653 5304 1798 5358 καθὰ
1834 5304 2090 5375 εἴπομεν,
2136 5303 2460 5358 ἀναόαίνειν
2497 5302 2574 5366 ὡς
2644 5302 2962 5375 ἄνθρωπος,
3032 5305 3171 5359 ὅπου
3205 5299 3275 5378 ἤν
3312 5306 3377 5362 τὸ
3413 5309 3544 5381 πρό-

184 5413 345 5468 τερον
375 5395 448 5458 ὡς
485 5395 636 5458 Θεός.

267 5510 285 5541 t
329 5489 403 5542 Τὸ
430 5489 650 5557 πνεῦμά
675 5490 793 5542 ἐστι
821 5491 882 5542 τὸ
910 5489 1210 5553 ζωοποιοῦν
1241 5507 1252 5520 ⁸
1285 5495 1316 5559 ἠ
1348 5491 1487 5562 σὰρξ
1520 5494 1620 5546 οὐκ
1648 5495 1799 5564 ὡφε-

188 5583 273 5638 λΞῖ
303 5586 481 5643 οὐδέν,
548 5584 629 5638 Τὰ
683 5587 908 5656 ῥήματα
968 5585 1001 5637 ἂ
1056 5585 1167 5652 ἐγὼ
1203 5586 1350 5639 λαλῶ
1388 5589 1539 5657 ὑμῖν,
1581 5591 1804 5662 πνεῦμά

189 5691 309 5742 ἐστι
352 5679 448 5734 καὶ
488 5681 600 5747 ζωὴ
638 5681 806 5730 ἐστιν.
859 5675 998 5728 Ἀλλ’
1043 5677 1149 5729 εἰσί
1185 5693 1332 5741 τινες
1366 5676 1425 5742 ἐξ
1474 5679 1630 5749 ὑμῶν
1660 5682 1710 5735 οἳ
1741 5686 1801 5735 οὐ

188 5790 569 5834 πιστεύουσιν.
611 5772 770 5844 ’ἱλιδει
819 5770 928 5841 γὰρ
991 5771 1050 5838 ἐξ
1099 5771 1278 5842 ἀρχῆς
1320 5775 1346 5825 ὁ
1389 5773 1621 5845 Ἰησοῦς,
1656 5778 1804 5841 τίνες

185 5875 328 5928 εἰσιν
361 5870 413 5924 οἱ
448 5868 526 5942 μὴ
559 5866 946 5932 πιστεύοντες,
979 5867 1074 5919 καὶ
1107 5867 1190 5930 τίς
1217 5869 1368 5921 ἐστιν
1394 5870 1420 5920 ό
1450 5870 1799 5942 παραδώσω-ι

185 5966 376 6024 αὐτόν.
421 5984 440 6019 ι
488 5962 739 6034 Ἐπειδὴ,
774 5965 848 6025 ὡς
892 5961 1158 6027 πολλάκις
1205 5964 1461 6036 εἴπομεν,
1515 5968 1800 6038 σαρκικῶς

1993 5497 2166 5549 Vens.
2203 5495 2293 5556 (ii,
2332 5491 2422 5547 6‘3.
2456 5512 2473 5543 ι
2520 5491 2762 5561 Spiritus
2825 5505 2910 5547 est
2955 5495 3049 5564 qui
3101 5495 3370 5558 viviﬁeat,
3409 5512 3541 5553 caro

1910 5609 2012 5646 non
2052 5592 2274 5658 prodest
2301 5587 2626 5658 quidquam.
2668 5573 2843 5643 verba
2901 5605 3023 5658 qua:
3067 5605 3169 5658 ego
3209 5593 3406 5660 loquor
3446 5608 3543 5647 vo:

1907 5685 2016 5746 bis,
2052 5685 2279 5754 spiritus
2311 5695 2366 5737 et
2409 5683 2519 5736 vita
2554 5693 2704 5736 sunt.
2737 5681 2844 5738 Sed
2876 5695 3005 5738 sunt
3031 5685 3254 5752 quidam
3286 5701 3350 5738 ex
3382 5687 3540 5742 vobis

1906 5780 1998 5849 qni
2043 5793 2147 5831 non
2184 5777 2440 5832 credunt.
2482 5774 2896 5831 Noveratenim
2936 5781 3003 5832 ab
3045 5779 3200 5832 initio
3225 5777 3408 5844 Jesns,
3441 5781 3536 5849 qui

1907 5883 2094 5928 essent
2150 5887 2257 5926 non
2306 5873 2618 5937 credentes,
2685 5871 2912 5942 etquis
2977 5873 3303 5941 proditurus
3384 5885 3539 5930 esset

1906 5971 2109 6042 ipsum.
2165 5989 2183 6023 ι
2250 5953 2545 6039 Quoniam,
2598 5979 2656 6025 ιιι
2713 5984 2856 6042 sa‘pe
2902 5971 3051 6026 dixin
3081 5986 3168 6039 us,
3241 5969 3542 6029 carnaliter
