4218 6424
666 358 811 444 ists

1599 367 2188 434 THEOPHYLAC'.“
2230 367 2651 431 BULGARIE
2690 368 3052 431 ARCHIEP.

3832 366 3984 433 1316

660 498 1002 564 exponentes
1034 502 1098 545 ea
1139 482 1612 559 quc'dicebantur
1668 500 1699 539 a
1738 484 1981 548 Christo,
2018 481 2258 537 oﬂende—

2366 480 2810 552 ὶκλαμῦάνοντες
2881 482 2949 537 τά
2997 483 3273 554 λεγόμενα
3336 481 3490 551 παρὰ
3540 478 3637 535 τοῦ
3703 481 3996 552 Χριστοῦ.

662 585 889 651 bantur,
914 582 1047 637 dicit
1071 580 1216 651 quod
1264 579 1644 650 Spiritualiter
1681 577 1986 645 intelligere
2022 590 2085 631 ea
2133 590 2256 645 qua:

662 677 922 732 dicuntur
970 689 1003 729 a
1050 690 1157 736 me,
1196 674 1297 728 hoc
1329 672 1507 727 solum
1562 672 1823 739 prodest;
1860 684 1990 724 caro
2043 680 2250 734 autem,

660 762 764 825 hoc
788 777 894 830 est,
919 768 1219 823 carnaliter
1258 766 1347 821 illa
1383 778 1683 834 exponere,
1710 762 1847 816 nihil
1882 762 2128 831 prodest.
2157 764 2253 816 sed

658 859 974 915 oﬂ'eudiculi
1008 858 1231 917 occasio
1262 856 1474 912 lit.-Sic
1518 856 1685 926 igitur
1730 856 1803 910 illi
1828 856 1918 924 qui
1962 854 2259 910 carnaliter

659 951 957 1008 audiebant
991 965 1113 1021 quae
1135 968 1162 1003 a
1190 949 1411 1005 Christo
1437 948 1785 1011 dicebantur,
1819 947 2254 1001 oﬂendebantur.

590 1074 593 1077 ν
660 1042 1057 1113 Subditigitur,
1106 1037 2039 1111 «Verbaquteeguloquor,spiritus
2072 1048 2251 1102 sunt,»

659 1138 764 1192 hoc
793 1146 898 1203 cst,
927 1133 1237 1206 spiritualia
1270 1142 1421 1199 sunt,
1457 1154 1477 1187 ι
1510 1140 1566 1188 et
1598 1133 1732 1197 vita,
1760 1127 1892 1186 nihil
1916 1131 2141 1186 carnale
2170 1134 2257 1186 ha.

659 1234 861 1300 bcntia,
907 1245 965 1286 et
1016 1233 1188 1286 vitam
1254 1230 1539 1285 aﬂereutia
1598 1238 1886 1283 aeternam.
1950 1224 2259 1281 Ostendens

656 1332 843 1378 autem
863 1322 1083 1377 deitatis
1098 1333 1224 1376 esse
1250 1320 1599 1389 dignitatem,
1614 1317 1865 1373 revelare
1892 1332 2016 1386 qua
2038 1316 2256 1372 occulta

657 1423 803 1480 sunt,
834 1413 973 1469 dicit
1003 1410 1072 1467 ad
1094 1425 1191 1466 eos
1225 1428 1240 1465 :
1272 1428 1293 1463 ι
1334 1412 1476 1466 Sunt
1506 1409 1730 1479 quidam
1746 1422 1816 1462 ex
1849 1408 2004 1463 vobis
2032 1408 2127 1478 qui
2154 1422 2259 1461 non

657 1504 911 1560 credunt.
952 1504 978 1557 ι
1024 1502 1224 1559 Dicens
1282 1511 1491 1568 autem,
1538 1519 1558 1553 ι
1616 1499 1867 1569 quidam,
1904 1516 1925 1551 ι
1960 1499 2262 1569 discipulos

654 1599 889 1665 excepit.
926 1594 1095 1668 593
1122 1594 1191 1650 Et
1213 1594 1548 1665 evangelista
1602 1593 1788 1649 volens
1811 1592 2101 1648 ostendere
2116 1590 2259 1661 quod

657 1689 725 1742 ab
745 1688 911 1743 initio
936 1688 1124 1743 mundi
1143 1688 1328 1743 omnia
1360 1686 1702 1757 cognoverit,
1726 1684 1899 1739 dicit:
1935 1702 1955 1736 ι
1986 1684 2071 1739 Ab
2102 1681 2261 1737 initio

659 1790 888 1834 noverat
927 1778 1090 1836 Jesus
1129 1782 1223 1851 qui
1255 1788 1445 1835 essent
1498 1792 1605 1832 non
1662 1778 1969 1843 credentes,
2042 1778 2262 1844 insuper

2360 575 2833 640 ἐσκανδαλίζοντο,
2890 576 3079 645 φησὶν,
3129 576 3245 640 ὅτι,
3276 574 3351 629 Τὸ
3395 574 3800 644 πνευματικῶς
3837 576 3998 627 νοεῖν

2360 668 2429 720 τὰ
2458 667 2730 737 λεγόμενα
2762 671 2894 738 παρ’
2922 666 3079 736 ἐμοῦ,
3120 667 3281 719 τοῦτό
3330 670 3448 721 ἐστι
3480 668 3539 721 τὺ
3593 666 3856 735 ὡᾳελεῦν
3891 684 3907 699 ο
3957 668 3995 735 ἡ

2362 758 2418 811 δι
2465 756 2626 828 σὰρξ,
2676 761 2947 823 τουτέστι,
2991 758 3054 811 τδ
3099 757 3386 829 σαρκικῶς
3418 759 3561 812 αὐτὰ
3618 758 3993 829 ἐκδέχεσθαι,

2360 850 2515 903 οὐδὲν
2583 849 2812 920 ὠφελεῖ,
2868 851 3008 904 ἀλλὰ
3070 851 3377 904 σκανδάλου
3446 850 3678 923 ἀφορμὴ
3732 850 3995 920 γίνεται.

2362 942 2519 997 Οῦτω
2545 944 2610 1015 δὴ
2646 946 2799 997 αὐτοὶ
2834 945 3121 1017 σαρκικῶς
3180 944 3477 1009 ἀκούοντες
3513 945 3623 998 τῶν
3657 948 3817 1016 παρὰ
3847 946 3994 1014 Χρι-

2364 1037 2493 1090 στοῦ
2523 1036 2865 1109 λεγομένων,
2898 1038 3375 1102 δσκανδελίζοντο.
3405 1038 3695 1110 Ἐπιφέρει
3720 1034 3847 1104 οὖν,
3868 1040 3988 1103 ὅτι,

2366 1147 2387 1181 ε
2426 1131 2507 1184 Τὰ
2535 1132 2783 1201 ῥήματα,
2831 1131 2868 1185 ἃ
2900 1131 3014 1199 ἐγὼ
3062 1132 3235 1197 λαλῶ,
3271 1132 3493 1201 πνεῦμά
3566 1133 3709 1198 ἐστι,
3755 1150 3777 1182 a
3817 1148 3992 1184 τουτ-

2363 1222 2506 1289 έστι,
2538 1224 2894 1294 πνευματικά
2942 1226 3082 1292 ἐστι,
3139 1244 3157 1276 ι
3201 1226 3300 1278 καὶ
3347 1223 3464 1294 ζωή
3514 1226 3687 1291 ἔστιν,
3738 1243 3756 1274 ι
3817 1224 3989 1277 οἰδὲν

2363 1314 2561 1385 ἔχοντα
2621 1316 2907 1383 σαρκικδν,
2962 1316 3058 1369 καὶ
3100 1316 3246 1387 ζωὴν
3299 1313 3678 1386 προξενοῦντα
3721 1313 3993 1368 αίὼνιον.·

2361 1405 2641 1459 Δεικνύων
2676 1404 2733 1457 δὲ
2764 1406 2827 1475 τδ
2858 1406 2956 1475 τῆς
3009 1405 3270 1477 θεότητος
3313 1404 3557 1474 ἀξίωμα,
3590 1404 3651 1457 τδ
3678 1403 3986 1457 ἀποκαλύ-

2363 1514 2521 1551 πτειν
2553 1500 2697 1568 φημὶ
2732 1498 2801 1549 τὰ
2827 1501 3220 1575 κεκρυμμένα,
3252 1499 3391 1570 φησὶ
3425 1497 3564 1568 πρὸς
3612 1497 3848 1561 αὐτοὺς,
3896 1497 3990 1550 ὅτι

2368 1609 2387 1643 ι
2421 1592 2543 1644 Εἰσί
2590 1608 2741 1657 τινες
2792 1593 2853 1659 ἐξ
2889 1592 3071 1663 ὑμῶν,
3115 1591 3165 1645 οῖ
3207 1590 3689 1645 οὗ·πιστεῦουσιν.
3728 1607 3748 1642 ι
3782 1588 3987 1644 Bitian

2362 1685 2442 1749 δὲ,
2494 1705 2514 1738 ι
2538 1683 2710 1756 τινὲς,
2750 1706 2769 1738 ›
2793 1687 2920 1749 τοὺς
2945 1685 3197 1757 μαθητὰς
3230 1688 3570 1755 ὑπεξήγαγε.
3596 1684 3711 1739 Καὶ
3737 1685 3766 1737 6
3804 1684 3991 1749 εὐαγ-

2363 1778 2625 1850 γελιστὴς
2688 1779 2862 1833 θέλων
2908 1781 3044 1851 ἡμῖν
3082 1779 3278 1845 δεῖξαι,
3342 1780 3425 1833 ὅτι
3494 1777 3601 1847 πρὸ
3650 1775 3988 1846 καταῶλῆς

655 1881 711 1927 et
748 1873 1049 1942 proditoris
1101 1873 1373 1927 malitiam
1412 1887 1427 1923 :
1467 1884 1573 1940 quo
1612 1878 1764 1925 certe
1842 1870 2254 1924 monstrabatur

2363 1870 2568 1940 κόσμου
2590 1871 2770 1925 πάντα
2795 1872 3086 1939 ἐγίνωσκε,
3122 1872 3311 1941 φησιν,
3353 1871 3459 1936 ὅτι,
3514 1868 3612 1934 Ἐξ
3640 1867 3827 1939 ἀρχῆς
3858 1866 3988 1934 έγί-

657 1966 854 2021 deitas.
890 1965 1025 2021 Nam
1051 1964 1315 2036 propheta
1380 1964 1558 2033 inquit
1616 1962 1682 2017 de
1722 1961 1832 2017 Deo
1866 1978 1882 2013 :
1923 1980 1943 2013 r
1981 1960 2086 2029 Qui
2114 1961 2256 2016 scie-

656 2058 961 2113 batomuia
999 2057 1321 2127 priusquam
1360 2056 1477 2124 ipsa
1514 2052 1801 2109 ﬂerent".
1834 2070 1855 2105 ι

2364 1981 2577 2016 νωσκεν
2630 1966 2658 2017 ὀ
2716 1964 2951 2035 Ἰησοῦς,
3002 1965 3154 2028 τίνες
3185 1965 3326 2018 είσὶν
3358 1964 3412 2017 οί
3448 1963 3526 2033 μὴ
3578 1961 3979 2019 πιστεῦοντε.’.

2365 2057 2447 2111 ἔτι
2486 2059 2544 2112 δὲ
2608 2060 2708 2112 καὶ
2756 2058 2853 2112 τοῦ
2909 2059 3178 2131 προδότου
3212 2058 3313 2131 τὴν
3359 2056 3679 2129 πονηρίαν·
3714 2057 3861 2126 ὅπερ
3905 2050 3983 2123 ἦν

654 2145 895 2218 ἀληθοῦς
938 2145 1195 2217 θεότητος
1237 2142 1488 2208 ἔνδειξις.
1536 2139 1598 2195 '0
1639 2140 1747 2215 γὰρ
1783 2144 2076 2217 προφήτης
2122 2144 2256 2217 περὶ
2322 2144 2418 2201 τοῦ
2462 2149 2601 2204 Θεοῦ
2648 2168 2854 2221 φησιν·
2893 2170 2912 2204 ι
2958 2151 3021 2206 Ὅ
3062 2151 3225 2213 εἰδὼς
3288 2149 3360 2205 τὰ
3400 2149 3586 2205 πάντα
3630 2148 3767 2221 πρὶν
3813 2150 3983 2219 1m-

656 2258 799 2304 οεως
820 2240 1028 2294 αὐτῶν.
1073 2258 1093 2292 ι

730 2336 897 2392 Vsus.
930 2332 1122 2390 66-68.
1159 2352 1176 2387 ι
1214 2334 1281 2390 Et
1307 2335 1527 2391 dicebat
1554 2355 1569 2392 :
1599 2333 1900 2406 Pr0pterea
1938 2336 2050 2391 dixi
2083 2337 2259 2403 vobis,

659 2428 807 2499 quod
848 2442 1013 2483 nemo
1039 2435 1219 2497 potest
1245 2428 1437 2483 venire
1463 2429 1531 2483 ad
1566 2443 1675 2495 me,
1742 2428 1848 2483 nisi
1884 2428 2053 2481 fuerit
2085 2428 2135 2483 ei
2167 2432 2264 2483 da-

659 2533 772 2576 tum
798 2535 829 2574 a
857 2520 1022 2575 Patre
1046 2532 1188 2575 meo.
1215 2519 1293 2574 Ex
1322 2533 1387 2574 eo
1406 2529 1654 2588 tempore
1678 2518 1835 2573 multi
1863 2504 2258 2589 discipulorum

655 2616 776 2686 ejus
807 2604 1069 2669 ableruni
1095 2621 1424 2679 retrorsum,
1453 2628 1553 2669 nec
1578 2612 1813 2683 amplius
1840 2626 1965 2667 cum
1999 2611 2093 2667 illo
2137 2627 2257 2666 am-

656 2707 941 2762 bulabant.
988 2705 1130 2760 Dixit
1188 2720 1322 2776 ergo
1367 2704 1526 2760 Jesus
1555 2705 1625 2758 ad
1655 2705 1941 2759 duodecim
1982 2702 2166 2759 :Nutn
2209 2712 2264 2758 et

658 2814 762 2855 vos
792 2798 960 2855 vultis
981 2797 1175 2854 abire?
1218 2816 1241 2851 ι
1284 2796 1443 2869 Sazpe
1476 2796 1739 2861 diximus,
1772 2797 1992 2865 quando
2020 2796 2265 2853 audieris

655 2893 802 2964 quod
824 2892 991 2949 Pater
1017 2892 1112 2947 dat
1142 2892 1303 2946 ﬁdem
1334 2892 1390 2945 in
1441 2890 1766 2962 Filium,jne
1802 2891 2086 2945 existimes
2118 2891 2265 2960 quod

654 2987 782 3043 aliis
813 2983 1128 3043 benefaciat
1201 2983 1363 3039 Pater
1408 3000 1547 3053 quos
1587 2996 1861 3055 segreget,
1900 2985 2022 3039 aliis
2082 2995 2265 3039 autem

656 3094 766 3135 non
802 3099 816 3134 :
854 3070 959 3135 hoc
986 3080 1135 3134 enim
1162 3079 1366 3149 injuste
1401 3080 1618 3150 agentis
1649 3088 1831 3145 esset;
1879 3079 1978 3134 sed
2012 3079 2121 3135 illis
2154 3078 2264 3132 be-

656 3174 909 3229 nefacere
934 3183 1063 3244 puta
1121 3170 1361 3237 Patrem,
1406 3182 1463 3228 et
1508 3172 1615 3227 illis
1652 3174 1789 3229 dare
1858 3174 2061 3227 donum
2116 3172 2265 3239 ﬁdei,

654 3268 857 3337 quibus
884 3274 1215 3335 cooperator
1246 3265 1447 3320 electio
1477 3275 1533 3321 et
1580 3267 1865 3321 voluntas.
1920 3263 2058 3318 Nam
2090 3265 2186 3333 qui
2225 3279 2255 3316 a

2442 2355 2461 2388 ι
2502 2336 2613 2391 Καὶ
2643 2336 2801 2403 ἔλεγε
2828 2352 2843 2368 θ
2895 2334 2994 2391 Διά
3033 2333 3197 2388 τοῦτο
3244 2332 3449 2406 εἴρηκα
3480 2333 3635 2403 ὑμῖν,
3680 2334 3765 2386 ὅτι
3791 2334 3981 2397 οὐδεὶς

2356 2428 2585 2480 δύναται
2631 2428 2809 2479 έλθεῖν
2849 2427 2989 2497 πρὸς
3031 2428 3127 2495 μὲ,
3190 2425 3287 2480 ἐὰν
3328 2425 3406 2495 μὴ
3494 2425 3785 2495 δεδομένον
3820 2424 3985 2496 αὐτῷ

2360 2522 2425 2573 ὲκ
2451 2520 2548 2573 τοῦ
2584 2520 2802 2590 Πατρός
2840 2537 2970 2590 μου.
3008 2520 3106 2573 Ἐκ
3134 2520 3331 2573 τούτου
3356 2519 3547 2574 πολλοὶ
3579 2518 3831 2591 ἀπῆλθον
3861 2519 3979 2573 τῶν

2366 2611 2630 2683 μαθητῶν
2664 2612 2832 2667 αὐτοῦ
2868 2614 2951 2676 είς
2984 2611 3054 2665 τὰ
3082 2612 3282 2676 ὀπίσω,
3332 2613 3428 2666 καὶ
3463 2612 3567 2665 οὐκ
3590 2611 3674 2665 lat
3708 2611 3835 2682 μετ’
3871 2612 3980 2666 αὐ-

2361 2704 2457 2755 τοῦ
2512 2703 2911 2773 περιεπάτουν.
2948 2698 3084 2756 Eine
3134 2702 3193 2756 δὲ
3244 2704 3273 2756 ὀ
3320 2701 3536 2773 Ἰησοῦς
3578 2704 3695 2766 τοῖς
3722 2700 3979 2756 δώδεκα·

2363 2793 2457 2866 Μὴ
2497 2796 2594 2848 καὶ
2623 2796 2783 2865 ὑμεῖς
2812 2795 2995 2849 θέλετε
3032 2794 3308 2863 ὑπάγειν;
3349 2814 3367 2846 ι
3400 2794 3673 2860 Πολλάκις
3707 2795 3977 2865 εἴπομεν,

2362 2887 2447 2940 ὅτι
2485 2889 2617 2941 ὅταν
2654 2888 2923 2962 ἀκούσῃς,
2974 2889 3049 2951 ὡς
3079 2890 3107 2941 6
3140 2888 3337 2959 Πατὴρ
3368 2885 3555 2941 δίδωσι
3606 2888 3709 2959 τὴν
3734 2890 3835 2954 εἰς
3884 2890 3982 2944 τὸν

2366 2982 2499 3033 Υἰδν
2538 2981 2746 3044 πίστιν,
2782 2980 2858 3052 μὴ
2893 2982 3149 3053 νομίσῃς,
3198 2982 3279 3035 ὅτι
3309 2981 3507 3044 ἄλλους
3554 2982 3654 3052 μὲν
3684 2982 3983 3053 εὐεργετεῖ

2362 3074 2391 3127 ὀ
2420 3074 2618 3145 Πατὴρ
2645 3074 2791 3129 κατὰ
2822 3074 3236 3147 ἀποκλήρωσιν,
3255 3073 3451 3138 ἄλλους
3473 3074 3532 3128 δὲ
3553 3073 3647 3135 ob:
3672 3076 3839 3129 τοῦτο
3863 3076 3978 3147 γάρ

2363 3164 2680 3229 ἀδικοῦντός
2718 3167 2892 3231 ἐστιν,
2949 3166 3067 3220 ἀλλ’
3120 3167 3366 3229 ἐκείνους
3422 3166 3742 3239 εὐεργετεῖν
3776 3167 3977 3240 νόμιζε

2365 3260 2457 3311 τὸν
2490 3259 2736 3330 Πατέρα,
2772 3260 2869 3313 καὶ⁵
2912 3260 3149 3325 ἐκείνοις
3185 3260 3391 3313 διδόναι
3444 3262 3548 3331 τὴν
3587 3260 3688 3332 τῆς
3718 3262 3969 3326 πίστεως

654 3359 935 3415 voluntate
962 3374 1069 3414 non
1107 3357 1426 3427 adjuvatur,
1451 3358 1668 3413 etiamsi
1698 3373 1727 3411 a
1778 3357 1891 3412 Deo
1932 3356 2255 3420 assumitur,

2363 3352 2596 3422 δωρεὰν,
2633 3354 2779 3415 ὅσοις
2819 3355 2851 3421 ὴ
2916 3356 3246 3423 προαίρεσις
3309 3358 3588 3424 συνεργεῖ.
3642 3355 3704 3409 ’0
3751 3357 3865 3427 γὰρ
3896 3356 3978 3428 μὴ

655 3467 763 3505 non
834 3450 1065 3519 percipit
1100 3450 1397 3503 utilitatem
1448 3465 1463 3502 :
1506 3456 1567 3503 ut
1609 3448 1847 3519 exempli
1902 3449 2078 3518 gratia
2127 3447 2257 3515 quid

654 3547 831 3600 dicam
859 3560 873 3597 :
905 3541 1173 3597 Omnibus
1199 3542 1291 3597 dat
1323 3540 1492 3609 Deus,
1556 3541 1651 3595 sed
1690 3542 1791 3595 hoc
1814 3540 2037 3611 quidam
2067 3551 2123 3594 et
2161 3555 2255 3593 su-

653 3646 811 3691 munt
846 3635 1005 3699 bene,
1064 3643 1119 3690 et
1145 3641 1375 3688 utuntur
1407 3646 1475 3688 eo
1536 3633 1680 3702 quod
1720 3632 1905 3699 datur,
1959 3642 2015 3686 et
2070 3641 2257 3686 custo-

654 3729 870 3783 dientes
902 3728 1057 3792 illud,
1086 3722 1395 3781 ostendunt?
1420 3724 1515 3781 Dei
1544 3726 1774 3781 donum.
1805 3726 2039 3791 Quidam
2072 3739 2255 3781 autem

656 3823 971 3891 recipiunt:
1004 3823 1100 3875 sed
1141 3836 1204 3875 ea
1230 3811 1353 3890 qui
1396 3821 1615 3885 dantur,
1669 3820 2015 3897 disperdunt,
2060 3822 2143 3886 ita
2199 3833 2258 3877 ut

656 3913 789 3967 nihil
827 3912 1107 3979 accepisse
1167 3912 1477 3966 videantur.
1521 3911 1757 3989 Quando
1811 3914 1978 3982 igitur
2025 3928 2260 3983 cvange-

654 4007 777 4059 lista
816 4005 969 4070 dicit,
1004 4002 1119 4058 Nisi
1176 4004 1342 4058 fuerit
1398 4003 1563 4059 alicui
1605 4006 1790 4060 datum
1851 4021 1881 4059 a
1926 4004 2111 4070 Patre,
2150 4023 2255 4061 non

653 4099 857 4167 poterit
887 4098 1077 4153 venire
1108 4098 1177 4151 ad
1234 4096 1433 4151 Filium
1456 4136 1474 4163 ,
1506 4098 1622 4153 (hoc
1669 4098 1822 4164 dicit,
1859 4098 1953 4153 Ille
2006 4101 2154 4153 venit
2189 4100 2256 4155 ad

652 4190 877 4253 Filium,
908 4193 996 4246 cui
1026 4190 1261 4245 daturus
1296 4198 1385 4246 est
1402 4188 1590 4258 Pater,
1623 4192 1728 4247 hoc
1753 4201 1905 4257 est,a
1936 4208 2045 4263 quo
2073 4203 2259 4249 custo-

657 4286 835 4339 ditum
884 4282 1055 4337 fuerit
1093 4282 1292 4337 donum
1333 4297 1366 4336 s
1410 4283 1521 4339 Deo
1552 4286 1699 4354 quod
1756 4286 1834 4339 illi
1899 4288 2087 4339 datum
2146 4297 2253 4341 est.

661 4394 681 4428 ι
702 4375 975 4430 Abicrunt
1000 4374 1166 4445 igitur
1185 4375 1338 4429 multi
1369 4375 1617 4445 discipuli
1635 4387 1961 4443 retrorsum,
1988 4397 2007 4430 ι
2033 4378 2137 4435 huc
2150 4390 2257 4446 est,

657 4467 978 4522 diviserunt
999 4478 1058 4521 se
1085 4480 1115 4520 a
1144 4464 1428 4535 Magistro,
1458 4476 1514 4521 et
1535 4470 1811 4539 progressi
1839 4479 1966 4523 sunt
1996 4486 2104 4524 nou
2137 4485 2261 4539 pro-

658 4560 930 4624 ﬁcientes,
962 4560 1059 4615 sed
1093 4570 1419 4626 retrorsum,
1445 4561 1549 4617 hoc
1572 4572 1676 4627 est,
1706 4562 1759 4616 in
1790 4561 2254 4618 incredulitatem.

658 4650 797 4706 Nam
831 4668 1019 4707 revera
1051 4652 1146 4723 qui
1176 4654 1419 4723 seipsum
1456 4669 1485 4708 a
1532 4653 1753 4709 Christo
1798 4655 2011 4723 dividit,
2049 4665 2257 4710 retror-

2365 3444 2470 3496 ὑπὸ
2498 3445 2597 3513 τῆς
2627 3448 3007 3515 προαιρέσεως
3049 3448 3516 3517 συνεργούμενος,
3554 3448 3677 3502 οὐδὲ
3735 3450 3844 3503 ὑπὸ
3874 3449 3975 3503 τοῦ

2362 3534 2501 3588 Θεοῦ
2533 3538 3105 3609 προσλαμϐανόμενος
3158 3540 3480 3610 ὠφελεῖται.
3532 3536 3659 3595 Οἷόν
3690 3559 3747 3595 τι
3793 3544 3974 3611 λέγω·

2364 3633 2510 3691 Πᾶσι
2542 3634 2764 3687 δίδωσιν
2820 3638 2845 3688 ὀ
2883 3636 3038 3699 Θεὸς,
3066 3636 3182 3689 ἀλλ’
3241 3639 3293 3691 oi
3334 3638 3435 3709 μὲν
3471 3640 3564 3694 καὶ
3604 3640 3978 3710 λαμϐάνωσι,

2362 3728 2457 3779 καὶ
2499 3728 2743 3797 χρῶνται
2774 3728 2958 3792 καλῶς
2993 3728 3074 3799 τῷ
3108 3730 3409 3803 δεδομένῳ,
3442 3734 3542 3786 καὶ
3595 3733 3975 3803 φυλάττοντες

2361 3821 2516 3885 αὐτὸ,
2540 3820 2853 3874 δεικνύουσι
2883 3823 2983 3893 τὴν
3006 3822 3101 3876 τοῦ
3124 3823 3262 3877 Θεοῦ
3302 3826 3539 3897 δωρεάν.
3579 3830 3642 3881 Ui
3665 3828 3730 3881 δὲ
3760 3828 3981 3897 λαμϐά-

2363 3928 2524 3965 νουσι
2557 3911 2682 3981 μὲν,
2739 3913 3080 3980 ἀπολλύντες
3120 3914 3176 3968 δὲ
3226 3920 3295 3968 τὰ
3352 3918 3644 3987 δεδομένα,
3686 3920 3980 3989 φαίνονται

2368 4008 2540 4077 μηδὲν
2576 4007 2860 4070 λαϐόντες.
2892 4008 3068 4061 Ὅταν
3103 4006 3199 4061 οὖν
3219 4009 3359 4082 λέγῃ
3379 4012 3407 4063 6
3430 4011 3861 4082 εὐαγγελιστὴς,
3894 4013 3979 4066 ὅτι

2375 4099 2505 4151 Ἐὰν
2545 4100 2620 4168 μὴ
2722 4099 3015 4171 δεδομένον
3055 4100 3165 4155 τινὶ
3200 4106 3265 4155 kz
3295 4101 3389 4155 τοῦ
3430 4104 3685 4175 Πατρδς,
3725 4105 3787 4158 οὐ
3814 4105 3978 4161 δύνα-

2361 4210 2452 4245 ται
2484 4193 2660 4245 ἐλθεῖν
2698 4195 2834 4265 πρὸς
2861 4194 2951 4247 τὸν
2989 4195 3136 4263 Υίδν,
3171 4196 3336 4250 τοῦτο
3364 4195 3539 4265 λέγει,
3574 4198 3681 4264 ὅτι,
3731 4197 3976 4265 Ἐκεῖνος

2363 4286 2587 4355 ἔρχεται
2634 4286 2775 4355 πρὸς
2810 4286 2905 4340 τὸν
2940 4288 3092 4354 Υίὸν,
3125 4282 3284 4357 ᾧτινι
3340 4289 3505 4343 δώσει
3540 4292 3569 4343 6
3602 4290 3821 4363 Πατὴρ,
3855 4292 3977 4364 ἦτοι

2365 4380 2500 4449 παρ’
2526 4373 2588 4433 οὗ
2638 4380 2944 4454 φυλαχθείη
3002 4384 3037 4453 ἡ
3098 4384 3376 4455 γενομένη
3430 4384 3585 4454 αὐτῷ
3622 4384 3973 4455 παρὰΘεοῦ

2366 4471 2567 4544 δωρεά.
2610 4492 2629 4522 ι
2693 4473 2971 4542 ’Δπῆλθον
3007 4470 3105 4529 οῦν
3147 4477 3264 4548 (24)
3316 4477 3509 4531 πολλοὶ
3542 4477 3657 4531 τῶν
3707 4477 3979 4550 μαθητῶν

2366 4566 2446 4628 είς
2495 4566 2565 4618 τὰ
2593 4566 2807 4620 ὀπίσω·
2855 4586 2874 4619 ι
2911 4570 3222 4633 τουτέστιν,
3279 4571 3688 4640 ἁποσχίσαντες
3741 4572 3973 4635 ἑαυτοὺς

2365 4658 2461 4711 τοῦ
2492 4658 2859 4724 Διδασκάλου,
2897 4662 2999 4715 οὐκ
3037 4664 3117 4725 είς
3169 4664 3462 4735 προκοπὴν
3495 4664 3797 4735 προῆλθον,
3856 4665 3974 4721 ἀλλ’

657 4758 781 4798 sum
820 4744 971 4799 vadit
1002 4762 1017 4798 :
1051 4744 1146 4811 qui
1170 4754 1354 4799 autem
1396 4748 1694 4801 secundum
1754 4745 1981 4803 Paulum
2016 4749 2258 4805 adhmret

2368 4752 2447 4815 είς
2481 4752 2549 4806 τὰ
2607 4753 2811 4819 ὀπίσω,
2868 4755 3177 4822 τουτέστιν,
3238 4759 3320 4820 είς
3378 4757 3668 4812 ἀπιστίανο
3723 4758 3805 4830 τῷ
3856 4760 3974 4813 ὃντι

658 4836 917 4904 Domino,
962 4849 1269 4907 semperse
1316 4838 1567 4893 extendit
1620 4837 1689 4892 ad
1736 4840 2012 4894 anteriora
2030 4842 2097 4896 ".
2144 4842 2259 4911 Ipse

658 4942 841 4987 autem
892 4932 1196 4988 ostendens
1257 4932 1404 5003 quod
1444 4931 1653 4987 nullius
1707 4932 1790 4986 vel
1827 4933 2116 4989 ministerii
2176 4937 2262 4991 νει

660 5042 805 5081 cura:
854 5026 996 5095 quod
1041 5025 1145 5081 sibi
1206 5026 1601 5096 impendebant
1655 5027 1918 5096 indigeat,
1966 5029 2101 5084 dicit
2137 5032 2267 5086 eis:

664 5136 683 5169 ε
732 5116 869 5173 Num
928 5118 1094 5171 etiam
1144 5132 1237 5173 vos
1297 5117 1463 5173 vultis
1510 5116 1703 5174 abire?
1763 5137 1783 5170 ι
1838 5118 2023 5186 Quare
2078 5131 2261 5179 autem

660 5223 769 5264 non
822 5208 999 5278 magis
1058 5207 1300 5262 laudavit
1368 5207 1680 5274 duodecim,
1736 5212 1886 5281 quod
1956 5226 2063 5268 non
2141 5229 2265 5270 cum

658 5299 779 5358 aliis
832 5298 1027 5356 abacti
1067 5300 1335 5357 fuerunt!
1382 5300 1586 5356 Partim
1624 5304 1751 5374 quia
1807 5302 2063 5361 servabat
2089 5308 2265 5381 digni-

739 5466 785 5497 ³³
824 5466 961 5522 Dan.
1012 5480 1132 5529 xm,
1161 5464 1253 5519 42.
1336 5465 1379 5495 ’³
1414 5466 1645 5538 Philipp.
1681 5486 1762 5539 ιιι,
1800 5472 1887 5529 15.

2366 4845 2499 4918 γὰρ,
2533 4847 2561 4899 6
2588 4848 2787 4900 ἑαυτὸν
2807 4847 3128 4919 ἀποσχίζων
3159 4849 3256 4904 τοῦ
3287 4851 3557 4921 Χριστοῦ,
3583 4853 3665 4917 είς
3693 4853 3772 4906 τὰ
3792 4853 3975 4906 ὀπίσω

2362 4936 2587 4989 ἄπεισιν
2614 4953 2627 4965 ·
2659 4939 2687 4990 6
2723 4938 2780 4990 δὲ
2807 4939 2953 4992 κατά
2991 4939 3211 4995 Παῦλον
3267 4942 3615 5014 κολλώμενος
3648 4942 3730 5013 τῷ
3754 4944 3969 5017 Κυρίῳ,

2362 5028 2449 5081 ἀεὶ
2474 5031 2587 5093 τοῖς
2628 5029 2950 5103 ἔμπροσθεν
3004 5034 3416 5091 ἐπεκτείνεται.
3447 5037 3625 5101 sese;
3654 5036 3714 5091 δὲ
3749 5040 3971 5101 δεικνὺς

2364 5124 2449 5177 ὅτι
2474 5125 2537 5177 οὐ
2568 5124 2757 5180 δέεταί
2810 5144 2984 5195 τινος,
3024 5131 3148 5185 οὐδὲ
3212 5135 3313 5201 τῆς
3341 5134 3475 5203 παρ’
3536 5132 3727 5188 αὐτῶν
3763 5133 3971 5189 τούτων

2364 5220 2716 5293 διακονίαςῆ
2764 5222 3094 5294 θεραπείας,
3132 5227 3286 5298 λέγει
3336 5230 3477 5300 πρὸς
3535 5229 3759 5295 αὐτούς·
3815 5250 3834 5282 ι
3881 5231 3971 5299 Μὴ

2368 5316 2463 5369 καὶ
2489 5316 2650 5387 ὑμεῖς
2680 5315 2868 5372 θέλετε
2924 5320 3200 5389 ὑπάγειν,
3249 5342 3265 5373 t
3321 5325 3421 5378 Διά
3452 5325 3578 5379 τίδὲ
3631 5327 3839 5396 μᾶλλον
3875 5327 3970 5378 οὐκ

1642 5620 1729 5680 Ex
1766 5618 2120 5681 collatione
2160 5619 2351 5681 codd.
2400 5622 2635 5685 Venet.
2676 5624 2737 5685 S.
2774 5626 2994 5690 Marci.

727 5742 841 5814 (Ἡ)
867 5743 1004 5799 Cod.
1040 5744 1133 5809 30,
1166 5744 1199 5813 ἡ
1248 5747 1527 5870 γενομένη
1576 5744 1729 5815 αὐτῷ
1791 5746 1946 5817 παρὰ
1976 5746 2114 5801 Θεοῦ
2158 5750 2265 5801 δω-

727 5817 777 5870 it.
808 5816 901 5869 καὶ
926 5817 985 5870 6c
1018 5817 1235 5870 ποιήσει
1261 5816 1455 5868 ἑαυτὸν
1533 5816 1647 5870 Ειον
1679 5815 1774 5869 τοῦ
1808 5816 2015 5870 λαϐεῖν.
2054 5821 2261 5870 ’Δπίλ-

656 5817 777 5883 psi,
808 5816 901 5888 καὶ
926 5817 985 5879 ὃς
1018 5817 1235 5888 ποιήσει
1261 5816 1455 5888 ἑαυτὸν
1494 5815 1647 5883 ἄξιον
1679 5815 1774 5869 τοῦ
1808 5815 2015 5873 λαϐεῖν.
2054 5821 2261 5888 ’Λπῆλ-

654 5882 748 5940 θον
783 5882 895 5952 οὖν,
948 5905 1001 5942 κ.
1030 5904 1079 5943 τ.
1108 5882 1155 5940 λ.
1211 5908 1225 5938 ι
1272 5886 1479 5941 Domini
1512 5882 1721 5954 aiUt‘o,
1757 5891 1900 5958 quod
1944 5891 2014 5943 illi
2075 5882 2259 5969 tlttltitn

2376 5759 2480 5813 est,
2515 5750 2693 5829 et_qni
2726 5765 2785 5806 se
2821 5751 3042 5829 dignum
3078 5734 3380 5827 accipiendi
3433 5759 3774 5829 pmtiterit.
3816 5764 3972 5821 Abie-

2378 5832 2503 5875 rnnt
2533 5824 2698 5893 igitur
2730 5826 2907 5889 multi,
2949 5844 2967 5877 ι
3016 5838 3121 5881 etc.
