4218 6424
216 401 356 474 1317

940 396 1400 460 ENARRATIO
1443 394 1526 458 ΙΝ
1562 390 1854 458 ΕνΑΝθι

1967 391 2079 454 UM
2121 392 2480 457 JOANNIS.
2517 419 2588 430 -
2617 392 2782 455 CAP.
2820 391 2922 454 Vl.

3391 409 3408 422 θ
3437 383 3582 452 1318

214 516 458 593 ἐπῄνεσε
513 512 644 578 τοὺς
702 510 938 573 δώδεκα,
969 508 1048 572 ὡς
1100 506 1178 578 μὴ
1218 503 1684 576 συναπαχθέντας
1721 504 1838 564 τοῖς

1959 512 2114 558 Latent
2172 503 2391 560 doctori
2440 503 2929 560 convenientem:
2992 497 3198 570 partim
3268 498 3401 569 quia
3471 503 3584 560 beo

214 613 441 677 ἀλλοιςς
483 605 662 680 Ὁμοῦ
696 604 802 678 μέν
833 601 1023 674 τηρῶν
1056 601 1119 655 τὸ
1167 599 1253 672 τῷ
1284 599 1603 670 διδασκάλῳ
1630 598 1849 680 πρέπον

222 690 469 773 ἀξίωμα,
503 677 648 769 ὁμοῦ
677 677 738 750 δέ
774 691 1051 750 δεικνύων
1077 692 1176 746 καὶ
1202 692 1366 763 ἡμῖν,
1404 693 1488 744 δτι
1512 688 1604 743 διὰ
1641 677 1846 742 τούτου

221 795 433 870 μᾶλλον
463 786 804 862 ἐφέλκεσθαι
842 786 939 842 τοῦ
985 784 1203 857 τρόπου
1227 785 1465 839 ἐνεστιν.
1498 783 1566 838 El
1601 781 1704 854 μέν
1737 781 1850 852 γὰρ

218 889 482 961 ἐπῄνεσε,
518 883 626 939 κᾶν
658 880 871 938 ἐπαθόν
901 897 959 935 τι
1000 877 1382 952 ἀνθρώπινον,
1414 877 1514 932 καὶ
1548 876 1850 948 ἠλαζονεύ-

221 995 410 1046 σαντο,
452 975 787 1050 χαρίζεσθαι
845 972 1001 1046 αὐτῷ
1057 971 1308 1044 οἰόμενοι
1360 969 1454 1024 διὰ
1486 971 1590 1042 τῆς
1619 968 1851 1023 ἀκολου-

225 1072 467 1144 θήσεως.
497 1069 574 1124 Τὸ
602 1069 666 1124 δέ
693 1063 996 1132 δεικνύναι,
1033 1063 1115 1130 ὡς
1164 1064 1229 1119 οὐ
1259 1064 1436 1120 δεῖται
1461 1063 1562 1134 τῆς
1611 1061 1850 1118 ἀκολου-

191 1162 445 1236 ’θήσεως
481 1160 695 1225 αὐτῶν.
754 1157 966 1230 μᾶλλον
1018 1156 1226 1221 αὐτοὺς
1285 1155 1528 1227 ἠδύνατο
1561 1153 1846 1225 κατέχειν,

219 1259 301 1324 ὡς
338 1253 847 1329 εὐεργετουμάνους
878 1249 1113 1324 μᾶλλον,
1146 1250 1183 1322 ἢ
1225 1248 1694 1321 εὐεργετοῦντας,
1736 1248 1851 1315 ,καὶ

223 1350 621 1424 λαμϐάνοντας
650 1341 868 1419 χάριν,
938 1344 976 1417 ἢ
1028 1343 1305 1410 διδόντας.
1341 1342 1550 1398 Σκόπει
1592 1341 1679 1408 δέ,
1727 1341 1849 1406 πῶς

214 1444 471 1510 ’συνετῶς
525 1437 712 1498 εἷπεν.
776 1440 896 1494 οὐκ
927 1433 1053 1494 εἶπε
1099 1437 1236 1512 γάρ,
1307 1436 1608 1492 ’Δπίλθετε
1631 1451 1647 1466 ο
1684 1433 1850 1489 τοῦτο

214 1539 340 1611 7&9
407 1533 817 1606 ἀπωθουμένου
839 1527 948 1606 ἦν’
1011 1530 1132 1588 ἀλλ’
1166 1531 1372 1603 ἐρωτᾷ·
1435 1549 1456 1584 ι
1523 1529 1620 1600 Μή
1653 1527 1846 1583 θέλετε

213 1632 499 1702 ὑπάγεινς
565 1649 587 1684 ε
643 1629 787 1701 ὅπερ
845 1621 917 1700 ἧν
957 1625 1161 1690 αὐτοὺς
1211 1623 1410 1680 ποιοῦν
1449 1623 1682 1695 κυρίους
1750 1621 1848 1678 τοῦ

221 1723 553 1782 ἀκολουθεῖν
607 1715 706 1776 καὶ
764 1720 866 1791 μήθ
934 1716 1276 1786 δεικνύντος,
1313 1718 1400 1773 δτι
1464 1717 1526 1771 ού
1582 1715 1846 1788 βούλεται

222 1817 431 1881 αὐτοὺς
465 1815 612 1871 αἰδοῖ
646 1815 716 1886 τῇ
748 1812 892 1884 πρὸς
926 1812 1095 1866 αὑτὸν
1117 1809 1443 1866 ἀκολουθεῖν
1473 1808 1652 1882 αὐτῷ,
1702 1809 1849 1865 ἀλλά

231 1909 376 1983 μετά
410 1907 509 1964 τοῦ
533 1908 699 1981 χάριν
729 1906 938 1962 είδίναι
969 1903 1117 1975 ὑπὲρ
1144 1903 1240 1958 τοῦ
1281 1901 1627 1960 ἀκολουθεῖν.

306 2017 327 2050 ε
377 1996 683 2068 Ἀπεκρίθη
731 1993 887 2067 αὐτῷ
931 1994 1120 2064 Σίμων
1153 1993 1395 2064 Πέτροςο
1454 1991 1657 2065 Κύριε,
1702 1992 1846 2065 πρὸς

220 2093 348 2146 τίνα
395 2089 856 2160 ἀπελευσόμεθας
909 2089 1167 2160 Ῥήματα
1213 2084 1360 2158 {ibi};
1399 2086 1628 2142 αίωνίου
1662 2085 1847 2159 ἔχειςο

220 2184 323 2240 καὶ
347 2184 514 2255 ἡμεῖς
547 2181 1031 2253 πεπιστεύκαμεν,
1059 2181 1156 2237 καὶ
1187 2179 1546 2254 ἐγνώκαμεν,
1584 2181 1671 2236 δτι
1701 2180 1768 2235 σὺ
1799 2175 1854 2236 εἰ

221 2280 253 2332 ὁ
278 2277 519 2348 Χριστὸς
541 2279 572 2332 δ
594 2276 728 2342 Υἱὸς
754 2276 851 2332 τοῦ
875 2275 1014 2331 Θεοῦ
1034 2274 1132 2330 τοῦ
1156 2275 1386 2342 ζῶντος.
1417 2275 1728 2348 Ἀπεκρίθη
1751 2274 1849 2329 αὐ»

219 2372 339 2436 τοῖς
352 2372 382 2424 ὁ
395 2369 631 2442 Ἰησοῦς·
669 2370 788 2425 Οὐκ
803 2367 917 2439 ἐγὼ
936 2371 1081 2441 ὑμᾶς
1095 2368 1222 2434 τοὺς
1237 2369 1453 2426 δώδεκα
1465 2369 1810 2441 ἐξελεξάμην
1829 2386 1847 2437 ;

222 2465 336 2521 Καὶ
365 2464 427 2531 ἐξ
454 2464 614 2538 ὑμῶν
637 2457 718 2529 εἷς
749 2463 1000 2532 διάϐολός
1029 2465 1220 2531 satis;
1255 2463 1457 2535 Ἔλεγε
1491 2463 1552 2519 δὲ
1578 2465 1674 2518 τὸν
1711 2463 1848 2518 Ἰού-

220 2557 322 2611 δαν
350 2555 600 2627 Σίμωνος
641 2555 1038 2627 Ἰσκαρίωτην*
1065 2547 1224 2619 οὗτος
1264 2555 1377 2627 γάρ
1417 2552 1652 2625 ἔμελλεν
1684 2553 1852 2607 αὑτὸν

224 2649 608 2722 παραδιδόναι,
649 2642 731 2713 εἷς
775 2647 854 2702 ὢν
883 2649 952 2703 ἐκ
983 2647 1095 2702 τῶν
1141 2645 1381 2702 δώδεκα.
1423 2667 1442 2700 ε
1482 2647 1851 2718 Φιλόστοργος

201 2744 303 2797 -ὦν
325 2745 357 2798 δ
389 2744 597 2814 Πέτρος
626 2743 725 2797 καὶ
752 2742 1106 2812 φιλάδελφος,
1145 2741 1291 2813 ὺπέρ
1314 2744 1519 2806 παντὸς
1553 2743 1850 2811 ἀπολογεῖ-

225 2855 318 2893 ται
348 2837 446 2892 τοῦ
484 2838 680 2911 χοροῦ.
711 2838 790 2892 Οὐ
820 2841 932 2909 γάρ
954 2832 1104 2904 εἶπε,
1138 2837 1342 2908 Κύριε,
1385 2837 1525 2909 πρὸς
1557 2836 1682 2892 τίνα
1707 2837 1853 2892 ἀπε-

226 2932 532 3003 λεύσομαι;
568 2935 685 2989 Καὶ
723 2935 807 2989 δτι
852 2934 1117 3003 Ἔγνωκα
1148 2939 1244 2990 καὶ
1273 2935 1652 3002 πεπίστευκα,
1685 2935 1850 3001 ἀλλὰ,

234 3045 254 3078 ι
293 3026 437 3097 Πρὸς
456 3026 583 3082 τίνα
615 3027 1076 3098 ἀπελευσόμεθα,
1114 3047 1133 3080 ε
1173 3029 1270 3083 καὶ
1313 3028 1385 3083 τά
1414 3028 1567 3101 ἐξῆς.
1602 3029 1760 3100 Ζωῆς
1792 3029 1852 3083 δὲ

224 3119 453 3173 αἰωνίου
506 3121 734 3192 ῥήματα
788 3119 937 3192 ἐχειν
986 3121 1086 3174 τὸν
1136 3121 1350 3193 Κύριόν
1408 3138 1604 3193 φησιν,
1659 3123 1852 3194 ἐπειδὴ

225 3211 464 3284 ἤκουσεν
505 3211 677 3266 αὑτοῦ
721 3211 1002 3284 λέγοντος,
1034 3215 1120 3267 ὅτι
1173 3232 1193 3264 ι
1241 3214 1351 3268 Τὸν
1385 3214 1721 3271 πιστεύοντα
1771 3217 1854 3279 είς
1883 3240 1932 3304 c

226 3307 331 3379 ἐμέ
359 3308 680 3378 ἀναστήσω,
714 3309 811 3361 καὶ
850 3307 967 3373 ἕξει
997 3307 1147 3376 ζωὴν
1197 3307 1442 3364 αἰώνιον.
1487 3328 1507 3361 ε
1552 3308 1694 3379 Ἤδη
1742 3308 1855 3380 γὰρ

227 3399 330 3471 τὴν
356 3397 660 3453 ἀνάστασιν
689 3392 839 3454 οὗτοι
869 3395 1268 3470 παρεδέξαντο,
1304 3401 1405 3453 καὶ
1428 3401 1616 3453 πᾶσαν
1646 3401 1749 3470 τὴν
1775 3401 1856 3453 δι-

229 3493 558 3549 δασκαλίαν.
589 3493 757 3550 Ὥστε
779 3492 842 3546 οὒ
868 3494 1097 3564 ῥήματα
1139 3487 1283 3565 ἦσαν
1308 3496 1377 3548 τὰ
1399 3495 1853 3563 σκανδαλίζοντα,

228 3585 369 3640 ἀλλά
401 3587 498 3640 καὶ
523 3587 558 3659 ή
581 3585 888 3657 ἀπροσεξία
911 3588 1009 3641 καὶ
1042 3587 1076 3656 ή
1111 3586 1384 3659 ῥᾳθυμία,
1412 3589 1509 3642 καὶ
1532 3590 1567 3661 ἡ
1601 3591 1858 3662 ἀγνωμο-

231 3680 370 3751 σύνη
399 3679 512 3735 τῶν
556 3680 892 3736 ἀκουόντων.
931 3680 1045 3735 Καὶ
1080 3681 1190 3752 7&9
1225 3681 1325 3735 καὶ
1370 3675 1525 3736 οὗτοι
1557 3683 1611 3736 οἱ
1639 3683 1856 3738 δώδεκα

228 3773 300 3826 τὶ
332 3773 478 3826 αὐτὰ
528 3772 754 3844 ἢκουον,
806 3773 904 3827 καὶ
951 3775 1108 3845 ὅμως
1164 3774 1268 3828 οὐκ
1297 3776 1852 3847 ἐσκανδαλίσθησαν,

230 3865 350 3919 ἀλλ’
373 3866 619 3938 ἔμειναν.
644 3867 714 3920 Τί
745 3862 840 3921 οὖν
865 3868 896 3921 ὁ
919 3868 1160 3938 Χριστός
1177 3863 1351 3939 ;’Λρα
1376 3869 1596 3923 ἐπαινεῖ
1620 3871 1851 3942 Πέτρον,

229 3959 425 4030 ὥσπερ
467 3959 710 4031 ἀλλαχοῦ
747 3959 914 4015 τοῦτο
960 3961 1262 4031 ἐποίησενς
1299 3961 1598 4034 Οὐδαμῶς,
1649 3963 1740 4016 ἵνα
1776 3965 1854 4036 μὴ

226 4053 384 4126 δόξῃ,
422 4056 507 4108 ὅτι
534 4052 827 4108 κολακεύει
859 4054 953 4110 διὰ
990 4054 1054 4108 τὸ
1086 4056 1437 4126 παραμεῖναι
1464 4055 1639 4128 αὐτῷ.
1689 4055 1857 4111 ⁹Δ).λά

228 4149 283 4201 τί
310 4147 462 4216 λέγει
493 4147 632 4217 πρὸς
661 4147 759 4201 τδν
790 4146 1037 4219 Πίτρονς
1099 4145 1246 4217 Ἐγὼ
1279 4148 1384 4221 μὶν
1415 4149 1565 4220 ὑμᾶς
1597 4148 1826 4217 ἐξελεξά
1845 4184 1857 4192 ο

235 4254 346 4309 μην
372 4238 500 4303 τοὺς
525 4237 763 4302 δώδεκα,
797 4237 940 4310 πλὴν
969 4237 1094 4292 ούδι
1125 4239 1288 4309 ὑμεῖς
1318 4239 1568 4304 ἀπαντὲς
1601 4242 1727 4294 ἐστε
1752 4241 1857 4310 τῆς

231 4331 471 4401 ἐκλογῆς
505 4331 674 4399 ἀξιοι,
696 4330 814 4386 ἀλλ’
847 4324 931 4397 εἷς
957 4332 1020 4400 ἐξ
1052 4331 1212 4404 ὑμῶν
1237 4333 1488 4397 διάϐολός
1514 4335 1654 4389 ἐστι.
1682 4333 1859 4388 Τοῦτο

233 4425 293 4480 δέ
321 4424 488 4496 διχῶς
520 4426 766 4495 νοητέον.
793 4426 865 4479 Ἢ
896 4425 1008 4497 7&9
1032 4425 1141 4492 δτι,
1174 4426 1288 4481 Καὶ
1315 4425 1414 4480 νῦν
1439 4428 1623 4484 πάντα
1655 4428 1723 4481 τά
1745 4427 1858 4499 ἐμά

229 4517 645 4585 διαϐάλλει,κα“ι
665 4518 820 4574 οὐδὲν
839 4518 1051 4574 τούτων
1074 4519 1431 4592 ἀποδέχεται,
1457 4520 1490 4594 ἦ
1513 4522 1622 4589 ὅτι,
1651 4523 1859 4577 Μέλλει

1873 1859 1927 1922 Β

1957 600 2124 654 modo
2169 597 2348 669 magis
2378 597 2587 654 attrahi
2624 603 2901 669 poterant.
2941 590 3079 649 Nam
3109 592 3157 650 si
3207 591 3432 662 quidem
3465 593 3589 650 lan-

1956 697 2167 763 dasset,
2225 693 2374 752 forte
2431 695 2738 751 humanum
2794 691 3060 763 quiddam
3116 687 3264 760 passi
3323 687 3584 755 fuissent,

1955 787 2200 860 factique
2228 788 2649 860 arrogantiores
2683 786 3098 841 existimasseut
3142 795 3204 838 se
3256 781 3332 836 illi
3369 781 3588 856 gratifi-

1955 880 2072 937 cari
2109 890 2338 953 prepter
2395 879 2841 936 comitationem.
2894 876 3000 932 Per
3046 875 3152 930 hoc
3183 883 3393 940 autem,
3438 873 3589 945 quod

1955 973 2363 1032 demonstravit
2432 973 2516 1028 eis
2593 986 2656 1028 se
2700 969 2907 1027 nullius
2987 968 3240 1038 indigere
3293 968 3585 1034 comitatu,

1955 1068 2136 1139 magis
2178 1067 2361 1138 potuit
2411 1081 2510 1123 eos
2554 1066 2868 1130 continere,
2943 1078 3012 1119 eo
3044 1063 3193 1132 quod
3254 1059 3585 1116 beneﬁcium

1955 1161 2142 1234 potius
2167 1161 2448 1232 accipiant
2470 1175 2637 1231 quam
2668 1167 2934 1231 praestent
2958 1175 2972 1212 :
3009 1165 3069 1212 et
3098 1155 3375 1226 accipiant
3401 1153 3582 1224 magis

1955 1272 2124 1327 quam
2155 1257 2316 1314 dent.
2360 1257 2426 1312 Et
2458 1256 2755 1313 considera
2797 1267 2966 1324 quam
3000 1251 3309 1322 prudenter
3327 1251 3535 1306 dixerit
3567 1267 3585 1307 :

1957 1367 2070 1410 non
2099 1353 2248 1409 enim
2278 1352 2439 1418 dixit,
2466 1351 2651 1416 Abite,
2685 1352 2790 1406 hoc
2819 1350 2968 1405 enim
3003 1347 3323 1416 repellentis
3348 1344 3587 1403 luisset:

1956 1446 2053 1501 sed
2088 1445 2476 1516 interrogavit,
2533 1459 2555 1497 ι
2591 1441 2737 1499 Num
2772 1441 2939 1497 vultis
2992 1439 3193 1496 abire?
3225 1457 3246 1492 ι
3285 1437 3410 1508 Quo
3451 1454 3583 1495 ver.

1966 1539 2036 1595 b0
2101 1539 2188 1594 eis
2222 1537 2463 1596 liberum
2524 1537 2787 1603 faciebat,
2840 1544 3231 1606 sequerentur,
3287 1545 3501 1599 necne;
3535 1541 3592 1589 et

1953 1622 2386 1688 demonstrabat
2415 1633 2565 1703 quod
2613 1631 2788 1688 nollet
2817 1645 2916 1687 eos
2970 1629 3284 1686 reverentia
3335 1642 3477 1700 erga
3501 1640 3586 1693 se,

1958 1726 2216 1782 comitari
2249 1740 2313 1782 se
2350 1744 2366 1782 :
2410 1726 2506 1783 sed
2541 1736 2602 1781 ut
2653 1726 2868 1782 scirent
2903 1723 3234 1780 beneﬁcium
3280 1737 3409 1779 esse
3434 1721 3585 1792 quod

1957 1827 2285 1890 sequantur.

2032 1995 2205 2055 Vna.
2231 1996 2429 2053 69-72.
2460 2014 2480 2048 ι
2517 1994 2827 2066 Respondit
2849 2010 2984 2068 ergo
3013 1995 3065 2052 ei
3106 1993 3300 2052 Simon
3336 1993 3579 2052 Petrus:

1959 2089 2129 2164 599
2154 2089 2406 2155 Domine,
2431 2090 2496 2144 ad
2531 2104 2696 2161 quem
2724 2089 2963 2145 ibimus?
2994 2087 3177 2144 Verba
3207 2089 3334 2145 vita
3358 2098 3583 2144 aeternae

1958 2183 2152 2251 babes,
2174 2192 2234 2240 et
2278 2197 2380 2239 nos
2425 2183 2704 2238 credimus
2737 2192 2793 2238 et
2837 2182 3204 2254 cognovimus
3244 2181 3392 2253 quod
3439 2188 3496 2236 tu
3528 2195 3590 2238 es

1959 2278 2214 2354 Christus
2235 2274 2407 2332 Filius
2435 2275 2530 2332 Dei
2555 2274 2686 2331 vivi.
2707 2273 3119 2347 Responditeis
3145 2274 3309 2332 Jesus
3345 2293 3359 2330 :
3389 2274 3590 2332 Nonne

1960 2384 2066 2443 ego
2089 2385 2188 2426 vos
2217 2371 2509 2427 duodecim
2537 2369 2721 2439 elegi?
2756 2379 2813 2427 et
2837 2383 2907 2426 ex
2955 2369 3111 2426 vobis
3152 2384 3299 2426 unus
3339 2369 3596 2426 diabolus

1959 2465 2079 2521 est?
2104 2463 2336 2522 Dicebat
2358 2473 2544 2520 autem
2575 2465 2644 2520 de
2677 2462 2820 2518 Juda
2859 2461 3108 2520 Simonis
3148 2463 3453 2520 lscariotz.
3491 2461 3595 2518 llic

1959 2561 2108 2616 enim
2144 2559 2466 2630 proditurus
2493 2566 2616 2614 erat
2645 2575 2798 2627 eum,
2840 2573 2968 2614 cum
2998 2569 3148 2613 esset
3179 2573 3323 2614 unus
3351 2572 3420 2616 ex
3449 2559 3598 2618 duo-

1961 2651 2162 2708 decim.
2217 2669 2236 2704 ι
2303 2649 2501 2706 Petrus
2535 2665 2661 2706 cum
2710 2657 2862 2706 esset
2913 2658 3133 2703 amator
3183 2648 3440 2713 lratrum,
3493 2661 3599 2717 pro

1963 2757 2079 2802 toto
2109 2746 2282 2803 choro
2311 2747 2634 2816 respondet.
2670 2745 2791 2800 Non
2842 2745 2989 2799 enim
3019 2745 3181 2810 dixit,
3226 2742 3484 2810 Domine,
3528 2741 3599 2797 ad

1962 2856 2126 2912 quem
2154 2840 2282 2896 ibo?
2319 2849 2399 2908 et,
2434 2839 2681 2912 Cognovi
2721 2848 2777 2894 et
2808 2839 3044 2904 credidi,
3081 2838 3200 2901 sed,
3251 2855 3270 2888 ι
3319 2836 3401 2891 Ad
3433 2851 3597 2907 quem

1963 2933 2205 2990 ibimus?
2234 2953 2254 2987 ι
2292 2941 2404 2988 etc.
2439 2932 2580 2988 Vitae
2611 2943 2794 2987 autem
2833 2941 3055 2986 aeternae
3084 2932 3251 2984 verba
3301 2928 3595 2986 Dominum

1964 3030 2172 3086 habere
2200 3029 2356 3096 dicit,
2390 3027 2520 3096 quia
2550 3025 2840 3081 audiverat
2873 3034 3002 3080 eum
3044 3024 3347 3087 dicentem,
3393 3040 3412 3074 ι
3451 3021 3594 3078 Eum

1964 3123 2057 3195 qui
2080 3122 2254 3179 credit
2280 3122 2337 3177 in
2372 3135 2482 3184 me,
2503 3119 2874 3184 resuscitabo,
2897 3125 2953 3171 et
2982 3117 3208 3171 habebit
3232 3116 3398 3170 vitam
3429 3127 3598 3171 cetero
3690 3105 3693 3107 ”

1964 3233 2116 3272 nam.
2149 3234 2168 3267 ι
2212 3214 2338 3270 iam
2367 3214 2518 3270 enim
2551 3211 2629 3268 illi
2667 3209 3140 3267 resurrectionem
3171 3217 3521 3278 receperant,
3545 3216 3602 3261 et

1961 3325 2182 3366 omnem
2221 3309 2534 3366 doctrinam
2595 3325 2610 3362 :
2660 3307 2849 3378 itaque
2898 3305 3070 3360 verba
3110 3305 3228 3374 ipsa
3263 3301 3602 3358 olfendiculu

1961 3421 2068 3460 non
2109 3390 2295 3468 erant,
2329 3402 2426 3458 sed
2490 3399 2815 3456 attendendi
2866 3397 3198 3468 negligentia
3261 3406 3316 3451 et
3353 3394 3597 3464 ignavia,

1962 3498 2447 3569 imprudentiaque
2470 3477 2814 3551 auditorum.
2837 3493 2975 3549 Nam
3006 3491 3063 3547 hi
3087 3491 3381 3547 duodecim
3403 3492 3595 3545 eadem

1959 3598 2279 3660 audierunt,
2310 3607 2418 3648 nec
2443 3600 2628 3647 tamen
2677 3600 2806 3645 sunt
2839 3587 3061 3652 offensi,
3097 3586 3195 3643 sed
3241 3591 3594 3640 manserunt.

1961 3690 2103 3758 Quid
2137 3689 2303 3761 igitur
2325 3685 2616 3744 Christus?
2644 3682 2904 3754 Nunquid
2944 3683 3132 3737 laudat
3168 3680 3414 3744 Petrum,
3452 3679 3600 3733 sicut

1960 3783 2070 3839 alio
2091 3783 2212 3839 loco
2232 3779 2413 3838 facit!
2436 3780 2684 3844 Minime,
2713 3788 2774 3833 ut
2815 3792 2884 3832 ne
2917 3775 3202 3830 videretur
3231 3771 3471 3828 blandiri
3519 3771 3596 3826 illi

1906 3904 1912 3910 -
1961 3873 2108 3945 quod
2143 3873 2286 3943 apud
2316 3877 2691 3927 seumaneret;
2730 3867 2840 3922 Sed
2888 3866 3019 3937 quid
3051 3863 3198 3920 dixit
3229 3863 3297 3919 ad
3333 3860 3601 3919 Petrum?

1960 3966 2078 4037 Ego
2099 3965 2321 4036 quidem
2346 3978 2447 4019 vos
2478 3962 2616 4034 elegi
2649 3961 2965 4023 duodecim,
2997 3968 3380 4014 verumtamen
3417 3971 3599 4026 neque

1963 4075 2059 4116 vos
2092 4072 2287 4113 omnes
2323 4057 2462 4112 estis
2506 4055 2779 4110 electione
2810 4053 2985 4123 digni,
3014 4054 3111 4107 sed
3149 4066 3293 4106 unus
3326 4066 3393 4106 ex
3434 4049 3595 4107 vobis

1963 4151 2215 4210 diabolus
2241 4157 2343 4206 est.
2371 4148 2488 4204 Hoc
2511 4157 2696 4202 autem
2727 4147 2986 4202 bifariam
3017 4154 3103 4199 est
3130 4143 3551 4213 intelligendum
3583 4161 3598 4198 :

1963 4243 2050 4300 vel
2119 4243 2267 4315 enim
2312 4241 2395 4297 sic
2432 4259 2445 4295 :
2477 4238 2635 4296 Nunc
2682 4253 2803 4294 mea
2833 4237 3041 4302 omnia
3102 4235 3497 4301 calumniatur,
3547 4242 3603 4291 et

1965 4334 2104 4390 nihil
2156 4334 2376 4389 illorum
2419 4331 2615 4401 recipit
2648 4347 2664 4396 ;
2703 4329 2787 4386 vel
2834 4331 2917 4385 sic
2952 4345 2968 4387 :
2998 4327 3454 4384 Calumniaturus
3509 4337 3598 4383 est

1967 4445 2075 4486 me.
2103 4428 2169 4484 Et
2195 4428 2343 4483 enim
2367 4428 2553 4497 reipsa
2585 4424 2715 4482 talis
2747 4424 3003 4494 apparuit
3025 4421 3224 4486 Judas,
3250 4421 3602 4478 calumnians

1967 4526 2108 4595 apud
2152 4522 2376 4579 Iudaeos
2412 4520 2734 4586 Dominum,
2768 4529 2823 4574 et
2852 4517 3120 4591 mysteria
3165 4515 3286 4581 ejus
3321 4515 3430 4571 illis
3463 4511 3598 4571 επε-

230 4610 515 4667 διαϐαλεῖν
563 4609 688 4682 ἐμέ.
731 4611 844 4666 Καὶ
869 4610 983 4682 7&9
1029 4613 1206 4677 ϐντως
1259 4612 1509 4679 τοιοῦτος
1560 4614 1854 4686 ἀπεφάνθη

1969 4635 2120 4687 rens,
2157 4619 2304 4675 sicut
2330 4626 2386 4673 et
2429 4615 2599 4670 David
2629 4615 2698 4670 de
2729 4614 2848 4684 ipso
2881 4612 3030 4686 ldicit
3065 4628 3080 4666 :
3132 4628 3152 4663 ι
3192 4608 3598 4681 Egrediebatur

246 4703 475 4772 Ἰούδας,
493 4701 804 4758 διαϐάλλων
823 4703 964 4775 πρὸς
989 4702 1280 4770 Ἰουδαίους
1300 4705 1394 4761 τδν
1415 4705 1646 4780 Κύριον,
1665 4707 1764 4761 καὶ
1786 4707 1854 4762 τὰ

1969 4713 2141 4779 foras,
2194 4721 2248 4768 et
2285 4711 2617 4780 loquebatur
2670 4707 2726 4762 in
2767 4705 3008 4778 idipsum
3031 4703 3102 4760 “.
3146 4722 3166 4757 ι
3225 4703 3369 4759 Dicit
3409 4711 3596 4758 autem

237 4800 519 4873 μυστήρια
550 4797 724 4852 αὐτοῦ
771 4797 1028 4872 ἐκφέρων
1081 4800 1305 4866 αὐτοῖς’
1360 4799 1511 4856 καθά
1553 4803 1651 4858 καὶ
1689 4799 1854 4856 Δαυῖδ

1968 4807 2088 4863 haec
2117 4807 2183 4862 ad
2213 4805 2434 4861 Petrum
2468 4804 2751 4866 Dominus,
2772 4801 3078 4856 emendans
3114 4813 3238 4852 eum
3262 4813 3279 4864 ;
3299 4795 3426 4866 quia
3449 4797 3598 4856 enim

234 4895 366 4968 περὶ
410 4893 582 4949 αὐτοῦ
629 4909 827 4966 φησιν·
882 4911 903 4945 ι
953 4890 1354 4966 Ἐξεπορέύετο
1383 4893 1513 4961 ἐξω,
1541 4894 1641 4949 καὶ
1673 4893 1854 4948 ἐλάλει

1967 4902 2184 4956 dixerat
2215 4898 2434 4963 Petrus,
2483 4896 2551 4952 Et
2581 4895 2944 4967 cognovimus
2991 4902 3046 4949 et
3090 4891 3431 4948 credidimus
3465 4907 3481 4946 :
3517 4889 3599 4946 Ne

236 4987 332 5043 ἐπὶ
367 4987 432 5042 τὸ
463 4986 620 5043 αὑτό.
659 5005 680 5052 ι
715 4987 884 5056 Λέγει
936 4987 999 5042 ει
1048 4986 1228 5042 ταῦτα
1266 4986 1408 5059 πρὸς
1443 4987 1538 5042 τὸν
1584 4987 1854 5060 Πέτρονό

1969 4995 2074 5051 hoc
2093 5005 2276 5066 putes,
2299 4993 2496 5063 inquit,
2530 5006 2637 5045 non
2662 4990 2811 5044 enim
2846 5002 3044 5043 omnes
3073 4986 3210 5042 estis
3239 4983 3458 5049 fideles,
3493 4999 3596 5040 ne-

237 5081 468 5153 Κύριος,
502 5078 890 5153 διορθούμενος
923 5080 1110 5134 αὐτόν.
1132 5079 1319 5150 ,Ἐπεὶ
1351 5081 1463 5152 γάρ
1494 5075 1652 5134 εἶπεν
1688 5083 1718 5135 δ
1749 5081 1859 5136 ne-

236 5191 391 5247 190;,
452 5174 562 5239 ὅτι,
602 5175 716 5229 Καὶ
760 5173 1095 5244 ἐγνώκαμεν
1125 5174 1223 5226 καὶ
1255 5173 1734 5245 πεπιστεύκαμεν,
1766 5173 1863 5246 Μή

235 5269 398 5324 τοῦτο
441 5268 660 5340 νόμιζε,
711 5268 904 5340 φησίν.
947 5269 1027 5324 Οὐ
1061 5268 1174 5341 7&9
1227 5269 1433 5334 πάντες
1479 5269 1608 5324 ἐστέ
1650 5268 1861 5335 πιστοὶ,

235 5361 359 5416 ούδέ
394 5363 601 5426 πάντες
637 5378 708 5433 με
739 5362 1046 5430 ἐγνώκατε.
1085 5362 1232 5433 Ὅρα
1269 5362 1326 5417 δέ
1359 5381 1453 5434 μοι
1483 5363 1575 5417 τὸν
1628 5362 1859 5435 Κύριον,

238 5457 360 5520 πῶς
405 5455 491 5511 ιτι
517 5529 520 5532 ”
551 5456 845 5528 πόρρωθεν
875 5455 972 5512 τοῦ
1007 5457 1277 5528 προδότου
1318 5456 1421 5528 τὴν
1475 5441 1681 5513 κακίαν
1728 5458 1863 5513 ἀνα-

236 5552 598 5625 κρουόμενςς,
636 5553 736 5608 καὶ
768 5555 1142 5624 ἀναχαιτίξων
1191 5554 1386 5626 αὐτὴν,
1437 5553 1615 5612 ταῦτά
1653 5573 1858 5629 φησιν·

237 5645 398 5712 είδὼς
450 5647 572 5719 μὲν,
609 5648 694 5702 δτι
736 5648 894 5702 οὐδὲν
929 5648 1228 5720 ὠφελήσει,
1262 5650 1412 5720 ὅμως
1447 5649 1506 5704 δὲ
1553 5650 1615 5704 τὸ
1655 5650 1857 5706 ἐαυτοῦ

237 5738 448 5797 ποιῶν·
495 5741 589 5795 καὶ
644 5741 771 5796 οὗτε
831 5741 1072 5814 φανερὸν
1143 5741 1311 5796 αὑτὸν
1367 5743 1652 5815 ἐποίησεν,
1729 5743 1857 5801 οὔτε

313 5926 356 5960 ⁸³
395 5924 538 5979 i'sal.
569 5941 657 5989 τι,
697 5926 751 5980 7.

1966 5102 2075 5160 que
2117 5102 2314 5143 omnes
2353 5099 2441 5140 me
2485 5083 2844 5154 cognovistis.
2882 5081 3022 5138 Vide
3081 5089 3268 5136 autem
3315 5080 3598 5150 quomodo

1962 5192 2124 5238 antea
2156 5180 2422 5237 Dominus
2453 5176 2758 5250 proditoris
2792 5175 3066 5230 malitiam
3108 5172 3388 5244 repellens
3413 5182 3471 5228 et
3502 5185 3597 5227 re-

1963 5279 2188 5334 frenans
2217 5276 2341 5332 haec
2371 5275 2527 5339 dicit,
2563 5272 2750 5330 sciens
2780 5269 3005 5341 quidem
3045 5268 3192 5339 quod
3231 5267 3366 5324 nihil
3405 5265 3597 5338 profu-

1963 5385 2122 5432 turus
2172 5383 2348 5437 esset,
2395 5369 2765 5426 nihilominus
2817 5377 3002 5423 tamen
3072 5366 3221 5435 quod
3284 5378 3444 5418 suum
3474 5373 3596 5418 erat

1963 5468 2198 5534 iaciens,
2231 5479 2410 5536 neque
2465 5463 2619 5519 illum
2673 5459 3073 5525 manil'estavit,
3129 5471 3309 5527 neque
3367 5455 3595 5510 omnino

1962 5562 2240 5622 occultum
2274 5575 2398 5616 esse
2440 5557 2697 5623 permisit
2731 5577 2743 5612 :
2778 5555 2912 5611 illud
2936 5554 3185 5626 quidem,
3220 5562 3278 5606 ut
3323 5566 3389 5606 ne
3416 5550 3596 5620 impu-

1965 5655 2187 5712 dentior
2220 5661 2276 5707 et
2309 5650 2712 5707 contentiosior
2756 5646 2914 5702 lieret
2947 5663 2962 5700 :
3013 5646 3120 5700 hoc
3157 5653 3369 5708 autem,
3419 5654 3477 5695 ut
3523 5657 3593 5695 ne

1969 5746 2202 5804 licenter
2233 5743 2447 5802 facinus
2477 5739 3068 5817 patraret,loccultum
3094 5737 3226 5794 illud
3252 5746 3470 5809 putans.
3511 5731 3588 5789 Ex
