4218 6424
672 381 805 450 1319

1622 369 2205 432 THEOPHYLACTI
2247 365 2664 431 BULGARIE
2702 360 3061 423 ARCHIEP.

3851 351 4006 416 1320

667 494 761 550 illo
793 498 974 546 autem
1005 485 1170 543 etiam
1203 483 1306 539 hoc
1340 481 1624 544 discimus,
1658 481 1801 549 quod
1844 495 1949 551 non
1986 479 2270 535 coactione

2385 479 2556 546 πάντη
2577 475 2762 529 λαϐεῖν
2787 473 2996 526 εἴασεν·
3025 471 3205 523 ἐκεῖνο
3235 468 3358 538 μὲν,
3385 469 3475 521 ῖνα
3506 465 3582 538 μὴ
3607 467 4009 532 ἀπαναισχυν-

664 595 718 641 et
746 583 796 636 vi
825 580 1060 651 quadam
1093 573 1344 629 meliores
1373 571 1553 625 facere
1578 570 1929 624 consueverit
1961 567 2129 636 Deus,
2164 584 2262 623 ne-

667 690 772 750 que
817 672 936 742 ejus
961 669 1160 724 electio
1194 677 1353 736 cogat
1387 665 1723 719 voluntatem
1761 671 2007 717 nostram
2039 678 2159 716 cum
2195 662 2265 718 sit

670 766 828 832 mala,
870 773 928 818 ut
958 763 1051 818 flat
1081 763 1226 816 bona
1276 777 1290 816 :
1323 758 1417 814 sed
1450 758 1644 813 electio
1674 757 1895 826 quidem
1944 755 2003 810 fit
2051 771 2078 810 a
2133 756 2265 817 Deo,

669 859 760 933 qui
796 859 1124 913 adhortatur
1155 869 1254 910 nos
1319 851 1388 907 ad
1423 852 1646 916 bonum,
1695 859 1751 904 et
1791 864 1946 904 suam
1976 848 2135 906 nobis
2168 849 2268 901 im-

661 952 829 1028 pertit
858 951 1175 1006 bonitatem.
1211 948 1270 999 In
1320 954 1507 1000 mente
1537 951 1719 998 autem
1765 951 2038 999 nostraet
2069 939 2266 996 volun-

669 1053 776 1098 tate
803 1045 966 1098 situm
996 1048 1079 1095 est
1107 1037 1306 1094 salvari
1343 1045 1398 1092 et
1424 1037 1586 1106 digne
1621 1033 1688 1088 ad
1721 1033 2048 1089 electionem
2075 1032 2267 1086 ambu-

669 1145 801 1198 lare,
832 1133 917 1187 vel
945 1145 977 1186 e
1005 1132 1247 1186 diverso.
1286 1126 1577 1181 Admirare
1622 1135 1803 1179 autem
1844 1126 1988 1194 quod
2021 1122 2268 1178 diabolus

668 1230 719 1281 in
755 1235 962 1280 tantum
1000 1224 1238 1278 infestus
1261 1232 1370 1286 est,
1407 1234 1470 1275 ut
1519 1221 1756 1289 potuerit
1803 1219 1968 1272 etiam
1999 1233 2167 1272 unum
2200 1232 2266 1272 ex

668 1321 953 1377 duodecim
987 1319 1260 1388 abripere,
1289 1315 1383 1385 qui
1417 1315 1760 1369 suscitabant
1798 1321 2067 1378 mortuos,
2109 1322 2163 1366 et
2187 1311 2270 1364 fa-

668 1415 884 1468 ciebant
915 1410 1082 1483 σου
1129 1409 1416 1472 miracula,
1443 1419 1498 1462 et
1534 1407 1860 1462 fruebantur
1891 1405 2162 1476 spirituali
2211 1415 2269 1460 et

671 1505 880 1560 vivitica
923 1503 1170 1558 doctrina
1205 1499 1442 1555 Domini.
1493 1500 1558 1553 Et
1610 1499 1698 1552 ubi
1749 1509 1875 1569 post
1928 1499 2045 1552 haec
2078 1497 2273 1552 salutis

2375 571 2437 636 τή
2447 585 2546 629 σας
2572 564 2908 636 φιλονεικότε
2918 578 3011 631 ρος
3029 561 3291 628 γένηται·
3311 558 3473 611 τοῦτο
3489 556 3566 620 δὲ,
3591 556 3680 609 ῖνα
3710 555 3788 624 μὴ
3812 554 4011 617 ἀδεῶς

2368 643 2674 729 ἐργάζηται
2717 654 2777 709 τὸ
2809 653 3092 722 τόλμημα,
3128 645 3215 702 οἷα
3249 648 3491 718 νομίζων
3526 646 3846 700 λανθάνειν.
3904 644 4010 696 Ἐκ

2367 750 2560 804 τούτου
2584 749 2640 802 δὲ
2673 748 2767 801 καὶ
2793 744 2952 799 τοῦτο
2992 743 3370 815 μανθάνομεν,
3398 741 3482 794 ὅτι
3507 740 3607 793 οὐκ
3633 739 3866 807 ἀνάγκῃ
3905 739 4011 790 καὶ

2373 844 2463 915 βία
2510 845 2688 896 ποιεῖν
2726 838 2922 894 εἴωθεν
2955 837 3200 907 ἀγαθοὺς
3255 838 3284 889 6
3337 835 3493 901 Θεὸς,
3535 833 3660 887 οὐδὲ
3702 833 3738 903 ὴ
3784 832 4012 902 ἐκλογὴ

2371 936 2546 997 αὑτοῦ
2589 935 2838 1008 βιάζεται
2883 933 2984 1006 τὴν
3043 932 3374 1004 προαίρεσιν
3417 927 3611 1001 ἡμῶν,
3638 926 4011 994 ,διαὶ-κακὴν

2372 1028 2540 1087 οὖσαν
2559 1012 2864 1100 ἀναγκάζει
2881 1024 3142 1096 γενέσθαι
3173 1025 3408 1096 ἀγαθήν.
3427 1022 3570 1077 Ἀλλ’
3593 1025 3626 1093 ὴ
3649 1023 3755 1093 μὲν
3787 1019 4011 1090 ἐκλογὴ

2373 1126 2584 1195 γίνεται
2615 1124 2768 1194 παρὰ
2790 1120 2953 1186 Θεοῦ,
2987 1119 3398 1191 προτρέποντος
3421 1117 3571 1188 ἡμᾶς
3595 1117 3690 1171 ἐπὶ
3714 1115 3778 1168 τὸ
3801 1114 4008 1175 καλὸν,

2374 1219 2470 1272 καὶ
2502 1217 2604 1288 τὴν
2655 1215 2826 1270 αὐτοῦ
2883 1212 3263 1282 ἐφαπὶοῦντος
3294 1213 3428 1283 ἡμῖν
3458 1209 3812 1280 ἁγαθότητα·
3853 1211 3918 1260 ἐν
3949 1207 4012 1260 δὲ

2375 1314 2440 1384 τῇ
2478 1311 2673 1382 γνώμῃ
2704 1310 2866 1381 ἡμῶν
2903 1309 3002 1362 καὶ
3030 1291 3094 1379 τῇ
3128 1307 3454 1377 προαιρέσει
3484 1309 3667 1358 κεῖται
3696 1303 3761 1356 τὺ
3810 1301 4012 1371 σωθῆ-

2377 1421 2485 1470 ναι,
2521 1403 2617 1456 καὶ
2647 1402 2824 1466 ἀξίως.
2841 1403 2940 1472 τῆς
2987 1398 3221 1470 ἐκλογῆς
3267 1396 3673 1468 περιπατῆσαι,
3701 1395 3737 1464 ἢ
3766 1394 4011 1446 τούναν-

2376 1498 2514 1550 τίον.
2550 1495 2844 1565 Θαύμασον
2875 1493 2952 1554 δὲ,
2991 1495 3074 1546 ὅτι
3101 1491 3359 1546 τοσοῦτον
3389 1493 3418 1543 6
3452 1489 3700 1552 διάϐολος
3739 1487 4010 1555 πολεμεῖ,

667 1613 789 1667 spes
823 1596 1000 1661 nobis,
1037 1596 1127 1664 qui
1163 1603 1360 1663 Sponte
1395 1608 1423 1644 a
1449 1592 1734 1660 juventute
1765 1589 2019 1659 nosipsos
2051 1587 2273 1643 malitiae

2385 1591 2450 1653 ὡς
2479 1589 2778 1658 δυνηθῆναι
2811 1588 2906 1640 ἕνα
2930 1587 3037 1640 τῶν
3069 1585 3282 1639 δώδεκα
3316 1584 3673 1651 ἁνραρπασαι,
3704 1580 3821 1633 τῶν
3858 1585 4014 1648 ἐγει-

671 1687 1087 1761 inancipamus?
1136 1689 1263 1742 Ideo
1295 1695 1350 1741 el
1394 1685 1728 1754 evangelista
1788 1684 1944 1751 quasi
1992 1683 2273 1737 admirans

2385 1687 2592 1755 ράντων
2623 1687 2876 1756 νεκροὺς,
2909 1687 3005 1737 καὶ
3043 1684 3304 1753 θαύματα
3339 1683 3715 1751 ποιησάντων,
3754 1678 3857 1732 καὶ
3905 1678 4010 1747 τῆς

668 1783 848 1837 dixit:
887 1800 906 1833 ι
944 1780 1077 1834 Cum
1107 1789 1254 1833 esset
1295 1793 1437 1832 unus
1490 1791 1559 1831 ex
1591 1776 1904 1830 duodecim.
1951 1792 1970 1827 ι
2011 1773 2276 1840 Quamvis

2385 1777 2772 1847 πνευματικῆς
2812 1776 2908 1829 τοῦ
2959 1775 3171 1846 Κυρίου
3204 1774 3559 1837 διδασκαλίας
3591 1774 3688 1826 καὶ
3723 1770 4013 1836 ζωοποιυῦ

668 1876 838 1937 enim,
875 1873 1072 1942 inquit,
1127 1880 1276 1924 esset
1322 1885 1352 1923 e
1397 1878 1588 1923 sancto
1646 1866 1738 1922 illo
1788 1868 1981 1932 choro,
2029 1876 2272 1921 attamen

2385 1870 2842 1925 ἁπολαυσάντων.
2879 1870 2989 1924 Καὶ
3021 1872 3126 1924 ποῦ
3155 1869 3343 1923 λοιπὸν
3374 1869 3654 1940 σωτηρίας
3683 1866 3848 1930 ἐλπὶς
3873 1867 4015 1936 ἡμῖν

671 1968 809 2022 mala
842 1981 939 2022 sua
973 1963 1253 2018 voluntate
1284 1962 1544 2032 indiguus
1577 1961 1835 2015 inventus
1858 1969 1963 2014 est.
1998 1957 2076 2013 lta
2110 1959 2282 2036 homo.

2385 1967 2497 2029 τοῖς
2529 1963 2860 2026 ἐθελουσίως
2895 1966 2960 2017 ἐκ
2990 1964 3246 2036 νέοτητος
3290 1964 3523 2026 ἑαυτοὺς
3561 1964 3631 2034 τῇ
3667 1962 3849 2030 κακίᾳ
3885 1961 4015 2013 δου-

669 2059 876 2114 animal
923 2065 1007 2112 est
1056 2065 1251 2124 suapte
1299 2029 1494 2108 natura
1532 2052 1800 2108 vertibile.
1841 2050 2075 2107 Valeant
2111 2029 2301 2123 igitur'

669 2153 899 2224 posthac
933 2133 1242 2206 Manichwi.
1273 2147 1391 2203 Non
1420 2150 1566 2204 enim
1602 2163 1631 2201 a
1665 2155 1860 2201 natura
1892 2161 2084 2200 sumus
2121 2145 2277 2212 mali,

671 2249 876 2319 alioqui
902 2247 1087 2301 omnia
1113 2253 1438 2315 operaretur
1465 2243 1516 2296 in
1551 2242 1709 2296 nobis
1735 2241 1965 2296 malitia.
1994 2239 2151 2294 Nunc
2178 2255 2278 2294 au-

669 2352 780 2398 tem
825 2355 930 2394 non
981 2353 1200 2409 semper
1247 2346 1367 2392 erat
1403 2334 1573 2390 Judas
1606 2335 1806 2400 malus,
1853 2335 1948 2390 sed
1982 2332 2276 2390 fuitetiam

671 2434 966 2504 aliquando
1001 2440 1206 2487 sanctae
1236 2429 1557 2485 voluntatis.
1587 2425 1756 2498 Igitur
1778 2441 1805 2480 a
1829 2427 2111 2482 voluntate
2133 2425 2277 2481 mala

670 2542 724 2582 οι
754 2537 1060 2582 ιιεεευιιιυι·
1080 2535 1137 2580 et
1171 2532 1450 2578 crescunt.

2386 2058 2597 2111 λώσασι
2620 2075 2634 2124 ;
2661 2058 2754 2112 Διὸ
2779 2059 2874 2112 καὶ
2905 2059 2930 2111 6
2960 2055 3483 2129 εὑαγγελιστὴς,ὠς
3517 2054 3854 2125 θαυμάζων,
3883 2047 4015 2106 εἴτε

2385 2151 2468 2217 τὸ,
2504 2169 2521 2202 ι
2564 2146 2660 2214 Εἷς
2707 2149 2784 2204 ὣν
2821 2153 2885 2205 ἐκ
2926 2149 3036 2203 τῶν
3070 2149 3303 2203 δώδεκα.
3366 2167 3384 2201 ι
3427 2147 3622 2201 Καίτοι
3669 2147 3802 2216 γὰρ,
3845 2144 4015 2215 φησὶ,

2386 2243 2580 2297 τούτου
2619 2243 2714 2298 τοῦ
2752 2244 2912 2313 ἁγίου
2940 2243 3103 2314 χοροῦ
3138 2242 3237 2308 ὢν,
3269 2242 3421 2313 ὅμως
3446 2244 3513 2313 τῇ
3543 2241 3766 2312 πονηρᾷ
3792 2257 4010 2310 1:991;-

2389 2337 2541 2407 ρὲσει
2570 2337 2790 2405 ἀνάξιος
2844 2337 3083 2408 εὑρέῦηο
3115 2336 3291 2399 οὕτως
3347 2325 3745 2406 ἐθελότρεπτον
3796 2333 3947 2397 ζῶον
3989 2333 4017 2385 6

2387 2430 2698 2501 ἄνθρωπος.
2732 2431 2845 2484 Καὶ
2868 2431 3057 2484 λοιπὸν
3089 2430 3410 2502 ἐρρέτωσαν
3436 2427 3754 2497 Μανιχαῖοι.
3792 2425 3874 2478 Οὐ
3903 2426 4016 2494 γὰρ

2389 2524 2498 2577 ἀπὸ
2528 2524 2746 2594 φυσεὼς
2774 2527 2946 2595 ἐσμεν
2974 2524 3171 2579 κακοί·
3200 2519 3237 2596 ἦ
3271 2522 3384 2593 γὰρ
3415 2521 3483 2576 ἂν
3511 2522 3750 2574 πάντοτε
3779 2519 4013 2587 ἐνήργει

669 2623 729 2674 ἐν
759 2620 890 2690 ἡμῖν
928 2619 961 2687 ἡ
994 2616 1186 2671 κακία.
1215 2615 1332 2669 Νῦν
1359 2615 1416 2667 δὲ
1457 2614 1520 2667 οὺ
1559 2612 1794 2667 πάντοτε
1825 2606 1894 2684 ἦν
1943 2611 2147 2675 Ἰούδας
2178 2611 2374 2680 κακὸς,
2434 2616 2551 2671 ἀλλ’
2581 2613 2673 2689 ἦν,
2706 2619 2795 2672 ὅτε
2837 2613 2907 2689 ἦν
2938 2617 3119 2688 ἅγιος.
3192 2618 3526 2689 Προαιρέσει
3576 2614 3687 2686 ἄρα
3745 2612 3819 2668 τὰ
3855 2609 4016 2665 κακὰ

672 2711 772 2767 καὶ
792 2711 1069 2764 τίκτονται
1095 2709 1190 2762 καὶ
1215 2707 1568 2772 αὑξὰνονται.

1280 2847 1513 2904 CAPUT
1563 2846 1674 2902 Vll.

671 2966 950 3035 Quomodo
977 2965 1221 3022 Christus
1257 2965 1557 3020 clanculum
1581 2967 1651 3020 ad
1686 2966 2024 3034 festivitatem
2060 2970 2280 3024 verterit.

746 3040 825 3094 De
857 3037 1064 3092 Judwis
1097 3037 1436 3102 mirantibus,
1484 3041 1749 3107 quomodo
1798 3039 2041 3092 Christus
2079 3041 2287 3093 litteras

743 3111 905 3165 sciret
940 3128 970 3163 α
1004 3109 1153 3162 nullo
1182 3113 1418 3161 edoctus.
1450 3107 1528 3161 De
1558 3110 1816 3163 divisione
1846 3115 2013 3164 turba:
2042 3113 2106 3164 ob
2139 3110 2289 3166 Chri-

742 3195 907 3236 stum.
932 3180 1012 3234 De
1047 3178 1399 3250 ambiguitate
1426 3182 1728 3249 principum
1755 3191 1803 3235 et
1837 3178 2136 3235 Nicodemi.

748 3425 913 3484 Vens.
947 3429 1062 3484 1-5.
1103 3447 1122 3480 ι
1163 3427 1498 3484 Versabatur
1527 3428 1686 3486 Jesus
1723 3438 1848 3500 post
1881 3432 1998 3486 haec
2033 3431 2086 3486 in
2123 3431 2288 3486 Gali-

676 3521 792 3578 laea.
820 3523 938 3576 Non
973 3523 1187 3577 volebat
1215 3524 1360 3577 enim
1394 3525 1444 3577 in
1475 3522 1663 3578 Judma
1696 3525 1928 3589 versari,
1959 3526 2084 3595 quia
2114 3524 2286 3581 «ἰυόωὶ

674 3615 993 3686 ᾳιιιειιοωηι
1017 3629 1138 3668 eum
1169 3614 1501 3670 interficere.
1522 3615 1654 3671 Erat
1681 3627 1865 3673 autem
1894 3618 1946 3672 in
1976 3619 2287 3689 pmpinquo

676 3710 795 3765 dies
845 3709 1015 3763 festus
1050 3708 1364 3763 Judaaorum
1412 3709 1774 3781 Scenopegia.
1822 3710 2288 3782 Dixeruntigitur

677 3800 747 3858 ad
764 3818 887 3857 eum
917 3801 1113 3856 fratres
1132 3801 1274 3870 ejus:
1297 3794 1494 3857 Transi
1522 3804 1670 3869 hinc,
1692 3814 1748 3858 et
1773 3804 1907 3859 vade
1937 3805 1992 3882 in
2017 3803 2286 3869 Judteam,

676 3905 735 3950 ut
787 3904 844 3951 et
896 3895 1148 3966 discipuli
1191 3895 1267 3949 tui
1329 3895 1550 3950 videant
1599 3911 1766 3965 opera
1813 3907 1905 3952 tua
1959 3913 2082 3968 quze
2129 3897 2286 3952 facis.
2332 3932 2335 3935 -

673 3987 845 4043 Nemo
884 3989 1082 4058 quippe
1109 3989 1160 4042 in
1194 3991 1408 4043 occulto
1439 3987 1571 4051 facit
1594 3989 1826 4060 aliquid,
1860 4000 1915 4043 et
1941 3991 2137 4060 qurerit
2170 3992 2288 4060 ipse

674 4081 853 4153 palam
885 4096 1025 4137 esse.
1063 4082 1119 4135 Si
1154 4082 1269 4136 bzec
1319 4080 1477 4150 facis,
1527 4082 1746 4138 declara
1780 4083 2013 4152 teipsum
2061 4086 2284 4141 mundo.

675 4176 811 4231 Nam
867 4191 933 4231 ne
983 4176 1186 4230 fratres
1217 4175 1439 4246 quidem
1487 4174 1607 4244 ejus
1642 4177 1939 4231 credebant
1986 4178 2038 4231 in
2075 4191 2218 4233 eum.
2262 4197 2280 4229 ι

674 4272 861 4329 Noluit
887 4270 1050 4328 Jcsus
1081 4270 1133 4325 in
1170 4268 1354 4324 Judaea
1388 4270 1693 4336 ambulare,
1723 4281 1956 4340 pr0pter
1985 4269 2289 4335 homicidas

673 4369 911 4432 Judaaos,
950 4384 1056 4422 non
1113 4375 1170 4419 ut
1230 4364 1429 4418 timens
1479 4373 1710 4419 mortem
1749 4381 1760 4417 :
1801 4373 2016 4434 poterat
2044 4365 2191 4420 enim
2234 4365 2287 4420 in

677 4468 856 4523 medio
885 4464 1101 4518 illorum
1135 4461 1339 4516 illaesus
1384 4459 1670 4515 ambulare
1699 4478 1715 4526 ;
1781 4461 1878 4515 sed
1912 4463 1956 4515 si
1990 4462 2095 4516 hoc
2138 4476 2288 4516 sem-

675 4577 772 4631 per
811 4560 1054 4624 fecisset,
1085 4573 1189 4611 non
1217 4558 1464 4611 creditus
1500 4555 1694 4610 fuisset
1723 4556 1908 4622 homo,
1942 4558 2036 4611 sed
2064 4556 2288 4612 habitus

3033 2850 3270 2904 ΚΕΦΑΛ
3303 2850 3380 2903 Ζ’.

2394 2967 2535 3035 Περὶ
2574 2966 2688 3035 τῆς
2716 2968 3074 3034 ἀναϐάσεως
3108 2967 3216 3021 τοῦ
3271 2968 3498 3037 Κυρίου
3539 2965 3622 3031 ὡς
3660 2965 3732 3018 ἐν
3763 2961 4019 3034 κριοί(τῷ

2467 3041 2556 3103 είς
2598 3043 2715 3107 τὴν
2752 3040 2992 3106 ἑορτήν.
3037 3039 3178 3107 Περὶ
3226 3038 3350 3092 τῶν
3409 3038 3725 3107 Ἰουδαίων
3781 3039 4019 3104 θαυμαο

2465 3105 2709 3174 ζόντων,
2738 3105 2866 3175 πῶς
2914 3113 2946 3163 ὀ
2981 3105 3577 3179 Ἰησοῦςογράμματα
3623 3105 3754 3161 οἶδε
3780 3109 3872 3175 μὴ
3915 3124 4020 3179 ys-

2465 3185 2775 3250 μαθηκώς.
2813 3181 2956 3251 Περὶ
2993 3183 3100 3236 τοῦ
3130 3178 3475 3252 σχίσματος
3505 3179 3612 3233 τοῦ
3644 3179 3842 3248 ὄχλου
3880 3178 4016 3252 πᾷειςί

2311 3265 2357 3328 C
2464 3254 2744 3328 Χριστοῦ.
2787 3250 2927 3328 Περὶ
2962 3253 3066 3328 τῆς
3113 3253 3231 3306 τῶν
3265 3250 3586 3322 ἀρχόντων
3617 3253 3719 3306 καὶ
3748 3250 4016 3320 Νικοδή-

2461 3342 2579 3394 μου
2637 3326 3174 3393 ἀμφισϐητήσεως.

2471 3457 2488 3490 ι
2525 3439 2632 3492 Καὶ
2662 3439 2988 3509 περιεπάτει
3017 3441 3046 3492 6
3091 3436 3301 3510 Ἰησοῦς
3341 3437 3483 3508 μετὰ
3508 3435 3686 3492 ταῦτα
3725 3438 3786 3491 ἐν
3815 3439 3884 3507 τῇ
3916 3436 4019 3489 Fa-

2393 3531 2605 3604 λιλαίᾳο
2639 3532 2700 3585 οὐ
2725 3532 2836 3603 γὰρ
2857 3533 3054 3603 ἢθελεν
3086 3534 3143 3584 ἐν
3175 3533 3240 3602 τῇ
3278 3532 3510 3602 Ἰουδαίᾳ
3541 3534 3904 3603 περιπατεῖν,
3935 3533 4017 3583 ὅτι

2392 3622 2622 3693 ἐζήτουν
2654 3623 2818 3676 αὑτὸν
2849 3626 2901 3676 ol
2949 3623 3196 3677 Ἰουδαῖοι
3227 3625 3576 3677 ἀποκτεῖναι.
3607 3618 3718 3677 Ἦν
3755 3623 3814 3676 δέ
3845 3626 4018 3691 ἐγγὺς

2390 3717 2424 3787 ή
2460 3716 2627 3788 ἑορτὴ
2678 3717 2788 3770 τῶν
2849 3717 3124 3771 Ἰουδαίων
3175 3720 3208 3789 ἡ
3258 3719 3642 3790 Σκηνοπηγία.
3692 3717 3873 3771 Εἶπον
3925 3706 4018 3770 οὖν

2394 3808 2530 3877 πρὸς
2554 3809 2719 3862 αὑτὸν
2742 3813 2790 3862 οι
2822 3809 3046 3878 ἀδελφοὶ
3076 3810 3272 3863 αὐτοῦ’
3299 3811 3586 3883 Μετάϐηθι
3618 3811 3880 3865 ἐντεῦθεν
3925 3813 4020 3864 καὶ

2395 3900 2574 3968 ὕπαγε
2610 3903 2690 3964 είς
2725 3902 3016 3967 Ἰουδαίαν,
3060 3905 3146 3955 ἰνα
3173 3905 3268 3956 καὶ
3292 3905 3342 3956 οι
3380 3905 3628 3974 μαθηταί
3668 3921 3766 3956 σου
3799 3904 4018 3974 Οεωρῂο

2395 4012 2533 4048 σωσι
2568 3995 2638 4048 τὰ
2680 3995 2819 4066 ἔργα
2852 3997 2888 4049 ἃ.
2925 3999 3101 4060 ποιεῖς
3143 4014 3156 4026 ·
3206 3999 3383 4062 οὐδεὶς
3427 3997 3537 4070 γὰρ
3591 4001 3651 4052 ἐν
3696 3999 3937 4069 κρυπτῷ
3967 4016 4018 4051 τι

2385 4092 2560 4155 ποιεῖ,
2587 4090 2682 4142 καὶ
2715 4088 2876 4159 ζητεῖ
2901 4091 3066 4155 αὐτὸς
3112 4093 3171 4144 ἐν
3204 4091 3494 4164 παρρησίᾳ
3537 4087 3700 4146 εἶναι.
3742 4093 3805 4144 Et
3841 4092 4017 4145 ταῦτα

2393 4186 2589 4248 ποιεῖς,
2647 4185 2968 4256 φανέρωσον
3019 4187 3248 4240 σεαυτὸν
3288 4187 3366 4258 τῷ
3404 4189 3615 4258 κόσμῳ.
3653 4187 3792 4241 Οὐδὲ
3830 4187 3942 4259 γὰρ
3969 4189 4016 4241 οι

2393 4275 2616 4343 ἀδελφοὶ
2643 4276 2810 4330 αὐτοῦ
2854 4278 3145 4332 ἐπίστευον
3176 4282 3256 4339 ei;
3284 4280 3468 4333 αὐτόν.
3509 4299 3528 4333 s
3565 4281 3665 4334 Διὰ
3699 4282 3833 4347 τοὺς
3867 4299 4015 4348 μιαι-

2393 4369 2593 4437 φόνους
2629 4369 2924 4433 Ἰουδαίους
2954 4373 3233 4443 ἀναχωρεῖ
3258 4372 3393 4441 (25),
3420 4373 3520 4426 οὐκ
3544 4374 3619 4435 ὡς
3647 4371 3746 4426 δεῖ
3775 4373 3867 4426 λῶν
3886 4376 4020 4445 πρὸς

2393 4463 2487 4515 τὸν
2519 4462 2753 4519 Θάνατον
2787 4480 2802 4495 ⁸
2853 4466 2981 4533 ἐνῆν
3034 4467 3144 4542 γὰρ
3184 4468 3352 4521 αὑτὸν
3397 4471 3493 4521 καὶ
3544 4471 3602 4521 ἐν
3645 4468 3803 4541 μέσῳ
3837 4470 4019 4522 αὐτῶν

2398 4559 2749 4626 περιπατεῖν,
2811 4559 2908 4610 καὶ
2968 4560 3137 4630 μηδὶν
3213 4559 3459 4612 παθεῖν’
3510 4560 3628 4613 ἀλλ’
3691 4563 3742 4614 εἰ
3791 4561 4015 4617 τοιαῦτα

676 4656 868 4711 fuisset
897 4653 1246 4723 phantasma.
1283 4647 1441 4704 Unde
1483 4663 1630 4704 nunc
1657 4649 1878 4719 quidem
1913 4651 2140 4716 secedit,
2165 4665 2282 4706 eon-

2404 4651 2636 4703 πάντοτε
2679 4650 2877 4716 ἐποίει,
2925 4651 3026 4703 οὐκ
3079 4652 3146 4704 ἂν
3197 4652 3523 4723 ἐπιστεύθη,
3585 4655 3672 4706 ὅτι
3725 4654 4015 4726 ἄνθρωπος

678 4751 905 4805 firmans
939 4746 1083 4818 quod
1133 4759 1262 4801 vere
1295 4747 1458 4800 homo
1487 4763 1498 4797 :
1531 4753 1586 4798 et
1635 4743 1931 4800 confutans
1973 4748 2166 4801 omnes
2199 4746 2292 4815 qui

677 4843 866 4899 dicunt
896 4854 1022 4896 eum
1052 4836 1352 4894 secundum
1381 4836 1764 4905 apparentiam
1797 4845 2007 4890 tantum
2039 4837 2294 4890 incarna-

679 4951 816 5002 tum,
850 4939 993 4992 sicut
1029 4934 1335 4999 Manichcei,
1388 4932 1656 4995 Marcion,
1689 4946 1743 4988 et
1783 4933 2069 4996 Basilides,
2121 4944 2176 4988 et
2215 4935 2290 4989 si-

678 5031 838 5086 miles
871 5030 1080 5084 dicunt.
1113 5028 1263 5082 Alias
1296 5026 1463 5081 etiam
1516 5040 1637 5079 cum
1668 5034 1814 5078 esset
1849 5024 1902 5077 in
1936 5023 2114 5077 medio
2142 5024 2289 5091 ipso-

679 5139 795 5178 rum
838 5120 1232 5177 insanientium
1266 5129 1454 5172 contra
1493 5118 1693 5187 ipsum,
1755 5116 2014 5182 manebat
2063 5116 2284 5182 illa-sus,

675 5228 729 5272 et
763 5215 1088 5272 ostendebat
1123 5227 1278 5268 suam
1313 5215 1569 5267 deitatem
1608 5231 1620 5266 :
1657 5209 2000 5266 confundens
2054 5209 2285 5265 Paulum

680 5311 1125 5371 Samosmeuum,
1161 5317 1216 5360 et
1260 5303 1464 5360 docens
1508 5319 1702 5360 omnes
1756 5305 1904 5375 quod
1958 5321 2065 5360 nou
2120 5319 2288 5374 purus

680 5403 864 5466 homo,
891 5401 984 5454 sed
1011 5409 1064 5453 et
1094 5398 1240 5453 Deus
1266 5395 1449 5451 fuerit.
1478 5395 1694 5451 Secedit
1726 5395 1778 5449 in
1809 5395 2089 5450 Galilazam
2121 5411 2288 5454 nunc.

678 5493 813 5549 Nam
846 5493 972 5563 quia
1011 5494 1251 5548 nondum
1287 5490 1582 5545 advenerat
1620 5499 1835 5558 tempus
1869 5487 2168 5556 Passionis,
2199 5506 2290 5545 va-

2396 4743 2644 4810 γέγονεν,
2683 4743 2819 4797 ἀλλὰ
2874 4745 3151 4813 φαντασία
3202 4745 3383 4812 ἔδοξεν
3435 4747 3524 4803 ἄν.
3563 4747 3729 4802 Ὅθεν
3779 4749 3877 4803 νῦν
3923 4750 4016 4820 μὲν

2397 4837 2794 4890 ὑποστέλλεται
2830 4836 3070 4906 βεϐαιῶν
3115 4840 3208 4892 καὶ
3240 4841 3611 4911 πιστούμενος
3642 4842 3702 4895 τὺ
3731 4842 4015 4915 ἀνθρώπισ

2395 4945 2506 4993 νον,
2549 4931 2645 4982 καλ⁵
2674 4930 2958 5001 ἐντρέπων
2994 4933 3206 4996 πάντας
3240 4933 3366 4996 τοὺς
3400 4938 3545 4988 κατὰ
3570 4937 3889 5004 φαντασίαν
3919 4939 4013 4991 aii-

2360 5030 2362 5032 '
2394 5022 2486 5075 τὸν
2521 5025 2874 5095 σαρκωθῆναι
2908 5025 3188 5094 λέγοντας.
3228 5027 3513 5095 Μάνεντα,
3547 5031 3886 5100 Μαρκίωνα,
3924 5037 4014 5088 καὶ

2395 5118 2740 5189 Βασιλείδην,
2775 5119 2872 5172 καὶ
2911 5122 3040 5186 τοὺς
3084 5122 3328 5193 ὁμοίους.
3372 5123 3596 5177 Ἀλλοτε
3659 5125 3716 5178 δέ
3751 5127 3918 5181 πάλιν
3961 5130 4014 5180 ἓν

2400 5212 2553 5281 μέσῳ
2583 5211 2662 5264 ὢν
2697 5213 2806 5266 τῶν
2836 5214 3151 5282 φονώντων,
3181 5215 3275 5270 καὶ
3315 5217 3440 5270 κατ’
3477 5217 3643 5272 αὑτοῦ
3667 5219 3990 5275 λυττώντων

2395 5303 2640 5375 ἀϐλαϐὴς
2675 5305 2943 5375 διαμένει,
2972 5310 3065 5361 καὶ
3087 5307 3330 5362 δείκνυσι
3363 5309 3432 5363 τὰ
3456 5310 3556 5380 τῆς
3587 5309 3876 5381 θεότητος,
3914 5332 4012 5368 κα·

2399 5399 2710 5469 ταισχύνων
2750 5401 2852 5453 τὸν·
2887 5402 3213 5471 Σαμοσατέα
3243 5402 3479 5471 Παῦλον,
3515 5405 3610 5458 καὶ
3643 5407 3855 5462 πείθων
3889 5409 4012 5461 παν·

2401 5511 2499 5558 τας
2524 5496 2606 5548 ὅτι
2637 5496 2699 5549 οὑ
2734 5497 2888 5564 ψιλὸς
2922 5497 3237 5569 ἄνθρωπος,
3264 5499 3404 5556 ἀλλὰ
3433 5503 3526 5556 καὶ
3553 5502 3684 5568 Θεὸς
3715 5499 3810 5575 ἦν.
3857 5506 4012 5560 Ὑπο-

1695 5630 1789 5691 Ex
1823 5629 2173 5695 collatione
2221 5634 2416 5696 codd.
2449 5635 2682 5697 Venet.
2720 5639 2782 5700 S.
2808 5639 3034 5703 Marci.

749 5763 882 5831 (‘23).
913 5762 1084 5818 Codd.
1122 5761 1212 5827 ‘26,
1246 5761 1336 5826 50,
1375 5762 1465 5824 51,
1497 5761 1587 5815 59..
1620 5761 1775 5816 Οὐδὲ
1795 5765 1848 5817 οί
1877 5763 2134 5833 ἀδελφοί
2179 5768 2286 5820 αὐ-

679 5840 784 5888 του
815 5835 1143 5889 ἐπίστευον
1172 5838 1260 5899 είς
1293 5834 1502 5887 αὐτόν.
1540 5833 1658 5886 Οὐκ
1692 5833 1886 5904 ἢθελεν
1922 5839 1950 5888 ὁ
1985 5837 2197 5904 Ἰησοῦς
2226 5841 2284 5891 ἐν

676 5913 740 5977 τῇ
785 5907 1047 5980 Γαλιλαίᾳ
1095 5907 1424 5980 περιπατεῖν
1470 5905 1559 5960 διὰ
1607 5908 1736 5970 τοὺς
1780 5909 2100 5976 μανθάνω-ας
2144 5911 2284 5965 Ἰου-

2399 5767 2613 5848 δαίους,
2647 5787 2702 5825 κ.
2733 5788 2785 5827 τ.
2816 5772 2872 5848 λ.
2909 5790 2928 5848 ι
2971 5771 3158 5848 Neque
3193 5776 3390 5844 fratres
3442 5779 3653 5847 quidem
3697 5781 3815 5848 ejus
3843 5783 4007 5834 crede-

2399 5841 2527 5894 bant
2555 5843 2613 5923 _in
2653 5859 2795 5923 eunt.
2831 5843 3014 5923 Noluit
3043 5841 3208 5902 Iesus
3236 5851 3287 5900 in
3317 5841 3535 5903 Galil-gest
3581 5841 3869 5906 alllitilittrr?
3895 5870 4000 5923 ι)ιο-

2398 5924 2523 5981 pter
2555 5914 2859 5970 homicidas
2898 5913 3137 5984 Judalos,
3187 5939 3202 5971 ι
3236 5931 3366 5984 em,
3406 5935 3462 5976 ut
3500 5925 3689 5977 {tabuit
3728 5913 3983 5991 itherlires
