4218 6424
700 384 832 446 1327

1614 368 2186 432 THEOPHYLACTI
2221 365 2628 429 BULGARI/E
2662 366 3012 425 ARCIIIEP.

3809 360 3947 426 1328

698 493 788 544 illo
829 493 1046 555 propter
1101 492 1301 538 metum
1333 478 1659 536 δυόωσι-νηὶ.
1702 496 1720 528 ι
1755 475 1873 530 Pra:
1927 477 2096 532 multo
2135 474 2250 530 odio

2359 472 2446 528 διὰ
2477 471 2570 525 τὸν
2599 472 2763 540 φόϐον
2788 472 2895 524 τῶν
2945 469 3241 522 Ἰουδαίων.
3285 488 3301 520 ι
3337 468 3468 521 Ἄπι
3500 467 3699 521 πολλοῦ
3749 468 3948 536 μίσους

694 578 862 633 Judu'i
909 577 1069 631 etiam
1102 587 1294 629 nomen
1348 569 1463 639 ejus
1509 584 1610 624 non
1642 567 1942 638 proferunt.
1976 565 2092 620 Non
2118 564 2260 616 enim

2365 567 2412 618 oi
2440 563 2687 616 Ἰουδαῖοι
2733 563 2851 614 οὐδὲ
2901 561 2996 614 τοῦ
3042 561 3306 628 ὀνόματος
3365 559 3532 611 αὑτοῦ
3604 560 3940 627 μέμνηνται.

696 671 878 724 dicunt
909 687 920 722 :
960 667 1058 723 Ubi
1086 675 1166 720 est
1196 661 1392 719 Iesus?
1419 661 1533 726 sed,
1581 678 1601 710 ι
1655 657 1756 714 Ubi
1788 668 1874 713 est
1901 656 2025 711 ille?
2056 674 2075 706 ι
2112 655 2185 708 Ita
2213 665 2250 707 el

2368 654 2441 707 Οὐ
2473 653 2581 724 γὰρ
2617 653 2855 720 λέγουσι,
2903 652 3014 704 Ποῦ
3051 654 3200 704 ἐστιν
3245 652 3272 702 ὁ
3303 649 3541 715 Ἰησοῦς,
3579 650 3739 713 ἀλλὰ,
3782 668 3799 699 ι
3837 651 3948 702 Ilo)

698 764 797 829 ipsi
830 765 943 827 ejus
1003 756 1206 812 nomini
1240 754 1679 810 adversabantur.
1739 749 2037 805 Considera
2085 756 2260 798 autem

695 868 855 923 quam
888 850 1026 903 avidi
1067 847 1263 902 iuerint
1306 843 1488 909 caedis,
1525 857 1646 896 cum
1689 855 1861 908 neque
1900 853 1994 906 per
2045 847 2257 901 tempus

697 941 1005 997 festivitatis
1062 940 1134 992 illi
1201 942 1502 1006 parcerent,
1560 933 1652 986 sed
1714 931 1896 985 venari
1963 927 2112 981 illum
2167 938 2260 991 per

694 1036 823 1089 illud
875 1033 1147 1096 volebant,
1221 1029 1337 1082 ideo
1379 1036 1433 1081 et
1498 1023 1852 1093 quaerebant:
1890 1033 1994 1072 tam
2039 1031 2256 1086 parvam

697 1127 1053 1181 reverentiam
1081 1122 1182 1175 diei
1215 1120 1353 1173 festo
1377 1116 1729 1177 exhibebant,
1762 1112 2002 1179 taliaque
2047 1107 2257 1160 illorum

691 1229 846 1273 crant
874 1231 1054 1285 opera.
1096 1213 1334 1266 Murmur
1355 1220 1530 1265 autem
1569 1206 1792 1260 multum
1844 1203 1909 1255 de
1941 1215 2006 1254 eo
2054 1207 2170 1251 erat
2206 1198 2256 1248 in

694 1307 884 1370 lutbis,
945 1305 1200 1375 quoniam
1252 1301 1422 1362 varia:
1455 1298 1521 1352 de
1573 1296 1662 1348 illo
1740 1300 1895 1346 erant
1953 1287 2252 1347 sententiae,

692 1396 996 1452 dicentibus
1036 1393 1248 1462 quidem
1280 1387 1610 1460 principibus
1636 1402 1648 1437 :
1691 1399 1711 1433 ι
1739 1380 1953 1436 Seducit
1982 1377 2204 1439 turbas;
2233 1393 2250 1424 ι

697 1489 874 1542 multis
905 1496 1080 1540 autem
1112 1481 1450 1536 dicentibus:
1496 1496 1513 1528 ι
1551 1477 1728 1530 Bonus
1758 1484 1858 1526 est.
1889 1489 1906 1522 ι
1942 1468 2040 1533 Qui
2078 1475 2255 1519 autem

688 1595 807 1633 cum
852 1578 1047 1632 bonum
1084 1560 1371 1630 dicebant.
1419 1568 1484 1622 de
1547 1567 1699 1620 turba
1750 1569 1921 1615 erant.
1977 1557 2041 1610 Ει
2114 1555 2257 1624 quod

695 1676 794 1724 hoc
829 1670 898 1722 sit
953 1681 1157 1728 verum,
1201 1661 1547 1717 manifestum
1574 1669 1651 1711 est
1689 1672 1750 1709 ex
1796 1667 1862 1709 eo
1903 1651 2043 1722 quod
2094 1663 2255 1703 evan-

691 1762 878 1833 gelista
911 1759 1039 1814 dicit
1066 1757 1266 1812 nullum
1301 1754 1464 1807 fuisse
1498 1765 1684 1804 ausum
1736 1749 1901 1800 libere
1934 1743 2077 1811 loqui
2129 1754 2253 1809 pro-

2364 748 2519 799 ἐστιν
2549 747 2752 808 ἐκεῖνος
2783 763 2796 810 ;
2833 763 2850 795 ι
2916 745 3058 796 οὕτω
3092 745 3184 796 καὶ
3226 742 3306 812 τῷ
3333 742 3555 811 ὀνόματι
3599 743 3768 794 αὑτοῦ
3803 742 3950 810 ψιλῷ

2367 839 2760 910 ἀπηχθάνοντο.
2810 838 3007 889 Σκόπει
3058 837 3113 888 δέ
3175 852 3263 906 μοι
3310 837 3402 887 καὶ
3467 838 3566 903 τὴν
3625 836 3949 904 μιαιφονίαν

2364 931 2566 995 αὐτῶν,
2603 930 2718 990 πῶς
2755 929 2872 980 οὐδὲ
2915 929 3009 979 τοῦ
3065 928 3256 997 καιροῦ
3289 927 3385 994 τῆς
3419 928 3608 995 ἑορτῆς
3644 927 3945 993 ἐφείδοντο,

2363 1021 2498 1074 ἀλλὰ
2543 1020 2805 1090 θηρεῦσαι
2854 1020 2995 1071 κατὰ
3035 1019 3237 1088 ταύτην
3295 1019 3455 1071 αὑτὸν
3495 1018 3820 1070 ὲὸονρλοντο·
3868 1019 3948 1068 διὸ

2363 1115 2454 1164 καὶ
2478 1113 2705 1179 ἐζήτουν
2739 1126 2750 1138 °
2778 1112 2920 1162 οὕτω
2957 1110 3159 1180 πολλὴν
3187 1110 3474 1162 εὺλάόειαν
3513 1113 3606 1162 καὶ
3645 1110 3780 1172 αἰδῶ
3815 1111 3944 1177 ἐτή-

2365 1221 2490 1274 ρουν
2516 1207 2638 1272 περὶ
2660 1203 2753 1262 τᾶ;
2777 1203 2989 1271 ὲορτᾶς,
3007 1207 3099 1254 καὶ
3125 1200 3349 1256 τοιαῦτα
3364 1197 3431 1270 ἦν
3450 1201 3628 1252 αὐτῶν
3651 1203 3717 1251 τὰ
3740 1216 3945 1269 κατορο

2363 1293 2608 1363 θώματα.
2656 1313 2670 1342 ι
2712 1294 3029 1361 Γογγυιτμὺς
3076 1294 3128 1343 δὲ
3163 1294 3290 1360 περὶ
3320 1292 3479 1344 αὐτοῦ
3502 1288 3569 1362 ἦν
3619 1293 3808 1352 ἐντοῖς
3856 1291 3948 1358 ὀχ-

2361 1385 2489 1448 λοις,
2517 1403 2533 1434 ι
2560 1384 3010 1453 ὲπειδὴδιαφοροι
3045 1385 3171 1451 περὶ
3198 1381 3362 1435 αὑτοῦ
3381 1379 3520 1452 ἦσαν
3544 1383 3761 1450 γνῶμαι
3785 1398 3797 1410 ·
3834 1383 3947 1431 τίεν

2369 1478 2466 1546 μὲν
2517 1478 2796 1546 ἀρχόντων
2833 1477 3122 1543 λεγόντων,
3155 1476 3235 1528 ὅτι
3277 1495 3293 1527 ι
3333 1476 3514 1546 Πλανᾷ
3545 1475 3636 1526 τὸν
3672 1475 3833 1544 ὄχλον
3868 1489 3880 1500 ⁸
3924 1491 3941 1522 ι

2360 1564 2567 1616 πολλῶν
2610 1564 2664 1616 δὲ
2693 1565 2980 1632 λεγόντων,
3017 1566 3097 1616 ὅτι
3127 1584 3144 1615 ι
3189 1565 3417 1631 Ἀγαθός
3439 1566 3604 1616 ἐστιν.
3647 1583 3664 1615 ι
3693 1560 3856 1616 Οὗτοι
3888 1563 3947 1615 δὲ

2359 1656 2465 1726 ἄρα
2506 1659 2554 1708 οἱ
2582 1657 2831 1724 λέγοντες
2875 1656 3038 1710 αὑτὸν
3073 1657 3300 1723 ἀγαθὸν,
3335 1658 3398 1708 ὲκ
3435 1656 3526 1708 τοῦ
3565 1655 3726 1724 ὄχλου
3775 1651 3944 1725 ἦσαν.

2363 1748 2558 1800 "oua:
2585 1749 2742 1800 τοῦτο
2776 1747 2995 1817 arma;
3034 1748 3190 1816 δῆλον
3219 1750 3283 1798 ὲκ
3316 1747 3408 1799 τοῦ
3437 1748 3614 1798 είπεῖν
3649 1746 3742 1798 τὸν
3772 1748 3908 1814 εὑαγ
3929 1779 3948 1790 ο

689 1816 806 1923 pter
846 1863 1046 1907 metum
1100 1848 1429 1903 Jndzeorum.
1481 1841 1821 1896 Manifestum
1871 1837 2013 1890 enim
2056 1833 2195 1903 quod
2225 1845 2250 1884 e

2360 1843 2634 1911 γελιστὴν,
2668 1843 2745 1905 ὡς
2793 1816 2968 1905 οὺδεῖς
2999 1844 3197 1912 ἐτόλμα
3234 1843 3712 1914 παρῤησιασθῆναι
3742 1842 3834 1895 διὰ
3855 1842 3947 1893 τὸν

693 1949 844 1999 turba
874 1951 1031 1998 erant
1060 1941 1146 2009 qui
1175 1941 1240 1993 de
1264 1937 1353 1991 illo
1379 1935 1549 2004 palam
1576 1931 1717 1999 loqui
1751 1930 1864 1982 ausi
1896 1944 1998 1980 non
2035 1923 2251 1987 fuerint,

691 2049 740 2088 ct
784 2034 1032 2085 timentes
1065 2029 1330 2098 principes
1379 2024 1683 2078 Iudaeorum
1739 2019 2006 2074 siluerint.
2045 2015 2148 2068 Sed
2200 2027 2254 2068 ct

666 2109 783 2180 'eos
815 2126 904 2194 qui
952 2124 1238 2176 dicebant:
1288 2137 1304 2169 ι
1351 2116 1570 2170 Seducit
1604 2115 1832 2175 turbam,
1866 2129 1883 2160 ο
1941 2108 2250 2178 conjectura

685 2227 789 2280 est,
821 2231 886 2270 ex
918 2211 1249 2285 principibus
1280 2210 1444 2264 fuisse
1473 2208 1560 2274 qui
1589 2204 1730 2257 illum
1761 2200 2248 2256 calumniabantur.

684 2312 815 2365 Nam
849 2313 892 2363 si
927 2309 1153 2362 fuissent
1184 2321 1248 2360 ex
1291 2303 1466 2365 turba,
1499 2300 1765 2353 dixissent
1806 2315 1818 2350 :
1852 2285 2076 2348 Seducit
2114 2285 2247 2354 nos;

683 2407 835 2459 Nunc
860 2414 1037 2456 autem
1069 2415 1188 2453 cum
1216 2397 1430 2450 dicunt:
1464 2413 1480 2445 ι
1516 2387 1987 2449 Seducitturbam,
2026 2404 2043 2436 ι
2070 2393 2251 2438 osten-

686 2500 832 2549 ditur
856 2493 996 2564 quod
1025 2509 1128 2545 non
1154 2491 1350 2543 iuerint
1372 2487 1435 2540 de
1468 2484 1645 2547 turba,
1676 2482 1767 2537 sed
1799 2495 1862 2533 ex
1890 2475 2248 2547 principibus,

687 2590 776 2654 qui
818 2587 939 2638 talia
974 2585 1240 2638 dicebant.
1271 2579 1401 2632 Vide
1432 2587 1606 2629 autem
1629 2574 1825 2640 ubique
1845 2570 2117 2641 principes
2135 2581 2253 2621 cor-

686 2689 892 2744 ruptos,
939 2674 1180 2729 subditos
1239 2683 1365 2722 vero
1427 2669 1789 2733 incorruptos.
1869 2660 2248 2712 Verumtamen

681 2769 804 2834 quia
864 2765 1100 2817 viriliorc
1154 2761 1334 2814 animo
1394 2756 1670 2816 carebant,
1724 2752 1898 2805 adhuc
1954 2746 2250 2817 imperfecti

682 2861 991 2916 manebant,
1022 2866 1075 2908 et
1102 2854 1268 2906 libere
1296 2849 1428 2903 nihil
1454 2847 1745 2900 audebant.

754 3128 918 3181 Vsus.
968 3121 1190 3176 1446.:
1224 3119 1358 3174 Cum
1406 3127 1586 3170 autem
1631 3113 1742 3181 jam
1796 3112 2075 3165 dimidium
2123 3105 2244 3162 festi

680 3229 954 3291 peractum
1012 3225 1203 3278 esset,
1249 3212 1485 3266 ascendit
1533 3207 1687 3263 Jesus
1737 3208 1789 3260 in
1838 3203 2087 3274 templum
2125 3243 2140 3268 ,
2181 3216 2243 3255 ac

678 3315 928 3370 docebat.
964 3311 1024 3364 Et
1063 3306 1394 3362 mirabantur
1432 3303 1623 3365 Judaai,
1660 3302 1931 3355 dicentes:
1965 3296 2244 3364 Quomodo

680 3408 766 3460 hic
815 3405 1020 3458 litteras
1052 3402 1175 3465 scit,
1201 3413 1320 3453 cum
1361 3411 1469 3452 non
1503 3393 1793 3450 didicerit?
1822 3390 2116 3460 Respondit
2165 3389 2245 3442 eis

675 3501 854 3558 Jesns.
881 3505 935 3550 et
959 3496 1093 3548 dixit
1121 3511 1134 3546 :
1170 3491 1284 3546 Mea
1319 3489 1569 3544 doctrina
1602 3499 1708 3540 non
1737 3495 1978 3547 estmea,
2005 3483 2099 3535 sed
2127 3480 2245 3546 ejus

675 3589 766 3657 qui
801 3601 885 3640 me
917 3585 1080 3639 misit.
1111 3601 1130 3634 ο
1162 3581 1338 3649 Quare
1372 3578 1615 3633 ascendit
1644 3589 1764 3629 cum
1788 3583 1931 3628 esset
1957 3571 2243 3625 dimidium

674 3679 840 3734 festi?
882 3675 949 3731 Ut
1007 3675 1207 3731 leniret
1255 3671 1467 3726 illorum
1519 3670 1784 3730 animum,
1822 3677 1874 3720 et
1930 3669 2152 3732 insuper
2188 3671 2246 3715 ut

681 3770 868 3839 majori
928 3766 1226 3821 attentione
1264 3762 1515 3842 audirent
1557 3774 1621 3814 ea
1659 3774 1777 3828 qua:
1803 3756 1873 3811 ab
1919 3756 2036 3824 ipso
2096 3753 2245 3808 dice-

678 3864 896 3927 bantur,
937 3873 1004 3912 ne
1033 3857 1162 3910 [esti
1194 3855 1454 3923 strepitus
1493 3852 1702 3906 illorum
1727 3863 1888 3903 aures
1917 3847 2242 3909 occluderet.

675 3954 806 4008 Nam
838 3953 889 4007 in
919 3949 1182 4020 principio
1220 3946 1340 4001 festi
1370 3942 1662 3998 verisimile
1691 3948 1775 3995 est
1802 3953 1894 3994 eos
1928 3939 1978 3990 in
2015 3937 2100 3990 his
2126 3950 2248 4004 quae

673 4047 795 4100 festi
837 4050 1014 4106 erant,
1045 4047 1336 4108 occupatos
1398 4034 1584 4089 fuisse.
1618 4030 1754 4085 Cum
1811 4028 1973 4098 igitur
2026 4035 2247 4094 repente

675 4137 1011 4207 apparuisset
1037 4132 1136 4196 eis,
1178 4126 1497 4198 simpliciter
1524 4126 1809 4180 audierunt
1842 4136 2053 4184 omnes,
2123 4134 2248 4189 par-

677 4231 770 4282 tim
805 4228 951 4280 illum
1001 4225 1221 4288 bonum,
1259 4220 1454 4288 partim
1513 4217 1880 4285 impostorem,
1927 4212 2169 4266 dicentes
2228 4229 2241 4264 :

676 4331 731 4377 ct
782 4320 869 4372 alii
911 4317 1127 4388 quidem
1159 4323 1217 4368 ut
1271 4311 1404 4367 lucri
1443 4309 1695 4380 quiddam
1726 4309 1849 4362 inde
1879 4308 2242 4377 perciperent,

675 4409 1204 4471 et‘admirarentur;
1238 4403 1328 4458 alii
1374 4409 1551 4455 autem
1583 4406 1640 4451 ut
1685 4397 1832 4451 illum
1884 4392 2247 4464 reprehende-

2360 1930 2522 2003 φόόον
2577 1933 2690 1986 τῶν
2735 1933 3041 1986 Ἰουδαίωνο
3098 1933 3367 2004 πρόδηλον
3422 1933 3552 2002 γὰρ,
3587 1933 3668 1985 ὅτι
3721 1934 3783 1983 ἐκ
3851 1932 3945 1983 τοῦ

2356 2028 2514 2096 δχλου
2544 2022 2686 2096 ἦσαν
2716 2029 2765 2079 οἱ
2802 2028 2876 2096 μὴ
2907 2026 3214 2096 τολμῶντες
3253 2027 3540 2096 παρρησία
3577 2026 3718 2092 ὑπὲρ
3765 2024 3941 2078 αὑτοῦ

2362 2119 2612 2188 λαλῆσαι,
2644 2121 2734 2172 καὶ
2788 2119 3069 2182 ἐσιώπων,
3119 2119 3418 2181 δεδοικότες
3477 2120 3603 2178 τοὺς
3670 2118 3945 2187 ἄρχοντας

2363 2211 2677 2272 Ἰουδαέους.
2707 2211 2869 2262 una
2919 2210 3014 2261 καὶ
3062 2210 3122 2260 τὸ
3181 2210 3382 2276 λέγειν,
3418 2209 3498 2261 ὅτι
3535 2228 3552 2259 ι
3603 2208 3788 2277 [ἰλανᾷ
3851 2211 3944 2258 τὲν

2365 2301 2546 2371 ὄχλον,
2585 2319 2601 2349 ι
2635 2300 2934 2371 τεκμήριόν
2967 2301 3082 2351 ἐστι
3129 2299 3223 2351 τοῦ
3256 2301 3319 2351 ἐκ
3344 2299 3451 2352 τῶν
3485 2299 3765 2368 ἀρχόντων
3798 2293 3942 2348 εἶναι

2361 2397 2493 2458 τοὺς
2528 2396 2914 2456 διαδὰλλοντας
2943 2396 3125 2449 αὐτόν.
3160 2397 3219 2448 Ei
3245 2397 3352 2466 γᾲρ
3373 2393 3512 2466 ἦσαν
3544 2400 3606 2449 ἐκ
3637 2395 3730 2447 τοῦ
3755 2394 3939 2463 ὄχλου.

2354 2490 2537 2556 ἔλεγον
2587 2489 2671 2551 ἂν,
2713 2491 2795 2540 ὅτι
2847 2488 3032 2558 Πλανᾷ
3079 2490 3248 2557 ἡμᾶς.
3277 2487 3389 2540 Νῦν
3444 2489 3497 2540 δὲ
3543 2489 3812 2554 λέγοντες,
3856 2489 3938 2540 ὅτι

2359 2599 2377 2630 ι
2425 2578 2606 2650 Πλανᾷ
2634 2580 2723 2631 τὸν
2783 2580 2960 2648 ὄχλον,
3007 2601 3023 2630 ι
3071 2580 3408 2632 δεικνύουσιν
3437 2581 3518 2632 ὅτι
3577 2580 3675 2631 οὐκ
3729 2581 3790 2630 ἑκ
3844 2579 3938 2630 τοῦ

2353 2671 2534 2742 ὄχλου,
2570 2673 2683 2725 ἀλλ’
2712 2674 2776 2724 ἐκ
2809 2672 2915 2726 τῶν
2970 2673 3252 2742 ἀρχόντων
3282 2675 3420 2725 εἰσὶν
3447 2673 3496 2724 οἱ
3525 2671 3703 2725 ταῦτα
3752 2673 3942 2738 λέγειν·

2353 2781 2463 2827 τες.
2496 2765 2635 2834 Ὅρα
2658 2765 2712 2816 δέ
2739 2782 2826 2833 μοι
2856 2765 3133 2834 πανταχοῦ
3156 2764 3217 2817 τὸ
3251 2766 3351 2833 μὲν
3377 2764 3604 2836 ἀρχικὸν
3657 2763 3933 2832 διεφθαρ-

2358 2859 2542 2925 μένον,
2580 2859 2704 2920 τοὺς
2737 2857 2794 2909 δὲ
2849 2858 3191 2928 ἀρχομένους
3220 2858 3580 2926 ἀδιαφοόρους
3632 2858 3896 2926 μένοντας
3919 2874 3932 2886 °

2357 2945 2516 3015 πλὴν,
2549 2947 2634 3000 διὰ
2679 2948 2738 3000 τὸ
2791 2948 2866 3020 μὴ
2913 2949 3058 3019 ἔχειν
3103 2949 3482 3020 ἀνδρειοτέραν
3535 2949 3635 3019 τὴν
3675 2948 3927 3018 γνώμην,

2351 3038 2464 3092 ἀλλ’
2495 3039 2573 3091 ἔτι
2605 3040 2812 3102 ἀτελεῖς
2847 3037 3007 3107 εἶναι,
3056 3041 3543 3112 ἀπαρῤησιάστους
3565 3040 3746 3102 ὄντας.

2428 3149 2445 3181 ι
2481 3130 2620 3199 Ἤδη
2651 3130 2706 3182 δὲ
2756 3132 2854 3200 τῆς
2902 3133 3101 3203 ἑορτῆς
3137 3133 3430 3202 μεσούσης,
3455 3131 3625 3202 ἀνέϐη
3651 3134 3678 3184 ό
3719 3131 3935 3202 Ἰησοῦς

2350 3221 2427 3283 είς
2461 3220 2521 3273 τὸ
2557 3222 2722 3290 ἱερὸν,
2767 3223 2861 3275 καὶ
2897 3223 3165 3278 ἐδίδασκε.
3199 3225 3307 3276 Καὶ
3346 3222 3657 3292 ἐθαύμαζον
3707 3225 3758 3275 οἱ
3795 3223 3933 3276 Ἰου-

2345 3313 2506 3376 δαῖοι,
2532 3313 2802 3381 λέγοντες·
2836 3315 2957 3378 Πῶς
2979 3310 3133 3378 οὗτος
3147 3318 3451 3388 γράμματα
3474 3313 3605 3382 οἶδε,
3637 3318 3714 3386 μὴ
3747 3333 3933 3384 μεμα-

2349 3404 2565 3474 θηκώς;
2601 3406 2901 3477 Ἀπεκρίθη
2931 3407 3021 3460 οὖν
3061 3410 3246 3470 αὐτοῖς
3289 3413 3316 3462 ό
3353 3407 3582 3480 Ἰησοῦς,
3607 3412 3704 3462 καὶ
3733 3407 3889 3463 εἶπεν
3914 3425 3930 3439 ο

2364 3497 2425 3549 Ἦ
2450 3497 2566 3566 ,ἐμὴ
2593 3497 2782 3567 διδαχὴ
2815 3499 2916 3551 οὐκ
2943 3499 3090 3552 ἐστιν
3125 3501 3256 3572 ἐμὴ,
3281 3501 3416 3554 ἀλλὰ
3459 3501 3552 3554 τοῦ
3612 3502 3934 3569 πέμψαντός

2350 3605 2437 3658 με.
2491 3607 2510 3640 ι
2546 3589 2643 3641 Διὰ
2695 3589 2748 3642 τί
2794 3591 2893 3657 τῆς
2941 3593 3133 3662 ἑορτῆς
3184 3595 3452 3664 μεσούσης
3491 3593 3769 3662 ἀνῆλθενς
3809 3595 3930 3646 Ἷνα

2346 3683 2599 3754 χαυνώςῃ
2637 3683 2817 3737 αὐτῶν
2853 3685 2944 3737 τὸν
2985 3685 3176 3755 θυμδι,
3216 3685 3333 3756 ἅμα
3393 3686 3448 3738 δὲ
3505 3686 3602 3738 καὶ
3636 3685 3724 3738 ίνα
3774 3687 3918 3756 μετα

2348 3773 2541 3844 σχολῆς
2564 3773 2839 3827 ἀκούσωσι
2867 3773 2961 3827 καὶ
2995 3776 3270 3846 προσοχῆς
3305 3774 3412 3829 τῶν
3466 3775 3598 3845 παρ’
3638 3775 3806 3829 αὑτοῦ
3835 3775 3931 3830 λε·

2347 3864 2613 3934 γομένων,
2655 3865 2850 3936 μηκέτι
2874 3867 2974 3936 τῆς
3005 3867 3205 3938 ἑορτῆς
3255 3867 3679 3938 ἐμφραττούσης
3722 3870 3790 3922 τὰ
3817 3862 3935 3924 ὦτα

2348 3957 2545 4010 αὐτῶν.
2578 3958 2668 4010 Ἐν
2699 3957 2809 4026 γὰρ
2832 3961 2898 4028 τῇ
2927 3959 3068 4029 ἀρχῇ
3098 3961 3196 4028 τῆς
3221 3961 3415 4030 ἑορτῆς
3447 3961 3593 4024 εἰκὸς
3626 3957 3692 4033 ἧν
3732 3963 3935 4026 αὐτοὺς

2351 4047 2728 4120 περισπᾶσθαι
2751 4051 2882 4120 περὶ
2910 4051 2977 4102 τὰ
3012 4053 3108 4131 τῆς
3139 4051 3356 4120 ἑορτῆς.
3398 4053 3587 4120 Ἀφνω
3615 4048 3710 4106 οὖν
3746 4055 3934 4118 αὐτοῖς

2347 4140 2721 4208 ἐπιφανέντος,
2758 4140 2956 4210 ἢκουον
3017 4141 3204 4204 ἁπλῶς
3263 4143 3486 4208 πάντες,
3523 4143 3578 4195 οἵ
3614 4161 3672 4196 τε
3723 4145 3934 4213 ἀγαθὸν

2346 4231 2527 4297 αὐτὸν,
2564 4230 2622 4284 οἵ
2645 4248 2704 4283 τε
2741 4231 2946 4284 πλάνον
2967 4231 3220 4300 λέγοντες
3253 4247 3266 4262 °
3289 4234 3359 4285 οί.
3381 4233 3502 4303 μὲν,
3537 4235 3676 4305 πρὸς
3710 4235 3770 4289 τὸ
3801 4253 3934 4306 κερ-

2345 4319 2506 4390 δῆσαί
2534 4339 2582 4374 τι
2620 4325 2712 4374 καὶ
2747 4320 3032 4391 θαυμάσαι
3059 4339 3075 4355 ο
3105 4324 3251 4387 οίδὲ,
3284 4324 3420 4393 πρὸς
3455 4326 3515 4377 τὸ
3560 4327 3925 4382 ἐπιλαϐέσθαι

2348 4412 2536 4478 αὑτοῦ,
2567 4414 2656 4464 και
2693 4413 2976 4466 συλλαϐεῖν
3006 4415 3168 4467 αὑτὸν
3193 4415 3269 4478 ὠς
3314 4400 3535 4468 πλάνον.
3574 4416 3639 4470 τι
3687 4418 3787 4487 μὲν
3825 4420 3933 4472 εει-

676 4513 794 4556 rent
824 4511 876 4555 et
914 4495 1436 4567 comprehenderent
1476 4489 1637 4543 veluti
1682 4489 2042 4542 seductorem.
2076 4483 2246 4538 Porro

2353 4501 2524 4567 δαξεν,
2575 4505 2673 4556 οὑκ
2708 4499 2860 4556 εἶπεν
2900 4505 2927 4555 ὁ
2953 4505 3380 4576 εὐαγγελιστής·
3412 4508 3494 4560 ὅτι
3550 4508 3606 4561 δὲ
3645 4483 3932 4579 θαυμασιὰ

674 4594 803 4664 quid
845 4589 1101 4651 docuerit,
1141 4603 1246 4642 non
1295 4585 1427 4640 dixit
1484 4581 1836 4652 evangelista,
1868 4579 2008 4646 quod
2063 4585 2244 4630 autem

679 4685 939 4739 mirabilia
970 4681 1214 4751 quedam
1254 4678 1470 4740 dixerit,
1495 4690 1589 4746 per
1619 4689 1738 4743 qua:
1779 4671 1899 4727 illos'
1919 4668 2241 4734 cohibuerit,

677 4792 730 4833 et
765 4787 999 4831 memem
1032 4773 1243 4828 illorum
1273 4771 1324 4824 in
1361 4769 1678 4824 miraculum
1732 4765 2042 4830 mutaverit,
2077 4762 2246 4816 mani-

680 4871 895 4926 festavit
938 4883 1031 4938 per
1069 4867 1170 4920 hoc
1216 4865 1357 4935 quod
1403 4863 1554 4928 dicit,
1591 4881 1608 4913 ι
1645 4861 2063 4915 Admirabantur
2113 4871 2248 4927 quo.

679 4964 838 5019 modo
872 4963 1080 5016 litteras
1117 4960 1297 5024 sciret,
1325 4957 1414 5027 qui
1456 4969 1727 5024 nunquam
1757 4939 2049 5007 didicisset.
2094 4967 2112 5000 ›
2145 4948 2248 5002 Ve-

677 5064 978 5110 rumtamen
1027 5051 1272 5119 quamvis
1321 5047 1741 5108 admirarentur,
1776 5053 2014 5097 attamen
2072 5053 2245 5109 neque

678 5146 756 5199 sic
787 5144 1011 5196 liberata
1051 5153 1135 5195 est
1175 5155 1327 5194 mens
1371 5137 1582 5192 illorum
1636 5152 1664 5188 a
1699 5133 1926 5188 malitia.
1957 5130 2072 5186 Non
2098 5132 2241 5186 enim

675 5235 976 5292 doctrinam
1028 5231 1457 5292 admirabantur,
1513 5242 1686 5297 neque
1750 5241 1868 5296 quae
1922 5223 2246 5279 dicebantur

678 5322 1060 5396 suscipiebant,
1092 5318 1256 5392 605
1281 5319 1375 5374 sed
1407 5316 1812 5372 admirabantur
1845 5315 2118 5386 quomodo
2138 5313 2246 5368 sci-

675 5428 756 5473 ret
787 5417 1018 5479 litteras,
1068 5413 1120 5468 id
1142 5423 1246 5476 est,
1280 5410 1737 5480 obstupescebant
1765 5451 1778 5476 ,
1813 5410 1863 5464 id
1909 5410 2051 5479 quod
2107 5407 2247 5462 solet

677 5508 878 5562 invidis
904 5506 1152 5560 accidere
1183 5525 1198 5559 :
1227 5505 1392 5559 veluti
1426 5512 1469 5560 sl
1496 5518 1702 5575 pauper
1734 5505 1998 5576 quispiam
2031 5505 2244 5560 vicinus

676 5609 901 5669 repente
950 5599 1003 5651 in
1053 5598 1400 5666 splendidiori
1455 5598 1652 5654 vestitu
1687 5599 1928 5668 prodeat,
1962 5608 2014 5654 et
2069 5600 2248 5654 videat

678 5707 799 5746 eum
836 5692 1048 5747 vicinus
1076 5691 1311 5757 invidus,
1345 5691 1504 5746 dicit:
1533 5690 1813 5760 Quomodo
1842 5692 1927 5746 hic
1955 5703 2062 5748 tam
2095 5711 2244 5752 sum-

677 5786 880 5852 ptuosis
911 5785 1149 5843 vestibus
1183 5785 1402 5842 indutus
1454 5794 1560 5852 est,
1597 5786 1688 5855 qui
1723 5786 1922 5842 dudum
1962 5791 2243 5858 pauperri-

2350 4611 2471 4647 τινα
2491 4593 2538 4646 εὶ
2549 4610 2661 4659 πεν,
2678 4594 2744 4647 δι’
2764 4590 2838 4647 ὧν
2855 4597 3123 4666 κατέσχεν
3141 4597 3359 4660 αὐτοὺς,
3396 4601 3488 4650 καὶ
3519 4599 3816 4668 μετέϐαλλε
3835 4603 3934 4664 τὰς

2350 4684 2573 4754 γνώμας
2625 4691 2704 4749 εἰς
2753 4686 2968 4758 Θαῦμα,
3019 4688 3257 4759 ἐδήλωσε
3300 4688 3387 4743 διὰ
3440 4691 3533 4743 τοῦ
3592 4695 3787 4757 εἰπεῖν,
3849 4695 3934 4746 δτι

2357 4798 2374 4829 ι
2401 4777 2758 4848 Ἐθαύμαζον,
2779 4779 2895 4843 πῶς
2913 4781 3219 4850 γράμματα
3245 4777 3372 4844 οἵδε,
3407 4783 3481 4851 μὴ
3513 4779 3880 4852 μεμαθηκώς.
3908 4806 3928 4836 ι

2350 4870 2496 4941 Πλὴν
2526 4874 2573 4924 εί
2601 4871 2695 4924 καὶ
2724 4871 3056 4941 ἐθαύμαζον,
3087 4871 3204 4925 dm:
3228 4872 3347 4925 οὐδὲ
3367 4872 3542 4936 οὕτως
3578 4874 3932 4941 ἀπήλλακται

2350 4967 2383 5036 ἡ
2411 4966 2604 5037 γνώμη
2637 4966 2817 5020 αὐτῶν
2848 4967 3132 5037 πονηρίας.
3173 4967 3249 5021 Οὐ
3287 4967 3396 5038 γὰρ
3421 4969 3522 5037 τὴν
3575 4969 3932 5024 διδασκαλίαν

2349 5057 2680 5128 ιθαύμαξον,
2711 5060 2924 5113 οὐδὲτὰ
2959 5059 3232 5129 λεγόμενα
3282 5059 3553 5130 ἐδέχοντο,
3585 5040 3703 5115 ἀλλ’
3754 5065 3930 5118 ἐθαύ-

2353 5149 2526 5218 μαζον
2570 5149 2686 5213 πῶς
2742 5145 2851 5202 οἶδε
2919 5152 3250 5221 γράμματα,
3286 5151 3553 5216 τουτέστι,
3606 5152 3930 5226 διηπόρουν,

2349 5239 2757 5310 ἐξεπλήττοντο,
2791 5241 2928 5310 ὅπερ
2977 5242 3233 5296 εἰώθασιν
3286 5244 3335 5296 οί
3393 5242 3782 5313 βασκαίνοντες
3828 5249 3933 5300 πά-

2351 5347 2516 5399 σχειν.
2553 5326 2699 5395 Οἷον,
2734 5331 2810 5393 ὡς
2861 5332 2964 5385 ,ἐπὶ
3011 5318 3482 5405 παραδείγματος,
3527 5335 3642 5389 εστι
3668 5340 3776 5391 τινὶ
3810 5341 3932 5407 γείο

2347 5441 2452 5478 των
2479 5427 2672 5494 πένης,
2705 5421 2824 5479 εἶτα
2850 5433 3011 5497 τυχὸν
3049 5428 3309 5491 πολλάκις
3330 5428 3555 5498 εὐπορεῖ
3582 5431 3798 5500 ἱματίου
3829 5449 3931 5500 πο-

2348 5516 2752 5581 λυτελεστέρου·
2807 5519 2931 5573 ίδὼν
2985 5518 3078 5574 οὖν
3105 5520 3294 5574 τοῦτον
3324 5521 3354 5578 6
3384 5520 3655 5592 βάσκανος
3707 5525 3926 5592 γείτων,

2349 5610 2534 5680 λέγει·
2570 5613 2692 5677 Πῶς
2743 5607 2900 5678 οὗτος
2950 5615 3223 5669 ὲνδέδυται
3256 5615 3564 5682 πολυτελῶς
3599 5618 3928 5683 πενέστατος

2349 5700 2453 5769 ὢνς
2487 5705 2657 5758 Πόθεν
2685 5706 2746 5758 τὸ
2773 5706 3012 5760 τοιοῦτον
3041 5709 3288 5778 ἱμάτιονς
3309 5707 3495 5762 Ταῦτα
3534 5708 3593 5763 δὲ
3620 5710 3791 5778 λέγει,
3820 5714 3922 5783 οὐχ

2351 5796 2424 5858 ὡς
2483 5795 2778 5868 θαυμάζων
2823 5798 2899 5870 τῷ
2931 5799 3065 5868 δντι,
3102 5799 3237 5853 ἀλλὰ
3288 5799 3468 5870 φθόνῳ
3515 5800 3923 5876 διαχαιόμενος,
