4218 6424
275 398 413 465 Πὲθ

912 388 1360 453 ENARRATIO
1420 386 1504 448 IN
1546 380 2051 447 EVANGELIUM
2107 378 2460 442 JOANNIS.
2519 401 2590 415 -
2626 374 2786 436 CAP.
2834 374 2972 436 VH.

3439 372 3578 436 i330

269 524 367 573 καὶ
407 516 549 586 πρὸς
599 511 856 581 διαϐολὴν
916 512 1011 564 τοῦ
1065 509 1309 578 γείτονος
1383 504 1649 563 τοιούτοις
1685 500 1871 568 λόγοις

1980 514 2097 553 mus
2134 498 2293 554 erat?
2327 494 2483 552 Unde
2513 494 2645 551 huic
2683 494 2854 550 vestis
2878 490 3018 546 illa?
3055 487 3185 545 Haec
3225 496 3408 543 autem
3442 489 3576 543 dicit

268 610 551 679 χρώμενος
583 618 599 633 ⁶
631 604 857 665 Πάντως
886 602 1013 671 γὰρ,
1048 603 1236 673 φησὶν,
1262 598 1464 666 ἔκλεψε
1494 596 1595 666 τὴν
1632 593 1862 663 ἐσθῆτα.

271 698 428 753 Οὕτω
439 718 455 761 ;
489 694 583 751 οὖν
615 697 708 751 καὶ
734 698 784 750 οἰ
813 695 1058 749 Ἰουδαῖοι
1090 713 1102 726 ·
1138 713 1155 745 ι
1191 693 1316 757 Πῶς
1348 684 1505 753 οὗτος
1534 683 1646 742 οἶδε
1682 687 1866 758 γράμ-

277 807 463 861 pata;
514 808 531 842 ι
564 790 794 851 Πάντως
831 789 890 841 ὲν
920 787 996 858 τῷ
1051 783 1408 850 Βεελζεϐούλ.
1444 779 1642 835 Καίτοι
1696 778 1869 849 ἐχρῆν

267 882 469 945 αὐτοὺς
495 880 605 933 ἀπὸ
636 879 829 933 τούτου
876 879 1079 949 μᾶλλον
1114 877 1391 945 ἐννοῆσαι,
1430 875 1514 927 ὅτι
1565 871 1721 925 οὐδὲν
1775 870 1870 924 ἀν-

276 974 555 1046 θρώπινον
602 968 669 1043 ἦν
703 973 875 1044 αὐτῷ.
901 972 1046 1027 Ἀλλ’
1106 969 1300 1039 ἐπειδὴ
1341 967 1501 1021 τοῦτο
1562 963 1722 1018 αὐτοὶ
1766 965 1869 1017 οὐκ

272 1067 469 1139 ἤθελον
496 1066 857 1137 ὁμολογῆσαι,
890 1064 1055 1128 αὐτὸς
1096 1063 1459 1133 ἀποκρίνεται
1488 1060 1695 1124 αὐτοῖς,
1730 1060 1868 1112 ἀνα·

273 1162 570 1230 διδάσκων,
604 1162 688 1216 δτι
714 1160 821 1214 ἀπὸ
844 1159 937 1213 τοῦ
964 1152 1190 1228 Πατρός
1223 1157 1318 1209 καὶ
1357 1153 1493 1208 Θεοῦ
1521 1156 1671 1208 ἐστιν
1704 1154 1738 1222 ὴ
1778 1151 1861 1205 διο

270 1254 564 1311 δασκαλία.
616 1254 784 1308 Οὐδὲν
843 1253 953 1323 γὰρ
995 1251 1131 1319 ὶμόν
1185 1252 1323 1313 ὲστι,
1377 1250 1535 1318 φησὶ,
1582 1248 1738 1302 οὐδὲν
1771 1246 1867 1302 ἀπ’

274 1346 517 1417 ἐμαυτοῦ
553 1346 631 1411 ὡς
668 1345 916 1408 ἀντίθεος
946 1343 1283 1413 φθέγγομαι,
1312 1342 1428 1395 ἀλλ’
1464 1344 1609 1413 ἅπερ
1666 1342 1733 1395 ἂν
1781 1344 1865 1412 εἴη

270 1435 367 1489 τοῦ
399 1436 638 1508 Πατρδς,
674 1435 849 1488 ταῦτα
879 1436 974 1487 καί⁵
997 1435 1110 1493 ἐμά
1142 1437 1260 1486 ἐστι
1285 1435 1531 1503 ῥήματα.

350 1633 369 1666 ι
407 1615 535 1668 Ἐάν
562 1629 647 1677 τις
680 1614 811 1687 θέλῃ
830 1615 892 1667 τὸ
916 1613 1128 1683 θέλημα
1159 1612 1326 1667 αὐτοῦ
1356 1617 1552 1679 ποιεῖν,
1597 1614 1868 1681 γνώσεται

275 1708 403 1779 περί
428 1711 527 1780 τῆς
548 1709 792 1779 διδαχῆς,
818 1711 1050 1779 πότερον
1074 1710 1137 1762 ἐκ
1170 1710 1265 1763 τοῦ
1294 1710 1431 1762 Θεοῦ
1473 1712 1646 1772 ἐστιν,
1674 1711 1707 1780 ἢ
1755 1710 1868 1777 ἐγὼ

274 1802 371 1854 ἀπ’
394 1800 637 1870 ἐμαυτοῦ
688 1801 857 1856 λαλῶ.
910 1803 970 1854 Ὀ
999 1804 1095 1869 ἀφ’
1126 1801 1323 1866 ἑαυτοῦ
1353 1802 1557 1867 λαλῶν,
1579 1802 1680 1872 τὴν
1707 1803 1867 1867 δόξαν

273 1892 375 1966 τὴν
412 1892 548 1945 ἰδίαν
579 1892 736 1962 ζητεῖ
754 1936 768 1951 ,
808 1894 865 1946 ’0
892 1893 948 1946 δὲ
984 1892 1164 1964 ζητῶν
1187 1893 1288 1963 τὴν
1309 1894 1472 1961 δόξαν
1500 1893 1594 1947 τοῦ
1620 1895 1873 1963 πέμψαν-

272 2004 365 2049 τος
390 1982 764 2054 αὑτὸν,οὗτος
789 1986 1007 2056 ἀληθής
1047 1989 1188 2047 ἐστι,
1226 1988 1323 2042 καὶ
1359 1988 1547 2042 ἀδικία
1586 1988 1688 2041 οὐκ
1723 1987 1875 2043 ἐστιν

279 2080 339 2131 ὲν
369 2078 541 2149 αὐτῷ.
583 2098 601 2131 ι
663 2078 869 2143 Εἰπὼν,
924 2080 1005 2132 ὅτι
1054 2100 1072 2132 ε
1124 2081 1188 2132 Ἢ
1223 2080 1331 2152 ἐμὴ
1361 2080 1547 2151 διδαχὴ
1578 2081 1680 2135 οὐκ
1725 2080 1874 2135 ἐστιν

277 2172 408 2242 ἐμὴ,
456 2190 475 2224 ι
507 2172 811 2237 τουτέστιν,
837 2174 1057 2227 ἐναντία
1086 2173 1231 2242 Θεῷ,
1271 2193 1290 2225 ι
1330 2175 1467 2227 ἀλλὰ
1493 2174 1590 2227 τοῦ
1652 2174 1874 2243 Πατρός

279 2262 382 2332 μοῦ
414 2265 584 2338 ἐστιν,
624 2284 643 2316 ι
677 2266 862 2335 φησιν,
891 2266 971 2318 ὅτι
1002 2265 1133 2319 Ἐάν
1172 2284 1258 2329 τις
1292 2266 1352 2319 τί)
1373 2266 1587 2338 θέλημα
1615 2266 1712 2321 τοῦ
1737 2266 1873 2320 Θεοῦ

278 2358 431 2424 ποιῇ,
457 2357 757 2420 τουτέστιν,
780 2356 911 2409 Ἐάν
942 2375 1024 2420 τις
1048 2357 1254 2426 ἀρετῆς
1288 2359 1659 2427 ἀντιποιῆται,
1694 2356 1791 2411 καὶ
1810 2356 1873 2410 οὐ

277 2444 457 2511 φθόνῳ
504 2444 753 2517 δουλεύῃ,
786 2447 907 2499 οὐδὲ
970 2446 1051 2517 τῷ
1092 2449 1229 2515 πρός
1294 2466 1362 2518 με
1423 2448 1639 2517 ματαίῳ
1694 2448 1875 2518 φθόνῳ

277 2536 660 2609 ἑπισκοτῆται.
702 2538 974 2606 γνώσεται
1015 2540 1124 2592 τῶν
1175 2541 1326 2610 ἐμῶν
1354 2543 1534 2609 λόγων
1562 2544 1661 2611 τὴν
1714 2540 1877 2594 δύνα-

288 2644 402 2693 μιν,
427 2627 520 2683 ἐάν
569 2645 628 2679 τε
659 2629 726 2681 τά
756 2628 851 2681 τοῦ
886 2630 1098 2699 nugs;
1142 2630 1311 2693 λαλῶ,
1350 2633 1445 2684 ἐάν
1486 2650 1545 2684 τε
1578 2632 1709 2698 ξένα·
1754 2632 1877 2687 τινὰ

277 2717 372 2770 καὶ
406 2718 859 2789 παρηλλαγμένα.
892 2722 1121 2790 Θέλημα
1151 2722 1206 2775 δὲ
1249 2724 1343 2775 τοῦ
1392 2725 1529 2776 Θεοῦ
1583 2729 1745 2788 ποιεῖ,
1783 2728 1878 2779 καὶ

277 2811 307 2860 ό
335 2808 433 2868 τὰς
464 2809 688 2879 Γραφάς
735 2814 830 2864 καὶ
863 2814 990 2875 τοὺς
1023 2816 1316 2885 προφήτας
1346 2816 1606 2883 ἐρευνῶν.
1647 2817 1709 2871 '0
1744 2818 1877 2886 γοῦν

273 2898 521 2964 τοιοῦτος
551 2902 779 2956 δύναται
806 2905 1014 2970 γνῶναι
1048 2908 1183 2976 περὶ
1208 2906 1305 2976 τῆς
1342 2909 1436 2960 τοῦ
1474 2911 1681 2980 Κυρίου
1730 2912 1877 2966 διδα⁸

278 2990 401 3060 κῆς,
437 2993 517 3045 ὅτι
546 2994 653 3047 ἀπὸ
676 2993 811 3047 Θεοῦ
850 2998 1021 3051 ἐστιν.
1053 2998 1115 3051 Οἱ
1170 3003 1456 3070 προφῆται
1498 3003 1609 3071 γὰρ
1638 3004 1740 3057 οὐκ
1774 3006 1874 3058 ἀν-

275 3082 454 3137 τίθεον
476 3085 759 3153 εἰσάγουσι
790 3088 878 3140 τὸν
896 3089 1103 3159 Κύριον
1127 3091 1223 3143 καὶ
1252 3093 1344 3161 ἀφ’
1368 3094 1565 3147 ἑαυτοῦ
1585 3096 1876 3163 λαλοῦντα,

1974 608 2079 646 neu
2109 590 2253 658 quod
2297 588 2472 658 reipsa
2508 587 2834 651 admiretur,
2876 584 2971 641 sed
3004 583 3148 655 quod
3196 582 3459 638 aduratur
3492 578 3578 633 iu-

1970 687 2139 748 vidia,
2169 686 2235 740 ad
2272 684 2437 739 vicini
2470 682 2800 738 calumniam
2828 694 2961 735 usus
2984 677 3183 734 talibus
3201 674 3576 730 sermonibus.

1971 777 2206 834 Omnino
2232 777 2404 841 enim,
2428 776 2583 841 dicit,
2627 774 2841 829 furatus
2894 782 2979 828 est
3011 780 3238 825 vestem.
3276 767 3369 823 Sic
3415 768 3580 837 igitur

1971 880 2028 926 et
2062 869 2233 925 Judaei
2273 888 2287 924 :
2325 888 2342 920 ι
2383 864 2669 935 Quomodo
2699 864 2788 919 ltic
2836 863 2941 919 scit
2972 860 3226 917 litteras?
3261 877 3277 910 ι
3322 856 3577 912 Ρτοίιειω

1971 977 2039 1019 ex
2070 960 2355 1018 Beelzebul
2386 959 2583 1015 habet.
2615 957 2861 1013 Tametsi
2896 955 3021 1010 inde
3075 953 3195 1007 illos
3263 951 3582 1039 conjectare

1974 1058 2153 1128 potius
2179 1056 2470 1127 oportebat
2500 1068 2607 1109 non
2643 1068 2766 1107 esse
2804 1053 2907 1106 hoc
2938 1051 3235 1104 ltttntannut
3275 1062 3289 1100 :
3326 1046 3420 1100 sed
3450 1046 3577 1110 quia

1974 1151 2075 1203 hoc
2107 1148 2209 1217 ipsi
2240 1147 2399 1202 fateri
2430 1146 2744 1209 noluerunt,
2775 1145 2889 1213 ipse
2929 1138 3217 1210 respondet
3250 1138 3350 1200 eis,
3372 1139 3579 1193 docttus

1971 1243 2117 1312 quod
2152 1258 2181 1295 a
2219 1239 2331 1295 Deo
2372 1251 2427 1295 et
2456 1238 2619 1293 Patre
2666 1238 2737 1292 sit
2765 1238 3011 1291 dortrina
3058 1235 3170 1288 illa.
3200 1232 3342 1286 Nihil
3400 1245 3579 1283 meum

1973 1344 2078 1399 est,
2118 1333 2315 1401 inquit,
2356 1347 2533 1400 neque
2567 1347 2596 1385 a
2647 1331 2881 1399 meipso,
2917 1338 3174 1397 tauquam
3234 1322 3582 1379 adversarius

1975 1425 2106 1485 Deo,
2136 1424 2327 1493 loquor
2361 1441 2374 1478 :
2412 1423 2507 1478 sed
2566 1437 2913 1492 qumcunntte
2966 1420 3054 1474 illa
3114 1418 3321 1473 fuerint
3376 1416 3580 1477 Patris,

1974 1520 2088 1573 lucc
2129 1530 2183 1572 et
2218 1533 2335 1572 mea
2371 1518 2535 1573 verba
2570 1526 2717 1572 sunt.

2053 1612 2213 1667 Vnus.
2247 1612 2334 1678 17,
2368 1612 2454 1667 18.
2496 1631 2513 1663 ι
2553 1611 2608 1665 Si
2634 1611 2759 1682 quis
2786 1609 3023 1664 voluerit
3047 1605 3386 1659 voluntatem
3413 1603 3586 1673 ipsius

1975 1706 2175 1767 facere,
2205 1704 2344 1759 sciet
2369 1705 2433 1757 de
2469 1702 2717 1757 doctrina
2752 1710 2934 1753 utrttnt
2961 1713 3028 1752 ex
3066 1697 3174 1751 Deo
3199 1696 3295 1759 sit,
3319 1711 3386 1748 att
3424 1710 3525 1764 ego
3553 1711 3582 1747 a

1976 1798 2182 1865 meipso
2241 1796 2453 1865 loquar.
2485 1794 2588 1861 Qui
2623 1810 2649 1847 a
2693 1794 2990 1862 semetipso
3027 1790 3291 1859 loquitur,
3355 1789 3584 1859 gloriam

1977 1890 2254 1960 propriam
2314 1890 2513 1959 quaerit
2546 1905 2560 1943 :
2612 1889 2701 1959 qui
2740 1899 2920 1940 autem
2956 1885 3152 1953 quwrit
3191 1884 3421 1955 gloriam
3467 1882 3586 1951 ejus

1977 1984 2070 2056 qui
2118 1983 2267 2038 misit
2302 1984 2504 2055 ipsum,
2535 1983 2624 2037 hic
2655 1997 2822 2037 verax
2875 1989 2981 2042 est,
3012 1990 3065 2034 et
3091 1978 3356 2048 iniustitia
3410 1977 3465 2031 in
3523 1991 3589 2031 eo

1977 2094 2088 2134 non
2127 2085 2230 2130 est.
2275 2095 2293 2127 ι
2326 2076 2551 2131 Dixerat
2588 2093 2602 2129 :
2637 2093 2656 2126 ι
2696 2074 2810 2128 Mea
2845 2073 3096 2127 doctrina
3128 2086 3233 2125 non
3262 2081 3347 2124 est
3380 2084 3522 2132 mea,
3565 2087 3583 2120 ι

1978 2168 2083 2224 hoc
2110 2176 2215 2233 est,
2267 2165 2582 2221 adversaria
2629 2164 2761 2232 Deo,
2824 2182 2843 2215 ι
2893 2164 2988 2219 sed
3029 2162 3209 2216 Patris
3258 2160 3365 2215 mei
3418 2171 3523 2225 est,
3565 2178 3582 2210 ι

1980 2260 2179 2331 inquit.
2216 2258 2273 2314 Si
2326 2260 2448 2328 quis
2495 2257 2830 2312 voluntatem
2873 2255 2967 2310 Dei
3013 2252 3232 2317 fecerit,
3265 2253 3369 2306 hoc
3403 2259 3508 2315 est,
3544 2251 3589 2305 si

1979 2355 2233 2411 virtutem
2258 2354 2597 2422 amplexatus
2627 2350 2812 2411 fuerit,
2842 2358 2895 2405 et
2934 2347 3153 2404 invidia:
3184 2361 3289 2401 non
3314 2344 3588 2409 servierit,

1981 2460 2160 2515 neque
2199 2459 2340 2499 vano
2382 2453 2577 2500 contra
2640 2457 2729 2497 me
2772 2441 2899 2497 odio
2946 2439 3346 2496 obtenebratus
3403 2437 3592 2495 fuerit.

1980 2538 2117 2593 sciet
2164 2552 2412 2593 meorum
2471 2550 2793 2593 sermonum
2818 2533 3106 2598 virtutem,
3153 2547 3285 2586 num
3348 2546 3411 2585 ea
3470 2544 3593 2600 quae

1980 2631 2161 2687 Patris
2206 2640 2333 2687 sunt
2363 2632 2579 2701 loquar,
2631 2649 2699 2687 an
2738 2632 2917 2688 aliena
2942 2643 2999 2688 et
3033 2632 3256 2702 indigna
3312 2630 3588 2701 quaedam.

1983 2720 2331 2777 Voluntatem
2391 2732 2575 2778 autem
2634 2724 2727 2778 Dei
2770 2723 2901 2778 facit
2935 2733 2991 2779 et
3036 2725 3129 2793 qui
3178 2723 3498 2792 Scripturas
3542 2734 3596 2777 et

1982 2814 2285 2883 prophetas
2344 2823 2644 2870 scrutatur.
2700 2815 2870 2887 Igitur
2934 2818 3026 2886 qui
3092 2817 3213 2871 talis
3257 2825 3361 2879 est,
3396 2814 3596 2884 poterit

1984 2909 2128 2962 scire
2160 2909 2225 2963 de
2249 2908 2495 2962 doctrina
2532 2908 2909 2977 Dontiniquod
2944 2924 3008 2964 ex
3041 2908 3147 2962 Deo
3170 2908 3262 2961 sit.
3289 2906 3423 2960 Nam
3468 2922 3594 2975 pro-

1987 3000 2164 3070 phetae
2194 3016 2300 3056 non
2328 3001 2596 3057 inducunt
2629 3001 2917 3056 Dominum
2960 3000 3069 3055 Deo
3111 2999 3514 3063 adversarium,
3543 3010 3599 3052 et

1988 3107 2018 3147 a
2051 3093 2233 3161 seipso
2271 3093 2615 3163 loquentem,
2650 3094 2746 3149 sed
2784 3094 2970 3150 omnia
3000 3109 3122 3163 quae
3152 3094 3260 3148 Deo
3287 3103 3599 3162 congruunt

276 3169 414 3224 ἀλλά
445 3172 622 3226 πάντα
672 3174 741 3227 τὰ
768 3175 846 3245 τῷ
890 3176 1011 3247 Θεῷ
1045 3178 1337 3245 δοκοῦντα,
1370 3182 1465 3235 καὶ
1488 3182 1721 3250 λέγοντα
1778 3187 1873 3238 καὶ

278 3262 588 3286 _-L___,._._
635 3260 765 3286 nf___
804 3284 828 3286 η
872 3268 885 3286 ι
926 3268 947 3286 υ
1163 3271 1178 3286 κ
1370 3273 1384 3286 ι
1476 3276 1489 3286 .
1624 3274 1637 3286 ι
1787 3275 1803 3286 ι
1833 3278 1844 3286 .

1985 3196 2040 3239 ει
2078 3187 2349 3241 dicentem
2396 3197 2449 3239 et
2482 3185 2798 3243 facientem.
2829 3187 3058 3257 insuper
3099 3199 3151 3242 et
3206 3187 3368 3241 aliam
3428 3188 3598 3239 rat-io-

275 3262 615 3332 πράττοντα.
635 3260 769 3319 Εῐτα
799 3268 892 3321 καὶ
926 3268 1116 3340 ἕτερον
1163 3271 1427 3342 λογισμὸν
1472 3274 1755 3345 ἐπιφέρει,
1787 3275 1871 3329 λέ-

279 3371 393 3419 γων
418 3372 434 3387 ·
489 3356 549 3410 '0
593 3358 687 3427 ἀφ’
712 3360 907 3414 ἑαυτοῦ
930 3362 1129 3425 λαλῶν,
1150 3366 1455 3430 τουτέστιν,
1490 3366 1518 3418 ό
1548 3367 1879 3440 βουλόμενος

285 3445 425 3498 ἰδίαν
478 3451 679 3518 στῆσαι
735 3452 1114 3518 διδασκαλίαν,
1164 3456 1230 3508 δι’
1283 3457 1439 3511 οὐδὲν
1481 3458 1673 3529 ἕτερον
1720 3461 1881 3514 τοῦτο

279 3541 443 3606 ποιεῖ,
476 3541 697 3612 ἧχάριν
747 3544 842 3598 τοῦ
884 3546 1045 3613 δόξαν
1087 3550 1210 3601 τινά
1247 3552 1310 3603 ἐκ
1347 3550 1540 3604 τούτου
1571 3553 1878 3623 καρπώσα-

280 3629 428 3685 σθαι.
487 3633 551 3685 Εἰ
584 3635 643 3689 δὲ
672 3634 803 3704 ἐγὼ,
841 3639 1027 3708 φησὶν,
1060 3639 1122 3690 οὑ
1174 3639 1434 3713 βούλομαι
1474 3643 1881 3715 καρπώσασθαι

278 3722 437 3787 δόξαν
462 3725 620 3790 ἰδίαν,
646 3728 783 3780 ἀλλά
810 3729 911 3799 τὴν
937 3730 1097 3794 δόξαν
1122 3733 1216 3785 τοῦ
1244 3734 1566 3804 πέμψαντός
1603 3754 1671 3807 με
1704 3737 1875 3807 ζητῶ,

278 3815 424 3880 τίνος
455 3817 641 3871 ἕνεκεν
674 3820 968 3891 βουλοίμην
998 3821 1064 3875 ἂν
1085 3824 1250 3894 ἕτερα
1282 3825 1559 3879 διδάσκειν
1590 3845 1604 3893 ;
1636 3828 1879 3901 ’Λληθὴς

279 3902 373 3961 οὖν
396 3910 534 3976 εἰμι,
564 3912 658 3963 καὶ
688 3913 788 3964 οὐκ
830 3913 1002 3971 ἐστινΔ
1030 3915 1216 3967 ἀδικία
1251 3918 1307 3968 ὲν
1342 3918 1470 3987 ὲμοί
1491 3935 1505 3949 ·
1562 3919 1869 3984 τουτέστιν,

286 4001 363 4053 Οὐ
385 4000 780 4075 δόξαν-ἑτέρῳ
830 4007 1183 4077 ἁρμόζουσαν
1234 4009 1504 4078 ἀρπάςωο
1558 4011 1720 4065 τοῦτο
1769 4013 1879 4084 γὰρ

278 4095 483 4150 ἀδικία.
515 4096 677 4149 Ὥστε
725 4098 979 4169 ἡδιδαχή
1020 4118 1122 4170 μου
1168 4102 1266 4154 καὶ
1316 4102 1580 4171 ἀλήθειαν
1609 4104 1744 4175 ἔχει,
1787 4108 1880 4159 καὶ

277 4183 633 4257 δικαιοσύνην
664 4188 721 4239 ὲν
765 4188 973 4258 ταύτῷ.
1006 4191 1083 4243 Οὐ
1121 4191 1229 4262 γάρ
1262 4191 1321 4256 ἐξ
1373 4193 1697 4257 ἀλαζονείας
1732 4196 1880 4264 γίνε-

277 4293 388 4343 ται,
430 4278 515 4331 ἵνα
561 4280 657 4332 καὶ
714 4280 780 4334 τὸ·
801 4280 998 4350 ψευδὲς
1024 4281 1123 4355 ἔχῃ
1160 4285 1253 4337 καὶ
1296 4286 1357 4338 τὸ
1396 4286 1617 4341 ἄδικονι
1657 4287 1718 4340 '0
1768 4290 1878 4360 γὰρ

276 4369 494 4433 ἀλαζὼν
549 4372 643 4425 καὶ
693 4372 967 4441 ψεύδεται,
1012 4376 1149 4429 καθὸ
1208 4378 1341 4449 περὶ
1391 4379 1558 4432 αὑτοῦ
1620 4380 1687 4432 τὰ
1736 4381 1877 4451 ὑπὲρ

280 4464 380 4533 τὴν
412 4463 572 4528 ἀξίαν
618 4466 785 4518 αὑτοῦ
820 4467 990 4535 λέγει,
1022 4470 1117 4522 καὶ
1170 4470 1371 4536 ἀδικεῖ,
1393 4472 1529 4525 καθὸ
1564 4474 1666 4543 τὴν
1720 4475 1877 4527 ἀλλοο

1986 3293 2109 3331 nem
2149 3277 2355 3343 subdit,
2398 3279 2589 3334 dicens
2620 3297 2633 3333 :
2663 3280 2765 3346 Qui
2808 3295 2836 3334 a
2863 3280 3047 3350 seipso
3084 3279 3347 3349 loquitur,
3376 3279 3479 3334 hoc
3514 3290 3596 3334 est

1985 3372 2076 3438 qui
2111 3371 2222 3425 vult
2246 3373 2523 3442 propriam
2560 3381 2810 3430 statuere
2836 3373 3174 3443 doctrinam,
3200 3383 3428 3444 propter
3453 3374 3593 3427 nihil

1986 3462 2131 3518 aliud
2163 3464 2266 3519 hoc
2295 3464 2447 3530 facit,
2479 3480 2646 3534 quam
2681 3475 2739 3521 ut
2771 3467 3003 3538 gloriam
3035 3470 3331 3536 quamdam
3364 3468 3590 3521 inanem

1986 3554 2115 3610 inde
2136 3556 2423 3625 percipiat.
2461 3554 2516 3611 Si
2546 3571 2729 3613 autem
2756 3572 2880 3628 ego,
2916 3558 3119 3628 inquit,
3153 3559 3338 3628 gloriae
3365 3560 3599 3628 propriae

1987 3646 2222 3702 fructum
2256 3632 2399 3715 nolo,
2441 3650 2536 3705 sed
2565 3651 2796 3721 gloriam
2826 3649 2943 3720 ejus
2965 3651 3058 3721 qui
3092 3665 3179 3705 me
3210 3651 3360 3706 misit
3389 3666 3596 3720 quacro,

1986 3737 2144 3808 cujus
2177 3741 2355 3811 gratia
2397 3743 2560 3796 velim
2593 3744 2700 3796 alia
2736 3746 2937 3798 docere
2976 3758 2988 3797 :
3033 3759 3195 3797 verax
3252 3745 3417 3813 igitur
3452 3761 3596 3807 sunt,

1985 3841 2040 3883 et
2097 3846 2202 3884 non
2251 3842 2336 3886 est
2380 3832 2646 3901 iujustitia
2697 3836 2750 3896 in
2796 3851 2881 3890 me
2914 3852 2927 3887 :
2965 3833 3072 3891 hoc
3129 3846 3215 3891 est
3281 3852 3389 3891 non
3446 3839 3599 3905 rapio

1985 3923 2217 3991 gloriam
2244 3924 2401 3981 alteri
2442 3928 2708 3985 debitam.
2745 3926 2859 3983 Hoc
2902 3931 3051 3984 enim
3090 3928 3373 3998 iujustitite
3435 3932 3593 3985 foret.

1986 4016 2164 4085 Atque
2201 4016 2276 4070 ita
2328 4016 2572 4072 doctrina
2608 4034 2728 4074 mea
2764 4029 2818 4074 et
2851 4022 3138 4077 veritatem
3187 4021 3598 4091 complectitur,

1986 4108 2342 4179 etjustitiam
2387 4112 2438 4167 in
2476 4126 2556 4169 se.
2591 4112 2708 4170 Non
2746 4115 2891 4170 enim
2934 4131 2999 4170 ex
3056 4117 3368 4185 arrogantia
3421 4118 3500 4179 tit,
3542 4132 3597 4169 ιιι

1987 4203 2332 4257 mendacium
2362 4204 2561 4260 habeat
2595 4222 2660 4261 ac
2695 4207 3047 4277 iujttstitiaut.
3078 4208 3353 4278 Arrogaus
3385 4223 3518 4263 vero
3547 4221 3601 4259 ut

1986 4293 2272 4361 mentitur,
2301 4310 2368 4351 eo
2423 4296 2567 4365 quod
2598 4297 2667 4353 de
2696 4312 2755 4353 se
2785 4297 2907 4368 plus
2936 4315 3101 4369 quam
3132 4312 3396 4365 uteretur,
3434 4301 3597 4365 dicit,

1984 4394 2038 4437 ει
2090 4384 2290 4453 injuste
2322 4387 2455 4458 agit,
2484 4390 2616 4460 quia
2671 4389 2907 4446 alienam
2959 4401 3015 4447 et
3046 4392 3149 4447 sibi
3200 4392 3597 4448 inconvenien-

1986 4483 2092 4529 tcut
2149 4476 2379 4545 gloriam
2428 4481 2589 4549 rapit.
2650 4482 2720 4535 At
2774 4481 3041 4539 Dominus
3082 4485 3211 4553 quia
3262 4500 3386 4554 qua:
3417 4483 3597 4538 Patris

284 4556 442 4627 τρίαν
472 4557 568 4611 καὶ
605 4558 771 4629 μηδὲν
797 4560 949 4631 αύτῷ
995 4563 1387 4633 προσήκουσαν
1415 4564 1575 4630 δόξαν
1609 4565 1870 4637 ἁρπάζει.

1984 4576 2109 4619 sunt
2147 4568 2450 4635 quaerebat,
2480 4578 2534 4625 et
2581 4569 2716 4624 nihil
2764 4572 2830 4627 de
2882 4586 2941 4627 se
2992 4581 3319 4641 arroganter
3351 4572 3587 4635 diccbat,

291 4646 349 4700 Ὀ
374 4648 429 4700 δὲ
463 4648 671 4720 Κύριος
700 4651 979 4724 ἐπειδὴτά
1005 4652 1099 4705 τοῦ
1120 4654 1334 4723 Πατρδς
1359 4656 1565 4725 ἐζήτει,
1599 4658 1696 4711 καὶ
1718 4657 1874 4710 οὐδὲν

279 4742 408 4811 περὶ
440 4742 637 4796 ἑαυτοῦ
680 4742 1065 4812 ἠλαζονεύετο,
1105 4747 1203 4800 καὶ
1248 4748 1460 4819 ἀληθής
1496 4750 1615 4803 ἐστι
1654 4752 1875 4815 πάντως

276 4833 368 4885 καὶ
386 4832 617 4896 δίκαιος.
638 4834 914 4904 Πολλαχοῦ
942 4836 996 4889 δὲ
1032 4838 1286 4910 εἴπομεν,
1340 4842 1435 4893 καί¹
1487 4840 1584 4892 νῦν
1616 4840 1873 4913 λέγομεν,

275 4922 357 4974 ὃτι
385 4923 512 4976 ὅταν
555 4927 791 4978 ταπεινά
817 4944 937 4978 τινα
974 4928 1167 5004 λέγων⁸
1187 4931 1448 5000 φαίνηται
1483 4933 1511 4984 ὁ
1543 4932 1773 5002 Κύριος,
1810 4934 1873 4985 οὐ

274 5010 356 5064 δεῖ
410 5015 680 5083 νομίζειν,
717 5018 798 5070 ὅτι
829 5018 904 5081 ὼς
934 5019 1176 5073 ἐλάττων
1206 5021 1280 5073 ὢν
1333 5026 1427 5075 τοῦ
1478 5024 1691 5093 [ἰατρὸς
1733 5025 1875 5078 κατὰ

276 5106 463 5173 φύσιν,
508 5097 682 5161 ταῦτα
726 5110 1052 5181 φθέγγεται,
1086 5115 1224 5169 ἀλλὰ.
1270 5117 1358 5169 διὰ
1394 5119 1454 5170 τὶν
1492 5120 1569 5190 μὴ
1627 5121 1874 5187 ἀντίθεος

262 5199 625 5269 .νο;,ιισοἦναι,
661 5205 753 5255 καὶ
782 5204 869 5258 διὰ
915 5206 1012 5275 τὴν
1057 5207 1350 5261 ἀσθένειαν
1386 5210 1496 5262 τῶν
1543 5212 1873 5283 ἀκουόντων,

276 5293 369 5343 καὶ
400 5294 489 5345 διὰ
521 5296 580 5346 τὸ
622 5298 804 5367 σάρκα
857 5299 1313 5370 πέριῦεὸλῆσθαι,
1349 5305 1442 5356 καὶ
1486 5304 1575 5357 διὰ
1625 5305 1687 5359 τὸ
1720 5306 1875 5361 διδα-

280 5389 603 5457 σκεινὴμᾶς
638 5391 981 5460 μετριάζειν,
1017 5394 1112 5447 καὶ
1154 5394 1321 5464 μηδὲν
1357 5398 1501 5467 μέγα
1533 5398 1713 5466 λέγειν
1744 5401 1874 5472 περὶ

276 5478 511 5533 ἑαυτῶν.
543 5481 715 5534 ’Ὅταν
768 5484 823 5535 δέ
860 5502 922 5552 γε
977 5487 1158 5557 ὑψηλὰ
1208 5492 1301 5541 καὶ
1349 5492 1480 5562 περὶ
1523 5492 1623 5561 τῆς
1667 5494 1876 5559 οἰκείας

274 5570 433 5641 δόξης
481 5574 809 5645 φθέγγηται,
842 5578 946 5649 χρὴ
1008 5580 1287 5634 πιστεύειν
1335 5582 1502 5653 ἡμᾶς,
1540 5585 1622 5637 ὅτι
1678 5586 1751 5650 ὡς
1797 5586 1876 5657 τῷ

274 5664 390 5716 ὄντι
437 5664 549 5730 ἴσος
604 5668 680 5736 τῷ
724 5670 923 5740 Πατρὶ,
962 5672 1135 5724 ταῦτα
1182 5674 1249 5726 τὰ
1311 5674 1494 5745 ὑψηλά
1549 5676 1871 5745 φθέγγεται,

275 5756 362 5808 διὰ
400 5757 459 5810 τὸ
504 5758 734 5828 μέγεθος
788 5763 1141 5832 τῆςνοίκείας
1188 5768 1425 5835 φύσεως.

356 5867 372 5899 ι
410 5850 483 5905 Οὐ
508 5850 711 5921 Μωσῆς
734 5854 966 5911 δέδωκεν
987 5859 1015 5911 ὑ
1025 5861 1117 5931 μίν
1146 5858 1239 5916 τὸν
1261 5861 1423 5934 νόμον
1451 5880 1463 5931 ς
1486 5863 1592 5917 Καὶ
1618 5864 1792 5930 οὐδεὶς
1818 5864 1875 5931 ἐξ

1980 4658 2205 4714 omnino
2240 4668 2295 4714 et
2324 4674 2489 4715 verax
2514 4671 2599 4717 est
2625 4672 2678 4718 et
2703 4660 3095 4735 justué.-S:rpc
3121 4676 3301 4719 autem
3330 4665 3592 4735 diximus,

1982 4759 2039 4803 et
2066 4766 2213 4804 nunc
2241 4765 2459 4822 quoque
2483 4752 2741 4820 dicimus,
2768 4754 2939 4827 606
2972 4754 3120 4823 quod
3153 4756 3373 4823 quando
3411 4748 3621 4810 Domi?

1982 4858 2083 4899 ttus
2109 4845 2334 4900 humilia
2364 4845 2613 4915 quaedam
2644 4847 2830 4903 dicere
2860 4850 3102 4914 videtur,
3134 4862 3237 4902 non
3262 4848 3592 4903 existiman-

1981 4937 2107 4989 dum
2139 4937 2424 4992 luecilluut
2468 4939 2652 4995 dicere
2685 4942 2826 5010 quod
2864 4950 3056 4995 natura
3091 4941 3271 4994 mittor
3301 4940 3374 4994 sil
3413 4938 3594 5005 Patre,

1981 5030 2077 5083 sed
2126 5046 2196 5084 ne
2231 5031 2500 5086 habeatur
2540 5032 2893 5087 adversarius
2941 5035 3072 5099 θυι),
3101 5046 3155 5089 ει
3178 5044 3401 5104 propter
3438 5034 3592 5087 audi-

1982 5129 2162 5177 torum
2190 5120 2660 5192 imbecillitatem,
2697 5138 2749 5182 et
2781 5139 3072 5197 prottterea
3098 5128 3248 5198 quod
3269 5141 3434 5181 carne
3453 5127 3592 5179 anti-

1982 5224 2100 5270 ctus
2123 5216 2217 5283 sit,
2250 5228 2417 5288 utque
2460 5234 2559 5274 nos
2589 5220 2785 5275 doceat
2844 5221 3125 5275 modestos
3173 5235 3319 5283 esse,
3349 5229 3403 5275 et
3461 5219 3595 5272 nihil

1982 5323 2236 5378 magnum
2271 5312 2336 5364 de
2384 5310 2541 5365 nobis
2568 5310 2702 5381 ipsis
2740 5312 2948 5366 dicere.
2988 5312 3216 5379 Quando
3262 5322 3443 5365 autem
3497 5325 3594 5364 su-

1981 5401 2167 5455 blimia
2221 5410 2275 5457 et
2334 5405 2399 5458 de
2455 5420 2551 5457 sua
2590 5405 2770 5459 divina
2817 5405 2989 5474 gloria
3047 5405 3314 5475 loquitur,
3376 5416 3596 5475 oportet

1981 5494 2207 5549 credere
2249 5511 2347 5549 uos
2399 5499 2543 5566 quod
2594 5498 2822 5569 grandia
2889 5499 3002 5552 haec
3055 5510 3113 5552 ut
3148 5498 3380 5568 a:qualis
3443 5497 3592 5553 Patri

1984 5587 2261 5659 'oquatttr,
2299 5604 2521 5661 propter
2553 5595 2985 5661 tnagnitudiuem
3023 5608 3139 5648 suae.
3181 5605 3413 5648 naturae.

2061 5860 2226 5919 \‘tatts.
2253 5862 2343 5931 lt},
2374 5860 2468 5918 9.0.
2510 5881 2528 5913 ι
2567 5860 2757 5920 Nonne
2792 5860 2968 5921 Moses
2996 5861 3145 5920 dedit
3177 5862 3332 5920 vobis
3367 5859 3585 5929 legem?
