4218 6424
683 392 817 453 1335

1604 401 2179 463 TIIEOPHYLACTI
2218 402 2625 467 BULGAerE
2658 405 3011 465 AliClIlEP.

3817 401 3952 465 I336

680 511 951 565 habebant
988 518 1178 564 testem
1233 509 1510 565 Michmam
1561 513 1853 579 dicentem,
1903 517 2226 585 quemadmo

2364 519 2656 586 προφανῶς
2709 520 2799 571 τὸν
2860 520 3145 587 προφήτην
3183 500 3435 586 λιῖχαίαν
3487 510 3633 583 εἶχον
3692 516 3950 585 μᾶρτυρα

679 602 805 651 dum
831 610 882 653 et
904 600 1189 654 Matthazus
1213 602 1321 658 ait:
1348 622 1364 653 ι
1402 604 1467 657 Et
1495 614 1569 666 ιιι,
1600 605 1898 669 Bethleem,
1926 618 2065 660 terra
2092 606 2254 673 Juda,

682 706 1017 757 nequaquam
1054 693 1276 745 minima
1304 708 1361 745 es
1397 694 1449 747 in
1485 696 1823 761 principibus
1870 696 2007 750 Juda
2039 714 2053 751 :
2106 712 2171 751 ex
2206 708 2257 751 te

678 783 819 832 enim
879 784 1189 850 egredietur
1237 784 1342 837 dux
1400 785 1489 852 qui
1552 795 1700 855 regat
1754 788 2005 856 populum
2075 804 2253 843 meum

681 873 925 928 lsracl".
972 893 987 923 ι
1029 875 1092 927 Ει
1144 886 1333 929 contra
1389 878 1455 930 hic
1494 878 1583 945 qui
1619 878 1871 932 dicebant
1911 881 2053 948 quod
2102 882 2255 935 Chri-

677 972 817 1015 stum
851 981 953 1017 nou
994 967 1140 1021 novit
1180 970 1305 1036 quis
1352 970 1490 1023 unde
1522 971 1725 1033 veniat,
1774 974 2063 1041 prophetas
2093 957 2257 1026 habe-

678 1055 807 1108 hant
863 1068 1027 1113 testes
1070 1062 1374 1129 huiusmodi
1433 1067 1715 1117 sententia:
1744 1083 1763 1118 ι
1810 1060 1940 1133 quin
1990 1075 2042 1119 et
2079 1066 2253 1133 ipsum

678 1145 955 1202 Michmam
991 1152 1035 1182 ”
1071 1153 1374 1207 dicentem:
1422 1173 1438 1204 ι
1480 1155 1943 1224 Egressusipsius
1971 1154 2037 1210 ab
2078 1157 2252 1221 initio,

675 1254 703 1286 ιι
746 1239 930 1291 diebus
965 1242 1179 1307 smerili;
1220 1262 1236 1293 ι
1273 1245 1323 1296 id
1358 1247 1501 1314 quod
1535 1247 1774 1316 ignotum
1806 1248 1921 1315 ejus
1952 1263 2251 1317 egressum,

677 1330 779 1383 Itoc
817 1343 892 1383 est
942 1334 1278 1388 nativitatem
1313 1337 1572 1391 declarat.
1600 1336 1788 1391 Nullus
1812 1341 1953 1392 enim
1976 1338 2253 1392 hominum

675 1422 775 1474 scit
812 1427 1081 1488 quomodo
1123 1429 1190 1479 ah
1227 1428 1381 1483 initio
1426 1439 1478 1482 et
1510 1445 1536 1481 a
1576 1431 1766 1484 diebus
1806 1430 1988 1484 saeculi
2028 1431 2252 1496 exitum,

676 1515 777 1566 hoc
832 1525 949 1580 est,
1010 1517 1353 1573 nativitatem
1409 1522 1625 1575 haheat.
1682 1522 1935 1576 Homines
1999 1522 2140 1576 enim
2198 1523 2252 1576 in

674 1615 938 1673 tempore,
972 1609 1055 1661 ille
1095 1620 1273 1664 autem
1306 1627 1333 1664 a
1384 1614 1573 1667 diebus
1606 1615 1822 1679 saeculi,
1871 1624 1925 1667 et
1978 1614 2043 1667 ab
2076 1615 2250 1668 initio.

674 1695 825 1757 Quod
862 1710 1038 1751 autem
1080 1711 1366 1766 aeternum,
1408 1705 1679 1769 quomodo
1715 1705 1765 1757 hi
1795 1703 1883 1771 qui
1913 1704 2012 1757 Sub
2048 1714 2254 1771 tempo-

676 1801 751 1851 re,
788 1794 1158 1857 cognoscunt?
1204 1792 1307 1847 Sed
1353 1804 1405 1847 et
1442 1793 1609 1850 Isaias
1652 1797 1825 1850 ᾱίιὶιε
1882 1816 1898 1847 ι
1937 1795 2254 1851 Generatio-

674 1892 793 1933 nem
832 1880 949 1949 ejus
977 1882 1098 1951 quis
1138 1884 1411 1938 enarrabit
1438 1886 1529 1938 “1’
1601 1903 1618 1935 ι
1672 1884 1749 1939 Ex
1802 1886 1889 1941 his
1936 1886 2100 1957 igitur
2132 1903 2250 1956 per-

672 1970 815 2023 suasi
860 1962 1148 2028 dichaut:
1199 1974 1370 2030 Nemo
1397 1976 1503 2031 scit
1540 1977 1683 2030 unde
1726 1978 1795 2031 sit
1827 1977 2095 2033 Christus.
2134 1979 2248 2033 Non

669 2062 814 2113 enim
835 2062 1204 2133 intelligebant
1222 2066 1364 2135 quod
1390 2066 1586 2136 duplex
1610 2077 1754 2123 esset
1779 2067 2036 2124 Dominus
2060 2068 2247 2126 Jesus:

669 2160 724 2204 ct
765 2154 1060 2208 secundum
1082 2156 1414 2209 nativitatem
1449 2158 1747 2221 carnalem,
1779 2174 1895 2228 quae
1927 2169 2044 2213 erat
2070 2175 2100 2213 e
2133 2158 2253 2214 Vir-

670 2244 813 2311 gine,
846 2243 1121 2298 sciebatur
1152 2246 1292 2300 unde
1322 2258 1460 2312 erat,
1499 2262 1692 2317 nempe
1715 2249 1855 2317 quod
1885 2250 1937 2303 in
1957 2249 2249 2304 'Bethleem

669 2346 870 2401 natus;
906 2338 1204 2393 secundum
1248 2338 1621 2406 incorpoream
1652 2356 1780 2394 vero
1811 2350 1861 2396 et
1919 2340 2247 2396 i‘neﬂabilem

666 2427 784 2495 ejus
814 2429 1173 2494 nativitatem,
1225 2446 1329 2499 qua
1377 2447 1405 2484 a
1469 2430 1631 2486 Patre
1679 2442 1806 2487 ante
1858 2435 2053 2489 saecula
2095 2443 2251 2489 natus

667 2528 786 2579 est,
821 2534 981 2586 supra
1040 2536 1255 2576 omnem
1315 2536 1621 2577 sermonem
1673 2524 1925 2580 nativitas
1978 2527 2093 2592 ejus
2144 2538 2249 2581 est.

666 2607 1141 2680 llierosolymitani
1192 2613 1355 2683 igitur
1405 2614 1479 2667 illi
1536 2615 1877 2669 nativitatem
1921 2617 1975 2669 in
2029 2631 2247 2671 carnem

666 2699 903 2755 fatentur
938 2718 994 2756 se
1028 2705 1167 2758 scire
1200 2707 1340 2759 unde
1395 2706 1502 2761 sit:
1553 2707 1700 2760 illam
1744 2719 1921 2760 autem
1971 2724 2088 2777 qua:
2125 2719 2252 2763 ante

666 2796 888 2858 srecula,
929 2798 1229 2852 secundum
1266 2814 1427 2867 quam
1464 2815 1625 2854 nemo
1660 2803 1764 2854 scit
1801 2801 2076 2856 Christum
2105 2801 2250 2856 unde

667 2892 756 2953 sit,
785 2907 890 2945 non
920 2892 1176 2948 fatentur.
1206 2894 1436 2960 Idcirco,
1472 2910 1593 2949 cum
1612 2910 1715 2949 non
1737 2896 2099 2965 intelligerent
2125 2911 2248 2950 eum

666 2982 895 3052 duplicis
926 2991 1152 3050 naturm,
1200 2994 1255 3039 et
1294 3002 1396 3039 una
1442 2986 1660 3055 quidem
1720 2986 2018 3051 sciebatur,
2079 2986 2249 3041 altera

666 3090 795 3128 vero
821 3090 927 3129 neu
949 3116 964 3141 ,
1006 3078 1193 3131 dicunt
1225 3081 1367 3145 quod
1411 3092 1517 3131 non
1550 3079 1619 3131 sit
1650 3078 1925 3133 Christus.

739 3166 903 3222 Vsus.
939 3168 1139 3233 28,29,
1174 3188 1191 3221 ι
1233 3170 1501 3224 Clamavit
1534 3170 1697 3240 igitur
1731 3171 1783 3224 in
1823 3169 2024 3241 templo
2052 3171 2252 3228 docens

664 3260 842 3324 Jesus,
876 3272 930 3315 et
960 3263 1179 3318 dicens:
1222 3262 1287 3316 Et
1321 3278 1408 3317 me
1439 3265 1612 3331 scitis,
1659 3273 1715 3320 et
1756 3265 1908 3319 scitis
1940 3265 2079 3319 unde
2109 3265 2246 3320 sim:

664 3362 717 3408 et
747 3369 775 3407 a
808 3355 1015 3424 meipso
1050 3369 1153 3408 non
1204 3355 1345 3417 veni,
1382 3357 1475 3409 sed
1509 3366 1587 3410 est
1628 3370 1788 3410 verax
1818 3356 1907 3425 qui
1951 3356 2101 3410 misit
2140 3371 2250 3422 me,

664 3461 822 3515 quem
864 3462 957 3500 vos
993 3460 1097 3499 nou
1150 3446 1401 3501 novistis.
1450 3446 1564 3515 Ego
1602 3463 1729 3502 vero
1767 3448 1891 3503 novi
1942 3463 2091 3511 eum,
2125 3449 2251 3517 quia

667 3542 733 3597 ab
769 3541 883 3610 ipso
915 3557 1056 3605 sum,
1096 3550 1149 3594 et
1183 3541 1272 3594 ille
1308 3557 1391 3595 me
1429 3542 1595 3595 misit.
1635 3561 1651 3592 ι
1694 3542 1963 3607 Quoniam
1996 3538 2102 3598 non
2143 3543 2250 3596 alia

665 3638 731 3687 de
764 3650 925 3688 causa
961 3632 1235 3698 dicebant,
1284 3632 1437 3687 Hunc
1493 3634 1635 3688 unde
1686 3635 1756 3687 sit
1816 3635 2049 3699 scimus,
2086 3651 2248 3704 quam

664 3729 953 3782 ostendere
994 3728 1239 3781 volentes
1273 3727 1416 3795 quod
1446 3726 1513 3780 de
1548 3736 1687 3780 terra
1731 3727 1824 3794 sit,
1860 3738 1913 3780 et
1939 3718 2082 3796 quod
2113 3727 2249 3781 fabri

666 3823 828 3884 illius,
885 3832 1167 3891 propterea
1229 3820 1436 3875 reducit
1490 3834 1584 3874 eos
1618 3819 1683 3874 ad
1738 3821 1970 3886 caelum,
2029 3822 2247 3879 dicens:

669 3934 685 3965 ι
727 3912 789 3966 Ει
844 3929 929 3967 me
993 3913 1167 3978 scitis,
1220 3920 1275 3964 et
1328 3912 1482 3965 scitis
1545 3912 1685 3965 unde
1742 3912 1869 3977 sim,
1936 3908 1955 3964 ὁ
2010 3914 2109 3967 hoc
2142 3924 2237 3968 est.

664 4007 911 4076 quamvis
945 4015 1167 4071 propter
1211 4003 1473 4058 malitiam
1520 4003 1814 4067 reticeatis,
1864 4004 2016 4057 scitis
2068 4014 2247 4059 tamen

664 4097 805 4149 unde
833 4096 957 4157 sim,
985 4094 1129 4162 quod
1152 4094 1217 4147 de
1249 4094 1407 4150 caelo.
1443 4093 1711 4160 Quoniam
1746 4095 1890 4147 enim
1914 4094 2074 4148 Pater
2097 4111 2248 4150 meus

662 4189 809 4241 illinc
835 4198 936 4251 est,
969 4188 1313 4240 manifestum
1363 4187 1503 4254 quod
1555 4197 1603 4241 et
1659 4201 1757 4255 ego
1806 4186 1952 4240 illine
1996 4202 2140 4251 sum,
2195 4196 2250 4241 et

660 4281 803 4348 quod
833 4280 899 4332 ab
925 4280 1014 4333 illo
1052 4279 1251 4332 missus
1282 4294 1422 4341 sum,
1450 4279 1543 4346 qui
1570 4287 1652 4331 est
1682 4292 1861 4331 veras.
1896 4277 2030 4342 Quia
2066 4288 2244 4330 autem

659 4373 752 4425 ille
790 4386 971 4435 verus,
998 4370 1119 4423 ideo
1146 4378 1200 4423 et
1234 4386 1331 4439 ego
1359 4372 1545 4438 utique
1582 4387 1741 4423 verax
1774 4381 1952 4423 etnon
1989 4370 2241 4423 mendax.

657 4464 778 4520 Non
815 4465 958 4518 enim
999 4480 1160 4517 verax
1202 4463 1549 4530 impostoretn
1584 4472 1635 4516 et
1680 4462 1993 4515 mendacem
2029 4462 2245 4515 mittere

2360 606 2607 673 λέγοντα,
2646 607 2719 665 ώς
2750 608 2844 657 καὶ
2875 609 2899 657 ὁ
2937 606 3213 665 Ματτὶαῖός
3257 621 3424 671 φησι·
3474 622 3490 652 ι
3531 605 3641 654 Καὶ
3681 603 3766 665 σὺ,
3802 603 3948 670 Βηθ-

2360 696 2494 764 λεὲμ
2518 697 2584 763 γῆ
2634 695 2821 758 Ἰούδα,
2856 696 3107 764 οὐδαμῶς
3139 695 3391 765 ἐλαχίστη
3442 690 3489 747 εἷ
3517 696 3573 745 ἐν
3594 697 3706 753 τοῖς
3735 694 3947 763 ἡγεμό-

2362 804 2445 838 σιν
2496 786 2660 839 Ἰούδα
2682 803 2695 814 ’
2728 790 2790 839 ἐκ
2818 787 2908 839 σοῦ
2941 788 3049 857 γὰρ
3079 788 3422 853 ἐξελεύσεται
3456 786 3765 854 ἡγούμενος
3795 788 3950 845 ὅστις

2361 882 2616 949 ποιμανεῖ
2641 880 2729 931 τὸν
2758 880 2885 931 λαόν
2919 896 3020 947 μου
3070 880 3309 948 Ἰσραήλ.
3364 897 3380 927 ι
3418 879 3523 930 Καὶ
3559 875 3705 929 οῦτοι
3746 877 3801 928 δὲ
3844 876 3950 928 πά-

2358 974 2439 1024 λιν
2469 975 2516 1025 οί
2552 973 2824 1039 λέγοντες,
2868 972 2948 1023 ὄτι
2986 972 3073 1023 τὸν
3106 970 3340 1040 Χριστὸν
3365 971 3462 1022 οῦκ
3488 964 3594 1021 οἶδέ
3632 987 3742 1031 τις,
3777 968 3950 1019 πόθεν

2359 1066 2598 1134 ἔρχεται,
2653 1066 2779 1127 τοὺς
2826 1065 3110 1133 προφήτας
3160 1057 3305 1131 εἶχον
3356 1063 3644 1131 μάρτυρας
3686 1060 3799 1127 ,τῆς
3832 1076 3950 1111 τοι-

2359 1158 2525 1222 αρτςς
2557 1156 2781 1225 γνώμης
2806 1172 2820 1183 θ
2858 1156 2949 1205 καὶ
2980 1154 3139 1205 αὑτὸν
3176 1154 3231 1207 δὲ
3278 1155 3366 1206 τὸν
3402 1154 3641 1221 Μιχαίαν
3676 1152 3911 1218 λέγοντα
3933 1192 3947 1213 ,

2358 1250 2439 1301 ὅτι
2471 1267 2488 1298 ‹
2516 1250 2580 1299 Αἱ
2608 1247 2775 1311 ἔξοδοι
2803 1246 2965 1299 αὑτοῦ
2990 1246 3085 1299 ἀπ’
3113 1247 3285 1315 ἀρχῆς
3317 1246 3373 1308 ἐξ
3405 1246 3630 1314 ἡμερῶν
3651 1244 3852 1305 αίώνος
3876 1259 3891 1272 ·
3925 1262 3942 1291 ι

2358 1342 2494 1409 ὅπερ
2525 1341 2800 1407 ἄγνωστον
2830 1341 2929 1410 τὴν
2962 1338 3126 1392 αὑτοῦ
3163 1338 3361 1401 ἔξοδον.
3395 1338 3513 1408 ἤτοι
3543 1338 3643 1411 τὴν
3678 1337 3950 1403 γέννησιν

2358 1431 2632 1500 ἐμφαίνει.
2686 1432 2788 1483 Τὸν
2822 1431 2949 1501 γὰρ,
2989 1450 3005 1481 t
3070 1432 3163 1483 ἀπ’
3198 1430 3397 1499 ἀρήγῃ
3440 1448 3458 1478 ι
3510 1430 3603 1481 καὶ
3643 1448 3660 1478 t
3695 1428 3756 1491 ὲξ
3803 1428 3949 1495 ἡμε-

2360 1526 2470 1595 ρῶν
2497 1525 2710 1588 αἰῶνος,
2756 1544 2772 1574 ι
2808 1523 3133 1587 τὰςὲξόδους
3164 1522 3376 1591 ἔχοντα,
3408 1523 3523 1591 ἦτοι
3544 1522 3643 1588 τὴν
3664 1520 3946 1599 γέννησιν,

2356 1622 2457 1672 οὐκ
2516 1620 2581 1674 ἄν
2636 1637 2722 1680 τις
2773 1617 3075 1687 ἀνθρώπων
3120 1618 3307 1685 είδείη.
3365 1617 3679 1686 ’Ἄνθρωποι
3737 1616 3849 1682 γὰρ
3891 1616 3952 1664 ὲν

2356 1713 2550 1783 χρόνῳ,
2586 1712 2791 1774 ἐκεῖνος
2821 1712 2876 1764 δὲ
2902 1710 2959 1775 ἐξ
2990 1711 3214 1780 ἡμερῶν
3252 1710 3449 1772 αἰῶνος
3482 1710 3575 1761 καὶ
3600 1710 3694 1760 ἀπ’
3725 1709 3907 1787 ἀρχῆς
3934 1723 3946 1736 ⁵

2356 1807 2415 1858 τδ
2445 1806 2500 1859 δὲ
2548 1806 2767 1858 αίώνιον
2822 1803 2936 1866 πῶς
2976 1804 3004 1855 ὁ
3041 1802 3145 1855 ὑπὸ
3186 1802 3380 1875 χρόνον
3430 1802 3729 1869 γινώσκεις
3783 1798 3949 1851 Ἀλλὰ

2358 1901 2452 1951 καὶ
2485 1898 2711 1960 Ἡσαΐας
2755 1898 2931 1967 φησί’
2975 1915 2992 1947 ι
3034 1895 3147 1962 Τὴν
3177 1896 3237 1947 δὲ
3274 1898 3470 1962 γενεὰν
3519 1892 3684 1947 αὑτοῦ
3722 1892 3804 1954 τίς
3830 1892 3951 1958 διη-

2355 1993 2621 2060 γήσεταις
2662 2008 2679 2041 ι
2730 1990 2825 2042 Ἐκ
2866 1989 3073 2042 τούτων
3123 1986 3217 2041 οὖν
3266 1988 3583 2055 πειθόμενοι
3614 1986 3825 2053 ελεγον,
3858 1985 3948 2036 ὅτι

2357 2084 2463 2135 Τὸν
2489 2081 2725 2153 Χριστὸν
2768 2081 2869 2136 οὐκ
2899 2078 3005 2133 οἶδέ
3045 2097 3129 2141 τις
3156 2119 3169 2142 ,
3201 2078 3365 2130 πόθεν
3398 2078 3575 2129 ἐστίν.
3607 2078 3682 2128 Οὐ
3730 2078 3842 2144 γὰρ
3882 2074 3948 2143 δὴ

2354 2176 2618 2239 ἐνενόουν,
2655 2177 2737 2228 ὅτι
2777 2174 2994 2236 διπλοῦς
3022 2173 3096 2225 ὢν
3122 2174 3149 2226 ὁ
3180 2174 3382 2241 Κύριος
3411 2170 3642 2240 Ἰησοῦς,
3671 2171 3812 2222 κατὰ
3847 2167 3951 2237 μιν

2361 2269 2459 2336 τὴν
2510 2268 2574 2318 ἐκ
2618 2266 2899 2336 Παρθένου
2962 2266 3021 2316 ὲν
3074 2265 3240 2332 σαρκὶ
3278 2265 3558 2331 γέννησιν,
3612 2257 3953 2327 ὲγνωρίζετο

2356 2360 2517 2412 πόθεν
2545 2361 2712 2422 ἐστὶν,
2746 2361 2828 2412 ὃτι
2864 2360 2924 2410 ὲκ
2959 2358 3209 2426 Βηθλεέμ
3232 2373 3243 2385 ·
3271 2356 3413 2408 κατὰ
3441 2354 3498 2407 δὲ
3522 2354 3621 2421 τὴν
3647 2350 3948 2419 ἀσώματον

2354 2450 2446 2501 καὶ
2474 2448 2920 2520 ἀπορῤητοτέραν
2944 2447 3040 2517 τὴν
3069 2449 3133 2499 ὲκ
3188 2446 3399 2517 [ἰατρὸς
3431 2443 3538 2513 πρὸ
3567 2443 3787 2495 πάντων
3835 2440 3950 2494 τῶν

2357 2541 2588 2603 αἰώνων,
2613 2542 2828 2609 λέγεται
2856 2541 3050 2606 γενεὰν
3079 2539 3223 2609 ἔχειν
3253 2537 3564 2607 ὑπερτέραν
3600 2536 3783 2601 πάσης
3822 2531 3945 2595 διηο

2357 2638 2593 2706 γήσεως.
2619 2629 2780 2688 Οὗτοι
2823 2636 3002 2685 τοίνυν
3038 2634 3084 2684 oi.
3126 2630 3553 2701 Ἱεροσολυμῖται
3618 2627 3719 2694 τὴν
3761 2624 3865 2693 μὲν
3889 2624 3951 2675 ἐν

2356 2729 2520 2795 σαρκὶ
2542 2726 2795 2794 γέννησιν
2824 2722 3178 2791 ὁμολογοῦσιν
3209 2721 3427 2783 είδέναι,
3465 2718 3558 2770 καὶ
3592 2716 3756 2769 πόθεν
3791 2712 3943 2766 ἐστί’

2355 2820 2454 2889 τὴν
2478 2818 2535 2870 δὲ
2562 2819 2668 2887 πρὸ
2690 2816 2923 2881 αἰώνων,
2950 2816 3073 2868 καθ’
3093 2813 3160 2885 ἢν
3198 2813 3297 2865 οὒκ
3326 2807 3433 2863 οἷδέ
3453 2828 3536 2873 τις
3560 2809 3651 2862 τὸν
3679 2806 3945 2875 Χριστὸν,

2355 2912 2519 2966 πόθεν
2564 2911 2735 2974 ἐστὶν,
2789 2910 2889 2977 οὐχ
2940 2907 3315 2977 ὁμολογοῦσιν.
3357 2905 3448 2958 Διὸ
3482 2902 3557 2973 μὴ
3596 2900 3949 2968 λογιζόμενοι.

2353 3005 2435 3057 ὅτι
2464 3001 2684 3065 διπλοῦς
2705 3002 2801 3064 ὢν,
2831 3001 2892 3053 τὸ
2926 3000 3108 3069 μέντοι
3129 2996 3478 3065 γινώσκεται,
3496 2994 3557 3047 τὸ
3578 2993 3625 3046 δ’
3648 2992 3733 3059 οὓ,
3756 2991 3948 3060 φασιν,

2352 3096 2427 3160 ὡς
2457 3096 2556 3166 οῦκ
2590 3095 2676 3163 εἴη
2710 3096 2739 3147 ὁ
2776 3094 3034 3163 Χριστός.

2432 3205 2451 3239 ι
2484 3187 2757 3258 Ἔκραξεν
2777 3184 2870 3237 οὖν
2900 3185 2957 3237 ὲν
2984 3184 3061 3249 τῷ
3090 3181 3221 3253 ίερῷ
3241 3179 3510 3234 διδάσκων
3535 3180 3563 3231 ὁ
3590 3175 3826 3245 Ἰησοῦς,
3852 3172 3949 3227 καὶ

2357 3279 2529 3348 λέγων
2553 3295 2567 3309 ·
2608 3278 2769 3347 Κάμὲ
2798 3278 2998 3338 οἴδατε,
3024 3277 3118 3329 καὶ
3148 3275 3326 3327 οἴδατε
3363 3271 3527 3323 πόθεν
3547 3268 3662 3338 είμί
3682 3284 3695 3296 ·
3723 3268 3818 3319 καὶ
3853 3264 3952 3317 ἀπ’

2354 3370 2595 3441 ὲμαυτοῦ
2628 3371 2727 3423 οὐκ
2761 3368 3019 3438 ἐλήλυθα,
3044 3366 3157 3420 ἀλλ’
3195 3366 3344 3419 ἐστιν
3367 3362 3621 3431 ἀληθινὸς
3657 3359 3685 3410 ὁ
3721 3357 3951 3424 πέμψας

2358 3479 2445 3533 με,
2470 3462 2529 3514 δν
2547 3462 2705 3531 ὑμεῖς
2729 3461 2827 3512 οὐκ
2853 3460 3051 3513 οῖδατε.
3091 3456 3231 3524 Ἐγὼ
3254 3456 3309 3507 δὲ
3338 3449 3456 3506 οῖδα
3483 3452 3669 3511 αὑτὸν,
3701 3451 3783 3501 ὅτι
3813 3446 3949 3517 παρ’

2354 3553 2522 3607 αὑτοῦ
2565 3554 2703 3623 είμι,
2742 3552 2993 3613 κάκεῖνός
3048 3566 3116 3618 με
3169 3546 3511 3601 ἀπέστειλεν.
3551 3563 3567 3594 ι
3613 3539 3835 3608 Ἐπειδὴ
3864 3537 3947 3602 τδ,

2360 3665 2379 3697 ε
2426 3645 2663 3715 Οἴδαμεν
2706 3644 2918 3708 τοῦτον,
2956 3641 3121 3694 πόθεν
3175 3638 3331 3698 ἐστὶ,
3378 3658 3395 3689 ι
3453 3638 3521 3689 δι’
3555 3634 3706 3687 οὐδὲν
3754 3632 3951 3700 ἕτερον

2354 3739 2559 3809 ελεγον,
2591 3738 2706 3790 ἀλλ’
2742 3736 2773 3805 ἢ
2802 3735 2971 3798 δεῖξαι
3000 3733 3246 3793 θέλοντες
3270 3771 3283 3792 ,
3312 3732 3393 3782 δτι
3418 3731 3482 3781 ὲκ
3517 3728 3617 3794 τῆς
3652 3727 3756 3793 γῆς
3792 3726 3945 3784 ἐστι,

2354 3832 2451 3885 καὶ
2476 3831 2556 3883 ὅτι
2585 3829 2837 3889 τέκτονος
2864 3826 3001 3888 υίὸς,
3026 3823 3112 3876 διὰ
3149 3822 3307 3875 τοῦτο
3337 3820 3497 3881 αὐτὸς
3524 3818 3715 3885 ἀνάγει
3744 3816 3950 3878 αὐτοὺς

2353 3925 2431 3985 είς
2465 3922 2554 3974 τὸν
2587 3918 2816 3990 οὐρανὸν
2840 3917 3013 3984 λέγων
3038 3934 3051 3947 ο
3080 3933 3098 3965 t
3134 3915 3243 3967 Καὶ
3268 3913 3367 3983 ἐμὲ
3408 3913 3608 3974 οῖδατε,
3646 3910 3741 3961 καὶ
3764 3908 3949 3959 οἴδατε

2353 4012 2515 4064 πόθεν
2571 4010 2687 4078 είμί
2713 4026 2727 4040 ·
2764 4008 3039 4069 τουτέστι,
3075 4006 3196 4059 Κᾶν
3232 4006 3281 4056 εἰ
3316 4004 3403 4057 διὰ
3433 4002 3533 4072 τὴν
3568 4000 3773 4053 κακίαν
3815 4015 3952 4065 συγ-

2352 4102 2688 4170 καλύπτητε,
2712 4101 2860 4168 ὅμως
2889 4098 3065 4150 οῖδατε
3094 4097 3258 4150 πόθεν
3297 4095 3437 4165 είμὶ,
3469 4095 3552 4147 δτι
3585 4093 3643 4156 ἐξ
3682 4089 3947 4161 οὐρανοῦ.

2364 4194 2517 4247 Ἐπεί¹
2552 4194 2662 4262 γὰρ
2684 4186 2893 4244 ἐκεῖθέν
2923 4192 3071 4241 ἐστιν
3107 4191 3135 4241 ὁ
3169 4190 3361 4258 Πατήρ
3395 4205 3518 4256 μου,
3552 4186 3843 4255 πρόδηλον,
3865 4184 3950 4236 ὅτι

2351 4286 2445 4339 καὶ
2479 4284 2645 4347 αὐτὸς
2668 4283 2878 4337 ἐκεῖθέν
2910 4285 3046 4351 είμι,
3081 4282 3174 4333 καί
3201 4281 3431 4350 ὅτιπαρ⁹
3461 4280 3672 4332 ἐκείνου
3704 4279 3952 4330 ἀπεστα-

2349 4377 2469 4445 λην,
2504 4376 2561 4439 ὃς
2590 4377 2738 4428 ἐστιν
2770 4374 3001 4443 ἀληθής.
3043 4372 3192 4426 Ἐπεὶ
3212 4372 3269 4425 δὲ
3295 4375 3504 4435 ἐκεῖνος
3534 4370 3761 4441 ἀληθὴς,
3786 4369 3950 4435 κάγὼ

2350 4468 2415 4520 ἂν
2437 4467 2556 4537 εἴην
2589 4465 2814 4535 ἀληθὴς,
2843 4466 2935 4518 καὶ
2965 4467 3024 4517 οὐ
3060 4466 3281 4527 πλάνος.
3322 4464 3395 4515 Οὐ
3426 4464 3534 4530 γὰρ
3555 4461 3620 4515 ἂν
3655 4462 3684 4513 ὁ
3711 4462 3942 4531 ἀληθὴς,

655 4557 837 4613 vellet.
875 4555 1027 4609 Hunc
1067 4564 1249 4609 autem
1280 4556 1368 4623 qui
1415 4553 1564 4609 misit
1611 4570 1698 4609 me
1722 4595 1736 4618 ,
1768 4570 1860 4607 vos
1896 4555 2109 4620 quidem
2145 4569 2242 4606 nc-

2354 4559 2549 4612 πλάνον
2605 4559 2695 4611 καὶ
2738 4557 2906 4626 ψευδῆ
2941 4557 3203 4626 ἠθέλησεν
3236 4556 3578 4609 ἀποστεῖλαι.
3633 4554 3839 4606 Τοῦτον
3886 4555 3945 4607 δὲ

658 4651 809 4704 scitis
846 4660 900 4703 et
931 4648 1215 4719 ignoratis,
1244 4646 1683 4715 quandoquidem
1738 4647 1789 4698 id
1833 4647 2089 4714 operibus
2135 4662 2239 4699 non

656 4740 969 4797 declaratis.
1005 4738 1137 4790 Nam
1181 4735 1342 4808 (sicut
1375 4735 1572 4788 Paulus
1619 4736 1793 4803 inquit
1820 4736 1889 4805 °‘)
1926 4736 1976 4789 in
2014 4736 2241 4788 scicntia

657 4834 953 4905 ignorantia
982 4829 1150 4903 609
1179 4839 1279 4884 est.
1321 4848 1337 4879 ι
1368 4828 1558 4892 Deum,
1590 4830 1782 4897 inquit,
1812 4827 2049 4880 fatentur
2078 4829 2239 4891 scire,

654 4942 816 4997 opere
853 4936 1028 4979 autem
1060 4923 1373 4976 inliciantur
1405 4937 1553 4974 eum.
1599 4920 1664 4974 Et
1699 4936 1794 4974 vos
1820 4921 2039 4989 quidem
2068 4918 2236 4973 Judaei

654 5019 878 5074 nescitis
918 5018 1130 5071 Patrem
1177 5032 1375 5079 meum,
1413 5026 1635 5086 propter
1672 5033 1831 5084 Opera
1865 5028 2041 5069 vestra
2077 5015 2238 5081 mala,

651 5124 701 5165 et
731 5111 1027 5183 pessimum
1056 5110 1315 5162 animum.
1348 5108 1456 5180 Ego
1488 5120 1664 5162 autem
1702 5108 1846 5161 illum
1880 5110 2015 5172 scio,
2068 5123 2239 5177 neque

652 5204 797 5257 enim
829 5203 1050 5257 obstant
1084 5201 1215 5254 mihi
1253 5201 1332 5253 vel
1367 5218 1519 5256 mens
1572 5202 1735 5264 mala,
1769 5202 1849 5254 vel
1903 5216 2067 5267 opera
2119 5214 2238 5268 qua:

652 5294 727 5347 illi
760 5294 1068 5361 displicent,
1103 5293 1389 5360 quominus
1415 5293 1559 5345 illum
1586 5308 1929 5362 cognoscam.
1964 5310 1983 5341 ι
2017 5294 2096 5344 Ab
2126 5294 2235 5360 ipst

653 5388 795 5441 t‘llllll
830 5404 970 5452 sum,
1001 5407 1017 5438 ι
1050 5388 1151 5442 hoc
1170 5398 1271 5452 est,
1300 5403 1361 5440 ex
1392 5388 1526 5455 ipso,
1563 5402 1665 5437 non
1700 5387 1763 5438 ah
1788 5386 1889 5437 alia
1914 5384 2239 5447 substantia,

656 5480 735 5532 vel
766 5479 971 5533 alienus
1009 5480 1075 5533 ab
1109 5495 1195 5545 c0,
1230 5499 1246 5527 ι
1270 5489 1321 5532 et
1355 5479 1439 5531 ille
1471 5495 1555 5531 me
1594 5480 1790 5530 misit.»
1827 5479 1955 5530 \‘ide
1980 5486 2156 5529 autem
2189 5486 2241 5529 et

656 5576 755 5629 hoc
789 5576 906 5628 loco
936 5579 1067 5629 duas
1098 5586 1317 5627 naturas
1362 5576 1410 5625 in
1458 5574 1676 5626 Christo
1708 5572 2044 5626 manifestari
2075 5591 2087 5625 :
2146 5588 2241 5639 per

656 5670 757 5725 hoc
791 5671 932 5722 enim
957 5670 1098 5737 quod
1133 5669 1209 5720 ait
1240 5667 1549 5735 Apotlolus,
1574 5686 1591 5715 ι
1623 5666 1703 5719 Ab
1737 5666 1853 5735 ipso
1885 5682 2022 5728 sum,
2060 5686 2076 5716 ι
2111 5668 2240 5720 sub-

2350 4653 2440 4706 τὸν
2472 4650 2869 4705 ἀποστείλαντά
2921 4667 3009 4719 με,
3068 4650 3227 4720 ὑμεῖς
3264 4650 3365 4719 μὲν
3412 4650 3516 4701 οὐκ
3572 4649 3777 4724 οξδατε,
3827 4649 3947 4701 ἀλλ’

2350 4747 2596 4813 ἀγνοεῖτε
2624 4745 2846 4813 ἄγνοιαν
2875 4744 2973 4814 τὴν
3002 4744 3089 4795 διὰ
3106 4744 3214 4795 τῶν
3243 4743 3441 4809 ἔργων.
3480 4742 3567 4807 Ὠς
3593 4741 3703 4812 γὰρ
3733 4744 3763 4795 ὀ
3791 4743 3944 4796 Παῦ-

2349 4838 2440 4902 λός
2468 4856 2667 4908 φησιν,
2704 4838 2849 4890 ἔστιν
2897 4838 3091 4905 ἄγνοια
3123 4840 3179 4887 ὲν
3214 4837 3437 4903 γνώσει.
3479 4856 3495 4887 ι
3533 4836 3666 4889 θεὸν
3695 4874 3712 4897 ,
3748 4838 3943 4907 φησιν,

2350 4931 2705 4999 ὁμολογοῦσιν
2734 4930 2951 4989 εἰδέναι,
2990 4931 3102 4992 τοῖς
3132 4929 3188 4981 δὲ
3244 4927 3429 4997 ἔργοις
3474 4928 3785 4997 ἀρνοῦνται.
3833 4931 3971 4982 Καὶ’

2354 5025 2506 5092 ὑμεῖς
2530 5022 2621 5075 οὖν
2646 5023 2694 5074 oi
2742 5020 2984 5073 Ἰουδαῖοι
3014 5022 3114 5073 οὐκ
3140 5021 3318 5074 οἴδατε
3346 5006 3439 5073 τδν
3468 5023 3687 5092 Πατέρα
3720 5040 3823 5091 μου
3855 5024 3946 5078 διὰ

2348 5117 2415 5168 τὰ
2444 5114 2581 5184 ἔργα
2614 5115 2765 5183 ὑμῶν
2791 5114 2859 5164 τὰ
2891 5112 3125 5181 πονηρὰ,
3155 5112 3252 5164 καὶ
3272 5112 3369 5183 τὴν
3391 5113 3659 5182 κακίστην
3685 5115 3937 5184 γνώμην.

2353 5224 2369 5255 ι
2421 5203 2563 5272 Ἐγὼ
2607 5204 2662 5256 δὲ
2716 5199 2835 5257 οἶδα
2884 5203 3067 5255 αὐτόν.
3111 5220 3131 5253 ι
3167 5203 3240 5255 Οὐ
3293 5204 3403 5272 γὰρ
3444 5206 3800 5273 ἐμποδίζουσί
3850 5224 3943 5275 μοι

2348 5296 2470 5350 οῦτε
2508 5296 2700 5365 γνώμη
2730 5294 2963 5364 πονηρὰ,
2984 5293 3109 5347 οὕτε
3140 5294 3276 5365 ἔργα
3302 5297 3688 5367 ἁπαρὲσκοντα
3720 5299 3943 5368 ἐκείνῳ,

2350 5388 2486 5458 πρὸς
2524 5389 2624 5459 τὴν
2652 5388 2853 5459 γνῶσιν
2903 5386 3093 5440 αὑτοῦ.
3136 5406 3153 5440 t
3195 5390 3331 5457 [lap'
3366 5389 3533 5442 αὑτοῦ
3578 5391 3687 5459 γάρ
3720 5391 3838 5459 είμι
3867 5407 3879 5419 ’
3918 5410 3937 5443 ι

2348 5481 2651 5545 τουτέστιν,
2686 5480 2743 5545 ἐξ
2778 5479 2969 5543 αὐτοῦ,
3006 5480 3107 5532 οὐκ
3142 5482 3237 5532 ἀπ’
3272 5482 3438 5548 ἄλλης
3468 5483 3679 5548 οὐςίας,
3713 5483 3745 5551 ἢ
3783 5483 3929 5537 αλλό-

2349 5592 2496 5643 τριος
2544 5572 2733 5637 αὑτοῦ,
2776 5590 2794 5622 ι
2849 5574 3103 5635 κάκεῖνός
3147 5591 3212 5642 με
3249 5574 3592 5628 ἀπέστειλεν.
3636 5594 3653 5625 ι
3696 5576 3843 5645 Ὅρα
3885 5576 3933 5627 δὲ

2344 5664 2584 5718 ἐνταῦθα
2604 5663 2701 5725 τὰς
2725 5663 2818 5716 δύο
2846 5665 3037 5733 φύσεις
3060 5665 3156 5720 τοῦ
3186 5665 3423 5737 Χριστοῦ
3442 5668 3782 5737 δηλουμένας
3815 5685 3827 5695 ·
3854 5668 3935 5727 διρ

722 5853 763 5883 ’θ
801 5850 987 5906 .‘iattlt.
1032 5869 1085 5913 li,
1129 5852 1159 5902 6
1187 5871 1195 5910 ;
1226 5851 1385 5907 Elicit.
1503 5851 1555 5903 ‘2.
1636 5851 1680 5882 ⁸³
1720 5850 1850 5908 Ibid.
1932 5850 1974 5881 ⁸ο
2012 5849 2129 5921 Visa.
2162 5863 2244 5902 LVI

2357 5852 2409 5903 8.
2490 5850 2528 5880 ⁶¹
2568 5847 2679 5903 Tit.
2716 5849 2867 5915 1,16,
