4218 6424
218 446 240 502 1
253 440 349 504 337

896 426 1342 489 ΕΧᾹΠΒᾹΤΙΟ
1382 427 1458 486 ΙΝ
1502 422 1816 487 EVANGEJ

1924 420 2007 480 1M
2048 424 2469 486 JO.\NNIS-—
2500 423 2660 484 CAP.
2700 422 2832 483 VII-

3384 414 3523 477 I338

218 548 318 617 μὲν
347 544 463 603 τοῦ.
510 566 525 594 1
574 543 708 610 ηιμ·
752 544 920 593 αὶτο)
957 547 1094 611 εἰμι,
1132 562 1146 591 ι
1182 542 1280 613 τὴν
1309 541 1503 595 οὐσίαν
1537 540 1633 611 τῆς
1687 539 1806 592 θεό-

1924 544 2115 595 stantia
2142 542 2322 596 divina
2343 541 2655 596 declaratur
2677 557 2692 604 ;
2714 554 2835 592 cum
2862 550 2988 591 vero
3012 533 3109 601 ait,
3144 553 3161 586 1
3182 533 3246 589 Et
3276 532 3525 590 iilemisi.

213 654 414 710 τητοςο
448 638 534 691 διὰ
580 636 637 688 δὲ
671 634 785 701 τοῦ,
831 655 848 686 1
890 635 1160 696 Κάκεῖνός
1216 651 1284 701 με
1339 633 1656 693 ἀπέστειλε,
1693 651 1711 682 ι
1752 632 1813 683 τὸ

215 729 601 801 ἀνθρώπινον·
660 728 961 789 ἀπόστολος
1014 724 1124 796 γὰρ
1162 726 1301 779 κατά
1359 725 1420 778 τὸ
1470 724 1814 796 ἀνθρώπινον

213 822 456 889 λέγεται,
491 820 627 873 καθ’)
650 820 743 871 καὶ
779 818 962 881 δοῦλος
985 820 1012 870 ὀ
1048 818 1174 879 Υἱὸς
1202 817 1295 871 τοῦ
1328 818 1485 869 θ;οὖ,

295 934 312 963 1
372 912 633 981 Ἐζήτουν
678 909 769 962 οἷν
814 911 976 962 αὑτὸν
1013 912 1228 971 πιάσαι,
1270 911 1363 961 καὶ
1398 909 1574 970 οὐδεὶς
1615 909 1812 960 ἐπέϐα-

211 1004 307 1055 λεν
342 1004 428 1055 ἐπ’
457 1001 619 1055 αὑτὸν
650 1001 749 1062 τὰς
782 1004 991 1071 χεῖρας.
1030 1002 1112 1052 ὅτι
1153 999 1306 1052 οὕτεω
1348 999 1595 1069 ἐληλύθει
1626 1000 1658 1070 ή
1692 998 1811 1067 ὥρα

212 1095 403 1150 αὐτοῦ.
441 1093 635 1148 Πολλοὶ
668 1088 762 1145 οὖν
804 1093 867 1145 ἐκ
903 1091 998 1143 τοῦ
1031 1091 1191 1161 ὄχλου
1232 1090 1566 1143 ἐπίστευσαν
1607 1092 1687 1151 είς
1710 1090 1812 1140 αὑ-

211 1188 325 1251 τὲν,
386 1186 480 1239 καὶ
538 1185 762 1251 ἔλεγον,
803 1185 884 1237 ὅτι
928 1184 988 1235 Ὀ
1021 1183 1257 1252 Χριστὸς
1296 1183 1424 1235 ὅταν
1459 1181 1589 1252 ἐλοῃ
1620 1222 1633 1245 ,
1680 1182 1811 1250 μήτι

214 1278 386 1332 πλείω
418 1278 620 1347 σημεῖα
646 1276 856 1329 τούτων
897 1276 1139 1345 ποιήσει,
1174 1268 1249 1327 ὧν
1279 1269 1435 1337 οὗτος
1460 1274 1746 1342 ἐποίησενς
1787 1290 1806 1323 ι

211 1370 487 1425 Δεικνύων
509 1369 538 1421 δ
579 1367 977 1437 εὑαγγελιστὴς
1005 1409 1018 1430 ,
1054 1367 1137 1420 ὃτι
1173 1366 1425 1436 ἀοράτως
1471 1364 1810 1435 κατείχοντο,

212 1463 309 1517 καὶ
335 1465 414 1515 ὅτι
447 1460 589 1516 ἐκὼν
618 1461 929 1525 ἔπαθε,’κα“ι
944 1462 1045 1513 οὑκ
1070 1459 1130 1524 ἐξ
1159 1460 1487 1529 ἀδυναμίας,
1517 1460 1705 1527 φησιν,
1728 1458 1811 1511 ὅτι

218 1573 238 1607 1
292 1553 555 1624 Ἐζήτουν
587 1553 753 1607 αὑτὸν
790 1553 984 1606 πιάσαι
1012 1595 1023 1611 .
1072 1554 1167 1605 καὶ
1207 1553 1382 1613 οὐδεὶς
1411 1550 1679 1605 ἐπέϐαλεν
1711 1551 1813 1605 ἐπ’

214 1648 379 1701 αὑτὸν
399 1648 495 1709 τὰς
518 1648 727 1717 χεῖρας.
754 1666 771 1697 ι
795 1645 869 1699 Τὸ
894 1646 970 1709 δὲ,
994 1644 1165 1699 Οὔπω
1183 1639 1348 1716 ἦλθεν
1372 1644 1405 1713 ἡ
1428 1643 1548 1712 ὦρα
1568 1642 1755 1705 αὑτοῦ,
1785 1663 1804 1694 ι

213 1738 339 1807 ἔφη,
388 1740 487 1809 οὑχ
541 1741 622 1792 ὅτι
674 1740 888 1808 καιροῖς
930 1738 1211 1798 ὑπέκειτο.
1266 1735 1384 1789 ἀλλ’
1414 1737 1498 1789 ὅτι
1538 1737 1719 1789 πάντα
1754 1737 1811 1786 ἐν

211 1832 352 1903 ὥρᾳ.
384 1835 477 1884 καὶ
509 1830 800 1903 ἐπιτηδείῳ
821 1830 1000 1900 καιρῷ
1036 1831 1127 1884 καὶ
1156 1830 1233 1899 τῷ
1269 1830 1603 1900 προσήκοντι
1643 1828 1807 1879 ποιεῖ.

1925 647 2033 697 tne,
2075 633 2309 685 humana
2345 650 2357 684 :
2393 632 2693 685 secundum
2739 628 2884 681 enim
2933 631 3223 679 humanam
3278 634 3529 677 naturam

1924 727 2128 780 missus
2168 725 2369 779 dicitur
2413 735 2577 792 atque
2621 723 2787 778 etiam
2825 735 3043 781 servus.
3077 719 3170 790 qui
3218 715 3389 772 Filius
3441 727 3526 769 est

1923 817 2041 871 Dei.

1998 908 2161 963 Vsus.
2203 908 2293 973 50,
2345 908 2435 962 51.
2494 925 2512 959 1
2554 905 2884 973 Qutrrebant
2930 903 3097 973 igitur
3132 902 3524 970 illum'appre-

1920 1000 2187 1065 hendere,
2229 1012 2285 1055 et
2328 1014 2487 1055 nemo
2528 998 2676 1051 misit
2718 1009 2912 1051 manus
2942 996 2991 1048 in
3024 992 3199 1058 illum,
3234 992 3360 1062 quia
3390 1006 3526 1047 non-

1921 1096 2048 1149 dum
2082 1103 2308 1149 venerat
2362 1093 2493 1147 hora
2540 1092 2675 1161 ejus.
2714 1089 2861 1144 Multi
2895 1098 3078 1141 autem
3107 1102 3169 1139 ex
3202 1088 3359 1139 turba
3393 1097 3524 1137 cre-

1920 1187 2177 1242 diderunt
2236 1187 2290 1241 in
2343 1201 2489 1248 eum,
2526 1193 2582 1238 et
2634 1183 2891 1237 dicebant
2929 1180 3071 1250 quod
3101 1179 3353 1233 Christus
3400 1191 3524 1230 cum

1921 1282 2153 1344 venerit,
2193 1296 2322 1333 ntttn
2357 1280 2509 1349 signa
2544 1277 2702 1346 plura
2734 1276 2859 1330 edet
2891 1275 2956 1328 iis
2987 1287 3107 1339 qua:
3138 1272 3226 1326 hic
3254 1268 3464 1325 edidit?
3505 1288 3519 1319 ι

1922 1370 2231 1428 Ostendcus
2280 1370 2617 1439 evangelista
2688 1368 2832 1436 quod
2892 1364 3240 1421 invisibiliter
3301 1361 3529 1416 cohibe-

1926 1475 2137 1529 rentur,
2163 1472 2217 1518 et
2248 1463 2393 1534 quod
2430 1474 2625 1533 Sponte
2672 1469 2976 1530 pateretur,
3026 1473 3129 1512 non
3171 1473 3234 1511 ex
3285 1454 3529 1509 imbecil-

1922 1557 2088 1618 litate,
2150 1558 2335 1610 dicit:
2395 1574 2412 1607 1
2467 1554 2796 1621 Quaerebam
2863 1552 3018 1606 illum
3092 1550 3527 1617 appl‘cht'tntiort‘,

1922 1649 2103 1703 nullus
2141 1660 2321 1703 autem
2360 1648 2507 1702 misit
2558 1648 2612 1700 iu
2664 1646 2814 1700 illttm
2847 1659 3059 1697 manus.
3106 1661 3122 1693 ι
3159 1641 3312 1709 Quod
3346 1650 3524 1693 autem

1926 1761 1943 1793 1
1982 1739 2236 1795 Nondum
2267 1739 2475 1793 venerit
2503 1740 2635 1793 hora
2668 1737 2808 1805 ejus,
2849 1752 2866 1785 ι
2907 1734 3044 1789 dixit
3082 1748 3187 1787 non
3214 1731 3355 1801 quod
3397 1740 3527 1783 tem-

1922 1834 2147 1904 poribus
2174 1840 2319 1887 esset
2367 1830 2663 1898 obnoxius,
2716 1829 2810 1885 sed
2848 1828 2993 1898 quod
3045 1825 3227 1880 omnia
3281 1834 3530 1895 lcmpore

223 1924 416 1978 Ίινίκα
466 1926 575 1993 γάρ
619 1925 682 1977 τὸ
731 1923 923 1977 παθεῖν
955 1920 1214 1991 εὑκαιρον
1259 1920 1571 1988 ἐλογίσατο,
1602 1918 1807 1989 δηλαδὴ

1924 1938 2219 1996 apportuno
2279 1935 2334 1979 et
2400 1926 2532 1979 hora
2596 1921 2942 1978 convcttienti
3028 1918 3236 1973 fecerit.
3298 1917 3532 1983 Quando

212 2018 356 2070 κατὰ
389 2018 478 2070 τδν
509 2016 711 2087 ὡραῖον
742 2017 835 2069 καὶ
868 2016 1181 2084 ἐπιτήδειον
1208 2014 1424 2085 χρόνον,
1453 2012 1575 2064 τότε
1618 2009 1682 2079 δὴ
1718 2011 1813 2062 καὶ

211 2112 326 2173 τοῖς
380 2110 722 2177 σταυρωταῖς
780 2107 1155 2178 συνεχώρησε.
1193 2106 1379 2159 Πάντα
1434 2104 1544 2175 γὰρ
1587 2106 1644 2157 ἐν
1693 2121 1815 2155 και-

214 2203 326 2269 po’;
381 2199 603 2270 ὡραίοις
644 2199 738 2250 καὶ
790 2197 1119 2265 ἐπιτηδείοις
1161 2199 1307 2249 ποιεῖ
1358 2195 1454 2249 καὶ
1504 2195 1802 2262 οἰκονομεῖ.

208 2288 362 2353 Οῗον,
394 2290 501 2343 ἔδει
522 2289 745 2359 δοθῆναι
772 2289 864 2343 τὸν
887 2290 1073 2359 νόμον,
1107 2289 1221 2343 ἀλλ’
1245 2290 1301 2341 ἓν
1332 2289 1512 2359 καιρῷ
1537 2289 1616 2357 τῲ
1646 2303 1815 2356 προσ-

209 2382 431 2448 ήκοντι,
468 2378 597 2441 τοὺς
661 2380 955 2450 προφήτας
990 2380 1215 2450 ὁμοίως,
1244 2380 1338 2433 καὶ
1367 2379 1429 2432 τὸ
1454 2379 1810 2447 Εὑαγγέλιον.

210 2470 286 2524 Τὸ
313 2465 405 2524 οὖν
443 2474 541 2541 τῆς
571 2469 719 2536 ὥρας
746 2472 939 2541 δνομα,
969 2471 1031 2523 τὸ
1080 2471 1309 2541 ἀκριὸὲς
1349 2472 1451 2541 τῆς
1485 2471 1680 2538 σοφίας
1718 2470 1814 2523 καὶ

211 2564 311 2633 τῆς
341 2564 595 2633 προνοίας
629 2561 723 2615 τοῦ
754 2563 1010 2632 Σωτῆρος
1046 2563 1412 2616 ἐνδείκνυται.
1446 2579 1463 2612 1
1524 2562 1718 2615 Πολλοὶ
1756 2562 1814 2615 δὲ

140 2684 143 2687 η
212 2655 544 2708 ἐπίστευσαν
568 2653 740 2725 αὐτῷ,
772 2648 1052 2722 λέγοντες*
1078 2653 1171 2726 Μὴ
1202 2656 1228 2707 ὁ
1256 2654 1493 2726 Χριστὸς
1527 2654 1698 2707 πλείω
1722 2671 1817 2723 ση-

217 2749 345 2817 μεῖα
375 2749 610 2815 ποιήσει,
654 2742 729 2803 ὧν
770 2743 927 2811 οὗτος
954 2750 1213 2818 ἐποίησε;
1265 2767 1284 2801 ι
1326 2749 1563 2815 Λέγουσι
1595 2748 1654 2801 δὲ
1685 2748 1816 2817 περὶ

212 2839 307 2892 τοῦ
336 2839 482 2893 οἴνου
512 2839 605 2893 τοῦ
641 2842 699 2893 ἐν
731 2841 909 2911 Κανᾷ,
948 2840 1041 2892 τοῦ
1076 2840 1191 2892 υἱοῦ
1226 2839 1321 2892 τοῦ
1362 2837 1645 2909 βασιλικοῦ
1673 2877 1687 2901 ,
1720 2837 1815 2891 τοῦ

211 2930 550 3002 παραλύτου,
579 2932 689 2984 τῶν
717 2931 920 3003 ἄρτων,
958 2932 1053 2985 καὶ
1084 2931 1277 2994 ἁπλῶς
1321 2932 1431 2984 τῶν
1464 2931 1642 2986 ἀλλων
1675 2930 1817 2985 πάν-

214 3042 345 3088 των,
400 3016 476 3076 ὧν
523 3023 645 3076 οὑδὲ
676 3026 724 3076 ot
756 3023 1168 3091 εὐαγγελισταὶ,
1204 3023 1292 3077 ὃιά
1328 3025 1389 3077 τὸ
1421 3023 1623 3094 πλῆθος
1652 3064 1667 3089 ,
1701 3023 1816 3076 dvo-

217 3118 385 3187 μαστὶ
420 3117 847 3187 ἐπιμέμνηνται.
883 3116 1029 3188 Πλὴν
1058 3119 1105 3169 εἰ
1140 3120 1234 3171 καὶ
1258 3116 1479 3180 ἀκούεις
1502 3160 1517 3182 ,
1553 3119 1637 3170 ὅτι
1691 3116 1819 3169 ἐπί-

216 3227 451 3264 στευσαν
486 3209 690 3275 πολλοὶ,
722 3210 838 3264 ἀλλ’
867 3206 960 3263 οὖν
1002 3212 1105 3263 οὐκ
1151 3210 1388 3281 ἀκριϐὴς
1428 3206 1497 3281 ἦν
1552 3213 1587 3282 ή
1633 3211 1819 3273 πίστις

217 3302 424 3369 αὐτῶν,
461 3301 578 3355 ἀλλ’
609 3303 729 3355 οἵαν
761 3303 909 3365 είκὸς
949 3299 1088 3355 εἶναι
1113 3303 1353 3372 πλήθους
1387 3302 1636 3373 χυδαῖον,
1658 3302 1818 3358 ἄλλο·

215 3411 272 3448 τε
309 3394 485 3458 ἄλλως
514 3396 986 3466 μεταταττομένου
1034 3396 1154 3459 ταῖς
1189 3396 1465 3465 γνώμαις.

292 3594 311 3625 1
355 3575 637 3627 Ἤκουσαν
694 3575 744 3627 οἱ
791 3575 1082 3646 Φαρισαῖοι
1125 3575 1491 3644 γογγύζοντος
1525 3577 1620 3629 τοῦ
1658 3576 1818 3644 δχλου

216 3664 345 3735 περὶ
372 3662 540 3716 αὑτοῦ
573 3662 748 3715 ταῦτα
780 3679 793 3692 ⁸
835 3664 926 3717 καὶ
962 3663 1295 3717 ἀπέστειλαν
1316 3663 1597 3732 ὑπηρέτας
1621 3663 1672 3713 οἱ
1708 3662 1820 3712 Φα-

226 3759 430 3828 ρισαῖοι
466 3756 563 3809 καὶ
592 3758 641 3807 οἱ
671 3757 976 3827 ἀρχιερεῖς,
1003 3756 1090 3809 ἴνα
1126 3756 1398 3809 πιάσωσιν
1428 3754 1613 3807 αὐτόν.
1652 3749 1821 3807 Εἶπεν

215 3847 309 3905 οὗν
338 3852 522 3911 αὐτοῖς
550 3852 578 3902 ὁ
612 3850 823 3921 Ἰησοῦς
848 3865 862 3879 ·
900 3849 1024 3902 Ἔτι
1062 3848 1257 3921 μικρὸν
1286 3849 1478 3918 χρόνον
1517 3846 1637 3916 μεθ’
1668 3846 1820 3916 ὑμῶν

216 3945 473 4014 είμι,κα”ι
499 3942 701 4009 ὑπάγω
736 3941 873 4012 πρὸς
924 3942 1018 3993 τὸν
1060 3940 1358 4009 πέμψαντά
1406 3956 1493 4009 με.
1542 3938 1820 4008 Ζητήσετέ

219 4054 309 4106 με,
348 4035 445 4090 καὶ
476 4035 575 4105 οὑχ
616 4034 883 4105 εὑρήσετε
910 4050 924 4063 ·
965 4035 1058 4086 καὶ
1082 4034 1218 4086 ὅπου
1255 4031 1365 4100 ἐγώ
1397 4035 1535 4101 εἰμι,
1563 4032 1723 4101 ὑμεῖς
1759 4032 1819 4085 οὑ

216 4130 447 4185 δύνασθε
478 4128 674 4181 ἐλθεῖν.
714 4122 881 4178 Εἶπον
910 4120 1006 4177 οὖν
1028 4124 1079 4175 οἱ
1115 4122 1366 4176 Ἰουδαῖοι
1395 4121 1532 4190 πρὸς
1552 4119 1782 4183 ἑαυτούς
1802 4137 1817 4151 ’

216 4226 328 4282 Ποῦ
356 4217 513 4286 οὗτος
546 4221 734 4293 μέλλει
759 4217 1119 4291 πορεύεσθαι,
1150 4218 1229 4270 ὅτι
1259 4217 1422 4286 ἡμεῖς
1456 4214 1556 4285 οὐχ
1589 4214 1823 4283 εὑρήσο-

221 4335 321 4390 μεν
367 4316 565 4381 αὑτόνς
619 4314 711 4383 Μὴ
748 4314 840 4376 εἰς
892 4312 994 4378 τὴν
1046 4308 1354 4379 διασπορὰν
1398 4306 1511 4360 τῶν
1549 4306 1822 4377 Ἑλλήνων

222 4412 407 4483 μέλλει
455 4407 825 4479 πορεύεσθαι,
864 4405 959 4458 καὶ
1011 4403 1287 4458 διδάσκειν
1334 4402 1464 4464 τοὺς
1504 4399 1819 4470 ’Ἐλληναςς

220 4504 317 4568 Τίς
369 4504 518 4556 ἐστιν
548 4504 577 4553 ὁ
616 4500 775 4569 λόγος
807 4493 961 4561 οὗτος
995 4497 1055 4550 ὃν
1101 4493 1223 4548 εἶπε
1244 4511 1260 4527 ο
1297 4494 1575 4564 Ζητήσετέ
1606 4510 1694 4563 με,
1726 4493 1821 4545 καὶ

1916 2021 2062 2075 enim
2102 2019 2486 2087 tempestivum
2512 2016 2848 2072 existimavit
2875 2014 3019 2085 quod
3060 2022 3362 2084 pateretur,
3390 2020 3518 2064 tunc

1914 2122 1966 2167 et
1997 2112 2419 2168 crucilixoribus
2460 2125 2521 2165 se
2550 2109 2823 2179 permisit.
2852 2106 3049 2163 Omnia
3079 2107 3224 2160 enim
3268 2103 3533 2172 tempori-

1922 2206 2024 2261 bus
2056 2206 2382 2276 opportunis
2413 2214 2467 2258 et
2505 2201 2880 2257 accommodis
2909 2185 3044 2254 facit
3070 2214 3133 2254 ac
3167 2198 3485 2254 moderatur
3514 2218 3527 2252 :

1916 2309 1969 2352 et
2013 2298 2156 2352 sicut
2191 2296 2365 2367 legem
2412 2295 2531 2349 dari
2581 2294 2944 2348 conveniebat
2987 2301 3233 2359 tempore
3263 2305 3530 2359 congruo.

1917 2393 1989 2446 ita
2042 2391 2297 2445 similiter
2341 2404 2395 2444 et
2453 2390 2772 2457 prophetas,
2828 2399 2882 2441 et
2933 2385 3319 2455 Evangelium.
3378 2382 3537 2440 Unde

1916 2498 2114 2537 nomen
2190 2484 2337 2536 horae
2412 2481 2653 2535 oswudit
2704 2482 3014 2535 evidentem
3076 2478 3421 2546 prudentiam
3479 2487 3536 2531 et

1917 2576 2243 2643 sapientiam
2292 2574 2623 2630 Salvaloris.
2668 2593 2686 2624 1
2747 2572 2901 2627 Multi
2954 2583 3136 2628 auten.
3183 2573 3537 2626 crediderunt

1917 2668 1988 2731 ei,
2026 2671 2274 2722 dicentes
2301 2685 2315 2721 :
2347 2664 2607 2734 Nunquid
2651 2663 2907 2719 Christus
2954 2663 3109 2733 plura
3148 2662 3303 2731 signa
3338 2661 3529 2725 faciet,

1919 2773 2081 2825 quam
2114 2757 2205 2811 hic
2242 2756 2413 2811 fecit?
2452 2774 2471 2808 ι
2515 2753 2715 2808 Dicunt
2761 2764 2943 2807 autem
2993 2755 3060 2807 de
3110 2754 3239 2807 vino
3281 2753 3333 2806 iu
3386 2751 3535 2806 Caua

1919 2847 2181 2914 Galilmsc,
2213 2849 2277 2905 de
2310 2847 2421 2902 ﬁlio
2451 2846 2622 2917 regio,
2677 2848 2744 2897 de
2792 2844 3117 2917 paralytico,
3170 2846 3237 2900 de
3281 2844 3536 2914 panibus,

1920 2950 1975 2993 et
2026 2940 2078 2994 in
2129 2955 2345 2996 summa
2397 2938 2465 2993 de
2517 2937 2639 2993 aliis
2692 2937 2970 3002 omnibus,
3016 2938 3083 2994 de
3123 2937 3324 3007 quibus
3357 2952 3538 3007 neque

1922 3033 2271 3102 evangelista;
2328 3040 2555 3101 propter
2603 3032 3010 3086 multitudinem
3069 3030 3316 3101 ipsorum
3358 3029 3539 3093 nomi-

1925 3124 2097 3178 natim
2139 3121 2474 3177 mentionem
2511 3121 2783 3178 iecerunt.
2827 3121 3220 3177 Verumtamen
3256 3136 3380 3177 cum
3436 3137 3536 3173 au-

1926 3216 2093 3271 dieris
2121 3216 2267 3285 quod
2306 3215 2462 3270 multi
2503 3215 2867 3281 crediderint,
2915 3215 3063 3270 scias
3114 3214 3335 3270 illorum
3372 3213 3535 3268 fidem

1924 3317 2171 3362 exactam
2216 3321 2325 3361 non
2363 3305 2554 3371 fuisse,
2586 3305 2679 3361 scd
2713 3307 2933 3376 qualem
2965 3305 3268 3360 verisimile
3300 3314 3385 3359 cst
3415 3319 3542 3359 csse

1925 3401 1979 3455 in
2037 3401 2245 3471 vulgari
2297 3399 2675 3467 multitudine,
2729 3399 2963 3454 subinde
3012 3408 3260 3454 mutante
3312 3408 3536 3453 senten-

1925 3491 2076 3544 tiam.

1995 3582 2158 3637 Vsus.
2192 3581 2384 3645 52—56.
2424 3601 2442 3633 1
2487 3581 2795 3636 Audieruut
2827 3581 3091 3636 Pharisaei
3127 3584 3342 3635 turbam
3390 3598 3542 3636 mur-

1927 3683 2243 3728 tnttrantem
2296 3672 2363 3726 de
2414 3670 2505 3725 illo
2560 3671 2697 3737 hmo,
2746 3682 2795 3727 et
2850 3672 3121 3727 miserunt
3172 3672 3439 3728 Pharisaei
3476 3688 3541 3728 ac

1925 3764 2202 3834 principes
2239 3762 2592 3818 sacerdotum
2645 3763 2930 3818 ministros
2963 3772 3021 3817 ut
3063 3766 3545 3834 apprchenderent

1924 3874 2073 3913 eum.
2118 3858 2264 3911 Dixit
2314 3872 2445 3926 ergo
2477 3857 2561 3912 eis
2610 3856 2772 3912 Jesus
2824 3857 3063 3911 :Adhttc
3099 3857 3357 3925 pusillum
3402 3867 3543 3912 tem-

1925 3951 2075 4019 poris
2106 3950 2389 4004 vobiscum
2425 3965 2569 4015 sum,
2599 3957 2654 4004 et
2701 3949 2838 4004 abeo
2868 3952 2931 4001 τιό
2970 3965 3093 4004 eunt
3123 3951 3212 4019 qui
3253 3965 3338 4005 me
3369 3950 3539 4007 misit.

1926 4042 2192 4105 ()ureretis
2224 4057 2330 4106 me,
2366 4056 2468 4097 nec
2513 4041 2829 4096 invenietis.
2880 4042 2949 4096 Et
2996 4041 3087 4095 ubi
3130 4057 3234 4113 ego
3269 4058 3390 4098 sum
3419 4084 3435 4110 ,
3475 4059 3543 4099 eo

1926 4150 2024 4189 vos
2058 4150 2167 4189 non
2206 4134 2439 4204 potestis
2474 4133 2684 4189 venire.
2721 4133 2989 4188 Dixerunt
3019 4148 3151 4205 ergo
3182 4132 3358 4189 Judaei
3397 4137 3542 4191 inter

1927 4227 2251 4293 sesczQuo
2306 4226 2396 4281 hic
2459 4225 2641 4281 iturus
2696 4235 2805 4292 est,
2861 4228 2988 4296 quia
3028 4243 3136 4281 non
3195 4228 3545 4283 inveniemus

1927 4320 2095 4376 cum?
2136 4321 2276 4376 Num
2316 4323 2369 4375 in
2404 4321 2801 4391 dispersiouem
2838 4323 3083 4389 gentium
3118 4322 3295 4375 iturus
3335 4330 3444 4384 est,
3484 4334 3540 4374 et

1926 4414 2187 4468 ducturus
2218 4412 2458 4485 gentes?
2494 4414 2628 4481 Quis
2679 4424 2765 4469 est
2810 4414 2901 4469 hic
2956 4428 3142 4469 sermo
3173 4429 3335 4484 quem
3379 4415 3542 4477 dixit,

1927 4504 2195 4572 Qumretis
2231 4522 2343 4571 me,
2398 4514 2455 4562 et
2500 4521 2606 4560 non
2652 4506 2972 4567 invenietis.
3011 4513 3067 4560 et
3103 4507 3193 4560 ubi
3257 4521 3357 4578 ego
3390 4523 3539 4569 sum,

218 4596 317 4666 οὐχ
347 4595 613 4664 εὑρήσετε
641 4608 656 4623 ⁸
693 4591 786 4643 καὶ
820 4590 957 4642 ὅπου
992 4589 1112 4656 είμὶ
1144 4585 1277 4654 ἐγὼ,
1309 4586 1469 4653 ὑμεῖς
1497 4586 1556 4638 οὑ
1589 4583 1816 4638 δύνασθε

1928 4611 1994 4651 eo
2028 4611 2123 4650 vos
2174 4611 2280 4652 non
2329 4598 2563 4665 potestis
2614 4596 2849 4652 venire?
2908 4614 2926 4647 ι
2958 4595 3099 4663 Quia
3158 4597 3545 4653 murnturabat

218 4688 391 4746 ἐλθεῖν
418 4705 433 4754 ;
475 4706 493 4739 ι
528 4689 605 4740 Δι’
632 4680 707 4741 ὧν
740 4668 1088 4755 ἐγόγγυζενὺ
1113 4684 1293 4755 ὄχλος,
1323 4683 1584 4761 ἐνέφηνεν
1606 4682 1682 4743 ὡς
1712 4678 1821 4751 ἄρα

217 4784 595 4854 χρηστοτέραν
620 4782 778 4852 ἔσχον
810 4780 1073 4844 διάθεσιν,
1100 4779 1196 4834 καὶ
1227 4779 1463 4850 μερικήν
1486 4795 1613 4831 τινα
1631 4776 1817 4830 πίστιν

218 4879 359 4948 πρδ;
393 4877 487 4930 τὸν
508 4875 737 4944 Κύριον,
761 4876 856 4929 καὶ
876 4874 952 4937 ώς
984 4872 1393 4943 ἀποσχισθῆναι
1412 4872 1520 4924 τῶν
1543 4873 1824 4941 ἀρχόντων

220 4960 515 5040 ὴϐούῖοντο
541 4986 555 5001 ·
584 4962 756 5039 οὗπερ
788 4968 987 5020 ἐκείνοι
1012 4966 1349 5035 αἰσθόμενοι,
1380 4964 1646 5035 ἔπεμψαν
1692 4964 1823 5017 συλ-

220 5061 481 5115 λαϐέσθαι
518 5058 731 5125 τοῦτον,
763 5059 853 5113 διὰ
892 5059 1054 5112 τοῦτο
1080 5058 1243 5126 μόνον
1272 5058 1354 5111 ὅτι
1389 5055 1710 5109 ἐπιστεύετο
1746 5050 1822 5107 εἴ·

219 5172 308 5207 ναι
328 5153 583 5224 Χριστός.
611 5152 907 5222 Ἐπεμψαν
936 5152 1013 5216 δὲ,
1044 5152 1159 5204 ἀλλ’
1186 5150 1287 5204 οὑκ
1318 5151 1470 5203 αὐτοὶ
1504 5144 1691 5221 ἦλθον,
1723 5164 1823 5215 φο-

222 5242 481 5314 ϐούμενοι
530 5242 623 5296 τὸν
673 5242 830 5312 ὄχλον
854 5283 897 5321 ,1
930 5246 1003 5312 μή
1038 5259 1089 5295 τι
1145 5241 1549 5309 νεωτερίσωσι·
1582 5240 1663 5292 διὸ
1696 5239 1823 5301 τοὺς

224 5335 503 5407 ὑπηρέτας
543 5335 881 5400 στέλλουσιν,
917 5336 1151 5399 ἑαυτοὺς
1190 5335 1290 5406 μὲν
1326 5334 1695 5407 ὑπεξάγοντες
1727 5330 1822 5385 τοῦ

226 5433 356 5494 ἴσως
394 5429 823 5501 συμϐησομένου
857 5430 1131 5491 κινδύνου,
1173 5430 1419 5492 ἐκείνους
1450 5429 1506 5482 δέ
1555 5427 1633 5497 τῷ
1665 5426 1824 5497 θυμῷ

220 5521 316 5577 τού
366 5520 526 5592 θχλου
583 5521 884 5586 ἐνδιδόντες
918 5538 929 5551 ·
963 5520 1106 5576 οὑτω
1160 5520 1438 5591 πανταχοῦ
1490 5521 1551 5574 τὸ
1610 5520 1823 5573 ἑαυτῶν

222 5615 513 5669 ἐσκόπουν.
555 5613 615 5663 ’0
659 5614 715 5667 δέ
766 5614 968 5686 Κύριος
1009 5613 1523 5685 ταπεινοφροσύνης
1584 5612 1824 5682 γέμοντα

224 5710 445 5779 ῥήματα
473 5708 771 5777 φθέγγεται
798 5725 811 5739 ·
848 5729 865 5761 ι
900 5708 1023 5763 Ἔτι
1065 5709 1261 5780 μικρδν
1300 5708 1422 5779 μεθ’
1455 5708 1609 5779 ὑμῶν
1629 5709 1767 5779 είμι.
1798 5728 1815 5761 ι

220 5803 307 5864 Τί,
341 5803 498 5871 φησὶ,
533 5802 868 5868 σπουδάζετέ
891 5822 957 5876 με
989 5804 1279 5863 ἀπελθεῖν;
1313 5804 1378 5856 Τί
1412 5803 1642 5857 διώκετε
1671 5821 1685 5871 ;
1711 5804 1821 5858 Mt~

221 5894 354 5968 κρὸν
392 5895 723 5967 ἀναμείνατε
776 5897 994 5971 χρόνον,
1035 5897 1127 5952 καὶ
1172 5895 1295 5951 οὐδὲ
1348 5895 1613 5955 θελόντων
1664 5897 1821 5969 ὑμῶν

1932 4686 2087 4741 turba
2118 4729 2131 4754 ,
2160 4687 2512 4743 manifestum
2547 4688 2695 4759 quod
2727 4682 3074 4741 aﬂect'ionem
3104 4686 3361 4741 habuerit
3388 4687 3549 4741 blan-

1931 4778 2162 4847 diorem,
2194 4790 2249 4834 et
2286 4779 2445 4835 ﬁdem
2496 4782 2792 4849 quamdam
2843 4778 2973 4848 erga
3038 4777 3329 4831 Dominum
3375 4776 3550 4848 610

1932 4871 2278 4934 diminutum.
2329 4890 2456 4927 nam
2512 4891 2540 4927 ιι
2593 4867 2940 4944 principibus
2992 4871 3238 4941 separari
3271 4870 3494 4925 volebat

1932 4963 1984 5017 id
2022 4964 2165 5033 quod
2202 4965 2277 5018 illi
2303 4968 2629 5030 sentientes,
2664 4965 2935 5019 miserunt
2977 4965 3042 5015 ad
3076 4962 3548 5033 comprehenden-

1931 5055 2059 5109 dttm
2087 5057 2296 5133 Jesum,
2330 5058 2401 5113 ob
2438 5074 2557 5112 eam
2593 5058 2864 5111 duntaxat
2895 5071 3122 5111 causam
3146 5095 3160 5121 ,
3192 5056 3338 5125 quod
3382 5054 3544 5109 Chri-

1932 5160 2050 5204 stus
2080 5165 2205 5205 esse
2241 5153 2590 5205 credebatur.
2636 5150 2900 5204 Miserum
2932 5160 3139 5215 autem,
3172 5148 3267 5203 scd
3295 5164 3401 5201 non
3440 5148 3541 5211 ipsi

1932 5252 2225 5307 venerunt,
2259 5252 2566 5299 tttciuentes
2602 5241 2842 5304 lttt‘ham,
2892 5255 2959 5295 ne
2989 5244 3457 5293 tumultuari-tur:
3492 5252 3543 5288 o't

1931 5346 2219 5406 propterea
2258 5336 2543 5389 ministros
2585 5334 2839 5400 tuittttut,
2893 5334 3106 5399 seipsos
3152 5331 3542 5394 SlllldllCCltlt's,

1935 5444 2003 5483 ne
2054 5429 2183 5498 quid
2234 5427 2461 5497 periculi
2513 5426 2877 5489 suboriretur,
2933 5425 3057 5477 illos
3116 5430 3303 5476 autem
3373 5422 3542 5474 furori

1934 5521 2118 5593 pepuli
2152 5531 2515 5592 exponentes.
2546 5519 2619 5573 lta
2648 5520 3011 5588 uudequuqtte
3038 5520 3183 5586 quod
3215 5534 3372 5572 suum
3405 5532 3546 5582 t‘l'nl,

1933 5617 2307 5672 sectabantur.
2367 5614 2725 5669 AtDominus
2751 5615 2913 5669 vethu
2940 5613 3251 5668 humilitate
3278 5612 3432 5680 plena
3470 5612 3547 5662 lu-

1927 5710 2143 5779 quitur:
2171 5728 2188 5760 1
2218 5709 2406 5763 Adhuc
2432 5724 2597 5778 parvo
2620 5718 2864 5778 tempore
2885 5708 3161 5760 vobiscum
3188 5721 3328 5759 sum.
3358 5725 3372 5755 ι
3405 5706 3545 5771 Quid

1928 5803 2221 5869 anhelatis,
2247 5803 2443 5872 inqttit,
2475 5812 2533 5856 ιιι
2555 5818 2656 5873 ego
2678 5804 2950 5858 discedam
2978 5802 3000 5853 ?
3033 5801 3160 5870 quid
3186 5799 3541 5869 persequimi-

1930 5897 2031 5954 ni?
2072 5896 2136 5952 ad
2170 5912 2397 5968 parvum
2435 5905 2752 5967 exspectate
2788 5907 3025 5966 tempus,
3064 5902 3115 5948 ct
3151 5908 3324 5963 neque
3364 5895 3534 5959 itnpc~
