4218 6424
704 388 850 454 1339

1591 388 2174 451 THEOPHYLACTI
2212 384 2627 447 BULGARIE
2676 382 3035 444 ARCIIIEP.

3826 378 3976 441 13W

703 505 853 560 diam
895 514 1015 563 vos,
1056 499 1100 553 si
1135 512 1222 554 me
1276 498 1463 553 tenere
1504 498 1803 557 volueritis.
1842 501 2107 557 Caeterum
2153 517 2271 557 cum

2385 500 2633 571 κατέχειν
2655 515 2745 568 με,
2772 497 3087 565 άντὲξομαι.
3108 496 3251 566 Ὅρα
3267 494 3323 548 δὲ
3358 494 3451 549 καὶ
3478 493 3558 557 τὺ,
3602 512 3621 545 ε
3658 494 3793 548 Μεθ’
3823 494 3985 563 ὑμῶν

704 595 923 655 dicitur,
962 611 980 643 ι
1019 592 1307 647 Vobiscum
1363 609 1505 653 sum,
1544 612 1562 644 ι
1616 608 1835 648 sensum
1884 594 2046 648 habet
2098 595 2277 649 buuc:

703 686 929 740 Etiamsi
964 684 1228 754 persecuti
1286 684 1520 747 fueritis,
1555 686 1770 739 etiamsi
1816 685 2131 754 abegeritis,
2183 700 2284 753 ego

702 778 880 830 adhuc
916 778 1187 829 vobiscum
1236 790 1354 828 sum
1401 794 1415 828 :
1474 776 1575 829 hoc
1624 785 1727 840 est,
1782 792 1878 843 pro
1910 776 2062 830 vobis
2091 792 2277 829 curam

700 883 852 934 gero,
877 878 928 921 et
954 868 1144 934 loquor
1170 881 1232 920 es
1256 881 1376 934 quae
1402 869 1467 919 ad
1499 867 1728 920 salutem
1752 877 1987 921 vestram
2009 876 2279 937 spectant,

700 970 753 1012 et
796 962 932 1013 vado
964 960 1029 1012 ad
1064 975 1189 1013 eum
1220 960 1311 1028 qui
1343 975 1428 1015 me
1470 960 1637 1013 misit.
1687 959 1784 1014 Hic
1836 961 2001 1015 etiam
2033 960 2138 1013 illis
2170 976 2283 1014 nte-

698 1062 809 1102 tum
842 1049 1053 1113 incutit,
1090 1060 1342 1117 tanquam
1375 1047 1613 1101 futurum
1647 1050 1718 1103 sit
1750 1060 1807 1103 ut
1832 1050 1882 1101 in
1920 1062 2043 1101 eum
2073 1048 2275 1114 impiu-

701 1152 832 1208 gunt
866 1144 960 1211 qui
995 1143 1217 1195 miserat
1253 1142 1451 1207 ipsum.
1491 1140 1626 1194 Nam
1658 1142 1747 1210 qui
1780 1157 1925 1207 eum,
1959 1142 2048 1208 qui
2080 1141 2280 1195 missus

694 1242 796 1292 est,
834 1233 1123 1298 ignominia
1164 1231 1429 1293 alliciunt,
1491 1233 1837 1286 manifestum
1889 1234 2030 1300 quod
2084 1213 2281 1299 impint

696 1334 827 1391 guut
858 1325 910 1376 in
945 1338 1065 1375 eum
1094 1323 1185 1390 qui
1218 1323 1385 1377 misit.
1408 1320 1646 1376 Diceudo
1670 1333 1874 1385 autem,
1908 1341 1926 1374 ι
1958 1321 2131 1382 Vado.
2160 1340 2179 1372 ι
2206 1321 2280 1374 si-

696 1414 973 1482 gniﬁcavit
1004 1422 1234 1466 mortem
1285 1428 1445 1493 suam.
1491 1412 1869 1470 voluntariam.
1907 1414 2075 1467 Porro
2127 1427 2279 1465 mon‘

694 1515 884 1559 strans
909 1507 1050 1573 quod
1094 1520 1241 1559 mors
1288 1520 1381 1559 sua
1420 1520 1525 1558 non
1577 1505 1647 1558 sit
1674 1506 1795 1559 talis
1827 1504 2279 1579 qualis‘cotnuiu-

702 1580 810 1657 ιςίε,
836 1596 967 1649 dicit
993 1615 1006 1650 :
1041 1616 1056 1646 ι
1085 1596 1201 1660 Quo
1218 1612 1317 1665 ego
1339 1598 1499 1661 vado,
1522 1611 1618 1650 vos
1647 1611 1750 1649 non
1782 1597 2007 1666 potestis
2030 1598 2229 1648 venire.
2252 1615 2272 1647 ι

693 1691 828 1741 Nam
858 1690 903 1741 si
937 1690 1263 1748 communis.
1320 1702 1373 1744 et
1393 1691 1584 1745 similis
1601 1691 1857 1747 omnibus
1905 1691 2101 1745 fuisset
2130 1706 2276 1745 mors

696 1778 834 1845 t‘jllS,
870 1786 925 1833 et
961 1795 1254 1835 mansurus
1283 1779 1472 1834 fuisset
1528 1782 1581 1834 iu
1622 1790 1817 1845 morte,
1865 1797 1973 1835 non
2010 1783 2274 1835 dixisset:

702 1888 721 1921 ε
762 1870 874 1925 Vos
908 1887 1013 1925 non
1057 1872 1284 1939 potestis
1319 1874 1527 1927 venire.
1570 1892 1588 1925 ι
1623 1871 1827 1927 Omnes
1861 1873 2004 1926 enim
2030 1874 2096 1926 ad
2124 1888 2274 1927 com-

696 1979 915 2018 munem
948 1977 1175 2017 mortem
1217 1964 1450 2019 abimus.
1505 1963 1672 2034 Igitur
1717 1973 2023 2019 m0nstrare
2065 1962 2275 2025 volens.

691 2057 746 2111 id
779 2058 923 2125 quod
949 2057 1216 2123 dicebam,
1243 2060 1385 2125 quod
1420 2072 1566 2111 mors
1588 2072 1683 2111 sua
1721 2073 1828 2110 non
1855 2056 1926 2110 sit
1954 2057 2078 2110 talis
2098 2057 2277 2126 qualis

690 2159 775 2206 est
804 2164 951 2204 mors
996 2150 1336 2214 communis,
1382 2150 1552 2204 dicit:
1602 2169 1619 2200 ε
1662 2148 1780 2215 Quo
1822 2164 1923 2218 ego
1973 2150 2129 2211 vado,
2183 2163 2277 2203 vos

693 2259 798 2297 non
829 2243 1056 2311 potestis
1094 2244 1302 2297 venire.
1348 2260 1366 2293 ι
1407 2241 1474 2295 Ει
1507 2241 1780 2295 dicendo:
1822 2262 1839 2292 ε
1873 2241 2139 2307 ριιωτειίε
2168 2254 2273 2303 me,

690 2343 745 2384 et
774 2347 880 2384 non
910 2332 1222 2393 invenietis.
1266 2349 1285 2378 ι
1329 2332 1530 2385 indicat
1563 2346 1622 2383 se
1656 2332 1735 2383 eis
1770 2331 1885 2385 fore
1926 2330 2274 2384 desiderabi-

688 2422 814 2476 lem.
848 2422 1075 2489 Quan'do
1118 2434 1296 2477 autent
1329 2422 1698 2491 quassiverunt
1742 2423 1904 2475 eum?
1928 2421 2106 2476 Lucas
2136 2422 2275 2475 dixit

687 2516 827 2583 quod
859 2514 1038 2569 multa:
1082 2515 1336 2570 mulieres
1386 2514 1637 2583 lugebant
1671 2530 1837 2583 super
1862 2530 1927 2569 eo
1950 2514 2019 2568 “.
2053 2512 2261 2568 Verisi-

688 2607 815 2660 mile
846 2617 1027 2658 autem
1069 2617 1123 2660 et
1170 2608 1293 2659 aliis
1326 2606 1509 2659 multis
1561 2607 1665 2659 hoc
1721 2606 2007 2661 evenisse:
2058 2615 2115 2659 et
2145 2605 2271 2657 dum

686 2707 975 2766 caperetur
1001 2698 1213 2762 civitas,
1253 2696 1455 2750 Christi
1506 2706 1673 2766 atque
1725 2697 2112 2750 miraculorum
2156 2697 2274 2767 ejus

690 2789 726 2842 [ι
752 2804 845 2842 ere
891 2802 1179 2852 memores,
1228 2789 1699 2858 quaesiveruntque
1740 2790 2087 2858 praesentiam
2128 2789 2269 2859 ejus.

693 2882 863 2934 Porro
892 2881 1005 2934 hzee.
1055 2881 1234 2935 omnia
1268 2882 1500 2944 dicebat,
1544 2883 1729 2937 volens
1769 2881 1890 2935 illos
1929 2882 2031 2937 sibi
2086 2883 2273 2937 conci—

687 2971 819 3024 liare
857 2980 909 3025 et
936 2973 1265 3028 demulcere.
1305 2972 1435 3025 Nam
1501 2974 1589 3027 ubi
1626 2973 1859 3027 ministri
1887 2988 2077 3027 eorum
2108 2988 2272 3028 vene-

687 3074 836 3128 runt,
870 3063 1115 3117 volentes
1164 3065 1625 3132 comprehendere
1665 3080 1811 3127 eum,
1840 3064 2077 3119 ostendit
2127 3064 2270 3133 quod

2386 594 2536 659 εἰμι·
2566 609 2585 642 ι
2631 590 2901 653 τουτέστι,
2934 587 3050 641 Κᾶν
3089 585 3352 652 διώκητε.
3395 585 3501 639 κᾶν
3533 584 3822 654 ὲλαύνητε,
3858 585 3978 651 ἐγὼ

2388 683 2506 751 μεθ’
2552 682 2704 750 ὑμῶν
2737 684 2887 751 εἰμι·
2939 682 3109 752 ῆγουν
3133 720 3150 741 ,
3186 679 3271 733 Τά
3300 678 3437 746 ὑπὲρ
3473 678 3627 747 ὑμῶν
3676 679 3979 745 οἰκονομῶ,

2386 776 2570 829 καὶτὰ
2602 774 2738 842 πρὸς
2777 776 3052 843 σωτηρίαν
3080 774 3249 840 λέγω.
3296 791 3315 823 ε
3359 772 3469 826 Καὶ
3498 772 3698 839 ὑπάγω
3721 772 3866 839 πρὸς
3883 773 3979 823 τὸν

2384 867 2678 937 πέμψαντά
2712 884 2800 937 με.
2840 885 2861 918 ε
2903 865 3174 919 Ἐνταῦθα
3208 866 3313 918 καὶ
3367 862 3592 931 ἐκφοϐεῖ
3636 864 3861 927 αὐτοὺς,
3900 863 3980 925 ὡς

2384 958 2678 1024 μέλλοντας
2719 959 2915 1027 έκεῖνῳ
2967 956 3334 1027 προσκρούειν
3366 954 3446 1022 τῷ
3476 954 3755 1023 πέμψαντι
3786 957 3974 1008 αὐτόν.

2383 1052 2443 1102 0!
2475 1049 2583 1118 γὰρ
2605 1050 2696 1102 τὸν
2730 1049 3052 1119 πεμφθέντα
3083 1047 3468 1117 ἀτιμάζοντες.
3499 1045 3725 1115 εὔδηλον
3768 1047 3854 1099 ὅτι
3900 1047 3980 1114 τῷ

2383 1142 2661 1212 πέμψαντι
2693 1141 3145 1211 προσκρούουσιν.
3183 1157 3201 1190 ι
3243 1139 3474 1207 Ὑπάγω
3504 1138 3597 1190 »δὲ
3622 1139 3821 1199 εἰπὼν.
3854 1138 3984 1210 ἔδη-

2380 1233 2517 1287 λωσε
2573 1234 2633 1286 τὸ
2670 1234 2920 1287 ἑκούσιον
2964 1232 3061 1286 τοῦ
3114 1232 3373 1286 θανάτου.
3406 1231 3682 1284 Δεικνύων
3719 1231 3804 1294 δὲ,
3830 1232 3919 1283 ὅτι
3946 1233 3979 1301 ἡ

2380 1329 2788 1399 τελευτὴαύτοῦ
2818 1331 2920 1382 οὐκ
2947 1329 3107 1383 ισται
3138 1326 3367 1398 τοιαύτη
3389 1327 3479 1379 οἶα
3500 1328 3533 1395 ἡ
3565 1326 3746 1395 κοινὴ,
3782 1324 3979 1393 φησιν,

2379 1424 2461 1476 ὃτι
2494 1442 2511 1473 ι
2554 1424 2729 1475 Ὅπου
2752 1420 2865 1489 ἐγὼ
2891 1422 3109 1489 ὑπάγω,
3142 1421 3302 1485 ὑμεῖς
3336 1420 3395 1473 οὐ
3426 1419 3653 1474 δύνασθε
3703 1418 3912 1473 ἐλθεῖν.
3955 1437 3985 1468 ν

2382 1511 2444 1564 Et
2482 1513 2591 1582 γὰρ
2620 1512 2775 1583 κοινὴ
2819 1515 2918 1566 καὶ
2968 1513 3132 1581 ὁμοία
3167 1506 3237 1581 ἦν
3265 1513 3379 1574 τοῖς
3424 1509 3643 1573 πολλοῖς
3686 1511 3720 1579 ὴ
3748 1511 3980 1579 τελευτὴ

2380 1601 2569 1663 αὐτοῦ.
2610 1603 2705 1654 καὶ
2734 1601 2961 1670 ῑμελλεν
2995 1603 3357 1671 έναπομεῖναι
3375 1601 3457 1670 τῷ
3495 1599 3735 1669 θανάτῳ,
3769 1602 3875 1654 οὐκ
3912 1602 3980 1652 ἂν

2381 1688 2556 1757 εἶπεν,
2588 1694 2673 1746 ὃτι
2712 1711 2731 1744 ε
2772 1691 2966 1763 Ὑμεῖς
2988 1692 3050 1747 ού
3078 1691 3313 1746 δύνασθε
3338 1690 3545 1744 ἐλθεῖν·
3584 1709 3603 1742 ι
3637 1692 3845 1755 πάντες
3871 1693 3981 1761 γὰρ

2379 1784 2460 1846 εἰς
2514 1784 2605 1837 τὸν
2656 1784 2836 1837 κοινὸν
2867 1784 3108 1838 θάνατον
3145 1785 3372 1853 ἄπιμενὲ
3402 1784 3585 1853 Ὅπερ
3640 1784 3737 1838 οὖν
3790 1781 3979 1848 εἶπεν,

2374 1876 2545 1941 δεῖξαι
2578 1876 2919 1945 βουλόμενος,
2949 1878 3029 1929 ’ἁτι
3058 1876 3274 1929 ὀαύτοῦ
3306 1876 3539 1939 Θάνατος
3571 1878 3675 1930 οὐκ
3710 1877 3833 1930 έστι
3858 1894 3977 1931 τοι·

2376 1966 2554 2030 οὗτος.
2587 1960 2697 2029 οἷος
2730 1968 2760 2019 ὁ
2782 1966 2980 2030 κοινὸς,
3011 1968 3201 2035 φησιν,
3237 1968 3320 2020 ὅτι
3353 1986 3372 2018 ε
3400 1968 3578 2021 Ὅπου
3606 1964 3720 2034 ἐγὼ
3750 1968 3973 2032 ὑπάγω,

2377 2057 2537 2125 ὑμεῖς
2553 2058 2615 2109 οὐ
2640 2056 3100 2132 δύνασθεέλθεῖν.
3140 2076 3159 2109 ι
3186 2059 3298 2111 Καὶ
3318 2058 3378 2112 τὸ
3406 2060 3583 2111 εἰπεῖν
3602 2059 3679 2122 δὲ,
3702 2059 3788 2111 ὅτι
3821 2076 3840 2109 ε
3869 2061 3981 2130 Ζηο

2375 2150 2573 2220 τήσετέ
2603 2166 2694 2219 με,
2724 2149 2818 2202 καὶ
2839 2149 2938 2219 οὐχ
2972 2148 3270 2217 εὑρήσετε,
3313 2166 3332 2199 ε
3366 2148 3642 2201 δείκνυσιν
3670 2150 3756 2201 ὅτι
3786 2148 3983 2201 ποθει-

2377 2242 2467 2306 νὸς
2490 2243 2675 2307 αὐτοῖς
2697 2241 2872 2296 ἔσται.
2905 2242 3040 2296 Πότε
3061 2240 3118 2294 δλ
3143 2240 3416 2311 ἐζήτησαν
3438 2241 3604 2293 αὐτόν
3625 2257 3641 2305 ;
3678 2240 3737 2295 '0
3754 2242 3979 2303 Λουκᾶς

2376 2333 2550 2401 εἶπεν,
2579 2338 2662 2389 ὅτι
2703 2354 2722 2386 ε
2764 2334 2964 2388 Πολλαὶ
3002 2336 3263 2402 γυναῖκες
3294 2332 3589 2386 ἐκόπτοντο
3609 2332 3697 2385 ἐπ’
3725 2333 3913 2402 αὐτῷ·
3952 2352 3972 2383 ι

2374 2427 2521 2490 εἰκὸς
2546 2427 2602 2481 δὲ
2637 2429 2733 2480 καὶ
2784 2426 2981 2488 ἄλλους
3028 2426 3260 2488 πολλοὺς
3311 2425 3471 2480 τοῦτο
3524 2427 3779 2494 πάσχειν,
3833 2425 3978 2477 ἀλλά

2376 2522 2470 2573 καὶ
2507 2519 2608 2589 τῆς
2640 2520 2851 2583 πόλεως
2900 2518 3290 2589 ἁλισκομένης,
3341 2518 3659 2587 μεμνῆσθαι
3697 2516 3796 2569 τοῦ
3834 2518 3975 2586 Χρι-

2377 2614 2508 2667 στοῦ
2539 2614 2633 2667 καὶ
2664 2613 2773 2667 τῶν
2804 2612 3100 2683 θαυμάτων
3129 2611 3297 2665 αὑτοῦ
3320 2651 3336 2675 ,
3367 2612 3462 2664 καὶ
3511 2611 3612 2678 τὴν
3659 2616 3977 2681 παρουσίαν

2384 2708 2568 2773 ζητεῖν
2605 2706 2705 2774 τὴν
2728 2704 2918 2759 αὐτοῦ.
2962 2702 3153 2758 Ταῦτα
3178 2702 3236 2756 δὶ
3270 2703 3451 2756 πάντα
3493 2701 3701 2770 ῐλεγεν,
3738 2703 3980 2772 ἐφελκύ-

2376 2798 2578 2849 σασθαι
2625 2797 2826 2858 αὐτοὺς
2858 2796 2952 2849 καὶ
2998 2794 3365 2863 κατακάμψαι
3416 2794 3761 2864 βουλόμενος.
3818 2797 3979 2849 Ἐπεὶ

2373 2890 2485 2960 γὰρ
2518 2890 2568 2943 οῑ
2603 2888 2873 2961 ὑπηρέται
2899 2883 3089 2957 ἦλθον,
3117 2885 3405 2940 συλλαϐεῖν
3430 2886 3595 2940 αὑτὸν
3627 2886 3976 2956 βουλόμενοι,

2373 2982 2666 3045 δείκνυσιν,
2689 2979 2766 3043 ὼς
2797 2976 2905 3032 οἶδε
2928 2979 3027 3048 τῆς
3053 2978 3294 3047 ἀφίξεως
3321 2974 3503 3031 αὐτῶν
3522 2976 3624 3049 την
3645 2978 3851 3040 αἰτίαν,
3881 2981 3977 3031 καὶ

2373 3076 2456 3128 ὅτι
2488 3072 2749 3143 φονεῦσαι
2772 3073 2936 3125 αὑτὸν
2983 3071 3290 3141 βούλονται.
3328 3072 3422 3125 Διὸ
3473 3071 3733 3142 προλέγει
3785 3072 3979 3135 αὐτοῖς

688 3156 825 3207 sciat
855 3168 1073 3208 causam
1109 3155 1461 3223 profectionis
1494 3155 1731 3220 illorum,
1774 3167 1830 3210 ct
1882 3157 2025 3225 quod
2068 3156 2270 3212 vellent

2376 3168 2463 3221 τὸν
2496 3166 2692 3220 ἑαυτοῦ
2728 3164 2992 3227 θάνατον,
3040 3164 3124 3218 ὅτι
3163 3163 3363 3233 μικρὸν
3390 3208 3403 3227 ,
3442 3165 3538 3217 καὶ
3593 3164 3799 3231 ὑπάγει
3834 3165 3977 3234 πρὸς

688 3245 863 3313 ipsnm
893 3248 1164 3301 occidere.
1228 3247 1373 3301 Idem
1418 3250 1662 3317 praedicit
1703 3249 1783 3304 eis
1827 3257 2053 3304 mortem
2093 3267 2269 3318 suam,

685 3337 827 3405 quod
888 3353 1109 3404 parvum
1166 3347 1375 3409 tempus
1432 3341 1522 3402 sit,
1584 3348 1638 3394 et
1674 3342 1831 3396 vadat
1892 3343 1957 3395 ad
2013 3342 2268 3409 Putrem;

690 3429 985 3494 prmdicere
1042 3440 1222 3485 autem
1286 3441 1540 3493 mortem,
1596 3447 1848 3500 maguum
1904 3443 2007 3498 est,
2063 3445 2116 3490 et
2164 3449 2270 3491 non

685 3523 998 3574 humanum.
1031 3522 1232 3577 Idcirco
1253 3533 1306 3576 et
1338 3522 1501 3575 David
1527 3525 1657 3578 dicit
1685 3544 1696 3577 :
1724 3544 1743 3573 ε
1769 3524 1965 3579 Notum
2006 3526 2093 3582 fac
2117 3528 2269 3593 mihi,

688 3610 934 3672 Domine.
967 3614 1127 3667 ﬁnem
1164 3629 1341 3667 meum
1367 3614 1433 3667 ⁸⁸.
1490 3634 1509 3666 ε
1542 3614 1801 3670 Dicebant
1847 3628 2025 3671 autent
2056 3618 2224 3673 Judzci
2254 3640 2268 3675 :

690 3724 708 3754 ε
752 3702 887 3759 Num
942 3707 992 3758 in
1050 3707 1446 3776 dispersionem
1492 3708 1734 3777 gentium
1787 3710 2038 3766 abiturus
2085 3712 2208 3767 est?
2248 3733 2265 3765 ι

684 3793 820 3849 Vide
852 3797 1125 3865 qumnodo
1153 3799 1397 3851 eveneri:
1434 3799 1535 3863 eis,
1563 3808 1618 3852 et
1648 3798 1911 3853 confracti
1946 3801 2055 3854 sint
2098 3804 2165 3856 ad
2204 3817 2269 3857 ea

684 3903 804 3956 qure
836 3888 903 3941 ab
936 3888 1025 3942 illo
1052 3889 1373 3943 dicebantur
1400 3909 1413 3942 :
1458 3892 1507 3942 id
1555 3892 1699 3960 quod
1732 3891 2076 3946 manifestum
2104 3909 2170 3949 ex
2206 3910 2270 3949 eo

685 3982 828 4047 quod
884 3982 1317 4050 interrogabant,
1379 4000 1397 4033 ι
1462 3981 1713 4053 Nunquid
1769 3984 1823 4038 in
1877 3985 2267 4055 dispersionem

684 4073 925 4139 gentium
962 4074 1209 4127 abiturus
1239 4075 1369 4128 est?
1404 4094 1421 4125 ι
1475 4073 1610 4128 Nam
1659 4076 1761 4129 nisi
1800 4079 1900 4131 Itoc
1931 4088 2069 4139 erat,
2104 4079 2265 4149 611

682 4163 947 4217 dixissent
969 4167 1185 4233 utique:
1219 4164 1379 4221 Visne
1397 4168 1588 4223 abire?
1634 4169 1743 4223 Nos
1774 4171 1872 4223 hoc
1889 4173 2267 4238 precabantur,

686 4259 785 4310 hoc
818 4257 973 4311 nobis
991 4267 1203 4327 gratum
1233 4260 1357 4312 erit.
1383 4259 1534 4315 Nunc
1562 4271 1741 4315 autem
1772 4263 1905 4316 nihil
1930 4263 2034 4318 tale
2058 4265 2264 4326 dicunt,

684 4351 779 4404 sed
840 4351 991 4417 quasi
1048 4350 1292 4404 dolentes
1347 4366 1412 4402 ne
1454 4353 1545 4404 illo
1593 4353 1969 4420 privarentur,
2020 4366 2270 4425 qnmrnnt

681 4456 789 4508 quo
820 4442 889 4493 sit
924 4442 1193 4496 abiturus.
1238 4440 1585 4497 Manifestum
1638 4445 1800 4499 etiam
1855 4448 1957 4501 hoc
2008 4448 2138 4515 quia
2179 4448 2267 4501 di-

2373 3262 2465 3315 τὸν
2489 3259 2732 3330 Πατέρα.
2760 3260 2870 3312 Καὶ
2903 3257 2967 3310 τὸ
2992 3260 3280 3328 προειπεῖν
3313 3256 3371 3309 δὲ
3407 3256 3500 3309 τὸν
3527 3257 3784 3321 θάνατον,
3822 3259 3975 3326 μέγα

2377 3356 2469 3408 καὶ
2512 3353 2615 3407 οὐκ
2671 3350 3041 3421 ἀνθρώπινον.
3097 3351 3193 3403 Διὸ
3238 3350 3381 3403 καὶό
3416 3350 3601 3413 Δαυῖδ,
3639 3370 3657 3401 ι
3690 3351 3974 3422 Γνώρισόν

2376 3462 2490 3514 μοι,
2525 3444 2685 3512 φησὶ,
2736 3440 2933 3510 Κύριε,
2980 3440 3043 3493 τὸ
3083 3440 3262 3506 πέρας
3309 3457 3436 3509 μου.
3481 3459 3501 3490 ι
3543 3441 3775 3509 Ἔλεγον
3828 3444 3892 3495 δὲ
3920 3444 3970 3495 0!

2386 3533 2630 3586 Ἰουδαῖοι
2656 3547 2670 3561 ⁸
2708 3548 2728 3582 ε
2788 3529 2881 3601 Μὴ
2933 3532 3014 3593 εἰς
3059 3528 3161 3601 την
3212 3530 3519 3601 διασπορὰν
3546 3531 3654 3585 τιἈν
3692 3532 3976 3602 Ἑλλήνων

2376 3625 2559 3693 μέλλει
2585 3623 2920 3695 ἀπέρχεσθαι
2945 3639 2960 3686 ;
2986 3641 3005 3673 ε
3033 3622 3178 3689 Ὅρα
3205 3621 3323 3685 πῶς
3352 3622 3559 3676 ἔπαθόν
3587 3640 3665 3689 τι,
3697 3627 3797 3677 καὶ
3834 3642 3976 3679 χατ-

2373 3717 2721 3785 εκλάσθησαν
2778 3717 2915 3786 πρὸς
2953 3715 3020 3768 τά
3050 3714 3316 3784 λεχθέντα
3355 3717 3449 3769 ὑπ’
3474 3717 3645 3771 αὑτοῦ
3672 3731 3688 3748 ’
3719 3718 3884 3785 δῆλον
3915 3723 3975 3771 δὲ

2374 3811 2483 3863 ἀπὸ
2512 3810 2605 3862 τοῦ
2632 3811 2872 3880 ἐρωτᾷν·
2912 3828 2929 3859 ι
2965 3809 3055 3878 Μὴ
3086 3809 3167 3872 εἰς
3183 3807 3283 3877 τὴν
3309 3809 3613 3880 διασπορὰν
3634 3811 3747 3862 τῶν
3777 3810 3945 3881 Ἕλλη

2373 3920 2482 3955 νων
2515 3901 2698 3971 μέλλει
2730 3900 3104 3969 πορεύεσθαιις
3137 3920 3156 3952 ι
3191 3899 3253 3953 Εἰ
3274 3902 3383 3970 γὰρ
3412 3902 3472 3954 οὐ
3503 3902 3661 3955 τοῦτο
3689 3897 3782 3970 ἦν,
3813 3900 3977 3956 εἷπον

2370 3997 2456 4051 ἄν·
2497 3996 2685 4048 Βούλει
2720 3994 3013 4061 άπελθεῖν;
3064 3994 3257 4063 Ἡμεῖς
3287 3993 3449 4046 τοῦτο
3476 3993 3773 4064 εὐχόμεθα,
3809 3995 3977 4049 τοῦτο

2371 4087 2758 4157 άσμενίζομεν.
2823 4085 2936 4137 Νῦν
2994 4085 3051 4137 δὲ
3100 4086 3256 4138 οὐδὲν
3315 4085 3581 4149 τοιοῦτον,
3627 4086 3745 4140 ἀλλ’
3777 4087 3974 4156 ὥσπερ

2371 4176 2716 4247 ἀγωνιῶντες
2736 4177 2813 4247 μὴ
2843 4176 3187 4247 στερηθῶσιν
3213 4176 3403 4242 αὑτοῦ,
3432 4176 3679 4246 ζητοῦσι,
3703 4176 3811 4230 ποῦ
3844 4179 3973 4247 μέλα

2372 4270 2453 4323 λει
2492 4268 2769 4322 ἀπελθεῖν.
2816 4266 2974 4336 δῆλον
3013 4268 3068 4320 δὲ
3102 4267 3265 4320 τοῦτο
3322 4268 3419 4320 καὶ
3474 4268 3585 4321 ἀπὸ
3630 4269 3726 4321 τοῦ
3766 4272 3970 4334 εἰπεῖν,

2370 4363 2452 4414 ὅτι
2489 4362 2582 4424 Εἰς
2620 4361 2748 4423 τοὺς
2780 4360 3053 4430 Ἕλληνας
3098 4360 3283 4430 μέλλει
3337 4361 3690 4431 πορεύεσθαι,
3743 4364 3840 4415 καὶ
3892 4364 3971 4417 δι-

2370 4456 2592 4508 δάσκειν
2654 4452 2874 4515 αὐτούς.
2906 4454 2983 4505 Οὐ
3038 4456 3148 4525 γὰρ
3173 4448 3352 4518 εἷπον,
3397 4454 3481 4507 ὃτι
3515 4454 3718 4508 Μέλλει
3758 4457 3973 4526 πλανᾷ)

682 4542 832 4594 cunt,
864 4532 1125 4586 Abiturus
1158 4544 1239 4584 est
1264 4536 1327 4585 ad
1363 4546 1571 4601 gentes,
1607 4544 1661 4589 et
1708 4538 1967 4590 docturus
2000 4554 2116 4592 eas.
2144 4538 2263 4591 Non

2376 4546 2591 4610 αὐτοὺς,
2628 4544 2787 4606 ἀλλὰ,
2822 4564 2840 4595 ι
2879 4543 3185 4597 Διδάσκειν.
3231 4563 3250 4595 ε
3300 4544 3618 4613 Διασπορὰν
3648 4544 3707 4597 δὲ
3737 4544 3971 4596 ἐκάλουν

681 4624 824 4677 enim
856 4624 1130 4685 dixerunt,
1173 4623 1507 4679 Seducturus
1537 4628 1678 4691 illas,
1705 4629 1799 4681 sed
1854 4629 2142 4683 Docturus.
2178 4629 2268 4683 Di-

678 4715 1013 4781 spersionem
1044 4731 1170 4770 vero
1197 4719 1742 4789 vocabant'gentiles,
1768 4722 2027 4792 utpoteﬁn
2052 4738 2267 4777 omnem

682 4808 859 4863 locum
896 4810 1188 4880 dispersos.
1234 4812 1401 4868 Judzei
1454 4817 1597 4870 enim
1643 4817 1771 4871 olim
1814 4816 1921 4872 illis
1970 4834 2075 4873 non
2122 4835 2272 4873 com-

681 4904 1071 4967 tuisccbautur,
1114 4906 1209 4959 sed
1237 4922 1343 4960 uno
1375 4907 1494 4962 loco
1520 4909 1826 4965 Palaestina:
1861 4912 2037 4966 coacti
2074 4927 2269 4982 oppro-

682 4992 917 5045 brabant
954 4995 1246 5063 gentilibus
1282 5004 1339 5049 ut
1366 5013 1690 5069 quocunque
1721 5003 2004 5071 dispersis,
2039 5003 2091 5056 id
2122 5002 2269 5071 quod

678 5092 867 5153 postea
905 5085 956 5137 in
994 5085 1112 5140 illos
1140 5101 1356 5141 versum
1389 5098 1496 5143 est.
1547 5090 1651 5159 Ipsi
1687 5093 1831 5147 enim
1882 5091 2095 5148 Hebraai
2139 5094 2268 5149 facti

676 5187 801 5230 Sttnl
828 5177 1117 5245 dispersio.

748 5269 917 5332 νεεδ,
949 5270 1038 5337 57,
1074 5272 1164 5325 58.
1205 5291 1223 5323 ι
1272 5272 1326 5326 In
1372 5274 1669 5329 novissimo
1714 5286 1893 5332 autem
1952 5278 2037 5332 die
2068 5295 2266 5350 magno

675 5361 793 5416 festi
832 5365 1009 5417 stabat
1041 5364 1222 5430 .Icsus,
1252 5376 1303 5420 et
1329 5366 1625 5432 clamabat,
1658 5368 1847 5424 dicens
1887 5389 1898 5424 :
1945 5371 1999 5424 Si
2045 5372 2166 5442 quis
2193 5376 2264 5428 si-

678 5456 759 5517 tit,
794 5457 975 5509 venizit
1018 5458 1083 5509 ad
1116 5472 1221 5521 me,
1258 5468 1310 5510 ct
1346 5460 1514 5513 bibat.
1554 5461 1653 5526 Qui
1680 5462 1855 5515 credit
1895 5462 1946 5515 in
1982 5480 2086 5530 me,
2122 5466 2264 5520 sicut

676 5547 743 5596 di.
767 5545 803 5597 it
827 5547 1130 5610 Scriptura,
1170 5548 1390 5600 IItllllIttzt
1426 5550 1492 5602 de
1526 5561 1715 5605 ventre
1765 5552 1883 5621 ejus
1912 5553 2079 5609 fluent
2110 5572 2261 5625 aqua!

676 5639 828 5692 \IV'J‘.
876 5657 892 5687 ι
940 5638 1177 5692 Primum
1234 5641 1373 5694 diem
1426 5641 1571 5707 festi,
1610 5654 1662 5697 et
1718 5646 2074 5703 novissimum
2118 5649 2260 5706 hunc

756 5824 796 5853 "
838 5824 964 5882 Luc.
1004 5842 1158 5887 χχιιι,
1195 5828 1283 5883 ⁵27.
1367 5830 1409 5859 ⁸⁷
1446 5830 1585 5886 l'sul.
1643 5848 1949 5893 Μηίων.

2366 4640 2493 4701 τοὺς
2524 4638 2795 4699 ἑθνικοὺς.
2823 4636 2899 4697 ὡς
2928 4640 2987 4690 ὲν
3006 4639 3173 4689 παντὶ
3196 4637 3348 4706 τόπῳ
3372 4638 3837 4708 διεσπαρμένους.
3862 4640 3969 4692 At!»

2367 4732 2479 4793 τοῖς
2510 4728 2620 4799 γὰρ
2644 4730 2694 4781 οι
2733 4728 2979 4781 Ἰουδαῖοι
3007 4727 3068 4780 τὸ
3101 4728 3330 4781 παλαιὸν
3359 4727 3462 4781 οὐκ
3492 4728 3817 4797 ἐμίγνυντο,
3852 4730 3971 4781 ἀλλ’

2370 4828 2428 4878 ὲν
2459 4824 2539 4877 ἑνὶ
2564 4826 2739 4893 τόπῳ,
2772 4826 2840 4895 τῇ
2878 4822 3216 4894 Παλαιστίνη
3268 4822 3627 4891 συνηγμένοι,
3682 4821 3972 4882 ὠνείδιζον

2368 4917 2493 4979 τοὺς
2534 4914 2807 4978 ἐθνικοὺς,
2856 4916 2932 4979 ὼς
2980 4914 3259 4984 πανταχοῦ
3310 4913 3790 4983 διεσπαρμένους·
3830 4914 3974 4983 ὅπερ

2367 5011 2445 5073 εἰς
2476 5010 2675 5073 αὐτοὺς
2710 5008 3062 5078 περιετράπη
3098 5008 3328 5081 ὕστερον
3352 5023 3367 5038 ο
3398 5006 3669 5078 διασπορὰ
3695 5006 3807 5077 γὰρ
3828 5008 3971 5078 μᾶλ-

2366 5102 2457 5156 λον
2496 5102 2654 5155 αὐτοὶ
2683 5104 2732 5156 οἱ
2781 5100 3024 5172 Ἑϐραῖοι
3074 5094 3388 5170 γεγόνασιν.

2453 5297 2471 5330 ι
2525 5280 2614 5332 Ἐν
2642 5278 2698 5332 δὲ
2734 5282 2799 5349 τῇ
2829 5277 3034 5349 ἐσχάτῃ
3063 5275 3246 5348 ἡμέρᾳ
3275 5278 3341 5347 τῇ
3370 5276 3583 5347 μεγάλῃ
3608 5275 3710 5344 τῆς
3747 5277 3995 5346 {apti-5.”

2377 5373 2621 5441 εἱστήκει
2678 5373 2706 5423 ὁ
2775 5370 3018 5441 Ἰησοῦς,
3070 5372 3163 5424 καὶ
3217 5367 3421 5440 ἔκραζε
3462 5368 3669 5437 λέγων·
3721 5369 3851 5421 Ἐάν
3886 5387 3970 5431 τις

2372 5466 2519 5537 διψᾷ,
2557 5463 2803 5535 ἐρχέσθω
2842 5464 2974 5532 πρός
3035 5481 3125 5534 με,
3158 5463 3254 5515 καὶ
3300 5462 3523 5517 πινέτω.
3583 5461 3643 5515 '0
3691 5464 3969 5515 πιστεύω)

2374 5560 2454 5621 εἰς
2494 5559 2615 5628 ἐμὲ,
2648 5556 2831 5619 καθὼς
2875 5550 3030 5609 εἶπεν
3059 5558 3093 5626 ἡ
3136 5555 3367 5626 Γραφὴ,
3403 5554 3645 5625 ποταμοὶ
3675 5553 3969 5624 ῥεύσουσιν

2376 5652 2439 5704 ὲκ
2469 5652 2567 5720 τῆς
2603 5651 2811 5715 κοιλίας
2845 5649 3012 5705 αὐτοῦ
3048 5649 3238 5713 ὕδατος
3272 5648 3499 5714 ζῶντος.
3540 5667 3558 5702 ι
3597 5646 3713 5719 Τὴν
3742 5647 3968 5719 πρώτην
