4218 6424
718 383 858 452 1343

1605 386 2176 448 THEOPHYLACTJ
2220 387 2632 449 BUI.GARI}E
2675 389 3028 449 ARCHIEP:

3835 382 3982 446 13H

707 506 799 558 sed
830 513 946 558 erat
980 501 1152 555 danda
1186 517 1198 553 :
1233 510 1455 570 propter
1507 502 1628 560 hoc,
1684 502 1877 569 inquit.
1923 503 2048 570 quia
2082 520 2104 551 ι
2139 499 2282 553 Non-

2401 504 2469 554 5τι
2505 521 2522 552 ι
2563 489 2787 554 Οὐδέπω
2816 497 2884 569 ἦν
2917 499 3143 567 Πνεῦμα
3175 498 3352 565 ἆγιον,
3398 517 3416 547 ι
3456 495 3767 559 τουτέστιν,
3807 496 3992 561 ξυμπο-

709 595 1007 648 dumdatus
1036 603 1155 648 erat
1175 593 1413 662 Spiritus
1431 601 1675 655 sanctus,
1704 613 1721 644 ι
1760 595 1856 646 Ιιοιτ
1889 605 1992 658 est,
2027 610 2130 646 non
2160 611 2284 647 ver-

707 684 929 743 sabatur
962 684 1014 736 in
1064 683 1284 746 Jutlmis,
1336 698 1434 737 nec
1466 684 1758 751 apparebat
1793 698 1886 750 per
1919 686 2283 752 Operatiomes.

706 773 949 840 Apostoli
995 782 1174 826 autem
1230 786 1333 824 non
1379 770 1622 840 Spiritu,
1655 773 1748 827 sed
1783 772 1834 826 in
1879 784 2143 843 potestate
2181 779 2281 832 Do-

709 864 842 918 mini
897 864 1154 917 miraeula
1207 862 1498 918 faciebant.
1545 865 1682 920 Audi
1738 868 1882 940 enim
1938 869 2284 937 Evangelium

706 957 836 1026 qu..l
863 957 1025 1020 dicat,
1069 956 1195 1024 quia
1228 956 1489 1013 Missurus
1513 958 1636 1015 illos
1659 959 1804 1014 dedit
1831 960 1911 1015 eis
1941 970 2283 1028 potestatem,

708 1049 801 1101 sed
848 1063 951 1102 non
1001 1048 1266 1116 Spiritum
1319 1062 1567 1106 sanctum
1601 1070 1616 1107 :
1649 1062 1811 1123 atque
1841 1068 2178 1123 quaecunque
2213 1056 2288 1107 ra-

707 1139 923 1193 ciebant
951 1141 1231 1206 miracula,
1267 1158 1372 1196 non
1405 1144 1634 1212 Spiritu,
1681 1145 1775 1200 sed
1810 1154 2078 1215 potestate
2106 1138 2161 1201 et.
2193 1161 2290 1199 no-

707 1231 855 1285 mine
905 1231 1113 1286 Domini
1162 1232 1512 1290 faciebant“.
1565 1237 1695 1291 Nam
1731 1254 1856 1292 eum
1895 1249 2291 1294 resurrextssct

709 1337 739 1376 e
783 1324 1056 1391 sepulcro,
1112 1335 1241 1384 tunc
1292 1327 1430 1382 dixit
1468 1328 1548 1382 eis
1589 1346 1603 1381 :
1664 1348 1683 1381 ι
1719 1329 1964 1398 Accipite
2026 1330 2286 1398 Spiritum

709 1416 1042 1469 sanctum".
1083 1434 1103 1469 ι
1136 1417 1204 1470 Ει
1231 1419 1284 1470 in
1319 1418 1638 1475 Pentecoste
1665 1423 1813 1476 venit
1845 1437 2009 1490 super
2041 1439 2135 1477 eos
2163 1423 2286 1491 Spi-

708 1505 848 1559 ritus
874 1514 1094 1562 sanctus
1115 1508 1180 1561 ⁶⁸.
1215 1507 1281 1561 Ει
1306 1509 1462 1564 aliter
1489 1527 1503 1564 :
1539 1512 1667 1566 Erat
1698 1523 1752 1568 et
1779 1514 1830 1566 in
1855 1515 2132 1584 prophetis
2164 1515 2286 1581 Spi-

707 1595 848 1648 ritus
875 1598 1072 1663 virtus,
1097 1608 1151 1652 et
1199 1599 1252 1654 in
1300 1602 1558 1668 apostolis
1600 1613 1724 1657 ante
1757 1619 1974 1658 erucem
2012 1623 2025 1658 :
2059 1607 2151 1659 sed
2184 1622 2287 1660 non

708 1686 787 1740 sic
818 1698 874 1742 ut
906 1699 1030 1757 post
1072 1694 1518 1760 assumptionem,
1559 1695 1741 1763 largus
1775 1695 1982 1749 scilicet
2012 1711 2075 1750 ac
2103 1697 2290 1765 copio-

709 1791 824 1841 sus,
853 1778 924 1831 ita
951 1787 1008 1832 ut
1036 1779 1348 1838 (luminibus
1370 1787 1676 1853 comparari
1711 1786 1980 1841 debuerit.
2011 1786 2187 1856 Atque
2216 1789 2286 1841 ita

710 1867 906 1920 merito
937 1870 1266 1939 evangelista
1302 1873 1439 1927 dixit
1485 1875 1628 1944 quod
1677 1877 1913 1930 nondum
1943 1877 2104 1932 fuerit
2129 1879 2291 1935 datus

708 1956 941 2025 Spiritus
982 1972 1224 2026 sanctus,
1275 1967 1376 2020 hoe
1431 1975 1513 2021 est
1553 1969 1788 2022 nondum
1826 1971 1897 2022 ita
1948 1969 2171 2039 largiter
2207 1972 2292 2026 ef-

709 2049 863 2104 fusus
891 2053 1032 2106 sicut
1064 2064 1248 2122 postea
1281 2073 1295 2107 :
1327 2061 1453 2126 quia
1490 2070 1544 2114 et
1577 2070 1703 2114 ante
1741 2053 1958 2116 erucem
1990 2073 2109 2117 erat
2135 2066 2293 2120 datus

708 2142 949 2210 quidem,
988 2146 1080 2199 sed
1112 2161 1217 2201 non
1256 2156 1364 2202 tam
1412 2152 1616 2220 largus.
1655 2151 1902 2207 Nondum
1939 2157 2082 2210 enim
2135 2157 2293 2211 Jesus

709 2235 1046 2303 gloriﬁcatus
1095 2249 1235 2302 erat,
1285 2241 1509 2308 gloriam
1561 2246 1660 2298 hoc
1717 2245 1835 2311 loco
1865 2262 2079 2301 crucem
2118 2249 2293 2301 nunti-

710 2337 878 2383 nanle
909 2331 1265 2398 evangelista.
1311 2332 1413 2386 Per
1447 2350 1662 2390 crucem
1697 2338 1840 2390 enim
1873 2336 2066 2404 deiecit
2107 2347 2292 2410 tyran-

710 2435 861 2484 num,
895 2429 949 2475 et
993 2425 1258 2491 regnavit.
1329 2424 1574 2480 Nondum
1632 2428 1794 2498 igitur
1848 2444 2009 2483 cruce
2054 2430 2290 2494 firmata,

709 2525 886 2578 neque
929 2521 1154 2580 peccato
1211 2514 1444 2579 abolito,
1505 2532 1681 2584 neque
1743 2529 1935 2573 natura
1996 2528 2180 2574 nostra
2241 2521 2294 2574 in

712 2602 934 2657 Christo
978 2606 1202 2659 victrice
1251 2609 1458 2672 mundi,
1508 2619 1562 2661 et
1594 2610 1882 2663 conciliata
1940 2609 2068 2675 Deo,
2106 2614 2298 2668 merito

713 2708 820 2746 non
873 2693 1056 2748 datum
1107 2695 1276 2751 fuisse
1327 2698 1532 2767 largum
1577 2700 1814 2767 Spiritus
1846 2701 2045 2755 donum
2076 2705 2293 2759 dicitur.

712 2782 1009 2851 Oportebat
1035 2787 1180 2839 enim
1206 2802 1307 2841 nos
1334 2789 1483 2857 prius
1518 2792 1630 2842 lieri
1669 2791 1871 2843 amicos
1921 2790 2036 2854 Dei,
2073 2793 2124 2845 id
2157 2795 2296 2860 quod

711 2894 810 2947 per
835 2896 1050 2934 crucem
1077 2895 1513 2937 consummatum
1543 2895 1643 2939 est.
1675 2886 1900 2954 Insuper
1926 2887 2003 2940 sic
2031 2888 2299 2952 ﬂt‘t'ipit'll-

715 2972 841 3022 dum
888 2972 1087 3025 donum
1129 2975 1219 3028 Dei
1264 2974 1405 3027 sicut
1443 2987 1491 3030 et
1526 2977 1880 3030 mundanum.
1917 2977 2153 3030 Primum
2205 2979 2298 3031 ali-

713 3061 837 3129 quis
888 3063 946 3115 lit
989 3066 1200 3119 amicus
1252 3068 1414 3136 regis,
1445 3068 1642 3121 deinde
1685 3071 1881 3137 accipit
1917 3072 2075 3124 dona.
2114 3071 2296 3125 Gratia

713 3151 845 3215 Deo,
871 3157 959 3224 qui
989 3164 1193 3209 tantum
1221 3159 1372 3212 nobis
1397 3159 1622 3226 largitus
1650 3172 1732 3214 est
1755 3161 2098 3227 beneﬁcium,
2130 3178 2300 3230 qnan-
2327 3192 2370 3248 ε

715 3255 828 3300 tum
877 3263 1048 3317 neque
1089 3251 1390 3319 prophetis.
1430 3252 1561 3306 Nam
1599 3254 1875 3323 prophetae
1902 3256 2129 3322 gratiam
2176 3255 2297 3322 qui-

713 3338 838 3392 dem
893 3340 1162 3396 habebant
1212 3342 1464 3412 Spiritus,
1497 3347 1590 3399 sed
1625 3345 1743 3400 aliis
1797 3359 1899 3399 non
1939 3347 2296 3402 exhibebant.

711 3431 878 3502 613
910 3433 1150 3502 Apostoli
1180 3451 1306 3490 vero
1341 3437 1655 3492 innmneros
1687 3438 2067 3508 impleverunt.

800 3693 962 3749 Vens.
993 3696 1186 3750 ιο-ιδ.
1212 3716 1231 3749 ι
1261 3696 1412 3752 Multi
1449 3713 1579 3770 ergo
1600 3700 1665 3755 de
1689 3702 1842 3757 turba
1873 3717 1996 3756 cum
2023 3703 2304 3759 audissent

721 3789 868 3843 hunc
905 3804 1231 3853 scrnmuem,
1267 3791 1518 3852 dicebant
1550 3782 1564 3846 ἐ
1601 3792 1698 3847 llic
1733 3803 1815 3847 est
1843 3782 1969 3848 vere
2016 3798 2300 3864 prepbeta,

722 3881 827 3934 Alii
864 3883 1115 3936 dicebant
1146 3902 1158 3935 :
1192 3883 1290 3936 llic
1320 3894 1402 3938 est
1431 3885 1705 3941 Christus.
1741 3887 2189 3953 Quidam‘autem
2221 3893 2303 3946 di.

719 3974 957 4028 cebant:
1002 3973 1200 4029 Numa
1228 3977 1451 4031 Galilaza
1524 3980 1704 4034 veniet
1772 3980 2058 4036 Christus?
2116 3982 2302 4038 Nonne

717 4065 998 4134 Scriptura
1045 4069 1178 4121 dicit
1229 4072 1366 4136 quod
1421 4087 1485 4123 ex
1519 4051 1725 4125 semine
1764 4073 1952 4137 David,
1998 4083 2052 4128 et
2093 4077 2156 4129 de
2200 4075 2304 4128 Be-

719 4158 896 4210 theem
952 4159 1195 4221 castello,
1251 4160 1338 4212 ubi
1385 4171 1501 4213 erat
1541 4159 1730 4224 David,
1788 4163 1968 4217 veniet
2016 4164 2306 4219 Christus?

717 4249 995 4305 Dissensio
1048 4252 1228 4320 itaque
1271 4264 1388 4305 orta
1430 4263 1513 4306 est
1547 4255 1597 4306 in
1635 4256 1790 4308 turba
1832 4264 2056 4324 propter
2093 4273 2238 4312 eum.
2281 4277 2298 4306 ι

720 4343 1018 4398 Verborum
1046 4345 1296 4399 libertate
1329 4347 1526 4411 placati
1562 4348 1778 4415 quidam
1811 4350 1874 4400 de
1903 4349 2080 4414 turba,
2109 4365 2216 4404 non
2240 4364 2301 4403 ex

717 4432 1051 4501 principibus
1081 4435 1227 4501 (nam
1257 4435 1526 4501 principes
1549 4451 1767 4503 semper
1798 4447 2017 4505 propter
2042 4439 2300 4492 invidiam

2389 595 2734 662 λιτευόμενον
2765 594 2877 654 τοῖς
2939 590 3237 653 Ἰουδαίοις,
3283 590 3376 641 καὶ
3425 588 3859 657 ἐπιφαινόμενον
3900 586 3996 638 διὰ.

2387 689 2495 739 τῶν
2537 685 2847 754 ἐνεργειῶν.
2887 685 2950 737 Οἱ
3000 684 3057 736 δέ
3088 701 3151 750 γε
3209 682 3522 743 ἀπόστολοι,
3575 682 3676 733 οὐκ
3714 681 3774 732 ὲν
3810 679 3993 732 Ilvati-

2393 795 2545 846 ματι,
2581 777 2694 828 ἀλλ’
2743 779 2802 827 ὲν
2842 777 2907 844 τῇ
2965 772 3059 826 τοῦ
3109 772 3315 840 Κυρίου
3355 769 3577 840 ἐξουσίᾳ
3622 770 3691 822 τὰ
3727 768 3996 838 Θαύματα

2391 871 2626 923 ἐτέλουν.
2664 869 2868 920 Ἀκουε
2895 865 3005 936 γὰρ
3045 867 3139 918 καὶ
3181 864 3280 918 τοῦ
3318 862 3678 930 Εὗαγγελίου,
3704 862 3759 914 τί
3796 878 3993 929 φησιν,

2387 961 2469 1012 ὃτι
2504 977 2522 1009 ‹
2560 957 2788 1011 Μέλλων
2822 956 3020 1017 αὐτοὺς
3051 956 3316 1022 πέμπειν,
3355 954 3557 1006 ἔδωκεν
3589 951 3781 1012 αὐτοῖς
3833 949 3996 1015 ἔξω-

2391 1051 2532 1110 σίαν,
2571 1068 2589 1100 ι
2624 1048 2738 1102 ἀλλ’
2795 1049 2857 1101 οὐ
2911 1047 3139 1114 Πνεῦμα
3194 1047 3371 1112 ἅγιον.
3414 1046 3578 1097 Ὥστε
3625 1045 3727 1097 ὅσα
3762 1042 3997 1095 ἐποίουν

2391 1141 2695 1211 θαυμάσια,
2750 1141 2812 1194 οὐ
2848 1140 3153 1209 Πνεύματι,
3206 1138 3320 1190 ἀλλ’
3355 1136 3578 1208 ἐξουσίᾳ
3607 1140 3706 1189 καὶ
3755 1135 3997 1203 ὀνόματι

2391 1237 2599 1306 Κυρίου
2630 1235 2869 1290 ἐποίουν.
2918 1235 3050 1287 Ὅτε
3100 1234 3282 1301 μέντοι
3337 1231 3603 1301 ἐξανέστη
3637 1229 3734 1282 τοῦ
3784 1231 3996 1296 τάφου,

2390 1329 2513 1382 τότε
2558 1325 2711 1381 εἶπεν
2760 1327 2982 1389 αὐτοῖς·
3023 1344 3041 1376 ι
3081 1324 3290 1378 Λάϐετε
3342 1323 3569 1392 Πνεῦμα
3603 1321 3798 1390 ἅγιον
3840 1340 3858 1372 ι
3899 1323 4000 1374 καὶ

2392 1422 2450 1472 ὲν
2494 1424 2561 1490 τῇ
2608 1421 2956 1487 Πεντηκοστῇ
3002 1413 3167 1487 ἦλθεν
3216 1417 3305 1468 ἐπ’
3335 1415 3538 1477 αὐτοὺς
3573 1412 3630 1466 τδ
3660 1411 3898 1479 Πνεῦμα
3934 1412 4004 1463 τὸ

2394 1514 2568 1581 ἅγιον.
2611 1512 2822 1574 Ἀλλως
2851 1529 2932 1574 τε,
2961 1512 3008 1563 εί
3035 1510 3129 1563 καὶ
3159 1510 3216 1560 ὲν
3241 1509 3352 1570 τοῖς
3385 1507 3700 1577 προφήταις
3733 1500 3802 1575 ἦν
3838 1506 3872 1573 ἡ
3899 1502 4004 1556 τοῦ

2392 1605 2714 1675 Πνεύματος
2746 1603 2998 1670 δύναμις,
3031 1603 3127 1656 καὶ
3162 1603 3221 1654 ὲν
3249 1603 3361 1664 τοῖς
3391 1599 3719 1662 ἀποστόλοις
3749 1598 3863 1667 πρὸ
3893 1596 3996 1667 φῦ

2393 1693 2656 1763 σταυροῦ,
2706 1693 2820 1746 ἀλλ’
2860 1693 2958 1762 ούχ
3004 1692 3201 1756 οὓτως,
3241 1691 3315 1753 ὡς
3366 1690 3506 1759 μετὰ
3554 1689 3656 1760 τὴν
3693 1688 3995 1757 ἀνάληψιν,

2391 1785 2620 1854 δαψιλὴς
2664 1784 2863 1855 δηλαδὴ
2901 1783 2997 1836 καὶ
3027 1783 3283 1850 ἄφθονος,
3316 1782 3391 1844 ὡς
3432 1780 3530 1834 καὶ
3558 1782 3835 1849 ποταμοῖς
3881 1795 3998 1831 πα-

2396 1879 2782 1949 ραϐάλλεσθαι.
2819 1879 2985 1931 Ὥστε
3035 1877 3261 1938 εἰκότως
3305 1877 3332 1929 6
3363 1873 3765 1942 εὐαγγελιστὴς
3811 1867 3995 1932 εἷπεν,

2393 1971 2474 2023 ὅτι
2515 1987 2534 2018 ι
2567 1967 2734 2019 Οὔπω
2780 1961 2848 2034 ἦν
2900 1965 3126 2035 Πνεῦμα
3157 1965 3333 2032 ἅγιον,
3368 1985 3385 2018 ι
3439 1965 3746 2028 τουτέστιν,
3807 1962 3989 2020 οὕτως

2395 2059 2626 2130 ἐκχυθὲν
2652 2058 2889 2126 δαψιλῶς
2916 2058 2990 2118 ὡς
3018 2056 3245 2127 ὕστερον
3263 2075 3275 2086 ·
3303 2058 3423 2110 ἐπεὶ
3454 2057 3547 2108 καὶ
3575 2056 3682 2127 πρὸ
3705 2052 3801 2106 τοῦ
3826 2071 3999 2106 σταυο

2399 2149 2494 2220 ροῦ
2522 2146 2589 2217 ἦν
2622 2149 2742 2215 μὲν,
2790 2146 2904 2198 ἀλλ’
2953 2147 3050 2216 οὐχ
3089 2146 3231 2200 οὕτω
3258 2146 3519 2214 δαψιλῶς.
3561 2163 3580 2197 ι
3611 2145 3842 2198 Οὐδέπω
3882 2144 3998 2212 γὰρ

2409 2240 2618 2308 Ἰησοῦς
2643 2237 2931 2308 ἐδοξάσθη,
2972 2255 2990 2288 ›
3027 2236 3185 2300 δόξαν
3219 2234 3453 2288 ἐνταῦθα
3480 2236 3572 2287 τὸν
3609 2232 3847 2304 σταυρὸν
3869 2233 3997 2284 ὀνο-

2399 2329 2664 2400 μάζοντος
2704 2329 2798 2381 τοῦ
2857 2324 3266 2395 εὐαγγελιστοῦ.
3322 2327 3420 2378 Διὰ
3460 2325 3568 2396 γάρ
3601 2322 3698 2376 τοῦ
3751 2319 3998 2389 σταυροῦ

2397 2421 2660 2475 κατέϐαλε
2705 2421 2794 2473 τὸν
2827 2420 3110 2488 τύραννον,
3156 2419 3250 2471 καὶ
3283 2415 3661 2470 ἐϐασίλευσεν.
3701 2412 3873 2468 Οὔπω
3899 2412 4000 2465 οὖν

2395 2512 2491 2566 τοῦ
2521 2513 2758 2585 σταυροῦ
2796 2512 3088 2579 παγέντος,
3125 2510 3246 2563 οὐδὲ
3303 2509 3402 2578 τῆς
3453 2507 3738 2579 ἁμαρτίας
3781 2523 3998 2573 καταρο

2399 2606 2684 2678 γηθείσης,
2719 2606 2843 2658 οὐδὲ
2874 2607 2972 2674 τῆς
3005 2603 3220 2671 φύσεως
3275 2601 3435 2670 ἡμῶν
3480 2601 3538 2652 ιν
3583 2593 3807 2668 Χριστῷ
3842 2615 4004 2657 νικη-

2401 2697 2574 2762 σάσης
2607 2697 2701 2749 τὸν
2733 2697 2960 2762 κόσμον,
3009 2695 3102 2746 καὶ
3134 2691 3574 2760 καταλλαγείσης
3600 2689 3679 2758 τῷ
3725 2688 3870 2759 Θεῷ,
3917 2691 4000 2740 εἱ-

2399 2789 2575 2851 κότως
2615 2788 2717 2839 οὐκ
2773 2787 2929 2855 ἐδόθη
2975 2788 3007 2856 ἡ
3045 2785 3277 2855 δαψιλὴς
3318 2784 3414 2836 τοῦ
3460 2784 3780 2852 Πνεύματος
3807 2782 3999 2852 χάρις.

2404 2880 2554 2931 Ἔδει
2575 2878 2684 2947 γὰρ
2715 2878 2984 2948 πρότερον
3017 2879 3163 2946 ἡμᾶς
3192 2875 3450 2943 γενέσθαι
3479 2874 3571 2928 τοῦ
3604 2874 3742 2927 Θεοῦ
3777 2874 3998 2943 φίλους,

2401 2970 2429 3021 6
2457 2969 2545 3021 διὰ
2578 2970 2672 3020 τοῦ
2709 2968 2945 3037 σταυροῦ
2983 2967 3263 3034 ἐτελέσθη,
3316 2960 3419 3018 εἷθ’
3469 2965 3644 3028 οὓτως
3677 2964 3869 3018 λαϐεῖν
3898 2966 4005 3034 τὴν

2402 3060 2612 3128 δωρεὰν
2641 3059 2732 3111 τοῦ
2760 3058 2934 3122 Θεοῦ·
2969 3056 3159 3126 ὥσπερ
3188 3057 3284 3109 καὶ
3306 3058 3362 3108 ὲν
3383 3059 3494 3119 τοῖς
3519 3059 3829 3121 κοσμικοῖς,
3865 3057 4004 3125 προ-

2403 3153 2560 3221 τερόν
2586 3169 2669 3214 τις
2701 3152 2913 3219 γίνεται
2954 3151 3047 3203 τοῦ
3074 3149 3336 3219 βασιλέως
3371 3151 3546 3216 φίλος,
3575 3146 3695 3204 εἶτα
3721 3152 4003 3220 λαμϐάνει

2403 3244 2502 3306 τάς
2535 3245 2764 3314 δωρεάς.
2815 3243 2992 3311 Χάρις
3043 3238 3138 3296 οὖν
3170 3242 3248 3312 τῷ
3278 3242 3420 3313 Θεῷ,
3451 3231 3528 3313 τῷ
3557 3243 3832 3312 τοσαύτην
3865 3245 4000 3314 ἡμῖν

2404 3337 2954 3407 ἐπιδαψιλευσαμένῳ
2991 3336 3092 3405 τὴν
3139 3336 3324 3404 χάριν,
3382 3337 3516 3404 ὅσην
3545 3336 3669 3388 οὐδὲ
3711 3338 3827 3398 τοῖς
3861 3353 4002 3406 προ-

2405 3432 2627 3501 φήταις.
2668 3430 2733 3482 Oi
2775 3429 2884 3497 γὰρ
2913 3426 3192 3497 προφῆται
3235 3427 3396 3497 χάριν
3433 3428 3533 3495 μὲν
3567 3422 3715 3495 εἶχον
3743 3427 4007 3496 Πνεῦμα-

2404 3539 2515 3586 τος,
2564 3522 2744 3583 ἄλλοις
2776 3521 2850 3584 ,δὲ
2895 3521 2956 3573 οὗ
3009 3521 3307 3588 παρεῖχον·
3345 3521 3393 3573 οἱ
3453 3519 3510 3572 δὲ
3551 3519 3846 3573 ἀπόστολοι
3900 3540 4007 3592 μυ-

2410 3617 2598 3684 ριάδας
2632 3615 2960 3682 ἐνέπλησαν.

2490 3725 2511 3759 ι
2555 3707 2748 3758 Πολλοὶ
2779 3702 2870 3758 οὖν
2903 3708 2965 3757 ὲκ
2990 3706 3083 3758 τοῦ
3114 3706 3276 3775 ὄχλου
3310 3705 3650 3766 ἀκούσαντες
3679 3703 3770 3754 τὸν
3815 3703 4003 3771 λόγον,

2407 3797 2628 3866 ἔλεγονθ
2680 3790 2851 3860 Οὗτός
2903 3799 3054 3849 ἐστιν
3117 3795 3337 3866 ἀληθῶς
3377 3798 3405 3847 6
3436 3796 3750 3865 προφήτης.
3817 3796 4008 3850 Ἀλλοι

2407 3892 2595 3959 ἔλεγον
2617 3905 2630 3920 ·
2661 3881 2830 3954 Οὗτός
2881 3893 3030 3943 ἐστιν
3063 3892 3089 3942 6
3116 3890 3371 3960 Χριστός.
3411 3888 3598 3940 ’Λλλοι
3631 3887 3821 3955 ἔλεγον
3851 3905 3864 3919 ·
3905 3890 3999 3956 Μὴ

2407 3984 2516 4053 γάρ
2563 3986 2626 4036 ὲκ
2665 3983 2764 4051 τῆς
2818 3982 3110 4044 Γαλιλαίας
3144 3983 3170 4032 ὀ
3209 3982 3446 4052 Χριστὸς
3506 3981 3765 4051 ἔρχεται;
3818 3981 3943 4050 οὐχὶ
3975 3983 4007 4049 ἡ

2408 4073 2600 4142 Γραφὴ
2629 4069 2803 4135 εἶπεν,
2833 4073 2914 4124 ὅτι
2946 4073 3008 4124 ἐκ
3046 4071 3138 4123 τοῦ
3175 4072 3493 4140 σπέρματος
3529 4069 3712 4132 Δαυῒδ,
3747 4071 3846 4122 καὶ
3895 4071 4006 4121 ἀπὸ

2411 4167 2658 4235 Βηθλεὲμ
2682 4168 2780 4236 τῆς
2811 4163 3025 4234 κώμης,
3059 4167 3194 4218 ὅπου
3225 4160 3293 4235 ἦν
3327 4162 3508 4226 Δαυῒδ,
3541 4163 3820 4234 ⁴δΧριστὸς
3854 4162 4009 4233 ἔρχε-

2410 4277 2536 4324 ται;
2583 4261 2796 4328 Σχίσμα
2829 4257 2922 4311 οῦν
2967 4260 3025 4310 ὲν
3065 4257 3144 4328 τῷ
3190 4257 3332 4327 ὄχλῳ
3382 4256 3600 4318 ἐγένετο
3645 4256 3717 4309 δι’
3760 4256 3947 4308 αὐτόν.
3983 4273 4002 4308 ι

2410 4351 2522 4422 Τὴν
2576 4351 2896 4422 παρρησίαν
2942 4349 3052 4402 τῶν
3105 4350 3367 4419 ῥημάτων
3435 4348 4004 4418 καταδυσωπηθὲντες

2419 4445 2563 4507 τινὲς
2592 4448 2654 4497 ὲκ
2705 4443 2798 4496 τοῦ
2843 4444 3023 4514 ὄχλου,
3079 4444 3178 4496 οὐκ
3211 4444 3274 4495 ἐκ
3303 4442 3413 4494 τῶν
3461 4437 3742 4513 ἀρχόντων
3797 4443 3866 4509 (οἱ
3902 4444 4006 4512 γὰρ

718 4527 1146 4592 reluctabantur)
1181 4529 1508 4582 ceniitentur
1537 4531 1680 4598 quod
1715 4531 1800 4584 hic
1823 4532 1892 4584 sit
1926 4532 2187 4601 pr0pbeta
2215 4532 2300 4586 ille

2409 4538 2669 4607 ἄρχοντες
2708 4539 2796 4589 ἀεὶ
2827 4537 2914 4589 διὰ
2951 4536 3252 4605 βασκανίαν
3283 4535 3660 4604 ἁντὲπιπτον),
3699 4533 4003 4602 ὁμολογοῦ-

713 4618 808 4685 qui
870 4620 1304 4687 exspectabatur.
1351 4620 1453 4673 Alii
1508 4632 1688 4676 autem
1723 4624 1812 4691 qui
1849 4637 2004 4677 erant
2035 4640 2099 4678 ex
2130 4626 2301 4694 impe-

718 4712 820 4764 rita
847 4720 902 4764 et
931 4711 1383 4779 incircumspecta
1417 4716 1595 4779 turba,
1623 4715 1895 4779 dicebant,
1916 4716 2169 4770 Christus
2193 4727 2300 4784 est,

718 4818 828 4856 non
891 4804 1252 4872 intelligentes
1303 4807 1445 4872 quod
1484 4807 1622 4859 idem
1652 4817 1799 4861 esset
1833 4817 1888 4862 et
1919 4824 2027 4863 non
2082 4809 2218 4863 alius
2249 4822 2303 4864 et

715 4897 858 4950 alius
886 4895 1133 4950 Christus
1165 4907 1217 4951 et
1251 4899 1509 4966 propheta
1563 4899 1671 4952 ille.
1707 4900 2037 4968 ingratiores
2075 4913 2255 4956 autem
2286 4919 2302 4955 :

721 4987 885 5052 Non,
963 4989 1253 5057 inquiunt,
1359 5007 1423 5045 ex
1501 4992 1723 5047 Galila-a
1786 4996 2036 5048 Christus
2099 4996 2304 5060 veniet,

717 5081 811 5136 sed
843 5097 903 5134 ex
941 5082 1208 5137 lietbleem
1231 5123 1246 5148 ,
1289 5095 1342 5138 et
1377 5101 1443 5139 es;
1482 5087 1691 5141 semine
1726 5087 1918 5142 David.
1974 5087 2087 5143 lloc
2121 5097 2300 5142 autem

713 5175 969 5228 dicebant
1027 5176 1257 5246 maligna
1311 5190 1513 5243 mente,
1561 5189 1613 5233 ct
1664 5196 1767 5234 non
1817 5181 1956 5236 sicut
2002 5181 2304 5236 Natbanael

718 5267 852 5335 legis
885 5268 1086 5336 peritus
1125 5279 1181 5324 et
1230 5283 1512 5326 aeruratus
1570 5274 1766 5342 inquit,
1819 5292 1838 5325 ι
1898 5275 2034 5340 Quid
2071 5290 2098 5327 e
2129 5272 2305 5327 Naza-

719 5360 837 5412 reth
870 5361 946 5427 (ai
986 5361 1106 5414 boni
1139 5374 1315 5429 potest
1345 5380 1465 5417 esse
1497 5365 1581 5419 69?
1614 5386 1630 5416 ι
1665 5365 1786 5420 Ideo
1816 5380 1866 5421 ct
1900 5369 2162 5423 Dominus
2192 5371 2305 5421 latt-

719 5450 808 5503 dat
838 5467 958 5504 ettttt
993 5454 1131 5506 sicut
1168 5472 1268 5508 non
1294 5456 1562 5520 dolosutn,
1589 5459 1678 5512 sed
1720 5461 1887 5524 magis
1920 5464 1987 5514 οἱ)
2022 5463 2156 5530 legis
2181 5471 2301 5515 stu-

716 5543 1000 5597 diunt'hoc
1050 5546 1338 5600 dicentem.
1393 5547 1456 5601 lli
1503 5562 1682 5602 autem
1733 5551 1916 5606 dolose
1948 5553 2048 5607 hoc
2089 5554 2277 5606 dicunt

796 5704 842 5734 ‘°
869 5703 1058 5759 Matth.
1099 5723 1148 5768 κ,
1184 5704 1444 5767 40;Ι,ιι‹ῖ.
1474 5724 1525 5766 .\',
1568 5708 1652 5760 19.
1735 5709 1777 5738 ⁶⁷
1808 5707 1962 5764 Joan.
1996 5728 2086 5772 .\'\',
2119 5709 2209 5762 22.
2291 5711 2300 5740 ε

2401 5723 2486 5764 ιιςι.
2527 5730 2561 5777 ι,
2600 5712 2652 5771 ‘2,
2687 5726 2838 5779 seqq.

2414 4645 2517 4691 σιν,
2550 4627 2627 4679 ὅτι
2662 4645 2678 4676 ι
2717 4621 2886 4687 Οὗτός
2921 4630 3069 4678 ἐστιν
3093 4627 3120 4677 6
3155 4626 3468 4696 προφήτης,
3503 4644 3520 4674 ι
3556 4627 3584 4676 ὁ
3612 4626 4001 4693 προσδοκώμε-

2411 4738 2518 4781 νος.
2547 4718 2728 4770 ’Ἄλλοι
2754 4719 2831 4780 δὲ,
2858 4713 2945 4770 οἶα
2970 4718 3126 4788 ὄχλος
3152 4718 3308 4781 ὄντες
3339 4717 3561 4787 ἀμαθὴς
3589 4717 3682 4792 καὶ
3713 4718 4005 4784 ἀπερίσκε-

2411 4829 2573 4876 πτος,
2605 4812 2811 4878 ἔλεγον,
2842 4812 2922 4863 ὅτι
2950 4830 2966 4861 ι
3005 4812 3064 4865 Ὀ
3093 4811 3326 4881 Χριστός
3357 4812 3506 4863 ἐστιν
3525 4826 3540 4840 ο
3577 4828 3595 4861 ι
3624 4811 3683 4861 ού
3710 4812 3998 4871 συνιέντες,

2410 4907 2490 4958 ὅτι
2520 4905 2681 4967 αὐτός
2709 4908 2847 4967 ἐστι,
2879 4905 2971 4957 καὶ
3001 4906 3100 4956 οὐκ
3124 4903 3282 4966 ἄλλος
3323 4904 3416 4956 καὶ
3438 4901 3598 4965 ἄλλος
3622 4902 3650 4953 ὃ
3682 4919 3741 4952 τε
3773 4903 4000 4972 Χριστος

2413 5000 2505 5051 καὶ
2538 4998 2566 5049 6
2595 4980 2905 5067 προιρῆτης.
2983 4997 3048 5049 υἱ
3099 4995 3154 5048 δὲ
3183 4995 3681 5064 ἀγνωμονέστεροι,
3743 4994 3836 5062 Μὴ
3877 4996 3997 5062 γὰρ.

2410 5089 2596 5156 φασιν,
2620 5091 2649 5142 6
2669 5088 2904 5158 Χριστὸς
2939 5090 3002 5141 ὲκ
3031 5090 3130 5159 τῆς
3155 5087 3446 5149 Γαλιλαίας
3477 5086 3735 5156 ἔρχε-ταις
3797 5086 3912 5137 ἀλλ’
3942 5087 3999 5136 ὲκ

2411 5180 2661 5251 Βηθλεὲμ
2687 5180 2783 5232 καὶ
2812 5181 2875 5233 ἐκ
2901 5179 3220 5250 σπέρματος
3251 5180 3433 5234 Δαυτδ.
3489 5177 3662 5230 Τοῦτο
3699 5179 3755 5230 δὲ
3822 5180 3996 5244 ἔλεγον

2409 5273 2706 5345 κακούργῳ
2723 5272 2936 5344 γνώμῃ,
2959 5274 3051 5325 καὶ
3081 5274 3142 5326 οὐ
3164 5273 3308 5326 κατᾶ
3335 5273 3428 5325 τὸν
3450 5272 3772 5342 Ναθαναήλ.
3819 5271 3876 5324 ὐ

2411 5368 2540 5435 γὰρ,
2586 5366 2662 5428 ὼς
2690 5366 3008 5436 νομομαθὴς
3060 5366 3152 5418 καὶ
3185 5365 3438 5435 ἀκριϐὴς,
3478 5366 3689 5432 ἔλεγεν,
3726 5367 3807 5417 ὅτι
3854 5385 3872 5414 ι
3906 5365 3990 5417 Ἐκ

2411 5460 2666 5530 Ναζαρὲτ
2701 5459 2922 5511 δύναταί
2950 5475 3000 5510 τι
3022 5458 3241 5526 ’ἀγαθὸν
3264 5453 3437 5523 εἷναι;
3465 5476 3484 5508 ι
3511 5458 3603 5509 Διδ
3625 5456 3722 5509 καὶ
3750 5458 3776 5508 6
3801 5457 3993 5527 Κύριος

2411 5555 2627 5606 ἐπαινεῖ
2659 5553 2839 5617 αύτδν,
2874 5551 2948 5614 ὡς
2976 5553 3034 5604 οὺ
3065 5551 3415 5621 κακούργως,
3443 5549 3580 5604 ἀλλὰ
3603 5550 3740 5602 κατὰ
3776 5551 3990 5620 νομικὴν

2919 5709 2961 5742 ⁶⁹
2994 5709 3159 5768 Joan.
3201 5727 3237 5773 ι,
3270 5708 3356 5762 46.

795 5842 868 5909 (ἰξι
906 5841 917 5894 ἶ
949 5867 954 5895 1
991 5887 993 5891 ι
1037 5845 1110 5898 31"-
1153 5843 1270 5897 Ῐιυῑ-
1314 5841 1528 5908 misum,
1559 5842 1758 5906 ih't‘t'ltts
1807 5854 1853 5900 ct
1882 5854 2161 5901 accuratus
2199 5847 2390 5917 inquit,
2435 5847 2576 5914 Quid
2605 5865 2629 5900 ε
2671 5845 2960 5899 {Vmetu/2.
