4218 6424
253 361 394 431 ἱ345

890 303 1336 418 ἐΝΑιιιιΑἰιο
1378 351 1454 410 1N
1499 351 2005 414 EVANGELIUM
2039 351 2386 412 JOANNIS.
2414 376 2484 386 —
2523 335 2682 411 CAP.
2724 351 2854 412 vn.

3383 353 3527 420 1346

244 472 536 542 ἀκρίϐειαν
580 466 743 520 τοίτο
794 469 1039 536 λέγοντα.
1091 468 1252 518 Ουτοι
1303 465 1357 517 δὲ
1397 464 1628 534 δολερῶς
1672 462 1814 515 τοῦτ(

1934 461 2061 530 quia
2111 477 2212 514 non
2245 478 2306 516 ex
2340 461 2561 515 Galilzea
2600 459 2853 514 Christus
2893 459 3060 514 venit.
3099 456 3360 514 Videntur
3381 465 3526 518 enim

244 581 430 634 φασιν,
467 565 548 616 ὅτι
581 564 680 616 οὐκ
719 564 786 614 ἐκ
809 562 910 628 τῆς
945 559 1233 620 Γαλιλαίας
1256 558 1284 607 δ
1315 558 1546 627 Χριστλις
1581 555 1820 624 ἔρχεται.

258 656 500 707 Ἰἰοὶκασι
535 656 644 722 γὰρ
691 651 988 721 γινώσκειν
1033 649 1152 718 μὲν,
1184 651 1266 701 ὅτι
1301 651 1363 700 ἐκ
1393 647 1640 716 Βηθλεέμ
1679 646 1824 697 ἐστιν

244 752 272 797 6
309 746 538 814 Ἰησοῦς,
567 746 615 796 εί
652 743 746 796 καὶ
777 744 834 793 ἐν
873 744 938 810 τῇ
990 740 1252 808 Γαλιλαίᾳ
1297 738 1582 805 ἀνετράφη
1638 739 1702 787 ἐκ
1730 736 1825 803 βα-

248 835 477 898 σκανίας
507 834 562 886 δὲ
595 834 669 903 μὴ
697 834 873 885 θέλειν
906 832 1190 900 ὁμολογεῖν
1215 830 1311 900 τὴν
1335 833 1398 882 ἐκ
1423 828 1668 898 Βηθλεὲμ
1701 827 1826 894 γέν-

247 945 424 996 νησιν,
468 926 603 979 ἀλλὰ
640 925 921 978 Γαλιλαῖον
963 925 1125 976 αὐτὸν
1156 922 1606 991 προσονομάζειν.
1645 919 1826 970 Ἔστω

240 1020 318 1082 δὲ,
345 1021 423 1071 ὅτι
469 1018 697 1086 ἠγνόουν
751 1017 915 1069 αὐτὸν
947 1017 1012 1068 ὲκ
1045 1015 1296 1084 Βηθλεὲμ
1332 1009 1472 1066 εἶναι
1497 1032 1510 1044 ·
1567 1014 1644 1075 τὸ,
1706 1031 1721 1062 ι
1763 1013 1825 1064 ἐκ

243 1113 555 1181 σπέρματος
604 1109 805 1172 Δαυῒδ,
858 1128 874 1161 ι
918 1110 1034 1172 πῶς
1063 1108 1449 1178 ἀμφέϐαλλονς
1497 1105 1567 1156 Ἢ
1603 1107 1709 1173 γὰρ
1760 1105 1821 1156 οὐ

241 1201 523 1271 προδήλως
573 1205 636 1253 ὲκ
681 1199 844 1254 Δαυῖδ
879 1202 910 1268 ἡ
947 1201 1134 1268 Μαρία
1190 1194 1340 1252 εἷλκε
1385 1200 1446 1250 τὸ
1492 1199 1681 1265 γένος;
1729 1199 1823 1250 Ἐκ

237 1292 430 1344 τούτου
475 1291 568 1344 οὖν
623 1291 816 1361 δῆλον,
875 1293 958 1344 ὅτι
1004 1292 1332 1361 κακούργως
1389 1292 1574 1358 ἔλεγον
1625 1290 1818 1343 ταῦτα.

245 1401 263 1432 ι
312 1381 523 1452 Σχίσμα
553 1383 608 1434 δὲ
635 1385 856 1450 ἐγένετο
881 1385 939 1435 ὲν
977 1389 1053 1453 τῷ
1081 1383 1245 1453 ὄχλῳ,
1289 1403 1306 1434 ι
1342 1384 1441 1435 οὐκ
1477 1385 1533 1435 ἐν
1573 1386 1685 1445 τοῖς
1725 1383 1821 1451 ἆρ-

237 1490 441 1540 χουσιν.
469 1474 531 1526 Οἱ
564 1477 672 1545 γὰρ
697 1477 979 1544 ἄρχοντες,
1025 1477 1154 1545 μιᾶς
1181 1473 1405 1546 γνώμης
1433 1471 1596 1545 ἦσαν,
1621 1474 1714 1527 τοῦ
1745 1474 1821 1545 μὴ

237 1564 490 1632 δέχεσθαι
523 1566 686 1618 αὐτὸν
713 1567 785 1629 ὼς
812 1567 1072 1635 Χριστόν.

313 1674 330 1704 ι
377 1656 534 1719 Τινὲς
563 1658 617 1710 δὲ
649 1658 838 1728 ἡθελον
867 1658 925 1722 ἐξ
972 1660 1152 1712 αὐτῶν
1202 1661 1392 1713 πιάσαι
1443 1659 1647 1725 αὐτὸν,
1703 1659 1818 1712 ἀλλ’

233 1745 408 1808 οὐδεὶς
441 1747 704 1800 ἐπέϐαλεν
733 1748 818 1800 ἐπ’
851 1750 1014 1802 αὐτὸν
1048 1751 1145 1811 τὰς
1171 1752 1380 1819 χεῖρας.
1412 1745 1618 1802 Ἶίλθον
1643 1744 1735 1802 οὖν
1768 1751 1814 1801 οί

1935 554 2074 606 scire
2119 552 2336 618 quidem
2374 552 2514 621 quod
2548 568 2612 606 ex
2645 553 2923 606 Bethleem
2961 551 3032 605 sit
3059 547 3241 618 Jesus,
3289 555 3452 608 etiam
3480 556 3525 608 si

1935 644 1987 698 in
2018 643 2236 700 Galilma
2269 645 2537 698 enutritus
2570 643 2754 708 fuerit,
2789 658 2898 711 pra:
2928 643 3128 695 invidia
3161 652 3339 696 tamen
3373 645 3527 700 nole-

1932 737 2059 788 bant
2115 735 2270 787 fateri
2303 734 2638 786 nativitatem
2675 748 2738 786 ex
2780 733 3080 794 Bethleem,
3115 734 3208 786 sed
3243 731 3522 788 Οιιίιαδυιιι

1931 822 2304 877 nominabant.
2341 825 2470 876 Esto
2525 834 2703 874 autem
2757 825 2900 889 quod
2940 822 3246 892 ignorarint
3302 838 3422 876 eum
3458 839 3525 878 ex

1930 914 2203 967 Bethleem
2242 929 2382 975 esse,
2421 925 2474 966 at
2505 928 2566 966 ex
2617 916 2822 967 semine
2877 914 3040 966 David
3091 929 3213 968 esse
3253 921 3525 982 quomodo

1929 1004 2285 1058 dubitarunt?
2330 1011 2521 1058 Annon
2554 1003 2838 1058 manifeste
2861 1020 2924 1057 ex
2959 1005 3122 1058 David
3164 1005 3328 1059 Maria
3358 1008 3525 1061 traxit

1929 1097 2140 1165 genus?
2175 1096 2250 1150 Ex
2287 1099 2386 1150 hoc
2419 1099 2585 1165 igitur
2615 1097 2958 1150 manifestum
3003 1102 3143 1165 quod
3190 1100 3376 1154 dolose
3406 1102 3522 1155 haec

1927 1185 2198 1242 dicebant.
2239 1188 2511 1242 Dissensio
2541 1202 2722 1242 autem
2752 1187 2892 1241 facta
2922 1199 3002 1242 est
3035 1191 3084 1241 in
3120 1189 3299 1252 turba,
3332 1191 3522 1244 nonin

1927 1282 2286 1350 principibus.
2315 1281 2446 1334 Natu
2481 1282 2756 1350 principes
2787 1282 2945 1335 Unius
2973 1282 3258 1336 sententia:
3279 1282 3519 1348 fuerunt,

1926 1387 1995 1426 ne
2017 1374 2388 1442 susciperetur
2431 1373 2542 1442 ipse
2576 1383 2634 1426 ut
2664 1373 2938 1427 Christus.

2005 1637 2164 1690 \‘zns.
2204 1635 2274 1689 Η
2311 1635 2399 1689 46.
2452 1655 2468 1687 ι
2509 1634 2738 1701 Quidam
2782 1646 2962 1688 autem
3001 1653 3066 1691 ex
3103 1637 3235 1705 ipsis
3268 1638 3520 1693 volebant

1925 1728 2330 1796 apprehendere
2354 1741 2497 1788 eum,
2517 1728 2611 1778 sed
2641 1741 2802 1780 nemo
2824 1728 3054 1794 conjecit
3083 1728 3133 1779 iu
3154 1743 3274 1780 eum
3302 1744 3515 1783 manus.

233 1838 504 1906 ὑπηρέται
539 1839 677 1908 πρὸς
729 1840 854 1899 τοὺς
895 1809 1301 1910 ἀρχιερεῖςηκαὶ
1328 1842 1687 1912 Φαρισαίους·
1725 1842 1814 1894 καὶ

1926 1815 2198 1871 Venerunt
2226 1832 2355 1886 ergo
2388 1816 2623 1878 miniStri
2659 1817 2724 1867 ad
2760 1819 3048 1884 pontitices
3080 1832 3131 1870 ct
3169 1818 3514 1872 .l’hariszeos:

229 1927 385 1982 εἶπον
436 1933 619 2001 αὐτοῖς
660 1933 895 1986 ἐκεῖνοι·
953 1935 1050 1985 Διὰ
1081 1934 1133 1986 τί
1172 1934 1272 1986 οὐκ
1325 1935 1562 2002 ἠγάγετε
1619 1934 1813 1998 αὐτὸνς

244 2023 648 2092 Ἀπεκρίθησαν
674 2026 720 2076 oi
759 2025 1030 2094 ὑπηρέται
1062 2043 1075 2056 ·
1113 2026 1382 2078 Οὐδέποτε
1413 2026 1589 2088 οὑτως
1619 2025 1814 2095 ἐλάλη·

233 2130 324 2164 σεν
357 2113 667 2184 ἄνθρωπος,
712 2116 785 2177 ὼς
818 2113 1025 2179 οὗτοςὸ
1051 2116 1360 2187 ἄνθρωπος.
1409 2136 1426 2168 ι
1467 2120 1531 2171 Οί
1574 2117 1675 2186 μὲν
1723 2112 1816 2169 οὖν

231 2203 588 2275 μετριώτεροι
621 2210 677 2260 ἐν
711 2208 900 2278 κακίᾳ,
933 2211 991 2261 ὲν
1022 2209 1200 2276 λόγοις
1244 2211 1427 2277 μόνοις
1466 2209 1818 2278 ἠναντιοῦντο

227 2297 293 2364 τῇ
326 2295 451 2367 δόξῃ
496 2298 591 2350 τοῦ
642 2299 917 2367 Χριστοῦ·
972 2301 1022 2352 οἱ
1065 2302 1121 2353 δὲ
1173 2302 1670 2370 ἀναισχυντότεροι,
1721 2301 1816 2354 καὶ

229 2388 418 2458 χεῖρας
455 2389 645 2455 ἤθελον
677 2391 906 2457 ἐπάγειν
935 2409 948 2422 ·
980 2394 1095 2445 ἀλλ’
1143 2394 1294 2464 ὅμως
1344 2397 1594 2464 ἀοράτως
1641 2395 1814 2447 πεπέ-

227 2480 409 2546 δηντο,
437 2480 537 2548 τῆς
585 2481 736 2544 θείας
767 2485 966 2543 αὐτοὺς
1008 2486 1344 2555 κατεχούσης
1378 2487 1655 2554 δυνάμεως
1678 2503 1693 2520 ·
1725 2488 1815 2540 καὶ

227 2571 348 2620 οὐδὲ
382 2573 484 2622 ὑπὸ
511 2573 698 2625 τούτου
724 2573 817 2626 τοῦ
853 2573 1127 2644 θαύματος
1160 2579 1574 2630 κατενύσσοντο.
1608 2579 1816 2639 Ὄντως

230 2661 255 2709 ὁ
277 2659 440 2712 Δαυῖδ
472 2664 601 2730 περὶ
629 2663 834 2718 τούτων
866 2663 988 2718 εἶπε
1013 2667 1092 2719 16'
1131 2685 1150 2718 ι
1187 2669 1602 2738 Διεσχίσθησαν,
1633 2671 1724 2722 καὶ
1748 2669 1808 2721 οὐ

233 2754 634 2822 κατενύγησαν.
673 2773 694 2808 ι
730 2758 791 2809 Οί
818 2755 875 2809 δὲ
907 2758 1179 2828 ὑπηρέται
1217 2759 1266 2812 οἱ
1311 2761 1620 2824 σταλέντες,
1673 2760 1813 2812 ὥστε

229 2843 460 2909 ἀγαγεῖν
496 2845 681 2910 αὐτὸν,
735 2846 936 2917 ίδωμεν
969 2851 1020 2902 τί
1051 2850 1444 2922 αποκρίνονται
1497 2853 1607 2912 τοῖς
1648 2852 1816 2920 Φαρι-

230 2934 425 2996 σαίοις,
459 2935 532 2997 ὡς
565 2935 685 2990 λίαν
719 2938 1082 3007 εὐγνώμονες.
1117 2941 1180 2993 Οί
1225 2942 1323 3009 μὲν
1368 2940 1478 3011 γὰρ
1528 2941 1814 3012 Φαρισαῖοι

227 3024 324 3074 καὶ
357 3025 656 3096 σοφώτεροι
707 3027 995 3094 δοκοῦντες
1045 3026 1206 3096 εἶναι,
1241 3034 1334 3085 καὶ
1367 3032 1407 3084 Γ
1412 3032 1593 3102 ραφάς
1621 3035 1815 3101 ἀναγι-

227 3115 549 3182 νώσκοντες,
573 3120 668 3172 καὶ
699 3120 958 3190 θαύματα
985 3122 1247 3191 δρῶντες,
1279 3124 1516 3178 λυττῶσι
1550 3127 1692 3179 κατά
1716 3126 1811 3178 τοῦ
1840 3161 1886 3224 C

222 3208 455 3278 Κυρίου,
479 3213 573 3264 καὶ
606 3213 855 3283 ἐρωτῶσι
900 3216 1209 3287 λῃστρικῶς
1230 3233 1244 3247 ⁵
1285 3235 1302 3268 ι
1341 3217 1440 3270 Διά
1465 3218 1518 3270 τί
1544 3218 1645 3270 οὐκ
1675 3219 1814 3288 ἠγά-

224 3317 353 3368 γετε
373 3302 535 3356 αὐτόν
559 3320 574 3370 ;
607 3323 624 3355 ι
658 3305 725 3359 Oi
753 3306 808 3358 δὲ
836 3308 928 3360 καὶ
955 3308 1124 3379 χωρὶς
1147 3310 1391 3379 σημείων
1422 3309 1531 3363 ἀπὸ
1558 3310 1814 3364 διδασκα-

224 3393 348 3455 λίας
382 3395 551 3466 μόνης
603 3398 939 3468 ἐπείσθησαν
964 3415 977 3429 ·
1033 3399 1206 3464 οὕτως
1244 3396 1386 3470 ἦσαν
1421 3403 1641 3469 εὐφυεῖς
1677 3405 1813 3473 πρὸς

229 3483 292 3535 τὸ
319 3485 548 3552 ἀγαθόν.
598 3487 718 3540 Ὀτι
747 3488 801 3540 δὲ
832 3489 932 3541 οὐκ
973 3490 1081 3544 ἀπὸ
1116 3491 1378 3560 σημείων,
1429 3492 1546 3544 ἀλλ’
1581 3493 1686 3545 ἀπὸ
1714 3494 1813 3562 τῆς

222 3575 575 3640 διδασκαλίας
615 3578 881 3644 ἑάλωσαν,
908 3581 936 3633 ὃ
970 3583 1154 3652 μεῖζόν
1181 3585 1320 3648 ἐστι,
1348 3584 1504 3654 δῆλον
1537 3583 1808 3638 ἐντεῦθεν.

225 3669 302 3722 Οὐ
334 3669 441 3742 γὰρ
474 3666 648 3736 εἶπον,
681 3673 764 3726 ὅτι
791 3674 1062 3727 Οὐδέποτε
1084 3675 1256 3738 οὑτως
1284 3676 1812 3748 ἐθαυματούργησεν

216 3766 251 3815 6
281 3764 590 3834 ἄνθρωπος,
627 3766 766 3831 ἀλλ’,
806 3786 822 3818 ι
857 3766 1044 3830 Οὐτως
1088 3769 1350 3840 ἐλάλησεν
1375 3787 1387 3799 ·
1421 3789 1440 3821 ι
1471 3770 1644 3832 οὕτως
1670 3768 1812 3842 ἦσαν

227 3861 731 3929 συγκεκροτημένοι
750 3863 845 3914 καὶ
867 3863 1008 3926 ὀξεῖς
1031 3863 1110 3925 είς
1127 3863 1186 3916 τὸ
1205 3866 1614 3934 παραδέξασθαι
1645 3866 1804 3932 λόγον

229 3953 524 4019 σωτηρίας.
556 3953 676 4022 Χρὴ
715 3953 771 4005 δὲ
801 3955 862 4006 οὐ
897 3955 1058 4024 μόνον
1088 3957 1186 4026 τὴν
1219 3957 1434 4010 σύνεσιν
1465 3958 1646 4009 αὐτῶν
1678 3957 1809 4010 θαυ-

231 4045 426 4111 μάσαι,
466 4046 600 4099 ἀλλά
632 4047 728 4100 καὶ
753 4048 852 4120 τὴν
877 4051 1215 4120 παρρησίαν.
1247 4051 1322 4103 Οὐ
1350 4051 1458 4121 γὰρ
1488 4051 1810 4120 ὑπέπτηξαν

223 4135 314 4187 τὸν
347 4136 517 4206 θυμὸν
559 4139 667 4192 τῶν
716 4141 1057 4209 Φαρισαίων,
1101 4143 1222 4196 οὐδὲ
1255 4142 1330 4206 ώς
1364 4145 1634 4212 ὑπηρέται
1680 4144 1812 4196 ὑπε-

225 4227 520 4298 στάλησαν,
559 4230 741 4284 καὶτὰ
769 4233 978 4302 ἀρεστά
1000 4236 1112 4296 τοῖς
1137 4235 1399 4304 ἄρχουσιν
1422 4234 1602 4288 αὐτῶν
1631 4230 1806 4302 εἷπον,

219 4319 360 4374 ἀλλά
417 4323 753 4393 μαρτυροῦσι
797 4327 864 4394 τῇ
913 4324 1164 4396 ἀληθείᾳ.
1221 4324 1327 4388 Οὓς
1374 4327 1456 4378 δεῖ
1523 4327 1809 4396 μιμεῖσθαι

224 4413 429 4476 πάντας
454 4414 577 4478 τοὺς
604 4418 713 4477 τοῖς
747 4415 974 4486 ἄρχουσι
1027 4420 1462 4487 παρεπομένους,
1493 4421 1585 4471 καὶ
1609 4419 1685 4490 μὴ
1710 4421 1810 4472 ὑπο

1922 1922 1972 1966 et
2002 1914 2255 1966 dixerunt
2287 1912 2366 1965 eis
2421 1911 2492 1963 illi
2530 1912 2748 1976 :Quare
2803 1925 2909 1964 non
2963 1912 3267 1964 adduxistis
3326 1913 3513 1969 illum?

1921 2003 2338 2072 Responderunt
2371 2004 2627 2066 ministri,
2699 2000 2984 2069 Nunquam
3032 2003 3108 2060 sic
3165 2003 3374 2061 IUL-uuis
3436 2020 3521 2062 οδε

1923 2097 2106 2161 homo,
2162 2097 2306 2149 sicut
2354 2095 2442 2149 hic
2496 2097 2678 2152 Ιιοιιιο.
2735 2119 2754 2150 ι
2796 2095 2894 2166 Qui
2935 2118 3038 2153 non
3088 2112 3246 2155 tautae
3303 2105 3520 2155 malitia:

1920 2201 2095 2253 erant,
2129 2187 2262 2242 solis
2291 2188 2636 2244 sermonibus
2668 2183 2851 2260 gloria:
2900 2194 3101 2247 Christi
3135 2206 3292 2247 erant
3326 2199 3520 2249 adver-

1919 2281 2048 2334 sarii
2087 2299 2098 2334 :
2133 2292 2188 2335 at
2219 2283 2311 2350 qui
2360 2283 2813 2350 impudentiores,
2864 2285 3027 2340 etiam
3064 2301 3255 2339 manus
3297 2287 3350 2339 in
3393 2305 3516 2342 ctttll

1920 2374 2149 2442 injicere
2203 2376 2458 2430 volebant
2496 2390 2507 2427 :
2545 2377 2860 2444 ligabantur
2910 2389 3090 2432 tamen
3147 2381 3516 2446 invisibiliter,

1920 2466 2207 2521 cohibente
2256 2469 2377 2521 illos
2419 2468 2602 2524 divina
2636 2473 2841 2524 virtute
2873 2489 2885 2524 :
2919 2481 2974 2525 et
3010 2487 3186 2542 neque
3218 2475 3322 2526 hoc
3353 2477 3508 2527 mira-

1919 2562 2036 2614 Cuto
2068 2563 2377 2629 compuncti
2409 2574 2584 2618 erant.
2629 2564 2883 2620 Profecto
2928 2565 3092 2620 David
3127 2569 3192 2621 de
3225 2569 3309 2621 his
3333 2567 3470 2621 dixit
3499 2586 3512 2620 :

1926 2671 1942 2702 ι
1987 2653 2205 2708 Discissi
2261 2668 2410 2722 sunt,
2455 2670 2508 2712 et
2557 2674 2660 2712 non
2721 2661 3031 2726 compuncti
3077 2661 3148 2715 '°.
3210 2680 3230 2712 ›
3279 2659 3516 2715 Ministri

1918 2758 2098 2801 autem
2137 2751 2287 2804 missi
2315 2764 2371 2803 ut
2409 2756 2584 2820 ipsum
2631 2753 2986 2819 adducerent,
3044 2755 3325 2808 videamus
3382 2757 3513 2824 quid

1920 2842 2302 2910 reSponderint
2354 2843 2666 2911 Pharisa'is,
2709 2848 2965 2915 quoniam
3003 2848 3160 2902 valde
3217 2851 3513 2916 sapientes.

1918 2932 2054 2987 Nam
2086 2934 2344 2990 Pharisaei
2385 2937 2475 3004 qui
2510 2948 2560 2992 et
2590 2939 2948 3006 sapientiores
2985 2940 3313 2994 videbantur
3365 2957 3490 2996 esse

1918 3036 1968 3080 et
1997 3026 2307 3097 Scripturas
2358 3029 2616 3098 legentes,
2653 3039 2706 3082 et
2738 3032 2996 3084 miracula
3027 3032 3292 3097 videntes,
3325 3035 3489 3088 szevie

1917 3121 2047 3175 baut
2071 3135 2258 3177 contra
2286 3121 2493 3189 Jesum,
2518 3135 2570 3176 et
2593 3124 2997 3192 interrogabant
3025 3126 3295 3179 latronum
3323 3141 3471 3182 more
3498 3146 3512 3182 :

1923 3232 1942 3266 ι
1982 3212 2167 3279 Quare
2200 3232 2305 3269 non
2332 3215 2634 3270 adduxistis
2658 3217 2849 3270 illum?
2878 3237 2895 3269 ι
2926 3219 2994 3270 Αι
3023 3218 3278 3273 illietiam
3311 3220 3519 3290 absque

1918 3308 2087 3378 signis
2121 3323 2151 3361 a
2182 3309 2296 3363 sola
2329 3310 2572 3364 doctrina
2624 3311 2867 3379 persuasi
2921 3310 3176 3364 fuerunt:
3212 3312 3284 3365 ita
3316 3314 3382 3366 ad
3417 3314 3516 3368 bo-

1919 3418 2046 3456 num
2076 3412 2233 3456 erant
2273 3403 2474 3458 idonei.
2511 3403 2666 3469 Quod
2723 3415 2904 3457 autem
2939 3419 3046 3458 non
3087 3420 3115 3458 a
3145 3406 3336 3475 signis,
3365 3408 3457 3461 sed
3485 3423 3514 3460 a

1918 3493 2262 3548 sermonibus
2308 3493 2477 3566 614
2530 3496 2674 3564 capti
2723 3495 2945 3559 fuerint,
2992 3497 3136 3565 quod
3187 3497 3362 3566 majus
3410 3510 3516 3563 εει,

1918 3587 2264 3642 manifestum
2293 3599 2376 3642 est
2409 3589 2554 3642 inde.
2585 3587 2700 3642 Non
2730 3590 2873 3642 enim
2909 3589 3164 3643 dixerunt
3192 3609 3202 3643 :
3227 3589 3514 3660 Nunquam

1918 3679 2023 3734 tale
2047 3680 2372 3746 miraculum
2400 3680 2745 3746 fecithomo;
2781 3681 2898 3745 sed,
2940 3701 2958 3734 ι
2991 3681 3081 3736 Sic
3105 3682 3318 3737 locutus
3337 3693 3417 3738 est
3446 3699 3457 3734 :
3489 3702 3506 3733 ι

1917 3770 1989 3824 ita
2021 3773 2312 3840 compositi
2339 3784 2393 3826 et
2425 3773 2632 3827 alacres
2654 3784 2812 3827 erant
2840 3775 2905 3827 ad
2937 3774 3340 3843 suscipiendum
3379 3790 3506 3829 ver-

1917 3864 2044 3916 bum
2081 3862 2344 3918 salutare.
2372 3863 2604 3932 Oportet
2635 3865 2816 3919 autem
2851 3881 2955 3920 non
2983 3869 3156 3921 solum
3188 3869 3514 3937 sapientiam

1917 3953 2134 4007 illorum
2190 3954 2472 4019 admirari,
2524 3955 2617 4010 sed
2651 3967 2705 4010 et
2739 3957 3073 4011 libertatem.
3130 3955 3318 4028 Neque
3367 3962 3512 4013 enim

1914 4057 2250 4100 curaverunt
2288 4062 2425 4100 iram
2451 4047 2875 4113 Pharisteorum,
2911 4063 3084 4118 neque
3117 4051 3244 4118 quia
3280 4061 3336 4103 ut
3370 4053 3513 4105 servi

1915 4137 2066 4190 missi
2102 4135 2339 4204 fuerant,
2381 4153 2500 4207 quae
2534 4138 2731 4208 placita
2778 4149 2936 4192 erant
2975 4142 3330 4210 principibus,
3364 4145 3514 4197 dixe-

1914 4239 2067 4292 runt,
2118 4230 2212 4285 sed
2257 4230 2602 4285 testabantur
2650 4232 2887 4285 veritati.
2923 4229 3034 4288 Hos
3069 4249 3262 4290 omnes
3311 4237 3514 4304 princi-

1917 4337 2044 4390 pum
2075 4322 2359 4378 ministros
2397 4323 2602 4376 imitari
2634 4325 2942 4392 oportebat,
2975 4337 3028 4380 et
3061 4342 3164 4380 non
3203 4329 3426 4384 obedire
3460 4331 3511 4382 in

1917 4413 2002 4468 his
2027 4429 2145 4483 qua:
2173 4415 2282 4469 Deo
2305 4424 2432 4470 sunt
2463 4415 2714 4482 adversa,
2747 4416 2887 4471 sicut
2911 4428 2966 4471 et
2999 4418 3145 4473 Sauli
3171 4435 3275 4474 non
3300 4420 3514 4475 obtem-

221 4505 444 4558 ακούειν
475 4508 654 4569 αὐτοῖς
681 4507 767 4576 ἐφ’
786 4502 865 4571 οἷς
890 4509 954 4561 ἂν
978 4508 1179 4571 ἀδίκως
1207 4509 1590 4580 προστάξαιεν·
1622 4509 1810 4582 ὥσπερ

1920 4516 2163 4576 peratum
2202 4517 2309 4571 est,
2339 4521 2464 4561 eum
2516 4509 2822 4562 astantibus
2873 4509 3202 4578 imperasset
3232 4523 3290 4568 ut
3322 4524 3512 4569 contra

223 4597 320 4648 καὶ
347 4598 439 4649 ἐπὶ
465 4596 564 4650 τοῦ
596 4598 769 4651 Σαοὺλ
801 4600 1018 4667 γέγονε.
1053 4601 1164 4654 Καὶ
1198 4601 1306 4670 γὰρ
1342 4601 1534 4653 τούτου
1562 4603 1805 4670 προστά-

221 4686 412 4752 ξαντος
439 4690 563 4752 τοὺς
592 4691 759 4760 ἱερεῖς
789 4690 884 4744 τοῦ
916 4691 1409 4762 Θεοῦλπαρανόμως
1428 4691 1804 4764 ἀναιρεθῆναι,

219 4782 268 4832 οἱ
297 4781 647 4849 παρεστῶτες
679 4781 828 4852 αὐτῷ
857 4783 1080 4853 ποιῆσαι
1113 4785 1210 4836 οὐκ
1247 4782 1599 4854 ἐπείσθησαν.

298 4891 316 4924 ι
371 4872 776 4944 Ἀπεκρίθησαν
802 4873 894 4928 οὖν
937 4877 1122 4938 αὐτοῖς
1149 4877 1199 4927 οἱ
1223 4879 1541 4948 Φαρισαῖοι·
1584 4879 1676 4950 Μὴ
1713 4879 1805 4933 καὶ

220 4966 379 5034 ὑμεῖς
403 4965 784 5036 πεπλάνησθες
809 4968 899 5037 Μή
928 4985 1010 5030 τις
1031 4969 1095 5022 ὲκ
1121 4966 1230 5022 τῶν
1249 4969 1528 5040 ἀρχόντων
1557 4971 1808 5044 ἐπίστευ-

222 5062 326 5119 σενξ
360 5059 439 5120 είς
492 5059 676 5122 αὐτὸν,
710 5059 742 5127 ἦ
779 5061 843 5112 ὲκ
875 5061 985 5112 τῶν
1024 5062 1369 5131 Φαρισαίων;
1414 5064 1555 5118 Ἀλλ’
1591 5069 1618 5119 6
1653 5065 1811 5136 ὄχλος

218 5145 375 5211 οὗτος
405 5151 433 5201 6
464 5151 540 5219 μὴ
569 5150 856 5218 γινώσκων
882 5152 973 5205 τὸν
1004 5153 1190 5222 νόμον,
1228 5155 1621 5226 ἐπικατάρατοί
1650 5158 1806 5212 εἰσιν.

218 5240 384 5308 Λέγει
413 5241 726 5312 Νικόδημος
755 5243 897 5310 πρὸς·
929 5243 1149 5308 αὐτοὺς,
1180 5246 1209 5298 6
1236 5244 1410 5298 ἐλθὼν
1440 5248 1638 5311 νυκτὸς
1673 5249 1811 5318 πρὸς

215 5331 403 5396 αὐτὸν,
424 5326 503 5396 εἷς
522 5331 598 5384 ὼν
621 5331 682 5396 ἐξ
706 5332 888 5386 αὐτῶν
909 5345 926 5362 ⁸
947 5334 1040 5403 Μὴ
1069 5334 1098 5385 ὁ
1120 5335 1284 5404 νόμος
1316 5336 1477 5407 ἡμῶν
1499 5336 1676 5414 κρίνει
1713 5339 1807 5392 τὸν

215 5422 523 5493 ἀνθρωπον,
551 5422 646 5475 ἐὰν
679 5423 754 5493 μὴ
783 5422 990 5495 ἀκούσῃ
1023 5425 1153 5495 παρ’
1187 5423 1356 5478 αὐτοῦ
1401 5427 1689 5497 πρότερον,
1715 5428 1809 5480 καὶ

217 5516 330 5588 γνῷ
352 5519 406 5572 τί
434 5519 614 5583 mut;
661 5536 680 5568 ι
713 5518 870 5582 Τίνος
896 5518 1084 5576 ἕνεκεν
1116 5522 1228 5583 τοῖς
1257 5515 1562 5590 ὑπηρέταις
1587 5522 1688 5575 οὐκ
1711 5523 1804 5591 ὀρ-

214 5610 404 5678 100;,
421 5610 558 5664 ἀλλά
580 5612 772 5681 πράως
799 5612 1202 5682 προσφέρονται
1228 5613 1278 5665 οι
1294 5613 1602 5682 Φαρισαῖοι,
1625 5614 1805 5683 ἠπίως

288 5791 334 5821 ’⁸
365 5789 508 5851 Psal.
544 5809 727 5860 xxxiv,
774 5795 861 5849 16.
939 5795 980 5827 τί
1013 5793 1032 5847 l
1073 5793 1204 5866 Reg.
1239 5808 1372 5861 xxii,
1408 5793 1490 5847 16.

1919 4600 2087 4670 legem
2121 4601 2430 4656 sacerdotes
2466 4599 2560 4655 Dei
2592 4601 3037 4659 interimerentur
3065 4604 3135 4659 ⁷³.

1992 4863 2153 4920 Vens.
2189 4865 2382 4919 67-51.
2425 4882 2445 4916 ι
2484 4863 2905 4935 Responderunt
2931 4883 3062 4938 ergo
3098 4871 3178 4925 eis
3209 4871 3508 4928 Pharisaei:

1915 4959 2052 5013 Num
2087 4951 2141 5013 et
2165 4975 2261 5014 vos
2297 4959 2503 5014 seducti
2535 4960 2668 5013 estis
2693 4960 2716 5012 ’ἰ
2743 4959 2879 5012 Num
2909 4963 3032 5030 quis
3071 4979 3135 5016 ex
3170 4965 3512 5035 principibus

1912 5054 2144 5112 credidit
2182 5058 2233 5107 in
2268 5069 2416 5117 eum,
2451 5063 2547 5106 aut
2585 5068 2650 5108 ex
2681 5053 3017 5110 Pharisaeis?
3052 5057 3158 5112 Sed
3184 5060 3364 5131 .turba
3399 5062 3512 5117 hazc

1911 5163 2031 5219 quae
2054 5161 2162 5201 non
2189 5148 2338 5200 novit
2367 5146 2565 5216 legem,
2602 5146 2969 5202 exsecrabiles
3002 5157 3150 5201 sunt.
3183 5149 3320 5204 Dicit
3348 5149 3510 5206 Νίσου

1910 5241 2103 5296 demus
2139 5240 2204 5294 ad
2249 5253 2366 5305 eos,
2420 5239 2466 5293 is
2501 5237 2594 5308 qui
2645 5246 2808 5293 nocte
2858 5251 3081 5293 venerat
3113 5241 3182 5295 ad
3211 5257 3358 5309 eum,
3416 5246 3510 5314 qui

1911 5347 2051 5386 unus
2080 5341 2199 5386 erat
2228 5331 2295 5386 de
2322 5344 2552 5385 numero
2578 5343 2764 5385 eorum
2799 5349 2811 5383 :
2842 5326 2980 5383 Num
3017 5329 3101 5383 lex
3140 5342 3330 5387 nostra
3357 5334 3510 5402 judi-

1912 5434 1999 5481 cat
2036 5424 2332 5486 hominem,
2366 5421 2469 5476 nisi
2502 5423 2655 5492 prius
2695 5421 2928 5475 audierit
2957 5421 3024 5476 ab
3057 5422 3194 5490 ipso,
3223 5433 3276 5476 et
3303 5437 3508 5494 εοειιοο

1917 5519 2058 5574 verit
2087 5516 2216 5588 quid
2244 5515 2441 5572 faciat?
2477 5533 2496 5566 ι
2529 5515 2702 5582 Quam
2735 5515 2804 5569 ob
2834 5528 3057 5570 causam
3100 5516 3366 5570 ministris
3402 5530 3508 5570 non

1920 5608 2198 5678 iracunde,
2231 5607 2326 5665 sed
2356 5615 2638 5664 mansuete
2659 5607 2956 5678 loquuntur
2985 5604 3270 5673 Phariszei,
3296 5611 3510 5680 placide
