4202 6458
495 422 575 487 il
1410 428 1638 491 BERN.
1685 428 1953 491 MANE
1994 427 2094 489 DE
2137 426 2414 489 RUBEIS
2456 423 2958 488 DISSERTATIO
3814 422 3887 485 16

2136 598 2247 670 III.

500 781 675 850 Cum
711 783 1000 851 Baronio
1020 785 1216 851 sentit
1244 782 1568 850 Antonius
1607 784 1886 870 Pagius,
1949 782 2494 869 Theophytactnm
2564 781 2761 848 etiam
2798 783 2918 847 sub
2951 781 3260 848 Michaete
3327 780 3507 848 Duco
3574 791 3630 850 et
3695 783 3880 851 Nice-

575 871 780 963 pltoro
803 874 1150 941 Botoniata
1189 874 1447 939 vixisse.
1501 872 1672 961 Ejus
1710 873 2187 963 argumentatio
2225 871 2636 963 capenditnr,
2680 892 2823 960 quae
2864 872 3155 963 sumitur
3316 871 3477 963 libro
3516 871 3735 959 Regia?
3777 872 3879 939 ln~

582 959 967 1030 stitutionis.
1003 962 1158 1031 Haec
1194 964 1413 1029 eadem
1454 959 1735 1048 terripora
1775 962 2022 1052 indicat
2063 960 2457 1052 epislotaad
2498 959 2814 1052 Joannem
2852 960 3103 1052 Italam
3131 959 3588 1052 phitos0phum
3632 983 3644 1026 :
3689 963 3881 1052 cujus

578 1052 771 1121 varia
805 1053 953 1141 fata
991 1060 1228 1119 narrat
1264 1054 1460 1119 Anna
1522 1055 1869 1117 Comnena.
1906 1050 2518 1139 Clzironographiam
2564 1050 2946 1137 conﬁrmant
2986 1049 3138 1117 alia:
3165 1049 3470 1137 epistolae.

580 1217 645 1288 7.
694 1220 878 1289 Ilanc
919 1221 1313 1308 scriptorum
1362 1220 1781 1302 discordiam,
1830 1219 2087 1287 tametsi
2134 1219 2366 1301 levem,
2409 1220 2760 1287 conciliare
2801 1229 2914 1286 aut
2960 1219 3227 1285 omnino
3261 1219 3491 1287 tollere
3521 1220 3881 1308 splendidis

488 1311 757 1398 vetustis
799 1310 1241 1378 monumentis
1271 1331 1401 1377 non
1440 1311 1615 1390 licet,
1659 1331 1804 1397 quae
1847 1312 2055 1375 lucem
2111 1308 2385 1376 all’erant
2447 1310 2523 1375 ad
2588 1309 2880 1398 ejusdem
2938 1308 3405 1398 Theophylacti
3478 1309 3883 1397 chronogra»

488 1397 712 1486 phiam
755 1400 1245 1467 accuratissime
1280 1401 1730 1485 (ligerendam.
1777 1399 1901 1465 Pro
1944 1398 2108 1463 virili
2150 1400 2477 1485 agendum
2518 1400 2679 1466 mihi
2714 1410 2837 1479 est,
2886 1409 2957 1465 ut
3031 1398 3171 1485 ejus
3212 1397 3401 1464 vitam
3480 1399 3732 1485 agentis
3810 1421 3882 1463 ac

491 1486 789 1556 ﬂorentis
856 1499 1179 1576 tempora,
1256 1490 1469 1575 quoad
1544 1489 1683 1554 ﬁeri
1728 1489 2105 1573 diligentius
2148 1489 2406 1575 poterit,
2452 1488 2812 1576 proximius
2858 1488 3199 1573 attingam,
3241 1488 3385 1553 luce
3468 1488 3883 1575 potissimum

489 1579 887 1667 prmlucente
937 1579 1402 1667 Epistolarum,
1446 1579 1577 1644 sive
1617 1600 1779 1663 quas
1819 1578 2133 1644 Baronius
2166 1577 2391 1667 edidit,
2436 1579 2564 1643 sive
2603 1578 2970 1665 quastypis
3014 1576 3297 1667 vulgavit
3378 1578 3723 1667 ltleui_'sius.
3798 1578 3880 1644 ll-

487 1664 596 1733 lud
630 1678 847 1735 autem
891 1668 957 1734 in
986 1664 1168 1735 lucro
1212 1667 1432 1747 fuerit,
1481 1670 1653 1755 quod
1692 1669 1950 1734 easdem
2003 1687 2121 1732 nos
2168 1666 2488 1755 Epistolas
2518 1664 2967 1755 decerpentes,
3058 1677 3193 1731 tum
3266 1665 3471 1754 ipsius
3532 1664 3878 1755 Theophy-

487 1754 641 1823 lacti
688 1768 867 1842 gesta
903 1759 1090 1845 plura
1120 1757 1286 1824 scitu
1336 1754 1532 1841 digna
1575 1756 2059 1837 enarrabimus,
2104 1754 2242 1823 tum
2276 1758 2471 1824 etiam
2515 1754 2917 1823 adducemus
2943 1776 3073 1823 non
3114 1775 3350 1844 pauca,
3394 1776 3541 1843 quae
3587 1776 3692 1823 res
3734 1754 3879 1844 ejus

484 1846 606 1913 aevi
641 1837 1387 1934 constantinopolitanas
1412 1837 1771 1913 illustrant.

583 1959 611 2000 ‹
663 1936 777 2003 llis
808 1957 967 2023 ergo
1007 1931 1086 2002 ex
1118 1934 1423 2022 Epistolis
1464 1934 1683 2020 (verba
1712 1944 1865 2001 sunt
1901 1933 2160 1999 Antonii
2198 1935 2370 2020 l’agii
2412 1937 2489 2001 ad
2521 1955 2765 2000 annum
2812 1931 3012 2023 1071,
3058 1954 3239 2023 num.
3290 1932 3453 2023 Xlll)
3508 1931 3875 2023 Dncangius

483 2043 828 2112 perperam
878 2022 1144 2092 deducit
1184 2024 1735 2112 'l‘heophylactum
1775 2044 1905 2090 non
1964 2023 2084 2088 sub
2128 2024 2435 2091 Michaele
2477 2024 2678 2105 Duca,
2724 2025 2832 2089 sed
2886 2022 3007 2089 sub
3070 2022 3286 2112 Alexio
3350 2022 3678 2089 Comneno
3753 2022 3874 2089 ﬂo-

480 2111 925 2200 ruissezwm
974 2135 1047 2181 ex
1105 2113 1275 2179 libro
1323 2113 1404 2179 De
1457 2111 1869 2179 institutione
1908 2114 2086 2199 regia
2142 2124 2393 2180 constet
2478 2113 3037 2200 TheOphylactum
3088 2111 3285 2177 etiam
3356 2113 3476 2178 sub
3568 2112 3875 2179 Michaele

480 2199 657 2269 Duca
700 2202 955 2271 vixisse.
1006 2228 1034 2267 ι
1076 2201 1380 2291 Quaenam
1433 2201 1985 2288 argumentationi
2027 2222 2101 2268 ex
2136 2201 2560 2271 Institutione
2597 2199 2775 2291 regia
2806 2222 2842 2267 a
2886 2201 3083 2287 Pagio
3126 2203 3529 2290 depromptae
3568 2201 3661 2267 vis
3694 2201 3870 2283 insit,

482 2292 876 2380 accuratiori
920 2312 1121 2380 opera
1161 2290 1663 2378 (lisquil‘endum
1715 2301 1833 2357 est.

569 2377 637 2447 8.
688 2380 882 2447 Liber
919 2377 1337 2466 nuncupatus
1369 2392 1464 2447 est
1504 2384 1638 2457 Πρὸς
1669 2382 2164 2460 Πορφυρογέννητον
2200 2390 2228 2437 ις

2211 2390 2625 2452 Ᾱωνστκντῖνρν,
2700 2381 2785 2445 ad
2857 2378 3368 2445 Constantinum
3423 2378 3870 2468 Porphyroge-

476 2467 714 2536 nitum.
775 2473 830 2536 ls
874 2469 1198 2537 Michaelis
1242 2469 1430 2536 Daca:
1469 2482 1533 2535 et
1574 2469 1811 2551 Mariaa,
1856 2490 1927 2536 ex
1948 2469 2187 2537 Alanis;
2213 2490 2323 2535 seu
2354 2468 2583 2538 Iberiae
2609 2469 2878 2556 regibus
2920 2480 3099 2552 satae,
3131 2468 3303 2536 ﬁlius
3334 2480 3503 2549 erat,
3540 2467 3711 2535 anno
3747 2471 3877 2535 cir-

477 2557 643 2626 citer
677 2557 854 2626 1074
892 2571 1105 2625 natus.
1159 2558 1619 2645 Desponsatam
1650 2561 1861 2624 eidem
1894 2559 2198 2625 Helenam
2231 2557 2493 2626 Roberti
2526 2558 2864 2628 Guiscardi
2904 2558 3131 2639 ﬁliam,
3164 2570 3428 2647 narrant
3458 2559 3815 2647 scriptores
3848 2581 3861 2624 :

478 2658 542 2713 et
586 2670 829 2717 annum
874 2647 1045 2716 1077
1096 2647 1322 2713 deﬁnit
1351 2647 1589 2736 ALupus
1632 2648 2079 2735 l’rolospatha.
2139 2648 2286 2714 llaec
2328 2649 2592 2736 abrupit
2639 2647 3055 2714 connubialia
3104 2658 3288 2735 pacta
3312 2646 3721 2736 Nicephorus
3749 2648 3869 2714 Bu-

477 2737 748 2827 ioniala,
836 2739 948 2827 qui
992 2758 1163 2827 auno
1204 2734 1378 2803 1078
1408 2734 1745 2827 usurpavit
1782 2734 2158 2824 imperium,
2207 2734 2513 2805 Michaele
2571 2736 2944 2815 deturbato,
2996 2734 3398 2825 remissaque
3449 2734 3526 2803 ad
3619 2750 3866 2827 patrem

479 2823 753 2917 ilelena,
795 2823 941 2917 quae
988 2823 1658 2917 Constantinopolim,
1688 2826 1800 2893 ubi
1850 2823 2251 2917 adolesceret
2315 2838 2380 2917 et
2438 2828 2845 2917 excoleretur
2888 2827 2953 2917 in
3037 2826 3210 2917 aula,
3281 2823 3561 2917 adducta
3623 2823 3869 2917 fuerat.

476 2912 551 2981 In
626 2912 1023 2985 monasterio
1072 2915 1376 2983 Studensi
1422 2912 1664 2981 reclusi
1747 2916 2027 3002 agebant
2103 2914 2371 2981 Michael
2420 2928 2484 2982 et
2549 2936 2710 2983 uxor
2759 2915 2985 2997 Maria,
3028 2926 3093 2983 et
3118 2914 3577 2982 Constantinus
3640 2914 3869 2982 ﬁlius:

478 3024 629 3095 cum
673 3008 845 3075 idem
891 3005 1179 3085 Michael,
1229 3005 1515 3095 detonsis
1564 3005 1842 3095 capillis,
1876 3003 2125 3095 Ephesi
2168 3006 2579 3095 metrOpolita
2624 3005 3040 3095 renuntiatur
3076 3025 3103 3095 ξ
3145 3025 3220 3071 ac
3276 3003 3566 3085 Mariam,
3610 3004 3873 3095 calcatis

476 3090 784 3183 Ecclesiae
823 3097 1106 3183 legibus,
1146 3114 1414 3159 uxorem
1459 3090 1792 3160 Botoniata
1836 3090 1961 3183 sibi
2033 3090 2407 3183 c0pulavit';
2472 3093 3019 3183 ejusqueAiilium
3064 3092 3565 3183 Constantinum
3620 3094 3881 3183 reduxit

477 3178 544 3249 in
578 3178 917 3274 palatium:
964 3182 1316 3274 Imperium
1361 3194 1723 3274 occupante
1775 3182 1999 3274 Alexio
2042 3178 2374 3274 Comneno
2472 3178 2657 3249 anno
2709 3178 2873 3274 1081
2959 3182 3172 3250 dictus
3217 3194 3349 3274 gest
3414 3180 3879 3274 Constantinus

480 3296 515 3341 α
559 3270 885 3363 particeps
925 3270 1208 3361 imperii,
1243 3272 1500 3363 sutait
1547 3274 1728 3338 Anna
1762 3272 2091 3338 Comnena
2133 3272 2299 3363 libro
2342 3292 2416 3341 ιιι
2455 3272 2855 3363 Alea:iados,_
2881 3295 2907 3336 ι
2934 3272 3326 3363 alque_adeo_
3354 3270 3575 3338 rubris
3601 3271 3879 3339 cothur-

476 3360 583 3434 nis
604 3375 667 3431 et
704 3360 948 3432 corona
986 3360 1329 3448 Augustali
1372 3361 1704 3441 utebatur,
1751 3372 1813 3427 et
1852 3381 2090 3427 nomen
2119 3362 2260 3447 ejus
2285 3383 2433 3450 cum
2453 3361 2650 3429 Alexii
2682 3360 2945 3429 nomine
2975 3360 3526 3450 proclamabatur.
3554 3384 3583 3425 ι
3623 3364 3701 3428 At
3718 3382 3872 3430 vero

481 3479 509 3521 ‹
556 3452 747 3522 Maria
777 3454 1051 3521 excessit
1092 3452 1357 3538 palatio,
1408 3452 1841 3536 migravitque
1886 3450 1947 3515 in
1978 3452 2167 3539 aedes
2208 3472 2241 3516 a
2311 3449 2729 3519 Constantino
2777 3449 3200 3518 Monoinacbo
3242 3450 3641 3539 imperatore
3707 3471 3866 3518 con-

472 3555 757 3612 structas
798 3562 1001 3630 prope
1029 3537 1343 3630 templum
1389 3541 1603 3630 magni
1629 3539 1933 3630 martyris
1958 3537 2250 3630 Georgii,
2295 3561 2440 3627 quae
2471 3541 2692 3625 lingua
2727 3539 2972 3630 vulgari
3007 3537 3501 3628 Mangana'dici
3545 3540 3802 3608 solent:
3832 3566 3864 3607 ι
3902 3566 3905 3569 δ

476 3633 589 3701 ubi
633 3629 962 3718 reliquum
1002 3629 1150 3718 vitae
1184 3629 1353 3694 inter
1392 3629 2203 3718 sanctimoniales_exegit,
2246 3630 2504 3713 vitaque
2551 3629 2807 3695 mortali
2849 3630 3068 3695 functa
3102 3642 3221 3696 est.

571 3720 723 3788 Han:
758 3715 974 3785 Mariae
1035 3717 1161 3807 fata
1211 3717 1531 3807 describit
1562 3716 1760 3803 Regia
1806 3718 1870 3783 in
1913 3715 2337 3785 Institutione
2372 3718 3140 3807 TheOphylactusLunde
3214 3718 3577 3807 colligitur
3622 3719 3867 3807 primo,

483 3830 649 3898 Opus
690 3809 863 3875 istud
891 3806 1152 3898 nonnisi
1197 3806 1318 3898 sub
1359 3805 1581 3872 Alexio
1621 3808 1950 3898 Comneno
1993 3807 2357 3898 imperante
2440 3805 2773 3893 vulgatum
2807 3828 2892 3898 _a
2935 3806 3413 3898 Theophylacto
3493 3805 3692 3898 fuisse
3736 3829 3749 3873 :
3797 3828 3876 3876 ac

481 3895 717 3967 deinde
764 3896 1022 3965 Antonii
1067 3895 1245 3985 Pagii
1306 3896 1963 3985 argumentationem
2012 3895 2363 3985 infirmari,
2409 3899 2634 3964 eadem
2678 3917 2752 3962 ex
2795 3895 3433 3985 Regiajnstztntione
3492 3895 3876 3985 conjectan-

485 3988 591 4068 tis,
635 3986 939 4054 ﬂoruisse
984 3984 1544 4075 Theophylactum
1595 3985 1716 4051 sub
1766 3985 2073 4051 Michaele
2113 3984 2534 4053 Duca.Verba
2564 3996 2717 4051 sunt
2746 3988 2956 4074 capite
2998 3983 3034 4050 7
3066 3987 3270 4074 partis
3302 3987 3531 4075 primae
3571 4006 3585 4051 :
3618 3983 3657 4049 ἡ(
3702 3984 3872 4063 Quid

479 4077 603 4166 ipsi
647 4076 953 4166 (Marica),
981 4075 1189 4166 gloria
1233 4074 1440 4166 regni,
1485 4095 1630 4160 quae
1672 4095 1819 4140 cum
1862 4076 2110 4153 omnia,
2155 4086 2228 4140 ut
2268 4078 2359 4142 ait
2398 4075 2822 4166 Apostolust,
2851 4074 3627 4166 arbitraretnrstercora,
3676 4076 3867 4142 Chri-

480 4164 653 4234 stum
700 4165 911 4232 solum
944 4164 1321 4231 lucrilacere
1349 4164 1545 4249 elegit
1588 4185 1603 4242 ;
1648 4185 1685 4228 a
1727 4184 1857 4249 quo
1885 4174 1946 4230 et
1984 4185 2137 4250 erep

2200 4191 2205 4229 ι
2246 4166 2324 4231 dc
2370 4176 2579 4231 morte
2648 4164 2888 4244 carnis,
2933 4166 3031 4231 τὴν
3064 4166 3116 4221 ἐν
3150 4164 3663 4242 αὖτῷκρυπτομένεν
3693 4167 3859 4240 ζωήν,

478 4256 923 4323 absconditam
967 4254 1039 4319 in
1087 4255 1224 4340 ipso
1249 4254 1452 4318 vitam
1485 4252 1721 4318 amavit
1752 4274 1766 4317 :
1806 4264 1868 4319 et
1906 4253 2000 4319 sic
2038 4274 2369 4320 summum
2415 4253 2615 4340 regite
2653 4253 2921 4340 quidem
2954 4253 3291 4341 dignitatis
3342 4252 3671 4340 fastigium
3754 4274 3860 4320 re-

477 4347 725 4434 putavit
790 4343 1200 4422 barathrum,
1246 4341 1630 4434 humilitatis
1706 4352 1923 4408 autem
1966 4363 2113 4434 quae
2145 4344 2519 4434 secundum
2591 4341 2916 4409 Christum
2988 4356 3133 4434 est,
3181 4342 3632 4434 celsitudinem
3711 4363 3863 4434 vere

477 4430 831 4502 caelestem.
903 4434 1077 4499 Adeo
1122 4442 1193 4498 ut
1223 4430 1431 4517 magis
1459 4453 1589 4497 una
1629 4452 1700 4497 ex
1742 4444 1926 4519 parte
1971 4432 2290 4499 mirabilis
2332 4434 2627 4501 videatur
2686 4443 2861 4497 tanta
2906 4432 3211 4513 mutatio,
3254 4444 3318 4499 et
3356 4453 3429 4500 ex
3474 4431 3598 4498 alia
3652 4432 3863 4519 magis

472 4524 780 4613 perfectae
825 4521 924 4612 [V]
970 4521 1176 4610 ipsius
1240 4520 1617 4613 mutationis
1664 4541 1963 4613 summus
2000 4520 2267 4613 gradus.
2307 4523 2409 4588 Ad
2438 4521 2809 4613 solitariam
2847 4524 3308 4613 setransferre
3353 4524 3555 4613 vitam
3589 4520 3672 4613 ἐξ]
3767 4523 3861 4577 τὸν

472 4608 682 4694 ξιονῆρη
728 4608 850 4690 βίοιῖ
882 4608 1264 4689 μῖετένεχίὶῆναι
1317 4611 1553 4696 puellis
1595 4610 1815 4676 multis
1855 4610 2128 4695 contigit

2228 4613 2335 4678 sed
2382 4611 2587 4697 magis
2640 4611 3075 4693 muliebriter,
3111 4612 3219 4678 sed
3272 4612 3553 4678 mollius.
3618 4608 3859 4677 Verum

472 4703 635 4771 adeo
674 4704 998 4771 ferventer
1030 4719 1387 4786 pauperem
1416 4699 1694 4766 evasisse
1743 4698 2005 4786 spiritu,
2049 4700 2249 4767 solius
2284 4700 2488 4766 felicis
2528 4699 2744 4765 Mariae
2790 4700 3081 4766 studium
3122 4700 3242 4767 fuit
3280 4711 3345 4768 et
3381 4698 3779 4769 exercitatio.
3820 4722 3851 4764 ι

469 4793 673 4860 Alexii
712 4790 1021 4859 Comneni
1052 4802 1346 4877 tempora
1390 4790 1529 4855 sine
1558 4787 1757 4855 dubio
1792 4787 2022 4855 deﬁnit
2058 4787 2167 4857 hic
2209 4790 2423 4856 Marias
2476 4810 2509 4855 e
2557 4788 2797 4879 palatio
2852 4809 3173 4874 recessus,
3246 4790 3356 4857 hic
3415 4788 3710 4877 ejusdem
3748 4808 3859 4855 ac-

470 4898 695 4948 cessus
741 4882 819 4947 ad
858 4880 1349 4946 monasterium.

557 4970 652 5035 Ad
696 4968 867 5035 idem
924 4968 1252 5056 pertinent
1302 4964 1615 5032 Comneni
1700 4964 2076 5056 imperium,
2133 4988 2279 5054 quae
2320 4974 2713 5055 sequuntur.
2765 4965 3126 5056 Corporeas
3191 4965 3598 5036 Constantini
3672 4967 3857 5036 dotes

557 4990 652 5035 aa
696 4990 867 5035 mem
970 4990 1252 5032 el‘llnent
1302 4990 1615 5032 Comneni
1700 4990 2076 5052 imperium,
2133 4990 2279 5054 quae
2320 4990 2713 5055 sequuntur.
2765 4990 3126 5056 uorporeas
3191 4990 3598 5036 Consmnum
3672 4990 3847 5036 uOtes

467 5058 738 5126 eximias
790 4990 1078 5123 celegrat
1108 5055 1633 5143 Tlieophylactus
1677 5056 1886 5141 capite
1919 5053 1985 5135 4,
2031 5057 2376 5144 ipsumque
2418 5067 2843 5146 repraesentat
2885 5080 2912 5121 ι
2957 5058 3353 5125 insilientem
3401 5057 3469 5125 in
3511 5077 3781 5146 equum,
3819 5082 3847 5123 ›

466 5158 532 5214 et
582 5171 609 5213 α
654 5145 901 5215 crebris
928 5157 1331 5211 exercentem
1395 5166 1535 5211 sese
1582 5146 1913 5222 cursibus,
1962 5168 1987 5208 ι
2048 5156 2112 5212 et
2179 5170 2205 5209 ‹
2259 5147 2323 5212 in
2390 5145 2843 5212 venationibus
2916 5147 3391 5216 antevolantem
3465 5145 3760 5215 comites.
3816 5170 3844 5213 ›

462 5234 616 5305 Haec
649 5237 871 5303 eadem
916 5235 982 5301 in
1022 5253 1230 5321 puero
1260 5232 1749 5323 jamseptenni,
1780 5233 2078 5323 adeoque
2118 5235 2312 5301 vitam
2346 5246 2577 5323 agente
2611 5234 2783 5323 circa
2848 5246 3093 5305 annum
3143 5234 3349 5319 1082,
3406 5236 3629 5303 landat
3669 5239 3853 5305 Anna

460 5324 791 5393 Comnena
830 5324 951 5415 squ
979 5322 1239 5415 initium
1279 5322 1431 5415 libri
1465 5343 1537 5415 ιιι
1578 5321 1983 5415 Alexiodosug
2028 5346 2054 5385 ι
2101 5322 2257 5415 Erat
2296 5321 2753 5415 eajustissima
2799 5327 3025 5415 matris
3061 5347 3246 5408 cura,
3327 5327 3658 5414 inquiens,
3728 5348 3851 5415 pro

456 5436 668 5504 puero
714 5411 1075 5481 festivitatis
1114 5422 1178 5479 et
1241 5412 1594 5504 elegantiae
1622 5411 2050 5504 admirabilis,
2092 5414 2308 5504 adhuc
2366 5411 2742 5501 septenni...
2790 5413 2991 5501 Cujus
3032 5416 3313 5483 suavitas
3378 5411 3509 5504 sive
3574 5411 3851 5504 loquen-

456 5500 565 5587 iis,
609 5504 765 5600 sive_
804 5504 1108 5570 ludorum
1170 5522 1409 5600 genere
1462 5500 1651 5599 vario.
1711 5521 1910 5600 quos.
1958 5502 2205 5569 ferebat
2246 5500 2707 5589 aetas,icorpus
2786 5500 3133 5574 scitissime
3188 5503 3530 5589 moventis,
3600 5500 3853 5593 judicio

452 5593 914 5684 spectantium,
957 5591 1449 5680 comparatione
1476 5591 1656 5657 omni
1688 5591 1998 5679 superior
2023 5602 2184 5659 erat.
2232 5615 2260 5656 ι

532 5766 550 5815 1
601 5759 860 5845 Philipp.
893 5778 983 5844 nt,
1012 5760 1071 5823 8.
