4202 6442
498 360 609 424 123
1417 359 1642 419 BERN.
1694 356 1959 418 ΜΑΡιΙᾸΞ
2005 355 2100 416 DE
2145 354 2421 416 RUBEIS
2465 352 2993 417 DISSERTATIO.
3771 352 3883 416 124

533 506 729 564 tores.
776 492 1218 582 Quamplugres
1248 498 1633 582 memorant
1696 487 1968 582 Graecos
2002 486 2286 582 codices,
2373 498 2438 556 et
2485 489 2818 582 versiones
2860 488 3273 582 Armenicam
3338 501 3404 558 et
3435 487 3772 582 Syriacam
3816 489 3889 558 in

537 577 1388 675 olyglottisParisiensibus
1450 589 1513 646 et
1552 577 2100 675 Londinepsibus,
2147 577 2652 675 ubi___commata
2704 579 2815 646 illa
2860 579 3291 662 omittuntur;
3336 577 3699 669 eademque
3747 600 3883 648 non

486 667 819 760 epruunt
861 671 1198 759 Origenes,
1239 669 1768 760 Chrysostomus,
1814 667 2086 760 Nonnus
2127 677 2189 735 et
2227 667 2360 735 alii.

581 763 839 830 Mutilos
856 757 1235 848 hujusmodi
1298 757 1558 849 codices
1587 757 1811 849 fuisse,
1852 757 2232 849 mutilumve
2260 758 2551 849 codicem
2582 758 3077 849 Theophylacti,
3107 779 3227 849 pro
3256 768 3436 849 certo
3470 758 3873 849 habendum.

490 855 743 920 Partem
784 845 963 917 hanc
996 859 1261 938 praestat
1302 848 1525 938 Latina
1564 846 2225 938 vulgatiinterpretis
2267 847 2516 938 versio,
2563 870 2710 937 quae
2749 845 2814 914 in
2849 845 3072 938 codice
3110 845 3635 934 Cantabrigeusi,
3659 847 3884 938 AMillio

493 943 867 1021 adnotante,
899 936 1294 1020 asservatur,
1338 937 1553 1026 qualis
1615 947 1763 1003 ante
1796 936 2189 1026 Hieronymi
2227 936 2720 1023 castigationem
2786 936 3098 1004 exstabat.
3148 938 3291 1026 Ipse
3342 947 3619 1004 testatur
3650 936 3883 1026 Hiero-

490 1050 728 1119 nymus
767 1030 937 1096 libro
1012 1045 1051 1090 ιι
1111 1034 1322 1089 contra
1361 1024 1780 1119 Pelagianos,
1842 1046 2024 1119 num.
2056 1024 2217 1119 ’_1_7,
2284 1044 2347 1086 en
2398 1026 3134 1119 E_eaizge_l_z'o_secnndum_
3175 1024 3494 1119 Joannem
3550 1025 3887 1119 in__multts

494 1114 728 1181 Graecis
787 1124 843 1181 et
886 1120 1123 1180 Latinis
1179 1116 1487 1178 codicibus
1542 1114 1814 1176 inveniri
1866 1115 1940 1176 de
1998 1115 2278 1177 adultera
2335 1115 2611 1177 muliere.
2644 1114 2856 1204 Hujus
2904 1115 3247 1182 historiam
3293 1115 3428 1183 suis
3477 1115 3545 1182 in
3615 1114 3887 1177 Harmo—

494 1212 615 1270 m‘is
664 1208 1029 1284 evangettcis
1090 1207 1508 1275 inseruerunt
1546 1205 1880 1286 Tatianus,
1926 1205 2145 1273 seaculi
2209 1206 2504 1285 secundi,
2557 1217 2621 1273 et
2695 1205 3081 1272 Ammonius
3122 1204 3295 1272 tertii
3339 1204 3648 1293 scriptor.
3720 1204 3881 1273 Eam

496 1298 743 1365 habent
804 1297 1014 1364 Latini
1078 1296 1333 1364 codices
1402 1315 1654 1376 omnes,
1733 1315 1900 1382 quos
1962 1295 2079 1361 viri
2142 1295 2505 1362 doctissimi
2569 1294 2909 1382 inspexere
2956 1315 2970 1360 :
3013 1315 3087 1361 ac
3131 1294 3401 1383 plurimi
3442 1293 3685 1383 habent
3732 1314 3879 1383 eam

496 1386 702 1456 Graeci
735 1385 1018 1468 codices,
1058 1385 1719 1475 quosexpenderunt
1754 1384 2135 1475 Theodorus
2199 1384 2383 1467 Beza,
2460 1385 2795 1475 Robertus
2826 1382 3221 1470 Stephanus,
3277 1383 3561 1475 Joannes
3610 1382 3873 1475 Millius.

499 1475 883 1545 Omissionis
945 1475 1011 1541 in
1052 1472 1384 1562 aliquibus
1423 1494 1685 1541 causam
1750 1474 1960 1562 aperit
2019 1475 2421 1559 Augustinus
2474 1474 2644 1541 libro
2683 1490 2725 1535 ιι
2757 1472 2841 1533 De
2871 1475 3175 1550 coniugiis
3239 1473 3633 1545 adulterinis,
3669 1473 3886 1561 capite

503 1565 565 1634 7.
621 1588 635 1632 :
693 1588 720 1627 α
764 1565 1071 1632 Nonnulli
1116 1561 1386 1631 modicae
1439 1562 1619 1641 ﬁdei,
1686 1561 2014 1649 inquiens,
2088 1564 2183 1629 vel
2242 1563 2455 1650 potius
2519 1561 2770 1629 inimici
2810 1582 2976 1630 verae
3022 1562 3200 1645 ﬁdei,
3245 1562 3468 1643 credo,
3515 1571 3885 1631 metuentes

506 1654 817 1742 peccandi
863 1653 1320 1742 impunitatem
1357 1653 1511 1742 dare
1554 1652 1942 1719 mulieribus
2004 1652 2140 1719 suis
2180 1652 2341 1719 illud
2390 1653 2565 1741 quod
2630 1653 2709 1719 de
2761 1652 3074 1720 adultera
3115 1651 3525 1740 indulgentia
3564 1652 3884 1721 Dominus

508 1741 684 1825 fecit,
728 1741 1066 1810 auferrent
1102 1744 1180 1809 de
1229 1741 1564 1809 codicibus
1605 1742 1762 1809 suis.
1821 1768 1846 1807 »

592 1832 732 1899 Alia
783 1844 881 1898 est
906 1832 1083 1899 Millii
1119 1831 1500 1919 conjectura
1546 1854 1559 1898 :
1614 1856 1641 1895 ‹(
1691 1831 2039 1898 Historiam
2092 1831 2286 1911 hanc,
2349 1831 2552 1920 quod,
2601 1841 2671 1897 ut
2710 1829 2990 1920 videtur,
3021 1831 3340 1920 expedire
3380 1850 3511 1920 non
3569 1840 3881 1918 putarent

508 1931 579 1989 ut
618 1942 837 1988 coram
878 1923 1123 2010 populo
1163 1918 1251 1987 ea,
1280 1922 1632 2009 legeretur,
1674 1921 1842 1988 obeto
1884 1920 2023 2007 jam
2104 1920 2257 1987 olim
2315 1918 2715 2010 jugularunt
2768 1918 2840 2010 in
2879 1918 3067 2010 libris
3124 1918 3491 2007 praesertim
3572 1920 3878 2010 publicis.

504 2007 908 2086 ἰὲϐελισμένη-Ῐ,
945 2007 1188 2092 autem,
1212 2007 1422 2099 eoque
1455 2010 1592 2098 ipso
1622 2031 1736 2077 ceu
1767 2007 2574 2097 suspectam,praeteriisse
2602 2030 2746 2076 mox
2776 2007 3371 2099 librarios,idvero
3397 2007 3885 2078 extraduhium

502 2122 642 2169 esse
692 2100 1002 2168 arbitror.
1054 2099 1230 2167 Unde
1270 2097 1387 2167 nec
1436 2097 1699 2181 mirum,
1746 2100 1798 2164 si
1843 2098 2120 2166 defuerit
2199 2100 2265 2165 in
2339 2099 2673 2166 codicibus
2733 2097 3065 2184 aliquibus
3130 2098 3324 2167 etiam
3393 2108 3542 2165 ante
3582 2116 3885 2184 tempora

505 2190 883 2277 Hieronymi
948 2201 1012 2256 et
1052 2189 1118 2256 in
1168 2188 1665 2256 Commentariis
1701 2188 2100 2255 Graecorum.
2154 2190 2231 2254 At
2280 2188 2555 2255 dubium
2600 2208 2729 2255 non
2783 2187 2877 2267 ﬁi,
2913 2188 3073 2275 quin
3116 2189 3478 2277 capiiulum
3518 2187 3667 2269 hoc,
3729 2187 3885 2258 Ver-

505 2278 705 2369 sionis
743 2280 1019 2365 vulgalm
1049 2288 1122 2369 et
1177 2278 1656 2369 exemplarium
1729 2277 2317 2369 vetustissimorum
2390 2277 2519 2344 ﬁde
2571 2277 2957 2369 stabilitum,
3004 2278 3173 2369 inter
3217 2279 3422 2369 sancti
3464 2278 3731 2369 Joannis
3773 2300 3890 2369 ge-

505 2367 709 2435 nuina
741 2367 1061 2435 recenseri
1092 2366 1344 2434 debeat.
1400 2394 1424 2431 ι
1473 2367 1691 2454 Ipsum
1734 2366 1928 2432 latius
1984 2366 2409 2434 disserentem
2468 2368 2758 2448 consule,
2804 2377 2867 2433 et
2903 2367 3341 2454 Augustinum
3389 2366 3799 2452 Calmetum,
3830 2380 3895 2437 et

506 2456 773 2524 Petrum
825 2455 1124 2524 Sabatier
1164 2456 1229 2523 in
1272 2479 1387 2524 sua
1440 2456 1645 2523 Veteri
1682 2455 1920 2523 Italica
1972 2456 2284 2523 Versione.

596 2543 748 2613 102.
783 2546 1189 2636 lnterpolata
1211 2567 1285 2612 ac
1330 2545 1549 2636 vitiata
1578 2546 1719 2612 loca
1779 2544 2427 2636 ineranteodemgin
2467 2546 2717 2628 codice,
2762 2566 2894 2636 quo
2961 2545 3486 2636 Theophylactus
3529 2547 3880 2636 utebatur;

508 2636 898 2725 inerantque
999 2634 1300 2721 genuinae
1374 2635 1739 2725 lectiones,
1818 2656 1852 2701 a
1914 2634 2179 2725 "quibus
2284 2634 2529 2701 abeunt
2584 2635 2929 2725 rcodicesi
2985 2634 3093 2702 alii
3144 2634 3459 2725 'itemque
3532 2635 3884 2705 editiones.

508 2724 863 2821 _I_Jtriusque
912 2726 1169 2821 generis
1245 2726 1434 2813 plura
1501 2723 2050 2821 exemplauoil‘ert
2098 2724 2381 2821 loanues
2405 2724 2680 2821 “Millius
2757 2723 3392 2821 in__Prolegomenis
3441 2726 3546 2821 _ad_
3637 2725 3891 2794 Novum

508 2811 994 2903 Testamentum
1030 2811 1326 2883 Graecum
1368 2835 1404 2881 a
1449 2835 1631 2881 num.
1692 2811 1890 2882 1059.
1940 2814 2311 2903 Specimina
2357 2813 2560 2882 affero
2601 2814 2940 2896 nonnulla,
2985 2824 3056 2881 ut
3091 2814 3231 2882 haec
3287 2814 3492 2903 magis
3529 2815 3899 2884 innotescat

509 2900 1009 2971 animadversio.

601 2990 786 3081 [LXI]
830 3004 894 3064 In
941 2992 1287 3081 Evangelio
1329 2992 1604 3061 Matthzei
1633 2993 1841 3081 capite
1870 3012 1957 3074 IV,
2008 3013 2069 3059 v.
2117 2997 2228 3075 2h,
2264 2992 2438 3059 inter
2465 3013 2576 3059 eos
2608 2992 2723 3080 qui
2763 2993 2969 3059 variis
3011 2993 3436 3080 languoribus
3477 2992 3692 3060 affecti
3722 2994 3897 3062 male

513 3104 578 3148 se
622 3082 958 3163 habebant,
998 3082 1063 3148 in
1097 3082 1393 3148 versione
1426 3084 1685 3170 vulgata
1712 3083 2020 3149 Lunatici
2050 3082 2550 3170 distinguuntur
2585 3084 2665 3148 ab
2699 3081 2775 3147 iis
2801 3082 2915 3169 qui
2947 3083 3267 3150 daemonia
3300 3083 3646 3150 habebant.
3702 3083 3894 3169 Apud

516 3171 1073 3260 Theophylactum
1128 3170 1369 3237 mentio
1410 3174 1590 3240 nulla
1628 3179 1733 3228 τῶν
1777 3170 2175 3248 δαιμονιζομένι·

2235 3222 2246 3250 ,
2282 3173 2392 3238 sed
2442 3192 2553 3238 rro
2584 3171 2687 3237 his
2728 3171 3030 3259 intelligit
3076 3172 3214 3260 ipse
3248 3172 3509 3240 eosdem
3548 3173 3894 3240 lunaticos.

514 3260 981 3328 Commentarii
1026 3265 1221 3328 verba
1261 3272 1414 3343 sunt
1464 3284 1476 3328 :
1532 3262 1875 3330 Lunatin
1920 3270 2134 3329 autem
2179 3262 2336 3329 dicit
2390 3261 2835 3342 dwmoniacos,
2880 3273 2999 3328 etc.
3047 3260 3268 3340 Marci,
3313 3261 3523 3350 capite
3570 3285 3617 3343 ι,
3664 3280 3724 3328 v.
3778 3260 3896 3345 29,

517 3350 770 3441 ’ἐξελθὼν
816 3350 993 3441 ἦλθενν
1029 3352 1353 3438 egrediens
1377 3353 1572 3435 venit,
1596 3373 1711 3441 pro
1749 3351 2040 3417 ἐξελθόντες
2086 3352 2176 3419 me

2240 3377 2270 3423 ν,
2304 3351 2687 3441 egredientes
2714 3359 3046 3441 venerunt,
3070 3350 3368 3441 Proxime
3399 3350 3669 3441 quidem
3691 3351 3899 3441 solius

516 3436 755 3507 Christi
800 3436 1225 3508 mentio—est:
1274 3442 1382 3510 sed
1415 3436 1767 3526 respicitur
1806 3442 1883 3507 ad
1943 3441 2284 3529 superiora
2324 3436 2384 3507 ι.
2430 3437 2547 3529 21,
2581 3439 2691 3507 ubi
2734 3441 2814 3507 de
2868 3440 3205 3529 discipulis
3254 3436 3584 3529 simulque
3632 3439 3894 3509 Christo

513 3529 755 3619 agitur.
795 3530 982 3597 Lucae
1021 3531 1227 3617 capite
1256 3557 1299 3614 1,
1349 3553 1404 3598 v.
1463 3530 1573 3613 73,
1626 3531 1803 3608 ὅρκου,
1839 3528 2214 3619 juramenti
2245 3551 2389 3619 pro,
2428 3528 2603 3608 ὅρκον,
2620 3530 3120 3619 juramentnm;
3172 3528 3332 3619 illud
3373 3528 3590 3597 autem
3618 3550 3655 3597 a
3685 3528 3901 3597 Theo-

516 3618 820 3705 phylacto
861 3630 1249 3710 usurpatum
1291 3631 1631 3710 syntaxeos
1664 3618 1897 3710 gratia.
1952 3620 2027 3685 Et
2061 3618 2271 3710 capite
2312 3642 2422 3701 xu,
2470 3642 2525 3685 v.
2563 3618 2673 3700 23,
2710 3619 2922 3693 πλεῖον,
2950 3621 3170 3698 major,
3205 3618 3288 3685 ob
3332 3620 3708 3707 praecedens
3741 3620 3901 3710 ψυχὴ

514 3726 636 3799 pro
708 3727 866 3799 voce
922 3708 1131 3799 πλεῖιξν,
1178 3707 1346 3789 plus?
1400 3707 1689 3799 Joannis
1720 3708 1931 3799 capite
1972 3732 2014 3799 ι,
2065 3707 2150 3775 νζ

2237 3709 2284 3791 Ι,
2341 3718 2573 3787 πρῶτον,
2644 3710 2938 3788 primum,
2985 3729 3134 3775 cum
3176 3715 3406 3787 πρῶτος,
3439 3710 3706 3789 primus,
3766 3707 3896 3796 legi

518 3794 777 3886 debeat,
820 3795 897 3861 Et
936 3795 1145 3883 capite
1184 3820 1245 3878 x,
1290 3821 1346 3864 v.
1393 3796 1505 3877 33,
1573 3799 1659 3854 ὅτε
1705 3794 1820 3873 σύ,”
1855 3798 2096 3865 omisso
2141 3822 2173 3855 κ

2240 3847 2249 3871 .
2303 3807 2355 3858 ει
2401 3801 2548 3879 quia
2608 3806 2696 3859 ιιι-
2760 3798 2837 3865 Εῐ
2874 3797 3089 3886 capite
3125 3820 3210 3881 XI,
3257 3818 3314 3864 ν.
3360 3798 3473 3882 12,
3519 3800 3678 3855 εἶπον
3727 3794 3899 3863 οὗνξ..

523 3887 685 3983 ebria,
735 3884 1043 3983 dixerunt
1075 3906 1226 3983 ergo
1252 3887 1660 3983 discipulam
1687 3887 1858 3983 ,-_ubi
1905 3892 2046 3983 α·ξῴ
2085 3887 2490 3983 adjectitium
2533 3898 2650 3955 est.
2689 3884 3066 3983 Pariasth
3105 3887 3387 3976 plurima
3410 3887 3479 3955 in
3505 3886 3901 3976 Evangeliis,

523 3973 588 4038 in
621 3973 802 4066 fictis
843 3973 1314 4063 apostolorum,
1350 3973 1430 4042 in'
1460 3977 1769 4066 Epistolis
1810 3977 2019 4058 Pauli,
2055 3988 2117 4045 et
2149 3976 2496 4045 Catholicis
2537 3976 2707 4065 apud
2749 3976 3048 4066 Millium.

603 4061 722 4123 Sed
763 4061 904 4155 nec;
950 4082 1175 4142 parum
1232 4061 1577 4146 tect‘omnn,
1636 4066 1851 4155 inquit
1911 4067 2018 4134 ille
2080 4068 2222 4133 loco
2272 4066 2493 4149 citato,
2576 4061 2643 4127 in
2713 4065 3145 4147 Tneoplzylacti
3219 4066 3421 4129 codice
3491 4068 3909 4146 genuinarum

519 4153 820 4219 occurrit.
871 4151 1113 4221 Paucas
1163 4176 1283 4244 ego
1324 4156 1546 4224 affero.
1595 4151 1877 4224 Matthtei
1911 4155 2122 4244 capite
2160 4174 2321 4238 XXIV,
2375 4180 2432 4223 v.
2478 4158 2545 4237 9,
2590 4156 2656 4222 in
2706 4155 2899 4224 editis
2939 4166 3201 4244 etgmss.
3250 4155 3609 4243 aliquibus,
3646 4158 3717 4213 Οὔ
3773 4155 3909 4230 βλέ-

524 4263 670 4335 πεῖῆ.
706 4263 836 4309 non
865 4244 1095 4335 uidetis
1143 4267 1156 4310 :
1205 4242 1345 4313 sine
1391 4252 1450 4305 οὗ
1490 4248 1661 4335 apud
1703 4242 2183 4333 Theophilactu

2248 4268 2283 4311 I.
2332 4246 2528 4335 Marci
2555 4244 2941 4335 capiteitv.
3009 4242 3122 4327 38,
3167 4249 3238 4309 εἰς
3286 4242 3442 4303 teuto
3495 4248 3594 4324 γὰρ
3652 4244 3907 4324 ἐλήλυθα,

520 4330 602 4389 ad
628 4329 740 4391 hoc
771 4333 933 4393 enim
960 4335 1144 4395 veni:
1175 4357 1303 4402 non
1337 4329 1645 4405 ἐξελήλῦὓα,
1679 4336 1833 4402 exii.
1883 4329 2154 4401 Joannis

2248 4334 2408 4423 apite
2447 4357 2552 4415 νιι,
2597 4329 2654 4400 v:
2799 4388 2813 4415 ,
2848 4332 2962 4415 ⁵22,
2999 4335 3115 4393 ’Ἒν
3139 4335 3290 4415 ἔργον
3320 4336 3569 4407 ἐποίησα,
3603 4337 3691 4391 καὶ
3714 4335 3907 4397 πάντες

525 4421 818 4528 ἳκυμάζετε
864 4420 947 4477 διὰ
979 4431 1152 4483 τοῦτο.
1191 4427 1413 4497 Μωσῆς,
1462 4448 1509 4480 κη
1551 4448 1599 4482 τ.
1650 4426 1704 4488 λ,
1742 4425 1953 4492 Unum
1983 4433 2184 4512 opusl

2243 4420 2397 4507 ci,et
2428 4444 2654 4492 omnes
2680 4424 3011 4528 miramini
3032 4435 3298 4528 Propter
3322 4427 3454 4494 hoc.
3480 4426 3902 4528 flag/segete:

526 4507 620 4576 Ita
660 4511 922 4605 scilicet
949 4511 1354 4603 interpunxit
1392 4514 1943 4605 Theophylactus,
2011 4507 2428 4603 genuinaque
2469 4534 2601 4581 non
2642 4514 2867 4602 paucis
2913 4507 3107 4584 lectio
3148 4507 3426 4585 videtur.
3480 4507 3792 4605 Reliquas
3840 4514 3905 4582 id

520 4618 740 4693 genus
778 4600 1090 4693 lectiones
1124 4600 1274 4672 vide
1316 4606 1489 4693 apud
1531 4600 1827 4671 Millium.

614 4688 827 4758 Satius
899 4692 1089 4758 nobis
1162 4688 1376 4761 fuerit
1441 4696 1789 4762 nonnullas
1860 4693 2156 4761 attulisse
2227 4692 2577 4781 utriusque
2652 4692 2905 4777 classis,
2984 4705 3058 4762 ut
3137 4696 3317 4763 novis
3368 4694 3435 4761 in
3482 4691 3910 4781 editionibus.

520 4798 667 4864 quae
708 4795 1133 4866 accurantur,
1182 4784 1308 4851 sibi
1356 4784 1452 4851 fas
1490 4804 1637 4851 non
1701 4805 1841 4852 esse
1890 4783 2256 4869 intelligant
2294 4780 2605 4872 editores,
2656 4783 2754 4872 vel
2797 4803 2916 4872 pro
2957 4784 3148 4872 genio
3196 4783 3595 4853 mutationes
3628 4782 3695 4850 in
3734 4780 3916 4872 Grae-

516 4887 666 4932 cum
708 4878 951 4961 textum
994 4872 1329 4953 invehere,
1374 4883 1486 4939 aut
1526 4874 1761 4961 passim
1800 4885 1863 4941 et
1924 4871 2495 4938 indiscriminatim
2542 4871 2605 4938 in
2671 4871 2896 4939 Latina
2958 4870 3256 4942 versione
3313 4873 3714 4941 substituere
3757 4870 3918 4938 Vul—

519 4967 762 5039 gatam.
794 4958 1190 5053 Exemplum
1237 4964 1427 5031 affert
1466 4958 1969 5053 Simoniusgloco
2012 4961 2249 5053 saepius
2298 4962 2921 5053 citato‘ex_Epistola
2970 4963 3149 5030 Pauli
3216 4965 3293 5031 ad
3332 4961 3918 5053 Ephesioscapite

518 5058 597 5113 1V,
618 5133 632 5142 .
658 5061 715 5142 V_-
788 5045 890 5129 l9,
925 5045 1036 5142 ubi
1078 5052 1341 5142 (irzecus
1370 5064 1579 5142 textus
1599 5053 1770 5142 apud
1797 5045 2176 5139 Theophyla

2252 5072 2356 5142 um
2387 5052 2481 5118 sic
2511 5045 2706 5118 habet
2750 5074 2763 5117 :
2800 5052 3014 5118 Οἴτινες
3060 5045 3469 5133 ἀπηλγηκότές,
3503 5045 3864 5142 ἱηάοιεηζςς
3898 5070 3911 5116 :

522 5133 634 5203 sed
685 5134 749 5200 in
775 5136 1390 5230 ver_sione_Philippi
1440 5133 1723 5209 Montani
1763 5133 2007 5228 legitur
2052 5133 2201 5206 cum
2252 5139 2546 5229 Vulgata,
2591 5142 3020 5230 desperantes,
3064 5142 3285 5210 Graece
3326 5140 3742 5210 ἀπηλπηκότες.
3780 5139 3918 5207 Hac

517 5229 597 5294 de
626 5244 696 5322 re
744 5224 841 5289 vel
880 5224 1017 5322 ipse
1043 5224 1481 5322 Hieron-{mus
1522 5233 1588 5299 in
1614 5224 2098 5300 Commentario
2123 5224 2499 5297 adnotatum
2529 5224 2801 5322 reliquit
2842 5254 2856 5300 :
2902 5255 2930 5322 «ι
2975 5230 3161 5311 Quod
3197 5242 3416 5299 autem
3436 5231 3677 5322 δὴ,ᾳαὶ
3694 5230 3916 5322 despe-

519 5320 731 5378 rantes
760 5316 1129 5394 semetipsos,
1168 5319 1231 5385 id
1299 5316 1431 5401 iest,
1499 5322 1875 5399 ἀπηλγηκότες
1938 5321 2175 5399 ἑαυτοὺς,

2256 5321 2443 5387 nullo
2534 5316 2710 5387 aliud
2787 5320 2853 5387 in
2899 5320 3126 5390 Graeco
3168 5322 3524 5410 signiﬁcat,
3567 5316 3773 5410 quam
3801 5316 3820 5319 “
3848 5319 3915 5410 in

522 5403 776 5472 Latino.
855 5401 1274 5493 Desperantcs
1348 5410 1618 5501 quippe,
1682 5410 2065 5479 ἂπηλπηκότες
2132 5429 2173 5476 n

2254 5409 2603 5478 ninantur:
2678 5410 3060 5490 ἀπηλγηκότες
3126 5401 3343 5481 autem
3402 5412 3469 5480 bi
3511 5401 3710 5495 sunt,
3797 5406 3913 5498 qui
