4202 6410
321 338 432 403 169

1071 346 1522 410 ENARRATIO
1565 347 1648 410 IN
1693 345 1998 410 EVANGE

2084 347 2201 408 ,ΗΜ
2247 345 2650 410 ΜΑΤΤΗΛΕΙ.
2701 384 2776 395 -—-
2821 351 2985 414 CAP.
3036 353 3084 413 Ι,

3651 354 3762 418 150

333 497 436 537 ται.
484 499 510 529 I
550 483 824 568 ξριστοίΐ
869 501 901 534 ι
938 481 1163 558 Χριστοὶ
1204 478 1451 560 ἆλέγοντο
1490 483 1538 539 οἱ
1581 479 1823 558 βασιλεῖς
1855 481 1943 537 καὶ
1975 503 1998 537 0

2104 477 2237 568 oleo
2259 486 2463 568 sancto
2481 498 2515 541 a
2536 499 2724 543 cornu
2746 482 2906 562 quod
2943 485 3460 566 superponebatur
3491 488 3670 568 capiti
3700 496 3767 550 et

338 569 510 645 ὶιριῖς.
554 565 860 647 Ἐχρίοντο
897 569 1002 648 γὰρ
1029 576 1108 645 τῷ
1160 570 1296 648 ἁγίῳ
1337 569 1498 644 ἰλαίῳ
1525 577 1602 645 τῷ
1630 569 1736 628 ἀπὸ
1780 579 1874 631 :06
1916 569 2010 626 κέ-

346 677 490 734 ρατος
527 663 624 713 :06
670 655 1056 735 ὶπιτιθεμᾶνου
1116 665 1187 736 τῇ
1237 659 1446 740 κεφαλῇ
1503 657 1865 731 ἀναϐλύζοντι.
1907 658 2010 715 Λέ-

347 769 490 824 γεται
519 753 607 804 οὖν
638 749 668 803 6
703 752 931 830 Κύριος,
995 751 1246 827 Χριστὸς,
1292 751 1380 806 καὶ
1434 751 1508 813 ὡς
1540 747 1786 827 βασιλεύς
1819 766 1836 782 ⁶
1884 747 2012 804 661-

345 835 555 893 σίλευσε
613 837 715 916 γὰρ
772 840 917 895 κατὰ
974 838 1072 906 τῆς
1157 839 1416 919 ἁμαρτίας
1448 855 1462 871 ⁸
1525 840 1612 896 καὶ
1670 840 1742 904 ὡς
1799 837 1964 918 ἱερεύς
2000 854 2012 867 '

344 928 654 1004 προσήγαγε
698 929 800 1006 γὰρ
845 927 1036 985 ἑαυτὸν
1076 931 1215 1004 θῦμα
1271 927 1400 998 ὑπὲρ
1456 930 1611 1005 ἡμῶν
1642 945 1658 962 ⁸
1695 928 1916 1009 ὶχρίσθη
1960 921 2015 982 δὲ

2097 567 2439 632 distillabat.
2474 569 2707 633 Dicitur
2737 571 2916 650 igitur
2944 572 3247 656 dominus,
3283 567 3580 653 Christus,
3608 585 3667 639 et
3697 585 3762 640 ut

2097 658 2369 738 rex,qnia
2389 666 2597 722 contra
2629 669 2938 742 peccatum
2962 664 3253 742 regnavit:
3290 672 3347 726 et
3368 675 3432 728 ut
3456 667 3755 729 sacerdos:

2101 745 2315 835 obtulit
2373 748 2531 810 enim
2583 750 2970 831 semetipsum
3016 753 3378 816 sacriﬁcium
3412 774 3517 835 pro
3552 755 3749 818 nobis.

2101 834 2385 898 Inunctus
2402 846 2597 900 autem
2613 850 2702 902 est
2724 849 2784 901 et
2796 840 2930 921 ipse
2947 841 3078 905 oleo
3093 843 3191 904 illo
3207 861 3343 904 vero
3358 834 3751 927 et’pmcipuo,

2100 944 2314 1006 nempe
2342 927 2562 1006 Spiritu
2595 929 2975 1001 sancto.Quis
2998 931 3159 993 enim
3185 931 3333 994 alius
3356 932 3563 994 habuit
3583 934 3756 1013 spiri-

344 1017 442 1071 καὶ
496 1016 653 1080 αὒτὸς
684 1017 878 1095 κυρίως
935 1023 1013 1090 τῷ
1070 1015 1306 1092 ἀληθινῷ
1343 1015 1526 1093 ἐλαίῳ,
1557 1024 1636 1092 τῷ
1663 1019 1798 1098 ἁγίῳ
1841 1019 1998 1074 Πνεύ-

2100 1021 2245 1086 tum,
2272 1022 2334 1076 ut
2363 1014 2680 1079 Dominus?
2712 1015 2778 1078 In
2807 1018 3028 1079 sanctis
3059 1019 3219 1090 enim
3261 1021 3448 1099 gratia
3497 1022 3753 1102 Spiritus

350 1127 502 1178 ματι,
532 1105 620 1170 Τίς
784 1104 947 1172 ἄλλος
981 1107 1110 1187 εἶχε
1139 1107 1201 1164 :6
1224 1113 1453 1183 πνεῦμα,
1487 1109 1560 1172 ὡς
1590 1109 1618 1164 6
1651 1109 1836 1186 Κύριος
1861 1126 1888 1187 -;
1922 1105 1998 1163 Ἐκ

2095 1105 2285 1168 sancti
2317 1105 2523 1166 efficax
2548 1105 2747 1180 fuit,in
2769 1105 3003 1169 Christo
3025 1117 3223 1170 autem
3258 1129 3377 1170 non
3397 1111 3754 1191 operabatur

354 1195 453 1268 μὲν
503 1195 603 1272 γὰρ
660 1208 779 1259 τοῖς
837 1196 1033 1276 ἁγίοις,
1076 1197 1112 1264 ἡ
1158 1195 1317 1276 χάρις
1359 1197 1453 1254 :0'6
1507 1196 1660 1276 ἁγίου
1708 1197 2009 1271 Πνεύματος

2092 1194 2663 1275 gratiaSpiritus,sed
2678 1196 2946 1258 Christus
2967 1215 3102 1258 cum
3124 1196 3347 1278 Spiritu
3365 1200 3750 1263 consubstan-

351 1283 559 1361 ἕντξργει
597 1300 610 1314 '
643 1284 700 1340 ἐν
734 1282 789 1341 δὶ
832 1293 910 1360 τῷ
961 1293 1197 1366 Χριστῷ,
1260 1287 1354 1343 οὒκ
1396 1285 1595 1365 ἆνέργει
1625 1287 1661 1354 ἡ
1701 1286 1860 1366 χάρις
1917 1293 1998 1341 τοί

2093 1283 2217 1344 tiali
2235 1283 2597 1364 aperabatur
2616 1285 2925 1347 miracula.
2947 1310 2966 1339 σ
2984 1286 3116 1349 Filii
3141 1288 3350 1350 David.
3366 1288 3551 1362 nQuia
3573 1290 3746 1352 dixe-

349 1374 685 1449 Πνεύματος,
731 1373 854 1431 ἀλλ’
887 1377 914 1432 6
959 1377 1184 1455 Χριστὸς
1243 1378 1335 1432 σὺν
1375 1382 1454 1450 τῷ
1485 1376 1748 1452 Πνεύματι
1804 1377 2004 1450 ὁμοουο

2092 1371 2518 1453 rat,Jesu,ideo
2537 1392 2614 1435 ne
2637 1381 2805 1454 putes
2835 1375 2993 1455 quod
3026 1374 3102 1436 de
3132 1375 3248 1438 alio
3277 1376 3420 1440 Jesu
3448 1377 3605 1439 dicat
3635 1379 3747 1441 ad-

345 1465 446 1535 σίψ
473 1463 592 1521 ὄντι
635 1464 844 1544 ὶνήργει
873 1465 938 1521 :6
964 1466 1230 1542 Θαύματα.
1286 1489 1313 1521 α
1357 1467 1480 1523 1⁸ίοῦ
1513 1464 1680 1523 Δαυίδ
1705 1480 1724 1498 ⁶
1759 1489 1788 1520 ι
1824 1463 1998 1532 ἰπειδὴ

2085 1461 2366 1541 jecit,ﬁlii
2392 1461 2600 1525 David.
2634 1462 2775 1524 Erat
2796 1463 2954 1525 enim
2981 1472 3040 1525 et
3062 1466 3214 1527 alius
3252 1466 3427 1529 Jesus
3459 1467 3745 1533 celebris,

345 1557 503 1609 εἶπεν
562 1553 764 1627 Ἰησοῦ,
822 1554 916 1611 ἳνα
958 1555 1038 1631 μὴ
1082 1557 1306 1632 νομίσῃς
1361 1555 1442 1634 ὅτι
1488 1557 1607 1634 περὶ
1638 1554 1798 1612 ἄλλου
1831 1553 2006 1621 Ἰησοῦ

341 1643 518 1722 λέγει,
567 1642 915 1723 προσέθηκεν,
987 1645 1101 1703 υἱοῦ
1175 1642 1362 1708 Δαυΐδ,
1408 1632 1504 1703 Ἠν
1547 1632 1648 1726 γὰρ
1686 1646 1772 1702 καὶ
1829 1643 2002 1724 ἕτερος

341 1733 563 1799 Ἰησοῦς
624 1731 968 1815 περιϐόητος,
1045 1736 1075 1791 6
1123 1735 1259 1809 μετᾶ
1315 1735 1508 1793 Mucia:
1575 1736 1950 1816 στρατηγήσας
1985 1750 1998 1762 '

338 1821 460 1878 ἀλλ’
509 1823 744 1904 ἂκετνος,
790 1831 884 1881 τοῦ
914 1829 1063 1892 Ναυῆ
1094 1823 1331 1903 ὶλᾶγετο,
1376 1826 1465 1882 καὶ
1512 1826 1634 1906 οὐχὶ
1662 1831 1755 1884 τοῦ
1788 1822 1954 1884 Δαυῒδ
1985 1840 1998 1853 ⁸

2089 1551 2186 1631 qui
2221 1559 2350 1631 post
2380 1553 2621 1632 Moysen
2645 1552 2922 1614 ducatum
2948 1555 3156 1634 populi
3182 1553 3371 1618 Israel
3402 1559 3667 1639 suscepit
3691 1568 3749 1622 et

2089 1640 2382 1722 militavit,
2417 1641 2523 1703 sed
2556 1640 2607 1702 is
2637 1641 2793 1703 ﬁlius
2822 1640 2979 1704 Nave
3015 1643 3352 1727 dicebatur,
3383 1665 3503 1708 non
3536 1647 3742 1728 David,

2089 1728 2316 1811 fuitque
2344 1741 2483 1792 ante
2505 1730 2685 1793 David
2709 1731 2908 1794 multis
2939 1733 3194 1796 saeculis:
3222 1753 3334 1796 nec
3359 1735 3470 1798 fuit
3491 1754 3562 1798 ex
3588 1737 3744 1799 tribu

2089 1819 2265 1901 Juda,
2289 1819 2364 1882 de
2392 1839 2509 1902 qua
2530 1819 2841 1883 descendit
2861 1821 3069 1902 David,
3103 1825 3210 1886 sed
3243 1843 3314 1887 ex
3347 1825 3481 1887 alia.
3546 1852 3569 1881 «
3609 1827 3744 1889 Filii

341 1914 450 1991 πρὸ
505 1913 608 1991 γὰρ
666 1921 763 1970 τοῦ
821 1912 986 1973 Δαυῒδ
1039 1915 1106 1982 ἦν
1157 1913 1388 1978 πολλαῖς
1417 1928 1655 1995 γενεαῖς,
1689 1916 1774 1972 καὶ
1803 1913 1919 1972 οὔδε
1949 1914 1998 1969 ἐκ

2091 1908 2345 1971 Abrahae
2380 1935 2404 1966 ι
2443 1909 2637 1982 Quare
2666 1909 2860 1990 ipsum
2894 1910 3074 1973 David
3098 1912 3354 1975 Abrahae
3380 1917 3746 1996 praaposuit?

338 2003 438 2069 τῆς
495 2002 668 2080 φυλῆς
714 2010 808 2060 :06
849 2001 1017 2061 Ἰούδα
1072 2004 1138 2072 ἦν
1171 2019 1187 2035 ⁸
1240 2003 1330 2083 ἀφ’
1360 2004 1427 2073 ἦς
1457 2005 1722 2084 κατήγετο
1753 2006 1781 2061 6
1815 2000 2002 2078 Δαυίδ,

339 2089 462 2146 ἀλλ’
505 2092 615 2150 61:6
647 2093 852 2172 ἐτέρας.
889 2112 914 2148 ε
957 2095 1079 2153 Υἱοῦ
1104 2091 1372 2174 ’Λϐραάμ,
1410 2115 1434 2151 ε
1469 2093 1619 2160 Τίνος
1644 2093 1821 2150 ῑνεκεν
1850 2092 2006 2171 προὲ-

336 2181 458 2247 uie
487 2184 582 2239 τὸν
617 2181 787 2242 Δαυ“ιδ
816 2191 911 2240 :06
942 2182 1186 2263 Ἀϐραάμ
1220 2199 1236 2257 ς
1289 2193 1382 2242 Οτι
1415 2185 1558 2263 παρᾶ
1585 2196 1704 2249 τοῖς
1738 2175 1998 2257 Ἐϐραίοις

341 2270 547 2345 μᾶλλον
599 2275 891 2352 ὶγημίζετο
933 2275 962 2330 6
1010 2271 1202 2354 Δαυ³ιδ,
1247 2275 1335 2330 καὶ
1377 2275 1450 2338 ὣς
1497 2273 1750 2352 νεώτερος
1781 2273 1856 2328 ὢν
1909 2278 2003 2328 τοῦ

346 2357 609 2437 Ἀϐραάμ,
674 2363 764 2418 καὶ
806 2363 881 2427 ὡς
938 2361 1044 2418 ἀπὸ
1098 2367 1197 2429 τῆς
1253 2360 1528 2440 βασιλείας
1595 2361 2002 2442 ιπιφανέστερος

346 2451 626 2526 γενόμενος
660 2468 679 2485 ⁸
739 2451 794 2508 ἓν
857 2452 958 2530 γὰρ
1006 2464 1125 2518 τοῖς
1178 2451 1504 2529 βασιλεῦσιν,
1577 2455 1727 2517 οὗτος
1793 2457 2002 2530 πρῶτος

346 2540 668 2617 εύηρὲστησε
715 2548 792 2615 τῷ
839 2547 955 2615 Θεῷ
989 2559 1004 2575 ⁸
1066 2541 1156 2598 καὶ
1224 2540 1544 2620 δπαγγελίαν
1597 2539 1803 2608 ἐδέξατο
1861 2540 2002 2618 παρὰ

2091 1999 2236 2072 Quia
2254 1999 2409 2080 apud
2429 1999 2665 2062 Judaaos
2683 1999 2977 2062 celebrior
2994 2011 3123 2064 erat
3147 2001 3354 2082 David,
3374 2017 3433 2064 et
3452 2006 3747 2084 posterior

2091 2088 2200 2149 fuit
2229 2087 2593 2160 Abrahamo,
2616 2107 2923 2170 regnoque
2954 2090 3195 2154 clarior.
3222 2091 3365 2153 Nam
3393 2092 3548 2154 inter
3575 2111 3746 2174 reges

2085 2177 2212 2259 ipse
2243 2180 2470 2258 primus
2494 2179 2614 2240 Deo
2643 2179 2888 2260 placuit,
2921 2188 2978 2241 et
3010 2181 3471 2260 promissionem
3515 2183 3748 2263 accepit

2085 2285 2120 2328 a
2145 2266 2456 2347 Deo,quod
2481 2285 2550 2328 ex
2582 2267 2813 2329 semine
2836 2270 2966 2347 ejus
2989 2278 3367 2332 surrecturus
3390 2280 3550 2333 esset
3568 2271 3744 2334 Chri-

2085 2363 2565 2437 stus,eapropter
2587 2375 2795 2418 omnes
2826 2356 3123 2420 Christum
3159 2359 3346 2421 ﬁlium
3378 2360 3558 2422 David
3585 2361 3744 2423 dice-

2087 2444 2231 2508 bant
2261 2467 2272 2504 :
2299 2444 2369 2507 Et
2398 2444 2674 2507 servabat
2698 2446 2880 2509 David
2906 2467 3113 2509 verum
3148 2455 3346 2530 typum
3379 2451 3622 2514 Christi.
3645 2452 3743 2514 Si-

2085 2541 2186 2596 cut
2217 2532 2376 2595 enim
2411 2534 2534 2613 ipse
2566 2541 2696 2613 post
2725 2535 2863 2596 Saul
2893 2535 3276 2616 reprobatum
3308 2556 3343 2599 a
3364 2540 3485 2601 Deo
3518 2546 3575 2600 et
3605 2539 3740 2600 odi-

342 2636 502 2702 Θεοῦ,
565 2630 647 2685 ὅτι
702 2629 762 2686 ἆκ
816 2637 908 2688 τοῦ
963 2629 1266 2710 σπέρματος
1341 2634 1497 2690 66:06
1555 2630 1910 2699 ἀναστήσεται
1981 2631 1998 2682 ἐ

2093 2623 2298 2697 bilem,
2322 2625 2611 2704 regnavit,
2641 2625 2717 2685 ita
2737 2633 2795 2687 et
2823 2623 3114 2702 Christus,
3136 2636 3448 2708 postquam
3482 2630 3746 2708 privatus

342 2720 600 2795 Χριστός.
665 2711 838 2778 ’Ὅθεν
897 2722 984 2778 καὶ
1027 2721 1222 2785 πάντες
1264 2721 1356 2778 τὸν
1407 2721 1653 2800 Χριστὸν,
1697 2720 1807 2776 υἱὸν
1841 2714 1998 2772 Δαυ⁵ιὲ

2091 2723 2182 2774 est
2207 2713 2393 2775 Adam
2426 2732 2608 2791 regno
2653 2721 2712 2776 et
2765 2715 3123 2797 principatu,
3158 2718 3316 2798 quod
3382 2717 3635 2780 habebat
3681 2719 3743 2781 in

345 2807 536 2864 ἱλενον
570 2829 586 2843 ·

349 2831 536 2886 ελεγον
570 2831 586 2843 ·
634 2831 722 2866 και
764 2832 864 2888 γαρ
905 2832 996 2868 και
1037 2831 1199 2868 τύπον
1255 2831 1418 2881 εσωςε
1469 2831 1550 2882 τῳ
1603 2831 1712 2866 οντι
1750 2831 1778 2864 ο
1839 2831 2002 2862 ouum

349 2907 446 2958 τοῦ
500 2906 742 2977 Χριστοῦ.
798 2889 1017 2980 ’Ὠσπερ
1061 2901 1162 2979 γὰρ
1204 2900 1434 2974 ἂκετνος,
1510 2899 1647 2975 μετᾶ
1704 2897 1796 2954 τόν
1829 2894 2002 2952 Σαοζλ

362 2988 455 3042 τὸν
513 2985 804 3055 ἀπόϐλητον
871 2989 980 3046 61:6
1039 2997 1171 3049 Θεοῦ
1225 2990 1314 3046 καὶ
1375 2990 1603 3064 μισητὸν
1661 2985 2015 3058 ὶϐασίλευσει,

634 2812 722 2866 καὶ
764 2811 864 2888 γὰρ
905 2811 996 2868 καὶ
1037 2811 1199 2868 τύπον
1255 2809 1418 2881 ἰσωζε
1469 2813 1550 2882 τῷ
1603 2807 1712 2866 ὄντι
1750 2809 1778 2864 6
1839 2804 1998 2862 Δαυ⁵ιξ

2090 2806 2289 2865 omnia
2314 2803 2637 2865 animantia
2657 2812 2833 2884 atque
2860 2804 3172 2882 daemonia,
3195 2806 3535 2869 incarnatus
3558 2807 3737 2883 venit,

2089 2901 2147 2956 et
2176 2892 2435 2972 regnavit
2472 2911 2652 2974 super
2675 2912 2806 2957 nos.

2074 2984 2210 3040 οὕτω
2268 2985 2355 3040 καὶ
2410 2986 2437 3040 6
2496 2986 2741 3060 Χριστὸς,
2777 2986 2912 3060 μετὰ
2953 2988 3013 3042 :6
3072 2990 3390 3065 στερηθῆναι
3439 2986 3609 3063 Ἀδὰμ.
3639 2993 3740 3056 της

354 3075 631 3151 βασιλείας
686 3080 766 3134 καὶ
793 3079 891 3148 τῆς
922 3078 1124 3160 ἀρχῆς,
1157 3083 1225 3150 ἧς
1256 3079 1387 3159 εἶχε
1428 3078 1564 3135 κατᾶ
1595 3076 1805 3138 πάντων
1834 3076 1923 3132 καὶ
1951 3081 2057 3130 τῶν
2087 3073 2352 3153 ζώωνςκαὶ
2396 3079 2500 3130 τῶν
2559 3071 2848 3150 δαιμόνων,
2906 3075 3032 3143 ἦλθε
3090 3080 3398 3159 σαρκωθεὶς,
3433 3079 3519 3135 καὶ
3552 3075 3738 3136 ἐϐασι-

354 3165 542 3224 huc“
587 3170 756 3244 ἡμῶν,

426 3280 450 3312 ε
493 3255 726 3338 Ἀϐραὰμ
749 3258 1000 3338 ὶγὶννησε
1029 3261 1121 3317 τὸν
1152 3257 1355 3324 Ἰσαάκ,
1394 3283 1417 3319 ι
1455 3259 1590 3317 Ἀπὸ
1618 3266 1712 3317 :06
1739 3255 1981 3338 Ἀϐραὰμ.

2151 3252 2327 3316 Vens.
2379 3257 2439 3316 2.
2492 3276 2515 3309 α
2580 3252 2879 3314 Abraham
2934 3253 3138 3333 genuit
3193 3257 3377 3318 Isaac.
3439 3277 3468 3315 ›
3537 3254 3734 3318 Abra-

331 3347 562 3430 ἇρχεται
619 3354 720 3416 τῆς
764 3349 1131 3428 γενεαλογίας,
1177 3347 1316 3407 διότι
1376 3349 1529 3414 αὖτὸς
1576 3349 1642 3417 ἧν
1685 3349 1862 3428 πατὴρ
1890 3348 1995 3404 τῶν

332 3436 621 3516 Ἐϐραίων,
683 3442 772 3496 καὶ
831 3438 914 3496 ὅτι
971 3441 1128 3503 αὐτὸς
1174 3445 1382 3520 πρῶτος
1426 3438 1632 3506 ἰδέξατο
1673 3439 1766 3503 τὰς
1819 3437 1993 3515 ὶπαγ-

335 3527 535 3607 γελιας,
598 3527 680 3584 6::
740 3528 795 3584 ἂν
875 3534 952 3603 τῷ
1030 3528 1293 3608 σπέρματι
1366 3530 1523 3587 66:06
1577 3528 1992 3606 εὖλογηθήσεται

338 3617 509 3673 πάντα
568 3619 637 3674 :6
683 3618 830 3686 ἱθνη,
891 3620 1206 3698 Πρεπόντως
1255 3619 1343 3676 οὗν
1384 3617 1488 3676 61:6
1517 3618 1706 3675 ταύτου
1736 3616 1991 3688 γενεαλο-

338 3721 423 3782 γεῖ
477 3711 568 3765 τὸν
618 3708 844 3786 Χριστόν
877 3726 890 3740 ’
948 3711 976 3765 6
1029 3710 1128 3788 γὰρ
1158 3709 1382 3788 Χριστός
1413 3709 1528 3766 ἰστι
1559 3710 1621 3765 τὸ
1652 3707 1862 3786 σπέρμα
1902 3709 1996 3764 τοῧ

339 3795 604 3878 Ἀϐρααμ,
664 3799 721 3854 ιν
880 3797 1249 3878 εὖλογήθημεν
1295 3796 1523 3863 ἅπαντες
1556 3799 1603 3855 οἱ
1632 3795 1684 3864 6E
1713 3797 1897 3875 60v:6v,
1945 3800 1992 3854 οἱ

331 3888 519 3966 πρώην
576 3889 862 3967 κατάρατοι
899 3908 914 3923 ⁸
993 3886 1236 3968 Ἀϐραὰμ
1302 3887 1356 3944 δὲ
1413 3889 1758 3968 ἑρμηνεύεται
1813 3887 1988 3965 πατὴρ

327 3977 540 4034 10-in-

2081 3344 2216 3405 ham
2250 3341 2458 3424 incipit
2479 3343 2912 3422 genealogiam,
2947 3361 3016 3404 eo
3047 3347 3207 3424 quod
3254 3344 3382 3424 ipse
3415 3351 3583 3425 pater
3611 3343 3736 3406 He-

2080 3431 2374 3494 braeorum
2408 3431 2608 3506 fuerit,
2642 3441 2702 3494 et
2751 3432 2909 3512 quod
2962 3433 3088 3513 ipse
3146 3432 3380 3514 primus
3435 3434 3736 3512 acceperit

2078 3521 2514 3604 promissiones
2550 3541 2566 3583 :
2601 3521 2883 3601 quoniam
2926 3524 2984 3583 in
3035 3521 3266 3584 semine
3299 3524 3430 3602 ejus
3477 3521 3735 3584 benedi-

2081 3611 2288 3673 cendae
2345 3617 2551 3673 essent
2595 3628 2804 3672 omnes
2837 3619 3074 3691 gentes.
3107 3616 3402 3675 Decenter
3431 3620 3628 3674 autem
3661 3613 3733 3676 ad

2079 3702 2192 3764 hoc
2223 3701 2442 3764 Christi
2475 3701 2925 3780 generationem
2959 3711 3259 3764 recensi't.
3287 3702 3554 3765 Christus
3574 3702 3733 3765 enim

2077 3800 2165 3853 est
2195 3809 2399 3854 semcn
2427 3791 2706 3865 Abrahaa,
2743 3791 2801 3851 in
2831 3809 2947 3872 quo
2975 3789 3278 3853 benedicti
3301 3810 3509 3853 sumus
3527 3810 3736 3854 omnes

2074 3883 2176 3962 qui
2205 3900 2278 3944 ex
2307 3880 2606 3961 gentibus,
2643 3879 2863 3961 quique
2909 3879 3073 3961 prius
3117 3898 3356 3943 eramus
3407 3881 3732 3944 maledicti.

604 3977 786 4036 Ἰσαὰκ
815 3975 892 4052 δὲ,
939 3979 1106 4058 χαρὰ,
1156 3977 1326 4057 γέλως
1358 3993 1372 4009 ⁸
1419 3981 1480 4037 06
1523 3977 1842 4054 μνημονεύει
1875 3975 1929 4033 δὲ
1960 3979 1987 4035 6

2084 3971 2367 4035 Abraham
2415 3978 2609 4032 autem
2670 3969 3094 4049 interpretatur
3129 4020 3145 4046 ,
3201 3980 3366 4052 pater
3414 3970 3678 4051 gentium
3717 3989 3730 4034 :

329 4066 729 4147 Εύαγγελιστης
790 4074 896 4124 τῶν
939 4067 1106 4125 νόθων
1160 4067 1359 4126 παίδων
1400 4075 1491 4126 :06
1521 4066 1763 4148 Ἀϐραάμ
1796 4086 1809 4100 ⁸
1871 4071 1987 4124 οἷον

2084 4060 2233 4122 Isaac
2249 4078 2386 4122 vero
2402 4059 2863 4141 risus,gaudium
2878 4059 3026 4122 .Non
3055 4061 3323 4123 meminit
3346 4069 3543 4123 autem
3565 4078 3736 4123 evan-

327 4165 421 4216 :06
478 4157 695 4236 Ἰσραὴλ
749 4159 836 4214 καὶ
890 4163 996 4214 τῶν
1049 4157 1274 4233 λοιπῶν,
1330 4157 1462 4216 διότι
1511 4161 1557 4214 οἱ
1614 4155 1864 4215 Ἰουδαῖοι
1895 4158 1990 4214 οὒκ

329 4249 434 4305 61:6
480 4251 684 4306 τούτων
718 4249 1036 4330 κατήγοντο,
1069 4247 1208 4305 ἀλλὰ
1237 4249 1342 4306 ἀπὸ
1371 4256 1465 4307 τοῦ
1495 4245 1700 4309 Ἰσαὰκ.
1750 4270 1778 4303 ι
1813 4247 1993 4306 Ἰσαὰε

331 4337 382 4394 δὲ
422 4338 682 4416 ἱγέννησε
713 4339 802 4394 τὸν
848 4335 1041 4397 Ἰακώό
1068 4355 1084 4371 ⁸
1122 4336 1314 4396 Ἰακὼϐ
1355 4337 1411 4396 δέ
1453 4337 1706 4418 ἐγέννησε
1737 4339 1827 4394 τὸν
1857 4335 1993 4395 ’ἰού-

331 4426 428 4484 δαν
477 4430 570 4484 καὶ
631 4427 750 4493 τοὺς
807 4427 1059 4508 ἀδελφοὺς
1103 4429 1276 4490 αὖτοῦ.
1326 4447 1355 4488 ε
1389 4420 1540 4508 Ὀρᾷς
1585 4425 1663 4484 ὅτι
1713 4425 1799 4483 6:6
1847 4434 1997 4485 τοῦτο

2075 4151 2282 4231 gelista
2297 4150 2554 4212 ﬁliorum
2577 4148 2832 4211 Abrahae
2847 4168 2916 4213 ex
2933 4149 3303 4226 concubinis,
3317 4158 3378 4212 ut
3400 4159 3537 4230 puta
3556 4149 3735 4211 Isma-

2078 4240 2188 4304 elis
2209 4249 2269 4302 et
2294 4240 2649 4312 aliorum,eo
2682 4238 2840 4320 quod
2861 4239 3048 4302 Judaai
3078 4257 3194 4305 nou
3225 4239 3298 4302 ab
3331 4240 3448 4301 illis
3471 4240 3731 4311 descen-

2081 4330 2431 4400 derunt,sed
2450 4329 2527 4391 ab
2542 4327 2936 4391 lsaac.«lsaac
2966 4339 3163 4392 autem
3194 4329 3399 4409 genuit
3419 4329 3733 4404 Jacob,Ja-

2081 4419 2191 4482 cob
2203 4429 2397 4482 autem
2412 4418 2617 4498 genuit
2638 4419 2668 4478 J
2675 4418 2847 4479 udam
2870 4426 2926 4480 et
2944 4418 3155 4480 fratres
3173 4419 3324 4498 ejus.
3340 4418 3556 4480 :Vides
3574 4418 3733 4498 quod

326 4519 574 4593 ὶμνῆσθη
632 4526 727 4577 τοῦ
780 4507 956 4576 Ἰούδα
1002 4519 1091 4576 καὶ
1147 4525 1255 4574 τῶν
1314 4507 1555 4598 ἀδελφῶν
1629 4521 1813 4590 αὖτοῦ,
1865 4515 1996 4574 διότι

2084 4518 2326 4591 propter
2363 4508 2477 4611 hoc
2529 4508 2893 4611 ineptipnem
2943 4507 3160 4611 fecerit
3187 4507 3357 4611 Judaa
3387 4515 3446 4567 et
3483 4509 3732 4611 fratrum

324 4608 420 4664 ἀπ’
453 4611 632 4666 αὖτῶν
673 4607 810 4674 ἦσαν
841 4610 891 4664 αἱ
922 4605 1124 4666 δώδεκα
1153 4609 1333 4690 φυλαί,
1373 4633 1401 4664 ι

414 4721 444 4754 ε
495 4694 698 4760 Ἰούδας
763 4695 817 4753 62:
872 4697 1124 4776 ἆγέννησε
1185 4700 1278 4756 τὸν
1327 4699 1498 4778 φαρὶς
1558 4699 1646 4754 καὶ
1687 4699 1778 4754 τὸν
1834 4698 1990 4778 Ζαρὰ,

323 4790 386 4843 ha:
443 4786 542 4854 τῆς
602 4787 812 4878 Θάμςαρ.
875 4806 905 4847 ι
968 4789 1079 4856 τὴν
1137 4788 1323 4867 Θάμαρ
1406 4791 1434 4846 6
1518 4785 1714 4853 Ἰούδας
1785 4787 1993 4878 νύμφην

326 4876 493 4957 ἔσχεν
540 4875 629 4933 ἐπὶ
686 4868 826 4956 "Ep,
887 4877 961 4934 δνὶ
1017 4883 1123 4935 τῶν
1169 4876 1370 4935 παίδων
1443 4880 1622 4940 αὐτοῦ.
1683 4877 1882 4936 Τούτου
1937 4875 1990 4931 δὲ

326 4966 692 5031 ἀποθανόντος
752 4964 994 5043 ἄπαιδος,
1081 4965 1346 5039 συνέζευξε
1419 4968 1616 5035 ταύτην
1673 4972 1751 5041 τῷ
1813 4964 1991 5037 Ἀννᾷ,

325 5059 416 5114 καὶ
501 5055 674 5130 τούτῷ
756 5055 900 5113 παιδὶ
989 5056 1100 5114 ὄντι
1187 5059 1343 5118 αὐτοῦ
1377 5073 1390 5087 ⁸
1477 5055 1858 5136 ἰκθερισθέντος
1942 5054 1996 5111 δὲ

325 5149 413 5202 καὶ
474 5148 664 5204 τούτου
720 5151 820 5214 τῆς
889 5149 1034 5220 ζωῆς
1108 5146 1193 5206 6:6
1274 5149 1374 5217 τὴν
1429 5148 1686 5228 πονηρίαν
1730 5146 1910 5222 αὐτοῦ,
1973 5148 1998 5201 6

327 5233 529 5301 Ἰούδας
586 5238 681 5294 οὔκ
739 5236 816 5294 ἴτι
861 5237 1029 5305 αὐτὴν
1087 5236 1320 5306 συνῆπτὲ
1362 5260 1465 5295 τινι
1503 5256 1515 5271 ’
1577 5239 1612 5306 ἡ
1685 5235 1762 5309 δὲ,
1814 5235 1998 5293 ὶπιθυ-

323 5335 499 5399 μοῦσα
569 5326 631 5383 61:
697 5332 792 5384 :06
864 5325 1169 5405 σπέρματος
1261 5325 1504 5408 Ἀϐραὰμ
1585 5323 1991 5397 παιδοποιῆσαι,

326 5417 544 5474 ἀπέθετο
601 5416 699 5493 μὲν
748 5417 816 5473 :6
873 5417 974 5484 τῆς
1032 5418 1254 5496 χηρείας
1286 5433 1302 5449 ⁸
1350 5416 1807 5498 σχηματισαμὲνη
1837 5413 1893 5471 δὲ
1921 5417 1994 5476 ὡς

325 5506 510 5584 πόρνη,
574 5507 735 5587 ιμίγη
785 5513 867 5581 τῷ
926 5509 1161 5583 πενθερῴ
1221 5511 1407 5578 αὐτῆς,
1470 5507 1558 5563 καὶ
1617 5502 1898 5560 συνέλαϐεν
1943 5504 1994 5571 ἐξ

324 5595 468 5656 αὒτοῦ
517 5595 605 5656 δύο
664 5594 882 5660 παῖδας
943 5591 1187 5670 διδύμους
1223 5610 1238 5625 ⁸
1300 5594 1354 5651 ἰν
1399 5595 1476 5669 τῷ
1517 5593 1712 5650 τίκτειν
1761 5589 1816 5647 δί
1861 5592 1990 5648 τού-

331 5706 452 5772 τους,
484 5688 753 5772 προέϐαλε
819 5686 926 5754 τὴν
977 5697 1143 5764 χεῖρα
1185 5686 1214 5741 6
1272 5687 1478 5764 πρῶτος
1511 5686 1614 5739 τῶν
1645 5678 1844 5742 παίδων
1888 5681 1990 5742 61:6

2083 4597 2399 4680 ejus,quod
2423 4596 2494 4658 ab
2525 4596 2672 4676 ipsis
2703 4596 3018 4658 duodecim
3053 4596 3242 4658 tribus
3272 4593 3736 4659 descenderint?

2162 4687 2346 4751 Vens.
2383 4686 2440 4748 3.
2483 4685 2697 4748 :Judas
2727 4690 2928 4747 autem
2960 4685 3164 4765 genuit
3191 4686 3417 4748 Phares
3439 4693 3498 4746 et
3527 4683 3730 4746 Zaram

2078 4779 2153 4841 de
2171 4777 2451 4840 Thamar.
2465 4774 2854 4837 nTbamarem
2877 4774 3059 4835 Judas
3075 4772 3476 4854 desponderat
3495 4774 3618 4836 Her
3630 4772 3734 4834 uni

2078 4869 2335 4932 ﬁliorum
2369 4862 2744 4928 suorumzillo
2765 4871 2963 4925 autem
2988 4863 3117 4924 sine
3136 4862 3341 4926 liberis
3363 4871 3731 4943 mortuo,so-

2079 4956 2323 5019 sociavit
2352 4974 2482 5018 eam
2507 4950 2918 5033 Annw,quieti
2927 4970 3029 5032 pse
3048 4951 3203 5015 ﬁlius
3220 4953 3663 5032 ejus:exstincto
3687 4952 3733 5013 ὃ

2075 5056 2272 5110 autem
2305 5055 2362 5109 et
2392 5047 2506 5108 hoc
2537 5051 2778 5124 propter
2829 5041 3116 5103 malitiam
3147 5060 3336 5120 suam,
3371 5041 3555 5105 Judas
3588 5043 3731 5105 nulli

2079 5137 2332 5219 amplius
2364 5154 2493 5199 eam
2524 5131 2843 5214 copulavit.
2878 5129 2954 5192 At
2985 5130 3113 5212 ipsa
3146 5131 3495 5195 desiderans
3523 5150 3592 5195 ex
3631 5150 3733 5195 se-

2084 5229 2244 5290 mine
2303 5225 2556 5288 Abrahae
2607 5221 2835 5303 prolem
2885 5220 3091 5294 edere,
3140 5221 3427 5302 depositis
3471 5223 3734 5284 vestibus

2077 5317 2394 5391 viduitatis,
2435 5322 2652 5376 vestem
2677 5311 2930 5391 sumpsit
2960 5312 3159 5384 scorti,
3191 5311 3432 5393 etquasi
3471 5319 3732 5374 scortum

2081 5420 2261 5488 esset,
2286 5424 2414 5468 rem
2447 5401 2650 5466 habuit
2675 5417 2807 5462 cum
2841 5418 3052 5463 socero
3076 5419 3208 5482 suo,
3235 5402 3626 5484 concepitque
3660 5418 3735 5464 ex

2080 5517 2149 5561 eo
2177 5497 2328 5560 duos
2350 5510 2566 5578 pueros
2598 5488 2884 5569 gemellos
2939 5493 3124 5553 Porro
3155 5508 3291 5552 cum
3323 5499 3582 5573 pareret,
3605 5490 3733 5572 pri-

2081 5607 2214 5651 mus
2245 5603 2485 5650 manum
2508 5579 2790 5665 praemisit
2814 5597 2882 5642 ex
2906 5588 3097 5662 utero,
3124 5580 3298 5663 quasi
3317 5581 3575 5664 primum
3602 5597 3735 5662 pro-

2075 5677 2328 5754 diturus,
2364 5685 2423 5739 et
2467 5668 2751 5735 obstetrix
2801 5669 3084 5733 coccineo
3131 5667 3397 5734 funiculo
3461 5670 3730 5753 protinus
