4202 6452
445 325 562 388 155

1412 325 2007 389 THEOPHYLACTI
2048 321 2460 424 BULGARIE
2493 319 2851 385 ARCHIEP.

3714 321 3828 388 156

440 450 943 540 g'uhernarentur,
1003 466 1071 520 ut
1127 457 1229 539 qui
1270 474 1462 538 usque
1509 455 1582 519 ad
1636 454 1863 521 David:
1901 456 2026 519 sive
2058 473 2093 518 a

2181 453 2444 531 βασιλέον,
2497 458 2570 521 ὡς
2654 458 2703 514 οί
2758 454 2887 537 ἄχρι
2946 459 3046 523 τῆς
3086 458 3483 532 ,μετοικεσίας,
3558 458 3656 516 Καὶ
3724 458 3829 514 ὑπὸ

443 546 711 630 regibus,
745 555 809 610 ut
840 548 940 630 qui
974 566 1165 629 usque
1198 546 1269 609 ad
1304 545 1885 626 transmigrationem
1913 567 1927 610 :
1973 545 2097 609 sive

447 656 482 699 a
512 637 952 718 sacerdotibus,
997 645 1061 698 ut
1089 636 1191 718 qui
1230 654 1418 718 usque
1460 634 1534 697 ad
1566 636 1863 700 Christum
1899 653 1912 699 :
1949 637 2095 699 nihil

446 733 647 789 tamen
705 727 766 789 in
822 727 1102 789 virtutem
1158 725 1563 807 profecerunt,
1617 733 1674 787 et
1729 725 1889 807 quod
1946 745 2095 807 opus

444 818 767 881 habuerint
793 836 932 881 vero
953 817 1161 899 judice
1182 826 1240 879 et
1268 835 1410 897 rege
1437 834 1505 879 ac
1528 817 1970 900 sacerdote,qui
2002 826 2092 880 est

442 908 737 986 Christus.
770 910 920 974 Nam
954 915 1266 989 postquam
1320 907 1669 970 defecerunt
1704 926 1899 986 reges,
1933 909 2091 971 venit

2179 544 2382 620 ἱερέων,
2443 547 2516 608 ὡς
2575 547 2623 603 οἷ
2682 545 2812 626 ἄχρι
2870 553 2962 604 τοῦ
3017 546 3268 625 Χριστοῦ,
3317 545 3464 623 ὅμως
3510 545 3654 605 οὐδέν
3696 549 3830 625 πρὸς

2180 634 2374 713 ἀρετὴν
2434 634 2785 716 ὠφελήθησαν
2818 655 2830 668 ·
2890 637 2978 693 καὶ
3038 635 3123 693 ὅτι
3185 634 3392 693 ἰδέοντο
3445 643 3539 695 τοῦ
3590 636 3840 704 ἀληθινοῦ

2179 726 2264 781 καὶ
2320 732 2498 801 κριτοῦ
2576 726 2663 782 καὶ
2727 723 2992 801 βασιλέως
3064 728 3152 783 καὶ
3210 725 3412 805 ίερέως,
3496 724 3554 789 ὅς
3610 725 3751 783 ἐστιν
3811 727 3843 782 6

2179 810 2403 889 Χριστός
2442 833 2454 845 ·
2516 810 2911 889 έπιλειψέντων
2952 814 3052 894 γὰρ
3100 820 3205 871 τῶν
3251 813 3553 894 ἀρχόντων,
3594 813 3752 883 ἦλθεν
3811 813 3842 868 6

2174 903 2398 980 Χριστὸς
2454 903 2589 959 κατὰ
2644 903 2744 971 τὴν
2802 910 2893 960 τοῦ
2944 902 3141 962 Ἰακὼϐ
3196 904 3544 983 προφητείαν·
3608 911 3723 968 πῶς
3783 894 3845 960 δέ

442 996 712 1059 Christus
741 997 1074 1059 secundum
1110 996 1480 1078 prophetiam
1512 995 1719 1061 Jacob.
1744 996 1856 1061 Uhi
1890 1008 2089 1061 autem

2181 992 2302 1046 εἶσιν
2356 992 2462 1048 ἀπὸ
2519 998 2617 1060 τῆς
2665 993 2997 1068 μετοικεσίας
3059 990 3368 1057 Βαϐυλῶνος
3428 991 3529 1058 ἕως
3574 1000 3665 1049 τοῦ
3698 1002 3835 1073 Χρι-

442 1094 642 1148 sunta
678 1086 1116 1167 demigratione
1163 1084 1521 1167 Babylonica
1550 1105 1739 1168 usque
1788 1088 1861 1149 ad
1915 1087 2089 1152 Chri-

2181 1087 2298 1137 ατοῦ
2356 1083 2530 1158 γενεαὶ
2606 1079 3007 1160 δεκατέσσαρες,
3069 1082 3202 1139 ὅπου
3274 1081 3517 1161 δειιατρία
3573 1083 3841 1163 πρόσωπα

442 1183 597 1237 stum
629 1178 1049 1257 generationes
1105 1175 1583 1257 quatuordecim,
1633 1196 1767 1239 cum
1803 1178 2090 1240 tredecim

443 1274 671 1327 tantum
696 1283 969 1348 personae
986 1265 1364 1346 reperiantur
1388 1264 1580 1329 ?Nam
1606 1266 1655 1328 si
1671 1267 1729 1329 in
1753 1268 2094 1349 genealogia

442 1353 663 1417 mulier
688 1361 1128 1429 recenseretur,
1150 1372 1458 1436 possemus
1498 1363 1555 1418 et
1586 1355 1826 1419 Mariam
1864 1377 2094 1420 connu-

445 1452 769 1518 merare,et
790 1444 1094 1526 complere
1117 1460 1431 1506 numerum
1456 1465 1469 1508 :
1493 1463 1649 1508 nunc
1664 1453 1860 1509 autem
1890 1447 2098 1509 mulie-

444 1551 571 1594 rem
600 1532 867 1595 diximus
892 1534 961 1595 ad
984 1531 1391 1614 genealogiam
1435 1553 1552 1596 non
1584 1537 1917 1616 pertinere,
1953 1557 2098 1616 quo-

448 1621 624 1683 modo
649 1621 838 1701 igitur
867 1622 1111 1686 solvitur
1135 1622 1247 1684 hoc
1270 1628 1297 1684 ’ἰ
1325 1621 1544 1686 Dicunt
1578 1624 1818 1705 quidam
1854 1627 2010 1708 quod
2041 1633 2101 1688 et

444 1710 937 1791 demigrationem
1001 1711 1266 1794 posuerit
1322 1729 1430 1773 ceu
1495 1731 1765 1792 personae
1823 1716 2097 1778 ordinem

442 1809 861 1882 occupantem.

526 1890 708 1953 Vnus.
747 1890 883 1952 l8.a
920 1890 1061 1954 Jesu
1093 1910 1231 1955 vero
1262 1892 1477 1957 Christi
1510 1894 1778 1957 nativitas
1795 1904 1923 1957 erat
1945 1896 2092 1959 haec.

442 1978 588 2042 Nam
613 1987 676 2040 ut
701 1979 1055 2062 desponsata
1080 1990 1169 2044 est
1196 1990 1383 2045 mater
1412 1984 1543 2064 ejus
1562 1984 1749 2046 Maria
1768 1986 2030 2066 Josepho
2066 2009 2090 2043 ι

441 2066 633 2140 Quare
658 2067 818 2130 Deus
840 2070 1114 2151 permisit
1134 2079 1197 2133 ut
1220 2070 1349 2152 ipsa
1365 2072 1851 2153 desponsaretur,
1886 2082 1940 2135 et
1972 2093 2093 2137 om-

442 2160 583 2220 nino
607 2159 1006 2239 suspicionem
1037 2160 1205 2222 daret
1222 2161 1564 2224 hominibus
1582 2164 2093 2244 quasicognosce-

443 2255 537 2313 ret
561 2268 691 2311 eam
716 2252 969 2331 Joseph?
989 2261 1051 2312 ut
1080 2251 1331 2315 haberet
1360 2255 1417 2315 in
1449 2254 1712 2317 adversis
1733 2266 2097 2320 curatorem:

443 2356 579 2400 nam
605 2339 700 2401 hic
723 2338 784 2400 in
807 2340 941 2419 fuga
963 2340 1024 2402 in
1048 2343 1369 2422 .ZEgyplum
1396 2361 1598 2406 curam
1626 2346 1758 2425 ejus
1790 2345 2019 2419 habuit,
2047 2359 2107 2413 et

444 2427 699 2489 servavit
721 2430 986 2494 eam.Est
1003 2438 1061 2491 et
1082 2432 1195 2492 alia
1221 2450 1421 2506 causa,
1448 2442 1510 2494 ut
1527 2434 1735 2496 lateret
1756 2433 2059 2497 diabolum
2084 2454 2098 2499 :

447 2525 767 2599 propterea
786 2519 1142 2598 desponsata
1162 2521 1561 2585 est.Diabolus
1574 2526 1731 2586 enim
1751 2544 1882 2586 cum
1908 2524 2103 2587 audis-

446 2616 536 2671 set
567 2608 723 2689 quod
753 2611 931 2688 Virgo
963 2610 1023 2672 in
1058 2619 1225 2673 utero
1270 2612 1541 2694 haberet,
1577 2612 1930 2683 observabat
1962 2615 2098 2677 Vir-

2175 1171 2547 1252 εὒρίσκονται;
2615 1173 2673 1230 El
2733 1173 2833 1248 μὲν
2890 1174 2990 1251 γὰρ
3021 1171 3424 1253 ἕγενεαλογεῖτο
3466 1172 3618 1251 γυνὴ,
3669 1171 3839 1252 εἴχο-

2177 1281 2275 1335 μεν
2330 1261 2391 1316 ἀν
2434 1263 2751 1337 ’συντάττειν
2810 1263 2897 1319 καὶ
2943 1263 3044 1330 τὴν
3103 1264 3329 1339 Μαρίαν,
3387 1263 3474 1319 καὶ
3532 1269 3836 1337 συμπασῶν

2178 1352 2267 1407 τὸν
2326 1351 2543 1429 ἀριθμόν
2576 1368 2592 1384 ο
2652 1358 2741 1409 νῦν
2797 1350 2873 1432 δὲ,
2942 1355 3002 1412 οὗ
3048 1352 3451 1431 γενεαλογεϊται
3511 1353 3667 1430 γυιή·
3716 1358 3836 1418 πῶς

2180 1441 2268 1495 οὖν
2325 1437 2502 1496 λύεται
2560 1448 2760 1514 τοῦτος
2819 1443 2957 1498 Φασί
2998 1464 3135 1506 τινες
3181 1441 3261 1498 ὅτι
3314 1443 3401 1497 καὶ
3451 1443 3551 1507 τὴν
3593 1462 3842 1517 μετοικε-

2182 1530 2297 1583 σίαν
2328 1530 2400 1592 ὡς
2446 1530 2733 1609 προσώπου
2760 1529 2904 1596 τάξιν
2933 1530 3165 1610 ἔχουσαν
3196 1530 3403 1600 ἔθηκεν.

2270 1906 2292 1940 ε
2345 1889 2448 1945 Τοῦ
2503 1885 2557 1943 δὲ
2612 1886 2789 1955 Ἰησοῦ
2846 1896 3069 1960 Χριστοῦ
3126 1893 3160 1959 ἡ
3220 1890 3465 1968 γέννησις
3519 1889 3686 1958 οὕτως
3744 1893 3837 1960 ἦν,

2182 1978 2605 2045 Μνησθευθείσης
2648 1978 2748 2056 γὰρ
2805 1984 2902 2046 τῆς
2988 1981 3190 2059 μητρὸς
3269 1984 3427 2041 αὐτοῦ
3504 1980 3703 2059 Μαρίας
3761 1988 3845 2055 τῷ

2182 2064 2404 2145 Ἰωσήφ.
2445 2090 2472 2120 ι
2536 2068 2685 2129 Τίνος
2740 2067 2913 2125 ἕνεκεν
2977 2070 3349 2150 συνεχώρησεν
3407 2075 3435 2128 6
3498 2074 3628 2134 Θεὸς
3690 2093 3841 2146 μνη-

2187 2156 2465 2221 πευθῆναι
2522 2157 2744 2232 ταύτην,
2803 2158 2893 2214 καὶ
2956 2157 3094 2223 ὅλως
3169 2157 3342 2216 δοῦναι
3401 2160 3651 2218 ὑπόνοιαν
3720 2171 3844 2224 τοῖς

2186 2242 2504 2324 ἀνθρώποις,
2550 2244 2629 2301 ὅτι
2688 2246 2991 2323 συνεγένετο
3026 2252 3156 2325 αὒτῇ
3188 2250 3216 2305 6
3259 2247 3509 2330 ἰωσήφς
3557 2240 3689 2307 "Iv:
3730 2248 3847 2329 ἴχῃ

2185 2332 2277 2388 τὸν
2335 2330 2605 2408 κηδεμόνα
2647 2336 2701 2389 ἱν
2759 2348 2883 2398 ταῖς
2939 2349 3236 2418 συμφοραῖς
3441 2338 3594 2402 οὗτος
3620 2338 3719 2416 γὰρ
3755 2340 3849 2394 καὶ

2186 2419 2239 2476 ἐν
2290 2426 2357 2497 τῇ
2410 2423 2482 2485 είς
2557 2421 2829 2501 Αἴγυπτον
2885 2432 3028 2505 φυγῇ
3103 2425 3413 2502 ἐπεμελήθη
3468 2429 3631 2493 αὐτ-ης
3664 2446 3677 2460 ⁵
3746 2430 3851 2485 Καὶ

2185 2509 2430 2567 διέσωσεν
2480 2513 2662 2582 αὒττξν.
2703 2511 2867 2579 ’Ἅμα
2924 2513 2977 2571 δὲ
3044 2517 3129 2571 καὶ
3158 2514 3251 2572 ἵνα
3280 2514 3415 2593 λάθῃ
3442 2518 3533 2572 τὸν
3577 2514 3848 2595 διάϐολον,

2185 2599 2268 2657 διὰ
2319 2601 2472 2658 τοῦτο
2530 2601 2901 2677 ἐμνηστεύθη’
2948 2606 2975 2661 6
3030 2606 3130 2683 γὰρ
3188 2602 3431 2669 διάϐολος
3476 2605 3704 2670 ἀκούσας
3764 2605 3845 2662 ὅτι

451 2698 651 2776 ginem
689 2721 701 2757 :
741 2708 806 2762 ut
848 2700 1028 2778 igitur
1060 2699 1348 2782 deceptor
1390 2690 1739 2785 decipiatur,
1779 2705 2096 2786 desponsat

2183 2691 2218 2756 η
2271 2692 2533 2768 Παρθένος
2573 2690 2627 2747 ἰν
2680 2693 2865 2772 γαστρὶ
2908 2691 3031 2767 ἔξει,
3084 2693 3328 2771 ἐπετήρει
3372 2696 3472 2762 τὴν
3529 2695 3791 2773 Παρθένον
3826 2712 3841 2725 ⁶

448 2788 670 2868 loseph
702 2807 941 2870 semper
960 2778 1261 2870 Virginem
1293 2778 1631 2855 Marianizet
1654 2796 1836 2873 ﬁgura
1858 2778 2096 2874 quidem

2182 2778 2274 2835 ’ίνα
2330 2782 2497 2839 τοίνυν
2554 2782 2804 2858 ἁπατηθῇ
2881 2784 2909 2838 6
2978 2782 3245 2857 ἀπατεὼν,
3330 2784 3660 2860 μνεστεύετα·
3744 2789 3847 2852 τὴν

451 2877 514 2938 tit
538 2869 973 2959 conjugii,non
995 2869 1189 2942 autem
1220 2900 1318 2943 res
1340 2882 1489 2962 ipsa.
1529 2907 1556 2939 α
1591 2869 1937 2964 Priusquam
1964 2904 2096 2946 con-

2182 2869 2522 2948 άειπάρθενον
2578 2873 2605 2927 6
2676 2869 2875 2951 Ἰωσήφ
2912 2891 2923 2903 ⁸
3003 2874 3090 2928 καὶ
3159 2878 3352 2953 σχῆμα
3411 2875 3573 2949 μόνον
3643 2875 3852 2952 γίνεται

449 2958 721 3030 venirent
737 2968 875 3050 ipsi,
902 2969 1139 3032 inventa
1165 2980 1251 3032 est
1269 2972 1326 3032 in
1357 2958 1523 3035 utero
1546 2972 1773 3037 habens
1785 2958 1857 3036 ex
1876 2974 2096 3055 Spiritu

2183 2959 2449 3039 συζυγίας,
2483 2966 2703 3038 πρᾶγμα
2746 2958 2801 3016 δὲ
2844 2961 2925 3021 οὗ.
2996 2981 3018 3016 ε
3089 2963 3212 3040 Πρὶν
3258 2962 3293 3031 ἢ
3324 2962 3593 3020 συνελθεῖν
3623 2962 3850 3040 αὐτοὺς,

447 3068 674 3120 sancto.
721 3048 1134 3123 n—Convenire
1194 3060 1291 3123 hic
1346 3061 1640 3141 signiﬁcat
1687 3048 2096 3144 congressum.

2188 3048 2369 3128 εὑρέθη
2429 3049 2483 3104 ἐν
2538 3051 2722 3128 γαστρὶ
2778 3048 2977 3131 ἔχουσα
3032 3050 3091 3106 ἑκ
3150 3053 3456 3129 Πνεύματος
3488 3053 3661 3134 ἁγίου,
3700 3074 3729 3112 ι
3777 3056 3855 3113 T6

456 3147 809 3227 Priusquam
844 3149 1002 3211 enim
1048 3121 1579 3232 congredereontur,
1610 3121 1901 3236 concepit.
1938 3152 2096 3217 Unde

2187 3121 2457 3195 συνελθεῖν
2500 3121 2717 3197 ἐνταῦθα
2905 3140 3042 3216 μίξιν
3088 3121 3301 3227 ,δηλοῖί
3349 3143 3467 3223 πρὶν
3520 3121 3619 3223 γὰρ
3672 3150 3855 3223 μιγῆ-

453 3247 511 3301 et
543 3238 908 3319 evangelista
925 3227 1313 3323 obstupescit,
1368 3251 1423 3303 et
1446 3227 1660 3305 clamat
1693 3266 1705 3306 :
1741 3227 1986 3307 ln'venta
2018 3254 2096 3307 esl

2189 3252 2295 3300 ναι,
2358 3227 2640 3286 συνέλαϐεν
2677 3245 2692 3260 ⁸
2747 3229 2864 3286 ὅθεν
2920 3232 3013 3286 καὶ
3070 3233 3098 3287 6
3151 3230 3529 3311 εὖαγγελιστής
3602 3231 3845 3305 ἔκπλητ-

458 3328 627 3409 quasi
660 3318 735 3391 de
765 3347 829 3390 re
850 3318 1118 3411 quadam—
1138 3331 1475 3393 admirabili
1508 3333 1735 3397 dicens.

2188 3339 2355 3380 τεται.
2420 3321 2507 3374 καὶ
2556 3321 2656 3396 βοᾷ
2692 3339 2707 3355 ⁸
2782 3318 3002 3399 Εὖρέθη,
3061 3321 3131 3386 ὡς
3188 3323 3306 3399 περὶ
3364 3319 3659 3393 παραδόξου
3700 3326 3857 3386 τινος

2189 3406 2383 3462 λέγων-

2226 3430 2384 3486 εγων,

528 3498 705 3562 Vsus.
748 3500 887 3563 19.:
924 3501 1142 3579 Joseph
1175 3510 1369 3563 autem
1392 3502 1482 3563 vir
1509 3504 1801 3583 ejus,cum
1836 3507 2096 3586 essetju-

2270 3495 2470 3575 Ἰωσὴφ
2501 3495 2555 3551 δὲ
2612 3499 2639 3553 6
2697 3496 2826 3576 ἁνὴρ
2875 3497 3066 3570 αὐτῆς,
3098 3496 3294 3563 δίκαιος
3320 3500 3417 3571 ὢν,
3451 3501 3539 3556 καὶ
3570 3501 3647 3576 μὴ
3679 3504 3853 3558 θέλων

451 3596 603 3668 stus,
621 3598 678 3650 et
700 3590 887 3651 nollet
908 3609 1037 3651 eam
1066 3592 1384 3652 traducere
1403 3593 1607 3674 voluit,
1631 3595 1782 3657 clam
1806 3583 2096 3658 dimittere

2190 3584 2353 3652 αὖτὴν
2425 3583 2930 3665 παραδειγματίσαι,
3016 3584 3291 3658 ἠϐουλήθη
3359 3587 3523 3667 λάθρα
3576 3589 3851 3647 ἁπολύσαι

450 3694 606 3739 eam.
635 3703 661 3732 κ
700 3677 1006 3750 Quomodo
1030 3687 1154 3740 erat
1178 3679 1375 3759 justus
1397 3682 1637 3762 Joseph,
1674 3702 1807 3744 cum
1846 3685 1935 3745 lex
1963 3704 2096 3764 prte-

2190 3674 2374 3741 αὒτὴν,
2418 3697 2441 3728 ι)
2480 3678 2596 3741 Πῶς
2655 3676 2718 3742 ἧν
2776 3674 2974 3740 δίκαιος
3020 3679 3047 3733 6
3081 3675 3305 3758 Ἰωσὴφ,
3357 3677 3488 3735 ὅπου
3531 3686 3625 3736 τοῦ
3681 3682 3857 3756 νόμου

447 3767 676 3846 ceperit
705 3766 1033 3828 adulteram
1074 3771 1413 3849 traducere,
1447 3773 1560 3831 hoc
1593 3780 1703 3847 est,
1751 3763 2096 3835 denuntiare

2190 3764 2493 3829 κελεύοντος
2544 3766 2641 3833 τὴν
2686 3763 2977 3844 μοιχαλίδα
3038 3764 3626 3846 παραδειγματίζεσθαι,
3685 3792 3854 3829 τουτ-

452 3864 509 3916 et
543 3855 777 3935 punire,
812 3856 940 3937 ipse
970 3867 1164 3919 autem
1198 3858 1657 3921 adumbraturus
1679 3871 2009 3942 peccatum,
2045 3868 2096 3926 et

2189 3852 2322 3924 ἐστι,
2413 3860 2755 3934 φανεροῦσθαι
2837 3858 2924 3912 καὶ
3008 3854 3341 3929 κολάζεσθαι,
3434 3860 3589 3924 αὐτὸς
3658 3858 3860 3932 ἔμελλε

450 3944 941 4026 praevaricatums
991 3946 1207 4025 legem,
1270 3966 1397 4008 eam
1454 3948 1753 4012 dimittere
1802 3954 2096 4014 voluerit?

2190 3943 2465 3999 συσκιάσαι
2510 3967 2569 3999 το
2621 3945 2936 4023 ἁμάρτημα,
2990 3946 3079 4002 καὶ
3136 3944 3437 4023 παραϐῆναι
3497 3948 3588 4005 τὸν
3637 3949 3858 4027 νόμον;

453 4034 709 4098 Solvitur
740 4044 937 4097 autem
974 4037 1373 4116 hoc,primum
1407 4038 1837 4122 quidemquod
1866 4052 2096 4123 propter

2190 4034 2380 4089 Λύεται
2443 4033 2496 4089 δὲ
2543 4042 2723 4114 τοῦτο,
2776 4041 2984 4115 πρῶτον
3042 4036 3142 4111 μὲν
3189 4034 3269 4092 ὅτι
3320 4034 3388 4092 δι’
3423 4038 3549 4094 αὖτὸ
3579 4040 3735 4096 τοῦτο
3766 4037 3861 4095 δί-

454 4125 563 4186 hoc
596 4124 791 4205 ipsum
819 4125 1013 4205 justus
1037 4139 1187 4207 erat,
1215 4127 1455 4188 nolebat
1486 4129 1645 4189 enim
1670 4130 1931 4192 crudelis
1950 4122 2096 4207 esse,

2191 4144 2340 4184 καιος
2384 4126 2473 4190 ἦν.
2524 4124 2594 4181 Οὔ
2639 4126 2738 4203 γὰρ
2767 4122 3010 4181 ἐϐούλετο
3039 4125 3257 4192 ἀπηνὴς
3309 4125 3478 4200 εἶναι,
3532 4126 3650 4183 ἀλλ’
3697 4127 3837 4210 ἐφιλ-

456 4213 560 4275 sed
598 4232 717 4294 pra:
751 4216 933 4276 multa
958 4214 1344 4296 henign‘tate,
1377 4217 1787 4280 misericordia
1818 4239 1946 4281 eam
1980 4242 2096 4302 pro-

2194 4214 2557 4291 ανθρωπεύετο
2637 4212 2741 4269 ἁπὸ
2831 4212 3038 4281 πολλῆς
3125 4215 3522 4295 χρηστότητος,
3591 4217 3864 4298 ἀνώτερον

454 4303 835 4385 sequebatur,
873 4306 1197 4369 ostendens
1228 4326 1291 4367 se
1322 4308 1693 4386 superiorem
1729 4310 1878 4389 lege,
1901 4320 1961 4373 et
1982 4301 2096 4393 jam

2193 4310 2284 4359 τοῦ
2341 4303 2504 4378 νόμου
2558 4304 2742 4360 ἑαυτὸν
2802 4301 3072 4379 δεικνύων,
3134 4305 3223 4361 καὶ
3302 4302 3407 4372 ἤδη
3464 4306 3593 4387 ὑπὲρ
3652 4309 3713 4364 τὺ
3756 4331 3860 4364 νο-

455 4396 635 4474 super
667 4394 876 4473 legalia
924 4396 1203 4457 mandata
1253 4398 1570 4458 viventem.
1623 4398 1848 4460 Deinde
1884 4391 2022 4481 quia
2054 4413 2096 4462 el

2193 4394 2324 4466 μικόι
2368 4392 2671 4467 ἐντάλματα
2724 4398 2849 4464 ζῶν,
2900 4391 3162 4474 "Emicat,
3223 4393 3303 4450 ὅτι
3367 4395 3456 4451 καὶ
3513 4396 3668 4461 αὖτὸς
3712 4396 3861 4474 ἔγνω

453 4482 583 4563 ipse
613 4486 883 4563 cognovit
912 4485 987 4546 de
1019 4484 1238 4566 Spiritu
1270 4495 1471 4547 sancto
1499 4488 1542 4547 8
1574 4506 1701 4549 eam
1733 4480 2096 4571 concepisse,

2193 4482 2266 4543 ὡς
2335 4483 2439 4539 ἂιπὸ
2497 4483 2801 4557 Πνεύματος
2866 4482 3016 4561 ἁγίου
3088 4480 3362 4557 συνέλαϐε,
3411 4485 3498 4539 καὶ
3554 4482 3638 4541 διὰ
3694 4496 3860 4546 τοῦτο

454 4582 771 4656 propterea
807 4574 996 4637 noluit
1028 4576 1338 4637 traducere
1383 4590 1441 4638 et
1473 4576 1741 4657 affligere
1773 4598 1928 4655 eam,
1975 4600 2096 4661 qua

2192 4573 2283 4627 οὒκ
2312 4572 2537 4640 ἠθέλησε
2574 4574 2669 4640 τὴν
2728 4573 2834 4629 ἀπὸ
2886 4581 2978 4629 τοῦ
3036 4573 3183 4652 ἁγίου
3227 4575 3557 4651 Πνεύματος,
3610 4577 3698 4633 καὶ
3755 4580 3862 4635 οὒκ

457 4664 531 4725 de
576 4664 800 4746 Spiritu
833 4676 1060 4741 sancto,
1110 4686 1229 4728 non
1264 4686 1330 4727 ex
1383 4666 1683 4742 adultero,
1726 4659 2096 4750 conceperat.

2192 4660 2298 4717 ἀπὸ
2355 4670 2576 4743 μοιχοῦ,
2655 4659 3016 4719 συλλαϐοῦσαν
3074 4662 3552 4742 παραδειγματίσαι
3612 4667 3696 4722 καὶ
3752 4690 3861 4723 κα-

456 4753 608 4817 Vide
640 4757 800 4819 enim
835 4758 971 4840 quid
1016 4758 1195 4834 dicat,
1231 4757 1509 4839 quoniam
1556 4786 1580 4814 α
1632 4762 1876 4822 Inventa
1913 4769 2002 4822 est
2047 4761 2096 4822 in

2192 4759 2383 4825 χῶσαι,
2433 4752 2528 4832 ὅρα
2580 4753 2679 4831 γὰρ
2709 4750 2765 4808 τί
2797 4774 2958 4833 φησιν
2988 4768 3003 4782 ⁶
3060 4774 3088 4806 ε
3144 4752 3339 4832 Εὒρέθη
3384 4752 3438 4809 ἐν
3468 4756 3652 4833 γαστρὶ
3680 4753 3859 4837 ἔχου..

458 4851 628 4906 utero
660 4844 907 4909 habens.
950 4873 969 4902 ι
1000 4848 1049 4910 Α
1080 4866 1195 4928 quo
1224 4849 1461 4909 inventa
1490 4846 1623 4910 rst?
1654 4867 1687 4909 a
1714 4849 1933 4929 Joseph
1956 4871 1970 4922 ;
1996 4848 2096 4911 hoc

2193 4864 2283 4905 σα,
2325 4865 2348 4900 ο
2388 4843 2497 4899 Τίνι
2542 4841 2723 4921 εὑρέθη
2758 4860 2774 4921 ;
2838 4847 2926 4915 Τῷ
2982 4840 3205 4922 Ἰωσὴφ,
3252 4842 3522 4917 τουτέστι,
3556 4840 3859 4923 διεγνώσθη

460 4945 574 5010 eSt,
601 4934 855 4997 innotuit
879 4938 1033 5018 quod
1061 4957 1128 5000 ex
1154 4937 1378 5019 Spiritu
1401 4946 1605 4999 sancto
1637 4939 1909 5018 concepit
1940 4937 2096 5001 Unde

2190 4935 2270 4991 ὅτι
2325 4937 2388 4991 kx
2449 4935 2753 5009 Πνεύματος
2806 4933 2955 5012 ἁγίου
3014 4930 3295 4991 συνέλαϐεν
3333 4950 3347 4963 ·
3403 4932 3518 4991 ὅθει
3570 4930 3857 5005 ἠϐουλήθη

458 5022 609 5084 clam
664 5025 847 5086 voluit
902 5045 1034 5088 eam
1102 5027 1427 5102 dimittere,
1484 5027 1652 5108 quasi
1711 5047 1827 5087 non
1859 5029 2096 5090 auderet

2190 5024 2354 5105 λάθρα
2405 5024 2667 5083 ἀπολῦσαι
2726 5024 2912 5095 αὐτὴν,
2968 5025 3040 5086 ὡς
3115 5023 3175 5079 οὔ
3231 5021 3443 5098 τολμῶν
3486 5024 3562 5081 ἔτι
3618 5039 3859 5103 γυναῖκα

460 5110 680 5173 habere
705 5133 975 5197 uxorem,
1005 5135 1136 5195 quae
1166 5126 1382 5179 tantam
1419 5118 1672 5180 habebat
1700 5117 1975 5195 gratiam.

2190 5116 2360 5195 ἔχειν,
2391 5116 2491 5183 τὴν
2520 5117 2771 5173 τοσούτου
2801 5111 3216 5179 καταξιωθεῖσαν
3245 5112 3602 5193 χαρίσματος.

540 5202 719 5266 Vens.
768 5202 869 5267 20.
910 5229 937 5260 α
988 5203 1126 5267 Haec
1182 5215 1382 5269 autem
1434 5207 1565 5288 ipso
1616 5206 1930 5287 cogitante,
1965 5224 2096 5271 ecce

2275 5230 2302 5260 α
2365 5208 2541 5264 Ταῦτα
2603 5204 2658 5262 δὲ
2744 5209 2902 5263 αὒτοῦ
2965 5203 3365 5282 ἐνθυμηθέντος,
3437 5201 3546 5288 ίδου
3619 5200 3855 5283 ἅγγελος

456 5290 720 5371 Angelus
750 5291 988 5355 Domini
1022 5295 1079 5355 in
1113 5315 1320 5357 somno
1373 5283 1647 5378 apparuit
1678 5283 1755 5372 ei,
1800 5296 2030 5358 dicens.
2072 5322 2095 5356 υ

2191 5298 2374 5376 Κυρίου
2425 5298 2546 5353 κατ’
2587 5295 2713 5374 ὅναρ
2764 5294 2932 5375 ὶφάνη
2991 5292 3157 5367 αὐτῷ,
3217 5291 3409 5370 λέγων’
3452 5316 3477 5348 ι
3532 5283 3669 5351 ’Ὅτι
3711 5293 3850 5362 ἠπό-

459 5379 605 5443 Cum
635 5392 957 5462 angeretur
982 5384 1195 5465 justus,
1238 5385 1483 5466 angelus
1533 5386 1589 5449 ei
1622 5387 1850 5461 astitit,
1885 5386 2096 5447 docens

2186 5408 2262 5465 ρει
2319 5388 2347 5443 6
2422 5384 2645 5457 δίκαιος,
2729 5384 2850 5441 τότε
2909 5386 2936 5440 6
3015 5380 3243 5461 ἅγγελος
3302 5380 3524 5456 ἐπέστη,
3587 5380 3852 5442 διδάσκων

460 5489 594 5532 eum
625 5471 765 5553 quid
798 5471 1136 5537 faciendum
1169 5483 1348 5537 esset.
1402 5478 1469 5542 In
1505 5495 1735 5538 sommo
1763 5485 1958 5539 autem
1989 5494 2096 5556 ap-

2186 5477 2342 5535 αύτὸν
2393 5476 2444 5533 τί
2500 5476 2741 5546 ποιήσοι.
2791 5470 2922 5533 Κατ’
2978 5471 3104 5551 ὄναρ
3150 5470 3207 5529 δί
3235 5472 3473 5553 φαίνεται
3514 5471 3678 5548 αὐτῷ,
3709 5471 3851 5535 διότι

1530 5595 1612 5658 Ex
1645 5596 1961 5659 collatione
1990 5598 2171 5673 codd.
2204 5596 2418 5663 Venet.
2450 5596 2517 5664 S.
2549 5598 2757 5663 Marci.

544 5712 633 5793 (1)
666 5711 811 5777 Cod.
844 5713 922 5779 29
949 5714 1134 5792 addit,
1171 5719 1256 5773 καὶ
1285 5730 1403 5781 τοῖς
1436 5714 1777 5790 συμϐαίνουσι
1824 5741 2096 5796 πειρασμοι

2204 5744 2229 5777 α
2266 5729 2328 5785 et
2360 5719 2806 5803 superventurir
2835 5714 3283 5785 natationibus.
3320 5740 3348 5774 ι
