4202 6414
511 341 625 408 163

510 569 800 649 insipiens
830 587 928 630 res
957 578 1048 629 est
1083 568 1328 629 malitia.

593 662 778 720 Vens.
813 658 871 720 4.
921 678 951 716 ‹
978 658 1050 720 Et
1078 659 1446 735 congregatis
1478 656 1754 718 omnibus
1787 656 2162 738 pontiﬁcibus

509 757 567 811 et
597 746 807 808 scribis
856 747 1083 827 populi,
1136 746 1521 826 interrogavit
1560 765 1687 821 eos,
1737 747 1834 808 ubi
1889 755 2164 808 nascatur

509 836 802 899 Christus.
840 859 866 890 ι
905 834 1129 898 Scribae
1159 845 1329 898 erant
1378 837 1653 898 doctores
1702 837 1928 918 papuli,
1962 839 2165 917 quales

507 936 644 988 sunt
704 943 855 1005 quos
916 944 1024 986 nos
1083 926 1338 987 dicimus
1374 929 1812 1006 grammaticos.
1869 925 2165 1004 Singulari

505 1021 706 1078 autem
767 1014 874 1076 Dei
937 1015 1384 1094 dispensatione
1443 1015 1880 1095 interrogantur
1935 1016 2043 1096 illi,
2107 1024 2167 1076 ut

509 1107 908 1170 conﬁteantur
939 1108 1272 1179 veritatem,
1330 1115 1385 1169 et
1415 1127 1483 1169 ex
1519 1108 1630 1169 hoc
1669 1108 2165 1187 condemnentur,

507 1196 662 1281 quod
725 1195 888 1256 illum
950 1197 1392 1274 cruciﬁxerunt,
1455 1217 1628 1279 quem
1689 1199 1854 1279 prius
1909 1198 2168 1261 confessi

508 1296 662 1351 sunt.

590 1377 776 1444 Vens.
796 1381 856 1441 5.
874 1401 895 1434 α
923 1378 999 1438 At
1019 1376 1103 1438 illi
1123 1377 1393 1440 dixerunt
1420 1377 1495 1459 ei,
1514 1378 1572 1439 in
1593 1379 1897 1441 Bethleem
1914 1377 2157 1441 Iudaeae.

1478 339 2074 408 THEOPHYLACTI
2121 339 2530 404 BULGARIE
2573 339 2920 405 ARCHIEP.

509 479 608 560 qui
668 498 700 540 a
750 477 1008 541 Persicis
1064 479 1301 556 regibus
1364 476 1736 552 adoraretur,
1795 477 1900 540 sed
1953 494 2158 539 revera

2252 480 2510 554 Περσικῶν
2596 473 2857 551 βασιλέων
2949 478 3427 555 προσκυνούμενος,

3780 343 3895 410 164

3519 475 3640 535 ἀλλ’
3727 479 3894 543 ὅντως

2246 564 2468 631 ἀνόητον
2503 569 2692 643 χρῆμα
2723 566 2756 632 ἡ
2788 565 3036 643 πονηρία,

2333 676 2356 708 ε
2421 655 2516 710 Καὶ
2587 656 2897 733 συναγαγὼν
2949 656 3147 720 πάντας

2246 757 2584 822 γραμματεῖς
2661 752 2752 800 τοῦ
2837 746 2990 820 λαοῦ,

3235 658 3354 721 τοὺς
3449 657 3725 738 ἀρχιερεῖς
3807 663 3896 718 καὶ

3079 745 3392 803 ἐπυνθάνετο
3488 749 3613 826 παρ’
3700 751 3898 828 αύτῶν,

2246 843 2347 890 πού
2405 834 2432 887 6
2514 834 2736 910 Χριστὸς
2793 839 3060 911 γεννᾶται.
3104 858 3126 884 n
3186 841 3529 914 Γραμματεϊς
3559 838 3699 902 ἦσαν
3728 840 3774 892 οἱ
3827 837 3903 893 δι-

2248 919 2496 977 δάσκαλοι
2555 929 2648 978 τοῦ
2719 928 2872 994 Ααοῦ,
2910 922 3088 1001 ὥσπερ
3120 923 3207 988 οὕς
3238 927 3402 1000 ἡμεῖς
3461 923 3689 1003 λέγομεν
3726 951 3901 1006 γραμο

2250 1013 2524 1086 ματικούς.
2562 1013 2847 1086 Οὶιιονομετ
2876 1011 2930 1067 δὲ
2964 1015 2990 1067 6
3025 1016 3152 1078 Θεὸς
3177 1013 3504 1093 ἐρωτηθῆναι
3535 1017 3771 1093 τούτους,
3806 1018 3901 1073 ἵνα

2251 1102 2625 1179 ὁμολογήσωσι
2670 1102 2768 1168 τὴν
2799 1101 3072 1177 ἀλήθειαν,
3119 1106 3204 1160 καὶ
3261 1104 3320 1159 ἐκ
3361 1107 3546 1161 τούτου
3607 1109 3704 1162 ὦσι
3735 1129 3903 1163 κατα-

2251 1191 2574 1270 κεκριμένοι,
2638 1193 2782 1249 αὐτοὶ
2837 1199 3018 1248 τοῦτον
3087 1195 3480 1271 σταυρώααντες
3561 1193 3618 1251 ὅν
3677 1196 3901 1272 ὡμολό-

2244 1302 2416 1356 γησαν
2460 1282 2734 1359 πρότερον.

2330 1395 2354 1424 α
2418 1371 2477 1427 Ol
2563 1367 2616 1425 δὲ
2689 1371 2846 1428 εἷπον
2907 1373 3072 1452 αὐτῷ,
3131 1369 3220 1430 Ἐν
3284 1372 3527 1450 Βηθλεὲμ
3598 1379 3696 1442 τῆς
3758 1374 3901 1433 Ἰου-

511 1470 606 1533 Sic
627 1471 786 1531 enim
819 1467 1106 1547 scriptum
1139 1475 1228 1528 est
1257 1487 1365 1547 per
1394 1458 1812 1548 prophetam.»
1843 1470 1957 1531 Per
1983 1488 2158 1550 quem

2252 1458 2414 1523 Βαίας·
2476 1459 2612 1516 οὕτω
2691 1462 2790 1539 γὰρ
2857 1462 3149 1540 γέγραπται
3228 1459 3313 1518 διὰ
3364 1471 3456 1521 τοῦ
3534 1467 3830 1544 προφήτου.
3873 1489 3898 1523 ε

512 1561 857 1641 prophetam
884 1557 914 1617 ‘?
945 1556 1059 1619 Per
1089 1556 1419 1619 Michaeam.
1457 1557 1561 1619 Ille
1593 1557 1750 1619 enim
1785 1558 1927 1620 dicit
1966 1581 1978 1622 :

2252 1551 2522 1629 Προφήτου
2589 1551 2788 1625 ποίου,
2850 1559 2952 1608 Τοῦ
3023 1553 3277 1631 Μιχαίου.
3333 1552 3574 1618 Ἐκεῖνος
3633 1556 3731 1633 γὰρ
3779 1579 3896 1634 φη-

2243 1661 2349 1712 σιν,

591 1739 776 1802 Vens.
800 1739 861 1801 4.
900 1762 926 1792 ε
976 1740 1045 1798 Et
1072 1745 1136 1826 tu
1167 1735 1471 1826 Bethleem
1510 1747 1669 1798 terra
1699 1738 1870 1818 Juda,
1929 1757 2157 1820 nequa-

2329 1751 2356 1782 ε
2417 1730 2512 1786 Καὶ
2571 1729 2654 1802 σὺ,
2731 1727 2996 1808 Βηθλεὲμ,
3056 1734 3130 1808 γῆ
3179 1729 3369 1812 Ἰούδα,
3417 1729 3659 1807 οὖδαμῶς
3706 1731 3904 1813 ἐλαχί-

511 1847 684 1912 quam
720 1828 966 1888 minima
989 1825 1126 1887 esin
1159 1825 1531 1906 principibus
1553 1827 1722 1888 Juda.
1751 1852 1773 1885 ι
1807 1817 2158 1908 Contempla

2252 1841 2343 1885 πτη
2402 1819 2456 1873 εἶ
2521 1818 2575 1872 ἐν
2631 1831 2747 1883 τοῖς
2802 1819 3066 1897 ἡγεμόσιν
3139 1817 3329 1882 Ἰούδα,
3411 1845 3438 1875 a
3534 1829 3734 1901 Μικρᾶς
3801 1827 3906 1902 γὰρ

509 1906 666 1981 enim
701 1926 826 1979 erat
856 1924 918 1977 ut
950 1924 1088 1996 puto
1121 1933 1336 1994 parva:
1375 1934 1534 1977 nunc
1579 1926 1772 1977 autem
1817 1918 1956 1998 quia
1987 1906 2159 1978 eat—ea

2252 1906 2398 1973 >ὒσης
2453 1907 2650 1973 ταύτης
2721 1908 3096 1987 κατεφρόνουν·
3156 1918 3241 1966 νῦν
3275 1907 3327 1964 δὲ
3388 1907 3470 1964 διὰ
3515 1911 3604 1965 τὸν
3653 1909 3714 1967 ἐκ
3771 1913 3910 1968 ταύ-

511 2007 724 2089 prodiit
754 1995 1045 2080 Christus,
1080 2004 1336 2067 celebris
1377 2014 1486 2070 est.
1521 2009 1744 2070 Omnes
1775 1995 1930 2068 enim
1967 2025 2038 2069 ex
2082 2008 2156 2068 ti-

2252 2018 2337 2063 της
2405 1995 2724 2075 προελθόντα
2783 1999 3028 2076 Χριστὸν,
3110 1995 3424 2073 περιϐόητός
3525 1997 3658 2058 ἐστι.
3757 2001 3906 2056 Πάν-

508 2086 682 2159 nibus
732 2105 905 2158 terra;
965 2095 1228 2168 veniunt,
1292 2104 1349 2156 et
1396 2100 1660 2158 sanctam
1713 2097 1865 2158 hanc
1915 2097 2161 2158 adorant

2252 2107 2329 2148 τες
2411 2088 2509 2163 γὰρ
2563 2089 2625 2141 εκ
2681 2086 2920 2164 περάτων
2977 2092 3074 2153 τῆς
3128 2092 3231 2164 γῆς
3283 2087 3558 2166 ἔρχονται,
3594 2091 3905 2166 προσκυνή-

509 2182 839 2250 Bethleem.
877 2212 897 2240 ι
953 2186 1041 2246 Ex
1087 2197 1145 2248 te
1193 2184 1350 2245 enim
1402 2203 1749 2263 egressurus
1801 2197 1893 2247 est
1938 2186 2078 2249 dux.
2127 2208 2155 2243 ο

2252 2196 2424 2238 σοντες
2484 2175 2680 2242 ταύτην
2751 2176 2848 2242 τὴν
2906 2177 3056 2254 ἁγίαν
3121 2175 3386 2252 Βηθλεέμ.
3450 2200 3472 2233 ε
3547 2174 3763 2238 Ἐκτοῦ
3801 2181 3907 2259 γὰρ

508 2277 697 2339 Recte
718 2291 1065 2352 egressurus
1088 2281 1200 2350 est,
1237 2274 1516 2353 inquit,et
1543 2293 1660 2335 non
1685 2274 1744 2335 in
1782 2283 1838 2336 te
1872 2275 2154 2339 manebit.

2252 2263 2564 2330 ἐξελεύσεται
2637 2266 2952 2344 ἡγούμενος.
2993 2289 3018 2320 a
3099 2264 3283 2332 Καλῶς
3315 2267 3439 2323 εἷπε
3475 2268 3558 2341 τὸ,
3619 2267 3900 2332 ἐξελεύσε-

512 2364 639 2426 Non
671 2364 830 2426 enim
865 2362 1080 2423 mansit
1118 2363 1386 2424 Christus
1409 2362 1467 2422 in
1498 2363 1831 2444 Bethleem,
1865 2364 1968 2426 sed
1993 2385 2062 2426 ex
2093 2384 2164 2428 ea

516 2463 819 2535 postquam
853 2460 1022 2513 natus
1049 2464 1135 2512 est
1162 2452 1321 2524 exiit,
1350 2459 1407 2513 et
1425 2451 1484 2512 in
1508 2454 1796 2517 Nazareth
1821 2454 2166 2535 frequenter

514 2551 898 2606 conversatus
942 2550 1048 2602 est.
1104 2539 1317 2601 Dicunt
1368 2553 1564 2603 autem
1619 2542 1803 2605 Judaei
1844 2545 2000 2625 quod
2052 2545 2164 2607 hoc

515 2633 860 2714 prmdiclum
885 2632 957 2691 sit
982 2631 1056 2691 de
1079 2629 1431 2708 Zorobabel;
1458 2631 1560 2695 sed
1589 2635 1956 2696 mentiuntur
1978 2637 2165 2696 mani-

511 2725 680 2785 feste.
709 2721 937 2782 Etenim
962 2720 1288 2782 Zorobabel
1313 2740 1430 2782 non
1456 2723 1516 2782 in
1537 2724 1843 2786 Bethleem
1860 2735 2030 2786 natus
2048 2734 2160 2804 est,

512 2812 615 2873 sed
642 2813 700 2872 in
733 2809 1063 2889 Babylone.
1099 2811 1248 2872 Vide
1273 2810 1430 2871 enim
1469 2831 1686 2874 nomen
1718 2815 1864 2890 ejus,
1895 2814 2042 2875 Zoro
2075 2815 2161 2876 si-

513 2901 748 2981 gniﬁcat
778 2919 982 2962 semen
1015 2909 1070 2960 et
1101 2900 1455 2961 nativitatem
1483 2919 1496 2962 :
1533 2901 1717 2963 Babel
1748 2913 1942 2964 autem
1975 2903 2163 2984 Baby-

515 2995 671 3065 lona,
710 2991 822 3051 hoc
853 2997 960 3064 est,
997 2989 1096 3070 qui
1133 2999 1302 3050 natus
1333 2991 1420 3051 vel
1469 2991 1702 3068 genitus
1733 2999 1824 3055 est
1879 2993 1937 3053 in
1971 2993 2161 3074 Baby-

516 3083 675 3143 lone.
731 3078 842 3142 Sed
903 3089 961 3140 et
1019 3079 1326 3159 prophetia
1393 3081 1704 3142 manifeste
1770 3082 1964 3160 arguit
2033 3102 2224 3162 eos,c

515 3172 770 3233 dicens:
829 3195 853 3224 α
907 3168 1190 3248 Egressus
1235 3170 1364 3248 ejus
1427 3189 1458 3231 a
1507 3171 1822 3251 principio,
1879 3192 1911 3233 a
1959 3173 2166 3234 diebus

515 3260 862 3322 aeternitatis
876 3259 929 3321 9.
969 3283 993 3314 ι
1033 3258 1212 3338 Cujus
1236 3269 1430 3320 autem
1463 3260 1708 3322 alterius
1731 3281 2006 3340 egressus
2030 3274 2168 3327 sunt

513 3351 587 3412 ab
625 3350 815 3431 initio,
847 3358 903 3412 et
926 3368 958 3410 a
988 3350 1070 3408 12
1097 3349 1306 3411 diebus
1339 3351 1686 3413 aeternitatis
1709 3371 1884 3431 quam
1913 3353 2170 3416 Christi?

513 3442 612 3522 qui
635 3441 785 3501 duos
807 3457 1086 3520 egressus
1109 3439 1338 3516 habuit,
1367 3440 1480 3502 hoc
1513 3449 1603 3502 est
1630 3441 1986 3504 nativitates.
2014 3445 2164 3506 Nam

517 3531 706 3611 prima
736 3531 865 3608 ejus
897 3528 1188 3604 nativitas,
1225 3529 1296 3589 ab
1322 3529 1487 3590 initio
1510 3530 1668 3592 fuita
1703 3534 2167 3606 Patre,secunda

512 3629 710 3682 autem
739 3617 848 3679 fuit
875 3637 906 3679 a
939 3618 1152 3679 diebus
1191 3618 1416 3699 saeculi,
1461 3619 1812 3698 principium
1848 3639 2094 3684 sumens
2137 3641 2169 3684 a

519 3715 704 3772 Matre
735 3707 862 3788 Dei,
898 3727 1031 3788 quae
1067 3708 1127 3768 in
1159 3716 1427 3789 tempore
1458 3709 1587 3772 fuit.
1622 3709 1828 3772 Dicant
1859 3711 2034 3789 igitur
2059 3711 2167 3774 Ju-

519 3800 660 3874 daei,
687 3817 827 3860 num
858 3797 1184 3859 Zorobabel
1215 3797 1288 3857 ab
1318 3798 1484 3859 initio
1518 3799 1740 3860 fuerit?
1772 3801 1874 3861 sed
1909 3820 2026 3862 non
2059 3803 2170 3864 ha-

517 3891 660 3952 bent
685 3887 844 3970 quod
872 3886 1073 3950 dicant
1106 3907 1119 3946 :
1182 3911 1207 3940 α
1244 3886 1352 3959 Qui
1403 3897 1608 3968 pascet
1657 3889 1937 3970 populum
1972 3910 2168 3954 meum

517 3979 723 4042 lsrael.
763 4003 789 4033 ιι
822 3976 1030 4039 Pascet
1062 3976 1231 4056 dixit,
1266 3996 1381 4038 non
1414 3978 1791 4058 tyrannidem
1844 3981 2166 4054 exercebit,

517 4065 962 4131 veldevorabit.
992 4066 1112 4132 Alii
1148 4066 1305 4129 enim
1353 4084 1526 4146 regcs
1559 4087 1676 4130 non
1723 4081 2012 4151 pastores,
2065 4072 2170 4133 sed

518 4158 640 4238 lupi
666 4165 803 4218 sunt
836 4175 850 4219 :
885 4156 1154 4219 Christus
1185 4165 1383 4218 autem
1410 4165 1631 4237 pastor,
1665 4160 1816 4220 sicut
1838 4159 1966 4239 ipse
1987 4159 2169 4223 dicit:

524 4276 546 4303 ιι
585 4249 707 4327 Ego
736 4265 866 4308 sum
904 4254 1102 4327 pastor
1125 4246 1316 4308 bonus
1339 4247 1760 4328 10.»Populum
1796 4248 1976 4311 lsrael
2003 4249 2165 4325 dicit,

518 4347 636 4398 tam
662 4355 765 4399 eos
789 4337 887 4418 qui
921 4354 989 4398 ex
1021 4335 1263 4410 Judaais,
1299 4356 1473 4416 quam
1504 4337 1604 4418 qui
1635 4357 1704 4399 ex
1731 4338 2022 4402 Gentibus
2042 4357 2172 4401 cre-

2245 2376 2353 2430 ται,
2409 2355 2496 2409 καὶ
2540 2355 2682 2434 οὐχὶ,
2717 2358 2770 2410 ιν
2803 2357 2882 2411 σοὶ
2906 2369 3082 2430 μενεῖ,
3116 2355 3187 2413 Οὔ
3232 2357 3330 2436 γὰρ
3362 2356 3565 2432 ἔμεινεν
3611 2361 3637 2414 ὁ
3673 2361 3905 2436 Χριστος

2248 2443 2300 2499 ἐν
2367 2450 2433 2520 τῇ
2505 2445 2767 2523 Βηθλεὲμ,
2801 2443 2920 2500 ἀλλ’
2953 2445 3012 2500 ἐκ
3037 2445 3233 2512 ταύτης
3266 2447 3363 2520 μὲν
3406 2445 3613 2521 ἆξῆλθε,
3674 2450 3808 2522 μετὰ
3842 2451 3907 2504 τὸ

2248 2533 2588 2610 γεννηθῆναι,
2649 2533 2702 2588 ἐν
2761 2531 2813 2587 δὲ
2870 2539 2938 2609 τῇ
2969 2535 3203 2614 Ναζαρὲτ
3260 2536 3323 2590 τα
3384 2535 3618 2592 πλεῖστα
3647 2534 3902 2614 διέτριϐε,

2246 2620 2468 2700 Λέγουσι
2525 2620 2578 2676 δὲ
2637 2625 2681 2678 οἱ
2743 2620 2990 2679 Ἰουδαῖοι
3023 2624 3101 2680 ὁτι
3145 2646 3262 2702 περι
3295 2631 3387 2681 τοῦ
3416 2624 3713 2705 Ζοροϐάϐελ
3744 2634 3903 2684 τοῦτο

2247 2712 2638 2790 προεφητεύθη.
2699 2709 2986 2768 Ψεύδονται
3043 2711 3097 2768 δί
3169 2714 3474 2794 προφανῶς.
3513 2719 3611 2774 Καὶ
3660 2718 3759 2796 γὰρ
3804 2723 3908 2774 Ζο-

2248 2797 2492 2878 ροϐάϐελ,
2551 2801 2644 2882 οὐκ
2699 2803 2754 2856 ἓν
2784 2807 2851 2878 τῇ
2879 2800 3117 2878 βηθλεὲμ
3144 2804 3428 2880 ἒγεννήθη,
3463 2803 3584 2861 ἀλλ’
3614 2805 3669 2861 έν
3699 2811 3766 2882 τῇ
3800 2814 3909 2862 Βα-

2249 2873 2485 2949 ϐυλῶνι.⁷
2540 2873 2656 2948 "lae
2714 2873 2837 2969 γὰρ⁷
2871 2873 2932 2946 τὰ
2975 2873 3142 2966 ὄνομα
3175 2873 3353 2950 αὐτοῦ·
3391 2873 3544 2973 έορὸ,
3595 2873 3754 2963 δηλοέ
3799 2901 3908 2963 τὴν

2249 2981 2447 3056 σπορὰν
2518 2982 2604 3035 καὶ
2660 2981 2758 3047 τὴν
2817 2981 3083 3058 γέννησιν
3134 2979 3304 3040 Βαόὲλ
3333 2980 3410 3059 δὲ,
3443 2985 3540 3051 τὴν
3591 2981 3910 3065 Βαϐυλῶνα,

2248 3068 2540 3141 τουτέστιν,
2600 3072 2628 3124 6
2687 3070 2740 3124 ἓν
2769 3068 3036 3130 Βαϐυλῶνι
3070 3074 3284 3149 σπαρεῖς
3315 3072 3350 3140 ἦ
3393 3074 3684 3151 γεννηθείς.
3734 3072 3913 3132 Ἀλλὰ

2250 3159 2336 3213 καὶ
2393 3160 2425 3226 ἡ
2481 3161 2771 3238 προφητεία
2839 3167 3077 3241 φανερῶς
3135 3160 3346 3242 ἐλέγχει
3403 3163 3612 3240 αὖτοὺς,
3647 3164 3906 3244 λέγουσι’

2257 3272 2280 3302 a
2362 3250 2421 3304 Αἱ
2480 3248 2641 3314 ἔξοδοι
2702 3252 2857 3307 αὒτου
2913 3251 3008 3308 ἀπ’
3040 3252 3246 3331 ἀρχῆς,
3279 3252 3328 3318 ἐξ
3373 3255 3590 3332 ἡμερῶν
3626 3255 3842 3318 αἰῶνος.
3877 3281 3906 3310 ι

2250 3339 2398 3402 Τίνος
2457 3337 2512 3394 δὲ
2572 3337 2734 3396 ἄλλου
2793 3343 2842 3395 αἱ
2901 3339 3062 3405 ἔξοδοί
3087 3344 3184 3397 εἰσι
3229 3343 3316 3398 καὶ
3348 3341 3439 3398 ἀπ’
3474 3344 3673 3425 ἀρχῆς,
3720 3347 3809 3402 καὶ
3852 3346 3912 3412 ἒξ

2250 3430 2461 3508 ἡμερῶν
2493 3431 2679 3494 αἰῶνος
2723 3429 2757 3498 ἢ
2787 3438 2880 3487 τοῦ
2911 3437 3134 3508 Χριστοῦ
3184 3450 3199 3506 ;
3235 3422 3340 3498 ”Ος
3370 3431 3458 3488 δύο
3487 3422 3688 3500 ἐξόδους
3714 3435 3911 3516 ἔσχεν,

2250 3519 2367 3584 ἢτοι
2435 3521 2732 3597 γεννήσειςο
2795 3519 2917 3576 ἀλλ’
2959 3523 2993 3588 ἡ
3025 3522 3123 3596 μὲν
3156 3521 3340 3599 πρώτη
3374 3523 3646 3600 γέννησις,
3681 3525 3774 3581 ἀπ’
3800 3527 3911 3604 ἆρ-

2253 3614 2364 3687 χῆς
2423 3609 2481 3665 ἐκ
2535 3613 2628 3665 105
2659 3613 2884 3689 Πατρὸς,
2919 3613 2953 3680 ἡ
2984 3609 3036 3666 δὲ
3068 3610 3304 3691 δευτέρα,
3336 3611 3387 3678 ἕξ
3429 3617 3644 3692 ἡμερῶν
3689 3617 3911 3693 αἰῶνος,

2211 3735 2221 3744 ο
2253 3698 2357 3753 ἀπὸ
2421 3698 2517 3765 τῆς
2576 3700 2836 3756 Θεοτόκου
2893 3699 3184 3780 ἀρξαμένη,
3239 3703 3327 3759 καὶ
3374 3703 3475 3758 ὑπὸ
3519 3704 3712 3783 χρόνον
3747 3708 3910 3765 οὖσα.

2257 3789 2568 3844 Εἰπαίτωσαν
2624 3788 2712 3844 οὖν
2766 3791 2813 3844 οἱ
2872 3788 3139 3870 Ἰουδαῖοι,
3215 3793 3304 3849 ἰὰν
3376 3791 3404 3847 6
3461 3791 3753 3872 Ζοροϐάϐελ
3808 3793 3914 3851 ἀπ’

2254 3877 2432 3956 ἀρχῆς
2464 3877 2671 3955 ἐγένετο
2705 3897 2720 3958 ς
2755 3877 2905 3935 Ἀλλ’
2933 3884 3025 3938 οὒκ
3047 3880 3262 3960 ἔχουσιν
3286 3882 3478 3939 εἰπεῖν·
3515 3907 3536 3939 ε
3570 3876 3761 3951 ἾΟστις
3785 3907 3915 3942 ποι-

2255 3979 2416 4042 μανεῖ
2468 3969 2557 4022 τὸν
2617 3966 2744 4022 λαόν
2793 3992 2892 4045 μου
2951 3971 3041 4026 τὸν
3099 3968 3336 4050 Ἰσραήλ,
3374 3995 3402 4027 ι
3457 3977 3718 4050 Ποιμανεῒ
3747 3975 3917 4033 εἶπεν

2257 4055 2378 4113 ἀλλ’
2439 4058 2498 4114 οὗ
2525 4060 2865 4137 τυραννήσει,
2897 4059 2932 4126 ἥ
2960 4061 3347 4139 καταφάγεται,
3383 4063 3442 4120 Οἱ
3487 4063 3583 4139 μὲν
3608 4065 3706 4144 γὰρ
3748 4063 3914 4124 ἄλλοι

2257 4144 2528 4222 ϐασιλεῖς,
2591 4148 2650 4203 οὗ
2708 4150 2981 4226 ποιμένες,
3043 4148 3178 4206 ἀλλὰ
3229 4149 3400 4208 λύκον
3461 4155 3488 4209 6
3554 4151 3608 4210 δὲ
3658 4158 3919 4238 Χριστὸς,

2256 4238 2478 4312 ποιμήν,
2543 4240 2614 4301 ὡς
2672 4241 2755 4296 καὶ
2791 4239 2944 4304 αὒτὸς
2977 4239 3141 4318 λέγει·
3197 4264 3224 4295 ι
3261 4239 3402 4320 Ἐγὼ
3433 4245 3537 4318 εἰμὶ
3581 4246 3607 4300 ὁ
3652 4245 3854 4320 ποιμὴν
3891 4251 3922 4304 6

2254 4325 2439 4390 καλός.
2478 4349 2507 4388 ι
2553 4330 2692 4385 Λαὸν
2735 4327 2788 4384 δὲ
2834 4328 3047 4407 Ἰσραὴλ
3077 4328 3243 4409 λέγει,
3287 4333 3375 4388 καὶ
3404 4335 3524 4398 τοὺς
3570 4332 3620 4399 ἒξ
3657 4326 3921 4414 Ἐϐραίων

517 4417 835 4503 όίἀθτυηίζ
869 4423 1052 4487 lsrael
1086 4427 1245 4486 enim
1278 4417 1936 4507 interpretatur,videns
1957 4429 2168 4491 Deum.

2257 4418 2663 4493 πιστεύσαντας,
2721 4420 2809 4476 καὶ
2862 4421 2981 4483 τοὺς
3051 4417 3104 4486 ιξ
3152 4422 3334 4484 εθνῶν,
3393 4419 3614 4502 Ἰσραὴλ
3661 4426 3760 4503 γὰρ
3820 4426 3919 4504 ιρ.

520 4514 688 4580 Unde
711 4534 920 4577 omnes
950 4517 1139 4578 Deum
1175 4514 1752 4592 videntes,lsraelitaz
1777 4517 2171 4592 sunt,etiamsi

516 4625 585 4668 ex
620 4605 912 4669 Gentibus
943 4605 1066 4666 nati
1100 4605 1239 4666 sint.

600 4694 780 4759 Vens.
813 4697 873 4758 7.
920 4722 943 4752 ιι
981 4692 1149 4756 Tunc
1181 4693 1449 4757 Herodes
1481 4695 1630 4758 clam
1666 4697 1884 4757 vocatis
1915 4697 2161 4776 Magis.»

513 4785 796 4849 Clanculo
819 4785 952 4848 illos
976 4786 1227 4866 vocavit,
1265 4793 1508 4866 propter
1535 4785 1792 4849 Iudaeos.
1817 4784 2168 4868 Suspicaba-

515 4885 612 4937 tur
661 4876 821 4939 enim
879 4878 1036 4957 quod
1091 4875 1279 4938 Judaei
1333 4875 1598 4938 fortassis
1657 4894 1904 4956 puerum
1959 4876 2168 4940 facturi

517 4975 717 5028 essent
748 4967 971 5047 magni,
1005 4974 1063 5029 et
1084 4967 1343 5028 curaturi
1368 4975 1430 5028 ut
1460 4973 1767 5029 servarent
1799 4975 2174 5048 eum,utpote

517 5055 899 5118 liberatorem
931 5074 1128 5138 suum,
1163 5064 1220 5118 et
1270 5065 1588 5138 propterea
1637 5056 1787 5117 clam
1833 5056 2171 5123 insidiatur.

523 5169 550 5200 α
588 5144 914 5225 Diligenter
961 5147 1226 5226 quaesivit
1269 5146 1342 5208 ab
1394 5147 1480 5208 eis
1533 5155 1768 5227 tempus
1809 5146 1995 5208 stellae
2038 5167 2168 5228 quae

518 5235 816 5315 apparuit.
854 5260 880 5291 ι
918 5232 1043 5297 Hoc
1068 5245 1179 5312 est,
1213 5245 1486 5299 accurate
1517 5236 1747 5300 didicit.
1795 5235 1975 5298 Stella
2006 5239 2165 5300 enim

517 5332 834 5404 antequam
869 5333 1039 5386 natus
1070 5333 1226 5387 esset
1247 5324 1563 5403 Dominus,
1584 5334 1936 5408 apparuerat
1959 5328 2166 5406 Magis,

517 5414 797 5496 quoniam
879 5416 1128 5477 multum
1189 5417 1470 5496 temporis
1527 5419 1585 5478 in
1649 5417 1760 5480 iter
1807 5415 2167 5499 insumpturi

517 5514 709 5581 erant,
733 5505 866 5566 ideo
891 5506 1074 5567 multo
1093 5509 1233 5569 ante
1261 5506 1535 5587 apparuit
1563 5506 1828 5582 stella,ut
1848 5505 2165 5570 adorarent

599 5688 628 5735 9
660 5684 832 5747 Mich.
877 5704 929 5759 ι’,
966 5686 1022 5746 ‘2.
1119 5688 1168 5736 ¹υ
1198 5686 1366 5749 Joan.
1402 5705 1458 5766 x,
1499 5690 1592 5749 ‘ll.

2258 4509 2567 4584 μηνεύεται,
2640 4509 2774 4587 ὁρῶν
2808 4511 2961 4590 Θεὸν,
3006 4509 3146 4567 ὥστε
3177 4512 3370 4577 πάντες
3403 4513 3447 4569 0i
3495 4516 3625 4570 Θεὸν
3656 4515 3919 4594 ὁρῶντες,

2256 4597 2587 4678 Ἱσραηλϊῖαί
2631 4601 2756 4679 εἶσσ,
2791 4599 2888 4655 κᾶν
2919 4598 2970 4665 ἐξ
3001 4600 3162 4656 ἐθνῶν
3192 4601 3344 4664 ὦσιν,

2340 4712 2365 4744 ιι
2426 4688 2555 4746 Τότε
2629 4690 2656 4744 6
2719 4681 2961 4767 Ἡρώδης
2990 4688 3154 4770 λάθρα
3184 4689 3414 4758 καλέσας
3446 4695 3566 4758 τοὺς
3599 4695 3838 4775 Μάγους.
3883 4723 3915 4756 ι

2255 4780 2428 4856 Λάθρα
2506 4779 2720 4842 τούτους
2775 4777 3018 4854 ἆκάλεσε,
3068 4778 3152 4836 διὰ
3199 4781 3321 4846 τοὺς
3384 4782 3685 4850 Ἰουδαίους.
3725 4776 3917 4843 Τπώ-

2253 4890 2409 4927 πτευε
2468 4869 2568 4948 γὰρ
2618 4867 2698 4924 ὅτι
2757 4871 2804 4924 οἱ
2836 4867 3080 4926 Ἰουδαῖοι
3113 4869 3246 4935 ἴσως
3275 4873 3391 4950 περὶ
3420 4871 3618 4934 πολλοῦ
3645 4878 3911 4947 ποιήσον-

2255 4982 2340 5016 ται
2399 4961 2456 5015 τὸ
2514 4957 2742 5040 παιδίον,
2804 4960 2890 5016 καὶ
2944 4961 3274 5039 φροντίσουσι
3329 4964 3422 5018 τοῦ
3451 4969 3617 5021 σῶσαι
3651 4965 3799 5048 αὐτὸ,
3835 4971 3917 5035 ὡς

2258 5048 2453 5127 μέλλον
2522 5049 2863 5129 ἐλευθερῶσαι
2922 5051 3132 5114 αὐτοὺς.
3188 5052 3284 5106 Δια
3354 5059 3506 5110 τοῦτο
3584 5055 3672 5112 οὖν
3743 5056 3916 5135 λάθρα

2254 5139 2604 5201 ἐπιϐουλεύει.
2672 5163 2700 5196 ε
2751 5138 3041 5218 Ἠκρίόωσε
3090 5140 3216 5220 παρ’
3277 5142 3447 5200 αὐτῶν
3523 5145 3616 5201 τὶν
3711 5147 3917 5228 χρόνον

2251 5241 2343 5290 τοῦ
2412 5231 2730 5313 φαινομένου
2785 5231 3022 5311 ἀστέρος.
3084 5255 3112 5286 a
3176 5233 3475 5310 Τουτέστιν,
3543 5235 3774 5315 ἀκριϐῶς
3817 5240 3921 5296 ἂν-

2253 5312 2465 5398 έμαθεν.
2533 5312 2589 5379 εΟ
2647 5322 2746 5400 γὰρ
2804 5321 2996 5398 ἀστὴρ,
3050 5322 3151 5400 πρὸ
3181 5329 3272 5378 τοῦ
3316 5312 3636 5403 γεδνηθῆναι
3681 5329 3769 5384 τὸν
3805 5331 3914 5389 κύ-

2250 5437 2384 5494 ριον,
2463 5412 2629 5493 ἰφάνη
2687 5423 2804 5476 τοῖς
2863 5413 3088 5490 Μάγοιςο
3161 5411 3274 5469 ἐπεὶ
3332 5415 3433 5494 γὰρ
3465 5415 3692 5492 ἔμελλον
3741 5420 3914 5479 πολὺν

2246 5504 2546 5564 ἀναλίσκειν
2605 5504 2800 5583 χρόνον
2860 5503 2996 5559 κατᾶ
3053 5503 3148 5571 τὴν
3209 5499 3533 5586 ὁδοιπορίαν,
3612 5505 3696 5566 διὰ
3755 5513 3913 5570 τοῦτο
