4202 6438
530 318 640 385 167
1502 313 2091 381 THEOPHYLACTI
2137 313 2546 379 BULGARIJE
2587 309 2946 378 ARCHIEP.
3802 312 3920 379 168

525 457 963 536 incorruptum.
995 451 1229 534 Myrrha
1258 452 1413 513 enim
1447 468 1581 512 cum
1603 448 1762 511 sicca
1793 448 1892 524 sit,
1925 449 2148 513 aretaci

2232 448 2532 525 λἰουδατοι,
2590 449 2675 506 διὰ
2756 452 2819 507 τὸ
2875 448 3052 526 μένειν
3106 450 3169 507 τὸ
3236 451 3392 527 σῶμα
3423 449 3685 519 ἄσηπτον,
3722 442 3786 509 Ἠ
3815 454 3920 534 γὰρ

527 556 586 607 et
616 565 687 608 ex
737 545 917 606 siccat
961 540 1400 615 humiditatem,
1461 546 1521 601 et
1575 557 1695 599 non
1748 537 1891 600 sinit
1950 542 2148 602 innasc

2260 542 2489 618 σμύρνα,
2546 537 2679 619 ξηρᾶ
2736 539 2890 613 οὖσα,
2950 538 3179 619 ξηραίνει
3228 541 3326 610 τὴν
3380 542 3668 621 ὑγρότητα,
3700 544 3787 601 καὶ
3817 545 3918 601 οὐκ

525 634 978 698 vermes.Vides
1001 634 1307 710 Magorum
1331 629 1698 710 ﬁdem,quod
1724 636 1781 690 et
1809 646 1842 690 a
1868 629 2148 711 propheti:

2259 627 2321 696 έῆ
2379 628 2667 696 σκώληκας
2725 633 3025 707 γεννᾶσθαι.
3088 622 3241 710 Ὀρᾷς
3298 637 3403 688 τῶν
3465 633 3663 711 Μάγων
3695 634 3795 701 τὴν
3820 635 3921 691 πί-

522 726 759 789 Balaam
808 724 1147 786 didicerunt
1176 719 1495 782 Dominum
1538 726 1596 780 et
1644 716 1831 780 Deum
1878 727 1934 780 et
1964 737 2148 799 regen

2256 737 2420 799 στινς
2484 719 2633 794 Ἐμεὶ
2691 721 2778 776 καὶ
2834 718 2940 776 ἀπὸ
3024 721 3124 786 τῆς
3157 722 3480 801 προφητείας
3538 729 3629 779 τοῦ
3688 723 3922 799 Βαλαὰμ

522 834 673 880 esse.
706 834 776 876 ac
809 832 914 895 pro
954 810 1127 873 nobis
1161 811 1538 871 moriturum.
1590 807 1747 871 Audi
1793 818 1988 870 autem
2024 827 2148 889 pro-

2256 804 2633 889 δδιδάχθησαν,
2705 810 2795 865 τὸν
2871 808 3080 890 Κύριον,
3140 812 3227 867 καὶ
3284 812 3414 867 Θεὸν
3472 812 3615 868 εἶναι
3644 815 3731 871 καὶ
3761 814 3921 890 βασι-

522 894 1171 986 ρΙιθίίειηζΒῡουὺθηε.
1205 899 1422 980 inquit,
1455 897 1750 979 requievit
1782 907 1844 959 ut
1873 898 1968 961 leo
2000 900 2089 978 (α)
2115 918 2148 961 e

2255 894 2371 969 λέα,
2428 902 2513 954 καὶ
2571 897 2700 977 ὑπὲρ
2761 901 2916 975 ἡμῶν
2973 897 3377 975 τεθνηξόμενον.
3411 900 3692 959 ’Ἀκουσον
3722 902 3777 959 δὲ
3808 906 3915 970 τῆς

519 1003 583 1057 ut
612 995 841 1057 catulus
871 992 1160 1056 leonis”.
1203 989 1355 1053 Ecce
1401 988 1623 1066 regiam
1677 987 2020 1068 dignitatem
2066 1008 2148 1069 pe]

2253 990 2604 1067 προφητείας·
2683 988 3046 1065 Κατακλιθεὶς,
3151 993 3337 1071 φησὶν,
3444 992 3776 1051 ἀνεπαύσατο
3833 998 3911 1059 ὡς

521 1087 755 1149 leonem
784 1082 1103 1163 signiﬁcat,
1148 1078 1566 1142 mortalitatem
1617 1087 1812 1140 autem
1865 1078 2005 1139 dum
2060 1082 2145 1140 ait

2251 1074 2411 1145 λέων,
2471 1079 2558 1133 καὶ
2628 1078 2701 1141 ὣς
2760 1079 3012 1154 σκύμνος.
3075 1077 3205 1136 Ἰδοὺ
3237 1081 3297 1136 τὸ
3349 1080 3653 1162 βασιλικὸν,
3701 1081 3786 1141 διὰ
3814 1089 3912 1142 τοῦ

517 1162 978 1245 recubaanui
1011 1169 1376 1253 benedicunt
1407 1177 1483 1240 tc,
1521 1166 1990 1229 benedicentur:
2026 1186 2148 1231 eccc

2251 1162 2485 1238 λέοντος,
2572 1164 2656 1224 διὰ
2726 1166 2779 1223 δὶ
2808 1178 2921 1248 τοῦ,
2955 1169 3314 1243 κατακλιθεὶς,
3347 1174 3382 1242 ἡ
3407 1171 3687 1247 νέκρωσις.
3719 1178 3778 1233 Ol
3810 1178 3907 1233 εὖ·

516 1272 575 1327 et
605 1263 910 1326 deitatem.
962 1260 1099 1323 Sola
1147 1260 1304 1321 enim
1355 1250 1463 1320 Dei
1513 1266 1719 1320 natura
1769 1257 1919 1319 hanc
1979 1256 2148 1320 bene-

2250 1250 2528 1332 λογοῦντές
2588 1277 2669 1330 σε,
2733 1255 3072 1336 εὐλόγηνται⁸
3130 1256 3238 1315 ἰδοὺ
3290 1262 3322 1327 ἡ
3376 1261 3590 1328 θεότης.
3664 1264 3771 1331 Τὴν
3804 1267 3908 1343 γὰρ

516 1352 799 1417 dictionis
829 1353 1103 1413 virtutem
1136 1349 1331 1410 habet.

2248 1347 2345 1410 τῆς
2377 1343 2617 1423 εὐλογίας
2648 1343 2865 1422 δύναμιν
2897 1348 3036 1423 μόνη
3065 1350 3101 1416 ἦ
3144 1351 3255 1405 θεία
3284 1350 3433 1429 φύσις
3468 1350 3609 1431 ἔχειο

601 1444 782 1505 Vsns.
823 1441 914 1502 1‘2.
956 1466 982 1496 «
1018 1439 1089 1502 Et
1118 1440 1358 1500 oraculo
1393 1446 1637 1517 accepto
1691 1436 1750 1497 in
1804 1435 2053 1511 somnis,
2087 1455 2148 1496 ne

2334 1456 2359 1486 ε
2438 1435 2534 1520 [ἰαὶ
2589 1437 3043 1514 χρηματισθέντες
3102 1438 3225 1494 κατ’
3280 1437 3405 1517 ὄναρ
3477 1442 3555 1516 μὴ
3587 1441 3904 1520 ἀνακάμψαι

515 1540 958 1595 reverterentur
987 1530 1059 1591 ad
1093 1528 1416 1597 Herodem.
1452 1514 1559 1607 per
1582 1526 1755 1587 aliam
1780 1526 1930 1587 viam
1964 1527 2148 1589 redie-

2245 1523 2377 1601 πρὸς
2444 1514 2703 1603 Ἡρώδην,
2765 1524 2860 1611 δι’.
2909 1527 3079 1595 ἄλλης
3139 1527 3259 1587 ὁδοῦ
3317 1514 3670 1611 ἀνεχώρησαν
3702 1514 3772 1600 εἷς
3800 1514 3903 1592 τὶν

512 1628 653 1682 runt
700 1622 758 1681 in
788 1618 1093 1698 regionem
1145 1634 1335 1677 suam.
1376 1643 1398 1673 ε
1452 1598 1601 1677 Vide
1647 1615 2148 1694 consequentiam,

2245 1612 2431 1691 χώραν
2502 1618 2694 1675 αὐτῶν.
2754 1640 2781 1673 ι
2823 1598 2939 1674 ’ὶιδε
2969 1617 3301 1694 ἀκολουθίαν,
3337 1598 3544 1699 πρώτον
3574 1619 3642 1677 δι’
3680 1623 3901 1703 ἀστέρος

513 1710 769 1790 primum
802 1709 959 1770 Deus
990 1706 1124 1768 illos
1155 1706 1225 1767 ad
1259 1704 1435 1767 ﬁdem
1464 1722 1571 1784 per
1600 1704 1830 1766 stellam
1864 1704 2116 1767 adduxit
2143 1723 2148 1767 :

2247 1700 2684 1781 ἐχειραγώγησεν
2725 1707 2911 1767 αὐτοὺς
2964 1710 2991 1763 ὁ
3046 1711 3174 1773 Θεὸς
3245 1711 3319 1773 εἰς
3388 1712 3485 1779 τὴν
3535 1711 3728 1771 πίστιν·
3776 1700 3906 1773 εἶτα

514 1789 733 1863 deinde
781 1818 915 1861 cum
967 1804 1255 1860 venerunt
1310 1796 1372 1857 in
1415 1793 1909 1875 Hierosolymam,
1961 1794 2140 1858 docui

2249 1789 2495 1857 ἐλθόντας
2553 1796 2625 1861 είς
2682 1795 3047 1874 Ἰεροσόλυμα,
3109 1796 3331 1865 ἐδίδαξεν
3392 1801 3575 1866 αὐτοὺς
3673 1801 3756 1859 διὰ
3807 1815 3906 1864 τοῦ

511 1910 615 1951 eos
650 1908 755 1970 per
787 1889 1161 1970 prophetam,
1194 1884 1348 1964 quod
1381 1883 1442 1946 in
1492 1882 1799 1946 Bethleem
1836 1893 2111 1947 nascatur
2146 1908 2148 1943 :

2248 1883 2546 1970 προφήτου,
2607 1884 2687 1941 ὅτι
2744 1885 2799 1941 έν
2850 1886 3089 1963 Βηθλεὲμ
3144 1896 3414 1968 γεννᾶται’
3449 1892 3536 1949 καὶ
3566 1892 3902 1970 τελευταῖον,

512 1989 570 2041 et
600 1969 862 2058 tandem,
896 1996 1000 2056 per
1029 1975 1332 2066 angelum.
1359 1972 1430 2066 Et
1460 1974 1543 2035 illi
1575 1973 1863 2066 obediunt
1896 1975 2148 2051 oraculo,

2247 1969 2331 2026 διὰ
2381 1980 2473 2066 τοῦ
2526 1973 2775 2066 ἀγγέλου.
2851 1979 2909 2034 Οἱ
2958 1976 3012 2033 δὲ
3063 1980 3327 2035 πείθονται
3391 1985 3469 2054 τῷ
3499 1992 3900 2066 χρηματισμῷ,

514 2069 623 2130 hoc
655 2076 767 2149 est,
800 2068 997 2128 divino
1030 2065 1351 2146 colloquio.
1388 2062 1640 2126 Oraculo
1680 2063 1860 2144 igitur
1891 2074 2148 2146 accepto,

2246 2060 2504 2141 τουτέστι,
2561 2069 2630 2139 τῇ
2680 2065 2791 2138 θείᾳ
2845 2067 3046 2141 ὁμιλίᾳ.
3116 2060 3571 2145 Χρηματισθέντες
3616 2071 3726 2145 οὖν,
3777 2060 3902 2141 ἥτδὶ

511 2159 568 2221 id
611 2166 723 2233 est,
778 2156 1140 2219 revelatione
1194 2174 1229 2216 a
1283 2153 1403 2215 D.~o
1464 2152 1685 2225 habita,
1748 2153 2148 2234 imposuerunl

2244 2150 2386 2242 παρὰ
2434 2159 2526 2208 τοῦ
2609 2156 2741 2210 Θεοῦ
2814 2154 3149 2231 ἀποκάλυψιν
3228 2155 3523 2234 δεξάμενοι,
3612 2162 3903 2230 ἠπάτησαν

506 2247 753 2319 Herodi,
789 2255 846 2308 et
877 2266 994 2307 non
1038 2246 1365 2307 timuerunt
1412 2261 1488 2305 ne
1542 2244 1692 2305 forte
1734 2243 2148 2319 insectaretur,

2247 2236 2661 2330 ῖξίρώδηνέ-,καὶ
2730 2242 2824 2300 οὒκ
2870 2242 3207 2324 ἐφοϐήθησαν
3238 2246 3435 2321 μήπως
3478 2247 3897 2330 έπιδιωχθῶσιν,

510 2336 614 2398 sed
634 2336 841 2397 conﬁsi
863 2344 999 2397 sunt
1017 2338 1234 2396 virtute
1261 2333 1402 2408 nati,
1422 2332 1664 2413 verique
1690 2341 1868 2395 testes
1891 2333 2153 2395 fuerunt.

589 2513 771 2577 Vens.
810 2513 906 2578 l3.
946 2538 972 2568 α
1007 2511 1303 2592 Digressis
1344 2519 1540 2573 autem
1570 2511 1707 2587 illis,
1743 2530 1887 2574 ecce
1915 2512 2161 2592 angelus

510 2608 746 2671 Domini
775 2608 829 2669 in
863 2605 1089 2669 somnis
1122 2612 1370 2685 apparet
1398 2604 1643 2685 Joseph,
1678 2604 1909 2679 dicens,
1940 2607 2155 2687 Surge,

508 2707 569 2760 et
597 2697 805 2778 accipe
836 2714 1085 2778 puerum
1118 2703 1176 2756 et
1205 2706 1454 2757 matrem
1481 2695 1632 2775 ejus.
1672 2720 1697 2751 ι
1736 2694 1946 2756 Vidisti
1978 2715 2154 2777 quam

507 2788 583 2851 ob
629 2788 716 2849 14
744 2805 979 2849 causam
1036 2784 1375 2866 permiserit
1403 2784 1561 2847 Deus
1592 2783 1941 2864 desponsari
1969 2785 2155 2865 virgi-

505 2897 643 2940 nem
665 2884 695 2941 ?
724 2877 836 2941 Hic
867 2874 1027 2937 enim
1058 2882 1303 2955 apparet
1331 2873 1487 2954 quod
1519 2892 1553 2935 a
1576 2875 1697 2937 Deo
1730 2873 1947 2936 factum
1975 2882 2157 2957 est,ut

503 2967 848 3046 diligentem
883 2965 1012 3045 ejus
1042 2982 1243 3027 curam
1286 2962 1509 3044 Joseph
1550 2971 1805 3043 gereret.
1839 2962 1969 3026 Non
2009 2964 2156 3026 dixit

503 3067 724 3133 autem,
758 3054 966 3136 accipe
1000 3072 1245 3116 uxorem
1296 3062 1481 3129 tuam,
1515 3052 1620 3115 sed
1676 3062 1925 3117 matrem
1958 3054 2150 3135 pueri.

502 3149 653 3213 Nam
682 3147 961 3228 quoniam
1008 3144 1273 3225 suspicio
1304 3143 1496 3205 soluta
1545 3143 1672 3224 fuit,
1722 3155 1782 3204 et
1827 3145 2022 3224 justus
2050 3164 2156 3225 per

502 3236 791 3300 miracula
811 3234 875 3297 in
890 3243 1061 3315 partu
1090 3234 1244 3297 facta
1271 3241 1642 3315 compertum
1674 3232 1883 3298 habuit
1913 3252 1983 3296 ex
2013 3236 2151 3316 Spi-

500 3329 616 3391 ritu
648 3333 854 3391 sancto
879 3344 1011 3390 esse
1037 3325 1259 3405 omnia,
1293 3341 1412 3386 non
1456 3324 1610 3387 ultra
1640 3342 1886 3387 uxorem
1918 3326 2051 3405 ejus
2079 3326 2154 3388 il-

498 3418 613 3481 lam
646 3417 934 3480 nominat.
974 3441 997 3474 ι
1036 3414 1107 3478 Et
1157 3415 1292 3495 fuge
1333 3415 1393 3476 in
1441 3413 1783 3496 Egyptum.
1827 3439 1849 3473 ι
1887 3414 2064 3496 Fugit
2093 3425 2155 3481 et

500 3508 809 3583 Dominus,
830 3515 896 3569 ut
924 3504 1201 3568 credatur
1222 3504 1381 3585 quod
1410 3522 1621 3566 revera
1650 3504 1830 3567 homo
1863 3505 1959 3566 sit.
1995 3507 2151 3569 Nam

498 3598 549 3661 si
577 3598 639 3661 in
670 3600 881 3660 manus
911 3594 1219 3658 incidisset
1261 3593 1537 3669 Herodis,
1571 3602 1633 3656 et
1658 3612 1775 3656 non
1807 3594 2017 3658 fuisset
2043 3615 2151 3658 0c-

496 3688 679 3763 cisus,
704 3685 931 3768 opinati
946 3685 1197 3747 fuissent
1217 3684 1592 3745 incarnatum
1611 3701 1747 3744 eum
1769 3693 2146 3764 apparenter.

497 3780 563 3840 In
594 3778 911 3858 [Egyptum
942 3781 1137 3836 autem
1169 3771 1335 3850 fugit,
1379 3780 1444 3833 ut
1490 3780 1552 3835 et
1600 3771 1763 3834 illam
1793 3773 2145 3837 sanctificat.

497 3866 638 3929 Duze
663 3864 822 3927 enim
856 3871 993 3926 sunt
1021 3861 1296 3941 regiones
1336 3860 1531 3923 omnis
1561 3861 1841 3942 nequitiae
1871 3862 2143 3939 otIicinae,

2241 2324 2361 2416 ἀλλ’
2418 2326 2704 2407 ἰθάῤῥησαν
2767 2338 2835 2409 τῇ
2889 2342 2982 2391 τοῦ
3035 2335 3379 2411 γεννηθέντος
3431 2324 3903 2416 δυνάμεις-οὕτως

2244 2412 2378 2482 ἦσαν
2411 2419 2667 2499 μάρτυρες
2701 2419 2862 2488 ἀληθε
2870 2436 2945 2485 ἴς.

2330 2528 2363 2597 ε
2427 2504 2935 2597 λᾊναχωρησάντων
2974 2511 3036 2569 δά
3082 2514 3277 2594 mare»,
3309 2513 3415 2571 ἰδοὺ
3447 2514 3674 2595 ἅγγελος
3706 2521 3900 2597 Κυρίου

2244 2592 2541 2688 κατ’-*ὄναρ
2598 2600 2836 2679 φαίνεται
2907 2609 2984 2677 τῷ
3043 2592 3270 2684 Ἰωσήφ,
3352 2592 3547 2684 λέγωνλ
3631 2592 3896 2688 Ἐγερθεὶς

2241 2684 2511 2773 παράλαϐε
2568 2688 2630 2745 τό
2701 2688 2907 2748 παιδίον
2935 2693 3022 2748 καὶ
3079 2694 3179 2761 τὴν
3208 2694 3414 2773 μητέρα
3449 2697 3629 2756 αὐτοῦ.
3668 2684 3892 2762 ista“

2237 2770 2322 2829 διὰ
2372 2776 2527 2832 ποίαν
2582 2781 2749 2835 αίτίαν
2802 2780 3175 2861 συνεχώρησεν
3229 2785 3258 2839 ὁ
3317 2770 3444 2847 Θεὸς
3502 2787 3896 2860 μνηστευθῆναι

2236 2866 2333 2959 τὴν
2384 2870 2645 2959 ῌαρθένον
2680 2890 2696 2951 ;
2757 2870 3010 2931 Ἐνταῦθα
3066 2875 3166 2954 γὰρ
3194 2878 3533 2957 προφαίνεταί
3562 2900 3675 2959 σοι,
3717 2877 3800 2935 διὰ
3828 2883 3897 2938 τὸ

2238 2955 2605 3033 ἐπιμελεῖσθαι
2662 2983 2859 3030 ταυτης
2900 2965 2987 3020 καὶ
3035 2955 3442 3036 κήδεσθαιζΟὐκ
3498 2967 3624 3025 εἶπε
3658 2955 3743 3044 δὲ,
3776 2992 3896 3028 πα-

2240 3046 2443 3138 ράλαϐε,
2494 3052 2591 3119 τὴν
2650 3055 2878 3132 γυναῖκά
2927 3076 3045 3138 σου,
3101 3055 3237 3113 ἀλλά
3267 3057 3365 3125 τὴν
3395 3058 3604 3138 μητέρα
3639 3067 3724 3117 τοῦ
3755 3082 3898 3116 παι-

2238 3134 2369 3230 δίου.
2431 3136 2586 3197 Ἐπεὶ
2638 3143 2744 3222 γὰρ
2799 3143 2836 3211 ἡ
2906 3134 3104 3223 ὑποψία
3136 3144 3317 3223 Non,
3359 3148 3448 3205 καὶ
3476 3134 3894 3230 tangam:le

2237 3228 2265 3282 ὁ
2321 3224 2517 3319 δίκαιος
2588 3230 2694 3288 ἀπὸ
2750 3238 2859 3289 τῶν
2916 3235 2971 3291 έν
3022 3242 3099 3310 τῷ
3152 3235 3297 3312 τόκῳ
3366 3224 3671 3319 θαυμάτων,
3692 3224 3783 3295 ’ὃτι
3826 3237 3896 3298 lx

2236 3318 2544 3394 Πνεὺματος
2616 3321 2767 3401 ἀγίου
2815 3322 2925 3381 ἐστὶ
2956 3325 3147 3401 πάντα,
3196 3329 3291 3384 οὐκ
3334 3324 3410 3383 ἔτι
3458 3339 3685 3406 γυναῖκα
3728 3329 3894 3387 αὐτοῦ

2235 3406 2481 3498 ὀνομαζει
2523 3411 2744 3479 ταύτην.
2784 3432 2809 3470 ε
2845 3414 2943 3471 Καὶ
2986 3422 3144 3495 φεῦγε
3176 3416 3248 3480 εἷς
3280 3416 3576 3494 Αἴγυπτον.
3617 3438 3643 3476 ε
3690 3418 3889 3498 Φεύγει

2238 3496 2323 3553 καὶ
2380 3498 2408 3553 δ
2441 3499 2649 3578 Κύριος,
2682 3499 2775 3559 ἵνα
2844 3504 3203 3581 πιστώσηται,
3236 3503 3322 3587 ὅτι
3350 3504 3515 3572 ὄντως
3559 3507 3646 3564 καὶ
3674 3496 3888 3587 ἅνθρω-

2234 3607 2335 3677 πος
2403 3587 2493 3655 ἦν,
2532 3590 2587 3646 Εἰ
2624 3591 2723 3671 γὰρ
2752 3592 2806 3649 ἐν
2834 3606 2957 3657 ταῖς
2985 3594 3141 3675 χερσὶ
3169 3594 3262 3653 τοῦ
3308 3584 3542 3673 Ἡρώδου
3569 3584 3887 3677 γενόμενος,

2235 3676 2295 3731 οὒ
2352 3678 2654 3761 κατεκόπη,
2716 3679 2887 3749 ἔδοξεν
2917 3681 2980 3738 ἃν
3008 3684 3144 3741 κατὰ
3186 3686 3475 3765 φαντασίαν
3517 3676 3885 3767 σαρκωθῆναιι

2236 3767 2323 3830 Είς
2379 3767 2653 3849 Αἴγυπτον
2714 3771 2769 3830 δὲ
2822 3775 3026 3856 φεύγει,
3073 3776 3163 3833 ’ίνα
3235 3777 3321 3835 καὶ
3392 3776 3598 3846 έκείνην
3654 3779 3884 3856 ἁγιάσῃ,

2238 3858 2344 3948 Δύο
2379 3861 2509 3948 ,γὰρ
2561 3860 2695 3929 ἦσαν
2751 3865 2927 3944 χῶραι
2987 3866 3163 3933 πάσης
3221 3866 3410 3932 κακίας
3456 3868 3798 3948 ἐργαστήρια,
3847 3871 3887 3939 ἡ

496 3954 759 4037 Babylon
815 3954 1093 4017 videlicet
1149 3960 1207 4015 et
1261 3951 1568 4033 z’Egyptus.
1631 3951 1989 4033 Babylonem
2044 3973 2148 4035 per

2233 3943 2484 4040 Βαϐυλών
2547 3952 2635 4008 καὶ
2690 3943 2981 4033 Αἴγυπτος.
3044 3956 3153 4023 Τὴν
3184 3955 3282 4032 μὲν
3330 3956 3420 4013 οὖν
3451 3943 3767 4040 Βαϐυλῶνα,
3795 3955 3890 4015 διὰ

494 4045 695 4127 Magos
724 4044 983 4125 suscepit
1012 4042 1362 4106 adorantem
1398 4060 1412 4106 :
1452 4042 1763 4124 [Egyptum
1811 4050 2008 4106 autem
2041 4062 2147 4107 sua

2232 4038 2337 4092 τῶν
2386 4040 2584 4120 Μάγων
2642 4040 2848 4109 ἐδέξατο
2906 4052 3315 4123 προσκυνοῦσαν’
3347 4046 3447 4113 τὴν
3476 4044 3531 4103 δὲ
3582 4038 3885 4126 Αἴγυπτον,

496 4134 811 4225 praesentia
866 4131 1278 4225 sanctiﬁcavit.
1336 4154 1366 4225 ra
1559 4140 1686 4225 esto
1748 4132 1909 4225 illic,
1952 4133 2144 4225 donec

2232 4132 2295 4225 τῇ
2360 4127 2547 4189 ἑαυτοῦ
2603 4133 2860 4225 παρρυσίᾳ
2888 4135 3128 4213 ἡγίασεν.
3165 4154 3193 4195 (
3233 4137 3329 4195 Καὶ
3375 4135 3482 4193 ἴσθι
3512 4139 3650 4219 εκεῖ,
3685 4136 3788 4201 ἕως
3816 4138 3886 4196 ἂν

493 4215 699 4289 dixero
731 4224 863 4286 tibi.
904 4248 925 4280 ε
964 4222 1104 4285 Esto
1133 4240 1238 4304 pro
1262 4224 1381 4284 eris
1409 4222 1554 4291 illic.
1590 4224 1783 4285 donec
1812 4242 1846 4284 a
1876 4222 1996 4287 Deo
2015 4224 2137 4304 jus-

2232 4215 2369 4272 εἴπω
2426 4241 2532 4283 σοι,
2594 4242 2622 4280 ι
2689 4215 2856 4299 νισθι,
2918 4222 3029 4281 ἀντὶ
3077 4232 3170 4283 τοὺ
3203 4226 3289 4282 ἔσο
3320 4225 3457 4301 ἐκεῖ,
3492 4215 3649 4308 ἄχρις
3682 4224 3743 4283 ἀν
3772 4228 3885 4286 ἀπὸ

493 4334 593 4378 sus
622 4313 828 4377 fueris.
863 4314 1110 4394 Oportet
1138 4311 1296 4373 enim
1332 4330 1439 4374 nos
1482 4312 1629 4375 nihil
1679 4312 1877 4375 facere
1926 4323 2141 4394 praeter

2232 4308 2357 4363 Θεοῦ
2413 4313 2723 4387 κελευσθῇς,
2774 4322 2874 4370 Δεῖ
2927 4316 3027 4393 γὰρ
3051 4316 3195 4390 ἡμᾶς
3222 4314 3392 4390 μηδὲν
3421 4330 3599 4375 ποιεῖν
3639 4316 3737 4382 ἔξω
3780 4322 3885 4385 τῆς

493 4405 751 4467 divinam
784 4402 1168 4465 voluntatem.
1202 4421 1223 4452 ι
1257 4399 1623 4473 Quaesiturus
1654 4401 1815 4464 enim
1844 4411 1937 4465 est
1963 4402 2149 4466 Hero-

494 4494 600 4557 des
632 4511 906 4576 puerum,
928 4500 991 4554 ut
1012 4490 1222 4573 perdat
1243 4490 1431 4553 illum.
1472 4512 1495 4544 ι
1522 4489 1676 4555 Vide
1698 4492 2143 4573 incogitantiam

490 4582 774 4663 hominis,
792 4582 895 4666 qui
918 4581 1149 4645 laborat
1177 4590 1241 4644 ut
1259 4580 1517 4644 divinam
1538 4582 1733 4645 vlncat
1753 4582 2140 4651 voluntatem.

487 4673 634 4737 Nam
666 4673 717 4737 si
747 4672 987 4756 quidem
1020 4691 1140 4734 non
1165 4678 1256 4734 est
1299 4690 1371 4733 ex
1404 4674 1554 4753 Deo,
1586 4673 1731 4755 quid
1776 4672 2005 4738 times?
2047 4674 2143 4737 sin

488 4784 559 4827 ex
591 4763 714 4828 Deo
738 4770 854 4847 est,
885 4761 1186 4846 quomodo
1219 4760 1434 4843 perdes
1464 4779 1717 4843 puerum
1746 4763 1776 4825 ?

569 4856 751 4919 Vnns.
786 4855 887 4932 14,
916 4854 1052 4918 15.‹
1084 4850 1193 4915 Ille
1212 4859 1412 4914 autem
1441 4851 1730 4915 excitatus
1748 4853 1979 4935 accepit
1998 4872 2140 4935 pue-

487 4962 620 5006 rum
645 4951 703 5006 et
724 4956 974 5006 matrem
998 4942 1130 5024 ejus
1148 4950 1348 5017 nocte,
1374 4948 1433 5004 et
1453 4942 1700 5006 secessit
1716 4942 1776 5003 in
1795 4943 2136 5024 AEgyptum,

488 5042 547 5095 et
570 5032 678 5095 fuit
703 5031 826 5095 illic
846 5050 1037 5114 usque
1058 5031 1130 5095 ad
1157 5032 1383 5094 obitum
1401 5030 1682 5095 Herodis:
1707 5031 2144 5116 utimpleretur

488 5121 646 5205 quod
677 5121 904 5184 dictum
936 5130 1028 5184 est
1056 5140 1091 5182 a
1120 5119 1378 5185 Domino
1402 5140 1510 5204 per
1531 5121 1904 5204 prophetam,
1938 5123 2141 5188 dicen-

489 5222 608 5275 tem
647 5210 778 5275 :Ex
831 5211 1077 5294 Egypto
1107 5212 1309 5276 vocavi
1345 5211 1561 5278 Filium
1608 5230 1832 5277 meum.
1870 5236 1895 5273 ε
1927 5212 2143 5278 Dicunt

489 5302 701 5379 Judaai,
731 5301 889 5385 quod
913 5309 1153 5385 propter
1183 5302 1466 5384 populum
1498 5303 1730 5369 dictum
1765 5304 1841 5366 sit
1869 5303 2007 5387 hoc,
2039 5304 2141 5387 qui

566 5482 614 5526 “
646 5480 799 5545 Num
829 5499 991 5560 xxw,
1018 5482 1075 5545 9.

2226 4396 2368 4485 (ista;
2438 4396 2659 4475 βουλῆς.
2708 4421 2740 4460 ε
2786 4400 2981 4460 Μέλλει
3012 4405 3110 4483 γὰρ
3159 4396 3395 4485 Ἠρωδης
3426 4413 3612 4479 ζητεῖν
3654 4408 3716 4463 τὸ
3742 4429 3884 4464 παι-

2226 4483 2357 4580 δίον,
2414 4496 2505 4547 τοῦ
2555 4489 2813 4549 ἀπολέσαι
2844 4492 2997 4553 αὒτό.
3047 4517 3077 4551 ε
3116 4483 3239 4553 ηιδέ
3267 4495 3523 4564 ἀνοησίαν
3580 4497 3886 4580 ἀνθρώπου,

2224 4577 2325 4643 τὴν
2382 4588 2477 4667 τοῦ
2532 4587 2663 4637 Θεοῦ
2720 4580 2917 4658 βουλὴν
2947 4583 3223 4658 σπουδάζει
3270 4591 3508 4654 νικῆσαι.
3544 4588 3602 4645 Ei
3645 4588 3748 4665 μὲν
3778 4577 3885 4667 γὰρ

2224 4668 2319 4724 οὐκ
2388 4666 2530 4726 ἔστιν
2557 4669 2619 4728 έκ
2648 4678 2802 4748 Θεοῦ,
2834 4674 2884 4729 τί
2912 4670 3050 4752 φοϐῇ
3088 4697 3105 4753 ;
3138 4677 3196 4734 Εἰ
3225 4674 3280 4732 δὲ
3310 4675 3372 4732 ἑκ
3408 4682 3541 4735 Θεοῦ
3570 4676 3707 4753 έστι,
3760 4666 3883 4744 πῶς

2223 4756 2502 4841 ἀπολέσεις
2531 4762 2593 4818 τὸ
2626 4760 2832 4819 παιδίον
2865 4780 2884 4841 ;

2311 4872 2339 4903 α
2400 4840 2456 4908 ’0
2508 4848 2586 4929 δί,
2638 4840 2873 4933 ἑγερθεὶς
2923 4853 3184 4935 παρέλαϐε
3251 4858 3314 4914 τὸ
3366 4854 3576 4916 παιδίον
3629 4858 3718 4915 καὶ
3778 4858 3883 4927 τὴν

2224 4939 2431 5020 μητέρα
2486 4940 2644 4999 αὐτοῦ
2698 4945 2907 5021 νυκτὸς,
2968 4947 3057 5003 καὶ
3086 4946 3428 5028 ἀνεχώρησεν
3460 4949 3534 5012 εἰς
3576 4946 3879 5030 Αἴγυπτον,

2223 5034 2313 5090 καὶ
2370 5036 2437 5102 ἦν
2487 5031 2604 5090 tm
2634 5032 2735 5098 ἕως
2763 5034 2861 5103 τῆς
2904 5034 3155 5107 τελευτῆς
3202 5031 3460 5119 Ἡρώδου·
3490 5038 3584 5096 τίνα
3615 5037 3885 5119 πληρωθῇ

2222 5124 2284 5179 τὸ
2305 5123 2463 5201 ῥηθὶν
2492 5124 2593 5181 ὑπό
2643 5130 2738 5182 τοῦ
2794 5125 2978 5204 Κυρίοε
3039 5126 3123 5187 διὰ
3175 5136 3269 5187 τοῦ
3324 5129 3624 5209 προφήτου,
3693 5127 3883 5208 λέγον-

2219 5232 2336 5277 τος·
2398 5211 2487 5281 Ἐξ
2546 5213 2815 5291 Αἰγύπτου
2866 5214 3095 5275 ἐκάλεσα
3135 5220 3227 5277 τὸν
3286 5219 3404 5276 Υἱόν
3432 5240 3557 5296 μου.
3611 5240 3640 5273 ι
3704 5222 3883 5277 Φασὶν

2222 5304 2268 5360 οἱ
2321 5302 2595 5388 Ἰουδαῖοι,
2651 5307 2732 5365 ὅτι
2805 5303 2890 5362 διὰ
2945 5307 3035 5367 τδν
3091 5307 3219 5369 λαὸν
3276 5307 3633 5389 εῤῥὶοντοῦτο
3660 5310 3754 5367 τὸν
3815 5309 3883 5369 ἔκ

571 5644 651 5728 (α)
676 5644 848 5709 Juxta
875 5644 1209 5707 versionem
1242 5652 1348 5703 τῶν
1379 5647 1466 5710 0’.
1504 5645 1754 5729 Vulgata
1785 5646 1983 5729 habet,
2011 5653 2189 5734 quasi
2221 5650 2443 5731 lasona.
