4202 6412
524 342 632 413 171
1513 348 2104 419 THEOPHYLACTI
2146 344 2558 415 BULGABIE
2600 350 2960 415 ARCHIEP.
3810 344 3918 413 l7!

522 460 587 544 in
615 481 819 545 Iudaea
846 500 952 562 pro
982 480 1224 545 Herode
1255 490 1421 562 patre
1451 500 1579 559 suo,
1616 482 1816 545 timuit
1875 482 2015 545 illuc
2044 480 2165 545 abi-

2270 470 2501 560 Ἠρώδου
2559 491 2653 542 τοῦ
2707 484 2907 562 πατρὸς
2953 482 3134 562 αὐτοῦ,
3168 477 3405 562 ἐφοϐήθη
3435 478 3552 536 btet
3580 478 3854 543 ἀπελθεῖν.
3889 503 3915 541 ι

522 591 613 635 re.
661 598 681 629 ι
751 561 900 634 Tres
970 572 1125 633 filios
1177 561 1766 653 reliquit'Herodes,
1815 572 2165 653 Philippum,

2265 578 2423 649 Τρεῖς
2464 572 2608 637 υἱοὺς
2638 570 2953 648 κατέλειψεν
3001 561 3267 652 Ἡρώδης,
3310 568 3590 650 Φίλιπτον,
3645 565 3920 653 Ἀντίπαν,

523 662 805 743 Antipam
840 670 899 724 et
939 661 1318 723 Archelaum.
1355 662 1712 724 Archelaum
1786 661 2025 742 quidem
2074 678 2165 723 re-

2262 660 2350 715 καὶ
2411 660 2710 741 Ἀρχέλαον
2755 678 2772 695 ⁶
2846 662 2938 717 τὸν
2996 660 3095 737 μὲν
3152 662 3242 716 οὖν
3307 657 3631 739 Ἀρχέλαον,
3676 659 3918 736 βασιλέα,

504 756 686 832 gem,
720 752 867 813 alios
905 761 1100 813 autem
1140 752 1487 813 tetrarchas
1540 769 1675 813 esse
1718 752 1918 831 jussit.
1958 750 2165 812 Timuit

2260 749 2384 813 τοὺς
2442 747 2497 806 δὲ
2555 750 2797 831 λοιποὺς,
2860 750 3160 830 τετράρχας
3224 746 3499 805 ἐκέλευσεν
3541 747 3708 806 εἶναι.
3757 746 3919 831 Ἐφο-

522 849 719 903 autem
778 840 999 920 Joseph
1048 841 1105 902 in
1155 849 1373 903 terram
1436 842 1618 903 Israel
1665 840 1852 911 abire,
1905 841 2018 902 hoc
2060 847 2165 921 est,

2260 834 2401 907 ϐήθη
2460 836 2517 894 δὲ
2575 841 2603 896 6
2665 838 2865 920 Ἰωσὴφ
2926 838 3180 895 ἀπελθεῖν
3233 839 3309 902 εἰς
3352 842 3455 917 γῆν
3504 834 3744 917 Ἰσραὴλ,
3774 860 3924 895 τουτο

520 929 582 991 in
642 937 864 991 terram
911 930 1086 1011 Juda,
1147 950 1216 991 eo
1250 931 1406 1010 quod
1440 930 1768 992 Archelaus
1812 929 2029 991 similis
2068 948 2176 1009 pa-

522 1017 598 1080 tri
624 1024 915 1087 suoierat.
980 1019 1232 1099 Antipas
1276 1038 1414 1080 vero
1478 1020 1607 1100 ipse
1666 1027 1757 1081 est
1809 1018 2046 1099 juvenis
2076 1018 2181 1080 ille

520 1105 799 1169 Herodes
857 1109 953 1189 qui
1021 1108 1457 1172 Praecursorem
1513 1108 1771 1173 sustulit.
1836 1133 1863 1165 ε
1923 1104 2177 1172 Oraculo

523 1205 721 1258 autem
794 1208 1040 1277 accepto
1112 1198 1175 1258 in
1235 1199 1485 1277 somnis,
1550 1197 1799 1259 secessit
1847 1197 1910 1260 in
1984 1205 2179 1278 partes

523 1287 799 1350 Galilaeze.
842 1311 864 1345 ι)
902 1287 1142 1349 Galilaaa
1172 1307 1291 1349 non
1324 1296 1449 1349 erat
1479 1296 1634 1349 terra
1665 1286 1867 1359 Israel,
1900 1286 2004 1349 sed
2034 1305 2173 1365 gen-

524 1377 741 1453 tilium;
787 1376 947 1438 unde
999 1386 1056 1438 et
1110 1376 1296 1439 Judaei
1325 1377 1478 1439 sicut
1507 1376 2008 1440 abominationem
2041 1376 2175 1437 illos

521 1467 824 1530 videbant.

613 1584 639 1615 α
673 1557 1059 1621 VEas.93.Ac
1084 1556 1383 1637 profectus
1410 1556 1693 1618 habitavit
1716 1554 2024 1620 incivitate
2045 1572 2175 1636 qua)

528 1647 743 1710 dicitur
763 1646 1072 1727 Nazareth,
1113 1671 1135 1704 ι
1171 1648 1251 1708 At
1281 1645 1579 1726 quomodo
1612 1645 1798 1706 Lucas
1828 1644 1992 1721 dicit,
2012 1643 2171 1725 quod

527 1746 836 1819 postquam
872 1746 1040 1799 natus
1073 1736 1203 1817 fuit,
1235 1735 1616 1815 Implevitqtze
1646 1754 1700 1796 xx
1733 1734 1888 1810 dies,
1923 1742 1982 1795 et
2012 1752 2047 1795 a
2073 1733 2172 1795 Si-

2262 926 2426 1004 ἐστιν,
2488 930 2563 995 εἰς
2592 930 2690 998 τὴν
2721 926 3010 1010 Ἰουδαίαν,
3029 925 3163 985 διότι
3192 929 3281 984 καὶ
3324 930 3352 984 6
3382 925 3704 1007 Ἀρχέλαος,
3737 926 3921 1003 ὅμοιος

2260 1016 2325 1084 ἧν
2385 1021 2462 1090 τῷ
2518 1019 2678 1098 πατρὶ
2739 1020 2925 1075 αὐτοῦ.
2983 1009 3055 1074 ίὈ
3101 1015 3155 1072 δὲ
3212 1013 3484 1089 Ἀντίπας,
3534 1015 3691 1079 αὐτός
3722 1016 3866 1074 ἐστιν
3895 1021 3922 1074 6
4014 1024 4017 1025 ⁷

2262 1104 2378 1170 νέος
2438 1098 2701 1187 Ἡρώδης,
2759 1108 2788 1164 6
2843 1108 2936 1164 τὸν
2992 1104 3297 1185 Πρόδρομον
3344 1103 3571 1167 ἀνελών,
3624 1125 3651 1161 ε
3699 1112 3923 1184 Χρημαο

2259 1196 2455 1261 τισθεὶς
2500 1194 2555 1253 δὲ
2616 1197 2737 1255 κατ’
2780 1194 2931 1276 ὄναρ,
2976 1196 3324 1276 ἀνεχώρησεν
3382 1195 3455 1259 εἰς
3510 1194 3580 1251 τὰ
3628 1194 3764 1275 μέρη
3822 1196 3920 1265 τῆς

2256 1283 2569 1349 Γαλιλαίας.
2607 1306 2635 1346 ι
2690 1276 2753 1343 Ἠ
2809 1284 3063 1343 Γαλιλαία
3118 1288 3215 1345 οὒκ
3270 1283 3337 1353 ἧν
3386 1288 3459 1362 γῆ
3511 1280 3753 1363 Ἰσραὴλ,
3781 1284 3922 1342 ἀλλὰ

2254 1380 2360 1431 τῶν
2391 1374 2610 1433 ἐθνικῶν
2668 1376 2737 1443 ἦν
2769 1392 2789 1412 ο
2849 1372 2932 1433 διὸ
2984 1375 3072 1432 καὶ
3138 1375 3183 1430 οἰ
3243 1370 3490 1433 Ἰουδαῖοι
3535 1375 3610 1439 ὡς
3654 1373 3922 1455 βδέλυγμα

2255 1465 2470 1530 τούτους
2502 1462 2749 1527 ἔϐλεπον,

2341 1576 2367 1610 ε
2404 1562 2505 1632 Rat
2559 1552 2724 1611 ἐλθὼν
2780 1552 3095 1628 κατῴκησεν
3141 1554 3216 1618 εἰς
3260 1550 3418 1611 πόλιν
3446 1552 3746 1632 λεγομένην
3798 1563 3913 1613 Να-

2255 1642 2432 1722 ζαρέτ.
2473 1664 2498 1700 ε
2570 1644 2670 1701 Καὶ
2726 1646 2844 1707 πῶς
2904 1644 2935 1700 6
2964 1647 3168 1708 Λουκᾶς
3200 1639 3370 1723 λέγει,
3418 1640 3501 1699 δτι
3533 1644 3667 1720 μετὰ
3696 1644 3757 1700 τὸ
3786 1664 3919 1724 γεν-

2259 1735 2480 1799 νηθῆναι
2551 1731 2770 1798 τελέσας
2853 1732 2949 1796 τὰς
3047 1732 3445 1813 τεσσαράκοντα
3512 1732 3740 1813 ἡμέρας,
3831 1735 3922 1791 καὶ

526 1847 740 1889 meone
771 1834 1033 1905 gestatus
1062 1834 1175 1901 est,
1211 1824 1592 1886 descenderit
1644 1823 1931 1887 Dominus
1962 1822 2021 1884 in
2054 1824 2165 1886 Na-

2257 1823 2361 1878 ὑπὸ
2412 1828 2506 1880 τοῦ
2564 1822 2785 1899 Συμεὼν
2828 1820 3179 1901 βασταχθεις,
3239 1819 3501 1890 κατῆλθεν
3549 1823 3578 1878 6
3612 1821 3797 1899 Κύριος
3843 1824 3921 1887 εἰς

522 1918 727 1979 zareth
762 1937 776 1977 :
815 1918 927 1977 hoc
958 1924 1152 1976 autem
1186 1914 1313 1975 loco
1362 1914 1675 1977 Matthzeus
1708 1913 1810 1989 ait,
1858 1913 2014 1994 quod
2046 1921 2177 1993 post

520 2008 775 2069 reditum
811 2025 879 2067 ex
915 2007 1163 2086 {Egypto
1224 2006 1455 2066 venerit
1504 2003 1565 2064 in
1608 2002 1953 2067 Nazareth?
2000 2001 2177 2064 Disce

520 2096 726 2177 igitur,
762 2095 921 2177 quod
954 2114 1085 2174 quae
1116 2094 1280 2155 siluit
1312 2093 1640 2168 Matthaaus,
1674 2093 1822 2154 dixit
1851 2095 2060 2155 Lucas.
2096 2094 2178 2155 Ut

519 2186 776 2267 exempli
806 2185 994 2264 gratia
1012 2183 1235 2263 aliquid
1267 2182 1488 2259 dicam,
1523 2192 1831 2263 postquam
1857 2190 2030 2245 natus
2061 2190 2171 2262 est,

519 2274 789 2355 implevit
839 2291 913 2335 χι.
971 2272 1126 2345 dies,
1159 2271 1381 2333 deinde
1427 2271 1736 2334 descendit
1766 2272 1828 2333 in
1859 2270 2169 2333 Nazareth:

518 2365 647 2427 haec
683 2363 825 2424 dicit
854 2363 1041 2424 Lucas
1069 2360 1468 2423 49.Mattbaeus
1500 2369 1698 2421 autem
1717 2360 1863 2423 dicit
1889 2380 2019 2442 quae
2042 2379 2174 2442 pos-

516 2462 613 2516 tea
636 2454 785 2515 facta
814 2450 1138 2532 sunt,quod
1170 2450 1387 2527 fugerit
1414 2450 2059 2531 in/Egyptum,deinde
2080 2469 2173 2513 ve-

513 2543 674 2606 nerit
702 2542 774 2605 ab
795 2542 1042 2622 [Egypto
1085 2540 1146 2601 in
1188 2540 1504 2605 Nazareth.
1535 2538 1665 2600 Non
1698 2538 1996 2601 dissident
2026 2558 2169 2619 ergo

511 2633 672 2694 inter
695 2650 782 2693 se.
816 2630 962 2692 Nam
1012 2632 1197 2690 Lucas
1233 2629 1377 2690 dicit
1405 2628 1761 2691 descensum
1795 2647 1828 2690 a
1859 2628 2165 2690 Bethleem

512 2725 573 2785 in
598 2723 915 2796 Nazareth,
949 2721 1259 2781 Matthqu
1288 2728 1484 2779 autem
1539 2726 1745 2798 postea
1789 2719 2049 2780 reditum
2092 2720 2169 2781 ah

513 2814 768 2893 {Egypto
811 2812 873 2872 in
908 2810 1217 2873 Nazareth.
1255 2830 1279 2863 ‹
1313 2806 1388 2871 Ut
1417 2808 1737 2889 impleatur
1766 2808 1924 2888 quod
1946 2808 2165 2870 dictum

514 2911 603 2965 est
632 2920 737 2983 per
769 2900 1111 2980 prophetas.
1146 2897 1313 2970 Quod
1332 2895 1643 2957 Nazaraaus
1674 2896 1994 2959 vocabitur.
2041 2922 2068 2953 ι
2100 2896 2169 2959 Ει

517 2992 651 3074 quis
685 2991 971 3071 propheta
1004 2990 1113 3050 hoc
1144 2986 1313 3049 dixit?
1358 3006 1472 3047 non
1505 2985 1806 3047 invenitur
1838 3004 2018 3049 nunc.
2054 2985 2168 3048 Per

2260 1911 2523 1990 Ναζαρέτ,
2570 1911 2790 1969 ἐνταῦθα
2842 1909 2897 1967 δὲ
2958 1913 2986 1968 6
3052 1912 3328 1977 Ματθαϊος
3398 1909 3569 1990 λέγει,
3628 1910 3711 1967 ὅτι
3782 1912 3922 1988 μετὰ

2255 1999 2356 2067 τὴν
2439 2000 2490 2066 ἐξ
2577 2000 2841 2079 Αἰγύπτου
2913 1996 3168 2057 ὶπάνοδον
3238 1998 3397 2069 ἦλθεν
3496 2001 3571 2065 εἰς
3627 2000 3919 2080 Ναζαρὲτ;

2258 2089 2401 2145 Mati:
2460 2090 2656 2163 τοίνυν,
2708 2088 2793 2146 ὅτι
2848 2088 2882 2144 ἃ
2938 2088 3240 2157 ἐσιώπησεν
3302 2090 3331 2145 6
3372 2090 3670 2170 Ματθατος,
3702 2090 3862 2148 εἶπεν
3893 2093 3921 2147 6

2256 2183 2489 2243 Λουκᾶς.
2535 2178 2669 2236 Οῐὸν
2697 2200 2749 2235 τι
2793 2176 2937 2257 λέγω
2962 2192 2980 2209 ⁸
3029 2178 3175 2234 Μετὰ
3216 2176 3278 2233 τὰ
3320 2178 3663 2257 γεννηθῆναι,
3708 2177 3922 2237 ἐτέλεσε

2254 2268 2351 2333 τὰς
2393 2269 2790 2345 τεσσαράκοντα
2830 2265 3058 2346 ἡμέρας.
3120 2266 3244 2324 ε’ίτα
3298 2265 3563 2335 κατῆλθεν
3606 2267 3677 2333 εἰς
3734 2274 3922 2340 Ναζα-

2256 2356 2344 2436 ρέτ
2391 2375 2409 2394 ο
2455 2367 2619 2416 ταῦτα
2677 2356 2821 2437 λέγει
2880 2359 2909 2414 6
2982 2361 3190 2419 Λουκᾶς
3224 2374 3243 2393 ο
3291 2357 3319 2413 6
3362 2360 3638 2420 Ματθατος
3684 2354 3740 2414 δί
3770 2355 3921 2437 λέγει

2253 2468 2319 2505 τα
2348 2448 2483 2523 μετὰ
2514 2455 2701 2523 ταῦτα,
2745 2445 2828 2504 ὅτι
2871 2446 3059 2528 ἔφυγεν
3102 2446 3176 2509 εἰς
3207 2444 3506 2527 Αἴγυπτον,
3539 2446 3663 2503 εἶτα
3690 2444 3920 2514 ἀνῆλθεν

2252 2537 2359 2593 ἀπὸ
2421 2538 2687 2616 Αἰγύπτου
2747 2537 2819 2599 εἰς
2902 2534 3163 2613 Ναζαρέτ,
3240 2535 3347 2593 Οὐκ
3398 2537 3755 2596 ιναντιοῦνται
3830 2539 3921 2593 οὗν

2252 2624 2506 2697 ἀλλήλοις
2543 2642 2558 2658 ⁸
2628 2622 2746 2683 ἀλλ’
2808 2628 2837 2682 6
2893 2626 2991 2702 μὲν
3050 2624 3195 2704 λέγει
3248 2624 3345 2693 τὴν
3398 2624 3505 2681 ἀπὸ
3567 2624 3810 2701 Βηθλεὲμ
3840 2627 3916 2691 εἰς

2254 2716 2491 2797 Ναζαρὲτ
2535 2714 2780 2795 κάθοδον,
2814 2717 2841 2771 6
2874 2719 3078 2779 Λουκᾶς
3105 2734 3120 2749 ο
3176 2715 3205 2770 6
3234 2712 3290 2769 δὲ
3320 2716 3618 2797 Ματθαῒος,
3652 2716 3752 2797 τὴν
3777 2716 3917 2792 μετά

2249 2792 2413 2863 ταῦτα
2476 2806 2582 2863 ἀπὸ
2640 2792 2904 2883 Αἰγιίπτού
2964 2804 3039 2866 εἰς
3110 2802 3345 2882 Ναζαρὲτ
3389 2794 3595 2864 ἄνοδον.
3649 2824 3675 2860 ι
3715 2792 3917 2869 ιὈττως

2251 2893 2511 2974 πληρωθῇ
2538 2896 2600 2952 τὸ
2632 2895 2787 2973 ῥηθὲν
2817 2892 2902 2951 διὰ
2947 2899 3055 2950 τῶν
3102 2898 3421 2973 προφητῶν,
3480 2891 3562 2950 ὅτι
3596 2900 3917 2973 Ναζωραῖος

2248 2984 2599 3055 κληθήσεται.
2638 3008 2667 3040 ι
2705 2986 2803 3043 Καὶ
2860 2986 3021 3048 ποῖος
3050 2984 3333 3061 προφήτης
3363 2983 3519 3040 τοᾶτο
3548 2982 3702 3040 εἶπεν
3734 3002 3750 3063 ς
3800 2983 3915 3065 οὔχ

514 3069 937 3161 negligentiam
970 3078 1132 3139 enim
1160 3076 1504 3139 Judaaorum
1534 3075 1702 3136 multi
1748 3075 1883 3138 libri
1921 3076 2164 3139 deside-

2253 3075 2681 3161 εὑρίσκεταινῦν.
2719 3074 2823 3161 Διὰ,
2856 3073 2958 3153 γὰρ
3004 3072 3103 3139 τὴν
3160 3070 3416 3161 ἀμέλειαν
3472 3076 3580 3128 τῶν
3622 3069 3912 3152 Ἐϐραίων,

510 3148 738 3243 rantur,
775 3178 834 3232 et
865 3169 940 3231 ob
972 3168 1286 3230 continuas
1316 3166 1684 3246 captivitates
1718 3184 1732 3228 :
1764 3165 2029 3227 fortassis
2057 3165 2131 3229 ab

2253 3148 2423 3220 πολλὰ
2473 3160 2651 3241 βιϐλία
2694 3148 2998 3237 ἀπώλοντο,
3046 3161 3136 3217 καὶ
3178 3160 3286 3218 ἀπὸ
3332 3161 3439 3218 τῶν
3469 3148 3917 3243 συνεχωνταίχμξ

512 3280 659 3343 sque
691 3260 866 3322 etiam
899 3258 1193 3338 scriptura
1221 3258 1334 3319 hoc
1363 3254 1673 3316 dicebatur
1727 3256 1811 3315 l6
1856 3255 2014 3335 apud
2052 3255 2162 3319 Ju-

513 3352 693 3415 dzeos.
750 3351 1056 3430 Significat
1100 3356 1293 3410 autem
1343 3345 1677 3421 Nazaraeus,
1710 3346 2110 3408 sanctiﬁcatus
2147 3368 2159 3405 :

514 3440 696 3519 igitur
752 3440 1035 3520 quoniam
1095 3446 1334 3499 sanctus
1389 3435 1686 3517 Christus,
1736 3444 1897 3497 recte
1945 3434 2165 3497 dicitur

520 3528 855 3592 Nazarmus.
885 3528 1143 3591 Sanctus
1192 3527 1350 3588 enim
1403 3524 1659 3601 Israelis,
1694 3542 1728 3585 a
1771 3524 1973 3586 multis
2017 3542 2161 3605 pro-

514 3619 710 3700 phetis
748 3626 993 3681 vocatur
1017 3616 1325 3679 Dominus.

1130 3737 1378 3803 CAPUT
1413 3737 1514 3804 III.

550 3854 812 3920 Joames
846 3857 1123 3936 Baptista
1148 3856 1390 3935 primus
1418 3854 1593 3933 regni
1624 3852 1882 3916 calcatis
1898 3871 2116 3935 praeco.

592 3980 777 4045 Vens.
813 3982 871 4043 1.
914 4005 937 4036 ‹‹
975 3980 1039 4043 In
1098 3977 1308 4041 diebus
1363 3985 1558 4040 autem
1599 3978 1738 4040 illis.
1776 4002 1797 4034 υ
1848 3980 1980 4041 Νοη
2026 3998 2158 4042 cum

512 4073 804 4133 Dominus
836 4078 994 4131 esset
1022 4087 1191 4151 puer,
1227 4076 1284 4131 et
1315 4068 1375 4130 in
1406 4069 1692 4130 Nazareth
1723 4067 2157 4143 habitabat,sed

514 4160 869 4241 simpliciter
911 4160 999 4222 sic
1054 4158 1267 4239 inquit,
1303 4166 1366 4219 ut
1408 4158 1488 4219 in‘
1518 4169 1791 4238 tempore
1840 4158 1966 4231 illo,
2000 4160 2156 4240 quod

513 4260 651 4312 ante
701 4251 852 4311 hanc
912 4256 1266 4329 prmsentem
1318 4256 1444 4309 erat
1492 4255 1747 4309 aetatem.
1813 4270 1838 4305 ι
1886 4249 2159 4313 Accessit

511 4340 772 4401 Joannes
805 4337 1088 4419 Baptista.
1128 4359 1152 4394 ι
1189 4339 1511 4417 Propterea
1556 4336 1770 4398 missus
1816 4346 1904 4398 est
1946 4356 1981 4399 a
2035 4338 2158 4401 Deo

509 4431 793 4510 Joannes,
820 4438 883 4489 ut
936 4434 1209 4506 argueret
1254 4424 1513 4501 Iudaeos,
1548 4436 1606 4488 et
1658 4427 2044 4507 persuaderet
2071 4430 2158 4491 eis

2248 3251 2496 3311 αλωσιῶν
2530 3270 2548 3289 ⁸
2604 3254 2854 3333 ἄγράφως
2933 3249 2990 3307 δὲ
3044 3250 3214 3331 τυχὸν
3293 3249 3509 3330 ἐλέγετο
3577 3251 3721 3329 παρὰ
3789 3264 3912 3319 τοῖς

2247 3341 2541 3409 Ἰουδαίοις.
2601 3342 2862 3419 Σημαίνει
2911 3338 2967 3397 δὲ
3024 3341 3112 3413 τὸ,
3160 3345 3500 3419 Ναζωραῖος,
3557 3340 3914 3419 ἡγιασμένος,

2245 3432 2360 3488 επεὶ
2428 3435 2601 3490 τοίνυν
2655 3432 2811 3511 ἅγιος
2870 3432 2899 3488 6
2981 3429 3230 3509 Χριστὸς,
3292 3430 3510 3495 εἰκότως
3565 3427 3627 3486 ἂν
3697 3426 3918 3509 λέγοιτο

2248 3529 2584 3600 Ναζωραῖος.
2642 3512 2841 3600 “’Λγιος
2911 3522 3012 3601 γὰρ
3060 3525 3155 3577 τοῦ
3211 3519 3451 3599 ⁹ισραὴλ,
3498 3519 3643 3599 παρὰ
3688 3518 3918 3577 πολλῶν

2246 3615 2534 3693 προφητῶν
2563 3610 2809 3671 καλεῖται
2851 3612 2881 3668 δ
2912 3612 3125 3689 Κύριος.
3238 3690 3249 3708 '

2886 3708 3141 3764 ΚΕΦΛΔ.
3187 3706 3271 3764 1“.

2570 3797 2821 3871 Ἰωάννης
2924 3794 3139 3873 ἐκήρυξε
3239 3794 3515 3871 βασιλείαν
3615 3801 3722 3854 τῶν
3803 3801 3913 3858 οὗ.

2980 3898 3152 3957 ρανων
3161 3925 3175 3940 ,

2330 3992 2353 4027 ε
2388 3972 2481 4031 Ἐν
2548 3970 2605 4028 δὲ
2656 3983 2781 4037 ταῖς
2846 3968 3071 4049 ἡμέραις
3115 3966 3365 4031 ἐκείναις.
3402 3990 3431 4023 ι
3467 3970 3585 4048 Οὐχ
3644 3966 3731 4025 ὅτε
3775 3970 3846 4036 ἦν
3882 3972 3914 4027 6

2245 4064 2432 4141 Κύριος
2487 4074 2644 4137 πατς,
2712 4062 2801 4118 καὶ
2857 4063 2912 4117 ἓν
2973 4057 3210 4138 Ναζαρὲτ
3264 4061 3521 4136 κατῴκει,
3568 4056 3689 4115 ἀλλ’
3717 4056 3916 4125 ἅπλῶς

2242 4150 2379 4209 οὕτω
2420 4153 2604 4233 φησὶν,
2650 4151 2794 4226 οἷον,
2855 4149 2910 4206 ἐν
2961 4154 3039 4223 τῷ
3077 4154 3246 4228 καιρῷ
3289 4147 3497 4223 ἐκείνῳ,
3530 4148 3592 4204 τὸ
3646 4149 3747 4228 πρὸ
3801 4151 3915 4219 τῆς

2242 4247 2329 4297 νῦν
2387 4249 2598 4322 γενεᾶς.
2649 4260 2674 4297 ε
2724 4238 3077 4318 Παραγίνεται
3124 4236 3377 4304 Ἰωάννης
3420 4235 3450 4291 6
3493 4236 3815 4313 βαπτιστής.
3875 4261 3911 4297 ι

2245 4332 2345 4387 Διὰ
2400 4342 2555 4393 τοῦτο
2584 4330 2830 4410 ἐπέμφθη
2887 4329 3033 4408 παρὰ
3081 4333 3174 4385 τοῦ
3227 4328 3363 4383 Θεοῦ
3424 4329 3453 4383 6
3494 4326 3778 4403 ἰωάννης,
3805 4325 3916 4386 ἵνα

2241 4419 2487 4501 ἐλέγχων
2550 4422 2675 4486 τοὺς
2727 4416 3037 4498 Ἰουδαίους,
3089 4417 3249 4495 πείσῃ
3288 4417 3476 4481 αὐτούς
3536 4417 3608 4484 είς
3649 4416 3916 4484 αἴσθησιν

2247 3803 2461 3879 Πρῶτος

507 4526 574 4580 ut
595 4538 703 4581 sua
735 4505 888 4579 mala
918 4505 1331 4597 agnoscerent,
1365 4524 1540 4596 atque
1570 4505 1670 4578 ita‘
1693 4517 1989 4582 Christum
2021 4537 2155 4580 sus-

2253 4509 2419 4568 ἒλθετν
2474 4511 2581 4568 τῶν
2639 4509 2848 4568 οἰκείων
2907 4512 3113 4584 κακῶν,
3137 4508 3259 4597 ,καὶ
3317 4506 3487 4597 οὕτω,
3506 4505 3913 4597 παραδέξασθαι

508 4607 804 4689 ciperent.
855 4605 1000 4668 Nam
1035 4605 1146 4665 nisi
1178 4605 1311 4686 quis
1340 4623 1578 4666 sensum
1612 4606 1909 4687 acceperit
1939 4626 2158 4687 pecca-

505 4705 731 4775 torum,
785 4716 903 4759 non
949 4695 1109 4757 venit
1149 4694 1222 4756 ad
1274 4694 1704 4775 paenitentiam.
1741 4696 1957 4760 Missus
1985 4697 2161 4777 igitur

506 4795 597 4849 est
621 4787 902 4852 Joannes.
1396 4796 1397 4799 ‘

590 4874 772 4939 Vnus.
819 4878 958 4956 1,2.
999 4874 1387 4938 «Praedicans
1443 4875 1506 4937 in
1553 4876 1790 4939 deserto
1834 4876 2077 4952 Judzeae,
2101 4885 2158 4940 et

506 4964 718 5026 dicens
747 4987 760 5029 :
796 4965 1216 5046 Resipiscite.»
1248 4966 1610 5045 Arrogantes
1634 4974 1803 5028 erant
1818 4965 2030 5048 Judaei,
2058 4967 2157 5028 id-

506 5054 667 5116 circo
700 5055 852 5131 cogit
886 5073 988 5115 eos
1019 5054 1090 5115 ad
1119 5055 1554 5135 paenitentiam.
1584 5078 1611 5116 α
1646 5057 2158 5137 Appropinquavit

504 5142 668 5205 enim
700 5161 947 5222 regnum
974 5145 1257 5204 caelorum
1323 5170 1349 5200 ι)
1386 5143 1655 5224 Regnum
1697 5145 1982 5206 caelorum
2013 5147 2157 5208 dicit

504 5231 765 5313 primum
798 5240 853 5293 et
885 5233 1212 5293 secundum
1246 5231 1461 5296 Christi
1491 5235 1830 5309 adventum,
1882 5243 1940 5296 et
1974 5235 2149 5297 vitam

436 5390 439 5393 ι
502 5321 821 5383 virtutibus
853 5321 1433 5402 praeditamQuando
1466 5324 1625 5385 enim
1665 5324 1726 5386 in
1753 5334 1910 5387 terra
1940 5325 2149 5388 ambu-

504 5411 720 5491 lamus,
755 5412 926 5491 quasi
956 5410 1015 5471 in
1050 5413 1198 5472 coelo
1227 5413 1513 5489 degentes
1560 5413 1790 5495 absque
1818 5414 2149 5479 affectioni-

501 5499 633 5579 bus,
669 5520 919 5582 regnum
946 5500 1232 5564 habemus
1261 5502 1568 5567 caelorum.

582 5662 636 5708 "
666 5664 804 5728 Luc.
838 5681 904 5743 ιι,
938 5664 1041 5729 39.

2240 4602 2333 4657 τὸν
2394 4603 2647 4681 Χριστὸν.
2700 4601 2758 4657 Εἰ
2814 4598 2892 4675 μὴ
2951 4598 3052 4677 γὰρ
3100 4593 3355 4665 αἴσθησιν
3424 4592 3579 4653 λάϐοι
3648 4617 3730 4660 τις
3790 4603 3917 4655 τῶν

2242 4689 2539 4772 ἁμαρτιῶν,
2598 4695 2693 4751 οὒκ
2772 4686 2987 4769 ἔρχεται
3082 4688 3155 4750 εἰς
3253 4685 3562 4764 μετάνοιαν,
3619 4685 3915 4767 Ἐπέμφοη

2242 4782 2412 4838 τοίνυν
2438 4784 2467 4839 6
2498 4779 2778 4848 Ἰωάννης,

2329 4890 2360 4931 (
2408 4871 2695 4950 Κηρύσσων
2739 4869 2794 4927 ἐν
2851 4873 2921 4945 τῇ
2960 4867 3150 4947 ὲρήμῳ
3175 4869 3272 4933 τῆς
3323 4864 3618 4942 Ἰουδαίας,
3676 4866 3765 4924 καὶ
3808 4864 3922 4924 λέ-

2241 4983 2350 5040 γων
2384 4979 2399 4994 ⁸
2451 4968 2797 5019 Μετανοεῖτε.
2875 4980 2903 5014 ι
2984 4955 3269 5028 Ἀλαζόνες
3328 4955 3467 5025 ἦσαν
3522 4958 3573 5014 οἰ
3621 4954 3912 5040 Ἰουδαῖοι,

2240 5034 2325 5109 διὰ
2383 5058 2536 5110 τοῦτο
2592 5052 2819 5108 συνωθεῖ
2861 5047 3050 5112 αὐτοὺς
3096 5047 3169 5110 εἰς
3218 5045 3527 5122 μετάνοιαν,
3586 5068 3617 5102 ι
3653 5034 3910 5125 ’Ἡγγικέ

2237 5143 2336 5221 γὰρ
2394 5144 2429 5211 ἡ
2473 5139 2716 5219 βασιλεία
2768 5144 2875 5196 τῶν
2932 5140 3188 5217 οὐρανῶν,
3249 5158 3279 5192 ι
3328 5134 3605 5195 Βασιλείαν
3661 5139 3907 5216 οὐρανῶν

2236 5230 2376 5310 λέγει
2444 5230 2544 5299 τὴν
2587 5231 2806 5309 πρώτην
2859 5230 2949 5285 καὶ
2991 5224 3233 5303 δευτέραν
3256 5231 3353 5310 τοῦ
3401 5232 3629 5304 Χριστοῦ
3682 5245 3902 5304 παρου-

2234 5305 2373 5397 σίαν,
2419 5322 2507 5377 καὶ
2568 5305 2662 5388 τὴν
2718 5318 2961 5400 ἐνάρετον
3032 5315 3201 5386 ζωήν.
3262 5305 3446 5373 ιὈἰῑαν
3501 5314 3603 5394 γὰρ
3643 5312 3730 5371 επὶ
3786 5319 3897 5392 γῆς

2235 5408 2553 5488 βαδίζοντες,
2615 5412 2689 5474 ὡς
2746 5412 2804 5466 ἓν
2846 5408 3048 5485 οὖρανῷ
3093 5403 3522 5481 πολιτευώμεθα,
3580 5404 3659 5482 μη
3718 5402 3896 5481 ipsa-

2234 5512 2338 5565 θῶς
2366 5508 2585 5576 ζῶντες,
2616 5500 2891 5578 βασιλείαν
2919 5499 3122 5579 ἔχομεν
3166 5496 3426 5575 οὐρανῶν.
