4202 6456
264 426 373 492 1'73

934 432 1384 497 ENARRATIO
1428 433 1512 498 IN
1557 431 2067 499 EVANGELIUM
2113 432 2512 497 MATTHEI.
2560 465 2637 478 —
2680 432 2845 496 CAP.
2895 434 3004 497 III.

3560 435 3675 499 174

358 586 382 617 ι
413 562 572 626 Οὗτος
642 563 748 643 γὰρ
825 562 975 620 ἐστιν
1050 567 1079 622 ὁ
1151 566 1324 647 ρηθεὶς
1393 567 1495 624 ὑπὸ
1551 556 1776 625 Ἡσαΐου
1844 572 1935 625 τοῦ

2096 562 2278 627 Vnus.
2312 563 2375 626 3.
2407 584 2430 620 ι
2464 561 2575 626 Hic
2596 563 2757 626 enim
2803 570 2893 625 est
2934 564 3035 646 qui
3078 564 3272 627 dictus
3305 572 3395 627 est
3423 564 3496 627 ab
3525 564 3679 629 Isaia

276 658 560 736 προτήτου,
623 654 879 735 λέγοντος
915 674 930 688 '
1008 658 1174 726 Φωνὴ
1237 660 1469 737 βοῶντος
1500 659 1553 716 ὲν
1608 667 1679 738 τῇ
1708 660 1892 739 ἐρήμῳ
1921 677 1936 692 ⁰

277 744 626 820 Ἑτοιμάσατε
670 747 774 815 την
800 745 951 829 Δὁδὸν
1029 749 1242 829 Κυρίου,
1329 749 1525 816 εὐθείας
1583 764 1789 808 ποιεῖτε
1844 750 1938 815 τὰς

269 831 477 913 τρίϐους
524 836 685 895 αὐτοῦ
730 859 760 892 ι
798 825 971 917 haec,
1010 836 1071 893 τὸ
1109 825 1444 918 -Εὒαγγέλιον
1500 836 1711 918 λέγεται
1746 856 1760 870 ⁸
1822 839 1938 919 τρί-

270 923 364 983 ϐοι
424 924 506 1005 δὶ,
551 926 619 982 τὰ
663 925 857 1003 νομικᾶ
900 926 1307 1009 προστάγματα,
1353 929 1429 994 ὣς
1483 929 1938 1009 κατατετριμμένα

275 1017 366 1071 καὶ
415 1014 646 1074 παὶαιά.
694 1016 836 1082 Φησὶ
871 1016 1067 1096 τοίνυν,
1112 1015 1192 1073 ὅτι
1255 1005 1511 1094 ’Ἕτοιμοι
1554 1005 1774 1098 γένεσθε
1808 1020 1937 1093 πρὸς

276 1105 381 1173 τὴν
436 1102 794 1183 εῦαγγελικῆν
879 1102 1178 1180 πολιτείαν,
1262 1108 1350 1163 καὶ
1414 1108 1509 1172 τὰς
1578 1108 1800 1183 νομικὰς
1884 1104 1939 1165 δέ

283 1192 505 1259 imi?“
591 1193 815 1274 εὐθείας,
904 1194 1169 1272 τουτέστι,
1211 1197 1594 1274 πνευματικὰς
1650 1198 1934 1269 ποιήσατε,

286 1285 361 1343 τὸ
416 1286 622 1360 πνεῦμα
672 1284 771 1363 γὰρ
801 1273 944 1349 εὒθές
974 1286 1142 1345 ἔστιν.
1181 1273 1374 1343 ’Ὅταν
1399 1285 1487 1343 οῦν
1532 1284 1655 1355 ἴδης
1690 1275 1946 1346 Ἰουδαῖον

285 1377 553 1453 σαρκικῶς
606 1380 826 1433 νοοῦντα
895 1372 962 1429 τὰ
1020 1380 1115 1431 τοῦ
1159 1373 1348 1451 νόμου,
1405 1373 1519 1432 εἰπὲ
1550 1374 1632 1432 ὅτι
1677 1376 1825 1443 οὗτος
1852 1378 1946 1444 τὰς

278 1459 489 1541 τρίϐους
533 1460 628 1520 οὐκ
677 1460 925 1531 ἐποίησεν
977 1461 1202 1539 εὐθείας,
1281 1462 1579 1543 τουτέστιν,
1641 1464 1701 1523 οῦ
1777 1486 1941 1525 πνευ-

274 1557 527 1629 ματικῶς
560 1562 677 1608 νοεῖ
701 1552 793 1608 τὸν
818 1550 1003 1629 νόμον,

366 1662 394 1697 ε
434 1642 605 1706 Αὖτδς
650 1638 706 1698 δὲ
764 1642 793 1698 ὁ
851 1638 1103 1710 Ἰωάννης
1164 1643 1289 1723 εἶχε
1320 1642 1382 1700 τὸ
1411 1640 1793 1722 ἔνδυμα”αὖτοῦ
1837 1646 1943 1704 ἀπὸ

275 1736 489 1812 τριχῶν
563 1728 833 1807 καμήλου,
898 1754 927 1787 ι
1004 1731 1093 1801 Εἰς
1155 1731 1439 1807 μετάνοιαν
1493 1733 1781 1815 παρεκάλει
1856 1736 1944 1793 καὶ

2026 653 2334 736 propheta,
2369 653 2606 715 dicente
2630 674 2651 715 :
2684 655 2807 715 Vox
2834 653 3147 716 clamantis
3172 654 3235 716 in
3260 654 3521 732 deserto,
3555 655 3672 718 Pa-

2022 750 2149 804 rate
2179 743 2332 806 viam
2353 741 2615 823 Domini,
2648 749 2840 804 rectas
2862 741 3036 805 facite
3066 743 3309 806 semitas
3336 744 3671 825 ejus.nVia,

2020 830 2401 912 Evangelium
2434 831 2691 894 dicitur:
2727 832 2959 894 semitae
2982 841 3176 895 autem
3202 833 3412 913 legalia
3437 835 3676 897 manda-

2025 929 2081 983 ta
2107 930 2171 983 ut
2202 922 2332 983 trita
2357 929 2415 982 et
2443 928 2664 985 vetera.
2703 922 2855 986 Dicit
2885 922 3088 1003 igitur,
3140 923 3333 984 Parati
3364 932 3552 987 estote
3601 925 3676 987 ad

2021 1008 2435 1090 Evangelicam
2493 1010 2695 1093 vitam,
2727 1020 2785 1073 et
2815 1011 2962 1091 legis
2998 1011 3276 1074 mandata
3325 1024 3510 1090 recta,
3562 1014 3674 1077 hoc

2023 1108 2133 1175 est,
2178 1098 2509 1181 spiritualia
2558 1099 2752 1161 facite.
2803 1100 3066 1182 Spiritus
3114 1102 3275 1163 enim
3331 1112 3531 1165 rectus
3558 1111 3667 1165 est.

2021 1187 2270 1261 Quando
2299 1188 2485 1268 igitur
2511 1187 2736 1251 videris
2772 1189 3047 1252 Judaeum
3079 1190 3400 1253 carnaliter
3447 1192 3675 1255 intelli-

2027 1285 2260 1356 gentem
2285 1296 2355 1340 ea
2390 1296 2519 1360 quae
2545 1277 2693 1358 legis
2722 1285 2882 1353 sunt,
2905 1277 3003 1340 dic
3022 1287 3178 1360 quod
3203 1278 3332 1359 ipse
3353 1297 3474 1342 non
3504 1281 3681 1344 faciat

2023 1367 2270 1430 semitas
2297 1375 2516 1444 rectas,
2540 1367 2655 1429 hoc
2685 1375 2797 1450 est,
2826 1386 2948 1430 non
2964 1367 3362 1449 spiritualiter
3391 1370 3680 1451 intelligat

2025 1455 2243 1537 legem.

2110 1637 2286 1699 Vens.
2308 1637 2374 1700 4.
2414 1636 2582 1717 «Ipse
2613 1651 2752 1696 vero
2782 1635 3043 1699 Joannes
3074 1635 3335 1699 habebat
3363 1635 3679 1702 indumen-

2026 1730 2150 1788 tum
2182 1744 2354 1788 suum
2387 1743 2455 1788 ex
2490 1724 2627 1806 pilis
2656 1724 3046 1789 camelorum.
3075 1751 3098 1784 ο
3134 1726 3224 1789 Ad
3258 1728 3678 1809 pcenitentiam

282 1822 392 1877 ἀπὸ
446 1818 544 1878 τοῦ
600 1821 913 1900 σχήματος.
967 1821 1230 1893 Πενθικὴν
1271 1822 1372 1902 γὰρ
1420 1821 1547 1903 εἶχε
1576 1813 1688 1892 τὴν
1719 1822 1938 1895 στολήν.

2032 1815 2377 1878 hortabatur
2406 1814 2584 1876 etiam
2616 1813 2844 1889 habitu;
2879 1814 3192 1894 lugubrem
3230 1818 3389 1878 enim
3431 1818 3681 1897 gerebat

282 1912 509 1990 Λέγουσι
568 1889 677 1968 δὲ.-
694 1889 793 1978 τίῆν
846 1910 1096 1987 καμήλον
1126 1889 1322 1982 μεταξὺ
1343 1889 1355 1902 1
1380 1889 1519 1969 εῒνάί
1573 1889 1800 1989 καθαροῦ
1854 1889 1944 1972 καὶ

2032 1903 2498 1969 vestem.Dicunt
2523 1911 2717 1966 autem
2747 1889 3038 1965 camelum
3085 1905 3352 1967 medium
3372 1889 3509 1969 esse
3525 1906 3684 1970 inter

280 2001 384 2076 μή.
444 2000 589 2059 Καθὸ
652 1999 754 2076 μὲν
800 2001 900 2079 γὰρ
948 2001 1248 2078 μηρυκίζει,
1318 2001 1547 2082 καθαρόν
1607 2002 1719 2061 ἐστι
1749 2019 1764 2034 ·
1812 2005 1942 2062 καθὸ

277 2089 334 2146 δὲ
384 2093 482 2149 οὒκ
543 2086 657 2146 ἔστι
690 2087 918 2171 δίχηλον
956 2091 1094 2148 κατὰ
1120 2092 1245 2154 τοὺς
1273 2088 1507 2172 ὄνυχας,
1530 2093 1627 2152 οὒκ
1678 2091 1789 2150 ἔστι
1838 2115 1943 2151 κα-

273 2179 458 2259 θαρόν,
524 2178 675 2236 Ἐπεὶ
731 2178 823 2235 οῦν
888 2181 977 2236 καὶ
1045 2180 1074 2235 ὃ
1130 2174 1406 2260 Ἰωάννης,
1467 2180 1558 2240 τόν
1610 2201 1669 2238 τε
1719 2183 1944 2262 καθαρὸν

276 2265 537 2327 δοκοῦντα
596 2266 752 2343 λαὸν,
818 2268 910 2325 τὸν
960 2265 1278 2343 Ἰουδαϊκὸν,
1340 2269 1426 2326 καὶ
1477 2270 1570 2328 τὸν
1622 2269 1940 2352 ἀκάθαρτον,

285 2359 376 2413 τὸν
437 2356 665 2433 tcum,
727 2356 969 2436 προσῆγε
1014 2361 1093 2431 τῷ
1151 2364 1290 2434 Θεῷ,
1322 2360 1411 2415 καὶ
1461 2359 1685 2436 μεσίτης
1718 2358 1784 2429 ἦν
1839 2382 1951 2418 πα-

292 2446 476 2507 λαιᾶας
507 2444 775 2516 διαθήκης
837 2448 925 2503 καὶ
954 2445 1096 2522 νέας,
1130 2443 1214 2502 διὰ
1242 2452 1399 2504 τοῦτο
1429 2446 1604 2528 ἐφόρει
1635 2449 1729 2514 τὰς
1759 2450 1950 2530 τρίχας

290 2541 389 2603 τῆς
444 2534 716 2611 καμήλου.
785 2557 809 2592 ε
874 2536 973 2594 Καὶ
1046 2534 1221 2607 ζώνην
1303 2533 1617 2616 δερματίνην
1673 2540 1793 2618 περὶ
1852 2540 1948 2609 τὴν

288 2626 450 2705 bet-riu
507 2624 692 2685 αὐτοῦ.
733 2645 758 2682 ι
824 2625 1026 2688 Πάντες
1056 2626 1103 2681 οἱ
1156 2624 1322 2704 ἅγιοι,
1356 2625 1645 2703 ἐζωσμένοι
1701 2627 1946 2708 εἰσάγον-

281 2738 369 2772 ται
434 2714 582 2794 παρὰ
635 2718 706 2792 τῇ
758 2718 966 2795 Γραφῇ,
1019 2716 1093 2778 ὡς
1150 2714 1231 2772 ἀεὶ
1262 2713 1317 2770 ὲν
1345 2714 1483 2795 ἔργῳ
1513 2716 1663 2782 ὅντες
1699 2735 1713 2750 ⁶
1748 2720 1795 2775 οἱ
1849 2720 1950 2799 γὰρ

284 2801 519 2879 ἀμελεῖς
577 2805 661 2859 καὶ
744 2802 1026 2883 τρυφηλοὶ,
1112 2804 1172 2860 οὒ
1253 2804 1561 2882 ζώννυνται,
1611 2807 1682 2871 ὡς
1741 2814 1829 2865 νῦν
1903 2809 1949 2865 οἱ

296 2894 609 2972 Σαρακηνοί
640 2914 657 2929 ο
709 2892 744 2961 ἢ
798 2890 880 2949 ὅτι
941 2891 1239 2972 ἐνέκρωσαν
1297 2895 1365 2951 τὰ
1412 2895 1556 2962 πάθη
1610 2894 1707 2964 τῆς
1764 2896 1946 2957 ἐπιθυ-

300 2983 434 3055 μίας
466 2996 483 3010 “
544 2982 607 3036 τὸ
661 2983 754 3061 γὰρ
804 2979 993 3062 δέρμα,
1059 2988 1244 3062 νεκροῦ
1272 2983 1409 3054 ζώου
1439 2984 1549 3042 ἐστὶ
1605 2984 1788 3066 μέρος,
1827 3009 1856 3042 α
1887 2977 1951 3045 Ἦ

300 3068 359 3126 δὲ
419 3070 594 3149 τροφὴ
621 3070 763 3128 αὐτοῦ
811 3073 879 3138 ἦν
927 3070 1157 3153 ἀκρίδες,
1189 3073 1279 3130 καὶ
1322 3072 1445 3150 μέλι
1476 3072 1683 3154 ἄγριον.
1719 3099 1747 3133 ι
1801 3076 1949 3141 Τινὲς

2025 1996 2249 2058 munda
2275 2004 2333 2059 et
2366 1996 2677 2059 immunda
2704 1996 3018 2059 animalia:
3055 2015 3191 2059 nam
3223 1999 3361 2080 quia
3391 2001 3679 2075 ruminat,

2025 2088 2314 2148 mundum
2344 2094 2432 2148 est
2465 2106 2480 2145 :
2515 2085 2655 2168 quia
2682 2094 2881 2147 autem
2914 2087 3164 2164 ungulas
3194 2107 3315 2149 non
3337 2088 3568 2164 dividit,
3593 2104 3685 2159 est

2024 2175 2423 2238 immundum.
2456 2172 2720 2236 Joannes
2750 2182 2945 2236 autem
2980 2178 3258 2256 quoniam
3278 2178 3352 2239 ad
3368 2177 3558 2240 Deum
3576 2181 3682 2241 ad-

2031 2265 2282 2328 ducebat
2306 2264 2590 2347 populum
2623 2264 3068 2345 Judaicum,qui
3084 2265 3397 2328 videbatur
3426 2268 3685 2330 mundus

2031 2366 2257 2430 esse,et
2286 2353 2697 2434 gentilem,qui
2727 2352 3097 2433 immundus,
3128 2366 3375 2436 eratque
3397 2357 3687 2420 mediator

2032 2444 2248 2507 veteris
2304 2452 2366 2507 et
2426 2442 2561 2504 novi
2597 2442 2962 2519 testamenti,
2995 2443 3222 2505 idcirco
3275 2444 3505 2507 ferebat
3534 2446 3685 2528 pilos

2023 2533 2424 2609 camelorum.
2459 2558 2487 2591 ι
2520 2530 2591 2594 Et
2618 2550 2828 2593 zonam
2882 2533 3194 2613 pelliceam
3244 2534 3404 2596 circa
3450 2536 3687 2597 lumbos

2030 2639 2194 2686 suos.
2232 2647 2259 2679 ι)
2295 2620 2518 2685 Omnes
2570 2622 2757 2683 sancti
2803 2620 3259 2684 introdocuntur
3301 2639 3336 2685 a
3384 2622 3693 2705 Scriptura

2033 2711 2240 2789 cincti,
2295 2711 2473 2773 veluti
2526 2727 2766 2792 semper
2802 2710 2864 2771 in
2916 2729 3100 2791 opere
3146 2712 3542 2776 exsistentes:
3579 2733 3693 2776 ne-

2032 2801 2323 2882 gligentes
2354 2799 2512 2861 enim
2546 2807 2604 2862 et
2632 2799 2871 2861 delicati
2902 2818 3020 2860 non
3050 2800 3394 2881 cinguntur,
3434 2810 3499 2864 ut
3530 2822 3692 2867 nunc

2037 2889 2366 2953 Saraceni:
2429 2888 2520 2951 vel
2574 2888 2729 2969 quod
2785 2888 3132 2951 affectiones
3182 2892 3686 2972 concupiscentiae

2037 2979 2513 3041 mortiﬁcarunt:
2553 2978 2725 3059 pellis
2756 2978 2917 3039 enim
2974 2978 3191 3041 mortui
3241 2980 3519 3043 animalis
3550 2998 3686 3061 pars

2035 3076 2124 3131 est
2152 3097 2178 3131 ι
2198 3068 2378 3130 Cibus
2408 3076 2606 3129 autem
2631 3068 2761 3147 ejus
2782 3076 2945 3128 erant
2979 3067 3313 3150 locustae,et
3341 3070 3459 3133 mel
3490 3090 3688 3151 agres-

294 3159 517 3237 λέγουσι
570 3159 785 3237 βοτάνας
842 3162 986 3218 εἶναι
1036 3163 1131 3224 τὰς
1180 3159 1414 3244 ἀκρίδας,
1472 3162 1535 3225 ἂς
1567 3164 1654 3220 καὶ
1709 3162 1948 3245 μὲλαγρα

2034 3167 2111 3221 te.
2154 3188 2172 3216 ι
2203 3158 2449 3231 Quidam
2489 3157 2695 3219 dicunt
2718 3157 2936 3219 herbas
2964 3175 3098 3220 esse
3125 3158 3408 3240 locustas,
3442 3179 3591 3242 quas
3628 3172 3687 3225 et

282 3247 520 3306 καλοῦσί
555 3265 576 3284 ⁸
600 3251 737 3314 τινὲς
766 3248 847 3332 δὲ,
895 3252 963 3307 τὰ
1010 3247 1270 3331 ἀκρόδρυα
1299 3249 1421 3318 ¹ἤτοι
1466 3252 1678 3332 ὀπώρας
1707 3253 1891 3334 ἀγρίας
1922 3273 1938 3291 ο

280 3338 407 3416 μέλι
497 3337 552 3396 δὲ
614 3337 819 3420 ἄγριον,
863 3342 927 3397 τὸ
969 3340 1071 3397 ὑπὸ
1121 3339 1315 3420 ἀγρίων
1359 3339 1628 3418 μελισσῶν
1674 3344 1945 3424 γεωργού-

283 3452 473 3508 μενον,
517 3428 577 3486 ἐν
607 3428 837 3511 δένδροις
866 3431 1236 3513 εὒρισκόμενον
1277 3432 1366 3488 καὶ
1393 3430 1633 3511 πέτραις.

372 3543 398 3577 ι
448 3521 587 3580 Τότε
628 3518 968 3601 ὶξεπορεόετο
1022 3520 1155 3601 πρὸς
1225 3521 1381 3578 αὐτὸν
1440 3514 1803 3605 Ἰεροσόλυμα,
1861 3537 1950 3593 καὶ

278 3616 423 3667 πᾶσα
482 3612 519 3679 ἡ
566 3607 818 3685 Ἰουδαία,
876 3613 965 3667 καὶ
1012 3616 1158 3667 πᾶσα
1212 3612 1249 3679 ἡ
1280 3611 1579 3693 περίχωρος
1619 3615 1715 3669 τοῦ
1742 3611 1950 3694 Ἰορδά..

282 3723 392 3762 νου,
461 3702 560 3758 Καὶ
633 3697 975 3773 ἰϐαπτίζοντο
1034 3702 1088 3755 ἐν
1145 3705 1224 3775 τῷ
1283 3699 1519 3781 Ἰορδάνῃ
1604 3701 1695 3760 ὑπ’
1767 3707 1947 3783 αὐτοῦ,

285 3787 763 3868 ἐξομολογούμενοι
860 3791 959 3855 τὰς
1033 3790 1293 3873 ἁμαρτίας
1369 3794 1565 3852 αὐτῶν.
1636 3815 1665 3850 ι
1731 3796 1792 3852 Εἰ
1862 3797 1951 3855 καὶ

279 3876 653 3954 ἕὸαπείζοντο,
684 3876 806 3936 ἀλλ’
870 3881 960 3937 οὖν
1002 3878 1189 3962 ἄφεσιν
1231 3881 1503 3960 ἁμαρτιῶν
1550 3882 1645 3939 οὐκ
1701 3883 1830 3965 εἷχε
1886 3887 1949 3943 τὸ

275 3968 528 4028 Ἰωάννου
572 3970 873 4047 βάπτισμα.
907 3965 1077 4028 Ἀλλὰ
1120 3970 1291 4047 μόνην
1344 3971 1660 4047 μετάνοιναν
1722 3972 1948 4056 ἐκήρυτ-

267 4084 362 4120 ττν
435 4065 467 4118 ὃ
528 4058 811 4141 Ἰωάννης,
855 4063 945 4120 καὶ
1017 4064 1090 4128 εἷς
1151 4062 1336 4145 ἄφεσιν
1408 4064 1682 4145 ἁμαρτιῶν
1740 4064 1945 4149 ’ἔφερενο

270 4153 390 4211 ἀντὶ
477 4158 597 4229 τοῦ,
672 4152 746 4216 εἰς
802 4153 864 4210 τὸ
933 4159 1029 4211 τοῦ
1088 4152 1314 4235 Χριστοῦ
1381 4152 1658 4232 βάπτισμα
1726 4156 1947 4239 ὡδήγεὶ,

276 4243 406 4325 παρ’
437 4247 506 4302 οὗ
531 4246 568 4313 ἦ
603 4242 785 4323 ἔφεσις
825 4250 934 4303 τῶν
975 4245 1258 4327 ἁναρτιῶν,

367 4359 398 4392 α
444 4332 604 4393 ’ἰδὼν
632 4332 687 4391 δὲ
733 4333 963 4402 πολλοὺς
1023 4341 1131 4393 τῶν
1173 4337 1495 4415 Φαρισαίων,
1548 4360 1578 4395 ι
1628 4344 1950 4419 Φαρισαῖος,

289 4425 645 4503 ἑρμηνεύεται
720 4424 1189 4503 ἀποκεκομμένος.
1264 4423 1515 4484 Ἐδόκουν
1597 4428 1698 4510 γὰρ
1754 4430 1808 4487 ἐν
1874 4438 1952 4507 τῷ

283 4516 380 4591 βίῴ
422 4516 517 4572 καὶ
556 4520 630 4592 τῇ
681 4515 873 4595 γνώσει
915 4514 1303 4598 ἀποκεκόφθαι,
1363 4516 1452 4573 καὶ
1507 4517 1794 4601 ὑπερέχειν
1844 4521 1951 4579 τῶν

280 4578 484 4663 hilum
549 4626 575 4660 ι
742 4603 1130 4668 Σαδδουκαίων.
1167 4578 1196 4666 λ
1247 4578 1428 4683 Οῦτοι,
1490 4578 1622 4665 οίὶτε1
1666 4578 2018 4670 ἒνάστασινῡ

278 4694 594 4771 ξπίστευον,
657 4701 773 4752 σότε
830 4692 1081 4775 ἄγγελον,
1140 4691 1258 4752 οὔτε
1306 4694 1537 4774 πνεῦμα.
1595 4687 1952 4777 Ἐρμηνιύον..

278 4808 369 4843 ται
428 4783 517 4863 δε,
590 4782 807 4849 δίκαιοι.
856 4783 1021 4842 Σεδὲκ
1068 4784 1199 4867 γαρ,
1244 4785 1281 4855 ἡ
1324 4781 1660 4856 δικαιοσύνη.
1708 4791 1952 4858 Δικαίους

280 4877 385 4957 γὰρ
443 4876 670 4960 ξαυτοὸς
738 4876 1057 4960 ὧνδμαζονη
1082 4866 1119 4890 θ’
1138 4866 1185 4932 Η
1233 4873 1339 4960 ᾂπρ
1367 4876 1710 4960 αἳρεσιάρχου
1765 4880 1954 4941 Σαδὼκ

283 4955 674 5035 ὀνομάζονται,
736 4979 766 5012 α
822 4956 1183 5045 Ἐρχομένους
1239 4955 1327 5014 ἐπὶ
1353 4955 1432 5015 τὸή
1458 4955 1733 5037 βάπίὶίᾶμα
1775 4967 1957 5045 αὐτοῦ,

284 5047 449 5103 εἶπεν
496 5044 706 5111 αότοϊς.
757 5068 783 5105 ι
848 5050 957 5107 Οὐκ
1010 5044 1247 5126 ἤρχοντο
1302 5045 1439 5123 μετᾶ
1499 5047 1722 5128 γνώμης
1772 5044 1956 5133 ὀρθῆς)

280 5140 362 5203 ὡς
414 5138 465 5194 οἱ
540 5134 737 5198 λοιποί.
826 5136 925 5195 Τιὰ
1009 5143 1163 5193 τοῦτο
1231 5137 1320 5192 καὶ
1375 5138 1701 5197 καθάπτεται
1759 5141 1952 5207 αὐτῶν.

287 5251 313 5285 ι
367 5227 695 5302 Γεννήματα
770 5223 1023 5308 ἐχιδνῶν,
1100 5224 1181 5289 τίς
1263 5222 1527 5293 ὑπέδειξεν
1583 5227 1713 5305 ὑμῖν
1767 5246 1958 5312 φυγεῖν

279 5318 394 5375 ἀπὸ
452 5316 559 5384 τῆς
609 5313 911 5392 μελλούσης
955 5316 1120 5396 ὀργῆς
1155 5333 1172 5395 ;
1208 5336 1239 5371 ι
1294 5315 1502 5396 Πικρῶς
1562 5319 1744 5387 αὐτοῖς
1772 5318 1954 5380 διαλέ-

278 5428 460 5487 γεται,
500 5406 779 5485 γινώσκων
819 5407 919 5476 τὴν
949 5402 1310 5478 στρεϐλότητα
1369 5407 1564 5486 αὐτῶν,
1623 5407 1764 5478 πλὴν
1819 5411 1957 5471 ἀλλὰ

276 5499 370 5555 καὶ
425 5500 673 5574 ἱπαινεϊ,
731 5495 905 5578 λέγων
939 5512 957 5528 ⁸
1004 5495 1096 5559 Τίς
1138 5493 1400 5562 ὑπέδειξεν
1448 5498 1581 5575 ὑμῖν
1617 5516 1635 5576 ;
1688 5502 1953 5579 Θαυμάζει

278 5590 382 5669 «τερ
411 5593 535 5653 ⁴πῶς
566 5585 775 5669 ἐγένετο
802 5593 986 5663 τοῦτο,
1016 5585 1083 5643 τὸ
1124 5585 1223 5652 τὴν
1251 5587 1488 5667 πονηρὰν
1540 5587 1711 5648 αὐτῶν
1767 5594 1953 5671 γενεὰν

287 5678 637 5765 μετανοῆσαι,
694 5679 1019 5755 Γεννήματα
1078 5672 1133 5732 δὲ
1214 5674 1438 5757 ἐχιδνῶν
1520 5676 1665 5759 λέγει
1738 5684 1952 5765 αὐτοὺς,

294 5764 419 5823 διότι
466 5768 645 5851 ὥσπερ
700 5773 863 5828 ταῦτα
923 5764 1275 5826 κατεσθίοντα
1328 5768 1424 5832 τὰς
1511 5771 1717 5850 μήτρας
1791 5764 1956 5838 οὕτως

2030 3248 2296 3327 melagra
2326 3256 2560 3324 vocant;
2612 3246 2713 3307 alii
2768 3261 2953 3309 nuces
3004 3254 3105 3307 aut
3152 3266 3333 3328 poma
3356 3250 3682 3329 sylvestria;

2032 3338 2152 3399 mel
2179 3344 2373 3398 autem
2400 3341 2657 3414 agreste,
2692 3333 2851 3415 quod
2880 3353 2915 3395 a
2941 3333 3083 3396 feris
3108 3335 3321 3416 apibus
3349 3340 3681 3418 conﬁcitur,

2035 3427 2121 3490 i7
2153 3433 2214 3489 et
2240 3425 2305 3487 in
2333 3423 2649 3487 arboribus
2675 3441 2746 3486 ac
2767 3422 2955 3504 petris
2985 3424 3305 3489 invenitur.

2111 3518 2297 3580 Vens.
2326 3518 2387 3596 5,
2412 3517 2472 3577 6.
2507 3533 2535 3575 ι
2565 3512 2732 3576 Tunc
2778 3530 3017 3590 egressu
3047 3521 3134 3575 cst
3160 3515 3233 3577 ad
3266 3514 3434 3577 illum
3464 3517 3682 3581 Hiero-

2033 3606 2278 3689 solyma,
2312 3613 2370 3667 et
2401 3603 2596 3666 omnis
2628 3602 2851 3678 Judaaa,
2874 3611 2932 3664 et
2964 3604 3160 3665 omnis
3206 3608 3369 3684 regio
3421 3608 3685 3690 undique

2031 3695 2284 3759 ﬁnitima
2312 3693 2582 3767 Jordani,
2607 3701 2667 3755 et
2696 3692 3063 3774 baptizantur
3090 3693 3153 3755 in
3172 3691 3438 3759 Jordane
3461 3697 3536 3759 ab
3554 3699 3683 3779 illo,

2030 3785 2384 3848 conﬁtentes
2431 3790 2679 3866 peccata
2735 3800 2863 3847 sua.
2895 3802 2925 3843 ι
2970 3783 3233 3845 Tametsi
3288 3783 3681 3868 baptizantur,

2030 3893 2152 3937 non
2176 3884 2377 3937 tamen
2409 3872 2828 3935 remissionem
2860 3882 3243 3953 peccatorum
3289 3874 3546 3938 habebat
3574 3877 3684 3940 ba-

2030 3964 2250 4047 ptisma
2277 3962 2560 4039 Joannis;
2605 3961 2711 4023 sed
2739 3960 2929 4023 solam
2960 3962 3368 4042 pmnitentiam
3392 3967 3686 4046 praedica-

2031 4053 2131 4116 bat
2155 4054 2438 4134 Joannes,
2471 4061 2529 4114 et
2547 4052 2619 4114 ad
2648 4050 3071 4113 remissionem
3100 4062 3479 4133 peccatorum
3519 4058 3685 4120 fere-

2031 4142 2155 4221 bat,
2184 4144 2296 4206 hoc
2327 4150 2440 4220 est,
2474 4141 2547 4203 ad
2579 4140 2801 4204 Christi
2850 4139 3146 4221 baptisma
3201 4143 3481 4228 ducebat,
3527 4148 3687 4228 apud

2032 4254 2211 4320 quem
2242 4235 2544 4297 remisssio
2579 4241 2985 4315 peccatorum.

2102 4327 2298 4388 .Vsns.
2330 4326 2386 4388 Ἰ.
2426 4346 2449 4381 ι
2486 4326 2636 4386 Cum
2669 4322 2914 4385 vidisset
2940 4328 3141 4386 autem
3178 4324 3399 4388 multos
3424 4344 3495 4389 ex
3524 4328 3687 4391 Pha-

2031 4413 2280 4476 risaeis.»
2315 4411 2652 4474 Pharisaeus
2680 4411 3106 4493 interpretatur
3133 4414 3415 4479 absectus
3444 4424 3503 4478 et
3531 4418 3686 4480 divi-

2032 4522 2161 4567 sus.
2190 4501 2564 4566 Videbantur
2591 4502 2751 4563 enim
2786 4503 3068 4564 Pharisaei
3097 4503 3160 4565 in
3195 4505 3312 4566 vita
3356 4514 3415 4568 et
3439 4508 3691 4571 scientia

2034 4592 2291 4675 separati
2320 4610 2472 4667 esse,
2505 4598 2564 4654 et
2589 4591 2885 4653 excedere
2915 4593 3129 4656 alios.c
3156 4594 3233 4657 Et
3259 4593 3622 4667 Sadducaais.
3655 4621 3683 4654 ι

2034 4684 2111 4747 Hi
2127 4700 2322 4765 neque
2342 4681 2849 4745 resurrectionem
2872 4682 3224 4764 credebant,
3260 4701 3454 4765 neque
3500 4704 3688 4765 ange-

2035 4774 2391 4855 lum,neque
2421 4771 2741 4853 spiritum:
2768 4771 3241 4853 interpretantur
3266 4783 3488 4856 autem,
3516 4776 3687 4855 justi.

2035 4861 2235 4927 Sedok
2261 4862 2420 4924 enim
2455 4859 2712 4942 justitia;
2756 4877 2893 4921 nam
2919 4863 3114 4940 justos
3154 4861 3384 4942 seipsos
3410 4864 3691 4926 nomina-

2041 4952 2314 5029 bant;vel
2344 4950 2418 5013 ab
2442 4948 2843 5013 haeresiarcba
2871 4950 3069 5014 Sadok
3095 4952 3502 5019 nominantur.
3534 4956 3692 5019 «Ve-

2041 5042 2280 5106 nientes
2300 5044 2374 5105 ad
2407 5040 2771 5123 baptismum
2803 5040 2954 5121 ejus,
2990 5040 3135 5103 dicit
3158 5041 3483 5109 illis.»Non
3506 5064 3690 5109 vene-

2041 5141 2176 5196 rant
2205 5132 2363 5194 bona
2391 5139 2688 5210 mente,ut
2708 5135 2999 5212 caeteri,et
3022 5131 3239 5194 idcirco
3269 5134 3449 5196 etiam
3476 5154 3692 5219 repre-

2041 5223 2254 5286 hendit
2282 5240 2409 5286 eos.
2450 5244 2473 5279 (ι
2506 5221 2829 5300 Progenies
2845 5220 3352 5305 viperarum,quis
3368 5225 3693 5289 submons-

2041 5313 2215 5375 travit
2229 5312 2395 5375 vobis
2459 5312 2665 5392 fugere
2694 5328 2728 5373 a
2754 5310 2955 5373 futura
3026 5312 3118 5374 ira
3140 5318 3168 5376 ?
3202 5337 3226 5374 ι
3300 5316 3463 5377 Dure
3492 5317 3578 5380 eis
3601 5317 3693 5379 lo-

2041 5402 2265 5484 quitur,
2295 5403 2494 5465 sciens
2535 5401 2986 5483 perversitatem
3018 5402 3282 5481 illorum,
3320 5407 3553 5469 tametsi
3580 5407 3696 5470 ali-

2039 5494 2388 5576 quantulum
2446 5492 2667 5569 laudet,
2712 5492 2920 5554 dicens
2970 5513 2983 5556 :
3033 5490 3180 5564 Quis
3234 5494 3700 5559 submonstravit

2038 5583 2235 5646 vobis?
2251 5584 2597 5646 Admiratur
2626 5584 2787 5645 enim
2818 5585 3118 5664 quomodo
3148 5584 3261 5645 hoc
3281 5586 3503 5650 factum
3530 5587 3702 5661 sit,ut

2039 5683 2161 5739 tam
2175 5674 2330 5736 mala
2348 5673 2501 5735 natio
2520 5673 2787 5754 ipsorum
2808 5673 3477 5753 resipiscat.Progenies
3499 5684 3697 5736 autem

2040 5765 2380 5847 viperarum
2404 5775 2570 5826 vocat
2589 5779 2721 5844 eos,
2756 5780 2825 5827 eo
2848 5764 3009 5845 quod
3039 5763 3194 5826 sicut
3216 5763 3331 5827 illae
3351 5767 3702 5828 devorantes
