  <div class='ocr_page' id='page_1' title='image "/cluster/home/n/w/nwhite01/storage/ocr_20150623/123:no.1/coo.31924054870286/095.png"; bbox 0 0 4204 6446; ppageno 0'>
   <div class='ocr_carea' id='block_1_1' title="bbox 534 365 3916 447">
    <p class='ocr_par' dir='ltr' id='par_1_1' title="bbox 534 365 3916 447">
     <span class='ocr_line' id='line_1_1' title="bbox 534 365 3916 447; baseline 0.001 -13"><span class='ocrx_word' id='word_1_1' title='bbox 534 375 650 440; x_wconf 85' lang='grc'>175</span> <span class='ocrx_word' id='word_1_2' title='bbox 1497 366 2091 434; x_wconf 84' lang='lat' dir='ltr'>THEOPHYLACTI</span> <span class='ocrx_word' id='word_1_3' title='bbox 2134 365 2545 438; x_wconf 67' lang='lat' dir='ltr'>BULGARI/E</span> <span class='ocrx_word' id='word_1_4' title='bbox 2587 374 2944 447; x_wconf 79' lang='lat' dir='ltr'>ARCHIEP.</span> <span class='ocrx_word' id='word_1_5' title='bbox 3801 372 3916 440; x_wconf 76' lang='lat'>176</span> 
     </span>
    </p>
   </div>
   <div class='ocr_carea' id='block_1_2' title="bbox 535 501 2144 590">
    <p class='ocr_par' dir='ltr' id='par_1_2' title="bbox 535 501 2144 590">
     <span class='ocr_line' id='line_1_2' title="bbox 535 501 2144 590; baseline -0.006 -19"><span class='ocrx_word' id='word_1_6' title='bbox 535 509 815 573; x_wconf 83' lang='lat' dir='ltr'>matrices</span> <span class='ocrx_word' id='word_1_7' title='bbox 847 527 983 570; x_wconf 85' lang='lat' dir='ltr'>suas</span> <span class='ocrx_word' id='word_1_8' title='bbox 1014 513 1358 580; x_wconf 90' lang='lat' dir='ltr'>nascuntur,</span> <span class='ocrx_word' id='word_1_9' title='bbox 1394 503 1668 564; x_wconf 81' lang='lat' dir='ltr'>similiter</span> <span class='ocrx_word' id='word_1_10' title='bbox 1717 509 1774 562; x_wconf 93' lang='lat' dir='ltr'>et</span> <span class='ocrx_word' id='word_1_11' title='bbox 1832 501 2144 590; x_wconf 83' lang='lat' dir='ltr'>illipatres</span> 
     </span>
    </p>
   </div>
   <div class='ocr_carea' id='block_1_3' title="bbox 2229 501 3915 590">
    <p class='ocr_par' dir='ltr' id='par_1_3' title="bbox 2229 503 3915 590">
     <span class='ocr_line' id='line_1_3' title="bbox 2229 503 3915 590; baseline 0.002 -28"><span class='ocrx_word' id='word_1_12' title='bbox 2229 503 2594 589; x_wconf 64' lang='lat' dir='ltr'>téEépxovmt,</span> <span class='ocrx_word' id='word_1_13' title='bbox 2658 510 2793 566; x_wconf 78' lang='grc' dir='ltr'>οὕτω</span> <span class='ocrx_word' id='word_1_14' title='bbox 2849 510 2937 564; x_wconf 78' lang='grc' dir='ltr'>καὶ</span> <span class='ocrx_word' id='word_1_15' title='bbox 2996 511 3136 564; x_wconf 79' lang='grc' dir='ltr'>οὗτοι</span> <span class='ocrx_word' id='word_1_16' title='bbox 3194 510 3316 574; x_wconf 87' lang='grc' dir='ltr'>τοὺς</span> <span class='ocrx_word' id='word_1_17' title='bbox 3374 511 3624 590; x_wconf 75' lang='grc' dir='ltr'>πατέρας,</span> <span class='ocrx_word' id='word_1_18' title='bbox 3670 511 3788 579; x_wconf 73' lang='grc' dir='ltr'>ἤτοι</span> <span class='ocrx_word' id='word_1_19' title='bbox 3833 509 3915 566; x_wconf 85' lang='grc' dir='ltr'>δι-</span> 
     </span>
    </p>
   </div>
   <div class='ocr_carea' id='block_1_4' title="bbox 533 589 2144 680">
    <p class='ocr_par' dir='ltr' id='par_1_4' title="bbox 533 589 2144 680">
     <span class='ocr_line' id='line_1_4' title="bbox 533 589 2144 680; baseline -0.006 -20"><span class='ocrx_word' id='word_1_20' title='bbox 533 599 647 661; x_wconf 92' lang='lat' dir='ltr'>hoc</span> <span class='ocrx_word' id='word_1_21' title='bbox 677 607 790 680; x_wconf 91' lang='lat' dir='ltr'>est,</span> <span class='ocrx_word' id='word_1_22' title='bbox 826 597 1160 675; x_wconf 90' lang='lat' dir='ltr'>magistros,</span> <span class='ocrx_word' id='word_1_23' title='bbox 1195 594 1514 674; x_wconf 77' lang='lat' dir='ltr'>prophetas</span> <span class='ocrx_word' id='word_1_24' title='bbox 1535 589 1960 653; x_wconf 85' lang='lat' dir='ltr'>occiderunt.A</span> <span class='ocrx_word' id='word_1_25' title='bbox 1991 589 2144 650; x_wconf 83' lang='lat' dir='ltr'>futur</span> 
     </span>
    </p>
   </div>
   <div class='ocr_carea' id='block_1_5' title="bbox 2229 589 3916 680">
    <p class='ocr_par' dir='ltr' id='par_1_5' title="bbox 2267 592 3916 678">
     <span class='ocr_line' id='line_1_5' title="bbox 2267 592 3916 678; baseline 0.005 -29"><span class='ocrx_word' id='word_1_26' title='bbox 2267 592 2579 674; x_wconf 81' lang='grc' dir='ltr'>δασκάλους,</span> <span class='ocrx_word' id='word_1_27' title='bbox 2641 599 2764 662; x_wconf 83' lang='grc' dir='ltr'>τοὺς</span> <span class='ocrx_word' id='word_1_28' title='bbox 2794 598 3092 677; x_wconf 74' lang='grc' dir='ltr'>προφήτας,</span> <span class='ocrx_word' id='word_1_29' title='bbox 3146 598 3392 678; x_wconf 74' lang='grc' dir='ltr'>ἒφόνευον</span> <span class='ocrx_word' id='word_1_30' title='bbox 3426 613 3442 629; x_wconf 81' lang='grc'><strong>⁸</strong></span> <span class='ocrx_word' id='word_1_31' title='bbox 3491 601 3595 656; x_wconf 83' lang='grc' dir='ltr'>ἀπὸ</span> <span class='ocrx_word' id='word_1_32' title='bbox 3636 607 3735 668; x_wconf 74' lang='grc' dir='ltr'>τῆς</span> <span class='ocrx_word' id='word_1_33' title='bbox 3783 599 3916 678; x_wconf 81' lang='grc' dir='ltr'>μελ-</span> 
     </span>
    </p>
   </div>
   <div class='ocr_carea' id='block_1_6' title="bbox 530 681 2144 768">
    <p class='ocr_par' dir='ltr' id='par_1_6' title="bbox 530 681 1467 768">
     <span class='ocr_line' id='line_1_6' title="bbox 530 681 1467 768; baseline -0.004 -21"><span class='ocrx_word' id='word_1_34' title='bbox 530 689 636 768; x_wconf 89' lang='lat' dir='ltr'>ira,</span> <span class='ocrx_word' id='word_1_35' title='bbox 670 688 742 748; x_wconf 92' lang='lat' dir='ltr'>id-</span> <span class='ocrx_word' id='word_1_36' title='bbox 765 697 875 761; x_wconf 92' lang='lat' dir='ltr'>est,</span> <span class='ocrx_word' id='word_1_37' title='bbox 911 687 1221 763; x_wconf 65' lang='lat' dir='ltr'>gehennae,</span> <span class='ocrx_word' id='word_1_38' title='bbox 1256 681 1467 762; x_wconf 89' lang='lat' dir='ltr'>inquit.</span> 
     </span>
    </p>
   </div>
   <div class='ocr_carea' id='block_1_7' title="bbox 2229 681 3416 768">
    <p class='ocr_par' dir='ltr' id='par_1_7' title="bbox 2264 682 3416 767">
     <span class='ocr_line' id='line_1_7' title="bbox 2264 682 3416 767; baseline 0.005 -27"><span class='ocrx_word' id='word_1_39' title='bbox 2264 682 2461 755; x_wconf 83' lang='grc' dir='ltr'>λούσης</span> <span class='ocrx_word' id='word_1_40' title='bbox 2507 688 2559 744; x_wconf 77' lang='grc' dir='ltr'>δὲ</span> <span class='ocrx_word' id='word_1_41' title='bbox 2591 690 2778 767; x_wconf 73' lang='grc' dir='ltr'>ὀργῆς,</span> <span class='ocrx_word' id='word_1_42' title='bbox 2811 692 2908 753; x_wconf 81' lang='grc' dir='ltr'>τῆς</span> <span class='ocrx_word' id='word_1_43' title='bbox 2940 687 3184 765; x_wconf 80' lang='grc' dir='ltr'>γεέννης,</span> <span class='ocrx_word' id='word_1_44' title='bbox 3232 689 3416 767; x_wconf 81' lang='grc' dir='ltr'>φησίν.</span> 
     </span>
    </p>
   </div>
   <div class='ocr_carea' id='block_1_8' title="bbox 609 768 2144 855">
    <p class='ocr_par' dir='ltr' id='par_1_8' title="bbox 609 768 2144 850">
     <span class='ocr_line' id='line_1_8' title="bbox 609 768 2144 850; baseline -0.007 -12"><span class='ocrx_word' id='word_1_45' title='bbox 609 776 791 838; x_wconf 76' lang='lat' dir='ltr'>Vens.</span> <span class='ocrx_word' id='word_1_46' title='bbox 818 777 876 838; x_wconf 92' lang='lat'>8.</span> <span class='ocrx_word' id='word_1_47' title='bbox 908 798 936 835; x_wconf 70' lang='grc' dir='ltr'>ε</span> <span class='ocrx_word' id='word_1_48' title='bbox 968 774 1164 835; x_wconf 86' lang='lat' dir='ltr'>Facite</span> <span class='ocrx_word' id='word_1_49' title='bbox 1189 772 1365 850; x_wconf 85' lang='lat' dir='ltr'>igitur</span> <span class='ocrx_word' id='word_1_50' title='bbox 1397 771 1621 831; x_wconf 82' lang='lat' dir='ltr'>fructus</span> <span class='ocrx_word' id='word_1_51' title='bbox 1651 768 1860 848; x_wconf 83' lang='lat' dir='ltr'>dignos</span> <span class='ocrx_word' id='word_1_52' title='bbox 1892 771 2144 848; x_wconf 79' lang='lat' dir='ltr'>pceniten</span> 
     </span>
    </p>
   </div>
   <div class='ocr_carea' id='block_1_9' title="bbox 2229 768 3912 855">
    <p class='ocr_par' dir='ltr' id='par_1_9' title="bbox 2352 776 3912 855">
     <span class='ocr_line' id='line_1_9' title="bbox 2352 776 3912 855; baseline 0.005 -24"><span class='ocrx_word' id='word_1_53' title='bbox 2352 799 2378 831; x_wconf 75' lang='grc' dir='ltr'>(ι</span> <span class='ocrx_word' id='word_1_54' title='bbox 2426 779 2691 847; x_wconf 62' lang='grc' dir='ltr'>Ποιήσατε</span> <span class='ocrx_word' id='word_1_55' title='bbox 2751 776 2838 832; x_wconf 80' lang='grc' dir='ltr'>οὖν</span> <span class='ocrx_word' id='word_1_56' title='bbox 2901 776 3133 854; x_wconf 83' lang='grc' dir='ltr'>καρποὺς</span> <span class='ocrx_word' id='word_1_57' title='bbox 3179 777 3348 843; x_wconf 69' lang='grc' dir='ltr'>ἂξίοὺς</span> <span class='ocrx_word' id='word_1_58' title='bbox 3403 783 3501 846; x_wconf 81' lang='grc' dir='ltr'>τῆς</span> <span class='ocrx_word' id='word_1_59' title='bbox 3546 783 3846 855; x_wconf 83' lang='grc' dir='ltr'>μετανοίας.</span> <span class='ocrx_word' id='word_1_60' title='bbox 3889 804 3912 839; x_wconf 72' lang='grc' dir='ltr'><strong>ι</strong></span> 
     </span>
    </p>
   </div>
   <div class='ocr_carea' id='block_1_10' title="bbox 531 856 2144 947">
    <p class='ocr_par' dir='ltr' id='par_1_10' title="bbox 531 857 2144 947">
     <span class='ocr_line' id='line_1_10' title="bbox 531 857 2144 947; baseline -0.006 -21"><span class='ocrx_word' id='word_1_61' title='bbox 531 867 684 928; x_wconf 60' lang='grc' dir='ltr'>εἰῶ.»</span> <span class='ocrx_word' id='word_1_62' title='bbox 711 865 893 928; x_wconf 85' lang='lat' dir='ltr'>Vides</span> <span class='ocrx_word' id='word_1_63' title='bbox 924 863 1064 944; x_wconf 92' lang='lat' dir='ltr'>quid</span> <span class='ocrx_word' id='word_1_64' title='bbox 1093 860 1559 941; x_wconf 89' lang='lat' dir='ltr'>dicat,quoniam</span> <span class='ocrx_word' id='word_1_65' title='bbox 1591 877 1709 919; x_wconf 92' lang='lat' dir='ltr'>non</span> <span class='ocrx_word' id='word_1_66' title='bbox 1731 865 1964 943; x_wconf 70' lang='lat' dir='ltr'>oportet</span> <span class='ocrx_word' id='word_1_67' title='bbox 1984 857 2144 947; x_wconf 89' lang='lat' dir='ltr'>solun</span> 
     </span>
    </p>
   </div>
   <div class='ocr_carea' id='block_1_11' title="bbox 2229 856 3917 947">
    <p class='ocr_par' dir='ltr' id='par_1_11' title="bbox 2267 856 3917 947">
     <span class='ocr_line' id='line_1_11' title="bbox 2267 856 3917 947; baseline 0.001 -25"><span class='ocrx_word' id='word_1_68' title='bbox 2267 856 2418 944; x_wconf 54' lang='grc' dir='ltr'>εΟρᾷς</span> <span class='ocrx_word' id='word_1_69' title='bbox 2464 869 2512 923; x_wconf 91' lang='grc' dir='ltr'>τί</span> <span class='ocrx_word' id='word_1_70' title='bbox 2571 866 2738 945; x_wconf 83' lang='grc' dir='ltr'>λέγει,</span> <span class='ocrx_word' id='word_1_71' title='bbox 2794 863 2874 921; x_wconf 77' lang='grc' dir='ltr'>ὅτι</span> <span class='ocrx_word' id='word_1_72' title='bbox 2927 867 2987 922; x_wconf 74' lang='grc' dir='ltr'>οὗ</span> <span class='ocrx_word' id='word_1_73' title='bbox 3016 864 3099 922; x_wconf 78' lang='grc' dir='ltr'>δεῖ</span> <span class='ocrx_word' id='word_1_74' title='bbox 3129 867 3290 942; x_wconf 79' lang='grc' dir='ltr'>μόνον</span> <span class='ocrx_word' id='word_1_75' title='bbox 3321 869 3530 947; x_wconf 71' lang='grc' dir='ltr'>φεύγειν</span> <span class='ocrx_word' id='word_1_76' title='bbox 3561 871 3658 938; x_wconf 78' lang='grc' dir='ltr'>τὴν</span> <span class='ocrx_word' id='word_1_77' title='bbox 3704 872 3917 945; x_wconf 77' lang='grc' dir='ltr'>κακίαν,</span> 
     </span>
    </p>
   </div>
   <div class='ocr_carea' id='block_1_12' title="bbox 522 946 2144 1038">
    <p class='ocr_par' dir='ltr' id='par_1_12' title="bbox 522 946 2144 1038">
     <span class='ocr_line' id='line_1_12' title="bbox 522 946 2144 1038; baseline -0.005 -22"><span class='ocrx_word' id='word_1_78' title='bbox 522 955 727 1034; x_wconf 80' lang='lat' dir='ltr'>fugere</span> <span class='ocrx_word' id='word_1_79' title='bbox 760 955 1076 1028; x_wconf 80' lang='lat' dir='ltr'>malitiam,</span> <span class='ocrx_word' id='word_1_80' title='bbox 1106 951 1211 1014; x_wconf 92' lang='lat' dir='ltr'>sed</span> <span class='ocrx_word' id='word_1_81' title='bbox 1246 951 1423 1010; x_wconf 89' lang='lat' dir='ltr'>etiam</span> <span class='ocrx_word' id='word_1_82' title='bbox 1455 949 1710 1009; x_wconf 85' lang='lat' dir='ltr'>fructum</span> <span class='ocrx_word' id='word_1_83' title='bbox 1738 947 1971 1038; x_wconf 88' lang='lat' dir='ltr'>virtutis</span> <span class='ocrx_word' id='word_1_84' title='bbox 2012 946 2144 1008; x_wconf 86' lang='lat' dir='ltr'>face</span> 
     </span>
    </p>
   </div>
   <div class='ocr_carea' id='block_1_13' title="bbox 2229 946 3912 1038">
    <p class='ocr_par' dir='ltr' id='par_1_13' title="bbox 2256 946 3912 1038">
     <span class='ocr_line' id='line_1_13' title="bbox 2256 946 3912 1038; baseline 0.004 -30"><span class='ocrx_word' id='word_1_85' title='bbox 2256 952 2391 1010; x_wconf 77' lang='grc' dir='ltr'>ἀλλὰ</span> <span class='ocrx_word' id='word_1_86' title='bbox 2435 958 2524 1012; x_wconf 86' lang='grc' dir='ltr'>καὶ</span> <span class='ocrx_word' id='word_1_87' title='bbox 2555 955 2787 1033; x_wconf 81' lang='grc' dir='ltr'>καρποὺς</span> <span class='ocrx_word' id='word_1_88' title='bbox 2847 955 3040 1031; x_wconf 78' lang='grc' dir='ltr'>ἀρετῆς</span> <span class='ocrx_word' id='word_1_89' title='bbox 3108 946 3342 1018; x_wconf 41' lang='grc' dir='ltr'>ποιεῖνρ</span> <span class='ocrx_word' id='word_1_90' title='bbox 3379 989 3402 1018; x_wconf 76' lang='grc' dir='ltr'>ι</span> <span class='ocrx_word' id='word_1_91' title='bbox 3440 948 3738 1015; x_wconf 76' lang='grc' dir='ltr'>’Ἒκκλινον</span> <span class='ocrx_word' id='word_1_92' title='bbox 3792 961 3912 1038; x_wconf 75' lang='grc' dir='ltr'>γὰρ,</span> 
     </span>
    </p>
   </div>
   <div class='ocr_carea' id='block_1_14' title="bbox 521 1037 2144 1123">
    <p class='ocr_par' dir='ltr' id='par_1_14' title="bbox 521 1037 2144 1122">
     <span class='ocr_line' id='line_1_14' title="bbox 521 1037 2144 1122; baseline -0.006 -17"><span class='ocrx_word' id='word_1_93' title='bbox 521 1063 612 1109; x_wconf 88' lang='lat' dir='ltr'>re.</span> <span class='ocrx_word' id='word_1_94' title='bbox 645 1070 670 1100; x_wconf 78' lang='grc' dir='ltr'>α</span> <span class='ocrx_word' id='word_1_95' title='bbox 708 1044 952 1108; x_wconf 85' lang='lat' dir='ltr'>Declina</span> <span class='ocrx_word' id='word_1_96' title='bbox 982 1043 1163 1122; x_wconf 90' lang='lat' dir='ltr'>enim,</span> <span class='ocrx_word' id='word_1_97' title='bbox 1199 1040 1411 1121; x_wconf 87' lang='lat' dir='ltr'>inquit,</span> <span class='ocrx_word' id='word_1_98' title='bbox 1447 1058 1479 1100; x_wconf 91' lang='lat' dir='ltr'>a</span> <span class='ocrx_word' id='word_1_99' title='bbox 1501 1041 1655 1100; x_wconf 91' lang='lat' dir='ltr'>malo</span> <span class='ocrx_word' id='word_1_100' title='bbox 1685 1046 1741 1098; x_wconf 91' lang='lat' dir='ltr'>et</span> <span class='ocrx_word' id='word_1_101' title='bbox 1771 1038 1858 1098; x_wconf 88' lang='lat' dir='ltr'>l&#39;ac</span> <span class='ocrx_word' id='word_1_102' title='bbox 1883 1037 2144 1097; x_wconf 87' lang='lat' dir='ltr'>honum.:</span> 
     </span>
    </p>
   </div>
   <div class='ocr_carea' id='block_1_15' title="bbox 2229 1037 3509 1123">
    <p class='ocr_par' dir='ltr' id='par_1_15' title="bbox 2256 1045 3509 1123">
     <span class='ocr_line' id='line_1_15' title="bbox 2256 1045 3509 1123; baseline 0.001 -23"><span class='ocrx_word' id='word_1_103' title='bbox 2256 1045 2436 1122; x_wconf 69' lang='grc' dir='ltr'>φησὶν,</span> <span class='ocrx_word' id='word_1_104' title='bbox 2472 1046 2577 1101; x_wconf 81' lang='grc' dir='ltr'>ἀπὸ</span> <span class='ocrx_word' id='word_1_105' title='bbox 2620 1052 2806 1118; x_wconf 82' lang='grc' dir='ltr'>κακοῦ,</span> <span class='ocrx_word' id='word_1_106' title='bbox 2841 1045 2928 1100; x_wconf 86' lang='grc' dir='ltr'>καὶ</span> <span class='ocrx_word' id='word_1_107' title='bbox 2972 1045 3195 1111; x_wconf 91' lang='grc' dir='ltr'>ποίησον</span> <span class='ocrx_word' id='word_1_108' title='bbox 3223 1046 3441 1123; x_wconf 79' lang='grc' dir='ltr'>ἀγαθόν,</span> <span class='ocrx_word' id='word_1_109' title='bbox 3487 1071 3509 1101; x_wconf 77' lang='grc' dir='ltr'>ι</span> 
     </span>
    </p>
   </div>
   <div class='ocr_carea' id='block_1_16' title="bbox 600 1125 2144 1217">
    <p class='ocr_par' dir='ltr' id='par_1_16' title="bbox 600 1127 2144 1217">
     <span class='ocr_line' id='line_1_16' title="bbox 600 1127 2144 1217; baseline -0.008 -20"><span class='ocrx_word' id='word_1_110' title='bbox 600 1134 784 1197; x_wconf 74' lang='lat' dir='ltr'>Vens.</span> <span class='ocrx_word' id='word_1_111' title='bbox 820 1135 876 1194; x_wconf 88' lang='lat'>9.</span> <span class='ocrx_word' id='word_1_112' title='bbox 916 1157 938 1190; x_wconf 82' lang='grc' dir='ltr'>α</span> <span class='ocrx_word' id='word_1_113' title='bbox 963 1136 1029 1192; x_wconf 88' lang='lat' dir='ltr'>Et</span> <span class='ocrx_word' id='word_1_114' title='bbox 1059 1150 1135 1192; x_wconf 92' lang='lat' dir='ltr'>ne</span> <span class='ocrx_word' id='word_1_115' title='bbox 1158 1132 1283 1192; x_wconf 90' lang='lat' dir='ltr'>sitis</span> <span class='ocrx_word' id='word_1_116' title='bbox 1314 1130 1422 1190; x_wconf 89' lang='lat' dir='ltr'>hac</span> <span class='ocrx_word' id='word_1_117' title='bbox 1457 1138 1677 1202; x_wconf 82' lang='lat' dir='ltr'>mente,</span> <span class='ocrx_word' id='word_1_118' title='bbox 1697 1135 1758 1189; x_wconf 90' lang='lat' dir='ltr'>ut</span> <span class='ocrx_word' id='word_1_119' title='bbox 1788 1127 1997 1217; x_wconf 88' lang='lat' dir='ltr'>dicatis</span> <span class='ocrx_word' id='word_1_120' title='bbox 2017 1144 2144 1205; x_wconf 64' lang='lat' dir='ltr'>aput</span> 
     </span>
    </p>
   </div>
   <div class='ocr_carea' id='block_1_17' title="bbox 2229 1125 3918 1217">
    <p class='ocr_par' dir='ltr' id='par_1_17' title="bbox 2339 1132 3918 1217">
     <span class='ocr_line' id='line_1_17' title="bbox 2339 1132 3918 1217; baseline 0 -24"><span class='ocrx_word' id='word_1_121' title='bbox 2339 1152 2370 1193; x_wconf 86' lang='grc'><strong>(</strong></span> <span class='ocrx_word' id='word_1_122' title='bbox 2418 1135 2517 1191; x_wconf 80' lang='grc' dir='ltr'>Καὶ</span> <span class='ocrx_word' id='word_1_123' title='bbox 2549 1137 2626 1210; x_wconf 82' lang='grc' dir='ltr'>μὴ</span> <span class='ocrx_word' id='word_1_124' title='bbox 2667 1132 2851 1200; x_wconf 81' lang='grc' dir='ltr'>δόξητε</span> <span class='ocrx_word' id='word_1_125' title='bbox 2886 1133 3059 1210; x_wconf 86' lang='grc' dir='ltr'>λέγειν</span> <span class='ocrx_word' id='word_1_126' title='bbox 3105 1133 3159 1189; x_wconf 81' lang='grc' dir='ltr'>ἒν</span> <span class='ocrx_word' id='word_1_127' title='bbox 3213 1135 3444 1201; x_wconf 77' lang='grc' dir='ltr'>ἑαυτοῖς·</span> <span class='ocrx_word' id='word_1_128' title='bbox 3479 1138 3686 1217; x_wconf 82' lang='grc' dir='ltr'>Πατέρα</span> <span class='ocrx_word' id='word_1_129' title='bbox 3715 1136 3918 1216; x_wconf 72' lang='grc' dir='ltr'>ἔχομεν</span> 
     </span>
    </p>
   </div>
   <div class='ocr_carea' id='block_1_18' title="bbox 519 1215 2144 1304">
    <p class='ocr_par' dir='ltr' id='par_1_18' title="bbox 519 1215 2143 1304">
     <span class='ocr_line' id='line_1_18' title="bbox 519 1215 2143 1304; baseline -0.006 -20"><span class='ocrx_word' id='word_1_130' title='bbox 519 1223 1058 1304; x_wconf 88' lang='lat' dir='ltr'>vosipsos,Patrem</span> <span class='ocrx_word' id='word_1_131' title='bbox 1087 1219 1375 1281; x_wconf 85' lang='lat' dir='ltr'>habemus</span> <span class='ocrx_word' id='word_1_132' title='bbox 1401 1218 1724 1279; x_wconf 81' lang='lat' dir='ltr'>Abraham.</span> <span class='ocrx_word' id='word_1_133' title='bbox 1752 1245 1772 1275; x_wconf 74' lang='grc' dir='ltr'><strong>ι</strong></span> <span class='ocrx_word' id='word_1_134' title='bbox 1802 1215 1951 1277; x_wconf 88' lang='lat' dir='ltr'>Hinc</span> <span class='ocrx_word' id='word_1_135' title='bbox 1981 1217 2143 1295; x_wconf 88' lang='lat' dir='ltr'>perie</span> 
     </span>
    </p>
   </div>
   <div class='ocr_carea' id='block_1_19' title="bbox 2229 1215 3916 1304">
    <p class='ocr_par' dir='ltr' id='par_1_19' title="bbox 2253 1215 3916 1302">
     <span class='ocr_line' id='line_1_19' title="bbox 2253 1215 3916 1302; baseline 0.002 -24"><span class='ocrx_word' id='word_1_136' title='bbox 2253 1224 2344 1278; x_wconf 85' lang='grc' dir='ltr'>τὸν</span> <span class='ocrx_word' id='word_1_137' title='bbox 2404 1221 2670 1302; x_wconf 82' lang='grc' dir='ltr'>Ἀϐραάμ.</span> <span class='ocrx_word' id='word_1_138' title='bbox 2703 1245 2726 1276; x_wconf 80' lang='lat' dir='ltr'>n</span> <span class='ocrx_word' id='word_1_139' title='bbox 2784 1229 2947 1280; x_wconf 79' lang='grc' dir='ltr'>Τοῦτο</span> <span class='ocrx_word' id='word_1_140' title='bbox 2999 1223 3063 1290; x_wconf 77' lang='grc' dir='ltr'>ἦν</span> <span class='ocrx_word' id='word_1_141' title='bbox 3123 1225 3306 1287; x_wconf 72' lang='grc' dir='ltr'>αὐτοῖς</span> <span class='ocrx_word' id='word_1_142' title='bbox 3365 1229 3437 1289; x_wconf 77' lang='grc' dir='ltr'>εἱς</span> <span class='ocrx_word' id='word_1_143' title='bbox 3493 1215 3788 1302; x_wconf 80' lang='grc' dir='ltr'>ἀπώλειαν,</span> <span class='ocrx_word' id='word_1_144' title='bbox 3833 1227 3916 1282; x_wconf 80' lang='grc' dir='ltr'>ὅτι</span> 
     </span>
    </p>
   </div>
   <div class='ocr_carea' id='block_1_20' title="bbox 518 1306 2144 1395">
    <p class='ocr_par' dir='ltr' id='par_1_20' title="bbox 518 1306 2144 1395">
     <span class='ocr_line' id='line_1_20' title="bbox 518 1306 2144 1395; baseline -0.009 -20"><span class='ocrx_word' id='word_1_145' title='bbox 518 1321 680 1395; x_wconf 84' lang='lat' dir='ltr'>runt,</span> <span class='ocrx_word' id='word_1_146' title='bbox 711 1313 869 1394; x_wconf 90' lang='lat' dir='ltr'>quod</span> <span class='ocrx_word' id='word_1_147' title='bbox 902 1312 962 1372; x_wconf 91' lang='lat' dir='ltr'>in</span> <span class='ocrx_word' id='word_1_148' title='bbox 995 1309 1302 1372; x_wconf 89' lang='lat' dir='ltr'>nobilitate</span> <span class='ocrx_word' id='word_1_149' title='bbox 1352 1327 1454 1369; x_wconf 85' lang='lat' dir='ltr'>sua</span> <span class='ocrx_word' id='word_1_150' title='bbox 1514 1307 1918 1368; x_wconf 88' lang='lat' dir='ltr'>conﬁdebant.</span> <span class='ocrx_word' id='word_1_151' title='bbox 1962 1335 1981 1363; x_wconf 73' lang='grc' dir='ltr'>α</span> <span class='ocrx_word' id='word_1_152' title='bbox 2028 1306 2144 1395; x_wconf 57' lang='lat' dir='ltr'>Dici</span> 
     </span>
    </p>
   </div>
   <div class='ocr_carea' id='block_1_21' title="bbox 2229 1306 3914 1395">
    <p class='ocr_par' dir='ltr' id='par_1_21' title="bbox 2251 1310 3914 1392">
     <span class='ocr_line' id='line_1_21' title="bbox 2251 1310 3914 1392; baseline 0.003 -26"><span class='ocrx_word' id='word_1_153' title='bbox 2251 1311 2306 1366; x_wconf 79' lang='grc' dir='ltr'>ἐν</span> <span class='ocrx_word' id='word_1_154' title='bbox 2350 1311 2583 1390; x_wconf 74' lang='grc' dir='ltr'>εὐγενείᾳ</span> <span class='ocrx_word' id='word_1_155' title='bbox 2614 1310 2878 1390; x_wconf 76' lang='grc' dir='ltr'>ἐθάῤῥουν,</span> <span class='ocrx_word' id='word_1_156' title='bbox 2933 1336 2958 1366; x_wconf 76' lang='grc' dir='ltr'>α</span> <span class='ocrx_word' id='word_1_157' title='bbox 3021 1312 3174 1390; x_wconf 89' lang='grc' dir='ltr'>Λέγω</span> <span class='ocrx_word' id='word_1_158' title='bbox 3230 1315 3330 1392; x_wconf 76' lang='grc' dir='ltr'>γὰρ</span> <span class='ocrx_word' id='word_1_159' title='bbox 3378 1316 3505 1390; x_wconf 76' lang='grc' dir='ltr'>ὗμϊν</span> <span class='ocrx_word' id='word_1_160' title='bbox 3564 1315 3644 1372; x_wconf 83' lang='grc' dir='ltr'>ὅτι</span> <span class='ocrx_word' id='word_1_161' title='bbox 3702 1314 3914 1372; x_wconf 85' lang='grc' dir='ltr'>δύναται</span> 
     </span>
    </p>
   </div>
   <div class='ocr_carea' id='block_1_22' title="bbox 519 1394 2144 1485">
    <p class='ocr_par' dir='ltr' id='par_1_22' title="bbox 519 1394 2144 1485">
     <span class='ocr_line' id='line_1_22' title="bbox 519 1394 2144 1485; baseline -0.007 -21"><span class='ocrx_word' id='word_1_162' title='bbox 519 1394 681 1464; x_wconf 87' lang='lat' dir='ltr'>enim</span> <span class='ocrx_word' id='word_1_163' title='bbox 711 1403 900 1477; x_wconf 83' lang='lat' dir='ltr'>vobis,</span> <span class='ocrx_word' id='word_1_164' title='bbox 938 1401 1094 1481; x_wconf 92' lang='lat' dir='ltr'>quod</span> <span class='ocrx_word' id='word_1_165' title='bbox 1120 1407 1312 1479; x_wconf 87' lang='lat' dir='ltr'>potest</span> <span class='ocrx_word' id='word_1_166' title='bbox 1341 1398 1498 1458; x_wconf 89' lang='lat' dir='ltr'>Deus</span> <span class='ocrx_word' id='word_1_167' title='bbox 1532 1397 1704 1457; x_wconf 86' lang='lat' dir='ltr'>etiam</span> <span class='ocrx_word' id='word_1_168' title='bbox 1733 1414 1804 1456; x_wconf 87' lang='lat' dir='ltr'>ex</span> <span class='ocrx_word' id='word_1_169' title='bbox 1825 1396 1917 1455; x_wconf 92' lang='lat' dir='ltr'>his</span> <span class='ocrx_word' id='word_1_170' title='bbox 1947 1394 2144 1485; x_wconf 76' lang='lat' dir='ltr'>lapidi</span> 
     </span>
    </p>
   </div>
   <div class='ocr_carea' id='block_1_23' title="bbox 2229 1394 3918 1485">
    <p class='ocr_par' dir='ltr' id='par_1_23' title="bbox 2251 1400 3918 1485">
     <span class='ocr_line' id='line_1_23' title="bbox 2251 1400 3918 1485; baseline 0.004 -29"><span class='ocrx_word' id='word_1_171' title='bbox 2251 1403 2279 1456; x_wconf 98' lang='lat'>6</span> <span class='ocrx_word' id='word_1_172' title='bbox 2342 1404 2471 1465; x_wconf 80' lang='grc' dir='ltr'>Θεὸς</span> <span class='ocrx_word' id='word_1_173' title='bbox 2531 1403 2618 1458; x_wconf 90' lang='grc' dir='ltr'>καὶ</span> <span class='ocrx_word' id='word_1_174' title='bbox 2676 1401 2734 1456; x_wconf 80' lang='grc' dir='ltr'>ἐκ</span> <span class='ocrx_word' id='word_1_175' title='bbox 2793 1407 2897 1456; x_wconf 82' lang='grc' dir='ltr'>τῶν</span> <span class='ocrx_word' id='word_1_176' title='bbox 2941 1400 3095 1458; x_wconf 88' lang='grc' dir='ltr'>λίθων</span> <span class='ocrx_word' id='word_1_177' title='bbox 3146 1404 3344 1459; x_wconf 92' lang='grc' dir='ltr'>τούτων</span> <span class='ocrx_word' id='word_1_178' title='bbox 3403 1404 3605 1485; x_wconf 80' lang='grc' dir='ltr'>ἐγεῖραι</span> <span class='ocrx_word' id='word_1_179' title='bbox 3649 1406 3810 1461; x_wconf 87' lang='grc' dir='ltr'>τέκνα</span> <span class='ocrx_word' id='word_1_180' title='bbox 3838 1413 3918 1480; x_wconf 81' lang='grc' dir='ltr'>τῷ</span> 
     </span>
    </p>
   </div>
   <div class='ocr_carea' id='block_1_24' title="bbox 519 1483 2144 1569">
    <p class='ocr_par' dir='ltr' id='par_1_24' title="bbox 519 1483 2144 1564">
     <span class='ocr_line' id='line_1_24' title="bbox 519 1483 2144 1564; baseline -0.007 -10"><span class='ocrx_word' id='word_1_181' title='bbox 519 1491 632 1555; x_wconf 89' lang='lat' dir='ltr'>bus</span> <span class='ocrx_word' id='word_1_182' title='bbox 662 1492 953 1554; x_wconf 85' lang='lat' dir='ltr'>suscitare</span> <span class='ocrx_word' id='word_1_183' title='bbox 983 1490 1135 1550; x_wconf 91' lang='lat' dir='ltr'>ﬁlios</span> <span class='ocrx_word' id='word_1_184' title='bbox 1163 1487 1439 1550; x_wconf 76' lang='lat' dir='ltr'>Abrahae.</span> <span class='ocrx_word' id='word_1_185' title='bbox 1481 1519 1502 1545; x_wconf 72' lang='grc' dir='ltr'><strong><em>ι</em></strong></span> <span class='ocrx_word' id='word_1_186' title='bbox 1540 1489 1652 1547; x_wconf 85' lang='lat' dir='ltr'>Per</span> <span class='ocrx_word' id='word_1_187' title='bbox 1683 1485 1908 1564; x_wconf 88' lang='lat' dir='ltr'>lapides</span> <span class='ocrx_word' id='word_1_188' title='bbox 1939 1483 2144 1545; x_wconf 91' lang='lat' dir='ltr'>intelli-</span> 
     </span>
    </p>
   </div>
   <div class='ocr_carea' id='block_1_25' title="bbox 2229 1483 3916 1569">
    <p class='ocr_par' dir='ltr' id='par_1_25' title="bbox 2253 1483 3916 1569">
     <span class='ocr_line' id='line_1_25' title="bbox 2253 1483 3916 1569; baseline 0.002 -23"><span class='ocrx_word' id='word_1_189' title='bbox 2253 1488 2520 1567; x_wconf 78' lang='grc' dir='ltr'>Ἀϐραάμ.</span> <span class='ocrx_word' id='word_1_190' title='bbox 2555 1515 2582 1546; x_wconf 68' lang='lat' dir='ltr'>n</span> <span class='ocrx_word' id='word_1_191' title='bbox 2648 1490 2814 1565; x_wconf 86' lang='grc' dir='ltr'>Λίθοι,</span> <span class='ocrx_word' id='word_1_192' title='bbox 2873 1498 3109 1547; x_wconf 76' lang='grc' dir='ltr'>νοοῦνται</span> <span class='ocrx_word' id='word_1_193' title='bbox 3171 1492 3268 1566; x_wconf 80' lang='grc' dir='ltr'>μὲν</span> <span class='ocrx_word' id='word_1_194' title='bbox 3333 1494 3418 1550; x_wconf 86' lang='grc' dir='ltr'>καὶ</span> <span class='ocrx_word' id='word_1_195' title='bbox 3463 1483 3531 1549; x_wconf 68' lang='grc' dir='ltr'>τὰ</span> <span class='ocrx_word' id='word_1_196' title='bbox 3573 1494 3717 1569; x_wconf 77' lang='grc' dir='ltr'>ἔθνη,</span> <span class='ocrx_word' id='word_1_197' title='bbox 3756 1493 3807 1560; x_wconf 80' lang='grc' dir='ltr'>ἐξ</span> <span class='ocrx_word' id='word_1_198' title='bbox 3839 1497 3916 1550; x_wconf 81' lang='grc' dir='ltr'>ὧν</span> 
     </span>
    </p>
   </div>
   <div class='ocr_carea' id='block_1_26' title="bbox 518 1575 2144 1665">
    <p class='ocr_par' dir='ltr' id='par_1_26' title="bbox 518 1575 2142 1665">
     <span class='ocr_line' id='line_1_26' title="bbox 518 1575 2142 1665; baseline -0.007 -19"><span class='ocrx_word' id='word_1_199' title='bbox 518 1593 742 1665; x_wconf 90' lang='lat' dir='ltr'>guntur</span> <span class='ocrx_word' id='word_1_200' title='bbox 791 1584 966 1646; x_wconf 90' lang='lat' dir='ltr'>etiam</span> <span class='ocrx_word' id='word_1_201' title='bbox 998 1591 1225 1661; x_wconf 84' lang='lat' dir='ltr'>gentes,</span> <span class='ocrx_word' id='word_1_202' title='bbox 1259 1599 1292 1642; x_wconf 82' lang='grc' dir='ltr'>θ</span> <span class='ocrx_word' id='word_1_203' title='bbox 1316 1578 1533 1660; x_wconf 91' lang='lat' dir='ltr'>quibus</span> <span class='ocrx_word' id='word_1_204' title='bbox 1566 1577 1731 1638; x_wconf 88' lang='lat' dir='ltr'>multi</span> <span class='ocrx_word' id='word_1_205' title='bbox 1755 1575 2142 1638; x_wconf 90' lang='lat' dir='ltr'>crediderunt</span> 
     </span>
    </p>
   </div>
   <div class='ocr_carea' id='block_1_27' title="bbox 2229 1575 3916 1665">
    <p class='ocr_par' dir='ltr' id='par_1_27' title="bbox 2250 1577 3916 1649">
     <span class='ocr_line' id='line_1_27' title="bbox 2250 1577 3916 1649; baseline 0.002 -14"><span class='ocrx_word' id='word_1_206' title='bbox 2250 1577 2437 1636; x_wconf 85' lang='grc' dir='ltr'>πολλοὶ</span> <span class='ocrx_word' id='word_1_207' title='bbox 2490 1581 2826 1636; x_wconf 73' lang='grc' dir='ltr'>ἒπίστευσαν.</span> <span class='ocrx_word' id='word_1_208' title='bbox 2912 1578 3059 1649; x_wconf 77' lang='grc' dir='ltr'>Πλὴν</span> <span class='ocrx_word' id='word_1_209' title='bbox 3141 1580 3275 1637; x_wconf 75' lang='grc' dir='ltr'>ἀλλὰ</span> <span class='ocrx_word' id='word_1_210' title='bbox 3331 1585 3419 1639; x_wconf 86' lang='grc' dir='ltr'>καὶ</span> <span class='ocrx_word' id='word_1_211' title='bbox 3504 1583 3670 1647; x_wconf 72' lang='grc' dir='ltr'>οὕτως</span> <span class='ocrx_word' id='word_1_212' title='bbox 3726 1582 3916 1646; x_wconf 83' lang='grc' dir='ltr'>ἆπλῶς</span> 
     </span>
    </p>
   </div>
   <div class='ocr_carea' id='block_1_28' title="bbox 516 1665 2144 1755">
    <p class='ocr_par' dir='ltr' id='par_1_28' title="bbox 516 1665 2144 1755">
     <span class='ocr_line' id='line_1_28' title="bbox 516 1665 2144 1755; baseline -0.007 -16"><span class='ocrx_word' id='word_1_213' title='bbox 516 1675 882 1755; x_wconf 89' lang='lat' dir='ltr'>Simpliciter</span> <span class='ocrx_word' id='word_1_214' title='bbox 929 1683 1127 1734; x_wconf 89' lang='lat' dir='ltr'>tamen</span> <span class='ocrx_word' id='word_1_215' title='bbox 1182 1670 1416 1732; x_wconf 90' lang='lat' dir='ltr'>dicebat</span> <span class='ocrx_word' id='word_1_216' title='bbox 1472 1667 1754 1746; x_wconf 83' lang='lat' dir='ltr'>Joannes,</span> <span class='ocrx_word' id='word_1_217' title='bbox 1790 1666 1948 1755; x_wconf 89' lang='lat' dir='ltr'>quod</span> <span class='ocrx_word' id='word_1_218' title='bbox 1990 1665 2144 1728; x_wconf 87' lang='lat' dir='ltr'>etian</span> 
     </span>
    </p>
   </div>
   <div class='ocr_carea' id='block_1_29' title="bbox 2229 1665 3914 1755">
    <p class='ocr_par' dir='ltr' id='par_1_29' title="bbox 2249 1665 3914 1748">
     <span class='ocr_line' id='line_1_29' title="bbox 2249 1665 3914 1748; baseline 0.003 -24"><span class='ocrx_word' id='word_1_219' title='bbox 2249 1675 2404 1724; x_wconf 79' lang='grc' dir='ltr'>τοῦτο</span> <span class='ocrx_word' id='word_1_220' title='bbox 2469 1668 2612 1748; x_wconf 83' lang='grc' dir='ltr'>λέγει</span> <span class='ocrx_word' id='word_1_221' title='bbox 2673 1671 2700 1724; x_wconf 87' lang='lat'>6</span> <span class='ocrx_word' id='word_1_222' title='bbox 2763 1665 3035 1743; x_wconf 79' lang='grc' dir='ltr'>Ἰωάννης,</span> <span class='ocrx_word' id='word_1_223' title='bbox 3085 1668 3164 1726; x_wconf 80' lang='grc' dir='ltr'>ὅτι</span> <span class='ocrx_word' id='word_1_224' title='bbox 3210 1673 3297 1727; x_wconf 83' lang='grc' dir='ltr'>καὶ</span> <span class='ocrx_word' id='word_1_225' title='bbox 3342 1673 3448 1727; x_wconf 78' lang='grc' dir='ltr'>ἀπὸ</span> <span class='ocrx_word' id='word_1_226' title='bbox 3491 1671 3647 1728; x_wconf 83' lang='grc' dir='ltr'>λίθων</span> <span class='ocrx_word' id='word_1_227' title='bbox 3699 1671 3914 1735; x_wconf 81' lang='grc' dir='ltr'>δύναται</span> 
     </span>
    </p>
   </div>
   <div class='ocr_carea' id='block_1_30' title="bbox 517 1754 2144 1845">
    <p class='ocr_par' dir='ltr' id='par_1_30' title="bbox 517 1754 2141 1845">
     <span class='ocr_line' id='line_1_30' title="bbox 517 1754 2141 1845; baseline -0.007 -19"><span class='ocrx_word' id='word_1_228' title='bbox 517 1783 588 1826; x_wconf 84' lang='lat' dir='ltr'>ex</span> <span class='ocrx_word' id='word_1_229' title='bbox 617 1754 911 1845; x_wconf 82' lang='lat' dir='ltr'>lapidibus</span> <span class='ocrx_word' id='word_1_230' title='bbox 962 1760 1149 1842; x_wconf 91' lang='lat' dir='ltr'>possit</span> <span class='ocrx_word' id='word_1_231' title='bbox 1201 1759 1356 1820; x_wconf 90' lang='lat' dir='ltr'>Deus</span> <span class='ocrx_word' id='word_1_232' title='bbox 1413 1758 1614 1819; x_wconf 84' lang='lat' dir='ltr'>facere</span> <span class='ocrx_word' id='word_1_233' title='bbox 1675 1757 1825 1817; x_wconf 88' lang='lat' dir='ltr'>ﬁlios</span> <span class='ocrx_word' id='word_1_234' title='bbox 1883 1754 2141 1817; x_wconf 83' lang='lat' dir='ltr'>Abrahae</span> 
     </span>
    </p>
   </div>
   <div class='ocr_carea' id='block_1_31' title="bbox 2229 1754 3918 1845">
    <p class='ocr_par' dir='ltr' id='par_1_31' title="bbox 2249 1756 3918 1839">
     <span class='ocr_line' id='line_1_31' title="bbox 2249 1756 3918 1839; baseline 0.002 -25"><span class='ocrx_word' id='word_1_235' title='bbox 2249 1758 2408 1815; x_wconf 89' lang='grc' dir='ltr'>τέκνα</span> <span class='ocrx_word' id='word_1_236' title='bbox 2483 1760 2704 1828; x_wconf 69' lang='grc' dir='ltr'>ποιήσαι</span> <span class='ocrx_word' id='word_1_237' title='bbox 2769 1765 2846 1833; x_wconf 83' lang='grc' dir='ltr'>τῷ</span> <span class='ocrx_word' id='word_1_238' title='bbox 2904 1756 3170 1838; x_wconf 80' lang='grc' dir='ltr'>Ἀϐραάμ.</span> <span class='ocrx_word' id='word_1_239' title='bbox 3234 1761 3332 1818; x_wconf 81' lang='grc' dir='ltr'>Καὶ</span> <span class='ocrx_word' id='word_1_240' title='bbox 3377 1762 3476 1839; x_wconf 74' lang='grc' dir='ltr'>γὰρ</span> <span class='ocrx_word' id='word_1_241' title='bbox 3526 1760 3666 1826; x_wconf 84' lang='grc' dir='ltr'>λίθος</span> <span class='ocrx_word' id='word_1_242' title='bbox 3699 1763 3763 1830; x_wconf 82' lang='grc' dir='ltr'>ἧν</span> <span class='ocrx_word' id='word_1_243' title='bbox 3823 1763 3918 1818; x_wconf 85' lang='grc' dir='ltr'>καὶ</span> 
     </span>
    </p>
   </div>
   <div class='ocr_carea' id='block_1_32' title="bbox 513 1845 2144 1930">
    <p class='ocr_par' dir='ltr' id='par_1_32' title="bbox 513 1845 2136 1927">
     <span class='ocr_line' id='line_1_32' title="bbox 513 1845 2136 1927; baseline -0.007 -11"><span class='ocrx_word' id='word_1_244' title='bbox 513 1857 653 1918; x_wconf 86' lang='lat' dir='ltr'>Erat</span> <span class='ocrx_word' id='word_1_245' title='bbox 677 1854 836 1915; x_wconf 90' lang='lat' dir='ltr'>enim</span> <span class='ocrx_word' id='word_1_246' title='bbox 860 1864 919 1914; x_wconf 88' lang='lat' dir='ltr'>et</span> <span class='ocrx_word' id='word_1_247' title='bbox 934 1851 1102 1913; x_wconf 84' lang='lat' dir='ltr'>vulva</span> <span class='ocrx_word' id='word_1_248' title='bbox 1120 1853 1278 1914; x_wconf 62' lang='lat' dir='ltr'>Sara</span> <span class='ocrx_word' id='word_1_249' title='bbox 1301 1848 1470 1927; x_wconf 90' lang='lat' dir='ltr'>lapis,</span> <span class='ocrx_word' id='word_1_250' title='bbox 1503 1857 1745 1926; x_wconf 83' lang='lat' dir='ltr'>propter</span> <span class='ocrx_word' id='word_1_251' title='bbox 1766 1845 2136 1906; x_wconf 87' lang='lat' dir='ltr'>sterilitatem</span> 
     </span>
    </p>
   </div>
   <div class='ocr_carea' id='block_1_33' title="bbox 2229 1845 3915 1930">
    <p class='ocr_par' dir='ltr' id='par_1_33' title="bbox 2251 1846 3915 1930">
     <span class='ocr_line' id='line_1_33' title="bbox 2251 1846 3915 1930; baseline 0.004 -27"><span class='ocrx_word' id='word_1_252' title='bbox 2251 1849 2283 1914; x_wconf 80' lang='grc' dir='ltr'>ἡ</span> <span class='ocrx_word' id='word_1_253' title='bbox 2328 1849 2505 1927; x_wconf 79' lang='grc' dir='ltr'>μήτρα</span> <span class='ocrx_word' id='word_1_254' title='bbox 2560 1848 2655 1916; x_wconf 73' lang='grc' dir='ltr'>τῆς</span> <span class='ocrx_word' id='word_1_255' title='bbox 2703 1847 2928 1926; x_wconf 77' lang='grc' dir='ltr'>Σάῤῥας,</span> <span class='ocrx_word' id='word_1_256' title='bbox 2965 1846 3054 1904; x_wconf 81' lang='grc' dir='ltr'>διὰ</span> <span class='ocrx_word' id='word_1_257' title='bbox 3083 1849 3178 1916; x_wconf 79' lang='grc' dir='ltr'>τὴν</span> <span class='ocrx_word' id='word_1_258' title='bbox 3211 1849 3508 1930; x_wconf 88' lang='grc' dir='ltr'>στείρωσιν,</span> <span class='ocrx_word' id='word_1_259' title='bbox 3563 1849 3682 1908; x_wconf 78' lang='grc' dir='ltr'>ἀλλ’</span> <span class='ocrx_word' id='word_1_260' title='bbox 3733 1851 3915 1909; x_wconf 77' lang='grc' dir='ltr'>ἔτεκεν</span> 
     </span>
    </p>
   </div>
   <div class='ocr_carea' id='block_1_34' title="bbox 513 1933 2144 2021">
    <p class='ocr_par' dir='ltr' id='par_1_34' title="bbox 513 1934 2144 2021">
     <span class='ocr_line' id='line_1_34' title="bbox 513 1934 2144 2021; baseline -0.007 -17"><span class='ocrx_word' id='word_1_261' title='bbox 513 1951 575 2005; x_wconf 89' lang='lat' dir='ltr'>et</span> <span class='ocrx_word' id='word_1_262' title='bbox 594 1942 987 2004; x_wconf 89' lang='lat' dir='ltr'>nihilominus</span> <span class='ocrx_word' id='word_1_263' title='bbox 1018 1939 1271 2021; x_wconf 89' lang='lat' dir='ltr'>peperit.</span> <span class='ocrx_word' id='word_1_264' title='bbox 1288 1937 1584 2000; x_wconf 83' lang='lat' dir='ltr'>Excitavit</span> <span class='ocrx_word' id='word_1_265' title='bbox 1613 1944 1810 1997; x_wconf 89' lang='lat' dir='ltr'>autem</span> <span class='ocrx_word' id='word_1_266' title='bbox 1835 1937 1993 1997; x_wconf 89' lang='lat' dir='ltr'>Deus</span> <span class='ocrx_word' id='word_1_267' title='bbox 2015 1934 2144 1995; x_wconf 88' lang='lat' dir='ltr'>ﬁlio:</span> 
     </span>
    </p>
   </div>
   <div class='ocr_carea' id='block_1_35' title="bbox 2229 1933 3913 2021">
    <p class='ocr_par' dir='ltr' id='par_1_35' title="bbox 2249 1933 3913 2020">
     <span class='ocr_line' id='line_1_35' title="bbox 2249 1933 3913 2020; baseline 0.004 -28"><span class='ocrx_word' id='word_1_268' title='bbox 2249 1935 2398 2012; x_wconf 73' lang='grc' dir='ltr'>ὅμως</span> <span class='ocrx_word' id='word_1_269' title='bbox 2436 1953 2450 1967; x_wconf 82' lang='grc'><strong>⁸</strong></span> <span class='ocrx_word' id='word_1_270' title='bbox 2527 1937 2707 2017; x_wconf 74' lang='grc' dir='ltr'>ἤγειρε</span> <span class='ocrx_word' id='word_1_271' title='bbox 2748 1933 2802 1991; x_wconf 79' lang='grc' dir='ltr'>δὲ</span> <span class='ocrx_word' id='word_1_272' title='bbox 2859 1938 2946 1993; x_wconf 91' lang='grc' dir='ltr'>καὶ</span> <span class='ocrx_word' id='word_1_273' title='bbox 3017 1937 3174 1994; x_wconf 88' lang='grc' dir='ltr'>τέκνα</span> <span class='ocrx_word' id='word_1_274' title='bbox 3223 1945 3300 2013; x_wconf 84' lang='grc' dir='ltr'>τῷ</span> <span class='ocrx_word' id='word_1_275' title='bbox 3361 1938 3600 2020; x_wconf 79' lang='grc' dir='ltr'>Ἀϐραάμ</span> <span class='ocrx_word' id='word_1_276' title='bbox 3630 1940 3658 1996; x_wconf 85' lang='lat'>6</span> <span class='ocrx_word' id='word_1_277' title='bbox 3716 1942 3913 2020; x_wconf 77' lang='grc' dir='ltr'>Κύριος</span> 
     </span>
    </p>
   </div>
   <div class='ocr_carea' id='block_1_36' title="bbox 506 2025 2144 2109">
    <p class='ocr_par' dir='ltr' id='par_1_36' title="bbox 506 2025 2136 2109">
     <span class='ocr_line' id='line_1_36' title="bbox 506 2025 2136 2109; baseline -0.007 -15"><span class='ocrx_word' id='word_1_278' title='bbox 506 2031 765 2096; x_wconf 61' lang='grc' dir='ltr'>Αῢτδιιω</span> <span class='ocrx_word' id='word_1_279' title='bbox 794 2051 865 2093; x_wconf 81' lang='lat' dir='ltr'>ex</span> <span class='ocrx_word' id='word_1_280' title='bbox 895 2030 1227 2109; x_wconf 89' lang='lat' dir='ltr'>lapidibus:</span> <span class='ocrx_word' id='word_1_281' title='bbox 1255 2027 1566 2109; x_wconf 88' lang='lat' dir='ltr'>ecquando</span> <span class='ocrx_word' id='word_1_282' title='bbox 1602 2025 1776 2087; x_wconf 78' lang='lat' dir='ltr'>vero?</span> <span class='ocrx_word' id='word_1_283' title='bbox 1805 2043 1937 2085; x_wconf 92' lang='lat' dir='ltr'>cum</span> <span class='ocrx_word' id='word_1_284' title='bbox 1971 2025 2136 2084; x_wconf 87' lang='lat' dir='ltr'>multi</span> 
     </span>
    </p>
   </div>
   <div class='ocr_carea' id='block_1_37' title="bbox 2229 2025 3910 2109">
    <p class='ocr_par' dir='ltr' id='par_1_37' title="bbox 2248 2026 3910 2108">
     <span class='ocr_line' id='line_1_37' title="bbox 2248 2026 3910 2108; baseline 0.004 -24"><span class='ocrx_word' id='word_1_285' title='bbox 2248 2028 2353 2085; x_wconf 77' lang='grc' dir='ltr'>ἀπὸ</span> <span class='ocrx_word' id='word_1_286' title='bbox 2411 2035 2515 2083; x_wconf 85' lang='grc' dir='ltr'>τῶν</span> <span class='ocrx_word' id='word_1_287' title='bbox 2573 2027 2729 2084; x_wconf 86' lang='grc' dir='ltr'>λίθων</span> <span class='ocrx_word' id='word_1_288' title='bbox 2767 2045 2782 2063; x_wconf 78' lang='grc' dir='ltr'><strong><em>ο</em></strong></span> <span class='ocrx_word' id='word_1_289' title='bbox 2858 2026 3034 2101; x_wconf 84' lang='grc' dir='ltr'>πότε;</span> <span class='ocrx_word' id='word_1_290' title='bbox 3113 2027 3200 2083; x_wconf 78' lang='grc' dir='ltr'>ὅτε</span> <span class='ocrx_word' id='word_1_291' title='bbox 3264 2031 3656 2108; x_wconf 82' lang='grc' dir='ltr'>σταυρουμένου</span> <span class='ocrx_word' id='word_1_292' title='bbox 3725 2035 3910 2107; x_wconf 72' lang='grc' dir='ltr'>αὐτοῦ,</span> 
     </span>
    </p>
   </div>
   <div class='ocr_carea' id='block_1_38' title="bbox 507 2114 2144 2198">
    <p class='ocr_par' dir='ltr' id='par_1_38' title="bbox 507 2114 2136 2198">
     <span class='ocr_line' id='line_1_38' title="bbox 507 2114 2136 2198; baseline -0.004 -16"><span class='ocrx_word' id='word_1_293' title='bbox 507 2123 776 2186; x_wconf 78' lang='lat' dir='ltr'>videntes</span> <span class='ocrx_word' id='word_1_294' title='bbox 809 2121 1159 2184; x_wconf 84' lang='lat' dir='ltr'>cruciﬁxum</span> <span class='ocrx_word' id='word_1_295' title='bbox 1194 2126 1251 2180; x_wconf 93' lang='lat' dir='ltr'>et</span> <span class='ocrx_word' id='word_1_296' title='bbox 1275 2126 1479 2198; x_wconf 90' lang='lat' dir='ltr'>ruptas</span> <span class='ocrx_word' id='word_1_297' title='bbox 1507 2123 1724 2197; x_wconf 89' lang='lat' dir='ltr'>petras,</span> <span class='ocrx_word' id='word_1_298' title='bbox 1747 2114 2136 2176; x_wconf 89' lang='lat' dir='ltr'>crediderunt</span> 
     </span>
    </p>
   </div>
   <div class='ocr_carea' id='block_1_39' title="bbox 2229 2114 3656 2198">
    <p class='ocr_par' dir='ltr' id='par_1_39' title="bbox 2245 2115 3656 2198">
     <span class='ocr_line' id='line_1_39' title="bbox 2245 2115 3656 2198; baseline 0.001 -26"><span class='ocrx_word' id='word_1_299' title='bbox 2245 2115 2440 2198; x_wconf 79' lang='grc' dir='ltr'>ἰδόντες</span> <span class='ocrx_word' id='word_1_300' title='bbox 2467 2115 2658 2174; x_wconf 85' lang='grc' dir='ltr'>πολλοὶ</span> <span class='ocrx_word' id='word_1_301' title='bbox 2688 2118 2783 2181; x_wconf 83' lang='grc' dir='ltr'>τὰς</span> <span class='ocrx_word' id='word_1_302' title='bbox 2816 2115 3011 2194; x_wconf 80' lang='grc' dir='ltr'>πέτρας</span> <span class='ocrx_word' id='word_1_303' title='bbox 3042 2117 3309 2194; x_wconf 81' lang='grc' dir='ltr'>ῥαγείσας,</span> <span class='ocrx_word' id='word_1_304' title='bbox 3345 2117 3656 2176; x_wconf 71' lang='grc' dir='ltr'>ἐπίστευσαν</span> 
     </span>
    </p>
   </div>
   <div class='ocr_carea' id='block_1_40' title="bbox 592 2197 2144 2289">
    <p class='ocr_par' dir='ltr' id='par_1_40' title="bbox 592 2197 2141 2276">
     <span class='ocr_line' id='line_1_40' title="bbox 592 2197 2141 2276; baseline -0.006 -3"><span class='ocrx_word' id='word_1_305' title='bbox 592 2209 777 2276; x_wconf 70' lang='lat' dir='ltr'>Vens.</span> <span class='ocrx_word' id='word_1_306' title='bbox 811 2213 908 2273; x_wconf 88' lang='grc'>10.</span> <span class='ocrx_word' id='word_1_307' title='bbox 953 2209 1125 2271; x_wconf 63' lang='lat' dir='ltr'>uJam</span> <span class='ocrx_word' id='word_1_308' title='bbox 1159 2225 1299 2270; x_wconf 89' lang='lat' dir='ltr'>vero</span> <span class='ocrx_word' id='word_1_309' title='bbox 1319 2197 1376 2267; x_wconf 82' lang='lat' dir='ltr'>et</span> <span class='ocrx_word' id='word_1_310' title='bbox 1400 2207 1626 2266; x_wconf 91' lang='lat' dir='ltr'>securis</span> <span class='ocrx_word' id='word_1_311' title='bbox 1661 2204 1734 2265; x_wconf 89' lang='lat' dir='ltr'>ad</span> <span class='ocrx_word' id='word_1_312' title='bbox 1768 2203 2028 2264; x_wconf 89' lang='lat' dir='ltr'>radicem</span> <span class='ocrx_word' id='word_1_313' title='bbox 2062 2222 2141 2264; x_wconf 90' lang='lat' dir='ltr'>ar-</span> 
     </span>
    </p>
   </div>
   <div class='ocr_carea' id='block_1_41' title="bbox 2229 2197 3908 2289">
    <p class='ocr_par' dir='ltr' id='par_1_41' title="bbox 2334 2197 3908 2289">
     <span class='ocr_line' id='line_1_41' title="bbox 2334 2197 3908 2289; baseline 0.002 -26"><span class='ocrx_word' id='word_1_314' title='bbox 2334 2228 2357 2263; x_wconf 77' lang='grc' dir='ltr'>ε</span> <span class='ocrx_word' id='word_1_315' title='bbox 2397 2197 2547 2273; x_wconf 70' lang='grc' dir='ltr'>’Ἤδη</span> <span class='ocrx_word' id='word_1_316' title='bbox 2579 2206 2632 2262; x_wconf 77' lang='grc' dir='ltr'>δὲ</span> <span class='ocrx_word' id='word_1_317' title='bbox 2664 2207 2751 2262; x_wconf 86' lang='grc' dir='ltr'>καὶ</span> <span class='ocrx_word' id='word_1_318' title='bbox 2803 2207 2836 2272; x_wconf 77' lang='grc' dir='ltr'>ἡ</span> <span class='ocrx_word' id='word_1_319' title='bbox 2883 2204 3032 2271; x_wconf 78' lang='grc' dir='ltr'>ἀξίνη</span> <span class='ocrx_word' id='word_1_320' title='bbox 3063 2208 3194 2284; x_wconf 81' lang='grc' dir='ltr'>πρὸς</span> <span class='ocrx_word' id='word_1_321' title='bbox 3237 2207 3334 2274; x_wconf 81' lang='grc' dir='ltr'>τὴν</span> <span class='ocrx_word' id='word_1_322' title='bbox 3363 2207 3504 2285; x_wconf 79' lang='grc' dir='ltr'>ῥίζαν</span> <span class='ocrx_word' id='word_1_323' title='bbox 3548 2214 3652 2264; x_wconf 82' lang='grc' dir='ltr'>τῶν</span> <span class='ocrx_word' id='word_1_324' title='bbox 3682 2206 3908 2289; x_wconf 82' lang='grc' dir='ltr'>δένδρων</span> 
     </span>
    </p>
   </div>
   <div class='ocr_carea' id='block_1_42' title="bbox 507 2291 2144 2380">
    <p class='ocr_par' dir='ltr' id='par_1_42' title="bbox 507 2291 2144 2380">
     <span class='ocr_line' id='line_1_42' title="bbox 507 2291 2144 2380; baseline -0.006 -18"><span class='ocrx_word' id='word_1_325' title='bbox 507 2302 716 2362; x_wconf 90' lang='lat' dir='ltr'>borum</span> <span class='ocrx_word' id='word_1_326' title='bbox 742 2299 931 2380; x_wconf 90' lang='lat' dir='ltr'>posila</span> <span class='ocrx_word' id='word_1_327' title='bbox 964 2307 1112 2360; x_wconf 65' lang='lat' dir='ltr'>est.»</span> <span class='ocrx_word' id='word_1_328' title='bbox 1149 2295 1418 2358; x_wconf 90' lang='lat' dir='ltr'>Securim</span> <span class='ocrx_word' id='word_1_329' title='bbox 1449 2302 1617 2355; x_wconf 91' lang='lat' dir='ltr'>vocat</span> <span class='ocrx_word' id='word_1_330' title='bbox 1638 2293 1921 2372; x_wconf 82' lang='lat' dir='ltr'>judicium</span> <span class='ocrx_word' id='word_1_331' title='bbox 1953 2291 2144 2354; x_wconf 93' lang='lat' dir='ltr'>Domi-</span> 
     </span>
    </p>
   </div>
   <div class='ocr_carea' id='block_1_43' title="bbox 2229 2291 3908 2380">
    <p class='ocr_par' dir='ltr' id='par_1_43' title="bbox 2248 2295 3908 2380">
     <span class='ocr_line' id='line_1_43' title="bbox 2248 2295 3908 2380; baseline 0.002 -27"><span class='ocrx_word' id='word_1_332' title='bbox 2248 2299 2451 2356; x_wconf 78' lang='grc' dir='ltr'>κεῖται.</span> <span class='ocrx_word' id='word_1_333' title='bbox 2493 2318 2517 2351; x_wconf 74' lang='grc' dir='ltr'><strong><em>ι</em></strong></span> <span class='ocrx_word' id='word_1_334' title='bbox 2550 2295 2762 2362; x_wconf 79' lang='grc' dir='ltr'>Ἀξίνην</span> <span class='ocrx_word' id='word_1_335' title='bbox 2792 2295 2939 2374; x_wconf 83' lang='grc' dir='ltr'>λέγει</span> <span class='ocrx_word' id='word_1_336' title='bbox 2983 2295 3083 2380; x_wconf 61' lang='grc' dir='ltr'>την</span> <span class='ocrx_word' id='word_1_337' title='bbox 3106 2305 3196 2354; x_wconf 77' lang='grc' dir='ltr'>τοῦ</span> <span class='ocrx_word' id='word_1_338' title='bbox 3227 2303 3451 2374; x_wconf 79' lang='grc' dir='ltr'>Χριστοῦ</span> <span class='ocrx_word' id='word_1_339' title='bbox 3479 2299 3665 2375; x_wconf 88' lang='grc' dir='ltr'>κρίσιν.</span> <span class='ocrx_word' id='word_1_340' title='bbox 3705 2298 3908 2377; x_wconf 86' lang='grc' dir='ltr'>Δένδρα</span> 
     </span>
    </p>
   </div>
   <div class='ocr_carea' id='block_1_44' title="bbox 508 2375 2144 2465">
    <p class='ocr_par' dir='ltr' id='par_1_44' title="bbox 508 2375 2136 2463">
     <span class='ocr_line' id='line_1_44' title="bbox 508 2375 2136 2463; baseline -0.004 -14"><span class='ocrx_word' id='word_1_341' title='bbox 508 2390 603 2449; x_wconf 84' lang='lat' dir='ltr'>ni:</span> <span class='ocrx_word' id='word_1_342' title='bbox 639 2375 885 2450; x_wconf 77' lang='lat' dir='ltr'>arbores</span> <span class='ocrx_word' id='word_1_343' title='bbox 931 2395 1151 2460; x_wconf 90' lang='lat' dir='ltr'>autem,</span> <span class='ocrx_word' id='word_1_344' title='bbox 1206 2384 1470 2463; x_wconf 90' lang='lat' dir='ltr'>singulos</span> <span class='ocrx_word' id='word_1_345' title='bbox 1502 2393 1794 2443; x_wconf 91' lang='lat' dir='ltr'>nostrum.</span> <span class='ocrx_word' id='word_1_346' title='bbox 1845 2381 2029 2462; x_wconf 83' lang='lat' dir='ltr'>Igitur</span> <span class='ocrx_word' id='word_1_347' title='bbox 2060 2401 2136 2461; x_wconf 88' lang='lat' dir='ltr'>qu</span> 
     </span>
    </p>
   </div>
   <div class='ocr_carea' id='block_1_45' title="bbox 2229 2375 3911 2465">
    <p class='ocr_par' dir='ltr' id='par_1_45' title="bbox 2246 2375 3911 2465">
     <span class='ocr_line' id='line_1_45' title="bbox 2246 2375 3911 2465; baseline -0.002 -24"><span class='ocrx_word' id='word_1_348' title='bbox 2246 2384 2323 2460; x_wconf 77' lang='grc' dir='ltr'>δὲ,</span> <span class='ocrx_word' id='word_1_349' title='bbox 2371 2386 2462 2443; x_wconf 77' lang='grc' dir='ltr'>ἕνα</span> <span class='ocrx_word' id='word_1_350' title='bbox 2519 2386 2741 2448; x_wconf 81' lang='grc' dir='ltr'>ἕκαστον</span> <span class='ocrx_word' id='word_1_351' title='bbox 2796 2388 2975 2460; x_wconf 70' lang='grc' dir='ltr'>ἡμῶν,</span> <span class='ocrx_word' id='word_1_352' title='bbox 3026 2375 3081 2442; x_wconf 62' lang='grc' dir='ltr'>Ὀ</span> <span class='ocrx_word' id='word_1_353' title='bbox 3141 2385 3229 2440; x_wconf 78' lang='grc' dir='ltr'>οὖν</span> <span class='ocrx_word' id='word_1_354' title='bbox 3261 2386 3337 2462; x_wconf 81' lang='grc' dir='ltr'>μὴ</span> <span class='ocrx_word' id='word_1_355' title='bbox 3366 2388 3673 2465; x_wconf 71' lang='grc' dir='ltr'>πιστεύσας,</span> <span class='ocrx_word' id='word_1_356' title='bbox 3721 2387 3911 2445; x_wconf 73' lang='grc' dir='ltr'>ἐντεῦ-</span> 
     </span>
    </p>
   </div>
   <div class='ocr_carea' id='block_1_46' title="bbox 506 2471 2144 2557">
    <p class='ocr_par' dir='ltr' id='par_1_46' title="bbox 506 2471 2144 2555">
     <span class='ocr_line' id='line_1_46' title="bbox 506 2471 2144 2555; baseline -0.005 -15"><span class='ocrx_word' id='word_1_357' title='bbox 506 2497 627 2539; x_wconf 89' lang='lat' dir='ltr'>non</span> <span class='ocrx_word' id='word_1_358' title='bbox 657 2477 1131 2555; x_wconf 85' lang='lat' dir='ltr'>crediderit,jam</span> <span class='ocrx_word' id='word_1_359' title='bbox 1167 2475 1301 2534; x_wconf 90' lang='lat' dir='ltr'>hinc</span> <span class='ocrx_word' id='word_1_360' title='bbox 1329 2474 1596 2552; x_wconf 87' lang='lat' dir='ltr'>stirpitus</span> <span class='ocrx_word' id='word_1_361' title='bbox 1620 2471 2072 2545; x_wconf 81' lang='lat' dir='ltr'>exscinditur,et</span> <span class='ocrx_word' id='word_1_362' title='bbox 2101 2472 2144 2531; x_wconf 82' lang='lat' dir='ltr'>ir</span> 
     </span>
    </p>
   </div>
   <div class='ocr_carea' id='block_1_47' title="bbox 2229 2471 3908 2557">
    <p class='ocr_par' dir='ltr' id='par_1_47' title="bbox 2245 2474 3908 2557">
     <span class='ocr_line' id='line_1_47' title="bbox 2245 2474 3908 2557; baseline 0.002 -25"><span class='ocrx_word' id='word_1_363' title='bbox 2245 2480 2330 2533; x_wconf 83' lang='grc' dir='ltr'>θεν</span> <span class='ocrx_word' id='word_1_364' title='bbox 2382 2475 2485 2544; x_wconf 68' lang='grc' dir='ltr'>ἤδη</span> <span class='ocrx_word' id='word_1_365' title='bbox 2558 2474 2854 2554; x_wconf 76' lang='grc' dir='ltr'>αὖτόῤῥιζος</span> <span class='ocrx_word' id='word_1_366' title='bbox 2911 2474 3289 2550; x_wconf 77' lang='grc' dir='ltr'>ἀποτέμνεται,</span> <span class='ocrx_word' id='word_1_367' title='bbox 3363 2479 3451 2532; x_wconf 85' lang='grc' dir='ltr'>καὶ</span> <span class='ocrx_word' id='word_1_368' title='bbox 3530 2479 3600 2541; x_wconf 83' lang='grc' dir='ltr'>είς</span> <span class='ocrx_word' id='word_1_369' title='bbox 3687 2478 3908 2557; x_wconf 81' lang='grc' dir='ltr'>γέενναν</span> 
     </span>
    </p>
   </div>
   <div class='ocr_carea' id='block_1_48' title="bbox 505 2559 2144 2646">
    <p class='ocr_par' dir='ltr' id='par_1_48' title="bbox 505 2559 2144 2646">
     <span class='ocr_line' id='line_1_48' title="bbox 505 2559 2144 2646; baseline -0.005 -16"><span class='ocrx_word' id='word_1_370' title='bbox 505 2569 837 2646; x_wconf 86' lang='lat' dir='ltr'>gehennam</span> <span class='ocrx_word' id='word_1_371' title='bbox 872 2566 1146 2627; x_wconf 84' lang='lat' dir='ltr'>mittitur.</span> <span class='ocrx_word' id='word_1_372' title='bbox 1180 2585 1201 2619; x_wconf 69' lang='grc' dir='ltr'>ει</span> <span class='ocrx_word' id='word_1_373' title='bbox 1232 2561 1440 2624; x_wconf 90' lang='lat' dir='ltr'>Omnis</span> <span class='ocrx_word' id='word_1_374' title='bbox 1471 2560 1908 2640; x_wconf 57' lang='lat' dir='ltr'>igiturjarbor.»</span> <span class='ocrx_word' id='word_1_375' title='bbox 1938 2559 2144 2622; x_wconf 87' lang='lat' dir='ltr'>Etiam-</span> 
     </span>
    </p>
   </div>
   <div class='ocr_carea' id='block_1_49' title="bbox 2229 2559 3908 2646">
    <p class='ocr_par' dir='ltr' id='par_1_49' title="bbox 2244 2562 3908 2642">
     <span class='ocr_line' id='line_1_49' title="bbox 2244 2562 3908 2642; baseline 0.002 -21"><span class='ocrx_word' id='word_1_376' title='bbox 2244 2564 2588 2642; x_wconf 80' lang='grc' dir='ltr'>ἐμϐάλλεται.</span> <span class='ocrx_word' id='word_1_377' title='bbox 2669 2589 2695 2620; x_wconf 74' lang='grc' dir='ltr'>α</span> <span class='ocrx_word' id='word_1_378' title='bbox 2751 2570 2858 2621; x_wconf 81' lang='grc' dir='ltr'>Πᾶν</span> <span class='ocrx_word' id='word_1_379' title='bbox 2919 2566 3006 2620; x_wconf 76' lang='grc' dir='ltr'>οὖν</span> <span class='ocrx_word' id='word_1_380' title='bbox 3065 2562 3294 2641; x_wconf 79' lang='grc' dir='ltr'>δένδρον.</span> <span class='ocrx_word' id='word_1_381' title='bbox 3359 2588 3386 2621; x_wconf 74' lang='grc' dir='ltr'><strong><em>ι</em></strong></span> <span class='ocrx_word' id='word_1_382' title='bbox 3457 2565 3566 2624; x_wconf 74' lang='grc' dir='ltr'>Κᾶν</span> <span class='ocrx_word' id='word_1_383' title='bbox 3644 2567 3748 2624; x_wconf 80' lang='grc' dir='ltr'>ἀπὸ</span> <span class='ocrx_word' id='word_1_384' title='bbox 3809 2577 3908 2625; x_wconf 80' lang='grc' dir='ltr'>τοῦ</span> 
     </span>
    </p>
   </div>
   <div class='ocr_carea' id='block_1_50' title="bbox 509 2650 2144 2737">
    <p class='ocr_par' dir='ltr' id='par_1_50' title="bbox 509 2650 2144 2719">
     <span class='ocr_line' id='line_1_50' title="bbox 509 2650 2144 2719; baseline -0.004 -1"><span class='ocrx_word' id='word_1_385' title='bbox 509 2657 558 2718; x_wconf 93' lang='lat' dir='ltr'>si</span> <span class='ocrx_word' id='word_1_386' title='bbox 589 2658 661 2718; x_wconf 91' lang='lat' dir='ltr'>ab</span> <span class='ocrx_word' id='word_1_387' title='bbox 683 2657 984 2719; x_wconf 82' lang='lat' dir='ltr'>Abraham</span> <span class='ocrx_word' id='word_1_388' title='bbox 1022 2653 1367 2716; x_wconf 90' lang='lat' dir='ltr'>descendat.</span> <span class='ocrx_word' id='word_1_389' title='bbox 1401 2676 1427 2708; x_wconf 78' lang='grc' dir='ltr'>α</span> <span class='ocrx_word' id='word_1_390' title='bbox 1459 2650 1588 2712; x_wconf 82' lang='lat' dir='ltr'>Non</span> <span class='ocrx_word' id='word_1_391' title='bbox 1648 2651 1867 2712; x_wconf 77' lang='lat' dir='ltr'>faciens</span> <span class='ocrx_word' id='word_1_392' title='bbox 1899 2651 2144 2713; x_wconf 82' lang='lat' dir='ltr'>fructum</span> 
     </span>
    </p>
   </div>
   <div class='ocr_carea' id='block_1_51' title="bbox 2229 2650 3900 2737">
    <p class='ocr_par' dir='ltr' id='par_1_51' title="bbox 2240 2655 3900 2737">
     <span class='ocr_line' id='line_1_51' title="bbox 2240 2655 3900 2737; baseline 0.002 -24"><span class='ocrx_word' id='word_1_393' title='bbox 2240 2655 2482 2737; x_wconf 79' lang='grc' dir='ltr'>Ἀϐραὰμ</span> <span class='ocrx_word' id='word_1_394' title='bbox 2510 2658 2832 2735; x_wconf 87' lang='grc' dir='ltr'>κατάγηται.</span> <span class='ocrx_word' id='word_1_395' title='bbox 2902 2679 2932 2710; x_wconf 69' lang='grc' dir='ltr'>ε</span> <span class='ocrx_word' id='word_1_396' title='bbox 2965 2655 3056 2723; x_wconf 79' lang='grc' dir='ltr'>Μὴ</span> <span class='ocrx_word' id='word_1_397' title='bbox 3113 2663 3298 2713; x_wconf 86' lang='grc' dir='ltr'>ποιοῦν</span> <span class='ocrx_word' id='word_1_398' title='bbox 3353 2659 3556 2736; x_wconf 84' lang='grc' dir='ltr'>καρπὸν</span> <span class='ocrx_word' id='word_1_399' title='bbox 3627 2658 3814 2721; x_wconf 84' lang='grc' dir='ltr'>καλόν.</span> <span class='ocrx_word' id='word_1_400' title='bbox 3868 2680 3900 2719; x_wconf 69' lang='grc' dir='ltr'><strong><em>ι</em></strong></span> 
     </span>
    </p>
   </div>
   <div class='ocr_carea' id='block_1_52' title="bbox 507 2741 2144 2827">
    <p class='ocr_par' dir='ltr' id='par_1_52' title="bbox 507 2741 2144 2824">
     <span class='ocr_line' id='line_1_52' title="bbox 507 2741 2144 2824; baseline -0.003 -15"><span class='ocrx_word' id='word_1_401' title='bbox 507 2748 754 2810; x_wconf 89' lang='lat' dir='ltr'>bonum.</span> <span class='ocrx_word' id='word_1_402' title='bbox 792 2776 814 2804; x_wconf 79' lang='grc' dir='ltr'>ι</span> <span class='ocrx_word' id='word_1_403' title='bbox 854 2750 989 2809; x_wconf 90' lang='lat' dir='ltr'>Non</span> <span class='ocrx_word' id='word_1_404' title='bbox 1019 2744 1183 2824; x_wconf 83' lang='lat' dir='ltr'>dixit,</span> <span class='ocrx_word' id='word_1_405' title='bbox 1214 2743 1355 2816; x_wconf 84' lang='lat' dir='ltr'>Quae</span> <span class='ocrx_word' id='word_1_406' title='bbox 1384 2761 1501 2803; x_wconf 93' lang='lat' dir='ltr'>non</span> <span class='ocrx_word' id='word_1_407' title='bbox 1535 2742 1695 2812; x_wconf 79' lang='lat' dir='ltr'>fecit,</span> <span class='ocrx_word' id='word_1_408' title='bbox 1729 2741 1858 2816; x_wconf 91' lang='lat' dir='ltr'>sed,</span> <span class='ocrx_word' id='word_1_409' title='bbox 1893 2745 2029 2806; x_wconf 89' lang='lat' dir='ltr'>Non</span> <span class='ocrx_word' id='word_1_410' title='bbox 2061 2743 2144 2804; x_wconf 87' lang='lat' dir='ltr'>fa-</span> 
     </span>
    </p>
   </div>
   <div class='ocr_carea' id='block_1_53' title="bbox 2229 2741 3903 2827">
    <p class='ocr_par' dir='ltr' id='par_1_53' title="bbox 2239 2743 3903 2827">
     <span class='ocr_line' id='line_1_53' title="bbox 2239 2743 3903 2827; baseline 0.001 -22"><span class='ocrx_word' id='word_1_411' title='bbox 2239 2747 2346 2805; x_wconf 69' lang='grc' dir='ltr'>Οὔκ</span> <span class='ocrx_word' id='word_1_412' title='bbox 2405 2747 2553 2821; x_wconf 78' lang='grc' dir='ltr'>εἶπε,</span> <span class='ocrx_word' id='word_1_413' title='bbox 2591 2747 2678 2814; x_wconf 76' lang='grc' dir='ltr'>Μὴ</span> <span class='ocrx_word' id='word_1_414' title='bbox 2738 2745 2990 2824; x_wconf 72' lang='grc' dir='ltr'>ποιῆσαν,</span> <span class='ocrx_word' id='word_1_415' title='bbox 3051 2743 3210 2826; x_wconf 79' lang='grc' dir='ltr'>ἀλλὰ,</span> <span class='ocrx_word' id='word_1_416' title='bbox 3259 2746 3348 2814; x_wconf 79' lang='grc' dir='ltr'>Μὴ</span> <span class='ocrx_word' id='word_1_417' title='bbox 3390 2754 3600 2808; x_wconf 81' lang='grc' dir='ltr'>ποιοῦν.</span> <span class='ocrx_word' id='word_1_418' title='bbox 3647 2747 3757 2806; x_wconf 81' lang='grc' dir='ltr'>Ἀεὶ</span> <span class='ocrx_word' id='word_1_419' title='bbox 3801 2751 3903 2827; x_wconf 79' lang='grc' dir='ltr'>γὰρ</span> 
     </span>
    </p>
   </div>
   <div class='ocr_carea' id='block_1_54' title="bbox 508 2830 2144 2916">
    <p class='ocr_par' dir='ltr' id='par_1_54' title="bbox 508 2830 2144 2915">
     <span class='ocr_line' id='line_1_54' title="bbox 508 2830 2144 2915; baseline -0.004 -18"><span class='ocrx_word' id='word_1_420' title='bbox 508 2837 703 2910; x_wconf 90' lang='lat' dir='ltr'>ciens;</span> <span class='ocrx_word' id='word_1_421' title='bbox 735 2852 977 2915; x_wconf 90' lang='lat' dir='ltr'>semper</span> <span class='ocrx_word' id='word_1_422' title='bbox 1007 2834 1164 2895; x_wconf 89' lang='lat' dir='ltr'>enim</span> <span class='ocrx_word' id='word_1_423' title='bbox 1210 2838 1442 2913; x_wconf 90' lang='lat' dir='ltr'>oportet</span> <span class='ocrx_word' id='word_1_424' title='bbox 1499 2831 1754 2902; x_wconf 84' lang='lat' dir='ltr'>fructum</span> <span class='ocrx_word' id='word_1_425' title='bbox 1789 2830 1969 2897; x_wconf 67' lang='lat' dir='ltr'>ferre.</span> <span class='ocrx_word' id='word_1_426' title='bbox 2004 2830 2144 2892; x_wconf 87' lang='lat' dir='ltr'>Nam</span> 
     </span>
    </p>
   </div>
   <div class='ocr_carea' id='block_1_55' title="bbox 2229 2830 3905 2916">
    <p class='ocr_par' dir='ltr' id='par_1_55' title="bbox 2237 2833 3905 2916">
     <span class='ocr_line' id='line_1_55' title="bbox 2237 2833 3905 2916; baseline 0.001 -25"><span class='ocrx_word' id='word_1_427' title='bbox 2237 2836 2322 2893; x_wconf 84' lang='grc' dir='ltr'>δετ</span> <span class='ocrx_word' id='word_1_428' title='bbox 2378 2849 2762 2916; x_wconf 77' lang='grc' dir='ltr'>καρποφορεῖν.</span> <span class='ocrx_word' id='word_1_429' title='bbox 2799 2836 2857 2892; x_wconf 78' lang='grc' dir='ltr'>Εἰ</span> <span class='ocrx_word' id='word_1_430' title='bbox 2901 2835 3002 2913; x_wconf 83' lang='grc' dir='ltr'>γὰρ</span> <span class='ocrx_word' id='word_1_431' title='bbox 3045 2835 3173 2914; x_wconf 82' lang='grc' dir='ltr'>χθὲς</span> <span class='ocrx_word' id='word_1_432' title='bbox 3232 2833 3493 2910; x_wconf 83' lang='grc' dir='ltr'>ἧλέησας,</span> <span class='ocrx_word' id='word_1_433' title='bbox 3548 2837 3782 2916; x_wconf 73' lang='grc' dir='ltr'>σήμερον</span> <span class='ocrx_word' id='word_1_434' title='bbox 3843 2837 3905 2894; x_wconf 79' lang='grc' dir='ltr'>δὲ</span> 
     </span>
    </p>
   </div>
   <div class='ocr_carea' id='block_1_56' title="bbox 503 2920 2144 3006">
    <p class='ocr_par' dir='ltr' id='par_1_56' title="bbox 503 2920 2144 3000">
     <span class='ocr_line' id='line_1_56' title="bbox 503 2920 2144 3000; baseline -0.004 -14"><span class='ocrx_word' id='word_1_435' title='bbox 503 2923 647 2986; x_wconf 90' lang='lat' dir='ltr'>licet</span> <span class='ocrx_word' id='word_1_436' title='bbox 677 2925 811 2986; x_wconf 90' lang='lat' dir='ltr'>heri</span> <span class='ocrx_word' id='word_1_437' title='bbox 844 2923 1185 2985; x_wconf 90' lang='lat' dir='ltr'>misericors</span> <span class='ocrx_word' id='word_1_438' title='bbox 1216 2920 1421 2995; x_wconf 85' lang='lat' dir='ltr'>fueris,</span> <span class='ocrx_word' id='word_1_439' title='bbox 1449 2920 1624 2981; x_wconf 91' lang='lat' dir='ltr'>hodie</span> <span class='ocrx_word' id='word_1_440' title='bbox 1680 2927 1877 2981; x_wconf 90' lang='lat' dir='ltr'>autem</span> <span class='ocrx_word' id='word_1_441' title='bbox 1934 2921 2144 3000; x_wconf 83' lang='lat' dir='ltr'>rapias,</span> 
     </span>
    </p>
   </div>
   <div class='ocr_carea' id='block_1_57' title="bbox 2229 2920 3906 3006">
    <p class='ocr_par' dir='ltr' id='par_1_57' title="bbox 2239 2920 3906 3006">
     <span class='ocr_line' id='line_1_57' title="bbox 2239 2920 3906 3006; baseline 0.001 -25"><span class='ocrx_word' id='word_1_442' title='bbox 2239 2926 2511 3006; x_wconf 79' lang='grc' dir='ltr'>ἀρπάζεις,</span> <span class='ocrx_word' id='word_1_443' title='bbox 2547 2925 2642 2982; x_wconf 77' lang='grc' dir='ltr'>οὒκ</span> <span class='ocrx_word' id='word_1_444' title='bbox 2673 2929 2997 3004; x_wconf 79' lang='grc' dir='ltr'>εὐαρεστεϊς.</span> <span class='ocrx_word' id='word_1_445' title='bbox 3045 2942 3076 2982; x_wconf 64' lang='grc' dir='ltr'>ε</span> <span class='ocrx_word' id='word_1_446' title='bbox 3109 2920 3484 3000; x_wconf 84' lang='grc' dir='ltr'>Ἐκκόπτεται,</span> <span class='ocrx_word' id='word_1_447' title='bbox 3547 2925 3635 2981; x_wconf 82' lang='grc' dir='ltr'>καὶ</span> <span class='ocrx_word' id='word_1_448' title='bbox 3667 2927 3740 2989; x_wconf 78' lang='grc' dir='ltr'>εἷς</span> <span class='ocrx_word' id='word_1_449' title='bbox 3795 2933 3906 3006; x_wconf 81' lang='grc' dir='ltr'>πῦρ</span> 
     </span>
    </p>
   </div>
   <div class='ocr_carea' id='block_1_58' title="bbox 505 3010 2144 3092">
    <p class='ocr_par' dir='ltr' id='par_1_58' title="bbox 505 3010 2144 3087">
     <span class='ocr_line' id='line_1_58' title="bbox 505 3010 2144 3087; baseline -0.004 -12"><span class='ocrx_word' id='word_1_450' title='bbox 505 3033 628 3075; x_wconf 89' lang='lat' dir='ltr'>non</span> <span class='ocrx_word' id='word_1_451' title='bbox 658 3013 852 3075; x_wconf 89' lang='lat' dir='ltr'>bonus</span> <span class='ocrx_word' id='word_1_452' title='bbox 889 3012 1029 3076; x_wconf 88' lang='lat' dir='ltr'>eris.</span> <span class='ocrx_word' id='word_1_453' title='bbox 1058 3012 1424 3074; x_wconf 72' lang='lat' dir='ltr'>«Exsecatur</span> <span class='ocrx_word' id='word_1_454' title='bbox 1444 3011 1584 3087; x_wconf 83' lang='lat' dir='ltr'>etin</span> <span class='ocrx_word' id='word_1_455' title='bbox 1613 3010 1807 3086; x_wconf 83' lang='lat' dir='ltr'>ignem</span> <span class='ocrx_word' id='word_1_456' title='bbox 1841 3010 2144 3073; x_wconf 71' lang='lat' dir='ltr'>mittitur.-</span> 
     </span>
    </p>
   </div>
   <div class='ocr_carea' id='block_1_59' title="bbox 2229 3010 3101 3092">
    <p class='ocr_par' dir='ltr' id='par_1_59' title="bbox 2237 3013 3101 3092">
     <span class='ocr_line' id='line_1_59' title="bbox 2237 3013 3101 3092; baseline -0.001 -19"><span class='ocrx_word' id='word_1_457' title='bbox 2237 3013 2512 3091; x_wconf 84' lang='grc' dir='ltr'>βάλλεται.</span> <span class='ocrx_word' id='word_1_458' title='bbox 2551 3039 2577 3070; x_wconf 75' lang='grc' dir='ltr'><strong><em>ι</em></strong></span> <span class='ocrx_word' id='word_1_459' title='bbox 2628 3017 2699 3072; x_wconf 86' lang='lat' dir='ltr'>T6</span> <span class='ocrx_word' id='word_1_460' title='bbox 2729 3019 2828 3081; x_wconf 77' lang='grc' dir='ltr'>τῆς</span> <span class='ocrx_word' id='word_1_461' title='bbox 2859 3013 3101 3092; x_wconf 82' lang='grc' dir='ltr'>γεέννης.</span> 
     </span>
    </p>
   </div>
   <div class='ocr_carea' id='block_1_60' title="bbox 459 3101 1078 3166">
    <p class='ocr_par' dir='ltr' id='par_1_60' title="bbox 459 3101 1078 3166">
     <span class='ocr_line' id='line_1_60' title="bbox 459 3101 1078 3166; baseline -0.002 -1"><span class='ocrx_word' id='word_1_462' title='bbox 459 3106 463 3112; x_wconf 87' lang='grc'><em>’</em></span> <span class='ocrx_word' id='word_1_463' title='bbox 500 3101 805 3166; x_wconf 66' lang='lat' dir='ltr'>Gehennze</span> <span class='ocrx_word' id='word_1_464' title='bbox 827 3102 1078 3165; x_wconf 88' lang='lat' dir='ltr'>scilicet.</span> 
     </span>
    </p>
   </div>
   <div class='ocr_carea' id='block_1_61' title="bbox 581 3188 2210 3271">
    <p class='ocr_par' dir='ltr' id='par_1_61' title="bbox 581 3188 2210 3271">
     <span class='ocr_line' id='line_1_61' title="bbox 581 3188 2210 3271; baseline -0.001 -16"><span class='ocrx_word' id='word_1_465' title='bbox 581 3195 766 3255; x_wconf 71' lang='lat' dir='ltr'>Vens.</span> <span class='ocrx_word' id='word_1_466' title='bbox 810 3196 901 3256; x_wconf 92' lang='grc'>11.</span> <span class='ocrx_word' id='word_1_467' title='bbox 947 3215 968 3249; x_wconf 75' lang='grc' dir='ltr'><strong><em>α</em></strong></span> <span class='ocrx_word' id='word_1_468' title='bbox 1000 3193 1122 3269; x_wconf 88' lang='lat' dir='ltr'>Ego</span> <span class='ocrx_word' id='word_1_469' title='bbox 1151 3191 1394 3271; x_wconf 90' lang='lat' dir='ltr'>quidem</span> <span class='ocrx_word' id='word_1_470' title='bbox 1421 3189 1647 3270; x_wconf 90' lang='lat' dir='ltr'>haptizo</span> <span class='ocrx_word' id='word_1_471' title='bbox 1669 3207 1771 3250; x_wconf 90' lang='lat' dir='ltr'>vos</span> <span class='ocrx_word' id='word_1_472' title='bbox 1803 3188 1862 3248; x_wconf 91' lang='lat' dir='ltr'>in</span> <span class='ocrx_word' id='word_1_473' title='bbox 1897 3206 2050 3269; x_wconf 89' lang='lat' dir='ltr'>aqua</span> <span class='ocrx_word' id='word_1_474' title='bbox 2078 3191 2150 3253; x_wconf 90' lang='lat' dir='ltr'>ad</span> <span class='ocrx_word' id='word_1_475' title='bbox 2170 3207 2210 3258; x_wconf 86' lang='lat' dir='ltr'>c</span> 
     </span>
    </p>
   </div>
   <div class='ocr_carea' id='block_1_62' title="bbox 506 3277 2149 3363">
    <p class='ocr_par' dir='ltr' id='par_1_62' title="bbox 506 3277 2149 3363">
     <span class='ocr_line' id='line_1_62' title="bbox 506 3277 2149 3363; baseline -0.002 -19"><span class='ocrx_word' id='word_1_476' title='bbox 506 3282 916 3363; x_wconf 65' lang='lat' dir='ltr'>paenitentiam</span> <span class='ocrx_word' id='word_1_477' title='bbox 951 3302 963 3340; x_wconf 90' lang='lat'>:</span> <span class='ocrx_word' id='word_1_478' title='bbox 1003 3280 1103 3360; x_wconf 90' lang='lat' dir='ltr'>qui</span> <span class='ocrx_word' id='word_1_479' title='bbox 1134 3288 1327 3341; x_wconf 89' lang='lat' dir='ltr'>autem</span> <span class='ocrx_word' id='word_1_480' title='bbox 1362 3287 1492 3358; x_wconf 89' lang='lat' dir='ltr'>post</span> <span class='ocrx_word' id='word_1_481' title='bbox 1516 3297 1610 3340; x_wconf 80' lang='lat' dir='ltr'>me</span> <span class='ocrx_word' id='word_1_482' title='bbox 1639 3277 2034 3359; x_wconf 86' lang='lat' dir='ltr'>venit,fortior</span> <span class='ocrx_word' id='word_1_483' title='bbox 2055 3298 2149 3341; x_wconf 91' lang='lat' dir='ltr'>me</span> 
     </span>
    </p>
   </div>
   <div class='ocr_carea' id='block_1_63' title="bbox 502 3366 2151 3447">
    <p class='ocr_par' dir='ltr' id='par_1_63' title="bbox 502 3366 2151 3447">
     <span class='ocr_line' id='line_1_63' title="bbox 502 3366 2151 3447; baseline -0.001 -16"><span class='ocrx_word' id='word_1_484' title='bbox 502 3379 611 3431; x_wconf 92' lang='lat' dir='ltr'>est.</span> <span class='ocrx_word' id='word_1_485' title='bbox 651 3397 677 3427; x_wconf 74' lang='grc' dir='ltr'><strong>ι</strong></span> <span class='ocrx_word' id='word_1_486' title='bbox 707 3371 866 3433; x_wconf 86' lang='lat' dir='ltr'>Dixit</span> <span class='ocrx_word' id='word_1_487' title='bbox 901 3371 1009 3438; x_wconf 89' lang='lat' dir='ltr'>eis,</span> <span class='ocrx_word' id='word_1_488' title='bbox 1046 3368 1248 3430; x_wconf 84' lang='lat' dir='ltr'>Facite</span> <span class='ocrx_word' id='word_1_489' title='bbox 1278 3367 1836 3430; x_wconf 78' lang='lat' dir='ltr'>fructum.Ostendit</span> <span class='ocrx_word' id='word_1_490' title='bbox 1867 3366 1952 3427; x_wconf 73' lang='lat'>[8</span> <span class='ocrx_word' id='word_1_491' title='bbox 1975 3368 2151 3447; x_wconf 86' lang='lat' dir='ltr'>igitur</span> 
     </span>
    </p>
   </div>
   <div class='ocr_carea' id='block_1_64' title="bbox 497 3457 2150 3540">
    <p class='ocr_par' dir='ltr' id='par_1_64' title="bbox 497 3457 2150 3540">
     <span class='ocr_line' id='line_1_64' title="bbox 497 3457 2150 3540; baseline -0.001 -20"><span class='ocrx_word' id='word_1_492' title='bbox 497 3461 631 3540; x_wconf 91' lang='lat' dir='ltr'>quis</span> <span class='ocrx_word' id='word_1_493' title='bbox 661 3460 911 3535; x_wconf 86' lang='lat' dir='ltr'>fructus,</span> <span class='ocrx_word' id='word_1_494' title='bbox 947 3476 1164 3539; x_wconf 89' lang='lat' dir='ltr'>nempe</span> <span class='ocrx_word' id='word_1_495' title='bbox 1195 3458 1443 3520; x_wconf 89' lang='lat' dir='ltr'>credere</span> <span class='ocrx_word' id='word_1_496' title='bbox 1501 3458 1562 3517; x_wconf 92' lang='lat' dir='ltr'>in</span> <span class='ocrx_word' id='word_1_497' title='bbox 1609 3476 1744 3519; x_wconf 92' lang='lat' dir='ltr'>eum</span> <span class='ocrx_word' id='word_1_498' title='bbox 1798 3457 1895 3537; x_wconf 88' lang='lat' dir='ltr'>qui</span> <span class='ocrx_word' id='word_1_499' title='bbox 1927 3466 2056 3536; x_wconf 90' lang='lat' dir='ltr'>post</span> <span class='ocrx_word' id='word_1_500' title='bbox 2086 3477 2150 3519; x_wconf 92' lang='lat' dir='ltr'>se</span> 
     </span>
    </p>
   </div>
   <div class='ocr_carea' id='block_1_65' title="bbox 493 3545 2147 3627">
    <p class='ocr_par' dir='ltr' id='par_1_65' title="bbox 493 3545 2147 3627">
     <span class='ocr_line' id='line_1_65' title="bbox 493 3545 2147 3627; baseline 0 -19"><span class='ocrx_word' id='word_1_501' title='bbox 493 3560 776 3610; x_wconf 84' lang='lat' dir='ltr'>venturus</span> <span class='ocrx_word' id='word_1_502' title='bbox 808 3547 1179 3610; x_wconf 78' lang='lat' dir='ltr'>erat.Veni:n</span> <span class='ocrx_word' id='word_1_503' title='bbox 1208 3549 1363 3608; x_wconf 89' lang='lat' dir='ltr'>enim</span> <span class='ocrx_word' id='word_1_504' title='bbox 1393 3555 1524 3627; x_wconf 89' lang='lat' dir='ltr'>post</span> <span class='ocrx_word' id='word_1_505' title='bbox 1544 3566 1678 3608; x_wconf 88' lang='lat' dir='ltr'>eum</span> <span class='ocrx_word' id='word_1_506' title='bbox 1706 3545 2147 3609; x_wconf 73' lang='lat' dir='ltr'>ChristusNam</span> 
     </span>
    </p>
   </div>
   <div class='ocr_carea' id='block_1_66' title="bbox 494 3636 2145 3699">
    <p class='ocr_par' dir='ltr' id='par_1_66' title="bbox 494 3636 2145 3699">
     <span class='ocr_line' id='line_1_66' title="bbox 494 3636 2145 3699; baseline 0 -1"><span class='ocrx_word' id='word_1_507' title='bbox 494 3639 650 3699; x_wconf 92' lang='lat' dir='ltr'>sicut</span> <span class='ocrx_word' id='word_1_508' title='bbox 679 3655 782 3698; x_wconf 87' lang='lat' dir='ltr'>sex</span> <span class='ocrx_word' id='word_1_509' title='bbox 819 3646 1043 3698; x_wconf 92' lang='lat' dir='ltr'>tantum</span> <span class='ocrx_word' id='word_1_510' title='bbox 1081 3636 1387 3697; x_wconf 90' lang='lat' dir='ltr'>mensibus</span> <span class='ocrx_word' id='word_1_511' title='bbox 1418 3637 1749 3698; x_wconf 89' lang='lat' dir='ltr'>secundum</span> <span class='ocrx_word' id='word_1_512' title='bbox 1787 3636 2145 3698; x_wconf 84' lang='lat' dir='ltr'>nativitatem</span> 
     </span>
    </p>
   </div>
   <div class='ocr_carea' id='block_1_67' title="bbox 493 3725 2153 3805">
    <p class='ocr_par' dir='ltr' id='par_1_67' title="bbox 493 3725 2153 3805">
     <span class='ocr_line' id='line_1_67' title="bbox 493 3725 2153 3805; baseline 0 -19"><span class='ocrx_word' id='word_1_513' title='bbox 493 3726 788 3805; x_wconf 88' lang='lat' dir='ltr'>posterior</span> <span class='ocrx_word' id='word_1_514' title='bbox 812 3745 881 3786; x_wconf 92' lang='lat' dir='ltr'>eo</span> <span class='ocrx_word' id='word_1_515' title='bbox 923 3734 1070 3805; x_wconf 89' lang='lat' dir='ltr'>erat,</span> <span class='ocrx_word' id='word_1_516' title='bbox 1102 3726 1182 3786; x_wconf 92' lang='lat' dir='ltr'>ita</span> <span class='ocrx_word' id='word_1_517' title='bbox 1202 3734 1260 3786; x_wconf 92' lang='lat' dir='ltr'>et</span> <span class='ocrx_word' id='word_1_518' title='bbox 1284 3727 1449 3805; x_wconf 83' lang='lat' dir='ltr'>juxta</span> <span class='ocrx_word' id='word_1_519' title='bbox 1481 3725 2016 3787; x_wconf 83' lang='lat' dir='ltr'>manifestationem</span> <span class='ocrx_word' id='word_1_520' title='bbox 2043 3727 2153 3794; x_wconf 75' lang='lat' dir='ltr'>fuit</span> 
     </span>
    </p>
   </div>
   <div class='ocr_carea' id='block_1_68' title="bbox 492 3813 2142 3895">
    <p class='ocr_par' dir='ltr' id='par_1_68' title="bbox 492 3813 2142 3895">
     <span class='ocr_line' id='line_1_68' title="bbox 492 3813 2142 3895; baseline 0.002 -20"><span class='ocrx_word' id='word_1_521' title='bbox 492 3813 1225 3894; x_wconf 84' lang='lat' dir='ltr'>posterior.Manifestatus</span> <span class='ocrx_word' id='word_1_522' title='bbox 1252 3824 1340 3875; x_wconf 87' lang='lat' dir='ltr'>est</span> <span class='ocrx_word' id='word_1_523' title='bbox 1368 3815 1527 3876; x_wconf 92' lang='lat' dir='ltr'>enim</span> <span class='ocrx_word' id='word_1_524' title='bbox 1561 3815 1721 3895; x_wconf 90' lang='lat' dir='ltr'>prius</span> <span class='ocrx_word' id='word_1_525' title='bbox 1753 3817 2094 3877; x_wconf 76' lang='lat' dir='ltr'>Praecursor</span> <span class='ocrx_word' id='word_1_526' title='bbox 2127 3834 2142 3879; x_wconf 91' lang='lat'><em>:</em></span> 
     </span>
    </p>
   </div>
   <div class='ocr_carea' id='block_1_69' title="bbox 491 3903 2139 3985">
    <p class='ocr_par' dir='ltr' id='par_1_69' title="bbox 491 3903 2139 3985">
     <span class='ocr_line' id='line_1_69' title="bbox 491 3903 2139 3985; baseline 0.002 -20"><span class='ocrx_word' id='word_1_527' title='bbox 491 3904 713 3965; x_wconf 92' lang='lat' dir='ltr'>deinde</span> <span class='ocrx_word' id='word_1_528' title='bbox 737 3904 1140 3984; x_wconf 88' lang='lat' dir='ltr'>Christus,qui</span> <span class='ocrx_word' id='word_1_529' title='bbox 1167 3903 1238 3964; x_wconf 91' lang='lat' dir='ltr'>ab</span> <span class='ocrx_word' id='word_1_530' title='bbox 1273 3923 1342 3965; x_wconf 92' lang='lat' dir='ltr'>eo</span> <span class='ocrx_word' id='word_1_531' title='bbox 1377 3904 1780 3966; x_wconf 90' lang='lat' dir='ltr'>testimonium</span> <span class='ocrx_word' id='word_1_532' title='bbox 1805 3913 2139 3985; x_wconf 88' lang='lat' dir='ltr'>acceperat.</span> 
     </span>
    </p>
   </div>
   <div class='ocr_carea' id='block_1_70' title="bbox 491 3991 2143 4073">
    <p class='ocr_par' dir='ltr' id='par_1_70' title="bbox 491 3991 2143 4073">
     <span class='ocr_line' id='line_1_70' title="bbox 491 3991 2143 4073; baseline 0.001 -20"><span class='ocrx_word' id='word_1_533' title='bbox 491 4015 517 4053; x_wconf 69' lang='grc' dir='ltr'>ε</span> <span class='ocrx_word' id='word_1_534' title='bbox 544 3991 727 4072; x_wconf 84' lang='lat' dir='ltr'>Cujus</span> <span class='ocrx_word' id='word_1_535' title='bbox 752 4012 869 4053; x_wconf 93' lang='lat' dir='ltr'>non</span> <span class='ocrx_word' id='word_1_536' title='bbox 903 4012 1031 4053; x_wconf 91' lang='lat' dir='ltr'>sum</span> <span class='ocrx_word' id='word_1_537' title='bbox 1054 3993 1306 4054; x_wconf 90' lang='lat' dir='ltr'>idoneus</span> <span class='ocrx_word' id='word_1_538' title='bbox 1328 3993 1728 4056; x_wconf 87' lang='lat' dir='ltr'>calceamenta</span> <span class='ocrx_word' id='word_1_539' title='bbox 1757 3993 2143 4073; x_wconf 78' lang='lat' dir='ltr'>gestare.»Ne</span> 
     </span>
    </p>
   </div>
   <div class='ocr_carea' id='block_1_71' title="bbox 491 4083 2141 4164">
    <p class='ocr_par' dir='ltr' id='par_1_71' title="bbox 491 4083 2141 4164">
     <span class='ocr_line' id='line_1_71' title="bbox 491 4083 2141 4164; baseline 0.002 -22"><span class='ocrx_word' id='word_1_540' title='bbox 491 4089 830 4162; x_wconf 84' lang='lat' dir='ltr'>postremus</span> <span class='ocrx_word' id='word_1_541' title='bbox 852 4083 1687 4164; x_wconf 38' lang='lat' dir='ltr'>quidem,inquit,ipsius,sum</span> <span class='ocrx_word' id='word_1_542' title='bbox 1705 4102 1908 4145; x_wconf 88' lang='lat' dir='ltr'>servus</span> <span class='ocrx_word' id='word_1_543' title='bbox 1939 4091 2003 4145; x_wconf 89' lang='lat' dir='ltr'>ut</span> <span class='ocrx_word' id='word_1_544' title='bbox 2031 4085 2141 4148; x_wconf 90' lang='lat' dir='ltr'>ista</span> 
     </span>
    </p>
   </div>
   <div class='ocr_carea' id='block_1_72' title="bbox 489 4173 2140 4252">
    <p class='ocr_par' dir='ltr' id='par_1_72' title="bbox 489 4173 2140 4252">
     <span class='ocr_line' id='line_1_72' title="bbox 489 4173 2140 4252; baseline 0.002 -21"><span class='ocrx_word' id='word_1_545' title='bbox 489 4179 739 4250; x_wconf 82' lang='lat' dir='ltr'>gestem.</span> <span class='ocrx_word' id='word_1_546' title='bbox 793 4176 902 4236; x_wconf 89' lang='lat' dir='ltr'>Per</span> <span class='ocrx_word' id='word_1_547' title='bbox 957 4173 1357 4235; x_wconf 90' lang='lat' dir='ltr'>calceamenta</span> <span class='ocrx_word' id='word_1_548' title='bbox 1407 4183 1601 4235; x_wconf 89' lang='lat' dir='ltr'>autem</span> <span class='ocrx_word' id='word_1_549' title='bbox 1636 4173 1930 4252; x_wconf 86' lang='lat' dir='ltr'>intelligas</span> <span class='ocrx_word' id='word_1_550' title='bbox 1960 4173 2140 4235; x_wconf 84' lang='lat' dir='ltr'>etiam</span> 
     </span>
    </p>
   </div>
   <div class='ocr_carea' id='block_1_73' title="bbox 489 4259 2143 4342">
    <p class='ocr_par' dir='ltr' id='par_1_73' title="bbox 489 4259 2143 4342">
     <span class='ocr_line' id='line_1_73' title="bbox 489 4259 2143 4342; baseline 0.002 -23"><span class='ocrx_word' id='word_1_551' title='bbox 489 4259 640 4321; x_wconf 92' lang='lat' dir='ltr'>duos</span> <span class='ocrx_word' id='word_1_552' title='bbox 662 4261 990 4322; x_wconf 89' lang='lat' dir='ltr'>descensus</span> <span class='ocrx_word' id='word_1_553' title='bbox 1007 4262 1387 4342; x_wconf 83' lang='lat' dir='ltr'>ejus,nempe</span> <span class='ocrx_word' id='word_1_554' title='bbox 1405 4281 1540 4323; x_wconf 92' lang='lat' dir='ltr'>eum</span> <span class='ocrx_word' id='word_1_555' title='bbox 1569 4262 1671 4342; x_wconf 91' lang='lat' dir='ltr'>qui</span> <span class='ocrx_word' id='word_1_556' title='bbox 1695 4281 1726 4322; x_wconf 94' lang='lat' dir='ltr'>e</span> <span class='ocrx_word' id='word_1_557' title='bbox 1750 4263 1916 4324; x_wconf 73' lang='lat' dir='ltr'>cmlis</span> <span class='ocrx_word' id='word_1_558' title='bbox 1938 4263 1996 4322; x_wconf 92' lang='lat' dir='ltr'>in</span> <span class='ocrx_word' id='word_1_559' title='bbox 2019 4269 2143 4322; x_wconf 88' lang='lat' dir='ltr'>ter-</span> 
     </span>
    </p>
   </div>
   <div class='ocr_carea' id='block_1_74' title="bbox 485 4350 2137 4430">
    <p class='ocr_par' dir='ltr' id='par_1_74' title="bbox 485 4350 2137 4430">
     <span class='ocr_line' id='line_1_74' title="bbox 485 4350 2137 4430; baseline 0.001 -21"><span class='ocrx_word' id='word_1_560' title='bbox 485 4357 704 4429; x_wconf 88' lang='lat' dir='ltr'>ram,et</span> <span class='ocrx_word' id='word_1_561' title='bbox 722 4369 853 4410; x_wconf 88' lang='lat' dir='ltr'>eum</span> <span class='ocrx_word' id='word_1_562' title='bbox 876 4350 975 4430; x_wconf 93' lang='lat' dir='ltr'>qui</span> <span class='ocrx_word' id='word_1_563' title='bbox 996 4368 1028 4410; x_wconf 90' lang='lat' dir='ltr'>a</span> <span class='ocrx_word' id='word_1_564' title='bbox 1051 4359 1208 4411; x_wconf 89' lang='lat' dir='ltr'>terra</span> <span class='ocrx_word' id='word_1_565' title='bbox 1235 4351 1294 4410; x_wconf 90' lang='lat' dir='ltr'>in</span> <span class='ocrx_word' id='word_1_566' title='bbox 1322 4351 2137 4414; x_wconf 84' lang='lat' dir='ltr'>infernum.Calceamentum</span> 
     </span>
    </p>
   </div>
   <div class='ocr_carea' id='block_1_75' title="bbox 488 4439 2142 4519">
    <p class='ocr_par' dir='ltr' id='par_1_75' title="bbox 488 4439 2142 4519">
     <span class='ocr_line' id='line_1_75' title="bbox 488 4439 2142 4519; baseline 0.001 -20"><span class='ocrx_word' id='word_1_567' title='bbox 488 4439 649 4499; x_wconf 92' lang='lat' dir='ltr'>enim</span> <span class='ocrx_word' id='word_1_568' title='bbox 705 4448 793 4500; x_wconf 89' lang='lat' dir='ltr'>est</span> <span class='ocrx_word' id='word_1_569' title='bbox 841 4440 1094 4519; x_wconf 84' lang='lat' dir='ltr'>pellicea</span> <span class='ocrx_word' id='word_1_570' title='bbox 1124 4458 1258 4502; x_wconf 92' lang='lat' dir='ltr'>caro</span> <span class='ocrx_word' id='word_1_571' title='bbox 1293 4448 1346 4501; x_wconf 90' lang='lat' dir='ltr'>et</span> <span class='ocrx_word' id='word_1_572' title='bbox 1381 4440 1778 4501; x_wconf 89' lang='lat' dir='ltr'>mortiﬁcatio.</span> <span class='ocrx_word' id='word_1_573' title='bbox 1812 4439 1932 4501; x_wconf 89' lang='lat' dir='ltr'>Hos</span> <span class='ocrx_word' id='word_1_574' title='bbox 1963 4441 2142 4518; x_wconf 89' lang='lat' dir='ltr'>igitur</span> 
     </span>
    </p>
   </div>
   <div class='ocr_carea' id='block_1_76' title="bbox 490 4527 2140 4610">
    <p class='ocr_par' dir='ltr' id='par_1_76' title="bbox 490 4527 2140 4610">
     <span class='ocr_line' id='line_1_76' title="bbox 490 4527 2140 4610; baseline 0.001 -20"><span class='ocrx_word' id='word_1_575' title='bbox 490 4527 641 4590; x_wconf 88' lang='lat' dir='ltr'>duos</span> <span class='ocrx_word' id='word_1_576' title='bbox 673 4528 997 4592; x_wconf 88' lang='lat' dir='ltr'>descensus</span> <span class='ocrx_word' id='word_1_577' title='bbox 1032 4549 1150 4590; x_wconf 90' lang='lat' dir='ltr'>non</span> <span class='ocrx_word' id='word_1_578' title='bbox 1178 4537 1369 4610; x_wconf 88' lang='lat' dir='ltr'>potest</span> <span class='ocrx_word' id='word_1_579' title='bbox 1401 4535 1640 4610; x_wconf 89' lang='lat' dir='ltr'>portare</span> <span class='ocrx_word' id='word_1_580' title='bbox 1667 4529 2028 4607; x_wconf 76' lang='lat' dir='ltr'>Praecursor,</span> <span class='ocrx_word' id='word_1_581' title='bbox 2056 4532 2140 4592; x_wconf 90' lang='lat' dir='ltr'>in-</span> 
     </span>
    </p>
   </div>
   <div class='ocr_carea' id='block_1_77' title="bbox 2322 3190 3895 3272">
    <p class='ocr_par' dir='ltr' id='par_1_77' title="bbox 2322 3190 3895 3272">
     <span class='ocr_line' id='line_1_77' title="bbox 2322 3190 3895 3272; baseline 0.003 -24"><span class='ocrx_word' id='word_1_582' title='bbox 2322 3216 2349 3248; x_wconf 68' lang='lat' dir='ltr'>c</span> <span class='ocrx_word' id='word_1_583' title='bbox 2379 3192 2528 3272; x_wconf 85' lang='grc' dir='ltr'>Ἐγὼ</span> <span class='ocrx_word' id='word_1_584' title='bbox 2572 3195 2668 3270; x_wconf 80' lang='grc' dir='ltr'>μὲν</span> <span class='ocrx_word' id='word_1_585' title='bbox 2699 3195 2935 3270; x_wconf 82' lang='grc' dir='ltr'>βαπτίζω</span> <span class='ocrx_word' id='word_1_586' title='bbox 2983 3191 3117 3266; x_wconf 74' lang='grc' dir='ltr'>ὑμᾶς</span> <span class='ocrx_word' id='word_1_587' title='bbox 3174 3195 3231 3246; x_wconf 64' lang='lat' dir='ltr'>iv</span> <span class='ocrx_word' id='word_1_588' title='bbox 3260 3190 3409 3249; x_wconf 68' lang='grc' dir='ltr'>ὕδασι</span> <span class='ocrx_word' id='word_1_589' title='bbox 3445 3195 3518 3257; x_wconf 85' lang='grc' dir='ltr'>είς</span> <span class='ocrx_word' id='word_1_590' title='bbox 3551 3197 3835 3270; x_wconf 80' lang='grc' dir='ltr'>μετάνοιαν</span> <span class='ocrx_word' id='word_1_591' title='bbox 3876 3213 3895 3229; x_wconf 87' lang='grc'>⁶</span> 
     </span>
    </p>
   </div>
   <div class='ocr_carea' id='block_1_78' title="bbox 2233 3280 3882 3363">
    <p class='ocr_par' dir='ltr' id='par_1_78' title="bbox 2233 3280 3882 3363">
     <span class='ocr_line' id='line_1_78' title="bbox 2233 3280 3882 3363; baseline 0.002 -25"><span class='ocrx_word' id='word_1_592' title='bbox 2233 3285 2261 3338; x_wconf 90' lang='lat'>6</span> <span class='ocrx_word' id='word_1_593' title='bbox 2292 3280 2345 3338; x_wconf 77' lang='grc' dir='ltr'>δὲ</span> <span class='ocrx_word' id='word_1_594' title='bbox 2378 3284 2548 3340; x_wconf 83' lang='grc' dir='ltr'>ὀπίσω</span> <span class='ocrx_word' id='word_1_595' title='bbox 2577 3305 2678 3357; x_wconf 83' lang='grc' dir='ltr'>μου</span> <span class='ocrx_word' id='word_1_596' title='bbox 2723 3282 3037 3363; x_wconf 81' lang='grc' dir='ltr'>ἐρχόμενος,</span> <span class='ocrx_word' id='word_1_597' title='bbox 3097 3281 3440 3361; x_wconf 78' lang='grc' dir='ltr'>ἰσχυρότερός</span> <span class='ocrx_word' id='word_1_598' title='bbox 3486 3307 3586 3356; x_wconf 83' lang='grc' dir='ltr'>μου</span> <span class='ocrx_word' id='word_1_599' title='bbox 3631 3285 3796 3344; x_wconf 73' lang='grc' dir='ltr'>ἐστιν.</span> <span class='ocrx_word' id='word_1_600' title='bbox 3852 3311 3882 3342; x_wconf 75' lang='grc' dir='ltr'><strong><em>ι</em></strong></span> 
     </span>
    </p>
   </div>
   <div class='ocr_carea' id='block_1_79' title="bbox 2234 3371 3892 3450">
    <p class='ocr_par' dir='ltr' id='par_1_79' title="bbox 2234 3371 3892 3450">
     <span class='ocr_line' id='line_1_79' title="bbox 2234 3371 3892 3450; baseline 0.003 -22"><span class='ocrx_word' id='word_1_601' title='bbox 2234 3375 2401 3428; x_wconf 84' lang='grc' dir='ltr'>Εἶπεν</span> <span class='ocrx_word' id='word_1_602' title='bbox 2431 3373 2613 3436; x_wconf 70' lang='grc' dir='ltr'>αὐτοῖς</span> <span class='ocrx_word' id='word_1_603' title='bbox 2648 3389 2662 3406; x_wconf 84' lang='grc'><strong><em>⁸</em></strong></span> <span class='ocrx_word' id='word_1_604' title='bbox 2725 3373 2991 3443; x_wconf 74' lang='grc' dir='ltr'>Ποιήσατε</span> <span class='ocrx_word' id='word_1_605' title='bbox 3020 3371 3246 3450; x_wconf 83' lang='grc' dir='ltr'>καρπόν.</span> <span class='ocrx_word' id='word_1_606' title='bbox 3297 3373 3564 3429; x_wconf 78' lang='grc' dir='ltr'>Δείκνυσιν</span> <span class='ocrx_word' id='word_1_607' title='bbox 3619 3377 3707 3432; x_wconf 74' lang='grc' dir='ltr'>οὖν</span> <span class='ocrx_word' id='word_1_608' title='bbox 3735 3377 3814 3442; x_wconf 86' lang='grc' dir='ltr'>τίς</span> <span class='ocrx_word' id='word_1_609' title='bbox 3863 3378 3892 3432; x_wconf 85' lang='lat'>6</span> 
     </span>
    </p>
   </div>
   <div class='ocr_carea' id='block_1_80' title="bbox 2231 3460 3892 3545">
    <p class='ocr_par' dir='ltr' id='par_1_80' title="bbox 2231 3460 3892 3545">
     <span class='ocr_line' id='line_1_80' title="bbox 2231 3460 3892 3545; baseline 0.002 -28"><span class='ocrx_word' id='word_1_610' title='bbox 2231 3463 2460 3542; x_wconf 83' lang='grc' dir='ltr'>καρπὸς,</span> <span class='ocrx_word' id='word_1_611' title='bbox 2492 3460 2573 3518; x_wconf 79' lang='grc' dir='ltr'>ὅτι</span> <span class='ocrx_word' id='word_1_612' title='bbox 2615 3464 2675 3518; x_wconf 81' lang='grc' dir='ltr'>τὸ</span> <span class='ocrx_word' id='word_1_613' title='bbox 2708 3468 2982 3518; x_wconf 82' lang='grc' dir='ltr'>πιστεῦσαι</span> <span class='ocrx_word' id='word_1_614' title='bbox 3026 3461 3100 3523; x_wconf 81' lang='grc' dir='ltr'>εἰς</span> <span class='ocrx_word' id='word_1_615' title='bbox 3160 3461 3251 3518; x_wconf 79' lang='grc' dir='ltr'>τὸν</span> <span class='ocrx_word' id='word_1_616' title='bbox 3296 3462 3467 3518; x_wconf 85' lang='grc' dir='ltr'>ὀπίσω</span> <span class='ocrx_word' id='word_1_617' title='bbox 3499 3464 3655 3520; x_wconf 78' lang='grc' dir='ltr'>αὐτοῦ</span> <span class='ocrx_word' id='word_1_618' title='bbox 3715 3464 3892 3545; x_wconf 79' lang='grc' dir='ltr'>ἐρχό-</span> 
     </span>
    </p>
   </div>
   <div class='ocr_carea' id='block_1_81' title="bbox 2233 3547 3898 3631">
    <p class='ocr_par' dir='ltr' id='par_1_81' title="bbox 2233 3547 3898 3631">
     <span class='ocr_line' id='line_1_81' title="bbox 2233 3547 3898 3631; baseline 0.003 -26"><span class='ocrx_word' id='word_1_619' title='bbox 2233 3571 2413 3624; x_wconf 87' lang='grc' dir='ltr'>μενον.</span> <span class='ocrx_word' id='word_1_620' title='bbox 2489 3552 2692 3609; x_wconf 85' lang='grc' dir='ltr'>Ὀπίσω</span> <span class='ocrx_word' id='word_1_621' title='bbox 2759 3551 2813 3607; x_wconf 82' lang='grc' dir='ltr'>δὲ</span> <span class='ocrx_word' id='word_1_622' title='bbox 2872 3551 3029 3607; x_wconf 73' lang='grc' dir='ltr'>αὐτοῦ</span> <span class='ocrx_word' id='word_1_623' title='bbox 3101 3547 3304 3630; x_wconf 73' lang='grc' dir='ltr'>ἤρχετο</span> <span class='ocrx_word' id='word_1_624' title='bbox 3363 3553 3391 3607; x_wconf 89' lang='lat'>6</span> <span class='ocrx_word' id='word_1_625' title='bbox 3435 3553 3659 3631; x_wconf 77' lang='grc' dir='ltr'>Χριστός</span> <span class='ocrx_word' id='word_1_626' title='bbox 3693 3572 3711 3590; x_wconf 79' lang='grc' dir='ltr'><strong>ο</strong></span> <span class='ocrx_word' id='word_1_627' title='bbox 3758 3557 3898 3611; x_wconf 80' lang='grc' dir='ltr'>καθὸ</span> 
     </span>
    </p>
   </div>
   <div class='ocr_carea' id='block_1_82' title="bbox 2234 3637 3893 3719">
    <p class='ocr_par' dir='ltr' id='par_1_82' title="bbox 2234 3637 3893 3719">
     <span class='ocr_line' id='line_1_82' title="bbox 2234 3637 3893 3719; baseline 0.004 -26"><span class='ocrx_word' id='word_1_628' title='bbox 2234 3640 2321 3694; x_wconf 85' lang='grc' dir='ltr'>καὶ</span> <span class='ocrx_word' id='word_1_629' title='bbox 2379 3637 2594 3719; x_wconf 75' lang='grc' dir='ltr'>ὕστερος</span> <span class='ocrx_word' id='word_1_630' title='bbox 2667 3639 2825 3697; x_wconf 76' lang='grc' dir='ltr'>αὒτοῦ</span> <span class='ocrx_word' id='word_1_631' title='bbox 2879 3638 2946 3707; x_wconf 77' lang='grc' dir='ltr'>ἦν</span> <span class='ocrx_word' id='word_1_632' title='bbox 3000 3638 3136 3695; x_wconf 84' lang='grc' dir='ltr'>κατᾶ</span> <span class='ocrx_word' id='word_1_633' title='bbox 3169 3640 3268 3706; x_wconf 81' lang='grc' dir='ltr'>τὴν</span> <span class='ocrx_word' id='word_1_634' title='bbox 3313 3639 3585 3717; x_wconf 86' lang='grc' dir='ltr'>γέννησιν,</span> <span class='ocrx_word' id='word_1_635' title='bbox 3619 3640 3669 3707; x_wconf 78' lang='grc' dir='ltr'>ἕξ</span> <span class='ocrx_word' id='word_1_636' title='bbox 3698 3643 3893 3717; x_wconf 82' lang='grc' dir='ltr'>μόνοις</span> 
     </span>
    </p>
   </div>
   <div class='ocr_carea' id='block_1_83' title="bbox 2234 3727 3894 3810">
    <p class='ocr_par' dir='ltr' id='par_1_83' title="bbox 2234 3727 3894 3810">
     <span class='ocr_line' id='line_1_83' title="bbox 2234 3727 3894 3810; baseline 0.002 -26"><span class='ocrx_word' id='word_1_637' title='bbox 2234 3731 2419 3803; x_wconf 84' lang='grc' dir='ltr'>μησὶν,</span> <span class='ocrx_word' id='word_1_638' title='bbox 2486 3728 2621 3785; x_wconf 77' lang='grc' dir='ltr'>ἀλλὰ</span> <span class='ocrx_word' id='word_1_639' title='bbox 2683 3731 2771 3786; x_wconf 88' lang='grc' dir='ltr'>καὶ</span> <span class='ocrx_word' id='word_1_640' title='bbox 2823 3729 2960 3785; x_wconf 79' lang='grc' dir='ltr'>κατὰ</span> <span class='ocrx_word' id='word_1_641' title='bbox 3005 3728 3099 3795; x_wconf 75' lang='grc' dir='ltr'>τὴν</span> <span class='ocrx_word' id='word_1_642' title='bbox 3165 3727 3481 3808; x_wconf 70' lang='grc' dir='ltr'>φανέρωσιν,</span> <span class='ocrx_word' id='word_1_643' title='bbox 3543 3727 3894 3810; x_wconf 76' lang='grc' dir='ltr'>Ἐφανερώθη</span> 
     </span>
    </p>
   </div>
   <div class='ocr_carea' id='block_1_84' title="bbox 2233 3817 3894 3899">
    <p class='ocr_par' dir='ltr' id='par_1_84' title="bbox 2233 3817 3894 3899">
     <span class='ocr_line' id='line_1_84' title="bbox 2233 3817 3894 3899; baseline 0.001 -24"><span class='ocrx_word' id='word_1_644' title='bbox 2233 3818 2328 3895; x_wconf 80' lang='grc' dir='ltr'>γὺρ</span> <span class='ocrx_word' id='word_1_645' title='bbox 2371 3818 2620 3899; x_wconf 83' lang='grc' dir='ltr'>πρότέρον</span> <span class='ocrx_word' id='word_1_646' title='bbox 2681 3821 2708 3875; x_wconf 86' lang='grc' dir='ltr'><strong>ὁ</strong></span> <span class='ocrx_word' id='word_1_647' title='bbox 2761 3817 3085 3898; x_wconf 82' lang='grc' dir='ltr'>Πρόδρομος,</span> <span class='ocrx_word' id='word_1_648' title='bbox 3159 3817 3284 3874; x_wconf 77' lang='grc' dir='ltr'>εἶτα</span> <span class='ocrx_word' id='word_1_649' title='bbox 3361 3820 3388 3873; x_wconf 88' lang='lat'>6</span> <span class='ocrx_word' id='word_1_650' title='bbox 3457 3821 3703 3894; x_wconf 81' lang='grc' dir='ltr'>Χριστὸς,</span> <span class='ocrx_word' id='word_1_651' title='bbox 3793 3820 3894 3876; x_wconf 81' lang='grc' dir='ltr'>ὑπ’</span> 
     </span>
    </p>
   </div>
   <div class='ocr_carea' id='block_1_85' title="bbox 2229 3907 3894 3987">
    <p class='ocr_par' dir='ltr' id='par_1_85' title="bbox 2229 3907 3894 3987">
     <span class='ocr_line' id='line_1_85' title="bbox 2229 3907 3894 3987; baseline 0.001 -23"><span class='ocrx_word' id='word_1_652' title='bbox 2229 3911 2383 3966; x_wconf 75' lang='grc' dir='ltr'>αὐτοῦ</span> <span class='ocrx_word' id='word_1_653' title='bbox 2441 3907 2810 3987; x_wconf 82' lang='grc' dir='ltr'>μαρτυρηθείς,</span> <span class='ocrx_word' id='word_1_654' title='bbox 2878 3927 2902 3959; x_wconf 70' lang='grc' dir='ltr'>ε</span> <span class='ocrx_word' id='word_1_655' title='bbox 2939 3909 3010 3964; x_wconf 77' lang='lat'>06</span> <span class='ocrx_word' id='word_1_656' title='bbox 3066 3907 3155 3962; x_wconf 69' lang='grc' dir='ltr'>οὖν</span> <span class='ocrx_word' id='word_1_657' title='bbox 3204 3907 3309 3983; x_wconf 77' lang='grc' dir='ltr'>εἰμὶ</span> <span class='ocrx_word' id='word_1_658' title='bbox 3364 3908 3546 3971; x_wconf 69' lang='grc' dir='ltr'>ἱκανὸς</span> <span class='ocrx_word' id='word_1_659' title='bbox 3590 3909 3654 3964; x_wconf 78' lang='grc' dir='ltr'>τὰ</span> <span class='ocrx_word' id='word_1_660' title='bbox 3682 3908 3894 3980; x_wconf 76' lang='grc' dir='ltr'>ὑποδή-</span> 
     </span>
    </p>
   </div>
   <div class='ocr_carea' id='block_1_86' title="bbox 2228 3991 3894 4076">
    <p class='ocr_par' dir='ltr' id='par_1_86' title="bbox 2228 3991 3894 4076">
     <span class='ocr_line' id='line_1_86' title="bbox 2228 3991 3894 4076; baseline 0.002 -23"><span class='ocrx_word' id='word_1_661' title='bbox 2228 4020 2369 4071; x_wconf 86' lang='grc' dir='ltr'>ματα</span> <span class='ocrx_word' id='word_1_662' title='bbox 2412 3998 2690 4074; x_wconf 84' lang='grc' dir='ltr'>βαστάσαι.</span> <span class='ocrx_word' id='word_1_663' title='bbox 2748 4021 2775 4052; x_wconf 66' lang='grc' dir='ltr'>ι»</span> <span class='ocrx_word' id='word_1_664' title='bbox 2813 3994 2939 4054; x_wconf 76' lang='grc' dir='ltr'>Οὗδὲ</span> <span class='ocrx_word' id='word_1_665' title='bbox 2988 3991 3199 4076; x_wconf 81' lang='grc' dir='ltr'>δοῦλος,</span> <span class='ocrx_word' id='word_1_666' title='bbox 3248 3997 3429 4076; x_wconf 69' lang='grc' dir='ltr'>φησὶν,</span> <span class='ocrx_word' id='word_1_667' title='bbox 3465 3995 3694 4076; x_wconf 79' lang='grc' dir='ltr'>ἔσχατος</span> <span class='ocrx_word' id='word_1_668' title='bbox 3727 4003 3894 4057; x_wconf 76' lang='grc' dir='ltr'>αὐτοῦ</span> 
     </span>
    </p>
   </div>
   <div class='ocr_carea' id='block_1_87' title="bbox 2226 4076 3887 4162">
    <p class='ocr_par' dir='ltr' id='par_1_87' title="bbox 2226 4076 3887 4162">
     <span class='ocr_line' id='line_1_87' title="bbox 2226 4076 3887 4162; baseline 0.001 -21"><span class='ocrx_word' id='word_1_669' title='bbox 2226 4088 2356 4162; x_wconf 78' lang='grc' dir='ltr'>εἰμι,</span> <span class='ocrx_word' id='word_1_670' title='bbox 2416 4087 2553 4144; x_wconf 81' lang='grc' dir='ltr'>ὥστε</span> <span class='ocrx_word' id='word_1_671' title='bbox 2584 4087 2858 4162; x_wconf 79' lang='grc' dir='ltr'>βαστάζειν</span> <span class='ocrx_word' id='word_1_672' title='bbox 2907 4091 3089 4141; x_wconf 80' lang='grc' dir='ltr'>ταῦτα’</span> <span class='ocrx_word' id='word_1_673' title='bbox 3130 4076 3477 4161; x_wconf 69' lang='grc' dir='ltr'>’Υποδήματα</span> <span class='ocrx_word' id='word_1_674' title='bbox 3534 4085 3587 4141; x_wconf 83' lang='grc' dir='ltr'>δὲ</span> <span class='ocrx_word' id='word_1_675' title='bbox 3639 4089 3887 4161; x_wconf 75' lang='grc' dir='ltr'>νοήσεις,</span> 
     </span>
    </p>
   </div>
   <div class='ocr_carea' id='block_1_88' title="bbox 2224 4174 3895 4255">
    <p class='ocr_par' dir='ltr' id='par_1_88' title="bbox 2224 4174 3895 4255">
     <span class='ocr_line' id='line_1_88' title="bbox 2224 4174 3895 4255; baseline 0.001 -23"><span class='ocrx_word' id='word_1_676' title='bbox 2224 4178 2312 4232; x_wconf 81' lang='grc' dir='ltr'>καὶ</span> <span class='ocrx_word' id='word_1_677' title='bbox 2369 4178 2463 4241; x_wconf 77' lang='grc' dir='ltr'>τὰς</span> <span class='ocrx_word' id='word_1_678' title='bbox 2527 4174 2614 4233; x_wconf 84' lang='grc' dir='ltr'>δύο</span> <span class='ocrx_word' id='word_1_679' title='bbox 2673 4175 2989 4239; x_wconf 77' lang='grc' dir='ltr'>καταϐάσεις</span> <span class='ocrx_word' id='word_1_680' title='bbox 3049 4176 3226 4250; x_wconf 69' lang='grc' dir='ltr'>αὐτοῦ,</span> <span class='ocrx_word' id='word_1_681' title='bbox 3284 4177 3384 4244; x_wconf 73' lang='grc' dir='ltr'>τήν</span> <span class='ocrx_word' id='word_1_682' title='bbox 3438 4195 3494 4230; x_wconf 89' lang='grc' dir='ltr'>τε</span> <span class='ocrx_word' id='word_1_683' title='bbox 3554 4175 3606 4241; x_wconf 77' lang='grc' dir='ltr'>ἐξ</span> <span class='ocrx_word' id='word_1_684' title='bbox 3664 4179 3895 4255; x_wconf 74' lang='grc' dir='ltr'>ούρανοῦ</span> 
     </span>
    </p>
   </div>
   <div class='ocr_carea' id='block_1_89' title="bbox 2227 4256 3888 4346">
    <p class='ocr_par' dir='ltr' id='par_1_89' title="bbox 2227 4256 3888 4346">
     <span class='ocr_line' id='line_1_89' title="bbox 2227 4256 3888 4346; baseline 0.002 -26"><span class='ocrx_word' id='word_1_685' title='bbox 2227 4267 2298 4329; x_wconf 77' lang='grc' dir='ltr'>εἰς</span> <span class='ocrx_word' id='word_1_686' title='bbox 2357 4272 2482 4346; x_wconf 75' lang='grc' dir='ltr'>γῆν,</span> <span class='ocrx_word' id='word_1_687' title='bbox 2545 4268 2633 4322; x_wconf 83' lang='grc' dir='ltr'>καὶ</span> <span class='ocrx_word' id='word_1_688' title='bbox 2669 4267 2767 4334; x_wconf 75' lang='grc' dir='ltr'>τὴν</span> <span class='ocrx_word' id='word_1_689' title='bbox 2815 4268 2875 4321; x_wconf 69' lang='grc' dir='ltr'>ὲκ</span> <span class='ocrx_word' id='word_1_690' title='bbox 2927 4266 3030 4343; x_wconf 78' lang='grc' dir='ltr'>γῆς</span> <span class='ocrx_word' id='word_1_691' title='bbox 3075 4265 3148 4328; x_wconf 86' lang='grc' dir='ltr'>εἷς</span> <span class='ocrx_word' id='word_1_692' title='bbox 3192 4265 3283 4320; x_wconf 77' lang='grc' dir='ltr'>τὸν</span> <span class='ocrx_word' id='word_1_693' title='bbox 3339 4263 3492 4337; x_wconf 74' lang='grc' dir='ltr'>ᾅδην.</span> <span class='ocrx_word' id='word_1_694' title='bbox 3533 4256 3888 4343; x_wconf 71' lang='grc' dir='ltr'>ιΥποδήμιιτα</span> 
     </span>
    </p>
   </div>
   <div class='ocr_carea' id='block_1_90' title="bbox 2223 4352 3891 4435">
    <p class='ocr_par' dir='ltr' id='par_1_90' title="bbox 2223 4352 3891 4435">
     <span class='ocr_line' id='line_1_90' title="bbox 2223 4352 3891 4435; baseline 0.001 -23"><span class='ocrx_word' id='word_1_695' title='bbox 2223 4356 2323 4434; x_wconf 83' lang='grc' dir='ltr'>γάρ</span> <span class='ocrx_word' id='word_1_696' title='bbox 2376 4359 2504 4412; x_wconf 75' lang='grc' dir='ltr'>εἰσιν</span> <span class='ocrx_word' id='word_1_697' title='bbox 2544 4358 2579 4424; x_wconf 76' lang='grc' dir='ltr'>ἡ</span> <span class='ocrx_word' id='word_1_698' title='bbox 2610 4353 2893 4435; x_wconf 77' lang='grc' dir='ltr'>δερματίνη</span> <span class='ocrx_word' id='word_1_699' title='bbox 2937 4352 3085 4433; x_wconf 79' lang='grc' dir='ltr'>σὰρξ,</span> <span class='ocrx_word' id='word_1_700' title='bbox 3135 4355 3222 4410; x_wconf 81' lang='grc' dir='ltr'>καὶ</span> <span class='ocrx_word' id='word_1_701' title='bbox 3253 4355 3287 4421; x_wconf 77' lang='grc' dir='ltr'>ἡ</span> <span class='ocrx_word' id='word_1_702' title='bbox 3329 4353 3617 4433; x_wconf 90' lang='grc' dir='ltr'>νέκρωσις,</span> <span class='ocrx_word' id='word_1_703' title='bbox 3677 4356 3891 4423; x_wconf 81' lang='grc' dir='ltr'>Ταύτας</span> 
     </span>
    </p>
   </div>
   <div class='ocr_carea' id='block_1_91' title="bbox 2224 4440 3893 4520">
    <p class='ocr_par' dir='ltr' id='par_1_91' title="bbox 2224 4440 3893 4520">
     <span class='ocr_line' id='line_1_91' title="bbox 2224 4440 3893 4520; baseline 0.003 -22"><span class='ocrx_word' id='word_1_704' title='bbox 2224 4444 2311 4499; x_wconf 80' lang='grc' dir='ltr'>οὖν</span> <span class='ocrx_word' id='word_1_705' title='bbox 2369 4446 2463 4508; x_wconf 83' lang='grc' dir='ltr'>τὰς</span> <span class='ocrx_word' id='word_1_706' title='bbox 2520 4443 2609 4501; x_wconf 85' lang='grc' dir='ltr'>δύο</span> <span class='ocrx_word' id='word_1_707' title='bbox 2681 4441 3022 4519; x_wconf 82' lang='grc' dir='ltr'>καταϐάσεις,</span> <span class='ocrx_word' id='word_1_708' title='bbox 3113 4445 3172 4502; x_wconf 81' lang='grc' dir='ltr'>οὖ</span> <span class='ocrx_word' id='word_1_709' title='bbox 3247 4440 3460 4500; x_wconf 80' lang='grc' dir='ltr'>δύναται</span> <span class='ocrx_word' id='word_1_710' title='bbox 3533 4444 3793 4520; x_wconf 83' lang='grc' dir='ltr'>βαστάσαι</span> <span class='ocrx_word' id='word_1_711' title='bbox 3858 4449 3893 4503; x_wconf 84' lang='grc' dir='ltr'>ὁ</span> 
     </span>
    </p>
   </div>
   <div class='ocr_carea' id='block_1_92' title="bbox 2223 4530 3889 4615">
    <p class='ocr_par' dir='ltr' id='par_1_92' title="bbox 2223 4530 3889 4615">
     <span class='ocr_line' id='line_1_92' title="bbox 2223 4530 3889 4615; baseline 0.001 -26"><span class='ocrx_word' id='word_1_712' title='bbox 2223 4533 2550 4615; x_wconf 81' lang='grc' dir='ltr'>Πρόδρομος,</span> <span class='ocrx_word' id='word_1_713' title='bbox 2627 4534 2704 4610; x_wconf 77' lang='grc' dir='ltr'>μὴ</span> <span class='ocrx_word' id='word_1_714' title='bbox 2791 4530 3076 4603; x_wconf 80' lang='grc' dir='ltr'>δυνάμενος</span> <span class='ocrx_word' id='word_1_715' title='bbox 3160 4533 3348 4599; x_wconf 84' lang='grc' dir='ltr'>νοῆσαι</span> <span class='ocrx_word' id='word_1_716' title='bbox 3432 4539 3548 4597; x_wconf 85' lang='grc' dir='ltr'>πῶς</span> <span class='ocrx_word' id='word_1_717' title='bbox 3607 4532 3889 4613; x_wconf 74' lang='grc' dir='ltr'>ἐγένοντο.</span> 
     </span>
    </p>
   </div>
   <div class='ocr_carea' id='block_1_93' title="bbox 485 4617 2144 4701">
    <p class='ocr_par' dir='ltr' id='par_1_93' title="bbox 485 4617 2137 4700">
     <span class='ocr_line' id='line_1_93' title="bbox 485 4617 2137 4700; baseline 0.002 -24"><span class='ocrx_word' id='word_1_718' title='bbox 485 4617 758 4697; x_wconf 87' lang='lat' dir='ltr'>telligere</span> <span class='ocrx_word' id='word_1_719' title='bbox 787 4638 906 4679; x_wconf 91' lang='lat' dir='ltr'>non</span> <span class='ocrx_word' id='word_1_720' title='bbox 936 4619 1137 4680; x_wconf 90' lang='lat' dir='ltr'>valens</span> <span class='ocrx_word' id='word_1_721' title='bbox 1163 4620 1462 4700; x_wconf 92' lang='lat' dir='ltr'>quomodo</span> <span class='ocrx_word' id='word_1_722' title='bbox 1488 4620 1624 4680; x_wconf 83' lang='lat' dir='ltr'>facti</span> <span class='ocrx_word' id='word_1_723' title='bbox 1645 4619 1780 4680; x_wconf 91' lang='lat' dir='ltr'>sint.</span> <span class='ocrx_word' id='word_1_724' title='bbox 1823 4641 1846 4675; x_wconf 70' lang='grc' dir='ltr'>ιι</span> <span class='ocrx_word' id='word_1_725' title='bbox 1870 4621 2004 4698; x_wconf 92' lang='lat' dir='ltr'>Ipse</span> <span class='ocrx_word' id='word_1_726' title='bbox 2035 4639 2137 4681; x_wconf 88' lang='lat' dir='ltr'>vos</span> 
     </span>
    </p>
   </div>
   <div class='ocr_carea' id='block_1_94' title="bbox 2229 4617 3892 4701">
    <p class='ocr_par' dir='ltr' id='par_1_94' title="bbox 2229 4620 3892 4701">
     <span class='ocr_line' id='line_1_94' title="bbox 2229 4620 3892 4701; baseline 0.001 -22"><span class='ocrx_word' id='word_1_727' title='bbox 2229 4646 2250 4679; x_wconf 80' lang='grc' dir='ltr'>(ι</span> <span class='ocrx_word' id='word_1_728' title='bbox 2302 4627 2468 4688; x_wconf 78' lang='grc' dir='ltr'>Αὐτὸς</span> <span class='ocrx_word' id='word_1_729' title='bbox 2499 4627 2636 4700; x_wconf 74' lang='grc' dir='ltr'>ὑμᾶς</span> <span class='ocrx_word' id='word_1_730' title='bbox 2691 4623 2932 4700; x_wconf 88' lang='grc' dir='ltr'>βαπτίσει</span> <span class='ocrx_word' id='word_1_731' title='bbox 2977 4620 3031 4678; x_wconf 77' lang='grc' dir='ltr'>ἐν</span> <span class='ocrx_word' id='word_1_732' title='bbox 3092 4621 3359 4698; x_wconf 82' lang='grc' dir='ltr'>Πνεύματι</span> <span class='ocrx_word' id='word_1_733' title='bbox 3418 4623 3572 4701; x_wconf 83' lang='grc' dir='ltr'>ἁγίῳ,</span> <span class='ocrx_word' id='word_1_734' title='bbox 3627 4647 3657 4680; x_wconf 73' lang='grc' dir='ltr'><strong><em>ι</em></strong></span> <span class='ocrx_word' id='word_1_735' title='bbox 3704 4634 3892 4683; x_wconf 82' lang='grc' dir='ltr'>Τουτ-</span> 
     </span>
    </p>
   </div>
   <div class='ocr_carea' id='block_1_95' title="bbox 483 4705 2136 4788">
    <p class='ocr_par' dir='ltr' id='par_1_95' title="bbox 483 4705 2136 4788">
     <span class='ocr_line' id='line_1_95' title="bbox 483 4705 2136 4788; baseline 0 -20"><span class='ocrx_word' id='word_1_736' title='bbox 483 4705 802 4788; x_wconf 86' lang='lat' dir='ltr'>baptizabit</span> <span class='ocrx_word' id='word_1_737' title='bbox 832 4709 892 4769; x_wconf 90' lang='lat' dir='ltr'>in</span> <span class='ocrx_word' id='word_1_738' title='bbox 914 4708 1138 4788; x_wconf 92' lang='lat' dir='ltr'>Spiritu</span> <span class='ocrx_word' id='word_1_739' title='bbox 1169 4708 1567 4772; x_wconf 71' lang='lat' dir='ltr'>sancto.uHoc</span> <span class='ocrx_word' id='word_1_740' title='bbox 1587 4709 2013 4784; x_wconf 87' lang='lat' dir='ltr'>est,inundabit</span> <span class='ocrx_word' id='word_1_741' title='bbox 2033 4727 2136 4770; x_wconf 89' lang='lat' dir='ltr'>vos</span> 
     </span>
    </p>
   </div>
   <div class='ocr_carea' id='block_1_96' title="bbox 486 4796 2131 4883">
    <p class='ocr_par' dir='ltr' id='par_1_96' title="bbox 486 4796 2131 4883">
     <span class='ocr_line' id='line_1_96' title="bbox 486 4796 2131 4883; baseline 0.001 -28"><span class='ocrx_word' id='word_1_742' title='bbox 486 4796 729 4874; x_wconf 77' lang='lat' dir='ltr'>largiter</span> <span class='ocrx_word' id='word_1_743' title='bbox 759 4797 1012 4878; x_wconf 88' lang='lat' dir='ltr'>Spiritus</span> <span class='ocrx_word' id='word_1_744' title='bbox 1043 4799 1231 4858; x_wconf 89' lang='lat' dir='ltr'>sancti</span> <span class='ocrx_word' id='word_1_745' title='bbox 1267 4798 1640 4883; x_wconf 59' lang='lat' dir='ltr'>gra&#39;tiis,quia</span> <span class='ocrx_word' id='word_1_746' title='bbox 1663 4817 1882 4878; x_wconf 92' lang='lat' dir='ltr'>meum,</span> <span class='ocrx_word' id='word_1_747' title='bbox 1917 4797 2131 4879; x_wconf 89' lang='lat' dir='ltr'>inquit,</span> 
     </span>
    </p>
   </div>
   <div class='ocr_carea' id='block_1_97' title="bbox 486 4885 2134 4969">
    <p class='ocr_par' dir='ltr' id='par_1_97' title="bbox 486 4885 2134 4969">
     <span class='ocr_line' id='line_1_97' title="bbox 486 4885 2134 4969; baseline 0.001 -21"><span class='ocrx_word' id='word_1_748' title='bbox 486 4885 779 4967; x_wconf 89' lang='lat' dir='ltr'>baptisma</span> <span class='ocrx_word' id='word_1_749' title='bbox 809 4909 928 4950; x_wconf 92' lang='lat' dir='ltr'>non</span> <span class='ocrx_word' id='word_1_750' title='bbox 961 4890 1060 4950; x_wconf 89' lang='lat' dir='ltr'>dat</span> <span class='ocrx_word' id='word_1_751' title='bbox 1089 4889 1458 4969; x_wconf 85' lang='lat' dir='ltr'>spiritualcm</span> <span class='ocrx_word' id='word_1_752' title='bbox 1489 4891 1765 4968; x_wconf 90' lang='lat' dir='ltr'>gratiam,</span> <span class='ocrx_word' id='word_1_753' title='bbox 1806 4890 1906 4951; x_wconf 91' lang='lat' dir='ltr'>sed</span> <span class='ocrx_word' id='word_1_754' title='bbox 1941 4907 2134 4968; x_wconf 86' lang='lat' dir='ltr'>neque</span> 
     </span>
    </p>
   </div>
   <div class='ocr_carea' id='block_1_98' title="bbox 487 4977 2133 5058">
    <p class='ocr_par' dir='ltr' id='par_1_98' title="bbox 487 4977 2133 5058">
     <span class='ocr_line' id='line_1_98' title="bbox 487 4977 2133 5058; baseline 0.002 -24"><span class='ocrx_word' id='word_1_755' title='bbox 487 4985 865 5053; x_wconf 89' lang='lat' dir='ltr'>peccatorum</span> <span class='ocrx_word' id='word_1_756' title='bbox 900 4979 1318 5041; x_wconf 90' lang='lat' dir='ltr'>remissionem</span> <span class='ocrx_word' id='word_1_757' title='bbox 1352 5002 1363 5043; x_wconf 94' lang='lat'>:</span> <span class='ocrx_word' id='word_1_758' title='bbox 1400 4980 1529 5058; x_wconf 88' lang='lat' dir='ltr'>ipse</span> <span class='ocrx_word' id='word_1_759' title='bbox 1559 4986 1754 5039; x_wconf 84' lang='lat' dir='ltr'>autem</span> <span class='ocrx_word' id='word_1_760' title='bbox 1784 4987 1842 5040; x_wconf 88' lang='lat' dir='ltr'>et</span> <span class='ocrx_word' id='word_1_761' title='bbox 1870 4977 2133 5040; x_wconf 89' lang='lat' dir='ltr'>remittet</span> 
     </span>
    </p>
   </div>
   <div class='ocr_carea' id='block_1_99' title="bbox 486 5062 1906 5148">
    <p class='ocr_par' dir='ltr' id='par_1_99' title="bbox 486 5062 1906 5148">
     <span class='ocr_line' id='line_1_99' title="bbox 486 5062 1906 5148; baseline 0.005 -26"><span class='ocrx_word' id='word_1_762' title='bbox 486 5062 652 5124; x_wconf 73' lang='lat' dir='ltr'>vobis</span> <span class='ocrx_word' id='word_1_763' title='bbox 686 5075 950 5145; x_wconf 83' lang='lat' dir='ltr'>peccata,</span> <span class='ocrx_word' id='word_1_764' title='bbox 981 5075 1039 5128; x_wconf 90' lang='lat' dir='ltr'>et</span> <span class='ocrx_word' id='word_1_765' title='bbox 1069 5067 1353 5148; x_wconf 81' lang='lat' dir='ltr'>Spiritum</span> <span class='ocrx_word' id='word_1_766' title='bbox 1380 5067 1704 5130; x_wconf 88' lang='lat' dir='ltr'>liberaliter</span> <span class='ocrx_word' id='word_1_767' title='bbox 1723 5066 1906 5129; x_wconf 91' lang='lat' dir='ltr'>dabit.</span> 
     </span>
    </p>
   </div>
   <div class='ocr_carea' id='block_1_100' title="bbox 569 5154 2122 5236">
    <p class='ocr_par' dir='ltr' id='par_1_100' title="bbox 569 5154 2122 5236">
     <span class='ocr_line' id='line_1_100' title="bbox 569 5154 2122 5236; baseline 0.001 -22"><span class='ocrx_word' id='word_1_768' title='bbox 569 5154 754 5216; x_wconf 80' lang='lat' dir='ltr'>VERS.</span> <span class='ocrx_word' id='word_1_769' title='bbox 786 5155 879 5217; x_wconf 78' lang='grc'>12.</span> <span class='ocrx_word' id='word_1_770' title='bbox 919 5179 944 5210; x_wconf 71' lang='grc' dir='ltr'>α</span> <span class='ocrx_word' id='word_1_771' title='bbox 973 5154 1151 5236; x_wconf 85' lang='lat' dir='ltr'>Cujus</span> <span class='ocrx_word' id='word_1_772' title='bbox 1179 5158 1571 5219; x_wconf 90' lang='lat' dir='ltr'>ventilabrum</span> <span class='ocrx_word' id='word_1_773' title='bbox 1604 5157 1666 5217; x_wconf 90' lang='lat' dir='ltr'>in</span> <span class='ocrx_word' id='word_1_774' title='bbox 1699 5177 1876 5219; x_wconf 89' lang='lat' dir='ltr'>manu</span> <span class='ocrx_word' id='word_1_775' title='bbox 1910 5158 2059 5236; x_wconf 88' lang='lat' dir='ltr'>ejus.</span> <span class='ocrx_word' id='word_1_776' title='bbox 2101 5182 2122 5216; x_wconf 74' lang='grc' dir='ltr'>ι)</span> 
     </span>
    </p>
   </div>
   <div class='ocr_carea' id='block_1_101' title="bbox 483 5240 2133 5328">
    <p class='ocr_par' dir='ltr' id='par_1_101' title="bbox 483 5240 2133 5328">
     <span class='ocr_line' id='line_1_101' title="bbox 483 5240 2133 5328; baseline 0.003 -25"><span class='ocrx_word' id='word_1_777' title='bbox 483 5240 615 5304; x_wconf 89' lang='lat' dir='ltr'>Non</span> <span class='ocrx_word' id='word_1_778' title='bbox 647 5243 905 5305; x_wconf 88' lang='lat' dir='ltr'>credatis</span> <span class='ocrx_word' id='word_1_779' title='bbox 937 5246 1093 5324; x_wconf 90' lang='lat' dir='ltr'>quod</span> <span class='ocrx_word' id='word_1_780' title='bbox 1146 5248 1196 5307; x_wconf 93' lang='lat' dir='ltr'>si</span> <span class='ocrx_word' id='word_1_781' title='bbox 1227 5247 1502 5328; x_wconf 89' lang='lat' dir='ltr'>baptizati</span> <span class='ocrx_word' id='word_1_782' title='bbox 1534 5247 1764 5308; x_wconf 83' lang='lat' dir='ltr'>fueritis</span> <span class='ocrx_word' id='word_1_783' title='bbox 1791 5246 1862 5308; x_wconf 87' lang='lat' dir='ltr'>ab</span> <span class='ocrx_word' id='word_1_784' title='bbox 1906 5246 2030 5322; x_wconf 92' lang='lat' dir='ltr'>illo,</span> <span class='ocrx_word' id='word_1_785' title='bbox 2076 5254 2133 5308; x_wconf 92' lang='lat' dir='ltr'>et</span> 
     </span>
    </p>
   </div>
   <div class='ocr_carea' id='block_1_102' title="bbox 2219 4712 3890 4790">
    <p class='ocr_par' dir='ltr' id='par_1_102' title="bbox 2219 4712 3890 4790">
     <span class='ocr_line' id='line_1_102' title="bbox 2219 4712 3890 4790; baseline 0.001 -22"><span class='ocrx_word' id='word_1_786' title='bbox 2219 4715 2351 4788; x_wconf 83' lang='grc' dir='ltr'>ἐστι,</span> <span class='ocrx_word' id='word_1_787' title='bbox 2416 4713 2740 4771; x_wconf 84' lang='grc' dir='ltr'>Κατακλύσει</span> <span class='ocrx_word' id='word_1_788' title='bbox 2801 4714 2937 4787; x_wconf 82' lang='grc' dir='ltr'>ὑμᾶς</span> <span class='ocrx_word' id='word_1_789' title='bbox 2983 4712 3220 4790; x_wconf 75' lang='grc' dir='ltr'>ἀφθόνως</span> <span class='ocrx_word' id='word_1_790' title='bbox 3288 4723 3411 4777; x_wconf 79' lang='grc' dir='ltr'>ταῖς</span> <span class='ocrx_word' id='word_1_791' title='bbox 3479 4719 3572 4769; x_wconf 82' lang='grc' dir='ltr'>τοῦ</span> <span class='ocrx_word' id='word_1_792' title='bbox 3627 4715 3890 4790; x_wconf 79' lang='grc' dir='ltr'>Πνεύμα-</span> 
     </span>
    </p>
   </div>
   <div class='ocr_carea' id='block_1_103' title="bbox 2215 4801 3886 4884">
    <p class='ocr_par' dir='ltr' id='par_1_103' title="bbox 2215 4801 3886 4884">
     <span class='ocr_line' id='line_1_103' title="bbox 2215 4801 3886 4884; baseline 0.007 -31"><span class='ocrx_word' id='word_1_793' title='bbox 2215 4827 2306 4868; x_wconf 85' lang='grc' dir='ltr'>τος</span> <span class='ocrx_word' id='word_1_794' title='bbox 2368 4805 2614 4884; x_wconf 81' lang='grc' dir='ltr'>χάριστιν</span> <span class='ocrx_word' id='word_1_795' title='bbox 2659 4801 2808 4859; x_wconf 67' lang='grc' dir='ltr'>Ἐπεὶ</span> <span class='ocrx_word' id='word_1_796' title='bbox 2851 4803 2912 4859; x_wconf 82' lang='grc' dir='ltr'>τὸ</span> <span class='ocrx_word' id='word_1_797' title='bbox 2970 4802 3068 4878; x_wconf 79' lang='grc' dir='ltr'>μὲν</span> <span class='ocrx_word' id='word_1_798' title='bbox 3100 4801 3249 4878; x_wconf 78' lang='grc' dir='ltr'>ἐμὸν,</span> <span class='ocrx_word' id='word_1_799' title='bbox 3283 4803 3437 4882; x_wconf 77' lang='grc' dir='ltr'>φησὶ,</span> <span class='ocrx_word' id='word_1_800' title='bbox 3469 4803 3769 4884; x_wconf 83' lang='grc' dir='ltr'>βάπτισμα,</span> <span class='ocrx_word' id='word_1_801' title='bbox 3817 4807 3886 4864; x_wconf 77' lang='grc' dir='ltr'>οὔ</span> 
     </span>
    </p>
   </div>
   <div class='ocr_carea' id='block_1_104' title="bbox 2215 4888 3882 4974">
    <p class='ocr_par' dir='ltr' id='par_1_104' title="bbox 2215 4888 3882 4974">
     <span class='ocr_line' id='line_1_104' title="bbox 2215 4888 3882 4974; baseline 0.002 -26"><span class='ocrx_word' id='word_1_802' title='bbox 2215 4890 2391 4949; x_wconf 80' lang='grc' dir='ltr'>δίδωσι</span> <span class='ocrx_word' id='word_1_803' title='bbox 2464 4892 2826 4967; x_wconf 77' lang='grc' dir='ltr'>πνευματικὴν</span> <span class='ocrx_word' id='word_1_804' title='bbox 2913 4891 3096 4971; x_wconf 52' lang='grc' dir='ltr'>χάριν,</span> <span class='ocrx_word' id='word_1_805' title='bbox 3177 4888 3292 4948; x_wconf 69' lang='grc' dir='ltr'>οὐδὲ</span> <span class='ocrx_word' id='word_1_806' title='bbox 3349 4893 3449 4970; x_wconf 80' lang='grc' dir='ltr'>γὰρ</span> <span class='ocrx_word' id='word_1_807' title='bbox 3512 4892 3614 4960; x_wconf 77' lang='grc' dir='ltr'>τὴν</span> <span class='ocrx_word' id='word_1_808' title='bbox 3690 4892 3882 4974; x_wconf 74' lang='grc' dir='ltr'>ἄφεσιν</span> 
     </span>
    </p>
   </div>
   <div class='ocr_carea' id='block_1_105' title="bbox 2216 4980 3883 5063">
    <p class='ocr_par' dir='ltr' id='par_1_105' title="bbox 2216 4980 3883 5063">
     <span class='ocr_line' id='line_1_105' title="bbox 2216 4980 3883 5063; baseline 0.003 -27"><span class='ocrx_word' id='word_1_809' title='bbox 2216 4982 2531 5056; x_wconf 77' lang='grc' dir='ltr'>ἁμαρτιῶν·</span> <span class='ocrx_word' id='word_1_810' title='bbox 2589 4981 2745 5047; x_wconf 73' lang='grc' dir='ltr'>αὒτὸς</span> <span class='ocrx_word' id='word_1_811' title='bbox 2789 4980 2867 5063; x_wconf 80' lang='grc' dir='ltr'>δὲ,</span> <span class='ocrx_word' id='word_1_812' title='bbox 2927 4981 3016 5037; x_wconf 84' lang='grc' dir='ltr'>καὶ</span> <span class='ocrx_word' id='word_1_813' title='bbox 3072 4981 3265 5061; x_wconf 73' lang='grc' dir='ltr'>ἀφήσει</span> <span class='ocrx_word' id='word_1_814' title='bbox 3322 4983 3474 5058; x_wconf 76' lang='grc' dir='ltr'>ὑμῖν,</span> <span class='ocrx_word' id='word_1_815' title='bbox 3521 4983 3609 5039; x_wconf 79' lang='grc' dir='ltr'>καὶ</span> <span class='ocrx_word' id='word_1_816' title='bbox 3661 4989 3883 5062; x_wconf 66' lang='grc' dir='ltr'>Πνεῦμα</span> 
     </span>
    </p>
   </div>
   <div class='ocr_carea' id='block_1_106' title="bbox 2216 5069 2676 5145">
    <p class='ocr_par' dir='ltr' id='par_1_106' title="bbox 2216 5069 2676 5145">
     <span class='ocr_line' id='line_1_106' title="bbox 2216 5069 2676 5145; baseline 0.002 -19"><span class='ocrx_word' id='word_1_817' title='bbox 2216 5069 2454 5145; x_wconf 77' lang='grc' dir='ltr'>δαψιλῶς</span> <span class='ocrx_word' id='word_1_818' title='bbox 2497 5070 2676 5134; x_wconf 79' lang='grc' dir='ltr'>δώσει,</span> 
     </span>
    </p>
   </div>
   <div class='ocr_carea' id='block_1_107' title="bbox 2302 5157 3878 5240">
    <p class='ocr_par' dir='ltr' id='par_1_107' title="bbox 2302 5157 3878 5240">
     <span class='ocr_line' id='line_1_107' title="bbox 2302 5157 3878 5240; baseline 0.001 -23"><span class='ocrx_word' id='word_1_819' title='bbox 2302 5182 2325 5217; x_wconf 72' lang='grc' dir='ltr'>α</span> <span class='ocrx_word' id='word_1_820' title='bbox 2364 5164 2436 5220; x_wconf 82' lang='grc' dir='ltr'>Οὗ</span> <span class='ocrx_word' id='word_1_821' title='bbox 2476 5162 2538 5217; x_wconf 83' lang='grc' dir='ltr'>τὸ</span> <span class='ocrx_word' id='word_1_822' title='bbox 2573 5161 2736 5217; x_wconf 89' lang='grc' dir='ltr'>πτύον</span> <span class='ocrx_word' id='word_1_823' title='bbox 2794 5159 2847 5214; x_wconf 79' lang='grc' dir='ltr'>ὲν</span> <span class='ocrx_word' id='word_1_824' title='bbox 2901 5165 2971 5236; x_wconf 76' lang='grc' dir='ltr'>τῇ</span> <span class='ocrx_word' id='word_1_825' title='bbox 3012 5161 3154 5240; x_wconf 81' lang='grc' dir='ltr'>χειρὶ</span> <span class='ocrx_word' id='word_1_826' title='bbox 3197 5157 3376 5219; x_wconf 79' lang='grc' dir='ltr'>αὐτοῦ.</span> <span class='ocrx_word' id='word_1_827' title='bbox 3416 5182 3440 5218; x_wconf 72' lang='grc' dir='ltr'><strong><em>ι</em></strong></span> <span class='ocrx_word' id='word_1_828' title='bbox 3479 5160 3568 5228; x_wconf 80' lang='grc' dir='ltr'>Μὴ</span> <span class='ocrx_word' id='word_1_829' title='bbox 3615 5161 3878 5238; x_wconf 80' lang='grc' dir='ltr'>νομίσητε</span> 
     </span>
    </p>
   </div>
   <div class='ocr_carea' id='block_1_108' title="bbox 2215 5245 3872 5330">
    <p class='ocr_par' dir='ltr' id='par_1_108' title="bbox 2215 5245 3872 5330">
     <span class='ocr_line' id='line_1_108' title="bbox 2215 5245 3872 5330; baseline 0.002 -25"><span class='ocrx_word' id='word_1_830' title='bbox 2215 5248 2295 5306; x_wconf 83' lang='grc' dir='ltr'>ὅτι</span> <span class='ocrx_word' id='word_1_831' title='bbox 2349 5252 2440 5308; x_wconf 73' lang='grc' dir='ltr'>ἒὰν</span> <span class='ocrx_word' id='word_1_832' title='bbox 2520 5252 2844 5328; x_wconf 75' lang='grc' dir='ltr'>βαπτισθῆτε</span> <span class='ocrx_word' id='word_1_833' title='bbox 2895 5245 2983 5304; x_wconf 79' lang='grc' dir='ltr'>ὑπ’</span> <span class='ocrx_word' id='word_1_834' title='bbox 3036 5249 3256 5329; x_wconf 82' lang='grc' dir='ltr'>ἐκείνου,</span> <span class='ocrx_word' id='word_1_835' title='bbox 3315 5249 3438 5306; x_wconf 75' lang='grc' dir='ltr'>εἶτα</span> <span class='ocrx_word' id='word_1_836' title='bbox 3502 5251 3872 5330; x_wconf 68' lang='grc' dir='ltr'>ἆμαρτάνητε,</span> 
     </span>
    </p>
   </div>
   <div class='ocr_carea' id='block_1_109' title="bbox 485 5331 2144 5422">
    <p class='ocr_par' dir='ltr' id='par_1_109' title="bbox 485 5331 2127 5422">
     <span class='ocr_line' id='line_1_109' title="bbox 485 5331 2127 5422; baseline 0.003 -30"><span class='ocrx_word' id='word_1_837' title='bbox 485 5331 703 5422; x_wconf 89' lang='lat' dir='ltr'>deinde</span> <span class='ocrx_word' id='word_1_838' title='bbox 728 5335 1132 5414; x_wconf 88' lang='lat' dir='ltr'>peccaveritis,</span> <span class='ocrx_word' id='word_1_839' title='bbox 1166 5336 1427 5415; x_wconf 88' lang='lat' dir='ltr'>ignoscat</span> <span class='ocrx_word' id='word_1_840' title='bbox 1459 5337 1645 5398; x_wconf 63' lang='lat' dir='ltr'>vobis.</span> <span class='ocrx_word' id='word_1_841' title='bbox 1682 5336 1827 5398; x_wconf 90' lang='lat' dir='ltr'>Nam</span> <span class='ocrx_word' id='word_1_842' title='bbox 1859 5336 2127 5398; x_wconf 87' lang='lat' dir='ltr'>etventi-</span> 
     </span>
    </p>
   </div>
   <div class='ocr_carea' id='block_1_110' title="bbox 2229 5331 3867 5422">
    <p class='ocr_par' dir='ltr' id='par_1_110' title="bbox 2229 5335 3867 5422">
     <span class='ocr_line' id='line_1_110' title="bbox 2229 5335 3867 5422; baseline 0.001 -27"><span class='ocrx_word' id='word_1_843' title='bbox 2229 5342 2553 5421; x_wconf 73' lang='grc' dir='ltr'>τυγχωρήσει</span> <span class='ocrx_word' id='word_1_844' title='bbox 2613 5340 2771 5417; x_wconf 72' lang='grc' dir='ltr'>ὑμῖν.</span> <span class='ocrx_word' id='word_1_845' title='bbox 2831 5335 2996 5394; x_wconf 77' lang='grc' dir='ltr'>Ἀλλὰ</span> <span class='ocrx_word' id='word_1_846' title='bbox 3045 5339 3132 5395; x_wconf 84' lang='grc' dir='ltr'>καὶ</span> <span class='ocrx_word' id='word_1_847' title='bbox 3190 5339 3353 5397; x_wconf 78' lang='grc' dir='ltr'>πτύον</span> <span class='ocrx_word' id='word_1_848' title='bbox 3413 5339 3556 5422; x_wconf 75' lang='grc' dir='ltr'>ἔχει,</span> <span class='ocrx_word' id='word_1_849' title='bbox 3604 5341 3867 5419; x_wconf 82' lang='grc' dir='ltr'>τουτέστι,</span> 
     </span>
    </p>
   </div>
   <div class='ocr_carea' id='block_1_111' title="bbox 479 5419 2144 5510">
    <p class='ocr_par' dir='ltr' id='par_1_111' title="bbox 479 5419 2123 5506">
     <span class='ocr_line' id='line_1_111' title="bbox 479 5419 2123 5506; baseline 0.004 -26"><span class='ocrx_word' id='word_1_850' title='bbox 479 5419 713 5483; x_wconf 87' lang='lat' dir='ltr'>labrum</span> <span class='ocrx_word' id='word_1_851' title='bbox 748 5423 946 5498; x_wconf 90' lang='lat' dir='ltr'>habet,</span> <span class='ocrx_word' id='word_1_852' title='bbox 973 5425 1086 5485; x_wconf 91' lang='lat' dir='ltr'>hoc</span> <span class='ocrx_word' id='word_1_853' title='bbox 1112 5434 1220 5501; x_wconf 89' lang='lat' dir='ltr'>est,</span> <span class='ocrx_word' id='word_1_854' title='bbox 1250 5426 1542 5505; x_wconf 79' lang='lat' dir='ltr'>judicium</span> <span class='ocrx_word' id='word_1_855' title='bbox 1577 5426 2123 5506; x_wconf 89' lang='lat' dir='ltr'>etinquisitionem.</span> 
     </span>
    </p>
   </div>
   <div class='ocr_carea' id='block_1_112' title="bbox 2229 5419 3873 5510">
    <p class='ocr_par' dir='ltr' id='par_1_112' title="bbox 2229 5419 3873 5510">
     <span class='ocr_line' id='line_1_112' title="bbox 2229 5419 3873 5510; baseline 0.001 -24"><span class='ocrx_word' id='word_1_856' title='bbox 2229 5419 2377 5510; x_wconf 73' lang='grc' dir='ltr'>ιρίσιν</span> <span class='ocrx_word' id='word_1_857' title='bbox 2436 5432 2521 5488; x_wconf 70' lang='grc' dir='ltr'>καὶ</span> <span class='ocrx_word' id='word_1_858' title='bbox 2575 5429 2834 5497; x_wconf 74' lang='grc' dir='ltr'>ἒξέτασιν.</span> <span class='ocrx_word' id='word_1_859' title='bbox 2888 5451 2910 5484; x_wconf 79' lang='grc' dir='ltr'>ε</span> <span class='ocrx_word' id='word_1_860' title='bbox 2967 5429 3066 5485; x_wconf 85' lang='grc' dir='ltr'>Καὶ</span> <span class='ocrx_word' id='word_1_861' title='bbox 3138 5419 3481 5508; x_wconf 52' lang='grc' dir='ltr'>διακαθαριεῖ</span> <span class='ocrx_word' id='word_1_862' title='bbox 3525 5431 3624 5498; x_wconf 77' lang='grc' dir='ltr'>τὴν</span> <span class='ocrx_word' id='word_1_863' title='bbox 3688 5429 3873 5489; x_wconf 69' lang='grc' dir='ltr'>ἅλωνα</span> 
     </span>
    </p>
   </div>
   <div class='ocr_carea' id='block_1_113' title="bbox 487 5511 2144 5600">
    <p class='ocr_par' dir='ltr' id='par_1_113' title="bbox 487 5511 2121 5597">
     <span class='ocr_line' id='line_1_113' title="bbox 487 5511 2121 5597; baseline 0.006 -31"><span class='ocrx_word' id='word_1_864' title='bbox 487 5532 510 5566; x_wconf 73' lang='grc' dir='ltr'><strong><em>α</em></strong></span> <span class='ocrx_word' id='word_1_865' title='bbox 548 5511 618 5572; x_wconf 91' lang='lat' dir='ltr'>Et</span> <span class='ocrx_word' id='word_1_866' title='bbox 645 5512 989 5593; x_wconf 88' lang='lat' dir='ltr'>repurgabit</span> <span class='ocrx_word' id='word_1_867' title='bbox 1025 5531 1219 5574; x_wconf 86' lang='lat' dir='ltr'>aream</span> <span class='ocrx_word' id='word_1_868' title='bbox 1243 5534 1431 5576; x_wconf 90' lang='lat' dir='ltr'>suam.</span> <span class='ocrx_word' id='word_1_869' title='bbox 1452 5515 1606 5578; x_wconf 61' lang='lat' dir='ltr'>:Hoc</span> <span class='ocrx_word' id='word_1_870' title='bbox 1629 5525 1739 5591; x_wconf 87' lang='lat' dir='ltr'>est,</span> <span class='ocrx_word' id='word_1_871' title='bbox 1771 5515 2121 5597; x_wconf 89' lang='lat' dir='ltr'>Ecclesiam,</span> 
     </span>
    </p>
   </div>
   <div class='ocr_carea' id='block_1_114' title="bbox 2229 5511 3872 5600">
    <p class='ocr_par' dir='ltr' id='par_1_114' title="bbox 2229 5513 3872 5600">
     <span class='ocr_line' id='line_1_114' title="bbox 2229 5513 3872 5600; baseline 0.001 -23"><span class='ocrx_word' id='word_1_872' title='bbox 2229 5525 2387 5583; x_wconf 75' lang='grc' dir='ltr'>ιῦτοῠ.</span> <span class='ocrx_word' id='word_1_873' title='bbox 2431 5540 2461 5580; x_wconf 80' lang='grc'><strong>)</strong></span> <span class='ocrx_word' id='word_1_874' title='bbox 2527 5522 2799 5600; x_wconf 85' lang='grc' dir='ltr'>Τουτέστι,</span> <span class='ocrx_word' id='word_1_875' title='bbox 2859 5518 2960 5586; x_wconf 74' lang='grc' dir='ltr'>τὴν</span> <span class='ocrx_word' id='word_1_876' title='bbox 3018 5513 3365 5595; x_wconf 79' lang='grc' dir='ltr'>Ἐκκλησίαν,</span> <span class='ocrx_word' id='word_1_877' title='bbox 3453 5519 3571 5588; x_wconf 70' lang='grc' dir='ltr'>ἥτις</span> <span class='ocrx_word' id='word_1_878' title='bbox 3631 5519 3872 5586; x_wconf 84' lang='grc' dir='ltr'>πολλοὺς</span> 
     </span>
    </p>
   </div>
   <div class='ocr_carea' id='block_1_115' title="bbox 477 5603 2144 5692">
    <p class='ocr_par' dir='ltr' id='par_1_115' title="bbox 477 5603 2123 5686">
     <span class='ocr_line' id='line_1_115' title="bbox 477 5603 2123 5686; baseline 0.004 -24"><span class='ocrx_word' id='word_1_879' title='bbox 477 5619 608 5681; x_wconf 59' lang='lat' dir='ltr'>qua</span> <span class='ocrx_word' id='word_1_880' title='bbox 639 5603 854 5664; x_wconf 91' lang='lat' dir='ltr'>multos</span> <span class='ocrx_word' id='word_1_881' title='bbox 907 5603 1150 5684; x_wconf 92' lang='lat' dir='ltr'>quidem</span> <span class='ocrx_word' id='word_1_882' title='bbox 1205 5605 1381 5666; x_wconf 89' lang='lat' dir='ltr'>habet</span> <span class='ocrx_word' id='word_1_883' title='bbox 1411 5605 1754 5686; x_wconf 89' lang='lat' dir='ltr'>baptizatos,</span> <span class='ocrx_word' id='word_1_884' title='bbox 1787 5607 1939 5668; x_wconf 87' lang='lat' dir='ltr'>sicut</span> <span class='ocrx_word' id='word_1_885' title='bbox 1984 5625 2123 5668; x_wconf 88' lang='lat' dir='ltr'>area</span> 
     </span>
    </p>
   </div>
   <div class='ocr_carea' id='block_1_116' title="bbox 2229 5603 3873 5692">
    <p class='ocr_par' dir='ltr' id='par_1_116' title="bbox 2229 5608 3873 5692">
     <span class='ocr_line' id='line_1_116' title="bbox 2229 5608 3873 5692; baseline 0.002 -26"><span class='ocrx_word' id='word_1_886' title='bbox 2229 5611 2302 5666; x_wconf 78' lang='grc' dir='ltr'>ιὲν</span> <span class='ocrx_word' id='word_1_887' title='bbox 2353 5612 2473 5692; x_wconf 79' lang='grc' dir='ltr'>ἔχει</span> <span class='ocrx_word' id='word_1_888' title='bbox 2530 5608 3007 5688; x_wconf 79' lang='grc' dir='ltr'>βεϐαπτισμένους,</span> <span class='ocrx_word' id='word_1_889' title='bbox 3073 5608 3251 5687; x_wconf 82' lang='grc' dir='ltr'>ὥσπερ</span> <span class='ocrx_word' id='word_1_890' title='bbox 3316 5609 3369 5668; x_wconf 80' lang='grc' dir='ltr'>ἐν</span> <span class='ocrx_word' id='word_1_891' title='bbox 3414 5617 3483 5688; x_wconf 79' lang='grc' dir='ltr'>τῇ</span> <span class='ocrx_word' id='word_1_892' title='bbox 3541 5609 3706 5668; x_wconf 74' lang='grc' dir='ltr'>ἅλωνι</span> <span class='ocrx_word' id='word_1_893' title='bbox 3761 5619 3873 5669; x_wconf 81' lang='grc' dir='ltr'>πᾶν</span> 
     </span>
    </p>
   </div>
   <div class='ocr_carea' id='block_1_117' title="bbox 475 5693 2144 5781">
    <p class='ocr_par' dir='ltr' id='par_1_117' title="bbox 475 5693 2120 5774">
     <span class='ocr_line' id='line_1_117' title="bbox 475 5693 2120 5774; baseline 0.003 -23"><span class='ocrx_word' id='word_1_894' title='bbox 475 5707 651 5756; x_wconf 88' lang='lat' dir='ltr'>omne</span> <span class='ocrx_word' id='word_1_895' title='bbox 682 5693 838 5774; x_wconf 89' lang='lat' dir='ltr'>quod</span> <span class='ocrx_word' id='word_1_896' title='bbox 860 5693 921 5754; x_wconf 91' lang='lat' dir='ltr'>in</span> <span class='ocrx_word' id='word_1_897' title='bbox 950 5712 1090 5771; x_wconf 88' lang='lat' dir='ltr'>agro</span> <span class='ocrx_word' id='word_1_898' title='bbox 1127 5695 1350 5756; x_wconf 91' lang='lat' dir='ltr'>cultum</span> <span class='ocrx_word' id='word_1_899' title='bbox 1383 5694 1490 5756; x_wconf 83' lang='lat' dir='ltr'>fuit</span> <span class='ocrx_word' id='word_1_900' title='bbox 1522 5712 1535 5751; x_wconf 88' lang='lat'><strong>:</strong></span> <span class='ocrx_word' id='word_1_901' title='bbox 1571 5696 1674 5756; x_wconf 91' lang='lat' dir='ltr'>sed</span> <span class='ocrx_word' id='word_1_902' title='bbox 1707 5698 1859 5758; x_wconf 88' lang='lat' dir='ltr'>inter</span> <span class='ocrx_word' id='word_1_903' title='bbox 1890 5697 1999 5757; x_wconf 91' lang='lat' dir='ltr'>hos</span> <span class='ocrx_word' id='word_1_904' title='bbox 2021 5697 2120 5758; x_wconf 82' lang='lat' dir='ltr'>alii</span> 
     </span>
    </p>
   </div>
   <div class='ocr_carea' id='block_1_118' title="bbox 2229 5693 3869 5781">
    <p class='ocr_par' dir='ltr' id='par_1_118' title="bbox 2234 5699 3869 5781">
     <span class='ocr_line' id='line_1_118' title="bbox 2234 5699 3869 5781; baseline 0.002 -26"><span class='ocrx_word' id='word_1_905' title='bbox 2234 5702 2261 5755; x_wconf 89' lang='lat'>6</span> <span class='ocrx_word' id='word_1_906' title='bbox 2296 5709 2552 5780; x_wconf 86' lang='grc' dir='ltr'>γεώργιον</span> <span class='ocrx_word' id='word_1_907' title='bbox 2585 5718 2600 5733; x_wconf 82' lang='grc'><strong>⁸</strong></span> <span class='ocrx_word' id='word_1_908' title='bbox 2650 5699 2769 5755; x_wconf 79' lang='grc' dir='ltr'>ἀλλ’</span> <span class='ocrx_word' id='word_1_909' title='bbox 2816 5699 2870 5753; x_wconf 74' lang='grc' dir='ltr'>ἰν</span> <span class='ocrx_word' id='word_1_910' title='bbox 2925 5700 3156 5774; x_wconf 86' lang='grc' dir='ltr'>τούτοις,</span> <span class='ocrx_word' id='word_1_911' title='bbox 3215 5700 3263 5754; x_wconf 76' lang='grc' dir='ltr'>οἱ</span> <span class='ocrx_word' id='word_1_912' title='bbox 3317 5701 3414 5776; x_wconf 81' lang='grc' dir='ltr'>μέν</span> <span class='ocrx_word' id='word_1_913' title='bbox 3478 5702 3609 5758; x_wconf 83' lang='grc' dir='ltr'>εὶσιν</span> <span class='ocrx_word' id='word_1_914' title='bbox 3658 5702 3869 5781; x_wconf 68' lang='grc' dir='ltr'>ἄχυρα,</span> 
     </span>
    </p>
   </div>
  </div>
