4204 6412
224 381 233 391 ·
334 361 435 429 ΥΠ

1011 364 1463 431 ENARRATIO
1504 364 1587 427 IN
1630 356 2141 426 EVANGELIUM
2185 358 2584 423 MATTHEI.
2633 392 2710 405 —
2752 356 2918 423 CAP.
2964 358 3075 422 III.

3637 343 3751 410 178

342 498 453 556 ’ὀσσὶ
500 499 691 580 κοῦφοί
765 500 868 557 εἱσι
956 500 1048 557 καὶ
1093 512 1214 563 τοῖς
1270 498 1532 574 πνεύμασι
1588 500 1685 563 τῆς
1746 495 1994 572 ποδηρίας

2085 489 2330 572 quidem
2352 499 2489 555 sunt
2515 491 2773 574 palea,hi
2796 489 3026 554 scilicet
3043 490 3151 573 qui
3177 489 3343 554 leves
3374 495 3607 580 sunt,et
3623 490 3747 580 spig-

349 590 635 665 κινούμενοι
671 604 686 619 ⁸
737 590 789 647 οἱ
851 587 934 668 δὲ,
991 601 1168 664 σῖτος,
1196 587 1311 645 ὅσοι
1342 588 1429 644 καὶ
1472 585 1679 665 ἑτέρους
1713 583 2000 664 ὠφελοῦσι,

346 680 432 736 καὶ
485 678 731 756 τρέφουσι
788 676 875 735 διὰ
953 675 1295 743 διδασκαλίας
1353 680 1443 733 καὶ
1482 674 1745 755 πράξεως,
1812 696 1840 730 α
1904 677 2003 732 Καὶ

338 766 548 833 συνάξει
605 768 697 824 τὸν
751 782 901 824 σῖτον
975 769 1051 832 εἰς
1107 768 1205 833 τὴν
1248 766 1531 836 ἀποθήκην
1585 765 1744 821 αὐτοῦ
1776 782 1791 800 ⁸
1840 762 1901 819 τὰ
1946 760 2001 817 δὲ

343 856 369 873 ν
831 856 843 877 ι
1091 857 1103 874 ε
1159 856 1173 875 ν
1266 854 1276 871 ι
1521 843 1559 881 ’1
1646 852 1677 879 ρ

337 880 549 936 αχυρον
606 877 931 912 κατακαυσει
987 878 1108 934 πυρι
1151 853 1414 931 ασϐεστῳ,
1454 878 1481 910 ε
1567 853 1832 911 Ασοεστόν
1890 852 2001 909 ἐστι

333 946 399 1001 16
447 955 552 1024 πῦρ
601 944 779 1003 ἐκεῖνο
808 963 826 982 ⁸
886 945 1028 1002 ὥστε
1100 943 1320 1026 φλυαρεῖ
1391 948 1419 1001 6
1477 941 1783 1023 Ὠριγένης,
1828 940 1998 1021 λέγων

337 1034 430 1092 ὅτι
460 1035 609 1092 ἶσται
638 1034 792 1099 τέλος
836 1040 935 1103 τῆς
964 1033 1259 1101 κολάσεως,

432 1149 459 1180 ι
492 1124 623 1184 Τότε
674 1126 1023 1205 παραγίνεται
1077 1128 1105 1181 ὁ
1158 1122 1365 1191 Ἰησοῦς
1422 1124 1528 1181 ἀπό
1586 1128 1685 1191 τῆς
1716 1120 1999 1184 Γαλιλαίας

350 1215 437 1271 ἐπὶ
489 1216 581 1271 τὸν
621 1212 887 1293 Ἰορδάνην
942 1216 1077 1291 πρὸς
1119 1216 1207 1270 τὸν
1255 1212 1533 1286 Ἰωάννην,
1582 1220 1674 1271 τοῦ
1703 1214 2001 1289 βαπτισθῆ-

348 1326 430 1359 ναι
476 1301 569 1360 ὑπ’
626 1304 782 1361 αὑτοῦ
816 1319 831 1335 ⁸
865 1305 893 1360 6
958 1302 1010 1359 δὲ
1071 1300 1322 1370 Ἰωάννης
1364 1300 1644 1359 διεκώλυεν
1693 1303 1873 1379 αὐτὸν,
1904 1298 1999 1356 λέ-

343 1415 478 1469 γων,
533 1415 558 1449 ε
599 1394 833 1472 Καθαρὸς
862 1394 937 1449 ὢν
980 1392 1313 1472 βαπτίζεται,
1358 1392 1450 1448 ’ίνα
1491 1393 1635 1468 ἡμᾶς
1666 1389 1946 1467 ἀποπλύνῃ
1980 1405 1994 1419 ⁸

342 1482 434 1537 καὶ
493 1481 589 1538 ἵνα
835 1483 996 1557 ἡμῖν,
1055 1480 1142 1539 ἐπ’
1190 1480 1252 1538 ἂν
1295 1480 1579 1558 μέλλωμεν
1622 1480 1997 1558 βαπτισθῆναι,

336 1571 784 1650 προκαθαίρεσθαι
818 1587 832 1602 ⁸
922 1570 1017 1627 ’ἕνα
1071 1572 1150 1647 μὴ
1211 1570 1523 1647 μολύνωμεν
1576 1572 1637 1627 τό
1695 1570 1996 1647 βάπτισμα,

334 1661 478 1736 μετὰ
521 1667 688 1717 ταῦτα
745 1659 978 1725 εὐκόλως
1029 1660 1402 1739 ῥυπαινόμενοι
1454 1658 1539 1717 διὰ
1607 1660 1707 1728 τὴν
1760 1659 1998 1738 πονηρὰν

2082 580 2301 642 ritibus
2328 582 2570 644 malitia;
2598 581 2896 662 agitantur
2928 602 2941 639 :
2976 580 3078 642 alii
3106 589 3303 642 autem
3337 579 3743 662 triticum,qui

2082 669 2216 732 aliis
2248 670 2422 733 utiles
2454 680 2685 746 sunt,et
2706 670 2853 733 alios
2886 678 3134 750 pascunt
3162 670 3434 733 doctrina
3458 678 3516 732 et
3534 688 3743 752 opere.

2088 782 2111 815 ι
2144 761 2218 822 Et
2238 761 2619 841 congregabit
2641 761 2900 823 triticum
2933 769 2992 823 et
3022 761 3307 823 horreum
3331 761 3744 843 suum,pa1eas

2085 857 2281 911 autem
2317 848 2629 913 comburet
2681 851 2800 931 igni
2858 849 3351 930 inexstinguibili.
3389 869 3413 902 ι
3442 851 3741 915 Inexstin-

2085 939 2369 1018 guibilem
2401 941 2566 1002 illum
2586 942 2785 1020 ignem
2817 951 3011 1003 vocat.
3047 940 3216 1004 Unde
3261 949 3512 1020 nugatur
3540 940 3742 1020 Orige-

2088 1046 2218 1103 nes,
2251 1030 2458 1093 dicens
2488 1037 2645 1112 quod
2676 1030 2908 1092 futurus
2937 1030 3013 1091 sit
3044 1029 3180 1091 finis
3200 1031 3658 1112 suppliciorum.

2166 1120 2773 1190 VERs.i3,14.«Tunc
2795 1119 2959 1181 venit
2987 1120 3160 1182 Jesus
3184 1138 3216 1180 a
3246 1119 3486 1183 Galilaea
3515 1121 3575 1182 in
3598 1120 3737 1184 Jor-

2084 1206 2302 1270 danem
2325 1209 2398 1271 ad
2430 1211 2816 1283 Joannem,ut
2845 1208 3249 1289 baptizaretur
3278 1209 3352 1270 ab
3380 1212 3741 1273 eoJoaunes

2082 1305 2278 1359 autem
2315 1298 2672 1380 prohibebat
2702 1316 2861 1372 eum,
2895 1296 3322 1362 dicens.»Cum
3345 1298 3607 1361 mundus
3640 1317 3740 1361 es-

2082 1395 2194 1462 set,
2229 1387 2581 1469 baptizatur,
2612 1396 2677 1450 ut
2705 1406 2813 1449 nos
2840 1386 3062 1460 abluat,
3116 1395 3177 1449 et
3207 1395 3270 1449 ut
3307 1388 3585 1450 ostendat
3632 1408 3739 1451 no-

2083 1475 2175 1537 bis
2206 1477 2364 1558 quod
2417 1477 2468 1539 si
2517 1476 2801 1557 baptizari
2833 1476 3104 1552 velimus,
3140 1477 3305 1557 prius
3349 1477 3736 1555 mundemur,

2081 1573 2147 1626 ut
2176 1584 2253 1628 ne
2283 1564 2669 1647 inquinemus
2701 1567 3012 1645 baptisma,
3049 1574 3251 1646 postea
3277 1566 3449 1628 facile
3497 1568 3559 1629 in
3600 1586 3733 1630 sor-

2082 1653 2189 1715 des
2236 1654 2580 1717 relabentes
2636 1663 2882 1736 propter
2948 1655 3162 1718 malam
3214 1656 3733 1721 consuetudinem.

336 1752 646 1820 συνήθειαν,
698 1748 898 1809 κωλύει
963 1749 1019 1807 δί
1076 1753 1234 1809 αὐτὸν
1290 1753 1318 1807 6
1367 1749 1643 1831 Ἰωάννης,
1674 1747 1767 1806 ἵνα
1811 1749 1888 1825 μὴ
1916 1771 1994 1805 νο-

2082 1743 2375 1808 Prohibet
2396 1752 2595 1807 autem
2619 1763 2757 1807 eum
2785 1744 3143 1821 Joannes,ut
3158 1764 3233 1807 ne
3260 1745 3535 1809 videntes
3563 1745 3734 1809 illum

335 1843 567 1915 μίσωσιν
629 1842 676 1897 οἱ
734 1843 985 1921 ὁρῶντες,
1029 1842 1118 1897 καὶ
1169 1840 1327 1898 αὑτὸν
1380 1842 1452 1906 ὡς
1509 1839 1599 1897 ἕνα
1647 1845 1753 1896 τῶν
1780 1836 1995 1896 πολλῶν

334 1932 409 1993 εἰς
468 1930 761 2005 μετάνοιαν
826 1930 1239 2007 βαπτιζόμενον.
1319 1953 1348 1985 α
1410 1927 1555 2008 Ἐγὼ
1612 1930 1797 2010 χρείαν
1882 1925 1997 2007 ἔχω

329 2020 436 2075 ὑπὸ
486 2028 584 2077 σοῦ
636 2019 1028 2095 βαπτισθῆναι.
1065 2042 1093 2074 ι
1130 2019 1318 2097 Χρείαν
1348 2018 1448 2098 γὰρ
1478 2018 1639 2098 εἶχεν
1691 2020 1725 2087 ἡ
1758 2014 1993 2096 Πρόδρο-

332 2130 441 2183 μος
484 2109 591 2165 ὕπὸ
633 2116 730 2165 τοῦ
764 2112 950 2187 Κυρίου
991 2109 1391 2187 καθαρισθῆναι,
1454 2098 1547 2171 Ὠς
1592 2108 1690 2186 γὰρ
1741 2106 1846 2163 ἀπὸ
1901 2113 1995 2164 τοῦ

336 2195 515 2273 Ἀδὰμ
573 2198 969 2279 καταγόμενος,
1030 2198 1115 2255 καὶ
1142 2199 1296 2263 αὐτὸς
1328 2197 1611 2276 ἓπεσύρετο
1640 2199 1702 2253 τὸ
1745 2194 1992 2273 μόλυσμα

331 2289 395 2342 1'0
440 2289 501 2342 εκ
542 2290 643 2355 τῆς
692 2290 970 2367 παρακοῆς
1004 2304 1020 2319 ⁸
1080 2289 1107 2344 6
1168 2288 1391 2366 Χριστὸς
1436 2284 1489 2344 δι
1520 2287 1828 2366 σαρκωθεὶς,
1863 2285 1994 2342 ἐκα-

337 2382 511 2455 θάρισε
540 2380 772 2443 πάντας.
813 2400 843 2440 ι
878 2383 976 2440 Καὶ
1034 2381 1094 2438 σὺ
1136 2381 1275 2461 ἔρχῃ
1306 2382 1437 2461 πρός
1468 2403 1534 2457 με
1564 2401 1580 2462 ;
1617 2404 1645 2437 ι
1681 2382 1787 2439 Οὐκ
1831 2377 1991 2435 ἐτόλ-

340 2491 509 2544 μησεν
556 2472 760 2550 εἰπεῖν,
821 2473 901 2527 ὁτι
955 2472 1053 2529 Καὶ
1103 2472 1165 2527 σὺ
1219 2472 1448 2547 βαπτίζῃ
1476 2469 1564 2527 ὑπ’
1593 2470 1772 2550 ἐμοῦ;
1828 2467 1987 2545 ἀλλὰ,

336 2561 435 2618 Καὶ
465 2560 526 2616 σὺ
548 2559 693 2640 ἔρχῃ
730 2579 747 2636 ;
781 2584 811 2616 ι
847 2558 1011 2624 οὕτως
1054 2558 1363 2628 ηὐλαϐεττο.

411 2668 445 2708 (
494 2651 836 2728 Ἀποκριθεὶς
892 2648 949 2706 δὲ
1020 2651 1048 2706 6
1099 2649 1333 2722 Ἰησοῦς,
1393 2650 1519 2707 εἷπε
1575 2650 1704 2728 πρὸς
1762 2648 1923 2709 αὐτόν
1970 2666 1986 2684 ο

333 2728 519 2818 ’Ἄφες
566 2738 705 2817 ἄρτι.
748 2763 771 2795 ι
838 2746 967 2819 Νῦν,
1030 2740 1183 2820 φησὶ,
1238 2739 1633 2820 παραχώρησον
1668 2757 1681 2771 ⁸
1745 2737 1892 2795 ἔσται
1934 2736 1991 2794 δὲ

334 2831 529 2905 καιρὸς
589 2827 675 2885 ὅτε
730 2830 826 2897 τὴν
868 2828 1014 2895 ἀξίαν
1098 2826 1249 2895 δόξαν
1325 2827 1533 2909 ἕξομεν,
1599 2828 1699 2884 κᾶν
1770 2828 1849 2903 μὴ
1904 2837 1992 2887 νῦν

344 2918 684 2995 φαινώμεθα,
744 2939 767 2973 ι
801 2916 952 2976 Οὕτω
1006 2917 1107 2996 γὰρ
1163 2917 1366 2997 πρέπον
1410 2918 1549 2976 ἐστὶν
1604 2921 1736 2991 ἡμῖν
1768 2915 1991 2995 πληρῶ-

352 3028 452 3062 σαι
515 3012 688 3061 πᾶσαν
729 3004 1078 3075 δικαιοσύνην,
1131 3030 1156 3065 ε
1205 3009 1306 3067 Τὸν
1336 3008 1498 3085 νόμον
1527 3006 1676 3087 λέγει
1722 3005 1989 3065 δικαιοσύ-

349 3120 478 3163 νην.
540 3095 973 3177 Ἐπικατάρατος,
1018 3097 1199 3177 φησὶν,
1258 3099 1326 3164 ἦν
1377 3099 1411 3166 ἡ
1469 3098 1767 3178 ανθρωπίνη
1811 3097 1986 3178 φύσις,

339 3186 429 3244 ὅτι
482 3188 577 3243 τὸν
633 3186 786 3262 νόμον
837 3191 932 3246 οὐκ
986 3184 1211 3255 ἠδύνατο
1263 3185 1563 3250 τελειῶσαι.
1610 3185 1754 3266 Ἐγὼ
1793 3187 1986 3263 τοίνυν,

328 3273 561 3333 ἐτέλεσα
622 3276 708 3331 καὶ
762 3274 934 3332 τᾶλλα
993 3278 1086 3331 τοῦ
1138 3275 1299 3350 νόμω
1334 3293 1348 3307 ⁸
1408 3275 1577 3333 λείπει
1607 3273 1663 3331 δέ
1693 3297 1784 3352 μοι
1812 3282 1990 3351 τοῦτο,

324 3368 388 3424 16
443 3367 829 3441 βαπτισθῆναι.
910 3373 1075 3424 Τοῦτο
1133 3366 1303 3426 τοίνυν
1386 3365 1631 3446 τελέσας,
1708 3364 1997 3432 ἀπαλλάξω

328 3457 432 3523 τὴν
476 3456 635 3536 φύσιν
676 3459 775 3521 τῆς
802 3452 1061 3534 κατάρας·
1092 3463 1248 3513 τοῦτο
1274 3456 1374 3537 γὰρ
1404 3458 1522 3533 ἐμοὶ
1550 3456 1756 3537 πρέπει.

416 3568 442 3601 ι
495 3545 635 3603 Τότε
702 3543 922 3624 ἀφίησιν
980 3545 1135 3603 αὐτόν
1171 3561 1185 3575 ⁸
1242 3546 1330 3601 καὶ
1395 3547 1701 3622 βαπτισθεὶς
1778 3548 1805 3602 6
1879 3542 1993 3612 Ἰη-

328 3634 478 3698 σῶς.
530 3656 557 3691 ι
626 3633 918 3712 Τριάκοντα
964 3632 1098 3689 ἐτῶν
1123 3634 1199 3691 ὢν
1228 3634 1555 3710 βαπτίζεται,
1605 3634 1719 3692 ἐπεὶ
1768 3632 1901 3701 αὕτη
1959 3634 1994 3702 ἡ

334 3722 514 3791 ἡλικία
578 3720 798 3802 δέχεται
841 3722 1015 3779 πάντα
1069 3724 1138 3779 τὰ.
1190 3723 1574 3800 ἁμαρτήματα.
1614 3722 1703 3782 Ἐν
1733 3724 1830 3800 μὲν
1889 3722 1991 3802 γὰρ

2080 1838 2290 1911 putent
2342 1832 2511 1915 quasi
2561 1852 2746 1895 unum
2806 1851 2876 1895 ex
2947 1833 3151 1895 multis
3197 1833 3271 1895 ad
3322 1835 3734 1915 pmnitentiam

2078 1918 2385 1999 baptizari.
2439 1946 2463 1978 ιι
2498 1922 2643 1985 Mihi
2701 1941 2850 2003 opus
2909 1929 2999 1984 est
3047 1930 3113 1983 ut
3166 1941 3201 1984 a
3259 1928 3316 1984 te
3361 1923 3645 2005 baptizer.
3708 1949 3729 1983 ε

2080 2008 2244 2089 Opus
2276 2010 2437 2072 enim
2471 2010 2727 2073 habebat
2759 2015 3149 2073 Praacursora
3176 2009 3433 2074 Domino
3478 2015 3735 2076 munda.

2076 2098 2129 2159 ri
2160 2107 2364 2180 utpote
2396 2100 2468 2163 ab
2499 2101 2687 2163 Adam
2721 2101 3116 2164 descendens.
3150 2099 3298 2163 Nam
3328 2108 3386 2163 et
3425 2101 3556 2183 ipse
3588 2120 3736 2166 con-

2078 2194 2335 2251 traxerat
2386 2200 2579 2252 ortum
2613 2210 2684 2253 ex
2732 2189 3144 2253 inobedientia
3191 2190 3731 2272 inquinamentum.

2078 2276 2352 2341 Christus
2408 2288 2608 2343 autem
2639 2280 3002 2362 incarnatus,
3041 2280 3373 2362 puriﬁcavit
3416 2299 3650 2346 omnes.
3697 2308 3725 2340 ι

2075 2364 2146 2428 Ει
2176 2375 2239 2429 tu
2268 2369 2440 2431 venis
2482 2369 2556 2431 ad
2589 2368 2723 2433 me?
2758 2394 2781 2429 υ
2831 2370 2963 2435 Non
3018 2388 3198 2433 ausus
3255 2371 3365 2433 fuit
3405 2371 3632 2449 dicere,
3663 2371 3738 2436 Et

2075 2462 2157 2544 tu!
2190 2464 2510 2547 baptizaris
2559 2485 2593 2529 a
2649 2466 2790 2531 me?
2842 2468 2970 2547 sed,
3040 2468 3109 2554 Et
3156 2467 3369 2532 venis?
3416 2480 3539 2533 tam
3596 2470 3731 2553 pius

2074 2562 2223 2618 erat.
3002 2582 3005 2583 ν

2154 2643 2338 2708 Vnus.
2377 2648 2474 2709 l5.
2521 2677 2542 2707 σ
2576 2646 2972 2728 Respondens
3005 2655 3202 2711 autem
3229 2650 3425 2725 Jesus,
3461 2649 3608 2712 dixit
3655 2651 3729 2713 ad

2074 2733 2265 2796 illum.
2305 2737 2550 2799 Dimitte
2576 2756 2758 2800 nunc.
2791 2736 3016 2815 «Nunc,
3052 2738 3265 2820 inquit,
3298 2740 3600 2821 permitte:
3622 2742 3732 2803 erit

2075 2831 2271 2885 autem
2305 2833 2565 2907 tempus,
2594 2846 2710 2907 quo
2754 2827 2933 2909 digna
2979 2827 3155 2890 nobis
3185 2829 3299 2889 erit
3346 2830 3555 2908 gloria,
3592 2830 3735 2894 licet

2076 2930 2234 2975 nunc
2285 2934 2405 2977 non
2444 2934 2861 2997 appareamus.
2894 2940 2917 2974 ι
2954 2917 3053 2980 Sic
3093 2918 3255 2979 enim
3287 2918 3480 3001 decet,
3516 2930 3580 2983 ut
3609 2921 3731 2983 im-

2076 3001 2347 3091 pleamus
2397 3024 2636 3068 omnem
2667 3007 2980 3087 justitiam.
3012 3032 3041 3064 »
3075 3005 3293 3087 Legem
3351 3018 3518 3071 vocat
3561 3010 3736 3091 justi-

2077 3090 2240 3182 tiam.
2276 3094 2589 3157 Maledicta
2620 3104 2768 3173 erat,
2796 3097 2991 3176 inquit
3039 3098 3303 3161 humana
3333 3111 3569 3177 natura,
3595 3100 3736 3182 quia

2074 3179 2267 3260 legem
2298 3192 2443 3246 nont
2474 3194 2705 3266 poterat
2735 3187 3053 3267 perﬁcere.
3085 3188 3212 3265 Ego
3236 3187 3416 3267 igitur
3443 3209 3579 3251 cum
3610 3179 3730 3252 im-

2077 3269 2358 3351 plevcrim
2389 3274 2503 3337 alia
2532 3294 2665 3356 quae
2688 3276 2748 3337 in
2779 3276 2909 3352 lege
2933 3285 3096 3353 sunt,
3142 3285 3201 3339 et
3223 3277 3378 3338 desit
3409 3279 3522 3340 hoc
3544 3297 3730 3342 unum

2079 3368 2145 3422 ut
2175 3360 2463 3442 baptizer,
2502 3374 2818 3445 eapropter
2866 3384 3002 3427 cum
3062 3367 3176 3427 hoc
3208 3366 3429 3445 fecero,
3462 3367 3733 3432 liberabo

2080 3458 2351 3513 naturam
2384 3472 2419 3514 a
2441 3455 2776 3519 maledicto.
2814 3454 2940 3518 Hoc
2976 3458 3062 3518 19
3093 3457 3249 3518 enim
3282 3475 3380 3518 me
3410 3457 3605 3521 decet.

2162 3541 2344 3629 Visus.
2384 3544 2480 3619 15,
2519 3546 2611 3607 16.
2651 3570 2678 3601 «
2701 3544 2871 3608 Tunc
2903 3547 3115 3613 omittit
3150 3545 3355 3609 illum:
3380 3554 3438 3609 et
3468 3546 3735 3629 baptiza—

2077 3637 2170 3691 tus
2198 3628 2231 3693 J
2239 3650 2393 3694 esus.
2423 3654 2451 3694 ›
2493 3632 2765 3697 Christus
2794 3653 2930 3697 cum
2960 3636 3200 3715 triginta
3228 3654 3523 3698 annorum
3548 3628 3730 3714 esset,

2081 3716 2432 3804 baptizatur,
2467 3741 2537 3784 eo
2569 3723 2730 3803 quod
2764 3732 2905 3786 mtas
2941 3724 3043 3787 illa
3073 3733 3318 3806 peccata
3346 3726 3547 3788 omnia
3572 3726 3635 3788 in
3666 3746 3734 3790 se

334 3816 399 3889 τῇ
457 3813 652 3891 πρώτῃ
706 3811 915 3885 ἡλικία,
950 3810 1086 3868 πολὺ
1142 3814 1204 3868 τὸ
1234 3812 1460 3880 ἀνόητον
1491 3833 1504 3847 ·
1559 3813 1614 3869 ἐν
1671 3811 1726 3870 δὲ
1766 3819 1834 3890 τῇ
1865 3810 1987 3870 δευ-

2079 3809 2308 3889 accipit.
2340 3809 2406 3872 In
2438 3813 2630 3892 prima
2658 3820 2828 3875 aetate
2882 3832 3094 3893 magna
3124 3824 3218 3878 est
3266 3814 3631 3897 insipientia.
3666 3819 3734 3882 In

328 3904 482 3983 τέρᾳ,
516 3908 588 3978 τῇ
615 3908 722 3958 τῶν
784 3900 1078 3981 νεωτέρων,
1138 3901 1315 3971 πολλὴ
1341 3904 1376 3971 ἡ
1407 3902 1536 3983 φλὸξ
1562 3904 1662 3970 τῆς
1712 3902 1988 3979 ἐπιθυμίας

2079 3898 2497 3981 secunda,quae
2524 3910 2614 3963 est
2645 3901 3118 3978 adolescentum,
3144 3923 3358 3984 magna
3388 3914 3476 3967 est
3498 3907 3737 3970 ﬂamma

326 3994 419 4049 καὶ
476 3998 571 4049 τοῦ
613 3994 777 4067 θυμοῦ
808 4006 823 4021 ⁸
891 3991 946 4047 ἐν
989 3988 1043 4047 δὲ
1094 3992 1258 4069 ταύτῃ
1304 3997 1373 4069 τῇ
1401 3993 1506 4050 τῶν
1535 3990 1760 4071 ἀνδρῶν,
1810 3990 1988 4061 πολλὴ

2079 3988 2573 4067 concupiscentia
2601 4000 2661 4054 et
2691 3991 2819 4056 irae.
2854 3994 2919 4056 In
2949 3994 3106 4055 virili
3136 4003 3537 4076 autem,amor
3553 4015 3732 4078 opum

325 4084 360 4150 ἠ
393 4080 833 4163 φιλοχρηματία,
897 4078 1205 4155 Ἀνέμεινεν
1255 4081 1344 4139 οὖν
1396 4082 1593 4150 ταύτην
1619 4083 1717 4151 τὴν
1746 4081 1984 4158 ἡλικίαν,

2079 4087 2301 4165 regnat.
2348 4079 2690 4161 Expectavit
2746 4081 2925 4159 igitur
2978 4084 3131 4145 hanc
3182 4091 3439 4160 aetatem,
3506 4094 3569 4149 ut
3626 4104 3734 4167 per

324 4169 425 4227 ἵνα
458 4168 547 4225 διὰ
575 4176 763 4227 πασῶν
818 4176 924 4245 τῶν
972 4168 1197 4237 ἡλικιῶν
1226 4170 1489 4250 πληρώσῃ
1519 4174 1612 4229 τὸν
1658 4172 1842 4253 νόμον,
1902 4180 1990 4234 καὶ

2079 4185 2281 4230 omnes
2310 4178 2513 4233 aetates
2542 4171 2823 4251 impleret
2851 4171 3134 4253 legem,et
3164 4191 3273 4234 nos
3301 4175 3732 4240 sanctiﬁcaret.

332 4259 539 4338 ἁγιάσῃ
596 4260 766 4334 ἡμᾶς,
813 4281 837 4314 ι
875 4261 1034 4323 Εὐθὺς
1067 4258 1230 4328 ἀνέϐη
1277 4260 1382 4318 ἀπὸ
1436 4261 1529 4320 τοῦ
1571 4260 1782 4327 ὕδατος.
1842 4284 1866 4320 ι
1929 4261 1990 4319 Οἱ

2079 4276 2109 4317 (
2139 4258 2347 4321 Statim
2378 4261 2647 4323 ascendit
2667 4260 2740 4322 ab
2772 4280 2985 4343 aqua.»
3014 4264 3331 4327 Manichasi
3355 4266 3560 4328 dicunt
3576 4266 3736 4346 quod

332 4356 641 4428 ὶιανιχαϊοι
694 4347 958 4429 λέγωσιν,
991 4348 1074 4405 ὅτι
1128 4351 1188 4429 16
1241 4357 1397 4427 σῶμα
1455 4355 1612 4411 αὐτοῦ
1658 4350 1880 4408 ἀπέθετο
1934 4351 1991 4405 ἒν

2080 4367 2293 4429 corpus
2323 4370 2493 4414 suum
2526 4352 2872 4433 deposuerit
2905 4353 2967 4416 in
3015 4356 3298 4432 Iordane,
3348 4357 3521 4436 juxta
3559 4375 3738 4437 appa-

328 4446 401 4513 τῷ
489 4435 754 4517 Ἰορδάνῃ,
807 4439 942 4495 κατὰ
1012 4440 1300 4525 φαντασίαν
1346 4440 1400 4498 δὲ
1429 4438 1561 4498 ἄλλο
1592 4443 1748 4516 σῶμα
1778 4437 1991 4507 ἔδειξεν.

2079 4437 2331 4501 rentiam
2390 4449 2592 4502 autem
2652 4442 2809 4523 aliud
2880 4461 3097 4525 corpus
3166 4435 3536 4521 monstrarit,
3598 4435 3733 4510 Ub-

334 4526 806 4616 Ἐπιστομὶζονται
864 4525 918 4583 δὲ
950 4527 1206 4616 ἐντεῦθεν,
1268 4522 1324 4590 Ὀ
1381 4530 1589 4599 Ἰησοῦς
1651 4531 1751 4611 γὰρ
1807 4530 1989 4610 φησὶν,

2079 4536 2417 4591 mutescunt
2481 4538 2679 4591 autem
2749 4531 2931 4607 hinc;
2987 4522 3180 4596 _Jesns
3236 4533 3437 4609 enim,
3491 4534 3735 4616 inquit,

330 4615 502 4684 ἀνέϐη
536 4633 553 4649 ⁸
588 4617 685 4675 οὐκ
716 4615 875 4679 ἄλλος
906 4615 1095 4699 ἀνέϐη,
1129 4617 1250 4676 ἀλλ’
1302 4622 1329 4676 6
1360 4617 1596 4685 καταϐὰς
1626 4621 1699 4684 εἷς
1729 4622 1793 4703 16
1831 4618 1989 4700 ὕδωρ.

2079 4618 2347 4679 ascendit
2397 4637 2410 4681 :
2470 4638 2591 4679 non
2666 4618 2820 4680 alius
2871 4621 3163 4696 ascendit,
3235 4622 3339 4684 sed
3408 4622 3460 4684 is
3528 4623 3625 4703 qui
3672 4615 3736 4685 in

337 4731 361 4761 ι
401 4709 503 4767 Καὶ
558 4704 670 4763 ἰδοὺ
726 4706 1081 4785 ἀνεῴχθησαν
1132 4710 1272 4784 αὖτῷ
1332 4711 1381 4767 οἱ
1429 4710 1660 4788 οὐρανοί.
1693 4736 1717 4770 ι
1781 4701 1838 4768 Ὀ
1894 4710 1992 4787 μὲν

2079 4726 2288 4789 aquam
2355 4707 2773 4773 descenderat.
2839 4735 2861 4765 «
2938 4709 3007 4772 Ei
3053 4728 3195 4773 ecce
3249 4711 3439 4792 aperti
3484 4701 3624 4774 sunt
3678 4712 3737 4775 ei

329 4794 509 4872 Ἀδὰμ
563 4796 757 4860 αὐτοὺς
806 4794 1007 4852 ἔκλεισε
1042 4812 1057 4827 ⁸
1132 4796 1215 4855 διὰ
1257 4796 1312 4855 δὲ
1354 4801 1445 4856 τὸν
1489 4801 1714 4880 Χριστὸν
1745 4800 1991 4879 ἀνοίγον-

2079 4798 2232 4860 caeli.
2265 4824 2291 4853 ι
2328 4797 2513 4862 Adam
2565 4796 2702 4860 illos
2747 4798 2984 4872 clausit,
3036 4818 3147 4879 per
3192 4801 3489 4864 Christum
3534 4807 3733 4862 autem

328 4908 416 4943 ται
451 4902 467 4918 ⁸
530 4885 625 4942 ἵνα
680 4886 882 4963 μάθῃς,
942 4884 1021 4943 ὅτι
1076 4888 1165 4944 καὶ
1211 4888 1273 4944 σὺ
1320 4889 1444 4946 ὅταν
1476 4889 1729 4971 βαπτίζῃ,
1761 4889 1988 4970 ἀνοίγεις

2079 4888 2444 4969 aperiuntur,
2510 4895 2576 4949 ut
2624 4887 2810 4965 dicas,
2870 4889 3028 4971 quod
3084 4890 3321 4972 quando
3390 4889 3735 4973 baptizaris,

332 4977 547 5040 αὐτούς.

2079 4978 2276 5058 aperis
2325 4995 2450 5039 eos.

415 5089 440 5123 ι
480 5068 578 5126 Καὶ
628 5063 746 5125 εἶδε
790 5068 855 5122 16
901 5073 1116 5127 Πνεῦμα
1171 5076 1261 5126 τοῦ
1310 5077 1442 5128 Θεοῦ
1491 5068 1816 5128 καταϐαῖνον
1866 5071 1994 5127 ὡσεὶ

2159 5066 2556 5145 Vans.16,t7.
2591 5066 2696 5131 «Et
2726 5068 2871 5131 vidit
2900 5066 3183 5151 Spiritum
3217 5069 3326 5133 Dei
3356 5069 3739 5134 descenden-

325 5158 661 5238 περιστερὰν,
723 5158 814 5213 καὶ
876 5157 1175 5237 ἐρχόμενον
1232 5158 1502 5240 ἐπάῦτὸν,
1550 5162 1639 5218 καὶ
1683 5158 1792 5217 ἰδοὺ
1839 5158 1992 5241 φωνὴ

2079 5165 2197 5220 tem
2231 5158 2401 5239 quasi
2431 5158 2796 5234 columbam,
2832 5166 2891 5222 et
2921 5159 3259 5223 venientem
3285 5178 3469 5241 super
3489 5179 3652 5235 eum,
3680 5169 3742 5225 et

325 5248 381 5303 ἐκ
436 5254 536 5304 τῶν
579 5250 855 5327 οὐρανῶν,
890 5244 1144 5325 λέγουσα.
1186 5271 1209 5303 ε
1271 5248 1602 5330 Κατέρχεται
1632 5251 1693 5306 τὸ
1753 5255 1989 5325 Πνεῦμα,

2079 5266 2219 5310 ecce
2252 5264 2369 5310 vox
2399 5266 2432 5310 e
2463 5248 2650 5329 caelis,
2688 5249 2920 5311 dicens.
2955 5274 2978 5309 υ
3016 5248 3341 5313 Descendit
3362 5248 3639 5330 Spiritus,
3675 5251 3742 5311 ut

319 5338 407 5396 ’ἕνα
459 5338 825 5420 μαρτυρήσῃ,
916 5334 998 5391 ὁτι
1082 5338 1272 5412 μείζων
1357 5342 1385 5396 6
1442 5340 1826 5416 βαπτιζόμενος
1871 5338 1906 5406 ἢ
1964 5340 1991 5394 6

2079 5336 2480 5417 testimonium
2512 5337 2823 5418 perhibeat
2866 5339 3022 5420 quod
3084 5340 3275 5419 major
3305 5338 3382 5400 sit
3411 5338 3511 5419 qui
3541 5337 3738 5419 bapti-

308 5431 592 5508 βαπτίζων,
665 5429 730 5485 Οἱ
789 5423 897 5503 γὰρ
960 5423 1209 5483 Ἰουδαῖοι
1268 5428 1434 5508 μέγαν
1492 5433 1651 5509 εἶχον
1680 5430 1771 5485 τὸν
1804 5425 1993 5486 Ἰωάν-

2079 5434 2446 5507 zatur,quam
2462 5427 2563 5508 qui
2587 5426 3061 5508 baptizatJudaei
3090 5429 3249 5492 enim
3285 5427 3745 5507 magnificabant

303 5549 415 5608 νην,
464 5530 563 5581 τοῦ
609 5518 672 5577 δὲ
743 5522 994 5594 Χριστοῦ
1048 5516 1107 5572 οὐ
1160 5539 1411 5575 τοσοῦτον
1467 5518 1794 5599 ἒφρόντιζον.
1833 5516 1994 5577 Εἶδον

2079 5514 2467 5591 Joannem,at
2489 5516 2789 5608 Christum
2814 5537 2931 5580 non
2959 5526 3183 5608 tantum
3218 5518 3530 5581 curabant.
3556 5516 3742 5608 Vide-

294 5615 338 5676 δξ
396 5604 463 5675 ,τὸ
520 5616 771 5683 Πνεῦμα
810 5604 1018 5670 πάντες
1073 5607 1365 5688 ἐρχόμενον
1412 5609 1497 5666 ἐπὶ
1540 5609 1631 5665 τὸν
1660 5608 1889 5687 Ἰησοῦν,
1924 5610 1994 5668 ὡς

2082 5613 2226 5668 runt
2254 5614 2453 5667 autem
2487 5604 2775 5686 Spiritum
2808 5626 3019 5671 omnes
3044 5607 3392 5672 venientem
3425 5624 3610 5688 super
3633 5606 3741 5672 Je-

288 5709 339 5767 ἂν
359 5716 435 5786 μή
472 5705 815 5783 νομίσωσιν
853 5692 941 5750 ὅτι
972 5696 1007 5762 ἡ
1043 5698 1194 5775 φωνὴ
1223 5700 1258 5767 ἡ
1310 5697 1561 5777 λέγουσα,
1603 5718 1633 5758 ‹
1664 5697 1829 5761 Οὗτός
1860 5696 1994 5753 tam

2088 5703 2319 5773 sum,ut
2340 5712 2414 5756 ne
2437 5702 2711 5776 putarent
2737 5698 2896 5778 quod
2930 5717 3040 5761 vox
3068 5696 3417 5779 dicens,Hic
3450 5703 3541 5759 est
3557 5694 3744 5759 Filius
