4204 6402
499 277 612 341 179

1455 276 2053 345 THEOPHYLACTI
2097 277 2514 344 BULGARLB
2555 277 2914 346 ARCHIEP.

3783 282 3903 349 180

499 429 670 473 meus
701 411 982 487 dilectus,
1016 431 1124 494 pro
1177 412 1465 476 Joannem
1521 411 1678 475 dicta
1732 412 1830 489 sit,
1889 412 1994 474 sed
2027 409 2151 471 viso

2240 412 2267 465 6
2299 411 2419 475 Υἱὸς
2464 433 2566 486 μου
2610 414 2638 468 6
2683 411 2989 490 ἀγαπητὸς,
3030 433 3053 469 ε
3095 394 3192 468 ’διὰ
3232 415 3323 469 τὸν
3371 412 3624 483 Ἰωάννην
3667 414 3904 494 ἐγένετο,

495 498 719 581 Spiritu
747 501 1066 564 crederent
1085 503 1242 583 quod
1278 509 1522 582 propter
1551 498 1755 563 Jesum
1784 519 1891 562 vox
1921 501 2022 562 illa
2053 499 2150 561 sit.

495 588 674 663 Quasi
704 590 1064 666 columbam,
1086 598 1328 671 propter
1356 591 1756 651 innocentiam
1789 598 1847 651 et
1872 607 2154 671 mansne:

495 680 790 755 tudinem,
824 689 884 742 et
918 669 1504 761 quodimundissima
1531 680 1606 741 sit
1636 680 1938 761 columba,
1965 688 2024 740 et
2054 669 2154 739 ubi

494 767 646 831 fetor
674 774 787 843 est,
816 768 899 829 ibi
931 788 1049 829 non
1096 775 1353 842 maneat,
1380 768 1468 830 sic
1502 776 1560 829 et
1590 768 1845 847 Spiritus
1887 775 2150 831 sanctus.

494 857 567 919 Et
598 867 658 919 ut
686 858 763 919 de
792 859 919 921 Noe
947 857 1114 919 aiunt
1134 857 1468 919 columbam
1501 857 1806 918 nuntiasse
1836 856 2041 919 diluvii
2065 876 2156 918 so-

494 946 808 1026 lutionom,
843 965 1076 1023 ramum
1114 947 1281 1008 olivae
1310 948 1679 1023 aﬂerentem,
1713 947 1799 1008 sic
1819 954 1876 1007 et
1905 946 2003 1008 hic
2027 945 2156 1028 Spi-

494 1038 642 1100 ritus
690 1046 929 1100 sanctus
960 1038 1296 1101 manifestat
1337 1047 1713 1119 peccatorum
1767 1038 2147 1101 solutionem.

496 1128 608 1193 Hic
638 1150 842 1194 ramus
867 1133 1054 1208 olivae,
1090 1133 1188 1194 hic
1224 1132 1638 1197 misericordia
1686 1132 1817 1195 Dei.
1868 1162 1890 1192 ι
1923 1133 2036 1196 Hic
2067 1141 2161 1195 est

496 1223 681 1286 Filius
717 1243 887 1287 meus
919 1226 1197 1301 dilectus,
1233 1225 1293 1286 in
1326 1244 1440 1306 quo
1472 1225 1619 1287 mihi
1671 1224 1828 1287 bene
1879 1226 2155 1305 placitum

498 1327 612 1379 est.
650 1337 672 1366 ι
706 1316 832 1378 Hoc
854 1325 966 1391 est,
990 1318 1053 1379 in
1083 1337 1202 1401 quo
1221 1319 1561 1403 requiesco,
1596 1319 1656 1380 in
1687 1337 1804 1401 quo
1831 1317 1975 1380 mihi
1997 1336 2155 1380 com-

496 1407 729 1498 placeo.

1125 1531 1369 1597 CAPUT
1420 1533 1518 1597 IV.

541 1651 625 1715 De
668 1654 997 1733 tentatum
1040 1653 1271 1715 Christi
1312 1655 1380 1715 in
1421 1654 1673 1733 deserto,
1707 1653 1780 1714 de
1810 1654 2116 1715 vocatione

698 1732 893 1808 Petri,
923 1742 978 1796 et
1011 1734 1266 1796 Andreae
1296 1740 1352 1795 et
1385 1732 1665 1813 ﬁliorum,
1688 1733 1990 1796 Zebedwi.

576 1844 760 1907 VERS.
796 1845 856 1906 1.
888 1870 910 1900 ι
947 1843 1115 1907 Tunc
1157 1843 1333 1908 Jesus
1392 1843 1609 1908 ductus
1644 1852 1735 1906 est
1763 1843 1822 1905 in
1856 1843 2157 1905 desertum

497 1954 531 1997 a
560 1934 807 2016 Spiritu.
849 1959 873 1996 ο
910 1939 1145 2003 Docens
1170 1937 1469 2020 nos,quod
1500 1946 1629 2019 post
1652 1936 2005 2018 baptismum
2028 1953 2157 1997 ma—

490 2024 579 2103 gis
608 2033 846 2106 oportet
877 2036 1222 2107 exspectare
1256 2028 1640 2101 tentationes,
1666 2026 1907 2088 ducitur
1955 2044 1988 2087 a
2017 2025 2155 2105 Spi-

491 2113 609 2177 ritu
641 2122 844 2177 sancto
881 2137 896 2180 :
934 2116 1083 2179 nihil
1105 2117 1265 2178 enim
1300 2116 1431 2179 sine
1460 2117 1681 2196 Spiritu
1715 2116 1878 2179 fecit.
1915 2115 2157 2180 Ducitur

494 2211 693 2265 autem
729 2206 786 2265 in
818 2203 1151 2287 desertum,
1178 2214 1240 2267 ut
1269 2205 1543 2267 ostendat
1564 2204 1735 2266 nobis
1755 2204 1911 2285 quod
1938 2203 2153 2265 diabo-

492 2292 589 2353 lus
619 2301 758 2355 tunc
789 2312 898 2355 nos
942 2302 1127 2356 tentet
1183 2293 1420 2374 quando
1478 2293 1693 2356 viderit
1746 2293 2064 2367 solitarios,
2096 2300 2157 2354 et

494 2399 615 2442 non
646 2380 718 2442 ab
750 2380 882 2443 aliis
910 2382 1167 2461 adjutos.
1201 2383 1451 2464 Oportet
1480 2382 1656 2461 igitur
1684 2401 1791 2443 nos
1820 2401 1940 2443 non
1973 2390 2154 2444 teme-

494 2488 562 2532 re
595 2470 780 2533 ﬁdere
810 2471 1155 2553 nobisipsis.
1198 2497 1223 2528 ε
1266 2471 1341 2535 Ut
1397 2480 1727 2534 tentaretur
1756 2492 1789 2533 a
1818 2470 2077 2533 diabolo.
2123 2495 2147 2528 ε

495 2558 778 2623 Diabolus
809 2560 1048 2636 dicitur,
1084 2561 1240 2642 quod
1273 2560 1639 2623 accusaverit
1669 2570 1730 2623 et
1756 2560 2151 2623 calumniatus

498 2648 685 2710 fuerit
732 2647 920 2711 Deum
978 2649 1134 2730 apud
1186 2649 1403 2715 Adam.
1440 2648 1598 2711 Dixit
1638 2650 1797 2711 enim
1845 2648 1955 2723 illi,
1996 2653 2151 2712 Deus

496 2737 664 2799 vobis
720 2738 987 2816 invidet;
1038 2746 1096 2799 et
1144 2758 1304 2800 nunc
1356 2738 1631 2799 virtutem
1676 2738 1831 2819 apud
1884 2757 1992 2799 nos
2045 2757 2148 2800 ca-

496 2826 842 2889 lumniatur.

576 2915 761 2979 Vsus.
795 2918 859 2980 2.
897 2940 919 2970 ι
951 2918 1029 2980 Ει
1084 2934 1218 2981 cum
1265 2917 1624 2998 jejunasset.
1662 2941 1688 2974 ι
1721 2916 2047 2996 Jejunavit,
2093 2925 2157 2979 ut

2241 496 2359 555 ἀλλ’
2404 497 2600 564 ἰδόντες
2656 504 2719 557 τὸ
2778 508 3014 577 Πνεῦμα,
3077 503 3453 584 πιστεύσωσιν,
3500 503 3585 561 ὅτι
3649 506 3683 573 ἡ
3747 504 3903 584 φωνὴ

2237 587 2371 657 αὕτη
2436 587 2520 645 διὰ
2576 591 2669 647 τὸν
2740 588 2947 658 Ἰησοῦν
2994 594 3161 652 ἔστιν.
3227 582 3371 649 Ὠσεὶ
3449 582 3771 675 περιστερὰν
3816 591 3898 669 δὲ,

2236 676 2320 733 διὰ
2372 680 2433 735 τὸ
2464 678 2663 736 ἄκακον
2720 683 2806 737 καὶ
2862 686 3029 759 πρᾶον
3064 698 3077 713 ⁸
3112 682 3201 738 καὶ
3231 679 3312 737 ὅτι
3343 684 3712 761 καθαρώτατόν
3755 682 3899 741 ἐστιν

2238 769 2272 835 ἡ
2330 771 2635 850 περιστερὰ,
2681 771 2763 826 κοί
2819 768 2941 826 ἔνθα
2972 768 3195 826 δυσωδία
3238 769 3409 846 ἐστίν,
3460 772 3519 829 οὗ
3546 772 3840 851 παραμένει
3876 787 3894 802 ⁸

2238 854 2377 914 οὕτω
2433 859 2519 914 καὶ
2575 860 2637 915 τὸ
2679 858 2830 937 ἅγιον
2878 865 3113 934 Πνεῦμα.
3154 858 3322 919 Ἀλλὰ
3368 861 3463 940 καὶ.
3486 860 3572 917 ἐπὶ
3614 864 3708 918 τοῦ
3749 868 3894 936 Νῶε,

2238 968 2518 1026 περιστερα
2601 947 2817 1027 ἤγγειλε
2910 949 3009 1016 τὴν
3096 947 3244 1006 λύσιν
3326 950 3418 1008 τοῦ
3494 950 3894 1031 κατακλυσμοῦ,

2235 1037 2432 1117 κάρφος
2465 1035 2645 1101 ἐλαίας
2696 1038 2922 1119 φέρουσα
2954 1057 2969 1072 ·
3007 1037 3146 1095 οὕτω
3188 1040 3274 1096 καὶ
3321 1039 3538 1107 ἐνταῦθα
3580 1043 3640 1096 τὸ
3686 1047 3901 1115 Πνεῦμα

2240 1127 2302 1182 τὸ
2356 1124 2531 1205 ἅγιον,
2579 1125 2739 1193 δηλοῖ
2799 1126 2947 1184 λύσιν
2997 1134 3104 1185 τῶν
3162 1128 3460 1207 ἁμαρτιῶν,
3507 1129 3659 1187 Ἐκεῖ
3701 1130 3902 1211 κάρφος

2241 1212 2441 1289 ἐλαίας,
2490 1214 2711 1273 ἐνταῦθα
2738 1214 2792 1272 δὲ
2836 1216 2983 1281 ἔλεος
3031 1223 3184 1276 Θεοῦ.
3237 1240 3265 1272 ε
3303 1220 3467 1283 Οὗτός
3510 1222 3651 1276 ἔστιν
3702 1221 3730 1277 6
3776 1219 3902 1281 Υἱός

2241 1326 2343 1379 μου
2399 1307 2427 1361 6
2470 1305 2775 1386 ἀγαπητὸς,
2806 1308 2864 1362 ὲν
2908 1310 2953 1381 ᾦ
3001 1303 3261 1374 εὐδόκησα
3296 1325 3313 1343 α
3351 1329 3372 1359 ι
3410 1309 3701 1385 τουτέστιν,
3734 1308 3823 1370 Ἐν
3853 1312 3901 1383 ᾧ

2240 1392 2604 1470 ἀναπαύομαι,
2634 1392 2688 1450 ἐν
2719 1398 2765 1468 ᾧ
2792 1395 3109 1474 ἀρέσκομαι,

2882 1493 3135 1552 ΚΕΦΑΛ.
3185 1498 3222 1545 Δ
3239 1479 3271 1549 '.

2238 1582 2361 1662 Περὶ
2418 1590 2711 1666 πειρασμοῦ
2789 1590 2883 1666 ⁴τοῦ
2953 1591 3199 1666 Χριστοῦ,
3268 1587 3385 1665 περὶ
3442 1591 3539 1653 τῆς
3617 1594 3709 1645 τοῦ
3780 1588 3891 1645 Πέ-

2318 1684 2461 1743 τρου,
2550 1665 2637 1720 καὶ
2696 1662 2957 1743 ’Λνδρέου,
3003 1662 3119 1724 ’καὶ
3183 1662 3291 1723 τῶν
3339 1662 3486 1723 ὐἱῶν
3555 1675 3646 1724 τοῦ
3728 1666 3891 1725 Ζεϐε-

2181 1716 2217 1765 θ
2320 1709 2463 1801 ὲέιῐξιέ
2504 1709 2771 1814 sius;

2322 1859 2353 1893 ε
2402 1838 2530 1897 Τότε
2587 1841 2616 1895 6
2660 1838 2866 1907 ἰησοῦς
2912 1839 3125 1921 ἀνήχθη
3181 1842 3254 1904 είς
3309 1842 3406 1909 τὴν
3449 1841 3648 1921 ἔρημον
3674 1843 3774 1899 ὑπὸ
3804 1850 3898 1899 τοῦ

2241 1927 2572 2004 Πνεύματος.
2608 1946 2641 1989 ι
2682 1926 2951 1985 Διδάσκων
2982 1931 3153 2011 ἡμᾶς,
3184 1930 3265 1986 ὅτι
3310 1932 3446 2006 μετὰ
3488 1934 3548 1987 τὸ
3591 1932 3896 2009 βάπτισμα,

2243 2015 2446 2093 μᾶλλον
2489 2015 2572 2074 δεῖ
2619 2016 2915 2091 προσδοκᾶν
2966 2021 3314 2100 πειρασμοὺς,
3361 2021 3611 2098 ἀνάγεται
3653 2023 3755 2079 ὑπὸ
3804 2029 3902 2080 τοῦ

2241 2104 2544 2183 Πνεύματος
2601 2113 2694 2165 τοῦ
2743 2108 2892 2187 ἁγίου
2926 2128 2938 2143 ·
3001 2109 3148 2167 οὐδὲν
3205 2111 3304 2189 γὰρ
3351 2110 3472 2168 ἄνευ
3515 2117 3608 2169 τοῦ
3661 2112 3901 2188 Πνεύμα-

2236 2215 2325 2260 τος
2400 2194 2686 2275 ἔπραττεν.
2749 2193 3023 2276 Ἀνάγεται
3078 2196 3133 2255 δὲ
3209 2201 3282 2263 εἷς
3348 2201 3447 2269 τὴν
3517 2200 3739 2279 ἔρημον,
3798 2200 3897 2257 ἵνα

2236 2279 2374 2360 δείξῃ
2418 2282 2576 2359 ἡμῖν,
2639 2284 2720 2341 ὅτι
2765 2286 2793 2341 6
2851 2283 3093 2351 διάϐολος
3149 2287 3271 2344 τότε
3300 2289 3533 2367 πειράζει
3562 2291 3729 2365 ἡμᾶς,
3763 2288 3891 2347 ὅταν

2236 2369 2349 2448 είδῇ
2385 2373 2820 2455 μεμονωμένους,
2884 2376 2972 2431 καὶ
3027 2376 3106 2453 μὴ
3164 2375 3250 2432 ὑπ’
3293 2375 3541 2448 ἂλλήλων
3587 2378 3893 2455 βοηθουμέ-

2236 2482 2377 2525 νους.
2434 2470 2531 2518 Δεῖ
2588 2465 2675 2519 οῦν
2731 2465 2875 2539 ἡμᾶς
2936 2465 3014 2541 μὴ
3069 2463 3303 2531 ἀϐούλως
3379 2468 3587 2532 ἑαυτοῖς
3647 2466 3885 2546 θαῤῥεῖν.

2241 2568 2266 2607 ε
2317 2554 2668 2629 Πειρασθῆναι
2726 2554 2826 2609 ὑπὸ
2868 2553 2959 2611 τοῦ
2989 2552 3253 2614 διαϐόλου.
3293 2572 3318 2607 ι
3369 2555 3624 2622 Διάϐολος
3671 2554 3887 2636 λέγεται

2234 2640 2306 2703 ὡς
2361 2638 2626 2698 διαϐαλὼν
2701 2642 2792 2698 τὸν
2864 2644 2994 2699 Θεὸν
3051 2646 3181 2722 πρὸς
3248 2646 3338 2701 τὸν
3395 2644 3587 2723 Ἀδάμ.
3622 2649 3758 2705 Εἶπε
3787 2647 3891 2726 γὰρ

2233 2730 2399 2805 αύτῷ,
2460 2729 2539 2786 ὅτι
2598 2732 2624 2787 6
2688 2733 2817 2794 Θεὸς
2876 2736 3057 2813 φθονεῖ
3114 2736 3270 2809 ἡμῖν.
3366 2738 3464 2794 Καὶ
3523 2743 3609 2794 νῦν
3668 2733 3721 2790 δὲ
3792 2737 3897 2804 τὴν

2238 2817 2432 2897 ἀρετὴν
2476 2816 2745 2881 διαϐάλλει
2792 2823 2921 2899 πρὸς
2954 2824 3119 2900 ἡμᾶς.

2329 2932 2352 2963 ε
2404 2910 2503 2967 Καὶ
2562 2912 2878 2977 νηστεύσας.
2932 2933 2955 2969 ε
3018 2909 3383 2990 Ἐνήστευσεν,
3446 2913 3540 2970 ’ίνα
3597 2912 3760 2994 δείξῃ,
3808 2913 3897 2970 ὅτι

496 3006 771 3067 ostendat
792 3006 950 3087 quod
974 3024 1190 3087 magna
1211 2996 1509 3069 armatura
1533 3014 1738 3067 contra
1765 3006 2152 3084 ,tentationes

2240 2996 2404 3055 ὅπλυν
2439 2999 2605 3077 μέγα
2633 3001 2667 3068 ἡ
2715 3000 2928 3067 νηστεία
2972 3003 3109 3057 κατὰ
3166 3008 3273 3059 τῶν
3322 3010 3655 3083 πειρασμῶν,
3713 3003 3899 3080 ὥσπερ

496 3095 573 3156 sit
594 3086 1081 3176 jejunium,sicut
1113 3095 1470 3177 principium
1497 3096 1693 3156 omnis
1724 3096 2152 3175 peccati,deli-

2241 3086 2386 3167 ἀρχὴ
2431 3089 2607 3155 πάσης
2665 3089 2943 3169 ἁμαρτίας,
2997 3094 3034 3162 ἦ
3077 3094 3270 3173 τρυφή,
3336 3117 3363 3147 α
3402 3086 3632 3171 Ἡμέρας
3692 3114 3898 3149 τεσσα-

496 3181 625 3246 ciae.
696 3205 719 3239 ε
775 3181 914 3245 Dies
971 3183 1394 3264 quadraginta,
1431 3184 1522 3246 20
1550 3192 1608 3245 et
1639 3192 1841 3247 noctes
1894 3184 2152 3264 quadra-

2240 3178 2462 3255 ράκοντα
2508 3178 2594 3233 καὶ
2651 3179 2841 3243 νύκτας
2923 3182 3338 3259 τεσσαράκοντα.
3398 3206 3425 3238 ι
3473 3184 3742 3247 Τοσαύτας
3788 3206 3893 3250 νη-

493 3270 680 3351 ginta.
720 3294 744 3330 ι
779 3270 890 3333 Tot
930 3263 1229 3353 jejunavit
1280 3281 1429 3355 quot
1474 3281 1535 3336 et
1579 3276 1770 3335 Moses
1823 3282 1879 3334 et
1917 3263 2147 3337 ’Elias:

2240 3266 2404 3355 στεύει
2462 3266 2591 3331 ὅσας
2634 3269 2722 3323 καὶ
2767 3269 2989 3346 Μωσῆς,
3038 3274 3125 3327 καὶ
3157 3263 3338 3339 Ἠλίας
3374 3289 3388 3301 ’
3425 3274 3478 3355 ,εἰ
3522 3274 3623 3351 γὰρ
3654 3272 3891 3353 πλείους,

494 3361 652 3443 quod
682 3360 733 3423 si
762 3361 964 3442 plures
1015 3353 1373 3443 jejunasset,
1408 3363 1531 3425 visa
1587 3363 1793 3425 fuisset
1825 3362 2152 3425 incarnatio

2240 3353 2404 3421 ἔδοξεν
2474 3357 2546 3443 ἂν.
2597 3358 2855 3435 φαντασία
2907 3361 2942 3427 ἡ
3000 3360 3289 3439 σάρκωσις,
3344 3382 3373 3421 (
3422 3353 3684 3441 υΥστερον
3740 3360 3894 3419 ἐπεί-

492 3439 629 3531 ejus
659 3439 864 3513 ﬁctilia
893 3459 951 3513 et
970 3439 1287 3536 apparens.
1327 3455 1575 3516 (Postea
1605 3452 1873 3515 esuriit.»
1904 3452 2150 3525 Quando

2240 3468 2412 3511 νασεν,
2446 3468 2468 3499 ι
2534 3439 2676 3506 ’Ὅτε
2723 3450 3066 3531 συνεχώρησε
3109 3458 3175 3529 τῇ
3241 3452 3413 3535 φύσει,
3473 3439 3708 3510 τότε-καὶ
3736 3454 3897 3509 ὶπεί-

493 3540 767 3621 permisit
797 3548 1039 3615 natura},
1078 3549 1217 3602 tunc
1247 3550 1308 3604 et
1339 3542 1565 3617 esuriit,
1600 3550 1662 3602 ut
1692 3542 1861 3603 daret
1882 3542 2150 3603 occasio-

2240 3558 2418 3617 νασεν,
2444 3537 2538 3595 ’ίνα
2581 3536 2726 3617 δὼσῃ
2757 3539 3000 3619 ἀφορμὴν
3053 3549 3128 3616 τῷ
3185 3540 3417 3617 διαϐόλῳ
3459 3542 3773 3623 προσελθεῖν
3803 3546 3900 3599 καὶ

494 3648 631 3691 nem
650 3629 888 3691 diabolo
906 3630 1232 3692 accedendi
1258 3638 1319 3692 et
1337 3630 1772 3710 congrediendi
1786 3650 1987 3692 secum
2018 3650 2150 3711 pro-

2240 3626 2611 3702 συμπλακῆναι
2669 3629 2812 3703 αῦτῷ
2869 3627 2953 3685 διὰ
3011 3629 3107 3697 τῆς
3164 3632 3374 3709 πείνης,
3437 3634 3523 3689 καὶ
3571 3631 3706 3689 οὕτω
3760 3632 3902 3710 ῥίψῃ

494 3726 627 3800 pter
654 3717 896 3792 famem,
931 3727 991 3779 et
1009 3718 1095 3779 sic
1127 3727 1463 3799 prosternat
1490 3727 1549 3781 et
1572 3718 1815 3799 dejiciat
1838 3738 2000 3793 eum,
2039 3736 2149 3781 no-

2240 3718 2393 3775 αῦτὸν
2422 3718 2508 3773 καὶ
2538 3715 2839 3793 καταϐάλῃ,
2873 3720 2960 3776 καὶ
3001 3720 3101 3787 την
3133 3720 3280 3787 νίκην
3310 3722 3598 3801 χαρίσηται
3630 3724 3789 3797 ἡμῖν.

492 3806 707 3887 bisque
734 3806 1045 3869 victoriam
1081 3808 1387 3886 largiatur.

576 3894 937 3960 VERS.3.«Et
961 3915 1096 3959 cum
1130 3898 1477 3959 accessissst
1506 3898 1579 3959 ad
1600 3916 1735 3959 eum
1767 3899 1869 3960 ille
1890 3898 1991 3979 qui
2016 3907 2149 3960 ten-

2323 3918 2351 3950 α
2387 3896 2485 3955 Καὶ
2515 3895 2818 3974 προσελθὼν
2869 3898 3011 3972 αύτῷ
3059 3902 3086 3955 6
3134 3901 3421 3981 πειράζων,
3468 3902 3644 3958 εἶπεν
3682 3901 3737 3958 Εἰ
3773 3902 3900 3965 Υἱὸς

494 3990 601 4066 tat,
627 3984 812 4047 dixit:
851 3984 913 4048 Si
945 3984 1131 4048 Filius
1158 3986 1266 4049 Dei
1299 4006 1385 4063 es,
1410 3987 1507 4050 dic
1557 3996 1620 4049 ut
1656 3988 1882 4069 lapides
1914 3988 2008 4048 isti
2042 4007 2149 4069 pa-

2240 3986 2289 4070 εἴ
2335 3993 2426 4043 τοῦ
2456 3992 2611 4066 Θεοῦ,
2643 3987 2755 4042 εἰπὲ
2784 3988 2877 4043 ’ίνα
2909 3991 2956 4045 οἱ
2987 3988 3117 4046 λίθοι
3149 3992 3290 4046 οὗτοι
3333 3988 3477 4068 ἄρτοι
3523 3991 3803 4070 γένωνται.
3859 4015 3892 4046 ι

493 4063 603 4139 nes
633 4077 780 4140 ﬁant
825 4079 943 4158 (a).
980 4105 1003 4136 ι
1054 4079 1305 4141 Audivit
1342 4099 1547 4142 vocem
1608 4063 1914 4142 caelestem
1975 4063 2147 4145 latro.

2240 4063 2481 4135 Ἠκουσε
2538 4063 2637 4144 τῆς
2698 4078 2914 4155 ούρανοῦ
2987 4084 3167 4159 φωνῆς
3227 4082 3255 4134 6
3300 4063 3548 4156 λῃστής..
3596 4078 3761 4137 Πάλιν
3806 4081 3897 4137 εί-

491 4165 714 4229 Iterum
749 4166 910 4229 videt
935 4185 1070 4229 eum
1104 4169 1496 4245 esurientem,
1533 4178 1592 4233 et
1644 4169 1872 4232 dubitat
1929 4170 2146 4247 adhuc,

2240 4161 2315 4222 Βεν
2374 4165 2531 4223 αὐτὸν
2590 4173 2876 4242 πεινῶντα,
2940 4170 3026 4225 καὶ
3081 4167 3390 4248 ἀμφέϐαλλε
3435 4168 3647 4245 λοιπὸν,
3690 4176 3805 4234 πῶς
3860 4174 3894 4228 6

494 4256 794 4337 quomodo
850 4255 1037 4319 Filius
1087 4257 1191 4321 Dei
1254 4258 1503 4336 esuriat,
1565 4268 1623 4321 et
1680 4259 1907 4321 idcirco
1966 4266 2152 4321 tentat

2240 4256 2355 4320 Υἱὸς
2410 4266 2502 4316 τοῦ
2560 4262 2689 4311 Θεοῦ
2732 4263 2929 4329 πεινᾷ·
2965 4255 3048 4314 διὰ
3080 4258 3233 4315 τοῦτο
3265 4261 3436 4317 τοίνυν
3495 4261 3727 4339 πειράζει
3786 4260 3894 4317 αύ-

492 4362 630 4407 eum
656 4354 719 4406 ut
746 4346 961 4409 discat.
998 4348 1292 4410 Adulatur
1315 4356 1515 4410 autem
1550 4349 1629 4425 ei,
1668 4357 1881 4430 putans
1911 4367 1974 4410 se
2006 4349 2148 4430 quid

2240 4347 2349 4426 τὸν,
2405 4343 2499 4403 ἵνα
2558 4346 2722 4421 μάθῃ.
2784 4344 3068 4404 Κολακεύει
3125 4345 3179 4403 δὲ
3244 4350 3423 4424 αὐτὸν,
3486 4352 3709 4425 νομίζων
3751 4352 3899 4407 ὓπο-

492 4434 958 4513 suﬂ'uraturum,
1002 4437 1302 4514 dicendo,
1355 4462 1383 4493 α
1440 4436 1508 4501 Si
1561 4438 1742 4501 Filius
1807 4438 1914 4500 Dei
1963 4456 2050 4500 es.
2120 4463 2143 4497 ε

2240 4432 2452 4515 κλέψαι,
2487 4434 2541 4491 ἐν
2571 4442 2648 4510 τῷ
2690 4434 2863 4513 λέγειν
2896 4453 2913 4469 ·
2955 4456 2979 4491 ε
3019 4439 3075 4494 Εἰ
3108 4439 3227 4501 Υἱὸς
3277 4440 3332 4495 εἶ
3362 4446 3453 4496 τοῦ
3484 4446 3637 4501 Θεοῦ.
3674 4462 3703 4494 ε
3739 4437 3898 4497 Ἀλλ’

486 4523 619 4588 Iam
673 4543 870 4608 rogas,
935 4532 995 4588 et
1042 4527 1200 4608 quod
1257 4537 1575 4609 peccatum
1629 4535 1754 4589 erat
1802 4527 1998 4589 facere
2060 4528 2149 4591 la-

2240 4523 2436 4604 ἑρωτᾶς
2474 4541 2486 4555 ⁸
2526 4527 2623 4609 Kal
2666 4527 2717 4580 τί
2758 4525 3052 4603 ἁμάρτημα
3081 4530 3147 4595 ἧν
3184 4530 3245 4584 τὸ
3299 4535 3520 4597 ποιῆσαι
3552 4530 3671 4593 τοὺς
3716 4530 3896 4594 λίθους

491 4613 684 4695 pides,
721 4604 955 4695 panes?
992 4604 1153 4679 Audi
1202 4604 1406 4697 igitur,
1439 4616 1578 4696 quia
1608 4616 1817 4679 audire
1844 4616 2151 4679 diabolum

2240 4610 2473 4695 ἄρτους,
2540 4604 2741 4671 Ἀκουε
2793 4613 2906 4689 οὗν,
2958 4613 3064 4702 ὅτιυ
3095 4618 3156 4673 τὸ
3214 4618 3424 4675 ἀκούειν
3493 4626 3576 4676 τοὺ
3646 4616 3903 4677 διαϐόλου

489 4702 551 4764 in
599 4703 823 4785 aliquo,
879 4716 1187 4786 peccatum
1244 4714 1355 4768 est.
1403 4704 1551 4769 Vide
1599 4714 1796 4768 autem
1837 4714 1896 4767 et
1934 4706 2090 4767 aliud
2134 4727 2149 4771 :

2240 4704 2373 4760 κατά
2399 4726 2473 4763 τι.
2508 4704 2801 4783 ἁμάρτημά
2844 4703 3008 4763 ἐστιν.
3062 4704 3248 4773 Αλλως
3304 4730 3361 4765 τε
3392 4707 3473 4777 ἴδε
3512 4725 3526 4738 ⁸
3581 4713 3676 4769 οὐκ
3705 4708 3892 4786 εἶπεν⁹

492 4810 611 4852 non
641 4792 812 4869 dixit,
840 4792 915 4857 Ut
945 4795 1094 4877 lapis
1124 4796 1222 4858 hic
1255 4794 1424 4876 panis
1454 4796 1577 4872 ﬁat,
1603 4795 1707 4859 sed
1735 4796 1966 4874 lapides
2002 4816 2015 4855 :
2053 4814 2152 4856 vo-

2240 4790 2350 4850 Ἰνα
2394 4795 2422 4849 6
2457 4791 2597 4858 λίθος
2634 4794 2785 4859 οὗτος
2818 4793 3035 4873 γένηται
3065 4792 3243 4878 ἄρτος,
3276 4796 3397 4854 ἀλλ’
3427 4801 3486 4857 Οἱ
3516 4798 3670 4874 λίθοι,
3717 4797 3893 4855 θέλων

489 4879 622 4941 lens
666 4880 964 4945 Christum
1015 4884 1087 4946 ad
1135 4885 1437 4965 superﬂua
1493 4883 1796 4964 instigare.
1844 4882 2150 4948 Esurienti

2240 4882 2378 4957 ῥίψαι
2434 4884 2524 4939 τὸν
2585 4884 2809 4964 Χριστὸν
2879 4885 2949 4948 είς
3022 4887 3400 4963 περιττότητα,
3465 4894 3552 4963 Τῷ
3612 4890 3710 4968 γὰρ
3764 4911 3889 4945 πει-

491 4968 652 5030 enim
684 4988 841 5032 unus
888 4972 1057 5052 panis
1088 4974 1324 5049 suﬂicit,
1357 4981 1417 5034 et
1458 4983 1704 5056 propter
1733 4974 1845 5035 hoc
1875 4973 2145 5036 Christus

2240 4978 2384 5029 νῶντι
2445 4976 2529 5036 εἷς
2585 4970 2736 5050 ἄρτος
2799 4974 2954 5052 ἀρκεῖ
2996 4977 3207 5040 πάντως
3244 4992 3258 5007 '
3293 4976 3377 5034 διὰ
3404 4985 3557 5036 τοῦτο
3596 4980 3624 5034 6
3657 4980 3889 5057 Χριστὸς

490 5075 611 5119 non
641 5059 863 5120 audivit
889 5078 1051 5125 eum.

570 5147 754 5211 Vsus.
778 5147 841 5212 4.
880 5171 909 5205 ε
941 5149 1018 5212 At
1046 5149 1148 5212 ille
1178 5153 1578 5235 respondens,
1609 5152 1755 5215 dixit
1796 5174 1809 5217 :
1844 5154 2143 5235 Scriptum

488 5244 597 5313 est,
630 5235 864 5326 Noniin
907 5256 1060 5319 pane
1088 5240 1213 5301 solo
1276 5241 1537 5304 victurus
1581 5252 1669 5305 est
1698 5243 1904 5326 homo,
1936 5244 2042 5306 sed
2082 5244 2145 5305 in

488 5326 647 5387 omni
669 5325 852 5388 verbo
882 5327 1039 5408 quod
1059 5328 1368 5408 egreditur
1390 5349 1496 5412 per
1528 5350 1594 5393 os
1623 5330 1751 5393 Dei.
1786 5357 1814 5388 ι
1854 5331 1935 5394 Ex
1964 5335 2147 5395 veteri

484 5420 844 5478 testamento
863 5423 954 5477 est
975 5416 1383 5480 testimonium
1410 5420 1746 5498 hoc;Mosis
1769 5421 1928 5483 enim
1949 5440 2146 5485 sermo

566 5591 651 5677 (α)
686 5591 838 5656 Edit.
873 5592 1001 5657 Lut.
1038 5594 1241 5659 omisit
1276 5595 1599 5681 Scriptura:
1643 5598 1847 5665 verba.

2229 5062 2327 5119 οὒκ
2353 5062 2576 5131 ἤκουσεν
2606 5065 2785 5125 αὑτοῦ,

2318 5175 2341 5209 ε
2396 5144 2453 5211 Ὀ
2507 5151 2559 5209 δὲ
2619 5152 2939 5233 ἀποκριθεὶς,
3006 5155 3131 5212 εἷπε
3180 5171 3194 5186 ⁸
3244 5156 3571 5239 Γέγραπται,
3631 5157 3740 5216 Οὔκ
3797 5157 3889 5215 ἐπ’

2232 5244 2372 5323 ἄρτῳ
2413 5245 2562 5320 μόνῳ
2615 5244 2828 5315 ζήσεται
2885 5243 3185 5324 ἄνθρωπος,
3240 5244 3361 5303 ἀλλ’
3426 5246 3510 5304 ἐπὶ
3569 5251 3725 5305 παντὶ
3777 5248 3891 5325 ῥῆ-

2231 5356 2360 5410 ματι
2418 5332 2819 5413 ἐκπορευομένῳ
2862 5332 2947 5391 διὰ
3006 5335 3272 5411 στόματος
3335 5342 3487 5396 Θεοῦ.
3529 5360 3557 5391 ι
3596 5337 3732 5394 Ἀπὸ
3791 5343 3893 5405 τῆς

2233 5422 2470 5489 Παλαιᾶς
2515 5423 2656 5481 ἐστιν
2698 5425 2732 5491 ἡ
2794 5425 3050 5505 μαρτυρία
3080 5445 3093 5459 ⁸
3153 5425 3386 5492 Μωσέως
3440 5428 3539 5507 γὰρ
3597 5430 3625 5484 6
3696 5426 3887 5508 λόγος,
