4204 6410
268 321 381 387 181
994 330 1442 425 ENARRATIO
1483 331 1570 396 ΙΝ
1613 316 2128 397 EVANGELIUM
2174 329 2576 396 MATTILEI.
2627 366 2688 377 -—
2746 333 2910 398 CAP.
2958 330 3068 401 1V.
3606 333 3723 399 182

279 460 381 552 ξαὶ
430 460 534 552 γαρ
568 464 668 519 καὶ
722 467 777 552 οἱ
843 462 1118 552 Ἐβρατοι,
1166 468 1243 540 τῷ
1300 466 1471 542 μᾶννα
1528 465 1856 547 ἐτράφησαν,
1893 469 1984 524 οὐκ

2070 474 2180 529 est.
2206 465 2351 528 Nam
2385 475 2443 529 et
2480 464 2719 529 Hebraei
2751 466 2928 530 cibati
2958 473 3096 531 sunt
3124 482 3363 544 manna,
3404 470 3563 552 quod
3594 491 3717 537 non

298 548 622 639 iptiiﬁvm,
689 551 846 612 ἀλλὰ
908 551 997 611 διὰ
1054 555 1295 633 ῥήματος
1357 554 1511 632 Θεοῦ,
1575 562 1751 613 πᾶσαν
1795 557 1982 636 χρείαν

2066 564 2191 617 erat
2219 557 2411 639 panis,
2446 557 2549 619 sed
2585 575 2692 637 per
2719 557 2964 619 verbum
3014 558 3121 621 Dei
3151 548 3440 639 implebat
3471 580 3711 625 omnem

302 647 405 697 τῶν
453 630 717 719 Ἐϐραίων
776 630 1102 723 πληροῦντι,
1173 645 1264 700 καὶ
1335 630 1506 705 πάντα
1560 630 1850 724 γινομένων
1881 644 1980 702 ὅσα

312 732 376 786 ἂν
431 744 622 811 φαγεῖν
682 755 767 797 τις
803 732 1083 809 ἐπεθύμει,
1134 732 1258 790 Εἴτε
1301 732 1402 813 γὰρ
1445 734 1651 815 ἰχθύος,
1688 734 1804 791 εῗτε
1846 735 1974 811 ὠοῦ,

302 819 421 876 εἴτε
464 828 615 899 τυροῦ
674 822 960 897 ὶπεθύμει,
1056 823 1086 879 6
1143 820 1426 905 Ἰουδαῖος,
1494 824 1748 891 τοιαύτην
1798 831 1976 903 γεῦσιν

302 923 576 991 παρεῖχεν
605 914 750 987 αὒτῷ
791 914 857 969 τὸ
902 914 1098 987 μάννα.

397 1023 427 1055 ε
458 1001 591 1059 Τότε
642 1000 1054 1079 παραλαμϐάνει
1121 1002 1276 1061 αὐτὸν
1332 1004 1363 1059 6
1444 998 1688 1068 διάϐολος
1746 1005 1818 1069 εἰς
1876 1004 1974 1071 τὴν
2040 1074 2041 1077 η

311 1091 467 1168 ἁγίαν
506 1088 687 1162 πόλιν,
734 1091 823 1147 καὶ
855 1089 1071 1157 ἵστησιν
1124 1092 1279 1148 αὗτὸν
1309 1089 1395 1148 ἐπὶ
1436 1092 1497 1147 τὸ
1546 1092 1825 1171 πτερύγιον
1880 1100 1973 1150 τοῦ

2061 641 2446 707 Hebraeorum
2467 646 2873 726 indigentiam,
2912 660 2972 710 et
3009 648 3406 710 ﬁebatomnia
3423 668 3713 729 quaecun-

2060 751 2176 813 que
2200 735 2517 797 comedere
2539 736 2853 817 quisquam
2903 737 3183 818 cupiebat
3212 758 3227 819 ;
3263 756 3399 798 nam
3429 740 3552 800 sive
3583 740 3713 819 pis-

2059 840 2214 897 cem,
2266 823 2389 885 sive
2420 842 2619 900 ovum,
2652 825 2776 887 sive
2833 844 3073 887 caseum
3106 826 3569 906 concupiscebat
3596 828 3710 891 Ju-

2059 910 2244 987 daeus,
2278 912 2438 974 illius
2467 922 2707 991 gustum
2742 932 2960 977 manna
2985 916 3040 976 ei
3074 914 3402 995 praebebat.

2138 998 2326 1066 VEns.
2350 1000 2410 1065 5.
2441 1028 2460 1059 ε
2475 1001 2640 1064 Tunc
2653 1002 2899 1064 assumit
2917 1023 3051 1066 eum
3066 1004 3343 1066 diabolus
3363 1003 3427 1065 in
3445 1012 3712 1068 sanctam

2056 1089 2441 1168 civitatem,et
2460 1091 2663 1153 statuit
2680 1111 2814 1154 eum
2834 1111 3013 1172 supra
3026 1093 3411 1173 pinnaculum
3436 1100 3551 1154 tem
3560 1094 3704 1174 pli.»

310 1181 475 1258 ἱεροῦ,
514 1204 542 1236 ι
578 1180 750 1254 Μέρος
780 1203 831 1237 τι
881 1188 977 1237 τοῦ
1014 1181 1178 1260 ἱεροῦ,
1218 1181 1314 1237 οἶα
1361 1181 1427 1238 τὰ
1472 1178 1601 1261 παρ’
1642 1183 1779 1257 ἡμῖν
1809 1180 1972 1261 λεγό-

2066 1178 2198 1241 Pars
2216 1180 2485 1260 quaedam
2504 1181 2709 1262 templi
2747 1191 2898 1257 erat,
2932 1181 3086 1243 sicut
3117 1201 3251 1263 quae
3280 1182 3437 1262 apud
3472 1201 3580 1244 nos
3611 1184 3706 1246 di-

314 1291 448 1343 μενι
468 1268 671 1348 δίρῥυτα
696 1286 711 1300 ·
742 1270 922 1348 ὥσπερ
949 1270 1051 1350 γὰρ
1092 1271 1347 1349 πτέρυγες
1378 1268 1570 1328 δοκοῦσ
1582 1292 1648 1334 ιν,

406 1380 435 1411 ε
473 1359 574 1415 Καὶ
628 1356 774 1436 λέγει
826 1360 972 1431 αὖτῷ
1006 1375 1020 1390 ·
1075 1359 1134 1416 Ei
1184 1361 1304 1423 Υἱὸς
1362 1358 1417 1416 εἴ
1475 1367 1568 1419 τοῦ
1623 1366 1778 1433 Θεοῦ,
1808 1359 1971 1437 βάλλε

306 1448 535 1505 σεαυτὸν
590 1448 759 1507 κάτω.
836 1447 1136 1529 Γέγραπται
1213 1449 1338 1527 γὰρ,
1398 1446 1480 1505 ὅτι
1527 1462 1647 1513 τοῖς
1718 1448 1971 1529 ἀγγέλοις

303 1539 475 1596 αὖτοῦ
530 1535 824 1598 {mlunt
885 1538 1005 1615 περὶ
1073 1545 1190 1618 σοῦ,
1248 1538 1334 1594 καὶ
1387 1539 1474 1595 Eni
1536 1545 1732 1619 χειρῶν
1794 1540 1974 1619 ἀροῦσί

302 1648 395 1707 σε,
449 1628 667 1703 μήποτε
738 1627 1053 1707 προσκόψῃς
1095 1629 1226 1707 πρὸς
1271 1625 1413 1684 λίθον
1469 1628 1560 1684 τὸν
1590 1626 1726 1685 πόδα
1786 1651 1902 1692 σου.
1938 1652 1966 1683 ιι

2054 1275 2269 1330 cuntur
2291 1268 2496 1349 δίρῤυτα
2530 1290 2543 1330 :
2578 1269 2855 1332 videntur
2877 1271 3038 1333 enim
3067 1270 3220 1331 sicut
3249 1270 3354 1332 alae
3384 1289 3539 1333 esse.

2134 1358 2319 1422 Vens.
2353 1361 2411 1420 6°
2445 1384 2472 1415 ε
2508 1358 2577 1420 Ει
2605 1359 2749 1421 dicit
2772 1359 2919 1435 ei,Si
2948 1359 3129 1421 Filius
3152 1359 3256 1420 Dei
3289 1378 3354 1420 es
3379 1366 3463 1435 tu,
3491 1363 3704 1425 mittito

2056 1444 2730 1528 tedeorsum,Scriptum
2747 1456 2838 1510 est
2857 1448 3297 1528 enim,Angelis
3319 1449 3443 1510 suis
3466 1452 3703 1513 manda-

2056 1533 2143 1596 bit
2164 1535 2239 1598 de
2269 1544 2348 1610 te,
2382 1545 2440 1598 et
2468 1537 2530 1598 in
2562 1537 2835 1599 manibus
2868 1536 3184 1618 portabunt
3208 1546 3370 1614 te,ne
3398 1538 3558 1600 forte
3583 1540 3704 1601 im-

2056 1624 2264 1704 pingas
2292 1625 2353 1687 in
2384 1624 2645 1706 lapidem
2680 1626 2893 1707 pedem
2918 1635 3107 1688 tuum.
3132 1649 3156 1684 ι)
3195 1626 3255 1689 Si
3288 1626 3472 1688 Filius
3500 1627 3609 1690 Dei
3639 1647 3704 1692 es

307 1719 364 1773 Ei
401 1717 524 1780 Υἱὸς
556 1720 614 1773 εἴ
671 1720 762 1774 τοῦ
823 1724 974 1793 Θεοῦ,
1009 1717 1297 1797 μονονουχὶ
1340 1724 1491 1775 τοῦτο
1519 1715 1664 1796 λέγει
1690 1735 1708 1752 ⁰
1744 1714 1887 1797 Ἐγὼ
1913 1720 1973 1775 06

2066 1718 2141 1784 tu,
2176 1715 2348 1794 quasi
2374 1716 2489 1777 hoc
2530 1714 2686 1778 dicat
2722 1737 2735 1773 :
2788 1714 2909 1792 Ego
2956 1734 3073 1776 non
3105 1715 3284 1777 credo
3316 1717 3444 1777 voci
3468 1718 3704 1781 caelitus

305 1806 546 1864 πιστεύω
618 1812 687 1884 τῇ
742 1805 795 1873 ἐξ
853 1808 1087 1886 οὐρανῶν
1143 1812 1294 1887 φωνῇ
1326 1826 1343 1844 ·
1404 1805 1552 1882 ὅμως
1600 1806 1684 1887 σὺ,
1747 1808 1791 1863 εί
1852 1807 1969 1873 Υἱὸς

2053 1802 2249 1864 missae
2283 1824 2295 1861 :
2331 1810 2592 1865 attamen
2615 1803 2759 1885 ιιι,δὶ
2787 1802 2975 1866 Filius
2996 1803 3105 1866 Dei
3137 1822 3224 1879 es,
3256 1805 3504 1868 ostende
3525 1807 3700 1869 mihi.

301 1898 359 1953 εἴ
417 1900 516 1955 τοῦ
572 1905 731 1980 Θεοῦ,
776 1896 948 1964 δεῖξόν
1004 1921 1123 1974 μοι.
1157 1898 1339 1957 Καίτοι
1369 1918 1454 1976 γε,
1487 1898 1534 1955 ὦ
1564 1898 1742 1979 μιαρὲ,
1772 1900 1816 1956 εἰ
1848 1900 1967 1964 Υἱὸς

2066 1888 2330 1964 Quamvis
2357 1892 2544 1957 Filius
2574 1892 2683 1955 Dei
2707 1901 3027 1973 erat,num,
3050 1912 3083 1954 ο
3116 1892 3453 1975 maledicte,
3482 1897 3699 1975 praeci-

299 1987 365 2052 ἦν
419 1993 515 2044 τοῦ
561 1979 723 2063 Θεοῦ,
780 1988 1202 2064 κατεκρήμνισεν
1268 1985 1331 2043 ἂν
1402 1987 1633 2062 ὲαυτὺνς
1694 1988 1804 2057 Τῆς
1864 1993 1963 2056 σῆς

2066 1979 2239 2057 ιίιειτο
2268 1980 2524 2045 debebat
2554 1981 2848 2063 seipsum?
2873 1980 3015 2043 Tuae
3034 1981 3404 2043 credulitatis
3432 1991 3705 2065 est,prae-

295 2076 587 2149 ὠμότητος
637 2076 793 2135 τοῦτό
846 2075 981 2153 ἐστι,
1030 2079 1092 2134 τὸ
1142 2083 1585 2156 κατακρημνίζειν
1615 2077 1740 2142 τοὺς
1769 2075 1963 2153 δαιμο-

2066 2070 2296 2151 :ipitare
2326 2071 2619 2133 daemonio
2651 2079 2839 2146 actos,
2888 2072 2995 2134 Dei
3044 2080 3241 2132 autem
3290 2071 3538 2135 salvare.
3572 2073 3701 2135 Non

293 2172 500 2231 νῶντις
534 2182 549 2196 ’
629 2174 766 2225 Θεοῦ
822 2165 901 2242 δὲ,
946 2167 1009 2224 τὸ
1067 2166 1276 2239 σώζειν.
1332 2166 1405 2225 Οὖ
1456 2166 1754 2247 γέγραπται
1792 2165 1849 2223 δὶ
1879 2168 1964 2241 τὸ,

2066 2169 2246 2223 iutem
2279 2164 2568 2241 scriptum
2629 2170 2720 2224 est
2764 2160 2946 2237 istud,
2980 2158 3048 2221 In
3075 2158 3351 2221 manibus
3382 2162 3701 2240 portabunt

302 2278 331 2311 ε
366 2255 487 2313 Ἐπὶ
544 2263 754 2338 χειρῶν
796 2256 977 2336 ἆροῦσί
1037 2276 1121 2337 σε,
1181 2278 1205 2314 ι
1240 2256 1360 2335 περὶ
1387 2262 1481 2313 τοῦ
1527 2264 1776 2336 Χριστοῦ,
1830 2253 1967 2313 ἀλλὰ

2066 2268 2132 2338 te,
2167 2260 2406 2332 propter
2438 2249 2761 2324 Christum,
2797 2249 2903 2311 sed
2936 2257 3179 2329 propter
3209 2252 3585 2331 sanctos,qui
3613 2252 3702 2313 in-

306 2346 422 2422 περὶ
473 2336 585 2403 τῶν
631 2346 828 2424 ἁγίων,
872 2352 981 2404 τῶν
1028 2336 1291 2421 δεομένων
1347 2344 1592 2422 βοηθείας
1646 2344 1961 2426 ἂγγελικῆς.

2066 2336 2251 2415 ligent
2307 2340 2575 2420 angelico
2638 2338 2938 2420 praesidio.
2990 2338 3265 2402 Christus
3322 2349 3547 2418 autem,
3600 2343 3701 2425 qui

312 2426 369 2492 ’0
398 2433 461 2514 6‘s
486 2437 715 2514 Χριστὸς
742 2440 804 2495 o6
828 2433 1025 2511 δεῖται,
1059 2436 1189 2500 Θεὸς
1218 2434 1313 2493 ὤν.

395 2545 422 2578 ε
450 2512 608 2593 ’Ἔπη
668 2527 816 2599 αὐτῷ
866 2526 897 2582 6
951 2521 1152 2592 ⁹[νισοῦς
1187 2545 1202 2561 ’
1260 2521 1424 2582 Πάλιν
1482 2525 1773 2605 γέγραπται
1803 2542 1818 2559 ⁸
1859 2527 1967 2585 Οὔκ

2048 2426 2210 2490 Deus
2240 2438 2351 2505 est,
2385 2448 2506 2492 non
2537 2447 2686 2509 opus
2716 2428 2819 2489 illo
2846 2427 3048 2492 habet.

2128 2516 2316 2583 VERS.
2346 2519 2409 2583 7.
2465 2549 2487 2580 ε
2520 2519 2680 2582 Dixit
2731 2518 2819 2581 illi
2870 2518 3044 2579 Jesus
3079 2519 3380 2580 :Bursum
3410 2520 3699 2600 scriptum

307 2614 635 2695 ὶκπειράσεις
686 2615 877 2693 Κύριον
933 2614 1025 2671 τὸν
1084 2614 1215 2671 Θεόν
1274 2636 1390 2675 σου.
1437 2632 1469 2674 ι
1507 2605 1748 2693 Ἠμὲρως
1806 2614 1965 2674 αὒτὸν

2066 2615 2158 2683 ξεί,
2192 2626 2312 2670 non
2344 2608 2603 2671 tentabis
2645 2607 2968 2670 Dominum
3018 2607 3209 2669 Deum
3243 2614 3435 2670 tuum.
3468 2632 3495 2665 ιο
3529 2614 3696 2671 Man-

302 2704 657 2784 ἆποκρούεται
734 2706 762 2760 6
846 2705 1098 2784 Χριστὸς,
1181 2701 1440 2760 διδάσκων
1512 2705 1657 2780 ἡμᾶς
1711 2701 1797 2763 διὰ
1865 2710 1964 2774 τῆς

2066 2706 2216 2760 mete
2237 2698 2475 2779 repellit
2505 2717 2642 2760 eum
2673 2696 2970 2772 Christus,
3021 2697 3279 2761 docens.~
3300 2708 3359 2761 et
3389 2717 3498 2761 nos
3528 2718 3702 2763 man-

303 2794 614 2870 πραότ-ητος
645 2800 791 2867 νικᾷν
821 2794 946 2859 τοὺς
974 2790 1249 2869 δαίμονας.

405 2995 429 3028 ε
464 2972 635 3031 Πὲλιν
689 2971 1041 3050 προλαμϐάνει
1108 2973 1266 3032 αὒτδν
1330 2973 1358 3029 6
1405 2969 1651 3039 διάϐολος
1710 2975 1784 3038 είς
1842 2973 1961 3053 ὅρος

2045 2785 2695 2869 ειιθῐυόίιιοζιίαιῐιοιιοε
2723 2790 2985 2850 vincere.
3329 2813 3332 2816 ’

2126 2969 2310 3032 Vens.
2336 2970 2393 3045 8,
2429 2971 2487 3035 9.
2524 2990 2555 3033 ε
2601 2968 2821 3032 Iterum
2863 2968 3113 3031 assumit
3144 2985 3281 3030 eum
3326 2968 3601 3031 diabolus
3632 2970 3696 3033 in

319 3061 535 3139 ὑψηλὸν
581 3060 715 3136 λίαν,
766 3065 852 3120 καὶ
904 3062 1165 3121 δείκνυσιν
1220 3060 1361 3137 αὐτῷ
1416 3063 1591 3126 πάσας
1649 3062 1744 3127 τὰς
1798 3064 1984 3142 βασι-ε

2066 3066 2310 3121 nontem
2341 3059 2641 3123 excelsum
2672 3059 2932 3133 valde,et
2963 3066 3250 3120 monstrat
3278 3058 3337 3119 ei
3369 3060 3569 3120 omnia
3598 3077 3700 3125 re-

314 3152 470 3217 λείας
524 3162 615 3213 τοῦ
667 3153 887 3229 κόσμου,
928 3154 1018 3211 καὶ
1071 3152 1170 3222 τὴν
1225 3150 1377 3219 δόξαν
1430 3152 1630 3233 αὖτῶν,
1687 3155 1775 3211 καὶ
1820 3151 1963 3233 λέγει

2066 3164 2184 3228 ςηα,
2217 3150 2424 3211 mundi
2473 3160 2531 3211 et
2572 3148 2821 3228 gloriam
2852 3148 3119 3229 illorum,
3167 3157 3225 3210 et
3268 3147 3415 3209 dicit
3445 3148 3524 3221 ei,
3562 3148 3701 3211 Hac

302 3246 455 3318 αὗτῷ
488 3260 507 3278 ’
569 3249 741 3301 Ταῦτα
799 3244 974 3301 πάντα
1032 3264 1115 3299 σοι
1167 3240 1344 3318 δώσω,
1401 3240 1491 3299 ἰὰν
1520 3242 1698 3299 πεσὼν
1727 3265 1965 3322 προσκυ-

2066 3237 2250 3299 )mnia
2270 3239 2375 3301 tibi
2406 3238 2653 3321 dabo,si
2686 3237 3016 3319 procideris
3049 3245 3107 3297 et
3137 3236 3480 3299 adoraveris
3511 3256 3631 3301 me.
3669 3263 3697 3295 υ

299 3335 475 3409 νήσῃς
520 3354 642 3407 μοι.
692 3355 720 3388 ε
768 3332 921 3397 Τινὲς
979 3332 1077 3408 μὲν
1136 3330 1431 3406 νομίζουσιν
1482 3328 1601 3409 ὅρος
1641 3331 1872 3409 ὑψηλὸν,
1906 3334 1968 3392 τὸ

2066 3323 2299 3397 luidam
2319 3336 2526 3408 putant
2541 3336 2803 3389 montem
2820 3328 3119 3388 excelsum
3134 3325 3705 3391 valde,aﬂ‘ectionem

302 3423 397 3489 τῆς
454 3421 897 3503 φιλοχρηματίας
954 3422 1144 3496 πάθος,
1215 3422 1288 3487 εἰς
1345 3422 1374 3476 ὃ
1430 3420 1708 3493 σπουδάζει
1759 3422 1969 3502 ἀναγα-

2066 3421 2115 3476 et
2138 3417 2398 3479 studium
2418 3418 2480 3479 in
2502 3416 2880 3499 possidendis
2897 3414 3215 3488 divitiis,in
3246 3433 3423 3495 quem
3457 3422 3708 3477 conatur

305 3526 424 3590 τεῒν
465 3512 560 3568 τὸν
614 3510 827 3577 Ἰησοῦν
858 3514 886 3568 6
917 3510 1106 3592 ἐχθρός
1134 3528 1151 3546 ⁸
1184 3508 1305 3567 ἀλλ’
1336 3513 1396 3567 οὺ
1436 3507 1615 3575 καλῶς
1649 3512 1969 3587 νομίζωσιν,

2066 3503 2336 3570 inimicus
2356 3504 2933 3583 Jesumducere;sed
2960 3523 3079 3564 non
3096 3511 3262 3592 recte
3285 3503 3709 3582 opinantur.In

308 3604 584 3668 Αίσθητῶς
790 3591 980 3681 ἐφάνη
1043 3599 1188 3676 αὐτῷ
1244 3603 1272 3657 6
1329 3597 1577 3665 διάϐολος
1615 3619 1628 3634 ⁶
1679 3600 1969 3681 λογισμοὺς

2066 3598 2325 3661 sensibili
2349 3599 2506 3661 enim
2533 3597 2724 3658 forma
2745 3594 3019 3677 apparuit
3048 3597 3099 3655 ei
3135 3591 3430 3656 diabolus.
3466 3595 3549 3653 21
3591 3593 3711 3656 Co-

312 3689 407 3765 γξιρ
465 3690 495 3745 6
552 3688 743 3768 Κύριος
798 3692 896 3746 αὗκ
954 3685 1188 3762 ὶδέξατο,
1267 3689 1347 3765 μὴ
1400 3684 1632 3767 γένοιτο.
1696 3691 1970 3758 Αίσθητῶς

2066 3688 2374 3768 gitationes
2406 3688 2566 3749 enim
2602 3687 2748 3748 tales
2779 3704 2897 3746 non
2948 3683 3152 3745 habuit
3183 3686 3497 3757 Dominus,
3531 3682 3710 3745 absit.

313 3777 396 3833 οὖν
442 3780 589 3852 αύτῷ
657 3775 849 3842 ἔδειξεν
905 3777 960 3833 ἑν
1023 3782 1103 3851 τῷ
1141 3775 1249 3857 ὄρει
1294 3777 1469 3842 πάσας
1519 3778 1614 3843 τὰς
1674 3778 1974 3857 βασιλείας,

2066 3777 2440 3842 Sensibiliter
2457 3776 2633 3855 igitur
2646 3773 2702 3836 ei
2724 3774 3070 3835 monstravit
3094 3772 3154 3833 in
3180 3778 3382 3832 monte
3402 3774 3604 3833 omnia
3624 3792 3717 3835 re-

308 3869 443 3923 κατα
523 3867 817 3947 φαντασίαν
900 3868 1205 3937 ὑποστήσας
1285 3868 1427 3942 αὐτῷ
1512 3869 1615 3947 πρὸ
1691 3868 1978 3951 ὀφθαλμῶν

2066 3875 2342 3948 gna,ante
2375 3866 2581 3928 oculos
2608 3883 2677 3926 ea
2699 3881 2992 3944 apparere
3010 3862 3491 3941 faciens,et,Haec
3514 3862 3717 3923 omnia

306 3958 530 4027 ταύτας,
591 3959 707 4029 καὶ,
748 3980 776 4011 ε
810 3963 984 4016 Ταῦτα
1037 3956 1211 4015 πάντα
1266 3978 1349 4013 σοι
1381 3954 1557 4017 δώσω.
1594 3977 1627 4018 ι
1662 3950 1846 4039 φησίν.
1884 3950 1977 4025 Ὠς

2066 3956 2171 4018 tibi
2192 3955 2591 4037 dabo,inquit.
2616 3955 2893 4015 Mundum
2912 3951 3080 4033 quasi
3101 3969 3243 4013 suus
3262 3952 3539 4031 proprius
3561 3960 3722 4013 esset

306 4048 410 4124 γὰρ
470 4043 616 4104 ἴδιον
644 4045 768 4103 ὄντα
821 4046 912 4103 τὸν
967 4046 1168 4123 κόσμον
1224 4045 1509 4126 λογίζεται,
1567 4048 1669 4104 ὑπὸ
1698 4050 1978 4129 ὑπερηφα-

2067 4046 2365 4128 proponit,
2400 4063 2521 4127 prae
2552 4042 2855 4125 superbia.
2892 4045 3013 4105 Hoc
3054 4049 3112 4102 et
3137 4059 3296 4102 nunc
3327 4040 3473 4102 dicit
3500 4042 3713 4117 avaris,

308 4139 422 4203 νίας
457 4156 477 4172 ο
534 4143 695 4193 τοῦτο
758 4134 813 4193 δὲ
867 4137 957 4195 καὶ
999 4142 1087 4194 νῦν
1114 4135 1259 4215 λέγει
1287 4147 1407 4200 τοϊς
1435 4134 1811 4216 πλεονέκταις,
1844 4140 1982 4199 ὥστε

2067 4144 2131 4200 ut
2151 4136 2468 4198 adorantes
2497 4152 2633 4196 eum
2664 4133 2864 4198 omnia
2892 4132 3019 4194 haec
3049 4130 3333 4194 habeant.

311 4229 358 4281 ot
418 4225 839 4304 προσωνοῦντες
868 4224 1034 4301 αύτῷ,
1067 4224 1265 4284 ἐκεῖνοι
1295 4227 1461 4306 ταῦτα
1491 4224 1733 4306 ἔχουσιν.

401 4339 426 4371 ε
465 4316 603 4375 Τότε
660 4314 805 4394 λέγει
861 4317 1005 4393 αύτῷ
1031 4317 1060 4373 6
1105 4313 1312 4383 Ἰησοῦς
1345 4330 1359 4345 ’
1398 4304 1618 4394 υΥπᾶγε
1649 4317 1820 4376 ὀπίσω
1854 4342 1980 4396 μου,

2148 4313 2332 4378 VEns.
2369 4312 2467 4378 10.
2503 4337 2529 4368 ε
2554 4311 2723 4375 Tunc
2772 4310 2916 4373 dicit
2959 4310 3015 4372 ei
3038 4312 3229 4386 Jesus,
3264 4310 3432 4371 Vade
3459 4320 3596 4390 post
3624 4327 3722 4372 me

318 4411 535 4465 Σατανᾶ
561 4422 575 4436 '
610 4404 903 4483 γέγραπται
933 4405 1035 4484 γὰρ
1061 4423 1077 4441 ο
1116 4404 1299 4482 Κύριον
1327 4405 1419 4460 τὸν
1472 4402 1602 4461 Θεόν
1663 4428 1756 4463 σου
1810 4431 1980 4489 προσ-

2068 4403 2281 4469 Satana
2310 4403 2609 4483 Scriptum
2640 4412 2730 4463 est
2758 4400 2940 4474 enim,
2979 4399 3297 4489 Dominum
3332 4402 3527 4489 Deum
3543 4406 3720 4489 tuum

314 4499 592 4576 κινήσεις,
657 4496 745 4553 καὶ
816 4499 958 4570 αὐτῷ
1031 4494 1179 4570 μόνῳ
1263 4492 1589 4572 λατρεύσεις,
1653 4518 1680 4555 ι
1740 4487 1981 4578 Ὀργτζε-

2067 4493 2360 4569 adorabis,
2397 4501 2456 4554 et
2485 4492 2650 4554 illum
2683 4491 2874 4552 solum
2908 4489 3090 4551 coles.
3126 4513 3154 4546 ››
3191 4488 3474 4549 Irascitur
3495 4487 3577 4548 illi
3598 4487 3722 4578 Do-_

308 4608 396 4643 ται
451 4590 484 4643 6
549 4586 735 4664 Κύριος
790 4586 954 4659 αύτῷ,
985 4583 1074 4642 ὅτε
1126 4582 1238 4641 εἶδε
1273 4583 1432 4642 αὐτὸν
1475 4585 1541 4640 τὰ
1569 4587 1662 4643 τοῦ
1691 4594 1822 4648 Θεοῦ
1848 4610 1982 4671 σφε-

308 4677 681 4752 τεριζόμενον,
714 4675 803 4731 καὶ
831 4672 1054 4752 λέγοντα
1093 4692 1108 4707 ·
1158 4695 1188 4728 ε
1220 4674 1397 4731 Ταῦτα
1424 4673 1599 4729 πάντα
1625 4698 1708 4733 σοι
1739 4673 1920 4753 δώσω,
1956 4700 1980 4734 ε

312 4769 386 4830 ὡς
444 4762 587 4824 ἴδια.
638 4764 778 4821 Μάθε
821 4761 874 4819 δὲ
918 4768 1033 4825 πῶς
1091 4760 1387 4819 ὧπελοῦσιν
1445 4764 1498 4817 αἱ
1552 4767 1776 4845 Γραιφαιί⁸
1828 4769 1856 4823 ὁ
1886 4767 1985 4848 γὰρ

321 4856 514 4934 Κύριος
544 4853 642 4911 ἀπ’
679 4853 852 4911 αὐτῶν
892 4850 1210 4929 ἱπεστόμισε
1238 4852 1332 4908 τὸν
1362 4849 1578 4931 ἐχθρόν.

414 4966 441 5002 ε
480 4944 616 5004 Τότε
672 4944 888 5024 ἇιρίησιν
946 4943 1101 5001 αὐτὸν
1151 4942 1186 5009 ἡ
1230 4938 1497 5006 διάϐολος.
1548 4943 1633 5000 καὶ
1662 4942 1770 5003 ῑδοὺ
1818 4945 1987 5027 ἄγγε-

323 5039 407 5096 λοι
470 5036 794 5119 προσῆλθον,
858 5037 947 5093 καὶ
1004 5032 1281 5102 διηκόνουν
1338 5033 1503 5109 αότῴ,
1555 5058 1583 5090 ε
1659 5040 1790 5105 Τοὺς
1843 5054 1989 5119 τρεῖς

324 5128 651 5205 πειρασμοίκ
710 5126 953 5194 δνίκησεν
1008 5125 1038 5182 ὀ
1099 5122 1306 5202 Κύριος,
1364 5124 1457 5179 τὸν
1507 5124 1606 5193 τῆς
1656 5149 1988 5210 γαστριμαρ-

321 5220 465 5297 γίασ,
511 5221 603 5277 τὸν
648 5223 749 5286 τῆς
808 5212 1133 5283 κενοδοξίας.
1165 5214 1252 5269 ναὶ
1282 5213 1374 5271 τὸν
1403 5216 1501 5282 τῆς
1532 5213 1988 5297 φιλοχρηματίας,

320 5308 486 5387 ἤγουν
550 5306 967 5391 φιλοπλουτίας.
1048 5305 1202 5362 Οὗτοι
1262 5302 1362 5380 γὰρ
1432 5302 1563 5358 εἰσιν
1616 5308 1665 5362 οἱ
1735 5306 1991 5390 ἄρχοντες

316 5406 415 5458 τῶν
470 5405 652 5460 παθῶν
703 5416 719 5430 ·
783 5394 1010 5465 τούτους
1068 5391 1158 5450 οὖν
1204 5392 1451 5463 νικήσας,
1512 5395 1599 5450 καὶ
1632 5398 1754 5462 τοὺς
1802 5397 1991 5466 ἄλλους

308 5492 479 5569 πολλῷ
504 5492 753 5573 μᾶλλον,
789 5476 969 5545 ’Ὅθεν
1027 5485 1056 5540 6
1118 5486 1324 5573 Λουκᾶς
1356 5483 1517 5561 φησὶν
1550 5483 1632 5541 ὅτι
1664 5488 1837 5547 πάντα
1863 5511 1990 5547 πει-

302 5569 516 5665 ρισμὸν
546 5569 803 5661 ἐτέλεσε,
873 5569 1423 5665 τὰς-,κεφαλὰςλτῶν
1503 5584 1812 5654 πειρασμῶν
1895 5602 1988 5639 τε-

304 5656 464 5745 λέσᾷς,
520 5667 702 5738 ’Ὁϐιι
784 5656 897 5726 viui.
986 5660 1210 5741 ἄγγελοι
1272 5656 1600 5721 διακονοῦσιν
1674 5668 1836 5743 τιτῷ,
1896 5670 1988 5729 ἵνα

2070 4584 2291 4664 minus,
2351 4581 2588 4663 quando
2618 4580 2776 4641 videt
2823 4578 2988 4639 illum
3034 4596 3104 4638 ea
3136 4596 3267 4658 quae
3301 4578 3407 4639 Dei
3438 4585 3574 4664 sunt
3604 4575 3721 4637 sibi

2069 4662 2558 4744 vindicantem,et
2586 4666 3054 4743 dicentem,Haac
3075 4665 3278 4726 omnia
3303 4665 3410 4726 tibi
3443 4662 3620 4737 dabo,
3656 4670 3719 4723 ut

2070 4764 2333 4846 prapria.
2351 4761 2524 4824 Disce
2554 4766 2749 4820 autem
2781 4756 3091 4846 quomodo
3112 4755 3339 4835 prosint
3365 4752 3721 4833 Scripturaa,

2070 4843 2351 4935 per—quas
2379 4850 2668 4916 Dominus
2698 4865 2764 4907 os
2785 4843 3352 4935 inimiciiobturavit.

2153 4932 2464 5021 VEns,.11.
2504 4966 2529 4996 α
2563 4941 2733 5003 Tunc
2755 4934 2974 4999 omittit
2999 4934 3165 4995 illum
3198 4932 3724 5013 diabolus,etecce

2071 5034 2266 5114 angeli
2295 5030 2661 5096 accedebant
2691 5036 2749 5090 et
2780 5023 3196 5088 ministrabant
3226 5022 3335 5085 ei»
3371 5022 3519 5114 Tres
3540 5028 3727 5114 tenta-

2076 5113 2267 5187 tiones
2297 5121 2596 5203 superavit
2624 5116 2935 5189 Dominus,
2972 5114 3145 5192 gulae,
3196 5132 3362 5175 vana":
3410 5113 3730 5203 gloriaa_,_et

2073 5200 2506 5277 avaritiae—Illae
2528 5209 2687 5271 enim
2722 5205 3037 5288 praecipuae
3066 5212 3203 5265 sunt
3232 5200 3729 5265 affectionesHas

2076 5304 2255 5384 igitur
2284 5302 2383 5384 qui
2407 5300 2639 5375 vicerit,
2673 5296 2818 5359 alias
2871 5294 3056 5356 multo
3087 5294 3277 5374 magis
3305 5296 3521 5354 vincet.
3558 5288 3729 5355 Unde

2076 5395 2264 5458 Lucas
2277 5390 2589 5473 dicitquod
2604 5404 2843 5450 omnem
2860 5384 3250 5449 tentationem
3277 5402 3387 5473 con
3399 5396 3730 5473 autumavi:-

2073 5466 2660 5567 rit,quandoq'uidem
2674 5474 2867 5557 capita
2890 5473 3276 5536 tentationum
3300 5466 3729 5567 vicit.Proinde

2074 5557 2269 5656 angeli
2301 5571 2359 5635 ei
2388 5557 2730 5632 ministrant
2766 5587 2781 5629 :
2814 5584 2937 5656 quo
2952 5570 3459 5656 commonstrantur
3491 5557 3647 5640 quod
3674 5562 3732 5656 et

2075 5650 2247 5728 nobis
2271 5670 2402 5745 post
2423 5658 2723 5722 victoriam
2746 5654 2943 5738 angeli
2964 5650 3363 5717 ministraturi
3383 5650 3735 5727 sint,omnia
