4204 6404
505 324 621 391 183

1462 266 2059 390 ΤΗΕΟΡΗΥΙιΑίΣΤΙ
2101 318 2505 385 BULGARIJE
2547 318 2907 383 ABGHIEP.

3764 308 3872 373 184

501 457 664 525 enim
695 467 941 541 propter
966 477 1076 521 nos
1106 466 1166 520 et
1192 457 1333 521 fecit
1361 464 1420 520 et
1460 455 1810 519 monstravit
1840 456 2153 531 Dominus,

2245 450 2432 532 δειχθῇ
2476 451 2557 508 ὅτι
2614 452 2703 508 καὶ
2755 450 3056 541 ἡμῖν-μετὰ
3107 450 3207 517 τὴν
3250 450 3399 541 νίκην
3434 444 3661 541 ἄγγελοί
3681 445 3883 541 ίξπηρν

504 548 785 633 quoniam
816 548 873 611 ei
897 556 962 612 ut
981 550 1104 613 Deo
1131 546 1330 627 angeli
1358 564 1601 629 semper
1629 545 1990 609 ministrant.

582 814 760 881 Vlns.
791 814 884 890 12,
916 814 1010 880 13.
1042 837 1065 873 ι
1098 816 1245 881 Cum
1269 813 1540 879 audisset
1566 821 1763 878 autem
1793 814 2152 896 Jesus,quod

500 905 759 967 Joannes
790 904 1045 966 traditus
1076 903 1523 980 esset,secessit
1550 903 1612 965 in
1644 903 2037 979 Galilaeam,et
2062 922 2155 965 re-

502 991 643 1055 licta
661 993 978 1074 Nazareth,
1011 993 1312 1074 profectus
1341 992 1623 1055 habitavit
1658 994 1721 1055 in
1753 992 2149 1075 Capernaum,

502 1098 637 1163 quae
666 1090 756 1144 est
783 1081 940 1163 apud
973 1100 1162 1157 mare,
1195 1081 1258 1143 in
1289 1083 1569 1144 confiniis
1596 1082 1858 1145 Zabulon
1888 1084 2154 1164 etNeph-

502 1169 727 1235 talimm
766 1169 1011 1234 Secedit
1030 1171 1455 1246 Jesns,docens
1494 1190 1603 1233 nos
1629 1191 1704 1233 ne
1734 1180 1959 1234 temere
1991 1173 2153 1253 peri-

502 1258 656 1322 culis
684 1278 793 1322 nos
823 1259 1188 1340 injiciamus.
1229 1260 1471 1325 Secedit
1509 1270 1707 1324 autem
1740 1260 1801 1322 in
1828 1262 2151 1342 Galilaeam,

500 1348 619 1411 hoc
647 1347 1423 1425 est,devolubilem.Gentes
1452 1352 1609 1412 enim
1634 1350 1695 1411 in
1723 1352 1979 1431 peccatis
1995 1353 2154 1413 volu-

505 1443 729 1500 tantur.
760 1436 998 1499 Habitat
1027 1447 1225 1500 autem
1256 1438 1318 1499 in
1341 1438 1899 1521 Capernaum,quod
1932 1449 2021 1504 est
2051 1442 2156 1502 do-

503 1544 639 1589 mus
667 1526 1095 1589 consolationis
1131 1544 1145 1590 :
1180 1536 1245 1588 ut
1274 1528 1434 1590 enim
1464 1527 1642 1591 faciat
1671 1538 1879 1608 gentes
1909 1530 2152 1592 domum

504 1614 998 1691 consolatoris,ob
1017 1634 1144 1677 eam
1165 1634 1401 1679 causam
1419 1618 1506 1698 (a)
1534 1617 1864 1682 descendit.
1890 1619 2153 1682 Zabulon

2239 531 2484 610 τήσουσι,
2544 541 2721 599 Πάντα
2762 541 2863 619 γὰρ
2893 538 2959 595 δι’
3010 541 3155 615 ἡμᾶς
3198 538 3286 595 καὶ
3318 549 3471 593 παιεῖ
3500 536 3589 591 καὶ
3635 531 3888 589 δείκνυσιν

2240 632 2267 687 6
2327 631 2574 709 Χριστὸς.
2636 627 2785 687 Ἐπεὶ
2836 633 3002 704 αὐτῷ,
3080 630 3154 691 ὡς
3222 628 3362 702 Θεῷ,
3417 626 3507 683 καὶ
3566 625 3613 682 οἱ
3669 619 3891 700 ἄγγελοι

2236 721 2601 800 ὑπουργοῦσιν,

2326 834 2349 869 ε
2388 809 2646 876 Ἀκούσας
2688 810 2743 867 δὲ
2800 813 2827 869 6
2885 811 3093 879 Ἰησοῦς
3155 809 3235 866 ὅτι
3288 806 3539 875 Ἰωάννης
3599 801 3887 884 παρεδόθη,

2237 901 2581 981 ἀνεχώρησεν
2640 902 2712 966 εἰς
2769 900 2867 969 την
2924 898 3213 956 Γαλιλαίαν
3243 915 3258 930 ⁸
3323 899 3412 954 καὶ
3453 894 3761 953 καταλιπὼν
3788 891 3891 981 τὴν

2237 980 2495 1069 Ναζαρὲτ,
2581 991 2746 1048 ἐλθὼν
2822 990 3135 1064 κατῴκησεν
3196 991 3266 1053 εἰς
3356 985 3729 1066 Καπερναοὺμ,
3788 980 3892 1047 τὴν

2236 1078 2689 1160 παραθαλασσίαν,
2777 1082 2832 1135 εν
2916 1081 3076 1158 ὁρίοις
3161 1076 3438 1136 Ζαϐουλὼν
3519 1076 3607 1132 καὶ
3678 1075 3891 1160 Νεφθαέ

2237 1167 2381 1245 λείμ.
2435 1192 2459 1227 ι»
2524 1159 2831 1249 Ἀναχωρεῖ
2888 1171 2916 1226 6
2988 1168 3216 1244 Ἰησοῦς,
3276 1165 3556 1245 παιδεύων
3611 1166 3753 1239 ἡμᾶς
3812 1159 3894 1249 μὴ

2236 1257 2558 1336 ἱπιῤῥίπτειν
2615 1248 2828 1322 ἑαυτοὺς
2912 1269 3032 1321 τοῖς
3116 1255 3393 1321 κινδύνοις.
3453 1254 3761 1333 Ἀναχωρεῖ
3834 1248 3895 1305 δὲ

2238 1348 2311 1411 εἷς
2370 1347 2469 1413 τὴν
2528 1344 2838 1427 Γαλιλαίαν,
2899 1346 2927 1402 ὅ
2970 1348 3108 1421 εστι,
3167 1348 3267 1413 τὴν
3344 1341 3755 1411 κατακυλιστήν.
3814 1338 3893 1395 Τὰ

2240 1438 2338 1515 γὰρ
2384 1436 2507 1503 ἔθνη
2553 1438 2625 1503 είς
2664 1437 2763 1503 τὴν
2834 1436 3094 1516 ἁμαρτίαν
3154 1436 3548 1495 κατεκυλίοντο.
3610 1432 3707 1489 Καὶ
3747 1449 3891 1485 κατ-

2238 1538 2380 1581 οικεῖ
2428 1524 2483 1580 ἐν
2542 1527 2916 1603 Καπερναοὺμ,
2981 1522 3016 1581 ὀ¹
3068 1524 3210 1582 ἐστιν
3264 1526 3417 1589 οἶκος
3474 1519 3889 1600 παρακλήσεως·

2236 1614 2328 1671 ἵνα
2382 1616 2481 1693 γὰρ
2538 1616 2741 1691 ποιήσῃ
2797 1616 2860 1673 τὰ
2901 1614 3023 1681 ἔθνη
3054 1614 3207 1671 οἶκεν
3247 1622 3339 1671 τοῦ
3380 1611 3755 1691 Παρακλήτου,
3804 1605 3896 1661 διὰ

501 1703 927 1794 interpretatur
942 1697 1636 1787 nocturna,Nephthalim
1659 1719 1857 1770 autem
1883 1709 2147 1787 latitudo.

2245 1709 2391 1760 τοῦτο
2448 1702 2701 1771 κατῆλθε.
2763 1702 3039 1760 Ζαϐουλὼν
3098 1701 3152 1759 δὲ
3206 1704 3551 1782 ἑρμηνεύεται
3600 1697 3890 1794 νυκτερίαῖ

505 1795 726 1859 Gentes
747 1793 909 1855 enim
931 1802 989 1855 et
1011 1802 1247 1856 noctem
1285 1795 1583 1858 habebant
1603 1804 1662 1858 et
1691 1797 2060 1860 latitudinem
2091 1800 2151 1860 in

505 1881 667 1946 vita:
703 1901 824 1944 non
850 1883 1009 1944 enim
1044 1902 1153 1964 per
1179 1892 1485 1963 augustam
1543 1886 1695 1947 viam
1744 1886 2150 1970 ambulabant,

504 1970 613 2035 sed
644 1989 753 2054 per
781 1989 913 2035 eam
936 1990 1064 2053 qam
1092 1973 1155 2035 in
1190 1973 1585 2055 perditionem
1615 1975 1750 2040 fert.

585 2150 808 2214 VanJ
823 2148 1110 2213 4-16.(Ut
1132 2150 1453 2232 impleatur
1481 2154 1641 2235 quod
1671 2154 1894 2217 dictum
1929 2163 2019 2218 est
2049 2175 2159 2237 per

501 2239 717 2305 Isaiam
748 2239 1119 2319 prophetam,
1155 2240 1458 2303 dicentem
1497 2260 1510 2305 :
1558 2242 1744 2306 Terra
1775 2244 2063 2321 Zabulon,
2101 2256 2158 2309 et

503 2338 665 2393 terra
682 2327 1065 2408 Nephthalim
1086 2330 1249 2407 juxta
1262 2330 1412 2391 viam
1431 2332 1615 2393 maris
1635 2340 1797 2395 trans
1807 2334 1838 2398 J
1844 2341 2128 2396 ordanem
2141 2384 2157 2410 ,

505 2416 746 2481 Galilaaa
774 2416 1062 2493 gentium.
1088 2418 1349 2499 Populus
1380 2420 1483 2500 qui
1514 2422 1759 2485 sedebat
1798 2424 1860 2485 in
1891 2423 2160 2487 tenebris

503 2506 654 2570 vidit
683 2505 879 2568 lucem
933 2524 1229 2585 magnam,
1266 2516 1326 2568 et
1354 2508 1701 2572 sedentibus
1732 2513 1790 2573 in
1822 2513 2068 2592 regione
2101 2523 2161 2579 et

504 2594 722 2658 umbra
743 2594 986 2686 mortis,
1023 2596 1117 2686 lux
1141 2604 1269 2658 orta
1298 2605 1387 2660 est
1421 2598 1529 2662 eis.
1564 2625 1589 2655 ι
1630 2601 1792 2661 Viam
1839 2604 2019 2665 maris
2051 2624 2157 2686 pro

506 2702 579 2747 eo
602 2682 762 2766 quod
785 2691 876 2745 est
898 2683 971 2745 ad
1016 2682 1167 2746 viam
1222 2686 1402 2748 maris
1424 2688 1619 2749 sitam.
1653 2689 1773 2751 Lux
1795 2700 1992 2754 autem
2030 2682 2152 2756 ma-

503 2791 641 2852 gna,
676 2771 1082 2859 Evangelium.
1114 2774 1233 2835 Lex
1281 2776 1440 2837 enim
1492 2776 1589 2837 lux
1636 2780 1843 2859 etipsa
1873 2790 2018 2857 erat,
2052 2786 2155 2847 sed

509 2858 944 2944 parva.Umbra
973 2870 1169 2924 autem
1194 2863 1423 2939 mortis,
1458 2858 1765 2945 peccatum
1793 2890 1806 2927 :
1831 2869 2158 2935 similitudo

508 2951 667 3013 enim
698 2956 759 3012 et
780 2948 1152 3011 adumbratio
1185 2951 1395 3014 mortis
1443 2962 1554 3017 est.
1604 2954 1750 3017 Nam
1802 2958 1963 3021 sicut
2000 2979 2161 3024 mors

2237 1789 2538 1871 Νεφθαλεὶμ
2607 1789 2686 1866 δὲ,
2771 1791 3103 1867 πλατυσμός.
3193 1792 3270 1850 Τὰ
3351 1791 3521 1848 τοίνυν
3574 1788 3714 1854 ἔθνη,
3802 1786 3897 1840 καὶ

2236 1881 2395 1937 νύκτα
2454 1881 2614 1961 εἶχον
2657 1881 2746 1937 καὶ
2796 1879 3103 1957 πλατυσμὸν
3145 1880 3201 1937 ἐν
3256 1886 3325 1958 τῇ
3366 1887 3501 1957 ζωῇ.
3550 1883 3624 1936 Οὐ
3650 1878 3750 1955 γὰρ
3791 1875 3895 1941 τὴν

2237 1970 2428 2037 στενὴν
2472 1968 2590 2027 ὁδὸν
2650 1967 2910 2050 ἐϐάδιζον,
2985 1968 3121 2027 ἀλλὰ
3173 1971 3275 2038 τὴν
3334 1972 3405 2036 εἰς
3464 1966 3732 2025 ἀπώλειαν
3791 1963 3894 2044 φέ-

2238 2080 2454 2138 ρουσανμ,

2326 2170 2352 2203 ιι
2405 2135 2529 2205 ’Ἰνα
2582 2150 2844 2225 πληρωθῇ
2889 2149 2951 2204 τὸ
3008 2148 3162 2226 ῥηθὲν
3225 2146 3308 2204 διὰ
3353 2144 3580 2205 Ἡσαΐου
3625 2151 3717 2201 τοῦ
3767 2165 3902 2221 προ·-

2242 2237 2434 2316 φήτου,
2492 2234 2739 2315 λέγοντος
2774 2252 2789 2267 ⁸
2852 2244 2929 2314 Γῇ
2982 2235 3257 2295 Ζαϐουλῶν
3316 2238 3402 2292 καὶ
3458 2242 3531 2314 γῇ
3571 2232 3893 2314 Νεφθαλεὶμ,

2244 2324 2361 2382 ὁδὸν
2418 2323 2687 2393 θαλάσσης
2745 2327 2910 2405 πέραν
2966 2334 3059 2383 τοῦ
3121 2324 3402 2404 Ἰορδάνου,
3470 2323 3732 2381 Γαλιλαία
3787 2329 3901 2378 τῶν

2244 2415 2402 2472 ἐθνῶν
2432 2429 2446 2444 ⁸
2481 2418 2509 2471 6
2538 2414 2667 2479 λαὸς
2702 2418 2731 2471 6
2760 2417 3060 2491 καθήμενος
3090 2415 3144 2471 ἒν
3171 2417 3371 2489 σκότει,
3407 2413 3519 2471 εἶδε
3550 2421 3661 2492 φῶς
3708 2411 3855 2489 μέγα
3881 2427 3895 2442 ⁶

2242 2506 2329 2562 καὶ
2394 2518 2511 2569 τοῖς
2580 2504 2899 2581 καθημένοις
2955 2503 3009 2561 ὲν
3082 2506 3234 2585 χώρᾳ
3304 2507 3391 2561 καὶ
3466 2511 3586 2560 σκιᾶ
3641 2504 3895 2573 θανάτου,

2242 2600 2352 2672 φῶς
2407 2592 2670 2650 ἀνέτειλεν
2726 2596 2933 2658 αὐτοῖς.
2980 2615 3011 2655 ι
3080 2587 3228 2652 Ὀδὸν
3277 2593 3570 2669 θαλάσσης,
3620 2592 3733 2648 ἀντὶ
3778 2595 3895 2668 τοῦ,

2242 2684 2278 2751 ἡ
2334 2685 2463 2761 πρὸς
2520 2687 2618 2750 τὴν
2678 2681 2797 2739 ὁδὸν
2842 2688 2940 2751 τῆς
2997 2682 3267 2749 θαλάσσης
3339 2680 3583 2758 κειμένη.
3642 2688 3767 2746 Φῶς
3845 2679 3901 2736 δὲ

2243 2772 2401 2849 μέγα,
2460 2773 2520 2827 τὸ
2582 2771 2927 2850 Εὖαγγέλιον,
2979 2764 3035 2831 Ὀ
3066 2774 3166 2852 γὰρ
3208 2772 3393 2852 νόμος,
3439 2777 3552 2851 φῶς
3596 2772 3685 2827 καὶ
3733 2773 3899 2834 αὒτὸς

2242 2864 2333 2934 ἦν,
2405 2858 2542 2916 ἀλλὰ
2598 2863 2808 2939 μικρόν.
2892 2862 3023 2917 Σκιὰ
3093 2859 3148 2916 δὲ
3207 2861 3453 2934 θανάτου,
3524 2862 3558 2927 ἡ
3610 2859 3845 2938 ἁμαρτία
3879 2878 3897 2897 ο

2244 2951 2490 3031 δμοίωμα
2561 2952 2661 3028 γὰρ
2744 2951 2831 3006 καὶ
2912 2950 3233 3031 σκιαγραφία
3298 2949 3389 3006 τοῦ
3439 2949 3661 3006 θανάτου
3728 2948 3897 3012 ἐστίν,

506 3039 838 3120 corpus,ita
865 3046 926 3101 et
956 3047 1263 3119 peccatum
1291 3041 1555 3105 animam
1597 3044 1839 3109 invadit.
1880 3047 2021 3111 Orta
2049 3069 2159 3111 au-

2248 3029 2339 3102 Ὠς
2396 3040 2496 3117 γὰρ
2560 3041 2587 3095 6
2632 3040 2851 3104 θάνατος
2882 3041 2943 3095 τὸ
2982 3029 3164 3116 σῶμα,
3210 3038 3358 3104 οετος
3402 3038 3536 3106 αὕτη
3580 3039 3678 3106 τὴν
3707 3040 3901 3119 ψυχὴν

509 3134 629 3217 tem
657 3135 748 3217 est
774 3127 874 3189 lux
895 3125 1228 3217 nobis.Non
1250 3130 1408 3192 enim
1432 3132 1812 3212 quaesivimus
1834 3136 1997 3199 illam
2024 3158 2155 3217 nos,

510 3215 620 3279 sed
651 3215 754 3278 illa
783 3215 1061 3297 apparuit
1090 3215 1289 3294 nobis,
1323 3219 1491 3300 quasi
1517 3239 1777 3303 sequens
1806 3244 1937 3290 nos.

588 3391 775 3458 Vens.
804 3396 899 3458 17.
933 3394 1047 3457 «Ex
1073 3396 1188 3459 hoc
1214 3398 1396 3480 cmpit
1415 3399 1588 3463 Jesus
1618 3403 1941 3483 praedicare
1972 3426 2041 3470 ac
2057 3408 2153 3471 di—

507 3502 668 3548 cere.
709 3508 733 3545 ι
790 3483 875 3547 Ex
904 3503 1021 3566 quo
1054 3492 1325 3566 tempore
1380 3488 1658 3553 detentus
1706 3496 2161 3559 estin'vinculis

504 3571 791 3649 Joannes,
827 3574 1006 3655 cmpit
1028 3575 1359 3654 praedicare
1379 3579 1573 3643 Jesus.
1600 3580 1682 3643 Ex
1693 3586 1976 3662 spectavit
2001 3590 2158 3649 enim

505 3663 1066 3757 Jesus,utoannes
1095 3665 1259 3744 prius
1290 3665 1365 3728 de
1388 3685 1454 3729 se
1476 3670 2163 3757 testiﬁcaretur,etpara-

506 3758 602 3813 ret
634 3752 727 3812 22
757 3750 874 3813 sibi
923 3754 1076 3814 viam
1109 3772 1227 3834 qua
1274 3764 1557 3819 venturus
1601 3769 1774 3824 erat:
1822 3750 2165 3828 sicut'servi

510 3843 655 3904 ante
675 3839 953 3903 dominos
982 3850 1342 3923 praeparant.
1375 3844 1645 3927 [Equalis
1684 3851 1841 3913 enim
1871 3853 2163 3916 exsistens

510 3929 1257 4020 RatriDominus,habebat
1280 3933 1479 4014 etipse
1493 3938 2161 4020 praphetamJoannem,

510 4016 665 4111 sicut
694 4026 757 4083 et
785 4018 965 4111 Pater
986 4021 1125 4111 ejus
1142 4028 1208 4111 et
1235 4016 1639 4105 Deusihahuit
1679 4032 2001 4111 prophetas
2022 4016 2163 4097 ante

508 4105 801 4171 Joannem
834 4109 954 4171 imo
981 4116 1038 4172 et
1066 4109 1155 4172 illi
1180 4118 1236 4172 et
1271 4115 1458 4177 Patris
1492 4124 1631 4178 sunt
1663 4105 1719 4179 et
1744 4105 1902 4184 Filii.
1942 4147 1969 4179 σ
1994 4121 2162 4186 Resi-

511 4196 746 4284 piscite,
775 4197 839 4260 in
870 4197 1204 4280 propinquo
1222 4199 1384 4263 enim
1410 4211 1500 4265 est
1523 4222 1771 4284 regnum
1801 4210 2155 4277 caelorum.»

510 4283 784 4366 Regnum
818 4286 1104 4349 caelorum
1131 4297 1225 4352 est
1246 4298 1305 4352 et
1335 4283 1725 4371 Christus,est
1744 4306 1801 4361 et
1829 4301 1945 4367 vita
1974 4304 2161 4363 virtu-

2241 3128 2487 3209 κατέχει.
2550 3126 2815 3185 ’Λνέτειλε
2869 3127 2923 3184 δὲ
2980 3130 3041 3185 τὸ
3104 3136 3214 3206 φῶς
3254 3131 3413 3204 ἡμῖν.
3448 3130 3520 3185 Οὐ
3567 3129 3666 3207 γὰρ
3728 3130 3899 3195 ἡμεῖς

2240 3217 2575 3293 ἐζητήσαμεν
2635 3219 2783 3292 αὐτὸ,
2845 3216 2966 3274 ἀλλ’
3020 3219 3198 3275 ἐκεῖνο
3229 3216 3465 3297 ἐπεφάνη
3510 3218 3669 3296 ἡμῖν,
3702 3218 3894 3273 ὡσανεὶ

2238 3306 2563 3373 καταδιῶξαν
2606 3309 2773 3383 ἡμᾶς.

2328 3418 2351 3453 α
2391 3395 2527 3453 Ἀπὸ
2609 3398 2729 3454 τότε
2800 3395 2992 3476 ἤρξατε»
3081 3399 3109 3453 6
3184 3395 3389 3463 Ἰησοῦς
3474 3396 3753 3475 κηρύσσειν
3811 3398 3902 3453 καὶ

2242 3486 2439 3565 λέγειν.
2490 3509 2517 3542 ι
2605 3484 2725 3566 Ἀφ’
2785 3489 2847 3543 οὗ
2916 3484 3201 3561 ἐδεσμεύθη
3266 3488 3293 3543 6
3374 3486 3653 3567 Ἰωάννης,
3700 3484 3901 3563 ἤρξατο

2243 3576 2523 3650 κηρύσσειν
2582 3578 2609 3632 6
2663 3577 2891 3643 Ἰησοῦς.
2979 3575 3227 3652 Ἀνέμενε
3297 3576 3396 3653 γὰρ
3468 3577 3560 3632 τὸν
3644 3576 3903 3644 Ἰωάννην

2244 3666 2497 3745 πρότερον
2540 3671 2869 3746 μαρτυρῆσαι
2928 3667 3046 3745 περὶ
3109 3669 3288 3747 αὐτοῦ,
3362 3666 3450 3722 καὶ
3502 3667 3901 3725 κατασκευάσαι

2249 3755 2391 3829 αὐτῷ
2447 3753 2587 3823 ὁδὸν,
2650 3752 2715 3810 δι’
2766 3756 2831 3822 ἧς
2889 3754 3107 3831 ἔμελλεν
3154 3754 3351 3831 ἐλθεῖν,
3413 3755 3590 3834 ὥσπερ
3634 3758 3720 3812 καὶ
3776 3770 3903 3823 τοῖς

2247 3838 2525 3907 δεσπόταις
2586 3846 2632 3901 οἱ
2687 3842 2861 3901 δοῦλοι
2923 3846 3421 3923 προετοιμάζουσιν,
3471 3840 3604 3909 Ἶσος
3662 3846 3760 3925 γὰρ
3825 3848 3904 3903 ὢν

2246 3940 2322 4007 τῷ
2374 3934 2534 4011 [Ῑατρὶ
2578 3936 2606 3989 6
2669 3934 2871 4013 Κύριος,
2932 3936 3057 4013 εἶχε
3115 3935 3203 3990 καὶ
3259 3934 3414 3996 αὐτὸς
3469 3935 3747 4014 προφήτην
3813 3938 3908 3992 τὸν

2246 4023 2521 4099 Ἰωάννην,
2596 4022 2774 4101 ὥσπερ
2805 4026 2832 4079 6
2879 4024 3059 4102 Πατὴρ
3103 4026 3258 4082 αὐτοῦ
3300 4024 3388 4079 καὶ
3445 4025 3573 4086 Θεὸς
3604 4024 3731 4103 εἶχε
3776 4026 3909 4090 τοὺς

2247 4115 2348 4193 πρὸ
2394 4120 2485 4169 τοῦ
2561 4112 2804 4169 Ἰωάννου
2888 4114 3191 4191 προφήτας,
3266 4111 3473 4187 μᾶλλον
3529 4110 3585 4168 δὲ
3654 4114 3907 4171 κάκεῖνοι

2245 4210 2336 4261 τοῦ
2393 4224 2452 4258 τε
2516 4209 2719 4281 Πατρρς
2776 4204 2865 4259 καὶ
2920 4212 3013 4261 τοῦ
3069 4204 3192 4259 Υἱοῦ
3234 4204 3384 4264 εἰσιν.
3470 4223 3494 4259 ι
3542 4210 3901 4261 Μετανοεῖτε⁶

2246 4291 2435 4371 ἥγγικε
2504 4293 2603 4371 γὰρ
2660 4294 2694 4359 ἡ
2752 4290 2993 4368 βασιλεία
3048 4296 3155 4348 τῶν
3238 4293 3491 4370 οὐρανῶν.
3545 4314 3565 4349 ι
3648 4291 3906 4349 Βασιλεία

508 4372 669 4466 tibus
690 4375 957 4466 praedita.
993 4374 1238 4449 Quando
1251 4380 1412 4443 enim
1437 4382 1569 4460 quis
1590 4402 1775 4466 super
1790 4394 2007 4451 terram
2029 4390 2159 4453 vivit

2248 4390 2352 4439 τῶν
2425 4385 2656 4461 οὐρανῶν
2729 4380 2838 4466 ἐστὶ
2912 4382 3001 4437 καὶ
3059 4382 3087 4437 6
3144 4384 3390 4460 Χριστὸς,
3452 4381 3563 4437 ἔστι
3621 4380 3675 4437 δὲ
3718 4385 3811 4439 καὶ
3869 4386 3906 4451 ἡ

509 4462 667 4527 sicut
692 4465 1174 4546 angelus,nonne
1195 4468 1456 4532 coelestia
1482 4470 1603 4533 est?
1622 4462 1797 4556 atque
1828 4477 1908 4541 ita
1927 4480 1986 4540 in
2010 4500 2163 4542 uno-

508 4572 747 4649 quoque
777 4563 1046 4649 nostrum
1099 4565 1188 4623 est
1214 4576 1465 4639 regnum
1512 4561 1822 4647 caelorum,
1852 4568 1903 4629 si
1932 4570 2162 4649 angeli-

508 4660 641 4706 cam
672 4643 850 4707 vitam
882 4645 1139 4725 agimus.

589 4822 783 4913 Vens.
807 4824 905 4913 18,
948 4824 1043 4890 19.
1076 4824 1448 4891 αΑηώυιεηε
1465 4837 1663 4893 autem
1686 4832 1845 4913 apud
1877 4853 2041 4900 mare
2062 4840 2172 4903 Ga-

508 4908 703 4983 lilm,
735 4911 883 5001 vidit
913 4913 1065 4976 duos
1095 4914 1645 4992 fratres,Simonem
1676 4908 1777 5001 qui
1808 4922 2029 4988 dicitur
2062 4930 2169 4990 Pe-

508 5004 661 5075 trus,
695 5006 775 5089 et_
786 5000 1091 5065 Andream
1125 5003 1367 5068 fratrem
1400 5007 1554 5089 ejus,
1589 5000 1891 5073 mittentes
1946 5023 2075 5077 rete
2108 5016 2167 5079 in

511 5104 699 5175 mare.
733 5087 919 5153 Erant
963 5091 1124 5154 enim
1186 5087 1548 5175 piscatores,
1576 5107 1634 5159 et
1677 5098 1824 5161 dicit
1852 5101 1993 5163 illis.
2032 5129 2059 5161 ιι
2096 5104 2169 5167 Hi

511 5174 758 5240 fuerunt
806 5177 1090 5260 discipuli
1142 5174 1407 5246 Joannis.
1471 5186 1719 5250 Vivente
1747 5198 1944 5252 autem
1974 5193 2170 5257 adhuc

510 5265 1156 5345 Joanne,accesserunt
1182 5272 1253 5333 ad
1281 5272 1605 5337 Christum.
1631 5278 1814 5340 Porro
1847 5279 1949 5341 ubi
1977 5280 2165 5345 Joan-

514 5372 653 5451 nem
675 5356 952 5451 viderunt
972 5357 1489 5451 vinctum,reversi
1511 5367 1736 5429 suntad
1762 5369 2166 5451 piscatoriam,

512 5450 573 5506 et
597 5445 684 5509 sic
705 5446 952 5511 veniens
979 5447 1249 5513 Christus
1276 5451 1540 5532 piscatur
1570 5472 1695 5533 eos,
1721 5445 1932 5521 dicens
1966 5478 1979 5520 :

594 5693 685 5775 (a)
713 5694 870 5763 Edit.
904 5700 1033 5765 Lut.
1066 5697 1288 5776 omisit,
1322 5701 1395 5766 ob
1420 5719 1556 5766 eam
1585 5722 1865 5775 causam.

2250 4459 2497 4551 ἐνάρετος
2536 4472 2671 4543 ζωή.
2722 4459 2900 4527 ”Οταν
2940 4471 3038 4550 γάρ
3079 4492 3160 4535 τις
3194 4459 3279 4535 γὼς
3325 4468 3549 4550 ἄγγελος
3599 4469 3905 4544 πολιτεύη-

2248 4583 2333 4618 ται
2385 4561 2443 4617 ἐν
2468 4566 2560 4640 γῇ,
2592 4559 2690 4639 ἄρα
2733 4563 2828 4619 οὐκ
2870 4560 3114 4638 οὐράνιός
3142 4563 3284 4617 ἔστιν
3320 4582 3335 4637 ;
3390 4562 3526 4617 ὣστε
3576 4560 3631 4616 ἐν
3688 4562 3910 4639 ἑκάστῳ

2248 4652 2403 4726 ἡμῶν
2433 4650 2575 4707 ἐστιν
2629 4653 2663 4718 ἡ
2718 4648 2960 4726 βασιλεία
3016 4651 3121 4707 τῶν
3169 4650 3426 4731 οὐρανῶν,
3477 4650 3568 4707 ἐὰν
3596 4651 3909 4729 ἀγγελικῶς

2251 4745 2448 4817 ζῶμεν.

2339 4849 2365 4886 ε
2412 4833 2725 4907 Περιπατῶν
2779 4827 2834 4885 δὲ
2902 4830 3043 4909 παρὰ
3111 4831 3209 4898 τὴν
3264 4830 3531 4888 θάλασσαν
3574 4833 3673 4898 τῆς
3732 4832 3910 4891 Γαλι-

2252 4916 2430 4993 λαίας,
2488 4916 2601 4975 εἶδε
2669 4916 2755 4975 δύο
2824 4917 3103 4999 ἀδελφοὺς,
3178 4923 3394 4996 Σίμωνα
3462 4923 3554 4977 τὸν
3610 4920 3911 4999 λεγόμενον

2252 5008 2469 5086 Πέτρον,
2526 5009 2615 5064 καὶ
2671 5005 2920 5081 Ἀνδρέαν
2971 5009 3063 5065 τὸν
3107 5008 3329 5090 ἀδελφὸν
3369 5011 3548 5084 αὐτοῦ,
3602 5010 3912 5087 βάλλοντας

2251 5094 2651 5176 ἀμφίϐληστρον
2710 5098 2781 5159 εἰς
2838 5097 2935 5164 τὴν
2979 5096 3246 5154 θάλασσαν
3302 5096 3460 5178 (ἦσαν
3516 5099 3615 5176 γὰρ
3670 5098 3910 5182 ἁλιεῖς),

2249 5186 2336 5243 καὶ
2394 5183 2537 5263 λέγει
2622 5186 2833 5249 αὐτοῖς,
2895 5210 2923 5243 ι
2999 5187 3153 5245 Οὗτοι
3208 5194 3300 5244 τοὺ
3358 5187 3601 5245 Ἰωάννου
3654 5188 3913 5267 ὶγὲνοντο

2252 5276 2508 5351 μαθηταί.
2574 5282 2779 5358 Ζῶντος
2856 5274 2910 5343 δξ
2968 5276 3043 5333 ἔτι
3099 5284 3193 5334 τοῦ
3263 5275 3528 5353 Ἰωάννου,
3602 5280 3911 5358 προσῆλθον

2250 5371 2328 5438 τῷ
2372 5370 2603 5442 Χριστῷ.
2655 5355 2747 5428 Ὠς
2778 5364 2833 5423 δὲ
2896 5364 3043 5423 εἶδον
3089 5368 3181 5423 τὸν
3234 5367 3484 5434 Ἰωάννην
3528 5355 3907 5447 δεσμευθέντα,

2250 5452 2410 5510 πάλιν
2465 5453 2795 5533 ὑπέστρεψαν
2864 5456 2938 5519 εἱς
3008 5456 3106 5523 τὴν
3176 5452 3504 5530 ἂλιευτικὴν,
3578 5456 3663 5513 καὶ
3698 5456 3909 5522 οὕτως

2251 5539 2417 5599 ἐλθὼν
2448 5545 2475 5600 6
2504 5545 2752 5621 Χριστὸς,
2798 5545 2994 5603 ἀλιεύει
3024 5546 3235 5621 αὐτοὺς,
3264 5544 3437 5626 λέγων
3473 5561 3485 5574 ·
