4204 6398
479 289 596 355 18⁸1

1450 289 2042 361 THEOPHYLAGTI
2083 287 2499 357 BULGARI/E
2543 299 2902 362 ARCHIEP.

3751 305 3859 369 188

475 423 1115 504 faciendum,ascendit
1136 431 1196 492 in
1215 440 1476 493 montem
1509 425 2001 506 Quandoquidem
2017 442 2110 485 au-

2211 423 2270 476 τὸ
2329 422 2470 503 ὀρος⁹
2547 427 2658 485 ἐπεὶ
2715 431 2813 510 γὰρ
2869 431 3060 507 ἔμελλε
3091 431 3374 509 διδάσκειν,
3446 434 3684 493 παιδεύει
3717 439 3860 512 ἡμᾶς

476 519 594 602 tem
627 514 912 582 docturus
943 528 1095 596 erat,
1155 520 1352 584 erudit
1400 538 1507 581 nos
1539 537 1574 579 a
1605 516 1801 579 media
1845 516 2110 579 secederi

2211 517 2319 569 τῶν
2377 515 2430 572 ἐν
2491 517 2638 594 μέσῳ
2691 520 2997 601 ἀναχωρεῖν
3044 521 3298 602 θορύϐων,
3351 527 3473 583 ὅταν
3507 524 3859 602 διδάσκωμεν.

476 601 668 680 turba,
703 610 937 687 quando
966 610 1273 675 docemus.
1310 635 1335 666 α
1371 609 1608 670 Etcum
1666 605 1923 668 sedisset
1976 606 2124 685 ipse,

472 706 851 758 accesserunt
878 699 951 761 ad
975 719 1109 762 eum
1133 698 1407 778 discipuli
1459 698 1607 777 ejus.
1643 721 1669 752 3
1705 694 1856 757 Aliae
1885 694 2127 776 quidem

473 781 920 866 turbaapropter
943 789 1249 862 miracula,
1286 789 1560 869 discipuli
1621 795 1822 849 autem
1884 793 2128 866 propter

470 869 800 936 doctrinam
831 877 1146 954 accedunt,
1177 879 1336 943 unde
1370 885 1681 959 postquam
1717 875 1947 938 curavit
1988 891 2126 937 cor-

470 977 636 1040 pora,
663 972 722 1024 et
743 964 884 1028 fecit
908 967 1219 1049 miracula,
1243 977 1412 1031 curat
1440 968 1668 1030 animas
1704 984 1717 1028 :
1747 973 1809 1026 ut
1831 964 2127 1026 discamus

469 1049 626 1129 quod
659 1060 717 1115 et
743 1054 1076 1120 animarum
1109 1066 1169 1120 et
1199 1075 1519 1139 corporum
1549 1055 1624 1118 sit
1646 1055 1859 1136 opifex.

555 1139 728 1205 Vens.
764 1142 824 1208 2.
852 1171 879 1202 α
915 1149 985 1209 Et
1013 1156 1219 1228 aperto
1251 1166 1354 1210 ore
1376 1165 1506 1209 suo.
1536 1171 1562 1202 3
1601 1144 1797 1218 Quare
1853 1142 2119 1206 additum

466 1234 577 1319 est,
610 1241 817 1311 aperto
849 1254 952 1296 ore
982 1236 1127 1300 suo?
1154 1237 1389 1300 videtur
1438 1235 1592 1319 quod
1628 1233 1970 1314 superﬂuat.
2005 1232 2120 1296 Mi-

465 1314 670 1406 nime;
706 1321 904 1387 docuit
933 1326 1092 1388 enim
1126 1327 1302 1388 etiam
1331 1314 1800 1406 non'aperiendo
1833 1341 2115 1386 ossuum.

467 1405 824 1478 Quomodo?
881 1432 989 1494 per
1034 1416 1213 1478 vitam
1261 1423 1319 1478 et
1377 1405 1684 1489 miracula,
1734 1433 1890 1475 nunc
1920 1420 2118 1475 autem

467 1498 744 1576 aperiens
767 1519 855 1583 os,
881 1503 1073 1567 docet.
1111 1531 1138 1562 «
1172 1505 1440 1569 Docebat
1469 1523 1595 1586 eos,
1652 1503 1877 1565 dicens.
1916 1529 1939 1558 3
1989 1504 2120 1565 Non

465 1593 693 1674 tantum
718 1589 1068 1674 discipulos,
1093 1596 1197 1658 sed
1222 1604 1281 1658 et
1315 1594 1572 1657 turbam.
1607 1594 1819 1674 Incipit
1859 1599 2054 1654 autem
2087 1611 2122 1654 a

465 1673 954 1766 beatitudinibus,
1014 1685 1164 1747 sicut
1217 1694 1275 1747 et
1322 1684 1502 1747 David
1554 1703 1588 1746 a
1625 1673 1990 1745 beatitudine
2019 1681 2117 1743 in-
2143 1719 2181 1766 Β

464 1764 663 1830 coepit.

545 1783 554 1823 ι
599 1783 663 1830 ιι.

545 1783 728 1920 Vens.
763 1858 823 1924 3.
865 1884 886 1917 ο
926 1861 1092 1925 Beati
1116 1882 1410 1945 pauperes
1433 1859 2116 1944 spiritu,quoniam,il|o-

2217 625 2245 656 α
2281 606 2377 661 Καὶ
2408 609 2715 673 καθίσαντος
2777 611 2933 671 αὒτοῦ
2991 612 3288 692 προσῆλθον
3350 615 3491 689 αὒτῷ
3524 617 3571 674 οἱ
3629 616 3862 690 μαθηταὶ

2211 695 2389 785 αὐτοῦ.
2419 719 2445 751 3
2483 699 2542 754 Oi
2587 699 2683 773 μὲν
2716 699 2874 779 ὄχλοι
2932 699 3017 772 διή
3075 704 3141 758 τὰ
3204 702 3461 785 θαυὸατα,
3497 708 3544 763 οἱ
3575 704 3630 761 δὲ
3689 710 3862 782 μαθη-

2209 782 2292 838 ταὶ
2336 781 2420 840 διὰ
2477 787 2542 843 τὰ
2599 785 2894 866 διδάγματα
2952 791 3359 873 προσέρχονται⁶
3409 781 3524 850 ὃθεν
3596 781 3699 849 καὶν
3725 793 3862 869 μετὰ

2207 872 2268 928 τὸ
2299 871 2576 954 πληρῶσαι
2639 879 2705 935 τὰ
2772 880 3034 958 θαύματα,
3096 883 3183 938 καὶ
3239 885 3551 961 θεραπεῦσαι
3627 883 3691 940 τὰ
3748 884 3860 939 σώ-

2209 983 2372 1042 ματα,
2432 968 2702 1043 θεραπευει
2773 969 2860 1025 καὶ
2916 969 3011 1033 τὰς
3072 970 3275 1051 ψυχὰς·
3331 971 3424 1027 ’ἕνα
3467 971 3743 1048 μάθωμεν,
3777 970 3858 1028 ὅτι

2209 1053 2294 1108 καὶ
2336 1056 2527 1134 ψυχῶν
2557 1058 2644 1113 καὶ
2689 1059 2951 1135 σωμάτων
2996 1060 3150 1124 αὒτός
3180 1059 3290 1117 ἐστι
3322 1059 3666 1140 δημιουργός.

2293 1163 2314 1196 ε
2356 1144 2453 1199 Καὶ
2518 1144 2721 1212 ἀνοίξας
2786 1149 2848 1204 τὸ
2905 1149 3075 1225 στόμα
3105 1153 3282 1208 αὐτοῦ.
3316 1174 3344 1206 3
3397 1149 3493 1205 Διᾶ
3537 1151 3581 1206 τί
3601 1151 3856 1220 πρόσκειυ

2203 1253 2288 1286 ται
2317 1233 2402 1306 τὸ,
2447 1252 2469 1288 ε
2507 1231 2741 1302 Ἀνοίξας
2771 1239 2831 1295 τὸ
2861 1237 3034 1314 στόμα
3064 1240 3224 1297 αὐτοῦ
3260 1257 3276 1314 ;
3313 1259 3338 1300 3
3375 1241 3613 1320 φαίνεται
3644 1241 3744 1318 γὰρ
3775 1238 3857 1296 ὅτι

2204 1324 2446 1390 περιττόν
2518 1326 2683 1392 ἐστιν,
2745 1326 2894 1386 Ἀλλ’
2953 1334 3099 1410 οὗχίο
3161 1331 3248 1388 καὶ
3301 1331 3378 1406 μὴ
3410 1331 3635 1400 ἀνοίγων
3666 1331 3857 1410 γὰρτὸ

2204 1413 2399 1488 στόμα,
2445 1413 2733 1477 ἐδίδασκεν.
2787 1425 2957 1494 Πῶςς
3016 1418 3099 1476 διὰ
3156 1428 3246 1477 τυῦ
3275 1420 3390 1497 βίου
3421 1421 3506 1477 καὶ
3564 1425 3668 1476 τῶν
3723 1425 3856 1478 θαυ-

2205 1503 2410 1577 μάτων
2469 1508 2555 1562 νῦν
2586 1505 2640 1563 δὲ
2701 1508 2928 1586 ἀνοίγων
2981 1511 3041 1566 τὸ
3103 1510 3303 1589 στόμα,
3348 1508 3607 1572 διδάσκει,
3647 1531 3676 1564 α
3721 1506 3858 1566 Ἐδί-

2202 1589 2390 1650 δασκεν
2462 1597 2670 1671 αὖτούς,
2730 1596 2924 1676 λέγων.
2965 1621 2991 1656 3
3041 1601 3112 1658 Οὐ
3141 1601 3262 1664 τούς
3327 1601 3568 1675 μαθητὰς
3634 1599 3852 1679 μόνους,

2204 1680 2338 1738 ἀλλὰ
2408 1685 2492 1742 καὶ
2547 1687 2634 1743 τὸν
2706 1686 2893 1768 ὄχλον·
2962 1689 3186 1769 ἄρχεται
3238 1687 3291 1744 δὲ
3350 1689 3456 1746 ἀπὸ
3486 1695 3591 1745 τῶν
3631 1710 3856 1766 μακαριο

2201 1772 2374 1846 σμῶν,
2407 1774 2583 1852 ὥσπερ
2613 1776 2700 1832 καὶ
2728 1779 2756 1833 ὁ
2790 1777 2957 1835 Δαυίδ
2986 1778 3091 1835 ἀπὸ
3121 1786 3457 1858 μακαρισμοῦ
3487 1775 3705 1853 ἤρξατο.

2287 1885 2314 1916 α
2361 1865 2618 1943 Μακάριοι
2674 1867 2722 1923 οἱ
2751 1869 2964 1948 πτωχοὶ
2991 1875 3066 1943 τῷ
3103 1870 3363 1938 πνεύματι
3393 1868 3474 1924 ὅτι
3509 1867 3679 1924 αὐτῶν
3710 1866 3852 1924 ἐστιν

463 1959 598 2036 rum,
631 1955 718 2008 est
747 1966 994 2028 regnum
1029 1953 1338 2015 caelorum.
1382 1973 1402 2006 ι
1437 1952 1704 2014 Primum
1763 1949 2110 2012 modestiam

2200 1953 2233 2018 ἡ
2281 1951 2522 2027 βασιλεί»
2592 1961 2696 2012 τῶν
2757 1958 3012 2035 οὐρανῶν.
3075 1977 3104 2017 ι
3190 1957 3298 2025 Τὴν
3369 1957 3850 2036 ταπεινοφροσύνην

463 2041 520 2126 et
589 2035 982 2103 humilitatem
1035 2044 1222 2105 animi
1276 2062 1388 2106 ceu
1444 2043 1893 2104 fundamentum
1943 2040 2110 2118 jacit.

2198 2041 2687 2118 προκαταϐάλλεται
2719 2045 2897 2124 ὥσπερ
2954 2046 3223 2121 θεμέλιον,
3259 2045 3409 2104 Ἐπεὶ
3462 2047 3561 2126 γὰρ
3621 2045 3680 2102 ἐκ
3750 2049 3866 2114 τῆς

459 2121 602 2184 Nam
636 2129 915 2206 quoniam
968 2143 1210 2213 propter
1261 2132 1600 2213 superbiam
1643 2130 1837 2194 Adam
1869 2129 2110 2202 cecidit,

2199 2129 2553 2210 ὑπερηφανίας
2608 2132 2790 2191 ἔπεσεν
2951 2134 3143 2211 Ἀδάμ,
3200 2133 3283 2192 διὰ
3343 2141 3439 2203 τῆς
3489 2157 3852 2214 ταπεινοφρο-

461 2231 567 2304 per
591 2214 985 2282 humilitatem
1003 2224 1172 2301 erigit
1193 2243 1299 2284 nos
1326 2218 2110 2301 Clirtstus,quandoquidem

2199 2217 2357 2286 σύνης
2415 2221 2629 2302 ἆνορθοϊ
2679 2227 2820 2299 ἡμᾶς
2880 2227 2908 2281 ὁ
2954 2226 3203 2304 Χριστός·
3271 2224 3467 2292 ἤλπισε
3523 2225 3622 2304 γὰρ
3679 2221 3850 2299 Ἀδάμ

461 2299 620 2364 Deus
652 2307 779 2367 ﬁeri
813 2311 1086 2389 sperabat
1101 2299 1327 2375 iAdam.
1369 2311 1616 2374 Contriti
1650 2299 1844 2370 autem
1888 2308 2107 2385 anima,

461 2400 597 2452 sunt
630 2413 922 2476 pauperes
946 2400 1181 2480 spiritu.

538 2481 720 2547 Vens.
752 2487 810 2548 4.
853 2511 873 2544 ε
914 2487 1080 2551 Beati
1109 2491 1208 2572 qui
1243 2491 1470 2571 lugent,
1503 2489 1780 2572 quoniam
1813 2484 1928 2566 ipsi
1958 2504 2107 2547 con-

457 2571 807 2638 solationem
838 2571 1314 2660 accipient’mQui
1339 2571 1583 2662 propter
1614 2583 1854 2659 peccata
1885 2576 2104 2654 lugent,

458 2680 576 2722 non
636 2674 877 2747 propter
936 2671 1311 2751 temporalia;
1372 2672 1642 2749 lugentes
1689 2674 1886 2728 autem
1937 2665 2106 2746 dixit,

458 2769 698 2832 semper
726 2755 950 2819 scilicet
980 2767 1039 2822 et
1068 2778 1187 2821 non
1222 2758 1411 2822 semel
1445 2779 1457 2821 :
1493 2766 1550 2820 et
1593 2775 1710 2818 non
1755 2774 1860 2835 pro
1891 2755 2108 2816 nostris

458 2843 720 2930 peccatis
753 2851 1004 2928 tantum,
1026 2850 1130 2910 sed
1163 2858 1219 2911 et
1253 2869 1356 2930 pro
1392 2846 1653 2930 peccatis
1677 2845 2104 2926 proximorum.

456 2929 889 2997 Cosolationem
923 2956 1065 3000 vero
1097 2929 1480 3020 accipient’et
1502 2937 1599 2998 hic
1634 2953 1647 2998 :
1684 2933 1784 3014 qui
1815 2933 1975 2994 enim
2008 2934 2106 2996 lu-

455 3028 553 3099 get
583 3031 828 3105 propter
860 3036 1121 3107 peccata,
1175 3028 1390 3108 gaudet
1435 3025 1860 3109 spiritualiter:
1897 3030 1953 3086 et
1985 3023 2106 3087 illic

453 3129 690 3192 quoque
723 3115 910 3178 multo
941 3120 1150 3196 magis.

536 3201 719 3267 Vens.
743 3203 801 3264 5.
847 3229 870 3259 α
897 3205 1064 3268 Beati
1091 3207 1290 3282 mites,
1314 3208 1597 3289 quoniam
1633 3207 1740 3287 ipsi
1783 3203 2105 3267 haeredita-

453 3297 571 3351 tem
603 3292 894 3374 accipient
917 3303 1114 3359 terrm.
1156 3322 1175 3353 ι
1219 3297 1418 3379 Aliqui
1476 3295 1847 3378 spiritualem
1884 3301 2103 3356 terram

451 3379 681 3475 dicunt,
717 3383 932 3447 omium
967 3386 1238 3450 videlicet
1265 3406 1498 3450 :verum
1527 3395 1587 3448 tu
1617 3395 1676 3449 et
1697 3386 1862 3475 hanc
1885 3392 2102 3475 terrain

452 3469 742 3550 intellige;
774 3477 1053 3554 quoniam
1089 3477 1247 3538 enim
1281 3485 1570 3558 putantur
1610 3475 1805 3553 mites,
1837 3469 2105 3553 despecti

452 3565 510 3621 et
539 3559 769 3641 inopes,
803 3563 947 3626 dicit
977 3566 1135 3646 quod
1163 3567 1220 3627 hi
1252 3566 1438 3646 magis
1469 3566 1671 3627 omnia
1703 3562 2103 3626 habeant.Mi-

452 3655 544 3710 tes
575 3658 768 3711 autem
802 3661 961 3728 sunt,
996 3674 1114 3715 non
1141 3656 1244 3735 qui
1280 3674 1523 3735 prorsus
1573 3673 1693 3716 non
1745 3654 2102 3728 iraSCuntur,

449 3736 596 3798 tales
621 3739 778 3800 enim
809 3741 1163 3823 insipientes
1185 3753 1323 3806 sunt
1345 3753 1403 3806 et
1433 3740 1856 3824 insensati,sed
1880 3740 1980 3822 qui
2003 3740 2107 3802 ira)

451 3825 692 3907 quidem
723 3830 817 3891 9.4
843 3833 960 3894 vim
992 3833 1551 3909 babent,continent
1576 3842 1800 3913 tamen,
1831 3840 1889 3894 et
1917 3848 2106 3912 quan-

452 3915 528 3977 do
558 3927 789 3997 oportet
813 3922 1174 3987 irascuntur.

535 4010 724 4072 Vens.
757 4013 817 4072 6.
852 4010 1018 4074 Beati
1048 4013 1147 4092 qui
1178 4012 1451 4076 esuriunt
1475 4020 1533 4076 et
1561 4011 1768 4074 sitiunt
1785 4011 2101 4092 justitiam,

450 4097 733 4180 quoniam
788 4101 867 4162 illi
927 4104 1372 4168 saturabuntur.
1406 4129 1432 4160 ι
1495 4101 1992 4183 Quandoquidem
2030 4100 2106 4164 de

451 4187 863 4252 misericordia
907 4191 1174 4254 dicturus
1223 4201 1334 4267 est,
1367 4191 1627 4256 ostendit
1682 4191 1936 4272 primum
1970 4208 2102 4252 ser-

451 4278 697 4339 vandam
722 4280 1038 4360 justitiam,
1074 4291 1133 4344 et
1161 4282 1598 4364 eleemosynam
1652 4301 1771 4342 non
1796 4300 1864 4342 cx
1898 4279 2106 4362 rapina

451 4365 735 4431 dandam.
763 4372 944 4433 Porro
965 4371 1164 4453 jutitia
1193 4371 1358 4433 omni
1398 4391 1533 4434 cum
1569 4371 1870 4435 alacritate
1925 4389 2104 4433 exer-

2200 2308 2326 2373 Θεὸς
2356 2311 2609 2387 γενέσθαι.
2647 2315 2706 2372 Ol
2767 2315 3194 2392 συντετριμμένοι
3255 2313 3308 2369 δὲ
3365 2321 3433 2391 τῇ
3483 2319 3660 2394 ψυχῇ,
3707 2316 3847 2370 οὗτοι

2197 2400 2407 2478 πτωχοὶ
2435 2407 2512 2474 τῷ
2539 2404 2820 2478 πνεύματι,

2280 2491 2597 2568 (Μακάριοι
2654 2495 2700 2548 οἱ
2758 2495 3091 2568 πενθοῦντες,
3155 2491 3235 2550 ὅτι
3297 2493 3446 2550 αὐτοὶ
3485 2489 3844 2571 παρακληθή-

2191 2595 2393 2638 σονται.
2432 2601 2458 2633 3
2522 2582 2580 2638 Οἱ
2634 2583 2719 2638 ὶπί
2776 2595 2893 2645 τοῖς
2949 2582 3292 2661 ἆπαρτήμασι
3345 2585 3674 2655 πενθοῦντες,
3721 2582 3842 2661 οὐχὶ

2190 2665 2277 2720 ἰπὶ
2335 2689 2434 2723 τινι
2464 2669 2570 2725 τῶν
2599 2671 2886 2746 βιωτικῶνο
2920 2675 3228 2735 πενθοῦντες
3261 2669 3314 2726 δὲ
3343 2671 3490 2745 εἷπε,
3551 2669 3838 2750 τουτέστιν,

2193 2752 2271 2809 ἀεὶ
2329 2758 2414 2813 καὶ
2447 2760 2546 2840 οὐχ
2576 2760 2736 2826 ἅπαξ·
2771 2762 2858 2818 καὶ
2899 2760 3005 2842 οὔχ
3047 2761 3176 2841 ὑπὲρ
3234 2766 3338 2818 τῶν
3361 2759 3635 2840 ἡμετέρων
3665 2761 3843 2839 ἀμαρ-

2189 2846 2444 2920 τημάτων
2503 2848 2686 2930 μόνον,
2759 2847 2894 2907 ἀλλὰ
2964 2853 3051 2908 καὶ
3107 2852 3236 2929 ὑπὲρ
3291 2857 3396 2907 τῶν
3455 2859 3547 2909 τοῦ
3589 2848 3841 2917 πλησίον,

2192 2935 2700 3009 Παρακλῆθὴσονται
2763 2939 2816 2996 δὲ
2875 2943 2965 2999 καὶ
3017 2941 3258 2999 ἐνταῦθα’
3342 2943 3369 2998 ὁ
3455 2940 3554 3019 γὰρ
3639 2943 3843 2998 πενθῶν

2189 3022 2258 3079 δι’
2317 3027 2595 3109 ἁμαρτίαν,
2658 3030 2833 3109 χαίρει
2891 3038 3283 3107 πνευματικῶς⁶
3313 3032 3401 3088 καὶ
3431 3029 3547 3087 ἐκεῖ
3577 3027 3631 3086 δὲ
3658 3028 3844 3104 πολλῷ

2124 3106 2164 3156 C
2192 3112 2423 3190 μᾶλλον,

2279 3223 2306 3264 ε
2343 3209 2601 3288 Μαήριοι
2632 3212 2678 3267 οἱ
2709 3224 2918 3288 πραεῖς,
2951 3209 3031 3267 ὅτι
3063 3211 3209 3268 αὐτοὶ
3249 3208 3712 3286 κληρονομήσουσι
3743 3208 3836 3275 τὴν

2190 3292 2311 3372 γῆν.
2353 3319 2379 3352 3
2433 3297 2579 3362 Τινὲς
2631 3304 2758 3378 γῆν,
2823 3300 2920 3367 τὴν
2977 3299 3177 3368 νοητὴν
3231 3321 3412 3379 φασιν,
3474 3297 3596 3366 ἢτοι
3630 3298 3718 3354 τὸν
3750 3296 3838 3353 οὒ-

2190 3385 2366 3463 ρανόν⁶
2428 3386 2570 3456 πλὴν
2654 3388 2791 3446 ἀλλὰ
2845 3390 2933 3447 καὶ
3011 3391 3110 3457 τὴν
3191 3389 3385 3456 ταύτην
3473 3389 3604 3451 νόει,
3694 3389 3840 3446 Ἐπεὶ

2191 3475 2288 3554 γὰρ
2360 3479 2655 3552 νομίζοθται
2743 3482 2790 3536 oi
2870 3493 3085 3560 πραεῖς,
3167 3477 3694 3560 καταπεφρονημένοι
3753 3479 3840 3535 καὶ

2189 3564 2634 3644 ἀποστερούμενοι
2687 3570 2790 3626 τῶν
2840 3571 3214 3651 ὑπαρχόντων,
3275 3570 3457 3650 φησὶν,
3519 3567 3601 3624 ὅτι
3633 3565 3842 3643 μᾶλλον

2189 3657 2331 3712 οὗτοι
2380 3657 2445 3712 τὰ
2501 3660 2673 3714 πὰντα
2728 3658 2936 3738 ἔχουσι.
2995 3667 3191 3730 Πραετς
3251 3658 3307 3715 δέ
3337 3660 3490 3732 εἰσιν,
3523 3657 3627 3738 οὔχ
3657 3658 3705 3715 οἱ
3735 3679 3845 3731 μη-

2189 3742 2358 3810 δόλως
2417 3747 2746 3824 ὀργιζόμενοι
2776 3748 2851 3827 (οἱ
2894 3755 3122 3806 τοιοῦτοι
3174 3749 3273 3827 γὰρ
3303 3746 3668 3828 ἀναίσθητοι),
3720 3744 3843 3802 ἀλλ’

2191 3836 2236 3890 οἱ
2288 3836 2449 3908 θυμὸν
2505 3836 2603 3911 μὲν
2661 3834 2904 3918 ἔχοντες,
2965 3845 3276 3917 κρατοῦντες
3333 3835 3410 3916 δὲ,
3473 3837 3560 3894 καὶ
3616 3835 3702 3893 ὅτε
3756 3833 3842 3894 δεῖ

2191 3924 2546 4004 ὀργιζόμενοι,

2271 4035 2301 4075 ι
2337 4017 2595 4096 Μακάριοι
2655 4019 2701 4074 οἱ
2737 4025 3022 4082 πεινῶντες
3083 4020 3171 4076 καὶ
3201 4017 3460 4095 διψῶντες
3501 4019 3599 4087 τὴν
3631 4017 3840 4074 δικαιο-

2189 4105 2376 4179 σύνην,
2437 4105 2517 4162 ὅτι
2577 4109 2719 4165 αὐτοὶ
2776 4109 3260 4188 χορτασθήσονται.
3314 4131 3336 4165 3
3379 4106 3596 4176 Ἐπειδὴ
3654 4105 3836 4183 μέλλει

2190 4197 2306 4275 περὶ
2353 4195 2716 4274 ἐλεημοσύνης
2777 4199 2973 4274 εἰπεῖν,
3018 4198 3241 4258 δείκνυσι
3299 4198 3534 4277 πρῶτον,
3623 4196 3703 4254 ὅτι
3754 4195 3840 4254 δεῖ

2190 4283 2497 4353 δικαιοσὺνη
2584 4286 2842 4363 μετιέναι,
2933 4288 3018 4343 καὶ
3075 4289 3153 4363 μὴ
3237 4286 3287 4354 ἐξ
3339 4289 3584 4368 ἁρπαγῆς
3643 4286 3839 4344 ἐλεεῖν·

2190 4375 2323 4446 μετὰ
2381 4374 2658 4450 ἐπιθυμίας
2718 4374 2772 4430 δὲ
2834 4376 3044 4443 ἁπάσης
3105 4375 3188 4433 δεῖ
3245 4377 3596 4457 μετέρχεσθαι
3626 4377 3723 4444 τὴν
3765 4373 3845 4432 διο

449 4458 638 4519 cenda
660 4465 769 4534 est,
803 4461 960 4541 quod
992 4461 1288 4542 signiﬁcat
1339 4481 1472 4524 cum
1529 4461 1674 4524 dicit
1703 4484 1716 4526 :
1753 4461 2106 4525 Esurientes

2194 4464 2497 4531 καιοσὺνην·
2532 4467 2592 4522 τὸ
2623 4467 2745 4546 γὰρ,
2796 4488 2816 4520 ε
2855 4465 3149 4530 Πείνῶντες
3181 4468 3270 4524 καὶ
3293 4465 3576 4543 διψῶντες,
3613 4489 3640 4521 3
3688 4473 3846 4524 τοῦτο

451 4553 509 4608 et
555 4546 844 4612 sitientes.
901 4549 1188 4623 Quoniam
1221 4559 1416 4615 autem
1447 4552 1604 4614 avari
1640 4551 1880 4634 quidam
1907 4551 2102 4613 abuu-

451 4636 660 4701 dantes
689 4657 824 4702 esse
852 4639 1128 4703 videntur
1158 4650 1214 4704 et
1239 4641 1509 4718 saturati,
1566 4641 1711 4703 dicit
1758 4641 1918 4722 quod
1956 4641 2105 4721 justi

449 4727 636 4808 magis
667 4729 846 4791 etiam
899 4730 994 4793 hic
1051 4731 1366 4812 satientur,
1422 4731 1563 4813 quia
1613 4732 1856 4812 propria
1896 4747 2107 4793 secure

453 4818 784 4896 possident.

532 4905 714 4969 Vens.
749 4909 802 4970 7.
838 4937 860 4966 ι
893 4911 1058 4973 Beati
1083 4909 1530 4983 misericordes,
1557 4909 1835 4992 quoniam
1865 4907 1979 4990 ipsi
2002 4908 2105 4969 mi-

450 4996 836 5059 sericordiam
886 5009 1352 5082 consequentur.
1383 5023 1411 5062 3
1464 5001 1593 5064 Non
1623 4999 1684 5060 in
1717 4999 1858 5061 solis
1889 4997 2104 5060 divitiis

454 5093 541 5147 est
571 5084 1008 5159 misericordia,
1043 5091 1151 5152 sed
1182 5091 1241 5152 in
1273 5109 1550 5153 sermone
1582 5110 1595 5150 :
1631 5096 1690 5150 et
1721 5089 1767 5149 si
1803 5087 1949 5148 nihil
1991 5087 2099 5150 ha-

447 5174 576 5246 bes,
607 5174 786 5236 etiam
821 5175 880 5236 in
906 5176 1202 5259 lacrymis.
1228 5178 1692 5244 Misericordiam
1726 5185 1924 5238 autem
1948 5196 2098 5238 con-

445 5272 772 5345 sequentur
822 5273 880 5328 et
928 5267 1025 5328 hic
1075 5270 1147 5329 ab
1199 5269 1539 5332 hominibus
1573 5291 1592 5331 :
1624 5267 1723 5351 qui
1779 5268 1942 5330 enim
1969 5265 2101 5330 heri

387 5404 391 5408 .
450 5353 792 5416 misericors
819 5354 949 5429 fuit,
984 5358 1160 5419 etiam
1185 5359 1234 5419 si
1265 5359 1443 5420 hodie
1474 5361 1644 5441 inops
1675 5359 1773 5431 sit,
1801 5358 1874 5419 ab
1899 5357 2098 5418 omni-

448 5443 560 5506 bus
593 5443 1060 5508 misericordiam
1114 5458 1511 5531 consequetur
1547 5469 1560 5509 :
1599 5457 1656 5511 et
1704 5447 1872 5522 alibi,
1919 5447 2102 5510 multo

449 5533 735 5615 majorem
759 5554 791 5598 a
822 5538 970 5601 Deo.

530 5625 706 5689 Vens.
745 5627 803 5690 8.
847 5647 868 5681 ι
904 5627 1071 5694 Beati
1129 5629 1351 5695 mundo
1406 5629 1608 5708 corde,
1668 5625 1955 5712 quoniam
1992 5629 2099 5710 ipsi

2191 4553 2462 4628 σημαίνει.
2499 4553 2714 4622 Ἐπειδὴ
2743 4554 2796 4612 δέ
2841 4553 3080 4613 δοκοῦσιν
3131 4558 3180 4614 οἱ
3237 4554 3571 4637 πλεονέκται,
3631 4553 3845 4632 εὔποροι

2190 4643 2333 4698 ε’ίναι
2404 4649 2491 4702 καὶ
2524 4649 2898 4727 χορταζεσθαι,
2951 4647 3110 4724 φησὶν
3155 4645 3234 4702 ὅτι
3285 4647 3334 4702 οἱ
3393 4644 3586 4702 δίκαιοι
3638 4643 3846 4721 μᾶλλον

2257 4733 2272 4754 κ
2302 4731 2326 4787 ἐ
2428 4741 2450 4751 ν
2657 4758 2684 4770 ⁸,
2897 4758 2908 4771 κ
3107 4737 3121 4754 3
3195 4737 3208 4756 ς
3302 4735 3314 4751 ε
3389 4733 3414 4756 ν
3667 4735 3679 4752 ‘
3732 4732 3758 4758 υ

2188 4753 2275 4788 και
2330 4738 2519 4793 νταυθα
2550 4735 3032 4814 χορτασθήσονται,
3067 4758 3212 4792 αυτοι
3260 4757 3358 4813 γαρ
3391 4757 3575 4816 εχουσι
3627 4756 3693 4794 τα
3738 4733 3847 4792 ιδια

2186 4821 2321 4894 μετᾶ
2351 4821 2657 4902 ἀσφαλείας.

2274 4935 2301 4967 ι
2328 4915 2590 4992 Μακάριοι
2645 4916 2691 4971 οἱ
2721 4911 3033 4989 ἐλεήμονεςο
3082 4913 3162 4970 ὅτι
3193 4914 3339 4972 αὐτοὶ
3368 4913 3769 4983 ἐλεηθήσονται.
3805 4931 3838 4973 )

2188 5000 2323 5082 Οῦχὶ
2378 5001 2462 5059 διὰ
2517 5003 2819 5083 χρημάτων
2869 5004 3031 5078 μόνον
3101 5002 3240 5060 ἔστιν
3291 5001 3489 5078 ὶλεεϊν,
3571 5000 3709 5059 ἀλλὰ
3756 5007 3849 5061 καὶ

2187 5089 2368 5170 λόγου*
2430 5092 2526 5154 κᾶν
2577 5091 2743 5170 μηδὲν
2803 5092 2964 5173 ἔχῃς,
3031 5091 3112 5150 διὰ
3169 5091 3429 5172 δακρύων.
3493 5090 3850 5160 Ἐλεηθὴσον-

2186 5203 2270 5237 ται
2344 5180 2422 5255 δὲ,
2483 5184 2569 5239 καὶ
2627 5182 2845 5242 ἐνταῦθα
2903 5184 3044 5263 παρὰ
3103 5182 3412 5260 ἀνθρώπων
3475 5184 3502 5239 ὁ
3557 5183 3655 5261 γὰρ
3712 5182 3846 5262 χθῖς

2185 5269 2455 5346 ἐλεήμων,
2550 5271 2638 5331 ἐὰν
2715 5271 2967 5351 ἀπορήσῃ
3051 5273 3309 5350 σήμερον,
3401 5271 3544 5351 παρὰ
3629 5270 3846 5327 πᾶντων

2186 5361 2553 5432 ἐλεηθήσεταν
2612 5363 2699 5419 καὶ
2752 5361 2870 5418 ἐκεῖ
2919 5360 2997 5437 δὲ,
3047 5362 3190 5440 παρᾶ
3246 5371 3337 5421 τοῦ
3370 5369 3499 5418 Θεοῦ
3557 5360 3840 5435 μειζόνως.

2274 5657 2299 5688 ε
2337 5633 2596 5710 Μακάριοι
2656 5630 2700 5689 οἱ
2761 5632 2976 5711 καθαροὶ
3027 5637 3094 5708 τῇ
3151 5628 3354 5708 καρδια,
3404 5629 3490 5689 ὅτι
3548 5628 3692 5688 αὐτοὶ
3748 5629 3841 5687 τὸυ
