4204 6412
505 331 603 398 191

503 553 662 614 foras
693 550 1010 632 projicitur
1033 571 1067 614 a
1097 552 1406 616 doctorum
1443 551 1821 632 dignitatezet
1842 557 2157 619 conculca-

506 657 625 720 tur,
660 642 774 703 hoc
805 649 914 718 est,
951 642 1301 722 despicitur.

587 730 776 793 Vens.
815 733 909 794 14.
951 756 976 786 α
1010 729 1128 793 Vos
1151 733 1294 795 estis
1320 733 1416 795 lux
1450 732 1680 798 mundi.
1712 757 1737 788 ι
1767 733 1940 796 Prius
1970 735 2056 798 sal
2100 745 2158 798 et

507 831 648 884 tunc
677 821 798 882 lux.
833 819 942 893 Qui
974 821 1135 883 enim
1161 822 1551 903 reprehendit
1583 841 1713 903 quae
1745 824 1943 885 oculte
1983 825 2151 903 ﬁunt,

504 905 603 972 ille
633 911 730 973 lux
757 923 868 976 est.
899 910 1090 976 Omne
1127 915 1290 977 enim
1335 915 1493 997 quod
1526 915 1863 977 manifestat
1891 916 1986 978 lux
2016 926 2106 980 est
2137 935 2152 981 :

504 1023 623 1064 non
683 1013 918 1083 gentem
950 1014 1152 1069 autem
1212 1027 1389 1070 unam
1424 1007 1864 1070 illustraverunt
1893 1007 2004 1083 illi,
2051 1005 2156 1068 sed

507 1093 818 1155 mundum.
856 1117 878 1152 α
915 1093 1043 1157 Non
1072 1105 1264 1178 potest
1287 1097 1493 1160 civitas
1515 1097 1962 1179 occultari,quw
1979 1115 2158 1177 supra

507 1191 775 1245 montem
808 1185 922 1245 sita
954 1193 1069 1249 est.
1106 1212 1132 1242 ιο
1167 1187 1351 1249 Docet
1383 1206 1505 1262 eos,
1537 1195 1598 1247 ut
1621 1186 1839 1248 durent
1869 1187 1926 1247 in
1957 1195 2153 1248 certa-

506 1272 759 1350 mine,et
789 1273 1132 1354 diligentem
1156 1276 1288 1338 vitae
1318 1295 1439 1338 suae
1469 1276 1759 1338 rationem
1791 1276 2070 1350 habeant,
2093 1284 2155 1335 ut

502 1360 546 1422 ii
569 1361 630 1423 in
670 1381 816 1444 quos
847 1382 1055 1426 omnes
1111 1374 1402 1446 spectant.
1436 1365 1522 1427 Ne
1555 1367 1729 1446 igitur
1759 1365 1993 1446 putetis,
2057 1364 2153 1425 in-

506 1451 653 1532 quit,
688 1452 847 1534 quod
877 1453 938 1514 in
970 1455 1185 1534 angulo
1218 1455 1446 1518 latituri
1476 1455 1626 1531 sitis,
1662 1455 1765 1517 sed
1798 1453 2154 1535 spectabiles

506 1540 693 1617 eritis,
728 1551 786 1605 et
805 1541 938 1604 ideo
961 1543 1154 1606 videte
1176 1544 1474 1625 quomodo
1499 1545 1640 1605 citra
1665 1543 1952 1606 maculam
1971 1544 2157 1622 agatis

499 1632 698 1713 vitam,
731 1639 790 1693 ut
825 1651 899 1694 ne
933 1641 991 1694 et
1020 1633 1155 1695 aliis
1188 1634 1548 1696 offendicqu
1582 1633 1733 1695 sitis.

584 1721 767 1785 VEns.
799 1723 896 1784 15.
921 1724 1128 1814 Neque
1151 1724 1489 1787 accendunt
1514 1723 1909 1814 lucernam,et
1929 1729 2156 1814 ponunt
2177 1765 2215 1814 Β

1463 329 2055 397 THEOPHYLACTI
2101 331 2513 400 BULGARIA‘J
2555 335 2914 400 ARCHIEP.

501 465 560 525 in
596 481 712 544 quo
739 462 1007 554 salietur,
1042 464 1152 525 hoc
1183 474 1292 539 est,
1335 463 1718 542 corrigetur?
1767 464 1930 526 Tunc
1977 465 2153 546 igitur

2238 469 2290 524 ἐν
2361 474 2460 527 τίνι
2518 471 2882 554 ἁλισθήσεται,
2943 472 3203 546 τουτέστι,
3238 471 3646 553 διορθωθήσετκι

3772 334 3889 395 192

3697 492 3710 534 ζ
3747 469 3888 527 Ἀπὸ

2235 561 2354 617 τότε
2401 561 2488 618 οὖν
2546 561 2645 629 ἔξω
2698 563 2931 643 ρίπτεται
2990 571 3082 622 τοῦ
3132 561 3503 620 διδασκαλικοῦ
3564 560 3893 638 ἀξιώματος,

2238 651 2324 710 καὶ
2354 667 2767 734 καταπατεῖται,
2786 654 3051 734 τουτέστι,
3083 667 3522 733 καταφρονεῖται.

2327 761 2350 796 α
2391 733 2575 816 Ὑμεῖς
2606 743 2722 800 ἐστε
2753 733 2812 800 το
2844 750 2954 824 φῶς
2984 733 3076 802 τοῦ
3105 743 3331 819 κόσμου,
3372 766 3396 798 ι»
3434 742 3692 817 Πρότερον
3725 740 3888 816 ἅλας,

2239 831 2326 886 καὶ
2395 833 2513 889 τότε
2585 836 2717 914 φῶς.
2798 825 2854 892 Ὀ
2901 834 3000 914 γὰρ
3045 832 3290 913 ἐλέγχων
3339 833 3404 889 τὰ
3447 837 3619 912 κρυφῆ
3658 834 3895 909 πραττό-

2240 942 2397 1001 μενα,
2451 920 2654 989 ἐκεῖνός
2712 923 2821 980 ἐστι
2871 927 3006 1005 φῶς.
3092 929 3200 980 Πᾶν
3235 924 3334 1001 γὰρ
3365 924 3428 978 κὸ
3477 921 3889 1002 φανερούμενον,

2239 1011 2350 1090 φῶς
2409 1011 2572 1075 ἐστιν,
2619 1018 2726 1071 Οὔκ
2782 1013 2923 1080 ἔθνος
2979 1011 3032 1070 δὲ
3089 1012 3143 1069 έν
3190 1012 3451 1092 ἐφώτισαν
3509 1014 3677 1086 οὗτοι,
3751 1009 3892 1067 ἀλλὰ

2238 1101 2328 1155 τὸν
2385 1102 2608 1176 κόσμον.
2675 1124 2697 1158 ι
2755 1107 2826 1162 Οὔ
2897 1102 3104 1159 δύναται
3156 1102 3311 1166 πόλις
3370 1100 3624 1181 κρυϐῆναι
3708 1101 3891 1158 ἐπάνω

2238 1186 2384 1266 ὅρους
2455 1190 2702 1264 κειμένη.
2755 1215 2778 1250 ι
2816 1190 3056 1248 Παιδεύει
3108 1193 3315 1272 αὖτοὺς,
3363 1191 3684 1268 ἐναγωνίους
3714 1191 3886 1270 εἶναι,

2239 1279 2324 1332 καὶ
2395 1278 2633 1358 ἀκριϐεῖς
2690 1283 2807 1361 περὶ
2864 1284 2953 1338 τὸν
3010 1283 3146 1359 βίον,
3217 1285 3287 1347 ὡς
3343 1281 3484 1360 παρὰ
3515 1281 3725 1337 πάντων
3755 1279 3892 1356 βλέ-

2239 1371 2423 1424 πεσθαι
2477 1367 2792 1444 μέλλοντας,
2853 1371 2942 1438 Μὴ
3009 1373 3108 1451 γὰρ
3163 1371 3441 1446 νομίσητε,
3488 1371 3670 1449 φησὶν,
3722 1369 3801 1426 ὅτι
3833 1369 3890 1425 ἐν

2241 1459 2404 1533 γωνίᾳ
2465 1457 2806 1539 κρυῦήσεσθε,
2892 1459 3027 1516 ἀλλὰ
3088 1458 3425 1539 περίϐλεπτοι
3486 1458 3686 1538 ἔσεσθε,
3752 1460 3890 1516 ὥστε

2239 1547 2460 1624 βλέπετε
2533 1549 2646 1615 πῶς
2695 1550 2937 1627 ἀμώμως
3010 1553 3251 1625 ζήσεσθε,
3317 1550 3410 1606 ’ίνα
3441 1551 3517 1626 μὴ
3562 1551 3648 1606 καὶ
3680 1550 3885 1630 ἑτέρους

2241 1636 2618 1710 σκανδαλίζητε
2629 1687 2644 1703 .

2431 1728 2510 1764 ιίἓέ
2557 1731 2754 1764 νηίλιι-.
2792 1729 2990 1764 ‘I'x-n.-Ann
3076 1732 3159 1764 um:
3191 1731 3421 1764 -n“.’--nun

2325 1747 2354 1787 (
2388 1729 2513 1786 Οὖδὲ
2557 1731 2760 1787 καίουσι
2792 1729 3012 1811 λύχνον,
3076 1732 3162 1787 καὶ
3191 1731 3421 1788 τιθέασιν
3442 1731 3542 1787 ὑπὸ
3588 1732 3649 1787 τὸ
3679 1729 3887 1810 μόδιον,

500 1830 631 1873 eam
663 1814 773 1874 sub
804 1812 1093 1888 modium,
1118 1814 1224 1875 sed
1253 1832 1432 1893 super
1455 1813 1974 1893 candelabrum,et
1997 1811 2154 1873 lucet

2238 1819 2356 1876 ἀλλ’
2389 1821 2474 1876 ἐπὶ
2518 1821 2615 1888 τὴν
2648 1820 2893 1901 λυχνίαν,
2939 1821 3028 1877 καὶ
3083 1819 3281 1895 λάμπει
3355 1827 3486 1876 πᾶσι
3530 1833 3648 1885 τοῖς
3707 1819 3760 1877 ἰν
3819 1826 3888 1896 τῇ

499 1899 781 1964 omnibus
815 1902 913 1982 qui
937 1901 995 1963 in
1019 1902 1196 1963 domo
1227 1912 1384 1964 sunt.
1412 1928 1434 1962 ι)
1469 1903 1591 1982 Ego
1617 1901 1776 1963 enim
1800 1900 2048 1963 accendi
2072 1901 2155 1961 lu-

501 2009 662 2071 men,
696 1991 876 2052 vestri
907 2001 1103 2054 autem
1138 1993 1212 2052 sit
1243 1993 1445 2065 officii,
1477 2010 1554 2054 ne
1611 1992 1797 2070 gratia
1839 1991 2151 2070 exstingu-

497 2087 650 2151 atur,
685 2080 764 2140 ita
794 2100 854 2153 ιη
889 2088 945 2140 et
971 2080 1102 2142 aliis
1125 2081 1319 2142 luceat
1342 2081 1535 2160 fulgor
1563 2081 1691 2141 vita:
1720 2078 2156 2161 vestramlnquit

499 2187 658 2231 enim
689 2189 701 2232 ἶ

577 2256 755 2320 Vens.
796 2259 893 2322 16.
926 2281 953 2318 α
987 2259 1294 2324 Sicluceat
1320 2259 1415 2320 lux
1446 2269 1642 2322 vestra
1672 2276 1868 2319 coram
1893 2256 2151 2320 homini-

501 2347 633 2419 bus,
672 2358 734 2411 ut
760 2348 999 2410 videant
1057 2368 1240 2429 opera
1275 2357 1466 2411 vestra
1524 2350 1701 2422 bona,
1737 2356 1794 2408 et
1823 2346 2154 2425 glorificent

499 2437 732 2499 Patrem
764 2447 1025 2500 vestrum
1061 2438 1162 2520 qui
1195 2440 1251 2500 in
1280 2439 1445 2500 ccelis
1476 2446 1584 2500 est.
1625 2462 1647 2492 ι)
1685 2435 1812 2498 Νοη
1848 2435 2014 2517 dixit,
2033 2439 2152 2500 Vos

498 2527 824 2589 ostendetis
853 2527 1126 2589 virtutem
1166 2549 1181 2604 ;
1212 2529 1322 2589 hoc
1356 2527 1514 2588 enim
1549 2545 1665 2587 non
1698 2533 1855 2587 esset
1898 2523 2149 2609 bonum,

499 2615 742 2690 sed,Illa
764 2617 890 2678 sola
913 2617 1200 2698 luceat,ut
1226 2626 1283 2679 et
1299 2616 1530 2678 inimici
1548 2617 1728 2678 vestri
1755 2613 2148 2691 admirentur,

501 2712 560 2766 et
588 2705 944 2784 glorificent,
971 2727 1088 2768 non
1112 2726 1239 2788 vos,
1271 2706 1376 2768 sed
1412 2709 1648 2769 Patrem
1679 2711 1968 2766 vestrum.
1998 2704 2067 2765 Et
2101 2705 2152 2766 si

502 2795 579 2856 ita
601 2813 920 2874 operamur
935 2797 1233 2876 virtutem,
1262 2800 1321 2856 in
1345 2795 1594 2874 gloriam
1629 2791 1736 2854 Dei
1768 2797 2000 2872 oportet
2021 2813 2152 2855 eam

501 2888 760 2969 operari,
797 2908 914 2950 non
938 2889 997 2951 in
1031 2898 1316 2951 nostram.

586 3067 773 3128 Vens.
811 3067 909 3130 t7.
951 3091 972 3126 α
1025 3067 1111 3130 Ne
1142 3066 1488 3130 existimetis
1537 3061 1692 3146 quod
1741 3061 2008 3122 venerim
2081 3059 2153 3121 ad

503 3154 928 3219 destruendam
960 3158 1150 3238 legem
1173 3158 1264 3219 vel
1298 3157 1642 3239 prophetas:
1678 3170 1796 3212 non
1815 3149 2026 3212 veniut
2054 3150 2157 3210 de—

504 3254 756 3321 struam,
796 3246 901 3308 sed
933 3255 998 3310 ut
1023 3247 1405 3329 adimpleam.
1444 3273 1469 3302 »
1502 3242 1790 3320 Quoniam
1823 3241 1948 3319 ipse
1971 3257 2156 3329 novas

503 3335 665 3416 leges
691 3335 1133 3399 introducturus
1169 3327 1316 3414 erat,
1343 3345 1408 3400 ut
1455 3355 1530 3398 ne
1563 3338 1798 3414 putetur
1829 3327 1986 3409 quod
2034 3328 2156 3390 Deo

502 3426 876 3488 adversarius
907 3427 1002 3502 sit,
1029 3427 1177 3490 dixit
1209 3429 1373 3509 prius
1421 3439 1746 3488 occurrens
1777 3436 1972 3509 prava:
2000 3435 2153 3509 quo-

505 3515 777 3576 rumdam
810 3516 1159 3598 suspicioni,
1187 3505 1343 3598 quod
1364 3535 1482 3576 non
1509 3515 1800 3587 destruat,
1834 3505 2158 3598 sedmagis

501 3604 821 3684 adimpleat
843 3595 1058 3685 legem.
1094 3595 1399 3679 Quomodo
1424 3613 1621 3667 autem
1645 3595 2157 3676 adimplevit‘?Pri-

503 3713 664 3754 mum
697 3694 961 3773 quidem,
998 3695 1134 3777 quia
1169 3696 1414 3776 perfecit
1445 3695 1642 3755 omnia
1668 3707 1799 3770 quze
1820 3685 1897 3777 de
1919 3703 1989 3777 eo
2010 3703 2156 3777 prae-

507 3782 782 3845 dixerunt
810 3774 1285 3865 prophetaeldeo
1309 3794 1366 3847 et
1395 3782 1752 3863 evangelista
1769 3774 2025 3836 subinde
2059 3775 2154 3836 di-

505 3873 622 3936 cit:
661 3898 682 3930 ‹ι
731 3875 807 3941 Ut
836 3878 1154 3961 impleatur
1188 3879 1342 3960 quod
1377 3879 1596 3940 dictum
1657 3879 1747 3936 est
1795 3868 1870 3961 dt?
1921 3885 1992 3928 60
2052 3889 2159 3950 per

507 3965 881 4045 Prophetam.
922 3957 944 4025 ὖ
986 3957 1221 4032 Deinde.
1237 3978 1295 4031 et
1321 3970 1521 4030 omnia
1549 3963 1826 4028 mandata
1857 3957 2006 4037 legis
2033 3964 2150 4028 im-

507 4053 706 4134 plevit.
747 4081 774 4112 α
808 4061 1119 4122 Peccatum
1152 4057 1312 4121 enim
1338 4076 1456 4118 non
1490 4056 1628 4118 fecit
1660 4075 1854 4137 neque
1882 4055 2158 4118 inventus

507 4151 597 4204 est
627 4145 798 4208 dolus
829 4151 888 4208 in
919 4167 1023 4210 ore
1054 4149 1183 4229 ejus
1217 4148 1306 4224 1².,
1344 4173 1369 4202 »
1406 4145 1556 4220 Qum
1619 4154 1676 4207 εί
1733 4147 1844 4207 alia
1901 4143 2154 4223 ratione)

504 4231 850 4314 adimplevit
909 4238 1126 4316 legem,
1153 4239 1265 4300 hoc
1301 4245 1391 4298 est
1416 4237 1612 4297 denuo
1646 4233 1956 4314 implevit:
1987 4250 2152 4313 quae-

505 4340 739 4404 cunque
770 4326 863 4386 26
894 4327 1053 4388 enim
1083 4327 1185 4388 illa
1238 4322 1630 4398 adumbravit,
1667 4341 1738 4384 ea
1767 4323 1864 4385 hic
1895 4322 2156 4403 perfecte

2175 3125 2268 3182 Cy

2237 1911 2393 1983 οἰκίᾳ.
2438 1931 2458 1964 ι
2502 1912 2622 1988 Εγὼ
2653 1911 2774 1986 μὲν,
2837 1912 3020 1988 φησὶν,
3084 1911 3199 1984 ἧψα
3241 1911 3301 1966 τὸ
3360 1916 3496 1990 φῶς,
3577 1912 3638 1966 τὸ
3695 1907 3749 1965 δὲ
3807 1909 3886 1984 μὴ

2237 1997 2519 2066 σϐεσθῆνιαι
2578 2000 2676 2066 τὴν
2709 1999 2893 2079 χάριν,
2925 2004 3024 2066 τῆς
3055 1998 3310 2076 ὑμετέρας
3345 1997 3481 2054 ἔστω
3525 1995 3781 2078 σπουδῆς,
3814 1999 3888 2062 ὡς

2237 2089 2299 2144 ἄν
2330 2090 2416 2144 καὶ
2446 2101 2563 2153 τοῖς
2597 2087 2778 2152 ἄλλοις
2833 2087 3023 2164 λάμπῃ
3075 2091 3108 2156 ἡ
3139 2087 3454 2168 λαμπρότης
3488 2096 3581 2146 τοῦ
3635 2089 3886 2165 ὑπετέρου

2234 2176 2346 2252 βίου
2357 2225 2370 2237 ,
2406 2178 2546 2243 Φησῖ
2588 2186 2713 2255 γοῦν
2724 2194 2737 2207 '

2324 2287 2346 2321 (ι
2392 2266 2540 2322 Οὕτω
2595 2265 2864 2342 λαμψάτω
2895 2268 2955 2324 τὸ
2985 2268 3096 2348 φῶς
3127 2268 3296 2347 ὑμῶν,
3331 2266 3623 2344 ἔμπροσθεν
3649 2273 3754 2323 τῶν
3787 2266 3887 2322 ἀν-

2233 2357 2479 2433 θρώπων,
2542 2358 2688 2419 ὃπως
2747 2355 2932 2413 ἴδωσιν
3000 2360 3146 2432 ὑμῶν
3221 2358 3285 2414 τὰ
3370 2355 3507 2416 καλὰ
3563 2357 3713 2436 ἔργα,
3802 2357 3890 2412 καὶ

2238 2444 2491 2510 δοξάσωσι
2549 2447 2640 2502 τὸν
2718 2447 2922 2527 Πατέρα
2969 2449 3115 2522 ὑμῶν
3172 2449 3261 2503 τὸν
3291 2446 3344 2502 ἐν
3388 2460 3505 2511 τοῖς
3552 2446 3816 2526 οὖρανοϊς.
3852 2465 3880 2506 ι

2238 2539 2344 2594 Οὔκ
2374 2538 2555 2608 εἶπεν,
2582 2535 2660 2594 ὅτι
2697 2528 2881 2611 ’Υμετς
2914 2536 3262 2594 ἐπιδεικνόετε
3315 2537 3413 2604 τὴν
3466 2536 3660 2614 ἀρετὴν
3707 2535 3888 2615 (τοῦτο

2235 2626 2318 2701 γὲ.
2355 2627 2411 2682 0'3
2442 2626 2646 2701 καλὸν),
2681 2624 2801 2682 ἀλλ’
2833 2627 3008 2694 ἐκείνη
3055 2628 3194 2703 μόνη
3253 2625 3543 2702 λαμψάτω,
3606 2626 3744 2683 ὥστε
3799 2632 3890 2687 καὶ

2235 2717 2355 2777 τούς
2411 2715 2633 2794 ἐχθρούς
2729 2717 2875 2790 ὑμῶν
2932 2717 3238 2791 θαυμάζειν,
3298 2718 3385 2772 καὶ
3455 2713 3709 2789 δοξάζειν,
3784 2715 3888 2794 οὐχ

2235 2806 2394 2882 ὑμᾶς,
2472 2803 2606 2860 ἀλλὰ
2657 2806 2746 2860 τὸν
2779 2804 2984 2883 Πατέρα
3015 2807 3188 2881 ὑμῶν.
3225 2798 3399 2862 ’Ὥστε
3431 2804 3520 2860 ἐὰν
3569 2805 3887 2883 πράττωμεν

2236 2894 2453 2973 ἀρετὴν,
2513 2895 2585 2957 εἰς
2657 2892 2806 2960 δόξαν
2856 2892 2939 2950 δεῖ
3010 2901 3100 2951 τοῦ
3173 2902 3304 2952 Θεοῦ
3354 2895 3553 2962 ταύτην
3611 2894 3886 2974 πράττειν,

2240 2985 2333 3040 οὐκ
2377 2986 2447 3046 εἰς
2480 2984 2765 3062 ἡμετέραν.

2325 3096 2351 3127 α
2413 3074 2500 3140 Μὴ
2572 3074 2844 3149 νομίσητε,
2918 3073 3000 3131 ὅτι
3038 3074 3199 3144 ἦλθον
3230 3073 3523 3136 καταλῦσαι
3581 3076 3670 3132 τὸν
3725 3073 3886 3148 νόμον

2239 3160 2272 3228 ἤ
2342 3164 2462 3228 τούς
2535 3165 2832 3243 προφήταςο
2864 3163 2958 3221 οὐκ
3014 3165 3175 3232 ἦλθον
3205 3162 3518 3239 καταλῦσαι,
3581 3163 3717 3221 ἀλλᾶ
3747 3160 3886 3228 πλη-

2240 3259 2426 3330 ρῶσαι.
2482 3277 2504 3310 ι
2570 3251 2788 3320 Ἐπειδή
2865 3252 3100 3330 ἔμελλεν,
3153 3256 3309 3320 αυτὸς
3384 3256 3572 3331 νόμους
3657 3252 3881 3330 εἰσάγειν

2238 3343 2472 3422 καινούς,
2549 3342 2642 3398 ἵνα
2702 3343 2780 3418 μὴ
2839 3344 3122 3419 νομίσωσιν
3175 3345 3255 3401 ὅτι
3300 3345 3532 3408 ἀντίθεός
3563 3346 3697 3420 ὶστι,
3733 3343 3880 3423 φησὶ,

2239 3433 2643 3510 προθεραπεύων
2693 3434 2792 3499 τὴν
2852 3440 2957 3489 τῶν
3012 3433 3228 3490 πολλῶν
3284 3433 3579 3510 ὑπόληψιν,
3640 3433 3720 3490 ὅτι
3783 3431 3893 3490 Οὔκ

2241 3520 2402 3588 ἦλθον
2471 3519 2762 3578 καταλῦσαι
2833 3523 2922 3578 τὸν
2963 3525 3149 3604 νόμον,
3182 3523 3317 3580 ἀλλὰ
3346 3522 3551 3600 μᾶλλον
3582 3521 3892 3602 πληρῶσαι,

2245 3618 2363 3674 Πῶς
2423 3609 2476 3666 δὲ
2536 3611 2811 3692 ἐπλήρωσε
2849 3633 2864 3684 ;
2911 3619 3121 3692 πρῶτον
3151 3615 3250 3690 μὲν
3294 3614 3399 3695 ὅτι,
3457 3613 3554 3670 ὅσα
3584 3613 3743 3670 εἶπον
3773 3613 3897 3691 περὶ

2244 3700 2400 3756 αὒτοῦ
2458 3703 2502 3757 οἱ
2573 3708 2864 3782 προφῆται,
2917 3702 3155 3770 ἐποίησε,
3194 3706 3287 3760 Διὸ
3317 3707 3413 3760 καὶ
3447 3706 3474 3760 ὁ
3506 3701 3894 3782 εὖαγγελιστὴς

2239 3788 2496 3868 συχνάκις
2555 3787 2750 3868 λέγει·
2794 3812 2817 3847 ι
2867 3782 2990 3848 ’Ἵνα
3048 3791 3303 3871 φληρωθῇ
3358 3794 3418 3848 τὸ
3474 3792 3630 3869 ῥηθέν
3673 3788 3757 3846 διὰ
3799 3796 3899 3845 τοῦ

2240 3878 2535 3956 προφήτου.
2575 3901 2599 3932 n
2660 3877 2826 3937 Ἀλλὰ
2894 3882 2982 3937 καὶ
3009 3881 3104 3943 τὰς
3123 3887 3212 3937 τοῦ
3258 3882 3421 3956 νόμου
3454 3879 3670 3946 ἐντολὰς
3715 3879 3895 3943 πάσας

2241 3965 2574 4044 ἐπλὴρωσεν.
2646 3992 2668 4024 α
2775 3960 3061 4049 Ἀμαρτιαν
3119 3971 3220 4050 γὰρ
3278 3974 3372 4029 οὐκ
3427 3969 3696 4042 ἐποίησεν,
3770 3965 3894 4026 οὐδὲ

2241 4056 2422 4134 εὑρέθτ⁸
2491 4055 2640 4123 δόλος
2694 4061 2750 4115 ἓν
2809 4067 2885 4134 τῷ
2911 4059 3136 4136 στόματι
3177 4060 3357 4120 αὐτοῦ.
3395 4084 3423 4115 ι
3481 4061 3578 4119 Καὶ
3628 4057 3802 4123 ἄλλως
3834 4056 3895 4114 δὲ

2239 4144 2518 4225 ἐπλήρωσε
2568 4149 2660 4202 τὸν
2747 4147 2933 4228 νόμον,
2984 4149 3278 4230 τουτέστιν,
3330 4147 3728 4228 ἀνεπλήρωσεν’
3791 4147 3898 4205 ὅσα

2238 4237 2338 4314 γὰρ
2409 4236 2616 4301 ἐκεῖνος
2665 4236 3079 4319 ἐσκιαγραφησε,
3113 4246 3275 4296 ταῦτα
3307 4241 3457 4303 οὗτος
3486 4238 3701 4302 τελείως
3749 4241 3897 4310 ὶζω-

2239 4325 2532 4402 γράφησεν.
2607 4324 2845 4390 Ἐκεῖνος
2889 4329 2973 4400 τὸ,
3017 4350 3038 4382 ι
3080 4329 3167 4396 Μὴ
3199 4329 3479 4408 φονεύσῃς*
3532 4350 3556 4386 ε
3620 4331 3795 4402 οὗτος,
3827 4329 3895 4384 τὸ

503 4411 791 4491 depinxit.
851 4415 959 4478 Illa
1010 4416 1172 4493 dixit,
1243 4437 1273 4476 ‹
1325 4418 1415 4478 Ne
1474 4413 1749 4476 occidas:
1811 4438 1836 4469 κ
1873 4413 1971 4474 Ιιὶο
2025 4429 2154 4474 vero

2245 4413 2392 4482 Μηδὲ
2451 4419 2695 4493 θλμωθῇς
2749 4418 2889 4483 εἰκῆ.
2955 4410 3178 4498 ’Ὥσπερ
3243 4419 3330 4474 καὶ
3379 4420 3406 4474 ὃ
3476 4418 3774 4499 ζωγράφος,
3829 4417 3896 4473 οὗ

505 4489 790 4582 dixit,Ne
825 4513 1054 4567 temere
1113 4489 1412 4567 irascaris.
1448 4500 1610 4564 Sicut
1668 4511 1724 4563 et
1783 4501 1974 4583 pictor
2037 4524 2154 4565 non

2240 4489 2522 4562 xamkdctr
2572 4489 2672 4574 τὴν
2722 4507 3092 4588 σκιαγραφίαν,
3129 4489 3264 4564 άλλὰ
3323 4489 3526 4584 μᾶλλον
3556 4489 3890 4587 άναπληροϊ.

499 4597 832 4675 corrumpit
862 4596 1224 4659 lineamenta
1254 4595 1467 4676 prima,
1534 4591 1639 4654 sed
1682 4592 1870 4672 magis
1899 4593 2158 4656 illustrat

500 4687 558 4743 et
587 4682 896 4766 adimplet.

580 4769 766 4838 Vens.
807 4778 903 4839 18.
944 4802 964 4834 ι
998 4779 1193 4840 Amen
1220 4775 1353 4837 dico
1384 4771 1577 4835 vobis.
1617 4796 1640 4826 η
1669 4773 1864 4835 Amen
1886 4773 2153 4836 afﬁrma-

505 4859 618 4921 tiva
647 4865 935 4942 particula
967 4876 1057 4930 est
1088 4886 1220 4949 pro,
1257 4865 1446 4926 Etiam
1479 4862 1612 4924 dico
1642 4860 1832 4925 vobis.
1869 4883 1898 4922 (
1954 4863 2155 4927 Donec

502 4959 814 5027 praatereat
844 4957 1057 5017 caelum
1095 4966 1152 5019 et
1175 4955 1477 5031 terra,iota
1504 4970 1682 5014 unum
1712 4959 1811 5012 aut
1831 4970 1976 5032 apex
1999 4972 2157 5015 unus

499 5056 618 5127 non
639 5044 964 5120 praeteribit
985 5065 1058 5108 ex
1077 5046 1230 5126 lege,
1254 5043 1446 5127 quoad
1472 5043 1669 5103 omnia
1689 5042 1840 5103 facta
1867 5042 2146 5106 fuerint.»

501 5125 775 5192 Ostendit
805 5133 925 5214 hic,
958 5136 1113 5216 quod
1137 5125 1396 5198 mundus
1417 5131 1676 5214 praeterit
1695 5139 1752 5191 et
1777 5132 2154 5212 transﬁgura-

500 5224 617 5279 tur.
644 5220 800 5282 Dicit
822 5222 1000 5301 igitur
1029 5227 1186 5305 quod
1207 5223 1472 5306 quandiu
1496 5220 2147 5298 subsistituniversum,

497 5324 693 5387 neque
727 5312 973 5374 minima
1004 5313 1198 5377 littera
1231 5333 1264 5377 e
1295 5315 1427 5392 lege
1457 5309 1751 5373 transibit.
1785 5311 1902 5372 Alii
1925 5319 2146 5393 autem,

494 5397 615 5459 iota
639 5409 696 5462 et
727 5403 960 5483 apicem
1014 5405 1223 5467 decem
1271 5405 1421 5484 legis
1463 5410 1757 5483 praecepta
1788 5401 2017 5478 dicunt,
2051 5403 2150 5466 alii

492 5495 688 5551 autem
721 5509 989 5572 crucem;
1009 5512 1151 5557 nam
1175 5493 1370 5572 crucis
1393 5493 1513 5556 iota
1535 5499 1623 5555 est
1645 5499 1871 5553 rectum
1896 5493 2143 5572 lignum,

575 5658 626 5706 1³
654 5659 856 5729 ΙΡοιτ.
892 5684 955 5748 ιι,
986 5670 1086 5730 22.

2327 4793 2355 4833 (
2401 4773 2576 4849 Ἀμὴν
2635 4774 2734 4854 γὰρ
2765 4772 2909 4854 λέγω
2935 4777 3084 4852 ὑμῖν.
3129 4799 3152 4834 υ
3189 4779 3260 4836 Τὸ
3307 4774 3508 4854 Ἀμὴν,
3538 4773 3894 4853 βεϐαιωτικόν

2237 4867 2402 4944 ἔστιν,
2436 4864 2547 4919 ἀντὶ
2575 4873 2688 4939 τοῦ,
2727 4867 2823 4923 Ναὶ
2866 4865 3006 4945 λέγω
3047 4869 3198 4943 ὑμῖν.
3240 4889 3263 4925 (ι
3297 4859 3456 4932 ιἘωις
3498 4865 3558 4922 ἄν
3588 4865 3824 4946 παρέλθῃ
3860 4870 3893 4925 ὁ

2237 4955 2453 5032 οὐρανὸς
2496 4955 2584 5011 καὶ
2711 4961 2807 5032 γῆ,
2840 4958 2970 5013 ἰῶτα
3002 4957 3058 5013 ἓν
3091 4957 3125 5026 ἦ
3157 4959 3253 5034 μία
3301 4960 3487 5038 κεραία
3531 4959 3591 5014 οὗ
3635 4958 3712 5033 μὴ
3743 4979 3891 5036 παρ-

2237 5043 2361 5119 έλθῃ
2421 5044 2526 5101 ἀπὸ
2583 5047 2676 5101 τοῦ
2748 5046 2930 5128 νόμου,
2965 5045 3066 5112 ἕως
3098 5047 3157 5104 ἂν
3189 5048 3360 5108 πάντα
3413 5047 3656 5126 γένηται.
3696 5065 3725 5107 ι
3763 5047 3894 5103 Δεί-

2235 5156 2410 5191 κνυσιν
2486 5135 2702 5192 ἐνταῦθα
2759 5135 2838 5193 ὅτι
2871 5139 2898 5193 ὁ
2955 5136 3156 5214 κόσμος
3211 5138 3538 5218 παρέρχεται
3592 5137 3681 5193 καὶ
3712 5157 3887 5212 μετα-

2237 5226 2648 5307 σχηματίζεται.
2712 5226 2866 5305 Λέγει
2935 5228 3104 5284 τοίνυν
3147 5228 3226 5285 ὅτι
3286 5228 3386 5293 ἕως
3459 5230 3518 5285 οὗ
3589 5226 3888 5284 συνίστατοι

2234 5316 2295 5369 τὸ
2365 5321 2493 5386 πᾶν,
2555 5313 2669 5373 οὐδὲ
2742 5317 2800 5372 τὸ
2845 5316 3131 5398 ἐλάχιστον
3185 5317 3405 5398 γράμμα
3439 5317 3497 5374 ἐκ
3565 5324 3658 5374 τοῦ
3723 5315 3890 5390 νόμου

2235 5404 2508 5483 παρέλθοι.
2571 5403 2780 5462 ’Ἄλλοι
2851 5405 2906 5462 δὲ
2956 5407 3017 5463 τὰ
3089 5410 3222 5466 ἰῶτα
3265 5409 3354 5465 καί
3395 5408 3492 5476 τὴν
3526 5408 3760 5487 κεραίαν,
3792 5405 3893 5471 τὰς

2233 5493 2358 5550 δέκα
2387 5502 2478 5552 τοῦ
2511 5495 2673 5571 νόμου
2703 5494 2917 5561 ἐντολάς
2948 5515 3124 5577 φασιν·
3179 5497 3329 5555 ἄλλοι
3362 5497 3440 5574 δὲ,
3497 5499 3588 5555 τὸν
3641 5498 3886 5575 σταυρόν·
