4204 6412
380 331 493 398 193

1062 329 1502 398 ENARRATIO
1544 331 1627 396 IN
1674 323 2183 394 EVANGELIUM
2230 301 2630 387 MATTHIEI.
2678 358 2755 369 -
2797 325 2962 388 CAP.
3016 327 3085 388 v.

3689 325 3802 392 194

385 471 481 520 τοῦ
527 464 623 541 γὰρ
689 484 943 541 σταύρου,
1007 461 1136 518 ἱὼτά
1197 463 1307 517 εστι
1377 462 1440 516 τὸ
1512 459 1661 540 ὀρθὸν
1725 457 1900 534 ξὺλον,
1963 459 2048 516 καὶ

2144 464 2192 518 et
2221 475 2366 538 apex
2402 465 2804 522 transversum
2835 481 2848 519 :
2875 478 2992 542 quo
3024 478 3204 523 sensu
3224 461 3371 525 dieit
3395 461 3552 543 quod
3575 479 3646 525 ea
3669 480 3800 542 qua

399 554 574 632 κεριία
625 553 685 608 τὸ
758 551 1014 630 πλάγιον,
1080 551 1219 616 Φησὶ
1270 553 1441 606 τοίνυν
1499 548 1579 606 ὅτι
1651 549 1716 605 τὰ
1786 552 1904 626 περὶ
1955 558 2047 607 τοῦ

399 651 616 720 σταυροῦ
659 640 939 720 εἰρημένα,
973 639 1408 720 πληρωθήσεται,

487 755 508 785 ε
548 721 655 796 "Oc
716 731 804 788 ἒὲιν
836 730 922 787 οὖν
967 729 1102 806 λύσῃ
1134 730 1256 804 μίαν
1299 735 1405 784 τῶν
1440 727 1666 785 ἐντολῶν
1711 729 1908 786 τούτων
1941 736 2046 786 τῶν

393 823 406 838 ς
543 824 552 841 ,
846 822 860 836 ς
955 818 1090 840 κν,
1191 818 1214 837 τι
1414 819 1426 839 ρ
1531 818 1544 838 ν
1671 819 1680 837 ρ
1991 820 2002 838 ,

390 822 719 901 ελαχιστων,
779 843 864 876 και
950 835 1130 896 οιοαςῃ
1160 841 1298 875 ευτω
1339 841 1459 881 τους
1522 822 1849 897 ανθρωπους,
1914 819 2042 879 ἐλα-

389 935 588 993 γ-ιστος
645 910 966 979 κληθήσεται
1042 908 1094 964 έν
1138 914 1206 986 τῇ
1274 907 1517 985 βασιλείᾳ
1546 913 1651 964 τῶν
1721 910 1975 986 ονόρανῶν.
2015 933 2037 965 ι

387 1002 723 1082 Ἐλαχίστας
757 999 972 1064 ἐντολὰς
1045 999 1208 1078 λέγει,
1267 998 1328 1062 ἃς
1403 996 1586 1073 μέλλει
1645 997 1802 1061 αὐτὸς
1861 1021 2040 1074 παρα-

395 1092 601 1148 δοῦναι·
675 1091 734 1145 ού
801 1091 901 1168 γάρ
957 1090 1051 1153 τὰς
1123 1089 1370 1164 νομικᾶς,
1445 1086 1724 1162 Ὀνομάζει
1796 1085 1849 1143 δὲ
1882 1090 2040 1153 αὐτὰς

401 1182 712 1260 ἐλαχίστας,
772 1177 854 1234 διὰ
924 1180 1266 1254 ταπείνωσιν,
1339 1177 1432 1234 ’ἕνα
1516 1178 1605 1234 καὶ
1677 1176 1734 1232 σὲ
1790 1176 2045 1255 παιδεύσῃ

406 1283 798 1348 μετριοφρονετν
854 1268 940 1325 ἐπὶ
1022 1283 1145 1331 ταῖς
1189 1265 1566 1330 διδασκαλία-ς.
1621 1264 1941 1345 Ἐλάχιστος
1991 1265 2044 1322 δὲ

401 1361 725 1430 κληθήσεται
770 1358 823 1415 έν
991 1357 1263 1435 βασιλείᾳ,
1310 1357 1423 1414 ἀντὶ
1453 1367 1565 1430 τοῦ,
1613 1356 1667 1412 έν
1701 1361 1766 1430 τῇ
1809 1357 2046 1415 ἀναστά-

400 1472 482 1508 σει
535 1452 763 1529 ἔσχατος
834 1451 920 1505 καὶ
991 1446 1377 1526 ἀπεβριμμένος
1424 1449 1498 1512 εἰς
1526 1446 1765 1525 γέενναν.
1813 1450 1886 1505 Ού
1948 1449 2046 1526 γὰρ

396 1543 476 1604 εἰς
509 1540 609 1607 τὴν
652 1537 918 1614 βασιλείαν
945 1544 1052 1594 τῶν
1124 1540 1354 1616 οὖρανῶν
1407 1535 1782 1606 εἰσελεύσεται,
1847 1535 2040 1615 ἄπαγε’

2134 545 2208 607 de
2242 566 2420 610 cruce
2445 548 2603 611 dicta
2624 557 2785 623 sunt,
2821 548 3248 630 implebuntur.

2210 713 2826 799 VEns.¢19,Quisquis
2852 718 3031 798 igitur
3063 719 3305 781 solverit
3337 739 3520 783 unum
3542 739 3616 783 ex
3635 739 3797 783 man-

2127 809 2281 869 datis
2310 809 2402 871 his
2424 810 2770 885 minimis,et
2804 811 3080 874 docuerit
3103 813 3187 874 sic
3209 813 3794 888 homines,minimus

2125 897 2432 959 vocabitur
2485 899 2547 960 in
2599 918 2784 978 regno
2832 902 3144 964 calorum.
3185 927 3211 958 ι
3250 903 3492 965 Minima
3523 904 3796 966 mandata

2129 985 2290 1066 dicit,
2317 1005 2451 1067 qua
2476 987 2605 1068 ipse
2638 988 2966 1050 traditurus
2996 999 3144 1065 erat,
3175 1009 3296 1052 non
3329 990 3558 1069 legalia.
3582 993 3792 1054 Nomi-

2132 1085 2229 1136 nat
2248 1086 2451 1138 autem
2486 1096 2557 1139 ea
2592 1077 2869 1159 minima,
2912 1087 3151 1160 propter
3185 1081 3582 1144 humilitatem
3611 1098 3626 1144 :
3657 1091 3721 1144 ut
3742 1091 3800 1145 et

2132 1173 2188 1226 te
2218 1166 2466 1227 instruat
2497 1167 2762 1229 modeste
2793 1166 3066 1229 docendo
3091 1169 3564 1250 loqui.Minimus
3593 1180 3794 1234 autem

2131 1255 2441 1316 vocabitur
2469 1255 2530 1317 in
2563 1276 2769 1335 regno,
2806 1258 2918 1319 hoc
2942 1266 3054 1339 est,
3089 1258 3148 1319 in
3176 1260 3618 1322 resurrectione
3649 1261 3794 1321 ulti-

2131 1363 2262 1406 mus
2294 1353 2352 1407 et
2375 1345 2646 1426 abjectus
2676 1345 2736 1407 in
2768 1347 3254 1427 gehennamznon
3277 1349 3436 1411 enim
3464 1349 3797 1429 inregnum

2131 1434 2417 1495 calorum
2454 1435 3056 1517 ingredietur,apage;
3093 1437 3196 1499 sed
3229 1457 3478 1515 regnum
3510 1456 3792 1502 resurre-

2130 1524 2391 1586 ctionem
2413 1525 2703 1605 intellige,
2719 1524 3027 1608 «Quisquis
3050 1536 3246 1590 autem
3268 1528 3476 1590 fecerit
3498 1538 3555 1590 et
3573 1529 3796 1594 docue-

397 1629 537 1686 ἄλλα
608 1626 899 1704 βασιλείαν,
957 1627 1057 1694 τὴν
1129 1626 1412 1683 ἀνάστασιν
1483 1627 1614 1689 νόει,
1671 1648 1693 1682 α
1738 1621 1848 1689 ”Ος
1893 1625 1936 1681 δ’
1991 1627 2049 1682 ἄν

2144 1612 2233 1694 rit,
2267 1614 2362 1674 hic
2395 1633 2640 1694 magnus
2689 1615 2996 1677 vocabitur
3053 1616 3113 1678 in
3173 1636 3357 1696 regno
3409 1619 3719 1684 calorum.
3761 1644 3787 1675 ιι

399 1703 615 1794 ποιήσῃ
667 1719 756 1774 καὶ
823 1716 1025 1793 διδάξῃ,
1101 1718 1252 1780 οὗτος
1313 1717 1476 1794 μέγας
1531 1719 1857 1796 κκίηθήσεται
1902 1715 1955 1771 ἐν
1983 1723 2052 1793 τῇ

2144 1703 2402 1802 Primum
2436 1705 2622 1802 ponit,
2653 1705 2862 1802 fecerit
2894 1723 2906 1767 :
2937 1706 3788 1788 postea,docuerit,quomodo

398 1793 642 1884 βασιλεία
686 1813 790 1863 τῶν
819 1807 1072 1886 οὗρανῶν,
1110 1830 1137 1862 ι
1174 1793 1502 1884 Πρῶτονγτὸ,
1537 1793 1764 1882 ποιήσῃ,
1799 1808 1887 1864 καὶ
1929 1806 2050 1862 τότε

2144 1793 2296 1852 enim
2326 1793 2506 1853 alium
2539 1793 2823 1855 inducam
2847 1794 2907 1856 in
2935 1795 3107 1876 viam,
3128 1814 3245 1876 qua
3267 1815 3568 1877 nunquam
3589 1806 3786 1860 trans-

399 1900 485 1971 τὸ,
548 1894 750 1973 διδάξῃ·
829 1902 940 1962 πῶς
1009 1898 1108 1975 γὰρ
1154 1894 1308 1952 ἄλλον
1368 1893 1622 1972 ὁδηγήσω
1647 1896 1719 1958 εἷς
1751 1894 1869 1951 ὁδὸν
1901 1894 1966 1962 ἥν
1994 1895 2050 1950 οὒ

398 1985 703 2057 διὼδευσα;
767 1985 932 2042 Πάλιν
988 1984 1042 2041 δὲ
1073 1985 1161 2042 ἐὰν
1209 1991 1347 2041 ποιῶ
1417 1984 1514 2060 μὲν
1558 1983 1686 2062 ἐγὼ,
1722 1989 1780 2043 οὗ
1823 1983 2051 2040 διδάσκω

398 2075 477 2153 δὲ,
526 2080 622 2134 οὒκ
663 2074 780 2154 ἔχω
823 2084 1067 2133 τοσοῦτον
1112 2074 1316 2149 μισθόν³
1353 2071 1610 2135 πολλάκις
1661 2071 1714 2128 δὲ
1758 2075 1844 2130 καὶ
1877 2074 2048 2130 κατὰ-

398 2188 595 2244 κρισιν,
629 2164 755 2220 ὅταν
802 2162 886 2220 διὰ
915 2165 1102 2244 φθόνον
1131 2163 1165 2230 ἦ
1208 2161 1386 2220 ὅκνον’
1416 2167 1474 2222 οὒ
1503 2160 1750 2220 διδάσκω.

488 2279 515 2307 ι
550 2255 704 2332 ⁴λέγω
736 2255 836 2332 γὰρ
884 2255 1012 2330 ὑμῖν
1060 2253 1139 2309 ὅτι
1170 2253 1260 2308 ἐὰν
1311 2253 1388 2328 μὴ
1432 2253 1750 2331 περισσεύσῃ
1822 2255 1968 2328 ὑμῶν
2012 2255 2047 2321 ἡ

407 2342 703 2409 δικαιοσύνη
763 2341 928 2400 πλέον
996 2345 1100 2399 τῶν
1162 2340 1522 2422 Γραμματέων
1591 2344 1678 2397 καὶ
1723 2345 2044 2421 Φαρισαίων,

411 2433 469 2489 οὗ
524 2433 598 2507 μὴ
653 2430 925 2499 εἰσέλθητε
996 2434 1068 2496 εἷς
1138 2432 1236 2499 τὴν
1268 2430 1537 2507 βασιλείαν
1567 2433 1672 2488 τῶν
1725 2434 1979 2511 οὐρανῶν,
2021 2455 2044 2492 ι

414 2524 756 2588 Δικαιοσὺνην
788 2521 934 2600 λέγει
959 2524 1057 2589 τὴν
1086 2527 1259 2578 πᾶσαν
1292 2521 1506 2601 ἀρετήν.
1541 2523 1613 2584 ὡς
1647 2521 1729 2596 τὸ,
1773 2545 1800 2576 ε
1838 2522 2048 2584 Δίκαιος

407 2613 471 2680 ἧν
510 2610 651 2688 Ἰὼϐ,
701 2611 869 2689 ὅσιος,
920 2610 1222 2688 ἅμεμμτος.
1276 2633 1300 2668 ο
1372 2609 1725 2690 Φρίξονγοῦν,
1787 2609 2049 2689 ἄνθρωπε,

403 2702 661 2771 ἐννοήσας
719 2702 882 2759 πόσον
941 2702 1322 2778 ἆπαιτούμεθα.
1391 2700 1527 2758 Εἶτα
1579 2689 1808 2757 διδάσκει
1882 2703 2048 2776 ἡμᾶς,

409 2794 526 2855 πῶς
601 2793 658 2849 ἰν
705 2793 1147 2870 περιντεύσωμεν’
1238 2793 1324 2848 καὶ
1380 2789 1663 2869 καταλέγει
1696 2792 1790 2855 τὰς
1836 2790 2048 2869 ἀρετὰς.

513 2994 536 3026 ε
574 2971 854 3028 Ἠκούσατε
884 2973 964 3028 ὅτι
997 2971 1177 3050 ξῤῥέθη
1209 2985 1326 3035 τοῖς
1359 2971 1626 3051 ἀρχαίοις
1663 2974 1734 3029 0-3
1759 2971 2057 3050 φονεύσειςσ

427 3081 486 3122 ος
517 3059 560 3114 δ’
593 3059 654 3115 ἄν
686 3065 923 3140 φονεύσῃ,
957 3062 1150 3141 ἔνοχος
1181 3060 1326 3117 ἔσται
1377 3067 1447 3137 τῇ
1501 3062 1690 3139 κρίσει,
1737 3084 1764 3114 n
1813 3062 1884 3155 Τιὸ
1915 3061 2058 3138 παρὰ

419 3153 562 3214 τίνος
617 3150 810 3229 ἐρρέθη,
872 3154 932 3209 οὗ
1001 3152 1175 3230 λέγει.
1241 3153 1296 3209 Εἰ
1353 3151 1453 3231 γὰρ
1514 3151 1693 3221 εἶπεν,
1731 3148 1811 3206 ὅτι
1848 3148 1904 3208 “Ο
1960 3151 2058 3224 μὲν

413 3243 598 3321 Πατὴρ
654 3265 754 3318 μου
824 3243 950 3300 εἶπε
1019 3257 1136 3308 τοῖς
1194 3242 1463 3321 ἀρχαίοις,
1496 3239 1604 3320 ἐγὼ
1633 3239 1687 3296 δὲ
1729 3239 1873 3318 λέγω
1901 3241 2053 3321 ὑμῖν,

408 3330 581 3397 ἔδοξεν
641 3331 704 3388 ἄν
761 3333 1214 3408 ἆντινομοθετεῖν’
1258 3338 1337 3406 τῷ
1366 3332 1551 3409 Ila-cpi.
1605 3329 1770 3386 Πάλιν
1803 3331 1846 3385 εἷ
1879 3330 2058 3405 εἶπεν,

408 3420 488 3476 ὅτι
523 3419 667 3500 Ἐγὼ
740 3424 897 3480 εἶπον
926 3436 1045 3487 τοῖς
1089 3422 1356 3501 ἀρχαίοις,
1401 3419 1820 3500 δυσπαράδεκτος
1855 3419 1914 3476 ἂν
1949 3419 2062 3498 έγέ-

406 3533 549 3573 νετο.
578 3510 864 3589 Ἀορίστως
897 3515 986 3570 οὗν
1015 3510 1180 3590 λέγει,
1211 3511 1291 3568 ὅτι
1329 3533 1356 3566 α
1392 3508 1606 3588 Ἐῤῥέθη
1637 3522 1754 3573 τοῖς
1787 3509 2058 3589 ἀρχαίοις’

407 3598 639 3656 δείκνυσι
669 3598 723 3656 δέ
754 3599 834 3656 ὅτι
864 3599 1172 3666 ἑπαλαιώθη
1293 3599 1478 3680 νόμος,
1502 3598 1564 3680 ,ἐν
1611 3605 1687 3672 τῷ
1722 3599 1916 3680 εἰπεῖν,
1980 3597 2061 3654 ὅτι

415 3703 441 3735 ι
491 3679 708 3760 Ἐῤῥέθη
752 3695 871 3745 τοῖς
928 3681 1196 3761 ἀρχαίοις·
1232 3679 1344 3736 ἐπεὶ
1399 3677 1681 3736 δὲ’λοιπὸν
1725 3677 2056 3759 ἒπαλαιὼθη,

408 3771 495 3826 καὶ
540 3769 697 3849 ἐγγύς
742 3769 882 3827 ἔστιν
967 3771 1287 3851 ἀφανισμοῦ,
1350 3766 1433 3826 δεῖ
1503 3769 1719 3849 ἀφεῖναι
1786 3770 1944 3826 αὐτὸν
1974 3769 2062 3826 καὶ

410 3857 636 3937 δραμεῖν
665 3860 751 3916 ἐπὶ
779 3861 844 3918 τὰ
888 3860 1006 3923 νέα,
1056 3883 1085 3915 ι

499 4062 521 4094 ε
574 4038 720 4117 Ἐγὼ
789 4037 844 4094 δὲ
901 4037 1044 4117 λέγω
1099 4040 1228 4115 ὑμῖν
1255 4040 1335 4096 ὅτι
1366 4045 1469 4103 πᾶς
1511 4040 1541 4094 ὁ
1600 4038 1940 4118 ὀργιζόμενος
1983 4037 2062 4112 τῷ

411 4127 624 4208 ἀδελφῷ
678 4127 837 4186 αὒτοῦ
879 4127 1019 4208 εἰκῆ,
1077 4126 1268 4209 ἔνοχος
1337 4128 1484 4187 ἔσται
1542 4133 1611 4204 τῇ
1661 4127 1850 4206 κρίσει.
1920 4150 1942 4183 ο
2008 4128 2067 4184 Οἱ

2133 1885 2256 1949 ivi?
2300 1887 2591 1948 Caterum
2623 1890 2668 1949 si
2716 1890 2938 1971 fecero,
2972 1898 3029 1950 et
3063 1909 3180 1950 non
3211 1890 3496 1968 docuero,
3532 1911 3652 1954 non
3681 1892 3790 1954 ha-

2135 1974 2288 2036 bebo
2321 1985 2542 2038 tantam
2578 1979 2961 2041 mercedem:
3001 1997 3158 2059 sape
3199 1978 3378 2040 etiam
3409 1987 3467 2040 et
3496 1981 3789 2043 condem-

2132 2066 2463 2146 nationem,
2497 2067 2546 2127 si
2577 2067 2818 2148 quando
2851 2076 3096 2150 propter
3127 2067 3410 2130 invidiam
3455 2070 3545 2131 vel
3592 2072 3786 2150 negli—

2131 2155 2389 2234 gentiam
2423 2174 2542 2217 non
2574 2158 2858 2219 docuero.

2213 2243 2396 2309 Vens.
2429 2245 2531 2309 20.
2571 2273 2596 2302 α
2630 2245 2772 2314 Dico
2805 2247 2965 2308 enim
2993 2248 3151 2308 vobis
3182 2249 3340 2329 quod
3373 2250 3486 2312 nisi
3515 2251 3784 2314 abunda—

2132 2334 2282 2394 verit
2306 2335 2540 2414 justitia
2570 2344 2766 2398 vestra
2797 2336 2927 2416 plus
2961 2356 3136 2418 quam
3171 2336 3514 2401 Scribarum
3538 2351 3598 2404 et
3628 2343 3784 2404 Pha-

2134 2423 2470 2505 risaornm,
2506 2444 2622 2486 non
2659 2425 2954 2487 intrabitis
3001 2427 3061 2487 in
3110 2445 3359 2506 regnum
3406 2431 3714 2493 calorum.
3753 2454 3781 2486 ι

2131 2511 2428 2575 Justitiam
2459 2513 2602 2576 dicit
2630 2533 2868 2577 omnem
2899 2518 3172 2578 virtutem
3207 2539 3220 2580 :
3256 2519 3411 2580 sicut
3441 2524 3502 2582 et
3532 2539 3668 2581 cum
3689 2520 3784 2580 di-

2135 2603 2314 2676 citur,
2333 2602 2539 2666 Justus
2573 2612 2699 2665 erat
2719 2603 3016 2686 Job,pius,
3052 2605 3785 2687 irreprebensibilis.Hor-

2139 2709 2332 2773 resce,
2367 2693 2568 2768 homo,
2603 2693 3082 2756 animadvertens
3112 2705 3333 2776 quanta
3362 2715 3396 2757 a
3421 2697 3593 2758 nobis
3617 2717 3790 2779 repe-

2138 2787 2356 2843 tantur.
2391 2780 2622 2844 Deinde
2653 2782 2826 2844 docet
2858 2802 2966 2845 nos
2995 2785 3292 2864 quomodo
3324 2786 3791 2865 abundemus,et

2141 2878 2451 2932 enumerat
2478 2871 2740 2934 virtutes.

2221 2959 2384 3022 VEns
2406 2960 2505 3024 21.
2535 2962 2834 3024 «Audistis
2850 2962 3006 3044 quod
3029 2963 3248 3025 dictum
3285 2963 3360 3025 sit
3388 2965 3624 3046 priscis,
3657 2969 3790 3030 Non

2141 3049 2401 3126 occides;
2434 3051 2699 3132 quisquis
2731 3060 2927 3115 autem
2980 3054 3290 3129 occiderit,
3343 3055 3634 3117 obnoxius
3676 3057 3790 3118 erit

2135 3139 2387 3219 judicio.
2425 3166 2451 3196 »
2489 3141 2612 3203 Hoc
2655 3160 2687 3201 a
2717 3152 2878 3204 certo
2910 3144 3166 3224 quodam
3200 3164 3338 3208 esse
3381 3146 3605 3209 dictum
3666 3166 3784 3208 non

2143 3229 2311 3289 dicit.
2361 3230 2424 3292 Si
2473 3230 2632 3291 enim
2685 3231 2950 3305 dixisset,
2983 3233 3142 3313 quod
3185 3236 3354 3296 Pater
3389 3254 3557 3297 meus
3588 3236 3803 3298 dixerit

2147 3318 2383 3398 priscis,
2420 3337 2526 3398 ego
2559 3329 2757 3382 autem
2790 3320 2925 3382 dico
2971 3321 3161 3404 vobis,
3212 3324 3399 3385 videri
3444 3335 3646 3406 posset
3701 3326 3799 3386 di-

2146 3426 2375 3469 versam
2411 3427 2446 3469 a
2477 3412 2646 3471 Patre
2709 3410 2903 3489 legem
2948 3429 3195 3492 ponere.
3249 3412 3472 3475 Iterum
3525 3421 3722 3476 autem
3754 3414 3805 3475 si

2148 3497 2421 3572 dixisset,
2481 3499 2602 3576 Ego
2656 3498 2776 3560 dixi
2831 3497 3063 3580 priscis,
3100 3519 3256 3580 agre
3287 3511 3568 3584 acceptus
3599 3502 3807 3564 fuisset

2146 3606 2367 3651 sermo.
2403 3587 2722 3651 Indeﬁnite
2753 3588 2929 3668 igitur
2951 3590 3360 3672 dixit,Dictum
3396 3607 3488 3654 est
3516 3591 3802 3674 antiquis:

2147 3695 2256 3758 per
2280 3678 2394 3739 hoc
2424 3686 2622 3740 autem
2653 3680 2811 3759 quod
2839 3678 3006 3756 dicit,
3035 3680 3262 3744 dictum
3287 3687 3378 3745 est
3407 3681 3800 3762 antiquis,os-

2143 3767 2336 3829 tendit
2366 3767 2728 3851 antiquatam
2762 3788 2894 3832 esse
2924 3771 3116 3850 legem
3151 3771 3462 3852 :quoniam
3491 3780 3689 3834 autem
3711 3790 3804 3834 ve-

2144 3867 2271 3921 tera
2300 3877 2460 3922 nunc
2488 3861 2791 3942 antiquata
2820 3871 2977 3938 sunt,
3015 3869 3073 3924 et
3099 3860 3289 3924 ferme
3317 3862 3560 3939 abolita,
3616 3880 3802 3944 opor-

2147 3957 2255 4023 tet,
2288 3949 2530 4012 omissis
2562 3949 2704 4025 illis,
2733 3969 2977 4014 currere
3000 3952 3071 4014 ad
3105 3970 3277 4013 nova.

2233 4037 2407 4102 Vens.
2439 4040 2539 4104 92.
2577 4069 2598 4099 ι
2631 4039 2751 4121 Ego
2783 4049 2979 4103 autem
3026 4042 3162 4104 dico
3213 4041 3402 4118 vobis,
3449 4041 3657 4106 Omnis
3701 4043 3803 4123 qui

2151 4129 2432 4191 irascitur
2453 4129 2622 4191 fratri
2653 4150 2762 4192 suo
2794 4130 3339 4206 temere,obnoxius
3370 4131 3484 4194 erit
3507 4130 3800 4211 judicio.»

415 4219 512 4291 μὲν
573 4221 840 4295 προφῆται
921 4216 1208 4294 μέλλοντες
1272 4218 1631 4298 προφητεύειν
1676 4215 1885 4296 ’έλεγονο
1933 4214 2056 4275 Τάδε

2150 4219 2465 4298 Propheta
2511 4219 2728 4282 dicturi
2778 4219 2975 4283 futura
3003 4220 3305 4297 dicebant,
3339 4219 3477 4283 Hac
3508 4219 3652 4282 dicit
3688 4220 3802 4282 Do-

413 4307 561 4385 λέγει
623 4307 834 4383 Κύριοςο
870 4309 897 4363 ὁ
955 4305 1008 4363 δὲ
1039 4308 1286 4388 Χριστὸς,
1319 4307 1464 4386 Ἐγὼ
1515 4306 1682 4385 λέγω,
1727 4304 1976 4363 δεικνύων
2005 4305 2056 4361 τὶ

2153 4309 2351 4370 minus
2377 4327 2389 4371 :
2418 4309 2690 4372 Christus
2709 4311 3059 4390 autem,Ego
3082 4309 3571 4384 dico,ostendens
3583 4310 3801 4372 divini-

413 4397 804 4463 ἱξουσιαστικὸν
900 4404 1000 4466 τῆς
1083 4399 1360 4465 θεότητος.
1419 4399 1478 4454 Οἱ
1529 4397 1629 4472 μὲν
1701 4396 1825 4475 γὰρ,
1860 4392 2056 4480 δοῦλοι·

2153 4397 2288 4460 tatis
2317 4397 2856 4462 auctoritatem.27
2879 4398 2968 4461 Illi
2989 4400 3147 4461 enim
3179 4399 3333 4460 servi
3365 4399 3688 4480 erant,ipse
3704 4418 3808 4461 au-

415 4490 441 4544 ὁ
471 4486 556 4567 δὲ,
601 4488 744 4558 Υἱὸς,
803 4488 892 4543 καὶ
947 4489 1012 4544 τὰ
1067 4494 1160 4544 τοῦ
1219 4488 1423 4567 Πατρὸς
1481 4488 1651 4542 πάντα
1683 4483 1852 4565 ἔχων,
1889 4475 1948 4542 Ὀ
1980 4484 2056 4564 ὀρ·

2149 4493 2268 4547 tem
2304 4485 2490 4548 Filius
2519 4487 2723 4550 omnia
2749 4505 2882 4569 qua
2910 4494 3048 4549 sunt
3075 4487 3267 4550 Patris
3291 4485 3353 4547 in
3382 4505 3449 4549 se
3464 4475 3801 4568 possidens.

415 4578 694 4655 γιζόμενος
723 4574 777 4633 δὶ
805 4578 883 4652 τῷ
911 4575 1120 4656 ἀδελφῷ
1196 4581 1354 4637 αὐτοῦ
1421 4578 1564 4649 εἰκῆ,
1635 4574 1842 4639 ἐκεῖνος
1891 4595 2064 4630 κατα-

413 4669 668 4746 κρίνεται·
747 4666 838 4727 ἑᾶν
934 4666 988 4724 δὲ
1076 4689 1156 4734 τις
1215 4668 1484 4748 όργῖζηται
1557 4664 1789 4744 εὐλόγως
1842 4664 1929 4720 καὶ
1983 4662 2068 4719 ἐπὶ

414 4755 625 4830 παιδείᾳ
667 4759 755 4813 καὶ
802 4758 938 4814 κατὰ
997 4756 1160 4829 ζῆλον
1211 4757 1591 4835 πνευματικὸν,
1664 4759 1723 4813 οὗ
1805 4774 2066 4833 κατακρι-

413 4847 654 4915 θήσεταί·
704 4849 792 4904 καὶ
836 4849 865 4903 ὓ
910 4847 1113 4913 Παῦλος
1172 4850 1293 4928 γὰρ,
1368 4848 1532 4928 ὀργῆς
1601 4847 1814 4924 ῥήματα
1871 4843 2068 4923 ἑφθέγ..

414 4938 538 5005 ξατο
593 4941 726 5019 πρὸς
797 4937 1033 5016 Ἐλύμαν
1101 4941 1196 4996 τὸν
1227 4940 1419 5020 μάγον,
1453 4938 1543 4996 καὶ
1589 4938 1719 5015 πρὸς
1751 4936 1842 4992 τὸν
1872 4935 2068 5014 ἀρχιε-

413 5030 530 5108 ρέα,
563 5030 623 5086 οὗ
652 5030 758 5105 μὴν
816 5031 958 5106 εἰκῆ,
1033 5028 1171 5086 ἀλλὰ
1239 5029 1376 5085 κατὰ
1433 5026 1615 5099 ζῆλον.
1666 5021 1896 5108 Τότεμδὲ
1955 5024 2069 5092 εἷκῆ

415 5103 731 5198 ὄργιζόμεθα
786 5117 912 5176 ὅταν
943 5103 951 5106 ⁷
986 5118 1072 5175 διὰ
1099 5120 1357 5198 χρήματα
1385 5117 1422 5185 ἢ
1480 5113 1655 5183 δόξαν,
1708 5137 1731 5170 ε
1786 5103 1896 5177 U0c
1931 5110 1976 5168 δ’
2007 5112 2070 5168 ἂν

415 5209 548 5285 εἴπῃ
579 5215 656 5284 τῷ
689 5207 902 5286 ἀδελφῷ
931 5212 1113 5283 αὐτοῦ,
1151 5199 1332 5281 Ῥακὰ,
1377 5205 1570 5286 ἔνοχος
1603 5203 1748 5286 ἔσται
1794 5211 1873 5279 τῷ
1943 5224 2074 5258 συν-

413 5297 584 5379 εδρίῳ,
623 5323 647 5358 ι
685 5285 990 5379 Συθέδριον,
1023 5300 1085 5354 τὸ
1115 5295 1452 5377 δικαστήριον
1479 5285 1587 5352 τῶν
1622 5285 1875 5375 Ἐϐραίων
1921 5295 2070 5372 φησί,

412 5392 482 5447 Τὸ
507 5387 582 5465 δὲ,
621 5413 650 5445 ε
691 5381 878 5466 Ῥακὰ,
933 5412 958 5447 ε
994 5390 1242 5463 σημαίνει
1293 5387 1407 5444 ἂντὶ
1446 5397 1563 5464 τοῦ,
1619 5386 1704 5441 σύο
1751 5384 1931 5461 ὥσπερ
1960 5382 2074 5446 ἔθος

408 5479 604 5560 ἔχομεν
635 5481 841 5561 ’λέγειν
893 5480 1028 5557 πρὸς
1059 5499 1176 5534 τινα
1217 5477 1709 5558 καταφρονούμενον
1759 5473 1845 5555 ὑφ’
1889 5475 2066 5549 ἡμῶν·

407 5565 641 5634 ’Ἃπελθε
690 5574 779 5632 σύ.
833 5568 1023 5628 Θέλων
1067 5567 1154 5624 οὖν
1203 5565 1476 5625 παιδεῦσαι
1507 5569 1652 5643 ἡμᾶς
1711 5566 1800 5622 καὶ
1843 5564 1960 5643 περὶ
2005 5563 2071 5618 τὰ

405 5670 551 5747 μικρὰ
593 5663 851 5748 ἀκριϐεῖς
910 5659 1087 5732 εἶναι,
1149 5659 1234 5714 καὶ
1281 5656 1550 5727 ἀλλήλους
1593 5661 1776 5732 τιμᾷν,
1824 5664 2074 5732 παραινεῖ

2149 4574 2262 4648 Qui
2291 4576 2564 4638 irascitur
2594 4577 2760 4639 fratri
2791 4596 2897 4639 suo
2931 4576 3295 4653 temere,ille
3323 4576 3756 4639 condemnatur
3788 4593 3803 4639 :

2150 4669 2201 4727 si
2230 4674 2429 4727 autem
2462 4666 2597 4747 quis
2629 4667 2926 4743 irascitur,
2956 4666 3186 4728 ratioue
3210 4666 3374 4746 justa
3404 4674 3621 4745 motus,
3653 4673 3710 4726 et
3743 4673 3805 4726 ut

2150 4755 2332 4817 alium
2364 4756 2689 4831 erudiat,et
2718 4755 3012 4837 spirituali
3041 4754 3190 4832 zelo,
3223 4773 3340 4816 non
3369 4753 3806 4817 condemnabi-

2153 4854 2268 4908 tur.
2294 4843 2465 4908 Unde
2496 4855 2556 4908 et
2584 4846 2801 4909 Paulus
2845 4844 3026 4909 verba
3047 4844 3154 4906 ira
3185 4846 3416 4906 locutus
3446 4851 3535 4906 est
3562 4844 3636 4906 ad
3668 4844 3809 4926 Ely-

2155 4954 2309 4997 mam
2344 4953 2588 4996 manum
2625 4944 2681 4998 et
2733 4935 2807 4997 ad
2863 4933 3207 5016 pontiﬁcem
3237 4955 3252 4996 :
3289 4952 3408 4996 non
3440 4942 3668 4997 temere
3689 4933 3817 5015 qui-

2151 5025 2313 5100 dem,
2358 5025 2463 5086 sed
2521 5024 2672 5087 zelo.
2733 5026 2900 5087 Tunc
2955 5031 3152 5086 autem
3223 5030 3452 5087 temere
3512 5023 3808 5106 irascitur,

2159 5111 2394 5194 quando
2427 5121 2671 5194 propter
2686 5131 2832 5195 opes
2849 5112 2940 5175 vel
2961 5113 3266 5192 gloriam.¢
3279 5112 3653 5195 Quicumque
3673 5131 3813 5175 vero

2159 5201 2375 5264 dixerit
2403 5202 2569 5264 fratri
2601 5221 2733 5277 suo,
2767 5203 2993 5278 Rhaca,
3023 5201 3318 5266 obnoxius
3345 5205 3456 5265 erit
3484 5204 3760 5266 concilio.
3782 5227 3810 5260 ι

2158 5291 2488 5355 Concilium
2521 5299 2693 5355 vocat
2720 5291 3105 5358 Hebraorum
3140 5293 3424 5357 tribunal.
3457 5292 3658 5357 Rhaca
3682 5311 3815 5358 vero

2160 5380 2459 5460 signiﬁcat
2488 5382 2648 5444 idem
2676 5383 2831 5464 quod
2866 5381 2953 5444 Tu
2984 5402 2998 5445 :
3030 5393 3096 5444 ut
3129 5403 3265 5446 cum
3297 5383 3369 5445 ad
3391 5383 3652 5465 aliquem
3675 5404 3811 5448 con-

2162 5479 2452 5553 temptum
2485 5491 2518 5532 a
2545 5471 2719 5533 nobis
2750 5472 3146 5550 dicimus,Abi
3170 5472 3483 5536 tu.Volens
3513 5474 3688 5553 igitur
3708 5495 3820 5539 nos

2159 5568 2218 5623 et
2246 5561 2323 5622 de
2359 5561 2552 5642 parvis
2586 5560 2876 5624 sollicitos
2891 5563 3504 5640 esse,etnosinvicem
3518 5566 3812 5645 venerari,

2154 5650 2438 5713 admonet
2466 5651 2706 5715 borum.
2746 5650 2999 5723 Quidam
3031 5652 3234 5716 dicunt
3261 5655 3461 5716 Rhaca
3491 5653 3730 5734 Syriace
3757 5664 3819 5717 et
