4204 6416
497 349 608 412 195

1458 342 2052 410 THEOPHYLACTI
2093 339 2503 404 BULGARLE
2545 335 2904 401 ARCHIEP.

3759 329 3874 394 196

483 482 916 562 indignativum
934 480 1384 562 etrespuitivum
1400 479 1684 561 quiddam
1702 474 2132 558 signare.Quis-

2222 480 2406 531 ταῦτα.
2457 469 2605 535 Τινὲς
2632 468 2684 526 δὲ
2717 471 2800 562 τὲ,
2856 492 2878 526 ε
2933 459 3116 543 ιΡακά,
3155 491 3183 524 ι
3231 468 3462 543 Σοριστὶ,
3509 465 3884 524 κατάπτυστᾶιι

485 574 617 653 quis
640 573 819 651 igitur
868 573 1081 652 injuria
1111 569 1375 631 aﬂ'ecerit
1405 571 1648 631 fratrem
1681 588 1886 649 suum,
1921 578 2132 631 contu-

485 663 662 722 melia
689 662 998 730 invadens.
1027 660 1318 720 obnoxius
1349 659 1460 721 erit
1492 659 1744 721 concilio
1791 667 2132 722 sanctorum

483 749 1147 831 apostolorum,quand0
1167 747 1801 828 sedebuntjudicantes
1816 749 2130 811 duodecim

483 839 670 900 tribus
701 837 902 900 Israel.
943 865 967 894 α
996 837 1346 918 Quicunque
1393 847 1592 898 autem
1643 837 1882 918 dixerit,
1918 837 2129 909 Stulte,

478 948 618 991 reus
637 928 750 990 erit
777 929 1068 1008 gehennae
1111 927 1413 989 incendio.
1448 949 1468 978 ο
1503 926 1677 990 Mulli
1711 930 1823 988 hoc
1869 946 2046 1006 grave
2079 934 2135 988 et

481 1017 693 1079 durum
727 1036 859 1079 esse
893 1025 1120 1097 putant,
1153 1037 1270 1077 non
1321 1025 1411 1078 est
1439 1024 1662 1078 autem.
1699 1017 1846 1079 Nam
1883 1017 1982 1097 qui
2015 1016 2132 1078 fra-

485 1117 632 1168 trem
650 1125 821 1168 suum
839 1105 1067 1168 ratione
1086 1114 1143 1166 et
1165 1105 1724 1186 prudentia,quibus
1753 1124 1785 1166 a
1805 1106 1993 1167 brutis
2013 1106 2135 1167 dis-

481 1214 815 1276 crepamus,
851 1195 1059 1276 privat,
1094 1195 1393 1276 quomodo
1430 1214 1547 1255 non
1570 1194 1782 1272 dignus
1816 1195 2138 1272 gehenna?

483 1289 713 1350 Etenim
748 1288 848 1370 qui
872 1287 1215 1348 scommatis
1246 1294 1303 1348 et
1325 1286 1703 1347 contumeliis
1736 1287 2134 1370 persequitur,

484 1377 828 1441 charitatem
861 1376 1114 1438 destruit
1148 1394 1161 1438 :
1201 1395 1314 1456 qua
1357 1377 1679 1456 destructa,
1725 1376 1901 1438 simul
1933 1374 2141 1439 omnes

484 1468 772 1529 tolluntur
823 1467 1072 1529 virtutes
1130 1485 1144 1529 :
1200 1467 1352 1528 sicut
1413 1485 1623 1528 omnes
1670 1478 2131 1538 conservantur,

485 1576 554 1619 ea
585 1557 763 1619 salva.
796 1556 1069 1618 Dissolvit
1113 1557 1292 1634 igitur
1323 1575 1534 1618 omnes
1564 1558 1837 1638 virtutes,
1859 1560 1959 1639 qui
1992 1578 2134 1622 con-

486 1647 727 1708 tumelia
758 1647 1087 1728 proximum
1123 1647 1328 1720 allicit,
1363 1647 1502 1707 dum
1530 1648 1880 1710 charitatem
1918 1648 2133 1711 dilace-

487 1746 614 1799 rat:
649 1745 706 1798 et
736 1735 986 1816 proinde
1009 1736 1161 1815 ignis
1181 1736 1461 1798 incendio
1488 1737 1703 1815 dignus
1744 1737 1940 1802 fuerit.

566 1825 746 1888 Vens.
780 1825 878 1901 23,
910 1825 1010 1887 24.
1043 1849 1064 1881 σ
1096 1825 1159 1886 Si
1209 1845 1352 1905 ergo
1385 1825 1673 1887 obtuleris
1701 1846 1916 1888 munus
1967 1837 2128 1890 tuum

2219 586 2344 641 φασι
2390 563 2688 637 σημαίνειν.
2746 551 2940 626 ’Ὅστις
2974 559 3062 617 οὖν
3091 556 3284 637 ὑϐρίσει
3317 559 3408 613 τὸν
3438 555 3664 637 ἀδελφὸν
3719 555 3877 613 αὐτοῦ

2218 655 2605 727 κατάπτυστον,
2661 650 2852 731 ἔνοχος
2915 649 3061 705 ’ἐσται
3118 654 3196 723 τῷ
3239 646 3491 726 συνεδριῳ
3547 646 3650 702 τῶν
3710 646 3874 725 ἁγίων

2217 741 2555 819 ἀποστόλων,
2639 741 2726 796 ὅτε
2837 738 3106 797 καθίσουσι
3189 737 3451 816 κρίνοντες
3526 736 3620 799 τὰς
3675 732 3878 791 δώδεκα

2215 827 2406 909 φυλάς.
2445 853 2472 884 α
2503 821 2612 890 u0c
2647 825 2692 882 δ’
2740 825 2801 882 ἂν
2831 826 2986 901 εἴπῃ,
3026 825 3205 903 Μωρέ,
3239 823 3431 904 ἔνοχος
3481 825 3629 880 ἔσται
3673 826 3743 889 εἷς
3774 825 3874 889 τὴν

2217 920 2430 995 γέενναν
2484 926 2573 976 τοῦ
2633 918 2816 996 πυρός,
2858 939 2881 973 ι
2933 915 3131 974 Πολλοὶ
3173 914 3386 992 λέγουσι
3457 915 3545 970 καὶ
3602 914 3874 989 νομίζουσι

2216 1009 2346 1086 βαρὺ
2378 1009 2518 1065 εἶναι
2582 1014 2733 1064 τοῦτο
2791 1007 2880 1063 καὶ
2949 1004 3182 1085 σκληρὸν
3213 1004 3310 1060 οὐκ
3359 1002 3470 1060 ἔστι
3527 1002 3608 1066 δέ.
3689 1013 3728 1060 Ο
3773 1002 3875 1081 γὰρ

2218 1097 2522 1176 ἀποστερῶν
2579 1099 2668 1153 τὸν
2741 1094 2964 1161 ἀδελφὸν
3016 1097 3174 1154 αὐτοῦ
3204 1093 3366 1171 λόγου
3409 1095 3497 1149 καὶ
3540 1093 3871 1173 φρονήσεως,

2221 1187 2309 1249 οἷς
2365 1193 2470 1243 τῶν
2525 1188 2718 1265 θηρίων
2776 1183 3114 1266 διαφέρομεν,
3148 1190 3263 1247 πῶς
3291 1185 3384 1241 οὐκ
3431 1181 3573 1248 ἄξιος
3603 1181 3820 1260 γεέννης
3854 1200 3872 1260 ;

2225 1268 2281 1332 ιΟ
2313 1277 2413 1354 γὰρ
2468 1274 2719 1354 λοιδορῶν
2790 1276 2876 1331 καὶ
2907 1272 3148 1354 ὑϐρίζων,
3207 1274 3305 1342 τὴν
3361 1272 3573 1350 ἀγάπην
3648 1269 3870 1327 διαλύει³

2221 1365 2337 1431 ἣτις
2421 1364 2746 1445 διαλυθεῖσα,
2845 1376 3149 1443 συναναιρεῖ
3229 1363 3324 1427 τὰς
3402 1363 3615 1442 ἀρετὰς,
3694 1361 3875 1438 ὥσπερ

2225 1455 2313 1511 καὶ
2360 1463 2597 1534 παροῦσα
2646 1460 2883 1526 συνιστᾷ⁸
2930 1454 3024 1518 τάς
3074 1453 3262 1532 ἀρετὰς
3323 1451 3411 1509 οὗν
3468 1452 3640 1516 πάσας
3700 1472 3872 1507 κατα-

2218 1547 2328 1615 λύει
2379 1549 2406 1603 6
2442 1533 2449 1534 ί
2488 1544 2729 1626 ὑϐρίζων,
2788 1549 2842 1602 ἒν
2899 1550 2977 1619 τῷ
3031 1548 3129 1614 τὴν
3159 1545 3378 1625 ἀγάπην
3413 1542 3662 1616 διασπᾷν,
3695 1533 3871 1598 ’Ὠστι

2219 1640 2436 1704 εἰκότως
2482 1639 2622 1706 ἀξιος
2653 1645 2746 1696 τιιῦ
2778 1637 2969 1718 πυρός.

3150 1819 3212 1875 τὸ
3281 1816 3446 1897 δῶρδν
3507 1839 3599 1874 σου
3655 1816 3740 1874 ἰπὶ
3808 1823 3870 1878 τὸ

2302 1845 2329 1876 ι
2390 1818 2515 1880 Ἐὰν
2597 1821 2686 1878 οὖν
2763 1818 3067 1899 προσφέρῃς

482 1916 553 1977 ad
588 1915 789 1989 altare,
826 1923 884 1976 et
911 1913 1035 1975 illic
1084 1915 1432 1978 recordatus
1491 1917 1695 1987 fueris,
1730 1916 1889 1996 quod
1951 1916 2132 1981 frater

2217 1915 2604 1994 θυσιαστήριον,
2677 1914 2835 1971 κάκεῖ
2911 1915 3177 1992 μνησθῇς,
3260 1911 3340 1967 ὅτι
3398 1911 3428 1966 δ
3495 1907 3720 1990 ἀδελφός
3777 1931 3871 1966 σω

484 2014 618 2066 tuus
641 2004 818 2064 habet
836 2003 1062 2084 aliquid
1087 2005 1402 2066 adversum
1430 2005 1749 2079 te,dimitte
1774 2006 1893 2067 illic
1911 2026 2128 2070 munus

2217 2003 2331 2083 ἔχει
2381 2027 2430 2059 τι
2489 2005 2625 2060 κατὰ
2659 2012 2772 2080 σοῦ,
2807 2001 2935 2081 ἄφες
2973 2000 3089 2058 ἐκεῖ
3118 2003 3178 2057 τὸ
3222 1998 3387 2078 δῶρόν
3443 2022 3538 2058 σου
3576 1999 3870 2078 ἔμπροσθεν

483 2101 647 2155 tuum
680 2103 817 2155 ante
846 2096 1031 2154 altare
1064 2103 1119 2155 et
1150 2093 1269 2174 abi,
1308 2097 1470 2174 prius
1518 2095 1910 2157 reconciliare
1961 2097 2126 2158 fratri

2217 2101 2303 2150 τοῦ
2370 2095 2759 2173 θυσιαστηρίου,
2835 2093 2924 2147 καὶ
2988 2089 3182 2171 ὕπαγε,
3269 2096 3479 2166 πρῶτον
3549 2087 3870 2166 διαλλάγηθι

483 2193 580 2245 tuo
614 2191 670 2244 et
703 2192 841 2245 tunc
871 2183 1118 2245 veniens
1161 2185 1309 2245 offer
1342 2203 1555 2246 munus
1613 2193 1804 2246 tuum.
1845 2212 1868 2244 ο
1909 2187 2132 2248 Conte-

2217 2187 2293 2258 τῷ
2349 2181 2558 2260 ἀδελφῷ
2612 2205 2731 2263 σου,
2781 2183 2868 2238 καὶ
2912 2181 3031 2236 τότε
3104 2180 3268 2237 ἐλθὼν
3299 2177 3562 2259 πρόσφερε
3599 2180 3660 2234 τὸ
3703 2176 3872 2256 δῶρόν

486 2272 811 2334 mnitDeus
844 2272 1148 2352 proprium
1187 2273 1501 2341 honorem,
1540 2282 1768 2336 tantum
1804 2282 1866 2334 ut
1899 2294 2006 2336 nos
2037 2276 2132 2337 di-

2219 2293 2332 2330 σου.
2401 2293 2426 2330 ι
2491 2282 2820 2351 Καταφρονεϊ
2890 2272 2918 2327 6
2974 2270 3104 2332 Θεὸς
3165 2274 3264 2336 τῆς
3335 2270 3532 2332 οἰκείας
3564 2267 3874 2348 τιμῆς,’ἶνα

482 2359 754 2438 ligamus.
793 2359 938 2422 Cum
971 2371 1168 2422 autem
1199 2361 1464 2434 dixisset,
1499 2363 1561 2423 Si
1593 2362 1868 2424 habuerit
1912 2364 2132 2445 aliquid

2217 2366 2381 2437 ἡμεῖς
2436 2361 2599 2437 μόνον
2669 2361 2988 2440 ἀγαπῶμεν,
3052 2357 3177 2417 Ἐὰν
3208 2357 3262 2414 δὲ
3307 2357 3414 2439 ἔχῃ
3448 2381 3496 2415 τι
3543 2359 3679 2414 κατά
3722 2363 3814 2414 σοῦ
3845 2360 3875 2413 6

483 2457 684 2510 contra
731 2457 786 2510 te
833 2450 1014 2510 frater
1043 2460 1201 2519 tuus,
1238 2451 1386 2511 nihil
1435 2451 1592 2512 aliud
1651 2453 1945 2531 apposuit.
2002 2457 2136 2516 Sive

484 2537 643 2598 enim
671 2538 831 2616 juste
859 2539 1226 2619 sive‘jnjuste
1250 2539 1988 2615 habeat,reconciliare.Et
2020 2563 2135 2605 non

483 2627 649 2702 dixit,
688 2625 748 2688 Si
779 2628 968 2690 habes
999 2637 1062 2689 tu
1097 2637 1302 2690 contra
1333 2629 1524 2704 illum,
1569 2630 1673 2690 sed
1701 2630 1764 2691 Si
1795 2631 1933 2711 quid
1963 2633 2140 2694 habet

482 2716 581 2785 ille
612 2726 820 2777 contra
844 2726 920 2790 te,
945 2735 1166 2778 conare
1194 2727 1253 2778 ut
1285 2719 1477 2798 ipsum
1511 2720 1583 2778 ad
1615 2719 1933 2780 amicitiam
1963 2722 2140 2782 redu-

483 2824 604 2865 cas.
638 2805 912 2885 Praecipit
961 2814 1155 2867 autem
1189 2806 1610 2868 dimittendum
1659 2808 1904 2890 donum,
1961 2819 2024 2870 ut
2057 2810 2136 2872 ibi

483 2896 896 2955 necessitatem
954 2895 1219 2975 imponat
1273 2896 1727 2978 reconciliandi,
1763 2906 1821 2959 et
1858 2908 1914 2960 tu
1949 2899 1998 2959 si
2035 2918 2134 2961 vo-

482 2983 666 3045 lueris
714 2985 928 3045 offerre
968 2985 1214 3055 donum,
1246 2987 1474 3065 cogaris
1511 2987 1907 3048 reconciliari.
1949 2987 2138 3054 Docet

2219 2449 2440 2531 ἀδελφός
2511 2473 2604 2509 σοι)
2659 2451 2842 2525 εἰπὼν,
2879 2449 3024 2506 οωέν
3059 2448 3191 2505 ἄλλο
3232 2447 3579 2517 προσέθηκεν.
3615 2447 3742 2505 Εἴτε
3771 2447 3876 2525 γὰρ

2221 2540 2434 2604 δικαίως
2505 2539 2617 2596 εἴτε
2648 2538 2839 2603 ἀδίκως
2884 2539 3026 2619 ἔχει,
3061 2537 3398 2617 διαλλάγηθι.
3436 2542 3533 2596 Καὶ
3562 2540 3656 2595 οὐκ
3687 2538 3870 2612 εἶπεν,

2223 2629 2347 2686 Ἐὰν
2379 2629 2512 2710 ἔχῃς
2546 2631 2606 2685 σὺ
2649 2629 2766 2686 κατ’
2799 2629 3021 2709 ἐκείνου,
3055 2627 3200 2708 ἀλλ’,
3237 2625 3359 2685 Ἐὰν
3403 2626 3509 2708 ἔχη
3558 2627 3766 2690 ἐκεῖνος
3819 2647 3872 2681 τι

2222 2722 2356 2776 κατὰ
2415 2727 2530 2795 σοῦ,
2593 2717 2887 2776 σπούδασον
2945 2721 3097 2776 αὒτὸν
3131 2717 3378 2797 φιλιῶσαί
3411 2739 3517 2777 σοι.
3550 2718 3874 2795 Προστάττει

2223 2806 2277 2864 δὲ
2308 2809 2521 2889 ἀφεῖναι
2549 2811 2609 2865 τὸ
2683 2807 2870 2887 δῶρον,
2920 2808 3012 2866 ’ίνα
3073 2830 3162 2865 σοι
3218 2808 3456 2886 ἀνάγκην
3519 2807 3715 2882 ἕνθήσῃ
3779 2813 3876 2862 τοῦ

2220 2896 2647 2977 κᾳιταλλαγῆναιι
2704 2900 2765 2955 σὸ
2849 2900 2948 2977 γὰρ
3004 2896 3171 2954 θέλων
3201 2897 3623 2977 προσενεχθῆναι
3655 2899 3716 2953 τὸ
3761 2894 3874 2952 δῶ·

2221 2987 2310 3067 ρόν
2395 2975 2510 3064 σου,
2570 2975 2955 3066 ἀναγκασθήση
3009 2975 3383 3066 διαλλαγῆναι.
3433 2975 3632 3063 ἾἈμα
3677 2985 3732 3042 δὲ
3766 2983 3876 3042 δει-

485 3074 660 3134 etiam
695 3073 932 3134 interim
965 3074 1313 3136 charitatem
1341 3093 1545 3135 verum
1589 3094 1720 3136 esse
1751 3078 2132 3140 sacriﬁcium.

2219 3077 2361 3134 κνύει
2404 3078 2483 3133 ὃτι
2526 3076 2563 3144 ἡ
2595 3077 2779 3155 ἀγάπη
2812 3075 2959 3132 ὲστὲν
2989 3077 3025 3144 ἡ
3057 3073 3222 3139 ὅντως
3265 3078 3434 3136 θυσία.

550 3163 738 3225 Vens.
769 3163 868 3237 ‘25,
900 3161 1000 3226 26.
1038 3187 1061 3220 ιι
1101 3161 1234 3224 Esto
1267 3163 1591 3226 benevolus
1646 3164 1987 3229 adversario
2037 3176 2134 3230 tuo

2309 3187 2331 3222 ι
2369 3155 2517 3223 ’Ἰσθι
2574 3163 2766 3221 εὐνοῶν
2826 3171 2901 3239 τῷ
2966 3161 3212 3238 ἀντιδίκῳ
3268 3187 3363 3222 σου
3393 3165 3557 3244 ταχὺ,
3603 3163 3706 3229 ἓως
3750 3164 3868 3219 ὃτου

482 3253 620 3332 cito,
646 3252 906 3333 quandiu
939 3261 1026 3314 est
1059 3254 1116 3314 in
1147 3253 1238 3315 via
1268 3273 1404 3315 cum
1437 3273 1533 3319 eo.
1568 3273 1642 3316 ne
1674 3256 1908 3336 quando
1943 3267 1998 3319 te
2022 3265 2132 3320 tra-

2218 3257 2274 3311 εϊ
2331 3253 2385 3310 ἰν
2443 3259 2511 3333 τῇ
2572 3253 2677 3327 ὁδῷ
2747 3251 2866 3330 μετ’
2923 3253 3103 3334 αὐτοῦ,
3168 3253 3379 3330 μὴποτέ
3435 3275 3492 3310 σε
3565 3250 3781 3333 παραδῷ
3839 3255 3868 3309 6

482 3340 580 3402 dat
607 3343 978 3403 adversarius
998 3343 1212 3422 judici,
1247 3351 1307 3405 et
1329 3344 1517 3423 judex
1541 3353 1598 3406 te
1624 3347 1813 3406 tradat
1835 3346 2128 3423 ministro,

2217 3341 2473 3408 ἀντίδικος
2529 3351 2606 3418 τῷ
2663 3350 2844 3425 κριτῇ,
2918 3344 3006 3400 καὶ
3061 3346 3090 3399 6
3145 3346 3331 3423 κριτής
3430 3365 3512 3425 σε,
3542 3343 3762 3424 παραδῴ
3793 3344 3871 3418 τῷ

478 3440 532 3492 et
564 3432 622 3492 in
665 3450 969 3494 carcerem
1013 3432 1561 3512 onjiciaris.Amen
1587 3435 1719 3496 dico
1766 3436 1892 3508 tibi,
1929 3438 2130 3498 neuti-

2217 3433 2475 3514 ὑπηρέτῃ,
2553 3435 2640 3490 καὶ
2711 3435 2781 3498 εἰς
2830 3423 3079 3513 νφυλαγὴν
3150 3433 3422 3511 βληθήσῃ,
3502 3423 3672 3510 Ἀμην
3731 3433 3873 3513 λέγω

479 3540 654 3600 quam
687 3523 874 3583 exibis
906 3522 1291 3602 illinc,d0ncc
1309 3523 1523 3584 reddas
1545 3525 1817 3585 ultimum
1842 3525 2132 3606 quadran-

2217 3546 2322 3602 σοι,
2398 3525 2457 3580 οὐ
2520 3523 2599 3598 μὴ
2631 3521 2841 3599 ἐξέλθῃς
2927 3526 3155 3603 ὶκεῒθεν,
3215 3526 3314 3588 ἓως
3378 3522 3438 3580 ἄν
3497 3523 3707 3597 ἀποδῷς
3777 3526 3871 3580 τὸν

476 3619 618 3671 tem.
637 3636 656 3666 ι
683 3612 964 3673 Nonnulli
988 3621 1192 3692 putant
1221 3613 1294 3673 ad
1307 3613 1626 3674 versarium
1662 3614 1780 3676 dici
1801 3616 2127 3693 diabolum,

2217 3612 2448 3690 ἔσχατον
2530 3611 2844 3691 κοδράντην⁸
2916 3635 2944 3668 ι
3021 3613 3170 3678 Τινὲς
3257 3615 3552 3690 νομίζουσιν
3609 3611 3872 3670 ἀντίδικον

481 3699 626 3760 viam
653 3706 849 3760 autem
879 3700 1059 3761 vitam
1095 3720 1108 3762 :
1147 3701 1464 3763 Dominum
1498 3720 1635 3764 vero
1685 3703 2034 3776 admonere,
2067 3718 2132 3768 ut

2217 3701 2454 3781 λέγεσθαι
2510 3704 2599 3759 τὸν
2660 3699 3093 3784 διάϐολονιρδὸν
3134 3701 3188 3758 δὲ
3238 3705 3331 3761 τὸν
3392 3704 3529 3780 βίον·
3586 3715 3872 3784 παραινεῖν

478 3788 744 3867 quandiu
775 3788 833 3848 in
863 3788 972 3849 hac
996 3789 1113 3850 vita
1142 3806 1228 3863 es,
1256 3789 1558 3851 desciscas
1591 3809 1624 3852 a
1653 3791 2001 3869 diabolo,ne
2030 3814 2131 3875 po-

2217 3776 2405 3848 δαὶ-τὸν
2480 3794 2665 3872 Κύριον
2716 3776 2920 3856 οὕτως’*
2945 3776 3099 3856 υΕως
3131 3792 3254 3849 ὅτου
3311 3793 3366 3850 εἶ
3393 3776 3465 3849 -ἐν
3507 3797 3586 3867 τῷ
3746 3794 3873 3850 τοὺ-

475 3883 602 3937 stea
637 3876 820 3957 possit
850 3884 906 3938 te
937 3876 1010 3938 de
1043 3885 1284 3958 peccato
1316 3897 1586 3958 arguere,
1621 3881 2029 3963 quasijaliquid
2057 3883 2131 3946 de

2217 3906 2311 3961 τῳ,
2359 3880 2629 3948 διαλύθητι
2659 3884 2788 3960 πρὸς
2846 3884 2936 3939 τὸν
2993 3881 3260 3963 διάϐολον,
3311 3882 3403 3939 ’ίνα
3447 3885 3524 3959 μή
3569 3882 3676 3963 ἔχῃ
3706 3882 3869 3941 ὅστε-

477 3985 585 4027 suo
617 3965 957 4041 habentem,
995 3975 1252 4048 tuncque
1287 3986 1481 4048 paenae
1531 3969 1782 4030 tradaris
1841 3991 2026 4052 usque
2058 3973 2131 4035 ad

2217 3996 2302 4052 ρον
2334 3971 2580 4052 ἐλέγχειν
2611 3993 2670 4029 σε
2728 3973 2846 4049 περὶ
2931 3973 3213 4050 ἁμαρτίας,
3277 3974 3351 4038 ὡς
3411 3971 3610 4053 ἔχοντά
3653 3995 3704 4029 τι
3761 3973 3871 4029 τῶν

477 4055 754 4116 ultimum
820 4056 1208 4135 quadrantem
1270 4076 1374 4137 pro
1431 4062 1684 4138 peccatis
1736 4061 2125 4138 corrigendis.

482 4142 790 4214 Quadrans
836 4145 1013 4206 habet
1060 4146 1178 4206 duo
1228 4147 1477 4210 minuta.
1517 4152 1594 4210 At
1628 4157 1687 4208 tu
1722 4149 2007 4232 intellige,
2040 4153 2132 4212 28

483 4234 642 4322 quod
673 4233 850 4295 etiam
883 4235 956 4295 de
979 4235 1338 4297 adversariis
1369 4237 1467 4317 qui
1501 4237 1596 4299 hic
1614 4246 1772 4312 sunt,
1798 4239 1993 4300 dicat:
2027 4261 2134 4322 per

483 4321 594 4384 hoc
624 4323 1058 4398 admonens,ne
1069 4324 1301 4404 judicio
1334 4328 1681 4402 contendas,
1717 4334 1777 4388 et
1806 4327 1886 4389 ita
1915 4347 1945 4390 a
1979 4321 2131 4392 divi-

479 4411 573 4472 nis
621 4412 900 4493 operibus
944 4412 1239 4488 avellaris,
1280 4415 1470 4477 Etiam
1521 4416 1572 4478 si
1616 4416 1835 4496 injuria
1885 4420 2420 4496 aﬂ'ectusncsaen,

2215 4063 2434 4142 ἐκείνου,
2509 4063 2599 4118 καὶ
2652 4062 2774 4119 τότε
2824 4059 3126 4140 παραδοθῇς
3199 4068 3269 4139 τῇ
3305 4060 3546 4138 κολάσει,
3598 4060 3735 4142 ἄχρι
3781 4062 3873 4119 καὶ

2215 4159 2322 4208 τῶν
2383 4151 2630 4230 ἐσχάτων
2691 4151 3095 4231 ἁμαρτημάτων
3155 4152 3519 4229 εὖθυνόμενος,
3568 4149 3872 4232 Κοδράντης

2256 4244 2268 4259 .
2369 4241 2392 4262 λ
2529 4240 2564 4258 ιν
2809 4243 2821 4262 ,
2926 4244 2960 4264 ,ι
3051 4241 3067 4259 ς
3191 4243 3201 4262 ,
3509 4243 3522 4262 ς
3685 4245 3697 4260 .
3803 4247 3831 4256 η

2214 4265 2313 4321 γαρ
2371 4264 2478 4297 εστι
2523 4259 2612 4297 ουο
2657 4240 2848 4305 λεπτα,
2902 4249 2976 4297 Συ
3020 4239 3074 4297 δε
3145 4263 3250 4298 νοει
3298 4239 3379 4298 ὅτι
3437 4265 3526 4299 και
3584 4263 3702 4320 περι
3762 4263 3870 4297 των

2213 4335 2432 4389 ενταῦθα
2504 4330 2777 4389 ἀντιδίκων
2822 4331 2966 4411 λέγει
3023 4339 3201 4412 τοῦτο,
3261 4337 3530 4412 παραινῶν
3576 4333 3656 4409 μὴ
3713 4330 3868 4388 δικά-

2505 4423 2592 4478 καὶ
2691 4421 2794 4477 ἀπὸ
2853 4427 2957 4478 τῶν
3043 4422 3194 4478 θείων
3266 4421 3432 4501 ἔργων
3489 4425 3865 4503 περισπᾶσθαι.

477 4501 687 4592 fueris,
723 4503 934 4584 inquit,
987 4522 1062 4564 ne
1106 4503 1283 4566 abeas
1330 4504 1401 4566 ad
1451 4507 1712 4568 tribunal
1747 4525 1761 4566 :
1796 4507 1901 4569 sed
1939 4509 1999 4570 in
2043 4510 2132 4572 via

2219 4512 2324 4570 Κάν
2407 4512 2507 4591 γὰρ
2577 4510 2863 4585 ἠδικήθης,
2934 4513 3084 4592 φησὶ,
3118 4512 3196 4587 μὴ
3242 4510 3476 4588 ἀπέλθῃς
3507 4501 3578 4578 εἷς
3609 4509 3870 4581 διγαστή-

478 4591 640 4653 litem
674 4594 856 4669 solve,
893 4611 967 4655 ne
1000 4593 1075 4655 ob
1119 4595 1442 4674 potentiam
1484 4595 1830 4678 adversarii
1865 4598 2132 4678 graviora

475 4681 741 4762 patiaris.

556 4774 743 4835 Vens.
776 4773 878 4837 ‘27.
918 4793 946 4832 ι
977 4772 1246 4836 Audistis
1280 4773 1439 4855 quod
1466 4774 1693 4837 dictum
1733 4776 1828 4852 sit,
1857 4779 1947 4841 Ne
1979 4798 2128 4842 moe-

475 4862 696 4924 cheris.
732 4885 756 4920 n
785 4861 958 4924 Aliud
993 4871 1080 4924 est
1112 4865 1384 4927 mcecbia.
1414 4864 1576 4926 aliud
1604 4867 1887 4930 scortatio
1917 4887 1931 4931 :
1971 4888 2126 4932 moe-

475 4950 607 5040 chia
639 4951 797 5012 enim
835 4960 924 5013 est
953 4970 1087 5013 cum
1120 4955 1453 5035 conjugata,
1501 4956 1778 5018 scortatio
1808 4976 1957 5040 vero
1991 4979 2126 5021 cum

477 5037 697 5101 soluta.

556 5124 739 5190 Vsus.
775 5128 874 5191 28.
901 5127 1054 5208 «Ego
1078 5141 1272 5193 autem
1306 5133 1439 5196 dico
1464 5133 1651 5212 vobis,
1689 5135 1846 5216 quod
1871 5138 2127 5218 quicun-

477 5233 595 5308 que
624 5218 926 5308 aspexerit
958 5220 1271 5281 mulierem
1288 5224 1358 5285 ad
1392 5224 1939 5304 concupiscendum
1968 5247 2124 5308 eam,

469 5306 592 5385 jam
638 5307 995 5369 adulterium
1029 5310 1327 5372 commisit
1355 5332 1490 5373 cum
1522 5331 1591 5375 ea
1622 5313 1682 5375 in
1727 5316 1908 5377 corde
1942 5306 2118 5380 suo.5

473 5396 599 5458 lioc
628 5409 740 5472 est,
775 5415 872 5477 qui
903 5405 1038 5474 stat,
1067 5410 1128 5460 et
1158 5401 1392 5462 curiose
1430 5413 1712 5484 aspectat,
1751 5413 1808 5465 et
1848 5408 2124 5470 accendit

475 5485 1016 5567 concupiscentiam
1041 5505 1207 5548 suam
1231 5490 1512 5568 videndo,
1548 5501 1607 5554 et
1638 5494 1848 5555 iterum
1876 5496 2126 5572 videt,ut

2215 4620 2345 4680 ριον·
2380 4598 2499 4656 ἀλλ’
2555 4602 2611 4657 ἓν
2680 4606 2748 4678 τῇ
2819 4599 2923 4674 ὁδῷ
2981 4599 3274 4681 διαλύθητι,
3364 4603 3579 4676 μήποτε
3649 4602 3869 4682 χείρονα

2214 4691 2388 4768 πείθῃς
2418 4688 2501 4746 διὰ
2529 4691 2629 4759 τὴν
2661 4688 2964 4747 δυναστείαν
2988 4713 3082 4747 του
3112 4689 3396 4754 ἀντιδίκου.

2301 4804 2331 4837 ι
2382 4779 2674 4837 Ἢκοὺσατε
2736 4778 2822 4836 ὅτι
2880 4778 3084 4859 ἐρρέθη*
3122 4779 3193 4837 Οὔ
3225 4781 3561 4862 μοιχεύσεις.
3599 4804 3627 4837 ι
3679 4779 3871 4839 ’Άλλο

2213 4871 2454 4949 μοιχεία,
2516 4869 2603 4925 καὶ
2661 4867 2792 4925 ἄλλο
2846 4869 3084 4949 πορνεία·
3122 4870 3342 4950 μοιχεία
3373 4870 3497 4951 μὲν,
3537 4872 3571 4940 ἡ
3605 4872 3678 4935 εἷς
3706 4870 3868 4929 ὕπαν-

2213 4958 2352 5039 δρον·
2389 4959 2603 5038 πορνεία
2640 4957 2720 5039 δὲ,
2767 4960 2803 5027 ἡ
2836 4961 2906 5025 εἷς
2937 4958 3362 5036 ἀπολελυμένην,

2299 5159 2322 5192 ε
2359 5136 2503 5218 Ἐγώ
2534 5136 2588 5194 δὲ
2634 5137 2777 5217 λέγω
2817 5139 2969 5215 ὑμῖν,
3017 5139 3098 5194 ὃτι
3132 5145 3234 5204 πᾶς
3277 5141 3306 5197 6
3367 5137 3579 5216 βλέπων
3637 5150 3867 5219 γυναῖκα

2211 5230 2340 5306 πρὸς
2408 5231 2470 5284 τὸ
2521 5226 2840 5304 ἐπιθυμῆσαι
2899 5230 3090 5309 αὐτῆς,
3123 5228 3228 5298 ἢδη
3264 5229 3575 5311 ἐποίχευσεν
3618 5231 3782 5299 αὐτὴν
3811 5233 3868 5287 ὲν

2209 5323 2278 5384 τῆ
2351 5317 2532 5397 καρδίᾳ
2603 5319 2782 5380 αὑτοῦ.
2875 5341 2901 5374 ι
2963 5319 3236 5400 Τουτέστι,
3308 5321 3336 5376 6
3423 5320 3707 5398 ἱστάμενος
3777 5323 3868 5377 καὶ

2209 5408 2706 5487 περιεργαζόμενος,
2777 5409 2866 5464 καὶ
2933 5407 3181 5466 ἀνάπτων
3254 5410 3353 5477 τὴν
3424 5410 3701 5488 ἐπιθυμίαν
3759 5411 3867 5467 ἀπὸ

2208 5499 2302 5555 τοῦ
2358 5497 2596 5574 βλέπειν,
2654 5499 2740 5554 καὶ
2796 5497 2957 5555 πάλιν
3016 5497 3230 5576 βλέπων
3260 5501 3391 5581 πρὸς
3445 5502 3507 5558 τὸ
3536 5500 3725 5558 πλεῖον
3748 5499 3867 5556 ἐπι-

476 5575 661 5655 magis
685 5593 814 5638 eam
842 5578 1348 5660 concupiscat,bic
1376 5581 1461 5660 (α)
1488 5581 1705 5644 malum
1736 5585 1989 5664 perfecit
1997 5588 2120 5666 jam

2217 5591 2461 5665 ὶυμῆσαι,
2535 5591 2564 5645 6
2609 5595 2846 5654 τοιοῦτος
2922 5589 2984 5646 τὸ
3014 5592 3180 5647 κακὸν
3230 5575 3522 5671 ἀπηρτισεν
3551 5590 3653 5661 ἢδη
3685 5592 3739 5647 ἐν
3797 5597 3867 5667 τῇ

559 5736 644 5819 (ιι)
676 5734 833 5807 Edit.
870 5739 998 5801 Lut.
1027 5738 1194 5804 Talis
1219 5744 1451 5807 animo.
1491 5742 1605 5807 Sed
1639 5747 1737 5809 hic
1767 5748 1951 5811 textui
1982 5751 2170 5829 magis
2203 5758 2514 5816 consonat.
