4204 6412
327 326 432 393 ὶ97

1015 335 1115 401 EN
1116 331 1453 400 ARRATIO
1492 335 1574 400 IN
1618 335 1972 401 EVANGEI

2062 334 2130 397 ῖΜ
2177 335 2574 400 ΜΑΤΤΗιΕΙ.
2622 369 2701 384 -·
2745 339 2911 405 CAP.
2961 341 3032 404 V.

3603 339 3718 403 198

559 464 746 529 αὖτοῦ,
783 467 841 524 Εἰ
888 464 944 522 δὲ
989 467 1050 523 τὸ
1081 466 1231 548 ἔργον
1273 469 1367 524 οὒκ
1416 469 1665 550 ἐπέθηκε,
1696 470 1746 526 τί
1788 479 1972 530 τοῦτοέ

2072 466 2131 527 in
2164 468 2367 540 corde.
2404 467 2570 543 Quod
2614 473 2660 532 si
2710 491 2862 554 opus
2913 492 3030 536 non
3088 473 3340 555 addidit,
3400 472 3542 554 quid
3574 473 3735 537 hoc?

337 557 444 612 Οὔκ
470 554 715 634 ἴσχυσαν·
785 555 901 613 ἐπεὶ
946 556 1037 612 ἐὰν
1099 558 1323 638 ἰσχύσῃ,
1382 561 1675 638 παραυτίκα
1720 561 1779 615 τὸ
1828 562 1991 617 κακὸν

333 643 556 705 τελέσει.
624 644 773 715 Πλήν
832 646 1060 723 γίνωσκε
1113 649 1194 703 ὃτι
1255 645 1353 705 κᾶν
1396 649 1833 728 ἐπιθυμήσωμεν,
1868 649 1991 704 εἶτα

327 732 648 809 κωλυθῶμεν
706 733 898 813 πρᾶξαι
929 737 990 792 τὸ
1035 733 1210 817 ἔργον,
1265 736 1532 815 πρόδηλον
1591 738 1670 794 ὅτι
1721 740 1822 794 ὑπὸ
1891 747 1989 810 τῆς

321 824 554 900 χάριτος
627 821 1058 898 ἐσκεπάσθημεν.
1141 828 1241 884 Καὶ
1302 829 1350 884 αἰ
1439 841 1690 906 γυναῖκες
1748 826 1828 902 δὲ,
1902 827 1991 884 ἐὰν

318 910 765 984 καλλωπίζωνται
823 911 908 968 δια
979 916 1040 970 τὸ
1071 915 1255 994 ἀρέσαι
1318 919 1445 992 τισὶ,
1535 916 1634 973 κᾶν
1665 919 1743 992 μή
1781 918 1989 996 ἆρὲσω-

323 1022 435 1074 σιν,
499 999 646 1075 ὅμως
703 1001 904 1058 ἐκεῖναι
977 1004 1038 1059 τὸ
1085 1003 1363 1083 φάρμακον
1423 1005 1700 1085 ἐκέρασαν,
1752 1004 1846 1062 κάν
1874 1030 1987 1083 μηοι

325 1089 434 1152 δεὶς
469 1091 619 1166 πίνῃ,

425 1205 448 1233 ι
498 1177 623 1237 Ἐάν
677 1178 731 1236 δὲ
781 1183 809 1237 6
855 1181 1124 1262 ὀφθαλμός
1169 1206 1263 1241 σου
1294 1187 1321 1241 6
1352 1183 1516 1251 δεξιὸς
1550 1186 1868 1263 σκανδαλίζῃ
1901 1209 1982 1258 σε,

333 1267 477 1333 ἔξελε
533 1272 705 1345 αὑτὸν,
769 1272 857 1328 καὶ
927 1271 1056 1348 βάλε
1101 1274 1205 1330 άπὸ
1238 1277 1354 1338 σοῦ,
1417 1276 1680 1356 Συμνρέρει
1720 1279 1819 1357 γὰρ
1876 1300 1983 1351 σοι,

329 1359 425 1414 ἵνα
470 1358 734 1427 ἀπόληται
781 1360 838 1417 ἓν
899 1368 1001 1418 τῶν
1060 1361 1236 1439 μελῶν
1295 1387 1410 1440 σου,
1468 1369 1555 1424 καὶ
1609 1368 1686 1443 μὴ
1757 1365 1882 1424 ὅλον
1925 1370 1986 1424 τὸ

325 1451 487 1523 σῶμά
547 1471 638 1506 σου
726 1448 903 1529 βληθῇ
964 1453 1038 1516 εἷς
1097 1455 1340 1532 γέενναν,
1407 1457 1505 1513 Καὶ
1557 1460 1599 1512 εἱ
1647 1459 1681 1526 ἡ
1717 1455 1861 1524 δεξιά
1893 1480 1987 1515 σου

323 1539 451 1617 χεὶρ
511 1537 826 1611 σκανδαλίζη
857 1562 939 1614 σε,
1003 1541 1232 1614 ἔκκοψον
1283 1545 1472 1619 αὐτὴν,
1521 1546 1610 1602 καὶ
1678 1545 1808 1623 βάλε
1883 1547 1988 1604 ἀπὸ

320 1627 443 1690 σοῦ,
518 1629 776 1708 Συμνρέρει
847 1632 946 1710 γὰρ
1016 1653 1124 1712 σοι,
1185 1633 1280 1691 ’ἵνα
1342 1633 1610 1702 ἀπόληται
1656 1635 1710 1692 ἕν
1745 1643 1849 1694 τῶν
1884 1658 1986 1713 με·

2074 575 2192 618 ηοη
2225 560 2417 638 potuit
2457 582 2469 616 :
2505 561 2646 640 quia
2669 562 2716 622 si
2749 563 3061 643 potuisset,
3098 563 3295 627 statim
3332 563 3552 625 malum
3590 581 3730 642 per-

2074 653 2385 735 petrasset.
2416 647 2633 710 Verum
2664 669 2987 730 cognosce,
3018 654 3172 735 quod
3199 661 3255 715 et
3275 653 3322 713 si
3354 652 3732 731 concupisca-

2075 750 2230 808 mus,
2293 734 2512 797 deinde
2571 739 3000 818 prohibeamur
3045 734 3242 804 facere
3291 760 3462 821 opus,
3496 743 3729 820 signum

2076 830 2164 884 est
2193 824 2350 903 quod
2385 826 2696 889 manifeste
2725 846 2757 888 a
2798 831 2981 906 gratia
3015 831 3266 912 protecti
3297 829 3608 892 fuerimus.
3641 832 3730 892 lta

2075 922 2133 972 et
2165 912 2448 975 mulieres
2479 915 2618 976 dum
2651 935 2718 978 se
2741 928 2975 981 ornant.
3015 927 3076 979 ut
3107 917 3404 1000 aliquibus
3436 917 3728 999 placeant,

2075 1001 2307 1062 etiamsi
2339 1022 2458 1064 non
2516 1004 2813 1085 placeant,
2849 1016 3106 1069 attamen
3168 1011 3548 1089 pharmacum
3583 1007 3731 1069 mis-

2072 1101 2346 1166 cuerunt,
2376 1092 2610 1154 etiamsi
2646 1094 2844 1156 nullus
2874 1095 3060 1158 bibat.

2150 1181 2338 1243 VERS.
2370 1180 2466 1250 29,
2506 1181 2603 1244 30.
2648 1205 2671 1240 α
2709 1182 2777 1244 Et
2810 1183 2859 1245 si
2886 1185 3092 1247 oculus
3135 1195 3272 1248 tuus
3303 1185 3508 1246 dexter
3536 1185 3728 1246 offen-

2070 1267 2264 1329 diculo
2300 1268 2403 1332 tibi
2441 1270 2646 1353 fuerit,
2687 1291 2832 1334 erue
2863 1273 3032 1334 illum
3068 1283 3127 1336 et
3173 1273 3372 1353 abjice
3402 1281 3534 1335 ate.
3569 1271 3725 1336 Utile

2069 1358 2228 1419 enim
2266 1358 2371 1421 tibi
2417 1369 2507 1421 est
2540 1368 2601 1420 ut
2632 1369 2838 1442 pereat
2870 1382 3051 1423 unum
3080 1382 3151 1425 ex
3181 1361 3468 1424 membris
3499 1362 3638 1435 tuis,
3671 1370 3729 1423 et

2071 1465 2190 1507 non
2253 1458 2440 1509 letum
2492 1467 2710 1530 corpus
2771 1451 3039 1512 mittatur
3083 1453 3140 1513 in
3186 1452 3548 1531 gehennam.
3582 1450 3730 1513 Etsi

2071 1535 2316 1598 dextera
2350 1557 2559 1599 manus
2593 1547 2688 1600 tua
2731 1539 3032 1602 obstiterit
3080 1541 3206 1616 tibi,
3237 1549 3480 1621 amputa
3507 1558 3638 1602 eam
3670 1553 3730 1605 et

2075 1626 2301 1705 projice
2332 1626 2439 1688 abs
2472 1635 2530 1690 te
2564 1647 2577 1691 :
2612 1629 2854 1710 expedit
2881 1631 3042 1691 enim
3076 1630 3182 1692 tibi
3212 1639 3278 1693 ut
3317 1639 3524 1712 pereat
3545 1649 3728 1692 unum

321 1717 435 1773 λῶν
489 1739 604 1786 σου,
665 1721 751 1775 καὶ
822 1723 899 1796 μὴ
956 1723 1079 1778 ὅλοι
1109 1725 1170 1779 τὸ
1201 1723 1357 1800 σῶμά
1391 1747 1482 1781 σου
1513 1724 1688 1803 βληθῇ
1731 1728 1805 1790 εἷς
1848 1728 1972 1804 γέεν.

2079 1714 2482 1777 membrorum
2520 1727 2778 1795 tuorum,
2817 1730 2876 1783 et
2925 1739 3042 1781 non
3102 1729 3284 1782 totum
3316 1738 3534 1800 corpus
3565 1729 3728 1782 tuum

319 1830 442 1867 ναν.
504 1830 529 1865 ι
608 1807 909 1888 Ὀφθαλμὸν
980 1813 1068 1868 καὶ
1127 1827 1296 1893 χεῖρα
1353 1813 1580 1885 ἀκούων,
1653 1817 1729 1891 μὴ
1801 1819 1985 1893 νόμιζε

316 1899 576 1977 περὶτῶν
638 1897 816 1973 μελῶν
872 1904 1028 1958 10610
1085 1903 1353 1980 λέγεσθαι·
1419 1908 1480 1963 οὗ
1537 1905 1635 1984 γὰρ
1680 1905 1741 1963 ἅν
1813 1929 1984 1986 προσ-

319 1988 478 2076 έθηκε
525 1989 612 2063 τὸ,
688 1989 715 2045 6
770 1987 937 2056 δεξιὸς
1007 1993 1097 2049 καὶ
1181 1994 1216 2061 ἡ
1290 1990 1452 2060 δεξιά·
1513 1993 1652 2050 ἀλλὰ
1705 1997 1822 2076 περὶ
1879 2004 1984 2052 τῶν

316 2075 618 2134 δοκούντων
703 2077 867 2157 φίλων
919 2082 1008 2136 καὶ
1076 2081 1424 2158 βλαπτόντων
1464 2085 1632 2158 ἡμᾶς·
1670 2075 1810 2142 οἷον·
1871 2085 1981 2143 ἔστι

314 2187 400 2231 τις
467 2166 607 2242 νέος,
660 2167 806 2248 ἔχων
869 2169 1048 2249 φίλους
1105 2170 1455 2247 ἀκολάστους,
1519 2175 1606 2230 καὶ
1661 2171 1974 2250 βλάπτεται·

319 2258 544 2322 Τούτοις
605 2259 696 2315 οὖν
780 2257 1072 2334 ἀπότεμνε,
1133 2261 1283 2339 φησί·
1345 2263 1490 2342 τάχα
1521 2263 1619 2338 μὲν
1665 2264 1764 2343 γὰρ
1797 2265 1981 2321 κάκεί-

325 2367 441 2409 νους
492 2347 704 2428 σώσεις,
766 2349 840 2412 είς
886 2348 1138 2416 αἴσθησιν
1193 2349 1462 2415 ἐλθόντας·
1532 2353 1574 2408 εἰ
1619 2351 1672 2407 δὲ
1724 2354 1827 2433 μὴ,
1886 2354 1986 2411 κΞξν

326 2437 559 2499 σιαυτὶν,
607 2440 664 2496 Ei
725 2435 779 2493 δὲ
855 2461 1091 2518 στεργεις
1159 2440 1256 2508 τὴν
1313 2442 1442 2520 πρὸς
1493 2441 1723 2506 ἐκείνους
1774 2443 1972 2522 φιλίαν,

320 2524 601 2606 ἀμφότεροι
663 2527 956 2586 ἀπολεῖσθε
975 2573 991 2589 .

398 2637 426 2672 σ
459 2614 676 2694 Ἐῤῥέθη
730 2616 811 2692 δὲ,
872 2617 954 2674 ὅτι
1030 2608 1138 2682 υΟς
1195 2618 1257 2674 ἄν
1308 2617 1549 2695 ἂπολὺσῃ
1600 2621 1699 2688 τὴν
1749 2635 1976 2699 γυναῖκα

312 2704 493 2780 αὐτοῦ,
559 2703 695 2763 δότω
745 2710 880 2781 αὒτῇ
954 2707 1303 2770 ἀποστάσιον,
1356 2731 1380 2765 ι
1433 2709 1644 2778 Μοϋσῆς
1681 2709 1970 2779 ἐκέλευσεν,

314 2793 406 2849 ἐάν
464 2815 544 2858 τις
598 2801 730 2872 μισῇ
785 2798 887 2863 τὴν
945 2810 1174 2874 γυναῖκα
1223 2799 1400 2869 αὖτοῦ,
1434 2798 1752 2877 χωρίζεσθαι
1785 2805 1969 2874 αὐτῆς,

316 2881 416 2937 ’ἕνα
471 2885 550 2955 μὴ
622 2883 804 2964 χεῖρόν
849 2907 900 2941 τι
958 2885 1200 2964 γένηται·
1249 2885 1547 2961 πισουμένη
1594 2889 1714 2966 γὰρ,
1750 2887 1883 2952 ἴσως
1914 2889 1975 2945 ἄν

325 2973 419 3026 καὶ
476 2971 741 3051 ἐνρονεὺθγ
794 2973 988 3031 διδόναι
1068 2972 1122 3030 δὲ
1173 2982 1242 3051 τῇ
1317 2973 1725 3054 διαζευγνυμὲνῃ
1797 3001 1975 3058 γραμ-

2075 1804 2425 1883 conjiciatur
2455 1806 2514 1867 in
2544 1807 2945 1884 gehennama
2979 1809 3231 1872 Oculum
3264 1817 3324 1870 et
3344 1825 3582 1870 manum
3615 1828 3727 1872 au-

2071 1892 2266 1968 diens,
2295 1914 2369 1957 ne
2391 1897 2694 1958 existimes
2724 1897 2798 1959 de
2826 1898 3112 1959 membris
3136 1899 3228 1960 his
3259 1897 3402 1973 dici,
3425 1917 3542 1960 non
3565 1899 3726 1961 enim

2068 1983 2689 2065 apposuisset,dexter
2709 1994 2765 2046 et
2790 1986 3058 2048 dextera:
3083 1987 3187 2050 sed
3202 1987 3276 2048 de
3291 1985 3381 2048 his
3403 1987 3505 2069 qui
3522 1986 3726 2050 viden-

2072 2078 2167 2132 tur
2199 2091 2334 2133 esse
2359 2073 2630 2146 amici,et
2664 2085 2880 2136 nocent
2911 2073 3484 2156 nobis.Ut,exempli
3514 2077 3721 2154 gratia,

2069 2161 2427 2224 adolescens
2449 2164 2664 2244 est,cui
2683 2175 2819 2225 sunt
2835 2165 3014 2226 amici
3035 2165 3572 2245 intemperantes,a
3587 2166 3722 2247 qui-

2070 2248 2181 2312 bus
2202 2251 2483 2312 damnum
2516 2257 2746 2332 accepit
2780 2275 2792 2316 :
2829 2252 2950 2316 Hos
3010 2254 3188 2334 igitur
3217 2262 3480 2334 amputa,
3513 2255 3723 2336 inquit.

2067 2339 2365 2402 Fortassis
2397 2341 2556 2402 enim
2582 2350 2640 2402 et
2670 2341 2801 2404 illos
2822 2343 3105 2418 servabis,
3135 2342 3236 2405 ubi
3270 2343 3382 2404 hoc
3414 2361 3726 2422 persense-

2066 2428 2186 2489 rint
2222 2448 2234 2492 :
2266 2429 2424 2510 quod
2456 2430 2506 2491 si
2538 2432 2754 2507 minus,
2792 2441 2952 2494 certe
2983 2434 3073 2495 vel
3116 2432 3397 2512 teipsum.
3434 2430 3501 2495 Si
3527 2441 3720 2495 autem

2061 2535 2225 2580 amas
2249 2519 2494 2580 illorum
2528 2519 2870 2603 amicitiam,
2897 2523 3132 2603 utrique
3165 2521 3457 2603 peribitis.

2141 2607 2330 2672 Vens.
2361 2610 2460 2672 3t.
2497 2630 2524 2668 ‹
2552 2609 2782 2672 Dictum
2817 2620 2907 2674 est
2935 2620 3157 2686 autem,
3185 2611 3342 2692 quod
3373 2610 3723 2694 Quicunque

2060 2697 2358 2759 dimiserit
2417 2717 2658 2760 uxorem
2719 2719 2917 2775 suam,
2974 2701 3075 2762 det
3112 2700 3166 2762 ei
3224 2701 3655 2781 repudiarium.
3693 2727 3715 2761 ι

2058 2789 2256 2850 Moses
2273 2787 2474 2867 jussit,
2499 2788 2546 2848 si
2579 2788 2713 2869 quis
2744 2790 2938 2851 oderit
2968 2809 3212 2851 uxorem
3244 2808 3436 2865 suam,
3471 2808 3718 2870 separe-

2062 2885 2156 2938 tur
2184 2876 2257 2937 ab
2281 2896 2374 2958 ea,
2397 2886 2462 2938 ut
2484 2896 2555 2938 ne
2588 2878 2731 2959 quid
2773 2879 3016 2959 gravius
3046 2880 3371 2958 contingat.
3403 2878 3550 2941 Nam
3582 2899 3716 2940 cum

2063 2967 2200 3028 odio
2234 2967 2508 3041 habetur,
2545 2967 2813 3029 fortassis
2851 2969 3044 3031 occidi
3079 2978 3302 3050 posset.
3327 2969 3480 3031 Da’re
3520 2978 3713 3032 autem

327 3074 557 3136 ματεῖον
625 3061 956 3144 ἂπολυτικὸν,
1005 3063 1031 3119 8
1103 3065 1354 3122 ἐκαλεῖτο
1402 3065 1751 3123 ἀποστάσιον·
1798 3055 1872 3131 ὧς
1917 3069 1972 3124 ἄν

2062 3055 2231 3135 jubet
2253 3056 2517 3136 dimissae
2547 3056 2813 3118 libellum
2848 3058 3304 3134 absolutorium,
3340 3079 3520 3139 quem
3549 3071 3717 3122 vocat

320 3151 522 3226 μηκέτι
577 3150 662 3208 ἐπ’
714 3153 865 3210 αὒτὸν
928 3153 1227 3227 ἐπανέλθοι,
1300 3154 1388 3211 καὶ
1445 3154 1504 3210 ἐκ
1531 3155 1716 3213 τούτου
1747 3155 1967 3235 γένηται

311 3242 595 3321 σύγχυσις,
631 3241 782 3321 ἑτέρᾳ
809 3250 1171 3310 συνοικοῦντος
1214 3251 1308 3301 τοῦ
1337 3242 1545 3324 ἀνδρός,

395 3353 425 3386 α
473 3330 620 3409 Ἐγὼ
665 3329 720 3387 δὲ
771 3331 916 3412 λέγω
970 3335 1121 3409 ὑμῖν,
1190 3333 1270 3390 ότι
1342 3340 1446 3398 πᾶς
1502 3337 1529 3390 6
1593 3334 1837 3392 ἀπολὺων
1868 3338 1969 3405 τὴν

306 3435 540 3499 γυναῖκα
613 3420 789 3496 ὠτοῦ,
869 3424 1132 3502 παρεκτὸς
1210 3421 1369 3501 λόγου
1447 3423 1717 3503 πορνείας,
1818 3439 1970 3484 ποιεῖ

304 3512 474 3579 αὐτὴν
545 3509 865 3590 ποιχᾶσθαι·
928 3514 1016 3569 καὶ
1085 3512 1143 3577 ὅς
1177 3512 1237 3569 ἄν
1267 3511 1673 3589 ἀπολελυμένην
1714 3518 1965 3594 γαμήσῃ,

303 3606 592 3681 μοιχᾶται,
627 3619 658 3660 ι
721 3605 795 3659 Οὔ
854 3599 965 3657 lim.
1022 3599 1075 3657 δὲ
1126 3603 1194 3658 τὰ
1225 3603 1509 3676 Μωσαϊκὰ,
1558 3601 1694 3658 ἄλλα
1727 3601 1967 3684 διορθοῦ-

303 3710 411 3764 ται,
464 3687 704 3772 Ειφοεῶν
749 3692 842 3747 τὸν
887 3689 1068 3770 ἄνδρα,
1128 3690 1220 3748 ἵνα
1277 3692 1354 3766 μὴ
1397 3691 1610 3771 ἀλόγως
1668 3701 1802 3771 μισῇ
1866 3696 1966 3764 τὴν

309 3791 560 3857 γυναῖκα,
614 3779 738 3837 Ἐὰν
821 3781 920 3860 γὰρ
976 3779 1222 3856 ἆπολὺσῃ
1253 3783 1418 3850 αὐτὴν
1490 3780 1752 3864 εὐλόγως,
1802 3807 1963 3843 τωτ-

308 3870 441 3945 ἐστι,
499 3870 888 3951 πορνεὺσασαν,
951 3869 1302 3952 ἂκατάκριτός
1363 3871 1528 3929 ἐστιν·
1600 3873 1643 3928 εἰ
1697 3871 1750 3929 δὲ
1795 3878 1963 3955 χωρὶς

304 3958 576 4037 πορνείας,
635 3958 977 4037 κατάκριτος·
1078 3959 1361 4037 ἀναγκάζει
1432 3961 1534 4038 γὰρ
1594 3960 1758 4029 αὐτὴν
1832 3986 1964 4038 μοι..

302 4051 447 4128 χᾶσθ
460 4071 527 4110 αι.
587 4045 755 4104 Ἀλλὰ
787 4048 876 4104 καὶ
933 4049 961 4104 6
989 4046 1282 4127 δεχόμενος
1311 4049 1534 4124 ταυτην,
1563 4051 1761 4130 μοιχός
1792 4051 1959 4113 ἐστιν.

303 4138 362 4194 Ei
421 4137 524 4216 γὰρ
601 4136 678 4212 μὴ
744 4134 976 4213 ἐδέξατο,
1035 4137 1431 4218 ἆπανὲστρεψεν
1491 4136 1554 4194 ἄν
1619 4138 1818 4217 ἐκείνη,
1875 4150 1964 4206 καὶ

302 4227 544 4294 ὑπετάγη
614 4232 690 4300 τῷ
747 4223 908 4304 ἀνδρί.
969 4227 1068 4284 Τὸν
1125 4227 1225 4306 γὰρ
1297 4229 1611 4307 Χριστιανὸν
1640 4227 1724 4286 δεῖ
1749 4231 1961 4310 εἰρηνο-

301 4317 458 4372 ποιὸν
517 4319 658 4372 εἶναι
723 4317 812 4373 καὶ
883 4318 1014 4395 πρὸς
1045 4317 1166 4380 τούς
1196 4314 1410 4392 ἄλλους,
1447 4317 1537 4374 καὶ
1584 4316 1769 4394 πολλῷ
1799 4319 1960 4379 πλέον

300 4407 434 4484 πρὸς
479 4408 582 4472 τὴν
621 4403 751 4462 ίδίαν
783 4418 1035 4484 γυναῖκα.

384 4517 414 4551 σ
450 4494 618 4552 Πάλιν
688 4495 970 4571 ἧκοὺσατε,
1033 4494 1112 4551 ὅτι
1171 4494 1350 4574 ἐρῤἑθη
1382 4508 1497 4563 τοῖς
1541 4497 1809 4578 ἀρχαίοις·
1855 4501 1964 4559 Οὖκ

299 4584 668 4664 ἐπιορκὴσεις,
719 4582 1014 4669 ἀποδῲσεις
1085 4583 1141 4641 δὲ
1200 4592 1278 4660 τῷ
1351 4588 1522 4665 Κυρίῳ
1587 4588 1710 4653 τούς
1773 4588 1961 4669 ὅρκους

298 4695 416 4736 σου.
458 4697 488 4730 ι
521 4663 824 4754 Τουτέστιν,
871 4663 1050 4731 μΟταν
1080 4675 1302 4756 όμνὺῃς,
1337 4663 1582 4746 ἀλήθευε,

388 4877 412 4911 ε
442 4853 590 4933 ἐγὼ
636 4851 690 4910 δί
763 4852 906 4933 λέγω
961 4853 1113 4935 ὑμῖν,
1149 4854 1226 4929 μὴ
1285 4855 1479 4931 ὀμόσαι
1523 4853 1686 4937 ὅλως,
1721 4857 1860 4934 μητι
1902 4861 1958 4916 ἐν

295 4949 376 5022 τῲ
437 4946 664 5024 οὒρανῷ,
721 4943 803 5000 ὃτι
866 4943 1048 5022 θρόνος
1108 4943 1218 5000 ἐστὶ
1273 4952 1368 5002 τοῦ
1411 4951 1566 5002 Θεοῦ⁶
1599 4947 1739 5020 μήτε
1781 4947 1834 5004 ἐν
1888 4955 1958 5026 τῇ

295 5043 391 5117 γῇ,
445 5036 527 5091 ὃτι
583 5030 868 5090 ὑποπόδιόν
912 5031 1023 5090 ἐστὶ
1068 5038 1176 5089 τῶν
1235 5031 1414 5091 ποδῶν
1464 5034 1648 5097 αὖτοῧ.
1693 5037 1832 5112 μὴτε
1884 5040 1957 5104 εἷς

299 5119 662 5206 Ἰεροσόλυμα,
725 5123 804 5179 ὃτι
849 5123 1006 5188 πόλις
1064 5122 1174 5180 ἐστὶ
1201 5131 1296 5180 106
1334 5123 1572 5202 μεγάλου
1600 5125 1888 5202 βασιλέως,
1927 5151 1976 5197 ι,

299 5214 521 5285 Ἐπειδή
564 5217 610 5271 οἱ
669 5211 920 5274 Ἰουδαῖοι
963 5213 1058 5271 106
1121 5214 1254 5272 Θεοῦ
1290 5212 1541 5292 λέγοντος
1578 5214 1796 5292 ἢκουον,
1835 5240 1862 5272 ι
1919 5227 1958 5276 ο

297 5305 513 5383 ὠρανός
573 5326 666 5380 μοι
736 5303 940 5383 θρόνος,
983 5382 994 5385 Α
1016 5304 1051 5371 ἡ
1108 5301 1160 5359 δὲ
1192 5303 1264 5382 γῆ
1306 5301 1621 5385 ὑποπόδιον,
1666 5329 1695 5361 ι
1749 5304 1960 5382 ὤμνυον

295 5382 427 5455 κατὰ
483 5400 590 5453 τῶν
633 5394 914 5456 τοιούτων,
981 5382 1038 5449 ’0
1097 5415 1270 5450 τοινυν
1322 5395 1510 5474 Κύριος
1581 5393 1801 5452 κωλύων
1857 5399 1956 5456 αὖ-

294 5488 409 5551 τοὸς
465 5486 526 5544 οὖ
577 5483 750 5564 λέγει,
814 5481 897 5538 ὅτι
953 5478 1168 5551 Ἐπειδὴ
1201 5481 1366 5549 καλὸς
1396 5485 1485 5541 καὶ
1517 5483 1685 5563 μέγας
1737 5486 1878 5544 ἐστὶν
1927 5489 1956 5545 δ

296 5579 520 5659 οὖρανὸς,
571 5577 657 5633 χοὶ
734 5571 994 5654 χρησίμη
1017 5572 1053 5640 ἡ
1083 5576 1179 5649 16,
1225 5570 1312 5630 διὰ
1341 5580 1494 5631 τοῦτο
1564 5574 1640 5650 μὴ
1712 5576 1953 5651 όμνὺιτὲο

298 5667 502 5728 laxae.
558 5670 587 5724 6
667 5665 774 5744 μὶν
803 5661 993 5742 θρόνος
1031 5659 1135 5717 ἐστὶ
1191 5670 1285 5719 106
1329 5669 1486 5738 Θεοῦ,
1517 5665 1553 5732 ἡ
1606 5661 1685 5740 δὲ,
1748 5665 1959 5725 ὓποπό-

2050 3145 2488 3228 repudiarium,
2526 3146 2608 3207 ita
2632 3153 2696 3208 ut
2715 3147 2838 3226 jam
2876 3167 2993 3209 non
3023 3149 3095 3209 ad
3127 3151 3323 3229 ipsum
3355 3149 3621 3225 accedat,
3657 3160 3717 3213 et

2055 3257 2123 3300 ex
2161 3237 2273 3298 hoc
2308 3236 2410 3296 fiat
2440 3235 2734 3310 confusio,
2767 3236 2890 3298 viro
2923 3238 3093 3298 alteri
3123 3237 3520 3302 cohabitante.

2132 3324 2425 3388 Vens.32.
2449 3325 2608 3404 «Ego
2638 3333 2834 3387 autem
2869 3325 3007 3389 dico
3032 3327 3219 3407 vobis,
3254 3328 3411 3407 quod
3443 3329 3714 3410 quisquis

2051 3413 2602 3476 dimiserituxorem
2627 3415 3073 3498 suam,excepta
3087 3416 3709 3495 fornicationiscausa,

2051 3503 2186 3565 facit
2246 3522 2374 3565 eam
2432 3504 2765 3567 moechari:
2831 3514 2889 3567 et
2933 3506 3032 3586 qui
3085 3505 3389 3567 dimissam
3451 3507 3707 3585 duxerit,

2050 3593 2444 3656 maechatur.»
2474 3592 2602 3654 Non
2624 3594 2801 3656 solvit
2821 3596 3212 3676 Mosaica,sed
3231 3596 3709 3676 corrigit,exter-

2049 3699 2193 3747 rens
2218 3683 2437 3759 virum,
2471 3691 2537 3745 ut
2565 3701 2641 3746 ne
2671 3683 2898 3766 absque
2929 3704 3108 3747 causa
3139 3684 3275 3747 odio
3311 3685 3525 3749 habeat
3554 3705 3708 3752 uxo-

2050 3790 2197 3837 rem.
2232 3771 2378 3835 Nam
2411 3773 2460 3836 si
2483 3774 2649 3854 justa
2678 3774 2755 3836 de
2785 3793 2964 3837 causa
2987 3775 3284 3837 dimiserit
3308 3793 3466 3858 eam,
3491 3795 3709 3861 nempe

2047 3861 2468 3938 fornicantem,
2525 3863 2676 3926 nulli
2736 3864 3218 3926 condemnationi
3272 3873 3361 3927 est
3391 3865 3704 3936 obnoxius.

2047 3951 2217 4025 Quod
2236 3953 2526 4034 siabsque
2547 3953 2959 4016 fornicationis
2979 3972 3178 4032 causa,
3214 3955 3706 4022 condemnandus

2047 4049 2161 4117 est,
2197 4042 2354 4121 cogit
2381 4043 2542 4104 enim
2573 4061 2705 4105 eam
2740 4043 3067 4106 moechari:
3102 4047 3210 4107 sed
3252 4052 3309 4106 et
3345 4043 3446 4125 qui
3484 4047 3707 4130 accipit

2051 4132 2486 4205 eam,m(echus
2520 4132 2768 4197 est.Nisi
2799 4134 2960 4194 enim
2992 4134 3095 4195 ille
3121 4133 3703 4215 accepisset,rediis-

2047 4229 2136 4282 set
2183 4223 2388 4303 utique
2417 4222 2539 4303 illa,
2578 4230 2636 4284 et
2685 4222 2925 4286 subdita
2977 4223 3188 4287 fuisset
3218 4224 3369 4285 viro.
3403 4226 3498 4286 29
3528 4225 3704 4289 Chri-

2045 4310 2301 4374 stianum
2331 4319 2528 4375 autem
2559 4320 2791 4394 oportet
2820 4331 2950 4376 esse
2997 4312 3336 4395 paciﬁcum,
3398 4314 3574 4377 etiam
3627 4319 3702 4380 ad

1982 4399 2219 4476 Dalios,
2252 4408 2313 4464 et
2349 4400 2536 4462 multo
2581 4401 2769 4482 magis
2826 4421 2960 4464 cum
2993 4421 3177 4465 uxore
3204 4421 3312 4465 sua
3353 4423 3557 4486 pacem
3590 4407 3701 4470 ha-

2046 4487 2219 4554 bere.

2133 4580 2315 4647 Vens.
2365 4581 2469 4647 33.
2509 4605 2533 4640 ι
2585 4581 2811 4646 Iterum
2855 4583 3108 4648 audistis
3163 4585 3321 4667 quod
3371 4585 3593 4649 dictum
3625 4587 3702 4647 sit

2046 4671 2420 4754 priscis,Non
2454 4673 2892 4754 pejerabis,sed
2925 4674 3227 4756 persolves
3257 4675 3513 4738 Domino
3536 4680 3702 4752 jura-

2045 4775 2245 4826 menta
2269 4772 2429 4828 tua.»
2464 4762 2588 4826 Hoc
2612 4773 2726 4842 est,
2762 4765 3000 4845 quando
3028 4766 3222 4845 juras,
3260 4783 3396 4829 vera
3427 4765 3695 4846 loquere.

2123 4852 2308 4919 Vens.
2342 4855 2442 4930 34,
2465 4852 2733 4933 35.:Ego
2757 4861 2955 4916 autem
2976 4853 3109 4917 dico
3129 4855 3318 4932 vobis,
3351 4873 3472 4918 non
3496 4856 3700 4934 jurare

2041 4943 2311 5021 omnino,
2344 4962 2539 5026 neque
2571 4960 2679 5023 per
2734 4944 2978 5020 coelum,
3032 4944 3171 5027 quia
3217 4946 3391 5009 sedes
3422 4947 3529 5010 Dei
3554 4952 3642 5008 est
3682 4964 3696 5010 :

2041 5050 2239 5115 neque
2267 5053 2376 5116 per
2418 5043 2662 5108 terram,
2716 5035 2854 5116 quia
2917 5034 3244 5097 scabellum
3297 5035 3518 5118 pedum
3568 5035 3701 5116 ejus

2041 5132 2132 5184 est
2156 5143 2171 5185 :
2193 5142 2389 5206 neque
2413 5143 2519 5206 per
2540 5123 2972 5205 Hierosolyma,
2998 5125 3136 5208 quia
3189 5124 3395 5188 civitas
3423 5133 3513 5188 est
3541 5125 3700 5205 regis

2043 5214 2264 5294 magni.
2304 5240 2331 5272 ι
2364 5212 2556 5278 Judaei
2591 5213 2732 5295 quia
2779 5213 2970 5277 Deum
3027 5215 3341 5278 audierant
3368 5215 3694 5296 dicentem,

2042 5303 2271 5365 C(elum
2304 5303 2453 5366 mihi
2481 5304 2755 5379 thronus,
2791 5310 2950 5366 terra
2980 5314 3178 5368 autem
3209 5302 3562 5378 scabellum,
3588 5305 3694 5385 ju-

2040 5393 2253 5456 rabant
2282 5412 2389 5473 per
2441 5392 2605 5455 talia.
2663 5391 2843 5472 Igitur
2890 5395 3178 5457 Dominus
3207 5393 3534 5476 prohibens
3566 5413 3694 5467 eos,

2040 5498 2162 5544 non
2193 5481 2518 5564 dicit,Quia
2535 5481 2854 5563 pulohrum
2873 5492 2933 5548 et
2950 5502 3232 5566 magnum
3257 5491 3345 5546 est
3360 5484 3602 5558 caelum,
3638 5493 3699 5547 et

2042 5581 2203 5636 terra
2231 5573 2394 5636 utilis
2425 5579 2536 5652 est,
2560 5571 2695 5635 ideo
2728 5592 2838 5655 per
2873 5593 2943 5637 ea
2973 5595 3091 5637 non
3120 5574 3319 5654 jurate
3345 5594 3362 5647 ;
3387 5573 3518 5649 sed,
3547 5572 3695 5645 Quia

2045 5663 2262 5728 coelum
2318 5663 2567 5727 thronus
2625 5669 2717 5724 est
2763 5666 2893 5742 Dei,
2947 5673 3108 5728 terra
3136 5671 3331 5728 autem
3363 5663 3688 5726 scabellum
