4204 6416
255 320 380 387 205

960 320 1410 389 ΕΝΑΗΒΑΤΙΟ
1451 323 1536 387 ΙΝ
1579 316 1951 387 ΕνΑΝθΕιξ

2040 315 2089 379 Μ
2135 314 2533 382 ΜΑΤΤΗΙΕῙ.
2580 351 2657 362 -
2701 319 2864 384 CAP.
2914 318 3018 387 VI.

3558 321 3680 390 206

264 455 687 538 ὤχεταιὶλθεῖν
747 459 852 526 τὴν
919 457 1206 514 ἀνάστασιν
1253 458 1342 514 καὶ
1397 457 1496 524 τὴν
1547 457 1743 537 κρίσιν.
1780 477 1803 510 ι
1836 461 1941 512 Γε-

2040 459 2195 515 :atur
2222 461 2284 515 ut
2312 454 2508 516 veniat
2533 456 2892 518 resurrectio
2923 463 2983 518 et
3001 455 3325 536 judicium.
3362 482 3389 516 ι
3424 458 3552 523 Fiat
3579 478 3680 524 vo-

285 551 487 619 νηθήτω
545 549 610 604 τὸ
659 545 880 622 θέλημά
912 569 1006 604 σου
1031 549 1106 610 ὡς
1167 546 1222 602 ἔν
1283 550 1489 627 οὐρανῷ
1549 549 1638 603 καὶ
1690 546 1775 603 ἐπὶ
1843 549 1940 613 τῆς

283 645 406 718 γῆς.
438 658 467 697 ι
503 627 754 716 ΙὨσπερ,
816 639 999 717 φησὶν,
1034 639 1080 693 οἱ
1110 634 1328 715 ἄγγελοι
1353 643 1592 694 ποιοῦσιν
1627 638 1688 692 τὸ
1734 633 1940 710 θέλημά

281 753 400 810 σου,
431 728 566 785 οὕτω
589 729 681 784 καὶ
705 729 844 797 ἡμῖν
888 725 976 792 ὃὸς
1005 739 1182 783 ποιεῖν
1218 727 1370 787 αὐτό.

366 843 397 874 α
429 821 532 877 Τὸν
562 819 719 896 ἂρτον
798 816 956 891 ἣμῶν
1011 817 1100 872 τὸν
1173 816 1439 873 ἐπιουσιον
1491 813 1579 881 δὸς
1625 817 1762 891 ἡμῖν
1832 815 1940 884 σή-

275 930 467 987 μερον.
508 930 533 964 ι
560 904 888 984 Ἐπιοῦσιον,
921 906 1014 961 τὸν
1067 905 1153 961 ἐπὶ
1195 910 1263 981 τῇ
1319 905 1465 979 οὐσίᾳ
1520 906 1608 961 καὶ
1696 903 1943 963 συστάσει

277 999 441 1073 ἡμῶν
500 995 761 1075 αὒτάρκη,
845 994 1055 1075 φησίνο·
1139 993 1347 1073 ἀναιρεῖ
1408 992 1462 1049 δὲ
1519 997 1618 1062 τὴν
1668 996 1784 1074 περὶ
1844 997 1942 1060 τῆς

283 1087 467 1166 αὔριον
515 1085 796 1161 μέριμναν.
861 1085 948 1140 καὶ
998 1085 1059 1140 τὸ
1089 1090 1245 1159 σῶμα
1270 1081 1325 1139 δε
1372 1094 1467 1142 τοῦ
1499 1092 1726 1160 Χριστοῦ
1783 1082 1938 1162 ἄρτος

289 1177 435 1233 ἔστὶν
514 1177 800 1238 ὶπιουσιος·
891 1174 950 1230 οὗ
1048 1170 1486 1248 μεταλαμϐάνειν
1573 1172 1940 1249 ἆκατακρίτως

294 1264 583 1344 εῦχόμεθα.

382 1374 408 1405 ι
443 1354 536 1410 Καὶ
588 1352 714 1432 ἄφες
772 1353 910 1426 ἡμῖν
968 1351 1034 1407 τὰ
1091 1349 1427 1430 ὀφειλήματα
1489 1354 1670 1432 ἡμῶν,
1731 1354 1804 1416 ὡς
1858 1352 1946 1407 καὶ

287 1446 456 1517 ἡμεῖς
527 1442 745 1520 ἀφίεμεν
800 1454 919 1505 τοῖς
976 1438 1274 1518 ὀφειλέταις
1319 1441 1496 1516 ἡμῶν,
1538 1464 1562 1499 ι
1611 1438 1830 1508 Ἐπειδὴ
1858 1440 1947 1496 καὶ

283 1532 428 1608 μετᾶ
513 1532 572 1585 τὸ
658 1530 934 1606 βάπτισμα
1017 1528 1409 1611 ἁμαρτάνομεν,
1501 1531 1800 1606 ἱκετεύομεν
1854 1529 1946 1584 ἵνα

283 1622 476 1700 ἂφήση
520 1622 678 1694 ἡμῖν,
732 1618 869 1676 οὕτω
935 1617 991 1674 δὲ
1050 1618 1220 1698 ἆφὴσε
1280 1622 1353 1683 ὡς
1423 1621 1510 1676 καὶ
1568 1621 1754 1695 ἡμεῖς.
1820 1618 1947 1678 Ἐὰν

2025 539 2222 603 luntas
2249 549 2345 603 tua
2378 541 2533 604 sicut
2576 543 2639 603 in
2687 543 2837 606 cmlo
2870 554 2928 606 et
2958 546 3018 607 in
3052 553 3234 609 terra.
3278 572 3299 606 ι
3356 547 3542 624 Sicut,
3578 550 3676 613 in—

2030 630 2180 710 quit,
2216 632 2411 709 angeli
2467 631 2690 696 faciunt
2744 633 3110 698 voluntatem
3143 645 3328 714 tuam,
3359 638 3443 700 ita
3472 647 3531 702 et
3571 659 3680 703 nos

2029 719 2105 780 da
2136 738 2266 781 eam
2296 721 2517 784 facere.

2104 809 2284 873 Vens.
2325 811 2417 872 11.
2457 813 2709 874 «Panem
2743 820 3011 875 nostrum
3053 817 3679 896 supersuhstantialem

2024 896 2112 991 da_
2156 898 2328 991 nobis
2374 899 2577 963 hodie.
2618 926 2639 959 υ
2671 903 3326 991 ,ευρετευὴειειηιὶειιθῐη
3375 907 3543 990 dicit,
3576 911 3681 991 qui

2025 986 2369 1049 substantiae
2399 997 2458 1050 et
2495 990 2903 1052 constitutioni
2956 1005 3175 1057 nostra:
3233 996 3471 1072 sufﬁcit,
3528 986 3686 1061 tollit

2023 1089 2220 1142 autem
2253 1099 2457 1143 curam
2491 1081 2564 1144 de
2613 1083 2896 1146 crastino.
2944 1084 3096 1159 Quin
3129 1097 3190 1150 et
3218 1107 3435 1170 corpus
3465 1092 3682 1155 Christi

2025 1169 2193 1262 panis
2224 1179 2314 1232 est
2338 1171 2961 1262 supersubstantialis:
2997 1177 3169 1256 cujus
3200 1169 3339 1241 esse
3364 1179 3684 1262 participes

2025 1257 2176 1320 citra
2205 1259 2768 1322 condemnationem
2801 1279 3132 1342 precamur.

2109 1346 2287 1411 Vens.
2315 1347 2479 1440 19.}
2499 1349 2577 1440 Et
2603 1349 2840 1440 dimitte
2869 1351 3043 1414 nobis
3073 1354 3270 1417 debita
3299 1359 3688 1440 nostra,sicut

2029 1442 2090 1498 et
2137 1455 2245 1498 nos
2296 1436 2648 1498 dimittimus
2704 1437 3076 1503 debitoribus
3105 1447 3353 1509 nostris.
3387 1467 3418 1508 ›
3454 1436 3605 1519 Quia
3626 1455 3688 1510 et

2027 1535 2160 1606 post
2193 1527 2486 1609 baptisma
2513 1547 2850 1610 peccamus,
2862 1550 3176 1612 precamur
3198 1545 3261 1598 ut
3295 1538 3552 1603 dimittat
3569 1558 3684 1603 no-

2029 1615 2145 1691 bis,
2197 1617 2283 1679 sic
2336 1626 2530 1682 autem
2581 1619 2859 1696 dimittet,
2894 1626 3396 1702 quemadmodum
3428 1638 3488 1691 et
3519 1648 3628 1691 nos
3664 1648 3682 1691 :

283 1713 387 1790 γὰρ
459 1708 906 1784 μνησικακῶμεν,
965 1712 1060 1767 οὒκ
1116 1708 1308 1788 ἀφήσει
1355 1711 1514 1784 ἡμῖν’
1563 1708 1656 1786 ἐμὲ
1687 1709 1786 1788 γὰρ
1830 1707 1947 1789 ἔχει

2040 1725 2166 1767 nam
2210 1706 2260 1767 si
2291 1707 2564 1770 vindicta:
2593 1709 2748 1770 avidi
2777 1718 2836 1771 et
2877 1729 3174 1776 memores
3219 1716 3530 1794 fuerimus,
3561 1737 3683 1781 non

285 1804 315 1857 0
388 1802 519 1864 Θεὸς
587 1796 943 1875 παράδειγμαο
991 1798 1080 1854 καὶ
1138 1799 1166 1853 ὃ
1195 1799 1335 1854 ποιῶ
1366 1798 1451 1855 ἐπ’
1484 1795 1652 1874 ἄλλῳ,
1686 1812 1836 1856 ποιεῖ
1860 1799 1944 1854 ἐπ’

286 1891 432 1966 ἰμοί.

377 2003 400 2036 ι
484 1979 582 2036 Καὶ
628 1977 706 2053 μὴ
737 1977 1042 2054 εἰσενέγκῃς
1072 1979 1217 2053 ἡμᾶς
1250 1979 1323 2042 εἰς
1351 1977 1674 2057 πειρασμόν,
1706 2000 1731 2032 »
1767 1975 1947 2033 Ἀσθε-

286 2082 400 2131 ναῖς
458 2068 621 2141 ἐσμεν
665 2070 711 2122 οἱ
743 2065 1039 2147 ἄνθρωποι,
1083 2065 1164 2122 διὸ
1222 2067 1282 2124 οὐ
1330 2065 1414 2123 δεῖ
1445 2065 1768 2145 ἐπιῤῥίπτειν
1814 2067 1944 2125 ἑαυ-

283 2159 408 2222 τούς
477 2169 597 2218 τοῖς
673 2169 1020 2234 πειρασμοῖς·
1056 2155 1177 2213 ἀλλ’
1221 2157 1552 2233 ἐμπεσόντας
1598 2155 1843 2236 εὔχεσθαι
1875 2157 1952 2231 μὴ

285 2250 660 2313 καταποθῆναι
730 2247 833 2302 ὑπὸ
905 2253 997 2303 τοῦ
1070 2253 1384 2326 πειρασμοῦ.
1451 2236 1508 2303 εΟ
1556 2247 1656 2324 γὰρ
1707 2268 1950 2303 καταπο-

289 2340 395 2402 θιὶς
451 2338 537 2392 καὶ
583 2337 841 2412 νικηθεὶς,
929 2337 1136 2399 ὶκεῖνος
1182 2335 1473 2415 εἰσηνέχθη
1519 2337 1590 2400 εἰς
1644 2336 1736 2392 τὸν
1768 2336 1952 2414 βόθρον

293 2436 389 2485 τοῦ
443 2433 755 2504 πειρασμοῦ,
807 2423 928 2481 ἀλλ’
971 2425 1074 2506 οὐχ
1132 2429 1160 2482 0
1228 2424 1474 2501 ἐμπεσὼν
1531 2427 1654 2500 μὲν,
1730 2427 1951 2496 νικήσας

297 2517 380 2578 δέ.
420 2539 442 2572 ι
476 2514 642 2573 Ἀλλὰ
671 2517 822 2593 ῥῦσαι
853 2518 998 2592 ἡμᾶς
1030 2515 1134 2572 ἀπὸ
1163 2523 1259 2572 τσῦ
1283 2526 1540 2595 πονηροῦ.
1577 2539 1602 2574 ι
1635 2521 1742 2576 Ούκ
1771 2517 1949 2590 εἶπεν,

291 2610 398 2665 ἀπὸ
452 2613 558 2665 τῶν
612 2612 866 2686 πονηρῶν
922 2605 1234 2682 ἀνθρώπων
1281 2606 1340 2662 οὐ
1397 2608 1498 2685 γὰρ
1552 2609 1753 2664 ἰεκεῖνοι
1829 2604 1950 2662 ἀδι-

285 2721 474 2758 κοῦσιν
546 2700 716 2772 ἡμᾶς,
789 2695 910 2752 ἀλλ’
991 2699 1018 2752 ὁ
1073 2696 1333 2772 πονηρός.
1371 2717 1395 2753 ι
1425 2687 1556 2754 ’Ὅτι
1601 2704 1695 2754 σοῦ
1743 2696 1885 2754 ἐστιν
1914 2697 1948 2764 ἡ

285 2787 536 2867 βασιλεία
607 2789 695 2842 καὶ
750 2788 790 2854 ἡ
817 2785 1034 2859 δύναμις
1105 2787 1195 2843 καὶ
1237 2787 1271 2854 ἡ
1303 2784 1424 2851 δόξα
1455 2788 1530 2852 εἰς
1572 2787 1694 2850 τούς
1726 2789 1950 2867 αἰῶνας,

293 2879 501 2954 Ἀμὴν.
567 2900 588 2932 ι
664 2878 912 2954 Θαρσῦνει
974 2877 1118 2951 ἡμᾶς
1167 2874 1409 2936 ἐνταῦθα.
1455 2877 1660 2956 Εἰξγὶιρ
1704 2875 1950 2953 βασιλεύς

302 2969 452 3038 ἐστι,
508 2967 597 3022 καὶ
654 2963 857 3030 δονατὸς
931 2969 960 3022 0
1021 2965 1204 3042 Πατὴρ
1228 2968 1314 3022 καὶ
1342 2963 1567 3042 ἔνδοξος,
1618 2967 1830 3030 πάντως
1863 2967 1951 3023 καὶ

307 3026 474 3132 ἡμεῖς
532 3055 806 3130 νικήσομεν
843 3026 970 3113 *τὸν
1048 3026 1307 3134 πονηρὸν,
1365 3026 1483 3112 καὶ⁷
1522 3026 2012 3132 θοξαώησόμεθαΒ

299 3149 546 3206 ὕστερον.

382 3168 430 3203 τε
498 3169 546 3206 ν,

382 3168 571 3294 (ξὲἁν
628 3235 724 3314 γὰρ
753 3234 924 3312 ἀφῆτε
957 3248 1075 3298 τοῖς
1116 3233 1409 3314 ἀνθρώποις
1448 3234 1515 3291 τὰ
1545 3235 1954 3314 παραπτὼματα

287 3327 492 3405 αὑτῶν,
560 3325 758 3402 ἀφήσει
829 3324 919 3379 καὶ
960 3324 1088 3400 ὑμῖν
1113 3327 1141 3380 0
1185 3324 1369 3404 Πατὴρ
1393 3325 1540 3400 ὑμῶν
1571 3327 1598 3380 0
1633 3324 1892 3402 οὐράνιος.
1920 3347 1950 3381 »

290 3416 456 3475 Πάλιν
517 3414 921 3489 ἀμνησικάκους
1013 3417 1156 3488 ἡμᾶς
1216 3414 1360 3471 εἶναι
1413 3411 1670 3476 διδάσκει.
1721 3411 1951 3491 Ἀναμι-

285 3509 518 3582 μνήσκει
588 3503 644 3560 δὲ
673 3505 819 3576 ἡμᾶς
876 3511 968 3559 τοῦ
1021 3503 1248 3583 Πατρὸς,
1283 3503 1376 3560 ἵνα
1406 3501 1726 3580 αἰδεσθῶμεν
1769 3506 1948 3584 αὐτὸν,

283 3599 374 3652 καὶ
404 3595 485 3670 μὴ
529 3594 922 3673 ἒκθηριώμεθα,
955 3593 1205 3650 τοιούτου
1230 3590 1419 3656 παῖδες
1452 3591 1627 3657 ὄντες.

379 3793 408 3832 ι
457 3773 586 3831 Ἐὰν
653 3771 709 3828 δὲ
753 3772 832 3847 μὴ
877 3771 1048 3851 ἀφῆτε
1076 3785 1196 3835 τοῖς
1232 3772 1527 3851 ἆνθρὼποις
1558 3772 1624 3829 τὰ
1655 3773 1951 3851 παραπτὼ-

298 3884 440 3939 ματα
493 3863 690 3938 αὒτῶν,
752 3858 869 3919 οὐδὲ
920 3864 948 3917 ὁ
1035 3862 1218 3940 Πατὴρ
1274 3863 1422 3938 ὑμῶν
1452 3862 1646 3941 ἀφήσει
1675 3862 1742 3918 τὰ
1784 3886 1953 3943 παρα·-

292 3954 559 4029 πτώματα
627 3954 802 4027 ὕμῶν,
847 3974 876 4006 ι
940 3949 1098 4008 Οὐδὲν
1156 3950 1292 4008 οὕτω
1336 3964 1488 4027 μισεῖ
1517 3953 1545 4008 0
1596 3957 1762 4031 πρᾶος
1795 3954 1950 4035 Θεὸς,

287 4047 363 4109 ὡς
411 4045 515 4109 τὴν
559 4041 840 4117 ὠμότητα.
1456 4052 1462 4059 ”

377 4152 410 4193 ε
446 4123 633 4190 ’Ὅταν
705 4128 760 4186 δὲ
816 4130 1131 4211 νηστεύητε,
1164 4130 1242 4206 μὴ
1294 4130 1495 4209 γίνεσθε
1527 4130 1705 4211 ὥσπερ
1726 4134 1773 4188 οἰ
1816 4132 1952 4188 ὑπο-

291 4224 490 4301 κριταὶ,
568 4221 889 4302 σκυθρωποῦ
953 4220 1255 4301 ἀφανίζουσι
1328 4221 1426 4299 γὰρ
1484 4221 1550 4278 τὰ
1578 4222 1837 4299 πρόσωπα
1868 4221 1956 4276 αὺ-

297 4319 423 4391 τῶν,
513 4309 662 4374 ὅπως
757 4315 960 4392 φανῶσι
1043 4323 1160 4374 τοῖς
1234 4309 1526 4388 ἀνθρώποις
1582 4311 1950 4378 νηστεύοντες.

300 4399 474 4478 ’Δμὴν
544 4399 688 4479 λέγω
715 4402 872 4476 ὑμῖν,
900 4398 999 4456 ,ὅτι
1030 4399 1298 4481 ἀπέχουσι
1329 4403 1420 4458 τὸν
1451 4403 1637 4477 μισθὸν
1688 4401 1879 4462 αὐτῶν.
1924 4424 1948 4459 ι

301 4490 630 4570 Ἀφανισμὸς
714 4491 1000 4570 προσώπου
1057 4490 1198 4549 ἐστὶν
1257 4493 1292 4560 ἡ
1351 4493 1631 4571 ὠχρότης,
1666 4491 1795 4548 ὅταν
1851 4491 1957 4572 οὐχ

293 4583 414 4644 οἰός
475 4580 588 4638 ὶστί
645 4601 724 4646 τις
807 4581 1082 4660 φαίνηται,
1114 4579 1253 4638 ἀλλὰ
1322 4586 1681 4659 προσποιῆται
1726 4585 1957 4661 στυγνό-

291 4692 464 4738 τητα.

384 4783 414 4814 α
477 4760 550 4816 Σὺ
603 4758 658 4816 δὲ
716 4761 1008 4836 νηστεύων,
1045 4757 1262 4835 ἄλειψαί
1293 4783 1384 4818 σου
1432 4762 1530 4829 τὴν
1575 4761 1837 4842 κεφαλὴν,
1871 4761 1959 4818 καὶ

291 4851 359 4906 τὸ
431 4848 717 4927 πρόσωπόν
748 4871 843 4906 σου
871 4850 1044 4925 νίψαι,
1094 4847 1240 4914 ὅπως
1284 4851 1363 4927 μὴ
1393 4856 1564 4931 φανῇς
1605 4865 1725 4915 τοῖς
1749 4851 1958 4931 ἀνθρώ-

293 4961 421 5005 ποις
466 4940 760 5015 νηστεύων,
792 4937 931 4995 ἀλλὰ
960 4945 1039 5013 τῷ
1082 4939 1244 5018 Πατρί
1273 4961 1368 4998 σου
1399 4946 1476 5014 τῷ
1507 4938 1560 4997 ἓν
1591 4940 1668 5016 τῷ
1717 4945 1956 5018 κρυπτῷ.

289 5030 388 5086 καὶ
447 5031 477 5086 0
521 5030 705 5109 Πατὴρ
747 5051 841 5086 σου
871 5031 900 5086 0
943 5027 1157 5105 βλέπων
1188 5028 1242 5086 ἐν
1290 5036 1368 5104 τῷ
1409 5037 1647 5110 κρυπτῷ,
1695 5028 1960 5087 ἀποδώσει

290 5140 410 5183 σοι,
449 5142 474 5178 ι
511 5121 571 5178 Οἱ
601 5118 829 5177 παλαιοί
875 5125 1050 5200 χαρᾶς
1082 5118 1244 5199 εἶχον
1289 5131 1522 5196 σημεῖον
1567 5121 1627 5177 τὸ
1657 5119 1966 5199 ἀλείφεσθαι,

292 5207 460 5282 Dtan
506 5209 642 5290 μετὰ
706 5211 767 5265 τὸ
838 5207 1085 5288 λουτρὸνο
1144 5209 1232 5264 καὶ
1301 5209 1364 5265 σό
1423 5210 1510 5266 οὗν
1560 5208 1700 5267 οὕτω
1757 5204 1962 5290 χαίρων

2029 1795 2512 1887 remittet._Ha_het
2545 1816 2640 1887 me
2659 1799 2819 1887 Deus
2847 1807 2912 1860 ut
2940 1803 3246 1884 exemplar
3276 1821 3290 1868 :
3318 1814 3378 1868 et
3406 1807 3568 1887 quod
3589 1805 3683 1869 fa-

2031 1884 2122 1946 cio
2154 1883 2275 1960 alii,
2309 1884 2448 1945 facit
2477 1891 2536 1945 et
2564 1885 2735 1949 mihi.

2112 1971 2294 2035 Vens.
2335 1972 2431 2036 13.
2469 1997 2496 2029 α
2530 1973 2603 2037 Et
2623 1994 2697 2038 ne
2727 1976 2973 2048 inducas
3001 1996 3108 2040 nos
3137 1979 3199 2042 in
3232 1983 3680 2047 tentationem.»

2031 2060 2371 2125 Imbecilles
2401 2081 2605 2125 sumus
2649 2065 3088 2142 homines,ideo
3119 2088 3238 2132 non
3270 2071 3561 2137 debemus
3577 2094 3687 2138 nos

2033 2151 2194 2232 ipsos
2229 2152 2290 2213 in
2342 2153 2700 2217 tentationes
2727 2154 2979 2234 injicere
3013 2178 3025 2217 :
3061 2158 3167 2220 sed
3199 2160 3246 2222 si
3275 2161 3682 2242 inciderimus,

2035 2241 2324 2302 orandum
2356 2259 2435 2334 ne
2453 2242 2889 2334 absorbeamur
2916 2265 2951 2308 a
2972 2249 3322 2312 tentatione.
3353 2241 3688 2334 Absorptus

2037 2331 2197 2392 enim
2230 2341 2287 2392 et
2316 2332 2527 2403 victus.
2557 2333 2660 2394 ille
2709 2334 2771 2395 in
2823 2335 3184 2415 profundum
3219 2331 3568 2405 teutationis
3590 2344 3687 2406 in-

2036 2419 2249 2481 ductus
2280 2429 2391 2497 est,
2439 2429 2496 2481 at
2527 2440 2644 2483 non
2676 2422 2819 2484 item
2850 2425 2950 2504 qui
2977 2425 3278 2504 incidit,et
3308 2431 3511 2496 vincit.
3536 2433 3691 2496 «Sed

2033 2506 2223 2570 libera
2253 2527 2360 2569 nos
2389 2527 2424 2569 a
2456 2510 2634 2574 malo.
2678 2532 2706 2570 ι
2747 2509 2876 2572 Non
2906 2512 3074 2589 dixit,
3124 2533 3157 2576 a
3200 2518 3373 2581 malis
3424 2520 3688 2582 homini-

2033 2595 2144 2657 bus
2173 2617 2186 2661 :
2217 2616 2335 2659 non
2360 2599 2516 2662 enim
2551 2599 2636 2660 illi
2668 2618 2777 2661 nos
2807 2600 3030 2681 injuria
3050 2604 3338 2685 afficiunt,
3373 2609 3481 2671 sed
3509 2609 3687 2673 mali-

2032 2703 2205 2779 gnus.
2247 2708 2275 2779 ιιΔ
2304 2685 2594 2779 Quoniam
2627 2697 2788 2749 tuum
2824 2699 2914 2751 est
2940 2709 3220 2776 regnum,
3255 2705 3313 2758 et
3338 2697 3696 2779 potentia,et

2032 2776 2222 2853 gloria
2265 2776 2322 2836 in
2379 2777 2617 2858 saecula,
2676 2779 2888 2845 Amen.
2919 2804 2946 2837 ι
2981 2783 3221 2846 Animat
3250 2776 3359 2848 nos
3389 2788 3502 2850 hoc
3531 2788 3686 2852 loco.

2031 2862 2178 2959 Nam
2211 2865 2261 2924 si
2284 2866 2411 2928 Rex
2443 2874 2554 2959 est,
2589 2874 2649 2928 et
2672 2871 3086 2959 potensPater
3115 2881 3172 2934 et
3200 2874 3517 2959 gloriosus,
3553 2896 3690 2940 om-

2033 2953 2270 3104 ninohet
2298 2972 2408 3016 nos
2437 2955 2741 3018 vincemus
2763 2957 3112 3038 malignum,
3142 2969 3201 3025 et
3227 2953 3693 3047 gloriﬁcabimur

2037 3052 2167 3104 post
2211 3060 2303 3104 ac.

2036 3052 2303 3124 posthac.

2119 3220 2302 3284 νειιε.
2343 3223 2438 3287 14.
2488 3249 2515 3281 α
2551 3225 2784 3289 Etenim
2844 3229 2890 3290 si
2945 3230 3296 3295 remiseritis
3344 3234 3690 3301 hominibus

2038 3311 2259 3374 delicta
2282 3330 2410 3389 sua,
2447 3315 2711 3379 remittet
2740 3318 2917 3380 etiam
2948 3319 3116 3383 vobis
3149 3325 3321 3386 Pater
3350 3336 3545 3389 vester
3573 3345 3691 3391 cce-

2039 3400 2224 3462 lestis.
2265 3426 2287 3460 ι
2326 3404 2541 3465 lterum
2574 3424 2682 3466 nos
2705 3407 2884 3471 docet
2915 3426 3046 3470 esse
3075 3413 3303 3475 alienos
3324 3433 3357 3476 a
3388 3415 3690 3479 vindican-

2036 3490 2098 3552 di
2123 3491 2462 3573 cupiditate.
2499 3495 2851 3558 Memoriam
2884 3507 3082 3560 autem
3112 3503 3295 3581 patris
3325 3505 3605 3580 inculcat,
3625 3515 3690 3569 ut

2033 3600 2416 3645 revereamur
2449 3605 2588 3649 eum
2622 3605 2636 3649 :
2674 3596 2732 3652 et
2760 3607 2895 3650 cum
2926 3591 3054 3670 ejus
3077 3593 3267 3656 simus
3289 3595 3410 3666 filii.
3443 3615 3564 3660 non
3594 3615 3693 3659 ex-

2034 3691 2405 3754 asperemur.

2116 3764 2299 3827 Vens.
2335 3767 2435 3827 15.
2475 3791 2501 3823 ι
2529 3767 2700 3841 Quod
2727 3769 2776 3830 si
2807 3788 2924 3832 non
2957 3773 3311 3839 remiseritis
3341 3778 3691 3842 hominibus

2036 3851 2254 3916 delicta
2277 3873 2405 3931 sua,
2441 3875 2637 3936 neque
2666 3861 2842 3921 Pater
2862 3870 3060 3925 vester
3089 3867 3356 3930 remittet
3384 3868 3550 3930 vobis
3578 3868 3690 3931 de-

2036 3943 2176 4004 licta
2221 3954 2414 4038 vestra
2447 3972 2474 4004 »
2506 3947 2665 4010 Nihil
2698 3949 2858 4011 enim
2892 3953 2969 4015 ita
3000 3953 3125 4017 odit
3175 3954 3469 4038 benignus
3508 3961 3690 4037 Deus,

2036 4041 2102 4095 ut
2128 4034 2559 4100 crudelitatem.

2119 4126 2304 4187 VEns.
2343 4129 2440 4188 16.
2485 4151 2506 4184 ι
2546 4129 2731 4191 Porro
2788 4149 2920 4192 cum
2959 4132 3396 4213 jejunaveritis,
3453 4156 3529 4201 ne
3564 4139 3693 4201 sitis

2040 4215 2191 4276 sicut
2221 4216 2548 4297 hypocrita
2600 4221 2875 4282 vultuosi.
2913 4221 3246 4288 Obscuram
3295 4229 3457 4290 enim
3513 4229 3696 4292 facies

2040 4323 2201 4380 suas,
2238 4315 2300 4366 ut
2330 4306 2644 4370 videantur
2688 4311 3032 4374 hominibus
3082 4315 3452 4395 jejunantes.
3502 4319 3695 4382 Amen

2039 4395 2173 4457 dico
2226 4397 2411 4477 vobis,
2462 4398 2617 4478 quod
2645 4399 2867 4462 habent
2898 4405 3239 4469 mercedem
3280 4425 3469 4470 suam.
3502 4433 3531 4467 ι
3565 4409 3696 4473 Ob-

2039 4489 2301 4554 scuratio
2349 4490 2520 4552 faciei
2572 4501 2662 4554 est
2709 4494 2946 4574 pallor:
2984 4497 3221 4578 quando
3273 4500 3405 4581 quis
3437 4520 3557 4564 non
3608 4511 3698 4565 est

2040 4582 2230 4662 qualis
2253 4590 2522 4663 apparet,
2555 4583 2663 4645 sed
2680 4585 2920 4648 simulat
2950 4588 3271 4656 tristitiam.

2121 4760 2307 4827 Vens.
2345 4764 2442 4854 Π,
2473 4764 2569 4828 l8.
2601 4787 2628 4820 α
2651 4762 2738 4826 Tu
2789 4773 2988 4828 autem
3013 4768 3322 4849 jejunans,
3347 4789 3503 4851 unge
3525 4781 3702 4854 caput

2043 4859 2234 4928 tuum,
2267 4853 2559 4916 etfaciem
2591 4861 2749 4916 tuam
2781 4854 2929 4931 lava,
2964 4875 3041 4918 ne
3067 4857 3323 4922 videaris
3355 4860 3703 4925 hominibus

2035 4942 2340 5024 jejunans,
2367 4944 2472 5006 sed
2507 4945 2661 5005 Patri
2707 4953 2806 5007 tuo
2856 4946 2958 5026 qui
3007 4956 3098 5009 est
3130 4949 3192 5009 in
3217 4949 3612 5018 abscondito:
3642 4965 3705 5020 et

2044 5034 2217 5094 Pater
2264 5040 2398 5095 tuus
2447 5032 2551 5114 qui
2577 5032 2738 5096 videt
2768 5035 2829 5095 in
2857 5037 3234 5115 abscondito,
3258 5040 3474 5104 reddet
3503 5042 3634 5106 tibi.
3672 5067 3694 5101 ι

2045 5122 2234 5214 _Prisci
2267 5123 2326 5184 in
2357 5122 2559 5203 gaudii
2588 5123 2826 5202 signum
2859 5125 3178 5200 habebant,
3222 5130 3354 5192 oleo
3399 5132 3542 5212 ungi
3568 5141 3702 5214 post

2046 5211 2332 5302 lotionem
2359 5231 2372 5275 :
2399 5215 2491 5274 55
2522 5221 2581 5274 et
2611 5221 2669 5275 tu
2696 5233 2932 5296 quoque
2976 5217 3062 5280 sic
3092 5218 3261 5281 laetus
3307 5211 3707 5302 appare.‘Per

293 5298 507 5378 φαίνου.
541 5287 778 5357 ’Ἐλαιον
809 5295 867 5354 δὲ
901 5309 1105 5387 νοεῖται
1131 5298 1238 5387 ,καὶ
1349 5297 1712 5375 ἐλεημοσύνη.
1748 5287 1951 5380 Ιξεφαὶπὶ

2049 5301 2254 5386 oleum
2271 5310 2467 5364 autem
2497 5311 2555 5365 et
2579 5287 2957 5386 eleernosyna
2979 5287 3366 5387 intelligitur:
3383 5287 3567 5375 porro
3596 5330 3703 5375 ca-

292 5387 353 5445 δί
407 5389 561 5465 ἡμῶν
613 5391 641 5446 ὁ
703 5388 959 5468 Χριστὸς,
1021 5385 1082 5444 δν
1251 5385 1482 5468 ἀλείφειν
1513 5402 1636 5453 ταῖς
1666 5387 1951 5466 ἐλεημοσύ-

2051 5398 2156 5471 put
2186 5385 2484 5472 uestrum,
2515 5393 2629 5454 hoc
2674 5401 2785 5470 est,
2820 5385 3118 5460 Christum
3178 5385 3412 5480 oportet
3438 5403 3706 5465 eleemo-

297 5496 434 5547 ναις·
469 5483 553 5542 καὶ
619 5483 683 5542 τὸ
741 5481 1065 5561 πρόσωπον,
1135 5478 1254 5547 ﬁrm.
1304 5481 1394 5545 τὰς
1425 5482 1719 5555 αἰσθήσεις,
1770 5481 1951 5538 νίτιτειπ

2053 5499 2197 5562 syna
2226 5481 2433 5560 inungi
2468 5501 2482 5544 :
2523 5481 2736 5544 faicem
2772 5493 2995 5562 autem,
3027 5487 3141 5550 hoc
3175 5478 3292 5568 est,
3321 5508 3589 5572 sensum,
3617 5492 3710 5555 la-

299 5569 380 5629 ὂιᾶ
406 5572 674 5656 δακρύων,

379 5683 402 5723 ι
457 5668 545 5736 Μὴ
618 5666 982 5744 θησαυρίζετε
1054 5662 1179 5737 ὑμῖν
1248 5663 1542 5739 θησαυρούς
1577 5661 1663 5720 ἰπὶ
1705 5666 1805 5730 τῆς
1837 5666 1966 5742 γῆς,

2051 5570 2270 5651 crymis
2300 5571 2518 5634 lavare.

2133 5658 2318 5724 Vsus.
2350 5662 2450 5742 18,
2483 5662 2576 5725 19.
2620 5686 2644 5720 α
2678 5659 2768 5726 Ne
2800 5663 3210 5730 thesaurizetis
3256 5669 3424 5735 vobis
3469 5671 3709 5736 thesau-
