4204 6434
555 326 676 435 207

1522 371 2119 440 THEOPHYLAGTI
2160 367 2572 437 BULGARUB
2615 365 2981 434 ARCHIEP.

3835 371 3952 437 208

557 526 658 571 ros
687 525 866 587 super
894 515 1137 579 terram,
1170 505 1273 568 ubi
1293 525 1488 587 ωηιεο
1512 515 1570 569 et
1591 507 2112 590 tineacorrumpit:
2148 512 2194 567 et

2287 499 2421 559 ὅπου
2494 501 2596 569 σὴς
2667 503 2759 559 καὶ
2826 504 3023 584 βρῶσις
3097 505 3356 585 ἀφανίζει·
3381 507 3469 562 καὶ
3532 507 3666 564 ὅπου
3721 505 3951 563 κλέπται

558 597 661 660 ubi
693 597 855 659 fures
885 595 1224 676 perfodiunt
1245 604 1302 657 et
1322 595 1615 663 furantur.
1646 597 2067 660 Thesaurizate
2099 614 2209 658 au-

563 695 678 750 tem
713 685 879 747 vobis
898 685 1204 748 thesauros
1234 686 1295 746 in
1327 686 1500 764 cmlo,
1535 687 1636 748 ubi
1659 707 1850 768 neque
1872 704 2210 767 aerugo,ne-

557 795 672 858 que
702 777 859 838 tinea
887 773 1236 856 corrumpit,
1271 783 1330 837 et
1351 775 1453 838 ubi
1483 777 1647 839 fures
1679 796 1797 839 non
1848 776 2209 859 perfodiunt,

555 884 749 946 neque
789 865 1083 925 furantur.
1120 887 1142 921 ι
1181 862 1503 945 Postquam
1548 866 1744 928 inanis
1789 865 1997 945 gloriae
2045 882 2210 926 mor-

555 955 694 1017 bum
723 955 916 1036 ejecit,
948 961 1386 1034 consequenter
1405 952 1480 1016 de
1511 953 1716 1035 inopia
1765 954 2050 1036 loquitur.
2083 951 2208 1015 Ho—

554 1045 748 1108 mines
779 1045 938 1105 enim
969 1051 1208 1124 propter
1236 1060 1442 1104 vanam
1495 1043 1744 1123 gloriam
1797 1043 1980 1106 multa
2011 1042 2207 1124 possi-

555 1132 718 1197 dent.
760 1134 1035 1196 Ostendit
1074 1151 1249 1214 quam
1282 1133 1354 1193 sit
1398 1133 1611 1196 inutile
1646 1134 1955 1196 thesauros
1983 1132 2208 1196 habere

553 1243 738 1305 super
767 1231 984 1285 terram
1021 1240 1035 1286 :
1072 1223 1210 1302 quia
1257 1241 1453 1302 aerugo
1503 1231 1561 1285 et
1614 1224 1773 1286 tinea
1821 1230 2212 1302 corrumpunt

2293 589 2624 670 διορύσσουσι
2681 592 2772 649 καὶ
2867 590 3177 657 κλέπτουσι,
3253 596 3604 675 Θησαυρίζετε
3699 594 3753 651 δὲ
3824 597 3952 672 ὑμῖν

2295 680 2587 759 θησαυροὺς
2645 679 2700 736 ἐν
2762 681 2992 760 οῦρανῷ,
3053 681 3183 740 ὅπου
3216 681 3334 742 οὔτε
3407 684 3507 751 σὴς
3576 683 3694 741 οὔτε
3756 685 3951 764 βρῶσις

2296 768 2554 850 ἀφανίζει,
2631 772 2720 827 καὶ
2789 768 2922 827 ὅπου
2989 769 3221 829 κλέπται
3281 777 3341 832 06
3391 771 3772 855 διορύσσουσιν,
3833 771 3950 830 οὒδὶ

2296 857 2634 915 κλέπτουσιν·
2671 857 2806 918 ὅπου
2860 860 2961 938 γὰρ
3021 860 3162 917 ἐστιν
3235 864 3263 918 6
3330 865 3590 942 θησαυρὸς
3620 865 3793 939 ὑμῶν,
3834 862 3952 920 ἐκεῖ

2295 945 2441 1004 ἔσται
2514 947 2602 1004 καὶ
2658 949 2694 1017 ἡ
2747 945 2933 1026 καρδία
2977 951 3150 1024 ὑμῶν,
3188 973 3212 1009 ε
3251 949 3403 1008 Ἐπεὶ
3433 951 3495 1006 τὸ
3527 951 3623 1020 τῆς
3653 950 3951 1018 κενοδοξίας

2293 1034 2506 1103 ἐξέϐαλε
2582 1038 2816 1118 νόσημα,
2905 1039 3024 1118 περὶ
3081 1041 3462 1116 ἀκτημοσύνης
3521 1040 3709 1098 λοιπὸν
3778 1040 3948 1120 λέγει,

2293 1129 2353 1185 Ol
2423 1128 2523 1208 γὰρ
2580 1125 2841 1204 ἄνθρωποι
2887 1126 2970 1184 διὰ
3034 1127 3325 1194 κενοδοξίαν
3383 1136 3612 1188 κτῶνται
3671 1133 3727 1187 τὰ
3757 1129 3948 1208 πλείω,

2293 1214 2521 1272 δείκνυσι
2580 1212 2634 1271 δὲ
2699 1224 2793 1274 τοῦ
2863 1215 2948 1273 ἐπὶ
3005 1222 3108 1296 γῆς
3167 1221 3429 1298 θησαυροῦ
3469 1221 3531 1275 16
3578 1219 3816 1300 ἀκερδές⁸
3868 1220 3952 1277 ὅτι

554 1315 721 1377 cibos
761 1321 822 1375 et
861 1321 1072 1376 vestes,
1111 1312 1270 1373 fures
1325 1320 1521 1374 autem
1569 1333 1778 1376 aurum
1852 1321 1909 1374 et
1992 1329 2194 1391 argen-

2292 1305 2392 1372 σὴς
2466 1305 2562 1381 μὶν
2595 1306 2709 1392 ,καὶ
2778 1306 2974 1384 βρῶσις
3047 1308 3280 1387 ἀφανίζει
3321 1309 3578 1386 βρώματα
3620 1312 3708 1367 καὶ
3737 1311 3948 1392 ἱμάτια,

555 1410 705 1465 tum.
756 1399 986 1462 Deinde
1049 1418 1125 1462 ne
1171 1400 1304 1481 quis
1347 1401 1504 1463 dicat
1564 1404 1667 1464 ei:
1725 1400 1838 1464 Sed
1895 1419 2015 1462 non
2073 1419 2194 1462 om-

2291 1393 2516 1450 κλέπται
2587 1391 2683 1481 δέ,
2727 1396 2945 1475 χρυσίον
2975 1396 3064 1451 καὶ
3106 1397 3377 1475 ἀργύριον.
3411 1398 3551 1454 Εἶτα
3578 1397 3672 1456 ἵνα
3704 1401 3780 1476 μὴ
3810 1391 3949 1476 εἶ’πη

553 1491 650 1554 nia
707 1491 861 1552 furto
931 1479 1222 1571 pereunt,
1289 1489 1502 1571 inquit.
1568 1491 1846 1564 Quamvis
1905 1490 2058 1552 nihil
2109 1491 2194 1551 ho-

2288 1504 2369 1548 τις
2427 1486 2594 1556 αὐτῷ,
2656 1479 2735 1539 δτι
2795 1481 2945 1541 Ἀλλ’
2974 1484 3032 1540 οὗ
3065 1485 3262 1548 πάντες
3289 1485 3634 1564 κλέπτονται,
3669 1491 3849 1569 φησίν
3888 1492 3947 1547 El

550 1598 685 1643 rum
745 1579 840 1659 sit,
877 1588 1135 1642 attamen
1193 1579 1279 1640 sic
1329 1581 1632 1642 addictum
1678 1598 1810 1642 esse
1868 1579 2194 1641 divitiarum

2291 1578 2378 1633 καὶ
2449 1574 2617 1652 μηδὲν
2686 1576 2886 1634 τούτων
2939 1575 3105 1656 ἐστὶν,
3158 1575 3277 1634 ἀλλ’
3309 1579 3398 1637 οὖν
3437 1603 3499 1660 γε
3543 1583 3670 1640 αὐτὸ
3697 1589 3852 1640 τοῦτο
3882 1585 3947 1639 τὶ

551 1667 984 1752 sollicitudini,
1083 1668 1382 1751 quomodo
1473 1689 1592 1732 non
1669 1671 2005 1732 miserum?
2067 1667 2202 1730 ideo

550 1758 694 1821 dicit
741 1778 754 1822 :

631 1846 811 1912 Vens.
839 1848 1056 1913 21-23.
1105 1871 1126 1903 ε
1168 1846 1282 1910 Ubi
1311 1849 1472 1910 enim
1506 1857 1594 1911 est
1627 1849 1939 1911 thesaurus
1982 1854 2199 1928 vester,

543 1937 628 1999 ibi
660 1939 771 1999 erit
792 1946 968 2002 etcor
995 1937 1558 2000 vestrum.Lucerna
1572 1940 1839 2019 corporis
1857 1946 1946 2002 est
1967 1937 2197 2000 oculus:

543 2028 594 2089 si
623 2026 803 2108 igitur
832 2026 1040 2089 oculus
1072 2034 1210 2088 tuus
1242 2028 1496 2108 simplex
1527 2028 1721 2104 fuerit,
1754 2038 1939 2091 totum
1989 2045 2204 2108 corpus

543 2124 708 2180 tuum
756 2115 1018 2179 lucidum
1069 2117 1186 2179 erit
1219 2134 1233 2179 :
1271 2117 1321 2178 si
1357 2127 1554 2180 autem
1586 2119 1798 2180 oculus
1829 2127 1965 2179 tuus
2012 2118 2202 2179 malus

538 2205 932 2281 fuerit,totum
953 2224 1168 2287 corpus
1182 2214 1348 2267 tuum
1375 2207 1761 2269 tenebrosum
1782 2208 1912 2270 erit.
1933 2205 1995 2276 Si
2017 2207 2197 2286 igitur

539 2295 639 2358 lux
658 2314 789 2377 qua;
807 2296 864 2357 in
883 2304 940 2357 te
958 2294 1339 2376 est,tenebrae
1360 2303 1518 2372 sunt,
1558 2296 1822 2358 tenebrae
1841 2297 1984 2376 ipsae
2000 2313 2193 2376 quan-

540 2384 677 2446 ιεέἶ»
688 2383 812 2446 Hoc
827 2383 1147 2464 dicit.quod
1167 2384 1218 2445 si
1238 2383 1533 2464 adjeceris
1549 2386 1811 2446 animum
1836 2403 2014 2466 opum
2034 2383 2194 2446 solli-

543 2473 816 2548 citudini,
843 2472 1173 2536 exstinxisti
1225 2474 1552 2549 lucernam,
1579 2473 1983 2535 obtenebrasti
2029 2482 2188 2535 tuam

534 2563 737 2626 anima
753 2579 826 2626 tn.
850 2564 1010 2625 Sicut
1039 2561 1199 2623 enim
1229 2562 1438 2624 oculus
1468 2565 1516 2626 si
1541 2564 1650 2625 sim
1661 2563 1943 2645 plex,boc
1966 2571 2074 2636 est,
2099 2579 2189 2625 sa-

541 2670 653 2716 nus
687 2653 885 2728 fuerit,
910 2651 1210 2714 illuminat
1238 2670 1455 2733 corpus
1487 2670 1500 2714 :
1530 2652 1582 2715 si
1607 2661 1804 2714 autem
1837 2651 2046 2726 malus,
2075 2652 2187 2713 hoc

543 2751 629 2804 cst
662 2742 992 2817 morbidus,
1027 2739 1401 2804 obtenebrat:
1447 2743 1527 2802 ita
1562 2751 1620 2804 et
1650 2760 1818 2804 mens
1849 2751 2186 2804 excaecatur

541 2850 660 2914 prae
692 2829 1292 2904 sollicitudine.Quod
1323 2831 1372 2892 si
1405 2851 1575 2893 mens
1607 2830 1995 2894 obtenebrata
2050 2831 2185 2893 fue-

533 2921 632 2996 rit,
652 2920 717 2982 fit
748 2929 804 2984 et
832 2921 1030 2982 anima
1063 2919 1402 3002 tenebrosa,
1431 2929 1488 2983 et
1514 2919 1695 2982 multo
1728 2922 1914 3000 magis
1943 2939 2181 3002 corpus.

2286 1663 2658 1744 προσηλῶσθαί
2710 1687 2769 1722 σε
2825 1672 2894 1743 τῇ
2957 1669 3074 1746 περὶ
3120 1674 3212 1724 τοῦ
3252 1668 3481 1726 πλούτου
3539 1672 3792 1751 μερίμνῃ,
3826 1675 3945 1737 πῶς

2287 1759 2382 1814 οῦκ
2411 1753 2589 1812 ἃθλιον
2626 1774 2643 1828 ;
2677 1753 2758 1811 διὸ
2786 1753 2954 1834 λέγει·

2372 1867 2400 1900 ε
2455 1835 2643 1929 ’Ὢπου
2698 1845 2797 1924 γὰρ
2855 1849 2884 1901 6
2913 1847 3174 1926 θησαυρὸς
3219 1849 3390 1929 ὑμῶν,
3425 1848 3543 1906 ἐκεῖ
3578 1852 3664 1906 καὶ
3692 1851 3728 1917 ἡ
3759 1846 3947 1928 καρδία

2286 1934 2452 2009 ὑμῶν.
2523 1925 2581 1992 Ὀ
2632 1931 2830 2014 λύχνος
2884 1942 2978 1992 τοῦ
3037 1925 3285 2011 σώματός
3335 1925 3476 1995 ἐστιν
3550 1942 3578 1995 6
3638 1925 3944 2020 ὀφθαλμός·

2287 2021 2375 2079 ἐὰν
2433 2022 2522 2080 οὖν
2551 2025 2580 2079 6
2626 2022 2896 2104 ὀφθαλμός
2929 2047 3022 2081 σου
3054 2023 3255 2089 ἁπλοῦς
3299 2026 3360 2102 ἦ,
3410 2026 3533 2085 ὅλον
3577 2029 3638 2086 τὸ
3668 2031 3824 2104 σῶμά
3848 2052 3946 2087 σου

2285 2113 2565 2194 φωτεινόνο
2618 2113 2708 2171 ἐὰν
2779 2111 2833 2169 δὲ
2890 2116 2923 2181 ἡ
2976 2113 3247 2193 ὀφθαλμός
3309 2138 3403 2174 σου
3458 2121 3692 2197 πονηρὸς
3721 2117 3779 2195 ᾗ,
3814 2117 3945 2177 ὅλον

2277 2203 2338 2258 τὸ
2395 2201 2551 2278 σῶμά
2607 2224 2699 2259 σου
2757 2204 3033 2259 σκοτεινὸν
3103 2203 3275 2262 ἔσται’
3328 2207 3372 2262 εἶ
3414 2206 3502 2263 06v
3545 2210 3607 2264 16
3638 2214 3748 2287 φῶς
3779 2211 3841 2264 τὸ
3889 2209 3946 2265 ἐν

2278 2292 2359 2347 σοὶ
2431 2290 2620 2356 σκότος
2680 2293 2812 2368 ἐστὶ,
2874 2294 2933 2348 τὸ
2989 2293 3180 2356 σκότος
3232 2294 3397 2351 πόσον
3432 2315 3448 2376 ς
3489 2319 3512 2351 ε
3551 2295 3718 2354 Τοῦτό
3747 2320 3938 2376 φησιν,

2278 2379 2357 2436 ὅτι
2414 2378 2542 2438 Ἐὰν
2571 2380 2932 2461 προσηλώσῃς
2959 2384 3052 2439 τὸν
3090 2382 3210 2440 νοῦν
3252 2405 3346 2443 σου
3402 2392 3470 2462 τῇ
3499 2392 3607 2443 τῶν
3638 2389 3944 2467 χρημάτων

2277 2469 2555 2552 φροντίδι,
2589 2469 2807 2534 ἔσϐεσας
2893 2470 2985 2526 τὸν
3041 2472 3268 2552 Αύχνον,
3341 2471 3620 2540 ἐσκοτισάς
3692 2497 3784 2532 σου
3836 2478 3941 2544 τὴν

2272 2561 2480 2639 ψυχὴν,
2545 2551 2773 2640 "uane?
2826 2560 2925 2638 γὰρ
3000 2563 3028 2616 6
3079 2551 3350 2641 ὀφθαλμὸς
3394 2562 3621 2645 ἁπλοῦς,
3665 2566 3940 2626 τουτέστιν

2269 2650 2424 2727 ὑγιὴς
2482 2648 2580 2723 ὢν,
2626 2649 2838 2729 φωτίζει
2866 2653 2929 2706 τὸ
2971 2651 3151 2727 σῶμα,
3186 2650 3275 2708 ἐὰν
3328 2651 3382 2708 δὶ
3415 2657 3649 2734 πονηρὸς
3683 2655 3742 2729 ἦ,
3773 2677 3936 2713 τουτ-

2270 2736 2380 2794 έστι
2431 2737 2697 2819 νοσώδης,
2769 2739 3019 2816 σκοτίζει,
3096 2738 3236 2796 οὕτω
3286 2743 3376 2798 καὶ
3432 2745 3459 2798 6
3491 2751 3612 2805 νοῦς
3644 2749 3932 2825 τυφλοῦται

2267 2829 2370 2884 ὑπὸ
2439 2833 2538 2896 τῆς
2595 2825 2890 2908 φροντίδος,
2926 2829 2984 2916 εἰ
3013 2827 3067 2884 δέ
3104 2831 3133 2885 6
3162 2836 3282 2895 νοῦς
3338 2834 3664 2911 σκοτισοείη,
3699 2837 3733 2903 ἡ
3766 2837 3928 2916 ψυχὴ

2267 2917 2457 2981 σκότος
2487 2919 2711 2996 γίνεται,
2745 2919 2834 2975 καὶ
2864 2915 3051 2993 πολλῷ
3080 2917 3284 2992 μᾶλλον
3327 2921 3390 2978 16
3420 2928 3600 2999 σῶμα,

615 3010 801 3077 Vens.
832 3012 933 3075 24.
969 3034 993 3068 ι
1029 3009 1243 3074 Nullus
1275 3023 1468 3092 potest
1493 3012 1727 3076 duobus
1759 3013 2020 3076 dominis
2051 3032 2183 3076 ser-

2354 3027 2379 3064 ε
2435 3005 2611 3074 Οὗδεὶς
2681 3007 2892 3065 δύναται
2962 3007 3074 3065 δυσὶ
3127 3012 3324 3089 κυρίοις
3395 3009 3680 3077 δουλεύειν,
3719 3038 3746 3067 ι
3820 3018 3924 3075 Δὺο

537 3102 899 3165 νίτθ.ρ1)ιιοε
930 3101 1202 3163 dominos
1225 3101 1368 3165 dicit
1403 3105 1696 3166 contraria
1746 3103 2182 3184 praecipientes,

2283 3098 2475 3174 ιιυρίους
2547 3097 2691 3176 λέγει
2761 3099 2881 3162 τοὺς
2937 3099 3002 3155 τὰ
3047 3099 3269 3184 ’ἐναντία
3337 3101 3744 3182 ἐπιτάττοντας,
3805 3110 3928 3163 οἷον

535 3192 790 3272 exempli
823 3191 1032 3272 gratia,
1063 3199 1130 3252 ut
1159 3193 1317 3254 Deus
1367 3199 1427 3253 et
1474 3179 1797 3254 Mammon.
1842 3179 1957 3253 Nos
1986 3179 2185 3254 autem

2283 3187 2402 3243 θεὸν
2472 3187 2558 3242 καὶ
2627 3194 2966 3275 μαμμωνᾶν.
3046 3179 3236 3263 Ἡμεῖς
3305 3187 3361 3246 δὲ
3431 3194 3690 3269 ποιοῦμεν
3731 3179 3922 3275 ’κύριον

532 3281 781 3344 facimus
838 3278 1143 3342 dominum
1195 3287 1464 3341 nostrum
1523 3280 1854 3356 diabolum,
1913 3280 2066 3353 sicut
2129 3289 2188 3343 et

2283 3275 2423 3351 ἡμῶν
2477 3277 2568 3332 16v
2627 3273 2896 3356 διάϐολον,
2957 3275 3136 3356 ὥσπερ
3193 3279 3281 3335 καὶ
3353 3280 3446 3348 τὴν
3516 3281 3719 3340 κοιλίαν
3772 3273 3911 3339 θεόν’

530 3381 798 3433 ventrem
830 3369 1038 3431 deum.
1088 3366 1308 3431 Natura
1350 3371 1510 3431 enim
1565 3380 1656 3432 est
1702 3388 1842 3433 vere
1874 3368 2181 3445 Dominus,

2283 3366 2414 3444 θύσει
2486 3363 2542 3421 δὲ
2597 3369 2687 3421 καὶ
2756 3363 2971 3432 ἀληθῶς
3031 3367 3246 3445 Κύριος,
3303 3369 3331 3424 6
3390 3371 3543 3434 Θεὸς·
3609 3378 3920 3448 Μαμμωνᾰς

530 3460 710 3536 Deus,
749 3475 1086 3521 mammona
1117 3467 1315 3521 autem
1341 3468 1430 3521 est
1459 3459 1773 3538 injustitia.
1815 3483 1836 3516 ε
1874 3459 1992 3521 Aut
2020 3458 2181 3521 enim

2283 3452 2320 3509 Si
2390 3453 2533 3511 ἐστιν
2601 3457 2637 3524 ἦ
2681 3453 2878 3516 ἀδικία.
2932 3474 2962 3515 (
3005 3454 3093 3512 ’Ἥ
3136 3459 3237 3536 γὰρ
3265 3459 3356 3515 τὸν
3410 3459 3501 3516 ἓνα
3547 3463 3789 3538 μισήσει,
3835 3465 3929 3520 καὶ

531 3569 716 3612 unum
764 3548 899 3610 odio
949 3547 1190 3609 habebit
1241 3555 1300 3609 et
1347 3549 1598 3610 alterum
1649 3547 1902 3628 diliget:
1938 3557 2039 3609 aut
2078 3548 2182 3610 uni

2283 3544 2354 3599 τὸν
2409 3545 2587 3625 ἕτερον
2660 3546 2951 3624 ἀγάπήσει,
3005 3545 3041 3614 ἦ
3096 3553 3191 3604 106
3214 3548 3330 3614 ἐνὸς
3356 3546 3643 3628 ἀνθέξεται,
3705 3555 3792 3609 καὶ
3831 3562 3926 3612 τοῦ

529 3639 855 3702 adhzerebit
880 3647 939 3697 et
967 3640 1219 3699 alterum
1253 3646 1612 3700 contemnet.
1634 3635 1762 3699 Non
1795 3635 2179 3719 potestisDeo

2283 3633 2442 3712 ἑτέρου
2525 3637 2942 3715 καταφρονήσει.
3029 3639 3103 3694 Οὐ
3199 3633 3413 3694 δύνασθε
3474 3643 3590 3714 θεῷ
3661 3638 3930 3699 δουλεύειν

529 3730 754 3790 servire
794 3735 854 3790 et
913 3744 1288 3789 mammonae.
1328 3750 1350 3784 ι)
1389 3726 1572 3788 Vides
1620 3727 1776 3807 quod
1834 3745 1954 3788 non
1985 3733 2178 3806 potest

528 3821 692 3879 dives
723 3824 781 3878 et
802 3815 1056 3895 injustus
1087 3817 1212 3878 Deo
1244 3816 1502 3878 servire!
1537 3815 1758 3896 Abjicit
1774 3816 1930 3877 enim
1952 3813 2181 3878 divitia-

525 3925 656 3968 rum
687 3922 907 3967 amora
931 3902 1079 3964 Deo.

607 3993 918 4059 Vens.25.
959 4017 982 4048 α
1012 3994 1337 4074 Propterea
1383 3994 1515 4056 dico
1565 3993 1753 4071 vobis,
1815 4013 1890 4056 ne
1940 3993 2177 4066 solliciti

526 4086 656 4149 sitis
690 4086 904 4147 animae
933 4089 1144 4147 vestra:
1177 4086 1315 4165 quid
1350 4085 1510 4148 esuri
1560 4087 1686 4148 sitis
1729 4093 1829 4147 aut
1877 4085 2121 4147 hibituri
2157 4105 2171 4150 :

2260 3725 2348 3778 καὶ
2393 3729 2688 3799 μαμμωνᾷ.
2730 3746 2754 3782 ε
2794 3721 2950 3804 Ὀρᾷς
2981 3723 3062 3781 ὅτι
3096 3729 3190 3784 οὐκ
3221 3725 3336 3783 ἐστι
3368 3724 3588 3786 δυνατὸν
3627 3731 3717 3787 τὸν
3747 3731 3930 3788 πλού-

2261 3832 2375 3868 σιον
2443 3816 2529 3869 καὶ
2589 3811 2767 3870 ἄδικον
2826 3815 2941 3887 Θεῷ
3001 3811 3265 3871 δουλσύειν
3311 3815 3647 3892 ﬁmum“
3680 3822 3779 3900 γὰρ
3825 3825 3929 3879 αὖ.

2258 3901 2350 3958 τὸν
2395 3903 2430 3970 ἡ
2474 3901 2883 3982 φιλοχρηματία
2912 3902 3019 3960 ἐπὸ
3055 3911 3210 3968 Θεοῦ.

2347 4013 2376 4046 ε
2424 3993 2522 4048 Διὰ
2591 4001 2743 4049 τοῦτο
2790 3993 2933 4073 γέγω
2987 3994 3139 4074 ὑμῖν,
3200 3994 3280 4070 μὴ
3335 4004 3627 4074 μεριμνᾶτε
3653 4005 3722 4076 τῇ
3764 4003 3927 4082 ψυχῇ

2258 4079 2406 4156 ὑμῶν
2459 4083 2510 4137 τί
2564 4083 2770 4164 φάγητε
2826 4084 2914 4140 καὶ
2942 4085 2991 4139 τί
3029 4084 3213 4166 πίητε,
3247 4084 3386 4160 μηδὲ
3429 4093 3506 4162 τῷ
3528 4087 3738 4165 σώματι
3769 4079 3928 4167 ὺμιῦν

523 4194 718 4256 neque
748 4174 983 4255 corpori
1004 4182 1197 4236 vestro
1229 4174 1446 4256 quibus
1495 4175 1858 4237 indumentis
1915 4173 2105 4238 usuri.
2141 4199 2162 4231 ε

2286 4170 2302 4226 ί
2357 4168 2659 4240 ἐνδύσησθε,
2719 4194 2744 4230 ε
2811 4174 2910 4229 Διὰ
2939 4183 3116 4248 τοῦτο,
3151 4187 3312 4232 ποῖον
3349 4195 3367 4253 ;
3403 4178 3501 4232 Διὰ
3529 4179 3590 4234 τὸ
3620 4179 3726 4236 ἀπὸ
3785 4187 3928 4241 Θεοῦ

521 4263 689 4338 Quod
710 4274 798 4326 est
820 4264 1279 4344 hoc,propterea
1308 4285 1320 4326 :
1350 4263 1400 4326 Α
1415 4263 1538 4326 Deo
1567 4265 1705 4345 ejici
1724 4271 1973 4344 prapter
1997 4263 2172 4345 opes?

2283 4257 2598 4318 κϐἀλλεσθαι
2670 4263 2773 4318 ὑπὸ
2822 4265 2929 4319 τῶν
2998 4265 3323 4344 χρημάτων⁸
3388 4265 3507 4347 Οὐχ
3570 4269 3604 4336 ἡ
3661 4269 3817 4350 ψυχὴ
3866 4269 3925 4328 δί

517 4355 649 4416 Non
687 4353 945 4415 comedit
975 4361 1170 4414 autem
1200 4355 1423 4429 anima,
1477 4354 1828 4434 incorporea
1861 4352 2020 4416 enim
2051 4361 2162 4429 est,
2193 4427 2194 4434 γ

2283 4352 2433 4426 σθίει,
2504 4351 2788 4426 ἀσώματον
2837 4353 2963 4433 γὰρ,
3008 4352 3149 4409 ἀλλὰ
3196 4354 3335 4412 κατὰ
3391 4355 3490 4425 τὴν
3535 4359 3718 4426 κοινὴν
3737 4347 3925 4431 cavi,—

518 4444 621 4504 sed
643 4445 810 4523 juxta
839 4461 1218 4505 communem
1250 4423 1740 4507 consuetudinem
1789 4445 2020 4505 locutus
2051 4452 2162 4505 est.
2189 4427 2194 4473 ³

2283 4423 2424 4496 ειανν
2459 4423 2632 4498 τοῦτον
2682 4423 2863 4499 εἶπε.⁷
2910 4423 3075 4500 λοκεῖ
3117 4444 3216 4522 γὰρ
3244 4445 3279 4512 ἡ
3314 4423 3470 4525 ψυχῆ
3501 4448 3580 4522 μή
3628 4423 3924 4528 ἀνέχεσθαι

514 4534 768 4596 Videtur
795 4541 992 4594 autem
1023 4532 1222 4594 anima
1251 4552 1369 4595 non
1396 4552 1568 4613 posse
1599 4553 1729 4596 esse
1782 4533 1842 4595 in
1887 4550 2162 4613 corpore,

2283 4531 2390 4616 ἵναι
2449 4529 2505 4586 ἐν
2552 4539 2629 4604 τῷ
2685 4531 2920 4609 σώματι,
2995 4533 3040 4590 εί
3095 4533 3176 4609 μὴ
3246 4533 3495 4614 τρέφοιτο
3521 4538 3557 4605 ἡ
3617 4537 3768 4616 σάρξ.
3801 4543 3922 4602 Οὐκ

511 4624 621 4685 nisi
653 4630 928 4702 pascatur
957 4620 1254 4684 caro.Non
1285 4623 1546 4705 explodit
1573 4631 1772 4685 autem
1796 4623 2167 4703 operari,sed

2283 4615 2496 4678 κόἇλλει
2552 4617 2606 4676 δὶ
2679 4621 2739 4679 16
2769 4620 3101 4701 ἐργάζεσθαι,
3153 4621 3291 4681 ἀλλὰ
3332 4628 3394 4681 τὸ
3425 4625 3505 4701 μὴ
3535 4615 3732 4684 διδόναι
3766 4625 3922 4693 ὅλως

509 4713 743 4794 seipsos
776 4720 928 4774 totos
958 4712 1120 4773 curis
1146 4712 1381 4774 tradere
1411 4721 1467 4774 et
1500 4713 1802 4792 negligere
1834 4713 2168 4789 Deum,hoc

2283 4708 2468 4798 αυτοὺς
2544 4722 2676 4798 ,ταῖς
2757 4712 3018 4791 φροντίσι,
3090 4713 3178 4770 καὶ
3248 4712 3473 4790 ἀμελεῖν
3533 4719 3685 4798 θεοῦ,
3755 4725 3924 4776 τοῦτο

508 4810 598 4862 est
632 4801 787 4882 quod
822 4799 1124 4882 prohibet,
1158 4801 1437 4881 quoniam
1463 4810 1522 4862 et
1547 4820 1719 4881 agros
1750 4802 1950 4863 colere
1979 4819 2162 4881 opor-

2283 4795 2466 4861 mldu.
2542 4796 2691 4857 Ἐπεὶ
2748 4802 2835 4860 καὶ
2892 4815 3153 4884 γεωργεῖν
3211 4800 3317 4885 δεῖ,
3365 4803 3503 4862 ἀλλὰ
3573 4795 3679 4864 καὶ*
3721 4812 3922 4889 ψυχῆς

507 4898 592 4953 tet
620 4899 678 4951 et
694 4893 912 4952 animae
933 4907 1136 4951 curam
1162 4890 1412 4952 habere.
1443 4913 1466 4948 ε
1495 4889 1707 4952 Nonne
1748 4890 1947 4952 anima
1976 4891 2161 4971 pluris

2283 4889 2558 4968 ροντίζειν.
2604 4911 2633 4945 ε
2693 4892 2829 4972 Οὐχὶ
2887 4894 2922 4961 ἠ
2956 4893 3112 4974 ψυχὴ
3153 4891 3346 4952 πλεῖόν
3397 4893 3507 4952 ἔστι
3539 4899 3654 4978 -τῆς
3682 4903 3923 4978 τροφῆς,

505 4987 595 5039 est
614 4997 790 5060 quam
821 4978 1011 5054 cibus,
1042 4989 1099 5041 et
1129 4998 1344 5061 corpus
1372 4999 1548 5062 quam
1572 4979 2162 5044 indumentum?Hoc

2283 4979 2331 5034 αὶ
2360 4979 2422 5034 τὸ
2450 4985 2607 5055 σῶμα
2639 4987 2732 5037 τοῦ
2759 4979 3050 5057 ἐνδύματος
3079 5001 3097 5063 ς
3135 5004 3159 5040 ε
3194 4983 3499 5061 Τοδτέστιν,
3536 4976 3594 5044 Ὀ
3625 4985 3687 5042 τὰ
3718 4976 3919 5062 μεῖζον

504 5075 614 5142 est,
650 5069 747 5148 qui
802 5069 993 5146 majus
1051 5068 1215 5131 dedit
1267 5087 1486 5150 nempe
1542 5070 1803 5131 animam
1859 5077 1917 5131 et
1945 5087 2160 5150 corpus

2283 5068 2388 5149 36¢,
2445 5068 2544 5137 τὴν
2600 5069 2789 5151 ψυχὴν
2832 5073 2920 5128 καὶ
2964 5073 3025 5129 τὸ
3083 5071 3241 5149 σῶμα
3291 5070 3612 5153 διαπλάσας,
3646 5076 3706 5134 ού
3747 5073 3920 5136 δὼσει

500 5155 693 5237 ipsum
721 5157 815 5216 54
843 5157 1139 5238 formavit,
1172 5178 1292 5221 non
1315 5158 1481 5220 dabit
1512 5166 1570 5221 et
1589 5158 1943 5222 alimentum
1975 5166 2033 5220 et
2061 5157 2157 5220 in-

2283 5158 2330 5214 αὶ
2359 5159 2558 5238 τροφὴν
2600 5159 2687 5215 καὶ
2715 5157 2977 5236 ἐνδύματα
3010 5181 3028 5244 ς

498 5243 856 5308 dumentum
883 5252 911 5308 ?

579 5337 768 5400 Vens.
804 5335 907 5396 26.
941 5357 964 5391 α
994 5334 1256 5415 Aspicite
1289 5336 1361 5398 ad
1382 5335 1638 5399 volatilia
1670 5337 1828 5414 coeli,
1867 5336 2007 5420 quia
2033 5355 2153 5400 non

493 5433 723 5501 serunt,
756 5443 952 5506 neque
983 5433 1231 5500 metunt,
1248 5445 1444 5507 neque
1466 5436 1830 5507 congregant
1849 5428 1910 5490 in
1933 5427 2156 5490 horre-

2325 5359 2353 5390 α
2403 5333 2740 5415 Ἐμόλέψατε
2770 5340 2842 5407 εἷς
2911 5342 2979 5400 τὰ
3051 5341 3269 5398 πετεινᾶ
3329 5343 3422 5398 τοῦ
3448 5341 3696 5424 ούρανοῦ,
3724 5343 3806 5402 ὅτι
3839 5345 3908 5404 οὔ

2235 5428 2558 5510 σπείρουσιν,
2617 5428 2734 5486 οὐδὲ
2829 5432 3141 5511 Θερίζουσιν,
3227 5427 3345 5488 οὐδὲ
3418 5433 3734 5514 σύνάγουσιν
3820 5437 3903 5501 εἰς

491 5533 589 5576 um
601 5523 683 5596 ,et
699 5518 870 5577 Pater
883 5523 1079 5576 vester
1100 5514 1364 5578 celestis
1380 5516 1567 5597 pascit
1587 5535 1677 5579 ea:
1689 5536 1887 5580 nonne
1905 5535 2009 5578 vos
2023 5511 2151 5579 lon-

2283 5518 2530 5592 τοθήκας,
2589 5520 2678 5576 καὶ
2747 5521 2775 5575 6
2850 5523 3035 5602 Πατὴρ
3104 5523 3254 5598 ὑμῶν
3326 5523 3355 5578 6
3422 5511 3658 5602 οὐράνιος
3717 5525 3906 5606 τρέφει

491 5622 563 5694 ge
587 5604 926 5686 praecellitis
950 5603 1115 5666 illa?n
1151 5605 1448 5670 Potuisset
1475 5607 1690 5670 aﬂ'erre
1711 5607 1771 5670 in
1805 5605 2144 5686 exemplum

2283 5607 2384 5670 ιτὰ.
2450 5611 2567 5689 Οὐχ
2622 5611 2780 5686 ὑμεῖς
2811 5609 3018 5688 μᾶλλον
3063 5610 3335 5693 διαφέρετε
3390 5616 3563 5673 αὐτῶν
3599 5635 3615 5694 ;
3653 5638 3682 5672 ε
3720 5603 3908 5676 δυνᾶ-

490 5693 716 5757 Heliam
768 5701 826 5757 et
879 5694 1200 5773 Joannem,
1233 5705 1292 5758 et
1350 5695 1624 5758 meminit
1673 5696 1865 5760 avium
1900 5715 1914 5760 :
1946 5703 2006 5759 ut
2039 5715 2147 5758 nos

2283 5715 2386 5758 ινος
2417 5709 2768 5778 παρενεγκεῖν
2837 5702 2909 5764 si;
2985 5700 3322 5782 παράδειγμα
3393 5703 3484 5760 16v
3553 5693 3769 5783 Ἦλίαν,
3802 5707 3912 5764 τδν
