4204 6416
263 313 386 386 ἳΩθ

949 316 1394 390 ENARRATIO
1435 321 1519 386 IN
1563 315 2074 388 EVANGELIUM
2116 317 2520 386 MATTILEI.
2566 352 2645 365 -
2685 321 2856 388 CAP.
2907 323 3043 388 VII.

3574 321 3697 388 210

271 448 551 523 Ἰωάννην,
627 454 917 530 μέμνηται
991 458 1099 511 τῶν
1170 460 1452 512 πετεινῶν·
1512 454 1606 512 ’ίνα
1673 455 1818 529 ἡμᾶς
1862 452 1943 509 έν-

2040 450 2270 531 pudore
2295 451 2544 528 alliciat,
2577 453 2736 536 quod
2791 472 2900 515 nos
2930 454 3120 534 magis
3152 455 3328 518 etiam
3362 473 3539 538 quem
3587 456 3692 522 illa

293 542 477 622 τρέψῃ,
557 540 642 599 ὅτι
714 544 810 600 καὶ
840 543 1043 600 τούτων
1072 542 1402 623 ἀλογώτεροί
1430 543 1617 620 έσμεν,
1677 543 1864 625 Τρέφει
1895 541 1950 599 δὲ

293 633 421 690 αὐτὰ
496 635 523 688 δ
548 634 704 706 Θεὸς,
739 635 908 698 ὶνοεὶς
979 633 1171 692 αὗτοῐς
1202 633 1432 713 ιρυσικὴν
1478 638 1673 712 γνῶσιν
1702 635 1833 712 πρὸς
1890 633 1951 688 τὸ

286 723 479 802 τροφὰς
506 721 786 801 συλλέγειν
799 767 813 781 .

370 834 401 869 σ
438 814 528 877 τίς
585 810 639 869 δὶ
699 810 752 878 έξ
805 813 954 886 ὑμῶν
999 817 1290 890 μεριμνῶν,
1363 810 1576 871 δύναται
1643 814 1947 892 προσθεῖναι

279 903 369 958 ἰπὶ
440 904 538 969 τὴν
559 900 770 970 ἡλικίαν
836 903 996 960 αὖτοῦ
1039 906 1223 982 πῆχυν
1245 902 1386 981 Eva;
1441 924 1466 961 ε
1543 907 1707 960 Τοῦτο
1759 922 1943 982 φησιν,

283 992 369 1049 ὅτι
459 991 564 1050 ιᾶν
641 997 924 1071 μεριμνᾷς,
988 989 1104 1050 οὐδὲ
1177 1005 1360 1055 ποιεῖς
1420 993 1499 1067 μὴ
1556 989 1800 1056 θέλοντος
1855 1001 1946 1052 τοῦ

291 1089 451 1143 Θεου.
496 1084 558 1141 Τί
594 1083 766 1139 τοίνυν
810 1087 1069 1161 περιττῶς
1099 1083 1454 1146 κατακόπτεις
1484 1083 1703 1139 σεαυτὸν
1731 1101 1748 1157 ;

386 1195 412 1228 ε
449 1173 545 1232 Καὶ
586 1173 698 1251 περὶ
727 1169 1012 1246 ένδῦματος
1083 1172 1133 1227 τί
1183 1176 1472 1249 μεριμνᾶτε
1506 1191 1523 1251 ;
1601 1170 1946 1248 Καταμᾶθετε

296 1264 364 1319 τα
419 1264 560 1340 κρίνα
596 1267 690 1318 τοῦ
758 1261 947 1339 ἀγροῦ,
991 1263 1106 1326 πῶς
1166 1257 1408 1326 αὖξάνειο
1457 1259 1518 1316 οὗ
1569 1260 1754 1333 κοπιᾷ,
1827 1257 1944 1316 οὐδὲ

294 1353 464 1419 νήθει,
497 1349 648 1427 Λέγω
676 1347 729 1406 δέ
755 1350 908 1423 ὑμῖν,
961 1345 1042 1404 ὅτι
1088 1346 1204 1406 οὖδὶ
1253 1347 1512 1424 Σολομὼν
1560 1346 1614 1403 ὲν
1671 1347 1816 1426 πάσῃ
1877 1352 1945 1424 τῇ

287 1438 412 1515 δόξῃ
468 1441 624 1496 αὗτώ
679 1435 1020 1517 περιεϐάλετο
1049 1438 1122 1499 ὡς
1174 1435 1228 1493 έν
1259 1436 1482 1498 τούτων.
1539 1455 1568 1496 )
1633 1439 1706 1495 Οὔ
1776 1435 1938 1512 μόνον

279 1529 392 1585 ἀπὸ
452 1531 561 1584 τῶν
612 1525 820 1604 ἆλόγων
876 1531 1092 1592 πτηνῶν
1154 1525 1390 1605 ἐντρέπει
1453 1526 1619 1600 ἡμᾶς,
1672 1523 1809 1581 ἀλλὰ
1849 1526 1937 1582 καὶ

2033 540 2263 628 ratione
2305 541 2722 604 destituamur.
2780 543 2973 605 Pascit
3010 551 3209 606 autem
3237 562 3339 607 eas
3372 542 3551 620 Deus,
3584 547 3688 628 qui

2031 626 2249 691 indidit
2279 629 2366 692 eis
2387 631 2719 695 naturalem
2751 632 3066 696 scientiam
3096 632 3170 695 ad
3201 633 3565 714 colligendas
3590 626 3688 698 es-

2033 735 2154 780 cas.

2113 809 2300 872 νειιε.
2332 809 2626 884 27.«Οιιίε
2653 819 2850 874 autem
2879 830 2951 874 ex
2982 809 3148 893 vobis
3176 812 3470 876 sollicitus
3491 820 3688 896 potest

2027 916 2330 978 apponere
2347 899 2420 961 ad
2451 908 2735 962 staturam
2768 919 2935 964 suam
2966 900 3235 964 cubitum
3267 907 3526 965 ωιαωῖε
3561 902 3686 968 Hoc

2027 987 2239 1068 inquit,
2273 989 2453 1069 quod,
2485 989 2624 1051 licet
2668 989 2961 1052 sollicitus
2992 991 3096 1063 sis,
3129 991 3277 1054 nihil
3313 992 3537 1074 poteris
3565 1011 3686 1055 non

2029 1077 2263 1139 volente
2288 1075 2434 1140 Deo.
2461 1077 2581 1142 Cur
2601 1079 2778 1159 igitur
2807 1079 2869 1142 in
2899 1098 3117 1141 vanum
3141 1081 3372 1144 crucias
3397 1081 3687 1162 teipsum?

2110 1166 2295 1228 Vens.
2324 1166 2426 1248 28,
2460 1169 2560 1232 29.
2601 1193 2628 1224 ι
2663 1167 2732 1229 Et
2761 1168 2837 1230 de
2869 1168 3221 1232 vestimento
3269 1169 3412 1250 quid
3448 1166 3686 1233 solliciti

2030 1254 2200 1316 estis?
2249 1254 2638 1320 Considerate
2669 1255 2792 1319 lilia
2821 1257 2974 1336 agri,
3009 1257 3306 1337 quomodo
3360 1266 3632 1320 crescant
3666 1278 3681 1319 :

2027 1360 2147 1405 non
2177 1344 2468 1420 laborant,
2505 1365 2698 1428 neque
2731 1353 2896 1408 nent.
2936 1344 3080 1407 Dico
3106 1354 3304 1408 autem
3330 1346 3685 1428 vobis,quod

2027 1449 2222 1514 neque
2252 1433 2533 1497 Salomon
2567 1437 2627 1496 in
2663 1437 2823 1498 omni
2849 1435 3040 1515 gloria
3069 1453 3176 1496 sua
3203 1435 3456 1497 amictus
3486 1434 3594 1497 fuit
3624 1442 3685 1498 ut

2019 1541 2202 1584 unum
2237 1543 2307 1588 ex
2335 1525 2488 1586 his.»
2511 1526 2642 1589 Non
2674 1526 2868 1587 solum
2901 1543 3010 1606 per
3031 1542 3172 1587 aves
3202 1526 3432 1586 ratione
3461 1543 3684 1588 caren-

279 1619 391 1674 ἀπὸ
442 1622 549 1673 τῶν
618 1617 805 1696 κρίνων
854 1621 961 1672 τῶν
1031 1614 1458 1693 μαραινομένων.
1491 1616 1549 1672 Εἰ
1601 1615 1701 1695 γὰρ
1745 1617 1772 1672 ὁ
1805 1617 1934 1680 Θεὸς

2034 1631 2107 1674 .es
2132 1631 2237 1676 nos
2267 1614 2571 1689 admonet,
2594 1615 2700 1677 sed
2733 1623 2791 1677 et
2815 1633 2920 1695 per
2960 1613 3086 1676 lilia
3114 1632 3246 1696 quae
3278 1622 3681 1677 marcescunt.

278 1713 471 1764 ὶκεῐτα
531 1705 697 1770 οὕτως
731 1702 1088 1780 ἐκαλλώπισε,
1143 1705 1312 1761 καίτοι
1410 1701 1676 1780 μηδεμιᾶς
1746 1705 1934 1785 χρείας

2034 1704 2170 1766 Nam
2198 1704 2247 1765 si
2279 1703 2443 1767 Deus
2468 1704 2571 1766 illa
2601 1705 2688 1767 sic
2713 1704 2965 1783 ornavit,
2992 1703 3262 1784 quamvis
3292 1701 3452 1764 nulla
3477 1721 3688 1766 neces-

284 1797 475 1876 αἶ’νσης,
550 1794 702 1868 πόσῳ
759 1793 959 1869 μᾶλλον
1003 1793 1103 1861 τὴν
1133 1793 1317 1874 χρείαν
1351 1798 1458 1849 τῶν
1496 1794 1768 1874 ἡμετέρων
1797 1793 1941 1851 ένδυ-

282 1888 471 1960 μάτων
520 1882 950 1962 ἀποπληρώσας
1030 1883 1267 1939 Δείκνυσι
1336 1880 1391 1938 δὲ
1444 1879 1553 1963 ὅτι,
1611 1881 1708 1940 κᾶν
1765 1883 1940 1941 πολλὰ

280 1977 648 2055 μεριμνήσης,
722 1975 782 2030 οὗ
851 1971 1050 2050 δυνήσῃ
1104 1970 1541 2040 ηλλωπισθῆναι
1567 1974 1640 2036 ὡς
1669 1973 1735 2029 τὰ
1764 1976 1932 2053 κρίνα·

276 2067 416 2124 ὅπου
484 2087 547 2142 γε
617 2063 870 2138 Σολομὼν
902 2065 930 2119 ὃ
961 2063 1360 2143 ιρρονιμὼτατος
1405 2062 1494 2117 καὶ
1541 2061 1938 2142 τρυφηλότατος

273 2155 361 2212 διὰ
436 2156 616 2221 πάσης
671 2157 830 2212 αὐτοῦ
890 2151 984 2220 τῆς
1053 2148 1326 2227 βασιλείας
1358 2150 1452 2206 οὐκ
1481 2148 1676 2231 ἴσχυσε
1710 2150 1936 2232 περιϐα-

273 2244 458 2301 λέσθαι
484 2266 533 2300 τι
568 2249 806 2299 τοιοῦτον
817 2289 830 2303 ,

377 2359 404 2387 ι
453 2336 508 2390 Εἰ
575 2331 630 2389 δὶ
703 2334 794 2388 τὸν
853 2333 1052 2411 χόρτον
1119 2329 1212 2387 τοῦ
1242 2331 1402 2409 ἀγροῦ
1432 2331 1667 2409 σήμερον
1697 2328 1822 2387 ὄντα
1849 2332 1938 2388 καὶ

287 2425 458 2500 αὔριον
533 2424 602 2484 εἰς
631 2418 883 2477 κλίϐανον
956 2416 1288 2495 βαλλόμενον
1344 2421 1371 2475 ὁ
1402 2420 1532 2483 Θεὸς
1555 2419 1721 2482 οὕτως
1765 2419 1938 2499 ἀμφι-

287 2515 505 2587 έννυσιν,
575 2513 634 2569 οὗ
703 2508 891 2584 πολλῷ
963 2507 1168 2584 μᾶλλον
1236 2509 1398 2584 ὑμᾶς,
1472 2507 1845 2589 ὀλιγόπιστοι;
1907 2531 1931 2568 I

285 2603 628 2675 Πανοένομεν
675 2598 934 2677 ivre-30w,
1021 2601 1100 2654 ὃτι
1147 2599 1207 2653 οὗ
1238 2595 1322 2653 δεῖ
1388 2597 1675 2678 φροντίζειν
1720 2597 1940 2657 καλλω-

279 2699 507 2767 πισμοῦ.
570 2697 731 2749 Τοῦτο
790 2689 890 2767 γὰρ
967 2695 1074 2744 τῶν
1131 2688 1464 2768 προσκαίρων
1536 2687 1730 2768 ἀνθέων
1778 2688 1937 2754 έστὶν,

287 2773 476 2837 "sine
535 2785 636 2842 πᾶς
691 2776 1184 2857 καλλωπιζόμενος,
1220 2767 1417 2858 χόρτος
1451 2775 1616 2840 έστὶν.
1657 2767 1822 2854 ’Υμᾶς
1892 2777 1946 2836 δὲ

293 2885 446 2945 εἶπε,
488 2870 610 2931 τοὺς
637 2867 900 2947 λογικούς,
956 2871 1042 2932 οἷς
1100 2871 1284 2947 ψυχῆν
1307 2868 1396 2924 καὶ
1428 2872 1584 2943 σῶμα
1642 2865 1942 2925 διέπλασεν·

2022 1793 2164 1853 sitas
2194 1793 2410 1872 exigat,
2459 1801 2678 1875 quanto
2732 1792 2919 1872 magis
2961 1791 3271 1872 penuriam
3320 1806 3588 1855 nosuam
3620 1791 3682 1855 in

2020 1882 2281 1945 vestibus
2339 1882 2671 1964 supplebit?
2732 1881 3016 1946 Ostendit
3072 1888 3270 1944 autem
3327 1882 3485 1962 quod
3543 1881 3683 1944 licet

2023 1973 2274 2034 multum
2325 1972 2615 2034 sollicitus
2667 1971 2771 2046 sis,
2798 1991 2917 2032 non
2978 1971 3201 2052 poteris
3251 1977 3448 2031 tamen
3479 1972 3679 2032 ornari

2021 2060 2176 2122 sicut
2204 2062 2328 2124 lilia
2364 2082 2378 2122 :
2416 2060 2903 2144 quandoquidem
2960 2077 3156 2141 neque
3205 2058 3488 2121 Salomon
3533 2076 3679 2139 pru-

2023 2150 2408 2214 dentissimus
2443 2161 2504 2214 et
2541 2150 3000 2212 delicatissimus
3027 2150 3090 2210 in
3140 2147 3306 2211 omni
3354 2165 3539 2228 regno
3572 2167 3679 2211 suo

2023 2241 2215 2322 potuit
2242 2241 2441 2303 ornari
2473 2249 2538 2303 ut
2567 2259 2749 2303 unum
2775 2258 2845 2301 ex
2876 2239 3018 2302 illis.

2103 2331 2285 2393 Vsus.
2324 2330 2422 2392 30.
2466 2352 2489 2387 ε
2527 2329 2697 2403 Quod
2735 2329 2786 2390 si
2829 2345 3076 2408 gramen
3105 2328 3254 2404 agri,
3311 2324 3470 2408 quod
3502 2325 3682 2388 hodie

2022 2436 2158 2480 cum
2182 2418 2282 2496 sit,
2312 2438 2447 2482 cras
2478 2421 2536 2481 in
2569 2419 2869 2480 clibanum
2901 2415 3347 2492 mittitur,Deus
3368 2415 3455 2479 sic
3475 2415 3676 2493 vestit,

2022 2525 2098 2568 an
2129 2525 2246 2569 non
2293 2509 2476 2571 multo
2517 2511 2704 2588 magis
2731 2506 2898 2568 vobis
2926 2506 2986 2568 id
3017 2504 3216 2581 faciet,
3248 2523 3459 2586 parum
3491 2504 3678 2568 fiden-

2025 2603 2175 2660 tes?»
2204 2597 2506 2662 Discimus
2536 2599 2648 2660 hoc
2681 2598 2813 2660 loco
2845 2595 3006 2680 quod
3038 2595 3236 2657 nullus
3267 2611 3478 2658 curare
3500 2593 3681 2658 debet

2025 2695 2326 2748 ornatum.
2361 2689 2488 2751 Hoc
2537 2687 2697 2750 enim
2744 2685 3102 2749 caducorum
3136 2685 3348 2746 florum
3379 2691 3508 2746 est:
3543 2684 3678 2766 qui-

2031 2794 2264 2856 cunque
2291 2796 2398 2856 ego
2431 2785 2696 2850 ornatur,
2734 2776 2934 2838 fenum
2968 2783 3078 2836 est.
3113 2775 3234 2835 Vos
3263 2781 3462 2835 autem
3504 2772 3679 2850 dixit,

2029 2866 2376 2947 rationales,
2410 2867 2627 2950 quibus
2659 2869 2816 2930 Deus
2846 2865 3107 2927 animam
3136 2873 3196 2927 et
3214 2881 3435 2944 corpus
3462 2863 3682 2925 forma-

294 2959 631 3035 ὀλιγόπιστοι
673 2956 725 3012 δὲ
754 2958 939 3022 πάντες
999 2959 1045 3013 οἱ
1078 2963 1459 3035 μεριμνῶντες.
1495 2955 1697 3038 Είςγὰρ
1741 2959 1943 3016 τελείαν

2034 2957 2131 3020 vit.
2165 2960 2380 3020 Parum
2414 2958 2605 3019 fidunt
2651 2965 2848 3019 autem
2899 2972 3109 3016 omnes
3154 2952 3418 3018 solliciti.
3451 2950 3598 3015 Nam
3625 2951 3676 3014 si

289 3049 463 3126 εἶχον
522 3046 595 3108 είς
651 3048 773 3101 Θεὸν
823 3044 1022 3118 πίστιν,
1097 3043 1192 3102 οὐκ
1251 3043 1313 3102 ἄν
1397 3045 1694 3122 έμερίμνων
1778 3045 1943 3112 οὕτως

285 3133 604 3198 ένενδότως.

365 3249 397 3280 α
459 3225 549 3292 Μὴ
605 3223 690 3280 οὖν
744 3224 1136 3302 μεριμνήσητε,
1199 3221 1468 3302 λέγοντες·
1500 3224 1561 3283 Τί
1591 3225 1871 3306 φάγωμεν,
1903 3225 1938 3294 ἢ

269 3315 322 3371 τί
409 3314 641 3389 πίωμεν,
701 3312 736 3380 ἦ
793 3313 842 3370 τί
911 3310 1363 3393 περίδαλώμεθα;
1410 3313 1588 3372 Πέντα
1635 3315 1735 3394 γὰρ
1777 3323 1940 3373 ταῦτα

275 3406 344 3462 τὰ
372 3405 498 3469 ἔθνη
558 3401 832 3474 έπιζητεῐ.
876 3425 900 3456 ιι
977 3403 1047 3460 Τό
1105 3402 1200 3477 μὲν
1257 3415 1459 3483 φαγεῖν.
1508 3402 1568 3460 οὗ
1623 3403 1838 3464 κωλύει.
1873 3407 1944 3464 Τὸ

277 3490 333 3548 δὲ
391 3491 593 3571 λέγειν,
655 3491 716 3548 Τί
785 3490 1090 3569 φάγωμενς
1165 3480 1382 3550 κωλύει,
1446 3480 1531 3548 "0
1589 3489 1833 3570 λέγουσιν
1897 3497 1944 3549 οἱ

278 3581 530 3638 πλοὺσιοι
584 3577 677 3659 ἀφ’
717 3579 970 3659 ἑσπέρας
1036 3580 1096 3638 Τί
1165 3583 1418 3660 φάγωμεν
1491 3579 1718 3660 αὔριον,
1819 3584 1942 3656 ὁρᾷς

281 3672 361 3727 ὅτι
396 3672 496 3738 τὴν
525 3670 725 3750 τρυφὴν
771 3671 857 3725 καὶ
886 3669 984 3739 τὴν
1026 3667 1171 3747 ὕϐριν
1202 3668 1420 3728 κωλὺει.

371 3871 399 3903 ε
435 3846 565 3905 Οῖδε
613 3849 714 3928 γὰρ
744 3850 773 3904 ὁ
819 3849 1002 3927 Πατὴρ
1029 3850 1177 3923 ὑμῶν
1235 3850 1262 3903 ὁ
1309 3847 1547 3928 οὐράνιος
1587 3850 1668 3906 ὃτι
1713 3856 1942 3930 χρῇζετε

280 3937 483 3995 τοὺτῶν
512 3937 790 3998 ἁπάντων.
851 3945 1074 4005 Ζητεττε
1127 3935 1182 3992 δὲ
1254 3943 1460 4016 πρῶτον
1506 3939 1605 4006 τὴν
1665 3937 1944 4015 βασιλείαν

275 4029 374 4084 τοῖν
419 4029 578 4106 Θεοῦ,
636 4028 722 4083 καὶ
794 4027 894 4094 τὴν
969 4025 1304 4094 δικαιοσὺνην
1381 4031 1560 4108 αὐτοῦ,
1621 4029 1709 4086 καὶ
1776 4038 1940 4090 ταῦτα

276 4116 459 4171 πάντα
517 4117 932 4194 προστεθήσεται
990 4117 1142 4191 ὑμῖν.
1214 4137 1236 4171 ε
1303 4114 1549 4173 Βασιλεία
1606 4126 1700 4176 τοῦ
1783 4125 1934 4192 Θεοῦ,

2028 3045 2350 3127 perfectam
2381 3048 2440 3108 in
2473 3049 2661 3110 Deum
2687 3043 2980 3108 baberent
3002 3043 3334 3116 fidem,non
3356 3049 3474 3104 tam
3507 3042 3680 3104 enixe

2025 3135 2268 3198 solliciti
2293 3147 2516 3198 essent.

2105 3226 2287 3289 Vens.
2313 3227 2417 3302 31,
2438 3224 2540 3288 32.
2570 3226 2694 3289 «Ne
2715 3222 2894 3303 igitur
2922 3220 3163 3284 solliciti
3193 3220 3327 3284 sitis
3355 3220 3626 3283 dicentes
3659 3237 3672 3282 :

2023 3312 2174 3387 Quid
2208 3315 2476 3397 edemus,
2509 3323 2607 3377 aut
2636 3313 2777 3394 quid
2818 3311 3118 3391 bibemus,
3148 3319 3248 3372 aut
3279 3308 3494 3390 quibus
3526 3328 3678 3389 ope-

2027 3404 2283 3467 riemur?
2314 3405 2451 3468 Haec
2478 3405 2638 3466 enim
2670 3400 2873 3464 omnia
2919 3408 3127 3477 gentes
3182 3406 3476 3479 quarunt.
3509 3418 3534 3453 ι
3562 3401 3687 3463 60-.

2030 3495 2275 3557 medere
2307 3495 2586 3558 etbibere
2609 3511 2726 3554 non
2753 3489 3260 3571 prohibet,dicere
3288 3486 3677 3562 autem,Quid

2027 3584 2448 3647 comedemus?
2477 3582 2755 3666 prohibet
2786 3599 2800 3644 :
2830 3581 2986 3643 sicut
3029 3578 3237 3640 dicunt
3278 3576 3520 3666 divites,
3540 3594 3678 3666 res-

2028 3673 2178 3754 peri,
2213 3672 2365 3746 Quid
2391 3665 2774 3738 comedemus
2806 3675 3010 3733 mane?
3033 3667 3214 3730 Vides
3244 3665 3402 3748 quod
3433 3665 3681 3728 delicias

2026 3770 2084 3824 et
2117 3763 2320 3826 luxum
2353 3763 2655 3844 prohibet.

2105 3850 2288 3915 Vsus.
2325 3843 2424 3934 39,
2457 3852 2555 3917 33.
2590 3877 2616 3908 ε
2652 3850 2780 3915 Scit
2811 3848 2972 3910 enim
3005 3851 3176 3910 Pater
3207 3853 3403 3908 vester
3459 3843 3676 3908 coeles-

2026 3941 2100 4004 tis
2131 3942 2286 4023 quod
2319 3942 2549 4004 habetis
2574 3941 2668 4004 his
2699 3938 2979 4002 omnibus
3008 3955 3176 4018 opus.
3211 3935 3463 4010 Quaerite
3483 3942 3680 3995 autem

2025 4030 2284 4112 primum
2340 4051 2588 4114 regnum
2645 4030 2754 4093 Dei
2813 4037 2870 4090 et
2920 4027 3214 4106 justitiam
3257 4026 3410 4114 ejus.
3439 4032 3499 4086 et
3554 4023 3682 4087 hac

2025 4121 2227 4182 omnia
2250 4113 2626 4201 apponentur
2656 4119 2883 4182 vobis.)
2919 4115 3188 4196 Regnum
3224 4115 3354 4188 Dei,
3389 4113 3680 4201 bonorum

281 4207 320 4271 ἦ
375 4203 670 4270 ἀπόλαυσις
703 4209 808 4291 τξδν
839 4204 1076 4284 ἀγαθῶν·
1137 4203 1270 4273 αὕτη
1341 4204 1393 4262 δὲ
1452 4204 1537 4266 διὰ
1603 4204 1940 4277 δικαιοσύνης

2034 4208 2225 4272 fruitio
2256 4199 2347 4272 est
2379 4229 2394 4274 :
2425 4210 2527 4274 illa
2543 4219 2740 4273 autem
2773 4227 2880 4291 per
2899 4207 3187 4287 justitiam
3217 4199 3680 4284 contingit.0m-

292 4296 650 4372 προσγίνεται,
727 4284 924 4358 ’Ὅστις
977 4295 1065 4351 οὖν
1096 4302 1252 4366 ζητεῖ
1278 4295 1346 4351 τὰ
1386 4297 1738 4371 πνευματικὰ,
1771 4319 1943 4376 προτι-

293 4387 483 4440 «eum.
556 4385 726 4456 τούτῳ
780 4385 870 4439 καὶ
953 4385 1020 4442 τὰ
1101 4384 1384 4460 σωματικὰ
1440 4386 1576 4441 κατὰ
1645 4384 1950 4466 φιλοτιμίαν

296 4480 448 4535 Θεοῦ.

373 4587 404 4619 σ
466 4563 556 4630 Μὴ
641 4564 731 4620 οὖν
787 4565 1153 4643 μεριμνήσητε
1236 4565 1307 4630 είς
1353 4563 1453 4631 τὴν
1531 4561 1727 4644 αὔριον·
1774 4568 1808 4634 ἡ
1853 4568 1952 4646 γὰρ

283 4655 466 4732 αὔριον
539 4655 857 4732 μεριμνήσει
915 4654 980 4710 τὰ
1019 4655 1234 4720 ἑαυτῆς·
1286 4653 1510 4733 ἀρκετὸν
1561 4659 1628 4730 τῇ
1691 4656 1864 4734 ἡμέρᾳ
1914 4658 1948 4725 ἠ

278 4743 444 4801 κακία
501 4744 692 4811 αὐτῆς.
741 4765 765 4801 ε
860 4744 1059 4802 Κακίαν
1117 4742 1319 4815 ἡμέρας
1390 4743 1490 4811 τὴν
1541 4742 1816 4822 συντριϐὴν
1863 4748 1952 4804 καὶ

277 4833 381 4898 τὴν
443 4833 679 4890 κάκωσιν
729 4831 898 4911 λέγει·
965 4837 1106 4908 οἷον,
1141 4829 1394 4911 Ἀρκετὸν
1450 4853 1534 4889 σοι
1579 4831 1662 4889 ὅτι
1703 4833 1950 4916 συντρίϐῃ

496 4927 596 4989 τῆς
654 4924 912 5000 σήμερον,
961 4923 1005 4978 εί
1037 4919 1211 4978 δὲκαὶ
1280 4921 1410 5000 ὑπὲρ
1463 4925 1560 4990 τῆς
1627 4920 1801 5004 αὔριον
1845 4947 1950 5002 με-

279 5015 590 5087 ριμνήσεις,
644 5013 772 5070 πότε
845 5011 1138 5092 σχολάσεις
1198 5018 1275 5087 τῷ
1329 5017 1469 5093 Θεῷ,
1532 5012 1613 5070 ἀεὶ
1671 5014 1949 5097 συντρίϐων

284 5106 512 5160 σεαυτὸν
539 5103 670 5182 ὗπὲρ
697 5105 804 5158 τῶν
834 5107 1154 5175 σωματικῶν
1189 5120 1206 5176 ς

927 5198 1180 5254 ΚΕΦΛΛ.
1241 5179 1319 5254 z'.

287 5286 418 5362 Περὶ
507 5291 598 5341 τοῦ
675 5285 870 5362 κρίνειν
960 5279 1185 5362 μηδένσ³
1256 5279 1382 5362 περὶ.
1445 5283 1537 5338 τοῦ
1611 5284 1804 5357 αἰτεῖν,
1865 5279 1954 5343 καὶ

369 5359 576 5436 ζητεῖν·
647 5359 766 5442 περὶ
822 5369 916 5420 τοῦ
988 5360 1274 5442 προσέχειν
1358 5359 1466 5417 ἀπὸ
1563 5369 1668 5421 τῶν
1751 5363 1948 5441 ψευδο-

368 5450 681 5528 προφητῶν.

368 5561 388 5594 ε
427 5539 511 5604 Μὴ
567 5537 800 5616 κρίνετε,
851 5533 950 5590 ἵνα
1010 5533 1088 5608 μὴ
1137 5531 1355 5612 κριθῆτε
1385 5537 1400 5595 l
1432 5555 1478 5617 _n
1527 5534 1662 5615 Θῦχὶ
1687 5536 1748 5592 τὸ
1789 5534 1950 5617 ἐλέγ-

286 5649 391 5710 χειν
471 5611 700 5708 κωλόει,
771 5622 916 5680 ἀλλὰ
947 5623 1009 5678 τὸ
1038 5643 1392 5701 κατακρινειν.
1431 5611 1492 5680 ὀ
1529 5611 1643 5699 μέν-
1674 5625 1774 5708 γὰρ
1805 5611 1952 5707 aq-

1961 4267 2008 4323 υ

2034 4300 2092 4360 ni
2123 4299 2298 4379 igitur
2327 4299 2619 4379 querenti
2653 4295 3309 4376 spiritualia,adduntur
3338 4293 3514 4356 etiam
3540 4309 3680 4354 cor-

2036 4389 2282 4471 poralia,
2308 4409 2376 4454 ex
2415 4389 2770 4453 liberalitate
2799 4386 2932 4449 Dei.

2119 4557 2307 4624 Vsus.
2337 4556 2565 4623 34..Ne
2595 4557 2773 4637 igitur
2802 4553 3044 4618 solliciti
3073 4551 3198 4615 sitis
3226 4552 3288 4613 in
3321 4550 3676 4615 crastinum:

2036 4669 2177 4714 nam
2207 4651 2338 4713 dies
2358 4649 2648 4714 crastinus
2671 4663 2875 4709 curam
2907 4641 3150 4705 habebit
3187 4639 3470 4722 suiipsius
3503 4658 3516 4700 :
3557 4637 3684 4699 suf-

2034 4741 2159 4805 ﬁcit
2185 4741 2347 4805 enim
2376 4739 2498 4803 diei
2519 4757 2626 4801 sua
2656 4734 2901 4797 malitia.
2939 4759 2968 4789 an
3001 4731 3284 4795 Malitiam
3315 4729 3455 4800 diei,
3489 4727 3684 4790 afﬂic-

2034 4835 2254 4895 tionem
2314 4839 2373 4893 et
2420 4827 2815 4892 calamitatem
2863 4829 3056 4885 vocat.
3091 4818 3322 4882 Sufﬁcit
3355 4818 3516 4880 enim
3549 4816 3680 4894 tibi,

2034 4922 2194 5006 quod
2225 4919 2514 4984 hodierna
2541 4913 2865 5006 afﬂictione
2894 4908 3168 5006 obrueris
3198 4907 3409 5006 :quod_
3427 4905 3478 5006 si
3507 4914 3577 5006 et
3581 4925 3688 4987 pro

2035 4997 2299 5076 crastino
2348 5008 2640 5072 sollicitus
2696 5004 2906 5075 fueris,
2959 5000 3200 5080 quando
3254 4997 3486 5059 vacabis
3537 4999 3686 5074 Deo,

2038 5120 2278 5184 semper
2311 5097 2687 5180 temetipsum
2719 5092 3000 5184 crucians
3025 5107 3130 5171 pro
3155 5087 3564 5169 corporalibus
3591 5091 3603 5145 !

2638 5183 2881 5252 CAPUT
2927 5181 3051 5246 Vll.

2039 5276 2132 5339 55
2163 5274 2343 5356 Quod
2372 5289 2496 5336 non
2520 5270 2696 5335 liceat
2738 5269 2810 5331 de
2844 5279 3147 5356 quoquam
3188 5261 3498 5356 judicare:
3530 5259 3696 5356 Quo-

2120 5341 2295 5423 modo
2330 5361 2534 5431 petere
2564 5362 2619 5416 et
2651 5341 2926 5431 quaerere
2953 5341 3294 5431 debeamus.
3322 5342 3492 5417 Quod
3521 5341 3697 5403 nobis

2121 5425 2460 5504 cavendum
2488 5433 2567 5496 sit
2595 5449 2636 5493 a
2660 5425 2814 5509 Tasis
2837 5425 3173 5509 prophetis.

2123 5532 2311 5597 Vens.
2339 5535 2396 5591 1.
2435 5551 2463 5584 σ
2486 5525 2574 5591 Ne
2595 5521 2899 5606 judicetis,
2931 5525 3092 5581 utne
3113 5514 3540 5598 judicemini.»
3565 5513 3696 5577 Non

2042 5619 2493 5708 reprehendere
2523 5608 2936 5698 prohibet,sed
2968 5606 3414 5670 condemnare:
3450 5624 3585 5668 nam
3607 5623 3702 5694 r0-
