4204 6400
488 280 613 361 2Ῑῶ

1450 274 2047 351 THEOPHYLACTI
2090 273 2503 351 BULGARI‘E
2545 274 2913 341 ARCHIEP.

3768 271 3886 338 216

488 416 749 505 stringit,
778 434 917 493 nam
950 424 1010 495 et
1035 415 1300 505 Joannes
1326 414 1464 478 talia
1504 415 1600 505 eis,
1636 413 1894 476 dicebat.
1927 410 2133 505 Arbori

2228 407 2582 486 ἀποτείνεται,
2656 411 2745 466 καὶ
2813 410 2842 467 ὃ
2916 408 3167 478 Ἰωάννης
3246 412 3346 491 γὰρ
3416 411 3635 469 τοιαῦτα
3696 413 3881 473 αὐτοῖς

489 502 692 570 antem
718 499 952 570 confert
985 504 1316 582 hominem,
1351 523 1421 567 eo
1448 503 1606 593 quod
1656 508 1854 584 potest
1888 521 1924 565 a
1954 499 2140 563 sterili

490 604 739 678 peccato
768 595 830 659 in
854 596 1131 657 virtutem
1169 594 1375 659 inseri.

571 771 750 837 Vm.
775 776 877 837 21.
908 797 935 829 ι
974 774 1107 837 Non
1140 773 1335 836 omnis
1358 772 1457 854 qui
1481 771 1626 834 dicit
1654 770 1828 852 mihi,
1862 768 2137 848 Domine,

486 862 764 935 Domine,
825 862 1069 925 intrabit
1117 863 1179 925 in
1238 880 1489 942 regnum
1541 861 1828 924 calorum
1865 858 2007 923 :sed
2041 857 2139 940 qui

480 951 623 1015 facit
662 953 1026 1017 voluntatem
1068 954 1264 1017 Patris
1313 953 1456 1029 mei,
1513 951 1616 1033 qui
1658 951 1720 1012 in
1751 950 1917 1012 caelis
1957 957 2067 1010 est.
2109 972 2132 1003 ιι

482 1040 611 1109 Hoc
639 1041 769 1113 loco
796 1042 1055 1105 ostendit
1084 1044 1345 1125 seipsum
1378 1036 2137 1125 Dominum,dicendo,Non

485 1130 683 1194 omnis
710 1131 811 1211 qui
842 1131 989 1193 dicit
1022 1130 1189 1202 mihi,
1226 1129 1503 1204 Domine,
1550 1127 1825 1202 Domine,
1876 1144 2009 1187 nam
2056 1124 2138 1185 ita

486 1236 553 1283 se
576 1227 638 1283 et
666 1220 854 1282 Deum
905 1219 1074 1283 dicit.
1106 1218 1289 1281 Docet
1317 1229 1511 1280 autem
1543 1236 1673 1291 nos,
1707 1217 1757 1277 si
1786 1215 1966 1278 ﬁdem
1995 1214 2133 1276 abs-

486 1327 603 1390 que
626 1309 905 1390 operibus
936 1308 1342 1385 habuerimus,
1387 1306 1535 1368 nihil
1566 1305 1735 1367 nobis
1763 1323 1891 1367 eam
1927 1304 2133 1384 profu-

485 1405 699 1460 turam.
738 1396 886 1459 Nam
919 1398 1199 1477 dicendo,
1244 1396 1357 1470 Qui
1400 1396 1539 1457 facit
1592 1396 1975 1468 voluntatem,
2017 1412 2135 1454 non

486 1485 635 1549 dicit
650 1486 750 1567 qui
769 1488 955 1549 semel
978 1486 1251 1561 facit,sed
1275 1486 1375 1568 qui
1401 1503 1586 1566 usque
1606 1484 1679 1546 ad
1703 1492 1952 1544 mortem
1973 1483 2132 1544 facit.

488 1576 562 1639 Et
596 1595 716 1638 non
746 1575 1299 1651 dixit,Voluntatem
1322 1593 1622 1647 meam,ne
1639 1573 2137 1637 oﬁenderetaudi-

484 1665 1005 1747 tores,sed,Patris
1024 1665 1427 1729 mei.0mnino
1446 1674 1643 1726 autem
1668 1682 1786 1726 una
1807 1664 2138 1744 eademque

483 1753 755 1817 voluntas
776 1762 866 1815 est
895 1755 1074 1835 patris
1097 1763 1155 1816 et
1189 1754 1319 1831 ﬁlii,
1351 1753 1466 1816 nisi
1497 1753 1761 1833 degener
1791 1753 1869 1813 sit
1896 1752 2076 1815 ﬁlius.

565 1840 1170 1935 YERS.2‘2,23.¢Multi
1200 1843 1400 1935 dicent
1430 1843 1576 1904 mihi
1600 1844 1660 1905 in
1683 1842 1782 1935 die
1811 1841 2132 1935 illazDomi-
2160 1887 2197 1935 Β

2224 494 2396 577 ἔλεγε.
2476 497 2680 577 Δὲνδρῳ
2748 496 2803 555 δὲ
2860 499 3131 572 ἀπεικάζει
3160 501 3253 557 τὸν
3286 498 3594 580 ἄνθρωπον,
3627 496 3761 556 διότι
3790 497 3881 554 δὺο

2223 608 2375 643 ναται
2446 586 2878 668 ἒγκεντρισθῆναι
2954 588 3061 645 ἀπὸ
3143 589 3240 657 τῆς
3312 589 3550 669 ἀκάρπου
3623 587 3883 665 ἁμαρτίας

2223 676 2298 739 εἰς
2328 676 2419 756 ἀρε
2429 678 2548 746 τὴν.

2311 789 2335 821 ιι
2412 769 2485 825 Οὒ
2538 773 2643 831 πᾶς
2714 768 2742 824 6
2852 766 3025 847 λέγων
3082 789 3197 844 μοι,
3277 767 3456 847 Κύριε,
3528 764 3878 823 εἰσελευὲσεται

2223 856 2295 919 εἰς
2353 855 2452 923 τὴν
2509 854 2780 934 βασιλείαν
2812 857 2918 915 τῶν
2963 860 3221 937 οὐρανῶν,
3250 854 3370 913 ἀλλ’
3398 858 3428 912 6
3456 862 3623 915 ποιῶν
3650 857 3711 913 τὸ
3782 854 3879 911 Θέ-

2220 942 2373 1020 λημα
2424 952 2515 1001 τιοῦ
2567 948 2768 1024 [ἰατρὸς
2825 969 2929 1022 μου
2986 952 3080 1003 τοῦ
3131 945 3185 1002 ἰν
3243 947 3505 1025 οὐρανοῖς.
3538 969 3561 1003 ι
3623 944 3882 1003 Ἐνταῦθα

2220 1032 2568 1092 ἐπιδείκνυσιν
2598 1036 2784 1092 ἑαυτὸν
2840 1036 3052 1115 Κύριον,
3104 1034 3160 1091 ἐν
3214 1042 3291 1109 τῷ
3344 1037 3537 1092 εἰπεῖν·
3574 1034 3645 1092 Οὐ
3689 1040 3790 1097 πὰς
3852 1034 3883 1089 6

2219 1122 2392 1203 λέγων
2440 1147 2555 1200 μοι,
2634 1126 2809 1205 Κύριε,
2864 1127 3050 1205 Κύριε,
3082 1125 3219 1182 ὥστε
3267 1126 3396 1181 Θεὸν
3449 1126 3634 1181 ἑαυτὸν
3704 1123 3879 1202 λέγει,

2217 1210 2446 1270 δ.δάσκει
2513 1212 2567 1269 δὲ
2622 1216 2764 1291 ἡμᾶς
2820 1213 2925 1289 ὅτι,
2986 1214 3077 1271 ἐὰν
3104 1216 3281 1271 πίστιν
3326 1216 3493 1295 χωρὶς
3524 1212 3691 1294 ἔργων
3722 1211 3884 1293 ἔχω-

2217 1322 2338 1375 μεν,
2400 1299 2543 1359 οόδὲν
2592 1301 2652 1360 ἐκ
2704 1304 2890 1361 τούτου
2921 1301 3291 1383 ὠφελοὺμεθαθ
3342 1306 3370 1359 6
3430 1303 3530 1382 γὰρ
3577 1307 3744 1359 ποιῶν
3814 1301 3883 1356 τὸ

2218 1389 2455 1472 θέλημα,
2489 1392 2584 1447 οὐκ
2628 1392 2784 1449 εἶπεν
2842 1394 2869 1449 ὁ
2929 1390 3066 1457 ἃπαξ
3090 1394 3345 1470 ποιήσας,
3379 1390 3502 1448 ἀλλ’
3546 1394 3574 1448 ὁ
3614 1390 3742 1471 ἄχρι
3772 1393 3879 1446 θα-

2220 1479 2377 1535 νάτου
2446 1486 2639 1540 ποιῶν.
2702 1483 2799 1541 Καὶ
2860 1483 2953 1539 οὐκ
2996 1481 3145 1559 εἷπε,
3180 1484 3241 1538 το
3266 1480 3479 1557 θέλημά
3520 1504 3643 1557 μου,
3676 1481 3769 1535 ἵνα
3794 1479 3881 1555 μὴ

2220 1566 2544 1646 σκανδαλισῃ
2616 1571 2736 1634 τοὺς
2795 1570 3114 1645 ἀκούοντας,
3186 1569 3346 1645 ἀλλὰ,
3390 1574 3484 1629 του
3508 1572 3712 1650 Πατρὸς
3743 1583 3873 1644 μου·

2217 1658 2427 1723 πάντως
2460 1656 2513 1715 δὲ
2541 1658 2597 1714 ἓν
2663 1658 2870 1736 θέλημα
2940 1662 3139 1741 πατρὸς
3170 1664 3260 1718 καὶ
3300 1662 3433 1742 υἱοῦ,
3485 1660 3573 1717 ἐὰν
3605 1661 3698 1717 οὒκ
3725 1658 3877 1715 ἔστιν

2216 1745 2525 1814 ἀποστάτης
2557 1750 2585 1803 ὁ
2613 1749 2745 1812 υίὸς,

2305 1856 2330 1891 ε
2387 1834 2584 1893 Πολλοὶ
2635 1836 2808 1917 ἒροῦσί
2878 1861 2968 1912 μοι
2999 1837 3054 1895 ἐν
3109 1837 3285 1916 ἐκείνῃ
3341 1838 3636 1919 τῇἡμὲρφ
3689 1839 3879 1916 Κὺριε,

485 1929 1075 2013 ne,Domine,nonne
1098 1935 1155 1994 in
1173 1932 1414 1995 nomine
1437 1940 1535 1994 tuo
1558 1932 2133 2013 prophetavimus,et

2222 1925 2399 2003 Κὺριε,
2459 1929 2519 1984 οὔ
2588 1932 2665 2000 τῷ
2716 1933 2794 2001 σῷ
2824 1928 3050 2003 ὀνόματι
3126 1929 3624 2009 προεφητεὺσαμεν,
3678 1928 3881 2001 καὶτῷ

483 2022 544 2083 in
575 2022 819 2085 nomine
854 2031 953 2085 tuo
985 2022 1280 2084 daemonia
1307 2022 1670 2102 ejicimus,et
1688 2020 1750 2081 in
1769 2020 2011 2083 nomine
2036 2029 2133 2082 tuo

479 2109 725 2174 virtutes
768 2112 984 2175 multas
1027 2110 1308 2175 fecimus?
1348 2111 1419 2174 Et
1462 2120 1604 2173 tunc
1635 2109 1965 2174 conﬁtebor
1994 2110 2082 2172 eis
2114 2130 2127 2173 :

482 2198 795 2283 Nunquam
846 2202 1095 2279 cognovi
1146 2219 1277 2282 vos,
1308 2200 1596 2262 disccdite
1640 2218 1675 2261 a
1718 2217 1839 2279 me,
1871 2200 2134 2280 Operarii

481 2289 875 2371 iniquitatis.»
912 2290 1081 2352 Multi
1113 2310 1245 2352 cum
1278 2289 1601 2372 praedicare
1631 2287 2131 2369 incipiebant,eji-

484 2378 721 2443 ciebant
741 2379 1070 2444 daemonia:
1106 2388 1167 2442 et
1195 2378 1467 2462 quamvis
1498 2377 1725 2457 indigni
1764 2388 1988 2453 essent,
2026 2396 2134 2459 per

482 2486 704 2530 nomen
730 2467 873 2531 Jesu
903 2469 1181 2547 fugabant
1206 2467 1534 2531 daemones.
1555 2466 1701 2529 Nam
1732 2468 1916 2544 gratia
1951 2469 2128 2529 etiam

484 2574 594 2638 per
621 2557 898 2638 indignos
918 2559 1127 2621 efﬁcax
1151 2566 1262 2635 est,
1298 2557 1457 2620 sicut
1486 2575 1593 2638 per
1613 2556 1888 2635 indignos
1920 2575 2129 2619 sacer-

484 2645 654 2711 dotes
682 2649 1119 2710 sanctiﬁcamur
1154 2665 1167 2707 :
1202 2654 1261 2709 et
1287 2646 1470 2708 Judas
1507 2665 1742 2728 quoque
1771 2646 1940 2723 signa
1969 2647 2127 2725 fecit,

482 2743 542 2798 et
569 2734 675 2796 ﬁlii
705 2734 931 2800 Scevae.
957 2736 1124 2810 Quod
1156 2743 1354 2797 autem
1377 2734 1540 2808 dicit,
1574 2733 1885 2815 Nunquam
1919 2754 2134 2811 cogno-

482 2824 539 2887 vi
570 2841 696 2901 vos,
720 2825 835 2888 hoc
862 2825 1010 2902 vult,
1042 2826 1251 2905 Neque
1279 2833 1442 2898 tunc,
1468 2823 1704 2904 quando
1738 2823 2024 2886 miracula
2044 2824 2132 2885 fa-

2217 2017 2296 2086 σῷ
2323 2014 2542 2090 ὀνόματι
2601 2012 2848 2091 δαιμόνια
2879 2015 3251 2093 ἐξεϐάλλομεν,
3286 2020 3374 2074 καὶ
3416 2018 3492 2091 τῷ
3524 2024 3602 2092 σῷ
3647 2015 3877 2091 ὀνόματι

2216 2098 2458 2177 δδνάμεις
2516 2101 2720 2167 πολλὰς
2777 2105 3161 2183 ἐποιήσαμεν,
3236 2108 3334 2164 Καὶ
3391 2106 3511 2162 τότε
3543 2103 3877 2182 ὁμολογήσω

2214 2188 2423 2266 αὐτοῖς,
2482 2191 2562 2248 ὅτι
2614 2191 2872 2251 Οὐδέποτε
2929 2194 3094 2273 ἔγνων
3162 2197 3323 2276 ὑμᾶς,
3370 2195 3712 2275 ἀποχωρεῖτε
3771 2188 3881 2249 ἀπ’

2214 2277 2366 2355 ἐμοῦ,
2426 2282 2473 2337 οἱ
2528 2280 2869 2361 ἐργαζόμενοι
2941 2284 3042 2350 τὴν
3072 2284 3318 2360 ἀνομίαν.
3350 2307 3373 2342 ι
3410 2282 3603 2341 Πολλοὶ
3634 2283 3688 2340 ἐν
3718 2284 3873 2362 ἀρχῇ

2211 2375 2303 2455 τοῦ
2402 2371 2744 2450 κηρὺγματος
2822 2370 3068 2438 ἒξέϐαλον
3151 2371 3421 2455 δαιμόνια,
3508 2374 3597 2429 καὶ
3665 2370 3870 2438 ἀνάξιοι

2212 2454 2382 2534 ὀντες,
2436 2456 2520 2517 διὰ
2601 2462 2663 2516 τὸ
2730 2458 2901 2538 ὄνομα
2930 2470 3021 2519 τοῦ
3063 2460 3245 2530 Ἰησοῦ
3277 2463 3577 2543 φευγόντων
3601 2464 3707 2517 τῶν
3738 2460 3867 2517 δαι-

2212 2546 2413 2620 μόνων’
2474 2550 2563 2605 καὶ
2644 2549 2744 2629 γὰρ
2786 2553 2821 2619 ἡ
2876 2552 3037 2631 χάρις
3078 2566 3167 2609 καί
3196 2550 3280 2607 διὰ
3308 2554 3413 2607 τῶν
3458 2549 3681 2617 ἀναξίων
3712 2551 3864 2626 ἒνιρο

2213 2648 2327 2714 γετ,
2400 2638 2474 2702 ὡς
2515 2640 2604 2694 καὶ
2632 2638 2717 2695 διὰ
2759 2646 2865 2697 τῶν
2912 2640 3132 2707 ἀναξίων
3175 2640 3355 2720 ἱερέων
3385 2640 3731 2719 ἁγιαζόμεθα,
3776 2643 3871 2697 καὶ

2215 2724 2413 2790 Ἰούδας
2484 2726 2538 2783 δὲ
2610 2743 2819 2801 σημεῖα
2862 2730 3103 2805 ἐποίησε,
3138 2732 3223 2787 καὶ
3279 2733 3326 2786 οἱ
3381 2732 3478 2787 υἱοὶ
3521 2737 3612 2786 τοῦ
3667 2736 3867 2790 Σκευᾶ.

2215 2816 2288 2871 Τὸ
2346 2812 2401 2870 δὲ
2448 2814 2709 2875 Οὒδέποτε
2743 2817 2909 2897 ἔγνων
2962 2821 3120 2900 ὑμᾶς,
3168 2820 3283 2876 ἀντὶ
3309 2825 3424 2895 τοῦ,
3457 2818 3586 2877 Οὐδὲ
3615 2820 3736 2875 τότε
3780 2821 3873 2876 ὅτε

483 2912 755 2996 cjebatis,
782 2913 1105 2995 diligebam
1135 2904 1260 2976 vos.
1296 2912 1421 2975 Hoc
1442 2914 1599 2974 enim
1631 2913 2133 2994 locoIcaritas,co-

2218 2904 2718 2996 bﬁuupatoupyﬂte,
2764 2908 2989 2987 ἠγάπων
3025 2910 3185 2985 ὑμᾶς·
3218 2914 3413 2986 γνῶσις
3442 2908 3543 2987 γὰρ
3585 2910 3620 2976 ἡ
3680 2909 3871 2987 ἀγάπη

482 3002 668 3081 gnitio
692 3002 935 3067 dicitur.

568 3090 752 3156 VERS.
782 3092 885 3168 24,
910 3094 1009 3157 25.
1047 3112 1075 3153 ε
1107 3090 1317 3156 Omnis
1358 3091 1559 3172 igitur;
1589 3091 1689 3172 qui
1741 3090 1908 3154 audit
1939 3110 2008 3153 ex
2040 3110 2137 3154 me

2220 2989 2431 3069 λέγεται
2460 2992 2702 3058 ἐνταῦθα,

2306 3104 2331 3136 ιι
2396 3088 2507 3146 Hic
2564 3083 2653 3140 οὖν
2708 3082 2853 3150 ὅστις
2883 3084 3058 3143 ἀκούει
3092 3108 3193 3162 μοο
3222 3086 3342 3151 τούς
3398 3084 3590 3164 λόγους
3619 3085 3861 3159 τούτους,

480 3198 793 3245 sermones
844 3182 955 3244 hos
1010 3190 1068 3244 et
1123 3181 1264 3243 facit
1309 3169 1436 3259 eos,
1469 3169 1807 3242 assimilabo
1839 3199 1976 3243 eum
2013 3182 2132 3244 viro

2216 3170 2305 3226 καὶ
2394 3184 2543 3229 ποιεῖ
2598 3174 2809 3249 αὺτούς,
2876 3176 3128 3231 ὁποιώσω
3184 3178 3339 3235 αὐτὸν
3400 3173 3542 3253 ἀνδρὶ
3599 3175 3850 3255 φρονίμῳ,

481 3269 782 3351 prudenti,
815 3270 916 3353 qui
942 3270 1252 3333 aediﬁcavit
1282 3270 1526 3332 domum
1579 3288 1743 3331 suam
1795 3288 1978 3349 super
2020 3289 2131 3351 pe-

2213 3256 2359 3324 ὅστις
2429 3261 2744 3340 ᾠκοδόμησε
2812 3266 2911 3333 τὴν
2984 3267 3150 3323 οἰκίαν
3194 3266 3352 3322 αὖτοῦ
3395 3266 3481 3322 ἐπὶ
3509 3266 3608 3335 τὴν
3636 3264 3849 3342 πέτραν,

479 3349 656 3436 iram,
681 3368 740 3422 et
763 3349 1073 3424 descendit
1101 3359 1317 3442 pluvia,
1351 3369 1411 3421 et
1435 3365 1727 3422 venerunt
1770 3349 2038 3441 ﬁumina,
2069 3370 2131 3423 et

2216 3351 2301 3406 καὶ
2368 3349 2566 3419 κατέϐη
2616 3355 2650 3421 ἡ
2706 3355 2910 3434 βροχὴ,
2944 3357 3031 3412 καὶ
3075 3354 3233 3422 ἦλθον
3263 3358 3311 3411 οἱ
3351 3356 3604 3430 ποταμοὶ,
3638 3355 3725 3409 καὶ
3752 3351 3856 3410 ’έπ-

478 3448 770 3529 ﬁaverunt
815 3450 975 3513 venti
1033 3441 1113 3512 et,
1150 3449 1455 3511 irruerunt
1482 3448 1543 3510 in
1574 3448 1817 3510 domum
1851 3450 2032 3529 illam,
2070 3455 2131 3514 et

2216 3460 2396 3497 νευσαν
2470 3443 2517 3497 οἱ
2588 3441 2794 3519 ἄνεμοι,
2831 3446 2919 3500 καὶ
2963 3447 3289 3522 προσέπεσον
3334 3451 3403 3522 τῇ
3436 3445 3573 3517 οἰκίᾳ
3618 3442 3793 3521 ἐκείνῃ
3830 3464 3856 3501 ι

476 3555 597 3601 non
630 3538 848 3601 cecidit
875 3556 889 3602 :
925 3539 1171 3602 fundata
1198 3538 1361 3599 enim
1416 3546 1544 3599 erat
1599 3556 1779 3617 supra
1810 3528 2063 3618 petram.
2094 3564 2122 3595 ι

2216 3531 2297 3584 καὶ
2357 3528 2454 3584 οὒκ
2511 3528 2691 3612 ἔπεσε,
2745 3534 3093 3610 τεθεμελίωτο
3142 3536 3241 3613 γὰρ
3313 3536 3398 3591 επὶ
3440 3534 3539 3601 τὴν
3567 3533 3788 3613 πέτραν.
3833 3554 3857 3588 ε

477 3626 721 3709 Absque
753 3629 876 3690 Deo
907 3628 1091 3690 virtus
1130 3627 1333 3708 perﬁci
1376 3625 1605 3708 nequit;
1631 3626 1875 3702 idcirco,
1912 3628 2124 3709 inquit,

2216 3624 2341 3673 Θεοῦ
2414 3621 2581 3699 χωρὶς
2663 3626 2723 3680 οὗ
2778 3619 2992 3679 δύναται
3078 3624 3240 3702 ἁρετὴ
3302 3622 3718 3703 κατορθωθῆναι,
3779 3619 3871 3678 διὰ

474 3700 832 3805 assimilabo
863 3734 1000 3778 eum
1042 3700 1171 3777 viro
1226 3700 1526 3805 prudenti.
1564 3717 1741 3805 Petro
1795 3700 2009 3777 autem'
2037 3700 2128 3779 est

2216 3705 2362 3805 ξρῦτό
2423 3729 2609 3787 φησιν,
2648 3700 2929 3785 Ὀμοιώσω
2984 3700 3140 3768 αὐτὸν
3200 3710 3341 3805 ἀνδρὶ.
3396 3700 3655 3792 φρονίμῳ,
3691 3709 3872 3789 Πέτρα

475 3802 768 3879 Christus,
802 3803 1014 3865 domus
1068 3792 1265 3867 autem
1314 3803 1532 3866 anima.
1568 3803 1914 3886 Quicunque
1946 3806 2128 3884 igitur

2216 3792 2287 3886 3‘s,
2376 3798 2404 3852 6
2454 3797 2700 3872 Χριστός
2735 3800 2873 3855 οἰκία
2904 3798 2982 3875 δὲ,
3016 3802 3050 3868 ἡ
3084 3802 3261 3881 ψδχὴ.
3321 3792 3489 3863 Ὀστις
3519 3802 3609 3856 οὖν
3639 3799 3737 3867 τὴν
3764 3804 3876 3874 ψυ-

476 3894 739 3955 animam
807 3911 975 3955 suam
1053 3891 1408 3969 aediﬁcabit,
1482 3884 2128 3975 Operando'mandata

2216 3884 2325 3963 χὴν
2395 3889 2555 3944 αὑτοῦ
2609 3886 2943 3964 οἷκοδομὴσει
3004 3889 3088 3946 ἐπὶ
3118 3897 3186 3966 τῇ
3215 3890 3431 3970 ἐργασίᾳ
3484 3890 3592 3947 τῶν
3636 3888 3872 3947 ἐντολῶν

475 3978 735 4058 Christi,
788 3980 956 4043 illum
1011 4001 1206 4064 neque
1256 3982 1494 4063 pluvia,
1550 3982 1609 4043 id
1673 3991 1761 4043 est
1812 3980 2126 4067 diabolus,

2216 3980 2609 4067 του-Χριστοῦ,
2668 3985 2853 4035 τοῦτον
2896 3977 3011 4035 οὔτε
3041 3982 3075 4048 ἡ
3107 3981 3309 4060 βροχὴ,
3342 3982 3370 4035 6
3400 3977 3645 4044 διάϐολος
3690 3978 3867 4057 λέγω,

477 4071 577 4151 qui
608 4069 684 4132 de
713 4070 862 4132 coelo
890 4061 1159 4133 decidit:
1195 4061 1390 4152 neque
1413 4061 1681 4146 ﬁumina,
1712 4071 1985 4136 homines
2006 4061 2127 4135 sci;

2216 4065 2240 4120 ὃ
2300 4061 2351 4129 ἑξ
2422 4068 2637 4144 οὗρανου
2670 4069 2870 4141 πεσὼν,
2921 4068 3037 4126 οὔτε
3067 4072 3114 4125 οἱ
3161 4070 3414 4149 ποταμοὶ,
3462 4071 3509 4124 οἱ
3536 4069 3874 4148 ἔπηρεασταὶ

475 4158 620 4221 licet
646 4159 955 4243 laedentes,
981 4162 1087 4243 qui
1117 4162 1189 4224 ab
1220 4162 1333 4225 hac
1366 4163 1564 4243 pluvia
1603 4162 2076 4245 multiplicantur
2109 4184 2122 4229 :

2216 4152 2499 4245 ἂνθρωποι,
2561 4158 2607 4211 οἱ
2630 4156 2735 4245 ἀπὸ
2777 4162 2877 4226 τῆς
2940 4160 3189 4227 τοιαύτης
3237 4160 3447 4238 βροχῆς
3517 4156 3870 4231 πληθονόμε-

474 4265 674 4331 neque
706 4250 888 4328 venti,
922 4242 1037 4314 hoc
1075 4258 1165 4315 est
1193 4242 1435 4333 spiritus
1465 4251 1630 4334 mali,
1673 4260 1733 4313 et
1769 4242 1829 4314 in
1869 4272 2123 4329 summa,

2216 4264 2315 4323 νοι,
2390 4242 2507 4301 οὔτε
2564 4248 2612 4302 οἱ
2642 4244 2826 4322 ἄνεμοι
2884 4249 2949 4305 τὰ
2983 4250 3258 4325 πνεύματα
3292 4252 3388 4316 τῆς
3445 4247 3727 4325 πονηρίας,
3775 4248 3873 4303 καὶ

474 4338 836 4403 tentationes
881 4359 1090 4404 omnes
1137 4340 1188 4403 si
1229 4339 1363 4402 talis
1408 4333 1622 4417 fuerit,
1654 4349 1933 4422 poterunt
1975 4342 2127 4424 deji-

2216 4333 2385 4399 ἀςλῶς
2458 4336 2651 4400 πάντες
2695 4340 2743 4395 οἱ
2786 4341 3093 4420 πειρασμοὶ,
3126 4342 3218 4397 τὸν
3260 4349 3497 4399 τοιοῦτον
3528 4337 3587 4395 οὒ
3617 4335 3868 4393 δύνανται

472 4445 637 4492 cere.
1659 4421 1666 4422 ί
2048 4421 2062 4424 ⁷

2216 4421 2560 4488 καταϐαλεῖν,

552 4518 1080 4611 VERS.26,?7,¢Et
1100 4520 1299 4611 omnis
1324 4520 1422 4611 qui
1441 4519 1670 4611 audita
1696 4538 1791 4581 me
1822 4539 2133 4611 sermones

2305 4535 2329 4570 ε
2392 4517 2492 4573 Καὶ
2550 4523 2654 4581 πᾶς
2723 4520 2753 4574 6
2807 4519 3011 4577 ἀκούων
3061 4543 3165 4596 μου
3225 4521 3347 4584 τοὺς
3403 4518 3592 4599 λόγους
3622 4519 3871 4599 τούτους,

469 4606 581 4670 hos
610 4614 670 4669 et
697 4627 817 4670 non
846 4607 985 4670 facit
1010 4626 1136 4681 eos,
1170 4607 1602 4672 assimilabitur
1632 4612 1755 4671 viro
1793 4611 1992 4685 stulto,
2025 4610 2127 4691 qui

2216 4605 2303 4661 καὶ
2373 4605 2454 4681 μὴ
2523 4610 2691 4665 ποιῶν
2774 4610 2985 4691 αὐτοὺς,
3058 4612 3443 4686 ὁμοιωθὴσεται
3500 4608 3641 4687 ἀνδρὶ
3672 4615 3869 4689 μωρῷ,

470 4696 1023 4760 exstruxitdomum
1049 4716 1216 4759 suam
1234 4716 1415 4779 super
1428 4717 1694 4774 arenam,
1730 4707 1786 4760 et
1817 4699 2128 4762 descendit

2216 4692 2355 4759 ὅστις
2416 4695 2733 4774 ᾠκοδόμησε
2799 4701 2900 4766 τὴν
2957 4702 3122 4757 οἰκίαν
3192 4700 3347 4756 αὺτοῦ
3417 4699 3504 4757 ἐπὶ
3533 4700 3630 4767 τὴν
3657 4698 3868 4774 ἅμμον,

469 4784 691 4867 pluvia,
724 4794 785 4848 et
812 4795 1110 4850 venerunt
1135 4786 1403 4862 ﬂumina,
1429 4800 1497 4850 et
1532 4788 1909 4869 spiraverunt
1939 4794 2121 4866 venti,

2216 4784 2293 4840 καὶ
2365 4784 2563 4854 κατέϐη
2614 4790 2649 4856 ἡ
2717 4790 2919 4870 βροχὴ,
2976 4792 3062 4847 καὶ
3130 4788 3287 4858 ἦλθον
3345 4792 3393 4847 οι
3443 4790 3696 4865 ποταμοὶ,
3772 4788 3867 4844 καὶ

469 4881 529 4936 et
552 4873 863 4961 irruerunt
895 4876 957 4938 in
988 4876 1232 4938 domum
1288 4876 1475 4951 illam,
1513 4885 1572 4938 et
1620 4877 1863 4953 cecidit,
1897 4878 2125 4961 fuitque

2216 4872 2462 4934 ἔπνευσαν
2522 4879 2569 4932 οἱ
2598 4876 2806 4954 ἄνεμοι,
2866 4880 2954 4937 καὶ
2999 4879 3338 4961 προσέκοψαν
3380 4886 3449 4957 τῇ
3490 4880 3628 4951 οἰκίᾳ
3658 4879 3864 4958 ἐκείνῃ,

466 4960 644 5024 ruina
676 4965 806 5042 ejus
824 4962 1231 5044 magna.»Non
1267 4964 1796 5046 dixit,Assimilabo
1824 4984 1985 5043 eum,
2019 4960 2126 5029 Sed

2216 4965 2297 5020 καὶ
2325 4962 2506 5050 ἔπεσε,
2558 4968 2648 5024 καὶ
2692 4966 2757 5035 ἦν
2798 4971 2833 5037 ἡ
2865 4972 3066 5036 πτῶσις
3098 4971 3262 5039 αὐτῆς
3293 4971 3531 5050 μεγάλη.
3567 4993 3591 5026 ιι
3643 4973 3750 5029 Οὔκ
3780 4975 3866 5027 εἴ-

470 5067 581 5141 per
609 5052 868 5133 seipsum
890 5053 1315 5116 assimilabitur
1337 5044 1512 5116 stulto
1536 5053 1639 5116 ille
1660 5054 1761 5136 qui
1786 5055 1977 5117 credit
1997 5056 2133 5141 qui:

2216 5074 2328 5134 πεν,
2366 5044 2648 5131 Ὀμοιώσω
2678 5057 2856 5135 αὐτὸν,
2886 5051 3029 5141 ἀλλ’,
3070 5044 3490 5136 Ὀμοιωθήήσεται
3534 5057 3626 5140 ἀφ’
3648 5062 3868 5137 ἑαυτοῦ,

472 5137 610 5200 dem
662 5158 780 5201 non
830 5151 1030 5204 autem
1080 5152 1385 5223 Operatur,
1433 5145 1523 5203 ὃὸ
1569 5145 1662 5206 hic
1680 5134 1787 5205 est
1814 5144 1916 5225 qui
1947 5134 2133 5226 super“

2216 5151 2402 5223 μωρῷ,
2448 5144 2656 5211 ἐκεῖνος
2716 5147 2774 5213 ὅς
2818 5151 3049 5207 πιστεύει
3095 5151 3216 5227 μὲν,
3251 5152 3311 5209 οὗ
3358 5153 3569 5230 πράττει
3599 5150 3676 5209 δέ’
3711 5156 3867 5217 οὗτος

468 5246 713 5323 arenam
745 5230 997 5323 aediﬁcat
1014 5232 1311 5323 ignaviter
1349 5252 1623 5315 operans:
1661 5238 1979 5315 propterea
2010 5244 2067 5297 et
2095 5256 2130 5299 a

2216 5232 2300 5290 οὖν
2372 5233 2455 5292 ἐπὶ
2526 5236 2751 5314 ψάμμου
2794 5240 2981 5316 κτίζει,
3030 5239 3115 5298 ἐπὶ
3155 5242 3476 5321 σαθρότητος
3520 5248 3626 5299 τῶν
3668 5242 3865 5323 ἔργων,

470 5316 899 5413 tentationibus
927 5319 1242 5401 dejicitur:
1274 5323 1586 5413 irruit,hoc
1618 5333 1729 5413 est.
1763 5324 2035 5405 impingit
2065 5326 2129 5388 in

2216 5325 2315 5381 Διὰ
2397 5332 2550 5384 τοῦτο
2606 5328 2694 5385 καὶ
2735 5330 2837 5387 ὑπὸ
2892 5337 2998 5387 τῶν
3021 5338 3328 5410 πειρασμῶν
3382 5333 3584 5389 πίπτει·
3618 5331 3745 5390 ὅταν
3768 5333 3869 5413 γὰρ

469 5423 608 5468 eum
634 5406 971 5482 tentatio,et
1002 5428 1214 5490 magna
1234 5412 1899 5495 cadit(a)ruina.Nullus
1931 5423 2124 5476 autem

2216 5416 2521 5497 πρσσκόψῃ,
2590 5417 2851 5496 τοῦτέστι,
2908 5406 3245 5501 προσκροὺση
3306 5420 3448 5497 αὒτῴ
3544 5406 3867 5506 πειρασμδςί,

552 5565 641 5649 (a)
673 5565 833 5631 Edit.
865 5566 999 5631 Lut.
1028 5570 1245 5650 solum,
1291 5581 1349 5637 et
1376 5576 1559 5638 cadit.
