  <div class='ocr_page' id='page_1' title='image "/cluster/home/n/w/nwhite01/storage/ocr_20150623/123:no.1/coo.31924054870286/119.png"; bbox 0 0 4204 6402; ppageno 0'>
   <div class='ocr_carea' id='block_1_1' title="bbox 452 315 570 381">
    <p class='ocr_par' dir='ltr' id='par_1_1' title="bbox 452 315 570 381">
     <span class='ocr_line' id='line_1_1' title="bbox 452 315 570 381; baseline 0.008 -1"><span class='ocrx_word' id='word_1_1' title='bbox 452 315 570 381; x_wconf 80' lang='lat'><strong>223</strong></span> 
     </span>
    </p>
   </div>
   <div class='ocr_carea' id='block_1_2' title="bbox 453 544 2098 624">
    <p class='ocr_par' dir='ltr' id='par_1_2' title="bbox 453 544 2098 624">
     <span class='ocr_line' id='line_1_2' title="bbox 453 544 2098 624; baseline -0.005 -18"><span class='ocrx_word' id='word_1_2' title='bbox 453 563 615 618; x_wconf 84' lang='lat' dir='ltr'><strong>suos,</strong></span> <span class='ocrx_word' id='word_1_3' title='bbox 651 547 763 609; x_wconf 86' lang='lat' dir='ltr'><strong>hoc</strong></span> <span class='ocrx_word' id='word_1_4' title='bbox 789 549 1199 622; x_wconf 83' lang='lat' dir='ltr'><strong>est,inﬁdeles.</strong></span> <span class='ocrx_word' id='word_1_5' title='bbox 1223 548 1285 610; x_wconf 90' lang='lat' dir='ltr'><strong>Si</strong></span> <span class='ocrx_word' id='word_1_6' title='bbox 1313 555 1509 609; x_wconf 89' lang='lat' dir='ltr'><strong>autem</strong></span> <span class='ocrx_word' id='word_1_7' title='bbox 1542 544 1629 605; x_wconf 83' lang='lat' dir='ltr'><strong>illi</strong></span> <span class='ocrx_word' id='word_1_8' title='bbox 1661 560 1852 624; x_wconf 89' lang='lat' dir='ltr'><strong>neque</strong></span> <span class='ocrx_word' id='word_1_9' title='bbox 1876 549 2098 621; x_wconf 83' lang='lat' dir='ltr'><strong>patrem</strong></span> 
     </span>
    </p>
   </div>
   <div class='ocr_carea' id='block_1_3' title="bbox 453 629 2098 719">
    <p class='ocr_par' dir='ltr' id='par_1_3' title="bbox 453 629 2098 719">
     <span class='ocr_line' id='line_1_3' title="bbox 453 629 2098 719; baseline -0.003 -24"><span class='ocrx_word' id='word_1_10' title='bbox 453 635 704 715; x_wconf 86' lang='lat' dir='ltr'><strong>sepelire</strong></span> <span class='ocrx_word' id='word_1_11' title='bbox 730 637 922 714; x_wconf 92' lang='lat' dir='ltr'><strong>licuit,</strong></span> <span class='ocrx_word' id='word_1_12' title='bbox 966 656 1051 700; x_wconf 64' lang='lat' dir='ltr'><strong>va</strong></span> <span class='ocrx_word' id='word_1_13' title='bbox 1079 638 1170 700; x_wconf 83' lang='lat' dir='ltr'><strong>his</strong></span> <span class='ocrx_word' id='word_1_14' title='bbox 1200 635 1304 719; x_wconf 89' lang='lat' dir='ltr'><strong>qui</strong></span> <span class='ocrx_word' id='word_1_15' title='bbox 1328 633 1722 698; x_wconf 91' lang='lat' dir='ltr'><strong>monosticem</strong></span> <span class='ocrx_word' id='word_1_16' title='bbox 1755 629 2006 714; x_wconf 81' lang='lat' dir='ltr'><strong>professi</strong></span> <span class='ocrx_word' id='word_1_17' title='bbox 2027 629 2098 690; x_wconf 90' lang='lat' dir='ltr'><strong>ad</strong></span> 
     </span>
    </p>
   </div>
   <div class='ocr_carea' id='block_1_4' title="bbox 453 723 1488 806">
    <p class='ocr_par' dir='ltr' id='par_1_4' title="bbox 453 723 1488 806">
     <span class='ocr_line' id='line_1_4' title="bbox 453 723 1488 806; baseline 0.005 -23"><span class='ocrx_word' id='word_1_18' title='bbox 453 723 752 788; x_wconf 81' lang='lat' dir='ltr'><strong>mundana</strong></span> <span class='ocrx_word' id='word_1_19' title='bbox 779 727 1199 806; x_wconf 84' lang='lat' dir='ltr'><strong>regrediuntur</strong></span> <span class='ocrx_word' id='word_1_20' title='bbox 1229 724 1488 806; x_wconf 83' lang='lat' dir='ltr'><strong>negotia.</strong></span> 
     </span>
    </p>
   </div>
   <div class='ocr_carea' id='block_1_5' title="bbox 532 807 2143 892">
    <p class='ocr_par' dir='ltr' id='par_1_5' title="bbox 532 807 2143 892">
     <span class='ocr_line' id='line_1_5' title="bbox 532 807 2143 892; baseline -0.003 -19"><span class='ocrx_word' id='word_1_21' title='bbox 532 813 718 887; x_wconf 70' lang='lat' dir='ltr'><strong>Vens,</strong></span> <span class='ocrx_word' id='word_1_22' title='bbox 744 812 843 888; x_wconf 77' lang='grc'><strong>23,</strong></span> <span class='ocrx_word' id='word_1_23' title='bbox 896 818 974 876; x_wconf 77' lang='lat'><strong>24</strong></span> <span class='ocrx_word' id='word_1_24' title='bbox 1009 841 1036 872; x_wconf 75' lang='grc' dir='ltr'><strong>α</strong></span> <span class='ocrx_word' id='word_1_25' title='bbox 1086 815 1161 879; x_wconf 91' lang='lat' dir='ltr'><strong>Et</strong></span> <span class='ocrx_word' id='word_1_26' title='bbox 1187 833 1320 877; x_wconf 89' lang='lat' dir='ltr'><strong>cum</strong></span> <span class='ocrx_word' id='word_1_27' title='bbox 1354 823 1514 877; x_wconf 82' lang='lat' dir='ltr'><strong>esset</strong></span> <span class='ocrx_word' id='word_1_28' title='bbox 1545 813 1849 892; x_wconf 88' lang='lat' dir='ltr'><strong>ingressus</strong></span> <span class='ocrx_word' id='word_1_29' title='bbox 1878 807 2096 884; x_wconf 84' lang='lat' dir='ltr'><strong>navim,</strong></span> <span class='ocrx_word' id='word_1_30' title='bbox 2140 828 2143 830; x_wconf 94' lang='grc'>·</span> 
     </span>
    </p>
   </div>
   <div class='ocr_carea' id='block_1_6' title="bbox 451 903 2102 988">
    <p class='ocr_par' dir='ltr' id='par_1_6' title="bbox 451 903 2102 988">
     <span class='ocr_line' id='line_1_6' title="bbox 451 903 2102 988; baseline 0.001 -27"><span class='ocrx_word' id='word_1_31' title='bbox 451 903 636 965; x_wconf 91' lang='lat' dir='ltr'><strong>secuti</strong></span> <span class='ocrx_word' id='word_1_32' title='bbox 652 912 791 967; x_wconf 91' lang='lat' dir='ltr'><strong>sunt</strong></span> <span class='ocrx_word' id='word_1_33' title='bbox 815 905 1242 988; x_wconf 87' lang='lat' dir='ltr'><strong>eumdiscipuli</strong></span> <span class='ocrx_word' id='word_1_34' title='bbox 1265 906 1443 984; x_wconf 89' lang='lat' dir='ltr'><strong>sui,et</strong></span> <span class='ocrx_word' id='word_1_35' title='bbox 1466 920 1608 966; x_wconf 91' lang='lat' dir='ltr'><strong>ecce</strong></span> <span class='ocrx_word' id='word_1_36' title='bbox 1639 909 1832 963; x_wconf 88' lang='lat' dir='ltr'><strong>motus</strong></span> <span class='ocrx_word' id='word_1_37' title='bbox 1858 917 2102 978; x_wconf 84' lang='lat' dir='ltr'><strong>magnus</strong></span> 
     </span>
    </p>
   </div>
   <div class='ocr_carea' id='block_1_7' title="bbox 450 989 2100 1070">
    <p class='ocr_par' dir='ltr' id='par_1_7' title="bbox 450 989 2100 1070">
     <span class='ocr_line' id='line_1_7' title="bbox 450 989 2100 1070; baseline -0.001 -19"><span class='ocrx_word' id='word_1_38' title='bbox 450 990 639 1052; x_wconf 81' lang='lat' dir='ltr'><strong>factus</strong></span> <span class='ocrx_word' id='word_1_39' title='bbox 668 1000 760 1054; x_wconf 89' lang='lat' dir='ltr'><strong>est</strong></span> <span class='ocrx_word' id='word_1_40' title='bbox 789 993 849 1055; x_wconf 91' lang='lat' dir='ltr'><strong>in</strong></span> <span class='ocrx_word' id='word_1_41' title='bbox 873 995 1045 1068; x_wconf 87' lang='lat' dir='ltr'><strong>mari,</strong></span> <span class='ocrx_word' id='word_1_42' title='bbox 1074 999 1152 1057; x_wconf 91' lang='lat' dir='ltr'><strong>ita</strong></span> <span class='ocrx_word' id='word_1_43' title='bbox 1184 1001 1246 1056; x_wconf 91' lang='lat' dir='ltr'><strong>ut</strong></span> <span class='ocrx_word' id='word_1_44' title='bbox 1275 995 1440 1057; x_wconf 89' lang='lat' dir='ltr'><strong>navis</strong></span> <span class='ocrx_word' id='word_1_45' title='bbox 1465 1011 1499 1055; x_wconf 93' lang='lat' dir='ltr'><strong>a</strong></span> <span class='ocrx_word' id='word_1_46' title='bbox 1533 989 1811 1055; x_wconf 83' lang='lat' dir='ltr'><strong>ﬂuctibus</strong></span> <span class='ocrx_word' id='word_1_47' title='bbox 1827 989 2100 1070; x_wconf 88' lang='lat' dir='ltr'><strong>operire-</strong></span> 
     </span>
    </p>
   </div>
   <div class='ocr_carea' id='block_1_8' title="bbox 451 1079 2103 1164">
    <p class='ocr_par' dir='ltr' id='par_1_8' title="bbox 451 1079 2103 1164">
     <span class='ocr_line' id='line_1_8' title="bbox 451 1079 2103 1164; baseline -0.001 -24"><span class='ocrx_word' id='word_1_48' title='bbox 451 1087 547 1142; x_wconf 90' lang='lat' dir='ltr'><strong>tur</strong></span> <span class='ocrx_word' id='word_1_49' title='bbox 570 1099 582 1144; x_wconf 91' lang='lat'>:</span> <span class='ocrx_word' id='word_1_50' title='bbox 612 1081 741 1164; x_wconf 83' lang='lat' dir='ltr'><strong>ipse</strong></span> <span class='ocrx_word' id='word_1_51' title='bbox 764 1101 909 1145; x_wconf 79' lang='lat' dir='ltr'><strong>vero</strong></span> <span class='ocrx_word' id='word_1_52' title='bbox 932 1083 1285 1147; x_wconf 77' lang='lat' dir='ltr'><strong>dormiebat.</strong></span> <span class='ocrx_word' id='word_1_53' title='bbox 1317 1108 1340 1142; x_wconf 75' lang='grc' dir='ltr'><strong>ι</strong></span> <span class='ocrx_word' id='word_1_54' title='bbox 1365 1081 1704 1164; x_wconf 89' lang='lat' dir='ltr'><strong>Discipulos</strong></span> <span class='ocrx_word' id='word_1_55' title='bbox 1720 1079 1877 1142; x_wconf 92' lang='lat' dir='ltr'><strong>solos</strong></span> <span class='ocrx_word' id='word_1_56' title='bbox 1899 1096 2103 1139; x_wconf 84' lang='lat' dir='ltr'><strong>serva-</strong></span> 
     </span>
    </p>
   </div>
   <div class='ocr_carea' id='block_1_9' title="bbox 447 1166 2101 1247">
    <p class='ocr_par' dir='ltr' id='par_1_9' title="bbox 447 1166 2101 1247">
     <span class='ocr_line' id='line_1_9' title="bbox 447 1166 2101 1247; baseline -0.001 -18"><span class='ocrx_word' id='word_1_57' title='bbox 447 1169 530 1231; x_wconf 87' lang='lat' dir='ltr'><strong>vit</strong></span> <span class='ocrx_word' id='word_1_58' title='bbox 554 1187 783 1247; x_wconf 86' lang='lat' dir='ltr'><strong>secum,</strong></span> <span class='ocrx_word' id='word_1_59' title='bbox 810 1181 873 1233; x_wconf 93' lang='lat' dir='ltr'><strong>ut</strong></span> <span class='ocrx_word' id='word_1_60' title='bbox 900 1173 1254 1236; x_wconf 85' lang='lat' dir='ltr'><strong>miraculum</strong></span> <span class='ocrx_word' id='word_1_61' title='bbox 1277 1172 1573 1235; x_wconf 82' lang='lat' dir='ltr'><strong>viderent.</strong></span> <span class='ocrx_word' id='word_1_62' title='bbox 1605 1166 1883 1233; x_wconf 88' lang='lat' dir='ltr'><strong>Permisit</strong></span> <span class='ocrx_word' id='word_1_63' title='bbox 1907 1175 2101 1228; x_wconf 89' lang='lat' dir='ltr'><strong>autem</strong></span> 
     </span>
    </p>
   </div>
   <div class='ocr_carea' id='block_1_10' title="bbox 451 1260 2103 1344">
    <p class='ocr_par' dir='ltr' id='par_1_10' title="bbox 451 1260 2103 1344">
     <span class='ocr_line' id='line_1_10' title="bbox 451 1260 2103 1344; baseline -0.002 -24"><span class='ocrx_word' id='word_1_64' title='bbox 451 1276 555 1320; x_wconf 86' lang='lat' dir='ltr'><strong>eos</strong></span> <span class='ocrx_word' id='word_1_65' title='bbox 576 1267 928 1341; x_wconf 85' lang='lat' dir='ltr'><strong>tempestate</strong></span> <span class='ocrx_word' id='word_1_66' title='bbox 944 1261 1250 1344; x_wconf 81' lang='lat' dir='ltr'><strong>agitari,ut</strong></span> <span class='ocrx_word' id='word_1_67' title='bbox 1264 1261 1337 1324; x_wconf 83' lang='lat' dir='ltr'><strong>ad</strong></span> <span class='ocrx_word' id='word_1_68' title='bbox 1358 1260 1715 1324; x_wconf 88' lang='lat' dir='ltr'><strong>tentationes</strong></span> <span class='ocrx_word' id='word_1_69' title='bbox 1739 1274 2103 1318; x_wconf 85' lang='lat' dir='ltr'><strong>exerceren-</strong></span> 
     </span>
    </p>
   </div>
   <div class='ocr_carea' id='block_1_11' title="bbox 452 1345 2106 1430">
    <p class='ocr_par' dir='ltr' id='par_1_11' title="bbox 452 1345 2106 1430">
     <span class='ocr_line' id='line_1_11' title="bbox 452 1345 2106 1430; baseline -0.002 -21"><span class='ocrx_word' id='word_1_70' title='bbox 452 1356 571 1424; x_wconf 89' lang='lat' dir='ltr'><strong>tur,</strong></span> <span class='ocrx_word' id='word_1_71' title='bbox 609 1357 751 1410; x_wconf 89' lang='lat' dir='ltr'><strong>etut</strong></span> <span class='ocrx_word' id='word_1_72' title='bbox 774 1369 881 1430; x_wconf 92' lang='lat' dir='ltr'><strong>per</strong></span> <span class='ocrx_word' id='word_1_73' title='bbox 903 1351 1250 1414; x_wconf 85' lang='lat' dir='ltr'><strong>miraculum</strong></span> <span class='ocrx_word' id='word_1_74' title='bbox 1275 1351 1503 1412; x_wconf 84' lang='lat' dir='ltr'><strong>ﬁrmius</strong></span> <span class='ocrx_word' id='word_1_75' title='bbox 1524 1345 2106 1412; x_wconf 88' lang='lat' dir='ltr'><strong>crederent.Dormi-</strong></span> 
     </span>
    </p>
   </div>
   <div class='ocr_carea' id='block_1_12' title="bbox 449 1435 2101 1524">
    <p class='ocr_par' dir='ltr' id='par_1_12' title="bbox 449 1435 2101 1524">
     <span class='ocr_line' id='line_1_12' title="bbox 449 1435 2101 1524; baseline 0.001 -29"><span class='ocrx_word' id='word_1_76' title='bbox 449 1436 528 1499; x_wconf 91' lang='lat' dir='ltr'><strong>vit</strong></span> <span class='ocrx_word' id='word_1_77' title='bbox 558 1446 794 1513; x_wconf 86' lang='lat' dir='ltr'><strong>vero,ut</strong></span> <span class='ocrx_word' id='word_1_78' title='bbox 816 1442 1032 1504; x_wconf 90' lang='lat' dir='ltr'><strong>timore</strong></span> <span class='ocrx_word' id='word_1_79' title='bbox 1057 1441 1318 1524; x_wconf 87' lang='lat' dir='ltr'><strong>perculsi</strong></span> <span class='ocrx_word' id='word_1_80' title='bbox 1340 1459 1504 1502; x_wconf 90' lang='lat' dir='ltr'><strong>suam</strong></span> <span class='ocrx_word' id='word_1_81' title='bbox 1528 1443 1920 1520; x_wconf 79' lang='lat' dir='ltr'><strong>agnoscerent</strong></span> <span class='ocrx_word' id='word_1_82' title='bbox 1938 1435 2101 1497; x_wconf 82' lang='lat' dir='ltr'><strong>inﬁr-</strong></span> 
     </span>
    </p>
   </div>
   <div class='ocr_carea' id='block_1_13' title="bbox 453 1524 2097 1610">
    <p class='ocr_par' dir='ltr' id='par_1_13' title="bbox 453 1524 2097 1610">
     <span class='ocr_line' id='line_1_13' title="bbox 453 1524 2097 1610; baseline -0.002 -23"><span class='ocrx_word' id='word_1_83' title='bbox 453 1526 740 1604; x_wconf 89' lang='lat' dir='ltr'><strong>mitatem,</strong></span> <span class='ocrx_word' id='word_1_84' title='bbox 799 1539 858 1591; x_wconf 88' lang='lat' dir='ltr'><strong>et</strong></span> <span class='ocrx_word' id='word_1_85' title='bbox 914 1549 1048 1592; x_wconf 91' lang='lat' dir='ltr'><strong>eum</strong></span> <span class='ocrx_word' id='word_1_86' title='bbox 1084 1531 1474 1593; x_wconf 89' lang='lat' dir='ltr'><strong>obsecrarent</strong></span> <span class='ocrx_word' id='word_1_87' title='bbox 1507 1547 1519 1592; x_wconf 92' lang='lat'>:</span> <span class='ocrx_word' id='word_1_88' title='bbox 1556 1537 1877 1610; x_wconf 86' lang='lat' dir='ltr'><strong>propterea</strong></span> <span class='ocrx_word' id='word_1_89' title='bbox 1905 1524 2050 1586; x_wconf 91' lang='lat' dir='ltr'><strong>dicit</strong></span> <span class='ocrx_word' id='word_1_90' title='bbox 2084 1544 2097 1586; x_wconf 89' lang='lat'><em>:</em></span> 
     </span>
    </p>
   </div>
   <div class='ocr_carea' id='block_1_14' title="bbox 527 1702 2098 1788">
    <p class='ocr_par' dir='ltr' id='par_1_14' title="bbox 527 1702 2098 1788">
     <span class='ocr_line' id='line_1_14' title="bbox 527 1702 2098 1788; baseline 0.001 -20"><span class='ocrx_word' id='word_1_91' title='bbox 527 1702 835 1780; x_wconf 74' lang='lat' dir='ltr'><strong>Vens.25,</strong></span> <span class='ocrx_word' id='word_1_92' title='bbox 871 1707 973 1772; x_wconf 76' lang='grc'><strong>26.</strong></span> <span class='ocrx_word' id='word_1_93' title='bbox 1015 1735 1039 1766; x_wconf 78' lang='grc' dir='ltr'><strong>ιι</strong></span> <span class='ocrx_word' id='word_1_94' title='bbox 1077 1709 1147 1771; x_wconf 85' lang='grc' dir='ltr'>Ει</span> <span class='ocrx_word' id='word_1_95' title='bbox 1204 1709 1561 1772; x_wconf 83' lang='lat' dir='ltr'><strong>accedentes</strong></span> <span class='ocrx_word' id='word_1_96' title='bbox 1612 1703 1890 1785; x_wconf 90' lang='lat' dir='ltr'><strong>discipuli</strong></span> <span class='ocrx_word' id='word_1_97' title='bbox 1941 1708 2098 1788; x_wconf 87' lang='lat' dir='ltr'><strong>ejus,</strong></span> 
     </span>
    </p>
   </div>
   <div class='ocr_carea' id='block_1_15' title="bbox 447 1794 2100 1878">
    <p class='ocr_par' dir='ltr' id='par_1_15' title="bbox 447 1794 2100 1878">
     <span class='ocr_line' id='line_1_15' title="bbox 447 1794 2100 1878; baseline 0.002 -24"><span class='ocrx_word' id='word_1_98' title='bbox 447 1794 853 1859; x_wconf 83' lang='lat' dir='ltr'><strong>excitaverunt</strong></span> <span class='ocrx_word' id='word_1_99' title='bbox 882 1799 1318 1878; x_wconf 88' lang='lat' dir='ltr'><strong>eum,dicentes</strong></span> <span class='ocrx_word' id='word_1_100' title='bbox 1344 1798 1820 1870; x_wconf 84' lang='lat' dir='ltr'><strong>:Domine,serva</strong></span> <span class='ocrx_word' id='word_1_101' title='bbox 1851 1814 1979 1870; x_wconf 86' lang='lat' dir='ltr'><strong>nos,</strong></span> <span class='ocrx_word' id='word_1_102' title='bbox 1991 1816 2100 1878; x_wconf 82' lang='lat' dir='ltr'><strong>pe-</strong></span> 
     </span>
    </p>
   </div>
   <div class='ocr_carea' id='block_1_16' title="bbox 1416 307 2857 384">
    <p class='ocr_par' dir='ltr' id='par_1_16' title="bbox 1416 307 2857 384">
     <span class='ocr_line' id='line_1_16' title="bbox 1416 307 2857 384; baseline -0.009 0"><span class='ocrx_word' id='word_1_103' title='bbox 1416 313 2002 384; x_wconf 85' lang='lat' dir='ltr'><strong>THEOPHYLACTI</strong></span> <span class='ocrx_word' id='word_1_104' title='bbox 2047 310 2456 374; x_wconf 67' lang='lat' dir='ltr'><strong>IULGARIzE</strong></span> <span class='ocrx_word' id='word_1_105' title='bbox 2498 307 2857 374; x_wconf 80' lang='lat' dir='ltr'><strong>ARCHIEP.</strong></span> 
     </span>
    </p>
   </div>
   <div class='ocr_carea' id='block_1_17' title="bbox 453 433 2101 542">
    <p class='ocr_par' dir='ltr' id='par_1_17' title="bbox 453 453 2101 542">
     <span class='ocr_line' id='line_1_17' title="bbox 453 453 2101 542; baseline -0.008 -24"><span class='ocrx_word' id='word_1_106' title='bbox 453 463 543 518; x_wconf 85' lang='lat' dir='ltr'><strong>est</strong></span> <span class='ocrx_word' id='word_1_107' title='bbox 561 474 633 519; x_wconf 80' lang='lat' dir='ltr'><strong>ex</strong></span> <span class='ocrx_word' id='word_1_108' title='bbox 659 476 729 522; x_wconf 92' lang='lat' dir='ltr'><strong>eo</strong></span> <span class='ocrx_word' id='word_1_109' title='bbox 753 460 912 542; x_wconf 85' lang='lat' dir='ltr'><strong>quod</strong></span> <span class='ocrx_word' id='word_1_110' title='bbox 933 459 1248 534; x_wconf 88' lang='lat' dir='ltr'><strong>dicit,Sinc</strong></span> <span class='ocrx_word' id='word_1_111' title='bbox 1271 464 1533 520; x_wconf 90' lang='lat' dir='ltr'><strong>mortuos</strong></span> <span class='ocrx_word' id='word_1_112' title='bbox 1551 453 1807 533; x_wconf 86' lang='lat' dir='ltr'><strong>sepelire</strong></span> <span class='ocrx_word' id='word_1_113' title='bbox 1839 459 2101 513; x_wconf 81' lang='lat' dir='ltr'><strong>mortuos</strong></span> 
     </span>
    </p>
   </div>
   <div class='ocr_carea' id='block_1_18' title="bbox 2190 433 2907 542">
    <p class='ocr_par' dir='ltr' id='par_1_18' title="bbox 2192 433 2907 526">
     <span class='ocr_line' id='line_1_18' title="bbox 2192 433 2907 526; baseline 0 -23"><span class='ocrx_word' id='word_1_114' title='bbox 2192 433 2368 526; x_wconf 70' lang='grc' dir='ltr'><strong>νΑφες</strong></span> <span class='ocrx_word' id='word_1_115' title='bbox 2452 448 2573 510; x_wconf 83' lang='grc' dir='ltr'>τοὺς</span> <span class='ocrx_word' id='word_1_116' title='bbox 2671 449 2907 526; x_wconf 82' lang='grc' dir='ltr'>νεκροὺς,</span> 
     </span>
    </p>
   </div>
   <div class='ocr_carea' id='block_1_19' title="bbox 3726 310 3847 374">
    <p class='ocr_par' dir='ltr' id='par_1_19' title="bbox 3726 310 3847 374">
     <span class='ocr_line' id='line_1_19' title="bbox 3726 310 3847 374; baseline -0.025 0"><span class='ocrx_word' id='word_1_117' title='bbox 3726 310 3847 374; x_wconf 74' lang='grc'><strong>224</strong></span> 
     </span>
    </p>
   </div>
   <div class='ocr_carea' id='block_1_20' title="bbox 3373 449 3844 519">
    <p class='ocr_par' dir='ltr' id='par_1_20' title="bbox 3373 449 3844 519">
     <span class='ocr_line' id='line_1_20' title="bbox 3373 449 3844 519; baseline 0.006 -14"><span class='ocrx_word' id='word_1_118' title='bbox 3373 449 3495 511; x_wconf 78' lang='grc' dir='ltr'>τοὺς</span> <span class='ocrx_word' id='word_1_119' title='bbox 3569 449 3844 519; x_wconf 78' lang='grc' dir='ltr'>ἀπίστους,</span> 
     </span>
    </p>
   </div>
   <div class='ocr_carea' id='block_1_21' title="bbox 3235 537 3851 603">
    <p class='ocr_par' dir='ltr' id='par_1_21' title="bbox 3235 537 3851 603">
     <span class='ocr_line' id='line_1_21' title="bbox 3235 537 3851 603; baseline -0.005 -7"><span class='ocrx_word' id='word_1_120' title='bbox 3235 543 3278 597; x_wconf 82' lang='grc' dir='ltr'>εὶ</span> <span class='ocrx_word' id='word_1_121' title='bbox 3339 539 3392 596; x_wconf 75' lang='grc' dir='ltr'><strong>δὲ</strong></span> <span class='ocrx_word' id='word_1_122' title='bbox 3454 541 3660 603; x_wconf 76' lang='grc' dir='ltr'>ἐκεῖνος</span> <span class='ocrx_word' id='word_1_123' title='bbox 3734 537 3851 596; x_wconf 71' lang='grc' dir='ltr'>οὑδὲ</span> 
     </span>
    </p>
   </div>
   <div class='ocr_carea' id='block_1_22' title="bbox 2183 629 3852 710">
    <p class='ocr_par' dir='ltr' id='par_1_22' title="bbox 2183 629 3852 710">
     <span class='ocr_line' id='line_1_22' title="bbox 2183 629 3852 710; baseline -0.001 -25"><span class='ocrx_word' id='word_1_124' title='bbox 2183 629 2272 685; x_wconf 84' lang='grc' dir='ltr'><strong>τὸν</strong></span> <span class='ocrx_word' id='word_1_125' title='bbox 2329 630 2530 708; x_wconf 82' lang='grc' dir='ltr'>πατέρα</span> <span class='ocrx_word' id='word_1_126' title='bbox 2589 631 2752 706; x_wconf 74' lang='grc' dir='ltr'>θάψαι</span> <span class='ocrx_word' id='word_1_127' title='bbox 2813 633 3193 710; x_wconf 77' lang='grc' dir='ltr'><strong>συνεχωρήθη,</strong></span> <span class='ocrx_word' id='word_1_128' title='bbox 3256 632 3368 687; x_wconf 75' lang='grc' dir='ltr'>οὐαὶ</span> <span class='ocrx_word' id='word_1_129' title='bbox 3428 647 3545 694; x_wconf 88' lang='grc' dir='ltr'>τοῖς</span> <span class='ocrx_word' id='word_1_130' title='bbox 3599 630 3733 705; x_wconf 72' lang='grc' dir='ltr'>μετὰ</span> <span class='ocrx_word' id='word_1_131' title='bbox 3787 629 3852 684; x_wconf 79' lang='grc' dir='ltr'>τὸ</span> 
     </span>
    </p>
   </div>
   <div class='ocr_carea' id='block_1_23' title="bbox 2185 717 3423 802">
    <p class='ocr_par' dir='ltr' id='par_1_23' title="bbox 2185 717 3423 802">
     <span class='ocr_line' id='line_1_23' title="bbox 2185 717 3423 802; baseline 0.001 -27"><span class='ocrx_word' id='word_1_132' title='bbox 2185 719 2410 794; x_wconf 76' lang='grc' dir='ltr'>μονάσαι</span> <span class='ocrx_word' id='word_1_133' title='bbox 2443 721 2516 783; x_wconf 84' lang='grc' dir='ltr'>εἷς</span> <span class='ocrx_word' id='word_1_134' title='bbox 2562 720 2851 800; x_wconf 76' lang='grc' dir='ltr'>πράγματα</span> <span class='ocrx_word' id='word_1_135' title='bbox 2899 717 2984 800; x_wconf 90' lang='grc'><strong>(6)</strong></span> <span class='ocrx_word' id='word_1_136' title='bbox 3020 720 3423 802; x_wconf 74' lang='grc' dir='ltr'>στρεφομένοις.</span> 
     </span>
    </p>
   </div>
   <div class='ocr_carea' id='block_1_24' title="bbox 2268 805 3853 890">
    <p class='ocr_par' dir='ltr' id='par_1_24' title="bbox 2268 805 3853 890">
     <span class='ocr_line' id='line_1_24' title="bbox 2268 805 3853 890; baseline -0.001 -28"><span class='ocrx_word' id='word_1_137' title='bbox 2268 830 2298 862; x_wconf 76' lang='grc' dir='ltr'><strong>α</strong></span> <span class='ocrx_word' id='word_1_138' title='bbox 2335 809 2432 866; x_wconf 78' lang='grc' dir='ltr'>Καὶ</span> <span class='ocrx_word' id='word_1_139' title='bbox 2471 805 2690 884; x_wconf 69' lang='grc' dir='ltr'>ἐμϐάντι</span> <span class='ocrx_word' id='word_1_140' title='bbox 2755 810 2895 882; x_wconf 77' lang='grc' dir='ltr'><strong>αὑτῷ</strong></span> <span class='ocrx_word' id='word_1_141' title='bbox 2939 810 3014 875; x_wconf 81' lang='grc' dir='ltr'><strong>είς</strong></span> <span class='ocrx_word' id='word_1_142' title='bbox 3074 813 3135 867; x_wconf 84' lang='grc' dir='ltr'>τὸ</span> <span class='ocrx_word' id='word_1_143' title='bbox 3196 807 3418 890; x_wconf 86' lang='grc' dir='ltr'>πλοῖον,</span> <span class='ocrx_word' id='word_1_144' title='bbox 3481 806 3853 876; x_wconf 76' lang='grc' dir='ltr'><strong>ἠκολούθησαν</strong></span> 
     </span>
    </p>
   </div>
   <div class='ocr_carea' id='block_1_25' title="bbox 2184 896 3846 975">
    <p class='ocr_par' dir='ltr' id='par_1_25' title="bbox 2184 896 3846 975">
     <span class='ocr_line' id='line_1_25' title="bbox 2184 896 3846 975; baseline 0.001 -23"><span class='ocrx_word' id='word_1_145' title='bbox 2184 897 2327 970; x_wconf 76' lang='grc' dir='ltr'><strong>αὑτῷ</strong></span> <span class='ocrx_word' id='word_1_146' title='bbox 2371 900 2417 954; x_wconf 79' lang='grc' dir='ltr'>οἱ</span> <span class='ocrx_word' id='word_1_147' title='bbox 2475 899 2707 973; x_wconf 80' lang='grc' dir='ltr'>μαθηταὶ</span> <span class='ocrx_word' id='word_1_148' title='bbox 2765 898 2943 973; x_wconf 75' lang='grc' dir='ltr'>αὑτοῦ,</span> <span class='ocrx_word' id='word_1_149' title='bbox 2993 901 3081 956; x_wconf 84' lang='grc' dir='ltr'><strong>καὶ</strong></span> <span class='ocrx_word' id='word_1_150' title='bbox 3136 898 3244 956; x_wconf 78' lang='grc' dir='ltr'>ἰδοὺ</span> <span class='ocrx_word' id='word_1_151' title='bbox 3289 899 3508 974; x_wconf 79' lang='grc' dir='ltr'>σεισμὸς</span> <span class='ocrx_word' id='word_1_152' title='bbox 3536 896 3703 975; x_wconf 77' lang='grc' dir='ltr'>μέγας</span> <span class='ocrx_word' id='word_1_153' title='bbox 3737 897 3846 974; x_wconf 70' lang='grc' dir='ltr'><strong>ἐγέ-</strong></span> 
     </span>
    </p>
   </div>
   <div class='ocr_carea' id='block_1_26' title="bbox 2185 986 3853 1068">
    <p class='ocr_par' dir='ltr' id='par_1_26' title="bbox 2185 986 3853 1068">
     <span class='ocr_line' id='line_1_26' title="bbox 2185 986 3853 1068; baseline 0.001 -27"><span class='ocrx_word' id='word_1_154' title='bbox 2185 1008 2303 1044; x_wconf 87' lang='grc' dir='ltr'>νετο</span> <span class='ocrx_word' id='word_1_155' title='bbox 2346 986 2399 1043; x_wconf 77' lang='grc' dir='ltr'>ἐν</span> <span class='ocrx_word' id='word_1_156' title='bbox 2442 988 2511 1055; x_wconf 80' lang='grc' dir='ltr'><strong>τῆ</strong></span> <span class='ocrx_word' id='word_1_157' title='bbox 2539 987 2804 1068; x_wconf 74' lang='grc' dir='ltr'>θαλάσσῃ,</span> <span class='ocrx_word' id='word_1_158' title='bbox 2845 987 2983 1046; x_wconf 81' lang='grc' dir='ltr'>ὥστε</span> <span class='ocrx_word' id='word_1_159' title='bbox 3038 991 3100 1046; x_wconf 78' lang='grc' dir='ltr'>τὸ</span> <span class='ocrx_word' id='word_1_160' title='bbox 3129 987 3323 1046; x_wconf 88' lang='grc' dir='ltr'>πλοῖον</span> <span class='ocrx_word' id='word_1_161' title='bbox 3355 987 3704 1045; x_wconf 72' lang='grc' dir='ltr'><strong>καλύπτεσθαι</strong></span> <span class='ocrx_word' id='word_1_162' title='bbox 3747 987 3853 1043; x_wconf 76' lang='grc' dir='ltr'><strong>ὑπὸ</strong></span> 
     </span>
    </p>
   </div>
   <div class='ocr_carea' id='block_1_27' title="bbox 2183 1075 3853 1158">
    <p class='ocr_par' dir='ltr' id='par_1_27' title="bbox 2183 1075 3853 1158">
     <span class='ocr_line' id='line_1_27' title="bbox 2183 1075 3853 1158; baseline 0 -27"><span class='ocrx_word' id='word_1_163' title='bbox 2183 1083 2291 1132; x_wconf 83' lang='grc' dir='ltr'><strong>τῶν</strong></span> <span class='ocrx_word' id='word_1_164' title='bbox 2330 1078 2602 1158; x_wconf 81' lang='grc' dir='ltr'>κυμάτων,</span> <span class='ocrx_word' id='word_1_165' title='bbox 2665 1080 2821 1141; x_wconf 68' lang='grc' dir='ltr'>αὐτὸς</span> <span class='ocrx_word' id='word_1_166' title='bbox 2879 1075 2933 1134; x_wconf 76' lang='grc' dir='ltr'><strong>δὲ</strong></span> <span class='ocrx_word' id='word_1_167' title='bbox 2991 1075 3288 1137; x_wconf 69' lang='grc' dir='ltr'>ὶκσίθευδεν.</span> <span class='ocrx_word' id='word_1_168' title='bbox 3326 1100 3354 1133; x_wconf 69' lang='grc' dir='ltr'><strong><em>ι</em></strong></span> <span class='ocrx_word' id='word_1_169' title='bbox 3420 1077 3552 1139; x_wconf 80' lang='grc' dir='ltr'>Τοὺς</span> <span class='ocrx_word' id='word_1_170' title='bbox 3605 1075 3853 1151; x_wconf 75' lang='grc' dir='ltr'>μαθητὰς</span> 
     </span>
    </p>
   </div>
   <div class='ocr_carea' id='block_1_28' title="bbox 2188 1162 3851 1247">
    <p class='ocr_par' dir='ltr' id='par_1_28' title="bbox 2188 1162 3851 1247">
     <span class='ocr_line' id='line_1_28' title="bbox 2188 1162 3851 1247; baseline -0.001 -25"><span class='ocrx_word' id='word_1_171' title='bbox 2188 1165 2377 1241; x_wconf 79' lang='grc' dir='ltr'>μόνους</span> <span class='ocrx_word' id='word_1_172' title='bbox 2421 1167 2706 1247; x_wconf 79' lang='grc' dir='ltr'>κατέσχεν,</span> <span class='ocrx_word' id='word_1_173' title='bbox 2761 1167 2899 1224; x_wconf 82' lang='grc' dir='ltr'>ὥστε</span> <span class='ocrx_word' id='word_1_174' title='bbox 2956 1166 3088 1224; x_wconf 78' lang='grc' dir='ltr'>ἰδεῖν</span> <span class='ocrx_word' id='word_1_175' title='bbox 3144 1169 3206 1224; x_wconf 78' lang='grc' dir='ltr'><strong>τὸ</strong></span> <span class='ocrx_word' id='word_1_176' title='bbox 3275 1170 3480 1242; x_wconf 81' lang='grc' dir='ltr'>θαῦμα,</span> <span class='ocrx_word' id='word_1_177' title='bbox 3535 1164 3754 1244; x_wconf 74' lang='grc' dir='ltr'>Ἀφίησι</span> <span class='ocrx_word' id='word_1_178' title='bbox 3790 1162 3851 1220; x_wconf 76' lang='grc' dir='ltr'><strong>δὲ</strong></span> 
     </span>
    </p>
   </div>
   <div class='ocr_carea' id='block_1_29' title="bbox 2187 1254 3850 1336">
    <p class='ocr_par' dir='ltr' id='par_1_29' title="bbox 2187 1254 3850 1336">
     <span class='ocr_line' id='line_1_29' title="bbox 2187 1254 3850 1336; baseline -0.001 -26"><span class='ocrx_word' id='word_1_179' title='bbox 2187 1256 2369 1318; x_wconf 75' lang='grc' dir='ltr'>αὖτοὺς</span> <span class='ocrx_word' id='word_1_180' title='bbox 2429 1254 2871 1336; x_wconf 79' lang='grc' dir='ltr'>κλυδωνισθῆναι,</span> <span class='ocrx_word' id='word_1_181' title='bbox 2956 1256 3048 1313; x_wconf 75' lang='grc' dir='ltr'><strong>ἵνα</strong></span> <span class='ocrx_word' id='word_1_182' title='bbox 3103 1258 3442 1335; x_wconf 70' lang='grc' dir='ltr'>-ρμνισθώσι</span> <span class='ocrx_word' id='word_1_183' title='bbox 3501 1255 3634 1334; x_wconf 81' lang='grc' dir='ltr'>πρὸς</span> <span class='ocrx_word' id='word_1_184' title='bbox 3719 1275 3850 1309; x_wconf 84' lang='grc' dir='ltr'>πει-</span> 
     </span>
    </p>
   </div>
   <div class='ocr_carea' id='block_1_30' title="bbox 2186 1339 3855 1422">
    <p class='ocr_par' dir='ltr' id='par_1_30' title="bbox 2186 1339 3855 1422">
     <span class='ocr_line' id='line_1_30' title="bbox 2186 1339 3855 1422; baseline -0.001 -22"><span class='ocrx_word' id='word_1_185' title='bbox 2186 1345 2441 1422; x_wconf 83' lang='grc' dir='ltr'>ρασμοὺς,</span> <span class='ocrx_word' id='word_1_186' title='bbox 2502 1347 2590 1401; x_wconf 88' lang='grc' dir='ltr'><strong>καὶ</strong></span> <span class='ocrx_word' id='word_1_187' title='bbox 2651 1345 2743 1401; x_wconf 75' lang='grc' dir='ltr'><strong>ἵνα</strong></span> <span class='ocrx_word' id='word_1_188' title='bbox 2813 1346 2899 1401; x_wconf 76' lang='grc' dir='ltr'><strong>διὰ</strong></span> <span class='ocrx_word' id='word_1_189' title='bbox 2955 1353 3111 1402; x_wconf 80' lang='grc' dir='ltr'>τοῦτο</span> <span class='ocrx_word' id='word_1_190' title='bbox 3158 1347 3217 1401; x_wconf 80' lang='grc' dir='ltr'><strong>τὸ</strong></span> <span class='ocrx_word' id='word_1_191' title='bbox 3264 1357 3498 1420; x_wconf 85' lang='grc' dir='ltr'>σημεῖον</span> <span class='ocrx_word' id='word_1_192' title='bbox 3542 1342 3627 1400; x_wconf 65' lang='grc' dir='ltr'>ἐπὶ</span> <span class='ocrx_word' id='word_1_193' title='bbox 3655 1339 3855 1400; x_wconf 84' lang='grc' dir='ltr'>πλεῖον</span> 
     </span>
    </p>
   </div>
   <div class='ocr_carea' id='block_1_31' title="bbox 2185 1430 3851 1514">
    <p class='ocr_par' dir='ltr' id='par_1_31' title="bbox 2185 1430 3851 1514">
     <span class='ocr_line' id='line_1_31' title="bbox 2185 1430 3851 1514; baseline -0.003 -22"><span class='ocrx_word' id='word_1_194' title='bbox 2185 1435 2529 1495; x_wconf 84' lang='grc' dir='ltr'>πιστεύσωσι.</span> <span class='ocrx_word' id='word_1_195' title='bbox 2625 1433 2869 1493; x_wconf 82' lang='grc' dir='ltr'>Καθεύδει</span> <span class='ocrx_word' id='word_1_196' title='bbox 2951 1433 3029 1508; x_wconf 81' lang='grc' dir='ltr'><strong>δέ,</strong></span> <span class='ocrx_word' id='word_1_197' title='bbox 3099 1436 3172 1499; x_wconf 83' lang='grc' dir='ltr'>ὡς</span> <span class='ocrx_word' id='word_1_198' title='bbox 3223 1434 3285 1490; x_wconf 78' lang='grc' dir='ltr'><strong>ἂν</strong></span> <span class='ocrx_word' id='word_1_199' title='bbox 3339 1430 3654 1514; x_wconf 69' lang='grc' dir='ltr'>φοϐηθέντες</span> <span class='ocrx_word' id='word_1_200' title='bbox 3723 1432 3851 1488; x_wconf 64' lang='lat' dir='ltr'><strong>im-</strong></span> 
     </span>
    </p>
   </div>
   <div class='ocr_carea' id='block_1_32' title="bbox 2184 1520 3843 1603">
    <p class='ocr_par' dir='ltr' id='par_1_32' title="bbox 2184 1520 3843 1603">
     <span class='ocr_line' id='line_1_32' title="bbox 2184 1520 3843 1603; baseline 0 -27"><span class='ocrx_word' id='word_1_201' title='bbox 2184 1527 2348 1600; x_wconf 82' lang='grc' dir='ltr'>γνῶσι</span> <span class='ocrx_word' id='word_1_202' title='bbox 2404 1525 2498 1591; x_wconf 61' lang='grc' dir='ltr'>τὴ»</span> <span class='ocrx_word' id='word_1_203' title='bbox 2554 1521 2685 1580; x_wconf 76' lang='grc' dir='ltr'>ἱδίαν</span> <span class='ocrx_word' id='word_1_204' title='bbox 2742 1523 3035 1599; x_wconf 75' lang='grc' dir='ltr'>ἀσθένειαν,</span> <span class='ocrx_word' id='word_1_205' title='bbox 3068 1525 3155 1580; x_wconf 81' lang='grc' dir='ltr'><strong>καὶ</strong></span> <span class='ocrx_word' id='word_1_206' title='bbox 3188 1521 3598 1603; x_wconf 79' lang='grc' dir='ltr'>παρακλέσωσιν</span> <span class='ocrx_word' id='word_1_207' title='bbox 3642 1520 3798 1578; x_wconf 82' lang='grc' dir='ltr'>αὑτόν</span> <span class='ocrx_word' id='word_1_208' title='bbox 3824 1535 3843 1552; x_wconf 89' lang='grc'>⁶</span> 
     </span>
    </p>
   </div>
   <div class='ocr_carea' id='block_1_33' title="bbox 2184 1609 2516 1691">
    <p class='ocr_par' dir='ltr' id='par_1_33' title="bbox 2184 1609 2516 1691">
     <span class='ocr_line' id='line_1_33' title="bbox 2184 1609 2516 1691; baseline 0.006 -25"><span class='ocrx_word' id='word_1_209' title='bbox 2184 1609 2262 1668; x_wconf 86' lang='grc' dir='ltr'><strong>διό</strong></span> <span class='ocrx_word' id='word_1_210' title='bbox 2291 1635 2450 1691; x_wconf 73' lang='grc' dir='ltr'>φησιν</span> <span class='ocrx_word' id='word_1_211' title='bbox 2501 1633 2516 1648; x_wconf 76' lang='grc'><strong><em>⁸</em></strong></span> 
     </span>
    </p>
   </div>
   <div class='ocr_carea' id='block_1_34' title="bbox 2269 1702 3851 1782">
    <p class='ocr_par' dir='ltr' id='par_1_34' title="bbox 2269 1702 3851 1782">
     <span class='ocr_line' id='line_1_34' title="bbox 2269 1702 3851 1782; baseline 0.001 -22"><span class='ocrx_word' id='word_1_212' title='bbox 2269 1703 2366 1760; x_wconf 79' lang='grc' dir='ltr'><strong>Καὶ</strong></span> <span class='ocrx_word' id='word_1_213' title='bbox 2422 1702 2798 1781; x_wconf 74' lang='grc' dir='ltr'><strong>προσελθόντες</strong></span> <span class='ocrx_word' id='word_1_214' title='bbox 2858 1706 2906 1761; x_wconf 73' lang='grc' dir='ltr'>οἱ</span> <span class='ocrx_word' id='word_1_215' title='bbox 2965 1707 3200 1780; x_wconf 84' lang='grc' dir='ltr'>μαθηταὶ</span> <span class='ocrx_word' id='word_1_216' title='bbox 3270 1704 3428 1761; x_wconf 77' lang='grc' dir='ltr'>αὑτοῦ</span> <span class='ocrx_word' id='word_1_217' title='bbox 3471 1702 3692 1782; x_wconf 70' lang='grc' dir='ltr'>ἤγειραν</span> <span class='ocrx_word' id='word_1_218' title='bbox 3747 1706 3851 1761; x_wconf 74' lang='grc' dir='ltr'>αὑ-</span> 
     </span>
    </p>
   </div>
   <div class='ocr_carea' id='block_1_35' title="bbox 2183 1790 3853 1873">
    <p class='ocr_par' dir='ltr' id='par_1_35' title="bbox 2183 1790 3853 1873">
     <span class='ocr_line' id='line_1_35' title="bbox 2183 1790 3853 1873; baseline 0 -26"><span class='ocrx_word' id='word_1_219' title='bbox 2183 1792 2300 1870; x_wconf 80' lang='grc' dir='ltr'>τὸν,</span> <span class='ocrx_word' id='word_1_220' title='bbox 2346 1790 2590 1870; x_wconf 82' lang='grc' dir='ltr'>λέγοντες</span> <span class='ocrx_word' id='word_1_221' title='bbox 2626 1809 2641 1824; x_wconf 88' lang='grc'><strong>⁹</strong></span> <span class='ocrx_word' id='word_1_222' title='bbox 2691 1792 2870 1873; x_wconf 77' lang='grc' dir='ltr'>Κύριε,</span> <span class='ocrx_word' id='word_1_223' title='bbox 2913 1796 3085 1850; x_wconf 80' lang='grc' dir='ltr'>σῶσον</span> <span class='ocrx_word' id='word_1_224' title='bbox 3120 1795 3287 1868; x_wconf 76' lang='grc' dir='ltr'>ἡμᾶς,</span> <span class='ocrx_word' id='word_1_225' title='bbox 3339 1791 3705 1868; x_wconf 66' lang='grc' dir='ltr'>ἀπολλύμεθα.</span> <span class='ocrx_word' id='word_1_226' title='bbox 3747 1793 3853 1851; x_wconf 80' lang='grc' dir='ltr'><strong>Καὶ</strong></span> 
     </span>
    </p>
   </div>
   <div class='ocr_carea' id='block_1_36' title="bbox 3022 446 3288 523">
    <p class='ocr_par' dir='ltr' id='par_1_36' title="bbox 3022 446 3288 523">
     <span class='ocr_line' id='line_1_36' title="bbox 3022 446 3288 523; baseline 0.011 -21"><span class='ocrx_word' id='word_1_227' title='bbox 3022 446 3261 505; x_wconf 78' lang='grc' dir='ltr'><strong>τουτέστι</strong></span> <span class='ocrx_word' id='word_1_228' title='bbox 3270 497 3288 523; x_wconf 84' lang='grc'><strong>,</strong></span> 
     </span>
    </p>
   </div>
   <div class='ocr_carea' id='block_1_37' title="bbox 2183 539 3153 620">
    <p class='ocr_par' dir='ltr' id='par_1_37' title="bbox 2183 539 3153 620">
     <span class='ocr_line' id='line_1_37' title="bbox 2183 539 3153 620; baseline 0.002 -26"><span class='ocrx_word' id='word_1_229' title='bbox 2183 539 2346 614; x_wconf 72' lang='grc' dir='ltr'>θάψαι</span> <span class='ocrx_word' id='word_1_230' title='bbox 2417 541 2536 603; x_wconf 82' lang='grc' dir='ltr'>τοὺς</span> <span class='ocrx_word' id='word_1_231' title='bbox 2620 542 2820 597; x_wconf 63' lang='lat' dir='ltr'><strong>imam</strong></span> <span class='ocrx_word' id='word_1_232' title='bbox 2889 540 3103 620; x_wconf 84' lang='grc' dir='ltr'>νεκρούς</span> <span class='ocrx_word' id='word_1_233' title='bbox 3139 556 3153 570; x_wconf 88' lang='grc'><strong>“</strong></span> 
     </span>
    </p>
   </div>
   <div class='ocr_carea' id='block_1_38' title="bbox 446 1878 2101 1966">
    <p class='ocr_par' dir='ltr' id='par_1_38' title="bbox 446 1881 2100 1966">
     <span class='ocr_line' id='line_1_38' title="bbox 446 1881 2100 1966; baseline 0.002 -23"><span class='ocrx_word' id='word_1_234' title='bbox 446 1881 656 1946; x_wconf 89' lang='lat' dir='ltr'><strong>rimus.</strong></span> <span class='ocrx_word' id='word_1_235' title='bbox 689 1885 771 1944; x_wconf 77' lang='lat'><strong>4|</strong></span> <span class='ocrx_word' id='word_1_236' title='bbox 835 1887 908 1948; x_wconf 85' lang='lat' dir='ltr'><strong>Et</strong></span> <span class='ocrx_word' id='word_1_237' title='bbox 953 1887 1099 1950; x_wconf 91' lang='lat' dir='ltr'><strong>dicit</strong></span> <span class='ocrx_word' id='word_1_238' title='bbox 1129 1889 1212 1950; x_wconf 92' lang='lat' dir='ltr'><strong>eis</strong></span> <span class='ocrx_word' id='word_1_239' title='bbox 1247 1910 1260 1946; x_wconf 91' lang='lat'>:</span> <span class='ocrx_word' id='word_1_240' title='bbox 1307 1887 1456 1961; x_wconf 88' lang='lat' dir='ltr'><strong>Quid</strong></span> <span class='ocrx_word' id='word_1_241' title='bbox 1491 1887 1679 1947; x_wconf 90' lang='lat' dir='ltr'><strong>timidi</strong></span> <span class='ocrx_word' id='word_1_242' title='bbox 1704 1886 1865 1966; x_wconf 85' lang='lat' dir='ltr'><strong>estis,</strong></span> <span class='ocrx_word' id='word_1_243' title='bbox 1894 1904 2100 1965; x_wconf 88' lang='lat' dir='ltr'><strong>parum</strong></span> 
     </span>
    </p>
   </div>
   <div class='ocr_carea' id='block_1_39' title="bbox 2190 1878 3848 1966">
    <p class='ocr_par' dir='ltr' id='par_1_39' title="bbox 2190 1878 3848 1960">
     <span class='ocr_line' id='line_1_39' title="bbox 2190 1878 3848 1960; baseline 0.001 -24"><span class='ocrx_word' id='word_1_244' title='bbox 2190 1878 2332 1959; x_wconf 78' lang='grc' dir='ltr'>λέγει</span> <span class='ocrx_word' id='word_1_245' title='bbox 2367 1885 2552 1946; x_wconf 77' lang='grc' dir='ltr'>αὑτοῖς</span> <span class='ocrx_word' id='word_1_246' title='bbox 2589 1898 2602 1912; x_wconf 85' lang='grc'><strong><em>⁸</em></strong></span> <span class='ocrx_word' id='word_1_247' title='bbox 2641 1884 2700 1940; x_wconf 87' lang='grc' dir='ltr'><strong>Τί</strong></span> <span class='ocrx_word' id='word_1_248' title='bbox 2743 1881 2903 1939; x_wconf 87' lang='grc' dir='ltr'>δειλοί</span> <span class='ocrx_word' id='word_1_249' title='bbox 2946 1885 3090 1957; x_wconf 62' lang='grc' dir='ltr'>ἔστε,</span> <span class='ocrx_word' id='word_1_250' title='bbox 3125 1881 3458 1960; x_wconf 82' lang='grc' dir='ltr'>ὀλιγόπιστοι</span> <span class='ocrx_word' id='word_1_251' title='bbox 3490 1899 3507 1957; x_wconf 85' lang='grc'><strong>;</strong></span> <span class='ocrx_word' id='word_1_252' title='bbox 3568 1884 3675 1940; x_wconf 82' lang='grc' dir='ltr'><strong>Οὑκ</strong></span> <span class='ocrx_word' id='word_1_253' title='bbox 3715 1881 3848 1938; x_wconf 82' lang='grc' dir='ltr'>ἀπί-</span> 
     </span>
    </p>
   </div>
   <div class='ocr_carea' id='block_1_40' title="bbox 449 1971 2100 2056">
    <p class='ocr_par' dir='ltr' id='par_1_40' title="bbox 449 1971 2100 2056">
     <span class='ocr_line' id='line_1_40' title="bbox 449 1971 2100 2056; baseline 0.001 -23"><span class='ocrx_word' id='word_1_254' title='bbox 449 1971 701 2035; x_wconf 83' lang='lat' dir='ltr'><strong>ﬁdentes</strong></span> <span class='ocrx_word' id='word_1_255' title='bbox 730 1974 760 2035; x_wconf 87' lang='lat'>?</span> <span class='ocrx_word' id='word_1_256' title='bbox 796 2000 817 2033; x_wconf 75' lang='grc' dir='ltr'>ι</span> <span class='ocrx_word' id='word_1_257' title='bbox 849 1975 978 2038; x_wconf 89' lang='lat' dir='ltr'><strong>Non</strong></span> <span class='ocrx_word' id='word_1_258' title='bbox 1010 1977 1353 2040; x_wconf 90' lang='lat' dir='ltr'><strong>incredulos</strong></span> <span class='ocrx_word' id='word_1_259' title='bbox 1387 1976 1552 2052; x_wconf 91' lang='lat' dir='ltr'><strong>dicit,</strong></span> <span class='ocrx_word' id='word_1_260' title='bbox 1586 1979 1686 2038; x_wconf 84' lang='lat' dir='ltr'><strong>sed</strong></span> <span class='ocrx_word' id='word_1_261' title='bbox 1714 1993 1905 2056; x_wconf 54' lang='lat' dir='ltr'><strong>parva),</strong></span> <span class='ocrx_word' id='word_1_262' title='bbox 1937 1975 2100 2036; x_wconf 80' lang='lat' dir='ltr'><strong>fidei.</strong></span> 
     </span>
    </p>
   </div>
   <div class='ocr_carea' id='block_1_41' title="bbox 2638 1969 3846 2051">
    <p class='ocr_par' dir='ltr' id='par_1_41' title="bbox 2638 1969 3846 2051">
     <span class='ocr_line' id='line_1_41' title="bbox 2638 1969 3846 2051; baseline -0.001 -23"><span class='ocrx_word' id='word_1_263' title='bbox 2638 1969 2756 2028; x_wconf 78' lang='grc' dir='ltr'>ἀλλ’</span> <span class='ocrx_word' id='word_1_264' title='bbox 2788 1971 3182 2051; x_wconf 85' lang='grc' dir='ltr'>ὁλιγοπίστους’</span> <span class='ocrx_word' id='word_1_265' title='bbox 3216 1975 3345 2029; x_wconf 82' lang='grc' dir='ltr'>καθὸ</span> <span class='ocrx_word' id='word_1_266' title='bbox 3389 1973 3488 2048; x_wconf 70' lang='grc' dir='ltr'>μὲν</span> <span class='ocrx_word' id='word_1_267' title='bbox 3533 1973 3631 2050; x_wconf 79' lang='grc' dir='ltr'><strong>γὰρ</strong></span> <span class='ocrx_word' id='word_1_268' title='bbox 3660 1971 3846 2050; x_wconf 75' lang='grc' dir='ltr'>εἶπον,</span> 
     </span>
    </p>
   </div>
   <div class='ocr_carea' id='block_1_42' title="bbox 2187 1976 2579 2053">
    <p class='ocr_par' dir='ltr' id='par_1_42' title="bbox 2187 1976 2579 2053">
     <span class='ocr_line' id='line_1_42' title="bbox 2187 1976 2579 2053; baseline 0.003 -27"><span class='ocrx_word' id='word_1_269' title='bbox 2187 1992 2342 2035; x_wconf 86' lang='grc' dir='ltr'>στους</span> <span class='ocrx_word' id='word_1_270' title='bbox 2402 1976 2579 2053; x_wconf 80' lang='grc' dir='ltr'>εἶπεν,</span> 
     </span>
    </p>
   </div>
   <div class='ocr_carea' id='block_1_43' title="bbox 447 2058 2101 2147">
    <p class='ocr_par' dir='ltr' id='par_1_43' title="bbox 447 2058 2101 2147">
     <span class='ocr_line' id='line_1_43' title="bbox 447 2058 2101 2147; baseline 0.005 -26"><span class='ocrx_word' id='word_1_271' title='bbox 447 2058 593 2122; x_wconf 89' lang='lat' dir='ltr'><strong>Nam</strong></span> <span class='ocrx_word' id='word_1_272' title='bbox 620 2083 726 2143; x_wconf 91' lang='lat' dir='ltr'><strong>per</strong></span> <span class='ocrx_word' id='word_1_273' title='bbox 748 2066 859 2128; x_wconf 86' lang='lat' dir='ltr'><strong>hoc</strong></span> <span class='ocrx_word' id='word_1_274' title='bbox 881 2067 1038 2147; x_wconf 92' lang='lat' dir='ltr'><strong>quod</strong></span> <span class='ocrx_word' id='word_1_275' title='bbox 1066 2066 1755 2146; x_wconf 81' lang='lat' dir='ltr'><strong>dicunt.Domine,serva</strong></span> <span class='ocrx_word' id='word_1_276' title='bbox 1787 2065 2101 2137; x_wconf 84' lang='lat' dir='ltr'><strong>nos,ﬁdem</strong></span> 
     </span>
    </p>
   </div>
   <div class='ocr_carea' id='block_1_44' title="bbox 2190 2058 3851 2147">
    <p class='ocr_par' dir='ltr' id='par_1_44' title="bbox 2191 2058 3851 2142">
     <span class='ocr_line' id='line_1_44' title="bbox 2191 2058 3851 2142; baseline 0 -25"><span class='ocrx_word' id='word_1_277' title='bbox 2191 2060 2368 2140; x_wconf 75' lang='grc' dir='ltr'>Κύριε,</span> <span class='ocrx_word' id='word_1_278' title='bbox 2403 2068 2577 2118; x_wconf 82' lang='grc' dir='ltr'>σῶσον</span> <span class='ocrx_word' id='word_1_279' title='bbox 2604 2063 2779 2142; x_wconf 78' lang='grc' dir='ltr'>ἡμᾶς,</span> <span class='ocrx_word' id='word_1_280' title='bbox 2824 2062 3000 2118; x_wconf 91' lang='grc' dir='ltr'>πίστιν</span> <span class='ocrx_word' id='word_1_281' title='bbox 3055 2060 3394 2137; x_wconf 81' lang='grc' dir='ltr'>ὲδείκνυνται,</span> <span class='ocrx_word' id='word_1_282' title='bbox 3426 2063 3486 2117; x_wconf 82' lang='grc' dir='ltr'>τὸ</span> <span class='ocrx_word' id='word_1_283' title='bbox 3515 2059 3596 2140; x_wconf 76' lang='grc' dir='ltr'>δὲ,</span> <span class='ocrx_word' id='word_1_284' title='bbox 3642 2058 3851 2117; x_wconf 77' lang='grc' dir='ltr'>’Λπολ-</span> 
     </span>
    </p>
   </div>
   <div class='ocr_carea' id='block_1_45' title="bbox 451 2147 2101 2236">
    <p class='ocr_par' dir='ltr' id='par_1_45' title="bbox 451 2155 2101 2236">
     <span class='ocr_line' id='line_1_45' title="bbox 451 2155 2101 2236; baseline 0.005 -27"><span class='ocrx_word' id='word_1_285' title='bbox 451 2161 782 2217; x_wconf 81' lang='lat' dir='ltr'><strong>monstrant</strong></span> <span class='ocrx_word' id='word_1_286' title='bbox 819 2173 832 2217; x_wconf 93' lang='lat'>:</span> <span class='ocrx_word' id='word_1_287' title='bbox 866 2156 1023 2236; x_wconf 89' lang='lat' dir='ltr'><strong>quod</strong></span> <span class='ocrx_word' id='word_1_288' title='bbox 1054 2165 1253 2218; x_wconf 91' lang='lat' dir='ltr'><strong>autem</strong></span> <span class='ocrx_word' id='word_1_289' title='bbox 1283 2155 1509 2230; x_wconf 88' lang='lat' dir='ltr'><strong>dicunt,</strong></span> <span class='ocrx_word' id='word_1_290' title='bbox 1548 2156 1837 2231; x_wconf 83' lang='lat' dir='ltr'><strong>perimus.</strong></span> <span class='ocrx_word' id='word_1_291' title='bbox 1863 2181 1981 2224; x_wconf 89' lang='lat' dir='ltr'><strong>non</strong></span> <span class='ocrx_word' id='word_1_292' title='bbox 2015 2164 2101 2222; x_wconf 90' lang='lat' dir='ltr'><strong>est</strong></span> 
     </span>
    </p>
   </div>
   <div class='ocr_carea' id='block_1_46' title="bbox 2190 2147 3850 2236">
    <p class='ocr_par' dir='ltr' id='par_1_46' title="bbox 2190 2147 3850 2236">
     <span class='ocr_line' id='line_1_46' title="bbox 2190 2147 3850 2236; baseline 0.001 -32"><span class='ocrx_word' id='word_1_293' title='bbox 2190 2147 2408 2223; x_wconf 84' lang='grc' dir='ltr'>λύμεθα,</span> <span class='ocrx_word' id='word_1_294' title='bbox 2462 2155 2521 2209; x_wconf 74' lang='grc' dir='ltr'>οὒ</span> <span class='ocrx_word' id='word_1_295' title='bbox 2586 2153 2834 2236; x_wconf 78' lang='grc' dir='ltr'>πίστεως.</span> <span class='ocrx_word' id='word_1_296' title='bbox 2877 2150 3114 2209; x_wconf 84' lang='grc' dir='ltr'>Ἐκείνου</span> <span class='ocrx_word' id='word_1_297' title='bbox 3156 2153 3256 2229; x_wconf 78' lang='grc' dir='ltr'><strong>γὰρ</strong></span> <span class='ocrx_word' id='word_1_298' title='bbox 3307 2149 3690 2227; x_wconf 79' lang='grc' dir='ltr'>συμπλέοντος,</span> <span class='ocrx_word' id='word_1_299' title='bbox 3752 2149 3850 2207; x_wconf 79' lang='grc' dir='ltr'><strong>οὑκ</strong></span> 
     </span>
    </p>
   </div>
   <div class='ocr_carea' id='block_1_47' title="bbox 449 2229 2101 2325">
    <p class='ocr_par' dir='ltr' id='par_1_47' title="bbox 449 2229 2101 2325">
     <span class='ocr_line' id='line_1_47' title="bbox 449 2229 2101 2325; baseline 0.008 -26"><span class='ocrx_word' id='word_1_300' title='bbox 449 2239 726 2303; x_wconf 75' lang='lat' dir='ltr'><strong>ﬂ‘deiJllo</strong></span> <span class='ocrx_word' id='word_1_301' title='bbox 759 2229 920 2305; x_wconf 78' lang='lat' dir='ltr'><strong>enim</strong></span> <span class='ocrx_word' id='word_1_302' title='bbox 945 2245 1123 2307; x_wconf 91' lang='lat' dir='ltr'><strong>simul</strong></span> <span class='ocrx_word' id='word_1_303' title='bbox 1149 2245 1458 2325; x_wconf 84' lang='lat' dir='ltr'><strong>navigante</strong></span> <span class='ocrx_word' id='word_1_304' title='bbox 1490 2229 1609 2306; x_wconf 86' lang='lat' dir='ltr'><strong>non</strong></span> <span class='ocrx_word' id='word_1_305' title='bbox 1633 2260 1758 2310; x_wconf 88' lang='lat' dir='ltr'><strong>erat</strong></span> <span class='ocrx_word' id='word_1_306' title='bbox 1782 2249 2101 2313; x_wconf 83' lang='lat' dir='ltr'><strong>formidan-</strong></span> 
     </span>
    </p>
   </div>
   <div class='ocr_carea' id='block_1_48' title="bbox 2190 2229 3851 2325">
    <p class='ocr_par' dir='ltr' id='par_1_48' title="bbox 2190 2229 3851 2318">
     <span class='ocr_line' id='line_1_48' title="bbox 2190 2229 3851 2318; baseline 0.001 -26"><span class='ocrx_word' id='word_1_307' title='bbox 2190 2236 2290 2293; x_wconf 76' lang='grc' dir='ltr'>ἔδει</span> <span class='ocrx_word' id='word_1_308' title='bbox 2349 2237 2590 2298; x_wconf 80' lang='grc' dir='ltr'>δεδιέναι.</span> <span class='ocrx_word' id='word_1_309' title='bbox 2645 2229 2791 2318; x_wconf 63' lang='grc' dir='ltr'>’Ὅρα</span> <span class='ocrx_word' id='word_1_310' title='bbox 2849 2239 2903 2295; x_wconf 75' lang='grc' dir='ltr'><strong>δὲ</strong></span> <span class='ocrx_word' id='word_1_311' title='bbox 2961 2239 3042 2295; x_wconf 83' lang='grc' dir='ltr'><strong>ὅτι</strong></span> <span class='ocrx_word' id='word_1_312' title='bbox 3103 2238 3368 2311; x_wconf 82' lang='grc' dir='ltr'>ὀνειδίζων</span> <span class='ocrx_word' id='word_1_313' title='bbox 3419 2242 3604 2303; x_wconf 78' lang='grc' dir='ltr'>αὑτοῖς</span> <span class='ocrx_word' id='word_1_314' title='bbox 3647 2241 3719 2302; x_wconf 81' lang='grc' dir='ltr'>ὡς</span> <span class='ocrx_word' id='word_1_315' title='bbox 3745 2236 3851 2294; x_wconf 74' lang='grc' dir='ltr'>δει-</span> 
     </span>
    </p>
   </div>
   <div class='ocr_carea' id='block_1_49' title="bbox 450 2325 2101 2415">
    <p class='ocr_par' dir='ltr' id='par_1_49' title="bbox 450 2327 2098 2415">
     <span class='ocr_line' id='line_1_49' title="bbox 450 2327 2098 2415; baseline 0.008 -27"><span class='ocrx_word' id='word_1_316' title='bbox 450 2327 617 2389; x_wconf 92' lang='lat' dir='ltr'><strong>dum.</strong></span> <span class='ocrx_word' id='word_1_317' title='bbox 653 2329 804 2393; x_wconf 88' lang='lat' dir='ltr'><strong>Vide</strong></span> <span class='ocrx_word' id='word_1_318' title='bbox 825 2340 1020 2394; x_wconf 87' lang='lat' dir='ltr'><strong>autem</strong></span> <span class='ocrx_word' id='word_1_319' title='bbox 1041 2334 1222 2414; x_wconf 88' lang='lat' dir='ltr'><strong>quod,</strong></span> <span class='ocrx_word' id='word_1_320' title='bbox 1251 2334 1624 2414; x_wconf 79' lang='lat' dir='ltr'><strong>exprobrans</strong></span> <span class='ocrx_word' id='word_1_321' title='bbox 1655 2337 1742 2397; x_wconf 94' lang='lat' dir='ltr'><strong>eis</strong></span> <span class='ocrx_word' id='word_1_322' title='bbox 1772 2340 2098 2415; x_wconf 86' lang='lat' dir='ltr'><strong>uttimidis,</strong></span> 
     </span>
    </p>
   </div>
   <div class='ocr_carea' id='block_1_50' title="bbox 2190 2325 3845 2415">
    <p class='ocr_par' dir='ltr' id='par_1_50' title="bbox 2190 2325 3845 2410">
     <span class='ocr_line' id='line_1_50' title="bbox 2190 2325 3845 2410; baseline 0.003 -28"><span class='ocrx_word' id='word_1_323' title='bbox 2190 2325 2330 2408; x_wconf 74' lang='grc' dir='ltr'>λοῖς,</span> <span class='ocrx_word' id='word_1_324' title='bbox 2377 2327 2629 2385; x_wconf 80' lang='grc' dir='ltr'>δείκνυσιν</span> <span class='ocrx_word' id='word_1_325' title='bbox 2685 2332 2759 2393; x_wconf 83' lang='grc' dir='ltr'>ὡς</span> <span class='ocrx_word' id='word_1_326' title='bbox 2829 2332 2863 2396; x_wconf 75' lang='grc' dir='ltr'>ἡ</span> <span class='ocrx_word' id='word_1_327' title='bbox 2948 2327 3115 2385; x_wconf 82' lang='grc' dir='ltr'>δειλία</span> <span class='ocrx_word' id='word_1_328' title='bbox 3173 2329 3317 2410; x_wconf 69' lang='grc' dir='ltr'>φέρει</span> <span class='ocrx_word' id='word_1_329' title='bbox 3373 2330 3496 2393; x_wconf 81' lang='grc' dir='ltr'>τοὺς</span> <span class='ocrx_word' id='word_1_330' title='bbox 3552 2326 3845 2389; x_wconf 77' lang='grc' dir='ltr'>κινδύνους.</span> 
     </span>
    </p>
   </div>
   <div class='ocr_carea' id='block_1_51' title="bbox 450 2419 2098 2510">
    <p class='ocr_par' dir='ltr' id='par_1_51' title="bbox 450 2419 2098 2510">
     <span class='ocr_line' id='line_1_51' title="bbox 450 2419 2098 2510; baseline 0.008 -33"><span class='ocrx_word' id='word_1_331' title='bbox 450 2419 711 2510; x_wconf 73' lang='lat' dir='ltr'><strong>ostendit</strong></span> <span class='ocrx_word' id='word_1_332' title='bbox 743 2419 1016 2510; x_wconf 86' lang='lat' dir='ltr'><strong>timorem</strong></span> <span class='ocrx_word' id='word_1_333' title='bbox 1047 2424 1261 2486; x_wconf 80' lang='lat' dir='ltr'><strong>aﬂ&#39;erre</strong></span> <span class='ocrx_word' id='word_1_334' title='bbox 1296 2424 1812 2504; x_wconf 85' lang='lat' dir='ltr'><strong>periculaldcirco</strong></span> <span class='ocrx_word' id='word_1_335' title='bbox 1845 2431 2098 2510; x_wconf 90' lang='lat' dir='ltr'><strong>primum</strong></span> 
     </span>
    </p>
   </div>
   <div class='ocr_carea' id='block_1_52' title="bbox 449 2505 2102 2595">
    <p class='ocr_par' dir='ltr' id='par_1_52' title="bbox 449 2505 2102 2595">
     <span class='ocr_line' id='line_1_52' title="bbox 449 2505 2102 2595; baseline 0.008 -29"><span class='ocrx_word' id='word_1_336' title='bbox 449 2505 619 2578; x_wconf 82' lang='lat' dir='ltr'><strong>sedat</strong></span> <span class='ocrx_word' id='word_1_337' title='bbox 679 2509 1074 2574; x_wconf 90' lang='lat' dir='ltr'><strong>turbationem</strong></span> <span class='ocrx_word' id='word_1_338' title='bbox 1108 2513 1324 2574; x_wconf 76' lang='lat' dir='ltr'><strong>animae</strong></span> <span class='ocrx_word' id='word_1_339' title='bbox 1357 2513 1622 2595; x_wconf 91' lang='lat' dir='ltr'><strong>illorum,</strong></span> <span class='ocrx_word' id='word_1_340' title='bbox 1682 2523 1739 2576; x_wconf 92' lang='lat' dir='ltr'><strong>et</strong></span> <span class='ocrx_word' id='word_1_341' title='bbox 1768 2505 1905 2580; x_wconf 80' lang='lat' dir='ltr'><strong>tunc</strong></span> <span class='ocrx_word' id='word_1_342' title='bbox 1930 2518 2102 2581; x_wconf 86' lang='lat' dir='ltr'><strong>solvit</strong></span> 
     </span>
    </p>
   </div>
   <div class='ocr_carea' id='block_1_53' title="bbox 450 2597 1310 2683">
    <p class='ocr_par' dir='ltr' id='par_1_53' title="bbox 450 2597 1310 2683">
     <span class='ocr_line' id='line_1_53' title="bbox 450 2597 1310 2683; baseline 0.007 -27"><span class='ocrx_word' id='word_1_343' title='bbox 450 2597 626 2658; x_wconf 90' lang='lat' dir='ltr'><strong>etiam</strong></span> <span class='ocrx_word' id='word_1_344' title='bbox 663 2599 842 2661; x_wconf 90' lang='lat' dir='ltr'><strong>maris</strong></span> <span class='ocrx_word' id='word_1_345' title='bbox 870 2609 1310 2683; x_wconf 87' lang='lat' dir='ltr'><strong>tempestatem.</strong></span> 
     </span>
    </p>
   </div>
   <div class='ocr_carea' id='block_1_54' title="bbox 533 2683 2102 2776">
    <p class='ocr_par' dir='ltr' id='par_1_54' title="bbox 533 2683 2102 2776">
     <span class='ocr_line' id='line_1_54' title="bbox 533 2683 2102 2776; baseline 0.008 -29"><span class='ocrx_word' id='word_1_346' title='bbox 533 2683 718 2749; x_wconf 74' lang='lat' dir='ltr'><strong>Vsns.</strong></span> <span class='ocrx_word' id='word_1_347' title='bbox 743 2689 842 2763; x_wconf 69' lang='lat'><strong>26,</strong></span> <span class='ocrx_word' id='word_1_348' title='bbox 869 2691 968 2753; x_wconf 82' lang='lat'><strong>27.</strong></span> <span class='ocrx_word' id='word_1_349' title='bbox 999 2715 1021 2746; x_wconf 77' lang='grc' dir='ltr'><strong>ι</strong></span> <span class='ocrx_word' id='word_1_350' title='bbox 1049 2691 1216 2753; x_wconf 84' lang='lat' dir='ltr'><strong>Tunc</strong></span> <span class='ocrx_word' id='word_1_351' title='bbox 1237 2693 2102 2776; x_wconf 78' lang='lat' dir='ltr'><strong>excitatus.increpavitventos</strong></span> 
     </span>
    </p>
   </div>
   <div class='ocr_carea' id='block_1_55' title="bbox 450 2779 2104 2863">
    <p class='ocr_par' dir='ltr' id='par_1_55' title="bbox 450 2779 2104 2863">
     <span class='ocr_line' id='line_1_55' title="bbox 450 2779 2104 2863; baseline 0.009 -29"><span class='ocrx_word' id='word_1_352' title='bbox 450 2781 507 2835; x_wconf 91' lang='lat' dir='ltr'><strong>et</strong></span> <span class='ocrx_word' id='word_1_353' title='bbox 542 2794 726 2858; x_wconf 84' lang='lat' dir='ltr'><strong>mare,</strong></span> <span class='ocrx_word' id='word_1_354' title='bbox 756 2788 815 2839; x_wconf 90' lang='lat' dir='ltr'><strong>et</strong></span> <span class='ocrx_word' id='word_1_355' title='bbox 847 2779 1000 2841; x_wconf 82' lang='lat' dir='ltr'><strong>facta</strong></span> <span class='ocrx_word' id='word_1_356' title='bbox 1060 2791 1148 2842; x_wconf 89' lang='lat' dir='ltr'><strong>est</strong></span> <span class='ocrx_word' id='word_1_357' title='bbox 1188 2783 1480 2844; x_wconf 87' lang='lat' dir='ltr'><strong>serenitas</strong></span> <span class='ocrx_word' id='word_1_358' title='bbox 1515 2802 1765 2863; x_wconf 89' lang='lat' dir='ltr'><strong>magna:</strong></span> <span class='ocrx_word' id='word_1_359' title='bbox 1830 2786 2104 2849; x_wconf 87' lang='lat' dir='ltr'><strong>homines</strong></span> 
     </span>
    </p>
   </div>
   <div class='ocr_carea' id='block_1_56' title="bbox 447 2866 2103 2958">
    <p class='ocr_par' dir='ltr' id='par_1_56' title="bbox 447 2866 2103 2958">
     <span class='ocr_line' id='line_1_56' title="bbox 447 2866 2103 2958; baseline 0.009 -35"><span class='ocrx_word' id='word_1_360' title='bbox 447 2866 1092 2958; x_wconf 76' lang='lat' dir='ltr'><strong>veroadmirabantur,</strong></span> <span class='ocrx_word' id='word_1_361' title='bbox 1129 2872 1400 2934; x_wconf 90' lang='lat' dir='ltr'><strong>dicentes</strong></span> <span class='ocrx_word' id='word_1_362' title='bbox 1437 2897 1450 2932; x_wconf 88' lang='lat'><strong>:</strong></span> <span class='ocrx_word' id='word_1_363' title='bbox 1486 2872 1687 2946; x_wconf 90' lang='lat' dir='ltr'><strong>Qualis</strong></span> <span class='ocrx_word' id='word_1_364' title='bbox 1718 2885 1807 2937; x_wconf 90' lang='lat' dir='ltr'><strong>est</strong></span> <span class='ocrx_word' id='word_1_365' title='bbox 1838 2876 2103 2958; x_wconf 82' lang='lat' dir='ltr'><strong>hic,quia</strong></span> 
     </span>
    </p>
   </div>
   <div class='ocr_carea' id='block_1_57' title="bbox 447 2955 2100 3047">
    <p class='ocr_par' dir='ltr' id='par_1_57' title="bbox 447 2955 2100 3047">
     <span class='ocr_line' id='line_1_57' title="bbox 447 2955 2100 3047; baseline 0.009 -33"><span class='ocrx_word' id='word_1_366' title='bbox 447 2955 608 3047; x_wconf 78' lang='lat' dir='ltr'><strong>venti</strong></span> <span class='ocrx_word' id='word_1_367' title='bbox 641 2964 700 3018; x_wconf 82' lang='lat' dir='ltr'><strong>et</strong></span> <span class='ocrx_word' id='word_1_368' title='bbox 731 2976 899 3020; x_wconf 86' lang='lat' dir='ltr'><strong>mare</strong></span> <span class='ocrx_word' id='word_1_369' title='bbox 929 2959 1219 3023; x_wconf 89' lang='lat' dir='ltr'><strong>obediunt</strong></span> <span class='ocrx_word' id='word_1_370' title='bbox 1240 2963 1295 3024; x_wconf 92' lang='lat' dir='ltr'><strong>ei</strong></span> <span class='ocrx_word' id='word_1_371' title='bbox 1329 2962 1403 3022; x_wconf 68' lang='lat'><strong>1’»</strong></span> <span class='ocrx_word' id='word_1_372' title='bbox 1442 2963 1609 3036; x_wconf 87' lang='lat' dir='ltr'><strong>Quod</strong></span> <span class='ocrx_word' id='word_1_373' title='bbox 1643 2955 2100 3047; x_wconf 81' lang='lat' dir='ltr'><strong>videbatur,bo-</strong></span> 
     </span>
    </p>
   </div>
   <div class='ocr_carea' id='block_1_58' title="bbox 450 3042 1443 3129">
    <p class='ocr_par' dir='ltr' id='par_1_58' title="bbox 450 3042 1443 3129">
     <span class='ocr_line' id='line_1_58' title="bbox 450 3042 1443 3129; baseline 0.008 -26"><span class='ocrx_word' id='word_1_374' title='bbox 450 3042 629 3106; x_wconf 89' lang='lat' dir='ltr'><strong>minis</strong></span> <span class='ocrx_word' id='word_1_375' title='bbox 660 3055 810 3128; x_wconf 89' lang='lat' dir='ltr'><strong>erat,</strong></span> <span class='ocrx_word' id='word_1_376' title='bbox 844 3067 1026 3129; x_wconf 88' lang='lat' dir='ltr'><strong>opera</strong></span> <span class='ocrx_word' id='word_1_377' title='bbox 1052 3058 1273 3126; x_wconf 87' lang='lat' dir='ltr'><strong>autem,</strong></span> <span class='ocrx_word' id='word_1_378' title='bbox 1310 3051 1443 3114; x_wconf 89' lang='lat' dir='ltr'><strong>Dei.</strong></span> 
     </span>
    </p>
   </div>
   <div class='ocr_carea' id='block_1_59' title="bbox 531 3220 2098 3316">
    <p class='ocr_par' dir='ltr' id='par_1_59' title="bbox 531 3220 2098 3316">
     <span class='ocr_line' id='line_1_59' title="bbox 531 3220 2098 3316; baseline 0.009 -33"><span class='ocrx_word' id='word_1_379' title='bbox 531 3220 717 3316; x_wconf 74' lang='lat' dir='ltr'><strong>VEns.</strong></span> <span class='ocrx_word' id='word_1_380' title='bbox 750 3224 848 3290; x_wconf 75' lang='grc'><strong>28.</strong></span> <span class='ocrx_word' id='word_1_381' title='bbox 877 3249 901 3284; x_wconf 75' lang='grc' dir='ltr'><em>α</em></span> <span class='ocrx_word' id='word_1_382' title='bbox 931 3227 1151 3291; x_wconf 90' lang='lat' dir='ltr'><strong>Etcum</strong></span> <span class='ocrx_word' id='word_1_383' title='bbox 1177 3231 1518 3293; x_wconf 89' lang='lat' dir='ltr'><strong>venissetad</strong></span> <span class='ocrx_word' id='word_1_384' title='bbox 1544 3232 1886 3295; x_wconf 87' lang='lat' dir='ltr'><strong>ulteriorem</strong></span> <span class='ocrx_word' id='word_1_385' title='bbox 1909 3233 2098 3316; x_wconf 89' lang='lat' dir='ltr'><strong>ripam</strong></span> 
     </span>
    </p>
   </div>
   <div class='ocr_carea' id='block_1_60' title="bbox 449 3310 2102 3399">
    <p class='ocr_par' dir='ltr' id='par_1_60' title="bbox 449 3310 2102 3399">
     <span class='ocr_line' id='line_1_60' title="bbox 449 3310 2102 3399; baseline 0.01 -29"><span class='ocrx_word' id='word_1_386' title='bbox 449 3310 509 3371; x_wconf 89' lang='lat' dir='ltr'><strong>in</strong></span> <span class='ocrx_word' id='word_1_387' title='bbox 531 3311 835 3392; x_wconf 80' lang='lat' dir='ltr'><strong>regionem</strong></span> <span class='ocrx_word' id='word_1_388' title='bbox 857 3319 1759 3399; x_wconf 57' lang='lat' dir='ltr'><strong>GergesenorummCCurrerunt</strong></span> <span class='ocrx_word' id='word_1_389' title='bbox 1780 3323 1835 3385; x_wconf 92' lang='lat' dir='ltr'><strong>ei</strong></span> <span class='ocrx_word' id='word_1_390' title='bbox 1856 3310 2102 3387; x_wconf 47' lang='lat' dir='ltr'><strong>duo-dae-</strong></span> 
     </span>
    </p>
   </div>
   <div class='ocr_carea' id='block_1_61' title="bbox 451 3405 2092 3493">
    <p class='ocr_par' dir='ltr' id='par_1_61' title="bbox 451 3405 2092 3493">
     <span class='ocr_line' id='line_1_61' title="bbox 451 3405 2092 3493; baseline 0.009 -32"><span class='ocrx_word' id='word_1_391' title='bbox 451 3405 726 3493; x_wconf 85' lang='lat' dir='ltr'><strong>moniaci.</strong></span> <span class='ocrx_word' id='word_1_392' title='bbox 745 3405 1200 3472; x_wconf 71' lang='lat' dir='ltr'><strong>nDubitantibus</strong></span> <span class='ocrx_word' id='word_1_393' title='bbox 1226 3410 1345 3471; x_wconf 93' lang='lat' dir='ltr'><strong>illis</strong></span> <span class='ocrx_word' id='word_1_394' title='bbox 1369 3411 1428 3471; x_wconf 92' lang='lat' dir='ltr'><strong>in</strong></span> <span class='ocrx_word' id='word_1_395' title='bbox 1453 3411 1584 3472; x_wconf 85' lang='lat' dir='ltr'><strong>navi</strong></span> <span class='ocrx_word' id='word_1_396' title='bbox 1601 3412 1790 3493; x_wconf 89' lang='lat' dir='ltr'><strong>qualis</strong></span> <span class='ocrx_word' id='word_1_397' title='bbox 1803 3424 1957 3476; x_wconf 90' lang='lat' dir='ltr'><strong>esset</strong></span> <span class='ocrx_word' id='word_1_398' title='bbox 1975 3415 2092 3489; x_wconf 86' lang='lat' dir='ltr'><strong>hic,</strong></span> 
     </span>
    </p>
   </div>
   <div class='ocr_carea' id='block_1_62' title="bbox 447 3489 2099 3577">
    <p class='ocr_par' dir='ltr' id='par_1_62' title="bbox 447 3489 2099 3577">
     <span class='ocr_line' id='line_1_62' title="bbox 447 3489 2099 3577; baseline 0.01 -28"><span class='ocrx_word' id='word_1_399' title='bbox 447 3489 587 3570; x_wconf 89' lang='lat' dir='ltr'><strong>quia</strong></span> <span class='ocrx_word' id='word_1_400' title='bbox 611 3495 768 3556; x_wconf 85' lang='lat' dir='ltr'><strong>venti</strong></span> <span class='ocrx_word' id='word_1_401' title='bbox 800 3506 857 3558; x_wconf 91' lang='lat' dir='ltr'><strong>et</strong></span> <span class='ocrx_word' id='word_1_402' title='bbox 883 3518 1045 3561; x_wconf 91' lang='lat' dir='ltr'><strong>mare</strong></span> <span class='ocrx_word' id='word_1_403' title='bbox 1095 3500 1381 3561; x_wconf 91' lang='lat' dir='ltr'><strong>obediunt</strong></span> <span class='ocrx_word' id='word_1_404' title='bbox 1414 3501 1491 3577; x_wconf 91' lang='lat' dir='ltr'><strong>ei,</strong></span> <span class='ocrx_word' id='word_1_405' title='bbox 1522 3489 1764 3562; x_wconf 78' lang='lat' dir='ltr'><strong>veniunt</strong></span> <span class='ocrx_word' id='word_1_406' title='bbox 1793 3504 2099 3566; x_wconf 73' lang='lat' dir='ltr'><strong>daemones</strong></span> 
     </span>
    </p>
   </div>
   <div class='ocr_carea' id='block_1_63' title="bbox 448 3585 2098 3671">
    <p class='ocr_par' dir='ltr' id='par_1_63' title="bbox 448 3585 2098 3671">
     <span class='ocr_line' id='line_1_63' title="bbox 448 3585 2098 3671; baseline 0.008 -31"><span class='ocrx_word' id='word_1_407' title='bbox 448 3597 776 3671; x_wconf 65' lang='lat' dir='ltr'><strong>praecones.</strong></span> <span class='ocrx_word' id='word_1_408' title='bbox 803 3585 967 3659; x_wconf 84' lang='lat' dir='ltr'><strong>Quod</strong></span> <span class='ocrx_word' id='word_1_409' title='bbox 996 3589 1046 3650; x_wconf 91' lang='lat' dir='ltr'><strong>si</strong></span> <span class='ocrx_word' id='word_1_410' title='bbox 1076 3597 1191 3650; x_wconf 91' lang='lat' dir='ltr'><strong>tam</strong></span> <span class='ocrx_word' id='word_1_411' title='bbox 1226 3589 1452 3651; x_wconf 79' lang='lat' dir='ltr'><strong>Marcus</strong></span> <span class='ocrx_word' id='word_1_412' title='bbox 1481 3609 1654 3671; x_wconf 91' lang='lat' dir='ltr'><strong>quam</strong></span> <span class='ocrx_word' id='word_1_413' title='bbox 1692 3595 1882 3655; x_wconf 90' lang='lat' dir='ltr'><strong>Lucas</strong></span> <span class='ocrx_word' id='word_1_414' title='bbox 1913 3613 2098 3654; x_wconf 91' lang='lat' dir='ltr'><strong>unum</strong></span> 
     </span>
    </p>
   </div>
   <div class='ocr_carea' id='block_1_64' title="bbox 449 3667 2102 3760">
    <p class='ocr_par' dir='ltr' id='par_1_64' title="bbox 449 3667 2102 3760">
     <span class='ocr_line' id='line_1_64' title="bbox 449 3667 2102 3760; baseline 0.009 -32"><span class='ocrx_word' id='word_1_415' title='bbox 449 3667 673 3760; x_wconf 81' lang='lat' dir='ltr'><strong>dicant,</strong></span> <span class='ocrx_word' id='word_1_416' title='bbox 706 3672 1023 3738; x_wconf 86' lang='lat' dir='ltr'><strong>habentem</strong></span> <span class='ocrx_word' id='word_1_417' title='bbox 1057 3679 1354 3756; x_wconf 78' lang='lat' dir='ltr'><strong>legionem</strong></span> <span class='ocrx_word' id='word_1_418' title='bbox 1389 3680 1466 3760; x_wconf 65' lang='grc' dir='ltr'><strong>π),</strong></span> <span class='ocrx_word' id='word_1_419' title='bbox 1499 3667 1978 3760; x_wconf 55' lang='lat' dir='ltr'><strong>intelligendum</strong></span> <span class='ocrx_word' id='word_1_420' title='bbox 2013 3691 2102 3744; x_wconf 88' lang='lat' dir='ltr'><strong>est</strong></span> 
     </span>
    </p>
   </div>
   <div class='ocr_carea' id='block_1_65' title="bbox 448 3758 2099 3849">
    <p class='ocr_par' dir='ltr' id='par_1_65' title="bbox 448 3758 2099 3849">
     <span class='ocr_line' id='line_1_65' title="bbox 448 3758 2099 3849; baseline 0.012 -33"><span class='ocrx_word' id='word_1_421' title='bbox 448 3758 605 3849; x_wconf 82' lang='lat' dir='ltr'><strong>quod</strong></span> <span class='ocrx_word' id='word_1_422' title='bbox 638 3779 792 3824; x_wconf 85' lang='lat' dir='ltr'><strong>unus</strong></span> <span class='ocrx_word' id='word_1_423' title='bbox 822 3783 891 3827; x_wconf 86' lang='lat' dir='ltr'><strong>ex</strong></span> <span class='ocrx_word' id='word_1_424' title='bbox 920 3766 1013 3827; x_wconf 92' lang='lat' dir='ltr'><strong>his</strong></span> <span class='ocrx_word' id='word_1_425' title='bbox 1043 3767 1276 3829; x_wconf 88' lang='lat' dir='ltr'><strong>duobus</strong></span> <span class='ocrx_word' id='word_1_426' title='bbox 1307 3758 1489 3830; x_wconf 86' lang='lat' dir='ltr'><strong>fuerit</strong></span> <span class='ocrx_word' id='word_1_427' title='bbox 1514 3758 1802 3849; x_wconf 85' lang='lat' dir='ltr'><strong>insignior</strong></span> <span class='ocrx_word' id='word_1_428' title='bbox 1833 3771 2003 3833; x_wconf 87' lang='lat' dir='ltr'><strong>forte.</strong></span> <span class='ocrx_word' id='word_1_429' title='bbox 2052 3773 2099 3835; x_wconf 85' lang='lat' dir='ltr'><strong>A</strong></span> 
     </span>
    </p>
   </div>
   <div class='ocr_carea' id='block_1_66' title="bbox 450 3845 2102 3932">
    <p class='ocr_par' dir='ltr' id='par_1_66' title="bbox 450 3845 2102 3932">
     <span class='ocr_line' id='line_1_66' title="bbox 450 3845 2102 3932; baseline 0.011 -26"><span class='ocrx_word' id='word_1_430' title='bbox 450 3845 536 3908; x_wconf 90' lang='lat' dir='ltr'><strong>sei</strong></span> <span class='ocrx_word' id='word_1_431' title='bbox 547 3866 648 3926; x_wconf 91' lang='lat' dir='ltr'><strong>pso</strong></span> <span class='ocrx_word' id='word_1_432' title='bbox 660 3860 854 3914; x_wconf 88' lang='lat' dir='ltr'><strong>autem</strong></span> <span class='ocrx_word' id='word_1_433' title='bbox 878 3856 948 3915; x_wconf 90' lang='lat' dir='ltr'><strong>ad</strong></span> <span class='ocrx_word' id='word_1_434' title='bbox 975 3856 1106 3918; x_wconf 91' lang='lat' dir='ltr'><strong>illos</strong></span> <span class='ocrx_word' id='word_1_435' title='bbox 1130 3857 1436 3932; x_wconf 84' lang='lat' dir='ltr'><strong>ivit,nemo</strong></span> <span class='ocrx_word' id='word_1_436' title='bbox 1453 3857 1611 3920; x_wconf 90' lang='lat' dir='ltr'><strong>enim</strong></span> <span class='ocrx_word' id='word_1_437' title='bbox 1637 3845 1778 3921; x_wconf 79' lang='lat' dir='ltr'><strong>illos</strong></span> <span class='ocrx_word' id='word_1_438' title='bbox 1799 3861 2102 3924; x_wconf 89' lang='lat' dir='ltr'><strong>adducere</strong></span> 
     </span>
    </p>
   </div>
   <div class='ocr_carea' id='block_1_67' title="bbox 451 3935 2101 4013">
    <p class='ocr_par' dir='ltr' id='par_1_67' title="bbox 451 3935 2101 4013">
     <span class='ocr_line' id='line_1_67' title="bbox 451 3935 2101 4013; baseline 0.012 -18"><span class='ocrx_word' id='word_1_439' title='bbox 451 3935 753 4002; x_wconf 88' lang='lat' dir='ltr'><strong>audebat:</strong></span> <span class='ocrx_word' id='word_1_440' title='bbox 792 3950 906 4004; x_wconf 89' lang='lat' dir='ltr'><strong>tam</strong></span> <span class='ocrx_word' id='word_1_441' title='bbox 937 3946 1209 4007; x_wconf 82' lang='lat' dir='ltr'><strong>crudeles</strong></span> <span class='ocrx_word' id='word_1_442' title='bbox 1269 3956 1458 4009; x_wconf 88' lang='lat' dir='ltr'><strong>erant.</strong></span> <span class='ocrx_word' id='word_1_443' title='bbox 1521 3970 1542 4003; x_wconf 76' lang='grc' dir='ltr'><strong>ιι</strong></span> <span class='ocrx_word' id='word_1_444' title='bbox 1606 3950 1651 4007; x_wconf 77' lang='grc' dir='ltr'><strong><em>Ε</em></strong></span> <span class='ocrx_word' id='word_1_445' title='bbox 1701 3951 2101 4013; x_wconf 89' lang='lat' dir='ltr'><strong>monumentis</strong></span> 
     </span>
    </p>
   </div>
   <div class='ocr_carea' id='block_1_68' title="bbox 451 4027 2101 4118">
    <p class='ocr_par' dir='ltr' id='par_1_68' title="bbox 451 4027 2101 4118">
     <span class='ocr_line' id='line_1_68' title="bbox 451 4027 2101 4118; baseline 0.012 -34"><span class='ocrx_word' id='word_1_446' title='bbox 451 4027 698 4118; x_wconf 81' lang='lat' dir='ltr'><strong>egressi,</strong></span> <span class='ocrx_word' id='word_1_447' title='bbox 747 4035 885 4094; x_wconf 84' lang='lat' dir='ltr'><strong>saevi</strong></span> <span class='ocrx_word' id='word_1_448' title='bbox 917 4034 1119 4110; x_wconf 89' lang='lat' dir='ltr'><strong>nimis,</strong></span> <span class='ocrx_word' id='word_1_449' title='bbox 1181 4038 1256 4097; x_wconf 89' lang='lat' dir='ltr'><strong>ita</strong></span> <span class='ocrx_word' id='word_1_450' title='bbox 1294 4045 1352 4096; x_wconf 91' lang='lat' dir='ltr'><strong>ut</strong></span> <span class='ocrx_word' id='word_1_451' title='bbox 1389 4055 1562 4098; x_wconf 91' lang='lat' dir='ltr'><strong>nemo</strong></span> <span class='ocrx_word' id='word_1_452' title='bbox 1616 4048 1813 4118; x_wconf 91' lang='lat' dir='ltr'><strong>posset</strong></span> <span class='ocrx_word' id='word_1_453' title='bbox 1843 4041 2101 4104; x_wconf 91' lang='lat' dir='ltr'><strong>transire</strong></span> 
     </span>
    </p>
   </div>
   <div class='ocr_carea' id='block_1_69' title="bbox 451 4115 2099 4194">
    <p class='ocr_par' dir='ltr' id='par_1_69' title="bbox 451 4115 2099 4194">
     <span class='ocr_line' id='line_1_69' title="bbox 451 4115 2099 4194; baseline 0.013 -22"><span class='ocrx_word' id='word_1_454' title='bbox 451 4131 559 4193; x_wconf 92' lang='lat' dir='ltr'><strong>per</strong></span> <span class='ocrx_word' id='word_1_455' title='bbox 585 4115 736 4178; x_wconf 91' lang='lat' dir='ltr'><strong>viam</strong></span> <span class='ocrx_word' id='word_1_456' title='bbox 761 4119 948 4186; x_wconf 91' lang='lat' dir='ltr'><strong>illam.</strong></span> <span class='ocrx_word' id='word_1_457' title='bbox 979 4149 1004 4179; x_wconf 68' lang='grc' dir='ltr'><strong><em>ι</em></strong></span> <span class='ocrx_word' id='word_1_458' title='bbox 1035 4123 1097 4185; x_wconf 92' lang='lat' dir='ltr'><strong>ln</strong></span> <span class='ocrx_word' id='word_1_459' title='bbox 1121 4126 1523 4187; x_wconf 91' lang='lat' dir='ltr'><strong>monumentis</strong></span> <span class='ocrx_word' id='word_1_460' title='bbox 1545 4115 2099 4194; x_wconf 64' lang='lat' dir='ltr'><strong>versabantur.Daa-</strong></span> 
     </span>
    </p>
   </div>
   <div class='ocr_carea' id='block_1_70' title="bbox 451 4207 2097 4302">
    <p class='ocr_par' dir='ltr' id='par_1_70' title="bbox 451 4207 2097 4302">
     <span class='ocr_line' id='line_1_70' title="bbox 451 4207 2097 4302; baseline 0.012 -41"><span class='ocrx_word' id='word_1_461' title='bbox 451 4218 663 4302; x_wconf 78' lang='lat' dir='ltr'><strong>mones</strong></span> <span class='ocrx_word' id='word_1_462' title='bbox 694 4207 905 4288; x_wconf 88' lang='lat' dir='ltr'><strong>dogma</strong></span> <span class='ocrx_word' id='word_1_463' title='bbox 936 4215 1232 4294; x_wconf 90' lang='lat' dir='ltr'><strong>quoddam</strong></span> <span class='ocrx_word' id='word_1_464' title='bbox 1267 4215 1577 4278; x_wconf 89' lang='lat' dir='ltr'><strong>instituere</strong></span> <span class='ocrx_word' id='word_1_465' title='bbox 1608 4216 1904 4298; x_wconf 84' lang='lat' dir='ltr'><strong>volebant,</strong></span> <span class='ocrx_word' id='word_1_466' title='bbox 1943 4221 2097 4300; x_wconf 90' lang='lat' dir='ltr'><strong>quod</strong></span> 
     </span>
    </p>
   </div>
   <div class='ocr_carea' id='block_1_71' title="bbox 450 4304 2101 4386">
    <p class='ocr_par' dir='ltr' id='par_1_71' title="bbox 450 4304 2101 4386">
     <span class='ocr_line' id='line_1_71' title="bbox 450 4304 2101 4386; baseline 0.013 -35"><span class='ocrx_word' id='word_1_467' title='bbox 450 4310 665 4386; x_wconf 66' lang='lat' dir='ltr'><strong>animae</strong></span> <span class='ocrx_word' id='word_1_468' title='bbox 685 4309 1053 4364; x_wconf 88' lang='lat' dir='ltr'><strong>mortuorum</strong></span> <span class='ocrx_word' id='word_1_469' title='bbox 1079 4304 1562 4386; x_wconf 69' lang='lat' dir='ltr'><strong>ﬁantdaamones,</strong></span> <span class='ocrx_word' id='word_1_470' title='bbox 1595 4306 1752 4386; x_wconf 85' lang='lat' dir='ltr'><strong>quod</strong></span> <span class='ocrx_word' id='word_1_471' title='bbox 1779 4327 1953 4368; x_wconf 82' lang='lat' dir='ltr'><strong>nemo</strong></span> <span class='ocrx_word' id='word_1_472' title='bbox 1977 4328 2101 4372; x_wconf 89' lang='lat' dir='ltr'><strong>cre-</strong></span> 
     </span>
    </p>
   </div>
   <div class='ocr_carea' id='block_1_72' title="bbox 2189 2418 3846 2499">
    <p class='ocr_par' dir='ltr' id='par_1_72' title="bbox 2189 2418 3846 2499">
     <span class='ocr_line' id='line_1_72' title="bbox 2189 2418 3846 2499; baseline 0.001 -27"><span class='ocrx_word' id='word_1_473' title='bbox 2189 2419 2281 2473; x_wconf 73' lang='grc' dir='ltr'>Διὸ</span> <span class='ocrx_word' id='word_1_474' title='bbox 2313 2419 2401 2474; x_wconf 85' lang='grc' dir='ltr'><strong>καὶ</strong></span> <span class='ocrx_word' id='word_1_475' title='bbox 2459 2422 2666 2498; x_wconf 74' lang='grc' dir='ltr'>πρῶτον</span> <span class='ocrx_word' id='word_1_476' title='bbox 2725 2419 2931 2482; x_wconf 80' lang='grc' dir='ltr'>παύσας</span> <span class='ocrx_word' id='word_1_477' title='bbox 2984 2421 3076 2475; x_wconf 75' lang='grc' dir='ltr'>τὸν</span> <span class='ocrx_word' id='word_1_478' title='bbox 3115 2420 3360 2499; x_wconf 78' lang='grc' dir='ltr'>χειμῶνα</span> <span class='ocrx_word' id='word_1_479' title='bbox 3390 2423 3488 2485; x_wconf 74' lang='grc' dir='ltr'>τῆς</span> <span class='ocrx_word' id='word_1_480' title='bbox 3521 2423 3703 2499; x_wconf 76' lang='grc' dir='ltr'>ψυχῆς</span> <span class='ocrx_word' id='word_1_481' title='bbox 3743 2418 3846 2473; x_wconf 85' lang='grc' dir='ltr'>αὑ-</span> 
     </span>
    </p>
   </div>
   <div class='ocr_carea' id='block_1_73' title="bbox 2182 2506 3298 2581">
    <p class='ocr_par' dir='ltr' id='par_1_73' title="bbox 2182 2506 3298 2581">
     <span class='ocr_line' id='line_1_73' title="bbox 2182 2506 3298 2581; baseline 0.004 -21"><span class='ocrx_word' id='word_1_482' title='bbox 2182 2508 2310 2581; x_wconf 79' lang='grc' dir='ltr'>τῶν,</span> <span class='ocrx_word' id='word_1_483' title='bbox 2345 2507 2465 2564; x_wconf 84' lang='grc' dir='ltr'>τότε</span> <span class='ocrx_word' id='word_1_484' title='bbox 2496 2506 2606 2565; x_wconf 82' lang='grc' dir='ltr'>λύει</span> <span class='ocrx_word' id='word_1_485' title='bbox 2651 2509 2738 2565; x_wconf 86' lang='grc' dir='ltr'><strong>καὶ</strong></span> <span class='ocrx_word' id='word_1_486' title='bbox 2765 2510 2860 2564; x_wconf 68' lang='grc' dir='ltr'>τὸν</span> <span class='ocrx_word' id='word_1_487' title='bbox 2880 2513 2980 2575; x_wconf 78' lang='grc' dir='ltr'>τῆς</span> <span class='ocrx_word' id='word_1_488' title='bbox 3006 2507 3298 2576; x_wconf 75' lang='grc' dir='ltr'>θαλάσσης.</span> 
     </span>
    </p>
   </div>
   <div class='ocr_carea' id='block_1_74' title="bbox 2271 2596 3845 2678">
    <p class='ocr_par' dir='ltr' id='par_1_74' title="bbox 2271 2596 3845 2678">
     <span class='ocr_line' id='line_1_74' title="bbox 2271 2596 3845 2678; baseline -0.001 -26"><span class='ocrx_word' id='word_1_489' title='bbox 2271 2618 2300 2652; x_wconf 76' lang='grc' dir='ltr'><strong>α</strong></span> <span class='ocrx_word' id='word_1_490' title='bbox 2348 2597 2478 2655; x_wconf 83' lang='grc' dir='ltr'>Τότε</span> <span class='ocrx_word' id='word_1_491' title='bbox 2549 2597 2804 2678; x_wconf 77' lang='grc' dir='ltr'>ἐγερθεὶς,</span> <span class='ocrx_word' id='word_1_492' title='bbox 2864 2596 3157 2672; x_wconf 67' lang='grc' dir='ltr'>ἱπετίμησε</span> <span class='ocrx_word' id='word_1_493' title='bbox 3211 2611 3327 2662; x_wconf 87' lang='grc' dir='ltr'>τοῖς</span> <span class='ocrx_word' id='word_1_494' title='bbox 3370 2596 3582 2671; x_wconf 77' lang='grc' dir='ltr'>ἀνέμοις</span> <span class='ocrx_word' id='word_1_495' title='bbox 3639 2598 3726 2653; x_wconf 82' lang='grc' dir='ltr'><strong>καὶ</strong></span> <span class='ocrx_word' id='word_1_496' title='bbox 3774 2602 3845 2672; x_wconf 75' lang='grc' dir='ltr'>τῇ</span> 
     </span>
    </p>
   </div>
   <div class='ocr_carea' id='block_1_75' title="bbox 2182 2683 3843 2766">
    <p class='ocr_par' dir='ltr' id='par_1_75' title="bbox 2182 2683 3843 2766">
     <span class='ocr_line' id='line_1_75' title="bbox 2182 2683 3843 2766; baseline 0 -25"><span class='ocrx_word' id='word_1_497' title='bbox 2182 2683 2420 2764; x_wconf 72' lang='grc' dir='ltr'>θαλάσσῃ</span> <span class='ocrx_word' id='word_1_498' title='bbox 2459 2704 2471 2717; x_wconf 88' lang='grc'><em>’</em></span> <span class='ocrx_word' id='word_1_499' title='bbox 2508 2689 2594 2744; x_wconf 85' lang='grc' dir='ltr'>καὶ</span> <span class='ocrx_word' id='word_1_500' title='bbox 2638 2687 2849 2766; x_wconf 80' lang='grc' dir='ltr'>ἐγένετο</span> <span class='ocrx_word' id='word_1_501' title='bbox 2894 2686 3106 2764; x_wconf 81' lang='grc' dir='ltr'>γαλήνη</span> <span class='ocrx_word' id='word_1_502' title='bbox 3151 2685 3387 2766; x_wconf 75' lang='grc' dir='ltr'>μεγάλη.</span> <span class='ocrx_word' id='word_1_503' title='bbox 3435 2687 3494 2744; x_wconf 72' lang='grc' dir='ltr'><strong>Οἱ</strong></span> <span class='ocrx_word' id='word_1_504' title='bbox 3551 2684 3606 2742; x_wconf 82' lang='grc' dir='ltr'><strong>δὶ</strong></span> <span class='ocrx_word' id='word_1_505' title='bbox 3637 2685 3843 2765; x_wconf 64' lang='grc' dir='ltr'>ἅνθρω-</span> 
     </span>
    </p>
   </div>
   <div class='ocr_carea' id='block_1_76' title="bbox 2185 2775 3844 2857">
    <p class='ocr_par' dir='ltr' id='par_1_76' title="bbox 2185 2775 3844 2857">
     <span class='ocr_line' id='line_1_76' title="bbox 2185 2775 3844 2857; baseline 0.001 -27"><span class='ocrx_word' id='word_1_506' title='bbox 2185 2797 2270 2831; x_wconf 89' lang='grc' dir='ltr'>πο·</span> <span class='ocrx_word' id='word_1_507' title='bbox 2333 2776 2657 2857; x_wconf 73' lang='grc' dir='ltr'>ἐθαύμασαν,</span> <span class='ocrx_word' id='word_1_508' title='bbox 2705 2777 2948 2856; x_wconf 77' lang='grc' dir='ltr'>λέγοντες</span> <span class='ocrx_word' id='word_1_509' title='bbox 2985 2791 2998 2806; x_wconf 82' lang='grc'><strong><em>⁸</em></strong></span> <span class='ocrx_word' id='word_1_510' title='bbox 3052 2777 3299 2839; x_wconf 85' lang='grc' dir='ltr'>Ποταπός</span> <span class='ocrx_word' id='word_1_511' title='bbox 3343 2776 3486 2833; x_wconf 65' lang='grc' dir='ltr'>εστιν</span> <span class='ocrx_word' id='word_1_512' title='bbox 3540 2775 3714 2856; x_wconf 79' lang='grc' dir='ltr'>οὗτος,</span> <span class='ocrx_word' id='word_1_513' title='bbox 3759 2775 3844 2832; x_wconf 80' lang='grc' dir='ltr'><strong>ὅτι</strong></span> 
     </span>
    </p>
   </div>
   <div class='ocr_carea' id='block_1_77' title="bbox 2185 2863 3840 2941">
    <p class='ocr_par' dir='ltr' id='par_1_77' title="bbox 2185 2863 3840 2941">
     <span class='ocr_line' id='line_1_77' title="bbox 2185 2863 3840 2941; baseline 0.001 -23"><span class='ocrx_word' id='word_1_514' title='bbox 2185 2865 2270 2919; x_wconf 85' lang='grc' dir='ltr'><strong>καὶ</strong></span> <span class='ocrx_word' id='word_1_515' title='bbox 2324 2868 2373 2920; x_wconf 73' lang='grc' dir='ltr'>οἱ</span> <span class='ocrx_word' id='word_1_516' title='bbox 2427 2863 2611 2941; x_wconf 76' lang='grc' dir='ltr'>ἄνεμοι</span> <span class='ocrx_word' id='word_1_517' title='bbox 2655 2868 2744 2923; x_wconf 86' lang='grc' dir='ltr'>καὶ</span> <span class='ocrx_word' id='word_1_518' title='bbox 2800 2869 2834 2934; x_wconf 75' lang='grc' dir='ltr'>ἡ</span> <span class='ocrx_word' id='word_1_519' title='bbox 2891 2865 3130 2923; x_wconf 80' lang='grc' dir='ltr'>Θάλασσα</span> <span class='ocrx_word' id='word_1_520' title='bbox 3184 2866 3537 2924; x_wconf 73' lang='grc' dir='ltr'>ὑπακούουσιν</span> <span class='ocrx_word' id='word_1_521' title='bbox 3581 2865 3723 2939; x_wconf 83' lang='grc' dir='ltr'><strong>αὑτῷ</strong></span> <span class='ocrx_word' id='word_1_522' title='bbox 3758 2883 3774 2940; x_wconf 82' lang='grc'><strong>;</strong></span> <span class='ocrx_word' id='word_1_523' title='bbox 3810 2888 3840 2919; x_wconf 71' lang='grc' dir='ltr'><strong><em>ι</em></strong></span> 
     </span>
    </p>
   </div>
   <div class='ocr_carea' id='block_1_78' title="bbox 2186 2952 3841 3036">
    <p class='ocr_par' dir='ltr' id='par_1_78' title="bbox 2186 2952 3841 3036">
     <span class='ocr_line' id='line_1_78' title="bbox 2186 2952 3841 3036; baseline -0.001 -25"><span class='ocrx_word' id='word_1_524' title='bbox 2186 2953 2256 3011; x_wconf 82' lang='grc' dir='ltr'>Τὸ</span> <span class='ocrx_word' id='word_1_525' title='bbox 2330 2956 2427 3027; x_wconf 86' lang='grc' dir='ltr'>μὲν</span> <span class='ocrx_word' id='word_1_526' title='bbox 2497 2956 2597 3033; x_wconf 78' lang='grc' dir='ltr'><strong>γὰρ</strong></span> <span class='ocrx_word' id='word_1_527' title='bbox 2665 2956 2964 3036; x_wconf 85' lang='grc' dir='ltr'>ὁρώμενον,</span> <span class='ocrx_word' id='word_1_528' title='bbox 3048 2955 3325 3034; x_wconf 77' lang='grc' dir='ltr'>ἀνθρώπου</span> <span class='ocrx_word' id='word_1_529' title='bbox 3360 2973 3373 2988; x_wconf 93' lang='grc'><strong>·</strong></span> <span class='ocrx_word' id='word_1_530' title='bbox 3443 2955 3509 3011; x_wconf 77' lang='grc' dir='ltr'>τὰ</span> <span class='ocrx_word' id='word_1_531' title='bbox 3582 2952 3637 3010; x_wconf 70' lang='grc' dir='ltr'><strong>δὲ</strong></span> <span class='ocrx_word' id='word_1_532' title='bbox 3685 2953 3841 3035; x_wconf 66' lang='grc' dir='ltr'>ἱργα,</span> 
     </span>
    </p>
   </div>
   <div class='ocr_carea' id='block_1_79' title="bbox 2186 3049 2340 3106">
    <p class='ocr_par' dir='ltr' id='par_1_79' title="bbox 2186 3049 2340 3106">
     <span class='ocr_line' id='line_1_79' title="bbox 2186 3049 2340 3106; baseline 0.013 -8"><span class='ocrx_word' id='word_1_533' title='bbox 2186 3049 2340 3106; x_wconf 80' lang='grc' dir='ltr'>Θεοὺ,</span> 
     </span>
    </p>
   </div>
   <div class='ocr_carea' id='block_1_80' title="bbox 2271 3222 3833 3304">
    <p class='ocr_par' dir='ltr' id='par_1_80' title="bbox 2271 3222 3833 3304">
     <span class='ocr_line' id='line_1_80' title="bbox 2271 3222 3833 3304; baseline -0.001 -27"><span class='ocrx_word' id='word_1_534' title='bbox 2271 3247 2297 3277; x_wconf 79' lang='grc' dir='ltr'><strong>α</strong></span> <span class='ocrx_word' id='word_1_535' title='bbox 2339 3224 2436 3281; x_wconf 77' lang='grc' dir='ltr'><strong>Καὶ</strong></span> <span class='ocrx_word' id='word_1_536' title='bbox 2468 3222 2669 3281; x_wconf 79' lang='grc' dir='ltr'>ἐλθόντι</span> <span class='ocrx_word' id='word_1_537' title='bbox 2728 3225 2871 3300; x_wconf 79' lang='grc' dir='ltr'><strong>αὑτῷ</strong></span> <span class='ocrx_word' id='word_1_538' title='bbox 2916 3226 2989 3288; x_wconf 83' lang='grc' dir='ltr'>εἷς</span> <span class='ocrx_word' id='word_1_539' title='bbox 3019 3225 3079 3280; x_wconf 82' lang='grc' dir='ltr'>τὸ</span> <span class='ocrx_word' id='word_1_540' title='bbox 3140 3223 3327 3304; x_wconf 83' lang='grc' dir='ltr'>πέραν,</span> <span class='ocrx_word' id='word_1_541' title='bbox 3376 3224 3448 3287; x_wconf 77' lang='grc' dir='ltr'>εἰς</span> <span class='ocrx_word' id='word_1_542' title='bbox 3493 3222 3592 3291; x_wconf 73' lang='grc' dir='ltr'>τὴν</span> <span class='ocrx_word' id='word_1_543' title='bbox 3654 3222 3833 3303; x_wconf 85' lang='grc' dir='ltr'>χώραν</span> 
     </span>
    </p>
   </div>
   <div class='ocr_carea' id='block_1_81' title="bbox 2182 3310 3837 3393">
    <p class='ocr_par' dir='ltr' id='par_1_81' title="bbox 2182 3310 3837 3393">
     <span class='ocr_line' id='line_1_81' title="bbox 2182 3310 3837 3393; baseline -0.001 -25"><span class='ocrx_word' id='word_1_544' title='bbox 2182 3319 2288 3369; x_wconf 81' lang='grc' dir='ltr'>τῶν</span> <span class='ocrx_word' id='word_1_545' title='bbox 2363 3319 2727 3393; x_wconf 82' lang='grc' dir='ltr'>Γεργεσηνῶν,</span> <span class='ocrx_word' id='word_1_546' title='bbox 2807 3316 3119 3385; x_wconf 75' lang='grc' dir='ltr'>ὑπήντησαν</span> <span class='ocrx_word' id='word_1_547' title='bbox 3181 3315 3323 3388; x_wconf 78' lang='grc' dir='ltr'><strong>αὑτῴ</strong></span> <span class='ocrx_word' id='word_1_548' title='bbox 3392 3311 3480 3370; x_wconf 82' lang='grc' dir='ltr'><strong>δύο</strong></span> <span class='ocrx_word' id='word_1_549' title='bbox 3536 3310 3837 3388; x_wconf 78' lang='grc' dir='ltr'>δαιμονιζό-</span> 
     </span>
    </p>
   </div>
   <div class='ocr_carea' id='block_1_82' title="bbox 2183 3400 3843 3480">
    <p class='ocr_par' dir='ltr' id='par_1_82' title="bbox 2183 3400 3843 3480">
     <span class='ocr_line' id='line_1_82' title="bbox 2183 3400 3843 3480; baseline -0.002 -22"><span class='ocrx_word' id='word_1_550' title='bbox 2183 3424 2356 3478; x_wconf 86' lang='grc' dir='ltr'>μενοι.</span> <span class='ocrx_word' id='word_1_551' title='bbox 2396 3423 2425 3462; x_wconf 84' lang='grc'><strong>)</strong></span> <span class='ocrx_word' id='word_1_552' title='bbox 2471 3411 2588 3461; x_wconf 81' lang='grc' dir='ltr'>Τῶν</span> <span class='ocrx_word' id='word_1_553' title='bbox 2632 3404 2686 3460; x_wconf 76' lang='grc' dir='ltr'>ἐν</span> <span class='ocrx_word' id='word_1_554' title='bbox 2729 3407 2806 3480; x_wconf 77' lang='grc' dir='ltr'>τῷ</span> <span class='ocrx_word' id='word_1_555' title='bbox 2833 3403 3005 3478; x_wconf 86' lang='grc' dir='ltr'>πλοίῳ</span> <span class='ocrx_word' id='word_1_556' title='bbox 3037 3402 3386 3475; x_wconf 79' lang='grc' dir='ltr'>δισταζόντων</span> <span class='ocrx_word' id='word_1_557' title='bbox 3417 3402 3657 3466; x_wconf 83' lang='grc' dir='ltr'>ποταπός</span> <span class='ocrx_word' id='word_1_558' title='bbox 3700 3400 3843 3458; x_wconf 64' lang='grc' dir='ltr'>ἔστιν</span> 
     </span>
    </p>
   </div>
   <div class='ocr_carea' id='block_1_83' title="bbox 2182 3491 3844 3570">
    <p class='ocr_par' dir='ltr' id='par_1_83' title="bbox 2182 3491 3844 3570">
     <span class='ocr_line' id='line_1_83' title="bbox 2182 3491 3844 3570; baseline -0.002 -21"><span class='ocrx_word' id='word_1_559' title='bbox 2182 3494 2358 3567; x_wconf 75' lang='grc' dir='ltr'>οὗτος,</span> <span class='ocrx_word' id='word_1_560' title='bbox 2420 3491 2500 3549; x_wconf 79' lang='grc' dir='ltr'><strong>ὅτι</strong></span> <span class='ocrx_word' id='word_1_561' title='bbox 2543 3495 2629 3550; x_wconf 76' lang='grc' dir='ltr'><strong>καὶ</strong></span> <span class='ocrx_word' id='word_1_562' title='bbox 2676 3497 2722 3550; x_wconf 78' lang='grc' dir='ltr'>οἱ</span> <span class='ocrx_word' id='word_1_563' title='bbox 2753 3494 2939 3570; x_wconf 73' lang='grc' dir='ltr'>ἄνεμοι</span> <span class='ocrx_word' id='word_1_564' title='bbox 2998 3495 3086 3550; x_wconf 86' lang='grc' dir='ltr'><strong>καὶ</strong></span> <span class='ocrx_word' id='word_1_565' title='bbox 3129 3495 3164 3561; x_wconf 78' lang='grc' dir='ltr'>ἡ</span> <span class='ocrx_word' id='word_1_566' title='bbox 3207 3492 3446 3550; x_wconf 75' lang='grc' dir='ltr'>θάλασσα</span> <span class='ocrx_word' id='word_1_567' title='bbox 3492 3492 3844 3550; x_wconf 79' lang='grc' dir='ltr'>ὑπακούουσιν</span> 
     </span>
    </p>
   </div>
   <div class='ocr_carea' id='block_1_84' title="bbox 2183 3578 3843 3661">
    <p class='ocr_par' dir='ltr' id='par_1_84' title="bbox 2183 3578 3843 3661">
     <span class='ocr_line' id='line_1_84' title="bbox 2183 3578 3843 3661; baseline 0 -26"><span class='ocrx_word' id='word_1_568' title='bbox 2183 3581 2347 3660; x_wconf 77' lang='grc' dir='ltr'>αὑτῷ,</span> <span class='ocrx_word' id='word_1_569' title='bbox 2403 3581 2653 3661; x_wconf 79' lang='grc' dir='ltr'>ἔρχονται</span> <span class='ocrx_word' id='word_1_570' title='bbox 2711 3584 2758 3638; x_wconf 76' lang='grc' dir='ltr'>οἱ</span> <span class='ocrx_word' id='word_1_571' title='bbox 2787 3582 3031 3658; x_wconf 82' lang='grc' dir='ltr'>δαίμονες</span> <span class='ocrx_word' id='word_1_572' title='bbox 3075 3583 3328 3661; x_wconf 81' lang='grc' dir='ltr'>κήρυκες.</span> <span class='ocrx_word' id='word_1_573' title='bbox 3381 3582 3436 3639; x_wconf 77' lang='grc' dir='ltr'><strong>Εἰ</strong></span> <span class='ocrx_word' id='word_1_574' title='bbox 3463 3578 3518 3637; x_wconf 84' lang='grc' dir='ltr'><strong>δὶ</strong></span> <span class='ocrx_word' id='word_1_575' title='bbox 3563 3583 3591 3639; x_wconf 77' lang='grc' dir='ltr'>ὁ</span> <span class='ocrx_word' id='word_1_576' title='bbox 3626 3581 3843 3659; x_wconf 78' lang='grc' dir='ltr'>Μάρκος</span> 
     </span>
    </p>
   </div>
   <div class='ocr_carea' id='block_1_85' title="bbox 2187 3669 3840 3750">
    <p class='ocr_par' dir='ltr' id='par_1_85' title="bbox 2187 3669 3840 3750">
     <span class='ocr_line' id='line_1_85' title="bbox 2187 3669 3840 3750; baseline 0 -25"><span class='ocrx_word' id='word_1_577' title='bbox 2187 3672 2274 3727; x_wconf 88' lang='grc' dir='ltr'><strong>καὶ</strong></span> <span class='ocrx_word' id='word_1_578' title='bbox 2333 3673 2360 3727; x_wconf 85' lang='grc' dir='ltr'>ὁ</span> <span class='ocrx_word' id='word_1_579' title='bbox 2405 3677 2609 3736; x_wconf 82' lang='grc' dir='ltr'>Λουκᾶς</span> <span class='ocrx_word' id='word_1_580' title='bbox 2656 3671 2746 3728; x_wconf 81' lang='grc' dir='ltr'>ἕνα</span> <span class='ocrx_word' id='word_1_581' title='bbox 2800 3671 3132 3750; x_wconf 77' lang='grc' dir='ltr'>λέγουσιτὸν</span> <span class='ocrx_word' id='word_1_582' title='bbox 3163 3672 3262 3739; x_wconf 76' lang='grc' dir='ltr'><strong>τὴν</strong></span> <span class='ocrx_word' id='word_1_583' title='bbox 3320 3670 3557 3749; x_wconf 76' lang='grc' dir='ltr'>λεγιῶνα</span> <span class='ocrx_word' id='word_1_584' title='bbox 3611 3669 3840 3750; x_wconf 77' lang='grc' dir='ltr'>ἔχοντα,</span> 
     </span>
    </p>
   </div>
   <div class='ocr_carea' id='block_1_86' title="bbox 2188 3759 3844 3839">
    <p class='ocr_par' dir='ltr' id='par_1_86' title="bbox 2188 3759 3844 3839">
     <span class='ocr_line' id='line_1_86' title="bbox 2188 3759 3844 3839; baseline -0.001 -24"><span class='ocrx_word' id='word_1_585' title='bbox 2188 3759 2381 3826; x_wconf 81' lang='grc' dir='ltr'>νόησον</span> <span class='ocrx_word' id='word_1_586' title='bbox 2438 3761 2518 3817; x_wconf 82' lang='grc' dir='ltr'><strong>ὅτι</strong></span> <span class='ocrx_word' id='word_1_587' title='bbox 2579 3762 2783 3826; x_wconf 77' lang='grc' dir='ltr'>ἐκεῖνος</span> <span class='ocrx_word' id='word_1_588' title='bbox 2839 3763 2924 3828; x_wconf 81' lang='grc' dir='ltr'>εἷς</span> <span class='ocrx_word' id='word_1_589' title='bbox 2982 3761 3047 3828; x_wconf 74' lang='grc' dir='ltr'>ἦν</span> <span class='ocrx_word' id='word_1_590' title='bbox 3105 3762 3306 3819; x_wconf 66' lang='grc' dir='ltr'>τούτων</span> <span class='ocrx_word' id='word_1_591' title='bbox 3362 3763 3468 3816; x_wconf 75' lang='grc' dir='ltr'>τῶν</span> <span class='ocrx_word' id='word_1_592' title='bbox 3502 3759 3589 3817; x_wconf 82' lang='grc' dir='ltr'><strong>δύο</strong></span> <span class='ocrx_word' id='word_1_593' title='bbox 3634 3762 3662 3816; x_wconf 83' lang='grc' dir='ltr'>ὁ</span> <span class='ocrx_word' id='word_1_594' title='bbox 3691 3759 3844 3839; x_wconf 83' lang='grc' dir='ltr'>τάχα</span> 
     </span>
    </p>
   </div>
   <div class='ocr_carea' id='block_1_87' title="bbox 2185 3849 3840 3934">
    <p class='ocr_par' dir='ltr' id='par_1_87' title="bbox 2185 3849 3840 3934">
     <span class='ocr_line' id='line_1_87' title="bbox 2185 3849 3840 3934; baseline -0.001 -28"><span class='ocrx_word' id='word_1_595' title='bbox 2185 3851 2573 3931; x_wconf 79' lang='grc' dir='ltr'>ἐπισημότερος</span> <span class='ocrx_word' id='word_1_596' title='bbox 2612 3867 2625 3883; x_wconf 87' lang='grc'><strong>·</strong></span> <span class='ocrx_word' id='word_1_597' title='bbox 2715 3851 2809 3934; x_wconf 75' lang='grc' dir='ltr'><strong>ἀφ’</strong></span> <span class='ocrx_word' id='word_1_598' title='bbox 2865 3855 3053 3910; x_wconf 80' lang='grc' dir='ltr'>ἑαυτοῦ</span> <span class='ocrx_word' id='word_1_599' title='bbox 3113 3849 3168 3908; x_wconf 77' lang='grc' dir='ltr'><em>δὲ</em></span> <span class='ocrx_word' id='word_1_600' title='bbox 3245 3850 3375 3918; x_wconf 79' lang='grc' dir='ltr'>ἦλθε</span> <span class='ocrx_word' id='word_1_601' title='bbox 3434 3853 3563 3930; x_wconf 81' lang='grc' dir='ltr'>πρὸς</span> <span class='ocrx_word' id='word_1_602' title='bbox 3626 3850 3840 3930; x_wconf 78' lang='grc' dir='ltr'>αὑτοὺς,</span> 
     </span>
    </p>
   </div>
   <div class='ocr_carea' id='block_1_88' title="bbox 2186 3939 3847 4022">
    <p class='ocr_par' dir='ltr' id='par_1_88' title="bbox 2186 3939 3847 4022">
     <span class='ocr_line' id='line_1_88' title="bbox 2186 3939 3847 4022; baseline 0 -28"><span class='ocrx_word' id='word_1_603' title='bbox 2186 3940 2299 3997; x_wconf 76' lang='grc' dir='ltr'>ἐπεὶ</span> <span class='ocrx_word' id='word_1_604' title='bbox 2343 3940 2594 4022; x_wconf 69' lang='grc' dir='ltr'>φοϐεροὺς</span> <span class='ocrx_word' id='word_1_605' title='bbox 2652 3942 2834 4017; x_wconf 74' lang='grc' dir='ltr'>ὄντας,</span> <span class='ocrx_word' id='word_1_606' title='bbox 2883 3941 3046 4006; x_wconf 76' lang='grc' dir='ltr'>οὐδεὶς</span> <span class='ocrx_word' id='word_1_607' title='bbox 3092 3939 3292 4017; x_wconf 74' lang='grc' dir='ltr'>ἐτόλμα</span> <span class='ocrx_word' id='word_1_608' title='bbox 3335 3953 3702 4018; x_wconf 79' lang='grc' dir='ltr'>προσαγαγεῖν</span> <span class='ocrx_word' id='word_1_609' title='bbox 3747 3939 3847 3994; x_wconf 81' lang='grc' dir='ltr'>αὑ-</span> 
     </span>
    </p>
   </div>
   <div class='ocr_carea' id='block_1_89' title="bbox 2184 4026 3836 4111">
    <p class='ocr_par' dir='ltr' id='par_1_89' title="bbox 2184 4026 3836 4111">
     <span class='ocr_line' id='line_1_89' title="bbox 2184 4026 3836 4111; baseline -0.003 -26"><span class='ocrx_word' id='word_1_610' title='bbox 2184 4030 2327 4095; x_wconf 82' lang='grc' dir='ltr'>τούς.</span> <span class='ocrx_word' id='word_1_611' title='bbox 2369 4055 2396 4086; x_wconf 73' lang='grc' dir='ltr'><strong>ιι</strong></span> <span class='ocrx_word' id='word_1_612' title='bbox 2445 4031 2540 4088; x_wconf 84' lang='grc' dir='ltr'>Ἐκ</span> <span class='ocrx_word' id='word_1_613' title='bbox 2569 4039 2674 4089; x_wconf 82' lang='grc' dir='ltr'><strong>τῶν</strong></span> <span class='ocrx_word' id='word_1_614' title='bbox 2707 4040 2989 4108; x_wconf 69' lang='grc' dir='ltr'>μνημείων</span> <span class='ocrx_word' id='word_1_615' title='bbox 3021 4029 3383 4111; x_wconf 70' lang='grc' dir='ltr'>ἐξερχόμενοι,</span> <span class='ocrx_word' id='word_1_616' title='bbox 3419 4028 3651 4110; x_wconf 85' lang='grc' dir='ltr'>χαλεποὶ</span> <span class='ocrx_word' id='word_1_617' title='bbox 3693 4026 3836 4103; x_wconf 84' lang='grc' dir='ltr'>λίαν,</span> 
     </span>
    </p>
   </div>
   <div class='ocr_carea' id='block_1_90' title="bbox 2183 4116 3845 4202">
    <p class='ocr_par' dir='ltr' id='par_1_90' title="bbox 2183 4116 3845 4202">
     <span class='ocr_line' id='line_1_90' title="bbox 2183 4116 3845 4202; baseline -0.002 -27"><span class='ocrx_word' id='word_1_618' title='bbox 2183 4119 2320 4176; x_wconf 83' lang='grc' dir='ltr'>ὥστε</span> <span class='ocrx_word' id='word_1_619' title='bbox 2369 4122 2446 4196; x_wconf 82' lang='grc' dir='ltr'><strong>μὴ</strong></span> <span class='ocrx_word' id='word_1_620' title='bbox 2499 4123 2704 4202; x_wconf 77' lang='grc' dir='ltr'>ἰσχύειν</span> <span class='ocrx_word' id='word_1_621' title='bbox 2761 4124 2878 4178; x_wconf 75' lang='grc' dir='ltr'>τινὰ</span> <span class='ocrx_word' id='word_1_622' title='bbox 2936 4119 3220 4200; x_wconf 78' lang='grc' dir='ltr'>παρελθεῖν</span> <span class='ocrx_word' id='word_1_623' title='bbox 3276 4118 3360 4178; x_wconf 73' lang='grc' dir='ltr'>διὰ</span> <span class='ocrx_word' id='word_1_624' title='bbox 3407 4125 3506 4186; x_wconf 78' lang='grc' dir='ltr'>τῆς</span> <span class='ocrx_word' id='word_1_625' title='bbox 3550 4117 3669 4176; x_wconf 74' lang='grc' dir='ltr'><strong>ὁδοῦ</strong></span> <span class='ocrx_word' id='word_1_626' title='bbox 3697 4116 3845 4173; x_wconf 73' lang='grc' dir='ltr'>ὲκεί-</span> 
     </span>
    </p>
   </div>
   <div class='ocr_carea' id='block_1_91' title="bbox 2186 4206 3840 4289">
    <p class='ocr_par' dir='ltr' id='par_1_91' title="bbox 2186 4206 3840 4289">
     <span class='ocr_line' id='line_1_91' title="bbox 2186 4206 3840 4289; baseline -0.003 -21"><span class='ocrx_word' id='word_1_627' title='bbox 2186 4231 2300 4275; x_wconf 80' lang='grc' dir='ltr'>νης.</span> <span class='ocrx_word' id='word_1_628' title='bbox 2341 4234 2367 4264; x_wconf 75' lang='lat' dir='ltr'><strong>n</strong></span> <span class='ocrx_word' id='word_1_629' title='bbox 2434 4211 2522 4269; x_wconf 82' lang='grc' dir='ltr'><strong>Ἐν</strong></span> <span class='ocrx_word' id='word_1_630' title='bbox 2566 4225 2681 4278; x_wconf 82' lang='grc' dir='ltr'>τοῖς</span> <span class='ocrx_word' id='word_1_631' title='bbox 2740 4213 3022 4288; x_wconf 81' lang='grc' dir='ltr'>μνημείοις</span> <span class='ocrx_word' id='word_1_632' title='bbox 3086 4206 3364 4289; x_wconf 76' lang='grc' dir='ltr'>διέτριϐον,</span> <span class='ocrx_word' id='word_1_633' title='bbox 3425 4206 3599 4287; x_wconf 83' lang='grc' dir='ltr'>δόγμα</span> <span class='ocrx_word' id='word_1_634' title='bbox 3661 4207 3840 4264; x_wconf 70' lang='grc' dir='ltr'>ἐνθεῖ-</span> 
     </span>
    </p>
   </div>
   <div class='ocr_carea' id='block_1_92' title="bbox 2184 4298 3842 4393">
    <p class='ocr_par' dir='ltr' id='par_1_92' title="bbox 2184 4298 3842 4393">
     <span class='ocr_line' id='line_1_92' title="bbox 2184 4298 3842 4393; baseline -0.001 -40"><span class='ocrx_word' id='word_1_635' title='bbox 2184 4320 2268 4354; x_wconf 88' lang='grc' dir='ltr'><strong>ναι</strong></span> <span class='ocrx_word' id='word_1_636' title='bbox 2301 4299 2612 4375; x_wconf 81' lang='grc' dir='ltr'>ϐουλόμενοι</span> <span class='ocrx_word' id='word_1_637' title='bbox 2668 4303 2714 4356; x_wconf 78' lang='grc' dir='ltr'>οἱ</span> <span class='ocrx_word' id='word_1_638' title='bbox 2773 4299 3169 4393; x_wconf 41' lang='grc' dir='ltr'>δαίμονες,ηὸτι</span> <span class='ocrx_word' id='word_1_639' title='bbox 3220 4302 3270 4354; x_wconf 83' lang='grc' dir='ltr'>αἱ</span> <span class='ocrx_word' id='word_1_640' title='bbox 3300 4299 3470 4378; x_wconf 77' lang='grc' dir='ltr'>ψυχαὶ</span> <span class='ocrx_word' id='word_1_641' title='bbox 3497 4302 3604 4353; x_wconf 81' lang='grc' dir='ltr'>τῶν</span> <span class='ocrx_word' id='word_1_642' title='bbox 3633 4298 3842 4393; x_wconf 56' lang='grc' dir='ltr'>αποθα-</span> 
     </span>
    </p>
   </div>
   <div class='ocr_carea' id='block_1_93' title="bbox 454 4380 2101 4474">
    <p class='ocr_par' dir='ltr' id='par_1_93' title="bbox 454 4380 2099 4474">
     <span class='ocr_line' id='line_1_93' title="bbox 454 4380 2099 4474; baseline 0.012 -33"><span class='ocrx_word' id='word_1_643' title='bbox 454 4380 602 4444; x_wconf 90' lang='lat' dir='ltr'><strong>dere</strong></span> <span class='ocrx_word' id='word_1_644' title='bbox 627 4385 826 4454; x_wconf 88' lang='lat' dir='ltr'><strong>debet.</strong></span> <span class='ocrx_word' id='word_1_645' title='bbox 861 4392 1069 4455; x_wconf 86' lang='lat' dir='ltr'><strong>Anima</strong></span> <span class='ocrx_word' id='word_1_646' title='bbox 1104 4393 1264 4456; x_wconf 90' lang='lat' dir='ltr'><strong>enim</strong></span> <span class='ocrx_word' id='word_1_647' title='bbox 1311 4380 1565 4474; x_wconf 72' lang='lat' dir='ltr'><strong>egressa,</strong></span> <span class='ocrx_word' id='word_1_648' title='bbox 1595 4380 1654 4456; x_wconf 74' lang='lat' dir='ltr'><strong>in</strong></span> <span class='ocrx_word' id='word_1_649' title='bbox 1715 4398 1936 4459; x_wconf 91' lang='lat' dir='ltr'><strong>mundo</strong></span> <span class='ocrx_word' id='word_1_650' title='bbox 1985 4418 2099 4460; x_wconf 92' lang='lat' dir='ltr'><strong>non</strong></span> 
     </span>
    </p>
   </div>
   <div class='ocr_carea' id='block_1_94' title="bbox 2190 4380 3837 4474">
    <p class='ocr_par' dir='ltr' id='par_1_94' title="bbox 2190 4380 3837 4468">
     <span class='ocr_line' id='line_1_94' title="bbox 2190 4380 3837 4468; baseline -0.001 -25"><span class='ocrx_word' id='word_1_651' title='bbox 2190 4389 2381 4448; x_wconf 87' lang='grc' dir='ltr'>νόντων</span> <span class='ocrx_word' id='word_1_652' title='bbox 2440 4389 2683 4466; x_wconf 82' lang='grc' dir='ltr'>δαίμονες</span> <span class='ocrx_word' id='word_1_653' title='bbox 2740 4392 2996 4468; x_wconf 87' lang='grc' dir='ltr'>γὶνονται,</span> <span class='ocrx_word' id='word_1_654' title='bbox 3053 4380 3130 4448; x_wconf 70' lang='grc' dir='ltr'><strong>μΟ</strong></span> <span class='ocrx_word' id='word_1_655' title='bbox 3181 4386 3318 4463; x_wconf 79' lang='grc' dir='ltr'>μηδὲ</span> <span class='ocrx_word' id='word_1_656' title='bbox 3381 4385 3648 4457; x_wconf 75' lang='grc' dir='ltr'>ἐννοήσειά</span> <span class='ocrx_word' id='word_1_657' title='bbox 3702 4408 3780 4448; x_wconf 88' lang='grc' dir='ltr'><strong>τις</strong></span> <span class='ocrx_word' id='word_1_658' title='bbox 3821 4401 3837 4415; x_wconf 84' lang='grc'><strong>⁸</strong></span> 
     </span>
    </p>
   </div>
   <div class='ocr_carea' id='block_1_95' title="bbox 449 4449 2101 4560">
    <p class='ocr_par' dir='ltr' id='par_1_95' title="bbox 449 4449 2093 4549">
     <span class='ocr_line' id='line_1_95' title="bbox 449 4449 2093 4549; baseline 0.01 -19"><span class='ocrx_word' id='word_1_659' title='bbox 449 4479 626 4534; x_wconf 89' lang='lat' dir='ltr'><strong>errat.</strong></span> <span class='ocrx_word' id='word_1_660' title='bbox 644 4479 1154 4546; x_wconf 74' lang='lat' dir='ltr'><strong>oJustorumenim</strong></span> <span class='ocrx_word' id='word_1_661' title='bbox 1172 4449 1462 4546; x_wconf 48' lang='lat' dir='ltr'><strong>animalem</strong></span> <span class='ocrx_word' id='word_1_662' title='bbox 1491 4504 1667 4548; x_wconf 91' lang='lat' dir='ltr'><strong>manu</strong></span> <span class='ocrx_word' id='word_1_663' title='bbox 1689 4485 1797 4548; x_wconf 91' lang='lat' dir='ltr'><strong>Dei</strong></span> <span class='ocrx_word' id='word_1_664' title='bbox 1826 4497 1963 4549; x_wconf 92' lang='lat' dir='ltr'><strong>sunt</strong></span> <span class='ocrx_word' id='word_1_665' title='bbox 1981 4490 2054 4548; x_wconf 70' lang='lat' dir='ltr'><strong>H:</strong></span> <span class='ocrx_word' id='word_1_666' title='bbox 2071 4512 2093 4547; x_wconf 74' lang='grc' dir='ltr'><strong>ι</strong></span> 
     </span>
    </p>
   </div>
   <div class='ocr_carea' id='block_1_96' title="bbox 2190 4449 3841 4560">
    <p class='ocr_par' dir='ltr' id='par_1_96' title="bbox 2190 4449 3841 4560">
     <span class='ocr_line' id='line_1_96' title="bbox 2190 4449 3841 4560; baseline -0.003 -26"><span class='ocrx_word' id='word_1_667' title='bbox 2190 4482 2218 4548; x_wconf 72' lang='grc' dir='ltr'>ἡ</span> <span class='ocrx_word' id='word_1_668' title='bbox 2278 4481 2434 4560; x_wconf 78' lang='grc' dir='ltr'>ψυχὴ</span> <span class='ocrx_word' id='word_1_669' title='bbox 2496 4449 2596 4558; x_wconf 61' lang='grc' dir='ltr'><strong>γὰρ</strong></span> <span class='ocrx_word' id='word_1_670' title='bbox 2649 4449 2946 4554; x_wconf 57' lang='grc' dir='ltr'>ἐξελθοῦσα,</span> <span class='ocrx_word' id='word_1_671' title='bbox 2983 4449 3088 4535; x_wconf 26' lang='grc' dir='ltr'>*οὑκ</span> <span class='ocrx_word' id='word_1_672' title='bbox 3129 4449 3193 4533; x_wconf 38' lang='grc' dir='ltr'><strong>ἑνὶ</strong></span> <span class='ocrx_word' id='word_1_673' title='bbox 3222 4449 3300 4551; x_wconf 70' lang='grc' dir='ltr'>τῷ</span> <span class='ocrx_word' id='word_1_674' title='bbox 3330 4449 3534 4552; x_wconf 45' lang='grc' dir='ltr'>κόσμῳ.</span> <span class='ocrx_word' id='word_1_675' title='bbox 3553 4474 3841 4532; x_wconf 79' lang='grc' dir='ltr'>πλανᾶται·</span> 
     </span>
    </p>
   </div>
   <div class='ocr_carea' id='block_1_97' title="bbox 451 4562 2101 4656">
    <p class='ocr_par' dir='ltr' id='par_1_97' title="bbox 451 4573 2101 4656">
     <span class='ocr_line' id='line_1_97' title="bbox 451 4573 2101 4656; baseline 0.01 -32"><span class='ocrx_word' id='word_1_676' title='bbox 451 4573 829 4656; x_wconf 76' lang='lat' dir='ltr'><strong>peccatorum</strong></span> <span class='ocrx_word' id='word_1_677' title='bbox 854 4590 992 4635; x_wconf 85' lang='lat' dir='ltr'><strong>vero</strong></span> <span class='ocrx_word' id='word_1_678' title='bbox 1015 4583 1072 4636; x_wconf 86' lang='lat' dir='ltr'><strong>et</strong></span> <span class='ocrx_word' id='word_1_679' title='bbox 1093 4575 1237 4656; x_wconf 74' lang='lat' dir='ltr'><strong>ipsa:</strong></span> <span class='ocrx_word' id='word_1_680' title='bbox 1259 4575 1399 4637; x_wconf 87' lang='lat' dir='ltr'><strong>hinc</strong></span> <span class='ocrx_word' id='word_1_681' title='bbox 1416 4574 1882 4652; x_wconf 88' lang='lat' dir='ltr'><strong>abducuntur,ut</strong></span> <span class='ocrx_word' id='word_1_682' title='bbox 1902 4579 2101 4640; x_wconf 90' lang='lat' dir='ltr'><strong>anima</strong></span> 
     </span>
    </p>
   </div>
   <div class='ocr_carea' id='block_1_98' title="bbox 2190 4562 3848 4656">
    <p class='ocr_par' dir='ltr' id='par_1_98' title="bbox 2190 4562 3848 4648">
     <span class='ocr_line' id='line_1_98' title="bbox 2190 4562 3848 4648; baseline -0.005 -22"><span class='ocrx_word' id='word_1_683' title='bbox 2190 4575 2236 4626; x_wconf 75' lang='grc' dir='ltr'>αἱ</span> <span class='ocrx_word' id='word_1_684' title='bbox 2297 4571 2392 4646; x_wconf 78' lang='grc' dir='ltr'>μὲν</span> <span class='ocrx_word' id='word_1_685' title='bbox 2451 4571 2550 4648; x_wconf 77' lang='grc' dir='ltr'><strong>γὰρ</strong></span> <span class='ocrx_word' id='word_1_686' title='bbox 2594 4569 2700 4625; x_wconf 78' lang='grc' dir='ltr'>τῶν</span> <span class='ocrx_word' id='word_1_687' title='bbox 2743 4566 2981 4642; x_wconf 84' lang='grc' dir='ltr'>δικαίων,</span> <span class='ocrx_word' id='word_1_688' title='bbox 3034 4570 3091 4623; x_wconf 62' lang='lat' dir='ltr'><strong>iv</strong></span> <span class='ocrx_word' id='word_1_689' title='bbox 3149 4568 3290 4648; x_wconf 86' lang='grc' dir='ltr'>χειρὶ</span> <span class='ocrx_word' id='word_1_690' title='bbox 3341 4574 3512 4624; x_wconf 79' lang='grc' dir='ltr'>Θεοῠ⁹</span> <span class='ocrx_word' id='word_1_691' title='bbox 3575 4565 3625 4620; x_wconf 73' lang='grc' dir='ltr'>αἱ</span> <span class='ocrx_word' id='word_1_692' title='bbox 3655 4562 3709 4620; x_wconf 78' lang='grc' dir='ltr'><strong>δὲ</strong></span> <span class='ocrx_word' id='word_1_693' title='bbox 3738 4569 3848 4620; x_wconf 83' lang='grc' dir='ltr'><strong>τῶν</strong></span> 
     </span>
    </p>
   </div>
   <div class='ocr_carea' id='block_1_99' title="bbox 450 4651 3845 4740">
    <p class='ocr_par' dir='ltr' id='par_1_99' title="bbox 450 4651 3845 4740">
     <span class='ocr_line' id='line_1_99' title="bbox 450 4651 3845 4740; baseline -0.001 -28"><span class='ocrx_word' id='word_1_694' title='bbox 450 4651 648 4716; x_wconf 76' lang='grc' dir='ltr'>ἀίνίιίε</span> <span class='ocrx_word' id='word_1_695' title='bbox 670 4658 753 4718; x_wconf 76' lang='grc'><strong>¹5.</strong></span> <span class='ocrx_word' id='word_1_696' title='bbox 1117 4651 1134 4656; x_wconf 46' lang='grc'><strong><em>“</em></strong></span> <span class='ocrx_word' id='word_1_697' title='bbox 1799 4651 1803 4652; x_wconf 15' lang='grc' dir='ltr'><strong>ί</strong></span> <span class='ocrx_word' id='word_1_698' title='bbox 2185 4659 2540 4740; x_wconf 77' lang='grc' dir='ltr'>ἁμαρτωλῶν,</span> <span class='ocrx_word' id='word_1_699' title='bbox 2587 4661 2677 4715; x_wconf 87' lang='grc' dir='ltr'><strong>καὶ</strong></span> <span class='ocrx_word' id='word_1_700' title='bbox 2737 4658 2883 4714; x_wconf 75' lang='grc' dir='ltr'>αὑτοὶ</span> <span class='ocrx_word' id='word_1_701' title='bbox 2938 4657 3080 4713; x_wconf 68' lang='grc' dir='ltr'>ἔνθεν</span> <span class='ocrx_word' id='word_1_702' title='bbox 3135 4657 3455 4734; x_wconf 75' lang='grc' dir='ltr'>ἀπάγονται,</span> <span class='ocrx_word' id='word_1_703' title='bbox 3516 4655 3591 4718; x_wconf 84' lang='grc' dir='ltr'>ὡς</span> <span class='ocrx_word' id='word_1_704' title='bbox 3661 4655 3697 4719; x_wconf 72' lang='grc' dir='ltr'><strong>η</strong></span> <span class='ocrx_word' id='word_1_705' title='bbox 3748 4655 3845 4710; x_wconf 76' lang='grc' dir='ltr'>τοῦ</span> 
     </span>
    </p>
   </div>
   <div class='ocr_carea' id='block_1_100' title="bbox 1400 4749 2458 4812">
    <p class='ocr_par' dir='ltr' id='par_1_100' title="bbox 1400 4749 2458 4812">
     <span class='ocr_line' id='line_1_100' title="bbox 1400 4749 2458 4812; baseline 0 -6"><span class='ocrx_word' id='word_1_706' title='bbox 1400 4796 1401 4799; x_wconf 57' lang='grc' dir='ltr'><strong>η</strong></span> <span class='ocrx_word' id='word_1_707' title='bbox 2185 4749 2434 4807; x_wconf 79' lang='grc' dir='ltr'>πλουσίου</span> <span class='ocrx_word' id='word_1_708' title='bbox 2445 4798 2458 4812; x_wconf 88' lang='grc'><strong><em>.</em></strong></span> 
     </span>
    </p>
   </div>
   <div class='ocr_carea' id='block_1_101' title="bbox 533 4829 2101 4918">
    <p class='ocr_par' dir='ltr' id='par_1_101' title="bbox 533 4829 2100 4918">
     <span class='ocr_line' id='line_1_101' title="bbox 533 4829 2100 4918; baseline 0.008 -25"><span class='ocrx_word' id='word_1_709' title='bbox 533 4829 712 4900; x_wconf 75' lang='lat' dir='ltr'><strong>Vens.</strong></span> <span class='ocrx_word' id='word_1_710' title='bbox 734 4838 827 4902; x_wconf 81' lang='lat'><strong>29.</strong></span> <span class='ocrx_word' id='word_1_711' title='bbox 850 4843 957 4905; x_wconf 74' lang='lat' dir='ltr'><strong>«Et</strong></span> <span class='ocrx_word' id='word_1_712' title='bbox 986 4861 1130 4905; x_wconf 92' lang='lat' dir='ltr'><strong>ecce</strong></span> <span class='ocrx_word' id='word_1_713' title='bbox 1151 4843 1485 4906; x_wconf 87' lang='lat' dir='ltr'><strong>clamabant</strong></span> <span class='ocrx_word' id='word_1_714' title='bbox 1513 4842 1964 4918; x_wconf 78' lang='lat' dir='ltr'><strong>dicenteszQuid</strong></span> <span class='ocrx_word' id='word_1_715' title='bbox 1993 4863 2100 4906; x_wconf 91' lang='lat' dir='ltr'><strong>no-</strong></span> 
     </span>
    </p>
   </div>
   <div class='ocr_carea' id='block_1_102' title="bbox 2190 4829 3840 4918">
    <p class='ocr_par' dir='ltr' id='par_1_102' title="bbox 2274 4833 3840 4918">
     <span class='ocr_line' id='line_1_102' title="bbox 2274 4833 3840 4918; baseline -0.004 -20"><span class='ocrx_word' id='word_1_716' title='bbox 2274 4859 2302 4898; x_wconf 76' lang='grc' dir='ltr'><strong>ε</strong></span> <span class='ocrx_word' id='word_1_717' title='bbox 2337 4841 2435 4898; x_wconf 83' lang='grc' dir='ltr'><strong>Καὶ</strong></span> <span class='ocrx_word' id='word_1_718' title='bbox 2476 4837 2583 4896; x_wconf 75' lang='grc' dir='ltr'><strong>ἰδοὺ</strong></span> <span class='ocrx_word' id='word_1_719' title='bbox 2605 4838 2824 4918; x_wconf 59' lang='grc' dir='ltr'>ἔκραξαν</span> <span class='ocrx_word' id='word_1_720' title='bbox 2853 4836 3099 4917; x_wconf 76' lang='grc' dir='ltr'>λέγοντες</span> <span class='ocrx_word' id='word_1_721' title='bbox 3137 4853 3151 4868; x_wconf 89' lang='grc'><strong>·</strong></span> <span class='ocrx_word' id='word_1_722' title='bbox 3207 4837 3267 4894; x_wconf 89' lang='grc' dir='ltr'><strong>Τί</strong></span> <span class='ocrx_word' id='word_1_723' title='bbox 3309 4837 3446 4911; x_wconf 73' lang='grc' dir='ltr'>ἡμῖν</span> <span class='ocrx_word' id='word_1_724' title='bbox 3488 4834 3576 4891; x_wconf 81' lang='grc' dir='ltr'><strong>καὶ</strong></span> <span class='ocrx_word' id='word_1_725' title='bbox 3606 4833 3706 4908; x_wconf 83' lang='grc' dir='ltr'>σοὶ,</span> <span class='ocrx_word' id='word_1_726' title='bbox 3742 4841 3840 4899; x_wconf 80' lang='grc' dir='ltr'><strong>1η-</strong></span> 
     </span>
    </p>
   </div>
   <div class='ocr_carea' id='block_1_103' title="bbox 451 4915 2101 5014">
    <p class='ocr_par' dir='ltr' id='par_1_103' title="bbox 451 4915 2101 5014">
     <span class='ocr_line' id='line_1_103' title="bbox 451 4915 2101 5014; baseline 0.011 -36"><span class='ocrx_word' id='word_1_727' title='bbox 451 4915 544 4979; x_wconf 89' lang='lat' dir='ltr'><strong>bis</strong></span> <span class='ocrx_word' id='word_1_728' title='bbox 569 4932 629 4985; x_wconf 91' lang='lat' dir='ltr'><strong>et</strong></span> <span class='ocrx_word' id='word_1_729' title='bbox 679 4926 811 5006; x_wconf 85' lang='lat' dir='ltr'><strong>tibi,</strong></span> <span class='ocrx_word' id='word_1_730' title='bbox 844 4930 989 4994; x_wconf 84' lang='lat' dir='ltr'><strong>Jesu</strong></span> <span class='ocrx_word' id='word_1_731' title='bbox 1022 4932 1212 4994; x_wconf 71' lang='grc' dir='ltr'><strong>[ἱΙίΟεὶ</strong></span> <span class='ocrx_word' id='word_1_732' title='bbox 1233 4935 1260 4993; x_wconf 84' lang='lat'><strong>?</strong></span> <span class='ocrx_word' id='word_1_733' title='bbox 1282 4933 1516 4996; x_wconf 83' lang='lat' dir='ltr'><strong>Venisti</strong></span> <span class='ocrx_word' id='word_1_734' title='bbox 1549 4935 1665 4995; x_wconf 88' lang='lat' dir='ltr'><strong>huc</strong></span> <span class='ocrx_word' id='word_1_735' title='bbox 1697 4915 2101 5014; x_wconf 36' lang='lat' dir='ltr'><strong>ante-tempus</strong></span> 
     </span>
    </p>
   </div>
   <div class='ocr_carea' id='block_1_104' title="bbox 2190 4915 3840 5014">
    <p class='ocr_par' dir='ltr' id='par_1_104' title="bbox 2190 4915 3840 5005">
     <span class='ocr_line' id='line_1_104' title="bbox 2190 4915 3840 5005; baseline -0.007 -17"><span class='ocrx_word' id='word_1_736' title='bbox 2190 4931 2280 4988; x_wconf 68' lang='grc' dir='ltr'><strong>σού</strong></span> <span class='ocrx_word' id='word_1_737' title='bbox 2314 4930 2398 4986; x_wconf 78' lang='grc' dir='ltr'><strong>Υἱὲ</strong></span> <span class='ocrx_word' id='word_1_738' title='bbox 2457 4932 2550 4985; x_wconf 72' lang='grc' dir='ltr'>τοό</span> <span class='ocrx_word' id='word_1_739' title='bbox 2608 4915 2787 5005; x_wconf 79' lang='grc' dir='ltr'><strong>Θεοῦ;</strong></span> <span class='ocrx_word' id='word_1_740' title='bbox 2839 4915 3000 4995; x_wconf 74' lang='grc' dir='ltr'>ἦλθες</span> <span class='ocrx_word' id='word_1_741' title='bbox 3060 4926 3160 4985; x_wconf 76' lang='grc' dir='ltr'>ὦδε</span> <span class='ocrx_word' id='word_1_742' title='bbox 3205 4927 3306 5005; x_wconf 79' lang='grc' dir='ltr'><strong>πρὸ</strong></span> <span class='ocrx_word' id='word_1_743' title='bbox 3336 4931 3520 5002; x_wconf 71' lang='grc' dir='ltr'>καιροῦ</span> <span class='ocrx_word' id='word_1_744' title='bbox 3562 4923 3840 5000; x_wconf 87' lang='grc' dir='ltr'>βασανίσαι</span> 
     </span>
    </p>
   </div>
   <div class='ocr_carea' id='block_1_105' title="bbox 456 5013 2101 5104">
    <p class='ocr_par' dir='ltr' id='par_1_105' title="bbox 456 5013 2095 5104">
     <span class='ocr_line' id='line_1_105' title="bbox 456 5013 2095 5104; baseline 0.012 -37"><span class='ocrx_word' id='word_1_745' title='bbox 456 5015 828 5104; x_wconf 79' lang='lat' dir='ltr'><strong>ut_torqueas</strong></span> <span class='ocrx_word' id='word_1_746' title='bbox 889 5039 998 5083; x_wconf 89' lang='lat' dir='ltr'><strong>nos</strong></span> <span class='ocrx_word' id='word_1_747' title='bbox 1024 5021 1056 5082; x_wconf 87' lang='lat'><strong>?</strong></span> <span class='ocrx_word' id='word_1_748' title='bbox 1091 5047 1116 5079; x_wconf 78' lang='grc' dir='ltr'><strong>ε</strong></span> <span class='ocrx_word' id='word_1_749' title='bbox 1161 5025 1318 5086; x_wconf 89' lang='lat' dir='ltr'><strong>Ecce</strong></span> <span class='ocrx_word' id='word_1_750' title='bbox 1350 5024 1561 5088; x_wconf 87' lang='lat' dir='ltr'><strong>Filium</strong></span> <span class='ocrx_word' id='word_1_751' title='bbox 1595 5022 1702 5084; x_wconf 93' lang='lat' dir='ltr'><strong>Dei</strong></span> <span class='ocrx_word' id='word_1_752' title='bbox 1750 5013 2095 5104; x_wconf 68' lang='lat' dir='ltr'><strong>praedicant,</strong></span> 
     </span>
    </p>
   </div>
   <div class='ocr_carea' id='block_1_106' title="bbox 2190 5013 3842 5104">
    <p class='ocr_par' dir='ltr' id='par_1_106' title="bbox 2190 5013 3842 5097">
     <span class='ocr_line' id='line_1_106' title="bbox 2190 5013 3842 5097; baseline -0.006 -21"><span class='ocrx_word' id='word_1_753' title='bbox 2190 5024 2325 5097; x_wconf 69' lang='grc' dir='ltr'>ἡμᾶς</span> <span class='ocrx_word' id='word_1_754' title='bbox 2362 5040 2377 5095; x_wconf 89' lang='grc'><strong>;</strong></span> <span class='ocrx_word' id='word_1_755' title='bbox 2415 5044 2442 5074; x_wconf 74' lang='grc' dir='ltr'>ιο</span> <span class='ocrx_word' id='word_1_756' title='bbox 2492 5019 2621 5077; x_wconf 79' lang='grc' dir='ltr'>’ἰδοὺ</span> <span class='ocrx_word' id='word_1_757' title='bbox 2669 5022 2787 5076; x_wconf 55' lang='lat' dir='ltr'><strong>rte»</strong></span> <span class='ocrx_word' id='word_1_758' title='bbox 2857 5021 2950 5075; x_wconf 72' lang='grc' dir='ltr'>τοῦ</span> <span class='ocrx_word' id='word_1_759' title='bbox 2994 5025 3124 5076; x_wconf 87' lang='grc' dir='ltr'>Θεοῦ</span> <span class='ocrx_word' id='word_1_760' title='bbox 3183 5016 3526 5096; x_wconf 80' lang='grc' dir='ltr'>κηρύσσουσι,</span> <span class='ocrx_word' id='word_1_761' title='bbox 3584 5013 3842 5092; x_wconf 86' lang='grc' dir='ltr'>πρότερον</span> 
     </span>
    </p>
   </div>
   <div class='ocr_carea' id='block_1_107' title="bbox 456 5098 2101 5190">
    <p class='ocr_par' dir='ltr' id='par_1_107' title="bbox 456 5098 2100 5176">
     <span class='ocr_line' id='line_1_107' title="bbox 456 5098 2100 5176; baseline 0.011 -18"><span class='ocrx_word' id='word_1_762' title='bbox 456 5098 620 5176; x_wconf 91' lang='lat' dir='ltr'><strong>prius</strong></span> <span class='ocrx_word' id='word_1_763' title='bbox 645 5107 993 5171; x_wconf 85' lang='lat' dir='ltr'><strong>conﬁtentes</strong></span> <span class='ocrx_word' id='word_1_764' title='bbox 1015 5112 1378 5175; x_wconf 87' lang='lat' dir='ltr'><strong>inimicitias.</strong></span> <span class='ocrx_word' id='word_1_765' title='bbox 1402 5098 1786 5176; x_wconf 83' lang='lat' dir='ltr'><strong>Tormentum</strong></span> <span class='ocrx_word' id='word_1_766' title='bbox 1805 5122 2004 5176; x_wconf 79' lang='lat' dir='ltr'><strong>autem</strong></span> <span class='ocrx_word' id='word_1_767' title='bbox 2042 5123 2100 5176; x_wconf 92' lang='lat' dir='ltr'><strong>et</strong></span> 
     </span>
    </p>
   </div>
   <div class='ocr_carea' id='block_1_108' title="bbox 2190 5098 3842 5190">
    <p class='ocr_par' dir='ltr' id='par_1_108' title="bbox 2190 5105 3842 5190">
     <span class='ocr_line' id='line_1_108' title="bbox 2190 5105 3842 5190; baseline -0.005 -22"><span class='ocrx_word' id='word_1_768' title='bbox 2190 5110 2566 5190; x_wconf 64' lang='grc' dir='ltr'>ὁμολογοῦντες</span> <span class='ocrx_word' id='word_1_769' title='bbox 2625 5111 2721 5178; x_wconf 79' lang='grc' dir='ltr'>τὴν</span> <span class='ocrx_word' id='word_1_770' title='bbox 2780 5110 3000 5190; x_wconf 71' lang='grc' dir='ltr'>ἔχθραν.</span> <span class='ocrx_word' id='word_1_771' title='bbox 3064 5109 3299 5170; x_wconf 72' lang='grc' dir='ltr'>Βάσανον</span> <span class='ocrx_word' id='word_1_772' title='bbox 3353 5106 3408 5161; x_wconf 71' lang='grc' dir='ltr'><strong>δὲ</strong></span> <span class='ocrx_word' id='word_1_773' title='bbox 3479 5107 3733 5182; x_wconf 74' lang='grc' dir='ltr'>ἡγοῦνται</span> <span class='ocrx_word' id='word_1_774' title='bbox 3777 5105 3842 5159; x_wconf 77' lang='grc' dir='ltr'><strong>τὸ</strong></span> 
     </span>
    </p>
   </div>
   <div class='ocr_carea' id='block_1_109' title="bbox 456 5191 2101 5283">
    <p class='ocr_par' dir='ltr' id='par_1_109' title="bbox 456 5192 2094 5283">
     <span class='ocr_line' id='line_1_109' title="bbox 456 5192 2094 5283; baseline 0.011 -36"><span class='ocrx_word' id='word_1_775' title='bbox 456 5192 779 5283; x_wconf 84' lang='lat' dir='ltr'><strong>cruciatum</strong></span> <span class='ocrx_word' id='word_1_776' title='bbox 806 5205 1037 5278; x_wconf 88' lang='lat' dir='ltr'><strong>putant,</strong></span> <span class='ocrx_word' id='word_1_777' title='bbox 1070 5201 1118 5263; x_wconf 92' lang='lat' dir='ltr'><strong>si</strong></span> <span class='ocrx_word' id='word_1_778' title='bbox 1147 5222 1265 5264; x_wconf 91' lang='lat' dir='ltr'><strong>non</strong></span> <span class='ocrx_word' id='word_1_779' title='bbox 1293 5204 1711 5283; x_wconf 85' lang='lat' dir='ltr'><strong>permittantur</strong></span> <span class='ocrx_word' id='word_1_780' title='bbox 1733 5203 1950 5265; x_wconf 83' lang='lat' dir='ltr'><strong>laedere</strong></span> <span class='ocrx_word' id='word_1_781' title='bbox 1981 5205 2094 5265; x_wconf 92' lang='lat' dir='ltr'><strong>ho-</strong></span> 
     </span>
    </p>
   </div>
   <div class='ocr_carea' id='block_1_110' title="bbox 2190 5191 3840 5283">
    <p class='ocr_par' dir='ltr' id='par_1_110' title="bbox 2190 5191 3840 5283">
     <span class='ocr_line' id='line_1_110' title="bbox 2190 5191 3840 5283; baseline -0.007 -25"><span class='ocrx_word' id='word_1_782' title='bbox 2190 5203 2258 5278; x_wconf 74' lang='grc' dir='ltr'><strong>μὴ</strong></span> <span class='ocrx_word' id='word_1_783' title='bbox 2315 5205 2708 5281; x_wconf 73' lang='grc' dir='ltr'>συγχωρεῖσθαι</span> <span class='ocrx_word' id='word_1_784' title='bbox 2767 5199 2968 5256; x_wconf 73' lang='grc' dir='ltr'>ἀδικεῖν</span> <span class='ocrx_word' id='word_1_785' title='bbox 3019 5199 3143 5262; x_wconf 77' lang='grc' dir='ltr'>τοὺς</span> <span class='ocrx_word' id='word_1_786' title='bbox 3173 5196 3476 5274; x_wconf 82' lang='grc' dir='ltr'>ἀνθρώπους</span> <span class='ocrx_word' id='word_1_787' title='bbox 3514 5214 3526 5226; x_wconf 81' lang='grc'><strong><em>³</em></strong></span> <span class='ocrx_word' id='word_1_788' title='bbox 3560 5195 3620 5250; x_wconf 79' lang='grc' dir='ltr'><strong>τὸ</strong></span> <span class='ocrx_word' id='word_1_789' title='bbox 3650 5191 3705 5283; x_wconf 69' lang='grc' dir='ltr'><strong>δὲ</strong></span> <span class='ocrx_word' id='word_1_790' title='bbox 3737 5194 3840 5271; x_wconf 78' lang='grc' dir='ltr'><strong>πρὸ</strong></span> 
     </span>
    </p>
   </div>
   <div class='ocr_carea' id='block_1_111' title="bbox 457 5279 2101 5375">
    <p class='ocr_par' dir='ltr' id='par_1_111' title="bbox 457 5279 2095 5375">
     <span class='ocr_line' id='line_1_111' title="bbox 457 5279 2095 5375; baseline 0.007 -32"><span class='ocrx_word' id='word_1_791' title='bbox 457 5279 667 5346; x_wconf 86' lang='lat' dir='ltr'><strong>mines.</strong></span> <span class='ocrx_word' id='word_1_792' title='bbox 704 5285 870 5357; x_wconf 90' lang='lat' dir='ltr'><strong>Quod</strong></span> <span class='ocrx_word' id='word_1_793' title='bbox 901 5297 1094 5351; x_wconf 88' lang='lat' dir='ltr'><strong>autem</strong></span> <span class='ocrx_word' id='word_1_794' title='bbox 1119 5279 1457 5367; x_wconf 42' lang='lat' dir='ltr'><strong>dicit,&#39;ante</strong></span> <span class='ocrx_word' id='word_1_795' title='bbox 1515 5301 1772 5375; x_wconf 88' lang='lat' dir='ltr'><strong>tempus,</strong></span> <span class='ocrx_word' id='word_1_796' title='bbox 1833 5291 2095 5371; x_wconf 85' lang='lat' dir='ltr'><strong>intellige</strong></span> 
     </span>
    </p>
   </div>
   <div class='ocr_carea' id='block_1_112' title="bbox 2190 5279 3840 5375">
    <p class='ocr_par' dir='ltr' id='par_1_112' title="bbox 2190 5282 3840 5371">
     <span class='ocr_line' id='line_1_112' title="bbox 2190 5282 3840 5371; baseline -0.008 -20"><span class='ocrx_word' id='word_1_797' title='bbox 2190 5299 2383 5371; x_wconf 72' lang='grc' dir='ltr'>ιαιροῦ,</span> <span class='ocrx_word' id='word_1_798' title='bbox 2419 5291 2525 5347; x_wconf 87' lang='grc' dir='ltr'>νόει</span> <span class='ocrx_word' id='word_1_799' title='bbox 2576 5290 2656 5347; x_wconf 79' lang='grc' dir='ltr'><strong>ὅτι</strong></span> <span class='ocrx_word' id='word_1_800' title='bbox 2716 5290 2958 5366; x_wconf 69' lang='grc' dir='ltr'>ἐνόμιζον</span> <span class='ocrx_word' id='word_1_801' title='bbox 3006 5290 3098 5344; x_wconf 79' lang='grc' dir='ltr'><strong>τὸν</strong></span> <span class='ocrx_word' id='word_1_802' title='bbox 3132 5289 3354 5368; x_wconf 75' lang='grc' dir='ltr'>Χριστὸν</span> <span class='ocrx_word' id='word_1_803' title='bbox 3386 5286 3464 5362; x_wconf 74' lang='grc' dir='ltr'>μὴ</span> <span class='ocrx_word' id='word_1_804' title='bbox 3506 5282 3840 5359; x_wconf 72' lang='grc' dir='ltr'>ὑπομένοντα</span> 
     </span>
    </p>
   </div>
   <div class='ocr_carea' id='block_1_113' title="bbox 538 5463 2101 5555">
    <p class='ocr_par' dir='ltr' id='par_1_113' title="bbox 538 5463 2098 5554">
     <span class='ocr_line' id='line_1_113' title="bbox 538 5463 2098 5554; baseline 0.003 -25"><span class='ocrx_word' id='word_1_805' title='bbox 538 5463 596 5513; x_wconf 71' lang='grc'><strong>1³</strong></span> <span class='ocrx_word' id='word_1_806' title='bbox 625 5467 809 5529; x_wconf 85' lang='lat' dir='ltr'><strong>Marc.</strong></span> <span class='ocrx_word' id='word_1_807' title='bbox 843 5484 901 5540; x_wconf 79' lang='grc' dir='ltr'><strong>ν,</strong></span> <span class='ocrx_word' id='word_1_808' title='bbox 932 5468 969 5530; x_wconf 84' lang='grc'><strong>9</strong></span> <span class='ocrx_word' id='word_1_809' title='bbox 995 5489 1010 5546; x_wconf 88' lang='grc'>;</span> <span class='ocrx_word' id='word_1_810' title='bbox 1035 5469 1178 5534; x_wconf 92' lang='lat' dir='ltr'><strong>Luc.</strong></span> <span class='ocrx_word' id='word_1_811' title='bbox 1215 5486 1336 5553; x_wconf 78' lang='lat' dir='ltr'><strong>vui,</strong></span> <span class='ocrx_word' id='word_1_812' title='bbox 1372 5471 1470 5534; x_wconf 85' lang='lat'><strong>36.</strong></span> <span class='ocrx_word' id='word_1_813' title='bbox 1507 5473 1564 5522; x_wconf 68' lang='grc' dir='ltr'>ει</span> <span class='ocrx_word' id='word_1_814' title='bbox 1593 5469 1734 5554; x_wconf 86' lang='lat' dir='ltr'><strong>Sap.</strong></span> <span class='ocrx_word' id='word_1_815' title='bbox 1761 5488 1849 5548; x_wconf 86' lang='grc' dir='ltr'>ιιι,</span> <span class='ocrx_word' id='word_1_816' title='bbox 1883 5473 1936 5536; x_wconf 92' lang='grc'><strong>1.</strong></span> <span class='ocrx_word' id='word_1_817' title='bbox 1971 5473 2029 5525; x_wconf 74' lang='grc'>15</span> <span class='ocrx_word' id='word_1_818' title='bbox 2058 5474 2098 5534; x_wconf 89' lang='lat' dir='ltr'>L</span> 
     </span>
    </p>
   </div>
   <div class='ocr_carea' id='block_1_114' title="bbox 2190 5463 2629 5555">
    <p class='ocr_par' dir='ltr' id='par_1_114' title="bbox 2190 5471 2629 5555">
     <span class='ocr_line' id='line_1_114' title="bbox 2190 5471 2629 5555; baseline -0.009 -21"><span class='ocrx_word' id='word_1_819' title='bbox 2190 5516 2199 5534; x_wconf 89' lang='lat'><strong>.</strong></span> <span class='ocrx_word' id='word_1_820' title='bbox 2235 5490 2356 5555; x_wconf 77' lang='lat' dir='ltr'><strong>xw,</strong></span> <span class='ocrx_word' id='word_1_821' title='bbox 2395 5471 2420 5534; x_wconf 87' lang='grc'><strong>1</strong></span> <span class='ocrx_word' id='word_1_822' title='bbox 2458 5488 2629 5551; x_wconf 87' lang='lat' dir='ltr'><strong>seqq.</strong></span> 
     </span>
    </p>
   </div>
   <div class='ocr_carea' id='block_1_115' title="bbox 1529 5577 2743 5648">
    <p class='ocr_par' dir='ltr' id='par_1_115' title="bbox 1529 5577 2743 5648">
     <span class='ocr_line' id='line_1_115' title="bbox 1529 5577 2743 5648; baseline 0 -5"><span class='ocrx_word' id='word_1_823' title='bbox 1529 5579 1612 5644; x_wconf 80' lang='lat' dir='ltr'><strong>Ex</strong></span> <span class='ocrx_word' id='word_1_824' title='bbox 1641 5580 1956 5645; x_wconf 87' lang='lat' dir='ltr'><strong>collatione</strong></span> <span class='ocrx_word' id='word_1_825' title='bbox 1982 5581 2161 5648; x_wconf 92' lang='lat' dir='ltr'><strong>codd.</strong></span> <span class='ocrx_word' id='word_1_826' title='bbox 2191 5581 2406 5647; x_wconf 85' lang='lat' dir='ltr'><strong>Venet.</strong></span> <span class='ocrx_word' id='word_1_827' title='bbox 2440 5581 2505 5647; x_wconf 90' lang='lat' dir='ltr'><strong>S.</strong></span> <span class='ocrx_word' id='word_1_828' title='bbox 2541 5577 2743 5643; x_wconf 81' lang='lat' dir='ltr'><strong>Marci.</strong></span> 
     </span>
    </p>
   </div>
   <div class='ocr_carea' id='block_1_116' title="bbox 536 5686 1514 5769">
    <p class='ocr_par' dir='ltr' id='par_1_116' title="bbox 536 5686 1514 5769">
     <span class='ocr_line' id='line_1_116' title="bbox 536 5686 1514 5769; baseline 0.004 -22"><span class='ocrx_word' id='word_1_829' title='bbox 536 5686 620 5765; x_wconf 79' lang='grc'><strong>(6)</strong></span> <span class='ocrx_word' id='word_1_830' title='bbox 647 5688 937 5768; x_wconf 73' lang='grc' dir='ltr'>Πράγματα</span> <span class='ocrx_word' id='word_1_831' title='bbox 967 5692 1212 5769; x_wconf 77' lang='grc' dir='ltr'>βιωτικά,</span> <span class='ocrx_word' id='word_1_832' title='bbox 1247 5690 1381 5754; x_wconf 86' lang='lat' dir='ltr'><strong>cod.</strong></span> <span class='ocrx_word' id='word_1_833' title='bbox 1415 5689 1514 5755; x_wconf 65' lang='lat'><strong>32.</strong></span> 
     </span>
    </p>
   </div>
  </div>
