4204 6406
499 270 620 337 227
1297 266 1305 269 ’
1455 267 2051 339 THEOPHYLAGTI
2092 269 2507 338 BULGARLE
2549 272 2909 340 ARCHIEP.
3760 266 3882 335 228

496 403 596 486 vit,
628 404 889 468 ostendit
920 422 988 467 se
1002 403 1217 468 Dcum.
1247 404 1457 484 Arguit
1485 404 1664 484 igitur
1692 422 1795 466 eos
1824 403 2012 466 ferme
2055 404 2130 465 sic

2226 402 2482 466 δείκνυσιν
2539 410 2724 469 ἑαυτὸν
2776 408 2932 467 Θεόν.
2994 406 3250 487 ⁹Ελέγχει
3309 416 3434 485 γοῦν
3488 405 3673 468 αὐτοὺς
3714 403 3887 481 λέγων

492 492 700 556 dicens
735 492 895 557 :Vos
929 494 1173 575 quidem
1202 494 1419 575 putatis
1472 513 1567 556 me
1598 493 2043 574 blaspliemun‘i,
2077 513 2130 554 et

2229 498 2445 554 τοιαῦτα
2478 513 2493 528 ⁸
2560 489 2746 575 ἰ’μετς
2802 498 2901 573 μὲν
2962 496 3205 572 νομίζετὲ
3281 516 3348 570 με
3409 493 3755 574 βλασφημον,
3815 494 3890 555 ὡς

492 584 649 664 quod
682 582 967 664 pollicear
997 602 1092 645 uie
1123 584 1429 645 remittere
1460 592 1723 665 peccata,
1748 583 1807 644 id
1839 581 1996 663 quod
2026 599 2130 644 ma-

2226 586 2602 666 ὑποσχόμενον
2645 584 2854 666 ἀφιέναι
2912 584 3193 665 ἁμαρτίας,
3254 582 3383 664 ὅπερ
3421 584 3560 663 μέγα
3590 581 3687 659 μέν
3713 584 3830 638 εστι
3866 598 3885 617 ο

490 691 670 752 gnum
704 672 944 753 quidem
970 682 1100 749 est;
1133 673 1373 735 videtur
1401 681 1597 735 autem
1621 672 1786 734 vobis
1815 671 1975 753 quod
2034 690 2130 749 egc

2225 672 2431 732 δοκεῖτε
2489 673 2545 733 δέ
2600 699 2668 753 με
2712 678 2785 740 εἰς
2828 679 2981 734 τοῦτο
3022 675 3373 755 καταφεύγειν
3403 676 3478 736 ὡς
3523 672 3586 729 ἃν
3616 673 3694 748 μὴ
3723 668 3889 748 ἐλεγ-

486 780 595 843 per
615 762 728 824 hoc
759 761 1040 840 ell'ugium
1094 780 1354 842 quaeram
1417 771 1481 824 ut
1538 781 1658 824 non
1706 761 2130 842 reprehendar.

2225 768 2364 845 Ἇθῶ-
2433 764 2576 846 Ἐγὼ
2659 764 2714 823 δὲ
2803 767 2863 823 ἐκ
2947 769 3046 832 τῆς
3122 772 3217 823 τοῦ
3298 765 3546 841 σώματος
3606 759 3891 839 θεραπείας

484 852 607 930 Ego
640 850 819 930 igitur
849 860 909 912 et
935 869 1004 912 ex
1038 851 1309 931 corporis
1342 870 1485 913 cura
1517 852 1697 913 iidem
1764 849 1929 911 vobis
1986 849 2130 912 facio

2224 854 2558 932 πιστώσομαι
2614 858 2702 915 καὶ
2743 857 2842 925 τὴν
2886 861 2987 923 τῆς
3051 859 3263 935 ψυχῆς,
3322 852 3406 912 διὰ
3457 854 3551 910 τοῦ
3594 849 3882 913 ἐλάττονος

479 940 637 1022 quod
668 939 897 1002 animas
927 958 1131 1001 sanem
1172 961 1185 1003 :
1222 943 1338 1004 Per
1369 959 1498 1003 rem
1535 940 1827 1003 minorem
1868 939 2130 1020 quidem,

2224 943 2345 1021 μὲν,
2402 943 2793 1025 δυσκολωτέρου
2851 942 2905 1000 δὲ
2986 943 3289 1025 δοκοῦντος,
3343 940 3571 1021 βεϐαιῶν
3625 941 3713 997 καὶ
3782 939 3891 1005 τὴν

478 1028 585 1091 sed
618 1046 749 1109 quae
780 1028 1080 1090 dilﬁcilior
1102 1028 1772 1103 videatur,conﬁrmans
1798 1038 1856 1090 et
1874 1037 2130 1109 peccato.

2222 1039 2328 1088 τῶν
2383 1033 2654 1112 ἁμαρτιῶν
2713 1033 2921 1115 ἄφεσιν,
2975 1032 3092 1101 ἥτις
3146 1031 3360 1112 μεγάλη
3391 1032 3512 1109 μὲν,
3550 1027 3891 1110 εύκολωτέρα

477 1128 671 1181 torum
693 1117 1281 1201 remissionem,quaa
1299 1138 1511 1200 magna
1531 1120 1774 1201 quidem
1800 1118 2028 1197 est,sed
2054 1118 2130 1181 fa-

2217 1120 2271 1177 δὲ
2300 1123 2428 1199 ὑμῖν
2460 1120 2609 1181 δοκεῖ
2654 1120 2739 1184 διὰ
2769 1125 2831 1181 τὸ
2859 1123 3068 1204 ἀφανὴς
3100 1122 3269 1185 εἶναι.

476 1207 651 1270 cilior
679 1205 842 1269 vobis
871 1207 1133 1289 videtur,
1167 1228 1237 1270 eo
1264 1209 1421 1289 quod
1450 1208 1645 1269 minus
1680 1215 1981 1289 appareat.

555 1297 1233 1361 VEns.6-8.«Utautem
1264 1297 1466 1361 sciatis
1485 1298 1641 1379 quod
1663 1304 2012 1378 potestatem
2037 1298 2137 1359 ha-

479 1386 805 1449 beatFilius
824 1386 1083 1447 homiuis
1100 1406 1281 1467 super
1301 1396 1517 1450 terram
1539 1388 1850 1450 romittere
1866 1394 2130 1468 peccata,

2221 1412 2325 1446 που
2355 1389 2441 1447 ἐπὶ
2470 1396 2568 1458 τῆς
2600 1393 2703 1470 γῆς
2734 1391 2943 1471 ἀφιέναι
2972 1390 3253 1467 ἁμαρτίας,
3277 1389 3397 1446 τότε
3427 1386 3570 1466 λέγει
3601 1389 3677 1459 τῷ
3704 1406 3887 1464 παρα-

474 1484 616 1538 tunc
636 1475 780 1538 dicit
805 1474 1366 1557 paralytico,Surge:
1400 1486 1458 1538 et
1480 1477 1622 1539 tolle
1668 1478 1890 1539 lectum
1944 1484 2130 1553 tuum,

2221 1476 2421 1552 λυτικῷ
2457 1498 2475 1516 ο
2507 1479 2795 1561 Ἐγερθεὶς,
2842 1481 2967 1559 ἆρόν
3025 1502 3120 1538 σου
3172 1481 3273 1547 τὴν
3303 1476 3514 1545 κλίνην.
3560 1476 3647 1533 καὶ
3704 1472 3883 1551 ὕπαγε

476 1574 535 1628 et
566 1563 709 1626 vade
737 1565 798 1625 in
824 1564 1066 1626 domum
1100 1573 1281 1627 tuam.
1320 1566 1712 1647 Surrexitque
1748 1565 1851 1628 ille
1883 1574 1942 1627 et
1991 1566 2130 1627 abiit

2222 1570 2295 1631 εἰς
2338 1571 2429 1626 τὸν
2486 1570 2643 1627 οἶκόν
2700 1592 2816 1631 σου.
2882 1571 2981 1627 Καὶ
3047 1568 3298 1649 ἐγερθεὶς,
3358 1565 3594 1636 ἀπῆλθεν
3642 1565 3716 1628 εἰς
3784 1565 3886 1619 τὸν

476 1656 536 1716 in
560 1655 801 1716 domum
824 1673 1019 1716 suam.
1039 1655 1261 1717 Etcum
1286 1655 1574 1717 vidissent
1596 1655 1805 1729 turbae,
1828 1655 2130 1718 admiratae

2219 1662 2372 1715 οἷκον
2415 1659 2594 1722 αὐτοῦ.
2649 1658 2875 1726 ἰδόντες
2927 1657 2981 1715 δὲ
3012 1662 3059 1715 οἰ
3088 1657 3246 1739 ὄχλοι
3278 1658 3602 1733 ἐθαύμασαν.
3634 1655 3722 1710 καὶ
3752 1650 3883 1710 ἰδό-

474 1752 695 1806 suntet
725 1743 1207 1822 gloriﬁcaverunt
1240 1746 1561 1825 Deum,qui
1592 1744 1760 1806 dedit
1791 1745 2130 1807 hominibus

2220 1746 2379 1814 ξασαν
2434 1751 2527 1806 τὸν
2572 1753 2702 1807 Θεὸν
2778 1752 2868 1807 τὸν
2943 1747 3099 1807 δύντα
3177 1747 3409 1814 ἐξουσίαν
3451 1746 3703 1810 τοιαύτην
3757 1755 3882 1807 τοῖς

475 1842 826 1916 potestatem
853 1834 1052 1895 talem.
1088 1858 1110 1892 ρ
1144 1833 1405 1915 Injunxit
1436 1837 1495 1897 ei
1526 1834 1827 1897 utlectum
1850 1842 2130 1916 gestaret,

2218 1838 2536 1918 ἀνθρώποις,
2575 1864 2602 1896 ε
2654 1839 2976 1920 Προσέταξεν
3009 1838 3152 1896 αύτῶ
3189 1839 3287 1905 τὴν
3345 1835 3529 1902 κλίνην
3588 1832 3878 1920 βαστᾷσέιι,

470 1932 634 1986 utne
665 1924 977 2004 phantasia
1027 1923 1318 1997 videatur,
1354 1932 1412 1986 et
1437 1932 1498 1986 ut
1536 1925 1725 1987 turbae
1755 1924 1961 1999 simul,
1998 1942 2130 2007 qua

2217 1926 2313 1985 ’ἕνα
2353 1928 2431 2003 μὴ
2473 1919 2733 2008 φαντασία
2774 1927 2922 2007 δόξῃ,
2984 1930 3073 1985 καὶ
3132 1928 3246 2004 ἅμα
3298 1926 3390 1982 ἵνα
3418 1924 3606 1981 ’ἴδωσιν
3638 1925 3687 1981 οἰ
3715 1919 3883 2001 ὄχλοι

473 2014 791 2075 maximum
806 2013 1047 2093 quidem
1066 2013 1590 2092 omnium,purum
1615 2023 1811 2077 tamen
1827 2014 2130 2076 hominem

2216 2017 2279 2073 τὸ
2319 2032 2575 2097 σημεῖον,
2657 2019 2711 2077 οῗ
2786 2021 2859 2083 ὡς
2940 2016 3097 2094 ψιλὸν
3154 2018 3253 2091 μὲν
3306 2015 3576 2094 ἄνθρωπον
3633 2011 3882 2088 ἐνόμιζον

471 2103 780 2186 putabant,
818 2102 1170 2165 miraculum
1202 2104 1576 2167 intueantur.

2220 2106 2399 2182 αὖτὸν,
2434 2108 2707 2188 κρείττονα
2739 2109 2918 2185 μέντοι
2948 2109 3185 2169 πάντων.

556 2193 814 2255 VERS.9.
853 2191 957 2253 «Et
986 2193 1516 2271 praeterienchsus
1539 2194 1634 2254 45
1653 2194 1999 2269 illinc,vidit
2022 2194 2130 2256 bo-

2306 2218 2333 2250 α
2383 2198 2483 2255 Καὶ
2513 2198 2767 2278 παράγων
2810 2199 2837 2255 ὀ
2890 2197 3097 2265 Ἰησοῦς
3146 2196 3375 2270 ἐκεῖθεν,
3430 2193 3574 2251 εἶδεν
3603 2192 3883 2271 ἄνθρωπον

488 2282 707 2345 minem
722 2280 1028 2343 sedentem
1043 2282 1101 2343 in
1121 2282 1791 2363 telonio,quiMatthaaus
1803 2283 2130 2345 dicebatur:

2224 2286 2525 2362 καθήμενον
2606 2287 2691 2343 ἐπὶ
2761 2289 2823 2344 τὸ
2893 2285 3167 2366 τελώνιον,
3244 2288 3517 2343 Ματθαῐον
3559 2281 3878 2360 λεγόμενον,

486 2380 546 2435 et
582 2371 728 2432 dicit
755 2369 865 2444 illi,
913 2372 1184 2451 Sequere
1233 2390 1350 2432 me.
1387 2372 1461 2433 Et
1488 2390 1738 2452 surgens
1782 2382 2023 2433 secutus
2054 2374 2130 2434 esi

2227 2377 2310 2433 κοὶ
2339 2374 2483 2455 λέγει
2514 2378 2657 2451 αὖτῷ
2692 2396 2705 2411 ⁸
2739 2376 3040 2435 Ἀκολούθει
3070 2398 3185 2451 μοι.
3222 2376 3321 2434 Καὶ
3369 2373 3598 2436 ἀναστὰς
3642 2368 3881 2439 ἠκολού-

485 2480 649 2526 eum.
684 2482 712 2520 ι
747 2458 877 2521 Non
899 2476 1032 2521 cum
1060 2462 1231 2522 Petro
1264 2471 1325 2523 et
1343 2463 1573 2523 Joanne
1595 2463 1755 2523 hunc
1780 2461 2130 2544 vocavit,sed

2225 2469 2387 2533 θησεν
2421 2467 2585 2539 αὐτῷ.
2644 2488 2668 2523 ι
2724 2467 2795 2525 Οὑ
2846 2467 2983 2542 μετὰ
3024 2465 3226 2545 Πέτρου
3266 2465 3350 2519 καὶ
3391 2461 3637 2521 Ἰωάννου
3692 2466 3881 2516 τοῦτον

486 2549 725 2632 quando
755 2548 899 2610 vidit
930 2548 1610 2630 obtemperaturum.Sic
1640 2559 1697 2614 et
1726 2550 1974 2613 Paulum
2031 2570 2130 2613 vo-

2223 2553 2498 2636 ὶκαλεσεν,
2558 2553 2677 2612 ἀλλ’
2760 2555 2848 2612 ὅτε
2905 2553 3020 2632 ᾔδει
3091 2552 3534 2629 πεισθησόμενον.
3582 2548 3732 2607 Οὕτω
3774 2548 3881 2627 γὰρ

484 2642 633 2703 cavit
665 2646 870 2720 postea
907 2656 1015 2698 suo
1048 2646 1349 2718 tempore.
1373 2639 1684 2705 Admirare
1706 2639 1902 2702 autem
1948 2659 2130 2703 evan-

2224 2645 2313 2701 καὶ
2368 2644 2576 2702 Παῦλον
2633 2644 2880 2702 ἐκάλεσεν
2934 2644 3149 2724 ὕστερον
3207 2642 3295 2699 ὅτε
3350 2642 3532 2720 καιρὸς
3576 2639 3666 2707 ἦν.
3727 2637 3877 2694 Θαύ-

484 2730 782 2811 gelistam,
813 2727 1110 2809 quomodo
1148 2728 1324 2790 vitam
1357 2747 1522 2791 suam
1555 2730 1841 2812 invulgat,
1872 2730 2130 2812 quamvis

2226 2756 2395 2810 μασον
2465 2732 2519 2791 δὲ
2587 2737 2680 2793 τὸν
2738 2732 3146 2814 εῦαγγελιστὴν,
3203 2737 3317 2798 πῶς
3402 2728 3727 2806 ἐκπομπεύει
3783 2728 3876 2783 τὸν

484 2819 583 2882 alii
612 2836 829 2880 nomen
853 2816 981 2897 ejus
1002 2817 1406 2900 occultarunt,
1433 2837 1568 2881 eum
1601 2820 2137 2901 appellantesLevi.

485 2906 590 2970 Dei
610 2913 807 2968 autem
839 2924 989 2987 opus
1015 2905 1143 2985 fuit,
1171 2907 1300 2968 solo
1331 2907 1510 2970 verbo
1534 2927 1668 2971 eum
1700 2910 1988 2971 converti.

2308 1320 2335 1360 ε
2373 1290 2504 1359 ’Ίνα
2534 1300 2589 1358 δὲ
2622 1299 2816 1383 εἰδῆτε,
2846 1301 2927 1358 ὅτι
2951 1300 3185 1367 ἐξουσίαν
3214 1302 3334 1381 ἔχει
3359 1300 3387 1357 ὀ
3410 1298 3531 1361 Υἱὸς
3562 1304 3653 1354 τοῦ
3682 1296 3887 1375 ἂνθρω-

2222 2826 2408 2881 ὶαυτοῦ
2436 2825 2574 2901 βίον,
2626 2826 2795 2881 καίτοι
2852 2827 2901 2881 οἱ
2956 2822 3109 2883 ἄλλοι
3147 2821 3376 2902 ἔκρυψαν
3404 2823 3466 2877 τὸ
3495 2818 3661 2895 ὄνομα
3693 2818 3877 2896 αὐτοῦ,

2157 2931 2198 2983 c
2226 2917 2356 2970 Asu‘t
2415 2916 2934 2994 προσαγορεύσαντες
3013 2912 3169 2970 αὒτόν
3194 2927 3209 2942 ⁶
3270 2917 3401 2968 Θεοῦ
3455 2908 3507 2966 δὲ
3561 2906 3737 2988 ἔργον,
3797 2912 3877 2981 τῷ

2223 3000 2370 3081 λόγῳ
2400 3001 2549 3079 μόνῳ
2580 3002 2941 3084 μεταστρέψαι
2972 3003 3151 3063 αὐτόν.

569 3087 747 3148 Vsns.
783 3086 878 3165 10,
908 3084 1006 3147 11.
1046 3107 1070 3140 ε
1095 3083 1167 3145 Et
1183 3084 1398 3147 factum
1433 3093 1521 3148 est
1542 3085 1643 3149 illo
1663 3087 2053 3152 recumbente
2075 3090 2130 3152 in

2311 3113 2334 3149 ε
2386 3093 2485 3151 Καὶ
2529 3092 2738 3171 ἐγένετο
2782 3094 2940 3153 αὐτοῦ
2995 3090 3339 3167 ἀνακειμένου
3376 3088 3430 3146 ἒν
3478 3094 3548 3166 τῇ
3595 3087 3752 3161 οἰκίᾳ,
3786 3086 3876 3142 καὶ

484 3175 834 3246 domo,ecce
857 3173 1024 3234 multi
1050 3173 1348 3254 publicani
1368 3184 1427 3237 et
1444 3184 1788 3257 peccatores
1814 3188 2130 3261 venerunt,

2220 3179 2327 3239 ἰδοὺ
2357 3180 2547 3240 πολλοὶ
2600 3181 2826 3239 τελῶναι
2883 3183 2970 3237 καὶ
3025 3178 3352 3260 ἁμαρτωλοὶ,
3386 3176 3622 3242 ἐλθόντες
3678 3196 3864 3261 συναν-

484 3272 544 3327 et
573 3262 1125 3325 recubuerontcnm
1148 3265 1286 3327 Jesu
1308 3272 1367 3326 et
1395 3264 1705 3346 discipulis
1739 3266 1966 3347 ejus.Et
1999 3260 2130 3330 cum

2220 3270 2422 3329 έκειντο
2451 3276 2530 3345 τῷ
2559 3269 2738 3340 Ἰησοῦ
2765 3273 2853 3328 καὶ
2885 3284 3003 3336 τοῖς
3048 3272 3319 3347 μαθηταῖς
3359 3267 3518 3327 αῦτοῦ
3549 3285 3566 3303 ⁸
3612 3266 3695 3321 καὶ
3721 3260 3862 3319 ἰδόν-

482 3354 772 3416 vidissent
802 3352 1110 3442 Pharisaei,
1146 3353 1750 3436 dixeruutdiscipulis
1788 3357 1958 3437 ejus:
2017 3360 2130 3421 Cur

2216 3376 2304 3418 τε>
2349 3364 2396 3418 οἰ
2424 3368 2735 3442 Φαρισαῖοι,
2782 3361 2942 3419 εἶπον
2988 3372 3105 3423 τοῖς
3150 3362 3418 3433 μαθηταῖς
3468 3360 3624 3416 αὐτοῦ
3658 3375 3672 3391 ο
3722 3352 3871 3409 Διατί

482 3462 615 3505 cum
651 3441 985 3524 publicanis
1008 3450 1068 3503 et
1098 3443 1509 3522 peccatoribus
1529 3444 1711 3506 sumit
1739 3444 1941 3507 cibum
1976 3465 2130 3528 prae-

2218 3454 2352 3529 μετὰ
2408 3441 2519 3508 τῶν
2569 3452 2813 3511 τελωνῶν
2846 3454 2934 3509 καὶ
2974 3448 3306 3530 ἁμαρτωλῶν
3354 3448 3509 3505 ἐσθίει
3543 3449 3571 3503 ὁ
3619 3443 3874 3502 διδάσκαο

480 3544 686 3615 ceptor
707 3542 900 3597 vester
924 3533 949 3597 ?
971 3557 999 3595 ι
1035 3534 1624 3600 GaudensMatthaeus
1645 3538 1802 3618 quod
1835 3538 1907 3600 ad
1941 3558 2007 3602 se
2034 3540 2133 3602 di-

481 3626 757 3689 vertisset
804 3625 997 3705 Iesus,
1031 3624 1385 3705 publicanos
1407 3626 1555 3688 alios
1579 3628 1828 3690 vocavit.
1867 3628 2135 3693 Christus

482 3723 679 3777 autem
710 3712 890 3773 simul
919 3711 1269 3775 vescebatur
1296 3732 1435 3776 cum
1467 3715 1574 3790 eis,
1611 3722 1677 3776 ut
1705 3717 1793 3778 eis
1824 3719 2137 3796 prodesset

484 3801 718 3865 tametsi
747 3809 990 3883 propter
1017 3801 1129 3864 hoc
1162 3802 1315 3864 male
1344 3803 1598 3865 audiret.
1631 3805 1914 3868 Pbarisai
1944 3807 2129 3885 enim,

479 3891 747 3955 volentes
776 3890 1103 3972 discipulos
1126 3891 1199 3953 ab
1230 3909 1302 3953 eo
1324 3891 1608 3970 avellere,
1634 3894 1996 3958 accusabant
2016 3916 2131 3978 pu-

483 3980 852 4043 blicanorum
884 3979 1244 4043 convivium.

564 4069 740 4133 Vens.
776 4069 985 4150 12,13.
1025 4090 1048 4121 α
1077 4067 1275 4146 Jesus,
1307 4071 1408 4134 ubi
1438 4071 2132 4149 audivit,dixitillis:Non

479 4179 629 4243 opus
658 4159 880 4223 hadent
909 4159 951 4221 ii
976 4160 1077 4241 qui
1122 4161 1337 4242 valent,
1373 4161 1628 4238 medico,
1665 4164 1769 4226 sed
1804 4165 1958 4227 male
2015 4167 2127 4230 ba-

478 4250 802 4315 bentethe
832 4257 1121 4320 autem,et
1152 4250 1363 4313 discite
1384 4252 1525 4333 quid
1548 4252 2130 4328 sit.Misericordiam

2217 3539 2308 3607 λος
2358 3542 2506 3617 ὖμῶν
2539 3564 2557 3616 ;
2607 3565 2636 3598 ι
2688 3542 3107 3623 Εὐφραινόμενος
3138 3542 3168 3596 ὁ
3197 3537 3471 3601 Ματθιϊος
3525 3541 3595 3613 τῇ
3622 3541 3715 3592 τοῦ
3743 3540 3880 3623 Χρι-

2218 3638 2343 3688 στοῦ
2394 3630 2663 3711 ὑποδοχῇ,
2699 3621 2819 3696 τοῦς
2868 3630 3100 3695 τελώνας
3148 3627 3390 3704 ἐκάλεσε,
3449 3630 3786 3684 συνεστιᾶται
3818 3621 3877 3680 δὲ

2219 3719 2403 3786 αὐτοῖς
2461 3723 2488 3778 ὁ
2547 3724 2795 3801 Χριστὸς,
2869 3721 3006 3778 ὥστε
3061 3718 3337 3800 ὠφελῆσαι
3390 3717 3602 3785 αὐτοὺς,
3659 3714 3759 3771 κᾶν
3787 3711 3879 3770 διὰ

2215 3809 2370 3867 τοῦτο
2401 3810 2623 3890 ἐψέγετο
2659 3833 2673 3848 ο
2720 3814 2768 3868 οἱ
2812 3812 2913 3891 γὰρ
2954 3817 3270 3889 Φαρισαῖοι,
3301 3805 3543 3871 θέλοντες
3572 3806 3876 3871 ἀποστῆσαι

2215 3899 2372 3956 αὐτοῦ
2428 3901 2552 3963 τοὺς
2608 3901 2874 3977 μαθητὰς,
2934 3896 3209 3956 διέϐαλλον
3262 3899 3362 3966 τὴν
3392 3897 3529 3974 μετὰ
3565 3896 3672 3953 τῶν
3695 3893 3877 3952 τελω-

2214 3994 2319 4045 νῶν
2342 3989 2692 4050 συνεστίασιν.

2301 4101 2328 4134 ε
2366 4068 2424 4136 ’0
2482 4077 2538 4135 δὲ
2592 4078 2801 4144 Ἰησοῦς
2845 4079 3099 4156 ἀκούσας,
3150 4082 3301 4135 εἶπεν
3346 4078 3553 4142 αὺτοϊς⁶
3590 4078 3663 4135 Ού
3687 4077 3875 4157 χρείαν

2217 4166 2434 4247 ἔχουσιν
2464 4170 2510 4225 οἱ
2546 4168 2820 4248 ἰσχύοντες
2876 4169 3076 4244 ἰατροῦ,
3138 4164 3258 4224 ἀλλ’
3316 4169 3364 4248 οἰ
3412 4172 3592 4232 κακῶς
3623 4165 3871 4247 ἔχοντες.

2216 4245 2559 4338 Πορευθέντες
2601 4245 2665 4315 δὲ
2719 4261 2912 4335 μάθετε
2955 4259 3005 4315 τί
3047 4257 3159 4316 ἔστι
3205 4254 3267 4314 τό
3300 4272 3314 4289 ⁶
3353 4245 3559 4315 ’Ἔλεον
3591 4245 3748 4331 θέλω,
3785 4262 3876 4317 καὶ

479 4341 633 4419 volo,
666 4349 726 4402 et
757 4359 875 4403 non
928 4341 1312 4405 sacriﬁcium.
1346 4341 1477 4404 Non
1510 4343 1670 4405 enim
1725 4345 1859 4406 veni
1918 4365 2130 4409 vocare

2216 4349 2276 4406 ού
2295 4349 2504 4437 θυσίαν.
2552 4348 2624 4406 Οὔ
2667 4349 2768 4429 γὰρ
2797 4347 2961 4417 ἦλθον
2997 4346 3231 4437 καλέσαι,
3250 4344 3501 4437 δικαίως,
3528 4344 3664 4403 ἄλλα
3691 4348 3876 4423 ἀμαρ-

472 4429 803 4511 justos,sed
828 4441 1173 4511 peccatores
1193 4430 1266 4492 ad
1292 4433 1726 4513 paenitentiam.
1756 4454 1780 4484 ι
1800 4434 1927 4497 Νοη
1967 4438 2126 4511 veni,

2216 4435 2416 4503 τωλούς
2477 4438 2551 4502 εἰς
2612 4438 2920 4515 μετάνοιαν,
2958 4459 2984 4495 ε
3052 4439 3159 4495 Οῦκ
3216 4434 3402 4513 ἦλθον,
3449 4437 3602 4518 φησὶ,
3663 4438 3750 4493 νῦν
3797 4438 3877 4502 ὡς

474 4518 858 4601 inquit,uunc
875 4527 1151 4600 tanquam
1170 4519 1486 4598 judex,sed
1506 4529 1571 4583 ut
1592 4524 2050 4589 medicuszunde
2073 4532 2132 4588 et

474 4608 748 4671 fcetorem
776 4607 1150 4688 fero.Arguit
1177 4617 1376 4673 autem
1408 4610 1547 4674 illos
1565 4621 1629 4675 ut
1658 4612 1996 4695 imperitos,
2030 4615 2128 4677 di-

473 4700 828 4779 cens,lte,et
847 4696 1083 4781 discite,
1113 4699 1227 4761 hoc
1250 4708 1360 4776 est,
1394 4700 1533 4782 quia
1560 4701 1850 4766 hactenus
1879 4723 1999 4767 non
2031 4704 2129 4767 di-

473 4788 726 4861 dicistis,
763 4787 854 4852 vel
881 4787 1089 4852 saltem
1113 4807 1273 4851 nunc
1306 4790 1478 4852 ite‘et
1506 4789 1742 4873 discite,
1780 4794 1939 4876 quod
1972 4793 2130 4857 Deus

473 4877 659 4959 pluris
690 4878 827 4940 facit
852 4878 1325 4941 misericordiam
1347 4880 1410 4941 in
1442 4889 2001 4965 peccatores,quam.
2027 4903 2129 4947 sa-

472 4965 788 5030 criﬁcium.
822 4966 991 5039 Quod
1022 4976 1220 5030 autem
1252 4967 1417 5051 dicit,
1444 4972 1579 5034 Non
1611 4971 1747 5036 veni
1781 4990 1995 5036 vocare
2018 4974 2126 5055 ju-

472 5062 618 5144 stos,
655 5073 760 5136 per
779 5055 1030 5119 ironiam
1062 5056 1229 5133 dicit,
1259 5058 1374 5121 hoc
1398 5066 1509 5135 est,
1541 5078 1671 5136 vos,
1696 5061 1799 5144 qui
1823 5062 2124 5143 justitica-

2214 4530 2427 4607 κριτὴς,
2482 4527 2602 4585 ἀλλ’
2636 4530 2721 4593 ὡς
2763 4527 2962 4607 ἰάτρὸς,
3024 4525 3142 4583 ὅθεν
3170 4528 3259 4583 καὶ
3297 4524 3548 4591 δυσωδίας
3580 4525 3874 4606 ἀνέχομαι.

2215 4615 2469 4697 Ἐλέγχει
2498 4616 2554 4674 δὲ
2584 4618 2773 4682 αὐτοὺς
2816 4617 2905 4674 καὶ
2931 4617 3006 4680 ὡς
3056 4616 3310 4691 ἀμαθεῖς,
3336 4613 3509 4695 λέγων
3542 4630 3557 4646 '
3594 4614 3875 4696 Πορευθένο

2212 4727 2301 4771 τες
2362 4706 2575 4783 μάθετε,
2636 4704 2931 4779 τουτέστιν,
2987 4704 3102 4762 ἰπεὶ
3142 4708 3306 4785 μέχρι
3340 4711 3435 4763 τοῦ
3464 4710 3552 4762 νῦν
3598 4705 3693 4762 οὒκ
3733 4703 3875 4781 ἰμά-

2210 4790 2351 4877 om,
2400 4794 2501 4853 κᾶν
2556 4796 2663 4854 ἀπὸ
2719 4804 2812 4855 τοῦ
2864 4803 2953 4854 νῦν
3005 4793 3264 4853 ἀπέλθετε
3307 4797 3397 4854 καὶ
3426 4796 3643 4877 μάθετε,
3675 4793 3756 4871 ὅτι
3780 4797 3878 4853 τὸν

2211 4886 2288 4951 εἰς
2342 4886 2464 4950 τοὺς
2520 4884 2866 4966 ἁμαρτωλοὺς
2942 4883 3092 4943 ἔλεον
3147 4890 3383 4965 προτιμᾷ
3433 4891 3539 4943 τῶν
3595 4888 3788 4943 θυσιῶν
3846 4888 3876 4942 ὁ

2211 4974 2366 5039 Θεός.
2398 4976 2469 5033 Τὸ
2524 4973 2603 5056 δὲ,
2636 4976 2743 5033 Οὐκ
2790 4973 2950 5044 ἦλθον
3003 4971 3223 5031 καλέσαι
3281 4972 3539 5049 δικαίους,
3593 4975 3877 5053 εἰρωνευό-

2208 5086 2369 5141 μενος
2426 5062 2595 5145 λέγει,
2646 5065 2912 5124 τουτέστιν
2983 5066 3118 5141 ὑμᾶς
3176 5065 3298 5130 τοὺς
3352 5062 3708 5145 δικαιοῦνταςῌ
3750 5064 3874 5121 ἑαυο

471 5142 549 5235 tis
577 5145 967 5235 vosmetipsos
997 5166 1019 5208 :
1040 5146 1179 5227 quia
1200 5147 1399 5211 nullus
1416 5142 1731 5213 hominum
1753 5142 1877 5216 erat
1899 5156 2117 5232 justus.

2216 5155 2350 5232 τοὺς,
2404 5142 2518 5212 ὶπεί
2567 5153 2732 5220 οὐδεὶς
2790 5159 2895 5213 τῶν
2941 5154 3228 5235 ἀνθρώπων
3284 5155 3394 5212 ἑστὶ
3421 5152 3645 5219 δίκαιος.
3679 5143 3873 5213 Ἦλθον

472 5230 651 5295 Venit
678 5232 863 5313 igitur
895 5252 1101 5327 vocare
1157 5247 1527 5327 peccatores,
1566 5258 1687 5303 non
1722 5249 1789 5303 ut
1844 5230 2124 5307 maneant

2216 5248 2295 5307 35v
2337 5230 2578 5303 καλέσαι
2608 5244 2982 5327 ἁμαρτωλοὺς,
3036 5230 3148 5326 οὐχ
3201 5245 3293 5303 ἵνα
3336 5245 3585 5321 μείνωσιν
3617 5244 3872 5326 ἀμαρτω-

470 5333 840 5407 peccatores,
865 5325 970 5387 sed
1003 5334 1068 5388 ut
1093 5325 1467 5409 resipiscant.

2208 5336 2317 5418 λοὶ,
2351 5334 2472 5393 ἀλλ’
2505 5334 2596 5393 ’ίνα
2626 5336 3023 5413 μετανοήσωσι.

551 5494 628 5575 (a)
663 5492 819 5559 Edit.
846 5494 984 5559 Lut.
1024 5494 1283 5561 Videant
1309 5499 1696 5579 miraculum,
1739 5507 2079 5589 maximum
2112 5506 2361 5588 quidem
2384 5502 3151 5588 omniumeexistimabant,
3178 5521 3407 5588 purum
3437 5510 3641 5569 tamen
3667 5502 3876 5567 homi-

466 5591 624 5696 Ψ.
