4204 6416
495 336 614 414 238

1469 360 1777 424 THEOPH
1789 361 2064 423 YLACTI
2105 354 2515 420 BULGABI/E
2558 352 2915 418 ARCHIEP.

3762 340 3876 405 236

498 487 585 547 eis
617 486 871 551 faciendi
914 491 1193 551 miracula
1242 492 1547 563 virtutem,
1582 502 1647 553 ut
1696 513 1802 573 per
1848 495 2131 555 miracula

2236 511 2328 554 ες·
2363 489 2538 545 δίδωσι
2596 489 2648 544 δὲ
2702 490 2884 549 αὖτοῖς
2941 490 3003 543 τὸ
3049 491 3491 562 θαυματουργεῖν,
3553 484 3626 541 ὡς
3676 480 3735 573 ᾄν
3792 478 3877 533 διὰ

498 575 557 635 in
585 579 1037 641 admirationem
1066 579 1452 660 adducerent,
1497 590 1553 640 et
1603 584 1787 659 magis
1830 584 2127 662 obtempe-

497 675 697 727 rantes
723 668 1006 728 dectrinze
1038 668 1291 729 habeant
1313 670 1633 731 auditores.

576 752 755 816 Vens.
793 762 849 817 2.
881 781 905 811 α
933 756 1257 817 Duodecim
1288 768 1481 819 autem
1516 762 1916 838 apostolorum
1943 763 2139 822 nomi-

496 860 571 903 na
599 852 734 904 sunt
766 845 925 907 haec:
965 845 1194 907 Primus
1223 848 1430 908 Simon
1466 851 1564 928 qui
1599 850 1821 910 dicitur
1848 850 2141 921 Petrus,et

494 931 762 993 Andreas
781 934 958 995 frater
979 937 1127 1013 ejus.
1143 936 1500 997 :Enumerat
1518 948 1713 999 autem
1741 940 2139 1018 apostolorum

492 1022 1007 1103 nomina,propter
1033 1025 1586 1104 pseudoapostolos.
1622 1030 1925 1106 Prmponit
1947 1038 2140 1089 autem

494 1112 735 1173 Petrum
770 1124 921 1178 (alet
950 1115 1561 1195 Andream,quoniam
1595 1126 1651 1176 et
1686 1118 1939 1196 primum
1976 1127 2147 1178 erant

492 1202 704 1265 vocati.
738 1201 965 1263 Deinde
1022 1223 1249 1282 ponens
1304 1205 1457 1265 filios
1515 1205 1806 1283 Zebedaei,
1857 1209 2145 1287 praeponit

492 1290 778 1352 Jacobum
812 1292 1048 1363 Jowni,
1085 1298 1209 1353 non
1238 1304 1480 1373 propter
1508 1296 2143 1377 dignitatem,sedquia

494 1379 578 1441 ita
610 1380 932 1442 acciderat.
959 1382 1113 1443 Dicit
1147 1382 1326 1460 igitur
1361 1400 1374 1445 :

574 1469 756 1532 VEns.
790 1470 917 1551 3,4.
960 1500 982 1531 α
1013 1468 1268 1533 Jacobus
1289 1470 1560 1533 Zebedaei
1593 1473 1772 1546 ﬁlius,
1801 1486 1857 1534 et
1885 1474 2145 1537 Joannes

492 1557 677 1619 frater
707 1560 860 1639 ejus,
885 1559 1194 1639 Philippus
1226 1569 1282 1620 et
1314 1560 2071 1641 Bartholomzeusﬂhomas
2090 1575 2147 1625 et

490 1644 800 1709 Mattheus
833 1648 1470 1727 publicanus,Jacobus
1506 1652 1748 1730 Alphzei,
1776 1662 1833 1713 et
1866 1653 2148 1715 Lebbaaus

492 1747 883 1823 cognomento
902 1738 1258 1810 Thaddzeus,
1287 1737 1493 1800 Simon
1529 1744 1941 1823 Cananazus,et
1968 1742 2148 1804 Judas

2224 587 2329 635 τῶν
2386 578 2665 647 θαυμάτων
2717 577 3214 652 καταπλήσσοντες,
3282 575 3414 651 πρὸς
3472 574 3569 636 τὴν
3624 567 3877 653 διδασκα-

2226 668 2340 723 λίαν
2371 670 2669 733 πειθηνίους
2702 667 2873 745 ἔχωσι
2900 666 3021 727 τοὺς
3044 664 3329 740 ἀκροατάς,

2308 776 2337 815 α
2401 760 2515 813 Τῶν
2574 754 2626 810 δὲ
2684 744 2884 810 δώδεκα
2954 752 3269 809 ἆποστόλωι
3354 751 3419 806 τὰ
3502 748 3734 821 ὀνόματα
3786 744 3885 799 εἰσὶ

2227 852 2664 923 ταῦτα’Πρῶτος
2718 845 2896 918 Σίμων
2954 845 2980 898 6
3038 841 3323 919 λεγόμενος
3359 839 3577 914 Πέτρος,
3612 837 3695 892 καὶ
3750 834 3883 889 Ἀν-

2229 934 2375 1012 δρέας
2436 936 2463 989 6
2520 933 2742 1015 ἀδελφὸς
2802 934 2975 990 αὖτοῦ.
3018 956 3042 990 ι
3089 929 3378 1007 Καταλέγει
3406 928 3471 983 τὰ
3506 926 3613 982 τῶν
3644 923 3885 980 ἀποστό-

2228 1024 2336 1079 λων
2395 1023 2650 1094 ὁνοματα,
2707 1020 2790 1077 διὰ
2870 1022 2988 1084 τοὺς
3053 1016 3481 1095 ψευδαποστόλου
3520 1063 3532 1077 .
3599 1014 3886 1093 Προτίθησι

2228 1113 2281 1168 δὲ
2336 1112 2530 1191 Πέτρον
2587 1115 2675 1169 καὶ
2706 1109 2973 1190 Ἀνδρέαν,
3010 1107 3147 1165 διότι
3196 1111 3285 1163 καὶ
3314 1103 3707 1184 πρῶτόκλητοι.
3745 1101 3889 1158 Εἶτα

2227 1204 2345 1265 τοὺς
2400 1190 2492 1258 τοῦ
2550 1199 2842 1257 Ζεϐεδαίου*
2904 1200 3182 1279 προτάττει
3237 1197 3290 1253 δὲ
3348 1198 3439 1251 τὸν
3498 1190 3747 1251 Ἰάκωϐον
3791 1197 3891 1245 τοῦ

2229 1291 2490 1349 Ἰωάννου“
2542 1293 2601 1346 οὗ
2644 1291 2743 1367 γὰρ
2803 1290 2938 1345 κατὰ
2986 1288 3084 1354 τὴν
3114 1286 3283 1364 ἀξίαν,
3334 1283 3451 1340 ἀλλ’
3514 1282 3695 1344 ἁπλῶς
3746 1280 3890 1336 κατὰ

2224 1382 2286 1433 τὸ
2313 1381 2618 1458 παραπεσὸν
2644 1377 2928 1455 καταλέγει
2958 1377 3195 1438 τούτους.
3227 1376 3369 1442 Φητὶ
3399 1374 3546 1451 γοῦν·

2314 1491 2342 1522 α
2391 1453 2659 1533 ⁷Ἰάκωϐος
2710 1469 2736 1523 6
2788 1453 2880 1524 τού
2936 1462 3231 1545 Ζεϐεδαίου,
3263 1465 3351 1521 καὶ
3376 1459 3632 1527 Ἰωάννης
3666 1461 3693 1514 ὁ
3721 1453 3890 1512 ἀδελ-

2228 1559 2324 1636 φὸς
2382 1558 2560 1633 αὑτοῦ,
2611 1559 2876 1622 Φίλιππος
2927 1558 3013 1612 καὶ
3072 1554 3492 1630 Βαρθολομαῖος,
3549 1554 3740 1624 Θωμᾶς
3795 1548 3891 1601 καὶ

2232 1649 2501 1710 Ματθαῖος
2560 1648 2587 1703 6
2639 1646 2900 1726 τελώνης,
2960 1643 3213 1709 Ἰάκωϐος
3273 1644 3302 1701 6
3355 1650 3447 1699 τοῦ
3476 1638 3750 1719 Ἀλφαίου,
3795 1637 3890 1691 καὶ

2236 1733 2495 1800 Λεϐϐαῖος
2555 1738 2583 1792 6
2638 1736 2937 1804 ὲπικληθεῖς
2971 1734 3253 1813 Θαδδαῖος,
3287 1735 3467 1808 Σίμων
3496 1732 3524 1787 6
3557 1727 3909 1795 Κανανίτης,’

489 1822 959 1907 Ιεςπὶοιοδ,ιίιιιί
995 1838 1054 1889 et
1087 1826 1324 1888 tradidit
1357 1828 1548 1889 illum.
1586 1856 1610 1884 ι›
1650 1829 1801 1892 Vide
1847 1816 2144 1893 humilita-

2236 1827 2320 1881 καὶ
2381 1823 2575 1887 Ἰούδας
2635 1826 2977 1905 Ἰσκαριώτης
3036 1827 3063 1881 6
3122 1827 3209 1881 καί
3267 1820 3528 1901 παραδοὺς
3608 1816 3781 1874 αὐτόν.
3853 1838 3885 1868 ι

492 1924 609 1976 tem
642 1918 915 1997 Matthaei,
941 1917 1240 1998 quomodo
1260 1936 1324 1978 se
1356 1927 1484 1996 post
1517 1918 1808 1979 Thomam
1834 1921 2143 1982 ordinarit.

488 2004 576 2065 Ad
599 2006 808 2067 ludam
836 2018 1036 2068 autem
1072 2025 1206 2067 cum
1231 2008 1516 2087 venisset,
1551 2028 1667 2069 non
1708 2009 1868 2072 dixit:
1890 2012 2152 2072 l’ollutus

486 2093 898 2174 ille,inimicus
928 2096 1026 2157 ille
1058 2096 1301 2176 Dei,sed
1337 2097 1679 2159 lscariotem
1707 2098 1873 2159 illum
1906 2119 1937 2160 a
1969 2103 2151 2178 patria

487 2183 827 2244 nominavit.
864 2184 1001 2246 Erat
1032 2186 1192 2247 enim
1248 2194 1306 2245 et
1352 2188 1503 2246 alius
1532 2186 1737 2257 Judas,
1772 2188 1870 2267 qui
1905 2198 1962 2249 et
1995 2189 2144 2251 Leb-

487 2270 649 2332 bteus
675 2281 733 2333 et
761 2271 1094 2335 Tbaddaeus
1137 2274 1468 2336 dicebatur.
1511 2278 1636 2338 Duo
1680 2276 1863 2353 igitur
1915 2278 2143 2338 Jocobi.

487 2379 703 2440 nempe
726 2381 878 2423 unus
908 2364 1204 2443 Zebedaei,
1230 2364 1377 2424 alter
1408 2364 1631 2442 Alphaoi
1664 2383 1675 2426 :
1704 2375 1761 2425 et
1790 2366 1909 2425 duo
1958 2368 2143 2439 Judm,

481 2447 816 2511 Thaddaeus
848 2470 1022 2521 unus,
1060 2461 1118 2513 et
1147 2453 1295 2513 alter
1329 2454 1598 2532 proditor
1656 2453 1805 2515 Tres
1833 2466 2029 2516 autem
2054 2456 2145 2518 Si-

484 2556 715 2614 mones,
750 2540 980 2600 scilicet
1030 2540 1258 2615 Petrus,
1292 2551 1348 2601 et
1374 2546 1721 2609 Cananzeus.
1751 2552 1807 2604 et
1854 2544 2141 2623 proditor.

484 2627 689 2689 Simon
722 2629 880 2690 enim
904 2631 1083 2691 Judas
1116 2630 1423 2693 lscariotes
1448 2633 1537 2690 47
1570 2632 1897 2693 dicebatur.

538 2718 752 2781 er-ZRS.
804 2721 927 2781 5-7.
997 2743 1017 2775 ι
1056 2719 1175 2782 Hos
1228 2721 1544 2782 duodecim
1597 2722 1794 2782 emisit
1841 2721 2038 2793 Jesns,
2090 2732 2146 2784 et

2238 1912 2362 1974 ’Ίδε
2422 1917 2732 1972 ταπείνωσιν
2781 1926 2872 1975 τοῦ
2950 1915 3233 1987 Ματθαίου,
3285 1911 3399 1975 πῶς
3491 1908 3675 1965 ἑαυτὸν
3748 1905 3892 1982 μετὰ

2234 2008 2325 2060 τὸν
2388 2011 2583 2087 Θωμᾶν
2638 2005 2839 2071 ἔταξεν.
2905 2005 3026 2062 Ἐπὶ
3074 2002 3125 2059 δὲ
3176 2005 3266 2059 τὶν
3299 1999 3495 2059 Ἰούδαν
3546 1998 3735 2069 ελθὼν,
3791 1997 3896 2051 οὒκ

2235 2108 2386 2149 εἴπεν
2414 2085 2419 2087 η
2444 2096 2471 2150 6
2534 2098 2747 2174 μιαρὸς,
2779 2096 2807 2151 6
2854 2098 2948 2153 τοῦ
2977 2102 3107 2153 Θεοῦ
3138 2092 3354 2172 ἐχθρὸς,
3386 2086 3505 2145 ἀλλ’
3537 2085 3894 2165 Ἰσκαριώτην

2237 2182 2391 2239 αὐτὸν
2464 2183 2568 2240 ἀπὸ
2647 2173 2745 2252 τῆς
2803 2182 3048 2255 πατρίδος
3137 2183 3433 2257 ὠνόμασεν.
3496 2173 3593 2235 Ἦν
3645 2176 3744 2253 γὰρ
3796 2175 3893 2229 καί

2233 2273 2407 2351 ἕτερος
2472 2264 2691 2349 Ἰούδας,
2747 2276 2775 2331 ό
2830 2278 2917 2331 καὶ
2972 2270 3232 2334 Λεϐϐαῖος
3292 2269 3388 2327 καί
3432 2266 3691 2329 Θαδδαῖος
3785 2265 3896 2320 Δύο

2232 2364 2401 2419 τοίνυν
2464 2360 2729 2443 Ἰακωϐοι,
2785 2365 2813 2420 ὁ
2866 2374 2959 2422 τοῦ
3006 2360 3300 2435 Ζεϐεδαίου,
3358 2361 3447 2414 καὶ
3512 2358 3540 2413 ὁ
3590 2363 3682 2413 τοῦ
3752 2352 3893 2411 Ἀλ-

2233 2454 2406 2531 φαίου,
2462 2456 2549 2509 καὶ
2601 2451 2689 2509 δύο
2718 2442 2723 2443 ⁷
2748 2452 2957 2525 Ἰοῦδαι,
3014 2454 3041 2508 6
3102 2449 3386 2527 Θαδδαῖος,
3415 2448 3504 2505 καὶ
3534 2448 3562 2501 ὀ
3592 2442 3887 2523 προδότης.

2238 2543 2333 2598 Καὶ
2389 2555 2533 2621 τρεῖς
2593 2544 2853 2621 Σίμωνες,
2912 2544 2940 2598 6
2977 2542 3195 2619 Πέτρος,
3247 2540 3274 2594 6
3333 2537 3652 2607 Κανανίτης,
3712 2534 3801 2589 καὶ
3862 2534 3894 2587 ὁ

2231 2627 2517 2707 προδότης,
2550 2632 2728 2707 Σίμων
2760 2633 2858 2709 γὰρ
2881 2628 3076 2693 Ἰούδας
3110 2629 3448 2705 Ἰσκαριώτης
3479 2624 3720 2702 ὶλέγετο.

2316 2741 2337 2775 ιι
2376 2721 2598 2786 Τούτους
2650 2725 2770 2785 τοὺς
2829 2719 3030 2776 δώδεκα
3087 2716 3393 2775 ἀπέστειλεν
3417 2717 3445 2772 6
3479 2716 3707 2786 Ἰησοῦς,
3742 2735 3889 2791 παρ-

490 2808 771 2887 praecepit
800 2808 909 2880 eis,
945 2810 1149 2869 dicens
1187 2809 1289 2871 :In
1326 2810 1477 2871 viam
1512 2811 1777 2887 gentium
1816 2831 1888 2871 ne
1920 2811 2142 2873 abieri-

2236 2806 2478 2886 αγγείλας
2528 2811 2733 2889 αὖτοῖς,
2782 2808 2973 2888 λέγων’
3032 2809 3119 2873 Εἷς
3176 2804 3295 2864 ὁδὸν
3358 2804 3518 2862 ἐθνῶν
3576 2803 3655 2877 μὴ
3712 2801 3891 2858 ἀπέλ-

489 2896 599 2977 tis,‘
624 2898 758 2957 etin
791 2899 1082 2959 civitatem
1117 2898 1621 2961 Samaritanorum
1655 2918 1727 2960 ne
1766 2901 2144 2978 ingrediami—

2236 2904 2373 2976 )ητε,
2434 2899 2521 2954 καὶ
2579 2901 2650 2961 εἷς
2708 2898 2863 2955 πόλιν
2896 2903 3244 2977 Σαμαρειτῶν
3292 2896 3371 2971 μὴ
3427 2892 3717 2959 εἰσέλθητε·
3778 2913 3889 2948 πο-

490 2984 718 3048 niz‘sed
773 2988 851 3049 ite
885 2999 1074 3066 potius
1104 2990 1173 3049 all
1211 3009 1347 3049 ovcs
1386 2990 1651 3067 perditas
1682 2990 1897 3049 domus
1935 2992 2136 3052 lsrael.

2236 2990 2430 3065 ρεύεσθε
2494 2986 2549 3043 δὲ
2608 2987 2813 3062 μᾶλλον
2868 2989 2998 3066 πρὸς
3048 2988 3113 3043 τὰ
3154 2983 3392 3066 πρόϐατα
3450 2985 3517 3040 τὰ
3564 2980 3889 3039 ἀπολωλότα

488 3056 938 3137 Proficiscentes
969 3088 1160 3138 autem
1191 3056 1817 3157 prmdibateﬁicentes
1852 3102 1863 3136 :
1898 3081 2139 3159 Appro-

2236 3056 2383 3135 οἴκου
2424 3056 2659 3156 Ἰσραήλ.
2723 3056 3073 3156 Πορευόμενοι
3146 3056 3207 3131 δὲ·
3253 3076 3567 3153 κηρύσσετε,
3608 3070 3883 3150 λέγοντες,

492 3164 1051 3245 pinquavitregnum
1085 3169 1392 3229 ccelorum.
1424 3196 1444 3224 ι
1484 3168 1620 3239 Hos,
1650 3168 1856 3247 quales
1878 3168 1907 3220 ⁸)
1942 3168 2143 3230 Pisca-

2236 3163 2311 3220 ὅτι
2346 3166 2624 3245 ”Ηγγικεν
2675 3168 2710 3235 ἡ
2762 3164 3004 3243 βασιλεία
3061 3172 3169 3222 τῶν
3226 3166 3478 3245 οὐρανῶν.
3543 3185 3565 3219 ι
3631 3161 3874 3221 Τούτους·

493 3261 669 3328 tores,
708 3256 995 3334 vulgares,
1038 3258 1407 3337 publicanos.
1472 3256 1732 3319 Primum
1792 3266 1987 3318 autem
2043 3279 2144 3319 eos

2236 3262 2461 3330 ποίουςῖ,
2524 3257 2656 3330 Τοὺς
2707 3254 2908 3329 ἁλιεῖς,
2975 3258 3096 3319 τοὺς
3153 3253 3391 3329 ἰδιώτας,
3450 3255 3572 3316 τοὺς
3622 3249 3869 3311 τελώνας,

492 3344 655 3405 misit
674 3345 746 3405 ad
783 3343 1044 3417 Judaeos,
1098 3368 1171 3408 ne
1213 3348 1414 3408 dicere
1448 3356 1669 3427 queant
1701 3368 1711 3404 :
1742 3346 2033 3418 Quoniam
2071 3350 2140 3409 ad

2236 3345 2652 3422 Προηγουμένως
2712 3346 2767 3402 δὲ
2826 3360 2944 3411 τοῖς
3012 3344 3279 3406 Ἰουδαίοις
3334 3338 3884 3417 ἂποστέλλειαύτοῦς,

490 3427 737 3512 gentiles
769 3434 934 3496 missi
965 3436 1222 3507 fuerunt,
1256 3437 1477 3499 idCiI‘CU
1503 3456 1610 3497 nos
1633 3434 1823 3497 Judaei
1854 3438 1993 3515 jure
2027 3458 2142 3499 non

2236 3430 2319 3489 ίνα
2380 3438 2457 3509 μὴ
2516 3434 2694 3515 ἔχωσι
2742 3435 2917 3515 λέγειν
2943 3435 3023 3491 ὅτι
3054 3436 3187 3512 πρὸς
3235 3436 3355 3499 τοὺς
3387 3432 3623 3496 ἐθνικοὺς
3653 3429 3890 3485 ἀπεστά-

490 3524 875 3587 credidimus.
909 3527 1181 3587 Destituit
1215 3528 1387 3603 igitur
1417 3528 1648 3587 .ludaeos
1682 3526 1842 3585 omni
1895 3545 2142 3588 exc-usa-

2236 3522 2421 3596 λησαν,
2485 3526 2571 3581 καὶ
2628 3524 2711 3583 διὰ
2769 3532 2923 3582 τοῦτο
2952 3528 3116 3601 ἡμεῖς
3147 3526 3194 3580 οἱ
3231 3522 3484 3582 Ἰουδαῖοι
3518 3524 3611 3579 οὐκ
3649 3518 3896 3576 ἐπιστεύ-

494 3611 675 3675 tione.
727 3615 1041 3692 Conjungit
1088 3626 1287 3675 autem
1346 3614 1749 3674 Samaritanus
1792 3615 2141 3693 gentilibus.

493 3702 768 3780 quoniam
804 3704 1109 3782 Babylonii
1133 3713 1320 3774 erant,
1358 3716 1412 3763 et
1447 3705 1503 3763 in
1549 3704 1748 3763 Judaza
1783 3704 2145 3766 domicilium

492 3789 809 3861 habebant,
830 3793 1280 3871 ‘prophetasque
1309 3813 1423 3852 non
1457 3793 1847 3871 recipiebant,
1886 3794 1988 3853 sed
2028 3810 2150 3856 lan-

496 3880 802 3939 tummodo
845 3880 1104 3960 quinque
1152 3882 1336 3941 Ilbl‘OS
1372 3881 1603 3961 Moysis.
1658 3886 1845 3941 l’mro
1898 3902 2001 3961 per
2047 3903 2147 3945 re-

495 3972 673 4045 gnum
727 3969 1035 4043 caelorum,
1081 3970 1409 4030 futurorum
1461 3971 1722 4048 intelltge
1780 3970 2145 4035 fruitionem.

494 4058 698 4117 Armat
718 4066 914 4118 autem
947 4077 1050 4119 eos
1081 4059 1406 4133 miraculis,
1444 4059 1652 4120 dicens
1682 4081 1694 4120 :

517 4263 543 4270 θ’
576 4233 759 4298 VEns.
791 4238 850 4300 7.
895 4262 916 4292 ι
954 4239 1223 4299 lnfirmos
1255 4248 1476 4312 sanate,
1522 4240 1791 4318 leprosos
1837 4239 2143 4315 mundata,

495 4322 796 4387 daemones
841 4327 1061 4405 ejicite.
1092 4328 1282 4390 Gratis
1324 4329 1658 4407 accepistis,
1707 4328 1887 4406 gratis
1918 4331 2073 4390 date.
2118 4354 2139 4385 υ

493 4408 651 4474 Nihil
683 4425 796 4475 tam
830 4416 1002 4477 decet
1036 4418 1363 4491 doctorem,
1397 4438 1568 4497 quam
1626 4418 1929 4477 humilitas
1963 4426 2019 4477 et
2050 4419 2144 4478 di-

490 4502 761 4564 vitiarum
790 4515 1186 4585 contemptus.
1221 4505 1346 4567 Duo
1380 4509 1557 4584 igitur
1590 4508 1715 4567 haec
1750 4507 1861 4566 hoc
1895 4507 2022 4566 loco
2046 4507 2118 4565 do

490 4601 606 4671 cet,
658 4594 916 4657 dicens:
975 4596 1169 4657 (iratis
1226 4598 1557 4675 accepistis,
1610 4615 1682 4656 ne
1740 4595 2144 4676 superbirent,

491 4678 645 4760 quod
683 4683 818 4743 t’alia
841 4684 998 4745 dona
1023 4694 1079 4743 et
1110 4684 1398 4744 haberent
1430 4694 1489 4745 et
1515 4686 1746 4747 darent.
1766 4685 1960 4745 Gratis
1988 4686 2146 4745 enim

490 4779 548 4831 et
580 4790 687 4851 per
712 4774 956 4850 gratiam
995 4774 1130 4835 talia
1156 4774 1499 4853 accepistis,
1537 4774 1641 4835 sed
1675 4793 1807 4833 cum
1838 4774 2146 4836 humilita-

491 4866 547 4919 te
584 4869 640 4920 et
669 4861 1007 4925 divitiarum
1036 4868 1227 4926 estote
1257 4861 1933 4943 contemptoresGi-atis
1959 4863 2140 4933 enim,

488 4952 699 5027 inquit,
731 4951 886 5013 date.
916 4952 986 5014 Et
1018 4960 1083 5015 ut
1104 4953 1430 5031 perfectius
1464 4953 1749 5013 malorum
1785 4951 2029 5013 omnino
2059 4971 2146 5013 ra-

489 5035 589 5098 dix
626 5039 973 5120 exlirpetur,
1012 5043 1243 5121 inquit:

511 5164 520 5173 -
569 5124 817 5203 VEltS.9,
835 5131 923 5193 ιΟ.
941 5130 1098 5192 σΝοη
1120 5133 1469 5210 possidentis
1485 5149 1921 5211 aurum,neque
1945 5150 2158 5209 argen—

488 5224 935 5298 tum,nequeaas
968 5220 1025 5280 in
1058 5222 1222 5281 zonis
1244 5222 1684 5301 vestrisneque
1705 5239 1903 5299 peram
1922 5222 1991 5281 ad
2014 5222 2147 5284 iter.

488 5323 685 5386 neque
706 5307 853 5369 duas
872 5310 1337 5390 tunicas,neque
1360 5311 1767 5373 calceamenta
1783 5328 1998 5389 ,neque
2030 5311 2150 5371 vir-

483 5397 862 5477 gam:dignus
878 5400 1035 5461 enim
1058 5410 1147 5462 est
1164 5402 1471 5481 operarius
1487 5420 1593 5461 suo
1609 5402 1760 5463 cibo.
1776 5426 1800 5454 »
1812 5400 2016 5477 Magno
2032 5410 2156 5461 stu-

566 5565 653 5646 (a)
690 5565 939 5653 Videtur
961 5570 1057 5632 hic
1080 5572 1376 5634 interesse
1419 5571 1789 5653 Teophilacti
1828 5570 2141 5653 primatum

477 5643 643 5711 inter
663 5649 966 5729 apostolos
991 5653 1168 5717 Petro
1185 5643 1705 5728 concederefcum
1724 5643 1861 5715 vere
1879 5651 2141 5731 dignita-

2174 4381 2215 4429 D

2232 3633 2421 3684 σαμεν.
2506 3612 2957 3694 Ἀπροφασίστους
3042 3614 3134 3671 οὖν
3209 3613 3333 3676 τούς
3385 3609 3661 3673 Ἰουδαίους
3720 3621 3893 3665 ποιεῖ.

2234 3701 2493 3758 Συνάπτει
2542 3701 2596 3759 δὲ
2649 3706 2796 3768 τοὺς.
2899 3710 3239 3783 Σαμαρειτας
3290 3715 3412 3766 τοῖς
3473 3701 3723 3777 ἔθνικοτς,
3782 3698 3902 3754 ἐπεὶ

2238 3787 2558 3849 Βαϐυλώιιοι
2635 3792 2795 3855 ὃντες
2862 3794 3190 3867 κατῴκησαν
3281 3792 3382 3859 τὴν
3456 3787 3732 3867 Ἰουδαίαν,
3810 3788 3902 3842 καὶ

2235 3878 2348 3937 οὐδὲ
2406 3884 2526 3944 τους
2586 3885 2861 3963 προφήτας
2922 3881 3197 3963 ἐδέχοντο,
3260 3880 3396 3961 αλλὰ
3439 3880 3575 3953 μόνα
3618 3880 3683 3935 τὰ
3733 3878 3893 3935 πέντε

2234 3977 2324 4025 τοῦ
2384 3977 2618 4049 Μωσρως
2661 3969 2856 4048 βιϐλία·
2920 3971 3193 4047 βασιλείαν
3242 3969 3297 4027 δὲ
3351 3971 3610 4048 οὐρανῶν,
3654 3970 3742 4025 καὶ
3790 3968 3895 4034 τὴν

2234 4057 2529 4133 μέλλουσαν
2578 4060 2870 4118 ἀπόλαυσιν
2935 4061 3067 4124 νόει,
3106 4053 3342 4131 Ὀπλίζει
3403 4057 3457 4115 δὲ
3530 4059 3717 4121 αὐτοὺς
3774 4069 3896 4122 τοῖς

2136 4158 2141 4161 ’
2232 4150 2481 4230 θαύμασι,
2518 4151 2713 4229 λέγων’

2320 4258 2349 4298 (
2433 4240 2806 4305 Ἀσθενοῦντας
2873 4242 3207 4320 θεραπεύετε,
3282 4239 3505 4320 λεπρούς
3562 4236 3890 4317 καθαρίζετε,

2232 4326 2475 4403 δαιμόνια
2506 4328 2813 4392 ἐκϐάλλετε.
2871 4332 3083 4410 Δωρεαν
3133 4326 3373 4409 ἐλάϐετε,
3408 4326 3606 4406 δωρεὰν
3663 4325 3803 4386 δότε.
3857 4350 3888 4382 ι

2235 4415 2391 4494 Οὒδξν
2446 4421 2613 4484 οὕτως
2663 4420 2877 4496 ἁρμόζει
2926 4427 3003 4494 τῷ
3059 4416 3382 4498 διδασκάλῳ,
3436 4420 3513 4481 ὡς
3571 4418 3890 4480 ταπείνωσις

2234 4507 2319 4561 καὶ
2374 4506 2767 4583 ἆκτημοσύνηι
2814 4511 2890 4568 Τὰ
2919 4507 3007 4565 δύο
3059 4510 3230 4566 τοίνυν
3287 4515 3452 4565 ταῦτα
3500 4507 3718 4564 ἐνταῦθα
3777 4504 3891 4563 διί-

2233 4616 2402 4677 κνυσι,
2450 4599 2658 4677 Δωρεὰηρ
2683 4596 2923 4671 ἐλάϐετε,
2956 4597 3152 4677 λέγων·
3189 4600 3267 4673 μὴ
3308 4600 3408 4676 γὰρ
3436 4595 3886 4677 ὑψηλοφρονεῖτε,

2235 4686 2305 4750 ὼς
2355 4686 2574 4745 τοιαῦτα
2628 4687 2799 4766 ἀγαθὰ
2831 4686 3051 4768 ἔχοντες
3111 4689 3198 4744 καὶ
3250 4685 3505 4750 διδόντες.
3553 4688 3763 4765 Δωρεὰν
3791 4687 3895 4764 γὰρ

2232 4777 2317 4830 καὶ
2376 4776 2559 4855 χάριτι
2614 4784 2779 4834 ταῦτα
2828 4776 3008 4857 ἔχετε,
3065 4775 3203 4833 ἀλλὰ
3260 4777 3352 4833 σὺν
3399 4782 3476 4851 τῷ
3532 4797 3888 4854 ταπεινοφρο-

2232 4876 2369 4943 νεῖν,
2424 4865 2513 4920 καὶ
2565 4864 3001 4946 ἀφιλοχρὴματοι
3066 4866 3299 4947 γένεσθε.
3343 4866 3556 4945 Δωρξὰν
3584 4867 3709 4945 γὰρ,
3740 4867 3899 4945 φησὶ,

2232 4950 2369 5011 δότε.
2432 4953 2758 5034 Τελεώτερον
2809 4955 2863 5013 δὲ
2915 4958 3167 5015 ἀνασπῶν
3224 4958 3321 5027 τὴν
3377 4956 3519 5032 ῥίζαν
3548 4956 3761 5013 πάντων
3787 4960 3898 5012 τῶν

2239 5050 2440 5115 κακῶν,
2473 5047 2652 5123 φησίν·

2327 5156 2351 5188 ι
2413 5135 2499 5202 Μὴ
2549 5137 2817 5205 κτήσησθε
2875 5139 3099 5217 χρυσὸν,
3134 5135 3270 5211 μηδὲ
3310 5136 3552 5217 ἄργυρον,
3591 5133 3727 5212 μηδὲ
3760 5134 3902 5215 χαλε

2238 5224 2329 5277 κον
2389 5224 2459 5289 είς
2517 5226 2611 5286 τὰς
2654 5226 2824 5296 ζώνας
2880 5229 3051 5307 ὑμῶν,
3111 5228 3189 5302 μὴ
3241 5228 3417 5304 πήραν
3467 5227 3541 5289 είς
3566 5225 3711 5305 όδὸν,
3756 5222 3892 5299 μηδέ

2236 5310 2324 5367 δύο
2378 5320 2636 5392 χιτῶνας,
2689 5314 2825 5389 μηδὲ
2884 5314 3223 5391 ὑπσδήματα,
3259 5314 3395 5390 μηδὲ
3440 5312 3678 5393 ῥάϐδοδς,
3746 5312 3883 5377 ἄξιος

2235 5402 2336 5477 γὰρ
2385 5404 2413 5458 6
2478 5404 2707 5483 ἐργάτης
2767 5411 2865 5471 τῆς
2894 5410 3092 5485 τροφῆς
3123 5405 3280 5461 αὑτοῦ
3303 5403 3467 5468 ἐστιν,
3509 5426 3531 5460 ι
3572 5405 3654 5467 Εἰς
3713 5404 3886 5461 πᾶσαν

2230 5582 2347 5633 tem
2380 5573 2673 5636 absolute.
2701 5593 2815 5637 non
2870 5574 3240 5637 vocationem
3295 5582 3635 5655 spectarent
3666 5571 3893 5654 ubique

2227 5655 2621 5732 evangelista.
