  <div class='ocr_page' id='page_1' title='image "/cluster/home/n/w/nwhite01/storage/ocr_20150623/123:no.1/coo.31924054870286/127.png"; bbox 0 0 4204 6424; ppageno 0'>
   <div class='ocr_carea' id='block_1_1' title="bbox 474 371 594 439">
    <p class='ocr_par' dir='ltr' id='par_1_1' title="bbox 474 371 594 439">
     <span class='ocr_line' id='line_1_1' title="bbox 474 371 594 439; baseline -0.017 0"><span class='ocrx_word' id='word_1_1' title='bbox 474 371 594 439; x_wconf 80' lang='lat'>239</span> 
     </span>
    </p>
   </div>
   <div class='ocr_carea' id='block_1_2' title="bbox 1447 358 2890 430">
    <p class='ocr_par' dir='ltr' id='par_1_2' title="bbox 1447 358 2890 430">
     <span class='ocr_line' id='line_1_2' title="bbox 1447 358 2890 430; baseline -0.004 0"><span class='ocrx_word' id='word_1_2' title='bbox 1447 362 2036 430; x_wconf 82' lang='lat' dir='ltr'>THEOPAYLACTI</span> <span class='ocrx_word' id='word_1_3' title='bbox 2079 358 2487 424; x_wconf 60' lang='lat' dir='ltr'>BULGARME</span> <span class='ocrx_word' id='word_1_4' title='bbox 2532 359 2890 425; x_wconf 79' lang='lat' dir='ltr'>ARCHIEP.</span> 
     </span>
    </p>
   </div>
   <div class='ocr_carea' id='block_1_3' title="bbox 3748 358 3864 423">
    <p class='ocr_par' dir='ltr' id='par_1_3' title="bbox 3748 358 3864 423">
     <span class='ocr_line' id='line_1_3' title="bbox 3748 358 3864 423; baseline -0.009 0"><span class='ocrx_word' id='word_1_5' title='bbox 3748 358 3864 423; x_wconf 74' lang='grc'>240</span> 
     </span>
    </p>
   </div>
   <div class='ocr_carea' id='block_1_4' title="bbox 475 479 2115 570">
    <p class='ocr_par' dir='ltr' id='par_1_4' title="bbox 475 479 2115 570">
     <span class='ocr_line' id='line_1_4' title="bbox 475 479 2115 570; baseline -0.006 -19"><span class='ocrx_word' id='word_1_6' title='bbox 475 506 726 570; x_wconf 82' lang='lat' dir='ltr'>serpens</span> <span class='ocrx_word' id='word_1_7' title='bbox 755 488 816 549; x_wconf 90' lang='lat' dir='ltr'>in</span> <span class='ocrx_word' id='word_1_8' title='bbox 847 492 1097 565; x_wconf 82' lang='lat' dir='ltr'>augusto</span> <span class='ocrx_word' id='word_1_9' title='bbox 1130 483 1383 564; x_wconf 86' lang='lat' dir='ltr'>quodam</span> <span class='ocrx_word' id='word_1_10' title='bbox 1406 479 1697 542; x_wconf 89' lang='lat' dir='ltr'>foramine</span> <span class='ocrx_word' id='word_1_11' title='bbox 1714 479 2115 570; x_wconf 83' lang='lat' dir='ltr'>circumstrin-</span> 
     </span>
    </p>
   </div>
   <div class='ocr_carea' id='block_1_5' title="bbox 2206 479 3860 570">
    <p class='ocr_par' dir='ltr' id='par_1_5' title="bbox 2206 479 3860 563">
     <span class='ocr_line' id='line_1_5' title="bbox 2206 479 3860 563; baseline 0.001 -28"><span class='ocrx_word' id='word_1_12' title='bbox 2206 482 2289 535; x_wconf 86' lang='grc' dir='ltr'>καὶ</span> <span class='ocrx_word' id='word_1_13' title='bbox 2344 479 2772 563; x_wconf 79' lang='grc' dir='ltr'>διεξερχόμενος,</span> <span class='ocrx_word' id='word_1_14' title='bbox 2806 482 3087 540; x_wconf 82' lang='grc' dir='ltr'>ἀποδύεται</span> <span class='ocrx_word' id='word_1_15' title='bbox 3119 485 3181 540; x_wconf 83' lang='grc' dir='ltr'>τὸ</span> <span class='ocrx_word' id='word_1_16' title='bbox 3222 486 3452 541; x_wconf 81' lang='grc' dir='ltr'>παλαιὸν</span> <span class='ocrx_word' id='word_1_17' title='bbox 3499 482 3685 562; x_wconf 82' lang='grc' dir='ltr'>δέρμα,</span> <span class='ocrx_word' id='word_1_18' title='bbox 3721 482 3860 538; x_wconf 70' lang='grc' dir='ltr'>οὕτω</span> 
     </span>
    </p>
   </div>
   <div class='ocr_carea' id='block_1_6' title="bbox 475 568 2120 657">
    <p class='ocr_par' dir='ltr' id='par_1_6' title="bbox 475 568 2120 657">
     <span class='ocr_line' id='line_1_6' title="bbox 475 568 2120 657; baseline -0.006 -17"><span class='ocrx_word' id='word_1_19' title='bbox 475 578 558 657; x_wconf 79' lang='lat' dir='ltr'>git</span> <span class='ocrx_word' id='word_1_20' title='bbox 582 568 681 653; x_wconf 82' lang='lat' dir='ltr'>se,</span> <span class='ocrx_word' id='word_1_21' title='bbox 715 588 775 639; x_wconf 88' lang='lat' dir='ltr'>et</span> <span class='ocrx_word' id='word_1_22' title='bbox 805 574 1099 637; x_wconf 90' lang='lat' dir='ltr'>transiens</span> <span class='ocrx_word' id='word_1_23' title='bbox 1132 572 1346 653; x_wconf 88' lang='lat' dir='ltr'>pellem</span> <span class='ocrx_word' id='word_1_24' title='bbox 1378 578 1636 631; x_wconf 84' lang='lat' dir='ltr'>veterem</span> <span class='ocrx_word' id='word_1_25' title='bbox 1680 568 1964 647; x_wconf 83' lang='lat' dir='ltr'>exspoliat</span> <span class='ocrx_word' id='word_1_26' title='bbox 1991 592 2003 633; x_wconf 91' lang='lat'><strong>:</strong></span> <span class='ocrx_word' id='word_1_27' title='bbox 2041 572 2120 631; x_wconf 89' lang='lat' dir='ltr'>ita</span> 
     </span>
    </p>
   </div>
   <div class='ocr_carea' id='block_1_7' title="bbox 475 659 2117 747">
    <p class='ocr_par' dir='ltr' id='par_1_7' title="bbox 475 659 2117 747">
     <span class='ocr_line' id='line_1_7' title="bbox 475 659 2117 747; baseline -0.005 -18"><span class='ocrx_word' id='word_1_28' title='bbox 475 674 537 730; x_wconf 88' lang='lat' dir='ltr'>et</span> <span class='ocrx_word' id='word_1_29' title='bbox 567 687 674 729; x_wconf 93' lang='lat' dir='ltr'>nos</span> <span class='ocrx_word' id='word_1_30' title='bbox 705 685 811 747; x_wconf 92' lang='lat' dir='ltr'>per</span> <span class='ocrx_word' id='word_1_31' title='bbox 838 669 1146 742; x_wconf 82' lang='lat' dir='ltr'>angustam</span> <span class='ocrx_word' id='word_1_32' title='bbox 1179 662 1329 722; x_wconf 87' lang='lat' dir='ltr'>viam</span> <span class='ocrx_word' id='word_1_33' title='bbox 1362 659 1734 731; x_wconf 80' lang='lat' dir='ltr'>incedamus,</span> <span class='ocrx_word' id='word_1_34' title='bbox 1777 667 2117 720; x_wconf 86' lang='lat' dir='ltr'>utvelerem</span> 
     </span>
    </p>
   </div>
   <div class='ocr_carea' id='block_1_8' title="bbox 474 747 2118 828">
    <p class='ocr_par' dir='ltr' id='par_1_8' title="bbox 474 747 2118 828">
     <span class='ocr_line' id='line_1_8' title="bbox 474 747 2118 828; baseline -0.006 -8"><span class='ocrx_word' id='word_1_35' title='bbox 474 775 759 821; x_wconf 80' lang='lat' dir='ltr'>exuamus</span> <span class='ocrx_word' id='word_1_36' title='bbox 803 754 1132 816; x_wconf 89' lang='lat' dir='ltr'>hominem.</span> <span class='ocrx_word' id='word_1_37' title='bbox 1166 749 1590 811; x_wconf 80' lang='lat' dir='ltr'>Verumtamen</span> <span class='ocrx_word' id='word_1_38' title='bbox 1616 747 1752 827; x_wconf 85' lang='lat' dir='ltr'>quia</span> <span class='ocrx_word' id='word_1_39' title='bbox 1782 757 1839 808; x_wconf 91' lang='lat' dir='ltr'>et</span> <span class='ocrx_word' id='word_1_40' title='bbox 1868 766 2118 828; x_wconf 82' lang='lat' dir='ltr'>serpens</span> 
     </span>
    </p>
   </div>
   <div class='ocr_carea' id='block_1_9' title="bbox 472 837 2119 923">
    <p class='ocr_par' dir='ltr' id='par_1_9' title="bbox 472 837 2119 923">
     <span class='ocr_line' id='line_1_9' title="bbox 472 837 2119 923; baseline -0.007 -14"><span class='ocrx_word' id='word_1_41' title='bbox 472 839 714 909; x_wconf 74' lang='lat' dir='ltr'>nacivus</span> <span class='ocrx_word' id='word_1_42' title='bbox 745 854 857 922; x_wconf 84' lang='lat' dir='ltr'>est,</span> <span class='ocrx_word' id='word_1_43' title='bbox 881 841 1055 923; x_wconf 88' lang='lat' dir='ltr'>jubet</span> <span class='ocrx_word' id='word_1_44' title='bbox 1084 859 1191 900; x_wconf 91' lang='lat' dir='ltr'>nos</span> <span class='ocrx_word' id='word_1_45' title='bbox 1215 838 1517 919; x_wconf 80' lang='lat' dir='ltr'>simplices</span> <span class='ocrx_word' id='word_1_46' title='bbox 1539 856 1693 907; x_wconf 84' lang='lat' dir='ltr'>esse,</span> <span class='ocrx_word' id='word_1_47' title='bbox 1717 837 1827 897; x_wconf 90' lang='lat' dir='ltr'>hoc</span> <span class='ocrx_word' id='word_1_48' title='bbox 1858 847 1968 913; x_wconf 90' lang='lat' dir='ltr'>est,</span> <span class='ocrx_word' id='word_1_49' title='bbox 1995 838 2119 898; x_wconf 91' lang='lat' dir='ltr'>sin-</span> 
     </span>
    </p>
   </div>
   <div class='ocr_carea' id='block_1_10' title="bbox 470 926 2113 1013">
    <p class='ocr_par' dir='ltr' id='par_1_10' title="bbox 470 926 2113 1013">
     <span class='ocr_line' id='line_1_10' title="bbox 470 926 2113 1013; baseline -0.006 -16"><span class='ocrx_word' id='word_1_50' title='bbox 470 952 661 1006; x_wconf 90' lang='lat' dir='ltr'>ceros,</span> <span class='ocrx_word' id='word_1_51' title='bbox 697 942 755 995; x_wconf 88' lang='lat' dir='ltr'>et</span> <span class='ocrx_word' id='word_1_52' title='bbox 782 931 1008 1013; x_wconf 80' lang='lat' dir='ltr'>absque</span> <span class='ocrx_word' id='word_1_53' title='bbox 1047 930 1289 1001; x_wconf 88' lang='lat' dir='ltr'>malitia,</span> <span class='ocrx_word' id='word_1_54' title='bbox 1342 927 1690 1005; x_wconf 90' lang='lat' dir='ltr'>nullumque</span> <span class='ocrx_word' id='word_1_55' title='bbox 1722 926 2113 1001; x_wconf 81' lang='lat' dir='ltr'>offendenles,</span> 
     </span>
    </p>
   </div>
   <div class='ocr_carea' id='block_1_11' title="bbox 469 1015 2113 1086">
    <p class='ocr_par' dir='ltr' id='par_1_11' title="bbox 469 1015 2113 1086">
     <span class='ocr_line' id='line_1_11' title="bbox 469 1015 2113 1086; baseline -0.007 0"><span class='ocrx_word' id='word_1_56' title='bbox 469 1024 622 1086; x_wconf 84' lang='lat' dir='ltr'>sicut</span> <span class='ocrx_word' id='word_1_57' title='bbox 645 1020 937 1084; x_wconf 72' lang='lat' dir='ltr'>columbae</span> <span class='ocrx_word' id='word_1_58' title='bbox 972 1040 985 1083; x_wconf 90' lang='lat'>:</span> <span class='ocrx_word' id='word_1_59' title='bbox 1019 1019 1136 1080; x_wconf 74' lang='lat' dir='ltr'>illae</span> <span class='ocrx_word' id='word_1_60' title='bbox 1168 1017 1326 1079; x_wconf 93' lang='lat' dir='ltr'>enim</span> <span class='ocrx_word' id='word_1_61' title='bbox 1356 1034 1489 1077; x_wconf 92' lang='lat' dir='ltr'>cum</span> <span class='ocrx_word' id='word_1_62' title='bbox 1521 1015 1867 1075; x_wconf 86' lang='lat' dir='ltr'>auferuntur</span> <span class='ocrx_word' id='word_1_63' title='bbox 1888 1015 1975 1075; x_wconf 92' lang='lat' dir='ltr'>eis</span> <span class='ocrx_word' id='word_1_64' title='bbox 2006 1016 2113 1076; x_wconf 67' lang='lat' dir='ltr'>foe-</span> 
     </span>
    </p>
   </div>
   <div class='ocr_carea' id='block_1_12' title="bbox 470 1104 2111 1192">
    <p class='ocr_par' dir='ltr' id='par_1_12' title="bbox 470 1104 2111 1192">
     <span class='ocr_line' id='line_1_12' title="bbox 470 1104 2111 1192; baseline -0.007 -17"><span class='ocrx_word' id='word_1_65' title='bbox 470 1120 584 1187; x_wconf 90' lang='lat' dir='ltr'>tus,</span> <span class='ocrx_word' id='word_1_66' title='bbox 620 1121 679 1174; x_wconf 89' lang='lat' dir='ltr'>et</span> <span class='ocrx_word' id='word_1_67' title='bbox 706 1109 1182 1192; x_wconf 85' lang='lat' dir='ltr'>persecutionem</span> <span class='ocrx_word' id='word_1_68' title='bbox 1216 1106 1539 1186; x_wconf 88' lang='lat' dir='ltr'>patiuntur,</span> <span class='ocrx_word' id='word_1_69' title='bbox 1564 1123 1770 1165; x_wconf 91' lang='lat' dir='ltr'>rursus</span> <span class='ocrx_word' id='word_1_70' title='bbox 1809 1104 1879 1164; x_wconf 90' lang='lat' dir='ltr'>ad</span> <span class='ocrx_word' id='word_1_71' title='bbox 1914 1105 2111 1165; x_wconf 91' lang='lat' dir='ltr'>domi-</span> 
     </span>
    </p>
   </div>
   <div class='ocr_carea' id='block_1_13' title="bbox 470 1194 2109 1272">
    <p class='ocr_par' dir='ltr' id='par_1_13' title="bbox 470 1194 2109 1272">
     <span class='ocr_line' id='line_1_13' title="bbox 470 1194 2109 1272; baseline -0.006 -7"><span class='ocrx_word' id='word_1_72' title='bbox 470 1221 580 1265; x_wconf 90' lang='lat' dir='ltr'>nos</span> <span class='ocrx_word' id='word_1_73' title='bbox 602 1218 743 1263; x_wconf 90' lang='lat' dir='ltr'>suos</span> <span class='ocrx_word' id='word_1_74' title='bbox 756 1194 1299 1261; x_wconf 86' lang='lat' dir='ltr'>revertuntur.Esto</span> <span class='ocrx_word' id='word_1_75' title='bbox 1328 1194 1507 1272; x_wconf 84' lang='lat' dir='ltr'>igitur</span> <span class='ocrx_word' id='word_1_76' title='bbox 1535 1194 1797 1272; x_wconf 81' lang='lat' dir='ltr'>prudens</span> <span class='ocrx_word' id='word_1_77' title='bbox 1821 1194 1969 1254; x_wconf 88' lang='lat' dir='ltr'>sicut</span> <span class='ocrx_word' id='word_1_78' title='bbox 1992 1213 2109 1255; x_wconf 89' lang='lat' dir='ltr'>ser-</span> 
     </span>
    </p>
   </div>
   <div class='ocr_carea' id='block_1_14' title="bbox 470 1283 2117 1373">
    <p class='ocr_par' dir='ltr' id='par_1_14' title="bbox 470 1283 2117 1373">
     <span class='ocr_line' id='line_1_14' title="bbox 470 1283 2117 1373; baseline -0.006 -19"><span class='ocrx_word' id='word_1_79' title='bbox 470 1309 641 1373; x_wconf 88' lang='lat' dir='ltr'>pens,</span> <span class='ocrx_word' id='word_1_80' title='bbox 676 1289 757 1351; x_wconf 86' lang='lat' dir='ltr'>ita</span> <span class='ocrx_word' id='word_1_81' title='bbox 787 1295 849 1349; x_wconf 88' lang='lat' dir='ltr'>ut</span> <span class='ocrx_word' id='word_1_82' title='bbox 879 1306 955 1348; x_wconf 90' lang='lat' dir='ltr'>ne</span> <span class='ocrx_word' id='word_1_83' title='bbox 986 1284 1319 1347; x_wconf 85' lang='lat' dir='ltr'>deridearis</span> <span class='ocrx_word' id='word_1_84' title='bbox 1349 1283 1631 1373; x_wconf 63' lang='lat' dir='ltr'>obvitam</span> <span class='ocrx_word' id='word_1_85' title='bbox 1690 1283 1957 1373; x_wconf 24' lang='lat' dir='ltr'>abAaliis.</span> <span class='ocrx_word' id='word_1_86' title='bbox 2010 1283 2117 1345; x_wconf 87' lang='lat' dir='ltr'>sed</span> 
     </span>
    </p>
   </div>
   <div class='ocr_carea' id='block_1_15' title="bbox 471 1369 2117 1454">
    <p class='ocr_par' dir='ltr' id='par_1_15' title="bbox 471 1369 2117 1454">
     <span class='ocr_line' id='line_1_15' title="bbox 471 1369 2117 1454; baseline -0.005 -13"><span class='ocrx_word' id='word_1_87' title='bbox 471 1369 671 1441; x_wconf 80' lang='lat' dir='ltr'>omnia</span> <span class='ocrx_word' id='word_1_88' title='bbox 702 1394 799 1439; x_wconf 78' lang='lat' dir='ltr'>tua</span> <span class='ocrx_word' id='word_1_89' title='bbox 820 1377 967 1438; x_wconf 91' lang='lat' dir='ltr'>citra</span> <span class='ocrx_word' id='word_1_90' title='bbox 1012 1373 1209 1435; x_wconf 89' lang='lat' dir='ltr'>labem</span> <span class='ocrx_word' id='word_1_91' title='bbox 1242 1371 1538 1454; x_wconf 85' lang='lat' dir='ltr'>perﬁcias.</span> <span class='ocrx_word' id='word_1_92' title='bbox 1566 1369 1721 1446; x_wconf 72' lang='lat' dir='ltr'>Erga</span> <span class='ocrx_word' id='word_1_93' title='bbox 1742 1370 1890 1433; x_wconf 88' lang='lat' dir='ltr'>alios</span> <span class='ocrx_word' id='word_1_94' title='bbox 1919 1382 2117 1433; x_wconf 89' lang='lat' dir='ltr'>autem</span> 
     </span>
    </p>
   </div>
   <div class='ocr_carea' id='block_1_16' title="bbox 469 1460 2118 1541">
    <p class='ocr_par' dir='ltr' id='par_1_16' title="bbox 469 1460 2118 1541">
     <span class='ocr_line' id='line_1_16' title="bbox 469 1460 2118 1541; baseline -0.007 -9"><span class='ocrx_word' id='word_1_95' title='bbox 469 1487 546 1532; x_wconf 88' lang='lat' dir='ltr'>ne</span> <span class='ocrx_word' id='word_1_96' title='bbox 570 1468 687 1531; x_wconf 83' lang='lat' dir='ltr'>illis</span> <span class='ocrx_word' id='word_1_97' title='bbox 712 1483 952 1539; x_wconf 67' lang='lat' dir='ltr'>noceas,</span> <span class='ocrx_word' id='word_1_98' title='bbox 985 1463 1065 1527; x_wconf 88' lang='lat' dir='ltr'>sis</span> <span class='ocrx_word' id='word_1_99' title='bbox 1090 1463 1249 1525; x_wconf 84' lang='lat' dir='ltr'>velut</span> <span class='ocrx_word' id='word_1_100' title='bbox 1278 1460 1574 1532; x_wconf 86' lang='lat' dir='ltr'>columba,</span> <span class='ocrx_word' id='word_1_101' title='bbox 1612 1461 1721 1520; x_wconf 82' lang='lat' dir='ltr'>hoc</span> <span class='ocrx_word' id='word_1_102' title='bbox 1766 1466 1878 1541; x_wconf 86' lang='lat' dir='ltr'>est,</span> <span class='ocrx_word' id='word_1_103' title='bbox 1914 1461 2118 1523; x_wconf 86' lang='lat' dir='ltr'>neuti-</span> 
     </span>
    </p>
   </div>
   <div class='ocr_carea' id='block_1_17' title="bbox 470 1554 996 1641">
    <p class='ocr_par' dir='ltr' id='par_1_17' title="bbox 470 1554 996 1641">
     <span class='ocr_line' id='line_1_17' title="bbox 470 1554 996 1641; baseline -0.008 -20"><span class='ocrx_word' id='word_1_104' title='bbox 470 1576 646 1641; x_wconf 84' lang='lat' dir='ltr'><strong>quam</strong></span> <span class='ocrx_word' id='word_1_105' title='bbox 679 1554 996 1635; x_wconf 75' lang='lat' dir='ltr'>malignus.</span> 
     </span>
    </p>
   </div>
   <div class='ocr_carea' id='block_1_18' title="bbox 497 1637 2117 1725">
    <p class='ocr_par' dir='ltr' id='par_1_18' title="bbox 497 1637 2117 1725">
     <span class='ocr_line' id='line_1_18' title="bbox 497 1637 2117 1725; baseline -0.004 -16"><span class='ocrx_word' id='word_1_106' title='bbox 497 1637 505 1725; x_wconf 59' lang='grc' dir='ltr'>ξ</span> <span class='ocrx_word' id='word_1_107' title='bbox 550 1644 733 1711; x_wconf 73' lang='lat' dir='ltr'>Vsus.</span> <span class='ocrx_word' id='word_1_108' title='bbox 770 1643 1004 1720; x_wconf 71' lang='lat'>17,18.</span> <span class='ocrx_word' id='word_1_109' title='bbox 1051 1665 1080 1698; x_wconf 76' lang='grc' dir='ltr'>ε</span> <span class='ocrx_word' id='word_1_110' title='bbox 1110 1637 1324 1703; x_wconf 68' lang='lat' dir='ltr'>cavrete</span> <span class='ocrx_word' id='word_1_111' title='bbox 1373 1648 1570 1701; x_wconf 88' lang='lat' dir='ltr'>autem</span> <span class='ocrx_word' id='word_1_112' title='bbox 1623 1639 1698 1700; x_wconf 85' lang='lat' dir='ltr'>ab</span> <span class='ocrx_word' id='word_1_113' title='bbox 1749 1638 2117 1723; x_wconf 81' lang='lat' dir='ltr'>hominibus,</span> 
     </span>
    </p>
   </div>
   <div class='ocr_carea' id='block_1_19' title="bbox 2202 570 3860 645">
    <p class='ocr_par' dir='ltr' id='par_1_19' title="bbox 2202 570 3860 645">
     <span class='ocr_line' id='line_1_19' title="bbox 2202 570 3860 645; baseline -0.001 -21"><span class='ocrx_word' id='word_1_114' title='bbox 2202 570 2288 625; x_wconf 85' lang='grc' dir='ltr'>καὶ</span> <span class='ocrx_word' id='word_1_115' title='bbox 2338 572 2502 645; x_wconf 68' lang='grc' dir='ltr'>ἡμεῖ)</span> <span class='ocrx_word' id='word_1_116' title='bbox 2532 570 2615 628; x_wconf 80' lang='grc' dir='ltr'>διὰ</span> <span class='ocrx_word' id='word_1_117' title='bbox 2645 571 2741 639; x_wconf 75' lang='grc' dir='ltr'>τῆς</span> <span class='ocrx_word' id='word_1_118' title='bbox 2784 579 2980 636; x_wconf 78' lang='grc' dir='ltr'>στενῶς</span> <span class='ocrx_word' id='word_1_119' title='bbox 3008 571 3127 630; x_wconf 81' lang='grc' dir='ltr'>ὁδοῦ</span> <span class='ocrx_word' id='word_1_120' title='bbox 3177 571 3465 645; x_wconf 76' lang='grc' dir='ltr'>ὁδεὺοντες,</span> <span class='ocrx_word' id='word_1_121' title='bbox 3511 574 3601 627; x_wconf 81' lang='grc' dir='ltr'>τὸν</span> <span class='ocrx_word' id='word_1_122' title='bbox 3630 570 3860 629; x_wconf 80' lang='grc' dir='ltr'>παλαιὸν</span> 
     </span>
    </p>
   </div>
   <div class='ocr_carea' id='block_1_20' title="bbox 2201 657 3857 740">
    <p class='ocr_par' dir='ltr' id='par_1_20' title="bbox 2201 657 3857 740">
     <span class='ocr_line' id='line_1_20' title="bbox 2201 657 3857 740; baseline 0 -26"><span class='ocrx_word' id='word_1_123' title='bbox 2201 657 2548 734; x_wconf 80' lang='grc' dir='ltr'>ἂποδυώμεθα</span> <span class='ocrx_word' id='word_1_124' title='bbox 2603 659 2897 739; x_wconf 77' lang='grc' dir='ltr'>ἄνθρωπον.</span> <span class='ocrx_word' id='word_1_125' title='bbox 2979 661 3128 719; x_wconf 74' lang='grc' dir='ltr'>Ἐπεὶ</span> <span class='ocrx_word' id='word_1_126' title='bbox 3172 659 3228 718; x_wconf 78' lang='grc' dir='ltr'>δὲ</span> <span class='ocrx_word' id='word_1_127' title='bbox 3258 665 3287 719; x_wconf 86' lang='grc' dir='ltr'>ὁ</span> <span class='ocrx_word' id='word_1_128' title='bbox 3337 660 3456 740; x_wconf 61' lang='grc' dir='ltr'>ὄφις</span> <span class='ocrx_word' id='word_1_129' title='bbox 3488 661 3582 717; x_wconf 76' lang='grc' dir='ltr'>καί</span> <span class='ocrx_word' id='word_1_130' title='bbox 3627 658 3857 736; x_wconf 85' lang='grc' dir='ltr'>βλαπτι-</span> 
     </span>
    </p>
   </div>
   <div class='ocr_carea' id='block_1_21' title="bbox 2199 746 3857 832">
    <p class='ocr_par' dir='ltr' id='par_1_21' title="bbox 2199 746 3857 832">
     <span class='ocr_line' id='line_1_21' title="bbox 2199 746 3857 832; baseline 0.001 -30"><span class='ocrx_word' id='word_1_131' title='bbox 2199 746 2293 809; x_wconf 90' lang='grc' dir='ltr'>κός</span> <span class='ocrx_word' id='word_1_132' title='bbox 2352 748 2486 830; x_wconf 79' lang='grc' dir='ltr'>ἐστι,</span> <span class='ocrx_word' id='word_1_133' title='bbox 2549 749 2749 807; x_wconf 78' lang='grc' dir='ltr'>κελεύει</span> <span class='ocrx_word' id='word_1_134' title='bbox 2799 754 2943 827; x_wconf 79' lang='grc' dir='ltr'>ἡμᾶς</span> <span class='ocrx_word' id='word_1_135' title='bbox 3000 752 3275 832; x_wconf 74' lang='grc' dir='ltr'>ἀκεραίους</span> <span class='ocrx_word' id='word_1_136' title='bbox 3335 753 3503 824; x_wconf 77' lang='grc' dir='ltr'>εἶναι,</span> <span class='ocrx_word' id='word_1_137' title='bbox 3562 749 3857 821; x_wconf 78' lang='grc' dir='ltr'>τουτέστιν,</span> 
     </span>
    </p>
   </div>
   <div class='ocr_carea' id='block_1_22' title="bbox 2200 834 3861 918">
    <p class='ocr_par' dir='ltr' id='par_1_22' title="bbox 2200 834 3861 918">
     <span class='ocr_line' id='line_1_22' title="bbox 2200 834 3861 918; baseline 0.001 -27"><span class='ocrx_word' id='word_1_138' title='bbox 2200 834 2400 901; x_wconf 77' lang='grc' dir='ltr'>ἁπλοῦς</span> <span class='ocrx_word' id='word_1_139' title='bbox 2451 840 2539 894; x_wconf 87' lang='grc' dir='ltr'>καὶ</span> <span class='ocrx_word' id='word_1_140' title='bbox 2609 839 2907 918; x_wconf 78' lang='grc' dir='ltr'>ἆπονήρους</span> <span class='ocrx_word' id='word_1_141' title='bbox 2968 843 3054 897; x_wconf 83' lang='grc' dir='ltr'>καὶ</span> <span class='ocrx_word' id='word_1_142' title='bbox 3125 843 3204 916; x_wconf 81' lang='grc' dir='ltr'>μὴ</span> <span class='ocrx_word' id='word_1_143' title='bbox 3265 839 3614 917; x_wconf 80' lang='grc' dir='ltr'>βλαπτικοὺς,</span> <span class='ocrx_word' id='word_1_144' title='bbox 3672 839 3746 901; x_wconf 82' lang='grc' dir='ltr'>ὡς</span> <span class='ocrx_word' id='word_1_145' title='bbox 3806 841 3861 893; x_wconf 74' lang='grc' dir='ltr'>αἱ</span> 
     </span>
    </p>
   </div>
   <div class='ocr_carea' id='block_1_23' title="bbox 2198 922 3861 1007">
    <p class='ocr_par' dir='ltr' id='par_1_23' title="bbox 2198 922 3861 1007">
     <span class='ocr_line' id='line_1_23' title="bbox 2198 922 3861 1007; baseline -0.001 -28"><span class='ocrx_word' id='word_1_146' title='bbox 2198 926 2521 1001; x_wconf 86' lang='grc' dir='ltr'>περιστεραί’</span> <span class='ocrx_word' id='word_1_147' title='bbox 2583 928 2734 982; x_wconf 82' lang='grc' dir='ltr'>αὗται</span> <span class='ocrx_word' id='word_1_148' title='bbox 2824 929 2947 1007; x_wconf 78' lang='grc' dir='ltr'>γὰρ,</span> <span class='ocrx_word' id='word_1_149' title='bbox 3008 930 3095 984; x_wconf 83' lang='grc' dir='ltr'>καὶ</span> <span class='ocrx_word' id='word_1_150' title='bbox 3154 928 3533 1007; x_wconf 70' lang='grc' dir='ltr'>ἀφαιρούμεναι</span> <span class='ocrx_word' id='word_1_151' title='bbox 3584 926 3651 981; x_wconf 77' lang='grc' dir='ltr'>τα</span> <span class='ocrx_word' id='word_1_152' title='bbox 3700 922 3861 979; x_wconf 83' lang='grc' dir='ltr'>τέκνα</span> 
     </span>
    </p>
   </div>
   <div class='ocr_carea' id='block_1_24' title="bbox 2197 1012 3861 1093">
    <p class='ocr_par' dir='ltr' id='par_1_24' title="bbox 2197 1012 3861 1093">
     <span class='ocr_line' id='line_1_24' title="bbox 2197 1012 3861 1093; baseline -0.001 -24"><span class='ocrx_word' id='word_1_153' title='bbox 2197 1015 2285 1069; x_wconf 82' lang='grc' dir='ltr'>καὶ</span> <span class='ocrx_word' id='word_1_154' title='bbox 2356 1012 2700 1090; x_wconf 71' lang='grc' dir='ltr'>διωκόμεναι,</span> <span class='ocrx_word' id='word_1_155' title='bbox 2781 1019 2925 1079; x_wconf 68' lang='grc' dir='ltr'>αὖθις</span> <span class='ocrx_word' id='word_1_156' title='bbox 2994 1019 3469 1092; x_wconf 66' lang='grc' dir='ltr'>ἐπανακὰμπτουσι</span> <span class='ocrx_word' id='word_1_157' title='bbox 3529 1016 3661 1093; x_wconf 68' lang='grc' dir='ltr'>πρὸς</span> <span class='ocrx_word' id='word_1_158' title='bbox 3733 1013 3861 1074; x_wconf 83' lang='grc' dir='ltr'>τοὺς</span> 
     </span>
    </p>
   </div>
   <div class='ocr_carea' id='block_1_25' title="bbox 2198 1093 3864 1184">
    <p class='ocr_par' dir='ltr' id='par_1_25' title="bbox 2198 1093 3864 1184">
     <span class='ocr_line' id='line_1_25' title="bbox 2198 1093 3864 1184; baseline 0 -29"><span class='ocrx_word' id='word_1_159' title='bbox 2198 1098 2476 1168; x_wconf 82' lang='grc' dir='ltr'>δεσπότας,</span> <span class='ocrx_word' id='word_1_160' title='bbox 2540 1093 2686 1161; x_wconf 65' lang='lat' dir='ltr'>&quot;Eoo</span> <span class='ocrx_word' id='word_1_161' title='bbox 2720 1104 2807 1160; x_wconf 77' lang='grc' dir='ltr'>οὖν</span> <span class='ocrx_word' id='word_1_162' title='bbox 2831 1107 3082 1184; x_wconf 76' lang='grc' dir='ltr'>φρόνιμος</span> <span class='ocrx_word' id='word_1_163' title='bbox 3143 1107 3217 1170; x_wconf 84' lang='grc' dir='ltr'>ὡς</span> <span class='ocrx_word' id='word_1_164' title='bbox 3276 1104 3416 1184; x_wconf 72' lang='grc' dir='ltr'>ὄφις,</span> <span class='ocrx_word' id='word_1_165' title='bbox 3462 1105 3599 1160; x_wconf 82' lang='grc' dir='ltr'>ὥστε</span> <span class='ocrx_word' id='word_1_166' title='bbox 3632 1102 3709 1178; x_wconf 73' lang='grc' dir='ltr'>μὴ</span> <span class='ocrx_word' id='word_1_167' title='bbox 3764 1120 3864 1177; x_wconf 80' lang='grc' dir='ltr'>γε-</span> 
     </span>
    </p>
   </div>
   <div class='ocr_carea' id='block_1_26' title="bbox 2198 1188 3864 1270">
    <p class='ocr_par' dir='ltr' id='par_1_26' title="bbox 2198 1188 3864 1270">
     <span class='ocr_line' id='line_1_26' title="bbox 2198 1188 3864 1270; baseline 0.003 -26"><span class='ocrx_word' id='word_1_168' title='bbox 2198 1188 2385 1246; x_wconf 75' lang='grc' dir='ltr'>ὶᾶσθαι</span> <span class='ocrx_word' id='word_1_169' title='bbox 2444 1189 2497 1246; x_wconf 80' lang='grc' dir='ltr'>ἐν</span> <span class='ocrx_word' id='word_1_170' title='bbox 2567 1197 2645 1265; x_wconf 84' lang='grc' dir='ltr'>τῷ</span> <span class='ocrx_word' id='word_1_171' title='bbox 2672 1192 2793 1270; x_wconf 75' lang='grc' dir='ltr'>βίῳ,</span> <span class='ocrx_word' id='word_1_172' title='bbox 2828 1191 2963 1249; x_wconf 67' lang='grc' dir='ltr'>ἀλλὰ</span> <span class='ocrx_word' id='word_1_173' title='bbox 2993 1195 3164 1250; x_wconf 59' lang='grc' dir='ltr'>πέντα</span> <span class='ocrx_word' id='word_1_174' title='bbox 3207 1195 3273 1249; x_wconf 76' lang='grc' dir='ltr'>τὰ</span> <span class='ocrx_word' id='word_1_175' title='bbox 3313 1194 3448 1249; x_wconf 84' lang='grc' dir='ltr'>κατὰ</span> <span class='ocrx_word' id='word_1_176' title='bbox 3479 1191 3538 1249; x_wconf 79' lang='grc' dir='ltr'>σὲ</span> <span class='ocrx_word' id='word_1_177' title='bbox 3587 1192 3864 1266; x_wconf 75' lang='grc' dir='ltr'>ἇμὼμητα</span> 
     </span>
    </p>
   </div>
   <div class='ocr_carea' id='block_1_27' title="bbox 2199 1275 3865 1361">
    <p class='ocr_par' dir='ltr' id='par_1_27' title="bbox 2199 1275 3865 1361">
     <span class='ocr_line' id='line_1_27' title="bbox 2199 1275 3865 1361; baseline 0 -28"><span class='ocrx_word' id='word_1_178' title='bbox 2199 1275 2501 1336; x_wconf 75' lang='grc' dir='ltr'>διατιθέναι·</span> <span class='ocrx_word' id='word_1_179' title='bbox 2576 1283 2707 1361; x_wconf 83' lang='grc' dir='ltr'>πρὸς</span> <span class='ocrx_word' id='word_1_180' title='bbox 2762 1281 2817 1338; x_wconf 81' lang='grc' dir='ltr'>δὲ</span> <span class='ocrx_word' id='word_1_181' title='bbox 2874 1285 2936 1339; x_wconf 83' lang='grc' dir='ltr'>τὸ</span> <span class='ocrx_word' id='word_1_182' title='bbox 2990 1282 3247 1360; x_wconf 78' lang='grc' dir='ltr'>βλάπτειν</span> <span class='ocrx_word' id='word_1_183' title='bbox 3302 1281 3534 1360; x_wconf 73' lang='grc' dir='ltr'>ἑτέρους,</span> <span class='ocrx_word' id='word_1_184' title='bbox 3585 1280 3674 1336; x_wconf 69' lang='lat' dir='ltr'>Eoo</span> <span class='ocrx_word' id='word_1_185' title='bbox 3731 1280 3865 1334; x_wconf 81' lang='grc' dir='ltr'>ὡσεὶ</span> 
     </span>
    </p>
   </div>
   <div class='ocr_carea' id='block_1_28' title="bbox 2198 1372 3163 1453">
    <p class='ocr_par' dir='ltr' id='par_1_28' title="bbox 2198 1372 3163 1453">
     <span class='ocr_line' id='line_1_28' title="bbox 2198 1372 3163 1453; baseline 0.009 -30"><span class='ocrx_word' id='word_1_186' title='bbox 2198 1372 2509 1449; x_wconf 77' lang='grc' dir='ltr'>περιστερὰ,</span> <span class='ocrx_word' id='word_1_187' title='bbox 2545 1372 2836 1447; x_wconf 75' lang='grc' dir='ltr'>τουτέστιν,</span> <span class='ocrx_word' id='word_1_188' title='bbox 2872 1372 3163 1453; x_wconf 80' lang='grc' dir='ltr'>ἀπόνηρος.</span> 
     </span>
    </p>
   </div>
   <div class='ocr_carea' id='block_1_29' title="bbox 2285 1636 3861 1720">
    <p class='ocr_par' dir='ltr' id='par_1_29' title="bbox 2285 1636 3861 1720">
     <span class='ocr_line' id='line_1_29' title="bbox 2285 1636 3861 1720; baseline 0.001 -28"><span class='ocrx_word' id='word_1_189' title='bbox 2285 1659 2314 1691; x_wconf 84' lang='grc' dir='ltr'>ε</span> <span class='ocrx_word' id='word_1_190' title='bbox 2351 1636 2652 1717; x_wconf 79' lang='grc' dir='ltr'>Προσέχετε</span> <span class='ocrx_word' id='word_1_191' title='bbox 2709 1638 2765 1695; x_wconf 68' lang='grc' dir='ltr'>δὲ</span> <span class='ocrx_word' id='word_1_192' title='bbox 2825 1640 2934 1696; x_wconf 80' lang='grc' dir='ltr'>ἀπὸ</span> <span class='ocrx_word' id='word_1_193' title='bbox 2980 1644 3088 1697; x_wconf 85' lang='grc' dir='ltr'>τῶν</span> <span class='ocrx_word' id='word_1_194' title='bbox 3128 1638 3441 1720; x_wconf 77' lang='grc' dir='ltr'>ἀνθρώπων,</span> <span class='ocrx_word' id='word_1_195' title='bbox 3488 1636 3861 1718; x_wconf 77' lang='grc' dir='ltr'>παραδώσουσι</span> 
     </span>
    </p>
   </div>
   <div class='ocr_carea' id='block_1_30' title="bbox 468 1726 2115 1826">
    <p class='ocr_par' dir='ltr' id='par_1_30' title="bbox 468 1729 2115 1810">
     <span class='ocr_line' id='line_1_30' title="bbox 468 1729 2115 1810; baseline -0.005 -10"><span class='ocrx_word' id='word_1_196' title='bbox 468 1737 704 1800; x_wconf 86' lang='lat' dir='ltr'>tradent</span> <span class='ocrx_word' id='word_1_197' title='bbox 731 1735 890 1797; x_wconf 89' lang='lat' dir='ltr'>enim</span> <span class='ocrx_word' id='word_1_198' title='bbox 912 1750 1014 1793; x_wconf 84' lang='lat' dir='ltr'>vos</span> <span class='ocrx_word' id='word_1_199' title='bbox 1039 1731 1097 1791; x_wconf 89' lang='lat' dir='ltr'>in</span> <span class='ocrx_word' id='word_1_200' title='bbox 1129 1729 1403 1804; x_wconf 88' lang='lat' dir='ltr'>concilia,</span> <span class='ocrx_word' id='word_1_201' title='bbox 1438 1739 1497 1791; x_wconf 84' lang='lat' dir='ltr'>et</span> <span class='ocrx_word' id='word_1_202' title='bbox 1529 1730 1586 1789; x_wconf 92' lang='lat' dir='ltr'>in</span> <span class='ocrx_word' id='word_1_203' title='bbox 1641 1729 1951 1810; x_wconf 78' lang='lat' dir='ltr'>synagogis</span> <span class='ocrx_word' id='word_1_204' title='bbox 1994 1732 2115 1792; x_wconf 87' lang='lat' dir='ltr'>suis</span> 
     </span>
    </p>
   </div>
   <div class='ocr_carea' id='block_1_31' title="bbox 2206 1726 3860 1826">
    <p class='ocr_par' dir='ltr' id='par_1_31' title="bbox 2206 1726 3860 1807">
     <span class='ocr_line' id='line_1_31' title="bbox 2206 1726 3860 1807; baseline -0.002 -22"><span class='ocrx_word' id='word_1_205' title='bbox 2206 1726 2301 1803; x_wconf 76' lang='grc' dir='ltr'>γὰρ</span> <span class='ocrx_word' id='word_1_206' title='bbox 2356 1728 2493 1802; x_wconf 82' lang='grc' dir='ltr'>ὑμᾶς</span> <span class='ocrx_word' id='word_1_207' title='bbox 2552 1729 2624 1790; x_wconf 85' lang='grc' dir='ltr'>εἷς</span> <span class='ocrx_word' id='word_1_208' title='bbox 2685 1727 2943 1807; x_wconf 76' lang='grc' dir='ltr'>συνέδρια,</span> <span class='ocrx_word' id='word_1_209' title='bbox 2989 1731 3078 1787; x_wconf 78' lang='grc' dir='ltr'>καὶ</span> <span class='ocrx_word' id='word_1_210' title='bbox 3134 1727 3190 1784; x_wconf 72' lang='grc' dir='ltr'>ἐν</span> <span class='ocrx_word' id='word_1_211' title='bbox 3217 1742 3345 1795; x_wconf 88' lang='grc' dir='ltr'>ταῖς</span> <span class='ocrx_word' id='word_1_212' title='bbox 3387 1740 3724 1807; x_wconf 75' lang='grc' dir='ltr'>συναγωγαῖς</span> <span class='ocrx_word' id='word_1_213' title='bbox 3756 1726 3860 1783; x_wconf 77' lang='grc' dir='ltr'>αὖ-</span> 
     </span>
    </p>
   </div>
   <div class='ocr_carea' id='block_1_32' title="bbox 467 1818 2117 1908">
    <p class='ocr_par' dir='ltr' id='par_1_32' title="bbox 467 1818 2117 1908">
     <span class='ocr_line' id='line_1_32' title="bbox 467 1818 2117 1908; baseline -0.005 -19"><span class='ocrx_word' id='word_1_214' title='bbox 467 1826 848 1908; x_wconf 79' lang='lat' dir='ltr'>ﬂagellabunt</span> <span class='ocrx_word' id='word_1_215' title='bbox 891 1839 1016 1897; x_wconf 88' lang='lat' dir='ltr'>vos,</span> <span class='ocrx_word' id='word_1_216' title='bbox 1069 1827 1128 1881; x_wconf 91' lang='lat' dir='ltr'>et</span> <span class='ocrx_word' id='word_1_217' title='bbox 1170 1820 1242 1880; x_wconf 90' lang='lat' dir='ltr'>ad</span> <span class='ocrx_word' id='word_1_218' title='bbox 1296 1818 1480 1880; x_wconf 88' lang='lat' dir='ltr'>duces</span> <span class='ocrx_word' id='word_1_219' title='bbox 1513 1827 1572 1881; x_wconf 89' lang='lat' dir='ltr'>et</span> <span class='ocrx_word' id='word_1_220' title='bbox 1600 1836 1774 1898; x_wconf 82' lang='lat' dir='ltr'>reges</span> <span class='ocrx_word' id='word_1_221' title='bbox 1817 1819 2117 1880; x_wconf 85' lang='lat' dir='ltr'>ducemini</span> 
     </span>
    </p>
   </div>
   <div class='ocr_carea' id='block_1_33' title="bbox 466 1908 2111 1997">
    <p class='ocr_par' dir='ltr' id='par_1_33' title="bbox 466 1908 2111 1997">
     <span class='ocr_line' id='line_1_33' title="bbox 466 1908 2111 1997; baseline -0.007 -20"><span class='ocrx_word' id='word_1_222' title='bbox 466 1924 710 1997; x_wconf 89' lang='lat' dir='ltr'>propter</span> <span class='ocrx_word' id='word_1_223' title='bbox 758 1932 874 1987; x_wconf 91' lang='lat' dir='ltr'>me,</span> <span class='ocrx_word' id='word_1_224' title='bbox 924 1910 985 1972; x_wconf 91' lang='lat' dir='ltr'>in</span> <span class='ocrx_word' id='word_1_225' title='bbox 1034 1908 1442 1972; x_wconf 87' lang='lat' dir='ltr'>testimonium</span> <span class='ocrx_word' id='word_1_226' title='bbox 1475 1908 1623 1989; x_wconf 90' lang='lat' dir='ltr'>ipsis</span> <span class='ocrx_word' id='word_1_227' title='bbox 1651 1927 1718 1969; x_wconf 83' lang='lat' dir='ltr'>ac</span> <span class='ocrx_word' id='word_1_228' title='bbox 1748 1908 2044 1986; x_wconf 83' lang='lat' dir='ltr'>gentibus.</span> <span class='ocrx_word' id='word_1_229' title='bbox 2086 1936 2111 1965; x_wconf 75' lang='grc' dir='ltr'>ε</span> 
     </span>
    </p>
   </div>
   <div class='ocr_carea' id='block_1_34' title="bbox 464 1997 2118 2080">
    <p class='ocr_par' dir='ltr' id='par_1_34' title="bbox 464 1997 2118 2080">
     <span class='ocr_line' id='line_1_34' title="bbox 464 1997 2118 2080; baseline -0.005 -12"><span class='ocrx_word' id='word_1_230' title='bbox 464 2006 649 2067; x_wconf 87' lang='lat' dir='ltr'>Vides</span> <span class='ocrx_word' id='word_1_231' title='bbox 678 2006 789 2067; x_wconf 93' lang='lat' dir='ltr'>hoc</span> <span class='ocrx_word' id='word_1_232' title='bbox 820 2020 954 2065; x_wconf 91' lang='lat' dir='ltr'>esse</span> <span class='ocrx_word' id='word_1_233' title='bbox 984 1999 1319 2080; x_wconf 85' lang='lat' dir='ltr'>prudentis,</span> <span class='ocrx_word' id='word_1_234' title='bbox 1353 2016 1588 2073; x_wconf 84' lang='lat' dir='ltr'>cavere,</span> <span class='ocrx_word' id='word_1_235' title='bbox 1619 2005 1681 2058; x_wconf 88' lang='lat' dir='ltr'>et</span> <span class='ocrx_word' id='word_1_236' title='bbox 1712 2016 1828 2057; x_wconf 90' lang='lat' dir='ltr'>non</span> <span class='ocrx_word' id='word_1_237' title='bbox 1847 1997 1991 2058; x_wconf 86' lang='lat' dir='ltr'>dare</span> <span class='ocrx_word' id='word_1_238' title='bbox 2021 2019 2118 2059; x_wconf 90' lang='lat' dir='ltr'>oc-</span> 
     </span>
    </p>
   </div>
   <div class='ocr_carea' id='block_1_35' title="bbox 463 2087 2119 2169">
    <p class='ocr_par' dir='ltr' id='par_1_35' title="bbox 463 2087 2119 2169">
     <span class='ocr_line' id='line_1_35' title="bbox 463 2087 2119 2169; baseline -0.005 -10"><span class='ocrx_word' id='word_1_239' title='bbox 463 2096 763 2158; x_wconf 83' lang='lat' dir='ltr'>casionem</span> <span class='ocrx_word' id='word_1_240' title='bbox 784 2089 1123 2154; x_wconf 85' lang='lat' dir='ltr'>volentibus</span> <span class='ocrx_word' id='word_1_241' title='bbox 1141 2088 1445 2169; x_wconf 87' lang='lat' dir='ltr'>persequi,</span> <span class='ocrx_word' id='word_1_242' title='bbox 1471 2087 1574 2148; x_wconf 90' lang='lat' dir='ltr'>sed</span> <span class='ocrx_word' id='word_1_243' title='bbox 1604 2087 1927 2165; x_wconf 80' lang='lat' dir='ltr'>prudenter</span> <span class='ocrx_word' id='word_1_244' title='bbox 1941 2106 2119 2166; x_wconf 82' lang='lat' dir='ltr'>agere</span> 
     </span>
    </p>
   </div>
   <div class='ocr_carea' id='block_1_36' title="bbox 462 2176 2114 2260">
    <p class='ocr_par' dir='ltr' id='par_1_36' title="bbox 462 2176 2114 2260">
     <span class='ocr_line' id='line_1_36' title="bbox 462 2176 2114 2260; baseline -0.005 -13"><span class='ocrx_word' id='word_1_245' title='bbox 462 2203 561 2247; x_wconf 85' lang='lat' dir='ltr'>res</span> <span class='ocrx_word' id='word_1_246' title='bbox 591 2192 845 2246; x_wconf 79' lang='lat' dir='ltr'>nostras.</span> <span class='ocrx_word' id='word_1_247' title='bbox 876 2179 939 2242; x_wconf 92' lang='lat' dir='ltr'>Si</span> <span class='ocrx_word' id='word_1_248' title='bbox 971 2177 1279 2260; x_wconf 86' lang='lat' dir='ltr'>pecuniam</span> <span class='ocrx_word' id='word_1_249' title='bbox 1304 2176 1554 2237; x_wconf 88' lang='lat' dir='ltr'>voluerit</span> <span class='ocrx_word' id='word_1_250' title='bbox 1583 2177 1680 2255; x_wconf 92' lang='lat' dir='ltr'>qui</span> <span class='ocrx_word' id='word_1_251' title='bbox 1713 2178 2114 2259; x_wconf 83' lang='lat' dir='ltr'>persequitur,</span> 
     </span>
    </p>
   </div>
   <div class='ocr_carea' id='block_1_37' title="bbox 464 2265 2115 2344">
    <p class='ocr_par' dir='ltr' id='par_1_37' title="bbox 464 2265 2115 2344">
     <span class='ocr_line' id='line_1_37' title="bbox 464 2265 2115 2344; baseline -0.006 -8"><span class='ocrx_word' id='word_1_252' title='bbox 464 2275 513 2336; x_wconf 91' lang='lat' dir='ltr'>si</span> <span class='ocrx_word' id='word_1_253' title='bbox 536 2270 933 2344; x_wconf 83' lang='lat' dir='ltr'>honorem,da</span> <span class='ocrx_word' id='word_1_254' title='bbox 956 2277 1019 2329; x_wconf 92' lang='lat' dir='ltr'>ut</span> <span class='ocrx_word' id='word_1_255' title='bbox 1048 2286 1121 2328; x_wconf 88' lang='lat' dir='ltr'>ne</span> <span class='ocrx_word' id='word_1_256' title='bbox 1144 2265 1518 2327; x_wconf 87' lang='lat' dir='ltr'>occasionem</span> <span class='ocrx_word' id='word_1_257' title='bbox 1550 2266 1796 2325; x_wconf 71' lang='lat' dir='ltr'>habeat&#39;</span> <span class='ocrx_word' id='word_1_258' title='bbox 1834 2267 1884 2325; x_wconf 90' lang='lat' dir='ltr'>si</span> <span class='ocrx_word' id='word_1_259' title='bbox 1916 2276 2115 2326; x_wconf 84' lang='lat' dir='ltr'>autem</span> 
     </span>
    </p>
   </div>
   <div class='ocr_carea' id='block_1_38' title="bbox 465 2344 2116 2434">
    <p class='ocr_par' dir='ltr' id='par_1_38' title="bbox 465 2344 2116 2434">
     <span class='ocr_line' id='line_1_38' title="bbox 465 2344 2116 2434; baseline -0.007 -10"><span class='ocrx_word' id='word_1_260' title='bbox 465 2361 645 2424; x_wconf 81' lang='lat' dir='ltr'>fidem</span> <span class='ocrx_word' id='word_1_261' title='bbox 673 2360 888 2434; x_wconf 81' lang='lat' dir='ltr'>aufert,</span> <span class='ocrx_word' id='word_1_262' title='bbox 912 2353 1141 2419; x_wconf 84' lang='lat' dir='ltr'>custodi</span> <span class='ocrx_word' id='word_1_263' title='bbox 1172 2366 1338 2413; x_wconf 88' lang='lat' dir='ltr'>tuum</span> <span class='ocrx_word' id='word_1_264' title='bbox 1353 2351 1682 2432; x_wconf 87' lang='lat' dir='ltr'>caput.Non</span> <span class='ocrx_word' id='word_1_265' title='bbox 1707 2358 1903 2413; x_wconf 91' lang='lat' dir='ltr'>autem</span> <span class='ocrx_word' id='word_1_266' title='bbox 1931 2344 2116 2413; x_wconf 84' lang='lat' dir='ltr'>disci-</span> 
     </span>
    </p>
   </div>
   <div class='ocr_carea' id='block_1_39' title="bbox 466 2441 2114 2533">
    <p class='ocr_par' dir='ltr' id='par_1_39' title="bbox 466 2441 2114 2533">
     <span class='ocr_line' id='line_1_39' title="bbox 466 2441 2114 2533; baseline -0.005 -21"><span class='ocrx_word' id='word_1_267' title='bbox 466 2450 641 2533; x_wconf 83' lang='lat' dir='ltr'>pulos</span> <span class='ocrx_word' id='word_1_268' title='bbox 676 2448 967 2510; x_wconf 81' lang='lat' dir='ltr'>missurus</span> <span class='ocrx_word' id='word_1_269' title='bbox 996 2443 1218 2533; x_wconf 82' lang='lat' dir='ltr'>eratad</span> <span class='ocrx_word' id='word_1_270' title='bbox 1251 2443 1483 2505; x_wconf 74' lang='lat' dir='ltr'>Judzeos</span> <span class='ocrx_word' id='word_1_271' title='bbox 1528 2443 1745 2533; x_wconf 83' lang='lat' dir='ltr'>solum,</span> <span class='ocrx_word' id='word_1_272' title='bbox 1790 2441 1894 2533; x_wconf 86' lang='lat' dir='ltr'>sed</span> <span class='ocrx_word' id='word_1_273' title='bbox 1938 2443 2114 2533; x_wconf 86' lang='lat' dir='ltr'>etiam</span> 
     </span>
    </p>
   </div>
   <div class='ocr_carea' id='block_1_40' title="bbox 464 2530 2116 2619">
    <p class='ocr_par' dir='ltr' id='par_1_40' title="bbox 464 2530 2116 2619">
     <span class='ocr_line' id='line_1_40' title="bbox 464 2530 2116 2619; baseline -0.006 -17"><span class='ocrx_word' id='word_1_274' title='bbox 464 2530 539 2605; x_wconf 69' lang='lat' dir='ltr'>id</span> <span class='ocrx_word' id='word_1_275' title='bbox 576 2534 1063 2619; x_wconf 76' lang='lat' dir='ltr'>genteszidcirco</span> <span class='ocrx_word' id='word_1_276' title='bbox 1112 2532 1382 2593; x_wconf 81' lang='lat' dir='ltr'>dicitzln</span> <span class='ocrx_word' id='word_1_277' title='bbox 1419 2530 1822 2593; x_wconf 85' lang='lat' dir='ltr'>testimonium</span> <span class='ocrx_word' id='word_1_278' title='bbox 1874 2532 2017 2610; x_wconf 84' lang='lat' dir='ltr'>ipsis</span> <span class='ocrx_word' id='word_1_279' title='bbox 2058 2540 2116 2592; x_wconf 91' lang='lat' dir='ltr'>et</span> 
     </span>
    </p>
   </div>
   <div class='ocr_carea' id='block_1_41' title="bbox 463 2619 2113 2710">
    <p class='ocr_par' dir='ltr' id='par_1_41' title="bbox 463 2619 2113 2710">
     <span class='ocr_line' id='line_1_41' title="bbox 463 2619 2113 2710; baseline -0.007 -19"><span class='ocrx_word' id='word_1_280' title='bbox 463 2628 762 2710; x_wconf 78' lang='lat' dir='ltr'>gentibus,</span> <span class='ocrx_word' id='word_1_281' title='bbox 792 2626 904 2688; x_wconf 87' lang='lat' dir='ltr'>hoc</span> <span class='ocrx_word' id='word_1_282' title='bbox 937 2630 1046 2696; x_wconf 89' lang='lat' dir='ltr'>est,</span> <span class='ocrx_word' id='word_1_283' title='bbox 1081 2622 1141 2682; x_wconf 92' lang='lat' dir='ltr'>in</span> <span class='ocrx_word' id='word_1_284' title='bbox 1174 2630 1374 2682; x_wconf 88' lang='lat' dir='ltr'>notam</span> <span class='ocrx_word' id='word_1_285' title='bbox 1408 2629 1467 2681; x_wconf 90' lang='lat' dir='ltr'>et</span> <span class='ocrx_word' id='word_1_286' title='bbox 1492 2620 1548 2680; x_wconf 91' lang='lat' dir='ltr'>in</span> <span class='ocrx_word' id='word_1_287' title='bbox 1582 2619 2113 2699; x_wconf 87' lang='lat' dir='ltr'>reprehensionem</span> 
     </span>
    </p>
   </div>
   <div class='ocr_carea' id='block_1_42' title="bbox 465 2711 1260 2797">
    <p class='ocr_par' dir='ltr' id='par_1_42' title="bbox 465 2711 1260 2797">
     <span class='ocr_line' id='line_1_42' title="bbox 465 2711 1260 2797; baseline -0.015 -17"><span class='ocrx_word' id='word_1_288' title='bbox 465 2736 671 2779; x_wconf 86' lang='lat' dir='ltr'>eorum</span> <span class='ocrx_word' id='word_1_289' title='bbox 701 2716 801 2797; x_wconf 91' lang='lat' dir='ltr'>qui</span> <span class='ocrx_word' id='word_1_290' title='bbox 829 2732 949 2774; x_wconf 90' lang='lat' dir='ltr'>non</span> <span class='ocrx_word' id='word_1_291' title='bbox 980 2711 1260 2773; x_wconf 87' lang='lat' dir='ltr'>credunt.</span> 
     </span>
    </p>
   </div>
   <div class='ocr_carea' id='block_1_43' title="bbox 546 2887 2119 2967">
    <p class='ocr_par' dir='ltr' id='par_1_43' title="bbox 546 2887 2119 2967">
     <span class='ocr_line' id='line_1_43' title="bbox 546 2887 2119 2967; baseline -0.006 -8"><span class='ocrx_word' id='word_1_292' title='bbox 546 2894 732 2958; x_wconf 75' lang='lat' dir='ltr'>VEns.</span> <span class='ocrx_word' id='word_1_293' title='bbox 768 2896 861 2967; x_wconf 87' lang='grc'>19,</span> <span class='ocrx_word' id='word_1_294' title='bbox 893 2891 993 2953; x_wconf 67' lang='lat'>20.</span> <span class='ocrx_word' id='word_1_295' title='bbox 1036 2911 1063 2948; x_wconf 79' lang='grc' dir='ltr'>ε</span> <span class='ocrx_word' id='word_1_296' title='bbox 1086 2891 1161 2950; x_wconf 83' lang='grc' dir='ltr'>Αι</span> <span class='ocrx_word' id='word_1_297' title='bbox 1190 2906 1324 2949; x_wconf 89' lang='lat' dir='ltr'>cum</span> <span class='ocrx_word' id='word_1_298' title='bbox 1378 2887 1730 2950; x_wconf 85' lang='lat' dir='ltr'>tradiderint</span> <span class='ocrx_word' id='word_1_299' title='bbox 1762 2888 1855 2947; x_wconf 76' lang='lat'>49</span> <span class='ocrx_word' id='word_1_300' title='bbox 1886 2907 2009 2959; x_wconf 77' lang='lat' dir='ltr'>vos,</span> <span class='ocrx_word' id='word_1_301' title='bbox 2044 2908 2119 2949; x_wconf 91' lang='lat' dir='ltr'>ne</span> 
     </span>
    </p>
   </div>
   <div class='ocr_carea' id='block_1_44' title="bbox 2200 1814 3862 1901">
    <p class='ocr_par' dir='ltr' id='par_1_44' title="bbox 2200 1814 3862 1901">
     <span class='ocr_line' id='line_1_44' title="bbox 2200 1814 3862 1901; baseline -0.001 -29"><span class='ocrx_word' id='word_1_302' title='bbox 2200 1821 2305 1872; x_wconf 85' lang='grc' dir='ltr'>τῶν</span> <span class='ocrx_word' id='word_1_303' title='bbox 2364 1819 2792 1895; x_wconf 82' lang='grc' dir='ltr'>μαστιγώσουσιν</span> <span class='ocrx_word' id='word_1_304' title='bbox 2843 1821 3004 1901; x_wconf 78' lang='grc' dir='ltr'>ὑμᾶς,</span> <span class='ocrx_word' id='word_1_305' title='bbox 3066 1820 3153 1875; x_wconf 80' lang='grc' dir='ltr'>καὶ</span> <span class='ocrx_word' id='word_1_306' title='bbox 3203 1817 3288 1875; x_wconf 68' lang='grc' dir='ltr'>ἐπὶ</span> <span class='ocrx_word' id='word_1_307' title='bbox 3327 1818 3598 1897; x_wconf 73' lang='grc' dir='ltr'>ἡγεμόνας</span> <span class='ocrx_word' id='word_1_308' title='bbox 3655 1814 3708 1873; x_wconf 65' lang='grc' dir='ltr'>δὲ</span> <span class='ocrx_word' id='word_1_309' title='bbox 3769 1816 3862 1872; x_wconf 73' lang='grc' dir='ltr'>καὶ</span> 
     </span>
    </p>
   </div>
   <div class='ocr_carea' id='block_1_45' title="bbox 2196 1903 3862 1987">
    <p class='ocr_par' dir='ltr' id='par_1_45' title="bbox 2196 1903 3862 1987">
     <span class='ocr_line' id='line_1_45' title="bbox 2196 1903 3862 1987; baseline -0.007 -16"><span class='ocrx_word' id='word_1_310' title='bbox 2196 1903 2442 1980; x_wconf 63' lang='lat' dir='ltr'>Butler:</span> <span class='ocrx_word' id='word_1_311' title='bbox 2514 1906 2814 1987; x_wconf 77' lang='grc' dir='ltr'>ἀχθήσεσθε</span> <span class='ocrx_word' id='word_1_312' title='bbox 2869 1909 3046 1965; x_wconf 75' lang='grc' dir='ltr'>ἕνεκεν</span> <span class='ocrx_word' id='word_1_313' title='bbox 3095 1908 3249 1984; x_wconf 74' lang='grc' dir='ltr'>ἐμοῦ,</span> <span class='ocrx_word' id='word_1_314' title='bbox 3306 1909 3380 1972; x_wconf 82' lang='grc' dir='ltr'>εἷς</span> <span class='ocrx_word' id='word_1_315' title='bbox 3430 1909 3710 1985; x_wconf 83' lang='grc' dir='ltr'>μαρτύριον</span> <span class='ocrx_word' id='word_1_316' title='bbox 3766 1904 3862 1961; x_wconf 76' lang='grc' dir='ltr'>αὒ-</span> 
     </span>
    </p>
   </div>
   <div class='ocr_carea' id='block_1_46' title="bbox 2195 1990 3859 2078">
    <p class='ocr_par' dir='ltr' id='par_1_46' title="bbox 2195 1990 3859 2078">
     <span class='ocr_line' id='line_1_46' title="bbox 2195 1990 3859 2078; baseline -0.001 -29"><span class='ocrx_word' id='word_1_317' title='bbox 2195 2007 2314 2059; x_wconf 89' lang='grc' dir='ltr'>τοῖς</span> <span class='ocrx_word' id='word_1_318' title='bbox 2373 1997 2459 2052; x_wconf 80' lang='grc' dir='ltr'>καὶ</span> <span class='ocrx_word' id='word_1_319' title='bbox 2518 2010 2637 2059; x_wconf 85' lang='grc' dir='ltr'>τοῖς</span> <span class='ocrx_word' id='word_1_320' title='bbox 2695 1996 2914 2057; x_wconf 59' lang='grc' dir='ltr'>ἕθγεσιν.</span> <span class='ocrx_word' id='word_1_321' title='bbox 2950 2023 2980 2054; x_wconf 69' lang='grc' dir='ltr'><strong><em>ι</em></strong></span> <span class='ocrx_word' id='word_1_322' title='bbox 3019 1990 3196 2078; x_wconf 81' lang='grc' dir='ltr'>Ὀρᾷς,</span> <span class='ocrx_word' id='word_1_323' title='bbox 3230 1999 3383 2054; x_wconf 72' lang='grc' dir='ltr'>τοῦτό</span> <span class='ocrx_word' id='word_1_324' title='bbox 3414 1996 3524 2053; x_wconf 74' lang='grc' dir='ltr'>ἐστι</span> <span class='ocrx_word' id='word_1_325' title='bbox 3558 1998 3616 2052; x_wconf 80' lang='grc' dir='ltr'>τὸ</span> <span class='ocrx_word' id='word_1_326' title='bbox 3668 1996 3859 2077; x_wconf 67' lang='grc' dir='ltr'>φρόνι-</span> 
     </span>
    </p>
   </div>
   <div class='ocr_carea' id='block_1_47' title="bbox 2199 2084 3862 2166">
    <p class='ocr_par' dir='ltr' id='par_1_47' title="bbox 2199 2084 3862 2166">
     <span class='ocr_line' id='line_1_47' title="bbox 2199 2084 3862 2166; baseline 0.005 -27"><span class='ocrx_word' id='word_1_327' title='bbox 2199 2106 2300 2159; x_wconf 87' lang='grc' dir='ltr'>μον</span> <span class='ocrx_word' id='word_1_328' title='bbox 2332 2084 2501 2159; x_wconf 70' lang='grc' dir='ltr'>εἷνκι,</span> <span class='ocrx_word' id='word_1_329' title='bbox 2547 2087 2608 2141; x_wconf 86' lang='grc' dir='ltr'>τὸ</span> <span class='ocrx_word' id='word_1_330' title='bbox 2638 2088 2925 2166; x_wconf 76' lang='grc' dir='ltr'>προσέχειν</span> <span class='ocrx_word' id='word_1_331' title='bbox 2958 2090 3045 2144; x_wconf 86' lang='grc' dir='ltr'>καὶ</span> <span class='ocrx_word' id='word_1_332' title='bbox 3102 2088 3182 2163; x_wconf 81' lang='grc' dir='ltr'>μὴ</span> <span class='ocrx_word' id='word_1_333' title='bbox 3222 2084 3420 2143; x_wconf 82' lang='grc' dir='ltr'>διδόναι</span> <span class='ocrx_word' id='word_1_334' title='bbox 3450 2086 3694 2165; x_wconf 72' lang='grc' dir='ltr'>ἀφορμὴν</span> <span class='ocrx_word' id='word_1_335' title='bbox 3737 2098 3862 2147; x_wconf 76' lang='grc' dir='ltr'>τοῖς</span> 
     </span>
    </p>
   </div>
   <div class='ocr_carea' id='block_1_48' title="bbox 2198 2173 3857 2258">
    <p class='ocr_par' dir='ltr' id='par_1_48' title="bbox 2198 2173 3857 2258">
     <span class='ocr_line' id='line_1_48' title="bbox 2198 2173 3857 2258; baseline 0 -27"><span class='ocrx_word' id='word_1_336' title='bbox 2198 2173 2405 2232; x_wconf 84' lang='grc' dir='ltr'>θέλουσι</span> <span class='ocrx_word' id='word_1_337' title='bbox 2462 2174 2680 2251; x_wconf 77' lang='grc' dir='ltr'>θλίϐειν,</span> <span class='ocrx_word' id='word_1_338' title='bbox 2759 2177 2895 2234; x_wconf 76' lang='grc' dir='ltr'>ἀλλὰ</span> <span class='ocrx_word' id='word_1_339' title='bbox 2964 2178 3232 2258; x_wconf 76' lang='grc' dir='ltr'>φρονίμως</span> <span class='ocrx_word' id='word_1_340' title='bbox 3289 2176 3511 2235; x_wconf 65' lang='grc' dir='ltr'>διοικεῖν</span> <span class='ocrx_word' id='word_1_341' title='bbox 3602 2179 3667 2231; x_wconf 77' lang='grc' dir='ltr'>τὰ</span> <span class='ocrx_word' id='word_1_342' title='bbox 3736 2173 3857 2232; x_wconf 81' lang='grc' dir='ltr'>καθ’</span> 
     </span>
    </p>
   </div>
   <div class='ocr_carea' id='block_1_49' title="bbox 2199 2262 3861 2346">
    <p class='ocr_par' dir='ltr' id='par_1_49' title="bbox 2199 2262 3861 2346">
     <span class='ocr_line' id='line_1_49' title="bbox 2199 2262 3861 2346; baseline 0.005 -26"><span class='ocrx_word' id='word_1_343' title='bbox 2199 2265 2441 2329; x_wconf 77' lang='grc' dir='ltr'>ἑαυτούς·</span> <span class='ocrx_word' id='word_1_344' title='bbox 2503 2264 2565 2320; x_wconf 81' lang='grc' dir='ltr'>ἄν</span> <span class='ocrx_word' id='word_1_345' title='bbox 2616 2269 2875 2346; x_wconf 73' lang='grc' dir='ltr'>χρήματα</span> <span class='ocrx_word' id='word_1_346' title='bbox 2905 2268 3033 2345; x_wconf 79' lang='grc' dir='ltr'>θέλῃ</span> <span class='ocrx_word' id='word_1_347' title='bbox 3088 2270 3118 2324; x_wconf 86' lang='grc' dir='ltr'>ὁ</span> <span class='ocrx_word' id='word_1_348' title='bbox 3146 2267 3377 2346; x_wconf 83' lang='grc' dir='ltr'>διώκων,</span> <span class='ocrx_word' id='word_1_349' title='bbox 3437 2266 3498 2325; x_wconf 76' lang='grc' dir='ltr'>ἂν</span> <span class='ocrx_word' id='word_1_350' title='bbox 3546 2266 3732 2341; x_wconf 74' lang='grc' dir='ltr'>τιμὴν,</span> <span class='ocrx_word' id='word_1_351' title='bbox 3768 2262 3861 2328; x_wconf 69' lang='grc' dir='ltr'>δὸς</span> 
     </span>
    </p>
   </div>
   <div class='ocr_carea' id='block_1_50' title="bbox 2197 2352 3862 2434">
    <p class='ocr_par' dir='ltr' id='par_1_50' title="bbox 2197 2352 3862 2434">
     <span class='ocr_line' id='line_1_50' title="bbox 2197 2352 3862 2434; baseline 0 -26"><span class='ocrx_word' id='word_1_352' title='bbox 2197 2352 2291 2408; x_wconf 72' lang='grc' dir='ltr'>ἵνα</span> <span class='ocrx_word' id='word_1_353' title='bbox 2350 2354 2429 2426; x_wconf 75' lang='grc' dir='ltr'>μὴ</span> <span class='ocrx_word' id='word_1_354' title='bbox 2488 2353 2595 2433; x_wconf 76' lang='grc' dir='ltr'>ἔχῃ</span> <span class='ocrx_word' id='word_1_355' title='bbox 2629 2356 2897 2434; x_wconf 69' lang='grc' dir='ltr'>ἀφορμήνο</span> <span class='ocrx_word' id='word_1_356' title='bbox 2937 2354 2998 2412; x_wconf 77' lang='grc' dir='ltr'>ἄν</span> <span class='ocrx_word' id='word_1_357' title='bbox 3057 2353 3111 2412; x_wconf 77' lang='grc' dir='ltr'>δὲ</span> <span class='ocrx_word' id='word_1_358' title='bbox 3166 2356 3263 2422; x_wconf 73' lang='grc' dir='ltr'>τὴν</span> <span class='ocrx_word' id='word_1_359' title='bbox 3308 2357 3484 2411; x_wconf 88' lang='grc' dir='ltr'>πίστιν</span> <span class='ocrx_word' id='word_1_360' title='bbox 3543 2353 3862 2434; x_wconf 71' lang='grc' dir='ltr'>ἀφαιρῆται,</span> 
     </span>
    </p>
   </div>
   <div class='ocr_carea' id='block_1_51' title="bbox 2198 2439 3865 2524">
    <p class='ocr_par' dir='ltr' id='par_1_51' title="bbox 2198 2439 3865 2524">
     <span class='ocr_line' id='line_1_51' title="bbox 2198 2439 3865 2524; baseline 0.002 -28"><span class='ocrx_word' id='word_1_361' title='bbox 2198 2439 2429 2521; x_wconf 73' lang='grc' dir='ltr'>φύλαττέ</span> <span class='ocrx_word' id='word_1_362' title='bbox 2502 2465 2596 2500; x_wconf 87' lang='grc' dir='ltr'>σου</span> <span class='ocrx_word' id='word_1_363' title='bbox 2648 2444 2749 2511; x_wconf 78' lang='grc' dir='ltr'>τὴν</span> <span class='ocrx_word' id='word_1_364' title='bbox 2804 2443 3068 2524; x_wconf 73' lang='grc' dir='ltr'>κεφαλὴν,</span> <span class='ocrx_word' id='word_1_365' title='bbox 3103 2446 3176 2503; x_wconf 76' lang='grc' dir='ltr'>Οὐ</span> <span class='ocrx_word' id='word_1_366' title='bbox 3229 2447 3392 2519; x_wconf 85' lang='grc' dir='ltr'>μόνον</span> <span class='ocrx_word' id='word_1_367' title='bbox 3448 2442 3501 2500; x_wconf 73' lang='grc' dir='ltr'>δὲ</span> <span class='ocrx_word' id='word_1_368' title='bbox 3530 2446 3662 2521; x_wconf 86' lang='grc' dir='ltr'>πρὸς</span> <span class='ocrx_word' id='word_1_369' title='bbox 3721 2443 3865 2499; x_wconf 76' lang='grc' dir='ltr'>Ἰου·</span> 
     </span>
    </p>
   </div>
   <div class='ocr_carea' id='block_1_52' title="bbox 2198 2529 3862 2612">
    <p class='ocr_par' dir='ltr' id='par_1_52' title="bbox 2198 2529 3862 2612">
     <span class='ocr_line' id='line_1_52' title="bbox 2198 2529 3862 2612; baseline 0.001 -27"><span class='ocrx_word' id='word_1_370' title='bbox 2198 2529 2373 2593; x_wconf 87' lang='grc' dir='ltr'>δαίους</span> <span class='ocrx_word' id='word_1_371' title='bbox 2434 2531 2667 2608; x_wconf 82' lang='grc' dir='ltr'>πέμπειν</span> <span class='ocrx_word' id='word_1_372' title='bbox 2724 2532 2909 2609; x_wconf 71' lang='grc' dir='ltr'>μέλλει</span> <span class='ocrx_word' id='word_1_373' title='bbox 2966 2535 3086 2597; x_wconf 85' lang='grc' dir='ltr'>τοὺς</span> <span class='ocrx_word' id='word_1_374' title='bbox 3145 2535 3414 2612; x_wconf 77' lang='grc' dir='ltr'>μαθητὰς,</span> <span class='ocrx_word' id='word_1_375' title='bbox 3442 2531 3579 2589; x_wconf 80' lang='grc' dir='ltr'>ἀλλὰ</span> <span class='ocrx_word' id='word_1_376' title='bbox 3610 2534 3697 2587; x_wconf 83' lang='grc' dir='ltr'>καὶ</span> <span class='ocrx_word' id='word_1_377' title='bbox 3727 2533 3862 2608; x_wconf 83' lang='grc' dir='ltr'>πρὸς</span> 
     </span>
    </p>
   </div>
   <div class='ocr_carea' id='block_1_53' title="bbox 2196 2617 3861 2702">
    <p class='ocr_par' dir='ltr' id='par_1_53' title="bbox 2196 2617 3861 2702">
     <span class='ocr_line' id='line_1_53' title="bbox 2196 2617 3861 2702; baseline 0 -26"><span class='ocrx_word' id='word_1_378' title='bbox 2196 2620 2262 2679; x_wconf 75' lang='grc' dir='ltr'>τὰ</span> <span class='ocrx_word' id='word_1_379' title='bbox 2332 2617 2480 2700; x_wconf 76' lang='grc' dir='ltr'>ἔθνη,</span> <span class='ocrx_word' id='word_1_380' title='bbox 2540 2619 2619 2677; x_wconf 84' lang='grc' dir='ltr'>διὸ</span> <span class='ocrx_word' id='word_1_381' title='bbox 2648 2624 2736 2679; x_wconf 90' lang='grc' dir='ltr'>καὶ</span> <span class='ocrx_word' id='word_1_382' title='bbox 2761 2622 2931 2702; x_wconf 85' lang='grc' dir='ltr'>λέγει,</span> <span class='ocrx_word' id='word_1_383' title='bbox 2980 2624 3069 2686; x_wconf 86' lang='grc' dir='ltr'>Εἷς</span> <span class='ocrx_word' id='word_1_384' title='bbox 3100 2623 3383 2702; x_wconf 88' lang='grc' dir='ltr'>μαρτύριον</span> <span class='ocrx_word' id='word_1_385' title='bbox 3413 2622 3599 2684; x_wconf 66' lang='grc' dir='ltr'>αὺτοῖς</span> <span class='ocrx_word' id='word_1_386' title='bbox 3624 2623 3713 2677; x_wconf 84' lang='grc' dir='ltr'>καὶ</span> <span class='ocrx_word' id='word_1_387' title='bbox 3740 2633 3861 2682; x_wconf 87' lang='grc' dir='ltr'>τοῖς</span> 
     </span>
    </p>
   </div>
   <div class='ocr_carea' id='block_1_54' title="bbox 2198 2707 3859 2792">
    <p class='ocr_par' dir='ltr' id='par_1_54' title="bbox 2198 2707 3859 2792">
     <span class='ocr_line' id='line_1_54' title="bbox 2198 2707 3859 2792; baseline 0 -29"><span class='ocrx_word' id='word_1_388' title='bbox 2198 2707 2391 2788; x_wconf 69' lang='grc' dir='ltr'>ἔθνεσι,</span> <span class='ocrx_word' id='word_1_389' title='bbox 2450 2711 2719 2768; x_wconf 77' lang='grc' dir='ltr'>τουτέστιν</span> <span class='ocrx_word' id='word_1_390' title='bbox 2776 2715 2850 2777; x_wconf 80' lang='grc' dir='ltr'>εἰς</span> <span class='ocrx_word' id='word_1_391' title='bbox 2928 2712 3157 2792; x_wconf 75' lang='grc' dir='ltr'>ἔλεγχον</span> <span class='ocrx_word' id='word_1_392' title='bbox 3212 2716 3381 2771; x_wconf 76' lang='grc' dir='ltr'>αὐτῶν</span> <span class='ocrx_word' id='word_1_393' title='bbox 3443 2712 3521 2787; x_wconf 71' lang='grc' dir='ltr'>μὴ</span> <span class='ocrx_word' id='word_1_394' title='bbox 3572 2710 3859 2767; x_wconf 80' lang='grc' dir='ltr'>πιστευόν-</span> 
     </span>
    </p>
   </div>
   <div class='ocr_carea' id='block_1_55' title="bbox 2199 2820 2329 2859">
    <p class='ocr_par' dir='ltr' id='par_1_55' title="bbox 2199 2820 2329 2859">
     <span class='ocr_line' id='line_1_55' title="bbox 2199 2820 2329 2859; baseline -0.031 -5"><span class='ocrx_word' id='word_1_395' title='bbox 2199 2820 2329 2859; x_wconf 86' lang='grc' dir='ltr'>των,</span> 
     </span>
    </p>
   </div>
   <div class='ocr_carea' id='block_1_56' title="bbox 2284 2877 3861 2968">
    <p class='ocr_par' dir='ltr' id='par_1_56' title="bbox 2284 2877 3861 2968">
     <span class='ocr_line' id='line_1_56' title="bbox 2284 2877 3861 2968; baseline 0.011 -28"><span class='ocrx_word' id='word_1_396' title='bbox 2284 2909 2313 2940; x_wconf 79' lang='grc' dir='ltr'>ε</span> <span class='ocrx_word' id='word_1_397' title='bbox 2349 2877 2526 2945; x_wconf 74' lang='grc' dir='ltr'>’Ὅταν</span> <span class='ocrx_word' id='word_1_398' title='bbox 2585 2887 2640 2945; x_wconf 72' lang='grc' dir='ltr'>δὲ</span> <span class='ocrx_word' id='word_1_399' title='bbox 2712 2889 3068 2967; x_wconf 84' lang='grc' dir='ltr'>παραδιδῶσιν</span> <span class='ocrx_word' id='word_1_400' title='bbox 3127 2893 3289 2967; x_wconf 76' lang='grc' dir='ltr'>ὑμᾶς,</span> <span class='ocrx_word' id='word_1_401' title='bbox 3353 2893 3430 2967; x_wconf 77' lang='grc' dir='ltr'>μὴ</span> <span class='ocrx_word' id='word_1_402' title='bbox 3486 2893 3861 2968; x_wconf 70' lang='grc' dir='ltr'>μεριμνήσητε</span> 
     </span>
    </p>
   </div>
   <div class='ocr_carea' id='block_1_57' title="bbox 465 2974 2115 3061">
    <p class='ocr_par' dir='ltr' id='par_1_57' title="bbox 465 2977 2115 3060">
     <span class='ocr_line' id='line_1_57' title="bbox 465 2977 2115 3060; baseline -0.007 -11"><span class='ocrx_word' id='word_1_403' title='bbox 465 2987 594 3049; x_wconf 83' lang='lat' dir='ltr'>sitis</span> <span class='ocrx_word' id='word_1_404' title='bbox 623 2982 863 3048; x_wconf 88' lang='lat' dir='ltr'>solliciti</span> <span class='ocrx_word' id='word_1_405' title='bbox 885 2978 1182 3060; x_wconf 91' lang='lat' dir='ltr'>quomodo</span> <span class='ocrx_word' id='word_1_406' title='bbox 1208 2987 1308 3039; x_wconf 87' lang='lat' dir='ltr'>aut</span> <span class='ocrx_word' id='word_1_407' title='bbox 1338 2977 1477 3057; x_wconf 90' lang='lat' dir='ltr'>quid</span> <span class='ocrx_word' id='word_1_408' title='bbox 1513 2978 1862 3057; x_wconf 86' lang='lat' dir='ltr'>loquamini;</span> <span class='ocrx_word' id='word_1_409' title='bbox 1882 2978 2115 3038; x_wconf 89' lang='lat' dir='ltr'>dabitur</span> 
     </span>
    </p>
   </div>
   <div class='ocr_carea' id='block_1_58' title="bbox 2206 2974 3861 3061">
    <p class='ocr_par' dir='ltr' id='par_1_58' title="bbox 2206 2974 3861 3061">
     <span class='ocr_line' id='line_1_58' title="bbox 2206 2974 3861 3061; baseline 0.002 -30"><span class='ocrx_word' id='word_1_410' title='bbox 2206 2982 2317 3039; x_wconf 81' lang='grc' dir='ltr'>πῶς</span> <span class='ocrx_word' id='word_1_411' title='bbox 2383 2974 2418 3043; x_wconf 76' lang='grc' dir='ltr'><strong>ἤ</strong></span> <span class='ocrx_word' id='word_1_412' title='bbox 2475 2980 2525 3034; x_wconf 88' lang='grc' dir='ltr'>τί</span> <span class='ocrx_word' id='word_1_413' title='bbox 2582 2977 2882 3060; x_wconf 74' lang='grc' dir='ltr'>λαλήσητε,</span> <span class='ocrx_word' id='word_1_414' title='bbox 2942 2979 3219 3051; x_wconf 76' lang='grc' dir='ltr'>δοθήσεται</span> <span class='ocrx_word' id='word_1_415' title='bbox 3252 2983 3353 3061; x_wconf 72' lang='grc' dir='ltr'>γὰρ</span> <span class='ocrx_word' id='word_1_416' title='bbox 3382 2983 3510 3057; x_wconf 78' lang='grc' dir='ltr'>ὑμῖν</span> <span class='ocrx_word' id='word_1_417' title='bbox 3568 2979 3623 3036; x_wconf 74' lang='grc' dir='ltr'>ἐν</span> <span class='ocrx_word' id='word_1_418' title='bbox 3682 2982 3861 3056; x_wconf 61' lang='grc' dir='ltr'>εκείνη</span> 
     </span>
    </p>
   </div>
   <div class='ocr_carea' id='block_1_59' title="bbox 462 3055 2115 3149">
    <p class='ocr_par' dir='ltr' id='par_1_59' title="bbox 462 3055 2101 3148">
     <span class='ocr_line' id='line_1_59' title="bbox 462 3055 2101 3148; baseline -0.009 -9"><span class='ocrx_word' id='word_1_419' title='bbox 462 3077 625 3139; x_wconf 90' lang='lat' dir='ltr'>enim</span> <span class='ocrx_word' id='word_1_420' title='bbox 660 3055 1036 3135; x_wconf 70' lang='lat' dir='ltr'>vohisinilla</span> <span class='ocrx_word' id='word_1_421' title='bbox 1066 3070 1211 3129; x_wconf 89' lang='lat' dir='ltr'>hora</span> <span class='ocrx_word' id='word_1_422' title='bbox 1234 3055 1372 3148; x_wconf 83' lang='lat' dir='ltr'>quid</span> <span class='ocrx_word' id='word_1_423' title='bbox 1408 3055 1751 3146; x_wconf 87' lang='lat' dir='ltr'>loquamini.</span> <span class='ocrx_word' id='word_1_424' title='bbox 1785 3065 1913 3128; x_wconf 86' lang='lat' dir='ltr'>Non</span> <span class='ocrx_word' id='word_1_425' title='bbox 1944 3067 2101 3127; x_wconf 89' lang='lat' dir='ltr'>enim</span> 
     </span>
    </p>
   </div>
   <div class='ocr_carea' id='block_1_60' title="bbox 2206 3055 3864 3149">
    <p class='ocr_par' dir='ltr' id='par_1_60' title="bbox 2206 3055 3864 3149">
     <span class='ocr_line' id='line_1_60' title="bbox 2206 3055 3864 3149; baseline -0.001 -24"><span class='ocrx_word' id='word_1_426' title='bbox 2206 3070 2270 3140; x_wconf 80' lang='grc' dir='ltr'>τῇ</span> <span class='ocrx_word' id='word_1_427' title='bbox 2328 3064 2439 3145; x_wconf 72' lang='grc' dir='ltr'>ὥρᾳ</span> <span class='ocrx_word' id='word_1_428' title='bbox 2489 3069 2538 3123; x_wconf 87' lang='grc' dir='ltr'>τί</span> <span class='ocrx_word' id='word_1_429' title='bbox 2568 3055 2975 3139; x_wconf 62' lang='grc' dir='ltr'>λαλήσητε.νοῦ</span> <span class='ocrx_word' id='word_1_430' title='bbox 3004 3072 3104 3149; x_wconf 80' lang='grc' dir='ltr'>γὰρ</span> <span class='ocrx_word' id='word_1_431' title='bbox 3158 3055 3471 3147; x_wconf 39' lang='grc' dir='ltr'>ὑμεῖς’ἐστε</span> <span class='ocrx_word' id='word_1_432' title='bbox 3523 3071 3569 3127; x_wconf 80' lang='lat' dir='ltr'>oi</span> <span class='ocrx_word' id='word_1_433' title='bbox 3638 3055 3864 3126; x_wconf 78' lang='grc' dir='ltr'>λαλοῦν-</span> 
     </span>
    </p>
   </div>
   <div class='ocr_carea' id='block_1_61' title="bbox 462 3155 2115 3241">
    <p class='ocr_par' dir='ltr' id='par_1_61' title="bbox 462 3156 2104 3241">
     <span class='ocr_line' id='line_1_61' title="bbox 462 3156 2104 3241; baseline -0.005 -15"><span class='ocrx_word' id='word_1_434' title='bbox 462 3184 565 3228; x_wconf 84' lang='lat' dir='ltr'>vos</span> <span class='ocrx_word' id='word_1_435' title='bbox 595 3165 736 3227; x_wconf 89' lang='lat' dir='ltr'>estis</span> <span class='ocrx_word' id='word_1_436' title='bbox 767 3162 849 3224; x_wconf 90' lang='lat' dir='ltr'>illi</span> <span class='ocrx_word' id='word_1_437' title='bbox 880 3162 1211 3241; x_wconf 89' lang='lat' dir='ltr'>loquentes,</span> <span class='ocrx_word' id='word_1_438' title='bbox 1263 3157 1366 3218; x_wconf 90' lang='lat' dir='ltr'>sed</span> <span class='ocrx_word' id='word_1_439' title='bbox 1400 3156 1657 3237; x_wconf 89' lang='lat' dir='ltr'>Spiritus</span> <span class='ocrx_word' id='word_1_440' title='bbox 1708 3158 1896 3218; x_wconf 78' lang='lat' dir='ltr'>Patris</span> <span class='ocrx_word' id='word_1_441' title='bbox 1928 3157 2104 3218; x_wconf 87' lang='lat' dir='ltr'>vestri</span> 
     </span>
    </p>
   </div>
   <div class='ocr_carea' id='block_1_62' title="bbox 2206 3155 3864 3241">
    <p class='ocr_par' dir='ltr' id='par_1_62' title="bbox 2206 3155 3864 3241">
     <span class='ocr_line' id='line_1_62' title="bbox 2206 3155 3864 3241; baseline 0.001 -32"><span class='ocrx_word' id='word_1_442' title='bbox 2206 3174 2300 3230; x_wconf 79' lang='grc' dir='ltr'>ῖες,</span> <span class='ocrx_word' id='word_1_443' title='bbox 2377 3155 2513 3213; x_wconf 81' lang='grc' dir='ltr'>ἀλλὰ</span> <span class='ocrx_word' id='word_1_444' title='bbox 2583 3160 2645 3241; x_wconf 60' lang='grc' dir='ltr'>τό</span> <span class='ocrx_word' id='word_1_445' title='bbox 2703 3163 2914 3235; x_wconf 75' lang='grc' dir='ltr'>Πνεῦμα</span> <span class='ocrx_word' id='word_1_446' title='bbox 2962 3168 3057 3216; x_wconf 82' lang='grc' dir='ltr'>τοῦ</span> <span class='ocrx_word' id='word_1_447' title='bbox 3085 3164 3288 3240; x_wconf 83' lang='grc' dir='ltr'>Πατρὸς</span> <span class='ocrx_word' id='word_1_448' title='bbox 3319 3163 3490 3237; x_wconf 80' lang='grc' dir='ltr'>ὑμῶν,</span> <span class='ocrx_word' id='word_1_449' title='bbox 3542 3162 3605 3216; x_wconf 84' lang='grc' dir='ltr'>τὸ</span> <span class='ocrx_word' id='word_1_450' title='bbox 3673 3157 3864 3216; x_wconf 62' lang='grc' dir='ltr'>λαλοῦν</span> 
     </span>
    </p>
   </div>
   <div class='ocr_carea' id='block_1_63' title="bbox 463 3237 2115 3337">
    <p class='ocr_par' dir='ltr' id='par_1_63' title="bbox 463 3237 2110 3337">
     <span class='ocr_line' id='line_1_63' title="bbox 463 3237 2110 3337; baseline -0.005 -21"><span class='ocrx_word' id='word_1_451' title='bbox 463 3255 562 3337; x_wconf 90' lang='lat' dir='ltr'>qui</span> <span class='ocrx_word' id='word_1_452' title='bbox 612 3252 871 3336; x_wconf 73' lang='lat' dir='ltr'>loquitur</span> <span class='ocrx_word' id='word_1_453' title='bbox 924 3237 985 3310; x_wconf 81' lang='lat' dir='ltr'>in</span> <span class='ocrx_word' id='word_1_454' title='bbox 1033 3247 1229 3337; x_wconf 73' lang='lat' dir='ltr'>vobis.</span> <span class='ocrx_word' id='word_1_455' title='bbox 1259 3271 1310 3337; x_wconf 15' lang='lat' dir='ltr'>An</span> <span class='ocrx_word' id='word_1_456' title='bbox 1360 3244 1447 3307; x_wconf 89' lang='lat' dir='ltr'>Ne</span> <span class='ocrx_word' id='word_1_457' title='bbox 1477 3246 1732 3337; x_wconf 87' lang='lat' dir='ltr'>dicant:</span> <span class='ocrx_word' id='word_1_458' title='bbox 1798 3245 2110 3337; x_wconf 86' lang='lat' dir='ltr'>Quomodo</span> 
     </span>
    </p>
   </div>
   <div class='ocr_carea' id='block_1_64' title="bbox 2206 3237 3849 3337">
    <p class='ocr_par' dir='ltr' id='par_1_64' title="bbox 2206 3237 3849 3324">
     <span class='ocr_line' id='line_1_64' title="bbox 2206 3237 3849 3324; baseline 0.001 -22"><span class='ocrx_word' id='word_1_459' title='bbox 2206 3240 2248 3299; x_wconf 58' lang='grc' dir='ltr'>ἓν</span> <span class='ocrx_word' id='word_1_460' title='bbox 2303 3248 2459 3322; x_wconf 80' lang='grc' dir='ltr'>ὑμῖν.</span> <span class='ocrx_word' id='word_1_461' title='bbox 2519 3265 2553 3307; x_wconf 71' lang='grc' dir='ltr'><strong><em>ι</em></strong></span> <span class='ocrx_word' id='word_1_462' title='bbox 2632 3238 2762 3305; x_wconf 61' lang='grc' dir='ltr'>’Ίνα</span> <span class='ocrx_word' id='word_1_463' title='bbox 2836 3250 2915 3324; x_wconf 76' lang='grc' dir='ltr'>μὴ</span> <span class='ocrx_word' id='word_1_464' title='bbox 2980 3237 3211 3324; x_wconf 75' lang='grc' dir='ltr'>εἴπωσι,</span> <span class='ocrx_word' id='word_1_465' title='bbox 3236 3251 3334 3307; x_wconf 82' lang='grc' dir='ltr'>Καὶ</span> <span class='ocrx_word' id='word_1_466' title='bbox 3382 3256 3498 3315; x_wconf 84' lang='grc' dir='ltr'>πῶς</span> <span class='ocrx_word' id='word_1_467' title='bbox 3528 3247 3849 3322; x_wconf 80' lang='grc' dir='ltr'>δυνησόμεθα</span> 
     </span>
    </p>
   </div>
   <div class='ocr_carea' id='block_1_65' title="bbox 465 3334 2115 3427">
    <p class='ocr_par' dir='ltr' id='par_1_65' title="bbox 465 3334 2113 3427">
     <span class='ocr_line' id='line_1_65' title="bbox 465 3334 2113 3427; baseline -0.007 -20"><span class='ocrx_word' id='word_1_468' title='bbox 465 3334 827 3427; x_wconf 80' lang='lat' dir='ltr'>persuadere</span> <span class='ocrx_word' id='word_1_469' title='bbox 864 3338 1186 3421; x_wconf 90' lang='lat' dir='ltr'>poterimus</span> <span class='ocrx_word' id='word_1_470' title='bbox 1218 3335 1729 3427; x_wconf 67' lang='lat' dir='ltr'>idiotzesapientia</span> <span class='ocrx_word' id='word_1_471' title='bbox 1784 3334 2113 3417; x_wconf 69' lang='lat' dir='ltr'>praeditos?</span> 
     </span>
    </p>
   </div>
   <div class='ocr_carea' id='block_1_66' title="bbox 2206 3334 3860 3427">
    <p class='ocr_par' dir='ltr' id='par_1_66' title="bbox 2206 3334 3860 3417">
     <span class='ocr_line' id='line_1_66' title="bbox 2206 3334 3860 3417; baseline 0.005 -27"><span class='ocrx_word' id='word_1_472' title='bbox 2206 3348 2380 3391; x_wconf 81' lang='grc' dir='ltr'>πεῖσαι</span> <span class='ocrx_word' id='word_1_473' title='bbox 2436 3336 2630 3415; x_wconf 77' lang='grc' dir='ltr'>σοφοὺς</span> <span class='ocrx_word' id='word_1_474' title='bbox 2703 3334 2907 3394; x_wconf 75' lang='grc' dir='ltr'>ἰδιῶται</span> <span class='ocrx_word' id='word_1_475' title='bbox 2963 3338 3163 3412; x_wconf 73' lang='grc' dir='ltr'>ὅντεςς</span> <span class='ocrx_word' id='word_1_476' title='bbox 3221 3336 3424 3395; x_wconf 71' lang='grc' dir='ltr'>κελεύει</span> <span class='ocrx_word' id='word_1_477' title='bbox 3479 3336 3711 3417; x_wconf 71' lang='grc' dir='ltr'>θαῤῥεῖν,</span> <span class='ocrx_word' id='word_1_478' title='bbox 3764 3344 3860 3398; x_wconf 69' lang='grc' dir='ltr'>καὶ</span> 
     </span>
    </p>
   </div>
   <div class='ocr_carea' id='block_1_67' title="bbox 457 3426 2111 3515">
    <p class='ocr_par' dir='ltr' id='par_1_67' title="bbox 457 3426 2111 3515">
     <span class='ocr_line' id='line_1_67' title="bbox 457 3426 2111 3515; baseline -0.007 -17"><span class='ocrx_word' id='word_1_479' title='bbox 457 3426 631 3515; x_wconf 83' lang='lat' dir='ltr'>jubet</span> <span class='ocrx_word' id='word_1_480' title='bbox 654 3430 931 3493; x_wconf 79' lang='lat' dir='ltr'>fiduciam</span> <span class='ocrx_word' id='word_1_481' title='bbox 961 3428 1207 3499; x_wconf 64' lang='lat' dir='ltr'>habrre,</span> <span class='ocrx_word' id='word_1_482' title='bbox 1244 3435 1300 3487; x_wconf 91' lang='lat' dir='ltr'>et</span> <span class='ocrx_word' id='word_1_483' title='bbox 1332 3426 1792 3487; x_wconf 88' lang='lat' dir='ltr'>sollicitudinem</span> <span class='ocrx_word' id='word_1_484' title='bbox 1843 3426 2111 3515; x_wconf 37' lang='lat' dir='ltr'>depone:</span> 
     </span>
    </p>
   </div>
   <div class='ocr_carea' id='block_1_68' title="bbox 462 3511 2116 3585">
    <p class='ocr_par' dir='ltr' id='par_1_68' title="bbox 462 3511 2116 3585">
     <span class='ocr_line' id='line_1_68' title="bbox 462 3511 2116 3585; baseline -0.007 0"><span class='ocrx_word' id='word_1_485' title='bbox 462 3511 529 3585; x_wconf 77' lang='lat' dir='ltr'>re</span> <span class='ocrx_word' id='word_1_486' title='bbox 559 3543 573 3583; x_wconf 91' lang='lat'><strong>:</strong></span> <span class='ocrx_word' id='word_1_487' title='bbox 609 3540 745 3582; x_wconf 88' lang='lat' dir='ltr'>nam</span> <span class='ocrx_word' id='word_1_488' title='bbox 792 3537 927 3579; x_wconf 88' lang='lat' dir='ltr'>cum</span> <span class='ocrx_word' id='word_1_489' title='bbox 971 3517 1129 3577; x_wconf 87' lang='lat' dir='ltr'>inter</span> <span class='ocrx_word' id='word_1_490' title='bbox 1180 3515 1387 3576; x_wconf 82' lang='lat' dir='ltr'>fideles</span> <span class='ocrx_word' id='word_1_491' title='bbox 1448 3534 1789 3575; x_wconf 73' lang='lat' dir='ltr'>sermonem</span> <span class='ocrx_word' id='word_1_492' title='bbox 1860 3511 2116 3577; x_wconf 88' lang='lat' dir='ltr'>habituri</span> 
     </span>
    </p>
   </div>
   <div class='ocr_carea' id='block_1_69' title="bbox 464 3603 2115 3684">
    <p class='ocr_par' dir='ltr' id='par_1_69' title="bbox 464 3603 2115 3684">
     <span class='ocr_line' id='line_1_69' title="bbox 464 3603 2115 3684; baseline -0.004 -12"><span class='ocrx_word' id='word_1_493' title='bbox 464 3627 711 3683; x_wconf 89' lang='lat' dir='ltr'>sumus,</span> <span class='ocrx_word' id='word_1_494' title='bbox 773 3606 1019 3684; x_wconf 74' lang='lat' dir='ltr'>dignum</span> <span class='ocrx_word' id='word_1_495' title='bbox 1050 3612 1140 3665; x_wconf 87' lang='lat' dir='ltr'>est</span> <span class='ocrx_word' id='word_1_496' title='bbox 1184 3611 1246 3663; x_wconf 90' lang='lat' dir='ltr'><strong>ut</strong></span> <span class='ocrx_word' id='word_1_497' title='bbox 1277 3603 1780 3684; x_wconf 69' lang='lat' dir='ltr'>prazmeditemur.</span> <span class='ocrx_word' id='word_1_498' title='bbox 1822 3611 1879 3664; x_wconf 88' lang='lat' dir='ltr'>et</span> <span class='ocrx_word' id='word_1_499' title='bbox 1930 3604 2115 3682; x_wconf 82' lang='lat' dir='ltr'>parati</span> 
     </span>
    </p>
   </div>
   <div class='ocr_carea' id='block_1_70' title="bbox 462 3692 2116 3771">
    <p class='ocr_par' dir='ltr' id='par_1_70' title="bbox 462 3692 2116 3771">
     <span class='ocr_line' id='line_1_70' title="bbox 462 3692 2116 3771; baseline -0.005 -10"><span class='ocrx_word' id='word_1_500' title='bbox 462 3700 649 3762; x_wconf 86' lang='lat' dir='ltr'>simus</span> <span class='ocrx_word' id='word_1_501' title='bbox 708 3698 778 3759; x_wconf 91' lang='lat' dir='ltr'>ad</span> <span class='ocrx_word' id='word_1_502' title='bbox 838 3694 1291 3764; x_wconf 84' lang='lat' dir='ltr'>defensionem,</span> <span class='ocrx_word' id='word_1_503' title='bbox 1352 3692 1850 3771; x_wconf 86' lang='lat' dir='ltr'>quemadmodum</span> <span class='ocrx_word' id='word_1_504' title='bbox 1909 3696 2116 3755; x_wconf 83' lang='lat' dir='ltr'>Petrus</span> 
     </span>
    </p>
   </div>
   <div class='ocr_carea' id='block_1_71' title="bbox 464 3779 2117 3858">
    <p class='ocr_par' dir='ltr' id='par_1_71' title="bbox 464 3779 2117 3858">
     <span class='ocr_line' id='line_1_71' title="bbox 464 3779 2117 3858; baseline -0.005 -8"><span class='ocrx_word' id='word_1_505' title='bbox 464 3789 740 3850; x_wconf 88' lang='lat' dir='ltr'>admonet</span> <span class='ocrx_word' id='word_1_506' title='bbox 770 3783 847 3839; x_wconf 74' lang='grc' dir='ltr'>ιϐ.</span> <span class='ocrx_word' id='word_1_507' title='bbox 885 3784 1043 3842; x_wconf 86' lang='lat' dir='ltr'>Inter</span> <span class='ocrx_word' id='word_1_508' title='bbox 1066 3779 1268 3842; x_wconf 88' lang='lat' dir='ltr'>turbas</span> <span class='ocrx_word' id='word_1_509' title='bbox 1291 3790 1490 3840; x_wconf 88' lang='lat' dir='ltr'>autem</span> <span class='ocrx_word' id='word_1_510' title='bbox 1523 3788 1580 3840; x_wconf 91' lang='lat' dir='ltr'>et</span> <span class='ocrx_word' id='word_1_511' title='bbox 1609 3799 1781 3858; x_wconf 86' lang='lat' dir='ltr'>reges</span> <span class='ocrx_word' id='word_1_512' title='bbox 1812 3781 2117 3842; x_wconf 67' lang='lat' dir='ltr'>inSanien-</span> 
     </span>
    </p>
   </div>
   <div class='ocr_carea' id='block_1_72' title="bbox 466 3868 2113 3953">
    <p class='ocr_par' dir='ltr' id='par_1_72' title="bbox 466 3868 2113 3953">
     <span class='ocr_line' id='line_1_72' title="bbox 466 3868 2113 3953; baseline -0.005 -15"><span class='ocrx_word' id='word_1_513' title='bbox 466 3888 554 3938; x_wconf 89' lang='lat' dir='ltr'>tes</span> <span class='ocrx_word' id='word_1_514' title='bbox 582 3893 756 3935; x_wconf 91' lang='lat' dir='ltr'>suum</span> <span class='ocrx_word' id='word_1_515' title='bbox 786 3869 1076 3953; x_wconf 82' lang='lat' dir='ltr'>promittit</span> <span class='ocrx_word' id='word_1_516' title='bbox 1104 3868 1311 3947; x_wconf 87' lang='lat' dir='ltr'>robur,</span> <span class='ocrx_word' id='word_1_517' title='bbox 1351 3886 1427 3929; x_wconf 86' lang='lat' dir='ltr'>ne</span> <span class='ocrx_word' id='word_1_518' title='bbox 1462 3868 1776 3929; x_wconf 87' lang='lat' dir='ltr'>tineamus.</span> <span class='ocrx_word' id='word_1_519' title='bbox 1836 3868 2113 3930; x_wconf 84' lang='lat' dir='ltr'>Nostrum</span> 
     </span>
    </p>
   </div>
   <div class='ocr_carea' id='block_1_73' title="bbox 465 3958 2113 4040">
    <p class='ocr_par' dir='ltr' id='par_1_73' title="bbox 465 3958 2113 4040">
     <span class='ocr_line' id='line_1_73' title="bbox 465 3958 2113 4040; baseline -0.007 -12"><span class='ocrx_word' id='word_1_520' title='bbox 465 3979 555 4028; x_wconf 86' lang='lat' dir='ltr'>est</span> <span class='ocrx_word' id='word_1_521' title='bbox 582 3966 742 4026; x_wconf 89' lang='lat' dir='ltr'>enim</span> <span class='ocrx_word' id='word_1_522' title='bbox 773 3960 1041 4024; x_wconf 87' lang='lat' dir='ltr'>conﬁteri</span> <span class='ocrx_word' id='word_1_523' title='bbox 1079 3976 1092 4020; x_wconf 92' lang='lat'>:</span> <span class='ocrx_word' id='word_1_524' title='bbox 1128 3958 1430 4037; x_wconf 83' lang='lat' dir='ltr'>sapienter</span> <span class='ocrx_word' id='word_1_525' title='bbox 1476 3967 1670 4017; x_wconf 90' lang='lat' dir='ltr'>autem</span> <span class='ocrx_word' id='word_1_526' title='bbox 1722 3962 2113 4040; x_wconf 72' lang='lat' dir='ltr'>respondere,</span> 
     </span>
    </p>
   </div>
   <div class='ocr_carea' id='block_1_74' title="bbox 466 4047 2114 4129">
    <p class='ocr_par' dir='ltr' id='par_1_74' title="bbox 466 4047 2114 4129">
     <span class='ocr_line' id='line_1_74' title="bbox 466 4047 2114 4129; baseline -0.007 -10"><span class='ocrx_word' id='word_1_527' title='bbox 466 4054 597 4118; x_wconf 88' lang='lat' dir='ltr'>Dei.</span> <span class='ocrx_word' id='word_1_528' title='bbox 629 4050 701 4114; x_wconf 83' lang='lat' dir='ltr'>Et</span> <span class='ocrx_word' id='word_1_529' title='bbox 723 4070 799 4114; x_wconf 88' lang='lat' dir='ltr'>ne</span> <span class='ocrx_word' id='word_1_530' title='bbox 820 4047 1142 4129; x_wconf 87' lang='lat' dir='ltr'>suspiceris</span> <span class='ocrx_word' id='word_1_531' title='bbox 1174 4047 1500 4107; x_wconf 80' lang='lat' dir='ltr'>naturalem</span> <span class='ocrx_word' id='word_1_532' title='bbox 1530 4066 1661 4108; x_wconf 89' lang='lat' dir='ltr'>esse</span> <span class='ocrx_word' id='word_1_533' title='bbox 1688 4047 1746 4107; x_wconf 90' lang='lat' dir='ltr'>in</span> <span class='ocrx_word' id='word_1_534' title='bbox 1779 4048 2114 4109; x_wconf 88' lang='lat' dir='ltr'>defenden-</span> 
     </span>
    </p>
   </div>
   <div class='ocr_carea' id='block_1_75' title="bbox 468 4136 2117 4218">
    <p class='ocr_par' dir='ltr' id='par_1_75' title="bbox 468 4136 2117 4218">
     <span class='ocr_line' id='line_1_75' title="bbox 468 4136 2117 4218; baseline -0.004 -14"><span class='ocrx_word' id='word_1_535' title='bbox 468 4144 544 4205; x_wconf 92' lang='lat' dir='ltr'>do</span> <span class='ocrx_word' id='word_1_536' title='bbox 574 4141 952 4209; x_wconf 88' lang='lat' dir='ltr'>industriam,</span> <span class='ocrx_word' id='word_1_537' title='bbox 1002 4136 1232 4217; x_wconf 82' lang='lat' dir='ltr'>inquit:</span> <span class='ocrx_word' id='word_1_538' title='bbox 1286 4137 1420 4199; x_wconf 87' lang='lat' dir='ltr'>Non</span> <span class='ocrx_word' id='word_1_539' title='bbox 1464 4154 1566 4197; x_wconf 87' lang='lat' dir='ltr'>vos</span> <span class='ocrx_word' id='word_1_540' title='bbox 1625 4136 1959 4218; x_wconf 85' lang='lat' dir='ltr'>loquimini,</span> <span class='ocrx_word' id='word_1_541' title='bbox 2010 4136 2117 4199; x_wconf 87' lang='lat' dir='ltr'>sed</span> 
     </span>
    </p>
   </div>
   <div class='ocr_carea' id='block_1_76' title="bbox 469 4231 743 4313">
    <p class='ocr_par' dir='ltr' id='par_1_76' title="bbox 469 4231 743 4313">
     <span class='ocr_line' id='line_1_76' title="bbox 469 4231 743 4313; baseline -0.018 -18"><span class='ocrx_word' id='word_1_542' title='bbox 469 4231 743 4313; x_wconf 90' lang='lat' dir='ltr'>Spiritus.</span> 
     </span>
    </p>
   </div>
   <div class='ocr_carea' id='block_1_77' title="bbox 552 4314 2115 4387">
    <p class='ocr_par' dir='ltr' id='par_1_77' title="bbox 552 4314 2115 4387">
     <span class='ocr_line' id='line_1_77' title="bbox 552 4314 2115 4387; baseline -0.005 -2"><span class='ocrx_word' id='word_1_543' title='bbox 552 4325 714 4387; x_wconf 80' lang='lat' dir='ltr'>VERS</span> <span class='ocrx_word' id='word_1_544' title='bbox 736 4319 836 4382; x_wconf 75' lang='lat'>21.</span> <span class='ocrx_word' id='word_1_545' title='bbox 876 4340 895 4371; x_wconf 79' lang='grc' dir='ltr'>ι</span> <span class='ocrx_word' id='word_1_546' title='bbox 931 4315 1147 4377; x_wconf 88' lang='lat' dir='ltr'>Tradet</span> <span class='ocrx_word' id='word_1_547' title='bbox 1166 4324 1365 4375; x_wconf 87' lang='lat' dir='ltr'>autem</span> <span class='ocrx_word' id='word_1_548' title='bbox 1389 4314 1568 4377; x_wconf 80' lang='lat' dir='ltr'>frater</span> <span class='ocrx_word' id='word_1_549' title='bbox 1593 4315 1831 4377; x_wconf 81' lang='lat' dir='ltr'>fratrem</span> <span class='ocrx_word' id='word_1_550' title='bbox 1857 4316 1918 4377; x_wconf 91' lang='lat' dir='ltr'>iu</span> <span class='ocrx_word' id='word_1_551' title='bbox 1952 4335 2115 4378; x_wconf 89' lang='lat' dir='ltr'>mor-</span> 
     </span>
    </p>
   </div>
   <div class='ocr_carea' id='block_1_78' title="bbox 2200 3423 3859 3506">
    <p class='ocr_par' dir='ltr' id='par_1_78' title="bbox 2200 3423 3859 3506">
     <span class='ocr_line' id='line_1_78' title="bbox 2200 3423 3859 3506; baseline 0.001 -28"><span class='ocrx_word' id='word_1_552' title='bbox 2200 3424 2277 3497; x_wconf 78' lang='grc' dir='ltr'>μὴ</span> <span class='ocrx_word' id='word_1_553' title='bbox 2336 3430 2617 3503; x_wconf 77' lang='grc' dir='ltr'>μεριμνᾷνο</span> <span class='ocrx_word' id='word_1_554' title='bbox 2670 3423 2799 3481; x_wconf 81' lang='grc' dir='ltr'>ὅταν</span> <span class='ocrx_word' id='word_1_555' title='bbox 2851 3426 2951 3499; x_wconf 80' lang='grc' dir='ltr'>μὲν</span> <span class='ocrx_word' id='word_1_556' title='bbox 3001 3428 3101 3506; x_wconf 74' lang='grc' dir='ltr'>γὰρ</span> <span class='ocrx_word' id='word_1_557' title='bbox 3155 3426 3441 3503; x_wconf 79' lang='grc' dir='ltr'>μέλλωμεν</span> <span class='ocrx_word' id='word_1_558' title='bbox 3498 3425 3693 3502; x_wconf 78' lang='grc' dir='ltr'>μεταξὺ</span> <span class='ocrx_word' id='word_1_559' title='bbox 3756 3446 3859 3480; x_wconf 85' lang='grc' dir='ltr'>πι-</span> 
     </span>
    </p>
   </div>
   <div class='ocr_carea' id='block_1_79' title="bbox 2200 3512 3861 3596">
    <p class='ocr_par' dir='ltr' id='par_1_79' title="bbox 2200 3512 3861 3596">
     <span class='ocr_line' id='line_1_79' title="bbox 2200 3512 3861 3596; baseline -0.001 -27"><span class='ocrx_word' id='word_1_560' title='bbox 2200 3518 2340 3569; x_wconf 81' lang='grc' dir='ltr'>στῶν</span> <span class='ocrx_word' id='word_1_561' title='bbox 2413 3512 2771 3593; x_wconf 85' lang='grc' dir='ltr'>διαλέγεσθαι,</span> <span class='ocrx_word' id='word_1_562' title='bbox 2842 3513 2928 3572; x_wconf 85' lang='grc' dir='ltr'>δεῖ</span> <span class='ocrx_word' id='word_1_563' title='bbox 2984 3517 3127 3590; x_wconf 78' lang='grc' dir='ltr'>ἡμᾶς</span> <span class='ocrx_word' id='word_1_564' title='bbox 3177 3516 3533 3596; x_wconf 82' lang='grc' dir='ltr'>προμελετᾷν,</span> <span class='ocrx_word' id='word_1_565' title='bbox 3568 3517 3657 3573; x_wconf 88' lang='grc' dir='ltr'>καὶ</span> <span class='ocrx_word' id='word_1_566' title='bbox 3713 3514 3861 3570; x_wconf 76' lang='grc' dir='ltr'>ἑτοί-</span> 
     </span>
    </p>
   </div>
   <div class='ocr_carea' id='block_1_80' title="bbox 2200 3602 3859 3684">
    <p class='ocr_par' dir='ltr' id='par_1_80' title="bbox 2200 3602 3859 3684">
     <span class='ocr_line' id='line_1_80' title="bbox 2200 3602 3859 3684; baseline 0.002 -29"><span class='ocrx_word' id='word_1_567' title='bbox 2200 3622 2333 3676; x_wconf 84' lang='grc' dir='ltr'>μους</span> <span class='ocrx_word' id='word_1_568' title='bbox 2393 3602 2536 3657; x_wconf 76' lang='grc' dir='ltr'>εἶναι</span> <span class='ocrx_word' id='word_1_569' title='bbox 2595 3605 2727 3681; x_wconf 81' lang='grc' dir='ltr'>πρὸς</span> <span class='ocrx_word' id='word_1_570' title='bbox 2785 3602 3106 3683; x_wconf 80' lang='grc' dir='ltr'>ἀπολογίαν,</span> <span class='ocrx_word' id='word_1_571' title='bbox 3136 3607 3265 3669; x_wconf 85' lang='grc' dir='ltr'>ὡςὸ</span> <span class='ocrx_word' id='word_1_572' title='bbox 3324 3607 3519 3684; x_wconf 80' lang='grc' dir='ltr'>Πέτρος</span> <span class='ocrx_word' id='word_1_573' title='bbox 3577 3615 3859 3681; x_wconf 83' lang='grc' dir='ltr'>παραινεῖ’</span> 
     </span>
    </p>
   </div>
   <div class='ocr_carea' id='block_1_81' title="bbox 2198 3688 3861 3772">
    <p class='ocr_par' dir='ltr' id='par_1_81' title="bbox 2198 3688 3861 3772">
     <span class='ocr_line' id='line_1_81' title="bbox 2198 3688 3861 3772; baseline 0.004 -28"><span class='ocrx_word' id='word_1_574' title='bbox 2198 3689 2394 3765; x_wconf 77' lang='grc' dir='ltr'>μεταξὺ</span> <span class='ocrx_word' id='word_1_575' title='bbox 2462 3688 2516 3745; x_wconf 81' lang='grc' dir='ltr'>δὲ</span> <span class='ocrx_word' id='word_1_576' title='bbox 2544 3691 2731 3772; x_wconf 77' lang='grc' dir='ltr'>’ὄχλων</span> <span class='ocrx_word' id='word_1_577' title='bbox 2779 3696 2867 3749; x_wconf 89' lang='grc' dir='ltr'>καὶ</span> <span class='ocrx_word' id='word_1_578' title='bbox 2895 3692 3161 3769; x_wconf 77' lang='grc' dir='ltr'>βασιλέων</span> <span class='ocrx_word' id='word_1_579' title='bbox 3206 3697 3569 3771; x_wconf 83' lang='grc' dir='ltr'>μαινομένων,</span> <span class='ocrx_word' id='word_1_580' title='bbox 3599 3694 3696 3761; x_wconf 77' lang='grc' dir='ltr'>τὴν</span> <span class='ocrx_word' id='word_1_581' title='bbox 3727 3693 3861 3750; x_wconf 76' lang='grc' dir='ltr'>ἐαυ-</span> 
     </span>
    </p>
   </div>
   <div class='ocr_carea' id='block_1_82' title="bbox 2198 3781 3866 3863">
    <p class='ocr_par' dir='ltr' id='par_1_82' title="bbox 2198 3781 3866 3863">
     <span class='ocr_line' id='line_1_82' title="bbox 2198 3781 3866 3863; baseline 0.002 -29"><span class='ocrx_word' id='word_1_582' title='bbox 2198 3785 2289 3835; x_wconf 80' lang='grc' dir='ltr'>τοῦ</span> <span class='ocrx_word' id='word_1_583' title='bbox 2344 3781 2691 3860; x_wconf 75' lang='grc' dir='ltr'>ὑπισχνεῖται</span> <span class='ocrx_word' id='word_1_584' title='bbox 2761 3783 2944 3862; x_wconf 82' lang='grc' dir='ltr'>ἰσχὺν,</span> <span class='ocrx_word' id='word_1_585' title='bbox 3014 3782 3109 3839; x_wconf 75' lang='grc' dir='ltr'>ἵνα</span> <span class='ocrx_word' id='word_1_586' title='bbox 3158 3785 3236 3860; x_wconf 79' lang='grc' dir='ltr'>μὴ</span> <span class='ocrx_word' id='word_1_587' title='bbox 3268 3782 3610 3863; x_wconf 73' lang='grc' dir='ltr'>φοϐηθῶμεν·</span> <span class='ocrx_word' id='word_1_588' title='bbox 3647 3784 3709 3839; x_wconf 78' lang='grc' dir='ltr'>τὸ</span> <span class='ocrx_word' id='word_1_589' title='bbox 3760 3783 3866 3857; x_wconf 76' lang='grc' dir='ltr'>μὲν</span> 
     </span>
    </p>
   </div>
   <div class='ocr_carea' id='block_1_83' title="bbox 2196 3868 3860 3954">
    <p class='ocr_par' dir='ltr' id='par_1_83' title="bbox 2196 3868 3860 3954">
     <span class='ocr_line' id='line_1_83' title="bbox 2196 3868 3860 3954; baseline 0.002 -30"><span class='ocrx_word' id='word_1_590' title='bbox 2196 3869 2297 3947; x_wconf 75' lang='grc' dir='ltr'>γὰρ</span> <span class='ocrx_word' id='word_1_591' title='bbox 2350 3868 2664 3948; x_wconf 79' lang='grc' dir='ltr'>ὁμολογεῖν,</span> <span class='ocrx_word' id='word_1_592' title='bbox 2711 3873 2992 3947; x_wconf 72' lang='grc' dir='ltr'>ἡμέτερον·</span> <span class='ocrx_word' id='word_1_593' title='bbox 3026 3875 3088 3929; x_wconf 82' lang='grc' dir='ltr'>τὸ</span> <span class='ocrx_word' id='word_1_594' title='bbox 3118 3871 3174 3929; x_wconf 83' lang='grc' dir='ltr'>δὲ</span> <span class='ocrx_word' id='word_1_595' title='bbox 3215 3879 3391 3954; x_wconf 71' lang='grc' dir='ltr'>σοιρὼς</span> <span class='ocrx_word' id='word_1_596' title='bbox 3443 3872 3860 3951; x_wconf 84' lang='grc' dir='ltr'>ἀπολογεῖσθαι,</span> 
     </span>
    </p>
   </div>
   <div class='ocr_carea' id='block_1_84' title="bbox 2197 3958 3864 4042">
    <p class='ocr_par' dir='ltr' id='par_1_84' title="bbox 2197 3958 3864 4042">
     <span class='ocr_line' id='line_1_84' title="bbox 2197 3958 3864 4042; baseline 0.005 -28"><span class='ocrx_word' id='word_1_597' title='bbox 2197 3962 2352 4018; x_wconf 79' lang='grc' dir='ltr'>Θεοῦ.</span> <span class='ocrx_word' id='word_1_598' title='bbox 2417 3959 2514 4016; x_wconf 80' lang='grc' dir='ltr'>Καὶ</span> <span class='ocrx_word' id='word_1_599' title='bbox 2571 3958 2664 4015; x_wconf 74' lang='grc' dir='ltr'>ἵνα</span> <span class='ocrx_word' id='word_1_600' title='bbox 2709 3961 2786 4036; x_wconf 74' lang='grc' dir='ltr'>μὴ</span> <span class='ocrx_word' id='word_1_601' title='bbox 2815 3958 3089 4039; x_wconf 75' lang='grc' dir='ltr'>ὑπολάϐῃς</span> <span class='ocrx_word' id='word_1_602' title='bbox 3120 3960 3201 4018; x_wconf 73' lang='grc' dir='ltr'>ὅτι</span> <span class='ocrx_word' id='word_1_603' title='bbox 3230 3964 3427 4042; x_wconf 74' lang='grc' dir='ltr'>φυσική</span> <span class='ocrx_word' id='word_1_604' title='bbox 3489 3962 3631 4020; x_wconf 70' lang='grc' dir='ltr'>ἐστιν</span> <span class='ocrx_word' id='word_1_605' title='bbox 3660 3963 3697 4029; x_wconf 75' lang='grc' dir='ltr'><strong>ἡ</strong></span> <span class='ocrx_word' id='word_1_606' title='bbox 3728 3962 3864 4038; x_wconf 81' lang='grc' dir='ltr'>πρὸς</span> 
     </span>
    </p>
   </div>
   <div class='ocr_carea' id='block_1_85' title="bbox 2197 4046 3865 4132">
    <p class='ocr_par' dir='ltr' id='par_1_85' title="bbox 2197 4046 3865 4132">
     <span class='ocr_line' id='line_1_85' title="bbox 2197 4046 3865 4132; baseline 0.002 -31"><span class='ocrx_word' id='word_1_607' title='bbox 2197 4047 2293 4110; x_wconf 80' lang='grc' dir='ltr'>τὰς</span> <span class='ocrx_word' id='word_1_608' title='bbox 2348 4046 2639 4126; x_wconf 80' lang='grc' dir='ltr'>ἀπολογίας</span> <span class='ocrx_word' id='word_1_609' title='bbox 2699 4047 3094 4125; x_wconf 72' lang='grc' dir='ltr'>ἐπιτηδειότης,</span> <span class='ocrx_word' id='word_1_610' title='bbox 3156 4053 3341 4132; x_wconf 71' lang='grc' dir='ltr'>φησὶν,</span> <span class='ocrx_word' id='word_1_611' title='bbox 3402 4053 3519 4132; x_wconf 77' lang='grc' dir='ltr'>Οὐχ</span> <span class='ocrx_word' id='word_1_612' title='bbox 3568 4053 3726 4127; x_wconf 80' lang='grc' dir='ltr'>ὑμεῖς</span> <span class='ocrx_word' id='word_1_613' title='bbox 3754 4048 3865 4106; x_wconf 84' lang='grc' dir='ltr'>λα-</span> 
     </span>
    </p>
   </div>
   <div class='ocr_carea' id='block_1_86' title="bbox 2198 4135 2908 4217">
    <p class='ocr_par' dir='ltr' id='par_1_86' title="bbox 2198 4135 2908 4217">
     <span class='ocr_line' id='line_1_86' title="bbox 2198 4135 2908 4217; baseline 0.008 -25"><span class='ocrx_word' id='word_1_614' title='bbox 2198 4135 2375 4209; x_wconf 86' lang='grc' dir='ltr'>λεῖτε,</span> <span class='ocrx_word' id='word_1_615' title='bbox 2407 4136 2546 4194; x_wconf 78' lang='grc' dir='ltr'>ἀλλὰ</span> <span class='ocrx_word' id='word_1_616' title='bbox 2576 4140 2638 4195; x_wconf 79' lang='grc' dir='ltr'>τὸ</span> <span class='ocrx_word' id='word_1_617' title='bbox 2668 4146 2908 4217; x_wconf 82' lang='grc' dir='ltr'>Πνεῦμα.</span> 
     </span>
    </p>
   </div>
   <div class='ocr_carea' id='block_1_87' title="bbox 2285 4314 3870 4401">
    <p class='ocr_par' dir='ltr' id='par_1_87' title="bbox 2285 4314 3870 4401">
     <span class='ocr_line' id='line_1_87' title="bbox 2285 4314 3870 4401; baseline 0.003 -31"><span class='ocrx_word' id='word_1_618' title='bbox 2285 4337 2310 4370; x_wconf 80' lang='grc' dir='ltr'>ιι</span> <span class='ocrx_word' id='word_1_619' title='bbox 2346 4314 2653 4393; x_wconf 83' lang='grc' dir='ltr'>Παραδώσει</span> <span class='ocrx_word' id='word_1_620' title='bbox 2708 4314 2764 4374; x_wconf 77' lang='grc' dir='ltr'>δὲ</span> <span class='ocrx_word' id='word_1_621' title='bbox 2816 4316 3039 4400; x_wconf 75' lang='grc' dir='ltr'>ἀδελφὸς</span> <span class='ocrx_word' id='word_1_622' title='bbox 3070 4317 3296 4401; x_wconf 77' lang='grc' dir='ltr'>ἀδελφὸν</span> <span class='ocrx_word' id='word_1_623' title='bbox 3357 4322 3431 4385; x_wconf 80' lang='grc' dir='ltr'>εἰς</span> <span class='ocrx_word' id='word_1_624' title='bbox 3474 4320 3721 4394; x_wconf 73' lang='grc' dir='ltr'>θάνατον,</span> <span class='ocrx_word' id='word_1_625' title='bbox 3768 4330 3870 4383; x_wconf 81' lang='grc' dir='ltr'>καὶ</span> 
     </span>
    </p>
   </div>
   <div class='ocr_carea' id='block_1_88' title="bbox 470 4404 2115 4489">
    <p class='ocr_par' dir='ltr' id='par_1_88' title="bbox 470 4404 2115 4489">
     <span class='ocr_line' id='line_1_88' title="bbox 470 4404 2115 4489; baseline -0.005 -14"><span class='ocrx_word' id='word_1_626' title='bbox 470 4423 613 4484; x_wconf 88' lang='lat' dir='ltr'>tem,</span> <span class='ocrx_word' id='word_1_627' title='bbox 648 4417 707 4471; x_wconf 86' lang='lat' dir='ltr'>et</span> <span class='ocrx_word' id='word_1_628' title='bbox 728 4415 894 4489; x_wconf 88' lang='lat' dir='ltr'>pater</span> <span class='ocrx_word' id='word_1_629' title='bbox 923 4404 1132 4478; x_wconf 85' lang='lat' dir='ltr'>filium,</span> <span class='ocrx_word' id='word_1_630' title='bbox 1168 4413 1227 4466; x_wconf 91' lang='lat' dir='ltr'>et</span> <span class='ocrx_word' id='word_1_631' title='bbox 1252 4405 1557 4483; x_wconf 82' lang='lat' dir='ltr'>insurgent</span> <span class='ocrx_word' id='word_1_632' title='bbox 1585 4405 1688 4465; x_wconf 78' lang='lat' dir='ltr'>filii</span> <span class='ocrx_word' id='word_1_633' title='bbox 1715 4406 1997 4468; x_wconf 89' lang='lat' dir='ltr'>adversus</span> <span class='ocrx_word' id='word_1_634' title='bbox 2019 4424 2115 4486; x_wconf 87' lang='lat' dir='ltr'>pa-</span> 
     </span>
    </p>
   </div>
   <div class='ocr_carea' id='block_1_89' title="bbox 2206 4404 3865 4489">
    <p class='ocr_par' dir='ltr' id='par_1_89' title="bbox 2206 4406 3865 4489">
     <span class='ocr_line' id='line_1_89' title="bbox 2206 4406 3865 4489; baseline 0.003 -29"><span class='ocrx_word' id='word_1_635' title='bbox 2206 4406 2374 4484; x_wconf 77' lang='grc' dir='ltr'>πατὴρ</span> <span class='ocrx_word' id='word_1_636' title='bbox 2423 4406 2633 4467; x_wconf 78' lang='grc' dir='ltr'>τέκνον.</span> <span class='ocrx_word' id='word_1_637' title='bbox 2707 4408 2807 4466; x_wconf 83' lang='grc' dir='ltr'>Καὶ</span> <span class='ocrx_word' id='word_1_638' title='bbox 2862 4411 3321 4480; x_wconf 67' lang='grc' dir='ltr'>επαναστήσονται</span> <span class='ocrx_word' id='word_1_639' title='bbox 3351 4410 3512 4468; x_wconf 82' lang='grc' dir='ltr'>τέκνα</span> <span class='ocrx_word' id='word_1_640' title='bbox 3540 4409 3626 4467; x_wconf 78' lang='grc' dir='ltr'>έπὶ</span> <span class='ocrx_word' id='word_1_641' title='bbox 3651 4422 3865 4489; x_wconf 87' lang='grc' dir='ltr'>γονεῖς,</span> 
     </span>
    </p>
   </div>
   <div class='ocr_carea' id='block_1_90' title="bbox 469 4494 2115 4579">
    <p class='ocr_par' dir='ltr' id='par_1_90' title="bbox 469 4494 2115 4579">
     <span class='ocr_line' id='line_1_90' title="bbox 469 4494 2115 4579; baseline -0.005 -14"><span class='ocrx_word' id='word_1_642' title='bbox 469 4508 695 4579; x_wconf 82' lang='lat' dir='ltr'>rentes,</span> <span class='ocrx_word' id='word_1_643' title='bbox 722 4504 988 4559; x_wconf 91' lang='lat' dir='ltr'>etmorte</span> <span class='ocrx_word' id='word_1_644' title='bbox 1021 4494 1282 4555; x_wconf 76' lang='lat' dir='ltr'>afﬁcient</span> <span class='ocrx_word' id='word_1_645' title='bbox 1315 4513 1476 4555; x_wconf 67' lang='lat' dir='ltr'>eos.»</span> <span class='ocrx_word' id='word_1_646' title='bbox 1518 4494 1792 4557; x_wconf 65' lang='lat' dir='ltr'>Praedicit</span> <span class='ocrx_word' id='word_1_647' title='bbox 1823 4497 1909 4558; x_wconf 91' lang='lat' dir='ltr'>eis</span> <span class='ocrx_word' id='word_1_648' title='bbox 1933 4515 2115 4557; x_wconf 88' lang='lat' dir='ltr'>even-</span> 
     </span>
    </p>
   </div>
   <div class='ocr_carea' id='block_1_91' title="bbox 2206 4494 3867 4579">
    <p class='ocr_par' dir='ltr' id='par_1_91' title="bbox 2206 4495 3867 4579">
     <span class='ocr_line' id='line_1_91' title="bbox 2206 4495 3867 4579; baseline 0.003 -29"><span class='ocrx_word' id='word_1_649' title='bbox 2206 4495 2290 4550; x_wconf 84' lang='grc' dir='ltr'>καὶ</span> <span class='ocrx_word' id='word_1_650' title='bbox 2345 4498 2733 4555; x_wconf 85' lang='grc' dir='ltr'>θανατώσουσιν</span> <span class='ocrx_word' id='word_1_651' title='bbox 2794 4498 3002 4562; x_wconf 75' lang='grc' dir='ltr'>αύτούς,</span> <span class='ocrx_word' id='word_1_652' title='bbox 3046 4520 3068 4554; x_wconf 74' lang='grc' dir='ltr'>ε</span> <span class='ocrx_word' id='word_1_653' title='bbox 3105 4497 3362 4579; x_wconf 84' lang='grc' dir='ltr'>Προλέγει</span> <span class='ocrx_word' id='word_1_654' title='bbox 3403 4503 3586 4562; x_wconf 78' lang='grc' dir='ltr'>αὐτοῖς</span> <span class='ocrx_word' id='word_1_655' title='bbox 3629 4501 3696 4555; x_wconf 82' lang='grc' dir='ltr'>τὰ</span> <span class='ocrx_word' id='word_1_656' title='bbox 3720 4520 3867 4573; x_wconf 81' lang='grc' dir='ltr'>συμ-</span> 
     </span>
    </p>
   </div>
   <div class='ocr_carea' id='block_1_92' title="bbox 468 4580 2115 4669">
    <p class='ocr_par' dir='ltr' id='par_1_92' title="bbox 468 4583 2115 4666">
     <span class='ocr_line' id='line_1_92' title="bbox 468 4583 2115 4666; baseline -0.005 -11"><span class='ocrx_word' id='word_1_657' title='bbox 468 4602 620 4666; x_wconf 84' lang='lat' dir='ltr'>tura,</span> <span class='ocrx_word' id='word_1_658' title='bbox 657 4606 731 4650; x_wconf 91' lang='lat' dir='ltr'>ne</span> <span class='ocrx_word' id='word_1_659' title='bbox 774 4584 1092 4647; x_wconf 89' lang='lat' dir='ltr'>turbentur</span> <span class='ocrx_word' id='word_1_660' title='bbox 1136 4602 1272 4645; x_wconf 89' lang='lat' dir='ltr'>cum</span> <span class='ocrx_word' id='word_1_661' title='bbox 1305 4583 1652 4647; x_wconf 84' lang='lat' dir='ltr'>acciderint.</span> <span class='ocrx_word' id='word_1_662' title='bbox 1692 4586 1962 4649; x_wconf 87' lang='lat' dir='ltr'>Ostendit</span> <span class='ocrx_word' id='word_1_663' title='bbox 2008 4604 2115 4647; x_wconf 88' lang='lat' dir='ltr'>au-</span> 
     </span>
    </p>
   </div>
   <div class='ocr_carea' id='block_1_93' title="bbox 2206 4580 3870 4669">
    <p class='ocr_par' dir='ltr' id='par_1_93' title="bbox 2206 4580 3870 4669">
     <span class='ocr_line' id='line_1_93' title="bbox 2206 4580 3870 4669; baseline 0.002 -31"><span class='ocrx_word' id='word_1_664' title='bbox 2206 4580 2498 4659; x_wconf 77' lang='grc' dir='ltr'>ϐησὸμενα,</span> <span class='ocrx_word' id='word_1_665' title='bbox 2558 4584 2649 4640; x_wconf 78' lang='grc' dir='ltr'>’ίνα</span> <span class='ocrx_word' id='word_1_666' title='bbox 2719 4583 2846 4643; x_wconf 82' lang='grc' dir='ltr'>ὅταν</span> <span class='ocrx_word' id='word_1_667' title='bbox 2903 4586 3186 4669; x_wconf 80' lang='grc' dir='ltr'>γένωνται,</span> <span class='ocrx_word' id='word_1_668' title='bbox 3247 4590 3327 4660; x_wconf 73' lang='grc' dir='ltr'>μὴ</span> <span class='ocrx_word' id='word_1_669' title='bbox 3375 4585 3730 4668; x_wconf 76' lang='grc' dir='ltr'>θορυϐηθῶσι·</span> <span class='ocrx_word' id='word_1_670' title='bbox 3762 4584 3870 4643; x_wconf 76' lang='grc' dir='ltr'>δεί-</span> 
     </span>
    </p>
   </div>
   <div class='ocr_carea' id='block_1_94' title="bbox 468 4672 2115 4760">
    <p class='ocr_par' dir='ltr' id='par_1_94' title="bbox 468 4672 2115 4759">
     <span class='ocr_line' id='line_1_94' title="bbox 468 4672 2115 4759; baseline -0.006 -14"><span class='ocrx_word' id='word_1_671' title='bbox 468 4690 589 4744; x_wconf 89' lang='lat' dir='ltr'>tem</span> <span class='ocrx_word' id='word_1_672' title='bbox 610 4689 667 4741; x_wconf 93' lang='lat' dir='ltr'>et</span> <span class='ocrx_word' id='word_1_673' title='bbox 690 4672 1131 4759; x_wconf 74' lang='lat' dir='ltr'>praedicationis</span> <span class='ocrx_word' id='word_1_674' title='bbox 1151 4675 1287 4747; x_wconf 86' lang='lat' dir='ltr'>vim,</span> <span class='ocrx_word' id='word_1_675' title='bbox 1306 4673 1603 4753; x_wconf 90' lang='lat' dir='ltr'>quomodo</span> <span class='ocrx_word' id='word_1_676' title='bbox 1631 4684 1897 4736; x_wconf 89' lang='lat' dir='ltr'>naturam</span> <span class='ocrx_word' id='word_1_677' title='bbox 1930 4676 2115 4756; x_wconf 85' lang='lat' dir='ltr'>ipsam</span> 
     </span>
    </p>
   </div>
   <div class='ocr_carea' id='block_1_95' title="bbox 2206 4672 3869 4760">
    <p class='ocr_par' dir='ltr' id='par_1_95' title="bbox 2206 4672 3869 4760">
     <span class='ocr_line' id='line_1_95' title="bbox 2206 4672 3869 4760; baseline 0.004 -31"><span class='ocrx_word' id='word_1_678' title='bbox 2206 4694 2353 4730; x_wconf 79' lang='grc' dir='ltr'>κνυσι</span> <span class='ocrx_word' id='word_1_679' title='bbox 2409 4672 2465 4732; x_wconf 78' lang='grc' dir='ltr'>δὲ</span> <span class='ocrx_word' id='word_1_680' title='bbox 2517 4676 2606 4731; x_wconf 83' lang='grc' dir='ltr'>καὶ</span> <span class='ocrx_word' id='word_1_681' title='bbox 2686 4678 2786 4744; x_wconf 69' lang='grc' dir='ltr'>τὴν</span> <span class='ocrx_word' id='word_1_682' title='bbox 2871 4677 2966 4734; x_wconf 77' lang='grc' dir='ltr'>τού</span> <span class='ocrx_word' id='word_1_683' title='bbox 3026 4678 3369 4759; x_wconf 75' lang='grc' dir='ltr'>κηρύγματος</span> <span class='ocrx_word' id='word_1_684' title='bbox 3444 4679 3688 4760; x_wconf 85' lang='grc' dir='ltr'>δύναμιν,</span> <span class='ocrx_word' id='word_1_685' title='bbox 3744 4684 3869 4743; x_wconf 82' lang='grc' dir='ltr'>πῶς</span> 
     </span>
    </p>
   </div>
   <div class='ocr_carea' id='block_1_96' title="bbox 471 4761 2115 4849">
    <p class='ocr_par' dir='ltr' id='par_1_96' title="bbox 471 4761 2115 4846">
     <span class='ocr_line' id='line_1_96' title="bbox 471 4761 2115 4846; baseline -0.004 -13"><span class='ocrx_word' id='word_1_686' title='bbox 471 4780 858 4835; x_wconf 86' lang='lat' dir='ltr'>contemnere</span> <span class='ocrx_word' id='word_1_687' title='bbox 907 4764 1104 4825; x_wconf 83' lang='lat' dir='ltr'>faciat.</span> <span class='ocrx_word' id='word_1_688' title='bbox 1139 4761 1245 4823; x_wconf 85' lang='lat' dir='ltr'>Hic</span> <span class='ocrx_word' id='word_1_689' title='bbox 1290 4764 1447 4825; x_wconf 84' lang='lat' dir='ltr'>enim</span> <span class='ocrx_word' id='word_1_690' title='bbox 1482 4763 1964 4826; x_wconf 87' lang='lat' dir='ltr'>Christianismus</span> <span class='ocrx_word' id='word_1_691' title='bbox 2004 4775 2115 4846; x_wconf 75' lang='lat' dir='ltr'>est,</span> 
     </span>
    </p>
   </div>
   <div class='ocr_carea' id='block_1_97' title="bbox 2206 4761 3868 4849">
    <p class='ocr_par' dir='ltr' id='par_1_97' title="bbox 2206 4769 3868 4849">
     <span class='ocr_line' id='line_1_97' title="bbox 2206 4769 3868 4849; baseline 0.005 -31"><span class='ocrx_word' id='word_1_692' title='bbox 2206 4776 2354 4820; x_wconf 82' lang='grc' dir='ltr'>ποιεῖ</span> <span class='ocrx_word' id='word_1_693' title='bbox 2436 4778 2788 4845; x_wconf 76' lang='grc' dir='ltr'>καταφρονεῖν</span> <span class='ocrx_word' id='word_1_694' title='bbox 2831 4772 2929 4835; x_wconf 80' lang='grc' dir='ltr'>τῆς</span> <span class='ocrx_word' id='word_1_695' title='bbox 2999 4769 3232 4848; x_wconf 67' lang='grc' dir='ltr'>φύσεως·</span> <span class='ocrx_word' id='word_1_696' title='bbox 3277 4776 3513 4837; x_wconf 84' lang='grc' dir='ltr'>τοιοῦτυς</span> <span class='ocrx_word' id='word_1_697' title='bbox 3541 4772 3642 4849; x_wconf 80' lang='grc' dir='ltr'>γὰρ</span> <span class='ocrx_word' id='word_1_698' title='bbox 3671 4772 3701 4827; x_wconf 78' lang='grc' dir='ltr'>ὂ</span> <span class='ocrx_word' id='word_1_699' title='bbox 3730 4776 3868 4846; x_wconf 77' lang='grc' dir='ltr'>Χρι-</span> 
     </span>
    </p>
   </div>
   <div class='ocr_carea' id='block_1_98' title="bbox 475 4852 2115 4939">
    <p class='ocr_par' dir='ltr' id='par_1_98' title="bbox 475 4853 2115 4935">
     <span class='ocr_line' id='line_1_98' title="bbox 475 4853 2115 4935; baseline -0.005 -12"><span class='ocrx_word' id='word_1_700' title='bbox 475 4870 534 4924; x_wconf 90' lang='lat' dir='ltr'>et</span> <span class='ocrx_word' id='word_1_701' title='bbox 554 4857 847 4920; x_wconf 82' lang='lat' dir='ltr'>insaniam</span> <span class='ocrx_word' id='word_1_702' title='bbox 882 4853 1119 4913; x_wconf 90' lang='lat' dir='ltr'>illorum</span> <span class='ocrx_word' id='word_1_703' title='bbox 1163 4853 1398 4914; x_wconf 84' lang='lat' dir='ltr'>interim</span> <span class='ocrx_word' id='word_1_704' title='bbox 1436 4854 1790 4925; x_wconf 87' lang='lat' dir='ltr'>manifestat,</span> <span class='ocrx_word' id='word_1_705' title='bbox 1818 4855 1974 4935; x_wconf 89' lang='lat' dir='ltr'>quod</span> <span class='ocrx_word' id='word_1_706' title='bbox 2009 4874 2115 4916; x_wconf 91' lang='lat' dir='ltr'>ne-</span> 
     </span>
    </p>
   </div>
   <div class='ocr_carea' id='block_1_99' title="bbox 2206 4852 3865 4939">
    <p class='ocr_par' dir='ltr' id='par_1_99' title="bbox 2207 4852 3865 4939">
     <span class='ocr_line' id='line_1_99' title="bbox 2207 4852 3865 4939; baseline 0.005 -32"><span class='ocrx_word' id='word_1_707' title='bbox 2207 4854 2538 4927; x_wconf 84' lang='grc' dir='ltr'>στιανισμός’</span> <span class='ocrx_word' id='word_1_708' title='bbox 2614 4852 2753 4911; x_wconf 80' lang='grc' dir='ltr'>ἀλλὰ</span> <span class='ocrx_word' id='word_1_709' title='bbox 2808 4858 2896 4912; x_wconf 87' lang='grc' dir='ltr'>καὶ</span> <span class='ocrx_word' id='word_1_710' title='bbox 2951 4858 3052 4925; x_wconf 78' lang='grc' dir='ltr'>τὴν</span> <span class='ocrx_word' id='word_1_711' title='bbox 3108 4859 3301 4933; x_wconf 87' lang='grc' dir='ltr'>μανίαν</span> <span class='ocrx_word' id='word_1_712' title='bbox 3350 4859 3566 4917; x_wconf 75' lang='grc' dir='ltr'>ἐκείνων</span> <span class='ocrx_word' id='word_1_713' title='bbox 3596 4860 3865 4939; x_wconf 72' lang='grc' dir='ltr'>ἐμφαίνει,</span> 
     </span>
    </p>
   </div>
   <div class='ocr_carea' id='block_1_100' title="bbox 476 4941 2115 5032">
    <p class='ocr_par' dir='ltr' id='par_1_100' title="bbox 476 4943 1308 5032">
     <span class='ocr_line' id='line_1_100' title="bbox 476 4943 1308 5032; baseline -0.008 -21"><span class='ocrx_word' id='word_1_714' title='bbox 476 4968 591 5032; x_wconf 91' lang='lat' dir='ltr'>que</span> <span class='ocrx_word' id='word_1_715' title='bbox 618 4943 1035 5032; x_wconf 37' lang='lat' dir='ltr'>familiaribus</span> <span class='ocrx_word' id='word_1_716' title='bbox 1044 4952 1308 5022; x_wconf 88' lang='lat' dir='ltr'>parcunt.</span> 
     </span>
    </p>
   </div>
   <div class='ocr_carea' id='block_1_101' title="bbox 2206 4941 3263 5032">
    <p class='ocr_par' dir='ltr' id='par_1_101' title="bbox 2206 4941 3263 5027">
     <span class='ocr_line' id='line_1_101' title="bbox 2206 4941 3263 5027; baseline 0.008 -29"><span class='ocrx_word' id='word_1_717' title='bbox 2206 4941 2288 4998; x_wconf 80' lang='grc' dir='ltr'>ὅτι</span> <span class='ocrx_word' id='word_1_718' title='bbox 2320 4941 2436 5000; x_wconf 71' lang='grc' dir='ltr'>οὐδὲ</span> <span class='ocrx_word' id='word_1_719' title='bbox 2456 4949 2564 4999; x_wconf 85' lang='grc' dir='ltr'>τῶν</span> <span class='ocrx_word' id='word_1_720' title='bbox 2595 4946 2937 5002; x_wconf 75' lang='grc' dir='ltr'>οἰκειοτάτων</span> <span class='ocrx_word' id='word_1_721' title='bbox 2966 4947 3263 5027; x_wconf 83' lang='grc' dir='ltr'>φείσονται.</span> 
     </span>
    </p>
   </div>
   <div class='ocr_carea' id='block_1_102' title="bbox 558 5030 2115 5115">
    <p class='ocr_par' dir='ltr' id='par_1_102' title="bbox 558 5030 2115 5097">
     <span class='ocr_line' id='line_1_102' title="bbox 558 5030 2115 5097; baseline -0.001 0"><span class='ocrx_word' id='word_1_722' title='bbox 558 5037 740 5097; x_wconf 71' lang='lat' dir='ltr'>Vens.</span> <span class='ocrx_word' id='word_1_723' title='bbox 788 5032 889 5093; x_wconf 70' lang='lat'>‘2‘2.</span> <span class='ocrx_word' id='word_1_724' title='bbox 935 5051 963 5089; x_wconf 82' lang='grc' dir='ltr'>ε</span> <span class='ocrx_word' id='word_1_725' title='bbox 996 5030 1067 5091; x_wconf 89' lang='grc' dir='ltr'>Ει</span> <span class='ocrx_word' id='word_1_726' title='bbox 1096 5033 1260 5092; x_wconf 85' lang='lat' dir='ltr'>eritis</span> <span class='ocrx_word' id='word_1_727' title='bbox 1312 5033 1447 5093; x_wconf 87' lang='lat' dir='ltr'>odio</span> <span class='ocrx_word' id='word_1_728' title='bbox 1492 5031 1680 5093; x_wconf 86' lang='lat' dir='ltr'>habiti</span> <span class='ocrx_word' id='word_1_729' title='bbox 1727 5035 1801 5093; x_wconf 81' lang='lat' dir='ltr'>ab</span> <span class='ocrx_word' id='word_1_730' title='bbox 1846 5033 2115 5096; x_wconf 82' lang='lat' dir='ltr'>omnibus</span> 
     </span>
    </p>
   </div>
   <div class='ocr_carea' id='block_1_103' title="bbox 2206 5030 3870 5115">
    <p class='ocr_par' dir='ltr' id='par_1_103' title="bbox 2295 5033 3870 5115">
     <span class='ocr_line' id='line_1_103' title="bbox 2295 5033 3870 5115; baseline 0.006 -25"><span class='ocrx_word' id='word_1_731' title='bbox 2295 5054 2321 5090; x_wconf 71' lang='grc' dir='ltr'>ε</span> <span class='ocrx_word' id='word_1_732' title='bbox 2360 5035 2457 5092; x_wconf 79' lang='grc' dir='ltr'>Καὶ</span> <span class='ocrx_word' id='word_1_733' title='bbox 2513 5033 2688 5092; x_wconf 79' lang='grc' dir='ltr'>ἔσεσθε</span> <span class='ocrx_word' id='word_1_734' title='bbox 2721 5037 3030 5112; x_wconf 81' lang='grc' dir='ltr'>μισούμενοι</span> <span class='ocrx_word' id='word_1_735' title='bbox 3060 5039 3163 5097; x_wconf 80' lang='grc' dir='ltr'>ὑπὸ</span> <span class='ocrx_word' id='word_1_736' title='bbox 3212 5039 3427 5096; x_wconf 81' lang='grc' dir='ltr'>πάντων</span> <span class='ocrx_word' id='word_1_737' title='bbox 3454 5036 3540 5095; x_wconf 75' lang='grc' dir='ltr'>διὰ</span> <span class='ocrx_word' id='word_1_738' title='bbox 3595 5043 3658 5097; x_wconf 81' lang='grc' dir='ltr'>τὸ</span> <span class='ocrx_word' id='word_1_739' title='bbox 3696 5038 3870 5115; x_wconf 73' lang='grc' dir='ltr'>ὄνομά</span> 
     </span>
    </p>
   </div>
   <div class='ocr_carea' id='block_1_104' title="bbox 481 5121 2115 5209">
    <p class='ocr_par' dir='ltr' id='par_1_104' title="bbox 481 5121 2115 5208">
     <span class='ocr_line' id='line_1_104' title="bbox 481 5121 2115 5208; baseline -0.002 -21"><span class='ocrx_word' id='word_1_740' title='bbox 481 5133 725 5208; x_wconf 85' lang='lat' dir='ltr'>prOpter</span> <span class='ocrx_word' id='word_1_741' title='bbox 758 5138 977 5182; x_wconf 90' lang='lat' dir='ltr'>nomen</span> <span class='ocrx_word' id='word_1_742' title='bbox 1015 5137 1237 5183; x_wconf 89' lang='lat' dir='ltr'>meum.</span> <span class='ocrx_word' id='word_1_743' title='bbox 1264 5121 1373 5194; x_wconf 90' lang='lat' dir='ltr'>Qui</span> <span class='ocrx_word' id='word_1_744' title='bbox 1410 5131 1621 5185; x_wconf 88' lang='lat' dir='ltr'>autem</span> <span class='ocrx_word' id='word_1_745' title='bbox 1660 5124 2115 5203; x_wconf 78' lang='lat' dir='ltr'>perseveraverit</span> 
     </span>
    </p>
   </div>
   <div class='ocr_carea' id='block_1_105' title="bbox 2206 5121 3865 5209">
    <p class='ocr_par' dir='ltr' id='par_1_105' title="bbox 2208 5121 3865 5209">
     <span class='ocr_line' id='line_1_105' title="bbox 2208 5121 3865 5209; baseline 0.005 -27"><span class='ocrx_word' id='word_1_746' title='bbox 2208 5139 2334 5202; x_wconf 87' lang='grc' dir='ltr'>μου·</span> <span class='ocrx_word' id='word_1_747' title='bbox 2394 5125 2424 5179; x_wconf 85' lang='grc' dir='ltr'>ὁ</span> <span class='ocrx_word' id='word_1_748' title='bbox 2480 5121 2537 5180; x_wconf 79' lang='grc' dir='ltr'>δὲ</span> <span class='ocrx_word' id='word_1_749' title='bbox 2586 5126 2874 5201; x_wconf 82' lang='grc' dir='ltr'>ὑπομείνας</span> <span class='ocrx_word' id='word_1_750' title='bbox 2931 5128 3004 5189; x_wconf 78' lang='grc' dir='ltr'>εἰς</span> <span class='ocrx_word' id='word_1_751' title='bbox 3059 5127 3239 5209; x_wconf 83' lang='grc' dir='ltr'>τέλος,</span> <span class='ocrx_word' id='word_1_752' title='bbox 3288 5131 3441 5194; x_wconf 77' lang='grc' dir='ltr'>οὗτος</span> <span class='ocrx_word' id='word_1_753' title='bbox 3473 5131 3794 5201; x_wconf 77' lang='grc' dir='ltr'>σωθήσεται,</span> <span class='ocrx_word' id='word_1_754' title='bbox 3836 5153 3865 5190; x_wconf 77' lang='grc' dir='ltr'>ε</span> 
     </span>
    </p>
   </div>
   <div class='ocr_carea' id='block_1_106' title="bbox 482 5210 2115 5299">
    <p class='ocr_par' dir='ltr' id='par_1_106' title="bbox 482 5210 2115 5299">
     <span class='ocr_line' id='line_1_106' title="bbox 482 5210 2115 5299; baseline -0.002 -21"><span class='ocrx_word' id='word_1_755' title='bbox 482 5234 669 5296; x_wconf 87' lang='lat' dir='ltr'>usque</span> <span class='ocrx_word' id='word_1_756' title='bbox 698 5211 759 5273; x_wconf 89' lang='lat' dir='ltr'>in</span> <span class='ocrx_word' id='word_1_757' title='bbox 792 5214 998 5299; x_wconf 68' lang='lat' dir='ltr'>tinem,</span> <span class='ocrx_word' id='word_1_758' title='bbox 1035 5210 1129 5272; x_wconf 87' lang='lat' dir='ltr'>hic</span> <span class='ocrx_word' id='word_1_759' title='bbox 1152 5214 1342 5271; x_wconf 84' lang='lat' dir='ltr'>salvus</span> <span class='ocrx_word' id='word_1_760' title='bbox 1372 5212 1505 5272; x_wconf 89' lang='lat' dir='ltr'>erit.</span> <span class='ocrx_word' id='word_1_761' title='bbox 1537 5238 1560 5264; x_wconf 72' lang='grc' dir='ltr'><strong>η</strong></span> <span class='ocrx_word' id='word_1_762' title='bbox 1583 5212 1672 5272; x_wconf 84' lang='lat' dir='ltr'>Ab</span> <span class='ocrx_word' id='word_1_763' title='bbox 1702 5212 2115 5286; x_wconf 81' lang='lat' dir='ltr'>omnibus,hoc</span> 
     </span>
    </p>
   </div>
   <div class='ocr_carea' id='block_1_107' title="bbox 2206 5210 3871 5299">
    <p class='ocr_par' dir='ltr' id='par_1_107' title="bbox 2210 5215 3871 5299">
     <span class='ocr_line' id='line_1_107' title="bbox 2210 5215 3871 5299; baseline 0.002 -27"><span class='ocrx_word' id='word_1_764' title='bbox 2210 5217 2282 5272; x_wconf 85' lang='grc' dir='ltr'>Τὸ</span> <span class='ocrx_word' id='word_1_765' title='bbox 2309 5215 2411 5271; x_wconf 79' lang='grc' dir='ltr'>ὑπὸ</span> <span class='ocrx_word' id='word_1_766' title='bbox 2465 5215 2704 5294; x_wconf 76' lang='grc' dir='ltr'>πάντων,</span> <span class='ocrx_word' id='word_1_767' title='bbox 2768 5216 3050 5299; x_wconf 39' lang='grc' dir='ltr'>ἆντὶῌτοῦ,</span> <span class='ocrx_word' id='word_1_768' title='bbox 3093 5219 3196 5275; x_wconf 79' lang='grc' dir='ltr'>ὑπὸ</span> <span class='ocrx_word' id='word_1_769' title='bbox 3227 5216 3464 5281; x_wconf 79' lang='grc' dir='ltr'>πολλῶν,</span> <span class='ocrx_word' id='word_1_770' title='bbox 3497 5219 3569 5277; x_wconf 72' lang='grc' dir='ltr'>Οὔ</span> <span class='ocrx_word' id='word_1_771' title='bbox 3598 5221 3699 5299; x_wconf 75' lang='grc' dir='ltr'>γὰρ</span> <span class='ocrx_word' id='word_1_772' title='bbox 3730 5221 3871 5276; x_wconf 75' lang='grc' dir='ltr'>πάν-</span> 
     </span>
    </p>
   </div>
   <div class='ocr_carea' id='block_1_108' title="bbox 485 5293 2115 5389">
    <p class='ocr_par' dir='ltr' id='par_1_108' title="bbox 485 5293 2115 5386">
     <span class='ocr_line' id='line_1_108' title="bbox 485 5293 2115 5386; baseline -0.004 -16"><span class='ocrx_word' id='word_1_773' title='bbox 485 5293 900 5386; x_wconf 69' lang='grc' dir='ltr'>εει,ειῐιιυιιίε.</span> <span class='ocrx_word' id='word_1_774' title='bbox 946 5296 1075 5359; x_wconf 88' lang='lat' dir='ltr'>Non</span> <span class='ocrx_word' id='word_1_775' title='bbox 1107 5301 1265 5361; x_wconf 90' lang='lat' dir='ltr'>enim</span> <span class='ocrx_word' id='word_1_776' title='bbox 1308 5319 1517 5363; x_wconf 91' lang='lat' dir='ltr'>omnes</span> <span class='ocrx_word' id='word_1_777' title='bbox 1574 5300 1708 5362; x_wconf 90' lang='lat' dir='ltr'>illos</span> <span class='ocrx_word' id='word_1_778' title='bbox 1738 5301 1873 5365; x_wconf 92' lang='lat' dir='ltr'>odio</span> <span class='ocrx_word' id='word_1_779' title='bbox 1918 5320 2115 5382; x_wconf 86' lang='lat' dir='ltr'>perse-</span> 
     </span>
    </p>
   </div>
   <div class='ocr_carea' id='block_1_109' title="bbox 2206 5293 3865 5389">
    <p class='ocr_par' dir='ltr' id='par_1_109' title="bbox 2210 5293 3865 5389">
     <span class='ocr_line' id='line_1_109' title="bbox 2210 5293 3865 5389; baseline 0.003 -28"><span class='ocrx_word' id='word_1_780' title='bbox 2210 5325 2299 5369; x_wconf 87' lang='grc' dir='ltr'>τες</span> <span class='ocrx_word' id='word_1_781' title='bbox 2353 5304 2569 5380; x_wconf 73' lang='grc' dir='ltr'>ἐμίσουν</span> <span class='ocrx_word' id='word_1_782' title='bbox 2623 5293 2834 5372; x_wconf 71' lang='grc' dir='ltr'>αὐτούς.</span> <span class='ocrx_word' id='word_1_783' title='bbox 2895 5293 3063 5363; x_wconf 70' lang='grc' dir='ltr'>Ἦσαν</span> <span class='ocrx_word' id='word_1_784' title='bbox 3122 5309 3221 5387; x_wconf 74' lang='grc' dir='ltr'>γὰρ</span> <span class='ocrx_word' id='word_1_785' title='bbox 3275 5310 3363 5365; x_wconf 86' lang='grc' dir='ltr'>καὶ</span> <span class='ocrx_word' id='word_1_786' title='bbox 3418 5311 3465 5366; x_wconf 85' lang='grc' dir='ltr'>οἱ</span> <span class='ocrx_word' id='word_1_787' title='bbox 3493 5293 3865 5389; x_wconf 71' lang='grc' dir='ltr'>παραδεξάμε-</span> 
     </span>
    </p>
   </div>
   <div class='ocr_carea' id='block_1_110' title="bbox 484 5390 2115 5479">
    <p class='ocr_par' dir='ltr' id='par_1_110' title="bbox 484 5390 2115 5479">
     <span class='ocr_line' id='line_1_110' title="bbox 484 5390 2115 5479; baseline -0.002 -22"><span class='ocrx_word' id='word_1_788' title='bbox 484 5391 822 5479; x_wconf 85' lang='lat' dir='ltr'>quebantur</span> <span class='ocrx_word' id='word_1_789' title='bbox 858 5403 872 5449; x_wconf 91' lang='lat'>:</span> <span class='ocrx_word' id='word_1_790' title='bbox 907 5404 1041 5449; x_wconf 85' lang='lat' dir='ltr'>nam</span> <span class='ocrx_word' id='word_1_791' title='bbox 1075 5390 1369 5479; x_wconf 78' lang='lat' dir='ltr'>nonnulli</span> <span class='ocrx_word' id='word_1_792' title='bbox 1418 5400 1478 5452; x_wconf 88' lang='lat' dir='ltr'>et</span> <span class='ocrx_word' id='word_1_793' title='bbox 1524 5390 1701 5451; x_wconf 84' lang='lat' dir='ltr'>ﬁdem</span> <span class='ocrx_word' id='word_1_794' title='bbox 1746 5401 2115 5473; x_wconf 70' lang='lat' dir='ltr'>acceperant.</span> 
     </span>
    </p>
   </div>
   <div class='ocr_carea' id='block_1_111' title="bbox 2206 5390 3866 5479">
    <p class='ocr_par' dir='ltr' id='par_1_111' title="bbox 2214 5393 3866 5477">
     <span class='ocr_line' id='line_1_111' title="bbox 2214 5393 3866 5477; baseline 0.005 -28"><span class='ocrx_word' id='word_1_795' title='bbox 2214 5415 2293 5450; x_wconf 90' lang='grc' dir='ltr'>νοι</span> <span class='ocrx_word' id='word_1_796' title='bbox 2349 5395 2451 5459; x_wconf 70' lang='grc' dir='ltr'>τὴν</span> <span class='ocrx_word' id='word_1_797' title='bbox 2497 5395 2696 5451; x_wconf 89' lang='grc' dir='ltr'>πίστιν⁶</span> <span class='ocrx_word' id='word_1_798' title='bbox 2763 5398 2791 5451; x_wconf 81' lang='grc' dir='ltr'>ὁ</span> <span class='ocrx_word' id='word_1_799' title='bbox 2847 5393 2901 5452; x_wconf 80' lang='grc' dir='ltr'>δὲ</span> <span class='ocrx_word' id='word_1_800' title='bbox 2931 5398 3063 5477; x_wconf 72' lang='grc' dir='ltr'>ἄχρι</span> <span class='ocrx_word' id='word_1_801' title='bbox 3090 5398 3277 5462; x_wconf 80' lang='grc' dir='ltr'>τέλους</span> <span class='ocrx_word' id='word_1_802' title='bbox 3322 5399 3635 5474; x_wconf 76' lang='grc' dir='ltr'>ὑπομείνας,</span> <span class='ocrx_word' id='word_1_803' title='bbox 3668 5402 3866 5474; x_wconf 76' lang='grc' dir='ltr'>καὶμὴ</span> 
     </span>
    </p>
   </div>
   <div class='ocr_carea' id='block_1_112' title="bbox 484 5477 2115 5563">
    <p class='ocr_par' dir='ltr' id='par_1_112' title="bbox 484 5477 2115 5560">
     <span class='ocr_line' id='line_1_112' title="bbox 484 5477 2115 5560; baseline -0.002 -14"><span class='ocrx_word' id='word_1_804' title='bbox 484 5477 597 5560; x_wconf 82' lang='lat' dir='ltr'>Qui</span> <span class='ocrx_word' id='word_1_805' title='bbox 625 5486 821 5543; x_wconf 90' lang='lat' dir='ltr'>autem</span> <span class='ocrx_word' id='word_1_806' title='bbox 854 5494 1040 5559; x_wconf 91' lang='lat' dir='ltr'>usque</span> <span class='ocrx_word' id='word_1_807' title='bbox 1073 5477 1133 5538; x_wconf 88' lang='lat' dir='ltr'>in</span> <span class='ocrx_word' id='word_1_808' title='bbox 1184 5480 1362 5541; x_wconf 84' lang='lat' dir='ltr'>finem</span> <span class='ocrx_word' id='word_1_809' title='bbox 1396 5481 1889 5560; x_wconf 86' lang='lat' dir='ltr'>perseveraverit,</span> <span class='ocrx_word' id='word_1_810' title='bbox 1920 5492 1982 5543; x_wconf 87' lang='lat' dir='ltr'>et</span> <span class='ocrx_word' id='word_1_811' title='bbox 2013 5500 2115 5543; x_wconf 80' lang='lat' dir='ltr'>nor</span> 
     </span>
    </p>
   </div>
   <div class='ocr_carea' id='block_1_113' title="bbox 2206 5477 3865 5563">
    <p class='ocr_par' dir='ltr' id='par_1_113' title="bbox 2216 5482 3865 5563">
     <span class='ocr_line' id='line_1_113' title="bbox 2216 5482 3865 5563; baseline 0.005 -24"><span class='ocrx_word' id='word_1_812' title='bbox 2216 5482 2272 5539; x_wconf 71' lang='grc' dir='ltr'>ἰν</span> <span class='ocrx_word' id='word_1_813' title='bbox 2300 5488 2369 5558; x_wconf 75' lang='grc' dir='ltr'>τῇ</span> <span class='ocrx_word' id='word_1_814' title='bbox 2398 5485 2545 5563; x_wconf 77' lang='grc' dir='ltr'>ἀρχῇ</span> <span class='ocrx_word' id='word_1_815' title='bbox 2575 5483 2762 5559; x_wconf 87' lang='grc' dir='ltr'>μόνον,</span> <span class='ocrx_word' id='word_1_816' title='bbox 2823 5484 3033 5550; x_wconf 79' lang='grc' dir='ltr'>έκεῖνος</span> <span class='ocrx_word' id='word_1_817' title='bbox 3091 5490 3191 5553; x_wconf 77' lang='grc' dir='ltr'>τῆς</span> <span class='ocrx_word' id='word_1_818' title='bbox 3222 5488 3434 5543; x_wconf 66' lang='grc' dir='ltr'>αἰωνίου</span> <span class='ocrx_word' id='word_1_819' title='bbox 3464 5487 3663 5563; x_wconf 78' lang='grc' dir='ltr'>μεθέξει</span> <span class='ocrx_word' id='word_1_820' title='bbox 3693 5492 3865 5558; x_wconf 78' lang='grc' dir='ltr'>ζωῆς.</span> 
     </span>
    </p>
   </div>
   <div class='ocr_carea' id='block_1_114' title="bbox 482 5566 2049 5651">
    <p class='ocr_par' dir='ltr' id='par_1_114' title="bbox 482 5566 2049 5651">
     <span class='ocr_line' id='line_1_114' title="bbox 482 5566 2049 5651; baseline 0.002 -20"><span class='ocrx_word' id='word_1_821' title='bbox 482 5576 673 5639; x_wconf 71' lang='lat' dir='ltr'>solum</span> <span class='ocrx_word' id='word_1_822' title='bbox 700 5567 1016 5649; x_wconf 85' lang='lat' dir='ltr'>inceperit,</span> <span class='ocrx_word' id='word_1_823' title='bbox 1049 5566 1153 5630; x_wconf 91' lang='lat' dir='ltr'>ille</span> <span class='ocrx_word' id='word_1_824' title='bbox 1184 5577 1422 5631; x_wconf 68' lang='lat' dir='ltr'>reternaa</span> <span class='ocrx_word' id='word_1_825' title='bbox 1442 5570 1571 5631; x_wconf 65' lang='lat' dir='ltr'>vita;</span> <span class='ocrx_word' id='word_1_826' title='bbox 1601 5570 1895 5651; x_wconf 88' lang='lat' dir='ltr'>particeps</span> <span class='ocrx_word' id='word_1_827' title='bbox 1918 5571 2049 5634; x_wconf 88' lang='lat' dir='ltr'>erit.</span> 
     </span>
    </p>
   </div>
   <div class='ocr_carea' id='block_1_115' title="bbox 562 5737 973 5802">
    <p class='ocr_par' dir='ltr' id='par_1_115' title="bbox 562 5737 973 5802">
     <span class='ocr_line' id='line_1_115' title="bbox 562 5737 973 5802; baseline -0.007 1"><span class='ocrx_word' id='word_1_828' title='bbox 562 5738 621 5790; x_wconf 71' lang='grc'>⁸⁸</span> <span class='ocrx_word' id='word_1_829' title='bbox 646 5737 673 5802; x_wconf 86' lang='grc' dir='ltr'>ι</span> <span class='ocrx_word' id='word_1_830' title='bbox 694 5741 855 5802; x_wconf 74' lang='lat' dir='ltr'>Patr.</span> <span class='ocrx_word' id='word_1_831' title='bbox 887 5752 973 5800; x_wconf 87' lang='grc' dir='ltr'>ιιι.</span> 
     </span>
    </p>
   </div>
  </div>
