4204 6420
515 323 630 389 267

1473 326 2065 391 THEOPHYLACTI
2110 324 2360 386 BULGA
2373 322 2521 385 HL’E
2565 322 2922 386 ARCHIEP.

3773 320 3894 384 268

515 477 851 520 sermonem
885 458 1331 539 suscipientem,
1358 458 1632 522 existima
1660 458 1826 519 illum
1862 476 2081 520 caacum
2102 461 2159 515 et

2259 452 2371 521 ιητ’
2428 454 2584 513 αὐτὸν
2645 459 2864 510 νοοῦντα
2924 453 2985 509 τὸ
3036 451 3255 533 ἀγαθὸν,
3304 454 3443 529 μήτε
3488 453 3669 531 ἑτέρου
3715 449 3905 530 λόγους

518 558 768 624 mutum,
817 567 994 629 quem
1049 550 1270 609 utinam
1332 548 1551 609 sanarit
1607 547 1766 610 Deus
1821 557 1980 610 tacto
2040 546 2171 625 ejus

516 636 721 699 corde.

596 724 869 787 Vens.24
907 724 1077 797 «Quae
1108 744 1241 786 cum
1276 726 1640 788 audivissent
1670 726 1975 805 Pharisaei,
2012 724 2171 787 dice-

516 812 656 873 bant
688 835 699 874 :
740 812 845 874 llic
880 833 995 875 non
1048 814 1209 893 ejicit
1259 816 1549 877 daemonia
1600 817 1711 877 nisi
1745 835 1801 876 in
1834 813 2168 878 Beelzebub

516 902 783 982 principe
802 902 1253 965 daemoniorum
1276 904 1571 967 nTametsi
1607 906 1893 967 Dominus
1930 914 2172 985 propter

517 1008 618 1052 eos
645 993 1100 1071 secesserat,illi
1126 994 1516 1056 nihilominus
1547 995 1723 1056 etiam
1760 995 1961 1075 procul
1991 993 2163 1056 audi-

518 1090 686 1143 entes
701 1081 1267 1164 taxahuntmumque
1282 1084 1555 1145 homines
1579 1084 2170 1145 multisaﬂicerentur

518 1173 1156 1252 beneﬁciis,eranttam
1182 1184 1408 1235 natura
1427 1175 1853 1257 inimici,quam
1870 1174 2163 1239 diabolus.

598 1262 782 1325 Vens.
818 1264 920 1343 ‘25,
956 1265 1054 1325 26.
1097 1264 1275 1326 «Cum
1309 1273 1503 1324 autem
1537 1265 1715 1327 sciret
1744 1264 1917 1327 Jesus
1946 1264 2165 1344 oegita-

520 1352 714 1413 tiones
744 1353 1005 1426 illorum,
1042 1352 1189 1415 dixit
1219 1353 1375 1415 illis:
1402 1353 1592 1416 Omne
1640 1373 1885 1429 regnum
1917 1354 2170 1414 divisum

522 1443 803 1503 adversus
824 1441 1379 1517 sese,desolatur:et
1400 1444 1596 1503 omnis
1618 1444 1819 1504 civitas
1846 1443 2168 1504 autdomus

521 1530 708 1591 divisa
739 1530 1026 1591 abversus
1057 1531 1335 1610 seipsam,
1374 1551 1492 1592 non
1518 1532 1717 1593 stabit.
1752 1531 1821 1592 Et
1841 1532 1891 1593 si
1922 1534 2170 1594 Satanas

523 1617 800 1682 Satanam
856 1620 1034 1699 ejicit,
1099 1619 1383 1682 adversus
1440 1620 1701 1699 seipsum
1765 1620 1985 1682 divisus
2029 1630 2165 1684 est:

2252 541 2566 623 δεχόμενον,
2642 548 2827 601 τοῦτον
2904 541 3085 617 νόμιζε
3156 541 3352 623 τυφλὸν
3424 544 3512 599 καὶ
3576 543 3776 623 κωφὸν,
3850 542 3910 595 ὃν

2251 632 2457 689 ἰάσαιτο
2500 634 2528 689 6
2560 634 2689 695 Θεὸς
2720 630 3023 706 ἁπτόμενος
3053 630 3151 698 τῆς
3182 629 3394 711 καρδίας
3425 636 3605 692 αὒτοῦ.

2339 742 2366 773 α
2402 722 2462 777 Oi
2517 718 2572 775 δὲ
2628 726 2916 798 Φαρισαῖοι
2974 719 3323 796 ἀκούσανττς,
3367 724 3522 778 εἶπον
3557 742 3573 759 ο
3620 721 3782 783 Οὗτος
3812 723 3910 779 οῦκ

2251 806 2497 865 ἐκϐάλλει
2529 810 2595 867 τὰ
2638 806 2910 885 δαιμόνια,
2943 809 2987 863 εἶ
3018 809 3097 884 μὴ
3129 807 3184 864 ἐν
3212 815 3291 883 τῷ
3347 809 3663 881 Βεελζεϐοὺλ
3689 809 3911 889 ἄρχοντι

2251 899 2357 956 τῶν
2391 897 2699 977 δαιμονίων.
2761 923 2785 955 ι
2825 901 3007 957 Καίτοι
3053 921 3115 979 γε
3168 901 3515 980 ἀνεχώρησεν
3560 906 3588 959 6
3621 902 3813 981 Κύριος
3844 896 3913 955 δι’

2251 993 2461 1064 αὒτοες,
2536 986 2658 1045 ἀλλ’
2716 988 2912 1045 ἐκεῖνοι
2992 991 3082 1045 καὶ
3134 989 3399 1068 πόρῤωθεν
3452 992 3733 1053 ἀκούοντες
3788 986 3909 1045 δια-

2251 1076 2557 1153 ϐάλλουσιν,
2617 1079 2706 1135 καὶ
2782 1078 3232 1157 εὐεργετουμένων
3294 1086 3400 1136 τῶν
3443 1080 3755 1160 ἀνθρώπων,
3816 1076 3912 1134 οὖ-

2247 1191 2351 1232 τως
2396 1168 2533 1236 ἦσαν
2575 1168 2757 1247 ἐχθροὶ
2786 1167 2886 1234 τῆς
2917 1169 3121 1247 φύσεως
3147 1170 3221 1233 ὡς
3253 1170 3280 1224 6
3310 1166 3581 1233 διάϐολος.

2337 1278 2362 1315 ε
2412 1254 2575 1319 Εἰδὼς
2619 1255 2673 1312 δὲ
2702 1260 2730 1313 6
2784 1254 2989 1322 ἰησοῦς
3046 1259 3143 1322 τὰς
3190 1256 3504 1333 ἐνθυμήσεις
3536 1262 3729 1331 αὐτῶν,
3757 1256 3914 1312 εἶπεν

2253 1349 2436 1409 αὐτοῖς
2470 1364 2487 1382 ⁸
2550 1352 2701 1403 Πᾶσα
2758 1344 3007 1423 βασιλεία
3084 1349 3395 1426 μερισθεῖσα
3484 1344 3603 1404 καθ’
3693 1347 3913 1411 ἑαυτῆς,

2256 1434 2547 1514 ἐρημοῦται
2584 1453 2596 1467 ⁸
2633 1435 2723 1491 καὶ
2778 1441 2923 1490 πᾶσα
2981 1433 3137 1499 πόλις
3170 1434 3205 1503 ἢ
3259 1437 3395 1492 οἰκία
3427 1438 3740 1515 μερισθεῖσα
3796 1430 3913 1488 καθ’

2251 1526 2471 1598 ὲαυτης,
2533 1524 2593 1581 οὗ
2652 1526 2990 1593 σταθήσεται.
3046 1525 3145 1581 Καὶ
3189 1526 3234 1580 εἰ
3278 1524 3306 1580 '0
3336 1530 3578 1588 Σατανᾶς
3606 1525 3695 1581 τὸν
3727 1530 3910 1578 Σατα-

2252 1622 2343 1671 νᾶν
2374 1611 2642 1688 ἐκϐάλλει,
2704 1611 2786 1693 ἐφ’
2837 1614 3024 1670 ἑαυτὸν
3069 1612 3318 1693 ἐμερίσθη
3353 1628 3367 1643 ⁸
3425 1617 3540 1679 πῶς
3593 1615 3682 1669 οῦν
3710 1612 3911 1679 σταθή-

524 1709 697 1769 modo
741 1698 920 1787 igitur
976 1709 1154 1769 stabit
1201 1727 1451 1785 regnum
1513 1698 1697 1789 ejus?
1741 1734 1769 1767 ε
1810 1708 2171 1789 Invulgando

2259 1726 2400 1760 σεται
2448 1706 2484 1772 ἡ
2526 1701 2768 1780 βασιλεία
2824 1704 3029 1776 αὐτοῦς
3084 1726 3107 1761 ι
3163 1704 3262 1760 Διά
3302 1713 3397 1762 τοῦ
3439 1701 3774 1780 δημοσιεύειν
3820 1701 3914 1763 τὰς

522 1796 904 1874 cogitationes
955 1796 1216 1871 illorum,
1253 1796 1439 1858 Deum
1484 1816 1549 1859 se
1577 1816 1713 1861 esse
1742 1799 2166 1879 comprobavit.

522 1883 777 1946 Excusat
804 1896 1003 1947 autem
1035 1904 1099 1946 se
1142 1886 1297 1966 apud
1352 1887 1484 1947 illos
1513 1887 1933 1949 communibus
1963 1906 2172 1949 exem-

526 1973 663 2055 plis,
696 1982 752 2034 et
784 1982 1073 2035 monstrat
1099 1976 1156 2036 in
1190 1975 1533 2056 sipientiam
1594 1994 1826 2040 eorum.
1862 1976 2174 2050 Quomodo

523 2062 679 2123 enim
714 2062 1020 2123 daemones
1064 2065 1291 2144 seipsos
1325 2064 1601 2145 ejiciunt,
1630 2085 1764 2127 cum
1799 2066 1983 2145 magis
2015 2065 2173 2129 inter

523 2169 588 2213 se
619 2153 997 2213 conveniant?
1041 2152 1217 2213 Satan
1248 2162 1444 2214 autem
1479 2154 1698 2215 dicitur
1730 2154 2126 2217 adversarius.

604 2239 782 2303 Vens.
821 2241 922 2303 27.
956 2266 981 2297 ι
1018 2240 1090 2301 Et
1117 2243 1211 2301 60
1257 2242 1308 2303 si
1360 2262 1468 2321 ego
1516 2244 1573 2304 in
1614 2243 1949 2305 Beelzebub
1994 2245 2169 2324 ejicio

525 2329 953 2403 dasmouiaﬁlii
984 2332 1169 2394 vestri
1200 2331 1260 2393 in
1282 2351 1397 2412 quo
1422 2331 1698 2411 ejiciunt‘?
1722 2334 2166 2414 Proptereaipsi

527 2419 706 2481 vestri
752 2428 927 2479 erunt
962 2420 1220 2498 judices.
1281 2446 1301 2477 ο
1363 2415 1523 2494 Esto,
1583 2422 1795 2503 inquit,
1850 2423 2008 2500 quod
2059 2442 2170 2502 ego

532 2508 660 2569 talis
691 2508 803 2569 sim
843 2529 855 2570 :
890 2508 995 2569 ﬁlii
1031 2511 1243 2584 vestri,
1295 2511 1406 2572 hoc
1446 2519 1555 2577 est.
1613 2512 1731 2573 mei
1776 2512 2074 2592 discipuli,
2111 2514 2172 2574 in

529 2618 644 2678 quo
676 2596 967 2677 ejiciunt‘?
1011 2596 1215 2679 Neque
1259 2600 1417 2660 enim
1466 2609 1523 2662 et
1566 2600 1653 2661 illi
1702 2600 1762 2661 in
1791 2600 2173 2663 Beelzebub?

528 2686 695 2759 Quod
724 2688 769 2747 si
804 2687 885 2748 illi
916 2686 1113 2749 divina
1160 2687 1400 2759 virtute,
1452 2690 1636 2750 multo
1672 2690 1856 2769 magis
1897 2709 2028 2770 ego.
2082 2690 2169 2755 llli

532 2776 691 2839 enim
722 2776 783 2835 in
812 2776 1057 2838 nomine
1090 2795 1223 2838 meo
1272 2778 1554 2839 miracula
1608 2789 1953 2860 operantur,
1989 2799 2171 2860 prop-

532 2874 689 2926 terea
724 2865 810 2926 illi
840 2884 943 2926 vos
972 2866 1427 2929 condemnaturi
1458 2875 1619 2944 sunt,
1646 2868 1783 2948 quia
1813 2869 1945 2930 illos
1965 2869 2175 2931 videtis

529 2955 590 3015 in
621 2973 753 3016 meo
786 2954 1031 3016 nomine
1064 2954 1350 3018 miracula
1379 2956 1597 3028 facere,
1631 2966 1689 3019 et
1720 2958 1918 3020 adhuc
1950 2977 2045 3021 me
2076 2979 2144 3021 ac

2261 2955 2409 3023 ὑμῶν
2467 2953 2702 3027 ἔσονται,
2760 2951 2841 3008 ὅτι

531 3044 768 3104 cusatis.

618 3132 790 3195 Vens.
826 3134 903 3193 ‘28
966 3131 1163 3204 «Quod
1188 3134 1235 3194 si
1265 3133 1325 3193 in
1357 3133 1570 3213 spiritu
1606 3134 1710 3197 Dei
1743 3154 1853 3214 ego
1889 3135 2183 3200 daemonia

533 3221 876 3300 ejicio,ergo
911 3224 1178 3303 pervenit
1198 3223 1269 3284 ad
1311 3239 1404 3285 vos
1438 3242 1685 3303 regnum
1719 3224 1849 3288 Dei.
1885 3250 1912 3282 ε
1940 3225 2064 3288 Hoc
2088 3228 2181 3289 di-

530 3311 633 3391 cit,
664 3312 848 3392 quod,
877 3312 939 3374 Si
963 3312 1022 3372 in
1045 3312 1242 3373 divina
1276 3313 1483 3374 virtute
1517 3333 1625 3390 ego
1658 3314 1833 3394 ejiciu
1865 3314 2181 3394 daemonia,

531 3422 671 3482 ergo
704 3422 809 3482 ego
844 3422 973 3464 sum
1007 3404 1189 3465 Filius
1240 3404 1371 3479 Dei,
1423 3414 1481 3467 et
1520 3406 1757 3468 advenit
1788 3419 2033 3488 propter
2055 3428 2179 3485 vos,

530 3502 592 3552 ut
617 3494 954 3553 alﬁciamini
990 3493 1319 3571 beneﬁciis,
1356 3504 1531 3573 atque
1565 3497 1643 3557 ita
1688 3497 1961 3575 pervenit
1992 3498 2050 3559 in
2085 3517 2187 3559 vos

531 3598 697 3641 meus
726 3582 1013 3642 adventus
1050 3604 1061 3643 :
1100 3582 1193 3643 hic
1223 3584 1383 3642 enim
1418 3592 1505 3643 est
1540 3602 1795 3663 regnum
1844 3586 1950 3647 Dei
1996 3605 2009 3648 :
2045 3587 2185 3666 quid

530 3671 708 3747 igitur
732 3672 1047 3733 adventum
1082 3690 1303 3743 meum,
1340 3672 1437 3751 qui
1465 3682 1704 3752 propter
1733 3692 1835 3735 vos
1864 3683 1977 3751 est,
2011 3696 2186 3738 accu-

528 3759 675 3819 satis
700 3762 728 3818 ’ἔ

608 3848 790 3909 Vsus.
828 3848 922 3909 ‘29.
964 3873 983 3898 α
1014 3853 1127 3911 Aut
1156 3847 1452 3929 quomodo
1487 3858 1684 3929 potest
1714 3851 1930 3933 aliquis
1962 3853 2183 3916 intrare

529 3934 772 3997 domum
813 3938 1091 4015 potentis,
1120 3947 1175 3999 et
1210 3955 1341 3998 vasa
1374 3938 1503 4016 ejus
1537 3938 1822 4021 diripere,
1858 3941 1971 4003 nisi
2019 3945 2184 4023 prius

532 4025 672 4102 liget
717 4036 1046 4105 potentem,
1096 4034 1152 4087 et
1198 4035 1337 4087 tunc
1386 4027 1627 4088 domum
1663 4029 1792 4108 ejus
1822 4030 2116 4111 diripiet?
2148 4058 2175 4089 ι

531 4111 783 4174 Tantum
829 4115 1043 4195 inquit,
1106 4117 1278 4177 abest
1336 4123 1397 4175 ut
1452 4117 1679 4177 amicos
1727 4119 1979 4181 habeam
2052 4124 2179 4185 da:-

533 4221 760 4281 rnones,
852 4214 912 4264 ut
978 4215 1033 4265 et
1109 4205 1481 4266 adversarios
1554 4206 1829 4279 habeam.
1886 4217 1946 4271 et
2001 4210 2178 4290 ligem

2253 1792 2563 1869 ἐνθυμήσεις
2606 1791 2803 1871 αῦτῶν,
2864 1789 3121 1848 δείκνυσ.ν
3197 1790 3277 1849 ὅτι
3337 1793 3466 1856 Θεός
3521 1791 3683 1854 ἐστιν,
3738 1788 3914 1846 Ἀπο-

2252 1882 2492 1961 λογεῖται
2551 1880 2606 1938 δὲ
2662 1883 2848 1946 αὐτοῖς
2892 1882 2999 1938 ἀπὸ
3042 1888 3151 1938 τῶν
3205 1888 3398 1941 κοινῶν
3444 1880 3913 1962 παραδειγμάτων,

2251 1973 2341 2028 καὶ
2397 1970 2619 2028 δείκνυσι
2704 1971 2804 2038 τὴν
2874 1971 3175 2051 ἀφροσύνην
3253 1973 3450 2033 αὐτῶν.
3528 1977 3649 2031 Πῶς
3705 1972 3809 2049 γὰρ
3869 1971 3914 2024 οἱ

2252 2060 2495 2137 δαίμονες
2554 2062 2773 2125 ἑαυτοὺς
2821 2058 3191 2137 ἐκϐάλλουσιν,
3256 2059 3389 2119 ὅπου
3426 2083 3487 2141 γε
3538 2058 3742 2137 μᾶλλον
3789 2060 3915 2117 ἐαυ-

2248 2152 2372 2214 τοῦς
2406 2157 2750 2229 συγκροτοῦσι
2785 2169 2802 2231 ς
2837 2151 3014 2206 Σατὸιν
3044 2146 3099 2205 δὲ
3130 2148 3344 2228 λέγεται
3375 2153 3403 2207 6
3443 2150 3832 2226 ἀντικείμενος.

2338 2260 2361 2297 ε
2400 2244 2498 2298 Καὶ
2543 2240 2587 2295 εἰ
2616 2238 2725 2316 ἐγὼ
2767 2239 2821 2295 ἐν
2866 2236 3190 2295 Βεελσεϐοὺλ
3248 2238 3493 2296 ἐκϐάλλω
3545 2241 3611 2297 τὰ
3640 2236 3915 2317 δαιμόνια,

2254 2331 2299 2385 οἱ
2354 2330 2452 2387 υἱοὶ
2507 2329 2655 2404 ὑμῶν
2709 2326 2763 2384 iv
2820 2328 2921 2383 τίνι
3002 2325 3371 2405 ἐκϐάλλουσι;
3436 2334 3533 2385 Δια
3574 2330 3730 2385 τοῦτο
3775 2326 3919 2386 αὐτοὶ

2251 2418 2401 2494 ὑμῶν
2457 2417 2664 2474 ἔσονται
2708 2418 2904 2495 κριταί.
2964 2406 3173 2490 "Betui,
3238 2420 3423 2498 φησὶν,
3486 2416 3568 2473 ὅτι
3599 2417 3707 2495 ἐγὼ
3735 2422 3917 2473 τοιοῦ-

2252 2529 2342 2572 τος
2387 2508 2495 2582 εἰμι
2531 2526 2544 2541 ·
2579 2509 2625 2564 0't
2668 2504 2722 2563 δὲ
2765 2508 2865 2566 υἱοὶ
2902 2507 3073 2581 ὑμῶν,
3130 2506 3423 2579 τουτέστιν,
3458 2510 3505 2564 οἱ
3561 2507 3679 2582 ἐμοὶ
3733 2508 3917 2581 μαθηο

2252 2598 2361 2672 ταὶ,
2423 2595 2480 2651 iv
2536 2596 2636 2652 τίνι
2688 2593 3034 2652 ἐκϐάλλουσιν
3067 2614 3084 2675 ;
3147 2599 3219 2655 Ού
3262 2598 3362 2675 γὰρ
3391 2595 3445 2652 δὲ
3488 2597 3578 2652 καί
3619 2594 3823 2652 ἐκεῖνοι
3864 2593 3916 2649 ἐν

2254 2692 2331 2760 τῷ
2388 2682 2756 2765 Βεελζεϐούλς
2803 2686 2862 2743 Εἰ
2905 2682 2960 2742 δὲ
3004 2684 3203 2741 ἐκεῖνοι
3259 2688 3371 2759 θείᾳ
3426 2684 3667 2759 δυνάμει,
3732 2683 3918 2755 πολλῷ

2256 2772 2460 2849 μᾶλλον
2516 2774 2645 2853 ἐγώ.
2710 2771 2945 2831 Ἐκεῖνοι
3006 2775 3105 2853 γὰρ
3149 2773 3203 2831 ἐν
3248 2781 3327 2849 τῷ
3374 2774 3489 2851 ἐμῷ
3517 2775 3740 2849 ὀνόματι
3800 2778 3917 2829 θαυ-

2259 2862 2611 2943 ματουργοῦσι
2646 2878 2659 2893 '
2697 2862 2783 2921 διὰ
2813 2870 2971 2920 τοῦτο
3016 2863 3105 2919 οὗν
3170 2864 3373 2921 ἐκεῖνοι
3424 2864 3555 2942 πρὸς
3612 2863 3915 2941 κατάκρισιν
3968 2856 3974 2861 ’

2924 2952 3014 3008 καὶ
3101 2952 3334 3016 ἐκείνους
3392 2951 3683 3029 βλέποντες
3733 2950 3790 3006 ἐν
3843 2957 3916 3024 τῷ

2264 3041 2380 3118 ἐμῷ
2409 3042 2629 3117 ὀνόματι
2657 3044 3207 3120 θαυματουργυῦντας,
3244 3040 3319 3097 ἔτι
3350 3039 3659 3098 διαϐάλλετέ
3687 3060 3779 3116 με.

2352 3153 2375 3189 ε
2412 3133 2470 3189 Εἰ
2501 3128 2557 3187 δὲ
2590 3128 2698 3209 ἐγὼ
2755 3130 2809 3188 iv
2868 3131 3129 3206 πνεύματι
3174 3138 3307 3189 Θεοῦ
3365 3129 3609 3190 ἐκϐάλλω
3638 3133 3701 3185 τὰ
3730 3128 3912 3202 δαιμό-

2266 3244 2376 3301 νια,
2421 3220 2520 3300 ἄρα
2565 3218 2785 3301 ἔφθασεν
2827 3219 2909 3300 ἐφ’
2980 3222 3114 3295 ὑμᾶς
3155 3224 3189 3289 ἡ
3247 3219 3493 3298 βασιλεία
3535 3227 3629 3277 τοῦ
3682 3220 3828 3278 Θεοῦ.
3878 3240 3902 3274 e

2268 3312 2434 3369 Τοῦτο
2476 3308 2647 3389 λέγει,
2693 3309 2774 3366 ὅτι
2848 3310 2909 3367 Εἰ
2977 3309 3031 3366 iv
3073 3310 3187 3382 θείᾳ
3242 3310 3459 3387 δυνάμει
3514 3309 3625 3389 ἐγὼ
3676 3305 3909 3365 ἐκϐάλλω

2266 3402 2333 3457 τὰ
2384 3398 2653 3475 δαιμόνια,
2712 3398 2811 3478 ἄρα
2866 3398 2976 3477 ἐγώ
3034 3400 3140 3474 εἰμι
3210 3402 3238 3456 6
3296 3403 3415 3463 Υἱὸς
3484 3410 3577 3459 τοῦ
3634 3403 3787 3473 Θεοῦ,
3829 3396 3915 3453 καὶ

2267 3493 2607 3569 παραγεγονα
2689 3487 2764 3545 δι’
2853 3489 3014 3564 ὑμᾶς,
3087 3488 3180 3545 ’ίνα
3241 3492 3645 3568 εῦεργετηθῆτε,
3742 3478 3919 3544 ιἰὶστε

2268 3577 2487 3659 ἔφθασεν
2544 3579 2618 3643 εἰς
2678 3579 2813 3650 ὑμᾶς
2869 3579 2903 3645 ἡ
2979 3577 3086 3653 ἐμὴ
3169 3579 3451 3658 παροοσία.
3525 3578 3670 3644 Αὕτη
3730 3577 3833 3655 γὰρ
3886 3578 3919 3643 ἡ

2266 3667 2508 3743 βασιλεία
2566 3674 2659 3724 τοῦ
2701 3674 2833 3725 Θεοῦ
2867 3686 2878 3698 ·
2928 3667 2978 3721 τί
3020 3666 3192 3723 τοίνυν
3235 3668 3335 3735 τὴν
3364 3665 3431 3723 δι’
3460 3669 3595 3746 ὑμᾶς
3627 3666 3921 3745 γενομένην

2266 3758 2554 3836 παρουσίαν
2584 3779 2687 3831 μου
2716 3753 3025 3813 διαϐάλλετε
3062 3777 3078 3834 ς

2350 3828 2379 3901 ὲ
2415 3828 2497 3903 "ﬂ
2559 3828 2675 3909 πῶς
2731 3843 2945 3902 δύναταί
2985 3828 3075 3910 τις.
3110 3843 3369 3904 εἰσελθεῖν
3400 3848 3475 3909 εἰς
3505 3847 3600 3914 τὴν
3632 3847 3804 3903 οἰκίαν
3833 3853 3923 3904 τοῦ

2265 3937 2510 4015 ἰσχυροῦ,
2583 3946 2668 3992 καὶ
2724 3936 2790 3990 τὰ
2874 3936 3038 4002 σκεύη
3128 3937 3285 3995 αὐτοῦ
3336 3934 3647 4016 διαρπάσαι,
3692 3935 3785 3992 ἐὰν
3846 3936 3923 4011 μὴ

2263 4034 2474 4105 πρῶτον
2529 4024 2668 4103 δήσῃ
2722 4027 2813 4083 τὸν
2869 4026 3110 4105 ἰσχυρὸν,
3163 4028 3252 4083 κιὶ
3282 4029 3403 4083 τότε
3431 4027 3537 4083 τὼν
3567 4027 3735 4083 οἰκίαν
3764 4027 3926 4084 αὐτοῦ

2263 4112 2580 4195 διαρπάσεις
2638 4138 2661 4172 ε
2722 4122 3006 4187 Τοσοῦτον,
3085 4117 3267 4196 φησὶν,
3354 4115 3551 4195 ἀπέχω
3604 4123 3697 4173 τοῦ
3740 4115 3924 4194 φίλους

2264 4205 2412 4285 ἔχειν
2453 4206 2576 4269 τοὺς
2620 4202 2894 4284 δαίμονας,
2940 4204 3076 4260 ὥστε
3126 4206 3214 4261 καὶ
3271 4203 3649 4281 ἀντιτάττομαι
3706 4205 3921 4282 αὐτοῖς,

529 4309 632 4353 eos
683 4295 780 4373 qui
850 4302 985 4355 ante
1058 4313 1254 4355 meum
1328 4295 1643 4356 adventum
1725 4297 1906 4359 fortes
1984 4311 2171 4361 erant.

2260 4297 2348 4352 καὶ
2402 4292 2582 4371 δεσμῶ
2640 4294 2848 4367 αὐτοὺς,
2920 4294 3043 4357 τοὺς
3110 4296 3214 4372 πρὸ
3289 4294 3387 4362 τῆς
3444 4294 3583 4371 ἐμῆς
3630 4298 3923 4373 παρουσίας

526 4378 595 4439 In
663 4381 905 4442 domum
970 4391 1166 4444 autem
1204 4431 1219 4456 ,
1281 4383 1341 4443 id
1401 4392 1533 4459 est,
1594 4385 1656 4446 in
1730 4388 2014 4449 mundum
2079 4390 2171 4451 in-

2260 4386 2507 4464 ἰσχυροὺς
2550 4383 2703 4449 ὄντας
2736 4399 2749 4413 ⁸
2787 4385 2859 4447 εἰς
2904 4383 3004 4451 τὴν
3036 4384 3203 4441 οἰκίαν
3237 4384 3361 4464 γὰρ,
3402 4382 3524 4451 ἤτοι
3568 4386 3658 4441 τὸν
3685 4388 3917 4463 κόσμον,

526 4470 768 4531 liressus
839 4475 1031 4549 .lesus,
1093 4491 1229 4533 vasa
1288 4472 1654 4555 daemonum,
1723 4475 1997 4539 homines
2043 4478 2175 4541 dico

526 4558 792 4623 abstulit.

606 4649 789 4714 Vens.
826 4652 924 4717 30.
968 4680 988 4710 ε
1023 4652 1135 4725 Qui
1168 4672 1286 4715 non
1319 4662 1408 4717 est
1438 4664 1913 4731 mecum,contra
1945 4677 2040 4721 me
2061 4668 2173 4724 est:

2260 4474 2503 4532 εἰσελθὼν
2560 4476 2588 4530 6
2660 4475 2908 4554 Χριστὸς,
2968 4475 3036 4530 τὰ
3077 4475 3242 4541 σκεύη
3278 4479 3385 4530 τῶν
3440 4472 3729 4551 δαιμόνων,
3796 4478 3918 4540 τοὺς

2259 4565 2561 4644 ἀνθρώπους
2604 4562 2773 4644 λέγω,
2818 4563 3167 4643 ἀφήρπασεν.

2345 4655 2463 4735 (Π)
2502 4675 2526 4712 ι
2565 4645 2621 4712 Ὀ
2666 4653 2742 4730 μὴ
2800 4652 2873 4710 ὢν
2933 4650 3052 4730 μετ’
3113 4652 3266 4730 ἐμοῦ,
3297 4653 3420 4711 κατ’
3447 4656 3580 4731 ἐμοῦ
3610 4653 3721 4711 ἐστι
3764 4675 3778 4689 ’
3832 4656 3918 4711 καὶ

1623 4779 1708 4841 Ex
1741 4780 2059 4843 collatione
2089 4779 2264 4843 codd.
2298 4775 2517 4841 Venet.
2554 4776 2622 4839 S.
2656 4774 2864 4838 Marci.

606 4899 728 4974 (l7)
788 4898 930 4962 (ἰού.
1022 4900 1099 4961 3Ξ
1174 4899 1341 4980 addit
1399 4898 1991 4980 εᾷΠαραδειγματικῶς
2075 4902 2173 4976 μὲν

521 4977 692 5053 ἐξάγει
748 4982 836 5034 τὸν
894 4980 1079 5057 λόγον,
1123 4978 1386 5046 ῦποδηλοϊ
1446 4978 1499 5035 δὲ
1546 4977 1763 5061 ἰσχυρδν
1812 4982 1907 5057 μὲν
1937 4988 2025 5040 τὸν
2071 4980 2170 5059 ἅρ-

522 5078 693 5134 χοντα
734 5061 838 5113 τῶν
896 5058 1182 5134 δαιμόνων,
1234 5064 1336 5139 οὐχ
1380 5063 1451 5122 ὡς
1482 5058 1701 5140 ἰσχυρὸν
1737 5069 1805 5137 τῇ
1839 5064 2013 5143 φύσει,
2050 5058 2171 5119 ἀλλ’

521 5140 591 5198 ὼς
638 5146 980 5214 τυραννοῦντα
1049 5141 1213 5219 μέχρι
1283 5138 1433 5197 τοῦδε
1499 5138 1585 5196 καὶ
1615 5138 1621 5140 ἡ
1655 5138 2172 5200 καταδυναστεύοντα

521 5223 625 5270 τὼν
665 5217 1019 5273 ἀσθενούντων
1090 5217 1162 5274 ἐν⁷
1211 5221 1482 5297 ρᾳθυμίαις
1519 5237 1531 5250 ³
1601 5223 1761 5289 σκεύη
1806 5220 1859 5277 δὲ
1904 5225 2064 5282 αὖτοῦ
2106 5224 2170 5278 τὰ

520 5298 921 5375 ὑποτεταγμένα
974 5302 1114 5373 αὐτῴ
1170 5298 1437 5381 δαιμόνια,
1491 5302 1564 5365 ὡς
1596 5301 1736 5358 ὅπλα
1782 5307 1937 5360 αὐτοῦ
1972 5324 1986 5337 ⁶
2034 5303 2169 5370 σκύη

520 5378 619 5454 γὰρ
663 5379 1005 5450 ὀνομάζονται
1052 5381 1137 5435 καὶ
1179 5382 1243 5435 τὰ
1287 5378 1444 5439 ὅπλα.
1482 5383 1575 5436 Διὸ
1618 5384 1704 5438 καὶ
1735 5385 1762 5438 6
1794 5390 1995 5448 Λουκᾶς
2026 5406 2168 5441 παν-

521 5458 709 5512 οπλίαν
761 5460 913 5515 αὑτοῦ
984 5468 1148 5517 ταῦτα
1194 5460 1461 5535 ὠνόμασε,
1523 5460 1591 5517 δι’
1660 5466 1734 5517 ὡν
1790 5462 2169 5522 κατεδουλοῦτο

517 5535 890 5622 τοὺς-ἀθλίους
948 5540 1271 5622 ἀνθρώπους.
1364 5542 1577 5618 Εἷσάγει
1643 5540 1696 5599 δὲ
1765 5542 2027 5622 λογισμὸν
2084 5542 2170 5600 διὰ

518 5617 755 5673 τοιούτου
824 5617 1244 5698 παραδείγματος
1313 5622 1340 5675 ὁ
1396 5617 1641 5701 Χριστὸς,
1700 5617 2023 5702 δεικνύοντα,
2083 5623 2164 5679 ὅτι

517 5700 601 5785 ού.
619 5698 781 5771 μόνον
826 5699 937 5785 οὐκ,
964 5699 1079 5780 ἔχει
1110 5699 1260 5781 φίλον
1304 5706 1409 5757 τῶν
1443 5698 1734 5777 ’δαιμονίων
1776 5706 1868 5761 τὸν
1898 5698 2161 5785 ἄρχοντα,

2253 4901 2453 4977 θιστον.
2516 4893 2687 4952 ’Ἔστι
2745 4895 2845 4974 γὰρ
2873 4902 2993 4977 *τοῦ
3044 4892 3306 4977 λογισμοῦ
3347 4896 3574 4971 σκοπὸς,
3619 4894 3700 4951 ὅτι
3734 4895 3915 4977 ὥσπερ

2257 4981 2317 5037 οὔ
2370 4974 2584 5033 δύναταί
2624 4997 2704 5041 τις
2763 4974 3023 5057 εἰσελθεῖν
3081 4978 3155 5040 εἰς
3204 4976 3304 5044 τὴν
3333 4978 3500 5057 οἰκίαν
3530 4983 3623 5034 τοῦ
3666 4974 3910 5057 ίσχδροῦ,

2255 5060 2343 5115 καὶ
2401 5058 2469 5114 τὰ
2522 5057 2685 5124 σκεύη
2756 5057 2914 5113 αὐτοῦ
2983 5054 3267 5137 διαρπάσαι
3338 5054 3759 5137 φυλαττόμενα”
3787 5054 3917 5137 παρ’

2256 5139 2433 5214 αὒτοῦ,
2482 5136 2573 5194 ἐὰν
2628 5137 2708 5213 μὴ
2769 5137 2979 5215 πρῶτον
3024 5134 3162 5213 δήσῃ
3221 5140 3311 5193 τον
3354 5134 3641 5217 ἰσχυρὸν,
3676 5137 3814 5194 οὕτω
3858 5134 3921 5217 ,δ’

2256 5222 2410 5282 «om
2465 5222 2525 5277 οὗ
2584 5216 2874 5297 διήπρασεν
2932 5216 2993 5274 ἂν
3047 5219 3113 5272 τὰ
3174 5216 3459 5292 δαιμονία,
3499 5216 3645 5275 τοῦτ’
3690 5217 3799 5273 ἔστι
3847 5216 3918 5273 δι·

2254 5301 2590 5380 εσκόρπισεν,
2653 5296 2725 5354 εἰν
2760 5299 2836 5370 μὴ
2892 5318 3144 5375 προτερον
3201 5296 3483 5373 ἑδέσμευσε
3546 5300 3639 5355 τὸν
3682 5298 3915 5380 ἄρχοντα

2252 5381 2455 5437 τούτων
2502 5377 2595 5436 τὸν
2626 5380 2844 5459 ἰσχυρὸν
2903 5377 3053 5439 ὅντα,
3129 5388 3168 5435 0
3214 5380 3291 5453 μὴ
3336 5380 3412 5436 ὢν
3468 5379 3587 5453 μετ’
3631 5377 3784 5459 ἐμοῦ,
3828 5377 3915 5433 καὶ

2251 5482 2301 5521 τ.
2336 5459 2391 5540 λ..
2436 5485 2459 5514 ιι
2495 5458 2565 5540 Et
2598 5458 2848 5540 quidem
2881 5458 3291 5539 exemplo,seu
3325 5458 3722 5540 similitudine
3753 5458 3919 5520 eom-

2254 5538 2469 5619 probat
2500 5538 2975 5601 ille'sermonem
3007 5556 3206 5612 suum,
3234 5555 3305 5599 ac
3332 5538 3671 5609 subindicat
3700 5539 3909 5600 fortem

2251 5640 2384 5681 esse
2420 5620 2751 5700 principem
2804 5619 3279 5700 daemoniorum;
3332 5628 3593 5682 attamen
3648 5639 3766 5681 non
3796 5638 3908 5679 na-

2253 5698 2528 5781 tura,5ed
2554 5698 2694 5781 quia
2722 5698 3111 5781 tyrannidem,
3142 5708 3404 5781 exercet,
3428 5708 3519 5781 get
3566 5700 3908 5781 dominatur

516 5775 650 5834 ἀλλὰ
679 5778 766 5834 καὶ
810 5775 1334 5858 μᾶλλοῖἐδάἒψαισεν
1377 5775 1548 5840 αὐτοῦ
1580 5782 1679 5850 τὴν
1736 5775 2021 5866 ἰσχὺν,
2052 5775 2160 5865 ix;

2259 5781 2306 5842 iu
2331 5798 2459 5857 eos,
2469 5775 2867 5861 qui'socordia
2888 5778 3203 5861 acpigritie
3220 5779 3553 5842 imbecilles
3571 5776 3905 5846 ﬁunt.Vue
