4204 6484
367 372 492 440 ῗῦθ
1076 380 1171 443 EN
1176 376 1517 442 ARRATIO
1561 375 1644 437 IN
1692 373 2046 439 EVANGEL

2127 369 2196 432 lM
2240 371 2638 436 ΜΑΤΤΗιΕΙ.
2686 407 2763 419 -
2808 374 2972 437 CAP.
3020 375 3157 436 XII.
3648 370 3766 436 270

360 515 388 567 ἱ)
433 515 510 588 μὴ
560 514 814 592 συνάγων
871 512 997 591 μετ’
1035 513 1191 590 ἐμοῦ,
1247 512 1540 590 σκορπίζει.
1598 533 1621 568 ι
1667 516 1813 585 Πῶς,
1847 510 2028 591 φησὶν,

2127 512 2175 566 et
2203 505 2307 585 qui
2338 525 2453 568 non
2490 506 2713 586 colligit
2742 525 3004 588 mecum,
3043 507 3391 588 dispergit.»
3428 508 3763 585 Quomodo,

366 605 394 658 6
456 599 778 674 Βεελζεϐοῦλ
835 602 1033 680 ἔμελλὲ
1088 626 1183 680 μοι
1226 614 1522 680 συνεργεῖν,
1581 601 1637 665 ὃς
1694 599 2025 679 ἀντιπράττει

2127 596 2327 675 ,nquit,
2382 596 2722 658 Beelzebub
2758 597 2900 658 mihi
2934 606 3292 677 cooperatus
3322 606 3433 678 est,
3481 599 3582 679 qui
3614 619 3765 661 con-

363 714 458 763 μοι
518 691 727 769 μᾶλλον
766 713 783 767 ;
828 692 978 773 Ἐγὼ
1008 693 1105 766 μὲν
1132 694 1232 772 γὰρ
1280 693 1470 771 ἀρετὴν
1512 687 1764 763 διδάσκω,
1823 689 2030 753 ἐκεῖνος

2127 683 2356 773 .rarium
2392 685 2534 746 mihi
2567 686 2875 765 operatur?
2903 685 3021 764 Ego
3053 687 3293 761 quidem
3326 687 3601 750 virtutem
3649 690 3762 750 do-

358 779 417 837 δὶ
476 783 690 845 κακίαν,
738 789 861 848 Πῶς
912 771 1011 841 ⁷οῦν
1042 782 1154 839 ἔστι
1198 771 1315 857 μετ’
1348 779 1483 856 ἐμοῦ
1515 799 1530 849 ;
1567 778 1731 857 Κάγὼ
1760 780 1857 853 μὲν
1902 802 2029 835 συν·-

2127 790 2241 845 :eo,
2267 771 2369 835 ille
2411 782 2606 834 autem
2645 775 2953 855 malitiam,
2988 776 3284 855 quomodo
3321 777 3497 855 igitur
3526 787 3614 839 est
3640 797 3761 840 me-

364 870 487 950 άγω
576 873 703 938 τοῦς
785 872 1089 952 ἀνθρώπους
1176 874 1247 936 εἷς
1322 869 1610 947 σωτηρίαν,
1691 868 1897 933 ἐκεῖνος
1976 867 2031 924 δὲ

2127 879 2247 921 :um
2270 864 2298 921 ?
2341 863 2411 924 Et
2441 882 2549 941 ego
2583 863 2823 943 quidem
2858 883 3152 943 congrego
3185 866 3461 927 homines
3490 867 3562 928 ad
3594 868 3758 929 salu-

367 962 642 1041 σκορπίζει
676 980 691 993 ·
746 950 1030 1019 αἰνίττεται
1101 960 1155 1017 δὲ
1226 974 1313 1017 καὶ
1366 961 1489 1024 τοὺς
1544 960 1885 1036 Φαρισαίους,
1951 956 2031 1014 ὅτι

2127 950 2385 1041 tem,_ille
2415 960 2610 1041 autem
2649 951 2953 1031 dispergit.
2979 952 3151 1014 Notat
3182 963 3381 1015 autem
3408 956 3755 1031 Pharisaaos,

2117 1038 2272 1118 quod
2305 1058 2368 1100 se
2400 1040 2652 1101 docente
2682 1050 2739 1101 et
2769 1041 2971 1101 multis
3005 1043 3289 1122 prodesse
3320 1043 3623 1126 cupiente,
3647 1046 3763 1127 ipsi

377 1049 539 1106 αὺτοῦ
578 1049 911 1118 διδάσκοντος
968 1054 1058 1108 καὶ
1113 1049 1440 1130 ὠφελοῦντος
1516 1046 1771 1121 πολλοὺς,
1837 1047 2033 1104 ἐκεῖνοι
2117 1046 2272 1141 quod
2305 1058 2368 1100 se
2400 1046 2652 1101 docente
2682 1050 2745 1141 et
2769 1046 2918 1141 mult

380 1138 714 1198 ἒσκεδάννυον
771 1143 865 1197 τὸν
920 1141 1076 1215 λαὸν,
1134 1129 1269 1198 ὥστε
1322 1140 1399 1214 μη
1448 1136 1836 1217 προσέρχεσθαι
1868 1141 2029 1211 αὐτῷ.

2127 1129 2533 1217 dispergerent
2572 1130 2852 1210 populum
2905 1131 3007 1211 ita,
3042 1150 3117 1192 ne
3148 1133 3504 1194 accederent
3549 1135 3623 1196 ad
3671 1154 3760 1197 se.

388 1231 652 1285 Δείκνυσιν
682 1230 767 1287 οὖν
797 1230 987 1295 αὐτοὺς
1018 1227 1383 1306 δαιμονιώδεις
1414 1235 1493 1303 τῷ
1520 1226 1655 1289 ὄντι.

2127 1215 2288 1279 Unde
2319 1219 2579 1280 ostendit
2610 1239 2711 1280 eos
2738 1238 2946 1281 revera
2978 1221 3290 1281 daemoniis
3316 1222 3543 1301 plenos.

467 1338 498 1377 ς
535 1320 629 1375 Διά
681 1327 833 1376 τοῦτο
873 1319 1019 1399 λέγω
1070 1321 1199 1395 ὑμῖν
1235 1335 1247 1348 ⁸
1298 1325 1449 1374 Πᾶσα
1495 1316 1725 1395 ἁμαρτία
1756 1319 1844 1373 καὶ
1872 1315 2037 1393 βλασ-

2200 1308 2594 1383 VERS.31,3?.
2611 1308 2871 1371 «Idcirco
2897 1311 3028 1371 dico
3051 1309 3435 1374 vobis:0mne
3458 1322 3765 1392 peccatum

380 1408 556 1484 φημία
587 1409 905 1488 ἀφεθήσεται
950 1422 1071 1473 τοῖς
1113 1408 1434 1487 ἀνθρώποις,
1490 1409 1525 1475 ἡ
1556 1405 1610 1462 δὲ
1654 1412 1745 1462 τοῦ
1790 1407 2033 1480 Πνεῦμα·-

2127 1404 2175 1457 et
2204 1399 2535 1460 convicium
2563 1399 2904 1461 remittetur
2938 1399 3308 1479 hominibus,
3341 1409 3400 1461 at
3430 1401 3765 1463 convicium

554 1470 871 1575 βλάσφημία
956 1470 1067 1555 οὗκ-
1131 1470 1451 1575 ἀφεθήσεται
1513 1470 1641 1557 ⁷τοῖς
1715 1470 2030 1573 ἀνθρώποις.

2127 1488 2177 1546 in
2209 1486 2494 1566 Spiritum
2519 1497 2791 1549 sanctum
2825 1508 2943 1549 non
2962 1470 3305 1550 remittetur
3325 1489 3769 1553 hominibus.Et

376 1586 477 1641 Καὶ
535 1585 594 1647 ὃς
644 1574 733 1642 ἐὰν
780 1584 911 1662 εἴπῃ
957 1584 1119 1665 λόγον
1150 1574 1286 1642 κατὰ
1328 1590 1422 1643 τοῦ
1453 1587 1575 1640 Υἱοῦ
1616 1590 1709 1640 τοῦ
1738 1583 2033 1661 ἀνθρώπου,

2127 1574 2387 1654 quisquis
2412 1575 2625 1637 dixerit
2647 1576 2888 1638 verbum
2925 1578 3211 1639 adversus
3232 1578 3448 1640 Filium
3482 1580 3766 1655 hominis,

370 1672 702 1751 ἀφεθήσεται
746 1678 888 1750 αῦτῷ
920 1692 951 1713 ’ν
970 1664 1047 1738 ὃς
1077 1673 1123 1730 δ’
1167 1674 1229 1731 ἂν
1278 1673 1410 1751 εἴπῃ
1441 1674 1579 1730 κατὰ
1605 1681 1700 1730 τοῦ
1731 1674 2037 1747 Πνεύματος

2127 1664 2455 1725 remittetur
2476 1665 2689 1746 illizqui
2710 1677 2907 1728 autem
2943 1667 3162 1728 dixerit
3182 1668 3464 1729 adversus
3480 1668 3768 1749 Spiritum

370 1773 467 1822 τοῦ
539 1764 715 1841 ἁγίου,
776 1764 871 1821 οῦκ
928 1765 1246 1843 ἀφεθήσεται
1304 1764 1449 1837 αῦτῴ
1527 1761 1644 1820 οὔτε
1715 1762 1768 1818 ἐν
1825 1769 1902 1836 τῷ
1953 1771 2039 1820 νῦν

2127 1762 2390 1814 sanctum
2425 1773 2543 1815 non
2566 1756 2903 1817 remittetur
2931 1756 3009 1832 ei,
3042 1776 3241 1837 neque
3262 1759 3322 1818 in
3358 1760 3633 1837 praesenti
3654 1778 3769 1820 saa-

372 1852 548 1919 αἷῶνι,
598 1852 716 1909 οὔτε
788 1854 842 1909 ἐν
878 1859 956 1926 τῷ
1014 1853 1285 1929 μέλλοντι.
1329 1876 1351 1910 ι
1415 1859 1580 1911 Τοῦτο
1626 1852 1843 1909 ἐνταῦθα
1871 1850 2035 1929 λέγει,

2127 1844 2283 1916 culo,
2311 1862 2505 1925 neque
2537 1845 2594 1905 in
2620 1847 2814 1906 futuro
2851 1872 2875 1901 ι)
2911 1847 3065 1908 Dicit
3096 1848 3211 1907 hoc
3257 1848 3387 1908 loco
3418 1850 3769 1910 omnealiud

370 1941 453 1996 ὅτι
524 1949 669 1999 πᾶσα
730 1945 828 2019 μὲν
884 1942 1024 2010 ἄλλη
1084 1943 1334 2023 ἆμαρτία,
1383 1944 1480 1999 κᾶν
1527 1943 1717 2021 μικρὰν
1766 1951 1889 2020 γοῦν
1919 1940 2038 2020 ἔχει

2127 1942 2428 2012 peccatum
2448 1934 2533 1995 vel
2553 1953 2786 2014 parvam
2818 1936 3025 1996 saltem
3059 1935 3281 1997 habere
3299 1938 3766 2015 excusationem,

369 2030 695 2109 ἀπολογίαν,
752 2034 874 2091 οἷον
933 2034 1172 2112 πορνεία,
1226 2032 1426 2102 κλοπή.
1478 2032 1890 2112 Καταφεύγομεν
1939 2032 2038 2107 γὰρ

2127 2032 2320 2103 utpote
2352 2025 3025 2099 scortationem,furtum
3055 2046 3073 2086 :
3105 2026 3486 2105 confugimus
3518 2028 3677 2088 enim
3699 2028 3773 2089 ad

373 2122 446 2184 εἰς
501 2123 602 2189 τὴν
661 2123 995 2201 ἀνθρωπίνην
1053 2122 1346 2192 ἀσθένειαν,
1426 2123 1517 2179 καὶ
1587 2120 2038 2199 συγγνωστότεροί

371 2214 559 2285 ἔσμεν.
614 2201 794 2270 ”Οταν
837 2210 891 2268 δέ
951 2234 1032 2275 τις
1267 2212 1508 2286 θαύματα
1550 2208 1635 2266 διὰ
1660 2217 1753 2267 τοῦ
1786 2209 2034 2284 Πνεῦμα-

375 2322 463 2362 τος
508 2299 831 2380 τελούμενα,
895 2303 981 2357 καὶ
1026 2297 1284 2377 διαϐάλλῃ
1326 2299 1486 2356 ταῦτα
1528 2301 1602 2364 ὡς
1656 2300 1759 2355 ὑπὸ
1788 2296 2035 2373 δαίμονος

380 2389 655 2466 γινόμενα,
735 2391 892 2447 ποίαν
974 2389 1075 2455 ’ἕξει
1147 2390 1297 2452 οὗτος
1360 2388 1704 2469 ἀπολογίαν,
1765 2386 2039 2467 Πρόδηλον

383 2480 481 2554 γὶιρ
512 2478 591 2535 ὅτι
644 2478 763 2537 οἶδε
796 2480 893 2554 μὲν
940 2477 1020 2535 ὅτι
1076 2479 1182 2536 ἀπο
1238 2479 1542 2554 Πνεῦματος
1592 2479 1738 2558 ῦγίου
1780 2479 2034 2556 γίνονται,

381 2566 692 2626 ἐθελοκακεῖ
764 2568 841 2632 δέ,
917 2574 1040 2631 Πῶς
1102 2570 1188 2625 οὗ)
1238 2570 1265 2624 6
1334 2574 1574 2631 τοιοῦτος
1645 2566 2035 2647 συγγνωστός,

382 2650 563 2715 ”Οταν
607 2661 709 2734 μὲν
739 2662 828 2715 ὧν
890 2656 1115 2716 ἔϐλεπον
1170 2659 1217 2714 οἱ
1264 2655 1512 2715 Ἰουδαῖοι
1543 2659 1636 2714 τὸν
1667 2658 1854 2736 Κύριον
1895 2657 2037 2735 τρώ-

374 2770 545 2826 γοντα
602 2751 693 2805 καὶ
751 2751 991 2819 πίνοντα,
1030 2749 1120 2804 καὶ
1181 2748 1314 2822 μετά
1368 2746 1615 2804 τελωνῶν
1671 2744 1918 2825 διάγοντα
1949 2748 2037 2801 καὶ

378 2844 619 2917 πορνῶν,
672 2839 762 2895 καὶ
810 2836 982 2894 τίλλα
1018 2837 1191 2893 πάντα
1234 2838 1307 2900 ὡς
1359 2838 1478 2892 Υἱὸν
1536 2836 1808 2915 ἀνθρώπου
1862 2837 2035 2915 πράτ-

389 2948 554 2983 τοντα
598 2928 721 2983 εἶτα
761 2925 1036 2983 διέϐαλλον
1086 2927 1243 2985 αὐτὸν
1286 2928 1361 2990 ὡς
1404 2926 1569 3005 φάγον
1617 2927 1704 2982 καὶ
1732 2928 2037 3000 οἰνοπότην,

394 3014 531 3091 ὑπὲρ
597 3016 777 3071 τούτου
827 3016 1146 3095 συγγνώμης
1222 3014 1383 3089 ἄξιοι,
1441 3017 1529 3071 καὶ
1600 3012 1716 3072 οόδὲ
1761 3017 2103 3103 μετάνοιανο

398 3103 845 3173 ἀπαιτηθτξσονται
897 3105 1028 3185 ὑπὲρ
1090 3105 1301 3164 τούτου.
1367 3114 1587 3163 Δοκοῦσι
1647 3105 1747 3183 γὰρ
1809 3104 2043 3184 εὐλόγως

391 3190 842 3265 σκανδαλζεσθαι.
902 3185 1083 3254 ’⁸οταν
1169 3192 1223 3250 δὲ
1300 3193 1588 3272 βλέποντες
1639 3194 1795 3251 αὖτὸν
1845 3198 2045 3269 θαυμα-

381 3282 729 3362 τουργοῦντα,
791 3280 1067 3340 διέϐαλλον
1125 3285 1215 3340 καὶ
1269 3281 1644 3364 ἐϐλασφήμουν
1717 3286 1779 3340 τὸ
1836 3290 2048 3359 Πνεῦμα

379 3374 442 3429 τὸ
495 3373 679 3453 ἅγιον,
737 3372 986 3453 λέγοντες
1030 3376 1157 3431 αὐτὸ
1200 3372 1543 3451 δαιμονιῶδες
1575 3377 1737 3449 εἶναι,
1772 3375 1884 3437 πῶς
1944 3374 2047 3453 ἀφ-

385 3463 633 3531 εθήσεται
674 3465 832 3521 τοῦτο
875 3466 937 3519 τὸ
995 3464 1285 3542 ἁμάρτημα
1344 3465 1553 3539 αὐτοῖς,
1620 3462 1710 3519 ἐὰν
1754 3466 1831 3540 μὴ
1876 3484 2048 3539 μετα-

386 3554 659 3621 νοήσωσιν
693 3573 710 3629 ;
746 3544 925 3609 υΩστε
980 3554 1205 3629 γίνωσκε
1247 3555 1321 3616 ὡς
1365 3556 1394 3609 ὃ
1452 3554 1549 3629 μὲν
1574 3554 1645 3617 εἰς
1690 3554 1781 3610 τὸν
1809 3556 1929 3611 Υἶὸν
1959 3562 2052 3612 τοῦ

382 3641 666 3719 ἀνθρώπου
754 3642 1116 3723 βλασφημῶν,
1182 3643 1527 3721 ἀνθρωπικῶς
1597 3646 1767 3715 ζῶντα
1837 3642 2051 3721 βλέπων

388 3734 568 3804 αὗτὸν,
634 3733 725 3789 καὶ
780 3730 954 3809 λέγων
1000 3734 1157 3790 αὺτὸν
1214 3732 1363 3813 φίλον
1422 3738 1654 3813 πορνῶν,
1718 3735 1807 3790 καὶ
1855 3734 2049 3813 φάγον,

387 3821 473 3875 καὶ
523 3821 838 3895 οἰνοπότην,
897 3820 983 3880 διὰ
1024 3824 1086 3878 τὸ
1126 3829 1292 3879 ταῦτα
1334 3825 1426 3880 τὸν
1490 3823 1716 3899 Χριστὸν
1759 3822 1961 3895 ποιεῖν,
2024 3824 2052 3877 6

390 3917 629 3974 τοιοῦτος
688 3910 789 3967 κᾶν
844 3913 923 3987 μὴ
979 3913 1311 3993 μετανοήσῃ,
1373 3916 1433 3971 οὒ
1482 3909 1638 3968 δώσει
1690 3912 1819 3993 ὑπὲρ
1867 3912 2053 3969 τούτου

384 3998 551 4078 λόγον
583 4017 603 4035 ⁸
665 4001 1087 4079 συγγινώσκεται
1131 4003 1229 4081 γὰρ
1279 4004 1352 4066 ὡς
1386 4002 1463 4078 μη
1508 4003 1705 4072 νοήσας
1737 4004 1893 4061 αὑτὸν
1923 4002 2054 4057 Θεὸν

2119 2112 2435 2174 humanam
2470 2113 2898 2187 infirmitatem,
2926 2116 3065 2177 etﬁt
3096 2116 3279 2176 venize
3310 2116 3506 2179 locus:
3533 2117 3771 2198 quando

2117 2212 2311 2263 autem
2333 2202 2466 2283 quis
2492 2204 2701 2265 viderit
2731 2206 3016 2266 miracula
3049 2224 3154 2284 per
3180 2203 3463 2284 Spiritum
3496 2215 3773 2269 sanctum

2121 2292 2270 2361 ﬁeri,
2306 2301 2364 2351 et
2389 2295 2749 2355 accusaverit
2780 2313 2847 2355 ea
2878 2296 3046 2375 quasi
3068 2306 3105 2355 ‘a
3128 2295 3362 2356 diabolo
3386 2297 3541 2358 facta
3582 2319 3594 2360 :
3634 2316 3777 2377 qua-

2120 2380 2234 2440 lem
2250 2380 2559 2442 habiturus
2579 2383 2786 2444 estille
2808 2384 3664 2448 excusationem?Manifestum
3686 2392 3776 2447 est

2122 2470 2279 2529 enim
2312 2470 2463 2531 scire
2488 2489 2622 2532 eum
2644 2473 2797 2552 quod
2818 2492 2849 2533 a
2868 2472 3089 2551 Spiritu
3104 2484 3307 2536 sancto
3332 2475 3497 2549 ﬁant,
3524 2495 3629 2537 sua
3659 2494 3772 2536 au-

2122 2566 2239 2619 tem
2262 2568 2473 2637 sponte
2495 2562 2649 2622 male
2674 2563 3241 2642 operarizquomodo
3263 2564 3588 2639 igiturtalis
3606 2566 3779 2626 venia

2121 2646 2333 2726 dignus
2348 2649 2493 2709 erit?
2512 2648 2715 2730 Itaque
2732 2653 2912 2713 Judaei
2934 2652 3171 2731 quando
3191 2654 3466 2714 viderunt
3480 2653 3774 2716 Christum

2122 2736 2575 2799 manducantem
2612 2748 2669 2799 et
2700 2740 3034 2822 bibentem,
3058 2761 3125 2803 ac
3158 2754 3486 2804 versantem
3521 2764 3652 2806 cum
3682 2763 3783 2824 pu-

2123 2824 2372 2887 blicanis
2404 2837 2461 2888 et
2494 2830 2931 2904 meretricibus,
2961 2832 3195 2911 aliaque
3217 2834 3417 2894 omnia
3452 2852 3618 2895 more
3639 2834 3772 2896 Filii

2126 2917 2382 2977 hominis
2429 2919 2767 2994 facientem,
2804 2927 2863 2981 et
2893 2921 3111 2981 deinde
3144 2933 3473 3000 arguerunt
3522 2942 3657 2986 eum
3711 2933 3776 2987 ut

2129 3006 2542 3089 comedonem,
2580 3017 2637 3070 et
2670 3009 2791 3069 vini
2820 3018 3085 3089 potorem
3122 3028 3133 3071 :
3166 3011 3225 3071 in
3260 3013 3372 3073 hoc
3402 3022 3574 3075 erant
3603 3014 3776 3076 venia

2129 3094 2313 3171 digni,
2346 3105 2403 3159 et
2436 3116 2629 3177 neque
2664 3099 3009 3177 paenitentia
3057 3117 3239 3177 super
3289 3101 3401 3163 hoc
3440 3102 3513 3163 ab
3572 3104 3659 3165 eis
3684 3105 3772 3165 61

2131 3185 2419 3261 exigetur.
2456 3186 2825 3247 Videbantur
2869 3190 3026 3248 enim
3063 3189 3497 3252 rationabiliter
3526 3193 3775 3255 offendi.

2130 3272 2376 3344 Quando
2408 3284 2603 3335 autem
2637 3276 2910 3337 viderunt
2942 3296 3076 3337 cum
3108 3281 3341 3357 operari
3383 3281 3688 3359 miracula,
3722 3292 3782 3345 et

2131 3373 2472 3441 arguerunt,
2508 3365 2999 3445 blasphemarunt
3029 3367 3309 3445 Spiritum
3352 3379 3648 3451 sinctum,
3681 3372 3777 3432 di-

2132 3462 2334 3513 centes
2356 3453 2467 3515 hoc
2498 3455 2924 3516 daemoniacum
2958 3458 3415 3536 esse,quomodo
3446 3459 3783 3533 remittetur

2134 3542 2245 3602 hoc
2305 3553 2607 3622 peccatum
2668 3545 2781 3605 nisi
2838 3548 3243 3625 paenitentiam
3306 3548 3564 3627 egerint?
3594 3549 3664 3611 Et
3703 3551 3784 3613 ita

2135 3630 2296 3692 disce
2318 3634 2474 3712 quod
2508 3634 2609 3695 ille
2640 3636 2739 3714 qui
2774 3634 3148 3716 blasphemat
3170 3638 3229 3697 in
3262 3639 3472 3700 Filium
3497 3639 3779 3717 hominis,

2136 3720 2342 3782 videns
2365 3742 2500 3783 eum
2533 3724 2790 3785 humano
2824 3744 2987 3786 more
3028 3726 3247 3802 vivere,
3298 3736 3356 3788 et
3387 3728 3640 3791 dicens:
3675 3728 3785 3792 Hic

2136 3814 2579 3873 meretricarins
2610 3826 2903 3886 est,vorax
2935 3825 2993 3876 et
3019 3816 3492 3896 vinipotor,dum
3519 3818 3786 3882 Christus

2136 3900 2248 3961 hoc
2280 3902 2576 3964 l'acitzlalis
2596 3914 2651 3965 et
2667 3905 2715 3965 si
2739 3924 2856 3965 non
2888 3906 3281 3987 pwniteat,de
3300 3908 3410 3969 hoc
3434 3928 3552 3969 non
3571 3910 3788 3972 reddet

2139 3990 2430 4052 rationem
2475 3991 2721 4054 Veniam
2756 3996 2914 4055 enim
2938 3996 3187 4076 accepit,
3225 4006 3500 4077 tanquam
3534 3999 3635 4079 qui
3667 4017 3789 4061 non

383 4088 515 4144 ὄντα
563 4078 798 4167 κρυπτάν
830 4106 843 4119 ·
907 4091 935 4147 ὃ
980 4087 1036 4146 δὲ
1088 4078 1161 4153 εἰς
1202 4078 1265 4147 τὸ
1307 4090 1461 4169 ἅγισν
1504 4094 1741 4171 Πνεῦμα,
1788 4090 1905 4158 ἤτοι
1963 4089 2046 4152 τὰς

2139 4078 2673 4171 intellexeritillum
2697 4084 2877 4146 fuisse
2894 4084 3185 4160 Deum,eo
3206 4088 3360 4166 quod
3378 4095 3494 4147 tam
3514 4078 3788 4151 occultus

386 4178 764 4253 πνευματικὰς
822 4179 1035 4257 πράξεις
1084 4187 1174 4237 τοῦ
1230 4167 1479 4260 Χριστοῦ,
1559 4167 1915 4261 βλασφημῶν,
1972 4181 2046 4234 καῖ

2140 4167 2456 4261 i‘uerit.Qui
2482 4183 2679 4233 autem
2703 4173 3073 4254 blasphemat
3094 4176 3152 4236 in
3177 4174 3458 4255 Spiritum
3490 4184 3784 4256 sanctum,

388 4267 570 4345 λέγων
626 4267 779 4324 αὒτὰι
835 4266 1228 4346 δαιμονιώδεις,
1280 4258 1381 4327 θεὰν
1454 4270 1533 4346 μὴ
1605 4258 1938 4347 μετανόήσῃ,
2001 4266 2046 4324 οἰ

2142 4258 2255 4320 hoc
2301 4270 2409 4340 est,
2444 4261 2502 4322 in
2536 4263 2829 4343 spiritalia
2887 4280 3075 4343 Opera
3134 4263 3371 4345 Christi,
3415 4275 3475 4327 et
3526 4267 3671 4329 dicit
3720 4286 3792 4330 ea

393 4359 863 4435 συγγνωσθήσεται
897 4377 916 4395 ο
973 4360 1054 4436 μὴ
1110 4360 1209 4437 γὰρ
1265 4358 1485 4439 εὔλογόν
1527 4382 1645 4417 τινα
1695 4360 1941 4440 ἀφορμὴν
1986 4359 2046 4422 εἷς

2143 4364 2275 4409 esse
2292 4349 2727 4425 diabolica,nisi
2748 4352 3155 4432 paenitentiam
3175 4355 3382 4432 egerit,
3403 4356 3637 4419 veniam
3670 4376 3792 4419 non

389 4416 817 4505 τὸιδιαϐἀλλειν
887 4416 1071 4529 εἷχέεν,
1124 4416 1309 4527 ῶσπερ
1370 4416 1576 4517 ἑλετνος
1620 4453 1649 4507 6
1692 4416 2046 4528 tgv|kpt6t2n

2142 4438 2650 4518 assequetur.Non
2683 4416 2841 4502 enim
2872 4416 3289 4503 rationabilem
3321 4462 3559 4506 causam
3584 4444 3793 4508 habuit

392 4540 536 4613 ὁρῶν
596 4538 733 4612 μετὰ
778 4544 982 4618 πορνῶν
1040 4537 1167 4597 ὄντα
1224 4542 1313 4597 καὶ
1370 4539 1642 4617 τελωνῶν,
1677 4539 1799 4597 εἶτα
1831 4534 2046 4595 διαϐάλ-

2142 4536 2204 4589 ut
2227 4530 3224 4611 calumniaretur,quemadmodum
3246 4533 3348 4593 ille
3364 4534 3460 4613 qui
3488 4534 3792 4597 Christum

393 4624 559 4705 λωνί
621 4625 732 4685 Οὔκ
787 4627 1107 4707 ἀφεθήσεται
1165 4628 1255 4687 οὖν
1310 4629 1452 4704 τύτῳ
1495 4628 1612 4687 οὔτε
1663 4630 1883 4686 ἐνταῦθα
1938 4626 2046 4684 οὕτε

2140 4618 2347 4680 videns
2365 4637 2498 4679 cum
2520 4620 2935 4681 meretricibus
2952 4630 3009 4682 et
3034 4622 3368 4702 publicanis
3392 4625 3634 4697 versari,
3668 4634 3791 4686 tum

393 4713 538 4772 ἔχετ’
593 4714 731 4772 ἀλλὰ
796 4715 884 4775 xii
963 4718 1181 4775 ἐνταῦθα
1262 4721 1353 4776 καὶ
1410 4718 1528 4777 ἐκεῖ
1591 4719 2046 4799 τιμωρηθήσεται.

2140 4707 2631 4799 calumniabatur.
2665 4708 2796 4771 Non
2836 4712 3183 4799 remittetur
3214 4711 3390 4790 igitur
3423 4713 3513 4775 vel
3544 4713 3665 4787 hic,
3700 4714 3793 4776 vel

396 4803 603 4861 Πολλοὶ
660 4807 760 4884 γὰρ
814 4809 1037 4865 ὶνταῦθα
1106 4810 1204 4885 μὲν
1259 4808 1597 4892 κολέζονται,
1672 4798 1789 4867 ἐκεῖ
1844 4806 1899 4864 δὲ
1942 4803 2046 4863 οὐδ’

2135 4798 2277 4861 alibi
2306 4820 2319 4856 :
2352 4799 2455 4861 sed
2487 4810 2548 4859 et
2578 4798 2675 4860 hic
2707 4807 2765 4859 et
2792 4798 2937 4859 alibi
2972 4800 3457 4892 punietur.Multi
3481 4802 3798 4892 enimsunt

398 4892 543 4960 ὅλως
578 4914 597 4932 '
636 4897 711 4959 ὡς
754 4898 783 4954 6
825 4898 1049 4976 πτωχὸς
1081 4897 1339 4979 Λάζαρος.
1376 4888 1685 4975 ”Αλλοι’δὲ,
1717 4900 1804 4956 καὶ
1832 4895 1933 4954 ῶδι
1962 4895 2046 4952 καὶ

2134 4890 2235 4971 qui
2251 4888 2349 4950 hic
2362 4888 2597 4969 quidem
2614 4889 3065 4969 puniuntur,sed
3083 4888 3223 4951 alibi
3241 4908 3482 4971 prorsus
3495 4891 3797 4955 immunes

1496 5028 1577 5092 Ex
1611 5029 1931 5094 collatione
1962 5030 2138 5107 codd.
2176 5028 2390 5089 Venet.
2427 5029 2487 5089 S.
2523 5028 2730 5089 Marci.

396 5156 607 5240 autem
637 5148 794 5240 ejus,
825 5148 1122 5240 demonia
1145 5150 1347 5240 eidem
1400 5151 1665 5233 subjecta
1692 5160 1894 5240 vocat;
1930 5171 2063 5237 quae
2142 5150 2302 5240 nime
2333 5148 2610 5222 invisam,
2645 5146 3104 5240 alligaveritEst
3136 5166 3269 5210 vero
3302 5148 3801 5240 talis'argumenti

400 5228 649 5291 scilicet
672 5228 835 5293 velut
853 5247 1021 5322 arma
1049 5230 1233 5322 ipsius
1264 5241 1445 5297 sunt:
1477 5228 1614 5297 vasa
1637 5235 1798 5322 enim
1826 5228 2065 5322 etaima
2149 5230 2317 5322 illius
2356 5248 2596 5322 scopus.
2622 5228 3178 5322 JQuemadmodum
3223 5247 3401 5321 nemo
3440 5228 3797 5322 i_n"domum

398 5318 853 5405 quncupantur.
877 5308 1101 5403 .Quaré.
1117 5314 1305 5375 Lucas
1331 5324 1721 5405 armaturam
1744 5315 2063 5405 ipsius_ea-
2148 5308 2691 5405 alicujuspbtentis
2723 5310 3233 5405 i‘ntrare,vasaque
3263 5311 3641 5405 ejus-abipso
3672 5332 3804 5405 cus-

400 5390 545 5487 dem
598 5390 969 5487 appellavit}
1005 5392 1142 5485 quia
1174 5412 1279 5473 per
1322 5394 1429 5487 illa
1487 5396 1741 5487 miseros
1768 5390 2068 5459 homines
2154 5392 2335 5487 todita
2364 5390 2627 5487 diripere
2660 5400 2874 5471 potest,
2900 5390 3151 5487 siprius
3168 5409 3288 5453 non
3318 5390 3647 5487 alligaverit
3672 5396 3800 5487 for-

399 5470 518 5534 sibi
545 5470 1298 5568 subigit.Christusita'qiie
1322 5474 1437 5568 hoc
1465 5476 1739 5568 exemplo
1761 5493 2072 5568 argumen-
2154 5481 2270 5565 tem
2303 5491 2315 5534 :
2352 5474 2439 5563 sic
2472 5480 2529 5533 et
2574 5470 2704 5563 ipse
2754 5470 3055 5564 nunquam
3090 5474 3384 5568 daemonia
3426 5474 3797 5568 diripuisset,

403 5561 522 5616 tum
555 5552 859 5638 eﬂ'ormat,
899 5552 1227 5638 ostendens
1256 5555 1417 5637 quod
1450 5574 1569 5638 non
1601 5552 1803 5638 solum
1831 5552 2071 5621 vnullam
2158 5554 2271 5615 nisi
2303 5552 2469 5638 prius
2501 5552 2833 5638 principem
2874 5552 3164 5634 ipsorum,
3198 5554 3298 5631 qui
3328 5554 3496 5615 fortis
3527 5552 3637 5638 cit,
3670 5555 3803 5618 alli-

406 5650 529 5700 cum
580 5635 873 5722 principe
947 5632 1380 5722 demoniorum
1435 5637 1758 5722 amicitiam
1807 5640 2074 5722 habeat;
2156 5632 2373 5714 gassét.
2414 5634 2535 5707 Qui
2564 5632 2792 5698 nonest
2811 5632 3058 5709 mecum,
3091 5660 3113 5693 ιι
3143 5644 3260 5698 etc.

406 5712 600 5785 muni
647 5712 843 5786 etiam
912 5712 1078 5796 quod
1119 5713 1396 5779 virtutem
1451 5716 1606 5799 ejus,
1664 5726 1729 5780 ut
1774 5718 1889 5783 sibi
1940 5712 2074 5782 maé
