  <div class='ocr_page' id='page_1' title='image "/cluster/home/n/w/nwhite01/storage/ocr_20150623/123:no.1/coo.31924054870286/144.png"; bbox 0 0 4204 6416; ppageno 0'>
   <div class='ocr_carea' id='block_1_1' title="bbox 307 370 423 435">
    <p class='ocr_par' dir='ltr' id='par_1_1' title="bbox 307 370 423 435">
     <span class='ocr_line' id='line_1_1' title="bbox 307 370 423 435; baseline 0.017 -2"><span class='ocrx_word' id='word_1_1' title='bbox 307 370 423 435; x_wconf 66' lang='grc' dir='ltr'>πθ</span> 
     </span>
    </p>
   </div>
   <div class='ocr_carea' id='block_1_2' title="bbox 976 369 3067 443">
    <p class='ocr_par' dir='ltr' id='par_1_2' title="bbox 976 369 3067 443">
     <span class='ocr_line' id='line_1_2' title="bbox 976 369 3067 443; baseline -0.001 -1"><span class='ocrx_word' id='word_1_2' title='bbox 976 378 1422 443; x_wconf 79' lang='lat' dir='ltr'><strong>ENARHATIO</strong></span> <span class='ocrx_word' id='word_1_3' title='bbox 1464 376 1546 441; x_wconf 80' lang='lat' dir='ltr'>IN</span> <span class='ocrx_word' id='word_1_4' title='bbox 1594 369 2104 441; x_wconf 32' lang='lat' dir='ltr'><strong>EVANGELI‘UM</strong></span> <span class='ocrx_word' id='word_1_5' title='bbox 2150 373 2551 440; x_wconf 62' lang='lat' dir='ltr'><strong>MATTHEI.</strong></span> <span class='ocrx_word' id='word_1_6' title='bbox 2597 408 2675 424; x_wconf 92' lang='lat'><strong>--</strong></span> <span class='ocrx_word' id='word_1_7' title='bbox 2717 379 2880 441; x_wconf 79' lang='lat' dir='ltr'><strong>CAP.</strong></span> <span class='ocrx_word' id='word_1_8' title='bbox 2930 376 3067 442; x_wconf 84' lang='lat' dir='ltr'><strong>XII.</strong></span> 
     </span>
    </p>
   </div>
   <div class='ocr_carea' id='block_1_3' title="bbox 3561 381 3679 446">
    <p class='ocr_par' dir='ltr' id='par_1_3' title="bbox 3561 381 3679 446">
     <span class='ocr_line' id='line_1_3' title="bbox 3561 381 3679 446; baseline 0.008 -1"><span class='ocrx_word' id='word_1_9' title='bbox 3561 381 3679 446; x_wconf 82' lang='grc'><strong>274</strong></span> 
     </span>
    </p>
   </div>
   <div class='ocr_carea' id='block_1_4' title="bbox 315 502 1956 592">
    <p class='ocr_par' dir='ltr' id='par_1_4' title="bbox 315 508 1956 592">
     <span class='ocr_line' id='line_1_4' title="bbox 315 508 1956 592; baseline -0.003 -25"><span class='ocrx_word' id='word_1_10' title='bbox 315 508 402 567; x_wconf 67' lang='grc' dir='ltr'>επ</span> <span class='ocrx_word' id='word_1_11' title='bbox 455 509 673 568; x_wconf 74' lang='grc' dir='ltr'>ὲνταῦθα</span> <span class='ocrx_word' id='word_1_12' title='bbox 727 514 901 592; x_wconf 80' lang='grc' dir='ltr'>ἡμᾶς,</span> <span class='ocrx_word' id='word_1_13' title='bbox 976 511 1059 570; x_wconf 78' lang='grc' dir='ltr'>ὅτι</span> <span class='ocrx_word' id='word_1_14' title='bbox 1110 514 1199 571; x_wconf 73' lang='grc' dir='ltr'>καὶ</span> <span class='ocrx_word' id='word_1_15' title='bbox 1253 513 1382 591; x_wconf 74' lang='grc' dir='ltr'>ὑπὲρ</span> <span class='ocrx_word' id='word_1_16' title='bbox 1436 518 1529 568; x_wconf 76' lang='grc' dir='ltr'>τοῦ</span> <span class='ocrx_word' id='word_1_17' title='bbox 1584 508 1748 589; x_wconf 76' lang='grc' dir='ltr'><strong>ἀργοῦ</strong></span> <span class='ocrx_word' id='word_1_18' title='bbox 1802 509 1956 585; x_wconf 78' lang='grc' dir='ltr'>λόγου</span> 
     </span>
    </p>
   </div>
   <div class='ocr_carea' id='block_1_5' title="bbox 2044 502 3703 592">
    <p class='ocr_par' dir='ltr' id='par_1_5' title="bbox 2046 502 3703 590">
     <span class='ocr_line' id='line_1_5' title="bbox 2046 502 3703 590; baseline 0.005 -25"><span class='ocrx_word' id='word_1_19' title='bbox 2046 502 2259 567; x_wconf 84' lang='lat' dir='ltr'><strong>Terret</strong></span> <span class='ocrx_word' id='word_1_20' title='bbox 2280 506 2375 568; x_wconf 87' lang='lat' dir='ltr'><strong>hic</strong></span> <span class='ocrx_word' id='word_1_21' title='bbox 2404 507 2824 590; x_wconf 80' lang='lat' dir='ltr'><strong>nos,quoniam</strong></span> <span class='ocrx_word' id='word_1_22' title='bbox 2858 517 2916 570; x_wconf 87' lang='lat' dir='ltr'><strong>et</strong></span> <span class='ocrx_word' id='word_1_23' title='bbox 2947 528 3053 590; x_wconf 82' lang='lat' dir='ltr'><strong>pro</strong></span> <span class='ocrx_word' id='word_1_24' title='bbox 3083 511 3275 572; x_wconf 88' lang='lat' dir='ltr'><strong>otioso</strong></span> <span class='ocrx_word' id='word_1_25' title='bbox 3306 510 3488 573; x_wconf 90' lang='lat' dir='ltr'><strong>verbo</strong></span> <span class='ocrx_word' id='word_1_26' title='bbox 3513 515 3703 575; x_wconf 85' lang='lat' dir='ltr'><strong>ratio-</strong></span> 
     </span>
    </p>
   </div>
   <div class='ocr_carea' id='block_1_6' title="bbox 307 597 1962 681">
    <p class='ocr_par' dir='ltr' id='par_1_6' title="bbox 307 597 1962 681">
     <span class='ocr_line' id='line_1_6' title="bbox 307 597 1962 681; baseline 0 -26"><span class='ocrx_word' id='word_1_27' title='bbox 307 597 543 673; x_wconf 77' lang='grc' dir='ltr'>δώσομεν</span> <span class='ocrx_word' id='word_1_28' title='bbox 602 598 788 680; x_wconf 85' lang='grc' dir='ltr'>λόγον,</span> <span class='ocrx_word' id='word_1_29' title='bbox 832 601 1100 672; x_wconf 76' lang='grc' dir='ltr'><strong>τουτέστι,</strong></span> <span class='ocrx_word' id='word_1_30' title='bbox 1150 611 1242 661; x_wconf 80' lang='grc' dir='ltr'>τοῦ</span> <span class='ocrx_word' id='word_1_31' title='bbox 1297 598 1545 681; x_wconf 75' lang='grc' dir='ltr'>ψευδοῦς,</span> <span class='ocrx_word' id='word_1_32' title='bbox 1576 610 1669 660; x_wconf 80' lang='grc' dir='ltr'>τοῦ</span> <span class='ocrx_word' id='word_1_33' title='bbox 1696 622 1962 680; x_wconf 73' lang='grc' dir='ltr'>συκοφαν-</span> 
     </span>
    </p>
   </div>
   <div class='ocr_carea' id='block_1_7' title="bbox 300 689 1962 768">
    <p class='ocr_par' dir='ltr' id='par_1_7' title="bbox 300 689 1962 768">
     <span class='ocr_line' id='line_1_7' title="bbox 300 689 1962 768; baseline -0.001 -23"><span class='ocrx_word' id='word_1_34' title='bbox 300 698 472 757; x_wconf 78' lang='grc' dir='ltr'>τικού,</span> <span class='ocrx_word' id='word_1_35' title='bbox 519 690 556 756; x_wconf 74' lang='grc' dir='ltr'><strong>ἢ</strong></span> <span class='ocrx_word' id='word_1_36' title='bbox 585 692 675 746; x_wconf 76' lang='grc' dir='ltr'><strong>καὶ</strong></span> <span class='ocrx_word' id='word_1_37' title='bbox 710 692 797 748; x_wconf 76' lang='grc' dir='ltr'>τοῦ</span> <span class='ocrx_word' id='word_1_38' title='bbox 826 692 1060 749; x_wconf 77' lang='grc' dir='ltr'><strong>ἀτάκτου</strong></span> <span class='ocrx_word' id='word_1_39' title='bbox 1086 693 1173 749; x_wconf 86' lang='grc' dir='ltr'><strong>καὶ</strong></span> <span class='ocrx_word' id='word_1_40' title='bbox 1233 689 1570 768; x_wconf 79' lang='grc' dir='ltr'>γελοιώδους.</span> <span class='ocrx_word' id='word_1_41' title='bbox 1615 689 1749 746; x_wconf 80' lang='grc' dir='ltr'>Εἶτα</span> <span class='ocrx_word' id='word_1_42' title='bbox 1791 691 1962 755; x_wconf 87' lang='grc' dir='ltr'>τίθησι</span> 
     </span>
    </p>
   </div>
   <div class='ocr_carea' id='block_1_8' title="bbox 298 778 1964 860">
    <p class='ocr_par' dir='ltr' id='par_1_8' title="bbox 298 778 1964 860">
     <span class='ocr_line' id='line_1_8' title="bbox 298 778 1964 860; baseline 0 -27"><span class='ocrx_word' id='word_1_43' title='bbox 298 778 592 857; x_wconf 84' lang='grc' dir='ltr'>μαρτυρίαν</span> <span class='ocrx_word' id='word_1_44' title='bbox 650 781 756 836; x_wconf 78' lang='grc' dir='ltr'>ἄπο</span> <span class='ocrx_word' id='word_1_45' title='bbox 811 786 913 847; x_wconf 78' lang='grc' dir='ltr'>τῆς</span> <span class='ocrx_word' id='word_1_46' title='bbox 957 786 1194 860; x_wconf 50' lang='grc' dir='ltr'>Γραφῇ,</span> <span class='ocrx_word' id='word_1_47' title='bbox 1240 780 1334 836; x_wconf 76' lang='grc' dir='ltr'>ἵνα</span> <span class='ocrx_word' id='word_1_48' title='bbox 1364 780 1442 855; x_wconf 76' lang='grc' dir='ltr'>μὴ</span> <span class='ocrx_word' id='word_1_49' title='bbox 1473 778 1597 855; x_wconf 83' lang='grc' dir='ltr'>δόξῃ</span> <span class='ocrx_word' id='word_1_50' title='bbox 1629 778 1808 835; x_wconf 77' lang='grc' dir='ltr'>οἰκεῖά</span> <span class='ocrx_word' id='word_1_51' title='bbox 1847 799 1964 834; x_wconf 87' lang='grc' dir='ltr'>τινα</span> 
     </span>
    </p>
   </div>
   <div class='ocr_carea' id='block_1_9' title="bbox 297 866 1963 948">
    <p class='ocr_par' dir='ltr' id='par_1_9' title="bbox 297 866 1963 948">
     <span class='ocr_line' id='line_1_9' title="bbox 297 866 1963 948; baseline -0.003 -21"><span class='ocrx_word' id='word_1_52' title='bbox 297 866 477 945; x_wconf 68' lang='grc' dir='ltr'>λέγειν</span> <span class='ocrx_word' id='word_1_53' title='bbox 508 889 521 903; x_wconf 89' lang='grc'><strong>·</strong></span> <span class='ocrx_word' id='word_1_54' title='bbox 572 890 595 921; x_wconf 77' lang='grc' dir='ltr'>ι</span> <span class='ocrx_word' id='word_1_55' title='bbox 633 868 733 927; x_wconf 83' lang='grc' dir='ltr'>ἐκ</span> <span class='ocrx_word' id='word_1_56' title='bbox 760 872 866 925; x_wconf 81' lang='grc' dir='ltr'>τῶν</span> <span class='ocrx_word' id='word_1_57' title='bbox 896 868 1077 947; x_wconf 81' lang='grc' dir='ltr'>λόγων</span> <span class='ocrx_word' id='word_1_58' title='bbox 1118 892 1212 930; x_wconf 78' lang='grc' dir='ltr'><strong>σου</strong></span> <span class='ocrx_word' id='word_1_59' title='bbox 1265 867 1619 948; x_wconf 78' lang='grc' dir='ltr'>δικαιωθήσῃ,</span> <span class='ocrx_word' id='word_1_60' title='bbox 1652 868 1740 925; x_wconf 80' lang='grc' dir='ltr'><strong>καὶ</strong></span> <span class='ocrx_word' id='word_1_61' title='bbox 1769 866 1828 924; x_wconf 73' lang='grc' dir='ltr'>ἐκ</span> <span class='ocrx_word' id='word_1_62' title='bbox 1856 872 1963 924; x_wconf 82' lang='grc' dir='ltr'><strong>τῶν</strong></span> 
     </span>
    </p>
   </div>
   <div class='ocr_carea' id='block_1_10' title="bbox 302 954 1170 1035">
    <p class='ocr_par' dir='ltr' id='par_1_10' title="bbox 302 954 1170 1035">
     <span class='ocr_line' id='line_1_10' title="bbox 302 954 1170 1035; baseline 0.006 -22"><span class='ocrx_word' id='word_1_63' title='bbox 302 954 482 1034; x_wconf 82' lang='grc' dir='ltr'>λόγων</span> <span class='ocrx_word' id='word_1_64' title='bbox 512 978 605 1014; x_wconf 83' lang='grc' dir='ltr'><strong>σου</strong></span> <span class='ocrx_word' id='word_1_65' title='bbox 634 956 1094 1035; x_wconf 71' lang='grc' dir='ltr'>καταδικασθήσῃ.</span> <span class='ocrx_word' id='word_1_66' title='bbox 1145 980 1170 1017; x_wconf 70' lang='grc' dir='ltr'>ι</span> 
     </span>
    </p>
   </div>
   <div class='ocr_carea' id='block_1_11' title="bbox 400 1045 1963 1126">
    <p class='ocr_par' dir='ltr' id='par_1_11' title="bbox 400 1045 1963 1126">
     <span class='ocr_line' id='line_1_11' title="bbox 400 1045 1963 1126; baseline 0.002 -27"><span class='ocrx_word' id='word_1_67' title='bbox 400 1067 429 1099; x_wconf 78' lang='grc' dir='ltr'>ι</span> <span class='ocrx_word' id='word_1_68' title='bbox 474 1047 603 1103; x_wconf 80' lang='grc' dir='ltr'>Τότε</span> <span class='ocrx_word' id='word_1_69' title='bbox 654 1046 1015 1125; x_wconf 70' lang='grc' dir='ltr'>ἀπεκρίθησαν</span> <span class='ocrx_word' id='word_1_70' title='bbox 1069 1069 1206 1111; x_wconf 84' lang='grc' dir='ltr'>τινες</span> <span class='ocrx_word' id='word_1_71' title='bbox 1273 1048 1379 1104; x_wconf 82' lang='grc' dir='ltr'><strong>τῶν</strong></span> <span class='ocrx_word' id='word_1_72' title='bbox 1458 1045 1816 1126; x_wconf 79' lang='grc' dir='ltr'><strong>γραμματέων</strong></span> <span class='ocrx_word' id='word_1_73' title='bbox 1874 1047 1963 1103; x_wconf 87' lang='grc' dir='ltr'><strong>καὶ</strong></span> 
     </span>
    </p>
   </div>
   <div class='ocr_carea' id='block_1_12' title="bbox 316 1134 1964 1215">
    <p class='ocr_par' dir='ltr' id='par_1_12' title="bbox 316 1134 1964 1215">
     <span class='ocr_line' id='line_1_12' title="bbox 316 1134 1964 1215; baseline -0.001 -24"><span class='ocrx_word' id='word_1_74' title='bbox 316 1136 639 1211; x_wconf 75' lang='grc' dir='ltr'>Φαρισαίων,</span> <span class='ocrx_word' id='word_1_75' title='bbox 703 1137 950 1215; x_wconf 81' lang='grc' dir='ltr'>λέγοντες</span> <span class='ocrx_word' id='word_1_76' title='bbox 989 1156 1002 1170; x_wconf 91' lang='grc'><strong>·</strong></span> <span class='ocrx_word' id='word_1_77' title='bbox 1068 1136 1381 1212; x_wconf 80' lang='grc' dir='ltr'>Διδάσκαλε,</span> <span class='ocrx_word' id='word_1_78' title='bbox 1448 1135 1669 1211; x_wconf 75' lang='grc' dir='ltr'>θέλομεν</span> <span class='ocrx_word' id='word_1_79' title='bbox 1710 1135 1818 1193; x_wconf 81' lang='grc' dir='ltr'><strong>ἀπὸ</strong></span> <span class='ocrx_word' id='word_1_80' title='bbox 1869 1134 1964 1193; x_wconf 78' lang='grc' dir='ltr'>σοῦ</span> 
     </span>
    </p>
   </div>
   <div class='ocr_carea' id='block_1_13' title="bbox 317 1224 1957 1304">
    <p class='ocr_par' dir='ltr' id='par_1_13' title="bbox 317 1224 1957 1304">
     <span class='ocr_line' id='line_1_13' title="bbox 317 1224 1957 1304; baseline 0 -24"><span class='ocrx_word' id='word_1_81' title='bbox 317 1238 545 1299; x_wconf 72' lang='grc' dir='ltr'>σημεῖον</span> <span class='ocrx_word' id='word_1_82' title='bbox 602 1224 751 1289; x_wconf 76' lang='grc' dir='ltr'>ἰδεῖν,</span> <span class='ocrx_word' id='word_1_83' title='bbox 819 1250 842 1282; x_wconf 77' lang='grc' dir='ltr'><strong>ο</strong></span> <span class='ocrx_word' id='word_1_84' title='bbox 922 1229 1214 1303; x_wconf 80' lang='grc' dir='ltr'>Θαυμάζων</span> <span class='ocrx_word' id='word_1_85' title='bbox 1270 1230 1299 1284; x_wconf 98' lang='lat'><strong>6</strong></span> <span class='ocrx_word' id='word_1_86' title='bbox 1348 1224 1753 1304; x_wconf 72' lang='grc' dir='ltr'>εὒαγγελιστὴς,</span> <span class='ocrx_word' id='word_1_87' title='bbox 1785 1245 1957 1303; x_wconf 82' lang='grc' dir='ltr'>προσ-</span> 
     </span>
    </p>
   </div>
   <div class='ocr_carea' id='block_1_14' title="bbox 313 1306 1960 1396">
    <p class='ocr_par' dir='ltr' id='par_1_14' title="bbox 313 1306 1960 1396">
     <span class='ocr_line' id='line_1_14' title="bbox 313 1306 1960 1396; baseline 0.001 -27"><span class='ocrx_word' id='word_1_88' title='bbox 313 1314 470 1379; x_wconf 80' lang='grc' dir='ltr'>έθηκε</span> <span class='ocrx_word' id='word_1_89' title='bbox 524 1315 608 1385; x_wconf 81' lang='grc' dir='ltr'><strong>τὸ,</strong></span> <span class='ocrx_word' id='word_1_90' title='bbox 665 1316 809 1376; x_wconf 80' lang='grc' dir='ltr'>τότε.</span> <span class='ocrx_word' id='word_1_91' title='bbox 877 1306 1016 1375; x_wconf 72' lang='lat' dir='ltr'><strong>U01c</strong></span> <span class='ocrx_word' id='word_1_92' title='bbox 1074 1318 1173 1396; x_wconf 80' lang='grc' dir='ltr'>γὰρ</span> <span class='ocrx_word' id='word_1_93' title='bbox 1242 1318 1580 1394; x_wconf 75' lang='grc' dir='ltr'>ὑποταγῆναι</span> <span class='ocrx_word' id='word_1_94' title='bbox 1628 1313 1730 1372; x_wconf 74' lang='grc' dir='ltr'>ἔδει</span> <span class='ocrx_word' id='word_1_95' title='bbox 1782 1312 1867 1370; x_wconf 79' lang='grc' dir='ltr'>διὰ</span> <span class='ocrx_word' id='word_1_96' title='bbox 1895 1314 1960 1370; x_wconf 79' lang='grc' dir='ltr'><strong>τὰ</strong></span> 
     </span>
    </p>
   </div>
   <div class='ocr_carea' id='block_1_15' title="bbox 307 1401 1959 1483">
    <p class='ocr_par' dir='ltr' id='par_1_15' title="bbox 307 1401 1959 1483">
     <span class='ocr_line' id='line_1_15' title="bbox 307 1401 1959 1483; baseline 0.001 -25"><span class='ocrx_word' id='word_1_97' title='bbox 307 1403 673 1480; x_wconf 82' lang='grc' dir='ltr'>προγεγονότα</span> <span class='ocrx_word' id='word_1_98' title='bbox 727 1406 993 1481; x_wconf 86' lang='grc' dir='ltr'>θαύματα,</span> <span class='ocrx_word' id='word_1_99' title='bbox 1073 1407 1194 1463; x_wconf 89' lang='grc' dir='ltr'>τότε</span> <span class='ocrx_word' id='word_1_100' title='bbox 1249 1418 1504 1483; x_wconf 75' lang='grc' dir='ltr'>σημεῖον,</span> <span class='ocrx_word' id='word_1_101' title='bbox 1568 1406 1796 1464; x_wconf 77' lang='grc' dir='ltr'><strong>αἰτοῦσιν</strong></span> <span class='ocrx_word' id='word_1_102' title='bbox 1832 1422 1847 1438; x_wconf 86' lang='grc'>⁶</span> <span class='ocrx_word' id='word_1_103' title='bbox 1906 1401 1959 1468; x_wconf 67' lang='grc' dir='ltr'>ἐξ</span> 
     </span>
    </p>
   </div>
   <div class='ocr_carea' id='block_1_16' title="bbox 303 1490 1954 1575">
    <p class='ocr_par' dir='ltr' id='par_1_16' title="bbox 303 1490 1954 1575">
     <span class='ocr_line' id='line_1_16' title="bbox 303 1490 1954 1575; baseline 0.001 -28"><span class='ocrx_word' id='word_1_104' title='bbox 303 1492 529 1569; x_wconf 71' lang='grc' dir='ltr'>οὖρανοῦ</span> <span class='ocrx_word' id='word_1_105' title='bbox 573 1490 627 1549; x_wconf 77' lang='grc' dir='ltr'>δὲ</span> <span class='ocrx_word' id='word_1_106' title='bbox 670 1492 908 1552; x_wconf 76' lang='grc' dir='ltr'><strong>θέλωσιν</strong></span> <span class='ocrx_word' id='word_1_107' title='bbox 968 1492 1097 1551; x_wconf 77' lang='grc' dir='ltr'>ἰδεῖν</span> <span class='ocrx_word' id='word_1_108' title='bbox 1156 1508 1406 1575; x_wconf 78' lang='grc' dir='ltr'>σημεῖον,</span> <span class='ocrx_word' id='word_1_109' title='bbox 1467 1496 1542 1559; x_wconf 82' lang='grc' dir='ltr'>ὡς</span> <span class='ocrx_word' id='word_1_110' title='bbox 1601 1492 1763 1558; x_wconf 76' lang='grc' dir='ltr'>ἄλλος</span> <span class='ocrx_word' id='word_1_111' title='bbox 1804 1498 1954 1571; x_wconf 80' lang='grc' dir='ltr'>εὖαγ-</span> 
     </span>
    </p>
   </div>
   <div class='ocr_carea' id='block_1_17' title="bbox 297 1580 1956 1664">
    <p class='ocr_par' dir='ltr' id='par_1_17' title="bbox 297 1580 1956 1664">
     <span class='ocr_line' id='line_1_17' title="bbox 297 1580 1956 1664; baseline 0.005 -27"><span class='ocrx_word' id='word_1_112' title='bbox 297 1580 555 1659; x_wconf 77' lang='grc' dir='ltr'>γελιστὴς</span> <span class='ocrx_word' id='word_1_113' title='bbox 611 1584 782 1662; x_wconf 81' lang='grc' dir='ltr'>λέγει,</span> <span class='ocrx_word' id='word_1_114' title='bbox 829 1582 1076 1643; x_wconf 82' lang='grc' dir='ltr'>Ἐδόκουν</span> <span class='ocrx_word' id='word_1_115' title='bbox 1119 1587 1243 1664; x_wconf 78' lang='grc' dir='ltr'>γὰρ,</span> <span class='ocrx_word' id='word_1_116' title='bbox 1301 1585 1381 1642; x_wconf 81' lang='grc' dir='ltr'><strong>ὅτι</strong></span> <span class='ocrx_word' id='word_1_117' title='bbox 1436 1585 1503 1641; x_wconf 74' lang='grc' dir='ltr'>τὰ</span> <span class='ocrx_word' id='word_1_118' title='bbox 1553 1583 1639 1642; x_wconf 79' lang='grc' dir='ltr'><strong>ἐπὶ</strong></span> <span class='ocrx_word' id='word_1_119' title='bbox 1694 1589 1792 1651; x_wconf 83' lang='grc' dir='ltr'>τῆς</span> <span class='ocrx_word' id='word_1_120' title='bbox 1852 1588 1956 1662; x_wconf 78' lang='grc' dir='ltr'>γῆς</span> 
     </span>
    </p>
   </div>
   <div class='ocr_carea' id='block_1_18' title="bbox 296 1672 1951 1750">
    <p class='ocr_par' dir='ltr' id='par_1_18' title="bbox 296 1672 1951 1750">
     <span class='ocr_line' id='line_1_18' title="bbox 296 1672 1951 1750; baseline 0.002 -23"><span class='ocrx_word' id='word_1_121' title='bbox 296 1672 568 1746; x_wconf 80' lang='grc' dir='ltr'>θαύματα,</span> <span class='ocrx_word' id='word_1_122' title='bbox 629 1672 736 1729; x_wconf 80' lang='grc' dir='ltr'>ἀπὸ</span> <span class='ocrx_word' id='word_1_123' title='bbox 792 1680 891 1742; x_wconf 81' lang='grc' dir='ltr'>τῆς</span> <span class='ocrx_word' id='word_1_124' title='bbox 953 1681 1046 1731; x_wconf 78' lang='grc' dir='ltr'><strong>τοῦ</strong></span> <span class='ocrx_word' id='word_1_125' title='bbox 1123 1672 1372 1733; x_wconf 79' lang='grc' dir='ltr'>διαϐόλου</span> <span class='ocrx_word' id='word_1_126' title='bbox 1427 1674 1698 1750; x_wconf 78' lang='grc' dir='ltr'>δυνάμεως</span> <span class='ocrx_word' id='word_1_127' title='bbox 1754 1684 1906 1731; x_wconf 76' lang='grc' dir='ltr'>ποιεῖ</span> <span class='ocrx_word' id='word_1_128' title='bbox 1938 1690 1951 1704; x_wconf 86' lang='grc'><em>’</em></span> 
     </span>
    </p>
   </div>
   <div class='ocr_carea' id='block_1_19' title="bbox 299 1761 1713 1843">
    <p class='ocr_par' dir='ltr' id='par_1_19' title="bbox 299 1761 1713 1843">
     <span class='ocr_line' id='line_1_19' title="bbox 299 1761 1713 1843; baseline 0.016 -31"><span class='ocrx_word' id='word_1_129' title='bbox 299 1761 686 1843; x_wconf 70' lang='grc' dir='ltr'>κοσμοκράτωρ</span> <span class='ocrx_word' id='word_1_130' title='bbox 714 1763 814 1843; x_wconf 72' lang='grc' dir='ltr'>γάρ</span> <span class='ocrx_word' id='word_1_131' title='bbox 844 1765 871 1820; x_wconf 92' lang='lat'><strong>6</strong></span> <span class='ocrx_word' id='word_1_132' title='bbox 902 1761 1168 1827; x_wconf 68' lang='grc' dir='ltr'>διάϐολος.</span> <span class='ocrx_word' id='word_1_133' title='bbox 1214 1766 1276 1823; x_wconf 82' lang='grc' dir='ltr'><strong>Τί</strong></span> <span class='ocrx_word' id='word_1_134' title='bbox 1302 1764 1390 1821; x_wconf 70' lang='grc' dir='ltr'>οὖν</span> <span class='ocrx_word' id='word_1_135' title='bbox 1420 1767 1448 1822; x_wconf 90' lang='lat'><strong>6</strong></span> <span class='ocrx_word' id='word_1_136' title='bbox 1475 1764 1665 1843; x_wconf 71' lang='grc' dir='ltr'>Σωτήρ</span> <span class='ocrx_word' id='word_1_137' title='bbox 1696 1781 1713 1843; x_wconf 90' lang='grc'><strong>;</strong></span> 
     </span>
    </p>
   </div>
   <div class='ocr_carea' id='block_1_20' title="bbox 390 1842 1957 1931">
    <p class='ocr_par' dir='ltr' id='par_1_20' title="bbox 390 1842 1957 1931">
     <span class='ocr_line' id='line_1_20' title="bbox 390 1842 1957 1931; baseline 0.003 -27"><span class='ocrx_word' id='word_1_138' title='bbox 390 1872 414 1904; x_wconf 79' lang='grc' dir='ltr'><strong>ε</strong></span> <span class='ocrx_word' id='word_1_139' title='bbox 469 1842 527 1909; x_wconf 64' lang='grc' dir='ltr'>Ὀ</span> <span class='ocrx_word' id='word_1_140' title='bbox 559 1848 637 1921; x_wconf 80' lang='grc' dir='ltr'>δὲ,</span> <span class='ocrx_word' id='word_1_141' title='bbox 683 1842 982 1929; x_wconf 76' lang='grc' dir='ltr'>ἀποκριθεὶς</span> <span class='ocrx_word' id='word_1_142' title='bbox 1040 1857 1195 1910; x_wconf 83' lang='grc' dir='ltr'>εἶπεν</span> <span class='ocrx_word' id='word_1_143' title='bbox 1251 1855 1434 1919; x_wconf 72' lang='grc' dir='ltr'>αὐτοῖς</span> <span class='ocrx_word' id='word_1_144' title='bbox 1470 1870 1485 1886; x_wconf 83' lang='grc'><strong><em>⁸</em></strong></span> <span class='ocrx_word' id='word_1_145' title='bbox 1548 1842 1708 1909; x_wconf 83' lang='grc' dir='ltr'>Γενεᾶ</span> <span class='ocrx_word' id='word_1_146' title='bbox 1749 1853 1957 1931; x_wconf 82' lang='grc' dir='ltr'>πονηρὰ</span> 
     </span>
    </p>
   </div>
   <div class='ocr_carea' id='block_1_21' title="bbox 300 1938 1953 2020">
    <p class='ocr_par' dir='ltr' id='par_1_21' title="bbox 300 1938 1953 2020">
     <span class='ocr_line' id='line_1_21' title="bbox 300 1938 1953 2020; baseline 0.003 -26"><span class='ocrx_word' id='word_1_147' title='bbox 300 1940 390 1995; x_wconf 83' lang='grc' dir='ltr'><strong>καὶ</strong></span> <span class='ocrx_word' id='word_1_148' title='bbox 434 1938 694 2020; x_wconf 77' lang='grc' dir='ltr'>μοιχαλὶς</span> <span class='ocrx_word' id='word_1_149' title='bbox 745 1955 980 2018; x_wconf 80' lang='grc' dir='ltr'>σημεῖον</span> <span class='ocrx_word' id='word_1_150' title='bbox 1042 1943 1304 2017; x_wconf 80' lang='grc' dir='ltr'>ἐπιζητει,</span> <span class='ocrx_word' id='word_1_151' title='bbox 1366 1945 1456 2000; x_wconf 87' lang='grc' dir='ltr'><strong>καὶ</strong></span> <span class='ocrx_word' id='word_1_152' title='bbox 1507 1955 1738 2017; x_wconf 80' lang='grc' dir='ltr'>σημεῖον</span> <span class='ocrx_word' id='word_1_153' title='bbox 1771 1945 1830 2000; x_wconf 73' lang='grc' dir='ltr'><strong>ού</strong></span> <span class='ocrx_word' id='word_1_154' title='bbox 1858 1939 1953 1999; x_wconf 86' lang='grc' dir='ltr'>δο-</span> 
     </span>
    </p>
   </div>
   <div class='ocr_carea' id='block_1_22' title="bbox 298 2029 1952 2111">
    <p class='ocr_par' dir='ltr' id='par_1_22' title="bbox 298 2029 1952 2111">
     <span class='ocr_line' id='line_1_22' title="bbox 298 2029 1952 2111; baseline 0.005 -27"><span class='ocrx_word' id='word_1_155' title='bbox 298 2030 521 2111; x_wconf 55' lang='grc' dir='ltr'>θῇσεται</span> <span class='ocrx_word' id='word_1_156' title='bbox 553 2029 710 2105; x_wconf 68' lang='grc' dir='ltr'>αὐτῇ,</span> <span class='ocrx_word' id='word_1_157' title='bbox 767 2032 813 2087; x_wconf 83' lang='grc' dir='ltr'><strong>εί</strong></span> <span class='ocrx_word' id='word_1_158' title='bbox 860 2032 940 2106; x_wconf 81' lang='grc' dir='ltr'>μὴ</span> <span class='ocrx_word' id='word_1_159' title='bbox 989 2033 1051 2089; x_wconf 86' lang='lat'><strong>16</strong></span> <span class='ocrx_word' id='word_1_160' title='bbox 1082 2046 1311 2107; x_wconf 78' lang='grc' dir='ltr'>σημεῖον</span> <span class='ocrx_word' id='word_1_161' title='bbox 1340 2031 1493 2091; x_wconf 83' lang='grc' dir='ltr'><strong>Ἰωνᾶ</strong></span> <span class='ocrx_word' id='word_1_162' title='bbox 1523 2054 1615 2089; x_wconf 89' lang='grc' dir='ltr'><strong>του</strong></span> <span class='ocrx_word' id='word_1_163' title='bbox 1657 2032 1952 2111; x_wconf 75' lang='grc' dir='ltr'>προφήτου.</span> 
     </span>
    </p>
   </div>
   <div class='ocr_carea' id='block_1_23' title="bbox 304 2108 1952 2199">
    <p class='ocr_par' dir='ltr' id='par_1_23' title="bbox 304 2108 1952 2199">
     <span class='ocr_line' id='line_1_23' title="bbox 304 2108 1952 2199; baseline 0.002 -26"><span class='ocrx_word' id='word_1_164' title='bbox 304 2108 526 2196; x_wconf 61' lang='grc' dir='ltr'>’Ὠσπερ</span> <span class='ocrx_word' id='word_1_165' title='bbox 568 2119 669 2197; x_wconf 68' lang='grc' dir='ltr'><strong>γὰρ</strong></span> <span class='ocrx_word' id='word_1_166' title='bbox 720 2119 785 2187; x_wconf 82' lang='grc' dir='ltr'><strong>ἧν</strong></span> <span class='ocrx_word' id='word_1_167' title='bbox 829 2119 1016 2185; x_wconf 82' lang='grc' dir='ltr'>ἰωνᾶς</span> <span class='ocrx_word' id='word_1_168' title='bbox 1040 2121 1115 2178; x_wconf 76' lang='grc' dir='ltr'><strong>έν</strong></span> <span class='ocrx_word' id='word_1_169' title='bbox 1156 2128 1224 2199; x_wconf 76' lang='grc' dir='ltr'>τῇ</span> <span class='ocrx_word' id='word_1_170' title='bbox 1263 2121 1436 2197; x_wconf 82' lang='grc' dir='ltr'>κοιλίᾳ</span> <span class='ocrx_word' id='word_1_171' title='bbox 1463 2124 1556 2179; x_wconf 74' lang='grc' dir='ltr'>τοῦ</span> <span class='ocrx_word' id='word_1_172' title='bbox 1583 2108 1783 2192; x_wconf 28' lang='grc' dir='ltr'>κήτους*</span> <span class='ocrx_word' id='word_1_173' title='bbox 1807 2133 1952 2191; x_wconf 75' lang='grc' dir='ltr'>τρεῖς</span> 
     </span>
    </p>
   </div>
   <div class='ocr_carea' id='block_1_24' title="bbox 296 2206 1955 2288">
    <p class='ocr_par' dir='ltr' id='par_1_24' title="bbox 296 2206 1955 2288">
     <span class='ocr_line' id='line_1_24' title="bbox 296 2206 1955 2288; baseline 0.002 -27"><span class='ocrx_word' id='word_1_174' title='bbox 296 2206 503 2284; x_wconf 73' lang='grc' dir='ltr'>ἡμέρας</span> <span class='ocrx_word' id='word_1_175' title='bbox 559 2211 648 2266; x_wconf 83' lang='grc' dir='ltr'><strong>καί</strong></span> <span class='ocrx_word' id='word_1_176' title='bbox 706 2222 853 2288; x_wconf 76' lang='grc' dir='ltr'>τρεῖς</span> <span class='ocrx_word' id='word_1_177' title='bbox 894 2208 1104 2275; x_wconf 75' lang='grc' dir='ltr'>νύκτας.</span> <span class='ocrx_word' id='word_1_178' title='bbox 1167 2210 1330 2277; x_wconf 79' lang='grc' dir='ltr'>οὕτως</span> <span class='ocrx_word' id='word_1_179' title='bbox 1392 2210 1537 2268; x_wconf 69' lang='grc' dir='ltr'>ἔσται</span> <span class='ocrx_word' id='word_1_180' title='bbox 1598 2212 1686 2268; x_wconf 87' lang='grc' dir='ltr'><strong>καὶ</strong></span> <span class='ocrx_word' id='word_1_181' title='bbox 1747 2211 1776 2267; x_wconf 88' lang='lat'><strong>6</strong></span> <span class='ocrx_word' id='word_1_182' title='bbox 1834 2211 1955 2274; x_wconf 74' lang='grc' dir='ltr'>Υἱὸς</span> 
     </span>
    </p>
   </div>
   <div class='ocr_carea' id='block_1_25' title="bbox 298 2297 1954 2379">
    <p class='ocr_par' dir='ltr' id='par_1_25' title="bbox 298 2297 1954 2379">
     <span class='ocr_line' id='line_1_25' title="bbox 298 2297 1954 2379; baseline 0.007 -28"><span class='ocrx_word' id='word_1_183' title='bbox 298 2304 393 2352; x_wconf 72' lang='grc' dir='ltr'>τοῦ</span> <span class='ocrx_word' id='word_1_184' title='bbox 448 2297 723 2375; x_wconf 73' lang='grc' dir='ltr'>ἀνθρώπου</span> <span class='ocrx_word' id='word_1_185' title='bbox 779 2301 835 2354; x_wconf 70' lang='grc' dir='ltr'>ὲν</span> <span class='ocrx_word' id='word_1_186' title='bbox 892 2304 962 2374; x_wconf 80' lang='grc' dir='ltr'><strong>τῇ</strong></span> <span class='ocrx_word' id='word_1_187' title='bbox 1019 2297 1203 2377; x_wconf 87' lang='grc' dir='ltr'>καρδίᾳ</span> <span class='ocrx_word' id='word_1_188' title='bbox 1257 2303 1353 2370; x_wconf 77' lang='grc' dir='ltr'>τῆς</span> <span class='ocrx_word' id='word_1_189' title='bbox 1408 2301 1508 2379; x_wconf 76' lang='grc' dir='ltr'><strong>γῆς</strong></span> <span class='ocrx_word' id='word_1_190' title='bbox 1546 2313 1691 2378; x_wconf 78' lang='grc' dir='ltr'>τρεῖς</span> <span class='ocrx_word' id='word_1_191' title='bbox 1751 2299 1954 2377; x_wconf 76' lang='grc' dir='ltr'>ἡμέρας</span> 
     </span>
    </p>
   </div>
   <div class='ocr_carea' id='block_1_26' title="bbox 302 2386 1952 2468">
    <p class='ocr_par' dir='ltr' id='par_1_26' title="bbox 302 2386 1952 2468">
     <span class='ocr_line' id='line_1_26' title="bbox 302 2386 1952 2468; baseline 0.004 -29"><span class='ocrx_word' id='word_1_192' title='bbox 302 2386 390 2440; x_wconf 82' lang='grc' dir='ltr'><strong>καὶ</strong></span> <span class='ocrx_word' id='word_1_193' title='bbox 457 2399 600 2464; x_wconf 76' lang='grc' dir='ltr'>τρεῖς</span> <span class='ocrx_word' id='word_1_194' title='bbox 661 2387 881 2450; x_wconf 86' lang='grc' dir='ltr'>νύκτας.</span> <span class='ocrx_word' id='word_1_195' title='bbox 955 2410 984 2441; x_wconf 75' lang='grc' dir='ltr'><strong>ιι</strong></span> <span class='ocrx_word' id='word_1_196' title='bbox 1044 2390 1284 2467; x_wconf 81' lang='grc' dir='ltr'>Πονηρᾶν</span> <span class='ocrx_word' id='word_1_197' title='bbox 1354 2389 1451 2464; x_wconf 81' lang='grc' dir='ltr'>μὲν</span> <span class='ocrx_word' id='word_1_198' title='bbox 1517 2391 1704 2468; x_wconf 79' lang='grc' dir='ltr'>γενεὰν</span> <span class='ocrx_word' id='word_1_199' title='bbox 1766 2390 1952 2452; x_wconf 80' lang='grc' dir='ltr'>αὑτούς</span> 
     </span>
    </p>
   </div>
   <div class='ocr_carea' id='block_1_27' title="bbox 304 2472 1952 2559">
    <p class='ocr_par' dir='ltr' id='par_1_27' title="bbox 304 2472 1952 2559">
     <span class='ocr_line' id='line_1_27' title="bbox 304 2472 1952 2559; baseline 0.004 -31"><span class='ocrx_word' id='word_1_200' title='bbox 304 2472 482 2553; x_wconf 72' lang='grc' dir='ltr'>καλεῖ,</span> <span class='ocrx_word' id='word_1_201' title='bbox 526 2477 599 2541; x_wconf 84' lang='grc' dir='ltr'>ὼς</span> <span class='ocrx_word' id='word_1_202' title='bbox 644 2474 981 2559; x_wconf 76' lang='grc' dir='ltr'>ἐπηρεαστὰς</span> <span class='ocrx_word' id='word_1_203' title='bbox 1050 2479 1139 2535; x_wconf 85' lang='grc' dir='ltr'>καὶ</span> <span class='ocrx_word' id='word_1_204' title='bbox 1194 2477 1463 2558; x_wconf 83' lang='grc' dir='ltr'>δολερούς.</span> <span class='ocrx_word' id='word_1_205' title='bbox 1532 2475 1832 2559; x_wconf 80' lang='grc' dir='ltr'>Μοιχαλίδα</span> <span class='ocrx_word' id='word_1_206' title='bbox 1898 2472 1952 2534; x_wconf 86' lang='grc' dir='ltr'>δὲ</span> 
     </span>
    </p>
   </div>
   <div class='ocr_carea' id='block_1_28' title="bbox 302 2554 1953 2644">
    <p class='ocr_par' dir='ltr' id='par_1_28' title="bbox 302 2554 1953 2644">
     <span class='ocr_line' id='line_1_28' title="bbox 302 2554 1953 2644; baseline 0.004 -25"><span class='ocrx_word' id='word_1_207' title='bbox 302 2564 377 2627; x_wconf 82' lang='grc' dir='ltr'>ὡς</span> <span class='ocrx_word' id='word_1_208' title='bbox 410 2554 798 2644; x_wconf 59' lang='grc' dir='ltr'>ἀρισταμένους</span> <span class='ocrx_word' id='word_1_209' title='bbox 828 2565 936 2622; x_wconf 81' lang='grc' dir='ltr'><strong>ἀπὸ</strong></span> <span class='ocrx_word' id='word_1_210' title='bbox 993 2576 1087 2626; x_wconf 84' lang='grc' dir='ltr'>τοῦ</span> <span class='ocrx_word' id='word_1_211' title='bbox 1127 2574 1280 2642; x_wconf 79' lang='grc' dir='ltr'>Θεοῦ,</span> <span class='ocrx_word' id='word_1_212' title='bbox 1320 2554 1420 2625; x_wconf 43' lang='grc' dir='ltr'>’καὶ</span> <span class='ocrx_word' id='word_1_213' title='bbox 1469 2554 1679 2644; x_wconf 72' lang='grc' dir='ltr'>δαίμοσί</span> <span class='ocrx_word' id='word_1_214' title='bbox 1738 2566 1953 2625; x_wconf 86' lang='grc' dir='ltr'>κολλω-</span> 
     </span>
    </p>
   </div>
   <div class='ocr_carea' id='block_1_29' title="bbox 302 2652 1954 2737">
    <p class='ocr_par' dir='ltr' id='par_1_29' title="bbox 302 2652 1954 2737">
     <span class='ocr_line' id='line_1_29' title="bbox 302 2652 1954 2737; baseline 0.002 -27"><span class='ocrx_word' id='word_1_215' title='bbox 302 2652 513 2727; x_wconf 81' lang='grc' dir='ltr'>μένους.</span> <span class='ocrx_word' id='word_1_216' title='bbox 561 2661 807 2729; x_wconf 75' lang='grc' dir='ltr'>Σημετον</span> <span class='ocrx_word' id='word_1_217' title='bbox 866 2653 922 2711; x_wconf 78' lang='grc' dir='ltr'>δὲ</span> <span class='ocrx_word' id='word_1_218' title='bbox 965 2654 1110 2735; x_wconf 80' lang='grc' dir='ltr'>λέγει</span> <span class='ocrx_word' id='word_1_219' title='bbox 1171 2657 1269 2724; x_wconf 79' lang='grc' dir='ltr'><strong>τὴν</strong></span> <span class='ocrx_word' id='word_1_220' title='bbox 1316 2658 1600 2714; x_wconf 71' lang='grc' dir='ltr'>ἀνάστασιν</span> <span class='ocrx_word' id='word_1_221' title='bbox 1642 2656 1820 2737; x_wconf 71' lang='grc' dir='ltr'>αὐτοῦ,</span> <span class='ocrx_word' id='word_1_222' title='bbox 1881 2658 1954 2722; x_wconf 81' lang='grc' dir='ltr'>ὡς</span> 
     </span>
    </p>
   </div>
   <div class='ocr_carea' id='block_1_30' title="bbox 298 2741 1953 2826">
    <p class='ocr_par' dir='ltr' id='par_1_30' title="bbox 298 2741 1953 2826">
     <span class='ocr_line' id='line_1_30' title="bbox 298 2741 1953 2826; baseline 0.004 -29"><span class='ocrx_word' id='word_1_223' title='bbox 298 2741 591 2819; x_wconf 75' lang='grc' dir='ltr'>παράδοξον</span> <span class='ocrx_word' id='word_1_224' title='bbox 624 2760 641 2777; x_wconf 82' lang='grc'><strong>’</strong></span> <span class='ocrx_word' id='word_1_225' title='bbox 698 2744 755 2800; x_wconf 75' lang='grc' dir='ltr'>ἐν</span> <span class='ocrx_word' id='word_1_226' title='bbox 807 2745 908 2823; x_wconf 78' lang='grc' dir='ltr'>γὰρ</span> <span class='ocrx_word' id='word_1_227' title='bbox 958 2749 1026 2823; x_wconf 74' lang='grc' dir='ltr'><strong>τῇ</strong></span> <span class='ocrx_word' id='word_1_228' title='bbox 1082 2744 1266 2825; x_wconf 88' lang='grc' dir='ltr'>καρδίᾳ</span> <span class='ocrx_word' id='word_1_229' title='bbox 1306 2746 1402 2815; x_wconf 74' lang='grc' dir='ltr'>τῆς</span> <span class='ocrx_word' id='word_1_230' title='bbox 1458 2746 1582 2826; x_wconf 77' lang='grc' dir='ltr'>γῆς,</span> <span class='ocrx_word' id='word_1_231' title='bbox 1643 2753 1720 2821; x_wconf 81' lang='grc' dir='ltr'>τῷ</span> <span class='ocrx_word' id='word_1_232' title='bbox 1770 2768 1953 2803; x_wconf 80' lang='grc' dir='ltr'>κατω-</span> 
     </span>
    </p>
   </div>
   <div class='ocr_carea' id='block_1_31' title="bbox 306 2832 1952 2916">
    <p class='ocr_par' dir='ltr' id='par_1_31' title="bbox 306 2832 1952 2916">
     <span class='ocr_line' id='line_1_31' title="bbox 306 2832 1952 2916; baseline 0.004 -31"><span class='ocrx_word' id='word_1_233' title='bbox 306 2832 458 2889; x_wconf 68' lang='grc' dir='ltr'>τάτω</span> <span class='ocrx_word' id='word_1_234' title='bbox 512 2832 651 2910; x_wconf 80' lang='grc' dir='ltr'>λέγω</span> <span class='ocrx_word' id='word_1_235' title='bbox 691 2836 863 2908; x_wconf 86' lang='grc' dir='ltr'><strong>τόπῳ,</strong></span> <span class='ocrx_word' id='word_1_236' title='bbox 896 2841 974 2909; x_wconf 84' lang='grc' dir='ltr'>τῷ</span> <span class='ocrx_word' id='word_1_237' title='bbox 1016 2832 1114 2906; x_wconf 76' lang='grc' dir='ltr'><strong>ᾅδη</strong></span> <span class='ocrx_word' id='word_1_238' title='bbox 1146 2833 1392 2903; x_wconf 86' lang='grc' dir='ltr'>δηλονότι</span> <span class='ocrx_word' id='word_1_239' title='bbox 1435 2834 1696 2916; x_wconf 78' lang='grc' dir='ltr'>καταϐὰς,</span> <span class='ocrx_word' id='word_1_240' title='bbox 1727 2837 1952 2915; x_wconf 74' lang='grc' dir='ltr'>τριήμε-</span> 
     </span>
    </p>
   </div>
   <div class='ocr_carea' id='block_1_32' title="bbox 315 2919 1953 3005">
    <p class='ocr_par' dir='ltr' id='par_1_32' title="bbox 315 2919 1953 3005">
     <span class='ocr_line' id='line_1_32' title="bbox 315 2919 1953 3005; baseline 0.004 -30"><span class='ocrx_word' id='word_1_241' title='bbox 315 2940 405 2995; x_wconf 87' lang='grc' dir='ltr'><strong>ρος</strong></span> <span class='ocrx_word' id='word_1_242' title='bbox 452 2919 648 2987; x_wconf 67' lang='grc' dir='ltr'>ἆνέστη</span> <span class='ocrx_word' id='word_1_243' title='bbox 677 2936 691 2951; x_wconf 87' lang='grc'>·</span> <span class='ocrx_word' id='word_1_244' title='bbox 751 2923 843 2988; x_wconf 75' lang='grc' dir='ltr'><strong>τὰς</strong></span> <span class='ocrx_word' id='word_1_245' title='bbox 917 2936 1066 3003; x_wconf 77' lang='grc' dir='ltr'>τρεῖς</span> <span class='ocrx_word' id='word_1_246' title='bbox 1126 2922 1182 2980; x_wconf 78' lang='grc' dir='ltr'>δὲ</span> <span class='ocrx_word' id='word_1_247' title='bbox 1251 2924 1451 3005; x_wconf 79' lang='grc' dir='ltr'>ἡμέρας</span> <span class='ocrx_word' id='word_1_248' title='bbox 1506 2926 1594 2982; x_wconf 83' lang='grc' dir='ltr'><strong>καὶ</strong></span> <span class='ocrx_word' id='word_1_249' title='bbox 1662 2926 1758 2990; x_wconf 81' lang='grc' dir='ltr'>τὰς</span> <span class='ocrx_word' id='word_1_250' title='bbox 1808 2939 1953 3001; x_wconf 75' lang='grc' dir='ltr'>τρεῖς</span> 
     </span>
    </p>
   </div>
   <div class='ocr_carea' id='block_1_33' title="bbox 2047 595 3699 678">
    <p class='ocr_par' dir='ltr' id='par_1_33' title="bbox 2047 595 3699 678">
     <span class='ocr_line' id='line_1_33' title="bbox 2047 595 3699 678; baseline 0.006 -24"><span class='ocrx_word' id='word_1_251' title='bbox 2047 612 2181 655; x_wconf 92' lang='lat' dir='ltr'><strong>nem</strong></span> <span class='ocrx_word' id='word_1_252' title='bbox 2214 595 2405 658; x_wconf 81' lang='lat' dir='ltr'><strong>daturi</strong></span> <span class='ocrx_word' id='word_1_253' title='bbox 2438 599 2785 674; x_wconf 87' lang='lat' dir='ltr'><strong>sumus,hoc</strong></span> <span class='ocrx_word' id='word_1_254' title='bbox 2814 608 2923 673; x_wconf 82' lang='lat' dir='ltr'><strong>est,</strong></span> <span class='ocrx_word' id='word_1_255' title='bbox 2959 618 3065 678; x_wconf 91' lang='lat' dir='ltr'><strong>pro</strong></span> <span class='ocrx_word' id='word_1_256' title='bbox 3100 600 3435 677; x_wconf 89' lang='lat' dir='ltr'><strong>mendacio,</strong></span> <span class='ocrx_word' id='word_1_257' title='bbox 3468 602 3699 663; x_wconf 85' lang='lat' dir='ltr'><strong>calum-</strong></span> 
     </span>
    </p>
   </div>
   <div class='ocr_carea' id='block_1_34' title="bbox 2049 686 3697 766">
    <p class='ocr_par' dir='ltr' id='par_1_34' title="bbox 2049 686 3697 766">
     <span class='ocr_line' id='line_1_34' title="bbox 2049 686 3697 766; baseline 0.006 -23"><span class='ocrx_word' id='word_1_258' title='bbox 2049 686 2145 745; x_wconf 97' lang='lat' dir='ltr'><strong>nia</strong></span> <span class='ocrx_word' id='word_1_259' title='bbox 2170 686 2464 747; x_wconf 77' lang='lat' dir='ltr'><strong>autetiam</strong></span> <span class='ocrx_word' id='word_1_260' title='bbox 2510 705 2612 766; x_wconf 89' lang='lat' dir='ltr'><strong>pro</strong></span> <span class='ocrx_word' id='word_1_261' title='bbox 2662 687 3019 751; x_wconf 88' lang='lat' dir='ltr'><strong>inordinatis</strong></span> <span class='ocrx_word' id='word_1_262' title='bbox 3052 696 3110 750; x_wconf 90' lang='lat' dir='ltr'><strong>et</strong></span> <span class='ocrx_word' id='word_1_263' title='bbox 3139 689 3429 751; x_wconf 85' lang='lat' dir='ltr'><strong>ridiculis.</strong></span> <span class='ocrx_word' id='word_1_264' title='bbox 3470 691 3697 753; x_wconf 87' lang='lat' dir='ltr'><strong>Deinde</strong></span> 
     </span>
    </p>
   </div>
   <div class='ocr_carea' id='block_1_35' title="bbox 2049 774 3695 860">
    <p class='ocr_par' dir='ltr' id='par_1_35' title="bbox 2049 774 3695 860">
     <span class='ocr_line' id='line_1_35' title="bbox 2049 774 3695 860; baseline 0.004 -26"><span class='ocrx_word' id='word_1_265' title='bbox 2049 774 2217 853; x_wconf 84' lang='lat' dir='ltr'><strong>ponit</strong></span> <span class='ocrx_word' id='word_1_266' title='bbox 2241 776 2647 838; x_wconf 87' lang='lat' dir='ltr'><strong>testimonium</strong></span> <span class='ocrx_word' id='word_1_267' title='bbox 2678 796 2748 839; x_wconf 79' lang='lat' dir='ltr'><strong>ex</strong></span> <span class='ocrx_word' id='word_1_268' title='bbox 2771 775 3098 857; x_wconf 82' lang='lat' dir='ltr'><strong>Scriptura,</strong></span> <span class='ocrx_word' id='word_1_269' title='bbox 3136 797 3210 839; x_wconf 93' lang='lat' dir='ltr'><strong>ne</strong></span> <span class='ocrx_word' id='word_1_270' title='bbox 3253 778 3522 841; x_wconf 84' lang='lat' dir='ltr'><strong>videatur</strong></span> <span class='ocrx_word' id='word_1_271' title='bbox 3553 800 3695 860; x_wconf 78' lang='lat' dir='ltr'><strong>pro-</strong></span> 
     </span>
    </p>
   </div>
   <div class='ocr_carea' id='block_1_36' title="bbox 2047 863 3697 948">
    <p class='ocr_par' dir='ltr' id='par_1_36' title="bbox 2047 863 3697 948">
     <span class='ocr_line' id='line_1_36' title="bbox 2047 863 3697 948; baseline 0.004 -24"><span class='ocrx_word' id='word_1_272' title='bbox 2047 863 2175 943; x_wconf 87' lang='lat' dir='ltr'><strong>pria</strong></span> <span class='ocrx_word' id='word_1_273' title='bbox 2209 863 2433 926; x_wconf 86' lang='lat' dir='ltr'><strong>dicere.</strong></span> <span class='ocrx_word' id='word_1_274' title='bbox 2466 864 2550 928; x_wconf 79' lang='lat' dir='ltr'><strong>Ex</strong></span> <span class='ocrx_word' id='word_1_275' title='bbox 2600 868 2981 929; x_wconf 85' lang='lat' dir='ltr'><strong>sermonibus</strong></span> <span class='ocrx_word' id='word_1_276' title='bbox 3012 866 3129 929; x_wconf 90' lang='lat' dir='ltr'><strong>tuis</strong></span> <span class='ocrx_word' id='word_1_277' title='bbox 3152 868 3602 948; x_wconf 84' lang='lat' dir='ltr'><strong>justiﬁcaberis,</strong></span> <span class='ocrx_word' id='word_1_278' title='bbox 3639 876 3697 931; x_wconf 94' lang='lat' dir='ltr'><strong>et</strong></span> 
     </span>
    </p>
   </div>
   <div class='ocr_carea' id='block_1_37' title="bbox 2045 953 3215 1021">
    <p class='ocr_par' dir='ltr' id='par_1_37' title="bbox 2045 953 3215 1021">
     <span class='ocr_line' id='line_1_37' title="bbox 2045 953 3215 1021; baseline 0.006 -7"><span class='ocrx_word' id='word_1_279' title='bbox 2045 971 2116 1014; x_wconf 84' lang='lat' dir='ltr'><strong>ex</strong></span> <span class='ocrx_word' id='word_1_280' title='bbox 2146 953 2524 1016; x_wconf 88' lang='lat' dir='ltr'><strong>sermonibus</strong></span> <span class='ocrx_word' id='word_1_281' title='bbox 2554 956 2669 1018; x_wconf 91' lang='lat' dir='ltr'><strong>tuis</strong></span> <span class='ocrx_word' id='word_1_282' title='bbox 2692 956 3215 1021; x_wconf 83' lang='lat' dir='ltr'><strong>condemnaberis.</strong></span> 
     </span>
    </p>
   </div>
   <div class='ocr_carea' id='block_1_38' title="bbox 2124 1039 3697 1127">
    <p class='ocr_par' dir='ltr' id='par_1_38' title="bbox 2124 1039 3697 1127">
     <span class='ocr_line' id='line_1_38' title="bbox 2124 1039 3697 1127; baseline 0.004 -25"><span class='ocrx_word' id='word_1_283' title='bbox 2124 1039 2420 1108; x_wconf 70' lang='lat' dir='ltr'><strong>Vens.38.</strong></span> <span class='ocrx_word' id='word_1_284' title='bbox 2447 1042 2615 1106; x_wconf 90' lang='lat' dir='ltr'><strong>Tunc</strong></span> <span class='ocrx_word' id='word_1_285' title='bbox 2638 1044 3081 1124; x_wconf 85' lang='lat' dir='ltr'><strong>responderunt</strong></span> <span class='ocrx_word' id='word_1_286' title='bbox 3106 1046 3346 1127; x_wconf 89' lang='lat' dir='ltr'><strong>quidam</strong></span> <span class='ocrx_word' id='word_1_287' title='bbox 3377 1065 3448 1108; x_wconf 87' lang='lat' dir='ltr'><strong>ex</strong></span> <span class='ocrx_word' id='word_1_288' title='bbox 3478 1046 3697 1109; x_wconf 86' lang='lat' dir='ltr'><strong>scribis</strong></span> 
     </span>
    </p>
   </div>
   <div class='ocr_carea' id='block_1_39' title="bbox 2047 1130 3694 1213">
    <p class='ocr_par' dir='ltr' id='par_1_39' title="bbox 2047 1130 3694 1213">
     <span class='ocr_line' id='line_1_39' title="bbox 2047 1130 3694 1213; baseline 0.003 -20"><span class='ocrx_word' id='word_1_289' title='bbox 2047 1138 2104 1193; x_wconf 89' lang='lat' dir='ltr'><strong>et</strong></span> <span class='ocrx_word' id='word_1_290' title='bbox 2133 1130 2466 1208; x_wconf 70' lang='lat' dir='ltr'><strong>Pharisaais,</strong></span> <span class='ocrx_word' id='word_1_291' title='bbox 2501 1134 2807 1196; x_wconf 85' lang='lat' dir='ltr'><strong>dicentes:</strong></span> <span class='ocrx_word' id='word_1_292' title='bbox 2833 1134 3115 1213; x_wconf 79' lang='lat' dir='ltr'><strong>Magister</strong></span> <span class='ocrx_word' id='word_1_293' title='bbox 3164 1136 3436 1197; x_wconf 90' lang='lat' dir='ltr'><strong>volumus</strong></span> <span class='ocrx_word' id='word_1_294' title='bbox 3476 1154 3510 1196; x_wconf 88' lang='lat' dir='ltr'><strong>a</strong></span> <span class='ocrx_word' id='word_1_295' title='bbox 3542 1144 3597 1196; x_wconf 92' lang='lat' dir='ltr'><strong>te</strong></span> <span class='ocrx_word' id='word_1_296' title='bbox 3617 1137 3694 1198; x_wconf 90' lang='lat' dir='ltr'><strong>si-</strong></span> 
     </span>
    </p>
   </div>
   <div class='ocr_carea' id='block_1_40' title="bbox 2041 1221 3691 1305">
    <p class='ocr_par' dir='ltr' id='par_1_40' title="bbox 2041 1221 3691 1305">
     <span class='ocr_line' id='line_1_40' title="bbox 2041 1221 3691 1305; baseline 0.002 -24"><span class='ocrx_word' id='word_1_297' title='bbox 2041 1239 2221 1301; x_wconf 82' lang='lat' dir='ltr'><strong>gnum</strong></span> <span class='ocrx_word' id='word_1_298' title='bbox 2267 1221 2491 1286; x_wconf 85' lang='lat' dir='ltr'><strong>videre.</strong></span> <span class='ocrx_word' id='word_1_299' title='bbox 2531 1248 2555 1278; x_wconf 78' lang='grc'><strong>»</strong></span> <span class='ocrx_word' id='word_1_300' title='bbox 2594 1222 2914 1285; x_wconf 87' lang='lat' dir='ltr'><strong>Admirans</strong></span> <span class='ocrx_word' id='word_1_301' title='bbox 2972 1224 3333 1302; x_wconf 79' lang='lat' dir='ltr'><strong>evangelista</strong></span> <span class='ocrx_word' id='word_1_302' title='bbox 3392 1225 3691 1305; x_wconf 90' lang='lat' dir='ltr'><strong>apposuit,</strong></span> 
     </span>
    </p>
   </div>
   <div class='ocr_carea' id='block_1_41' title="bbox 2044 1311 3696 1395">
    <p class='ocr_par' dir='ltr' id='par_1_41' title="bbox 2044 1311 3696 1395">
     <span class='ocr_line' id='line_1_41' title="bbox 2044 1311 3696 1395; baseline 0.003 -24"><span class='ocrx_word' id='word_1_303' title='bbox 2044 1320 2203 1372; x_wconf 92' lang='lat' dir='ltr'><strong>tunc.</strong></span> <span class='ocrx_word' id='word_1_304' title='bbox 2241 1311 2385 1374; x_wconf 90' lang='lat' dir='ltr'><strong>Cum</strong></span> <span class='ocrx_word' id='word_1_305' title='bbox 2419 1311 2578 1374; x_wconf 85' lang='lat' dir='ltr'><strong>enim</strong></span> <span class='ocrx_word' id='word_1_306' title='bbox 2616 1311 2864 1375; x_wconf 86' lang='lat' dir='ltr'><strong>obedire</strong></span> <span class='ocrx_word' id='word_1_307' title='bbox 2914 1312 3048 1375; x_wconf 89' lang='lat' dir='ltr'><strong>illos</strong></span> <span class='ocrx_word' id='word_1_308' title='bbox 3103 1322 3406 1395; x_wconf 89' lang='lat' dir='ltr'><strong>oporteret</strong></span> <span class='ocrx_word' id='word_1_309' title='bbox 3452 1323 3696 1394; x_wconf 83' lang='lat' dir='ltr'><strong>propter</strong></span> 
     </span>
    </p>
   </div>
   <div class='ocr_carea' id='block_1_42' title="bbox 2041 1400 3687 1484">
    <p class='ocr_par' dir='ltr' id='par_1_42' title="bbox 2041 1400 3687 1484">
     <span class='ocr_line' id='line_1_42' title="bbox 2041 1400 3687 1484; baseline 0.002 -23"><span class='ocrx_word' id='word_1_310' title='bbox 2041 1400 2209 1475; x_wconf 80' lang='lat' dir='ltr'><strong>signa</strong></span> <span class='ocrx_word' id='word_1_311' title='bbox 2239 1402 2655 1482; x_wconf 78' lang='lat' dir='ltr'><strong>praecedentia,</strong></span> <span class='ocrx_word' id='word_1_312' title='bbox 2687 1409 2825 1464; x_wconf 90' lang='lat' dir='ltr'><strong>tunc</strong></span> <span class='ocrx_word' id='word_1_313' title='bbox 2865 1404 3098 1482; x_wconf 87' lang='lat' dir='ltr'><strong>signum</strong></span> <span class='ocrx_word' id='word_1_314' title='bbox 3160 1411 3384 1484; x_wconf 90' lang='lat' dir='ltr'><strong>petunt.</strong></span> <span class='ocrx_word' id='word_1_315' title='bbox 3419 1401 3506 1464; x_wconf 91' lang='lat' dir='ltr'><strong>De</strong></span> <span class='ocrx_word' id='word_1_316' title='bbox 3537 1404 3687 1464; x_wconf 90' lang='lat' dir='ltr'><strong>coelo</strong></span> 
     </span>
    </p>
   </div>
   <div class='ocr_carea' id='block_1_43' title="bbox 2040 1490 3691 1571">
    <p class='ocr_par' dir='ltr' id='par_1_43' title="bbox 2040 1490 3691 1571">
     <span class='ocr_line' id='line_1_43' title="bbox 2040 1490 3691 1571; baseline 0.001 -20"><span class='ocrx_word' id='word_1_317' title='bbox 2040 1497 2236 1552; x_wconf 89' lang='lat' dir='ltr'><strong>autem</strong></span> <span class='ocrx_word' id='word_1_318' title='bbox 2259 1490 2459 1554; x_wconf 85' lang='lat' dir='ltr'><strong>volunt</strong></span> <span class='ocrx_word' id='word_1_319' title='bbox 2489 1492 2729 1571; x_wconf 85' lang='lat' dir='ltr'><strong>signum</strong></span> <span class='ocrx_word' id='word_1_320' title='bbox 2762 1491 2965 1554; x_wconf 89' lang='lat' dir='ltr'><strong>videre</strong></span> <span class='ocrx_word' id='word_1_321' title='bbox 2995 1491 3149 1554; x_wconf 90' lang='lat' dir='ltr'><strong>sicut</strong></span> <span class='ocrx_word' id='word_1_322' title='bbox 3178 1492 3332 1555; x_wconf 91' lang='lat' dir='ltr'><strong>alius</strong></span> <span class='ocrx_word' id='word_1_323' title='bbox 3360 1492 3691 1571; x_wconf 85' lang='lat' dir='ltr'><strong>evangelis-</strong></span> 
     </span>
    </p>
   </div>
   <div class='ocr_carea' id='block_1_44' title="bbox 2039 1578 3690 1663">
    <p class='ocr_par' dir='ltr' id='par_1_44' title="bbox 2039 1578 3690 1663">
     <span class='ocr_line' id='line_1_44' title="bbox 2039 1578 3690 1663; baseline 0.002 -24"><span class='ocrx_word' id='word_1_324' title='bbox 2039 1587 2096 1640; x_wconf 91' lang='lat' dir='ltr'><strong>ta</strong></span> <span class='ocrx_word' id='word_1_325' title='bbox 2126 1578 2307 1642; x_wconf 87' lang='lat' dir='ltr'><strong>dicit:</strong></span> <span class='ocrx_word' id='word_1_326' title='bbox 2342 1580 2622 1663; x_wconf 79' lang='lat' dir='ltr'><strong>putabaut</strong></span> <span class='ocrx_word' id='word_1_327' title='bbox 2646 1582 2803 1643; x_wconf 90' lang='lat' dir='ltr'><strong>enim</strong></span> <span class='ocrx_word' id='word_1_328' title='bbox 2847 1580 3005 1662; x_wconf 91' lang='lat' dir='ltr'><strong>quod</strong></span> <span class='ocrx_word' id='word_1_329' title='bbox 3053 1583 3220 1660; x_wconf 89' lang='lat' dir='ltr'><strong>signa</strong></span> <span class='ocrx_word' id='word_1_330' title='bbox 3267 1600 3449 1661; x_wconf 85' lang='lat' dir='ltr'><strong>super</strong></span> <span class='ocrx_word' id='word_1_331' title='bbox 3470 1589 3690 1643; x_wconf 86' lang='lat' dir='ltr'><strong>terram</strong></span> 
     </span>
    </p>
   </div>
   <div class='ocr_carea' id='block_1_45' title="bbox 2039 1669 3693 1747">
    <p class='ocr_par' dir='ltr' id='par_1_45' title="bbox 2039 1669 3693 1747">
     <span class='ocr_line' id='line_1_45' title="bbox 2039 1669 3693 1747; baseline 0.002 -18"><span class='ocrx_word' id='word_1_332' title='bbox 2039 1677 2327 1747; x_wconf 82' lang='lat' dir='ltr'><strong>potestate</strong></span> <span class='ocrx_word' id='word_1_333' title='bbox 2357 1669 2577 1731; x_wconf 85' lang='lat' dir='ltr'><strong>diaboli</strong></span> <span class='ocrx_word' id='word_1_334' title='bbox 2630 1670 2849 1732; x_wconf 83' lang='lat' dir='ltr'><strong>faceret</strong></span> <span class='ocrx_word' id='word_1_335' title='bbox 2882 1692 2896 1733; x_wconf 92' lang='lat'><strong>:</strong></span> <span class='ocrx_word' id='word_1_336' title='bbox 2947 1671 3151 1732; x_wconf 92' lang='lat' dir='ltr'><strong>mundi</strong></span> <span class='ocrx_word' id='word_1_337' title='bbox 3179 1670 3340 1733; x_wconf 91' lang='lat' dir='ltr'><strong>enim</strong></span> <span class='ocrx_word' id='word_1_338' title='bbox 3370 1682 3570 1734; x_wconf 86' lang='lat' dir='ltr'><strong>rector</strong></span> <span class='ocrx_word' id='word_1_339' title='bbox 3601 1678 3693 1732; x_wconf 89' lang='lat' dir='ltr'><strong>est</strong></span> 
     </span>
    </p>
   </div>
   <div class='ocr_carea' id='block_1_46' title="bbox 1982 1756 3325 1839">
    <p class='ocr_par' dir='ltr' id='par_1_46' title="bbox 1982 1756 3325 1839">
     <span class='ocr_line' id='line_1_46' title="bbox 1982 1756 3325 1839; baseline 0.001 -21"><span class='ocrx_word' id='word_1_340' title='bbox 1982 1788 2017 1839; x_wconf 70' lang='grc' dir='ltr'><strong>η</strong></span> <span class='ocrx_word' id='word_1_341' title='bbox 2039 1756 2341 1820; x_wconf 89' lang='lat' dir='ltr'><strong>Diabolus.</strong></span> <span class='ocrx_word' id='word_1_342' title='bbox 2368 1757 2519 1831; x_wconf 90' lang='lat' dir='ltr'><strong>Quid</strong></span> <span class='ocrx_word' id='word_1_343' title='bbox 2546 1759 2724 1837; x_wconf 83' lang='lat' dir='ltr'><strong>igitur</strong></span> <span class='ocrx_word' id='word_1_344' title='bbox 2755 1759 2827 1821; x_wconf 87' lang='lat' dir='ltr'><strong>ad</strong></span> <span class='ocrx_word' id='word_1_345' title='bbox 2861 1760 2985 1821; x_wconf 54' lang='lat' dir='ltr'><strong>base</strong></span> <span class='ocrx_word' id='word_1_346' title='bbox 3016 1760 3325 1822; x_wconf 79' lang='lat' dir='ltr'><strong>Salvator?</strong></span> 
     </span>
    </p>
   </div>
   <div class='ocr_carea' id='block_1_47' title="bbox 2120 1846 3690 1929">
    <p class='ocr_par' dir='ltr' id='par_1_47' title="bbox 2120 1846 3690 1929">
     <span class='ocr_line' id='line_1_47' title="bbox 2120 1846 3690 1929; baseline 0.003 -21"><span class='ocrx_word' id='word_1_347' title='bbox 2120 1846 2305 1910; x_wconf 68' lang='lat' dir='ltr'><strong>Vens.</strong></span> <span class='ocrx_word' id='word_1_348' title='bbox 2339 1847 2436 1923; x_wconf 87' lang='lat'><strong>39,</strong></span> <span class='ocrx_word' id='word_1_349' title='bbox 2472 1848 2691 1911; x_wconf 70' lang='lat' dir='ltr'><strong>40.«At</strong></span> <span class='ocrx_word' id='word_1_350' title='bbox 2719 1849 2819 1911; x_wconf 88' lang='lat' dir='ltr'><strong>ille</strong></span> <span class='ocrx_word' id='word_1_351' title='bbox 2838 1850 3212 1929; x_wconf 89' lang='lat' dir='ltr'><strong>respondens</strong></span> <span class='ocrx_word' id='word_1_352' title='bbox 3243 1849 3390 1911; x_wconf 91' lang='lat' dir='ltr'><strong>dicit</strong></span> <span class='ocrx_word' id='word_1_353' title='bbox 3421 1847 3690 1912; x_wconf 80' lang='lat' dir='ltr'><strong>illiszGe-</strong></span> 
     </span>
    </p>
   </div>
   <div class='ocr_carea' id='block_1_48' title="bbox 2038 1938 3687 2019">
    <p class='ocr_par' dir='ltr' id='par_1_48' title="bbox 2038 1938 3687 2019">
     <span class='ocr_line' id='line_1_48' title="bbox 2038 1938 3687 2019; baseline 0 -21"><span class='ocrx_word' id='word_1_354' title='bbox 2038 1938 2264 1999; x_wconf 82' lang='lat' dir='ltr'><strong>neratio</strong></span> <span class='ocrx_word' id='word_1_355' title='bbox 2289 1955 2465 2016; x_wconf 86' lang='lat' dir='ltr'><strong>prava</strong></span> <span class='ocrx_word' id='word_1_356' title='bbox 2495 1946 2553 1999; x_wconf 90' lang='lat' dir='ltr'><strong>et</strong></span> <span class='ocrx_word' id='word_1_357' title='bbox 2575 1938 2847 2000; x_wconf 88' lang='lat' dir='ltr'><strong>adultera</strong></span> <span class='ocrx_word' id='word_1_358' title='bbox 2864 1941 3098 2014; x_wconf 77' lang='lat' dir='ltr'><strong>signum</strong></span> <span class='ocrx_word' id='word_1_359' title='bbox 3125 1939 3425 2019; x_wconf 59' lang='lat' dir='ltr'><strong>qumrit,et</strong></span> <span class='ocrx_word' id='word_1_360' title='bbox 3453 1938 3687 2016; x_wconf 88' lang='lat' dir='ltr'><strong>signum</strong></span> 
     </span>
    </p>
   </div>
   <div class='ocr_carea' id='block_1_49' title="bbox 2039 2026 3688 2108">
    <p class='ocr_par' dir='ltr' id='par_1_49' title="bbox 2039 2026 3688 2108">
     <span class='ocr_line' id='line_1_49' title="bbox 2039 2026 3688 2108; baseline 0 -21"><span class='ocrx_word' id='word_1_361' title='bbox 2039 2045 2157 2087; x_wconf 92' lang='lat' dir='ltr'><strong>non</strong></span> <span class='ocrx_word' id='word_1_362' title='bbox 2182 2026 2418 2088; x_wconf 86' lang='lat' dir='ltr'><strong>dabitur</strong></span> <span class='ocrx_word' id='word_1_363' title='bbox 2438 2026 2669 2101; x_wconf 89' lang='lat' dir='ltr'><strong>illi,nisi</strong></span> <span class='ocrx_word' id='word_1_364' title='bbox 2686 2030 3090 2107; x_wconf 71' lang='lat' dir='ltr'><strong>signumJonae</strong></span> <span class='ocrx_word' id='word_1_365' title='bbox 3122 2029 3446 2108; x_wconf 68' lang='lat' dir='ltr'><strong>prophetae.</strong></span> <span class='ocrx_word' id='word_1_366' title='bbox 3466 2027 3688 2099; x_wconf 85' lang='lat' dir='ltr'><strong>Quem-</strong></span> 
     </span>
    </p>
   </div>
   <div class='ocr_carea' id='block_1_50' title="bbox 2038 2118 3686 2182">
    <p class='ocr_par' dir='ltr' id='par_1_50' title="bbox 2038 2118 3686 2182">
     <span class='ocr_line' id='line_1_50' title="bbox 2038 2118 3686 2182; baseline -0.001 -1"><span class='ocrx_word' id='word_1_367' title='bbox 2038 2119 2361 2182; x_wconf 91' lang='lat' dir='ltr'><strong>admodum</strong></span> <span class='ocrx_word' id='word_1_368' title='bbox 2414 2120 2575 2182; x_wconf 91' lang='lat' dir='ltr'><strong>enim</strong></span> <span class='ocrx_word' id='word_1_369' title='bbox 2626 2120 2732 2182; x_wconf 80' lang='lat' dir='ltr'><strong>fuit</strong></span> <span class='ocrx_word' id='word_1_370' title='bbox 2775 2118 2958 2182; x_wconf 85' lang='lat' dir='ltr'><strong>Jonas</strong></span> <span class='ocrx_word' id='word_1_371' title='bbox 2988 2120 3050 2181; x_wconf 93' lang='lat' dir='ltr'><strong>in</strong></span> <span class='ocrx_word' id='word_1_372' title='bbox 3083 2127 3288 2181; x_wconf 86' lang='lat' dir='ltr'><strong>ventre</strong></span> <span class='ocrx_word' id='word_1_373' title='bbox 3329 2120 3445 2181; x_wconf 91' lang='lat' dir='ltr'><strong>ceti</strong></span> <span class='ocrx_word' id='word_1_374' title='bbox 3498 2118 3686 2180; x_wconf 87' lang='lat' dir='ltr'><strong>tribus</strong></span> 
     </span>
    </p>
   </div>
   <div class='ocr_carea' id='block_1_51' title="bbox 2038 2208 3686 2290">
    <p class='ocr_par' dir='ltr' id='par_1_51' title="bbox 2038 2208 3686 2290">
     <span class='ocr_line' id='line_1_51' title="bbox 2038 2208 3686 2290; baseline -0.001 -20"><span class='ocrx_word' id='word_1_375' title='bbox 2038 2208 2249 2271; x_wconf 86' lang='lat' dir='ltr'><strong>diebus</strong></span> <span class='ocrx_word' id='word_1_376' title='bbox 2278 2228 2346 2270; x_wconf 90' lang='lat' dir='ltr'><strong>ac</strong></span> <span class='ocrx_word' id='word_1_377' title='bbox 2370 2208 2559 2271; x_wconf 89' lang='lat' dir='ltr'><strong>tribus</strong></span> <span class='ocrx_word' id='word_1_378' title='bbox 2579 2209 2968 2290; x_wconf 79' lang='lat' dir='ltr'><strong>noctibus,sie</strong></span> <span class='ocrx_word' id='word_1_379' title='bbox 2987 2209 3102 2271; x_wconf 92' lang='lat' dir='ltr'><strong>erit</strong></span> <span class='ocrx_word' id='word_1_380' title='bbox 3125 2209 3309 2271; x_wconf 86' lang='lat' dir='ltr'><strong>Filius</strong></span> <span class='ocrx_word' id='word_1_381' title='bbox 3329 2208 3591 2271; x_wconf 88' lang='lat' dir='ltr'><strong>hominis</strong></span> <span class='ocrx_word' id='word_1_382' title='bbox 3624 2209 3686 2269; x_wconf 90' lang='lat' dir='ltr'><strong>in</strong></span> 
     </span>
    </p>
   </div>
   <div class='ocr_carea' id='block_1_52' title="bbox 2038 2298 3684 2363">
    <p class='ocr_par' dir='ltr' id='par_1_52' title="bbox 2038 2298 3684 2363">
     <span class='ocr_line' id='line_1_52' title="bbox 2038 2298 3684 2363; baseline -0.001 -1"><span class='ocrx_word' id='word_1_383' title='bbox 2038 2299 2219 2362; x_wconf 91' lang='lat' dir='ltr'><strong>corde</strong></span> <span class='ocrx_word' id='word_1_384' title='bbox 2249 2308 2426 2363; x_wconf 77' lang='lat' dir='ltr'><strong>terrae</strong></span> <span class='ocrx_word' id='word_1_385' title='bbox 2443 2300 2629 2362; x_wconf 91' lang='lat' dir='ltr'><strong>tribus</strong></span> <span class='ocrx_word' id='word_1_386' title='bbox 2653 2300 2863 2362; x_wconf 90' lang='lat' dir='ltr'><strong>diebus</strong></span> <span class='ocrx_word' id='word_1_387' title='bbox 2881 2309 2937 2363; x_wconf 90' lang='lat' dir='ltr'><strong>et</strong></span> <span class='ocrx_word' id='word_1_388' title='bbox 2967 2301 3157 2363; x_wconf 90' lang='lat' dir='ltr'><strong>tribus</strong></span> <span class='ocrx_word' id='word_1_389' title='bbox 3186 2298 3684 2361; x_wconf 64' lang='lat' dir='ltr'><strong>noctibus.nPra-</strong></span> 
     </span>
    </p>
   </div>
   <div class='ocr_carea' id='block_1_53' title="bbox 2036 2390 3688 2472">
    <p class='ocr_par' dir='ltr' id='par_1_53' title="bbox 2036 2390 3688 2472">
     <span class='ocr_line' id='line_1_53' title="bbox 2036 2390 3688 2472; baseline 0 -22"><span class='ocrx_word' id='word_1_390' title='bbox 2036 2409 2166 2451; x_wconf 76' lang='lat' dir='ltr'><strong>vam</strong></span> <span class='ocrx_word' id='word_1_391' title='bbox 2197 2395 2643 2469; x_wconf 83' lang='lat' dir='ltr'><strong>generationem</strong></span> <span class='ocrx_word' id='word_1_392' title='bbox 2677 2398 2845 2454; x_wconf 88' lang='lat' dir='ltr'><strong>vocat</strong></span> <span class='ocrx_word' id='word_1_393' title='bbox 2883 2410 3011 2464; x_wconf 89' lang='lat' dir='ltr'><strong>eos,</strong></span> <span class='ocrx_word' id='word_1_394' title='bbox 3038 2390 3177 2472; x_wconf 89' lang='lat' dir='ltr'><strong>quia</strong></span> <span class='ocrx_word' id='word_1_395' title='bbox 3208 2390 3416 2451; x_wconf 92' lang='lat' dir='ltr'><strong>dolose</strong></span> <span class='ocrx_word' id='word_1_396' title='bbox 3444 2407 3688 2469; x_wconf 86' lang='lat' dir='ltr'><strong>semper</strong></span> 
     </span>
    </p>
   </div>
   <div class='ocr_carea' id='block_1_54' title="bbox 2038 2479 3689 2563">
    <p class='ocr_par' dir='ltr' id='par_1_54' title="bbox 2038 2479 3689 2563">
     <span class='ocr_line' id='line_1_54' title="bbox 2038 2479 3689 2563; baseline 0 -22"><span class='ocrx_word' id='word_1_397' title='bbox 2038 2481 2378 2543; x_wconf 87' lang='lat' dir='ltr'><strong>tentabant:</strong></span> <span class='ocrx_word' id='word_1_398' title='bbox 2412 2481 2739 2543; x_wconf 88' lang='lat' dir='ltr'><strong>adulteram</strong></span> <span class='ocrx_word' id='word_1_399' title='bbox 2772 2489 2996 2556; x_wconf 89' lang='lat' dir='ltr'><strong>autem,</strong></span> <span class='ocrx_word' id='word_1_400' title='bbox 3041 2481 3182 2563; x_wconf 90' lang='lat' dir='ltr'><strong>quia</strong></span> <span class='ocrx_word' id='word_1_401' title='bbox 3210 2479 3625 2541; x_wconf 89' lang='lat' dir='ltr'><strong>desciscebant</strong></span> <span class='ocrx_word' id='word_1_402' title='bbox 3654 2498 3689 2541; x_wconf 90' lang='lat' dir='ltr'><strong>a</strong></span> 
     </span>
    </p>
   </div>
   <div class='ocr_carea' id='block_1_55' title="bbox 2038 2568 3686 2648">
    <p class='ocr_par' dir='ltr' id='par_1_55' title="bbox 2038 2568 3686 2648">
     <span class='ocr_line' id='line_1_55' title="bbox 2038 2568 3686 2648; baseline 0.001 -17"><span class='ocrx_word' id='word_1_403' title='bbox 2038 2573 2182 2642; x_wconf 90' lang='lat' dir='ltr'><strong>Deo,</strong></span> <span class='ocrx_word' id='word_1_404' title='bbox 2210 2578 2269 2631; x_wconf 89' lang='lat' dir='ltr'><strong>et</strong></span> <span class='ocrx_word' id='word_1_405' title='bbox 2297 2568 2681 2632; x_wconf 68' lang='lat' dir='ltr'><strong>adhaerebant</strong></span> <span class='ocrx_word' id='word_1_406' title='bbox 2700 2569 3349 2648; x_wconf 57' lang='lat' dir='ltr'><strong>demonibusﬁignum</strong></span> <span class='ocrx_word' id='word_1_407' title='bbox 3376 2578 3568 2630; x_wconf 90' lang='lat' dir='ltr'><strong>autem</strong></span> <span class='ocrx_word' id='word_1_408' title='bbox 3598 2568 3686 2632; x_wconf 85' lang='lat' dir='ltr'><strong>di-</strong></span> 
     </span>
    </p>
   </div>
   <div class='ocr_carea' id='block_1_56' title="bbox 2037 2659 3687 2736">
    <p class='ocr_par' dir='ltr' id='par_1_56' title="bbox 2037 2659 3687 2736">
     <span class='ocr_line' id='line_1_56' title="bbox 2037 2659 3687 2736; baseline -0.003 -14"><span class='ocrx_word' id='word_1_409' title='bbox 2037 2660 2118 2723; x_wconf 91' lang='lat' dir='ltr'><strong>cit</strong></span> <span class='ocrx_word' id='word_1_410' title='bbox 2143 2661 2647 2722; x_wconf 88' lang='lat' dir='ltr'><strong>resurrectionem</strong></span> <span class='ocrx_word' id='word_1_411' title='bbox 2699 2679 2893 2736; x_wconf 88' lang='lat' dir='ltr'><strong>suam,</strong></span> <span class='ocrx_word' id='word_1_412' title='bbox 2937 2667 3002 2722; x_wconf 88' lang='lat' dir='ltr'><strong>ut</strong></span> <span class='ocrx_word' id='word_1_413' title='bbox 3044 2659 3481 2722; x_wconf 87' lang='lat' dir='ltr'><strong>admirabilem.</strong></span> <span class='ocrx_word' id='word_1_414' title='bbox 3518 2661 3687 2718; x_wconf 76' lang='lat' dir='ltr'><strong>Post—</strong></span> 
     </span>
    </p>
   </div>
   <div class='ocr_carea' id='block_1_57' title="bbox 2037 2748 3684 2829">
    <p class='ocr_par' dir='ltr' id='par_1_57' title="bbox 2037 2748 3684 2829">
     <span class='ocr_line' id='line_1_57' title="bbox 2037 2748 3684 2829; baseline -0.002 -18"><span class='ocrx_word' id='word_1_415' title='bbox 2037 2768 2213 2829; x_wconf 84' lang='lat' dir='ltr'><strong>quam</strong></span> <span class='ocrx_word' id='word_1_416' title='bbox 2250 2749 2408 2811; x_wconf 90' lang='lat' dir='ltr'><strong>enim</strong></span> <span class='ocrx_word' id='word_1_417' title='bbox 2441 2752 2500 2812; x_wconf 91' lang='lat' dir='ltr'><strong>in</strong></span> <span class='ocrx_word' id='word_1_418' title='bbox 2532 2768 2636 2811; x_wconf 91' lang='lat' dir='ltr'><strong>cor</strong></span> <span class='ocrx_word' id='word_1_419' title='bbox 2666 2758 2861 2825; x_wconf 75' lang='lat' dir='ltr'><strong>terrae,</strong></span> <span class='ocrx_word' id='word_1_420' title='bbox 2894 2753 2955 2811; x_wconf 87' lang='lat' dir='ltr'><strong>in</strong></span> <span class='ocrx_word' id='word_1_421' title='bbox 2989 2751 3255 2812; x_wconf 82' lang='lat' dir='ltr'><strong>intimum</strong></span> <span class='ocrx_word' id='word_1_422' title='bbox 3314 2749 3556 2829; x_wconf 90' lang='lat' dir='ltr'><strong>inquam</strong></span> <span class='ocrx_word' id='word_1_423' title='bbox 3592 2748 3684 2809; x_wconf 92' lang='lat' dir='ltr'><strong>lo-</strong></span> 
     </span>
    </p>
   </div>
   <div class='ocr_carea' id='block_1_58' title="bbox 2040 2838 3687 2915">
    <p class='ocr_par' dir='ltr' id='par_1_58' title="bbox 2040 2838 3687 2915">
     <span class='ocr_line' id='line_1_58' title="bbox 2040 2838 3687 2915; baseline -0.003 -13"><span class='ocrx_word' id='word_1_424' title='bbox 2040 2858 2199 2909; x_wconf 86' lang='lat' dir='ltr'><strong>cum.</strong></span> <span class='ocrx_word' id='word_1_425' title='bbox 2237 2840 2535 2902; x_wconf 82' lang='lat' dir='ltr'><strong>infernum</strong></span> <span class='ocrx_word' id='word_1_426' title='bbox 2568 2839 2817 2915; x_wconf 87' lang='lat' dir='ltr'><strong>scilicet,</strong></span> <span class='ocrx_word' id='word_1_427' title='bbox 2854 2840 3185 2904; x_wconf 88' lang='lat' dir='ltr'><strong>descendit.</strong></span> <span class='ocrx_word' id='word_1_428' title='bbox 3227 2840 3400 2900; x_wconf 87' lang='lat' dir='ltr'><strong>tertio</strong></span> <span class='ocrx_word' id='word_1_429' title='bbox 3433 2838 3532 2899; x_wconf 90' lang='lat' dir='ltr'><strong>die</strong></span> <span class='ocrx_word' id='word_1_430' title='bbox 3586 2856 3687 2898; x_wconf 88' lang='lat' dir='ltr'><strong>re-</strong></span> 
     </span>
    </p>
   </div>
   <div class='ocr_carea' id='block_1_59' title="bbox 2040 2929 3691 3007">
    <p class='ocr_par' dir='ltr' id='par_1_59' title="bbox 2040 2929 3691 3007">
     <span class='ocr_line' id='line_1_59' title="bbox 2040 2929 3691 3007; baseline -0.001 -17"><span class='ocrx_word' id='word_1_431' title='bbox 2040 2929 2324 2991; x_wconf 81' lang='lat' dir='ltr'><strong>surrexit.</strong></span> <span class='ocrx_word' id='word_1_432' title='bbox 2356 2930 2503 2991; x_wconf 89' lang='lat' dir='ltr'><strong>Tres</strong></span> <span class='ocrx_word' id='word_1_433' title='bbox 2531 2940 2729 2991; x_wconf 87' lang='lat' dir='ltr'><strong>autem</strong></span> <span class='ocrx_word' id='word_1_434' title='bbox 2780 2931 2909 2992; x_wconf 89' lang='lat' dir='ltr'><strong>dies</strong></span> <span class='ocrx_word' id='word_1_435' title='bbox 2953 2938 3013 2991; x_wconf 93' lang='lat' dir='ltr'><strong>et</strong></span> <span class='ocrx_word' id='word_1_436' title='bbox 3065 2938 3186 2990; x_wconf 88' lang='lat' dir='ltr'><strong>tres</strong></span> <span class='ocrx_word' id='word_1_437' title='bbox 3232 2938 3437 2989; x_wconf 90' lang='lat' dir='ltr'><strong>noctes</strong></span> <span class='ocrx_word' id='word_1_438' title='bbox 3465 2945 3497 2987; x_wconf 92' lang='lat' dir='ltr'><strong>a</strong></span> <span class='ocrx_word' id='word_1_439' title='bbox 3523 2932 3691 3007; x_wconf 86' lang='lat' dir='ltr'><strong>parte</strong></span> 
     </span>
    </p>
   </div>
   <div class='ocr_carea' id='block_1_60' title="bbox 316 3008 1956 3099">
    <p class='ocr_par' dir='ltr' id='par_1_60' title="bbox 316 3008 1952 3099">
     <span class='ocr_line' id='line_1_60' title="bbox 316 3008 1952 3099; baseline 0.009 -39"><span class='ocrx_word' id='word_1_440' title='bbox 316 3008 535 3099; x_wconf 66' lang='grc' dir='ltr'>νύκτας,</span> <span class='ocrx_word' id='word_1_441' title='bbox 587 3009 691 3065; x_wconf 74' lang='grc' dir='ltr'><strong>ἀπὸ</strong></span> <span class='ocrx_word' id='word_1_442' title='bbox 744 3011 928 3087; x_wconf 78' lang='grc' dir='ltr'>μέρους</span> <span class='ocrx_word' id='word_1_443' title='bbox 1018 3015 1213 3081; x_wconf 81' lang='grc' dir='ltr'>νόησον</span> <span class='ocrx_word' id='word_1_444' title='bbox 1285 3015 1373 3071; x_wconf 85' lang='grc' dir='ltr'><strong>καὶ</strong></span> <span class='ocrx_word' id='word_1_445' title='bbox 1443 3020 1524 3090; x_wconf 76' lang='grc' dir='ltr'><strong>μη</strong></span> <span class='ocrx_word' id='word_1_446' title='bbox 1602 3013 1952 3093; x_wconf 71' lang='grc' dir='ltr'>ὁλοκλήρους.</span> 
     </span>
    </p>
   </div>
   <div class='ocr_carea' id='block_1_61' title="bbox 2044 3008 3687 3099">
    <p class='ocr_par' dir='ltr' id='par_1_61' title="bbox 2044 3014 3687 3099">
     <span class='ocr_line' id='line_1_61' title="bbox 2044 3014 3687 3099; baseline -0.002 -18"><span class='ocrx_word' id='word_1_447' title='bbox 2044 3018 2356 3099; x_wconf 82' lang='lat' dir='ltr'><strong>intelligas,</strong></span> <span class='ocrx_word' id='word_1_448' title='bbox 2401 3026 2460 3080; x_wconf 85' lang='lat' dir='ltr'><strong>et</strong></span> <span class='ocrx_word' id='word_1_449' title='bbox 2508 3037 2626 3080; x_wconf 92' lang='lat' dir='ltr'><strong>non</strong></span> <span class='ocrx_word' id='word_1_450' title='bbox 2683 3019 2961 3098; x_wconf 87' lang='lat' dir='ltr'><strong>integras.</strong></span> <span class='ocrx_word' id='word_1_451' title='bbox 2999 3018 3257 3080; x_wconf 81' lang='lat' dir='ltr'><strong>Mortuus</strong></span> <span class='ocrx_word' id='word_1_452' title='bbox 3306 3018 3463 3078; x_wconf 90' lang='lat' dir='ltr'><strong>enim</strong></span> <span class='ocrx_word' id='word_1_453' title='bbox 3497 3024 3587 3076; x_wconf 92' lang='lat' dir='ltr'><strong>est</strong></span> <span class='ocrx_word' id='word_1_454' title='bbox 3624 3014 3687 3077; x_wconf 90' lang='lat' dir='ltr'><strong>in</strong></span> 
     </span>
    </p>
   </div>
   <div class='ocr_carea' id='block_1_62' title="bbox 311 3094 1952 3183">
    <p class='ocr_par' dir='ltr' id='par_1_62' title="bbox 311 3094 1952 3183">
     <span class='ocr_line' id='line_1_62' title="bbox 311 3094 1952 3183; baseline 0.006 -33"><span class='ocrx_word' id='word_1_455' title='bbox 311 3094 572 3153; x_wconf 76' lang='grc' dir='ltr'>Ἀπέθανε</span> <span class='ocrx_word' id='word_1_456' title='bbox 628 3099 724 3173; x_wconf 77' lang='grc' dir='ltr'>μὲν</span> <span class='ocrx_word' id='word_1_457' title='bbox 776 3102 870 3179; x_wconf 78' lang='grc' dir='ltr'><strong>γὰρ</strong></span> <span class='ocrx_word' id='word_1_458' title='bbox 923 3106 994 3178; x_wconf 75' lang='grc' dir='ltr'><strong>τῇ</strong></span> <span class='ocrx_word' id='word_1_459' title='bbox 1063 3110 1397 3181; x_wconf 79' lang='grc' dir='ltr'>παρασκευῇ,</span> <span class='ocrx_word' id='word_1_460' title='bbox 1446 3104 1541 3179; x_wconf 89' lang='grc' dir='ltr'><strong>μία</strong></span> <span class='ocrx_word' id='word_1_461' title='bbox 1584 3102 1719 3171; x_wconf 82' lang='grc' dir='ltr'>αὕτη</span> <span class='ocrx_word' id='word_1_462' title='bbox 1778 3103 1952 3183; x_wconf 81' lang='grc' dir='ltr'>ἡμέρα</span> 
     </span>
    </p>
   </div>
   <div class='ocr_carea' id='block_1_63' title="bbox 297 3184 1949 3273">
    <p class='ocr_par' dir='ltr' id='par_1_63' title="bbox 297 3184 1949 3273">
     <span class='ocr_line' id='line_1_63' title="bbox 297 3184 1949 3273; baseline 0.009 -37"><span class='ocrx_word' id='word_1_463' title='bbox 297 3184 368 3251; x_wconf 79' lang='grc' dir='ltr'><strong>ἧν</strong></span> <span class='ocrx_word' id='word_1_464' title='bbox 404 3202 421 3216; x_wconf 83' lang='grc'><strong><em>⁸</em></strong></span> <span class='ocrx_word' id='word_1_465' title='bbox 468 3188 556 3242; x_wconf 84' lang='grc' dir='ltr'>καί</span> <span class='ocrx_word' id='word_1_466' title='bbox 594 3192 669 3260; x_wconf 80' lang='grc' dir='ltr'>τῷ</span> <span class='ocrx_word' id='word_1_467' title='bbox 698 3187 952 3266; x_wconf 72' lang='grc' dir='ltr'>Σαϐὁᾶτῳ</span> <span class='ocrx_word' id='word_1_468' title='bbox 979 3194 1188 3273; x_wconf 84' lang='grc' dir='ltr'>νεκρὺς,</span> <span class='ocrx_word' id='word_1_469' title='bbox 1252 3192 1360 3251; x_wconf 75' lang='grc' dir='ltr'>ἰδοὺ</span> <span class='ocrx_word' id='word_1_470' title='bbox 1414 3194 1501 3250; x_wconf 88' lang='grc' dir='ltr'><strong>καὶ</strong></span> <span class='ocrx_word' id='word_1_471' title='bbox 1532 3191 1670 3260; x_wconf 73' lang='grc' dir='ltr'>ἄλλη</span> <span class='ocrx_word' id='word_1_472' title='bbox 1727 3193 1901 3273; x_wconf 77' lang='grc' dir='ltr'>ἡμέρα</span> <span class='ocrx_word' id='word_1_473' title='bbox 1933 3209 1949 3225; x_wconf 78' lang='grc'>⁸</span> 
     </span>
    </p>
   </div>
   <div class='ocr_carea' id='block_1_64' title="bbox 288 3276 1957 3361">
    <p class='ocr_par' dir='ltr' id='par_1_64' title="bbox 288 3276 1957 3361">
     <span class='ocr_line' id='line_1_64' title="bbox 288 3276 1957 3361; baseline 0.005 -30"><span class='ocrx_word' id='word_1_474' title='bbox 288 3277 378 3332; x_wconf 85' lang='grc' dir='ltr'><strong>κοὶ</strong></span> <span class='ocrx_word' id='word_1_475' title='bbox 435 3278 470 3343; x_wconf 79' lang='grc' dir='ltr'><strong>ἡ</strong></span> <span class='ocrx_word' id='word_1_476' title='bbox 517 3277 604 3343; x_wconf 76' lang='grc' dir='ltr'>νὺξ</span> <span class='ocrx_word' id='word_1_477' title='bbox 642 3276 697 3334; x_wconf 79' lang='grc' dir='ltr'>δὲ</span> <span class='ocrx_word' id='word_1_478' title='bbox 739 3284 839 3347; x_wconf 83' lang='grc' dir='ltr'>τῆς</span> <span class='ocrx_word' id='word_1_479' title='bbox 902 3282 1192 3361; x_wconf 80' lang='grc' dir='ltr'>Κυριακῆς,</span> <span class='ocrx_word' id='word_1_480' title='bbox 1248 3282 1325 3340; x_wconf 78' lang='grc' dir='ltr'>ἔτι</span> <span class='ocrx_word' id='word_1_481' title='bbox 1393 3284 1574 3350; x_wconf 80' lang='grc' dir='ltr'>νεκρὸν</span> <span class='ocrx_word' id='word_1_482' title='bbox 1630 3284 1787 3341; x_wconf 73' lang='grc' dir='ltr'>αὐτὸν</span> <span class='ocrx_word' id='word_1_483' title='bbox 1829 3305 1957 3340; x_wconf 87' lang='grc' dir='ltr'>κατ-</span> 
     </span>
    </p>
   </div>
   <div class='ocr_carea' id='block_1_65' title="bbox 295 3364 1957 3452">
    <p class='ocr_par' dir='ltr' id='par_1_65' title="bbox 295 3364 1957 3452">
     <span class='ocr_line' id='line_1_65' title="bbox 295 3364 1957 3452; baseline 0.005 -31"><span class='ocrx_word' id='word_1_484' title='bbox 295 3364 473 3423; x_wconf 73' lang='grc' dir='ltr'>έλαϐε.</span> <span class='ocrx_word' id='word_1_485' title='bbox 541 3368 669 3447; x_wconf 83' lang='grc' dir='ltr'>Τρία</span> <span class='ocrx_word' id='word_1_486' title='bbox 714 3373 804 3427; x_wconf 82' lang='grc' dir='ltr'><strong>οὗν</strong></span> <span class='ocrx_word' id='word_1_487' title='bbox 859 3374 1215 3451; x_wconf 78' lang='grc' dir='ltr'>ἡμερονύκτια</span> <span class='ocrx_word' id='word_1_488' title='bbox 1271 3374 1377 3431; x_wconf 76' lang='grc' dir='ltr'><strong>ἀπὸ</strong></span> <span class='ocrx_word' id='word_1_489' title='bbox 1427 3372 1620 3452; x_wconf 75' lang='grc' dir='ltr'>μέρους</span> <span class='ocrx_word' id='word_1_490' title='bbox 1670 3373 1957 3451; x_wconf 75' lang='grc' dir='ltr'>ἀριθμοῦν-</span> 
     </span>
    </p>
   </div>
   <div class='ocr_carea' id='block_1_66' title="bbox 298 3454 1792 3544">
    <p class='ocr_par' dir='ltr' id='par_1_66' title="bbox 298 3454 1792 3544">
     <span class='ocr_line' id='line_1_66' title="bbox 298 3454 1792 3544; baseline 0.007 -35"><span class='ocrx_word' id='word_1_491' title='bbox 298 3477 408 3519; x_wconf 90' lang='grc' dir='ltr'>ται,</span> <span class='ocrx_word' id='word_1_492' title='bbox 444 3454 597 3544; x_wconf 59' lang='grc' dir='ltr'>Ἐπεὶ</span> <span class='ocrx_word' id='word_1_493' title='bbox 626 3460 714 3515; x_wconf 84' lang='grc' dir='ltr'><strong>καὶ</strong></span> <span class='ocrx_word' id='word_1_494' title='bbox 745 3460 913 3525; x_wconf 77' lang='grc' dir='ltr'>οὕτως</span> <span class='ocrx_word' id='word_1_495' title='bbox 943 3463 1198 3539; x_wconf 75' lang='grc' dir='ltr'>εἰώθαμεν</span> <span class='ocrx_word' id='word_1_496' title='bbox 1238 3462 1496 3529; x_wconf 79' lang='grc' dir='ltr'>πολλάκις</span> <span class='ocrx_word' id='word_1_497' title='bbox 1525 3465 1792 3544; x_wconf 79' lang='grc' dir='ltr'>ἀριθμεῖν.</span> 
     </span>
    </p>
   </div>
   <div class='ocr_carea' id='block_1_67' title="bbox 389 3535 1961 3632">
    <p class='ocr_par' dir='ltr' id='par_1_67' title="bbox 389 3535 1961 3632">
     <span class='ocr_line' id='line_1_67' title="bbox 389 3535 1961 3632; baseline 0.003 -29"><span class='ocrx_word' id='word_1_498' title='bbox 389 3564 419 3603; x_wconf 71' lang='grc' dir='ltr'><strong>ε</strong></span> <span class='ocrx_word' id='word_1_499' title='bbox 470 3535 700 3627; x_wconf 60' lang='grc' dir='ltr'>’Ἄνδρες</span> <span class='ocrx_word' id='word_1_500' title='bbox 756 3559 1023 3609; x_wconf 78' lang='grc' dir='ltr'>Νινευϊται</span> <span class='ocrx_word' id='word_1_501' title='bbox 1096 3535 1481 3623; x_wconf 54' lang='grc' dir='ltr'>ἀναστήσονται</span> <span class='ocrx_word' id='word_1_502' title='bbox 1536 3535 1592 3609; x_wconf 61' lang='grc' dir='ltr'>ἓν</span> <span class='ocrx_word' id='word_1_503' title='bbox 1646 3535 1730 3629; x_wconf 69' lang='grc' dir='ltr'><strong>⁷τῇ</strong></span> <span class='ocrx_word' id='word_1_504' title='bbox 1797 3554 1961 3632; x_wconf 86' lang='grc' dir='ltr'>κρίσει</span> 
     </span>
    </p>
   </div>
   <div class='ocr_carea' id='block_1_68' title="bbox 302 3636 1955 3721">
    <p class='ocr_par' dir='ltr' id='par_1_68' title="bbox 302 3636 1955 3721">
     <span class='ocr_line' id='line_1_68' title="bbox 302 3636 1955 3721; baseline 0.007 -31"><span class='ocrx_word' id='word_1_505' title='bbox 302 3636 440 3708; x_wconf 76' lang='grc' dir='ltr'>μετὰ</span> <span class='ocrx_word' id='word_1_506' title='bbox 496 3636 595 3703; x_wconf 71' lang='grc' dir='ltr'><strong>τῆς</strong></span> <span class='ocrx_word' id='word_1_507' title='bbox 660 3646 845 3716; x_wconf 79' lang='grc' dir='ltr'>γενεᾶς</span> <span class='ocrx_word' id='word_1_508' title='bbox 906 3643 1127 3717; x_wconf 83' lang='grc' dir='ltr'>ταύτης,</span> <span class='ocrx_word' id='word_1_509' title='bbox 1172 3645 1259 3700; x_wconf 83' lang='grc' dir='ltr'>καὶ</span> <span class='ocrx_word' id='word_1_510' title='bbox 1315 3652 1716 3721; x_wconf 61' lang='grc' dir='ltr'>ωτακρινοῦσιν</span> <span class='ocrx_word' id='word_1_511' title='bbox 1770 3644 1955 3718; x_wconf 71' lang='grc' dir='ltr'>αὐτὴν,</span> 
     </span>
    </p>
   </div>
   <div class='ocr_carea' id='block_1_69' title="bbox 306 3724 1960 3812">
    <p class='ocr_par' dir='ltr' id='par_1_69' title="bbox 306 3724 1960 3812">
     <span class='ocr_line' id='line_1_69' title="bbox 306 3724 1960 3812; baseline 0.006 -33"><span class='ocrx_word' id='word_1_512' title='bbox 306 3724 388 3780; x_wconf 76' lang='grc' dir='ltr'><strong>ὅτι</strong></span> <span class='ocrx_word' id='word_1_513' title='bbox 446 3728 777 3800; x_wconf 84' lang='grc' dir='ltr'>μετενόησαν</span> <span class='ocrx_word' id='word_1_514' title='bbox 859 3732 933 3795; x_wconf 79' lang='grc' dir='ltr'><strong>είς</strong></span> <span class='ocrx_word' id='word_1_515' title='bbox 999 3733 1059 3812; x_wconf 84' lang='grc' dir='ltr'>τὸ</span> <span class='ocrx_word' id='word_1_516' title='bbox 1138 3733 1386 3812; x_wconf 80' lang='grc' dir='ltr'>κήρυγμα</span> <span class='ocrx_word' id='word_1_517' title='bbox 1459 3730 1636 3806; x_wconf 82' lang='grc' dir='ltr'><strong>Ἰωνᾶ,</strong></span> <span class='ocrx_word' id='word_1_518' title='bbox 1698 3733 1785 3789; x_wconf 85' lang='grc' dir='ltr'><strong>καὶ</strong></span> <span class='ocrx_word' id='word_1_519' title='bbox 1850 3730 1960 3790; x_wconf 78' lang='grc' dir='ltr'>ἰδοὺ</span> 
     </span>
    </p>
   </div>
   <div class='ocr_carea' id='block_1_70' title="bbox 312 3811 1957 3901">
    <p class='ocr_par' dir='ltr' id='par_1_70' title="bbox 312 3811 1957 3901">
     <span class='ocr_line' id='line_1_70' title="bbox 312 3811 1957 3901; baseline 0.005 -34"><span class='ocrx_word' id='word_1_520' title='bbox 312 3812 500 3871; x_wconf 74' lang='grc' dir='ltr'>πλεῖον</span> <span class='ocrx_word' id='word_1_521' title='bbox 555 3814 713 3873; x_wconf 80' lang='grc' dir='ltr'><strong>’ῐωνᾶ</strong></span> <span class='ocrx_word' id='word_1_522' title='bbox 764 3816 891 3879; x_wconf 77' lang='grc' dir='ltr'>ὦξε.</span> <span class='ocrx_word' id='word_1_523' title='bbox 932 3842 955 3877; x_wconf 71' lang='grc' dir='ltr'><strong>ε</strong></span> <span class='ocrx_word' id='word_1_524' title='bbox 1010 3811 1065 3879; x_wconf 61' lang='grc' dir='ltr'>Ὀ</span> <span class='ocrx_word' id='word_1_525' title='bbox 1116 3811 1223 3897; x_wconf 76' lang='grc' dir='ltr'>μὲν</span> <span class='ocrx_word' id='word_1_526' title='bbox 1265 3820 1476 3896; x_wconf 79' lang='grc' dir='ltr'>Ἰωνᾶς,</span> <span class='ocrx_word' id='word_1_527' title='bbox 1508 3823 1659 3901; x_wconf 76' lang='grc' dir='ltr'>φησὶ,</span> <span class='ocrx_word' id='word_1_528' title='bbox 1696 3822 1831 3897; x_wconf 78' lang='grc' dir='ltr'>μετὰ</span> <span class='ocrx_word' id='word_1_529' title='bbox 1857 3821 1957 3889; x_wconf 75' lang='grc' dir='ltr'><strong>τὴν</strong></span> 
     </span>
    </p>
   </div>
   <div class='ocr_carea' id='block_1_71' title="bbox 308 3901 1956 3990">
    <p class='ocr_par' dir='ltr' id='par_1_71' title="bbox 308 3901 1956 3990">
     <span class='ocr_line' id='line_1_71' title="bbox 308 3901 1956 3990; baseline 0.005 -32"><span class='ocrx_word' id='word_1_530' title='bbox 308 3901 370 3959; x_wconf 81' lang='grc' dir='ltr'><strong>έκ</strong></span> <span class='ocrx_word' id='word_1_531' title='bbox 426 3911 519 3960; x_wconf 74' lang='grc' dir='ltr'>τοῦ</span> <span class='ocrx_word' id='word_1_532' title='bbox 574 3907 769 3975; x_wconf 77' lang='grc' dir='ltr'>κήτους</span> <span class='ocrx_word' id='word_1_533' title='bbox 830 3907 1026 3982; x_wconf 79' lang='grc' dir='ltr'>’ἐδοξον,</span> <span class='ocrx_word' id='word_1_534' title='bbox 1086 3908 1312 3990; x_wconf 78' lang='grc' dir='ltr'>κηρύξας</span> <span class='ocrx_word' id='word_1_535' title='bbox 1357 3909 1637 3977; x_wconf 73' lang='grc' dir='ltr'>ἐπιστεύθη</span> <span class='ocrx_word' id='word_1_536' title='bbox 1670 3928 1684 3943; x_wconf 86' lang='grc'><strong>·</strong></span> <span class='ocrx_word' id='word_1_537' title='bbox 1737 3911 1846 3990; x_wconf 72' lang='grc' dir='ltr'><strong>ὶγὼ</strong></span> <span class='ocrx_word' id='word_1_538' title='bbox 1903 3909 1956 3966; x_wconf 85' lang='grc' dir='ltr'>δὲ</span> 
     </span>
    </p>
   </div>
   <div class='ocr_carea' id='block_1_72' title="bbox 302 3989 1957 4076">
    <p class='ocr_par' dir='ltr' id='par_1_72' title="bbox 302 3989 1957 4076">
     <span class='ocr_line' id='line_1_72' title="bbox 302 3989 1957 4076; baseline 0.007 -28"><span class='ocrx_word' id='word_1_539' title='bbox 302 3990 421 4049; x_wconf 75' lang='grc' dir='ltr'><strong>οὖδέ</strong></span> <span class='ocrx_word' id='word_1_540' title='bbox 480 3996 618 4069; x_wconf 76' lang='grc' dir='ltr'>μετὰ</span> <span class='ocrx_word' id='word_1_541' title='bbox 659 3996 759 4063; x_wconf 79' lang='grc' dir='ltr'><strong>τὴν</strong></span> <span class='ocrx_word' id='word_1_542' title='bbox 803 3998 1088 4055; x_wconf 80' lang='grc' dir='ltr'>ἀνάστασιν</span> <span class='ocrx_word' id='word_1_543' title='bbox 1131 3989 1264 4074; x_wconf 83' lang='grc' dir='ltr'>ὑμῖν</span> <span class='ocrx_word' id='word_1_544' title='bbox 1292 4001 1731 4076; x_wconf 77' lang='grc' dir='ltr'>πιστευθήσομαι,</span> <span class='ocrx_word' id='word_1_545' title='bbox 1791 3989 1957 4059; x_wconf 78' lang='grc' dir='ltr'><strong>υΟθεν</strong></span> 
     </span>
    </p>
   </div>
   <div class='ocr_carea' id='block_1_73' title="bbox 298 4086 1955 4163">
    <p class='ocr_par' dir='ltr' id='par_1_73' title="bbox 298 4086 1955 4163">
     <span class='ocr_line' id='line_1_73' title="bbox 298 4086 1955 4163; baseline 0.004 -25"><span class='ocrx_word' id='word_1_546' title='bbox 298 4086 391 4139; x_wconf 78' lang='grc' dir='ltr'>καὶ</span> <span class='ocrx_word' id='word_1_547' title='bbox 434 4088 884 4163; x_wconf 73' lang='grc' dir='ltr'>κατακριθήσεσθε</span> <span class='ocrx_word' id='word_1_548' title='bbox 951 4090 1053 4144; x_wconf 79' lang='grc' dir='ltr'><strong>ὑπὸ</strong></span> <span class='ocrx_word' id='word_1_549' title='bbox 1129 4093 1235 4146; x_wconf 83' lang='grc' dir='ltr'>τῶν</span> <span class='ocrx_word' id='word_1_550' title='bbox 1307 4091 1593 4147; x_wconf 75' lang='grc' dir='ltr'>Νινευϊτῶν</span> <span class='ocrx_word' id='word_1_551' title='bbox 1636 4089 1955 4147; x_wconf 83' lang='grc' dir='ltr'>πιστευσάν-</span> 
     </span>
    </p>
   </div>
   <div class='ocr_carea' id='block_1_74' title="bbox 301 4172 1957 4258">
    <p class='ocr_par' dir='ltr' id='par_1_74' title="bbox 301 4172 1957 4258">
     <span class='ocr_line' id='line_1_74' title="bbox 301 4172 1957 4258; baseline 0.005 -31"><span class='ocrx_word' id='word_1_552' title='bbox 301 4193 411 4227; x_wconf 83' lang='grc' dir='ltr'><strong>των</strong></span> <span class='ocrx_word' id='word_1_553' title='bbox 444 4180 525 4247; x_wconf 73' lang='grc' dir='ltr'>τῷ</span> <span class='ocrx_word' id='word_1_554' title='bbox 552 4172 723 4247; x_wconf 82' lang='grc' dir='ltr'>δούλῳ</span> <span class='ocrx_word' id='word_1_555' title='bbox 777 4199 880 4251; x_wconf 88' lang='grc' dir='ltr'><strong>μου</strong></span> <span class='ocrx_word' id='word_1_556' title='bbox 938 4174 1092 4251; x_wconf 81' lang='grc' dir='ltr'>Ἰωνᾷ</span> <span class='ocrx_word' id='word_1_557' title='bbox 1139 4179 1305 4258; x_wconf 82' lang='grc' dir='ltr'>χωρὶς</span> <span class='ocrx_word' id='word_1_558' title='bbox 1338 4178 1602 4253; x_wconf 82' lang='grc' dir='ltr'>σημείων,</span> <span class='ocrx_word' id='word_1_559' title='bbox 1651 4180 1739 4235; x_wconf 77' lang='grc' dir='ltr'>καὶ</span> <span class='ocrx_word' id='word_1_560' title='bbox 1794 4200 1957 4236; x_wconf 87' lang='grc' dir='ltr'>ταυτα</span> 
     </span>
    </p>
   </div>
   <div class='ocr_carea' id='block_1_75' title="bbox 310 4259 1957 4348">
    <p class='ocr_par' dir='ltr' id='par_1_75' title="bbox 310 4259 1957 4348">
     <span class='ocr_line' id='line_1_75' title="bbox 310 4259 1957 4348; baseline 0.006 -33"><span class='ocrx_word' id='word_1_561' title='bbox 310 4259 594 4339; x_wconf 78' lang='grc' dir='ltr'>Βαρϐάρων</span> <span class='ocrx_word' id='word_1_562' title='bbox 638 4264 803 4322; x_wconf 79' lang='grc' dir='ltr'>ὄντων</span> <span class='ocrx_word' id='word_1_563' title='bbox 833 4282 848 4296; x_wconf 87' lang='grc'>⁶</span> <span class='ocrx_word' id='word_1_564' title='bbox 908 4268 1064 4342; x_wconf 77' lang='grc' dir='ltr'>ὑμεῖς</span> <span class='ocrx_word' id='word_1_565' title='bbox 1123 4270 1170 4324; x_wconf 80' lang='grc' dir='ltr'>οἱ</span> <span class='ocrx_word' id='word_1_566' title='bbox 1222 4269 1519 4348; x_wconf 73' lang='grc' dir='ltr'>προφήταις</span> <span class='ocrx_word' id='word_1_567' title='bbox 1560 4268 1957 4347; x_wconf 82' lang='grc' dir='ltr'>συντεθραμμέ-</span> 
     </span>
    </p>
   </div>
   <div class='ocr_carea' id='block_1_76' title="bbox 308 4355 1959 4434">
    <p class='ocr_par' dir='ltr' id='par_1_76' title="bbox 308 4355 1959 4434">
     <span class='ocr_line' id='line_1_76' title="bbox 308 4355 1959 4434; baseline 0.005 -27"><span class='ocrx_word' id='word_1_568' title='bbox 308 4374 410 4425; x_wconf 77' lang='grc' dir='ltr'>νοι,</span> <span class='ocrx_word' id='word_1_569' title='bbox 476 4356 525 4408; x_wconf 82' lang='grc' dir='ltr'>οἱ</span> <span class='ocrx_word' id='word_1_570' title='bbox 567 4368 777 4429; x_wconf 78' lang='grc' dir='ltr'>σημεῖα</span> <span class='ocrx_word' id='word_1_571' title='bbox 823 4355 1043 4433; x_wconf 76' lang='grc' dir='ltr'>ἰδόντες,</span> <span class='ocrx_word' id='word_1_572' title='bbox 1091 4357 1167 4434; x_wconf 82' lang='grc' dir='ltr'><strong>μὴ</strong></span> <span class='ocrx_word' id='word_1_573' title='bbox 1223 4357 1538 4415; x_wconf 86' lang='grc' dir='ltr'>πιστεύσατε</span> <span class='ocrx_word' id='word_1_574' title='bbox 1593 4357 1712 4433; x_wconf 78' lang='grc' dir='ltr'>ἐμοὶ</span> <span class='ocrx_word' id='word_1_575' title='bbox 1740 4363 1818 4433; x_wconf 84' lang='grc' dir='ltr'>τῷ</span> <span class='ocrx_word' id='word_1_576' title='bbox 1873 4356 1959 4415; x_wconf 80' lang='grc' dir='ltr'>δε·-</span> 
     </span>
    </p>
   </div>
   <div class='ocr_carea' id='block_1_77' title="bbox 306 4441 1956 4532">
    <p class='ocr_par' dir='ltr' id='par_1_77' title="bbox 306 4441 1956 4532">
     <span class='ocr_line' id='line_1_77' title="bbox 306 4441 1956 4532; baseline 0.001 -33"><span class='ocrx_word' id='word_1_577' title='bbox 306 4441 510 4532; x_wconf 64' lang='grc' dir='ltr'>σπότη.</span> <span class='ocrx_word' id='word_1_578' title='bbox 547 4451 737 4532; x_wconf 64' lang='grc' dir='ltr'><strong>⁸Τοῦτο</strong></span> <span class='ocrx_word' id='word_1_579' title='bbox 792 4446 891 4525; x_wconf 74' lang='grc' dir='ltr'>γὰρ</span> <span class='ocrx_word' id='word_1_580' title='bbox 947 4446 1193 4523; x_wconf 84' lang='grc' dir='ltr'>σημαίνει</span> <span class='ocrx_word' id='word_1_581' title='bbox 1272 4448 1357 4521; x_wconf 81' lang='grc' dir='ltr'>τὸ,</span> <span class='ocrx_word' id='word_1_582' title='bbox 1442 4449 1541 4505; x_wconf 81' lang='grc' dir='ltr'>Καὶ</span> <span class='ocrx_word' id='word_1_583' title='bbox 1607 4446 1716 4504; x_wconf 76' lang='grc' dir='ltr'>ἰδοὺ</span> <span class='ocrx_word' id='word_1_584' title='bbox 1771 4446 1956 4505; x_wconf 76' lang='grc' dir='ltr'>πλεῖον</span> 
     </span>
    </p>
   </div>
   <div class='ocr_carea' id='block_1_78' title="bbox 2044 4441 3046 4532">
    <p class='ocr_par' dir='ltr' id='par_1_78' title="bbox 2046 4441 3046 4532">
     <span class='ocr_line' id='line_1_78' title="bbox 2046 4441 3046 4532; baseline -0.003 -18"><span class='ocrx_word' id='word_1_585' title='bbox 2046 4441 2121 4514; x_wconf 81' lang='lat' dir='ltr'><strong>no</strong></span> <span class='ocrx_word' id='word_1_586' title='bbox 2159 4470 2171 4514; x_wconf 90' lang='lat'><strong>:</strong></span> <span class='ocrx_word' id='word_1_587' title='bbox 2216 4450 2375 4532; x_wconf 90' lang='lat' dir='ltr'><strong>quod</strong></span> <span class='ocrx_word' id='word_1_588' title='bbox 2427 4441 2986 4530; x_wconf 28' lang='lat' dir='ltr'><strong>signiﬁcat,—dicens</strong></span> <span class='ocrx_word' id='word_1_589' title='bbox 3033 4473 3046 4511; x_wconf 89' lang='lat'><strong>:</strong></span> 
     </span>
    </p>
   </div>
   <div class='ocr_carea' id='block_1_79' title="bbox 306 4528 619 4595">
    <p class='ocr_par' dir='ltr' id='par_1_79' title="bbox 306 4528 619 4595">
     <span class='ocr_line' id='line_1_79' title="bbox 306 4528 619 4595; baseline 0 -8"><span class='ocrx_word' id='word_1_590' title='bbox 306 4528 462 4587; x_wconf 82' lang='grc' dir='ltr'>Ἰωνᾶ</span> <span class='ocrx_word' id='word_1_591' title='bbox 492 4528 619 4595; x_wconf 78' lang='grc' dir='ltr'>ὧδε,</span> 
     </span>
    </p>
   </div>
   <div class='ocr_carea' id='block_1_80' title="bbox 395 4622 1961 4707">
    <p class='ocr_par' dir='ltr' id='par_1_80' title="bbox 395 4622 1961 4707">
     <span class='ocr_line' id='line_1_80' title="bbox 395 4622 1961 4707; baseline 0.005 -30"><span class='ocrx_word' id='word_1_592' title='bbox 395 4646 424 4677; x_wconf 75' lang='grc' dir='ltr'><strong>σ</strong></span> <span class='ocrx_word' id='word_1_593' title='bbox 474 4622 764 4680; x_wconf 85' lang='grc' dir='ltr'>Βασίλισσα</span> <span class='ocrx_word' id='word_1_594' title='bbox 809 4625 977 4683; x_wconf 77' lang='grc' dir='ltr'>Νότου</span> <span class='ocrx_word' id='word_1_595' title='bbox 1032 4626 1373 4706; x_wconf 70' lang='grc' dir='ltr'>ἐγερθήσεται</span> <span class='ocrx_word' id='word_1_596' title='bbox 1421 4626 1474 4683; x_wconf 81' lang='grc' dir='ltr'><strong>έν</strong></span> <span class='ocrx_word' id='word_1_597' title='bbox 1530 4632 1600 4704; x_wconf 76' lang='grc' dir='ltr'><strong>τῇ</strong></span> <span class='ocrx_word' id='word_1_598' title='bbox 1627 4627 1794 4707; x_wconf 88' lang='grc' dir='ltr'>κρίσει</span> <span class='ocrx_word' id='word_1_599' title='bbox 1825 4628 1961 4704; x_wconf 83' lang='grc' dir='ltr'>μετὰ</span> 
     </span>
    </p>
   </div>
   <div class='ocr_carea' id='block_1_81' title="bbox 304 4714 1959 4796">
    <p class='ocr_par' dir='ltr' id='par_1_81' title="bbox 304 4714 1959 4796">
     <span class='ocr_line' id='line_1_81' title="bbox 304 4714 1959 4796; baseline 0.004 -29"><span class='ocrx_word' id='word_1_600' title='bbox 304 4718 405 4778; x_wconf 75' lang='grc' dir='ltr'>τῆς</span> <span class='ocrx_word' id='word_1_601' title='bbox 464 4718 650 4789; x_wconf 79' lang='grc' dir='ltr'>γενεᾶς</span> <span class='ocrx_word' id='word_1_602' title='bbox 703 4714 924 4784; x_wconf 83' lang='grc' dir='ltr'>ταύτης,</span> <span class='ocrx_word' id='word_1_603' title='bbox 986 4716 1074 4772; x_wconf 85' lang='grc' dir='ltr'><strong>καὶ</strong></span> <span class='ocrx_word' id='word_1_604' title='bbox 1126 4729 1437 4796; x_wconf 76' lang='grc' dir='ltr'>κατακρινεῖ</span> <span class='ocrx_word' id='word_1_605' title='bbox 1465 4717 1649 4792; x_wconf 76' lang='grc' dir='ltr'>αὐτὴν,</span> <span class='ocrx_word' id='word_1_606' title='bbox 1685 4716 1768 4773; x_wconf 80' lang='grc' dir='ltr'><strong>ὅτι</strong></span> <span class='ocrx_word' id='word_1_607' title='bbox 1800 4716 1959 4785; x_wconf 77' lang='grc' dir='ltr'>ἦλθεν</span> 
     </span>
    </p>
   </div>
   <div class='ocr_carea' id='block_1_82' title="bbox 302 4801 1962 4885">
    <p class='ocr_par' dir='ltr' id='par_1_82' title="bbox 302 4801 1962 4885">
     <span class='ocr_line' id='line_1_82' title="bbox 302 4801 1962 4885; baseline 0.004 -28"><span class='ocrx_word' id='word_1_608' title='bbox 302 4801 368 4858; x_wconf 70' lang='grc' dir='ltr'>ἐκ</span> <span class='ocrx_word' id='word_1_609' title='bbox 406 4809 516 4858; x_wconf 79' lang='grc' dir='ltr'><strong>τῶν</strong></span> <span class='ocrx_word' id='word_1_610' title='bbox 561 4802 802 4881; x_wconf 68' lang='grc' dir='ltr'>περάτων</span> <span class='ocrx_word' id='word_1_611' title='bbox 854 4809 955 4871; x_wconf 78' lang='grc' dir='ltr'>τῆς</span> <span class='ocrx_word' id='word_1_612' title='bbox 997 4809 1100 4883; x_wconf 76' lang='grc' dir='ltr'><strong>γῆς</strong></span> <span class='ocrx_word' id='word_1_613' title='bbox 1157 4805 1378 4863; x_wconf 80' lang='grc' dir='ltr'>ἀκοῦσαι</span> <span class='ocrx_word' id='word_1_614' title='bbox 1420 4805 1520 4874; x_wconf 71' lang='grc' dir='ltr'>τὴν</span> <span class='ocrx_word' id='word_1_615' title='bbox 1567 4806 1751 4885; x_wconf 76' lang='grc' dir='ltr'>σοφίαν</span> <span class='ocrx_word' id='word_1_616' title='bbox 1795 4805 1962 4864; x_wconf 79' lang='grc' dir='ltr'>Σολοο</span> 
     </span>
    </p>
   </div>
   <div class='ocr_carea' id='block_1_83' title="bbox 2047 3104 3685 3190">
    <p class='ocr_par' dir='ltr' id='par_1_83' title="bbox 2047 3104 3685 3190">
     <span class='ocr_line' id='line_1_83' title="bbox 2047 3104 3685 3190; baseline -0.003 -19"><span class='ocrx_word' id='word_1_617' title='bbox 2047 3111 2398 3183; x_wconf 90' lang='lat' dir='ltr'><strong>Parasceve,</strong></span> <span class='ocrx_word' id='word_1_618' title='bbox 2426 3127 2558 3190; x_wconf 58' lang='lat' dir='ltr'><strong>qua;</strong></span> <span class='ocrx_word' id='word_1_619' title='bbox 2584 3107 2713 3188; x_wconf 91' lang='lat' dir='ltr'><strong>ipsa</strong></span> <span class='ocrx_word' id='word_1_620' title='bbox 2743 3127 2860 3169; x_wconf 88' lang='lat' dir='ltr'><strong>una</strong></span> <span class='ocrx_word' id='word_1_621' title='bbox 2889 3108 3018 3169; x_wconf 83' lang='lat' dir='ltr'><strong>dies</strong></span> <span class='ocrx_word' id='word_1_622' title='bbox 3041 3116 3169 3171; x_wconf 90' lang='lat' dir='ltr'><strong>est:</strong></span> <span class='ocrx_word' id='word_1_623' title='bbox 3194 3116 3253 3167; x_wconf 88' lang='lat' dir='ltr'><strong>et</strong></span> <span class='ocrx_word' id='word_1_624' title='bbox 3282 3115 3549 3167; x_wconf 88' lang='lat' dir='ltr'><strong>mortuus</strong></span> <span class='ocrx_word' id='word_1_625' title='bbox 3576 3104 3685 3166; x_wconf 85' lang='lat' dir='ltr'><strong>fuit</strong></span> 
     </span>
    </p>
   </div>
   <div class='ocr_carea' id='block_1_84' title="bbox 2036 3192 3687 3267">
    <p class='ocr_par' dir='ltr' id='par_1_84' title="bbox 2036 3192 3687 3267">
     <span class='ocr_line' id='line_1_84' title="bbox 2036 3192 3687 3267; baseline -0.004 -7"><span class='ocrx_word' id='word_1_626' title='bbox 2036 3197 2319 3267; x_wconf 88' lang='lat' dir='ltr'><strong>Sabbato.</strong></span> <span class='ocrx_word' id='word_1_627' title='bbox 2355 3216 2496 3259; x_wconf 90' lang='lat' dir='ltr'><strong>ecce</strong></span> <span class='ocrx_word' id='word_1_628' title='bbox 2518 3205 2575 3258; x_wconf 91' lang='lat' dir='ltr'><strong>et</strong></span> <span class='ocrx_word' id='word_1_629' title='bbox 2604 3197 2719 3258; x_wconf 89' lang='lat' dir='ltr'><strong>alia</strong></span> <span class='ocrx_word' id='word_1_630' title='bbox 2740 3197 2919 3259; x_wconf 86' lang='lat' dir='ltr'><strong>dies:</strong></span> <span class='ocrx_word' id='word_1_631' title='bbox 2958 3216 3071 3258; x_wconf 84' lang='lat' dir='ltr'><strong>nox</strong></span> <span class='ocrx_word' id='word_1_632' title='bbox 3102 3206 3297 3258; x_wconf 82' lang='lat' dir='ltr'><strong>autem</strong></span> <span class='ocrx_word' id='word_1_633' title='bbox 3360 3192 3687 3257; x_wconf 62' lang='lat' dir='ltr'><strong>Dominica</strong></span> 
     </span>
    </p>
   </div>
   <div class='ocr_carea' id='block_1_85' title="bbox 2043 3282 3687 3368">
    <p class='ocr_par' dir='ltr' id='par_1_85' title="bbox 2043 3282 3687 3368">
     <span class='ocr_line' id='line_1_85' title="bbox 2043 3282 3687 3368; baseline -0.003 -20"><span class='ocrx_word' id='word_1_634' title='bbox 2043 3289 2233 3368; x_wconf 90' lang='lat' dir='ltr'><strong>ipsum</strong></span> <span class='ocrx_word' id='word_1_635' title='bbox 2266 3286 2461 3348; x_wconf 87' lang='lat' dir='ltr'><strong>adhuc</strong></span> <span class='ocrx_word' id='word_1_636' title='bbox 2494 3295 2791 3347; x_wconf 87' lang='lat' dir='ltr'><strong>mortuum</strong></span> <span class='ocrx_word' id='word_1_637' title='bbox 2844 3286 3264 3368; x_wconf 86' lang='lat' dir='ltr'><strong>apprehendit.</strong></span> <span class='ocrx_word' id='word_1_638' title='bbox 3316 3282 3462 3347; x_wconf 82' lang='lat' dir='ltr'><strong>Tres</strong></span> <span class='ocrx_word' id='word_1_639' title='bbox 3506 3283 3687 3361; x_wconf 83' lang='lat' dir='ltr'><strong>igitur</strong></span> 
     </span>
    </p>
   </div>
   <div class='ocr_carea' id='block_1_86' title="bbox 2043 3371 3688 3456">
    <p class='ocr_par' dir='ltr' id='par_1_86' title="bbox 2043 3371 3688 3456">
     <span class='ocr_line' id='line_1_86' title="bbox 2043 3371 3688 3456; baseline -0.003 -18"><span class='ocrx_word' id='word_1_640' title='bbox 2043 3376 2172 3438; x_wconf 91' lang='lat' dir='ltr'><strong>dies</strong></span> <span class='ocrx_word' id='word_1_641' title='bbox 2204 3384 2261 3438; x_wconf 87' lang='lat' dir='ltr'><strong>et</strong></span> <span class='ocrx_word' id='word_1_642' title='bbox 2288 3384 2491 3437; x_wconf 90' lang='lat' dir='ltr'><strong>noctes</strong></span> <span class='ocrx_word' id='word_1_643' title='bbox 2525 3394 2559 3436; x_wconf 90' lang='lat' dir='ltr'><strong>a</strong></span> <span class='ocrx_word' id='word_1_644' title='bbox 2586 3383 2751 3456; x_wconf 87' lang='lat' dir='ltr'><strong>parte</strong></span> <span class='ocrx_word' id='word_1_645' title='bbox 2783 3373 3338 3456; x_wconf 83' lang='lat' dir='ltr'><strong>numerantur,quia</strong></span> <span class='ocrx_word' id='word_1_646' title='bbox 3367 3380 3425 3434; x_wconf 90' lang='lat' dir='ltr'><strong>et</strong></span> <span class='ocrx_word' id='word_1_647' title='bbox 3454 3371 3541 3433; x_wconf 90' lang='lat' dir='ltr'><strong>sic</strong></span> <span class='ocrx_word' id='word_1_648' title='bbox 3571 3389 3688 3433; x_wconf 76' lang='lat' dir='ltr'><strong>sae-</strong></span> 
     </span>
    </p>
   </div>
   <div class='ocr_carea' id='block_1_87' title="bbox 2049 3466 2927 3548">
    <p class='ocr_par' dir='ltr' id='par_1_87' title="bbox 2049 3466 2927 3548">
     <span class='ocr_line' id='line_1_87' title="bbox 2049 3466 2927 3548; baseline 0.001 -21"><span class='ocrx_word' id='word_1_649' title='bbox 2049 3486 2119 3548; x_wconf 88' lang='lat' dir='ltr'><strong>pe</strong></span> <span class='ocrx_word' id='word_1_650' title='bbox 2151 3483 2467 3527; x_wconf 90' lang='lat' dir='ltr'><strong>numerare</strong></span> <span class='ocrx_word' id='word_1_651' title='bbox 2488 3466 2927 3529; x_wconf 83' lang='lat' dir='ltr'><strong>consuevimus.</strong></span> 
     </span>
    </p>
   </div>
   <div class='ocr_carea' id='block_1_88' title="bbox 2126 3552 3690 3636">
    <p class='ocr_par' dir='ltr' id='par_1_88' title="bbox 2126 3552 3690 3636">
     <span class='ocr_line' id='line_1_88' title="bbox 2126 3552 3690 3636; baseline -0.004 -19"><span class='ocrx_word' id='word_1_652' title='bbox 2126 3558 2310 3617; x_wconf 65' lang='lat' dir='ltr'><strong>Vrsas.</strong></span> <span class='ocrx_word' id='word_1_653' title='bbox 2345 3555 2619 3620; x_wconf 70' lang='lat' dir='ltr'><strong>41.¢Viri</strong></span> <span class='ocrx_word' id='word_1_654' title='bbox 2651 3554 2920 3619; x_wconf 66' lang='grc' dir='ltr'>Νἱιιὶνὶιω</span> <span class='ocrx_word' id='word_1_655' title='bbox 2944 3563 3187 3636; x_wconf 86' lang='lat' dir='ltr'><strong>surgent</strong></span> <span class='ocrx_word' id='word_1_656' title='bbox 3216 3556 3273 3615; x_wconf 93' lang='lat' dir='ltr'><strong>in</strong></span> <span class='ocrx_word' id='word_1_657' title='bbox 3300 3552 3531 3633; x_wconf 85' lang='lat' dir='ltr'><strong>judicio</strong></span> <span class='ocrx_word' id='word_1_658' title='bbox 3555 3568 3690 3611; x_wconf 88' lang='lat' dir='ltr'><strong>cum</strong></span> 
     </span>
    </p>
   </div>
   <div class='ocr_carea' id='block_1_89' title="bbox 2045 3638 3692 3725">
    <p class='ocr_par' dir='ltr' id='par_1_89' title="bbox 2045 3638 3692 3725">
     <span class='ocr_line' id='line_1_89' title="bbox 2045 3638 3692 3725; baseline -0.005 -18"><span class='ocrx_word' id='word_1_659' title='bbox 2045 3644 2432 3725; x_wconf 84' lang='lat' dir='ltr'><strong>generatione</strong></span> <span class='ocrx_word' id='word_1_660' title='bbox 2462 3644 2597 3719; x_wconf 85' lang='lat' dir='ltr'><strong>hac,</strong></span> <span class='ocrx_word' id='word_1_661' title='bbox 2632 3652 2691 3706; x_wconf 90' lang='lat' dir='ltr'><strong>et</strong></span> <span class='ocrx_word' id='word_1_662' title='bbox 2714 3645 3201 3707; x_wconf 87' lang='lat' dir='ltr'><strong>condemnabunt</strong></span> <span class='ocrx_word' id='word_1_663' title='bbox 3230 3640 3553 3722; x_wconf 89' lang='lat' dir='ltr'><strong>eam,quod</strong></span> <span class='ocrx_word' id='word_1_664' title='bbox 3579 3638 3692 3719; x_wconf 91' lang='lat' dir='ltr'><strong>ipsi</strong></span> 
     </span>
    </p>
   </div>
   <div class='ocr_carea' id='block_1_90' title="bbox 2046 3733 3695 3816">
    <p class='ocr_par' dir='ltr' id='par_1_90' title="bbox 2046 3733 3695 3816">
     <span class='ocr_line' id='line_1_90' title="bbox 2046 3733 3695 3816; baseline -0.004 -19"><span class='ocrx_word' id='word_1_665' title='bbox 2046 3736 2450 3816; x_wconf 71' lang='lat' dir='ltr'><strong>paenitentiam</strong></span> <span class='ocrx_word' id='word_1_666' title='bbox 2484 3738 2713 3814; x_wconf 87' lang='lat' dir='ltr'><strong>egerint</strong></span> <span class='ocrx_word' id='word_1_667' title='bbox 2742 3735 2815 3797; x_wconf 88' lang='lat' dir='ltr'><strong>ad</strong></span> <span class='ocrx_word' id='word_1_668' title='bbox 2852 3734 3330 3816; x_wconf 70' lang='lat' dir='ltr'><strong>praedicationem</strong></span> <span class='ocrx_word' id='word_1_669' title='bbox 3385 3733 3550 3794; x_wconf 71' lang='lat' dir='ltr'><strong>Jonaa</strong></span> <span class='ocrx_word' id='word_1_670' title='bbox 3584 3749 3597 3791; x_wconf 89' lang='lat'><strong>:</strong></span> <span class='ocrx_word' id='word_1_671' title='bbox 3634 3734 3695 3791; x_wconf 86' lang='lat' dir='ltr'><strong>et</strong></span> 
     </span>
    </p>
   </div>
   <div class='ocr_carea' id='block_1_91' title="bbox 2041 3818 3692 3905">
    <p class='ocr_par' dir='ltr' id='par_1_91' title="bbox 2041 3818 3692 3905">
     <span class='ocr_line' id='line_1_91' title="bbox 2041 3818 3692 3905; baseline -0.005 -18"><span class='ocrx_word' id='word_1_672' title='bbox 2041 3844 2183 3888; x_wconf 89' lang='lat' dir='ltr'><strong>ecce</strong></span> <span class='ocrx_word' id='word_1_673' title='bbox 2215 3824 2344 3904; x_wconf 76' lang='lat' dir='ltr'><strong>plus</strong></span> <span class='ocrx_word' id='word_1_674' title='bbox 2376 3843 2551 3905; x_wconf 90' lang='lat' dir='ltr'><strong>quam</strong></span> <span class='ocrx_word' id='word_1_675' title='bbox 2572 3823 2752 3887; x_wconf 83' lang='lat' dir='ltr'><strong>Jonas</strong></span> <span class='ocrx_word' id='word_1_676' title='bbox 2780 3836 2869 3887; x_wconf 90' lang='lat' dir='ltr'><strong>est</strong></span> <span class='ocrx_word' id='word_1_677' title='bbox 2898 3826 3010 3886; x_wconf 87' lang='lat' dir='ltr'><strong>hoc</strong></span> <span class='ocrx_word' id='word_1_678' title='bbox 3037 3818 3692 3901; x_wconf 71' lang='lat' dir='ltr'><strong>loco.nPostquam,in-</strong></span> 
     </span>
    </p>
   </div>
   <div class='ocr_carea' id='block_1_92' title="bbox 2040 3910 3691 3997">
    <p class='ocr_par' dir='ltr' id='par_1_92' title="bbox 2040 3910 3691 3997">
     <span class='ocr_line' id='line_1_92' title="bbox 2040 3910 3691 3997; baseline -0.003 -21"><span class='ocrx_word' id='word_1_679' title='bbox 2040 3912 2192 3997; x_wconf 90' lang='lat' dir='ltr'><strong>quit,</strong></span> <span class='ocrx_word' id='word_1_680' title='bbox 2221 3916 2402 3975; x_wconf 83' lang='lat' dir='ltr'><strong>Jonas</strong></span> <span class='ocrx_word' id='word_1_681' title='bbox 2421 3914 2561 3974; x_wconf 85' lang='lat' dir='ltr'><strong>exiit</strong></span> <span class='ocrx_word' id='word_1_682' title='bbox 2589 3933 2623 3975; x_wconf 94' lang='lat' dir='ltr'><strong>a</strong></span> <span class='ocrx_word' id='word_1_683' title='bbox 2655 3923 2809 3991; x_wconf 85' lang='lat' dir='ltr'><strong>ceto,</strong></span> <span class='ocrx_word' id='word_1_684' title='bbox 2836 3922 2893 3975; x_wconf 91' lang='lat' dir='ltr'><strong>et</strong></span> <span class='ocrx_word' id='word_1_685' title='bbox 2913 3910 3691 3994; x_wconf 66' lang='lat' dir='ltr'><strong>praedicavit,crediderunt:</strong></span> 
     </span>
    </p>
   </div>
   <div class='ocr_carea' id='block_1_93' title="bbox 2041 3998 3693 4082">
    <p class='ocr_par' dir='ltr' id='par_1_93' title="bbox 2041 3998 3693 4082">
     <span class='ocr_line' id='line_1_93' title="bbox 2041 3998 3693 4082; baseline -0.004 -15"><span class='ocrx_word' id='word_1_686' title='bbox 2041 4007 2100 4067; x_wconf 92' lang='lat' dir='ltr'><strong>in</strong></span> <span class='ocrx_word' id='word_1_687' title='bbox 2134 4021 2227 4065; x_wconf 90' lang='lat' dir='ltr'><strong>me</strong></span> <span class='ocrx_word' id='word_1_688' title='bbox 2256 4011 2475 4073; x_wconf 84' lang='lat' dir='ltr'><strong>autem,</strong></span> <span class='ocrx_word' id='word_1_689' title='bbox 2503 4003 2680 4064; x_wconf 89' lang='lat' dir='ltr'><strong>etiam</strong></span> <span class='ocrx_word' id='word_1_690' title='bbox 2712 4022 2846 4066; x_wconf 91' lang='lat' dir='ltr'><strong>cum</strong></span> <span class='ocrx_word' id='word_1_691' title='bbox 2880 4020 3220 4082; x_wconf 82' lang='lat' dir='ltr'><strong>surrexero,</strong></span> <span class='ocrx_word' id='word_1_692' title='bbox 3260 4019 3379 4061; x_wconf 91' lang='lat' dir='ltr'><strong>non</strong></span> <span class='ocrx_word' id='word_1_693' title='bbox 3411 3998 3693 4061; x_wconf 91' lang='lat' dir='ltr'><strong>credetis.</strong></span> 
     </span>
    </p>
   </div>
   <div class='ocr_carea' id='block_1_94' title="bbox 2039 4086 3697 4172">
    <p class='ocr_par' dir='ltr' id='par_1_94' title="bbox 2039 4086 3697 4172">
     <span class='ocr_line' id='line_1_94' title="bbox 2039 4086 3697 4172; baseline -0.005 -15"><span class='ocrx_word' id='word_1_694' title='bbox 2039 4093 2210 4157; x_wconf 90' lang='lat' dir='ltr'><strong>Unde</strong></span> <span class='ocrx_word' id='word_1_695' title='bbox 2240 4102 2295 4154; x_wconf 90' lang='lat' dir='ltr'><strong>el</strong></span> <span class='ocrx_word' id='word_1_696' title='bbox 2320 4092 2870 4155; x_wconf 90' lang='lat' dir='ltr'><strong>condemnabimini</strong></span> <span class='ocrx_word' id='word_1_697' title='bbox 2902 4113 2934 4154; x_wconf 89' lang='lat' dir='ltr'><strong>a</strong></span> <span class='ocrx_word' id='word_1_698' title='bbox 2959 4091 3257 4168; x_wconf 88' lang='lat' dir='ltr'><strong>Ninivitis,</strong></span> <span class='ocrx_word' id='word_1_699' title='bbox 3286 4091 3385 4172; x_wconf 92' lang='lat' dir='ltr'><strong>qui</strong></span> <span class='ocrx_word' id='word_1_700' title='bbox 3419 4086 3697 4150; x_wconf 88' lang='lat' dir='ltr'><strong>credide-</strong></span> 
     </span>
    </p>
   </div>
   <div class='ocr_carea' id='block_1_95' title="bbox 2040 4179 3697 4264">
    <p class='ocr_par' dir='ltr' id='par_1_95' title="bbox 2040 4179 3697 4264">
     <span class='ocr_line' id='line_1_95' title="bbox 2040 4179 3697 4264; baseline -0.005 -19"><span class='ocrx_word' id='word_1_701' title='bbox 2040 4192 2178 4245; x_wconf 89' lang='lat' dir='ltr'><strong>runt</strong></span> <span class='ocrx_word' id='word_1_702' title='bbox 2233 4200 2402 4244; x_wconf 89' lang='lat' dir='ltr'><strong>servo</strong></span> <span class='ocrx_word' id='word_1_703' title='bbox 2462 4201 2595 4244; x_wconf 90' lang='lat' dir='ltr'><strong>meo</strong></span> <span class='ocrx_word' id='word_1_704' title='bbox 2636 4183 2822 4246; x_wconf 77' lang='lat' dir='ltr'><strong>&#39;Jonae</strong></span> <span class='ocrx_word' id='word_1_705' title='bbox 2870 4183 3093 4264; x_wconf 89' lang='lat' dir='ltr'><strong>absque</strong></span> <span class='ocrx_word' id='word_1_706' title='bbox 3128 4179 3451 4252; x_wconf 85' lang='lat' dir='ltr'><strong>miraculis,</strong></span> <span class='ocrx_word' id='word_1_707' title='bbox 3484 4195 3697 4259; x_wconf 83' lang='lat' dir='ltr'><strong>quam-</strong></span> 
     </span>
    </p>
   </div>
   <div class='ocr_carea' id='block_1_96' title="bbox 2041 4267 3699 4345">
    <p class='ocr_par' dir='ltr' id='par_1_96' title="bbox 2041 4267 3699 4345">
     <span class='ocr_line' id='line_1_96' title="bbox 2041 4267 3699 4345; baseline -0.004 -13"><span class='ocrx_word' id='word_1_708' title='bbox 2041 4273 2128 4334; x_wconf 86' lang='lat' dir='ltr'><strong>vis</strong></span> <span class='ocrx_word' id='word_1_709' title='bbox 2186 4271 2432 4336; x_wconf 88' lang='lat' dir='ltr'><strong>Barbari</strong></span> <span class='ocrx_word' id='word_1_710' title='bbox 2488 4272 2708 4333; x_wconf 79' lang='lat' dir='ltr'><strong>iuerint</strong></span> <span class='ocrx_word' id='word_1_711' title='bbox 2771 4294 2784 4335; x_wconf 88' lang='lat'><strong>:</strong></span> <span class='ocrx_word' id='word_1_712' title='bbox 2847 4292 2950 4334; x_wconf 84' lang='lat' dir='ltr'><strong>vos</strong></span> <span class='ocrx_word' id='word_1_713' title='bbox 3009 4280 3204 4334; x_wconf 88' lang='lat' dir='ltr'><strong>autem</strong></span> <span class='ocrx_word' id='word_1_714' title='bbox 3273 4267 3495 4330; x_wconf 88' lang='lat' dir='ltr'><strong>assueti</strong></span> <span class='ocrx_word' id='word_1_715' title='bbox 3556 4284 3699 4345; x_wconf 90' lang='lat' dir='ltr'><strong>pro-</strong></span> 
     </span>
    </p>
   </div>
   <div class='ocr_carea' id='block_1_97' title="bbox 2044 4356 3699 4444">
    <p class='ocr_par' dir='ltr' id='par_1_97' title="bbox 2044 4356 3699 4444">
     <span class='ocr_line' id='line_1_97' title="bbox 2044 4356 3699 4444; baseline -0.006 -19"><span class='ocrx_word' id='word_1_716' title='bbox 2044 4362 2277 4444; x_wconf 88' lang='lat' dir='ltr'><strong>phetis,</strong></span> <span class='ocrx_word' id='word_1_717' title='bbox 2338 4361 2482 4422; x_wconf 75' lang='lat' dir='ltr'><strong>Visis</strong></span> <span class='ocrx_word' id='word_1_718' title='bbox 2538 4362 2763 4444; x_wconf 86' lang='lat' dir='ltr'><strong>signis,</strong></span> <span class='ocrx_word' id='word_1_719' title='bbox 2816 4382 2937 4423; x_wconf 92' lang='lat' dir='ltr'><strong>non</strong></span> <span class='ocrx_word' id='word_1_720' title='bbox 2980 4360 3225 4423; x_wconf 91' lang='lat' dir='ltr'><strong>creditis</strong></span> <span class='ocrx_word' id='word_1_721' title='bbox 3283 4357 3429 4419; x_wconf 90' lang='lat' dir='ltr'><strong>mihi</strong></span> <span class='ocrx_word' id='word_1_722' title='bbox 3488 4356 3699 4444; x_wconf 85' lang='lat' dir='ltr'><strong>Domi-</strong></span> 
     </span>
    </p>
   </div>
   <div class='ocr_carea' id='block_1_98' title="bbox 3103 4442 3701 4528">
    <p class='ocr_par' dir='ltr' id='par_1_98' title="bbox 3103 4442 3701 4528">
     <span class='ocr_line' id='line_1_98' title="bbox 3103 4442 3701 4528; baseline -0.012 -17"><span class='ocrx_word' id='word_1_723' title='bbox 3103 4450 3182 4511; x_wconf 85' lang='grc' dir='ltr'>Ει</span> <span class='ocrx_word' id='word_1_724' title='bbox 3213 4465 3342 4511; x_wconf 86' lang='lat' dir='ltr'><strong>ecce</strong></span> <span class='ocrx_word' id='word_1_725' title='bbox 3376 4447 3518 4528; x_wconf 78' lang='lat' dir='ltr'><strong>plus</strong></span> <span class='ocrx_word' id='word_1_726' title='bbox 3543 4442 3701 4507; x_wconf 77' lang='lat' dir='ltr'><strong>Iona</strong></span> 
     </span>
    </p>
   </div>
   <div class='ocr_carea' id='block_1_99' title="bbox 2042 4540 3705 4700">
    <p class='ocr_par' dir='ltr' id='par_1_99' title="bbox 2042 4540 3705 4700">
     <span class='ocr_line' id='line_1_99' title="bbox 2042 4540 3705 4700; baseline -0.005 -19"><span class='ocrx_word' id='word_1_727' title='bbox 2042 4540 2435 4684; x_wconf 27' lang='lat' dir='ltr'><strong>hci/63:642.</strong></span> <span class='ocrx_word' id='word_1_728' title='bbox 2474 4621 2741 4700; x_wconf 68' lang='lat' dir='ltr'><strong>cRegina</strong></span> <span class='ocrx_word' id='word_1_729' title='bbox 2775 4621 2977 4685; x_wconf 75' lang='lat' dir='ltr'><strong>Austri</strong></span> <span class='ocrx_word' id='word_1_730' title='bbox 3005 4618 3359 4682; x_wconf 84' lang='lat' dir='ltr'><strong>excitabitur</strong></span> <span class='ocrx_word' id='word_1_731' title='bbox 3386 4615 3448 4677; x_wconf 93' lang='lat' dir='ltr'><strong>in</strong></span> <span class='ocrx_word' id='word_1_732' title='bbox 3475 4612 3705 4694; x_wconf 79' lang='lat' dir='ltr'><strong>judicio</strong></span> 
     </span>
    </p>
   </div>
   <div class='ocr_carea' id='block_1_100' title="bbox 2046 4702 3710 4790">
    <p class='ocr_par' dir='ltr' id='par_1_100' title="bbox 2046 4702 3710 4790">
     <span class='ocr_line' id='line_1_100' title="bbox 2046 4702 3710 4790; baseline -0.007 -17"><span class='ocrx_word' id='word_1_733' title='bbox 2046 4730 2178 4773; x_wconf 91' lang='lat' dir='ltr'><strong>cum</strong></span> <span class='ocrx_word' id='word_1_734' title='bbox 2214 4709 2601 4790; x_wconf 82' lang='lat' dir='ltr'><strong>generatione</strong></span> <span class='ocrx_word' id='word_1_735' title='bbox 2632 4712 2763 4787; x_wconf 88' lang='lat' dir='ltr'><strong>hac,</strong></span> <span class='ocrx_word' id='word_1_736' title='bbox 2801 4719 2858 4772; x_wconf 91' lang='lat' dir='ltr'><strong>et</strong></span> <span class='ocrx_word' id='word_1_737' title='bbox 2891 4708 3316 4771; x_wconf 85' lang='lat' dir='ltr'><strong>condemnabit</strong></span> <span class='ocrx_word' id='word_1_738' title='bbox 3353 4724 3483 4767; x_wconf 90' lang='lat' dir='ltr'><strong>eam</strong></span> <span class='ocrx_word' id='word_1_739' title='bbox 3523 4702 3710 4790; x_wconf 40' lang='lat' dir='ltr'><strong>{quia</strong></span> 
     </span>
    </p>
   </div>
   <div class='ocr_carea' id='block_1_101' title="bbox 2053 4789 3705 4877">
    <p class='ocr_par' dir='ltr' id='par_1_101' title="bbox 2053 4789 3705 4877">
     <span class='ocr_line' id='line_1_101' title="bbox 2053 4789 3705 4877; baseline -0.004 -19"><span class='ocrx_word' id='word_1_740' title='bbox 2053 4789 2230 4862; x_wconf 87' lang='lat' dir='ltr'><strong>venit</strong></span> <span class='ocrx_word' id='word_1_741' title='bbox 2257 4818 2291 4862; x_wconf 91' lang='lat' dir='ltr'><strong>a</strong></span> <span class='ocrx_word' id='word_1_742' title='bbox 2322 4799 2544 4861; x_wconf 83' lang='lat' dir='ltr'><strong>ﬁnibus</strong></span> <span class='ocrx_word' id='word_1_743' title='bbox 2576 4810 2754 4862; x_wconf 79' lang='lat' dir='ltr'><strong>terrae</strong></span> <span class='ocrx_word' id='word_1_744' title='bbox 2783 4809 2847 4862; x_wconf 87' lang='lat' dir='ltr'><strong>ut</strong></span> <span class='ocrx_word' id='word_1_745' title='bbox 2876 4799 3110 4861; x_wconf 86' lang='lat' dir='ltr'><strong>audiret</strong></span> <span class='ocrx_word' id='word_1_746' title='bbox 3142 4794 3491 4877; x_wconf 88' lang='lat' dir='ltr'><strong>sapientiam</strong></span> <span class='ocrx_word' id='word_1_747' title='bbox 3532 4789 3705 4853; x_wconf 86' lang='lat' dir='ltr'><strong>Salo-</strong></span> 
     </span>
    </p>
   </div>
   <div class='ocr_carea' id='block_1_102' title="bbox 300 4882 1956 4971">
    <p class='ocr_par' dir='ltr' id='par_1_102' title="bbox 300 4882 1956 4971">
     <span class='ocr_line' id='line_1_102' title="bbox 300 4882 1956 4971; baseline 0.002 -24"><span class='ocrx_word' id='word_1_748' title='bbox 300 4894 513 4965; x_wconf 68' lang='grc' dir='ltr'>μῶδτος</span> <span class='ocrx_word' id='word_1_749' title='bbox 549 4908 564 4922; x_wconf 79' lang='grc'><strong><em>⁸</em></strong></span> <span class='ocrx_word' id='word_1_750' title='bbox 611 4894 701 4949; x_wconf 84' lang='grc' dir='ltr'><strong>καὶ</strong></span> <span class='ocrx_word' id='word_1_751' title='bbox 757 4890 867 4950; x_wconf 77' lang='grc' dir='ltr'>ἰδοὺ</span> <span class='ocrx_word' id='word_1_752' title='bbox 912 4882 1101 4951; x_wconf 60' lang='grc' dir='ltr'>πλεῖον</span> <span class='ocrx_word' id='word_1_753' title='bbox 1142 4892 1492 4970; x_wconf 83' lang='grc' dir='ltr'>Σολομῶντος</span> <span class='ocrx_word' id='word_1_754' title='bbox 1524 4882 1656 4957; x_wconf 31' lang='grc' dir='ltr'>ὦδε.-</span> <span class='ocrx_word' id='word_1_755' title='bbox 1704 4916 1729 4954; x_wconf 70' lang='grc' dir='ltr'><strong>ο</strong></span> <span class='ocrx_word' id='word_1_756' title='bbox 1770 4886 1833 4953; x_wconf 66' lang='grc' dir='ltr'><em>Ἠ</em></span> <span class='ocrx_word' id='word_1_757' title='bbox 1866 4896 1956 4971; x_wconf 73' lang='grc' dir='ltr'>μὲν</span> 
     </span>
    </p>
   </div>
   <div class='ocr_carea' id='block_1_103' title="bbox 2044 4882 3707 4971">
    <p class='ocr_par' dir='ltr' id='par_1_103' title="bbox 2048 4882 3707 4971">
     <span class='ocr_line' id='line_1_103' title="bbox 2048 4882 3707 4971; baseline -0.005 -20"><span class='ocrx_word' id='word_1_758' title='bbox 2048 4891 2264 4963; x_wconf 88' lang='lat' dir='ltr'><strong>monis;</strong></span> <span class='ocrx_word' id='word_1_759' title='bbox 2293 4897 2350 4950; x_wconf 91' lang='lat' dir='ltr'><strong>et</strong></span> <span class='ocrx_word' id='word_1_760' title='bbox 2373 4906 2517 4951; x_wconf 91' lang='lat' dir='ltr'><strong>ecce</strong></span> <span class='ocrx_word' id='word_1_761' title='bbox 2537 4891 2670 4970; x_wconf 89' lang='lat' dir='ltr'><strong>plus</strong></span> <span class='ocrx_word' id='word_1_762' title='bbox 2701 4908 2881 4970; x_wconf 83' lang='lat' dir='ltr'><strong>quam</strong></span> <span class='ocrx_word' id='word_1_763' title='bbox 2916 4889 3197 4951; x_wconf 73' lang='lat' dir='ltr'><strong>Salomon</strong></span> <span class='ocrx_word' id='word_1_764' title='bbox 3231 4886 3340 4946; x_wconf 88' lang='lat' dir='ltr'><strong>hoc</strong></span> <span class='ocrx_word' id='word_1_765' title='bbox 3369 4884 3560 4945; x_wconf 81' lang='lat' dir='ltr'><strong>loco.»</strong></span> <span class='ocrx_word' id='word_1_766' title='bbox 3580 4882 3707 4971; x_wconf 80' lang='lat' dir='ltr'><strong>Be-</strong></span> 
     </span>
    </p>
   </div>
   <div class='ocr_carea' id='block_1_104' title="bbox 301 4970 1956 5063">
    <p class='ocr_par' dir='ltr' id='par_1_104' title="bbox 301 4970 1956 5063">
     <span class='ocr_line' id='line_1_104' title="bbox 301 4970 1956 5063; baseline 0.001 -25"><span class='ocrx_word' id='word_1_767' title='bbox 301 4979 614 5061; x_wconf 77' lang='grc' dir='ltr'>βασίλισσα,</span> <span class='ocrx_word' id='word_1_768' title='bbox 677 4982 840 5063; x_wconf 70' lang='grc' dir='ltr'>φησί,</span> <span class='ocrx_word' id='word_1_769' title='bbox 901 4984 1160 5063; x_wconf 84' lang='grc' dir='ltr'>μακρόθεν</span> <span class='ocrx_word' id='word_1_770' title='bbox 1210 4981 1360 5057; x_wconf 81' lang='grc' dir='ltr'>ἦλθε,</span> <span class='ocrx_word' id='word_1_771' title='bbox 1412 4986 1585 5041; x_wconf 84' lang='grc' dir='ltr'>καίτοι</span> <span class='ocrx_word' id='word_1_772' title='bbox 1628 4985 1760 5062; x_wconf 75' lang='grc' dir='ltr'>γυνὴ</span> <span class='ocrx_word' id='word_1_773' title='bbox 1802 4970 1956 5041; x_wconf 82' lang='grc' dir='ltr'>ἀσθε-</span> 
     </span>
    </p>
   </div>
   <div class='ocr_carea' id='block_1_105' title="bbox 2044 4970 3713 5063">
    <p class='ocr_par' dir='ltr' id='par_1_105' title="bbox 2048 4970 3713 5063">
     <span class='ocr_line' id='line_1_105' title="bbox 2048 4970 3713 5063; baseline -0.007 -22"><span class='ocrx_word' id='word_1_774' title='bbox 2048 4981 2205 5061; x_wconf 87' lang='lat' dir='ltr'><strong>gina,</strong></span> <span class='ocrx_word' id='word_1_775' title='bbox 2243 4979 2459 5061; x_wconf 89' lang='lat' dir='ltr'><strong>inquit,</strong></span> <span class='ocrx_word' id='word_1_776' title='bbox 2492 4998 2525 5041; x_wconf 89' lang='lat' dir='ltr'><strong>a</strong></span> <span class='ocrx_word' id='word_1_777' title='bbox 2559 4979 2733 5059; x_wconf 85' lang='lat' dir='ltr'><strong>longe</strong></span> <span class='ocrx_word' id='word_1_778' title='bbox 2780 4979 2961 5052; x_wconf 85' lang='lat' dir='ltr'><strong>venit,</strong></span> <span class='ocrx_word' id='word_1_779' title='bbox 3000 4976 3269 5059; x_wconf 88' lang='lat' dir='ltr'><strong>quamvis</strong></span> <span class='ocrx_word' id='word_1_780' title='bbox 3312 4977 3475 5036; x_wconf 87' lang='lat' dir='ltr'><strong>esset</strong></span> <span class='ocrx_word' id='word_1_781' title='bbox 3495 4970 3713 5063; x_wconf 75' lang='lat' dir='ltr'><strong>mulier</strong></span> 
     </span>
    </p>
   </div>
   <div class='ocr_carea' id='block_1_106' title="bbox 302 5060 1956 5155">
    <p class='ocr_par' dir='ltr' id='par_1_106' title="bbox 302 5060 1956 5155">
     <span class='ocr_line' id='line_1_106' title="bbox 302 5060 1956 5155; baseline 0.002 -28"><span class='ocrx_word' id='word_1_782' title='bbox 302 5073 400 5137; x_wconf 72' lang='grc' dir='ltr'>νὴς</span> <span class='ocrx_word' id='word_1_783' title='bbox 447 5060 605 5143; x_wconf 74' lang='grc' dir='ltr'>οὖσα,</span> <span class='ocrx_word' id='word_1_784' title='bbox 651 5060 743 5128; x_wconf 74' lang='grc' dir='ltr'><strong>ἵνα</strong></span> <span class='ocrx_word' id='word_1_785' title='bbox 802 5074 922 5155; x_wconf 68' lang='grc' dir='ltr'>περὶ</span> <span class='ocrx_word' id='word_1_786' title='bbox 964 5060 1186 5151; x_wconf 72' lang='grc' dir='ltr'>δένδρων</span> <span class='ocrx_word' id='word_1_787' title='bbox 1250 5074 1338 5130; x_wconf 82' lang='grc' dir='ltr'><strong>καὶ</strong></span> <span class='ocrx_word' id='word_1_788' title='bbox 1382 5070 1546 5138; x_wconf 78' lang='grc' dir='ltr'>ξύλων</span> <span class='ocrx_word' id='word_1_789' title='bbox 1587 5060 1678 5130; x_wconf 80' lang='grc' dir='ltr'><strong>καὶ</strong></span> <span class='ocrx_word' id='word_1_790' title='bbox 1732 5076 1956 5155; x_wconf 67' lang='grc' dir='ltr'>φυσικῶν</span> 
     </span>
    </p>
   </div>
   <div class='ocr_carea' id='block_1_107' title="bbox 2044 5060 3714 5155">
    <p class='ocr_par' dir='ltr' id='par_1_107' title="bbox 2051 5060 3714 5155">
     <span class='ocr_line' id='line_1_107' title="bbox 2051 5060 3714 5155; baseline -0.006 -22"><span class='ocrx_word' id='word_1_791' title='bbox 2051 5060 2311 5143; x_wconf 84' lang='lat' dir='ltr'><strong>inﬁrma,</strong></span> <span class='ocrx_word' id='word_1_792' title='bbox 2368 5078 2434 5132; x_wconf 89' lang='lat' dir='ltr'><strong>ut</strong></span> <span class='ocrx_word' id='word_1_793' title='bbox 2485 5069 2562 5131; x_wconf 91' lang='lat' dir='ltr'><strong>de</strong></span> <span class='ocrx_word' id='word_1_794' title='bbox 2607 5069 2924 5132; x_wconf 81' lang='lat' dir='ltr'><strong>arboribus</strong></span> <span class='ocrx_word' id='word_1_795' title='bbox 2957 5076 3016 5130; x_wconf 92' lang='lat' dir='ltr'><strong>et</strong></span> <span class='ocrx_word' id='word_1_796' title='bbox 3048 5068 3224 5146; x_wconf 87' lang='lat' dir='ltr'><strong>lignis</strong></span> <span class='ocrx_word' id='word_1_797' title='bbox 3259 5072 3316 5126; x_wconf 88' lang='lat' dir='ltr'><strong>et</strong></span> <span class='ocrx_word' id='word_1_798' title='bbox 3343 5060 3714 5155; x_wconf 79' lang='lat' dir='ltr'><strong>naturalibus</strong></span> 
     </span>
    </p>
   </div>
   <div class='ocr_carea' id='block_1_108' title="bbox 303 5152 1965 5240">
    <p class='ocr_par' dir='ltr' id='par_1_108' title="bbox 303 5152 1965 5240">
     <span class='ocr_line' id='line_1_108' title="bbox 303 5152 1965 5240; baseline 0.001 -25"><span class='ocrx_word' id='word_1_799' title='bbox 303 5182 470 5217; x_wconf 85' lang='grc' dir='ltr'>τινων</span> <span class='ocrx_word' id='word_1_800' title='bbox 807 5152 993 5236; x_wconf 77' lang='grc' dir='ltr'>’Υμετς</span> <span class='ocrx_word' id='word_1_801' title='bbox 1046 5158 1124 5240; x_wconf 76' lang='grc' dir='ltr'>δὲ,</span> <span class='ocrx_word' id='word_1_802' title='bbox 1168 5162 1258 5217; x_wconf 84' lang='grc' dir='ltr'><strong>γαὶ</strong></span> <span class='ocrx_word' id='word_1_803' title='bbox 1300 5159 1520 5218; x_wconf 73' lang='grc' dir='ltr'>ἐλθόντα</span> <span class='ocrx_word' id='word_1_804' title='bbox 1548 5183 1617 5237; x_wconf 88' lang='grc' dir='ltr'><strong>με</strong></span> <span class='ocrx_word' id='word_1_805' title='bbox 1645 5152 1777 5240; x_wconf 78' lang='grc' dir='ltr'>πρὸς</span> <span class='ocrx_word' id='word_1_806' title='bbox 1804 5162 1965 5237; x_wconf 79' lang='grc' dir='ltr'>ὑμᾶς,</span> 
     </span>
    </p>
   </div>
   <div class='ocr_carea' id='block_1_109' title="bbox 304 5248 1396 5329">
    <p class='ocr_par' dir='ltr' id='par_1_109' title="bbox 304 5248 1396 5329">
     <span class='ocr_line' id='line_1_109' title="bbox 304 5248 1396 5329; baseline 0 -23"><span class='ocrx_word' id='word_1_807' title='bbox 304 5252 395 5307; x_wconf 74' lang='grc' dir='ltr'><strong>καὶ</strong></span> <span class='ocrx_word' id='word_1_808' title='bbox 424 5248 703 5329; x_wconf 73' lang='grc' dir='ltr'>ἀπόῤῥητα</span> <span class='ocrx_word' id='word_1_809' title='bbox 733 5249 981 5329; x_wconf 81' lang='grc' dir='ltr'>λέγοντα,</span> <span class='ocrx_word' id='word_1_810' title='bbox 1015 5251 1109 5307; x_wconf 76' lang='grc' dir='ltr'>οὐκ</span> <span class='ocrx_word' id='word_1_811' title='bbox 1134 5248 1396 5315; x_wconf 68' lang='grc' dir='ltr'>ὶδέξασθε,</span> 
     </span>
    </p>
   </div>
   <div class='ocr_carea' id='block_1_110' title="bbox 391 5331 1976 5417">
    <p class='ocr_par' dir='ltr' id='par_1_110' title="bbox 391 5331 1976 5417">
     <span class='ocr_line' id='line_1_110' title="bbox 391 5331 1976 5417; baseline -0.003 -16"><span class='ocrx_word' id='word_1_812' title='bbox 391 5360 424 5401; x_wconf 85' lang='grc'><strong>(</strong></span> <span class='ocrx_word' id='word_1_813' title='bbox 470 5331 646 5399; x_wconf 65' lang='grc' dir='ltr'><strong>ιὀταν</strong></span> <span class='ocrx_word' id='word_1_814' title='bbox 694 5338 749 5397; x_wconf 69' lang='grc' dir='ltr'>δὲ</span> <span class='ocrx_word' id='word_1_815' title='bbox 792 5342 854 5397; x_wconf 83' lang='grc' dir='ltr'><strong>τὸ</strong></span> <span class='ocrx_word' id='word_1_816' title='bbox 885 5336 1177 5417; x_wconf 71' lang='grc' dir='ltr'>ἀκάθαρτον</span> <span class='ocrx_word' id='word_1_817' title='bbox 1231 5345 1438 5415; x_wconf 79' lang='grc' dir='ltr'>πνεῦμα</span> <span class='ocrx_word' id='word_1_818' title='bbox 1493 5338 1678 5416; x_wconf 67' lang='grc' dir='ltr'>ἐξέλθῃ</span> <span class='ocrx_word' id='word_1_819' title='bbox 1732 5338 1839 5397; x_wconf 78' lang='grc' dir='ltr'><strong>ἀπὸ</strong></span> <span class='ocrx_word' id='word_1_820' title='bbox 1883 5348 1976 5398; x_wconf 72' lang='grc' dir='ltr'>τοῦ</span> 
     </span>
    </p>
   </div>
   <div class='ocr_carea' id='block_1_111' title="bbox 2054 5151 3715 5242">
    <p class='ocr_par' dir='ltr' id='par_1_111' title="bbox 2054 5151 3715 5242">
     <span class='ocr_line' id='line_1_111' title="bbox 2054 5151 3715 5242; baseline -0.007 -20"><span class='ocrx_word' id='word_1_821' title='bbox 2054 5158 2405 5242; x_wconf 90' lang='lat' dir='ltr'><strong>quibusdam</strong></span> <span class='ocrx_word' id='word_1_822' title='bbox 2429 5159 2698 5221; x_wconf 88' lang='lat' dir='ltr'><strong>audiret:</strong></span> <span class='ocrx_word' id='word_1_823' title='bbox 2725 5178 2827 5221; x_wconf 86' lang='lat' dir='ltr'><strong>vos</strong></span> <span class='ocrx_word' id='word_1_824' title='bbox 2850 5166 3045 5220; x_wconf 89' lang='lat' dir='ltr'><strong>autem</strong></span> <span class='ocrx_word' id='word_1_825' title='bbox 3080 5176 3198 5231; x_wconf 89' lang='lat' dir='ltr'><strong>me,</strong></span> <span class='ocrx_word' id='word_1_826' title='bbox 3222 5155 3317 5216; x_wconf 72' lang='lat'>65</span> <span class='ocrx_word' id='word_1_827' title='bbox 3339 5172 3473 5215; x_wconf 87' lang='lat' dir='ltr'><strong>cum</strong></span> <span class='ocrx_word' id='word_1_828' title='bbox 3505 5151 3578 5213; x_wconf 87' lang='lat' dir='ltr'><strong>ad</strong></span> <span class='ocrx_word' id='word_1_829' title='bbox 3610 5166 3715 5213; x_wconf 81' lang='lat' dir='ltr'><strong>vos</strong></span> 
     </span>
    </p>
   </div>
   <div class='ocr_carea' id='block_1_112' title="bbox 2057 5243 3526 5329">
    <p class='ocr_par' dir='ltr' id='par_1_112' title="bbox 2057 5243 3526 5329">
     <span class='ocr_line' id='line_1_112' title="bbox 2057 5243 3526 5329; baseline -0.004 -20"><span class='ocrx_word' id='word_1_830' title='bbox 2057 5251 2323 5312; x_wconf 86' lang='lat' dir='ltr'><strong>venerim</strong></span> <span class='ocrx_word' id='word_1_831' title='bbox 2357 5257 2417 5311; x_wconf 91' lang='lat' dir='ltr'><strong>et</strong></span> <span class='ocrx_word' id='word_1_832' title='bbox 2444 5267 2661 5313; x_wconf 87' lang='lat' dir='ltr'><strong>arcana</strong></span> <span class='ocrx_word' id='word_1_833' title='bbox 2690 5249 2972 5329; x_wconf 87' lang='lat' dir='ltr'><strong>dixerim,</strong></span> <span class='ocrx_word' id='word_1_834' title='bbox 3006 5266 3126 5309; x_wconf 92' lang='lat' dir='ltr'><strong>non</strong></span> <span class='ocrx_word' id='word_1_835' title='bbox 3160 5243 3526 5326; x_wconf 85' lang='lat' dir='ltr'><strong>suscepistis.</strong></span> 
     </span>
    </p>
   </div>
   <div class='ocr_carea' id='block_1_113' title="bbox 2140 5330 3719 5413">
    <p class='ocr_par' dir='ltr' id='par_1_113' title="bbox 2140 5330 3719 5413">
     <span class='ocr_line' id='line_1_113' title="bbox 2140 5330 3719 5413; baseline -0.003 -14"><span class='ocrx_word' id='word_1_836' title='bbox 2140 5340 2319 5402; x_wconf 72' lang='lat' dir='ltr'><strong>Vens.</strong></span> <span class='ocrx_word' id='word_1_837' title='bbox 2354 5338 2573 5403; x_wconf 80' lang='grc'><strong>43-45.</strong></span> <span class='ocrx_word' id='word_1_838' title='bbox 2615 5365 2640 5395; x_wconf 79' lang='grc' dir='ltr'>α</span> <span class='ocrx_word' id='word_1_839' title='bbox 2677 5339 2826 5402; x_wconf 88' lang='lat' dir='ltr'><strong>Cum</strong></span> <span class='ocrx_word' id='word_1_840' title='bbox 2870 5348 3064 5401; x_wconf 86' lang='lat' dir='ltr'><strong>autem</strong></span> <span class='ocrx_word' id='word_1_841' title='bbox 3102 5334 3450 5397; x_wconf 89' lang='lat' dir='ltr'><strong>immundus</strong></span> <span class='ocrx_word' id='word_1_842' title='bbox 3480 5330 3719 5413; x_wconf 85' lang='lat' dir='ltr'><strong>spiritus</strong></span> 
     </span>
    </p>
   </div>
   <div class='ocr_carea' id='block_1_114' title="bbox 1399 5484 2642 5557">
    <p class='ocr_par' dir='ltr' id='par_1_114' title="bbox 1399 5484 2642 5557">
     <span class='ocr_line' id='line_1_114' title="bbox 1399 5484 2642 5557; baseline 0.002 -10"><span class='ocrx_word' id='word_1_843' title='bbox 1399 5485 1487 5553; x_wconf 82' lang='lat' dir='ltr'><strong>Ex</strong></span> <span class='ocrx_word' id='word_1_844' title='bbox 1520 5484 1838 5549; x_wconf 85' lang='lat' dir='ltr'><strong>collatione</strong></span> <span class='ocrx_word' id='word_1_845' title='bbox 1867 5485 2039 5557; x_wconf 87' lang='lat' dir='ltr'><strong>codd.</strong></span> <span class='ocrx_word' id='word_1_846' title='bbox 2080 5488 2296 5552; x_wconf 87' lang='lat' dir='ltr'><strong>Venet.</strong></span> <span class='ocrx_word' id='word_1_847' title='bbox 2334 5487 2397 5551; x_wconf 91' lang='lat' dir='ltr'><strong>S.</strong></span> <span class='ocrx_word' id='word_1_848' title='bbox 2432 5488 2642 5552; x_wconf 79' lang='lat' dir='ltr'><strong>Marci.</strong></span> 
     </span>
    </p>
   </div>
   <div class='ocr_carea' id='block_1_115' title="bbox 313 5630 1773 5728">
    <p class='ocr_par' dir='ltr' id='par_1_115' title="bbox 313 5630 1773 5728">
     <span class='ocr_line' id='line_1_115' title="bbox 313 5630 1773 5728; baseline 0 0"><span class='ocrx_word' id='word_1_849' title='bbox 746 5636 807 5702; x_wconf 71' lang='grc' dir='ltr'><strong>εί</strong></span> <span class='ocrx_word' id='word_1_850' title='bbox 829 5634 973 5728; x_wconf 58' lang='lat'><strong>4?.“</strong></span> <span class='ocrx_word' id='word_1_851' title='bbox 1005 5630 1773 5728; x_wconf 57' lang='lat' dir='ltr'><strong>‘32&quot;“2‘.€?d‘ﬁ09‘i03“m</strong></span> 
     </span>
    </p>
   </div>
   <div class='ocr_carea' id='block_1_116' title="bbox 1921 5622 3724 5723">
    <p class='ocr_par' dir='ltr' id='par_1_116' title="bbox 1921 5622 3724 5723">
     <span class='ocr_line' id='line_1_116' title="bbox 1921 5622 3724 5723; baseline -0.011 -19"><span class='ocrx_word' id='word_1_852' title='bbox 1921 5635 1966 5723; x_wconf 57' lang='grc' dir='ltr'><strong>ἦ,</strong></span> <span class='ocrx_word' id='word_1_853' title='bbox 2054 5645 2182 5723; x_wconf 82' lang='lat' dir='ltr'><strong>(_um</strong></span> <span class='ocrx_word' id='word_1_854' title='bbox 2214 5645 2489 5702; x_wconf 78' lang='lat' dir='ltr'><strong>sanctum</strong></span> <span class='ocrx_word' id='word_1_855' title='bbox 2524 5639 2819 5723; x_wconf 54' lang='lat' dir='ltr'><strong>Dehquo</strong></span> <span class='ocrx_word' id='word_1_856' title='bbox 2868 5638 3009 5722; x_wconf 89' lang='lat' dir='ltr'><strong>quid</strong></span> <span class='ocrx_word' id='word_1_857' title='bbox 3060 5637 3232 5719; x_wconf 88' lang='lat' dir='ltr'><strong>pejus</strong></span> <span class='ocrx_word' id='word_1_858' title='bbox 3290 5650 3423 5694; x_wconf 85' lang='lat' dir='ltr'><strong>esse</strong></span> <span class='ocrx_word' id='word_1_859' title='bbox 3467 5622 3724 5711; x_wconf 78' lang='lat' dir='ltr'><strong>potest?</strong></span> 
     </span>
    </p>
   </div>
   <div class='ocr_carea' id='block_1_117' title="bbox 316 5711 3015 5801">
    <p class='ocr_par' dir='ltr' id='par_1_117' title="bbox 316 5711 3015 5801">
     <span class='ocr_line' id='line_1_117' title="bbox 316 5711 3015 5801; baseline 0.001 -22"><span class='ocrx_word' id='word_1_860' title='bbox 316 5711 1970 5801; x_wconf 55' lang='lat' dir='ltr'><strong>utdugraliamatidieﬂlibusNouwcontratareSptriL</strong></span> <span class='ocrx_word' id='word_1_861' title='bbox 2056 5718 2276 5781; x_wconf 80' lang='lat' dir='ltr'><strong>Terret</strong></span> <span class='ocrx_word' id='word_1_862' title='bbox 2306 5727 2503 5783; x_wconf 86' lang='lat' dir='ltr'><strong>autem</strong></span> <span class='ocrx_word' id='word_1_863' title='bbox 2535 5721 2632 5783; x_wconf 89' lang='lat' dir='ltr'><strong>hic</strong></span> <span class='ocrx_word' id='word_1_864' title='bbox 2660 5711 2795 5799; x_wconf 74' lang='lat' dir='ltr'><strong>nos,</strong></span> <span class='ocrx_word' id='word_1_865' title='bbox 2837 5746 2862 5778; x_wconf 75' lang='grc' dir='ltr'><strong>ι</strong></span> <span class='ocrx_word' id='word_1_866' title='bbox 2886 5711 3015 5784; x_wconf 80' lang='grc' dir='ltr'>ὀιο.</span> 
     </span>
    </p>
   </div>
  </div>
