4204 6406
480 345 605 409 275

484 587 759 648 quaerens
782 568 1077 648 requiem,
1112 577 1169 629 et
1200 586 1317 628 non
1350 567 1595 641 invenit;
1630 574 1770 627 tunc
1792 566 1968 629 dicit:
2006 568 2129 629 Re-

479 666 675 719 vertar
696 657 757 717 in
780 657 1021 718 domum
1056 676 1248 718 meam
1262 657 1442 737 ,unde
1458 656 1718 719 exivi.Et
1732 674 1864 717 cum
1880 656 2127 729 venerit,

480 746 703 826 reperit
740 764 868 806 eam
903 753 1227 819 vacantem,
1265 754 1321 806 et
1371 746 1565 825 scopis
1616 756 1921 825 purgatam
1952 753 2131 824 atque

479 843 771 896 ornatam.
807 833 972 894 Tunc
1025 835 1148 895 abit
1178 844 1234 896 et
1276 834 1549 913 adjungit
1576 834 1689 895 sibi
1723 843 1951 914 septem
1984 834 2132 895 alios

478 923 719 1003 spiritus
742 923 1155 984 sceleratiores
1174 932 1327 997 se,et
1357 922 1611 1001 ingressi
1637 922 2128 984 inhabitantillic:

479 1021 538 1074 et
563 1012 711 1073 fiunt
736 1022 1037 1093 postrema
1066 1014 1327 1074 hominis
1359 1013 1523 1075 illius
1550 1014 1753 1094 pejora
1780 1011 2010 1095 primis.
2038 1011 2133 1074 Sic

480 1102 594 1163 erit
625 1109 683 1163 et
714 1102 1084 1180 generationi
1115 1103 1257 1165 huic
1291 1121 1605 1182 perversze.
1647 1127 1671 1157 ι)
1700 1101 1971 1165 Ostendit
2002 1101 2133 1163 illos

479 1208 671 1270 usque
703 1190 764 1250 in
797 1199 1117 1251 extremam
1154 1192 1548 1271 perditionem
1583 1189 1843 1259 venisse,
1865 1190 2131 1270 quodip-

477 1297 608 1340 sum
631 1298 749 1339 non
772 1279 1246 1359 susceperint.Et
1269 1280 1422 1341 sicut
1440 1299 1472 1340 a
1492 1280 1803 1340 daamoniis
1821 1278 2133 1351 liberati,si

479 1368 674 1446 ignavi
706 1368 1223 1450 fuerint,deterius
1242 1369 1573 1430 habentzita
1599 1380 1654 1429 et
1676 1378 1876 1430 vestra
1893 1385 2137 1445 genera.

481 1463 560 1523 tio
579 1480 614 1523 a
631 1461 924 1522 daemonio
944 1462 1399 1524 tenebaturcum
1417 1463 1573 1523 idola
1600 1461 2008 1535 adoraret,sed
2034 1480 2138 1541 per

480 1555 801 1636 prophetas
819 1555 1045 1634 ejectus
1060 1564 1146 1615 est
1163 1555 1261 1616 ille
1287 1554 1913 1617 daamon.Veniautem
1934 1563 2132 1630 etego,

483 1644 771 1705 mundare
791 1663 890 1704 vos
911 1645 1095 1722 magis
1117 1643 1447 1706 volens:sed
1477 1643 1615 1723 quia
1639 1643 1942 1723 repulistis
1967 1661 2060 1702 me
2079 1652 2137 1702 et

480 1732 827 1793 interimere
844 1733 1105 1799 vultis,ut
1123 1733 1355 1812 pravius
1379 1731 1943 1813 peccantes,gravius
1958 1731 2132 1791 etiam

483 1820 840 1902 puniemini:
867 1830 922 1883 et
950 1832 1210 1882 extrema
1230 1822 1539 1901 captivitas
1560 1832 1755 1883 vestra
1773 1821 2004 1899 gravior
2022 1820 2137 1881 erit

1454 343 2043 407 THEOPHYLACTI
2088 344 2500 408 BULGARIE
2545 345 2899 410 ARCHIEP.

481 478 700 541 exierit
727 478 801 539 ab
832 478 1099 553 homine,
1133 476 1505 557 perambulat
1561 494 1667 557 per
1720 475 1949 538 arentia
1981 476 2131 549 loca,
2160 484 2195 530 A
2219 475 2512 558 ἀνθρώπου,

3751 346 3868 412 2'16

2601 478 2868 560 διέρχεται
2939 480 3007 539 δι’
3091 481 3320 563 ἀνύδρων
3389 483 3592 562 τόπων,
3674 489 3866 553 ζητοῦν

2216 566 2530 639 ἀνάπαυσιν,
2579 570 2667 627 καὶ
2695 575 2798 651 οὐχ
2830 574 3052 653 εὑρίσκει
3086 588 3102 604 ⁸
3138 572 3258 630 τότε
3300 571 3443 650 λέγει
3479 588 3492 601 ⁸
3530 569 3871 648 Ἐπιστρέψω

2216 658 2289 721 εἷς
2344 659 2437 713 τὸν
2498 659 2653 716 οἶκόν
2698 684 2799 735 μου
2844 661 2959 720 ὅθεν
3008 660 3246 730 ἒξῆλθον,
3313 662 3411 720 Καὶ
3440 659 3612 731 ἐλθόν,
3646 662 3868 738 εὑρίσκει

2216 745 2571 828 σχολάζοντα,
2632 750 2984 829 σεσαρομένον
3081 752 3169 808 καὶ
3256 749 3681 826 κεκοσμημένον.
3739 748 3871 806 Τότε

2214 836 2515 914 πορεύεται,
2588 840 2674 895 καὶ
2766 839 3169 919 παραλαμϐάνει
3273 838 3385 915 μεθ’
3470 840 3654 898 ἑαυτοῦ
3736 838 3871 894 ἔπτά

2215 923 2367 1003 ἕτερα
2427 926 2702 1001 πνεύματα
2762 931 3091 1007 πονηρότερα
3153 930 3358 989 ἑαυτοῦ,
3417 929 3514 986 Καὶ
3571 925 3872 983 εἷσελθόντα

2216 1028 2459 1071 κατοικεῖ
2511 1017 2651 1096 εκεῖ,
2697 1019 2785 1074 καὶ
2828 1019 3025 1096 γίνεται
3070 1019 3135 1075 τὰ
3192 1018 3397 1098 ἔσχατα
3452 1024 3544 1074 τοῦ
3597 1016 3872 1094 ἀνθρώπου

2217 1104 2436 1177 ἐκείνου,
2498 1106 2714 1185 χείρονα
2772 1115 2879 1165 τῶν
2951 1108 3158 1187 πρώτον
3194 1124 3209 1138 ⁸
3269 1108 3434 1172 οὕτως
3496 1107 3643 1163 ἔσται
3673 1108 3760 1161 καὶ
3802 1107 3871 1171 τῆ

2218 1200 2370 1269 γενεᾷ
2426 1196 2589 1273 ταύτῃ
2647 1202 2714 1271 τῇ
2788 1203 3018 1276 πονηρᾷ,
3084 1220 3110 1251 ιι
3199 1198 3466 1255 Δείκνυσιν
3537 1196 3722 1258 αὑτοὺς
3797 1194 3871 1257 εἷς

2218 1282 2449 1362 ἔσχατον
2506 1282 2772 1349 ἀπωλείας
2830 1287 3260 1357 καταντήσοντας
3318 1288 3379 1341 εκ
3428 1292 3521 1342 τοῦ
3564 1285 3642 1360 μὴ
3701 1305 3875 1362 παρα-

2219 1371 2455 1437 δέξασθαι
2514 1374 2692 1437 αὑτόν,
2756 1363 2977 1455 ’Ὥσπερ
3035 1377 3135 1454 γὰρ
3184 1377 3230 1432 οἰ
3273 1373 3539 1451 δαιμόνων
3592 1372 3874 1449 ἐλευθερω-

2218 1462 2420 1535 θέντες,
2476 1461 2564 1518 ἐάν
2621 1464 2987 1540 ῥᾳθυμήσωσι,
3051 1465 3269 1544 χείρονα
3350 1465 3675 1543 πάσχουσιν·
3735 1460 3874 1518 οὕτω

2220 1553 2308 1607 καὶ
2338 1553 2371 1619 ἡ
2401 1552 2628 1627 ὑμετέρα
2684 1554 2841 1630 γενεὰ
2884 1554 3168 1633 κατείχετο
3199 1552 3428 1630 δαίμονι,
3463 1552 3549 1608 ὅτε
3580 1553 3645 1607 τὰ
3674 1548 3871 1606 εἴδωλα

2218 1654 2591 1719 προσεκυνιῖτε
2629 1657 2643 1671 ⁸
2690 1640 2835 1723 ἀλλά
2884 1639 2967 1698 διὰ
3019 1643 3125 1700 τῶν
3155 1648 3439 1723 προφητῶν
3483 1640 3725 1707 ἐξέϐαλον
3756 1646 3876 1695 τοῦ·

2216 1718 2305 1786 τον
2364 1731 2454 1785 τὸν
2502 1727 2745 1805 δαίμονα.
2806 1718 3000 1787 τΙΙλθον
3058 1718 3228 1788 δὲκαὶ
3260 1718 3432 1806 αὑτὸς,
3464 1730 3625 1787 πλέον
3650 1732 3872 1805 καθᾶραι

2218 1821 2355 1894 ὑμᾶς
2411 1819 2731 1895 βουλόμενος
2769 1839 2783 1853 ⁸
2844 1818 2965 1876 ἀλλ’
3033 1819 3217 1888 ἐπειδὴ
3277 1820 3591 1900 παρώσασθέ
3648 1840 3739 1893 με,
3784 1819 3873 1873 καὶ

483 1909 799 1990 prioribus.
814 1914 903 1974 Tu
922 1923 1118 1974 autem
1140 1912 1408 1991 intellige
1427 1924 1485 1973 et
1509 1911 1808 1992 hoc,quod
1829 1929 1932 1990 per
1947 1909 2135 1989 bapti-

2221 1907 2427 1963 ἀνελεῖν
2501 1906 2701 1982 μᾶλλον
2768 1907 3043 1983 σπεύδετε,
3086 1913 3159 1973 ὡς
3213 1924 3399 1990 χεῖρον
3457 1909 3870 1987 ἁμαρτάνοντες,

485 2019 679 2061 smum
714 2000 950 2081 ejicitur
972 2002 1315 2063 immundus
1340 2003 1607 2082 spiritus,
1629 2011 1683 2062 et
1714 2001 1874 2061 vadit
1904 2000 1974 2061 ad
2009 1999 2139 2059 loca

481 2094 854 2173 inaquosa,et
870 2095 1098 2155 animas
1118 2115 1233 2155 non
1249 2094 1691 2174 baptizatas,sed
1714 2095 1770 2155 in
1785 2093 1905 2153 illis
1920 2112 2038 2153 non
2054 2092 2139 2151 in-

479 2182 2140 2264 venitrequiem.Requiesenimestdmmoniisbaptizatos

481 2274 722 2335 turbare
737 2292 845 2353 per
862 2273 1013 2333 mala
1030 2275 1517 2354 opera,quoniam
1545 2294 1660 2335 non
1687 2274 2139 2351 baptizatosjam

484 2362 1060 2424 habetzconvertitur
1084 2364 1261 2439 igitur
1276 2364 1347 2423 ad
1364 2364 1719 2443 baptizatum
1747 2381 1877 2423 cum
1902 2361 2135 2441 spirili-

485 2451 861 2530 busseptem.
894 2452 1229 2513 Sicutenim
1259 2469 1485 2533 septem
1507 2462 1643 2513 sunt
1674 2452 1828 2512 dona
1858 2448 2136 2529 Spiritus,

484 2540 853 2601 itaediverso
870 2550 1096 2619 septem
1120 2553 1256 2601 sunt
1271 2541 1923 2618 malitimspiritusﬂum
1942 2546 2141 2598 autem

484 2629 791 2706 ingressus
809 2627 988 2688 fuerit
1011 2629 1067 2687 in
1092 2628 1799 2710 baptizatum,deteriorlil
1818 2626 2141 2687 calamitas.

483 2716 657 2779 Prius
688 2717 844 2776 enim
876 2734 1012 2795 spes
1045 2724 1169 2778 erat
1219 2736 1326 2796 per
1362 2716 1721 2796 baptismum
1754 2734 1883 2776 esse
1919 2730 2129 2792 purga-

482 2816 631 2868 tum:
664 2814 864 2885 postea
884 2816 1083 2868 autem
1119 2826 1234 2866 non
1268 2817 1355 2868 est
1387 2826 1523 2886 spes
1553 2805 1800 2866 secundi
1834 2803 2131 2883 baptismi,

485 2897 595 2957 nisi
632 2911 743 2975 per
775 2896 1217 2978 pmnitentiam,
1249 2916 1379 2977 qum
1403 2897 1572 2957 valde
1604 2895 1897 2957 laboriosa
1920 2902 2029 2954 est.

2221 2019 2409 2078 χελρον
2466 1998 2551 2052 καὶ
2608 1995 3019 2073 κολασθήσεσθε,
3081 2000 3168 2055 καὶ
3224 2002 3257 2066 ἡ
3290 1999 3498 2079 ἐσχάτη
3530 1995 3872 2076 αἰχμαλωσία

2220 2092 2367 2162 ὑμῶν
2423 2086 2681 2165 βαρυτέρα
2728 2086 2872 2143 ἔσται
2933 2094 3035 2144 τῶν
3081 2088 3374 2167 προτέρων,
3429 2090 3501 2144 Σὺ
3550 2085 3604 2143 δὲ
3648 2087 3753 2142 νόει
3784 2085 3874 2141 καὶ

2221 2186 2396 2253 τοῦτο,
2460 2175 2540 2231 ὅτι
2601 2174 2685 2232 διὰ
2742 2186 2834 2235 τοῦ
2875 2178 3239 2253 βαπτίσματος
3293 2176 3605 2235 ἐκϐάλλεται
3639 2178 3699 2231 τὸ
3741 2174 3874 2233 ἀκά-

2222 2271 2407 2344 θαρτον
2464 2273 2693 2345 πνεῦμα,
2756 2268 2842 2321 καὶ
2896 2267 3171 2339 πορεύεται
3227 2267 3281 2322 ἐν
3340 2281 3460 2329 ταῖς
3508 2264 3740 2345 ἀνύδροις
3783 2264 3874 2319 καὶ

2226 2353 2565 2419 ἀϐαπτίστοις
2627 2359 2836 2434 ψυχαῖς
2871 2369 2886 2385 ⁸
2945 2354 3063 2413 ἀλλ’
3114 2356 3166 2413 ἐν
3224 2357 3445 2423 ἐκείναις
3502 2356 3606 2435 οὑχ
3650 2353 3875 2431 εὑρίσκει

2228 2444 2539 2501 ἀνάπαυσιν.
2603 2442 2921 2521 ’ᾼνάπαυσις
2981 2447 3080 2525 γὰρ
3137 2460 3254 2511 τοῖς
3327 2445 3559 2520 δαίμοσι,
3633 2445 3692 2500 τὸ
3752 2454 3873 2504 τοῖς

2227 2532 2677 2610 βεϐαπτισμένοις
2742 2532 2993 2614 ἐνοχλεῖν
3050 2534 3134 2591 διὰ
3179 2543 3285 2593 τῶν
3333 2542 3580 2614 πονηρῶν
3608 2532 3870 2613 πράξεων,

2230 2624 2344 2680 ἐπεὶ
2400 2623 2519 2686 τοὺς
2564 2620 2915 2687 ἀϐαπτίστους
2964 2622 3068 2692 ἤδη
3119 2624 3259 2705 ἔχει,
3322 2616 3728 2704 Τποστρέφεται
3784 2622 3873 2677 οὖν

2221 2714 2305 2769 ἐπὶ
2357 2713 2446 2767 τὸν
2496 2710 2916 2786 βεϐαπτισμένον
2974 2715 3110 2786 μετά
3168 2722 3273 2770 τῶν
3340 2716 3473 2771 ἐπτὰ
3530 2712 3870 2786 πνευμάτων.

2219 2804 2428 2880 ’Ὥσπερ
2459 2804 2557 2880 γαρ
2592 2802 2725 2858 ἑπτὰ
2755 2803 2818 2859 τα
2872 2810 2965 2859 τοῦ
3014 2804 3310 2878 πνεύματος
3341 2804 3673 2884 χαρίσματα,
3704 2798 3875 2862 οὕτως

2219 2896 2279 2948 εκ
2333 2900 2428 2948 τοῦ
2488 2890 2721 2950 ἐναντίου
2763 2892 2898 2947 ἐπτά
2950 2894 3036 2948 καὶ
3093 2895 3157 2949 τὰ
3200 2893 3294 2961 τῆς
3352 2894 3539 2955 κακίας
3572 2892 3869 2965 πνεύματα,

484 2985 737 3044 Ἐπὰνδὲ
798 2986 1004 3061 εἰσέλθῃ
1067 2989 1139 3050 εἷς
1199 2977 1287 3043 τὸν
1346 2985 1787 3061 βεϐαπτισμένον,
1850 2986 2043 3064 χείρων
2119 2986 2151 3050 ἡ
2213 2980 2473 3060 συμφορά.
2538 2980 2793 3058 Πρότερον
2853 2983 2947 3055 μὲν
3010 2982 3109 3059 γὰρ
3153 2980 3300 3045 ἐλπὶς
3357 2981 3423 3050 ἦν
3480 2979 3564 3037 διὰ
3620 2989 3711 3038 τοῦ
3767 2977 3872 3052 βα-

483 3076 777 3150 πτίσματος
833 3077 1229 3153 καθαρισθῆναι,
1312 3068 1544 3135 ’Ἐκτοτε
1620 3076 1672 3131 δὲ
1745 3074 1982 3152 δευτέρου
2042 3073 2408 3148 βαπτίσματος
2470 3070 2565 3126 οὑκ
2609 3070 2747 3126 ἔστιν
2811 3069 2981 3142 ἐλπὶς,
3052 3073 3095 3126 εἶ
3147 3072 3224 3146 μὴ
3283 3078 3375 3127 τοῦ
3432 3068 3517 3125 διὰ
3566 3070 3867 3146 μετανοίας,

484 3167 511 3222 ὃ
542 3162 739 3243 σφόδρα
770 3164 1042 3226 ἐπίπονον,

563 3252 742 3315 Vens.
777 3252 876 3313 46.
911 3276 935 3306 α
972 3253 1180 3315 Adhuc
1211 3264 1405 3316 autem
1441 3254 1719 3335 loquente
1752 3254 1853 3316 illo
1886 3253 1957 3315 ad
1999 3262 2127 3314 tur-
2151 3260 2193 3315 C.

491 3341 616 3417 bas,
646 3360 789 3402 ecce
840 3350 1027 3403 mater
1058 3345 1187 3421 ejus
1219 3353 1274 3403 et
1298 3345 1510 3405 fratres
1557 3344 1683 3422 ejus
1734 3342 1966 3403 stabant
1996 3342 2139 3403 foris

488 3440 831 3513 quaerentes
857 3434 907 3492 ei
943 3431 1127 3512 loqui.
1148 3432 1515 3494 ullumanum
1533 3433 1670 3513 quid
1691 3431 1919 3493 volebat
1941 3443 2133 3492 osten-

481 3520 627 3582 dere
667 3530 879 3600 mater,
904 3523 1061 3601 quod
1098 3531 1157 3583 ut
1191 3523 1249 3582 in
1277 3522 1463 3583 filium
1498 3531 1849 3601 potestatem
1883 3520 2129 3581 habeat:

482 3610 634 3671 nihil
672 3610 830 3670 enim
866 3630 1143 3686 magnum
1180 3612 1380 3673 adhuc
1402 3612 1476 3672 de
1510 3630 1578 3671 eo
1605 3610 2134 3688 intelligebat.pro-

484 3706 616 3779 pter
646 3698 760 3761 hoc
795 3698 921 3777 ipso
953 3699 1146 3759 adhuc
1178 3701 1478 3779 loquente,
1501 3698 1734 3759 volebat
1766 3699 1837 3758 ad
1872 3717 1937 3759 se
1970 3699 2135 3759 illum

486 3788 805 3859 attrahere,
829 3788 994 3866 quasi
1028 3788 1402 3849 ambitiosula
1433 3795 1593 3849 tanto
1634 3787 1746 3848 sibi
1782 3787 1902 3848 filio
1936 3787 2137 3849 subdi-

484 3885 566 3938 to.
598 3874 748 3953 ngd
783 3877 957 3953 igitur
1007 3876 1307 3939 Christus?
1366 3882 1688 3957 Postquam
1744 3876 2134 3937 intentionem

487 3965 620 4045 ejus
651 3964 833 4037 novit,
870 3967 1002 4027 audi
1026 3966 1168 4045 quid
1201 3966 1379 4029 dicat.

566 4055 746 4117 Vens.
782 4054 992 4134 47-50,
1034 4080 1051 4109 ι
1092 4054 1248 4115 Dixit
1290 4064 1490 4116 autem
1544 4054 1781 4135 quidam
1830 4053 1936 4117 illi.
1991 4053 2139 4115 Ecce

488 4150 677 4204 mater
702 4151 800 4204 tua
832 4153 889 4203 et
917 4143 1127 4205 fratres
1161 4145 1241 4203 tui
1275 4143 1420 4204 foris
1444 4152 1619 4217 stant,
1651 4150 1987 4223 quaerentes
2036 4143 2137 4203 tibi

486 4231 669 4312 loqui.
700 4236 771 4295 At
804 4232 903 4293 ille
934 4233 1307 4309 reSpondens
1340 4233 1485 4295 dixit
1519 4233 1573 4293 ei
1615 4234 1711 4312 qui
1746 4232 1857 4292 sibi
1910 4251 2135 4293 renun-

488 4320 731 4382 tiaverat
766 4340 778 4383 :
815 4321 956 4393 Quaz
988 4336 1077 4383 est
1110 4331 1302 4385 mater
1334 4342 1486 4401 mea,
1514 4332 1612 4383 aut
1642 4322 1740 4401 qui
1764 4329 1902 4382 sunt
1932 4322 2139 4381 fratres

489 4409 700 4471 mei?et
731 4411 1058 4473 extendens
1092 4430 1333 4472 manum
1359 4430 1523 4473 suam
1557 4411 1628 4473 ad
1652 4412 1971 4490 discipulos
2002 4430 2163 4493 suos

487 4499 636 4563 dixit
668 4499 863 4597 {Ecce
899 4510 1086 4562 mater
1140 4521 1270 4562 mea
1324 4510 1379 4561 et
1431 4502 1646 4562 fratres
1681 4501 1821 4563 mei.
1858 4500 2378 4597 QuisquisDetmv

488 4590 648 4652 enim
668 4589 873 4653 fecerit
908 4590 1264 4652 voluntatem
1292 4592 1486 4653 Patris
1520 4592 1633 4652 mei
1668 4590 1768 4670 qui
1801 4599 1889 4652 est
1920 4590 1979 4649 in
2011 4608 2139 4651 coe-

489 4680 583 4755 lis,
620 4680 746 4760 ipse
780 4699 948 4741 meus
974 4680 1179 4755 frater,
1215 4692 1275 4741 et
1314 4699 1485 4741 soror
1512 4689 1567 4741 et
1602 4690 1789 4741 mater
1813 4688 1921 4740 est.
1952 4704 1974 4737 ι›
2013 4677 2138 4740 Non

486 4768 708 4849 injuria
736 4770 1008 4831 afficiens
1040 4781 1316 4850 matrem,
1343 4771 1466 4831 haec
1499 4769 1664 4839 dicit,
1700 4768 1803 4829 sed
1835 4768 2142 4847 corrigens

487 4867 750 4919 mentem
810 4860 937 4939 ejus
998 4859 1197 4938 glorise
1245 4859 1473 4921 avidam
1529 4867 1587 4917 et
1632 4858 1975 4918 humanam.
2010 4855 2139 4917 Non

490 4946 651 5007 enim
710 4947 899 5010 dicit:
937 4948 1065 5010 Non
1113 4959 1201 5011 est
1261 4957 1451 5009 mater
1502 4965 1681 5009 mea:
1721 4947 1851 5020 sed,
1915 4946 1963 5007 si
2022 4966 2136 5007 non

494 5033 707 5096 fecerit
758 5037 1117 5098 voluntatem
1168 5037 1300 5113 Dei,
1338 5038 1418 5097 nil
1455 5037 1506 5097 ei
1554 5036 1817 5116 proderit
1855 5034 2011 5116 quod
2046 5054 2141 5096 me

496 5122 716 5202 genuit.
753 5125 883 5186 Non
917 5127 1073 5187 enim
1134 5138 1309 5205 negat
1352 5128 1679 5188 naturalem
1711 5125 1803 5185 64
1836 5123 2139 5203 cognatio-

495 5228 659 5286 nem,
694 5212 796 5273 sed
827 5217 1067 5294 apponit
1100 5217 1273 5277 etiam
1335 5235 1465 5278 eam
1515 5235 1647 5295 qum
1705 5224 1793 5275 est
1827 5232 1930 5294 per
1954 5213 2141 5273 virtu-

493 5307 637 5362 tem.
670 5299 879 5364 Nullus
934 5304 1093 5365 enim
1140 5306 1416 5384 indignus
1447 5323 1481 5365 a
1514 5306 1865 5381 cognatione
1916 5302 2142 5364 utilita-

496 5397 614 5451 tem
676 5393 853 5471 capit.
892 5392 1077 5471 lgitur
1142 5402 1411 5456 correcto
1466 5412 1624 5455 vanae
1672 5393 1875 5472 gloriae
1906 5390 2139 5471 morbo,

494 5480 712 5541 iterum
747 5480 949 5543 obedit
982 5485 1151 5544 matri
1186 5482 1439 5545 vocanti.
1479 5481 1629 5545 Dicit
1677 5484 1831 5545 enim
1890 5499 2140 5560 evange-

492 5567 625 5631 lista
660 5588 673 5632 :

2305 3271 2327 3306 ι
2362 3240 2487 3307 ’Έτι
2520 3248 2571 3305 δὲ
2605 3253 2762 3308 αὑτοῦ
2786 3250 3073 3314 λαλοῦντος
3100 3265 3218 3312 τοῖς
3243 3248 3456 3331 ὄχλοις,
3490 3248 3598 3306 ἰδοὺ
3628 3252 3660 3317 ἡ
3692 3250 3872 3327 μήτηρ

2222 3341 2311 3397 καὶ
2382 3344 2428 3395 οἱ
2472 3336 2683 3419 ἀδελφοὶ
2768 3340 2923 3396 αὑτοῦ
3014 3343 3347 3410 εἰστήκεισαν
3405 3338 3527 3419 ἔξω,
3599 3346 3874 3411 ζητοῦντες

2223 3435 2363 3503 αὑτῷ
2393 3428 2650 3496 λαλῆσαι,
2694 3454 2720 3485 »
2786 3429 3139 3508 Ἀνθρὼπινόν
3192 3453 3238 3485 τι
3284 3428 3528 3487 ἐϐούλετο
3559 3426 3872 3492 ἐνδείξασθαι

2220 3521 2253 3587 ἡ
2314 3520 2516 3597 μήτηρ,
2552 3518 2629 3573 ὅτι
2674 3518 2957 3589 ἐξουσιάζει
3011 3528 3102 3577 τοῦ
3146 3517 3355 3583 παιδός.
3405 3515 3560 3575 Οὑδὲν
3608 3518 3705 3594 γαρ
3736 3516 3871 3593 μέγα

2222 3607 2369 3663 οὔπω
2426 3608 2541 3684 περὶ
2588 3612 2743 3665 αὑτοῦ
2800 3608 2933 3663 ἐνόει
2973 3628 2984 3641 ⁸
3034 3608 3117 3664 διὰ
3160 3610 3316 3664 τοῦτο
3372 3606 3459 3663 οὖν
3499 3609 3585 3663 καὶ
3638 3606 3714 3661 ἔτι
3771 3604 3871 3659 λα-

2222 3695 2437 3768 λοῦντα,
2509 3696 2756 3771 βούλεται
2822 3699 2951 3774 πρὸς
3014 3698 3206 3764 ἑαυτὴν
3278 3697 3685 3768 ἐπισπάσασθαι,
3726 3693 3871 3773 φιλο.

2221 3787 2516 3861 τιμουμένη
2599 3788 2671 3849 ὡς
2743 3788 3167 3862 ὑποταττομένου
3252 3791 3383 3863 αὐτῇ
3451 3793 3541 3843 τοῦ
3608 3787 3740 3846 υἱοῦ,
3816 3784 3876 3841 Τί

2221 3882 2344 3951 γοῦν
2396 3878 2421 3931 ὁ
2456 3876 2676 3953 Χριστός
2714 3892 2728 3949 ;
2790 3875 2939 3933 Ἐπεὶ
2968 3879 3059 3933 τὸν
3093 3878 3290 3933 σκοπὸν
3336 3875 3495 3943 αὐτῆς
3526 3875 3683 3952 ἔγνω,
3718 3873 3873 3931 ἄκουε

2223 3965 2271 4021 τί
2313 3987 2497 4044 φησιν.

2312 4077 2336 4106 ιι
2376 4062 2508 4109 Εῖπε
2567 4052 2620 4110 δέ
2678 4075 2757 4115 τις
2803 4054 2966 4127 αὑτῷ,
3029 4052 3162 4111 ’ἰδοὺ
3217 4057 3250 4122 ἡ
3298 4055 3480 4133 μήτηρ
3525 4076 3616 4111 σου
3671 4054 3757 4107 καὶ
3828 4052 3875 4107 οἱ

2223 4141 2439 4223 ἀδελφοί
2494 4165 2585 4199 σου
2635 4142 2732 4208 ἔξω
2791 4144 3051 4213 ἑστήκασι
3086 4148 3365 4216 ζητοῦντές
3396 4167 3477 4202 σοι
3508 4143 3737 4210 λαλῆσαι
3772 4160 3785 4175 ⁸
3851 4143 3877 4196 ὑ

2224 4230 2301 4305 δὲ,
2366 4234 2661 4311 ἀποκριθεὶς
2720 4236 2842 4288 εἷπε
2892 4241 2967 4308 τῷ
3038 4235 3237 4291 εἰπόντι
3295 4239 3437 4309 αὒτῴ
3468 4252 3482 4266 ⁸
3538 4234 3624 4299 Τίς
3657 4233 3796 4288 ἐστιν
3841 4233 3877 4299 ἡ

2226 4324 2407 4399 μήτηρ
2466 4344 2590 4397 μου,
2661 4323 2750 4378 καὶ
2828 4322 2963 4385 τίνες
3042 4325 3169 4380 εἰσὶν
3232 4326 3279 4380 οἱ
3338 4323 3550 4403 ἀδελφοί
3606 4345 3703 4397 μου
3736 4340 3751 4400 ς
3788 4323 3882 4375 καὶ

2226 4410 2457 4475 ἐκτείνας
2508 4412 2603 4478 τὴν
2648 4424 2814 4491 χεῖρα
2852 4412 3009 4469 αὑτοῦ
3067 4413 3152 4469 ἐπὶ
3195 4414 3316 4476 τοὺς
3381 4414 3619 4489 μαθητάς
3694 4410 3882 4481 αὑτοῦ,

2417 4516 2431 4531 ⁸
2466 4498 2599 4557 Ἰδοὺ
2630 4490 2877 4576 ἡνμήτηρ
2910 4523 3013 4577 μου
3058 4503 3147 4559 καὶ
3175 4505 3223 4558 οἱ
3268 4502 3479 4583 ἀδελφοί
3520 4524 3642 4577 μου.
3683 4490 3885 4563 ’Ὅστις

2223 4590 2323 4668 γάρ
2382 4588 2442 4645 ἂν
2487 4591 2690 4666 ποιήσῃ
2748 4592 2809 4646 τὸ
2866 4589 3073 4667 θέλημα
3131 4599 3223 4649 τοῦ
3273 4592 3478 4671 Πατρός
3534 4611 3635 4665 μου
3679 4596 3770 4645 τοῦ
3827 4589 3888 4645 ἐν

2223 4679 2489 4756 οὖρανοῖς,
2540 4679 2693 4740 αὑτός
2752 4702 2854 4753 μου
2896 4678 3119 4760 ἀδελφὸς
3166 4683 3251 4737 καὶ
3301 4677 3500 4759 ἀδελφὴ
3549 4679 3636 4733 καὶ
3699 4678 3888 4755 μήτηρ

2224 4766 2386 4824 ἐστιν.
2433 4791 2453 4821 ι
2522 4766 2629 4824 Οὑκ
2686 4764 2903 4845 ὑϐρίζων
2959 4771 3056 4837 τὴδ
3116 4770 3322 4848 μητέρα
3356 4767 3495 4845 λέγει
3526 4774 3712 4844 ταῦτα,
3744 4762 3891 4820 ἀλλὰ

2225 4854 2588 4934 διορθούμενος
2649 4856 2746 4918 τὴν
2825 4856 3096 4938 φιλόδοξον
3174 4860 3339 4925 αὑτῆς
3398 4858 3481 4913 καὶ
3553 4854 3889 4932 ἀνθρωπίνην

2224 4945 2466 5023 γνώμην.
2531 4947 2602 5003 Οὑ
2646 4947 2745 5025 γὰρ
2791 4948 2947 5003 εἶπεν
3006 4946 3083 5003 ὅτι
3147 4947 3255 5007 Οὑκ
3334 4946 3449 5003 ἔστι
3495 4967 3596 5021 μου
3639 4945 3827 5021 μήτηρ
3868 4958 3884 4974 ⁸

2225 5033 2345 5090 ἀλλ’
2389 5033 2474 5092 ὅτι
2535 5032 2658 5093 Ἐὰν
2719 5036 2795 5111 μὴ
2856 5044 2985 5114 ποιῇ
3022 5040 3084 5094 τὸ
3141 5036 3347 5111 θέλημα
3388 5042 3480 5091 τοῦ
3533 5040 3688 5105 Θεοῦ,
3732 5029 3887 5089 οὑδὶν

2225 5124 2387 5192 αὑτὴν
2445 5122 2713 5203 ὠφελήσει
2776 5128 2836 5181 τὸ
2912 5127 3162 5205 γεννῆσαί
3214 5147 3302 5201 με.
3366 5127 3438 5181 Οὑ
3502 5123 3600 5200 γὰρ
3644 5121 3887 5194 ἀρνεῖται

2225 5215 2324 5280 τὴν
2380 5215 2517 5268 κατὰ
2604 5214 2757 5291 φύσιν
2840 5214 3167 5294 συγγένειαν,
3230 5211 3365 5269 ἀλλὰ
3414 5212 3721 5290 προστίθησι
3793 5212 3888 5265 καὶ

2224 5303 2323 5369 τὴν
2385 5302 2504 5357 κατ’
2553 5302 2767 5382 ἀρετὴν.
2829 5302 3006 5367 Οὑδεὶς
3064 5305 3163 5383 γὰρ
3236 5300 3444 5367 ἀνάξιος
3506 5300 3612 5355 ἀπὸ
3682 5318 3882 5383 συγγε-

2228 5391 2365 5454 νείας
2416 5388 2728 5470 ὠφελεῖται.
2807 5382 3236 5470 Διορθωσάμενος
3286 5391 3452 5448 τοίνυν
3514 5393 3613 5454 τῆς
3666 5382 3885 5442 κενοδο-

2226 5478 2334 5546 ξίας
2378 5482 2439 5535 τὸ
2494 5482 2727 5559 νόσημα,
2763 5480 2909 5555 ὅμως
2954 5480 3112 5538 πάλιν
3170 5481 3521 5554 ὑπακούειτῇ
3567 5477 3727 5555 μητρὶ
3772 5495 3882 5531 κα·-

2228 5566 2414 5644 λούσῃ,
2462 5569 2601 5634 Φησὶ
2630 5568 2727 5647 γὰρ
2762 5570 2789 5625 ὁ
2820 5569 3199 5649 εὑαγγελιστής
3230 5586 3247 5606 ⁸
