4204 6412
316 361 436 425 ΞΠ

1015 512 1263 565 ΚΕΦΑΛ.
1313 496 1413 565 ll".

351 623 471 696 Περὶ
553 629 663 676 τῶν
759 621 1084 695 παραϐολῶν
1177 629 1269 678 τοῦ
1359 624 1668 697 σπείραντος
1761 644 1848 677 και
1931 627 2030 692 τῆς

844 701 1115 778 βασιλείας
1159 709 1262 758 τῶν
1308 703 1563 779 οὐρανῶν,

449 841 473 870 ι
508 817 599 874 Ἐν
633 818 686 872 δὲ
741 825 810 894 τῇ
874 818 1048 898 ἡμέρα
1097 820 1270 894 ἓκείνῃ
1328 817 1548 883 ἐξελθὼν
1579 823 1606 876 6
1663 820 1870 886 ἰησοῦς
1929 819 2033 876 ἀπὸ

363 909 462 974 τῆς
520 910 710 985 οἰκίας,
770 909 1000 974 έκᾶθητο
1058 909 1201 985 παρὰ
1256 908 1354 975 τὴν
1417 908 1709 971 θάλασσαν.
1778 910 1874 968 Καὶ
1919 931 2036 965 συν-

370 1001 618 1078 ἤχθησαν
648 999 781 1067 πρὸς
817 997 975 1053 αὺτὸν
1027 996 1184 1076 ὄχλοι
1231 997 1443 1070 πολλοὶ,
1505 998 1642 1055 ὥστε
1674 1000 1830 1055 αὺτὸν
1862 1000 1932 1063 εἰς
1973 997 2033 1054 τνῖ

377 1086 569 1143 πλοῖον
614 1083 848 1160 ipsam
904 1087 1187 1159 καθῆσθαι,
1243 1087 1330 1142 καὶ
1374 1093 1477 1151 πᾶς
1521 1090 1548 1143 6
1603 1085 1768 1168 ὄχλος
1815 1087 1900 1143 ἐπὶ
1943 1089 2033 1143 τὸν

381 1175 614 1252 αἰγιαλὸν
671 1177 927 1244 εἱστήκει.
996 1197 1019 1230 ι
1103 1175 1376 1232 Ἐκάθισεν
1454 1177 1509 1232 έν
1551 1183 1628 1250 τῷ
1685 1176 1880 1252 πλοίῳ,
1940 1176 2034 1232 ’ἵνα

379 1267 577 1328 πάντας
626 1265 744 1324 τοὺς
818 1264 1082 1342 ἀκροατὰς
1140 1267 1275 1321 κατὰ
1332 1267 1616 1343 πρόσωπον
1695 1269 1892 1342 στήσῃ,
1949 1283 2039 1340 καὶ

374 1357 566 1417 πάντες
625 1355 876 1412 ἀκούωσι.
929 1355 1024 1412 Καὶ
1082 1352 1137 1410 δὲ
1192 1354 1298 1410 ἀπὸ
1371 1361 1472 1422 τῆς
1517 1355 1789 1423 Θαλάσσης
1839 1355 2035 1420 ἁλιεύει

384 1445 512 1507 τοὺς
545 1443 598 1499 ἰν
630 1449 697 1518 τῇ

458 1557 480 1588 c
526 1534 624 1590 Καὶ
683 1531 942 1598 ἐλάλησεν
1003 1535 1186 1596 αὐτοῖς
1241 1532 1411 1590 πολλὰ
1468 1533 1521 1589 ἐν
1565 1532 1919 1613 παραϐολαῖς,
1953 1532 2038 1589 λέ-

582 1647 608 1675 »
649 1632 776 1682 Τοῖς
810 1622 905 1696 μὶν
940 1620 1232 1685 ἆπλάστοις
1265 1621 1450 1702 ὄχλοις
1482 1624 1569 1680 επὶ
1596 1631 1689 1680 106
1731 1622 1881 1702 ὅρους
1912 1645 2036 1702 χω-

368 1716 446 1788 ρὶς
496 1709 812 1789 παραϐολῶν
856 1709 1014 1766 λαλεῖ
1051 1725 1063 1739 ⁸
1102 1709 1319 1768 ἐνταῦθα
1359 1709 1413 1767 δὲ
1457 1719 1562 1769 τῶν
1606 1711 1834 1790 δολερὼν
1864 1720 2036 1790 Φαρι-

369 1802 534 1858 σαίων
597 1801 787 1873 ὄντων,
835 1799 887 1855 ξν
949 1797 1278 1874 παραϐολαῖς
1337 1800 1530 1879 λέγει’

369 1647 481 1700 γων
509 1637 524 1653 ⁸

1589 1802 1680 1857 ’ἕνα
1729 1800 1826 1858 κᾶν
1856 1803 1927 1864 ὡς
1962 1801 2038 1874 μὴ

367 1899 636 1954 νοοῦντες,
671 1889 977 1967 ἐρωτήσωσι
1011 1891 1108 1946 καὶ
1168 1892 1426 1963 μάθωσιν.
1461 1881 1694 1955 "Anio:
1724 1913 1782 1948 τε
1812 1889 2038 1954 ἀναξίοις

369 1983 537 2051 οὖσιν,
589 1983 683 2036 οὒκ
727 1975 828 2033 ’ἔδει
890 1979 1092 2055 γυμνὰς
1125 1980 1217 2041 τὰς
1268 1977 1605 2043 διδασκαλίας
1664 1981 1846 2044 αὒτοῖς
1902 2001 2038 2056 προ-

367 2073 604 2130 κεῖσθαι,
654 2067 725 2125 0-3
785 2066 868 2124 δεῖ
924 2069 1024 2146 γὰρ
1073 2070 1193 2131 τοὺς
1248 2072 1571 2149 μαργαρίτας
1602 2070 1898 2148 ἔμπροσθεν
1927 2074 2036 2124 τῶν

368 2159 569 2238 χοίρων
621 2158 913 2234 ῥίπτεσθαι,
993 2158 1214 2235 Πρώτην
1272 2157 1325 2214 δὲ
1373 2157 1681 2229 παραϐολὴν
1738 2157 1879 2236 λέγει
1939 2159 2037 2224 τὴν

368 2250 624 2304 ποιοῦσαν
670 2247 1158 2325 προσεκτικώτερον
1188 2248 1278 2302 τὸν
1328 2248 1597 2326 ἀκροατήν
1632 2268 1646 2282 ’
1681 2247 1839 2304 ἄκουε
1882 2247 1982 2325 γάρ
2019 2263 2032 2277 ⁸

381 2359 403 2392 ε
449 2335 581 2395 ’ἰδοὺ
643 2337 859 2403 ἐξῆλθεν
920 2339 946 2392 6
1012 2337 1238 2415 σπείρων
1297 2348 1388 2396 10-3
1445 2350 1660 2416 σπεῖραι
1707 2339 1797 2392 τὸν
1844 2335 2040 2415 σπόρον

376 2429 554 2484 αὗτοῦ.
600 2449 622 2482 ι
693 2417 914 2483 Ἐαντὸν
975 2424 1120 2502 λέγει
1178 2429 1268 2483 τὸν
1351 2429 1652 2507 σπείροντα,
1728 2427 1924 2504 σπόρον
1985 2422 2040 2481 δὲ

373 2519 460 2572 τὸν
516 2515 702 2592 λόγον.
762 2514 981 2581 Ἐξῆλθε
1033 2513 1090 2570 δὲ
1149 2519 1210 2574 o6
1259 2517 1407 2591 τόπῳ
1444 2533 1458 2548 ⁸
1508 2522 1786 2595 πανταχοῦ
1817 2515 1916 2592 γὰρ
1946 2515 2037 2581 ἦν·

372 2605 507 2660 ἄλλα
567 2605 690 2661 καθ’
747 2607 775 2660 ὃ
843 2603 1164 2670 ἐπλησίασεν
1223 2608 1359 2680 ἡμῖν
1433 2607 1569 2681 μετᾶ
1625 2606 1842 2684 σαρκὸς,
1903 2603 2040 2660 κατὰ

367 2705 522 2753 τοῦτο
587 2693 801 2770 λέγεται
856 2692 1120 2772 ἐξῆλθεῖν,
1173 2701 1280 2752 τῶν
1333 2695 1550 2752 κόλπων
1590 2701 1695 2752 τῶν
1767 2692 2039 2772 πατρικῶν

370 2783 642 2849 δηλονότι,
675 2782 930 2850 Ἐξῆλθεν
984 2783 1071 2839 οὖν
1127 2786 1255 2862 πρὸς
1288 2787 1458 2860 ἡμᾶς,
1506 2783 1689 2850 ἐπειδὴ
1720 2785 1884 2858 ἡμεῖς
1947 2783 2038 2838 οὐκ

376 2873 677 2951 ἢδυνάμεθα
721 2875 848 2951 πρὸς
901 2875 1058 2929 αὒτὸν
1115 2872 1312 2937 ἐλθεῖν,
1377 2876 1475 2933 Καὶ
1531 2876 1580 2930 τί
1617 2877 1837 2941 ποιῆσαι
1876 2869 2038 2937 ἐξῆλ-

384 2965 478 3015 θεν
513 2980 532 3033 ἱ
596 2948 722 3040 ίΑρα
764 2948 1039 3040 Ἴέμπρῆσαι
1081 2964 1178 3030 τὴν
1215 2963 1314 3040 γῆν
1363 2961 1448 3019 διὰ
1491 2965 1584 3027 τὰς
1631 2960 1834 3026 πολλὰς
1867 2961 2037 3016 ἀκάν-

387 3054 486 3112 θας
522 3069 537 3126 ;
597 3037 723 3125 Ἀρα
767 3037 1161 3128 τιμωρήσασθαι
1191 3037 1238 3131 ,⁷
1270 3054 1430 3133 Οὐχὶ,
1492 3051 1630 3108 ἀλλὰ
1658 3058 1752 3108 τοῦ
1795 3063 2035 3126 σπεῖραι.

383 3141 488 3195 Τὸν
551 3137 744 3214 σπόρον
794 3136 846 3194 δὲ
900 3143 1060 3198 αὐτοῦ
1112 3141 1262 3215 εἷπε,
1321 3139 1454 3198 διότι
1525 3141 1612 3197 καὶ
1667 3139 1712 3196 οἱ
1770 3143 2036 3218 προφῆται

371 3227 618 3306 ἔσπειρον
707 3226 850 3284 Ἀλλ’
915 3233 973 3287 οὗ
1015 3231 1106 3286 τὸν
1151 3231 1346 3309 σπόρον
1406 3231 1603 3304 αὐτῶν,
1664 3228 1802 3286 ἀλλὰ
1831 3230 1919 3285 τὸν
1950 3234 2042 3284 106

368 3319 525 3379 Θεοῦ,
591 3317 756 3380 Οὗτος
813 3317 867 3374 δὲ
920 3321 1048 3384 Θεὸς
1094 3321 1190 3400 ὢν,
1222 3323 1315 3376 τὸν
1346 3321 1542 3398 σπόρον
1580 3321 1741 3377 αὐτοῦ
1785 3319 1878 3375 τὸν
1909 3315 2046 3400 ἴδιον

369 3406 612 3482 ἔσπειρεν
651 3424 663 3436 '
703 3409 763 3464 οὒ
822 3408 923 3486 γὰρ
966 3407 1148 3488 χάριτι
1177 3396 1309 3482 ’θείᾳ
1336 3396 1611 3490 εσοφίσθη,
1651 3406 1863 3485 ἄπαγεε
1925 3396 2044 3462 ἀλλ’

373 3498 526 3558 αὑτὸς
557 3499 627 3562 ἧν
657 3499 691 3564 ἡ
727 3499 880 3576 σοφία
913 3505 1003 3554 106
1047 3505 1199 3560 Θεοῦ,

459 3609 482 3639 ε
522 3587 621 3642 Καὶ
652 3587 707 3641 ἐν
767 3592 846 3658 τῷ
916 3587 1144 3666 σπείρειν
1204 3587 1384 3656 αὒτδν,
1438 3585 1472 3641 ἃ
1532 3585 1629 3659 μὲν
1682 3584 1839 3641 ἔπεσε
1899 3585 2040 3662 παρὰ

374 3677 474 3741 τὴν
530 3675 651 3731 ὁδόν
689 3695 704 3711 ⁸
766 3678 855 3732 καὶ
884 3675 1015 3742 ἦλθε
1045 3677 1109 3733 τὰ
1145 3677 1359 3732 πετεινὰ
1395 3675 1489 3732 106
1519 3676 1760 3753 οὒρανοῦ,
1791 3674 1878 3730 καὶ
1905 3695 2042 3730 κατ-

377 3767 570 3843 έραγεν
633 3766 764 3821 αὔτα
797 3781 811 3796 ⁸
849 3765 985 3822 ἄλλα
1042 3765 1096 3821 δὲ
1146 3765 1336 3822 ἔπεσεν
1368 3766 1453 3821 ἐπὶ
1482 3765 1548 3822 τὰ
1579 3762 1847 3842 πετρώδη,
1911 3761 2043 3818 ὅπου

376 3860 472 3912 οὒκ
524 3856 655 3934 εἶχε
733 3856 835 3931 γῆν
892 3855 1123 3929 πολλὴν,
1178 3857 1266 3912 καὶ
1313 3855 1503 3918 εὖθέως
1549 3851 1841 3920 ἒξανέτειλε
1871 3851 1956 3908 διὰ
1983 3853 2044 3909 16

374 3946 453 4018 μὴ
514 3944 663 4022 ἔχειν
695 3946 854 4021 βάθος
887 3951 991 4021 γῆς
1027 3959 1039 3973 ·
1091 3944 1243 4012 ἡλίου
1285 3944 1340 4000 δὲ
1371 3943 1769 4021 ἀνατείλαντος,
1804 3942 2042 4017 ἐκαυμα-

370 4035 552 4105 τίσθη,
614 4036 702 4090 καὶ
760 4033 842 4089 διὰ
901 4037 963 4090 τὸ
1023 4035 1099 4110 μὴ
1153 4033 1301 4115 ἔχειν
1357 4035 1522 4112 ῥίζαν,
1592 4031 1870 4112 ἰξηράνθη,
1912 4053 1935 4088 ι
1984 4025 2043 4088 Οἱ

372 4123 516 4200 παρᾶ
563 4125 662 4189 τὴν
695 4122 837 4194 ὁδὸν,
872 4125 1000 4179 εἰσὶν
1043 4127 1089 4181 οἱ
1132 4124 1350 4198 ῥᾴθυμοι
1405 4125 1494 4180 καὶ
1537 4124 1775 4202 ὀκνηροὶ,
1823 4122 1879 4179 οἳ
1935 4118 2039 4178 οὔδ’

374 4212 516 4273 ὅλως
576 4211 975 4293 παραδέχονται
1059 4216 1149 4270 τὸν
1233 4213 1411 4292 λόγον.

375 4304 547 4358 αὲτῶν
607 4300 722 4368 ὁδός
788 4303 898 4359 ἐστι
957 4303 1450 4378 καταπεπατημένη
1508 4303 1596 4358 καὶ
1655 4301 1881 4381 σκληρὰ,
1956 4295 2043 4355 καὶ

375 4393 453 4466 μή
514 4392 901 4469 ἀροτριωθεῖσα
932 4391 1071 4456 ὅλως
1108 4414 1123 4429 ·
1171 4393 1276 4449 ἀπὸ
1322 4395 1520 4448 τούτων
1565 4390 1652 4447 06v
1701 4390 1918 4468 ἁρπάζει
1952 4390 2043 4444 τὸν

983 369 1428 435 ENARRATIO
1478 373 1558 433 IN
1607 371 2119 435 EVANGELIUM
2166 376 2561 442 MATTH/EI.
2611 413 2686 421 ——
2731 383 2894 443 CAP.
2944 379 3108 444 XIII.

3645 383 3764 448 278

2723 511 2973 578 CAPUT
3008 511 3161 577 XIII.

2238 630 2325 692 De
2352 631 2663 711 parabolis
2693 637 3053 697 seminantis
3082 644 3135 697 et
3167 639 3340 715 regni
3360 640 3663 702 caelorum.

2205 811 2384 876 Vens.
2415 817 2472 888 1,
2507 815 2566 879 2.
2609 843 2633 871 ιι
2673 818 2738 880 In
2769 817 2867 880 die
2897 837 3036 880 vero
3071 820 3168 880 illo
3203 839 3480 900 egressus
3538 827 3710 887 Jesus
3739 846 3769 888 e

2120 901 2300 964 domo
2356 905 2514 966 sedit
2555 906 2722 985 juxta
2784 927 2945 969 mare
2999 929 3011 970 :
3077 919 3133 970 et
3191 921 3572 991 congregata)
3631 925 3770 977 sunt

2116 991 2189 1053 ad
2245 993 2412 1054 illum
2459 995 2647 1057 turbae
2700 997 2900 1059 multae
2949 1001 3049 1071 (a),
3115 1000 3198 1060 ita
3258 1010 3319 1060 ut
3384 1002 3512 1079 ipse
3573 1006 3768 1066 navim

2117 1080 2418 1160 ingressus
2469 1084 2726 1157 sederet,
2781 1095 2840 1147 et
2895 1087 2955 1147 in
3011 1089 3290 1150 universa
3345 1092 3516 1152 turba
3573 1094 3628 1153 in
3665 1094 3766 1155 lit-

2118 1176 2250 1233 tore
2288 1171 2538 1236 stabat.»
2590 1173 2755 1236 Sedit
2801 1176 2861 1236 in
2919 1176 3079 1253 navi,
3113 1189 3173 1238 ut
3224 1198 3432 1240 omnes
3463 1181 3769 1244 auditores

2118 1260 2178 1320 in
2238 1260 2450 1324 faciem
2500 1262 2747 1325 haberet
2795 1273 3158 1346 spectantes,
3221 1277 3276 1328 et
3334 1288 3543 1330 omnes
3600 1291 3769 1331 com-

2121 1349 2354 1412 modius
2402 1352 2696 1414 audirent.
2732 1354 2888 1416 Sane
2921 1374 2952 1416 e
2985 1357 3134 1416 mari
3157 1357 3416 1435 piscatur
3448 1377 3550 1419 eos
3579 1361 3678 1439 qui
3711 1362 3769 1420 in

2123 1447 2305 1503 terra.

2205 1530 2390 1591 Vens.
2424 1533 2480 1592 3.
2514 1532 2872 1594 «Etlocutus
2903 1542 2992 1595 est
3023 1535 3110 1596 eis
3144 1536 3321 1596 multa
3353 1537 3412 1596 in
3447 1537 3767 1616 parabolis,

2122 1621 2367 1681 dicens:
2402 1645 2428 1674 ι
2466 1619 2848 1699 Simplicibus
2892 1623 3078 1685 turbis
3125 1625 3352 1704 absque
3397 1625 3677 1704 parabola
3713 1629 3772 1688 in

2123 1719 2325 1771 monte
2356 1709 2586 1770 locutus
2619 1720 2748 1771 est:
2789 1711 2881 1771 his
2912 1722 3108 1774 autem
3142 1714 3198 1774 in
3236 1716 3535 1795 parabola,
3571 1726 3772 1795 utpote

2065 1790 2097 1839 Β
2122 1799 2346 1860 dolosis
2399 1799 2728 1870 Pharisaeis,
2767 1809 2830 1861 ut
2861 1803 2907 1862 si
2939 1822 3055 1862 non
3103 1790 3462 1882 intelligant,
3508 1790 3773 1884 quaerant

2125 1896 2181 1949 et
2210 1888 2457 1948 discant.
2507 1890 2801 1952 Praaterea
2843 1900 2904 1950 ut
2947 1891 3231 1970 indignis,
3287 1912 3405 1952 non
3461 1896 3773 1973 oportebat

2123 1977 2418 2037 doctrinas
2449 1978 2534 2037 eis
2568 1996 2905 2057 proponere
2947 1981 3155 2042 nudas.
3183 1980 3310 2042 Non
3346 1993 3578 2061 oportet
3610 1986 3769 2045 enim

2125 2066 2617 2137 margaritasante
2649 2086 2860 2146 porcos
2898 2070 3421 2132 mittere.Primam
3451 2081 3647 2132 autem
3676 2093 3772 2153 pa-

2121 2153 2383 2215 rabolam
2420 2156 2580 2233 ponit
2612 2174 2742 2237 quae
2772 2157 3103 2219 auditorem
3155 2159 3326 2220 faciat
3366 2163 3764 2227 attentiorem.

2126 2242 2315 2304 «Ecce
2346 2244 2484 2304 exiit
2509 2246 2610 2325 qui
2632 2245 2988 2319 seminabat,
3007 2247 3077 2307 ad
3113 2249 3532 2310 seminandum
3564 2269 3773 2313 semen

2124 2352 2357 2394 suum.»
2386 2331 2660 2413 Seipsum
2688 2335 2830 2396 dicit
2862 2344 3146 2416 satorem,
3178 2355 3382 2399 semen
3415 2349 3611 2400 autem
3639 2359 3771 2402 ver-

2126 2421 2280 2482 bum.
2320 2420 2471 2483 Exiit
2493 2431 2689 2483 autem
2726 2443 2842 2485 non
2869 2424 3023 2497 loco,
3049 2443 3183 2486 nam
3220 2426 3441 2506 ubique
3475 2437 3637 2490 erat:
3669 2430 3773 2491 sed

2125 2511 2452 2572 secundum
2501 2511 2646 2573 illud
2696 2512 2856 2593 quod
2916 2513 3089 2575 nobis
3124 2517 3365 2595 propior
3395 2516 3584 2579 factus
3616 2527 3776 2581 esset

2124 2619 2228 2678 per
2273 2618 2537 2674 carnem,
2594 2601 2813 2662 dicitur
2871 2604 3074 2681 egredi
3131 2623 3162 2664 e
3214 2605 3430 2665 finibus
3484 2609 3771 2684 paternis.

2122 2691 2491 2752 Exiitautem
2515 2691 2590 2751 ad
2623 2710 2753 2764 nos,
2789 2693 3070 2772 quoniam
3105 2713 3212 2754 nos
3230 2695 3301 2754 ad
3327 2695 3519 2775 ipsum
3550 2697 3773 2760 intrare

2122 2797 2240 2839 non
2283 2779 2600 2857 potuimus.
2643 2781 2714 2842 Et
2743 2781 2814 2841 ad
2849 2782 2991 2862 quid
3027 2783 3366 2844 faciendum
3396 2785 3587 2846 exiit?
3619 2785 3771 2848 Num

2124 2877 2185 2929 ut
2207 2880 2415 2929 exurat
2447 2878 2663 2930 terram
2718 2880 2959 2950 propter
3013 2871 3243 2950 spinas?
3275 2892 3413 2933 num
3450 2882 3510 2935 ut
3543 2876 3776 2954 puniat?

2119 2954 2379 3030 Minime,
2415 2957 2519 3016 sed
2573 2966 2634 3018 ut
2674 2968 3004 3020 sementem
3049 2960 3242 3020 faciat.
3305 2960 3522 3023 Semen
3571 2976 3772 3024 autem

2121 3062 2292 3105 suum
2327 3043 2494 3117 dicit,
2532 3063 2602 3107 eo
2633 3047 2792 3127 quod
2827 3058 2883 3108 et
2917 3049 3218 3128 prophetae
3252 3051 3697 3126 seminaverint,
3720 3063 3777 3113 at

2127 3152 2244 3193 non
2276 3152 2482 3195 semen
2512 3153 2708 3210 suum,
2745 3136 2850 3197 sed
2899 3136 3005 3199 Dei
3077 3136 3210 3217 Ipse
3257 3146 3454 3201 autem
3505 3148 3569 3202 ut
3620 3143 3776 3203 Deus

2128 3240 2335 3284 semen
2364 3241 2560 3296 suum,
2585 3225 2696 3286 hoc
2733 3235 2842 3288 est.
2881 3226 3214 3306 proprium,
3269 3229 3618 3291 seminavit:
3657 3249 3775 3291 non

2127 3310 2285 3371 enim
2318 3310 2517 3372 divina
2545 3313 2734 3391 gratia
2765 3313 3095 3377 illustratus
3137 3325 3248 3388 est,
3297 3316 3470 3386 absit,
3509 3317 3614 3379 sed
3647 3317 3776 3395 ipse

2127 3408 2251 3460 erat
2280 3399 2570 3479 sapientia
2597 3405 2726 3465 Dei.

2209 3580 2386 3641 Vens.
2410 3581 2544 3644 4-6.
2583 3579 2834 3641 «Etcum
2867 3581 3333 3651 seminarenalia
3353 3584 3594 3664 quidem
3617 3587 3777 3646 ceci-

2125 3666 2525 3748 deruntjuxta
2556 3670 2800 3744 viam,et
2832 3672 3410 3734 veneruntvolucres
3429 3674 3776 3746 coali,etde-

2126 3768 2486 3818 voraverunt
2507 3759 2720 3832 ea;alia
2743 3768 2940 3820 autem
2968 3761 3318 3822 ceciderunt
3348 3763 3407 3821 in
3438 3770 3656 3824 terram
3681 3783 3778 3842 pe-

2128 3855 2372 3928 trosam,
2400 3847 2500 3908 ubi
2532 3868 2646 3909 non
2675 3849 2972 3910 habebant
3005 3851 3254 3912 multum
3290 3859 3486 3923 terrae,
3514 3861 3569 3912 et
3605 3853 3782 3930 proti-

2128 3957 2238 3998 nus
2269 3947 2470 3998 exorta
2495 3947 2733 4010 sunt,eo
2760 3939 2920 4019 quod
2943 3958 3058 4001 non
3089 3941 3386 4002 habebant
3413 3941 3781 4020 profundita-

2129 4034 2244 4087 tem
2277 4035 2471 4088 terraa:
2499 4047 2632 4088 cum
2667 4037 2862 4088 autem
2896 4037 3133 4090 exortus
3159 4040 3246 4091 est
3277 4036 3599 4105 sobexusta
3622 4038 3776 4093 sunt:

2128 4124 2186 4175 et
2214 4117 2313 4195 qui
2348 4135 2463 4176 non
2500 4116 2798 4177 habebant
2829 4117 3116 4190 radicem,
3152 4119 3783 4199 exaruerunt.»Hiqui

1505 4206 1563 4271 Ὀ
1623 4213 1722 4291 γὰρ
1779 4210 2037 4289 λογισμὸς

2124 4206 2288 4284 juxta
2307 4203 2629 4283 viam,sunt
2652 4207 2840 4282 ignavi
2864 4215 2921 4266 et
2941 4207 3306 4288 desides,qui
3328 4228 3631 4289 nunquam
3655 4227 3783 4270 sus-

2126 4292 2352 4372 cipiunt
2377 4293 2640 4354 verbum.
2669 4298 2834 4357 Mens
2867 4297 3025 4357 enim
3051 4315 3254 4359 eorum
3293 4298 3383 4358 via
3414 4308 3504 4359 est
3531 4299 3782 4360 concul—

2128 4393 2255 4443 cata
2285 4391 2343 4443 et
2374 4382 2613 4456 dura,et
2640 4385 2888 4444 minime
2908 4396 3067 4446 arata
3095 4407 3106 4445 :
3133 4387 3205 4447 ab
3240 4387 3313 4447 iis
3336 4387 3516 4466 igitur
3545 4388 3787 4468 rapiunt

375 4482 538 4556 λόγον
601 4483 664 4536 τὰ
723 4482 936 4538 πετεινὰ
992 4488 1084 4539 106
1155 4484 1395 4560 ο·ἶ›ρανοῦ,
1453 4480 1571 4547 ἤτοι
1626 4488 1719 4537 τοῦ
1772 4479 1924 4557 ἀέρος
1980 4478 2040 4532 τὰ

2129 4471 2376 4532 verbum
2410 4474 2676 4533 volucres
2706 4474 2863 4552 coeli,
2902 4476 3015 4536 hoc
3048 4477 3411 4555 est,Spiritus
3441 4475 3623 4550 aeris,
3659 4476 3784 4536 dae-

376 4572 688 4644 πνεῦματα,
747 4571 1039 4649 τουτέστιν,
1102 4575 1148 4627 οἱ
1204 4570 1472 4646 δαίμονες.
1526 4572 1586 4628 Οἱ
1633 4568 1688 4625 δὲ
1720 4568 1806 4624 ἰπὶ
1835 4568 1901 4624 τὰ
1943 4588 2045 4623 πε-

377 4657 587 4736 τρώδη,
637 4662 684 4714 οἱ
715 4659 1038 4724 ἀκούσαντες
1081 4661 1202 4739 μὲν,
1249 4659 1334 4715 διὰ
1388 4657 1442 4714 δὲ
1493 4659 1589 4725 τὴν
1647 4657 1912 4714 ἀσθένειαν
1969 4657 2046 4731 μὴ

376 4746 699 4811 ἀντιϐάντες
731 4760 1054 4827 πειρασμοῖς
1114 4749 1149 4816 ἢ
1207 4748 1470 4822 θλίψεσιν,
1514 4745 1652 4802 ἀλλὰ
1681 4743 2047 4824 καταπροδόν-

375 4860 462 4902 τες
507 4840 605 4905 τὴν
663 4839 860 4893 οἰκείαν
935 4840 1198 4915 σωτηρίαν
1229 4855 1243 4868 ⁸
1320 4836 1470 4904 ἥλιον
1535 4837 1634 4913 γὰρ
1677 4833 2046 4900 ἆνατείλαντα,

377 4928 511 4991 τοὺς
571 4928 898 5006 πειρασμοὺς
958 4929 1088 5006 νόει,
1151 4926 1282 4985 διότι
1336 4931 1381 4983 οἱ
1426 4926 1706 5004 πειρασμοὶ
1760 4922 2049 4980 δεικνύουσι

377 5019 504 5079 τοὺς
565 5016 895 5096 ἀνθρώπους,
981 5018 1068 5072 καὶ
1147 5024 1455 5097 φανεροῦσιν
1527 5017 1600 5078 ὡς
1681 5016 1708 5070 6
1761 5012 1912 5080 ἥλιος
1987 5013 2054 5066 τὰ

375 5095 754 5186 κρυπτόμενα,
818 5128 840 5160 α
912 5095 1101 5163 ἾΑλλα
1159 5095 1214 5163 δὲ
1279 5106 1463 5162 ’ἔπεσεν
1508 5105 1591 5161 ἐπὶ
1648 5104 1740 5168 τὰς
1801 5101 2047 5176 ἀκάνθας,

376 5199 474 5254 καὶ
538 5194 803 5264 ἀνέϐησαν
875 5198 929 5251 αἱ
1009 5196 1253 5270 ἄκανθαι,
1341 5196 1428 5250 καὶ
1496 5190 1754 5257 ἀπέπνιξα
1829 5189 1978 5246 αὐτά.
2022 5215 2043 5245 υ

379 5287 541 5345 Οὗτοί
587 5289 719 5344 εἰσιν
765 5290 814 5344 οἱ
886 5284 971 5342 διὰ
1045 5286 1149 5341 τῶν
1193 5284 1476 5365 φροντίδων
1523 5281 1903 5355 ἀποπνίγοντες
1963 5279 2052 5334 τὸν

378 5377 543 5454 λόγον
580 5395 592 5407 ’
659 5378 762 5435 κᾶν
805 5377 912 5454 γὰρ
943 5373 1076 5449 δοκῇ
1107 5377 1133 5430 6
1191 5375 1440 5437 πλούσιος
1487 5373 1690 5450 ἀγαθήν
1720 5390 1841 5425 τινα
1869 5365 2052 5446 πρᾶξιν

2131 4579 2339 4621 mones
2371 4561 2672 4622 videlicet.
2705 4562 2817 4635 Qui
2847 4581 2984 4624 vero
3016 4582 3203 4641 super
3237 4574 3558 4644 petrosam,
3585 4573 3724 4624 sunt
3745 4565 3786 4625 ii

2130 4648 2232 4729 qui
2253 4648 2854 4729 audieruntquidem,
2891 4652 2995 4712 sed
3033 4663 3274 4732 propter
3307 4653 3781 4714 imbecillitatem

2133 4738 2192 4798 in
2219 4738 2643 4799 tentationibus
2663 4749 2764 4800 aut
2793 4740 3218 4802 afﬂictionibus
3243 4761 3359 4802 non
3383 4741 3781 4819 obluctantur,

2134 4828 2237 4889 sed
2274 4828 2532 4907 perdunt
2560 4847 2726 4889 suam
2743 4831 3017 4892 salutem.
3041 4831 3152 4892 Per
3171 4832 3357 4892 solem
3394 4831 3548 4890 enim
3578 4832 3786 4891 orien-

2136 4917 3113 4999 tem,intellige65tentationes,eo
3135 4921 3290 4997 quod
3316 4919 3559 4981 tentatio
3580 4928 3786 4980 osten-

2136 5004 2218 5066 dit
2234 5006 2507 5068 homines
2520 5009 3064 5089 etdeclaratquales
3078 5013 3392 5077 sunt,sicut
3407 5010 3492 5071 sol
3512 5009 3763 5070 manifes
3779 5042 3792 5051 -

2138 5103 2220 5155 tat
2253 5095 2628 5158 abscondita.
2678 5119 2705 5156 ‹
2727 5099 2858 5159 Alia
2884 5107 3080 5160 autem
3110 5100 3459 5161 ceciderunt
3484 5101 3639 5161 inter
3661 5100 3786 5178 spi-

2139 5194 2332 5258 nas,et
2353 5186 2755 5248 ascenderunt
2777 5187 2985 5266 Spinaa,
3009 5198 3066 5248 et
3087 5190 3523 5251 suffocaverunt
3555 5207 3645 5250 ea.
3661 5211 3683 5242 ι
3700 5187 3791 5250 Illi

2137 5277 2392 5356 suntqui
2424 5278 2583 5338 curis
2607 5277 3434 5341 suﬂ‘ocantsermonem.Nam
3468 5280 3632 5340 dives
3654 5277 3793 5340 licet

2135 5365 2406 5426 videatur
2423 5366 2640 5427 bonum
2659 5366 2959 5445 quoddam
2975 5367 3422 5446 opusfacere,at
3444 5386 3560 5428 non
3573 5367 3792 5428 crescit

468 5580 549 5650 τίη)
581 5576 738 5640 Huic
774 5571 977 5635 turbae
1015 5569 1288 5650 permisti
1322 5576 1491 5630 erant
1520 5564 1806 5630 Pharisaei
1829 5572 1896 5624 ut
1927 5581 1960 5625 e
1985 5559 2375 5644 sequentibus
2412 5561 2789 5641 patet,Snpra
2821 5561 2879 5636 5,
2915 5563 2972 5634 6,
3006 5564 3064 5624 7.
