4204 6424
322 373 445 440 285

973 375 1417 439 ENARRATIO
1462 369 2065 437 INEVANGELIUM
2110 368 2506 432 MATTH/EI.
2552 400 2631 412 —
2672 363 3012 434 CARXIII.

3606 360 3727 425 286

323 532 409 578 τις
466 523 585 575 τοῖς
647 513 937 591 αἱρετικοϊς
1003 510 1091 566 καὶ
1144 522 1262 572 τοῖς
1341 519 1604 586 πονηροῖς
1676 504 1986 583 λογισμοῖς.

2085 506 2194 564 tem
2222 499 2552 581 angeli.qui
2584 499 2967 578 indignantur
2995 514 3131 559 esse
3153 497 3413 559 hareses
3433 493 3528 556 vel
3551 492 3728 556 mali-

332 599 520 659 Δοῦλοι
581 597 660 678 δὲ,
727 601 774 658 οἱ
820 597 1062 678 ἄγγελοι,
1109 600 1163 654 οἳ
1210 597 1596 676 ἀγανακτοῦσιν
1627 595 1713 652 ἐπὶ
1740 601 1817 668 τῷ
1846 596 1988 650 εἶναι

330 689 579 770 αἱρέσεις,
617 690 653 758 ἢ
685 690 941 768 πονηρίας
985 688 1039 744 ἐν
1069 695 1137 764 τῇ
1169 690 1348 767 ψυχῇ,
1396 687 1485 743 καὶ
1533 684 1810 762 βούλονται
1855 682 1989 738 ἀνα-

328 786 464 852 σπᾷν
509 779 598 836 καὶ
643 780 924 836 ἐκκόπτειν
985 777 1047 833 ἐκ
1088 783 1180 834 τοῦ
1236 777 1349 854 βίου
1391 777 1513 846 τούς
1584 797 1642 832 τε
1700 772 1989 852 αἱρετικοὺς

327 871 415 926 καὶ
465 871 590 932 τοὺς
635 869 703 924 τὰ
761 867 971 946 πονηρὰ
1028 865 1425 944 λογιζομένους,
1490 856 1551 923 Ὀ
1609 865 1739 926 Θεὸς
1769 867 1829 921 οὗ
1859 883 1991 937 συγ-

330 970 509 1038 χωρεῖ
564 959 685 1020 τοὺς
749 956 1042 1036 αἱρετικοῦς
1119 953 1204 1010 διὰ
1272 953 1524 1028 πολέμων
1597 951 1987 1038 ἀναλίσκεσθαι,

332 1035 428 1102 ἵνα
459 1046 538 1122 μὴ
581 1047 939 1125 συμπάσχωσι
969 1047 1058 1101 καὶ
1105 1066 1196 1101 συν
1228 1044 1329 1122 [αν]
1366 1042 1684 1100 αλίσκωνται
1715 1041 1802 1098 καὶ
1833 1039 1880 1096 οἱ
1909 1035 1991 1092 δί-

336 1159 504 1198 καιοι,
574 1127 799 1212 Ὀμοίως
853 1133 968 1192 οῦδὲ
1054 1132 1140 1190 διὰ
1194 1135 1316 1198 τοὺς
1381 1132 1646 1211 πονηροὺς
1700 1127 1988 1218 λογισμοὺς

335 1223 476 1283 θέλει
534 1227 562 1280 ὁ
619 1227 749 1287 Θεὸς
793 1224 1074 1282 ἐκκόπτειν
1128 1225 1221 1280 τὸν
1281 1221 1574 1302 ἄνθρωπον,
1636 1221 1732 1276 ’ίνα
1776 1219 1853 1295 μὴ
1899 1223 1988 1274 καί

336 1317 364 1370 6
420 1328 570 1379 σῖτος
627 1312 1004 1393 συνδιαφθαρῇ.
1068 1317 1198 1371 Οἴον
1262 1313 1351 1368 ἐὰν
1428 1315 1454 1368 6
1509 1315 1778 1373 Ματθαϊος
1835 1306 1984 1378 ζιζά-

330 1425 439 1460 νιον
495 1405 570 1460 ὢν
624 1403 797 1470 ἐκόπη
841 1401 902 1459 ἑκ
947 1407 1047 1469 τῆς
1107 1405 1276 1482 ζωῆς,
1356 1400 1678 1466 συνεξεκόπη
1724 1400 1784 1455 ἂν
1843 1398 1985 1468 αὒτῴ

325 1493 412 1548 καὶ
470 1495 499 1549 6
540 1491 758 1562 ὕστερον
802 1491 1015 1567 μέλλων
1076 1489 1128 1556 ἒξ
1180 1495 1340 1550 αυτοῦ
1367 1489 1667 1568 βλαστῆσαι
1701 1498 1794 1547 τοῦ
1821 1485 1985 1562 λόγου

322 1595 474 1644 σῖτος
510 1600 522 1612 ·
571 1582 773 1655 ὁμοίως
800 1583 886 1638 καί
916 1584 944 1638 6
977 1580 1205 1649 Παῦλος,
1253 1581 1343 1636 καὶ
1373 1583 1400 1636 6
1430 1579 1634 1656 λῃστής
1665 1601 1678 1615 ·
1714 1580 1858 1634 οῦτοι
1899 1576 1985 1651 γὰρ

322 1670 527 1742 ζιζάνια
585 1670 759 1745 ὄντες,
818 1674 913 1730 οῦκ
971 1668 1327 1741 ἐξεκόπησαν,
1394 1668 1532 1726 ἀλλὰ
1597 1667 1986 1748 συνεχωρήθη-

2072 591 2212 652 tiam
2236 591 2294 652 in
2320 591 2672 660 animam,et
2702 589 2907 650 volunt
2925 587 3184 649 evellere
3205 594 3264 646 et
3284 584 3635 650 exscindere
3661 601 3729 644 ex

2071 682 2185 744 hac
2214 681 2327 742 vita
2375 677 3047 749 haereticos,etmala68
3063 676 3410 754 cogitantes.
3445 673 3731 735 Deusau-

2075 778 2191 831 tem
2224 789 2343 831 non
2391 769 2674 849 permittit
2737 767 3051 829 haereticos
3097 765 3270 826 bellis
3302 763 3596 837 consumi,
3655 782 3730 823 ne

2075 861 2253 922 simul
2285 861 2588 939 patiantur
2609 868 2668 921 et
2690 871 3124 920 consumantur
3142 853 3608 936 justi.Similiter
3632 873 3730 914 ne-

2076 968 2191 1030 que
2225 958 2466 1030 propter
2499 948 2688 1010 malas
2714 947 3104 1027 cogitationes
3128 946 3252 1007 vult
3277 944 3436 1007 Deus
3466 941 3731 1004 exscindi

2075 1039 2403 1114 hominem,
2466 1056 2540 1100 ne
2601 1046 2658 1098 et
2714 1037 2972 1098 triticum
3032 1035 3207 1097 simul
3261 1044 3726 1113 corrumpatur;

2076 1129 2331 1210 exempli
2362 1128 2641 1208 gratia,si
2663 1127 2977 1190 Mattliaeus
3008 1124 3242 1186 excisus
3275 1123 3486 1184 fuisset
3517 1141 3587 1183 ex
3622 1123 3732 1182 hac

2069 1219 2205 1298 vita,
2272 1237 2404 1280 cum
2455 1225 2614 1278 esset
2661 1216 2975 1294 zizauium,
3011 1215 3188 1275 simul
3225 1215 3429 1292 utique
3461 1211 3726 1273 excisum

2067 1307 2277 1369 fuisset
2298 1316 2356 1370 et
2385 1307 2678 1368 sermonis
2698 1304 3250 1383 frumentum,quod
3283 1310 3488 1382 postea
3510 1319 3578 1361 ex
3601 1299 3730 1378 ipso

2067 1399 2359 1460 oriturum
2393 1407 2562 1470 erat;
2592 1395 2872 1456 similiter
2896 1404 2953 1456 et
2988 1395 3233 1472 Paulus,
3265 1396 3325 1454 et
3383 1391 3556 1452 latro.
3623 1388 3728 1448 Hi-

2068 1488 2227 1550 enim
2261 1507 2395 1549 cum
2428 1486 2651 1547 zizauia
2683 1493 2906 1558 essent,
2945 1504 3062 1545 non
3094 1492 3232 1544 sunt
3261 1479 3589 1560 exstirpati,
3627 1477 3728 1538 sed

2069 1577 2346 1658 permissi
2369 1584 2508 1638 sunt
2536 1576 2758 1648 vivere,
2797 1584 2860 1635 ut
2887 1582 3188 1638 cresceret
3251 1581 3456 1652 postea
3487 1570 3725 1630 illorum

2072 1665 2522 1730 virtus.Dicitur
2554 1665 2737 1744 igitur
2763 1665 2837 1724 de
2887 1664 3112 1743 angeiis
3158 1665 3318 1743 quod
3350 1662 3407 1720 in
3439 1677 3726 1720 consum-

324 1781 422 1818 σαν
450 1765 568 1836 ζῇν,
639 1761 733 1816 ’ίνα
793 1759 998 1837 αὐξηθῇ
1067 1761 1100 1826 ἡ
1157 1759 1291 1833 μετὰ
1349 1765 1513 1816 ταῦτα
1571 1761 1742 1816 αὒτῶν
1800 1755 1982 1832 ἀρετή.

2085 1757 2333 1818 matione
2366 1764 2504 1816 tunc
2537 1752 2983 1830 congregabunt
3015 1752 3383 1824 zizania,hoc
3415 1749 3733 1822 est,ha‘.re-

323 1835 686 1925 Λέγειτοίνυν
743 1862 863 1913 τοῖς
919 1835 1191 1926 ἀγγέλοις,
1247 1847 1354 1926 ὅτι,
1418 1845 1513 1904 Ἐν
1571 1848 1639 1922 τῇ
1696 1841 1985 1916 συντελείᾳ,

2085 1846 2248 1908 Licos.
2285 1845 2397 1906 Sed
2425 1842 2772 1924 quomodo?
2798 1841 2863 1903 In
2887 1841 3224 1911 fasciculos,
3261 1841 3372 1901 hoc
3399 1847 3509 1910 est,
3541 1835 3733 1914 ligatis

322 1937 447 1994 τότε
526 1936 771 2004 συνάξετε
856 1939 923 1994 τὰ
992 1937 1216 2015 ζιζάνια,
1289 1935 1406 2002 ἤτοι
1493 1937 1615 1999 τοὺς
1674 1931 1988 2014 αἱρετικούς,

327 2025 496 2084 Ἀλλὰ
539 2034 706 2101 πῶς;
783 2029 867 2090 Εἰς
913 2024 1129 2102 δέσμας,
1196 2026 1458 2096 τουτέστι,
1505 2021 1760 2095 δήσαντες
1820 2019 1992 2077 αὐτῶν

2076 1952 2282 1996 eorum
2319 1932 2592 1994 manibus
2622 1941 2680 1992 et
2710 1931 2966 2011 pedibus
3000 1954 3016 2003 ς
3049 1951 3163 1991 non
3198 1930 3354 1991 enim
3393 1937 3533 1988 tunc
3581 1926 3731 1986 ultra

2075 2025 2206 2105 quis
2236 2024 2470 2104 operari
2503 2022 2854 2100 poterit,sed
2902 2022 3095 2082 omnis
3129 2017 3416 2100 operandi
3450 2017 3536 2076 vis
3589 2015 3730 2093 liga-

327 2130 524 2196 χεῖρας
581 2118 670 2172 καὶ
726 2114 889 2180 πόδας
926 2136 939 2150 ·
990 2117 1082 2172 οῦκ
1124 2115 1200 2170 ’ἑτι
1265 2117 1364 2193 γὰρ
1418 2113 1629 2171 δύναται
1680 2133 1760 2175 τις
1819 2109 1980 2188 ἐργά-

2085 2114 2244 2177 iitur.
2284 2115 2669 2174 Frumentum
2691 2120 2911 2182 autem,
2945 2111 3134 2172 sancti
3169 2109 3467 2186 videlicet,
3503 2124 3536 2167 a
3560 2123 3728 2165 mes-

329 2209 517 2262 σασθαι
586 2206 733 2279 τότε,
780 2204 920 2262 ἀλλὰ
975 2212 1117 2262 πᾶσα
1177 2204 1442 2283 πρτικτικθ⁸
1485 2201 1702 2278 δύναμις
1760 2203 1983 2274 δεσμεῖ-ο

326 2318 436 2354 ται.
496 2287 554 2353 '0
613 2294 670 2351 δὲ
731 2309 908 2366 σῖτος,
969 2293 1088 2361 ἤτοι
1147 2295 1194 2350 οἱ
1249 2293 1421 2372 ἅγιοι,
1482 2293 1796 2370 συνάγονται
1844 2288 1986 2367 παρὰ

325 2391 434 2440 τῶν
488 2384 743 2463 θεριστῶν
800 2382 1042 2461 ἀγγέλων
1102 2384 1174 2446 εἰς
1221 2384 1316 2444 τὰς
1361 2383 1628 2460 οὖρανίους
1684 2379 1980 2446 ἀποθήκας.

329 2466 558 2548 Ὀμοίως
617 2474 705 2530 οὖν
766 2475 853 2529 καὶ
911 2476 958 2529 οἱ
1016 2473 1236 2550 πονηροὶ
1302 2471 1550 2548 λογισμοὶ
1597 2471 1687 2534 οὒς
1745 2469 1901 2547 εἶχεν
1961 2471 1987 2522 '0

328 2563 534 2627 Παῦλος
620 2563 753 2619 ὅταν
825 2561 1059 2634 ἒδίωκεν,
1157 2562 1456 2626 ἐκαύθησαν
1524 2565 1602 2633 τῷ
1677 2559 1798 2635 πυρὶ
1900 2563 1991 2612 τοῦ

334 2661 582 2731 Χριστοῦ,
631 2655 659 2704 ὃ
717 2651 846 2720 ἦλθε
903 2651 1092 2729 βαλεῖν
1143 2651 1228 2707 ἐπὶ
1271 2651 1366 2718 τῆς
1430 2654 1558 2728 γῆς,
1614 2650 1642 2704 6
1701 2645 1758 2703 δὲ
1812 2659 1989 2716 σῖτος,

333 2742 448 2810 ἤτοι
499 2744 548 2799 οἱ
605 2743 791 2820 ἀγαθοὶ
854 2740 1123 2820 λογισμοὶ,
1159 2742 1504 2820 συνήχθησαν
1537 2740 1609 2796 εἷς
1638 2739 1731 2801 τὰς
1780 2735 1991 2803 ἀποθή-

332 2853 431 2897 κας
461 2837 558 2899 τῆς
588 2831 604 2854 ’
615 2830 936 2898 Εκκλησίας.

429 2945 452 2977 ι
499 2911 716 2988 ’Ἄλλην
785 2920 1094 3002 παραϐολὴν
1152 2921 1450 3001 παρέθηκεν
1507 2921 1690 2983 αὐτοῖς
1765 2917 1934 2996 λέγων
1967 2933 1979 2945 ·

347 3003 536 3085 Ὀμοία
588 3010 723 3067 ἰστὶν
773 3015 806 3079 ἡ
861 3011 1107 3089 βασιλεια
1166 3017 1274 3067 τῶν
1332 3009 1567 3090 οὗρανῶν
1624 3007 1808 3080 κόκκῳ
1836 3006 1986 3062 σινά-

345 3121 511 3168 πεως,
576 3100 633 3155 ὃν
717 3097 888 3157 λαϐὼν
943 3098 1214 3168 ἅνθρωπος
1295 3098 1536 3176 ἔσπειρεν
1594 3097 1650 3153 ὲν
1706 3103 1784 3170 τῷ
1844 3097 1991 3175 ὸγρῷ

340 3189 498 3244 αὐτοῦ
533 3204 546 3217 ·
605 3189 640 3268 ὃ,
686 3188 996 3268 μικρότερον
1053 3187 1148 3262 μέν
1208 3187 1350 3244 ἐστιν
1399 3187 1616 3243 πάντων
1683 3191 1792 3241 τῶν
1835 3205 1996 3262 σπερ-

334 3277 538 3353 μάτων.
603 3265 781 3336 "011v
839 3275 892 3333 δὲ
951 3275 1173 3357 αὐξηθῇ,
1235 3278 1426 3352 μεῖζον
1482 3277 1699 3334 πάντων
1727 3281 1832 3331 τῶν
1891 3272 2000 3330 λα·-

331 3368 519 3447 χάνων
576 3365 710 3438 ἐστὶ,
771 3369 860 3424 καὶ
926 3371 1128 3444 γίνεται
1196 3365 1423 3445 δένδρον,
1505 3367 1640 3423 ὥστε
1713 3363 1889 3420 ἐλθεῖν
1942 3371 2007 3426 τὰ

332 3457 550 3512 πετεινᾶ
593 3464 686 3513 τοῦ
739 3459 961 3536 οὖρα-δοῦ
1001 3455 1089 3511 καὶ
1145 3457 1514 3522 κατασκηνοῦν
1573 3453 1628 3510 ἐν
1688 3466 1811 3516 τοῖς
1871 3451 2011 3507 κλά-

333 3543 442 3608 δοις
474 3545 657 3604 αὑτοῦ.
701 3566 723 3598 Ii
794 3545 996 3608 Κόκκος
1047 3545 1332 3607 σινάπεως.
1382 3546 1444 3599 τὸ
1486 3544 1757 3620 κηρυγμα,
1803 3542 1892 3597 καὶ
1947 3541 1993 3596 οἱ

332 3633 624 3691 ἀπόστολοι
662 3651 675 3663 ’
713 3632 881 3710 ὀλίγοι
939 3634 1038 3710 γὰρ
1079 3632 1358 3696 δοκοῦντες
1419 3633 1585 3700 οὗτοι,
1619 3633 1716 3697 τὴν
1747 3629 1996 3689 οἰκουμέ-

336 3746 430 3788 νην
461 3722 595 3789 ὅλην
654 3719 967 3800 περιέλαϐον
998 3740 1016 3758 ο
1073 3722 1210 3780 ὥστε
1263 3725 1326 3778 τὰ
1361 3723 1576 3779 πετεινὰ
1620 3728 1712 3777 τοῦ
1756 3723 1997 3803 οὖρανοῦ⁷

336 3811 595 3879 τουτέστι,
657 3812 780 3876 τοὺς
837 3813 1038 3889 κούφην
1107 3812 1196 3868 καὶ
1242 3812 1520 3890 πτερωτὴν
1590 3811 1722 3888 πρὸς
1783 3811 1848 3865 τὰ
1900 3806 2008 3862 ἅνω

337 3899 561 3980 ἔχοντας
607 3901 854 3978 γνώμην,
948 3903 1302 3956 ἀναπαύεσθαι
1385 3901 1438 3956 ὲν
1517 3903 1729 3962 αὐτοτς.
1791 3900 1888 3956 Καὶ
1943 3900 2004 3952 σὺ

333 3990 504 4046 τοίνυν
550 3990 640 4047 ἔσο
672 4011 866 4054 κοκκος
917 3992 1208 4069 σινάπεως,
1257 3993 1447 4069 μικρὸς
1502 3991 1600 4066 μὲν
1651 3991 1712 4046 τὸ
1743 4009 2005 4068 φαινομε-

334 4102 423 4136 νον
490 4078 573 4159 (οὗ
632 4080 733 4157 γὰρ
793 4076 877 4135 δεῖ
925 4082 1213 4157 θεατρίζειν
1259 4081 1354 4147 τὴν
1416 4078 1659 4158 ἀρετὴν),
1719 4078 1910 4156 θερμὸς
1951 4074 2006 4131 δὲ

338 4170 428 4224 καὶ
469 4166 724 4239 ζηλωτὴς
783 4169 870 4224 καὶ
929 4166 1114 4244 δριμὺς
1188 4191 1279 4225 και
1340 4167 1651 4246 ἔλεγτικός’
1719 4167 1856 4224 οὕτω
1911 4167 2011 4243 γὰρ

341 4259 546 4334 γενήσῃ
609 4258 802 4332 μείζων
858 4264 962 4313 τῶν
1007 4255 1291 4336 λαχάνων,
1352 4257 1614 4329 τουτέστι,
1647 4262 1753 4312 τῶν
1781 4257 2009 4312 ἀσθενῶν

338 4347 426 4402 καὶ
481 4347 542 4402 οὗ
607 4344 840 4414 τελείων,
927 4345 1130 4408 τέλειος
1221 4348 1374 4412 α·“›τὸ;
1439 4347 1539 4424 ὢν,
1603 4345 1741 4402 ὥστε
1796 4346 1887 4400 καὶ
1943 4345 2007 4399 τα

2067 2203 2302 2264 soribus
2331 2202 2558 2280 angelis
2590 2200 3053 2280 congregabitur
3085 2201 3144 2260 in
3191 2198 3454 2262 coelestia
3484 2197 3726 2258 horrea.

2067 2292 2252 2373 Igitur
2285 2292 2569 2353 similiter
2626 2291 2795 2352 mala
2867 2290 3260 2366 cogitationes
3323 2305 3473 2366 quas
3529 2282 3736 2345 habuit

2070 2381 2309 2453 Paulus,
2367 2381 2603 2461 quando
2639 2380 3134 2461 persequebatur,
3183 2389 3408 2439 exustae
3442 2383 3580 2435 sunt
3614 2373 3712 2450 ign

2070 2470 2308 2544 Christi,
2340 2489 2515 2550 quem
2549 2469 2707 2530 venit
2738 2470 2796 2531 in
2829 2478 3044 2531 terram
3082 2466 3737 2533 mitterezfrumentumi

2073 2571 2296 2635 autem,
2330 2559 2388 2620 id
2421 2570 2534 2637 est,
2572 2560 2743 2620 bonae
2759 2558 3176 2640 cogitationes,
3201 2565 3572 2636 congregata;
3601 2562 3740 2614 sunt

2078 2651 2137 2711 in
2166 2650 2382 2711 horrea
2416 2649 2726 2711 Ecclesia.

2153 2916 2338 2980 νεεδ.
2374 2919 2477 2993 3t,
2511 2917 2614 2978 32.
2658 2941 2684 2973 α
2720 2917 2913 2980 Aliam
2950 2916 3296 2998 parabolam
3355 2915 3570 2996 adjecit
3627 2913 3736 2992 eis,

2073 3006 2303 3068 dicens:
2338 3005 2550 3068 Simile
2569 3015 2657 3067 est
2689 3025 2939 3086 regnum
2967 3008 3256 3070 ccelorum
3282 3023 3466 3083 grano
3491 3000 3740 3082 sinapis,

2075 3097 2234 3178 quod
2267 3096 2495 3174 accepit
2551 3096 2751 3168 homo,
2814 3114 2873 3157 et
2913 3095 3211 3176 seminai‘;
3292 3114 3326 3155 u
3407 3111 3548 3172 agro
3608 3110 3746 3152 suo-

2081 3187 2238 3269 quod
2291 3186 2605 3246 minimum
2636 3188 2877 3266 quidem
2909 3197 2999 3248 est
3056 3187 3324 3248 omnium
3382 3184 3676 3246 seminum
3721 3201 3737 3257 ;

2087 3275 2324 3358 quando
2352 3284 2553 3338 autem
2589 3277 2866 3352 creverit,
2893 3278 3218 3338 maximum
3251 3283 3341 3336 est
3371 3275 3526 3334 inter
3555 3271 3743 3345 olera,

2092 3380 2150 3428 et
2181 3366 2244 3426 ﬁt
2273 3363 2633 3436 arbor,adeo
2665 3376 2729 3427 ut
2757 3367 3000 3428 veniant
3023 3369 3294 3428 volucres
3315 3363 3542 3434 cceli,et
3575 3361 3745 3421 nidu-

2094 3457 2292 3517 lentur
2321 3453 2380 3514 in
2413 3455 2596 3516 ramis
2631 3455 3122 3519 illius.»Granum
3146 3449 3745 3533 sinapis,praidicatio

2086 3553 2196 3617 est,
2236 3553 2289 3604 et
2324 3544 2604 3624 apostoli:
2642 3544 2812 3625 pauci
2845 3545 3005 3608 enim
3053 3545 3326 3606 videntur
3353 3542 3436 3613 bi,
3473 3549 3532 3602 et
3558 3549 3742 3600 totum

2085 3641 2292 3698 orbem
2323 3650 2792 3720 occupaverunt,
2844 3649 3022 3720 atque
3055 3640 3157 3708 ita,
3192 3647 3255 3697 ut
3292 3633 3546 3697 volatilia
3589 3630 3741 3703 cmli.

2091 3727 2202 3787 hoc
2225 3736 2335 3800 est,
2371 3727 2471 3806 qui
2504 3727 2693 3789 levem
2727 3738 2787 3790 et
2819 3730 3034 3791 alatam
3066 3729 3139 3789 ad
3189 3723 3452 3787 ccelestia
3486 3731 3744 3784 mentem

2092 3815 2335 3887 habent,
2371 3819 2428 3877 in
2462 3816 2549 3877 eis
2603 3819 2935 3899 quiescant.
2971 3818 3041 3879 Et
3073 3827 3131 3879 tu
3180 3833 3417 3898 quoque
3449 3821 3574 3874 esto
3607 3829 3745 3890 gra-

2089 3924 2230 3966 num
2265 3907 2512 3985 sinapis,
2550 3908 2710 3988 quod
2749 3927 2990 3987 parvum
3038 3908 3279 3989 quidem
3329 3905 3582 3964 videtur.
3620 3900 3744 3963 Non

2089 3994 2248 4055 enim
2281 4005 2516 4074 oportet
2551 3996 2828 4058 virtutem
2854 3998 3108 4077 jactare,
3174 3997 3280 4057 sed
3343 3994 3630 4056 fervidum
3684 4007 3751 4051 se

2097 4085 2367 4163 praebere
2391 4094 2448 4145 et
2474 4087 3011 4164 provocativum,et
3040 4103 3277 4148 austere
3308 4080 3750 4164 reprehenden-

2093 4183 2237 4236 tem.
2273 4172 2372 4235 Sic
2426 4175 2585 4235 enim
2643 4177 2762 4237 eris
2821 4177 3112 4238 maximus
3145 4176 3300 4236 inter
3329 4174 3517 4252 olera,
3543 4171 3599 4231 id
3634 4176 3745 4242 est,

2096 4263 2393 4342 perfectus
2422 4263 2578 4324 inter
2610 4265 2884 4326 inﬁrmos
2914 4273 2972 4326 et
3005 4266 3407 4344 imperfectos,
3444 4263 3523 4322 ita
3553 4269 3615 4321 ut
3647 4277 3748 4319 vo-

2092 4352 2279 4412 latilia
2309 4352 2469 4426 caali,
2509 4354 2624 4416 hoc
2658 4364 2768 4433 est,
2811 4355 3031 4436 angeli,
3067 4353 3334 4415 habitent
3363 4353 3420 4412 in
3453 4360 3532 4423 te,
3565 4368 3748 4426 ange-

338 4435 559 4490 πετεινὰ
626 4443 719 4491 τοῦ
785 4437 1026 4513 οὖρανοῦ,
1088 4435 1352 4513 τουτέστι,
1409 4435 1532 4498 τοὺς
1590 4431 1872 4512 ἀγγέλους,
1956 4431 1996 4492 ἐκ

2095 4441 2268 4502 licam
2302 4441 2557 4503 ducente
2584 4431 2782 4504 vitam.
2821 4431 3088 4507 Gaudent
3120 4445 3278 4504 enim
3321 4442 3404 4502 illi
3439 4441 3496 4500 in
3548 4437 3749 4518 justis.

336 4525 419 4580 σοὶ
501 4523 857 4579 ἀναπαύεσθαι
928 4523 1222 4600 ἀγγελικὴν
1293 4531 1452 4594 ζῶντι
1505 4525 1668 4594 ζωήν.

336 4614 440 4691 γὰρ
471 4613 560 4668 καὶ
591 4611 732 4668 οὗτοι
763 4612 848 4667 ἐπὶ
879 4625 998 4676 τοϊς
1031 4611 1274 4676 δικαίοις.

427 4719 455 4766 ε
493 4689 712 4767 ’Ἄλλην
747 4697 1062 4780 παραϐολὴν
1095 4701 1356 4768 ἐλάλησεν
1379 4707 1564 4765 αὐτοῖς
1598 4721 1616 4738 ⁸
1655 4693 1846 4774 Ὀμοία
1868 4699 2012 4759 ἐστὶν

336 4791 373 4856 ἡ
433 4788 676 4865 βασιλεία
741 4795 849 4845 τῶν
919 4789 1152 4868 οὐρανῶν
1226 4793 1391 4872 ζύμῃ,
1469 4793 1535 4861 ἢν
1594 4788 1830 4847 λαϐοῦσα
1879 4789 2013 4866 γυνη

339 4877 566 4957 ἔκρυψεν
627 4881 702 4942 εἰς
760 4877 982 4957 ἀλεύρου
1041 4880 1170 4934 σάτα
1252 4883 1393 4956 τρὶα,
1487 4881 1588 4944 ἕως
1649 4882 1708 4937 0-3
1773 4877 2011 4953 Ξζυμώθη

342 4965 499 5026 ὅλον.
564 4985 593 5025 )
656 4967 833 5042 Ζύμην
888 4967 1008 5030 τοὺς
1069 4967 1393 5032 ἀποστόλους
1459 4967 1627 5045 λέγει,
1689 4968 1868 5044 ὥσπέρ
1922 4972 2005 5027 καὶ

339 5057 544 5113 κόκκον
595 5057 880 5119 σινάπεως.
953 5046 1176 5136 ’Ὠσπερ
1238 5058 1326 5114 οὖν
1383 5063 1416 5126 ἡ
1467 5060 1630 5135 ζύμη,
1666 5063 1826 5132 μικρὰς
1853 5056 2004 5134 οὖσα,

338 5143 466 5201 ὅλον
508 5146 573 5200 τὸ
628 5143 846 5224 ἄλευρον
931 5146 1000 5206 εἰς
1079 5145 1270 5214 ἑαυτὴν
1344 5161 1649 5224 μεταποιεῖ,
1710 5147 1843 5200 οὖλε)
1921 5146 2009 5199 καὶ

338 5235 502 5310 ὃμεϊς
586 5231 712 5289 ὅλον
791 5236 880 5290 τὸν
937 5234 1138 5309 κόσμον
1208 5238 1621 5316 μεταποιῆσετε,
1698 5235 1795 5291 xiv
1840 5232 2011 5310 ὀλίγοι

334 5322 482 5383 ὶστέ.
556 5323 726 5379 Σάτον
770 5321 848 5404 δὲ,
910 5323 1100 5403 μέτρον
1157 5347 1208 5379 τι
1254 5327 1319 5393 ἦν
1366 5329 1509 5406 παρὰ
1537 5341 1658 5391 τοῖς
1720 5323 2009 5395 Ἰουδαίοις,

1760 4522 2008 4600 Χαίρουσι

1487 4881 1588 4944 ἕως
1649 4882 1708 4937 0-3

2178 4700 2710 4762 VERS.33.cAliam
2739 4701 3080 4783 parabulam
3114 4701 3264 4763 diitit
3294 4699 3406 4761 eis:
3433 4696 3638 4758 Simile
3666 4703 3755 4755 est

2094 4802 2344 4868 regnum
2381 4789 2667 4851 caelorum
2701 4791 3171 4872 fermentuquod
3206 4796 3514 4867 acceptum
3544 4784 3758 4844 mulier

2095 4876 2407 4938 abscondit
2438 4879 2495 4938 in
2529 4878 2734 4941 farinae
2763 4880 2908 4941 satis
2952 4881 3166 4954 tribus,
3204 4879 3395 4940 donec
3425 4874 3754 4935 fermenta-

2097 4975 2219 5027 tum
2250 4976 2340 5029 est
2375 4975 2560 5030 totum
2594 4991 2622 5028 ι
2662 4971 3047 5032 Fermentum
3073 4970 3216 5032 dicit
3246 4965 3572 5048 apostolos,
3602 4961 3758 5024 sicut

2092 5064 2150 5116 et
2177 5074 2425 5132 granum
2485 5057 2736 5139 sinapis.
2773 5059 2936 5122 Sicut
2986 5060 3145 5122 enim
3203 5059 3586 5123 fermentum,
3622 5070 3754 5112 cum

2094 5163 2337 5224 parvum
2368 5148 2464 5226 sit,
2500 5156 2683 5208 totam
2737 5149 2988 5212 farinam
3045 5150 3105 5211 in
3137 5167 3199 5210 se
3233 5144 3537 5225 transfert,
3589 5142 3672 5202 sic
3703 5147 3760 5200 et

2096 5253 2199 5296 vos
2234 5243 2420 5298 totum
2455 5238 2744 5298 mundum
2772 5237 3298 5305 trausl‘ormabitis.
3326 5235 3561 5297 tametsi
3588 5229 3758 5310 pauci

2096 5323 2461 5388 sitis.Satum
2492 5336 2690 5388 autem
2727 5339 2855 5390 erat
2903 5347 3187 5391 mensura
3220 5324 3638 5398 Hebraeorum,
3671 5318 3759 5379 si-

338 5413 524 5490 ὤσπερ
583 5413 671 5468 καὶ
734 5413 901 5488 ἡμεῖς
958 5410 1190 5492 ἔχομεν,
1247 5413 1410 5496 λόγου
1450 5418 1638 5497 χάριν,
1698 5413 1996 5494 χοίνικαςῖ

2098 5423 2198 5476 cut
2225 5414 2382 5494 apud
2415 5434 2522 5476 nos
2552 5425 2663 5490 est,
2702 5426 2765 5479 ut
2794 5419 3054 5499 exempli
3085 5434 3266 5479 causa
3292 5413 3517 5484 dicam,
3545 5408 3766 5499 modus

337 5499 648 5589 ᾃκάλιτρα.
684 5501 836 5566 τινες
893 5501 949 5558 δὲ
1004 5501 1177 5577 ζύμην
1233 5514 1411 5562 νοοῦσι
1443 5496 1505 5561 16
1532 5507 1785 5584 κηρυγμα
1821 5521 1834 5535 ⁶
1890 5501 1996 5579 τρία

2092 5503 2182 5563 vel
2211 5501 2502 5565 decalitra
2531 5505 2733 5587 Aliqui
2766 5496 3106 5589 autem—per
3135 5508 3505 5569 fermentum
3538 5496 3768 5589 intelli-

340 5588 396 5646 δὶ
449 5589 610 5664 σάτα,
681 5590 780 5680 τὰς
835 5605 984 5670 τρεῖς
1029 5593 1126 5659 τῆς
1177 5596 1366 5674 ψυχῆς
1427 5593 1698 5670 δυνάμεις,
1758 5591 1996 5671 λογικὸν,

2088 5600 2234 5671 gunt
2257 5593 2886 5680 praedicationem;per
2911 5587 3023 5662 tria
3038 5605 3237 5662 autem
3261 5600 3392 5656 sata
3408 5587 3768 5680 tres‘animai

338 5680 556 5754 ωμικδν
609 5679 698 5736 καὶ
753 5678 1132 5758 δπιθυμητικόν
1163 5695 1179 5714 ⁸
1233 5697 1461 5762 γυναῖκα
1507 5683 1586 5761 δὲ,
1647 5684 1746 5752 τὴν
1790 5679 1996 5762 ψυχὴν,

2085 5681 2264 5758 vires,
2295 5683 2674 5762 rationalem,
2711 5675 3244 5771 concupiscibilem
3275 5689 3331 5750 et
3355 5675 3764 5746 irascibilem:
