4204 6406
296 318 411 400 989

941 345 1387 410 ENARBATIO
1430 342 1512 411 IN
1554 346 1987 416 EVANGELII

2111 346 2513 414 ΜΑΤΤΗιΕΙ.
2561 383 2640 395 -
2687 350 2851 413 CAP.
2899 350 3066 414 XIII.

3494 348 3702 425 ,290

381 498 403 531 ε
442 478 575 535 Τότε
661 481 709 535 οἱ
770 477 959 536 δίκαιοι
1030 479 1394 558 ἐκλάμψουσιν
1437 486 1512 549 ὡς
1544 487 1572 541 6
1620 484 1776 553 ἥλιος
1808 487 1862 543 ἐν
1895 492 1987 563 τῇλ

2129 484 2315 546 Vens.
2349 482 2448 548 43.
2492 509 2517 540 α
2570 487 2735 545 Tunc
2787 483 2936 563 justi
2986 484 3291 563 fulgebunt
3339 485 3495 547 sicut
3523 486 3611 548 sol
3641 487 3705 549 in

296 564 535 638 βασιλείᾳ
603 573 695 623 τοῦ
759 569 963 648 Πατρὺς
1028 573 1224 630 αὐτῶν.
1274 573 1301 627 6
1346 570 1490 654 ἔχων
1550 574 1663 632 ὦτα
1728 575 1960 655 ἀκούειν,

2080 590 2232 652 egno
2255 574 2449 636 Patris
2467 574 2557 635 sui
2591 574 2701 645 Qui
2725 574 2904 635 habet
2924 592 3098 636 aures
3120 574 3421 639 audiendi.
3440 577 3696 639 audiat.»

300 654 563 718 ἀκουέτω,
639 680 667 711 ι
720 657 870 716 Ἐπεὶ
930 662 957 716 6
1013 658 1168 727 ἣλιος
1220 659 1371 719 δοκεῖ
1411 667 1551 731 ἡμῖν
1601 666 1815 722 πάντων
1858 672 1962 722 τῶν

303 742 534 835 ἀστέρων
589 744 995 825 λαμπρότατος,
1107 748 1192 807 διὰ
1266 759 1419 811 τουτο
1493 754 1755 833 συγκρίνει
1828 758 1961 835 πρὸς

303 835 390 890 τὸν
469 834 632 901 ἣλιον
685 837 786 903 τὴν
844 840 952 894 τῶν
995 836 1211 896 δικαίων
1255 839 1632 921 λαμπρότητα.
1684 843 1834 902 Ἐπεὶ
1876 834 1963 902 καὶ

307 924 435 1001 ὑπὲρ
490 926 577 981 τὸν
652 924 800 992 ἥλιον
845 926 1141 1004 λάμψουσι·
1176 932 1387 1005 μήποτε
1447 930 1500 988 δὲ
1533 932 1714 1003 ἐπειδὴ
1753 926 1961 999 ’Ἥλιος

312 1010 638 1082 δικαιοσύνης
696 1015 837 1072 ἐστὶν
906 1021 934 1074 6
992 1022 1241 1097 Χριστὸς,
1335 1023 1457 1079 τότε
1517 1025 1563 1079 οἱ
1620 1021 1809 1080 δίκαιοι
1866 1025 1961 1080 ἐκ-

317 1101 609 1179 λάμψουσιν
706 1107 779 1170 ὡς
835 1109 863 1163 6
920 1109 1165 1186 Χριστός·
1233 1109 1444 1169 ἔσονται
1488 1114 1588 1192 γὰρ
1672 1117 1759 1171 καὶ
1819 1115 1965 1172 αὒτοὶ

320 1193 447 1253 θεοί.

403 1396 429 1425 ε
464 1371 626 1429 Πάλιν
694 1375 850 1449 ὁμοία
920 1376 1059 1434 ἐστὶν
1101 1380 1134 1447 ἡ
1167 1379 1408 1456 βασιλεία
1442 1386 1544 1440 τῶν
1589 1385 1819 1460 οὐρανῶν
1864 1388 1968 1451 θη-

314 1463 491 1552 σαυρῷ
544 1463 894 1540 κεκρυμμένῳ
955 1464 1009 1519 ἐν
1092 1467 1259 1548 ἀγρῷ,
1338 1469 1396 1526 ὅν
1469 1473 1630 1551 εὺρὼθ
1702 1470 1971 1552 ἅνθρωπος

311 1548 532 1640 ἔκρυψε,
565 1554 651 1640 καὶ
681 1552 787 1608 ἀπὸ
820 1558 918 1620 τῆς
949 1562 1124 1635 χαρᾶς
1171 1560 1328 1615 αὒτοῦ
1372 1548 1589 1640 ὑπάγει,
1662 1548 1834 1619 πάντα
1878 1562 1976 1618 ὅσα

2048 660 2338 733 Quoniam
2375 663 2462 725 sol
2496 664 2735 725 videtur
2768 662 2945 723 nobis
2976 663 3253 725 omnibus
3273 664 3707 745 stellistulgen-

2048 750 2514 832 tior,propterea
2542 761 2851 832 comparat
2901 753 2991 812 70
3008 754 3427 834 solijustorum
3460 753 3707 818 clarita-

2047 840 2343 903 tem.Nam
2368 852 2426 902 et
2448 862 2632 921 super
2655 843 2844 903 solem
2871 842 3462 921 fulgebunl.,fortasse
3481 855 3702 922 autem,

2046 931 2185 1010 quia
2211 930 2573 1012 Soljnstitiaa
2603 931 2896 994 Christus.
2928 932 3094 993 Tunc
3130 932 3279 1013 justi
3309 933 3616 1013 fulgebunt
3647 942 3710 995 ut

2050 1018 2343 1084 Christus.
2380 1021 2570 1083 Erunt
2600 1024 2762 1084 enim
2794 1031 2852 1082 et
2874 1020 2989 1101 ipsi
3019 1021 3125 1081 dii.

2140 1379 2322 1441 Vens.
2359 1379 2458 1441 44.
2493 1402 2515 1435 ‹ι
2555 1381 2775 1442 lterum
2806 1380 3005 1442 simile
3041 1388 3129 1440 est
3157 1397 3407 1459 regnum
3432 1379 3720 1441 caelorum

2062 1468 2343 1529 thesauro
2376 1468 2435 1528 in
2485 1487 2625 1547 agro
2656 1469 3031 1542 abscondito,
3058 1487 3237 1549 quem
3272 1470 3451 1531 homo
3482 1469 3583 1550 qui
3627 1471 3709 1530 in-

2059 1558 2242 1630 venit,
2279 1556 2619 1631 abscondit,
2682 1566 2741 1620 et
2804 1576 2927 1639 prae
2986 1559 3204 1637 gaudio
3260 1558 3425 1620 illius
3454 1557 3612 1619 vadit
3668 1565 3729 1621 et

311 1637 436 1719 ἔχει
494 1639 696 1718 πωλεῖ,
758 1643 847 1698 καὶ
916 1643 1163 1722 ἀγοράζει
1200 1648 1285 1704 τὸν
1315 1637 1751 1729 ἀγρὸν-ἐκεῖνον,
1787 1650 1975 1730 Ἀγρὸς

2077 1646 2277 1707 vendit
2334 1646 2615 1709 universa
2693 1637 2825 1728 quas
2901 1648 3100 1714 habet,
3188 1655 3247 1708 et
3321 1649 3462 1709 emit
3517 1664 3723 1726 agrum

312 1730 340 1785 6
406 1729 630 1810 κόσμος,
687 1734 951 1835 θησαυρὸς
1003 1737 1082 1836 ..τὸ
1156 1739 1404 1817 κήρδγμα
1464 1744 1549 1799 καὶ
1598 1743 1633 1808 in
1662 1750 1857 1820 γνῶσις
1888 1749 1980 1799 τοῦ

2077 1736 2258 1798 .llnm.
2324 1757 2351 1796 ›
2414 1739 2593 1814 Ager,
2632 1737 2941 1799 mundus:
2981 1737 3321 1812 thesaurus,
3385 1735 3727 1815 praedicatio

314 1826 569 1896 Χριστοῦ.
629 1821 927 1898 Κέκρυπται
998 1821 1052 1879 δὲ
1109 1824 1164 1881 ἐν
1211 1834 1287 1901 τῷ
1344 1828 1552 1903 κόσμῳ,
1614 1832 1811 1912 Σοφίαν
1854 1832 1975 1911 γὰρ,

2077 1838 2121 1886 et
2153 1825 2409 1888 scientia
2442 1825 2687 1889 Christi.
2724 1826 3008 1889 Occultus
3039 1835 3131 1887 est
3159 1833 3357 1887 autem
3391 1827 3450 1886 in
3477 1825 3725 1886 mundo.

310 1910 481 1987 φησὶν
552 1911 579 1964 6
632 1908 862 1991 Παῦλος,
948 1914 1281 1993 κηρύττομεν
1332 1918 1431 1985 τὴν
1476 1908 1974 1997 ἀποκεκρυμμένηνλ

312 2001 341 2053 6
401 1996 459 2053 δι
504 2003 680 2070 ζητῶν
760 2001 861 2067 τὴν
920 2006 1013 2060 τοῦ
1071 2011 1202 2061 Θεοῦ
1256 2010 1478 2084 γνῶσιν,
1511 2010 1735 2087 εὑρίσκει
1788 2012 1975 2077 αὒτὴψ

312 2088 403 2144 καὶ
464 2088 641 2143 πάντα
695 2088 793 2145 ὅσα
863 2089 1004 2171 ἔχει,
1071 2092 1185 2150 εἴτε
1243 2093 1482 2174 δόγματα
1536 2098 1814 2172 ἑλληνικὰ,
1868 2099 1980 2156 εἴτε

315 2178 425 2245 aen
486 2179 716 2257 πονηρὰ,
806 2178 917 2236 εἴτε
1000 2184 1283 2262 χρήματα,
1368 2188 1539 2265 ῥίπτει
1613 2189 1825 2259 εὐθέως,
1889 2191 1976 2246 καὶ

316 2266 569 2344 ἀγοράζει
647 2270 737 2324 τὸν
792 2268 976 2352 ἀγρὸν,
1029 2274 1291 2349 τουτέστι,
1354 2279 1446 2333 τὸν
1510 2278 1733 2353 κόσμον·
1794 2285 1979 2355 κτῆμα

318 2358 420 2434 γὰρ
481 2354 619 2412 ἴδιον
675 2356 795 2438 ἔχει
863 2360 954 2415 τὸν
1006 2361 1234 2444 κόσμον,
1294 2367 1320 2421 6
1366 2366 1465 2433 τὴν
1506 2374 1700 2445 γνῶσιν
1729 2376 1823 2426 τοῦ
1858 2354 1980 2447 Χρι-

318 2457 449 2505 στοῦ
506 2445 675 2527 ἔχων
724 2446 872 2505 οὖδὲν
928 2451 1027 2529 γὰρ
1058 2450 1223 2532 ἔχων,
1280 2456 1345 2510 τὰ
1388 2456 1556 2511 πάντα
1618 2458 1863 2538 κατέχει,
1895 2445 1982 2515 καὶ

320 2534 486 2593 δοῦλα
546 2536 665 2617 ἔχει
737 2538 805 2595 τὰ
841 2554 1114 2620 οτοιχεϊα,
1146 2542 1444 2600 ἐπιτάττων
1489 2548 1671 2612 αυτοῖς
1702 2534 1789 2612 ὡς
1821 2534 1975 2614 6'11;-

327 2629 473 2699 σοῦς,
508 2629 583 2691 ὣς
631 2632 855 2695 Μωσῆς.

414 2740 442 2771 ι
479 2715 643 2773 Πάλιν
701 2720 861 2792 ὁμοία
915 2718 1053 2777 ἐστὶν
1142 2724 1173 2790 ἡ
1258 2723 1500 2800 βασιλεία
1566 2729 1673 2781 τῶν
1748 2726 1981 2804 οὖρανῶν

334 2806 592 2884 ἆνθρώπῳ
662 2807 884 2888 ἐμπόρῳ
954 2818 1198 2881 ζητοῦντι
1271 2813 1465 2877 καλοὺς
1524 2818 1870 2894 μαργαρίτας,
1924 2815 1983 2880 ὅς

345 2896 504 2985 εδρὼν
542 2894 635 2985 ἕνα
685 2896 984 2974 πολύτιμον
1056 2904 1412 2981 μαργαρίτην,
1460 2903 1702 2961 ἀπελθὼν
1747 2906 1983 2985 πέπρακε

351 2983 518 3039 πάντα
563 2981 660 3040 ὅσα
729 2990 877 3067 εἶχε,
907 2988 996 3044 καὶ
1052 2990 1319 3070 ἠγόρασεν
1350 2992 1525 3051 αυτόν.
1570 3016 1598 3048 ο
1637 2981 1912 3073 Θάλασσα,
1958 2995 1985 3050 ὁ

2065 1915 2434 1994 Sapientiam
2469 1916 2655 1988 enim,
2688 1915 2881 1995 inquit
2912 1915 3558 1996 Paulus,praedicamus
3584 1913 3726 1975 abs-

2066 2006 2393 2066 conditam.
2430 2003 2718 2077 Quaarens
2749 2014 2948 2065 autem
2993 2005 3304 2066 scientiam
3337 2004 3470 2083 Dei,
3504 2002 3733 2065 invenit

2066 2112 2195 2156 eam
2233 2115 2245 2157 :
2279 2103 2336 2155 et
2368 2094 2572 2155 omnia
2598 2112 2731 2175 qua:
2762 2094 2965 2168 habet,
3000 2093 3125 2155 sive
3154 2094 3404 2173 gentilia
3423 2094 3724 2172 dogmata,

2060 2184 2181 2245 sive
2214 2183 2401 2244 malos
2434 2202 2651 2258 mores,
2685 2183 2811 2244 sive
2859 2182 3117 2256 divitias,
3163 2183 3371 2262 abjicit
3416 2183 3636 2257 statim,
3672 2188 3730 2243 et

2062 2272 2269 2335 vendit
2300 2273 2596 2348 agrum,id
2623 2282 2736 2353 est,
2763 2272 3075 2332 mundum.
3103 2270 3249 2333 Nam
3283 2272 3384 2352 qui
3415 2271 3726 2333 Scientiam

2066 2362 2242 2423 habet
2278 2361 2523 2442 Christi,
2552 2360 2996 2442 possessionem
3022 2362 3327 2442 pr0priam
3357 2360 3534 2422 habet
3557 2378 3727 2420 mun—

2068 2452 2233 2525 dam;
2266 2451 2414 2512 nihil
2450 2452 2610 2512 enim
2644 2450 2896 2525 habens,
2951 2450 3151 2511 omnia
3186 2449 3474 2530 possidet,
3512 2460 3571 2510 et
3597 2450 3725 2511 ele-

2068 2548 2267 2602 menta
2293 2540 2347 2601 ei
2372 2542 2729 2614 serviunl,et
2759 2539 3016 2621 imperat
3045 2539 3352 2621 illis,sicut
3381 2550 3439 2603 et
3466 2541 3638 2603 Jesus
3670 2547 3729 2601 et

2064 2631 2329 2707 Moyses.

2149 2721 2443 2797 Vens.45,
2479 2719 2580 2782 46.
2622 2721 2877 2782 «Iterum
2909 2718 3107 2780 simile
3138 2726 3227 2780 est
3256 2736 3506 2798 regnum
3541 2718 3728 2780 caelo-

2064 2827 2197 2870 rum
2223 2809 2452 2871 homini
2469 2809 2815 2887 negotiatori
2835 2808 3124 2889 quaerenti
3143 2809 3327 2871 bonas
3352 2810 3725 2888 margaritas,

2068 2899 2170 2980 qui
2232 2918 2367 2960 cum
2422 2898 2647 2959 invenit
2698 2917 2876 2959 unam
2930 2898 3259 2979 presiosam
3321 2898 3723 2977 margaritam,

2068 2989 2277 3050 abiens
2301 2988 2565 3049 vendidit
2587 3007 2788 3049 omnia
2810 3006 2941 3068 qua:
2965 2987 3395 3068 possidebat,e1
3428 3001 3729 3049 mercatus

353 3073 531 3150 παρὼν
584 3074 715 3149 βίος.
765 3074 1073 3158 ”Εμποροι,
1105 3082 1151 3134 οἱ
1197 3078 1281 3137 διὰ
1324 3082 1508 3138 τούτου
1536 3080 1870 3163 διερχόμενοι
1901 3085 1986 3140 καὶ

2077 3086 2161 3139 est
2179 3078 2359 3139 illam.
2378 3104 2402 3133 ιο
2428 3081 2590 3142 Mare
2610 3087 2971 3157 estpraesens
2999 3086 3135 3137 vita.
3162 3074 3596 3156 Negotiatores,
3628 3077 3731 3156 qui

347 3164 623 3232 ζητοῦντες
678 3168 867 3244 γνῶσίν
923 3189 1042 3223 τινα
1103 3170 1299 3248 εὑρεῖν.
1350 3170 1544 3228 Πολλοὶ
1578 3173 1677 3246 μὲν
1733 3172 1821 3229 οὖν
1891 3170 1985 3230 δο-

338 3258 485 3341 κοῦσι
546 3269 893 3334 μαργαρῖται,
957 3259 1010 3314 αἱ
1060 3259 1165 3315 τῶν
1240 3258 1453 3316 πολλῶν
1486 3266 1661 3341 σοφῶν
1692 3258 1857 3327 δόξαι·
1902 3263 1988 3325 εἷς

336 3338 388 3397 δὲ
472 3344 502 3398 ό
549 3342 864 3429 πολύτιμος,
911 3349 1014 3403 Μία
1086 3350 1185 3427 γὰρ
1241 3350 1276 3417 ἡ
1334 3338 1577 3429 ἀλήθεια,
1630 3351 1750 3417 ἣτις
1795 3350 1933 3408 ἐστὶν
1963 3353 1991 3407 ὀ

335 3432 582 3507 Χριστὸς.
648 3423 873 3513 "than-ep
943 3432 1030 3492 οὖν
1100 3423 1502 3515 θ’μαργαρίτης
1547 3423 1833 3517 ἱστορεῖται
1867 3462 1993 3518 γεν-

334 3523 518 3578 νᾶσθαι
590 3521 647 3578 ἐν
718 3524 939 3604 ὀστρέῳ,
1010 3528 1157 3604 ᾧπερ
1199 3526 1463 3605 ἀνοίγοντι
1508 3529 1601 3592 τὰς
1632 3528 1864 3609 πτύχας,
1902 3529 1993 3586 ἐν-

332 3612 565 3682 σκήπτει
627 3614 896 3693 ἀστραπὴ⁶
944 3615 1069 3673 εἶτα
1138 3614 1301 3672 πάλιν
1364 3616 1734 3697 συγκλείοντος
1770 3620 1988 3690 ταυτας,

333 3700 391 3759 ἐκ
440 3701 542 3771 τῆς
600 3702 877 3781 ἀστραπῆς
935 3706 1024 3761 καὶ
1080 3709 1179 3773 τῆς
1240 3703 1426 3784 δρόσου
1496 3705 1919 3781 συλλαμϐάνεται
1964 3710 1991 3764 6

337 3793 697 3873 μαργαρίτης,
766 3794 856 3849 καὶ
913 3791 998 3850 διὰ
1042 3801 1197 3851 τοῦτο
1254 3792 1572 3859 λευκότατός
1637 3797 1797 3853 ἐστιν·
1854 3796 1992 3854 οὕτω

335 3886 417 3939 καὶ
475 3886 506 3940 6
569 3885 799 3963 Χριστὸς
859 3883 914 3940 ἐν
938 3891 1006 3961 τῇ
1068 3884 1316 3965 Παρθένῳ
1361 3884 1661 3966 συνελήφθη
1707 3886 1758 3953 ἐξ
1788 3887 1989 3967 ἀστρα-

335 3976 437 4040 πῆς
494 3977 606 4040 τῆς
664 3971 886 4047 ἄνωθεν,
932 3982 1026 4033 τοῦ
1080 3974 1234 4051 ἆγίου
1277 3976 1603 4039 Ηνεύιιατοςο
1637 3977 1724 4031 καὶ
1752 3976 1932 4057 ὥσπερ
1962 3980 1988 4033 6

333 4062 671 4143 μαργαρίτην
718 4061 889 4143 ἒχων,
949 4060 1210 4127 πολλάκις
1294 4062 1547 4145 κατέχων
1591 4072 1775 4122 τοῦτον
1807 4064 1860 4122 ἐν
1920 4066 1988 4135 τῆ

333 4153 493 4232 χειρὶ,
576 4152 736 4215 αὖτὺς
797 4152 893 4226 μὲν
937 4151 1055 4209 οἶδε
1081 4152 1247 4209 πόσον
1287 4154 1515 4210 πλοῦτον
1560 4152 1702 4233 ἔχει,
1754 4153 1906 4212 ἄλλοι
1934 4153 1989 4211 δὲ

336 4240 643 4319 ἀγνοοῦσιν*
713 4240 856 4298 οὕτω
926 4245 1015 4299 καὶ
1070 4243 1132 4298 τὸ
1190 4244 1441 4323 κήρυγμα
1498 4243 1553 4299 ἐν
1600 4257 1721 4309 τοῖς
1773 4244 1991 4325 ἀφανέσι

334 4332 417 4386 καὶ
472 4328 718 4387 εὐτελέσι
773 4330 1083 4409 κρὺπτεται.
1145 4340 1243 4390 Δεῖ
1311 4332 1403 4391 οὖν
1431 4339 1617 4391 τοῦτον
1644 4336 1736 4391 τὸν
1777 4355 1994 4414 μαργα-

333 4421 479 4499 ρίτην
508 4422 765 4501 κτᾶσθαι,
796 4422 968 4479 πάντα
996 4419 1258 4489 διδόντας.

414 4535 442 4567 ι
492 4509 672 4569 Πάλιν
740 4513 897 4586 ὁμοία
964 4512 1106 4569 ἐστὶν
1187 4513 1223 4581 ἡ
1280 4510 1521 4590 βασιλεία
1585 4519 1684 4570 τῶν
1765 4514 1998 4589 οὐρανῶν

333 4603 545 4680 σαγήνῃ
637 4597 892 4678 βληθείσῃ
951 4603 1025 4666 εἷς
1077 4602 1174 4671 τὴν
1243 4600 1512 4660 θάλασσαν
1563 4605 1651 4660 καὶ
1700 4602 1761 4659 ἐκ
1801 4605 1997 4669 παντὸς

332 4691 514 4766 γένους
594 4692 998 4771 συναγωγούσῃ,
1030 4690 1099 4758 ἥν
1128 4690 1218 4748 ὅτε
1260 4690 1546 4772 ἐπληρώθη
1586 4690 1999 4756 ἀναϐιϐάσαντες

336 4778 419 4837 ἐπὶ
467 4784 566 4837 τὸν
642 4778 907 4859 αἰγιαλὸν,
968 4782 1056 4838 καὶ
1097 4781 1428 4861 καθίσαντες,
1464 4781 1739 4849 συνέλεξαν
1768 4784 1834 4839 τὰ
1861 4782 2001 4839 καλὰ

338 4870 408 4935 εἷς
468 4870 702 4950 ἀγγεῖα,
760 4870 827 4926 τὰ
880 4867 935 4925 δὲ
994 4872 1172 4951 σαπρὰ
1239 4870 1339 4937 ἔξω
1381 4868 1595 4928 ἔϐαλον
1650 4870 1816 4937 οὕτως
1852 4870 2000 4935 ἔσται

338 4958 392 5015 ἐν
461 4964 533 5037 τῇ
624 4957 894 5031 συντελείᾳ
964 4967 1058 5017 τοῦ
1086 4962 1301 5025 αἰῶνος.
1364 4956 1762 5026 Ἐξελεύσονται
1807 4963 1855 5018 οἱ
1903 4960 2007 5040 ἀγ-

338 5048 511 5127 γελοι,
584 5048 675 5105 καὶ
744 5048 1017 5129 ἀφοριουσι
1088 5051 1211 5114 τοὺς
1282 5051 1547 5128 πονηροὺς
1601 5049 1663 5107 ἐκ
1709 5050 1876 5125 μέσου
1904 5057 2011 5113 τῶν

340 5135 584 5212 δικαίων,
644 5139 732 5195 καὶ
786 5136 1037 5215 βαλοῦσιν
1099 5139 1287 5204 αὖτοὺς
1363 5141 1437 5205 εἷς
1492 5140 1590 5207 τὴν
1645 5140 1871 5215 κάμινον
1919 5146 2012 5196 τοῦ

341 5232 523 5305 πυρός
552 5228 686 5285 ἐκεῖ
757 5226 902 5284 ἔσται
975 5230 1004 5285 6
1060 5227 1327 5304 κλαυθμὸς
1384 5230 1474 5286 καὶ
1521 5230 1550 5285 ὀ
1604 5230 1840 5309 βρυγμὸς
1901 5235 2008 5285 τῶν

347 5314 602 5378 ὀδόντων,
642 5341 668 5371 ι
703 5314 909 5395 Φοϐερὰ
940 5317 1074 5384 αὕτη
1104 5320 1139 5386 ἡ
1188 5316 1493 5398 παραϐολή.
1540 5316 1765 5375 δείκνυσι
1796 5319 1895 5397 γὰρ
1925 5317 2005 5375 ὅτι

346 5404 442 5461 κᾶν
498 5406 863 5488 πιστεὺωμεν,
935 5408 1015 5482 μὴ
1073 5407 1292 5489 ἔχωμεν
1331 5406 1385 5465 δὲ
1428 5408 1541 5485 βίον
1570 5407 1789 5486 ἀγαθὸν,
1838 5410 1911 5473 εἱς
1945 5410 2007 5464 τὸ

351 5504 448 5574 πῦρ
480 5496 832 5578 ῥιφησόμεθα·
868 5498 1080 5576 σαγήνη
1134 5499 1232 5574 μὲν
1288 5500 1389 5578 γὰρ
1438 5499 1474 5566 ἡ
1530 5494 1845 5553 διδασκαλια
1900 5498 2006 5554 τῶν

358 5582 545 5641 ἁλιέων
631 5584 970 5666 ἀποστόλων,
1015 5586 1052 5655 ἢ
1110 5586 1323 5666 ἐπλάκη
1386 5589 1493 5646 ἀπὸ
1534 5607 1594 5643 τε
1639 5587 1878 5663 σημείων
1919 5589 2009 5644 καὶ

363 5680 654 5753 μαρτυριῶν
708 5664 1076 5754 προφητικῶν.
1134 5664 1219 5734 ’Ἃ
1261 5679 1363 5757 γὰρ
1434 5673 1701 5734 ἐδίδασκον
1766 5676 1814 5732 οἱ
1862 5675 2010 5734 ἀπό-

2071 3186 2179 3248 per
2200 3169 2353 3229 hanc
2376 3166 2688 3228 ambulant
2707 3181 2764 3226 et
2785 3174 3061 3246 quaerunt
3077 3168 3389 3228 scientiam
3410 3167 3729 3247 quamdam

2076 3256 2346 3318 invenire
2380 3258 2581 3320 Multae
2604 3257 2761 3317 enim
2790 3256 3473 3335 margaritamultorum
3498 3253 3731 3335 sapien-

2074 3356 2197 3408 tum
2233 3347 2571 3426 opiniones.
2612 3344 2736 3407 Una
2772 3354 2970 3405 autem
3007 3343 3289 3425 pretiosa,
3327 3364 3444 3405 una
3473 3353 3562 3405 est
3587 3344 3733 3405 veri-

2076 3446 2186 3511 tas,
2219 3455 2353 3517 quae
2384 3435 2620 3497 scilicet
2649 3434 2923 3497 Christus
2954 3434 3263 3512 estigitur
3287 3438 3441 3495 sicut
3469 3435 3544 3494 de
3567 3451 3729 3495 mar-

2075 3526 2260 3603 garita
2291 3526 2547 3585 traditur
2591 3525 2749 3604 quod
2807 3523 2866 3583 in
2899 3524 3125 3585 concha
3180 3534 3476 3599 nascatur,
3509 3540 3640 3602 qua;
3668 3541 3734 3585 se

2072 3615 2267 3696 aperit
2315 3623 2586 3695 tempore
2638 3613 2909 3693 fulgoris.
2946 3622 3003 3673 et
3032 3614 3170 3675 dein
3218 3613 3432 3675 iterum
3485 3617 3729 3677 claudit.

2072 3705 2411 3785 concipitur
2436 3706 2631 3784 itaque
2654 3716 2774 3764 tum
2796 3723 2861 3763 ex
2883 3702 3111 3781 fulgore
3132 3713 3190 3765 et
3223 3715 3736 3786 rore,propterea-

2074 3812 2193 3874 que
2224 3795 2473 3856 candida
2499 3804 2589 3853 est
2616 3812 2630 3852 :
2664 3792 2748 3853 sic
2782 3801 2841 3854 et
2870 3792 3139 3854 Christus
3160 3794 3218 3854 in
3252 3791 3497 3873 Virgine
3526 3814 3736 3857 conce-

2075 3895 2287 3965 ceptns
2319 3894 2508 3958 est,cx
2533 3901 2795 3962 superno
2825 3883 3343 3964 fulgore,Spiritus
3371 3884 3557 3946 sancti
3580 3886 3737 3946 scili-

2073 3983 2189 4039 cet.
2224 3974 2296 4035 Et
2325 3974 2483 4035 sicut
2540 3990 2699 4052 saape
2754 3973 3135 4051 margaritam
3189 3981 3400 4035 tenens
3430 3973 3491 4035 in
3533 3992 3734 4053 manu,

2071 4064 2201 4145 ipse
2213 4064 2325 4127 scit
2346 4072 2597 4144 quantas
2616 4061 3205 4137 habeatdivitias,alii
3221 4073 3416 4124 autem
3435 4065 3735 4142 ignorant:

2073 4155 2154 4215 ita
2187 4163 2245 4216 et
2269 4152 2609 4233 praedicatio
2636 4151 2694 4212 in
2719 4150 2994 4213 obscuris
3016 4165 3074 4212 et
3090 4152 3468 4231 simplicibus
3488 4154 3738 4221 abscon-

2076 4244 2201 4305 dita
2232 4243 2541 4305 est.Docet
2573 4241 2751 4320 igitur
2781 4250 2843 4302 ut
2867 4240 3022 4303 datis
3052 4242 3332 4304 omnibus
3362 4246 3739 4323 margaritam

2077 4333 2234 4395 hanc
2264 4330 2700 4413 possideamus.

2020 4436 2066 4488 D

2161 4507 2560 4574 Vens.47-50.
2602 4532 2630 4565 ι
2666 4510 2891 4571 Iterum
2925 4507 3121 4573 simile
3148 4517 3241 4573 est
3271 4528 3517 4589 regnum
3550 4510 3740 4574 calo-

2080 4618 2214 4662 rum
2242 4616 2499 4677 sagenae,
2533 4616 2667 4679 quae
2695 4598 2756 4659 in
2790 4615 2955 4660 mare
3014 4599 3193 4661 missa
3222 4616 3291 4663 ex
3323 4600 3485 4660 omni
3517 4618 3741 4681 genere

2084 4688 2485 4769 congregavit,
2519 4705 2696 4768 quam
2727 4696 2788 4749 ut
2821 4686 3067 4767 impleta
3095 4688 3307 4750 fuisset
3336 4688 3741 4754 subducentes

2083 4779 2157 4840 ad
2192 4779 2374 4853 littus,
2409 4788 2466 4838 et
2496 4776 2780 4839 sedentes
2809 4778 3182 4854 collegerunt
3233 4794 3365 4858 qua;
3394 4777 3550 4840 bona
3578 4789 3737 4854 sunt,

2084 4868 2147 4929 in
2181 4886 2320 4929 vasa
2353 4884 2367 4930 :
2405 4885 2538 4948 quas
2560 4883 2699 4927 vero
2739 4866 2917 4939 mala,
2956 4869 3115 4927 foras
3145 4867 3478 4947 ejecerunt.
3506 4867 3605 4933 Sic
3631 4871 3744 4932 erit

2093 4957 2156 5019 in
2177 4955 2693 5023 consummatione
2724 4953 3217 5019 saaculi.Exibunt
3243 4957 3464 5038 angeli,
3483 4966 3541 5019 et
3558 4978 3740 5040 sepa-

2092 5049 2308 5109 rabunt
2338 5048 2525 5107 malos
2546 5046 2621 5105 de
2652 5044 2851 5107 medio
2866 5045 3260 5124 justorum,et
3287 5045 3521 5109 mittent
3550 5066 3651 5112 eos
3681 5050 3743 5111 in

2068 5136 2393 5227 caminum
2429 5134 2697 5227 ig,nis,ibi
2729 5134 2843 5195 erit
2872 5136 3046 5227 [Ictus
3068 5143 3127 5195 et
3156 5135 3381 5227 stridor
3409 5137 3738 5227 dentium.»

2092 5224 2410 5288 Terribilis
2441 5223 2533 5286 est
2583 5224 2710 5285 haec
2743 5223 3046 5304 parabola;
3079 5225 3339 5285 ostendit
3366 5226 3526 5287 enim
3559 5230 3744 5308 quod‘

2092 5316 2230 5379 licet
2262 5316 2600 5380 credamus.
2639 5333 2758 5375 non
2816 5312 3141 5375 habeamus
3181 5323 3379 5375 autem
3436 5317 3610 5378 vitam
3640 5318 3746 5381 bo-

2091 5423 2255 5486 nam,
2288 5406 2349 5467 in
2382 5405 2578 5482 ignem
2639 5402 3046 5486 projiciemur.
3098 5401 3330 5483 Sagena
3384 5406 3625 5487 quidem
3657 5417 3749 5471 est

2091 5496 2365 5557 doctrina
2392 5495 2750 5575 piscatorum
2784 5492 3213 5575 apostolorum,
3240 5512 3370 5574 quae
3400 5513 3469 5557 ex
3485 5497 3746 5559 miracu-

2092 5584 2167 5646 lis
2203 5594 2264 5646 et
2294 5583 2652 5646 testimoniis
2697 5585 3120 5664 prophetarum
3164 5601 3434 5647 connexa
3461 5594 3571 5649 est.
3600 5587 3747 5660 Quae

2095 5672 2257 5735 enim
2290 5672 2591 5737 docebant
2630 5674 2912 5755 apostoli,
2973 5670 3293 5735 ﬁrmabant
3333 5673 3661 5757 miraculis,
3686 5686 3747 5740 et
