4204 6444
461 283 569 351 291

1452 280 2037 349 THEOPHYLACTI
2087 281 2493 345 BULGARIA!
2536 274 2893 347 ARCHIEP.

3743 278 3860 345 292

472 421 902 500 prophetarum
935 418 1204 481 vocibus.
1244 416 1381 479 Haec
1403 417 1583 496 igitur
1612 433 1831 495 sagena
1861 436 1930 478 ex
1960 411 2119 477 omni

2210 414 2413 487 στολω,
2500 412 2769 473 ἱδεϐαίουν
2831 429 2950 479 τοῖς
3014 437 3067 472 τε
3126 418 3381 499 θαύμασι,
3450 420 3539 475 καὶ
3585 430 3706 479 ταῖς
3751 423 3855 473 τῶν

447 527 680 587 genere
749 508 1151 589 congregavit,
1213 507 1526 578 Barbaros,
1561 505 2108 581 Graecos,Judaeos,

449 594 1767 678 meretrices,publicanos,latrones.Quando
1790 604 1983 657 autem
2004 596 2113 655 im-

447 687 606 767 pleta
634 686 963 766 fuerit,hoc
997 685 1643 759 est,consummabitur
1678 685 2112 759 mundus,tunc

447 776 545 854 qui
574 776 634 834 in
666 792 886 853 sagena
910 775 1769 853 fuerint,discernentur.Nam
1804 774 1945 835 licet
1973 791 2109 834 cre-

446 863 805 935 diderimus,
841 864 1069 924 inventi
1113 866 1195 924 7t
1250 874 1445 925 autem
1481 864 1772 925 fuerimus
1800 865 1962 939 mali,
1996 865 2107 925 ab-

436 952 865 1031 jiciemur.Qui
895 963 1095 1015 autem
1134 973 1251 1014 non
1286 954 1461 1034 tales,
1508 955 1565 1014 in
1608 972 1744 1015 vasa
1775 955 2108 1034 mittentur,

445 1050 665 1103 mterna
689 1043 1072 1105 tabernacula
1091 1041 1448 1106 dico.0mne
1461 1053 1656 1104 autem
1682 1044 1987 1124 opus.sive
2012 1043 2111 1104 bo-

446 1132 743 1205 num,sive
776 1133 1198 1211 malum,cibus
1231 1133 1451 1194 dicitur
1486 1152 1617 1193 esse
1648 1136 1881 1195 animae.
1920 1132 2110 1195 Habet

444 1222 603 1283 enim
644 1222 841 1283 anima
874 1221 1214 1301 spirituales
1239 1224 1646 1284 dentes.Tunc
1679 1232 1874 1284 autem
1906 1224 2105 1285 anima

442 1312 708 1373 striderit
744 1312 886 1386 illis,
942 1312 1055 1372 hoc
1115 1321 1227 1391 est,
1280 1311 1618 1391 operativas
1675 1332 1811 1374 suas
1857 1314 2108 1375 virtutes

2199 526 2375 584 προφτ,
2414 546 2417 551 λ
2472 534 2481 559 ι
2557 517 2783 583 φωναῖς.
2831 504 2973 571 Αὕτη
3019 507 3189 563 τοίνυν
3218 509 3253 575 ἡ
3299 509 3537 586 σαγήνη,
3568 506 3629 564 ἔκ
3657 509 3855 569 παντὸς

2194 596 2376 673 γένοταῖ
2450 592 2724 673 σλνέλαϐε,
2801 592 3121 672 Βαρϐαρους,
3194 586 3496 672 ἸΕλληνας,
3545 595 3852 669 Ἰουδαίους,

2194 684 2415 763 πόρνᾳς,
2475 683 2732 759 τελώνας,
2780 683 3007 760 λῃστὰς.
3083 677 3221 743 ιὈειε
3271 684 3325 742 δὲ
3355 685 3669 765 ἐπληρώθη,
3700 706 3854 744 τουτ-

2197 770 2363 844 έστιν,
2411 773 2537 828 ὅταν
2596 772 2914 850 συντελεσθῇ
2970 776 2996 828 ὁ
3067 775 3293 850 κόσμος,
3328 776 3449 832 τότε
3480 777 3527 832 οἱ
3560 778 3615 831 ἓν
3657 781 3727 851 τῇ
3749 796 3852 831 σα-

2195 863 2335 938 γήνῃ
2395 861 2766 939 διακρίνονται,
2846 861 2954 920 Κάν
3044 865 3144 942 γὰρ
3230 865 3636 940 ἐπιστεύσαμεν,
3699 866 3849 941 εὑρε-

2191 954 2367 1025 θευμεν
2427 949 2479 1006 δὲ
2511 953 2723 1030 σαπροὶ,
2776 952 3089 1029 ῥιπτόμεθα·
3142 955 3187 1010 οἱ
3244 953 3298 1009 δὲ
3330 956 3408 1029 μὴ
3456 961 3712 1028 τοιοῦτοι,
3775 955 3849 1018 εἷς

2192 1039 2388 1118 ἀγγεῖα
2418 1038 2728 1115 βάλλονται,
2777 1040 2919 1119 Λέγω
2950 1038 3013 1108 δὴ
3044 1043 3137 1105 τὰς
3169 1045 3409 1106 αἰωνίους
3442 1045 3665 1110 σκηνίίς,
3701 1049 3851 1100 Πᾶσα

2190 1127 2245 1185 δὲ
2301 1129 2484 1209 πρᾶξις
2543 1129 2655 1185 εἴτε
2712 1131 2907 1212 ἀγαθή,
2966 1129 3078 1187 εἴτε
3136 1135 3364 1207 πονηρὰ,
3422 1135 3613 1212 βρῶμα
3642 1132 3851 1211 λέγεται

2191 1220 2334 1275 εἶναι
2391 1221 2490 1287 τῆς
2550 1224 2755 1298 ψυχῆς.
2797 1210 2969 1300 ’Ἔχει
3026 1223 3126 1298 γάρ
3180 1221 3394 1287 ὀδόντας
3446 1210 3667 1291 νοητοὺς
3697 1210 3846 1290 καὶὴ

2190 1310 2367 1388 ψ’χὴο
2423 1312 2554 1368 Τότε
2626 1309 2714 1365 οὖν
2795 1311 2829 1377 ἦ
2882 1310 3039 1389 ψυχὴ
3097 1312 3287 1391 βρὺχει
3330 1314 3571 1392 τούτους,
3602 1311 3723 1379 ἤτοι
3755 1314 3849 1377 τὰς

443 1410 711 1464 conteret
742 1421 812 1463 eo
843 1401 1005 1482 quod
1035 1402 1161 1463 haec
1194 1403 1425 1464 fecerit.

2203 1400 2484 1473 πρακτικὰς
2548 1399 2709 1463 αὐτῆς
2739 1398 2982 1473 δυνάμεις
3033 1399 3436 1479 συντριϐομὲνη,
3470 1399 3601 1458 διότι
3632 1408 3847 1458 τοιαῦτα

2192 1483 2437 1565 ἔπραξεν,

528 1582 708 1643 Vsus.
746 1584 845 1661 51,
872 1581 971 1645 52.
1005 1580 1193 1641 «Dicit
1218 1580 1335 1641 illis
1363 1582 1559 1653 Jesus;
1580 1579 1962 1643 Intellexistis
1983 1584 2109 1645 haec

2279 1595 2301 1629 ε
2393 1575 2546 1653 Λέγει
2623 1574 2804 1638 αὖτοϊς
2889 1576 2915 1631 ὸ
3003 1575 3231 1643 Ἰησοῦς·
3324 1580 3597 1649 Συνήκατε
3680 1586 3842 1634 ταῦτα

444 1670 692 1732 omnia?
726 1659 939 1731 Dicunt
997 1671 1081 1731 illi
1114 1690 1127 1730 :
1166 1672 1382 1741 Etiam,
1420 1671 1689 1733 Domine.
1727 1672 1802 1732 At
1834 1671 1935 1732 ille
1965 1673 2109 1737 dixit

2203 1662 2415 1744 xiv-cat;
2471 1665 2694 1743 Λέγουσι
2756 1666 2918 1738 αὒτῷ·
2989 1669 3108 1741 Ναὶ,
3161 1669 3336 1744 Κύριε,
3374 1659 3430 1725 Ὀ
3460 1666 3514 1723 δὲ
3547 1669 3703 1725 εἶπεν
3759 1670 3849 1725 αὒ-

441 1760 579 1822 illis:
614 1762 938 1839 PrOpterea
962 1759 1160 1820 omnis
1182 1760 1376 1821 scriba
1399 1760 1610 1819 doctus
1631 1759 1702 1819 ad
1724 1776 1971 1839 regnum
1995 1780 2110 1823 ca:-

2203 1766 2331 1816 τοϊς·
2402 1757 2499 1810 Διά
2563 1763 2718 1812 τοῦτο
2777 1762 2881 1818 πᾶς
2954 1758 3298 1833 γραμματεὺς
3373 1758 3715 1831 μαθητευθεὶς
3773 1757 3846 1817 εἷς

440 1850 657 1920 lorum,
696 1849 910 1909 similis
963 1858 1053 1910 est
1106 1848 1541 1928 patrifamilias,
1578 1848 1677 1928 qui
1714 1849 2011 1928 depromit
2036 1850 2110 1911 de

2203 1848 2291 1912 τὴν
2375 1846 2646 1923 βασιλείαν
2702 1848 2809 1904 τῶν
2879 1848 3133 1927 οὐρανῶν,
3181 1847 3368 1924 ὅμοιός
3398 1848 3535 1905 ἐστὶν
3592 1848 3848 1924 ἀνθρώπῳ

442 1939 720 2000 thesauro
772 1956 880 1998 suo
936 1954 1085 1996 nova
1116 1945 1174 1997 et
1205 1945 1425 2000 vetera.
1484 1963 1505 1994 »
1548 1936 1759 1997 Vidisti
1808 1940 2107 2018 quomodo

2203 1934 2568 2017 οἰκοδεσπότῃ,
2643 1936 2790 2001 ὅστις
2849 1936 3097 1994 ἰκϐάλλει
3155 1939 3215 1996 ἐκ
3254 1946 3349 1995 τοῦ
3386 1942 3649 2016 θησαυροῦ
3694 1940 3848 1994 αὐτοῦ

447 2026 740 2106 parabolae
768 2025 1123 2088 attentiores
1155 2044 1257 2087 eos
1300 2025 1581 2087 fecerint?
1608 2025 1761 2087 Ecce
1784 2026 1964 2103 igitur
2007 2031 2108 2107 qui

2203 2027 2347 2081 μιαινά
2402 2029 2489 2083 καὶ
2548 2027 2772 2086 παλαιά.
2839 2051 2867 2082 ι
2905 2026 3063 2091 Εἶδες
3108 2034 3222 2092 πῶς
3266 2031 3317 2085 αἱ
3346 2026 3642 2106 παραϐολαὶ
3670 2049 3840 2105 προσ-

443 2116 589 2177 alias
622 2116 994 2195 insipientes.
1034 2124 1093 2176 et
1150 2115 1434 2195 imperiti,
1480 2116 1822 2194 intelligunt
1854 2135 1923 2177 ea
1972 2135 2103 2197 quas

2203 2115 2573 2195 εγτικωτὲρους
2630 2118 2817 2183 αὐτοὺς
2847 2116 3156 2192 ἐποίησαν;
3217 2116 3351 2175 ἰδοὺ
3424 2127 3547 2193 γοῦν
3579 2118 3625 2174 οἱ
3673 2116 3847 2179 ἄλλως

445 2204 687 2284 oblique
720 2206 899 2266 dicta.
956 2202 1124 2268 Unde
1183 2205 1433 2267 laudans
1463 2224 1568 2266 eos
1601 2207 1894 2279 Salvator,
1930 2207 2098 2279 dicit,

2203 2220 2399 2271 ινοητοι
2484 2208 2574 2263 καὶ
2608 2206 2860 2286 ἀμαθεῖς,
2906 2212 3141 2273 συνῆκαν
3174 2209 3238 2265 τὰ
3270 2205 3537 2263 δυσκόλων
3572 2205 3845 2285 εἰρημένα,

446 2292 656 2358 Omnis
708 2294 928 2367 scriba,
993 2302 1108 2355 etc.
1167 2292 1402 2356 Scribas
1433 2295 1594 2356 enim
1644 2304 1811 2356 vocat
1853 2314 1979 2368 eos,
2039 2308 2104 2359 ut

2209 2293 2363 2352 Ὀθεν
2422 2295 2654 2351 ἐπαινῶν
2721 2284 2907 2363 αὐτοὺς
2965 2299 2993 2353 ὁ
3066 2296 3281 2375 Σωτὴρ,
3345 2297 3529 2376 φησὶν,
3586 2284 3666 2351 ὅτι
3739 2301 3850 2358 Πᾶς

449 2384 654 2445 doctos
686 2384 746 2444 in
778 2386 933 2462 lege,
963 2393 1020 2445 et
1055 2383 1193 2444 licet
1224 2384 1387 2445 docti
1419 2394 1619 2445 essent
1651 2385 1710 2445 in
1755 2385 1912 2462 lege,
1986 2405 2102 2448 non

2203 2387 2553 2462 γραμματεὺς,
2628 2387 2716 2441 καὶ
2800 2388 2866 2443 τὰ
2935 2386 3081 2453 ἑξῆς.
3143 2387 3495 2464 Γραμματέας
3551 2386 3651 2463 γάρ
3706 2384 3849 2462 λέγει

456 2482 803 2534 manserunt
821 2483 1019 2533 tamen
1038 2473 1094 2532 in
1120 2472 1387 2551 lege,sed
1403 2473 1564 2534 docti
1581 2474 1802 2535 suntad
1826 2493 2104 2554 regnum,

2203 2473 2402 2553 ιῦτοὺς,
2489 2476 2563 2539 ὡς
2652 2480 3002 2550 νομομαθεϊς,
3095 2475 3212 2531 ἀλλ’
3274 2477 3318 2531 εἰ
3364 2476 3452 2532 καὶ
3523 2478 3849 2549 νομομαθεῖς

454 2566 564 2623 hoc
596 2570 707 2627 est.
742 2561 961 2624 Christi
992 2562 1334 2642 scientiam,
1370 2569 1429 2622 et
1458 2572 1708 2642 possunt
1739 2566 2008 2642 proferre
2039 2582 2109 2626 ea

2203 2563 2348 2637 ἦσαν,
2423 2563 2518 2619 οὒκ
2574 2564 2920 2639 ἐναπέμειναν
2970 2570 3048 2639 τῷ
3077 2567 3249 2645 νόμῳ,
3298 2556 3425 2621 ’ἀλλ’
3475 2564 3846 2637 ἐμαθητεύθη-

457 2671 587 2733 quze
618 2672 687 2714 ex
721 2670 869 2713 novo
892 2663 1102 2733 etquze
1126 2670 1193 2713 ex
1229 2652 1438 2714 veteri.
1476 2652 1904 2715 Paterfamilias
1937 2656 2112 2732 igitur

2203 2675 2291 2710 σαν
2346 2654 2418 2716 εἷς
2475 2654 2573 2720 τὴν
2627 2652 2919 2729 βασιλείαν,
3006 2655 3301 2733 τουτέστιν,
3334 2655 3404 2718 εἷς
3446 2654 3543 2720 τὴν
3589 2662 3681 2711 τοῦ
3712 2658 3845 2731 Χρι-

452 2742 723 2806 Christus
752 2750 815 2802 ut
836 2741 1093 2804 dives.ln
1122 2743 1248 2821 ipso
1272 2741 1431 2803 enim
1467 2742 1879 2804 thesaurisunt
1907 2745 2107 2805 scien-

2203 2748 2321 2800 στοῦ
2376 2747 2591 2820 γνῶσιν,
2682 2744 2768 2799 καὶ
2845 2741 3058 2801 δύναται
3146 2744 3424 2823 προφέρειν
3472 2743 3539 2798 τά
3620 2762 3676 2797 τε
3745 2745 3844 2808 τῆς

458 2831 577 2910 tiae,
609 2830 710 2911 qui
741 2849 891 2893 nova
920 2830 1167 2901 docens,
1196 2849 1264 2892 ex
1298 2831 1481 2892 veteri
1510 2831 1909 2910 subjungebat
1939 2833 2109 2895 testi-

2203 2832 2380 2898 καινῆς
2438 2834 2523 2887 καὶ
2576 2836 2675 2898 τῆς
2729 2831 2992 2898 παλατας,
3042 2832 3434 2901 Οἰκοδεσπότης
3480 2834 3568 2887 οὖν
3621 2834 3648 2887 ὀ
3714 2838 3845 2911 Χρι-

462 2920 664 2981 monia
691 2943 703 2979 :
740 2920 996 2998 exempli
1016 2920 1203 2999 gratia
1231 2920 1606 2983 dixerat.Pro
1624 2925 1815 2983 otioso
1834 2920 2113 2984 sermone

2203 2924 2345 2994 στὸς,
2407 2924 2478 2985 ὡς
2548 2920 2822 2985 πλούσιος.
2884 2922 2976 2979 Ἐν
3008 2926 3149 2997 αὐτῷ
3179 2925 3278 3002 γάρ
3312 2924 3357 2979 οἱ
3399 2926 3496 2991 τῆς
3526 2925 3714 3002 σαιρίας
3743 2925 3844 2989 θη-

464 3012 756 3071 rationem
781 3010 1143 3085 reddes,hoc
1168 3010 1327 3071 enim
1360 3028 1579 3071 novum
1605 3032 1617 3072 :
1641 3008 1870 3073 Deinde
1890 3012 2118 3073 addidit

2203 3010 2402 3089 σαυροί.
2461 3002 2575 3073 ’Ὃς
2632 3011 2697 3066 τὰ
2754 3013 2908 3067 καινὰ
2973 3010 3254 3086 διδάσκων,
3316 3009 3420 3068 εἶθ’
3476 3010 3640 3076 (οὕτως
3698 3010 3844 3091 ἔφερε

464 3100 898 3163 testimonium.
934 3100 1021 3163 Ex
1068 3099 1455 3162 sermonibus
1486 3100 1646 3162 enim
1681 3100 2115 3181 tuisjustifica-

2203 3101 2484 3179 μιρτυρίας
2538 3100 2643 3155 ἀπὸ
2692 3101 2792 3166 τῆς
2849 3099 3104 3174 παλαιᾶς,
3200 3095 3318 3158 οἷον
3392 3101 3571 3175 εἶπεν,
3636 3098 3716 3156 ὅτι
3760 3101 3846 3156 καὶ

467 3190 651 3264 beris,
687 3202 746 3252 et
776 3187 1301 3264 condemnaberis,
1329 3189 1441 3251 hoc
1464 3189 1726 3254 vetus.ln
1752 3191 1863 3252 hoc
1892 3190 2119 3254 similes

2203 3190 2327 3268 ὑπὲρ
2384 3190 2545 3267 ἀργοῦ
2613 3188 2775 3268 λόγου
2819 3190 3134 3271 εὖθυνθήσῃ,
3164 3198 3317 3248 τοῦτο
3373 3193 3434 3246 τὸ
3474 3190 3674 3250 καινόν.
3712 3189 3845 3245 Εῖτα

462 3280 739 3360 apostoli,
791 3278 981 3359 qualis
1039 3277 1281 3341 Paulus.
1334 3276 1693 3356 Imitatores,
1749 3281 1965 3362 inquit,
2001 3281 2119 3343 mei

2203 3280 2440 3357 ἐπήγαγε
2498 3281 2800 3358 μαρτυρίαν.
2875 3281 2971 3337 Ἐκ
3001 3281 3101 3359 γὰρ
3128 3283 3232 3338 τῶν
3260 3278 3436 3358 λογων
3493 3300 3586 3335 σου
3632 3276 3849 3334 δικαιω-

462 3378 674 3449 estote,
709 3369 861 3430 sicut
893 3376 952 3430 et
982 3387 1090 3449 ego
1125 3368 1343 3431 Christi
1374 3370 1451 3432 ‘8.

2203 3370 2365 3449 θήσῃ,
2426 3369 2514 3424 καὶ
2569 3370 2957 3444 κατακριθήσῃ,
3015 3372 3168 3425 τοῦτο
3238 3370 3300 3425 τὸ
3360 3367 3612 3427 παλαιόν.
3670 3367 3851 3440 Τούτῳ

375 3717 381 3721 _
548 3638 726 3703 Vens.
752 3638 853 3718 53,
887 3641 986 3701 54.
1024 3662 1051 3693 α
1088 3637 1159 3699 Et
1186 3638 1398 3699 factum
1445 3647 1557 3712 est,
1608 3648 1674 3698 ut
1727 3657 1860 3699 cum
1891 3639 2122 3703 finisset

468 3728 642 3792 Jesus
666 3727 976 3808 parabolas
1007 3728 1134 3800 has,
1191 3727 1607 3805 digrederetur
1650 3727 1837 3787 illinc.
1873 3727 1942 3788 Et
1985 3747 2121 3789 cum

468 3818 729 3881 venisset
750 3818 810 3877 in
834 3817 1081 3897 patriam
1107 3835 1297 3891 suam,
1333 3816 1585 3878 docebat
1616 3836 1717 3878 eos
1752 3818 1811 3878 in
1835 3836 2124 3898 synagoga

469 3907 731 3968 illorum.
770 3932 795 3961 λυ
831 3909 951 3968 Has
1007 3906 1156 3967 dixit
1204 3906 1539 3985 parabolas,
1574 3906 1856 3984 quoniam
1891 3916 1949 3968 et
1976 3908 2123 3969 alias

470 3997 643 4076 paulo
667 4005 802 4075 post
832 3994 1103 4056 dicturus
1135 4003 1280 4055 erat.
1308 3994 1546 4056 Transit
1573 4004 1792 4070 autem,
1822 4004 1883 4057 ut
1904 4005 1962 4057 et
1990 3998 2121 4057 aliis

468 4103 574 4145 sua
604 4084 918 4164 praesentia
940 4084 1410 4163 pro:it.Patriam
1432 4094 1632 4146 autem
1652 4085 1814 4146 illius
1830 4087 2121 4149 Nazareth

469 4174 739 4253 intellige
772 4193 785 4233 :
824 4192 961 4233 nam
1018 4172 1079 4232 in
1131 4172 1246 4233 ista
1276 4174 1560 4235 educatus
1593 4181 1703 4236 est.
1740 4172 2028 4237 Caeterum
2062 4174 2121 4236 in

468 4282 763 4343 synagoga
792 4263 967 4324 docet
991 4262 1226 4343 publice
1255 4273 1313 4325 et
1342 4264 1552 4343 libere,
1576 4283 1651 4325 ne
1681 4264 1885 4327 dicere
1918 4274 2124 4346 postea

470 4354 702 4434 possint
732 4352 888 4433 quod
922 4353 1190 4432 quaedam
1224 4371 1258 4413 a
1288 4352 1419 4431 lege
1450 4354 1685 4416 diversa
1714 4355 2008 4419 docuerit.

549 4530 732 4595 Vens.
766 4531 986 4595 54-57.
1027 4555 1048 4589 «ι
1104 4530 1190 4593 Ita
1222 4539 1284 4594 ut
1322 4541 1651 4613 stuperent,
1706 4550 1776 4596 ac
1825 4533 2118 4597 dicerent.

473 4621 638 4686 Unde
660 4622 796 4684 huic
814 4621 1105 4703 sapientia
1126 4622 1253 4684 haec
1294 4623 1647 4685 etvirtutes‘?
1677 4641 1875 4686 nonne
1907 4624 2004 4686 hic
2034 4632 2125 4685 est

466 4713 569 4775 ille
598 4712 750 4775 fabri
781 4712 968 4775 ﬁlius?
999 4730 1198 4774 nonne
1230 4722 1420 4774 mater
1449 4713 1580 4792 ejus
1630 4723 1872 4775 vocatur
1916 4714 2123 4791 Maria,

467 4811 527 4866 et
555 4803 767 4864 fratres
800 4804 927 4883 ejus
958 4802 1243 4884 Jacobus,
1275 4811 1332 4863 et
1357 4804 1549 4883 Joses,
1581 4812 1643 4864 et
1680 4801 1910 4877 Simon,
1947 4802 2127 4866 etJu-

467 4892 605 4955 das?
627 4902 686 4953 et
721 4910 957 4955 sorores
983 4894 1112 4974 ejus
1164 4911 1365 4955 nonne
1389 4910 1599 4955 omnes
1632 4893 1790 4972 apud
1817 4911 1930 4954 nos
1960 4891 2126 4955 sunt?

470 4978 646 5042 Unde
666 4982 840 5060 igitur
865 4982 1007 5044 huic
1038 4983 1163 5043 haec
1194 4981 1426 5042 omnia?
1454 4990 1514 5042 et
1533 4980 1993 5043 offerdebantur
2019 5001 2127 5045 su-

470 5088 576 5151 per
608 5089 741 5134 eo.»
770 5070 1125 5151 Insipientes
1156 5081 1322 5133 erant
1356 5071 1688 5149 Nazareni;
1716 5071 2131 5134 existimabant

472 5159 638 5220 enim
696 5161 1125 5239 ignobilitatem
1170 5169 1230 5223 et
1258 5160 1685 5222 obscuritatem
1736 5162 2033 5241 majorum
2070 5167 2128 5223 in

472 5267 650 5312 causa
688 5268 822 5311 esse
852 5270 965 5330 quo
992 5251 1188 5311 minus
1213 5252 1346 5331 quis
1368 5250 1490 5312 Deo
1520 5251 1767 5331 placeat.
1794 5253 1936 5313 Esto
1970 5251 2129 5313 enim

473 5339 636 5418 quod
668 5339 906 5401 humilis
936 5340 1112 5401 homo
1144 5340 1320 5402 fuerit
1363 5343 1561 5421 Jesus,
1594 5359 1669 5402 an
1704 5359 1822 5401 non
1856 5350 1915 5401 et
1944 5339 2134 5410 Deus?

474 5428 628 5501 Quid
663 5429 927 5492 obstaret
972 5448 1251 5510 magnum
1306 5430 1473 5492 illum
1525 5430 1585 5491 in
1620 5431 1926 5495 miraculis
1953 5430 2133 5495 ﬁeri?

554 5610 614 5661 ’8
640 5608 667 5674 ι
696 5611 835 5675 Cor.
869 5628 948 5693 tv,
985 5609 1085 5674 16.

2203 3466 2329 3535 γοῦν
2378 3457 2553 3534 ὅμοιοι
2612 3461 2658 3514 οἱ
2713 3456 3026 3539 ἀπόστολοι,
3095 3460 3216 3524 οἷος
3261 3460 3289 3515 ὀ
3371 3457 3603 3533 Παῦλος,
3653 3457 3849 3536 λέγων’

2205 3549 2446 3622 Μιμηταί
2477 3569 2577 3621 μου
2607 3546 2835 3623 γίνεσθε,
2864 3549 3036 3613 καθὼς
3065 3548 3217 3627 κάγὼ
3242 3548 3489 3628 Χριστοῦ.

2290 3656 2319 3695 ί
2371 3636 2468 3694 Καὶ
2517 3634 2724 3713 ἐγένετο
2780 3638 2867 3691 ὅτε
2899 3635 3135 3693 ἐτέλεσεν
3178 3638 3206 3693 ὁ
3236 3636 3444 3704 Ἰησοῦς
3484 3638 3578 3702 τὰς
3609 3635 3853 3715 παραϐο-

2206 3725 2300 3787 λὰς
2369 3725 2586 3804 ταύτας,
2644 3729 2873 3803 μετῆρεν
2953 3728 3179 3789 ὶκεϊθεν,
3258 3728 3353 3784 Καὶ
3410 3724 3573 3783 ἐλθὼν
3625 3728 3700 3789 εἷς
3753 3726 3853 3794 τὴν

2204 3812 2426 3894 πατρίδα
2484 3814 2662 3887 αὐτοῦ,
2749 3812 3013 3871 ἐδίδασκεν
3091 3816 3275 3882 αὖτοὺς
3332 3816 3386 3872 ἐν
3442 3821 3511 3891 τῇ
3569 3822 3854 3895 συναγωγῇ

2204 3907 2398 3965 αὐτῶν.
2434 3928 2462 3960 ι
2512 3905 2713 3967 Ταύτας
2785 3904 2909 3960 εἶπε
2980 3906 3074 3969 τὰς
3133 3903 3464 3984 παραϐολὰς,
3532 3902 3714 3972 ἐπειδή
3768 3906 3855 3961 καὶ

2205 3995 2371 4059 ἄλλας
2442 3994 2560 4069 μετ’
2618 3994 2795 4073 ὀλίγον
2829 3994 3012 4071 μέλλει
3058 3995 3223 4075 ἐρεῖν.
3276 3994 3587 4053 Μεταόαίνει
3636 3993 3770 4071 δὲ,“ί
3822 4017 3855 4050 α

2207 4089 2291 4142 καὶ
2350 4085 2541 4149 ἄλλους
2597 4085 2853 4164 ὠφελήσῃ
2913 4091 2981 4161 τῇ
3054 4086 3311 4165 παρουσίᾳ
3382 4086 3562 4148 αὐτοῦ,
3629 4082 3854 4164 Πατρίδα

2205 4174 2259 4232 δὲ
2330 4179 2507 4255 αὐτοῦ,
2562 4177 2661 4242 τὴν
2722 4174 2955 4251 Ναζαρὲτ
3007 4175 3137 4231 νόει·
3211 4174 3265 4230 ἐν
3295 4177 3428 4251 αὒτῇ
3458 4176 3558 4254 γὰρ
3626 4173 3850 4254 ἐτράφη.

2205 4264 2295 4323 Ἐν
2352 4272 2421 4342 τῇ
2476 4270 2759 4342 συναγωγῇ
2789 4262 2842 4319 δὲ
2872 4262 3125 4339 διδάσκει,
3162 4264 3215 4321 ἒν
3260 4267 3419 4338 κοινῷ
3462 4266 3551 4321 καὶ
3593 4263 3857 4343 παρρησίᾳ

2205 4354 2399 4432 λέγων,
2455 4353 2545 4409 ἵνα
2606 4354 2683 4429 μὴ
2740 4352 2941 4433 ἔχωσιν
2968 4352 3179 4433 ὕστερον
3223 4354 3424 4435 λέγειν,
3469 4355 3550 4411 ὃτι
3579 4353 3859 4434 παράνομά

2207 4466 2322 4501 τινα
2347 4441 2631 4505 ἐδίδασκεν,

2296 4553 2324 4592 ε
2373 4523 2551 4589 ιὨστε
2621 4530 3006 4601 ἐκπλήττεσθαι
3063 4534 3273 4608 αὐτοὺς,
3316 4535 3405 4590 καὶ
3460 4532 3656 4612 λέγειν·
3693 4530 3857 4589 Πόθεν

2209 4625 2381 4698 τούτῳ
2441 4627 2477 4694 ἦ
2539 4623 2692 4701 σοφία
2749 4621 2881 4689 αὕτη
2937 4622 3030 4679 καὶ
3097 4624 3150 4679 αἱ
3199 4620 3445 4697 δυνάμεις
3491 4623 3656 4701 ,Οὐχ
3706 4620 3857 4683 οὗτός

2206 4716 2348 4771 ἐστιν
2391 4714 2419 4769 ὁ
2448 4719 2541 4769 τοῦ
2572 4711 2817 4776 τέκτονος
2838 4712 2946 4776 υἱὸς
2973 4733 2999 4785 ;
3044 4716 3159 4792 Οὐχ
3189 4714 3224 4781 ἡ
3277 4712 3458 4788 μήτηρ
3500 4711 3658 4767 αὐτοῦ
3700 4708 3857 4787 λέγε-

2204 4826 2290 4861 ται
2350 4803 2592 4882 Μαριὰμ,
2678 4802 2765 4857 καὶ
2812 4802 2859 4857 οἱ
2926 4800 3141 4881 ἀδελφοὶ
3197 4803 3355 4858 αὒτοῦ
3439 4796 3711 4871 Ἰάκωϐος,
3771 4798 3858 4854 καὶ

2213 4890 2421 4973 ’[ωσῆς,
2490 4893 2577 4947 καὶ
2646 4890 2850 4966 Σίμων,
2916 4892 3003 4947 καὶ
3053 4889 3302 4965 Ἰούδας;
3362 4889 3461 4947 Καὶ
3532 4889 3585 4944 αἱ
3640 4885 3860 4968 ἀδελφαὶ

2212 4985 2369 5040 αὐτοῦ
2424 4982 2548 5061 οὐχὶ
2576 4986 2741 5037 πᾶσαι
2813 4981 2943 5059 πρὸς
2973 4982 3118 5057 ἡμᾶς
3161 4981 3259 5037 εἰσι
3295 5000 3313 5051 ;
3348 4977 3512 5035 Πόθεν
3543 4977 3633 5035 οὖν
3688 4979 3862 5053 τοὺτῳ

2211 5081 2374 5130 ταῦτα
2427 5070 2638 5149 πάντας
2704 5070 2802 5127 Καὶ
2831 5067 3262 5140 ἐσκανδαλίζοντο
3292 5068 3348 5124 ἰν
3390 5068 3554 5139 αὐτῷ.
3594 5090 3621 5123 ε
3670 5065 3863 5134 Ἀνόη-

2214 5183 2295 5219 τοι
2380 5159 2528 5223 ὄντες
2586 5161 2633 5215 ot
2698 5159 3018 5237 Ναζαρηνοὶ,
3072 5158 3310 5235 ἐνόμιζον
3366 5156 3448 5214 ὅτι
3510 5157 3546 5224 ἡ
3594 5154 3862 5236 δυσγένεια

2212 5252 2303 5307 καὶ
2357 5251 2391 5318 ἡ
2455 5246 2689 5308 εὐτέλεια
2745 5250 2851 5304 τῶν
2906 5248 3211 5327 προγόνων,
3244 5247 3465 5325 βλάπτει
3494 5247 3613 5306 τινὰ
3642 5249 3772 5324 πρὸς
3800 5245 3861 5302 τὸ

2216 5341 2561 5419 εὐαρεστῆσαι
2620 5344 2699 5412 τῷ
2757 5345 2913 5412 Qui),
2968 5337 3172 5396 ’Ἔστω
3202 5340 3324 5419 γὰρ,
3358 5337 3438 5395 ὅτι
3468 5336 3739 5417 ἅνθρωπος
3767 5338 3862 5409 ψι-

2215 5432 2308 5494 λὸς
2364 5429 2433 5497 ἢν
2502 5429 2531 5484 ὃ
2596 5426 2831 5508 Ἰησοῦς,
2905 5424 3021 5484 ἀλλ’
3085 5430 3208 5510 οὐχὶ
3288 5430 3445 5493 Θεὸς·
3476 5428 3526 5484 τί
3570 5422 3862 5496 ἂνεπόδιζεν
