4204 6406
333 271 452 336 298

326 409 483 466 αὑτὸν
557 406 726 486 μέγαν
812 407 866 464 ὲν
935 408 1162 484 θαύμασι
1236 405 1475 484 γενέσθαι

961 273 1407 338 ENABBATIO
1449 271 1532 336 IN
1579 264 2085 336 EVANGELIUM
2131 265 2532 333 MATTH/EI.
2579 301 2657 315 -—
2699 268 2863 332 CAP.
2914 266 3077 331 XIV.

1533 426 1549 485 ς
1642 406 1979 485 Εὑρίσκονται

2084 405 2545 488 Ξοωρτοδοιιιιιν
2573 404 2752 485 igitur
2773 410 2833 466 et
2861 402 3045 464 invidi
3069 410 3127 464 et
3146 401 3720 483 insipientes.0por-

3593 265 3716 329 Q94

324 502 413 555 οὖν
469 499 558 554 καὶ
614 495 836 565 ἆνόητοι
895 497 983 554 καὶ
1038 496 1299 577 φθονεροί.
1331 492 1497 553 ’Ἔδει
1529 496 1628 573 γαρ
1657 494 1842 558 αὖτοὺς
1877 495 1974 574 ἐγ-

2084 495 2219 557 ebat
2243 514 2393 559 sane
2434 496 2620 575 magis
2643 512 2747 556 eos
2770 492 3213 573 gloriari,quod
3246 501 3471 555 tantum
3505 493 3728 557 bonum

325 586 748 658 καλλωπίζεσθαι
807 580 1032 663 μᾶλλον,
1095 587 1175 641 ὃτι
1241 587 1479 642 τοιοῦτον
1538 587 1573 652 ἡ
1618 585 1803 658 πατρὶς
1880 588 1973 643 αὖ·

2062 585 2251 666 patria
2281 603 2485 647 eorum
2509 582 3095 664 protulerit.Fratres
3127 590 3327 644 autem
3361 581 3575 645 habuit
3603 580 3725 644 Do-

324 677 431 733 τῶν
503 675 701 755 ἀγαθὸν
771 674 1072 753 ἐξήνεγκεν,
1136 673 1419 754 Ἀδελιροὺς
1497 672 1552 729 ’δὲ
1610 675 1697 730 καὶ
1750 672 1977 754 ἀδελφὰς

2084 674 2264 735 ninus
2295 683 2354 735 et
2382 692 2643 747 sorores,
2695 671 2919 751 .loseph
2976 669 3156 741 ﬁlios,
3216 689 3367 751 quos
3419 671 3627 751 genuit
3656 689 3727 733 ex

328 770 483 846 εἶχεν
541 767 570 821 ὁ
625 767 837 845 Κὺριος,
909 764 1030 827 τοὺς
1087 771 1180 822 τοῦ
1223 764 1422 844 Ἰωσὴφ
1452 761 1673 837 παῖδας,
1722 764 1808 826 οὕς
1860 762 1981 819 ἔτε-

2084 782 2252 824 ixore
2270 763 2468 825 fratris
2498 762 2590 823 sui
2625 761 2839 840 Clopze.
2884 762 3111 821 Mortuo
3136 760 3294 822 enim
3319 760 3545 842 absque
3572 760 3726 823 libe-

334 878 426 913 κεν
483 856 546 912 ἐκ
603 859 702 921 τῆς
760 862 854 911 τοῦ
909 852 1135 933 ἀδελφοῦ
1178 857 1337 912 αὒτοῦ
1379 851 1564 911 Κλοπᾶ
1592 854 1857 932 γυναικός
1893 853 1986 909 τοῦ

2084 852 2152 912 ris
2176 852 2608 933 Ciopa,.loseph
2627 853 2792 931 juxta
2821 850 3016 928 legem
3045 868 3286 912 uxorem
3321 850 3451 930 ejus
3471 850 3725 930 accepit,

333 947 434 1025 γὰρ
507 943 692 1003 Κλοπᾶ
736 941 957 1005 ἄπαιδος
1016 942 1458 1021 τελευτήσαντος,
1514 945 1542 999 ὁ
1590 942 1792 1021 Ἰωσὴφ
1832 940 1986 999 ἔλαϐε

334 1035 471 1092 κατᾶ
524 1036 616 1090 τὸν
645 1069 650 1073 -
683 1034 848 1109 νόμον
902 1034 1001 1099 την
1027 1045 1255 1110 γυναῖκα
1300 1035 1480 1106 αὐτοῦ,
1520 1033 1607 1087 καὶ
1634 1029 1986 1099 ἒπαιδοποίη-

340 1145 429 1179 σεν
486 1122 537 1189 ἐξ
581 1124 741 1189 ανῖντῆς
821 1120 1023 1185 παῖδας
1108 1119 1185 1201 ἕξ,
1270 1120 1526 1199 τέσσαρας
1600 1119 1838 1199 ἂῤῥενας,
1901 1122 1989 1178 καὶ

341 1211 432 1270 δὶοο
484 1211 716 1286 θηλείας,
777 1214 876 1279 τὴν
930 1212 1156 1290 Μαρίαν,
1223 1209 1253 1277 ἥ
1310 1209 1523 1288 ἐλέγετο
1552 1217 1644 1267 τοῦ
1678 1209 1863 1268 Κλοπᾶ
1892 1214 1987 1267 θυ-

341 1304 511 1381 γάτηρ
562 1303 696 1359 κατὰ
744 1300 836 1359 τόν
896 1304 1081 1377 νόμον,
1170 1301 1257 1357 καὶ
1327 1300 1427 1367 τὴν
1460 1299 1753 1375 Σαλωμην.
1790 1304 1860 1359 Τὸ
1908 1298 1984 1363 δὲ.

342 1394 477 1468 πρὸς
534 1394 676 1467 ἡμᾷς
728 1393 881 1471 εἰσιν,
941 1390 1054 1446 ἀντὶ
1112 1392 1226 1464 τοῦ,
1293 1388 1407 1465 μεθ’
1437 1391 1590 1465 ἡμῶν
1640 1389 1741 1446 ὦδε
1798 1413 1988 1448 κατοι-

340 1488 544 1553 κοῦσιν,
601 1477 1065 1552 Ἐσκανδαλίζοντο
1122 1482 1209 1536 οὖν
1265 1483 1354 1537 καὶ
1411 1480 1552 1537 οὗτοι
1592 1479 1645 1536 ἐν
1702 1487 1778 1555 τῷ
1836 1481 2016 1547 Ἰησοῦ

332 1569 425 1626 λεν
451 1571 519 1627 τὰ
548 1568 816 1645 δαιμόνια.

424 1682 447 1715 ι
529 1651 588 1717 Ὀ
659 1656 944 1726 δὲ’[ησοῦς
989 1663 1142 1715 εἶπεν
1185 1661 1395 1723 αὒτοτς·
1430 1663 1537 1718 Οὐκ
1566 1658 1676 1715 ἔστι
1707 1661 1987 1739 προφήτης
2014 1669 2048 1717 Β

336 1749 550 1829 ἄτιμος,
616 1750 659 1805 εἰ
731 1750 809 1823 μὴ
864 1751 918 1806 ἒν
975 1755 1045 1826 τῇ
1075 1748 1282 1828 πατρίδι
1328 1749 1487 1806 αὐτοῖν
1528 1749 1699 1806 καὶέν
1730 1756 1797 1826 τῇ
1857 1749 1994 1822 οἰκίᾳ

336 1842 518 1899 αὐτοῦ.
590 1839 691 1895 Καὶ
745 1838 838 1894 οὐκ
897 1837 1145 1904 ἐποίησεν
1194 1839 1310 1896 ἐκεῖ
1338 1836 1582 1915 δυνάμεις
1616 1838 1843 1911 πολλὰς,
1911 1836 1993 1894 διὰ

335 1930 438 1995 τὴν
490 1928 735 1983 ἀπιστίαν
790 1929 983 1987 αὐτῶν.
1027 1951 1049 1985 θ
1106 1919 1251 2008 ’Ὅρα
1300 1930 1391 1985 τὸν
1466 1931 1710 2008 Χριστὸν,
1746 1935 1858 1992 πῶς
1889 1930 1991 2009 οὐχ

334 2016 525 2097 ὑϐρίζει
611 2017 823 2091 αὐτοὺς,
913 2016 1052 2075 ἀλλᾶ
1114 2039 1295 2098 πραως
1353 2021 1511 2098 φησὶν
1568 2018 1673 2098 ὅτι,
1734 2022 1842 2076 Οὔκ
1878 2018 1987 2073 ἔστι

334 2108 618 2185 προφήτης
696 2104 909 2181 ἄτιμος,
995 2108 1083 2163 καὶ
1139 2108 1204 2165 τὰ
1262 2106 1405 2175 ἐξῆς.
1468 2109 1738 2181 Εἰώθαμεν
1793 2108 1892 2186 γαρ
1944 2108 1990 2163 οἱ

333 2196 625 2275 ἅνθρωποι,
682 2201 789 2251 τῶν
850 2199 905 2252 ἰν
977 2197 1223 2268 συνηθείᾳ
1254 2197 1333 2253 ἀεὶ
1393 2211 1765 2277 καταφρονεῖν
1814 2198 1880 2252 τὰ
1933 2194 1987 2252 δὲ

336 2285 457 2350 ξένα
514 2284 862 2356 ἀσπάζεσθαι.
925 2287 995 2342 Τὸ
1043 2284 1098 2341 δὲ
1128 2286 1182 2341 ἐν
1212 2291 1281 2363 τῇ
1311 2288 1448 2358 οἰκίᾳ
1479 2290 1636 2344 αὐτοῦ
1666 2286 1985 2365 προσέθηκε,

335 2373 470 2430 διότι
541 2376 631 2431 καὶ
701 2376 749 2429 οἱ
772 2372 984 2455 ἀδελφοὶ
1039 2375 1220 2448 αὐτο-’5,
1253 2377 1300 2434 οἱ
1358 2374 1416 2431 ἐκ
1443 2375 1539 2442 τῆς
1572 2376 1735 2441 αὖτῆς
1792 2376 1980 2455 οἰκίας,

335 2463 582 2544 ἰφθόνοον
642 2465 807 2538 αὐτῷ.
881 2466 988 2522 Οὐκ
1044 2465 1263 2533 ἐποίησε
1322 2463 1375 2522 δὲ
1431 2466 1544 2522 ἐκεῖ
1574 2463 1816 2541 δυνάμεις
1848 2465 1985 2522 πολ-

338 2554 457 2630 λάς,
514 2552 600 2611 διὰ
653 2554 752 2621 τὴν
849 2554 1092 2611 ἆπιστίαν
1173 2557 1366 2631 αὐτῶν,
1426 2553 1732 2636 φειδὸμενος
1791 2555 1985 2627 αὐτῶν,

338 2644 429 2700 ’ἱνα
486 2645 565 2719 μὴ
597 2645 686 2700 καὶ
717 2645 854 2720 μετὰ
883 2644 947 2700 τὰ
973 2657 1176 2721 σημεῖα
1214 2643 1430 2703 ἄπισται
1472 2646 1767 2725 μείναντες,
1800 2643 1989 2702 πλεῖον

341 2733 662 2795 κολασθῶσι.
726 2730 907 2790 Πολλὰ
968 2735 1067 2809 μὲν
1128 2736 1216 2791 οὖν
1273 2734 1369 2791 οὒκ
1419 2734 1691 2801 εποίησεν,
1740 2733 1896 2812 ὀλιγα
1943 2731 1989 2788 δ’

348 2822 434 2901 ἂν,
491 2823 585 2879 *ἕνα
616 2824 694 2898 μὴ
723 2822 893 2903 ἔχωσι
924 2821 1121 2902 λέγειν,
1156 2822 1260 2880 ὅτι⁶
1295 2825 1354 2882 Εἰ
1384 2823 1521 2887 ὅλως
1562 2824 1830 2900 ἐποίησεν,
1867 2824 1990 2880 ἐπι-

352 2911 637 2985 στεὺσαμεν
707 2911 789 2973 ἄν.
865 2913 938 2967 Σὺ
993 2910 1048 2968 δὲ
1081 2916 1273 2980 νόησον
1301 2915 1387 2969 καί
1426 2913 1617 2987 οὕτως,
1662 2914 1742 2969 ὃτι
1776 2914 1859 2969 καὶ
1889 2913 1989 2988 μὲ-

354 3020 448 3078 χρι
500 3003 599 3065 τῆς
654 3002 878 3079 σήμερον
938 3004 967 3057 ὁ
1019 2999 1228 3065 ἰησοῦς
1308 3001 1362 3057 ἐν
1416 3008 1483 3079 τῇ
1542 3000 1749 3081 πατρίδι
1809 3004 1985 3073 αὑτοῦ,

348 3086 585 3144 τουτέστι
636 3090 771 3168 παρὰ
821 3103 940 3153 τοῖς
1027 3088 1346 3166 ’ίουθδαίοις,
1418 3091 1754 3168 ἀτιμάζεται·
1827 3093 1991 3168 ἡμεῖς

344 3175 399 3233 δὲ
430 3180 477 3234 οἰ
509 3176 643 3243 ξένοι
684 3186 931 3257 τιμῶμεν
975 3181 1156 3242 αὒτόν.
1519 3186 1524 3189 ’

967 3276 1221 3329 ΚΕΦΑΛ.
1257 3270 1364 3329 ΙΔ’.

342 3358 468 3427 Περὶ
492 3354 804 3440 ,Ἰωάννουῌ
845 3359 933 3415 καὶ
967 3349 1249 3440 νἨρώδου.
1308 3362 1432 3438 Περὶ
1472 3367 1585 3440 ,τῶν
1683 3361 1728 3417 ε’
1824 3360 1995 3440 ἂρτῶν

422 3438 510 3522 καὶ
575 3443 681 3494 τῶν
744 3437 805 3522 Δβ’
854 3437 1075 3519 ἰχθύωνξ
1138 3442 1262 3521 Περὶ
1329 3437 1423 3500 τοῦ
1465 3439 1520 3497 ἒν
1564 3440 1805 3520 θαλάσσῃ
1834 3437 1990 3522 περι-

425 3518 592 3575 πάτον
621 3526 713 3575 τοῦ
743 3518 944 3587 Ἰησοῦ,

430 3630 453 3664 ι
493 3604 582 3665 Ἐν
640 3606 827 3683 ἐκείνῳ
881 3615 959 3682 τῷ
1017 3617 1184 3689 καιρῷ
1241 3610 1466 3679 ἤκουσεν
1532 3605 1771 3693 Ἡρώδης
1802 3615 1830 3670 ὁ
1899 3634 1994 3670 τε-

342 3698 584 3777 τράρχης
635 3697 736 3765 τὴν
806 3698 973 3766 ἀκοὴν
1016 3696 1212 3780 Ἰησοῦ,
1244 3703 1334 3758 καὶ
1363 3703 1489 3759 εἷπε
1530 3715 1649 3766 τοῖς
1685 3704 1865 3760 παισὶν
1895 3705 1995 3759 αὒ-

346 3792 456 3842 τοῦ’
491 3785 656 3850 Οὗτός
683 3786 825 3845 ἐστιν
852 3787 1111 3857 ἰωάννης
1158 3792 1187 3847 ὁ
1219 3792 1546 3859 Βαπτιστὴςο
1582 3793 1738 3856 αὒτὸς
1797 3792 1996 3871 ἠγέρθη

345 3875 451 3931 ἀπὸ
506 3881 614 3931 τῶν
672 3884 892 3955 νεκρῶν,
954 3881 1041 3936 καὶ
1090 3877 1175 3935 διὰ
1214 3882 1371 3937 τοῦτο
1428 3884 1478 3938 αἱ
1536 3878 1777 3951 δυνάμεις
1846 3882 1994 3956 ἐνερ-

343 3974 527 4043 γοῦσιν
583 3964 637 4021 ἰν
698 3968 862 4040 αὒτῷ.
898 3987 925 4027 ι
1016 3971 1177 4033 Οὗτος
1221 3972 1249 4026 ὁ
1283 3961 1521 4050 Ἡρώδης
1552 3972 1662 4035 υἱὸς
1694 3970 1759 4038 ’ἦν
1816 3971 1909 4028 τοῦ
1932 3972 1999 4031 τὰ

342 4054 515 4135 βρέφη
574 4053 629 4111 ἂν
701 4056 943 4133 Βηθλεὲμ
1000 4056 1426 4126 ἂποκτείναντος.
1462 4058 1748 4128 Ἐννόησον
1800 4057 1856 4116 δὲ
1911 4060 1997 4116 ἐν·

344 4148 522 4202 τεῦθεν
585 4147 676 4203 τὸν
731 4169 892 4227 τυφον
919 4155 1017 4230 τοῦ
1046 4152 1355 4226 τυραννικοῦ
1378 4150 1516 4226 βίου.
1552 4148 1685 4207 Ἰδοὺ
1714 4152 1815 4230 γὰρ
1865 4151 2003 4226 μετὰ

349 4235 511 4292 πόσον
575 4236 771 4315 χρόνον
811 4226 870 4293 ίὸ
918 4226 1159 4313 Ἠρωδης
1191 4238 1369 4295 ἀκούει
1400 4240 1465 4296 τὰ
1493 4241 1612 4319 περὶ
1684 4226 1885 4307 Ἰησοῦ,
1947 4248 2008 4303 Οἱ

2011 2962 2051 3011 C

2071 951 2130 1003 et
2171 961 2390 1023 pueros
2437 943 2525 1001 72
2563 939 2897 1020 procreavit
2941 958 3076 1013 sex,
3115 948 3368 1020 quatuor
3416 956 3633 1014 mares,
3669 947 3731 1001 et

2073 1032 2219 1093 duas
2264 1032 2537 1093 feminas.
2573 1029 2816 1093 Mariam
2866 1048 2997 1108 qua:
3039 1029 3350 1090 dicebatur
3379 1030 3579 1110 Clopae
3606 1027 3729 1091 lilia

2074 1122 2405 1182 secundum
2442 1121 2657 1198 legem,
2680 1129 2740 1181 et
2771 1116 3068 1186 Salomen.
3102 1118 3277 1197 Apud
3312 1136 3421 1179 nos
3448 1119 3729 1190 sunt,hoc

2074 1210 2504 1283 est,nobiscum
2538 1209 2823 1271 habitant.
2853 1206 3322 1270 Olfendebantur
3348 1207 3525 1287 igitur
3554 1216 3613 1269 et
3641 1207 3728 1268 illi

2073 1318 2254 1380 super
2297 1300 2461 1363 Jesu.
2496 1298 2788 1363 Fortassis
2831 1298 2990 1359 enim
3026 1297 3139 1377 ipsi
3170 1297 3451 1359 dicebant
3487 1296 3643 1378 quod
3668 1298 3727 1358 in

2072 1390 2407 1452 Beelzebub
2439 1390 2690 1469 ejiceret
2712 1386 3026 1448 daemonia.

2096 1482 2240 1562 τάχα
2299 1480 2546 1559 λέγοντες
2578 1480 2665 1536 καὶ
2696 1479 2865 1554 αὒτοὶ,
2901 1477 2979 1534 ὅτι
3039 1481 3093 1535 ἓν
3152 1475 3473 1549 Βεελζεϐοὺλ
3528 1474 3726 1539 ἆκϐάλ-

2153 1659 2337 1720 Vens.
2366 1656 2586 1722 57-58.
2618 1657 2791 1719 Jesus
2824 1664 3021 1717 autem
3067 1654 3215 1718 dixit
3259 1655 3373 1719 illis
3408 1677 3421 1719 :
3463 1654 3593 1719 Non
3628 1665 3727 1719 est

2078 1748 2368 1826 propheta
2398 1747 2643 1808 honoris
2672 1764 2916 1825 expers,
2951 1745 3067 1806 nisi
3119 1746 3180 1805 in
3213 1747 3396 1823 patria
3442 1764 3548 1808 sua
3579 1746 3725 1809 etin

2075 1837 2251 1897 domo
2280 1856 2405 1899 sua.
2434 1836 2501 1898 Et
2533 1856 2648 1897 non
2680 1836 2816 1897 fecit
2841 1836 2964 1897 illic
2989 1837 3234 1897 virtutes
3269 1834 3503 1909 multas,
3538 1854 3721 1917 prop-

2076 1935 2164 1987 ter
2193 1926 2667 1988 incredulitatem
2708 1925 2969 1987 illorum.
3008 1949 3035 1984 ι
3076 1921 3226 1986 Vide
3251 1922 3549 1986 Christum
3574 1944 3725 2006 quo-

2076 2016 2249 2076 modo
2284 2034 2400 2075 non
2444 2015 2659 2094 injuria
2690 2033 2796 2075 eos
2826 2014 3033 2087 allicit,
3067 2013 3172 2074 sed
3208 2022 3514 2075 mansuete
3554 2014 3723 2091 dicit;

2075 2105 2202 2165 Nen
2239 2111 2333 2164 est
2362 2104 2653 2184 pr0pheta
2700 2104 2942 2165 honoris
2992 2120 3227 2181 expers,
3284 2111 3399 2165 etc.
3451 2101 3726 2166 Solemus

2073 2196 2230 2254 enim
2260 2194 2532 2255 homines
2557 2193 2884 2254 familiares
2915 2202 3322 2275 contemnere,
3355 2201 3413 2253 et
3448 2204 3727 2258 externos

2069 2282 2130 2344 in
2152 2283 2547 2345 admiratione
2583 2283 2824 2347 habere.
2855 2280 3025 2354 Quod
3047 2290 3243 2342 autem
3271 2282 3494 2361 adjicit.
3529 2282 3590 2343 in
3621 2283 3725 2343 do-

2069 2390 2165 2432 mo
2198 2391 2324 2451 sua,
2360 2373 2493 2434 ideo
2518 2371 2677 2451 fecit,
2713 2373 2852 2452 quia
2874 2373 3124 2433 oderant
3151 2390 3288 2431 eum
3317 2383 3377 2432 et
3400 2371 3612 2433 fratres
3630 2372 3724 2433 sui

2070 2461 2595 2525 domestici.Porro
2618 2462 2739 2524 illic
2760 2463 2999 2523 virtutes
3014 2461 3224 2523 multas
3247 2480 3367 2523 non
3389 2461 3550 2538 fecit,
3581 2480 3724 2543 pro-

2074 2560 2204 2631 pter
2232 2552 2709 2614 incredulitatem
2738 2552 2977 2613 illorum
3034 2568 3289 2632 parcens
3330 2550 3442 2621 eis.
3478 2570 3553 2614 ne
3598 2559 3729 2633 post

2074 2643 2240 2719 signa
2295 2641 2591 2703 increduli
2654 2650 2999 2716 manentes,
3055 2640 3290 2719 gravius
3348 2641 3724 2721 punirentur.

2073 2731 2256 2792 Multa
2304 2730 2482 2810 igitur
2533 2751 2653 2793 non
2714 2731 2880 2807 fecit,
2934 2749 3125 2811 pauca
3171 2740 3366 2791 autem
3418 2730 3607 2793 fecit:
3653 2750 3728 2793 ne

2078 2828 2318 2898 possent
2364 2821 2567 2882 dicere
2620 2820 2779 2901 quod
2826 2821 2877 2881 si
2932 2820 3051 2881 ulla
3107 2819 3366 2894 fecisset,
3428 2820 3726 2882 credidis-

2076 2926 2301 2971 semus.
2362 2907 2448 2970 Tu
2479 2916 2677 2973 autem
2728 2910 2813 2971 sic
2870 2926 3109 2990 quoque
3159 2908 3445 2989 intellige,
3479 2910 3635 2993 quod
3669 2918 3730 2972 et

2077 2997 2253 3059 hodie
2310 3000 2480 3062 Jesus
2537 3000 2598 3060 in
2660 2999 2847 3080 patria
2902 3017 3052 3075 sua,
3101 2998 3215 3060 hoc
3262 3007 3352 3060 est
3406 2999 3562 3079 apud
3616 3000 3729 3063 Iu-

2077 3086 2259 3168 daeos,
2294 3088 2727 3167 ignominiosus
2780 3097 2871 3151 est
2907 3109 2920 3152 :
2954 3106 3063 3151 nos
3092 3096 3287 3149 autem
3342 3088 3530 3151 exteri
3562 3088 3728 3151 illum

2083 3195 2468 3240 veneramur.

2690 3265 2938 3331 CAPUT
2967 3266 3120 3330 XIV.

2085 3360 2455 3441 DeiJoanne
2490 3368 2546 3423 et
2590 3359 2855 3425 Herode.
2913 3363 2998 3422 De
3045 3359 3312 3441 quinque
3356 3360 3621 3441 panibus
3671 3369 3730 3424 et

2157 3440 2391 3502 duobus
2416 3441 2797 3520 piscibus.De
2821 3439 3233 3503 ambuldtioné
3268 3439 3500 3504 Christi
3529 3458 3730 3522 supra

2159 3537 2361 3585 mare.

2166 3612 2344 3678 Vens.
2384 3616 2436 3691 1,
2470 3613 2643 3677 2.‹ιῐιι
2675 3614 2774 3676 illo
2808 3621 3073 3694 tempore
3096 3613 3317 3675 audivit
3341 3613 3607 3678 Herodes
3637 3626 3730 3678 te-

2081 3704 2318 3765 trarcha
2347 3704 2561 3765 famam
2595 3704 2672 3766 de
2700 3706 2862 3779 Jesu,
2899 3713 2957 3764 et
2984 3702 3131 3765 dixit
3163 3705 3363 3783 pueris
3400 3705 3522 3766 suis
3556 3726 3569 3767 :
3625 3704 3733 3767 Hic

2081 3801 2171 3853 est
2199 3791 2464 3854 Joannes
2509 3791 2795 3873 Baptista;
2829 3792 2959 3872 ipse
3014 3794 3271 3854 surrexit
3299 3811 3333 3855 a
3363 3795 3640 3869 mortuis,
3675 3802 3735 3857 et

2080 3880 2215 3943 idco
2242 3882 2489 3945 virtutes
2517 3887 2702 3962 agunt
2735 3882 2793 3942 in
2825 3882 2953 3945 illo.
2994 3906 3015 3939 ι
3055 3880 3161 3944 Hic
3194 3881 3459 3945 Herodes
3489 3892 3614 3945 erat
3658 3884 3733 3945 fi-

2082 3972 2196 4033 lius
2216 3971 2344 4051 ejus
2369 3973 2469 4052 qui
2501 3990 2715 4052 pueros
2760 3972 2818 4032 in
2868 3970 3186 4034 Bethleem
3231 3973 3467 4034 occidit.
3520 3971 3732 4035 Consi-

2083 4061 2222 4124 dera
2282 4074 2479 4124 autem
2534 4062 2674 4123 hinc
2725 4061 2944 4124 fastum
2999 4062 3132 4124 vita:
3186 4062 3526 4143 tyrannicas.
3585 4065 3739 4127 Ecce

2088 4153 2249 4213 enim
2312 4160 2442 4231 post
2498 4158 2786 4232 quantum
2844 4158 3081 4232 tempus
3151 4151 3308 4213 fama
3363 4152 3440 4214 de
3486 4155 3628 4215 Jesu
3673 4154 3749 4217 ad

2093 4241 2393 4303 Herodem
2466 4240 2754 4323 pervenit.
2828 4239 2940 4313 Qui
3012 4242 3174 4304 enim
3250 4250 3558 4322 potentatu
3610 4248 3753 4307 sunt

351 4322 449 4403 γάρ
506 4323 562 4380 ἐν
618 4323 946 4391 δυναστείαις
1003 4325 1237 4407 βραδέως
1291 4334 1456 4386 ταῦτα
1528 4330 1872 4406 μανθάνωσι,
1920 4327 1998 4385 διὰ

2090 4330 2350 4411 praediti,
2414 4322 2581 4391 tarde
2640 4331 2752 4392 ista
2797 4331 3065 4405 discunt,
3119 4348 3188 4393 eo
3246 4332 3404 4412 quod
3465 4351 3587 4395 non
3639 4352 3749 4395 cu-

348 4415 410 4470 τὸ
456 4418 536 4490 μη
590 4416 879 4493 φροντίζειν
934 4423 1039 4475 τῶν
1070 4417 1124 4474 ἐν
1169 4418 1333 4497 ἀρετῇ
1376 4417 1723 4495 λαμπόντων,
1756 4419 2006 4476 Φαίνεται

351 4500 407 4558 δὲ
474 4500 750 4583 φοϐεῖσθαι
813 4507 902 4563 τὸν
973 4508 1281 4576 Βαπτιστὴν
1328 4510 1504 4573 οὗτος.
1555 4510 1664 4566 Διὰ
1707 4515 1864 4565 τοῦτο
1895 4506 2010 4567 οὐδὲ

349 4589 533 4657 ἄλλοις
584 4596 688 4650 τισὶ
747 4593 918 4672 τολμᾷ
993 4596 1244 4671 ἔξειπετν,
1301 4596 1438 4655 ἀλλὰ
1498 4612 1614 4664 τοῖς
1647 4599 1815 4673 παισὶ,
1849 4619 2011 4658 τουτ-

351 4682 461 4739 έστι
530 4695 647 4747 τοῖς
718 4681 946 4750 δούλοις.
1027 4687 1177 4745 Ἐπεὶ
1206 4684 1261 4744 δὲ
1291 4686 1378 4745 ὅτε
1411 4686 1505 4760 ἔζη
1537 4690 1564 4745 ὁ
1616 4686 1876 4755 Ἰωάννης
1906 4710 2008 4756 ση-

350 4786 508 4848 μεῖον
561 4772 662 4831 οὐκ
744 4772 1018 4856 εποίησεν,
1065 4776 1310 4854 ἒνόμισιν
1367 4780 1396 4835 ὁ
1432 4767 1671 4857 Ἠρὼδης
1703 4776 1783 4834 ὅτι
1822 4780 1885 4833 kx
1913 4784 2011 4845 τῆς

349 4862 689 4929 ἀναστάσεως
759 4864 1058 4942 προσέλαϐε
1119 4868 1208 4925 καὶ
1278 4874 1434 4925 τοῦτο
1488 4869 1551 4925 τὸ
1581 4867 1827 4948 χάρισμα
1873 4869 2013 4945 παρὰ

350 4960 505 5027 Θεοῦ,
538 4955 602 5009 τὸ
631 4966 817 5011 ποιεῖν
847 4956 1117 5033 θαύματα.

435 5065 463 5099 ε
499 5034 557 5101 Ὀ
630 5044 730 5123 γὰρ
798 5033 1064 5126 Ἡρώδης,
1121 5047 1393 5123 κρατήσας
1451 5048 1541 5104 τὸν
1573 5046 1852 5122 Ἰωάννην,
1899 5045 2016 5115 ἕδη-

348 5154 437 5191 σεν
493 5133 655 5193 αὐτὸν
725 5135 815 5190 καὶ
874 5131 1018 5193 ἔθετο
1070 5138 1127 5192 tv
1178 5134 1390 5216 φυλακῇ
1420 5134 1505 5194 διὰ
1579 5127 1873 5216 Ἡρωδιάδα
1916 5138 2015 5205 τὴν

346 5236 578 5303 γυναῖκα
634 5220 917 5315 ⁸Φιλίππου
985 5234 1079 5284 τοῦ
1121 5214 1364 5315 ,ἀδελφοῦ
1418 5226 1599 5315 auio-3.
1648 5214 1871 5305 “£151:
1916 5227 2017 5315 γὰρ

346 5316 491 5372 αὐτῶ
542 5315 571 5369 ὁ
634 5309 909 5387 Ἰωάννης,
951 5315 1061 5372 Οὐκ
1120 5313 1289 5381 ἔξεστί
1347 5338 1431 5374 σοι
1489 5314 1642 5394 ἔχειν
1685 5315 1875 5395 αὐτὴν,
1930 5309 2019 5379 καὶ

342 5402 511 5460 θέλων
568 5402 732 5459 αὖτὸν
790 5400 1134 5481 ἀποκτεῖναι,
1184 5401 1431 5484 ἐφοϐεῖτο
1459 5406 1550 5461 τὸν
1604 5400 1796 5482 ὄχλον,
1832 5403 1912 5462 ὅτι
1943 5408 2017 5471 ὡς

348 5495 629 5575 προφήτην
686 5492 843 5552 αὒτὸν
900 5493 1089 5573 εἶχον.
1125 5518 1152 5551 ι
1218 5494 1327 5555 Οὐκ
1373 5495 1616 5573 ἰμνήσθη
1648 5491 1702 5548 ἰν
1727 5507 1847 5561 τοῖς
1877 5518 2017 5577 προ-

2088 4429 2224 4483 rent
2275 4436 2379 4482 eos
2425 4420 2524 4501 qui
2596 4420 2817 4483 virtute
2885 4430 3024 4481 sunt
3092 4420 3427 4500 conSpicui.
3489 4422 3753 4503 Apparet

2093 4516 2293 4573 autem
2348 4508 2510 4589 quod
2548 4508 2869 4589 Baptistsm
2922 4510 3207 4587 timuerit,
3240 4516 3300 4573 et
3332 4519 3647 4591 propterea
3674 4513 3751 4575 de

2094 4599 2189 4662 his
2219 4618 2338 4661 non
2394 4598 2525 4659 aliis
2555 4616 2730 4678 quam
2766 4599 2989 4680 pueris,
3025 4600 3138 4661 hoc
3169 4608 3280 4675 est,
3335 4602 3547 4677 servis,
3581 4601 3751 4664 effari

2094 4689 2303 4752 audet.
2366 4685 2655 4759 Quoniam
2705 4698 2903 4751 autem
2961 4688 3167 4751 vivens
3222 4690 3480 4752 Joannes
3512 4691 3748 4771 signum

2096 4796 2217 4839 non
2256 4778 2499 4859 fecerat,
2535 4778 2768 4858 putavit
2803 4777 3073 4840 Herodes
3102 4778 3263 4858 quod
3300 4796 3407 4859 per
3435 4797 3751 4841 resurrec—

2101 4868 2323 4931 tionem
2357 4868 2658 4947 acceperit
2701 4868 2843 4928 etim
2876 4867 2989 4929 hoc
3019 4868 3239 4929 donum
3262 4885 3295 4929 a
3322 4867 3536 4943 Deo,ut
3567 4868 3753 4931 mira-

2098 4958 2232 5018 cula
2261 4962 2641 5037 operaretur.

2180 5045 2365 5109 Vens.
2399 5047 2535 5108 3-5.
2576 5070 2599 5104 ιι
2629 5045 2898 5109 Herodes
2920 5045 3080 5107 enim
3102 5047 3671 5128 ceperatJoannem,
3697 5056 3756 5110 et

2100 5137 2455 5204 vinxerat.ac
2473 5146 2753 5218 posuerat
2765 5137 2822 5197 in
2840 5153 3081 5198 carcere
3096 5141 3343 5218 propter
3354 5133 3775 5199 Herodiadem'

2101 5245 2349 5292 uxorem
2374 5226 2631 5307 Philippi
2667 5226 2866 5288 fratris
2904 5228 3018 5290 sui.
3046 5225 3292 5287 Dicebat
3314 5225 3479 5288 enim
3505 5225 3760 5290 eiJoan-

2104 5336 2211 5381 nes
2231 5335 2245 5381 :
2268 5318 2393 5378 Non
2416 5316 2556 5379 licet
2584 5316 2695 5379 tibi
2720 5316 2941 5378 habere
2969 5335 3128 5379 eam.
3164 5315 3239 5379 Et
3265 5315 3473 5377 volens
3504 5334 3643 5379 eum
3668 5335 3781 5380 oc--

2101 5406 2326 5481 cidere,
2365 5406 2666 5469 metuebat
2697 5408 3278 5488 turbam,propterea
3295 5407 3453 5486 quod
3470 5407 3637 5469 illum
3653 5426 3764 5469 ceu

2103 5499 2455 5579 prophetam
2474 5496 2794 5560 habebant.
2814 5494 3210 5561 :Narrationis
3235 5498 3415 5575 hujus
3430 5497 3505 5558 de
3527 5494 3766 5560 Joanne
