4204 6412
496 279 616 347 295

1472 289 2068 356 THEOPHYLACTI
2112 290 2524 355 BULGABIIE
2556 293 2916 356 ARCHIEP.

3767 276 3885 363 996

494 420 554 482 in
588 423 997 504 superioribus
1040 442 1157 485 non
1209 425 1485 488 meminit
1514 427 1847 507 Matthzeus,
1880 447 1951 489 eo
1983 424 2133 509 quod

2224 423 2441 483 λαϐουσι
2500 435 2592 484 τοῦ
2649 428 2782 483 κατὰ
2841 430 2931 484 τὸν
2989 426 3243 497 Ἰωάννην
3315 427 3650 509 διηγήματος
3679 434 3706 487 6
3739 439 3883 487 Ματ-

494 530 709 593 scopus
740 513 824 573 illi
858 519 987 575 erat
1018 531 1085 573 ea
1109 513 1389 575 duntaxat
1419 515 1685 577 scribere
1716 535 1847 597 quze
1868 520 1939 579 ad
1973 516 2139 579 Chri-

492 609 646 662 stum
679 599 1203 680 spectabant.Sane
1237 622 1346 664 nec
1379 624 1535 667 nunc
1569 607 1943 669 meminisset
1983 608 2137 687 ejus,

494 688 607 751 nisi
642 700 697 751 et
729 690 840 758 hoc
869 690 941 752 ad
993 691 1291 754 Christum
1352 695 1668 756 retulisset.
1710 696 1917 774 Arguit
1945 705 2140 757 autem

485 777 749 841 Joannes
769 783 858 839 73
882 780 1198 846 Herodem.
1239 792 1302 845 ut
1333 784 1529 845 fratris
1562 804 1805 846 uxorem
1835 805 1953 847 non
1990 786 2143 865 legi-

486 867 627 929 time
659 868 1003 931 habentem.
1048 873 1159 932 Lex
1188 874 1346 934 enim
1374 874 1624 952 jubebat
1656 875 1862 936 fratris
1895 895 2136 937 uxorem

480 958 753 1037 accipere
788 973 930 1021 tunc
958 960 1227 1035 fratrem,
1261 965 1497 1045 quando
1533 966 1632 1026 ille
1663 965 1893 1044 absque
1930 966 2139 1027 liberis

483 1046 930 1137 defungeretur.
971 1049 1080 1112 Hic
1109 1062 1305 1114 autem
1333 1053 1637 1135 Philippus
1663 1074 1781 1116 non
1804 1056 2028 1137 absque
2062 1058 2133 1118 li-

484 1136 993 1225 berisdel‘unctus
1025 1151 1172 1203 erat.
1207 1141 1346 1204 Erat
1366 1143 1526 1204 enim
1562 1144 1761 1225 puella
1788 1136 2137 1225 quaa’salta-

437 1262 442 1266 -
485 1224 603 1288 bat.
640 1224 792 1291 Sunt
821 1238 1020 1291 autem
1055 1230 1295 1310 quidam
1344 1232 1443 1313 qui
1488 1224 1695 1295 dieunt
1746 1224 1924 1314 quod,
1962 1235 2135 1297 etiam

483 1315 678 1376 adhuc
728 1316 959 1379 vivente
990 1317 1285 1399 Philippo,
1343 1320 1615 1385 Herodes
1649 1323 1704 1385 ei
1738 1323 2054 1385 abstulerit
2083 1332 2139 1386 et

480 1422 753 1477 uxorem,
790 1410 851 1468 et
881 1409 1287 1469 tetrarchiam.
1329 1410 1465 1471 Sive
1503 1422 1700 1473 autem
1726 1413 1865 1486 hoc,
1899 1413 2022 1473 sive
2055 1414 2134 1474 il-

482 1492 584 1553 lud
612 1503 758 1566 erat,
796 1494 1071 1558 illicitum
1097 1506 1223 1558 erat
1247 1498 1633 1562 facinusNon
1665 1502 1909 1563 timebat
1938 1511 2132 1564 autem

486 1581 705 1656 Deum,
739 1584 844 1645 sed
883 1584 1111 1647 turbam
1141 1587 1405 1661 timebat,
1433 1591 1591 1652 unde
1624 1590 1854 1651 distulit
1884 1591 2129 1653 czedem:

482 1680 541 1733 at
574 1673 849 1734 diabolus
879 1684 1279 1755 opportunum
1318 1688 1547 1759 tempus
1575 1681 1688 1741 sihi
1722 1682 1970 1743 invenit.

561 1761 916 1825 Vens.6-8.
971 1763 1115 1827 Cum
1172 1777 1371 1828 autem
1423 1770 1877 1832 celebrarentur
1924 1771 2141 1832 natalia

477 1851 765 1932 Herodis,
791 1852 1040 1915 saltabat
1072 1854 1191 1915 ﬁlia
1217 1854 1575 1919 Herodiadis
1602 1864 1656 1920 i'n
1690 1860 1911 1933 medio,
1938 1866 1999 1923 et
2023 1861 2139 1940 pla-

486 1942 607 2003 cuit
640 1940 1052 2017 Herodi,unde
1071 1945 1917 2029 cumjurejurandopollicitus
1950 1960 2041 2011 est
2073 1969 2137 2011 se

488 2030 572 2093 illi
598 2031 873 2093 daturum
905 2032 1193 2114 quidquid
1218 2038 1553 2115 peteret.At
1583 2038 1683 2099 illa
1712 2040 1875 2113 prius
1901 2039 2132 2103 instru—

467 2128 565 2185 cta
596 2139 630 2181 a
661 2126 854 2184 matre
884 2122 1145 2185 suazDa
1204 2124 1372 2198 mihi,
1422 2127 1636 2209 inquit,
1696 2129 1793 2190 hic
1846 2129 1907 2190 in
1940 2133 2137 2210 patina

471 2219 655 2293 caput
676 2216 924 2276 Joannis
954 2216 1252 2295 Baptistae.
1269 2245 1292 2272 ιι
1308 2221 1454 2282 \‘ide
1478 2221 1955 2301 luxum:reginas
1971 2223 2135 2292 altat,

471 2312 530 2363 et
552 2313 773 2382 quanto
824 2304 1132 2384 pulchrius
1184 2310 1431 2381 saltavit,
1483 2319 1647 2374 tanto
1700 2312 1904 2391 pejus.
1941 2311 2142 2391 Turpe

471 2391 629 2453 enim
663 2400 752 2454 est
783 2393 1028 2472 reginae,
1072 2395 1301 2475 aliquid
1359 2399 1707 2461 indecorum
1744 2401 1833 2461 vel
1874 2402 2020 2462 scite
2054 2403 2142 2462 fa-

475 2500 634 2543 cere.
671 2482 998 2544 Considera
1041 2494 1239 2545 autem
1298 2487 1473 2549 aliam
1505 2489 1903 2570 insipientiam
1951 2490 2140 2553 Hero-

474 2569 592 2631 dis.
619 2570 845 2632 Juravit
874 2570 1171 2653 quitquid
1209 2586 1438 2654 peteret
1469 2569 1744 2641 daturum
1783 2598 1869 2642 se.
1896 2580 2061 2651 Quod
2091 2582 2140 2642 si

476 2669 654 2737 caput
715 2670 877 2721 tuum
918 2662 1187 2740 petisset,
1220 2666 1573 2729 dedissesne
1614 2667 1792 2729 illud?
1834 2672 1916 2731 Da
1963 2670 2131 2742 mihi,

476 2748 670 2829 inquit
699 2748 795 2810 hic
824 2753 1287 2829 caputJoannis.
1320 2755 1513 2827 Quare
1542 2760 1821 2838 opposuit
1854 2758 1994 2820 llic?
2024 2758 2126 2821 Ti-

474 2858 527 2899 m
546 2838 681 2929 ebat
710 2857 784 2900 ne
815 2839 962 2900 forte
990 2840 1257 2904 Herodes
1284 2845 1695 2927 resipiscensp
1724 2857 1893 2909 ostea
1933 2850 2128 2929 paeni-

474 2928 705 3040 tudine
729 2928 1050 2990 duceretur
1082 2948 1095 2993 :
1145 2942 1464 3014 propterea
1523 2946 1691 3017 urget
1755 2928 1962 2999 dicens
1996 2960 2008 3000 :
2042 2941 2184 3040 DaC

466 3018 610 3077 mihi
646 3019 766 3080 hic.

545 3109 725 3199 Vens.
759 3108 930 3199 9-12.
973 3110 1079 3171 «Et
1112 3111 1360 3175 indoluit
1396 3133 1499 3176 rex
1532 3133 1545 3177 :
1584 3126 1843 3178 attamen
1880 3127 2123 3199 propter

457 3196 879 3276 jusjurandum
900 3201 1824 3282 etaccumbentesjussitdari.Et
1851 3196 2118 3269 cum—mi-

463 3286 642 3347 sisset
673 3287 1013 3361 carniﬁces,
1049 3294 1373 3371 amputavit
1402 3304 1579 3375 caput
1607 3295 1853 3358 Joannis
1886 3299 1941 3360 in
1983 3318 2118 3360 car-

458 3394 619 3441 cere.
660 3385 717 3437 et
740 3376 984 3438 allatum
1020 3388 1109 3440 est
1136 3392 1314 3460 caput
1340 3384 1471 3462 ejus
1495 3384 1552 3444 in
1584 3387 1804 3465 patina,
1830 3396 1887 3448 et
1919 3388 2119 3449 datum

458 3465 886 3546 puellae,atque
913 3468 1014 3529 illa
1044 3469 1257 3531 obtulit
1291 3475 1460 3533 matri
1484 3480 1709 3538 suze.Et
1732 3495 1995 3537 accesse;
2016 3492 2122 3545 unt

455 3555 741 3634 discipuli
774 3561 928 3635 (jus,
963 3566 1019 3618 et
1058 3560 1321 3621 tulerunt
1371 3582 1618 3643 corpus,
1658 3574 1717 3626 et
1748 3566 2122 3643 sepelierunt

454 3644 623 3704 illud.
671 3670 689 3698 ι
730 3643 985 3707 Indoluit
1019 3651 1938 3728 proptervirtutetn.Admiratur
1958 3659 2113 3718 enim

452 3733 731 3824 virtutem
768 3735 1067 3824 ctqhostis,
1101 3747 1361 3799 attamen
1399 3749 1644 3820 propter
1686 3744 2111 3824 jusjurandum

2220 518 2396 586 θαῖος,
2472 515 2604 573 διότι
2664 519 2863 583 σκοπὸς
2922 518 2989 586 ἦν
3047 519 3191 592 αὖτῷ
3246 520 3384 595 μόνα
3415 522 3483 576 τὰ
3511 522 3628 600 περὶ
3660 527 3888 600 Χριστοῦ

2223 606 2447 685 γράψαι,
2511 610 2609 665 Καὶ
2666 610 2765 685 γὰρ
2835 606 2951 664 οὒδέ
3026 616 3114 665 νῦν
3158 609 3397 685 ἐμνήσθη
3442 610 3526 690 ἄν,
3560 613 3604 668 εἰ
3672 614 3750 687 μὴ
3799 611 3887 668 καὶ

2224 704 2390 780 τοῦτο
2441 699 2515 760 εἷς
2574 700 2800 776 Χριστὸν
2858 697 3057 778 ἔφερεν.
3123 698 3387 780 ’¹Ηλε·ίχε
3465 699 3571 757 δὲὸ
3632 702 3885 769 Ἰωάννης

2228 787 2318 840 τὸν
2378 776 2638 865 Ἡρώδην,
2700 789 2772 850 ὡς
2840 776 3164 866 παρανόμως
3245 776 3442 869 tiam
3502 798 3592 848 τοῦ
3663 788 3887 870 ἀδελφοῦ

2222 873 2381 929 αὗτοῦ
2438 876 2533 941 τὴν
2592 890 2844 953 γυναῖκα·
2913 880 2940 932 6
2998 880 3098 956 γὰρ
3148 879 3308 954 νόμος
3364 878 3597 953 ἐκέλευε,
3631 880 3730 947 τὴν
3792 887 3884 935 τοῦ

2221 960 2446 1041 ἀδελφοῦ
2513 978 2741 1041 γυναῖκα
2796 964 2916 1021 τότε
2972 964 3261 1043 λαμϐάνειν
3332 970 3422 1024 τὸν
3473 967 3718 1049 ἀδελφὸν,
3794 969 3882 1026 ὅτε

2222 1051 2379 1116 ἅπαις
2438 1052 2748 1121 τελευτησοι
2822 1056 3051 1120 ἐκεῖνος.
3088 1057 3342 1113 Ἐνταῦθα
3388 1055 3443 1114 δὲ
3488 1061 3516 1115 ὁ
3590 1058 3877 1131 Φίλιππος,

2222 1144 2314 1198 οὒκ
2374 1141 2532 1206 ἅπαις
2618 1142 2980 1212 ἐτελεύτησεν.
3041 1132 3143 1202 Ἠν
3172 1148 3272 1225 γὰρ
3320 1149 3462 1220 αὖτῷ
3491 1162 3622 1213 παῖς
3653 1151 3686 1216 ἦ
3712 1150 3883 1229 ὀρχη·

2220 1230 2447 1305 σαμένιμ
2526 1234 2675 1295 Τινὲς
2734 1232 2789 1289 δὲ
2834 1233 3075 1311 λέγουσιν
3139 1235 3219 1292 δτι
3274 1241 3473 1307 ζῶντος
3525 1237 3600 1294 ἔτι
3642 1245 3732 1295 τοῦ
3774 1245 3881 1294 Φι-

2220 1320 2415 1376 λίππου
2487 1321 2730 1399 ἀφείλετο
2791 1326 2818 1380 6
2893 1315 3133 1403 Ἡρώδης
3202 1327 3291 1381 καὶ
3350 1325 3448 1392 τὴν
3506 1340 3735 1405 γυναῖκα
3789 1331 3877 1383 καὶ

2219 1409 2318 1475 τὴν
2377 1413 2715 1491 τετραρχίαν.
2779 1412 2906 1470 Εἴτε
2950 1410 3005 1468 δὲ
3036 1413 3213 1492 τοῦτο,
3249 1414 3362 1471 εἴτε
3394 1415 3593 1490 ἐιιεῐνο,
3638 1416 3878 1495 παράνο-

2220 1519 2318 1571 μον
2378 1499 2443 1566 ἧν
2472 1500 2533 1555 τό
2576 1500 2838 1581 πραχθέν.
2889 1503 2976 1568 Μὴ
3013 1500 3337 1582 φοϐούμενος
3368 1501 3422 1559 δε
3467 1506 3557 1559 τὸν
3602 1506 3751 1581 Θεὸν²
3783 1507 3876 1560 τὸν

2222 1588 2388 1668 ἄλλον
2447 1590 2718 1673 ἐφοϐεῖτο,
2794 1593 2910 1650 ὅθεν
2942 1596 3031 1650 καὶ
3084 1592 3403 1652 ἀνεϐάλλετο
3458 1605 3552 1655 τοῦ
3602 1603 3870 1675 φονεῦσαι³

2162 1670 2200 1720 Β
2226 1678 2345 1734 ἀλλ’
2377 1682 2405 1735 6
2430 1678 2669 1746 διάϐολος
2696 1670 2897 1761 έξεῦρεν
2921 1687 3063 1757 αὒτῷ
3095 1685 3277 1762 καιρὸν
3322 1670 3642 1755 ἱπιτήδειονξ

2312 1789 2334 1823 ι
2375 1771 2627 1827 Γενεσίων
2695 1770 2781 1854 δὲν
2824 1773 3099 1850 ἀγομένων
3144 1780 3234 1830 τοῦ
3270 1764 3525 1852 Ἡρώδου,
3587 1774 3877 1854 ὠρχήσατο

2222 1859 2254 1925 ἡ
2327 1860 2559 1943 θμγάτηρ
2612 1861 2707 1928 τῆς
2771 1853 3088 1938 Ἡρωδιάδος
3148 1861 3200 1917 ἐν
3256 1869 3337 1936 χῷ
3388 1863 3559 1943 μέσῳ²
3594 1853 3682 1920 καὶ
3719 1864 3877 1943 ἣρεσε

2220 1953 2296 2019 τῷ
2352 1938 2583 2028 Ἡρώδῃ·
2643 1951 2759 2007 ὅθεν
2820 1950 2937 2025 μεθ’
2967 1951 3122 2028 ὅρκου
3182 1938 3705 2030 ὡμολόγησενᾶἰηῇ
3751 1938 3876 2012 δοῦ-

2220 2058 2300 2091 ναι
2363 2037 2390 2092 ὅ
2440 2038 2528 2094 ἐὰν
2587 2041 2897 2111 αἰτήσηται.
2965 2032 3027 2097 Ἠ
3076 2039 3155 2115 δὲ,
3190 2038 3602 2119 προϐιϐασθεῖσα
3646 2043 3875 2108 ὑπὸτῆς

2219 2129 2420 2207 μητρὸς
2492 2129 2677 2196 αὒτῆς⁶
2746 2131 2846 2194 Δός
2897 2154 3011 2207 μοι²
3074 2132 3255 2211 φησὶν,
3310 2128 3419 2211 ὦδε
3452 2131 3539 2187 ἐπὶ
3568 2130 3745 2188 πίνακι
3775 2132 3874 2200 τὴν

2220 2215 2456 2295 κεφαλὴν
2517 2218 2762 2277 Ἰωάννου
2821 2228 2913 2276 τοῦ
2958 2219 3276 2279 Βαπτιστοῦ.
3320 2242 3345 2273 η
3383 2210 3501 2276 ’Ἱδε
3545 2218 3869 2297 ἀσέλγειανι

2230 2295 2291 2361 Ἠ
2348 2306 2628 2381 βασίλισσα
2700 2310 2969 2389 ὀρχεῖται,
3006 2311 3093 2365 καὶ
3124 2306 3235 2383 ὅσῳ
3269 2307 3446 2371 καλῶς
3477 2310 3751 2389 ὀρχεῖται,
3780 2332 3873 2367 το-

2228 2395 2397 2468 σούτῳ
2455 2403 2657 2462 κακῶς.
2723 2400 2961 2477 Αἷσχύνη
3019 2398 3119 2475 γὰρ
3173 2395 3456 2473 βασιλίσσῃ
3510 2400 3570 2454 τὸ
3626 2400 3875 2477 πράττειν

2224 2504 2274 2538 τι
2334 2484 2564 2561 ἀπρεπὲς
2623 2484 2915 2551 ὶπιδεξίως.
2980 2487 3179 2542 Σκόπει
3210 2484 3265 2542 δὲ
3296 2488 3382 2543 καὶ
3409 2485 3580 2553 ἄλλην
3624 2487 3873 2555 ἆνοησίαν

2223 2579 2315 2628 τοῦ
2389 2563 2645 2651 Ἡρώδου,
2705 2574 2913 2649 ὤμοσεν
2986 2574 3128 2631 δ’ὲὰν
3175 2576 3481 2649 αἰτήσηται,
3516 2572 3690 2631 δοῦναι
3718 2575 3869 2657 (ΞΟγ

2224 2662 2267 2716 εἰ
2321 2659 2375 2717 δὲ
2438 2664 2535 2730 τὴν
2604 2662 2843 2743 κεφαλὴν
2897 2686 2992 2723 σου
3021 2664 3283 2737 ἠτήσατο,
3318 2661 3548 2727 δέδωκας
3578 2664 3640 2719 ἄν
3663 2666 3870 2740 αὖτὴνς

2223 2752 2319 2815 Δύς
2378 2775 2493 2827 μοι,
2560 2756 2742 2833 φησὶν,
2803 2752 2905 2810 ὧδε
2960 2756 3057 2823 τὴν
3114 2752 3356 2834 κεφαλὴν
3417 2751 3688 2817 Ἰωάννου,
3723 2756 3873 2820 Τίνος

2211 2838 2387 2897 ἕνεκεν
2431 2845 2724 2920 προσέθηκε
2757 2846 2840 2919 τὸ,
2873 2841 2975 2899 ὦδε
3010 2862 3030 2920 ;
3057 2841 3361 2924 Ἐφοϐεττο,
3389 2845 3586 2918 μήπως
3618 2847 3646 2900 6
3694 2835 3873 2924 Ἠρώ-

2210 2928 2304 2996 δης
2377 2934 2722 3010 σωφρονήσας
2793 2932 3008 3013 ὕστερον
3109 2932 3480 3010 μεταμεληθῇ.
3563 2936 3661 2990 Διὰ
3717 2943 3873 2991 τοῦτο

2208 3022 2535 3097 κατεπείγει’
2573 3022 2673 3085 Δός
2706 3043 2797 3097 μοι
2827 3022 2954 3097 ὧδε,
2986 3022 3237 3103 λέγουσα.

2292 3132 2313 3166 ι
2368 3111 2465 3167 Καὶ
2502 3108 2742 3181 ἐλυπήθη
2817 3114 2845 3168 6
2915 3111 3188 3191 βασιλεὺς,
3260 3109 3345 3168 δια
3371 3111 3425 3167 δὲ
3485 3114 3605 3176 τοὺς
3682 3112 3868 3192 ὅρκους

2202 3200 2463 3264 καὶτοὺς
2561 3202 3032 3279 συνανακειμένους
3116 3200 3358 3259 ἐκέλευσε
3443 3200 3681 3275 δοθῆναι,
3775 3206 3864 3259 καὶ

2205 3288 2446 3369 πέμψας,
2506 3290 2862 3372 ἆπεκεφάλισε
2941 3294 3030 3347 τὸν
3088 3289 3339 3357 Ἰωάννην
3398 3290 3451 3347 ἐν
3507 3296 3576 3367 τῇ
3622 3289 3866 3371 φυλακῇ,

2204 3380 2292 3434 καὶ
2343 3380 2549 3459 ἠνέχθη
2611 3382 2644 3448 ἡ
2691 3380 2899 3461 κεφαλὴ
2931 3385 3089 3440 αὐτοῦ
3119 3380 3205 3437 ἰπὶ
3247 3380 3453 3461 ιττίναιιι³
3485 3381 3573 3436 καὶ
3605 3379 3759 3448 ἐδόθη
3788 3388 3867 3457 τῷ

2203 3470 2457 3549 κορασίῳ,
2512 3471 2599 3527 καὶ
2652 3469 2844 3549 ἤνεγκε
2902 3477 2971 3547 τῇ
3033 3472 3196 3550 μητρὶ
3255 3472 3441 3537 αὐτῆς.
3482 3472 3582 3528 Καὶ
3636 3470 3871 3550 προσελ-

2203 3558 2383 3620 θόντες
2437 3562 2484 3615 οἱ
2542 3562 2773 3634 μαθηταὶ
2826 3562 3008 3640 who-3,
3068 3560 3202 3641 ἦραν
3251 3562 3314 3616 τὸ
3357 3565 3515 3635 σῶμα
3552 3562 3642 3617 καὶ
3671 3558 3872 3637 ἔθαψαν

2203 3646 2351 3708 αὐτό.
2418 3671 2444 3703 ι
2509 3646 2784 3719 Ἐλυπήθη
2870 3647 2954 3707 διὰ
3008 3651 3106 3717 τὴν
3155 3650 3373 3727 ἀρετὴν.
3445 3650 3711 3725 Θαυμάζει
3769 3652 3870 3730 γὰρ

2201 3736 2393 3814 ἀρετὴν
2448 3739 2537 3793 καὶ
2606 3736 2883 3813 πολέμιος·
2954 3737 3102 3813 ὅμως
3134 3736 3219 3793 δια
3256 3740 3376 3803 τοὺς
3420 3737 3636 3818 ὅρκους,
3689 3736 3868 3795 δίδωσι

453 3821 551 3882 dat
583 3822 805 3882 donum
841 3822 1589 3890 inhumanum.Discamus
1622 3821 1821 3893 autem
1846 3834 1957 3895 hoc
1983 3836 2112 3897 loco

2219 3829 2394 3904 ppsizv
2443 3826 2816 3905 ἀπάνθρωπον.
2899 3829 3266 3903 Μανθάνωμεν
3323 3826 3379 3883 δὲ
3435 3829 3695 3902 ἱντεὺθεν,
3784 3827 3864 3886 ὅτι

461 3929 593 3972 esse
623 3912 938 3992 aliquando
972 3914 1471 3996 melius‘pejerare
1495 3939 1670 4000 quam
1696 3932 1941 4001 propter
1953 3928 2113 4001 jura-

2224 3937 2337 3971 στιν
2391 3915 2478 3971 ὅτε
2551 3933 2796 3997 κρεῖττον
2824 3920 3123 3997 ὶπιορκεῐν,
3158 3918 3194 3985 ἢ
3225 3915 3310 3973 διὰ
3365 3918 3485 3981 τοὺς
3519 3916 3701 3996 ὅρκους
3732 3916 3866 3974 ἀσε-

464 4008 752 4074 mentum,
787 4001 1035 4091 impium
1066 4004 1291 4085 aliquid
1323 4008 1540 4071 facere.
1575 4008 1885 4091 Sepultum
1908 4022 2109 4075 autem

2220 4006 2275 4071 ές
2328 4029 2375 4063 τι
2434 4021 2636 4066 ποιεῖν.
2716 4006 2923 4088 Ἐτάφη
2955 4007 3009 4062 δὲ
3056 4011 3119 4064 τὸ
3164 4013 3321 4083 σῶμα
3351 4014 3443 4065 τοῦ
3474 4015 3771 4064 Βαπτιστοῦ
3800 4007 3856 4065 ἐν

449 4097 545 4149 est
574 4107 792 4169 corpus
823 4090 1101 4170 Baptistze
1127 4095 1186 4155 in
1220 4094 1465 4159 Sebaste
1507 4090 1798 4165 Caesarea.
1836 4104 2105 4166 Venera-

2226 4103 2261 4172 ᾖ
2308 4094 2552 4174 Σεϐαστῇ
2604 4100 2912 4178 Καισαρείᾳ·
2978 4100 3007 4165 ἓ,
3066 4096 3123 4194 δξ
3176 4099 3326 4173 τιμία
3397 4099 3554 4154 αὐτοῦ
3622 4096 3859 4177 κεφαλὴ,

450 4178 570 4241 bile
601 4189 798 4241 autem
830 4181 959 4261 ejus
990 4193 1165 4264 caput
1197 4185 1449 4264 primum
1484 4190 1543 4250 in
1575 4188 1851 4253 Emesam
1884 4196 2106 4274 reposi-

2219 4190 2264 4242 to
2331 4192 2541 4267 πρῶτον
2595 4190 2854 4255 κατετέθη
2912 4189 2985 4254 εἷς
3086 4178 3364 4263 "Elaeam.
3440 4190 3537 4245 Καὶ
3625 4187 3867 4253 ἐλθόντες

456 4277 584 4329 tum
613 4268 745 4330 fuit.
786 4295 808 4325 (ι
850 4269 1264 4355 Abieruntque
1297 4284 1355 4338 et
1384 4280 1878 4343 renuntiaverunt
1906 4268 2111 4346 Jésu.»

2219 4275 2540 4355 ὶπήγγειλαν
2596 4282 2674 4349 τῷ
2720 4276 2922 4347 Ἰησοῦ.
2984 4279 3043 4334 Τί
3098 4276 3436 4355 ἀπήγγειλαν
3493 4283 3572 4351 τῷ
3626 4276 3805 4345 Ἰησοῦ
3849 4298 3865 4356 ἱ

450 4357 603 4449 Quid
637 4360 1212 4428 annuntiantJesu?
1264 4384 1383 4427 non
1428 4369 1586 4449 quod
1641 4380 1909 4434 mortuus
1958 4384 2118 4438 esset

2219 4370 2318 4447 )ὒχ
2372 4364 2451 4423 ὅτι
2508 4367 2764 4423 ἀπέθανεν
2828 4366 3101 4435 Ἰωάννης·
3135 4369 3197 4423 τὸ
3226 4368 3330 4446 γὰρ
3362 4368 3498 4424 κατὰ
3550 4369 3644 4425 τὸν
3676 4368 3868 4425 Ἰωάν-

446 4446 733 4544 Joannes,
763 4468 903 4544 nam
937 4451 991 4513 id
1019 4451 1173 4544 fama
1199 4446 1464 4518 subinde
1484 4459 1783 4535 attulerat,
1818 4462 1922 4523 sed
1950 4464 2108 4544 quod

2219 4446 2311 4522 :an
2354 4453 2597 4535 διήγημα
2664 4457 2985 4536 παρενετέθη
3031 4456 3219 4533 μέσον·
3254 4453 3375 4511 ἀλλ’
3411 4454 3492 4511 ὅτι
3545 4458 3573 4512 6
3624 4453 3866 4535 Ἡρώδης

446 4534 717 4600 Herodes
745 4540 819 4601 de
836 4538 981 4603 Jesu
1016 4542 1264 4617 diceret,
1300 4548 1457 4627 quod
1489 4546 1751 4611 Joannes
1776 4534 1986 4617 esset:

2224 4543 2331 4625 ἐγει
2362 4548 2479 4625 περὶ
2511 4548 2671 4604 αὒτοῦ
2712 4534 2786 4611 ὥς
2825 4546 3091 4615 Ἰωάννης
3126 4546 3259 4605 ἐστί.

528 4627 707 4691 Vens.
728 4629 937 4720 t_3.«1d
969 4650 1105 4693 cum
1129 4635 1613 4720 audissetJesus,
1647 4642 1897 4704 secessit
1944 4643 2113 4707 illinc

2284 4655 2313 4694 ι
2373 4638 2468 4694 Καὶ
2506 4636 2734 4700 ἀκούσας
2808 4638 2836 4693 ὀ
2869 4638 3099 4715 Ἰησοῦς,
3165 4636 3514 4717 ἀνεχώρησεν
3566 4634 3772 4692 ἂκετθεν
3808 4634 3863 4691 ἰν

445 4719 502 4780 in
534 4720 662 4782 navi
690 4718 765 4781 ad
796 4719 1101 4783 desertum
1127 4724 1320 4787 locum
1347 4718 2111 4795 seorsim.»Secedit’Jesus

2219 4726 2365 4800 πλοίῳ
2380 4727 2452 4791 εἷς
2475 4725 2679 4805 ἔρημον
2703 4727 2870 4785 τόπον
2890 4728 3008 4784 κατ’
3032 4725 3185 4784 ἰδίαν.
3220 4746 3248 4785 ι
3274 4726 3579 4806 ’Λναχωρετ
3607 4726 3636 4780 ἀ
3657 4722 3862 4792 Ἰησοὺς

444 4818 684 4890 propter
713 4808 968 4904 llerodis
1013 4813 1427 4889 homicidium,
1463 4819 1689 4881 docens
1721 4840 1829 4882 nos
1867 4841 2108 4904 quoque

2219 4817 2277 4872 ῖιᾶ
2306 4817 2403 4885 τὴν
2439 4807 2673 4895 Ἠρὼδου
2736 4819 3072 4898 μιαιφονῖοιν³
3118 4815 3378 4873 διδάσκων
3435 4817 3524 4872 καὶ
3579 4816 3725 4891 ἡμᾶς
3784 4816 3862 4893 μὴ

444 4916 521 4958 ne
549 4897 902 4977 objiciamus
928 4901 1207 4983 nosipsos
1241 4914 1465 4968 temere
1492 4907 1552 4969 in
1577 4897 1934 4991 pericula,et
1959 4897 2112 4974 inte-

2224 4906 2389 4963 ίπτειν
2461 4906 2677 4970 ἑαυτοὺς
2708 4913 2990 4987 προφανῶς
3019 4897 3093 4971 εἷς
3124 4904 3414 4969 κινδὺνους.
3448 4906 3549 4963 Καὶ
3588 4904 3702 4982 ἅμα
3768 4905 3862 4963 ’ἵνα

443 4986 557 5047 rim
584 5005 660 5049 ne
688 4988 959 5050 videatur
980 4991 1150 5070 juxta
1179 4986 1593 5075 apparentiam
1639 5006 1864 5061 tantum
1901 5001 2107 5064 incar-

2219 4995 2271 5062 ιή
2301 4990 2426 5070 δόξῃ
2456 4996 2591 5051 κατὰ
2622 4986 2911 5075 φαντασῖαν
2942 4997 3299 5075 σαρκωθῆναι,
3332 4991 3419 5050 διὰ
3461 5000 3617 5051 τοῦτο
3644 4994 3865 5076 ἇιναχω-

445 5084 640 5156 natus,
689 5087 1005 5159 propterea
1049 5084 1297 5146 secedit.
1334 5086 1394 5149 Si
1428 5087 1590 5149 enim
1636 5092 1928 5152 tenuisset
1969 5110 2104 5155 eum

2219 5097 2300 5147 ιεϊ,
2336 5085 2394 5141 Εἰ
2438 5106 2537 5162 γαρ
2582 5084 2877 5161 ἐκράτησεν
2908 5085 3115 5143 αὐτὸνό
3162 5076 3433 5162 Ἠρωδης,
3498 5084 3861 5166 ἐπεχείρησεν

440 5166 733 5239 Herodes,
760 5177 1016 5255 conatus
1046 5171 1256 5234 fuisset
1289 5173 1459 5237 illum
1493 5176 1813 5240 occidere:
1843 5190 1901 5242 et
1922 5179 2106 5255 si,co-

2219 5176 2259 5232 ἱν
2285 5172 2519 5231 ἀνελεῖν⁹
2552 5174 2953 5255 ὲπιχειροῦντος
2993 5172 3048 5231 δὲ
3086 5172 3323 5252 ἀνελεῖν²
3359 5173 3449 5230 ἐὰν
3476 5174 3535 5230 ἐκ
3558 5175 3735 5250 μέσων
3752 5179 3859 5230 τῶν

444 5264 622 5317 nante
637 5256 753 5317 hoc
774 5252 1221 5350 Herode,Jesus
1243 5263 1509 5345 seipsum
1538 5284 1570 5328 e
1597 5267 1812 5328 mediis
1830 5252 2116 5350 periculis

2219 5263 2449 5323 ιινδύνων
2512 5252 2804 5344 ἐξήρπασεν
2863 5266 3049 5322 ἑαυτὸν
3078 5267 3106 5322 ὀ
3156 5265 3389 5346 Ἰησοῦς³
3421 5263 3504 5321 διὰ
3559 5265 3623 5321 τὸ
3689 5265 3857 5339 μήπω

447 5345 867 5427 eripuisset,eo
882 5346 1036 5426 quod
1062 5351 1322 5414 nondum
1340 5354 1601 5418 instabat
1618 5345 1856 5439 tempus
1879 5361 2110 5440 mortis,

2219 5355 2444 5423 ινστῆναι
2503 5356 2595 5411 τὸν
2650 5357 2831 5435 καιρὸν
2864 5355 2956 5412 τοῦ
2982 5356 3228 5433 θανάτου,
3267 5353 3437 5422 ἔδοξεν
3466 5353 3529 5410 ἄν
3571 5354 3856 5433 φάντασμα

1534 5487 1618 5549 Ex
1648 5490 2181 5559 collationecodd.
2210 5495 2427 5555 Venet.
2460 5490 2521 5552 S.
2560 5487 2764 5553 Marci.

526 5614 644 5711 {‘20)
672 5611 955 5711 C9d1‘29l,
986 5615 1246 5693 "Quoasv
1278 5622 1330 5700 ὃ,
1359 5623 1448 5678 Rev
1476 5623 1773 5704 ὀρχήσαιτο
1799 5626 1979 5695 δεξιῶς
2014 5632 2133 5702 αἰτή

2219 5652 2294 5688 ιτο
2325 5626 2527 5692 δοῦναι.
2572 5653 2600 5685 «
2633 5630 2881 5709 Iuravit,
2932 5630 2983 5694 si
3016 5631 3322 5711 eleganter
3351 5622 3624 5708 saltaret,
3658 5628 3854 5705 quid-

447 5697 589 5779 quid
617 5693 877 5779 petierit,
913 5696 1188 5760 daturum
1219 5693 1326 5775 se,
1347 5725 1373 5757 ι
1410 5693 1523 5765 etc.
