4204 6426
504 304 621 369 299

450 524 451 527 “
507 535 566 588 et
589 545 753 591 mare
773 527 1193 607 condiderit,et
1213 545 1421 589 omnes
1441 526 1811 608 cibi,quibus
1834 524 2152 597 vescimur,

505 615 577 677 ab
607 616 737 696 ipso
768 617 941 678 nobis
984 616 1291 690 dentur,et
1321 616 1641 696 peripsum
1666 615 2153 694 multiplicentur.

505 704 794 768 Caeterum
818 708 875 766 in
908 705 1143 767 deserto
1172 706 1237 766 ﬁt
1268 706 1639 775 miraculum,
1679 724 1751 765 ne
1782 704 1914 784 quis
1945 705 2158 783 opine-

508 804 603 856 tur
628 814 660 856 e
691 796 922 857 civitate
953 795 1147 855 vicina
1175 803 1407 875 emptos
1434 813 1637 874 panes,
1674 792 2158 872 multitudinique

508 884 974 957 distributos;75
998 885 1301 946 desertum
1336 884 1494 945 enim
1530 892 1741 946 erat:et
1771 884 1883 944 hoc
1914 882 2155 962 quidem

506 975 837 1037 secundum
863 974 1380 1036 historiam..luxta
1414 992 1720 1053 anagogen
1748 981 1941 1034 autem
1969 972 2153 1033 disce.

505 1063 819 1146 Postquam
854 1064 1145 1139 Herodes,
1182 1065 1294 1126 hoc
1346 1069 1459 1144 est,
1497 1064 1749 1126 carnalis
1799 1072 1857 1124 et
1910 1062 2159 1141 pellicea

510 1172 679 1215 mens
707 1152 1161 1233 Judaeorum(ita
1190 1153 1347 1214 enim
1387 1153 1648 1214 Herodes
1676 1152 1869 1231 sonat)
1889 1150 2154 1212 decolla-

506 1244 587 1304 vit
614 1243 930 1317 Joannem,
969 1243 1388 1323 prophetarum
1423 1243 1741 1322 caput,hoc
1772 1241 1963 1315 est,de
1981 1240 2154 1302 Chri-

510 1342 600 1394 sto
627 1330 1089 1414 praedicentibus
1111 1351 1230 1392 non
1256 1331 1771 1407 credidit,secedit
1790 1332 1956 1393 Jesus
1976 1330 2035 1389 in
2060 1329 2159 1391 de-

509 1432 731 1483 sertum
764 1422 982 1497 locum,
1004 1420 1077 1481 ad
1108 1429 1315 1499 gentes
1344 1439 1377 1481 a
1406 1421 1527 1482 Deo
1559 1421 1952 1494 dcstitutas,et
1975 1436 2153 1480 sana-

509 1515 590 1576 vit
619 1516 887 1576 inﬁrmas
908 1513 1158 1588 animas,
1194 1520 1253 1574 et
1280 1514 1496 1575 deinde
1522 1514 1675 1593 pavit
1707 1532 1827 1573 eas.
1854 1516 2005 1577 Nam
2038 1510 2153 1572 nisi

509 1605 809 1666 remiserit
838 1603 1012 1665 nobis
1048 1610 1311 1683 peccata,
1347 1613 1404 1666 et
1450 1604 1743 1664 sanaverit
1774 1602 2013 1663 morbos
2050 1619 2155 1681 per

511 1694 1020 1775 baptismum,non
1053 1701 1252 1772 pascet
1279 1711 1385 1753 nos
1419 1692 1840 1754 communione
1871 1691 2151 1770 impollu-

1468 302 2059 369 THEOPHYLACTI
2103 299 2513 367 BULGARI/E
2556 302 2912 368 ARCHIEP.

504 445 597 498 cat
627 445 683 499 et
705 439 919 519 pisces,
953 446 1015 498 ut
1047 437 1318 499 ostendat
1347 437 1501 518 quod
1535 438 1661 518 ipse
1693 437 1766 498 sit
1796 437 1893 517 qui
1927 443 2144 496 terram

2237 436 2310 493 ὅτι
2384 441 2538 503 αὐτὸς
2586 442 2728 496 ἔστιν
2760 441 2786 495 6
2858 439 2957 517 γῆς
3014 440 3102 495 καὶ
3157 437 3429 504 θαλάσσης

3771 294 3888 360 300

3529 433 3890 511 Δημιουργὸς,

2237 529 2324 583 καὶ
2356 528 2436 584 ὅτι
2502 528 2537 582 ἅ
2592 527 2709 585 καθ’
2772 529 3003 596 ἑκάστην
3060 528 3322 607 ἐσθίομεν,
3422 527 3578 584 αύτοῦ
3664 521 3894 583 διδόντος

2239 618 2497 698 ἐσθίομεν,
2571 621 2660 675 καὶ
2716 618 2805 675 ὑπ’
2863 620 3020 676 αύτοῦ
3103 618 3478 686 πληθύνονται’
3560 616 3612 671 ἐν
3710 612 3894 691 ἐρήμῳ

2239 706 2293 763 δὲ
2348 710 2409 764 τὸ
2476 713 2672 785 θαῦμα,
2753 711 2827 772 ὼς
2887 709 2951 764 ἂν
2994 710 3071 785 μὴ
3101 710 3291 784 νομίσῃ
3340 729 3442 781 τις,
3472 705 3551 761 ὅτι
3584 705 3645 759 ἐκ
3687 700 3893 760 πόλεως

2241 798 2473 873 γείτονος
2532 801 2766 878 ἠγόρασε
2838 798 2959 862 τοὺς
3044 796 3255 878 ἄρτους,
3360 798 3447 852 καὶ
3532 793 3761 867 διένειμε
3816 789 3893 863 τῷ

2243 888 2455 962 πλήθει,
2522 886 2720 966 ἔρημος
2752 888 2850 965 γὰρ
2908 886 2994 953 ἧν*
3030 889 3119 942 καὶ
3176 886 3315 943 οὕτω
3345 886 3443 961 μὲν
3472 882 3592 966 καθ’
3638 881 3886 959 ἱστορίαν.

2244 979 2390 1039 Κατὰ
2444 976 2497 1033 δὲ
2553 964 2862 1056 ἀναγωγὴν,
2956 977 3088 1051 μάθε
3139 974 3219 1032 ὅτι
3297 973 3479 1045 ἐπειδή
3542 964 3804 1051 Ἠρώδης,
3864 970 3893 1023 6

2245 1068 2486 1143 σάρκινος
2547 1068 2634 1123 καὶ
2691 1065 2999 1145 δερμάτινος
3057 1072 3163 1121 τῶν
3216 1062 3479 1123 Ἰουδαίων
3538 1070 3679 1135 νοῦς,
3740 1067 3894 1115 τοῦτο

2240 1158 2338 1235 γὰρ
2396 1148 2632 1237 Ἡρώδης
2694 1158 3063 1234 ἑρμηνεύεται,
3131 1154 3487 1235 ἀπεκεφάλισε
3542 1154 3630 1209 τὸν
3704 1150 3889 1207 Ἰωάν-

2240 1268 2359 1320 νην,
2418 1248 2480 1302 τὸ
2538 1252 2640 1303 τῶν
2697 1249 2983 1327 προφητῶν
3060 1244 3375 1325 κεφάλαιον,
3445 1243 3705 1316 τουτέστι,
3772 1252 3890 1300 τοῖς

2239 1337 2355 1411 περὶ
2409 1344 2636 1414 Χριστοῦ
2692 1337 3117 1417 προφητεὺσασιν
3177 1340 3270 1394 οὒκ
3347 1334 3671 1407 ἐπίστευσεν,
3759 1332 3893 1386 ἀνα·
3936 1402 3939 1405 _

2239 1438 2417 1505 χωρεῖ
2469 1424 2657 1481 λοιπὸν
2708 1429 2735 1481 6
2792 1424 2997 1493 Ἰησοῦς
3056 1426 3128 1489 εἷς
3205 1424 3405 1503 ’έρημον
3462 1426 3650 1503 τόπον,
3711 1423 3781 1485 εἷς
3828 1420 3894 1476 τὰ

2241 1512 2383 1593 ἔθνη,
2460 1515 2526 1573 τὰ
2596 1513 2770 1593 ’ἔρημα
2826 1514 2919 1570 τοῦ
2977 1520 3132 1593 Θεοῦ,
3190 1515 3277 1571 καὶ
3334 1512 3607 1592 θεραπεύει
3646 1511 3765 1574 τοὺς
3797 1507 3890 1585 ἆῤ-

2236 1604 2464 1681 ῥώστους
2536 1605 2670 1661 κατὰ
2742 1604 2949 1685 ψυχὴν,
3025 1605 3149 1660 εἶτα
3202 1604 3290 1659 καὶ
3338 1603 3511 1681 τρέφει
3560 1604 3798 1663 τοὺτους,
3836 1598 3892 1655 Εἰ

2238 1694 2314 1768 μὴ
2370 1694 2469 1773 γὰρ
2540 1694 2733 1772 ἀφήσει
2794 1697 2931 1768 ἡμῖν
3000 1695 3095 1758 τὰς
3128 1692 3408 1771 ἁμαρτίας,
3468 1693 3554 1747 καὶ
3583 1690 3892 1769 θεραπεὺσει

509 1772 702 1844 torum
733 1781 1168 1862 mysteriorum.
1202 1780 1410 1841 Nullus
1454 1782 1613 1842 enim
1662 1799 1780 1841 non
1830 1780 2151 1859 baptizatus

2237 1784 2330 1846 τὰς
2383 1781 2670 1860 ἀῤῥωστίας
2727 1781 2811 1839 διὰ
2882 1786 2973 1840 τοῦ
3003 1783 3392 1863 βαπτίσματος,
3446 1785 3505 1839 οὔ
3531 1781 3710 1860 θρέψει
3747 1782 3890 1854 ἡμᾶς

509 1872 1065 1933 communicat.Jam
1100 1870 1363 1950 quinque
1394 1870 1579 1931 millia
1609 1869 1845 1949 signant
1877 1886 1978 1929 eos
2008 1886 2156 1948 quo-

508 1980 640 2022 rum
670 1961 935 2041 quinque
969 1976 1177 2020 sensus
1218 1960 1369 2020 male
1400 1960 1591 2021 affecti
1624 1968 1813 2039 erant,
1846 1966 1903 2019 et
1933 1957 2031 2039 qui
2056 1975 2159 2037 per

510 2052 773 2132 quinque
805 2066 987 2130 panes
1009 2056 1314 2110 curantur.
1344 2049 1516 2112 Enim
1565 2068 1703 2111 vero
1735 2050 1870 2129 quia
1895 2050 2159 2128 quinque

509 2158 721 2202 sensus
752 2137 1223 2212 inﬁrmabantur,
1259 2147 1401 2218 quot
1432 2140 1622 2219 plaga:
1653 2151 1846 2213 erant,
1882 2146 1963 2197 tot
1991 2146 2159 2199 erant

509 2238 568 2292 et
580 2229 1057 2308 emplastra.Duo
1074 2245 1215 2288 vero
1230 2227 1808 2309 pisces,piscatorum
1824 2244 2152 2288 sermones.

508 2322 673 2381 Unus
731 2317 935 2398 piscis,
988 2313 1409 2393 Evangelium;
1469 2317 1617 2378 alius
1678 2318 1899 2397 piscis,
1956 2319 2155 2396 Apos-

510 2410 686 2471 tolus.
740 2406 986 2477 Quidam
1040 2406 1303 2485 quinque
1361 2425 1542 2486 panes
1574 2456 1589 2481 ,
1651 2408 1912 2487 quinque
1971 2406 2158 2466 libros

509 2501 723 2581 Moysis
764 2496 1209 2574 intellexerunt,
1266 2496 1569 2570 Genesim,
1628 2497 1920 2573 Exodum,
1982 2497 2153 2557 Levi—

511 2591 714 2665 ticum,
744 2592 1063 2665 Numeros,
1089 2585 1636 2649 Deuteronomium.
1672 2586 1993 2649 Duodecim
2044 2606 2153 2647 au-

511 2689 630 2741 tem
694 2673 1232 2757 COphiniqfuerunt
1289 2676 1503 2737 sublati
1579 2676 1653 2737 ab
1723 2676 2047 2756 apostolis,
2100 2681 2159 2735 et

514 2765 749 2847 portati.
805 2764 1187 2842 Quaecunque
1244 2765 1405 2826 enim
1468 2785 1574 2827 nos
1625 2765 1811 2826 turba;
1868 2765 2155 2827 comede-

508 2876 612 2937 re,
673 2857 785 2917 hoc
858 2862 982 2927 est,
1051 2852 1386 2931 intelligere
1456 2875 1575 2916 non
1654 2856 1993 2935 potuimus,
2050 2873 2156 2914 eo-

509 2966 643 3009 rum
700 2942 952 3025 apostoli
1004 2959 1249 3021 capaces
1324 2952 1631 3025 portarunt
1688 2954 1745 3005 et
1806 2944 2155 3005 diviserunt.

509 3040 733 3101 Praeter
783 3031 1068 3092 mulieres
1104 3046 1173 3091 ac
1234 3034 1506 3112 parVulos
1568 3052 1581 3095 :
1638 3034 1890 3113 exigitur
1932 3034 2091 3095 enim
2126 3052 2159 3094 a

2237 1878 2306 1947 τῇ
2365 1870 2643 1946 μεταδόσει
2704 1876 2809 1928 τῶν
2880 1874 3163 1954 ἀχράντων
3227 1873 3551 1951 μυστηρίων.
3586 1868 3764 1933 Οὐδεὶς
3795 1868 3893 1946 γὰρ

2239 1958 2560 2026 ἀϐάπτιστος
2621 1961 3039 2037 μεταλαμϐάνει,
3101 1960 3534 2042 Πεντακισχίλιοι
3564 1957 3644 2035 δὲ,
3692 1961 3739 2014 οἱ
3793 1958 3889 2021 τὰς

2240 2050 2395 2106 πέντε
2464 2052 2731 2121 αὶσθήσεις
2804 2060 2981 2115 κακῶς
3039 2050 3383 2128 διακείμενοι,
3446 2052 3500 2106 οἵ
3533 2047 3736 2106 καὶδιὰ
3786 2051 3891 2101 τῶν

2241 2140 2397 2196 πέντε
2472 2138 2640 2217 ἄρτων
2668 2143 3059 2219 θεραπεύονται.
3122 2140 3269 2199 Ἐπεὶ
3326 2143 3425 2221 γὰρ
3452 2144 3503 2196 αἱ
3553 2139 3710 2215 μέντε
3770 2138 3889 2191 αἷσ-

2238 2232 2417 2299 θήσεις
2474 2230 2708 2305 ἐνόσουν,
2770 2234 2887 2288 ὃσαι
2947 2236 2997 2289 αἱ
3078 2232 3305 2312 πληγαὶ,
3383 2238 3634 2289 τοσαῦται
3692 2228 3778 2285 καὶ
3840 2226 3891 2280 αἱ

2240 2317 2587 2399 ἴμπλαστροι,
2655 2322 2758 2378 Δύο
2806 2321 2859 2377 δὲ
2916 2323 3119 2403 ἷχθὺες,
3183 2324 3229 2378 οἱ
3302 2325 3407 2379 τῶν
3459 2320 3652 2379 ἁλιέων
3710 2317 3889 2395 λόγοι.

2242 2409 2338 2470 Εἷς
2396 2411 2547 2489 ἰχθὺς
2591 2413 2651 2467 τὸ
2684 2412 3029 2490 Εὖαγγέλιον,
3062 2412 3239 2493 ἕτερος
3289 2414 3439 2492 ἰχθὺς
3477 2414 3504 2467 6
3538 2406 3895 2469 Ἀπόστολος.

2242 2500 2387 2563 Τινὲς
2434 2499 2497 2577 .δῖ
2550 2500 2703 2557 πέντε
2762 2500 2968 2577 ἄρτους,
3030 2503 3126 2570 τὴν
3188 2503 3550 2580 Πεντάτευχον
3604 2508 3693 2556 τοὺ
3760 2505 3891 2553 Μω-

2241 2588 2374 2650 σέως
2433 2589 2679 2665 ἐνόησαν,
2740 2592 2972 2673 Γένεσιν,
3049 2590 3301 2664 ”¹Εξοδον,
3350 2592 3647 2662 Λευιτικὸν,
3709 2587 3887 2666 Ἀριθ-

2240 2678 2396 2753 μοὺς,
2462 2682 2894 2756 Δευτερονόμιον,
2960 2682 3173 2739 Δώδεκα
3250 2680 3317 2749 δὲ,
3374 2682 3576 2761 κόφινοι
3634 2680 3769 2745 ἦσαν
3843 2680 3889 2732 οἱ

2242 2766 2481 2847 ἀρθέντες
2541 2772 2641 2826 ὑπὸ
2697 2776 2803 2826 τῶν
2872 2771 3182 2829 ἀποστόλων
3283 2772 3370 2827 καὶ
3472 2769 3885 2847 βασταχθέντες,

2244 2845 2391 2913 “On
2448 2860 2547 2937 γὰρ
2604 2863 2768 2936 ἡμεῖς
2828 2865 2875 2917 οἱ
2905 2861 3084 2940 ὄχλοι,
3120 2865 3179 2919 ού
3208 2845 3712 2939 δυνάμεθαίφαγεέν,
3744 2880 3891 2913 τουτ-

2242 2944 2376 3025 έστι,
2436 2954 2644 3023 νοῆσαι,
2717 2958 2879 3007 ταῦτα
2937 2954 2982 3008 οἱ
3068 2949 3353 3007 ἀπόστολοι
3435 2947 3729 3005 ἰϐάστασαν
3805 2948 3891 3003 καὶ

2241 3034 2548 3114 ἐχώρησαν.
2605 3042 2773 3119 Χωρὶς
2828 3038 2883 3095 δὲ
2967 3046 3229 3119 γυναικῶν
3302 3041 3387 3095 καὶ
3449 3038 3694 3113 παιδίων,
3747 3035 3892 3092 οὐδὲν

510 3124 845 3190 Christiano
899 3137 975 3181 ne
1032 3120 1172 3198 quid
1230 3107 1461 3202 puerile
1513 3124 1604 3184 vel
1668 3107 1960 3184 muliebre
2040 3140 2151 3202 prie

2244 3125 2342 3202 γὰρ
2399 3126 2661 3194 νηπιῶδες
2717 3130 2753 3197 ἢ
2830 3143 3130 3207 γυναικεῖον
3166 3131 3252 3185 καὶ
3302 3127 3551 3203 ἄνανδρον
3582 3128 3889 3183 ἀπαιτεϊται

508 3238 572 3281 se
591 3220 787 3371 ἐξὲξ..
838 3308 936 3371 22.
989 3333 1017 3364 ιι
1064 3308 1133 3369 Et
1180 3306 1370 3367 statim
1438 3303 1629 3381 coegit
1682 3301 1855 3365 Jesus
1905 3300 2160 3381 discipu-

506 3399 596 3460 los
650 3418 788 3461 suos
846 3400 1071 3461 intrare
1122 3398 1184 3458 in
1245 3395 1481 3468 navim,
1543 3402 1601 3454 et
1681 3391 2021 3472 praecedere
2098 3410 2161 3452 se

503 3489 566 3550 in
634 3488 981 3550 ulteriorem
1057 3491 1290 3566 ripam,
1357 3484 1549 3546 donec
1624 3482 1948 3542 dimisisset
2025 3488 2150 3542 tura

504 3577 631 3639 bas.
667 3599 695 3637 »
763 3578 836 3640 Ut
892 3577 1256 3654 signiﬁcaret
1296 3591 1472 3653 quam
1534 3570 1813 3632 indivulsi
1864 3579 2066 3631 essent
2122 3587 2157 3630 a

500 3666 756 3729 Domino
809 3665 1113 3746 discipuli,
1145 3664 1313 3739 dixit,
1351 3663 1579 3739 Coegit,
1623 3677 1861 3740 semper
1907 3658 2064 3719 enim
2101 3658 2157 3719 ei

500 3756 713 3817 adesse
772 3755 1069 3816 volebant.
1124 3751 1377 3814 Dimittit
1432 3761 1630 3811 autem
1683 3756 1736 3809 et
1787 3746 2152 3827 turbas,no-

501 3845 633 3905 lens
663 3844 821 3925 ipsas
853 3842 1157 3923 subsequi,
1196 3859 1271 3902 ne
1300 3840 1654 3918 arrogantiae
1703 3835 2006 3899 studiosus
2062 3838 2152 3897 vi-

501 3932 766 3995 deretur.

582 4024 764 4085 VEBS.
803 4025 903 4096 23,
938 4020 1037 4083 24.
1080 4044 1107 4075 α
1140 4018 1213 4079 Et
1241 4018 1504 4099 dimissis
1549 4018 1758 4094 turbis,
1795 4023 2065 4085 ascendit
2091 4023 2151 4085 in

505 4122 765 4174 montem
781 4112 849 4173 ad
872 4108 1160 4171 orandum
1195 4111 1637 4171 seorsum.Cum
1658 4119 1853 4171 autem
1886 4113 2153 4175 advenis-

502 4209 593 4263 set
618 4202 1054 4282 vespera,solus
1086 4206 1211 4259 erat
1240 4197 1383 4257 illic.
1420 4197 1705 4259 Caeterum
1740 4202 1903 4261 navis
1927 4203 2049 4282 jam
2083 4204 2145 4265 in

500 4294 702 4355 medio
727 4295 906 4355 maris
939 4300 1149 4362 erat,et
1180 4290 1626 4351 alﬂictabatura
1658 4293 1934 4354 ﬂuctibus
1961 4317 1971 4355 :
2008 4316 2143 4357 nam

2245 3215 2271 3266 6
2306 3219 2614 3291 Χριστιανὸς
2642 3218 2810 3299 ἔχειν.

2332 3325 2353 3357 ε
2392 3308 2491 3362 Καὶ
2548 3309 2734 3374 ευθέως
2792 3309 3093 3388 ἠνάγκασεν
3149 3309 3177 3364 ὁ
3222 3308 3427 3375 Ἰησοὺς
3482 3308 3603 3371 τοὺς
3650 3307 3887 3382 μαθητὰς

2246 3396 2405 3451 αὖτοῦ
2452 3394 2679 3471 ἒμϐἦναι
2737 3401 2808 3461 εἷς
2881 3402 2942 3456 τὸ
2998 3398 3215 3478 πλοῖον,
3279 3400 3365 3455 καὶ
3409 3399 3661 3477 προάγειν
3733 3399 3888 3456 αὐτὸν

2245 3483 2317 3545 εἰς
2386 3486 2448 3540 τὸ
2499 3486 2683 3565 πέραν,
2747 3487 2849 3551 ἕως
2910 3488 2968 3545 οὗ
3027 3488 3266 3565 ἀπολύσῃ
3318 3489 3435 3552 τοὺς
3480 3486 3699 3567 όδςλους,
3756 3510 3785 3541 ι
3821 3487 3892 3543 Τὸ

2238 3567 2675 3633 δυσαπόσπαστον
2732 3579 3092 3655 αἰνιττόμενος
3150 3585 3254 3635 τῶν
3315 3582 3593 3654 μαθητῶν,
3651 3578 3777 3634 εἶπε
3832 3577 3892 3631 τὸ

2239 3656 2589 3739 Ἠνάγκασεν,
2653 3665 2840 3733 ἤθελον
2911 3670 3009 3748 γὰρ
3040 3669 3119 3724 ἀεὶ
3169 3667 3311 3741 αὖτῷ
3353 3681 3607 3728 συνεῖναι.
3645 3665 3891 3725 Ἀπολύει

2236 3748 2291 3806 δὲ
2349 3754 2468 3817 τοὺς
2541 3754 2763 3838 ὄχλους,
2835 3757 2893 3815 ού
2923 3757 3089 3815 θέλων
3160 3758 3489 3837 ἐπισύρεσθαι
3534 3757 3744 3830 αὐτοὺς,
3798 3757 3889 3813 ἵνα

2238 3840 2316 3914 μὴ
2352 3839 2477 3919 δόξῃ
2507 3844 2868 3923 φιλόκομπος,

2323 4044 2347 4074 ι
2389 4024 2489 4080 Καὶ
2536 4025 2805 4090 ἀπολύσας
2854 4029 2975 4092 τοὺς
3036 4026 3258 4108 ὄχλους,
3318 4024 3480 4093 ἀνέϐη
3539 4029 3610 4092 εἷς
3651 4029 3712 4083 τὸ
3767 4026 3885 4106 δῖ)ος

2236 4108 2356 4165 κατ’
2417 4111 2545 4169 ἰδίαν
2603 4115 3004 4194 προσεύξασθαι’
3039 4120 3193 4193 ὀψίας
3263 4114 3317 4172 δὲ
3348 4116 3665 4195 γενομένης,
3725 4117 3886 4191 μόνος

2234 4197 2299 4290 ᾖν
2371 4200 2506 4259 ἰκεῖ·
2569 4206 2630 4261 τὸ
2689 4204 2743 4262 δὲ
2795 4206 2987 4265 πλοῖον
3018 4206 3119 4274 ἤδη
3166 4206 3329 4282 μέσον
3357 4206 3453 4274 τῆς
3490 4205 3761 4273 θαλάσσης
3792 4208 3887 4290 ἦν,

2231 4286 2644 4368 βασανιζόμενον
2706 4297 2807 4352 ὑπὸ
2867 4303 2972 4352 τῶν
3046 4297 3315 4373 κυμάτων,
3368 4296 3434 4364 ἦν
3487 4298 3587 4376 γαρ
3658 4286 3889 4361 ἐναντίος

499 4391 706 4446 ventus
758 4393 881 4444 erat
924 4383 1229 4443 adversus.
1300 4404 1323 4436 ι)
1380 4378 1715 4442 Ostendens
1774 4371 1944 4445 nobis
1991 4387 2147 4466 quod

2237 4379 2259 4432 6
2330 4378 2545 4456 ἄνεμος.
2611 4408 2639 4439 ι
2708 4387 2970 4442 Δεικνὺων
3032 4389 3168 4464 ἡμῖν
3240 4383 3448 4443 ὅτιδεῖ
3478 4387 3891 4465 ἀπερισπάστως

496 4480 765 4555 oporteat
820 4474 1041 4553 absque
1082 4469 1464 4532 distractione
1515 4472 1727 4532 mentis
1771 4464 2026 4552 precari,
2079 4476 2139 4537 in

2237 4472 2645 4551 προσεύχεσθαι,
2697 4477 2770 4539 εἰς
2828 4478 2889 4531 τὸ
2947 4476 3069 4556 ὅρος
3125 4475 3418 4556 ἀναϐαίνει,
3466 4464 3640 4533 πάντα
3670 4477 3771 4554 γὰρ
3822 4472 3890 4531 δι’

496 4573 757 4625 montem
792 4562 1058 4625 ascendit
1090 4582 1103 4623 :
1135 4561 1333 4621 omnia
1363 4560 1521 4623 enim
1553 4575 1803 4640 prapter
1843 4583 1949 4625 nos
1982 4566 2134 4641 facit,

494 4672 691 4735 neque
715 4653 871 4715 enim
894 4653 1024 4732 ipse
1050 4649 1329 4731 precibus
1381 4668 1532 4729 opus
1564 4650 1761 4711 habet.
1821 4654 2017 4733 Usque
2066 4656 2139 4716 ad

490 4763 801 4823 vesperam
835 4753 1031 4803 autem
1065 4748 1368 4816 precatur,
1402 4740 1624 4801 docens
1681 4742 1835 4821 quod
1872 4762 1980 4804 nos
2021 4765 2139 4806 non

490 4838 683 4896 statim
716 4833 789 4894 ab
822 4830 1188 4895 orationibus
1218 4829 1529 4891 discedere
1563 4830 1909 4906 debeamus,
1953 4835 2055 4895 sed
2084 4844 2141 4896 et

490 4932 663 4984 nocte
696 4923 1065 5003 potissimum
1110 4919 1231 4981 illis
1261 4937 1496 4993 vacare,
1548 4928 1686 4981 tunc
1745 4921 1904 4981 enim
1955 4925 2144 5003 major

490 5013 681 5092 quies.
717 5010 1008 5071 Permittit
1036 5020 1234 5072 autem
1295 5008 1621 5089 discipulos
1652 5012 1712 5069 in
1764 5018 2139 5090 tempestate,

490 5121 605 5181 quo
659 5100 887 5161 discant
929 5101 1286 5161 tentationes
1333 5100 1492 5160 ferre
1540 5098 1793 5175 fortiter,
1849 5120 2141 5184 suamque

493 5196 817 5269 agnoscant
844 5190 1146 5252 virtutem.
1182 5191 1246 5251 ln
1278 5188 1473 5250 medio
1506 5196 1702 5249 autem
1755 5190 1935 5253 maris
1967 5194 2138 5255 navi-

493 5281 679 5358 gium,
712 5279 911 5356 signat
944 5280 1227 5358 majorem
1252 5296 1384 5341 esse
1414 5278 1715 5341 timorem.

573 5367 954 5431 VEns.95-t27
968 5415 981 5428 .
997 5391 1015 5423 ι
1031 5368 1247 5439 Quarta
1262 5376 1456 5429 autem
1477 5368 1668 5430 noctis
1688 5370 1881 5448 vigilia
1907 5373 2140 5437 abiitad

495 5458 631 5522 illos
649 5462 843 5539 Jesus,
875 5457 1185 5519 ambulans
1206 5477 1386 5539 super
1430 5467 1684 5535 mare,et
1716 5460 1813 5521 ubi
1849 5463 2139 5526 vidissent

2224 4562 2365 4635 ἡμᾶς
2422 4576 2591 4633 ποιεῖ,
2653 4566 2713 4621 οὗ
2770 4567 2869 4645 γὰρ
2927 4567 3079 4631 αὖεὸς
3137 4566 3310 4624 ἐδεῖτο
3349 4570 3682 4647 προσευχῆς.
3762 4574 3876 4628 Et»:

2223 4648 2277 4705 δὲ
2333 4653 2486 4727 ὀψίας
2557 4653 2796 4735 εὔχεται,
2856 4654 3113 4716 διδάσκων
3177 4657 3324 4733 ἡμᾶς
3380 4659 3458 4732 μὴ
3508 4655 3721 4734 ταχέως
3755 4654 3884 4732 ἀφί-

2227 4745 2443 4798 στασθαι
2502 4744 2599 4811 τῆς
2671 4752 3004 4826 προσευχῆς·
3083 4746 3337 4803 ἀλλὰκαὶ
3384 4751 3483 4812 τῆς
3517 4745 3701 4806 νυκτὸς
3774 4742 3886 4819 μά-

2228 4828 2382 4887 λιστα
2448 4840 2603 4889 τοῦτο
2662 4848 2867 4911 ποιεῖν,
2901 4838 3022 4893 τότε
3053 4839 3152 4917 γὰρ
3181 4839 3377 4914 ἡσυχία
3408 4833 3604 4901 πολλὴ.
3641 4841 3886 4914 Συγχω-

2228 4934 2313 4996 ρεϊ
2369 4918 2424 4977 δὲ
2489 4924 2607 4987 τοὺς
2668 4926 2911 5001 μαθητὰς
2992 4924 3429 5000 κλυδωνισθῆναι,
3530 4924 3623 4980 ’ίνα
3679 4924 3885 4999 μάθωσι

2228 5012 2477 5088 γενναίως
2530 5014 2703 5093 φέρειν
2775 5016 2893 5081 τοὺς
2952 5016 3301 5096 πειρασμοὺς,
3360 5014 3449 5070 καὶ
3499 5013 3756 5093 ἐπιγδῶσι
3787 5015 3887 5081 τὴν

2226 5102 2384 5158 αὐτοῦ
2456 5101 2694 5181 δύναμιν,
2756 5102 2924 5162 Ἀλλὰ
2976 5108 3064 5163 καὶ
3118 5105 3277 5181 μέσον
3344 5104 3441 5173 τῆς
3504 5104 3776 5173 θαλάσσης
3825 5106 3887 5161 τὸ

2226 5189 2442 5274 πλοῖον,
2478 5196 2551 5261 ὡς
2582 5196 2795 5271 μείζονα
2827 5196 2967 5255 εἶναι
2998 5197 3089 5253 τὸν
3121 5193 3304 5275 φόϐον.

2313 5397 2340 5429 ι
2400 5375 2639 5453 Τετάρτῃ
2697 5373 2751 5431 δὲ
2810 5374 3020 5456 φυλακῇ
3048 5380 3146 5442 τῆς
3178 5376 3362 5439 νυκτὸς
3396 5374 3602 5442 ἀπῆλθε
3628 5374 3760 5453 πρὸς
3789 5374 3884 5429 αύ-

2223 5464 2342 5527 τοὺς
2403 5466 2430 5519 6
2482 5464 2687 5531 Ἰησοῦς
2767 5465 3072 5544 περιπατῶν
3132 5464 3217 5521 ἐπὶ
3274 5469 3373 5531 τῆς
3445 5462 3739 5529 θαλασσης·
3800 5470 3889 5526 καὶ

490 5567 624 5611 etim
657 5549 933 5629 discipuli
994 5567 1175 5629 super
1223 5567 1385 5610 mare
1434 5549 1861 5629 ambulantem,
1916 5555 2131 5619 turbati

2237 5552 2413 5617 δόντες
2484 5554 2644 5611 αὐτὸν
2701 5556 2747 5611 οἱ
2779 5555 3010 5629 μαθηταὶ
3041 5553 3127 5610 ἰπὶ
3186 5556 3282 5623 τὴν
3320 5552 3590 5610 θάλασσαν
3650 5572 3890 5631 περιπα-

486 5648 646 5718 sunt,
682 5640 969 5703 dicentes:
997 5640 1311 5719 Spectrum
1344 5646 1455 5714 est,
1486 5657 1553 5716 ac
1585 5657 1704 5717 prae
1737 5650 1897 5703 metu
1928 5643 2128 5705 excla-

2237 5651 2425 5719 τοῦντα,
2486 5644 2883 5725 ὶταράχθησαν,
2940 5642 3182 5724 λέγοντες
3241 5644 3321 5701 ὅτι
3382 5643 3676 5721 Φάντασμά
3746 5642 3889 5714 ἱστι,
