4204 6410
326 311 438 376 301
933 314 1380 377 ENARRATIO
1424 315 1507 379 IN
1552 312 2060 379 EVANGELIUM
2107 314 2507 377 MATTHEI.
2556 348 2626 359 -—-
2674 315 2836 379 CAP.
2887 316 3050 379 XIV.
3590 314 3705 379 302

305 447 396 501 καὶ
466 445 572 501 ἀπὸ
620 445 709 502 106
765 442 927 527 φόϐου
1007 444 1249 525 ἔκραξαν,
1316 445 1514 511 Εὐθέως
1589 445 1641 501 δὲ
1700 445 1961 514 ἐλάλησεν

2067 458 2390 521 naverunt;
2441 449 2546 509 sed
2619 453 2814 511 statim
2890 449 3124 511 locutus
3194 458 3285 510 est
3351 449 3471 511 illis
3534 451 3707 513 Jesus

309 539 495 597 αὐτοῖς
554 537 582 589 6
641 534 878 614 Ἰησοῦς,
940 534 1130 613 λέγων·
1209 542 1489 612 Θαρσεῖτε,
1552 535 1659 613 ἐγὼ
1708 538 1838 618 εἰμι,
1889 538 1965 612 μὴ

2065 537 2297 600 licens:
2330 538 2539 615 Fidite,
2566 559 2673 618 ego
2707 558 2862 612 sum,
2898 558 2972 600 ne
3001 539 3555 603 terreamini.nNon
3579 547 3703 601 sta-

306 620 581 703 ?06'81005.
642 647 669 678 ι
707 625 814 681 Οὔκ
847 622 969 704 (21)
1005 622 1193 687 εἰθέως
1224 627 1405 688 αὖτοῖς
1434 622 1632 691 ἐπέστη
1664 623 1834 684 λύσων
1873 628 1966 683 τὸν

2065 627 2151 687 ,im
2186 627 2365 688 astitit
2399 628 2485 689 eis
2516 636 2579 688 ut
2604 637 3017 709 tempestatem
3048 629 3305 705 sedaret,
3327 630 3551 692 docens
3584 649 3702 692 non

305 718 583 794 χειμῶνα,
634 711 899 771 παιδεὺων
956 714 1035 789 μὴ
1092 712 1306 794 ταχέως
1369 716 1511 769 Λύσιν
1609 716 1778 773 αἰτεῖν
1858 722 1963 773 τῶν

310 808 618 882 συμφορῶν,
682 801 819 859 ἀλλὰ
888 802 1061 883 φέρειν
1116 803 1393 881 γενναίως,
1430 802 1567 859 ἀλλὰ
1622 804 1738 882 περὶ
1770 806 1950 884 τετάρ-

311 915 412 960 την
460 891 725 973 φυλακὴν·
789 894 863 956 εἷς
897 891 1127 970 τέσσαρα
1181 893 1280 971 γὰρ
1324 890 1673 970 διαιρεῖταιὴ
1718 893 1801 960 νύξ
1824 896 1966 972 παρὰ

312 995 431 1044 τοῖς
515 980 869 1062 φυλάσσουσιν
941 979 1001 1036 lx
1081 979 1338 1061 διαδοχῆς
1414 982 1782 1061 στρατιώταις,
1871 984 1969 1040 ἀνὰ

318 1084 464 1150 τρεῖς
556 1071 693 1149 ὥρας
782 1071 1016 1150 ἐχούσης
1100 1070 1327 1137 ἑκάστης
1404 1071 1666 1151 φυλακῆς.
1731 1065 1788 1131 Ὀ
1846 1080 1971 1151 γοῦν

329 1162 512 1239 Κὺριος
566 1162 698 1235 μετᾶ
769 1161 869 1228 τὴν
927 1159 1151 1227 ἒννάτην
1180 1162 1321 1237 ὣραν
1352 1167 1451 1228 τῆς
1498 1163 1704 1235 νυκτὸς,
1735 1184 1969 1239 περιπα-

323 1256 431 1305 τῶν
484 1250 656 1306 ἐπάνω
706 1257 798 1306 106
856 1248 1067 1324 ὕδατος,
1129 1251 1203 1314 ὡς
1236 1253 1389 1324 Θεὸς,
1429 1250 1655 1318 ἐπέστη.
1692 1256 1751 1310 Οἱ
1776 1252 1855 1325 δὲ,
1888 1251 1971 1312 διὰ

319 1342 381 1396 τὸ
440 1339 593 1406 ἄηθες
646 1342 733 1396 καὶ
791 1338 952 1415 ξένον,
1029 1337 1208 1405 ἔδοξαν
1240 1341 1522 1421 φάντασμα
1553 1342 1718 1403 εἶναι,
1773 1346 1845 1401 06
1873 1344 1972 1421 γὰρ

317 1428 424 1484 ἀπὸ
481 1430 573 1484 10-3
630 1426 801 1491 εἴδους
858 1431 1150 1508 ἐγνώρισαν
1206 1432 1386 1510 αὐτὸν,
1447 1429 1557 1505 ἅμα
1610 1432 1708 1506 μὲν
1756 1434 1845 1488 καὶ
1888 1429 1972 1488 διὰ

315 1519 413 1586 τὴν
485 1518 666 1591 νύκτα,
732 1518 841 1593 ἃμα
895 1517 950 1575 δὲ
1008 1520 1095 1575 καὶ
1145 1518 1229 1575 διὰ
1277 1521 1369 1575 τὸν
1413 1518 1596 1598 φόϐοψ
1631 1523 1657 1576 6
1689 1518 1767 1600 δὲ,
1792 1544 1969 1599 παρα-

312 1607 552 1686 θαρῤόνει
610 1614 821 1687 πρῶτον
880 1609 1089 1680 αὖτοὺς,
1147 1608 1338 1687 λέγων·
1376 1607 1518 1687 Ἐγὼ
1576 1612 1706 1685 εἶμι,
1741 1611 1769 1667 6
1798 1612 1971 1667 πάντα

318 1696 632 1773 δυνάμενος,
660 1701 903 1777 θαρσεῖτε
914 1748 927 1761 ,

406 1810 429 1842 ε
468 1788 794 1866 Ἀποκριθεὶς
863 1786 919 1843 δὲ
976 1788 1118 1863 αὖτῷ
1175 1790 1203 1845 6
1266 1788 1456 1867 Πέτρος
1506 1789 1652 1845 εἴπε³
1718 1789 1893 1865 Κύριε,
1929 1790 1971 1844 εἰ

318 1879 378 1934 σὺ
439 1879 521 1957 εἷ,
580 1877 831 1937 κέλευσόν
915 1901 981 1953 με
1038 1881 1169 1958 πρὸς
1202 1880 1261 1934 σὲ
1306 1878 1479 1935 ἐλθεῖν
1511 1879 1596 1935 ἐπὶ
1624 1880 1690 1935 τὰ
1720 1877 1904 1936 ὕδατα.
1944 1901 1967 1937 ε

320 1969 655 2046 Θερμότατος
708 1967 781 2024 ὤν
838 1972 865 2026 6
923 1970 1115 2048 Πέτρος
1162 1970 1262 2035 τὴν
1319 1970 1447 2045 πρὸς
1478 1972 1701 2049 Χριστὸν
1735 1969 1972 2047 ἀγάπην,

318 2059 567 2133 ἐπιθδμεῖ
622 2058 835 2139 ταχέως
895 2061 1052 2139 ἔγγὺς
1114 2058 1272 2119 αὒτοῦ
1331 2058 1570 2137 γενέσθαι
1602 2061 1690 2114 καὶ
1719 2061 1819 2137 πρὸ
1872 2058 1975 2114 τῶν

319 2148 520 2210 ἄλλων,
590 2150 825 2204 Πιστεόει
885 2146 937 2204 δὲ
1024 2148 1157 2206 ὅτιὸ
1214 2148 1421 2225 ’[ησρῦῖ
1486 2149 1542 2205 06
1600 2150 1764 2224 μόνον
1822 2150 1976 2211 αὐτὸς

318 2252 608 2317 περιπατεῖ
680 2238 764 2294 ἐπὶ
819 2245 925 2294 τῶν
1004 2238 1229 2319 ὑδάτων,
1291 2239 1429 2295 ἀλλὰ
1486 2240 1572 2294 καὶ
1636 2239 1778 2312 αὖτῷ
1825 2245 1979 2295 τοῦτο

323 2326 498 2384 δώσει·
547 2330 643 2384 οὐκ
686 2328 812 2383 ε’ίπε
855 2325 934 2401 δὲ,
982 2328 1242 2386 Κέλευσόν
1274 2348 1341 2402 με
1384 2325 1615 2404 βαδίσαι,
1676 2326 1811 2383 ἀλλὰ
1840 2328 1978 2406 Πρὸς

323 2419 382 2472 σὲ
438 2415 632 2479 ἐλθεῖν.
693 2418 765 2475 Τὸ
832 2416 931 2492 μὶν
961 2418 1059 2497 γὰρ
1102 2416 1401 2483 ὶπιδείξεως
1444 2417 1532 2485 ἦν’
1582 2418 1643 2473 16
1675 2414 1729 2472 δὲ
1760 2416 1976 2494 ἀγάπης

325 2508 424 2573 τῆς
460 2508 586 2582 πρὸς
621 2506 845 2585 Χριστόν
857 2554 869 2566 ,
1748 2561 1755 2565 _

408 2619 436 2650 ε
492 2587 551 2653 Ὀ
582 2594 638 2651 δί
695 2595 876 2671 εἶμεν·
913 2592 1086 2658 Ἐλθέ.
1121 2597 1221 2653 Καὶ
1250 2592 1484 2660 καταϐὰς
1523 2595 1629 2652 ἀπὸ
1669 2603 1763 2653 τοῦ
1791 2595 1979 2653 πλοίου

319 2689 348 2743 6
416 2686 639 2761 Πέτρος,
698 2686 1004 2762 περιεπάτει
1034 2684 1119 2742 ἐπὶ
1147 2686 1214 2744 τὰ
1256 2683 1441 2765 ὕδατα,
1496 2685 1668 2743 ἐλθεῖν
1700 2687 1829 2763 πρὸς
1887 2687 1978 2741 τὸν

318 2772 552 2841 ’1ησοῦν’
612 2772 825 2849 βλέπων
897 2771 951 2828 δὲ
1004 2775 1095 2831 τὸν
1167 2773 1361 2849 ἄνεμον
1428 2775 1668 2854 ἰσχυρὸν,
1715 2771 1975 2854 ἐφοϐήθη,

327 2864 420 2918 καὶ
513 2860 797 2937 ἀρξάμενος
895 2865 1388 2936 καταποντίζεσθαι,
1475 2862 1678 2941 ἔκραξε,
1782 2862 1975 2941 λέγων·

333 2952 517 3028 Κύριε,
588 2950 756 3007 σῶσόν
824 2974 912 3027 με.
949 2972 978 3011 )
1047 2943 1379 3030 εΥπέςττρωσε
1425 2960 1501 3027 τῷ
1531 2952 1712 3032 Πέτρῳ
1745 2953 1979 3032 τὴνᾼθά-

2047 718 2160 779 cito
2194 717 2508 796 petendam
2533 717 2951 780 adversitatum
2987 718 3479 795 solutionem,sed
3504 720 3703 781 feren-

2049 806 2156 868 das
2187 806 2417 867 fortiter
2449 825 2461 868 :
2495 814 2551 867 at
2581 806 2739 868 circa
2788 816 3058 887 quartam
3104 807 3393 887 vigiliam.
3431 812 3497 871 In
3548 827 3695 889 qua-

2050 897 2490 977 tuor76partes
2521 904 2753 957 noctem
2789 896 3056 957 dividunt
3088 898 3367 959 custodes
3390 899 3562 979 juxta
3583 898 3703 958 mi-

2051 985 2282 1047 litarem
2317 986 2723 1066 disciplinam,
2756 986 3000 1064 singulis
3033 1005 3137 1066 per
3170 995 3287 1048 tres
3318 988 3496 1049 horas
3535 1005 3701 1048 suam

2055 1075 2426 1135 servantibus
2440 1074 3086 1136 custodiam.Dominus
3099 1082 3299 1138 autem
3331 1085 3463 1156 post
3483 1094 3701 1137 nonam

2054 1166 2261 1226 horam
2311 1164 2501 1226 noctis
2558 1163 2869 1225 ambulans
2923 1182 3102 1244 supra
3153 1183 3390 1246 aquam,
3425 1174 3702 1246 tanquam

2054 1254 2232 1329 Deus,
2271 1254 2455 1315 astitit
2504 1253 2593 1313 Illi
2624 1260 2821 1314 autem
2849 1271 2975 1313 rem
3003 1262 3116 1313 tam
3143 1273 3336 1317 raram
3385 1274 3452 1315 ac
3498 1255 3707 1315 insoli-

2059 1353 2176 1405 tam
2212 1350 2567 1424 spertantes,
2626 1343 2907 1423 putabant
2954 1352 3258 1422 spectrum
3313 1362 3468 1405 esse.
3503 1343 3707 1425 Neque

2057 1434 2215 1497 enim
2243 1453 2276 1494 a
2301 1436 2500 1514 specie
2545 1435 2735 1514 ipsum
2776 1433 3238 1513 cognoscebant,
3284 1434 3494 1514 partim
3527 1453 3709 1515 prop-

2058 1534 2146 1586 ter
2181 1524 2663 1603 noctem.partim
2690 1534 2933 1604 propter
2966 1523 3326 1587 metum.Ille
3356 1532 3553 1585 autem
3584 1523 3711 1584 ani-

2057 1633 2223 1675 mans
2280 1614 2412 1674 illos
2467 1622 2669 1673 autem
2759 1613 2903 1673 dixit
2938 1632 2952 1673 :
2986 1613 3105 1693 Ego
3137 1633 3293 1688 sum,
3353 1615 3455 1695 qui
3514 1612 3713 1675 omnia

1994 1736 2032 1787 Β
2058 1723 2293 1786 possum
2321 1723 2335 1767 ξ
2372 1702 2560 1764 fidite.

2139 1796 2321 1855 VERS.
2349 1792 2444 1855 98.
2486 1791 2918 1871 «Respondens
2950 1800 3145 1854 autem
3180 1793 3267 1854 illi
3297 1795 3509 1856 Petrus
3538 1792 3705 1856 dixit:

2062 1881 2409 1960 Domine,si
2439 1889 2496 1941 tu
2526 1879 2841 1959 es,jubeto
2883 1899 2977 1941 me
3025 1881 3232 1942 venire
3290 1881 3362 1942 ad
3416 1889 3473 1944 te
3532 1899 3714 1962 super

2060 1991 2261 2052 aquas.
2296 1996 2315 2025 ι
2348 1970 2810 2031 Ferventissima
2838 1971 2993 2030 Petri
3018 1989 3156 2047 erga
3187 1970 3486 2034 Christum
3510 1970 3711 2032 chari-

2062 2069 2147 2122 tas
2173 2059 2711 2122 eratzdesiderabat
2744 2059 2903 2119 enim
2934 2061 3127 2119 statim
3154 2079 3338 2140 prope
3360 2060 3525 2120 illum
3552 2078 3705 2133 esse,

2064 2159 2119 2211 et
2153 2169 2272 2230 prae
2294 2150 2447 2211 aliis.
2482 2149 2750 2213 Credidit
2777 2156 2975 2209 autem
2994 2150 3149 2229 quod
3167 2148 3199 2210 J
3207 2168 3342 2210 esus
3366 2168 3485 2210 non
3518 2149 3711 2211 solum

2062 2241 2190 2320 ipse
2222 2240 2752 2318 ambularetsuper
2773 2256 2975 2317 aquas,
3006 2239 3113 2299 sed
3140 2238 3325 2299 etsibi
3346 2238 3589 2300 daturus
3612 2256 3713 2300 es-

2062 2340 2153 2394 set
2169 2333 2441 2393 hoc.Non
2474 2331 2619 2391 dixit
2636 2329 3015 2405 autem,Jube
3035 2350 3129 2392 me
3147 2331 3711 2412 ambulare,sed,Ad

2062 2431 2117 2482 te
2140 2420 2403 2481 ire.Nam
2439 2420 2579 2479 illud
2598 2419 3011 2480 ostentationis
3029 2421 3259 2495 est,hoc
3276 2428 3471 2482 autem
3494 2420 3714 2482 amoris

2059 2512 2121 2571 in
2146 2509 2464 2571 Christum.
2635 2562 2637 2565 ,

2142 2599 2327 2661 Vens.
2352 2599 2452 2672 9.9,
2490 2598 2587 2661 30.
2629 2622 2648 2654 ι
2680 2596 2783 2659 Ille
2814 2607 3009 2659 autem
3036 2598 3219 2659 dixit:
3244 2598 3391 2660 Veni
3422 2620 3435 2679 ;
3491 2609 3548 2661 et
3575 2618 3709 2661 cum

2062 2687 2521 2750 descendissete
2544 2686 2675 2747 navi
2706 2687 3287 2762 Petrus,ambulabat
3310 2707 3488 2767 super
3505 2707 3708 2770 aquas,

2066 2788 2126 2839 ut
2156 2778 2266 2839 iret
2297 2776 2366 2837 ad
2390 2774 2911 2839 Jesum.Czeterum
2935 2794 3067 2837 cum
3092 2776 3315 2839 videret
3344 2786 3580 2838 ventum
3606 2796 3712 2837 va-

2064 2868 2271 2941 lidum,
2330 2867 2570 2927 territus
2628 2873 2844 2927 estzet
2886 2884 3021 2925 cum
3083 2867 3363 2946 ccepisset
3414 2868 3708 2945 demergi,

2064 2956 2337 3018 clamavit
2364 2954 2593 3027 dicens,
2647 2954 2920 3029 Domine,
2958 2974 3126 3016 serva
3160 2973 3331 3017 me.»
3384 2954 3713 3017 Subsrtavit

332 3040 536 3097 λασσαν
592 3041 620 3095 ὁ
682 3040 881 3119 Κύριος,
936 3040 1137 3106 δεικνὺς
1168 3043 1269 3109 τὴν
1332 3043 1518 3102 ἑαυτοῦ
1560 3030 1801 3118 δύναμιν.
1832 3030 1979 3121 ιὈρα

2065 3045 2351 3107 Dominus
2385 3046 2559 3105 Petro
2609 3062 2797 3123 mare,
2842 3062 3006 3105 suam
3043 3045 3354 3106 declarans
3408 3048 3711 3107 virtutem.

328 3128 385 3186 δὲ
446 3130 558 3195 πῶς
614 3135 706 3185 τοῦ
762 3139 996 3205 μείζονος
1060 3133 1466 3212 περιγενόμενος
1522 3135 1551 3188 ὁ
1610 3133 1832 3212 Πέτρος,
1882 3130 1980 3197 τῆς

323 3218 599 3286 θαλάσσης
682 3218 845 3297 λέγω,
906 3222 999 3276 τὸν
1069 3220 1266 3297 ἄνεμον
1321 3219 1586 3301 ἲφοϐήθη,
1617 3220 1782 3283 οὕτως
1842 3219 1979 3277 ἐστὶν

322 3309 544 3376 ἂσθενὴς
612 3311 649 3376 ἡ
701 3309 1004 3388 ἀνθρωπίνη
1070 3311 1247 3390 φὺσις·
1309 3312 1398 3367 καὶ
1453 3312 1636 3367 αὐτίκα
1696 3309 1784 3366 ὅτε
1844 3309 1971 3389 ἐφο-

326 3395 487 3470 ϐήθη,
560 3397 682 3453 τότε
738 3395 933 3475 ἤρξατο
1004 3402 1497 3470 καταποντίζεσθαι.
1540 3398 1629 3456 ὅτε
1674 3400 1773 3477 γὰρ
1816 3398 1980 3465 ἠσθε-

331 3507 487 3552 νησεν
541 3491 577 3552 ὴ
634 3487 839 3559 πίστις,
895 3489 1016 3544 τότε
1065 3489 1325 3564 βυθίζεται
1382 3490 1411 3545 6
1443 3488 1661 3568 Πέτρος.
1718 3495 1884 3547 Τοῦτο
1929 3485 1984 3542 δὲ

328 3578 416 3633 καὶ
478 3576 635 3632 αὒτὸν
692 3575 909 3642 ἐποίησε
980 3577 1059 3653 μὴ
1143 3578 1555 3658 ὑψηλοφρονεῖν,
1604 3579 1694 3635 καὶ
1729 3579 1849 3641 τοὺς
1882 3576 1983 3633 ἂλ-

327 3665 452 3727 λους
510 3666 754 3743 μαθητὰς
802 3668 1236 3745 παρεμυθήσατο.
1297 3666 1477 3731 ’Ἴσως
1534 3669 1634 3746 γὰρ
1691 3666 1983 3747 ἐφθόνησαν

335 3755 496 3830 αὐτῷ’
554 3754 692 3812 ἀλλὰ
746 3756 834 3812 καὶ
917 3756 1085 3813 πόσον
1154 3757 1405 3837 ὑπερέχει
1438 3760 1467 3813 6
1516 3758 1742 3836 Χριστὸς
1801 3757 1981 3835 αὐτοῦ,

338 3843 542 3911 ἔδειξεν.

420 3960 448 3990 ι
507 3935 713 3999 Εὖθέως
797 3933 852 3991 δὲ
922 3936 1130 4004 Ἰησοῦς
1187 3938 1423 4001 ἰκτείνας
1494 3937 1595 4003 τὴν
1628 3949 1817 4017 χεῖρα,
1851 3936 1984 3993 ἕπε-

331 4023 525 4082 λάϐετο
596 4027 777 4105 αὐτοῦ,
864 4027 953 4081 καὶ
1012 4025 1158 4096 λέγει
1234 4025 1397 4101 αὐτῷ·
1431 4025 1795 4106 Ὀλιγόπιστε,
1831 4028 1904 4089 εἷς
1935 4025 1986 4084 τί

330 4114 605 4179 ἂδίστασας
640 4133 657 4191 ;
733 4116 832 4174 Καὶ
879 4114 1154 4193 ἐμϐάντων
1182 4117 1355 4174 αὐτῶν
1402 4118 1475 4180 εἷς
1505 4119 1567 4173 τὸ
1609 4115 1826 4185 πλοῖον,
1862 4116 1988 4171 ἐκό-

332 4226 501 4263 πασεν
560 4207 589 4261 6
659 4202 875 4281 ἄνεμος·
907 4208 955 4263 οἱ
982 4204 1038 4261 δὲ
1067 4207 1123 4261 ἓν
1153 4210 1229 4279 τῷ
1272 4204 1464 4282 πλοίῳ,
1509 4205 1748 4269 ἐλθόντες
1792 4226 1990 4285 προσε-

2065 3135 2321 3199 Attende
2353 3144 2547 3195 autem
2576 3133 2734 3213 quod
2764 3134 2970 3213 majori
3003 3134 3289 3214 periculo,
3327 3153 3541 3214 nempe
3582 3154 3713 3196 ma-

2065 3224 2172 3300 ris,
2206 3230 2510 3303 superato,
2545 3230 2781 3283 ventum
2808 3222 3003 3282 timuLt
3036 3243 3048 3281 :
3082 3224 3164 3285 ita
3186 3223 3423 3283 inﬁrma
3468 3231 3557 3284 est
3597 3224 3713 3283 hu-

2066 3332 2239 3373 mana
2271 3320 2479 3372 natura
2508 3332 2520 3373 :
2557 3320 2615 3370 et
2650 3312 2843 3371 statim
2876 3321 2939 3371 ut
2971 3312 3190 3385 timuit,
3220 3312 3399 3390 cmpit
3445 3312 3717 3372 submer-

2067 3401 2122 3480 εἰ
2162 3423 2175 3464 :
2210 3402 2445 3481 quando
2475 3400 2632 3460 enim
2668 3399 2817 3460 ﬁdes
2848 3400 3085 3462 inﬁrma
3122 3412 3234 3481 est,
3270 3411 3408 3462 tunc
3468 3402 3526 3462 in
3570 3418 3714 3480 pro-

2067 3492 2246 3552 funda
2277 3490 2590 3551 descendit
2625 3494 2847 3550 Petrus.
2883 3489 3007 3550 Hoc
3038 3498 3230 3551 autem
3280 3490 3443 3564 fecit,
3496 3508 3570 3551 ne
3614 3490 3717 3551 ille

2067 3579 2423 3661 superbiret,
2455 3588 2512 3639 et
2529 3578 2674 3639 alios
2686 3578 2984 3641 solaretur
3002 3578 3533 3659 discipulos.Forte
3554 3579 3712 3639 enim

2069 3669 2439 3748 invidissent,
2473 3668 2576 3730 sed
2611 3676 2668 3729 et
2696 3667 2967 3729 Christus
2989 3678 3274 3748 quantum
3305 3668 3498 3749 ipsum
3530 3686 3715 3748 supe-

2068 3768 2179 3835 ret,
2206 3756 2489 3820 ostendit.

2148 3927 2332 3992 Vens.
2361 3929 2566 3993 31-33.
2608 3952 2635 3989 σ
2669 3929 2994 3993 Confestim
3046 3940 3243 3994 autem
3283 3931 3454 3995 Jesus
3484 3940 3723 3995 extenta

2068 4038 2247 4081 manu
2277 4020 2674 4101 apprehendit
2699 4020 2871 4096 eum,
2892 4030 2949 4081 et
2980 4020 3128 4081 dixit
3156 4022 3244 4082 illi
3270 4041 3282 4083 :
3311 4024 3512 4085 Parvae
3555 4022 3718 4103 ﬁdei,

2074 4110 2143 4171 ad
2180 4111 2321 4191 quid
2347 4108 2706 4171 formidasti‘!
2723 4110 2800 4171 Et
2828 4109 3110 4188 ingressis
3130 4110 3249 4172 illis
3271 4111 3330 4171 in
3355 4112 3722 4185 navim,con-

2074 4201 2548 4280 quievitventus.
2574 4202 2762 4262 Porro
2813 4203 2912 4279 qui
2971 4199 3031 4260 in
3090 4201 3221 4262 navi
3253 4210 3422 4261 erant
3442 4219 3718 4263 accesse-

330 4296 569 4363 κύνησαν
625 4298 792 4375 αὐτῷ,
852 4295 1128 4375 λέγοντων
1193 4286 1437 4364 Ἀληθῶς
1499 4304 1630 4354 Θεοι)
1692 4298 1811 4360 Υἱὸς
1842 4300 1917 4353 εἴ.
1960 4318 1979 4353 ι

2074 4298 2212 4351 runt
2229 4290 2303 4352 ad
2331 4308 2493 4364 eum,
2520 4297 2578 4350 et
2612 4289 3039 4363 adoravernnt,
3075 4289 3342 4352 dicentes
3379 4313 3392 4355 :
3429 4293 3586 4353 Vere
3614 4291 3722 4354 Dei

335 4384 599 4441 Δεικνῦων
630 4387 659 4441 6
703 4372 952 4467 Χριστὸς,
986 4385 1068 4442 ὃτι
1099 4388 1202 4466 οὐχ
1246 4388 1275 4442 6
1317 4385 1512 4462 ἄνεμος
1541 4384 1717 4449 αἴτιος
1766 4392 1861 4443 τοῦ
1887 4409 1979 4448 κα-

2078 4379 2261 4441 Filius
2282 4378 2756 4443 es.nOstendens
2786 4379 3058 4467 Christus
3080 4398 3202 4441 non
3222 4383 3596 4455 ventum,sed
3617 4402 3722 4462 pu-

329 4478 771 4553 ταποντισθῆναι,
845 4473 965 4531 ἀλλ’
996 4522 997 4525 η
1028 4477 1063 4543 ἡ
1123 4478 1480 4557 μικροψυχία,
1548 4476 1609 4532 06
1663 4481 1743 4550 τῷ
1812 4475 1992 4553 ἀνέμῳ

332 4566 581 4645 ἔπιτιμᾷ,
637 4562 775 4622 ἀλλὰ
827 4569 905 4640 τῷ
974 4568 1446 4647 μικροψυχήσαντι
1500 4565 1704 4646 Πέτρῳ.
1764 4568 1856 4623 Διὸ
1904 4568 1993 4623 καὶ

332 4653 707 4719 ἂναϐαστάσας
764 4654 945 4732 αὐτὸν,
1005 4654 1232 4723 ἔστησεν
1282 4655 1368 4713 ἰπὶ
1421 4664 1514 4714 τοῦ
1554 4654 1767 4729 ὕδατος,
1833 4656 1992 4720 ἰάσας

333 4746 428 4801 τὸν
500 4743 700 4820 ἄνεμον
770 4757 952 4805 πνεῖν.
1017 4745 1125 4803 Οὔκ
1181 4746 1255 4809 εἰς
1311 4746 1376 4802 16
1416 4751 1523 4802 πᾶν
1551 4743 1607 4801 δὲ
1668 4744 1935 4803 ἑδίστασεν
1965 4748 1993 4801 6

339 4833 561 4912 Πέτρος,
631 4831 752 4891 ἀλλ’
802 4835 891 4900 εἷς
960 4857 1036 4910 τι,
1070 4835 1337 4910 τουτέστι,
1384 4840 1637 4914 μερικῶς’
1686 4832 1801 4892 καθ’
1841 4834 1870 4891 8
1897 4834 1994 4911 μὲν

333 4925 437 5003 γὰρ
481 4920 739 5003 ἔφοόὴθη,
783 4926 921 4981 κατὰ
962 4931 1119 4981 τοῦτο
1150 4924 1435 4992 ἠπίστησε·
1475 4925 1591 4981 καθ’
1624 4926 1652 4981 ὃ
1681 4922 1735 4981 δὲ
1784 4922 1991 5005 ἔκραξε,

336 5014 520 5092 Κύριε,
580 5012 754 5069 σῶσόν
826 5034 916 5090 με,
978 5014 1116 5071 κατὰ
1158 5020 1314 5072 τοῦτο
1354 5014 1541 5073 ἰάσατο
1596 5013 1695 5082 την
1724 5015 1992 5077 ἀπιστίαν,

338 5106 436 5160 Διὸ
465 5101 809 5181 ὁλιγόπιστος
838 5103 1043 5179 ἀκούει,
1092 5093 1209 5161 ὀιλλἱ
1270 5103 1367 5161 οὐκ
1410 5103 1661 5167 ἄπιστος.
1692 5106 1750 5162 Οἱ
1821 5105 1909 5161 οὗν
1940 5104 1994 5161 ἐν

331 5200 413 5268 τῷ
467 5192 663 5273 πλοίῳ,
724 5196 812 5249 καὶ
869 5194 1016 5251 αὐτοὶ
1058 5202 1152 5253 τοῦ
1193 5191 1357 5273 φόϐου
1408 5192 1789 5265 ἀπελὺθησαν,
1829 5193 1993 5251 Ἐκό-

334 5304 475 5339 πασε
527 5284 630 5362 γὰρ
682 5285 712 5340 ὁ
789 5280 1006 5360 ἄνεμος·
1103 5285 1191 5341 καὶ
1248 5281 1316 5351 δὴ
1372 5283 1587 5362 γνόντες
1633 5283 1740 5340 ἀπὸ
1795 5282 1996 5341 τούτων

335 5374 430 5429 τὸν
492 5371 721 5448 Ἰησοῦν,
785 5370 1109 5450 ὁμολογοῦσι
1152 5373 1251 5441 τὴν
1295 5376 1456 5433 αὐτοῦ
1497 5375 1752 5441 θεότητα,
1796 5374 1868 5430 06
1895 5375 1995 5453 γὰρ

2076 4468 2544 4531 sillanimitatem
2567 4468 2990 4546 submergendi
3012 4458 3254 4532 causam
3280 4486 3565 4544 esse,non
3584 4458 3725 4533 ven-

2078 4568 2199 4620 tum
2232 4557 2634 4639 increpat,sed
2646 4556 2887 4619 Petrum
2900 4557 3345 4638 pusillanimem
3379 4558 3520 4622 Ideo
3536 4567 3715 4641 etap-

2078 4650 2439 4729 prebensum
2491 4666 2625 4708 eum
2677 4649 2879 4709 statuit
2936 4666 3117 4728 super
3174 4666 3387 4729 aquam
3430 4649 3723 4729 permisso

2075 4751 2252 4801 vento
2283 4740 2449 4801 ﬂare.
2481 4736 2611 4798 Non
2642 4737 2887 4798 omnino
2917 4746 3112 4799 autem
3148 4737 3453 4800 dubitabat
3491 4741 3720 4821 Petrus,

2077 4830 2182 4891 sed
2203 4828 2530 4891 secundum
2564 4827 2730 4908 quid,
2764 4827 2876 4888 hoc
2889 4836 2997 4903 est,
3025 4845 3093 4888 ex
3114 4836 3455 4909 parte,nam
3468 4827 3635 4907 juxta
3665 4830 3725 4892 id

2078 4919 2235 4994 quod
2268 4917 2579 4990 dubitavit,
2612 4917 2961 4979 iucredulus
3007 4916 3162 4978 fuit:
3198 4917 3367 4997 juxta
3417 4918 3474 4978 id
3527 4926 3725 4981 autem

2079 5008 2239 5089 quod
2270 5006 3021 5087 clamavit,Domine,serva
3042 5025 3160 5081 me,
3196 5008 3419 5070 curavit
3439 5007 3728 5072 incredu-

2077 5100 2330 5161 litatem.
2358 5099 2501 5161 Ideo
2519 5114 2731 5177 parva?
2757 5098 2902 5177 ﬁdei
2928 5098 3166 5177 dicitur,
3202 5116 3321 5159 non
3353 5100 3724 5163 incredulus.

2079 5188 2269 5270 Igitur
2298 5189 2397 5269 qui
2420 5189 2477 5249 in
2514 5188 2738 5264 navi,et
2765 5188 2878 5269 ipsi
2901 5197 3061 5250 metu
3089 5189 3263 5249 soluti
3287 5188 3730 5251 sunt.Cessavit

2081 5281 2241 5342 enim
2278 5286 2507 5340 ventus.
2543 5280 2616 5338 Et
2638 5297 2707 5339 ex
2741 5279 2833 5341 his
2865 5279 3059 5358 cogito
3110 5280 3271 5353 Jesu,
3306 5279 3561 5341 confessi
3595 5288 3733 5341 sunt

2079 5370 2210 5450 ejus
2234 5367 2757 5447 deitatem.Neque
2783 5369 2944 5430 enim
2978 5369 3239 5431 hominis
3255 5376 3344 5430 est
3371 5386 3552 5449 super
3567 5386 3731 5431 mare

1421 5506 1510 5571 Ex
1539 5508 1855 5571 collatione
1900 5505 2076 5570 codd.
2105 5505 2318 5565 Venet.
2352 5503 2393 5565 S
2449 5500 2651 5564 Marci.

420 5627 543 5713 (21)
576 5630 738 5694 Edit.
774 5628 905 5695 Lut.
942 5628 1143 5692 omisit
1174 5634 1267 5690 οὐκ
1300 5676 1316 5708 ,
1346 5628 1571 5692 habent
1610 5630 1791 5695 codd.
1826 5631 1890 5695 S.
1924 5627 1977 5691 ll

2065 5626 2104 5688 :i
2133 5626 2209 5687 30
2254 5629 2313 5684 et
2338 5620 2437 5683 31.
