4204 6430
502 329 625 405 303

513 565 659 626 mari
691 562 797 623 viae
840 569 970 622 tuae.
1010 572 1067 620 et
1095 558 1321 620 semita}
1346 568 1461 618 tua)
1494 559 1548 617 in
1574 559 1740 637 aquis
1772 556 1970 615 multis
2001 555 2081 613 19.
2123 578 2147 606 ι)

507 658 676 715 Juxta
704 669 1010 727 anagogen
1052 658 1273 726 autem,
1327 646 1489 707 navis
1521 656 1695 715 terra,
1734 646 1943 705 fluctus
1986 645 2099 704 vita
2123 661 2156 702 a

512 742 682 803 malis
704 739 1013 819 Spiritibus
1045 737 1299 816 turbata,
1331 756 1444 796 nox
1476 735 1828 811 ignorantia.
1868 733 1925 793 ln
1953 740 2158 813 quarta

509 830 687 909 igitur
712 828 934 906 vigilia,
968 827 1042 886 ad
1070 828 1246 888 tinem
1274 845 1406 887 saec:
1434 825 1627 885 lorum
1662 823 1844 884 astitit
1864 821 2152 883 Christus.

507 919 703 979 Prima
726 916 943 994 vigilia,
972 916 1162 978 foedus
1183 936 1313 975 cu'n
1345 915 1642 976 Abraham
1682 935 1693 971 :
1738 912 2021 987 secunda,
2070 912 2157 971 lex

507 1005 709 1086 Moysi:
738 1010 822 1065 77
854 1007 1026 1068 tertia
1060 1006 1403 1085 prophetae:
1440 1001 1914 1084 quarta,Domini
1938 1000 2161 1061 adven-

506 1105 620 1156 tus.
652 1094 783 1174 Ipse
806 1096 967 1157 enim
1002 1094 1253 1155 servavit
1287 1113 1395 1153 nos
1427 1091 1705 1155 ﬂuctibus
1754 1091 2021 1170 agitatos,
2054 1107 2160 1150 ve-

509 1187 681 1246 niens
733 1184 805 1245 ad
854 1203 983 1257 nos,
1020 1184 1100 1243 ita
1151 1192 1215 1244 ut
1265 1202 1399 1243 eum
1450 1198 1976 1259 c0gnosceremus,
2012 1187 2070 1240 et
2101 1187 2161 1238 ut

510 1274 697 1335 Deum
724 1273 1131 1334 adoraremus.
1160 1272 1311 1334 Vide
1340 1281 1534 1333 autem
1566 1278 1623 1332 et
1647 1271 1759 1330 hoc
1795 1271 1953 1349 quod
1980 1285 2158 1345 nega-

507 1364 731 1423 tionem
767 1364 1013 1437 Pelri,et
1042 1361 1258 1422 deinde
1290 1363 1418 1440 ejus
1449 1358 1899 1421 conversionem
1935 1367 1990 1417 et
2032 1375 2159 1436 pce—

510 1453 821 1513 nitentiam
858 1453 1289 1531 praasignarunt
1321 1469 1389 1511 ea
1424 1469 1553 1530 qua:
1579 1449 1691 1528 ipsi
1740 1449 1794 1507 in
1831 1448 1975 1508 mari
1999 1446 2163 1506 arci-

510 1540 907 1603 derunt.Nam
941 1541 1229 1601 sicutillic
1254 1539 1486 1601 dicebat
1520 1537 1850 1610 conﬁdens,
1885 1563 1909 1591 α
1940 1538 2072 1599 Non
2109 1545 2166 1597 te

1467 330 2064 399 THEOPHYLACTI
2109 327 2519 395 BULGARIE
2562 328 2919 397 ARCHIEP.

506 474 835 547 ambulare,
893 472 997 533 sed
1038 473 1185 535 Dei:
1225 470 1376 531 sicut
1420 477 1479 530 et
1540 467 1717 529 David
1778 466 1919 528 dicit
1957 488 1969 528 :
2014 489 2033 519 α
2084 466 2145 525 ln

2251 465 2502 540 ινθρώπου
2558 467 2619 523 τὸ
2674 479 2987 545 περιπατεῖν
3039 465 3125 522 ἐπὶ
3179 465 3473 538 θαλάσσης,

3771 324 3885 391 304

3562 461 3697 519 ἀλλὰ
3729 467 3889 529 Θεοῦ,

2238 556 2371 609 καθᾶ
2419 558 2503 611 καὶ
2557 558 2584 611 6
2647 554 2811 612 Δαυίδ
2864 556 3033 635 λέγει’
3084 575 3116 613 ε
3146 556 3239 612 Ἐν
3286 561 3355 631 τῇ
3396 554 3637 629 θαλάσσῃ
3683 553 3733 607 αἱ
3787 547 3898 605 ὁδοί

2240 666 2355 723 σου,
2409 645 2493 700 διαὶ
2551 648 2603 701 αἱ
2660 644 2826 721 τρίϐοι
2888 668 2980 703 σου
3033 645 3090 702 ἐν
3144 642 3292 703 ὕδασι
3352 642 3604 706 πολλοῖς.
3647 662 3669 697 ε
3706 637 3900 696 Ἀναχ-

2240 732 2358 789 τὲον
2407 730 2460 789 δὲ
2507 735 2599 791 τὸν
2654 734 2833 814 λόγον·
2892 734 3115 815 σκάφος,
3174 736 3208 802 ἡ
3273 740 3368 811 ﬁ,“
3415 735 3648 809 κύματα,
3699 728 3727 784 6
3787 728 3900 803 βίος

2242 821 2342 876 ὑπὸ
2398 827 2503 877 τῶν
2556 831 2807 902 πονηρῶν
2882 823 3201 898 πνευμάτων
3256 822 3673 895 ταραττόμενος,
3724 816 3838 887 νὺξ,
3869 817 3904 882 ἦ

2243 910 2499 988 ἀγνωσία.
2562 910 2653 970 Ἐν
2704 920 2771 988 τῇ
2838 914 3067 991 τετάρτῃ
3096 913 3150 968 δὲ
3181 910 3416 992 φυλακῇ,
3447 912 3580 989 πρὸς
3637 914 3716 981 τῷ
3759 903 3904 962 τέλει

2244 997 2488 1065 δηλονότι
2546 1009 2653 1057 τίυν
2729 1003 2959 1081 αἰώνων,
3023 1002 3222 1068 ἐπέστη
3298 1004 3325 1058 6
3382 1002 3626 1079 Χριστός.
3703 996 3904 1075 Πρώτη

2245 1091 2342 1163 μὲν
2398 1112 2498 1169 γιξρ
2555 1090 2788 1165 φυλακή,
2844 1094 2878 1159 ἡ
2939 1094 3069 1170 πρὸς
3122 1089 3369 1171 Ἀϐραὰμ
3466 1088 3717 1159 διαθήκη⁶
3780 1083 3900 1140 δευ-

2245 1178 2394 1259 τέρα,
2468 1184 2495 1236 6
2556 1181 2792 1243 Μωσέως
2852 1182 3037 1257 νόμος·
3096 1182 3275 1259 τρίτη,
3336 1183 3383 1238 οἱ
3451 1183 3747 1258 προφῆται·
3811 1195 3888 1230 τε-

2245 1269 2436 1349 τάρτη,
2513 1272 2541 1337 ἦ
2629 1278 2718 1327 τοῦ
2770 1276 2957 1348 Κυρίου
3027 1270 3304 1348 παρουσία”
3361 1270 3519 1332 αὒτὸς
3576 1268 3677 1344 γὰρ
3737 1264 3910 1321 ἔσωσε

2246 1358 2367 1420 τοὺς
2432 1356 2938 1439 κλυδωνιζομένους,
2993 1359 3238 1416 εἰσελθὼν
3296 1358 3391 1415 καὶ
3446 1357 3738 1435 γενόμενος
3790 1350 3909 1429 μεθ’

2248 1449 2427 1527 ἡμῶν,
2487 1447 2625 1527 ὥστε
2681 1450 2825 1523 ἡμᾶς
2884 1448 3205 1527 ἒπιγνόντας
3279 1446 3433 1504 αὒτὸν
3464 1449 3536 1512 ὡς
3567 1447 3697 1501 Θεὸν
3729 1463 3912 1520 προσ-

2248 1548 2451 1598 κυνεῖν.
2514 1526 2661 1616 ΗΟρα
2713 1537 2770 1595 δὲ
2839 1537 2934 1595 χαί
2984 1544 3165 1611 τοῦτο,
3236 1537 3353 1600 πῶς
3399 1537 3499 1604 τὴν
3538 1534 3762 1615 ἄρνησιν
3818 1534 3915 1588 τοῦ

510 1631 736 1709 negabo
759 1630 841 1706 90,
884 1656 903 1687 ι)
966 1631 1048 1690 sic
1099 1640 1155 1690 et
1203 1630 1321 1703 hic,
1370 1627 1523 1689 Julie
1580 1647 1671 1687 me
1721 1626 1925 1687 venire
1984 1642 2163 1703 super

2251 1625 2470 1705 Πέτρου,
2525 1625 2648 1683 εἶτα
2704 1626 2803 1694 τὴν
2876 1627 3199 1706 ἐπιστροφὴν
3254 1628 3341 1683 καὶ
3404 1624 3721 1701 μετάνοιαν,
3768 1644 3910 1691 προ-

510 1738 708 1799 aquas.
746 1727 803 1780 et
833 1719 985 1779 sicut
1017 1726 1155 1779 tunc
1202 1717 1476 1798 permisit
1524 1734 1766 1795 negare,
1823 1714 1899 1774 ita
1959 1723 2017 1775 et
2066 1716 2163 1775 hic

2251 1716 2482 1790 ισήμανε
2540 1716 2604 1771 τὰ
2675 1716 2730 1772 ἰν
2800 1724 2868 1793 τῇ
2923 1717 3164 1793 Θαλάσσῃ
3208 1720 3351 1790 αὗτῷ
3395 1712 3691 1790 συμϐάνταο
3727 1712 3914 1789 ὥσπερ

510 1808 795 1888 permittit
827 1808 1038 1885 mergi.
1074 1805 1184 1868 Hic
1217 1825 1455 1866 manum
1490 1805 1545 1866 ei
1568 1806 1826 1885 porrexit
1846 1804 2156 1875 Dominus,

508 1906 566 1958 et
589 1914 705 1958 non
741 1896 1016 1973 permisit
1050 1914 1185 1957 eum
1219 1895 1523 1972 submergi
1560 1916 1573 1954 :
1614 1896 1690 1955 ita
1723 1902 1863 1953 tunc
1897 1911 2002 1972 per
2035 1910 2161 1972 pce-

511 1986 821 2047 nitentiam
851 2003 985 2045 eum
1018 2004 1050 2045 a
1083 1983 1374 2065 profundo
1409 1984 1741 2063 negationis
1772 1982 2039 2043 extraxit.

2246 1804 2346 1883 γὰρ
2416 1804 2533 1861 ἐκεῖ
2606 1803 2751 1884 λςγει
2818 1806 3224 1884 θρασυνόμενος
3267 1829 3293 1859 ι
3328 1808 3400 1863 Οῦ
3448 1805 3524 1879 μή
3571 1824 3629 1859 σε
3660 1802 3910 1879 ἆπαρνή-

2248 1912 2432 1967 σομαι·
2500 1918 2526 1948 ι
2583 1896 2722 1952 οὓτω
2777 1895 3059 1953 κάνταῦθα·
3147 1894 3403 1953 Κέλευσόν
3437 1914 3503 1967 με
3529 1892 3706 1950 ἔλθετν
3737 1891 3827 1946 επὶ
3848 1890 3915 1945 τὰ

2246 1981 2435 2039 ὕδαταο
2519 1986 2609 2041 καὶ
2675 1986 2854 2063 ὥσπερ
2926 1986 3046 2041 τότε
3106 1986 3459 2064 συνεχωρήθη
3556 1982 3911 2059 ἀρνήσασθαι,

512 2077 645 2131 οὕτω
677 2077 936 2131 κάνταῦθα
992 2089 1355 2155 συγχωρεῖται
1430 2075 1781 2144 ποντίζεσθαι’
1846 2073 2063 2128 ἐνταῦθα
2121 2084 2284 2151 χεῖρα
2373 2070 2594 2129 δέδωκεν
2655 2076 2795 2149 αυτῷ
2847 2078 2873 2130 6
2935 2075 3143 2154 Κύριος,
3215 2075 3303 2130 καὶ
3386 2075 3478 2130 οὒκ
3554 2070 3727 2150 ἀφῆκε
3774 2090 3914 2124 πον-

508 2168 772 2231 τισθῆναι.
814 2164 983 2221 Κάκεῖ
1012 2162 1097 2219 διὰ
1125 2169 1222 2230 τῆς
1254 2165 1536 2239 μετανοίας
1587 2162 1740 2217 αὗτον
1772 2162 1878 2217 ἀπὸ
1912 2169 1998 2216 τοῦ
2030 2162 2187 2237 βυθοῦ
2215 2161 2314 2226 τῆς
2345 2160 2587 2240 ἆρήσεως
2622 2162 2890 2222 εἵλκυσεν.

589 2252 775 2313 Vnus.
811 2251 1013 2316 34-36.
1058 2277 1077 2305 α
1102 2251 1325 2313 Etcum
1359 2251 1759 2332 trajecissent,
1792 2249 2161 2332 veneruntin

2333 2272 2359 2304 ε
2396 2255 2495 2309 Καὶ
2545 2250 2982 2331 διαπεράσαντες,
3036 2251 3194 2320 ἦλθον
3269 2253 3340 2317 εἷς
3388 2255 3487 2318 τὴν
3546 2254 3650 2328 γῆν
3709 2255 3884 2317 Γεννη

511 2351 732 2405 terram
758 2341 1153 2404 Genezareth.
1182 2341 1256 2402 Et
1285 2361 1416 2402 cum
1448 2330 1824 2418 agnovissent
1862 2339 2025 2399 illum
2052 2330 2159 2398 viri

2251 2338 2424 2417 παρετ,
2502 2341 2599 2397 Καὶ
2666 2343 2975 2420 επιγνόιτες
3026 2343 3181 2400 αὐτὸν
3237 2344 3283 2399 οἱ
3357 2339 3534 2419 ἄνδρες
3592 2348 3684 2397 τοῦ
3724 2342 3893 2398 τόπου

510 2431 627 2493 loci
652 2430 832 2504 illius,
860 2431 1190 2491 emiserunt
1216 2430 1454 2491 nuntios
1487 2431 1542 2489 in
1580 2438 1758 2489 totam
1792 2428 2052 2508 undique
2085 2430 2153 2487 ﬁ-

2251 2427 2462 2503 ἒκείνου,
2522 2429 2836 2487 ἀπέστειλαν
2895 2432 2966 2495 εἷς
2998 2430 3130 2499 ὅλην
3173 2430 3270 2497 τὴν
3314 2433 3613 2510 περίχωρον
3653 2429 3911 2503 ἐκείνην,

509 2520 779 2581 nitimam
830 2519 1161 2597 regionem,
1198 2530 1249 2581 et
1285 2520 1607 2583 attulerunt
1638 2518 1719 2578 illi
1765 2536 1972 2579 omnes
2006 2517 2157 2578 male

2251 2520 2335 2574 καὶ
2394 2520 2765 2597 προσήνεγκαν
2836 2522 2976 2595 αὖτῷ
3032 2522 3231 2585 πάντας
3259 2521 3381 2584 τοῦς
3441 2525 3619 2581 κακῶς
3648 2518 3916 2599 ἔχοντας,

512 2609 1313 2689 habentes,etobsecrabant
1346 2628 1479 2669 eum
1514 2618 1574 2668 ut
1609 2616 1834 2669 tantum
1861 2613 2163 2685 tangerent

2251 2607 2339 2664 καὶ
2389 2607 2720 2687 παρεκάλουν
2780 2612 2958 2683 αὖτὸν,
3032 2610 3124 2665 ἵνα
3156 2610 3315 2685 μόνον
3368 2610 3609 2683 ἅψωνται
3639 2617 3733 2664 τοῦ
3778 2630 3915 2685 κρα-

520 2698 815 2759 fimbriam
849 2699 1192 2759 vestimenti
1223 2698 1434 2778 ipsius,
1469 2707 1524 2757 et
1546 2704 1833 2777 quotquot
1855 2697 2163 2774 tetigerunt

2256 2694 2445 2752 σπὲδου
2501 2705 2594 2755 τοῦ
2651 2699 2861 2773 ἱματίου
2912 2699 3089 2759 abi-06'
3152 2699 3239 2755 καὶ
3287 2698 3401 2755 ὅσοι
3448 2697 3680 2773 ἥψαντο,
3716 2699 3917 2754 διεσώ-

520 2805 683 2867 eum,
740 2788 883 2848 salvi
933 2787 1067 2847 facti
1121 2797 1279 2848 sunt.
1341 2813 1362 2843 ο
1416 2786 1829 2849 Gennezareni
1870 2784 2163 2846 Christum

2258 2789 2452 2851 θησαν.
2530 2811 2556 2842 ι
2626 2790 2723 2844 Αιά
2782 2787 2981 2848 πολλοῦ
3010 2789 3207 2868 χρόνου
3233 2786 3641 2861 ἐπιδημήσαντα
3675 2794 3745 2843 τῖ.
3780 2794 3914 2844 Γεν-

523 2878 710 2938 multo
748 2888 1015 2957 tempore
1047 2877 1201 2956 apud
1238 2896 1301 2938 se
1344 2887 1673 2936 versantem
1721 2895 1835 2937 non
1879 2873 2069 2934 solum
2107 2892 2163 2933 ex

2258 2876 2484 2951 νησαρὲτ
2544 2879 2635 2932 τὸν
2688 2877 2915 2957 Ἰησοῦν,
2976 2882 3034 2935 οὐ
3078 2878 3239 2953 μόνον
3305 2878 3363 2933 ἐκ
3406 2883 3504 2944 τῆς
3537 2877 3743 2952 ὄψεως,
3782 2876 3917 2933 ἀλλὰ

520 2976 794 3046 aSpectu,
830 2966 933 3024 sed
961 2965 1137 3025 etiam
1174 2984 1245 3026 ex
1275 2964 1575 3026 miraculis
1607 2973 2015 3043 agnoscentes,
2048 2964 2163 3023 ala-

2257 2966 2342 3019 καὶ
2413 2964 2472 3021 ἐκ
2544 2973 2651 3022 τῶν
2708 2967 2945 3040 σημείων
2972 2971 3276 3045 ἔπιγνόντες
3337 2970 3382 3024 οἱ
3415 2966 3702 3046 ἅνθρωποι,
3739 2967 3916 3024 πίστιν

519 3075 687 3117 crem
724 3054 1127 3115 exhibuerunt
1172 3054 1369 3131 Iidem,
1408 3057 1485 3114 ita
1517 3062 1578 3114 ut
1603 3061 1890 3132 cuperent
1941 3061 1997 3112 et
2040 3052 2163 3111 tim-

2260 3052 2602 3111 ἒνδείκνυνται
2666 3058 2884 3135 θερμὴν·
2963 3058 3100 3114 ὥστε
3149 3060 3431 3134 ὶπιθυμεϊν
3488 3058 3576 3113 καὶ
3633 3064 3727 3113 τοῦ
3786 3079 3913 3134 κρα-

525 3145 712 3205 briam
750 3144 1117 3223 contingere,
1152 3152 1327 3223 atqne
1365 3146 1445 3204 ita
1484 3144 1667 3203 curati
1702 3150 1860 3202 sunt.
1896 3142 1995 3203 Sic
2025 3147 2082 3201 et
2114 3147 2163 3200 tu

2258 3140 2448 3199 σπέδου
2507 3144 2763 3225 ἅψασθαι,
2824 3148 2912 3203 καὶ
2970 3145 3035 3214 δὴ
3087 3154 3242 3204 τοῦτο
3298 3148 3645 3220 ποιήσαντες,
3723 3146 3907 3224 ἐθερα-

521 3253 757 3314 quoque
782 3233 1183 3293 summitatem
1216 3233 1394 3294 vestis
1425 3234 1643 3296 Christi
1677 3232 2019 3305 contingito,
2061 3231 2172 3290 hoc

522 3325 819 3397 est,tinem
853 3323 1147 3383 incolatus
1192 3323 1287 3384 sui
1329 3324 1387 3383 in
1441 3342 1643 3383 carne.
1680 3322 1739 3384 Si
1781 3321 1939 3381 enim
1971 3318 2168 3380 credi-

520 3413 681 3474 deris
728 3412 886 3493 quod
945 3424 1282 3493 assumptus
1347 3424 1435 3473 est
1496 3435 1506 3472 :
1560 3412 1905 3482 salvaberis,
1968 3409 2164 3481 vestis,

519 3504 704 3575 enim,
736 3522 875 3564 caro
911 3523 923 3561 :
965 3503 1199 3563 ﬁmbria
1230 3513 1425 3565 autem
1461 3504 1613 3582 ejus,
1651 3502 1783 3562 ﬁnis
1834 3501 1964 3559 vitae
1995 3516 2176 3578 super

522 3600 740 3653 terram
755 3640 767 3653 .

2256 3236 2542 3301 πεύθησαν.
2607 3235 2785 3300 Οῧτως
2845 3237 2934 3293 οὗν
2990 3240 3077 3294 καὶ
3138 3239 3198 3295 σὺ
3255 3237 3387 3312 ἅψαι
3450 3245 3543 3294 τοῦ
3606 3238 3767 3315 ἄκρου
3820 3244 3908 3293 τοῦ

2254 3324 2461 3394 ἱματίου
2514 3326 2608 3382 τοῦ
2667 3331 2916 3407 Χριστοῦ,
2978 3327 3097 3395 ἤτοι
3146 3335 3238 3385 τοῦ
3267 3327 3451 3393 τέλους
3501 3333 3599 3396 τῆς
3657 3328 3908 3404 ἒνσάρκου

2256 3416 2411 3470 αὖτοῦ
2467 3414 2773 3491 ἐπιῗημίας.
2850 3415 2975 3475 Ἐὰν
3019 3419 3118 3497 γὰρ
3163 3420 3451 3495 πιστεύσῃς
3500 3418 3579 3475 ὅτι
3613 3417 3909 3497 ἀνελήφθη,

2256 3506 2496 3579 σωθήσῃ³
2555 3506 2766 3579 ἱμάτιον
2822 3507 2923 3587 γὰρ
2998 3510 3031 3575 ἡ
3091 3506 3239 3586 σάρξ·
3287 3507 3581 3587 κρασπεδον
3610 3506 3663 3564 δὲ
3687 3509 3909 3579 ταὺτης,

2257 3593 2316 3647 τὸ
2345 3592 2499 3657 τέλος
2531 3596 2631 3661 τῆς
2662 3594 2714 3651 ἰν
2738 3601 2810 3672 γῆ
2841 3601 3006 3666 ζωῆς.

1127 3685 1372 3748 CAPUT
1418 3685 1540 3746 XV.

2880 3682 3293 3763 ΚΕΦΑΛ,ιΕζ

523 3780 609 3841 De
643 3780 1144 3867 transgressione
1200 3782 1628 3867 mandatorum
1676 3779 1790 3839 Dei
1833 3796 1943 3867 per
1975 3780 2163 3867 tradi:-

2264 3788 2384 3862 Περὶ
2440 3792 2539 3853 τῆς
2615 3786 2964 3867 παραϐάσεως
3017 3791 3117 3855 τῆς
3201 3787 3422 3854 ἐντολῆς
3501 3794 3594 3844 τοῦ
3650 3793 3779 3842 Θεοῦ
3828 3783 3913 3839 διὰ

606 3862 831 3945 tionem
892 3860 1363 3945 hominum.“l)e
1413 3862 1807 3945 Ch.an(m(ru._
1864 3862 1945 3918 De
2014 3860 2163 3920 mul-

2340 3860 2438 3932 τὴν
2502 3860 2794 3936 παράδοσιν
2880 3876 2985 3925 τῶν
3064 3869 3375 3945 ἀνθρώπων,
3454 3869 3575 3945 Περὶ
3629 3867 3725 3933 τῆς
3793 3871 3909 3920 Χα-

607 3941 866 4001 Iitudine
916 3949 1163 4001 sanata.
1233 3940 1319 4000 De
1356 3949 1582 4020 septem
1637 3939 1915 4014 panibus.

2344 3949 2579 4029 ναναίας.
2654 3951 2779 4029 Περὶ
2848 3956 2953 4005 τῶν
3038 3939 3455 4028 θεραπευθέντων
3513 3939 3716 4027 δ’χλων.
3786 3945 3912 4021 Περὶ

2342 4026 2448 4082 τῶν
2478 4028 2611 4084 ἑπτὰ
2656 4026 2851 4106 ἄρτων.

607 4114 789 4173 Vras.
824 4114 880 4188 1,
914 4111 973 4176 2.
1010 4138 1033 4166 α
1066 4112 1232 4175 Tunc
1264 4112 1557 4174 accedunt
1586 4113 1656 4173 ad
1679 4112 1879 4174 Jesum
1905 4112 2163 4174 Hieroso-

2348 4141 2373 4171 ι
2410 4118 2539 4175 Τότε
2589 4120 2978 4198 προσέρχονται
3034 4125 3111 4193 τῷ
3162 4114 3344 4185 Ἰησοῦ
3403 4120 3448 4174 οἱ
3512 4117 3617 4173 ἀπὶ
3680 4108 3912 4191 Ἰεροσο-

522 4196 788 4280 lyinitani
822 4201 1048 4263 Scriba:
1074 4211 1129 4261 et.
1161 4204 1468 4278 Pharisaei,
1505 4202 1772 4263 dicentes
1808 4222 1819 4258 :
1857 4200 2051 4273 Quare
2080 4200 2163 4261 di-

2261 4205 2441 4281 λόμων
2492 4196 2838 4285 Γραμματεῒς
2897 4209 2984 4263 καὶ
3031 4215 3345 4286 Φαρισαῖοι,
3406 4205 3675 4285 λέγοντες·
3763 4203 3917 4259 Διατί

520 4290 737 4369 scipuli
771 4292 852 4351 tui
880 4291 1389 4368 transgrediuntur
1420 4291 1801 4353 traditionem
1834 4290 2163 4352 seniorum?

2260 4297 2307 4351 οἱ
2377 4296 2613 4369 μαθηταί
2670 4319 2763 4353 σου
2838 4293 3215 4374 παραϐαίνουσι
3274 4297 3371 4363 τὴν
3451 4293 3741 4375 παράδοσιν
3806 4298 3915 4350 τῶν

520 4396 644 4440 non
664 4379 820 4440 enim
844 4381 1254 4440 lavantmanus
1275 4400 1409 4441 suas
1431 4380 1668 4459 quando
1694 4381 1877 4441 edunt
1896 4380 2163 4459 panema

2258 4384 2625 4463 πρεσϐυτέρων
2672 4407 2687 4458 ;
2752 4388 2811 4443 οῦ
2859 4388 2957 4465 γὰρ
3012 4387 3280 4445 νίπτονται
3338 4386 3432 4448 τὰς
3488 4397 3685 4466 χεῖρας
3718 4382 3918 4463 αὐτῶν,

522 4466 869 4549 Quanquam
904 4470 963 4529 in
996 4466 1276 4530 omnibus
1309 4470 1455 4531 locis
1487 4478 1653 4529 erant
1688 4468 1913 4531 Scriba;
1939 4471 2163 4529 etl’ha-

2259 4472 2385 4530 ὅταν
2441 4474 2599 4552 ἂρτον
2644 4474 2910 4534 ἐσθίωσιν.
2951 4501 2973 4535 ι
3026 4479 3084 4533 Εἰ
3128 4478 3215 4533 καὶ
3244 4482 3411 4532 πᾶσαι
3444 4477 3495 4531 αἱ
3540 4480 3717 4555 χῶραι
3752 4473 3918 4552 εἶχον

518 4559 892 4638 risaai,magis
927 4568 1121 4621 tamen
1156 4560 1529 4622 venerabiles
1554 4566 1722 4621 erant
1752 4559 2163 4638 Hierosolymi

2257 4568 2600 4645 l‘puupztet;
2657 4566 2745 4620 καὶ
2814 4566 3160 4645 Φαρισαίους,
3192 4562 3313 4621 ἀλλ’
3385 4568 3431 4622 οἱ
3500 4564 3829 4642 ὶντιμότεροι
3861 4561 3916 4616 ἐν

518 4649 638 4709 tani
676 4670 689 4708 :
719 4650 851 4710 ideo
885 4650 969 4709 illi
1006 4650 1191 4727 magis
1216 4650 1795 4729 invidebant,utpote
1827 4649 2021 4708 inanis
2050 4650 2170 4726 glo-

516 4738 620 4800 ria
671 4739 860 4819 magis
922 4747 1291 4819 appetentes.
1356 4741 1580 4801 Morem
1629 4745 1825 4799 autem
1879 4736 2175 4799 habebant

513 4828 703 4889 Judzei
735 4848 851 4890 non
885 4829 1204 4890 comedere
1237 4828 1419 4889 illotis
1448 4826 1742 4906 manibus,
1778 4827 1952 4905 idque
1981 4846 2049 4886 ex
2074 4846 2172 4907 pa-

517 4924 668 4977 trum
707 4916 1171 4978 traditione.Has
1204 4918 1382 4996 igitur
1413 4916 1765 4977 traditiones
1798 4925 1857 4976 ut
1886 4916 2169 4978 vidissent

517 5023 634 5063 non
665 5004 967 5064 observari
1013 5025 1045 5065 a
1080 5006 1411 5083 discipulis,
1467 5012 1822 5083 putaverunt
1858 5004 1986 5064 illos
2018 5024 2165 5066 con-

515 5101 783 5153 temnere
814 5094 1104 5156 seniores.
1143 5096 1295 5167 Quid
1328 5097 1397 5155 ad
1428 5096 1551 5155 haec
1586 5092 1880 5155 Salvator?
1912 5092 2071 5156 Nihil
2095 5095 2167 5156 ad

515 5182 628 5241 hoc
662 5184 1007 5261 reSpondet,
1046 5185 1148 5243 sed
1183 5186 1436 5245 vicissim
1471 5184 1859 5264 reprehendit
1890 5202 2013 5245 eos.

592 5269 772 5332 Vsus.
809 5270 943 5332 3-6.
986 5292 1011 5328 ι
1042 5273 1115 5331 At
1144 5273 1247 5333 ille
1278 5273 1649 5352 respondens
1681 5273 1823 5333 dixit
1854 5271 2169 5344 eiszQuare

509 5366 566 5417 et
622 5377 722 5419 vos
783 5361 1268 5438 transgredimini
1336 5371 1699 5442 praeceptum
1760 5362 1862 5423 Dei
1925 5372 2169 5442 propter

511 5452 890 5513 traditionem
923 5460 1181 5515 vestram
1213 5457 1396 5515 ‘.’nam
1434 5454 1589 5515 Deus
1622 5455 1903 5534 praecepit
1933 5456 2162 5516 dicens:

584 5624 641 5709 19
672 5627 828 5690 Psal.
862 5644 1062 5703 Lxxw,
1098 5627 1197 5691 20.
1288 5629 1349 5679 20
1383 5631 1564 5693 Marc.
1600 5646 1717 5707 xxv,
1761 5631 1864 5693 31.

2260 4643 2606 4731 Ἰερουσαλὴμ
2661 4656 2821 4721 ἦσαν·
2899 4653 2978 4713 διὸ
3048 4643 3154 4711 καί
3182 4654 3326 4711 οὗτοι
3357 4653 3602 4730 ἐφθόνουν
3655 4652 3917 4727 μάλιστα⁹

2255 4742 2328 4805 ὡς
2384 4740 2793 4822 φιλοδοξότεροι·
2842 4742 2955 4808 ἔθος
3014 4742 3067 4801 δὲ
3126 4746 3287 4825 εἶχον
3359 4746 3406 4800 οἱ
3494 4740 3769 4817 Ἰουδαῖοι,
3834 4741 3915 4817 μὴ

2253 4830 2488 4897 ἀνίπτοις
2546 4835 2729 4912 χερσὶν
2801 4833 3013 4909 ὶσθίειν,
3076 4834 3183 4890 ἀπὸ
3240 4832 3471 4895 παλαιᾶς
3542 4829 3911 4910 παραδόσεως.

2253 4922 2459 4987 Ταύτης
2532 4925 2620 4979 οὖν
2677 4929 2777 4990 τῆς
2835 4922 3177 5002 παραδόσεως
3225 4928 3683 5001 καταφρονοῦντας
3736 4924 3913 5001 ὁρῶν-

2251 5031 2335 5074 τες
2394 5010 2515 5072 τοὺς
2573 5015 2837 5087 μαθητὰς,
2899 5013 3152 5088 ἐνόμισαν
3201 5012 3389 5076 αὖτοὺς
3444 5009 3733 5076 ἒξουθενεϊν
3792 5010 3912 5073 τοὺς

2252 5097 2657 5178 πρεσϐυτέρους,
2755 5103 2815 5160 Τί
2866 5103 2955 5158 οὖν
3008 5104 3036 5157 ὁ
3096 5102 3337 5181 Eun-69;
3388 5098 3550 5160 Οὐδὲν
3609 5101 3707 5177 μὲν
3783 5099 3929 5167 πρὸς

2250 5198 2404 5247 τοῦτο
2434 5189 2811 5271 ἀπολογεῗται⁹
2847 5189 3168 5271 ἂντεγκαλεϊ
3197 5189 3251 5246 δὲ
3278 5194 3486 5256 αὐτοῖς,

2338 5297 2367 5336 ι
2430 5270 2485 5337 Ὀ
2544 5279 2599 5335 δὲ
2645 5282 2946 5362 ἀποκριθεὶς
2988 5270 3163 5338 εἶπεν
3194 5284 3401 5344 αὐτοῖς’
3462 5280 3615 5337 Διατί
3640 5279 3729 5336 καὶ
3757 5278 3914 5362 ὑμεῖς

2250 5364 2600 5445 παραϐαίνετε
2658 5373 2757 5438 τὴν
2792 5358 3036 5439 ’ὶντολήν
3094 5368 3188 5427 τοῦ
3239 5375 3371 5426 Θεοῦ
3413 5366 3497 5425 διεῖι
3525 5368 3626 5435 τὴν
3668 5358 3907 5442 παίδων

2250 5478 2333 5511 σιν
2364 5457 2512 5533 ὒμῶν
2548 5477 2563 5537 ;
2629 5450 2684 5516 Ὀ
2716 5462 2816 5541 γὰρ
2846 5463 2976 5524 Θεὸς
3007 5457 3325 5532 ἆνετείλατο,
3377 5456 3570 5535 λέγων·
3634 5455 3771 5530 Τίμα
3811 5450 3906 5506 τὸν
