4204 6398
279 344 406 413 305
956 358 1405 425 ENARRATIO
1448 363 1532 425 IN
1578 361 2086 426 EVANGELIUM
2131 365 2531 429 MATTH/EI.
2570 399 2646 412 —
2676 366 2842 431 CAP.
2874 369 3007 433 XV.
3555 367 3676 435 306

526 507 622 543 σου
680 491 768 547 καὶ
824 492 924 560 τὴν
983 493 1211 569 μητέρα⁶
1271 495 1361 551 καὶ
1486 494 1795 574 κακολογῶν
1825 517 1921 552 πα-

2018 493 2258 558 Honora
2289 504 2515 578 patrem
2546 507 2712 562 tuum
2747 507 2806 561 et
2858 508 3109 561 matrem
3145 522 3158 560 :
3217 509 3276 562 et
3299 500 3400 581 qui
3434 500 3677 563 maledi-

268 571 396 675 ξέρα
450 574 489 675 ft
559 577 791 675 ξητέρα,
823 582 1033 656 Θανάτῳ
1062 582 1386 649 τελευτάτω,
1417 573 1609 659 ’Υμεῖς
1639 571 1921 662 δὲνλέγετε

2016 584 2175 675 xerit
2203 571 2353 665 patri
2384 594 2487 651 aut
2514 589 2712 665 matri,
2745 598 2937 651 morte
2968 590 3256 652 moriatur
3289 571 3446 652 {vos
3476 598 3673 651 autem

314 670 385 728 Ος
443 664 505 758 ἄν
551 664 688 758 εξίπῃ
745 677 824 745 τῷ
895 674 1054 750 πατρὶ
1084 672 1118 740 ἤ
1148 680 1216 750 τῇ
1248 674 1431 752 μητρί·
1492 677 1668 754 Δῶρον
1700 674 1727 730 ὅ
1758 674 1848 733 ἐὰν
1880 673 1921 738 EE

2015 664 2251 734 dicitis:
2277 674 2628 757 Quicunque
2654 677 3037 758 dixeritpatri
3080 686 3179 739 aut
3207 679 3402 758 matri,
3439 678 3672 739 Donum

270 752 403 843 ξμώ
460 754 774 836 ὠφεληθῇς,
833 761 923 818 καὶ
965 764 1025 820 οὗ
1068 763 1146 838 μὴ
1176 764 1385 839 τιμήσῃ
1414 765 1506 820 τὸν
1544 752 1746 843 πατέρα
1776 766 1932 821 αὐτοῦ

270 840 307 908 ἤ
360 843 458 911 τὴν
527 846 760 926 μητέρα·
823 851 912 906 καὶ
996 851 1305 930 ἠκυρώσατε
1360 853 1460 920 τήν
1547 840 1767 921 ἐντολὴν
1838 860 1932 912 τοῦ

274 937 409 990 Θεοῦ
457 932 541 990 διὰ
612 938 712 1005 τὴν
767 937 1057 1019 παράδοσιν
1110 943 1280 1017 ὑμῶν.
1350 965 1374 997 ι
1413 945 1473 1001 Οἱ
1504 942 1600 1017 μὶν
1644 951 1930 1022 Φαρισαῖοι

276 1024 607 1110 κατηγόρουν
674 1034 781 1084 τῶν
838 1033 1113 1106 μαθητῶν,
1167 1032 1239 1094 ὡς
1297 1029 1519 1098 ὶντολὴν
1576 1039 1680 1089 τῶν
1708 1030 1931 1110 πρεσϐυ-

277 1108 447 1187 τέρων
499 1114 951 1194 παραϐαινὸντωψ
1026 1122 1053 1176 6
1106 1117 1160 1175 δὲ
1203 1120 1428 1198 Χριστός
1468 1119 1692 1177 δεικνύει
1741 1108 1930 1185 αὐτοὺς

279 1201 375 1255 τὸν
431 1203 520 1259 τοῦ
562 1213 691 1265 Θεοῦ
762 1206 926 1283 νόμον
1005 1205 1449 1287 παραϐαίνοντας·
1510 1207 1775 1268 ἐδίδασκον
1830 1212 1930 1291 γὰρ

274 1291 403 1355 τοὺς
473 1293 665 1359 παῖδας
710 1295 876 1371 μηδὲν
905 1294 1101 1354 διδόναι
1130 1312 1250 1365 τοῖς
1294 1305 1553 1375 γονεῦσιν,
1589 1297 1709 1355 ἀλλ’
1740 1300 1927 1358 ἀνατι-

269 1378 416 1470 θέναι
482 1383 581 1441 ὃσα
638 1384 823 1466 ἔχουσι
854 1390 930 1461 τῷ
959 1386 1332 1469 γαζοφυλακίῳ
1387 1395 1482 1445 τοῦ
1515 1391 1673 1468 ἱεροῦ.
1710 1385 1807 1446 Ἦν
1828 1392 1928 1470 γὰρ

266 1469 323 1561 ἀν
370 1477 459 1561 τῷ
502 1477 626 1552 ἱερῷ
674 1477 959 1557 θησαυρὸς,
1017 1476 1071 1533 ἐν
1216 1480 1244 1535 6
1295 1478 1615 1554 βουλόμενος
1680 1469 1925 1561 ἔϐαλλεν,

262 1560 519 1619 ἐκαλεῖτο
576 1562 631 1620 δὲ
708 1588 859 1630 ουτος
923 1567 1078 1643 γάζα.
1115 1558 1173 1625 Ὀ
1205 1565 1260 1623 δὲ
1290 1570 1554 1647 θησαυρὸς
1584 1583 1704 1633 τοῖς
1735 1558 1927 1638 πένησι

2015 762 2123 824 Dei
2148 771 2257 837 est,
2294 766 2579 847 quidquid
2630 786 2735 847 per
2790 786 2885 827 me
2915 768 2974 828 in
3010 776 3172 828 tuum
3208 786 3516 829 cessurum
3550 775 3677 827 erat

2011 852 2419 935 commodum,
2454 864 2511 917 et
2544 875 2663 916 non
2697 856 3011 917 honorabit
3068 857 3157 916 78
3211 864 3438 937 patrem
3473 874 3669 931 suum,

2012 948 2113 1001 aut
2137 951 2382 1005 matrem
2426 962 2632 1005 suam:
2672 955 2727 1006 et
2759 946 2994 1009 irritum
3048 946 3275 1008 fecistis
3307 952 3671 1027 praeceptum

2010 1028 2118 1091 Dei
2144 1041 2387 1111 propter
2417 1034 2796 1096 traditionem
2821 1044 3135 1096 vestram.)
3172 1035 3456 1098 Pharisaei
3486 1052 3674 1096 accu-

2013 1118 2221 1179 sabant
2251 1119 2578 1201 discipulos
2618 1122 2783 1203 quasi
2816 1123 3169 1185 mandatum
3195 1124 3498 1184 seniorum
3527 1139 3674 1202 prae-

2012 1208 2641 1279 varicantes.Christus
2663 1221 2856 1272 autem
2886 1213 3147 1274 ostendit
3168 1213 3333 1292 ipsos
3358 1212 3668 1290 Deilegem

2016 1298 2408 1377 praevaricari.
2441 1299 2749 1362 Docebant
2772 1301 2930 1362 enim
2958 1320 3177 1381 pueros
3195 1319 3270 1363 ne
3293 1300 3435 1380 quid
3461 1300 3672 1360 darent

2014 1387 2379 1469 pareutibus,
2414 1390 2521 1450 sed
2567 1390 2851 1451 offerrent
2882 1408 3252 1470 quaecunque
3284 1387 3582 1449 habebant
3611 1386 3670 1446 in

2011 1477 2491 1557 gazophylacium
2518 1479 2748 1558 templi.
2781 1480 2921 1541 Erat
2958 1490 3154 1540 autem
3184 1484 3243 1539 in
3276 1479 3497 1558 templo
3530 1477 3670 1555 the-

2013 1569 2315 1647 saurus,in
2339 1586 2513 1647 quem
2537 1568 2809 1648 quisquis
2842 1567 3071 1629 volebat
3104 1567 3409 1648 quidpiam
3442 1565 3671 1626 immit-

261 1648 542 1713 διεδὶδοτο.
605 1655 667 1712 Οἱ
726 1656 895 1711 τοίνυν
950 1663 1235 1735 Φαρισαῖοι
1266 1660 1533 1722 πείθοντες
1565 1661 1684 1724 τοὺς
1734 1659 1921 1725 παῖδας

2018 1663 2187 1729 teret,
2224 1657 2660 1738 vocabaturque
2692 1658 2790 1717 ille
2843 1658 3084 1737 gaza.At
3116 1655 3581 1717 distribuebatur
3610 1655 3673 1717 in

265 1738 435 1813 μηδὲν
491 1741 691 1800 διδόναι
745 1761 863 1809 τοῖς
936 1747 1197 1823 γονεῦσιν,
1256 1745 1374 1803 ἀλλ’
1435 1748 1729 1805 ἀνατιθέναι
1802 1753 1921 1807 αὐτὸ

2016 1762 2305 1825 pauperes
2338 1747 2675 1809 thesaurus.
2713 1746 2996 1808 Pharisaei
3028 1746 3209 1825 igitur
3240 1744 3671 1826 persuadentes

267 1838 345 1902 τῷ
390 1835 640 1911 θησαυρῷ
707 1844 801 1894 τοῦ
868 1838 1031 1915 ἱεροῦ,
1090 1833 1361 1893 ἐδίδασκον
1405 1838 1591 1901 αὐτοὺς
1625 1836 1800 1916 λέγειν
1845 1838 1921 1895 ὅτι

2015 1835 2213 1913 pueris
2242 1853 2317 1896 ne
2348 1835 2489 1915 quid
2521 1835 2734 1896 darent
2757 1835 3124 1915 parentibus,
3154 1835 3259 1896 sed
3292 1834 3580 1896 offerrent
3611 1835 3668 1895 in

270 1921 453 1997 Δῶρον
518 1922 658 2002 ἐστι,
712 1924 1006 1997 τουτέστιν,
1040 1925 1440 2001 ἀνατεθειμένον
1490 1933 1567 2001 τῷ
1598 1934 1714 2001 Θεῷ
1757 1928 1919 2005 ἐστιν,

2012 1922 2352 1984 thesaurum
2405 1924 2637 2005 templi,
2700 1923 2997 1985 docebant
3039 1925 3201 2003 ipsos
3251 1932 3315 1984 ut
3346 1923 3615 1984 dicerent
3652 1940 3665 1985 :

265 2010 312 2067 ὦ
368 2011 559 2091 πάτερ,
618 2011 646 2068 6'
720 2020 908 2084 ζητεῖς
970 2013 1021 2078 ἐξ
1053 2013 1181 2089 ἐμοῦ
1214 2012 1575 2094 ὠφεληθῆναι.
1628 2018 1724 2072 Καὶ
1755 2016 1921 2081 οὕτως

2010 2010 2238 2073 Donum
2261 2013 2364 2074 Dei
2390 2012 2583 2088 est,id
2616 2028 2729 2093 est,
2756 2013 3022 2075 oblatum
3056 2013 3178 2075 Deo
3203 2021 3353 2086 est,o
3387 2019 3574 2093 pater,
3609 2012 3667 2073 id

261 2099 505 2178 ἕμέριζον
565 2101 710 2159 αὖτοὶ
756 2103 893 2176 μετά
944 2109 1047 2159 τῶν
1101 2102 1303 2159 παίδων
1360 2104 1424 2159 τὰ
1496 2105 1781 2184 χρήματα,
1837 2108 1921 2161 καὶ

2010 2103 2167 2182 quod
2191 2122 2295 2182 per
2315 2122 2409 2164 me
2432 2102 2536 2163 tibi
2564 2102 2699 2164 usui
2732 2121 2867 2164 esse
2901 2103 3071 2183 cupis
3102 2103 3173 2163 Et
3202 2103 3288 2163 sic
3319 2099 3664 2182 partieban-

259 2193 306 2245 οἱ
362 2192 549 2266 γονεῖς
609 2191 1066 2267 κατελιμπάνοντο
1126 2193 1559 2272 ἆγηροκὸμητοι·
1624 2195 1836 2253 εποίουν
1865 2192 1919 2250 δὲ

2011 2200 2103 2250 tur
2124 2190 2237 2271 ipsi
2260 2210 2392 2252 cum
2423 2193 2559 2253 ﬁliis
2583 2211 2727 2272 opes
2754 2210 2765 2254 :
2792 2200 2849 2253 et
2871 2201 3150 2271 parentes
3173 2189 3667 2271 relinquebantur

258 2288 414 2337 τοῦτο
470 2282 557 2336 καὶ
617 2283 663 2337 οἱ
732 2280 1019 2345 δανεισταί,
1054 2281 1183 2340 Ἐὰν
1240 2284 1340 2359 γὰρ
1397 2305 1476 2347 τις
1548 2280 1777 2340 ἐδάνεισέ
1816 2304 1919 2340 τινι

260 2370 540 2447 χρήματα,
617 2370 739 2426 εἶτα
770 2369 1019 2434 δύσκολος
1054 2374 1081 2427 6
1111 2372 1395 2452 χρεώστης
1428 2373 1493 2440 ἧν
1525 2375 1611 2428 καὶ
1657 2377 1749 2431 οὒκ
1778 2373 1918 2431 ἀπε-

260 2454 399 2513 δίδου
449 2461 507 2514 τὸ
562 2458 935 2541 ὀφειλόμενον,
983 2459 1163 2538 ἔλεγεν
1248 2464 1276 2517 ὁ
1304 2459 1579 2528 δανειστὴς
1612 2463 1741 2539 πρὸς
1788 2470 1915 2518 τοῦ-

260 2570 351 2605 τον
403 2550 495 2604 τὸν
549 2549 835 2627 ἀγνώμονα
905 2550 1209 2631 χρεώστην·
1271 2548 1475 2630 Κορϐάν
1520 2550 1711 2608 ἐστινὸ
1762 2553 1912 2633 ὀφεί-

258 2637 369 2703 λεις
430 2661 545 2713 μοι,
624 2639 886 2714 τουτέστι,
963 2640 1127 2720 δῶρον
1185 2647 1261 2714 τῷ
1318 2645 1434 2714 Θεῷ
1492 2640 1910 2717 ἀνατεθειμένον.

260 2720 320 2787 Ὀ
366 2730 455 2784 οὖν
490 2730 771 2807 χρεώστης
794 2731 867 2794 ὡς
898 2734 974 2805 τῷ
1006 2736 1121 2804 Θεῷ
1152 2729 1333 2787 ἔκτοτε
1363 2730 1609 2811 ὀφείλων,
1656 2733 1741 2788 καὶ
1773 2731 1916 2787 ἄκων

260 2815 587 2873 κατέϐαλλε·
646 2827 795 2876 τοῦτο
826 2818 1093 2878 ἐδίδασκον
1120 2821 1244 2885 τοὺς
1274 2819 1472 2885 παῖδας
1527 2824 1573 2876 οἱ
1630 2828 1913 2901 Φαρισαῖοι

268 2919 476 2964 ποιεῖν.

355 3019 383 3049 α
465 2987 781 3076 ιΥποῖνιριταὶ,
860 2998 1040 3065 καλῶς
1117 3002 1477 3078 προεφήτευσε
1553 3001 1671 3079 περὶ
1767 3002 1916 3075 ὑμῶν

267 3076 518 3164 Ἠσαίας,
570 3086 1012 3168 λέγων”Εγγίζει
1075 3112 1165 3165 μοι
1226 3092 1254 3146 6
1306 3087 1434 3151 λαὸς
1489 3089 1638 3151 οὗτος
1670 3097 1747 3165 τῷ
1789 3090 1918 3146 στό-

2004 2289 2061 2340 et
2093 2281 2660 2362 contemnebantur,
2695 2300 2805 2342 nec
2828 2282 2887 2341 in
2910 2290 3152 2343 senecta
3182 2280 3514 2343 alebantur.
3550 2278 3665 2340 Fa-

2002 2368 2240 2429 ciebant
2270 2378 2464 2430 autem
2498 2371 2609 2431 hoc
2637 2379 2694 2431 et
2726 2369 3154 2431 creditores.Si
3185 2370 3315 2450 quis
3348 2367 3510 2430 enim
3544 2367 3663 2428 cui—

2002 2458 2156 2538 piam
2196 2468 2395 2519 mutuo
2428 2458 2696 2522 dedisset
2728 2460 3013 2539 pecunias
3048 2477 3060 2522 :
3094 2467 3154 2519 et
3204 2457 3425 2519 deinde
3476 2457 3667 2518 malus

1998 2547 2238 2608 debitor
2269 2568 2385 2609 non
2414 2549 2695 2610 redderet
2722 2548 3263 2630 debitum,dicebat
3294 2547 3559 2609 creditor
3589 2546 3661 2607 ad

1999 2635 2163 2696 illum
2189 2637 2481 2715 ingratum
2508 2638 2843 2699 debitorem
2876 2658 2887 2696 :
2924 2636 3159 2699 Corban
3186 2645 3273 2698 est
3295 2635 3453 2717 quod
3479 2633 3664 2696 debes

2000 2728 2173 2803 mihi,
2209 2731 2319 2790 hoc
2346 2738 2454 2802 est,
2494 2731 2715 2790 donum
2750 2728 2870 2791 Deo
2898 2729 3180 2791 oblatum.
3211 2728 3459 2791 Debitor
3490 2726 3667 2805 igitur

1999 2826 2139 2879 tunc
2164 2819 2327 2898 quasi
2353 2817 2475 2879 Deo
2500 2819 2941 2898 debens,etiam
2974 2820 3193 2881 invitus
3219 2815 3659 2880 dinumerabat.

2000 2907 2123 2969 Hoc
2146 2908 2441 2969 docebant
2465 2908 2754 2971 Pharisaii
2790 2928 3006 2989 pueros
3040 2910 3259 2971 facere.

2082 2997 2265 3059 Vens.
2299 3000 2422 3062 7-9.
2458 2997 2846 3079 «Hypocritae,
2886 2998 3040 3060 bene
3073 2996 3445 3079 prophetavit
3478 2994 3551 3056 de
3568 3012 3665 3057 vo-

2001 3086 2168 3147 vobis
2199 3087 2375 3149 Isaias
2397 3087 3097 3169 dicenszAppropinquat
3122 3088 3269 3147 mihi
3294 3085 3548 3167 populus
3570 3085 3669 3146 hic

254 3198 387 3252 ματι
465 3176 658 3249 αὖτῶν,
719 3181 803 3236 καὶ
858 3194 979 3243 τοῖς
1024 3179 1232 3260 χείλεσί
1261 3201 1329 3254 με
1374 3186 1526 3256 τιμᾷ,
1558 3182 1593 3248 ἡ
1650 3178 1704 3236 δὲ
1734 3177 1916 3259 καρδία

2010 3196 2108 3237 ore
2139 3186 2336 3253 suo,et
2362 3177 2534 3239 labiis
2567 3196 2661 3239 me
2695 3179 2967 3249 honorat,
3006 3186 3286 3240 caaterum
3324 3195 3427 3238 cor
3458 3193 3665 3236 eorum

249 3268 427 3322 αὖτῶν
490 3266 668 3345 πόῤῥω
728 3268 926 3350 ἀπέχει
987 3270 1079 3326 ἀπ’
1112 3272 1268 3345 ὶμοῦ.
1331 3270 1520 3336 Μάτην
1563 3268 1617 3325 δὲ
1680 3267 1921 3327 σέϐονταί

2010 3268 2211 3347 procul
2236 3266 2402 3328 abest
2421 3285 2454 3327 a
2474 3285 2589 3328 me.
2625 3268 2740 3329 Sed
2783 3266 3003 3328 frustra
3023 3285 3118 3326 me
3145 3268 3347 3327 colunt
3377 3267 3667 3325 docentes

253 3377 347 3434 με,
424 3354 761 3421 διδάσκοντες
820 3357 1159 3421 διδασκαλίας
1207 3358 1512 3434 ἒντάλματα
1544 3358 1852 3438 ἀνθρώπων.
1888 3381 1915 3412 ιι

2010 3364 2300 3436 praecepta
2323 3356 2609 3418 doctrina:
2630 3356 3003 3438 hominum.»
3033 3353 3307 3418 Ostendit
3330 3353 3496 3414 Isaiae
3523 3370 3666 3413 voce

261 3447 499 3502 Δεῖκνυσι
571 3445 660 3504 διὰ
732 3454 831 3515 τῆς
891 3439 1119 3505 Ἠσαίου
1157 3453 1368 3528 φωνῆς,
1403 3449 1492 3504 καὶ
1536 3449 1654 3527 περὶ
1684 3449 1774 3505 τὸν
1805 3454 1921 3503 [Ια-

2010 3446 2165 3526 quod
2193 3447 2370 3508 etiam
2423 3446 2569 3507 tales
2627 3447 2746 3506 sint
2788 3436 2933 3522 erga
2961 3448 3195 3508 Patrem
3227 3462 3423 3523 suum,
3459 3440 3665 3522 quales

259 3536 382 3613 τέρα
442 3535 601 3593 αὐτοῦ
658 3539 923 3601 τοιούτους
985 3536 1141 3601 ὄντας
1211 3538 1421 3613 αὐτοὺς,
1486 3538 1597 3594 οἷοι
1664 3538 1751 3593 καὶ
1807 3531 1921 3615 περὶ

2010 3543 2063 3597 et
2094 3554 2232 3614 erga
2260 3556 2323 3596 se
2372 3535 2779 3597 inveniuntur.
2815 3537 2965 3597 Nam
2996 3553 3129 3595 cum
3176 3532 3318 3593 mali
3347 3538 3570 3605 essent,
3606 3537 3666 3590 et

264 3626 421 3680 αὺτὸν
478 3626 825 3705 εὑρίσκονταυ
885 3628 1109 3705 πονηροὶ
1179 3628 1278 3705 γὰρ
1320 3625 1494 3706 ὄντες,
1550 3628 1636 3683 καὶ
1678 3624 1763 3683 διὰ
1818 3632 1922 3682 τῶν

267 3720 513 3793 πονηρῶν
587 3715 753 3797 ἔργων
799 3718 1152 3797 μακρύνοντες
1197 3716 1412 3778 ἑαυτοὺς
1458 3716 1553 3774 τοῖ’)
1583 3723 1736 3789 Θεοῦ,
1791 3716 1921 3772 στό-

269 3826 396 3877 ματι
457 3805 617 3879 μόνον
670 3806 891 3865 ἐλάλουν
948 3808 1014 3863 τὰ
1044 3813 1137 3863 τοῦ
1192 3812 1322 3863 Θεοῦ
1376 3805 1555 3884 λόγια.
1604 3805 1790 3872 Μάτην
1825 3806 1923 3884 γὰρ

266 3896 477 3961 πάντως
532 3895 777 3953 σέϐονται
830 3898 919 3954 καὶ
947 3895 1157 3955 δοκοῦσι
1216 3901 1371 3971 τιμᾷν
1427 3896 1519 3953 τὸν
1573 3896 1727 3970 Θεὸν,
1762 3897 1809 3951 οἱ
1838 3893 1923 3952 διὰ

261 3985 371 4041 τῶν
400 3984 571 4064 ἔργων
600 3987 756 4043 αὐτὸν
779 3986 1144 4062 ἀτιμάζοντες.

349 4097 377 4129 α
436 4076 534 4133 Καὶ
589 4073 1092 4154 προσκαλεσάμενος
1152 4076 1245 4132 τὸν
1278 4072 1471 4154 ὄχλον,
1518 4074 1675 4131 εἶπεν
1707 4073 1915 4138 αὐτοῖς·

259 4164 513 4222 Ἀκούετε
570 4166 656 4222 καὶ
735 4165 957 4225 συνίετε.
1029 4168 1101 4223 06
1168 4166 1231 4220 τὸ
1287 4164 1663 4243 εἰσερχόμενον
1729 4165 1801 4226 εἷς
1857 4166 1919 4221 τὸ

263 4254 439 4328 στόμα
496 4255 671 4310 κοινοῖ
730 4256 822 4311 τὸν
880 4254 1177 4332 ἄνθρωπον,
1211 4251 1347 4312 ἀλλὰ
1389 4254 1450 4309 τὸ
1502 4252 1918 4331 ἒκπορευόμενον

266 4344 327 4399 ἐκ
366 4342 463 4400 τοῦ
514 4344 799 4423 στόματος,
861 4350 1017 4401 τοῦτο
1046 4355 1222 4400 κοινοῖ
1250 4344 1340 4399 τὸν
1372 4341 1668 4421 ἄνθρωπον.
1711 4366 1731 4397 ι
1812 4344 1918 4401 Οὐκ

262 4430 340 4489 ’ἔτι
398 4445 518 4496 τοῖς
606 4433 916 4511 Φαρισαίοις
980 4432 1309 4512 διαλέγεται,
1382 4431 1457 4494 ὡς
1515 4431 1912 4510 ἀθεραπεὺτοις,

263 4529 344 4595 τῷ
411 4519 570 4600 ’ὄχλῳ
599 4519 673 4581 δέ.
716 4524 811 4579 Καὶ
860 4520 944 4579 διὰ
999 4529 1090 4579 τοῦ
1118 4519 1577 4601 προσκαλέσασθαι
1625 4518 1774 4577 δοκεῖ
1827 4543 1914 4577 τι-

2009 3634 2251 3708 propter
2269 3626 2423 3688 mala
2446 3644 2627 3706 opera
2650 3625 2885 3704 longius
2914 3644 2948 3686 a
2980 3628 3102 3686 Deo
3134 3619 3664 3695 recederent,divi-

2010 3735 2150 3776 num
2187 3715 2272 3796 (α)
2307 3734 2646 3778 sermonem
2682 3715 2808 3777 solo
2841 3734 2945 3776 ore
2967 3713 3383 3795 loquebantur.
3419 3712 3664 3773 Frustra

2009 3805 2169 3867 enim
2203 3806 2405 3867 colunt
2428 3816 2483 3867 et
2509 3814 2712 3886 putant
2737 3824 2802 3867 se
2821 3805 3023 3867 colere
3052 3801 3375 3883 Deum,qui
3398 3817 3506 3881 per
3526 3816 3664 3879 ope-

2005 3913 2072 3956 ra
2100 3894 2270 3958 illum
2303 3895 2702 3959 dehonorant.

2084 4076 2377 4152 VERSJO,
2418 4077 2511 4139 11.
2552 4096 2580 4135 ε
2613 4077 2687 4138 Ει
2715 4077 3017 4139 advocatis
3049 4076 3119 4138 ad
3168 4092 3232 4137 se
3264 4069 3476 4149 turbis,
3514 4067 3664 4130 dixit

2003 4164 2090 4227 eis
2117 4182 2129 4227 :
2158 4164 2373 4227 Audite
2395 4174 2452 4226 et
2474 4165 2805 4245 intelligite.
2838 4165 2969 4227 Non
3014 4164 3171 4247 quod
3202 4159 3535 4241 ingreditur
3568 4175 3655 4219 os.

1999 4253 2261 4335 impurat
2284 4255 2588 4316 hominem
2618 4278 2630 4314 :
2658 4256 2762 4318 sed
2788 4258 2943 4336 quod
2963 4254 3269 4336 egreditur
3295 4269 3367 4313 ex
3402 4266 3528 4323 ore,
3551 4248 3662 4336 boc
3714 4247 3721 4253 ’

1998 4344 2304 4422 impurum
2360 4345 2559 4407 reddit
2618 4335 2945 4408 hominem.
2989 4335 3018 4403 of
3049 4347 3182 4407 Non
3213 4341 3475 4422 loquitur
3505 4335 3661 4397 ultra

1998 4431 2343 4507 Pharisaais,
2376 4442 2583 4514 utpote
2615 4435 3045 4497 incurabilibus
3081 4453 3094 4497 :
3122 4432 3310 4494 turba}
3331 4436 3528 4491 autem
3564 4427 3657 4487 lo-

2000 4521 2223 4601 quitur,
2258 4530 2317 4583 et
2370 4540 2476 4603 per
2533 4525 2689 4603 quod
2721 4525 2853 4586 illos
2893 4526 2967 4587 ad
2998 4543 3063 4585 se
3094 4524 3337 4585 advocat
3366 4520 3656 4581 honorem

265 4614 371 4686 μᾷν
433 4610 644 4685 αὐτοὺς,
715 4609 807 4666 ἵνα
891 4609 1282 4691 παραδέξωνται
1350 4609 1442 4666 τὶν
1484 4607 1670 4689 λόγον
1727 4615 1906 4692 αὐτοῦ,

2010 4611 2120 4676 illis
2143 4610 2378 4673 deferre
2394 4612 2726 4684 videtur.ut
2748 4614 3075 4695 suscipiant
3092 4628 3430 4673 sermonem
3455 4620 3652 4665 suum:

260 4701 352 4756 καὶ
401 4716 585 4780 φησιν’
665 4699 913 4756 Ἀκοὺετε
969 4702 1057 4757 καὶ
1113 4702 1337 4780 συνίετε,
1405 4696 1685 4755 διανιστῶν
1732 4699 1919 4764 αὐτοὺς

261 4791 337 4853 εἷς
388 4791 690 4869 προσοχήν.
753 4796 867 4849 Τῶν
953 4787 1008 4847 δὲ
1054 4790 1359 4869 Φαρισαίων
1414 4788 1742 4864 αἰτιωμένων
1799 4790 1918 4854 τοὺς

260 4880 507 4955 μαθητὰς
562 4881 636 4944 ὡς
697 4880 930 4945 ἀνίπτοις
1008 4881 1192 4959 χερσὶν
1266 4878 1559 4952 ἐσθίοντας,
1618 4880 1646 4934 6
1730 4879 1917 4958 Κύριος

262 4970 381 5046 περὶ
438 4968 736 5046 βρωμάτων
792 4967 960 5047 λέγει,
1018 4966 1098 5024 ὅτι
1151 4965 1298 5024 οὖδὲν
1370 4967 1559 5045 βρῶμα
1606 4979 1782 5023 κοινοῖ
1828 4967 1918 5023 τὸν

262 5058 569 5137 ἄνθρωπον,
629 5056 868 5114 τουτέστι
926 5056 1163 5132 μολυνει.
1240 5058 1338 5115 Καὶ
1402 5057 1444 5110 εἷ
1512 5056 1573 5111 τὸ
1625 5056 1813 5135 βρῶμα
1863 5060 1922 5115 οὗ

270 5145 516 5224 μολύνει,
569 5144 753 5222 πολλῷ
802 5145 1004 5224 μᾶλλον
1055 5149 1117 5202 τὸ
1176 5146 1414 5209 ἀνίπτοις
1472 5147 1655 5224 χερσὶν
1706 5147 1919 5208 ἒσθίειν,

272 5237 505 5296 ΜοΑὺνει
563 5238 663 5317 γὰρ
716 5240 808 5295 τὸν
869 5238 1017 5302 ἐντὸς
1074 5237 1370 5317 ἄνθρωπον,
1424 5237 1485 5293 τὸ
1533 5235 1708 5313 λέγειν
1755 5236 1792 5292 ἅ
1846 5236 1923 5313 μή

272 5327 382 5390 δεῖ.
440 5328 731 5384 Αἶνίττεται
789 5324 843 5383 δὲ
899 5325 983 5383 δια
1038 5327 1221 5384 τούτου
1291 5328 1412 5391 τοὺς
1444 5328 1782 5403 Φαρισαίους,
1818 5349 1926 5403 μο-

2006 4708 2064 4762 et
2092 4700 2307 4781 inquit,
2339 4701 2650 4777 Audite,et
2680 4704 3007 4782 intelligite,
3037 4702 3299 4763 excitans
3323 4716 3447 4768 eos,
3476 4702 3533 4754 el
3562 4700 3655 4782 ai-

2005 4780 2201 4851 tentos
2232 4790 2477 4854 faciens.
2514 4792 2663 4865 Quia
2683 4780 2891 4855 autem
2912 4790 3192 4854 Pbariszei
3216 4785 3540 4868 arguebant
3571 4780 3659 4840 di-

2005 4878 2265 4958 scipulos
2288 4880 2445 4961 quod
2462 4881 2639 4944 illotis
2654 4882 2927 4944 manibus
2950 4870 3656 4957 comederent,Dominus

2004 4966 2079 5028 de
2092 4967 2242 5029 cibis
2256 4969 2567 5051 dicitquod
2585 4973 2780 5033 nullus
2793 4972 2960 5034 cibus
2976 4961 3654 5051 coinquinethominem,

2005 5057 2096 5118 vel
2123 5050 2490 5139 impuret.Et
2511 5062 2561 5122 si
2585 5063 2749 5123 cibus
2771 5080 2890 5123 non
2913 5050 3203 5141 inquinat,
3236 5058 3421 5119 multo
3446 5050 3653 5130 magis,

2004 5145 2186 5207 illotis
2217 5149 2534 5212 comedere
2568 5151 2860 5212 manibus.
2922 5150 3276 5231 Coinquinat
3309 5145 3468 5209 enim
3500 5141 3659 5201 intus

2006 5235 2312 5298 hominem
2350 5239 2548 5301 dicere
2569 5261 2701 5320 quae
2720 5260 2838 5302 non
2862 5230 3115 5321 oportet.
3138 5238 3309 5301 Notat
3338 5243 3533 5297 autem
3568 5230 3657 5321 la-

2008 5331 2205 5387 tenter
2224 5324 2555 5390 Pharisaaos
2587 5349 2693 5410 per
2723 5330 2824 5392 illa
2848 5320 3048 5405 verba,
3076 5330 3179 5408 qui
3210 5330 3474 5389 dicentes
3502 5320 3657 5382 invi-

275 5415 596 5495 λυνομένους
648 5416 707 5472 ἐκ
762 5423 854 5474 τοῦ
904 5414 1079 5494 λέγειν
1148 5416 1477 5496 φθονούντων
1538 5414 1770 5491 ῥήματα·
1833 5415 1921 5496 ὅρα

2012 5414 2223 5476 dorum
2241 5416 2417 5478 verba
2447 5418 3168 5501 coinquinabantur.Vide
3198 5428 3395 5480 autem
3428 5412 3662 5495 sapien-

278 5504 333 5563 δε
390 5508 601 5587 σοφίαν,
661 5508 775 5572 πῶς
847 5504 964 5563 οὔτε
1032 5509 1268 5586 φανερῶς
1348 5506 1410 5561 τὸ
1466 5501 1685 5563 ἄνιπτον
1742 5506 1921 5563 ἱσθίειι

2013 5503 2179 5585 tiam,
2213 5506 2509 5586 quomodo
2570 5528 2763 5592 neque
2812 5510 3123 5576 manifeste
3176 5507 3355 5572 illotis
3384 5502 3661 5568 manibus

363 5658 444 5741 (α)
475 5659 631 5725 Edit.
666 5660 798 5725 Lut.
833 5677 971 5724 cum
1001 5657 1157 5723 mali
1182 5665 1396 5739 essent,
1432 5664 1680 5740 propter
1707 5653 1872 5721 mala
1904 5670 2095 5736 opera
2125 5652 2304 5734 longe
2332 5655 2557 5735 ﬁebant
2587 5677 2622 5721 α
2645 5657 2783 5732 Deo,
2820 5666 2876 5723 et
2904 5659 3210 5724 divinum.
