4204 6400
504 371 619 438 307
1475 373 2066 439 THEOPHYLACTI
2110 368 2520 435 BULGARLE
2563 372 2920 436 ARCHIEP.
3773 364 3888 432 308

504 508 824 570 comedere
852 507 1160 590 approbat,
1225 525 1418 589 neque
1466 515 1794 579 aversatur,
1850 506 1952 567 sed
1988 505 2147 569 aliud

2236 511 2533 583 νομοθετεῖ,
2609 505 2725 565 οὔτε
2784 507 3090 586 ἀποτρέπει.
3152 504 3302 565 Ἀλλ’
3334 504 3511 585 ἔτερόν
3541 526 3591 561 τι
3620 502 3881 579 διδάσκει,

506 599 786 681 quiddam
823 599 1181 681 docet,quod
1217 617 1334 659 non
1364 597 1606 678 ejiciant
1638 615 1671 658 e
1703 606 1943 677 pectore
1964 598 2149 659 malos

2236 597 2293 653 τὸ
2365 599 2442 671 μὴ
2501 594 2778 654 ἐκϐάλλειν
2826 596 2931 653 ἀπὸ
2962 603 3061 665 τῆς
3106 594 3317 675 καρδίας
3362 594 3625 674 πονηροὺς
3670 593 3886 673 λόγους,

504 707 815 751 sermones
827 740 837 750 .

586 780 881 842 VERSJQ.
922 780 1120 841 «Tunc
1151 776 1507 841 accedentes
1528 775 1806 856 discipuli
1829 778 1959 856 ejus
1979 777 2150 838 dixe--

2322 798 2347 833 ε
2433 778 2563 835 Τότε
2620 774 2999 855 προσελθόντες
3074 777 3121 833 οἱ
3193 776 3427 850 μαθηταὶ
3498 778 3676 847 αὐτοῦ,
3734 774 3894 831 εἷπον

504 870 651 930 runt
679 867 816 929 illi:
876 868 1041 931 Nosti
1098 868 1427 929 Pharisaeos
1484 865 1685 929 audito
1733 885 2012 928 sermone
2042 867 2150 929 isto

2237 870 2399 941 αὐτῷ·
2460 865 2627 930 Οἶδας
2685 866 2766 924 ὅτι
2825 869 2873 924 οἱ
2900 872 3188 945 Φαρισαῖοι
3221 865 3541 928 ἀκούσαντες
3570 865 3662 920 τὸν
3705 861 3893 943 λόγον,

506 957 771 1018 offensos
796 956 1005 1020 fuisse?
1034 983 1056 1013 η
1093 956 1381 1037 Discipuli
1432 964 1674 1035 propter
1705 958 1794 1017 79
1826 957 2150 1018 Pharismos

2238 955 2769 1031 ἐσκανδαλίσθησαν;
2839 975 2868 1016 ι
2933 956 2993 1025 οἱ
3051 955 3150 1031 μὲν
3210 955 3443 1031 μαθηταὶ
3471 953 3555 1009 διὰ
3600 954 3719 1016 τοὺς
3769 960 3894 1008 Φα-

506 1046 713 1108 dicunt
736 1047 893 1126 quod
919 1046 1127 1108 otl‘eusi
1171 1048 1311 1125 sint,
1342 1045 1575 1106 tametsi
1600 1044 1776 1105 etiam
1800 1044 1917 1125 ipsi
1943 1046 2150 1107 turbati

2241 1050 2469 1118 ρισαίους
2534 1048 2797 1128 λέγουσιν,
2868 1048 2948 1105 ὅτι
3005 1045 3511 1114 ἐσκανδαλίσθησαν.
3562 1046 3712 1112 Πλὴν
3757 1044 3897 1102 ἄλλα

506 1134 752 1210 fuerint,
788 1135 944 1215 quod
995 1134 1369 1196 manifestum
1431 1152 1501 1195 ex
1548 1152 1618 1194 eo
1651 1133 1804 1213 quod
1839 1136 2150 1201 accesserit

2242 1138 2330 1195 καὶ
2386 1139 2533 1195 αὐτοὶ
2616 1136 3029 1218 ἐθορυϐήθησαν*
3088 1144 3245 1195 τοῦτο
3316 1134 3373 1192 δὲ
3426 1134 3587 1203 δῆλον
3644 1135 3749 1192 ἀπὸ
3800 1143 3897 1191 τοῦ

507 1227 743 1297 Petrus,
771 1232 830 1286 et
859 1225 1319 1302 interrogaverit
1351 1222 1425 1284 de
1448 1224 1584 1285 hoc.
1612 1222 1794 1302 Igitur
1820 1223 1994 1287 Jesus
2025 1246 2150 1288 cum

2241 1226 2554 1305 προσελθεῖν
2622 1229 2713 1285 τὸν
2773 1228 2967 1306 Πέτρον
3026 1228 3112 1285 καὶ
3188 1225 3451 1306 ἐρωτῆσαι
3508 1226 3626 1302 περὶ
3681 1225 3892 1287 τούτου.

2243 1309 2300 1376 Ὀ
2358 1318 2483 1395 γοῦν
2542 1317 2744 1385 Ἰησοῦς
2800 1317 3053 1392 ἀκοῦσας,
3141 1315 3223 1373 ὅτι
3281 1313 3760 1382 ἐσκανδαλίσθησαν
3846 1319 3896 1371 οἱ

2238 1415 2549 1487 Φαρισαῖοι,
2581 1423 2719 1465 ειπε⁶

590 1490 1045 1566 νΕΒε.13,14.
1115 1518 1139 1546 ‹‹
1192 1491 1403 1555 Omnis
1461 1492 1744 1571 plantatio
1803 1511 1980 1573 quam
2035 1513 2150 1556 non

2326 1520 2354 1552 ε
2402 1504 2549 1554 Πᾶσα
2602 1497 2781 1565 φυτεία
2839 1496 2904 1564 ἦν
2965 1497 3059 1554 οῦκ
3113 1495 3391 1574 ἐφύτευσεν
3421 1497 3449 1551 6
3507 1496 3689 1575 Πατὴρ
3721 1518 3821 1571 μου
3866 1499 3895 1554 6

513 1581 793 1659 plantavit
812 1593 982 1661 pater
1015 1599 1181 1642 meus
1205 1582 1488 1661 cmlestis,
1513 1581 2150 1645 eradicabitur.0mitte

2241 1587 2499 1664 οὐράνιος,
2575 1585 3003 1665 ἐκριζωθήσεται⁸
3066 1583 3223 1663 ἄφετε
3281 1584 3492 1648 αὐτούς·
3530 1582 3716 1662 δδηγοί
3788 1587 3915 1642 εἶσι

509 1670 665 1743 illos,
696 1670 878 1732 duces
936 1680 1073 1731 sunt
1123 1671 1265 1733 caeci
1314 1690 1632 1732 caecorum.
1672 1673 1855 1733 Porro
1886 1673 1936 1732 si
1968 1692 2150 1734 caecus

2239 1674 2424 1754 τυφλοῖ
2478 1674 2710 1757 τυφλῶν,
2780 1674 2975 1756 τυφλὸς
3030 1671 3087 1730 δὲ
3118 1670 3311 1752 τυφλὸν
3361 1671 3449 1728 ἐὰν
3483 1670 3675 1752 ὁδηγῇ,
3705 1673 3892 1753 ἀμφό-

510 1779 665 1821 caaco
700 1760 814 1820 dux
848 1759 1046 1832 fuerit,
1074 1760 1248 1821 ambo
1281 1760 1343 1821 in
1366 1760 1593 1821 foveam
1628 1761 1903 1821 cadent.»
1942 1760 2150 1824 Senio-

2240 1786 2380 1843 τεροι
2436 1766 2507 1829 εἷς
2564 1764 2776 1841 βόθυνον
2808 1772 3108 1845 πεσοῦνται.
3150 1786 3177 1819 ι
3228 1765 3333 1827 Τὰς
3373 1768 3479 1819 τῶν
3528 1760 3896 1841 πρεσϐυτέρων

507 1868 638 1909 rum
662 1848 1012 1910 traditiones
1036 1861 1097 1911 et
1118 1849 1460 1911 Judzeorum
1484 1858 1773 1929 praicepta
1789 1850 2150 1913 eradicatum

2241 1852 2555 1926 παραδόσεις
2616 1856 2701 1911 καὶ
2758 1855 2823 1911 τὰ
2885 1844 3147 1912 Ἰουδαϊκὰ
3198 1851 3499 1927 ἐντάλματα
3558 1852 3708 1930 λέγει
3737 1853 3893 1931 ἐκρι-

508 1936 582 1998 iri
611 1936 905 2009 dixit,non
942 1936 1171 2016 legalia,
1208 1946 1271 1998 ut
1299 1938 1641 1999 existimant
1671 1940 2001 2004 Manichaei.
2037 1940 2150 2003 Lex

2240 1946 2587 2014 ζωθήσεσθαιο
2655 1945 2777 2023 οὖχὶ
2833 1944 2899 2000 τὰ
2954 1950 3045 2000 τοῦ
3100 1943 3284 2017 νόμου,
3348 1944 3419 2004 ὡς
3480 1950 3652 1999 νοοῦσι
3712 1949 3891 1998 Μανι-

508 2025 667 2088 enim
693 2026 978 2106 plantatio
1002 2036 1089 2089 est
1110 2026 1367 2100 Dei,non
1391 2027 1570 2105 igitur
1600 2028 1700 2088 illa
1723 2030 2019 2091 eradicata
2044 2041 2150 2094 est.

2242 2046 2423 2113 χαῖοι·
2458 2036 2485 2089 6
2520 2034 2621 2113 γὰρ
2650 2034 2811 2107 νόμος
2871 2036 3052 2112 φυτεία
3106 2032 3215 2088 ἐστὶ
3246 2038 3398 2088 Θεοῦ·
3448 2035 3508 2089 οὔ
3537 2032 3704 2088 τοίνυν
3739 2032 3893 2097 οὗτος

507 2119 707 2178 Manet
737 2117 893 2177 enim
923 2116 1089 2177 radix
1122 2117 1274 2195 ejus,
1308 2115 1368 2176 id
1411 2125 1521 2196 est,
1556 2117 1799 2197 spiritus
1832 2119 1931 2199 qui
1963 2120 2021 2181 in
2055 2140 2150 2182 0c-

2246 2120 2573 2199 ἐξεῤῥιζώθη,
2629 2120 2787 2179 Missi
2859 2124 2959 2200 γὰρ
3014 2119 3044 2186 ἣ
3102 2121 3212 2198 ῥίζα
3270 2122 3449 2199 αὺτοῦ,
3506 2120 3765 2195 τουτέστι,
3826 2124 3893 2177 τὸ

507 1313 773 1375 audisset
805 1314 961 1394 quod
993 1313 1206 1375 offensi
1234 1320 1433 1374 essent
1456 1312 1759 1393 Pharisaei,
1794 1312 1941 1374 dixit
1978 1336 1991 1375 :

507 2207 665 2267 culta
698 2213 808 2266 est.
846 2207 1007 2267 Folia
1038 2214 1255 2279 autem,
1290 2207 1403 2267 hoc
1454 2214 1562 2286 est,
1602 2226 1895 2287 apparens
1935 2209 2154 2283 littera,

506 2295 1018 2373 deﬂuunt.Legem
1051 2296 1209 2355 onim
1237 2296 1391 2356 ultra
1415 2297 1715 2373 nonjuxta
1739 2298 2015 2372 litteram,
2051 2300 2155 2362 sed

504 2386 670 2464 juxta
693 2385 967 2464 Spiritum
998 2385 1703 2463 intelligimus.Quoniam
1729 2395 1923 2447 autem
1948 2388 2160 2468 despe-

506 2474 616 2534 rati
648 2493 716 2534 ac
750 2473 1110 2534 incurabiles
1140 2482 1305 2534 erant
1330 2473 1634 2554 Pharisaei,
1671 2475 1818 2535 dixit
1850 2494 1862 2537 :
1890 2474 2157 2541 Omittite

506 2563 662 2623 illos.
698 2562 849 2623 Hinc
881 2562 1037 2622 enim
1085 2562 1392 2635 discimus,
1447 2564 1602 2643 quod
1639 2564 1857 2625 ntl‘endi
1892 2564 2025 2627 illos
2055 2568 2155 2647 qui

2241 2211 2599 2287 κρυπτόμενον
2656 2217 2883 2285 πνεῦμα.
2914 2210 2988 2268 Τὰ
3046 2206 3099 2264 δὲ
3132 2206 3323 2289 φύλλα,
3392 2208 3510 2277 ἢτοι
3566 2212 3629 2265 τὸ
3694 2211 3889 2280 φαινό-

2241 2322 2402 2376 μενον
2478 2300 2723 2379 γράμμα,
2807 2298 3066 2376 ἀπεῤῥὺηο
3121 2298 3215 2354 οῦκ
3284 2297 3358 2353 ’έτι
3427 2301 3526 2377 γὰρ
3578 2300 3668 2356 τὸν
3724 2301 3892 2375 νόμον

2241 2391 2376 2448 κατὰ
2444 2392 2506 2445 το
2562 2390 2808 2467 γράμμα,
2882 2388 3019 2444 ἀλλὰ
3048 2388 3183 2444 κατὰ
3279 2390 3339 2444 τὸ
3377 2398 3581 2463 πνεῦμα
3641 2398 3886 2464 νοοῦμεν·

2243 2478 2695 2557 Ἀπεγνωσμένων
2722 2476 2776 2533 δὲ
2806 2477 2972 2535 ὄντων
3015 2483 3119 2533 τῶν
3148 2479 3453 2555 Φαρισαίων
3497 2478 3583 2534 γαὶ
3631 2480 3887 2553 ἀνιάτων,

2239 2574 2361 2626 εἷπε
2409 2567 2490 2625 τό·
2549 2558 2755 2645 ’Ἅφετε
2814 2566 3020 2633 αὖτοὺς.
3055 2566 3320 2625 Ἐντεῦθεν
3391 2570 3477 2623 οὗν
3529 2568 3890 2643 μανθάνομεν,

505 2660 714 2731 Sponte
746 2652 1150 2731 offenduntur,
1210 2659 1268 2711 et
1318 2652 1678 2713 incurabiles
1729 2670 1885 2730 sunt,
1920 2674 2039 2716 non
2071 2666 2150 2717 est

2238 2660 2318 2716 ὃτι
2376 2660 2437 2715 τὸ
2497 2656 2924 2729 σκανδαλίζεσθαι
2982 2658 3102 2721 τοὺς
3163 2658 3335 2713 ἑκοντὶ
3389 2655 3891 2733 σκανδῦλιζομένους

506 2741 676 2801 nobis
700 2741 1486 2817 damnosuml’raeceptores
1502 2750 1697 2802 autem
1729 2742 1861 2803 illos
1884 2744 2025 2806 dicit
2049 2765 2159 2807 cae-

504 2847 604 2893 cos
627 2848 921 2891 caecorum
947 2830 1152 2905 duces,
1191 2838 1253 2890 ut
1282 2829 1356 2890 ab
1390 2830 1476 2891 eis
1508 2831 1713 2892 turbas
1738 2832 2011 2904 abducat.

589 3008 766 3072 VERS.
816 3011 907 3072 ib.
946 3034 966 3065 ι
1008 3010 1406 3091 Respondens
1436 3020 1631 3072 autem
1654 3013 1863 3073 Petrus
1885 3012 2030 3073 dixit
2061 3014 2114 3075 ei
2140 3033 2153 3078 :

2238 2750 2326 2805 καὶ
2382 2747 2649 2820 ἀνιάτους,
2723 2751 2818 2807 οὒκ
2870 2746 3008 2803 ἔστιν
3039 2749 3172 2822 ἡμῖν
3205 2743 3483 2822 βλαϐερόν·
3543 2746 3892 2812 διδασκάλους

2240 2837 2293 2893 δὲ
2366 2838 2552 2901 αὐτοὺς
2610 2836 2753 2915 λέγει
2811 2834 3034 2914 τυφλοὺς
3081 2834 3311 2916 τυφλῶνο
3344 2844 3497 2892 τοῦτο
3541 2834 3595 2892 δέ
3623 2860 3782 2916 φησιν
3816 2840 3894 2901 ὡς

2242 2928 2303 2984 ἂν
2334 2928 2617 3003 ἀποστήσῃ
2648 2926 2742 2982 ἀπ’
2787 2929 2958 2983 αὐτῶν
3002 2928 3122 2990 τοὺς
3154 2924 3375 3005 ὄχλους.

2331 3043 2358 3073 α
2408 3014 2734 3095 Ἀποκριθεὶς
2806 3014 2859 3071 δὲ
2891 3019 2917 3072 6
2977 3016 3194 3094 Πέτρος,
3255 3015 3410 3095 εἶπεν
3458 3018 3618 3088 αὐτῷ’
3682 3018 3890 3095 Φράσον

504 3099 611 3161 Dic
641 3099 813 3161 nobis
847 3099 1184 3179 parabolam
1218 3101 1391 3162 hanc.
1433 3126 1457 3155 »
1517 3104 1723 3162 Petrus
1754 3101 1895 3180 quia
1927 3103 2150 3163 sciebat

2236 3112 2368 3183 ἡμῖν
2428 3106 2527 3172 τὴν
2579 3092 2887 3181 παραϐολὴν
2915 3092 3132 3170 ταύτην.
3177 3092 3198 3159 i
3264 3092 3323 3161 Ὃ
3369 3104 3568 3182 Πέτρας
3628 3092 3741 3161 ἐπεῖ
3772 3105 3883 3181 ᾔδει

504 3190 695 3269 legem
723 3189 1041 3269 prohibere
1061 3191 1397 3269 promiscue
1422 3208 1585 3250 esum
1611 3190 1966 3259 omnium,et
1991 3194 2155 3253 time-

502 3278 602 3340 bat
629 3278 828 3339 dicere
860 3276 1001 3339 Jesu
1030 3297 1043 3340 :
1074 3278 1154 3339 Ex
1188 3278 1279 3338 his
1311 3297 1440 3359 quae
1494 3278 1708 3351 dixisti,
1745 3280 2106 3342 offendimur
2137 3301 2149 3344 :

498 3379 789 3448 apparent
812 3367 971 3429 enim
996 3367 1112 3447 legi
1136 3368 1383 3429 adversa
1408 3386 1539 3429 esse
1568 3386 1579 3429 :
1608 3368 1845 3431 simulat
1869 3370 2151 3449 ignoran-

502 3458 663 3531 tiam,
699 3466 755 3518 et
792 3457 1138 3536 interrogat.

582 3550 762 3610 Vnus.
793 3550 999 3611 16-20.
1042 3551 1245 3609 «Jesus
1270 3557 1466 3609 autem
1496 3548 1643 3609 dixit
1678 3570 1689 3608 :
1725 3550 1939 3611 Adhuc
1972 3559 2029 3611 et
2052 3570 2153 3612 vos

501 3638 899 3715 intelligentia
918 3638 1437 3700 caretis.Nondum
1456 3639 1783 3717 intelligitis
1802 3640 1957 3719 quod
1984 3641 2146 3719 quid-

504 3726 645 3807 quid
668 3726 1001 3805 ingreditur
1033 3726 1091 3786 in
1120 3728 1275 3797 os,in
1300 3729 1490 3787 alvum
1521 3728 1728 3797 abit,ct
1759 3729 1817 3789 ir.
1850 3748 2148 3791 secessum

503 3815 741 3895 ejicitur
761 3821 788 3877 ?
814 3815 888 3876 At
913 3834 983 3876 ea
1002 3834 1133 3895 quae
1162 3817 1619 3895 proﬁciscuntur
1669 3838 1736 3878 ex
1770 3838 1895 3898 ore,
1926 3839 1993 3880 ex
2022 3820 2149 3899 ipso

500 3904 682 3966 corde
712 3904 1188 3983 egrediuntur,et
1211 3906 1308 3966 illa
1341 3907 1636 3985 impurum
1672 3908 1931 3969 reddunt
1963 3910 2150 3969 homi-

500 3993 813 4056 nem.Nam
840 4012 907 4055 ex
933 3995 1114 4055 corde
1139 4004 1353 4055 exeunt
1399 3996 1786 4073 cogitationes
1810 3998 2002 4079 malae,
2036 4019 2149 4061 cm-

498 4082 625 4155 des,
651 4082 965 4155 adulteria,
1000 4092 1225 4164 stupra,
1253 4085 1577 4163 turta,falsa
1613 4087 1967 4167 testimonia,
1999 4109 2147 4150 con-

496 4172 667 4234 vicia.
702 4171 837 4233 Haec
872 4181 1011 4233 sunt
1067 4192 1222 4254 qum'
1251 4174 1550 4255 impurant
1593 4175 1918 4238 hominem.
1955 4178 2143 4240 Caete-

2239 3198 2319 3255 ὅτι
2377 3199 2405 3253 6
2474 3196 2635 3270 νόμος
2688 3192 2889 3267 ἐκωλυε
2949 3194 3117 3249 πάντα
3149 3194 3360 3267 ἐσθίειν,
3394 3190 3572 3253 δεδιὼς
3608 3195 3779 3252 εἰπεῖν
3808 3200 3883 3268 τῷ

2242 3276 2438 3365 Ἰησοῦ,
2494 3283 2574 3340 ὅτι
2649 3281 3067 3358 Σκανδαλίζομαι
3098 3271 3183 3363 ἐφ’
3212 3286 3297 3345 οἷς
3329 3283 3515 3359 εἶπας,
3546 3285 3881 3362 φαινομένοις

2238 3378 2565 3453 παρανόμοις
2627 3373 2794 3429 εἶναι·
2858 3385 3231 3451 προσποιεῖται
3260 3370 3477 3449 ἄγνοιαν
3507 3374 3592 3428 καὶ
3621 3373 3883 3451 ἐπερωτᾷ,

2325 3577 2351 3609 ε
2390 3546 2445 3610 Ὀ
2505 3552 2558 3609 δὲ
2616 3552 2820 3619 ἰησοῦς
2877 3550 3054 3628 εἶπεν,
3091 3548 3301 3625 Ἀκμὴν
3337 3552 3425 3607 καὶ
3452 3552 3606 3625 ὑμεῖς
3651 3552 3890 3609 ἀσύνετοί

2237 3646 2374 3705 ἐττε.
2412 3644 2571 3701 Οὕπω
2622 3654 2817 3709 νοεῖτε,
2884 3640 2962 3696 ὅτι
3021 3647 3123 3696 πᾶν
3182 3642 3242 3696 τὸ
3268 3642 3699 3718 εἰσπορευομένον
3724 3644 3797 3705 εἷς
3827 3646 3888 3698 τὸ

2236 3736 2430 3811 στόμα,
2477 3734 2549 3796 εἰς
2579 3733 2675 3798 τὴν
2705 3729 2909 3786 κοιλίαν
2953 3743 3127 3808 χωρεῖ
3158 3730 3242 3784 καὶ
3272 3731 3345 3791 εἰς
3378 3726 3646 3807 ἀφεδρῶνα
3690 3729 3881 3787 ἐκϐάλ-

2234 3822 2379 3878 λεται
2415 3842 2431 3901 ;
2494 3822 2569 3880 Τὰ
2726 3819 3115 3896 ἐκπορευόμενα
3146 3816 3203 3872 ἐκ
3235 3824 3324 3873 τοῦ
3358 3817 3641 3890 στόματος,
3694 3817 3751 3873 ἐκ
3783 3822 3881 3886 τῆς

2233 3911 2446 3990 καρδίας
2532 3908 2829 3988 ἐξέρχεται,
2903 3907 3123 3963 κακεῖνα
3168 3920 3344 3962 κοινοῖ
3373 3908 3461 3961 τὸν
3494 3904 3788 3984 ἄνθρωπον·
3825 3908 3886 3964 ἐκ

2233 4003 2331 4079 γὰρ
2388 4006 2483 4067 τῆς
2571 3996 2784 4077 καρδίας
2844 3995 3152 4075 ἐξέρχονται
3226 3993 3562 4072 διαλογισμοὶ
3632 4000 3876 4076 πονηροὶ,

2234 4090 2405 4169 φόνοι,
2468 4101 2739 4167 μοιχεῖαι,
2804 4099 3070 4163 πορνεῖαι,
3120 4083 3339 4163 κλοπαὶ,
3415 4082 3876 4165 ψευδομαρτυρίαι,

2232 4180 2586 4260 βλασφημίαι,
2662 4177 2835 4236 Ταῦτά
2865 4178 2973 4231 ἐστι
3025 4176 3091 4229 τα
3146 4174 3416 4230 κοινοῦντα
3447 4176 3535 4232 τὸν
3589 4174 3883 4254 ἄνθρωπον.

495 4280 629 4323 rum
662 4262 841 4323 illotis
873 4262 1144 4324 manibus
1184 4263 1382 4324 cibum
1422 4282 1657 4343 capere.
1717 4285 1833 4325 non
1879 4266 2148 4348 inquinat

2236 4272 2300 4327 Τὸ
2355 4268 2409 4324 δὲ
2470 4269 2705 4328 ἀνίπτοις
2765 4266 2917 4345 χερσὶ
2973 4277 3187 4343 φαγεῖν,
3242 4264 3300 4319 οὗ
3332 4278 3505 4321 κοινοῖ
3557 4268 3644 4322 τὸν
3676 4265 3880 4347 ἂνθρω-

496 4351 825 4414 hominem.
869 4377 891 4408 η
948 4352 1223 4433 Increpat
1252 4352 1577 4433 discipulos
1611 4352 1965 4436 Salvator,et
1995 4359 2143 4418 insi-

2236 4382 2350 4419 πον.
2407 4381 2435 4413 ιο
2501 4357 2753 4430 Ἐπιτιμᾷ
2794 4368 2912 4418 τοῖς
2958 4358 3226 4429 μαθηταῖς
3261 4356 3288 4410 6
3330 4356 3539 4432 Σωτὴρ,
3579 4359 3664 4413 καὶ
3710 4358 3882 4437 ἀφρο-

499 4440 781 4541 pientiam
807 4442 1244 4550 expr'obratﬁel
1273 4451 1334 4503 ut
1354 4443 1718 4517 otl‘ensis,vel
1746 4453 1811 4527 ut
1835 4447 2145 4509 manifesta

2236 4448 2391 4513 σύνην
2462 4441 2721 4517 ὀνειδίζει,
2785 4442 2819 4510 ἤ
2890 4446 2963 4505 ὡς
2996 4440 3476 4506 σκανδαλισθεῖσιν,
3512 4445 3546 4511 ἢ
3582 4448 3654 4509 ὡς
3685 4446 3879 4524 ἀγνοή-

2436 4538 2450 4550 .
2616 4532 2676 4550 .,
2830 4534 2842 4550 ε
2943 4534 2967 4550 .-
3058 4531 3083 4550 υ
3183 4541 3221 4550 -
3262 4541 3273 4547 κ
3426 4536 3439 4550 η
3526 4541 3551 4549 -
3751 4536 3763 4550 η

494 4530 1300 4613 ignorantibus.Dicitigitur:
1322 4535 1451 4595 Non
1474 4534 1800 4613 iutelligitis
1822 4538 1976 4616 quod
2010 4558 2143 4598 om-

2236 4559 2351 4593 σασι
2404 4538 2463 4593 τὸ
2495 4532 2681 4613 σαφές·
2718 4534 2875 4612 φησὶν
2910 4534 3023 4610 οὗν,
3057 4531 3137 4588 ὅτι
3183 4541 3349 4591 Τοῦτο
3392 4536 3451 4588 τὸ
3481 4541 3609 4591 πᾶσι
3659 4536 3884 4609 νοοῦμε-

492 4638 603 4683 nes
632 4620 967 4700 intelligunt
1017 4630 1074 4683 et
1117 4621 1353 4685 sciunt?
1404 4622 1532 4687 Cibi
1564 4625 1722 4684 enim
1756 4645 1873 4686 non
1905 4637 2147 4689 manent

2236 4650 2312 4683 νον
2369 4626 2455 4682 καὶ
2514 4622 2829 4702 φαινόμενον
2888 4621 2947 4678 οὗ
3017 4635 3191 4677 νοεῖτε
3226 4640 3241 4693 ;
3277 4620 3450 4677 ὅτιτᾶ
3497 4623 3593 4697 μὲν
3623 4624 3883 4701 βρώματα

494 4710 675 4785 intus,
712 4711 815 4774 sed
843 4710 997 4773 infra
1028 4721 1245 4774 exeunt
1274 4730 1378 4792 per
1412 4712 1639 4787 alvum,
1674 4724 1731 4774 et
1764 4714 1908 4775 nihil
1942 4716 2142 4777 homi-

2236 4715 2285 4771 36
2339 4714 2485 4789 μένει
2542 4711 2668 4785 ἔσω,
2730 4710 2867 4766 ἀλλὰ
2924 4710 3069 4767 κάτω
3144 4708 3473 4789 ἐξέρχονται,
3509 4709 3674 4785 μηδὲν
3706 4710 3880 4787 μολὺ-

493 4818 631 4862 nem
656 4801 715 4861 in
735 4802 935 4863 anima
952 4803 1487 4883 coinquinant,non
1513 4802 1670 4863 enim
1699 4813 1938 4873 manent
1959 4805 2139 4870 intus.

2236 4825 2381 4861 νοντα
2436 4800 2571 4859 κατὰ
2622 4800 2807 4879 ψυχὴν
2866 4801 2958 4854 τὸν
3030 4797 3323 4877 ἄνθρωπον,
3376 4801 3435 4856 οῦ
3493 4801 3591 4879 γὰρ
3636 4801 3882 4875 μένουσιν

493 4889 894 4967 Cogitationes
920 4900 1115 4953 autem
1143 4891 1506 4953 intrinsecus
1557 4902 1904 4968 nascuntur,
1926 4902 1981 4955 et
2014 4915 2142 4956 ma-

2236 4891 2395 4951 ένδον.
2458 4892 2515 4950 Οἱ
2576 4887 2630 4943 δὲ
2688 4887 2937 4966 λογισμοὶ
3026 4887 3216 4943 ἕσωθέν
3287 4909 3343 4943 τε
3399 4890 3710 4971 γεννῶνται,
3798 4886 3891 4948 καὶ

495 4986 640 5037 nent
664 4978 807 5055 illic,
844 4988 904 5040 et
959 4981 1355 5060 egredientes,
1404 4981 1516 5041 hoc
1545 4982 1719 5054 est,in
1753 5002 1899 5062 opus
1932 5002 2141 5063 proce—

495 5064 705 5127 dentes
727 5076 785 5127 et
807 5076 972 5129 actus
993 5069 1649 5149 inquinanthominem.
1678 5070 1958 5149 Cogitatio
1987 5074 2143 5134 enim

498 5156 872 5244 scortationis
892 5157 1250 5220 intrinsecus
1282 5177 1530 5221 manens
1563 5160 1838 5235 maculat,
1878 5168 1937 5225 et
1967 5181 2146 5244 egre-

2230 4986 2472 5062 μένουσιν
2541 4982 2678 5055 ἐκεῖ,
2751 4983 2839 5036 καὶ
2866 4978 3231 5060 ἐξερχόμενοι,
3281 4981 3570 5055 τουτέστιν,
3622 4985 3695 5047 εἷς
3727 4984 3882 5063 ἔργον

2231 5072 2635 5153 προχωροῦντες
2694 5070 2779 5126 καὶ
2837 5072 2911 5135 εἰς
2943 5070 3149 5150 πρᾶξιν,
3207 5068 3489 5144 μολύνουσι
3538 5075 3627 5129 τὸν
3674 5072 3880 5152 ἅνθρωο

2230 5186 2351 5221 πον·
2412 5165 2440 5219 6
2511 5162 2609 5239 γὰρ
2651 5158 2909 5236 λογισμὸς
2940 5164 3036 5228 τῆς
3069 5160 3332 5237 πορνείας,
3372 5160 3563 5218 ἕσωθέν
3594 5184 3647 5219 τε
3680 5164 3872 5237 μένων,

498 5243 671 5306 diens
699 5244 761 5305 in
790 5265 939 5327 opus
972 5248 1244 5311 maculat.
2017 5243 2020 5244 ⁷

2236 5253 2447 5331 μιαίνει,
2520 5251 2608 5305 καὶ
2662 5248 3014 5329 ἐξερχόμενος
3047 5250 3120 5313 εἷς
3164 5250 3319 5328 ἔργον
3362 5253 3449 5307 καὶ
3491 5253 3873 5331 πραττόμενος,

2228 5341 2573 5400 κατασπιλοῖ.

574 5421 755 5488 Vsus.
786 5424 993 5500 21,23.
1029 5424 1133 5486 «Et
1162 5426 1463 5504 digressus
1484 5426 1863 5509 illincJesus,
1898 5431 2145 5492 secessit.

2316 5452 2339 5488 ε
2393 5433 2490 5489 Καὶ
2535 5428 2754 5495 ἐξελθὼν
2811 5430 3015 5488 ἐκεῖθεν
3078 5433 3105 5488 6
3150 5429 3381 5513 Ἰησοῦς,
3426 5433 3766 5513 ἀνεχὼρησεν
3801 5432 3874 5493 εἰς

492 5511 554 5572 in
583 5522 780 5594 partes
810 5513 946 5594 Tyri
977 5524 1035 5576 et
1064 5515 1304 5577 Sidonis
1334 5539 1347 5575 :
1384 5526 1442 5578 et
1490 5536 1631 5581 ecce
1662 5519 1876 5581 mulier
1906 5518 2140 5582 Chana-

2236 5522 2291 5576 τὰ
2365 5520 2500 5600 μέρη
2572 5518 2735 5594 Τύρου
2768 5522 2853 5575 καὶ
2886 5521 3141 5585 Σιδῶνος⁸
3174 5522 3260 5576 καὶ
3291 5511 3397 5576 ἰδοῦ
3444 5511 3576 5599 γυνῆ
3610 5521 3877 5577 Χαναναία

491 5618 620 5692 naea
648 5620 782 5682 quae
810 5622 844 5665 a
868 5602 1089 5665 ﬁnibus
1117 5604 1232 5666 illis
1257 5607 1820 5678 venerat,clamabat
1844 5610 1917 5670 ad
1945 5608 2133 5692 illum,

2236 5611 2329 5668 iub
2384 5615 2491 5667 τῶν
2549 5608 2703 5687 ὁρίων
2767 5610 2981 5668 ἐκείνων
3027 5607 3323 5688 ἐξελθοῦσα,
3350 5609 3661 5689 ἐκραόγαζεν
3708 5611 3873 5692 αὖτῷ,

490 5690 721 5757 dicens:
760 5691 1041 5756 Miserere
1064 5694 1579 5773 mei,Domiue,ﬁli
1601 5695 1784 5759 David
1811 5719 1825 5759 :
1852 5698 1973 5762 tilia
2004 5690 2136 5763 mea

2236 5701 2469 5779 λέγουσα
2504 5695 2761 5766 Ἐλέησόν
2806 5720 2899 5781 με,
2934 5700 3085 5780 Κύριε
3115 5696 3189 5755 υἰέ
3236 5696 3413 5754 Δαυίδ·
3451 5702 3485 5769 ἡ
3514 5700 3747 5780 θυγάτηρ
3772 5690 3875 5777 μου

1168 6388 1704 6395 w—
