4204 6454
342 398 473 467 309

1000 405 1441 469 ENARRATIO
1485 407 1568 470 IN
1616 407 2122 472 EVANGELIUM
2168 412 2573 475 MATTH/EI.
2622 447 2700 458 —
2741 415 2908 477 CAP.
2957 415 3088 478 XV.

3628 414 3747 482 310

344 537 533 600 κακῶς
590 535 969 612 δαιμοδίζεται,
1008 530 1064 596 Ὀ
1131 536 1185 595 δὲ
1238 543 1333 598 οὐκ
1402 538 1660 619 ἀπεκρίθη
1720 540 1852 608 αὗτῆ
1908 540 1992 598 λό·

2096 540 2249 603 male
2272 560 2305 603 a
2329 542 2623 606 daemonio
2646 543 3034 624 agitatur.llle
3049 564 3186 607 vero
3202 563 3321 608 non
3342 547 3660 628 respondit
3687 552 3745 613 ei

343 648 474 704 γον.
544 648 566 682 ε
630 628 782 690 Τίνος
839 625 1016 684 ἕνεκεν
1070 629 1191 693 τοὺς
1223 631 1465 703 μαθητὰς
1496 628 1738 693 κωλύσας
1790 631 1863 693 εἷς
1897 628 2015 686 ὁδὸν

344 717 513 773 ἐθνῶν
569 716 848 791 ἀπελθεῖν,
909 718 1064 780 αὒτός
1122 718 1195 781 εἷς
1254 719 1417 797 Τύρον
1487 720 1577 775 καὶ
1635 717 1863 791 Σιδῶνα,
1920 720 2015 782 τὰς

344 808 559 868 ἰθνικάς
610 805 819 883 πόλεις,
884 807 1223 885 παραγίνεται
1263 827 1279 883 ;
1354 808 1497 865 Μάθε
1528 808 1618 865 οὖν
1661 807 1741 865 ὅτι
1790 811 1893 889 οὔχ
1940 811 2013 872 ὡς

346 894 591 976 κηρύξων
647 895 805 964 ἦλθεν
875 895 1014 975 ἐκεῖ,
1060 894 1174 953 ἐπεὶ
1219 899 1292 960 ὡς
1337 900 1365 955 6
1411 898 1622 976 Μάρκος
1668 898 1820 978 φησὶ,
1863 919 1887 954 ε
1926 901 2012 954 καὶ

348 985 577 1064 ἔκρυψεν
637 988 846 1049 ἑαυτόν,
915 1010 941 1041 ε
1008 984 1230 1050 ’Ἀλλως
1260 1009 1343 1062 τε,
1391 987 1504 1044 ἐπεὶ
1536 984 1646 1043 εἶδε
1687 988 1806 1051 τοὺς
1838 995 2010 1062 Φαρι-

352 1078 533 1139 σαίους
586 1076 662 1151 μὴ
746 1073 1055 1151 δεξαμένους
1129 1077 1219 1133 τὸν
1289 1078 1406 1154 περὶ
1479 1078 1774 1154 βρωμάτων
1827 1075 2006 1156 λόγον,

358 1163 656 1241 μεταϐαίνει
712 1165 797 1221 ἐπὶ
868 1165 935 1221 τά
1012 1164 1160 1232 ἔθνη.
1224 1164 1483 1233 Ἐλεησον
1552 1164 1606 1222 δὲ
1664 1165 1834 1245 λέγει,
1888 1167 2011 1246 οὐχὶ

355 1257 462 1323 τὴν
529 1255 777 1333 θυγατέρα
846 1275 971 1329 μου·
1017 1254 1193 1322 ἐκείνη
1251 1257 1350 1333 γὰρ
1381 1256 1713 1336 ἀναισθητεῖ,
1749 1255 1871 1312 ἀλλ’
1913 1256 2008 1331 εμὲ

350 1347 454 1413 τήν
503 1347 568 1401 τά
621 1344 769 1406 δεινά
826 1345 1144 1424 πάσχουσαν
1200 1348 1287 1402 καί
1348 1346 1755 1421 αἰσθανομένην.
1808 1347 1906 1403 Καὶ
1950 1348 2009 1402 οὗ

346 1435 518 1515 λέγει,
556 1433 729 1514 Ἐλθὲ,
761 1436 850 1492 καὶ
879 1434 1054 1509 ἴασαι,
1092 1433 1212 1491 ἀλλ’
1258 1434 1541 1502 Ἐλέησον.
1568 1432 1628 1493 Ὀ
1658 1434 1712 1491 δὲ
1743 1437 1838 1492 οὒκ
1866 1437 2006 1491 ἀπο·-

342 1526 579 1603 κρίνεται
640 1524 770 1601 αὐτῇ
840 1523 1022 1601 λόγον,
1054 1525 1157 1605 οὐχ
1200 1527 1274 1588 ὡς
1329 1531 1697 1604 καταφρονῶν,
1733 1522 1850 1580 ἀλλ’
1912 1523 2004 1580 ’ίνα

343 1613 513 1689 δείξῃ,
577 1614 657 1669 ὅτι
718 1612 802 1671 διὰ
857 1614 977 1679 τοὺς
1023 1612 1301 1679 Ἰουδαίους
1358 1613 1486 1681 ἦλθε
1563 1612 1997 1695 προηγουμένως·

345 1706 433 1761 καὶ
492 1701 732 1782 ἐμφράξῃ
787 1705 881 1768 τὰς
954 1705 1302 1783 συνοφαντίας
1364 1706 1560 1779 αὐτῶν,
1623 1706 1699 1780 μὴ
1760 1704 2002 1783 ἐχόντων

2099 632 2363 695 verbum.
2404 657 2429 688 »
2466 632 2661 705 Quare
2692 634 3022 713 discipulos
3054 635 3357 716 prohibuit
3386 638 3471 699 ire
3502 639 3564 698 in
3585 639 3739 702 viam

2097 721 2520 802 gentium,ipse
2552 732 2750 785 autem
2784 725 2846 786 in
2878 724 3104 805 Tyrum
3138 732 3195 788 et
3221 724 3528 800 Sidonem,
3558 730 3743 808 genti-

2098 809 2242 870 lium
2263 811 2704 884 civitates,ivit?
2726 814 2901 877 Disce
2922 815 3100 895 igitur
3123 814 3279 896 quod
3302 834 3417 879 non
3441 824 3505 878 ut
3524 818 3743 899 praedi-

2097 908 2334 961 caturus
2356 901 2457 962 ivit
2488 902 2798 984 illuc,quia
2821 904 2907 984 (ut
2934 908 3171 967 Marcus
3193 904 3358 987 dicit)
3375 913 3466 967 «et
3487 907 3742 969 occulta-

2097 989 2176 1049 vit
2203 1008 2328 1053 se.»
2363 990 2471 1053 Vel
2499 992 2672 1053 aliter
2702 993 2786 1054 sic
2818 1011 2830 1055 :
2885 994 3022 1074 quia
3049 994 3195 1055 vidit
3224 994 3554 1057 Pharisaeos
3584 996 3745 1060 nolle

2094 1080 2398 1160 suscipere
2421 1100 2760 1144 sermonem
2785 1083 2861 1144 de
2887 1083 2979 1143 80
3004 1083 3393 1157 cibis,transit
3415 1085 3487 1145 ad
3510 1094 3738 1164 gentes.

2092 1169 2379 1231 Miserere
2425 1179 2644 1245 autem,
2699 1172 2841 1234 dicit
2897 1192 3015 1234 non
3061 1173 3193 1233 ﬁliae
3237 1192 3407 1249 meae,
3455 1174 3556 1235 illa
3581 1173 3741 1237 enim

2093 1277 2272 1320 sensu
2304 1269 2487 1334 caret,
2543 1260 2647 1322 sed
2680 1263 2820 1342 mei,
2879 1281 3009 1343 quae
3062 1270 3176 1323 tam
3226 1262 3424 1339 gravia
3471 1263 3661 1343 patior
3685 1271 3745 1326 et

2093 1348 2309 1411 sentio.
2336 1348 2459 1411 Nec
2495 1350 2658 1420 dicit,
2698 1349 2872 1427 Veni,
2900 1359 2958 1413 et
2987 1370 3152 1427 sana,
3188 1352 3316 1433 sed,
3352 1353 3744 1417 Miserere.At

2090 1437 2190 1499 ille
2214 1456 2332 1499 non
2357 1438 2668 1520 respondit
2691 1440 2744 1501 ei
2768 1440 3163 1520 verbum,non
3194 1440 3350 1519 quod
3375 1450 3737 1517 contemnat,

2090 1526 2192 1587 sed
2229 1537 2290 1590 ut
2315 1529 2591 1591 ostendat
2617 1528 2774 1608 quod
2804 1537 3049 1611 propter
3065 1527 3303 1592 Judaeos
3332 1530 3608 1611 inprimis
3639 1550 3739 1594 ve-

2088 1617 2245 1678 nerit
2277 1638 2289 1678 :
2326 1626 2383 1679 et
2415 1628 2476 1679 ut
2506 1617 2779 1680 occludat
2810 1619 3140 1681 calumnias
3172 1638 3485 1693 eorum,ne
3510 1621 3739 1699 possint

2088 1716 2287 1787 postea
2310 1707 2511 1770 dicere
2530 1708 2687 1789 quod
2705 1708 3024 1787 gentilibus
3043 1706 3584 1790 benefecerit,ipsis
3600 1729 3740 1773 con-

347 1794 562 1873 ὕστερον
625 1793 827 1874 λέγειν,
887 1793 966 1849 ὅτι
1030 1796 1150 1857 τούς
1208 1795 1440 1860 ἐθνικοὺς
1526 1796 1814 1874 εὐεργετεῖ·
1889 1792 1992 1868 ἅμα

2088 1796 2366 1888 templis;
2403 1797 2475 1858 ad
2506 1798 2725 1888 haec,ut
2755 1798 2936 1861 etiam
2972 1798 3202 1860 ﬁrmam
3256 1798 3525 1864 mulieris
3554 1800 3736 1863 ﬁdem

344 1883 423 1958 δὲ,
483 1884 575 1940 ’ἕνα
634 1885 721 1940 καὶ
780 1885 880 1951 τηε
950 1884 1199 1961 ἐπίμονον
1242 1885 1417 1941 πίστιν
1444 1884 1542 1952 τῆς
1592 1884 1838 1962 γυναικὸς
1869 1883 1992 1940 ἔπι-

2086 1886 2460 1948 manifestam
2488 1887 2722 1951 reddat.

341 1974 507 2051 δείξῃ·

429 2086 455 2120 ε
522 2066 620 2122 Καὶ
674 2063 1051 2141 προσελθόντες
1130 2068 1176 2121 οἱ
1226 2067 1458 2140 μαθηταὶ
1538 2066 1715 2138 αὐτου,
1775 2062 1995 2141 ἠρώτων

336 2157 520 2235 αυτὸν,
550 2154 821 2233 λέγοντες·
860 2153 1157 2213 ’Λπόλυσον
1188 2155 1376 2234 αὐτὴν,
1428 2153 1507 2210 ὅτι
1558 2154 1737 2231 κράζει
1783 2151 1995 2208 ὄπισθεν

337 2248 519 2318 ἡμῶν.
578 2236 635 2303 ι0
681 2243 759 2317 δὲ,
806 2244 1103 2322 ἀποκριθεὶς
1132 2246 1311 2301 εἶπεν·
1351 2247 1454 2307 Οὔκ
1483 2242 1791 2310 ἀπεστάλην
1850 2243 1892 2297 εἰ
1916 2244 1995 2317 μὴ

342 2338 417 2399 εἷς
473 2336 537 2390 τὰ
594 2332 835 2413 πρόϐατα
893 2334 958 2390 τὰ
1001 2332 1318 2391 ἀπολωλότα
1364 2333 1517 2389 οἴκου
1576 2329 1813 2411 Ἰσραήλ.
1873 2354 1900 2386 ι
1936 2333 1994 2389 Οἱ

345 2426 572 2498 μαθηταὶ
640 2421 977 2502 ϐαρυνθέντες
1065 2429 1133 2499 τῇ
1255 2429 1460 2501 κραυγῇ
1534 2428 1633 2488 τῆς
1720 2421 1991 2500 γυναικὸς,

344 2515 580 2592 ἠρώτων,
647 2514 741 2570 ἵνα
798 2511 1039 2590 ἀπολύσῃ
1098 2515 1283 2593 αὐτὴν,
1337 2511 1599 2588 τουτέστι,
1660 2509 1991 2590 παρεκάλουν

340 2603 759 2679 ἀποπέμψασθαι
833 2604 1019 2673 αὐτήν,
1099 2603 1263 2661 Τοῦτο
1320 2601 1376 2657 δὲ
1448 2602 1679 2680 ἐποίουν,
1757 2600 1861 2680 οὔχ
1917 2602 1990 2664 ὡς

334 2692 705 2773 ἂσπλαγχνοι,
766 2691 903 2748 ἀλλὰ
961 2690 1165 2767 μᾶλλον
1222 2690 1461 2756 θέλοντες
1524 2704 1710 2747 πεῖσαι
1764 2691 1855 2747 τὸν
1882 2688 1993 2746 Κύ-

338 2807 455 2862 ριον
507 2783 723 2850 ἐλεῆσαι
781 2782 969 2849 αὐτὴν,
1009 2774 1065 2839 Ὀ
1121 2781 1196 2838 δέ’
1237 2784 1344 2841 Οὐκ
1375 2780 1707 2861 ἀπεστάλην,
1736 2782 1917 2863 φησὶν,
1947 2779 1991 2834 εἶ

340 2874 424 2946 μὴ
479 2876 550 2935 εὶς
622 2874 739 2937 τοὺς
810 2870 1109 2951 Ἰουδαίους,
1144 2873 1198 2928 οἵ
1249 2871 1569 2929 ἀπολωλότα
1600 2873 1697 2927 εἶσὶ
1727 2867 1988 2949 πρόϐατα,

346 2963 456 3017 ἀπὸ
523 2962 707 3025 κακίας
769 2968 870 3017 τῶν
942 2960 1394 3037 ἓμπιστευθέντων
1449 2961 1604 3024 αὐτά,
1642 2961 1739 3015 Διά
1785 2957 1840 3013 δὲ
1865 2958 1993 3013 τού-

2163 2054 2325 2119 Vrsas
2353 2054 2559 2134 23,24.
2578 2057 2684 2118 «Et
2712 2057 3065 2120 accedentes
3086 2057 3365 2140 discipuli
3395 2060 3525 2138 ejus
3553 2078 3731 2141 roga-

2083 2143 2224 2206 bant
2257 2147 2445 2229 illum,
2500 2149 2815 2212 dicentes:
2876 2148 3096 2211 Omitte
3126 2150 3313 2232 illam,
3353 2169 3488 2212 nam
3521 2151 3735 2215 clamat

2081 2244 2213 2313 post
2244 2239 2456 2300 nos.At
2474 2238 2575 2301 ille
2599 2238 2973 2319 respondens
2993 2239 3145 2300 dixit
3169 2260 3181 2297 :
3204 2242 3338 2302 Non
3356 2259 3488 2301 sum
3514 2241 3731 2305 missus

2080 2324 2191 2385 nisi
2214 2326 2286 2386 ad
2312 2346 2449 2389 oves
2473 2347 2605 2408 quae
2632 2328 2938 2409 perierunt
2958 2328 3168 2390 domus
3190 2328 3395 2391 Israel.
3412 2329 3731 2411 »Discipuli

2077 2415 2363 2493 gravatim
2399 2418 2658 2479 ferentes
2708 2420 3033 2481 clamorem
3068 2418 3357 2493 mulieris,
3392 2420 3678 2501 rogabant
3712 2442 3725 2485 :

2084 2509 2326 2572 Dimitte
2356 2529 2510 2591 eam,
2545 2511 2659 2572 hoc
2683 2519 2795 2585 est,
2829 2510 3301 2573 obsecrabantut
3330 2512 3632 2592 ablegaret
3661 2512 3732 2573 il-

2077 2597 2194 2660 lam
2228 2618 2261 2660 a
2292 2618 2380 2662 se.
2416 2600 2539 2661 Hoc
2571 2608 2769 2663 autem
2801 2600 3095 2662 faciebant
3138 2621 3255 2663 non
3282 2610 3559 2684 tanquam
3612 2603 3730 2664 im-

2081 2688 2634 2759 misericordes,sed
2667 2689 2853 2767 magis
2874 2688 3137 2750 volentes
3160 2689 3517 2770 persuadere
3532 2688 3731 2751 Domi-

2078 2796 2152 2837 no
2186 2784 2248 2838 ut
2276 2778 2660 2839 misereretur
2683 2777 2842 2840 eiAt
2886 2778 2984 2839 ille
3009 2779 3196 2859 inquit
3222 2798 3233 2841 :
3262 2778 3392 2841 Non
3414 2798 3545 2840 sum
3579 2778 3727 2839 mis-

2075 2885 2173 2927 sus
2197 2867 2309 2927 nisi
2330 2867 2401 2928 ad
2425 2865 2683 2933 Judaaos,
2718 2869 2819 2948 qui
2851 2877 2989 2929 sunt
3036 2888 3172 2930 oves
3203 2869 3451 2949 perditae
3484 2887 3590 2950 per
3619 2887 3729 2930 eo-

2076 2975 2205 3016 rum
2244 2958 2553 3031 malitiam,
2587 2957 2803 3038 quibus
2831 2958 3066 3019 fuerant
3087 2958 3586 3021 conrreditae.Per
3616 2959 3729 3021 hoc

343 3072 455 3106 των
519 3049 821 3125 δημοσιεύει
876 3052 973 3119 τὴν
1030 3051 1205 3107 πίστιν
1250 3056 1346 3117 τῆς
1396 3051 1642 3128 γυναικὸς
1689 3048 1771 3104 ἐπὶ
1802 3046 1988 3104 πλέον.

2078 3053 2275 3107 autem
2307 3046 2564 3123 amplius
2593 3049 2824 3125 evulgat
2853 3047 3035 3110 ﬁdem
3064 3048 3353 3109 mulieris.

432 3164 454 3195 ε
512 3131 571 3195 Ἠ
627 3137 702 3214 δὲ,
764 3139 979 3197 ἐλθοῦσα
1051 3142 1443 3220 προσεκὺνησεν
1513 3141 1678 3214 αυτῷ,
1739 3137 1989 3215 λέγουσα,

336 3232 521 3309 Κύριε,
580 3230 760 3305 βοήθει
831 3253 946 3305 μοι,
986 3222 1041 3288 Ὀ
1073 3230 1150 3305 δὲ,
1189 3231 1496 3310 ἀποκριθεὶς
1528 3230 1706 3287 εἶπεν·
1746 3232 1852 3285 Οὐκ
1882 3224 1994 3282 ἔστι

328 3318 497 3374 καλὸν
567 3316 753 3374 λαλεῖν
807 3319 896 3374 τὸν
935 3319 1089 3397 ἄρτον
1120 3326 1225 3378 τῶν
1254 3319 1477 3399 τέκνων,
1513 3320 1602 3375 καὶ
1644 3316 1832 3394 βαλεῖν
1874 3327 1993 3379 τοϊς

325 3410 615 3487 κυναρίοις,
680 3401 743 3464 Ἠ
802 3406 857 3465 δὲ
888 3408 1036 3465 εἶπε·
1072 3411 1190 3486 Ναὶ,
1231 3410 1407 3488 Κύριε’
1454 3410 1543 3465 καὶ
1587 3408 1686 3486 γὰρ
1715 3407 1782 3462 τὰ
1825 3404 1985 3483 κυνά-

325 3522 413 3576 ρια
476 3499 630 3555 ἐσθίει
688 3498 794 3555 ἀπὸ
866 3504 969 3557 τῶν
1024 3500 1233 3579 ψιχίων
1262 3502 1370 3555 τῶν
1422 3497 1728 3555 πιπτόντων
1757 3496 1863 3553 ἀπὸ
1888 3493 1984 3561 τῆς

324 3588 593 3667 τραπέζης
663 3594 770 3645 τῶν
827 3589 1014 3667 κυρίων
1044 3593 1239 3647 αὐτῶν.
1281 3611 1304 3646 ε
1344 3586 1493 3646 Ἐπεὶ
1568 3585 1711 3643 εἶδεν
1768 3587 1803 3652 ἡ
1849 3583 1983 3662 γυνη

322 3681 448 3742 τοὺς
503 3679 824 3757 συνηγόρους
883 3680 1045 3747 αὒτῆς
1101 3680 1224 3744 τοὺς
1281 3676 1636 3756 ἀποστόλους,
1671 3674 1981 3753 ἀποτυχόν-

329 3790 448 3846 τας,
523 3767 685 3826 πάλιν
745 3769 983 3846 πρόσεισι
1041 3769 1273 3849 θερμῶς,
1321 3769 1409 3824 καὶ
1456 3767 1646 3831 Κύριον
1692 3762 1983 3826 ἀποκαλεῖ.

330 3855 480 3916 Ἐπεὶ
520 3857 579 3914 δὲ
637 3860 665 3915 6
693 3859 915 3936 Χριστὸς
958 3858 1087 3915 κύνα
1117 3857 1283 3925 αὒτὴν
1332 3855 1627 3930 ἀποκαλεῖ,
1664 3853 1748 3911 διὰ
1777 3854 1837 3909 τὸ
1866 3853 1986 3916 τοὺς

327 3948 563 4013 ἐθνικοὺς
622 3948 914 4027 ἀκάθαρτον
938 3949 1047 4024 βίον
1080 3948 1229 4028 ἔχειν
1261 3950 1349 4005 καὶ
1402 3948 1517 4025 περὶ
1549 3947 1615 4003 τὰ
1646 3944 1853 4019 α’ίματα
1883 3948 1989 3998 τῶν

326 4036 680 4095 εἰδωλοθύτων
728 4038 1164 4119 ἀναστρέφεσθαι,
1224 4038 1383 4094 τέκνα
1415 4034 1472 4094 δὲ
1504 4037 1629 4099 τοὺς
1675 4031 1991 4110 Ἰουδαίους,

325 4130 508 4195 ἂκείνη
591 4134 819 4192 συνετῶς
885 4128 1225 4208 ἀποκρίνεται
1316 4129 1403 4183 καὶ
1460 4126 1606 4202 μάλα
1639 4131 1846 4203 σοφῶς,
1911 4123 1993 4176 ὃτι

324 4220 387 4276 Εἰ
443 4219 533 4274 καὶ
586 4218 723 4279 κύων
794 4219 899 4295 εἰμὶ
969 4219 1056 4275 καὶ
1113 4219 1207 4275 οὒκ
1236 4216 1352 4282 ἀξία
1380 4216 1536 4296 ἃρτον
1578 4212 1789 4292 λαϐεῖν,
1823 4232 1984 4267 τουτο

2160 3137 2336 3197 VERS.
2373 3135 2473 3211 25,
2512 3137 2611 3197 27.
2656 3159 2678 3192 α
2713 3136 2822 3198 Illa
2840 3155 2980 3198 vero
3000 3137 3160 3198 venit
3189 3146 3246 3199 et
3275 3138 3726 3200 adoravitillum

2077 3224 2304 3286 dicens:
2332 3226 2898 3301 Domine,succurre
2926 3227 3177 3290 mihi.At
3198 3227 3299 3290 ille
3319 3229 3727 3309 respondit,ac

2076 3313 2376 3376 dixitzNon
2403 3323 2492 3375 est
2514 3314 2737 3376 bonum
2760 3332 3002 3377 sumere
3020 3334 3229 3395 panem
3255 3317 3607 3393 ﬁliorum,et
3625 3317 3726 3378 ob-

2064 3404 2260 3484 jicere
2290 3402 2540 3464 catellis.
2580 3403 2685 3466 Illa
2715 3411 2911 3465 autem
2965 3403 3111 3466 dixit
3146 3424 3159 3468 :
3197 3404 3407 3482 Etiam,
3444 3406 3721 3467 Domine.

2072 3494 2306 3555 Etenim
2342 3492 2539 3555 catelli
2572 3493 2895 3556 comedunt
2926 3493 3005 3555 de
3032 3494 3200 3555 micis
3230 3513 3362 3575 quae
3400 3496 3625 3557 cadunt
3649 3495 3725 3558 de

2074 3600 2279 3643 mensa
2305 3580 2680 3643 dominorum
2716 3600 2982 3642 suorum.
3022 3607 3042 3638 ε
3086 3585 3394 3665 Postquam
3427 3583 3570 3647 vidit
3604 3603 3732 3645 mu-

2073 3672 2184 3732 lier
2216 3678 2496 3751 patronos
2525 3688 2665 3733 suos
2695 3671 2993 3750 repulsam
3018 3689 3243 3753 passos,
3272 3675 3483 3734 iterum
3512 3672 3722 3734 Domi-

2074 3779 2213 3822 num
2288 3759 2593 3824 ferventer
2637 3760 2889 3834 accedit,
2943 3770 3000 3823 et
3029 3763 3261 3825 invocat
3288 3772 3353 3824 ut
3377 3763 3721 3829 Dominum.

2073 3850 2222 3923 Quia
2282 3858 2478 3911 autem
2539 3850 2805 3912 Christus
2863 3869 3071 3913 canem
3124 3852 3285 3913 illam
3348 3852 3598 3927 dixerat,
3653 3872 3723 3916 eo

2078 3939 2235 4021 quod
2270 3939 2523 4018 gentiles
2553 3938 2853 4019 impuram
2894 3949 3137 4018 agerent
3159 3942 3356 4015 vitam,
3396 3955 3454 4004 et
3485 3943 3547 4003 in
3577 3961 3721 4004 san-

2077 4030 2258 4108 guine
2293 4028 2471 4090 idolis
2500 4028 2948 4093 immolatarum
2981 4032 3554 4113 versarentur,ﬁlios
3583 4051 3721 4095 vero

2076 4117 2313 4182 Judaeos
2348 4140 2360 4177 :
2398 4116 2496 4179 illa
2544 4118 2712 4179 valde
2741 4119 3042 4199 sapienter
3074 4128 3130 4181 et
3177 4140 3389 4201 magno
3419 4122 3723 4184 intellectu

2068 4206 2375 4288 respondit
2409 4227 2423 4266 :
2461 4206 2739 4278 Quamvis
2769 4216 2826 4268 et
2850 4211 3013 4271 canis
3042 4211 3176 4287 sim,
3233 4221 3290 4271 et
3320 4210 3562 4290 indigna
3590 4228 3723 4291 qua:

324 4309 462 4389 ἐστι,
521 4306 736 4371 δὺναιιίν
778 4330 895 4364 τινα
947 4310 1031 4364 καὶ
1064 4307 1205 4386 μέγα
1245 4321 1497 4383 σημεῖον
1549 4303 1671 4362 ἀλλ’
1714 4303 1801 4360 οὖν
1830 4308 1984 4358 τουτο

2078 4317 2283 4381 panem
2312 4296 2625 4378 accipiam,
2663 4297 2775 4358 hoc
2802 4305 2914 4373 est,
2935 4298 3300 4376 virtutem,et
3321 4301 3552 4380 signum
3588 4319 3719 4362 ma-

317 4400 385 4453 τὸ
442 4385 631 4476 μικρὸν
686 4397 803 4472 μὶν
838 4399 912 4462 ὡς
970 4400 1100 4476 πρὸς
1153 4385 1258 4465 τὴν
1319 4398 1416 4466 σὴν
1472 4395 1712 4473 δύναμιν,
1759 4393 1879 4467 ἱμοὶ
1925 4389 1979 4445 δὲ

2078 4406 2248 4467 gnum
2286 4405 2298 4449 :
2334 4386 2440 4447 sed
2471 4388 2582 4447 hoc
2641 4405 2881 4466 parvum
2916 4388 3078 4468 quid,
3114 4399 3394 4470 quantum
3428 4390 3503 4452 ad
3533 4391 3721 4452 virtu-

322 4485 490 4566 μέγα,
551 4484 657 4551 δός·
692 4487 871 4563 ὥσπερ
913 4489 1000 4543 καὶ
1052 4488 1148 4551 τὰς
1179 4490 1374 4568 ψίχας,
1428 4489 1473 4543 οἱ
1504 4485 1601 4561 μὲν
1632 4484 1755 4547 τοὺς
1792 4480 1978 4568 ἄρτους

316 4564 581 4641 ὶσθίοντες
631 4579 690 4635 οὖ
761 4576 900 4655 μέγα
956 4599 1006 4633 τι
1037 4576 1275 4657 ἔχουσιν,
1311 4579 1359 4633 οἱ
1401 4574 1456 4632 δε
1514 4576 1666 4639 κύνες
1697 4571 1858 4650 μέγα,
1892 4564 1979 4624 καὶ

320 4664 384 4721 lx
412 4664 614 4722 τούτων
637 4665 939 4746 τρέφονται,

409 4779 434 4809 ι
473 4754 601 4811 Τότε
672 4738 971 4831 ἀποκριθεὶς
1004 4757 1031 4811 ὁ
1064 4753 1294 4830 Ἰησοῦς,
1331 4759 1483 4813 εἶπεν
1518 4756 1669 4828 αὖτῇ·
1707 4738 1773 4805 Ὠ
1805 4750 1981 4827 γὺναι,

322 4842 539 4923 μεγάλη
598 4866 690 4900 σου
747 4843 784 4911 ἡ
845 4845 1047 4925 πίστις,
1107 4848 1387 4923 γενηθήτω
1445 4866 1527 4900 σοι
1560 4844 1633 4905 ὡς
1666 4838 1859 4900 θέλεις⁶
1899 4831 1987 4894 καὶ

316 4936 443 5001 ἰάθη
511 4936 547 5001 ἦ
602 4935 835 5011 θυγάτηρ
872 4939 1035 5002 αὐτῆς
1068 4935 1175 4991 ἀπὸ
1205 4941 1303 5003 τῆς
1334 4934 1475 5013 ὥρας
1522 4933 1753 4997 ἐκείνης.
1790 4929 1980 5007 Ἐφαν-

319 5025 488 5103 έρωσε
545 5031 630 5080 νῦν
700 5026 727 5080 6
802 5026 1004 5092 Ἰησοῦς
1077 5025 1173 5092 τὴν
1225 5025 1394 5081 αἰτίαν
1449 5022 1515 5080 δι’
1566 5022 1630 5091 ἢν
1661 5015 1978 5079 ἀνεϐάλλετο

314 5115 417 5182 τὴν
488 5114 763 5192 θεραπείαν
821 5113 871 5181 ἐξ
942 5115 1143 5195 ἀρχῆς
1179 5113 1270 5171 ἵνα
1330 5114 1430 5192 γὰρ
1487 5116 1523 5181 ἡ
1578 5113 1753 5173 πίστις
1824 5108 1977 5173 καὶὴ

316 5205 527 5267 σὺνεσις
601 5207 697 5270 τῆς
769 5205 1018 5282 γυναικὸς
1065 5205 1334 5285 ἀναφανῇ,
1368 5202 1454 5261 διὰ
1481 5210 1634 5260 τοῦτο
1688 5198 1784 5255 οὒκ
1832 5197 1977 5261 εὗθὺς

314 5294 369 5359 ἑξ
431 5293 607 5371 ἀρχῆς
675 5295 986 5352 κατένευσεν
1045 5297 1073 5351 6
1147 5296 1393 5375 Χρυστὸς,
1427 5292 1564 5351 ἀλλά
1593 5292 1681 5349 καὶ
1719 5286 1974 5375 ἀποπεμ-

315 5406 474 5441 πεται
548 5380 773 5459 μᾶλλον.
837 5387 940 5443 Νὖν
969 5383 1022 5440 δὲ
1054 5384 1171 5441 ἐπεὶ
1196 5374 1539 5464 γὶξεκαλόιρθη
1568 5385 1602 5450 ἡ
1636 5381 1808 5441 πίστις
1842 5374 1981 5455 (22)

1401 5494 1431 5533 ε
1498 5469 1723 5551 Μεγάλη
1794 5488 1888 5523 σου
1946 5466 1978 5534 ἡ

317 5477 505 5555 αὐτῆς,
574 5474 900 5548 ὶπαινετται,
994 5474 1277 5532 ἀκουουσα·

2064 4486 2181 4538 tem
2206 4486 2366 4536 tuam
2398 4475 2631 4550 attinet,
2665 4474 2812 4536 mihi
2847 4486 3043 4538 autem
3080 4496 3352 4555 magnum
3386 4480 3585 4554 fuerit,
3620 4479 3717 4557 da,

2063 4568 2218 4628 sicut
2249 4574 2307 4626 et
2336 4566 2435 4644 qui
2468 4583 2650 4644 panes
2673 4565 3018 4639 comedunt,
3045 4587 3164 4629 non
3196 4568 3391 4646 magni
3421 4568 3643 4630 faciunt
3669 4571 3721 4633 si

2075 4655 2258 4716 micas
2290 4652 2431 4714 dent
2461 4672 2474 4711 :
2512 4670 2692 4714 canes
2722 4662 2919 4715 autem
2963 4654 3115 4716 bene
3148 4674 3216 4716 ex
3250 4656 3340 4717 his
3371 4664 3715 4736 pascuntur.

2152 4743 2335 4805 Vens.
2374 4742 2474 4804 98.
2516 4766 2542 4796 α
2569 4740 2735 4803 Tunc
2761 4744 3134 4823 respondens
3158 4746 3325 4808 Jesus
3350 4744 3597 4805 dixitilli
3629 4763 3642 4808 :
3669 4743 3716 4807 Ο

2073 4833 2536 4909 mulier,magna
2567 4839 2656 4893 est
2706 4831 2851 4893 ﬁdes
2899 4842 3021 4910 tua,
3058 4833 3158 4894 ﬁat
3187 4833 3295 4894 tibi
3323 4833 3474 4894 sicut
3508 4833 3614 4897 vis.
3646 4833 3718 4895 Et

2069 4929 2276 4986 sanata
2307 4928 2398 4983 est
2427 4921 2551 4982 ﬁlia
2583 4922 2713 5000 ejus
2739 4939 2806 4983 ex
2832 4920 2933 4983 illa
2954 4922 3157 4985 hora.»
3185 4922 3352 4987 Nunc
3382 4923 3721 4988 manifestat

2060 5013 2233 5076 Jesus
2254 5029 2496 5072 causam
2532 5018 2780 5091 propter
2833 5030 3007 5092 quam
3041 5013 3409 5075 sanationem
3440 5013 3514 5075 ab
3546 5013 3713 5076 initio

2064 5100 2380 5171 distulerit,
2395 5119 2610 5181 nempe
2636 5112 2699 5161 ut
2723 5100 2871 5163 ﬁdes
2892 5110 2950 5163 et
2977 5103 3292 5183 prudentia
3313 5104 3584 5167 mulieris
3600 5105 3716 5167 cla-

2060 5200 2282 5254 rescat.
2316 5189 2644 5270 Propterea
2664 5208 2783 5251 non
2803 5191 2999 5253 statim
3022 5192 3095 5254 ab
3121 5193 3286 5256 initio
3302 5194 3511 5255 annuit
3532 5193 3712 5256 Chri-

2061 5290 2215 5363 stus,
2248 5280 2351 5341 sed
2386 5279 2573 5359 magis
2603 5278 2763 5340 illam
2797 5299 2830 5341 a
2860 5299 2922 5342 se
2954 5283 3312 5348 amandavit:
3340 5302 3499 5346 nunc
3517 5292 3713 5346 autem

2061 5369 2542 5455 quandoquidem
2578 5371 2707 5449 ejus
2737 5369 2884 5431 ﬁdes
2936 5373 3311 5437 manifestata
3346 5384 3455 5450 est,
3512 5374 3717 5438 laudat

2064 5479 2220 5526 eam:
2253 5460 2501 5538 «Magna
2524 5468 2614 5519 est
2636 5458 2786 5520 ﬁdes
2816 5468 2973 5525 tua.»
3000 5461 3125 5524 Hoc
3146 5473 3341 5526 autem
3364 5463 3518 5547 quod
3546 5465 3709 5545 dicit,

1399 5604 1491 5670 Ex
1525 5602 1842 5668 collatione
1875 5600 2049 5675 codd.
2090 5601 2307 5663 Venet.
2341 5594 2403 5658 S.
2438 5594 2646 5659 Marci.

401 5736 525 5817 (22)
563 5739 661 5797 Καὶ
689 5738 725 5804 ἡ
762 5735 964 5802 σύνεσις
993 5732 1136 5799 add.
1173 5732 1349 5799 codd.
1384 5733 1484 5800 29.
