4204 6446
344 391 473 459 317

970 389 1421 457 ENARRATIO
1465 390 1550 455 IN
1596 389 2111 455 EVANGELIUM
2155 393 2555 459 MATTILEI.
2605 430 2682 442 —
2752 398 2916 462 CAP.
2982 401 3144 466 XVI.

3638 399 3754 468 318

338 530 539 610 ἄρτους
589 532 699 586 τῶν
784 523 1258 608 πεντακισχιλίων,
1340 526 1429 583 καὶ
1481 524 1677 590 πόσους
1762 523 2002 604 κοφίνους

2092 519 2442 609 intelligitis,
2478 546 2675 611 neque
2733 533 3022 594 memoria
3054 532 3269 596 tenetis
3300 534 3566 616 quinque
3616 534 3754 596 illos

340 615 620 695 lla’zﬁcu;
679 613 795 675 οὖδέ
865 615 989 681 τοὺς
1045 616 1182 674 ἑπτὰ
1248 615 1439 695 ἃρτους
1501 614 1608 672 rth
1657 633 2013 694 τετρακισχι-

341 708 506 784 λίων,
577 708 668 766 καὶ
736 707 909 772 πόσας
963 704 1214 785 σπυρίδας
1285 702 1503 762 ιλάϐετε
1532 724 1548 786 ς
1582 708 1703 768 Πῶς
1736 705 1795 777 οὔ
1839 715 2013 760 νοεῖτε

343 798 434 857 ὅτι
491 799 552 856 οὗ
607 797 728 878 περὶ
784 795 941 877 ἄρτου
1010 800 1167 854 εἷπον
1225 797 1379 874 ὑμῖν,
1431 794 1733 875 Προσέχετε
1762 793 1867 849 ὰπὸ
1916 792 2013 859 τῆς

342 890 525 966 ζύμης
577 888 687 945 τῶν
741 886 1045 967 Φαρισαίων
1097 885 1186 942 καὶ
1217 882 1584 941 Σαδδουκαίων
1635 882 1812 959 ςτότε
1845 886 2012 949 συνῆ-

346 1002 454 1037 καν
509 977 591 1037 ὅτι
660 980 759 1037 οῦκ
816 976 943 1034 ε’ίπε
1000 973 1289 1055 προσέχειν
1318 974 1426 1030 ἀπὸ
1454 979 1557 1041 τῆς
1588 974 1758 1049 ζύμης
1788 979 1884 1029 τοῦ
1913 968 2010 1049 ἅρ-

351 1091 477 1142 του,
533 1066 667 1125 ἄλλα
719 1067 825 1123 ἀπὸ
851 1065 949 1135 τῆς
992 1062 1221 1145 διδαχῆς
1262 1069 1368 1121 τῶν
1400 1064 1700 1143 Φαρισαίων
1728 1063 1818 1119 καὶ
1866 1058 2011 1118 Σαδ-

360 1158 638 1221 δουκαίων.
695 1155 976 1231 Ἐνόμιζον
1008 1153 1087 1211 ὅτι
1129 1163 1285 1215 τοῦτο
1340 1152 1519 1232 ἔλεγεν
1562 1157 1767 1220 αὐτοῖς,
1801 1153 1863 1209 τὸ
1907 1175 2010 1231 φυ-

359 1248 637 1307 λάττεσθαι
708 1247 800 1304 τὸν
856 1246 918 1303 ὲκ
986 1251 1091 1302 τῶν
1148 1242 1455 1301 Ἰουδαϊκῶν
1494 1244 1791 1323 βρωμάτων
1833 1239 2004 1317 μολυ-

355 1340 517 1416 σμὸν,
589 1335 668 1397 διό
724 1337 814 1395 καὶ
868 1334 1219 1413 διελογίζοντο
1290 1333 1370 1390 ὅτι
1431 1330 1616 1415 ἄρτους
1645 1336 1742 1391 οὒκ
1789 1329 2000 1390 ἔλαϐον·

350 1425 590 1501 ὀνειδίζει
648 1427 738 1485 οὖν
784 1427 967 1489 αὐτοῖς
1023 1426 1099 1491 ὡς
1148 1425 1397 1495 ἀνοήτοις
1467 1427 1554 1483 καὶ
1618 1423 2003 1503 ὀλιγοπίστοις.

351 1514 486 1578 Καθ’
543 1515 573 1574 δ
628 1517 726 1591 μὲν
785 1516 884 1595 γὰρ
942 1514 1036 1573 οὒκ
1078 1514 1420 1590 ἐμνήσθησαν
1462 1516 1649 1579 πόσοις
1680 1512 1855 1594 ἄρτοις
1895 1512 2001 1569 πό-

349 1628 478 1672 σους
535 1605 775 1682 ἔθρεψεν,
834 1604 1076 1672 ἀνόητον
1121 1605 1241 1661 καθ’
1286 1602 1315 1660 ὅ
1344 1601 1399 1661 δὲ
1425 1604 1750 1684 ἠπίστησαν,
1786 1604 1866 1661 ὃτι
1909 1601 2009 1659 κάν

354 1698 435 1774 μὴ
492 1696 766 1775 ἠγόρασαν
849 1694 1036 1773 ἄρτους
1102 1692 1155 1760 ἐξ
1240 1689 1525 1772 Ἰουδαίων,
1579 1692 1804 1763 ἠδύνατο
1862 1715 2006 1769 παρ-

2096 629 2302 705 panes,
2328 634 2462 678 cum
2496 617 2770 682 homines
2796 629 2994 683 essent
3025 622 3289 705 quinque
3317 623 3591 698 millia,et
3610 631 3754 705 quot

2095 703 2385 783 cophinos
2413 709 2820 772 sustuleritis‘.’
2850 703 3059 793 neque,
3091 703 3318 794 septem
3356 713 3492 776 illos
3543 703 3749 796 panes,

2097 810 2229 891 cum
2258 806 2455 891 essent
2484 807 2739 891 quatuor
2764 800 3039 882 millia,et
3063 810 3209 883 quot
3233 811 3469 885 sportas
3495 822 3750 884 accepe-

2096 881 2228 971 ritis
2257 885 2287 945 ?
2328 886 2441 958 Qui
2472 887 2534 948 ﬁt
2585 898 2647 950 ut
2679 908 2795 949 non
2828 881 3179 969 intelligatis
3211 881 3305 952 me
3337 892 3564 953 nonde
3598 881 3751 971 pane

2095 969 2315 1036 dixisse
2340 975 2503 1037 vobis
2520 976 2758 1058 illud,ut
2782 981 3066 1040 caveretis
3086 979 3511 1042 a84fermento
3530 969 3747 1044 Phari-

2094 1078 2348 1125 saeorum
2380 1064 3110 1131 etSadducaaornm?Tunc
3138 1069 3748 1151 intellexerunt,quod

2096 1153 2499 1241 nonjussisset
2516 1173 2773 1220 caverea
2788 1157 3082 1221 fermento
3096 1160 3397 1241 panis,sed
3421 1179 3454 1221 a
3476 1158 3747 1221 doctrina

2090 1239 2526 1308 Pharisaeorum
2545 1246 3072 1310 etSadduczeorum
3085 1239 3573 1311 .‘nExistimabant
3592 1248 3750 1329 quod

2090 1329 2204 1392 hoc
2227 1332 2452 1398 diceret
2474 1334 2691 1411 illis,ut
2711 1336 3079 1399 custodirent
3102 1357 3165 1399 se
3189 1356 3264 1399 ne
3287 1337 3750 1417 coinquinaren—

2093 1426 2187 1481 tur
2214 1440 2248 1483 a
2277 1424 2428 1485 cibis
2450 1424 2736 1501 Judaicis,
2787 1425 3042 1507 ideoque
3075 1425 3475 1508 loquebantur
3502 1426 3656 1486 inter
3686 1442 3751 1486 se

2091 1512 2248 1593 quod
2282 1532 2465 1594 panes
2496 1534 2615 1577 non
2643 1517 3038 1597 accepissent.
3065 1516 3393 1597 Exprobrat
3419 1515 3597 1595 igitur
3628 1514 3747 1577 illis

2090 1602 2248 1683 quod
2271 1612 2389 1665 tam
2423 1603 2646 1686 stupidi
2671 1612 2728 1667 et
2758 1611 2872 1666 tam
2895 1624 3087 1686 parvae
3110 1605 3249 1669 ﬁdei
3283 1605 3741 1684 essentzimpru-

2090 1693 2301 1755 dentes
2323 1694 2483 1755 enim
2509 1703 2679 1757 erant
2700 1704 2757 1756 et
2785 1695 3030 1777 stupidi,
3066 1696 3222 1777 quod
3256 1715 3376 1757 non
3408 1694 3747 1774 cogitabant

354 1798 580 1865 αγαγετν
638 1785 821 1864 αὐτὸς,
880 1784 1015 1840 κατὰ
1045 1790 1200 1840 τοῦτο
1231 1781 1586 1861 ὀλιγόπιστοι·
1620 1786 1694 1849 ὡς
1724 1780 1779 1839 δὲ
1825 1783 2002 1839 ἰπετί-

2092 1800 2268 1863 quam
2290 1784 2495 1864 paucis
2519 1783 2775 1863 panibus
2794 1786 3012 1847 multos
3037 1804 3216 1866 supra
3238 1784 3742 1864 aluisset;etquod

352 1897 527 1952 μησεν
584 1874 773 1938 αὔτοτς
827 1870 1195 1954 σφοδρότερον,
1234 1876 1293 1932 οὗ
1320 1875 1421 1953 γὰρ
1451 1880 1732 1954 πανταχοῦ
1762 1875 1796 1941 ἠ
1830 1873 2002 1951 πραό-

2092 1891 2296 1953 pauca:
2324 1873 2653 1954 ﬁdei,quod
2686 1875 2827 1955 quia
2851 1891 2965 1936 non
2990 1883 3263 1938 emerant
3286 1874 3540 1938 aJudaeis
3558 1892 3743 1954 panes

349 1987 453 2033 της
510 1962 703 2044 καλὸν,
771 1962 960 2026 ενόθέως
1020 1966 1254 2023 σκνῆκαν
1288 1961 1369 2019 ὅτι
1398 1963 1568 2039 ζύμην
1598 1963 1694 2031 τὴν
1747 1960 2002 2020 διδασκα-

2088 1962 2426 2026 diﬂiderent
2458 1965 2653 2045 ipsum
2708 1984 2882 2046 posse
2943 1967 3217 2028 alicunde
3247 1966 3544 2046 acquiere.
3579 1964 3650 2025 Et
3680 1972 3745 2025 ut

349 2054 469 2112 λίαν
539 2052 784 2117 ἰκάλεσε.
846 2054 1103 2111 Σοσονῖτον
1150 2053 1326 2133 ἰσχύει
1383 2060 1664 2132 πανταχοῦ
1719 2055 1753 2121 ἡ
1784 2051 2002 2132 εὔλογος

2088 2054 2282 2114 acrius
2315 2072 2417 2115 eos
2453 2054 2795 2133 perstrinxit
2827 2067 2971 2132 (non
3032 2057 3190 2118 enim
3226 2055 3448 2136 ubique
3473 2057 3626 2115 bona
3653 2060 3742 2114 est

349 2145 661 2220 ἆπιτίμησις
671 2192 685 2208 ,
1313 2139 1317 2143 ’

2090 2145 2734 2221 ιηδηδιιθιυιιυ),εῑειιὶιη
2754 2145 3174 2207 intellexerunt
3198 2146 3354 2226 quod
3383 2145 3739 2205 fermentum

2083 2233 2411 2295 doctrinam
2447 2234 3003 2298 vocasset.Tantum
3040 2236 3259 2317 ubique
3292 2235 3446 2295 valet
3475 2237 3735 2295 rationa~

2083 2321 2219 2385 bilis
2250 2324 2604 2405 increpatio.

2164 2411 2342 2477 Vens.
2374 2416 2471 2476 13.
2503 2439 2524 2470 «
2563 2413 2706 2477 Cum
2743 2413 3209 2477 venissetautem
3241 2413 3419 2477 Jesus
3448 2414 3506 2474 in
3541 2423 3735 2494 partes

358 2507 651 2581 Φιλίππου,
724 2506 907 2586 ὖρώτα
955 2509 1076 2571 τοὺς
1149 2506 1393 2582 μαθητὰς
1426 2508 1603 2579 αιῦτοῦ,
1639 2505 1830 2585 λέγων·
1875 2508 2001 2564 Τίνα

2088 2504 2369 2565 Caesarea:
2404 2503 2686 2584 Philippi,
2744 2504 3147 2583 interrogabat
3177 2504 3506 2585 discipulos
3564 2520 3731 2583 suos,

349 2620 415 2676 με
485 2597 730 2678 λέγουσιν
804 2598 851 2653 οἱ
904 2593 1162 2674 ἅνθρωποι
1193 2597 1357 2665 εἶναι,
1394 2598 1485 2653 τὸν
1522 2599 1642 2652 Υἱὸν
1673 2603 1765 2654 τοῦ
1794 2595 1997 2673 ἀνθρώ-

2088 2592 2288 2655 dicens
2323 2616 2335 2652 :
2373 2593 2559 2667 Quem
2617 2590 2711 2656 me
2745 2594 2951 2656 dicunt
3008 2596 3281 2656 homines
3326 2613 3481 2673 esse,
3517 2593 3735 2656 Filium

343 2709 493 2765 που;
565 2676 609 2745 ⁷ι
671 2687 947 2762 Ἐμνήσθη
992 2688 1084 2743 τοῦ
1136 2686 1412 2767 κτίσαντος
1445 2686 1543 2752 τὴν
1574 2684 1751 2760 πόλιν,
1814 2683 1997 2755 ἐπειδή

2088 2683 2339 2744 hominis
2372 2684 2396 2746 ἲ
2430 2709 2457 2739 »
2495 2684 2757 2746 Meminit
2806 2686 2936 2766 ejus
2967 2686 3066 2765 qui
3103 2685 3395 2747 civitatem
3446 2684 3732 2758 condidit,
3770 2676 3777 2683 ’

345 2782 459 2838 ἔστι
513 2779 602 2836 καὶ
672 2775 812 2843 ἄλλη
874 2777 1183 2854 Καισάρεια,
1225 2778 1259 2843 ἡ
1294 2774 1626 2855 Στράτωνος,
1676 2776 1763 2831 καὶ
1820 2774 1915 2831 οὒκ
1944 2774 1998 2830 ἐν

2088 2775 2221 2853 quia
2252 2781 2339 2833 est
2393 2782 2452 2834 et
2481 2774 2596 2835 alia
2624 2777 2896 2836 Caesarea
2928 2775 3241 2854 Stratonis,
3274 2785 3330 2836 et
3365 2794 3481 2835 non
3513 2774 3572 2834 in
3608 2773 3731 2849 illa,

346 2871 553 2945 ἱκείνῃ,
607 2864 724 2924 ἀλλ’
782 2866 835 2922 ὲν
892 2866 1059 2943 ταύτῃ
1134 2865 1320 2930 αὖτοὺς
1391 2864 1581 2944 ἐρωτᾷ.
1645 2862 1829 2942 Πόῤῥω
1899 2866 1998 2944 γὰρ

2088 2863 2187 2924 sed
2223 2865 2281 2926 in
2316 2865 2422 2925 hac
2452 2864 2588 2927 illos
2613 2864 2956 2943 interrogat.
2993 2864 3202 2927 Procul
3237 2864 3393 2925 enim
3429 2882 3462 2924 a
3519 2863 3735 2943 .ludaeis

353 2963 463 3015 τῶν
531 2954 787 3017 Ἰουδαίων
838 2954 1032 3033 ἀπάγει
1091 2956 1212 3018 τοὺς
1269 2955 1537 3029 μαθητὰς,
1570 2955 1644 3018 ὡς
1674 2952 1737 3009 ἄν
1793 2952 1996 3030 μηδένα

2088 2952 2322 3015 abducit
2350 2952 2699 3035 discipulos,
2733 2962 2797 3014 nt
2828 2953 3052 3015 nullum
3089 2954 3368 3016 timentes
3425 2952 3615 3014 libere
3668 2970 3737 3014 ac

354 3045 692 3129 φοϐοόμενοι,
755 3045 886 3121 μετᾶ
931 3043 1226 3123 παῤῥησίας
1282 3041 1504 3107 εἴπωσι,
1553 3050 1767 3123 Πρῶτον
1813 3041 1867 3100 δί
1896 3045 1996 3110 τὴν

2088 3042 2338 3135 fidenter
2366 3042 2865 3105 dicant.Primum
2896 3052 3092 3105 autem
3129 3050 3507 3135 percontatur
3530 3040 3734 3103 multi-

351 3145 445 3195 τοῦ
514 3137 741 3207 πλήθους
810 3136 980 3216 ἐρωτᾷ
1010 3133 1307 3210 ὑπόληψιν,
1359 3135 1451 3190 ’ἶνα
1514 3136 1589 3198 εἷς
1655 3133 1865 3210 μείζονα
1896 3133 1995 3189 ἆν-

2088 3131 2303 3193 tudinis
2333 3133 2701 3213 opinionem,
2726 3140 2789 3192 ut
2811 3135 2884 3194 ad
2919 3132 3331 3194 sublimiorem
3364 3130 3739 3193 adducantur

345 3232 635 3309 ενεχθῶσιν
693 3226 917 3301 ἔννοιαν,
962 3226 1049 3282 καὶ
1082 3225 1160 3300 μὴ
1190 3224 1263 3287 εἷς
1296 3224 1397 3291 τὴν
1427 3224 1592 3292 αὐτὴν
1637 3223 1998 3289 τάπεινότητα

2088 3221 2596 3300 cogitationem,et
2626 3240 2701 3282 ne
2733 3222 2790 3281 in
2818 3221 3115 3296 eamdem,
3142 3222 3200 3283 in
3224 3241 3400 3304 quam
3437 3220 3730 3301 plerique,

341 3307 469 3382 τοῖς
507 3314 734 3383 πολλοῖς
784 3316 1040 3373 πέσωσιν·
1107 3314 1205 3372 οὒκ
1233 3314 1404 3393 ἐρωτᾷ
1446 3312 1519 3388 δὲ,
1559 3314 1684 3372 Τίνα
1715 3335 1782 3389 με
1812 3311 1996 3390 λέγου-

2088 3311 2295 3372 cadant
2321 3308 2879 3374 humilitatem.Non
2912 3311 3241 3390 interrogat
3289 3319 3515 3372 autem.
3543 3307 3732 3380 Qnem

343 3429 426 3466 σιν
450 3410 497 3464 οἱ
526 3413 813 3486 Φαρισαῖοι
849 3425 865 3486 ς
900 3401 1043 3475 ἀλλ’,
1094 3405 1154 3462 Οἱ
1204 3402 1491 3482 ἄνθρωποι,
1526 3405 1644 3483 περὶ
1686 3413 1779 3462 τοῦ
1808 3400 1998 3459 ἀδόλου

2088 3419 2178 3462 me
2212 3400 2419 3462 dicunt
2473 3399 2790 3465 Pharisaei?
2836 3400 2966 3474 sed,
2997 3401 3279 3463 Homines
3314 3421 3327 3461 :
3371 3403 3448 3462 de
3479 3398 3733 3479 simplici

338 3497 573 3567 πλήθους
604 3493 803 3574 λέγων.

2088 3489 2466 3554 multitudine
2497 3489 2730 3553 dicens.

425 3612 455 3645 α
486 3592 547 3647 Ol
601 3586 655 3644 δὲ
711 3587 892 3644 εἷπονο
954 3591 1014 3646 Οἱ
1070 3588 1167 3663 μὲν
1225 3587 1479 3655 Ἰωάννην
1534 3589 1626 3642 τὸν
1657 3585 1992 3653 Βαπτιστὴνν

2161 3577 2339 3642 Vens.
2380 3580 2478 3642 14.
2521 3603 2541 3635 ι
2580 3577 2671 3640 Illi
2716 3596 2856 3641 vero
2920 3577 3247 3642 dicebant:
3301 3578 3422 3641 Alii
3491 3579 3732 3660 quidem

340 3681 491 3739 ἄλλοι
548 3678 603 3736 δὲ
686 3678 893 3737 Ἠλίαν·
975 3678 1143 3757 ἕτεροι
1220 3677 1275 3736 δὲ
1326 3669 1603 3758 Ἰερεμίαν,
1655 3675 1690 3745 ἤ
1746 3676 1837 3735 ἕνα
1890 3680 1996 3734 τῶν

2088 3667 2370 3732 Joannem
2431 3669 2781 3751 Baptistam,
2841 3668 2940 3731 alii
2985 3687 3124 3732 vero
3155 3670 3372 3751 Eliam,
3405 3669 3505 3733 alii
3536 3677 3735 3731 autem

340 3769 650 3852 προφητῶν.
720 3787 749 3827 ι
806 3772 866 3828 Οἱ
916 3771 1016 3846 μὲν
1074 3767 1329 3837 Ἰωάννην
1383 3770 1539 3825 αὐτὸν
1618 3768 1985 3847 ὀνομάζοντες,

2088 3758 2578 3835 Hieremiam,aut
2608 3779 2789 3821 unum
2824 3778 2894 3821 ex
2927 3760 3295 3840 prophetis.»
3331 3759 3735 3833 Quiloannem

337 3847 472 3926 ἦσαν
519 3861 592 3921 ὡς
649 3860 677 3913 6
731 3854 1000 3937 Ἠρώδης,
1063 3861 1363 3934 νομίζοντες
1421 3858 1512 3913 τὸν
1571 3856 1824 3923 Ἰωάννην
1856 3857 1990 3931 μετὰ

2088 3849 2243 3912 llum
2309 3850 2716 3925 nominabant,
2772 3864 3049 3912 erantex
3079 3850 3172 3912 his
3211 3850 3314 3931 qui
3338 3868 3470 3912 cum
3498 3847 3737 3911 Herode

337 3949 439 4016 τὴν
489 3947 773 4003 ἀνάστασιν
831 3948 917 4003 καὶ
948 3957 1102 4006 τοῦτο
1159 3950 1221 4004 τὸ
1254 3950 1497 4027 χάρισμα
1529 3944 1737 4021 λαϐεῖν,
1777 3948 1839 4002 τὸ
1890 3952 1988 4014 τῆς

2088 3938 2362 4019 putabant
2441 3939 2735 4003 Joannem
2808 3950 2940 4021 post
2984 3939 3496 4003 resurrectionem
3556 3939 3734 4002 etiam

335 4038 777 4115 θαυματουργίας⁹
852 4037 899 4094 οἱ
962 4034 1017 4093 δὲ
1075 4036 1283 4112 Ἠλίαν,
1344 4035 1427 4093 διὰ
1511 4039 1571 4093 τὸ
1657 4035 1985 4115 ἐλεγκτικὸν,

2088 4028 2298 4091 lonum
2367 4032 2673 4110 accepisse
2704 4029 2997 4111 operandi
3033 4030 3336 4093 miracula.
3373 4028 3485 4102 Qui
3534 4039 3735 4091 autem

332 4128 423 4184 καὶ
474 4124 559 4182 διὰ
613 4127 676 4183 τὸ
734 4123 1117 4205 προσδοκᾶσθαι
1173 4123 1255 4182 ὅτι
1314 4125 1614 4183 ἐλεύσεταυ
1663 4127 1710 4182 οἱ
1740 4123 1792 4181 δὲ
1832 4115 1993 4204 Ἰερε-

2088 4118 2658 4195 Eliam,movebantu
2674 4140 2786 4182 rex
2813 4140 2882 4182 eo
2908 4120 3062 4202 quod
3085 4121 3304 4182 acriter
3322 4118 3737 4201 reprehende-

335 4216 488 4292 μίαν,
542 4212 628 4271 διὰ
681 4215 743 4272 τὸ
801 4214 1053 4289 αὐτοφυὲς
1111 4221 1209 4282 τῆς
1266 4215 1448 4295 σοφίας
1508 4216 1596 4272 καὶ
1648 4213 1770 4275 ἄνευ
1819 4216 1993 4290 μαθή-

2088 4208 2182 4271 bat
2215 4217 2274 4272 et
2307 4209 2757 4291 exspectabant,
2789 4212 2946 4292 quod
2984 4210 3349 4283 veniret.Qui
3380 4210 3739 4271 verolliere-

333 4323 492 4369 σεως’
555 4306 584 4361 6
624 4305 724 4385 γὰρ
784 4302 1062 4386 Ἱερεμίας,
1120 4318 1252 4368 ’.ταῖς
1351 4303 1425 4362 ὥν
1508 4307 1581 4368 είς
1667 4304 1998 4385 προφητείαν

2092 4300 2414 4381 miam,hoc
2448 4299 2913 4381 dicebant,quod
2938 4301 3118 4362 simili
3140 4300 3431 4382 sapientia
3459 4299 3739 4380 praeditus

332 4367 561 4474 ὶτάχθη,
637 4367 649 4383 ’
696 4367 708 4385 ’
853 4367 864 4383 ’
914 4367 924 4380 ’
1709 4367 1719 4382 ’
1788 4367 1798 4385 ⁸
1837 4367 1848 4372 -
2031 4367 2485 4471 θθδεοῑ,’ριιειιη
2520 4408 2552 4451 a
2580 4367 2745 4451 nullo
2776 4367 3101 4453 didicerat.
3138 4367 3373 4452 Etenim
3405 4367 3738 4451 Hieremias

2087 4499 2221 4542 cum
2257 4499 2405 4562 puer
2435 4489 2612 4555 esset,
2646 4480 2706 4541 in
2741 4480 3088 4561 prophetam
3121 4485 3467 4558 assumptus
3514 4489 3625 4539 est.

438 2440 465 2474 α
497 2415 698 2476 Ἐλθὼν
756 2414 813 2472 δὲ
855 2418 884 2474 6
926 2415 1133 2483 Ἰησοῦς
1164 2419 1238 2481 εἰς
1282 2417 1347 2473 τὰ
1375 2416 1510 2494 μέρη
1560 2416 1872 2495 Καισαρείας
1904 2421 2001 2482 της

420 4589 449 4628 α
508 4571 665 4650 Λέγει
722 4572 932 4636 αὐτοῖς’
997 4563 1182 4647 Τμετς
1216 4571 1270 4629 δὲ
1325 4574 1439 4630 τίνα
1474 4594 1542 4649 με
1591 4572 1775 4650 λέγετε
1807 4572 1997 4651 εἶναι,

334 4659 659 4741 Ἀποκριθεὶς
717 4658 770 4717 δὲ
829 4662 1012 4737 Σίμων
1070 4661 1290 4742 Πέτρος,
1325 4663 1473 4719 εἷπε*
1512 4663 1587 4720 Σὺ
1618 4663 1673 4720 εἴ
1720 4665 1748 4718 6
1777 4662 1999 4741 Χριστὸς

332 4753 361 4808 6
421 4753 539 4816 Υἱὸς
596 4759 707 4811 τοῦ.
751 4757 884 4807 Θεοῦ
911 4757 1006 4807 τοῦ
1032 4757 1254 4823 ζῶντος.
1294 4774 1322 4807 ι
1363 4754 1462 4810 Καὶ
1492 4751 1652 4809 πάλιν
1686 4755 1760 4818 ὡς
1808 4751 2003 4831 θερμὸς

329 4843 359 4898 6
416 4840 613 4919 Πέτρος
666 4836 938 4920 προπηδᾷ,
1012 4842 1100 4899 καὶ
1151 4841 1413 4921 ὁμολογεῖ
1469 4841 1684 4910 ἀληθῶς
1716 4843 1873 4901 αὐτὸν
1907 4841 1999 4896 εῖ-

331 4948 413 4985 ναι
475 4930 568 4986 τὸν
628 4930 761 4986 ι’ὑὸν
816 4937 908 4986 τοῦ
966 4936 1121 4992 Θεοῦ,
1182 4933 1253 4989 05
1284 4933 1384 5012 γὰρ
1421 4932 1573 5013 εἷπε,
1607 4934 1680 4989 Σὺ
1711 4932 1766 4989 εί
1799 4935 1826 4988 6
1858 4939 1992 5009 Χρι-

332 5019 457 5085 στὸς
517 5020 635 5081 Υἱὸς
683 5026 777 5077 τοῦ
847 5026 1001 5098 Θεοῦ,
1034 5022 1204 5099 χωρὶς
1236 5029 1327 5079 τοῦ
1358 5025 1386 5079 6
1436 5024 1645 5103 ἄρθρου,
1679 5021 1817 5078 ἀλλὰ
1862 5021 1996 5096 μετὰ

330 5111 424 5165 τοῦ
490 5107 698 5190 ἄρθρου,
757 5110 789 5165 ὑ
848 5110 994 5182 nec,
1061 5111 1351 5192 τουτέστιν,
1381 5115 1538 5176 αὐτὸς
1580 5115 1790 5176 ὶκεϊνος
1822 5114 1850 5169 6
1909 5111 1996 5174 εἷς

332 5197 420 5254 καὶ
475 5199 660 5274 μόνος,
723 5199 783 5256 οὗ
839 5196 1022 5280 χάριτι
1084 5202 1226 5277 Υἱὸς,
1288 5199 1408 5259 ἀλλ’
1439 5205 1466 5260 ὁ
1492 5202 1545 5270 ἐξ
1574 5203 1735 5270 αὒτῆς
1766 5207 1864 5269 τῆς
1898 5202 1990 5258 οὒ-

332 5288 447 5351 σὶας
490 5296 586 5346 τοῦ
640 5288 846 5368 Πατρὸς
906 5290 1203 5367 γεννηθεὶς,
1236 5290 1350 5350 ἐπεὶ
1380 5293 1466 5350 καὶ
1527 5293 1740 5371 Χριστοὶ
1799 5288 1993 5348 πολλοί

330 5374 494 5457 ἦσαν,
554 5378 601 5433 οἱ
630 5378 793 5457 ἱερεῖς
823 5377 1018 5442 πάντες
1047 5378 1138 5435 καὶ
1168 5380 1215 5436 οἱ
1249 5380 1514 5457 βασιλεῖς,
1549 5378 1669 5438 ἀλλ’
1695 5383 1723 5439 6
1770 5381 1996 5459 Χριστὸς

331 5465 466 5530 μετὰ
495 5464 590 5524 τοῦ
615 5463 829 5547 ἄρθρου,
860 5466 948 5533 εἷς
973 5464 1140 5532 ἔστιν,

415 5577 443 5613 ι
477 5556 578 5615 Καὶ
628 5554 927 5634 ἀποκριθεὶς
988 5559 1016 5614 6
1049 5556 1280 5641 Ἰησοῦς,
1311 5560 1470 5618 εἶπεν
1516 5562 1677 5636 αὐτῷ’
1721 5561 1990 5639 Μακάριος

331 5644 409 5728 εἴ,
481 5646 665 5723 Σίμων
722 5647 826 5726 ea?
892 5644 1070 5728 Ἰωνᾶ,
1119 5647 1202 5705 δτι
1234 5647 1359 5726 σὰρξ
1388 5650 1478 5707 καὶ
1504 5652 1645 5727 αἷμα
1670 5652 1765 5708 οὔκ
1794 5651 1993 5707 ἀπεκέ-

2167 4570 2349 4632 Vsns.
2381 4569 2478 4650 15,
2516 4572 2605 4632 16.
2655 4591 2680 4629 ε
2714 4568 2868 4631 Dicit
2896 4569 3034 4632 illis:
3071 4569 3188 4631 Vos
3205 4578 3397 4631 autem
3431 4588 3606 4651 quem
3642 4585 3738 4630 me

2088 4660 2284 4723 dicitis
2316 4679 2447 4723 esse
2479 4667 2505 4723 ?
2537 4659 2942 4740 Respondens
3000 4669 3198 4720 autem
3260 4657 3466 4720 Simon
3529 4660 3738 4720 Petrus

2088 4751 2235 4811 dixit
2267 4769 2280 4813 :
2340 4749 2428 4812 Tu
2461 4769 2524 4812 es
2553 4751 2827 4813 Christus
2868 4750 2971 4811 ille
3020 4750 3203 4834 Filius
3234 4750 3339 4812 Dei
3377 4749 3650 4811 viventis.
3705 4769 3734 4807 ι

2086 4839 2306 4904 lterum
2339 4853 2404 4903 ut
2432 4840 2752 4902 ferventior
2778 4843 2991 4903 Petrus
3024 4839 3272 4920 prosilit,
3295 4848 3351 4900 et
3383 4857 3523 4900 vere
3556 4838 3740 4900 conﬁ-

2080 4938 2241 4991 tetur
2263 4928 2455 5011 ipsum
2491 4948 2622 4991 esse
2644 4928 2856 4991 Filium
2891 4929 3157 4992 DeiNon
3191 4929 3350 4991 enim
3384 4927 3652 5003 dixit,Tu
3677 4938 3761 4990 es'

2079 5019 2359 5081 Christus
2408 5020 2593 5082 Filius
2657 5018 2783 5093 Dei,
2828 5018 3054 5098 absque
3111 5017 3386 5098 articulo,
3447 5016 3550 5077 sed
3604 5018 3777 5077 cum‘

2081 5109 2355 5190 articulo,
2385 5109 2490 5171 ille
2512 5108 2739 5183 Filius,
2770 5109 2881 5170 hoc
2908 5117 3020 5188 est,
3049 5108 3148 5169 ille
3169 5107 3322 5188 ipse,
3355 5106 3455 5188 qui
3488 5106 3649 5167 solos
3683 5113 3741 5166 et

2083 5199 2295 5261 unicus
2331 5221 2343 5263 :
2383 5219 2501 5260 non
2562 5199 2745 5278 gratia
2774 5197 2982 5277 Filius,
3016 5197 3118 5260 sed
3152 5197 3253 5278 qui
3285 5217 3352 5258 ex
3387 5197 3513 5276 ipsa
3551 5195 3740 5259 Patris

2080 5288 2411 5350 substantia
2443 5289 2678 5366 genitus
2714 5308 2726 5349 :
2781 5292 2920 5368 quia
2939 5298 3018 5349 ‘et
3052 5288 3217 5348 multi
3270 5286 3488 5348 Christi
3544 5294 3765 5367 erant,‘

2081 5378 2424 5442 sacerdotes
2454 5392 2508 5441 et
2545 5396 2717 5457 reges
2734 5396 2964 5449 omnes,
2997 5378 3098 5438 sed
3132 5377 3401 5440 Christus
3426 5395 3559 5438 cum
3588 5377 3737 5437 arti-

2081 5468 2215 5530 culo
2248 5486 2402 5528 tmus
2435 5477 2544 5529 est.

2165 5556 2343 5620 Vens.
2383 5559 2480 5621 l7.
2520 5582 2547 5614 α
2603 5557 2673 5620 Et
2707 5558 3082 5639 respondens
3139 5556 3338 5632 Jesus,
3402 5557 3550 5620 dixit
3599 5557 3683 5619 illi
3722 5578 3735 5619 :

2078 5648 2294 5710 Beatus
2326 5647 3069 5729 cs,SimonBarJona.quia
3093 5665 3231 5711 caro
3265 5657 3321 5712 et
3342 5646 3584 5725 sanguis
3616 5656 3761 5707 non‘

330 5726 461 5809 λυψὲ
530 5753 639 5814 σοι,
714 5729 835 5790 ἀλλ’
865 5735 894 5792 6
952 5726 1134 5815 Πατὴρ
1187 5758 1287 5811 μου
1318 5740 1345 5794 6
1400 5737 1456 5794 ἂν
1485 5726 1603 5804 τοῖς
1655 5739 1918 5820 οὖρανοϊς.
1960 5762 1988 5797 ι

2088 5736 2506 5814 revelavittibi,
2542 5737 2644 5800 sed
2680 5739 2855 5801 Pater
2888 5726 3057 5800 meus
3094 5737 3200 5818 qui
3233 5745 3322 5800 est
3370 5739 3430 5797 in
3480 5734 3671 5798 caelis.
3711 5759 3734 5789 υ
