4204 6428
488 284 604 349 3ἳ3

1465 278 2054 351 THEOPAYLACTI
2099 283 2504 350 BULGARIE
2549 282 2908 351 ARCHIEP.

3765 280 3881 347 324
3946 230 3949 233 ’

478 420 680 495 gratia,
718 439 792 482 ne
820 423 1035 484 habeat
1083 424 1571 503 communionem
1625 421 1941 502 quamdam
1998 438 2123 481 cum

2217 419 2514 497 προθέσεως
2577 422 2873 496 σημαίνων.
2929 429 3082 496 Οῒον,
3117 423 3195 498 μὴ
3234 421 3413 503 ἐχέτω
3438 443 3492 478 τι
3522 420 3701 480 κοινὸν
3744 418 3879 497 πρὸς

479 530 752 591 corpore,
769 515 870 575 sed
887 524 1227 576 contemnat
1243 514 1692 594 seipsumzsicut
1710 514 2133 576 consuevimus

481 600 684 663 dicere
715 604 871 682 quod
906 605 1037 683 quis
1072 604 1413 684 quempiam
1440 604 1690 683 negarit,
1727 604 1838 663 hoc
1865 613 1974 677 est,
2014 622 2130 664 non

481 690 661 751 habet
691 710 823 751 eum
860 712 964 773 pro
998 694 1189 753 amico
1222 692 1309 753 vel
1372 702 1533 755 noto.
1584 693 1682 755 Sic
1714 694 1891 772 igitur
1920 712 2131 754 omnes

479 778 651 839 docet
678 780 899 841 nullam
935 801 1067 841 cum
1102 800 1355 862 corpore
1378 781 1598 842 habere
1617 782 2126 856 communionem,

479 868 533 928 id
569 881 678 943 est,
714 870 1148 945 amicitiam,ita
1178 882 1237 932 ut
1269 880 1323 933 et
1355 891 1590 934 crucem
1627 872 1854 945 tollant,
1882 874 1992 933 hoc
2017 880 2127 945 est,

480 968 731 1020 mortem
828 960 1067 1039 eligant,
1132 973 1189 1023 et
1221 981 1355 1023 cum
1392 963 1587 1023 studio
1622 962 1919 1041 inquirant
1953 965 2127 1023 etiam

479 1057 731 1110 mortem
768 1050 1425 1129 ignominiosissimam,
1466 1052 1553 1111 87
1578 1053 1771 1130 qualis
1803 1071 1943 1113 crux
1974 1053 2130 1133 apud

472 1146 702 1201 veteres
732 1138 1091 1214 fuit.Sed,Et
1120 1151 1401 1222 sequatur
1426 1143 1936 1221 me,inquit.Multi
1968 1144 2127 1204 enim

473 1228 900 1307 cruciﬁguntur
928 1230 1190 1291 latrones
1226 1240 1281 1292 et
1312 1231 1497 1312 fures,
1530 1241 1587 1292 at
1618 1232 1703 1293 illi
1732 1252 1851 1293 non
1883 1232 2124 1293 suntdi-

471 1316 687 1397 scipuli
720 1317 1167 1401 mei.Sequatur
1196 1321 1516 1399 igitur,hoc
1541 1332 1651 1401 est,
1681 1341 1917 1383 omnem
1950 1322 2122 1383 aliam

472 1408 745 1469 virtutem
782 1427 902 1488 prie
945 1427 1008 1470 se
1033 1410 1204 1472 ferat.
1241 1410 1509 1489 Abnegat
1547 1421 1740 1473 autem
1776 1412 2036 1491 seipsum
2071 1420 2128 1475 et

470 1496 571 1575 qui
602 1497 731 1557 heri
763 1497 1007 1578 quidem
1040 1498 1476 1578 intemperatus
1507 1509 1654 1574 erat,
1690 1501 1869 1561 hodie
1924 1510 2122 1561 autem

468 1593 664 1646 castus
695 1594 752 1647 et
781 1586 1041 1649 sobrius.
1077 1586 1235 1649 Talis
1261 1597 1383 1649 erat
1413 1587 1653 1669 Paulus,
1680 1590 1779 1669 qui
1812 1588 2126 1667 abnegavit

468 1677 853 1755 semetipsum
909 1695 1042 1737 cum
1075 1677 1323 1738 diceret:
1367 1700 1388 1733 ιι
1429 1678 1571 1738 Vivo
1603 1687 1799 1739 autem
1835 1697 1952 1739 non
1998 1680 2120 1757 jam
2145 1715 2184 1765 Β

467 1784 599 1844 ego,
634 1767 770 1827 Vivit
800 1775 996 1827 autem
1032 1766 1089 1826 in
1125 1785 1220 1826 me
1251 1767 1521 1830 Christus
1544 1767 1626 1830 26.
1655 1794 1680 1823 »
1712 1767 1890 1828 Tollit
1921 1778 2117 1829 autem

467 1872 734 1936 crucem,
788 1855 886 1936 qui
950 1855 1324 1918 mortiﬁcavit
1387 1868 1444 1919 et
1503 1858 1797 1919 cruciﬁxit
1852 1857 2116 1938 seipsum

466 1944 714 2007 mundo.

544 2035 727 2097 Vens.
762 2036 864 2093 95.
919 2055 945 2093 ι
979 2033 1091 2107 Qui
1137 2035 1295 2096 enim
1330 2037 1581 2098 voluerit
1633 2037 1891 2099 animam
1948 2056 2113 2099 suam
2194 2074 2208 2088 -

463 2140 728 2198 servare,
755 2123 968 2204 perdet
997 2140 1130 2186 eam
1169 2144 1184 2205 ;
1219 2125 1494 2206 quisquis
1528 2136 1725 2188 autem
1790 2125 2116 2207 perdiderit

463 2213 722 2275 animam
781 2232 947 2275 suam
1024 2223 1271 2294 propter
1329 2234 1449 2291 me,
1539 2217 1807 2278 inveniet
1866 2235 2019 2278 eam.
2086 2241 2113 2275 υ

466 2303 553 2364 Ad
579 2303 921 2384 martyrium
954 2302 1299 2366 adhortatur
1347 2323 1489 2368 nos:
1522 2305 1746 2368 invenit
1793 2307 1950 2368 enim
1983 2307 2118 2369 ani-

471 2411 624 2453 mam
658 2393 728 2453 ad
765 2409 1050 2472 praesens,
1104 2394 1215 2454 hoc
1248 2404 1362 2469 est,
1425 2404 1638 2461 servat.
1675 2395 1775 2477 qui
1826 2406 2024 2475 negat,
2058 2405 2121 2460 et

469 2490 671 2561 postea
700 2479 1124 2561 perdit.Perdit
1152 2490 1347 2543 autem
1397 2487 1677 2558 animam,
1713 2486 1816 2547 sed
1880 2496 2123 2567 propter

471 2571 801 2645 Christum,
835 2570 934 2651 qui
971 2571 1043 2632 de
1077 2590 1146 2632 eo
1194 2573 1579 2636 testiﬁcatur:
1613 2575 1715 2656 qui
1743 2584 1800 2636 et
1858 2575 2123 2638 inveniet

477 2680 605 2722 eam
634 2660 693 2720 in
715 2660 1189 2742 incorruptione,
1226 2671 1284 2722 et
1317 2663 1433 2724 vita
1464 2673 1707 2728 aeterna.

552 2748 734 2811 Vsus.
762 2750 860 2829 26,
895 2751 995 2810 Ἦ.
1036 2775 1061 2805 (ι
1097 2749 1250 2822 Quid
1284 2752 1443 2813 enim
1479 2753 1717 2833 prodest
1766 2755 2021 2829 homini,
2068 2756 2121 2817 si

473 2848 654 2899 totum
691 2839 974 2899 mundum
1007 2839 1270 2901 lucratus
1301 2839 1503 2915 fuerit,
1544 2842 1758 2904 anima:
1810 2863 1947 2906 vero
2001 2863 2123 2907 suae

467 2931 756 3008 jacturam
781 2928 987 2989 fecerit
1017 2929 1180 2990 ?Aut
1207 2929 1347 3010 quid
1367 2930 1530 2993 dabit
1559 2932 1762 3008 homo,
1787 2935 1958 3014 cujus
1983 2953 2121 3015 per-

473 3017 800 3079 mutatione
830 3018 1082 3078 redimat
1110 3019 1370 3081 animam
1405 3039 1571 3082 suam
1600 3025 1626 3082 ’ἰ
1678 3024 1977 3085 Venturus
2033 3034 2125 3086 est

2214 510 2275 565 τὸ
2338 512 2514 585 σῶμα,
2568 509 2705 567 ἀλλὰ
2761 513 3154 592 καταφρονείτω
3212 514 3424 581 ἑαυτοῦ,
3459 510 3641 585 ὥσπερ
3684 508 3879 566 εἰώθα-

2215 620 2311 674 μεν
2370 597 2565 677 λέγειν,
2627 591 2683 657 ιΟ
2731 597 2880 657 δεῖνα
2917 591 3027 658 τὸν
3094 598 3244 658 δεῖνα
3287 602 3580 680 ἠρνήσατο,
3611 599 3725 655 ἀντὶ
3763 601 3879 665 τοῦ,

2215 689 2321 745 Οὔκ
2377 686 2493 767 ἔχει
2554 687 2729 769 φίλον,
2788 687 2905 747 οὐδὲ
2964 690 3239 768 γνωστόν.
3273 692 3453 752 Οὒτως
3511 688 3599 746 οὖν
3645 688 3735 744 καὶ
3775 690 3882 748 πᾶς

2213 774 2412 855 ὀφείλει
2476 775 2740 853 μηδεμίαν
2800 777 2975 857 φιλίαν
3040 777 3192 859 ἔχειν
3251 781 3382 857 πρὸς
3424 780 3487 835 τὸ
3510 778 3689 853 σῶμω
3742 774 3880 832 ὥστε

2212 867 2297 925 καὶ
2344 868 2436 922 τὸν
2486 868 2710 947 σταυρὸν
2768 867 2967 949 αἴρειν,
3003 868 3267 937 τουτέστι,
3328 868 3551 925 θάνατον
3594 868 3876 945 αἱρεῖσθαι,

2211 957 2300 1011 καὶ
2369 956 2502 1030 μετᾶ
2560 952 2791 1024 σπουδῆς
2847 954 3134 1029 ὶπιζητετν
3159 959 3247 1015 καὶ
3276 956 3497 1015 θάνατον
3548 961 3640 1014 τὸν
3665 955 3878 1013 ὶπονεί-

2212 1041 2407 1101 διστον·
2469 1052 2707 1109 τοιοῦτος
2791 1046 2891 1125 γὰρ
2928 1048 2956 1103 6
3000 1048 3225 1127 σταυρὸς
3252 1048 3398 1125 παρῆ
3425 1059 3547 1112 τοῖς
3599 1043 3874 1106 παλαιοῖς.

2213 1131 2401 1208 Ἀλλὰ,
2465 1135 2562 1191 Καὶ
2616 1132 2968 1191 ἀκολουθείτω
3025 1158 3141 1211 μοι,
3165 1138 3319 1217 φησί,
3353 1134 3553 1194 [πολλοὶ
3571 1135 3679 1216 γὰρ
3707 1154 3876 1192 σταυ-

2211 1229 2419 1302 ρυῦνται
2468 1221 2661 1299 λῃσταὶ
2712 1226 2801 1282 καὶ
2860 1222 3109 1301 κλέπται,
3170 1223 3293 1281 ἀλλ’
3367 1227 3462 1282 οὒκ
3491 1225 3621 1281 εἰσὶν
3666 1221 3872 1279 διεῖναι

2208 1311 2441 1387 μαθηταί
2493 1327 2616 1389 μου·
2682 1311 3033 1371 ἀκολουθείτω
3086 1314 3199 1388 οὗν,
3278 1314 3538 1387 τουτέστι,
3614 1314 3702 1370 καὶ
3756 1317 3872 1369 πᾶ-

2208 1424 2304 1458 σαν
2342 1400 2441 1468 τὴν
2497 1400 2669 1470 ἄλλην
2732 1402 2926 1482 ἀρετὴν
2979 1402 3371 1465 ἐπιδεικνύσθω.
3429 1402 3779 1482 Ἀπαρνετται
3809 1398 3868 1456 δὲ

2206 1492 2395 1548 ἑαυτὸν
2454 1492 2542 1548 καὶ
2598 1494 2625 1548 6
2657 1494 2787 1573 χθὲς
2861 1493 2962 1569 μὲν
3012 1493 3362 1572 ἀσελγαίνων,
3396 1495 3630 1569 σήμερον
3662 1489 3719 1547 δὲ
3752 1511 3865 1546 σω-

2206 1581 2431 1660 φρονῶν.
2490 1588 2736 1645 Τοιοῦτος
2801 1582 2866 1650 ἦν
2898 1585 2926 1639 6
2972 1583 3200 1658 Παῦλος,
3257 1584 3703 1662 ἅπαρνησάμενος
3737 1582 3867 1637 ἐαυ-

2206 1672 2294 1726 τὸν
2366 1669 2421 1726 ὲν
2504 1675 2582 1745 τῷ
2632 1670 2827 1750 λέγειν,
2883 1692 2907 1729 ε
2940 1676 3021 1729 Ζῶ
3052 1672 3107 1729 δὲ
3140 1676 3234 1731 οὒκ
3263 1675 3395 1751 ἱγὼ,
3441 1680 3509 1747 ζῇ
3541 1670 3597 1728 δὲ
3640 1672 3697 1728 ἐν
3747 1670 3866 1746 ὶμοὶ

2206 1759 2453 1839 Χριστός.
2492 1783 2519 1816 ν
2557 1758 2706 1839 Αἴρει
2733 1760 2787 1817 δὲ
2810 1764 2903 1819 τὸν
2944 1764 3190 1843 σταυρὸν,
3220 1765 3248 1820 6
3279 1762 3547 1840 νεκρώσας
3591 1762 3679 1820 καὶ
3711 1782 3859 1817 σταυ⁴

2204 1850 2377 1928 ρώσας
2422 1851 2609 1908 ἑαυτὸν
2639 1858 2717 1925 τῷ
2760 1851 2971 1928 κόσμῳ,

2289 2050 2311 2083 ε
2349 2018 2455 2092 ΗΟς
2522 2030 2622 2107 γὰρ
2670 2029 2729 2086 ἅν
2772 2029 2901 2107 θέλῃ
2944 2031 3042 2098 τὴν
3087 2032 3269 2110 ψυχὴν
3302 2033 3458 2089 αὐτοῦ
3490 2029 3683 2101 σῶσαι,
3716 2029 3860 2086 ἁπο-

2201 2118 2344 2176 λέσει
2415 2118 2601 2185 αὐτὴν,
2666 2119 2723 2184 ὃς
2784 2118 2830 2176 δ’
2904 2119 2966 2176 ἄν
3018 2119 3258 2201 ἀπολέσῃ
3316 2121 3415 2188 τὴν
3467 2120 3651 2199 ψυχὴν
3701 2118 3861 2175 αὐτοῦ

2201 2206 2377 2266 ἕνεκεν
2428 2209 2581 2284 ἐμοῦ,
2646 2212 2856 2290 εὑρήσει
2928 2210 3116 2277 αὐτὴν.
3157 2233 3184 2265 ι
3219 2211 3339 2267 Ἐπὶ
3392 2207 3675 2288 μαρτύριον
3716 2230 3855 2288 προ·-

2201 2298 2449 2377 τρέπεται
2519 2302 2691 2377 ἡμᾶς.
2730 2302 2965 2380 Εὑρίσκει
2994 2300 3092 2376 μὲν
3137 2303 3225 2357 οὗν
3269 2300 3367 2368 τὴν
3400 2299 3587 2379 ψυχὴν
3635 2300 3766 2376 πρὸς
3796 2300 3859 2354 τὸ

2202 2391 2393 2468 παρὸν,
2480 2390 2740 2461 τουτέστι,
2800 2398 2982 2463 σώζει,
3044 2393 3072 2446 6
3101 2389 3445 2469 ἀρνούμενος,
3479 2388 3537 2453 ὅς
3568 2389 3656 2444 καὶ
3684 2386 3863 2445 ἀπόλ-

2203 2477 2349 2536 λυσιν
2421 2478 2659 2553 ὕστερον·
2725 2478 2983 2537 ἀπόλλυσι
3042 2478 3097 2535 δὲ
3140 2480 3237 2548 τὴν
3269 2479 3487 2559 ψυχὴν,
3519 2475 3639 2559 ἀλλ’
3689 2477 3863 2534 ἕνεκεν

2205 2568 2293 2625 τοῦ
2350 2571 2597 2648 Χριστοῦ,
2656 2569 2715 2635 ὅς
2774 2571 3099 2649 μαρτυρήσει
3169 2570 3300 2648 ὑπὲρ
3340 2557 3517 2626 αὖτοῠ.
3597 2557 3713 2633 ιὈς
3773 2568 3862 2623 καὶ

2204 2660 2411 2738 εὑρήσει
2442 2660 2608 2728 αὐτὴν
2637 2658 2691 2715 ἰν
2724 2660 2982 2741 ἀφθαρσίᾳ
3008 2661 3095 2717 καὶ
3124 2666 3237 2737 ζωῇ
3271 2659 3477 2731 αἰωνίᾳ,

2289 2751 2317 2806 ἰ
2391 2751 2451 2809 Τί
2479 2751 2578 2830 γὰρ
2620 2748 2909 2830 ὠφελεῖται
2955 2748 3227 2829 ἅνθρωπος
3258 2748 3348 2805 ἐὰν
3378 2749 3470 2804 τὸν
3499 2746 3701 2807 κόσμον
3732 2744 3859 2803 ὅλον

2204 2836 2460 2920 κερδήσῃ,
2504 2841 2601 2908 τὴν
2632 2838 2687 2895 δὲ
2731 2841 2917 2920 ψυχὴν
2968 2842 3124 2897 αὐτοῦ
3158 2841 3406 2916 ζημιωθῇ
3439 2858 3457 2916 ;
3503 2834 3588 2893 ’Ἥ
3618 2837 3682 2893 τί·
3699 2834 3857 2893 δώσει

2206 2925 2477 3005 ἅνθρωπος
2533 2927 2883 3007 ἀντάλλαγμα
2952 2930 3050 2995 τῆς
3108 2932 3295 3008 ψυχῆς
3366 2929 3523 2985 αὐτοῦ
3573 2945 3590 3002 ;
3663 2924 3858 2982 Μέλλει

2206 3019 2306 3097 γὰρ
2374 3020 2403 3075 6
2476 3019 2595 3085 Υἱὸς
2662 3026 2750 3075 τοῦ
2806 3017 3081 3098 ἀνθρώπου
3132 3017 3378 3098 ἔρχεσθαι
3416 3016 3471 3073 ἑν
3500 3024 3568 3094 τῇ
3599 3014 3723 3092 δόξῃ
3756 3015 3860 3072 ’τοῦ

472 3107 631 3170 enim
661 3106 845 3169 Filius
877 3107 1135 3168 hominis
1165 3109 1224 3169 in
1256 3109 1445 3188 gloria
1504 3109 1693 3173 Patris
1723 3113 1811 3173 sui
1843 3132 1976 3174 cum
2009 3132 2120 3175 an-

2209 3109 2412 3185 Πατρὸς
2469 3112 2625 3168 αὐτοῦ
2698 3108 2833 3184 μετὰ
2899 3108 3003 3165 τῶν
3061 3107 3306 3186 ἀγγέλων
3337 3105 3519 3185 αὐτοῦ,
3578 3105 3670 3188 xci
3734 3104 3855 3160 τότε

471 3197 619 3289 gelis
648 3198 881 3289 suistet
920 3205 1072 3289 tunc
1117 3198 1330 3259 rcddet
1380 3201 1700 3282 unicuique
1745 3203 1913 3282 juxta
1971 3204 2122 3267 facta

472 3287 681 3368 ipsius.
724 3311 746 3345 ι)
785 3288 883 3349 Sic
914 3287 1094 3366 igitur
1116 3297 1179 3351 et
1210 3292 1504 3368 ﬁngamus
1537 3291 1696 3371 qnod
1723 3302 1905 3354 totum
1940 3312 2145 3355 mun—i

471 3377 612 3437 dum
630 3376 1015 3450 lucreris,sed
1033 3397 1164 3457 qua:
1179 3378 1396 3441 utilitas
1410 3380 1458 3441 si
1473 3399 1689 3461 corpus
1705 3381 1855 3444 bene
1872 3382 2112 3459 habeat,

470 3476 530 3529 et
554 3468 751 3528 anima
775 3467 927 3526 male
955 3466 1245 3529 aﬁiciatur
1266 3467 1296 3527 ?
1318 3471 1822 3550 quemadmodum
1845 3491 1890 3532 sn
1930 3483 2122 3534 mater

467 3557 722 3619 familias
754 3558 948 3618 lacera
970 3566 1221 3632 veste,et
1250 3559 1482 3620 ancillae
1528 3560 1750 3639 fulgido
1781 3571 1991 3623 ornatu
2024 3562 2117 3624 in-

469 3648 705 3709 cedant.
732 3647 940 3726 Neque
961 3645 1021 3706 in
1055 3646 1251 3707 futuro
1281 3648 1499 3710 saeculo
1550 3651 1764 3729 poterit
1790 3651 1922 3732 quis
1975 3651 2119 3714 dare

470 3735 992 3798 commutationem
1027 3753 1133 3815 pro
1164 3736 1363 3798 anima
1384 3756 1510 3801 sua:
1538 3740 1629 3802 hic
1653 3742 1893 3821 quidem
1926 3749 2119 3822 potest

457 3826 613 3905 ,dare
646 3825 937 3905 lacrymas
969 3833 1026 3885 et
1082 3824 1542 3908 eleemosyuam,
1579 3839 1638 3891 et
1660 3832 1963 3912 jejunare,
1996 3831 2116 3894 illic

462 3920 661 3978 autem
697 3914 1034 3976 nonJudex
1058 3915 1219 3976 enim
1246 3924 1384 3978 tunc
1417 3938 1523 3980 nos
1555 3922 1995 4002 excipiet,dona
2024 3941 2117 3984 re-

468 4023 713 4084 spuens:
744 4022 879 4065 nam
901 4004 1070 4082 juxta
1093 4023 1279 4085 opera
1296 4025 1401 4070 sua
1407 4008 1703 4087 judicabit
1723 4030 2117 4093 unumquem-

467 4094 717 4175 que.Est
738 4102 933 4156 autem
963 4096 1622 4183 etmetuendus:veniet
1647 4102 1808 4162 enim
1840 4102 1900 4164 in
1930 4102 2118 4183 gloria

466 4202 573 4246 sua
594 4193 652 4246 et
681 4201 814 4247 cum
846 4182 1094 4262 angelis,
1131 4193 1189 4245 et
1220 4204 1336 4247 non
1369 4190 1864 4271 contemptibilis.

547 4362 725 4428 Vens.
761 4364 860 4429 28.
901 4390 928 4423 α
966 4367 1162 4428 Amen
1193 4365 1330 4429 dico
1363 4367 1554 4431 vobis:
1583 4378 1721 4433 sunt
1749 4372 1986 4451 quidam
2018 4374 2116 4436 hic

2204 3195 2468 3255 ἀποδώσει
2527 3199 2735 3272 ἑκάστῳ
2787 3197 2925 3254 κατὰ
2979 3196 3079 3264 τὴν
3134 3194 3316 3274 πρᾶξιν
3347 3197 3527 3256 αὐτού.
3565 3215 3589 3250 ε
3632 3181 3847 3268 "Euroo,

2203 3289 2354 3368 φησὶ,
2429 3285 2546 3344 καθ’
2606 3289 2873 3359 ὑπόθεσιν,
2907 3286 2990 3345 ὅτι
3018 3287 3109 3343 τὸν
3150 3285 3349 3361 κόσμον
3390 3282 3513 3341 ὅλον
3545 3278 3848 3359 ὲκέρδανας,

2204 3375 2339 3433 ἀλλὰ
2394 3378 2445 3433 τί
2498 3378 2559 3433 τὸ
2631 3376 2847 3457 ὄφελος,
2897 3381 2997 3444 τῆς
3040 3379 3222 3455 ψυχῆς
3264 3379 3441 3436 κακῶς
3485 3368 3848 3445 διακειμένης,

2202 3469 2263 3522 τὸ
2335 3467 2491 3543 σῶμα
2547 3468 2794 3525 εὐπαθεῖν
2842 3470 2859 3528 ξ
2912 3466 3091 3546 ὥσπερ
3159 3465 3221 3524 ἄν
3252 3466 3297 3522 εἱ
3325 3468 3425 3531 τῆς
3455 3459 3851 3528 οἰκοδεσποίνης

2202 3556 2356 3635 ῥάκια
2424 3554 2773 3636 διεῤῥηγμένα
2828 3557 3117 3638 φορούσης³
3187 3558 3240 3613 αἱ
3295 3549 3654 3634 θεραπαινίδες
3703 3547 3851 3627 λαμ-

2202 3659 2544 3727 προφοροϊεν.
2602 3646 2731 3705 Οὐδὲ
2787 3648 2887 3727 γὰρ
2956 3647 3011 3703 ἐν
3069 3653 3146 3721 τῷ
3174 3643 3425 3722 μέλλοντι
3465 3645 3615 3700 αἰῶνι
3644 3638 3855 3697 δύθαταί

2198 3756 2279 3800 τις
2352 3736 2527 3793 δοῦναι
2625 3735 2975 3815 ἀντάλλαγμα
3055 3736 3185 3815 ὑπὲρ
3246 3734 3345 3802 τῆς
3422 3735 3609 3812 ψυχῆς
3665 3729 3847 3797 αὐτοῦ,

2201 3822 2455 3882 Ἐνταῦθα
2509 3825 2606 3903 μὲν
2658 3827 2756 3906 γὰρ
2812 3824 3023 3883 δύναται
3089 3823 3264 3883 δοῦναι
3334 3820 3554 3899 δάκρυα,
3622 3838 3850 3897 στεναγ-

2199 3916 2358 3995 μοὺς,
2416 3914 2805 3991 ἐλεημοσύνην·
2866 3914 2983 3971 ὶκεϊ
3052 3912 3107 3969 δὲ
3175 3911 3254 3975 οὖ.
3287 3906 3718 3989 Ἀδωροδόκητος
3749 3907 3850 3985 γὰρ

2197 3994 2384 4084 κριτής
2443 4004 2750 4072 διαδέξεται·
2799 4005 2936 4064 κατὰ
2964 4004 3064 4083 γὰρ
3105 4004 3173 4060 τὰ
3212 4000 3341 4080 ἔργα
3373 3997 3567 4070 δικάζει
3614 3994 3844 4069 ἐκάστῳ²

2197 4094 2336 4152 ἀλλὰ
2390 4098 2478 4153 καὶ
2526 4093 2772 4178 φοϐερὸς,
2859 4094 2914 4150 ἰν
2972 4098 3042 4171 τῇ
3066 4091 3191 4171 δόξῃ
3253 4092 3353 4170 γὰρ
3418 4090 3578 4145 αὐτου
3631 4085 3850 4166 ἔρχεται

2196 4187 2285 4243 καὶ
2355 4188 2490 4265 μετὰ
2546 4194 2654 4244 τῶν
2742 4184 3008 4266 ἀγγέλων,
3095 4184 3184 4241 καὶ
3241 4182 3365 4262 οὐχὶ
3432 4196 3849 4257 καταπεφρονη-

2242 4297 2358 4343 ενος
2366 4324 2383 4341 .

2196 4299 2559 4445 μεῖος.Ἀμὴν
2615 4366 2758 4448 λέγω
2817 4369 2970 4448 ὑμῖν,
3008 4366 3109 4424 εἰσί
3135 4386 3275 4430 τινες
3304 4369 3412 4421 τῶν
3441 4358 3544 4417 ὦδε
3574 4358 3846 4433 ἑστώτων,

463 4454 823 4536 stantes,qui
853 4475 971 4517 non
1001 4455 1320 4535 gustabunt
1350 4448 1828 4542 mortem,donec
1857 4463 2115 4528 viderint

2202 4455 2393 4523 οἵτινες
2447 4461 2508 4518 οὒ
2576 4462 2656 4537 μὴ
2685 4461 2976 4540 γεύσωνται
3018 4458 3265 4531 θανάτου,
3329 4453 3433 4519 ἕως
3463 4452 3526 4509 ἃν
3555 4449 3712 4508 ἴδωσι
3756 4448 3849 4506 τδν

459 4542 676 4606 Filium
711 4545 971 4608 hominis
1002 4547 1338 4609 venientem
1359 4548 1419 4609 in
1444 4567 1628 4628 regno
1657 4568 1788 4614 suo.
1813 4580 1834 4610 ι
1872 4552 2115 4618 Dixerat

457 4643 768 4697 venturum
800 4634 1014 4698 Filium
1045 4636 1304 4700 hominis
1335 4638 1391 4699 in
1424 4640 1614 4718 gloria
1637 4657 1782 4703 sua:
1829 4661 1904 4705 ne
1931 4643 2115 4722 igitur

460 4727 760 4792 increduli
791 4729 931 4804 sint,
969 4730 1113 4792 dicit
1134 4732 1536 4812 quiasuntbic
1566 4734 1807 4814 quidam
1833 4735 2114 4818 quijuxta

456 4821 616 4900 quod
651 4838 867 4901 capere
897 4830 1165 4902 possunt.
1203 4821 1568 4885 videbuntin
1596 4820 2114 4906 transﬁgura‘tione

454 4909 700 4985 gloriam
731 4910 978 4972 secundi
1008 4911 1318 4975 adventus.
1345 4911 1588 4975 Interim
1618 4923 1819 4977 autem
1850 4917 2113 4979 ostendit

454 4998 516 5058 in
538 5017 654 5078 qua
672 4999 861 5077 gloria
877 5010 1050 5062 erunt
1064 5002 1164 5083 qui
1193 5013 1438 5085 prapter
1464 5003 1660 5083 ipsum
1685 5005 1841 5086 passi
1865 5006 2106 5070 fuerint.

453 5087 617 5179 Sicut
649 5087 808 5150 enim
846 5098 986 5154 tunc
1019 5110 1155 5155 caro
1187 5094 1318 5173 ejus
1349 5094 1692 5174 fulguravit,
1726 5097 1809 5159 ita
1868 5116 1974 5179 pro
2006 5118 2113 5161 sua

454 5175 728 5259 portione
749 5188 886 5241 tunc
906 5180 1219 5261 fulgebunt
1241 5175 1970 5265 sancti:signiﬁcatautem
1994 5188 2110 5251 hoc

453 5266 825 5330 locoPetrum
842 5268 1762 5356 etJacobum,et.loannem,quos
1775 5276 1834 5337 in
1849 5285 2110 5339 montem

453 5360 861 5451 assumpsit,et
890 5361 1156 5451 ostendit
1195 5362 1315 5425 illis
1343 5381 1595 5445 regnum
1619 5384 1821 5441 suum,
1851 5367 1966 5429 hoc
1995 5375 2107 5451 est,

453 5446 718 5511 futurum
752 5456 968 5513 statum
990 5450 1051 5513 in
1083 5470 1200 5533 quo
1225 5462 1512 5518 venturus
1537 5465 1697 5519 esset
1724 5456 1941 5538 ipse,et
1960 5446 2111 5538 justi

526 5617 586 5668 ³6
612 5617 805 5682 Galat.
840 5636 900 5701 ιι,
934 5619 1035 5687 20.

2197 4550 2318 4605 Υἱὸν
2378 4556 2471 4607 τοῦ
2513 4552 2786 4633 ἀνθρώπου
2816 4553 3110 4633 ἐρχόμενον
3147 4551 3204 4606 ἰν
3232 4552 3301 4628 τῇ
3328 4542 3570 4624 βασιλείᾳ
3598 4542 3843 4633 αὐτου.-)

2196 4643 2366 4697 Εἶπεν
2423 4641 2505 4698 ὃτι
2574 4628 2757 4717 μέλλει
2815 4628 3065 4724 ἔργεσθαι
3109 4644 3138 4698 6
3167 4641 3286 4704 Υἱὸς
3335 4641 3429 4693 τοῦ
3471 4631 3746 4711 ἀνθρώπου
3789 4628 3846 4724 δν

2196 4737 2267 4810 τῇ
2338 4731 2463 4815 δόξῃ
2493 4737 2674 4796 αὐτοῦ.
2706 4720 2949 4794 Ἴναόύν
2981 4732 3061 4810 μὴ
3089 4731 3385 4788 ἀπιστῶσιν
3414 4725 3657 4815 ἆκεϊνοι,Δ
3685 4720 3846 4802 φησὶν

2196 4822 2277 4879 ὅτι
2335 4810 2446 4881 εἶσί-
2474 4846 2614 4892 τινες
2643 4825 2884 4902 ἐνταῦθα,
2937 4824 2991 4881 οἵ
3035 4822 3172 4879 κατὰ
3200 4821 3262 4877 τὸ
3318 4817 3593 4897 ἒγχωροῦν
3622 4810 3845 4888 ὄψονται

2194 4913 2249 4971 ἐν
2301 4919 2371 4993 τῇ
2428 4916 2835 4997 μεταμορφώσει
2892 4914 2988 4984 τὴν
3045 4910 3198 4978 δόξαν
3226 4912 3327 4978 τῆς
3357 4905 3599 4997 δενῖέροξς
3640 4923 3847 4982 παίδων

2196 5003 2336 5067 σίας’
2412 5003 2523 5081 ἅμα
2592 5003 2647 5063 δὲ
2684 4995 2793 5063 ᾐκαὶ
2846 5002 3105 5063 δείκνυσιν
3162 5001 3216 5058 ἰν
3246 4998 3375 5073 ποίᾳ
3404 4995 3529 5075 δόξῃ
3558 4995 3768 5053 ἔσονται
3800 4997 3847 5053 οἱ

2192 5090 2260 5148 δι’
2332 5095 2488 5152 αὐτὸν
2543 5093 2820 5161 παθόντες.
2900 5106 2992 5161 Ὠς
3034 5093 3136 5172 γὰρ
3165 5089 3490 5166 ἰξήστραψεν
3519 5090 3555 5157 ἡ
3593 5084 3721 5166 σάρξ
3751 5089 3847 5144 αὖ·

2195 5186 2289 5240 τοῦ
2343 5192 2658 5264 τηνικαῦτα,
2712 5186 2851 5244 οὗτω
2905 5185 3041 5247 κατὰ
3113 5179 3396 5261 ἀναλογίαν
3465 5179 3513 5236 οἱ
3542 5176 3684 5257 ἅγιοι
3725 5176 3845 5234 τότε

2196 5273 2583 5352 ἐκλάμψουσιν·
2671 5280 2952 5335 αἱνιττεται
3004 5272 3060 5333 δὲ
3117 5273 3339 5332 ἐνταῦθα
3390 5272 3481 5328 τὸν
3528 5269 3725 5347 Πέτρον
3756 5266 3843 5322 καὶ

2194 5362 2447 5425 Ἰάκωϐον
2508 5369 2595 5428 καὶ
2664 5367 2940 5447 Ἰωάννην,
3014 5365 3102 5433 οὖς
3146 5360 3441 5445 παρέλαϐεν
3477 5361 3553 5425 εἰς
3593 5359 3655 5415 τό
3697 5354 3838 5434 ὅρος,

2192 5458 2280 5515 καὶ
2337 5455 2533 5526 ἔδειξεν
2591 5462 2776 5526 αὐτοῖς
2857 5460 2953 5528 τὴν
3025 5456 3297 5536 βασιλείαν
3349 5450 3528 5528 αὐτοῦ,
3578 5446 3839 5524 τουτέστι,
