4204 6410
487 282 599 351 831

484 516 605 579 illis
632 540 643 581 :
666 518 827 581 Elias
854 521 1093 601 quidem
1116 522 1316 585 veniet
1346 526 1596 604 prius,et
1621 516 1894 589 restituet
1914 529 2139 590 omnia.

1392 292 1986 365 THEOPHYLACTI
2019 298 2431 365 BULGARLE
2472 296 2830 366 ARCHIEP.

565 424 744 492 VERS.
782 430 997 495 11-13.
1040 456 1063 488 α
1097 432 1273 496 Jesus
1323 444 1516 497 autem
1569 438 1943 517 respondens
1991 435 2201 500 dixitA

3752 293 3869 370 332

2310 457 2332 491 ε
2388 428 2444 494 Ὀ
2503 436 2557 493 δὲ
2613 439 2821 505 Ἰησοῦς
2893 440 3193 519 ἀποκριθεὶς
3240 442 3396 498 εἶπεν
3450 446 3658 507 αὐτοῖς·
3693 441 3879 506 Ἠλίας

2229 527 2324 592 μὲν
2407 525 2622 607 ἔρχεται
2707 532 2936 608 πρῶτον,
3043 532 3128 587 καὶ
3186 531 3617 603 ἀποκαταστήσει
3674 534 3865 589 πάντα.

491 609 635 671 Dico
664 620 861 671 autem
923 612 1089 673 vobis
1149 615 1305 689 quod
1354 615 1661 695 Elipisjam
1696 618 1876 691 venit,
1913 627 1971 679 et
2026 639 2135 679 non

2229 614 2380 692 Λέγω
2436 614 2488 671 δὲ
2562 618 2690 692 ὑμῖν
2734 616 2813 673 ὅτι
2859 618 3044 685 Ἠλίας
3076 617 3177 688 ἤδη
3209 620 3360 701 ἦλθε,
3394 623 3481 677 καὶ
3512 626 3605 681 οὐκ
3631 622 3875 699 ἐπέγνω..

487 708 852 779 agnoverunt
874 703 1142 770 eum,sed
1179 702 1522 764 feceruntin
1550 726 1618 766 eo
1652 726 2020 787 quaecunque
2038 728 2139 767 vo-

490 788 747 850 luerunt.
778 792 873 851 Sic
909 792 1171 851 etFilius
1198 793 1457 854 hominis
1494 814 1770 874 passurus
1802 805 1891 857 est
1924 798 1998 857 ab
2032 798 2139 858 eis.

489 877 656 940 Tunc
688 880 1112 941 intellexerunt
1136 882 1413 963 discipuli
1444 886 1598 964 quod
1633 887 1707 945 de
1738 888 1963 947 JOanne
1999 891 2143 967 Bap-

487 969 622 1030 tista
652 968 895 1031 dixisset
924 970 1066 1032 illis.
1101 996 1127 1027 n
1196 971 1456 1034 Dicendo
1519 974 1673 1053 quod
1709 976 1867 1037 Elias
1901 977 2139 1055 quidem

487 1059 714 1135 veniet,
750 1061 1008 1121 ostendit
1041 1062 1199 1140 quod
1246 1063 1509 1123 nondum
1550 1066 1705 1126 venit
1738 1083 1750 1126 :
1788 1065 1846 1125 in
1879 1067 2139 1127 secundo

487 1159 682 1211 autem
704 1150 955 1211 adventu
975 1152 1221 1214 veniens
1246 1172 1594 1232 przecursor,
1631 1158 1945 1217 restitui-us
1962 1157 2037 1215 sit
2066 1156 2137 1216 ad

487 1240 663 1301 ﬁdem
698 1239 924 1303 Christi
949 1261 1159 1302 omnes
1190 1242 1493 1324 Hebraeos,
1527 1245 1683 1325 quod
1720 1245 2139 1324 persuasibiles

488 1330 776 1403 inveniet,
803 1332 974 1410 quasi
1000 1332 1070 1392 ad
1100 1333 1499 1393 haereditatem
1520 1344 1821 1413 paternam
1844 1336 2138 1397 reducens

486 1438 590 1481 eos
619 1419 719 1499 qui
755 1421 1119 1482 exciderant.
1182 1422 1325 1483 Cum
1388 1432 1580 1483 autem
1631 1424 1796 1495 dicit,
1838 1426 1987 1485 Elias
2010 1425 2134 1504 jam

487 1508 669 1581 venit,
700 1511 1134 1570 Praecursorem
1187 1510 1353 1572 illum
1408 1515 1698 1575 Joannem
1730 1514 1896 1590 dicit,
1928 1514 1985 1573 in
2018 1533 2133 1593 quo

486 1596 753 1659 fecerunt
777 1616 1146 1679 quaecunque
1168 1599 1786 1670 voluere,occidcntes
1815 1606 2134 1665 eum.Nam

2227 727 2321 760 σαν
2381 707 2562 777 αὐτὸν,
2626 706 2746 763 ἀλλ’
2799 708 3054 775 ἐποίησαν
3085 710 3139 764 ἐν
3201 715 3342 784 αὖτῷ
3424 710 3523 768 ὅσα
3579 712 3870 779 ἠθέλησαν,

2229 793 2378 851 Οὕτω
2448 796 2535 851 καὶ
2589 798 2615 851 6
2669 799 2785 860 Υἱὸς
2831 804 2923 855 τοῦ
2966 798 3240 877 ἀνθρώπου
3285 798 3467 875 μέλλει
3522 803 3754 881 πάσχειν
3784 802 3871 857 ὑπ’

2227 884 2419 943 αὐτῶν.
2480 883 2611 941 Τότε
2674 891 2905 952 συνῆκαν
2959 890 3005 944 οἱ
3058 892 3309 961 μαθηταὶ,
3346 890 3423 945 ὅτι
3458 892 3573 968 περὶ
3630 890 3872 949 Ἰωάννου

2223 979 2315 1026 τοὺ
2370 978 2668 1029 Βαπτιστοῦ
2736 979 2889 1030 εἶπεν
2945 978 3150 1040 αὑτοῖς.
3190 1000 3212 1034 ι
3250 976 3337 1035 Ἐν
3410 988 3486 1053 τῷ
3557 982 3728 1036 εἰπεῖν
3782 979 3867 1037 ὅτι

2225 1059 2407 1123 Ἠλίας
2467 1062 2563 1137 μὲν
2635 1062 2874 1142 ἔρχεται,
2936 1062 3154 1122 δεικνύει
3199 1067 3280 1123 ὅτι
3340 1067 3693 1143 οὗπωῆλθεν,
3728 1068 3874 1125 ἐλεύ-

2226 1171 2370 1206 σεται
2444 1148 2497 1205 δὲ
2583 1152 2879 1231 πρόδρομος
2959 1160 3057 1222 τῆς
3144 1154 3384 1236 δευτέρας
3441 1157 3722 1233 ἐλεύσεως,
3783 1160 3869 1214 καὶ

2224 1239 2655 1309 ἀποκαταστήσει
2713 1244 2843 1319 πρὸς
2894 1244 2992 1311 τὴν
3056 1246 3229 1301 πίστιν
3288 1253 3383 1303 τοῦ
3412 1248 3635 1323 Χριστοῦ
3666 1250 3866 1310 πάντας

2220 1330 2338 1391 τοὺς
2402 1330 2841 1408 εὕρεθησομένους
2913 1336 3211 1400 πειθηνίους
3294 1326 3587 1413 Ἐϐραίους,
3690 1337 3868 1415 ὥσπερ

2221 1419 2293 1480 εἷς
2350 1425 2594 1496 πατρῷον
2663 1417 2861 1499 κλῆρον
2919 1422 3288 1479 ἀποκαθιστῶν
3345 1426 3532 1489 αὐτοὺς
3608 1425 3865 1482 ἐκπεσόν-

2219 1523 2336 1569 τας·
2410 1509 2466 1562 ἐν
2521 1507 2573 1563 δὲ
2643 1513 2720 1581 τῷ
2778 1512 2949 1567 εἰπεῖν
2978 1512 3056 1566 ὃτι
3090 1511 3275 1577 Ἠλίας
3296 1512 3399 1581 ἢδη
3431 1514 3580 1587 ἦλθε,
3616 1518 3705 1571 τὸν
3736 1518 3869 1595 Πρό-

2219 1594 2411 1674 δρομον
2468 1594 2719 1665 Ἰωάννην
2777 1601 2957 1678 φησίν,
3035 1599 3324 1669 Ἐποίησαν
3372 1602 3425 1658 ἑὲ
3471 1603 3522 1659 ἐν
3570 1607 3711 1681 αὐτῷ
3769 1605 3865 1661 ὅσα

489 1688 898 1768 permittentes
950 1685 1172 1749 Herodi
1204 1698 1267 1750 ut
1308 1690 1609 1751 occideret
1650 1693 1963 1766 Joannem,
2000 1711 2133 1753 cum

2220 1688 2306 1740 καὶ
2363 1684 2628 1753 ἠθέλησαν
2702 1690 3043 1767 φονεύσαντες
3118 1694 3295 1747 αὕτόν·
3358 1689 3424 1747 δι’
3468 1695 3542 1749 ὧν
3588 1696 3689 1774 γὰρ
3737 1717 3863 1751 συν-

487 1786 732 1857 possent
756 1777 1222 1859 prohibere,ipsi
1252 1781 1617 1843 occiderunt.
1640 1780 1806 1842 Tunc
1830 1782 2007 1860 igitur
2039 1781 2135 1843 di-

2221 1774 2506 1852 εχώρησαν
2572 1783 2648 1850 τῷ
2724 1771 2929 1855 Ἡρώδῃ
2960 1786 3226 1858 φονεῦσαι,
3284 1778 3559 1857 δυνάμενοι
3604 1771 3862 1862 κωλύειν,

2224 1865 2234 1879 ς
2313 1878 2333 1882 μ
2491 1864 2503 1882 ,
2570 1868 2579 1882 ,
2859 1872 2925 1882 _.
3090 1869 3100 1882 .
3246 1870 3311 1882 ...
3851 1878 3860 1882 _

489 1867 701 1948 scipuli
725 1869 860 1928 facti
916 1870 1388 1949 perspicaciores
1409 1872 1828 1932 intellexerunt
1850 1876 2005 1952 quod
2031 1874 2133 1935 ,Ιο-

2220 1865 2414 1920 ὲκεῖνοι
2487 1864 2793 1943 ἐφόνευσαν.
2858 1872 2986 1925 Τότε
3019 1869 3188 1925 τοίνυν
3232 1870 3461 1950 ὀξύτεροι
3512 1881 3787 1951 γενόμενοι
3820 1878 3865 1929 οἱ

486 1975 703 2018 annem
762 1956 951 2019 Eliam
1009 1960 1248 2040 vocarit,
1286 1961 1439 2040 quod
1482 1961 1609 2040 ipse
1644 1962 1819 2040 primi
1850 1961 2135 2022 adventus

490 2065 827 2124 praecursor
877 2048 1073 2128 fuerit,
1137 2050 1291 2111 sicut
1349 2051 1449 2111 ille
1479 2051 1727 2112 secuudi
1778 2051 2008 2113 futurus
2050 2061 2135 2112 est

487 2157 840 2218 przecursor.

568 2227 983 2289 VERS.i-’t.cEt
1006 2246 1138 2287 cum
1166 2229 1468 2291 venissent
1500 2230 1571 2289 ad
1614 2230 1869 2305 turbam,
1891 2235 2141 2291 accessit

488 2317 558 2378 ad
575 2336 708 2377 eum
736 2317 911 2378 homo
928 2318 1164 2396 quidam
1190 2320 1434 2379 ﬂectens
1457 2319 1538 2381 illi
1561 2320 2134 2400 genua,dicensque:

492 2406 1065 2487 Domine,miserere
1099 2408 1201 2467 ﬁlii
1236 2409 1376 2481 mei,
1411 2410 1695 2489 quoniam
1725 2410 2018 2471 lunaticus
2049 2421 2137 2471 est

490 2506 549 2559 et
582 2497 797 2557 misere
824 2496 1099 2575 afﬂigitur
1134 2520 1148 2557 :
1205 2517 1338 2557 nam
1372 2517 1528 2578 saepe
1550 2500 1704 2559 cadit
1727 2499 1785 2559 in
1823 2500 2045 2579 ignem,
2080 2515 2141 2568 et

491 2608 651 2669 saepe
674 2591 730 2649 in
750 2606 1020 2666 aquam.»
1054 2585 1236 2647 Valde
1261 2588 1606 2649 incredulus
1631 2600 1873 2669 apparet
1893 2608 2020 2651 esse
2042 2592 2137 2651 hic

488 2679 773 2749 homo,eo
794 2676 947 2756 quod
972 2676 1199 2736 dixitad
1224 2677 1415 2756 ipsum
1444 2676 1733 2757 Christus,
1766 2676 1812 2741 Ο
1831 2681 2134 2757 generatio

488 2766 1052 2846 incredula,etquod
1073 2766 1267 2845 arguit
1286 2766 1413 2846 ipse
1434 2767 1915 2847 discipulos.Non
1940 2777 2133 2830 autem

493 2858 631 2919 luna
660 2876 837 2918 causa
892 2865 1020 2917 erat
1080 2856 1293 2927 morbi,
1351 2857 1453 2919 sed
1488 2857 1758 2919 diabolus
1784 2858 2133 2921 observabat.

490 2947 973 3028 plenilunium,et
994 2955 1127 3007 tunc
1146 2948 1192 3006 9
1207 2950 1227 3003 ι
1245 2946 1724 3011 insidiabatur.ut
1744 2958 2136 3026 arguerentur

2294 1957 2322 2009 Θ
2432 1956 2446 1975 \
2571 1960 2652 1995 ,νζ
2838 1956 2861 1977 τ’
3005 1960 3016 1975 \
3119 1957 3131 1978 ἶ
3214 1960 3226 1976 ‘
3403 1959 3415 1980 ἶ
3512 1963 3521 1981 Ι
3696 1964 3708 1983 Ι

2219 1976 2290 2026 μα
2326 1976 2449 2020 ηται
2506 1977 2759 2035 συνηιαν,
2835 1979 2914 2012 οτι
2970 1980 3057 2013 τον
3140 1969 3370 2026 Ιωαννην
3427 1960 3586 2017 Ηλιαν
3616 1962 3860 2043 ἐκαλεσε,

2217 2040 2299 2101 διὰ
2357 2043 2418 2097 τὸ
2490 2042 2785 2123 πρόδρομον
2818 2045 3057 2123 γενέσθαι
3115 2054 3299 2105 τοῦτον
3333 2052 3431 2117 τῆς
3486 2050 3726 2129 πρώτης,
3786 2040 3861 2113 ὼε

2218 2130 2420 2196 ἐκεῖνος
2464 2131 2609 2189 ἔσται
2639 2139 2746 2200 τῆς·
2782 2133 3021 2213 δευτέρας
3055 2135 3332 2200 ἐλεύσεως,

2309 2242 2331 2273 ο
2386 2224 2483 2279 Καὶ
2544 2222 2800 2279 ἐλθόντων
2834 2224 3005 2281 αὐτῶν
3048 2228 3179 2302 πρὸς
3233 2229 3323 2284 τὸν
3349 2228 3537 2307 ὄχλον,
3572 2229 3863 2307 προσῆλθεν

2221 2310 2359 2383 αὐτῷ
2404 2309 2672 2389 ἅνθρωπος
2757 2321 3061 2390 γονυπετῶν
3116 2318 3293 2394 αὑτὸν,
3341 2321 3427 2373 καὶ
3459 2318 3651 2398 λέγων·
3689 2321 3861 2397 Κύριε,

2219 2397 2438 2465 ἐλέησόν
2495 2423 2596 2475 μου
2665 2405 2754 2458 τὸν
2807 2403 2940 2479 υἱὸν,
3016 2403 3097 2461 ὅτι
3155 2405 3521 2478 σεληνιάζεται
3553 2412 3640 2465 καὶ
3687 2416 3863 2475 κακῶς

2221 2488 2447 2567 πάσχει,
2514 2489 2777 2554 Πολλάκις
2831 2494 2929 2572 γὰρ
2962 2495 3141 2550 πίπτει
3175 2497 3248 2559 εἰς
3292 2498 3352 2553 τὸ
3380 2508 3502 2575 πῦρ,
3538 2502 3623 2554 καὶ
3654 2498 3862 2556 πολλά-

2219 2597 2301 2641 κις
2361 2582 2432 2642 εἰς
2487 2582 2548 2635 τὸ
2578 2579 2735 2660 ὕδωρ,
2776 2604 2799 2639 1
2834 2581 3040 2663 Σφόδρα
3086 2584 3303 2650 ἄπιστος
3351 2590 3501 2652 οὗτος
3534 2590 3561 2644 6
3591 2586 3862 2668 ἄνθρωπος

2220 2668 2454 2743 φαίνεται
2509 2670 2674 2745 εἶναι,
2734 2670 2786 2737 ἐξ
2842 2674 2917 2727 ὧν
2944 2694 3001 2728 τε
3027 2673 3152 2730 εἶπε
3184 2678 3313 2754 πρὸς
3360 2678 3516 2733 αὑτὸν
3546 2680 3573 2733 ὁ
3616 2680 3859 2757 Χριστὸς,

2220 2750 2281 2813 ἐὶ
2355 2761 2511 2836 γενεά
2551 2758 2795 2830 ἄπιστος,
2848 2764 2934 2821 καὶ
2966 2762 3045 2818 ὅτι
3106 2779 3398 2845 κατηγορεῖ
3432 2767 3585 2829 αὐτὸς
3616 2774 3721 2823 τῶν
3754 2792 3863 2843 μα-

2218 2855 2413 2917 θητῶν·
2474 2850 2575 2929 οὺχ
2638 2852 2672 2918 ἡ
2758 2849 2959 2920 σελήνη
3009 2850 3061 2907 δὲ
3121 2854 3286 2933 αἰτία,
3318 2853 3438 2911 ἀλλ’
3468 2858 3495 2910 6
3532 2854 3731 2912 δαίπων
3760 2859 3861 2915 ἐπ-

2218 2940 2394 3017 ετήρει
2450 2939 2547 3005 τὴν
2578 2937 2809 3009 σελήνην
2856 2939 3038 3020 πλήρη
3063 2945 3243 3017 οὖσαν,
3278 2946 3364 3000 καὶ
3393 2945 3510 3001 τότε
3573 2946 3859 3023 ἐπετίθετο,

491 3027 669 3118 opera
693 3037 796 3098 Dei
823 3047 1093 3116 tanquam
1124 3036 1295 3096 nobis
1322 3036 1535 3095 malum
1561 3037 1991 3100 inferentia.Tu
2024 3057 2131 3099 au-

2218 3029 2310 3085 ἵνα
2364 3027 2791 3108 βλασφημηθῶσι
2854 3031 2917 3085 τά
2988 3031 3114 3109 ἔργα
3164 3041 3257 3090 τοῦ
3290 3036 3420 3090 Θεοῦ
3468 3038 3541 3099 ὡς
3574 3040 3859 3100 κακοποιά.

488 3117 604 3188 tem
642 3126 1404 3205 intelligas,obsecro.quod
1440 3127 1634 3187 omnis
1665 3128 1953 3207 insipiens
1984 3128 2135 3189 sicut

2219 3122 2288 3174 Σὺ
2343 3117 2397 3174 δὲ
2467 3118 2572 3173 νόει
2606 3120 2691 3174 καὶ
2722 3118 2801 3175 ὅτι
2848 3127 2952 3184 πᾶς
2984 3121 3160 3201 ἄφρων
3189 3125 3262 3187 ὡς
3296 3122 3498 3194 σελήνη
3529 3124 3858 3209 ἀλλοιοῦται,

488 3216 1405 3289 Ῑυη8·ίῐῐ⁴ιῐηυῑῖ1ῐυῐ’²⁸,δθϐυηάυ[Π
1425 3218 1877 3296 Scripturam,et
1901 3220 2134 3279 interim

488 3316 734 3387 apparet
761 3307 969 3367 virtute
1005 3307 1522 3383 magnus,interim
1560 3308 1932 3368 imminuitur
1956 3328 2135 3369 sensu

488 3406 545 3457 et
571 3397 809 3477 desipit.
846 3396 956 3457 Hic
988 3396 1167 3472 igitur
1196 3416 1327 3457 cum
1364 3396 1657 3457 lunaticus
1681 3396 2044 3469 fuerit,cadit
2075 3398 2132 3457 in

484 3488 680 3565 ignem
716 3489 817 3547 ira;
846 3496 903 3548 et
929 3487 1449 3565 concupiscentiae,
1485 3495 1538 3546 et
1564 3486 1621 3545 in
1654 3506 1860 3567 aquam
1900 3488 2131 3566 plenam

486 3578 767 3638 ﬂuctibus
782 3578 954 3657 hujus
970 3574 1612 3649 vitiosollicitudiuisdn
1629 3592 1815 3655 quaet
1836 3580 1919 3637 lex
1939 3579 2131 3638 iatlian

484 3666 782 3746 diabolus,
814 3668 924 3727 hoc
960 3674 1071 3745 est,
1106 3666 1406 3743 imperans
1438 3666 1538 3725 ille
1572 3666 1628 3726 in
1670 3668 1860 3746 aquis.
1896 3668 1984 3727 An
2015 3687 2130 3728 non

486 3758 698 3833 ﬂuctus
727 3765 889 3817 recte
922 3756 1201 3816 dicuntur
1230 3755 1457 3816 crebrae
1487 3754 1731 3815 divitum
1765 3776 1921 3817 cura:
1942 3758 1971 3817 ‘?

569 3935 977 3999 VERS.15-17.
1018 3934 1127 3996 (Et
1154 3933 1341 3995 obtuli
1375 3953 1507 3996 eum
1541 3935 1844 4015 discipulis
1878 3937 2131 4017 tuis,nec

2217 3210 2350 3265 κατά
2400 3211 2461 3264 τὸ
2517 3209 2907 3286 γεγραμμένον,
2981 3211 3112 3267 ποτε
3170 3213 3266 3287 μὲν
3328 3213 3495 3292 μέγας
3550 3217 3864 3295 φαινόμενος

2216 3299 2335 3355 κατ’
2384 3299 2599 3377 ἀρετὴν,
2663 3300 2793 3355 ποτὲ
2824 3298 2878 3355 δὲ
2907 3298 3289 3377 ἐλαττούμενος
3321 3305 3411 3359 καὶ
3456 3304 3858 3384 ἀφανιζόμενος·

2216 3390 2366 3452 οὗτος
2426 3389 2513 3443 οὖν
2571 3389 2935 3460 σεληνιάζεται
2980 3392 3064 3446 καὶ
3107 3393 3449 3466 καταπίπτει,
3498 3396 3585 3451 καὶ
3636 3398 3707 3460 εἰς
3739 3406 3862 3479 πῦρ,

2216 3482 2277 3535 τὸ
2330 3488 2423 3538 τοῦ
2477 3483 2640 3553 θυμοῦ
2697 3481 2783 3534 καὶ
2839 3486 2937 3546 τῆς
2997 3480 3292 3557 ἐπιθυμίας,
3355 3485 3443 3540 καὶ
3491 3486 3563 3548 είς
3610 3484 3864 3567 ὕδωρ,τά

2218 3570 2427 3643 κύματα
2481 3576 2573 3623 τοῦ
2654 3566 3062 3647 πολυφρόντιδος
3120 3571 3255 3645 βίου·
3319 3571 3372 3629 ἐν
3419 3576 3464 3646 ᾧ
3520 3576 3547 3629 6
3618 3573 3867 3635 λευϊαθάν

2218 3656 2486 3737 διάϐολος,
2546 3658 2818 3714 τουτέστιν
2872 3660 2900 3714 6
2954 3658 3250 3737 βασιλεὺων
3307 3660 3361 3716 ἐν
3404 3676 3518 3725 τοῖς
3574 3664 3776 3721 ὕδασιν*
3831 3666 3864 3734 ἤ

2217 3749 2337 3826 οὐχὶ
2407 3749 2618 3823 κύματα
2676 3746 3056 3815 ἀλλεπάλληλα
3128 3753 3180 3806 αἱ
3237 3754 3341 3807 τῶν
3380 3755 3645 3809 πλουσίων
3700 3778 3862 3834 φρον-

2216 3838 2353 3901 τίδες
2392 3855 2409 3913 ;

2306 3948 2328 3981 ι
2406 3928 2505 3984 Καὶ
2560 3928 2901 4005 προσήνεγκα
2960 3931 3115 3985 αὑτὸν
3145 3942 3261 3992 τοῖς
3315 3935 3583 4006 μαθηταῖς
3629 3955 3741 4011 σου,
3778 3938 3865 3989 καὶ

486 4034 802 4108 potuerunt
833 4043 966 4086 eum
998 4042 1230 4086 sanare.
1293 4024 1682 4103 Respondens
1724 4034 1920 4085 autem
1962 4014 2135 4089 Jesus

2219 4018 2313 4073 οὐκ
2365 4014 2700 4086 ἠδ›νήθησαν
2750 4019 2905 4073 αὺτὸν
2960 4021 3293 4098 θεραπεῦσαι.
3341 4016 3668 4098 Ἀποκριθεὶς
3722 4021 3775 4077 δὲ
3834 4025 3862 4077 6

2221 4106 2234 4118 ι
2370 4115 2390 4118 -_
2530 4108 2556 4118 ,α
2757 4096 2785 4118 Ὗ
3010 4112 3018 4118 .
3074 4105 3097 4118 υ
3392 4112 3401 4118 ι
3450 4108 3470 4118 ιι
3754 4112 3762 4118 .

486 4105 673 4178 dixit:
700 4114 746 4178 Ο
774 4115 930 4177 natio
963 4113 1269 4175 incredula
1306 4124 1362 4175 et
1394 4116 1977 4195 distorta,quousque
2011 4126 2135 4177 tan-

2221 4106 2449 4176 Ἰησοῦς,
2504 4108 2683 4163 εἶπεν
2767 4105 2818 4162 ἐὶ
2878 4112 3035 4185 γενεά
3066 4105 3287 4173 ἄπιστος
3317 4112 3407 4165 καὶ
3444 4108 3859 4192 διεστραμμένη,

487 4207 623 4268 dem
652 4224 753 4266 ero
781 4203 1085 4266 “vobiscum
1112 4204 1135 4265 ?
1161 4222 1470 4284 usquequo
1502 4206 1686 4283 patiar
1712 4205 1837 4266 vos?
1859 4206 2135 4268 adducite

2218 4195 2317 4261 ἕως
2376 4197 2504 4253 πότε
2573 4196 2761 4273 ἔσομαι
2821 4197 2938 4271 μεθ’
3006 4200 3197 4273 ὑμῶν;
3265 4198 3365 4261 ἓως
3427 4201 3557 4256 πότε
3614 4202 3864 4277 ἀνέξομαι

487 4297 652 4370 illum
678 4296 818 4357 huc.
846 4294 913 4355 Et
962 4294 1467 4373 increpavi’tilluin
1492 4290 1684 4367 .le‘sus,
1723 4294 1935 4355 etexiit
1958 4295 2028 4356 ab
2063 4315 2133 4357 eo

2218 4290 2364 4363 ὑμῶν
2404 4308 2420 4368 ;
2494 4287 2677 4367 φέρετὲ
2748 4310 2837 4361 μοι
2894 4290 3050 4345 αὐτὸν
3079 4286 3202 4344 ὦδε·
3238 4291 3325 4345 καὶ
3355 4289 3681 4367 ἐπετίμησεν
3724 4294 3867 4368 αὐτῷ

485 4388 931 4462 daamonium,et
962 4394 1199 4445 sanatus
1232 4395 1319 4444 est
1354 4403 1499 4464 puer
1527 4404 1596 4445 ex
1628 4386 1725 4445 illa
1760 4385 1923 4445 hora.
1966 4409 1987 4442 ››
2026 4387 2123 4446 Vi-

2220 4380 2245 4433 δ
2304 4379 2534 4458 Ἰησοῦς,
2587 4378 2673 4434 καὶ
2730 4376 2942 4444 ἐξῆλθεν
2994 4376 3087 4433 ἀπ’
3131 4380 3288 4435 αὐτοῦ
3339 4381 3400 4435 τὸ
3450 4378 3744 4456 δαιμόνιον,
3780 4385 3866 4439 καὶ

482 4478 589 4540 des
608 4479 907 4540 hominem
929 4476 1207 4537 delictum
1236 4494 1354 4535 sua:
1378 4475 1806 4535 incredulitatis
1828 4475 2136 4555 discipulis

486 4565 1097 4649 impingentem,quod
1115 4566 1794 4643 inﬁrmioressinlquam
1820 4575 2129 4626 utsanent.

480 4658 665 4739 Igitur
700 4658 984 4721 Dominus
1015 4654 1326 4715 confundit
1360 4673 1493 4715 cum
1528 4654 1684 4734 quod
1721 4657 2015 4717 accusarit
2046 4656 2133 4716 di-

480 4750 839 4829 scipulos,ac
873 4748 1016 4808 dicit
1045 4765 1056 4807 :
1084 4744 1132 4808 Ο
1162 4744 1463 4821 generatio
1506 4744 1836 4826 incredula,
1875 4747 1985 4807 hoc
2019 4755 2129 4819 est,

479 4838 609 4900 Non
642 4847 734 4900 est
768 4847 993 4899 tantum
1020 4835 1375 4895 inﬁrmitatis
1406 4834 1665 4909 illorum,
1701 4844 1984 4913 quantum
2023 4845 2133 4897 tua;

480 4928 913 4989 incredulitatis
932 4926 1471 5002 delictummiagna
1493 4924 1654 4985 enim
1690 4934 1865 4997 est,et
1896 4927 2129 4986 illorum

481 5017 843 5078 mediocrem
879 5012 1705 5075 vincitvirtutemﬂominem
1740 5022 1935 5078 autem
1963 5016 2129 5077 illum

481 5106 1138 5185 opprobrando,omnes
1168 5104 1342 5163 simul
1378 5105 1755 5183 opprobravit
1787 5106 2128 5167 incredulos

483 5208 539 5255 et
569 5195 1021 5255 circumstantes
1080 5193 1256 5253 Porro
1300 5213 1431 5255 cum
1466 5193 1631 5266 dicit,
1673 5192 1991 5275 Usquequo
2024 5214 2127 5255 ero

484 5286 788 5347 vobiscum
814 5285 839 5343 Υ
861 5283 1119 5344 ostendit
1140 5283 1295 5361 quod
1318 5284 1618 5344 (li-sideret
1637 5285 1695 5344 in
1720 5303 1895 5346 cruce
1922 5285 2128 5365 pati,et

485 5375 556 5437 ab
588 5375 734 5455 ipsis
766 5374 1071 5435 set-edere.
1108 5371 1424 5451 Usquequo
1452 5373 1729 5434 versabor
1759 5393 1889 5435 cum
1925 5378 2127 5436 irriso-

483 5465 650 5527 ribus
667 5472 725 5525 et
745 5462 1117 5526 incredulis“?
1147 5462 1694 5538 lncrepavitautem
1726 5464 1891 5525 illum
1928 5466 2120 5539 .lesus,

563 5634 619 5684 ⁸³
650 5633 809 5697 Eccli
835 5648 1016 5704 xxvii,
1056 5631 1122 5693 12

2219 4470 2537 4546 ἐθεραπεύθη
2599 4470 2626 4523 6
2684 4481 2817 4529 παῖς
2875 4467 2980 4523 ἀπὸ
3038 4473 3137 4535 τῆς
3194 4470 3336 4547 ὥρας
3369 4469 3599 4537 ἐκείνης.
3633 4495 3661 4526 ι
3710 4464 3866 4551 Ὀρᾷς

2217 4561 2308 4613 τὸν
2364 4558 2635 4636 ἄνθρωπον
2692 4557 2753 4613 τὸ
2809 4558 2993 4615 ἐαυνοῦ
3045 4571 3295 4633 πταῖσμα
3342 4559 3439 4626 τῆς
3472 4561 3715 4625 ἀπιστίας
3747 4574 3865 4625 τοῖς

2217 4654 2487 4724 μαθηταῖς
2521 4648 2851 4723 ἀνατιθέντα,
2898 4650 2971 4711 ὡς
3015 4646 3332 4718 ἀσθενήσασι
3388 4652 3505 4727 περὶ
3551 4651 3646 4717 τὴν
3692 4650 3863 4707 ἴασιν*

2218 4742 2244 4793 6
2307 4741 2477 4796 τοίνυν
2536 4742 2721 4816 Κύριος
2776 4740 3150 4815 καταισχίηων
3194 4740 3373 4812 αὐτὸν,
3409 4738 3522 4794 ἐπεὶ
3576 4742 3865 4820 κατηγόρει

2213 4836 2316 4887 τῶν
2378 4829 2653 4904 μαθητῶν,
2714 4829 2896 4909 φησίν·
2969 4819 3034 4881 Ὠ
3091 4829 3247 4905 γενεά
3278 4827 3518 4892 ἄπιστος
3570 4830 3863 4909 τουτέστιν,

2215 4923 2286 4977 Οὔ
2334 4919 2429 4986 τῆς
2504 4918 2716 4975 ἐκείνων
2744 4918 3010 4982 ἀσθενείας
3054 4920 3305 4973 τοσοῦτον
3332 4919 3394 4975 τὸ
3436 4932 3703 4995 πταῖσμα,
3743 4921 3866 4978 ὃσον

2214 5010 2310 5077 τῆς
2369 5010 2466 5077 σῆς
2540 5009 2816 5073 ἀπιστίας.
2877 5007 3055 5074 πολλὴ
3116 5007 3214 5085 γὰρ
3272 5005 3425 5083 οὖσα,
3498 5008 3710 5076 ἐνίκησε
3768 5011 3867 5078 τὴν

2212 5099 2424 5157 ἐκείνων
2496 5097 2794 5177 σύμμετρον
2862 5096 3104 5171 δύναμιν*
3177 5103 3254 5169 τῷ
3284 5095 3338 5152 δὲ
3387 5097 3647 5177 ἀνθρώπῳ
3674 5099 3868 5157 ὀνειδί-

2210 5199 2337 5265 ζων,
2398 5196 2527 5247 πᾶσι
2600 5195 2793 5251 κοινῶς
2854 5186 3088 5259 ὀνειδζει
3161 5188 3234 5249 ὡς
3278 5185 3586 5260 ἀπιστοῦσι,
3632 5190 3866 5254 καὶτοῖς

2210 5287 2575 5357 περιεστῶσιν·
2636 5278 2691 5334 ἐν
2721 5277 2776 5334 δὲ
2819 5285 2896 5351 τῷ
2939 5279 3135 5350 εἰπεῖν,
3171 5265 3327 5340 ί’[Ξως
3359 5277 3488 5333 πότε
3532 5277 3719 5355 ἔσομαι
3750 5276 3866 5353 μεθ’

2208 5373 2355 5447 ὑμῶν
2404 5392 2419 5445 ς
2494 5368 2718 5426 δείκνυσι
2771 5368 3051 5426 ἐπιποθεϊν
3101 5368 3163 5422 τὸ
3193 5366 3281 5423 ἐπὶ
3320 5374 3397 5441 τῷ
3440 5376 3647 5449 σταυρῷ
3676 5370 3862 5443 πάθος,

2209 5446 2295 5519 καὶ
2352 5462 2449 5528 τὴν
2510 5459 2602 5516 ἀπ’
2661 5461 2835 5518 αὐτῶν
2907 5458 3282 5539 ἀναχώρησιν.
3348 5446 3503 5521 Ἐως
3567 5460 3692 5516 πότε
3768 5460 3868 5541 γὰρ
