4204 6398
373 330 495 397 333

1014 334 1463 399 ENARRATIO
1508 336 1591 399 IN
1640 334 2030 399 EVANGEL]

2118 338 2151 400 Α
2196 336 2595 403 ΜΑΤΤΗΔΞΙ.
2644 375 2722 387 -
2765 343 2930 407 CAP.
2978 345 3175 415 XVII.

3663 321 3783 415 334'

372 470 752 545 ωνδιαιτῶμαι
824 486 939 533 τοῖς
996 472 1271 551 ὑϐρισταῖς
1327 476 1416 527 καὶ
1488 472 1770 547 ἀπίστοιςς
1818 472 2030 529 Ἐπετί-

2124 470 2335 550 quem?
2359 473 2735 565 Lunaticum.
2763 474 2841 537 Ex
2866 476 2967 538 illo
2994 477 3173 558 igitur
3208 479 3781 565 manifestum,quod

374 583 517 635 μησε
591 558 645 617 δὲ
710 562 853 633 αὒτῷ
911 564 938 618 ὁ
1015 560 1243 633 Ἰησοῦς,
1278 562 1375 616 τίνι
1410 580 1427 636 ;
1461 567 1548 635 Τῷ
1579 560 2030 636 σεληνιαζομένῳ’

371 654 435 707 ὲκ
492 652 677 709 τούτου
730 658 854 728 γοῦν
912 654 1153 731 φαίνεται
1212 650 1291 709 ὅτι
1349 651 1572 716 ἄπιστος
1616 650 1810 708 ὤνκαὶ
1854 653 2033 723 αὐτὸς,

372 744 469 797 τοῦ
524 740 769 817 δαίμονος
822 743 995 814 ἑαυτῷ
1042 741 1289 821 πρόξενος
1351 741 1562 819 ἐγένετο
1611 740 1695 797 διὰ
1738 742 1837 809 τὴν
1917 742 2039 798 ἀπι-

373 831 556 892 στίαν,

469 944 490 977 ι
556 919 686 979 Τότε
760 919 1138 999 προσελθόντες
1192 926 1238 979 οἱ
1289 924 1522 996 μαθηταὶ
1580 927 1656 995 τῷ
1700 919 1877 989 Ἰησοῦ
1918 902 2041 977 κατ’,

374 1010 537 1089 ἰδίαν,
596 1011 781 1068 εἴπονο
852 1011 1001 1067 Διατί
1058 1014 1223 1087 ἡμεῖς
1257 1015 1352 1070 οὒκ
1405 1009 1739 1087 ἠδυνήθημεν
1786 1010 2037 1067 ἐκϐαλεῖν

382 1104 511 1158 αὒτὸ
546 1121 562 1180 ;
625 1094 680 1159 Ὀ
739 1100 792 1157 δὲ
829 1101 1035 1169 Ἰησοῦς
1082 1103 1237 1159 εἶπεν
1274 1104 1480 1165 αὑτοῖς·
1516 1103 1615 1158 Διά
1657 1103 1756 1169 τὴν
1788 1102 2034 1159 ἀπιστίαν

380 1194 556 1265 ὑμῶν.
618 1192 789 1265 Ἀμὴν
843 1192 944 1270 γὰρ
993 1191 1139 1271 λέγω
1187 1194 1337 1272 ὃμϊν,
1400 1191 1489 1249 ἐὰν
1533 1192 1702 1273 ’έχητε
1732 1192 1905 1249 πίστιν
1961 1194 2033 1254 ὡς

382 1283 576 1337 κόκκον
622 1281 909 1355 σινάπεως,
974 1281 1145 1359 ἐρεῖτε
1204 1289 1281 1356 τῷ
1345 1281 1453 1360 ὄρει
1513 1282 1701 1354 τούτῳ,
1766 1278 2033 1347 Μετάϐηθι

376 1370 608 1426 ἐντεῦθεν
656 1370 796 1450 ἐκεῖ,
870 1372 959 1427 καὶ
1040 1369 1420 1446 μεταϐήσεταυ
1498 1373 1585 1427 καὶ
1643 1370 1788 1430 οὐδὲν
1849 1370 2035 1427 ἀδυνα-

375 1461 533 1529 τήσει
594 1461 743 1535 ὑμῖν
790 1468 945 1517 τοῦτο
997 1459 1052 1517 δὲ
1122 1463 1185 1518 τὸ
1244 1461 1395 1538 γένος
1455 1462 1549 1518 οὑκ
1593 1462 1933 1538 ἐκπορεὺεται
1991 1462 2035 1516 εί

372 1550 457 1624 μὴ
516 1549 571 1605 ἐν
623 1556 902 1630 mouenti";
986 1552 1074 1607 καὶ
1146 1551 1384 1623 νηστείᾳ,
1453 1570 1482 1609 )
1546 1549 1914 1630 Ἐιροϐἧθησαν
1990 1553 2034 1607 οἱ

374 1639 670 1695 ἀπόστολοι
767 1641 980 1714 μὴποτε
1038 1639 1321 1696 ἀπώλεσαν
1378 1640 1478 1707 τὴν
1549 1638 1788 1697 δοθεῖσαν
1850 1640 2035 1705 αὑτοῖς

2121 578 2253 619 cum
2284 570 2340 622 et
2371 562 2497 643 ipse
2532 565 2877 627 incredulus
2916 566 3118 643 fuerit,
3160 586 3267 649 per
3298 562 3776 635 incredulitatem

2121 648 2376 711 dmmoni
2408 670 2472 713 se
2500 652 2816 716 invadendi
2844 658 3037 717 locum
3071 648 3331 719 dederit.

2207 919 2383 979 Vsus.
2429 920 2628 984 t8-20.
2666 921 2866 984 .Tunc
2896 925 3249 988 accedentes
3279 928 3557 1010 discipuli
3574 928 3646 991 ad
3667 930 3771 994 Je-

2121 1023 2248 1066 sum
2285 1026 2580 1077 seorsum.
2611 1011 2887 1073 dixerunt
2920 1030 2933 1075 :
2968 1012 3163 1085 Quare
3196 1034 3304 1077 nos
3338 1036 3455 1079 non
3476 1021 3774 1099 potuimus

2120 1095 2338 1188 ejicere
2358 1098 2535 1159 illud?
2556 1102 2729 1161 Jesus
2753 1110 2948 1162 autem
2969 1102 3116 1163 dixit
3136 1103 3277 1167 illis:
3299 1095 3550 1188 Propter
3568 1110 3771 1172 incre-

2119 1186 2429 1280 dulitatem
2465 1198 2742 1280 vestram.
2777 1195 2967 1253 Amen
3000 1192 3223 1274 quippe
3254 1194 3389 1257 dico
3412 1186 3777 1280 vobis,siha-

2120 1273 2312 1335 beatis
2348 1276 2524 1337 iidem
2560 1278 2713 1338 sicut
2771 1297 3017 1358 granum
3069 1273 3315 1363 sinapis,
3351 1283 3559 1347 dicetis
3585 1273 3774 1350 inonti

2119 1364 2260 1458 huic
2298 1386 2310 1424 :
2347 1366 2624 1458 Demigra
2677 1368 2817 1458 hinc
2876 1368 3038 1451 illuc,
3073 1380 3130 1431 et
3160 1371 3541 1453 demigrabit,
3578 1395 3775 1458 neque

2120 1454 2452 1546 quidquam
2480 1456 2849 1546 impossibile
2881 1458 2994 1519 erit
3025 1458 3213 1521 vobis.
3262 1458 3383 1524 Sed
3416 1464 3530 1526 hoc
3582 1454 3774 1546 genus

2121 1560 2237 1602 non
2259 1544 2559 1621 egreditur
2582 1545 2693 1606 nisi
2712 1564 2816 1626 per
2833 1546 3323 1627 deprecationem
3342 1560 3400 1613 et
3407 1544 3771 1635 jejunium.»

2122 1629 2473 1693 Timuerunt
2503 1636 2780 1717 apostoli,
2846 1656 2919 1697 ne
2975 1637 3377 1717 perdidissent
3410 1629 3630 1706 idatam
3663 1646 3775 1709 sibi

372 1729 513 1785 κατά
566 1735 673 1785 τῶν
729 1726 996 1803 δαιμόνιοι
1054 1730 1239 1809 χάριν·
1275 1730 1361 1786 διὰ
1392 1730 1543 1785 τοῦτο
1576 1729 1693 1786 κατ’
1738 1727 1867 1785 ἰδίαν
1898 1730 2030 1806 ἐρω-

2122 1732 2330 1782 contra
2354 1724 2657 1786 daemones
2678 1724 2951 1802 gratiam:
2962 1736 3275 1807 propterea
3290 1731 3558 1812 perplexi
3575 1735 3774 1798 animo

377 1825 543 1874 τῶσιν
604 1818 962 1896 ἀγωνιῶντες*
1038 1822 1064 1875 ὁ
1135 1818 1189 1875 δὲ

376 1906 641 1979 ὀνειδίζων
702 1911 908 1989 αῦτοϊς,
967 1910 1146 1989 φησὶν,
1199 1909 1278 1965 ὃτι
1311 1906 1393 1963 διὰ
1424 1910 1522 1975 τὴν
1567 1908 1811 1965 ἀπιστίαν
1865 1910 2031 1983 ὑμῶν’

1276 1818 1460 1898 Κύριος
1520 1822 1592 1882 ὡς
1676 1818 2030 1896 ἀτελεστέροις

2128 1829 2393 1871 seorsum
2430 1812 3125 1893 interrogant.Dominus
3155 1826 3351 1879 autem
3375 1823 3565 1898 arguit
3586 1842 3687 1885 eos
3711 1832 3777 1887 ut

2124 1898 2613 1977 imperfectiores,
2652 1904 2883 1978 dicens,
2907 1912 3151 1984 propter
3174 1906 3652 1974 incredulitatem
3679 1932 3780 1975 ve-

374 1998 467 2053 ἐὰν
538 1999 636 2075 γὰρ
692 2000 893 2074 θερμὴν
975 1999 1062 2054 καὶ
1148 1998 1365 2069 ζέουσαν
1422 1998 1607 2078 ε’ίχετε
1668 1999 1865 2071 πίστιν,
1940 1998 2030 2053 κᾶν

2123 1989 2479 2051 stram.Nam
2504 1992 2547 2051 si
2572 1992 2895 2054 ferventem
2948 2001 3007 2054 et
3040 1994 3346 2056 ardentem
3373 1997 3671 2063 haberetis
3696 2003 3773 2063 ti-

376 2088 543 2166 μικρά
614 2086 806 2161 ἐδόκει,
882 2088 1265 2166 κατωρθώσατε
1325 2087 1383 2144 ἄν
1414 2090 1479 2144 τὰ
1528 2086 1761 2166 μεγαλα·
1828 2095 1929 2144 ποῦ
1982 2086 2030 2143 δὲ

2124 2078 2281 2153 dem,
2319 2081 2494 2140 etiam
2529 2082 2575 2140 si
2608 2099 2786 2161 parva
2817 2083 3151 2160 videretur,
3185 2085 3551 2164 perﬁceretis
3569 2090 3775 2173 utique

372 2177 474 2255 ὄρη
539 2178 872 2253 μετέστησαν
930 2180 976 2233 οἱ
1037 2176 1350 2243 ἀπόστολοι,
1428 2176 1654 2253 οἏαμοῦ
1687 2178 1785 2252 μὲν
1834 2177 2030 2256 γέγρα-

2122 2184 2353 2245 magna.
2390 2169 2498 2231 Ubi
2532 2181 2728 2232 autem
2764 2181 2998 2234 montes
3031 2175 3463 2238 transtulerunt
3493 2169 3768 2260 apostoli,

372 2290 524 2341 πται,
604 2266 743 2335 πλὴν
817 2268 963 2324 είκὸσ
1006 2268 1071 2334 ἦν
1104 2268 1456 2347 μεταστῆσαι,
1504 2269 1590 2324 καὶ
1634 2269 1709 2344 μὴ
1740 2269 2029 2346 γραφῆναι.

2118 2276 2408 2339 nusquam
2444 2261 2682 2340 quidem
2708 2262 2991 2341 scriptum
3022 2273 3111 2324 est
3139 2282 3153 2323 :
3184 2274 3591 2329 verumtamen
3613 2270 3772 2331 veri—

372 2362 447 2416 06
504 2358 604 2435 γὰρ
676 2359 847 2413 πάντα
902 2356 1229 2436 ἐγράφησαν
1310 2356 1484 2421 ἄλλως
1542 2378 1624 2431 τε,
1660 2358 1753 2414 οὒκ
1784 2358 2030 2434 ἀπῄτησε

2118 2348 2311 2408 simile
2341 2361 2433 2409 est
2472 2351 2628 2429 quod
2662 2352 3339 2427 transtulerint,etiamsi
3372 2374 3487 2417 non
3521 2357 3597 2418 sit
3626 2359 3773 2420 scri-

372 2449 584 2526 καιρὸς,
661 2448 747 2503 καὶ
792 2444 875 2502 διὰ
944 2454 1098 2503 τοῦτο
1156 2449 1214 2503 οὗ
1258 2446 1614 2523 μετέστησαν,
1654 2445 1787 2503 ἄλλα
1819 2445 1872 2503 δὲ
1906 2447 2028 2521 μεί-

2118 2445 2302 2515 ptum:
2334 2458 2449 2498 non
2476 2440 2636 2500 enim
2664 2443 2861 2502 omnia
2890 2442 3112 2522 scripta
3130 2451 3291 2504 sunt.
3318 2443 3428 2506 Vel
3449 2446 3772 2521 aliter,non

371 2544 499 2607 ζονα
584 2535 867 2603 ἐποίησαν.
934 2527 1081 2616 "Op:
1137 2544 1261 2614 γοῦν
1293 2538 1381 2593 καὶ
1413 2539 1503 2593 τὸν
1536 2545 1721 2616 Κύριον
1778 2538 1827 2592 τί
1898 2536 2025 2617 ἔφη’

2118 2527 2383 2617 exigebat
2430 2536 2690 2611 tempus,
2725 2540 2784 2593 et
2829 2531 2965 2593 ideo
2997 2550 3115 2593 non
3150 2535 3585 2597 transtulerunt
3616 2559 3630 2597 :
3664 2538 3771 2600 sed

379 2651 402 2681 ι
474 2626 681 2705 Ἔρεττε
754 2632 831 2700 τῷ
904 2624 1010 2705 ὄρει
1067 2628 1258 2699 τούτῳ,
1337 2624 1629 2706 Μετάϐηθι,
1669 2650 1695 2681 ι
1731 2626 2025 2697 τουτέστιν,

2118 2616 2229 2677 alia
2249 2619 2786 2709 majorafecerunt.
2815 2620 2967 2683 Vide
2985 2632 3181 2684 autem
3208 2632 3266 2684 et
3285 2622 3603 2688 Dominum
3628 2628 3770 2709 quid

373 2705 552 2773 U01M
616 2715 836 2797 εἴπητε,
896 2717 1017 2773 τότε
1077 2714 1464 2791 μεταϐήσεται·
1529 2720 1624 2774 οὒκ
1655 2716 1815 2773 εἷπον
1849 2718 1935 2773 οὗν
1984 2718 2030 2772 οἱ

2118 2706 2266 2767 dicat
2299 2725 2310 2765 :
2361 2732 2385 2761 (ι
2422 2707 2648 2770 Dicetis
2680 2712 2863 2773 monti
2902 2712 3064 2786 huic,
3104 2713 3400 2791 Demigra,
3439 2739 3466 2770 ι
3508 2717 3622 2778 hoc
3646 2705 3766 2795 est,

373 2805 687 2877 ἀπόστολοι,
774 2809 849 2869 ὡς
905 2808 984 2881 μὴ
1042 2813 1224 2885 καιροῦ
1254 2805 1541 2870 καλοῦντος
1576 2804 1712 2881 μηδέ
1764 2806 2025 2887 ἀνάγκης,

2118 2796 2350 2875 quando
2382 2796 2766 2874 dicetis,tunc
2803 2800 3094 2861 transibit.
3126 2800 3253 2863 Non
3286 2802 3564 2867 dixerunt
3591 2807 3770 2887 igitur

378 2897 470 2950 καὶ
542 2894 624 2950 διὰ
668 2905 818 2954 τοῦτο
879 2896 938 2952 οὒ
1011 2894 1307 2972 μετέϐησαν
1365 2895 1490 2975 ὅρη·
1523 2898 1595 2959 ὡς
1666 2896 1780 2973 εἴγε
1841 2897 2020 2967 εἷπον,

2118 2887 2386 2979 apostoli,
2422 2889 2705 2967 quoniam
2762 2898 2993 2970 tempus
3025 2908 3145 2952 non
3177 2893 3533 2970 postulabat,
3571 2912 3767 2979 neque

383 2980 683 3057 μετέδησαν
756 2982 834 3046 ἄν,
880 2992 1046 3043 Τοῦτο
1103 2984 1157 3040 δὲ
1201 2987 1261 3041 τὸ
1293 2985 1466 3064 γένος,
1513 2988 1573 3041 τὸ
1602 2992 1706 3040 τῶν
1736 2985 2024 3060 δαιμόνων,

2118 2978 2439 3037 necessitas
2464 2999 2476 3039 :
2503 2986 2561 3038 et
2581 2987 2899 3059 propterea
2922 2999 3039 3040 non
3062 2981 3491 3044 transtulerunt
3510 2995 3762 3051 montes.

383 3070 470 3128 διὰ
542 3080 836 3153 πρρσευχῆς
878 3076 965 3133 καὶ
1010 3076 1254 3141 νηστείας
1296 3072 1632 3134 ἐκϐάλλεται.
1686 3085 1782 3132 Δεῖ
1810 3076 1908 3154 γὰρ
1939 3084 2028 3136 καὶ

2118 3064 2255 3126 Nam
2292 3067 2339 3126 si
2375 3067 2685 3142 dixissent,
2752 3069 3197 3131 transtulissent
3238 3072 3461 3150 utique.
3518 3076 3610 3135 92
3639 3073 3767 3138 Hoc

379 3163 569 3227 αὐτοὺς
668 3162 889 3229 ἐκείνους
980 3163 1211 3239 μάλιστα
1296 3165 1417 3227 τοὺς
1501 3162 1861 3238 δαιμονῶντας
1923 3186 2026 3231 νη-

2118 3167 2309 3217 autem
2346 3175 2533 3234 genus
2566 3158 2997 3218 daemoniorum
3050 3178 3160 3238 per
3196 3143 3675 3241 deprecationem
3707 3172 3770 3229 et

372 3253 601 3325 στεύειν,
663 3254 749 3309 καὶ
797 3256 920 3317 τοὺς
973 3252 1265 3322 μελλοντας
1326 3254 1514 3316 αὖτοὺς
1543 3255 1869 3332 θεραπεύειν’
1905 3254 2026 3310 τότε

2118 3245 2398 3324 jejunium
2435 3245 3025 3327 expelliturﬂportet
3043 3252 3203 3309 enim
3229 3256 3286 3309 et
3310 3250 3443 3312 illos
3471 3251 3634 3332 ipsos
3649 3255 3767 3316 daa-

372 3343 427 3400 ὃὲ
484 3347 517 3412 ἡ
572 3346 874 3426 προσευχὴ,
939 3347 1061 3401 ὃταν
1094 3350 1153 3405 οὗ
1184 3346 1319 3422 μετὰ
1353 3346 1545 3425 μέθης,
1577 3346 1712 3403 ἀλλὰ
1758 3348 1892 3422 μετά
1925 3371 2026 3414 νη-

375 3436 550 3499 στείας
636 3435 871 3514 γίνηται⁶
924 3436 1028 3493 νόει
1066 3435 1119 3491 δὲ
1181 3438 1269 3492 καὶ
1296 3434 1375 3492 ὅτι
1406 3443 1550 3493 πᾶσα
1580 3439 1614 3505 ἡ
1647 3438 1845 3510 πίστις,
1894 3439 1992 3493 κόκ
2016 3469 2030 3481 ο

372 3548 467 3587 κος
522 3526 807 3597 σινάπεως,
872 3524 1089 3592 εὖτελης
1141 3527 1238 3601 μὲν
1284 3526 1605 3602 νομιζομένη
1650 3525 1735 3585 διὰ
1763 3527 1861 3594 τὴν
1908 3550 2031 3601 μω·-

372 3614 485 3689 ρίαν
543 3622 635 3669 τοῦ
706 3612 1073 3690 κηρύγματος
1136 3612 1276 3682 πλὴν
1336 3614 1425 3670 ἐὰν
1498 3615 1639 3694 τύχῃ
1668 3621 1769 3693 γῆς
1802 3616 2028 3693 ἀγαθῆς,

375 3705 445 3769 εἷς
512 3700 717 3781 δένδρον
750 3702 1097 3777 αὐξανομένη,
1134 3702 1187 3759 ἒν
1216 3706 1261 3777 ᾧ
1303 3704 1367 3760 τὰ
1414 3726 1539 3760 πετε
1556 3706 1634 3760 ινά
1663 3712 1754 3761 τοῦ
1784 3707 2026 3782 οὐρανοῦ,

378 3796 423 3850 οἱ
536 3793 793 3849 ἀνωτάτω
878 3793 1160 3867 πετόμενοι
1229 3792 1503 3872 λογισμοὶ,
1578 3802 2026 3861 κατασκηνοῦσιν,

378 3865 571 3946 μΟστις
631 3882 719 3939 οὖν
778 3880 896 3961 ἔχει
955 3888 1130 3939 πᾶσαν
1199 3883 1300 3950 τὴν
1329 3884 1527 3964 πίστιν,
1563 3884 1768 3948 ἐκεῖνος
1817 3884 2029 3940 δὺναται

373 3976 545 4028 εἰπεῖν
600 3978 677 4046 τῷ
733 3971 843 4049 ὃρει
900 3973 1094 4050 τούτῳ,
1161 3970 1451 4047 Μετὶϐηθι,
1514 3973 1754 4030 τουτέστι
1787 3980 1862 4048 τῷ
1909 3971 2026 4030 δαί-

371 4076 516 4135 μονι·
552 4059 777 4117 ἐδείκνυε
809 4060 909 4139 γὰρ
940 4061 1002 4116 τὸ
1034 4058 1237 4126 ἐξελθὸν
1271 4059 1566 4136 δαιμόνιον,

462 4346 489 4376 ι
565 4320 1066 4403 Ἀναστρεφομένων
1144 4319 1198 4377 δὲ
1271 4324 1444 4381 αὒτῶν
1514 4324 1568 4380 ἐν
1628 4330 1695 4401 τῇ
1749 4324 2026 4399 Γαλιλαίᾳ,

372 4412 531 4469 εἶπεν
572 4413 754 4476 αὖτοϊς
788 4414 815 4467 ὁ
874 4410 1105 4479 Ἰησοῦς·
1141 4410 1337 4468 Μέλλει
1388 4416 1415 4469 ὁ
1462 4416 1581 4478 Υἱὸς
1624 4424 1718 4473 106
1758 4415 2027 4493 ἀνθρώπου

372 4498 743 4579 παραδίδοσθαι
802 4502 875 4564 εἷς
936 4515 1130 4581 χεῖρας
1163 4501 1470 4582 ἀνθρώπων,
1524 4505 1611 4560 καὶ
1654 4503 2030 4562 ἀποκτενοῦσιν

375 4592 555 4672 αὒτὸν,
612 4592 699 4646 καὶ
729 4594 797 4668 τῇ
827 4592 977 4668 τρίτῃ
1049 4592 1223 4669 ἡμέρᾳ
1280 4592 1642 4671 ἐγερθησεται·
1678 4596 1764 4650 καὶ
1820 4593 2027 4665 ἐλυπή-

370 4685 540 4749 θησαν
596 4679 816 4763 σφόδρα.
852 4704 876 4738 ι
912 4686 1167 4761 Συνεχῶς
1213 4680 1462 4762 προλέγει
1507 4686 1625 4763 περὶ
1668 4692 1759 4741 τοῦ
1808 4685 2026 4764 πάθους,

371 4770 467 4828 ἵνα
540 4777 618 4847 μη
673 4770 933 4833 ἀκουσίως
985 4775 1173 4828 παθεῖν
1236 4776 1483 4851 νομισθῇ,
1530 4776 1618 4831 καὶ
1664 4773 1776 4850 ἃμα
1805 4774 1898 4831 ’ίνα
1930 4797 2028 4853 γυ-

373 4863 553 4939 μνάσῃ
608 4862 820 4941 αὖτοὺς,
899 4862 990 4917 καὶ
1042 4861 1118 4936 μὴ
1146 4869 1223 4937 τῷ
1266 4861 1651 4942 ἀπροσδοκήτῳ
1691 4867 2032 4944 ταραχθῶσιν

371 4950 501 5010 ὅταν
550 4950 796 5031 γένηται’
863 4949 1203 5008 ἱπισυνάπτει
1262 4949 1317 5008 δὲ
1361 4965 1480 5017 τοῖς
1553 4952 1819 5031 λυπηροῖς
1850 4956 1939 5011 καὶ
1972 4956 2031 5010 τὸ

373 5042 713 5124 εὖφρόσυνον,
745 5043 829 5121 τὸ,
865 5039 1286 5112 Ἀναστήσεται.

462 5155 486 5189 ι
564 5130 863 5190 Ἐλθόντων
932 5128 987 5187 δὲ
1044 5132 1217 5189 αὐτῶν
1267 5134 1341 5198 εἷς
1377 5135 1750 5213 Καπερναοὺμ,
1787 5136 2031 5213 προσῆλ-

372 5230 465 5283 0m
522 5226 568 5281 οἱ
625 5224 691 5278 τὰ
740 5219 1006 5301 δίδραχμα
1064 5219 1427 5298 λαμϐάνοντες
1491 5232 1569 5299 τῷ
1600 5225 1800 5304 Πέτρῳ,
1836 5228 1922 5282 καὶ
1951 5227 2033 5284 εἶ-

372 5329 499 5373 πον·
532 5303 590 5371 Ὀ
623 5310 938 5376 διδάσκαλος
965 5312 1111 5389 ὑμῶν
1146 5313 1204 5369 οὗ
1228 5312 1377 5370 τελεῖ
1408 5315 1471 5370 τὰ
1504 5303 1770 5394 δίδραχμα
1806 5334 1821 5390 ;
1851 5315 2028 5394 Λέγει,

374 5406 497 5465 Ναί,
570 5427 599 5457 ι
660 5392 717 5459 Ὀ
782 5404 911 5465 Θεὸς
941 5401 1055 5459 ἀντὶ
1084 5409 1189 5458 τῶν
1221 5405 1577 5481 πρωτοτόκων
1607 5410 1715 5459 τῶν
1751 5396 2026 5487 Ἐϐραίων,

377 5494 630 5561 ἠθέλ-σεν
706 5491 1063 5573 ἀφιερωθῆναι
1122 5496 1265 5569 αὒτῷ
1342 5495 1438 5562 τὴν
1487 5504 1583 5553 τοῦ
1639 5496 1766 5550 Λευί
1840 5494 2029 5575 φυλὴν.

384 5586 573 5663 Εὒρέθη
647 5581 703 5639 δὲ
776 5584 1130 5661 ἀριθμηθεϊσα
1184 5586 1219 5652 ἡ
1276 5593 1369 5642 106
1425 5588 1555 5641 Αευ³ι
1606 5582 1769 5664 φυλὴ,
1817 5583 1906 5642 δύο
1948 5590 2035 5644 καὶ

386 5672 549 5731 εἴκοσι
622 5669 894 5753 χιλιάδες’
973 5671 1038 5727 τὰ
1099 5670 1154 5728 δέ
1184 5673 1524 5751 πρωτότοκα,
1559 5671 1797 5752 χιλιάδες
1832 5676 2033 5733 εἰκοσι-

2115 3334 2419 3395 moniacos
2454 3336 2706 3396 maxime
2727 3336 3097 3415 jejunare,et
3128 3356 3230 3398 eos
3261 3338 3362 3418 qui
3394 3340 3526 3401 illos
3555 3359 3768 3405 sanare

2113 3423 2339 3485 volunt.
2376 3424 2538 3485 Tunc
2572 3435 2765 3485 autem
2822 3434 2913 3487 est
2967 3428 3331 3506 deprecatio,
3376 3430 3611 3509 quando
3643 3450 3765 3494 non

2115 3532 2248 3574 cum
2274 3514 2707 3595 ebrietate,sed
2742 3534 2875 3576 cum
2910 3517 3139 3596 jejunio
3170 3517 3253 3578 ﬁt.
3287 3518 3572 3592 Observa,
3606 3523 3765 3602 quod

2115 3605 2309 3664 omnis
2342 3605 2489 3665 lides
2516 3624 2767 3683 granum
2801 3615 2890 3666 est
2941 3607 3189 3687 smapis.
3228 3606 3575 3690 Contempta
3604 3611 3761 3672 enim

2118 3702 2353 3773 putatur
2387 3706 2631 3774 propter
2660 3695 2964 3756 stultitiam
3000 3697 3468 3777 praedicationis;
3503 3709 3768 3763 attamen

2115 3784 2164 3844 si
2198 3786 2481 3845 ceciderit
2511 3786 2569 3845 iu
2604 3794 2824 3846 terram
2858 3786 3096 3859 bonam,
3120 3788 3335 3849 crescit
3365 3787 3426 3848 in
3457 3789 3763 3875 arborem,

2116 3874 2171 3933 in
2209 3893 2323 3953 qua
2352 3874 2609 3935 volatilia
2640 3876 2799 3950 caeli,
2831 3876 2943 3937 hoc
2975 3886 3087 3951 est,
3118 3878 3500 3956 cogitationes
3531 3874 3766 3942 summa

2116 3965 2780 4043 petentes,nidulantur.
2808 3963 2990 4043 Igitur
3021 3967 3288 4047 quisquis
3320 3970 3497 4036 habet
3527 3996 3764 4039 omnem

2116 4053 2318 4123 ﬁdem,
2346 4053 2445 4113 ille
2480 4063 2675 4132 potest
2708 4054 2911 4116 dicere
2947 4056 3135 4116 monti
3167 4058 3768 4143 huic,Demigra,hoc

2117 4150 2229 4216 est,
2261 4143 2522 4203 daemoni
2559 4164 2571 4206 :
2627 4144 2981 4205 ostendebat
3027 4147 3185 4207 enim
3220 4152 3376 4230 quod
3409 4153 3598 4216 exiret
3638 4156 3765 4219 dae-

2118 4249 2402 4292 montum.

2196 4318 2377 4383 Vnus.
2414 4322 2512 4401 Ql,
2538 4321 2639 4386 ‘22.
2682 4344 2711 4382 ‹
2734 4325 2881 4387 Cum
2916 4332 3111 4386 autem
3146 4339 3524 4393 versarentur
3552 4332 3614 4394 in
3642 4338 3765 4399 Ga-

2116 4411 2290 4481 lilzea,
2327 4411 2473 4472 dixit
2516 4413 2634 4474 illis
2672 4413 2846 4476 Jesus
2880 4415 3200 4477 :Futurum
3226 4427 3316 4479 est
3345 4430 3411 4480 ut
3438 4420 3622 4484 Filius
3652 4425 3764 4487 bo-

2118 4502 2291 4562 minis
2325 4503 2596 4565 tradatur
2634 4504 2694 4564 in
2729 4523 2937 4565 manus
2990 4507 3324 4583 hominum,
3368 4527 3438 4572 ac
3487 4513 3768 4577 occident

2114 4603 2342 4667 eum,et
2368 4592 2538 4653 tertio
2570 4594 2668 4655 die
2698 4604 2988 4673 resurget.
3028 4596 3100 4657 Et
3130 4615 3384 4660 maerore
3414 4602 3606 4662 affecti
3630 4612 3769 4666 sunt

2117 4681 2559 4743 vehementer.»
2599 4681 2864 4745 Subinde
2894 4685 3242 4747 memoriam
3270 4686 3408 4748 facit
3441 4690 3765 4773 passionis,

2114 4788 2189 4831 ne
2220 4771 2559 4833 existiment
2580 4773 2736 4854 quod
2768 4772 2985 4834 invitus
3019 4775 3364 4856 patiatur,et
3398 4777 3634 4840 interim
3655 4771 3768 4843 hoc

2114 4860 2624 4939 agit.utexerceat
2649 4880 2773 4943 eos,
2807 4868 2866 4924 et
2918 4881 2993 4925 ne
3015 4871 3355 4927 terreantur
3380 4866 3429 4928 si
3456 4867 3572 4930 hoc
3594 4868 3768 4932 inex-

2116 4960 2443 5031 spectatum
2474 4951 3270 5034 eveniat.Conjunxitautem
3307 4956 3573 5020 tristibus
3608 4959 3765 5038 laeta,

2118 5040 2347 5103 scilicet
2379 5043 2538 5122 quod
2570 5052 2865 5122 resurget.

2202 5134 2385 5196 Vens.
2421 5133 2523 5208 23,
2558 5135 2655 5197 24.
2698 5159 2721 5189 α
2754 5132 2898 5196 Cum
2930 5140 3128 5196 autem
3163 5134 3465 5199 venissent
3502 5138 3562 5199 in
3592 5138 3768 5221 oppi-

2120 5222 2260 5284 dum
2285 5223 3071 5304 Capernaum,accesserunt
3088 5225 3186 5305 qui
3210 5225 3561 5290 didrachma
3577 5229 3772 5291 solent

2116 5314 2492 5394 accipere,ad
2529 5313 3234 5395 Petrum,dixeruntque:
3270 5317 3607 5398 Praeceptor
3636 5335 3773 5381 ves-

2122 5412 2211 5466 ter
2233 5423 2369 5465 num
2389 5405 2561 5465 solvit
2580 5404 2928 5465 didrachma
2945 5410 2972 5467 ?
2992 5405 3164 5485 Dicit,
3192 5406 3446 5470 Etiam.»
3476 5406 3634 5469 Deus
3664 5427 3770 5490 pro

2120 5494 2532 5573 primogenitis
2553 5491 2943 5555 Hebrzeorum
2965 5495 3146 5556 voluit
3166 5499 3509 5559 consecrari
3529 5497 3643 5559 sibi
3661 5500 3771 5560 tri-

2123 5585 2261 5645 bum
2286 5584 2443 5646 Levi.
2472 5583 2755 5645 Iuventus
2776 5592 2865 5646 est
2886 5593 3081 5646 autem
3106 5580 3394 5648 numerus
3417 5586 3610 5649 tribus
3627 5586 3771 5650 Levi

2127 5674 2324 5752 viginti
2350 5674 2469 5736 duo
2493 5674 2705 5747 millia;
2731 5674 3108 5755 primogeniti
3132 5676 3653 5749 autem,chiliades
3677 5676 3765 5764 vi-
