4204 6402
473 302 592 378 33.5

1437 298 2039 368 THEOPHYLACTI
2084 295 2499 360 BULGARI/E
2533 293 2888 357 ARCHIEP.

3749 277 3866 345 336

476 441 622 521 ginti
654 440 786 504 duae
806 447 864 502 et
893 439 1130 502 ducenti
1163 447 1222 498 et
1259 437 1632 518 septuaginta
1657 446 1776 500 tres
1793 435 1870 497 99.
1905 439 2016 497 Pro
2043 433 2129 494 his

2219 430 2306 488 δύο
2389 432 2477 487 καὶ
2527 427 2770 486 διακόσια
2823 425 3196 502 ἐϐδομήκοντα
3227 428 3315 484 καὶ
3339 429 3475 504 τρία·
3513 424 3625 480 ἀντὶ
3669 422 3872 478 τούτων

476 532 660 609 igitur
688 531 787 611 qui
820 538 990 591 erant
1041 529 1192 589 ultra
1239 526 1457 587 tribum
1498 527 1725 606 Levi,et
1757 525 2132 605 primogeniti

479 619 1107 696 erant,decrevitDeus
1121 618 1246 679 dari
1261 617 1674 678 didrachmum
1695 616 2130 678 sacerdotibus.

477 710 981 788 Hincigiturfacta
995 719 1083 769 est
1098 707 1464 769 consuetudo
1481 717 1544 768 ut
1560 707 1917 788 simpliciter
1930 724 2136 767 omnes

478 799 857 880 primogeniti
884 798 1215 878 penderent
1246 796 1685 868 didrachmum,
1721 796 1818 876 qui
1845 806 1932 856 est
1953 797 2132 875 quin-

477 908 592 970 que
615 887 903 963 sicli,hoc
931 886 1277 948 estducenti
1303 886 1668 947 oboli.Unde
1687 891 1821 966 quia
1847 884 2133 945 Dominus

476 977 907 1058 primogenitus
925 973 1384 1056 erat.pendebat
1410 983 1467 1035 et
1491 974 1907 1054 ipse.Reveriti
1931 983 2126 1034 autem

475 1065 744 1130 fortassis
766 1065 1065 1129 Christum
1109 1073 1353 1144 propter
1398 1063 1678 1124 miracula
1703 1082 1832 1145 qua}
1856 1063 2125 1136 faciebat,

476 1174 595 1217 non
626 1154 791 1215 illum
825 1153 1331 1230 interrogant,sed
1364 1152 1628 1223 Petrum,
1663 1154 1754 1213 vel
1791 1153 1984 1232 potius
2018 1153 2126 1213 de-

477 1251 751 1323 ceptores
782 1242 1151 1322 erant,quasi
1174 1242 1255 1301 ita
1278 1242 1919 1320 dicerentzPrazceptor
1940 1248 2132 1301 vester

480 1331 595 1410 legi
623 1331 979 1412 contrarius,
1015 1351 1156 1391 num
1211 1331 1268 1390 id
1320 1330 1576 1391 admittit
1612 1340 1676 1391 ut
1711 1329 2006 1410 persolvat
2036 1330 2129 1388 di-

479 1421 766 1482 drachma
793 1426 820 1482 ?

555 1507 959 1580 νεκε.24,25.
1004 1507 1106 1569 «Et
1128 1526 1261 1568 cum
1295 1507 1605 1587 ingressus
1628 1509 1832 1568 fuisset
1863 1507 2126 1582 domum,

481 1598 764 1678 prevenit
794 1597 962 1658 illum
997 1598 1192 1671 Jesus,
1246 1596 1451 1659 dicens
1484 1619 1496 1660 :
1549 1596 1698 1667 Quid
1734 1597 1838 1657 tibi
1867 1596 2124 1669 videtur,

479 1685 717 1749 Simon?
743 1687 938 1766 Reges
954 1695 1127 1747 terra:
1147 1705 1180 1748 a
1198 1685 1416 1766 quibus
1457 1686 1756 1766 accipiunt
1786 1687 2006 1748 tributa
2031 1696 2130 1748 aut

477 1773 812 1839 censum?a
845 1775 980 1836 filiis
1010 1776 1157 1851 suis,
1193 1796 1266 1836 an
1336 1776 1412 1837 ab
1444 1775 1687 1836 alienis?
1715 1775 1870 1837 Dicit
1900 1775 1985 1836 illi
2019 1779 2128 1837 Pe-
2157 1804 2189 1850 Β
2213 1796 2302 1830 σον
2336 1791 2352 1853 ;

476 1874 630 1940 trus,
675 1864 767 1927 Ab
812 1863 1048 1928 alienis.
1114 1865 1211 1928 Ait
1259 1865 1344 1925 illi
1377 1866 1568 1938 .lesus,
1603 1867 1758 1944 Ergo
1789 1865 1962 1925 liberi
1994 1875 2132 1926 sunt

478 1955 606 2018 filii.
646 1979 672 2010 ι
710 1951 1015 2034 Tanquam
1072 1957 1228 2017 Deus
1287 1954 1532 2027 sciebat,
1576 1956 1842 2034 quamvis
1872 1973 1988 2016 non
2022 1975 2130 2016 au-

476 2042 836 2125 dierat,quid
867 2043 950 2104 illi
995 2044 1174 2105 locuti
1214 2044 1470 2105 fuissent
1496 2044 1565 2104 ad
1591 2044 1827 2105 Petrum
1865 2063 1877 2107 :
1908 2045 2130 2107 idcirco

475 2143 534 2194 et
565 2133 849 2214 praevenit
870 2135 1282 2205 eum,dicens:
1325 2136 1388 2196 St
1410 2152 1584 2212 reges
1626 2143 1798 2194 terra:
1824 2153 1940 2194 non
1971 2136 2124 2196 acci-

480 2224 648 2303 piunt
668 2223 956 2286 tributum
983 2241 1018 2283 a
1041 2223 1179 2283 filiis
1202 2224 1459 2297 suis,sed
1489 2223 1560 2283 ab
1587 2224 2127 2303 aiienis,quomod0

481 2313 769 2374 caelorum
790 2311 915 2374 Rex
939 2332 972 2374 a
1000 2331 1094 2374 me
1112 2311 1260 2374 Filio
1285 2331 1391 2374 suo
1414 2314 1662 2392 accipiet
1687 2313 2134 2374 didrachmum‘?

478 2400 603 2464 Hoc
628 2402 786 2463 enim
813 2403 988 2480 (sicut
1008 2420 1184 2482 supra
1207 2403 1348 2481 dixi)
1395 2402 1808 2463 sacerdotibus
1830 2413 1885 2464 et
1911 2404 2129 2482 templo

481 2490 876 2554 tribuebatur.
901 2491 960 2552 Si
979 2500 1173 2552 autem
1201 2491 1371 2551 liberi
1394 2500 1529 2551 sunt
1552 2491 1654 2552 lilii
1679 2510 1989 2573 parvorum
2024 2509 2118 2552 re-

477 2597 641 2659 gum,
676 2578 908 2640 scilicet
937 2579 1083 2641 nihil
1120 2579 1551 2658 persolventes,
1582 2581 1762 2640 multo
1789 2581 1971 2659 magis
1993 2599 2122 2656 ego.

558 2845 744 2911 Vnus.
779 2846 876 2912 26.
922 2871 946 2901 ι
987 2845 1201 2907 Verum
1255 2866 1327 2908 ne
1360 2851 1545 2907 simus
1586 2847 1702 2908 illis
1742 2848 2119 2910 olfenrliculo.

477 2936 627 2998 vade
651 2939 723 2997 ad
753 2944 1006 3015 mare,et
1033 2935 1197 2996 mitte
1229 2937 1492 3010 hamum,
1531 2945 1740 2998 eteum
1775 2939 1997 3018 piscem
2030 2939 2129 3018 qui

2213 521 2303 577 οὗν
2358 527 2464 577 τῶν
2525 517 2771 575 ἒπέκεινα
2824 523 2924 584 τῆς
2959 527 3051 576 τοῦ
3081 520 3210 576 Λσυΐ
3253 515 3421 593 φυλῆς
3455 513 3620 570 ὄντων
3652 533 3870 590 πρωτο-

2213 614 2410 683 τόκων,
2457 609 2646 687 ὥρισεν
2677 610 2704 664 6
2738 607 2868 670 Θεὸς
2899 605 3112 674 δοθῆναι
3141 604 3430 686 δίδραχμον
3473 617 3592 666 τοῖς
3622 605 3869 680 ἱερεῦσιν

2214 698 2459 756 "Errare
2517 698 2605 755 οὗν
2681 695 2866 775 γέγονε
2938 696 3074 769 ἔθος,
3110 694 3292 758 ἁπλῶς
3337 695 3537 758 πάντας
3569 694 3690 756 τοὺς
3723 713 3872 770 πρω-

2216 789 2466 851 τοτᾶκους
2536 785 2714 843 τελεῖν
2785 787 2846 841 τὸ
2889 782 3203 864 δίδραχμον,
3259 783 3426 840 ὅέστι
3459 783 3614 839 πέντε
3666 779 3862 852 σίκλοι,

2220 877 2377 954 ἤγουν
2436 875 2694 932 διακόσιοι
2739 872 2937 936 ὀϐολοί,
2974 876 3122 932 Ἐπεὶ
3152 874 3240 930 οὖν
3283 877 3373 930 καὶ
3416 875 3443 929 6
3489 873 3673 950 Κύριος
3706 894 3861 949 πρω-

2213 967 2431 1030 τότοκος
2485 966 2574 1039 ἧν,
2635 963 2799 1020 ἐτέλει
2855 965 2940 1020 καὶ
3013 964 3191 1027 αὒτός·
3246 961 3542 1037 αἰδούμενοι
3600 959 3653 1017 δὲ
3726 960 3861 1023 ἴσως

2212 1057 2301 1112 τὸν
2374 1056 2598 1135 Χριστὸν
2662 1052 2746 1110 διὰ
2818 1055 2912 1116 τὰς
2996 1055 3438 1131 θαυματουργίας,

2213 1147 2497 1225 ἐρωτῶσιν,
2573 1143 2709 1200 ἀλλά
2779 1146 2869 1200 τὸν
2927 1143 3144 1225 Πέτρον,
3209 1141 3242 1209 ἦ
3276 1141 3478 1216 μᾶλλον
3523 1142 3860 1220 πανοὺργως,

2213 1238 2405 1312 ὡσανεί
2461 1235 2706 1312 λέγοντες
2765 1243 3006 1306 τοιαῦτα,
3083 1224 3139 1289 Ὀ
3175 1233 3438 1292 ἀντίθετος
3483 1238 3560 1304 τῷ
3604 1232 3751 1305 νόμῳ
3779 1228 3862 1284 δι.-

2213 1323 2475 1388 δάσκαλος
2531 1327 2700 1400 ὑμῶν,
2776 1323 2905 1400 ἆρα,
2958 1319 3269 1386 κατεδέξατο
3351 1319 3525 1376 τελεῖν
3637 1323 3700 1375 τὰ
3784 1318 3862 1374 δίο

2217 1413 2438 1494 δραχμαί
2474 1431 2490 1487 ;

2301 1530 2324 1558 ιι
2378 1506 2476 1560 Καὶ
2505 1504 2591 1558 ὅτε
2637 1500 2875 1569 εἰσῆλθεν
2920 1503 2992 1564 εἰς
3035 1502 3131 1568 τὴν
3175 1501 3366 1574 οἰκίαν,
3400 1500 3726 1580 προέφθασεν
3763 1500 3862 1555 αὖ·

2212 1596 2303 1650 τὸν
2371 1595 2398 1648 6
2456 1592 2687 1671 Ἰησοῦς,
2718 1591 2910 1669 λὲγῶν·
2949 1592 3009 1649 Τί
3052 1613 3134 1647 σοι
3180 1587 3352 1670 δοκεῖ,
3387 1591 3565 1665 Σίμων
3601 1607 3616 1664 ;
3666 1591 3858 1665 03,31.-

2212 1683 2388 1746 σιλεῖς
2447 1688 2545 1749 τῆς
2604 1688 2704 1760 γῆς
2762 1683 2867 1738 ἀπὸ
2937 1682 3090 1737 τίνων
3135 1677 3461 1755 λαμϐάνουσι
3491 1679 3621 1746 τέλη
3655 1679 3689 1747 ἥ
3719 1680 3856 1748 κῆν-

2439 1773 2544 1828 ἀπὸ
2611 1779 2716 1827 τῶν
2767 1775 2890 1828 υἱῶν
2926 1771 3116 1845 αιότῶν,
3148 1773 3183 1838 ἢ
3232 1770 3338 1826 ἀπὸ
3368 1775 3472 1826 τῶν
3516 1768 3804 1846 ἀλλοτρίων
3841 1790 3854 1842 ς

2212 1862 2368 1941 Λέγει
2413 1861 2554 1936 αὒτῷ
2596 1864 2623 1917 6
2655 1861 2872 1940 Πέτρος·
2908 1864 3024 1918 Απὸ
3061 1867 3159 1916 τῶν
3183 1858 3492 1939 ἀλλοτρίων.
3527 1859 3542 1883 ’
3569 1867 3685 1941 Εφη
3718 1861 3862 1933 αὖτῴ

2213 1954 2240 2008 ὃ
2269 1940 2500 2018 Ἰησοῡςο
2550 1949 2702 2030 "Ap:
2734 1972 2794 2029 γε
2837 1950 3093 2029 ἐλεύθεροί
3131 1952 3260 2006 εἰσιν
3292 1949 3478 2011 οἱυὶοί,
3517 1973 3543 2003 ι
3583 1940 3673 2012 Ὠς
3702 1951 3856 2022 Θεὸς,

3515 1053 3608 1108 οὐκ
3657 1051 3863 1107 ἐκεῖνον

2212 2045 2379 2098 καίτοι
2427 2045 2504 2115 μὴ
2549 2041 2801 2120 ἀκοὺσας,
2847 2039 2960 2117 ᾔδει
2993 2041 3040 2096 τί
3077 2039 3433 2121 διελέχθησαν
3481 2042 3674 2096 ἐκεῖνοι
3728 2041 3858 2109 πρὸς

2212 2132 2303 2186 τὸν
2356 2131 2571 2209 Πέτρον·
2635 2128 2712 2185 διὸ
2773 2131 2861 2186 καὶ
2931 2131 3213 2208 προφθάνει
3258 2130 3436 2204 αὐτόν,
3469 2127 3660 2207 λέγων·
3700 2130 3754 2185 Εἰ
3814 2132 3859 2182 οἱ

2211 2219 2453 2296 βασιλεῖς
2512 2223 2611 2285 τῆς
2669 2222 2768 2296 γῆς
2801 2222 2859 2277 οὗ
2902 2216 3230 2294 λαμϐάνουσι
3262 2217 3420 2298 φόρον
3469 2218 3573 2274 ἀπὸ
3603 2223 3706 2273 τῶν
3736 2218 3860 2275 υἱῶν

2217 2312 2411 2382 αὑτῶν,
2472 2306 2591 2363 ἀλλ’
2649 2307 2754 2362 ἀπὸ
2838 2313 2944 2362 τῶν
3001 2306 3312 2385 ἀλλοτρίων,
3347 2313 3461 2369 πῶς
3494 2309 3520 2363 6
3552 2306 3860 2384 ἐπουράνιος

2216 2397 2466 2462 Βασιλεὺς
2533 2396 2626 2452 ἀπ’
2682 2394 2812 2471 ἐμοῦ
2841 2403 2932 2452 τοῦ
2970 2397 3087 2452 rio-5
3118 2395 3276 2452 αὐτοῦ
3303 2393 3532 2469 λήψεται
3578 2396 3638 2450 τὸ
3683 2392 3859 2470 δίδρα-

2211 2509 2356 2566 χμον
2391 2509 2406 2559 ;
2479 2492 2644 2542 Τοῦτο
2674 2487 2796 2562 γὰρ,
2843 2486 2942 2564 (ὡς
2973 2482 3105 2564 ἔφην
3140 2483 3278 2563 ἅνω)
3303 2498 3418 2548 τοῖς
3447 2485 3636 2559 ἱερεῦσι
3672 2485 3758 2539 καὶ
3785 2490 3859 2557 τῷ

2210 2583 2320 2650 ναῷ
2388 2575 2714 2654 προσήγετο,
2775 2575 2831 2630 Εἰ
2884 2574 2972 2631 οὖν
3043 2572 3302 2653 ἒλεύθεροί
3359 2575 3487 2629 εἰσιν
3517 2575 3562 2628 οἱ
3593 2573 3693 2629 υἱοὶ
3751 2578 3856 2628 τὼν

2209 2666 2355 2722 κάτω
2411 2663 2695 2742 βασιλέων,
2747 2664 2983 2722 τοδτέστι
3071 2662 3237 2740 μηδὲν
3319 2662 3617 2742 τελοῦντες,
3708 2664 3859 2737 πόσῳ

2212 2754 2414 2831 μᾶλλον
2445 2753 2554 2833 ἐγώ
2593 2753 2606 2812 ι

2299 2867 2324 2898 ι
2384 2834 2506 2901 Ἵνα
2563 2841 2617 2898 δὲ
2677 2844 2754 2918 μὴ
2822 2840 3252 2918 σκανδαλίσωμεν
3321 2843 3532 2920 αὐτοὺς,
3593 2846 3859 2916 πορευθ.ἱς

2212 2935 2282 2996 είς
2354 2933 2452 3000 τὴν
2509 2931 2777 2989 Θάλασσαν
2805 2930 2935 3008 βάλε
2981 2931 3287 3011 ἄγκιστρον,
3334 2933 3420 2988 καὶ
3463 2934 3555 2987 τὸν
3598 2929 3864 2988 ἀναϐάντα

480 3025 771 3108 prodierit
823 3028 1070 3106 primus,
1133 3025 1293 3097 tolle,
1331 3035 1618 3105 i-taperto
1644 3028 1927 3088 oreittins
1959 3028 2128 3088 inve-

2215 3030 2423 3102 πρῶτον
2471 3024 2623 3103 ἰχθὺν
2691 3023 2840 3101 ἆρονο
2901 3025 2988 3079 καὶ
3046 3022 3250 3088 ἀνοίξας
3328 3025 3389 3079 τὸ
3450 3022 3622 3096 στόμα
3681 3025 3861 3097 αὐτοῦ,

478 3117 610 3177 nies
639 3125 959 3177 staterem:
1025 3115 1118 3174 95
1178 3114 1339 3175 illum
1396 3114 1622 3194 accipe,
1685 3125 1743 3176 et
1775 3115 1846 3176 da
1880 3116 1992 3177 illis
2026 3133 2129 3195 pro

2217 3115 2454 3192 εὓρήσεις
2513 3113 2774 3192 στατῆρα⁶
2831 3115 3038 3169 ἐκεῖνον
3092 3110 3294 3192 λαϐὼν,
3348 3111 3435 3177 δὸς
3496 3112 3681 3176 αὐτοῖς
3753 3113 3864 3168 ἀντὶ

479 3223 574 3267 me
605 3215 661 3265 et
694 3213 770 3266 te.
811 3229 837 3259 »
873 3202 958 3265 Ne
987 3212 1356 3283 reputemur,
1387 3193 2050 3284 inquit,rontemptures
2074 3213 2129 3267 et

2215 3203 2337 3262 ἐκοὺ
2392 3203 2479 3259 καὶ
2550 3210 2663 3264 σοῦ,
2729 3226 2755 3257 ι
2811 3193 2958 3278 υΙνα,
3010 3204 3164 3282 φησὶ,
3214 3202 3290 3276 μὴ
3319 3201 3650 3281 λογισθῶμεν
3694 3204 3858 3280 ὑπερ-

476 3294 865 3375 despectores
895 3294 1131 3372 legis,et
1153 3294 1630 3367 olfendamus,da
1662 3294 1780 3354 illis
1813 3296 2124 3356 tributum.

2213 3293 2368 3349 όπται
2437 3293 2520 3348 κοὶ
2575 3293 2964 3370 καταφρονηταὶ
3022 3301 3114 3350 τοῦ
3171 3291 3356 3366 νόμου,
3415 3293 3503 3348 καὶ
3573 3291 3856 3349 σκανδαλί-

477 3382 606 3445 Non
632 3385 792 3445 enim
833 3392 897 3444 ut
924 3383 1193 3445 debitum
1228 3384 1435 3458 do,sed
1464 3393 1524 3442 ut
1555 3384 1788 3444 illorum
1823 3384 2129 3445 inﬁrmita-

2212 3404 2411 3456 σωμεν,
2473 3379 2561 3445 δὸς
2619 3383 2680 3436 τὸ
2736 3379 2910 3444 τέλος·
2974 3382 3032 3437 οὖ
3087 3381 3187 3458 γὰρ
3233 3382 3306 3444 ὡς
3365 3380 3590 3461 ὀφείλων
3647 3379 3854 3458 δίδωμι,

481 3481 596 3535 tem
630 3474 949 3551 corrigam.
983 3471 1280 3533 Discimus
1311 3473 1471 3534 enim
1503 3473 1610 3534 hoc
1637 3473 1786 3546 loco,
1822 3475 1974 3553 quid
2010 3493 2126 3534 non

2212 3470 2331 3528 ἀλλ’
2380 3474 2454 3536 ὡς
2510 3473 2605 3540 τὴν
2662 3471 2876 3527 ἐκείνων
2931 3471 3202 3527 ἀσθένειαν
3263 3469 3652 3550 διορθούμενος.
3704 3479 3854 3528 Μαν-

478 3571 712 3642 oportet
736 3562 1169 3641 oll'endere,ubi
1198 3562 1421 3622 nullum
1445 3573 1534 3623 est
1558 3563 1840 3623 damnum
1891 3561 2000 3624 Ubi
2032 3583 2130 3624 au-

475 3661 594 3712 tem
625 3652 906 3712 damnum
967 3651 1222 3730 patimur
1274 3652 1333 3711 in
1366 3671 1546 3730 opere
1592 3652 1813 3732 aliquo,
1847 3671 1960 3712 non
1996 3663 2130 3713 sunt

477 3741 724 3801 curandi
758 3740 857 3820 qui
903 3740 1317 3819 imprudenter
1375 3741 1774 3802 offenduntur.
1835 3739 1909 3802 Ut
1955 3743 2131 3820 igitur

478 3830 753 3891 ostendat
777 3829 931 3908 quod
968 3829 1125 3890 Dens
1147 3830 1220 3890 sit
1239 3835 1500 3891 ct-maris
1523 3831 1996 3912 Dominus,misit
2013 3833 2129 3894 Pe-

478 3930 631 3980 trum
667 3919 970 3980 tollentem
1005 3927 1284 3979 staterem
1332 3938 1398 3979 ex
1452 3939 1554 3980 ore
1589 3921 1788 3999 piscis.
1831 3922 2132 3981 lliscainus

480 4008 579 4069 hic
605 4018 665 4068 et
691 4008 1035 4087 mysterium
1068 4007 1602 4086 quoddam.Noslra
1635 4011 1792 4071 enim
1820 4021 2025 4070 natura
2045 4028 2134 4085 es;

479 4096 659 4178 piscis
679 4102 740 4156 in
764 4097 1054 4177 profundo
1080 4099 1506 4160 incredulitatis
1535 4119 1745 4160 mersa:
1776 4100 1878 4160 sed
1904 4109 2132 4178 aposto-

2211 3565 2435 3636 θαίνομεν
2493 3562 2592 3640 γὰρ
2648 3560 2903 3641 ἐντεῦθεν,
2963 3561 3043 3616 ὃτι
3088 3562 3147 3616 οὖ
3194 3557 3278 3616 δεῖ
3321 3560 3704 3642 σκανδαλίζειν,
3739 3561 3857 3619 ἔνθα

2215 3675 2291 3726 μη
2360 3651 2724 3728 βλαπτόμεθα’
2788 3649 2906 3706 ἔνθα
2975 3651 3075 3731 γὰρ
3145 3648 3490 3726 βλαπτόμεθα
3539 3653 3646 3708 ἀπὸ
3708 3651 3858 3732 ἔργου

2213 3745 2376 3805 τινος.
2449 3745 2510 3820 06
2565 3739 2647 3797 δεῖ
2704 3741 2993 3820 φροντίζειν
3061 3745 3168 3796 τῶν
3238 3739 3447 3818 ἀλόγως
3515 3739 3860 3814 σκανδαλιζο-

2215 3831 2408 3906 μὲνων,
2476 3818 2598 3886 Ηινα
2656 3831 2825 3886 τοίνυν
2855 3827 3015 3904 δείξῃ,
3053 3827 3134 3884 ὅτι
3181 3831 3310 3893 Θεὸς
3342 3829 3474 3905 ἐστι,
3509 3831 3591 3885 καὶ
3634 3829 3728 3896 τῆς
3759 3835 3855 3888 θα-

2217 3920 2419 3987 λάσσης
2478 3925 2704 3996 κρατῶν,
2770 3917 3046 3975 ἀπέστειλε
3106 3921 3193 3974 τὸν
3256 3918 3456 3996 Πέτρον
3527 3916 3712 3981 ἄξοντα
3769 3921 3858 3976 τὸν

2218 4015 2451 4089 στατῆρα
2509 4009 2568 4064 ἐκ
2624 4011 2715 4064 τοῦ
2768 4009 2973 4088 ἰχθὺος·
3042 4007 3152 4083 ἅμα
3211 4006 3265 4062 δί
3334 4012 3421 4062 καὶ
3461 4008 3748 4083 μυστήριόν
3807 4030 3856 4064 τι

2216 4101 2568 4174 μανθάνομεν
2644 4099 2678 4164 ἡ
2735 4097 2967 4176 ἡμετέρα
3010 4099 3109 4174 γὰρ
3141 4098 3291 4176 φὺσις
3323 4095 3462 4151 ἐστὶν
3492 4097 3519 4150 ὁ
3566 4096 3749 4174 ίχθὺς,
3801 4097 3856 4153 ἐν

479 4185 629 4246 licus
651 4204 847 4246 sermo
873 4186 1129 4246 extrahit
1161 4205 1290 4265 nos,
1337 4197 1394 4247 et
1441 4188 1501 4246 in
1535 4207 1637 4249 ore
1673 4197 1871 4249 nostro
1902 4187 2128 4248 invenit

2215 4190 2352 4265 βυθῷ
2410 4187 2652 4249 ἀπιστιας
2724 4188 3097 4265 βαπτισθετσα,
3157 4183 3276 4240 ἀλλ’
3307 4187 3334 4240 6
3375 4183 3728 4250 ἀποστολικὸς
3757 4187 3856 4245 λό-
3910 4212 3913 4214 ·

477 4275 1025 4354 staterem,eloquia
1043 4275 1306 4349 Domini,
1340 4287 1398 4337 et
1429 4279 1862 4338 confessionem
1886 4277 2122 4340 Christi.

2212 4300 2302 4355 γος
2373 4277 2672 4333 ἀνείλκυσεν
2719 4278 2886 4350 ἡμᾶς,
2941 4277 3028 4332 καὶ
3085 4276 3138 4331 ἐν
3168 4278 3243 4350 τῷ
3275 4273 3498 4350 στόματι
3530 4276 3685 4350 ἡμῶν
3742 4277 3858 4356 εὗρε

477 4361 623 4425 Nam
649 4364 748 4445 qui
781 4365 1076 4427 Christum
1113 4368 1451 4446 confitetur,
1476 4367 1524 4428 is
1555 4376 1831 4428 staterem
1859 4367 2036 4428 habet
2064 4367 2122 4427 in

2212 4369 2298 4422 τὸν
2355 4371 2615 4445 στατῆρα,
2675 4365 2740 4419 τὰ
2795 4363 2951 4442 λόγια
3006 4375 3101 4423 τοῦ
3148 4364 3350 4443 Κυρίου,
3405 4365 3490 4420 καὶ
3520 4365 3614 4432 τὴν
3650 4365 3856 4440 ὁμολο-

477 4462 889 4528 ore,staterem
943 4454 1060 4514 duo
1120 4456 1466 4518 didrachma
1525 4465 1822 4518 tenentem
1862 4457 2039 4536 :quia
2072 4465 2129 4517 et

2213 4459 2328 4536 γίαν
2380 4459 2472 4514 τοῦ
2544 4462 2786 4529 Χριστοῦ’
2851 4457 2877 4509 ὁ
2947 4454 3048 4533 γὰρ
3103 4453 3383 4532 ὁμολογῶν
3439 4456 3530 4509 τὸν
3605 4459 3855 4534 λρισκὸν,

476 4541 744 4605 Christus
777 4543 920 4604 duas
945 4553 1182 4604 naturas
1233 4545 1430 4620 habet,
1489 4547 1666 4607 homo
1715 4547 2013 4606 exsirtens
2060 4564 2126 4607 ac

2212 4550 2416 4608 ἐκεῖνος
2476 4544 2592 4626 ἔχει
2649 4545 2737 4600 τὸν
2768 4548 3004 4622 στατῆρα
3034 4542 3085 4598 ἐν
3117 4549 3194 4616 τῷ
3223 4543 3472 4622 στόματι,
3509 4550 3746 4623 στατῆρα
3773 4544 3860 4604 δύο

475 4630 654 4693 Deus.
691 4631 798 4693 Hic
832 4632 1010 4711 igitur
1035 4635 1401 4694 staterdatus
1427 4644 1513 4696 est
1543 4636 1810 4698 Christus
1846 4653 1948 4714 pro
1971 4636 2087 4695 duo
2111 4670 2126 4679 -

2212 4635 2475 4716 δίδραχμα
2550 4635 2793 4696 ἕλκοντα.
2853 4633 3003 4691 Ἐπεὶ
3059 4635 3147 4690 καὶ
3206 4636 3234 4690 6
3293 4637 3518 4713 Χριστὸς
3563 4631 3652 4692 δύο
3679 4637 3857 4716 φὺσεις

473 4721 608 4803 bus,
636 4741 741 4804 pro
771 4721 992 4785 Judzeis
1024 4731 1079 4784 et
1108 4723 1404 4803 gentibus,
1445 4745 1549 4804 pro
1573 4724 1750 4802 justis
1784 4735 1839 4783 ct
1866 4734 2129 4803 peccato-

2212 4727 2350 4806 ἔχει,
2430 4725 2558 4789 Θεὸς
2619 4732 2706 4781 καὶ
2777 4723 3048 4802 ἅνθρωπος
3079 4723 3176 4783 ὤν.
3212 4723 3376 4786 Οὗτος
3407 4725 3494 4778 οὖν
3526 4724 3553 4778 6
3606 4727 3804 4805 στατὴρ
3835 4728 3862 4781 5

471 4811 662 4872 ribus.
698 4809 865 4883 Quod
919 4812 967 4871 si
1001 4821 1059 4872 et.
1089 4831 1327 4873 avarum
1361 4815 1696 4893 quempiam
1731 4814 1948 4873 videris
1978 4814 2124 4875 nihil

2212 4824 2456 4894 Χριστὸς,
2518 4813 2670 4883 ἐδόθη
2729 4814 2857 4893 ὑπὲρ
2941 4812 3052 4890 δύο,
3125 4814 3256 4893 ὑπὲρ
3308 4810 3570 4870 Ἰουδαίων
3599 4816 3686 4870 καὶ
3718 4815 3858 4872 ἐθνι-

473 4899 630 4960 aliud
657 4901 974 4962 habentem
1007 4900 1064 4961 in
1117 4921 1242 4972 ore,
1299 4902 1408 4962 nisi
1460 4923 1667 4963 aurum
1703 4913 1760 4963 et
1788 4913 2119 4981 argentum,

2212 4913 2339 4987 κῶν,
2413 4908 2501 4962 καὶ
2547 4906 2676 4982 ὑπὲρ
2745 4903 2962 4960 δικαίων
3010 4907 3097 4960 καὶ
3130 4900 3483 4981 ἁμαρτωλῶν·
3534 4904 3660 4959 ὃταν
3688 4903 3861 4963 δὲκαὶ

473 4987 803 5076 hunchabe
828 5009 932 5068 pro
957 4992 1207 5071 pisce,in
1237 4994 1384 5054 mari
1427 4994 1604 5072 hujus
1623 4993 1750 5052 vitae
1774 5002 2066 5052 natantem
2106 5015 2118 5054 ς

2212 5019 2322 5052 τινα
2347 4994 2467 5072 ἴδῃς
2500 4995 2846 5076 φιλάργυρον,
2895 4991 3042 5049 οὐδὲν
3069 4991 3201 5048 ἄλλο
3253 4991 3451 5070 ἔχοντα
3479 4989 3563 5047 διὰ
3593 4995 3858 5071 στόματος

471 5086 530 5138 at
554 5075 654 5136 ubi
679 5077 951 5138 inventus
973 5079 1150 5139 fuerit
1169 5091 1521 5162 praeceptor,
1546 5082 1738 5160 qualis
1762 5081 1992 5163 Petrus,
2023 5084 2121 5163 qni

2212 5089 2249 5140 εἰ
2309 5087 2385 5160 μὴ
2439 5075 2658 5164 γρυσίον
2717 5086 2805 5141 καὶ
2862 5084 3132 5163 ἀργὺριον,
3204 5088 3390 5137 τοῦτον
3446 5081 3672 5159 γίνωσκε
3717 5088 3857 5141 εἶναι

473 5165 661 5226 mittat
683 5165 921 5225 hamum
952 5167 1008 5226 in
1047 5187 1230 5242 mare,
1267 5171 1314 5230 is
1345 5173 1555 5251 eripiet
1585 5191 1651 5231 ex
1685 5189 1787 5232 ore
1819 5172 1977 5232 illius
2009 5192 2118 5234 au-

467 5272 600 5317 rum
622 5268 676 5316 et
703 5255 1334 5333 argentum.Staterem
1356 5261 1597 5342 quidam
1634 5271 1837 5340 putant
1858 5263 2118 5340 lapidem

471 5345 796 5424 pretiosum
817 5345 874 5404 in
900 5346 1092 5423 Syria,
1122 5348 1206 5407 illi
1233 5350 1540 5425 tributum,
1569 5351 1673 5412 alii
1693 5368 1829 5411 vero
1848 5362 2114 5432 quartam

469 5442 689 5514 partem
724 5434 1096 5496 numisniatis

464 5523 604 5582 λίο-ν
630 5524 923 5597 πολύτιμον
957 5527 1230 5604 cepta/137::
1270 5551 1325 5583 ον
1353 5533 1486 5585 ιιατὲι
1521 5532 1728 5587 Συτίαψ
1781 5534 1823 5586 0i
1857 5530 1932 5602 δὲ,
1968 5533 2177 5612 ἐξάγων

535 5702 795 5767 ωΝυω.
830 5721 913 5778 ιιι,
949 5708 1044 5781 Π,
1082 5730 1213 5792 sqq.

2205 5177 2381 5255 ἰχθὺν,
2438 5178 2494 5231 ἒν
2550 5181 2618 5252 τῇ
2681 5173 2921 5249 θαλάσσῃ
2991 5179 3082 5229 τοῦ
3125 5171 3239 5248 βίου
3289 5171 3617 5250 νηχόμενον
3665 5173 3754 5230 ἐάν
3804 5173 3858 5230 δὲ

2206 5269 2388 5346 εὑρεθῇ
2468 5287 2549 5328 τις
2628 5261 2939 5327 διδάσκαλος
3038 5263 3176 5334 κατά
3234 5259 3455 5338 Πέτρον,
3529 5261 3858 5343 ἀγκιστρεύει

2202 5363 2407 5436 τοῦτον,
2467 5356 2555 5412 καὶ
2613 5353 2858 5410 ἐκῒάλλει
2937 5352 3044 5408 ἀπὸ
3107 5347 3197 5408 τοῦ
3271 5350 3530 5425 στόματος
3588 5353 3743 5411 αὐτοῦ
3798 5355 3874 5410 1:6~

2200 5446 2416 5528 χρυσίον
2473 5447 2562 5502 καὶ
2613 5447 2672 5501 τὸ
2724 5445 2991 5525 ἀργύριον.
3048 5445 3297 5520 Στατῆρα
3323 5437 3378 5496 δὲ
3434 5461 3577 5506 τινες
3600 5445 3866 5520 νομίζουει

2186 5587 2202 5620 ,
2251 5540 2501 5614 τέταρτον
2533 5535 2878 5612 νομίσματος.
