4204 6426
466 375 589 442 843
1412 378 1413 381 “
1435 372 2032 444 ΜΕΟΡΗεηΑοἮ
2066 371 2142 439 BI

2227 377 2482 439 ΕΔΗῙῶ
2514 373 2873 440 ΑΜΗῙΕΡ.
3724 372 3836 435 344

470 507 979 573 ιιιιε.»0οηεοιδιὶο
1008 518 1203 573 autem
1226 511 1292 573 ﬁt
1319 512 1568 588 offenso,
1598 513 1820 594 injuria
1845 514 2142 577 aflicien-.

2227 512 2386 577 ιακίας
2441 511 2651 589 μεταδῷ
2705 516 2791 571 καὶ
2859 527 2979 577 τοῖς
3027 513 3231 581 ἄλλοις,
3286 514 3595 590 Παρεικάζει
3631 509 3685 568 δὲ
3726 522 3846 571 τοῖς

466 608 595 663 tem
626 598 1006 679 publicanum
1062 600 1387 663 existimari
1438 612 1495 664 et
1544 605 1849 683 gentilem,
1883 607 1996 666 hoc
2027 612 2115 665 est

2227 600 2458 666 τελώναις
2546 604 2666 668 τοὺς
2746 605 3011 670 τοιούτους
3063 603 3314 679 ἀδελφοὺς
3412 599 3849 683 (διαϐεϐλημένον

476 700 851 773 ροοοδιοσθιῐι
885 699 941 752 et
970 690 1363 754 incredulum.
1418 694 1699 774 Nunquid
1746 703 1943 756 autem
1988 696 2117 756 haec

2227 694 2307 772 (ἀρ
2366 715 2415 748 τι
2474 698 2665 772 χρῆμα
2719 696 2747 749 ὃ
2802 692 3089 772 τελώντ.ς)’
3138 693 3435 772 παραμυθία
3465 692 3519 747 δὲ
3553 699 3630 765 τῷ
3659 686 3854 757 ἠδικη-

476 780 605 843 sola
631 779 915 860 injuriam
970 781 1238 843 facientis
1284 782 1505 863 poena?
1538 784 1800 847 Minime.
1836 784 1951 847 Sed
1982 784 2120 846 audi

2227 784 2379 859 ιένῳ,
2437 786 2499 839 τὸ
2570 786 2659 840 τὸν
2716 781 2991 840 ἀδικοῦντα
3083 783 3319 850 τελώνην
3416 782 3711 857 νομίζεσθαι
3767 776 3858 832 καὶ

476 876 538 934 οι
565 888 697 952 quae
720 881 1070 951 sequuntur.

2227 874 2441 946 ιθνικὸν,
2500 873 2765 929 τουτέστιν
2835 871 3149 951 ἁμαρτωλὸν
3205 877 3292 928 καὶ
3361 873 3603 931 ἄπιστον.
3692 874 3859 925 Τοῦτο

2216 963 2304 1019 οὖν
2364 962 2523 1037 μόνον
2554 961 2771 1025 κόλασις
2802 969 2896 1018 τοῦ
2928 960 3227 1024 ἀδικοῦντος
3264 984 3279 1038 ;
3313 963 3469 1040 Οὒχὶ.
3525 956 3671 1016 Ἀλλ’
3705 957 3863 1012 ἄκουε

2216 1054 2303 1109 καὶ
2332 1058 2438 1108 τῶν
2458 1050 2599 1118 ἑξῆς.

565 1139 746 1202 Vens.
782 1138 1119 1202 l8.-Amen
1149 1139 1281 1202 dico
1314 1140 1502 1224 vobis,
1538 1150 1909 1226 quécunque
1935 1144 2133 1222 alliga-

2303 1164 2328 1198 ι
2364 1140 2538 1215 Ἀμήν
2594 1138 2737 1218 λέγω
2804 1142 2957 1218 ὑμῖν,
3012 1139 3110 1195 ὅσα
3138 1139 3225 1195 ἐὰν
3258 1138 3456 1209 δήσητε
3504 1138 3587 1194 ἐπὶ
3618 1142 3714 1202 τῆς
3737 1136 3863 1213 γῆς,

482 1226 686 1290 veritis
717 1246 899 1309 super
922 1236 1164 1303 terram,
1186 1238 1359 1292 erunt
1379 1231 1553 1309 ligata
1586 1236 1644 1295 in
1669 1235 1853 1297 caelo:
1886 1244 1945 1297 et
1968 1254 2131 1314 quae-

464 1335 723 1399 rcunque
766 1317 1066 1379 solveritis
1096 1337 1279 1399 super
1331 1327 1577 1388 terram.
1623 1334 1795 1386 ernnt
1852 1325 2044 1386 soluta
2076 1324 2134 1384 in

485 1407 663 1469 coelo.
701 1431 725 1465 ιν
760 1407 826 1468 Si
872 1414 955 1481 tu,
992 1407 1185 1487 inquit
1235 1409 1517 1481 offensus,
1571 1412 1757 1475 habes
1790 1433 1923 1475 eum
1949 1414 2047 1495 qui
2081 1424 2136 1473 te

484 1495 705 1576 injuria
731 1495 930 1558 all‘ecit
982 1496 1135 1557 sicut
1167 1497 1545 1576 publicanum
1584 1510 1643 1563 et
1682 1504 1986 1582 gentilem,
2021 1504 2135 1565 erit

486 1586 590 1649 ille
618 1598 681 1648 et
709 1587 769 1647 in
801 1587 950 1648 ccelo
984 1585 1206 1649 talis.Si
1237 1597 1431 1649 autem
1464 1591 1711 1653 solveris
1742 1595 2026 1672 eum,hoc
2050 1600 2137 1654 est

487 1676 814 1756 ignoveris,
852 1676 966 1736 erit
1017 1676 1071 1737 ei
1116 1685 1173 1738 et
1230 1678 1289 1737 in
1342 1679 1497 1741 cmlo
1548 1682 1971 1745 condonatum.
2007 1682 2135 1743 Non

488 1765 619 1828 Non
644 1768 803 1828 enim
835 1764 1024 1827 solum
1058 1786 1193 1847 qum
1222 1768 1453 1829 solvunt
1481 1771 1841 1833 sacerdotes.
1873 1781 2007 1834 sunt
2034 1793 2134 1833 so-

2218 1229 2364 1286 ἕσται
2422 1227 2669 1305 δεδεμένα
2726 1228 2778 1285 ἐν
2834 1236 2911 1303 τῷ
2966 1231 3192 1308 οὐρανῷ,
3250 1229 3337 1284 καὶ
3407 1227 3503 1283 ὅσα
3533 1227 3621 1282 ἐὰν
3670 1226 3865 1291 λύσητε

2219 1319 2303 1376 ἐπὶ
2358 1322 2458 1385 τῆς
2518 1320 2643 1399 γῆς,
2718 1318 2863 1375 ἔσται
2918 1317 3177 1394 λελυμένα
3210 1320 3264 1374 ἐν
3312 1326 3388 1391 τῷ
3418 1322 3641 1396 οὗρανῴ.
3684 1340 3706 1372 ι)
3742 1314 3870 1373 Ἐὰν

2220 1412 2305 1482 σι,
2368 1410 2545 1487 φησὶν,
2585 1412 2611 1465 6
2644 1406 2928 1488 ἀδικηθεὶς,
2977 1407 3113 1488 ἔχῃς
3157 1410 3229 1471 ὡς
3275 1407 3512 1474 τελώνην
3545 1408 3631 1463 καὶ
3663 1407 3867 1462 ἒθνικὸν

2219 1500 2310 1554 τὸν
2360 1497 2658 1571 ἀδικοῦντα,
2692 1497 2837 1553 ’ἐσται
2896 1500 2983 1553 καὶ
3027 1498 3079 1553 ἐν
3109 1502 3185 1570 τῷ
3220 1501 3421 1575 οὐρανῷ
3450 1497 3705 1559 τοιοῦτος.
3742 1495 3870 1551 Ἐὰν

2220 1587 2274 1643 δὲ
2328 1587 2491 1665 λύσῃς
2563 1589 2742 1661 αὐτὸν,
2816 1586 3050 1643 τουτέστι
3121 1589 3505 1667 συγχωρήσῃς,
3582 1585 3725 1640 ἔσται
3782 1585 3870 1638 καὶ

2221 1677 2274 1732 ὲν
2332 1682 2407 1750 τῷ
2501 1680 2703 1756 οὐρανῷ
2764 1676 3269 1756 συγκεχωρημένος·
3318 1676 3376 1733 οὖ
3429 1678 3528 1755 γὰρ
3569 1679 3731 1749 μονον
3775 1673 3872 1729 ὅσα

2222 1766 2432 1822 λὺουσιν
2490 1770 2535 1823 οἱ
2589 1767 2775 1845 ἱερεῖς,
2836 1767 2931 1821 εἰσὶ
2975 1764 3257 1843 λελυμένα,
3292 1762 3410 1820 ἀλλ’
3443 1764 3540 1821 ὅσα
3571 1766 3656 1819 καὶ
3706 1765 3871 1837 ἡμεῖς

491 1856 649 1919 luta:
697 1854 802 1917 sed
849 1874 1221 1937 quaecunque
1280 1866 1339 1919 et
1385 1878 1493 1920 nos
1546 1859 1765 1940 injuria
1806 1862 2000 1923 all‘ecti
2049 1864 2135 1924 vel

2227 1860 2269 1911 οἱ
2327 1854 2660 1922 ἀδικηθέντες
2714 1855 2748 1923 ἤ
2806 1854 3099 1929 δεσμοῦμεν
3143 1852 3177 1919 ἤ
3209 1852 3427 1929 λύομεν,
3464 1853 3691 1910 κᾶκεῖνα
3721 1851 3870 1907 ἔσται

488 1944 763 2026 ligamus,
792 1946 882 2007 vel
907 1944 1210 2026 solvimus,
1247 1954 1305 2009 et
1346 1946 1475 2029 ipsa
1519 1959 1692 2011 erunt
1722 1952 1894 2030 ligata
1925 1951 2016 2013 vel
2040 1971 2140 2013 so-

491 2034 635 2096 luta.

573 2122 761 2186 Vnus.
793 2125 887 2199 l9,
912 2122 1010 2186 20.
1052 2148 1079 2179 α
1104 2126 1355 2199 Rursus,
1390 2145 1565 2188 amen
1595 2127 1732 2190 dico
1766 2128 1949 2205 vobis,
1986 2130 2143 2211 quod

493 2213 549 2278 si
579 2213 698 2275 duo
748 2232 817 2274 ex
869 2212 1036 2275 vobis
1089 2216 1503 2277 consenserint
1554 2236 1735 2297 super
1784 2228 2030 2292 terram,
2068 2220 2145 2281 de.

497 2302 663 2365 omni
692 2320 759 2364 re
790 2320 1207 2382 quamcunque
1251 2305 1552 2386 petierint,
1604 2307 1704 2368 ﬁet
1760 2308 1880 2369 illis
1908 2328 1941 2369 a
1974 2311 2145 2371 Patre

493 2410 630 2454 meo
680 2393 780 2472 qui
813 2402 904 2453 est
946 2392 1004 2452 in
1035 2393 1343 2455 cmlis.Ubi
1377 2398 1534 2456 enim
1581 2404 1717 2457 sunt
1765 2397 1881 2458 duo
1912 2399 1999 2459 vel
2028 2408 2145 2459 tres

494 2481 835 2560 congregati
868 2481 927 2541 in
955 2482 1198 2544 nomine
1229 2502 1385 2557 meo,
1419 2485 1540 2545 illic
1570 2504 1699 2546 sum
1728 2486 1786 2547 in
1839 2488 2035 2548 medio
2068 2488 2141 2549 il-

498 2570 1096 2649 lorum.»Congregat
1118 2590 1226 2633 nos
1250 2572 1415 2635 hisce
1442 2574 1642 2636 verbis
1674 2576 1743 2636 ad
1770 2577 2143 2638 charitatem.

497 2658 646 2734 Quia
690 2659 851 2720 enim
904 2660 1207 2740 prohibuit
1246 2680 1323 2723 ne
1354 2672 1620 2725 mutuum
1681 2666 2145 2741 rdienderemus,

497 2768 655 2812 nunc
686 2756 747 2811 et
768 2748 843 2809 de
877 2757 1077 2811 mutua
1108 2751 1425 2813 concordia
1448 2753 1614 2816 dicit.
1671 2753 2010 2820 Concordes
2040 2776 2148 2817 au-

496 2845 629 2904 tem
661 2837 963 2917 dicuntur,
999 2858 1117 2899 non
1154 2840 1253 2921 qui
1284 2842 1343 2902 in
1378 2842 1597 2903 malum
1625 2845 2009 2917 conveniunt,
2047 2848 2150 2908 sed

496 2929 605 3009 qui
640 2927 699 2987 in
732 2926 980 2989 bonum.
1012 2928 1162 2990 Vide
1213 2930 1371 2990 enim
1423 2931 1563 3012 quid
1597 2932 1756 2993 dicat
1794 2956 1805 2996 :
1841 2933 1901 2996 Si
1934 2936 2050 2995 duo
2085 2955 2151 2996 ex

476 3016 694 3091 vobis,
729 3017 843 3079 hoc
894 3025 1006 3091 est,
1058 3018 1440 3081 credentibus
1497 3030 1555 3082 et
1609 3025 1818 3084 virtute
1869 3025 2150 3104 praeditis.

505 3105 1011 3186 Cons'piraverunt
1067 3110 1226 3169 enim
1260 3117 1317 3170 et
1347 3111 1550 3171 Annas
1591 3128 1661 3173 ac
1712 3112 1987 3193 Caiphas,
2048 3114 2150 3176 sed

488 3196 767 3258 ,male.Et
798 3204 1114 3277 propterea
1135 3216 1292 3278 saepe
1317 3209 1631 3279 peccantes
1661 3221 1777 3262 non
1802 3202 2148 3282 accipimus,

2227 1944 2473 2022 δεδεμένα
2503 1945 2539 2013 ἢ
2571 1944 2853 2021 λελυμένα.

2314 2148 2341 2179 ‹‹
2405 2123 2591 2197 Πάλιν,
2679 2124 2824 2199 ἀμην
2858 2123 2999 2202 λέγω
3028 2126 3175 2199 ὑμῖν,
3212 2124 3291 2181 ὅτι
3324 2125 3415 2181 ἐὰν
3442 2122 3532 2181 δύο
3560 2125 3706 2197 ὑμῶν
3738 2143 3879 2196 συμ-

2227 2218 2546 2296 φωνήσωσιν
2594 2215 2680 2271 ἰπὶ
2736 2217 2835 2281 τῆς
2904 2217 3029 2295 γῆς,
3064 2218 3181 2293 περὶ
3234 2217 3430 2278 παντὸς
3480 2215 3792 2293 πράγματος
3824 2215 3883 2268 οὗ

2225 2308 2316 2362 εὰν
2374 2307 2721 2379 αἰτήσωνται,
2777 2306 3057 2382 γενήσεται
3116 2309 3299 2368 αὐτοῖς
3362 2306 3502 2381 παρὰ
3561 2313 3651 2361 τοῦ
3680 2301 3881 2379 Πατρός

2228 2418 2329 2471 μου
2370 2402 2462 2451 τοῦ
2513 2393 2566 2449 ἐν
2633 2398 2895 2471 οὐρανοῖς·
2958 2395 3017 2450 οὗ
3073 2396 3171 2474 γὰρ
3215 2397 3311 2450 εἶσι
3344 2391 3431 2449 δὺο
3560 2405 3704 2470 τρεῖς
3737 2413 3875 2446 συν-

2227 2485 2454 2562 ηγμένοι
2476 2485 2550 2547 εἷς
2594 2484 2653 2539 τό
2680 2485 2811 2558 ὶμὸν
2838 2484 3028 2557 ὄνομα,
3062 2484 3177 2539 ἐκεῖ
3208 2486 3313 2558 εἰμι
3346 2481 3400 2537 ὲν
3440 2482 3587 2556 μέσῳ
3616 2484 3808 2542 αὐτῶν,
3850 2502 3875 2536 ι

2233 2574 2453 2650 Συνάγει
2510 2575 2653 2647 ἡμᾶς
2727 2572 2809 2628 διὰ
2865 2576 2969 2628 τῶν
3041 2574 3291 2629 τοιοὺτων
3344 2572 3599 2648 ῥημάτων
3658 2572 3729 2633 εἷς
3783 2570 3882 2637 τήν

2232 2664 2469 2741 ἀγάπην
2542 2662 2656 2719 ἐπεὶ
2712 2664 2811 2741 γὰρ
2881 2660 3144 2719 ἐκώλυσεν
3200 2664 3341 2737 ἡμᾶς
3411 2662 3514 2717 ὰπὸ
3570 2668 3660 2717 τοῦ
3716 2681 3884 2716 σκαν-

2237 2752 2460 2823 δαλίζειν
2516 2751 2807 2825 ἀλλήλους,
2867 2753 2955 2807 καὶ
3010 2751 3263 2828 βλάπτειν
3362 2753 3448 2807 καὶ
3532 2751 3881 2829 βλάπτεσθαι,

2238 2850 2323 2899 νῦν
2408 2841 2549 2919 λέγει
2616 2844 2701 2898 καὶ
2759 2842 2874 2920 περὶ
2943 2842 3041 2907 τῆς
3087 2844 3216 2919 πρὸς
3257 2838 3521 2910 ἀλλήλους
3554 2840 3883 2918 συμφωνίας.

2238 2939 2651 3010 Συμφωνοῦντες
2710 2930 2763 2986 δὲ
2823 2938 3061 2987 νοοῦνται
3115 2933 3217 3011 οὐχ
3277 2935 3322 2986 οἱ
3366 2932 3449 2986 ἐπὶ
3496 2935 3645 3002 κακῷ
3702 2950 3887 3007 συνερ-

2238 3021 2485 3101 χόμενοι,
2553 3019 2669 3076 ἀλλ’
2718 3023 2763 3077 οἱ
2794 3018 2879 3075 ἐπ’
2914 3020 3115 3097 ἀγαθῷ.
3157 3012 3168 3030 ’
3195 3030 3301 3099 Ορα
3331 3021 3430 3099 γὰρ
3458 3021 3507 3075 τί
3552 3021 3725 3076 εἶπεν·
3764 3018 3889 3076 Ἐὰν

2238 3107 2324 3166 δύο
2379 3112 2547 3185 ὑμῶν,
2613 3110 2847 3166 τουτέστι
2927 3113 3030 3165 τῶν
3102 3109 3478 3182 πιστευόντων,
3538 3116 3642 3167 τῶν
3700 3108 3890 3186 εναρέ-

2238 3215 2365 3254 των·
2423 3204 2798 3278 συνεφώνησαν
2855 3200 2953 3278 γὰρ
3047 3201 3133 3254 καὶ
3205 3199 3417 3263 ’Ἄννας
3476 3200 3563 3254 καὶ
3619 3200 3888 3278 Καϊάφας,

507 3304 578 3348 eo
598 3286 757 3367 quod
789 3273 989 3349 mutua
1018 3273 1340 3350 concordia
1369 3308 1662 3352 caremus.
1692 3290 1821 3353 Non
1854 3273 2001 3353 diiit
2044 3273 2142 3354 au;

2239 3288 2375 3347 ἀλλὰ
2433 3273 2662 3364 ψεκτῶς·
2724 3292 2862 3345 ὣστε
2915 3288 2989 3343 διὲ
3036 3300 3186 3346 τοῦτο
3236 3287 3492 3351 πολλάκις
3516 3291 3799 3368 εὐχόμενοι
3830 3292 3890 3346 οὗ

506 3383 648 3467 tam,
682 3375 804 3467 Ero
833 3381 979 3456 (non
1005 3378 1447 3467 enimﬂtardat,
1508 3380 1598 3441 vel
1655 3386 2013 3458 cunctatur),
2050 3386 2142 3445 sed

2240 3376 2602 3459 λαμϐάνομεν,
2664 3377 2795 3435 διότι
2898 3377 3012 3436 οὑδὲ
3071 3378 3373 3457 συμφωνίαν
3439 3380 3569 3457 πρὸς
3621 3376 3887 3448 ἀλλήλους

472 3465 677 3540 «Sum,
710 3464 824 3527 hoc
855 3473 963 3541 est,
990 3465 1114 3546 jam
1160 3466 1283 3528 illic
1329 3468 1618 3531 invenior.
1653 3468 1956 3549 Intelligas
2017 3473 2142 3533 iten

2241 3468 2467 3547 ἔχομεν,
2527 3468 2634 3526 Οὔκ
2656 3468 2775 3523 εἶπε
2812 3466 2891 3546 δὲ,
2925 3467 3005 3523 ὅτι
3042 3464 3303 3539 ἽἭσομαι·
3338 3466 3395 3523 οὔ
3427 3469 3526 3545 γὰρ
3558 3465 3741 3543 μέλλει
3773 3464 3888 3523 οὖδέ

502 3555 667 3637 quod
713 3557 953 3634 quando
1008 3556 1477 3635 conspiraverint
1537 3559 1779 3638 spiritus
1811 3570 1870 3621 et
1901 3579 2064 3634 caro,
2099 3580 2131 3621 e

2241 3556 2501 3636 βραδύνει·
2566 3556 2708 3631 ἀλλ’,
2775 3560 2915 3637 Εἰμὶ,
2951 3557 3242 3628 τουτέστιν,
3278 3557 3461 3612 αὐτίκα
3494 3556 3609 3612 ἐκεῖ
3652 3557 3891 3633 εὕρίσκο-

508 3663 630 3705 non
659 3643 1067 3723 concupiverit
1110 3654 1317 3707 contra
1363 3646 1636 3725 spiritum
1686 3667 1843 3727 caro,
1880 3658 2017 3711 tunc
2050 3653 2142 3711 eri

2243 3662 2359 3722 μαι⁶
2423 3649 2630 3716 νοήσεις
2683 3645 2735 3702 δὲ
2790 3646 2868 3702 ὅτι
2944 3646 3068 3703 ὅταν
3140 3648 3471 3725 συμφωνήσῃ
3626 3645 3750 3724 σάρξ
3804 3647 3893 3700 καὶ

508 3732 572 3794 in
598 3731 795 3794 medio
828 3731 1135 3796 Dominus.
1172 3735 1530 3815 Conspirant
1562 3746 1759 3798 autem
1795 3749 1851 3798 et
1884 3748 2003 3800 tres
2035 3741 2142 3802 vir-

2242 3739 2303 3792 τὸ
2360 3743 2589 3811 πνεῦμα,
2644 3738 2730 3792 καὶ
2791 3737 2868 3811 μὴ
2913 3739 3141 3812 ἐπιουμῇ
3208 3736 3344 3791 κατὰ
3387 3741 3478 3789 τοῦ
3531 3739 3827 3808 πνεζματος
3858 3736 3892 3801 ἡ

510 3830 670 3884 tutes
690 3821 925 3895 animae,
959 3823 1291 3903 rationalis,
1326 3825 1623 3887 irascivita
1654 3835 1711 3887 et
1740 3826 2133 3891 desiderativa

2244 3824 2389 3904 σάρξ,
2456 3826 2575 3881 τότε
2632 3824 2771 3881 ἐστὶν
2818 3826 2871 3880 ἐν
2902 3826 3056 3899 μάσω
3100 3829 3127 3881 6
3179 3826 3383 3903 Κύριος.
3435 3831 3779 3901 Συμφωνοῠσι
3836 3820 3891 3878 δὲ

513 3910 631 3974 Sed
665 3918 723 3972 et
750 3916 919 3971 vetus
940 3930 1009 3972 ac
1041 3930 1193 3974 nova
1220 3913 1384 3992 leges
1429 3915 1792 3995 conspirant,
1826 3916 2142 3980 invenitur-

2245 3918 2332 3972 καὶ
2390 3918 2440 3971 αἱ
2508 3929 2653 3993 τρεῖς
2712 3913 2955 3989 δυνάμεις
3016 3920 3114 3983 τῆς
3175 3914 3378 3994 ψυχῆς,
3446 3915 3505 3968 τὸ
3555 3912 3792 3989 λογικὸν,
3828 3914 3889 3966 τὸ

513 4018 631 4080 que
659 4001 722 4061 in
753 3999 950 4061 medio
980 4000 1243 4081 ipsarum
1288 4004 1557 4066 Christus
1605 4004 1677 4066 ab
1724 4015 1973 4087 utraque
2006 4027 2142 4088 prae-

2246 4008 2486 4080 θυμικὸν,
2545 4007 2632 4060 καὶ
2687 4007 2748 4060 τὸ
2806 4005 3207 4079 ἐπιθυμητικόν,
3283 4002 3443 4059 Ἀλλὰ
3490 4003 3576 4056 καὶ
3624 4003 3655 4068 ἡ
3688 3998 3886 4055 παλαιὰ

513 4089 768 4152 dicatus.
2246 4097 2334 4152 καὶ
2385 4098 2420 4162 ἡ
2486 4096 2577 4151 νέα
2618 4102 2983 4173 συμφωνοῦσιν
3070 4098 3120 4150 αἱ
3178 4093 3288 4168 δὺο,
3322 4094 3406 4149 καὶ
3454 4091 3507 4145 ἐν
3539 4089 3686 4165 μέσῳ
3717 4090 3887 4144 αὖτῶν

2248 4186 2532 4264 εὓρίςκεται
2565 4187 2592 4241 6
2625 4186 2873 4263 Χριστὸς,
2907 4184 2993 4239 ὑπ’
3019 4186 3220 4264 ἀμςνοϊν
3253 4182 3661 4261 κηρυττόμενος.

596 4266 759 4331 Vens
789 4270 1216 4344 21,22.ιΤιιηο
1245 4273 1864 4337 accedens97Petrus
1892 4275 1967 4337 ad
1998 4295 2131 4338 eum

2334 4299 2359 4330 α
2422 4274 2550 4332 Τότε
2611 4272 2909 4351 προσελθὼν
2968 4274 3109 4349 αὖτῷ
3167 4276 3194 4329 6
3244 4274 3461 4349 Πέτρος,
3526 4271 3675 4326 εἶπε·
3738 4270 3890 4349 Κὺριε

517 4356 683 4422 dixit:
700 4356 1216 4441 Domine,quoties
1236 4361 1574 4441 peccabitin
1598 4382 1690 4424 me
1712 4363 1893 4426 frater
1910 4385 2141 4440 meus,e

2247 4366 2471 4429 ποσάκις
2503 4364 2798 4441 ἁμαρτήσει
2831 4366 2901 4425 είς
2934 4362 3027 4438 ἐμὲ
3071 4366 3098 4419 6
3143 4362 3365 4442 ἀδελφός
3408 4383 3528 4436 μου,
3576 4362 3663 4416 καὶ
3707 4359 3896 4439 ἂφήσω

512 4448 813 4511 remittam
833 4449 921 4511 ei?
938 4448 1089 4512 Num
1106 4470 1294 4532 usque
1307 4451 1715 4532 septies?Dicit
1735 4453 1817 4529 illi
1833 4454 2142 4518 Jesussz

2249 4455 2391 4529 αὐτῷ
2426 4472 2441 4528 ;
2500 4452 2601 4516 ἕως
2630 4454 2850 4516 ἑπτάκις
2886 4474 2902 4526 ς
2976 4453 3129 4531 Λέγει
3180 4453 3320 4525 αυτῷ
3344 4454 3371 4507 6
3404 4451 3631 4518 Ἰησοῦς·
3672 4451 3745 4508 Οὔ
3800 4447 3895 4504 λέ-

513 4535 649 4625 (ξίοο
664 4536 965 4620 tibiusque
977 4541 1320 4621 septies.sed
1340 4560 1527 4622 usque
1539 4547 1874 4623 septuagies
1887 4546 2142 4625 septies.)

2249 4566 2328 4621 γω
2371 4564 2452 4598 σοι
2484 4540 2584 4606 ἕως
2630 4542 2869 4612 ἑπτάκις,
2905 4540 3024 4598 ἀλλ’
3054 4542 3153 4605 ἕως
3185 4539 3631 4615 ἐκδομηκοντάκις
3668 4539 3821 4599 ἑπτά.
3864 4560 3886 4593 ο

512 4623 640 4689 Hoc
662 4637 752 4690 est
771 4602 925 4709 quod
950 4602 1275 4709 interrogat
1292 4602 2139 4713 Petriis:Qurotiesjsi—peicehi:

2263 4602 2273 4621 ι
2570 4602 2581 4606 -
2835 4602 2867 4612 ἰ
3140 4602 3148 4605 ’
3308 4602 3317 4615 ι
3375 4602 3384 4607 ·

2227 4616 2410 4691 ιΤοιζιτο
2467 4631 2607 4687 ἔστιν
2638 4630 2665 4686 ὅ
2724 4630 2892 4709 ἐρωτᾷ
2937 4633 2963 4686 ὁ
3021 4630 3241 4709 Πέτρος·
3280 4630 3505 4692 Ποσάκις
3537 4629 3627 4685 ἐὰν
3659 4628 3893 4706 ἁμάρτῃ,

512 4716 734 4780 deinde
763 4718 1013 4781 accedat
1042 4729 1101 4781 et
1130 4728 1282 4784 vetat
1302 4724 1529 4792 veniam
1557 4722 1899 4802 paenitentia
1924 4724 2138 4787 ductus

2247 4726 2366 4778 εἶτα
2422 4720 2790 4800 προσέρχηται
2875 4722 2961 4776 καὶ
3004 4722 3124 4796 αἷτῇ
3168 4720 3487 4797 συγγνώμην
3520 4716 3889 4793 μεταμελόμε-

512 4809 839 4872 concedam
868 4809 1297 4887 ei?Addidit,ln
1320 4828 1416 4873 me
1446 4811 1494 4871 si
1526 4812 1953 4891 peccaverit.In
1976 4813 2142 4876 Deun

2248 4834 2357 4882 νος,
2394 4813 2731 4890 συγχωρήσω
2762 4813 2918 4867 αὖτοῦ
2950 4830 2966 4891 ;
3029 4810 3329 4889 Προσέθηκε
3359 4809 3413 4864 δὲ
3442 4811 3526 4888 τὸ,
3562 4810 3644 4869 Εἰς
3678 4807 3776 4881 ἐμὲ
3808 4807 3897 4862 ἐὰν

514 4898 674 4961 enim
706 4900 760 4961 si
785 4901 1273 4980 peccaverit,non
1299 4902 1539 4981 ego,qui
1563 4901 1778 4963 idiotes
1807 4921 1875 4964 ac
1904 4904 2142 4985 privatur

2249 4902 2484 4979 ἁμάρτῃ·
2548 4903 2619 4965 εἷς
2652 4902 2749 4979 γὰρ
2781 4902 2910 4956 Θεὸν
2942 4901 3029 4956 ἐὰν
3060 4900 3295 4976 ἁμάρτη,
3327 4898 3421 4954 οὒκ
3466 4897 3574 4976 ἐγὼ
3604 4900 3631 4953 6
3683 4896 3900 4962 ἰδιώτης

515 5006 672 5062 sum,
682 5007 923 5069 possum
944 4990 999 5052 ei
1013 4990 1468 5064 remittere,nisi
1486 4990 1637 5051 forte
1653 4990 1755 5051 Dei
1779 4984 2051 5054 ordinem
2071 4995 2142 5055 ha

2248 4989 2469 5066 δύναμαι
2542 4992 2683 5063 αὖτῷ
2738 5003 3067 5069 συγχωρεῖν,
3122 4991 3163 5043 εἰ
3210 4991 3393 5063 μήπου
3425 5008 3485 5065 γε
3530 4990 3557 5042 6
3603 4993 3735 5041 Θεοῦ
3763 4984 3905 5049 τάξιν

517 5076 669 5138 bens
698 5078 1071 5143 sacerdos.Si
1098 5088 1297 5141 autem
1332 5082 1387 5141 in
1407 5099 1502 5141 me
1526 5089 1827 5160 peccet,ac
1846 5082 2141 5144 deindere

2249 5079 2393 5160 ἒχων
2465 5082 2493 5135 6
2546 5080 2729 5156 ἱερεύς·
2795 5078 2884 5133 ἐὰν
2936 5077 2990 5134 δὲ
3048 5081 3121 5142 εἰς
3153 5078 3247 5152 ἐμὲ
3302 5078 3512 5155 ἁμάρτῃ
3556 5076 3681 5131 εἶτα
3713 5076 3903 5153 ἀφήσω

516 5165 738 5229 misero
770 5166 972 5243 ei,erit
998 5168 1436 5247 solutus,etiam
1463 5168 1513 5230 si
1546 5170 1813 5249 privatim
1837 5191 1946 5248 ego
1964 5173 2140 5247 sim,e

2248 5172 2411 5244 αὖτῷ,
2468 5167 2611 5224 ἔσται
2670 5168 2976 5247 ἀφειμένος,
3034 5167 3130 5223 κάν
3200 5164 3411 5233 ἷδιὼτης
3487 5167 3591 5239 εἰμὶ
3636 5165 3768 5243 ἐγὼ,
3816 5166 3905 5219 καὶ

514 5273 637 5317 non
659 5255 1143 5329 sacerdos.Quod
1168 5267 1365 5319 autem
1391 5261 1728 5339 septuagies
1745 5261 1963 5341 septies
1992 5262 2138 5322 dixit

2248 5260 2371 5339 οὺχὶ
2442 5259 2627 5337 ἱερεὺς,
2690 5260 2759 5314 T6
2789 5255 2867 5331 δὲ,
2900 5257 2999 5319 ἕως
3032 5254 3478 5331 ἑϐδομηκοντάκις
3512 5255 3666 5322 ἑπτα,
3718 5253 3897 5332 εἶπεν,

512 5364 633 5408 non
663 5346 1213 5409 ccncluditveniam
1233 5349 1850 5412 nurnero.Absurdum
1879 5351 2037 5411 enim
2061 5369 2142 5410 se-

2248 5352 2352 5428 οὐχ
2419 5347 2512 5403 ἵνα
2569 5347 2773 5427 ἀριθμῷ
2826 5346 3132 5425 περικλείσῃ
3172 5346 3264 5412 τὴν
3296 5344 3667 5423 συγχώρησιν,
3704 5342 3899 5443 ἄλογον

512 5436 657 5499 dere
670 5442 729 5498 et
748 5454 1064 5499 numerare
1076 5456 1263 5519 usque
1283 5438 1423 5499 dum
1439 5440 1872 5519 quadringenta
1885 5439 2136 5518 nonagin

2249 5440 2346 5517 γάρ
2404 5437 2514 5492 ἐστι
2544 5438 2801 5503 καθῆσθαί
2828 5459 2944 5492 τινα
3005 5436 3323 5515 ἀριθμοῦντα
3374 5433 3474 5495 ἕως
3528 5436 3588 5489 οὗ
3616 5433 3898 5489 ποσωθῶσι

502 5533 568 5588 ta
589 5524 813 5588 habeas
844 5529 950 5605 [tot
980 5528 1137 5590 enim
1169 5526 1393 5589 faciunt
1421 5531 1755 5610 septuagies
1786 5529 2027 5609 septies]
2056 5546 2142 5589 sec

2245 5526 2557 5606 τετρακόσια
2646 5524 2991 5595 ἐννενήκοντα
3076 5532 3329 5603 (τοσαῦτα
3390 5524 3489 5602 γὰρ
3546 5524 3612 5578 τὰ
3664 5520 3903 5597 ἑϐδομη-

507 5616 866 5679 immensum
903 5635 1219 5680 numerum
1245 5617 1436 5693 signat
1472 5639 1485 5681 :
1514 5619 1688 5699 quasi
1712 5619 1892 5690 dicat,
1920 5618 2142 5691 Quotie:

2244 5618 2488 5683 κοντάκις
2544 5615 2727 5694 ἑπτὰ),
2782 5614 2919 5672 ἄλλα
2991 5618 3051 5673 τὸ
3109 5615 3326 5695 ἄπειρον
3376 5615 3596 5671 ἐνταῦθα
3630 5614 3903 5688 σημαίνει·

502 5705 864 5797 ιιιιίιὴρειιε
884 5706 1085 5783 fuerit,
1113 5714 1173 5769 et
1203 5696 1618 5791 paenitentiam
1652 5709 2079 5791 aget,concede
2103 5727 2136 5770 e

2244 5710 2317 5771 ὡς
2376 5706 2435 5769 ἄν
2488 5707 2531 5760 ci
2587 5703 2789 5787 ἔλεγεν·
2828 5696 3039 5770 Ὀσάκις
3087 5705 3147 5761 ἅν
3198 5708 3421 5767 πταίσας
3468 5709 3722 5780 μετανοῇ,
3772 5724 3908 5783 συγο
