4204 6418
500 338 616 405 347

1466 345 2065 410 THEOPHYLACTI
2108 344 2525 409 BULGABLE
2568 346 2930 412 ARCHIEP.

3781 350 3914 417 348

507 493 690 567 unum
723 477 798 538 de
828 476 1263 558 conservis,qni
1291 477 1546 541 debebat
1567 479 1679 541 sibi
1695 487 1934 542 centum
1972 477 2154 538 dena-

2248 474 2544 535 συνδούλων
2604 481 2784 560 αὐτοῦ,
2849 481 2909 545 ὃς
2963 482 3189 562 ὤφειλεν
3247 484 3392 559 αύτῷ
3420 485 3611 544 ἑκατὸν
3651 484 3902 567 δηνάρια.

503 563 645 626 rios:
686 576 744 626 et
773 568 989 648 injecta
1015 568 1074 627 in
1109 586 1243 628 eum
1280 587 1481 649 manu,
1509 568 1741 630 obtorto
1775 566 1927 631 eollo
1959 567 2156 627 trahe.

508 653 607 717 but
632 654 1047 729 dicens,Solve
1073 657 1229 738 quod
1254 656 1543 721 debes.Et
1571 658 1888 739 procidens
1910 673 2160 719 conser-

501 761 612 804 vus
645 745 776 824 ejus
809 745 880 807 ad
915 745 1099 827 pedes
1128 746 1258 825 ejus
1283 747 1535 826 rogabat
1575 767 1734 823 eum,
1765 747 1995 825 dicens,
2021 744 2159 807 Esto

507 833 739 912 patiens
758 852 897 913 erga
919 854 1037 911 me,
1066 846 1125 897 et
1146 840 1347 897 omnia
1364 835 1611 899 reddam
1637 836 1848 899 tibi.At
1872 836 1969 897 ille
1996 834 2158 897 nole-

506 922 624 992 bat,
656 923 761 985 sed
793 924 1030 1003 abiit,et
1058 927 1319 1007 conjecit
1349 945 1486 988 eum
1519 927 1577 988 in
1609 944 1934 999 carcerem,
1966 925 2158 986 donec

502 1010 789 1076 redderet
818 1013 1109 1078 debitum.
1151 1043 1175 1071 ιι
1211 1015 1499 1096 Egressus
1530 1017 1628 1079 ille
1649 1016 1747 1096 qui
1777 1015 2009 1078 veniam
2043 1012 2155 1076 ob-

507 1101 789 1183 tinuerat,
824 1107 1150 1185 strangulat
1176 1126 1244 1168 ac
1295 1106 1510 1187 premit
1540 1126 1915 1168 conservum.
1947 1104 2158 1169 Nullus

503 1192 665 1255 enim
699 1194 800 1274 qui
834 1194 895 1256 in
927 1194 1049 1256 Deo
1078 1204 1298 1277 manet,
1335 1197 1763 1277 compassionis
1786 1213 1998 1278 expers
2023 1202 2151 1257 est:

503 1282 607 1343 sed
643 1282 745 1344 ille
775 1285 942 1365 quia
972 1284 1097 1348 Deo
1155 1286 1432 1347 discessit
1461 1296 1520 1348 et
1573 1286 1803 1348 alienus
1856 1294 1965 1348 est.
2027 1286 2154 1348 Ma-

506 1390 637 1450 gnae
666 1382 863 1435 autem
898 1383 1024 1436 erat
1052 1376 1438 1439 crudelitatis.
1487 1377 1746 1440 Erantei
1779 1376 1985 1438 decem
2019 1373 2155 1436 mil-

507 1460 585 1523 lia
611 1462 966 1528 talentorum
1000 1466 1278 1545 remissa,
1315 1475 1372 1527 et
1400 1466 1575 1546 longe
1611 1466 2153 1547 pauciora,centum

506 1552 739 1616 scilicet
756 1555 1060 1637 denarios,
1081 1556 1325 1616 omnino
1348 1576 1459 1617 nec
1480 1558 1932 1627 remittere,nec
1958 1573 2158 1635 proro-

506 1661 648 1721 gare
676 1652 909 1726 tempus
940 1646 1358 1708 dinumerandi
1389 1646 1888 1713 volebat,tametsi
1913 1662 2158 1707 conser-

508 1752 613 1795 vus
644 1735 853 1796 eadem
879 1735 1063 1797 verba
1086 1736 1475 1818 diceret,quw
1497 1746 1552 1797 et
1585 1736 1685 1797 ille
1713 1735 1782 1796 ad
1821 1734 2153 1814 dominum,

2246 566 2343 624 Καὶ
2373 569 2647 647 κρατήσας
2694 570 2850 627 αὺτὸν
2881 568 3095 650 ἔπνιγε,
3126 571 3302 652 λέγων
3337 594 3351 608 ·
3386 571 3613 643 Ἀπόδος
3643 598 3736 652 μοι
3766 566 3823 632 εἴ
3852 598 3907 632 τι

2240 655 2471 735 ὀφείλεις
2504 672 2518 687 ⁶
2555 659 2735 715 πεσὼν
2766 659 2857 716 οὖν
2904 663 2932 717 6
2977 660 3258 728 σύνδουλος
3304 665 3461 723 αὐτοῦ
3503 667 3578 729 εἷς
3633 666 3756 731 τοὺς
3805 664 3910 722 πό-

2239 742 2331 809 δας
2388 746 2571 823 αὖτοῦ,
2628 746 2917 827 παρεκάλει
2968 753 3151 819 αὐτὸν,
3197 749 3371 831 λέγων
3406 769 3421 783 '
3476 756 3910 834 Μακροθύμησον

2240 833 2325 891 ἐπ’
2370 834 2511 912 ἐμοὶ,
2572 839 2662 894 καὶ
2706 838 2879 895 πάντα
2924 861 3006 897 σοι
3040 837 3328 906 ἀποδώσω,
3379 834 3436 901 Ὀ
3464 841 3519 901 δὲ
3563 833 3658 902 οῦκ
3684 841 3903 912 ἤθελεν·

2240 922 2360 980 ἀλλ’
2420 925 2663 984 ἀπελθὼν
2735 924 2923 984 ἔϐαλεν
2981 931 3139 988 αὐτὸν
3196 932 3272 997 είς
3354 931 3620 1012 φυλακὴν,
3674 931 3777 998 ἕως
3839 932 3912 991 οὗ

2238 1013 2421 1104 ἀποδῷ
2474 1018 2536 1073 τὸ
2593 1013 2970 1098 ὀφειλόμενον,
3010 1041 3034 1076 ε
3098 1017 3356 1086 Ἐξελθὼν
3416 1024 3445 1079 6
3500 1025 3906 1104 συγχωρηθεὶς,

2239 1103 2378 1161 οὕτω
2422 1106 2596 1185 πνίγει
2640 1109 2733 1163 τὸν
2789 1105 3074 1167 σύνδουλον
3106 1125 3123 1141 ⁸
3182 1108 3347 1173 οὐδεὶς
3411 1112 3512 1191 γὰρ
3548 1103 3613 1171 ἓν
3635 1103 3725 1188 τῷ
3782 1119 3910 1188 Θεῷ

2238 1194 2437 1275 μένων,
2511 1197 2828 1273 ἀσυμπαθής
2865 1212 2878 1226 ·
2944 1196 3066 1254 ἀλλ’
3121 1201 3150 1256 6
3206 1198 3429 1266 ὶξελθὼν
3486 1201 3548 1259 ἐκ
3588 1212 3681 1262 τοῦ
3737 1210 3902 1277 Θεοῦ,

2242 1287 2329 1342 καὶ
2386 1284 2665 1367 ἀλλότριος
2721 1285 2922 1347 ἐκείνου
2976 1287 3074 1351 ὤν,
3123 1291 3371 1357 Τοσαύτη
3421 1289 3554 1361 δὲ.ἡ
3607 1291 3904 1373 ἀπανθρω-

2239 1374 2358 1447 πία,
2420 1375 2558 1432 ὥστε
2612 1377 2680 1433 τὰ
2751 1380 2916 1452 μείζω
2985 1378 3406 1458 συγχωρηθέντα
3483 1379 3741 1460 (τάλαντα
3795 1384 3907 1462 γὰρ

2240 1463 2428 1543 μύρια)
2486 1465 2571 1522 ἐπὶ
2626 1478 2747 1531 τοῖς
2800 1464 3078 1523 ἐλάττοσιν
3130 1469 3344 1545 (ἑκατὸν
3388 1470 3489 1548 γὰρ
3518 1467 3762 1550 δηνάρια)
3819 1473 3906 1548 μὴ

2240 1560 2688 1632 συγγνωμονῆσαι
2720 1555 2886 1627 ὅλως,
2919 1555 3056 1632 μηδὲ
3088 1555 3360 1626 ἀναϐολὴν
3410 1557 3612 1622 δοῦναι.
3650 1562 3898 1640 Καίτοιγε

2240 1646 2266 1698 ὁ
2312 1641 2589 1707 σύνδουλος
2649 1645 2714 1701 τὰ
2772 1646 2905 1702 αύτά
2960 1646 3174 1723 ῥήματα
3239 1647 3411 1729 λέγει³
3472 1648 3902 1726 ἀναμιμνήσκων

2240 1733 2395 1788 αὑτὸν
2426 1730 2494 1787 δι’
2536 1736 2610 1788 ὧν
2658 1734 2813 1799 αὐτὸς
2857 1733 3030 1802 ἐσώθη
3065 1754 3082 1770 ⁸
3135 1738 3559 1817 Μακροθύμησον
3612 1739 3735 1818 γὰρ,
3781 1763 3901 1819 φη·-

507 1823 978 1886 misericordiam
998 1824 1225 1886 domini
1259 1806 1690 1887 iu'memuriam
1725 1825 1809 1885 illi
1835 1823 2152 1885 reducens:

2239 1823 2344 1901 civ,
2376 1820 2463 1877 ἆπ⁹
2495 1820 2637 1898 ἐμοὶ,
2671 1825 2760 1880 καὶ
2788 1820 3050 1880 ἀποδώσω
3079 1848 3184 1888 σοι,

502 1913 648 1974 dixit
705 1915 862 1975 enim
894 1935 908 1974 :
942 1913 1082 1975 Esto
1126 1916 1353 1995 patiens
1406 1934 1543 1996 erga
1576 1933 1693 1991 me,
1732 1922 1789 1976 et
1820 1912 2021 1975 omnia
2050 1911 2156 1973 tibi

498 2002 771 2066 reddam.

581 2091 764 2156 Vsus.
793 2094 889 2157 3t.
950 2120 971 2152 α
1025 2098 1203 2158 l’orro
1237 2115 1369 2157 cum
1404 2094 1692 2157 vidissent
1722 2093 1994 2155 conservi
2025 2092 2156 2171 ejus

502 2201 632 2264 quae
657 2182 896 2265 fiebant,
932 2185 1317 2248 indoluerunt
1373 2188 1562 2246 valde:
1602 2192 1662 2245 et
1692 2189 2154 2261 venerunt.ape—

499 2282 866 2355 rneruntque
890 2274 1134 2337 domino
1165 2294 1271 2336 suo
1297 2278 1498 2337 omnia
1520 2292 1650 2355 quae
1672 2273 1819 2334 facta
1851 2272 2146 2334 fuerant.»

506 2361 798 2425 Videntur
836 2366 893 2426 hi
927 2367 1197 2429 conservi
1246 2384 1383 2428 esse
1410 2365 1625 2445 angeli,
1660 2381 1867 2425 osores
1899 2361 2062 2435 mali,
2097 2370 2156 2422 et

501 2462 769 2515 amantes
798 2454 959 2531 boni,
986 2476 1103 2519 non
1130 2456 1285 2538 quod
1319 2455 1615 2534 ignoranti
1645 2453 1896 2515 Domino
1918 2453 2043 2513 haec
2068 2451 2155 2512 di-

503 2544 773 2617 cant,sed
803 2553 863 2607 ut
887 2553 947 2607 tu
973 2545 1167 2609 discas
1197 2545 1352 2626 quod
1374 2546 1566 2624 angeli
1601 2542 1774 2605 nobis
1802 2542 1872 2604 ad
1909 2542 2150 2603 tutelam

505 2631 628 2693 dati
659 2633 797 2701 sint,
837 2643 895 2697 et
922 2637 1078 2717 quod
1111 2636 1457 2697 inhumanis
1488 2644 1546 2697 et
1574 2629 2152 2695 immisericordibus

505 2721 911 2799 indignentur.

2329 2115 2347 2147 ι
2403 2091 2625 2156 Ἰδόντες
2701 2091 2757 2149 δὲ
2832 2096 2880 2150 οἱ
2936 2091 3206 2151 σύνδουλοι
3276 2096 3436 2152 αὐτοῦ
3488 2097 3553 2153 τὰ
3608 2097 3895 2175 γενόμενα,

2240 2180 2583 2253 ἐλυπήθησαν
2656 2180 2878 2263 σφόδρα.
2955 2184 3053 2241 Καὶ
3121 2182 3366 2249 ἐλθόντες
3434 2182 3757 2267 διεσάφησαν
3817 2195 3900 2263 τῷ
3929 2207 3942 2216 ·

2240 2272 2399 2351 κυρίῳ
2456 2272 2655 2328 ἑαυτῶν
2711 2272 2886 2329 πάντα
2939 2273 3004 2330 τὰ
3072 2273 3363 2351 γενόμενα,
3434 2291 3459 2330 ι
3543 2277 3603 2333 Οἱ
3672 2274 3898 2354 ἄγγελοι

2238 2384 2591 2438 μισοπονηροι
2650 2362 2886 2421 ἐντεῦθεν
2939 2364 3027 2419 καὶ
3069 2360 3351 2443 φιλάγαθοι
3401 2365 3674 2443 φαίνονται
3702 2385 3719 2402 ο
3748 2368 3897 2423 οὗτοι

2242 2452 2337 2529 γὰρ
2385 2454 2431 2507 oi.
2484 2450 2758 2509 σύνδουλοι
2791 2473 2806 2488 °
2869 2454 2973 2532 οὔχ
3030 2453 3104 2516 ὡς
3161 2452 3438 2531 ἀγνοοῦντι
3486 2452 3541 2510 δὲ
3583 2460 3661 2529 τῷ
3721 2458 3899 2534 Κυρίῳ

2236 2561 2400 2595 ταυτα
2450 2540 2720 2617 λέγουσιν,
2767 2538 2891 2595 ἀλλ’
2932 2541 3025 2595 ἵνα
3087 2540 3148 2595 σὺ
3202 2541 3375 2618 μάθῃς
3407 2539 3487 2598 ὅτι
3516 2540 3736 2621 ἄγγελοί
3763 2545 3898 2600 εἰσιν

2236 2627 2417 2708 ἔφοροι
2474 2628 2653 2709 ἡμῶν,
2710 2631 2802 2686 καὶ
2859 2629 2942 2686 ὅτι
2993 2630 3351 2708 ἀγανακτοῦσι
3406 2634 3543 2688 κατὰ
3566 2638 3673 2688 τῶν
3714 2632 3896 2689 ἀπαν-

2233 2719 2479 2798 θρώπων.

584 2809 997 2878 νωωκαδι.
1014 2813 1212 2877 «Tunc
1233 2813 1540 2877 accersivit
1564 2813 1727 2874 illum
1754 2810 2034 2873 dominus
2049 2828 2152 2870 su-

2321 2832 2343 2864 a
2381 2810 2511 2868 Τότε
2569 2807 3073 2889 προσκαλεσάμενος
3161 2809 3318 2868 αὐτὸν
3374 2812 3402 2866 6
3462 2810 3642 2890 κύριος
3709 2815 3891 2890 αὐτοῦ,

504 2908 661 2971 us,et
685 2902 768 2962 ait
789 2902 1086 2966 illi:Serve
1102 2903 1577 2985 sceleste,totum
1596 2900 1862 2963 debitum
1889 2899 2034 2961 illud
2062 2916 2154 2959 re-

2239 2897 2379 2977 λὲγει
2431 2904 2575 2974 αὗτῷ
2613 2919 2625 2931 ·
2664 2898 2828 2956 Δοῦλε
2882 2899 3107 2978 πονηρὲ,
3145 2906 3321 2957 πᾶσαν
3360 2900 3456 2969 τὴν
3496 2900 3720 2982 ὀφειλὴν
3750 2903 3896 2960 ὲκεί-

506 2989 639 3051 misi
670 2990 938 3064 tibi,ruxn
970 2992 1349 3055 obsecrasses
1382 3012 1476 3055 me
1510 3014 1523 3056 :
1556 3010 1755 3054 nonne
1803 2988 2066 3068 oportuit
2093 2998 2154 3051 et

2239 3013 2334 3058 νην
2364 2989 2548 3070 ἀφῆκά
2602 3011 2709 3065 σοι,
2769 2989 2885 3047 ἐπεὶ
2934 2988 3304 3070 παρεκάλεσάς
3363 3012 3431 3068 με
3466 3009 3482 3026 ·
3533 2992 3630 3049 οὐκ
3659 2990 3762 3050 ἔδει
3804 2995 3895 3052 καὶ

507 3086 561 3140 te
587 3082 858 3145 misereri
889 3084 1161 3145 conservi
1205 3084 1313 3165 tui,
1344 3082 1498 3145 sicut
1530 3092 1588 3143 et
1621 3099 1731 3161 ego
1764 3078 1846 3141 tui
1880 3078 2154 3140 misertus

2240 3082 2298 3137 σὲ
2356 3079 2572 3147 ἐλεῆσαι
2616 3081 2708 3136 τὸν
2752 3077 3030 3137 σύνδουλόν
3060 3102 3154 3136 σου
3196 3082 3271 3145 ὡς
3301 3081 3390 3138 καὶ
3418 3080 3528 3160 ὶγώ
3556 3104 3616 3139 σε
3641 3081 3850 3151 ἠλέησα
3875 3103 3893 3159 ;

504 3171 771 3235 eram?Et
814 3173 997 3235 iratus
1048 3174 1327 3237 dominus
1358 3174 1488 3254 ejus
1521 3170 1763 3233 tradidit
1794 3188 1927 3231 eum
1958 3175 2151 3231 torto-

2242 3172 2339 3228 Καὶ
2393 3170 2652 3249 ὀργισθεὶς
2738 3171 2775 3238 ἡ
2863 3170 3041 3250 κύριος
3120 3174 3299 3244 αὐτοῦ,
3359 3169 3665 3248 παρέδωκεν
3735 3174 3894 3230 αὐτὸν

503 3260 1385 3347 ribus,quoadusqueredderet
1416 3273 1601 3324 totum
1627 3259 1785 3342 quod
1818 3257 2154 3327 debebatur

2239 3274 2355 3323 τοῖς
2422 3261 2799 3337 βασανισταῖς,
2839 3258 2941 3325 ἕως
2986 3260 3046 3317 οὗ
3076 3259 3259 3336 ἀποδῷ
3308 3267 3413 3317 πᾶν
3457 3263 3516 3317 τὸ
3545 3260 3896 3342 ὀφειλόμενον

502 3351 638 3414 sibi.
676 3351 777 3414 nln
798 3354 1091 3433 judicium
1126 3356 1302 3415 intrat
1334 3373 1468 3415 cum
1495 3370 1666 3414 servo
1699 3350 1980 3411 dominus
2012 3368 2154 3429 pro-

2239 3350 2403 3424 αύτῷ,
2470 3352 2710 3430 Κρίνεται
2783 3347 2867 3407 διὰ
2912 3348 3308 3430 φιλανθρωπίαν
3353 3353 3381 3407 6
3439 3348 3707 3420 δεσπότης
3760 3354 3893 3433 πρὸς

494 3450 635 3522 ‘pter
666 3442 1530 3507 misericordiamzutostendat
1560 3440 1715 3523 quod
1746 3459 1861 3501 non
1887 3436 2152 3519 ipse,sed

2239 3440 2328 3496 τὸν
2383 3436 2591 3519 δοῦλον³
2622 3438 2716 3499 ’ἕνα
2748 3436 2888 3516 δείξῃ
2943 3438 3025 3495 ὅτι
3070 3438 3165 3496 οὐκ
3212 3441 3391 3520 αὑτὸς,
3440 3439 3559 3498 ἀλλ’
3594 3442 3892 3519 ᾑηώμότης

505 3531 659 3593 servi
683 3533 1001 3596 crudelitas
1027 3544 1084 3596 et
1126 3533 1492 3613 ingralitudo
1524 3532 1904 3592 donationem
1938 3528 2147 3589 irritet.

2239 3537 2330 3586 τοῦ
2390 3527 2575 3585 δούλου
2628 3528 2908 3608 ἀνατρέπει
2951 3530 3048 3598 τὴν
3104 3527 3303 3609 δωρεὰν
3333 3531 3482 3600 καὶὴ
3512 3529 3889 3610 ἀγνωμοσύνη.

502 3620 731 3692 Quibus
751 3632 947 3685 autem
973 3619 1749 3685 tortoribustradidit'IF‘orte
1768 3616 2154 3699 potestatibus

2239 3620 2350 3677 Τίσι
2382 3616 2437 3674 δὲ
2494 3619 2845 3696 βασανισταῖς
2897 3617 3219 3700 παραδίδωσι
3256 3635 3273 3694 ;
3307 3629 3717 3700 Τιμωρητικαῖς
3747 3622 3895 3702 τάχα

505 3711 920 3794 punitricibus,
954 3713 1034 3775 ita
1060 3723 1121 3774 ut
1151 3721 1436 3795 perpetuo
1467 3710 1799 3790 puniretur.
1835 3706 2154 3787 Quousque

2239 3706 2544 3783 δυνάμεσιν,
2592 3708 2731 3765 ὥστε
2790 3710 3015 3773 αἰωνίως
3074 3708 3410 3781 κολάζεσθαι.
3464 3712 3534 3769 Τὸ
3572 3711 3697 3790 γρὲιρ⁹
3738 3702 3892 3795 ’-Εως

505 3789 717 3863 reddat
738 3789 1399 3884 quoddebebaturrhoc
1421 3797 1902 3880 significat,quod
1930 3796 2153 3857 tamdiu

2239 3797 2297 3854 οὗ
2351 3796 2534 3855 ἀποδῶ
2592 3800 2651 3854 τὸ
2711 3798 3083 3879 ὀφειλόμενον³
3112 3808 3268 3858 τοῦτο
3313 3801 3591 3875 σημαίνει,
3620 3799 3700 3857 ὅτι
3737 3789 3890 3864 "Eme

508 3890 785 3971 puniatur
812 3891 1003 3954 donec
1036 3893 1366 3955 reddat:99
1388 3908 1689 3972 nunquam
1714 3896 1911 3950 autem
1941 3886 2154 3948 reddet.

2239 3888 2357 3945 τότε
2415 3885 2744 3963 κολαζέσθω,
2791 3887 2891 3952 ἕως
2949 3889 3010 3946 οὗ
3055 3887 3238 3965 ἀποδῷ
3274 3905 3285 3919 ·
3322 3888 3460 3946 ἀλλά
3502 3891 3610 3961 μὴν
3639 3886 3888 3946 ούδέποτε

506 3979 662 4060 quod
696 3979 972 4063 debebat,
1007 3982 1282 4044 videlicet
1302 3999 1534 4062 poenam
1566 3997 1743 4060 quam
1796 3988 2098 4039 meruerat
2134 3994 2147 4039 :

2239 3977 2503 4035 ἀποδώσει
2563 3980 2623 4033 τ’)
2679 3977 3030 4058 ὀφειλομενον
3079 3979 3200 4048 ἤτοι
3243 3980 3344 4047 τὴν
3396 3977 3745 4059 ὀφειλομένην
3797 3980 3885 4036 καὶ

504 4084 737 4150 semper
775 4089 914 4149 ergo
942 4070 1244 4153 punietur.
1959 4102 1963 4107 -

2239 4068 2379 4135 ἀξίαν
2410 4069 2668 4147 τιμωρίαν
2704 4086 2720 4104 ·
2755 4068 2834 4126 ἀεὶ
2879 4068 2978 4149 ἄρα
3023 4068 3436 4140 κολασθήσεται.

583 4159 874 4222 Vens.35.
900 4184 921 4214 α
959 4161 1057 4223 Sic
1090 4170 1144 4223 et
1174 4166 1342 4223 Pater
1364 4177 1531 4220 meus
1556 4157 1813 4219 caelestis
1846 4155 2026 4218 faciet
2046 4174 2150 4216 vo-

2324 4179 2347 4214 ι
2399 4156 2550 4216 Οὕτω
2611 4159 2698 4214 καί
2756 4162 2783 4215 ὁ
2828 4161 3013 4240 Πατήρ
3082 4183 3185 4236 μου
3239 4162 3266 4217 6
3323 4158 3626 4237 ἐπουράνιος
3670 4160 3889 4231 ποιήσει

504 4245 597 4308 bis
626 4247 674 4309 si
709 4269 824 4310 non
855 4250 1207 4312 remiseritis
1230 4252 1479 4331 quisque
1509 4247 1669 4310 fratri
1701 4267 1807 4309 suo
1840 4247 1915 4308 de
1946 4245 2150 4307 cordi-

2239 4249 2387 4323 ύμῖν,
2437 4247 2526 4303 ἐὰν
2583 4247 2663 4323 μὴ
2712 4248 2881 4330 ἀφῆτε
2938 4248 3162 4313 ἕκαστος
3219 4257 3297 4325 τῷ
3341 4246 3551 4328 ἀδελφῷ
3580 4250 3739 4307 αὐτοῦ
3784 4248 3891 4306 ἀπὸ

504 4335 614 4398 bus
644 4339 855 4401 vestris
883 4339 1099 4402 delicta
1131 4340 1430 4402 illorum.»
1468 4335 1595 4399 Non
1628 4336 1790 4411 dixit,
1839 4339 2012 4401 Pater
2041 4352 2149 4396 ve-

2239 4341 2338 4393 τών
2389 4334 2617 4417 καρδιῶν
2674 4339 2821 4414 ὑμῶν
2877 4340 2944 4397 τὰ
3013 4341 3423 4418 παραπτώματα
3464 4337 3659 4398 αὐτῶν.
3697 4362 3725 4395 ι
3782 4340 3893 4398 06x

502 4428 782 4508 ster,sed,
819 4427 990 4491 Pater
1021 4448 1208 4493 meus:
1244 4426 1472 4508 indigni
1502 4426 1659 4488 enim
1694 4434 1833 4487 sunt
1871 4425 2016 4486 tales
2046 4425 2146 4506 qui

2239 4430 2408 4501 εἶπεν,
2471 4429 2498 4483 6
2552 4428 2735 4496 Πατὴρ
2793 4428 2966 4509 ὑμῶν,
3012 4427 3159 4505 ἀλλ’,
3194 4432 3223 4486 6
3266 4430 3451 4509 Πατὴρ
3486 4451 3589 4504 μου
3626 4445 3642 4461 ⁸
3691 4425 3891 4494 ἀνάξιοι

504 4516 688 4578 Deum
720 4516 976 4581 habeant
1007 4516 1348 4600 patrem.De
1380 4515 1660 4578 cordibus
1690 4525 1887 4577 autem
1916 4514 2037 4574 vult
2059 4532 2151 4575 re-

2239 4517 2332 4596 γάρ
2376 4517 2505 4571 εἰσιν
2562 4518 2611 4572 οἱ
2662 4525 2894 4576 τοιοῦτοι
2944 4519 3149 4600 πατέρα
3179 4519 3331 4600 ἔχειν
3360 4521 3452 4576 τὸν
3484 4518 3616 4576 Θεόν
3653 4534 3666 4548 ⁸
3703 4518 3808 4575 ἀπὸ
3836 4514 3890 4573 δὲ

501 4605 803 4687 mitti,non
834 4609 911 4670 de
940 4627 1044 4670 ore
1074 4608 1377 4671 duntaxat.
1402 4605 1607 4684 Cogita
1631 4604 1807 4684 igitur
1864 4612 2148 4685 quantum

2239 4607 2327 4673 τῆς
2373 4604 2584 4685 καρδίας
2633 4605 2877 4683 βούλεται
2934 4609 3169 4690 ἀφιὲναι,
3219 4607 3341 4665 ἀλλ’
3396 4610 3493 4665 οὒκ
3520 4609 3627 4666 ἀπὸ
3659 4606 3891 4690 χειλέων

499 4695 720 4759 malum
752 4704 828 4760 th
858 4693 1951 4780 vindictaecupiditaszquanduquidem
1975 4692 2148 4754 etiam

2239 4697 2418 4771 μόνον.
2485 4697 2697 4763 Νόησον
2756 4694 2811 4753 δὲ
2869 4699 2957 4754 καὶ
3014 4711 3182 4756 πόσον
3238 4699 3403 4755 κακὸν
3446 4699 3481 4768 ἡ
3534 4700 3889 4773 μνησικακία,

497 4786 882 4851 donationem
913 4787 1018 4851 Dei
1072 4797 1307 4850 revocat
1340 4796 1396 4848 et
1429 4786 1621 4848 irritat
1654 4805 1666 4847 :
1704 4781 1943 4844 tametsi
1987 4781 2147 4843 enim

2239 4786 2360 4844 ὅταν
2400 4787 2498 4856 τὴν
2544 4784 2741 4867 δωρεὰν
2787 4796 2880 4847 τοῦ
2934 4795 3067 4845 Θεοῦ
3110 4788 3366 4868 ἀνέτρεψε
3406 4806 3416 4817 ·
3451 4787 3625 4844 καίτοι
3655 4806 3718 4866 γε
3747 4784 3888 4861 ἀμε-

497 4875 652 4937 dona
674 4876 777 4939 Dei
797 4897 866 4941 ea
895 4879 1293 4959 sint,qnorum
1316 4895 1432 4937 non
1466 4874 1748 4955 paeniteat
1771 4872 2145 4952 illum,revo-

500 4973 711 5026 cantur
741 4974 938 5030 tamen
964 4968 1072 5030 hac
1092 4968 1319 5031 ratione
1353 4976 1410 5027 et
1429 4965 1764 5027 irritantur.

1099 5059 1345 5126 CAPUT
1381 5057 1531 5122 XIX.

2235 4875 2513 4952 ταμὲλητα
2598 4877 2663 4932 τὰ
2746 4878 3060 4958 χαρίσματα
3141 4884 3234 4936 τοῦ
3304 4885 3458 4952 Θεοῦ,
3533 4874 3654 4934 ἀλλ’
3738 4873 3889 4951 ὅμως

2233 4966 2630 5039 ἀνετράπησαν,

2856 5080 3111 5132 ΚΕΦΑΛ.
3158 5061 3265 5134 te'.

498 5150 586 5213 De
613 5158 1054 5233 quaerentibus,
1090 5175 1237 5219 num
1271 5158 1477 5218 liceret
1525 5153 1840 5233 dimittere
1868 5168 2143 5214 uxorem.

2657 5162 3071 5244 ἐπερωτώντων,
3187 5165 3232 5220 εἰ
3342 5160 3543 5228 ἔξεστιν
3625 5158 3890 5244 ἀπολῦσαι

813 5237 899 5298 De
924 5237 1115 5300 divite
1154 5238 1357 5300 Jesum
1389 5232 1839 5314 interpellante.

2236 5165 2357 5243 Περὶ
2440 5168 2548 5219 τῶν

2353 5244 2409 5312 ἦν
2494 5239 2766 5322 γυναῖκαξ
2833 5246 2957 5323 Περὶ
3028 5251 3121 5303 τοῦ
3194 5242 3636 5322 ἐπερωτήσαντος
3714 5239 3889 5298 πλου-

2313 5257 2409 5312 την
2494 5257 2747 5322 γδνατκα.

2314 5325 2427 5384 σίου
2468 5326 2559 5381 τὸν
2589 5324 2823 5392 Ἰησοῦν.

574 5414 756 5482 Vsas.
794 5427 848 5497 t,
890 5418 950 5483 2.
990 5445 1014 5477 ιι
1048 5422 1121 5484 Et
1153 5421 1370 5481 factum
1403 5429 1491 5482 est
1513 5437 1648 5480 cum
1680 5426 2153 5480 consummasset

2322 5440 2348 5471 ε
2398 5417 2495 5473 Καὶ
2555 5414 2765 5494 ἐγένετο
2823 5415 2910 5473 ὅτε
2954 5414 3194 5474 ἐτέλεσεν
3238 5416 3265 5472 6
3313 5412 3521 5481 Ἰησοῦς
3551 5413 3671 5479 τοὺς
3700 5410 3891 5489 λόγους

494 5504 667 5568 Jesus
690 5526 999 5572 sermones
1028 5508 1523 5589 hos,demigravit
1556 5526 1591 5568 a
1620 5505 1881 5580 Galilaea,
1913 5514 1970 5566 et
1993 5507 2151 5569 venit

2239 5508 2470 5578 τούτους,
2531 5506 2761 5586 μετῆρεν
2804 5507 2910 5564 ἀπὸ
2952 5507 3052 5575 τῆς
3108 5502 3419 5584 Γαλιλαίας,
3481 5504 3568 5558 καὶ
3621 5499 3782 5569 ἦλθεν
3813 5501 3889 5589 εἷς

494 5592 555 5655 in
584 5594 963 5662 linesJudzem
997 5606 1159 5661 trans
1178 5588 1595 5672 Jordanem,et
1614 5604 1836 5659 secuta:
1852 5603 1992 5657 sunt
2014 5615 2148 5658 eum

2239 5599 2301 5655 τὰ
2354 5595 2472 5675 ὅρια
2528 5600 2628 5662 τῆς
2702 5595 2955 5660 Ἰουδαίας
3028 5595 3193 5675 πέραν
3267 5602 3361 5652 τοῦ
3429 5590 3692 5672 Ἰορδάνου
3729 5608 3743 5623 ⁸
3801 5588 3893 5647 καὶ

499 5683 685 5748 turbae
716 5687 936 5767 multae,
972 5696 1032 5751 et
1060 5688 1285 5751 curavit
1314 5707 1415 5749 eos
1443 5687 1588 5750 ibi.»
1626 5685 1846 5747 Iterum
1883 5696 2153 5750 versatur

2239 5684 2603 5757 ἠκολούθησαν
2662 5692 2803 5761 αὐτῷ
2873 5685 3031 5765 ὄχλοι
3103 5682 3314 5763 πολλοὶ,
3376 5683 3465 5739 καὶ
3550 5680 3891 5761 toti;va
