4204 6400
320 343 440 413 349

1023 349 1470 414 ENARRATIO
1513 351 1598 414 IN
1643 345 2151 415 EVANGELIUM
2196 350 2592 415 MATTH/El.
2642 387 2718 398 —
2762 355 2926 416 CAP.
2973 355 3135 416 XIX.

3604 351 3724 418 350

322 489 511 552 αὖτοὺς
573 490 716 548 ἐκεῖ.
759 513 782 547 ι
848 489 1013 547 Πάλιν
1071 496 1138 567 τῇ
1195 488 1417 564 Ἰουδαίᾳ
1466 490 1744 565 ὲπιδημεῖ,
1777 492 1869 548 ’ίνα
1899 482 1976 558 μὴ

2065 479 2122 541 in
2153 480 2379 558 Judaea,
2407 491 2469 544 ut
2499 485 2643 546 nihil
2679 493 3008 566 praetexere
3039 485 3268 565 possint
3290 486 3390 568 qui
3426 505 3544 548 non
3577 504 3720 549 creo

320 579 492 659 ἔχωσι
551 581 960 660 προφασίζεσθαι
1042 582 1091 636 οἱ
1173 579 1516 644 ἀπιστοῦντες
1596 587 1702 636 τῶν
1777 580 1831 637 ἑν
1913 583 1982 654 τῇ

322 666 574 750 Ἰουδαίᾳ,
651 668 733 726 ὅτι
772 669 865 750 -Οᾷὗ
908 668 1310 750 συνεχέστερον
1353 671 1552 750 ηὴμϊνν
1593 667 1977 750 ἐπεχωρίαζεν,

320 748 463 806 ἀλλὰ
513 750 636 814 τοῖς
695 748 992 815 Γαλιλαίοις
1032 767 1044 781 ⁸
1099 748 1258 806 πάλιν
1319 749 1408 807 οῦν
1438 749 1574 822 μετὰ
1602 748 1982 817 τὴν-διδασκασσ

321 838 439 894 λίαν
494 841 583 896 καὶ
640 841 701 896 τὸ
744 837 1145 908 συντελεσθῆναι
1201 841 1323 905 τοὺς
1381 838 1595 916 λόγους,
1643 838 1982 896 ἀκολουθοῦσι

327 930 392 986 τὰ
441 929 734 1005 θαύματα..
769 939 864 985 Δεῖ
933 929 1033 1007 γὰρ
1074 930 1218 1004 ἡμᾶς
1263 930 1351 984 καὶ
1395 925 1676 1004 διδάσκειν,
1719 927 1856 987 ἀλλὰ
1897 925 1985 985 καὶ

328 1019 578 1097 πράττειν
614 1039 628 1052 ·
687 1013 807 1075 ἀλλ’

327 1106 552 1183 ίδόντες,
611 1106 722 1164 δέον
803 1114 1102 1187 πιστεῦσαι,

330 1197 456 1275 γὰρ.

422 1310 444 1344 ι
484 1288 578 1346 Καὶ
635 1285 936 1366 προσῆλθον
992 1289 1133 1362 αὐτῷ
1203 1290 1250 1344 οἱ
1315 1294 1602 1365 Φαρισαῖοι
1647 1286 1981 1366 πειράζοντες

333 1379 514 1452 αὐτὸν,
574 1378 659 1433 καὶ
715 1365 960 1455 λέγοῖτες
995 1395 1010 1412 ⁸
1074 1378 1132 1434 Εἰ
1177 1375 1370 1443 ἔξεστιν
1414 1376 1672 1456 ἀνθρώπῳ
1722 1365 1980 1433 ἂπολῦσαι

325 1469 427 1535 τὴν
485 1482 715 1544 γυναῖκα
775 1469 930 1526 αὐτοῦ
985 1468 1121 1524 κατὰ
1165 1467 1337 1524 πᾶσαν
1369 1467 1579 1546 αἰτίανς
1635 1457 1691 1524 Ὀ
1742 1463 1795 1522 δὲ
1843 1465 1980 1521 ἀπο-

323 1558 520 1634 κριθεὶς
567 1558 723 1614 εἶπεν
782 1561 964 1622 αὺτοῖς
995 1577 1012 1594 ⁸
1065 1559 1173 1614 Οὔκ
1229 1557 1489 1635 ἀνέγνωτε
1531 1555 1612 1612 ὅτι
1667 1559 1694 1612 6
1751 1556 1981 1626 ποιήσας

329 1645 424 1702 ἀπ’
479 1648 684 1727 ἀρχῆς,
735 1644 890 1726 ἄρσεν
961 1648 1048 1703 καὶ
1098 1645 1232 1713 θῆλυ
1310 1646 1558 1713 ἐποίησεν
1614 1646 1800 1710 αὐτούς
1837 1661 1853 1720 ;
1897 1646 1984 1700 καὶ

889 1021 936 1076 οἱ
992 1019 1208 1086 ἀνόητοι
1277 1025 1564 1098 Φαρισαῖοι
1626 1019 1690 1074 τα
1745 1019 1983 1094 θαύματα

1184 1110 1236 1164 οἱ
1275 1105 1329 1163 δὲ
1385 1105 1717 1186 πειράζουσιν
1754 1128 1766 1144 ·
1827 1104 1982 1163 ἄκουε

325 1738 486 1793 εἶπεν
521 1752 534 1766 ⁸

323 1826 529 1906 πατέρα
585 1827 741 1883 αὖτοῦ
799 1830 884 1882 καὶ
955 1827 1053 1894 τὴν
1126 1825 1353 1906 μητέρα,
1417 1829 1505 1883 καὶ
1569 1825 1982 1897 προσκολληθή-

331 1937 479 1973 σεται
525 1922 593 1992 τῇ
623 1917 829 1994 γυναικὶ
872 1918 1050 1996 αὐτοῦ³
1097 1917 1183 1972 καὶ
1225 1916 1430 1973 ἔσονται
1477 1919 1522 1974 οἱ
1571 1915 1658 1974 δύο
1709 1918 1780 1978 εἷς
1815 1916 1982 1996 σάρδια

321 2007 478 2081 μίαν,
544 1995 726 2062 εὨστε
773 2009 868 2064 οὐκ
923 2004 1000 2060 ἔτι
1051 2007 1147 2062 εἰσὶ
1189 2004 1298 2080 δύο,
1358 2004 1494 2062 ἀλλὰ
1555 2005 1678 2085 σὰρξ
1723 2005 1838 2080 μία.
1904 1987 1979 2062 t‘0

325 2097 417 2154 οὖν
461 2099 490 2152 6
549 2097 679 2159 Θεὸς
745 2092 1062 2169 συνέζευξεν,
1145 2093 1415 2174 ἄνθρωπος
1474 2096 1552 2171 μή
1612 2094 1909 2176 χωριζέτω.
1952 2117 1973 2152 ι

328 2177 410 2242 "tl
469 2186 567 2254 τῆς
613 2183 836 2247 ἀνοίαςί
895 2186 1062 2258 ᾣοντο
1116 2185 1479 2260 ἐπιστομίσειν
1519 2183 1604 2241 διὰ
1646 2191 1750 2240 τῶν
1782 2185 1980 2262 ἐρωτη-

324 2277 510 2352 μάτων
554 2275 643 2331 τὸν
690 2274 913 2352 Χριστόν
948 2295 963 2312 ο
1020 2274 1108 2331 ἐὰν
1167 2276 1264 2354 γὰρ
1326 2275 1461 2352 εἴπῃ
1509 2273 1590 2331 ὅτι
1622 2273 1788 2340 ἔξεστι
1843 2274 1978 2330 κατὰ

325 2372 500 2422 πᾶσαν
543 2365 712 2420 αἰτίαν
785 2363 1034 2419 ἀπολύειν
1102 2365 1198 2431 τὴν
1256 2377 1508 2442 γυναῖκα,
1571 2362 1737 2429 ἕξουσι
1802 2361 1978 2440 λέγειν

326 2459 470 2514 αῦτὼ
508 2471 520 2486 ⁸
580 2459 700 2519 Πῶς
747 2454 835 2510 οὖν
880 2455 1068 2524 εἶπας,
1121 2453 1201 2509 ὅτι
1246 2455 1336 2522 Μὴ
1381 2452 1657 2512 ἀπολυέτω
1700 2475 1780 2516 τις
1826 2455 1868 2508 εἰ
1900 2452 1977 2526 μὴ

325 2546 422 2611 τὴν
477 2541 770 2624 μοιχαλίδα
830 2543 991 2618 μόνον
1027 2564 1040 2579 ⁸
1101 2545 1145 2600 εἰ
1202 2541 1256 2599 δὲ
1319 2543 1452 2620 εἴπῃ
1511 2543 1591 2599 ὅτι
1651 2543 1738 2600 οὗν
1782 2541 1978 2608 ἔξεστιν

326 2633 577 2691 ἂπολύειν
627 2634 726 2700 τὴν
783 2646 1034 2711 γυναῖκα,
1095 2630 1428 2689 διαϐαλοῦσιν
1502 2633 1657 2689 αὒτὸν
1714 2634 1786 2695 ὡς
1827 2632 1978 2687 ἀντι-

328 2727 705 2798 νομοθετοῦντα
791 2729 868 2797 τῷ
954 2729 1162 2784 Μωσιῒ,
1252 2721 1488 2787 Ἐκεῖνος
1548 2723 1646 2801 γὰρ
1708 2719 1981 2778 ἐκέλευσεν

331 2810 604 2869 ὶκϐἀλλειν
661 2812 761 2879 τὴν
813 2815 1157 2887 μισηθεῖσαν,
1200 2810 1289 2867 καί
1331 2813 1498 2891 χωρὶς
1543 2810 1759 2889 εὒλόγου
1791 2809 1974 2875 αἰτίας.

336 2903 398 2961 τί
441 2906 528 2958 οὖν
564 2904 592 2958 6
634 2903 851 2980 Χριστός
892 2920 907 2976 ;
945 2902 1216 2958 Δεῖκνυσιν
1263 2899 1344 2957 ὅτι
1389 2909 1480 2958 τοῦ
1509 2892 1809 2963 πλάσαντος
1836 2901 1977 2976 ἡμᾶς

339 2990 392 3057 ἑξ
448 2992 622 3072 ἀρχῆς
679 2991 827 3070 ’ἔργον
895 2991 1004 3049 ἐστὶ
1079 2993 1165 3048 καὶ
1224 2991 1502 3066 νομοθεσία
1559 2993 1592 3059 ἦ
1651 2990 1973 3068 μονογαμία.

1334 3081 1400 3122 ίῩσ

2065 569 2282 632 debant
2303 573 2362 634 in
2397 573 2618 649 Judaaa,
2645 575 2802 656 quod
2831 595 2946 637 non
2979 576 3348 657 frequentius
3373 575 3528 657 apud
3559 575 3723 656 ipsos

2064 669 2428 738 versaretur,
2463 663 2565 725 sed
2598 663 2755 745 apud
2783 666 3077 729 Galilzeos.
3114 667 3333 728 lterum
3381 666 3561 745 igitur
3594 673 3722 744 post

2066 750 2425 832 doctrinam,
2459 763 2516 815 et
2564 759 2989 817 consummatis
3031 756 3410 820 sermonibus
3463 773 3722 836 sequun-

2068 851 2163 904 tur
2207 841 2514 907 miracula.
2575 845 2822 925 Oportet
2877 845 3036 906 enim
3101 864 3208 905 nos
3270 854 3327 906 et
3387 844 3603 906 docere
3661 852 3718 904 et

2068 933 2302 1013 operari
2359 954 2372 994 :
2429 941 2487 994 at
2548 934 2897 1014 insipientes
2952 934 3043 996 illi
3099 933 3378 996 Pharisaei
3437 953 3570 995 cum
3627 934 3716 994 vi-

2066 1023 2146 1083 sis
2195 1022 2497 1086 miraculis
2544 1028 2855 1104 oportebat
2907 1024 3177 1098 credere,
3253 1031 3502 1087 teutant.
3561 1022 3715 1086 Audi

2068 1129 2253 1174 enim.

2146 1289 2328 1354 Vens.
2361 1291 2498 1354 3-6.
2541 1313 2566 1351 ‹
2600 1291 2670 1354 Εῑ
2727 1301 3107 1354 accesserunt
3148 1292 3220 1354 ad
3272 1310 3406 1353 eum
3439 1291 3721 1353 Pharisaei

2067 1389 2361 1443 tentantes
2391 1381 2647 1456 illum,et
2669 1381 2958 1446 dicentes:
2993 1383 3234 1445 Licetne
3265 1381 3496 1444 homini
3526 1381 3718 1442 divor-

2065 1472 2209 1532 tium
2244 1471 2442 1534 facere
2473 1492 2605 1534 cum
2638 1491 2824 1535 uxore
2853 1492 2958 1535 sua
2984 1473 3246 1554 qualibet
3278 1491 3346 1533 ex
3371 1468 3576 1532 causa?
3609 1469 3713 1543 Qui

2064 1564 2440 1641 respondens
2470 1564 2547 1624 ait
2579 1565 2788 1636 eis,An
2826 1583 2943 1624 non
2979 1563 3200 1642 legistis
3229 1561 3385 1642 quod
3419 1561 3469 1621 is
3490 1561 3587 1640 qui
3620 1563 3676 1621 fe
3698 1595 3712 1605 -

2068 1652 2148 1714 cit
2175 1651 2248 1712 ab
2280 1652 2806 1732 initio,masculum
2842 1661 2899 1713 et
2930 1652 3206 1714 feminam
3242 1650 3381 1712 fecit
3411 1655 3604 1712 eos?et
3626 1651 3713 1710 di-

598 1735 835 1794 ’Ἒνεκεν
921 1737 1106 1794 τούτου
1188 1735 1496 1812 καταλείψει
1554 1735 1823 1816 ἅνθρωπος
1893 1738 1979 1791 τὸν

2067 1741 2501 1823 xit,Propterea
2527 1742 2768 1804 deseret
2813 1742 2990 1804 homo
3030 1747 3256 1823 patrem
3293 1759 3464 1801 suum
3501 1747 3559 1800 et
3582 1757 3710 1800 ma-

2065 1843 2216 1893 trem
2233 1830 3356 1910 etadglutinabiluruxorisum,eterunt
3376 1828 3565 1891 duoin
3589 1847 3714 1890 car-

2065 1940 2140 1984 ne
2173 1941 2309 1983 una.
2344 1919 2683 2000 llaquejam
2718 1939 2836 1981 non
2867 1928 3007 1982 sunt
3039 1921 3182 2000 duo,
3217 1918 3320 1980 sed
3374 1936 3490 1978 una
3547 1936 3709 1979 caro.

2064 2012 2231 2084 Quod
2265 2031 2404 2090 ergo
2431 2011 2589 2072 Deus
2619 2011 3128 2090 copulavit.homo
3161 2028 3278 2070 non
3309 2017 3566 2088 separet.
3607 2032 3632 2061 »
3665 2005 3712 2069 Ο

2063 2101 2488 2182 insipientiam!
2521 2100 2916 2180 opinabantur
2947 2099 3371 2181 quaestionibus
3387 2097 3512 2159 suis
3533 2095 3709 2160 Chri-

2063 2200 2217 2253 stum
2239 2211 2304 2254 se
2330 2191 2932 2253 confutaturosznam
2969 2191 3017 2252 si
3061 2189 3305 2252 dixisset
3350 2189 3532 2249 licere
3573 2206 3713 2267 qua-

2063 2300 2296 2363 cunque
2329 2282 2402 2344 de
2431 2300 2609 2342 causa
2640 2281 2937 2343 dimittere
2968 2299 3236 2351 uxorem,
3271 2277 3602 2358 potuissent
3626 2277 3711 2338 illi

2061 2371 2264 2434 dicere
2301 2391 2314 2432 :
2343 2371 2650 2444 Quomodo
2677 2370 2852 2450 igitur
2884 2370 3116 2442 dixisti,
3147 2367 3232 2430 Ne
3269 2369 3396 2449 quis
3428 2366 3709 2439 dimittat,

2064 2462 2178 2524 nisi
2201 2462 2531 2525 adulteram
2563 2461 2778 2523 solam?
2800 2460 2861 2523 Si
2892 2470 3090 2522 autem
3123 2459 3365 2522 dixisset
3388 2476 3506 2518 non
3531 2455 3714 2518 licere

2063 2551 2363 2614 dimittere
2386 2569 2655 2629 uxorem,
2691 2552 3027 2628 argnissent
3057 2568 3189 2611 eum
3210 2557 3275 2615 _ut
3307 2546 3710 2610 adversarium

2065 2640 2708 2721 Mosillleenimjussit
2739 2650 2798 2701 ut
2827 2638 3376 2702 dimittereturodio
3407 2636 3710 2715 habitam,

2065 2740 2125 2792 et
2153 2731 2378 2812 absque
2410 2731 2592 2792 ardua
2625 2739 2682 2790 et
2705 2728 3046 2792 rationabili
3095 2747 3290 2790 causa.
3345 2726 3495 2800 Quid
3540 2727 3717 2805 igitur

2065 2821 2334 2883 Chritus?
2379 2820 2656 2884 Ostendit
2712 2839 2865 2900 opus
2897 2829 2954 2880 et
2988 2818 3417 2899 legisla:ionem
3449 2817 3581 2897 ejus
3611 2816 3712 2897 qui

2067 2930 2176 2973 nos
2207 2931 2241 2972 a
2273 2910 2568 2992 principio
2621 2909 2919 2983 formavit,
2973 2928 3107 2971 esse
3141 2906 3598 2986 monogamiam.
3626 2905 3714 2970 Ab

2063 3001 2237 3064 initio
2286 2999 2444 3061 enim
2501 3020 2682 3060 unum
2747 2998 3052 3078 conjunxit
3110 2998 3217 3062 Dei
3248 2998 3350 3058 nni
3384 3014 3398 3059 :
3433 3006 3608 3077 atque
3639 2997 3717 3058 ita

340 3080 427 3148 Ἐξ
487 3082 664 3161 ἀρχῆς
705 3083 821 3160 γὰρ,
869 3085 1050 3162 φησὶν,
1092 3081 1183 3138 ἕνα
1227 3080 1520 3152 συνέζευξεν
1568 3083 1595 3136 6
1654 3082 1783 3142 Θεὸς
1833 3082 1926 3154 μίἆ
1960 3095 1974 3109 ⁸

2065 3109 2184 3152 non
2213 3097 2444 3170 oportet
2478 3109 2659 3150 unum
2692 3089 2880 3150 virum
2914 3087 3195 3167 conjungi
3220 3086 3419 3148 multis
3444 3085 3713 3148 mulieri-

329 3173 470 3231 ὥστε
528 3173 587 3230 οὗ
641 3171 724 3228 δεῖ
779 3173 868 3229 ἕνα
924 3170 1081 3252 ἄνδρα
1156 3171 1384 3235 πολλαῖς
1445 3171 1816 3243 συνάπτεσθαι,
1864 3168 1979 3228 οῦδὲ

329 3264 454 3339 μίαν
499 3261 726 3326 πολλοῖς
761 3281 776 3296 ⁸
812 3259 931 3318 ἀλλ’
964 3265 1037 3328 ὡς
1065 3262 1118 3328 εξ
1162 3263 1337 3342 ἀρχῆς
1367 3264 1744 3342 συνεζύγησαν,
1777 3260 1978 3336 μένειν,

331 3354 411 3428 μὴ
467 3352 801 3416 διασπῶντας
861 3353 957 3420 τὴν
1017 3353 1316 3418 συνοίκησιν
1361 3351 1595 3431 ἀλόγως-
1630 3353 1722 3408 οῦκ
1754 3355 1874 3408 εἶπε
1899 3348 1978 3424 δὲ,

329 3446 410 3500 ὃτι
465 3444 610 3522 Ἐγὼ
654 3443 882 3510 ἐποίησα
913 3442 1067 3522 ἄρσεν
1096 3445 1184 3500 καὶ
1225 3442 1377 3514 θῆλυ,
1411 3443 1504 3500 ’ίνα
1549 3443 1626 3518 μὴ
1671 3441 1979 3518 1111:5911-1-

329 3534 478 3609 τοὺς,
538 3530 660 3590 ἀλλ’
733 3533 1014 3610 ἀορίστως,
1074 3535 1102 3589 6
1158 3534 1412 3602 ποιήσας.
1458 3533 1639 3595 Οὕτως
1684 3535 1792 3605 οὖν,
1827 3533 1978 3612 φησὶ,

329 3621 783 3703 περισπούδαστόν
827 3625 938 3678 ἔστι
981 3628 1058 3696 τῷ
1115 3629 1231 3696 Θεῷ
1279 3624 1341 3679 τὸ
1395 3628 1496 3690 τῆς
1553 3623 1794 3701 συζυγίας
1855 3622 1985 3700 ἀγα.

327 3717 442 3793 θὸν,
502 3714 640 3770 ὥστε
699 3713 787 3768 καὶ
826 3713 946 3775 τοὺς
994 3725 1171 3790 γονεῖς
1217 3715 1590 3792 συνεχώρησεν
1633 3711 1859 3792 ἆφιὲναι,
1897 3711 1983 3766 καὶ

326 3801 619 3861 κολλᾶσθαι
662 3815 780 3867 τοῖς
837 3799 1104 3880 ἀνδράσιν,
1170 3803 1289 3866 Πῶς
1330 3801 1384 3858 δὲ
1428 3801 1480 3858 ἐν
1529 3801 1624 3878 μὲν
1674 3807 1742 3878 τῇ
1773 3801 1981 3857 Γενὲσει

329 3893 624 3972 γέγραπται
655 3891 737 3948 ὅτι
769 3893 797 3947 ὃ
849 3891 1017 3967 Ἀδὰμ
1070 3892 1193 3948 εἷπε
1250 3894 1332 3968 τὸ,
1381 3890 1524 3948 Ἀντὶ
1570 3893 1757 3948 τούτου
1811 3913 1982 3947 κατα-

2070 3179 2202 3256 bus,
2243 3197 2434 3259 neque
2462 3178 2774 3240 mulierem
2809 3196 2984 3239 unam
3010 3179 3156 3240 viris
3189 3175 3386 3237 multis
3415 3196 3428 3238 :
3482 3175 3585 3237 sed
3619 3194 3722 3236 eos

2070 3270 2222 3332 sicut
2263 3269 2336 3331 ab
2377 3268 2544 3329 initio
2577 3268 2882 3344 conjuncti
2924 3268 3184 3341 fuerunt,
3223 3284 3490 3352 manere,
3527 3283 3719 3345 neque

2070 3359 2294 3440 absque
2317 3377 2494 3420 causa
2529 3357 3021 3418 cohabilationem
3049 3356 3366 3418 divellere.
3399 3353 3526 3416 Non
3578 3354 3720 3416 dicit

2069 3461 2291 3524 autem,
2329 3447 2453 3529 Ego
2506 3449 2620 3510 feci
2672 3447 3001 3508 masculum
3037 3459 3097 3507 et
3125 3444 3432 3515 feminam,
3477 3442 3612 3502 100
3644 3461 3718 3505 ne

2070 3540 2200 3620 plus
2250 3557 2352 3602 eos
2405 3546 2743 3618 exasperet;
2777 3536 2908 3612 sed,
2941 3535 2998 3598 Is
3030 3535 3129 3617 qui
3178 3534 3340 3613 fecit,
3376 3532 3686 3594 indefinite

2067 3629 2261 3707 Atque
2293 3629 2375 3688 ita
2407 3627 2549 3688 dicit
2582 3627 2836 3688 maxime
2874 3645 3032 3688 curae
3084 3625 3264 3686 fuisse
3308 3623 3430 3685 Deo
3457 3621 3716 3702 conjugii

2069 3719 2315 3794 bonum,
2353 3725 2416 3780 ut
2467 3717 2810 3796 permiserit
2866 3716 3042 3778 etiam
3079 3723 3354 3796 parentes
3385 3712 3626 3785 dimitti,
3657 3724 3716 3774 et

2064 3808 2207 3869 viris
2235 3808 2562 3870 adhaarere.
2599 3805 2903 3878 Quomodo
2947 3814 3143 3866 autem
3176 3805 3232 3864 in
3269 3803 3485 3866 Genesi
3520 3800 3715 3881 scrip-

2055 3907 2189 3959 tum
2224 3904 2314 3958 est
2347 3914 2362 3958 :
2397 3894 2584 3956 Adam
2611 3895 2779 3971 dixit,
2818 3898 3138 3975 Propterea
3157 3893 3394 3955 deseret
3420 3892 3598 3953 homo
3621 3909 3713 3968 pa-

327 3981 503 4056 λείψει
561 3979 830 4059 ἄνθρωπος
879 3981 970 4037 τὸν
1042 3979 1243 4054 πατέρα
1291 3981 1447 4038 αὗτοῦ
1495 3981 1580 4038 καὶ
1623 3981 1720 4048 τὴν
1751 3978 1982 4059 μητέρα²

330 4073 554 4129 ἐνταῦθα
587 4057 832 4150 δέίρησιν
863 4073 890 4126 ὁ
925 4073 1146 4150 Χριστὸς
1177 4069 1256 4126 ὅτι
1289 4073 1316 4126 6
1348 4071 1477 4134 Θεὸς
1510 4071 1664 4128 εἶπεν
1698 4087 1712 4100 ⁸
1752 4057 1985 4128 ’Ἕνεκεν

323 4162 521 4220 τούτου
569 4157 906 4240 καταλείψει,
954 4161 1042 4216 καὶ
1086 4161 1149 4215 τέι
1183 4157 1302 4226 ἑξῆς
1334 4181 1350 4241 ς
1382 4161 1621 4239 Δὲγομεν
1663 4161 1753 4217 οὖν
1785 4159 1866 4217 ὅτι
1899 4159 1986 4214 καὶ

328 4253 358 4308 ὃ
411 4253 567 4306 εἶπεν
625 4251 652 4305 6
709 4246 902 4325 Ἀδὰμ,
953 4249 1011 4305 ἐκ
1057 4257 1190 4305 Θεοῦ
1240 4251 1393 4306 εἶπεν
1428 4269 1443 4284 ⁸
1475 4250 1611 4307 ὥστε
1643 4253 1669 4306 6
1699 4260 1790 4309 τοῦ
1817 4247 1979 4324 Ἀδὰμ

2070 4255 2238 4329 dixit,
2263 4262 2439 4335 atque
2471 4254 2548 4314 ita
2577 4272 2776 4316 sermo
2809 4255 2952 4316 Adae
2986 4255 3090 4319 Dei
3116 4252 3421 4333 est.Igitur
3449 4249 3588 4332 quia
3606 4267 3720 4309 una

327 4340 489 4418 λόγος
551 4345 644 4395 τοῦ
701 4346 833 4396 Θεοῦ
896 4339 1056 4402 ἐστιν,
1120 4338 1273 4397 Ἐπεὶ
1331 4339 1500 4395 τοίνυν
1557 4339 1649 4412 μία
1701 4338 1832 4419 σὰρξ
1865 4337 1979 4416 ἐγέ-

2071 4363 2208 4407 caro
2237 4343 2372 4406 facti
2403 4351 2561 4418 sunt,
2600 4352 2658 4404 et
2709 4353 2952 4426 propter
3009 4345 3226 4407 coitum
3280 4351 3336 4404 et
3386 4339 3715 4402 naturalem

327 4451 506 4507 νοντο,
566 4429 654 4485 καὶ
717 4425 801 4484 διὰ
858 4430 955 4496 τὴν
1000 4428 1136 4504 μίξιν
1195 4430 1279 4484 καὶ
1335 4431 1432 4497 τὴν
1479 4430 1704 4508 φυσικὴν
1758 4429 1979 4508 στοργὴν

398 4517 453 4533 η
489 4517 502 4533 ,
732 4517 758 4533 ρ,
939 4517 952 4533 η
1078 4519 1086 4530 .
1175 4521 1186 4533 .
1379 4520 1391 4533 .
1487 4520 1499 4533 ι
1626 4521 1638 4533 .
1715 4519 1725 4533 .
1899 4519 1910 4533 ,

2071 4451 2334 4495 amorem
2359 4425 2727 4494 cohaerentes
2757 4451 2769 4496 :
2803 4433 2954 4495 sicut
2981 4433 3228 4514 impium
3263 4441 3348 4493 est
3379 4449 3546 4490 suam
3582 4447 3717 4488 car-

327 4517 690 4592 κολλώμενοι,
724 4517 906 4596 ὥσπερ
936 4517 1118 4595 ἐναγὲς
1175 4521 1286 4575 ἔστι
1345 4520 1405 4574 τὸ
1448 4520 1544 4587 τὴν
1597 4519 1789 4576 οἰκείαν
1848 4519 1979 4595 σάρ-

2072 4541 2208 4584 nem
2253 4520 2542 4594 dividere,
2569 4522 2649 4583 ita
2679 4531 2737 4584 et
2766 4525 3046 4604 conjuges
3076 4523 3382 4584 divellere.
3414 4521 3542 4580 Non
3573 4517 3720 4578 dixit

326 4630 398 4665 κα
453 4607 689 4682 τεὶμνειν⁹
735 4607 874 4663 οὕτω
916 4610 1002 4664 καὶ
1046 4610 1106 4664 τὸ
1150 4606 1372 4682 διασπᾷν
1418 4611 1538 4675 τοὺς
1584 4610 1854 4688 συζύγους⁸
1891 4611 1979 4666 οὒκ

2067 4619 2291 4689 autem,
2326 4609 2410 4673 Ne
2441 4620 2677 4692 separet
2706 4616 2926 4688 Moses,
2960 4632 3035 4674 ne
3089 4611 3353 4673 turbaret
3384 4609 3540 4683 illos,
3584 4607 3712 4675 sed.

328 4701 453 4753 εἷπε
513 4694 591 4776 δὲ,
641 4697 729 4765 Μὴ
775 4697 1050 4778 χωριζέτω
1108 4703 1331 4779 Μωσῆς,
1365 4699 1459 4755 ἵνα
1504 4700 1579 4774 μὴ
1638 4697 1833 4779 ταράξῃ
1883 4699 1979 4754 αῦ-

2068 4703 2246 4764 homo
2298 4699 2652 4782 simpliciter
2704 4723 2720 4764 :
2773 4703 3094 4765 ostendens
3147 4713 3428 4782 quantum
3490 4697 3714 4758 intersit

326 4788 478 4860 τοὺς,
537 4785 654 4843 ἀλλ’
708 4786 979 4866 ἅνθρωπος
1028 4786 1232 4858 ἁπλῶς,
1269 4787 1513 4845 δεικνύων
1557 4793 1617 4845 τὸ
1675 4788 1836 4866 μέσον
1894 4796 1979 4845 τοῦ

2068 4791 2224 4852 inter
2271 4788 2455 4852 Deum
2501 4791 2980 4871 conjungentem,
3017 4799 3072 4852 et
3122 4789 3422 4852 hominem
3479 4786 3719 4848 solven-

329 4874 672 4948 συζεύξαντος
706 4883 840 4934 Θεοῦ
870 4879 954 4933 καὶ
985 4884 1076 4933 τοῦ
1106 4875 1406 4942 διαλύοντος
1439 4879 1734 4959 ἀνθρώπου.
2069 4889 2213 4942 tem.
2362 4896 2367 4902 ’

418 4987 447 5020 α
490 4965 742 5045 Λέγουσιν
792 4966 958 5047 αῦτῷ³
991 4967 1051 5025 Τί
1093 4969 1182 5024 οὗν
1238 4969 1436 5035 Μωσῆς
1489 4967 1781 5026 ἐνετείλατο
1809 4967 1979 5026 δοῦναι

2150 4972 2338 5035 Vens.
2369 4969 2505 5030 7-9.
2541 4995 2565 5023 «
2595 4968 2811 5034 Dicunt
2841 4972 3090 5054 illi,Cur
3123 4970 3295 5050 igitur
3325 4968 3516 5032 Moses
3541 4965 3717 5048 jussit

324 5051 531 5131 βιϐλίον
557 5055 899 5130 ἀποστασίου,
964 5057 1050 5114 ιιαὶ
1101 5055 1363 5114 ἀπολῦσαι
1418 5060 1630 5134 αὐτήν;
1679 5059 1832 5138 Λέγει
1888 5062 1979 5115 αὒ-

2070 5058 2212 5120 dare
2236 5057 2502 5122 libellum
2537 5059 2864 5137 repudii,et
2893 5051 3196 5124 dimittere
3245 5065 3406 5122 eam?
3439 5057 3534 5120 Ait
3577 5055 3718 5126 illis,

323 5157 469 5218 τοῖς,
536 5142 617 5200 ὅτι
680 5151 880 5213 Μωσῆς
967 5147 1098 5224 πρὸς
1173 5148 1270 5214 τὴν
1350 5145 1769 5227 σκληροκαρδίαν
1839 5150 1979 5225 ὑμῶν

2071 5149 2267 5212 Moses
2289 5147 2359 5209 ad
2386 5148 2663 5212 duritiam
2693 5150 2890 5214 cordis
2913 5152 3093 5214 vestri
3118 5149 3391 5232 permisit
3415 5147 3583 5210 vobis
3631 5164 3724 5206 re-

322 5234 616 5314 ἐπέτρεψεν
674 5237 804 5312 ὑμῖν
861 5235 1120 5294 ἀπολῦσαι
1179 5238 1271 5297 τὰς
1325 5252 1584 5317 γυναῖκας
1655 5240 1826 5315 ὑμῶν,
1893 5237 1979 5296 ἀπ’

2074 5236 2324 5318 pudiare
2355 5256 2568 5300 uxores
2599 5247 3132 5322 vestras,ca9terum
3160 5239 3328 5303 initio
3352 5257 3471 5301 non
3493 5236 3716 5300 fuitsic.

324 5323 508 5404 ἀρχῆς
565 5323 620 5381 δὲ
664 5327 725 5384 οὗ
756 5325 973 5406 γέγονεν
1015 5325 1203 5392 οὕτως.
1254 5330 1407 5407 Λέγω
1455 5326 1509 5384 δὲ
1555 5331 1684 5405 ὑμῖν
1715 5329 1795 5386 ὅτι
1827 5330 1884 5394 ὃς
1929 5328 1979 5386 ἂι.

2076 5327 2218 5391 Dico
2249 5335 2445 5389 autem
2476 5327 2663 5399 vobis,
2713 5332 2870 5410 quod
2924 5331 3261 5414 quicunque
3313 5324 3724 5410 repudiaverit

2068 3996 2216 4049 trem
2251 4004 2422 4046 suum
2477 3992 2537 4045 et
2569 3993 2818 4046 matrem
2860 3985 2942 4063 3‘;
2977 3985 3074 4047 hic
3104 3993 3299 4046 autem
3335 3981 3480 4043 dicit
3510 3979 3716 4043 Chris-

2071 4084 2161 4138 tus
2189 4098 2201 4139 :
2236 4078 2398 4139 Deus
2421 4072 2590 4146 dixit,
2624 4077 2946 4155 Propterea
2975 4075 3234 4148 deseret,
3267 4092 3333 4134 ac
3356 4069 3596 4134 caetera?
3622 4068 3717 4130 Di-

2069 4166 2258 4228 cimus
2289 4164 2467 4243 igitur
2497 4163 2654 4246 quod
2694 4172 2752 4226 et
2794 4165 2851 4225 id
2883 4165 3038 4246 quod
3073 4166 3257 4226 Adam
3284 4163 3460 4241 dixit,
3495 4179 3562 4222 ex
3596 4158 3718 4221 Deo

405 5494 470 5545 50
500 5492 676 5560 Deut.
708 5513 866 5578 χειν,
898 5495 960 5560 3.
1043 5496 1098 5547 δι
1133 5496 1285 5560 Gen.
1318 5513 1384 5573 ll,
1417 5497 1517 5562 24.

403 5663 494 5745 (α)
528 5663 688 5727 Edit.
724 5667 856 5730 Lut.
890 5665 1116 5744 omisit,
1153 5677 1213 5731 et
1242 5674 1528 5732 matrem.
