4204 6398
257 302 376 368 353

907 297 1354 365 ENARRATIO
1398 297 1481 358 IN
1529 289 2038 358 EVANGELIUM
2088 283 2480 348 MATTHA‘JI.
2529 317 2608 330 —
2647 277 2814 346 CAP.
2865 285 3029 345 XIX.

3541 282 3656 346 354

259 441 531 520 χίσθησαν
587 439 691 495 ὑπὸ
746 442 852 493 τῶν
934 433 1248 512 ἀρθρώπων,
1333 430 1422 486 καὶ
1492 429 1621 485 εἰσὶν
1679 428 1924 506 εὐνοῦχοι

2018 419 2267 483 eunuchi
2290 417 2364 480 ab
2397 416 2779 480 hominibus:
2807 424 2866 479 et
2896 425 3034 478 sunt
3079 418 3335 480 eunuchi
3366 419 3464 497 qui
3493 417 3659 497 seip-

256 515 458 595 oi'ttvcc
518 528 838 608 εὐνούχισαν
896 524 1112 587 ἑαυτοὺς
1185 518 1269 578 διὰ
1340 520 1440 587 τὴν
1487 515 1759 595 βασιλείαν
1816 522 1921 572 τῶν

261 621 526 700 ούρανῶν,
588 610 648 676 Ὀ
700 605 995 691 δυνάμενος
1026 625 1255 694 χωρεῖν,
1291 611 1561 690 χωρείτω,
1595 631 1623 664 ι
1673 605 1921 700 Ὀλίγων,

259 696 449 792 φησὶν,
507 708 619 766 ἐστὶ
702 709 766 763 τὸ
822 702 1142 784 κατόρθωμα
1225 708 1384 792 τούτο
1451 700 1550 766 τῆς
1620 696 1920 792 παρθενίας,

261 788 380 857 εἶσὶ
437 800 540 878 γὰρ
592 796 838 876 εὖνοῦχοί
891 815 1032 857 τινες
1092 792 1153 849 ἐκ
1208 789 1415 855 κοιλίας
1478 788 1922 878 μητρὸςαύτῶν,

258 877 556 963 τουτέστιν,
618 888 717 942 εἰσί
771 905 910 950 τινες
978 882 1039 939 ἐκ
1093 886 1320 962 φυσικῆς
1375 880 1612 958 κράσεως
1684 877 1924 943 ἀκίνητοι

262 978 515 1053 μένοντες
559 977 691 1050 πρὸς
745 975 841 1039 τὰς
898 972 1089 1049 μίξεις,
1163 971 1220 1027 οἲ
1275 970 1363 1027 καὶ
1421 967 1653 1048 ἀκερδῶς
1712 986 1924 1046 σωφρο-

262 1066 470 1129 νοῦσιν.
518 1067 627 1125 Εἰσὶ
695 1065 784 1120 καὶ
841 1064 889 1119 oi
947 1061 1378 1141 ειῦνουχιζόμενοι
1436 1058 1538 1115 ὒπό
1595 1057 1878 1134 ἀνθρώπων
1907 1075 1919 1085 ·

267 1158 488 1221 ἑαυτοὺς
545 1153 598 1212 δὲ
654 1152 1015 1234 εὖνουχίζουσι
1068 1149 1152 1207 διὰ
1194 1151 1296 1216 τὴν
1356 1146 1628 1226 βασιλείαν
1682 1153 1787 1203 τῶν
1832 1147 1926 1202 ού·-

267 1251 465 1326 ρανῶν,
528 1247 628 1324 ούχ
687 1245 735 1300 οἱ
793 1242 1137 1317 ἒκτέμνοντες
1227 1239 1443 1301 suum):
1521 1236 1927 1315 (ἐπικατάρατον

265 1322 371 1414 ¹νὰρ
411 1322 626 1414 τούτο),
671 1330 792 1388 ἀλλ’
852 1333 898 1388 οἱ
957 1329 1424 1408 ἐγκρατευόμενςι.
1473 1327 1597 1386 Νὸει
1628 1324 1681 1382 δέ
1711 1327 1798 1382 καὶ
1827 1322 1922 1381 οὕ-

264 1412 378 1488 τως
411 1439 426 1454 ⁰
480 1412 678 1480 ’Ἔστιν
723 1421 978 1500 εὔνοῦχος
1009 1420 1115 1475 ἀπὸ
1147 1418 1349 1499 φύσεως
1400 1419 1427 1474 6
1457 1414 1541 1472 διὰ
1570 1417 1668 1484 τὴν
1699 1415 1924 1493 φυσικὴν

259 1519 454 1595 κρᾶσιν
512 1513 592 1589 μὴ
656 1512 928 1578 εὐκίνητος
1008 1510 1079 1572 εἷς
1149 1505 1421 1588 ἀφροδίσια
1454 1523 1469 1538 '
1556 1507 1658 1562 ὑπὸ
1714 1503 1768 1560 δὲ
1826 1504 1922 1559 ἆν-

260 1603 489 1678 θρώπων
551 1603 908 1682 εύνουχίζεται
961 1602 989 1655 6
1059 1599 1118 1655 ἐκ
1202 1595 1540 1654 διδασκαλίας
1594 1595 1923 1673 ἀνθρωπίνης

262 1694 506 1767 ἓκτεμὼν
585 1697 685 1758 τὴν
768 1695 867 1758 τῆς
953 1687 1208 1765 σαρκικῆς
1296 1685 1572 1760 ἐπιθυμίας
1639 1685 1869 1762 πύρωσιν
1905 1697 1920 1714 ⁹

263 1783 454 1840 ἑαυτὸν
513 1779 568 1836 δὲ
653 1779 949 1859 εύνςυχίζει
1011 1778 1038 1834 6
1108 1777 1186 1853 μὴ
1253 1773 1343 1832 ὑπ’
1401 1773 1588 1855 ἄλλοι),
1651 1772 1770 1830 ἀλλ’
1840 1773 1924 1851 ὑφ’
1954 1804 1987 1853 Β

263 1873 459 1930 ἑαυτοῦ
521 1868 812 1950 διδαχθεὶς,
871 1869 958 1926 καὶ
1014 1869 1328 1942 αὖτομαθῶς
1382 1866 1512 1944 πρὸς
1586 1864 1927 1944 σωφροσύνην

266 1959 559 2022 ἀποκλίνας
596 1979 608 1991 ·
675 1959 827 2022 οὗτος
873 1957 960 2014 οὗν
1010 1958 1096 2013 καὶ
1129 1953 1342 2036 ἄριστός
1375 1953 1540 2027 ἐστιν,
1574 1955 1602 2010 6
1633 1953 1712 2028 μὴ
1756 1951 1923 2026 ἄλλῳ,

269 2051 392 2109 ἀλλ’
453 2052 625 2127 ἑαυτῷ
669 2049 950 2128 ὁδηγηθεὶς
1013 2049 1143 2126 πρὸς
1199 2049 1296 2116 τὴν
1327 2044 1598 2124 βασιλείαν
1638 2051 1736 2101 ιῶν
1768 2046 1926 2123 οὖρα-

271 2148 402 2202 νῶν.
467 2146 854 2220 Προαιρετικῶς
914 2137 969 2196 δὲ
1038 2138 1205 2195 θέλων
1262 2140 1397 2211 ἡμῖν
1455 2136 1781 2215 ἐνεργεῖσθαι
1831 2135 1930 2200 τὴν

273 2231 497 2312 ἀρετὴν,
559 2231 719 2310 φησίν
754 2246 768 2260 ·
837 2250 865 2288 ε
901 2220 960 2287 Ὀ
1016 2226 1303 2303 δυνάμενος
1333 2239 1560 2306 χωρεῖν,
1595 2225 1860 2305 χωρείτω,
1905 2250 1926 2276 ε

272 2321 346 2380 O3
376 2322 478 2400 γὰρ
533 2320 819 2399 ἀναγκάζει
879 2321 1237 2398 παρθενεύειν,
1303 2315 1417 2375 ούδὲ
1468 2317 1559 2371 τὸν
1602 2315 1774 2393 γάμον
1830 2335 1931 2370 κα-

271 2408 478 2484 ταλύει,
513 2408 650 2466 ἀλλὰ
679 2410 781 2473 τὴν
810 2409 1092 2488 παρθενίαν
1121 2408 1454 2486 προτίθησιν.

363 2523 391 2554 ο
429 2500 560 2557 Τότε
617 2498 968 2579 προσηνέχθη
1027 2497 1171 2571 αύτῷ
1226 2495 1428 2572 παιδία,
1477 2494 1570 2552 ἵνα
1612 2496 1707 2559 τὰς
1739 2506 1934 2574 χεῖρας

277 2588 437 2666 ἐπι.θῇ
494 2588 708 2664 αὐτοῖς,
754 2589 845 2646 καὶ
897 2586 1301 2667 προσεύξηται·
1362 2587 1409 2642 οἱ
1559 2586 1791 2660 μαθηταὶ
1831 2582 1931 2639 ἐπ-

277 2664 539 2754 ετίμησαν
570 2679 756 2742 αὐτοῖς
791 2698 804 2712 ·
838 2678 868 2734 6
910 2664 964 2733 δὲ
995 2675 1202 2744 Ἰησοῦς
1243 2679 1396 2732 εἶπεν
1429 2691 1445 2706 ⁸
1477 2664 1682 2754 ’Ἀφετε
1712 2675 1776 2729 τὰ
1801 2695 1936 2730 παι-

273 2765 384 2847 δία,
415 2768 506 2823 καὶ
548 2767 626 2842 μὴ
685 2767 921 2824 κωλύετε
965 2766 1096 2824 αὐτὰ
1141 2764 1312 2822 ἐλθεῖν
1359 2764 1496 2828 παός
1550 2784 1616 2840 με
1649 2783 1665 2798 ο
1698 2767 1806 2820 τῶν
1835 2764 1936 2841 γὰρ

278 2857 536 2913 τοιούτων
564 2857 701 2914 ἐστὶν
729 2859 764 2925 ἡ
795 2856 1038 2934 βασιλεία
1067 2855 1175 2912 τῶν
1231 2858 1488 2935 ούρανῶν,
1527 2876 1551 2911 ι
1607 2852 1935 2932 Προσέφερον

290 2944 522 3024 μητέρες
575 2946 639 3001 τὰ
679 2945 858 3026 τέκνα,
909 2945 1005 3003 ἵνα
1056 2943 1384 3024 εὖλογηθῶσι
1444 2941 1529 3000 διὰ
1571 2943 1668 3011 τῆς
1725 2941 1936 3021 ἐπαφῆς

290 3039 404 3090 τῶν
455 3041 675 3114 χειρῶν,
727 3035 1008 3113 ’Δκόσμως
1065 3033 1120 3091 δὲ
1177 3035 1266 3091 καὶ
1321 3029 1750 3112 τεθορυϐημένως
1775 3053 1936 3111 προσ-

283 3124 550 3204 ἤρχοντο,
598 3127 683 3181 καί
741 3123 823 3181 διὰ
868 3124 1027 3182 τοῦτο
1077 3122 1370 3182 κωλύουσιν
1431 3123 1478 3178 οἱ
1537 3121 1790 3200 μαθηταὶ,
1826 3117 1937 3196 ἅμα

2007 527 2106 571 sos
2123 516 2524 571 castraverunt
2556 514 2802 590 prepter
2822 525 3068 584 regnum
3095 506 3523 579 cmlorum.Qui
3545 525 3655 587 po-

2011 607 2122 660 test
2144 617 2384 678 capere,
2417 598 2632 678 capiat.
2672 623 2697 651 »
2740 600 3070 658 Paucorum
3131 608 3242 669 est,
3278 597 3488 677 inquit,
3538 596 3658 656 vir-

2009 689 2270 766 ginitatis
2299 689 2507 751 virtus.
2545 685 2698 750 Sunt
2726 689 2882 748 enim
2919 686 3174 748 eunuchi
3230 705 3300 748 ex
3333 695 3502 748 utero
3531 705 3660 748 ma-

2011 778 2140 853 tris,
2180 780 2290 840 hoc
2325 787 2440 851 est,
2497 785 2636 839 sunt
2686 776 2928 858 quidem
2990 776 3090 856 qui
3167 785 3661 858 prOpternaluraa

2008 871 2487 934 constitutionem
2521 871 2591 931 ad
2627 873 2844 932 coitum
2877 887 2998 930 non
3029 876 3169 933 sunt
3202 869 3422 946 idonei,
3459 869 3558 951 qui
3600 877 3663 940 let

2010 963 2142 1024 sine
2174 963 2422 1023 utilitate
2455 960 2602 1022 casti
2634 969 2795 1022 sunt.
2830 959 2982 1020 Sunt
3012 960 3109 1039 qui
3141 967 3200 1021 et
3230 961 3491 1022 eunuchi
3514 961 3662 1021 fiunt

2010 1053 2082 1112 ab
2112 1049 2594 1122 hominibusQui
2627 1058 2824 1110 autem
2857 1049 3090 1128 seipsos
3111 1051 3416 1110 eunuchos
3440 1050 3663 1111 faciunt

2013 1150 2256 1222 propter
2285 1158 2532 1219 regnum
2566 1139 2848 1200 caelorum
2879 1156 2994 1198 non
3037 1147 3178 1199 sunt
3204 1139 3240 1198 ii
3271 1137 3371 1219 qni
3404 1140 3663 1200 verenda

2013 1231 2124 1291 sibi
2160 1231 2308 1310 ipsis
2339 1237 2646 1309 amputant
2676 1227 3078 1304 (maledictum
3139 1228 3295 1288 enim
3351 1230 3500 1301 hoc).
3555 1229 3660 1289 sed

2009 1320 2109 1400 qui
2141 1320 2519 1382 continentes
2551 1325 2713 1379 sunt.
2748 1315 3018 1394 Intellige
3063 1325 3260 1377 autem
3292 1328 3354 1379 et
3381 1319 3468 1378 sic
3506 1339 3519 1378 :
3563 1320 3662 1379 list

2009 1411 2319 1471 eunuchus
2348 1427 2380 1469 a
2412 1417 2619 1468 natura
2649 1407 2748 1487 qui
2775 1418 3018 1486 propter
3047 1407 3376 1468 naturalem
3403 1408 3663 1488 comple-

2009 1497 2245 1559 xionem
2301 1515 2416 1556 non
2468 1505 2738 1556 movetur
2767 1497 2837 1556 ad
2873 1512 3150 1556 venerea.
3182 1494 3272 1556 Ab
3323 1495 3664 1556 hominibus

2008 1597 2204 1648 autem
2232 1585 2543 1646 eunuchus
2576 1584 2660 1656 ﬁt,
2687 1583 2787 1665 qui
2819 1602 2887 1645 ex
2919 1584 3177 1644 humano
3213 1594 3506 1664 praecepto
3542 1603 3667 1647 car-

2012 1676 2160 1736 nalis
2179 1673 2678 1754 coucupiscentia:
2695 1672 3039 1734 incendium
3067 1671 3663 1755 exscindit.Seipsum

2011 1774 2208 1827 autem
2241 1773 2483 1836 castrat,
2521 1763 2621 1842 qui
2668 1780 2787 1822 non
2819 1761 2890 1822 ab
2923 1761 3062 1834 alio,
3096 1762 3199 1823 sed
3228 1781 3261 1822 a
3283 1761 3482 1842 seipso
3514 1765 3662 1826 doc-

2013 1865 2106 1916 tus
2137 1869 2250 1929 est,
2287 1863 2348 1915 et
2378 1871 2479 1914 sua
2513 1861 2728 1932 sponte
2758 1850 2832 1911 ad
2861 1849 3286 1912 continentiam
3321 1851 3664 1914 inclinatur.

2013 1944 2120 2006 Hic
2152 1945 2324 2023 igitur
2356 1951 2414 2003 et
2444 1946 2704 2022 optimus
2737 1951 2848 2014 est,
2881 1939 2982 2020 qui
3033 1959 3148 2000 non
3195 1939 3269 2000 ab
3319 1941 3464 2020 alio,
3494 1943 3599 2004 sed
3633 1959 3666 2003 a

2011 2035 2115 2096 sed
2141 2038 2214 2095 ad
2232 2035 2428 2114 seipso
2457 2030 2750 2092 deductus
2771 2040 2860 2090 est
2883 2030 2953 2089 ad
2970 2047 3220 2107 regnum
3245 2030 3547 2090 caelorum.
3565 2029 3673 2092 Vc-

2015 2123 2146 2184 lens
2175 2133 2368 2184 autem
2403 2130 2615 2202 sponte
2669 2137 2776 2180 nos
2818 2122 3052 2199 operari
3083 2119 3382 2195 virtutem,
3421 2119 3613 2202 inquit
3645 2141 3660 2182 :

2021 2239 2048 2268 «
2084 2212 2191 2285 Qui
2227 2221 2418 2294 potest
2449 2227 2687 2290 capere,
2721 2209 2936 2288 capiat.
2970 2232 2997 2265 ι
3029 2205 3158 2268 Non
3192 2209 3349 2269 enim
3385 2211 3668 2288 cogitvir-

2018 2304 2215 2384 ginem
2249 2321 2404 2377 esse,
2436 2318 2634 2381 neque
2665 2299 2899 2379 nuptias
2930 2298 3208 2372 destruit,
3242 2300 3346 2360 sed
3363 2301 3669 2378 virginita-

2019 2407 2135 2456 tem
2179 2392 2439 2474 praefert.

2107 2483 2293 2547 Vens.
2333 2480 2530 2555 13,14.
2565 2478 2764 2549 «Tunc
2796 2476 2978 2540 oblati
3009 2486 3145 2539 sunt
3166 2478 3218 2538 ei
3244 2479 3668 2555 puelli,utma-

2019 2592 2228 2636 manus
2249 2572 2364 2633 illis
2393 2571 3050 2650 imponeret,etoraret;
3073 2567 3347 2646 discipuli
3366 2579 3561 2632 autem
3585 2573 3672 2632 in-

2019 2664 2343 2745 crepabant
2373 2663 2675 2722 eos.Jesus
2705 2675 2840 2718 vero
2862 2658 3042 2737 inquit
3064 2659 3173 2718 eis:
3204 2657 3389 2720 Sinite
3414 2661 3664 2741 puellos,

2020 2763 2079 2815 et
2105 2771 2180 2814 ne
2205 2749 2568 2833 prohibeatis
2599 2766 2700 2810 eos
2724 2747 2925 2808 venire
2942 2750 3016 2807 ad
3046 2748 3373 2809 me:talium
3400 2752 3670 2812 estenim

2019 2861 2266 2922 regnum
2293 2841 2604 2902 cmlorum.
2637 2864 2663 2895 ι)
2699 2838 3045 2899 Αἱΐθῐεὺειηι
3076 2847 3295 2899 matres
3327 2857 3570 2919 pueros,
3608 2851 3672 2902 ut

2020 2935 2526 2998 benedicerentur
2583 2950 2864 2992 manuum
2924 2940 3221 2994 contactu.
3273 2935 3671 3014 incomposite

2021 3038 2217 3087 autem
2251 3033 2310 3085 et
2339 3025 2572 3085 turbate
2603 3020 2968 3082 accedebant
3008 3021 3082 3081 ad
3141 3041 3302 3103 eum,
3336 3034 3393 3083 et
3426 3035 3668 3104 propte-

2019 3134 2124 3178 rea
2155 3113 2473 3196 prohibent
2498 3111 2798 3192 discipuli,
2833 3111 3009 3194 si_mul
3043 3113 3219 3172 etiam
3255 3115 3409 3193 quod
3461 3115 3667 3175 existi-

278 3215 372 3270 καὶ
414 3213 668 3290 οἰόμενοι,
717 3214 800 3270 δτι
854 3213 1165 3272 ἐλαττοῦται
1208 3214 1270 3270 τὸ
1297 3210 1502 3287 ἀξίωμα
1531 3219 1624 3268 τοῦ
1672 3209 1931 3266 διθασκά-

2021 3218 2256 3272 marent
2299 3212 2407 3269 hoc
2436 3209 2724 3284 derogare
2756 3206 3045 3266 doctrinm
3077 3206 3206 3283 ejus
3238 3208 3594 3287 auctoritati,
3620 3208 3670 3268 si

277 3301 375 3358 λου
434 3301 495 3359 ἐκ
546 3310 641 3361 τοῦ
698 3306 766 3360 τὰ
833 3301 1017 3360 παιδία
1063 3302 1464 3383 προσφέρεσθαι.
1524 3291 1582 3358 ςΟ
1629 3303 1755 3379 γοῦν
1801 3307 1933 3378 Χρι-

281 3394 408 3457 στὸς
464 3392 739 3475 δεικνύων,
801 3393 886 3450 ὅτι
939 3395 1000 3450 τὸ
1073 3392 1269 3474 ἄτυφον
1325 3389 1529 3468 μᾶλλον
1584 3388 1932 3470 ἀποδέχεται,

280 3484 462 3562 φησὶν,
526 3505 554 3538 α
590 3483 812 3564 ’Ἅφετε
855 3485 920 3540 τὰ
962 3481 1144 3540 παιδία
1180 3504 1196 3520 ·

278 3575 315 3638 ἡ
373 3571 619 3648 βασιλεία
661 3579 770 3630 τῶν
802 3576 1057 3651 οὖρανῶν,
1095 3596 1122 3628 κ
1168 3575 1276 3633 Οὐκ
1305 3573 1453 3642 εἶπε,
1505 3572 1728 3651 τούτων,
1776 3567 1933 3645 ἀλλὰ,

281 3667 391 3720 τῶν
431 3664 712 3744 τοιούτων,
768 3662 1032 3738 τουτέστι,
1093 3669 1202 3719 τῶν
1229 3662 1330 3729 τὴν
1360 3660 1637 3729 ἁπλότητα
1669 3660 1932 3741 ἐχόντων,

281 3758 390 3807 τῶν
419 3752 659 3822 ἀκάκων,
703 3759 810 3810 τῶν
851 3752 1155 3831 ἂπονήρων.
1202 3751 1308 3810 Κᾶν
1354 3749 1574 3820 διδάσκη
1616 3751 1670 3807 δέ
1698 3773 1802 3825 τις,
1851 3750 1938 3806 καὶ

285 3842 695 3923 προσὲρχωνταί
748 3865 890 3907 τινες
949 3845 1092 3918 αύτῷ
1147 3841 1363 3898 παιδικὰ
1421 3841 1741 3920 ἐρωτήματα
1797 3840 1936 3918 ἐρω-

282 3937 504 4006 τῶντες,
538 3931 917 4014 προσδεχὰσθω
940 3934 1179 4008 τούτους,
1211 3933 1299 3989 καὶ
1330 3934 1408 4008 μὴ
1437 3930 1710 3993 κωλυέτω.

375 4045 403 4077 ε
441 4023 540 4080 Καὶ
595 4023 804 4088 ἇπιθεὺς
862 4023 1046 4088 αὖτοῖς
1089 4023 1184 4086 τὰς
1233 4035 1451 4102 χεῖρας,
1496 4022 1752 4102 ἐπορεύθη
1782 4020 1937 4076 ἐκεῖ-

284 4115 394 4171 θεν.
447 4113 549 4169 Καὶ
590 4110 701 4169 ἰδοὺ
745 4114 831 4178 εἷς
861 4112 1188 4190 προσελθὼν,
1221 4113 1377 4168 εἶπεν
1409 4113 1549 4184 αὐτῷ
1583 4130 1598 4146 ⁸
1650 4108 1939 4166 Διδάσκαλε

426 4201 441 4218 ε
1258 4201 1266 4218 ,
1472 4201 1482 4216 .
1881 4191 1893 4210 ι

285 4201 472 4279 ἀγαθε,
521 4203 571 4257 τί
613 4201 808 4280 ἀγαθὸν
851 4204 1065 4272 ποιήσω
1118 4200 1211 4258 ’ίνα
1242 4200 1360 4281 ἒχω
1387 4207 1530 4271 ζωην
1562 4201 1816 4279 αἰώνιονς
1899 4214 1938 4256 Ο

285 4287 341 4346 δὲ
373 4291 530 4348 εἶπεν
560 4292 705 4366 αύτῷ
738 4310 752 4324 ⁸
795 4294 855 4350 Τί
898 4313 966 4369 με
1021 4290 1198 4371 λέγεις
1230 4292 1423 4370 ἂγαθόν
1461 4309 1477 4365 ;
1509 4287 1685 4354 Οὖδεὶς
1717 4289 1937 4369 ἀγαθὸς,

286 4382 332 4437 εί
376 4383 455 4457 μὴ
499 4381 585 4446 εἷς
618 4384 646 4438 6
677 4382 829 4448 Θεός,
879 4410 900 4438 ο
958 4383 1075 4462 Ούχ
1117 4383 1192 4447 ὡς
1222 4381 1485 4462 πειράζων
1517 4378 1812 4459 προσῆλθεν
1845 4379 1936 4436 οὗ·

283 4492 399 4546 τος,
462 4468 582 4529 ἀλλ’
625 4473 698 4534 ὡς
742 4471 909 4529 θέλων
961 4476 1179 4549 μαθεῖν,
1238 4473 1328 4529 καὶ
1383 4469 1552 4547 διψῶν
1591 4475 1689 4537 τῆς
1730 4471 1941 4526 αἰωνίου

1250 3488 1358 3539 τῶν
1387 3482 1488 3562 γὰρ
1517 3481 1768 3538 τοιούτων
1795 3479 1936 3536 ἐστὶν

2021 3301 2378 3362 offerrentur
2406 3297 2460 3356 ei
2493 3295 2739 3376 parvuli.
2775 3294 3043 3355 Christus
3087 3310 3284 3354 autem
3346 3299 3670 3356 ostendens

2020 3391 2175 3471 quod
2207 3410 2242 3449 ιι
2271 3389 2417 3448 fastu
2449 3388 2678 3446 alienos
2731 3383 2920 3464 magis
2975 3393 3153 3460 amet,
3207 3384 3354 3445 dicit
3383 3403 3395 3445 :
3427 3409 3448 3440 ιι
3479 3387 3670 3447 Sinite

2021 3479 2317 3561 parvulos;
2365 3476 2566 3536 talium
2604 3481 2693 3534 est
2725 3473 2884 3534 enim
2910 3490 3157 3550 regnum
3189 3472 3668 3535 caelorum.»Non

2020 3569 2188 3640 dixit,
2220 3569 2428 3629 horum
2463 3566 2593 3634 sed.
2631 3564 2856 3636 talium,
2877 3566 3003 3623 I02
3023 3564 3135 3624 hoc
3167 3574 3257 3623 est
3286 3563 3667 3644 simplicitate

2019 3661 2400 3740 przeditorum
2436 3707 2450 3729 ,
2525 3653 2956 3733 innocentium,
3024 3653 3258 3713 malitiae
3311 3655 3665 3733 expertium.

2022 3750 2213 3813 Etiam
2275 3747 2449 3808 hodie
2504 3745 2552 3806 si
2601 3744 2884 3806 accedant
2939 3746 3013 3804 ad
3056 3743 3365 3803 doetorem
3397 3745 3670 3805 nonnulli

2024 3841 2280 3920 pueriles
2302 3835 2658 3918 quaestiones
2687 3833 3147 3912 interrogantes,
3179 3850 3297 3894 non
3329 3833 3662 3913 prohibeat,

2023 3931 2126 3992 sed
2159 3928 2465 4008 suscipiat.

2109 4021 2289 4080 Vens.
2329 4016 2538 4080 15-17.
2577 4038 2599 4071 ιι
2629 4014 2700 4076 Et
2731 4033 2864 4076 cum
2893 4014 3273 4095 imposuisset
3293 4013 3410 4075 illis
3434 4033 3667 4096 manus,

2022 4108 2168 4171 abiit
2197 4107 2465 4170 illinc.Et
2492 4124 2631 4167 ecce
2650 4123 2802 4165 unus
2831 4107 3125 4166 accedens
3155 4104 3235 4166 ait
3265 4105 3671 4184 illizMagister

2021 4200 2200 4273 boue,
2260 4193 2402 4277 quid
2449 4196 2590 4257 boni
2637 4195 2843 4254 faciam
2904 4202 2969 4254 ut
3025 4194 3278 4254 habeam
3353 4197 3530 4255 vitam
3583 4215 3668 4258 ac-

2026 4293 2294 4349 ternam?
2353 4286 2463 4358 Qui
2520 4284 2668 4346 dixit
2716 4285 2772 4348 ei
2806 4301 2820 4345 :
2856 4287 2973 4347 Cur
3030 4302 3125 4343 me
3183 4301 3354 4343 vocas
3416 4284 3671 4350 bonum?

2024 4376 2234 4439 Nullus
2293 4385 2382 4438 est
2430 4375 2646 4454 bonus,
2708 4373 2823 4434 disi
2883 4391 3061 4446 unus,
3119 4389 3336 4453 nempe
3393 4374 3572 4438 Deus.
3638 4400 3664 4432 ι»

2026 4467 2155 4531 Non
2203 4477 2266 4528 ut
2321 4476 2554 4526 tentans
2608 4465 2768 4526 venit
2813 4463 2940 4538 ille,
3002 4461 3106 4524 sed
3159 4471 3222 4522 ut
3266 4463 3502 4524 discere
3558 4484 3669 4526 cu-

283 4565 482 4651 ζωῆςέ
547 4560 816 4641 προσῆλθε
877 4559 932 4618 δὲ
980 4563 1057 4638 τῷ
1105 4568 1314 4641 Χριστῷ
1366 4563 1440 4625 ὡς
1484 4560 1743 4640 ἀνθρώπῳ
1773 4557 1932 4635 ψιλῷ·

2027 4558 2220 4639 piens,
2257 4564 2315 4618 et
2363 4557 2574 4616 sitiens
2633 4555 2806 4616 vitam
2869 4562 3172 4614 :eternam
3239 4553 3509 4613 Accessit
3559 4573 3670 4615 au-

283 4652 374 4706 καὶ
403 4647 490 4706 διὰ
520 4653 674 4708 τοῦτο
706 4673 868 4733 φησιν
914 4653 942 4708 ὁ
988 4653 1174 4731 Κύριος
1209 4669 1223 4684 ⁸
1274 4654 1334 4708 Τί
1388 4673 1457 4727 με
1486 4649 1662 4730 λὲγεις
1693 4649 1888 4727 ἀγαθόν
1921 4669 1936 4726 ς

284 4738 466 4802 Ούδεῖς
527 4740 724 4819 ἀγαθὸς
775 4743 822 4799 εἰ
864 4743 941 4818 μὴ
985 4742 1071 4806 εἷς
1103 4745 1132 4798 6
1162 4741 1291 4805 Θεός
1322 4758 1336 4772 ⁸
1384 4741 1674 4821 τουτέστιν,
1711 4738 1837 4797 Ἐὰν
1866 4741 1939 4803 ὡς

284 4827 378 4886 ἕνα
434 4834 539 4887 τῶν
599 4828 932 4888 διδασκάλων
975 4853 1043 4908 με
1099 4829 1276 4910 λέγεις
1336 4843 1475 4888 εἶναι
1507 4832 1727 4910 ἀγαθὸν,
1759 4829 1938 4893 κακῶς

281 4919 462 5000 λέγεις
497 4937 511 4952 ⁸
576 4919 742 4988 οοἘεδς
786 4923 886 5002 γὰρ
947 4922 1233 5002 ἀνθρώπων
1289 4921 1478 5001 κυρίως
1535 4918 1732 5000 ἀγαθός
1769 4940 1784 4956 ·
1829 4917 1941 4994 ἅμα

282 5011 406 5086 μὲν,
469 5009 550 5068 ὅτι
633 5012 720 5068 καὶ
776 5010 1119 5089 εὖμετάϐολοί
1172 5009 1331 5087 ἐσμεν
1391 5010 1496 5067 ἀπὸ
1581 5015 1674 5068 τοῦ
1744 5008 1943 5088 ἀγαθοῦ

279 5100 602 5180 τρεπόμενοι
638 5117 652 5131 ·
738 5100 851 5178 ἅμα
905 5100 985 5179 δὲ,
1065 5100 1148 5159 ὅτι.
1204 5101 1292 5157 καὶ
1348 5098 1736 5180 συγκρινομέντ⁸
1807 5099 1940 5176 πρὸς

279 5192 384 5258 τὴν
440 5198 534 5248 τοῦ
587 5189 720 5248 Θεοῦ
774 5191 1080 5274 ἆταθότητα
1129 5193 1166 5262 ἡ
1200 5191 1526 5272 ἀνθρωπίνη,
1573 5187 1798 5266 πονηρία
1859 5210 1942 5244 νο-

281 5284 517 5359 μίζεται.

373 5396 399 5429 ιι
440 5374 500 5432 Εἰ
554 5370 609 5429 δὲ
665 5371 839 5440 θέλεις
897 5373 1155 5432 εἰσελθεῖν
1213 5375 1286 5439 εἷς
1343 5374 1444 5442 τὴν
1487 5372 1656 5447 ζωὴν,
1703 5372 1938 5452 τήρησον

284 5465 380 5532 τὰς
421 5461 664 5528 ἐντολὰς.
702 5463 1035 5544 Δέγειάὖτῷ
1065 5480 1080 5495 ⁸
1131 5466 1293 5530 Ποίας
1327 5484 1344 5547 ;
1381 5457 1439 5524 ¹Ο
1487 5461 1543 5519 δὲ
1572 5463 1780 5530 Ἰησοὺς
1813 5461 1940 5518 εἷπε

291 5553 374 5628 τὸ,
404 5557 478 5615 Οὐ
501 5553 802 5637 φονεύσεις,
835 5557 897 5614 οὐ
954 5555 1291 5637 μοιχεύσεις,
1348 5554 1408 5612 οὒ
1441 5552 1690 5630 κλέψεις,
1723 5555 1780 5613 οὐ
1809 5556 1941 5628 dieu-

296 5641 705 5725 δομαρτυρήσεις
743 5660 757 5674 ⁸
803 5645 932 5721 τίμα
973 5647 1067 5702 τὸν
1138 5645 1340 5722 πατέρα
1390 5666 1484 5702 σου
1541 5645 1629 5700 καὶ
1672 5644 1769 5710 τὴν
1828 5665 1942 5718 μη-

2024 4657 2142 4709 tem
2185 4647 2255 4708 ad
2289 4645 2584 4707 Christum
2647 4645 2808 4725 quasi
2843 4646 2913 4704 ad
2951 4661 3163 4723 purum
3225 4641 3528 4704 hominem
3564 4663 3577 4707 :
3615 4653 3676 4707 et

2022 4739 2250 4799 idcirco
2281 4736 2424 4796 dicit
2466 4734 2755 4796 Dominus
2792 4755 2804 4796 :
2840 4733 2990 4805 Quid
3027 4749 3117 4793 me
3173 4749 3345 4792 vocas
3398 4731 3672 4798 bonum?

2023 4827 2230 4889 Nullus
2266 4826 2480 4899 bonus,
2513 4824 2627 4884 nisi
2659 4843 2810 4885 unus
2839 4823 2999 4885 Deus
3032 4840 3045 4884 :
3083 4823 3195 4884 hoc
3240 4830 3350 4894 est,
3407 4822 3456 4883 si
3506 4825 3672 4904 quasi

2028 4937 2207 4979 unum
2243 4935 2314 4978 ex
2344 4914 2810 4996 praeceptoribus
2841 4913 3062 4975 bonum
3099 4930 3196 4974 me
3227 4912 3560 4985 dicis,male
3581 4915 3673 4976 di-

2026 5009 2132 5070 cis.
2167 5006 2378 5070 Nullus
2405 5004 2564 5077 enim
2599 5003 2906 5065 hominum
2941 5001 3178 5084 proprie
3208 5001 3432 5068 bonus:
3461 5005 3673 5085 partim

2025 5096 2181 5179 quod
2219 5093 2531 5156 mutabiles
2581 5112 2787 5154 sumus
2815 5111 2849 5154 a
2882 5093 3038 5154 bono
3070 5093 3129 5152 in
3164 5095 3380 5154 malum
3411 5113 3424 5156 :
3460 5095 3673 5175 partim

2027 5187 2188 5268 quod
2223 5195 2422 5246 nostra
2453 5183 2682 5244 bonitas
2713 5183 2787 5243 ad
2822 5183 3078 5245 divinam
3129 5181 3452 5245 bonitatem
3484 5185 3676 5246 colla-

2026 5285 2104 5355 ta,
2145 5275 2366 5338 malitia
2394 5281 2509 5336 est.

2113 5360 2730 5434 Vens.t7-19.aQuod
2765 5360 2818 5424 si
2837 5360 2924 5423 vis
2953 5361 3024 5425 ad
3046 5361 3226 5423 vitam
3247 5361 3680 5442 ingredi,serva

2026 5459 2330 5525 mandata.
2369 5455 2524 5517 Dicit
2553 5455 2638 5514 illi
2663 5473 2676 5514 :
2701 5451 2871 5527 Quas?
2894 5454 3068 5517 Jesus
3107 5463 3306 5516 autem
3326 5456 3507 5520 dixit:
3542 5458 3677 5521 Non

2029 5549 2213 5615 facies
2245 5545 2596 5621 homidium,
2633 5563 2751 5606 non
2783 5543 3095 5607 commites
3138 5542 3523 5623 adulterium,
3554 5564 3678 5610 non

2026 5640 2210 5704 facies
2243 5639 2487 5711 furtum,
2525 5652 2644 5696 non
2673 5633 2887 5697 falsum
2919 5634 3085 5698 dices
3113 5634 3544 5712 testimonium,
3577 5637 3680 5698 bo-
