4204 6406
513 293 628 358 355
1502 286 2088 352 THEOPHYLACTI
2139 286 2543 348 BULGARIE
2588 285 2943 350 ARCHIEP.
3795 288 3917 353 356

530 448 677 491 nora
703 440 931 509 patrem
966 435 1125 487 tuum
1154 434 1209 485 et
1241 432 1580 497 matrem,et
1606 423 1815 501 diliges
1832 422 2146 502 proximun

2252 416 2399 497 τέρα,
2464 421 2552 475 καὶ
2610 419 2910 497 ἀγαπήσεις
2954 422 3042 477 τὸν
3084 420 3314 487 πλησίον
3356 444 3450 481 σου
3495 424 3569 485 ὡς
3600 425 3842 487 σεαυτόν,
3884 449 3912 478 ι

520 532 681 581 tuum
705 497 780 580 ἰιι
807 520 1079 597 teipsum.
1098 539 1117 572 η
1157 513 1444 575 Dominus
1466 512 1536 573 ad
1571 497 2018 590 legisvma'ndata
2036 510 2149 571 mit-

2255 497 2311 564 Ὀ
2380 508 2563 589 Κύριος
2612 509 2697 566 ἐπὶ
2741 510 2835 573 τὰς
2872 511 3094 585 νομικὰς
3141 508 3358 575 ἓντολᾶς
3417 512 3763 592 παραπέμπει
3822 514 3917 570 τὸν

519 614 583 671 tit
612 595 1027 690 rogantem,ne
1059 603 1243 668 Judaei
1274 603 1472 664 dicant
1493 604 1647 683 quod
1676 602 1864 681 legem
1891 611 2149 663 contem-

2249 595 2614 674 ἐρωτήσαντα,
2674 597 2773 655 ’ίνα
2837 601 2913 673 μὴ
2973 599 3141 681 ἔχωσι
3216 599 3392 681 λέγειν
3443 604 3489 659 οἱ
3523 600 3794 685 Ἰουδαῖοι,
3826 602 3908 660 ὅτι

521 709 614 761 nat
634 688 740 778 (ai).
777 697 924 769 Quid
957 695 1131 775 igitur
1146 693 1176 752 ‘?

2246 694 2339 743 τοῦ
2382 688 2549 761 νόμου
2578 701 2926 769 καταφρονεῖ.
2961 690 3021 746 Τί
3051 693 3139 747 οὖν
3171 710 3187 763 ;

592 775 769 849 Vrsas.
800 787 898 848 90.
935 783 1123 848 «Dicit
1145 783 1229 844 illi
1258 781 1855 845 adolescens:0mnia
1878 782 2004 842 haec
2028 800 2149 843 ser-

2334 795 2357 830 σ
2400 775 2553 855 Λέγει
2586 782 2729 853 αὐτῷ
2759 780 2786 833 6
2845 778 3115 845 νεανίσκος
3159 796 3172 809 ⁸
3235 780 3414 837 Πάντα
3455 789 3609 840 ταῦτα
3643 781 3910 862 ἐφυλαξά-

443 894 452 903 ·
513 878 633 938 vavi
684 895 715 937 a
760 877 1072 955 juventute
1104 890 1256 933 mea.
1293 871 1443 943 Quid
1478 871 1671 933 adhuc
1704 872 1850 932 mihi
1897 870 2095 933 deest?
2132 894 2149 927 ι

2244 888 2354 940 μην
2398 865 2458 921 ἐκ
2502 867 2750 935 νεότητός
2822 891 2943 944 μου.
3008 870 3069 927 Τί
3133 870 3211 928 ἔτι
3268 872 3468 950 ὑστερῶ
3505 892 3521 949 ;
3558 896 3586 928 ι
3635 873 3783 936 Τινὲς
3829 874 3906 938 ὡς

510 967 966 1028 Adolescentem
999 968 1197 1024 autem
1227 960 1465 1042 quidam
1503 970 1564 1021 ut
1598 961 1919 1038 superbum
1957 968 2012 1022 et
2059 981 2149 1022 ar-

2244 957 2565 1029 Αομπαστὴν
2622 959 2710 1012 καὶ
2796 957 3029 1029 ἀλαζόνα
3101 959 3444 1019 διαϐάλλουσι
3512 970 3723 1021 τοῦτον.
3784 968 3911 1027 Πῶς

506 1066 811 1136 rogantem
846 1061 1097 1132 arguunt
1155 1050 1464 1123 Quomodo
1495 1051 1654 1112 enim
1708 1050 2013 1112 dilexisset
2045 1052 2149 1112 rite

2242 1045 2341 1123 γὰρ
2400 1046 2716 1125 κατώρθωσε
2762 1050 2821 1104 τὸ
2881 1049 3094 1127 ἀγαπᾷν
3147 1052 3238 1107 τὸν
3297 1050 3547 1129 πλησίον,
3583 1052 3705 1133 εἴτε
3731 1052 3905 1111 πλοῦ-

509 1147 869 1229 proximum,
905 1142 1004 1223 qui
1041 1142 1203 1202 dives
1236 1140 1415 1202 erat?
1459 1139 1668 1201 Nullus
1695 1142 1854 1202 enim
1904 1141 2149 1220 diligens

2241 1156 2352 1199 σιος
2410 1137 2475 1201 ἦν
2512 1158 2527 1214 ;
2565 1135 2729 1204 οὐδεὶς
2759 1139 2859 1218 γὰρ
2903 1140 3125 1218 ἀγαπῶν
3156 1144 3246 1199 τὸν
3302 1141 3527 1210 πλησίον
3568 1146 3641 1208 ὡς
3689 1145 3907 1225 ἑαυτὸν,

510 1223 933 1315 proximumut
966 1234 1250 1311 seipsum,
1286 1230 1462 1293 ditior
1491 1240 1578 1291 est
1604 1232 1873 1311 proximo
1911 1248 1923 1293 :
1961 1230 2149 1290 omnis

2238 1223 2627 1305 πλουσιώτερός
2677 1227 2787 1285 ἐστι
2833 1237 2923 1287 τοῦ
2982 1230 3211 1299 πλησίον
3250 1255 3262 1268 -
3338 1240 3442 1298 πᾶς
3502 1232 3557 1289 δὲ
3600 1223 3900 1315 ἄνθρωπος,

505 1313 701 1387 autem
731 1327 908 1386 homo
942 1320 1522 1403 proximusQuidam
1559 1321 1644 1381 sic
1677 1320 2148 1399 intelligunt,Da,

2238 1313 2487 1381 πλησίον.
2538 1316 2690 1381 Τινὲς
2724 1315 2777 1374 δὲ
2815 1319 2953 1376 οὕτω
2996 1329 3171 1378 νοοῦσι
3216 1330 3391 1381 τοῦ-ο.
3428 1314 3669 1398 Ὑπόθες,
3717 1325 3878 1404 φησὶν

505 1416 659 1497 quod
695 1416 818 1476 hanc
840 1402 1036 1474 omnia
1063 1411 1367 1472 servarim:
1406 1410 1543 1490 quid
1566 1410 1759 1471 adhuc
1787 1410 1932 1473 mihi
1956 1410 2149 1473 deest?

2238 1402 2317 1459 ὅτι
2363 1406 2527 1461 ταῦτα
2563 1408 2737 1463 πάντα
2774 1407 3109 1488 φυλαξαίμην
3145 1432 3159 1447 ·
3193 1412 3241 1468 τί
3272 1436 3361 1487 μοι
3393 1412 3468 1468 ἔτι
3500 1411 3668 1470 λείπει
3704 1434 3718 1493 ;

582 1506 840 1566 VEBSﬂl
861 1502 1227 1585 ,22.«Aitilli
1253 1502 1442 1563 Jesus:
1474 1501 1529 1559 Si
1556 1500 1641 1560 vis
1663 1500 1961 1579 perfectus
1995 1519 2147 1581 esse,

2324 1516 2351 1548 α
2388 1492 2551 1575 ’Ἔφη
2599 1496 2742 1572 αὗτῷ
2800 1501 2826 1554 6
2875 1496 3077 1567 Ἰησοῦς
3111 1516 3124 1530 '
3186 1503 3243 1559 Εἰ
3301 1501 3469 1565 θέλεις
3500 1492 3899 1584 τέλειοςγεῖναι,

501 1582 869 1669 vade,vende
897 1611 1027 1674 quae
1050 1590 1320 1669 habes,et
1353 1590 1425 1651 da
1456 1590 1843 1670 pauperibus,
1874 1599 1931 1650 et
1962 1591 2146 1652 habe-

2234 1582 2430 1663 ῧπαγε,
2494 1584 2750 1654 πώλησον
2806 1610 2899 1645 σου
2956 1590 3022 1647 τὰ
3076 1591 3411 1671 ὑπάρχοντα,
3457 1595 3545 1650 καὶ
3601 1591 3686 1659 δὸς
3744 1614 3897 1650 πτω-

502 1688 592 1746 bis
624 1687 965 1745 thesaurum
989 1682 1046 1742 in
1073 1682 1221 1742 caalo
1246 1699 1257 1741 :
1284 1680 1517 1755 etveni,
1553 1696 1806 1759 sequere
1853 1699 1968 1741 me.
2004 1681 2148 1742 Cum

2237 1696 2386 1753 χοις,
2434 1675 2522 1730 καὶ
2584 1674 2715 1741 ἔξεις
2769 1680 3032 1749 θησαυρὸν
3079 1679 3133 1736 ἐν
3190 1682 3416 1761 οὐρανῷ,
3466 1685 3552 1739 καὶ
3583 1680 3728 1760 δεῦρο
3758 1683 3895 1739 ἀκο-

498 1775 761 1837 audisset
814 1787 1014 1833 autem
1070 1770 1421 1831 adolescens
1471 1788 1603 1829 eum
1640 1771 2149 1840 sermonem,abiit

2238 1761 2410 1819 λούθει
2443 1786 2559 1839 μοι,
2596 1762 2858 1831 Ἀκούσας
2892 1765 2945 1823 δὲ
2978 1772 3005 1825 ὁ
3050 1772 3321 1835 νεανίσκος
3352 1774 3443 1830 τὸν
3475 1772 3659 1851 λόγον,
3691 1772 3899 1839 ἀπῆλθε

505 1864 710 1938 tristis,
746 1872 871 1923 erat
902 1861 1060 1923 enim
1112 1859 1336 1919 habens
1392 1857 1799 1937 possessiones
1842 1860 2078 1921 multas.
2119 1886 2144 1915 »

2236 1852 2564 1929 λυπούμενος
2602 1874 2615 1888 ·
2653 1855 2717 1923 ἧν
2762 1859 2864 1937 γὰρ
2914 1858 3057 1939 ἔχων
3109 1862 3361 1936 κτήματα
3417 1862 3613 1925 πολλά,
3655 1888 3678 1920 ν
3746 1852 3898 1920 ΗΟσει

501 1954 901 2032 Quzccunque,
955 1948 1167 2029 inquit,
1227 1948 1411 2008 fecisti
1463 1966 1646 2027 opera
1692 1947 1866 2027 bona,
1901 1948 2149 2011 Judaico

2238 1943 2359 2022 μὲν,
2462 1948 2643 2023 φησὶν,
2700 1948 2855 2011 εἶπες
2935 1953 3289 2029 κατορθῶσαι,
3370 1962 3532 2011 ταῦτα
3589 1950 3895 2015 Ἰουδαϊκῶς

503 2062 665 2103 more
696 2040 923 2102 fecisti:
963 2039 1011 2099 si
1044 2052 1241 2099 autem
1277 2037 1363 2097 vis
1396 2038 1837 2117 perfectushoc
1862 2048 2149 2112 est,meus

2234 2034 2588 2111 κατώρθωσας
2629 2054 2641 2067 '
2701 2037 2745 2092 εἰ
2809 2035 2862 2091 δὲ
2914 2038 3084 2102 θέλεις
3156 2040 3382 2121 τέλειος,
3430 2042 3721 2115 τουτέστιν,
3768 2040 3897 2117 ἐμὸς

501 2131 827 2211 discipulus
852 2148 983 2191 esse
1006 2138 1063 2189 et
1090 2126 1490 2188 Christianus:
1523 2128 1703 2206 vade,
1737 2128 1931 2189 vende
1952 2131 2149 2190 omnia

2237 2122 2379 2177 εἶναι
2440 2125 2685 2197 μαθητὴς
2769 2129 2854 2184 καὶ
2937 2132 3267 2211 Χριστιανὸς,
3352 2131 3547 2211 ὕπαγε,
3635 2131 3892 2198 πώλησόν

502 2240 633 2303 quae
656 2221 862 2299 habes,
887 2226 945 2280 et
970 2218 1043 2279 da
1065 2212 1259 2277 statim
1289 2218 1463 2278 simul
1492 2217 1713 2288 omnia,
1750 2218 1915 2278 nulla
1946 2237 2149 2280 reser-

2238 2218 2329 2268 σοῦ
2385 2214 2449 2267 τὰ
2498 2215 2831 2295 ὑπάρχοντα,
2866 2221 2954 2275 καὶ
3008 2217 3096 2283 δὸς
3142 2222 3325 2279 αὖτίκα
3369 2225 3502 2298 ὁμοῦ
3570 2222 3766 2301 πάντα,
3816 2220 3894 2296 μὴ

505 2320 736 2385 vans,ut
765 2309 1102 2371 continuam
1135 2305 1311 2367 facias
1344 2307 1803 2387 eleemosynam.
1828 2310 1957 2370 Non
1992 2309 2149 2369 enim

2236 2309 2587 2380 παρακρατῶν
2643 2327 2783 2381 τινα,
2846 2306 2937 2364 ’ἕνα
2970 2306 3301 2366 ἂδίάλειπτον
3334 2318 3494 2389 ποιῇς
3528 2311 3627 2378 τὴν
3655 2310 3893 2385 ἐλεημο-

504 2399 964 2463 dixit.PaulaIim
1000 2398 1073 2457 da
1106 2396 1491 2476 pauperibus,
1526 2397 1627 2457 sed
1656 2395 1917 2470 dixit,Da
1938 2399 2148 2474 semel,

2236 2392 2419 2459 σύνην.
2484 2395 2556 2450 Οὒ
2598 2396 2698 2473 γὰρ
2743 2400 2890 2473 εἶπε,
2946 2395 3081 2455 δίδου
3135 2416 3409 2481 πτωχοῖς,
3445 2400 3604 2476 ἀλλὰ,
3636 2400 3723 2464 δὸς
3756 2398 3893 2466 ἅπαξ

504 2499 561 2551 et
595 2489 787 2550 nudus
806 2496 952 2550 esto.
990 2486 1139 2548 Dein
1173 2486 1311 2566 quia
1340 2494 1476 2545 sunt
1501 2486 1666 2546 multi
1705 2487 2147 2563 misericordes,

2234 2481 2322 2536 καὶ
2356 2482 2684 2559 γυμνώθητι,
2740 2486 2877 2542 Εἶτα
2921 2487 3034 2543 ἐπεὶ
3087 2491 3184 2545 εἶσί
3238 2514 3378 2556 τινες
3438 2491 3706 2555 ἐλεοῦντες
3768 2492 3890 2571 μὲν,

504 2582 677 2641 vitam
711 2587 905 2639 tamen
939 2577 1100 2637 omni
1133 2576 1351 2635 malitia
1384 2576 1617 2655 plenam
1644 2574 1957 2650 habentes,
1983 2577 2145 2639 dicit:

2235 2569 2414 2636 πάσης
2470 2569 2524 2626 δὲ
2580 2573 2831 2653 ῥυπαρίας
2895 2575 3190 2653 ἀνάμεστον
3261 2582 3371 2656 βίον
3414 2580 3660 2661 ἔχοντες,
3709 2569 3891 2661 cenat;

512 2697 533 2724 «ι
572 2668 641 2730 Et
670 2668 1086 2747 veni,sequere
1123 2665 1398 2737 me,»hoc
1425 2674 1780 2744 est,omnem
1813 2667 1987 2727 aliam
2012 2687 2149 2747 quo-

2245 2678 2268 2713 I
2311 2661 2406 2715 Καὶ
2466 2658 2614 2741 δεῦρο
2700 2663 2972 2722 ἀκολούθει
3050 2691 3166 2745 μοι,
3239 2693 3262 2727 ι
3324 2673 3585 2745 τουτέστι,
3645 2673 3733 2727 καὶ
3794 2670 3895 2736 τὴν

506 2779 620 2840 que
642 2746 1122 2819 virtutemhabe.
1158 2754 1525 2816 Adolescens
1558 2756 1732 2834 igitur
1763 2746 2144 2819 indoluitide-

2241 2746 2409 2815 ἄλλην
2456 2756 2629 2806 πᾶσα)
2687 2753 2876 2831 ἀρετὴν
2923 2754 3042 2835 ἔχε,
3110 2749 3166 2815 Ὀ
3222 2759 3401 2835 μέντοι
3447 2762 3719 2824 νεανίσκος
3764 2758 3892 2816 ὶλυ-

508 2838 810 2910 siderabat
841 2845 1087 2917 etenim,
1137 2852 1195 2905 et
1227 2852 1383 2904 terra
1423 2843 1619 2905 cordis
1651 2845 1834 2926 ipsius
1867 2846 2149 2926 profunda

2240 2838 2386 2907 πήθη
2424 2854 2438 2868 ⁹
2502 2838 2749 2917 ἐπεθύμει
2794 2845 2894 2918 μὲν
2937 2847 3059 2923 γὰρ,
3092 2849 3180 2903 καὶ
3208 2849 3397 2924 βαθεῖα
3446 2852 3533 2907 καὶ
3588 2852 3723 2907 πίων
3754 2851 3823 2915 ἧν
3856 2851 3892 2917 ἡ

513 2949 639 3001 erat
669 2947 726 2999 et
766 2936 1021 3017 pinguis,
1048 2933 1148 2994 sed
1183 2934 1368 3013 spinae
1398 2934 1725 2995 divitiarum
1769 2936 2149 3000 sutfocabant.

2244 2931 2315 3003 γῆ
2378 2928 2474 2996 τῆς
2532 2930 2743 3010 καρδίας
2788 2936 2966 3009 αὗτοῦ,
3014 2934 3133 2992 ἀλλ’
3166 2938 3215 2994 αἱ
3270 2938 3487 2996 ἄκανθαι
3531 2942 3622 2997 τοῦ
3666 2938 3894 2996 πλούτου

510 3027 639 3089 Erat
668 3016 849 3107 enim,
886 3022 1331 3103 inquit,habens
1349 3025 1751 3101 possessiones
1770 3025 2149 3089 multas.1\'am

2244 3016 2552 3116 συνέπνιγον
2587 3040 2599 3053 ·
2664 3022 2729 3089 ἦν
2784 3024 2907 3102 γὰρ,
2964 3027 3146 3104 φησὶν,
3194 3026 3341 3107 ἔχων
3399 3031 3649 3104 κτῦματα
3692 3027 3891 3089 πολλά.

515 3118 611 3199 qui
640 3122 857 3197 paucas
883 3114 1205 3194 habet,non
1230 3116 1305 3173 ita
1328 3113 1541 3174 abillis
1561 3114 1894 3175 detinetur:
1923 3116 1980 3193 in
2006 3117 2149 3177 mul-

2250 3108 2305 3160 ’Θ
2363 3108 2460 3183 μὲν
2519 3110 2618 3187 γὰρ
2662 3110 2814 3191 ὀλίγα
2858 3111 3025 3193 ἔχων,
3072 3119 3174 3197 οὐχ
3206 3119 3401 3193 ὁμοίως
3442 3120 3731 3199 κατέχεται
3765 3119 3895 3175 τού-

514 3218 587 3271 tis
610 3211 766 3272 enim
789 3207 1009 3269 divitiis
1029 3206 1344 3267 violentius
1368 3214 1452 3266 est
1479 3207 1995 3270 vinculum.Porro
2020 3209 2149 3289 quia

2240 3218 2351 3261 τοις
2386 3214 2401 3228 ⁸
2448 3198 2503 3253 ἐν
2553 3201 2652 3280 γὰρ
2696 3216 2811 3267 τοῖς
2847 3204 3075 3270 πολλοῖς
3106 3210 3549 3289 τδραννικώτερος
3644 3208 3837 3286 δεσμός
3873 3226 3889 3243 ⁸

510 3300 675 3363 diviti
697 3297 1045 3380 loquebatur
1059 3296 1943 3376 Christus,dicebat,Habiturus
1957 3286 2149 3362 esthe-

2242 3286 2355 3386 ἐπεὶ
2412 3286 2465 3343 δὲ
2509 3293 2639 3369 πρὸς
2673 3292 2926 3350 πλούσιον
2981 3294 3251 3377 διελέγετο
3296 3302 3323 3355 6
3357 3286 3565 3381 Κύριος,
3599 3302 3779 3382 φησὶν,
3810 3300 3892 3356 ὅτι

516 3410 752 3454 saurum
774 3376 1022 3459 incaelo,
1052 3388 1181 3446 105
1204 3386 1537 3447 divitiarum
1559 3388 1714 3448 enim
1758 3400 1991 3450 amator
2007 3400 2149 3451 erat.

2245 3376 2429 3479 "E5235
2462 3379 2519 3479 ἐν
2546 3380 2790 3479 οῦρανοτς
2822 3387 3108 3468 θησαυρὸν,
3144 3376 3264 3445 ἐπεὶ
3294 3376 3705 3469 φιλοχρήματος
3730 3390 3809 3453 εἴ,

594 3482 776 3541 Vens.
811 3477 913 3551 ‘23,
947 3478 1044 3539 24.
1106 3502 1129 3529 ‹‹
1167 3478 1337 3538 .lesus
1397 3486 1594 3539 autem
1657 3478 1798 3538 dixit
1849 3479 2149 3559 discipulis

2281 3544 2286 3549 .
2329 3486 2359 3525 (
2393 3466 2449 3527 Ὀ
2492 3466 2547 3525 δὲ
2580 3468 2785 3538 Ἰησοῦς
2833 3474 2958 3530 ε’ίπε
3002 3466 3121 3541 τοῖς
3164 3466 3629 3553 μαθηταῖςναῦτοῦ
3662 3495 3676 3510 ⁸
3716 3478 3894 3557 Ἀμὴν

450 3562 461 3570 ’
511 3572 632 3632 suis
667 3592 679 3628 τ
716 3571 903 3629 Amen
936 3566 1069 3627 dico
1100 3565 1291 3637 vobis,
1337 3565 1499 3627 dives
1545 3566 1782 3628 difﬁcile
1817 3555 2059 3629 intrabit
2097 3572 2149 3631 in

2242 3555 2386 3634 λέγω
2441 3560 2570 3635 ὑμῖν
2635 3559 2714 3617 ὅτι
2767 3561 3017 3629 πλούσιος
3076 3564 3346 3633 δυσκόλως
3407 3555 3894 3635 εἰσελεύσεταιήεῖς

512 3677 760 3739 regnum
793 3656 1104 3718 malorum.
1142 3659 1363 3716 Iterum
1393 3665 1587 3716 autem
1617 3656 1750 3717 dico
1792 3657 1982 3731 vobis,
2007 3659 2149 3719 faci-

2243 3647 2337 3714 τὴν
2398 3648 2667 3723 βασιλείαν
2724 3659 2830 3709 τῶν
2883 3660 3137 3734 οὐρανῶν,
3200 3659 3367 3717 Πάλιν
3424 3658 3478 3716 δὲ
3542 3660 3682 3739 λέγω
3737 3662 3887 3737 ὑμῖν,

508 3738 622 3810 lius
654 3757 743 3809 est
773 3746 1060 3807 camelum
1091 3764 1196 3825 per
1226 3745 1492 3806 foramen
1525 3764 1666 3806 acus
1698 3747 2149 3827 transire,quam

2243 3738 2603 3817 εὐκοπώτερόν
2663 3742 2772 3798 ἐστι
2828 3746 3074 3821 κάμηλον
3134 3747 3217 3804 διὰ
3272 3738 3623 3829 τρυπήματος
3677 3750 3892 3831 ῥαφίδος

511 3837 753 3898 divitem
788 3836 849 3897 in
898 3853 1144 3911 regnum
1191 3834 1294 3896 Dei
1346 3834 1593 3911 ingredi.
1639 3861 1662 3889 ι
1698 3834 1969 3907 Quandiu
1995 3825 2149 3899 dives

2241 3825 2495 3903 διελθεῖν,
2550 3830 2583 3895 ἢ
2616 3830 2868 3891 πλούσιον
2910 3838 2980 3901 εἷς
3038 3838 3137 3905 τὴν
3176 3840 3447 3915 βασιλείαν
3478 3849 3568 3897 τοῦ
3602 3849 3733 3897 Θεοῦ
3775 3844 3891 3896 εἷσ-

2269 3915 2323 3929 κ-
2571 3911 2607 3929 ε,
2790 3924 2810 3929 γ.
3052 3926 3062 3929 _
3136 3928 3139 3929 ,

512 3935 568 3987 et
599 3926 726 4006 ipse
756 3924 996 4005 quidem
1047 3924 1223 3985 habet
1274 3926 1595 4005 superﬂua,
1632 3935 1694 3987 et
1752 3925 1850 3987 alii
1904 3946 2019 3988 non
2066 3928 2149 3990 vel

2241 3915 2436 3977 ελθεϊν.
2477 3942 2501 3977 ι
2571 3912 2723 3983 ΗΕωσε
2782 3924 2844 3980 ἂν
2914 3930 2949 4004 ᾗ
3008 3912 3286 4011 πλούσιος,
3338 3933 3424 3987 καὶ
3467 3931 3623 3993 αὐτὸς
3652 3930 3749 4006 μὲν
3781 3930 3887 4009 ἔχῃ

512 4015 870 4089 necessaria,
908 4033 1024 4074 non
1058 4013 1388 4092 ingreditur
1423 4015 1480 4073 in
1531 4033 1779 4092 regnum
1843 4016 2149 4081 caalorum.

2240 4009 2484 4085 περιττὰ,
2531 4008 2680 4069 ἄλλοι
2737 4012 2792 4069 δὲ
2851 4014 2966 4073 οῦδὲ
3022 4019 3089 4077 τὰ
3130 4008 3419 4098 ἀναγκαῖα,
3482 4022 3540 4076 οὗ
3570 4021 3647 4095 μὴ
3679 4020 3885 4099 εἰσέλθῃ

510 4114 817 4185 postquam
857 4113 1052 4165 autem
1088 4103 1348 4165 excussit
1389 4104 1757 4176 omnia,tunc
1790 4125 1907 4167 non
1939 4117 2027 4169 est
2062 4108 2149 4169 di-

2239 4098 2311 4161 εἰς
2370 4100 2469 4166 τὴν
2552 4101 2823 4177 βασιλείαν
2895 4113 3001 4163 τῶν
3084 4108 3339 4189 οὖρανῶν.
3404 4107 3651 4166 Ἐπειδὰν
3707 4098 3887 4186 μέντοι

510 4213 631 4274 ves,
667 4202 725 4255 et
754 4202 955 4273 postea
977 4194 1241 4255 intrabit.
1273 4195 1644 4274 lmpossibile
1669 4203 1757 4256 est
1779 4199 1936 4258 enim
1976 4199 2149 4260 multa

2239 4187 2620 4258 ἀποτινάξηται
2674 4193 2870 4272 πάντα,
2931 4198 3052 4255 τότε
3110 4203 3170 4258 οὐ
3240 4198 3510 4277 πλούσιος,
3556 4202 3645 4257 καὶ
3702 4200 3891 4258 λοιπὸν

508 4284 825 4345 habentem
877 4285 1098 4345 intrare
1137 4335 1151 4364 ,
1196 4285 1350 4345 sicut
1408 4294 1466 4344 et
1523 4286 1812 4347 camelum
1870 4287 2149 4367 impossi-

2240 4278 2610 4342 εὶσελεύσεται.
2674 4282 2952 4344 ’Λδύνατον
3030 4290 3128 4367 γὰρ
3206 4288 3381 4347 πολλὰ
3463 4289 3661 4371 ἔχοντα
3714 4291 3890 4349 εἰσελ-

508 4373 626 4435 bile
684 4392 791 4454 per
852 4375 1117 4436 forameu
1193 4393 1332 4435 acus
1400 4375 1674 4437 transire.
1737 4376 1887 4437 Vide
1947 4387 2144 4439 autem

2236 4370 2371 4443 θεῖν,
2435 4370 2612 4450 ὥσπερ
2667 4375 2755 4430 καὶ
2810 4376 2907 4443 τὴν
2968 4377 3215 4455 κάμηλον
3272 4370 3525 4439 ἀδύνατον
3556 4376 3781 4438 διελθεῖν
3811 4381 3893 4438 διὰ

504 4464 800 4543 quomodo
832 4465 987 4544 quod
1035 4465 1307 4545 superius
1357 4464 1504 4526 dixit
1553 4466 1819 4541 difﬁcile,
1882 4465 1974 4528 hic
2007 4468 2149 4533 dicit

2245 4461 2587 4537 τρυπήματος
2658 4462 2905 4541 βελόνης’
2970 4465 3087 4526 ’Ἱδε
3169 4470 3259 4526 οὖν
3317 4478 3430 4536 πῶς
3488 4471 3738 4548 ἀνωτέρω
3794 4472 3892 4545 μὲν

501 4554 895 4633 impossibile.
968 4554 1245 4616 Nonnulli
1318 4565 1512 4616 autem
1592 4556 1801 4617 dicunt
1856 4561 2148 4622 camelum

2247 4548 2499 4610 δύσκολον
2556 4555 2680 4612 εἶπε
2763 4559 2825 4613 τὸ
2895 4559 3174 4642 εἰσελθεῖν,
3253 4562 3470 4621 ἐνταῦθα
3529 4560 3585 4619 δὲ
3643 4562 3893 4622 ἀδύνατον

502 4662 623 4704 non
667 4644 885 4705 animal
936 4645 1297 4725 significare,
1351 4646 1457 4706 sed
1508 4664 1772 4707 crassum
1831 4651 2148 4728 quemdam

2234 4640 2532 4708 παντελῶς.
2602 4647 2753 4710 Τινὲς
2813 4646 2867 4703 δὲ
2954 4640 3224 4731 κάμηλον,
3285 4652 3344 4708 οὗ
3400 4654 3463 4708 τὸ
3516 4653 3652 4723 ζῶόν
3709 4677 3891 4734 φασιν,

500 4737 725 4809 funem,
762 4753 878 4815 quo
936 4744 1127 4796 nautae
1181 4744 1429 4797 utuntur
1477 4746 1541 4797 ut
1586 4735 1903 4816 projiciant
1964 4758 2149 4801 anco-

2237 4728 2371 4825 αλλὰ
2415 4735 2477 4790 τὸ
2526 4739 2677 4816 παχὺ
2723 4738 2984 4822 σχοινίον,
3036 4745 3081 4816 ᾧ
3111 4728 3349 4822 χρῶνται
3382 4745 3428 4799 οἱ
3458 4750 3639 4801 ναῦται
3669 4728 3802 4825 πρὸς
3830 4728 3895 4800 τδ

499 4841 613 4884 ras.
2231 4821 2429 4898 ῥίπτειν
2471 4826 2565 4891 τὰς
2610 4828 2869 4907 ἀγκύρας.

578 4913 760 4976 Vens.
783 4914 889 4987 95,
924 4915 1022 4977 26.
1039 4914 1309 4978 «Auditis
1326 4922 1521 4977 autem
1556 4915 1954 4997 his,discipuli
1974 4937 2143 5000 expa-

2322 4934 2346 4968 α
2400 4912 2752 4985 Ἀκουσαντες
2811 4918 2865 4976 δὲ
2910 4923 2957 4980 οἱ
3016 4925 3250 4999 μαθηταὶ
3305 4925 3463 4982 αὖτοῦ
3501 4924 3893 4997 ἒξεπλήσσοντο

498 5011 707 5061 verunt
728 5003 1214 5090 valde,dicentes:
1240 5004 1384 5077 Quis
1402 5024 1540 5084 ergo
1563 5015 1757 5085 potest
1777 5007 1971 5068 salvus
1995 5008 2149 5070 fieri?

2234 5002 2455 5093 σφόδρα,
2515 5006 2759 5087 λέγοντες
2792 5031 2806 5046 ⁸
2872 5012 2961 5077 Τίς
3020 5012 3122 5093 ἄρα
3164 5012 3375 5072 δύναται
3408 5016 3693 5091 eme-ﬁmi;
3751 5021 3894 5091 Ἐμ-

498 5088 749 5150 Intuitus
781 5100 974 5152 autem
996 5086 1142 5154 villos
1173 5096 1345 5157 Jesus
1369 5095 1517 5157 dixit
1538 5094 1853 5177 illis,Apud
1878 5098 2152 5161 homines

498 5181 609 5240 hoc
641 5181 1008 5259 impossibile
1040 5185 1313 5263 est,apud
1352 5183 1532 5245 Deum
1566 5193 1760 5245 autem
1801 5188 2000 5248 omnia
2020 5207 2148 5267 pos-

498 5268 693 5329 sibilia
721 5270 1211 5352 sunt.»Discipuli
1245 5282 1307 5333 ut
1340 5273 1783 5350 misericordes,
1822 5295 1937 5336 non
1964 5277 2151 5359 inter-

500 5367 707 5435 rogant
738 5377 841 5438 pro
863 5363 1075 5441 se'psis
1105 5362 1423 5443 (pauperes
1453 5364 1610 5425 enim
1638 5365 2023 5445 fuerant),sed
2047 5386 2150 5448 pro

495 5448 772 5508 omnibus
824 5450 1190 5513 hominibus.
1246 5454 1533 5515 Dominus
1582 5456 1765 5534 igitur
1817 5455 1993 5518 docet
2029 5478 2148 5521 non

494 5537 753 5599 humana
777 5538 1123 5605 inﬁrmitate
1146 5544 1507 5605 meliendam
1533 5547 1925 5620 salutem,sed
1952 5548 2149 5616 divina

2233 5089 2436 5169 ϐλέφας
2482 5094 2537 5152 δὲ
2582 5102 2609 5155 6
2675 5100 2884 5168 Ἰησοῦς
2935 5089 3088 5159 εἶπεν
3141 5106 3347 5168 αὐτοῖς,
3413 5107 3562 5185 Παρὰ
3604 5089 3896 5185 ἀνθρώποις

2232 5186 2386 5242 τοῦτο
2431 5185 2682 5248 ἀδύνατόν
2741 5192 2878 5267 ἐστι,
2939 5195 3083 5274 παρὰ
3135 5190 3189 5250 δὲ
3235 5200 3352 5268 Θεῷ
3394 5197 3569 5253 πάντα
3607 5193 3821 5259 δυνατά.
3859 5219 3890 5252 ι

2238 5279 2298 5333 Οἱ
2357 5282 2592 5353 μαθηταὶ
2639 5281 2999 5362 φιλάνθρωποι
3053 5282 3225 5359 ὄντες,
3280 5283 3547 5365 ἐρωτῶσιν
3603 5290 3708 5367 οὐχ
3764 5286 3896 5365 ὑπὲρ

2236 5369 2436 5425 ἑαυτῶν
2500 5369 2751 5449 (πένητες
2810 5375 2910 5454 γὰρ
2952 5372 3140 5454 ἦσαν),
3202 5373 3324 5432 ἀλλ’
3376 5376 3507 5455 ὑπὲρ
3560 5377 3772 5435 πάντων
3805 5376 3897 5434 ἂν·

2236 5461 2485 5539 θρώπων.
2536 5455 2593 5523 1Ο
2638 5468 2728 5522 οὖν
2785 5469 2973 5547 Κύριος
3030 5466 3261 5527 διδάσκει
3324 5469 3397 5547 μῦ
3468 5477 3537 5549 τῇ
3594 5470 3897 5547 ἀνθρωπίνῃ

2231 5554 2468 5628 ἀσθενείᾳ
2526 5558 2859 5638 συμμετρεῖν
2915 5559 3016 5627 τὴν
3098 5564 3389 5643 σωτηρίαν,
3465 5560 3602 5621 ἀλλᾶ
3658 5561 3727 5630 τῆ
3801 5570 3898 5624 τοῦ

572 5671 667 5755 (a)
702 5669 856 5739 Edit.
885 5679 1014 5740 Lut.
1050 5679 1276 5754 omisit,
1310 5679 1477 5755 Quid
1500 5682 1691 5760 igitur
1718 5698 1910 5760 usque
1929 5683 2004 5746 ad
2027 5702 2099 5748 ea
2126 5686 2313 5751 verba
2345 5689 2818 5758 Adolescenum.
