4204 6414
294 285 414 356 357

955 284 1403 350 ENARRATIO
1445 284 1531 349 IN
1576 274 2087 347 EVANGELIUM
2130 278 2522 347 narrum.
2576 314 2653 329 ηε
2692 288 2857 348 cae.
2908 283 3045 348 xxx

3582 287 3698 351 358

294 428 428 481 Θεοῦ
478 420 719 497 δυνάμει.
767 418 895 477 Ἐὰν
928 418 1027 497 γὰρ
1086 440 1167 481 τις
1225 414 1446 495 ἄρξηται
1477 415 1555 489 μὴ
1589 414 1955 486 πλεονεκτεῖν,

2058 412 2281 482 virtute.
2313 419 2456 481 Nam
2478 421 2525 481 si
2556 420 2689 501 quis
2721 421 2970 499 casperit
3001 439 3118 482 non
3169 440 3301 483 esse
3350 441 3587 497 avarus,
3624 423 3705 485 ita

290 513 561 593 προκόψει
607 513 697 569 καὶ
743 512 813 576 εἰς
874 510 936 567 τὸ
993 508 1059 565 τὰ
1113 507 1336 588 περιττὰ
1380 505 1692 585 ἀπαντλεῖν,
1749 505 1854 563 ἀπὸ
1910 504 1962 561 δε

288 604 509 682 τούτου,
563 602 654 659 καὶ
698 602 772 665 εἰς
827 601 888 656 τὸ
940 599 1007 655 τὰ
1051 599 1318 676 ἀναγκαῖα
1374 603 1556 653 κενοῦν
1612 593 1961 676 προϐήσεται,

289 697 386 751 καὶ
415 693 589 756 οὕτως
621 689 1010 760 εὑοδωθήσεται
1040 688 1328 767 συμμαχίᾳ
1360 694 1514 747 Θεοῦ.

379 806 404 838 ι
445 782 581 840 Τότε
641 781 949 859 ἀποκριθεὶς
1009 781 1036 835 6
1094 777 1292 857 Πέτρος
1353 777 1512 833 εἶπεν
1572 780 1716 851 αύτῷ
1764 796 1777 810 ⁸
1837 774 1968 834 ’ἰδοὺ

288 872 467 948 ἡμεῖς
528 871 813 951 ἀφήκαμεν
873 867 1069 941 πάντα,
1116 868 1206 924 καὶ
1264 864 1702 941 ἠκολουθήσαμέν
1732 888 1818 923 σοι
1858 884 1871 899 ο
1918 866 1968 922 τί

294 961 399 1041 ἄρα
450 960 603 1017 ἔσται
634 961 773 1034 ἡμῖν
808 980 825 1035 ς
878 980 902 1013 ι
944 959 1000 1014 Εἰ
1033 958 1121 1014 καὶ
1151 954 1300 1012 δοκεῖ
1329 958 1356 1011 6
1402 955 1600 1033 Πέτρος
1632 958 1710 1031 μὴ
1755 954 1967 1036 ἀφεῖναί

296 1074 419 1108 τινα
477 1049 686 1129 μεγάλα
744 1051 818 1112 ὡς
876 1049 951 1105 ὢν
982 1067 1227 1127 πτωχος,
1282 1044 1401 1101 ἀλλ’
1454 1048 1541 1101 οὖν
1586 1047 1836 1123 γίνωσκε,
1883 1045 1963 1101 ὅτι

300 1143 384 1215 τῷ
426 1138 533 1197 ὄντι
589 1136 763 1196 πολλά
819 1138 993 1218 ἀφῆκε
1065 1138 1154 1193 καὶ
1228 1136 1408 1200 αὑτός.
1477 1136 1575 1191 Καὶ
1630 1136 1730 1214 γὰρ
1778 1134 1966 1215 σχέσιν

306 1230 532 1286 πλείονα
588 1229 785 1309 ἔχομεν
834 1231 880 1285 οἱ
941 1226 1208 1307 ἅνθρωποι
1262 1225 1314 1282 ἒν
1372 1238 1488 1288 τοῖς
1538 1223 1734 1300 ὀλίγοις
1764 1243 1780 1259 θ
1829 1223 1965 1281 ἀλλά

302 1322 393 1378 καὶ
465 1326 639 1377 πᾶσαν
708 1320 975 1396 κοσμικὴν
1062 1316 1382 1386 ἡδυπάθειαν
1442 1314 1712 1396 ὑπερεῖδεν
1770 1319 1797 1372 6
1857 1315 1963 1371 Πέ-

298 1431 448 1487 τρος,
508 1412 594 1467 καὶ
646 1411 743 1479 τὴν
804 1409 936 1488 πρός
996 1409 1117 1472 τοὺς
1169 1421 1349 1487 γονεῖς
1380 1405 1745 1487 φιλοσαρκίαν.
1794 1413 1965 1464 Ταῦτα

296 1501 399 1579 γὰρ
459 1500 525 1556 τὰ
587 1499 730 1566 πάθη
791 1502 851 1556 οὒ
934 1499 1097 1573 μόνον
1149 1498 1285 1553 κατά
1343 1496 1630 1577 πλουσίων,
1687 1494 1822 1553 ἀλλά
1882 1496 1967 1552 καὶ

295 1592 436 1646 κατά
467 1591 715 1659 πενήτων
746 1588 1131 1667 ἐπιστρατεύει.
1173 1586 1233 1645 Τί
1276 1588 1363 1642 οὖν
1394 1589 1422 1643 6
1457 1586 1642 1665 Κύριος
1678 1606 1693 1665 ;

388 1704 412 1735 α
466 1670 523 1737 Ὀ
585 1677 641 1734 δὲ
687 1678 893 1745 Ἰησοῦς
952 1681 1103 1734 εἶπεν
1156 1681 1341 1741 αὑτοῖς
1377 1694 1389 1706 '
1432 1676 1605 1751 Ἀμὴν
1642 1676 1961 1756 λέγωὺμῖν,

296 1772 381 1827 δτι
441 1770 599 1844 ὑμεῖς
644 1771 690 1825 οἱ
721 1766 1178 1837 ἀκολουθήσαντές
1226 1789 1341 1841 μοι,
1372 1768 1427 1822 ἐν
1457 1772 1524 1842 τῇ
1556 1765 1959 1843 παλιγγενεσία,

298 1859 425 1917 ὅταν
480 1858 672 1933 καθίσῃ
732 1859 759 1913 6
808 1858 927 1919 Υἱὸς
982 1864 1073 1913 τοῦ
1116 1857 1389 1935 ἀνθρώπου
1443 1855 1528 1911 ἐπὶ
1578 1856 1764 1934 θρόνου
1808 1854 1962 1921 δόξης

302 1950 480 2015 αὑτοῦ,
558 1949 848 2017 καθήσεσθε
907 1948 995 2003 καὶ
1053 1948 1209 2022 ὑμεῖς
1291 1945 1376 2001 ἐπὶ
1451 1943 1651 2002 δώδεκα
1724 1946 1959 2025 θρόνους,

303 2042 568 2119 κρίνοντες
626 2039 721 2102 τὰς
772 2035 975 2093 δώδεκα
1034 2036 1199 2117 φυλὰς
1253 2046 1345 2094 τοῦ
1431 2033 1666 2113 Ἰσραὴλ.
1734 2022 1764 2092 av
1834 2022 1963 2114 Ἀρα

306 2130 771 2207 καθεσθήσονται;
833 2127 994 2206 Ούχὶ,
1057 2124 1192 2181 ἀλλά
1248 2126 1345 2193 τὴν
1390 2120 1817 2203 ὑπερϐάλλουσαν
1872 2146 1960 2179 τι-

303 2220 410 2294 μὴν
453 2216 538 2273 διὰ
578 2224 680 2283 της
755 2213 1006 2294 καθέδρας
1065 2213 1305 2285 ὲδήλωσε
1341 2234 1357 2251 ⁸
1406 2216 1492 2270 καὶ
1539 2217 1566 2269 6
1626 2211 1825 2276 Ἰούδας
1874 2215 1963 2270 οὗν

304 2310 686 2379 καθεσθήσεται
713 2325 730 2381 ;
795 2304 953 2386 υὺχί,
1012 2305 1073 2363 Οἱ
1128 2303 1581 2375 ἀκολουθήσαντες
1634 2305 1733 2382 γὰρ
1809 2302 1956 2378 εἷπε,

303 2400 570 2456 τουτέστιν
629 2398 677 2453 οἰ
732 2394 863 2475 ἄχρι
922 2393 1128 2468 τέλους,
1188 2394 1395 2457 ἐκεῖνος
1439 2392 1494 2449 δὲ
1546 2398 1639 2452 οὐκ
1680 2393 1809 2473 ἀχρι
1866 2392 1958 2448 τέ-

304 2488 450 2553 λους.
505 2485 743 2550 ⁹¹Αλλως
795 2507 877 2559 τε,
910 2483 1168 2550 πολλάκις
1201 2486 1228 2541 6
1260 2486 1390 2550 Θεὸς
1418 2484 1764 2564 ὑπισχιεεῖται
1796 2483 1963 2562 ἀγαθά

302 2579 435 2635 τισίν
495 2576 655 2643 ἀξίοις
705 2577 875 2636 οὖσιν.
933 2572 1102 2631 Ἐπάν
1168 2571 1223 2629 δὲ
1282 2571 1645 2650 μεταϐληθεῖν
1686 2574 1773 2630 καὶ
1827 2573 1962 2629 ἀνά-

1986 1746 2026 1798 Β

2051 508 2342 588 proﬁciet,
2375 518 2437 571 ut
2467 519 2523 572 et
2571 510 2869 589 superﬂua
2916 510 3243 583 exhauriat,
3280 528 3338 572 et
3388 525 3596 593 postea
3631 532 3699 574 eo

2052 600 2474 675 prOgredietur
2506 604 2570 662 ut
2617 601 2795 661 etiam
2842 602 3179 663 necessaria
3223 611 3489 677 evacuet,
3527 621 3579 664 et
3616 603 3702 667 sic

2052 684 2207 748 bene
2239 689 2689 769 prosperabitur
2719 690 3034 770 adjuvante
3068 693 3207 753 Deo.

2134 779 2646 841 \'ERS.21.«Tiinc
2664 780 3033 860 respondens
3050 783 3413 845 Petrusdixit
3435 783 3702 847 illizEcce

2052 884 2160 926 nt-s
2192 869 2542 949 reliquimus
2582 870 2808 949 omnia,
2854 878 2910 929 el
2949 872 3135 932 secuti
3180 891 3382 934 sumus
3417 882 3476 935 te
3511 892 3523 936 :
3560 875 3701 954 quid

2049 956 2229 1031 igitur
2261 960 2374 1019 erit
2404 958 2616 1020 nobis?
2653 986 2671 1015 ο
2726 960 2981 1020 Tametsi
3015 961 3278 1023 videatur
3329 961 3536 1024 Petrus
3584 983 3700 1025 non

2051 1046 2353 1109 dimisisse
2409 1068 2618 1127 magna
2647 1049 2865 1128 aliqua,
2898 1059 3102 1129 utpote
3164 1069 3406 1131 pauper,
3441 1062 3701 1116 attamen

2051 1135 2218 1197 disce
2251 1138 2405 1219 quod
2443 1139 2638 1218 reipsa
2671 1141 2915 1198 multum
2970 1140 3145 1199 etiam
3196 1140 3322 1219 ipse
3354 1144 3690 1223 reliquerit.

2050 1225 2279 1287 Etenim
2331 1238 2387 1289 et
2432 1224 2989 1309 parvarum'rerum
3029 1248 3236 1307 magna
3258 1241 3532 1294 tenemur
3551 1235 3693 1296 affe-

2050 1316 2269 1391 ctione,
2306 1318 2410 1379 sed
2444 1332 2502 1378 et
2534 1336 2743 1378 omnes
2768 1318 3095 1399 voluptates
3128 1318 3335 1380 Petrus
3357 1320 3615 1403 reliquit.
3640 1334 3699 1386 et

2051 1408 2349 1469 carnalem
2383 1408 2659 1469 affectum
2695 1426 2832 1486 erga
2864 1407 3293 1487 parenteslllae
3320 1410 3477 1471 enim
3510 1414 3695 1475 affec-

2054 1496 2245 1556 tiones
2304 1514 2420 1557 non
2480 1497 2669 1558 solum
2730 1507 2930 1557 contra
2991 1498 3225 1567 divites,
3264 1499 3366 1561 sed
3402 1510 3459 1561 et
3490 1515 3698 1564 contra

2050 1603 2343 1665 pauperes
2375 1585 2822 1658 militant.Quid
2852 1587 3027 1665 igitur
3059 1586 3374 1651 Dominus?

2131 1675 2310 1738 Vens.
2346 1679 2442 1737 ‘28.
2492 1703 2511 1730 η
2550 1676 2726 1738 Jcsus
2757 1685 2951 1737 autem
2986 1678 3132 1737 dixit
3162 1678 3317 1741 illis:
3344 1680 3534 1742 Amen
3567 1682 3697 1743 dico

2050 1764 2236 1841 vobis,
2270 1767 2426 1845 quod
2464 1785 2557 1825 vos
2591 1767 2689 1846 qui
2725 1768 2913 1827 secuti
2945 1770 3085 1827 estis
3127 1787 3243 1833 me.
3281 1769 3339 1829 in
3374 1789 3696 1849 regenera-

2052 1858 2213 1916 tione
2246 1875 2423 1936 quum
2456 1856 2681 1917 sederit
2711 1855 2891 1917 Filius
2923 1857 3182 1920 hominis
3214 1859 3273 1919 in
3307 1861 3450 1921 sede
3497 1862 3701 1940 gloria

2047 1963 2192 2019 sure,
2215 1945 2502 2009 sedebitis
2534 1954 2592 2005 et
2622 1965 2721 2006 vos
2754 1964 2933 2025 super
2965 1946 3280 2009 duodecim
3314 1950 3699 2030 sedes,judi-

2050 2052 2253 2095 cantes
2287 2036 2601 2096 duodecim
2640 2034 2828 2096 tribus
2857 2034 3060 2096 Israel.
3103 2058 3129 2093 ιδ
3168 2034 3319 2097 Num
3353 2039 3701 2103 sedebunt‘?

2045 2124 2309 2203 Minime,
2344 2125 2447 2186 sed
2482 2124 2874 2185 excellentem
2908 2126 3201 2186 honorem
3239 2146 3343 2206 per
3372 2130 3574 2190 sedem
3598 2130 3696 2190 in-

2044 2213 2277 2273 dicavit.
2310 2211 2460 2273 Num
2517 2220 2574 2274 et
2616 2212 2795 2275 Judas
2829 2214 3104 2277 sedebit?
3135 2214 3263 2277 Non
3302 2238 3314 2277 :
3350 2217 3494 2280 dicit
3523 2219 3685 2281 enim

2044 2300 2154 2373 Qui
2215 2302 2401 2363 secuti
2447 2321 2539 2363 me
2592 2302 2834 2376 fuerint,
2887 2304 2999 2364 hoc
3063 2313 3176 2381 est,
3238 2308 3335 2387 qui
3395 2326 3583 2388 usque
3612 2308 3686 2370 ad

2045 2394 2247 2470 ﬁnem,
2294 2392 2393 2451 ille
2437 2399 2634 2451 autem
2670 2411 2787 2452 non
2840 2411 3026 2472 usque
3083 2395 3155 2455 ad
3206 2397 3407 2460 finem.
3446 2400 3550 2460 Vel
3584 2398 3688 2459 ali-

2048 2494 2187 2542 ter:
2226 2481 2389 2559 Saepe
2438 2482 2594 2543 Deus
2653 2482 2964 2562 pollicetur
3007 2483 3159 2545 bona
3216 2488 3566 2566 quibusdam
3603 2488 3690 2548 di-

2046 2571 2176 2650 gnis
2215 2589 2229 2633 :
2274 2570 2511 2650 quando
2559 2580 2753 2631 autem
2807 2572 3155 2649 exciderint,
3192 2587 3246 2636 et
3299 2578 3521 2657 indigni
3553 2577 3685 2638 fue-

305 2666 403 2732 ξιοι
460 2667 745 2745 γένωνται,
793 2664 1102 2744 ἀφαιρεῖται
1147 2663 1299 2725 αὑτά,
1358 2654 1585 2736 εΟμοίως
1646 2662 1699 2719 δὲ
1757 2666 1843 2720 καὶ
1871 2662 1956 2719 ἐπὶ

2058 2663 2159 2720 -int
2217 2660 2396 2738 facti,
2448 2660 2638 2719 aufert
2696 2678 2785 2720 ea.
2851 2658 3135 2723 Similiter
3192 2666 3324 2727 facii
3388 2654 3448 2729 id
3508 2686 3687 2750 aspe-

305 2759 414 2812 τῶν
467 2755 937 2834 σκυθρωποτέρων,
997 2752 1257 2817 πολλάκις
1301 2751 1517 2809 ἀπειλεῖ
1565 2755 1655 2809 καὶ
1703 2754 1798 2809 οὔκ
1824 2753 1958 2809 ἐπά-

2058 2752 2127 2811 τίε
2161 2768 2173 2811 :
2211 2768 2366 2830 saepe
2404 2750 2659 2810 minatur
2695 2759 2753 2809 et
2808 2769 2920 2811 non
2954 2752 3205 2830 inducit,
3241 2759 3544 2819 conversis
3576 2777 3685 2818 no-

311 2866 417 2923 γει,
470 2842 905 2920 μεταϐληθέντων
983 2845 1162 2919 ἡμῶν,
1248 2841 1661 2920 Παλιγγενεσίαν
1733 2842 1785 2899 δὲ
1858 2843 1956 2909 τὴν

316 2936 603 2991 ἀνάστασιν
633 2934 738 2989 νόει
748 2978 764 2995 ,

2046 2841 2281 2903 bis.Per
2304 2840 2817 2917 regenerationem
2843 2850 3037 2902 autem
3068 2848 3569 2909 resurrectionem
3592 2848 3691 2908 in—

2047 2931 2269 3005 tellige.

409 3046 432 3079 σ
471 3024 568 3081 Καὶ
623 3028 723 3085 πᾶς
782 3024 837 3088 ὃς
906 3022 1081 3101 ἀφῆκε
1144 3024 1334 3098 οἰκίας,
1395 3023 1432 3091 ἢ
1462 3022 1713 3104 ἀδελφοὺς
1749 3021 1966 3091 ἣάδελ-

2132 3017 2310 3080 νεηε.
2346 3018 2444 3081 29.
2489 3047 2509 3075 ι
2542 3016 2609 3077 Ει
2640 3018 2833 3077 omnis
2862 3019 2961 3098 qui
2992 3020 3300 3101 teliquerit
3339 3026 3569 3100 domos,
3596 3034 3697 3086 aut.

316 3113 441 3192 φὰς,
504 3112 539 3179 ἢ
598 3111 792 3191 πατέρα
845 3113 881 3180 ἢ
943 3110 1169 3189 μητέρα,
1227 3112 1263 3180 ἢ
1335 3127 1563 3192 γυναῖκα
1626 3112 1661 3181 ἢ
1708 3114 1886 3170 τέκνα.
1932 3113 1970 3180 ἢ

311 3202 532 3281 ἀγροὺς,
592 3201 767 3259 ἕνεκεν
843 3209 936 3259 τού
1020 3204 1278 3277 ὀνόματός
1378 3224 1504 3282 μου,
1566 3204 1969 3259 ἑκατονταπλα-

313 3293 459 3349 σίονα
516 3290 774 3367 λήψεται,
847 3293 937 3348 καὶ
992 3293 1136 3364 ζωὴν
1214 3293 1425 3349 αἰώνιον
1482 3291 1902 3372 κληρονομήσει,
1942 3312 1965 3348 I

316 3372 447 3441 "Iv:
478 3384 557 3457 μή
588 3405 669 3446 τις
701 3379 946 3458 ὑπολάϐῃ
976 3384 1062 3438 ἒπὶ
1096 3383 1273 3457 μόνων
1321 3389 1427 3439 τῶν
1491 3386 1743 3457 μαθητῶν
1800 3381 1973 3460 ἁρμό-

312 3480 420 3543 ζειν
467 3474 530 3529 τὸ
614 3472 920 3551 εἰρημένον,
1006 3471 1265 3529 ἐπλάτυνε
1341 3473 1442 3539 τὴν
1509 3474 1802 3552 ὑπόσχεσιν
1890 3471 1977 3528 ἐπὶ

313 3564 516 3626 πάντας
573 3564 697 3626 τοὺς
754 3569 1039 3627 ποιοῦντας
1092 3563 1157 3619 τὰ
1212 3562 1403 3638 ὅμοια.
1441 3552 1662 3627 ”Εξο·›σι
1707 3563 1830 3642 γὰρ,
1862 3561 1975 3617 ἀντὶ

316 3657 413 3727 μὲν
496 3673 602 3708 των
688 3652 826 3709 κατὰ
911 3652 1077 3731 σάρκα
1135 3654 1424 3731 συγγενῶν,
1498 3653 1595 3720 τὴν
1655 3654 1787 3729 πρὸς
1849 3654 1977 3708 Θεὸν

314 3741 618 3809 οἰκειότητα
670 3742 759 3798 καὶ
820 3740 920 3810 τὴν
971 3740 1303 3824 ἀδελφότητα
1340 3759 1355 3775 ⁸
1412 3743 1527 3799 ἀντὶ
1556 3741 1610 3798 δὲ
1643 3748 1747 3798 τῶν
1776 3742 1972 3821 ἀγρῶν,

313 3832 405 3886 τὸν
462 3829 806 3909 παράδεισον,
852 3832 941 3887 καὶ
996 3832 1110 3887 ἀντὶ
1154 3839 1260 3888 τῶν
1313 3832 1374 3889 ἐκ
1435 3831 1592 3888 λίθων
1643 3831 1836 3912 οἴκων,
1882 3834 1978 3901 τὴν

317 3917 429 3975 ἄνω
488 3911 838 4000 Ἰερουσαλήμ
874 3941 888 3957 ·
949 3921 1065 3980 ἀντὶ
1135 3924 1366 4002 μητρὸς,
1431 3924 1525 3985 τὰς
1570 3926 1627 3979 ἒν
1687 3911 1981 3995 Ἐκκλησία

317 4008 667 4089 πρεσϐύτιδας
698 4026 713 4042 ⁸
763 4012 880 4068 ἀντὶ
938 4014 1164 4092 πατρὸς,
1227 4015 1349 4077 τοὺς
1408 4010 1810 4092 πρεσϐυτέρους·
1868 4012 1982 4070 ἀντὶ

316 4102 591 4182 γυναικὸς,
644 4102 818 4166 πάσας
874 4103 968 4166 τὰς
1046 4103 1237 4165 πιστάς
1317 4116 1602 4182 γυναῖκας,
1679 4108 1739 4162 ού
1796 4103 1979 4181 γάμῳ,

317 4190 493 4270 ἄπαγε
526 4208 543 4225 ⁶
588 4190 727 4247 ἀλλά
776 4190 1003 4249 διαθέσει
1091 4194 1180 4248 καὶ
1255 4192 1441 4273 σχέσει
1500 4200 1836 4269 πνευματικῇ
1895 4195 1984 4250 καὶ

313 4286 386 4357 τῇ
457 4284 587 4360 πρὸς
647 4282 806 4347 αύτάς
866 4281 1223 4361 φιλανθρώπῳ
1282 4281 1593 4358 κηδεμονίᾳ.
1657 4283 1729 4341 Οὑ
1782 4282 1984 4340 κελεύει

317 4368 373 4427 δὲ
428 4373 457 4428 6
531 4372 741 4451 Κύριος,
804 4373 1120 4453 χωρίζεσθαι
1180 4370 1364 4437 ἀπλῶς
1417 4372 1524 4429 ἀπὸ
1584 4373 1691 4430 τῶν
1751 4374 1982 4452 οἰκείων,

2056 3108 2287 3186 fratres,
2314 3116 2409 3167 aut
2458 3123 2714 3180 sorores,
2741 3114 2838 3165 aut
2878 3124 3133 3186 patrem,
3161 3121 3262 3171 aut
3290 3124 3560 3186 matrem,
3596 3122 3698 3175 aut

2054 3197 2619 3274 uxorem,aulfilios,
2644 3205 2743 3255 aut
2762 3214 2936 3272 agros
2957 3210 3198 3278 propter
3225 3221 3439 3264 nomen
3471 3224 3665 3265 meum
3685 3254 3699 3277 ,

2065 3288 2195 3347 104
2221 3287 2496 3366 centupla
2521 3284 2862 3365 accipiet,et
2881 3286 3009 3347 vitae
3029 3298 3266 3350 aeterna:
3288 3291 3691 3354 haereditatem

2057 3378 2395 3439 sortietur.»
2435 3374 2519 3436 Ne
2550 3376 2682 3456 quis
2717 3375 3076 3448 susnicetur,
3107 3381 3261 3458 quod
3310 3382 3529 3442 dictum
3583 3392 3693 3459 est,

2057 3468 2198 3529 solis
2226 3484 2555 3543 congruere
2587 3465 3127 3545 discipulis,dilatat
3152 3471 3605 3549 promissionem
3631 3473 3703 3534 ad

2063 3577 2271 3620 omnes
2329 3558 2426 3637 qui
2491 3556 2709 3616 similia
2767 3556 3005 3618 faciunt.
3040 3560 3354 3623 Habebunt
3387 3564 3542 3623 enim
3597 3582 3701 3643 pro

2063 3647 2400 3711 carnalibus
2458 3647 2721 3725 cognatis
2774 3646 3225 3712 familiaritatem
3261 3660 3318 3713 et
3360 3652 3705 3714 fraternita-

2064 3748 2179 3800 tem
2217 3758 2348 3800 cum
2402 3736 2547 3811 Deo,
2586 3755 2692 3816 pro
2738 3737 2894 3815 agris
2950 3741 3306 3817 paradisum,
3336 3751 3393 3804 et
3415 3762 3520 3823 pro
3555 3744 3706 3822 lapi-

2064 3830 2191 3890 deis
2239 3828 2465 3889 zedibus
2516 3845 2835 3906 supernam
2895 3826 3290 3912 Hierusalem,
3351 3851 3457 3913 pro
3519 3845 3709 3895 matre

2064 3937 2212 3980 anus
2249 3937 2378 3999 qua:
2400 3925 2537 3978 sunt
2564 3917 2623 3977 in
2657 3918 2945 3997 Ecclesia,
2978 3938 3081 3997 pro
3116 3931 3276 4000 patre
3308 3922 3707 4003 presbyteros,

2069 4029 2172 4090 pro
2207 4027 2389 4070 uxore
2422 4026 2633 4069 omnes
2668 4007 2875 4069 ﬁdeles
2901 4009 3185 4071 mulieres
3217 4033 3229 4069 :
3266 4031 3404 4073 num
3440 4011 3711 4092 nuptiis?

2066 4099 2354 4179 absit,sed
2395 4097 2687 4177 spirituali
2735 4098 3070 4173 affectione,
3106 4112 3165 4162 et
3199 4102 3555 4164 misericode
3580 4121 3718 4181 erga

2069 4209 2132 4250 se
2163 4190 2463 4250 cura.Non
2491 4186 2661 4266 jubet
2682 4187 3167 4250 autem‘Christus
3190 4192 3456 4271 separari
3491 4193 3716 4271 simpli-

2070 4280 2218 4340 citer
2239 4278 2702 4357 afamiliaribus,
2733 4278 2833 4338 sed
2856 4278 3091 4359 quando
3124 4280 3197 4340 ad
3230 4282 3511 4360 pietatem
3544 4282 3711 4342 obsi-

2069 4378 2231 4430 stunt
2263 4366 2539 4429 Sicetiam
2557 4385 2770 4446 corpus
2789 4367 3715 4447 etanimamjubetcontemnere,

315 4459 440 4517 ἀλλ’
498 4460 625 4519 ὅταν
686 4461 1006 4538 ἐμποδίζωσι
1066 4464 1196 4541 πρὸς
1279 4460 1569 4524 εύοέϐειαν.
1633 4453 1852 4542 υΩσπερ
1894 4464 1972 4519 καῖ

2068 4478 2184 4519 non
2206 4467 2263 4517 ut
2282 4456 2681 4537 quisseipsum
2702 4455 3119 4519 occidat.Vide
3133 4468 3327 4519 autem
3348 4461 3502 4540 quod
3526 4460 3716 4521 bonus

318 4555 506 4631 ψυχῆς
563 4551 653 4607 καὶ
719 4551 970 4627 σώματος
1030 4550 1238 4608 κελεύει
1283 4566 1662 4633 καταφρονεῖν,
1719 4552 1825 4633 οὐχ
1868 4552 1979 4609 ὥσ-

316 4630 405 4695 τε
436 4639 804 4697 ἀποκτιννύειν
862 4641 1103 4705 ἑαυτούς.
1171 4630 1319 4719 ιὈρα
1364 4639 1417 4697 δὲ
1475 4641 1557 4697 ὅτι
1586 4643 1781 4721 ἀγαθὸς
1825 4644 1900 4700 ὢν
1959 4644 1987 4699 6

320 4730 480 4809 Θεὸς,
539 4732 599 4788 οὒ
643 4729 781 4806 μόνα
810 4731 980 4786 ταῦτα
1024 4728 1258 4812 δίδωσιν,
1320 4730 1458 4788 ἀλλὰ
1503 4732 1588 4788 καὶ
1633 4733 1776 4803 ζωὴν
1812 4754 1984 4812 προσ-

320 4818 527 4886 τίθησιν
569 4819 785 4876 αἰώνιον
846 4818 970 4899 (26)
1004 4839 1018 4853 ⁶
1067 4819 1363 4879 σπούδασον
1406 4821 1494 4879 οὗν
1537 4825 1626 4879 καὶ
1681 4822 1743 4878 σὺ
1789 4820 1986 4890 πωλῆ-

1406 4990 1494 5055 Ex
1522 4989 1842 5055 collatione
1870 4992 2043 5056 codd.

407 5148 519 5237 1:26
730 5150 998 5237 32_addit
1032 5170 1048 5217 :
1101 5150 1323 5237 Ἐπειδὴ
1381 5155 1471 5237 καὶ
1513 5156 1541 5210 6
1572 5155 1783 5237 Μάρκος
1813 5154 1983 5237 λέγει,

324 5231 778 5290 Πολλαπλασίονα
821 5232 1088 5309 λήψονται
1134 5234 1188 5291 ἐν
1246 5241 1323 5309 τῷ
1372 5236 1520 5291 αἰῶνι
1549 5231 1743 5309 τούτῳ,
1773 5231 1988 5294 λεκτέον

320 5316 446 5394 περὶ
486 5319 596 5370 τῶν
632 5323 1025 5396 ,πνευματικῶν
1077 5316 1451 5396 χαρισμάτων,
1487 5314 1622 5372 πολὺ
1665 5318 1732 5373 τὰ
1780 5316 1987 5396 ἐπίγεια

320 5394 805 5497 παρατρεχόντων,
862 5396 997 5477 ἅπερ
1084 5394 1217 5454 εἰσὶν
1296 5395 1593 5497 ἀέῥαϐὦνὲς
1666 5419 1807 5463 τινες
1879 5394 1987 5456 τῶν

434 5476 454 5497 π
485 5477 496 5497 ,
788 5478 856 5497 η-
1001 5476 1025 5493 ο.
1223 5480 1236 5497 .
1602 5477 1617 5497 τ
1822 5480 1834 5497 ,

328 5476 641 5548 μελλόντων
682 5476 915 5555 ἀγαθῶν,
972 5476 1124 5556 ὅπερ
1154 5557 1165 5559 Α
1194 5480 1240 5534 οἱ
1300 5476 1539 5559 ,ἔχοντες
1600 5477 1655 5534 ἰν
1711 5480 1986 5558 μεγίσταις

329 5559 425 5616 εἰσὶ
469 5572 659 5634 τιμαῖς
688 5579 704 5595 ο
770 5557 1237 5660 πάντωνθσχεδὸν
1281 5557 1569 5628 ἀνθρώπων
1611 5560 1981 5660 πρσστρεχόν-

339 5659 356 5660 ,7
526 5652 553 5660 ..-
624 5641 638 5659 Ψ
692 5640 704 5660 Ι
844 5639 870 5660 (Ι
1167 5641 1180 5660 ἱ
1233 5646 1258 5657 ευ
1363 5639 1391 5651 θ
1458 5643 1484 5660 Λ
1524 5646 1531 5660 γ
1752 5640 1771 5660 ‘
1834 5643 1844 5660 Ι

329 5659 435 5694 των
463 5652 581 5703 τοῖς
613 5640 810 5718 ἁγίοις,
844 5639 935 5695 ’ίνα
992 5637 1298 5718 δι”αύτῶν
1331 5639 1426 5707 τῆς
1457 5643 1599 5704 θείας
1644 5637 1984 5698 ἀπολαύσωσι

332 5720 572 5800 χάριτος.
611 5717 712 5779 καὶ
746 5721 808 5775 σὺ
842 5720 956 5793 οὗν,
1012 5717 1307 5778 σπούδασον
1366 5717 1642 5797 πωλῆσαι,
1674 5724 1761 5777 καὶ
1814 5744 1865 5785 τ,
1928 5721 1985 5783 λ.

2070 4549 2228 4610 Deus
2250 4566 2363 4607 non
2388 4547 2582 4607 solum
2609 4545 2736 4607 htBC
2754 4546 2981 4619 dat,sed
3001 4556 3058 4608 et
3080 4548 3253 4608 vitam
3278 4550 3520 4629 apponit
3539 4560 3715 4612 aeter-

2072 4658 2232 4703 nam.
2258 4635 2412 4699 Cura
2432 4636 2607 4714 igitur
2631 4646 2693 4696 ut
2712 4646 2769 4697 et
2792 4646 2847 4698 tu
2872 4639 3090 4699 vendas
3120 4639 3428 4700 facultates
3467 4648 3620 4710 tuas,
3658 4649 3717 4701 et

2071 4731 2177 4792 des
2195 4725 2913 4809 pauperibus.l‘acultates
2934 4738 3129 4789 autem
3155 4730 3612 4808 sunt,iracundo
3635 4732 3720 4790 fu-

2073 4838 2197 4894 ror,
2214 4816 2485 4879 adultero
2507 4815 2883 4878 adulterandi
2906 4818 3219 4900 cupiditas,
3252 4819 3524 4881 vindictae
3548 4820 3718 4882 avido

2102 4988 2310 5052 Venet.
2347 4988 2408 5050 S.
2445 4989 2649 5051 Marci.

2078 5176 2101 5236 ιι
2137 5148 2629 5236 Quandoquidem
2666 5160 2722 5211 et
2753 5151 2987 5212 Marcus
3033 5151 3152 5236 ait,
3175 5172 3277 5215 eos
3328 5154 3511 5217 multo
3557 5156 3726 5236 plura

2070 5235 2155 5315 in,
2187 5232 2405 5315 saeculo
2456 5231 2566 5315 isto
2619 5238 2997 5315 recepturos;
3030 5234 3088 5293 id
3138 5231 3589 5315 intelligendum
3649 5238 3725 5299 de

2071 5312 2481 5395 spiritualibus
2503 5312 2839 5395 donis,quae
2869 5322 3102 5374 terrena
3126 5312 3377 5377 multum
3403 5319 3719 5379 excedunt:

2071 5394 2332 5477 quinque
2362 5402 2498 5477 sunt
2526 5395 2696 5477 velut
2727 5394 2973 5477 pignora
3003 5397 3338 5477 futurorum
3375 5398 3668 5459 bonorum
3709 5421 3723 5460 :

2071 5474 2324 5557 quaeqtii
2352 5474 2672 5553 recipiunt,
2708 5474 2768 5535 iu
2801 5475 3058 5557 maxime
3109 5476 3336 5539 honore
3366 5490 3505 5539 sunt
3538 5501 3550 5538 :
3588 5498 3724 5540 nam

2072 5555 2430 5641 cunctifere
2464 5557 2742 5641 homines
2772 5555 2842 5617 ad
2869 5568 3104 5617 sanctos
3137 5562 3503 5641 confugiunt,
3538 5569 3597 5621 ut
3620 5580 3725 5640 per

2067 5639 2231 5719 ipsos
2260 5636 2517 5720 divinam
2546 5638 2790 5717 gratiam
2824 5650 3284 5719 consequantur.
3312 5636 3474 5702 Cura
3490 5636 3708 5720 igitur,

2070 5717 2141 5780 ιὶε
2162 5725 2221 5781 ει
2249 5725 2315 5779 tu
2341 5717 2594 5793 vendas,
2634 5738 2664 5778 ι
2701 5726 2817 5781 etc.
