4204 6414
306 311 419 375 361
976 315 1416 383 ENARRATIO
1454 319 1537 383 IN
1582 318 2094 397 EVANGELIUM
2136 321 2533 415 Murum.
2582 355 2656 367 —
2701 326 2864 419 CAP.
2913 326 3045 389 xx.

294 448 399 513 τὴν
443 446 745 544 ,ἑνδεκάτην
797 450 962 528 ὥραν,
1018 448 1208 509 ἔλαϐον
1270 452 1368 508 ἀνὰ
1422 450 1690 544 δηνάριον..
1729 450 1967 544 ,Ἐλθόν-

2056 452 2344 518 decimam
2378 455 2584 519 horam
2600 462 3700 544 venerant,acceperuntsingulidena-

295 558 387 601 τες
438 534 493 592 δὲ
541 540 589 594 οἱ
645 542 849 605 πρῶτοι
924 538 1174 615 ἐνόμισαν
1260 540 1338 597 ὅτι
1368 540 1614 598 ’πλείονα
1668 540 1954 619 λήψονται.

2056 544 2551 635 'ium.Venientes
2573 555 2768 609 autem
2787 556 2849 609 et
2868 534 3075 628 primi;
3080 550 3345 613 arbitrati
3373 534 3515 616 sunt
3536 554 3695 635 quod

303 628 404 683 Καὶ
459 624 650 683 ἔλαϐον
708 629 794 683 καὶ
854 629 1001 684 αὐτοὶ
1070 628 1169 684 ἀνὰ
1227 626 1472 703 δηνάριον
1500 646 1512 659 ·
1570 629 1851 695 λαϐόντες’
1878 630 1957 711 δὲ,

2056 633 2176 725 plus
2208 643 2412 696 essent
2461 639 2789 725 accepturi,
2832 624 2889 699 et
2915 650 3278 720 acceperunt
3311 624 3695 725 ipsi‘qudqne

295 716 583 794 ὲγόγγυζον
679 716 816 772 κατὰ
891 718 986 773 τοῦ
1051 716 1443 799 οἰκοδεσπότου,
1523 718 1793 800 λέγοντες,
1878 720 1958 776 ὅτι

2056 723 2257 801 singuli
2293 716 2628 787 denarium.
2666 729 2733 788 Et
2763 716 2895 788 cum
2928 716 3689 809 accepissent,—mut"mnra-

302 805 461 862 Οὗτοι
492 806 539 860 oi
586 804 811 885 ἔσχατοι
840 806 965 881 μίαν
1008 805 1148 884 ὥραν
1192 806 1471 881 ἐποίησαν,
1517 810 1604 865 καὶ
1647 807 1796 873 ἴσως
1824 810 1960 884 ὴμτν

299 893 488 959 αὐτοὺς
584 896 845 962 ὶποίησας
914 908 1034 958 τοῖς
1109 897 1402 972 βαστάσασι
1490 899 1550 953 τὸ
1631 898 1793 975 βάρος
1860 899 1960 966 τῆς

300 984 509 1059 ἡμέρας
552 987 643 1041 καὶ
685 986 779 1041 τὸν
836 985 1139 1061 καύσωνας
1191 976 1248 1043 Ὀ
1305 983 1360 1041 δὲ
1423 986 1720 1064 ἀποκριθεὶς
1804 988 1961 1045 εἶπεν

307 1074 385 1129 ἑνὶ
428 1074 597 1131 αὒτῶν
631 1093 649 1111 ο
699 1064 936 1153 Ἐταῖρε,
969 1073 1064 1130 οὒκ
1092 1072 1257 1130 ἁδικῶ
1299 1097 1380 1137 σε,
1417 1075 1554 1154 Οὗχὶ
1574 1074 1818 1153 δηναρίου
1846 1099 1965 1133 συν-

310 1162 585 1241 εῳώνησάς
644 1186 733 1238 μοι
771 1181 787 1237 ;
862 1163 987 1241 ἆρον
1030 1164 1091 1219 τὸ
1135 1165 1249 1233 σὸν,
1297 1167 1385 1221 καὶ
1427 1163 1621 1243 ὕπαγε.
1699 1164 1850 1223 Θέλω
1906 1165 1962 1222 δὲ

311 1252 483 1319 τούτῳ
530 1256 606 1327 τῷ
647 1253 866 1333 ἐσχάτῳ
910 1251 1084 1309 δοῦναι
1128 1254 1203 1317 ὡς
1244 1254 1331 1309 καὶ
1377 1254 1507 1311 σοί·
1566 1254 1603 1322 ἢ
1648 1256 1741 1311 οὔκ
1797 1252 1963 1319 ἔξεστί

312 1364 407 1417 μοι
466 1344 683 1411 ποιῆσαι
744 1342 775 1398 θ
833 1342 972 1400 θέλω
1014 1343 1068 1399 ἐν
1120 1357 1240 1408 τοῖς
1298 1343 1507 1420 ἐμοῖς;
1554 1346 1656 1402 είό
1695 1345 1963 1425 ὀφθαλμός

308 1454 403 1488 σου
459 1433 687 1511 πονηρός
754 1435 920 1503 ἔστιν,
994 1430 1075 1487 ὅτι
1147 1432 1255 1510 ἐγὼ
1316 1433 1511 1512 ἁγαθός
1565 1435 1719 1510 είμί;
1783 1434 1961 1497 Οὕτως

304 1520 517 1577 ἔσονται
574 1523 619 1577 0’.
671 1521 895 1600 ἔσχατοι
956 1525 1180 1598 πρῶτοι,
1232 1522 1319 1577 καὶ
1377 1523 1425 1578 0i.
1468 1523 1668 1600 πρῶτοι
1712 1520 1959 1601 ἔσχατοι.

307 1608 504 1665 Πολλοὶ
562 1611 662 1689 γάρ
705 1612 805 1666 είσι
854 1608 1070 1683 κλητοι,
1130 1609 1301 1689 ὀλίγοι
1342 1607 1397 1665 δὲ
1447 1610 1673 1674 ὲλεκτοί,
1726 1635 1753 1666 π
1803 1608 1964 1686 Ὀψία

302 1700 339 1767 ἡ
389 1698 657 1755 συντέλεια
690 1715 704 1729 ⁸
763 1699 818 1755 ἐν
860 1706 985 1777 γοῦν
1027 1705 1097 1775 τῇ
1139 1698 1409 1755 συντελεία
1464 1698 1790 1775 λαμϐάνουσι
1821 1701 1962 1761 πάν-

2045 810 2484 875 bantadversus
2515 814 3028 896 patremfamilias,
3061 817 3368 882 dicentes:
3394 819 3471 882 Hi
3495 822 3692 883 novis-

2044 899 2177 961 simi
2209 920 2384 986 unam
2416 902 2625 963 horam
2657 903 2892 966 fuerunt
2921 905 2981 966 in
3016 924 3223 986 opere,
3264 916 3322 969 et
3346 908 3483 970 illos
3516 927 3691 991 pares

2045 989 2216 1050 nobis
2241 990 2560 1073 fecisti,qui
2585 994 2946 1070 portavimus
2971 995 3201 1075 pondus
3232 996 3350 1057 diei
3369 1005 3429 1059 et
3453 989 3683 1062 malum!

2047 1081 2118 1139 At
2166 1078 2267 1142 ille
2318 1081 2690 1159 respondens
2730 1083 2832 1143 uni
2873 1100 3103 1158 eorum,
3136 1083 3219 1145 ait
3252 1106 3265 1147 :
3301 1086 3531 1163 Amice,
3564 1106 3690 1150 non

2046 1167 2237 1229 afﬁcio
2259 1175 2315 1229 te
2344 1168 2802 1249 injuria.Nonne
2828 1170 3074 1233 denario
3100 1182 3303 1253 pactus
3330 1193 3398 1237 es
3424 1178 3693 1239 mecum?-

2050 1255 2211 1318 I‘olle
2232 1258 2390 1338 quod
2424 1266 2584 1319 tuum
2618 1268 2728 1333 est,
2759 1268 2819 1321 et
2847 1259 2965 1321 abi.
3000 1259 3149 1322 Volo
3176 1270 3376 1323 autem
3409 1265 3546 1327 huic
3574 1284 3690 1328 no-

2046 1346 2285 1436 vissimo
2308 1346 2448 1408 dare
2501 1348 2653 1408 sicut
2683 1360 2743 1409 et
2766 1348 2895 1410 tibi.
2927 1349 3143 1413 Annon
3176 1350 3316 1414 licet
3351 1352 3501 1414 mihi
3530 1355 3691 1436 quod

2051 1435 2181 1496 volo
2211 1434 2403 1496 facere
2436 1436 2494 1496 in
2525 1436 2707 1498 rebus
2740 1439 2921 1503 meis?
2951 1457 3027 1500 an
3068 1439 3278 1501 oculus
3333 1447 3470 1503 tuus
3499 1434 3693 1506 malui

2046 1532 2154 1599 est,
2192 1524 2344 1603 quod
2413 1542 2520 1603 ego
2571 1524 2762 1587 bonus
2809 1526 2957 1588 sim?
3011 1529 3110 1591 Sic
3164 1528 3473 1592 novissimi
3514 1540 3695 1595 erunt

2045 1613 2309 1692 primi,et
2339 1613 2509 1693 primi
2546 1616 2851 1677 novissimi
2882 1638 2895 1679 :
2930 1617 3280 1679 multienim
3308 1629 3452 1681 sunt
3475 1622 3691 1705 vocati,

2047 1703 2215 1780 pauci
2246 1710 2442 1763 autem
2478 1703 2677 1766 electi.
2704 1726 2733 1765 ›
2768 1704 3095 1787 Vesperum
3121 1714 3209 1768 est
3229 1703 3689 1777 consummatio:

306 1812 397 1855 τες
443 1790 540 1848 ave
596 1790 867 1871 δηνάριον,
912 1791 940 1847 8
1000 1791 1140 1848 ἐστιν
1198 1793 1233 1859 ἡ
1306 1798 1399 1848 τοῦ
1457 1794 1605 1869 ἁγίου
1659 1794 1959 1868 Πνεύματος

2056 1792 2104 1851 in
2136 1791 2255 1853 ﬁne
2282 1801 2479 1854 autem
2530 1792 2648 1854 diei
2698 1804 2762 1856 et
2817 1795 3331 1857 consummatione
3386 1798 3696 1879 accipiunt

307 1882 495 1961 χάρις,
557 1881 931 1959 ἀναμορφοῦσα
981 1881 1073 1936 τὸν
1142 1878 1410 1957 ἄνθρωπον
1462 1881 1536 1943 εἰς
1588 1883 1649 1937 τὸ
1704 1880 1823 1939 κατ’
1881 1882 1961 1936 εἰ-

2056 1898 2256 1943 omnes
2280 1899 2455 1942 suum
2487 1880 2941 1964 denarium,q'ul'
2957 1893 3048 1945 est
3077 1883 3335 1964 Spiritus
3348 1886 3538 1948 sancti
3560 1906 3693 1966 gra-

307 1971 467 2043 κόνα,
511 1972 600 2027 καὶ
661 1972 885 2026 ποιοῦσα
925 1971 1065 2031 θείας
1109 1970 1313 2049 φύσεως
1354 1970 1635 2034 κοινωνόν,
1696 1969 1864 2027 Πλὲον
1908 1968 1963 2025 δὲ

2056 1970 2145 2048 tia,
2183 1970 2606 2032 transformans
2639 1971 2943 2034 hominem
2976 1973 3047 2034 ad
3083 1990 3256 2033 suum
3287 1977 3692 2056 πατριδι-,σι

310 2059 599 2116 ἐκοπίασαν
645 2060 693 2116 οἱ
737 2060 839 2138 πρὸ
888 2059 987 2126 τῆς
1066 2064 1157 2114 τοῦ
1216 2065 1443 2137 Χριστοῦ
1496 2058 1803 2135 ἐπιδημίας,
1844 2057 1961 2115 καθ’

2056 2058 2268 2119 iaciens
2290 2059 2503 2120 divinae
2545 2069 2770 2123 natura;
2796 2064 3166 2142 participem.
3199 2061 3339 2124 Plus
3367 2072 3565 2126 autem
3597 2066 3687 2127 la-

309 2152 339 2205 ὃ
384 2148 531 2206 οἷίπω
584 2149 650 2216 ἦν
690 2160 813 2205 τότε
847 2150 875 2204 6
916 2148 1143 2209 θάνατος
1197 2146 1391 2226 λυθεὶς,
1453 2146 1569 2205 οὒδέ
1627 2151 1655 2205 6
1711 2146 1960 2212 διάϐολος

2056 2146 2404 2208 boraverunt
2434 2149 2533 2229 qui
2564 2160 2698 2211 ante
2724 2150 2942 2213 Christi
2974 2151 3297 2212 adventum
3327 2151 3594 2229 fuerunt,
3621 2172 3694 2217 eo

311 2235 613 2317 συνετρίϐη,
655 2236 775 2293 ἀλλ’
816 2236 890 2293 ἔτι
922 2236 1014 2308 ἔζη
1057 2238 1092 2304 ἡ
1138 2236 1368 2315 ἁμαρτία
1401 2254 1416 2270 ⁸
1463 2239 1627 2311 ἡμεῖς
1671 2234 1726 2293 δὲ
1784 2237 1965 2317 χάριτι

2056 2236 2203 2315 quod
2235 2245 2371 2298 tunc
2401 2240 2659 2299 nondum
2690 2251 2820 2300 erat
2844 2257 3002 2300 mors
3027 2240 3453 2321 soluta,neque
3473 2241 3690 2304 diabo-

310 2334 538 2406 Χριστοῦ
581 2324 665 2383 διὰ
729 2328 824 2382 τοῦ
883 2327 1245 2402 βαπτίσματος
1304 2322 1689 2400 δικαιωθέντες,
1750 2324 1965 2401 δύναμιν

2056 2325 2137 2385 lus
2168 2328 2474 2407 contritus,
2527 2328 2633 2389 sed
2681 2328 2878 2389 adhuc
2926 2327 3157 2390 vivebat
3207 2338 3538 2408 peccatum.
3573 2329 3693 2395 Nos

310 2412 655 2491 λαμϐάνομεν
732 2416 807 2478 είς
890 2415 953 2470 τὸ
1008 2418 1221 2480 νικῆσαι
1298 2415 1391 2469 τὸν
1449 2413 1730 2470 ἀντίπαλον
1782 2416 1961 2489 ἡμῶν,

2056 2423 2239 2474 autem
2264 2415 2449 2493 gratia
2470 2417 2692 2477 Christi
2725 2436 2832 2497 per
2862 2416 3221 2497 baptismum
3239 2418 3695 2497 justiticati,vir-

309 2503 415 2572 ἤδη
486 2501 887 2570 καταϐληθέντα
947 2503 1037 2559 καὶ
1106 2501 1468 2560 θανατωθέντα
1527 2504 1629 2559 ὑπὸ
1682 2512 1776 2561 τοῦ
1832 2509 1966 2580 Χρι-

2056 2510 2231 2563 tutem
2261 2504 2587 2585 accipimus
2634 2507 2706 2566 ad
2742 2506 3108 2567 vincendum
3138 2506 3543 2569 adversarimn
3575 2528 3691 2571 n0-

312 2616 440 2651 στου
474 2610 489 2625 ·
540 2592 680 2649 ἀλλὰ
736 2594 825 2648 καὶ
883 2592 1019 2648 κατὰ
1073 2591 1172 2659 τὴν
1241 2586 1499 2672 προτέραν
1555 2592 1858 2671 ἑρμηνείαν,
1919 2594 1965 2648 οἱ

2056 2593 2383 2672 strum,jam
2406 2594 2706 2672 dejectum
2732 2602 2789 2655 et
2817 2594 3080 2656 occisum
3103 2613 3137 2655 a
3161 2594 3418 2657 Christo.
3442 2594 3510 2657 Et
3523 2597 3694 2677 juxta

315 2684 559 2761 νεώτεροι
630 2682 1033 2759 πιστεύσαντες,
1117 2680 1337 2737 πλείονα
1414 2681 1653 2756 κάματον
1750 2679 1966 2760 ἔχουσιν

2056 2679 2305 2759 priorem
2336 2681 3028 2764 interpretationetn,qui
3052 2685 3308 2761 juvenes
3351 2685 3687 2769 credidere,

312 2774 445 2851 ὑπὲρ
486 2773 604 2835 τοὺς
635 2771 689 2828 ὲν
720 2772 861 2849 γήρᾳ
904 2768 1285 2848 προσελθόντας
1321 2786 1335 2800 ’
1370 2772 1398 2825 6
1431 2770 1529 2843 μὲν
1577 2770 1676 2849 γὰρ
1725 2770 1861 2843 νέος,
1906 2771 1968 2825 τὸ

2056 2769 2336 2848 majorem
2370 2770 2636 2832 laborem
2670 2772 3096 2852 habent,quam
3114 2772 3175 2832 hi
3204 2772 3305 2852 qui
3336 2772 3398 2834 in
3428 2768 3695 2837 senectu-

317 2863 478 2939 βάρος
532 2870 627 2919 τοῦ
681 2864 846 2934 θ’)μοῦ
902 2861 990 2915 καὶ
1058 2860 1149 2915 τὸν
1224 2866 1471 2915 καὺσωνα
1542 2864 1639 2926 τῆς
1695 2858 1968 2933 ἐπιθυμίας

2056 2865 2106 2918 te
2133 2859 2202 2918 ad
2223 2859 2400 2919 fidem
2423 2868 2824 2922 accesserunt.
2853 2860 3221 2922 Adolescens
3262 2862 3421 2921 enim
3458 2864 3693 2942 pondus

320 2950 601 3027 βαστάζει,
661 2946 907 3023 πολεμῶν
946 2959 1067 3010 τοῖς
1116 2947 1333 3004 πάθεσιν
1367 2962 1381 2976 ‘
1431 2950 1459 3003 6
1507 2945 1561 3003 δὲ
1601 2946 1768 3026 γέρων
1796 2947 1851 3003 ἐν
1876 2968 1968 3025 γα-

2056 2947 2153 3007 irae
2196 2955 2255 3008 et
2284 2956 2485 3008 aestum
2520 2948 3023 3027 consupiscentiaa
3063 2957 3515 3027 gestat,certaus
3548 2960 3693 3013 cum

327 3038 470 3114 λήνῃ
513 3039 732 3116 γίνεται.
791 3035 944 3093 Ἀλλ’
998 3034 1144 3111 ὅμως
1202 3036 1419 3125 πάντες,
1481 3042 1606 3111 μιᾶς
1636 3034 1834 3115 δωρεᾶς
1877 3035 3296 3125 τοῦςεσθοιιοηίὺυεδεηεπαυιθωξηιηιοουίιιο
3316 3047 3693 3103 estzattamen

324 3128 476 3205 ἁγίου
564 3127 857 3201 Πνεύματος
946 3124 1231 3191 ἀξιοῦνται.
1308 3122 1554 3181 Διδάσκει
1639 3127 1727 3181 οὖν
1823 3126 1967 3199 ἡμᾶς

2056 3142 2262 3185 omnes
2293 3143 2400 3184 nos
2432 3143 2610 3185 unum
2644 3129 2867 3187 donum
2900 3123 3154 3205 Spiritus
3200 3128 3383 3187 sancti
3420 3129 3694 3210 assequi-

317 3219 356 3286 ἡ
402 3213 705 3296 παραϐολὴ,
760 3215 841 3271 ὅτι
897 3214 997 3270 κᾶν
1054 3220 1131 3289 τῷ
1176 3215 1319 3292 γήρᾳ
1363 3212 1474 3270 ἔστι
1505 3220 1839 3293 μεταγνῶναι
1883 3213 1969 3271 καὶ

2056 3216 2400 3275 mur.Docet
2427 3212 2606 3292 igitur
2623 3231 2730 3273 nos
2754 3214 2885 3272 106
2897 3212 3360 3294 parabola,quod
3385 3216 3445 3277 in
3476 3235 3693 3279 senec-

316 3311 422 3372 τῆς
478 3304 747 3382 βασιλείας
805 3317 999 3384 τυχεῖν
1032 3319 1046 3333 ⁸
1104 3311 1259 3360 τοῦτο
1300 3304 1400 3382 γὰρ
1456 3305 1492 3372 ἡ
1552 3301 1803 3371 ἑνδεκάτη
1834 3304 1966 3383 ὥρα.

2056 3309 2178 3363 tute
2200 3302 2373 3362 etiam
2407 3302 2543 3363 licet
2572 3302 3018 3379 resipiscere,et
3035 3318 3282 3381 regnum
3301 3304 3697 3369 caelamina:-

318 3396 395 3454 Οὔ
436 3395 752 3476 φθονήσουσι
810 3392 862 3449 δὲ
926 3396 971 3449 0i
1027 3393 1169 3471 ἅγιοι
1224 3404 1344 3457 τοῖς
1401 3393 1467 3448 τὰ
1520 3390 1618 3449 ’ίσα
1673 3391 1969 3473 λαϐοῦσινς

2057 3391 2249 3469 sequi.
2281 3390 2418 3452 Haec
2450 3390 2608 3451 enim
2636 3391 2953 3451 undecima
2982 3391 3127 3451 hora
3157 3389 3425 3454 est.Num
3460 3394 3694 3457 invide-

318 3484 573 3565 ’¹Απαγε,
620 3482 757 3540 ἄλλα
799 3493 952 3541 τοῦτο
1021 3480 1276 3538 δείκνυται
1318 3481 1573 3556 ἐντεῦθεν,
1620 3481 1700 3538 ὅτι
1745 3489 1972 3539 τοσαῦτα

2058 3479 2205 3541 bnnt
2226 3480 2417 3540 sancti
2448 3480 2540 3540 his
2570 3480 2671 3559 qui
2703 3479 2867 3559 paria
2891 3479 3222 3559 accipiunt?
3253 3481 3564 3559 Absit,sed
3592 3503 3696 3545 os-

313 3575 407 3631 καὶ
464 3573 761 3641 τηλικαῦτά
804 3574 903 3628 εἶσι
958 3572 1024 3627 τὰ
1071 3569 1317 3646 διδόμενα
1364 3584 1483 3635 τοῖς
1528 3568 1747 3635 δικαίοις
1776 3571 1967 3652 ἀγαθὰ,

2059 3570 2247 3631 tendit
2276 3569 2373 3629 hic
2397 3568 2553 3647 quod
2589 3577 2744 3629 tanta
2772 3577 2830 3629 et
2861 3569 2999 3628 talia
3027 3576 3164 3628 sunt
3191 3567 3344 3630 bona
3372 3589 3505 3651 quas
3546 3573 3697 3635 dn-

316 3664 456 3720 ὥστε
486 3664 573 3718 καὶ
604 3663 792 3738 φθόνον
822 3664 1039 3727 κινῆσαι
1067 3657 1336 3722 δύνανται,

2056 3668 2150 3720 tur
2165 3659 2363 3738 justis,
2396 3667 2461 3717 ut
2483 3666 2540 3718 et
2565 3657 2847 3719 invidium
2880 3657 3138 3718 excitare
3170 3659 3425 3738 possint.

409 3771 438 3812 ι
483 3753 582 3810 Καὶ
619 3722 629 3742 ί
667 3722 965 3806 ἀναϐαίνων
1047 3750 1074 3805 6
1156 3745 1360 3815 Ἰησοῦς
1445 3749 1517 3812 εὶς
1605 3740 1967 3829 Ἰεροσόλυμα,

2136 3722 2316 3809 κῖΕιιε.
2352 3722 2557 3810 its-2t.
2599 3769 2621 3803 ιι
2659 3748 2730 3808 Ει
2776 3746 3111 3808 ascendens
3138 3722 3311 3808 Iesus
3360 3747 3700 3833 Hierosoly.

318 3838 585 3921 παρέλαϐε
653 3840 778 3903 τοὺς
837 3836 1038 3894 δώδεκα
1107 3838 1348 3912 μαθητὰς
1405 3837 1523 3894 κατ’
1584 3836 1726 3895 ἰδίαν
1794 3838 1849 3921 ἐν
1905 3843 1972 3914 τῇ

2058 3855 2173 3911 ma,
2224 3836 2541 3916 assumpsit
2570 3835 2880 3896 duodecim
2910 3835 3238 3916 discipulos
3275 3853 3419 3898 suos
3448 3838 3607 3901 solos
3635 3841 3701 3902 in

320 3918 449 4006 δδῷ,
505 3932 595 3986 καὶ
638 3929 796 3985 εἶπεν
838 3931 1021 3992 αὐτοῖς
1054 3945 1067 3959 ⁸
1115 3924 1249 3983 Ἰδοὺ
1305 3924 1651 4002 ἀναϐαίνομεδ
1696 3929 1766 3985 εἰς
1802 3918 1972 4005 Ἰερε-

2056 3927 2169 4004 via,
2202 3934 2259 3985 et
2287 3925 2365 3986 ait
2396 3926 2513 3985 illis
2547 3945 2560 3986 :
2596 3923 2746 3987 Ecce
2776 3923 3237 3985 conscendimus
3264 3924 3696 4009 Hierosolyma,

320 4020 551 4095 σόλυμα,
604 4019 694 4074 καὶ
776 4018 805 4072 6
884 4018 1002 4080 Υἱὸς
1057 4022 1151 4072 τοῦ
1206 4015 1479 4094 ἀνθρώπου
1547 4014 1972 4094 παραδοθήσεται

2059 4024 2115 4077 et
2143 4014 2326 4076 Filius
2360 4014 2617 4075 hominis
2633 4013 2905 4075 tradetur
2928 4013 3299 4093 principibus
3323 4017 3701 4081 sacerdotum

319 4124 440 4173 τοῖς
529 4107 833 4187 ἀρχιερεῦσι
910 4107 999 4162 καὶ
1082 4111 1477 4185 Γραμματεῦσι,
1553 4107 1640 4163 καὶ
1711 4128 1972 4185 κατακρι-

2057 4124 2127 4165 ac
2161 4103 2399 4177 scribis,
2425 4111 2481 4163 et
2509 4100 2994 4163 condemnabunt
3044 4120 3182 4166 eum
3234 4112 3446 4185 morte,
3484 4113 3542 4167 et
3577 4115 3703 4170 tra-

320 4209 500 4258 νοῦσιν
543 4199 700 4254 αὒτὸν
740 4195 974 4268 θανάτῳ,
1034 4196 1123 4251 καὶ
1186 4192 1585 4274 παραδώσουσιν
1644 4196 1800 4252 αὐτὸν
1857 4209 1972 4259 τοῖς

2059 4195 2202 4254 dent
2232 4211 2365 4253 eum
2381 4191 2652 4270 gentibus
2681 4192 2751 4251 ad
2786 4191 3702 4275 illudendum,etﬂagellandum,

322 4290 525 4346 ἔθνεσιν
586 4288 658 4349 εἰς
713 4288 776 4341 τὸ
832 4283 1112 4359 ἐμπαῖξαι,
1160 4286 1246 4341 καὶ
1291 4290 1646 4362 μαστιγῶσαι,
1677 4287 1766 4341 καὶ
1809 4307 1972 4341 σταυ-

2057 4293 2120 4345 et
2148 4282 2638 4361 cruciﬁgendum,
2677 4289 2735 4341 et
2764 4280 2937 4341 tertio
2959 4280 3058 4342 die
3079 4290 3369 4359 resurget.
3401 4281 3567 4346 Tunc
3598 4303 3705 4346 ac-

320 4384 514 4459 ρῶσαι,
576 4377 666 4431 καὶ
710 4380 780 4452 τῇ
817 4374 969 4453 τρίτῃ
1021 4372 1194 4452 ἡμέρᾳ
1238 4374 1612 4443 ἀναστήσεται.
1642 4372 1774 4431 Τότε
1804 4396 1972 4453 προσ-

2062 4371 2241 4433 cessit
2267 4370 2340 4430 ad
2378 4387 2511 4429 eum
2548 4378 2735 4430 mater
2783 4368 3367 4459 ﬁliorum‘Zebedaei
3400 4390 3535 4434 etim
3567 4373 3708 4436 ﬁliis

320 4457 481 4536 ἦλθεν
537 4467 681 4539 αὒτῷ
706 4466 742 4533 ἡ
788 4464 972 4542 μήτηρ
1024 4469 1132 4519 τῶν
1186 4465 1312 4517 υἱῶν
1367 4460 1643 4519 Ζεϐεδαίου
1684 4464 1822 4537 μετὰ
1872 4469 1972 4519 τῶν

2062 4461 2207 4535 snis,
2242 4459 2497 4519 adorans
2527 4466 2587 4518 et
2618 4467 2826 4538 petens
2854 4457 3080 4538 aliquid
3108 4459 3183 4519 ab
3213 4476 3307 4522 eo.
3330 4459 3407 4521 At
3435 4460 3537 4524 ille
3561 4462 3710 4527 dixit

320 4559 450 4614 υἱῶν
493 4558 683 4635 αὐτῆς,
739 4557 1102 4632 προσκυνοῦσα
1161 4553 1251 4608 καὶ
1326 4552 1541 4607 αἰτοῦσά
1582 4573 1633 4607 τι
1690 4550 1819 4630 παρ’
1875 4555 1975 4609 αὖ-

318 4652 441 4706 τοῦ.
492 4636 550 4703 ’0
606 4643 662 4700 δὲ
692 4643 848 4700 εἶπεν
879 4645 1014 4709 αὒτῆ
1051 4660 1066 4678 ·
1099 4642 1160 4699 Τί
1185 4639 1355 4704 θέλεις
1390 4659 1406 4711 ;
1439 4639 1595 4718 Λέγει
1622 4644 1766 4715 αὒτῷ
1797 4657 1812 4673 ³
1850 4643 1977 4698 Εἰπὲ

319 4736 419 4792 ἵνα
472 4735 756 4791 καθίσωσιν
799 4734 941 4788 οὗτοι
997 4733 1044 4787 οἱ
1085 4728 1175 4786 δύο
1215 4730 1315 4785 υἱοί
1371 4750 1496 4804 μου,
1548 4730 1634 4793 εἷς
1690 4730 1752 4786 ἐκ
1799 4728 1978 4797 δεξιῶν

321 4847 419 4882 σου
458 4825 548 4880 καὶ
603 4826 687 4887 εἷς
744 4821 796 4887 ἐξ
845 4820 1129 4894 εὐωνύμων
1179 4841 1273 4878 σου
1303 4818 1369 4874 -ἒν
1402 4824 1471 4896 τῇ
1498 4816 1737 4895 βασιλείᾳ
1792 4841 1908 4882 σου,
1948 4843 1975 4875 »

318 4914 601 4990 Ἐνόμιζον
656 4915 705 4969 οἱ
746 4917 840 4968 τοῦ
894 4907 1190 4980 Ζεϐεδαίου,
1237 4907 1319 4964 ὅτι
1359 4906 1449 4963 ἐὰν
1507 4906 1711 4984 ἀπέλθῃ
1743 4909 1816 4973 εἰς
1876 4901 1982 4967 ι[ες-

320 5003 595 5085 ροσόλυμα
653 5004 682 5058 6
740 5001 954 5078 Κύριος,
999 4996 1300 5085 βασιλεύσει
1353 4997 1609 5064 αἰσθητὴν
1661 4997 1932 5085 βασιλείαν
1964 5023 1978 5039 ο

319 5083 518 5162 ἤκουον
569 5093 670 5171 γὰρ
729 5089 888 5147 αὖτοῦ
943 5087 1184 5167 συνεχῶς
1232 5084 1507 5164 λέγοντος,
1558 5084 1639 5142 ὅτι
1672 5083 1985 5145 Ἀναϐαίνο-

324 5205 425 5261 μεν
471 5183 546 5246 εἷς
610 5171 951 5258 Ἱεροσόλυμα
985 5196 999 5211 ⁶
1046 5175 1241 5233 ἔπαθον
1298 5174 1388 5232 οὖν
1437 5174 1762 5253 ἀνθρώπινόν
1793 5199 1870 5257 τι,
1899 5177 1989 5235 καὶ

319 5271 639 5353 προσελθεῖν
695 5270 795 5336 τὴν
849 5266 1058 5347 μητέρα
1099 5265 1383 5345 πείθουσιν,
1449 5264 1592 5321 αὐτοὶ
1650 5263 1979 5342 εὐλαϐούμε-

323 5385 408 5421 νοι
454 5362 509 5418 ἒν
553 5367 631 5435 τῷ
676 5364 886 5439 φανερῷ
913 5355 1229 5437 προσελθεῖν
1263 5371 1277 5385 ⁶
1324 5355 1496 5434 κρὺφα
1542 5354 1643 5433 γὰρ
1686 5356 1982 5434 προσῆλθον

325 5454 418 5512 καὶ
462 5451 635 5529 αὐτοὶ,
677 5451 750 5512 ὡς
810 5450 838 5505 6
898 5447 1108 5525 Μάρκος
1138 5444 1284 5523 λέγει
1317 5458 1333 5477 ⁹
1368 5444 1499 5525 φησὶ
1528 5444 1655 5523 γὰρ,
1687 5442 1767 5500 ὅτι
1814 5468 1986 5526 προσ..

327 5543 645 5623 πορεύονται
706 5540 850 5612 αὐτῷ
925 5531 1178 5599 Ἰάκωϐος
1232 5534 1321 5592 καὶ
1380 5530 1656 5608 Ἰωάννης,
1734 5535 1847 5593 ἀντὶ
1896 5542 1992 5593 τοῦ

329 5634 483 5711 λάθρα
515 5631 605 5688 καὶ
648 5626 753 5699 ἰδίᾳ
796 5626 1214 5706 προσέρχονται.

661 5790 923 5852 Ριτιοι..
958 5789 1072 5853 Gn.
1108 5786 1387 5854 CXXIII.

2061 4552 2157 4613 ei:
2194 4548 2343 4621 Quid
2392 4548 2505 4608 vis?
2553 4548 2651 4609 Ait
2676 4546 2933 4609 illizDic
2986 4556 3047 4607 ut
3077 4547 3326 4609 sedeant
3356 4549 3709 4614 hidiu

2063 4640 2361 4709 mei,unus
2382 4655 2416 4697 a
2436 4635 2659 4697 dextris
2690 4636 2828 4711 tuis,
2854 4643 2914 4696 et
2938 4636 3091 4697 alter
3118 4636 3190 4696 ad
3223 4636 3525 4700 sinistram
3546 4649 3706 4703 tuam

2061 4730 2121 4790 in
2153 4745 2336 4806 regno
2387 4732 2512 4785 tuo.
2554 4749 2578 4777 η
2613 4722 3020 4804 Opinabantur
3078 4724 3180 4786 ﬁlii
3236 4724 3506 4787 Zebedaai
3547 4727 3708 4808 quod

2063 4818 2293 4879 vadens
2346 4812 2751 4894 Hierolosyma
2806 4812 3093 4875 Dominus
3143 4822 3497 4891 regnaturus
3551 4825 3711 4880 esset

2067 4924 2250 4986 regno
2300 4901 2554 4983 quodam
2599 4901 2934 4982 temporali.
2991 4901 3322 4969 Audierant
3362 4902 3524 4965 enim
3568 4923 3711 4968 eum

2070 5014 2225 5076 saepe
2256 4993 2578 5065 dicentem,
2612 4991 3081 5053 Conscendimus
3108 4990 3714 5073 Hierosolymafassi

2069 5091 2268 5147 autem
2302 5084 2625 5143 humanum
2659 5080 2822 5160 quid,
2858 5087 2917 5141 et
2961 5089 3022 5143 ut
3063 5090 3250 5141 mater
3276 5081 3526 5145 accedat
3564 5101 3712 5165 sper-

2072 5173 2360 5246 suadent,
2416 5169 2531 5250 ipsi
2578 5169 2817 5231 reveriti
2882 5168 2949 5229 in
3001 5168 3312 5233 manifesto
3368 5174 3705 5242 accedere:

2065 5261 2336 5327 clanculo
2376 5259 2535 5320 enim
2589 5267 2970 5320 accesserunt
3004 5268 3061 5321 et
3087 5260 3222 5338 ipsi,
3258 5269 3316 5323 ut
3347 5264 3581 5327 Marcus
3609 5264 3710 5326 di—

2068 5354 2168 5416 cit.
2204 5349 2509 5413 Accedunt
2537 5348 2720 5420 enim,
2772 5349 2987 5429 inquit,
3043 5349 3116 5415 ad
3157 5368 3299 5411 eum
3348 5353 3603 5416 Iacobus
3650 5362 3715 5417 et

2069 5445 2351 5519 Joannes,
2383 5438 2495 5499 hoc
2523 5446 2632 5532 cst,
2678 5438 2950 5517 privatim
2994 5445 3077 5502 et
3112 5458 3387 5509 seorsum
3414 5443 3719 5510 accedunt

2070 5533 2145 5595 ad
2168 5549 2328 5593 eum.
3618 5542 3621 5545 -

3298 5781 3394 5844 ιε.
