4204 6462
514 407 633 473 863

514 642 647 704 citis
669 640 811 722 quid
836 639 1319 718 petitis.Potestis
1355 637 1561 700 bibere
1580 640 1853 719 poculum
1872 640 2028 720 quod
2052 658 2160 718 ego

512 731 809 794 bibiturus
840 737 1105 807 sum,aut
1136 729 1429 806 baptismo
1463 747 1579 807 quo
1612 746 1718 807 ego
1752 727 2038 807 baptizor,
2064 727 2163 788 ba-

514 820 753 900 ptizari?
778 818 992 881 Dicunt
1021 818 1074 878 ei
1110 839 1123 879 :
1170 815 1515 879 Possumus.
1552 842 1579 872 »
1613 814 1794 878 Matre
1843 816 2156 897 praterita,

510 911 648 971 ﬁliis
679 910 973 989 loquitur:
1004 906 1526 985 utostendatquod
1569 924 1684 966 non
1710 904 2159 985 ignoraveritab

508 999 655 1080 ipsis
686 997 1051 1080 praemissam
1090 1004 1428 1069 matrem,et
1452 995 1591 1056 dicit
1619 996 1691 1056 ad
1719 996 1873 1057 illos:
1906 993 2161 1055 Nescitis

508 1089 649 1170 quid
683 1086 1182 1168 petitisMagnum
1217 1092 1394 1165 est,et
1414 1086 1715 1163 angelicas
1744 1085 1988 1145 virtutes
2009 1102 2154 1145 con-

507 1178 760 1240 cutiens.
795 1173 1338 1239 Deinuteabducens
1369 1174 1501 1234 illos
1522 1172 1594 1234 ab
1620 1171 1965 1251 hujusmudi
1989 1172 2152 1251 cogi-

508 1266 860 1337 tationibus,
887 1264 959 1325 ad
987 1264 1251 1343 pericula
1279 1263 1461 1339 magis
1494 1263 1785 1325 hortatur.
1830 1261 2158 1341 Interrogat

508 1365 731 1429 autem,
786 1372 903 1417 non
946 1354 1248 1432 ignorans,
1294 1352 1396 1412 sed
1438 1359 1503 1411 ut
1552 1362 1721 1428 cogat
1780 1350 2158 1412 manifestare

510 1444 678 1507 ulcus
709 1461 815 1524 per
844 1459 1217 1522 reSponsum.
1245 1448 1303 1501 et
1332 1439 1605 1501 studeant
1628 1440 1875 1519 implere
1902 1439 2154 1519 promis-

510 1534 764 1596 sionem.
797 1530 920 1594 Hoc
952 1530 1109 1591 enim
1143 1528 1466 1602 dicit,Quia
1486 1548 1603 1589 non
1636 1538 1829 1609 potest
1857 1531 1991 1610 quis
2025 1528 2155 1589 fieri

511 1621 989 1705 particeps-regni
1011 1619 1269 1693 mei,nisi
1299 1628 1356 1679 et
1381 1636 1644 1678 mearum
1672 1619 2005 1697 passionum
2026 1636 2154 1698 par-

506 1713 695 1792 ticeps
733 1712 854 1785 fiat;
889 1709 1070 1770 dicite
1110 1707 1278 1781 mihi,
1301 1726 1437 1767 num
1474 1707 1707 1786 possitis
1737 1706 1954 1767 similia
1986 1707 2154 1787 pati?

505 1799 789 1862 Poculum
821 1799 981 1861 enim
1017 1796 1160 1858 dicit
1189 1806 1555 1876 martyrium,
1586 1809 1645 1857 et
1666 1815 1830 1857 suam
1867 1812 2144 1859 mortem:

1498 416 2094 481 THEOPHYLACTI
2138 414 2551 480 BULGARIE
2593 411 2930 479 ARCHIEP

598 554 773 616 Vens.
793 548 1338 629 Q‘ZJRespondens
1365 558 1561 610 autem
1578 548 1934 631 Jesus,dixit
1960 568 1974 613 :
2010 549 2159 612 Nes-
2182 560 2221 609 Α

3779 402 3904 476 364

2330 571 2357 602 α
2394 545 2725 627 Ἀποκριθεὶς
2784 545 2840 604 δὲ
2893 547 2920 603 δ
2982 545 3190 613 Ἰησοῦς
3250 552 3404 603 εἶπεν
3439 564 3453 577 '
3505 551 3614 607 Οὔκ
3643 545 3825 604 οἴδατε
3856 549 3909 603 τί

2243 637 2499 696 αἰτεῖσθε.
2565 638 2793 694 Δύνασθε
2854 649 3003 693 πιεῖν
3055 637 3115 692 τὸ
3173 638 3431 714 ποτήριον
3486 638 3515 693 ὃ
3565 636 3673 715 ἐγὼ
3720 633 3909 710 μέλλω

2241 726 2459 801 πίνεινς
2516 725 2553 794 ἢ
2606 726 2669 783 τὸ
2722 726 2999 801 βάπτισμα
3067 726 3096 781 ὃ
3156 724 3263 804 ἐγὼ
3328 726 3647 802 βαπτίζομαι
3697 726 3900 801 βαπτι-

2241 817 2479 895 σθῆναις
2540 814 2795 893 Λέγουσιν
2851 815 2994 889 αὖτῷ
3027 830 3042 844 ⁸
3112 816 3409 889 Δυνάμεθα.
3461 837 3486 872 ε
3537 815 3646 881 Τὴν
3692 815 3900 893 μητερα

2244 901 2592 983 καταλείψας,
2649 916 2764 965 τοῖς
2794 904 2931 968 υἱοῖς
2961 902 3284 981 διαλέγεται,
3331 904 3422 960 ’ἕνα
3478 902 3616 979 δείξῃ
3674 906 3747 965 ὡς
3800 905 3899 960 οὒκ

2241 992 2505 1070 ἠγνόησεν
2558 991 2638 1048 ὅτι
2703 992 2847 1049 αὗτοὶ
2920 990 3274 1071 προεϐάλοντο
3331 994 3431 1061 τὴν
3503 994 3728 1073 μητέρα,
3803 994 3900 1047 καὶ

2236 1082 2365 1161 φησὶ
2421 1084 2552 1160 πρὸς
2609 1080 2795 1146 αυτούς
2828 1096 2841 1110 ⁸
2877 1081 2985 1139 Οὐκ
3016 1079 3196 1139 οἴδατε
3239 1082 3288 1138 τί
3319 1084 3546 1139 αἰτεῖσθε
3583 1098 3597 1112 ⁸
3634 1088 3747 1147 πῶς
3778 1082 3898 1137 ἐστι

2238 1170 2376 1247 μέγα
2444 1172 2533 1226 καὶ
2588 1172 2684 1234 τὰς
2758 1171 2864 1226 τῶν
2938 1170 3180 1249 ἀγγέλων
3263 1170 3506 1248 δυνάμεις
3564 1170 3895 1239 ἓκπλῆττον,

2240 1263 2376 1318 Εἶτα
2418 1260 2641 1337 ἀπάγων
2710 1261 2898 1323 αὐτοὺς
2969 1264 3074 1316 τῶν
3130 1262 3383 1317 τοιούτων
3438 1260 3733 1339 λογισμῶν,
3811 1262 3903 1318 ἐπὶ

2239 1345 2507 1411 κινδύνους
2596 1348 2800 1423 μᾶλλον
2884 1350 3268 1427 προτρέπεται.
3372 1348 3578 1427 Ἐρωτᾷ
3651 1348 3730 1424 δὲ,
3806 1353 3907 1407 οὐκ

2238 1437 2469 1515 ἀγνοῶν,
2538 1435 2659 1493 ἀλλ’
2702 1437 2791 1494 ’ίνα
2849 1438 3127 1514 ἀναγκάσῃ
3181 1437 3479 1517 φανερῶσαι
3537 1439 3599 1494 τὰ
3627 1438 3782 1501 ἕλκος
3813 1437 3904 1498 διὰ

2238 1528 2337 1593 τῆς
2416 1526 2767 1606 ἀποκρίσεως,
2858 1527 2947 1583 καὶ
3031 1526 3334 1586 σπυδάσωσι
3416 1526 3703 1606 πληρῶσαι
3793 1529 3897 1595 τὴν

2238 1616 2552 1695 ὑπόσχεσιν.
2590 1624 2755 1674 Τοῦτο
2784 1618 2884 1696 γὰρ
2930 1615 3099 1694 λέγει,
3152 1615 3231 1673 ὅτι
3276 1614 3427 1675 Ἐπεὶ
3454 1617 3516 1673 οὐ
3558 1616 3769 1673 δύναταί
3810 1640 3895 1680 τις

2239 1704 2475 1780 γενέσθαι
2532 1708 2789 1769 κοινωνὸς
2846 1705 2945 1773 τῆς
3003 1703 3273 1781 βασιλείας
3302 1729 3425 1781 μου,
3458 1707 3502 1763 εί
3532 1709 3610 1780 μὴ
3639 1708 3724 1763 καὶ
3781 1715 3891 1763 τῶν

2236 1794 2390 1861 ἡμῶν
2462 1795 2795 1869 παθημάτων
2849 1794 3070 1873 γένηται
3125 1797 3403 1873 κοινωνὸς,
3458 1795 3648 1852 εἴπατέ
3678 1818 3798 1872 μοι,
3843 1800 3889 1852 εἱ

503 1889 679 1951 simul
708 1888 1035 1949 ostendens
1051 1885 1207 1966 quod
1234 1885 1361 1946 leve
1384 1884 1549 1963 sit,et
1574 1885 1728 1963 quod
1754 1894 2024 1964 oporteat
2042 1902 2143 1946 nos

2228 1880 2444 1939 δύνασθε
2497 1886 2563 1939 τα
2614 1882 2776 1959 ὅμοια
2857 1887 3072 1943 παθεῖν.
3136 1887 3399 1962 Ποτήριον
3469 1886 3569 1964 γὰρ
3628 1885 3770 1963 λέγει
3824 1888 3891 1941 τὸ

504 1987 619 2039 tam
653 1977 827 2039 facile
857 1975 997 2036 illud
1023 1973 1287 2054 aggredi,
1320 1992 1494 2053 quam
1529 1973 1580 2034 si
1611 1973 1944 2034 bibendum
1987 1983 2146 2035 esset

501 2068 777 2148 poculum
809 2088 822 2126 :
850 2071 911 2128 et
941 2065 1250 2125 declarans
1281 2063 1438 2142 quod
1463 2062 1592 2141 ipse
1614 2062 1871 2123 suaviter
1902 2063 2147 2123 accedat

500 2156 569 2217 ad
599 2152 1046 2217 mortem.Sicut
1067 2153 1225 2214 enim
1262 2150 1472 2212 bibens
1497 2152 1769 2230 poculum
1793 2151 1985 2212 statim
2011 2152 2146 2213 dor-

500 2246 605 2307 mit
625 2253 898 2323 gravatus
932 2265 945 2302 :
980 2242 1065 2303 sic
1087 2251 1143 2303 ct
1173 2241 1274 2321 qui
1307 2240 1562 2320 martyrii
1587 2241 1861 2321 poculum
1898 2239 2143 2320 bibit,in

502 2335 706 2395 mortis
736 2351 1010 2394 somnum
1034 2330 1622 2410 defertur.Baptisma
1642 2345 1877 2409 quoque
1894 2339 2141 2390 mortem

499 2441 663 2485 suam
692 2423 979 2495 nominat,
1015 2420 1169 2501 quod
1206 2438 1315 2481 nos
1345 2436 1553 2480 omnes
1586 2418 1972 2498 puriticet.Hi
2005 2437 2140 2479 vero

498 2514 835 2575 nescientes
857 2511 993 2592 quid
1027 2506 1573 2587 promitterent,sed
1606 2507 2141 2587 solumspectautes

498 2602 569 2662 ad
604 2602 662 2662 id
699 2601 853 2681 quod
884 2598 1036 2679 cupit
1061 2598 1221 2667 bant.
1256 2597 1454 2658 omnia
1483 2594 1652 2658 facile
1684 2595 2132 2675 pollicebantur.

494 2693 715 2749 θάνατον
774 2694 952 2764 αὒτοῦ,
1013 2693 1085 2752 ὡς
1128 2689 1443 2767 καθαρτικὸν
1498 2687 1623 2743 ὄντα
1666 2689 1880 2743 πάντων
1916 2688 2073 2761 ﬁgi-Iw

2228 1971 2509 2049 μαρτύριον
2557 1973 2647 2028 καὶ
2730 1973 2815 2028 τόν
2899 1973 3097 2029 οἰκεῖον
3166 1975 3414 2054 θάνατον,
3459 1973 3571 2050 ἃμα
3628 1974 3725 2051 μὲν
3772 1972 3888 2031 8.1-

2226 2061 2417 2129 κνύων,
2466 2060 2547 2117 ὅτι
2580 2059 2796 2118 εὔκολον
2843 2062 3011 2137 ἐστιν,
3070 2062 3249 2142 ὥσπερ
3294 2066 3356 2121 τὸ
3398 2078 3544 2122 πιεῖν
3604 2066 3884 2141 ποτήριον,

2231 2151 2318 2205 καὶ
2368 2148 2452 2206 δεῖ
2494 2149 2682 2207 λοιπὸν
2724 2153 2812 2207 καὶ
2855 2154 2997 2221 ἡυᾶς
3042 2155 3116 2216 ὡς
3150 2152 3353 2227 εὐκόλῳ
3407 2154 3577 2227 τούτῳ
3637 2155 3888 2233 προστρὲ-

2230 2260 2352 2318 χειν
2386 2258 2398 2270 '
2474 2240 2587 2314 ἅμα
2631 2238 2686 2295 δὲ
2730 2238 2933 2317 δηλῶν,
2997 2240 3076 2297 ὅτι
3132 2244 3221 2298 καὶ
3282 2245 3436 2308 αὐτὸς
3481 2242 3649 2310 ἡδέως
3678 2246 3890 2313 προσῖε-

2226 2349 2313 2385 ται
2369 2330 2461 2386 τὸν
2516 2328 2764 2389 θάνατην.
2826 2321 3053 2408 "dum?
3110 2329 3223 2387 δὲὸ
3265 2332 3431 2388 πίνων
3489 2334 3767 2412 ποτήριον,
3802 2337 3887 2391 εὗ-

2224 2418 2355 2477 θέως
2410 2419 2675 2476 ὕπνώττει
2729 2417 3212 2497 καταϐαρούμενος,
3249 2420 3387 2478 οὕτω
3443 2424 3532 2479 καὶ
3581 2424 3608 2477 ὃ
3669 2424 3732 2478 τὸ
3788 2423 3886 2479 τοῦ

2225 2508 2507 2587 μαρτυρίου
2588 2510 2845 2587 ποτήριον
2929 2510 3115 2579 πίνων,
3202 2512 3275 2574 εἰς
3356 2513 3447 2568 τὸν
3508 2519 3600 2569 τοῦ
3654 2512 3880 2568 θανάτου

2222 2598 2572 2677 καταφέρεται
2629 2595 2818 2668 ὕπνον,
2880 2598 2979 2655 Καὶ
3052 2598 3327 2674 βάπτισμα
3383 2597 3439 2656 δὲ
3494 2601 3742 2673 ὀνομάζει
3785 2602 3877 2656 τὸν

2110 2703 2123 2716 '
2174 2689 2221 2743 οἱ
2282 2683 2337 2743 δὲ
2391 2688 2715 2766 ὑπέσχοντο,
2774 2689 2871 2745 οὒκ
2926 2684 3122 2751 εἰδότες
3177 2689 3206 2743 ὃ
3248 2688 3457 2768 ἔλεγον,
3516 2688 3655 2746 ἀλλὰ
3711 2696 3877 2766 μόνον

494 2783 624 2859 πρὸς
655 2784 715 2838 τὸ
744 2802 850 2859 τυχ
853 2792 935 2835 εῖν
965 2779 1038 2836 ὧν
1067 2775 1276 2856 ἤθελον,
1309 2777 1480 2832 πάντα
1512 2774 1742 2837 εδκόλως
1773 2776 2213 2855 ὑπισχνούμενοι,

574 2867 886 2931 “113.93.
930 2893 957 2921 α
982 2867 1078 2927 Ait
1108 2865 1225 2925 illis
1263 2886 1276 2922 :
1333 2863 1612 2924 Poculum
1663 2862 1905 2943 quidem
1941 2882 2139 2924 meum

2309 2883 2333 2919 ε
2374 2865 2472 2921 Καὶ
2502 2862 2647 2941 λέγει
2680 2866 2864 2929 αὐτοῖς
2896 2884 2913 2903 '
2963 2867 3035 2923 Τὸ
3092 2868 3193 2941 μὲν
3245 2868 3499 2945 ποτήριόν
3529 2890 3631 2943 μου
3675 2868 3877 2948 πίεσθε,

491 2957 797 3032 bibetis,et
821 2955 1110 3035 baptismo
1142 2973 1259 3035 quo
1290 2971 1396 3032 ego
1416 2950 1703 3032 baptizor,
1734 2950 2139 3031 baptizabimi-

2228 2953 2309 3008 καὶ
2350 2954 2414 3008 τὸ
2469 2954 2746 3029 βάπτισμα
2803 2955 2832 3009 ὃ
2889 2954 2999 3033 ἐγὼ
3029 2956 3376 3037 βαπτίζομαι,
3407 2957 3827 3032 βαπτισθήσεσθε
3862 2974 3875 2989 ·

490 3048 589 3110 ni.
623 3048 835 3112 sedere
860 3055 1055 3107 autem
1088 3046 1159 3105 ad
1190 3043 1456 3105 dextram
1494 3060 1683 3103 meam
1717 3051 1775 3102 et
1803 3040 2132 3115 sinistram,

2228 3041 2280 3095 τὸ
2333 3037 2387 3096 δὲ
2447 3043 2658 3098 καθίσαι
2704 3040 2763 3097 ἔκ
2824 3039 3005 3108 δεξιῶν
3050 3065 3154 3118 μου
3202 3046 3291 3101 καὶ
3318 3046 3372 3110 ἒξ
3415 3046 3693 3121 εὐωνύμων
3751 3066 3879 3127 μου,

487 3156 606 3199 non
628 3146 718 3199 est
744 3154 938 3197 meum
959 3134 1125 3213 dare,
1158 3134 1260 3193 sed
1277 3131 1493 3213 quibus
1516 3139 1779 3211 paratum
1804 3138 1893 3191 est
1910 3149 1945 3192 ε
1971 3130 2138 3193 Patre

2228 3129 2315 3185 οὒκ
2364 3127 2505 3186 ἔστιν
2553 3130 2683 3206 ἐμὸν
2736 3128 2934 3211 δοῦναι,
2997 3131 3119 3189 ἀλλ’
3162 3134 3252 3198 οἷς
3308 3136 3628 3209 ἡτοῗμασται
3656 3136 3759 3191 ὑπὸ
3788 3143 3884 3192 τοῦ

488 3244 643 3287 meo.
667 3249 689 3282 ο
730 3224 865 3288 Scio
896 3192 1137 3303 quidem
1170 3240 1269 3282 vos
1290 3192 1733 3299 'iestiﬁcaturos,
1759 3227 1814 3279 et
1850 3222 2132 3282 evenient

2228 3220 2426 3297 Πατρός
2471 3192 2596 3294 μουῖ
2658 3242 2686 3275 ι
2748 3192 3122 3301 Μαρτόρήσετε
3180 3192 3342 3303 pio;
3378 3192 3499 3280 οἶδα
3552 3230 3732 3294 τοῦτο,
3790 3226 3881 3282 καὶ

488 3316 614 3377 hinc
634 3314 899 3377 omnino.
933 3314 1062 3373 107
1087 3310 1368 3373 Jacobum
1392 3309 1551 3371 enim
1588 3307 1854 3371 Herodes
1883 3309 2123 3386 occidit,

2228 3305 2366 3374 εξέϐη
2410 3309 2649 3373 πάντως.
2712 3307 2967 3367 Ἰάκωϐον
3019 3311 3115 3387 μὲν
3166 3314 3267 3392 γὰρ
3325 3303 3566 3392 Ἡρώδης
3619 3314 3876 3371 ἀπέκτει-

481 3406 771 3466 Joannem
807 3413 1005 3465 autem
1032 3402 1321 3478 Trajanus
1349 3398 1764 3461 condemnavit
1793 3400 2125 3475 praedican-

2228 3418 2318 3468 μεν,
2381 3396 2636 3465 Ἰωάννην
2692 3396 2747 3455 δὲ
2819 3402 3081 3476 Τραϊανὸς
3141 3399 3450 3459 κατεδίκασε
3508 3410 3873 3482 μαρτυροῦντα

484 3503 602 3555 tem
627 3492 869 3555 verbum
904 3484 1187 3553 veritatis.
1215 3487 1396 3548 Porro
1413 3486 1625 3549 sedere
1660 3506 1775 3548 non
1804 3498 1895 3548 est
1926 3507 2121 3549 meum

2228 3491 2283 3559 τῷ
2336 3488 2494 3565 Λόγῳ
2550 3492 2649 3555 τῆς
2706 3486 2981 3556 ἀληθείας.
3044 3493 3115 3549 Τὸ
3176 3489 3229 3546 δὲ
3301 3492 3533 3567 καθίσαι,
3585 3492 3680 3550 οὒκ
3728 3492 3868 3550 ἔστιν

482 3582 756 3655 dare,sed
790 3580 1005 3660 quibus
1038 3585 1427 3657 praeparatum
1461 3585 1550 3636 est
1586 3576 1705 3636 :sic
1732 3575 1995 3655 intellige
2021 3598 2033 3638 :
2061 3577 2122 3639 Si

2228 3579 2341 3651 ιμὸν
2397 3575 2598 3650 δοῦναι,
2660 3575 2781 3634 ἀλλ’
2839 3579 2927 3643 οἷς
2958 3581 3299 3661 ἡτοίμασται,
3332 3584 3624 3662 τουτέστιν,
3657 3583 3745 3639 ἐὰν
3777 3584 3861 3640 εὗ·-

487 3670 760 3731 inventus
806 3667 985 3729 fuerit
1029 3665 1163 3745 quis
1210 3682 1343 3723 cum
1394 3663 1657 3724 veritatis
1688 3665 2125 3738 testiﬁcatione,

2228 3669 2337 3741 >εθῇ
2390 3686 2469 3728 τις
2514 3667 2651 3741 μετὰ
2705 3674 2799 3723 τοῦ
2857 3674 3208 3748 μαρτυρῆσαι,
3261 3671 3474 3738 καὶτὴν
3503 3670 3673 3739 ἄλλην
3716 3670 3861 3731 ἅπα-

486 3761 649 3820 omni
674 3758 789 3819 alia
816 3759 1029 3817 virtute
1055 3751 1464 3833 praiditusjlle
1486 3752 1755 3831 accepiet
1784 3753 2131 3817 donum.llli

2228 3776 2311 3810 raw
2370 3754 2567 3834 ἀρετὴν
2658 3755 2826 3836 ἔχων,
2908 3757 3112 3820 ἐκεῖνος
3172 3756 3403 3835 λήψεται
3472 3760 3571 3826 τὴν
3640 3761 3864 3839 δωρεάν,

487 3849 646 3912 cnim
707 3853 1094 3926 praeparatum
1146 3852 1255 3916 est,
1310 3841 1409 3921 qui
1456 3841 1830 3930 laboraverit,
1883 3842 2036 3903 sicut
2075 3850 2133 3905 et

2228 3844 2436 3916 Ἐκείνῳ
2493 3847 2593 3924 γὰρ
2646 3847 2968 3921 ἡτοίμασται
3026 3852 3104 3921 τῷ
3158 3850 3500 3930 κοπιάσαντι,
3558 3850 3736 3929 ὥσπερ
3779 3854 3870 3908 καὶ

486 3935 851 3998 certantibus
877 3950 1113 3995 corona:
1147 3940 1285 3991 sunt
1326 3940 1686 4010 praeparatas.
1726 3929 2129 4002 Quemadmo-

2228 3947 2332 3998 εο“ς
2379 3932 2624 3991 ἀθλοῦσιν
2680 3938 2727 3991 οἱ
2772 3936 3019 4016 στέφανοι
3078 3929 3496 4013 ἑτοιμάζονταιέ
3542 3939 3721 4015 ὥσπερ
3776 3940 3868 3996 οὖν

485 4024 625 4086 dum
659 4042 866 4085 cursus
896 4020 1219 4083 certamine
1253 4020 1576 4099 proposito.
1598 4037 1666 4079 ac
1699 4037 1840 4098 rege
1862 4021 2127 4082 certami-

2228 4028 2420 4100 ιγῶνος
2496 4022 2749 4101 δρομικοῢ
2820 4026 3192 4103 προκειμένου,
3250 4029 3331 4083 κεὶ
3412 4028 3860 4104 ἀγωνοθετοῦντος

486 4112 580 4173 nis
602 4113 874 4193 praside,
902 4110 951 4170 si
974 4109 1265 4189 quispiam
1294 4110 1391 4187 qui
1412 4126 1528 4167 non
1550 4118 1834 4169 certasset
1855 4111 2127 4189 prodeat,

2228 4119 2303 4167 ποῦ
2359 4111 2646 4188 βασιλέως,
2704 4114 2797 4169 ἐὰν
2850 4113 3115 4192 προσελθῃ
3174 4137 3254 4181 τις
3315 4113 3559 4186 μηδόλως
3591 4115 3859 4193 ἀγωνισα-

486 4217 546 4264 et
577 4203 764 4263 dicat'
800 4203 881 4264 Da
913 4199 1058 4258 mihi
1078 4215 1356 4258 coronam
1380 4215 1497 4257 non
1518 4196 1782 4276 ingresso
1806 4200 2126 4271 stadium,o

2228 4220 2394 4275 αενος,
2440 4201 2527 4257 καὶ
2572 4200 2706 4278 εἴπῃ
2740 4217 2754 4230 ⁹
2820 4204 2921 4265 Δὸς
2967 4203 3083 4277 ἐμοὶ
3136 4205 3226 4259 τὸν
3273 4204 3548 4284 στέφανον,
3583 4206 3627 4259 ὦ
3656 4204 3858 4281 ἀγωνο-

393 4325 399 4331 -
484 4289 830 4354 certaminis
864 4286 1246 4369 praeses,huic
1270 4286 1635 4366 respondere
1664 4287 1865 4366 utique
1890 4287 1990 4349 ille
2014 4307 2122 4368 po-

2228 4289 2353 4359 ιέτα,
2413 4295 2491 4364 τῷ
2546 4291 2626 4366 μὴ
2682 4290 3093 4368 ἀγωνισαμένῳ,
3139 4292 3287 4350 ε’ίποι
3344 4292 3408 4350 ἂν
3440 4296 3583 4367 αὖτῷ
3621 4292 3853 4358 ἐκεῖνος’

483 4378 775 4444 teritzNon
810 4386 898 4439 est
919 4394 1118 4437 meum
1145 4375 1288 4436 dare
1317 4377 1387 4435 ad
1421 4376 1675 4465 gratiam
1707 4378 2122 4451 coronam,sed

2228 4380 2313 4435 )ὖκ
2372 4377 2513 4435 ἔστιν
2562 4380 2692 4454 ἐμὸν
2747 4378 2922 4439 δοῦναι
3005 4384 3140 4438 κατὰ
3211 4383 3371 4463 χάριν
3426 4385 3519 4440 τὸν
3575 4384 3854 4465 στέφανον,

481 4470 696 4552 quibus
744 4476 1132 4550 praeparatum
1164 4474 1273 4537 est,
1309 4464 1419 4539 hoc
1453 4472 1565 4545 est,
1595 4464 1689 4525 his
1716 4465 1817 4544 qui
1848 4484 2122 4529 cucurreo

2228 4465 2327 4523 ιλλ’
2380 4474 2427 4542 ᾦ
2468 4469 2812 4549 ἡτοίμασται,
2843 4469 3103 4550 τουτέστι,
3138 4478 3215 4547 τῷ
3260 4470 3509 4551 δραμόντι
3553 4474 3642 4530 καὶ
3684 4464 3855 4544 νική-

477 4562 599 4621 rint
624 4570 680 4622 et
712 4557 965 4620 vicerint
1006 4554 1103 4617 Sic
1132 4562 1327 4645 autem
1354 4563 1412 4614 et
1442 4554 1553 4645 hoc
1584 4554 1716 4645 loco
1742 4554 1885 4616 dicit
1906 4553 2118 4645 βίη-ἰε-

2228 4578 2353 4613 ιαντι
2389 4576 2404 4592 ο
2465 4556 2604 4615 οὕτω
2659 4556 2724 4627 δὴ
2780 4559 3043 4618 κάνταῦθά
3072 4564 3285 4641 φησινὸ
3313 4565 3563 4645 Χριστὸς,
3609 4563 3689 4620 ὅτι
3749 4563 3857 4622 Οὔκ

480 4657 570 4711 tus
601 4672 615 4709 :
650 4647 773 4727 Ego
807 4665 920 4707 non
957 4662 1191 4724 possum
1220 4642 1291 4702 ad
1336 4643 1582 4720 gratiam
1638 4643 1781 4703 dare
1825 4642 1993 4704 vobis
2019 4662 2121 4705 se-

2233 4648 2313 4725 γὼ
2355 4649 2491 4705 κατά
2546 4648 2707 4729 χάριν
2762 4647 2986 4726 δύναμαι
3050 4649 3227 4708 δουναι
3282 4653 3413 4727 ὑμῖν
3459 4642 3560 4719 τὴν
3588 4653 3649 4709 ἐκ
3677 4650 3858 4719 δεξιῶν

476 4739 611 4802 dem
636 4758 669 4800 a
695 4737 927 4799 dextris
969 4735 1155 4794 meis:
1182 4732 1438 4813 aliorum.
1484 4731 1644 4792 enim
1696 4743 1783 4792 est
1816 4732 1917 4813 qui
1950 4732 2120 4794 labo-

2228 4757 2305 4791 ιου
2357 4735 2609 4815 καθέδραν
2642 4753 2658 4769 ⁶
2720 4734 2898 4794 ἄλλων
2950 4741 3074 4819 γὰρ,
3131 4740 3240 4797 τῶν
3291 4743 3663 4799 κοπιασάντων
3717 4743 3853 4817 εστὶ,

471 4829 754 4901 raverint,
781 4836 839 4889 et
868 4823 986 4885 illis
1011 4832 1335 4901 praeparata
1350 4829 1461 4911 est.
1491 4819 1751 4911 Rogabis
1772 4820 1950 4899 igitur
1969 4840 2116 4883 cou-

2228 4827 2289 4881 in
2348 4826 2577 4911 Exsivot;
2620 4827 2960 4903 ἡτοίμασται.
3025 4826 3345 4907 Ἐρωτήσεις
3395 4830 3508 4911 οὖν,
3571 4819 3699 4910 ’Λρα
3730 4830 3850 4889 λοι-

471 4928 811 4997 sequenter,
844 4933 917 4975 an
970 4911 1153 4991 aliqui
1203 4910 1425 4970 sessuri
1481 4909 1623 4971 sint.
1678 4910 1880 4971 lliscas
1919 4920 2115 4971 autem

2228 4914 2299 4971 τόν
2353 4935 2495 4978 τινες
2562 4910 2821 4991 μέλλουσι
2892 4921 3210 4987 καθεσθῆναι
3241 4935 3259 4992 ;
3302 4909 3528 4997 Μαθήσλῃ
3559 4917 3613 4975 δὲ
3639 4909 3723 4977 ὅτι
3754 4924 3853 4980 οὗ·

2197 5001 2298 5069 δεὶς
2366 5003 2483 5061 ἐκεῖ
2537 5007 2857 5075 καθήσεται,
2916 5008 3097 5075 Μόθης
3165 5010 3265 5087 γὰρ
3320 5018 3416 5082 τῆς
3471 5012 3612 5073 θείας
3674 5012 3853 5078 οὖσίας

2194 5094 2348 5151 τοῦτό
2404 5097 2539 5155 ἔστι.
2602 5097 2739 5174 Πρὸς
2820 5097 2936 5151 τίνα
3010 5099 3111 5177 γὰρ
3183 5104 3288 5154 τῶν
3371 5098 3614 5179 ἀγγέλων
3668 5100 3793 5157 εἷπε
3830 5122 3844 5135 ⁸

2204 5205 2228 5238 ι
2268 5184 2437 5241 Κάθου
2480 5182 2541 5239 ἐκ
2598 5180 2779 5248 δεξιὼν
2842 5206 2994 5261 μιιυ;
3059 5184 3227 5241 Ἀλλὰ
3285 5193 3437 5243 τοῦτο
3486 5187 3641 5244 εἶπεν
3688 5190 3716 5243 ὁ
3749 5190 3852 5247 Κύο

2196 5294 2305 5349 ριος
2349 5274 2480 5353 πρὸς
2525 5272 2623 5341 τὴν
2654 5272 2868 5329 ἐκείνων
2925 5274 3175 5331 ὑπόνοιαν
3213 5294 3225 5309 ⁸
3290 5277 3368 5351 μὴ
3427 5279 3716 5346 νοήσαντες
3746 5280 3849 5358 γὰρ

2193 5360 2274 5417 ὅτι
2338 5365 2400 5419 τὸ
2457 5362 2769 5429 καθεσθῆναι
2829 5365 2915 5420 επὶ
2962 5361 3161 5420 δώδεκα
3212 5367 3450 5445 θρόνους,
3481 5369 3542 5423 τὸ
3584 5365 3847 5436 δοξασθῆ-

2192 5452 2274 5506 ναί
2301 5450 2410 5507 ἐστι
2455 5449 2522 5506 δι’
2567 5452 2783 5530 ἀρετὴν,
2816 5452 3033 5524 ἐζήτουν
3062 5457 3314 5523 τοιαύτην
3356 5455 3629 5535 καθέδραν.

2423 5542 2437 5562 ι
2480 5541 2491 5562 ν
2583 5541 2594 5561 r
2768 5562 2789 5575 ρ
2986 5545 3003 5573 _v
3160 5544 3172 5564 ν
3786 5555 3803 5564 ς

2278 5562 2306 5595 α
2344 5551 2440 5599 Και
2470 5560 2787 5623 ακουσαντες
2847 5544 2894 5597 οἱ
2954 5540 3099 5623 δικα,
3149 5546 3527 5623 ηγανάκτησαν
3578 5550 3694 5622 περὶ
3741 5571 3849 5605 των

2190 5628 2279 5686 δύο
2333 5629 2591 5711 ἀδελφῶν,
2642 5621 2699 5688 Ὀ
2746 5627 2802 5686 δὲ
2847 5628 3055 5698 Ἰησοῐς
3086 5621 3584 5713 προσκαλεσάμενος
3631 5621 3846 5714 αὐτοὺς,

2189 5719 2345 5775 εἶπεν
2381 5737 2393 5750 ⁸
2450 5718 2641 5777 Οἴδατε
2692 5716 2776 5775 ὅτι
2837 5723 2883 5774 οἱ
2944 5719 3203 5799 ἄρχοντες
3259 5731 3366 5780 τῶν
3404 5726 3564 5781 ἂθνῶν
3607 5748 3849 5785 κατακυσ.

471 5006 628 5085 quod
661 5006 856 5066 nullus
884 5002 964 5062 ibi
995 5017 1268 5061 sessurus
1298 5010 1388 5061 est
1422 5017 1435 5061 :
1473 5001 1585 5060 hoc
1615 4997 1773 5059 enim
1805 4998 1986 5060 solius
2015 4999 2113 5060 di-

469 5094 620 5155 vinae
642 5103 864 5155 naturae
886 5099 995 5152 est.
1030 5089 1118 5150 Ad
1151 5108 1327 5169 quem
1360 5089 1519 5150 enim
1546 5088 1894 5166 angelorum
1926 5088 2106 5149 dixit:

478 5203 499 5238 ι
531 5180 685 5245 Sede
705 5202 738 5245 α
764 5179 988 5242 dextris
1020 5179 1227 5240 meis?»
1266 5176 1484 5241 Verum
1512 5179 1623 5239 hoc
1652 5178 1941 5239 Dominus
1964 5180 2113 5241 dixit

461 5272 628 5351 juxta
674 5272 911 5332 illorum
951 5267 1703 5348 Opinionemzqumrebant
1750 5266 1909 5327 enim
1960 5267 2112 5331 hanc

464 5360 695 5440 sedem,
722 5378 840 5421 non
871 5355 1273 5433 intelligentes
1300 5356 1458 5436 quod
1490 5355 1704 5418 sedere
1735 5373 1915 5435 super
1954 5356 2109 5418 duo-

462 5448 658 5509 decim
690 5450 887 5521 sedes,
924 5444 999 5505 sit
1028 5444 1348 5521 gloriticari
1381 5454 1631 5525 propter
1660 5442 1965 5507 virtutem.

546 5539 719 5601 Vens.
757 5535 965 5600 24-28.
997 5556 1018 5587 ι
1047 5529 1118 5593 Et
1147 5550 1281 5593 cum
1337 5534 1642 5596 audissent
1670 5530 1901 5609 decem,
1947 5536 2108 5598 indi-

467 5627 626 5707 gnati
647 5638 783 5692 sunt
802 5628 876 5690 de
898 5619 1132 5687 duobus
1147 5620 1446 5683 fratribus.
1477 5620 1651 5684 Jesus
1665 5632 1863 5683 autem
1889 5627 2108 5688 vocavit

459 5732 565 5780 eos
583 5717 657 5779 ad
682 5716 955 5803 se,etait:
978 5707 1159 5773 Scitis
1181 5710 1339 5787 quod
1369 5711 1669 5791 principes
1702 5711 1967 5787 gentium
1996 5713 2108 5778 d0-
