4204 6396
265 366 393 430 365

946 375 1395 439 ENABBATIO
1436 378 1520 443 IN
1564 378 1912 443 EVANGEI

1997 380 2069 441 [Μ
2117 380 2513 444 ΜΑΤΤΗΛΕῙ.
2550 416 2625 427 -
2655 379 2819 447 CAP.
2853 385 2984 448 XX.

3542 392 3665 458 366

264 506 526 585 ριιύουσιν
584 507 778 582 αὐτῶν,
854 510 941 565 καὶ
1013 510 1061 566 οἶ
1144 510 1368 589 μεγάλοι
1446 513 1912 588 κατεξουσιάζουσιπ

2012 512 2317 576 minentur
2339 515 2457 577 illis
2485 536 2497 575 :
2535 524 2591 578 et
2620 517 2719 599 qui
2742 518 2937 599 magni
2959 528 3471 604 sunt,p0testatem
3490 546 3660 593 exer-

260 596 454 656 αὐτῶν.
518 595 637 676 Οὐχ
669 595 832 663 οὕτως
877 597 1020 655 ἔσται
1064 598 1120 655 ἐν
1160 602 1315 680 ὑμῖν,
1352 600 1471 659 ἀλλ’
1503 605 1559 667 ὃς
1592 604 1680 661 ἐὰν
1708 604 1837 682 θέλῃ
1867 604 1920 661 ἐν

257 686 388 757 ὑμῖν
446 683 615 762 μέγας
676 686 942 763 γενέσθαι,
989 687 1134 745 ἔσται
1194 691 1343 765 ὑμῶν
1400 690 1667 767 διάκονος,
1717 696 1805 751 καὶ
1862 696 1919 759 ὃς

261 773 351 829 ἐὰν
394 771 523 850 θέλῃ
571 776 626 830 ἓν
656 776 787 850 ὑμῖν
822 776 964 834 εῖναι
993 778 1226 856 πρῶτος,
1274 778 1419 837 ἔσται
1478 781 1625 856 ὑμῶν
1682 781 1864 847 δοῦλος
1899 803 1914 818 ·

259 862 442 939 ὥσπερ
494 866 523 919 6
585 864 702 927 Υἱὸς
748 871 840 921 τοῦ
870 865 1146 945 ἀνθρώπου
1176 868 1273 925 οὔκ
1326 868 1455 935 ἦλθε
1513 869 1913 951 διακονηθῆναι,

263 949 402 1007 ἀλλὰ
460 949 795 1028 διακονῆσαι,
842 957 931 1012 καὶ
1001 955 1176 1013 δοῦναι
1219 958 1317 1025 τὴν
1373 960 1557 1040 ψυχὴν
1608 961 1765 1020 αὐτοῦ
1820 961 1919 1019 λύ-

267 1062 390 1119 τρον
449 1041 564 1098 ἀντὶ
621 1041 859 1101 πολλῶν.
900 1068 927 1099 ι
985 1035 1131 1104 ’Ὅτε
1198 1045 1338 1103 εἶδον
1396 1035 1609 1106 οἱηδὲκα
1665 1053 1785 1115 τοὺς
1832 1050 1919 1108 δύο

272 1129 673 1204 ξπιτιμηθέντας
744 1134 887 1204 παρὰ
938 1136 1030 1190 τοῦ
1101 1143 1353 1215 Χριστοῦ,
1413 1138 1534 1194 τότε
1610 1140 1698 1195 καὶ
1777 1141 1919 1198 αὒτοὶ

279 1218 654 1299 ἀγανακτοῦσι,
698 1223 785 1277 καὶ
843 1220 1037 1288 ἔδειξαν
1094 1222 1173 1279 ὅτι
1222 1228 1310 1281 καὶ
1340 1229 1675 1306 προήχθοντο
1716 1228 1801 1285 ἐπὶ
1855 1236 1923 1307 τῇ

273 1308 477 1364 τούτων
538 1316 668 1385 τιμῇ
727 1308 864 1368 ’Ἔτι
938 1313 1036 1391 γὰρ
1098 1313 1230 1381 ἦσαν
1299 1314 1558 1379 ἀτελεῖς·
1596 1319 1642 1372 οἱ
1680 1318 1777 1393 μὲν
1821 1320 1921 1398 γὰρ

270 1395 702 1462 κατεξανίσταντο
745 1406 852 1457 τῶν
906 1399 1031 1459 δέκα
1058 1419 1073 1434 ⁸
1124 1405 1171 1459 οἱ
1232 1400 1285 1459 δὲ
1334 1405 1582 1484 ἒφθόνουν
1630 1419 1748 1470 τοῖς
1805 1404 1915 1470 δύο.

267 1485 417 1544 Ἐπεὶ
473 1487 561 1545 οὖν
618 1490 663 1544 τί
706 1487 831 1545 δέκα
888 1490 1209 1557 ἀκούσαντες
1266 1490 1680 1575 ἐθορυϐήθησαν,
1743 1519 1915 1575 προσ-

262 1574 511 1632 καλεῖται
578 1580 786 1652 αὖτοὺς,
833 1585 900 1654 τῇ
955 1578 1146 1649 κλήσει
1183 1583 1284 1660 πρὸ
1334 1589 1439 1638 τῶν
1496 1582 1671 1662 λόγων
1730 1588 1918 1650 αὐτοὺς

264 1669 671 1745 καταπραῢνων,
725 1670 825 1725 Καὶ
893 1670 992 1747 γὰρ
1058 1671 1105 1725 οἱ
1162 1680 1254 1731 τοῦ
1340 1669 1611 1730 Ζεϐεδαίου
1682 1673 1919 1753 ἀποῤῥα-

266 1753 446 1831 γέντες
504 1756 611 1811 τῶν
654 1754 853 1828 ἄλλων,
888 1756 1119 1833 ὡμίλουν
1150 1760 1293 1835 αῦτῷ
1327 1779 1342 1795 ⁸
1401 1768 1547 1819 οᾶσιν
1592 1764 1681 1819 οῦδ
1733 1771 1922 1839 κοινῶς

2004 611 2179 663 ceant
2200 603 2259 663 in
2287 604 2554 668 eas.Nou
2594 607 2672 667 ita
2704 609 2817 668 erit
2845 608 3003 698 inter
3030 603 3153 687 vos,
3187 615 3292 675 sed
3317 617 3658 698 quicunque

2001 689 2255 752 voluerit
2289 692 2444 755 inter
2473 712 2573 755 vos
2606 714 2854 771 magnus
2894 697 3046 768 ﬁeri.
3076 703 3189 762 erit
3218 689 3413 767 vester
3441 689 3655 771 minis-

2004 789 2096 841 ter
2130 802 2143 843 :
2180 796 2237 842 et
2267 783 2367 863 qui
2396 785 2645 845 voluerit
2669 786 2822 848 inter
2853 806 2954 848 vos
2987 789 3215 868 primus
3244 797 3522 867 esse,erit
3552 817 3656 861 ve-

2001 883 2126 929 ster
2148 888 2355 931 servus
2391 893 2404 930 :
2432 872 2585 934 sicut
2616 872 2800 935 Filius
2823 876 3081 938 hominis
3115 899 3233 942 non
3263 884 3424 945 venit
3453 895 3515 947 ut
3540 886 3656 950 sibi

2002 955 2461 1035 ministraretur,
2486 961 2591 1023 sed
2618 972 2680 1023 ut
2700 962 2830 1043 ipse
2857 965 3244 1044 ministraret,
3278 988 3454 1051 atque
3485 976 3657 1039 daret

2000 1045 2258 1107 animam
2277 1067 2441 1110 suam
2465 1051 2941 1132 redemptionem
2972 1072 3078 1135 pro
3101 1045 3655 1127 multis.»'Ubivide-

1999 1142 2137 1229 runt
2167 1136 2375 1229 decem
2398 1138 2549 1229 duos
2579 1140 2713 1201 illos
2742 1159 2776 1203 a
2806 1142 3041 1205 Christo
3067 1146 3575 1229 increpatos,lunc
3599 1165 3656 1217 et

2004 1223 2117 1303 ipsi
2150 1225 2437 1305 indignati
2461 1237 2687 1301 sunt,et
2716 1234 3103 1296 ostenderunt
3125 1255 3190 1297 se
3220 1223 3547 1304 commotos
3577 1244 3652 1306 ob

2005 1310 2247 1373 istorum
2282 1316 2595 1380 honorem.
2622 1319 2833 1382 Adhuc
2866 1323 3024 1383 enim
3059 1333 3228 1386 erant
3267 1327 3602 1409 imperfecti
3636 1353 3649 1393 :

2002 1416 2135 1460 nam
2168 1400 2254 1462 illi
2275 1403 2558 1465 adversus
2587 1407 2795 1469 decem
2828 1407 3310 1489 insurgebant,hi
3339 1400 3478 1480 vero
3496 1418 3651 1483 duo-

2001 1487 2111 1551 bus
2144 1489 2507 1556 invidebant.
2541 1494 2855 1577 Postquam
2903 1487 3082 1578 igitur
3108 1500 3318 1566 decem
3350 1505 3446 1569 his
3477 1509 3652 1572 audi-

2003 1578 2077 1640 tis
2103 1581 2315 1643 turbali
2338 1582 2859 1658 fuerunt,accessit
2881 1587 3357 1664 illos,vocatione
3379 1607 3516 1661 ante
3532 1617 3652 1662 ser-

2006 1688 2242 1730 monem
2275 1689 2379 1733 eos
2411 1674 3028 1740 demulcens.Etenim
3049 1679 3153 1741 lilii
3176 1681 3448 1749 Zebedaai
3467 1688 3653 1751 avulsi

2003 1756 2077 1818 ab
2108 1759 2237 1820 aliis
2262 1761 2762 1826 conversabantur
2790 1784 2924 1826 cum
2949 1766 3103 1847 ipso.
3135 1773 3424 1836 Omnibus
3454 1776 3652 1858 itaque

266 1842 470 1919 ὁμιλεῖ.
542 1845 701 1911 Εἰδὼς
760 1850 859 1926 γὰρ
913 1852 1219 1928 τυραννικὸν
1286 1852 1348 1907 τὸ
1403 1850 1763 1933 φιλόπρωτον,
1832 1856 1912 1911 καί

2005 1846 2180 1907 simul
2216 1849 2719 1942 loquitur.Sciens
2748 1856 2908 1916 enim
2938 1842 3113 1935 quam
3137 1859 3215 1920 sit
3243 1842 3571 1942 tyrannica:
3595 1875 3653 1929 et

270 1931 617 2015 σφοδροτέρας
702 1934 949 2013 δεόμενον
1033 1937 1251 2016 πληγῆς
1287 1986 1304 2015 ,
1390 1931 1668 2019 βαθύτερον
1751 1931 1912 2003 eam

2006 1941 2162 2014 gravi
2183 1931 3651 2034 indigeatreprehensionis—plaga,am'bitio,acrius

268 2026 595 2081 καθικνεῖται
654 2028 727 2091 εἷς
797 2027 896 2094 τὴν
940 2034 1048 2083 τῶν
1073 2027 1289 2085 ἐθνικῶν
1317 2032 1405 2086 καὶ
1435 2031 1669 2088 ἀπίστων
1726 2046 1921 2111 μοῖραν

269 2115 455 2179 αὐτοὺς
486 2113 846 2195 ἀπορρίπτων,
903 2119 946 2173 εἰ
998 2115 1291 2194 φιλοδοξεῖν
1350 2118 1572 2194 θέλοιεν,
1610 2122 1707 2180 Καὶ
1752 2123 1919 2187 οὕτως

268 2204 456 2268 αὐτοὺς
513 2204 774 2283 ἐντρέπει,
835 2208 1052 2286 φάσκων
1080 2226 1097 2243 ⁸
1145 2211 1203 2265 Οἱ
1248 2209 1345 2285 μὲν
1418 2208 1568 2267 ἄλλοι
1628 2210 1914 2292 ἄνθρωποι,

265 2291 397 2349 διότι
484 2293 735 2374 ἄρχουσι,
823 2295 1212 2375 λαμπρύνονται
1246 2317 1258 2330 '
1323 2301 1411 2356 καὶ
1487 2302 1549 2357 τὸ
1610 2291 1734 2380 ἒρᾷν
1809 2308 1916 2357 τῶν

261 2384 560 2461 πρωτείων,
616 2392 725 2441 τῶν
781 2387 999 2442 ὲθνικών
1040 2386 1151 2443 ἐστι
1219 2386 1382 2451 πάθος
1417 2405 1432 2419 ⁶
1466 2392 1513 2445 οἱ
1555 2387 1609 2445 δὲ
1641 2390 1759 2467 ἐμοὶ
1801 2413 1911 2466 μα-

260 2474 439 2545 θηταὶ,
500 2474 604 2529 ἀπὸ
660 2475 1035 2539 ταπεινώσεως
1091 2478 1347 2552 τιμῶνται
1384 2496 1399 2510 ·
1447 2479 1585 2537 ὥστε
1615 2483 1703 2537 καὶ
1733 2484 1761 2536 6
1787 2482 1911 2556 μεί-

263 2568 369 2631 ζων
410 2561 577 2619 θέλων
634 2565 804 2644 εἶναι,
850 2564 1044 2644 ὀφείλει
1102 2565 1366 2625 διακονεῖν
1423 2584 1540 2634 τοῖς
1596 2568 1911 2627 ὑποδεεστέ-

2004 2042 2107 2123 e'os
2140 2028 2503 2107 perstringit,
2528 2039 2587 2091 et
2617 2032 2812 2123 sbjicit
2843 2052 2945 2123 eos
2976 2035 3033 2095 in
3068 2036 3395 2102 infidelium
3431 2028 3647 2123 etgenc

2005 2114 2195 2175 tilium
2222 2118 2812 2196 purtionem,siiuani
2836 2122 3041 2201 gloriae
3061 2128 3305 2190 studere
3334 2114 3647 2195 voluerint:

2003 2210 2063 2264 et
2089 2205 2175 2265 sic
2202 2224 2304 2266 eos
2335 2208 2700 2283 adhortatur,
2737 2211 2943 2272 dicens
2970 2229 2984 2274 :
3017 2214 3139 2276 Alii
3168 2217 3407 2297 quidem
3451 2221 3649 2285 homi-

1999 2310 2129 2364 nes,
2155 2294 2292 2373 quia
2319 2306 2549 2376 regunt,
2586 2298 2728 2358 clari
2761 2310 2937 2361 sunt:
2983 2310 3041 2363 et
3070 2294 3271 2366 amare
3305 2309 3646 2389 primatum,

1996 2384 2302 2478 gentilium
2337 2397 2424 2447 est
2452 2387 2710 2462 affectio;
2743 2408 2907 2450 meos
2946 2402 3141 2454 autem
3174 2384 3500 2478 discipulos
3529 2384 3650 2464 hu;

1998 2470 2223 2534 militas
2273 2478 2673 2553 commendat,
2721 2488 2777 2545 et
2829 2480 3208 2573 honorabiles
3236 2470 3421 2551 facit:
3469 2505 3651 2573 atque

1997 2562 2146 2662 adeo
2179 2564 2273 2641 qui
2301 2566 2491 2644 major
2528 2569 2965 2662 essevoluerit,
3002 2572 3201 2650 debet,
3236 2576 3330 2639 his
3363 2584 3465 2659 qui
3500 2562 3651 2662 opus

266 2673 400 2730 ροις,
436 2651 564 2732 ὅπερ
605 2658 705 2720 τῆς
765 2653 928 2734 ἄκρας
985 2654 1095 2712 ἐστὶ
1135 2658 1534 2723 ταπεινώσεως.
1569 2658 1659 2719 Ἐν
1702 2660 1912 2736 ἐμαυτῷ

1997 2650 2239 2731 habent,
2280 2657 2636 2731 ministrare,
2672 2657 2733 2718 id
2763 2660 2921 2739 quod
2955 2665 3269 2744 principum
3299 2650 3649 2735 humilitatis

265 2738 323 2796 δὲ
375 2748 529 2800 τοῦτο
570 2741 827 2820 δείκνυμι,
874 2745 932 2809 ὃς
962 2743 1145 2826 ἅρχων
1173 2748 1248 2804 ὢν
1291 2749 1378 2804 καὶ
1416 2749 1661 2824 βασιλεὺς
1710 2754 1817 2807 τῶν
1860 2750 1912 2806 έν

1997 2749 2112 2812 est,
2147 2751 2204 2803 et
2237 2744 2350 2807 hoc
2393 2745 2452 2806 in
2510 2747 2738 2827 ineipso
2784 2738 3036 2813 ostendo
3068 2771 3082 2815 :
3119 2738 3257 2816 cum
3317 2759 3475 2820 enim
3534 2762 3647 2824 sim

269 2834 541 2907 ούρανοῖς,
600 2833 925 2889 ἒταπείνωσα
984 2838 1236 2910 ἓμαυτὸν,
1284 2834 1615 2910 διακονήσων
1670 2842 1799 2917 ὑμῖν
1840 2842 1912 2904 εἷς

1997 2831 2274 2913 princeps
2306 2843 2363 2895 et
2392 2852 2493 2896 rex
2550 2838 2909 2920 caelestium,
2969 2842 3275 2906 humiliavi
3325 2852 3648 2932 memetip-

278 2920 376 2986 τὴν
434 2922 693 2999 σωτηρίαν
728 2939 742 2952 ·
802 2925 891 2979 καὶ
945 2934 1195 2983 τοσοῦτον
1238 2924 1530 2984 δουλεύσων
1570 2931 1724 3010 ὑμῖν,
1775 2930 1911 2987 ὥστε

1997 2936 2150 2995 sum,
2184 2921 2261 2983 ita
2283 2931 2344 3012 ut
2372 2924 2543 2987 vobis
2577 2926 2907 2989 ministrem
2932 2930 3006 2991 ad
3038 2936 3310 3012 salutem;
3342 2940 3475 2998 108
3503 2920 3647 3005 etin

273 3009 365 3064 καὶ
395 3010 493 3075 τὴν
534 3011 714 3089 ψυχὴν
750 3010 921 3069 δοῦναι
975 3012 1160 3093 λύτρον
1197 3015 1311 3071 ἀντὶ
1360 3016 1599 3095 πολλῶν,
1646 3009 1905 3094 τουτέστι,

1997 3014 2216 3070 tantum
2253 3011 2584 3075 ministrem
2613 3016 2800 3093 vobis,
2829 3026 2891 3078 ut
2920 3027 2979 3080 et
3005 3022 3264 3084 animam
3296 3009 3495 3090 meam
3531 3050 3644 3111 po-

266 3098 484 3154 πα’ντων
518 3114 532 3129 ⁸
567 3101 614 3156 οἱ
656 3102 753 3180 γὰρ
781 3102 998 3183 πάντες,
1031 3101 1242 3164 πολλοί.

1997 3115 2131 3159 nam
2161 3101 2635 3202 redemptionem
2671 3124 2776 3185 pro
2810 3107 3034 3185 multis,
3068 3111 3183 3173 hoc
3214 3122 3305 3175 est
3337 3098 3642 3183 omnibus:

1993 3205 2201 3249 omnes
2227 3190 2385 3251 enim
2411 3192 2600 3253 multi.

342 3302 370 3332 ι
408 3280 505 3336 Καὶ
572 3278 999 3358 ἐκπορευομένων
1056 3286 1230 3342 αὐτῶν
1304 3283 1411 3341 ὰπὸ
1487 3275 1721 3365 Ἰεριχὼ,
1767 3288 1907 3355 ἠκο-

2073 3274 2601 3345 Vens.29—34.uEt
2632 3284 3075 3361 egredientibus
3103 3287 3222 3351 illis
3250 3310 3284 3352 a
3332 3290 3639 3373 Hiericho,

258 3368 515 3434 λούθησεν
558 3371 705 3442 αῦσῷ
754 3369 923 3449 ὄχλος
992 3370 1174 3437 πολύς.
1251 3374 1349 3432 Καὶ
1407 3371 1515 3430 ἰδοὺ
1571 3372 1659 3431 δύο
1729 3375 1912 3455 τυφλοὶ

1997 3376 2195 3455 secuta
2219 3376 2308 3428 est
2337 3388 2471 3430 eum
2499 3373 2668 3432 turba
2701 3374 2904 3436 multa.
2931 3374 3001 3435 Et
3032 3395 3174 3439 ecce
3204 3379 3324 3440 duo
3375 3385 3513 3446 caeci
3544 3368 3640 3448 se;

258 3459 550 3531 καθήμενοι
610 3459 754 3535 παρὰ
806 3460 905 3526 τὴν
961 3458 1105 3542 ὁδὸν,
1162 3462 1479 3527 ἀκούσαντες
1550 3462 1629 3519 ὅτι
1701 3453 1909 3531 Ἰησοῦς

1997 3453 2201 3516 dentes
2232 3475 2403 3517 secus
2436 3460 2583 3519 viam
2604 3479 2737 3521 cum
2756 3464 3064 3526 audissent
3084 3468 3240 3546 quod
3257 3466 3433 3532 Jesus
3453 3481 3639 3537 trans-

256 3547 509 3624 παράγει,
570 3547 790 3626 ἔκραξαν
832 3548 1075 3628 λέγοντες
1113 3571 1125 3585 ⁸
1174 3550 1430 3619 Ἐλέησον
1500 3554 1667 3629 ημᾶς,
1727 3556 1905 3635 Κύριε,

1997 3542 2124 3613 iret,
2162 3546 2564 3607 clamaVerunt
2591 3550 2858 3613 dicentes
2896 3573 2909 3614 :
2948 3542 3233 3618 Miserere
3264 3565 3480 3637 nostri,
3514 3560 3640 3623 Do-

260 3638 370 3701 υίὸς
418 3635 608 3699 Δαυ³ιδ,
670 3629 729 3693 Ὀ
760 3636 814 3694 δὲ
845 3636 1010 3717 ὄχλος
1057 3641 1376 3717 ἐπετίμησεν
1420 3644 1601 3709 αὐτοῖς
1653 3645 1745 3699 ἶνα
1775 3629 1909 3700 σιωὲ

1998 3631 2179 3712 mine,
2233 3633 2559 3727 ﬁliiDavid.
2594 3636 2791 3701 Turba
2820 3651 3017 3703 autem
3066 3643 3412 3727 increpabat
3439 3629 3544 3712 eos
3576 3662 3636 3715 ut

261 3728 528 3794 πήσωσιν,
591 3728 651 3784 Οἱ
707 3725 761 3782 δὲ
807 3736 993 3803 μεῖζον
1025 3728 1259 3811 ἔκραζον,
1304 3730 1549 3809 λέγοντες
1583 3749 1598 3765 ⁸
1652 3730 1911 3801 Ἐλέησον

1997 3727 2276 3784 tacerent.
2311 3726 2389 3786 At
2411 3725 2493 3787 illi
2522 3729 2706 3807 magis
2738 3730 3091 3809 clamabant,
3125 3725 3415 3802 dicentes:
3449 3742 3635 3804 Mise-

254 3816 425 3890 ημᾶς,
482 3816 661 3895 Κύριε,
707 3819 816 3878 υἱὸς
852 3817 1035 3879 Δαυῗδ.
1090 3822 1190 3878 Καὶ
1238 3821 1364 3885 στὰς
1396 3824 1424 3877 6
1458 3819 1661 3889 Ἰησοῦς
1691 3822 1906 3903 ἐφώνη-

1997 3828 2126 3872 rere
2151 3813 2359 3889 nostri,
2392 3814 2662 3907 Domine,
2696 3820 2779 3881 ﬁli
2811 3822 3016 3885 David.
3049 3826 3119 3885 Et
3148 3827 3310 3888 stetit
3338 3829 3532 3907 Jesus,
3565 3850 3635 3895 ac

259 3925 349 3960 σεν
404 3907 614 3984 αὐτοὺς,
644 3909 731 3963 καὶ
775 3907 899 3963 εἷπε
935 3924 948 3938 ·
1012 3910 1072 3967 Τί
1125 3910 1302 3967 θέλετε
1360 3913 1573 3981 ποιήσω
1600 3914 1730 3988 ὑμῖν
1765 3913 1908 3987 ;Λέ-

1997 3906 2215 3988 vocavit
2243 3922 2367 3981 eos,
2402 3914 2459 3965 et
2487 3906 2568 3967 ait
2600 3924 2613 3968 :
2649 3908 2799 3981 Quid
2851 3912 3022 3973 vultis
3069 3921 3131 3974 ut
3170 3914 3389 3979 faciam
3419 3906 3637 3984 vobis?

253 4015 433 4071 γουσιν
479 3993 622 4069 αῦτῷ
655 4013 672 4030 ⁸
709 3996 888 4075 Κύριε,
926 3996 1018 4054 ἵνα
1065 3998 1387 4077 ἀνοιχθῶσιν
1416 4002 1585 4076 ἠμῶμ
1612 3987 1659 4058 οἱ
1703 4001 1906 4081 ὀφθαλ-

1997 3987 2204 4081 _D_icunt
2231 3993 2318 4053 illi
2352 4012 2365 4055 :
2403 3993 2675 4071 Domine,
2715 4008 2775 4059 ut
2805 4003 3149 4081 aperiantur
3205 4006 3359 4067 oculi
3420 4011 3631 4076 nostri.

250 4083 365 4157 μοί.
400 4085 827 4163 Σπλαγχνιτθεὶς
870 4074 926 4140 δὲ
969 4089 997 4142 6
1040 4074 1269 4163 Ἰησοῦς,
1316 4074 1496 4164 ἥψατο
1545 4074 1651 4145 τῶν
1700 4074 1904 4171 ὀιξθαλ-

1997 4075 2263 4141 Misertus
2291 4091 2487 4142 autem
2521 4103 2727 4145 eorum
2753 4074 3143 4170 Jesus,tetigit
3164 4093 3369 4155 oculos
3399 4113 3629 4173 eorum,

250 4176 368 4246 μῶν
430 4175 623 4247 αὐτῶν,
670 4175 756 4229 καὶ
800 4174 987 4240 εῦθέως
1037 4172 1334 4251 ἀνέϐλεψαν
1380 4177 1553 4233 αὐτῶν
1600 4183 1647 4235 οἱ
1704 4170 1904 4257 6101‘.-

1997 4175 2050 4227 et
2076 4170 2385 4231 confestim
2434 4172 2621 4234 visum
2671 4188 3027 4257 receperunt
3080 4182 3236 4242 oculi
3277 4183 3539 4259 illorum,
3576 4170 3635 4250 et

251 4262 368 4340 μοὶ,
425 4263 514 4318 καὶ
582 4261 949 4331 ἠκολούθησαν
991 4266 1157 4340 αὐτῷ.
1190 4283 1221 4325 ι
1286 4266 1421 4323 Ἀπὸ
1463 4266 1559 4335 τῆς
1616 4269 1805 4347 φήμης
1858 4272 1905 4325 οἱ

1997 4258 2172 4317 secuti
2197 4270 2334 4320 sunt
2363 4279 2522 4321 eum.
2558 4287 2582 4320 υ
2630 4263 2813 4326 Fama
2843 4280 3203 4346 agnoverant
3250 4276 3390 4335 caeci
3421 4258 3628 4338 Domi-

250 4349 437 4430 τυφλοὶ
495 4351 707 4420 γνόντες
765 4354 855 4409 τὸν
940 4355 1152 4431 Κύριον,
1239 4352 1543 4446 ἐδράξαντο,
1572 4366 1667 4417 τοῦ
1721 4364 1906 4438 καιροῦ

1997 4363 2155 4422 num,
2199 4357 2257 4446 et
2287 4347 2681 4446 observabant
2711 4362 2945 4436 tempus
2975 4376 3107 4419 cum
3139 4361 3445 4424 audissent
3472 4369 3629 4446 quod

251 4439 573 4503 ἀκούσαντες
630 4441 729 4517 μὲν
785 4440 867 4497 ὅτι
921 4442 1248 4523 παρέρχεται
1300 4446 1401 4513 τὴν
1455 4443 1575 4502 ὀδόν
1606 4462 1623 4479 ⁸
1684 4437 1903 4505 πιστεύ-

1997 4437 2340 4533 ρτωιοτὶςει.
2365 4441 2767 4533 _Credideruut
2796 4456 2994 4508 autem
3017 4449 3173 4529 quod
3194 4446 3369 4512 Jesus
3402 4437 3527 4533 (qui
3559 4474 3629 4517 ex

252 4549 443 4591 σαντες
484 4526 567 4609 δὲ,
611 4529 696 4587 ὅτι
729 4529 933 4597 Ἰησοῦς
965 4534 993 4589 6
1046 4533 1106 4589 ἐκ
1153 4532 1455 4613 σπέρματος
1488 4533 1658 4592 Δαυ¹ιδ
1683 4537 1745 4593 τὸ
1769 4537 1907 4593 κατὰ

1997 4526 2219 4589 semine
2235 4527 2420 4592 David
2443 4531 2770 4593 secundum
2798 4526 3063 4607 carneni')
3086 4547 3284 4618 posset
3307 4526 3516 4605 curare
3552 4548 3628 4607 il-

252 4618 449 4697 σέρκα,
494 4617 712 4684 δυνατὸς
770 4620 837 4688 ἧν
891 4623 1212 4696 θεραπεῦσαι
1268 4622 1476 4694 αὖτοὺς,
1536 4626 1611 4689 ὡς
1660 4622 1716 4681 δὲ
1773 4623 1907 4704 ἄγαν

1997 4615 2175 4678 los.Et
2204 4619 2378 4709 plane
2412 4622 2658 4682 multum
2680 4623 2986 4686 fervebant
3015 4615 3354 4709 tide,neque
3385 4636 3527 4694 dum
3548 4643 3629 4696 ta-

247 4706 435 4785 θερμοί
489 4710 609 4787 περὶ
662 4709 763 4776 τὴν
819 4711 1015 4786 πίστιν,
1068 4708 1187 4768 οὐδὲ
1228 4710 1691 4800 ἔπιστομιζόμενοι
1734 4713 1904 4771 ἐσιώ-

1997 4708 2911 4800 cereiuberentur,silebant,sed
2930 4715 3105 4795 longe
3123 4706 3381 4800 amplius
3402 4722 3628 4786 clama-

251 4816 393 4867 πων,
456 4794 591 4853 ἀλλὰ
643 4798 730 4854 καὶ
785 4795 956 4855 πλείω
1010 4798 1253 4892 ἔκραζον.
1324 4793 1504 4892 βὈθεν
1561 4800 1679 4860 οὐδὲ
1734 4802 1905 4884 ξρωτᾷ

1997 4795 2149 4859 bant.
2180 4795 2343 4892 Dnde
2367 4818 2481 4892 non
2502 4803 2881 4882 interrogavit
2899 4793 3124 4866 illos—an
3142 4793 3320 4870 [idem
3344 4810 3623 4892 habeant,

250 4887 442 4951 αὐτοὺς
485 4887 532 4942 εί
573 4886 749 4943 πίστιν
791 4886 1049 4979 ἔχουσιν.-
1092 4888 1230 4979 ἀλλὰ
1281 4890 1332 4947 τί
1364 4889 1633 4979 θέλουσιν,
1672 4892 1764 4950 ἵνα
1823 4893 1901 4969 μὴ

1997 4889 2089 4979 sed
2119 4887 2261 4979 quid
2292 4889 2551 4979 vellent:
2586 4909 2662 4952 ne
2692 4893 2827 4973 quis
2856 4894 3152 4957 existimet
3180 4898 3339 4979 quod
3387 4900 3503 4964 alia
3527 4886 3628 4966 det

246 4995 330 5038 τις
385 4974 581 5052 νομίσῃ
610 4974 692 5032 ὅτι
747 4975 884 5037 ἄλλα
930 4968 1281 5055 ’βουλομένοις
1337 4978 1474 5038 ἄλλα
1525 4979 1721 5043 δίδωσι.
1789 4968 1900 5039 Δεί-

245 5085 430 5121 κνυσιν
486 5063 576 5122 οὖν
619 5065 700 5121 ὃτι
732 5065 837 5146 οῦχ
868 5064 1043 5123 ἕνεκεν
1074 5074 1165 5124 τοῦ
1206 5066 1392 5127 λαϐεῖν
1433 5070 1678 5150 ἀργύριον
1709 5069 1898 5147 ἰϐόων,

244 5152 386 5209 ἆλλᾶ
440 5162 534 5211 τοῦ
573 5154 808 5223 ἰαθῆναι.
852 5152 1155 5231 Ἀψάμενος
1205 5155 1260 5215 δὲ
1315 5161 1609 5240 θεραπεύει,
1653 5160 1747 5218 ἵνα
1789 5162 1901 5236 μά-

245 5245 448 5318 θωμεν,
503 5242 584 5299 ὅτι
629 5251 735 5301 πᾶν
778 5242 937 5321 μέλος
967 5245 1065 5313 τῆς
1092 5247 1245 5325 ἁγίας
1287 5251 1442 5308 αὐτοῦ
1486 5252 1704 5329 σαρκὸς,
1757 5258 1899 5322 ζωο-

244 5334 403 5390 ποιὸν
458 5335 546 5390 καὶ
602 5340 736 5391 Θεοῦ
790 5332 949 5409 μέλος
1026 5333 1114 5401 ἦν,
1177 5338 1234 5394 Ei
1290 5334 1344 5393 δὲ
1386 5340 1416 5395 6
1486 5344 1689 5403 Λουκᾶς
1734 5341 1821 5396 καὶ
1870 5341 1898 5396 ὁ

246 5423 460 5502 Μάρκος
518 5423 609 5481 ἕνα
638 5422 849 5502 λέγοιηι
878 5425 971 5481 τὸν
1026 5423 1247 5505 τυφλὸν,
1305 5426 1452 5487 οῦδὲν
1492 5431 1648 5487 τοῦτο
1690 5426 1895 5511 διαφω-

1982 4975 2098 5038 alia
2123 4977 2819 5071 volentibus.Monstrans
2850 4983 3029 5063 igitur
3043 4975 3333 5065 quodnon
3356 4993 3627 5071 pecuniae

1984 5067 2170 5144 gratia
2199 5069 2272 5129 ad
2300 5086 2365 5130 se
2390 5070 2720 5147 clamarint,
2739 5074 2845 5135 sed
2871 5084 2933 5135 ut
2964 5086 3271 5152 curentur,
3303 5067 3488 5143 tactos
3512 5103 3624 5146 cu-

1982 5157 2480 5229 rat,utdiscamus
2498 5161 2698 5221 omnia
2721 5179 2845 5223 suae
2872 5174 3091 5226 sancta:
3111 5168 3308 5229 carnis
3330 5172 3621 5251 membra,

1982 5245 2211 5307 viviﬁca
2240 5258 2298 5307 et
2325 5247 2434 5310 Dei
2467 5251 2737 5312 membra
2774 5270 2926 5316 esse.
2963 5252 3130 5326 Quod
3180 5269 3379 5321 autem
3434 5245 3626 5327 Lucas

1981 5345 2039 5399 et
2072 5340 2299 5399 Marcus
2332 5356 2510 5399 unum
2536 5340 2741 5404 dicunt
2766 5360 2989 5404 cacum
3022 5344 3231 5426 fuisse,
3256 5368 3376 5411 non
3426 5353 3500 5413 ab
3532 5353 3626 5415 his

1979 5427 2245 5489 dissonat
2272 5426 2357 5491 δῦ.
2392 5428 2481 5488 llli
2512 5432 2672 5491 enim
2705 5431 3046 5512 insignioris
3074 5439 3437 5502 mentionem
3470 5442 3626 5506 fece-

248 5526 331 5570 νεῖ
362 5529 377 5544 ⁸
438 5514 635 5573 ἇκεῖνοι
715 5515 816 5594 γὰρ
872 5521 965 5572 τοῦ
1040 5513 1449 5597 ξπιφανωτίρου
1530 5518 1889 5595 ἐμνήσθησαν.

1997 5513 2249 5582 'unt.Vel
2271 5516 2657 5595 aliter,Lucas
2678 5521 2822 5585 dicit
2851 5524 3008 5604 quod
3041 5532 3357 5609 antequam
3384 5532 3627 5597 veniret

326 5682 521 5749 “Luc.
570 5700 742 5764 xvm,
781 5681 980 5745 Matth.
1020 5704 1072 5747 ι.
