4170 6424
544 319 655 384 371
1510 320 2105 383 THEOPHYLACTI
2149 318 2553 381 BULGABJE
2595 322 2958 383 ARCHIEP.
3806 324 3929 387 372

546 454 853 518 columbas
883 457 1182 536 evertit,et
1210 454 1356 517 dixit
1383 451 1829 534 illis:Scriptum
1858 450 2181 531 est,Domu:

2283 449 2524 530 έστρεψε,
2558 454 2646 509 καὶ
2693 454 2788 517 τὰς
2837 452 3089 534 καθέδρας
3134 456 3239 512 τῶν
3288 455 3604 513 πωλούντων
3634 458 3730 520 τὰς
3772 477 3932 537 περι-

548 562 683 607 mea
712 546 924 607 domus
951 542 1389 627 deprecationis
1404 542 1707 605 vocabitur
1735 563 1749 605 :
1772 550 1830 602 at
1850 560 1954 603 vos
1977 539 2181 603 fecisti:

2284 541 2489 616 στεράς.
2540 544 2636 599 Καὶ
2680 541 2822 621 λέγει
2852 544 3039 609 αὺτοῖς
3081 561 3097 580 ⁸
3131 544 3427 625 Γέγραπται
3466 565 3479 578 ·
3518 537 3576 603 Ὀ
3633 547 3787 611 οἶκός
3830 568 3936 622 μου

544 632 709 695 illam
766 635 1109 714 speluncam
1163 632 1483 695 latronum.
1522 658 1549 689 ι
1578 631 1883 713 Tanquam
1922 629 2181 692 dominus

2281 630 2438 693 οἶκος
2480 633 2790 712 προσευχῆς
2833 633 3162 703 κληθήσεται
3197 650 3212 665 '
3260 636 3416 710 ὑμεῖς
3463 634 3518 692 δὲ
3562 638 3718 693 αὑτὸν
3749 634 3940 706 ἐποιή-

544 721 778 797 domus,
817 724 924 785 hoc
943 732 1054 804 est,
1091 722 1319 804 templi,
1354 722 1533 803 ejecit
1563 721 1887 784 vendentes
1925 742 1939 783 :
1993 727 2181 781 osten-

2281 740 2408 775 σατε
2450 722 2714 804 σπῄΛαιον
2756 721 2991 799 λῃστῶν.
3032 745 3057 780 ι
3098 714 3190 787 Ὠς
3233 721 3494 792 δεσπότης
3543 748 3634 782 του
3683 726 3861 806 οἴκου,
3911 726 3939 781 ὅ

544 811 694 873 dens
724 831 794 873 ea
818 831 947 893 qua
973 814 1159 877 Patris
1184 821 1412 887 sunt,et
1441 831 1548 874 sua
1564 831 1719 892 esse,
1751 810 1989 873 interim
2015 809 2181 872 etiam

2281 806 2393 865 ἐστι
2454 817 2549 867 τοῦ
2588 811 2750 888 ἱεροῦ,
2818 809 3028 877 ἐξέϐαλε
3086 813 3207 875 τοὺς
3260 811 3592 877 πωλοῦντας·
3626 811 3825 880 δεικνὺς
3854 814 3938 870 ὅτι

540 902 835 963 honestati
870 902 1080 982 templi
1107 921 1308 965 curam
1344 901 1595 983 habens,
1627 901 1730 963 sed
1765 911 1819 962 et
1853 897 2181 961 translatio-

2277 898 2344 953 τὰ
2387 898 2478 954 τοῦ
2521 902 2750 978 Πατρὸς,
2809 902 2897 957 καὶ
2941 903 3097 958 αὐτοῦ
3128 903 3249 959 εἶσι.
3298 909 3463 961 Τοῦτο
3490 900 3544 958 δὲ
3576 903 3763 974 ἐποίει,
3820 902 3937 978 ἃμα

538 1008 677 1052 nem
710 991 1139 1054 sacriﬁciorum
1173 991 1541 1071 signiﬁcans,
1573 1010 1643 1053 eo
1694 989 1851 1073 quod
1898 987 2181 1069 ejicivndt

2279 987 2377 1060 μὲν
2434 990 2521 1044 καὶ
2570 994 2667 1057 τῆς
2700 994 2982 1065 εὐκοσμίας
3041 992 3134 1047 τοῦ
3187 994 3327 1069 ἱεροῦ
3373 994 3675 1071 φροντίζων,
3713 993 3824 1067 ἅμα
3877 991 3931 1049 δὲ

541 1078 725 1142 boves
757 1087 817 1141 et
841 1081 1169 1153 columbas,
1204 1081 1573 1162 praesignavit
1603 1099 1722 1142 non
1753 1079 1907 1140 ultra
1928 1095 2077 1158 opus
2105 1094 2195 1138 es-

539 1187 605 1231 se
627 1170 974 1232 animalium
1006 1170 1299 1232 sacriﬁcio
1332 1180 1433 1231 aut
1462 1171 1892 1252 immolatione,
1922 1166 2027 1229 sed
2059 1185 2191 1229 ora-

540 1259 726 1320 tione.
762 1261 984 1322 Domus
1027 1263 1184 1322 enim
1220 1278 1374 1333 mea,
1404 1260 1620 1337 inquit,
1657 1259 1869 1343 domus
1897 1259 2188 1338 depreca-

541 1348 721 1409 tionis
750 1357 863 1423 est;
896 1368 999 1411 vos
1022 1358 1216 1411 autem
1252 1350 1474 1411 fecistis
1502 1350 1662 1411 illam
1709 1349 2050 1428 speluncam
2097 1345 2189 1408 la-

540 1443 803 1500 tronum.
840 1441 911 1501 In
931 1438 1233 1519 speluncis
1266 1438 1420 1498 enim
1460 1438 1755 1499 latronum
1790 1437 1935 1498 ﬁunt
1968 1444 2187 1497 macta-

542 1524 756 1607 tiones,
792 1527 1173 1605 etsanguinis
1219 1527 1562 1590 effusiones.
1596 1526 1703 1589 Vel
1738 1526 1911 1588 etiam
1946 1534 2193 1605 propter

540 1615 942 1694 negotiatores
966 1624 1234 1677 ementes
1264 1626 1323 1677 et
1345 1616 1694 1690 vendentes,
1731 1615 2075 1696 speluncam
2109 1613 2190 1674 la-

539 1711 774 1765 tronum
809 1705 1026 1767 vocavit
1058 1706 1368 1786 templum.
1424 1705 1683 1768 Avaritia
1726 1706 1881 1765 enim
1926 1713 1982 1764 et
2040 1702 2190 1765 lucri

537 1793 854 1873 cupiditas,
885 1794 1183 1856 latronum
1218 1793 1460 1855 morbus
1490 1802 1599 1858 est.
1636 1792 1968 1874 Collybista:
1992 1800 2187 1853 autem

535 1890 677 1943 sunt
729 1884 828 1963 qui
877 1884 1032 1963 apud
1082 1902 1188 1944 nos
1236 1884 1516 1946 dicuntur
1558 1883 1858 1945 mensarii.
1913 1876 2382 1962 CollybosBéact
2414 1900 2431 1918 -

537 1969 697 2032 enim
727 1972 963 2053 species
983 1982 1073 2035 est
1104 1972 1232 2034 vilis
1249 1974 1804 2055 numismatis,sicut
1822 1971 2112 2033 habemus
2133 1979 2192 2033 et

534 2077 645 2121 nos
678 2059 985 2142 obolos(a)
1001 2072 1100 2124 aut
1132 2082 1406 2125 nummos
1438 2060 2062 2142 argenteos.Vendunt
2090 2079 2164 2121 au

2278 1078 2364 1132 καὶ
2418 1077 2517 1144 τὴν
2565 1078 2843 1154 μετάθεσιν
2871 1086 2977 1137 τῶν
3019 1083 3209 1136 θυσιῶν
3258 1083 3532 1157 σημαίνων
3566 1099 3581 1112 ’
3614 1078 3680 1137 δι’
3711 1082 3787 1139 ῶν
3829 1083 3932 1159 γὰρ

2277 1164 2520 1232 ἐξέϐαλλε
2575 1170 2695 1233 τοὺς
2740 1169 2867 1245 βόας
2925 1171 3013 1226 καὶ
3056 1170 3150 1232 τὰς
3201 1172 3534 1250 περιστερὰς,
3567 1173 3926 1249 προεμήνυεν,

2273 1254 2353 1311 ὅτι
2414 1257 2507 1313 οῦκ
2556 1257 2630 1341 ἔτι
2679 1259 2836 1339 χρεία
2877 1261 3177 1330 ζωοθυβιῶν
3212 1260 3249 1328 ἢ
3281 1262 3538 1341 σφαγίων,
3585 1259 3724 1316 ἀλλά
3753 1283 3927 1339 προσ-

2274 1350 2445 1425 ευχῆς
2477 1362 2491 1376 ⁸
2557 1338 2613 1405 ιΟ
2775 1349 2928 1411 οἶκός
2960 1372 3083 1424 μου,
3145 1338 3338 1429 φησὶν,
3390 1351 3547 1414 οἶκος
3591 1338 3930 1431 προσευχῆς,

2270 1435 2428 1509 ὑμεῖς
2482 1433 2535 1490 δὲ
2590 1437 2876 1507 ἐποιήσατε
2930 1441 3087 1496 αὐτὸν
3143 1438 3411 1509 σπήλαιον
3454 1438 3683 1516 λῃστῶνο
3748 1439 3801 1496 ἐν
3828 1442 3931 1519 γὰρ

2272 1536 2388 1587 τοῖς
2453 1524 2737 1592 σπηλαίοις
2796 1534 2903 1583 τῶν
2986 1527 3200 1604 λῃστῶν
3258 1530 3491 1607 γίνονται
3577 1530 3771 1609 σφαγαὶ
3840 1544 3930 1596 καὶ

2272 1615 2679 1693 αὶματεκχυσίαι
2711 1633 2724 1647 ⁸
2772 1617 2807 1685 ἢ
2867 1619 2953 1673 καὶ
3005 1616 3088 1674 διὰ
3160 1619 3280 1682 τοὺς
3339 1616 3763 1692 καπηλεύοντας,
3838 1629 3928 1681 καὶ

2271 1701 2621 1781 ἀγοράζοντας
2664 1708 2752 1763 καὶ
2808 1706 3141 1787 πωλοῦντας,
3205 1706 3470 1777 σπήλαιον
3528 1706 3739 1784 λῃστῶν
3788 1708 3923 1763 ἐκά-

2271 1789 2392 1847 λεσε
2422 1795 2482 1849 τὸ
2524 1795 2661 1873 ἱερόν
2698 1814 2711 1828 '
2771 1798 2833 1853 τὸ
2884 1798 2983 1877 γάρ
3036 1794 3363 1876 φιλοκερδὲς,
3413 1795 3696 1875 λῃστρικὸν
3754 1798 3923 1861 πάθος

2494 1883 2828 1944 κολλυϐισταὶ
2879 1885 2934 1942 δέ
2989 1887 3120 1944 εἰσιν
3178 1889 3225 1943 οἱ
3278 1884 3400 1965 παρ’
3445 1888 3581 1961 ἡμῖν
3636 1884 3920 1963 λεγόμενοι

2272 1979 2593 2048 τραπηζῖται
2630 1992 2645 2007 ·
2703 1972 2957 2039 κόλλυϐος
2988 1976 3108 2053 γάρ,
3144 1973 3289 2038 εἶδός
3331 1975 3441 2031 ἐστι
3474 1976 3793 2050 νομίσματος
3825 1974 3918 2029 εὗ-

2273 2058 2477 2141 τελοῦς,
2525 2064 2701 2142 ὥσπερ
2749 2065 2948 2144 ἔχομεν
2978 2067 3145 2144 τυχὸν
3188 2067 3350 2139 ἡμεῖς
3391 2066 3511 2127 τοῦς
3544 2061 3759 2127 ὀϐολοὺς
3788 2064 3824 2132 ἢ
3854 2065 3922 2119 te:

532 2155 656 2213 tem
689 2151 996 2214 columbas
1019 2160 1076 2214 et
1100 2152 1157 2214 hi
1184 2153 1285 2233 qui
1301 2153 1361 2214 in
1390 2152 1677 2215 Ecclesiis
1693 2151 1910 2230 gradus
1931 2150 2181 2211 vendunt

2274 2148 2520 2230 ἀργύρια,
2582 2156 2821 2209 Πωλοῦσι
2870 2152 2923 2209 δὶ
2967 2155 3275 2232 περιστερὰς
3335 2155 3423 2209 καὶ
3482 2156 3529 2210 οἱ
3560 2155 3680 2216 τοὺς
3711 2153 3765 2210 ἐν
3794 2167 3921 2217 ταῖς

534 2236 787 2318 Spiritus
830 2240 991 2301 enim
1043 2241 1329 2319 gratiam,
1382 2241 1482 2322 qui
1526 2245 1619 2303 est
1675 2239 1973 2314 columba,
2035 2256 2181 2300 ven-

2274 2236 2613 2307 Ἐκκλησίαις
2670 2244 2900 2318 βαθμοὺς
2944 2242 3268 2305 πωλοῦντες.
3318 2244 3426 2309 Τὴν
3478 2243 3578 2321 γὰρ
3627 2249 3719 2300 τοῦ
3752 2244 3924 2298 Ilvati-

533 2326 682 2388 dunt
722 2328 841 2408 ipsi
878 2350 890 2392 :
929 2329 1086 2390 unde
1116 2330 1438 2409 ejiciuntur
1467 2348 1537 2392 ex
1568 2347 1829 2407 superno
1863 2337 1919 2390 et
1954 2327 2181 2389 inferno

2274 2349 2435 2400 ματος
2494 2332 2677 2410 χάριν,
2736 2330 2763 2387 ὅ
2846 2332 2956 2388 ἐστι
3038 2333 3335 2410 περιστερὰ,
3422 2338 3688 2388 πωλοῦσιν
3749 2334 3919 2394 αὐτοί,

535 2417 776 2497 templo.
805 2418 1040 2497 lndigni
1067 2419 1226 2480 enim
1264 2428 1401 2481 sunt
1432 2418 1766 2481 sacerdotio
1814 2417 1999 2497 fungi.
2034 2415 2181 2479 Vide

2274 2411 2437 2475 ιὈθεν
2494 2418 2839 2477 ἐκόάλλονται
2884 2420 2943 2477 ἐκ
2998 2424 3089 2477 τοῦ
3142 2420 3250 2476 ἅνω
3310 2428 3458 2494 ναοῦ,
3507 2424 3596 2478 καὶ
3625 2428 3716 2479 τοῦ
3746 2422 3918 2478 m’tw'

533 2512 727 2567 autem
762 2514 820 2569 et
850 2516 912 2569 tu
941 2526 1016 2569 ne
1048 2506 1203 2569 forte
1236 2508 1523 2588 templum
1582 2506 1711 2581 Dei,
1766 2506 2181 2587 cogitationem

2274 2506 2464 2573 ἀνάξιοι
2522 2510 2620 2587 γάρ
2651 2511 2780 2566 εἰσιν
2809 2510 3113 2589 ἱερατεύειν.
3180 2508 3346 2566 Βλέπε
3396 2508 3565 2565 δὲκαὶ
3598 2512 3658 2566 σὺ
3704 2513 3918 2586 μήποτε

532 2602 690 2656 tuam
736 2595 920 2658 facias
965 2597 1313 2677 speluncam
1366 2597 1683 2670 latronum,
1721 2597 1776 2656 id
1812 2604 1920 2669 est,
1955 2595 2181 2657 daemo-

2274 2597 2322 2653 τὸ
2378 2598 2515 2677 ἱερὸν
2558 2604 2648 2655 τοῦ
2680 2605 2831 2672 Θεοῦ,
2864 2599 3121 2671 τουτέστι,
3154 2598 3253 2667 τὴν
3293 2599 3393 2665 σὴν
3440 2597 3695 2670 διάνοιαν,
3743 2603 3916 2670 ποιή-

531 2682 788 2746 niorum.
823 2684 951 2748 Fiet
981 2696 1180 2748 autem
1233 2687 1540 2767 spelunca,
1576 2686 1627 2747 si
1658 2685 2042 2747 habuerimus
2078 2703 2178 2746 co-

2274 2706 2361 2760 της
2394 2684 2659 2755 σπήλαιον
2688 2685 2921 2763 λῇστῶν,
2951 2687 3213 2762 τουτέστι,
3260 2692 3365 2743 τῶν
3418 2685 3702 2762 δαιμόνων.
3737 2692 3914 2759 Γενή-

532 2772 844 2850 gitationes
871 2774 1212 2837 carnalibus
1258 2775 1437 2837 rebus
1471 2776 1719 2856 amicas,
1764 2774 2089 2836 vendentes
2120 2785 2181 2834 et

2274 2794 2408 2829 τεται
2442 2772 2497 2830 δὲ
2541 2774 2829 2849 σπήλαιον,
2863 2775 2953 2833 ἐὰν
2980 2774 3196 2856 ἔχωμεν
3254 2775 3540 2853 λογισμοὺς
3600 2776 3907 2859 φιλούλους,

531 2870 820 2934 ementes,
854 2872 912 2924 et
944 2867 1022 2926 ita
1050 2865 1202 2927 lucri
1231 2865 1498 2945 cupidas,
1533 2874 1598 2927 ut
1631 2872 1688 2925 et
1717 2864 1979 2945 collybos
2003 2870 2059 2924 et
2087 2861 2178 2924 vi-

2274 2860 2568 2926 πωλοῦντας
2646 2866 2733 2921 καὶ
2824 2865 3175 2945 ἀγοράζοντας
3270 2866 3356 2922 καὶ
3444 2864 3913 2948 φιλοχρημάτους,

531 2950 612 3012 lia
640 2951 997 3014 numismata
1026 2963 1428 3033 congregem;
1464 2956 1592 3014 lit
1631 2959 1690 3015 et
1739 2954 1785 3013 si
1839 2951 2181 3013 vendideri-

2274 2948 2394 3030 ’άχρι
2451 2953 2535 3008 καὶ
2578 2956 2748 3011 αὐτῶν
2806 2960 2911 3009 τῶν
2962 2950 3233 3010 xeniova
3263 2952 3381 3021 ἤτοι
3426 2961 3530 3010 τῶν
3562 2955 3788 3011 εὖτελῶν
3818 2981 3919 3014 νο-

533 3058 665 3100 mus
698 3048 754 3101 et
786 3040 1109 3103 emerimus
1166 3041 1497 3122 columbas,
1531 3042 1642 3102 hoc
1685 3048 1796 3115 est,
1839 3040 1889 3101 si
1935 3040 2090 3119 quod
2121 3039 2181 3103 in

2274 3040 2549 3114 μισμάτων
2605 3045 2925 3121 συνάγοντας
2956 3060 2968 3074 ‘
3060 3045 3146 3100 καὶ
3224 3042 3314 3099 ἐὰν
3401 3042 3662 3120 πωλῶμεν
3720 3043 3771 3100 δὲ
3832 3048 3924 3102 καὶ

531 3130 708 3193 nobis
738 3131 916 3194 fuerit
943 3132 1251 3215 spirituale
1293 3134 1529 3214 dogma,
1582 3141 1638 3195 et
1687 3132 2029 3213 hujusmodi
2070 3133 2181 3194 ho-

2274 3127 2601 3207 ἐκπριώμεθα
2644 3134 2738 3194 τας
2782 3132 3118 3209 περιστερὰς,
3173 3132 3464 3206 τουτέστιν,
3525 3132 3578 3188 εἴ
3607 3156 3656 3189 τι
3691 3133 3745 3189 ἐν
3781 3137 3923 3210 ἡμῖν

531 3228 701 3283 nesta
731 3222 1029 3300 cogitatio,
1062 3225 1408 3304 speluncam
1440 3225 1738 3288 latronum
1792 3222 2041 3285 fecimus
2077 3239 2181 3283 nos

2274 3216 2359 3285 εἴη
2416 3222 2769 3293 πνευματικὸν
2820 3218 2992 3298 δόγμα
3044 3221 3129 3276 καὶ
3187 3218 3445 3298 λογισμὸς
3475 3232 3736 3303 τοιοῦτος,
3768 3228 3923 3294 σπή-

524 3326 709 3390 Ipsos.

608 3396 793 3463 Vens.
845 3399 940 3464 14.
1000 3422 1023 3457 ι
1059 3399 1129 3462 Et
1179 3409 1566 3465 accesserunt
1618 3400 1690 3462 ad
1741 3418 1875 3461 eum
1929 3398 2069 3459 caeci
2120 3404 2183 3460 et

526 3487 725 3550 claudi
752 3488 815 3550 in
848 3489 1070 3571 templo
1101 3510 1114 3552 :
1151 3501 1211 3551 et
1246 3490 1470 3552 sanavit
1509 3508 1633 3552 eos.
1684 3512 1707 3545 ι
1745 3491 1861 3551 Per
1907 3488 2177 3550 inﬁrmos

525 3594 675 3657 quos
707 3577 955 3659 curavit,
989 3578 1247 3640 ostendit
1281 3598 1347 3640 se
1380 3581 1568 3642 Deum
1599 3597 1756 3653 esse,
1812 3586 1871 3639 et
1902 3575 2056 3637 bene
2086 3575 2174 3636 fa-

524 3684 686 3741 cere,
735 3666 981 3747 eiiciens
1023 3687 1159 3729 cum
1194 3670 1542 3732 auctoritate
1590 3689 1623 3731 e
1670 3668 1849 3730 domo
1881 3686 1984 3728 sua
2013 3666 2176 3728 indi-

523 3773 691 3833 gnos.
724 3756 1071 3818 Declaratur
1100 3757 1277 3819 etiam
1310 3759 1450 3837 hoc,
1479 3759 1635 3838 quod
1671 3758 1883 3837 ejectis
1926 3755 2173 3833 Judaais,

525 3844 625 3923 qui
655 3844 775 3924 legi
827 3852 886 3906 et
934 3846 1279 3908 animalium
1330 3847 1672 3910 mactationi
1724 3846 1944 3908 addicti
1981 3854 2168 3917 erant,

525 3932 667 4083 eieci
695 3940 754 3995 et
775 3932 969 3997 claudi
998 3951 1069 3997 ex
1100 3936 1380 4015 gentibus
1408 3936 1697 4017 assumpti
1728 3936 1947 3998 fuerint
1979 3934 2172 3997 sanati

525 4038 559 4083 α
630 4038 723 4083 eo.

523 4038 598 4083 an
630 4038 723 4083 eo.

605 4112 786 4174 Vens.
824 4117 918 4188 15,
951 4115 1045 4175 16.
1086 4138 1113 4169 α
1141 4115 1287 4176 Cum
1321 4121 1513 4176 autem
1559 4113 1842 4176 vidissent
1873 4114 2174 4194 principes

2265 3304 2413 3364 λαιον
2442 3306 2653 3385 λῃστῶν
2686 3310 3015 3384 ἐποιήσαμεν
3046 3310 3278 3374 ἑαυτους.

2350 3419 2377 3450 ι
2414 3398 2512 3454 Καὶ
2569 3398 2867 3475 προσῆλθον
2925 3397 3066 3471 αὖτῷ
3123 3396 3298 3478 χωλοὶ
3357 3400 3442 3455 καὶ
3497 3398 3681 3479 τυφλοὶ
3727 3401 3781 3455 ἐν
3838 3409 3919 3477 τῷ

2261 3487 2405 3563 ἱερῷ,
2481 3488 2568 3543 καὶ
2627 3488 2967 3566 ἐθεράπευσεν
3040 3487 3250 3549 αὐτούς.
3304 3510 3332 3541 ι
3384 3485 3468 3553 Ἐξ
3510 3492 3583 3544 ῶν
3638 3492 3913 3569 θεραπεύει

2261 3576 2382 3637 τοὺς
2425 3576 2664 3642 ἀσθενεῖς
2695 3576 2945 3633 δείκνυσιν
2976 3575 3056 3632 ὅτι
3089 3577 3215 3639 Θεός
3247 3576 3358 3633 ἐστι
3401 3578 3489 3633 καὶ
3523 3576 3699 3641 καλῶς
3732 3594 3903 3656 ποιεῖ,

2262 3661 2532 3722 ἐκϐάλλων
2589 3664 2707 3740 μετ’
2737 3665 2969 3731 ἐξουσίας
3001 3664 3061 3721 ἐκ
3088 3671 3180 3721 τοῦ
3230 3665 3383 3722 οἴκου
3434 3666 3589 3723 αῦτοῦ
3631 3669 3747 3733 τοὺς
3806 3669 3908 3723 ἀν-

2262 3750 2429 3817 αξίους
2465 3770 2479 3784 ⁹
2530 3752 2776 3821 δηλοῦται
2808 3752 2860 3809 δὲ
2892 3753 2979 3810 καί
3009 3764 3185 3828 τοῦτο,
3219 3752 3298 3810 ὅτι
3344 3754 3459 3830 μετ’
3491 3755 3519 3810 ὃ
3549 3753 3908 3827 ἐξεϐλήθησαν

2262 3844 2308 3897 οἱ
2366 3839 2635 3916 Ἰουδαῖοι,
2684 3865 2733 3899 οι
2778 3850 2853 3919 τῷ
2886 3844 3032 3918 νόμῳ
3073 3845 3159 3900 καὶ
3192 3856 3314 3908 ταῖς
3341 3847 3691 3924 ζωοσφαγίαις
3737 3869 3910 3923 προσ-

2260 3930 2500 4012 έχοντες,
2561 3936 2607 3989 οἱ
2661 3932 2864 4013 τυφλοὶ,
2912 3935 2998 3989 καὶ
3034 3932 3207 4013 χωλοὶ
3259 3935 3305 3989 οἱ
3348 3933 3400 3998 ἐξ
3455 3934 3612 3989 ἐθνῶν
3643 3934 3909 4012 προσελή-

2254 4024 2480 4099 φθησαν,
2516 4022 2915 4099 θεραπετθέντες
2944 4021 3032 4078 ὑπ’
3079 4024 3258 4083 αὑτοῦ.

2338 4128 2368 4169 ι
2406 4106 2624 4173 ’ἰδόντες
2683 4110 2736 4165 δὲ
2796 4114 2842 4166 oi
2898 4111 3170 4190 ἀρχιερεῖς
3229 4114 3317 4167 καὶ
3370 4115 3415 4167 οἱ
3465 4114 3802 4191 Γραμματεῖς
3838 4118 3908 4172 τὰ

2255 4200 2519 4274 θαυμάσια
2562 4198 2594 4255 ἂ
2635 4199 2879 4271 ἐποίησε,
2941 4202 3028 4256 καὶ
3080 4201 3201 4264 τοὺς
3257 4198 3456 4265 παῖδας
3519 4202 3801 4280 κράζοντας
3848 4204 3908 4261 ἐν

524 4199 897 4263 sacerdotum
948 4208 1005 4264 et
1062 4201 1287 4266 Scribae
1331 4202 1624 4265 mirabilia
1665 4222 1794 4283 qua:
1824 4202 2065 4275 fecerat,
2116 4209 2174 4262 et

2255 4293 2332 4360 τῷ
2390 4290 2535 4369 ἱερῷ,
2567 4291 2655 4345 καὶ
2685 4288 2934 4367 λέγοντας
2973 4309 2983 4321 ·
3021 4280 3250 4347 Ὠσαννά
3280 4297 3355 4365 τῷ
3383 4293 3479 4364 υίῴ
3509 4290 3695 4371 Δαυίδ,
3726 4293 3903 4372 viva-a—

523 4304 742 4366 pueros
771 4291 1096 4353 clamantes
1119 4292 1177 4353 in
1214 4293 1432 4372 templo
1463 4301 1520 4355 et
1551 4293 1820 4354 dicentes
1854 4312 1866 4353 :
1897 4293 2175 4354 Hosanna

522 4375 673 4440 Filio
705 4378 911 4456 David,
939 4379 1230 4460 indignati
1281 4390 1441 4456 sunt,
1476 4381 1835 4444 etdixcrunt
1862 4381 1955 4442 ei:
1990 4379 2175 4441 Audis

2274 4378 2516 4459 ἱκτησαν,
2550 4381 2636 4435 καὶ
2666 4379 2824 4436 εἷπον
2854 4382 2995 4455 αὐτῷ
3028 4399 3042 4413 ·
3077 4380 3317 4449 Ἀκούεις
3349 4384 3398 4438 τί
3427 4383 3570 4440 οῦτοι
3602 4382 3843 4461 λέγουσιν
3880 4405 3897 4465 ς

523 4466 662 4547 quid
696 4469 787 4531 isni
818 4469 1056 4532 dicunt?
1081 4459 1254 4533 Iesus
1279 4480 1475 4532 autem
1528 4470 1676 4533 dicit
1722 4471 1838 4531 illis
1872 4491 1885 4532 :
1922 4468 2163 4549 Utique.

2274 4469 2324 4527 '0
2382 4466 2437 4523 δὲ
2475 4465 2678 4536 Ἰησοῦς
2720 4466 2866 4547 λέγει
2898 4472 3079 4535 αὐτοῖς
3117 4486 3129 4501 ⁸
3165 4472 3286 4529 Ναί.
3318 4470 3580 4530 Οὐδέποτε
3610 4459 3900 4552 ἀνέγνωτε,

520 4556 831 4638 Nunquam
857 4559 1083 4639 legistis
1116 4561 1240 4623 :Ex
1274 4579 1379 4622 ore
1408 4560 1716 4622 infantium
1736 4567 1795 4621 et
1824 4558 2165 4621 lactentium

2274 4559 2332 4616 ἷτι
2366 4558 2461 4617 Ἐκ
2503 4560 2765 4636 στόματος
2826 4561 3031 4627 νηπίων
3068 4562 3156 4617 καὶ
3213 4560 3551 4633 θηλαζόντων
3599 4565 3905 4640 κατηρτίσω

521 4647 829 4729 perfecisti
863 4647 1463 4711 Iaudem?aPharisa2i
1492 4668 1625 4712 cum
1659 4649 1929 4710 viderent
1956 4666 2169 4729 pueros

2274 4650 2406 4706 ι’ῐνον
2441 4670 2456 4731 ;
2496 4674 2523 4707 ι
2587 4653 2646 4708 Οἱ
2689 4657 2973 4729 Φαρισαῖοι
3026 4648 3220 4713 ἰδόντες
3258 4653 3376 4713 τοὺς
3432 4649 3628 4715 παῖδας
3660 4654 3901 4733 προσφέ-

520 4738 804 4818 hymnum
838 4737 1025 4801 David
1054 4739 1271 4801 oﬂ'erre
1290 4737 1545 4811 Christo,
1583 4756 1756 4815 quem
1781 4737 2012 4800 videtur
2033 4741 2169 4799 Pro-

2274 4762 2438 4803 »οντας
2494 4747 2570 4815 τῷ
2625 4747 2835 4820 Χριστῴ
2877 4741 2966 4797 τὸν
3004 4738 3164 4815 ὕμνον
3191 4748 3283 4796 τοῦ
3331 4739 3516 4815 Δαυίδ,
3566 4742 3623 4796 ὃν
3666 4739 3815 4799 δοκεῖ
3873 4748 3905 4800 ὁ

520 4826 696 4909 pheta
715 4825 835 4889 Deo
858 4827 1864 4907 obtulisse.dissecanturinvidia,et
1889 4825 2170 4907 interpel-

2274 4831 2532 4909 προφήτης
2574 4838 2652 4905 τῷ
2697 4836 2812 4902 Θεῷ
2872 4828 3166 4904 ἀναθεῖναι,
3221 4828 3544 4909 διαπρίονται
3596 4832 3672 4906 τῷ
3701 4833 3903 4910 φθόνῳ,

521 4918 644 4976 lant
669 4914 863 4988 illum,
899 4916 1055 4997 quod
1090 4917 1391 4997 permittat
1416 4916 1491 4979 de
1521 4935 1585 4978 se
1610 4916 1726 4979 dici
1749 4934 1881 4997 quae
1905 4916 2012 4981 soli
2044 4916 2165 4979 Deo

2274 4920 2334 4975 Lai
2392 4921 2689 4992 κακίζουσιν
2738 4921 2893 4977 αὐτὸν
2949 4923 3020 4986 ὡς
3077 4921 3405 5002 ἀνεχόμενον
3431 4923 3496 4977 τὰ
3525 4928 3616 4978 τοῦ
3650 4922 3780 4978 Ξεοῦ
3812 4924 3905 4979 ἐπ’

519 5002 951 5067 debentur.llle
973 5014 1169 5067 autem
1196 5006 1381 5086 magis
1403 5005 1741 5087 approbans
1759 5005 1919 5068 dicit:
1940 5006 2159 5069 Etiam.

2274 5010 2389 5081 εῦτῷ
2443 5008 2685 5089 λέγεσθαι
2722 5026 2735 5039 ·
2784 5012 2812 5066 ὁ
2856 5008 2931 5081 δὲ,
2966 5009 3282 5068 ἐπιϐεϐαιῶν
3328 5010 3554 5087 μᾶλλον,
3588 5012 3736 5091 φησί’
3770 5014 3894 5074 Ναί.

516 5092 767 5155 Tantum
791 5092 959 5157 abest
980 5104 1046 5158 ut
1066 5093 1334 5157 obturem
1366 5113 1470 5156 ora
1502 5094 1637 5156 talia
1665 5094 2083 5175 dicentium,ut
2106 5102 2164 5157 et

2274 5105 2503 5156 Τοσοῦτον
2560 5100 2679 5179 γὰρ,
2728 5100 2906 5180 φησὶν,
2942 5100 3133 5180 ἀπέχω
3158 5101 3249 5158 τοῦ
3279 5101 3613 5176 ἐπιστομίσαι
3644 5102 3761 5165 τοὺς
3795 5101 3896 5159 λέ-

516 5180 838 5272 Propheta
859 5184 1262 5245 testimonium
1293 5183 1609 5260 adducam,
1634 5191 1692 5245 et
1724 5202 1822 5245 vos
1853 5185 2158 5247 ostendam

2274 5190 2435 5252 ὀντάς
2480 5210 2570 5264 μοι
2624 5196 2808 5264 ταῦτα,
2869 5190 3006 5247 ὥστε
3050 5192 3137 5247 καὶ
3201 5192 3291 5247 τὸν
3350 5193 3629 5271 προφήτην
3660 5194 3891 5272 παράγω

514 5268 605 5362 vel
626 5268 1056 5362 imperitos,vel
1075 5273 1331 5336 invidos.
1363 5273 1577 5334 Annon
1591 5272 1749 5334 enim
1767 5273 1990 5352 legistis
2002 5274 2157 5355 quod

2274 5279 2500 5358 μάρτυρα,
2558 5276 2651 5333 καὶ
2707 5280 2843 5355 ὑμᾶς
2899 5278 3237 5356 ἀποδείκνυμι
3287 5280 3322 5349 ἢ
3378 5268 3601 5357 ἀμαθεῖς
3631 5282 3667 5350 ἢ
3694 5268 3887 5362 φθονε-

514 5355 597 5448 Ex
612 5374 719 5423 ore
739 5358 1051 5423 infantium
1086 5370 1143 5423 et
1174 5361 1514 5423 lactentium
1553 5361 1850 5442 perfecisti
1889 5362 2161 5427 laudem?

2274 5369 2385 5431 ούς.
2446 5370 2555 5425 Οὐκ
2609 5365 2873 5445 ἀνέγνωτε
2915 5370 3035 5448 γὰρ,
3082 5368 3161 5425 ὅτι
3217 5367 3312 5426 Ἐκ
3359 5371 3621 5446 στόματος
3683 5372 3892 5438 νηπίων

516 5446 1037 5528 Perfecistiautem
1054 5451 1344 5532 signiﬁcat
1369 5471 1383 5513 :
1411 5451 1740 5513 Perfectam
1757 5450 2154 5516 etabsolutam

2274 5460 2326 5515 αὶ
2382 5455 2721 5527 θηλαζόντων
2798 5446 3101 5535 κατηρτίσω
3179 5457 3386 5531 αἶνον;
3448 5460 3762 5538 Κατηρτίσω
3832 5459 3891 5516 δί

585 5609 684 5691 (α)
715 5609 873 5675 Edit.
910 5609 1043 5678 Lut.
1078 5620 1137 5676 et
1157 5610 1384 5677 obolos.
