4170 6414
297 342 423 404 377

972 343 1418 406 ENARBATIO
1461 342 1544 404 IN
1588 337 2093 404 EVANGELIUM
2141 341 2539 403 MATTHEI.
2588 374 2663 386 —
2706 342 2871 403 CAP.
2920 341 3079 402 XXI.

3582 337 3704 401 378

300 472 500 552 μάχαι,
576 475 651 536 ὡς
708 473 786 548 μὴ
845 471 1255 549 παραδεξάμενοι
1313 479 1488 527 τοῦτο·
1551 468 1720 527 ἐαιδὲ
1766 470 1816 535 ἐξ
1868 471 1952 525 5w-

2049 469 2225 532 nibus
2283 471 2574 546 dicerent,
2614 472 3092 553 periclitarentur
3142 453 3386 553 propter
3437 470 3697 533 turbam.

297 561 529 640 θρώπων
578 561 799 631 εἴπωσι,
861 558 1257 617 κινδυνεύσωσιν
1286 563 1348 617 ἐκ
1375 567 1468 617 τοῦ
1517 558 1711 640 ὄχλου.
1765 561 1963 625 Πάντες

298 651 404 728 γὰρ
460 652 533 714 ὡς
591 653 873 730 προφήτην
932 651 1094 730 εἶχον
1145 650 1238 706 τὸν
1293 649 1570 716 Ἰωάννην,
1621 651 1856 706 Δεῖκνυσι
1908 647 1961 704 δὲ

298 739 540 796 ἐντεῦθεν
570 741 598 796 ὁ
655 743 863 816 Κύριος,
918 738 998 795 ὅτι
1051 755 1166 802 to”:
1226 739 1530 816 κακούργως
1581 738 1845 817 ἐρωτῶσιν
1903 740 1961 796 οὔ

297 827 386 886 δεῖ
455 829 847 907 ἀποκρίνεσθαι.
901 828 1029 887 Οὒδὲ
1090 830 1188 906 γὰρ
1257 825 1362 885 οὔδ’
1431 831 1585 894 αὒτὸς
1643 829 1958 906 ἀπεκρίνατο

297 933 421 982 τοῖς
471 919 738 998 ἐρωτῶσιν
797 920 954 978 αὒτὸν
999 917 1276 998 ’Ἰουδαίοις
1334 918 1388 973 ἐν
1447 915 1614 995 δόλῳ,
1657 920 1828 974 καίτοι
1866 919 1960 976 οὒκ

298 1008 493 1087 ἠπόρει
563 1009 912 1087 ἀποκρίσεως.
977 990 1136 1083 οἈμα
1193 1005 1247 1063 δὲ
1278 1007 1613 1083 μανθάνομεν
1642 1005 1727 1064 ὅτι
1784 1009 1959 1064 καὶτὸ

304 1098 495 1157 ἑαυτὸν
522 1100 897 1178 ἐγκωμιάζειν,
958 1099 1052 1154 οὒκ
1112 1096 1220 1154 ἔστι
1305 1098 1442 1154 κατὰ
1505 1097 1752 1174 Χριστόν.
1827 1095 1959 1157 Ἰδού

306 1185 400 1242 οὖν
463 1189 490 1242 ὁ
544 1188 726 1267 Κύριος
797 1185 1085 1261 δυνάμενος
1115 1189 1288 1243 εἰπεῖν
1318 1185 1371 1242 ἐν
1401 1187 1527 1258 ποίᾳ
1560 1185 1763 1260 ἐξουσίᾳ
1797 1194 1960 1244 ταῦτα

573 1276 586 1296 ν
713 1277 739 1300 ν
919 1277 944 1297 η
1091 1277 1105 1296 \
1154 1274 1232 1297 διν
1470 1277 1484 1294 \
1808 1275 1820 1295 Ι

304 1288 480 1349 ποιεῖ,
539 1299 631 1332 ουκ
685 1297 864 1351 ειπεν,
928 1299 1012 1334 ινα
1041 1299 1118 1350 μη
1148 1291 1272 1352 οοςῃ
1340 1277 1527 1332 ἐαυτον
1584 1275 1954 1355 ἐγκωμιαζειν.

393 1386 417 1420 α
481 1367 540 1423 Τί
594 1364 650 1422 δὲ
718 1367 848 1441 ὑμῖν
892 1364 1042 1422 δοκεῖ
1075 1386 1091 1446 ς
1130 1355 1452 1442 ’Ἄνθρωπος
1485 1367 1614 1445 εἶχε
1659 1364 1817 1420 τέκνα
1843 1361 1953 1420 δύο’

297 1456 390 1510 καὶ
459 1454 760 1533 προσελθὼν
814 1464 889 1531 τῷ
939 1457 1157 1533 πρώτῳ,
1211 1456 1360 1513 εἶπε⁵
1412 1455 1630 1530 Τέκνον,
1661 1456 1830 1531 ’ὑπαγε
1862 1455 1960 1524 σή-

296 1565 484 1622 μερον,
540 1544 758 1622 ἐργάζου
815 1545 870 1601 ἐν
939 1545 1016 1619 τῷ
1060 1543 1336 1619 ἆμπελίυνί
1383 1566 1506 1618 μου,
1545 1535 1602 1601 Ὀ
1633 1542 1688 1598 δὲ
1733 1542 1956 1619 ἀποκρι-

292 1633 428 1704 θεὶς,
490 1632 669 1689 εἴπεν·
760 1635 833 1692 Οὐ
893 1633 1055 1693 θέλω.
1117 1625 1388 1712 ’Ὕστερον
1454 1631 1508 1688 δὲ
1573 1631 1958 1708 μεταμεληθεὶς

293 1720 526 1788 ἀπῆλθε.
587 1723 685 1782 Καὶ
759 1722 1060 1802 προσελθὼν
1109 1729 1186 1796 τῷ
1241 1721 1490 1803 δευτέρῳ,
1553 1724 1703 1779 εἶκεν
1772 1722 1956 1778 ὡσαύ-

292 1827 426 1875 τως·
486 1813 514 1867 ὁ
585 1810 640 1867 δὲ
710 1811 1037 1892 ἀποκριθεὶς,
1111 1813 1288 1868 εἶπεν·
1328 1811 1493 1892 Ἐγὼ,
1528 1813 1691 1889 κύριε·
1740 1813 1828 1867 καὶ
1861 1814 1955 1869 οὒκ

295 1899 524 1975 ἆπῇλθε.
587 1902 674 1964 Τίς
746 1900 807 1957 ἐκ
833 1904 940 1957 τ’ὖν
983 1900 1068 1958 δύο
1099 1901 1316 1968 ἐποίησε
1366 1903 1430 1958 τὸ
1479 1900 1690 1974 θέλημα
1718 1907 1811 1957 τοῦ
1842 1922 1952 1956 πα-

291 1990 464 2068 τρός;
541 1989 791 2067 Λέγουσιν
848 1991 1011 2064 αὐτῷ·
1086 1979 1143 2047 Ὀ
1203 1994 1438 2067 πρῶτος.
1504 1988 1656 2066 Λέγει
1702 1988 1883 2050 αὐτοτς
1927 1989 1955 2042 ὁ

290 2077 522 2146 Ἰησοῦς·
582 2078 755 2154 Ἀμὴν
815 2077 960 2157 λέγω
1015 2080 1143 2154 ὑμῖν
1219 2076 1300 2135 ὅτι
1373 2080 1419 2134 οἱ
1471 2076 1694 2134 τελῶναι
1760 2078 1846 2132 καὶ
1903 2085 1954 2138 αἱ

291 2167 481 2246 πόρναι
536 2167 855 2246 προάγουσιν
921 2169 1059 2243 ὑμᾶς
1088 2170 1160 2232 εἰς
1213 2168 1308 2235 τὴν
1376 2165 1647 2244 βασιλείαν
1677 2172 1770 2222 τοῦ
1799 2163 1950 2225 Θεοῦ.

290 2245 452 2314 Ἠλθε
498 2258 598 2335 γὰρ
649 2245 780 2320 πρὸς
851 2259 987 2332 ὑμᾶς
1049 2255 1305 2324 Ἰωάννης
1336 2255 1390 2312 ἐν
1414 2254 1518 2331 ὁδῷ
1589 2253 1951 2326 δικαιοσύνης,

290 2348 379 2403 καὶ
436 2348 530 2403 οὒκ
587 2346 928 2404 ἐπιστεύσατε
1017 2351 1180 2421 αὐτῷ’
1229 2350 1275 2402 οἱ
1333 2345 1387 2402 δὲ
1445 2344 1670 2402 τελῶναι
1754 2346 1841 2400 καὶ
1900 2345 1950 2398 αἱ

289 2437 480 2514 πόρναι
536 2435 848 2492 ἐπίστευσαν
895 2440 1058 2512 αὐτῷ’
1118 2438 1276 2512 ὑμεῖς
1362 2433 1416 2491 δὲ
1445 2432 1643 2497 ἰδόντες
1675 2435 1734 2490 οὗ
1785 2453 1947 2508 μετε-

289 2524 560 2601 μελήθητε
616 2524 832 2604 ὕστερον
903 2533 997 2582 τοῦ
1053 2536 1330 2585 πιστεῦσαι
1376 2525 1544 2598 αύτῷ.
1613 2547 1640 2579 ι
1682 2525 1784 2579 Δύο
1829 2523 1959 2600 τάγ-

285 2637 431 2689 ματα
486 2616 712 2693 εἰσάγει·
775 2615 830 2671 ἕν
888 2615 987 2690 μὲν
1072 2621 1180 2674 τῶν
1215 2615 1267 2680 ἐξ
1324 2615 1505 2694 ἀρχῆς
1537 2612 1954 2694 ὑποσχομένων

286 2709 396 2762 οἷοι
459 2705 594 2772 ἦσαν
651 2707 697 2761 οἱ
743 2701 1018 2783 Ἰουδαῖοι,
1053 2705 1320 2766 εἰπόντες·
1361 2727 1389 2759 κ
1429 2703 1610 2760 Πάντα
1655 2702 1755 2758 ὅσα
1806 2701 1961 2758 εἶπεν

289 2793 318 2848 ὃ
384 2794 513 2856 Θεὲς
585 2795 877 2869 ποιήσομεν
949 2794 1036 2850 καὶ
1064 2793 1424 2866 ἀκουσόμεθα·
1469 2816 1492 2850 ο
1528 2791 1708 2871 ἓτερον
1739 2789 1818 2860 δὲ,
1843 2797 1948 2846 τῶν

293 2881 717 2962 ἅπειθησαντων,
773 2886 890 2938 οἷον
950 2885 1158 2962 πορνῶν
1211 2885 1300 2939 καὶ
1369 2880 1641 2956 τελωνῶν,
1698 2877 1837 2935 ἀλλὰ
1884 2876 1949 2946 δὴ

298 2971 389 3024 καὶ
444 2976 536 3026 τοῦ
580 2967 629 3033 ἐξ
659 2969 813 3027 ἐθνῶν
881 2971 1034 3043 λαοῦ,
1107 2971 1159 3028 οἳ
1211 2969 1263 3037 ἐξ
1308 2970 1483 3050 ἀργῆς
1515 2970 1593 3046 μὴ
1623 2968 1951 3026 ὑπακούσαν-

301 3079 390 3122 τες
442 3065 519 3132 τῷ
562 3058 814 3130 θελήματι
884 3063 979 3118 τοῦ
1037 3068 1190 3140 Θεοῦ,
1222 3059 1437 3137 ὕστερον
1482 3058 1820 3136 μετέγνωσαν
1865 3059 1952 3113 καὶ

294 3148 620 3216 ὑπήκουσαν.
696 3138 840 3228 υΟρα
896 3149 983 3206 οὖν
1042 3149 1141 3217 τὴν
1197 3151 1383 3230 σοφίαν
1413 3154 1506 3205 τοῦ
1551 3154 1801 3226 Χριστοῦ,
1848 3150 1954 3204 Οὐκ

289 3237 436 3300 εὐθὺς
497 3235 549 3302 ἐξ
605 3239 781 3318 ἀρχῆς
839 3242 992 3295 εἶπεν
1053 3243 1234 3303 αὐτοῖς
1305 3238 1387 3294 ὅτι
1445 3238 1747 3316 Κρείττονες
1803 3237 1951 3311 ὑμῶν

287 3326 415 3381 εἰσὶν
471 3328 519 3381 οἱ
565 3324 792 3383 τελῶναι
849 3330 938 3384 καὶ
1008 3329 1060 3384 αἱ
1115 3328 1330 3407 πόρναι,
1387 3321 1524 3382 ἄλλα
1578 3324 1950 3404 προκατέσχεν

289 3414 476 3480 αὖτοὺς
531 3415 628 3472 καὶ
691 3415 1049 3494 ὡμολόγησαν
1080 3415 1164 3474 ὅτι
1207 3417 1268 3473 ἐκ
1299 3422 1408 3472 τῶν
1455 3413 1545 3472 δύο
1575 3417 1702 3471 υἱῶν
1745 3413 1951 3477 ἐκεῖνος

287 3505 582 3575 πειθήνιος,
645 3507 671 3560 ὅ
754 3506 985 3575 ποιήσας
1045 3507 1106 3562 τὸ
1162 3505 1372 3580 θέλημα
1426 3507 1519 3560 τοῦ
1574 3505 1796 3582 πατρὸς.
1833 3498 1950 3560 Εἶθ’

286 3591 457 3655 οὕτως
520 3592 971 3672 ὁμολογησάντων
1012 3597 1255 3669 ἐκείνων,
1298 3595 1569 3674 ἐπήγαγεν
1625 3594 1706 3650 ὅτι
1763 3582 1951 3650 Ἠλθεν

288 3679 540 3750 Ἰωάννης
603 3683 659 3739 ἐν
742 3681 849 3758 ὁδῷ
905 3681 1270 3763 δικαιοσύνης,
1335 3683 1628 3758 τουτέστιν,
1663 3683 1717 3739 ἐν
1767 3683 1950 3758 ἀμέμ-

286 3793 404 3843 πττΡ
472 3773 592 3848 βίῳ·
640 3772 736 3828 οὒκ
766 3771 924 3851 ἔχετε
955 3774 1054 3851 γὰρ
1085 3775 1257 3829 εἰπεῖν
1303 3773 1383 3830 ὅτι
1428 3773 1685 3850 ἐπίψογος
1731 3775 1799 3838 ἦν
1849 3772 1948 3827 αὒ-

286 3867 364 3934 τῷ
419 3864 449 3917 ὁ
518 3863 655 3938 βίος,
716 3861 837 3918 ἀλλ’
863 3861 1010 3936 ὅμως
1044 3868 1094 3919 αἱ
1125 3864 1312 3942 πόρναι
1342 3864 1673 3942 ὑπήκουσαν,
1706 3865 1861 3937 ὒμεϊς
1894 3860 1950 3918 δὲ

291 3946 368 4006 οὔ·
454 3949 542 4006 διὸ
600 3952 686 4006 καὶ
765 3952 1084 4029 προάγουσιν
1156 3953 1317 4025 ὑμᾶς,
1375 3951 1639 4030 τουτέστι,
1701 3951 1948 4030 πρότεραι

290 4041 438 4114 ὗμῶν
497 4041 828 4121 εἰσέρχονται
877 4044 950 4105 εἰς
1037 4045 1134 4110 τὴν
1193 4041 1486 4119 βασιλείαν’
1557 4043 1694 4100 ὥστε
1753 4042 1950 4120 ἀγωνί-

288 4133 446 4186 σασθε
503 4131 591 4187 καὶ
652 4132 833 4211 ὑμεῖς,
896 4130 989 4189 ἵνα
1045 4133 1144 4190 κΞξν
1175 4140 1300 4211 γοῦν
1360 4129 1478 4207 μετ’
1528 4131 1730 4194 ἐκείνας
1776 4131 1950 4188 εἰσέλ-

2047 555 2268 622 Omnes
2293 564 2449 624 enim
2478 571 2540 622 ut
2571 563 2917 643 prophetam
2951 558 3695 624 habebantloannemﬂs-

2049 649 2234 710 tendit
2258 659 2454 711 autem
2477 652 2589 712 hoc
2613 651 2742 713 loco
2777 652 3088 724 Dominus,
3122 649 3278 731 quod
3313 650 3567 730 maligne
3601 649 3697 708 in-

2046 739 2481 815 terrogantihus
2516 758 2629 801 non
2667 747 2936 820 oporteat
2982 738 3374 818 respondere.
3408 740 3553 799 Nam
3588 755 3699 798 nec

2045 826 2172 906 ipse
2186 826 2405 890 Judaeis
2425 829 2631 890 dolose
2646 828 3144 906 interrogantibus
3157 827 3673 906 respondit,quam
3691 863 3695 867 -

2042 915 2304 978 visnulla
2322 919 2726 996 respondendi
2749 917 3065 980 difficultas
3087 915 3583 978 esset.Discimus
3598 933 3694 974 au-

2043 1010 2159 1065 tem
2186 999 2423 1067 interim
2449 1007 2604 1087 quod
2633 1007 3021 1086 semetipsum
3048 1006 3290 1066 laudare
3310 1023 3428 1066 non
3449 1011 3534 1065 est
3555 1004 3696 1083 jux-

2044 1100 2097 1153 ta
2129 1093 2350 1155 Christi
2382 1095 2742 1156 doctrinam.
2780 1093 2930 1156 Ecce
2961 1093 3251 1157 Dominus
3281 1092 3439 1154 enim
3465 1092 3568 1172 qui
3603 1110 3702 1170 po-

2045 1181 2154 1244 tuit
2183 1182 2382 1245 dicere
2414 1203 2532 1264 qua
2563 1191 2851 1264 potestate
2899 1184 3023 1245 haec
3072 1184 3313 1250 faceret,
3350 1200 3468 1241 non
3522 1179 3694 1260 dixit,

2043 1289 2119 1332 ne
2151 1271 2414 1353 seipsum
2441 1273 2680 1334 laudare
2704 1273 3026 1334 videretur.

2123 1363 2301 1424 Vens.
2341 1362 2749 1434 28-32.«Quid
2782 1375 2981 1424 autem
3016 1361 3180 1421 vobis
3211 1359 3480 1421 videtur?
3504 1355 3699 1418 Homo

2041 1451 2281 1532 quidam
2307 1451 2721 1516 liabebatduos
2752 1451 2994 1514 filioszet
3018 1450 3312 1512 accedens
3332 1448 3401 1510 ad
3431 1447 3695 1526 priorem

2041 1540 2189 1602 dixit
2222 1563 2234 1598 :
2269 1540 2405 1617 Fili,
2429 1543 2572 1603 vade
2599 1541 2800 1610 hodie,
2833 1541 3161 1622 operarein
3190 1539 3362 1601 vinea
3398 1555 3551 1599 mea.
3584 1534 3693 1598 Ille

2043 1639 2239 1692 autem
2260 1631 2630 1711 respondens
2654 1629 3150 1692 ait:Nolo.Postea
3176 1648 3314 1690 vero
3346 1625 3696 1709 poenitentia

1981 1761 2018 1812 Β
2047 1731 2239 1784 motus
2258 1724 2405 1784 abiit
2435 1722 2745 1786 Accedens
2766 1723 3070 1812 autemﬂad
3089 1723 3339 1790 alterum
3364 1719 3512 1782 dixit
3535 1716 3700 1778 simi-

2038 1813 2260 1885 liter;at
2291 1814 2387 1874 ille
2404 1812 2778 1894 respondens
2801 1812 2884 1874 ait
2913 1830 2926 1875 :
2961 1811 3066 1883 Eo,
3099 1812 3365 1883 domine,
3393 1815 3452 1870 et
3475 1826 3591 1868 non
3626 1824 3694 1866 a-

2038 1900 2320 1965 biit.Uter
2346 1922 2377 1962 e
2399 1903 2632 1963 duobus
2655 1901 2958 1980 fecitquod
2975 1902 3156 1966 voluit
3180 1897 3594 1981 pater?Dicunt
3613 1895 3690 1955 ei:

2039 1991 2392 2054 Prior.Dicit
2425 1991 2539 2053 illis
2567 1989 2744 2052 Jesus
2769 2013 2783 2051 :
2805 1992 2994 2052 Amen
3023 1991 3157 2051 dico
3190 1989 3377 2061 vobis,
3412 1985 3566 2066 quod
3595 2002 3700 2063 pu-

2041 2078 2261 2141 blicani
2292 2089 2350 2142 et
2384 2080 2730 2141 meretrices
2764 2081 3104 2160 praecedunt
3133 2097 3233 2140 vos
3264 2079 3322 2139 in
3355 2093 3536 2155 regno
3562 2073 3696 2134 Dei.

2038 2169 2218 2229 Venit
2238 2169 2397 2230 enim
2428 2169 2501 2230 ad
2524 2187 2623 2228 vos
2637 2167 2898 2231 Joannes
2927 2186 3032 2248 per
3052 2167 3202 2228 viam
3219 2164 3688 2247 justitiaa,etnon

2035 2257 2375 2319 credidistis
2404 2257 2796 2338 eizpuldinani
2819 2267 3014 2318 autem
3037 2265 3096 2317 et
3122 2254 3468 2317 meretrices
3498 2250 3688 2338 credi-

2034 2346 2252 2407 derunt
2279 2347 2334 2407 ei
2349 2337 2698 2408 .Vos’autem
2723 2365 2856 2407 cum
2876 2345 3172 2407 vidissetis
3193 2360 3478 2414 eum,non
3497 2337 3689 2400 fuistis

2039 2435 2318 2496 commoti
2344 2435 2693 2515 poenitentia
2724 2444 2927 2515 postea
2958 2444 3021 2495 ut
3045 2431 3367 2496 crederetis
3398 2430 3688 2492 ei.nDuos

2039 2522 2282 2584 ordines
2310 2524 2750 2597 inducit,unum
2787 2523 3082 2603 principio
3115 2518 3690 2602 pollicentium,qua-

2040 2610 2126 2671 les
2156 2610 2600 2674 fueruntJudaai
2630 2611 2722 2692 qui
2755 2611 3057 2677 dixerunt;
3097 2634 3120 2669 ι
3155 2603 3372 2673 Omnia
3402 2623 3686 2688 quaecun-

2043 2718 2158 2780 que
2187 2700 2332 2762 dixit
2360 2699 2539 2774 Deus,
2575 2699 2863 2763 faciemus
2893 2711 2952 2763 et
2977 2697 3412 2772 audiemusﬂp
3435 2696 3686 2757 alterum

2033 2807 2237 2850 eorum
2270 2789 2371 2871 qui
2402 2809 2519 2851 non
2553 2791 2754 2852 statim
2787 2789 3061 2870 persuasi
3115 2799 3277 2862 sunt,
3311 2786 3516 2869 quales
3549 2791 3687 2844 sunt

2035 2879 2382 2940 meretrices
2414 2886 2471 2940 et
2497 2878 2822 2958 publicani.
2853 2887 2909 2940 et
2939 2879 3041 2959 qui
3067 2896 3138 2941 ex
3162 2877 3467 2958 gentilium
3502 2891 3690 2954 papu-

2040 2968 2095 3028 lo
2127 2968 2226 3048 qui
2278 2968 2353 3030 ab
2402 2967 2568 3028 initio
2599 2986 2716 3028 non
2751 2967 3109 3029 obedierunt
3138 2965 3420 3028 voluntati
3451 2962 3686 3034 divinae,

2042 3066 2244 3138 postea
2272 3065 2468 3120 autem
2506 3056 2875 3136 paenitudine
2919 3057 3082 3118 ducti
3121 3055 3502 3117 obedierunt.
3536 3051 3692 3113 Vide

2036 3145 2216 3224 igitur
2247 3145 2597 3226 sapientiam
2630 3145 2872 3206 ChrlSii.
2922 3147 3057 3209 Non
3088 3146 3284 3206 statim
3318 3163 3351 3206 a
3397 3141 3689 3222 principio

2035 3235 2184 3296 dixit
2211 3235 2329 3296 illis
2357 3253 2371 3297 :
2410 3234 2687 3296 Meliores
2718 3233 3020 3314 publicani
3055 3243 3194 3294 sunt
3223 3243 3282 3294 et
3315 3230 3683 3294 meretrices:

2033 3324 2138 3386 sed
2177 3325 2339 3405 prius
2396 3324 2554 3402 cepit
2605 3324 2790 3403 ipsos,
2851 3332 2910 3383 et
2953 3322 3211 3384 confessi
3245 3329 3382 3384 sunt
3431 3319 3590 3399 quod
3623 3337 3691 3379 ex

2036 3413 2271 3476 duobus
2302 3413 2440 3474 filiis
2471 3412 2570 3473 ille
2601 3417 2626 3472 Ι
2652 3412 2738 3471 Μ
2785 3411 3075 3473 obediens
3105 3411 3318 3490 fuerit,
3353 3409 3456 3490 qui
3487 3407 3696 3469 fecerit

2039 3501 2395 3563 voluntatem
2459 3502 2658 3581 patris.
2691 3500 2904 3562 Postea
2940 3499 3042 3561 ubi
3099 3501 3214 3562 hoc
3247 3496 3510 3560 confessi
3561 3495 3691 3556 fue-

2035 3599 2196 3664 runt,
2231 3590 2491 3653 subdidit
2524 3590 2755 3651 venisse
2787 3591 3072 3652 Joannem
3109 3606 3217 3670 per
3262 3583 3688 3662 viamjustitiae,

2036 3682 2151 3742 hoc
2182 3688 2364 3760 est,tn
2397 3679 2514 3740 vita
2537 3678 3059 3758 irreprehensibili
3086 3697 3098 3741 :
3129 3697 3245 3739 non
3275 3671 3689 3756 potestisenim

2035 3769 2236 3831 dicere
2266 3770 2440 3830 vitam
2469 3767 2718 3830 Joannis
2750 3767 2931 3829 fuisse
2964 3766 3687 3848 reprehensibilemzatta-

2037 3879 2174 3921 men
2206 3858 2553 3919 meretrices
2578 3857 2630 3919 ei
2655 3856 3036 3928 obedieruut,
3070 3875 3171 3916 vos
3192 3865 3390 3917 autem
3423 3874 3562 3929 non;
3594 3856 3689 3915 id-

2035 3949 2196 4012 circo
2220 3957 2276 4009 et
2302 3947 2649 4027 praecedunt
2679 3947 2930 4019 vos,hoc
2954 3954 3209 4025 est,ante
3227 3964 3326 4008 vos
3348 3946 3690 4024 ingrediun-

2037 4046 2131 4100 tur
2160 4037 2219 4098 in
2251 4055 2496 4114 regnum
2530 4037 2817 4097 ccelorum
2853 4057 2866 4095 :
2899 4035 3165 4097 laborate
3191 4035 3386 4116 itaque
3418 4045 3474 4097 et
3500 4054 3601 4096 vos
3634 4044 3695 4097 ut

2037 4129 2246 4190 saltem
2280 4135 2409 4207 post
2439 4126 2568 4187 illas
2598 4127 2834 4188 intretis
2871 4135 2928 4186 et
2962 4127 3077 4206 ipsi
3111 4127 3423 4187 credentes
3459 4143 3473 4188 :
3508 4126 3556 4185 si
3582 4143 3690 4186 au-

290 4222 419 4286 θητε
491 4226 578 4276 καὶ
635 4222 780 4277 αὖτοὶ
846 4224 1241 4287 πιστεύσαντες“
1305 4221 1394 4276 ἐὰν
1463 4219 1517 4276 δὲ
1593 4222 1671 4296 μὴ
1729 4222 1948 4294 μιστεύ-

2041 4227 2154 4279 tem
2187 4216 2483 4278 increduli
2527 4216 2777 4289 fueritis,
2821 4234 3123 4296 nunquam
3180 4215 3493 4276 intrabitis.
3535 4215 3694 4276 Multi

291 4330 444 4382 σησε,
498 4307 607 4368 0&3'
669 4310 805 4372 ὅλως
857 4310 1230 4368 εἷσελεύσεσθε.
1297 4308 1491 4367 Πολλοὶ
1549 4308 1602 4366 δὲ
1659 4309 1943 4390 καὶμέχρι

2028 4319 2226 4370 autem
2263 4307 2438 4368 etiam
2475 4307 2652 4368 hodie
2684 4306 3047 4386 pollicentur
3080 4305 3200 4367 Deo
3227 4305 3699 4379 etPatri,mona-

289 4405 380 4455 τοῦ
451 4406 538 4456 νῦν
606 4400 957 4479 ὑπισχοῦνται
1017 4401 1113 4476 μὲν
1167 4408 1244 4475 τῷ
1277 4407 1392 4475 Θεῴ
1422 4402 1509 4456 καὶ
1541 4399 1738 4477 Πατρῖ,
1768 4423 1943 4474 μονα-

2041 4398 2175 4459 chos
2205 4415 2270 4458 se
2300 4395 2533 4456 futuros
2560 4395 2713 4456 forte
2739 4395 2826 4457 vel
2863 4398 3254 4457 sacerdotes:
3276 4403 3406 4474 post
3435 4394 3694 4474 promis-

290 4490 381 4567 χοὶ
435 4492 599 4567 τυχὸν
657 4486 865 4546 ἔσεσθαι
937 4488 972 4556 ἧ
1032 4493 1216 4568 ἱερεῖς,
1248 4491 1383 4564 μετὰ
1425 4488 1606 4556 δὲτὴν
1651 4491 1944 4569 ὑποσχεσιν

2041 4486 2257 4548 sionem
2291 4494 2488 4546 autem
2524 4484 2900 4562 negligentes
2935 4484 3218 4545 sunt.Alii
3246 4492 3442 4544 autem
3483 4503 3693 4545 mona-

287 4577 632 4654 ῥᾳθυμοῦσιν.
699 4569 920 4657 ’Ἕτεροι
980 4577 1057 4654 δὲ,
1091 4579 1401 4658 μοναχικὴν
1443 4578 1539 4653 μὲν
1611 4578 1645 4645 ἢ
1677 4580 1947 4657 ἱερατικὴν

289 4665 560 4743 διαγωγὴν
633 4667 727 4722 οὒκ
780 4666 1189 4744 ἐπηγγείλαντο,
1259 4673 1573 4748 μοναχικῶς
1625 4665 1679 4724 δὲ
1722 4668 1809 4723 καὶ
1862 4668 1945 4722 ls-

290 4760 519 4833 ρατικῶς
590 4753 883 4834 διάγουσι-δ’
941 4755 1079 4813 ὥστε
1163 4759 1302 4813 οὗτοι
1373 4755 1531 4813 τέκνα
1600 4759 1838 4832 εὐπειθῆ,
1900 4758 1942 4812 0i

290 4844 606 4921 πράττοντες
635 4845 734 4901 κᾶν
759 4843 928 4920 μηδὲν
977 4846 1296 4926 ὅπὲσχοντο.

375 4956 401 4987 ε
451 4931 678 5000 ’¹Αλλην
730 4932 1036 5014 παραϐολὴν
1066 4935 1346 4996 ἀκούσατε,
1392 4932 1723 5014 ’Ἃνθρωποσ
1752 4935 1820 5002 ἦν
1867 4937 1940 4993 οἷο

292 5021 644 5104 κοδεσπότης,
723 5023 869 5087 ὅστις
946 5023 1225 5103 ἐφύτευσεν
1305 5023 1620 5100 ἀμπελῶνα,
1667 5026 1752 5080 καὶ
1811 5047 1941 5104 φρα-

293 5115 426 5192 γμὸν
483 5117 627 5188 αὖτῷ
695 5114 1004 5195 περιέθηκε,
1073 5117 1159 5171 καὶ
1222 5113 1414 5190 ὤρυξεν
1491 5113 1544 5170 ἐν
1593 5114 1734 5188 αὐτῷ
1763 5113 1944 5181 ληνόν,

294 5204 388 5260 Καὶ
416 5200 731 5278 ᾠκοδόμησε
779 5204 1000 5282 πὺγρον,
1061 5205 1148 5260 καὶ
1239 5202 1445 5275 ἐξέδοτο
1533 5205 1687 5261 αὐτὸν
1775 5225 1944 5283 γεωρ-

293 5307 441 5372 γοῖς,
501 5293 588 5349 καὶ
663 5289 1032 5367 ἀπεδήμησεν.
1107 5316 1128 5350 ι
1168 5291 1398 5359 ’Ἄλλην
1429 5289 1736 5370 παραϐολὴν
1769 5298 1956 5360 αὐτοῖς

297 5380 555 5460 ἐπιφέρει,
617 5377 866 5438 δεικνύων
930 5379 1011 5437 ὅτι
1082 5383 1169 5438 καὶ
1241 5383 1428 5462 μυρίας
1451 5380 1757 5456 ἐπιμελείας
1790 5380 1952 5449 ἀξιω-

296 5467 489 5546 θέντες,
569 5473 666 5528 οὐκ
744 5466 1157 5536 ἐϐελτιώθησαν.
1222 5467 1236 5490 ’
1264 5473 1544 5548 Λνθρωπος
1592 5468 1693 5548 γὰρ
1751 5469 1956 5528 οἰκοδε-

366 5636 430 5688 ﬂ
456 5636 649 5703 Exod.
684 5652 850 5713 xxrv,
886 5635 945 5704 3.

2033 4576 2241 4637 sticam
2271 4573 2367 4635 vel
2401 4573 2836 4636 sacerdotalem
2868 4574 3047 4634 vitam
3087 4571 3336 4651 polliciti
3370 4591 3488 4634 non
3539 4580 3696 4647 sunt,

2035 4664 2189 4726 sicut
2218 4663 2499 4725 monachi
2537 4671 2730 4724 tamen
2765 4662 2855 4724 vel
2889 4664 3248 4724 sacerdotes
3278 4663 3502 4723 vivunt:
3528 4674 3706 4741 atque

2032 4763 2110 4836 ,ιθ
2136 4754 2224 4817 illi
2261 4762 2396 4815 sunt
2426 4751 2787 4814 obedientes
2834 4751 3034 4833 pueri,
3071 4753 3173 4832 qui
3205 4751 3429 4812 faciunt
3480 4751 3711 4812 etiamsi

2030 4843 2200 4907 lnihil
2235 4840 2637 4923 promiserint.

2121 4931 2307 4996 Vsus.
2343 4931 2445 4996 33.
2487 4957 2510 4984 ι
2541 4929 2732 4991 Aliam
2753 4929 3090 5010 parabolam
3118 4929 3547 4992 audite.Homo
3576 4929 3706 5010 qui-

2042 5025 2177 5085 dam
2211 5031 2337 5085 erat
2369 5019 2816 5102 paterfamilias,
2861 5020 2962 5101 qui
3023 5019 3308 5101 plantavit
3361 5018 3618 5091 vineam,
3646 5029 3705 5082 et

2043 5130 2246 5192 sepem
2283 5108 2681 5185 circumdedit
2713 5108 2790 5189 ei,
2841 5118 2899 5169 et
2952 5108 3099 5170 fodit
3129 5108 3188 5170 in
3220 5127 3291 5170 ea
3320 5109 3602 5190 torcular,
3639 5123 3699 5176 et

2047 5201 2359 5264 aediﬁcavit
2391 5201 2691 5272 turrim,et
2723 5198 2940 5262 locavit
2962 5217 3092 5261 eam
3113 5199 3489 5280 agricolis,ac
3519 5217 3703 5280 pere-

2044 5309 2147 5372 gre
2177 5292 2472 5372 profectus
2503 5295 2652 5351 est.»
2689 5287 2881 5349 Aliam
2919 5289 3261 5367 parabolam
3293 5288 3378 5350 eis
3402 5289 3706 5368 affert,os-

2046 5381 2299 5446 tendens
2321 5378 2503 5460 quod,
2531 5376 2674 5438 licet
2708 5396 2947 5439 summa
2985 5377 3302 5458 diligentia
3333 5377 3420 5439 eis
3452 5378 3710 5444 exhibita

2043 5471 2122 5533 sit
2151 5490 2266 5532 non
2301 5468 2579 5532 meliores
2628 5465 2762 5528 facti
2794 5466 3036 5532 fuerint.
3070 5469 3263 5531 Homo
3305 5466 3463 5529 enim
3498 5477 3701 5550 pater~
