4170 6444
437 352 552 418 387

1402 347 1992 415 THEOPHYLACTI
2034 349 2447 416 ΒΗΙιϐΑΗΙιΕ
2490 353 2845 416 ARCHIEP.

3695 354 3818 419 388

443 497 602 557 trasti
637 513 752 555 non
786 492 1010 555 habens
1040 499 1258 553 vestem
1287 491 1643 571 nuptialem?
1685 491 1760 554 At
1793 491 1889 552 ille
1919 486 2073 553 obti-

2175 509 2238 553 u,
2299 485 2444 566 ἔχων
2490 483 2686 563 ἔνδυμα
2728 487 2903 564 γάμου
2937 509 2954 564 ς
3003 478 3060 548 Ὀ
3091 487 3145 546 δὲ
3175 487 3438 571 ἐφιμώθη·
3482 491 3612 549 Τότε
3656 491 3814 548 εἶπεν

441 585 577 644 cuit.
609 583 772 645 Tunc
809 583 950 643 dixit
981 599 1083 641 rex
1121 581 1409 641 miniSIris
1443 601 1458 642 :
1497 581 1706 656 Ligatis
1746 575 1998 661 pedibus
2029 585 2085 638 et

443 674 713 735 manibus
733 671 1077 751 ejus,tollite
1101 689 1234 730 eum
1258 679 1315 730 et
1337 670 1534 749 ejicite
1557 670 1615 729 in
1634 669 1910 730 tenebras
1929 677 2084 728 exte-

440 765 625 824 riores
657 783 669 821 :
703 761 778 820 ibi
821 759 932 819 erit
980 759 1173 831 ﬂetus,
1209 768 1265 818 et
1297 759 1518 819 stridor
1567 759 1858 820 dentium.
1917 757 2083 819 Mulli

437 853 594 913 enim
626 860 760 911 sunt
791 848 999 921 vocali,
1039 847 1209 926 pauci
1244 867 1385 908 vero
1412 849 1648 911 electi.»
1680 847 1988 926 Ingressus
2009 847 2080 908 ad

437 942 670 1022 nuptias
722 939 850 999 sine
903 938 1274 1018 judicatione
1335 939 1420 1000 fit.
1484 937 1683 1001 Gratia
1744 940 1901 998 enim
1958 936 2082 996 sola

436 1051 644 1093 omnes
675 1029 860 1091 vocati
894 1048 1098 1089 sumus
1132 1038 1246 1088 tam
1285 1028 1419 1089 boni
1453 1047 1628 1108 quam
1667 1027 1802 1088 mali
1836 1045 1848 1088 ε
1882 1036 1941 1086 at
1971 1026 2083 1086 vita

437 1141 643 1182 eorum
669 1120 768 1200 qui
793 1119 1040 1197 ingressi
1068 1118 1284 1178 fuerint
1305 1120 1544 1196 posthac
1571 1137 1684 1177 non
1712 1116 2081 1196 indisquisita

440 1213 575 1282 erit,
604 1211 707 1271 sed
737 1227 982 1270 examen
1008 1207 1175 1268 valde
1210 1226 1485 1285 magnum
1539 1206 1717 1267 faciet
1749 1225 1848 1266 rex
1882 1223 2084 1264 eorum

439 1302 540 1380 qui
573 1309 701 1378 post.
726 1299 1056 1375 ingressum
1091 1296 1159 1355 ad
1195 1295 1372 1356 fidem
1409 1298 1466 1355 in
1499 1295 1742 1356 sordido
1769 1294 1973 1354 habitu
2007 1294 2088 1352 in-

443 1389 776 1449 venientur.
812 1385 1170 1446 Horreamus
1206 1384 1386 1458 igitur
1418 1382 1940 1463 cogitantes,qnia,
1976 1383 2088 1442 nisi

441 1480 569 1560 quis
592 1479 774 1538 vitam
810 1473 1022 1537 habeat
1073 1494 1299 1553 puram,
1332 1474 1474 1535 nihil
1521 1475 1574 1534 ei
1635 1473 1900 1552 proderit
1931 1472 2086 1532 nuda

442 1569 591 1629 fides
626 1588 639 1630 :
671 1585 782 1626 non
812 1564 1001 1624 solum
1033 1562 1190 1624 enim
1221 1582 1252 1622 e
1279 1560 1496 1642 nuptiis
1531 1563 1903 1638 ejicitur,sed
1939 1571 1995 1621 et
2027 1561 2086 1620 in

442 1659 637 1736 ignem
691 1654 963 1715 mittitur.
1014 1651 1156 1724 Quis
1187 1664 1278 1712 est
1312 1652 1407 1712 ille
1440 1651 1683 1712 sordida
1739 1652 2088 1711 vestimenta

2168 577 2194 632 ὁ
2250 575 2500 652 βασιλεὺς
2559 589 2678 639 τοῖς
2736 576 3020 642 διακόνοις·
3083 580 3352 648 Δήσαντες
3407 583 3563 638 αὐτοῦ
3618 593 3814 659 χεῖρας

2167 665 2254 720 καὶ
2336 663 2524 739 πόδας,
2599 664 2756 744 ἄρατε
2811 669 2965 724 αὐτὸν
2997 665 3377 725 καῖ’ἐκϐσὶλετε
3409 670 3482 733 εἰς
3531 671 3594 725 τὸ
3624 670 3818 731 σκότος

2165 755 2226 809 τὸ
2304 752 2580 827 ἐξώτερον·
2652 754 2770 813 btet
2836 756 2980 812 ἕσται
3011 759 3039 813 ὁ
3070 755 3335 833 κλαυθμὸς
3379 759 3466 814 καὶ
3497 762 3524 814 ὁ
3579 759 3818 838 βρυγμὸς

2166 849 2271 899 τῶν
2324 842 2572 926 ὀδόντων·
2631 845 2818 903 πολλοὶ
2875 848 2974 924 γαρ
3045 848 3142 904 εἶσι
3173 847 3386 920 κλητοὶ,
3435 848 3602 926 ὀλίγοι
3633 848 3688 905 δὲ
3717 850 3818 908 ἐκ·

2164 931 2361 990 λεκτοί.
2398 957 2425 989 ιι
2465 925 2527 990 Ἠ
2599 935 2696 1010 μὲν
2741 937 2813 1000 εἰς
2869 939 2959 992 τὸν
2990 937 3164 1014 γέμον
3195 937 3478 1001 εἷσέλευσις
3525 938 3646 995 ἄνευ
3692 937 3819 998 δια-

2163 1022 2383 1100 κρίσεως
2441 1045 2663 1101 γινεται·
2738 1025 2921 1104 χάριτι
2971 1027 3071 1106 γὰρ
3140 1027 3279 1102 μόνῃ
3341 1028 3534 1102 μάντες
3577 1026 3820 1099 ἐκλήθη-

2165 1133 2286 1186 μεν,
2347 1111 2532 1189 ἀγαθοί
2601 1135 2658 1169 τε
2730 1116 2818 1169 καί
2874 1117 3118 1194 πονηροὶ,
3171 1117 3206 1183 ἡ
3239 1113 3293 1170 δὲ
3321 1117 3432 1186 ζωὴ
3463 1117 3598 1190 μετὰ
3649 1126 3822 1176 ταῦτα

2169 1206 2275 1256 τῶν
2343 1201 2701 1282 εἰσελθόντων,
2765 1203 2858 1260 οὒκ
2918 1204 3258 1269 ἆνεξέταστος
3329 1204 3497 1280 ἔσται,
3533 1205 3673 1262 ἀλλὰ
3729 1210 3823 1264 καὶ

2169 1290 2304 1349 πάνυ
2360 1289 2564 1359 πολλὴν
2622 1292 2853 1357 ἐξέτασιν
2919 1307 3154 1351 ποιεῖται
3185 1297 3212 1350 ὁ
3256 1293 3501 1370 βασιλεὺς
3532 1302 3639 1352 τῶν
3685 1298 3823 1371 μετὰ

2168 1380 2229 1435 τὸ
2287 1379 2540 1437 εἰσελθεῖν
2612 1384 2684 1446 εἰς
2756 1384 2856 1450 την
2886 1384 3060 1440 πίστιν
3105 1386 3346 1462 ῥυπαρῶν
3406 1386 3816 1464 εὑρισκομένων,

2169 1467 2440 1546 Φρίξωμεν
2491 1471 2578 1528 οὖν
2636 1471 3003 1544 ἐννοήσαννες,
3049 1472 3152 1553 ὅτι,
3228 1473 3373 1549 εἰμὴ
3409 1473 3528 1555 ἔχοι
3578 1496 3659 1539 τις
3705 1475 3823 1551 βίον

2170 1561 2419 1638 καθαρὸν,
2479 1559 2622 1617 οὐδὲν
2682 1565 2839 1618 αὐτὸν
2868 1562 3070 1642 ὠφελεῖ
3097 1566 3131 1632 ἡ
3161 1564 3334 1627 πίστις
3397 1567 3558 1639 μόνη·
3608 1567 3668 1622 οὗ
3712 1563 3822 1639 μό-

2171 1670 2260 1703 νον
2330 1648 2429 1726 γὰρ
2485 1647 2796 1707 ἐκϐάλλεται
2855 1655 2916 1707 εκ
2985 1655 3077 1709 τοῦ
3128 1653 3327 1732 γάμου,
3359 1651 3496 1709 ἀλλὰ
3525 1655 3610 1710 καὶ
3647 1654 3718 1717 εἰς
3759 1655 3824 1710 τὸ

442 1732 684 1824 gerens?
726 1741 780 1804 Is
819 1742 916 1820 qui
951 1761 1065 1800 non
1101 1741 1298 1801 idutus
1344 1749 1432 1800 est
1488 1741 1707 1800 viscera
1753 1739 2084 1800 miseratio-

2175 1743 2272 1814 πῦρ
2327 1737 2728 1814 ἀποπέμπεται,
2809 1743 2894 1804 Τίς
2979 1740 3034 1797 δέ
3090 1741 3232 1798 ἐστιν
3291 1745 3317 1798 ὁ
3375 1743 3580 1820 ῥυπαρὰ
3633 1742 3822 1817 ἱμάτια

439 1818 602 1906 num,
637 1818 1088 1902 fraternitatem,
1115 1829 1566 1907 benignitatem.
1603 1827 1762 1890 Multi
1791 1828 1966 1905 igitur
1986 1846 2086 1887 se-

2175 1832 2343 1905 Ῥοὲῶν
2390 1849 2406 1899 ὅ
2487 1818 2543 1885 ’0
2615 1830 2692 1905 μὴ
2764 1829 3108 1906 ἐνδυσάμενος
3166 1818 3453 1912 σπλάγχνα
3509 1818 3819 1910 οἰκτιρμῶν,

439 1926 597 2004 ipsos
631 1939 773 1982 vana
820 1938 923 1999 spe
972 1918 1364 1996 decipientes,
1406 1927 1615 1997 putant
1646 1918 1800 1997 quod
1832 1936 2082 1997 regnum

2175 1917 2545 1994 χρηστότητα,
2618 1917 2979 1998 φιλαδελφίαν·
3052 1919 3240 1977 πολλοὶ
3297 1921 3384 1976 οὖν
3461 1921 3672 1986 ἑαυτοὺς
3730 1919 3820 1986 ἐξ·

436 2016 718 2077 οωΙοΓιιιιι
750 2019 1160 2090 assequentur,
1197 2021 1253 2071 et
1284 2011 1514 2088 seipsos
1544 2011 1717 2070 simul
1747 2009 2087 2072 immiscent

2175 2011 2475 2070 κπατῶντες
2531 2021 2717 2073 κεναῖς
2780 2007 2978 2080 ἐλπίσι,
3042 2010 3340 2086 νομίζουσιν
3383 2009 3463 2066 ὅτι
3505 2016 3603 2077 τῆς
3653 2010 3821 2085 βασι-

439 2101 940 2165 discumbentium
965 2101 1503 2179 choro,sentientes
1524 2100 1597 2159 de
1625 2099 1833 2176 seipsis
1850 2116 2080 2176 magna.

2175 2092 2308 2157 λείας
2378 2101 2484 2150 τῶν
2539 2096 2771 2175 ο·ἶ›ρανῶν
2840 2099 3211 2170 ἐπιτεύξονται,
3260 2101 3348 2156 καὶ
3405 2096 3818 2176 παρεμϐάλλου-

441 2194 753 2257 Rationem
787 2190 970 2267 igitur
996 2206 1241 2249 sumens
1276 2188 1564 2249 Dominus
1587 2187 1658 2247 ab
1695 2187 2083 2264 indignoillo,

442 2289 722 2343 monstrat
756 2279 926 2338 nobis
957 2278 1077 2346 duo,
1094 2277 1218 2337 haec
1251 2297 1264 2338 :
1302 2295 1507 2355 unum,
1542 2277 1696 2356 quod
1751 2277 2093 2337 misericors

441 2374 537 2445 sit;
570 2367 1010 2447 alterumquod
1036 2376 1092 2427 et
1124 2384 1232 2427 nos
1259 2366 1452 2425 nullos
1477 2364 1882 2425 condemnare
1914 2365 2091 2426 debe-

448 2457 842 2533 mus,etiamsi
878 2455 1186 2516 manifeste
1219 2465 1485 2531 peccent,
1522 2453 1631 2514 nisi
1659 2454 2095 2532 redarguantur

445 2556 788 2630 peccantes.
822 2544 978 2606 Dicit
1008 2545 1183 2623 igitur
1217 2543 1503 2606 Dominus
1532 2543 1844 2622 ministris,
1868 2544 2095 2622 angelis

443 2639 815 2699 tortoribus:
851 2660 875 2688 α
912 2633 1128 2710 Ligatis
1156 2632 1426 2694 manibus
1458 2641 1518 2694 et
1545 2631 1860 2711 pedibus,»
1896 2633 1952 2693 id
1978 2641 2089 2712 est,

445 2725 763 2808 operativis
797 2725 924 2803 ejus
946 2721 1359 2783 virtutibusln
1385 2723 1605 2783 saeculo
1626 2724 1784 2783 enim
1817 2714 2094 2800 praesenti

443 2817 674 2896 operari
706 2811 1112 2892 possumus,in
1146 2813 1338 2872 futuro
1369 2827 1565 2880 autem
1590 2811 1805 2872 saeculo
1837 2812 2092 2888 ligantur

444 2924 653 2968 omnes
708 2904 958 2963 virtutes
1004 2901 1215 2961 animze
1269 2901 1604 2980 operatiue.
1646 2911 1702 2962 et
1749 2919 1865 2961 non
1902 2909 2092 2981 potest

446 2996 574 3056 ﬁeri
591 2993 809 3073 aliquid
831 2991 972 3051 boni
992 2991 1046 3050 in
1071 2975 1431 3050 ablutionem
1451 2975 2149 3070 peccatorum.StridorC

442 3092 640 3147 autem
675 3079 1327 3159 demium,p(enitentia
1358 3086 1471 3152 est,
1496 3098 1629 3158 qua;
1655 3089 1793 3139 tunc
1823 3081 2001 3140 stulte
2036 3093 2093 3141 et

446 3173 737 3236 inutiliter
765 3171 849 3232 ﬁt.
872 3170 1038 3234 Multi
1062 3177 1257 3230 autem
1290 3177 1431 3230 sunt
1460 3169 1673 3248 vocati,
1717 3171 1846 3230 “9
1879 3171 2093 3231 multos

445 3264 602 3325 enim
629 3262 714 3322 vel
739 3260 932 3340 potius
950 3275 1158 3318 omnes
1179 3271 1346 3319 vocat
1367 3258 1874 3337 Deuszpaucivero
1892 3259 2088 3322 electi.

447 3354 619 3416 Pauci
651 3351 806 3412 enim
841 3348 943 3429 qui
974 3349 1292 3421 salvantur,
1321 3359 1377 3408 et
1408 3349 1507 3428 qui
1535 3349 1695 3425 digni
1727 3358 1862 3408 sunt
1884 3361 1943 3408 ut
1977 3351 2083 3410 eli-

442 3451 658 3520 gantur
689 3459 720 3499 ει
751 3437 893 3499 Deo:
920 3438 996 3496 ita
1026 3446 1089 3497 ut
1123 3437 1224 3497 Dei
1256 3438 1499 3516 quidem
1525 3437 1598 3495 sit
1625 3438 2092 3516 \ocare,electos

443 3532 638 3592 aulea‘.
656 3528 895 3592 fieri,vel
915 3537 1319 3600 non,nostrum
1336 3527 1734 3589 est.Ostendit
1750 3527 2090 3608 igiturquod

447 3628 690 3700 propter
709 3617 938 3679 Judaaos
956 3615 1110 3676 dicta
1130 3615 1204 3675 sit
1219 3613 1624 3694 parabola,qui
1648 3615 1834 3675 vocati
1855 3617 2091 3695 quidem

443 3711 634 3782 fuere,
663 3725 780 3766 non
814 3713 1014 3766 autem
1051 3704 1250 3778 electi,
1287 3722 1357 3765 eo
1384 3705 1538 3783 quod
1573 3704 1909 3768 audierunt.

439 3801 474 3867 ἦ
536 3799 637 3873 μὴ,
676 3796 936 3872 ἡμετερόν
983 3794 1091 3849 ἐστι
1129 3813 1140 3824 ·

442 3892 534 3947 οὒκ
564 3886 885 3964 ἐξελέγησαν
917 3884 994 3952 ὀὶ,
1035 3887 1106 3947 ὡς
1138 3885 1215 3958 μὴ
1246 3886 1585 3947 ἀκοὺσαντες,

525 3978 706 4036 Vens.
748 3976 838 4048 15,
879 3974 970 4037 16.
1015 3997 1040 4027 α
1075 3973 1240 4033 Tunc
1269 3972 1558 4034 abeuntes
1591 3974 1870 4036 Pharisaei
1902 3979 2094 4039 consi-

447 4065 589 4124 lium
641 4071 927 4143 ceperunt
975 4071 1033 4122 at
1078 4061 1471 4141 illaquearent
1501 4081 1635 4124 eum
1670 4065 1728 4124 in
1761 4083 2039 4129 sermone
2075 4091 2087 4133 :

449 4163 504 4215 et
535 4153 606 4214 ad
641 4153 805 4212 illum
841 4149 1119 4212 emittunt
1177 4149 1502 4230 discipulos
1559 4171 1695 4214 suos
1736 4175 1866 4214 cum
1899 4156 2091 4219 Hero-

2176 2206 2256 2240 σιν
2314 2185 2528 2251 ἑαυτοὺς
2594 2195 2672 2261 τῷ
2732 2195 2839 2244 τῶν
2894 2189 3253 2264 ἀνακειμένων
3330 2197 3504 2269 χορῷ,
3590 2190 3821 2262 οἰόμενοι

2173 2276 2291 2331 πεοὶ
2347 2275 2544 2333 ἑαυτῶν
2618 2277 2848 2356 μεγάλα,
2915 2278 3422 2357 Δικαιολογοὺμενος
3452 2277 3506 2334 δὲ
3551 2281 3578 2334 ὁ
3636 2277 3823 2356 Κύριος

2175 2365 2304 2436 πρὸς
2362 2363 2450 2422 τόν
2501 2364 2709 2432 ἀνάξιον
2765 2367 2991 2442 ἰκεϊνον,
3053 2367 3305 2424 δείκνυσιν
3334 2370 3469 2443 ἡμῖν
3499 2366 3588 2424 δὺο
3631 2377 3816 2425 ταῦτα·

2175 2452 2230 2507 ἒν
2291 2452 2412 2528 μὲν,
2472 2456 2552 2511 ὃτι
2623 2454 2990 2536 φιλάνθρωπός
3043 2457 3206 2534 ἐστιν,
3268 2456 3445 2535 ἕτερον
3475 2455 3551 2533 δὲ,
3606 2455 3688 2512 ὅτι
3732 2456 3824 2512 καὶ

2176 2544 2320 2617 ἡμᾶς
2391 2542 2474 2600 δεῖ
2545 2546 2623 2621 μὴ
2683 2550 3102 2624 καταγινώσκειν
3158 2555 3336 2620 τινῶν,
3410 2545 3509 2602 κᾶν
3583 2551 3820 2626 ’ρανερῶς

2178 2632 2503 2710 ἁμάρτωσιν,
2567 2635 2610 2690 εἰ
2694 2638 2771 2710 μή
2823 2635 3147 2715 ἰλεγχθῶσιν
3204 2639 3251 2693 οἱ
3281 2635 3627 2716 ἁμαρτόντες.
3663 2635 3822 2713 Λέγει

2179 2723 2267 2775 οὖν
2326 2724 2355 2776 'o
2415 2722 2602 2799 Κύριος
2645 2738 2764 2788 τοῖς
2794 2723 3080 2806 διακονοις,
3111 2724 3359 2803 ἀγγέλοις
3403 2737 3816 2804 τιμωρητικοῖς’

2184 2831 2212 2863 ιι
2279 2811 2548 2880 Δήσαντες
2595 2817 2751 2872 αὐτοῦ
2780 2819 2973 2894 χεῖρας
3003 2817 3092 2872 καὶ
3120 2813 3307 2895 πόδας,
3372 2842 3393 2868 ν
3432 2815 3692 2894 τουτέστι,
3726 2815 3822 2878 τὰς

2173 2902 2463 2976 πρακτικὰς
2522 2906 2619 2969 τῆς
2672 2907 2853 2982 ψυχῆς
2884 2908 3039 2964 αὑτοῦ
3093 2903 3358 2980 δυνάμεις,
3418 2905 3510 2963 Ἐν
3539 2909 3616 2979 τῷ
3673 2905 3821 2961 αἰῶνι

2174 2988 2271 3063 μὲν
2327 2991 2426 3068 γὰρ
2481 2997 2557 3064 τῷ
2613 2991 2882 3074 ἐνεστῶτι,
2964 2994 3072 3052 ἔστι
3144 2992 3332 3074 πρᾶξαι
3387 2997 3473 3050 καὶ
3540 2993 3825 3072 ἐνεργῆσαί

2173 3103 2246 3161 τι,
2290 3083 2344 3136 ἓν
2401 3078 2455 3136 δὲ
2515 3088 2591 3156 τῷ
2648 3081 2920 3158 μέλλοντι,
2953 3081 3260 3160 δεσμοῦνται
3295 3090 3458 3140 πᾶσαι
3491 3085 3544 3141 αἱ
3592 3104 3823 3151 πρακτι-

2174 3171 2265 3226 καὶ
2335 3168 2577 3246 δυνάμεις
2637 3172 2734 3239 τῆς
2791 3173 3000 3252 ψυχῆς.
3061 3175 3159 3232 Καί
3225 3174 3319 3230 οὒκ
3348 3172 3458 3229 ἔστι
3517 3172 3740 3239 ποιῆσαί
3772 3193 3822 3228 τι

2176 3260 2371 3337 ἀγαθὸν
2441 3261 2516 3325 εἰς
2581 3261 2935 3331 ἅντισήκωσιν
2991 3268 3096 3318 τῶν
3139 3263 3430 3340 ἁμαρτιῶν
3486 3263 3722 3341 βρυγμὸς
3768 3259 3824 3316 δὲ

2176 3346 2426 3428 ὀδόντων,
2485 3351 2520 3416 ἡ
2572 3349 2692 3405 τότε
2750 3350 3084 3426 γενησομένη
3135 3351 3404 3421 ἀνονήτως
3471 3349 3821 3426 μεταμέλεια³

2177 3437 2367 3495 πολλοὶ
2451 3435 2505 3494 δέ
2551 3441 2651 3494 εἰσι
2709 3438 2920 3515 κλητοὶ,
2983 3441 3213 3504 πολλοὺς
3264 3443 3363 3519 γαρ
3407 3440 3565 3498 καλεῖ
3606 3443 3633 3497 ὁ
3665 3443 3824 3514 Θεὸς,

2177 3526 2382 3602 μᾶλλον
2437 3525 2492 3584 δὲ
2539 3529 2764 3591 πάντας·
2812 3529 2980 3608 ὀλίγοι
3011 3527 3065 3586 δὲ
3113 3529 3376 3593 ἐκλεκτοί.
3411 3529 3612 3610 Ὀλίγοι
3665 3531 3754 3587 καὶ
3781 3533 3829 3585 οἱ

2177 3617 2470 3694 σωζόμενοι
2516 3619 2604 3673 καὶ
2654 3617 2784 3682 ἄξιοι
2833 3627 2925 3675 τοῦ
2980 3617 3264 3697 ἐκλεγῆναι
3309 3620 3450 3696 παρὰ
3494 3626 3647 3676 Θεοῦ·
3685 3619 3827 3677 ὥστε

2176 3711 2268 3766 τοῦ
2323 3707 2420 3781 μὲν
2473 3714 2626 3774 Θεοῦ,
2688 3709 2749 3764 τὸ
2807 3708 3016 3784 καλεῖν,
3068 3711 3129 3764 τὸ
3177 3708 3231 3764 δὲ
3260 3708 3540 3768 ἐκλεκτοὺς
3580 3708 3822 3787 γενέσθαι

1195 3792 1420 3849 δείκνυσι
1508 3795 1696 3864 τοίνυν,
1759 3794 1837 3850 ὅτι
1902 3795 1984 3853 διὰ
2048 3803 2167 3866 τοὺς
2207 3796 2495 3861 Ἰουδαίους
2555 3796 2754 3877 ἐλέχθη
2812 3799 2846 3866 ἡ
2890 3796 3190 3879 παραϐολὴ,
3237 3801 3284 3857 οἱ
3343 3797 3641 3869 ἐκλήθησαν
3701 3799 3825 3873 μὲν,

2265 4000 2294 4039 ι
2325 3979 2455 4037 Τότε
2486 3978 2822 4057 πορευθέντες
2856 3980 2902 4035 οἱ
2949 3985 3234 4057 Φαρισαῖοι
3263 3975 3578 4055 συμϐούλιον
3633 3974 3820 4033 ἔλαϐον

2178 4073 2323 4132 ὅπως
2382 4068 2537 4124 αὐτὸν
2596 4065 2984 4146 παγιδεύσωσιν
3055 4068 3110 4124 ἓν
3142 4068 3288 4147 λόγῳ
3343 4071 3432 4126 καὶ
3465 4064 3820 4124 ἀποστέλλου-

2179 4183 2261 4217 σιν
2329 4158 2472 4232 αὒτῷ
2532 4157 2654 4219 τοὺς
2721 4159 2959 4232 μαθητὰς
3027 4159 3198 4216 αὑτῶν
3230 4159 3365 4233 μετὰ
3406 4164 3510 4215 τῶν
3557 4153 3825 4237 Ἡρωδια-

448 4242 663 4303 dianis.
704 4266 725 4297 ν
767 4242 880 4303 Per
921 4239 1166 4300 insidias
1218 4241 1340 4300 haec
1377 4242 1636 4304 fiebant:
1673 4254 1988 4324 propterea
2038 4256 2091 4308 et

2179 4257 2305 4313 νῶν,
2381 4273 2408 4303 ι
2477 4244 2766 4314 Ἐπιϐουλὴ
2794 4247 2860 4313 ἦν
2916 4250 2977 4304 τὸ
3021 4250 3324 4326 γινόμενον,
3357 4245 3441 4304 διὰ
3483 4253 3640 4305 τοῦτο
3682 4246 3771 4303 καὶ
3799 4247 3830 4302 ὀ

446 4335 636 4394 Lucas
666 4329 1044 4392 insidiatores
1069 4329 1198 4389 illos
1230 4340 1430 4409 vocat,
1455 4339 1730 4411 tanquam
1784 4337 1996 4396 missos
2029 4335 2088 4398 in

2177 4346 2380 4403 Λουκᾶς
2435 4335 2747 4416 ἐγκαθέτους
2777 4337 2898 4400 τοὺς
2954 4338 3222 4401 τοιοὺτους
3255 4339 3525 4413 ὀνομάζει,
3558 4338 3631 4400 ὡς
3688 4337 3830 4393 ὑπο-

447 4427 558 4486 hoc
590 4421 1030 4484 utinsidientnr
1059 4419 1313 4483 Christo.
1350 4420 1669 4485 Herodiani
1700 4434 1894 4486 autem
1925 4439 2091 4489 erant

2175 4427 2508 4508 πεμφθέντας
2567 4425 2652 4482 ἐπὶ
2721 4427 2781 4481 τὸ
2831 4423 3195 4508 ἐπιϐουλεῦσαι
3253 4432 3480 4506 Χριστῷ·
3522 4419 3834 4504 ’Βρωδιανοὶ

448 4515 533 4575 vel
583 4511 838 4574 Herodis
869 4511 1110 4586 milites,
1166 4511 1254 4573 vel
1313 4512 1414 4592 qui
1471 4513 1751 4592 putabant
1791 4513 2089 4578 Herodem

2182 4517 2238 4574 δὲ
2302 4506 2466 4589 -ἧσαν,
2526 4514 2562 4584 ἥ
2609 4518 2655 4572 οἱ
2683 4518 2776 4572 τοῦ
2837 4506 3069 4594 Ἡρώδου
3100 4523 3440 4596 στρατιῶται,
3485 4515 3521 4584 ἢ
3579 4517 3627 4572 οἱ
3671 4515 3830 4590 νομί·-

443 4600 1068 4675 Christum.Quoniam
1100 4601 1259 4660 enim
1286 4601 1708 4664 deficientibus
1727 4604 2091 4685 principibus

2177 4614 2354 4678 ζοντες
2405 4596 2647 4676 Ἡρώδην
2705 4605 2853 4661 εἷναι
2913 4607 3004 4662 τὸν
3076 4605 3321 4685 Χριστόν·
3359 4605 3604 4684 ἰπεὶγὰρ
3676 4602 3831 4660 ἐκλι-

444 4694 592 4757 .luda
625 4692 888 4772 regnavit
917 4689 1208 4758 Herodes,
1246 4691 1686 4772 arbitrabantur
1731 4693 1929 4774 ipsum
1963 4713 2095 4757 esse

446 4784 746 4846 Christum
775 4800 788 4845 :
825 4781 1071 4842 veniunt
1103 4781 1280 4859 igitur
1310 4780 1592 4843 Pharisaai
1624 4801 1758 4842 cum
1811 4783 1928 4844 illis
1958 4783 2091 4844 illa-

445 4873 715 4953 queaturi
745 4891 906 4934 eum.
943 4867 1098 4932 Audi
1129 4869 1288 4930 enim
1325 4871 1620 4950 quomodo
1651 4870 1968 4951 loquantur
1999 4872 2093 4934 di-

439 4973 651 5022 centes
684 4982 696 5023 I
1716 4972 1722 4978 ’

531 5051 712 5111 Vens.
747 5047 962 5110 16-92.
989 5047 1558 5127 «Magister,scimus
1589 5050 1744 5129 quod
1783 5068 1947 5113 verax
1983 5052 2087 5129 sis,

450 5147 507 5199 et
539 5137 686 5198 viam
723 5137 826 5199 Dei
859 5137 917 5196 in
949 5138 1193 5197 veritate
1223 5137 1429 5215 doces,
1456 5156 1652 5216 neque
1682 5157 1854 5202 cures
1876 5160 2092 5219 quem-

451 5245 648 5304 quam:
687 5246 803 5286 non
834 5225 994 5288 enim
1025 5225 1272 5304 re.~picis
1304 5245 1622 5304 personam
1650 5229 2097 5293 hominum.Dic

456 5334 595 5393 ergo
623 5315 816 5390 nobis,
860 5315 1000 5394 quid
1049 5313 1153 5373 tibi
1185 5314 1449 5376 videtur?
1495 5316 1654 5378 Licet
1696 5337 1940 5379 censum
1973 5319 2098 5380 dari

456 5404 926 5484 Caesari,annou?
944 5403 1191 5480 Cognita
1217 5413 1410 5465 autem
1431 5404 1460 5468 J
1469 5424 1603 5466 esus
1628 5406 1844 5469 malitia
1865 5427 2095 5489 eorum,

455 5497 538 5556 ait
570 5517 581 5554 :
608 5493 756 5567 Quid
783 5514 875 5556 me
912 5493 1171 5564 tentatis,
1204 5493 1570 5574 bypocritte?
1603 5495 1910 5559 Ostendite
1952 5498 2095 5561 mihi

455 5585 746 5647 nomisma
780 5581 1206 5646 census.Atilli
1239 5583 1582 5646 obtulerunt
1612 5585 2099 5650 eidenarium.Et

458 5675 539 5737 ait
559 5674 675 5736 illis
700 5691 713 5736 :
740 5671 923 5752 Cujus
942 5680 1031 5733 est
1050 5671 1242 5750 imago
1273 5671 1398 5734 haec
1431 5682 1489 5733 et
1517 5675 1855 5756 inscriptio?
1883 5675 2098 5737 Dicunt

2177 4695 2386 4752 πόντων
2442 4693 2548 4751 τῶν
2606 4693 2883 4773 ἀρχόντων
2954 4692 3146 4774 Ἰούδα,
3180 4692 3530 4774 ἐϐασίλευσενΔ
3563 4693 3593 4748 ὀ
3648 4691 3830 4768 Ἠρώ-

2178 4781 2299 4864 δης,
2371 4771 2651 4858 ἐνόμισαν,
2676 4771 2760 4838 δτι
2791 4783 2946 4846 αὗτός
2979 4771 3140 4839 ἔστιν’
3162 4784 3190 4839 ὀ
3233 4781 3482 4862 λριστός.
3518 4771 3833 4862 ’Ἔρχονται

2176 4873 2347 4930 τοίνυν
2407 4874 2454 4929 οἱ
2513 4877 2797 4948 Φαρισαῖοι
2853 4873 2988 4949 μετὰ
3045 4874 3243 4930 τούτων
3279 4870 3684 4952 παγιδεύσοντες
3742 4870 3836 4927 αὖ·

2175 4962 2288 5019 τόν.
2340 4950 2548 5019 "Amore
2592 4959 2647 5016 δί
2680 4961 2796 5026 πῶς
2826 4960 3102 5025 ὀμιλοῦσιν
3132 4963 3295 5042 αὐτῷ,
3319 4961 3587 5041 λέγοντες·

2262 5071 2286 5108 ε
2367 5047 2682 5124 Διδέσδαλε,
2715 5049 2957 5126 θ’ἷδαμεν,
2993 5050 3073 5107 ὅτι
3121 5050 3324 5119 ἀληθὴς
3355 5051 3433 5130 εἷ,
3467 5052 3554 5108 καὶ
3582 5051 3683 5118 τὴν
3711 5046 3833 5106 ὁδόν

2175 5146 2268 5197 τοῦ
2327 5147 2459 5198 Θεοῦ
2511 5139 2566 5196 ἐν
2614 5137 2834 5213 ἀληθείᾳ
2888 5139 3171 5214 διδάσκεις,
3251 5142 3360 5197 καὶ’
3397 5139 3457 5198 οὐ
3499 5138 3685 5216 μέλλει
3745 5161 3833 5196 σοι

2177 5229 2295 5308 περὶ
2352 5226 2584 5303 οὒδενὸς,
2643 5233 2702 5288 οὗ
2757 5230 2857 5309 γὰρ
2911 5228 3125 5305 βλέπεις
3175 5231 3246 5296 εἷς
3292 5229 3579 5319 πρόσωπον
3622 5227 3834 5305 ἀνθρώ-

2180 5336 2320 5376 πων⁹
2398 5319 2524 5376 Εἰπὲ
2581 5319 2670 5375 οὖν
2714 5321 2876 5391 ἡμῖν,
2908 5321 2957 5376 τί
2979 5342 3062 5377 σοι
3106 5317 3256 5378 δοκεῖ
3301 5337 3318 5395 ;
3353 5315 3602 5385 Ἔξεστιν
3652 5315 3832 5374 δοῦναι

2181 5406 2376 5474 κῆνσον
2439 5407 2682 5487 Καίσαρι,
2732 5407 2767 5476 ἤ
2801 5406 2861 5466 οὔ
2895 5426 2911 5484 ;
2971 5409 3130 5474 Γνοὺς
3160 5407 3214 5464 δὲ
3245 5409 3274 5466 ὀ
3303 5409 3512 5476 Ἰησοῦς
3533 5413 3634 5475 τὴ»
3653 5428 3833 5473 πονη·

2180 5497 2294 5577 ρίαν
2353 5497 2545 5572 αὐτῶν,
2645 5497 2794 5556 εἴπεο
2856 5501 2916 5558 Τί
2983 5501 3052 5576 μὲ
3133 5498 3428 5578 πειράζετε,
3501 5495 3834 5577 ὑποκριταίς

2180 5583 2502 5652 Ἐπιδείξαιεέ
2553 5611 2645 5663 μοι
2700 5589 2762 5646 τὰ
2820 5589 3054 5666 νόμισμα
3083 5595 3178 5647 τοῦ
3205 5591 3426 5660 κήνσου.
3460 5588 3521 5646 Oi
3563 5585 3619 5643 δὲ
3663 5606 3832 5665 προσ·

2177 5677 2410 5752 ἤνεγκαν
2463 5675 2606 5750 αὐτῷ
2659 5674 2928 5755 δηνάριον.
3003 5676 3100 5737 Καὶ
3150 5675 3294 5756 λέγει
3350 5677 3559 5739 αὐτοῖς’
3613 5676 3764 5736 Τίνος
3796 5675 3834 5742 ἡ
