4170 6418
528 299 634 362 391

1488 286 2081 358 THEOPHYLACTI
2126 290 2537 353 BULGABIE
2572 292 2931 354 ARCHIEP.

3797 286 3919 350 392

522 418 663 505 illis,
705 433 932 512 dicunt,
982 432 1092 491 erit
1139 430 1380 489 mulier?
1412 428 1644 489 Diceret
1692 426 1843 507 quis.
1878 424 1925 487 Ο
1957 432 2165 484 conta-

2254 424 2340 480 καὶ
2396 426 2537 488 τίνος
2592 426 2785 500 αὐτῶν,
2846 426 3021 504 φασὶν,
3072 423 3216 480 ἔσται
3276 427 3310 491 ἡ
3377 424 3559 501 vim-IS;
3615 421 3773 480 Εἴποι
3828 419 3919 477 οὖν

520 524 724 583 minati
758 520 1089 591 Sadduczei,
1132 518 1347 595 prioris
1396 518 1497 596 qui
1550 517 1801 577 duXerat
1854 533 1999 575 u.\'or
2032 514 2165 589 erit,

515 613 802 692 siquidem
856 610 1326 671 concederemus
1383 607 1441 667 in
1502 606 1948 667 resurrectione
2011 623 2170 682 nup-

516 704 624 763 tias
655 704 780 764 fore
813 724 825 761 :
864 701 958 762 alii
994 701 1151 760 enim
1204 719 1316 758 non
1370 698 1520 770 veri,
1554 698 1653 757 sed
1701 696 1806 756 viri
1852 704 2017 757 erant
2060 714 2162 755 ac-

515 794 782 852 cessorii.

593 881 776 943 Vens.
828 878 1020 943 ‘29-33
1086 906 1106 933 «ι
1148 877 1540 957 Respondens
1572 884 1769 936 autem
1801 874 2000 948 Jesus,
2029 871 2175 936 dixit

510 969 626 1029 illis
658 992 669 1027 :
698 970 937 1047 Erratis,
966 969 1302 1028 nescientes
1338 966 1698 1043 Scripturas,
1741 983 1933 1043 neque
1974 964 2168 1023 virtu-

510 1068 624 1119 tem
650 1057 847 1119 Deiln
869 1058 1311 1118 resurrectione
1329 1055 1487 1116 enim
1510 1072 1703 1133 neque
1722 1052 2165 1113 matrimonium

506 1148 888 1222 contrahunt,
914 1164 1107 1225 neque.
1143 1146 1475 1215 elorantur,
1500 1144 1599 1204 sed
1630 1150 1765 1202 sunt
1796 1144 1951 1202 sicut
1980 1141 2175 1219 angeli

514 1237 617 1299 Dei
653 1237 707 1296 in
742 1235 1012 1297 cmlo.De
1031 1234 1476 1295 resurrectione
1496 1250 1639 1291 vero
1667 1241 2033 1291 mortuorum
2058 1249 2176 1291 non

511 1326 911 1404 legisliSquod
938 1325 1102 1383 vobis
1131 1324 1349 1382 dictum
1378 1331 1464 1381 est
1494 1342 1526 1381 ει
1557 1321 1838 1398 Deo,Ego
1870 1339 1998 1380 sum
2022 1320 2178 1380 Deus

520 1414 1009 1486 Abraham,Deus
1039 1413 1283 1483 Ῑδῖὶίὶι¹,ιί
1322 1416 1473 1473 lleus
1497 1409 1701 1471 Jacob?
1728 1413 1855 1471 Non
1880 1419 1969 1469 est
1990 1411 2167 1480 Deus,

504 1512 861 1563 mortuorum
896 1502 1074 1569 Deus,
1115 1503 1217 1561 seJ
1243 1500 1561 1559 viventium
1603 1497 1667 1557 Et
1701 1516 1834 1557 cum
1862 1498 2171 1557 audissent

508 1590 711 1671 turbae,
756 1600 1109 1669 stupuerunt
1160 1591 1233 1651 dc
1285 1588 1556 1647 doctrina
1610 1588 1759 1664 ejus.
1806 1613 1827 1639 η
1888 1585 2173 1647 Ostendit

508 1680 773 1743 Salvator
806 1690 861 1741 et
891 1678 1388 1740 resurrectionem
1426 1677 1705 1745 futuram,
1741 1685 1799 1737 et
1830 1694 1944 1735 non
1972 1676 2147 1736 talem

2255 513 2315 568 ἄν
2372 537 2451 578 τις
2487 531 2501 544 ⁸
2550 504 2613 570 Ὠ
2672 516 2849 592 μιαροὶ
2882 512 3256 593 Σαδδουκαῖοι,
3290 519 3381 569 τοῦ
3411 513 3633 591 πρώτως
3668 532 3921 589 γεγαμηο

2251 602 2406 667 κότος
2454 602 2599 660 ἔσται
2657 605 2691 671 ἡ
2749 603 2903 681 γυνὴ,
2952 602 3068 679 εἴγε
3100 603 3565 682 συγχωρήσωμεν,
3604 602 3683 656 ὃτι
3716 602 3804 655 καὶ
3864 597 3924 654 ἐν

2250 697 2317 768 τῇ
2370 692 2651 749 ἀναστάσει
2706 693 2877 770 γάμος
2923 693 3103 748 ἐστίν’
3151 693 3198 747 οἱ
3256 692 3356 769 γὰρ
3416 689 3591 764 ἄλλοι,
3656 685 3918 745 ὑποϐολι-

2258 795 2437 856 μαῖοι,
2466 782 2590 862 οὒχὶ
2620 780 2837 857 νόμιμοι
2872 780 3076 860 ἄνδρες.

2344 895 2371 925 cr
2407 870 2734 949 Ἀποκριθεὶς
2790 868 2843 925 δὲ
2904 873 2933 927 6
2998 871 3202 937 Ἰησοῦς
3251 870 3408 926 εἶπεν
3451 869 3656 932 αὖτοῖς·
3706 866 3923 923 Πλανᾶ-

2256 964 2363 1034 σθε,
2428 962 2506 1034 μὴ
2566 959 2758 1023 εἰδότες
2820 960 2913 1025 τὰς
2959 961 3193 1039 Γραφάς,
3241 956 3378 1034 μηδὲ
3426 959 3526 1025 την
3577 957 3790 1030 δύναμιν
3821 962 3922 1011 τοῦ

2253 1056 2406 1112 Θεοῦ,
2472 1047 2561 1106 Ἐν
2619 1051 2719 1129 γὰρ
2774 1055 2843 1125 τῇ
2918 1048 3224 1120 ἀναστάσει,
3280 1046 3398 1103 οὔτε
3460 1049 3749 1125 γαμοῦσιν,
3796 1042 3922 1100 οὔτε

2258 1136 2648 1214 ἐκγαμίζονται,
2708 1136 2829 1194 ἀλλ’
2872 1140 2945 1201 ὡς
3000 1136 3217 1216 ἄγγελοι
3263 1143 3393 1193 Θεοῦ
3451 1135 3503 1192 ἐν
3534 1139 3734 1214 ούρανῴ
3786 1135 3923 1191 εἶσι.

2261 1229 2381 1305 Περὶ
2438 1227 2492 1283 δὲ
2546 1233 2644 1295 τῆς
2688 1225 3025 1291 ἀναστάσεως
3068 1234 3175 1283 τῶν
3221 1232 3446 1305 νεκρῶν,
3502 1225 3596 1282 οῦκ
3653 1224 3922 1301 ἀνέγνωτε

2258 1318 2318 1372 τὸ
2374 1317 2530 1393 ῥηθὲν
2580 1319 2711 1393 ὑμῖν
2760 1318 2862 1383 ὑτςὸ
2918 1324 3009 1373 τοῦ
3067 1323 3200 1372 Θεοῦ
3226 1314 3475 1393 λέγοντος
3511 1335 3527 1350 ·
3559 1315 3705 1392 Ἐγὼ
3749 1315 3857 1387 εἶμι
3891 1316 3922 1368 ὁ

2262 1392 2390 1469 Θεὸς
2449 1404 2716 1486 Ἀϐραὰμ,
2749 1408 2831 1485 κρὶ
2860 1408 2888 1461 6
2934 1407 3063 1469 Θεὸς
3094 1392 3309 1477 Ἰσαὰκ,
3335 1406 3421 1459 καὶ
3449 1406 3477 1460 6
3504 1402 3633 1467 Θενῖς
3668 1392 3861 1459 ἰακὼϐ
3898 1425 3915 1475 ;

2255 1498 2350 1552 οὒκ
2407 1494 2547 1550 ἔστιν
2590 1498 2617 1551 ὸ
2676 1497 2831 1562 Θεὸς,
2867 1500 2995 1557 Θεὸς
3054 1499 3277 1572 νεκρῶν,
3330 1492 3465 1548 ἀλλὰ
3529 1493 3764 1563 ζώντων,
3814 1492 3919 1549 Καὶ

2256 1583 2573 1647 ἀκούσαντες
2646 1587 2692 1641 οἱ
2757 1582 2937 1662 ὄχλοι,
3002 1581 3391 1651 ἐξεπλήσσοντο
3447 1580 3532 1637 ἐπὶ
3593 1587 3661 1657 τῇ
3716 1578 3919 1659 διδαχῇ

2256 1678 2434 1737 αὺτοῦ,
2486 1698 2514 1728 ι
2554 1674 2822 1730 Δείκνυσιν
2858 1676 2885 1729 6
2938 1672 3151 1749 Σωτὴρ,
3194 1670 3275 1727 ὅτι
3305 1674 3392 1727 καὶ
3421 1670 3707 1733 ἀνάστασις
3737 1668 3915 1743 ἔσται,

507 1775 899 1840 carna'cm,ut
928 1768 1263 1840 errant,sed
1313 1766 1662 1825 diviniorem
1704 1774 1763 1825 et
1806 1764 2165 1843 spiritualio-

2258 1766 2343 1819 καὶ
2402 1768 2463 1822 οῦ
2493 1764 2715 1830 τοιαύτη
2777 1763 3004 1842 σαρκικὴ
3048 1776 3120 1825 ως
3150 1760 3482 1835 πλανῶνται,
3516 1759 3652 1817 ἀλλὰ
3679 1758 3917 1836 θειοτέρα

508 1878 656 1919 rem.
693 1857 842 1930 Quid
870 1857 1054 1936 enim,
1092 1857 1304 1935 inquit,
1340 1856 1570 1926 erratis,
1613 1854 1951 1913 nescientes
1994 1853 2165 1915 Scri-

511 1957 730 2025 pturas,
775 1956 832 2008 et
881 1947 993 2006 vim
1048 1944 1185 2005 Dei?
1233 1944 1373 2005 Nam
1426 1945 1471 2003 si
1517 1942 1849 2021 Scripturas
1906 1942 2162 2016 sciret's,

510 2039 833 2100 crederetis
848 2039 1052 2109 utique
1069 2038 1252 2098 Deum
1279 2056 1394 2097 non
1414 2055 1539 2096 essv
1558 2035 1741 2095 Deum
1770 2044 2162 2108 mortuorum,

510 2127 613 2188 sed
648 2128 989 2188 viventium.
1030 2126 1196 2197 Quod
1231 2126 1277 2185 si
1312 2125 1585 2185 virtutem
1620 2123 1721 2183 Dei
1766 2123 2020 2189 sciretis,
2058 2142 2165 2182 co-

509 2217 874 2292 gnem-cretis
905 2217 1108 2295 utique
1161 2215 1278 2275 Deo
1318 2214 1517 2273 omnia
1557 2230 1688 2271 esse
1737 2210 2070 2290 possibilia,
2109 2219 2165 2271 et

514 2323 686 2383 posse
717 2304 900 2365 Deum
938 2305 1131 2363 facere
1167 2310 1223 2361 ut
1250 2302 1520 2360 homines
1552 2300 1920 2358 vivantsicpt
1942 2297 2159 2374 angeli.

516 2394 662 2453 Vide
720 2403 919 2454 autem
971 2390 1322 2469 sapientiam
1358 2389 1614 2450 Domini.
1662 2387 1747 2447 Illi
1811 2406 1913 2466 per
1966 2392 2164 2447 Mosen

512 2482 880 2542 conabantur
911 2482 1123 2558 dogma
1150 2482 1224 2540 de
1255 2478 1696 2539 resurrectione
1728 2477 2165 2538 subvertere.et

514 2571 801 2631 Dominus
841 2588 945 2650 per
992 2570 1191 2631 Mosen
1249 2567 1369 2627 illis
1413 2566 1626 2627 iterum
1669 2566 2007 2646 persuadet.
2040 2566 2162 2644 Ego

514 2660 671 2720 enim
697 2678 853 2731 sum,
888 2659 1101 2739 inqud,
1137 2660 1293 2720 Deus
1326 2655 1645 2733 Abraham,
1682 2666 1737 2714 et
1772 2657 1951 2734 Isaac,
1981 2664 2038 2715 et
2057 2654 2160 2717 Ja-

518 2747 651 2810 cob.
688 2747 808 2807 Hoc
839 2756 1037 2808 autem
1060 2746 1263 2805 dicere
1288 2744 1406 2803 vult
1440 2762 1452 2804 :
1493 2746 1650 2806 Deus
1694 2761 1807 2803 non
1841 2750 1927 2802 est
1955 2760 2160 2802 eorum

516 2837 673 2898 Deus
695 2838 793 2916 qui
826 2856 943 2896 non
974 2844 1126 2906 sunt,
1149 2834 1250 2894 sed
1286 2834 1385 2913 qui
1415 2833 1748 2893 subsistunt
1779 2841 1835 2890 et
1867 2840 2021 2893 sunt.
2044 2830 2164 2893 Ne-

523 2944 635 3007 que
677 2926 833 2985 enim
869 2925 1040 3002 dixit,
1104 2926 1219 2983 '2l
1277 2923 1397 3000 Ego
1430 2940 1612 2999 eram,
1651 2920 1779 2999 sed,
1816 2919 1986 2981 Sum.
2023 2919 2166 2981 Nam

521 3014 786 3094 quamvis
838 3014 1056 3073 mortui
1099 3014 1234 3090 sint,
1281 3030 1384 3091 Spe
1439 3020 1635 3071 tamen
1708 3009 2170 3071 resurrectionis

521 3105 1089 3180 vivunt.lnterrogas
1122 3111 1341 3164 autem.
1368 3100 1674 3173 Quomodo
1702 3098 1879 3177 igitur
1900 3099 2014 3158 alio
2039 3098 2168 3158 loco

521 3192 664 3253 dicit
693 3216 701 3250 :
729 3163 1083 3252 Mortuoer
1119 3204 1176 3252 et
1198 3191 1511 3251 viventium
1538 3163 1823 3250 Dominus
1856 3194 1972 3250 est?
1994 3163 2227 3249 Discec

519 3281 695 3360 igitur
715 3281 867 3361 quod
906 3290 1169 3341 mortuos
1200 3281 1331 3341 illos
1364 3280 1483 3340 illic
1517 3279 1663 3339 dicit
1695 3278 2007 3339 defunctos
2036 3276 2167 3356 qui-

516 3370 676 3439 dem,
708 3372 961 3430 vii-turos
994 3380 1190 3430 autem
1232 3391 1243 3427 :
1284 3370 1377 3430 hic
1419 3386 1557 3428 vero
1592 3366 1876 3427 Dominus
1907 3384 2162 3444 respon-

518 3460 616 3520 dct
640 3460 852 3520 lizeresi
876 3456 1708 3527 Sadduczeorum,docentium
1745 3474 1859 3514 non
1888 3474 2019 3515 esse
2038 3455 2162 3516 ani-

519 3567 671 3609 mam
705 3547 1121 3618 immortalem,
1158 3547 1261 3605 sed
1309 3550 1554 3604 omnino
1597 3545 1917 3623 corrumpi,
1955 3545 2163 3604 dicens

515 3638 700 3698 Deum
730 3654 843 3695 non
872 3654 1003 3696 esse
1029 3637 1212 3696 Deum
1241 3635 1751 3706 mortuorum,boc
1776 3636 2047 3711 est,sicut
2066 3652 2165 3694 vos

519 3724 756 3805 putatis,
806 3724 1049 3784 omnino
1097 3724 1493 3801 pereuntium,
1530 3722 1632 3782 sed
1666 3723 2011 3794 viventium,
2049 3723 2162 3784 hoc

517 3824 628 3888 est,
668 3813 1059 3873 immortalem
1088 3810 1429 3871 habentium
1456 3812 1805 3891 animam,et
1833 3830 2157 3889 resurgen-

519 3903 684 3973 tium,
717 3902 951 3962 etiamsi
977 3901 1188 3961 mortui
1222 3900 1458 3964 iuerint.

597 4078 777 4141 V’Ens.
809 4078 1016 4141 34-40.
1055 4101 1081 4136 ε
1112 4078 1391 4140 [ηιεείδωί
1424 4086 1619 4139 autem
1670 4097 1809 4138 cum
1857 4078 2163 4140 audissent

512 4168 667 4248 quod
693 4168 993 4229 silentium
1023 4168 1403 4247 imposuisset
1447 4168 1807 4236 Sadducaeis,
1842 4186 2148 4228 convene-

513 4267 648 4318 runt
681 4261 736 4318 in
763 4277 967 4328 unum,
1004 4266 1061 4317 ct
1090 4257 1474 4336 interrogavit
1510 4276 1641 4317 eum
1670 4276 1822 4318 unus
1853 4276 1921 4319 ex
1946 4261 2031 4319 eis
2067 4258 2160 4320 le-

511 4348 751 4425 gislator
774 4346 1335 4427 quiSpiam.tentans
1368 4356 1594 4419 eum,et
1625 4347 1850 4408 dicens:
1871 4346 2159 4425 Wagister,

509 4437 663 4515 quod
684 4445 772 4496 est
797 4435 1135 4495 mandatum
1160 4454 1433 4511 magnum
1456 4435 1517 4495 ir.
1544 4435 1704 4514 lege?
1719 4435 1811 4496 Ait
1831 4437 1913 4497 illi
1936 4434 2113 4497 Jesus
2142 4457 2157 4497 :

2256 1856 2342 1910 καὶ
2386 1853 2877 1931 πνευματικωτέρα.
2936 1854 2996 1910 Τί
3052 1853 3174 1930 γὰρ,
3249 1852 3397 1931 φησὶ,
3474 1852 3762 1923 πλανᾶσθε,
3836 1850 3919 1922 μὴ

2250 1941 2441 2008 εἰδότες
2486 1945 2579 2007 τὰς
2627 1944 2835 2022 Γραφὰς
2870 1941 3007 2017 μηδὲ
3054 1944 3153 2008 τὴν
3214 1938 3429 2015 δύναμιν
3480 1948 3572 1999 τοῦ
3623 1946 3801 2017 Θεοῦς
3858 1945 3917 1999 Εἴ

2249 2033 2348 2107 μὲν
2428 2034 2521 2097 τὰς
2609 2034 2819 2111 Γραφὰς
2891 2030 3238 2109 ὲγινώσκετε,
3332 2030 3618 2096 ἠπίστασθε
3689 2026 3774 2106 ἂν,
3830 2026 3917 2081 ὅτι

2249 2125 2277 2178 6
2335 2123 2466 2186 Θεὸς
2527 2125 2622 2179 οὐκ
2681 2118 2791 2176 ἔστι
2848 2125 3046 2197 νεκρῶν
3106 2120 3260 2197 Θεὸς,
3321 2116 3458 2173 ἀλλὰ
3486 2123 3717 2190 ζώντων
3767 2117 3811 2171 εἰ
3858 2113 3913 2171 δὲ

2248 2213 2351 2278 τὴν
2416 2209 2638 2286 δύναμιν
2683 2218 2776 2266 τοῦ
2836 2217 2969 2266 Θεοῦ
3014 2206 3213 2285 ᾔδειτε,
3244 2209 3558 2285 ἰῑγινώσκετε
3590 2206 3676 2286 ἂν,
3708 2205 3787 2263 ὅτι
3834 2206 3915 2280 τῷ

2250 2308 2366 2374 Θεῷ
2424 2302 2595 2360 πάντα
2647 2298 2862 2373 δυνατὰ,
2947 2298 3085 2354 ὥστε
3155 2298 3244 2353 καὶ
3301 2299 3420 2362 τοὺς
3479 2296 3777 2375 ἀνθρώπους
3836 2297 3912 2358 ὡς

2249 2388 2506 2468 ἀγγέλους
2567 2392 2796 2457 ποιῆσαι
2849 2386 3241 2450 πολιτεύεσθαι,
3298 2379 3444 2465 ιὈρα
3474 2383 3658 2451 δὲτὴν
3724 2384 3911 2462 σοφίαν

2248 2486 2339 2535 τοῦ
2399 2480 2584 2553 Κυρίου
2618 2498 2633 2513 ·
2697 2477 2891 2533 ἐκεῖνοι
2964 2477 3069 2533 ἀπὸ
3152 2485 3246 2535 τοῦ
3302 2478 3536 2531 Μωσέως
3592 2470 3913 2543 ἐσπούδαζον

2246 2566 2561 2645 περιτρέψαι
2605 2569 2666 2623 τὸ
2698 2589 2794 2633 της
2837 2565 3173 2629 ἀναστάσεως
3234 2563 3431 2643 δόγμα,
3483 2564 3573 2621 καὶ
3603 2562 3754 2625 οὗτος
3796 2561 3906 2617 ἀπὸ

2245 2665 2338 2714 τοῦ
2391 2656 2624 2720 Μωσέως
2682 2654 2842 2712 πάλιν
2900 2655 3066 2711 πείθει
3124 2655 3334 2719 αύτούς.
3408 2653 3556 2731 Ἐγὼ
3614 2654 3715 2730 γὰρ
3771 2651 3907 2726 εἰμὶ,

2245 2746 2426 2825 φησὶν,
2474 2748 2501 2801 6
2561 2747 2689 2810 Θεὸς
2746 2742 3011 2822 Ἀϐραὰμ,
3073 2746 3161 2800 καὶ
3214 2744 3418 2823 Ἰσαὰκ,
3453 2765 3540 2798 και
3588 2737 3779 2799 Ἰακώὸ
3812 2756 3825 2769 ’
3883 2739 3913 2794 8

2249 2832 2303 2890 δέ
2360 2834 2505 2913 λέγει
2558 2836 2793 2892 τοιοῦτὸν
2837 2833 2977 2891 ἐστιν
3012 2850 3025 2863 ⁸
3096 2825 3153 2890 Ὀ
3198 2835 3327 2897 Θεὸς
3399 2832 3492 2887 οὒκ
3541 2831 3651 2887 ἔστι
3680 2836 3787 2887 τῶν
3829 2830 3913 2904 μὴ

2249 2922 2415 2979 ὄντων
2473 2925 2627 3005 Θεὸς,
2692 2922 2827 2979 ἀλλὰ
2870 2930 2976 2980 τῶν
3032 2922 3399 3002 ὑφισταμένων
3450 2922 3539 2977 καὶ
3570 2919 3759 2977 ὄντων’
3795 2917 3913 2978 οὐδὲ

2251 3014 2351 3091 γὰρ
2410 3017 2561 3069 εἶπεν
2599 3030 2613 3043 ’
2664 3013 2806 3091 Ἐγὼ
2849 3011 3021 3087 ἤμην,
3082 3010 3199 3066 ἀλλ’
3246 3011 3388 3086 Είμί,
3425 3011 3482 3068 Εἰ
3529 3010 3629 3087 γὰρ
3658 3009 3746 3064 καὶ
3788 3007 3915 3063 ἐτε-

2253 3100 2538 3175 λεύτησαν,
2614 3101 2750 3158 ἀλλὰ
2806 3108 2873 3177 τῇ
2927 3098 3097 3157 ἐλπίδι
3173 3106 3272 3167 τῆς
3331 3098 3670 3162 ἀναστάσεως
3724 3097 3912 3167 ζῶσιν.

2255 3188 2404 3247 Ἀλλ’
2464 3191 2686 3271 ἐρωτᾷς,
2748 3197 2866 3257 Πῶς
2964 3192 3052 3250 οῦν
3134 3188 3379 3268 ἀλλαχοῦ
3430 3210 3616 3268 φησιν,
3691 3184 3773 3242 ὅτι
3824 3186 3916 3241 καὶ

2249 3286 2446 3359 νεκρῶν
2501 3283 2587 3337 καὶ
2656 3281 2869 3352 ζώντων
2923 3281 3189 3357 κυριεύει,
3252 3281 3392 3335 Μάθε
3446 3278 3615 3336 τοίνυν
3676 3276 3757 3331 ὅτι
3818 3295 3914 3330 νε-

2249 3372 2400 3449 κροὺς
2445 3371 2561 3427 ἐκεῖ
2630 3369 2773 3449 λέγει
2831 3370 2955 3433 τοὺς
3033 3368 3389 3433 ἀποθανόντας
3434 3368 3556 3447 μὲν,
3614 3364 3911 3442 μέλλοντας

2245 3457 2299 3515 δὲ
2358 3462 2628 3531 ζήσεσθαι,
2678 3459 2931 3517 Ἐνταῦθα
2974 3457 3028 3514 δὲ
3060 3461 3087 3515 6
3147 3458 3331 3537 Κύριος
3382 3458 3511 3536 πρὸς
3562 3457 3661 3523 τὴν
3704 3453 3916 3531 αἵρεσιν

2248 3552 2353 3605 τῶν
2444 3548 2805 3606 Σαδδουκαίων
2893 3547 3253 3628 ἐνιστάμενος,
3348 3544 3777 3625 δογματιζόντων
3831 3543 3913 3617 μὴ

2247 3638 2389 3694 εἶναι
2433 3639 2533 3705 τὴν
2591 3639 2779 3717 ψυχὴν
2848 3638 3126 3718 ἀθάνατον,
3176 3636 3313 3693 ἀλλὰ
3370 3636 3545 3702 πάντη
3619 3632 3922 3712 διαφθείρε-

2244 3730 2389 3801 σθαι,
2437 3729 2595 3807 φησὶν
2651 3726 2728 3783 ὅτι
2781 3730 2875 3784 οὒκ
2934 3726 3074 3783 ἔστιν
3123 3730 3151 3783 6
3221 3728 3349 3791 Θεὸς
3384 3732 3607 3804 νεκρῶν,
3640 3727 3913 3800 τουτέστι,

2242 3823 2349 3871 τῶν
2404 3818 2477 3879 ὡς
2534 3819 2664 3893 ὑμῖν
2714 3815 2862 3874 δοκεῖ
2913 3814 3362 3896 διαφθειρομένων
3406 3812 3708 3887 παντελῶς,
3762 3815 3911 3873 ἀλλὰ

2242 3910 2348 3959 τῶν
2402 3906 2636 3981 ζώντων,
2694 3906 2927 3962 τουτέστι
2994 3912 3100 3962 τῶν
3171 3905 3429 3965 ἀθανατον
3485 3902 3723 3984 ἐχόντων
3793 3906 3900 3971 τὴν

2244 3994 2451 4073 ψυχὴν,
2517 3997 2603 4051 καὶ
2658 3994 3133 4070 ἀναστησομὲνων,
3166 3995 3210 4050 εἰ
3240 3995 3331 4049 καὶ
3398 4002 3487 4052 νῦν
3518 3992 3686 4070 νεκροί
3746 3993 3904 4056 εἰσιν,

2335 4107 2361 4138 ι
2426 4085 2486 4141 Οἱ
2544 4083 2598 4140 δὲ
2653 4091 2938 4164 Φαρισαῖοι
2998 4084 3319 4147 ἀκούσαντες
3350 4084 3429 4139 ὃτι
3489 4082 3715 4162 ἐφίμωσε
3771 4081 3905 4146 τοὺς

2247 4172 2652 4247 Σαδδουκαίους,
2740 4176 3086 4253 συνήχθησαν
3141 4172 3227 4229 ἐπὶ
3282 4174 3343 4229 τὸ
3374 4172 3522 4243 αῦτὸ,
3557 4170 3643 4225 καὶ
3674 4168 3907 4249 ἰπηρώ-

2246 4284 2409 4331 τησεν
2479 4264 2563 4329 εἷς
2630 4262 2685 4328 εξ
2746 4266 2915 4321 αὐτῶν
2978 4263 3223 4337 νομικὸς,
3283 4262 3547 4340 πειράζων
3580 4258 3759 4333 αὒτὸν,
3819 4262 3913 4317 καὶ

2245 4352 2441 4430 λέγων·
2537 4351 2859 4426 Διδάσκαλε,
2891 4353 3017 4409 ποία
3046 4350 3235 4419 ἐντολῆ
3266 4350 3477 4429 μεγάλη
3510 4349 3567 4406 ἐν
3598 4352 3676 4424 τῷ
3705 4349 3853 4425 νόμῳ
3893 4369 3911 4430 ;

2248 4432 2306 4499 Ὀ
2366 4440 2421 4497 δὲ
2454 4440 2662 4508 Ἰησοῦς
2694 4441 2799 4521 ’ἔφη
2845 4446 3011 4515 αὐτῷ·
3046 4440 3374 4519 Ἀγαπήσεις
3411 4440 3596 4515 Κύριον
3652 4440 3743 4494 τὸν
3776 4441 3912 4495 Θεὸν

510 4525 729 4605 Diliges
762 4523 1076 4586 Dominum
1118 4523 1304 4585 Deum
1345 4535 1504 4585 tuum
1554 4544 1621 4585 ex
1668 4534 1785 4585 toto
1815 4526 1995 4588 corde
2027 4536 2149 4597 tuo,

2254 4552 2334 4588 που
2392 4530 2446 4586 ἐν
2514 4531 2614 4607 ὅλῃ
2671 4537 2738 4607 τῇ
2792 4529 2975 4609 καρδία
3004 4553 3120 4605 σου,
3153 4532 3238 4587 καὶ
3270 4530 3321 4585 ἐν
3356 4529 3455 4605 ὅλῃ
3481 4533 3550 4605 τῇ
3785 4550 3904 4605 σου,

504 4624 560 4675 et
590 4615 648 4675 in
673 4625 789 4676 tota
817 4614 1011 4675 anima
1041 4625 1159 4687 tua,
1187 4624 1243 4675 et
1276 4616 1333 4675 in
1364 4624 1479 4675 tota
1512 4626 1709 4677 mente
1752 4626 1870 4677 tua.
1910 4616 2029 4677 Hoc
2066 4625 2154 4679 est

2254 4622 2326 4677 ιαὶ
2383 4619 2437 4675 ἐν
2495 4620 2597 4696 ὅλῃ
2658 4628 2727 4697 τῇ
2779 4618 2981 4693 διανοίᾳ
3036 4636 3151 4677 σοιν
3230 4619 3363 4687 αὕτη
3422 4618 3532 4675 ἐστὶ
3578 4620 3765 4697 πρώτη
3817 4619 3909 4683 καὶ

503 4707 760 4784 primum
792 4715 849 4766 et
883 4724 1157 4783 maguum
1182 4704 1546 4766 mandatum.
1572 4707 1914 4767 Secundum
1942 4715 2153 4768 estau-

2254 4712 2453 4791 ιεγάλη
2510 4712 2729 4783 ἐντολή·
2791 4711 3005 4792 δευτέρα
3074 4710 3154 4782 δὲ,
3189 4712 3347 4785 ὁμοία
3379 4711 3537 4787 αὒτῂο
3575 4710 3908 4788 ’Λγαπήσεις

503 4805 615 4854 tem
663 4795 857 4855 simile
907 4794 1095 4855 huic:
1132 4792 1352 4871 Diliges
1406 4796 1735 4873 proximum
1785 4805 1946 4855 tuum
1999 4797 2157 4858 sicut

2254 4804 2331 4857 τὸν
2388 4801 2617 4869 πλησίον
2678 4824 2773 4859 σου
2828 4805 2903 4866 ὡς
2935 4804 3179 4864 σεαυτόν,
3223 4799 3315 4858 Ἐν
3346 4801 3563 4865 ταύταις
3594 4812 3719 4863 ταῖς
3760 4796 3908 4857 δυσὶν

504 4882 852 4963 teipsum.ln
886 4883 977 4943 bis
999 4884 1154 4944 enim
1185 4882 1417 4944 duobus
1443 4884 1736 4946 mandatis
1756 4886 2029 4946 universa
2065 4885 2156 4948 lex

2254 4890 2513 4967 ἐντολαῖς,
2566 4889 2686 4957 ὅλος
2739 4894 2768 4948 6
2799 4894 2962 4968 νόμος
3006 4892 3095 4948 καὶ
3124 4893 3172 4947 οἱ
3203 4895 3473 4971 προφῆται
3506 4889 3819 4969 κρέμανται,
3858 4908 3893 4948 )

501 4981 559 5063 et
583 4976 887 5053 propheta!
911 4976 1170 5053 pendent
1206 4975 1325 5036 »Ex
1358 4976 1678 5037 immodica
1728 4976 1947 5037 invidia
1996 4994 2163 5037 acce-

2254 4978 2334 5045 Ἐξ
2393 4981 2620 5061 ἀμέτρου
2704 4982 2895 5063 φθόνου
2986 4982 3255 5059 πρόσεισιν
3342 4983 3370 5037 6
3427 4981 3713 5056 πειράζωνο
3785 4978 3906 5035 ἐπεὶ

501 5061 1011 5151 dittentans.Quia
1025 5065 1185 5125 enim
1208 5064 1847 5127 viderantSadducaaos
1863 5066 2160 5137 confusos,

2254 5070 2345 5148 γὰρ
2398 5068 2542 5128 εἶδον
2624 5061 3106 5151 κατἀισχυνθέντας
3162 5072 3282 5136 τοὺς
3342 5067 3745 5149 Σαδδουκαίους,
3809 5069 3905 5125 καὶ

500 5158 557 5210 et
587 5150 882 5214 laudatum
926 5154 1241 5215 Dominum
1297 5153 1372 5216 ob
1432 5156 1809 5235 Sapientiam,
1864 5154 2160 5217 accedunt

2254 5159 2613 5236 ἐπαινούμενον
2673 5162 2764 5217 τὸν
2823 5150 3009 5239 Κύριον
3081 5160 3167 5217 ἐπὶ
3224 5166 3292 5235 τῇ
3383 5161 3562 5240 σοφίᾳ,
3651 5158 3903 5237 προσίασι

501 5247 795 5302 tentantes
817 5243 865 5301 si
887 5243 1387 5323 apponataliquid
1423 5244 1704 5305 mandato
1742 5246 1956 5324 primo,
1982 5245 2153 5325 quasi

2254 5250 2591 5326 πειράζοντες,
2654 5252 2697 5306 εἷ
2756 5250 3065 5326 προστίθησί
3135 5273 3185 5307 τι
3236 5250 3428 5327 ἐντολῇ
3458 5255 3526 5326 τῇ
3583 5249 3793 5327 πρώτῃ,
3825 5249 3907 5313 ὡς

498 5327 685 5419 legem
709 5330 1108 5410 corrigens,ut
1134 5331 1661 5396 inveniantcontra
1697 5334 1893 5413 ipsum
1911 5352 2143 5395 ausam.

2254 5341 2595 5417 ῖιορθοὺμενος
2653 5342 2743 5397 τὸν
2800 5340 2986 5415 νόμον,
3047 5338 3140 5396 ’ἱνα
3174 5339 3361 5419 εὕρωσι
3414 5335 3586 5407 λαϐὴν
3629 5335 3748 5395 κατ’
3794 5339 3901 5394 αῦ-

495 5415 781 5509 Ποιῐιίηιιε
804 5429 999 5485 autem
1033 5421 1348 5500 invulguns
1381 5442 1585 5484 eorum
1640 5424 1944 5503 malitiam,
1984 5424 2142 5504 quod

2254 5415 2339 5487 κοῦ.
2403 5415 2463 5487 Ὀ
2520 5428 2575 5485 δὲ
2635 5431 2828 5509 Κύριος
2887 5415 3243 5504 δημοσιεύων⁷
3278 5429 3449 5486 αὖτῶν
3535 5429 3634 5496 τὴν
3677 5428 3898 5509 κακίαν,

496 5524 611 5607 non
638 5508 717 5607 ad
749 5509 1102 5573 discendum
1142 5512 1467 5587 venissent,
1493 5514 1597 5575 sed
1645 5515 1805 5577 vacui
1850 5515 2139 5577 charitate

2254 5540 2303 5574 τι
2363 5520 2422 5577 οὒ
2478 5517 2563 5577 διὰ
2632 5522 2694 5578 τὸ
2716 5508 2919 5597 μαθεῖν
2946 5517 3138 5595 ἦλθον,
3175 5518 3294 5576 ἀλλ’
3329 5519 3457 5576 ἀπὸ·
3494 5526 3587 5577 τοῦ
3628 5520 3705 5596 μὴ
3734 5508 3894 5598 ἔχειν

493 5594 796 5659 invideant
818 5599 1013 5679 potius
1036 5600 2133 5683 ειοωυιθιιιιιερειειιάίιοὴεεὶιειοω
2219 5607 2460 5689 ἀγάπην,
2518 5608 2601 5667 διὰ
2670 5594 2737 5666 τε
2788 5613 3001 5691 φθονεῖν
3076 5594 3132 5665 8t
3164 5608 3372 5686 μᾶλλον
3403 5610 3491 5666 καὶ
3534 5594 3896 5684 ζηλοτυτᾱτν,
