4170 6418
538 301 661 369 395
1501 306 2097 371 THEOPHYLACTI
2139 306 2557 371 BULGARIE
2599 309 2957 372 ARCHIEP.
3804 308 3922 378 396

538 436 713 501 dens.
744 434 887 499 Haec
916 445 1115 499 autem
1175 439 1497 515 interrogat
1537 436 1843 511 Dominus,
1899 446 1961 498 ut
2011 440 2060 501 si
2094 458 2158 504 ve

2267 443 2570 523 σπέρματος
2638 442 3029 523 καταγόμενος.
3084 455 3258 506 ταῦτα
3312 446 3367 503 δὲ
3423 448 3593 528 ἐρωτᾷ
3644 452 3673 507 ὁ
3707 447 3919 528 Κύριος,

537 527 739 590 dicant
790 547 855 589 se
908 528 1166 607 nescire,
1218 526 1682 604 interrogentac
1713 527 1966 601 discant,
2015 531 2163 591 vels

2268 538 2342 596 ὡς
2400 534 2460 593 ἄν
2522 534 2559 603 ἢ
2632 535 2891 599 εἰπόντες.
2940 534 3045 610 ὅτι,
3080 535 3187 593 Οὔκ
3215 526 3462 613 οῗδαμεν,
3496 526 3803 617 ἐρωτήσωσι
3834 540 3924 595 καὶ

537 615 741 677 dicant
787 616 1115 695 veritatem,
1149 616 1438 679 czedant:
1474 617 1560 677 vel
1624 617 1673 676 si
1735 616 1884 677 nihil
1930 622 2159 694 posssin

2269 624 2531 699 μάθωσιν,
2605 621 2641 691 ἥ
2699 623 2937 689 εἰπόντες
2970 626 3030 681 τὸ
3062 622 3280 701 ἀληθὲς,
3327 615 3704 702 πιστεύσωσιν,
3741 625 3776 694 ἥ
3806 650 3922 702 μη-

537 704 765 798 dicere,
797 706 1238 767 confundantur
1286 713 1344 767 et
1395 706 1699 781 secedant,
1736 724 1853 767 non
1894 708 2167 771 audente:

2267 711 2351 769 δὶν
2398 712 2615 794 ἔχοντες
2648 714 2841 788 εἰπεῖν,
2888 717 3318 793 καταισχυνθώσι
3352 718 3439 773 καὶ
3500 718 3921 798 ἀναχωρήσωσι,

537 791 693 856 ultra
724 794 1094 874 interrogare
1117 794 1305 857 illum.

1110 888 1357 955 CAPUT
1401 886 1610 954 XXIII.

893 980 985 1042 De
1014 981 1272 1044 Miseria
1306 983 1791 1045 Pharisaeorum.

2272 802 2468 878 μηκέτι
2496 799 2805 876 τολμῶντες
2849 801 3114 882 ἔρωτῆσαι
3148 804 3330 899 αὐτόν.

2884 899 3137 956 ΚΕΦΑΛ.
3180 898 3266 952 ΚΓ
3293 942 3308 958 ,

2544 982 2668 1060 Περὶ
2695 989 2789 1039 τοῦ
2834 980 3157 1057 ταλανισμοῦ
3184 987 3292 1040 τῶν
3320 986 3645 1063 Φαρισαίων.

608 1074 794 1139 νεῐιε.
826 1074 1002 1140 1-3.:
1033 1074 1199 1140 Tunc
1227 1079 1399 1137 .lcsus
1424 1077 1654 1137 locutus
1676 1090 1768 1139 est
1795 1078 1867 1140 ad
1901 1076 2105 1139 turbas
2134 1096 2167 1140 e

2364 1093 2388 1128 ε
2418 1071 2549 1132 Τότε
2580 1069 2829 1138 δίησοῡς
2855 1070 3084 1154 ἑλάλησε
3114 1086 3233 1137 τοῖς
3256 1072 3446 1154 ὄχλοις
3476 1077 3564 1132 καὶ
3591 1076 3712 1139 τοῖς
3745 1079 3925 1153 μαθη-

528 1165 604 1228 ad
666 1166 993 1247 discipulos
1045 1186 1206 1230 suos.
1247 1166 1494 1230 dicens:
1527 1165 1591 1227 In
1645 1168 1925 1230 cathedra
1967 1169 2167 1249 Moysi:

2265 1174 2388 1223 ταῖς
2453 1159 2634 1234 αὐτοῦ,
2720 1158 2911 1239 λέγων’
2952 1148 3069 1217 Ἐπὶ
3110 1160 3208 1229 τῆς
3240 1148 3473 1225 Μωσέως
3504 1148 3757 1241 καθέδρας
3784 1164 3917 1221 ἑκά-

530 1256 814 1319 sederunt
843 1255 1068 1318 Scriba;
1087 1265 1143 1317 et
1167 1256 1443 1317 Pharisaei
1477 1277 1490 1319 :
1516 1257 1713 1317 omnia
1736 1276 1874 1333 ergo
1906 1275 2167 1339 quaecun-

2262 1253 2412 1306 θισαν
2482 1252 2527 1307 0i
2596 1255 2940 1328 Γραμματεῒς
3012 1252 3101 1307 καὶ
3132 1251 3181 1306 οἱ
3228 1257 3543 1331 Φαρισαῖοι·
3612 1255 3785 1310 πάντα
3829 1254 3918 1311 οὖν

528 1363 645 1426 que
666 1345 959 1425 jusserint
983 1366 1082 1407 vos
1100 1356 1593 1419 servare,servate
1618 1356 1673 1407 et
1705 1346 1875 1408 facite
1916 1337 1940 1409 ξ
1963 1337 2167 1407 secun-

2264 1338 2364 1396 ὅσα
2434 1337 2497 1395 ἄν
2554 1337 2783 1396 εἴπωσιν
2824 1341 2955 1415 ὑμῖν
2996 1353 3208 1418 τηρεῖν,
3266 1354 3481 1420 τηρεῖτε
3526 1345 3613 1399 καὶ
3681 1357 3916 1424 ποιεῖτε,

528 1433 671 1495 dum
704 1453 884 1514 opera
911 1452 1054 1497 vero
1079 1454 1285 1497 eorum
1313 1436 1490 1496 nolite
1508 1435 1739 1498 facere:
1767 1436 1971 1497 dicunt
1993 1437 2167 1497 enim,

2263 1431 2399 1487 κατὰ
2468 1426 2521 1485 δὲ
2566 1430 2632 1484 τα
2662 1427 2786 1507 ἔργα
2829 1431 3011 1521 ἱαὐτῶν
3064 1430 3144 1503 μὴ
3173 1444 3403 1488 ποιεῖτε.
3442 1433 3662 1509 Λέγουσι
3697 1434 3799 1511 γὰρ
3830 1435 3918 1489 καὶ

530 1539 589 1585 et
615 1509 1304 1597 non-faciuntuQuantlo
1336 1543 1438 1586 eos
1472 1524 1812 1598 confutavit,
1836 1532 1895 1587 et
1923 1524 2167 1585 ostendit

2264 1520 2324 1574 οὗ
2396 1527 2659 1578 ποιοῦσιν.
2726 1542 2752 1573 ι
2805 1509 2942 1576 υΟτε
2988 1517 3176 1583 αὐτοὺς
3232 1518 3571 1601 ἰπεστόμισε,
3605 1523 3694 1577 καὶ
3724 1518 3916 1587 ἔδειξεν

531 1613 941 1676 incurabiliter
970 1624 1343 1693 aegrotantes,
1380 1625 1516 1675 tunc
1548 1614 1623 1675 de
1655 1615 1798 1695 ipsis
1830 1612 2080 1687 dicit,et
2107 1617 2167 1674 ιΙε

2262 1607 2447 1663 ἀνίατα
2518 1614 2822 1683 νοσοῦντας,
2876 1608 2996 1664 τότε
3052 1609 3171 1683 περὶ
3228 1609 3399 1665 αὐτῶν
3428 1610 3595 1689 λέγει’
3631 1613 3745 1691 περὶ
3801 1612 3916 1689 βίου

532 1704 641 1765 vita
663 1724 732 1766 ac
762 1705 1027 1765 moribus
1054 1704 1291 1764 illorum
1322 1704 1602 1783 loquitur.
1638 1694 1971 1766 admonens
2000 1703 2167 1763 audi-

2262 1694 2316 1752 δὲ
2395 1698 2481 1755 καὶ
2568 1696 2839 1761 πολιτείας
2914 1696 3237 1776 διαλέγεται,
3343 1698 3704 1779 διορθούμενος
3793 1701 3913 1762 τούς

530 1801 709 1857 tores.
747 1813 822 1855 ne
856 1802 1242 1856 contemnant
1268 1794 1563 1865 doctores,
1599 1794 1833 1854 etiamsi
1881 1803 2167 1871 corrupta

2264 1787 2575 1860 ἀκούοντας,
2662 1787 2756 1843 ἵνα
2826 1788 2905 1863 μὴ
2973 1794 3339 1871 καταφρονῶσι
3411 1794 3514 1847 τῶθ
3558 1787 3908 1864 διδασκάλων,

528 1883 658 1944 vitae
698 1883 838 1945 sint.
888 1883 1167 1946 Ostendit
1216 1892 1501 1961 prceterea
1551 1861 1712 1963 quod
1768 1883 1883 1961 legi
1938 1861 2079 1943 non'
2110 1885 2167 1943 sil

2266 1876 2363 1963 κάν
2446 1861 2836 1957 διεφθαρμένου
2886 1878 2999 1953 βίου
3056 1861 3207 1935 ὦσιν.
3262 1861 3420 1954 "Apta
3460 1876 3515 1935 δὲ
3544 1877 3801 1937 δείκνυσιν
3831 1861 3911 1935 ὅτι

521 1972 923 2045 adversarius,
974 1973 1076 2034 sed
1128 1973 1294 2034 malit
1320 1974 1544 2033 servari
1576 1962 1643 2033 ea
1668 1991 1802 2052 quae
1840 1972 1989 2051 legis
2019 1982 2167 2032 sunt,

2268 1962 2383 2022 ούδὲ
2440 1974 2517 2041 τῷ
2573 1968 2722 2041 νόμῳ
2775 1969 3121 2047 εναπιοῦται,
3182 1965 3318 2023 ἀλλα
3374 1967 3580 2043 μᾶλλον
3634 1968 3773 2026 θέλει
3850 1968 3913 2024 τὰ

525 2062 792 2143 quamvis
814 2081 881 2124 ea
899 2063 1184 2123 docentes
1215 2062 1440 2139 indigni
1473 2062 2001 2142 sinl.Qu33cunque
2025 2062 2167 2121 enin

2268 2063 2357 2113 τοῦ
2427 2057 2590 2133 νόμου
2638 2056 2979 2133 πράττεσθαι,
3067 2055 3163 2112 κᾶν
3234 2058 3283 2113 οἱ
3336 2060 3501 2115 ταῦτα
3578 2056 3909 2121 διδάσκοντες

523 2138 739 2214 dicunt
790 2152 1091 2223 doctores,
1142 2151 1240 2213 illa
1270 2138 1514 2228 Moysen
1551 2163 1749 2230 putate
1794 2138 2021 2223 dicere,
2057 2152 2167 2210 imo

2266 2145 2465 2210 ἀνάξιοι
2496 2150 2648 2210 ὦσιν,
2685 2138 2700 2161 ²
2722 2155 2833 2204 Οσα
2877 2148 3001 2225 γὰρ,
3034 2147 3183 2225 φησὶ,
3218 2144 3461 2225 λέγουσιν
3492 2152 3537 2205 οἱ
3581 2147 3907 2229 διδάσκαλοι,

521 2238 735 2304 Deum.
796 2241 1166 2302 Faciendane
1243 2240 1423 2319 igitur
1482 2242 1679 2301 omnia
1740 2260 1871 2321 quae
1920 2240 2167 2313 dicunt,

2260 2236 2350 2290 τὸν
2423 2241 2653 2321 Μωυσῆν
2738 2238 2973 2311 νομίζετε
3030 2243 3194 2292 ταῦτα
3223 2234 3419 2314 λέγειν,
3468 2237 3677 2313 μᾶλλον
3721 2236 3777 2295 δὲ
3821 2242 3910 2294 τὸν

525 2330 757 2392 etiamsi
807 2331 960 2391 mala
1010 2313 1292 2392 fuerint?'
1317 2328 1577 2390 Dicimus
1637 2313 1819 2407 igitur
1888 2332 2167 2409 primum,

2262 2324 2415 2385 Θεόν,
2478 2313 2589 2403 Ἆρ’
2662 2325 2749 2382 οὖν
2806 2327 2978 2382 πάντα
3038 2326 3135 2381 ὃσα
3187 2324 3398 2404 λέγουσι
3443 2325 3527 2385 δεῖ
3574 2342 3775 2404 ποιεῖν,
3812 2328 3907 2385 κᾶν

2256 2414 2397 2469 κακὰ
2450 2416 2601 2490 (Bai;
2660 2415 2900 2493 Λὲτομεν
2951 2414 3038 2471 οὗν
3097 2422 3307 2493 πρῶτον
3357 2418 3457 2492 μὲν
3501 2417 3582 2474 ὄτι
3614 2415 3731 2478 οὐδε
3775 2418 3906 2476 τολ-

526 2420 682 2502 quod
714 2421 937 2482 docens
992 2420 1217 2481 nullum
1275 2437 1535 2498 unquam
1567 2421 1745 2480 audet
1776 2418 2078 2480 adhortari
2112 2418 2172 2479 in

522 2511 773 2573 malum.
828 2509 1059 2572 Deinde
1093 2520 1153 2571 ut
1182 2510 1392 2570 demus
1427 2509 1537 2569 hoc
1577 2517 1638 2569 ut
1667 2514 1800 2588 quis
1846 2510 1905 2568 in
1958 2509 2170 2569 malam

522 2600 699 2661 vitam
735 2601 1089 2672 inhortetur,
1115 2618 1232 2660 non
1261 2608 1395 2658 tunc
1418 2617 1449 2657 a
1474 2598 1681 2677 Illoysis
1718 2598 2025 2676 cathedra,
2063 2617 2170 2659 ne-

521 2707 638 2770 que
668 2689 741 2751 de
764 2690 893 2768 lege
913 2688 1189 2768 loquitur.
1225 2686 1511 2748 Dominus
1539 2697 1734 2747 autem
1772 2690 1902 2747 tua
1922 2688 2069 2749 dicit
2098 2688 2172 2748 de

523 2779 618 2840 his
649 2780 747 2860 qui
778 2780 838 2840 in
862 2778 1144 2840 cathedra
1175 2778 1358 2856 Moysi
1404 2778 1634 2849 sedent,
1662 2777 1774 2837 hoc
1805 2786 1915 2848 est,
1955 2778 2048 2837 his
2068 2776 2169 2853 qui

525 2886 596 2931 ea
621 2887 754 2950 qua:
785 2870 842 2929 in
871 2869 1000 2947 lege
1032 2868 1344 2939 baloentur,
1398 2866 1635 2927 docent.
1672 2864 1783 2927 Eos
1834 2866 2011 2945 igitur
2068 2866 2170 2947 qui

2256 2501 2473 2595 μιήσειες
2502 2526 2632 2560 ποτε
2703 2506 2731 2559 b
2781 2502 3036 2561 διδάσκων
3120 2508 3512 2582 προτρέψασθαι
3540 2529 3658 2565 τινα
3689 2508 3763 2571 εἷς
3809 2531 3906 2565 κα-

2254 2592 2371 2651 κόν.
2430 2590 2671 2651 ’Ἐπειτα
2722 2596 2766 2651 εἶ
2850 2596 2937 2651 καὶ
2981 2593 3153 2670 δῶμεν
3197 2603 3374 2670 τοῦτο,
3409 2595 3488 2653 ὅτι
3546 2597 3687 2655 ἕσταο
3721 2620 3804 2662 τις
3834 2601 3907 2664 εἰς

2253 2688 2418 2737 κακὸν
2473 2683 2584 2759 βίον
2656 2684 3109 2764 προτρεπόμενος,
3183 2686 3277 2741 οὐκ
3332 2684 3437 2741 ἀπὸ
3491 2690 3591 2756 τῆς
3667 2690 3903 2753 Μωσέως

2253 2768 2503 2858 καθέδρας
2556 2773 2585 2829 ὁ
2640 2781 2901 2854 τοιοῦτος,
2934 2774 3041 2831 0'38'
3072 2774 3178 2831 ἆπὸ
3224 2781 3317 2831 τοῦ
3372 2775 3539 2851 νόμου
3594 2778 3899 2858 φθέγγεται.

2257 2849 2313 2917 Ὀ
2373 2858 2426 2916 δὲ
2485 2862 2670 2941 Κύριος
2732 2865 2846 2943 περὶ
2886 2849 2994 2919 τῶν
3020 2867 3083 2920 εν
3138 2871 3208 2941 τῇ
3255 2849 3491 2929 Μωσέως
3523 2849 3749 2948 καθέδρᾳ.
3773 2872 3900 2924 καθ-

522 2959 1020 3022 docentdivinam
1054 2959 1269 3039 legem,
1305 2957 1479 3019 etiam
1525 2958 1573 3017 si
1617 2957 1732 3038 ipsi
1774 2976 1894 3019 non
1926 2958 2163 3035 faciant,

2252 2951 2467 3023 ημὲνων
2520 2952 2687 3029 λέγει,
2721 2953 2984 3033 τουτέστι,
3029 2960 3134 3011 τῶν
3162 2955 3229 3010 τὰ
3276 2960 3368 3010 τοῦ
3410 2955 3575 3031 νόμου
3624 2954 3899 3015 διδασκόν-

517 3049 725 3111 audire
754 3057 1007 3131 oportet.

600 3228 783 3294 Vens.
808 3231 872 3306 4,
899 3236 959 3293 5.
990 3256 1013 3286 α
1037 3229 1325 3310 Colligant
1345 3240 1542 3292 autem
1576 3249 1758 3293 onera
1779 3230 1979 3311 gravia
1998 3230 2162 3293 difﬁ-

518 3319 769 3403 ciliaque
812 3329 1063 3402 portatu,
1121 3331 1180 3382 et
1212 3322 1525 3400 imponunt
1553 3320 1614 3381 in
1647 3323 1929 3383 humeros
1964 3320 2162 3382 homi-

515 3420 973 3491 num,caeteruin
1008 3411 1192 3487 digito
1214 3429 1318 3470 suo
1352 3411 1557 3471 nolunt
1585 3429 1654 3471 ea
1686 3408 2165 3473 movere.0mnia

496 3518 654 3581 ,γει-ο
683 3519 863 3579 Opera
888 3519 991 3561 sua
1038 3500 1275 3569 faciunt,
1313 3508 1374 3559 ut
1404 3508 1749 3577 spectentur
1792 3500 1865 3560 ab
1899 3500 2162 3561 homini-

506 3586 917 3651 ‘bus.Dilatant
944 3598 1138 3650 autem
1169 3588 1525 3669 phylacteria
1554 3607 1684 3662 διεδ,
1703 3597 1759 3649 et
1784 3588 2165 3666 magniﬁcinnt

511 3679 779 3740 ﬁmbrias
813 3678 1126 3758 palliorum
1161 3696 1428 3740 suorum.
1469 3702 1495 3732 ν
1533 3675 1727 3739 Onera
1746 3681 1941 3755 gravia
1970 3680 2163 3757 impo-

509 3766 735 3828 nebant
771 3767 1071 3843 Pharisaei,
1102 3774 1381 3845 cogentes
1412 3765 1686 3827 homines
1731 3776 1794 3826 ut
1842 3767 2162 3847 implerent

512 3856 790 3918 mandata
822 3857 988 3935 legis.
1017 3855 1281 3937 quatmis
1308 3858 1505 3919 tenuia
1537 3864 1737 3916 essent
1787 3864 1849 3917 et
1894 3858 2161 3919 difﬁcilia

512 3943 971 4007 observatu.Vel
1006 3946 1179 4006 etiam
1207 3944 1373 4024 plura
1406 3944 1551 4022 legis
1585 3944 1855 4004 mandata
1876 3964 2158 4024 aggrava-

508 4042 670 4114 runt,
706 4034 1057 4096 traditiones
1104 4038 1389 4114 quasdam
1443 4034 1593 4093 ultra
1641 4032 1802 4109 leges
1832 4039 2152 4110 tradentes,

511 4125 796 4205 quasipsi
822 4124 1004 4203 digito
1034 4144 1141 4185 suo
1180 4144 1296 4185 non
1335 4132 1588 4193 movent,
1620 4124 1765 4184 nihil
1818 4136 2153 4204 operantes,

510 4232 705 4294 neque
735 4218 809 4276 ad
838 4216 972 4275 talia
1003 4233 1185 4275 onera
1216 4214 1458 4294 propius
1502 4213 1879 4275 accedentes.
1913 4215 2158 4287 Quando

509 4305 671 4364 enim
703 4304 804 4385 qui
835 4306 1031 4377 docet,
1063 4322 1178 4367 non
1203 4304 1392 4364 solum
1424 4303 1735 4375 docet,sed
1769 4314 1827 4364 et
1856 4316 2155 4385 operatur,
2182 4355 2223 4405 υ

2249 3060 2377 3099 των.
2444 3046 2546 3097 Δεῦ
2604 3041 2694 3098 οὖν
2789 3048 2895 3100 τῶν
2950 3040 3302 3100 διδασκόντων
3357 3064 3409 3099 τι
3470 3045 3578 3102 ἀπὸ
3634 3053 3729 3105 τοῦ
3765 3048 3900 3105 θείου

2251 3128 2412 3205 νόμου
2442 3129 2684 3209 ἀκούειν,
2715 3130 2814 3188 κᾶν
2839 3133 2987 3190 αὐτοί
3015 3133 3096 3209 μὴ
3127 3134 3372 3192 ποιῶσιν.

2335 3240 2359 3275 ε
2427 3222 2748 3296 Δεσμεύουσι
2806 3223 2906 3300 γὰρ
2957 3223 3143 3303 φορτία
3197 3224 3361 3302 βαρέα
3390 3224 3478 3280 καὶ
3507 3220 3895 3303 δυσϐάστακτα,

2248 3309 2333 3363 καὶ
2392 3308 2711 3367 ἐπιτιθέασιν
2766 3311 2851 3367 ἐπὶ
2920 3314 3041 3377 τούς
3097 3312 3276 3389 ὤμους
3306 3318 3413 3369 τῶν
3464 3314 3781 3398 ἀνθρώπων,
3826 3324 3899 3392 τῷ

2246 3394 2301 3452 δὲ
2384 3396 2626 3476 δακτύλῳ
2682 3400 2856 3459 αὐτῶν
2930 3404 2991 3459 οὔ
3030 3402 3240 3460 θέλουσι
3283 3407 3476 3470 κνῆσαι
3522 3404 3677 3463 αύτάο
3727 3394 3896 3463 πάντα

2245 3484 2299 3541 δὲ
2347 3489 2413 3544 τὰ
2464 3488 2592 3569 ἔργα
2662 3490 2835 3548 αὖτῶν
2890 3499 3097 3550 ποιοῦσι
3155 3495 3288 3573 πρὸς
3343 3494 3406 3549 τὸ
3474 3494 3721 3563 θεαθῆναι
3779 3510 3894 3560 τοῖς

2246 3576 2561 3656 ἀνθρὼποις’
2652 3579 2969 3640 πλατύνουσι
3059 3581 3113 3639 δὲ
3169 3585 3235 3640 τὰ
3288 3581 3618 3664 φυλακτήρια
3700 3588 3890 3660 αὐτῶν,

2246 3670 2331 3723 καὶ
2391 3668 2743 3749 μεγαλύνουσι
2815 3674 2879 3729 τὰ
2909 3671 3178 3753 κράσπεδα
3243 3680 3351 3730 τῶν
3381 3675 3605 3749 ἱματίων
3634 3676 3825 3736 αὐτῶν.
3866 3700 3891 3734 ε

2243 3759 2440 3836 Φορτία
2493 3759 2659 3839 βαρέα
2729 3761 3033 3820 ἐπετίθεσαν
3063 3765 3109 3820 οἱ
3139 3770 3448 3843 Φαρισαῖοι,
3508 3764 3890 3845 ἀναγκάζοντες

2242 3848 2365 3936 τούς
2422 3848 2726 3927 ἀνθρὼπους
2798 3852 2893 3917 τὰς
2943 3852 3159 3913 ἰντολὰς
3220 3860 3313 3911 τοῦ
3381 3853 3546 3929 νόμου
3570 3855 3890 3936 εκπληροῦν,

2243 3934 2437 4003 λεπτὰς
2507 3938 2662 4005 οὔσας
2720 3944 2807 3998 καὶ
2862 3939 3273 4023 δυσφυλέκτους’
3307 3942 3341 4011 ἥ
3399 3946 3486 4001 καὶ
3551 3942 3717 4000 πλείω
3782 3934 3888 4000 τῶν

2242 4024 2471 4084 ἐντολῶν
2527 4040 2620 4089 τοῦ
2675 4031 2838 4095 νόμου
2887 4030 3157 4112 ἐϐάρυνον,
3216 4030 3531 4113 παραδοσεις
3578 4036 3715 4099 τινας
3784 4054 3887 4089 πα-

2241 4113 2535 4193 ραδιδόντες
2588 4120 2832 4177 ἐπέκεινα
2900 4132 2993 4178 τοὺ
3047 4124 3233 4199 νόμου,
3274 4125 3421 4181 αὐτοὶ
3450 4122 3505 4180 δὲ
3546 4126 3621 4198 τῷ
3648 4120 3886 4196 δακτὺλῳ

2242 4208 2414 4264 αὐτῶν
2484 4210 2561 4283 μὴ
2616 4218 2905 4292 κινοῦντες,
2978 4212 3239 4294 τουτέστι,
3300 4211 3473 4290 μηδὲν
3524 4214 3668 4270 αὐτοὶ
3742 4212 3890 4292 ἆνερ-

2240 4296 2478 4375 γοῦντες,
2537 4299 2673 4375 μηδέ
2730 4299 3025 4369 πλήσιάσαι
3090 4302 3398 4380 τολμῶντες
3440 4316 3561 4369 τοῖς
3628 4307 3885 4368 τοιούτοις

505 4392 743 4456 videtur
789 4395 964 4454 simul
998 4413 1131 4455 cum
1168 4394 1256 4453 his
1301 4393 1401 4474 qui
1457 4392 1770 4467 docentur,
1808 4393 2076 4456 laborare
2099 4401 2160 4459 et

2247 4409 2494 4467 φορτιοις.
2596 4400 2736 4449 Οταν
2804 4393 2905 4473 γὰρ
2932 4395 2960 4449 ὁ
3006 4390 3262 4450 διδάσκων
3296 4396 3356 4451 οὗ
3398 4394 3561 4470 μόνον
3632 4392 3887 4470 διδάσκει,

508 4485 921 4563 operari.Cum
958 4502 1095 4544 vero
1124 4484 1223 4544 ille
1256 4503 1349 4543 me
1370 4491 1597 4558 onerat,
1626 4483 1752 4562 ipse
1782 4494 1976 4545 autem
2013 4486 2159 4548 nihil

2247 4477 2378 4535 αλλὰ
2437 4481 2523 4536 καὶ
2580 4484 2822 4560 πράττει,
2878 4480 3031 4540 δοκεῖ
3083 4481 3467 4559 συμϐαστάζειν
3528 4486 3618 4540 καὶ
3704 4505 3891 4565 συνερ-

510 4574 648 4652 agit,
683 4574 866 4653 magis
889 4593 985 4635 me
1009 4583 1245 4653 gravat:
1284 4573 1421 4633 inde
1443 4574 1765 4633 ostendens
1785 4592 1851 4633 ea
1874 4594 2003 4654 quae
2019 4576 2162 4636 dicit

2247 4580 2359 4644 γεῖν
2410 4582 2525 4636 τοῖς
2595 4568 3009 4647 διδασκομένοις·
3071 4572 3196 4630 ὅταν
3252 4572 3307 4629 δὲ
3355 4573 3452 4649 ἐμὲ
3512 4574 3612 4649 μὲν
3669 4574 3892 4656 ἐπιφορ-

507 4662 637 4723 ﬁeri
663 4683 778 4725 non
816 4682 992 4745 posse
1043 4662 1452 4749 Arguitigitur
1471 4661 1757 4723 Dominus
1803 4664 2155 4749 l’harisaeos,

2247 4659 2383 4749 τὶζῃ,
2436 4662 2589 4749 αὐτὸς
2638 4658 2693 4717 δὲ
2750 4661 2917 4736 μηδὲν
2975 4664 3210 4742 πράττῃ,
3267 4665 3475 4741 βαρύνει
3506 4662 3716 4740 μᾶλλον
3773 4666 3887 4742 ἐμέο

504 4771 576 4813 eo
604 4753 759 4833 quod
810 4754 1020 4815 nolunt
1051 4753 1222 4813 simul
1258 4748 1489 4831 gestare
1522 4770 1707 4812 onera
1742 4744 2151 4816 mandatorum

2247 4745 2486 4806 δεικνύων
2544 4748 2595 4815 ἐξ
2624 4751 2698 4806 ὧν
2755 4750 2911 4817 αὐτὸς
2954 4752 3170 4829 ἀμελεῖ,
3201 4754 3272 4819 ὡς
3301 4752 3551 4809 ἀδύνατόν
3598 4754 3711 4812 ἐστι
3756 4777 3890 4812 κατ-

514 4848 575 4902 et
597 4844 923 4922 cooperari.
960 4841 1085 4903 Non
1111 4841 1302 4903 soium
1335 4852 1531 4901 autem
1566 4840 1711 4902 nihil
1750 4841 2150 4920 honifaciunt,

2247 4840 2524 4916 δρθωθῆναι
2585 4839 2617 4894 ἄ
2673 4839 2842 4920 λέγει,
2902 4840 3158 4921 Ἐγκαλεῐ
3226 4845 3395 4900 τοίνυν
3453 4846 3482 4899 ὁ
3544 4845 3732 4924 Κὺριος
3776 4860 3891 4909 τοῖς

508 4930 615 4990 sed
646 4941 705 4991 et
732 4932 1016 4992 simulant
1038 4932 1206 5009 quasi
1233 4931 1445 4992 faciant
1479 4947 1492 4991 :
1524 4932 1686 5010 atqui
1731 4930 1956 4992 etiamsi
1990 4933 2149 4995 face-

2247 4931 2568 5005 bzptazimc,
2625 4931 2699 4995 ὡς
2784 4932 2863 5007 μὴ
2919 4931 3127 4989 θέλουσι
3197 4930 3583 5007 συμϐαστάζειν
3633 4937 3701 4991 τὰ
3749 4937 3888 5016 βάρη

498 5027 657 5092 rent,
696 5021 744 5080 si
774 5030 967 5082 tamen
1001 5028 1065 5084 ut
1093 5022 1435 5082 viderentur
1468 5020 1752 5087 facerent.
1817 5022 2154 5086 auferretur

2247 5020 2341 5075 τῶν
2402 5020 2635 5077 εντολῶν
2689 5023 2778 5077 καὶ
2862 5024 3241 5099 συμπράττειν,
3313 5024 3387 5081 Ού
3475 5024 3638 5099 μόνον
3697 5024 3753 5082 δὲ
3834 5025 3891 5082 οὗ

500 5108 705 5188 utique
730 5110 966 5171 illorum
995 5128 1225 5173 merces
1262 5133 1274 5168 :
1312 5129 1469 5170 nunc
1523 5110 1717 5170 auiem
1751 5122 1969 5190 quanta
2000 5133 2149 5175 con-

2247 5110 2440 5165 ποιοῦσί
2490 5132 2539 5166 τι
2608 5111 2829 5189 ἀγαθὸν,
2886 5110 3024 5168 ἀλλὰ
3063 5115 3152 5170 καὶ
3202 5114 3628 5192 σχηματίζονται
3657 5117 3732 5182 ὡς
3765 5139 3889 5174 ποι-

505 5198 888 5260 demnatione
918 5200 1102 5277 digni,
1131 5200 1369 5279 quando
1402 5218 1598 5276 neque
1625 5200 1933 5271 laciunt,et
1962 5203 2150 5266 videri

2247 5207 2434 5265 δῦντες·
2526 5200 2695 5257 καίτοι
2783 5199 2882 5257 κᾶν
2941 5200 3174 5283 ἆποίουν,
3249 5200 3333 5258 διὰ
3392 5200 3446 5258 δὲ
3522 5205 3584 5260 τὸ
3639 5208 3887 5273 θεαθῆναι

503 5288 709 5348 volunt
739 5292 905 5369 quasi
946 5289 1190 5350 iaciant?
1222 5288 1367 5360 Quid
1399 5296 1593 5349 autem
1618 5288 1866 5351 faciunt?
1895 5290 2151 5355 Dilalant

2247 5290 2469 5364 ἐποίουν,
2529 5291 2785 5369 ὑφῃρεττο
2842 5289 2905 5346 ἂν
2962 5296 3148 5358 αὐτοῖς
3179 5293 3239 5349 τὸ
3259 5289 3464 5372 κέρδος*
3496 5299 3587 5349 νῦν
3628 5291 3683 5350 δί
3714 5298 3886 5365 πόσης

505 5377 865 5457 phylacteria
897 5398 1024 5453 sua,
1070 5386 1127 5438 et
1181 5380 1556 5456 magniﬁcant
1600 5378 1865 5440 ﬁmbrias
1898 5383 2146 5445 vestium

2247 5376 2519 5447 ιαταδίκης
2581 5378 2739 5461 ἄξιοι,
2791 5380 2918 5437 ὅταν
2974 5379 3092 5438 οὔτε
3123 5388 3342 5457 πιιῶσι,
3400 5384 3489 5439 καὶ
3543 5382 3736 5443 θέλωσι
3795 5384 3888 5443 δο-

502 5468 896 5530 suarum.Hoc
926 5482 1123 5531 autem
1145 5469 1223 5530 ita
1240 5487 1303 5528 se
1329 5468 1675 5532 habebat.ln
1710 5469 1839 5548 lege
1870 5470 2140 5535 habetur:

2247 5473 2469 5544 μίξεσθαι
2527 5473 2601 5534 ὡς
2659 5473 2978 5554 ποιοῦντεςς
3034 5473 3095 5533 Τί
3152 5471 3208 5530 δί
3258 5481 3516 5551 ποιοῦσι;
3563 5475 3885 5539 Πλατύνουσι

500 5557 831 5637 Alligabitis
858 5578 925 5618 ea
958 5558 1020 5617 in
1052 5575 1229 5619 manu
1286 5566 1499 5634 vestra,
1556 5566 1847 5637 eruntque
1902 5561 2144 5626 immota

2247 5567 2291 5619 ιὰ
2346 5561 2677 5640 φυλακτήρια
2729 5564 2929 5642 αὐτῶν,
2986 5564 3073 5621 καὶ
3118 5563 3473 5643 μεγαλύνουσι
3502 5566 3565 5624 τὸ
3615 5566 3885 5627 mna.
